|j|☆OrangeFang
|j|☆AnBadPuff
|t:|1743185984
|gametype|singles
|player|p1|OrangeFang|shadowtriad|1325
|player|p2|AnBadPuff|dawn-gen4pt|1268
|teamsize|p1|6
|teamsize|p2|6
|gen|5
|tier|[Gen 5] OU
|rated|
|rule|Species Clause: Limit one of each Pokémon
|rule|OHKO Clause: OHKO moves are banned
|rule|Moody Clause: Moody is banned
|rule|Evasion Items Clause: Evasion items are banned
|rule|Evasion Moves Clause: Evasion moves are banned
|rule|Endless Battle Clause: Forcing endless battles is banned
|rule|HP Percentage Mod: HP is shown in percentages
|rule|Evasion Abilities Clause: Evasion abilities are banned
|rule|Sleep Moves Clause: Sleep-inducing moves are banned
|rule|Swagger Clause: Swagger is banned
|rule|Baton Pass Stat Clause: No Baton Passer may have a way to boost its stats
|clearpoke
|poke|p1|Starmie|item
|poke|p1|Blissey, F|item
|poke|p1|Skarmory, F|item
|poke|p1|Garchomp, M|item
|poke|p1|Dusclops, F|item
|poke|p1|Drapion, M|item
|poke|p2|Politoed, M|item
|poke|p2|Keldeo|item
|poke|p2|Tentacruel, F|item
|poke|p2|Toxicroak, F|item
|poke|p2|Ferrothorn, M|item
|poke|p2|Thundurus-Therian, M|item
|teampreview
|
|t:|1743185999
|start
|switch|p1a: Starmie|Starmie|100/100
|switch|p2a: Crush 40|Thundurus-Therian, M|100/100
|turn|1
|
|t:|1743186006
|switch|p1a: Blissey|Blissey, F|100/100
|move|p2a: Crush 40|U-turn|p1a: Blissey
|-damage|p1a: Blissey|87/100
|
|t:|1743186011
|switch|p2a: Burger Flipper|Toxicroak, F|100/100|[from] U-turn
|
|-heal|p1a: Blissey|93/100|[from] item: Leftovers
|upkeep
|turn|2
|
|t:|1743186019
|switch|p1a: Skarmory|Skarmory, F|100/100
|move|p2a: Burger Flipper|Swords Dance|p2a: Burger Flipper
|-boost|p2a: Burger Flipper|atk|2
|
|upkeep
|turn|3
|
|t:|1743186026
|move|p2a: Burger Flipper|Drain Punch|p1a: Skarmory
|-damage|p1a: Skarmory|46/100
|-damage|p2a: Burger Flipper|91/100|[from] item: Life Orb
|move|p1a: Skarmory|Whirlwind|p2a: Burger Flipper
|drag|p2a: On your Parade|Politoed, M|100/100
|-weather|RainDance|[from] ability: Drizzle|[of] p2a: On your Parade
|
|-weather|RainDance|[upkeep]
|upkeep
|turn|4
|
|t:|1743186040
|switch|p2a: Burger Flipper|Toxicroak, F|91/100
|switch|p1a: Blissey|Blissey, F|93/100
|
|-weather|RainDance|[upkeep]
|-heal|p2a: Burger Flipper|100/100|[from] ability: Dry Skin
|-heal|p1a: Blissey|99/100|[from] item: Leftovers
|upkeep
|turn|5
|
|t:|1743186049
|switch|p1a: Dusclops|Dusclops, F|100/100
|-ability|p1a: Dusclops|Pressure
|move|p2a: Burger Flipper|Drain Punch|p1a: Dusclops
|-immune|p1a: Dusclops
|
|-weather|RainDance|[upkeep]
|upkeep
|turn|6
|
|t:|1743186061
|switch|p2a: My Little Pony|Keldeo|100/100
|move|p1a: Dusclops|Will-O-Wisp|p2a: My Little Pony|[miss]
|-miss|p1a: Dusclops|p2a: My Little Pony
|
|-weather|RainDance|[upkeep]
|upkeep
|turn|7
|
|t:|1743186069
|switch|p1a: Starmie|Starmie|100/100
|move|p2a: My Little Pony|Secret Sword|p1a: Starmie
|-resisted|p1a: Starmie
|-damage|p1a: Starmie|50/100
|
|-weather|RainDance|[upkeep]
|-heal|p1a: Starmie|56/100|[from] item: Leftovers
|upkeep
|turn|8
|
|t:|1743186078
|switch|p2a: Manscape|Ferrothorn, M|100/100
|move|p1a: Starmie|Recover|p1a: Starmie
|-heal|p1a: Starmie|100/100
|
|-weather|RainDance|[upkeep]
|upkeep
|turn|9
|
|t:|1743186084
|switch|p1a: Skarmory|Skarmory, F|46/100
|move|p2a: Manscape|Gyro Ball|p1a: Skarmory
|-resisted|p1a: Skarmory
|-damage|p1a: Skarmory|32/100
|
|-weather|RainDance|[upkeep]
|upkeep
|turn|10
|
|t:|1743186095
|switch|p2a: My Little Pony|Keldeo|100/100
|move|p1a: Skarmory|Roost|p1a: Skarmory
|-heal|p1a: Skarmory|82/100
|-singleturn|p1a: Skarmory|move: Roost
|
|-weather|RainDance|[upkeep]
|upkeep
|turn|11
|
|t:|1743186102
|switch|p1a: Starmie|Starmie|100/100
|move|p2a: My Little Pony|Surf|p1a: Starmie
|-resisted|p1a: Starmie
|-damage|p1a: Starmie|24/100
|
|-weather|RainDance|[upkeep]
|-heal|p1a: Starmie|30/100|[from] item: Leftovers
|upkeep
|turn|12
|
|t:|1743186111
|move|p1a: Starmie|Psyshock|p2a: My Little Pony
|-supereffective|p2a: My Little Pony
|-damage|p2a: My Little Pony|15/100
|move|p2a: My Little Pony|Surf|p1a: Starmie
|-resisted|p1a: Starmie
|-damage|p1a: Starmie|0 fnt
|faint|p1a: Starmie
|
|-weather|RainDance|[upkeep]
|upkeep
|
|t:|1743186138
|switch|p1a: Blissey|Blissey, F|99/100
|turn|13
|
|t:|1743186145
|switch|p2a: Manscape|Ferrothorn, M|100/100
|move|p1a: Blissey|Seismic Toss|p2a: Manscape
|-damage|p2a: Manscape|72/100
|-damage|p1a: Blissey|87/100|[from] ability: Iron Barbs|[of] p2a: Manscape
|
|-weather|RainDance|[upkeep]
|-heal|p1a: Blissey|93/100|[from] item: Leftovers
|-heal|p2a: Manscape|78/100|[from] item: Leftovers
|upkeep
|turn|14
|
|t:|1743186157
|switch|p1a: Garchomp|Garchomp, M|100/100
|move|p2a: Manscape|Stealth Rock|p1a: Garchomp
|-sidestart|p1: OrangeFang|move: Stealth Rock
|
|-weather|RainDance|[upkeep]
|-heal|p2a: Manscape|85/100|[from] item: Leftovers
|upkeep
|turn|15
|
|t:|1743186164
|move|p1a: Garchomp|Stealth Rock|p2a: Manscape
|-sidestart|p2: AnBadPuff|move: Stealth Rock
|move|p2a: Manscape|Gyro Ball|p1a: Garchomp
|-damage|p1a: Garchomp|22/100
|-damage|p2a: Manscape|72/100|[from] ability: Rough Skin|[of] p1a: Garchomp
|
|-weather|RainDance|[upkeep]
|-heal|p2a: Manscape|78/100|[from] item: Leftovers
|upkeep
|turn|16
|
|t:|1743186172
|move|p1a: Garchomp|Fire Blast|p2a: Manscape
|-supereffective|p2a: Manscape
|-damage|p2a: Manscape|16/100
|-damage|p1a: Garchomp|12/100|[from] item: Life Orb
|move|p2a: Manscape|Gyro Ball|p1a: Garchomp
|-damage|p1a: Garchomp|0 fnt
|-damage|p2a: Manscape|4/100|[from] ability: Rough Skin|[of] p1a: Garchomp
|faint|p1a: Garchomp
|
|-weather|RainDance|[upkeep]
|-heal|p2a: Manscape|10/100|[from] item: Leftovers
|upkeep
|
|t:|1743186190
|switch|p1a: Drapion|Drapion, M|100/100
|-damage|p1a: Drapion|88/100|[from] Stealth Rock
|turn|17
|
|t:|1743186196
|switch|p2a: Burger Flipper|Toxicroak, F|100/100
|-damage|p2a: Burger Flipper|94/100|[from] Stealth Rock
|move|p1a: Drapion|Crunch|p2a: Burger Flipper
|-resisted|p2a: Burger Flipper
|-damage|p2a: Burger Flipper|54/100
|
|-weather|RainDance|[upkeep]
|-heal|p2a: Burger Flipper|67/100|[from] ability: Dry Skin
|upkeep
|turn|18
|
|t:|1743186217
|move|p1a: Drapion|Crunch|p2a: Burger Flipper
|-resisted|p2a: Burger Flipper
|-damage|p2a: Burger Flipper|25/100
|move|p2a: Burger Flipper|Swords Dance|p2a: Burger Flipper
|-boost|p2a: Burger Flipper|atk|2
|
|-weather|RainDance|[upkeep]
|-heal|p2a: Burger Flipper|38/100|[from] ability: Dry Skin
|upkeep
|turn|19
|
|t:|1743186230
|move|p2a: Burger Flipper|Sucker Punch|p1a: Drapion
|-resisted|p1a: Drapion
|-damage|p1a: Drapion|52/100
|-damage|p2a: Burger Flipper|28/100|[from] item: Life Orb
|move|p1a: Drapion|Crunch|p2a: Burger Flipper
|-resisted|p2a: Burger Flipper
|-crit|p2a: Burger Flipper
|-damage|p2a: Burger Flipper|0 fnt
|faint|p2a: Burger Flipper
|
|-weather|RainDance|[upkeep]
|upkeep
|
|t:|1743186234
|switch|p2a: Isn’t that Cruel?|Tentacruel, F, shiny|100/100
|-damage|p2a: Isn’t that Cruel?|88/100|[from] Stealth Rock
|turn|20
|
|t:|1743186245
|switch|p1a: Blissey|Blissey, F|93/100
|-damage|p1a: Blissey|81/100|[from] Stealth Rock
|move|p2a: Isn’t that Cruel?|Scald|p1a: Blissey
|-damage|p1a: Blissey|67/100
|
|-weather|RainDance|[upkeep]
|-heal|p2a: Isn’t that Cruel?|94/100|[from] ability: Rain Dish
|-heal|p2a: Isn’t that Cruel?|99/100|[from] item: Black Sludge
|-heal|p1a: Blissey|73/100|[from] item: Leftovers
|upkeep
|turn|21
|
|t:|1743186259
|move|p2a: Isn’t that Cruel?|Rapid Spin|p1a: Blissey
|-damage|p1a: Blissey|71/100
|-sideend|p2: AnBadPuff|Stealth Rock|[from] move: Rapid Spin|[of] p2a: Isn’t that Cruel?
|move|p1a: Blissey|Thunder Wave|p2a: Isn’t that Cruel?
|-status|p2a: Isn’t that Cruel?|par
|
|-weather|RainDance|[upkeep]
|-heal|p2a: Isn’t that Cruel?|100/100 par|[from] ability: Rain Dish
|-heal|p1a: Blissey|77/100|[from] item: Leftovers
|upkeep
|turn|22
|
|t:|1743186270
|switch|p2a: Manscape|Ferrothorn, M|10/100
|move|p1a: Blissey|Thunder Wave|p2a: Manscape
|-status|p2a: Manscape|par
|
|-weather|RainDance|[upkeep]
|-heal|p1a: Blissey|83/100|[from] item: Leftovers
|-heal|p2a: Manscape|16/100 par|[from] item: Leftovers
|upkeep
|turn|23
|
|t:|1743186279
|move|p1a: Blissey|Seismic Toss|p2a: Manscape
|-damage|p2a: Manscape|0 fnt
|-damage|p1a: Blissey|70/100|[from] ability: Iron Barbs|[of] p2a: Manscape
|faint|p2a: Manscape
|
|-weather|RainDance|[upkeep]
|-heal|p1a: Blissey|77/100|[from] item: Leftovers
|upkeep
|
|t:|1743186283
|switch|p2a: My Little Pony|Keldeo|15/100
|turn|24
|
|t:|1743186289
|switch|p1a: Dusclops|Dusclops, F|100/100
|-damage|p1a: Dusclops|88/100|[from] Stealth Rock
|-ability|p1a: Dusclops|Pressure
|move|p2a: My Little Pony|Surf|p1a: Dusclops
|-damage|p1a: Dusclops|12/100
|
|-weather|RainDance|[upkeep]
|upkeep
|turn|25
|
|t:|1743186301
|move|p2a: My Little Pony|Surf|p1a: Dusclops
|-damage|p1a: Dusclops|0 fnt
|faint|p1a: Dusclops
|
|-weather|RainDance|[upkeep]
|upkeep
|
|t:|1743186308
|switch|p1a: Blissey|Blissey, F|77/100
|-damage|p1a: Blissey|64/100|[from] Stealth Rock
|turn|26
|
|t:|1743186315
|switch|p2a: Crush 40|Thundurus-Therian, M|100/100
|move|p1a: Blissey|Seismic Toss|p2a: Crush 40
|-damage|p2a: Crush 40|68/100
|
|-weather|RainDance|[upkeep]
|-heal|p2a: Crush 40|74/100|[from] item: Leftovers
|-heal|p1a: Blissey|70/100|[from] item: Leftovers
|upkeep
|turn|27
|
|t:|1743186324
|move|p2a: Crush 40|Thunder|p1a: Blissey
|-damage|p1a: Blissey|46/100
|move|p1a: Blissey|Seismic Toss|p2a: Crush 40
|-damage|p2a: Crush 40|41/100
|
|-weather|RainDance|[upkeep]
|-heal|p2a: Crush 40|47/100|[from] item: Leftovers
|-heal|p1a: Blissey|52/100|[from] item: Leftovers
|upkeep
|turn|28
|
|t:|1743186334
|move|p2a: Crush 40|U-turn|p1a: Blissey
|-damage|p1a: Blissey|39/100
|
|t:|1743186337
|switch|p2a: On your Parade|Politoed, M|100/100|[from] U-turn
|move|p1a: Blissey|Soft-Boiled|p1a: Blissey
|-heal|p1a: Blissey|89/100
|
|-weather|RainDance|[upkeep]
|-heal|p1a: Blissey|95/100|[from] item: Leftovers
|upkeep
|turn|29
|
|t:|1743186345
|move|p2a: On your Parade|Hydro Pump|p1a: Blissey
|-damage|p1a: Blissey|67/100
|move|p1a: Blissey|Thunder Wave|p2a: On your Parade
|-status|p2a: On your Parade|par
|
|-weather|RainDance|[upkeep]
|-heal|p1a: Blissey|73/100|[from] item: Leftovers
|upkeep
|turn|30
|
|t:|1743186353
|move|p1a: Blissey|Seismic Toss|p2a: On your Parade
|-damage|p2a: On your Parade|69/100 par
|move|p2a: On your Parade|Hydro Pump|p1a: Blissey|[miss]
|-miss|p2a: On your Parade|p1a: Blissey
|
|-weather|RainDance|[upkeep]
|-heal|p1a: Blissey|79/100|[from] item: Leftovers
|upkeep
|turn|31
|
|t:|1743186360
|move|p1a: Blissey|Seismic Toss|p2a: On your Parade
|-damage|p2a: On your Parade|38/100 par
|move|p2a: On your Parade|Hydro Pump|p1a: Blissey
|-damage|p1a: Blissey|53/100
|
|-weather|RainDance|[upkeep]
|-heal|p1a: Blissey|60/100|[from] item: Leftovers
|upkeep
|turn|32
|
|t:|1743186368
|move|p1a: Blissey|Soft-Boiled|p1a: Blissey
|-heal|p1a: Blissey|100/100
|move|p2a: On your Parade|Hydro Pump|p1a: Blissey
|-damage|p1a: Blissey|75/100
|
|-weather|RainDance|[upkeep]
|-heal|p1a: Blissey|81/100|[from] item: Leftovers
|upkeep
|turn|33
|
|t:|1743186397
|move|p1a: Blissey|Seismic Toss|p2a: On your Parade
|-damage|p2a: On your Parade|7/100 par
|move|p2a: On your Parade|Hydro Pump|p1a: Blissey
|-damage|p1a: Blissey|55/100
|
|-weather|RainDance|[upkeep]
|-heal|p1a: Blissey|61/100|[from] item: Leftovers
|upkeep
|turn|34
|
|t:|1743186404
|move|p1a: Blissey|Soft-Boiled|p1a: Blissey
|-heal|p1a: Blissey|100/100
|cant|p2a: On your Parade|par
|
|-weather|RainDance|[upkeep]
|upkeep
|turn|35
|
|t:|1743186410
|move|p1a: Blissey|Seismic Toss|p2a: On your Parade
|-damage|p2a: On your Parade|0 fnt
|faint|p2a: On your Parade
|
|-weather|RainDance|[upkeep]
|upkeep
|
|t:|1743186413
|switch|p2a: My Little Pony|Keldeo|15/100
|turn|36
|
|t:|1743186416
|move|p2a: My Little Pony|Secret Sword|p1a: Blissey
|-supereffective|p1a: Blissey
|-damage|p1a: Blissey|0 fnt
|faint|p1a: Blissey
|
|-weather|RainDance|[upkeep]
|upkeep
|
|t:|1743186434
|switch|p1a: Skarmory|Skarmory, F|82/100
|-damage|p1a: Skarmory|70/100|[from] Stealth Rock
|turn|37
|
|t:|1743186440
|switch|p2a: Crush 40|Thundurus-Therian, M|47/100
|move|p1a: Skarmory|Brave Bird|p2a: Crush 40
|-resisted|p2a: Crush 40
|-damage|p2a: Crush 40|24/100
|-damage|p1a: Skarmory|62/100|[from] Recoil
|
|-weather|RainDance|[upkeep]
|-heal|p2a: Crush 40|30/100|[from] item: Leftovers
|upkeep
|turn|38
|-message|OrangeFang forfeited.
|
|win|AnBadPuff
|raw|OrangeFang's rating: 1325 &rarr; <strong>1302</strong><br />(-23 for losing)
|raw|AnBadPuff's rating: 1268 &rarr; <strong>1297</strong><br />(+29 for winning)
|l|☆OrangeFang
|player|p1|
