|j|☆UssopReturns
|j|‽kinetic koko
|t:|1711406148
|gametype|singles
|player|p1|UssopReturns|dancer|1405
|player|p2|kinetic koko|1|1609
|teamsize|p1|6
|teamsize|p2|6
|gen|5
|tier|[Gen 5] OU
|rated|
|rule|Species Clause: Limit one of each Pokémon
|rule|OHKO Clause: OHKO moves are banned
|rule|Moody Clause: Moody is banned
|rule|Evasion Items Clause: Evasion items are banned
|rule|Evasion Moves Clause: Evasion moves are banned
|rule|Endless Battle Clause: Forcing endless battles is banned
|rule|HP Percentage Mod: HP is shown in percentages
|rule|Evasion Abilities Clause: Evasion abilities are banned
|rule|Sleep Moves Clause: Sleep-inducing moves are banned
|rule|Swagger Clause: Swagger is banned
|rule|Baton Pass Stat Clause: No Baton Passer may have a way to boost its stats
|clearpoke
|poke|p1|Landorus-Therian, M|item
|poke|p1|Xatu, M|item
|poke|p1|Cloyster, M|item
|poke|p1|Tentacruel, F|item
|poke|p1|Sableye, F|item
|poke|p1|Togekiss, F|item
|poke|p2|Politoed, F|item
|poke|p2|Parasect, F|item
|poke|p2|Moltres|item
|poke|p2|Tentacruel, F|item
|poke|p2|Chansey, F|item
|poke|p2|Quagsire, M|item
|teampreview
|j| feaniix
|j| uka uka uka
|j| delicousfalcon
|j| triple axel blaze
|c| triple axel blaze|blurri
|c| triple axel blaze|why are you using
|c| triple axel blaze|my team
|l| triple axel blaze
|c|☆UssopReturns|my connection is so bad rn
|j| triple axel blaze
|l| triple axel blaze
|
|t:|1711406275
|start
|switch|p1a: Ronaldo|Togekiss, F|100/100
|switch|p2a: Politoed|Politoed, F, shiny|100/100
|-weather|RainDance|[from] ability: Drizzle|[of] p2a: Politoed
|turn|1
|inactive|Battle timer is ON: inactive players will automatically lose when time's up. (requested by UssopReturns)
|c|☆UssopReturns|i’ll play for yiu
|c|☆UssopReturns|ussop
|c|☆UssopReturns|i logged on
|
|t:|1711406301
|move|p1a: Ronaldo|Air Slash|p2a: Politoed
|-damage|p2a: Politoed|76/100
|cant|p2a: Politoed|flinch
|
|-weather|RainDance|[upkeep]
|-heal|p2a: Politoed|82/100|[from] item: Leftovers
|upkeep
|turn|2
|
|t:|1711406306
|switch|p1a: Tentacruel|Tentacruel, F|100/100
|move|p2a: Politoed|Encore||[still]
|-fail|p2a: Politoed
|
|-weather|RainDance|[upkeep]
|-heal|p2a: Politoed|88/100|[from] item: Leftovers
|upkeep
|turn|3
|
|t:|1711406317
|switch|p2a: Chansey|Chansey, F|100/100
|move|p1a: Tentacruel|Scald|p2a: Chansey
|-damage|p2a: Chansey|89/100
|
|-weather|RainDance|[upkeep]
|upkeep
|turn|4
|
|t:|1711406319
|switch|p1a: Sableye|Sableye, F|100/100
|move|p2a: Chansey|Stealth Rock|p1a: Sableye
|-sidestart|p1: UssopReturns|move: Stealth Rock
|
|-weather|RainDance|[upkeep]
|upkeep
|turn|5
|
|t:|1711406329
|switch|p2a: Moltres|Moltres|100/100
|-ability|p2a: Moltres|Pressure
|switch|p1a: Tentacruel|Tentacruel, F|100/100
|-damage|p1a: Tentacruel|88/100|[from] Stealth Rock
|
|-weather|RainDance|[upkeep]
|-heal|p1a: Tentacruel|94/100|[from] ability: Rain Dish
|-heal|p1a: Tentacruel|99/100|[from] item: Black Sludge
|upkeep
|turn|6
|
|t:|1711406335
|move|p1a: Tentacruel|Scald|p2a: Moltres
|-supereffective|p2a: Moltres
|-damage|p2a: Moltres|29/100
|move|p2a: Moltres|Will-O-Wisp|p1a: Tentacruel
|-status|p1a: Tentacruel|brn
|
|-weather|RainDance|[upkeep]
|-heal|p1a: Tentacruel|100/100 brn|[from] ability: Rain Dish
|-heal|p2a: Moltres|35/100|[from] item: Leftovers
|-damage|p1a: Tentacruel|88/100 brn|[from] brn
|upkeep
|turn|7
|
|t:|1711406341
|switch|p2a: Chansey|Chansey, F|89/100
|move|p1a: Tentacruel|Rapid Spin|p2a: Chansey
|-damage|p2a: Chansey|88/100
|-sideend|p1: UssopReturns|Stealth Rock|[from] move: Rapid Spin|[of] p1a: Tentacruel
|
|-weather|RainDance|[upkeep]
|-heal|p1a: Tentacruel|94/100 brn|[from] ability: Rain Dish
|-heal|p1a: Tentacruel|99/100 brn|[from] item: Black Sludge
|-damage|p1a: Tentacruel|88/100 brn|[from] brn
|upkeep
|turn|8
|
|t:|1711406346
|switch|p1a: Ronaldo|Togekiss, F|100/100
|switch|p2a: Moltres|Moltres|35/100
|-ability|p2a: Moltres|Pressure
|
|-weather|RainDance|[upkeep]
|-heal|p2a: Moltres|41/100|[from] item: Leftovers
|upkeep
|turn|9
|
|t:|1711406352
|move|p2a: Moltres|Roost|p2a: Moltres
|-heal|p2a: Moltres|92/100
|-singleturn|p2a: Moltres|move: Roost
|move|p1a: Ronaldo|Nasty Plot|p1a: Ronaldo
|-boost|p1a: Ronaldo|spa|2
|
|-weather|RainDance|[upkeep]
|-heal|p2a: Moltres|98/100|[from] item: Leftovers
|upkeep
|turn|10
|
|t:|1711406357
|move|p2a: Moltres|Substitute|p2a: Moltres
|-start|p2a: Moltres|Substitute
|-damage|p2a: Moltres|73/100
|move|p1a: Ronaldo|Air Slash|p2a: Moltres
|-end|p2a: Moltres|Substitute
|
|-weather|RainDance|[upkeep]
|-heal|p2a: Moltres|79/100|[from] item: Leftovers
|upkeep
|turn|11
|
|t:|1711406362
|move|p2a: Moltres|Substitute|p2a: Moltres
|-start|p2a: Moltres|Substitute
|-damage|p2a: Moltres|54/100
|move|p1a: Ronaldo|Air Slash|p2a: Moltres
|-end|p2a: Moltres|Substitute
|
|-weather|RainDance|[upkeep]
|-heal|p2a: Moltres|60/100|[from] item: Leftovers
|upkeep
|turn|12
|
|t:|1711406366
|move|p2a: Moltres|Roost|p2a: Moltres
|-heal|p2a: Moltres|100/100
|-singleturn|p2a: Moltres|move: Roost
|move|p1a: Ronaldo|Air Slash|p2a: Moltres
|-damage|p2a: Moltres|38/100
|
|-weather|RainDance|[upkeep]
|-heal|p2a: Moltres|44/100|[from] item: Leftovers
|upkeep
|turn|13
|
|t:|1711406373
|move|p2a: Moltres|Roost|p2a: Moltres
|-heal|p2a: Moltres|94/100
|-singleturn|p2a: Moltres|move: Roost
|move|p1a: Ronaldo|Heal Bell|p1a: Ronaldo
|-activate|p1a: Ronaldo|move: Heal Bell
|-curestatus|p1: Tentacruel|brn|[msg]
|
|-weather|RainDance|[upkeep]
|-heal|p2a: Moltres|100/100|[from] item: Leftovers
|upkeep
|turn|14
|
|t:|1711406379
|move|p2a: Moltres|Substitute|p2a: Moltres
|-start|p2a: Moltres|Substitute
|-damage|p2a: Moltres|76/100
|move|p1a: Ronaldo|Air Slash|p2a: Moltres
|-end|p2a: Moltres|Substitute
|
|-weather|RainDance|[upkeep]
|-heal|p2a: Moltres|82/100|[from] item: Leftovers
|upkeep
|turn|15
|
|t:|1711406384
|move|p2a: Moltres|Substitute|p2a: Moltres
|-start|p2a: Moltres|Substitute
|-damage|p2a: Moltres|57/100
|move|p1a: Ronaldo|Air Slash|p2a: Moltres
|-end|p2a: Moltres|Substitute
|
|-weather|RainDance|[upkeep]
|-heal|p2a: Moltres|63/100|[from] item: Leftovers
|upkeep
|turn|16
|
|t:|1711406388
|move|p2a: Moltres|Roost|p2a: Moltres
|-heal|p2a: Moltres|100/100
|-singleturn|p2a: Moltres|move: Roost
|move|p1a: Ronaldo|Nasty Plot|p1a: Ronaldo
|-boost|p1a: Ronaldo|spa|2
|
|-weather|RainDance|[upkeep]
|upkeep
|turn|17
|
|t:|1711406393
|move|p2a: Moltres|Substitute|p2a: Moltres
|-start|p2a: Moltres|Substitute
|-damage|p2a: Moltres|76/100
|move|p1a: Ronaldo|Air Slash|p2a: Moltres
|-end|p2a: Moltres|Substitute
|
|-weather|RainDance|[upkeep]
|-heal|p2a: Moltres|82/100|[from] item: Leftovers
|upkeep
|turn|18
|
|t:|1711406400
|move|p2a: Moltres|Substitute|p2a: Moltres
|-start|p2a: Moltres|Substitute
|-damage|p2a: Moltres|57/100
|move|p1a: Ronaldo|Air Slash|p2a: Moltres
|-end|p2a: Moltres|Substitute
|
|-weather|RainDance|[upkeep]
|-heal|p2a: Moltres|63/100|[from] item: Leftovers
|upkeep
|turn|19
|
|t:|1711406402
|switch|p2a: Quagsire|Quagsire, M|100/100
|move|p1a: Ronaldo|Air Slash|p2a: Quagsire
|-damage|p2a: Quagsire|64/100
|
|-weather|RainDance|[upkeep]
|-heal|p2a: Quagsire|70/100|[from] item: Leftovers
|upkeep
|turn|20
|
|t:|1711406407
|move|p2a: Quagsire|Protect|p2a: Quagsire
|-singleturn|p2a: Quagsire|Protect
|move|p1a: Ronaldo|Air Slash|p2a: Quagsire
|-activate|p2a: Quagsire|move: Protect
|
|-weather|RainDance|[upkeep]
|-heal|p2a: Quagsire|76/100|[from] item: Leftovers
|upkeep
|turn|21
|
|t:|1711406416
|move|p1a: Ronaldo|Air Slash|p2a: Quagsire
|-damage|p2a: Quagsire|41/100
|move|p2a: Quagsire|Recover|p2a: Quagsire
|-heal|p2a: Quagsire|91/100
|
|-weather|RainDance|[upkeep]
|-heal|p2a: Quagsire|97/100|[from] item: Leftovers
|upkeep
|turn|22
|
|t:|1711406422
|switch|p1a: Sableye|Sableye, F|100/100
|move|p2a: Quagsire|Protect||[still]
|-fail|p2a: Quagsire
|
|-weather|RainDance|[upkeep]
|-heal|p2a: Quagsire|100/100|[from] item: Leftovers
|upkeep
|turn|23
|
|t:|1711406427
|switch|p2a: Moltres|Moltres|63/100
|-ability|p2a: Moltres|Pressure
|move|p1a: Sableye|Taunt|p2a: Moltres
|-start|p2a: Moltres|move: Taunt
|
|-weather|RainDance|[upkeep]
|-heal|p2a: Moltres|69/100|[from] item: Leftovers
|upkeep
|turn|24
|
|t:|1711406432
|switch|p1a: Ronaldo|Togekiss, F|100/100
|move|p2a: Moltres|Hurricane|p1a: Ronaldo
|-damage|p1a: Ronaldo|70/100
|
|-weather|RainDance|[upkeep]
|-heal|p2a: Moltres|75/100|[from] item: Leftovers
|-heal|p1a: Ronaldo|76/100|[from] item: Leftovers
|upkeep
|turn|25
|
|t:|1711406453
|switch|p1a: Landorus|Landorus-Therian, M|100/100
|-ability|p1a: Landorus|Intimidate|boost
|-unboost|p2a: Moltres|atk|1
|move|p2a: Moltres|Hurricane|p1a: Landorus
|-damage|p1a: Landorus|27/100
|
|-weather|RainDance|[upkeep]
|-heal|p2a: Moltres|81/100|[from] item: Leftovers
|-end|p2a: Moltres|move: Taunt
|upkeep
|turn|26
|
|t:|1711406461
|switch|p2a: Tentacruel|Tentacruel, F|100/100
|move|p1a: Landorus|U-turn|p2a: Tentacruel
|-resisted|p2a: Tentacruel
|-damage|p2a: Tentacruel|89/100
|
|t:|1711406467
|switch|p1a: Sableye|Sableye, F|100/100|[from] U-turn
|
|-weather|RainDance|[upkeep]
|-heal|p2a: Tentacruel|95/100|[from] ability: Rain Dish
|-heal|p2a: Tentacruel|100/100|[from] item: Black Sludge
|upkeep
|turn|27
|
|t:|1711406473
|switch|p2a: Moltres|Moltres|81/100
|-ability|p2a: Moltres|Pressure
|switch|p1a: Tentacruel|Tentacruel, F|88/100
|
|-weather|RainDance|[upkeep]
|-heal|p1a: Tentacruel|94/100|[from] ability: Rain Dish
|-heal|p1a: Tentacruel|99/100|[from] item: Black Sludge
|-heal|p2a: Moltres|87/100|[from] item: Leftovers
|upkeep
|turn|28
|
|t:|1711406482
|switch|p1a: Cloyster|Cloyster, M|100/100
|switch|p2a: Chansey|Chansey, F|88/100
|
|-weather|RainDance|[upkeep]
|upkeep
|turn|29
|
|t:|1711406490
|switch|p2a: Quagsire|Quagsire, M|100/100
|move|p1a: Cloyster|Shell Smash|p1a: Cloyster
|-unboost|p1a: Cloyster|def|1
|-unboost|p1a: Cloyster|spd|1
|-boost|p1a: Cloyster|atk|2
|-boost|p1a: Cloyster|spa|2
|-boost|p1a: Cloyster|spe|2
|
|-weather|RainDance|[upkeep]
|upkeep
|turn|30
|
|t:|1711406497
|move|p1a: Cloyster|Icicle Spear|p2a: Quagsire
|-damage|p2a: Quagsire|91/100
|-damage|p2a: Quagsire|81/100
|-damage|p2a: Quagsire|71/100
|-damage|p2a: Quagsire|61/100
|-damage|p2a: Quagsire|51/100
|-hitcount|p2a: Quagsire|5
|move|p2a: Quagsire|Scald|p1a: Cloyster
|-resisted|p1a: Cloyster
|-damage|p1a: Cloyster|60/100
|
|-weather|RainDance|[upkeep]
|-heal|p2a: Quagsire|57/100|[from] item: Leftovers
|upkeep
|turn|31
|
|t:|1711406500
|move|p2a: Quagsire|Protect|p2a: Quagsire
|-singleturn|p2a: Quagsire|Protect
|move|p1a: Cloyster|Icicle Spear|p2a: Quagsire
|-activate|p2a: Quagsire|move: Protect
|
|-weather|RainDance|[upkeep]
|-heal|p2a: Quagsire|63/100|[from] item: Leftovers
|upkeep
|turn|32
|
|t:|1711406503
|move|p1a: Cloyster|Icicle Spear|p2a: Quagsire
|-damage|p2a: Quagsire|52/100
|-damage|p2a: Quagsire|43/100
|-damage|p2a: Quagsire|34/100
|-damage|p2a: Quagsire|24/100
|-damage|p2a: Quagsire|14/100
|-hitcount|p2a: Quagsire|5
|move|p2a: Quagsire|Recover|p2a: Quagsire
|-heal|p2a: Quagsire|64/100
|
|-weather|RainDance|[upkeep]
|-heal|p2a: Quagsire|71/100|[from] item: Leftovers
|upkeep
|turn|33
|
|t:|1711406513
|switch|p1a: Tentacruel|Tentacruel, F|99/100
|move|p2a: Quagsire|Protect||[still]
|-fail|p2a: Quagsire
|
|-weather|RainDance|[upkeep]
|-heal|p1a: Tentacruel|100/100|[from] ability: Rain Dish
|-heal|p2a: Quagsire|77/100|[from] item: Leftovers
|upkeep
|turn|34
|-message|UssopReturns forfeited.
|
|win|kinetic koko
|raw|UssopReturns's rating: 1405 &rarr; <strong>1396</strong><br />(-9 for losing)
|raw|kinetic koko's rating: 1609 &rarr; <strong>1618</strong><br />(+9 for winning)
|l| uka uka uka
|l|‽kinetic koko
|player|p2|
|l| feaniix
|l| delicousfalcon
