|j|☆Rocco Alfa
|j|☆LonzoMadeKuz
|player|p1|Rocco Alfa|norman|1446
|player|p2|LonzoMadeKuz|50|1435
|teamsize|p1|6
|teamsize|p2|6
|gametype|singles
|gen|5
|tier|[Gen 5] OU
|rated|
|clearpoke
|poke|p1|Tyranitar, M|item
|poke|p1|Omastar, M|item
|poke|p1|Kingdra, M|item
|poke|p1|Magnezone|item
|poke|p1|Amoonguss, F|item
|poke|p1|Slowbro, M|item
|poke|p2|Reuniclus, F|item
|poke|p2|Abomasnow, M|item
|poke|p2|Scizor, M|item
|poke|p2|Tentacruel, F|item
|poke|p2|Kyurem-Black|item
|poke|p2|Landorus-Therian, M|item
|rule|Species Clause: Limit one of each Pokémon
|rule|OHKO Clause: OHKO moves are banned
|rule|Moody Clause: Moody is banned
|rule|Evasion Moves Clause: Evasion moves are banned
|rule|Endless Battle Clause: Forcing endless battles is banned
|rule|HP Percentage Mod: HP is shown in percentages
|rule|Evasion Abilities Clause: Evasion abilities are banned
|rule|Baton Pass Clause: Limit one Baton Passer, can't pass Spe and other stats simultaneously
|rule|Sleep Clause: Sleep-inducing moves are banned
|rule|Swagger Clause: Swagger is banned
|teampreview
|inactive|Battle timer is ON: inactive players will automatically lose when time's up. (requested by LonzoMadeKuz)
|
|start
|switch|p1a: Tyranitar|Tyranitar, M|100/100
|switch|p2a: Tentacruel|Tentacruel, F|100/100
|-weather|Sandstorm|[from] ability: Sand Stream|[of] p1a: Tyranitar
|turn|1
|
|move|p2a: Tentacruel|Toxic|p1a: Tyranitar
|-status|p1a: Tyranitar|tox
|move|p1a: Tyranitar|Earthquake|p2a: Tentacruel
|-supereffective|p2a: Tentacruel
|-damage|p2a: Tentacruel|25/100
|
|-weather|Sandstorm|[upkeep]
|-damage|p2a: Tentacruel|19/100|[from] Sandstorm
|-heal|p2a: Tentacruel|25/100|[from] item: Black Sludge
|-damage|p1a: Tyranitar|94/100 tox|[from] psn
|upkeep
|turn|2
|
|switch|p2a: Landorus|Landorus-Therian, M|100/100
|-ability|p2a: Landorus|Intimidate|boost
|-unboost|p1a: Tyranitar|atk|1
|move|p1a: Tyranitar|Stealth Rock|p2a: Landorus
|-sidestart|p2: LonzoMadeKuz|move: Stealth Rock
|
|-weather|Sandstorm|[upkeep]
|-damage|p1a: Tyranitar|82/100 tox|[from] psn
|upkeep
|turn|3
|inactive|Rocco Alfa has 120 seconds left.
|inactive|LonzoMadeKuz has 120 seconds left.
|
|switch|p1a: Kingdra|Kingdra, M|100/100
|move|p2a: Landorus|Stealth Rock|p1a: Kingdra
|-sidestart|p1: Rocco Alfa|move: Stealth Rock
|
|-weather|Sandstorm|[upkeep]
|-damage|p1a: Kingdra|94/100|[from] Sandstorm
|upkeep
|turn|4
|inactive|Rocco Alfa has 120 seconds left.
|
|switch|p2a: Kyurem|Kyurem-Black|100/100
|-damage|p2a: Kyurem|75/100|[from] Stealth Rock
|-ability|p2a: Kyurem|Teravolt
|move|p1a: Kingdra|Dragon Dance|p1a: Kingdra
|-boost|p1a: Kingdra|atk|1
|-boost|p1a: Kingdra|spe|1
|
|-weather|Sandstorm|[upkeep]
|-damage|p1a: Kingdra|88/100|[from] Sandstorm
|-damage|p2a: Kyurem|69/100|[from] Sandstorm
|-heal|p2a: Kyurem|75/100|[from] item: Leftovers
|upkeep
|turn|5
|inactive|Rocco Alfa has 120 seconds left.
|
|switch|p2a: Tentacruel|Tentacruel, F|25/100
|-damage|p2a: Tentacruel|12/100|[from] Stealth Rock
|move|p1a: Kingdra|Outrage|p2a: Tentacruel
|-damage|p2a: Tentacruel|0 fnt
|faint|p2a: Tentacruel
|
|-weather|Sandstorm|[upkeep]
|-damage|p1a: Kingdra|82/100|[from] Sandstorm
|upkeep
|inactive|LonzoMadeKuz has 120 seconds left.
|inactive|LonzoMadeKuz has 90 seconds left.
|
|switch|p2a: Scizor|Scizor, M|100/100
|-damage|p2a: Scizor|88/100|[from] Stealth Rock
|turn|6
|inactive|Rocco Alfa has 120 seconds left.
|
|move|p1a: Kingdra|Outrage|p2a: Scizor|[from]lockedmove
|-resisted|p2a: Scizor
|-damage|p2a: Scizor|49/100
|-start|p1a: Kingdra|confusion|[fatigue]
|move|p2a: Scizor|U-turn|p1a: Kingdra
|-damage|p1a: Kingdra|13/100
|inactive|LonzoMadeKuz has 60 seconds left.
|
|switch|p2a: Abomasnow|Abomasnow, M|100/100|[from]move: U-turn
|-damage|p2a: Abomasnow|75/100|[from] Stealth Rock
|-weather|Hail|[from] ability: Snow Warning|[of] p2a: Abomasnow
|
|-weather|Hail|[upkeep]
|-damage|p1a: Kingdra|7/100|[from] Hail
|-heal|p2a: Abomasnow|82/100|[from] item: Leftovers
|upkeep
|turn|7
|inactive|Rocco Alfa has 120 seconds left.
|
|move|p2a: Abomasnow|Ice Shard|p1a: Kingdra
|-damage|p1a: Kingdra|0 fnt
|faint|p1a: Kingdra
|
|-weather|Hail|[upkeep]
|-heal|p2a: Abomasnow|88/100|[from] item: Leftovers
|upkeep
|
|switch|p1a: Magnezone|Magnezone|100/100
|-damage|p1a: Magnezone|95/100|[from] Stealth Rock
|turn|8
|
|move|p2a: Abomasnow|Protect|p2a: Abomasnow
|-singleturn|p2a: Abomasnow|Protect
|move|p1a: Magnezone|Flash Cannon|p2a: Abomasnow
|-activate|p2a: Abomasnow|move: Protect
|
|-weather|Hail|[upkeep]
|-damage|p1a: Magnezone|89/100|[from] Hail
|-heal|p2a: Abomasnow|94/100|[from] item: Leftovers
|upkeep
|turn|9
|inactive|LonzoMadeKuz has 60 seconds left.
|inactive|LonzoMadeKuz has 30 seconds left.
|
|move|p1a: Magnezone|Flash Cannon|p2a: Abomasnow
|-supereffective|p2a: Abomasnow
|-damage|p2a: Abomasnow|0 fnt
|faint|p2a: Abomasnow
|
|-weather|Hail|[upkeep]
|-damage|p1a: Magnezone|83/100|[from] Hail
|upkeep
|inactive|LonzoMadeKuz has 30 seconds left this turn.
|
|switch|p2a: Kyurem|Kyurem-Black|75/100
|-damage|p2a: Kyurem|50/100|[from] Stealth Rock
|-ability|p2a: Kyurem|Teravolt
|turn|10
|inactive|Rocco Alfa has 120 seconds left.
|
|switch|p1a: Omastar|Omastar, M|100/100
|-damage|p1a: Omastar|88/100|[from] Stealth Rock
|-item|p1a: Omastar|Air Balloon
|move|p2a: Kyurem|Earth Power|p1a: Omastar
|-immune|p1a: Omastar
|
|-weather|Hail|[upkeep]
|-damage|p1a: Omastar|82/100|[from] Hail
|-heal|p2a: Kyurem|57/100|[from] item: Leftovers
|upkeep
|turn|11
|inactive|Rocco Alfa has 90 seconds left.
|
|switch|p1a: Slowbro|Slowbro, M|100/100
|-damage|p1a: Slowbro|88/100|[from] Stealth Rock
|move|p2a: Kyurem|Substitute|p2a: Kyurem
|-start|p2a: Kyurem|Substitute
|-damage|p2a: Kyurem|32/100
|
|-weather|Hail|[upkeep]
|-damage|p1a: Slowbro|82/100|[from] Hail
|-heal|p2a: Kyurem|38/100|[from] item: Leftovers
|-heal|p1a: Slowbro|88/100|[from] item: Leftovers
|upkeep
|turn|12
|inactive|Rocco Alfa has 90 seconds left.
|
|move|p2a: Kyurem|Fusion Bolt|p1a: Slowbro
|-supereffective|p1a: Slowbro
|-damage|p1a: Slowbro|39/100
|move|p1a: Slowbro|Psyshock|p2a: Kyurem
|-activate|p2a: Kyurem|Substitute|[damage]
|
|-weather|Hail|[upkeep]
|-damage|p1a: Slowbro|33/100|[from] Hail
|-heal|p2a: Kyurem|44/100|[from] item: Leftovers
|-heal|p1a: Slowbro|39/100|[from] item: Leftovers
|upkeep
|turn|13
|
|switch|p1a: Tyranitar|Tyranitar, M|82/100 tox
|-damage|p1a: Tyranitar|70/100 tox|[from] Stealth Rock
|-weather|Sandstorm|[from] ability: Sand Stream|[of] p1a: Tyranitar
|move|p2a: Kyurem|Fusion Bolt|p1a: Tyranitar
|-damage|p1a: Tyranitar|37/100 tox
|
|-weather|Sandstorm|[upkeep]
|-damage|p2a: Kyurem|38/100|[from] Sandstorm
|-heal|p2a: Kyurem|44/100|[from] item: Leftovers
|-damage|p1a: Tyranitar|30/100 tox|[from] psn
|upkeep
|turn|14
|inactive|LonzoMadeKuz has 60 seconds left.
|
|switch|p1a: Slowbro|Slowbro, M|72/100
|-damage|p1a: Slowbro|60/100|[from] Stealth Rock
|move|p2a: Kyurem|Fusion Bolt|p1a: Slowbro
|-supereffective|p1a: Slowbro
|-damage|p1a: Slowbro|10/100
|
|-weather|Sandstorm|[upkeep]
|-damage|p2a: Kyurem|38/100|[from] Sandstorm
|-damage|p1a: Slowbro|4/100|[from] Sandstorm
|-heal|p2a: Kyurem|44/100|[from] item: Leftovers
|-heal|p1a: Slowbro|10/100|[from] item: Leftovers
|upkeep
|turn|15
|
|move|p2a: Kyurem|Ice Beam|p1a: Slowbro
|-resisted|p1a: Slowbro
|-damage|p1a: Slowbro|0 fnt
|faint|p1a: Slowbro
|
|-weather|Sandstorm|[upkeep]
|-damage|p2a: Kyurem|38/100|[from] Sandstorm
|-heal|p2a: Kyurem|44/100|[from] item: Leftovers
|upkeep
|
|switch|p1a: Amoonguss|Amoonguss, F|100/100
|-damage|p1a: Amoonguss|88/100|[from] Stealth Rock
|turn|16
|
|move|p2a: Kyurem|Ice Beam|p1a: Amoonguss
|-supereffective|p1a: Amoonguss
|-damage|p1a: Amoonguss|33/100
|move|p1a: Amoonguss|Clear Smog|p2a: Kyurem
|-end|p2a: Kyurem|Substitute
|
|-weather|Sandstorm|[upkeep]
|-damage|p2a: Kyurem|38/100|[from] Sandstorm
|-damage|p1a: Amoonguss|27/100|[from] Sandstorm
|-heal|p2a: Kyurem|44/100|[from] item: Leftovers
|-heal|p1a: Amoonguss|33/100|[from] item: Black Sludge
|upkeep
|turn|17
|inactive|Rocco Alfa has 60 seconds left.
|
|switch|p1a: Magnezone|Magnezone|83/100
|-damage|p1a: Magnezone|77/100|[from] Stealth Rock
|move|p2a: Kyurem|Substitute|p2a: Kyurem
|-start|p2a: Kyurem|Substitute
|-damage|p2a: Kyurem|19/100
|
|-weather|Sandstorm|[upkeep]
|-damage|p2a: Kyurem|13/100|[from] Sandstorm
|-heal|p2a: Kyurem|19/100|[from] item: Leftovers
|upkeep
|turn|18
|
|switch|p1a: Tyranitar|Tyranitar, M|30/100 tox
|-damage|p1a: Tyranitar|18/100 tox|[from] Stealth Rock
|move|p2a: Kyurem|Earth Power|p1a: Tyranitar
|-supereffective|p1a: Tyranitar
|-crit|p1a: Tyranitar
|-damage|p1a: Tyranitar|0 fnt
|faint|p1a: Tyranitar
|
|-weather|Sandstorm|[upkeep]
|-damage|p2a: Kyurem|13/100|[from] Sandstorm
|-heal|p2a: Kyurem|19/100|[from] item: Leftovers
|upkeep
|
|switch|p1a: Amoonguss|Amoonguss, F|67/100
|-damage|p1a: Amoonguss|54/100|[from] Stealth Rock
|turn|19
|
|move|p2a: Kyurem|Ice Beam|p1a: Amoonguss
|-supereffective|p1a: Amoonguss
|-damage|p1a: Amoonguss|0 fnt
|faint|p1a: Amoonguss
|
|-weather|Sandstorm|[upkeep]
|-damage|p2a: Kyurem|13/100|[from] Sandstorm
|-heal|p2a: Kyurem|19/100|[from] item: Leftovers
|upkeep
|c|☆LonzoMadeKuz|imagine sacing ur whole team
|
|switch|p1a: Omastar|Omastar, M|82/100
|-damage|p1a: Omastar|70/100|[from] Stealth Rock
|-item|p1a: Omastar|Air Balloon
|turn|20
|
|move|p2a: Kyurem|Fusion Bolt|p1a: Omastar
|-supereffective|p1a: Omastar
|-damage|p1a: Omastar|0 fnt
|-enditem|p1a: Omastar|Air Balloon
|faint|p1a: Omastar
|
|-weather|Sandstorm|[upkeep]
|-damage|p2a: Kyurem|13/100|[from] Sandstorm
|-heal|p2a: Kyurem|19/100|[from] item: Leftovers
|upkeep
|j|‽bilausimar
|
|switch|p1a: Magnezone|Magnezone|77/100
|-damage|p1a: Magnezone|71/100|[from] Stealth Rock
|turn|21
|inactive|LonzoMadeKuz has 120 seconds left.
|
|move|p2a: Kyurem|Earth Power|p1a: Magnezone
|-supereffective|p1a: Magnezone
|-damage|p1a: Magnezone|0 fnt
|faint|p1a: Magnezone
|
|win|LonzoMadeKuz
|l|☆Rocco Alfa
|raw|Rocco Alfa's rating: 1446 &rarr; <strong>1427</strong><br />(-19 for losing)
|raw|LonzoMadeKuz's rating: 1454 &rarr; <strong>1474</strong><br />(+20 for winning)
