|j|☆LadderTheSniper
|j|☆Katou Megumi lover
|player|p1|LadderTheSniper|226
|player|p2|Katou Megumi lover|249
|teamsize|p1|6
|teamsize|p2|6
|gametype|singles
|gen|5
|tier|[Gen 5] OU
|rated|
|rule|Sleep Clause Mod: Limit one foe put to sleep
|rule|Species Clause: Limit one of each Pokémon
|rule|OHKO Clause: OHKO moves are banned
|rule|Moody Clause: Moody is banned
|rule|Evasion Moves Clause: Evasion moves are banned
|rule|Endless Battle Clause: Forcing endless battles is banned
|rule|HP Percentage Mod: HP is shown in percentages
|rule|Evasion Abilities Clause: Evasion abilities are banned
|rule|Baton Pass Clause: Limit one Baton Passer, can't pass Spe and other stats simultaneously
|rule|Swagger Clause: Swagger is banned
|clearpoke
|poke|p1|Jellicent, F|item
|poke|p1|Tangrowth, M|item
|poke|p1|Excadrill, F|item
|poke|p1|Heatran, M|item
|poke|p1|Vaporeon, F|item
|poke|p1|Ferrothorn, F|item
|poke|p2|Tyranitar, F|item
|poke|p2|Latias, F|item
|poke|p2|Gliscor, M|item
|poke|p2|Skarmory, M|item
|poke|p2|Heatran, F|item
|poke|p2|Jellicent, F|item
|teampreview
|inactive|Battle timer is ON: inactive players will automatically lose when time's up. (requested by Katou Megumi lover)
|
|start
|switch|p1a: Heatran|Heatran, M|100/100
|switch|p2a: Tyranitar|Tyranitar, F|100/100
|-weather|Sandstorm|[from] ability: Sand Stream|[of] p2a: Tyranitar
|turn|1
|
|move|p2a: Tyranitar|Stealth Rock|p1a: Heatran
|-sidestart|p1: LadderTheSniper|move: Stealth Rock
|move|p1a: Heatran|Stealth Rock|p2a: Tyranitar
|-sidestart|p2: Katou Megumi lover|move: Stealth Rock
|
|-weather|Sandstorm|[upkeep]
|upkeep
|turn|2
|
|switch|p2a: Jellicent|Jellicent, F, shiny|100/100
|-damage|p2a: Jellicent|88/100|[from] Stealth Rock
|switch|p1a: Tangrowth|Tangrowth, M|100/100
|-damage|p1a: Tangrowth|88/100|[from] Stealth Rock
|
|-weather|Sandstorm|[upkeep]
|-damage|p2a: Jellicent|82/100|[from] sandstorm
|-damage|p1a: Tangrowth|82/100|[from] sandstorm
|-heal|p2a: Jellicent|88/100|[from] item: Leftovers
|-heal|p1a: Tangrowth|88/100|[from] item: Leftovers
|upkeep
|turn|3
|
|switch|p2a: Latias|Latias, F|100/100
|-damage|p2a: Latias|88/100|[from] Stealth Rock
|move|p1a: Tangrowth|Knock Off|p2a: Latias
|-supereffective|p2a: Latias
|-damage|p2a: Latias|79/100
|-enditem|p2a: Latias|Leftovers|[from] move: Knock Off|[of] p1a: Tangrowth
|
|-weather|Sandstorm|[upkeep]
|-damage|p2a: Latias|73/100|[from] sandstorm
|-damage|p1a: Tangrowth|82/100|[from] sandstorm
|-heal|p1a: Tangrowth|88/100|[from] item: Leftovers
|upkeep
|turn|4
|inactive|LadderTheSniper has 135 seconds left.
|
|switch|p2a: Gliscor|Gliscor, M|100/100
|-damage|p2a: Gliscor|88/100|[from] Stealth Rock
|switch|p1a: Heatran|Heatran, M|100/100
|-damage|p1a: Heatran|88/100|[from] Stealth Rock
|
|-weather|Sandstorm|[upkeep]
|-heal|p1a: Heatran|94/100|[from] item: Leftovers
|-status|p2a: Gliscor|tox|[from] item: Toxic Orb
|upkeep
|turn|5
|
|switch|p2a: Heatran|Heatran, F|100/100
|-damage|p2a: Heatran|88/100|[from] Stealth Rock
|switch|p1a: Tangrowth|Tangrowth, M|100/100
|-damage|p1a: Tangrowth|88/100|[from] Stealth Rock
|
|-weather|Sandstorm|[upkeep]
|-damage|p1a: Tangrowth|82/100|[from] sandstorm
|-heal|p2a: Heatran|94/100|[from] item: Leftovers
|-heal|p1a: Tangrowth|88/100|[from] item: Leftovers
|upkeep
|turn|6
|inactive|Katou Megumi lover has 135 seconds left.
|
|switch|p1a: Jellicent|Jellicent, F|100/100
|-damage|p1a: Jellicent|88/100|[from] Stealth Rock
|move|p2a: Heatran|Lava Plume|p1a: Jellicent
|-resisted|p1a: Jellicent
|-damage|p1a: Jellicent|78/100
|-status|p1a: Jellicent|brn
|
|-weather|Sandstorm|[upkeep]
|-damage|p1a: Jellicent|72/100 brn|[from] sandstorm
|-heal|p2a: Heatran|100/100|[from] item: Leftovers
|-heal|p1a: Jellicent|78/100 brn|[from] item: Leftovers
|-damage|p1a: Jellicent|65/100 brn|[from] brn
|upkeep
|turn|7
|
|move|p2a: Heatran|Torment|p1a: Jellicent
|-start|p1a: Jellicent|Torment
|move|p1a: Jellicent|Recover|p1a: Jellicent
|-heal|p1a: Jellicent|100/100 brn
|
|-weather|Sandstorm|[upkeep]
|-damage|p1a: Jellicent|94/100 brn|[from] sandstorm
|-heal|p1a: Jellicent|100/100 brn|[from] item: Leftovers
|-damage|p1a: Jellicent|88/100 brn|[from] brn
|upkeep
|turn|8
|
|move|p2a: Heatran|Substitute|p2a: Heatran
|-start|p2a: Heatran|Substitute
|-damage|p2a: Heatran|76/100
|move|p1a: Jellicent|Scald|p2a: Heatran
|-supereffective|p2a: Heatran
|-end|p2a: Heatran|Substitute
|
|-weather|Sandstorm|[upkeep]
|-damage|p1a: Jellicent|82/100 brn|[from] sandstorm
|-heal|p2a: Heatran|82/100|[from] item: Leftovers
|-heal|p1a: Jellicent|88/100 brn|[from] item: Leftovers
|-damage|p1a: Jellicent|76/100 brn|[from] brn
|upkeep
|turn|9
|
|move|p2a: Heatran|Substitute|p2a: Heatran
|-start|p2a: Heatran|Substitute
|-damage|p2a: Heatran|57/100
|move|p1a: Jellicent|Taunt|p2a: Heatran
|-start|p2a: Heatran|move: Taunt
|
|-weather|Sandstorm|[upkeep]
|-damage|p1a: Jellicent|70/100 brn|[from] sandstorm
|-heal|p2a: Heatran|63/100|[from] item: Leftovers
|-heal|p1a: Jellicent|76/100 brn|[from] item: Leftovers
|-damage|p1a: Jellicent|63/100 brn|[from] brn
|upkeep
|turn|10
|
|move|p2a: Heatran|Lava Plume|p1a: Jellicent
|-resisted|p1a: Jellicent
|-damage|p1a: Jellicent|52/100 brn
|move|p1a: Jellicent|Recover|p1a: Jellicent
|-heal|p1a: Jellicent|100/100 brn
|
|-weather|Sandstorm|[upkeep]
|-damage|p1a: Jellicent|94/100 brn|[from] sandstorm
|-heal|p2a: Heatran|69/100|[from] item: Leftovers
|-heal|p1a: Jellicent|100/100 brn|[from] item: Leftovers
|-damage|p1a: Jellicent|88/100 brn|[from] brn
|upkeep
|turn|11
|
|switch|p1a: Vaporeon|Vaporeon, F|100/100
|-damage|p1a: Vaporeon|88/100|[from] Stealth Rock
|move|p2a: Heatran|Lava Plume|p1a: Vaporeon
|-resisted|p1a: Vaporeon
|-crit|p1a: Vaporeon
|-damage|p1a: Vaporeon|61/100
|
|-weather|Sandstorm|[upkeep]
|-damage|p1a: Vaporeon|55/100|[from] sandstorm
|-heal|p2a: Heatran|76/100|[from] item: Leftovers
|-heal|p1a: Vaporeon|61/100|[from] item: Leftovers
|upkeep
|turn|12
|
|move|p2a: Heatran|Lava Plume|p1a: Vaporeon
|-resisted|p1a: Vaporeon
|-damage|p1a: Vaporeon|47/100
|move|p1a: Vaporeon|Wish|p1a: Vaporeon
|
|-weather|Sandstorm|[upkeep]
|-damage|p1a: Vaporeon|41/100|[from] sandstorm
|-heal|p2a: Heatran|82/100|[from] item: Leftovers
|-heal|p1a: Vaporeon|47/100|[from] item: Leftovers
|-end|p2a: Heatran|move: Taunt
|upkeep
|turn|13
|
|move|p2a: Heatran|Torment|p1a: Vaporeon
|-start|p1a: Vaporeon|Torment
|move|p1a: Vaporeon|Heal Bell|p1a: Vaporeon
|-activate|p1a: Vaporeon|move: Heal Bell
|-curestatus|p1: Jellicent|brn|[msg]
|
|-weather|Sandstorm|[upkeep]
|-damage|p1a: Vaporeon|41/100|[from] sandstorm
|-heal|p1a: Vaporeon|91/100|[from] move: Wish|[wisher] Vaporeon
|-heal|p2a: Heatran|88/100|[from] item: Leftovers
|-heal|p1a: Vaporeon|97/100|[from] item: Leftovers
|upkeep
|turn|14
|
|switch|p1a: Heatran|Heatran, M|94/100
|-damage|p1a: Heatran|82/100|[from] Stealth Rock
|move|p2a: Heatran|Lava Plume|p1a: Heatran
|-start|p1a: Heatran|ability: Flash Fire
|
|-weather|Sandstorm|[upkeep]
|-heal|p2a: Heatran|94/100|[from] item: Leftovers
|-heal|p1a: Heatran|88/100|[from] item: Leftovers
|upkeep
|turn|15
|
|move|p1a: Heatran|Protect|p1a: Heatran
|-singleturn|p1a: Heatran|Protect
|move|p2a: Heatran|Torment|p1a: Heatran
|-activate|p1a: Heatran|move: Protect
|
|-weather|Sandstorm|[upkeep]
|-heal|p2a: Heatran|100/100|[from] item: Leftovers
|-heal|p1a: Heatran|94/100|[from] item: Leftovers
|upkeep
|turn|16
|
|move|p2a: Heatran|Torment|p1a: Heatran
|-start|p1a: Heatran|Torment
|move|p1a: Heatran|Roar|p2a: Heatran
|drag|p2a: Latias|Latias, F|73/100
|-damage|p2a: Latias|61/100|[from] Stealth Rock
|
|-weather|Sandstorm|[upkeep]
|-damage|p2a: Latias|55/100|[from] sandstorm
|-heal|p1a: Heatran|100/100|[from] item: Leftovers
|upkeep
|turn|17
|
|move|p1a: Heatran|Protect|p1a: Heatran
|-singleturn|p1a: Heatran|Protect
|move|p2a: Latias|Roost|p2a: Latias
|-heal|p2a: Latias|100/100
|
|-weather|Sandstorm|[upkeep]
|-damage|p2a: Latias|94/100|[from] sandstorm
|upkeep
|turn|18
|
|move|p2a: Latias|Calm Mind|p2a: Latias
|-boost|p2a: Latias|spa|1
|-boost|p2a: Latias|spd|1
|move|p1a: Heatran|Roar|p2a: Latias
|drag|p2a: Heatran|Heatran, F|100/100
|-damage|p2a: Heatran|88/100|[from] Stealth Rock
|
|-weather|Sandstorm|[upkeep]
|-heal|p2a: Heatran|94/100|[from] item: Leftovers
|upkeep
|turn|19
|
|move|p2a: Heatran|Protect|p2a: Heatran
|-singleturn|p2a: Heatran|Protect
|move|p1a: Heatran|Stealth Rock|p2a: Heatran
|-fail|p1a: Heatran
|
|-weather|Sandstorm|[upkeep]
|-heal|p2a: Heatran|100/100|[from] item: Leftovers
|upkeep
|turn|20
|
|move|p2a: Heatran|Torment|p1a: Heatran
|-fail|p2a: Heatran
|move|p1a: Heatran|Roar|p2a: Heatran
|drag|p2a: Gliscor|Gliscor, M|88/100 tox
|-damage|p2a: Gliscor|76/100 tox|[from] Stealth Rock
|
|-weather|Sandstorm|[upkeep]
|-heal|p2a: Gliscor|88/100 tox|[from] ability: Poison Heal
|upkeep
|turn|21
|
|switch|p2a: Skarmory|Skarmory, M|100/100
|-damage|p2a: Skarmory|88/100|[from] Stealth Rock
|-end|p1a: Heatran|ability: Flash Fire|[silent]
|switch|p1a: Ferrothorn|Ferrothorn, F|100/100
|-damage|p1a: Ferrothorn|94/100|[from] Stealth Rock
|
|-weather|Sandstorm|[upkeep]
|-heal|p2a: Skarmory|94/100|[from] item: Leftovers
|-heal|p1a: Ferrothorn|100/100|[from] item: Leftovers
|upkeep
|turn|22
|
|move|p2a: Skarmory|Spikes|p1a: Ferrothorn
|-sidestart|p1: LadderTheSniper|Spikes
|move|p1a: Ferrothorn|Spikes|p2a: Skarmory
|-sidestart|p2: Katou Megumi lover|Spikes
|
|-weather|Sandstorm|[upkeep]
|-heal|p2a: Skarmory|99/100|[from] item: Leftovers
|upkeep
|turn|23
|
|move|p2a: Skarmory|Spikes|p1a: Ferrothorn
|-sidestart|p1: LadderTheSniper|Spikes
|move|p1a: Ferrothorn|Spikes|p2a: Skarmory
|-sidestart|p2: Katou Megumi lover|Spikes
|
|-weather|Sandstorm|[upkeep]
|-heal|p2a: Skarmory|100/100|[from] item: Leftovers
|upkeep
|turn|24
|
|switch|p1a: Excadrill|Excadrill, F|100/100
|-damage|p1a: Excadrill|97/100|[from] Stealth Rock
|-item|p1a: Excadrill|Air Balloon
|move|p2a: Skarmory|Spikes|p1a: Excadrill
|-sidestart|p1: LadderTheSniper|Spikes
|
|-weather|Sandstorm|[upkeep]
|upkeep
|turn|25
|
|move|p1a: Excadrill|Swords Dance|p1a: Excadrill
|-boost|p1a: Excadrill|atk|2
|move|p2a: Skarmory|Whirlwind|p1a: Excadrill
|drag|p1a: Tangrowth|Tangrowth, M|100/100
|-damage|p1a: Tangrowth|88/100|[from] Stealth Rock
|-damage|p1a: Tangrowth|63/100|[from] Spikes
|
|-weather|Sandstorm|[upkeep]
|-damage|p1a: Tangrowth|57/100|[from] sandstorm
|-heal|p1a: Tangrowth|63/100|[from] item: Leftovers
|upkeep
|turn|26
|
|move|p2a: Skarmory|Brave Bird|p1a: Tangrowth
|-supereffective|p1a: Tangrowth
|-damage|p1a: Tangrowth|28/100
|-damage|p2a: Skarmory|86/100|[from] Recoil|[of] p1a: Tangrowth
|move|p1a: Tangrowth|Knock Off|p2a: Skarmory
|-resisted|p2a: Skarmory
|-damage|p2a: Skarmory|85/100
|-enditem|p2a: Skarmory|Leftovers|[from] move: Knock Off|[of] p1a: Tangrowth
|
|-weather|Sandstorm|[upkeep]
|-damage|p1a: Tangrowth|21/100|[from] sandstorm
|-heal|p1a: Tangrowth|28/100|[from] item: Leftovers
|upkeep
|turn|27
|
|switch|p1a: Excadrill|Excadrill, F|97/100
|-damage|p1a: Excadrill|94/100|[from] Stealth Rock
|-item|p1a: Excadrill|Air Balloon
|move|p2a: Skarmory|Whirlwind|p1a: Excadrill
|drag|p1a: Ferrothorn|Ferrothorn, F|100/100
|-damage|p1a: Ferrothorn|94/100|[from] Stealth Rock
|-damage|p1a: Ferrothorn|69/100|[from] Spikes
|
|-weather|Sandstorm|[upkeep]
|-heal|p1a: Ferrothorn|75/100|[from] item: Leftovers
|upkeep
|turn|28
|
|move|p1a: Ferrothorn|Leech Seed|p2a: Skarmory
|-start|p2a: Skarmory|move: Leech Seed
|move|p2a: Skarmory|Whirlwind|p1a: Ferrothorn
|drag|p1a: Jellicent|Jellicent, F|88/100
|-damage|p1a: Jellicent|63/100|[from] Spikes
|-damage|p1a: Jellicent|51/100|[from] Stealth Rock
|
|-weather|Sandstorm|[upkeep]
|-damage|p1a: Jellicent|45/100|[from] sandstorm
|-heal|p1a: Jellicent|51/100|[from] item: Leftovers
|-damage|p2a: Skarmory|72/100|[from] Leech Seed|[of] p1a: Jellicent
|-heal|p1a: Jellicent|61/100|[silent]
|upkeep
|turn|29
|inactive|Katou Megumi lover has 135 seconds left.
|
|switch|p2a: Jellicent|Jellicent, F, shiny|88/100
|-damage|p2a: Jellicent|76/100|[from] Stealth Rock
|-damage|p2a: Jellicent|59/100|[from] Spikes
|move|p1a: Jellicent|Taunt|p2a: Jellicent
|-start|p2a: Jellicent|move: Taunt
|
|-weather|Sandstorm|[upkeep]
|-damage|p1a: Jellicent|55/100|[from] sandstorm
|-damage|p2a: Jellicent|53/100|[from] sandstorm
|-heal|p1a: Jellicent|61/100|[from] item: Leftovers
|-heal|p2a: Jellicent|59/100|[from] item: Leftovers
|upkeep
|turn|30
|
|move|p1a: Jellicent|Will-O-Wisp|p2a: Jellicent
|-status|p2a: Jellicent|brn
|move|p2a: Jellicent|Shadow Ball|p1a: Jellicent
|-supereffective|p1a: Jellicent
|-damage|p1a: Jellicent|28/100
|
|-weather|Sandstorm|[upkeep]
|-damage|p1a: Jellicent|22/100|[from] sandstorm
|-damage|p2a: Jellicent|53/100 brn|[from] sandstorm
|-heal|p1a: Jellicent|28/100|[from] item: Leftovers
|-heal|p2a: Jellicent|59/100 brn|[from] item: Leftovers
|-damage|p2a: Jellicent|47/100 brn|[from] brn
|upkeep
|turn|31
|
|move|p1a: Jellicent|Recover|p1a: Jellicent
|-heal|p1a: Jellicent|78/100
|move|p2a: Jellicent|Shadow Ball|p1a: Jellicent
|-supereffective|p1a: Jellicent
|-damage|p1a: Jellicent|46/100
|-unboost|p1a: Jellicent|spd|1
|
|-weather|Sandstorm|[upkeep]
|-damage|p1a: Jellicent|40/100|[from] sandstorm
|-damage|p2a: Jellicent|41/100 brn|[from] sandstorm
|-heal|p1a: Jellicent|46/100|[from] item: Leftovers
|-heal|p2a: Jellicent|47/100 brn|[from] item: Leftovers
|-damage|p2a: Jellicent|34/100 brn|[from] brn
|-end|p2a: Jellicent|move: Taunt
|upkeep
|turn|32
|inactive|LadderTheSniper has 135 seconds left.
|
|switch|p1a: Excadrill|Excadrill, F|94/100
|-damage|p1a: Excadrill|91/100|[from] Stealth Rock
|-item|p1a: Excadrill|Air Balloon
|move|p2a: Jellicent|Shadow Ball|p1a: Excadrill
|-resisted|p1a: Excadrill
|-damage|p1a: Excadrill|74/100
|-enditem|p1a: Excadrill|Air Balloon
|
|-weather|Sandstorm|[upkeep]
|-damage|p2a: Jellicent|28/100 brn|[from] sandstorm
|-heal|p2a: Jellicent|34/100 brn|[from] item: Leftovers
|-damage|p2a: Jellicent|22/100 brn|[from] brn
|upkeep
|turn|33
|
|move|p1a: Excadrill|Earthquake|p2a: Jellicent
|-damage|p2a: Jellicent|0 fnt
|faint|p2a: Jellicent
|
|-weather|Sandstorm|[upkeep]
|upkeep
|inactive|Katou Megumi lover has 135 seconds left.
|
|switch|p2a: Gliscor|Gliscor, M|88/100 tox
|-damage|p2a: Gliscor|76/100 tox|[from] Stealth Rock
|turn|34
|
|switch|p1a: Vaporeon|Vaporeon, F|97/100
|-damage|p1a: Vaporeon|85/100|[from] Stealth Rock
|-damage|p1a: Vaporeon|60/100|[from] Spikes
|move|p2a: Gliscor|Earthquake|p1a: Vaporeon
|-damage|p1a: Vaporeon|38/100
|
|-weather|Sandstorm|[upkeep]
|-damage|p1a: Vaporeon|32/100|[from] sandstorm
|-heal|p1a: Vaporeon|38/100|[from] item: Leftovers
|-heal|p2a: Gliscor|88/100 tox|[from] ability: Poison Heal
|upkeep
|turn|35
|
|move|p2a: Gliscor|Earthquake|p1a: Vaporeon
|-damage|p1a: Vaporeon|12/100
|move|p1a: Vaporeon|Wish|p1a: Vaporeon
|
|-weather|Sandstorm|[upkeep]
|-damage|p1a: Vaporeon|6/100|[from] sandstorm
|-heal|p1a: Vaporeon|12/100|[from] item: Leftovers
|-heal|p2a: Gliscor|100/100 tox|[from] ability: Poison Heal
|upkeep
|turn|36
|
|move|p1a: Vaporeon|Protect|p1a: Vaporeon
|-singleturn|p1a: Vaporeon|Protect
|move|p2a: Gliscor|Substitute|p2a: Gliscor
|-start|p2a: Gliscor|Substitute
|-damage|p2a: Gliscor|76/100 tox
|
|-weather|Sandstorm|[upkeep]
|-damage|p1a: Vaporeon|6/100|[from] sandstorm
|-heal|p1a: Vaporeon|56/100|[from] move: Wish|[wisher] Vaporeon
|-heal|p1a: Vaporeon|62/100|[from] item: Leftovers
|-heal|p2a: Gliscor|88/100 tox|[from] ability: Poison Heal
|upkeep
|turn|37
|
|move|p2a: Gliscor|Toxic|p1a: Vaporeon
|-status|p1a: Vaporeon|tox
|move|p1a: Vaporeon|Wish|p1a: Vaporeon
|
|-weather|Sandstorm|[upkeep]
|-damage|p1a: Vaporeon|56/100 tox|[from] sandstorm
|-heal|p1a: Vaporeon|62/100 tox|[from] item: Leftovers
|-heal|p2a: Gliscor|100/100 tox|[from] ability: Poison Heal
|-damage|p1a: Vaporeon|56/100 tox|[from] psn
|upkeep
|turn|38
|
|move|p2a: Gliscor|Earthquake|p1a: Vaporeon
|-damage|p1a: Vaporeon|32/100 tox
|move|p1a: Vaporeon|Heal Bell|p1a: Vaporeon
|-activate|p1a: Vaporeon|move: Heal Bell
|-curestatus|p1a: Vaporeon|tox|[msg]
|
|-weather|Sandstorm|[upkeep]
|-damage|p1a: Vaporeon|26/100|[from] sandstorm
|-heal|p1a: Vaporeon|76/100|[from] move: Wish|[wisher] Vaporeon
|-heal|p1a: Vaporeon|82/100|[from] item: Leftovers
|upkeep
|turn|39
|
|move|p2a: Gliscor|Toxic|p1a: Vaporeon
|-status|p1a: Vaporeon|tox
|move|p1a: Vaporeon|Wish|p1a: Vaporeon
|
|-weather|Sandstorm|[upkeep]
|-damage|p1a: Vaporeon|76/100 tox|[from] sandstorm
|-heal|p1a: Vaporeon|82/100 tox|[from] item: Leftovers
|-damage|p1a: Vaporeon|76/100 tox|[from] psn
|upkeep
|turn|40
|
|move|p2a: Gliscor|Earthquake|p1a: Vaporeon
|-damage|p1a: Vaporeon|52/100 tox
|move|p1a: Vaporeon|Heal Bell|p1a: Vaporeon
|-activate|p1a: Vaporeon|move: Heal Bell
|-curestatus|p1a: Vaporeon|tox|[msg]
|
|-weather|Sandstorm|[upkeep]
|-damage|p1a: Vaporeon|46/100|[from] sandstorm
|-heal|p1a: Vaporeon|96/100|[from] move: Wish|[wisher] Vaporeon
|-heal|p1a: Vaporeon|100/100|[from] item: Leftovers
|upkeep
|turn|41
|
|move|p2a: Gliscor|Toxic|p1a: Vaporeon
|-status|p1a: Vaporeon|tox
|move|p1a: Vaporeon|Wish|p1a: Vaporeon
|
|-weather|Sandstorm|[upkeep]
|-damage|p1a: Vaporeon|94/100 tox|[from] sandstorm
|-heal|p1a: Vaporeon|100/100 tox|[from] item: Leftovers
|-damage|p1a: Vaporeon|94/100 tox|[from] psn
|upkeep
|turn|42
|
|switch|p1a: Ferrothorn|Ferrothorn, F|75/100
|-damage|p1a: Ferrothorn|50/100|[from] Spikes
|-damage|p1a: Ferrothorn|44/100|[from] Stealth Rock
|move|p2a: Gliscor|Earthquake|p1a: Ferrothorn
|-damage|p1a: Ferrothorn|24/100
|
|-weather|Sandstorm|[upkeep]
|-heal|p1a: Ferrothorn|89/100|[from] move: Wish|[wisher] Vaporeon
|-heal|p1a: Ferrothorn|96/100|[from] item: Leftovers
|upkeep
|turn|43
|
|move|p2a: Gliscor|Earthquake|p1a: Ferrothorn
|-damage|p1a: Ferrothorn|74/100
|move|p1a: Ferrothorn|Spikes|p2a: Gliscor
|-sidestart|p2: Katou Megumi lover|Spikes
|
|-weather|Sandstorm|[upkeep]
|-heal|p1a: Ferrothorn|80/100|[from] item: Leftovers
|upkeep
|turn|44
|
|move|p2a: Gliscor|Earthquake|p1a: Ferrothorn
|-damage|p1a: Ferrothorn|58/100
|move|p1a: Ferrothorn|Power Whip|p2a: Gliscor
|-end|p2a: Gliscor|Substitute
|
|-weather|Sandstorm|[upkeep]
|-heal|p1a: Ferrothorn|64/100|[from] item: Leftovers
|upkeep
|turn|45
|
|move|p2a: Gliscor|Substitute|p2a: Gliscor
|-start|p2a: Gliscor|Substitute
|-damage|p2a: Gliscor|76/100 tox
|move|p1a: Ferrothorn|Power Whip|p2a: Gliscor
|-end|p2a: Gliscor|Substitute
|
|-weather|Sandstorm|[upkeep]
|-heal|p1a: Ferrothorn|71/100|[from] item: Leftovers
|-heal|p2a: Gliscor|88/100 tox|[from] ability: Poison Heal
|upkeep
|turn|46
|
|move|p2a: Gliscor|Protect|p2a: Gliscor
|-singleturn|p2a: Gliscor|Protect
|move|p1a: Ferrothorn|Leech Seed|p2a: Gliscor
|-activate|p2a: Gliscor|move: Protect
|
|-weather|Sandstorm|[upkeep]
|-heal|p1a: Ferrothorn|77/100|[from] item: Leftovers
|-heal|p2a: Gliscor|100/100 tox|[from] ability: Poison Heal
|upkeep
|turn|47
|
|switch|p2a: Skarmory|Skarmory, M|72/100
|-damage|p2a: Skarmory|60/100|[from] Stealth Rock
|move|p1a: Ferrothorn|Power Whip|p2a: Skarmory
|-resisted|p2a: Skarmory
|-damage|p2a: Skarmory|55/100
|
|-weather|Sandstorm|[upkeep]
|-heal|p1a: Ferrothorn|83/100|[from] item: Leftovers
|upkeep
|turn|48
|
|move|p2a: Skarmory|Roost|p2a: Skarmory
|-heal|p2a: Skarmory|100/100
|move|p1a: Ferrothorn|Leech Seed|p2a: Skarmory
|-start|p2a: Skarmory|move: Leech Seed
|
|-weather|Sandstorm|[upkeep]
|-heal|p1a: Ferrothorn|89/100|[from] item: Leftovers
|-damage|p2a: Skarmory|88/100|[from] Leech Seed|[of] p1a: Ferrothorn
|-heal|p1a: Ferrothorn|100/100|[silent]
|upkeep
|turn|49
|
|switch|p2a: Latias|Latias, F|94/100
|-damage|p2a: Latias|82/100|[from] Stealth Rock
|move|p1a: Ferrothorn|Spikes|p2a: Latias
|-fail|p1a: Ferrothorn
|
|-weather|Sandstorm|[upkeep]
|-damage|p2a: Latias|76/100|[from] sandstorm
|upkeep
|turn|50
|inactive|LadderTheSniper has 135 seconds left.
|inactive|LadderTheSniper has 120 seconds left.
|
|switch|p1a: Excadrill|Excadrill, F|74/100
|-damage|p1a: Excadrill|71/100|[from] Stealth Rock
|-damage|p1a: Excadrill|46/100|[from] Spikes
|move|p2a: Latias|Hidden Power|p1a: Excadrill
|-supereffective|p1a: Excadrill
|-damage|p1a: Excadrill|0 fnt
|faint|p1a: Excadrill
|
|-weather|Sandstorm|[upkeep]
|-damage|p2a: Latias|70/100|[from] sandstorm
|upkeep
|inactive|LadderTheSniper has 135 seconds left.
|
|switch|p1a: Vaporeon|Vaporeon, F|94/100 tox
|-damage|p1a: Vaporeon|82/100 tox|[from] Stealth Rock
|-damage|p1a: Vaporeon|57/100 tox|[from] Spikes
|turn|51
|
|move|p2a: Latias|Dragon Pulse|p1a: Vaporeon
|-damage|p1a: Vaporeon|21/100 tox
|move|p1a: Vaporeon|Wish|p1a: Vaporeon
|
|-weather|Sandstorm|[upkeep]
|-damage|p2a: Latias|64/100|[from] sandstorm
|-damage|p1a: Vaporeon|15/100 tox|[from] sandstorm
|-heal|p1a: Vaporeon|21/100 tox|[from] item: Leftovers
|-damage|p1a: Vaporeon|15/100 tox|[from] psn
|upkeep
|turn|52
|
|move|p1a: Vaporeon|Protect|p1a: Vaporeon
|-singleturn|p1a: Vaporeon|Protect
|move|p2a: Latias|Calm Mind|p2a: Latias
|-boost|p2a: Latias|spa|1
|-boost|p2a: Latias|spd|1
|
|-weather|Sandstorm|[upkeep]
|-damage|p2a: Latias|58/100|[from] sandstorm
|-damage|p1a: Vaporeon|8/100 tox|[from] sandstorm
|-heal|p1a: Vaporeon|58/100 tox|[from] move: Wish|[wisher] Vaporeon
|-heal|p1a: Vaporeon|65/100 tox|[from] item: Leftovers
|-damage|p1a: Vaporeon|52/100 tox|[from] psn
|upkeep
|turn|53
|
|switch|p1a: Heatran|Heatran, M|100/100
|-damage|p1a: Heatran|76/100|[from] Spikes
|-damage|p1a: Heatran|63/100|[from] Stealth Rock
|move|p2a: Latias|Dragon Pulse|p1a: Heatran
|-resisted|p1a: Heatran
|-damage|p1a: Heatran|42/100
|
|-weather|Sandstorm|[upkeep]
|-damage|p2a: Latias|51/100|[from] sandstorm
|-heal|p1a: Heatran|49/100|[from] item: Leftovers
|upkeep
|turn|54
|
|move|p1a: Heatran|Protect|p1a: Heatran
|-singleturn|p1a: Heatran|Protect
|move|p2a: Latias|Roost|p2a: Latias
|-heal|p2a: Latias|100/100
|
|-weather|Sandstorm|[upkeep]
|-damage|p2a: Latias|94/100|[from] sandstorm
|-heal|p1a: Heatran|55/100|[from] item: Leftovers
|upkeep
|turn|55
|
|move|p2a: Latias|Dragon Pulse|p1a: Heatran
|-resisted|p1a: Heatran
|-damage|p1a: Heatran|33/100
|move|p1a: Heatran|Roar|p2a: Latias
|drag|p2a: Tyranitar|Tyranitar, F|100/100
|-damage|p2a: Tyranitar|76/100|[from] Spikes
|-damage|p2a: Tyranitar|63/100|[from] Stealth Rock
|
|-weather|Sandstorm|[upkeep]
|-heal|p1a: Heatran|39/100|[from] item: Leftovers
|upkeep
|turn|56
|
|move|p1a: Heatran|Protect|p1a: Heatran
|-singleturn|p1a: Heatran|Protect
|move|p2a: Tyranitar|Superpower|p1a: Heatran
|-activate|p1a: Heatran|move: Protect
|
|-weather|Sandstorm|[upkeep]
|-heal|p1a: Heatran|46/100|[from] item: Leftovers
|upkeep
|turn|57
|
|switch|p1a: Jellicent|Jellicent, F|46/100
|-damage|p1a: Jellicent|21/100|[from] Spikes
|-damage|p1a: Jellicent|9/100|[from] Stealth Rock
|move|p2a: Tyranitar|Superpower|p1a: Jellicent
|-immune|p1a: Jellicent|[msg]
|
|-weather|Sandstorm|[upkeep]
|-damage|p1a: Jellicent|2/100|[from] sandstorm
|-heal|p1a: Jellicent|9/100|[from] item: Leftovers
|upkeep
|turn|58
|
|switch|p2a: Latias|Latias, F|94/100
|-damage|p2a: Latias|82/100|[from] Stealth Rock
|move|p1a: Jellicent|Recover|p1a: Jellicent
|-heal|p1a: Jellicent|59/100
|
|-weather|Sandstorm|[upkeep]
|-damage|p2a: Latias|76/100|[from] sandstorm
|-damage|p1a: Jellicent|52/100|[from] sandstorm
|-heal|p1a: Jellicent|59/100|[from] item: Leftovers
|upkeep
|turn|59
|
|move|p2a: Latias|Calm Mind|p2a: Latias
|-boost|p2a: Latias|spa|1
|-boost|p2a: Latias|spd|1
|move|p1a: Jellicent|Taunt|p2a: Latias
|-start|p2a: Latias|move: Taunt
|
|-weather|Sandstorm|[upkeep]
|-damage|p2a: Latias|70/100|[from] sandstorm
|-damage|p1a: Jellicent|52/100|[from] sandstorm
|-heal|p1a: Jellicent|59/100|[from] item: Leftovers
|upkeep
|turn|60
|
|move|p2a: Latias|Dragon Pulse|p1a: Jellicent
|-damage|p1a: Jellicent|19/100
|move|p1a: Jellicent|Recover|p1a: Jellicent
|-heal|p1a: Jellicent|69/100
|
|-weather|Sandstorm|[upkeep]
|-damage|p2a: Latias|64/100|[from] sandstorm
|-damage|p1a: Jellicent|63/100|[from] sandstorm
|-heal|p1a: Jellicent|69/100|[from] item: Leftovers
|upkeep
|turn|61
|
|move|p2a: Latias|Dragon Pulse|p1a: Jellicent
|-crit|p1a: Jellicent
|-damage|p1a: Jellicent|0 fnt
|faint|p1a: Jellicent
|
|-weather|Sandstorm|[upkeep]
|-damage|p2a: Latias|58/100|[from] sandstorm
|upkeep
|-message|LadderTheSniper forfeited.
|
|win|Katou Megumi lover
|l|☆LadderTheSniper
|raw|LadderTheSniper's rating: 1334 &rarr; <strong>1313</strong><br />(-21 for losing)
|raw|Katou Megumi lover's rating: 1324 &rarr; <strong>1345</strong><br />(+21 for winning)
