|j|☆baixiaohen
|j|☆EG Jhonx
|t:|1742090920
|gametype|singles
|player|p1|baixiaohen|steven|1353
|player|p2|EG Jhonx|#gscpl5ladderbayleefsaints|1436
|teamsize|p1|6
|teamsize|p2|6
|gen|5
|tier|[Gen 5] OU
|rated|
|rule|Species Clause: Limit one of each Pokémon
|rule|OHKO Clause: OHKO moves are banned
|rule|Moody Clause: Moody is banned
|rule|Evasion Items Clause: Evasion items are banned
|rule|Evasion Moves Clause: Evasion moves are banned
|rule|Endless Battle Clause: Forcing endless battles is banned
|rule|HP Percentage Mod: HP is shown in percentages
|rule|Evasion Abilities Clause: Evasion abilities are banned
|rule|Sleep Moves Clause: Sleep-inducing moves are banned
|rule|Swagger Clause: Swagger is banned
|rule|Baton Pass Stat Clause: No Baton Passer may have a way to boost its stats
|clearpoke
|poke|p1|Jirachi|item
|poke|p1|Scizor, M|item
|poke|p1|Celebi|item
|poke|p1|Gyarados, F|item
|poke|p1|Heatran, F|item
|poke|p1|Starmie|item
|poke|p2|Politoed, F|item
|poke|p2|Excadrill, M|item
|poke|p2|Ferrothorn, F|item
|poke|p2|Keldeo|item
|poke|p2|Starmie|item
|poke|p2|Tyranitar, F|item
|teampreview
|inactive|Battle timer is ON: inactive players will automatically lose when time's up. (requested by EG Jhonx)
|
|t:|1742090933
|start
|switch|p1a: Heatran|Heatran, F, shiny|100/100
|switch|p2a: Politoed|Politoed, F|100/100
|-weather|RainDance|[from] ability: Drizzle|[of] p2a: Politoed
|turn|1
|
|t:|1742090954
|switch|p1a: Celebi|Celebi|100/100
|move|p2a: Politoed|Scald|p1a: Celebi
|-resisted|p1a: Celebi
|-damage|p1a: Celebi|89/100
|
|-weather|RainDance|[upkeep]
|-heal|p1a: Celebi|96/100|[from] item: Leftovers
|upkeep
|turn|2
|
|t:|1742090963
|move|p1a: Celebi|Thunder Wave|p2a: Politoed
|-status|p2a: Politoed|par
|cant|p2a: Politoed|par
|
|-weather|RainDance|[upkeep]
|-heal|p1a: Celebi|100/100|[from] item: Leftovers
|upkeep
|turn|3
|
|t:|1742090968
|switch|p2a: Tyranitar|Tyranitar, F|100/100
|-weather|Sandstorm|[from] ability: Sand Stream|[of] p2a: Tyranitar
|move|p1a: Celebi|Giga Drain|p2a: Tyranitar
|-supereffective|p2a: Tyranitar
|-damage|p2a: Tyranitar|65/100
|
|-weather|Sandstorm|[upkeep]
|-damage|p1a: Celebi|94/100|[from] Sandstorm
|-heal|p1a: Celebi|100/100|[from] item: Leftovers
|upkeep
|turn|4
|
|t:|1742090978
|switch|p1a: Heatran|Heatran, F, shiny|100/100
|move|p2a: Tyranitar|Crunch|p1a: Heatran
|-resisted|p1a: Heatran
|-damage|p1a: Heatran|87/100
|-unboost|p1a: Heatran|def|1
|
|-weather|Sandstorm|[upkeep]
|-heal|p1a: Heatran|94/100|[from] item: Leftovers
|upkeep
|turn|5
|
|t:|1742090984
|switch|p2a: Politoed|Politoed, F|100/100 par
|-weather|RainDance|[from] ability: Drizzle|[of] p2a: Politoed
|move|p1a: Heatran|Will-O-Wisp||[still]
|-fail|p1a: Heatran
|
|-weather|RainDance|[upkeep]
|-heal|p1a: Heatran|99/100|[from] item: Leftovers
|upkeep
|turn|6
|
|t:|1742090992
|switch|p1a: Celebi|Celebi|100/100
|switch|p2a: Tyranitar|Tyranitar, F|65/100
|-weather|Sandstorm|[from] ability: Sand Stream|[of] p2a: Tyranitar
|
|-weather|Sandstorm|[upkeep]
|-damage|p1a: Celebi|94/100|[from] Sandstorm
|-heal|p1a: Celebi|100/100|[from] item: Leftovers
|upkeep
|turn|7
|
|t:|1742090998
|-activate|p1a: Celebi|move: Pursuit
|move|p2a: Tyranitar|Pursuit|p1a: Celebi|[from] Pursuit
|-supereffective|p1a: Celebi
|-damage|p1a: Celebi|36/100
|switch|p1a: Heatran|Heatran, F, shiny|99/100
|
|-weather|Sandstorm|[upkeep]
|-heal|p1a: Heatran|100/100|[from] item: Leftovers
|upkeep
|turn|8
|
|t:|1742091010
|switch|p2a: Keldeo|Keldeo|100/100
|move|p1a: Heatran|Stealth Rock|p2a: Keldeo
|-sidestart|p2: EG Jhonx|move: Stealth Rock
|
|-weather|Sandstorm|[upkeep]
|-damage|p2a: Keldeo|94/100|[from] Sandstorm
|upkeep
|turn|9
|
|t:|1742091016
|switch|p1a: Starmie|Starmie, shiny|100/100
|move|p2a: Keldeo|Calm Mind|p2a: Keldeo
|-boost|p2a: Keldeo|spa|1
|-boost|p2a: Keldeo|spd|1
|
|-weather|Sandstorm|[upkeep]
|-damage|p1a: Starmie|94/100|[from] Sandstorm
|-damage|p2a: Keldeo|88/100|[from] Sandstorm
|upkeep
|turn|10
|
|t:|1742091028
|move|p1a: Starmie|Trick|p2a: Keldeo
|-activate|p1a: Starmie|move: Trick|[of] p2a: Keldeo
|-item|p2a: Keldeo|Choice Specs|[from] move: Trick
|-item|p1a: Starmie|Salac Berry|[from] move: Trick
|move|p2a: Keldeo|Hidden Power|p1a: Starmie
|-supereffective|p1a: Starmie
|-crit|p1a: Starmie
|-damage|p1a: Starmie|0 fnt
|faint|p1a: Starmie
|
|-weather|Sandstorm|[upkeep]
|-damage|p2a: Keldeo|82/100|[from] Sandstorm
|upkeep
|j| EG Sato
|
|t:|1742091045
|switch|p1a: Scizor|Scizor, M|100/100
|turn|11
|
|t:|1742091050
|switch|p2a: Politoed|Politoed, F|100/100 par
|-damage|p2a: Politoed|88/100 par|[from] Stealth Rock
|-weather|RainDance|[from] ability: Drizzle|[of] p2a: Politoed
|move|p1a: Scizor|Superpower|p2a: Politoed
|-damage|p2a: Politoed|44/100 par
|-unboost|p1a: Scizor|atk|1
|-unboost|p1a: Scizor|def|1
|-damage|p1a: Scizor|91/100|[from] item: Life Orb
|
|-weather|RainDance|[upkeep]
|-heal|p2a: Politoed|50/100 par|[from] item: Leftovers
|upkeep
|turn|12
|
|t:|1742091059
|switch|p1a: Celebi|Celebi|36/100
|switch|p2a: Keldeo|Keldeo|82/100
|-damage|p2a: Keldeo|76/100|[from] Stealth Rock
|
|-weather|RainDance|[upkeep]
|-heal|p1a: Celebi|42/100|[from] item: Leftovers
|upkeep
|turn|13
|
|t:|1742091065
|move|p2a: Keldeo|Hidden Power|p1a: Celebi
|-supereffective|p1a: Celebi
|-crit|p1a: Celebi
|-damage|p1a: Celebi|0 fnt
|faint|p1a: Celebi
|
|-weather|RainDance|[upkeep]
|upkeep
|
|t:|1742091071
|switch|p1a: Scizor|Scizor, M|91/100
|turn|14
|
|t:|1742091078
|switch|p2a: Starmie|Starmie|100/100
|-damage|p2a: Starmie|88/100|[from] Stealth Rock
|move|p1a: Scizor|Swords Dance|p1a: Scizor
|-boost|p1a: Scizor|atk|2
|
|-weather|RainDance|[upkeep]
|upkeep
|turn|15
|
|t:|1742091082
|move|p1a: Scizor|Quick Attack|p2a: Starmie
|-damage|p2a: Starmie|5/100
|-damage|p1a: Scizor|81/100|[from] item: Life Orb
|move|p2a: Starmie|Surf|p1a: Scizor
|-damage|p1a: Scizor|0 fnt
|faint|p1a: Scizor
|
|-weather|RainDance|[upkeep]
|upkeep
|
|t:|1742091093
|switch|p1a: Jirachi|Jirachi, shiny|100/100
|turn|16
|
|t:|1742091099
|move|p1a: Jirachi|U-turn|p2a: Starmie
|-supereffective|p2a: Starmie
|-damage|p2a: Starmie|0 fnt
|faint|p2a: Starmie
|
|t:|1742091110
|switch|p1a: Gyarados|Gyarados, F, shiny|100/100|[from] U-turn
|
|-weather|RainDance|[upkeep]
|upkeep
|
|t:|1742091124
|switch|p2a: Keldeo|Keldeo|76/100
|-damage|p2a: Keldeo|70/100|[from] Stealth Rock
|turn|17
|
|t:|1742091128
|move|p2a: Keldeo|Hydro Pump|p1a: Gyarados|[miss]
|-miss|p2a: Keldeo|p1a: Gyarados
|move|p1a: Gyarados|Dragon Dance|p1a: Gyarados
|-boost|p1a: Gyarados|atk|1
|-boost|p1a: Gyarados|spe|1
|
|-weather|RainDance|[upkeep]
|upkeep
|turn|18
|
|t:|1742091139
|move|p1a: Gyarados|Dragon Dance|p1a: Gyarados
|-boost|p1a: Gyarados|atk|1
|-boost|p1a: Gyarados|spe|1
|move|p2a: Keldeo|Hydro Pump|p1a: Gyarados
|-resisted|p1a: Gyarados
|-damage|p1a: Gyarados|26/100
|
|-weather|RainDance|[upkeep]
|-heal|p1a: Gyarados|32/100|[from] item: Leftovers
|upkeep
|turn|19
|
|t:|1742091148
|switch|p2a: Tyranitar|Tyranitar, F|65/100
|-damage|p2a: Tyranitar|52/100|[from] Stealth Rock
|-weather|Sandstorm|[from] ability: Sand Stream|[of] p2a: Tyranitar
|move|p1a: Gyarados|Earthquake|p2a: Tyranitar
|-supereffective|p2a: Tyranitar
|-damage|p2a: Tyranitar|0 fnt
|faint|p2a: Tyranitar
|
|-weather|Sandstorm|[upkeep]
|-damage|p1a: Gyarados|26/100|[from] Sandstorm
|-heal|p1a: Gyarados|32/100|[from] item: Leftovers
|upkeep
|
|t:|1742091151
|switch|p2a: Ferrothorn|Ferrothorn, F|100/100
|-damage|p2a: Ferrothorn|94/100|[from] Stealth Rock
|turn|20
|
|t:|1742091156
|move|p1a: Gyarados|Earthquake|p2a: Ferrothorn
|-damage|p2a: Ferrothorn|37/100
|move|p2a: Ferrothorn|Power Whip|p1a: Gyarados
|-damage|p1a: Gyarados|0 fnt
|faint|p1a: Gyarados
|
|-weather|Sandstorm|[upkeep]
|-heal|p2a: Ferrothorn|43/100|[from] item: Leftovers
|upkeep
|
|t:|1742091177
|switch|p1a: Heatran|Heatran, F, shiny|100/100
|turn|21
|
|t:|1742091183
|switch|p2a: Politoed|Politoed, F|50/100 par
|-damage|p2a: Politoed|38/100 par|[from] Stealth Rock
|-weather|RainDance|[from] ability: Drizzle|[of] p2a: Politoed
|move|p1a: Heatran|Roar|p2a: Politoed
|drag|p2a: Keldeo|Keldeo|70/100
|-damage|p2a: Keldeo|63/100|[from] Stealth Rock
|
|-weather|RainDance|[upkeep]
|upkeep
|turn|22
|-message|baixiaohen forfeited.
|
|win|EG Jhonx
|raw|baixiaohen's rating: 1353 &rarr; <strong>1338</strong><br />(-15 for losing)
|raw|EG Jhonx's rating: 1436 &rarr; <strong>1451</strong><br />(+15 for winning)
|l|☆baixiaohen
|player|p1|
|c|☆EG Jhonx|gg
|j| Crowned Crystals ♔
|l| EG Sato
