|j|☆Spritzalcianuro96
|j|☆LoogiBaloogi
|t:|1596194418
|player|p1|Spritzalcianuro96|ghetsis-gen5bw|1402
|player|p2|LoogiBaloogi|136|1317
|teamsize|p1|6
|teamsize|p2|6
|gametype|singles
|gen|5
|tier|[Gen 5] OU
|rated|
|clearpoke
|poke|p1|Tyranitar, F|item
|poke|p1|Mienshao, F|item
|poke|p1|Keldeo|item
|poke|p1|Garchomp, M|item
|poke|p1|Hydreigon, M|item
|poke|p1|Jellicent, F|item
|poke|p2|Mamoswine, M|item
|poke|p2|Salamence, M|item
|poke|p2|Gengar, F|item
|poke|p2|Magnezone|item
|poke|p2|Volcarona, F|item
|poke|p2|Latios, M|
|rule|Species Clause: Limit one of each Pokémon
|rule|OHKO Clause: OHKO moves are banned
|rule|Moody Clause: Moody is banned
|rule|Evasion Moves Clause: Evasion moves are banned
|rule|Endless Battle Clause: Forcing endless battles is banned
|rule|HP Percentage Mod: HP is shown in percentages
|rule|Evasion Abilities Clause: Evasion abilities are banned
|rule|Baton Pass Clause: Limit one Baton Passer, can't pass Spe and other stats simultaneously
|rule|Sleep Clause: Sleep-inducing moves are banned
|rule|Swagger Clause: Swagger is banned
|teampreview
|inactive|Battle timer is ON: inactive players will automatically lose when time's up. (requested by LoogiBaloogi)
|
|t:|1596194470
|start
|switch|p1a: Mienshao|Mienshao, F|100/100
|switch|p2a: Mamoswine|Mamoswine, M|100/100
|turn|1
|
|t:|1596194475
|move|p1a: Mienshao|U-turn|p2a: Mamoswine
|-damage|p2a: Mamoswine|73/100
|
|t:|1596194479
|switch|p1a: Keldeo|Keldeo|100/100|[from]move: U-turn
|move|p2a: Mamoswine|Stealth Rock|p1a: Keldeo
|-sidestart|p1: Spritzalcianuro96|move: Stealth Rock
|
|upkeep
|turn|2
|
|t:|1596194489
|move|p1a: Keldeo|Scald|p2a: Mamoswine
|-supereffective|p2a: Mamoswine
|-damage|p2a: Mamoswine|0 fnt
|-damage|p1a: Keldeo|91/100|[from] item: Life Orb
|faint|p2a: Mamoswine
|
|upkeep
|
|t:|1596194495
|switch|p2a: Latios|Latios, M|100/100
|turn|3
|
|t:|1596194510
|move|p2a: Latios|Light Screen|p2a: Latios
|-sidestart|p2: LoogiBaloogi|move: Light Screen
|move|p1a: Keldeo|Icy Wind|p2a: Latios
|-supereffective|p2a: Latios
|-damage|p2a: Latios|81/100
|-unboost|p2a: Latios|spe|1
|-damage|p1a: Keldeo|81/100|[from] item: Life Orb
|
|upkeep
|turn|4
|
|t:|1596194529
|switch|p1a: Tyranitar|Tyranitar, F|100/100
|-damage|p1a: Tyranitar|88/100|[from] Stealth Rock
|-weather|Sandstorm|[from] ability: Sand Stream|[of] p1a: Tyranitar
|move|p2a: Latios|Reflect|p2a: Latios
|-sidestart|p2: LoogiBaloogi|Reflect
|
|-weather|Sandstorm|[upkeep]
|-damage|p2a: Latios|75/100|[from] Sandstorm
|upkeep
|turn|5
|
|t:|1596194535
|move|p2a: Latios|Memento|p1a: Tyranitar
|-unboost|p1a: Tyranitar|atk|2
|-unboost|p1a: Tyranitar|spa|2
|faint|p2a: Latios
|move|p1a: Tyranitar|Stone Edge|p2: Latios|[notarget]
|-fail|p1a: Tyranitar
|
|-weather|Sandstorm|[upkeep]
|upkeep
|
|t:|1596194538
|switch|p2a: Salamence|Salamence, M|100/100
|turn|6
|
|t:|1596194551
|move|p2a: Salamence|Dragon Dance|p2a: Salamence
|-boost|p2a: Salamence|atk|1
|-boost|p2a: Salamence|spe|1
|move|p1a: Tyranitar|Stone Edge|p2a: Salamence
|-supereffective|p2a: Salamence
|-damage|p2a: Salamence|43/100
|
|-weather|Sandstorm|[upkeep]
|-damage|p2a: Salamence|37/100|[from] Sandstorm
|-heal|p2a: Salamence|43/100|[from] item: Leftovers
|upkeep
|turn|7
|
|t:|1596194556
|move|p2a: Salamence|Earthquake|p1a: Tyranitar
|-supereffective|p1a: Tyranitar
|-damage|p1a: Tyranitar|0 fnt
|faint|p1a: Tyranitar
|-ability|p2a: Salamence|Moxie|boost
|-boost|p2a: Salamence|atk|1
|
|-weather|Sandstorm|[upkeep]
|-damage|p2a: Salamence|37/100|[from] Sandstorm
|-heal|p2a: Salamence|43/100|[from] item: Leftovers
|-sideend|p2: LoogiBaloogi|move: Light Screen
|upkeep
|
|t:|1596194560
|switch|p1a: Mienshao|Mienshao, F|100/100
|-damage|p1a: Mienshao|95/100|[from] Stealth Rock
|turn|8
|
|t:|1596194563
|move|p1a: Mienshao|Hidden Power|p2a: Salamence
|-supereffective|p2a: Salamence
|-damage|p2a: Salamence|0 fnt
|faint|p2a: Salamence
|
|-weather|Sandstorm|[upkeep]
|-damage|p1a: Mienshao|89/100|[from] Sandstorm
|-sideend|p2: LoogiBaloogi|Reflect
|upkeep
|
|t:|1596194568
|switch|p2a: Gengar|Gengar, F|100/100
|turn|9
|
|t:|1596194588
|switch|p1a: Hydreigon|Hydreigon, M|100/100
|-damage|p1a: Hydreigon|88/100|[from] Stealth Rock
|move|p2a: Gengar|Trick|p1a: Hydreigon
|-activate|p2a: Gengar|move: Trick|[of] p1a: Hydreigon
|-item|p1a: Hydreigon|Choice Scarf|[from] move: Trick
|-item|p2a: Gengar|Life Orb|[from] move: Trick
|
|-weather|Sandstorm|[upkeep]
|-damage|p1a: Hydreigon|82/100|[from] Sandstorm
|-damage|p2a: Gengar|94/100|[from] Sandstorm
|upkeep
|turn|10
|
|t:|1596194601
|move|p1a: Hydreigon|Dark Pulse|p2a: Gengar
|-supereffective|p2a: Gengar
|-damage|p2a: Gengar|0 fnt
|faint|p2a: Gengar
|
|-weather|Sandstorm|[upkeep]
|-damage|p1a: Hydreigon|76/100|[from] Sandstorm
|upkeep
|
|t:|1596194606
|switch|p2a: Volcarona|Volcarona, F|100/100
|turn|11
|
|t:|1596194614
|switch|p1a: Mienshao|Mienshao, F|89/100
|-damage|p1a: Mienshao|83/100|[from] Stealth Rock
|move|p2a: Volcarona|Quiver Dance|p2a: Volcarona
|-boost|p2a: Volcarona|spa|1
|-boost|p2a: Volcarona|spd|1
|-boost|p2a: Volcarona|spe|1
|
|-weather|Sandstorm|[upkeep]
|-damage|p1a: Mienshao|77/100|[from] Sandstorm
|-damage|p2a: Volcarona|94/100|[from] Sandstorm
|-heal|p2a: Volcarona|100/100|[from] item: Leftovers
|upkeep
|turn|12
|
|t:|1596194617
|move|p1a: Mienshao|Stone Edge|p2a: Volcarona
|-supereffective|p2a: Volcarona
|-damage|p2a: Volcarona|0 fnt
|faint|p2a: Volcarona
|
|-weather|Sandstorm|[upkeep]
|-damage|p1a: Mienshao|71/100|[from] Sandstorm
|upkeep
|-message|LoogiBaloogi forfeited.
|
|win|Spritzalcianuro96
|l|☆LoogiBaloogi
|raw|Spritzalcianuro96's rating: 1402 &rarr; <strong>1417</strong><br />(+15 for winning)
|raw|LoogiBaloogi's rating: 1317 &rarr; <strong>1301</strong><br />(-16 for losing)
