|j|☆Primary Trout
|j|☆du11
|t:|1705165247
|gametype|singles
|player|p1|Primary Trout|clay|1313
|player|p2|du11|plasmagrunt-gen5bw|1400
|teamsize|p1|6
|teamsize|p2|6
|gen|5
|tier|[Gen 5] OU
|rated|
|rule|Species Clause: Limit one of each Pokémon
|rule|OHKO Clause: OHKO moves are banned
|rule|Moody Clause: Moody is banned
|rule|Evasion Items Clause: Evasion items are banned
|rule|Evasion Moves Clause: Evasion moves are banned
|rule|Endless Battle Clause: Forcing endless battles is banned
|rule|HP Percentage Mod: HP is shown in percentages
|rule|Evasion Abilities Clause: Evasion abilities are banned
|rule|Sleep Moves Clause: Sleep-inducing moves are banned
|rule|Swagger Clause: Swagger is banned
|rule|Baton Pass Stat Clause: No Baton Passer may have a way to boost its stats
|clearpoke
|poke|p1|Salamence, M|item
|poke|p1|Scizor, F|item
|poke|p1|Gastrodon, F|item
|poke|p1|Conkeldurr, F|item
|poke|p1|Reuniclus, M|item
|poke|p1|Tyranitar, F|item
|poke|p2|Mamoswine, F|item
|poke|p2|Abomasnow, M|item
|poke|p2|Victini|item
|poke|p2|Starmie|item
|poke|p2|Scizor, F|item
|poke|p2|Kyurem-Black|item
|teampreview
|inactive|Battle timer is ON: inactive players will automatically lose when time's up. (requested by Primary Trout)
|
|t:|1705165262
|start
|switch|p1a: Tyranitar|Tyranitar, F|100/100
|switch|p2a: Scizor|Scizor, F|100/100
|-weather|Sandstorm|[from] ability: Sand Stream|[of] p1a: Tyranitar
|turn|1
|
|t:|1705165273
|switch|p1a: Scizor|Scizor, F|100/100
|move|p2a: Scizor|U-turn|p1a: Scizor
|-resisted|p1a: Scizor
|-damage|p1a: Scizor|80/100
|
|t:|1705165283
|switch|p2a: Victini|Victini|100/100|[from] U-turn
|
|-weather|Sandstorm|[upkeep]
|-damage|p2a: Victini|94/100|[from] Sandstorm
|upkeep
|turn|2
|
|t:|1705165294
|switch|p1a: Gastrodon|Gastrodon, F|100/100
|move|p2a: Victini|U-turn|p1a: Gastrodon
|-damage|p1a: Gastrodon|81/100
|-damage|p2a: Victini|84/100|[from] item: Life Orb
|
|t:|1705165297
|switch|p2a: Abomasnow|Abomasnow, M|100/100|[from] U-turn
|-weather|Hail|[from] ability: Snow Warning|[of] p2a: Abomasnow
|
|-weather|Hail|[upkeep]
|-damage|p1a: Gastrodon|75/100|[from] Hail
|-heal|p1a: Gastrodon|81/100|[from] item: Leftovers
|upkeep
|turn|3
|
|t:|1705165307
|switch|p2a: Scizor|Scizor, F|100/100
|switch|p1a: Reuniclus|Reuniclus, M|100/100
|
|-weather|Hail|[upkeep]
|-damage|p2a: Scizor|94/100|[from] Hail
|upkeep
|turn|4
|
|t:|1705165313
|switch|p1a: Conkeldurr|Conkeldurr, F|100/100
|move|p2a: Scizor|U-turn|p1a: Conkeldurr
|-resisted|p1a: Conkeldurr
|-damage|p1a: Conkeldurr|85/100
|
|t:|1705165335
|switch|p2a: Victini|Victini|84/100|[from] U-turn
|
|-weather|Hail|[upkeep]
|-damage|p2a: Victini|78/100|[from] Hail
|-damage|p1a: Conkeldurr|79/100|[from] Hail
|-heal|p1a: Conkeldurr|85/100|[from] item: Leftovers
|upkeep
|turn|5
|
|t:|1705165342
|switch|p1a: Gastrodon|Gastrodon, F|81/100
|move|p2a: Victini|V-create|p1a: Gastrodon
|-resisted|p1a: Gastrodon
|-damage|p1a: Gastrodon|43/100
|-unboost|p2a: Victini|spe|1
|-unboost|p2a: Victini|def|1
|-unboost|p2a: Victini|spd|1
|-damage|p2a: Victini|68/100|[from] item: Life Orb
|
|-weather|Hail|[upkeep]
|-damage|p2a: Victini|62/100|[from] Hail
|-damage|p1a: Gastrodon|36/100|[from] Hail
|-heal|p1a: Gastrodon|43/100|[from] item: Leftovers
|upkeep
|turn|6
|
|t:|1705165345
|move|p2a: Victini|U-turn|p1a: Gastrodon
|-damage|p1a: Gastrodon|22/100
|-damage|p2a: Victini|52/100|[from] item: Life Orb
|
|t:|1705165351
|switch|p2a: Scizor|Scizor, F|94/100|[from] U-turn
|move|p1a: Gastrodon|Recover|p1a: Gastrodon
|-heal|p1a: Gastrodon|72/100
|
|-weather|Hail|[upkeep]
|-damage|p2a: Scizor|88/100|[from] Hail
|-damage|p1a: Gastrodon|66/100|[from] Hail
|-heal|p1a: Gastrodon|72/100|[from] item: Leftovers
|upkeep
|turn|7
|
|t:|1705165355
|move|p2a: Scizor|U-turn|p1a: Gastrodon
|-damage|p1a: Gastrodon|42/100
|
|t:|1705165368
|switch|p2a: Kyurem|Kyurem-Black|100/100|[from] U-turn
|-ability|p2a: Kyurem|Teravolt
|move|p1a: Gastrodon|Recover|p1a: Gastrodon
|-heal|p1a: Gastrodon|92/100
|
|-weather|Hail|[upkeep]
|-damage|p1a: Gastrodon|86/100|[from] Hail
|-heal|p1a: Gastrodon|92/100|[from] item: Leftovers
|upkeep
|turn|8
|
|t:|1705165372
|switch|p1a: Scizor|Scizor, F|80/100
|move|p2a: Kyurem|Substitute|p2a: Kyurem
|-start|p2a: Kyurem|Substitute
|-damage|p2a: Kyurem|76/100
|
|-weather|Hail|[upkeep]
|-damage|p1a: Scizor|73/100|[from] Hail
|-heal|p2a: Kyurem|82/100|[from] item: Leftovers
|upkeep
|turn|9
|
|t:|1705165378
|move|p2a: Kyurem|Fusion Bolt|p1a: Scizor
|-damage|p1a: Scizor|32/100
|move|p1a: Scizor|U-turn|p2a: Kyurem
|-end|p2a: Kyurem|Substitute
|
|t:|1705165381
|switch|p1a: Tyranitar|Tyranitar, F|100/100|[from] U-turn
|-weather|Sandstorm|[from] ability: Sand Stream|[of] p1a: Tyranitar
|
|-weather|Sandstorm|[upkeep]
|-damage|p2a: Kyurem|76/100|[from] Sandstorm
|-heal|p2a: Kyurem|82/100|[from] item: Leftovers
|upkeep
|turn|10
|
|t:|1705165387
|switch|p2a: Mamoswine|Mamoswine, F|100/100
|move|p1a: Tyranitar|Stealth Rock|p2a: Mamoswine
|-sidestart|p2: du11|move: Stealth Rock
|
|-weather|Sandstorm|[upkeep]
|upkeep
|turn|11
|
|t:|1705165391
|switch|p1a: Conkeldurr|Conkeldurr, F|85/100
|move|p2a: Mamoswine|Earthquake|p1a: Conkeldurr
|-damage|p1a: Conkeldurr|39/100
|
|-weather|Sandstorm|[upkeep]
|-damage|p1a: Conkeldurr|33/100|[from] Sandstorm
|-heal|p1a: Conkeldurr|39/100|[from] item: Leftovers
|upkeep
|turn|12
|
|t:|1705165395
|move|p1a: Conkeldurr|Mach Punch|p2a: Mamoswine
|-supereffective|p2a: Mamoswine
|-damage|p2a: Mamoswine|45/100
|move|p2a: Mamoswine|Earthquake|p1a: Conkeldurr
|-damage|p1a: Conkeldurr|0 fnt
|faint|p1a: Conkeldurr
|
|-weather|Sandstorm|[upkeep]
|upkeep
|
|t:|1705165398
|switch|p1a: Scizor|Scizor, F|32/100
|turn|13
|
|t:|1705165401
|switch|p2a: Scizor|Scizor, F|88/100
|-damage|p2a: Scizor|76/100|[from] Stealth Rock
|move|p1a: Scizor|Bullet Punch|p2a: Scizor
|-resisted|p2a: Scizor
|-damage|p2a: Scizor|44/100
|
|-weather|Sandstorm|[upkeep]
|upkeep
|turn|14
|
|t:|1705165405
|switch|p1a: Salamence|Salamence, M|100/100
|move|p2a: Scizor|U-turn|p1a: Salamence
|-resisted|p1a: Salamence
|-damage|p1a: Salamence|75/100
|
|t:|1705165411
|switch|p2a: Mamoswine|Mamoswine, F|45/100|[from] U-turn
|-damage|p2a: Mamoswine|33/100|[from] Stealth Rock
|
|-weather|Sandstorm|[upkeep]
|-damage|p1a: Salamence|69/100|[from] Sandstorm
|upkeep
|turn|15
|
|t:|1705165416
|switch|p1a: Scizor|Scizor, F|32/100
|move|p2a: Mamoswine|Ice Shard|p1a: Scizor
|-resisted|p1a: Scizor
|-damage|p1a: Scizor|18/100
|
|-weather|Sandstorm|[upkeep]
|upkeep
|turn|16
|
|t:|1705165435
|switch|p2a: Abomasnow|Abomasnow, M|100/100
|-damage|p2a: Abomasnow|76/100|[from] Stealth Rock
|-weather|Hail|[from] ability: Snow Warning|[of] p2a: Abomasnow
|move|p1a: Scizor|Bullet Punch|p2a: Abomasnow
|-supereffective|p2a: Abomasnow
|-damage|p2a: Abomasnow|0 fnt
|faint|p2a: Abomasnow
|
|-weather|Hail|[upkeep]
|-damage|p1a: Scizor|12/100|[from] Hail
|upkeep
|
|t:|1705165437
|switch|p2a: Mamoswine|Mamoswine, F|33/100
|-damage|p2a: Mamoswine|20/100|[from] Stealth Rock
|turn|17
|
|t:|1705165440
|move|p2a: Mamoswine|Ice Shard|p1a: Scizor
|-resisted|p1a: Scizor
|-damage|p1a: Scizor|0 fnt
|faint|p1a: Scizor
|
|-weather|Hail|[upkeep]
|upkeep
|
|t:|1705165442
|switch|p1a: Tyranitar|Tyranitar, F|100/100
|-weather|Sandstorm|[from] ability: Sand Stream|[of] p1a: Tyranitar
|turn|18
|
|t:|1705165447
|move|p2a: Mamoswine|Earthquake|p1a: Tyranitar
|-supereffective|p1a: Tyranitar
|-damage|p1a: Tyranitar|15/100
|move|p1a: Tyranitar|Crunch|p2a: Mamoswine
|-damage|p2a: Mamoswine|0 fnt
|faint|p2a: Mamoswine
|
|-weather|Sandstorm|[upkeep]
|upkeep
|
|t:|1705165453
|switch|p2a: Victini|Victini|52/100
|-damage|p2a: Victini|27/100|[from] Stealth Rock
|turn|19
|
|t:|1705165458
|move|p2a: Victini|Glaciate|p1a: Tyranitar
|-damage|p1a: Tyranitar|7/100
|-unboost|p1a: Tyranitar|spe|1
|-damage|p2a: Victini|17/100|[from] item: Life Orb
|move|p1a: Tyranitar|Crunch|p2a: Victini
|-supereffective|p2a: Victini
|-damage|p2a: Victini|0 fnt
|faint|p2a: Victini
|
|-weather|Sandstorm|[upkeep]
|upkeep
|
|t:|1705165463
|switch|p2a: Scizor|Scizor, F|44/100
|-damage|p2a: Scizor|31/100|[from] Stealth Rock
|turn|20
|
|t:|1705165466
|move|p2a: Scizor|U-turn|p1a: Tyranitar
|-supereffective|p1a: Tyranitar
|-damage|p1a: Tyranitar|0 fnt
|faint|p1a: Tyranitar
|
|t:|1705165472
|switch|p2a: Kyurem|Kyurem-Black|82/100|[from] U-turn
|-damage|p2a: Kyurem|57/100|[from] Stealth Rock
|-ability|p2a: Kyurem|Teravolt
|
|-weather|Sandstorm|[upkeep]
|-damage|p2a: Kyurem|51/100|[from] Sandstorm
|-heal|p2a: Kyurem|57/100|[from] item: Leftovers
|upkeep
|
|t:|1705165476
|switch|p1a: Salamence|Salamence, M|69/100
|turn|21
|
|t:|1705165480
|move|p1a: Salamence|Dragon Claw|p2a: Kyurem
|-supereffective|p2a: Kyurem
|-damage|p2a: Kyurem|0 fnt
|faint|p2a: Kyurem
|-ability|p1a: Salamence|Moxie|boost
|-boost|p1a: Salamence|atk|1
|
|-weather|Sandstorm|[upkeep]
|-damage|p1a: Salamence|63/100|[from] Sandstorm
|upkeep
|
|t:|1705165482
|switch|p2a: Starmie|Starmie|100/100
|-damage|p2a: Starmie|88/100|[from] Stealth Rock
|-item|p2a: Starmie|Air Balloon
|turn|22
|
|t:|1705165485
|move|p1a: Salamence|Dragon Claw|p2a: Starmie
|-damage|p2a: Starmie|0 fnt
|-enditem|p2a: Starmie|Air Balloon
|faint|p2a: Starmie
|-ability|p1a: Salamence|Moxie|boost
|-boost|p1a: Salamence|atk|1
|
|-weather|Sandstorm|[upkeep]
|-damage|p1a: Salamence|57/100|[from] Sandstorm
|upkeep
|
|t:|1705165487
|switch|p2a: Scizor|Scizor, F|31/100
|-damage|p2a: Scizor|19/100|[from] Stealth Rock
|turn|23
|
|t:|1705165489
|move|p2a: Scizor|Bullet Punch|p1a: Salamence
|-crit|p1a: Salamence
|-damage|p1a: Salamence|0 fnt
|faint|p1a: Salamence
|
|-weather|Sandstorm|[upkeep]
|upkeep
|
|t:|1705165492
|switch|p1a: Reuniclus|Reuniclus, M|100/100
|turn|24
|
|t:|1705165494
|move|p2a: Scizor|Bullet Punch|p1a: Reuniclus
|-damage|p1a: Reuniclus|70/100
|move|p1a: Reuniclus|Psychic|p2a: Scizor
|-resisted|p2a: Scizor
|-damage|p2a: Scizor|0 fnt
|faint|p2a: Scizor
|
|win|Primary Trout
|raw|Primary Trout's rating: 1313 &rarr; <strong>1338</strong><br />(+25 for winning)
|raw|du11's rating: 1400 &rarr; <strong>1375</strong><br />(-25 for losing)
