|j|☆Roballo
|j|☆Fratm Gino
|player|p1|Roballo|70|1503
|player|p2|Fratm Gino|129|1246
|teamsize|p1|6
|teamsize|p2|6
|gametype|singles
|gen|5
|tier|[Gen 5] OU
|rated|
|rule|Sleep Clause Mod: Limit one foe put to sleep
|rule|Species Clause: Limit one of each Pokémon
|rule|OHKO Clause: OHKO moves are banned
|rule|Moody Clause: Moody is banned
|rule|Evasion Moves Clause: Evasion moves are banned
|rule|Endless Battle Clause: Forcing endless battles is banned
|rule|HP Percentage Mod: HP is shown in percentages
|rule|Evasion Abilities Clause: Evasion abilities are banned
|rule|Baton Pass Clause: Limit one Baton Passer, can't pass Spe and other stats simultaneously
|rule|Swagger Clause: Swagger is banned
|clearpoke
|poke|p1|Jirachi|item
|poke|p1|Politoed, F|item
|poke|p1|Jellicent, F|item
|poke|p1|Chansey, F|item
|poke|p1|Ferrothorn, M|item
|poke|p1|Xatu, F|item
|poke|p2|Politoed, F|item
|poke|p2|Ferrothorn, M|item
|poke|p2|Tentacruel, F|item
|poke|p2|Reuniclus, M|item
|poke|p2|Latios, M|item
|poke|p2|Landorus-Therian, M|item
|teampreview
|inactive|Battle timer is ON: inactive players will automatically lose when time's up. (requested by Fratm Gino)
|
|start
|switch|p1a: Ferrothorn|Ferrothorn, M|100/100
|switch|p2a: Tentacruel|Tentacruel, F|100/100
|turn|1
|
|move|p2a: Tentacruel|Scald|p1a: Ferrothorn
|-resisted|p1a: Ferrothorn
|-damage|p1a: Ferrothorn|92/100
|move|p1a: Ferrothorn|Leech Seed|p2a: Tentacruel
|-start|p2a: Tentacruel|move: Leech Seed
|
|-heal|p1a: Ferrothorn|99/100|[from] item: Leftovers
|-damage|p2a: Tentacruel|88/100|[from] Leech Seed|[of] p1a: Ferrothorn
|-heal|p1a: Ferrothorn|100/100|[silent]
|upkeep
|turn|2
|
|switch|p1a: Jellicent|Jellicent, F|100/100
|move|p2a: Tentacruel|Scald|p1a: Jellicent
|-immune|p1a: Jellicent|[from] ability: Water Absorb
|
|-heal|p2a: Tentacruel|94/100|[from] item: Black Sludge
|-damage|p2a: Tentacruel|82/100|[from] Leech Seed|[of] p1a: Jellicent
|upkeep
|turn|3
|
|switch|p2a: Reuniclus|Reuniclus, M|100/100
|move|p1a: Jellicent|Toxic|p2a: Reuniclus|[miss]
|-miss|p1a: Jellicent|p2a: Reuniclus
|
|upkeep
|turn|4
|
|switch|p2a: Tentacruel|Tentacruel, F|82/100
|move|p1a: Jellicent|Shadow Ball|p2a: Tentacruel
|-damage|p2a: Tentacruel|62/100
|
|-heal|p2a: Tentacruel|68/100|[from] item: Black Sludge
|upkeep
|turn|5
|
|move|p2a: Tentacruel|Toxic|p1a: Jellicent
|-status|p1a: Jellicent|tox
|move|p1a: Jellicent|Scald|p2a: Tentacruel
|-resisted|p2a: Tentacruel
|-damage|p2a: Tentacruel|57/100
|
|-heal|p2a: Tentacruel|64/100|[from] item: Black Sludge
|-damage|p1a: Jellicent|94/100 tox|[from] psn
|upkeep
|turn|6
|
|move|p2a: Tentacruel|Protect|p2a: Tentacruel
|-singleturn|p2a: Tentacruel|Protect
|move|p1a: Jellicent|Scald|p2a: Tentacruel
|-activate|p2a: Tentacruel|move: Protect
|
|-heal|p2a: Tentacruel|70/100|[from] item: Black Sludge
|-heal|p1a: Jellicent|100/100 tox|[from] item: Leftovers
|-damage|p1a: Jellicent|88/100 tox|[from] psn
|upkeep
|turn|7
|
|switch|p2a: Politoed|Politoed, F|100/100
|-weather|RainDance|[from] ability: Drizzle|[of] p2a: Politoed
|switch|p1a: Ferrothorn|Ferrothorn, M|100/100
|
|-weather|RainDance|[upkeep]
|upkeep
|turn|8
|
|move|p2a: Politoed|Hypnosis|p1a: Ferrothorn
|-status|p1a: Ferrothorn|slp|[from] move: Hypnosis
|cant|p1a: Ferrothorn|slp
|
|-weather|RainDance|[upkeep]
|upkeep
|turn|9
|
|switch|p2a: Reuniclus|Reuniclus, M|100/100
|cant|p1a: Ferrothorn|slp
|
|-weather|RainDance|[upkeep]
|upkeep
|turn|10
|
|move|p2a: Reuniclus|Calm Mind|p2a: Reuniclus
|-boost|p2a: Reuniclus|spa|1
|-boost|p2a: Reuniclus|spd|1
|cant|p1a: Ferrothorn|slp
|
|-weather|RainDance|[upkeep]
|upkeep
|turn|11
|
|move|p2a: Reuniclus|Calm Mind|p2a: Reuniclus
|-boost|p2a: Reuniclus|spa|1
|-boost|p2a: Reuniclus|spd|1
|-curestatus|p1a: Ferrothorn|slp|[msg]
|move|p1a: Ferrothorn|Spikes|p2a: Reuniclus
|-sidestart|p2: Fratm Gino|Spikes
|
|-weather|RainDance|[upkeep]
|upkeep
|turn|12
|
|switch|p1a: Politoed|Politoed, F|100/100
|move|p2a: Reuniclus|Calm Mind|p2a: Reuniclus
|-boost|p2a: Reuniclus|spa|1
|-boost|p2a: Reuniclus|spd|1
|
|-weather|RainDance|[upkeep]
|upkeep
|turn|13
|
|move|p1a: Politoed|Encore|p2a: Reuniclus
|-start|p2a: Reuniclus|Encore
|move|p2a: Reuniclus|Calm Mind|p2a: Reuniclus
|-boost|p2a: Reuniclus|spa|1
|-boost|p2a: Reuniclus|spd|1
|
|-weather|RainDance|[upkeep]
|upkeep
|turn|14
|
|switch|p1a: Jirachi|Jirachi|100/100
|move|p2a: Reuniclus|Calm Mind|p2a: Reuniclus
|-boost|p2a: Reuniclus|spa|1
|-boost|p2a: Reuniclus|spd|1
|
|-weather|RainDance|[upkeep]
|upkeep
|turn|15
|
|move|p1a: Jirachi|Calm Mind|p1a: Jirachi
|-boost|p1a: Jirachi|spa|1
|-boost|p1a: Jirachi|spd|1
|move|p2a: Reuniclus|Calm Mind|p2a: Reuniclus
|-boost|p2a: Reuniclus|spa|1
|-boost|p2a: Reuniclus|spd|1
|
|-weather|RainDance|[upkeep]
|-end|p2a: Reuniclus|Encore
|upkeep
|turn|16
|
|move|p1a: Jirachi|Calm Mind|p1a: Jirachi
|-boost|p1a: Jirachi|spa|1
|-boost|p1a: Jirachi|spd|1
|move|p2a: Reuniclus|Thunder|p1a: Jirachi
|-damage|p1a: Jirachi|46/100
|
|-weather|RainDance|[upkeep]
|-heal|p1a: Jirachi|52/100|[from] item: Leftovers
|upkeep
|turn|17
|
|move|p1a: Jirachi|Thunder|p2a: Reuniclus
|-crit|p2a: Reuniclus
|-damage|p2a: Reuniclus|0 fnt
|faint|p2a: Reuniclus
|
|-weather|RainDance|[upkeep]
|-heal|p1a: Jirachi|58/100|[from] item: Leftovers
|upkeep
|c|☆Fratm Gino|Pk
|c|☆Fratm Gino|you lost 6-0
|c|☆Fratm Gino|fuck hax
|
|switch|p2a: Landorus|Landorus-Therian, M|100/100
|-ability|p2a: Landorus|Intimidate|boost
|-unboost|p1a: Jirachi|atk|1
|turn|18
|
|switch|p1a: Xatu|Xatu, F|100/100
|move|p2a: Landorus|Earthquake|p1a: Xatu
|-immune|p1a: Xatu
|
|-weather|RainDance|[upkeep]
|upkeep
|turn|19
|
|switch|p2a: Ferrothorn|Ferrothorn, M|100/100
|-damage|p2a: Ferrothorn|88/100|[from] Spikes
|move|p1a: Xatu|U-turn|p2a: Ferrothorn
|-damage|p2a: Ferrothorn|79/100
|-damage|p1a: Xatu|88/100|[from] ability: Iron Barbs|[of] p2a: Ferrothorn
|
|switch|p1a: Chansey|Chansey, F|100/100|[from]move: U-turn
|
|-weather|RainDance|[upkeep]
|-heal|p2a: Ferrothorn|85/100|[from] item: Leftovers
|upkeep
|turn|20
|
|move|p1a: Chansey|Stealth Rock|p2a: Ferrothorn
|-sidestart|p2: Fratm Gino|move: Stealth Rock
|move|p2a: Ferrothorn|Knock Off|p1a: Chansey
|-damage|p1a: Chansey|98/100
|-enditem|p1a: Chansey|Eviolite|[from] move: Knock Off|[of] p2a: Ferrothorn
|
|-weather|RainDance|[upkeep]
|-heal|p2a: Ferrothorn|91/100|[from] item: Leftovers
|upkeep
|turn|21
|
|move|p1a: Chansey|Wish|p1a: Chansey
|move|p2a: Ferrothorn|Stealth Rock|p1a: Chansey
|-sidestart|p1: Roballo|move: Stealth Rock
|
|-weather|RainDance|[upkeep]
|-heal|p2a: Ferrothorn|97/100|[from] item: Leftovers
|upkeep
|turn|22
|
|switch|p1a: Ferrothorn|Ferrothorn, M|100/100
|-damage|p1a: Ferrothorn|94/100|[from] Stealth Rock
|move|p2a: Ferrothorn|Knock Off|p1a: Ferrothorn
|-resisted|p1a: Ferrothorn
|-damage|p1a: Ferrothorn|93/100
|-damage|p2a: Ferrothorn|85/100|[from] ability: Iron Barbs|[of] p1a: Ferrothorn
|-enditem|p1a: Ferrothorn|Leftovers|[from] move: Knock Off|[of] p2a: Ferrothorn
|
|-weather|RainDance|[upkeep]
|-heal|p1a: Ferrothorn|100/100|[from] move: Wish|[wisher] Chansey
|-heal|p2a: Ferrothorn|91/100|[from] item: Leftovers
|upkeep
|turn|23
|
|move|p2a: Ferrothorn|Spikes|p1a: Ferrothorn
|-sidestart|p1: Roballo|Spikes
|move|p1a: Ferrothorn|Spikes|p2a: Ferrothorn
|-sidestart|p2: Fratm Gino|Spikes
|
|-weather|RainDance|[upkeep]
|-heal|p2a: Ferrothorn|97/100|[from] item: Leftovers
|upkeep
|turn|24
|
|move|p2a: Ferrothorn|Spikes|p1a: Ferrothorn
|-sidestart|p1: Roballo|Spikes
|move|p1a: Ferrothorn|Spikes|p2a: Ferrothorn
|-sidestart|p2: Fratm Gino|Spikes
|
|-weather|RainDance|[upkeep]
|-heal|p2a: Ferrothorn|100/100|[from] item: Leftovers
|upkeep
|turn|25
|
|switch|p1a: Xatu|Xatu, F|88/100
|-damage|p1a: Xatu|63/100|[from] Stealth Rock
|move|p2a: Ferrothorn|Spikes|p1a: Xatu
|move|p1a: Xatu|Spikes||[from]Magic Bounce|[still]
|-fail|p1a: Xatu
|
|-weather|RainDance|[upkeep]
|upkeep
|turn|26
|
|move|p1a: Xatu|Roost|p1a: Xatu
|-heal|p1a: Xatu|100/100
|-singleturn|p1a: Xatu|move: Roost
|move|p2a: Ferrothorn|Knock Off|p1a: Xatu
|-supereffective|p1a: Xatu
|-damage|p1a: Xatu|92/100
|-damage|p2a: Ferrothorn|84/100|[from] item: Rocky Helmet|[of] p1a: Xatu
|-enditem|p1a: Xatu|Rocky Helmet|[from] move: Knock Off|[of] p2a: Ferrothorn
|
|-weather|RainDance|[upkeep]
|-heal|p2a: Ferrothorn|90/100|[from] item: Leftovers
|upkeep
|turn|27
|
|move|p1a: Xatu|U-turn|p2a: Ferrothorn
|-damage|p2a: Ferrothorn|82/100
|-damage|p1a: Xatu|79/100|[from] ability: Iron Barbs|[of] p2a: Ferrothorn
|
|switch|p1a: Politoed|Politoed, F|100/100|[from]move: U-turn
|-damage|p1a: Politoed|84/100|[from] Spikes
|-damage|p1a: Politoed|72/100|[from] Stealth Rock
|move|p2a: Ferrothorn|Spikes|p1a: Politoed
|-sidestart|p1: Roballo|Spikes
|
|-weather|RainDance|[upkeep]
|-heal|p2a: Ferrothorn|89/100|[from] item: Leftovers
|upkeep
|turn|28
|
|move|p1a: Politoed|Perish Song|p1a: Politoed
|-start|p1a: Politoed|perish3|[silent]
|-start|p2a: Ferrothorn|perish3|[silent]
|-fieldactivate|move: Perish Song
|move|p2a: Ferrothorn|Power Whip|p1a: Politoed
|-supereffective|p1a: Politoed
|-damage|p1a: Politoed|0 fnt
|faint|p1a: Politoed
|
|-weather|RainDance|[upkeep]
|-heal|p2a: Ferrothorn|95/100|[from] item: Leftovers
|-start|p2a: Ferrothorn|perish3
|upkeep
|
|switch|p1a: Jirachi|Jirachi|58/100
|-damage|p1a: Jirachi|33/100|[from] Spikes
|-damage|p1a: Jirachi|27/100|[from] Stealth Rock
|turn|29
|
|switch|p2a: Landorus|Landorus-Therian, M|100/100
|-damage|p2a: Landorus|88/100|[from] Stealth Rock
|-ability|p2a: Landorus|Intimidate|boost
|-unboost|p1a: Jirachi|atk|1
|move|p1a: Jirachi|Wish|p1a: Jirachi
|
|-weather|RainDance|[upkeep]
|-heal|p1a: Jirachi|33/100|[from] item: Leftovers
|upkeep
|turn|30
|
|switch|p1a: Xatu|Xatu, F|79/100
|-damage|p1a: Xatu|54/100|[from] Stealth Rock
|move|p2a: Landorus|U-turn|p1a: Xatu
|-damage|p1a: Xatu|32/100
|
|switch|p2a: Tentacruel|Tentacruel, F|70/100|[from]move: U-turn
|-damage|p2a: Tentacruel|57/100|[from] Stealth Rock
|-damage|p2a: Tentacruel|33/100|[from] Spikes
|
|-weather|RainDance|[upkeep]
|-heal|p2a: Tentacruel|39/100|[from] ability: Rain Dish
|-heal|p1a: Xatu|92/100|[from] move: Wish|[wisher] Jirachi
|-heal|p2a: Tentacruel|45/100|[from] item: Black Sludge
|upkeep
|turn|31
|
|switch|p1a: Jellicent|Jellicent, F|88/100 tox
|-damage|p1a: Jellicent|63/100 tox|[from] Spikes
|-damage|p1a: Jellicent|51/100 tox|[from] Stealth Rock
|move|p2a: Tentacruel|Rapid Spin|p1a: Jellicent
|-immune|p1a: Jellicent
|
|-weather|RainDance|[upkeep]
|-heal|p2a: Tentacruel|51/100|[from] ability: Rain Dish
|-heal|p2a: Tentacruel|57/100|[from] item: Black Sludge
|-heal|p1a: Jellicent|57/100 tox|[from] item: Leftovers
|-damage|p1a: Jellicent|51/100 tox|[from] psn
|upkeep
|turn|32
|
|move|p2a: Tentacruel|Protect|p2a: Tentacruel
|-singleturn|p2a: Tentacruel|Protect
|move|p1a: Jellicent|Recover|p1a: Jellicent
|-heal|p1a: Jellicent|100/100 tox
|
|-weather|RainDance|[upkeep]
|-heal|p2a: Tentacruel|64/100|[from] ability: Rain Dish
|-heal|p2a: Tentacruel|70/100|[from] item: Black Sludge
|-damage|p1a: Jellicent|88/100 tox|[from] psn
|upkeep
|turn|33
|
|move|p2a: Tentacruel|Toxic|p1a: Jellicent
|-fail|p1a: Jellicent|tox
|move|p1a: Jellicent|Scald|p2a: Tentacruel
|-resisted|p2a: Tentacruel
|-damage|p2a: Tentacruel|56/100
|
|-weather|RainDance|[upkeep]
|-heal|p2a: Tentacruel|62/100|[from] ability: Rain Dish
|-heal|p2a: Tentacruel|68/100|[from] item: Black Sludge
|-heal|p1a: Jellicent|94/100 tox|[from] item: Leftovers
|-damage|p1a: Jellicent|76/100 tox|[from] psn
|upkeep
|turn|34
|
|move|p2a: Tentacruel|Rapid Spin|p1a: Jellicent
|-immune|p1a: Jellicent
|move|p1a: Jellicent|Scald|p2a: Tentacruel
|-resisted|p2a: Tentacruel
|-crit|p2a: Tentacruel
|-damage|p2a: Tentacruel|38/100
|-status|p2a: Tentacruel|brn
|
|-weather|RainDance|[upkeep]
|-heal|p2a: Tentacruel|45/100 brn|[from] ability: Rain Dish
|-heal|p2a: Tentacruel|51/100 brn|[from] item: Black Sludge
|-heal|p1a: Jellicent|82/100 tox|[from] item: Leftovers
|-damage|p2a: Tentacruel|38/100 brn|[from] brn
|-damage|p1a: Jellicent|57/100 tox|[from] psn
|upkeep
|turn|35
|
|move|p2a: Tentacruel|Protect|p2a: Tentacruel
|-singleturn|p2a: Tentacruel|Protect
|move|p1a: Jellicent|Recover|p1a: Jellicent
|-heal|p1a: Jellicent|100/100 tox
|
|-weather|RainDance|[upkeep]
|-heal|p2a: Tentacruel|45/100 brn|[from] ability: Rain Dish
|-heal|p2a: Tentacruel|51/100 brn|[from] item: Black Sludge
|-damage|p2a: Tentacruel|38/100 brn|[from] brn
|-damage|p1a: Jellicent|70/100 tox|[from] psn
|upkeep
|turn|36
|
|move|p2a: Tentacruel|Protect|p2a: Tentacruel
|-singleturn|p2a: Tentacruel|Protect
|move|p1a: Jellicent|Shadow Ball|p2a: Tentacruel
|-activate|p2a: Tentacruel|move: Protect
|
|-weather|RainDance|[upkeep]
|-heal|p2a: Tentacruel|45/100 brn|[from] ability: Rain Dish
|-heal|p2a: Tentacruel|51/100 brn|[from] item: Black Sludge
|-heal|p1a: Jellicent|76/100 tox|[from] item: Leftovers
|-damage|p2a: Tentacruel|38/100 brn|[from] brn
|-damage|p1a: Jellicent|39/100 tox|[from] psn
|upkeep
|turn|37
|
|move|p2a: Tentacruel|Toxic|p1a: Jellicent
|-fail|p1a: Jellicent|tox
|move|p1a: Jellicent|Shadow Ball|p2a: Tentacruel
|-damage|p2a: Tentacruel|17/100 brn
|
|-weather|RainDance|[upkeep]
|-heal|p2a: Tentacruel|23/100 brn|[from] ability: Rain Dish
|-heal|p2a: Tentacruel|29/100 brn|[from] item: Black Sludge
|-heal|p1a: Jellicent|45/100 tox|[from] item: Leftovers
|-damage|p2a: Tentacruel|17/100 brn|[from] brn
|-damage|p1a: Jellicent|1/100 tox|[from] psn
|upkeep
|turn|38
|
|move|p2a: Tentacruel|Protect|p2a: Tentacruel
|-singleturn|p2a: Tentacruel|Protect
|move|p1a: Jellicent|Recover|p1a: Jellicent
|-heal|p1a: Jellicent|51/100 tox
|
|-weather|RainDance|[upkeep]
|-heal|p2a: Tentacruel|23/100 brn|[from] ability: Rain Dish
|-heal|p2a: Tentacruel|29/100 brn|[from] item: Black Sludge
|-heal|p1a: Jellicent|58/100 tox|[from] item: Leftovers
|-damage|p2a: Tentacruel|17/100 brn|[from] brn
|-damage|p1a: Jellicent|8/100 tox|[from] psn
|upkeep
|turn|39
|
|move|p2a: Tentacruel|Protect||[still]
|-fail|p2a: Tentacruel
|move|p1a: Jellicent|Shadow Ball|p2a: Tentacruel
|-damage|p2a: Tentacruel|0 fnt
|faint|p2a: Tentacruel
|
|-weather|RainDance|[upkeep]
|-heal|p1a: Jellicent|14/100 tox|[from] item: Leftovers
|-damage|p1a: Jellicent|0 fnt|[from] psn
|faint|p1a: Jellicent
|upkeep
|
|switch|p2a: Landorus|Landorus-Therian, M|88/100
|switch|p1a: Ferrothorn|Ferrothorn, M|100/100
|-damage|p2a: Landorus|76/100|[from] Stealth Rock
|-ability|p2a: Landorus|Intimidate|boost
|-unboost|p1a: Ferrothorn|atk|1
|-damage|p1a: Ferrothorn|75/100|[from] Spikes
|-damage|p1a: Ferrothorn|69/100|[from] Stealth Rock
|turn|40
|
|move|p2a: Landorus|Earthquake|p1a: Ferrothorn
|-damage|p1a: Ferrothorn|34/100
|move|p1a: Ferrothorn|Leech Seed|p2a: Landorus
|-start|p2a: Landorus|move: Leech Seed
|
|-weather|RainDance|[upkeep]
|-damage|p2a: Landorus|64/100|[from] Leech Seed|[of] p1a: Ferrothorn
|-heal|p1a: Ferrothorn|45/100|[silent]
|upkeep
|turn|41
|
|switch|p2a: Ferrothorn|Ferrothorn, M|95/100
|-damage|p2a: Ferrothorn|89/100|[from] Stealth Rock
|-damage|p2a: Ferrothorn|64/100|[from] Spikes
|move|p1a: Ferrothorn|Leech Seed|p2a: Ferrothorn
|-immune|p2a: Ferrothorn
|
|-weather|RainDance|[upkeep]
|-heal|p2a: Ferrothorn|70/100|[from] item: Leftovers
|upkeep
|turn|42
|
|switch|p1a: Chansey|Chansey, F|98/100
|-damage|p1a: Chansey|73/100|[from] Spikes
|-damage|p1a: Chansey|61/100|[from] Stealth Rock
|move|p2a: Ferrothorn|Knock Off|p1a: Chansey
|-damage|p1a: Chansey|56/100
|
|-weather|RainDance|[upkeep]
|-heal|p2a: Ferrothorn|76/100|[from] item: Leftovers
|upkeep
|turn|43
|
|move|p1a: Chansey|Soft-Boiled|p1a: Chansey
|-heal|p1a: Chansey|100/100
|move|p2a: Ferrothorn|Spikes||[still]
|-fail|p2a: Ferrothorn
|
|-weather|RainDance|[upkeep]
|-heal|p2a: Ferrothorn|82/100|[from] item: Leftovers
|upkeep
|turn|44
|
|move|p1a: Chansey|Wish|p1a: Chansey
|move|p2a: Ferrothorn|Power Whip|p1a: Chansey
|-damage|p1a: Chansey|65/100
|
|-weather|RainDance|[upkeep]
|-heal|p2a: Ferrothorn|89/100|[from] item: Leftovers
|upkeep
|turn|45
|
|switch|p1a: Jirachi|Jirachi|33/100
|-damage|p1a: Jirachi|27/100|[from] Stealth Rock
|-damage|p1a: Jirachi|2/100|[from] Spikes
|switch|p2a: Politoed|Politoed, F|100/100
|-damage|p2a: Politoed|76/100|[from] Spikes
|-damage|p2a: Politoed|63/100|[from] Stealth Rock
|
|-weather|RainDance|[upkeep]
|-heal|p1a: Jirachi|89/100|[from] move: Wish|[wisher] Chansey
|-heal|p1a: Jirachi|95/100|[from] item: Leftovers
|upkeep
|turn|46
|
|switch|p2a: Landorus|Landorus-Therian, M|64/100
|-damage|p2a: Landorus|52/100|[from] Stealth Rock
|-ability|p2a: Landorus|Intimidate|boost
|-unboost|p1a: Jirachi|atk|1
|move|p1a: Jirachi|Thunder|p2a: Landorus
|-immune|p2a: Landorus
|
|-weather|RainDance|[upkeep]
|-heal|p1a: Jirachi|100/100|[from] item: Leftovers
|upkeep
|turn|47
|
|switch|p1a: Xatu|Xatu, F|92/100
|-damage|p1a: Xatu|67/100|[from] Stealth Rock
|move|p2a: Landorus|Hidden Power|p1a: Xatu
|-supereffective|p1a: Xatu
|-damage|p1a: Xatu|20/100
|
|-weather|RainDance|[upkeep]
|upkeep
|turn|48
|
|switch|p1a: Chansey|Chansey, F|65/100
|-damage|p1a: Chansey|52/100|[from] Stealth Rock
|-damage|p1a: Chansey|27/100|[from] Spikes
|move|p2a: Landorus|Hidden Power|p1a: Chansey
|-damage|p1a: Chansey|20/100
|
|-weather|RainDance|[upkeep]
|upkeep
|turn|49
|
|switch|p2a: Latios|Latios, M|100/100
|-damage|p2a: Latios|88/100|[from] Stealth Rock
|move|p1a: Chansey|Soft-Boiled|p1a: Chansey
|-heal|p1a: Chansey|70/100
|
|-weather|RainDance|[upkeep]
|upkeep
|turn|50
|
|move|p2a: Latios|Dragon Pulse|p1a: Chansey
|-damage|p1a: Chansey|39/100
|move|p1a: Chansey|Seismic Toss|p2a: Latios
|-damage|p2a: Latios|55/100
|
|-weather|RainDance|[upkeep]
|upkeep
|turn|51
|
|switch|p2a: Landorus|Landorus-Therian, M|52/100
|-damage|p2a: Landorus|39/100|[from] Stealth Rock
|-ability|p2a: Landorus|Intimidate|boost
|-unboost|p1a: Chansey|atk|1
|move|p1a: Chansey|Soft-Boiled|p1a: Chansey
|-heal|p1a: Chansey|89/100
|
|-weather|RainDance|[upkeep]
|upkeep
|turn|52
|
|move|p2a: Landorus|Earthquake|p1a: Chansey
|-damage|p1a: Chansey|40/100
|move|p1a: Chansey|Soft-Boiled|p1a: Chansey
|-heal|p1a: Chansey|90/100
|
|-weather|RainDance|[upkeep]
|upkeep
|turn|53
|
|move|p2a: Landorus|Earthquake|p1a: Chansey
|-damage|p1a: Chansey|34/100
|move|p1a: Chansey|Seismic Toss|p2a: Landorus
|-damage|p2a: Landorus|8/100
|
|-weather|RainDance|[upkeep]
|upkeep
|turn|54
|
|move|p2a: Landorus|Earthquake|p1a: Chansey
|-damage|p1a: Chansey|0 fnt
|faint|p1a: Chansey
|
|-weather|RainDance|[upkeep]
|upkeep
|
|switch|p1a: Jirachi|Jirachi|100/100
|-damage|p1a: Jirachi|75/100|[from] Spikes
|-damage|p1a: Jirachi|69/100|[from] Stealth Rock
|turn|55
|c|☆Fratm Gino|Gg
|
|move|p2a: Landorus|Earthquake|p1a: Jirachi
|-supereffective|p1a: Jirachi
|-damage|p1a: Jirachi|1/100
|move|p1a: Jirachi|Water Pulse|p2a: Landorus
|-supereffective|p2a: Landorus
|-damage|p2a: Landorus|0 fnt
|faint|p2a: Landorus
|
|-weather|RainDance|[upkeep]
|-heal|p1a: Jirachi|7/100|[from] item: Leftovers
|upkeep
|
|switch|p2a: Latios|Latios, M|55/100
|-damage|p2a: Latios|43/100|[from] Stealth Rock
|turn|56
|
|move|p2a: Latios|Surf|p1a: Jirachi
|-crit|p1a: Jirachi
|-damage|p1a: Jirachi|0 fnt
|faint|p1a: Jirachi
|
|-weather|RainDance|[upkeep]
|upkeep
|
|switch|p1a: Ferrothorn|Ferrothorn, M|45/100
|-damage|p1a: Ferrothorn|39/100|[from] Stealth Rock
|-damage|p1a: Ferrothorn|14/100|[from] Spikes
|turn|57
|
|move|p2a: Latios|Surf|p1a: Ferrothorn
|-resisted|p1a: Ferrothorn
|-crit|p1a: Ferrothorn
|-damage|p1a: Ferrothorn|0 fnt
|faint|p1a: Ferrothorn
|
|-weather|RainDance|[upkeep]
|upkeep
|
|switch|p1a: Xatu|Xatu, F|20/100
|-damage|p1a: Xatu|0 fnt|[from] Stealth Rock
|faint|p1a: Xatu
|
|win|Fratm Gino
|l|☆Roballo
|raw|Roballo's rating: 1513 &rarr; <strong>1480</strong><br />(-33 for losing)
|raw|Fratm Gino's rating: 1264 &rarr; <strong>1305</strong><br />(+41 for winning)
