|j|☆xpeps_10
|j|☆kaoru hana
|t:|1732581083
|gametype|singles
|player|p1|xpeps_10|gentleman-gen4|1431
|player|p2|kaoru hana|bea|1511
|teamsize|p1|6
|teamsize|p2|6
|gen|5
|tier|[Gen 5] OU
|rated|
|rule|Species Clause: Limit one of each Pokémon
|rule|OHKO Clause: OHKO moves are banned
|rule|Moody Clause: Moody is banned
|rule|Evasion Items Clause: Evasion items are banned
|rule|Evasion Moves Clause: Evasion moves are banned
|rule|Endless Battle Clause: Forcing endless battles is banned
|rule|HP Percentage Mod: HP is shown in percentages
|rule|Evasion Abilities Clause: Evasion abilities are banned
|rule|Sleep Moves Clause: Sleep-inducing moves are banned
|rule|Swagger Clause: Swagger is banned
|rule|Baton Pass Stat Clause: No Baton Passer may have a way to boost its stats
|clearpoke
|poke|p1|Thundurus-Therian, M|item
|poke|p1|Gliscor, M|item
|poke|p1|Tentacruel, F|item
|poke|p1|Politoed, M|item
|poke|p1|Scizor, M|item
|poke|p1|Latios, M|item
|poke|p2|Keldeo|item
|poke|p2|Terrakion|item
|poke|p2|Lucario, F|item
|poke|p2|Toxicroak, M|item
|poke|p2|Conkeldurr, M|item
|poke|p2|Virizion|item
|teampreview
|inactive|Battle timer is ON: inactive players will automatically lose when time's up. (requested by kaoru hana)
|
|t:|1732581101
|start
|switch|p1a: Gliscor|Gliscor, M|100/100
|switch|p2a: Terrakion|Terrakion|100/100
|turn|1
|
|t:|1732581108
|move|p2a: Terrakion|Stealth Rock|p1a: Gliscor
|-sidestart|p1: xpeps_10|move: Stealth Rock
|move|p1a: Gliscor|Taunt|p2a: Terrakion
|-start|p2a: Terrakion|move: Taunt
|
|-status|p1a: Gliscor|tox|[from] item: Toxic Orb
|upkeep
|turn|2
|
|t:|1732581116
|switch|p2a: Conkeldurr|Conkeldurr, M|100/100
|move|p1a: Gliscor|Stealth Rock|p2a: Conkeldurr
|-sidestart|p2: kaoru hana|move: Stealth Rock
|
|upkeep
|turn|3
|
|t:|1732581122
|move|p1a: Gliscor|U-turn|p2a: Conkeldurr
|-resisted|p2a: Conkeldurr
|-damage|p2a: Conkeldurr|93/100
|
|t:|1732581124
|switch|p1a: Politoed|Politoed, M, shiny|100/100|[from] U-turn
|-damage|p1a: Politoed|88/100|[from] Stealth Rock
|-weather|RainDance|[from] ability: Drizzle|[of] p1a: Politoed
|move|p2a: Conkeldurr|Ice Punch|p1a: Politoed
|-resisted|p1a: Politoed
|-damage|p1a: Politoed|77/100
|-enditem|p1a: Politoed|Eject Button
|
|t:|1732581129
|switch|p1a: Tentacruel|Tentacruel, F|100/100
|-damage|p1a: Tentacruel|88/100|[from] Stealth Rock
|
|-weather|RainDance|[upkeep]
|-heal|p1a: Tentacruel|94/100|[from] ability: Rain Dish
|-heal|p1a: Tentacruel|99/100|[from] item: Black Sludge
|-heal|p2a: Conkeldurr|99/100|[from] item: Leftovers
|upkeep
|turn|4
|
|t:|1732581143
|switch|p2a: Toxicroak|Toxicroak, M|100/100
|-damage|p2a: Toxicroak|94/100|[from] Stealth Rock
|move|p1a: Tentacruel|Rapid Spin|p2a: Toxicroak
|-damage|p2a: Toxicroak|90/100
|-sideend|p1: xpeps_10|Stealth Rock|[from] move: Rapid Spin|[of] p1a: Tentacruel
|
|-weather|RainDance|[upkeep]
|-heal|p1a: Tentacruel|100/100|[from] ability: Rain Dish
|-heal|p2a: Toxicroak|100/100|[from] ability: Dry Skin
|upkeep
|turn|5
|
|t:|1732581160
|switch|p1a: Gliscor|Gliscor, M|100/100 tox
|move|p2a: Toxicroak|Ice Punch|p1a: Gliscor
|-supereffective|p1a: Gliscor
|-damage|p1a: Gliscor|0 fnt
|faint|p1a: Gliscor
|-damage|p2a: Toxicroak|91/100|[from] item: Life Orb
|
|-weather|RainDance|[upkeep]
|-heal|p2a: Toxicroak|100/100|[from] ability: Dry Skin
|upkeep
|inactive|xpeps_10 has 120 seconds left.
|
|t:|1732581208
|switch|p1a: Thundurus|Thundurus-Therian, M|100/100
|turn|6
|inactive|xpeps_10 has 90 seconds left.
|
|t:|1732581225
|switch|p2a: Virizion|Virizion|100/100
|-damage|p2a: Virizion|94/100|[from] Stealth Rock
|move|p1a: Thundurus|Agility|p1a: Thundurus
|-boost|p1a: Thundurus|spe|2
|
|-weather|RainDance|[upkeep]
|-heal|p2a: Virizion|100/100|[from] item: Leftovers
|upkeep
|turn|7
|
|t:|1732581235
|move|p1a: Thundurus|Hidden Power|p2a: Virizion
|-supereffective|p2a: Virizion
|-damage|p2a: Virizion|59/100
|move|p2a: Virizion|Stone Edge|p1a: Thundurus
|-supereffective|p1a: Thundurus
|-damage|p1a: Thundurus|11/100
|
|-weather|RainDance|[upkeep]
|-heal|p1a: Thundurus|17/100|[from] item: Leftovers
|-heal|p2a: Virizion|65/100|[from] item: Leftovers
|upkeep
|turn|8
|inactive|xpeps_10 has 90 seconds left.
|
|t:|1732581268
|switch|p1a: Politoed|Politoed, M, shiny|77/100
|move|p2a: Virizion|Leaf Blade|p1a: Politoed
|-supereffective|p1a: Politoed
|-damage|p1a: Politoed|11/100
|
|-weather|RainDance|[upkeep]
|-heal|p2a: Virizion|72/100|[from] item: Leftovers
|upkeep
|turn|9
|
|t:|1732581277
|move|p2a: Virizion|Leaf Blade|p1a: Politoed
|-supereffective|p1a: Politoed
|-damage|p1a: Politoed|0 fnt
|faint|p1a: Politoed
|
|-weather|RainDance|[upkeep]
|-heal|p2a: Virizion|78/100|[from] item: Leftovers
|upkeep
|
|t:|1732581280
|switch|p1a: Latios|Latios, M|100/100
|turn|10
|
|t:|1732581295
|switch|p2a: Terrakion|Terrakion|100/100
|-damage|p2a: Terrakion|94/100|[from] Stealth Rock
|move|p1a: Latios|Psyshock|p2a: Terrakion
|-supereffective|p2a: Terrakion
|-enditem|p2a: Terrakion|Payapa Berry|[eat]
|-enditem|p2a: Terrakion|Payapa Berry|[weaken]
|-damage|p2a: Terrakion|44/100
|
|-weather|RainDance|[upkeep]
|upkeep
|turn|11
|
|t:|1732581305
|move|p2a: Terrakion|Quick Attack|p1a: Latios
|-damage|p1a: Latios|82/100
|move|p1a: Latios|Psyshock|p2a: Terrakion
|-supereffective|p2a: Terrakion
|-damage|p2a: Terrakion|0 fnt
|faint|p2a: Terrakion
|
|-weather|RainDance|[upkeep]
|upkeep
|
|t:|1732581326
|switch|p2a: Keldeo|Keldeo|100/100
|-damage|p2a: Keldeo|94/100|[from] Stealth Rock
|turn|12
|
|t:|1732581332
|move|p1a: Latios|Psyshock|p2a: Keldeo
|-supereffective|p2a: Keldeo
|-enditem|p2a: Keldeo|Payapa Berry|[eat]
|-enditem|p2a: Keldeo|Payapa Berry|[weaken]
|-damage|p2a: Keldeo|42/100
|move|p2a: Keldeo|Hidden Power|p1a: Latios
|-supereffective|p1a: Latios
|-damage|p1a: Latios|33/100
|
|-weather|RainDance|[upkeep]
|upkeep
|turn|13
|
|t:|1732581341
|move|p1a: Latios|Psyshock|p2a: Keldeo
|-supereffective|p2a: Keldeo
|-damage|p2a: Keldeo|0 fnt
|faint|p2a: Keldeo
|
|-weather|RainDance|[upkeep]
|upkeep
|
|t:|1732581347
|switch|p2a: Lucario|Lucario, F|100/100
|-damage|p2a: Lucario|98/100|[from] Stealth Rock
|turn|14
|
|t:|1732581360
|switch|p1a: Tentacruel|Tentacruel, F|100/100
|move|p2a: Lucario|Extreme Speed|p1a: Tentacruel
|-damage|p1a: Tentacruel|65/100
|-damage|p2a: Lucario|88/100|[from] item: Life Orb
|
|-weather|RainDance|[upkeep]
|-heal|p1a: Tentacruel|71/100|[from] ability: Rain Dish
|-heal|p1a: Tentacruel|77/100|[from] item: Black Sludge
|upkeep
|turn|15
|
|t:|1732581372
|switch|p2a: Toxicroak|Toxicroak, M|100/100
|-damage|p2a: Toxicroak|94/100|[from] Stealth Rock
|move|p1a: Tentacruel|Icy Wind|p2a: Toxicroak
|-damage|p2a: Toxicroak|77/100
|-unboost|p2a: Toxicroak|spe|1
|
|-weather|RainDance|[upkeep]
|-heal|p1a: Tentacruel|83/100|[from] ability: Rain Dish
|-heal|p2a: Toxicroak|89/100|[from] ability: Dry Skin
|-heal|p1a: Tentacruel|89/100|[from] item: Black Sludge
|upkeep
|turn|16
|
|t:|1732581385
|switch|p1a: Scizor|Scizor, M|100/100
|move|p2a: Toxicroak|Swords Dance|p2a: Toxicroak
|-boost|p2a: Toxicroak|atk|2
|
|-weather|RainDance|[upkeep]
|-heal|p2a: Toxicroak|100/100|[from] ability: Dry Skin
|upkeep
|turn|17
|
|t:|1732581400
|move|p1a: Scizor|Bullet Punch|p2a: Toxicroak
|-damage|p2a: Toxicroak|24/100
|move|p2a: Toxicroak|Drain Punch|p1a: Scizor
|-damage|p1a: Scizor|2/100
|-heal|p2a: Toxicroak|79/100|[from] drain|[of] p1a: Scizor
|-damage|p2a: Toxicroak|70/100|[from] item: Life Orb
|
|-weather|RainDance|[upkeep]
|-heal|p2a: Toxicroak|82/100|[from] ability: Dry Skin
|upkeep
|turn|18
|
|t:|1732581416
|switch|p1a: Latios|Latios, M|33/100
|move|p2a: Toxicroak|Drain Punch|p1a: Latios
|-resisted|p1a: Latios
|-damage|p1a: Latios|0 fnt
|-heal|p2a: Toxicroak|98/100|[from] drain|[of] p1a: Latios
|faint|p1a: Latios
|-damage|p2a: Toxicroak|88/100|[from] item: Life Orb
|
|-weather|RainDance|[upkeep]
|-heal|p2a: Toxicroak|100/100|[from] ability: Dry Skin
|upkeep
|
|t:|1732581424
|switch|p1a: Thundurus|Thundurus-Therian, M|17/100
|turn|19
|
|t:|1732581433
|move|p1a: Thundurus|Thunder|p2a: Toxicroak
|-crit|p2a: Toxicroak
|-damage|p2a: Toxicroak|0 fnt
|faint|p2a: Toxicroak
|
|-weather|RainDance|[upkeep]
|-heal|p1a: Thundurus|23/100|[from] item: Leftovers
|upkeep
|
|t:|1732581448
|switch|p2a: Lucario|Lucario, F|88/100
|-damage|p2a: Lucario|85/100|[from] Stealth Rock
|turn|20
|
|t:|1732581455
|switch|p1a: Scizor|Scizor, M|2/100
|move|p2a: Lucario|Extreme Speed|p1a: Scizor
|-resisted|p1a: Scizor
|-damage|p1a: Scizor|0 fnt
|faint|p1a: Scizor
|-damage|p2a: Lucario|75/100|[from] item: Life Orb
|
|-weather|RainDance|[upkeep]
|upkeep
|
|t:|1732581457
|switch|p1a: Tentacruel|Tentacruel, F|89/100
|turn|21
|
|t:|1732581469
|switch|p2a: Virizion|Virizion|78/100
|-damage|p2a: Virizion|72/100|[from] Stealth Rock
|move|p1a: Tentacruel|Scald|p2a: Virizion
|-resisted|p2a: Virizion
|-damage|p2a: Virizion|58/100
|
|-weather|RainDance|[upkeep]
|-heal|p1a: Tentacruel|95/100|[from] ability: Rain Dish
|-heal|p1a: Tentacruel|100/100|[from] item: Black Sludge
|-heal|p2a: Virizion|64/100|[from] item: Leftovers
|upkeep
|turn|22
|
|t:|1732581481
|move|p1a: Tentacruel|Icy Wind|p2a: Virizion|[miss]
|-miss|p1a: Tentacruel|p2a: Virizion
|move|p2a: Virizion|Leaf Blade|p1a: Tentacruel
|-damage|p1a: Tentacruel|51/100
|
|-weather|RainDance|[upkeep]
|-heal|p1a: Tentacruel|57/100|[from] ability: Rain Dish
|-heal|p1a: Tentacruel|63/100|[from] item: Black Sludge
|-heal|p2a: Virizion|71/100|[from] item: Leftovers
|upkeep
|turn|23
|
|t:|1732581493
|move|p1a: Tentacruel|Scald|p2a: Virizion
|-resisted|p2a: Virizion
|-damage|p2a: Virizion|58/100
|move|p2a: Virizion|Leaf Blade|p1a: Tentacruel
|-damage|p1a: Tentacruel|12/100
|
|-weather|RainDance|[upkeep]
|-heal|p1a: Tentacruel|18/100|[from] ability: Rain Dish
|-heal|p1a: Tentacruel|24/100|[from] item: Black Sludge
|-heal|p2a: Virizion|65/100|[from] item: Leftovers
|upkeep
|turn|24
|
|t:|1732581505
|move|p1a: Tentacruel|Protect|p1a: Tentacruel
|-singleturn|p1a: Tentacruel|Protect
|move|p2a: Virizion|Leaf Blade|p1a: Tentacruel
|-activate|p1a: Tentacruel|move: Protect
|
|-weather|RainDance|[upkeep]
|-heal|p1a: Tentacruel|30/100|[from] ability: Rain Dish
|-heal|p1a: Tentacruel|36/100|[from] item: Black Sludge
|-heal|p2a: Virizion|71/100|[from] item: Leftovers
|upkeep
|turn|25
|
|t:|1732581516
|move|p1a: Tentacruel|Scald|p2a: Virizion
|-resisted|p2a: Virizion
|-damage|p2a: Virizion|57/100
|-status|p2a: Virizion|brn
|move|p2a: Virizion|Leaf Blade|p1a: Tentacruel
|-damage|p1a: Tentacruel|15/100
|
|-weather|RainDance|[upkeep]
|-heal|p1a: Tentacruel|21/100|[from] ability: Rain Dish
|-heal|p1a: Tentacruel|27/100|[from] item: Black Sludge
|-heal|p2a: Virizion|63/100 brn|[from] item: Leftovers
|-damage|p2a: Virizion|51/100 brn|[from] brn
|upkeep
|turn|26
|
|t:|1732581530
|move|p1a: Tentacruel|Protect|p1a: Tentacruel
|-singleturn|p1a: Tentacruel|Protect
|move|p2a: Virizion|Swords Dance|p2a: Virizion
|-boost|p2a: Virizion|atk|2
|
|-weather|RainDance|[upkeep]
|-heal|p1a: Tentacruel|33/100|[from] ability: Rain Dish
|-heal|p1a: Tentacruel|39/100|[from] item: Black Sludge
|-heal|p2a: Virizion|57/100 brn|[from] item: Leftovers
|-damage|p2a: Virizion|45/100 brn|[from] brn
|upkeep
|turn|27
|
|t:|1732581541
|move|p1a: Tentacruel|Icy Wind|p2a: Virizion
|-supereffective|p2a: Virizion
|-damage|p2a: Virizion|28/100 brn
|-unboost|p2a: Virizion|spe|1
|move|p2a: Virizion|Leaf Blade|p1a: Tentacruel
|-damage|p1a: Tentacruel|0 fnt
|faint|p1a: Tentacruel
|
|-weather|RainDance|[upkeep]
|-heal|p2a: Virizion|34/100 brn|[from] item: Leftovers
|-damage|p2a: Virizion|22/100 brn|[from] brn
|upkeep
|
|t:|1732581546
|switch|p1a: Thundurus|Thundurus-Therian, M|23/100
|turn|28
|
|t:|1732581556
|move|p1a: Thundurus|Hidden Power|p2a: Virizion
|-supereffective|p2a: Virizion
|-damage|p2a: Virizion|0 fnt
|faint|p2a: Virizion
|
|-weather|RainDance|[upkeep]
|-heal|p1a: Thundurus|29/100|[from] item: Leftovers
|upkeep
|
|t:|1732581564
|switch|p2a: Lucario|Lucario, F|75/100
|-damage|p2a: Lucario|72/100|[from] Stealth Rock
|turn|29
|
|t:|1732581568
|move|p2a: Lucario|Extreme Speed|p1a: Thundurus
|-damage|p1a: Thundurus|0 fnt
|faint|p1a: Thundurus
|-damage|p2a: Lucario|62/100|[from] item: Life Orb
|
|win|kaoru hana
|raw|xpeps_10's rating: 1431 &rarr; <strong>1416</strong><br />(-15 for losing)
|raw|kaoru hana's rating: 1511 &rarr; <strong>1526</strong><br />(+15 for winning)
|l|☆xpeps_10
|player|p1|
