|j|☆yaksoo
|j|☆daddy_days2
|t:|1739398198
|gametype|singles
|player|p1|yaksoo|shauntal|1463
|player|p2|daddy_days2|1|1431
|teamsize|p1|6
|teamsize|p2|6
|gen|5
|tier|[Gen 5] OU
|rated|
|rule|Species Clause: Limit one of each Pokémon
|rule|OHKO Clause: OHKO moves are banned
|rule|Moody Clause: Moody is banned
|rule|Evasion Items Clause: Evasion items are banned
|rule|Evasion Moves Clause: Evasion moves are banned
|rule|Endless Battle Clause: Forcing endless battles is banned
|rule|HP Percentage Mod: HP is shown in percentages
|rule|Evasion Abilities Clause: Evasion abilities are banned
|rule|Sleep Moves Clause: Sleep-inducing moves are banned
|rule|Swagger Clause: Swagger is banned
|rule|Baton Pass Stat Clause: No Baton Passer may have a way to boost its stats
|clearpoke
|poke|p1|Keldeo|item
|poke|p1|Politoed, M|item
|poke|p1|Excadrill, F|item
|poke|p1|Conkeldurr, M|item
|poke|p1|Toxicroak, F|item
|poke|p1|Alakazam, F|item
|poke|p2|Kyurem-Black|item
|poke|p2|Garchomp, F|item
|poke|p2|Starmie|item
|poke|p2|Bisharp, M|item
|poke|p2|Conkeldurr, M|item
|poke|p2|Scyther, M|item
|teampreview
|inactive|Battle timer is ON: inactive players will automatically lose when time's up. (requested by yaksoo)
|
|t:|1739398211
|start
|switch|p1a: Keldeo|Keldeo|100/100
|switch|p2a: Kyurem|Kyurem-Black|100/100
|-ability|p2a: Kyurem|Teravolt
|turn|1
|
|t:|1739398228
|switch|p2a: Starmie|Starmie|100/100
|move|p1a: Keldeo|Secret Sword|p2a: Starmie
|-resisted|p2a: Starmie
|-damage|p2a: Starmie|59/100
|
|-heal|p2a: Starmie|65/100|[from] item: Leftovers
|upkeep
|turn|2
|
|t:|1739398247
|switch|p1a: Excadrill|Excadrill, F|100/100
|-ability|p1a: Excadrill|Mold Breaker
|move|p2a: Starmie|Psyshock|p1a: Excadrill
|-resisted|p1a: Excadrill
|-damage|p1a: Excadrill|83/100
|
|-heal|p2a: Starmie|71/100|[from] item: Leftovers
|-heal|p1a: Excadrill|89/100|[from] item: Leftovers
|upkeep
|turn|3
|
|t:|1739398259
|move|p2a: Starmie|Hydro Pump|p1a: Excadrill
|-supereffective|p1a: Excadrill
|-crit|p1a: Excadrill
|-damage|p1a: Excadrill|0 fnt
|faint|p1a: Excadrill
|
|-heal|p2a: Starmie|77/100|[from] item: Leftovers
|upkeep
|c|☆yaksoo|i think crit matters
|c|☆yaksoo|idk
|inactive|yaksoo has 120 seconds left.
|c|☆daddy_days2|nah
|
|t:|1739398312
|switch|p1a: Alakazam|Alakazam, F|100/100
|turn|4
|c|☆daddy_days2|super effective pump
|c|☆yaksoo|im 252 sped 252 hp careful
|inactive|yaksoo has 90 seconds left.
|
|t:|1739398329
|move|p1a: Alakazam|Shadow Ball|p2a: Starmie
|-supereffective|p2a: Starmie
|-damage|p2a: Starmie|6/100
|move|p2a: Starmie|Psyshock|p1a: Alakazam
|-resisted|p1a: Alakazam
|-crit|p1a: Alakazam
|-damage|p1a: Alakazam|35/100
|
|-heal|p2a: Starmie|12/100|[from] item: Leftovers
|upkeep
|turn|5
|
|t:|1739398340
|switch|p2a: Bisharp|Bisharp, M|100/100
|-item|p2a: Bisharp|Air Balloon
|move|p1a: Alakazam|Psychic|p2a: Bisharp
|-immune|p2a: Bisharp
|
|upkeep
|turn|6
|
|t:|1739398356
|-activate|p1a: Alakazam|move: Pursuit
|move|p2a: Bisharp|Pursuit|p1a: Alakazam|[from] Pursuit
|-supereffective|p1a: Alakazam
|-damage|p1a: Alakazam|0 fnt
|faint|p1a: Alakazam
|-hint|A Pokemon can't switch between when it runs out of HP and when it faints
|
|upkeep
|
|t:|1739398360
|switch|p1a: Politoed|Politoed, M|100/100
|-weather|RainDance|[from] ability: Drizzle|[of] p1a: Politoed
|turn|7
|
|t:|1739398372
|move|p1a: Politoed|Hydro Pump|p2a: Bisharp
|-damage|p2a: Bisharp|1/100
|-enditem|p2a: Bisharp|Air Balloon
|move|p2a: Bisharp|Brick Break|p1a: Politoed
|-damage|p1a: Politoed|63/100
|
|-weather|RainDance|[upkeep]
|upkeep
|turn|8
|
|t:|1739398381
|move|p2a: Bisharp|Sucker Punch|p1a: Politoed
|-damage|p1a: Politoed|1/100
|move|p1a: Politoed|Hydro Pump|p2a: Bisharp
|-damage|p2a: Bisharp|0 fnt
|faint|p2a: Bisharp
|
|-weather|RainDance|[upkeep]
|upkeep
|
|t:|1739398391
|switch|p2a: Scyther|Scyther, M|100/100
|turn|9
|
|t:|1739398399
|move|p2a: Scyther|U-turn|p1a: Politoed
|-damage|p1a: Politoed|0 fnt
|faint|p1a: Politoed
|inactive|daddy_days2 has 120 seconds left.
|
|t:|1739398443
|switch|p2a: Starmie|Starmie|12/100|[from] U-turn
|
|-weather|RainDance|[upkeep]
|-heal|p2a: Starmie|18/100|[from] item: Leftovers
|upkeep
|
|t:|1739398455
|switch|p1a: Conkeldurr|Conkeldurr, M|100/100
|turn|10
|inactive|daddy_days2 has 120 seconds left.
|c|☆daddy_days2|109 to 129% to excadrill
|c|☆yaksoo|oh ok
|
|t:|1739398467
|move|p1a: Conkeldurr|Mach Punch|p2a: Starmie
|-resisted|p2a: Starmie
|-damage|p2a: Starmie|0 fnt
|faint|p2a: Starmie
|-damage|p1a: Conkeldurr|91/100|[from] item: Life Orb
|
|-weather|RainDance|[upkeep]
|upkeep
|c|☆yaksoo|no rain right ?
|
|t:|1739398476
|switch|p2a: Garchomp|Garchomp, F|100/100
|turn|11
|
|t:|1739398480
|move|p2a: Garchomp|Stealth Rock|p1a: Conkeldurr
|-sidestart|p1: yaksoo|move: Stealth Rock
|move|p1a: Conkeldurr|Ice Punch|p2a: Garchomp
|-supereffective|p2a: Garchomp
|-damage|p2a: Garchomp|0 fnt
|-damage|p1a: Conkeldurr|78/100|[from] ability: Rough Skin|[of] p2a: Garchomp
|-damage|p1a: Conkeldurr|62/100|[from] item: Rocky Helmet|[of] p2a: Garchomp
|faint|p2a: Garchomp
|
|-weather|RainDance|[upkeep]
|upkeep
|inactive|daddy_days2 has 120 seconds left.
|
|t:|1739398492
|switch|p2a: Scyther|Scyther, M|100/100
|turn|12
|
|t:|1739398498
|move|p2a: Scyther|Aerial Ace|p1a: Conkeldurr
|-supereffective|p1a: Conkeldurr
|-damage|p1a: Conkeldurr|0 fnt
|faint|p1a: Conkeldurr
|
|-weather|RainDance|[upkeep]
|upkeep
|
|t:|1739398508
|switch|p1a: Keldeo|Keldeo|100/100
|-damage|p1a: Keldeo|94/100|[from] Stealth Rock
|turn|13
|c|☆daddy_days2|yup no rain
|
|t:|1739398522
|move|p2a: Scyther|Aerial Ace|p1a: Keldeo
|-supereffective|p1a: Keldeo
|-damage|p1a: Keldeo|0 fnt
|faint|p1a: Keldeo
|
|-weather|RainDance|[upkeep]
|upkeep
|c|☆yaksoo|i see
|c|☆yaksoo|gg
|
|t:|1739398526
|switch|p1a: Toxicroak|Toxicroak, F|100/100
|-damage|p1a: Toxicroak|94/100|[from] Stealth Rock
|-item|p1a: Toxicroak|Air Balloon
|turn|14
|
|t:|1739398533
|move|p1a: Toxicroak|Sucker Punch|p2a: Scyther
|-damage|p2a: Scyther|65/100
|move|p2a: Scyther|Aerial Ace|p1a: Toxicroak
|-supereffective|p1a: Toxicroak
|-damage|p1a: Toxicroak|0 fnt
|-enditem|p1a: Toxicroak|Air Balloon
|faint|p1a: Toxicroak
|
|win|daddy_days2
|raw|yaksoo's rating: 1463 &rarr; <strong>1441</strong><br />(-22 for losing)
|raw|daddy_days2's rating: 1431 &rarr; <strong>1453</strong><br />(+22 for winning)
|c|☆daddy_days2|gg
|l|☆yaksoo
|player|p1|
