|j|☆phosphor
|j|☆nidiedi
|t:|1722021233
|gametype|singles
|player|p1|phosphor|#phosphor|1427
|player|p2|nidiedi|1|1426
|teamsize|p1|6
|teamsize|p2|6
|gen|5
|tier|[Gen 5] OU
|rated|
|rule|Species Clause: Limit one of each Pokémon
|rule|OHKO Clause: OHKO moves are banned
|rule|Moody Clause: Moody is banned
|rule|Evasion Items Clause: Evasion items are banned
|rule|Evasion Moves Clause: Evasion moves are banned
|rule|Endless Battle Clause: Forcing endless battles is banned
|rule|HP Percentage Mod: HP is shown in percentages
|rule|Evasion Abilities Clause: Evasion abilities are banned
|rule|Sleep Moves Clause: Sleep-inducing moves are banned
|rule|Swagger Clause: Swagger is banned
|rule|Baton Pass Stat Clause: No Baton Passer may have a way to boost its stats
|clearpoke
|poke|p1|Jirachi|item
|poke|p1|Latios, M|item
|poke|p1|Starmie|item
|poke|p1|Garchomp, M|item
|poke|p1|Magnezone|item
|poke|p1|Salamence, F|item
|poke|p2|Dragonite, F|item
|poke|p2|Xatu, M|item
|poke|p2|Heatran, F|item
|poke|p2|Ninetales, F|item
|poke|p2|Volcarona, F|item
|poke|p2|Forretress, F|item
|teampreview
|c|☆phosphor|gl hf
|inactive|Battle timer is ON: inactive players will automatically lose when time's up. (requested by nidiedi)
|
|t:|1722021261
|start
|switch|p1a: Latios|Latios, M|100/100
|switch|p2a: Ninetales|Ninetales, F|100/100
|-weather|SunnyDay|[from] ability: Drought|[of] p2a: Ninetales
|turn|1
|
|t:|1722021265
|move|p2a: Ninetales|Protect|p2a: Ninetales
|-singleturn|p2a: Ninetales|Protect
|move|p1a: Latios|Draco Meteor|p2a: Ninetales
|-activate|p2a: Ninetales|move: Protect
|
|-weather|SunnyDay|[upkeep]
|upkeep
|turn|2
|
|t:|1722021271
|switch|p2a: Heatran|Heatran, F|100/100
|move|p1a: Latios|Draco Meteor|p2a: Heatran
|-resisted|p2a: Heatran
|-damage|p2a: Heatran|53/100
|-unboost|p1a: Latios|spa|2
|
|-weather|SunnyDay|[upkeep]
|-heal|p2a: Heatran|59/100|[from] item: Leftovers
|upkeep
|turn|3
|
|t:|1722021280
|switch|p1a: Starmie|Starmie|100/100
|-item|p1a: Starmie|Air Balloon
|move|p2a: Heatran|Magma Storm|p1a: Starmie
|-resisted|p1a: Starmie
|-damage|p1a: Starmie|41/100
|-activate|p1a: Starmie|move: Magma Storm|[of] p2a: Heatran
|-enditem|p1a: Starmie|Air Balloon
|
|-weather|SunnyDay|[upkeep]
|-heal|p2a: Heatran|65/100|[from] item: Leftovers
|-damage|p1a: Starmie|35/100|[from] move: Magma Storm|[partiallytrapped]
|upkeep
|turn|4
|
|t:|1722021301
|switch|p2a: Volcarona|Volcarona, F|100/100
|move|p1a: Starmie|Hydro Pump|p2a: Volcarona
|-supereffective|p2a: Volcarona
|-enditem|p2a: Volcarona|Passho Berry|[eat]
|-enditem|p2a: Volcarona|Passho Berry|[weaken]
|-damage|p2a: Volcarona|71/100
|
|-weather|SunnyDay|[upkeep]
|upkeep
|turn|5
|
|t:|1722021311
|switch|p1a: Salamence|Salamence, F|100/100
|move|p2a: Volcarona|Quiver Dance|p2a: Volcarona
|-boost|p2a: Volcarona|spa|1
|-boost|p2a: Volcarona|spd|1
|-boost|p2a: Volcarona|spe|1
|
|-weather|SunnyDay|[upkeep]
|upkeep
|turn|6
|
|t:|1722021324
|switch|p2a: Forretress|Forretress, F|100/100
|move|p1a: Salamence|Outrage|p2a: Forretress
|-resisted|p2a: Forretress
|-damage|p2a: Forretress|82/100
|
|-weather|SunnyDay|[upkeep]
|-heal|p2a: Forretress|88/100|[from] item: Leftovers
|upkeep
|turn|7
|
|t:|1722021330
|move|p1a: Salamence|Outrage|p2a: Forretress|[from]lockedmove
|-resisted|p2a: Forretress
|-damage|p2a: Forretress|69/100
|move|p2a: Forretress|Stealth Rock|p1a: Salamence
|-sidestart|p1: phosphor|move: Stealth Rock
|
|-weather|SunnyDay|[upkeep]
|-heal|p2a: Forretress|76/100|[from] item: Leftovers
|upkeep
|turn|8
|
|t:|1722021336
|move|p1a: Salamence|Outrage|p2a: Forretress|[from]lockedmove
|-resisted|p2a: Forretress
|-damage|p2a: Forretress|55/100
|-start|p1a: Salamence|confusion|[fatigue]
|move|p2a: Forretress|Hidden Power|p1a: Salamence
|-supereffective|p1a: Salamence
|-damage|p1a: Salamence|40/100
|
|-weather|SunnyDay|[upkeep]
|-heal|p2a: Forretress|62/100|[from] item: Leftovers
|upkeep
|turn|9
|
|t:|1722021348
|switch|p1a: Starmie|Starmie|35/100
|-damage|p1a: Starmie|22/100|[from] Stealth Rock
|move|p2a: Forretress|Volt Switch|p1a: Starmie
|-supereffective|p1a: Starmie
|-damage|p1a: Starmie|0 fnt
|faint|p1a: Starmie
|
|t:|1722021368
|switch|p2a: Ninetales|Ninetales, F|100/100|[from] Volt Switch
|
|-weather|SunnyDay|[upkeep]
|upkeep
|
|t:|1722021376
|switch|p1a: Latios|Latios, M|100/100
|-damage|p1a: Latios|88/100|[from] Stealth Rock
|turn|10
|
|t:|1722021381
|move|p2a: Ninetales|Protect|p2a: Ninetales
|-singleturn|p2a: Ninetales|Protect
|move|p1a: Latios|Draco Meteor|p2a: Ninetales
|-activate|p2a: Ninetales|move: Protect
|
|-weather|SunnyDay|[upkeep]
|upkeep
|turn|11
|
|t:|1722021393
|switch|p2a: Heatran|Heatran, F|65/100
|move|p1a: Latios|Draco Meteor|p2a: Heatran
|-resisted|p2a: Heatran
|-damage|p2a: Heatran|19/100
|-unboost|p1a: Latios|spa|2
|
|-weather|SunnyDay|[upkeep]
|-heal|p2a: Heatran|25/100|[from] item: Leftovers
|upkeep
|turn|12
|
|t:|1722021397
|move|p1a: Latios|Draco Meteor|p2a: Heatran
|-resisted|p2a: Heatran
|-damage|p2a: Heatran|2/100
|-unboost|p1a: Latios|spa|2
|move|p2a: Heatran|Magma Storm|p1a: Latios
|-resisted|p1a: Latios
|-damage|p1a: Latios|41/100
|-activate|p1a: Latios|move: Magma Storm|[of] p2a: Heatran
|
|-weather|SunnyDay|[upkeep]
|-heal|p2a: Heatran|8/100|[from] item: Leftovers
|-damage|p1a: Latios|35/100|[from] move: Magma Storm|[partiallytrapped]
|upkeep
|turn|13
|inactive|nidiedi has 120 seconds left.
|
|t:|1722021431
|switch|p2a: Volcarona|Volcarona, F|71/100
|move|p1a: Latios|Draco Meteor|p2a: Volcarona|[miss]
|-miss|p1a: Latios|p2a: Volcarona
|
|-weather|SunnyDay|[upkeep]
|upkeep
|turn|14
|inactive|nidiedi has 120 seconds left.
|
|t:|1722021450
|switch|p1a: Jirachi|Jirachi|100/100
|-damage|p1a: Jirachi|94/100|[from] Stealth Rock
|move|p2a: Volcarona|Hidden Power|p1a: Jirachi
|-resisted|p1a: Jirachi
|-damage|p1a: Jirachi|86/100
|
|-weather|SunnyDay|[upkeep]
|upkeep
|turn|15
|
|t:|1722021453
|move|p2a: Volcarona|Flamethrower|p1a: Jirachi
|-supereffective|p1a: Jirachi
|-damage|p1a: Jirachi|0 fnt
|faint|p1a: Jirachi
|
|-weather|SunnyDay|[upkeep]
|upkeep
|
|t:|1722021457
|switch|p1a: Garchomp|Garchomp, M|100/100
|-damage|p1a: Garchomp|94/100|[from] Stealth Rock
|turn|16
|inactive|nidiedi has 120 seconds left.
|
|t:|1722021478
|switch|p2a: ru|Xatu, M|100/100
|move|p1a: Garchomp|Swords Dance|p1a: Garchomp
|-boost|p1a: Garchomp|atk|2
|
|-weather|SunnyDay|[upkeep]
|upkeep
|turn|17
|inactive|nidiedi has 120 seconds left.
|
|t:|1722021488
|move|p1a: Garchomp|Outrage|p2a: ru
|-damage|p2a: ru|0 fnt
|-damage|p1a: Garchomp|78/100|[from] item: Rocky Helmet|[of] p2a: ru
|faint|p2a: ru
|
|-weather|SunnyDay|[upkeep]
|upkeep
|inactive|nidiedi has 120 seconds left.
|
|t:|1722021493
|switch|p2a: Forretress|Forretress, F|62/100
|turn|18
|
|t:|1722021499
|move|p1a: Garchomp|Outrage|p2a: Forretress|[from]lockedmove
|-resisted|p2a: Forretress
|-damage|p2a: Forretress|26/100
|move|p2a: Forretress|Hidden Power|p1a: Garchomp
|-supereffective|p1a: Garchomp
|-enditem|p1a: Garchomp|Yache Berry|[eat]
|-enditem|p1a: Garchomp|Yache Berry|[weaken]
|-damage|p1a: Garchomp|55/100
|
|-weather|SunnyDay|[upkeep]
|-heal|p2a: Forretress|33/100|[from] item: Leftovers
|upkeep
|turn|19
|inactive|nidiedi has 120 seconds left.
|
|t:|1722021517
|switch|p2a: Heatran|Heatran, F|8/100
|move|p1a: Garchomp|Outrage|p2a: Heatran|[from]lockedmove
|-resisted|p2a: Heatran
|-damage|p2a: Heatran|0 fnt
|faint|p2a: Heatran
|-start|p1a: Garchomp|confusion|[fatigue]
|
|-weather|SunnyDay|[upkeep]
|upkeep
|inactive|nidiedi has 120 seconds left.
|
|t:|1722021536
|switch|p2a: Ninetales|Ninetales, F|100/100
|turn|20
|
|t:|1722021560
|-activate|p1a: Garchomp|confusion
|move|p1a: Garchomp|Earthquake|p2a: Ninetales
|-supereffective|p2a: Ninetales
|-damage|p2a: Ninetales|0 fnt
|faint|p2a: Ninetales
|
|-weather|SunnyDay|[upkeep]
|upkeep
|
|t:|1722021579
|switch|p2a: Volcarona|Volcarona, F|71/100
|turn|21
|
|t:|1722021584
|-end|p1a: Garchomp|confusion
|move|p1a: Garchomp|Earthquake|p2a: Volcarona
|-damage|p2a: Volcarona|0 fnt
|faint|p2a: Volcarona
|
|-weather|SunnyDay|[upkeep]
|upkeep
|-message|nidiedi forfeited.
|
|win|phosphor
|raw|phosphor's rating: 1427 &rarr; <strong>1447</strong><br />(+20 for winning)
|raw|nidiedi's rating: 1426 &rarr; <strong>1406</strong><br />(-20 for losing)
|l|☆nidiedi
|player|p2|
