|j|tyfcruio2
|j|Adrian Valkyrie
|player|p1|tyfcruio2|153
|teamsize|p1|6
|player|p2|Adrian Valkyrie|52
|teamsize|p2|6
|gametype|singles
|gen|5
|tier|[Gen 5] OU
|rated|
|seed|5573,4494,60480,39689
|rule|Sleep Clause Mod: Limit one foe put to sleep
|rule|Species Clause: Limit one of each Pokémon
|rule|OHKO Clause: OHKO moves are banned
|rule|Moody Clause: Moody is banned
|rule|Evasion Moves Clause: Evasion moves are banned
|rule|Endless Battle Clause: Forcing endless battles is banned
|rule|HP Percentage Mod: HP is shown in percentages
|rule|Evasion Abilities Clause: Evasion abilities are banned
|rule|Baton Pass Clause: Limit one Baton Passer, can't pass Spe and other stats simultaneously
|rule|Swagger Clause: Swagger is banned
|clearpoke
|poke|p1|Heatran, F|item
|poke|p1|Jellicent, M|item
|poke|p1|Ferrothorn, F|item
|poke|p1|Gliscor, M|item
|poke|p1|Dragonite, M|item
|poke|p1|Magnezone|item
|poke|p2|Ninetales, F|item
|poke|p2|Excadrill, M|item
|poke|p2|Volcarona, M|item
|poke|p2|Latios, M|item
|poke|p2|Latias, F|item
|poke|p2|Lucario, M|item
|teampreview
|j|game is game4
|choice|team 4, team 2, team 3, team 1, team 5, team 6|team 5, team 2, team 3, team 4, team 1, team 6
|
|start
|switch|p1a: Gliscor|Gliscor, M, shiny|352/352
|switch|p2a: Latias|Latias, F|301/301
|turn|1
|inactive|Battle timer is ON: inactive players will automatically lose when time's up. (requested by Adrian Valkyrie)
|choice|move toxic|move calmmind
|
|move|p2a: Latias|Calm Mind|p2a: Latias
|-boost|p2a: Latias|spa|1
|-boost|p2a: Latias|spd|1
|move|p1a: Gliscor|Toxic|p2a: Latias
|-status|p2a: Latias|tox
|
|-damage|p2a: Latias|283/301 tox|[from] psn
|-status|p1a: Gliscor|tox|[from] item: Toxic Orb
|upkeep
|turn|2
|choice|switch 4|move calmmind
|
|switch|p1a: Heatran|Heatran, F|385/385
|move|p2a: Latias|Calm Mind|p2a: Latias
|-boost|p2a: Latias|spa|1
|-boost|p2a: Latias|spd|1
|
|-damage|p2a: Latias|247/301 tox|[from] psn
|upkeep
|turn|3
|choice|move stealthrock|move hiddenpower
|
|move|p2a: Latias|Hidden Power|p1a: Heatran
|-supereffective|p1a: Heatran
|-damage|p1a: Heatran|122/385
|-damage|p2a: Latias|217/301 tox|[from] item: Life Orb
|move|p1a: Heatran|Stealth Rock|p2a: Latias
|-sidestart|p2: Adrian Valkyrie|move: Stealth Rock
|
|-heal|p1a: Heatran|146/385|[from] item: Leftovers
|-damage|p2a: Latias|163/301 tox|[from] psn
|upkeep
|turn|4
|choice|move protect|move psyshock
|
|move|p1a: Heatran|Protect|p1a: Heatran
|-singleturn|p1a: Heatran|Protect
|move|p2a: Latias|Psyshock|p1a: Heatran
|-activate|p1a: Heatran|move: Protect
|
|-heal|p1a: Heatran|170/385|[from] item: Leftovers
|-damage|p2a: Latias|91/301 tox|[from] psn
|upkeep
|turn|5
|choice|switch 4|move dracometeor
|
|switch|p1a: Gliscor|Gliscor, M, shiny|352/352 tox
|move|p2a: Latias|Draco Meteor|p1a: Gliscor
|-damage|p1a: Gliscor|0 fnt
|-unboost|p2a: Latias|spa|2
|-damage|p2a: Latias|61/301 tox|[from] item: Life Orb
|faint|p1a: Gliscor
|
|-damage|p2a: Latias|0 fnt|[from] psn
|upkeep
|faint|p2a: Latias
|choice|switch 6|switch 2
|
|switch|p2a: Excadrill|Excadrill, M|361/361
|switch|p1a: Magnezone|Magnezone|281/281
|-damage|p2a: Excadrill|350/361|[from] Stealth Rock
|-ability|p2a: Excadrill|Mold Breaker
|turn|6
|choice|move hiddenpower|move rapidspin
|
|move|p1a: Magnezone|Hidden Power|p2a: Excadrill
|-supereffective|p2a: Excadrill
|-damage|p2a: Excadrill|100/361
|move|p2a: Excadrill|Rapid Spin|p1a: Magnezone
|-resisted|p1a: Magnezone
|-damage|p1a: Magnezone|268/281
|-sideend|p2: Adrian Valkyrie|Stealth Rock|[from] move: Rapid Spin|[of] p2a: Excadrill
|
|upkeep
|turn|7
|choice|move hiddenpower|move stealthrock
|
|move|p1a: Magnezone|Hidden Power|p2a: Excadrill
|-supereffective|p2a: Excadrill
|-damage|p2a: Excadrill|0 fnt
|faint|p2a: Excadrill
|
|upkeep
|choice||switch 5
|
|switch|p2a: Ninetales|Ninetales, F|287/287
|-weather|SunnyDay|[from] ability: Drought|[of] p2a: Ninetales
|turn|8
|choice|switch 4|move nastyplot
|
|switch|p1a: Heatran|Heatran, F|170/385
|move|p2a: Ninetales|Nasty Plot|p2a: Ninetales
|-boost|p2a: Ninetales|spa|2
|
|-weather|SunnyDay|[upkeep]
|-heal|p1a: Heatran|194/385|[from] item: Leftovers
|upkeep
|turn|9
|choice|move stealthrock|move hiddenpower
|
|move|p2a: Ninetales|Hidden Power|p1a: Heatran
|-supereffective|p1a: Heatran
|-damage|p1a: Heatran|0 fnt
|-damage|p2a: Ninetales|259/287|[from] item: Life Orb
|faint|p1a: Heatran
|
|-weather|SunnyDay|[upkeep]
|upkeep
|choice|switch 4|
|
|switch|p1a: Magnezone|Magnezone|268/281
|turn|10
|choice|move thunderbolt|move fireblast
|
|move|p1a: Magnezone|Thunderbolt|p2a: Ninetales
|-damage|p2a: Ninetales|79/287
|move|p2a: Ninetales|Fire Blast|p1a: Magnezone
|-supereffective|p1a: Magnezone
|-damage|p1a: Magnezone|0 fnt
|-damage|p2a: Ninetales|51/287|[from] item: Life Orb
|faint|p1a: Magnezone
|
|-weather|SunnyDay|[upkeep]
|upkeep
|choice|switch 2|
|
|switch|p1a: Jellicent|Jellicent, M, shiny|403/403
|turn|11
|choice|switch 3|move solarbeam
|
|switch|p1a: Ferrothorn|Ferrothorn, F, shiny|352/352
|move|p2a: Ninetales|Solar Beam|p1a: Ferrothorn|[still]
|-prepare|p2a: Ninetales|Solar Beam|p1a: Ferrothorn
|-anim|p2a: Ninetales|Solar Beam|p1a: Ferrothorn
|-resisted|p1a: Ferrothorn
|-damage|p1a: Ferrothorn|305/352
|-damage|p2a: Ninetales|23/287|[from] item: Life Orb
|
|-weather|SunnyDay|[upkeep]
|-heal|p1a: Ferrothorn|327/352|[from] item: Leftovers
|upkeep
|turn|12
|choice|switch 3|move fireblast
|
|switch|p1a: Jellicent|Jellicent, M, shiny|403/403
|move|p2a: Ninetales|Fire Blast|p1a: Jellicent
|-resisted|p1a: Jellicent
|-damage|p1a: Jellicent|108/403
|-damage|p2a: Ninetales|0 fnt|[from] item: Life Orb
|faint|p2a: Ninetales
|
|-weather|SunnyDay|[upkeep]
|-heal|p1a: Jellicent|133/403|[from] item: Leftovers
|upkeep
|choice||switch 3
|
|switch|p2a: Volcarona|Volcarona, M|311/311
|turn|13
|choice|move taunt|move quiverdance
|
|move|p2a: Volcarona|Quiver Dance|p2a: Volcarona
|-boost|p2a: Volcarona|spa|1
|-boost|p2a: Volcarona|spd|1
|-boost|p2a: Volcarona|spe|1
|move|p1a: Jellicent|Taunt|p2a: Volcarona
|-start|p2a: Volcarona|move: Taunt
|
|-weather|SunnyDay|[upkeep]
|-heal|p1a: Jellicent|158/403|[from] item: Leftovers
|upkeep
|turn|14
|choice|switch 5|move gigadrain
|
|switch|p1a: Dragonite|Dragonite, M|386/386
|move|p2a: Volcarona|Giga Drain|p1a: Dragonite
|-resisted|p1a: Dragonite
|-damage|p1a: Dragonite|362/386
|-damage|p2a: Volcarona|280/311|[from] item: Life Orb
|
|-weather|SunnyDay|[upkeep]
|-heal|p1a: Dragonite|386/386|[from] item: Leftovers
|upkeep
|turn|15
|c|☆Adrian Valkyrie|misclick
|c|☆Adrian Valkyrie|fuck
|choice|move substitute|move fireblast
|
|move|p2a: Volcarona|Fire Blast|p1a: Dragonite|[miss]
|-miss|p2a: Volcarona|p1a: Dragonite
|move|p1a: Dragonite|Substitute|p1a: Dragonite
|-start|p1a: Dragonite|Substitute
|-damage|p1a: Dragonite|290/386
|
|-weather|SunnyDay|[upkeep]
|-heal|p1a: Dragonite|314/386|[from] item: Leftovers
|upkeep
|turn|16
|choice|move dragondance|move bugbuzz
|
|move|p2a: Volcarona|Bug Buzz|p1a: Dragonite
|-resisted|p1a: Dragonite
|-end|p1a: Dragonite|Substitute
|-damage|p2a: Volcarona|249/311|[from] item: Life Orb
|move|p1a: Dragonite|Dragon Dance|p1a: Dragonite
|-boost|p1a: Dragonite|atk|1
|-boost|p1a: Dragonite|spe|1
|
|-weather|SunnyDay|[upkeep]
|-heal|p1a: Dragonite|338/386|[from] item: Leftovers
|-end|p2a: Volcarona|move: Taunt
|upkeep
|turn|17
|choice|move dragondance|move fireblast
|
|move|p2a: Volcarona|Fire Blast|p1a: Dragonite|[miss]
|-miss|p2a: Volcarona|p1a: Dragonite
|move|p1a: Dragonite|Dragon Dance|p1a: Dragonite
|-boost|p1a: Dragonite|atk|1
|-boost|p1a: Dragonite|spe|1
|
|-weather|SunnyDay|[upkeep]
|-heal|p1a: Dragonite|362/386|[from] item: Leftovers
|upkeep
|turn|18
|c|☆Adrian Valkyrie|FUCKING BASTARD
|choice|move substitute|move fireblast
|
|move|p1a: Dragonite|Substitute|p1a: Dragonite
|-start|p1a: Dragonite|Substitute
|-damage|p1a: Dragonite|266/386
|move|p2a: Volcarona|Fire Blast|p1a: Dragonite
|-resisted|p1a: Dragonite
|-end|p1a: Dragonite|Substitute
|-damage|p2a: Volcarona|218/311|[from] item: Life Orb
|
|-weather|SunnyDay|[upkeep]
|-heal|p1a: Dragonite|290/386|[from] item: Leftovers
|upkeep
|turn|19
|c|☆tyfcruio2|Bastard urself
|c|☆Adrian Valkyrie|haxing bastard
|c|☆tyfcruio2|I've been very unlucky during my last two battles
|inactive|tyfcruio2 has 120 seconds left.
|c|☆tyfcruio2|but I do not insult people
|c|☆tyfcruio2|that is not my fault
|c|☆tyfcruio2|so shut up poor beach and play
|choice|move substitute|move quiverdance
|
|move|p1a: Dragonite|Substitute|p1a: Dragonite
|-start|p1a: Dragonite|Substitute
|-damage|p1a: Dragonite|194/386
|move|p2a: Volcarona|Quiver Dance|p2a: Volcarona
|-boost|p2a: Volcarona|spa|1
|-boost|p2a: Volcarona|spd|1
|-boost|p2a: Volcarona|spe|1
|
|-weather|SunnyDay|[upkeep]
|-heal|p1a: Dragonite|218/386|[from] item: Leftovers
|upkeep
|turn|20
|choice|move dragonclaw|move bugbuzz
|
|move|p2a: Volcarona|Bug Buzz|p1a: Dragonite
|-resisted|p1a: Dragonite
|-end|p1a: Dragonite|Substitute
|-damage|p2a: Volcarona|187/311|[from] item: Life Orb
|move|p1a: Dragonite|Dragon Claw|p2a: Volcarona
|-damage|p2a: Volcarona|0 fnt
|-status|p1a: Dragonite|brn|[from] ability: Flame Body|[of] p2a: Volcarona
|faint|p2a: Volcarona
|
|-weather|SunnyDay|[upkeep]
|-heal|p1a: Dragonite|242/386 brn|[from] item: Leftovers
|-damage|p1a: Dragonite|194/386 brn|[from] brn
|upkeep
|choice||switch 6
|
|switch|p2a: Lucario|Lucario, M|281/281
|turn|21
|c|☆tyfcruio2|see ?
|c|☆tyfcruio2|u can be luccky too
|choice|move roost|move swordsdance
|
|move|p1a: Dragonite|Roost|p1a: Dragonite
|-heal|p1a: Dragonite|386/386 brn
|move|p2a: Lucario|Swords Dance|p2a: Lucario
|-boost|p2a: Lucario|atk|2
|
|-weather|SunnyDay|[upkeep]
|-damage|p1a: Dragonite|338/386 brn|[from] brn
|upkeep
|turn|22
|choice|move dragondance|move swordsdance
|
|move|p1a: Dragonite|Dragon Dance|p1a: Dragonite
|-boost|p1a: Dragonite|atk|1
|-boost|p1a: Dragonite|spe|1
|move|p2a: Lucario|Swords Dance|p2a: Lucario
|-boost|p2a: Lucario|atk|2
|
|-weather|SunnyDay|[upkeep]
|-heal|p1a: Dragonite|362/386 brn|[from] item: Leftovers
|-damage|p1a: Dragonite|314/386 brn|[from] brn
|upkeep
|turn|23
|choice|move dragonclaw|move extremespeed
|
|move|p2a: Lucario|Extreme Speed|p1a: Dragonite
|-damage|p1a: Dragonite|0 fnt
|-damage|p2a: Lucario|253/281|[from] item: Life Orb
|faint|p1a: Dragonite
|
|-weather|SunnyDay|[upkeep]
|upkeep
|choice|switch 5|
|
|switch|p1a: Jellicent|Jellicent, M, shiny|158/403
|turn|24
|choice|move willowisp|move crunch
|
|move|p2a: Lucario|Crunch|p1a: Jellicent
|-supereffective|p1a: Jellicent
|-crit|p1a: Jellicent
|-damage|p1a: Jellicent|0 fnt
|-damage|p2a: Lucario|225/281|[from] item: Life Orb
|faint|p1a: Jellicent
|
|-weather|SunnyDay|[upkeep]
|upkeep
|choice|switch 3|
|
|switch|p1a: Ferrothorn|Ferrothorn, F, shiny|327/352
|turn|25
|choice|move leechseed|move closecombat
|
|move|p2a: Lucario|Close Combat|p1a: Ferrothorn
|-supereffective|p1a: Ferrothorn
|-damage|p1a: Ferrothorn|0 fnt
|-damage|p2a: Lucario|190/281|[from] ability: Iron Barbs|[of] p1a: Ferrothorn
|-unboost|p2a: Lucario|def|1
|-unboost|p2a: Lucario|spd|1
|-damage|p2a: Lucario|162/281|[from] item: Life Orb
|faint|p1a: Ferrothorn
|
|win|Adrian Valkyrie
|raw|tyfcruio2's rating: 1314 &rarr; <strong>1300</strong><br />(-14 for losing)
|raw|Adrian Valkyrie's rating: 1417 &rarr; <strong>1432</strong><br />(+15 for winning)
|l|Adrian Valkyrie
|l|tyfcruio2