|uhtml|medal-msg|<div class="broadcast-blue">Curious what those medals under the avatar are? PS now has Ladder Seasons! For more information, check out the <a href="https://www.smogon.com/forums/threads/3740067/">thread on Smogon.</a></div>
|uhtml|medal-msg|<div class="broadcast-blue">Curious what those medals under the avatar are? PS now has Ladder Seasons! For more information, check out the <a href="https://www.smogon.com/forums/threads/3740067/">thread on Smogon.</a></div>
|j|☆stonya
|j|☆bwctest1
|t:|1714034899
|gametype|singles
|player|p1|stonya|265|1409
|player|p2|bwctest1|lucas|1451
|teamsize|p1|6
|teamsize|p2|6
|gen|5
|tier|[Gen 5] OU
|rated|
|rule|Species Clause: Limit one of each Pokémon
|rule|OHKO Clause: OHKO moves are banned
|rule|Moody Clause: Moody is banned
|rule|Evasion Items Clause: Evasion items are banned
|rule|Evasion Moves Clause: Evasion moves are banned
|rule|Endless Battle Clause: Forcing endless battles is banned
|rule|HP Percentage Mod: HP is shown in percentages
|rule|Evasion Abilities Clause: Evasion abilities are banned
|rule|Sleep Moves Clause: Sleep-inducing moves are banned
|rule|Swagger Clause: Swagger is banned
|rule|Baton Pass Stat Clause: No Baton Passer may have a way to boost its stats
|clearpoke
|poke|p1|Tyranitar, M|item
|poke|p1|Magnezone|item
|poke|p1|Terrakion|item
|poke|p1|Latios, M|item
|poke|p1|Scizor, M|item
|poke|p1|Landorus-Therian, M|item
|poke|p2|Aerodactyl, M|item
|poke|p2|Dragonite, M|item
|poke|p2|Starmie|item
|poke|p2|Conkeldurr, F|item
|poke|p2|Jirachi|item
|poke|p2|Lucario, M|item
|teampreview
|inactive|Battle timer is ON: inactive players will automatically lose when time's up. (requested by bwctest1)
|
|t:|1714034929
|start
|switch|p1a: Bron Bron|Landorus-Therian, M|100/100
|switch|p2a: Aerodactyl|Aerodactyl, M|100/100
|-ability|p1a: Bron Bron|Intimidate|boost
|-unboost|p2a: Aerodactyl|atk|1
|turn|1
|
|t:|1714034937
|move|p2a: Aerodactyl|Stealth Rock|p1a: Bron Bron
|-sidestart|p1: stonya|move: Stealth Rock
|move|p1a: Bron Bron|Hidden Power|p2a: Aerodactyl
|-supereffective|p2a: Aerodactyl
|-damage|p2a: Aerodactyl|41/100
|
|upkeep
|turn|2
|
|t:|1714034956
|move|p2a: Aerodactyl|Double-Edge|p1a: Bron Bron
|-damage|p1a: Bron Bron|79/100
|move|p1a: Bron Bron|Hidden Power|p2a: Aerodactyl
|-supereffective|p2a: Aerodactyl
|-damage|p2a: Aerodactyl|0 fnt
|faint|p2a: Aerodactyl
|
|upkeep
|
|t:|1714034975
|switch|p2a: Conkeldurr|Conkeldurr, F|100/100
|turn|3
|
|t:|1714034998
|move|p1a: Bron Bron|U-turn|p2a: Conkeldurr
|-resisted|p2a: Conkeldurr
|-damage|p2a: Conkeldurr|89/100
|
|t:|1714034999
|switch|p1a: Miller|Scizor, M, shiny|100/100|[from] U-turn
|-damage|p1a: Miller|88/100|[from] Stealth Rock
|move|p2a: Conkeldurr|Bulk Up|p2a: Conkeldurr
|-boost|p2a: Conkeldurr|atk|1
|-boost|p2a: Conkeldurr|def|1
|
|-heal|p2a: Conkeldurr|95/100|[from] item: Leftovers
|upkeep
|turn|4
|
|t:|1714035025
|move|p1a: Miller|U-turn|p2a: Conkeldurr
|-resisted|p2a: Conkeldurr
|-damage|p2a: Conkeldurr|79/100
|
|t:|1714035033
|switch|p1a: Bron Bron|Landorus-Therian, M|79/100|[from] U-turn
|-damage|p1a: Bron Bron|66/100|[from] Stealth Rock
|-ability|p1a: Bron Bron|Intimidate|boost
|-unboost|p2a: Conkeldurr|atk|1
|move|p2a: Conkeldurr|Drain Punch|p1a: Bron Bron
|-resisted|p1a: Bron Bron
|-damage|p1a: Bron Bron|48/100
|-heal|p2a: Conkeldurr|88/100|[from] drain|[of] p1a: Bron Bron
|
|-heal|p2a: Conkeldurr|94/100|[from] item: Leftovers
|upkeep
|turn|5
|
|t:|1714035057
|move|p1a: Bron Bron|Toxic|p2a: Conkeldurr
|-status|p2a: Conkeldurr|tox
|move|p2a: Conkeldurr|Bulk Up|p2a: Conkeldurr
|-boost|p2a: Conkeldurr|atk|1
|-boost|p2a: Conkeldurr|def|1
|
|-heal|p2a: Conkeldurr|99/100 tox|[from] item: Leftovers
|-damage|p2a: Conkeldurr|94/100 tox|[from] psn
|upkeep
|turn|6
|j| weastly
|inactive|bwctest1 has 120 seconds left.
|inactive|bwctest1 has 90 seconds left.
|
|t:|1714035117
|move|p1a: Bron Bron|U-turn|p2a: Conkeldurr
|-resisted|p2a: Conkeldurr
|-damage|p2a: Conkeldurr|87/100 tox
|
|t:|1714035121
|switch|p1a: Miller|Scizor, M, shiny|88/100|[from] U-turn
|-damage|p1a: Miller|76/100|[from] Stealth Rock
|move|p2a: Conkeldurr|Drain Punch|p1a: Miller
|-damage|p1a: Miller|3/100
|-heal|p2a: Conkeldurr|100/100 tox|[from] drain|[of] p1a: Miller
|
|-damage|p2a: Conkeldurr|88/100 tox|[from] psn
|upkeep
|turn|7
|
|t:|1714035130
|move|p1a: Miller|Bullet Punch|p2a: Conkeldurr
|-damage|p2a: Conkeldurr|67/100 tox
|move|p2a: Conkeldurr|Mach Punch|p1a: Miller
|-damage|p1a: Miller|0 fnt
|faint|p1a: Miller
|
|-heal|p2a: Conkeldurr|73/100 tox|[from] item: Leftovers
|-damage|p2a: Conkeldurr|55/100 tox|[from] psn
|upkeep
|
|t:|1714035135
|switch|p1a: Bosh|Latios, M, shiny|100/100
|-damage|p1a: Bosh|88/100|[from] Stealth Rock
|turn|8
|
|t:|1714035148
|switch|p2a: Jirachi|Jirachi|100/100
|move|p1a: Bosh|Psyshock|p2a: Jirachi
|-resisted|p2a: Jirachi
|-damage|p2a: Jirachi|91/100
|
|upkeep
|turn|9
|
|t:|1714035156
|switch|p1a: Bron Bron|Landorus-Therian, M|48/100
|-damage|p1a: Bron Bron|36/100|[from] Stealth Rock
|-ability|p1a: Bron Bron|Intimidate|boost
|-unboost|p2a: Jirachi|atk|1
|move|p2a: Jirachi|U-turn|p1a: Bron Bron
|-resisted|p1a: Bron Bron
|-damage|p1a: Bron Bron|29/100
|
|t:|1714035175
|switch|p2a: Lucario|Lucario, M|100/100|[from] U-turn
|
|upkeep
|turn|10
|
|t:|1714035181
|move|p2a: Lucario|Extreme Speed|p1a: Bron Bron
|-damage|p1a: Bron Bron|0 fnt
|faint|p1a: Bron Bron
|-damage|p2a: Lucario|91/100|[from] item: Life Orb
|
|upkeep
|
|t:|1714035184
|switch|p1a: D.Wade|Terrakion|100/100
|-damage|p1a: D.Wade|94/100|[from] Stealth Rock
|turn|11
|
|t:|1714035199
|switch|p2a: Starmie|Starmie|100/100
|-item|p2a: Starmie|Air Balloon
|move|p1a: D.Wade|Close Combat|p2a: Starmie
|-resisted|p2a: Starmie
|-damage|p2a: Starmie|53/100
|-unboost|p1a: D.Wade|def|1
|-unboost|p1a: D.Wade|spd|1
|-enditem|p2a: Starmie|Air Balloon
|
|upkeep
|turn|12
|
|t:|1714035203
|switch|p1a: Pat Riely|Tyranitar, M|100/100
|-damage|p1a: Pat Riely|88/100|[from] Stealth Rock
|-weather|Sandstorm|[from] ability: Sand Stream|[of] p1a: Pat Riely
|move|p2a: Starmie|Hydro Pump|p1a: Pat Riely|[miss]
|-miss|p2a: Starmie|p1a: Pat Riely
|
|-weather|Sandstorm|[upkeep]
|-damage|p2a: Starmie|47/100|[from] Sandstorm
|-heal|p1a: Pat Riely|94/100|[from] item: Leftovers
|upkeep
|turn|13
|
|t:|1714035206
|move|p2a: Starmie|Hydro Pump|p1a: Pat Riely
|-supereffective|p1a: Pat Riely
|-damage|p1a: Pat Riely|49/100
|move|p1a: Pat Riely|Pursuit|p2a: Starmie
|-supereffective|p2a: Starmie
|-damage|p2a: Starmie|0 fnt
|faint|p2a: Starmie
|
|-weather|Sandstorm|[upkeep]
|-heal|p1a: Pat Riely|55/100|[from] item: Leftovers
|upkeep
|
|t:|1714035210
|switch|p2a: Conkeldurr|Conkeldurr, F|55/100 tox
|turn|14
|
|t:|1714035212
|move|p2a: Conkeldurr|Drain Punch|p1a: Pat Riely
|-supereffective|p1a: Pat Riely
|-damage|p1a: Pat Riely|0 fnt
|-heal|p2a: Conkeldurr|81/100 tox|[from] drain|[of] p1a: Pat Riely
|faint|p1a: Pat Riely
|
|-weather|Sandstorm|[upkeep]
|-damage|p2a: Conkeldurr|75/100 tox|[from] Sandstorm
|-heal|p2a: Conkeldurr|81/100 tox|[from] item: Leftovers
|-damage|p2a: Conkeldurr|75/100 tox|[from] psn
|upkeep
|
|t:|1714035216
|switch|p1a: Bosh|Latios, M, shiny|88/100
|-damage|p1a: Bosh|76/100|[from] Stealth Rock
|turn|15
|
|t:|1714035224
|switch|p2a: Jirachi|Jirachi|91/100
|move|p1a: Bosh|Psyshock|p2a: Jirachi
|-resisted|p2a: Jirachi
|-damage|p2a: Jirachi|82/100
|
|-weather|Sandstorm|[upkeep]
|-damage|p1a: Bosh|70/100|[from] Sandstorm
|upkeep
|turn|16
|
|t:|1714035238
|move|p2a: Jirachi|U-turn|p1a: Bosh
|-supereffective|p1a: Bosh
|-damage|p1a: Bosh|10/100
|
|t:|1714035245
|switch|p2a: Lucario|Lucario, M|91/100|[from] U-turn
|move|p1a: Bosh|Psyshock|p2a: Lucario
|-damage|p2a: Lucario|29/100
|
|-weather|Sandstorm|[upkeep]
|-damage|p1a: Bosh|4/100|[from] Sandstorm
|upkeep
|turn|17
|
|t:|1714035248
|move|p2a: Lucario|Extreme Speed|p1a: Bosh
|-damage|p1a: Bosh|0 fnt
|faint|p1a: Bosh
|-damage|p2a: Lucario|19/100|[from] item: Life Orb
|
|-weather|Sandstorm|[upkeep]
|upkeep
|
|t:|1714035254
|switch|p1a: D.Wade|Terrakion|94/100
|-damage|p1a: D.Wade|88/100|[from] Stealth Rock
|turn|18
|-message|stonya forfeited.
|
|win|bwctest1
|raw|stonya's rating: 1409 &rarr; <strong>1391</strong><br />(-18 for losing)
|raw|bwctest1's rating: 1451 &rarr; <strong>1469</strong><br />(+18 for winning)
|l|☆stonya
|player|p1|
