|j|☆yaksoo
|j|☆daddy_days2
|t:|1739568163
|gametype|singles
|player|p1|yaksoo|shauntal|1454
|player|p2|daddy_days2|hugh|1388
|teamsize|p1|6
|teamsize|p2|6
|gen|5
|tier|[Gen 5] OU
|rated|
|rule|Species Clause: Limit one of each Pokémon
|rule|OHKO Clause: OHKO moves are banned
|rule|Moody Clause: Moody is banned
|rule|Evasion Items Clause: Evasion items are banned
|rule|Evasion Moves Clause: Evasion moves are banned
|rule|Endless Battle Clause: Forcing endless battles is banned
|rule|HP Percentage Mod: HP is shown in percentages
|rule|Evasion Abilities Clause: Evasion abilities are banned
|rule|Sleep Moves Clause: Sleep-inducing moves are banned
|rule|Swagger Clause: Swagger is banned
|rule|Baton Pass Stat Clause: No Baton Passer may have a way to boost its stats
|clearpoke
|poke|p1|Keldeo|item
|poke|p1|Politoed, M|item
|poke|p1|Excadrill, M|item
|poke|p1|Conkeldurr, F|item
|poke|p1|Toxicroak, M|item
|poke|p1|Alakazam, M|item
|poke|p2|Kyurem-Black|item
|poke|p2|Garchomp, M|item
|poke|p2|Conkeldurr, F|item
|poke|p2|Starmie|item
|poke|p2|Bisharp, M|item
|poke|p2|Scyther, M|item
|teampreview
|
|t:|1739568182
|start
|switch|p1a: Keldeo|Keldeo|100/100
|switch|p2a: Insane Dwayne|Kyurem-Black|100/100
|-ability|p2a: Insane Dwayne|Teravolt
|turn|1
|
|t:|1739568191
|switch|p2a: Starlight|Starmie|100/100
|move|p1a: Keldeo|Secret Sword|p2a: Starlight
|-resisted|p2a: Starlight
|-damage|p2a: Starlight|59/100
|
|-heal|p2a: Starlight|65/100|[from] item: Leftovers
|upkeep
|turn|2
|inactive|Battle timer is ON: inactive players will automatically lose when time's up. (requested by yaksoo)
|j| CertamenMeum
|
|t:|1739568204
|switch|p1a: Excadrill|Excadrill, M|100/100
|-ability|p1a: Excadrill|Mold Breaker
|move|p2a: Starlight|Thunder Wave|p1a: Excadrill
|-immune|p1a: Excadrill
|
|-heal|p2a: Starlight|71/100|[from] item: Leftovers
|upkeep
|turn|3
|
|t:|1739568228
|switch|p2a: Blade|Scyther, M|100/100
|move|p1a: Excadrill|Earthquake|p2a: Blade
|-immune|p2a: Blade
|
|upkeep
|turn|4
|
|t:|1739568244
|switch|p1a: Toxicroak|Toxicroak, M|100/100
|-item|p1a: Toxicroak|Air Balloon
|move|p2a: Blade|U-turn|p1a: Toxicroak
|-resisted|p1a: Toxicroak
|-damage|p1a: Toxicroak|87/100
|-enditem|p1a: Toxicroak|Air Balloon
|
|t:|1739568252
|switch|p2a: Insane Dwayne|Kyurem-Black|100/100|[from] U-turn
|-ability|p2a: Insane Dwayne|Teravolt
|
|upkeep
|turn|5
|
|t:|1739568261
|switch|p1a: Excadrill|Excadrill, M|100/100
|-ability|p1a: Excadrill|Mold Breaker
|move|p2a: Insane Dwayne|Dragon Claw|p1a: Excadrill
|-resisted|p1a: Excadrill
|-damage|p1a: Excadrill|46/100
|
|-heal|p1a: Excadrill|52/100|[from] item: Leftovers
|upkeep
|turn|6
|
|t:|1739568272
|move|p1a: Excadrill|Protect|p1a: Excadrill
|-singleturn|p1a: Excadrill|Protect
|move|p2a: Insane Dwayne|Dragon Claw|p1a: Excadrill
|-activate|p1a: Excadrill|move: Protect
|
|-heal|p1a: Excadrill|58/100|[from] item: Leftovers
|upkeep
|turn|7
|
|t:|1739568280
|move|p2a: Insane Dwayne|Dragon Claw|p1a: Excadrill
|-resisted|p1a: Excadrill
|-damage|p1a: Excadrill|0 fnt
|faint|p1a: Excadrill
|
|upkeep
|
|t:|1739568287
|switch|p1a: Keldeo|Keldeo|100/100
|turn|8
|
|t:|1739568294
|switch|p2a: Starlight|Starmie|71/100
|move|p1a: Keldeo|Hidden Power|p2a: Starlight
|-supereffective|p2a: Starlight
|-crit|p2a: Starlight
|-damage|p2a: Starlight|0 fnt
|faint|p2a: Starlight
|
|upkeep
|
|t:|1739568309
|switch|p2a: Shrekster|Conkeldurr, F|100/100
|turn|9
|
|t:|1739568314
|switch|p1a: Politoed|Politoed, M|100/100
|-weather|RainDance|[from] ability: Drizzle|[of] p1a: Politoed
|move|p2a: Shrekster|Thunder Punch|p1a: Politoed
|-supereffective|p1a: Politoed
|-damage|p1a: Politoed|14/100
|
|-weather|RainDance|[upkeep]
|upkeep
|turn|10
|
|t:|1739568326
|move|p2a: Shrekster|Mach Punch|p1a: Politoed
|-damage|p1a: Politoed|0 fnt
|faint|p1a: Politoed
|
|-weather|RainDance|[upkeep]
|upkeep
|
|t:|1739568347
|switch|p1a: Keldeo|Keldeo|100/100
|turn|11
|inactive|yaksoo has 120 seconds left.
|inactive|daddy_days2 has 120 seconds left.
|inactive|daddy_days2 has 90 seconds left.
|
|t:|1739568409
|switch|p2a: Adolf|Bisharp, M|100/100
|-item|p2a: Adolf|Air Balloon
|move|p1a: Keldeo|Hydro Pump|p2a: Adolf|[miss]
|-miss|p1a: Keldeo|p2a: Adolf
|
|-weather|RainDance|[upkeep]
|upkeep
|turn|12
|inactive|yaksoo has 120 seconds left.
|inactive|daddy_days2 has 90 seconds left.
|
|t:|1739568421
|move|p2a: Adolf|Sucker Punch|p1a: Keldeo
|-resisted|p1a: Keldeo
|-damage|p1a: Keldeo|75/100
|-ability|p1a: Keldeo|Justified|boost
|-boost|p1a: Keldeo|atk|1
|move|p1a: Keldeo|Hydro Pump|p2a: Adolf
|-damage|p2a: Adolf|0 fnt
|-enditem|p2a: Adolf|Air Balloon
|faint|p2a: Adolf
|
|-weather|RainDance|[upkeep]
|upkeep
|inactive|daddy_days2 has 90 seconds left.
|
|t:|1739568433
|switch|p2a: Blade|Scyther, M|100/100
|turn|13
|
|t:|1739568439
|switch|p1a: Conkeldurr|Conkeldurr, F|100/100
|move|p2a: Blade|Aerial Ace|p1a: Conkeldurr
|-supereffective|p1a: Conkeldurr
|-damage|p1a: Conkeldurr|21/100
|
|-weather|RainDance|[upkeep]
|upkeep
|turn|14
|
|t:|1739568452
|move|p2a: Blade|Aerial Ace|p1a: Conkeldurr
|-supereffective|p1a: Conkeldurr
|-damage|p1a: Conkeldurr|0 fnt
|faint|p1a: Conkeldurr
|
|-weather|RainDance|[upkeep]
|upkeep
|
|t:|1739568458
|switch|p1a: Alakazam|Alakazam, M|100/100
|turn|15
|
|t:|1739568471
|switch|p2a: Shrekster|Conkeldurr, F|100/100
|move|p1a: Alakazam|Hidden Power|p2a: Shrekster
|-damage|p2a: Shrekster|66/100
|
|-weather|RainDance|[upkeep]
|-heal|p2a: Shrekster|72/100|[from] item: Leftovers
|upkeep
|turn|16
|
|t:|1739568480
|move|p2a: Shrekster|Mach Punch|p1a: Alakazam
|-resisted|p1a: Alakazam
|-damage|p1a: Alakazam|65/100
|move|p1a: Alakazam|Psychic|p2a: Shrekster
|-supereffective|p2a: Shrekster
|-damage|p2a: Shrekster|0 fnt
|faint|p2a: Shrekster
|
|-weather|RainDance|[upkeep]
|upkeep
|
|t:|1739568490
|switch|p2a: Blade|Scyther, M|100/100
|turn|17
|
|t:|1739568493
|move|p2a: Blade|Aerial Ace|p1a: Alakazam
|-damage|p1a: Alakazam|0 fnt
|faint|p1a: Alakazam
|
|-weather|RainDance|[upkeep]
|upkeep
|
|t:|1739568497
|switch|p1a: Toxicroak|Toxicroak, M|87/100
|turn|18
|
|t:|1739568501
|move|p1a: Toxicroak|Sucker Punch|p2a: Blade
|-damage|p2a: Blade|62/100
|move|p2a: Blade|Aerial Ace|p1a: Toxicroak
|-supereffective|p1a: Toxicroak
|-damage|p1a: Toxicroak|0 fnt
|faint|p1a: Toxicroak
|
|-weather|RainDance|[upkeep]
|upkeep
|
|t:|1739568503
|switch|p1a: Keldeo|Keldeo|75/100
|turn|19
|
|t:|1739568512
|move|p2a: Blade|Aerial Ace|p1a: Keldeo
|-supereffective|p1a: Keldeo
|-damage|p1a: Keldeo|0 fnt
|faint|p1a: Keldeo
|
|win|daddy_days2
|raw|yaksoo's rating: 1454 &rarr; <strong>1430</strong><br />(-24 for losing)
|raw|daddy_days2's rating: 1388 &rarr; <strong>1412</strong><br />(+24 for winning)
|c|☆daddy_days2|gg
|l|☆yaksoo
|player|p1|
