|j|☆Pilif
|j|☆goldeenfreeza
|player|p1|Pilif|102|1433
|player|p2|goldeenfreeza|224|1260
|teamsize|p1|6
|teamsize|p2|6
|gametype|singles
|gen|5
|tier|[Gen 5] OU
|rated|
|rule|Sleep Clause Mod: Limit one foe put to sleep
|rule|Species Clause: Limit one of each Pokémon
|rule|OHKO Clause: OHKO moves are banned
|rule|Moody Clause: Moody is banned
|rule|Evasion Moves Clause: Evasion moves are banned
|rule|Endless Battle Clause: Forcing endless battles is banned
|rule|HP Percentage Mod: HP is shown in percentages
|rule|Evasion Abilities Clause: Evasion abilities are banned
|rule|Baton Pass Clause: Limit one Baton Passer, can't pass Spe and other stats simultaneously
|rule|Swagger Clause: Swagger is banned
|clearpoke
|poke|p1|Latios, M|item
|poke|p1|Salamence, M|item
|poke|p1|Jellicent, M|item
|poke|p1|Ferrothorn, F|item
|poke|p1|Hitmontop, M|item
|poke|p1|Gliscor, M|item
|poke|p2|Hippowdon, M|item
|poke|p2|Ferrothorn, F|item
|poke|p2|Blissey, F|item
|poke|p2|Chansey, F|item
|poke|p2|Gengar, M|item
|poke|p2|Salamence, F|item
|teampreview
|
|start
|switch|p1a: Latios|Latios, M|100/100
|switch|p2a: Hippowdon|Hippowdon, M|100/100
|-weather|Sandstorm|[from] ability: Sand Stream|[of] p2a: Hippowdon
|turn|1
|inactive|Battle timer is ON: inactive players will automatically lose when time's up. (requested by Pilif)
|
|move|p1a: Latios|Draco Meteor|p2a: Hippowdon
|-damage|p2a: Hippowdon|20/100
|-unboost|p1a: Latios|spa|2
|move|p2a: Hippowdon|Stealth Rock|p1a: Latios
|-sidestart|p1: Pilif|move: Stealth Rock
|
|-weather|Sandstorm|[upkeep]
|-damage|p1a: Latios|95/100|[from] Sandstorm
|upkeep
|turn|2
|
|switch|p2a: Chansey|Chansey, F|100/100
|move|p1a: Latios|Draco Meteor|p2a: Chansey
|-damage|p2a: Chansey|89/100
|-unboost|p1a: Latios|spa|2
|
|-weather|Sandstorm|[upkeep]
|-damage|p1a: Latios|89/100|[from] Sandstorm
|-damage|p2a: Chansey|83/100|[from] Sandstorm
|upkeep
|turn|3
|
|switch|p1a: Ferrothorn|Ferrothorn, F|100/100
|-damage|p1a: Ferrothorn|94/100|[from] Stealth Rock
|move|p2a: Chansey|Thunder Wave|p1a: Ferrothorn
|-status|p1a: Ferrothorn|par
|
|-weather|Sandstorm|[upkeep]
|-damage|p2a: Chansey|76/100|[from] Sandstorm
|-heal|p1a: Ferrothorn|100/100 par|[from] item: Leftovers
|upkeep
|turn|4
|
|move|p2a: Chansey|Wish|p2a: Chansey
|move|p1a: Ferrothorn|Stealth Rock|p2a: Chansey
|-sidestart|p2: goldeenfreeza|move: Stealth Rock
|
|-weather|Sandstorm|[upkeep]
|-damage|p2a: Chansey|70/100|[from] Sandstorm
|upkeep
|turn|5
|
|switch|p2a: Hippowdon|Hippowdon, M|20/100
|-damage|p2a: Hippowdon|13/100|[from] Stealth Rock
|cant|p1a: Ferrothorn|par
|
|-weather|Sandstorm|[upkeep]
|-heal|p2a: Hippowdon|97/100|[from] move: Wish|[wisher] Chansey
|upkeep
|turn|6
|
|switch|p1a: Hitmontop|Hitmontop, M|100/100
|-damage|p1a: Hitmontop|94/100|[from] Stealth Rock
|-ability|p1a: Hitmontop|Intimidate|boost
|-unboost|p2a: Hippowdon|atk|1
|move|p2a: Hippowdon|Whirlwind|p1a: Hitmontop
|drag|p1a: Latios|Latios, M|89/100
|-damage|p1a: Latios|76/100|[from] Stealth Rock
|
|-weather|Sandstorm|[upkeep]
|-damage|p1a: Latios|70/100|[from] Sandstorm
|upkeep
|turn|7
|
|switch|p2a: Blissey|Blissey, F|100/100
|-damage|p2a: Blissey|88/100|[from] Stealth Rock
|move|p1a: Latios|Trick|p2a: Blissey
|-activate|p1a: Latios|move: Trick|[of] p2a: Blissey
|-item|p2a: Blissey|Choice Scarf|[from] move: Trick
|-item|p1a: Latios|Leftovers|[from] move: Trick
|
|-weather|Sandstorm|[upkeep]
|-damage|p1a: Latios|64/100|[from] Sandstorm
|-damage|p2a: Blissey|82/100|[from] Sandstorm
|-heal|p1a: Latios|70/100|[from] item: Leftovers
|upkeep
|turn|8
|inactive|goldeenfreeza has 120 seconds left.
|
|switch|p1a: Ferrothorn|Ferrothorn, F|100/100 par
|-damage|p1a: Ferrothorn|94/100 par|[from] Stealth Rock
|move|p2a: Blissey|Toxic||[still]
|-fail|p2a: Blissey
|
|-weather|Sandstorm|[upkeep]
|-damage|p2a: Blissey|76/100|[from] Sandstorm
|-heal|p1a: Ferrothorn|100/100 par|[from] item: Leftovers
|upkeep
|turn|9
|inactive|goldeenfreeza has 120 seconds left.
|
|switch|p2a: Chansey|Chansey, F|70/100
|-damage|p2a: Chansey|58/100|[from] Stealth Rock
|switch|p1a: Jellicent|Jellicent, M|100/100
|-damage|p1a: Jellicent|88/100|[from] Stealth Rock
|
|-weather|Sandstorm|[upkeep]
|-damage|p1a: Jellicent|82/100|[from] Sandstorm
|-damage|p2a: Chansey|51/100|[from] Sandstorm
|-heal|p1a: Jellicent|88/100|[from] item: Leftovers
|upkeep
|turn|10
|inactive|goldeenfreeza has 120 seconds left.
|
|move|p1a: Jellicent|Taunt|p2a: Chansey
|-start|p2a: Chansey|move: Taunt
|cant|p2a: Chansey|move: Taunt|Wish
|
|-weather|Sandstorm|[upkeep]
|-damage|p1a: Jellicent|82/100|[from] Sandstorm
|-damage|p2a: Chansey|45/100|[from] Sandstorm
|-heal|p1a: Jellicent|88/100|[from] item: Leftovers
|upkeep
|turn|11
|inactive|goldeenfreeza has 120 seconds left.
|
|switch|p2a: Gengar|Gengar, M|100/100
|-damage|p2a: Gengar|88/100|[from] Stealth Rock
|move|p1a: Jellicent|Will-O-Wisp|p2a: Gengar|[miss]
|-miss|p1a: Jellicent|p2a: Gengar
|
|-weather|Sandstorm|[upkeep]
|-damage|p2a: Gengar|82/100|[from] Sandstorm
|-damage|p1a: Jellicent|82/100|[from] Sandstorm
|-heal|p1a: Jellicent|88/100|[from] item: Leftovers
|upkeep
|turn|12
|inactive|goldeenfreeza has 120 seconds left.
|
|switch|p1a: Ferrothorn|Ferrothorn, F|100/100 par
|-damage|p1a: Ferrothorn|94/100 par|[from] Stealth Rock
|move|p2a: Gengar|Focus Blast|p1a: Ferrothorn
|-supereffective|p1a: Ferrothorn
|-damage|p1a: Ferrothorn|40/100 par
|
|-weather|Sandstorm|[upkeep]
|-damage|p2a: Gengar|76/100|[from] Sandstorm
|-heal|p1a: Ferrothorn|47/100 par|[from] item: Leftovers
|upkeep
|turn|13
|inactive|goldeenfreeza has 120 seconds left.
|
|switch|p1a: Hitmontop|Hitmontop, M|94/100
|-damage|p1a: Hitmontop|88/100|[from] Stealth Rock
|-ability|p1a: Hitmontop|Intimidate|boost
|-unboost|p2a: Gengar|atk|1
|move|p2a: Gengar|Focus Blast|p1a: Hitmontop
|-damage|p1a: Hitmontop|54/100
|
|-weather|Sandstorm|[upkeep]
|-damage|p2a: Gengar|70/100|[from] Sandstorm
|-damage|p1a: Hitmontop|48/100|[from] Sandstorm
|-heal|p1a: Hitmontop|54/100|[from] item: Leftovers
|upkeep
|turn|14
|inactive|goldeenfreeza has 120 seconds left.
|
|switch|p2a: Hippowdon|Hippowdon, M|97/100
|-damage|p2a: Hippowdon|91/100|[from] Stealth Rock
|move|p1a: Hitmontop|Rock Slide|p2a: Hippowdon
|-resisted|p2a: Hippowdon
|-damage|p2a: Hippowdon|86/100
|
|-weather|Sandstorm|[upkeep]
|-damage|p1a: Hitmontop|48/100|[from] Sandstorm
|-heal|p1a: Hitmontop|54/100|[from] item: Leftovers
|upkeep
|turn|15
|inactive|goldeenfreeza has 120 seconds left.
|inactive|Pilif has 120 seconds left.
|
|move|p1a: Hitmontop|Rapid Spin|p2a: Hippowdon
|-damage|p2a: Hippowdon|84/100
|-damage|p1a: Hitmontop|37/100|[from] item: Rocky Helmet|[of] p2a: Hippowdon
|-sideend|p1: Pilif|Stealth Rock|[from] move: Rapid Spin|[of] p1a: Hitmontop
|move|p2a: Hippowdon|Toxic|p1a: Hitmontop
|-status|p1a: Hitmontop|tox
|
|-weather|Sandstorm|[upkeep]
|-damage|p1a: Hitmontop|31/100 tox|[from] Sandstorm
|-heal|p1a: Hitmontop|37/100 tox|[from] item: Leftovers
|-damage|p1a: Hitmontop|31/100 tox|[from] psn
|upkeep
|turn|16
|inactive|goldeenfreeza has 120 seconds left.
|inactive|Pilif has 120 seconds left.
|
|switch|p1a: Salamence|Salamence, M|100/100
|move|p2a: Hippowdon|Stealth Rock|p1a: Salamence
|-sidestart|p1: Pilif|move: Stealth Rock
|
|-weather|Sandstorm|[upkeep]
|-damage|p1a: Salamence|94/100|[from] Sandstorm
|upkeep
|turn|17
|inactive|Pilif has 120 seconds left.
|inactive|goldeenfreeza has 120 seconds left.
|
|move|p1a: Salamence|Outrage|p2a: Hippowdon
|-damage|p2a: Hippowdon|49/100
|-damage|p1a: Salamence|78/100|[from] item: Rocky Helmet|[of] p2a: Hippowdon
|move|p2a: Hippowdon|Whirlwind|p1a: Salamence
|drag|p1a: Gliscor|Gliscor, M|100/100
|-damage|p1a: Gliscor|88/100|[from] Stealth Rock
|
|-weather|Sandstorm|[upkeep]
|-status|p1a: Gliscor|tox|[from] item: Toxic Orb
|upkeep
|turn|18
|inactive|goldeenfreeza has 120 seconds left.
|
|move|p1a: Gliscor|Toxic|p2a: Hippowdon
|-status|p2a: Hippowdon|tox
|move|p2a: Hippowdon|Slack Off|p2a: Hippowdon
|-heal|p2a: Hippowdon|99/100 tox
|
|-weather|Sandstorm|[upkeep]
|-heal|p1a: Gliscor|100/100 tox|[from] ability: Poison Heal
|-damage|p2a: Hippowdon|93/100 tox|[from] psn
|upkeep
|turn|19
|inactive|goldeenfreeza has 120 seconds left.
|
|switch|p2a: Gengar|Gengar, M|70/100
|-damage|p2a: Gengar|58/100|[from] Stealth Rock
|move|p1a: Gliscor|Earthquake|p2a: Gengar
|-immune|p2a: Gengar|[from] ability: Levitate
|
|-weather|Sandstorm|[upkeep]
|-damage|p2a: Gengar|52/100|[from] Sandstorm
|upkeep
|turn|20
|inactive|goldeenfreeza has 120 seconds left.
|
|move|p1a: Gliscor|Protect|p1a: Gliscor
|-singleturn|p1a: Gliscor|Protect
|move|p2a: Gengar|Shadow Ball|p1a: Gliscor
|-activate|p1a: Gliscor|move: Protect
|
|-weather|Sandstorm|[upkeep]
|-damage|p2a: Gengar|46/100|[from] Sandstorm
|upkeep
|turn|21
|inactive|Pilif has 120 seconds left.
|
|move|p2a: Gengar|Shadow Ball|p1a: Gliscor
|-crit|p1a: Gliscor
|-damage|p1a: Gliscor|0 fnt
|faint|p1a: Gliscor
|
|-weather|Sandstorm|[upkeep]
|-damage|p2a: Gengar|39/100|[from] Sandstorm
|upkeep
|
|switch|p1a: Latios|Latios, M|70/100
|-damage|p1a: Latios|58/100|[from] Stealth Rock
|turn|22
|
|move|p2a: Gengar|Shadow Ball|p1a: Latios
|-supereffective|p1a: Latios
|-damage|p1a: Latios|0 fnt
|faint|p1a: Latios
|
|-weather|Sandstorm|[upkeep]
|-damage|p2a: Gengar|33/100|[from] Sandstorm
|upkeep
|
|switch|p1a: Ferrothorn|Ferrothorn, F|47/100 par
|-damage|p1a: Ferrothorn|40/100 par|[from] Stealth Rock
|turn|23
|
|switch|p2a: Blissey|Blissey, F|76/100
|-damage|p2a: Blissey|63/100|[from] Stealth Rock
|switch|p1a: Jellicent|Jellicent, M|88/100
|-damage|p1a: Jellicent|76/100|[from] Stealth Rock
|
|-weather|Sandstorm|[upkeep]
|-damage|p2a: Blissey|57/100|[from] Sandstorm
|-damage|p1a: Jellicent|70/100|[from] Sandstorm
|-heal|p1a: Jellicent|76/100|[from] item: Leftovers
|upkeep
|turn|24
|
|move|p2a: Blissey|Aromatherapy|p2a: Blissey
|-activate|p2a: Blissey|move: Aromatherapy
|-curestatus|p2: Hippowdon|tox|[msg]
|move|p1a: Jellicent|Taunt|p2a: Blissey
|-start|p2a: Blissey|move: Taunt
|
|-weather|Sandstorm|[upkeep]
|-damage|p2a: Blissey|51/100|[from] Sandstorm
|-damage|p1a: Jellicent|70/100|[from] Sandstorm
|-heal|p1a: Jellicent|76/100|[from] item: Leftovers
|upkeep
|turn|25
|
|-activate|p2a: Blissey|move: Struggle
|move|p2a: Blissey|Struggle|p1a: Jellicent
|-damage|p1a: Jellicent|75/100
|-damage|p2a: Blissey|26/100|[from] recoil
|move|p1a: Jellicent|Hex|p2a: Blissey
|-immune|p2a: Blissey
|
|-weather|Sandstorm|[upkeep]
|-damage|p2a: Blissey|20/100|[from] Sandstorm
|-damage|p1a: Jellicent|69/100|[from] Sandstorm
|-heal|p1a: Jellicent|75/100|[from] item: Leftovers
|upkeep
|turn|26
|
|switch|p2a: Hippowdon|Hippowdon, M|93/100
|-damage|p2a: Hippowdon|87/100|[from] Stealth Rock
|move|p1a: Jellicent|Recover|p1a: Jellicent
|-heal|p1a: Jellicent|100/100
|
|-weather|Sandstorm|[upkeep]
|-damage|p1a: Jellicent|94/100|[from] Sandstorm
|-heal|p1a: Jellicent|100/100|[from] item: Leftovers
|upkeep
|turn|27
|
|move|p1a: Jellicent|Taunt|p2a: Hippowdon
|-start|p2a: Hippowdon|move: Taunt
|cant|p2a: Hippowdon|move: Taunt|Toxic
|
|-weather|Sandstorm|[upkeep]
|-damage|p1a: Jellicent|94/100|[from] Sandstorm
|-heal|p1a: Jellicent|100/100|[from] item: Leftovers
|upkeep
|turn|28
|
|switch|p2a: Blissey|Blissey, F|20/100
|-damage|p2a: Blissey|7/100|[from] Stealth Rock
|move|p1a: Jellicent|Will-O-Wisp|p2a: Blissey|[miss]
|-miss|p1a: Jellicent|p2a: Blissey
|
|-weather|Sandstorm|[upkeep]
|-damage|p2a: Blissey|1/100|[from] Sandstorm
|-damage|p1a: Jellicent|94/100|[from] Sandstorm
|-heal|p1a: Jellicent|100/100|[from] item: Leftovers
|upkeep
|turn|29
|
|move|p2a: Blissey|Toxic|p1a: Jellicent
|-status|p1a: Jellicent|tox
|move|p1a: Jellicent|Taunt|p2a: Blissey
|-start|p2a: Blissey|move: Taunt
|
|-weather|Sandstorm|[upkeep]
|-damage|p2a: Blissey|0 fnt|[from] Sandstorm
|-damage|p1a: Jellicent|94/100 tox|[from] Sandstorm
|faint|p2a: Blissey
|-heal|p1a: Jellicent|100/100 tox|[from] item: Leftovers
|-damage|p1a: Jellicent|94/100 tox|[from] psn
|upkeep
|
|switch|p2a: Gengar|Gengar, M|33/100
|-damage|p2a: Gengar|21/100|[from] Stealth Rock
|turn|30
|inactive|Pilif has 120 seconds left.
|
|switch|p1a: Ferrothorn|Ferrothorn, F|40/100 par
|-damage|p1a: Ferrothorn|34/100 par|[from] Stealth Rock
|move|p2a: Gengar|Shadow Ball|p1a: Ferrothorn
|-resisted|p1a: Ferrothorn
|-damage|p1a: Ferrothorn|20/100 par
|
|-weather|Sandstorm|[upkeep]
|-damage|p2a: Gengar|15/100|[from] Sandstorm
|-heal|p1a: Ferrothorn|26/100 par|[from] item: Leftovers
|upkeep
|turn|31
|inactive|Pilif has 120 seconds left.
|
|switch|p1a: Jellicent|Jellicent, M|94/100 tox
|-damage|p1a: Jellicent|82/100 tox|[from] Stealth Rock
|move|p2a: Gengar|Shadow Ball|p1a: Jellicent
|-supereffective|p1a: Jellicent
|-damage|p1a: Jellicent|10/100 tox
|-unboost|p1a: Jellicent|spd|1
|
|-weather|Sandstorm|[upkeep]
|-damage|p2a: Gengar|9/100|[from] Sandstorm
|-damage|p1a: Jellicent|4/100 tox|[from] Sandstorm
|-heal|p1a: Jellicent|10/100 tox|[from] item: Leftovers
|-damage|p1a: Jellicent|4/100 tox|[from] psn
|upkeep
|turn|32
|inactive|Pilif has 120 seconds left.
|
|switch|p1a: Ferrothorn|Ferrothorn, F|26/100 par
|-damage|p1a: Ferrothorn|20/100 par|[from] Stealth Rock
|move|p2a: Gengar|Shadow Ball|p1a: Ferrothorn
|-resisted|p1a: Ferrothorn
|-damage|p1a: Ferrothorn|5/100 par
|
|-weather|Sandstorm|[upkeep]
|-damage|p2a: Gengar|3/100|[from] Sandstorm
|-heal|p1a: Ferrothorn|11/100 par|[from] item: Leftovers
|upkeep
|turn|33
|inactive|Pilif has 120 seconds left.
|
|move|p2a: Gengar|Shadow Ball|p1a: Ferrothorn
|-resisted|p1a: Ferrothorn
|-damage|p1a: Ferrothorn|0 fnt
|faint|p1a: Ferrothorn
|
|-weather|Sandstorm|[upkeep]
|-damage|p2a: Gengar|0 fnt|[from] Sandstorm
|faint|p2a: Gengar
|upkeep
|inactive|Pilif has 120 seconds left.
|
|switch|p2a: Salamence|Salamence, F|100/100
|switch|p1a: Salamence|Salamence, M|78/100
|-damage|p2a: Salamence|76/100|[from] Stealth Rock
|-damage|p1a: Salamence|53/100|[from] Stealth Rock
|turn|34
|
|move|p2a: Salamence|Dragon Claw|p1a: Salamence
|-supereffective|p1a: Salamence
|-damage|p1a: Salamence|0 fnt
|-damage|p2a: Salamence|66/100|[from] item: Life Orb
|faint|p1a: Salamence
|-ability|p2a: Salamence|Moxie|boost
|-boost|p2a: Salamence|atk|1
|
|-weather|Sandstorm|[upkeep]
|-damage|p2a: Salamence|60/100|[from] Sandstorm
|upkeep
|-message|Pilif forfeited.
|
|win|goldeenfreeza
|l|☆Pilif
|raw|Pilif's rating: 1419 &rarr; <strong>1391</strong><br />(-28 for losing)
|raw|goldeenfreeza's rating: 1260 &rarr; <strong>1296</strong><br />(+36 for winning)
