|j|☆Alexia B.
|j|☆for burp rooster
|t:|1706290475
|gametype|singles
|player|p1|Alexia B.|cynthia|1388
|player|p2|for burp rooster|miku-fire|1486
|teamsize|p1|6
|teamsize|p2|6
|gen|5
|tier|[Gen 5] OU
|rated|
|rule|Species Clause: Limit one of each Pokémon
|rule|OHKO Clause: OHKO moves are banned
|rule|Moody Clause: Moody is banned
|rule|Evasion Items Clause: Evasion items are banned
|rule|Evasion Moves Clause: Evasion moves are banned
|rule|Endless Battle Clause: Forcing endless battles is banned
|rule|HP Percentage Mod: HP is shown in percentages
|rule|Evasion Abilities Clause: Evasion abilities are banned
|rule|Sleep Moves Clause: Sleep-inducing moves are banned
|rule|Swagger Clause: Swagger is banned
|rule|Baton Pass Stat Clause: No Baton Passer may have a way to boost its stats
|clearpoke
|poke|p1|Politoed, F|item
|poke|p1|Thundurus-Therian, M|item
|poke|p1|Scizor, F|item
|poke|p1|Garchomp, F|item
|poke|p1|Latios, M|item
|poke|p1|Keldeo-Resolute|item
|poke|p2|Politoed, F|item
|poke|p2|Scizor, M|item
|poke|p2|Latios, M|item
|poke|p2|Ferrothorn, F|item
|poke|p2|Starmie|item
|poke|p2|Thundurus-Therian, M|item
|teampreview
|c|☆for burp rooster|glhf
|
|t:|1706290493
|start
|switch|p1a: Politoed|Politoed, F|100/100
|switch|p2a: Starmie|Starmie|100/100
|-weather|RainDance|[from] ability: Drizzle|[of] p1a: Politoed
|-item|p2a: Starmie|Air Balloon
|turn|1
|
|t:|1706290499
|move|p1a: Politoed|Surf|p2a: Starmie
|-resisted|p2a: Starmie
|-damage|p2a: Starmie|59/100
|-enditem|p2a: Starmie|Air Balloon
|move|p2a: Starmie|Thunder|p1a: Politoed
|-supereffective|p1a: Politoed
|-damage|p1a: Politoed|0 fnt
|faint|p1a: Politoed
|
|-weather|RainDance|[upkeep]
|upkeep
|
|t:|1706290515
|switch|p1a: Thundurus|Thundurus-Therian, M|100/100
|turn|2
|
|t:|1706290519
|switch|p2a: Thundurus|Thundurus-Therian, M|100/100
|move|p1a: Thundurus|Agility|p1a: Thundurus
|-boost|p1a: Thundurus|spe|2
|
|-weather|RainDance|[upkeep]
|upkeep
|turn|3
|
|t:|1706290522
|move|p1a: Thundurus|Hidden Power|p2a: Thundurus
|-supereffective|p2a: Thundurus
|-damage|p2a: Thundurus|31/100
|move|p2a: Thundurus|Agility|p2a: Thundurus
|-boost|p2a: Thundurus|spe|2
|
|-weather|RainDance|[upkeep]
|-heal|p2a: Thundurus|38/100|[from] item: Leftovers
|upkeep
|turn|4
|
|t:|1706290527
|move|p2a: Thundurus|Hidden Power|p1a: Thundurus
|-supereffective|p1a: Thundurus
|-damage|p1a: Thundurus|36/100
|move|p1a: Thundurus|Hidden Power|p2a: Thundurus
|-supereffective|p2a: Thundurus
|-damage|p2a: Thundurus|0 fnt
|faint|p2a: Thundurus
|
|-weather|RainDance|[upkeep]
|-heal|p1a: Thundurus|42/100|[from] item: Leftovers
|upkeep
|
|t:|1706290532
|switch|p2a: Ferrothorn|Ferrothorn, F|100/100
|turn|5
|
|t:|1706290538
|move|p1a: Thundurus|Hidden Power|p2a: Ferrothorn
|-damage|p2a: Ferrothorn|79/100
|move|p2a: Ferrothorn|Gyro Ball|p1a: Thundurus
|-resisted|p1a: Thundurus
|-damage|p1a: Thundurus|3/100
|
|-weather|RainDance|[upkeep]
|-heal|p1a: Thundurus|9/100|[from] item: Leftovers
|upkeep
|turn|6
|
|t:|1706290546
|move|p1a: Thundurus|Thunderbolt|p2a: Ferrothorn
|-resisted|p2a: Ferrothorn
|-crit|p2a: Ferrothorn
|-damage|p2a: Ferrothorn|41/100
|move|p2a: Ferrothorn|Stealth Rock|p1a: Thundurus
|-sidestart|p1: Alexia B.|move: Stealth Rock
|
|-weather|RainDance|[upkeep]
|-heal|p1a: Thundurus|16/100|[from] item: Leftovers
|upkeep
|turn|7
|
|t:|1706290550
|move|p1a: Thundurus|Thunderbolt|p2a: Ferrothorn
|-resisted|p2a: Ferrothorn
|-damage|p2a: Ferrothorn|23/100
|move|p2a: Ferrothorn|Gyro Ball|p1a: Thundurus
|-resisted|p1a: Thundurus
|-damage|p1a: Thundurus|0 fnt
|faint|p1a: Thundurus
|
|-weather|RainDance|[upkeep]
|upkeep
|
|t:|1706290557
|switch|p1a: Garchomp|Garchomp, F|100/100
|-damage|p1a: Garchomp|94/100|[from] Stealth Rock
|turn|8
|
|t:|1706290562
|move|p1a: Garchomp|Stealth Rock|p2a: Ferrothorn
|-sidestart|p2: for burp rooster|move: Stealth Rock
|move|p2a: Ferrothorn|Gyro Ball|p1a: Garchomp
|-damage|p1a: Garchomp|36/100
|-damage|p2a: Ferrothorn|10/100|[from] ability: Rough Skin|[of] p1a: Garchomp
|
|-weather|RainDance|[upkeep]
|upkeep
|turn|9
|
|t:|1706290568
|move|p1a: Garchomp|Earthquake|p2a: Ferrothorn
|-damage|p2a: Ferrothorn|0 fnt
|faint|p2a: Ferrothorn
|
|-weather|RainDance|[upkeep]
|upkeep
|j| el janitor
|inactive|Battle timer is ON: inactive players will automatically lose when time's up. (requested by Alexia B.)
|inactive|for burp rooster has 120 seconds left.
|
|t:|1706290651
|switch|p2a: Scizor|Scizor, M|100/100
|-damage|p2a: Scizor|88/100|[from] Stealth Rock
|turn|10
|
|t:|1706290654
|move|p2a: Scizor|Bullet Punch|p1a: Garchomp
|-damage|p1a: Garchomp|0 fnt
|-damage|p2a: Scizor|76/100|[from] ability: Rough Skin|[of] p1a: Garchomp
|faint|p1a: Garchomp
|
|-weather|RainDance|[upkeep]
|upkeep
|
|t:|1706290662
|switch|p1a: Keldeo|Keldeo-Resolute|100/100
|-damage|p1a: Keldeo|94/100|[from] Stealth Rock
|turn|11
|
|t:|1706290667
|switch|p2a: Latios|Latios, M|100/100
|-damage|p2a: Latios|88/100|[from] Stealth Rock
|move|p1a: Keldeo|Surf|p2a: Latios
|-resisted|p2a: Latios
|-damage|p2a: Latios|30/100
|
|-weather|RainDance|[upkeep]
|upkeep
|turn|12
|
|t:|1706290686
|switch|p2a: Politoed|Politoed, F|100/100
|-damage|p2a: Politoed|88/100|[from] Stealth Rock
|switch|p1a: Latios|Latios, M|100/100
|-damage|p1a: Latios|88/100|[from] Stealth Rock
|
|-weather|RainDance|[upkeep]
|upkeep
|turn|13
|
|t:|1706290694
|move|p1a: Latios|Psychic|p2a: Politoed
|-damage|p2a: Politoed|37/100
|move|p2a: Politoed|Ice Beam|p1a: Latios
|-supereffective|p1a: Latios
|-damage|p1a: Latios|1/100
|
|-weather|RainDance|[upkeep]
|upkeep
|turn|14
|
|t:|1706290706
|move|p1a: Latios|Psychic|p2a: Politoed
|-damage|p2a: Politoed|0 fnt
|faint|p2a: Politoed
|
|-weather|RainDance|[upkeep]
|upkeep
|
|t:|1706290711
|switch|p2a: Starmie|Starmie|59/100
|-damage|p2a: Starmie|47/100|[from] Stealth Rock
|turn|15
|
|t:|1706290714
|move|p1a: Latios|Psychic|p2a: Starmie
|-resisted|p2a: Starmie
|-crit|p2a: Starmie
|-damage|p2a: Starmie|0 fnt
|faint|p2a: Starmie
|
|-weather|RainDance|[upkeep]
|upkeep
|
|t:|1706290717
|switch|p2a: Scizor|Scizor, M|76/100
|-damage|p2a: Scizor|63/100|[from] Stealth Rock
|turn|16
|c|☆for burp rooster|man
|
|t:|1706290725
|switch|p1a: Keldeo|Keldeo-Resolute|94/100
|-damage|p1a: Keldeo|88/100|[from] Stealth Rock
|move|p2a: Scizor|U-turn|p1a: Keldeo
|-resisted|p1a: Keldeo
|-damage|p1a: Keldeo|57/100
|
|t:|1706290728
|switch|p2a: Latios|Latios, M|30/100|[from] U-turn
|-damage|p2a: Latios|17/100|[from] Stealth Rock
|
|-weather|RainDance|[upkeep]
|upkeep
|turn|17
|
|t:|1706290738
|switch|p1a: Latios|Latios, M|1/100
|-damage|p1a: Latios|0 fnt|[from] Stealth Rock
|faint|p1a: Latios
|move|p2a: Latios|Psyshock|p1: Latios|[notarget]
|-fail|p2a: Latios
|
|-weather|RainDance|[upkeep]
|upkeep
|
|t:|1706290747
|switch|p1a: Scizor|Scizor, F|100/100
|-damage|p1a: Scizor|88/100|[from] Stealth Rock
|turn|18
|
|t:|1706290750
|move|p2a: Latios|Psyshock|p1a: Scizor
|-resisted|p1a: Scizor
|-damage|p1a: Scizor|67/100
|move|p1a: Scizor|Swords Dance|p1a: Scizor
|-boost|p1a: Scizor|atk|2
|
|-weather|RainDance|[upkeep]
|upkeep
|turn|19
|
|t:|1706290762
|move|p2a: Latios|Psyshock|p1a: Scizor
|-resisted|p1a: Scizor
|-crit|p1a: Scizor
|-damage|p1a: Scizor|29/100
|move|p1a: Scizor|Roost|p1a: Scizor
|-heal|p1a: Scizor|79/100
|-singleturn|p1a: Scizor|move: Roost
|
|-weather|RainDance|[upkeep]
|upkeep
|turn|20
|
|t:|1706290766
|switch|p2a: Scizor|Scizor, M|63/100
|-damage|p2a: Scizor|51/100|[from] Stealth Rock
|move|p1a: Scizor|Swords Dance|p1a: Scizor
|-boost|p1a: Scizor|atk|2
|
|-weather|RainDance|[upkeep]
|upkeep
|turn|21
|
|t:|1706290769
|move|p1a: Scizor|Bullet Punch|p2a: Scizor
|-resisted|p2a: Scizor
|-damage|p2a: Scizor|0 fnt
|faint|p2a: Scizor
|
|-weather|RainDance|[upkeep]
|upkeep
|
|t:|1706290774
|switch|p2a: Latios|Latios, M|17/100
|-damage|p2a: Latios|5/100|[from] Stealth Rock
|turn|22
|c|☆for burp rooster|pls dont
|c|☆for burp rooster|im almost getting 30-0
|c|☆for burp rooster|gg wp
|
|t:|1706290792
|move|p1a: Scizor|Bullet Punch|p2a: Latios
|-damage|p2a: Latios|0 fnt
|faint|p2a: Latios
|
|win|Alexia B.
|raw|Alexia B.'s rating: 1388 &rarr; <strong>1413</strong><br />(+25 for winning)
|raw|for burp rooster's rating: 1486 &rarr; <strong>1461</strong><br />(-25 for losing)
|l|☆Alexia B.
|player|p1|
