|j|☆BWC Glutonny
|j|☆magialice
|t:|1717897168
|gametype|singles
|player|p1|BWC Glutonny|#uuplxsisters|1543
|player|p2|magialice|miku-flying|1346
|teamsize|p1|6
|teamsize|p2|6
|gen|5
|tier|[Gen 5] OU
|rated|
|rule|Species Clause: Limit one of each Pokémon
|rule|OHKO Clause: OHKO moves are banned
|rule|Moody Clause: Moody is banned
|rule|Evasion Items Clause: Evasion items are banned
|rule|Evasion Moves Clause: Evasion moves are banned
|rule|Endless Battle Clause: Forcing endless battles is banned
|rule|HP Percentage Mod: HP is shown in percentages
|rule|Evasion Abilities Clause: Evasion abilities are banned
|rule|Sleep Moves Clause: Sleep-inducing moves are banned
|rule|Swagger Clause: Swagger is banned
|rule|Baton Pass Stat Clause: No Baton Passer may have a way to boost its stats
|clearpoke
|poke|p1|Tyranitar, M|item
|poke|p1|Latios, M|item
|poke|p1|Alakazam, F|item
|poke|p1|Ferrothorn, F|item
|poke|p1|Rotom-Wash|item
|poke|p1|Landorus-Therian, M|item
|poke|p2|Froslass, F|item
|poke|p2|Nidoqueen, F|item
|poke|p2|Latias, F|item
|poke|p2|Garchomp, F|item
|poke|p2|Kangaskhan, F|item
|poke|p2|Jirachi|item
|teampreview
|inactive|Battle timer is ON: inactive players will automatically lose when time's up. (requested by magialice)
|c|☆magialice|hi
|c|☆BWC Glutonny|hi
|
|t:|1717897178
|start
|switch|p1a: Rotom|Rotom-Wash|100/100
|switch|p2a: Froslass|Froslass, F|100/100
|turn|1
|
|t:|1717897182
|move|p2a: Froslass|Spikes|p1a: Rotom
|-sidestart|p1: BWC Glutonny|Spikes
|move|p1a: Rotom|Volt Switch|p2a: Froslass
|-damage|p2a: Froslass|62/100
|
|t:|1717897187
|switch|p1a: Alakazam|Alakazam, F|100/100|[from] Volt Switch
|
|upkeep
|turn|2
|j| Neighthan Trainer
|
|t:|1717897191
|switch|p2a: Jirachi|Jirachi|100/100
|move|p1a: Alakazam|Shadow Ball|p2a: Jirachi
|-damage|p2a: Jirachi|63/100
|
|upkeep
|turn|3
|j| Monai
|c| Monai|ganaskhan
|c| Neighthan Trainer|Que lindo team MagiaLice <3
|inactive|BWC Glutonny has 120 seconds left.
|
|t:|1717897223
|switch|p1a: Ferrothorn|Ferrothorn, F|100/100
|-damage|p1a: Ferrothorn|88/100|[from] Spikes
|move|p2a: Jirachi|U-turn|p1a: Ferrothorn
|-damage|p1a: Ferrothorn|73/100
|-damage|p2a: Jirachi|51/100|[from] ability: Iron Barbs|[of] p1a: Ferrothorn
|
|t:|1717897234
|switch|p2a: Nidoqueen|Nidoqueen, F|100/100|[from] U-turn
|
|upkeep
|turn|4
|inactive|BWC Glutonny has 120 seconds left.
|inactive|BWC Glutonny has 90 seconds left.
|inactive|BWC Glutonny has 60 seconds left.
|
|t:|1717897314
|switch|p1a: Rotom|Rotom-Wash|100/100
|move|p2a: Nidoqueen|Sludge Wave|p1a: Rotom
|-damage|p1a: Rotom|31/100
|
|upkeep
|turn|5
|
|t:|1717897319
|switch|p1a: Landorus|Landorus-Therian, M|100/100
|-ability|p1a: Landorus|Intimidate|boost
|-unboost|p2a: Nidoqueen|atk|1
|move|p2a: Nidoqueen|Sludge Wave|p1a: Landorus
|-resisted|p1a: Landorus
|-damage|p1a: Landorus|57/100
|
|-heal|p1a: Landorus|64/100|[from] item: Leftovers
|upkeep
|turn|6
|
|t:|1717897328
|switch|p2a: Latias|Latias, F|100/100
|move|p1a: Landorus|Stealth Rock|p2a: Latias
|-sidestart|p2: magialice|move: Stealth Rock
|
|-heal|p1a: Landorus|70/100|[from] item: Leftovers
|upkeep
|turn|7
|
|t:|1717897333
|switch|p2a: ms chomps|Garchomp, F|100/100
|-damage|p2a: ms chomps|94/100|[from] Stealth Rock
|switch|p1a: Tyranitar|Tyranitar, M|100/100
|-damage|p1a: Tyranitar|88/100|[from] Spikes
|-weather|Sandstorm|[from] ability: Sand Stream|[of] p1a: Tyranitar
|
|-weather|Sandstorm|[upkeep]
|upkeep
|turn|8
|
|t:|1717897339
|switch|p1a: Rotom|Rotom-Wash|31/100
|move|p2a: ms chomps|Stealth Rock|p1a: Rotom
|-sidestart|p1: BWC Glutonny|move: Stealth Rock
|
|-weather|Sandstorm|[upkeep]
|-damage|p1a: Rotom|25/100|[from] Sandstorm
|upkeep
|turn|9
|inactive|BWC Glutonny has 90 seconds left.
|
|t:|1717897359
|move|p2a: ms chomps|Outrage|p1a: Rotom
|-damage|p1a: Rotom|0 fnt
|faint|p1a: Rotom
|
|-weather|Sandstorm|[upkeep]
|upkeep
|
|t:|1717897362
|switch|p1a: Latios|Latios, M|100/100
|-damage|p1a: Latios|88/100|[from] Stealth Rock
|turn|10
|
|t:|1717897365
|move|p1a: Latios|Draco Meteor|p2a: ms chomps
|-supereffective|p2a: ms chomps
|-damage|p2a: ms chomps|0 fnt
|-unboost|p1a: Latios|spa|2
|faint|p2a: ms chomps
|
|-weather|Sandstorm|[upkeep]
|-damage|p1a: Latios|82/100|[from] Sandstorm
|upkeep
|
|t:|1717897370
|switch|p2a: Jirachi|Jirachi|51/100
|-damage|p2a: Jirachi|45/100|[from] Stealth Rock
|turn|11
|
|t:|1717897373
|switch|p1a: Ferrothorn|Ferrothorn, F|73/100
|-damage|p1a: Ferrothorn|60/100|[from] Spikes
|-damage|p1a: Ferrothorn|54/100|[from] Stealth Rock
|move|p2a: Jirachi|U-turn|p1a: Ferrothorn
|-damage|p1a: Ferrothorn|37/100
|-damage|p2a: Jirachi|33/100|[from] ability: Iron Barbs|[of] p1a: Ferrothorn
|c|☆BWC Glutonny|kangaskhan and gangaskhan
|
|t:|1717897385
|switch|p2a: Nidoqueen|Nidoqueen, F|100/100|[from] U-turn
|-damage|p2a: Nidoqueen|94/100|[from] Stealth Rock
|
|-weather|Sandstorm|[upkeep]
|upkeep
|turn|12
|inactive|BWC Glutonny has 120 seconds left.
|
|t:|1717897408
|move|p2a: Nidoqueen|Flamethrower|p1a: Ferrothorn
|-supereffective|p1a: Ferrothorn
|-damage|p1a: Ferrothorn|0 fnt
|faint|p1a: Ferrothorn
|
|-weather|Sandstorm|[upkeep]
|upkeep
|
|t:|1717897414
|switch|p1a: Alakazam|Alakazam, F|100/100
|turn|13
|
|t:|1717897419
|switch|p2a: Froslass|Froslass, F|62/100
|-damage|p2a: Froslass|37/100|[from] Stealth Rock
|move|p1a: Alakazam|Psyshock|p2a: Froslass
|-damage|p2a: Froslass|0 fnt
|-start|p1a: Alakazam|Disable|Psyshock|[from] ability: Cursed Body|[of] p2a: Froslass
|faint|p2a: Froslass
|
|-weather|Sandstorm|[upkeep]
|upkeep
|
|t:|1717897421
|switch|p2a: Jirachi|Jirachi|33/100
|-damage|p2a: Jirachi|27/100|[from] Stealth Rock
|turn|14
|
|t:|1717897428
|switch|p1a: Landorus|Landorus-Therian, M|70/100
|-damage|p1a: Landorus|57/100|[from] Stealth Rock
|-ability|p1a: Landorus|Intimidate|boost
|-unboost|p2a: Jirachi|atk|1
|move|p2a: Jirachi|U-turn|p1a: Landorus
|-resisted|p1a: Landorus
|-damage|p1a: Landorus|50/100
|
|t:|1717897435
|switch|p2a: Latias|Latias, F|100/100|[from] U-turn
|-damage|p2a: Latias|88/100|[from] Stealth Rock
|
|-weather|Sandstorm|[upkeep]
|-damage|p2a: Latias|82/100|[from] Sandstorm
|-heal|p1a: Landorus|57/100|[from] item: Leftovers
|upkeep
|turn|15
|inactive|BWC Glutonny has 120 seconds left.
|
|t:|1717897461
|switch|p1a: Tyranitar|Tyranitar, M|88/100
|-damage|p1a: Tyranitar|76/100|[from] Spikes
|-damage|p1a: Tyranitar|63/100|[from] Stealth Rock
|move|p2a: Latias|Surf|p1a: Tyranitar
|-supereffective|p1a: Tyranitar
|-damage|p1a: Tyranitar|41/100
|
|-weather|Sandstorm|[upkeep]
|-damage|p2a: Latias|76/100|[from] Sandstorm
|upkeep
|turn|16
|
|t:|1717897464
|move|p2a: Latias|Healing Wish|p2a: Latias
|faint|p2a: Latias
|move|p1a: Tyranitar|Thunder Wave|p2: Latias|[notarget]
|-fail|p1a: Tyranitar
|
|-weather|Sandstorm|[upkeep]
|upkeep
|
|t:|1717897466
|switch|p2a: Jirachi|Jirachi|27/100
|-heal|p2a: Jirachi|100/100|[from] move: Healing Wish
|-damage|p2a: Jirachi|94/100|[from] Stealth Rock
|turn|17
|
|t:|1717897469
|move|p2a: Jirachi|U-turn|p1a: Tyranitar
|-supereffective|p1a: Tyranitar
|-damage|p1a: Tyranitar|9/100
|
|t:|1717897472
|switch|p2a: Nidoqueen|Nidoqueen, F|94/100|[from] U-turn
|-damage|p2a: Nidoqueen|88/100|[from] Stealth Rock
|move|p1a: Tyranitar|Thunder Wave|p2a: Nidoqueen
|-immune|p2a: Nidoqueen
|
|-weather|Sandstorm|[upkeep]
|upkeep
|turn|18
|
|t:|1717897477
|move|p2a: Nidoqueen|Ice Beam|p1a: Tyranitar
|-damage|p1a: Tyranitar|0 fnt
|faint|p1a: Tyranitar
|
|-weather|Sandstorm|[upkeep]
|upkeep
|
|t:|1717897479
|switch|p1a: Landorus|Landorus-Therian, M|57/100
|-damage|p1a: Landorus|44/100|[from] Stealth Rock
|-ability|p1a: Landorus|Intimidate|boost
|-unboost|p2a: Nidoqueen|atk|1
|turn|19
|
|t:|1717897482
|move|p1a: Landorus|Earthquake|p2a: Nidoqueen
|-supereffective|p2a: Nidoqueen
|-damage|p2a: Nidoqueen|0 fnt
|faint|p2a: Nidoqueen
|
|-weather|Sandstorm|[upkeep]
|-heal|p1a: Landorus|50/100|[from] item: Leftovers
|upkeep
|
|t:|1717897487
|switch|p2a: Jirachi|Jirachi|94/100
|-damage|p2a: Jirachi|88/100|[from] Stealth Rock
|turn|20
|
|t:|1717897496
|switch|p1a: Latios|Latios, M|82/100
|-damage|p1a: Latios|70/100|[from] Stealth Rock
|move|p2a: Jirachi|Ice Punch|p1a: Latios
|-supereffective|p1a: Latios
|-damage|p1a: Latios|12/100
|
|-weather|Sandstorm|[upkeep]
|-damage|p1a: Latios|6/100|[from] Sandstorm
|upkeep
|turn|21
|
|t:|1717897502
|move|p1a: Latios|Surf|p2a: Jirachi
|-damage|p2a: Jirachi|55/100
|move|p2a: Jirachi|Ice Punch|p1a: Latios
|-supereffective|p1a: Latios
|-damage|p1a: Latios|0 fnt
|faint|p1a: Latios
|
|-weather|Sandstorm|[upkeep]
|upkeep
|
|t:|1717897504
|switch|p1a: Alakazam|Alakazam, F|100/100
|turn|22
|
|t:|1717897509
|move|p2a: Jirachi|Ice Punch|p1a: Alakazam
|-crit|p1a: Alakazam
|-damage|p1a: Alakazam|11/100
|move|p1a: Alakazam|Hidden Power|p2a: Jirachi
|-supereffective|p2a: Jirachi
|-damage|p2a: Jirachi|0 fnt
|faint|p2a: Jirachi
|
|-weather|Sandstorm|[upkeep]
|upkeep
|
|t:|1717897511
|switch|p2a: Kangaskhan|Kangaskhan, F|100/100
|-damage|p2a: Kangaskhan|88/100|[from] Stealth Rock
|turn|23
|
|t:|1717897520
|switch|p1a: Landorus|Landorus-Therian, M|50/100
|-damage|p1a: Landorus|38/100|[from] Stealth Rock
|-ability|p1a: Landorus|Intimidate|boost
|-unboost|p2a: Kangaskhan|atk|1
|move|p2a: Kangaskhan|Body Slam|p1a: Landorus
|-damage|p1a: Landorus|4/100
|
|-weather|Sandstorm|[upkeep]
|-damage|p2a: Kangaskhan|82/100|[from] Sandstorm
|-heal|p1a: Landorus|10/100|[from] item: Leftovers
|upkeep
|turn|24
|
|t:|1717897522
|move|p1a: Landorus|Earthquake|p2a: Kangaskhan
|-damage|p2a: Kangaskhan|26/100
|move|p2a: Kangaskhan|Body Slam|p1a: Landorus
|-damage|p1a: Landorus|0 fnt
|faint|p1a: Landorus
|
|-weather|Sandstorm|[upkeep]
|-damage|p2a: Kangaskhan|20/100|[from] Sandstorm
|upkeep
|
|t:|1717897524
|switch|p1a: Alakazam|Alakazam, F|11/100
|turn|25
|
|t:|1717897526
|move|p1a: Alakazam|Psyshock|p2a: Kangaskhan
|-damage|p2a: Kangaskhan|0 fnt
|faint|p2a: Kangaskhan
|
|win|BWC Glutonny
|raw|BWC Glutonny's rating: 1543 &rarr; <strong>1553</strong><br />(+10 for winning)
|raw|magialice's rating: 1346 &rarr; <strong>1336</strong><br />(-10 for losing)
|c|☆magialice|gg
|c|☆BWC Glutonny|gg
