|j|☆DSdududu
|j|☆The Commune
|t:|1722917087
|gametype|singles
|player|p1|DSdududu|preschooler|1298
|player|p2|The Commune|fisherman-gen3|1347
|teamsize|p1|6
|teamsize|p2|6
|gen|5
|tier|[Gen 5] OU
|rated|
|rule|Species Clause: Limit one of each Pokémon
|rule|OHKO Clause: OHKO moves are banned
|rule|Moody Clause: Moody is banned
|rule|Evasion Items Clause: Evasion items are banned
|rule|Evasion Moves Clause: Evasion moves are banned
|rule|Endless Battle Clause: Forcing endless battles is banned
|rule|HP Percentage Mod: HP is shown in percentages
|rule|Evasion Abilities Clause: Evasion abilities are banned
|rule|Sleep Moves Clause: Sleep-inducing moves are banned
|rule|Swagger Clause: Swagger is banned
|rule|Baton Pass Stat Clause: No Baton Passer may have a way to boost its stats
|clearpoke
|poke|p1|Politoed, M|item
|poke|p1|Ferrothorn, F|item
|poke|p1|Tentacruel, M|item
|poke|p1|Dragonite, M|item
|poke|p1|Keldeo-Resolute|item
|poke|p1|Thundurus-Therian, M|item
|poke|p2|Alakazam, F|item
|poke|p2|Skarmory, F|item
|poke|p2|Tyranitar, M|item
|poke|p2|Mamoswine, M|item
|poke|p2|Jellicent, M|item
|poke|p2|Excadrill, F|item
|teampreview
|inactive|Battle timer is ON: inactive players will automatically lose when time's up. (requested by The Commune)
|inactive|DSdududu has 120 seconds left.
|
|t:|1722917124
|start
|switch|p1a: Ferrothorn|Ferrothorn, F|100/100
|switch|p2a: Skarmory|Skarmory, F|100/100
|turn|1
|
|t:|1722917128
|move|p2a: Skarmory|Stealth Rock|p1a: Ferrothorn
|-sidestart|p1: DSdududu|move: Stealth Rock
|move|p1a: Ferrothorn|Stealth Rock|p2a: Skarmory
|-sidestart|p2: The Commune|move: Stealth Rock
|
|upkeep
|turn|2
|
|t:|1722917141
|switch|p1a: Tentacruel|Tentacruel, M|100/100
|-damage|p1a: Tentacruel|88/100|[from] Stealth Rock
|move|p2a: Skarmory|Spikes|p1a: Tentacruel
|-sidestart|p1: DSdududu|Spikes
|
|-heal|p1a: Tentacruel|94/100|[from] item: Black Sludge
|upkeep
|turn|3
|
|t:|1722917147
|switch|p2a: Jellicent|Jellicent, M|100/100
|-damage|p2a: Jellicent|88/100|[from] Stealth Rock
|-item|p2a: Jellicent|Air Balloon
|move|p1a: Tentacruel|Toxic Spikes|p2a: Jellicent
|-sidestart|p2: The Commune|move: Toxic Spikes
|
|-heal|p1a: Tentacruel|99/100|[from] item: Black Sludge
|upkeep
|turn|4
|inactive|DSdududu has 120 seconds left.
|
|t:|1722917183
|switch|p1a: Politoed|Politoed, M|100/100
|-damage|p1a: Politoed|88/100|[from] Stealth Rock
|-damage|p1a: Politoed|76/100|[from] Spikes
|-weather|RainDance|[from] ability: Drizzle|[of] p1a: Politoed
|move|p2a: Jellicent|Will-O-Wisp|p1a: Politoed
|-status|p1a: Politoed|brn
|
|-weather|RainDance|[upkeep]
|-heal|p1a: Politoed|82/100 brn|[from] item: Leftovers
|-damage|p1a: Politoed|70/100 brn|[from] brn
|upkeep
|turn|5
|
|t:|1722917189
|move|p1a: Politoed|Toxic|p2a: Jellicent
|-status|p2a: Jellicent|tox
|move|p2a: Jellicent|Night Shade|p1a: Politoed
|-damage|p1a: Politoed|44/100 brn
|
|-weather|RainDance|[upkeep]
|-heal|p1a: Politoed|50/100 brn|[from] item: Leftovers
|-damage|p2a: Jellicent|82/100 tox|[from] psn
|-damage|p1a: Politoed|37/100 brn|[from] brn
|upkeep
|turn|6
|inactive|DSdududu has 120 seconds left.
|inactive|DSdududu has 90 seconds left.
|
|t:|1722917238
|switch|p2a: Skarmory|Skarmory, F|100/100
|-damage|p2a: Skarmory|88/100|[from] Stealth Rock
|move|p1a: Politoed|Protect||[still]
|-fail|p1a: Politoed
|
|-weather|RainDance|[upkeep]
|-heal|p1a: Politoed|43/100 brn|[from] item: Leftovers
|-damage|p1a: Politoed|31/100 brn|[from] brn
|upkeep
|turn|7
|inactive|DSdududu has 90 seconds left.
|
|t:|1722917250
|switch|p1a: Tentacruel|Tentacruel, M|99/100
|-damage|p1a: Tentacruel|88/100|[from] Stealth Rock
|-damage|p1a: Tentacruel|75/100|[from] Spikes
|move|p2a: Skarmory|Spikes|p1a: Tentacruel
|-sidestart|p1: DSdududu|Spikes
|
|-weather|RainDance|[upkeep]
|-heal|p1a: Tentacruel|81/100|[from] ability: Rain Dish
|-heal|p1a: Tentacruel|88/100|[from] item: Black Sludge
|upkeep
|turn|8
|inactive|DSdududu has 90 seconds left.
|
|t:|1722917269
|switch|p1a: Thundurus|Thundurus-Therian, M|100/100
|-damage|p1a: Thundurus|76/100|[from] Stealth Rock
|switch|p2a: Jellicent|Jellicent, M|82/100 tox
|-damage|p2a: Jellicent|70/100 tox|[from] Stealth Rock
|-item|p2a: Jellicent|Air Balloon
|
|-weather|RainDance|[upkeep]
|-heal|p1a: Thundurus|82/100|[from] item: Leftovers
|-damage|p2a: Jellicent|63/100 tox|[from] psn
|upkeep
|turn|9
|inactive|DSdududu has 90 seconds left.
|
|t:|1722917283
|switch|p2a: Excadrill|Excadrill, F|100/100
|-damage|p2a: Excadrill|97/100|[from] Stealth Rock
|move|p1a: Thundurus|Substitute|p1a: Thundurus
|-start|p1a: Thundurus|Substitute
|-damage|p1a: Thundurus|57/100
|
|-weather|RainDance|[upkeep]
|-heal|p1a: Thundurus|63/100|[from] item: Leftovers
|upkeep
|turn|10
|inactive|DSdududu has 90 seconds left.
|
|t:|1722917292
|move|p2a: Excadrill|Rapid Spin|p1a: Thundurus
|-activate|p1a: Thundurus|Substitute|[damage]
|-sideend|p2: The Commune|Toxic Spikes|[from] move: Rapid Spin|[of] p2a: Excadrill
|-sideend|p2: The Commune|Stealth Rock|[from] move: Rapid Spin|[of] p2a: Excadrill
|move|p1a: Thundurus|Focus Blast|p2a: Excadrill
|-supereffective|p2a: Excadrill
|-damage|p2a: Excadrill|0 fnt
|faint|p2a: Excadrill
|
|-weather|RainDance|[upkeep]
|-heal|p1a: Thundurus|69/100|[from] item: Leftovers
|upkeep
|
|t:|1722917296
|switch|p2a: Tyranitar|Tyranitar, M|100/100
|-weather|Sandstorm|[from] ability: Sand Stream|[of] p2a: Tyranitar
|turn|11
|
|t:|1722917302
|move|p1a: Thundurus|Focus Blast|p2a: Tyranitar
|-supereffective|p2a: Tyranitar
|-enditem|p2a: Tyranitar|Chople Berry|[eat]
|-enditem|p2a: Tyranitar|Chople Berry|[weaken]
|-damage|p2a: Tyranitar|65/100
|move|p2a: Tyranitar|Crunch|p1a: Thundurus
|-crit|p1a: Thundurus
|-end|p1a: Thundurus|Substitute
|
|-weather|Sandstorm|[upkeep]
|-damage|p1a: Thundurus|63/100|[from] Sandstorm
|-heal|p1a: Thundurus|69/100|[from] item: Leftovers
|upkeep
|turn|12
|inactive|DSdududu has 90 seconds left.
|
|t:|1722917347
|switch|p2a: Skarmory|Skarmory, F|88/100
|move|p1a: Thundurus|Substitute|p1a: Thundurus
|-start|p1a: Thundurus|Substitute
|-damage|p1a: Thundurus|44/100
|
|-weather|Sandstorm|[upkeep]
|-damage|p1a: Thundurus|38/100|[from] Sandstorm
|-heal|p1a: Thundurus|44/100|[from] item: Leftovers
|upkeep
|turn|13
|
|t:|1722917353
|switch|p2a: Mamoswine|Mamoswine, M|100/100
|move|p1a: Thundurus|Thunder|p2a: Mamoswine
|-immune|p2a: Mamoswine
|
|-weather|Sandstorm|[upkeep]
|-damage|p1a: Thundurus|38/100|[from] Sandstorm
|-heal|p1a: Thundurus|44/100|[from] item: Leftovers
|upkeep
|turn|14
|
|t:|1722917357
|move|p2a: Mamoswine|Ice Shard|p1a: Thundurus
|-supereffective|p1a: Thundurus
|-end|p1a: Thundurus|Substitute
|move|p1a: Thundurus|Focus Blast|p2a: Mamoswine
|-supereffective|p2a: Mamoswine
|-damage|p2a: Mamoswine|0 fnt
|faint|p2a: Mamoswine
|
|-weather|Sandstorm|[upkeep]
|-damage|p1a: Thundurus|38/100|[from] Sandstorm
|-heal|p1a: Thundurus|44/100|[from] item: Leftovers
|upkeep
|
|t:|1722917360
|switch|p2a: Alakazam|Alakazam, F|100/100
|turn|15
|inactive|DSdududu has 90 seconds left.
|
|t:|1722917387
|switch|p1a: Ferrothorn|Ferrothorn, F|100/100
|-damage|p1a: Ferrothorn|94/100|[from] Stealth Rock
|-damage|p1a: Ferrothorn|78/100|[from] Spikes
|move|p2a: Alakazam|Psychic|p1a: Ferrothorn
|-resisted|p1a: Ferrothorn
|-damage|p1a: Ferrothorn|58/100
|
|-weather|Sandstorm|[upkeep]
|-heal|p1a: Ferrothorn|65/100|[from] item: Leftovers
|upkeep
|turn|16
|
|t:|1722917402
|move|p2a: Alakazam|Hidden Power|p1a: Ferrothorn
|-supereffective|p1a: Ferrothorn
|-damage|p1a: Ferrothorn|0 fnt
|faint|p1a: Ferrothorn
|
|-weather|Sandstorm|[upkeep]
|upkeep
|inactive|DSdududu has 60 seconds left.
|
|t:|1722917429
|switch|p1a: Dragonite|Dragonite, M|100/100
|-damage|p1a: Dragonite|76/100|[from] Stealth Rock
|turn|17
|
|t:|1722917441
|switch|p2a: Skarmory|Skarmory, F|88/100
|move|p1a: Dragonite|Dragon Dance|p1a: Dragonite
|-boost|p1a: Dragonite|atk|1
|-boost|p1a: Dragonite|spe|1
|
|-weather|Sandstorm|[upkeep]
|-damage|p1a: Dragonite|69/100|[from] Sandstorm
|-heal|p1a: Dragonite|76/100|[from] item: Leftovers
|upkeep
|turn|18
|
|t:|1722917446
|move|p1a: Dragonite|Substitute|p1a: Dragonite
|-start|p1a: Dragonite|Substitute
|-damage|p1a: Dragonite|51/100
|move|p2a: Skarmory|Brave Bird|p1a: Dragonite
|-end|p1a: Dragonite|Substitute
|-damage|p2a: Skarmory|77/100|[from] Recoil|[of] p1a: Dragonite
|
|-weather|Sandstorm|[upkeep]
|-damage|p1a: Dragonite|44/100|[from] Sandstorm
|-heal|p1a: Dragonite|51/100|[from] item: Leftovers
|upkeep
|turn|19
|
|t:|1722917455
|move|p1a: Dragonite|Roost|p1a: Dragonite
|-heal|p1a: Dragonite|100/100
|-singleturn|p1a: Dragonite|move: Roost
|move|p2a: Skarmory|Brave Bird|p1a: Dragonite
|-damage|p1a: Dragonite|80/100
|-damage|p2a: Skarmory|67/100|[from] Recoil
|
|-weather|Sandstorm|[upkeep]
|-damage|p1a: Dragonite|74/100|[from] Sandstorm
|-heal|p1a: Dragonite|80/100|[from] item: Leftovers
|upkeep
|turn|20
|inactive|DSdududu has 60 seconds left.
|
|t:|1722917474
|move|p1a: Dragonite|Dragon Dance|p1a: Dragonite
|-boost|p1a: Dragonite|atk|1
|-boost|p1a: Dragonite|spe|1
|move|p2a: Skarmory|Brave Bird|p1a: Dragonite
|-damage|p1a: Dragonite|40/100
|-damage|p2a: Skarmory|48/100|[from] Recoil
|
|-weather|Sandstorm|[upkeep]
|-damage|p1a: Dragonite|34/100|[from] Sandstorm
|-heal|p1a: Dragonite|40/100|[from] item: Leftovers
|upkeep
|turn|21
|
|t:|1722917478
|move|p1a: Dragonite|Roost|p1a: Dragonite
|-heal|p1a: Dragonite|90/100
|-singleturn|p1a: Dragonite|move: Roost
|move|p2a: Skarmory|Brave Bird|p1a: Dragonite
|-damage|p1a: Dragonite|46/100
|-damage|p2a: Skarmory|28/100|[from] Recoil
|
|-weather|Sandstorm|[upkeep]
|-damage|p1a: Dragonite|40/100|[from] Sandstorm
|-heal|p1a: Dragonite|46/100|[from] item: Leftovers
|upkeep
|turn|22
|
|t:|1722917488
|move|p1a: Dragonite|Roost|p1a: Dragonite
|-heal|p1a: Dragonite|97/100
|-singleturn|p1a: Dragonite|move: Roost
|move|p2a: Skarmory|Brave Bird|p1a: Dragonite
|-damage|p1a: Dragonite|54/100
|-damage|p2a: Skarmory|8/100|[from] Recoil
|
|-weather|Sandstorm|[upkeep]
|-damage|p1a: Dragonite|48/100|[from] Sandstorm
|-heal|p1a: Dragonite|54/100|[from] item: Leftovers
|upkeep
|turn|23
|inactive|DSdududu has 60 seconds left.
|-enditem|p2a: Skarmory|Custap Berry|[eat]
|-activate|p2a: Skarmory|item: Custap Berry|[consumed]
|
|t:|1722917508
|move|p2a: Skarmory|Brave Bird|p1a: Dragonite
|-damage|p1a: Dragonite|9/100
|-damage|p2a: Skarmory|0 fnt|[from] Recoil
|faint|p2a: Skarmory
|move|p1a: Dragonite|Roost|p1a: Dragonite
|-heal|p1a: Dragonite|59/100
|-singleturn|p1a: Dragonite|move: Roost
|
|-weather|Sandstorm|[upkeep]
|-damage|p1a: Dragonite|53/100|[from] Sandstorm
|-heal|p1a: Dragonite|59/100|[from] item: Leftovers
|upkeep
|
|t:|1722917517
|switch|p2a: Tyranitar|Tyranitar, M|65/100
|turn|24
|inactive|DSdududu has 60 seconds left.
|
|t:|1722917529
|move|p1a: Dragonite|Substitute|p1a: Dragonite
|-start|p1a: Dragonite|Substitute
|-damage|p1a: Dragonite|34/100
|move|p2a: Tyranitar|Thunder Wave||[still]
|-fail|p2a: Tyranitar
|
|-weather|Sandstorm|[upkeep]
|-damage|p1a: Dragonite|28/100|[from] Sandstorm
|-heal|p1a: Dragonite|34/100|[from] item: Leftovers
|upkeep
|turn|25
|
|t:|1722917535
|move|p1a: Dragonite|Roost|p1a: Dragonite
|-heal|p1a: Dragonite|84/100
|-singleturn|p1a: Dragonite|move: Roost
|move|p2a: Tyranitar|Crunch|p1a: Dragonite
|-end|p1a: Dragonite|Substitute
|
|-weather|Sandstorm|[upkeep]
|-damage|p1a: Dragonite|78/100|[from] Sandstorm
|-heal|p1a: Dragonite|84/100|[from] item: Leftovers
|upkeep
|turn|26
|
|t:|1722917541
|move|p1a: Dragonite|Substitute|p1a: Dragonite
|-start|p1a: Dragonite|Substitute
|-damage|p1a: Dragonite|59/100
|move|p2a: Tyranitar|Thunder Wave||[still]
|-fail|p2a: Tyranitar
|
|-weather|Sandstorm|[upkeep]
|-damage|p1a: Dragonite|53/100|[from] Sandstorm
|-heal|p1a: Dragonite|59/100|[from] item: Leftovers
|upkeep
|turn|27
|
|t:|1722917555
|move|p1a: Dragonite|Roost|p1a: Dragonite
|-heal|p1a: Dragonite|100/100
|-singleturn|p1a: Dragonite|move: Roost
|move|p2a: Tyranitar|Crunch|p1a: Dragonite
|-crit|p1a: Dragonite
|-end|p1a: Dragonite|Substitute
|
|-weather|Sandstorm|[upkeep]
|-damage|p1a: Dragonite|94/100|[from] Sandstorm
|-heal|p1a: Dragonite|100/100|[from] item: Leftovers
|upkeep
|turn|28
|
|t:|1722917560
|move|p1a: Dragonite|Substitute|p1a: Dragonite
|-start|p1a: Dragonite|Substitute
|-damage|p1a: Dragonite|76/100
|move|p2a: Tyranitar|Crunch|p1a: Dragonite
|-end|p1a: Dragonite|Substitute
|
|-weather|Sandstorm|[upkeep]
|-damage|p1a: Dragonite|69/100|[from] Sandstorm
|-heal|p1a: Dragonite|76/100|[from] item: Leftovers
|upkeep
|turn|29
|inactive|DSdududu has 90 seconds left.
|
|t:|1722917578
|move|p1a: Dragonite|Substitute|p1a: Dragonite
|-start|p1a: Dragonite|Substitute
|-damage|p1a: Dragonite|51/100
|move|p2a: Tyranitar|Crunch|p1a: Dragonite
|-end|p1a: Dragonite|Substitute
|
|-weather|Sandstorm|[upkeep]
|-damage|p1a: Dragonite|44/100|[from] Sandstorm
|-heal|p1a: Dragonite|51/100|[from] item: Leftovers
|upkeep
|turn|30
|
|t:|1722917586
|move|p1a: Dragonite|Dragon Claw|p2a: Tyranitar
|-damage|p2a: Tyranitar|10/100
|move|p2a: Tyranitar|Crunch|p1a: Dragonite
|-damage|p1a: Dragonite|20/100
|
|-weather|Sandstorm|[upkeep]
|-damage|p1a: Dragonite|14/100|[from] Sandstorm
|-heal|p1a: Dragonite|20/100|[from] item: Leftovers
|upkeep
|turn|31
|inactive|DSdududu has 90 seconds left.
|
|t:|1722917597
|move|p1a: Dragonite|Dragon Claw|p2a: Tyranitar
|-damage|p2a: Tyranitar|0 fnt
|faint|p2a: Tyranitar
|
|-weather|Sandstorm|[upkeep]
|-damage|p1a: Dragonite|14/100|[from] Sandstorm
|-heal|p1a: Dragonite|20/100|[from] item: Leftovers
|upkeep
|
|t:|1722917598
|switch|p2a: Jellicent|Jellicent, M|63/100 tox
|-item|p2a: Jellicent|Air Balloon
|turn|32
|inactive|DSdududu has 90 seconds left.
|
|t:|1722917613
|move|p1a: Dragonite|Dragon Claw|p2a: Jellicent
|-damage|p2a: Jellicent|0 fnt
|-enditem|p2a: Jellicent|Air Balloon
|faint|p2a: Jellicent
|
|-weather|Sandstorm|[upkeep]
|-damage|p1a: Dragonite|14/100|[from] Sandstorm
|-heal|p1a: Dragonite|20/100|[from] item: Leftovers
|upkeep
|
|t:|1722917615
|switch|p2a: Alakazam|Alakazam, F|100/100
|turn|33
|c|☆The Commune|gg
|
|t:|1722917624
|move|p1a: Dragonite|Dragon Claw|p2a: Alakazam
|-damage|p2a: Alakazam|0 fnt
|faint|p2a: Alakazam
|
|win|DSdududu
|raw|DSdududu's rating: 1298 &rarr; <strong>1327</strong><br />(+29 for winning)
|raw|The Commune's rating: 1347 &rarr; <strong>1324</strong><br />(-23 for losing)
|c|☆DSdududu|not sash？
