|j|☆Silverwall
|j|☆yusei38
|t:|1705461858
|gametype|singles
|player|p1|Silverwall|169|1273
|player|p2|yusei38|102|1342
|teamsize|p1|6
|teamsize|p2|6
|gen|5
|tier|[Gen 5] OU
|rated|
|rule|Species Clause: Limit one of each Pokémon
|rule|OHKO Clause: OHKO moves are banned
|rule|Moody Clause: Moody is banned
|rule|Evasion Items Clause: Evasion items are banned
|rule|Evasion Moves Clause: Evasion moves are banned
|rule|Endless Battle Clause: Forcing endless battles is banned
|rule|HP Percentage Mod: HP is shown in percentages
|rule|Evasion Abilities Clause: Evasion abilities are banned
|rule|Sleep Moves Clause: Sleep-inducing moves are banned
|rule|Swagger Clause: Swagger is banned
|rule|Baton Pass Stat Clause: No Baton Passer may have a way to boost its stats
|clearpoke
|poke|p1|Conkeldurr, M|item
|poke|p1|Ferrothorn, M|item
|poke|p1|Latios, M|item
|poke|p1|Tyranitar, M|item
|poke|p1|Excadrill, F|item
|poke|p1|Volcarona, M|item
|poke|p2|Politoed, F|item
|poke|p2|Skarmory, M|item
|poke|p2|Espeon, F|item
|poke|p2|Kyurem-Black|item
|poke|p2|Blissey, F|item
|poke|p2|Jolteon, F|item
|teampreview
|
|t:|1705461894
|start
|switch|p1a: Conkeldurr|Conkeldurr, M|100/100
|switch|p2a: Espeon|Espeon, F, shiny|100/100
|turn|1
|inactive|Battle timer is ON: inactive players will automatically lose when time's up. (requested by Silverwall)
|inactive|yusei38 has 120 seconds left.
|
|t:|1705461996
|switch|p2a: Kyurem|Kyurem-Black|100/100
|-ability|p2a: Kyurem|Teravolt
|switch|p1a: Tyranitar|Tyranitar, M|100/100
|-weather|Sandstorm|[from] ability: Sand Stream|[of] p1a: Tyranitar
|
|-weather|Sandstorm|[upkeep]
|-damage|p2a: Kyurem|94/100|[from] Sandstorm
|upkeep
|turn|2
|
|t:|1705462017
|switch|p1a: Ferrothorn|Ferrothorn, M|100/100
|move|p2a: Kyurem|Outrage|p1a: Ferrothorn
|-resisted|p1a: Ferrothorn
|-damage|p1a: Ferrothorn|65/100
|-damage|p2a: Kyurem|82/100|[from] ability: Iron Barbs|[of] p1a: Ferrothorn
|
|-weather|Sandstorm|[upkeep]
|-damage|p2a: Kyurem|76/100|[from] Sandstorm
|-heal|p1a: Ferrothorn|71/100|[from] item: Leftovers
|upkeep
|turn|3
|inactive|yusei38 has 120 seconds left.
|inactive|Silverwall has 120 seconds left.
|
|t:|1705462048
|move|p2a: Kyurem|Outrage|p1a: Ferrothorn|[from]lockedmove
|-resisted|p1a: Ferrothorn
|-damage|p1a: Ferrothorn|32/100
|-damage|p2a: Kyurem|63/100|[from] ability: Iron Barbs|[of] p1a: Ferrothorn
|-start|p2a: Kyurem|confusion|[fatigue]
|move|p1a: Ferrothorn|Gyro Ball|p2a: Kyurem
|-supereffective|p2a: Kyurem
|-damage|p2a: Kyurem|0 fnt
|faint|p2a: Kyurem
|
|-weather|Sandstorm|[upkeep]
|-heal|p1a: Ferrothorn|38/100|[from] item: Leftovers
|upkeep
|
|t:|1705462058
|switch|p2a: Espeon|Espeon, F, shiny|100/100
|turn|4
|inactive|yusei38 has 90 seconds left.
|j| JonnSalchichon
|
|t:|1705462107
|switch|p1a: Tyranitar|Tyranitar, M|100/100
|move|p2a: Espeon|Hidden Power|p1a: Tyranitar
|-supereffective|p1a: Tyranitar
|-enditem|p1a: Tyranitar|Chople Berry|[eat]
|-enditem|p1a: Tyranitar|Chople Berry|[weaken]
|-damage|p1a: Tyranitar|69/100
|-damage|p2a: Espeon|91/100|[from] item: Life Orb
|
|-weather|Sandstorm|[upkeep]
|-damage|p2a: Espeon|85/100|[from] Sandstorm
|upkeep
|turn|5
|inactive|Silverwall has 120 seconds left.
|
|t:|1705462132
|move|p2a: Espeon|Hidden Power|p1a: Tyranitar
|-supereffective|p1a: Tyranitar
|-damage|p1a: Tyranitar|11/100
|-damage|p2a: Espeon|75/100|[from] item: Life Orb
|move|p1a: Tyranitar|Pursuit|p2a: Espeon
|-supereffective|p2a: Espeon
|-damage|p2a: Espeon|6/100
|
|-weather|Sandstorm|[upkeep]
|-damage|p2a: Espeon|0 fnt|[from] Sandstorm
|faint|p2a: Espeon
|upkeep
|inactive|yusei38 has 60 seconds left.
|inactive|yusei38 has 30 seconds left.
|
|t:|1705462195
|switch|p2a: Politoed|Politoed, F, shiny|100/100
|-weather|RainDance|[from] ability: Drizzle|[of] p2a: Politoed
|turn|6
|inactive|Silverwall has 120 seconds left.
|
|t:|1705462233
|move|p2a: Politoed|Scald|p1a: Tyranitar
|-supereffective|p1a: Tyranitar
|-damage|p1a: Tyranitar|0 fnt
|faint|p1a: Tyranitar
|
|-weather|RainDance|[upkeep]
|upkeep
|
|t:|1705462244
|switch|p1a: Conkeldurr|Conkeldurr, M|100/100
|turn|7
|inactive|yusei38 has 30 seconds left.
|
|t:|1705462266
|switch|p2a: Skarmory|Skarmory, M, shiny|100/100
|move|p1a: Conkeldurr|Drain Punch|p2a: Skarmory
|-damage|p2a: Skarmory|74/100
|-damage|p1a: Conkeldurr|84/100|[from] item: Rocky Helmet|[of] p2a: Skarmory
|
|-weather|RainDance|[upkeep]
|-status|p1a: Conkeldurr|brn|[from] item: Flame Orb
|upkeep
|turn|8
|inactive|yusei38 has 30 seconds left.
|inactive|yusei38 has 20 seconds left.
|inactive|yusei38 has 15 seconds left.
|inactive|yusei38 has 10 seconds left.
|inactiveoff|Battle timer is now OFF.
|
|t:|1705462308
|move|p2a: Skarmory|Brave Bird|p1a: Conkeldurr
|-supereffective|p1a: Conkeldurr
|-damage|p1a: Conkeldurr|22/100 brn
|-damage|p2a: Skarmory|48/100|[from] Recoil
|move|p1a: Conkeldurr|Thunder Punch|p2a: Skarmory
|-supereffective|p2a: Skarmory
|-damage|p2a: Skarmory|0 fnt
|-damage|p1a: Conkeldurr|5/100 brn|[from] item: Rocky Helmet|[of] p2a: Skarmory
|faint|p2a: Skarmory
|
|-weather|RainDance|[upkeep]
|-damage|p1a: Conkeldurr|0 fnt|[from] brn
|faint|p1a: Conkeldurr
|upkeep
|
|t:|1705462349
|switch|p2a: Politoed|Politoed, F, shiny|100/100
|switch|p1a: Ferrothorn|Ferrothorn, M|38/100
|turn|9
|
|t:|1705462357
|move|p2a: Politoed|Scald|p1a: Ferrothorn
|-resisted|p1a: Ferrothorn
|-damage|p1a: Ferrothorn|21/100
|move|p1a: Ferrothorn|Leech Seed|p2a: Politoed
|-start|p2a: Politoed|move: Leech Seed
|
|-weather|RainDance|[upkeep]
|-heal|p1a: Ferrothorn|27/100|[from] item: Leftovers
|-damage|p2a: Politoed|88/100|[from] Leech Seed|[of] p1a: Ferrothorn
|-heal|p1a: Ferrothorn|40/100|[silent]
|upkeep
|turn|10
|
|t:|1705462384
|move|p2a: Politoed|Scald|p1a: Ferrothorn
|-resisted|p1a: Ferrothorn
|-damage|p1a: Ferrothorn|23/100
|-status|p1a: Ferrothorn|brn
|move|p1a: Ferrothorn|Leech Seed||[still]
|-fail|p1a: Ferrothorn
|
|-weather|RainDance|[upkeep]
|-heal|p1a: Ferrothorn|29/100 brn|[from] item: Leftovers
|-damage|p2a: Politoed|76/100|[from] Leech Seed|[of] p1a: Ferrothorn
|-heal|p1a: Ferrothorn|43/100 brn|[silent]
|-damage|p1a: Ferrothorn|30/100 brn|[from] brn
|upkeep
|turn|11
|inactive|Battle timer is ON: inactive players will automatically lose when time's up. (requested by Silverwall)
|inactive|yusei38 has 15 seconds left this turn.
|
|t:|1705462418
|switch|p2a: Jolteon|Jolteon, F, shiny|100/100
|move|p1a: Ferrothorn|Power Whip|p2a: Jolteon
|-damage|p2a: Jolteon|62/100
|
|-weather|RainDance|[upkeep]
|-heal|p1a: Ferrothorn|36/100 brn|[from] item: Leftovers
|-damage|p1a: Ferrothorn|24/100 brn|[from] brn
|upkeep
|turn|12
|inactive|yusei38 has 25 seconds left this turn.
|inactiveoff|Battle timer is now OFF.
|
|t:|1705462430
|move|p2a: Jolteon|Volt Switch|p1a: Ferrothorn
|-resisted|p1a: Ferrothorn
|-damage|p1a: Ferrothorn|3/100 brn
|inactive|Battle timer is ON: inactive players will automatically lose when time's up. (requested by Silverwall)
|inactive|yusei38 has 30 seconds left this turn.
|
|t:|1705462486
|switch|p2a: Blissey|Blissey, F, shiny|100/100|[from] Volt Switch
|move|p1a: Ferrothorn|Leech Seed|p2a: Blissey
|-start|p2a: Blissey|move: Leech Seed
|
|-weather|RainDance|[upkeep]
|-heal|p1a: Ferrothorn|9/100 brn|[from] item: Leftovers
|-damage|p2a: Blissey|88/100|[from] Leech Seed|[of] p1a: Ferrothorn
|-heal|p1a: Ferrothorn|34/100 brn|[silent]
|-damage|p1a: Ferrothorn|22/100 brn|[from] brn
|upkeep
|turn|13
|inactive|Silverwall has 120 seconds left.
|
|t:|1705462505
|move|p2a: Blissey|Seismic Toss|p1a: Ferrothorn
|-damage|p1a: Ferrothorn|0 fnt
|-damage|p2a: Blissey|76/100|[from] ability: Iron Barbs|[of] p1a: Ferrothorn
|faint|p1a: Ferrothorn
|
|-weather|RainDance|[upkeep]
|-heal|p2a: Blissey|82/100|[from] item: Leftovers
|upkeep
|
|t:|1705462513
|switch|p1a: Volcarona|Volcarona, M|100/100
|turn|14
|inactive|yusei38 has 30 seconds left.
|inactive|yusei38 has 20 seconds left.
|
|t:|1705462543
|move|p1a: Volcarona|Quiver Dance|p1a: Volcarona
|-boost|p1a: Volcarona|spa|1
|-boost|p1a: Volcarona|spd|1
|-boost|p1a: Volcarona|spe|1
|move|p2a: Blissey|Thunder Wave|p1a: Volcarona
|-status|p1a: Volcarona|par
|
|-weather|RainDance|[upkeep]
|-heal|p2a: Blissey|88/100|[from] item: Leftovers
|-damage|p2a: Blissey|75/100|[from] Leech Seed|[of] p1a: Volcarona
|upkeep
|turn|15
|inactive|yusei38 has 30 seconds left this turn.
|inactive|Silverwall has 120 seconds left.
|
|t:|1705462559
|switch|p2a: Politoed|Politoed, F, shiny|76/100
|move|p1a: Volcarona|Quiver Dance|p1a: Volcarona
|-boost|p1a: Volcarona|spa|1
|-boost|p1a: Volcarona|spd|1
|-boost|p1a: Volcarona|spe|1
|
|-weather|RainDance|[upkeep]
|upkeep
|turn|16
|inactive|yusei38 has 30 seconds left.
|
|t:|1705462572
|move|p2a: Politoed|Perish Song|p2a: Politoed
|-start|p1a: Volcarona|perish3|[silent]
|-start|p2a: Politoed|perish3|[silent]
|-fieldactivate|move: Perish Song
|cant|p1a: Volcarona|par
|
|-weather|RainDance|[upkeep]
|-start|p2a: Politoed|perish3
|-start|p1a: Volcarona|perish3
|upkeep
|turn|17
|
|t:|1705462581
|move|p2a: Politoed|Protect|p2a: Politoed
|-singleturn|p2a: Politoed|Protect
|cant|p1a: Volcarona|par
|
|-weather|RainDance|[upkeep]
|-start|p2a: Politoed|perish2
|-start|p1a: Volcarona|perish2
|upkeep
|turn|18
|inactive|yusei38 has 30 seconds left.
|
|t:|1705462601
|switch|p2a: Blissey|Blissey, F, shiny|75/100
|move|p1a: Volcarona|Giga Drain|p2a: Blissey
|-damage|p2a: Blissey|55/100
|
|-weather|RainDance|[upkeep]
|-heal|p2a: Blissey|61/100|[from] item: Leftovers
|-start|p1a: Volcarona|perish1
|upkeep
|turn|19
|inactive|yusei38 has 30 seconds left.
|
|t:|1705462609
|switch|p1a: Excadrill|Excadrill, F|100/100
|move|p2a: Blissey|Stealth Rock|p1a: Excadrill
|-sidestart|p1: Silverwall|move: Stealth Rock
|
|-weather|RainDance|[upkeep]
|-heal|p2a: Blissey|68/100|[from] item: Leftovers
|upkeep
|turn|20
|inactive|yusei38 has 30 seconds left.
|inactive|yusei38 has 20 seconds left.
|
|t:|1705462634
|switch|p2a: Politoed|Politoed, F, shiny|76/100
|move|p1a: Excadrill|Earthquake|p2a: Politoed
|-damage|p2a: Politoed|32/100
|
|-weather|RainDance|[upkeep]
|upkeep
|turn|21
|inactive|yusei38 has 30 seconds left this turn.
|inactive|yusei38 has 20 seconds left.
|
|t:|1705462647
|move|p1a: Excadrill|Earthquake|p2a: Politoed
|-damage|p2a: Politoed|0 fnt
|faint|p2a: Politoed
|
|-weather|RainDance|[upkeep]
|upkeep
|inactive|yusei38 has 25 seconds left this turn.
|inactive|yusei38 has 20 seconds left.
|inactive|yusei38 has 15 seconds left.
|inactive|yusei38 has 10 seconds left.
|inactive|yusei38 has 5 seconds left.
|
|t:|1705462672
|switch|p2a: Jolteon|Jolteon, F, shiny|62/100
|turn|22
|inactive|yusei38 has 15 seconds left this turn.
|
|t:|1705462682
|move|p1a: Excadrill|Earthquake|p2a: Jolteon
|-supereffective|p2a: Jolteon
|-damage|p2a: Jolteon|0 fnt
|faint|p2a: Jolteon
|
|-weather|RainDance|[upkeep]
|upkeep
|inactive|yusei38 has 20 seconds left this turn.
|
|t:|1705462687
|switch|p2a: Blissey|Blissey, F, shiny|68/100
|turn|23
|inactive|yusei38 has 30 seconds left this turn.
|
|t:|1705462701
|move|p1a: Excadrill|Earthquake|p2a: Blissey
|-damage|p2a: Blissey|20/100
|move|p2a: Blissey|Soft-Boiled|p2a: Blissey
|-heal|p2a: Blissey|70/100
|
|-weather|RainDance|[upkeep]
|-heal|p2a: Blissey|76/100|[from] item: Leftovers
|upkeep
|turn|24
|
|t:|1705462708
|move|p1a: Excadrill|Earthquake|p2a: Blissey
|-damage|p2a: Blissey|27/100
|move|p2a: Blissey|Soft-Boiled|p2a: Blissey
|-heal|p2a: Blissey|77/100
|
|-weather|RainDance|[upkeep]
|-heal|p2a: Blissey|83/100|[from] item: Leftovers
|upkeep
|turn|25
|
|t:|1705462723
|move|p1a: Excadrill|Earthquake|p2a: Blissey
|-damage|p2a: Blissey|34/100
|move|p2a: Blissey|Soft-Boiled|p2a: Blissey
|-heal|p2a: Blissey|84/100
|
|-weather|RainDance|[upkeep]
|-heal|p2a: Blissey|91/100|[from] item: Leftovers
|upkeep
|turn|26
|c|☆yusei38|i win!
|c|☆yusei38|bro
|c|☆yusei38|gg
|
|t:|1705462730
|move|p1a: Excadrill|Earthquake|p2a: Blissey
|-damage|p2a: Blissey|43/100
|move|p2a: Blissey|Soft-Boiled|p2a: Blissey
|-heal|p2a: Blissey|93/100
|
|-weather|RainDance|[upkeep]
|-heal|p2a: Blissey|99/100|[from] item: Leftovers
|upkeep
|turn|27
|c|☆yusei38|my power Pro!
|c|☆yusei38|Protect! me
|
|t:|1705462753
|move|p1a: Excadrill|Earthquake|p2a: Blissey
|-damage|p2a: Blissey|50/100
|move|p2a: Blissey|Soft-Boiled|p2a: Blissey
|-heal|p2a: Blissey|99/100
|
|-weather|RainDance|[upkeep]
|-heal|p2a: Blissey|100/100|[from] item: Leftovers
|upkeep
|turn|28
|
|t:|1705462765
|move|p1a: Excadrill|Earthquake|p2a: Blissey
|-damage|p2a: Blissey|47/100
|move|p2a: Blissey|Soft-Boiled|p2a: Blissey
|-heal|p2a: Blissey|97/100
|
|-weather|RainDance|[upkeep]
|-heal|p2a: Blissey|100/100|[from] item: Leftovers
|upkeep
|turn|29
|c|☆yusei38|go! :o
|
|t:|1705462781
|move|p1a: Excadrill|Earthquake|p2a: Blissey
|-damage|p2a: Blissey|50/100
|move|p2a: Blissey|Soft-Boiled|p2a: Blissey
|-heal|p2a: Blissey|99/100
|
|-weather|RainDance|[upkeep]
|-heal|p2a: Blissey|100/100|[from] item: Leftovers
|upkeep
|turn|30
|
|t:|1705462788
|move|p1a: Excadrill|Earthquake|p2a: Blissey
|-damage|p2a: Blissey|51/100
|move|p2a: Blissey|Soft-Boiled|p2a: Blissey
|-heal|p2a: Blissey|100/100
|
|-weather|RainDance|[upkeep]
|upkeep
|turn|31
|
|t:|1705462793
|move|p1a: Excadrill|Earthquake|p2a: Blissey
|-damage|p2a: Blissey|53/100
|move|p2a: Blissey|Soft-Boiled|p2a: Blissey
|-heal|p2a: Blissey|100/100
|
|-weather|RainDance|[upkeep]
|upkeep
|turn|32
|c|☆yusei38|3 more!
|
|t:|1705462806
|move|p1a: Excadrill|Earthquake|p2a: Blissey
|-damage|p2a: Blissey|49/100
|move|p2a: Blissey|Soft-Boiled|p2a: Blissey
|-heal|p2a: Blissey|99/100
|
|-weather|RainDance|[upkeep]
|-heal|p2a: Blissey|100/100|[from] item: Leftovers
|upkeep
|turn|33
|c|☆yusei38|go! :O
|c|☆yusei38|:O
|c|☆yusei38|:o
|
|t:|1705462835
|move|p1a: Excadrill|Earthquake|p2a: Blissey
|-damage|p2a: Blissey|45/100
|move|p2a: Blissey|Soft-Boiled|p2a: Blissey
|-heal|p2a: Blissey|95/100
|
|-weather|RainDance|[upkeep]
|-heal|p2a: Blissey|100/100|[from] item: Leftovers
|upkeep
|turn|34
|inactive|yusei38 has 60 seconds left.
|c|☆yusei38|2 More!
|
|t:|1705462844
|move|p1a: Excadrill|Earthquake|p2a: Blissey
|-damage|p2a: Blissey|48/100
|move|p2a: Blissey|Soft-Boiled|p2a: Blissey
|-heal|p2a: Blissey|98/100
|
|-weather|RainDance|[upkeep]
|-heal|p2a: Blissey|100/100|[from] item: Leftovers
|upkeep
|turn|35
|c|☆yusei38|1
|c|☆yusei38|only
|inactive|yusei38 has 60 seconds left.
|c|☆yusei38|one!
|
|t:|1705462859
|switch|p1a: Latios|Latios, M|100/100
|-damage|p1a: Latios|88/100|[from] Stealth Rock
|move|p2a: Blissey|Soft-Boiled||[still]
|-fail|p2a: Blissey|heal
|
|-weather|RainDance|[upkeep]
|upkeep
|turn|36
|c|☆yusei38|lol xD!
|inactive|yusei38 has 60 seconds left.
|
|t:|1705462874
|move|p1a: Latios|Trick|p2a: Blissey
|-activate|p1a: Latios|move: Trick|[of] p2a: Blissey
|-item|p2a: Blissey|Choice Specs|[from] move: Trick
|-item|p1a: Latios|Leftovers|[from] move: Trick
|move|p2a: Blissey|Thunder Wave|p1a: Latios
|-status|p1a: Latios|par
|
|-weather|RainDance|[upkeep]
|-heal|p1a: Latios|94/100 par|[from] item: Leftovers
|upkeep
|turn|37
|c|☆Silverwall|cya
|
|t:|1705462883
|move|p2a: Blissey|Thunder Wave|p1a: Latios
|-fail|p1a: Latios|par
|move|p1a: Latios|Dragon Pulse|p2a: Blissey
|-damage|p2a: Blissey|83/100
|
|-weather|RainDance|[upkeep]
|-heal|p1a: Latios|99/100 par|[from] item: Leftovers
|upkeep
|turn|38
|
|t:|1705462905
|move|p2a: Blissey|Thunder Wave|p1a: Latios
|-fail|p1a: Latios|par
|move|p1a: Latios|Dragon Pulse|p2a: Blissey
|-damage|p2a: Blissey|66/100
|
|-weather|RainDance|[upkeep]
|-heal|p1a: Latios|100/100 par|[from] item: Leftovers
|upkeep
|turn|39
|c|☆yusei38|TRICK BRO XD
|
|t:|1705462913
|move|p2a: Blissey|Thunder Wave|p1a: Latios
|-fail|p1a: Latios|par
|move|p1a: Latios|Dragon Pulse|p2a: Blissey
|-damage|p2a: Blissey|49/100
|
|-weather|RainDance|[upkeep]
|upkeep
|turn|40
|c|☆Silverwall|i win lol bro
|c|☆yusei38|Trick use trick xd
|
|t:|1705462926
|move|p2a: Blissey|Thunder Wave|p1a: Latios
|-fail|p1a: Latios|par
|move|p1a: Latios|Dragon Pulse|p2a: Blissey
|-damage|p2a: Blissey|32/100
|
|-weather|RainDance|[upkeep]
|upkeep
|turn|41
|
|t:|1705462933
|move|p2a: Blissey|Thunder Wave|p1a: Latios
|-fail|p1a: Latios|par
|move|p1a: Latios|Dragon Pulse|p2a: Blissey
|-damage|p2a: Blissey|14/100
|
|-weather|RainDance|[upkeep]
|upkeep
|turn|42
|c|☆Silverwall|hahaha
|c|☆Silverwall|ggs
|
|t:|1705462941
|move|p2a: Blissey|Thunder Wave|p1a: Latios
|-fail|p1a: Latios|par
|move|p1a: Latios|Dragon Pulse|p2a: Blissey
|-damage|p2a: Blissey|0 fnt
|faint|p2a: Blissey
|
|win|Silverwall
|raw|Silverwall's rating: 1294 &rarr; <strong>1324</strong><br />(+30 for winning)
|raw|yusei38's rating: 1360 &rarr; <strong>1336</strong><br />(-24 for losing)
|c|☆yusei38|gg
|l|☆Silverwall
|player|p1|
