|j|☆Squalz974
|j|☆guymcbuddy
|t:|1705010003
|gametype|singles
|player|p1|Squalz974|clair|1327
|player|p2|guymcbuddy|ghetsis|1282
|teamsize|p1|6
|teamsize|p2|6
|gen|5
|tier|[Gen 5] OU
|rated|
|rule|Species Clause: Limit one of each Pokémon
|rule|OHKO Clause: OHKO moves are banned
|rule|Moody Clause: Moody is banned
|rule|Evasion Items Clause: Evasion items are banned
|rule|Evasion Moves Clause: Evasion moves are banned
|rule|Endless Battle Clause: Forcing endless battles is banned
|rule|HP Percentage Mod: HP is shown in percentages
|rule|Evasion Abilities Clause: Evasion abilities are banned
|rule|Sleep Moves Clause: Sleep-inducing moves are banned
|rule|Swagger Clause: Swagger is banned
|rule|Baton Pass Stat Clause: No Baton Passer may have a way to boost its stats
|clearpoke
|poke|p1|Skarmory, M|item
|poke|p1|Gengar, M|item
|poke|p1|Scizor, F|item
|poke|p1|Hydreigon, M|item
|poke|p1|Alakazam, M|item
|poke|p1|Keldeo-Resolute|item
|poke|p2|Politoed, M|item
|poke|p2|Tentacruel, M|item
|poke|p2|Ferrothorn, M|item
|poke|p2|Keldeo|item
|poke|p2|Latios, M|item
|poke|p2|Mamoswine, M|item
|teampreview
|inactive|Battle timer is ON: inactive players will automatically lose when time's up. (requested by Squalz974)
|
|t:|1705010019
|start
|switch|p1a: Scizor|Scizor, F|100/100
|switch|p2a: Politoed|Politoed, M|100/100
|-weather|RainDance|[from] ability: Drizzle|[of] p2a: Politoed
|turn|1
|
|t:|1705010023
|move|p2a: Politoed|Scald|p1a: Scizor
|-damage|p1a: Scizor|53/100
|move|p1a: Scizor|U-turn|p2a: Politoed
|-damage|p2a: Politoed|56/100
|
|t:|1705010028
|switch|p1a: KEKW|Skarmory, M|100/100|[from] U-turn
|
|-weather|RainDance|[upkeep]
|-heal|p2a: Politoed|63/100|[from] item: Leftovers
|upkeep
|turn|2
|
|t:|1705010034
|move|p1a: KEKW|Taunt|p2a: Politoed
|-start|p2a: Politoed|move: Taunt
|move|p2a: Politoed|Scald|p1a: KEKW
|-damage|p1a: KEKW|45/100
|
|-weather|RainDance|[upkeep]
|-heal|p2a: Politoed|69/100|[from] item: Leftovers
|upkeep
|turn|3
|
|t:|1705010038
|move|p1a: KEKW|Stealth Rock|p2a: Politoed
|-sidestart|p2: guymcbuddy|move: Stealth Rock
|move|p2a: Politoed|Scald|p1a: KEKW
|-damage|p1a: KEKW|0 fnt
|faint|p1a: KEKW
|
|-weather|RainDance|[upkeep]
|-heal|p2a: Politoed|75/100|[from] item: Leftovers
|upkeep
|
|t:|1705010043
|switch|p1a: Gengar|Gengar, M|100/100
|turn|4
|
|t:|1705010047
|switch|p2a: Ferrothorn|Ferrothorn, M|100/100
|-damage|p2a: Ferrothorn|94/100|[from] Stealth Rock
|move|p1a: Gengar|Thunderbolt|p2a: Ferrothorn
|-resisted|p2a: Ferrothorn
|-crit|p2a: Ferrothorn
|-damage|p2a: Ferrothorn|75/100
|
|-weather|RainDance|[upkeep]
|-heal|p2a: Ferrothorn|82/100|[from] item: Leftovers
|upkeep
|turn|5
|
|t:|1705010053
|switch|p1a: Hydreigon|Hydreigon, M|100/100
|move|p2a: Ferrothorn|Stealth Rock|p1a: Hydreigon
|-sidestart|p1: Squalz974|move: Stealth Rock
|
|-weather|RainDance|[upkeep]
|-heal|p2a: Ferrothorn|88/100|[from] item: Leftovers
|upkeep
|turn|6
|
|t:|1705010068
|switch|p2a: Tentacruel|Tentacruel, M|100/100
|-damage|p2a: Tentacruel|88/100|[from] Stealth Rock
|move|p1a: Hydreigon|Fire Blast|p2a: Tentacruel|[miss]
|-miss|p1a: Hydreigon|p2a: Tentacruel
|
|-weather|RainDance|[upkeep]
|-heal|p2a: Tentacruel|94/100|[from] ability: Rain Dish
|-heal|p2a: Tentacruel|99/100|[from] item: Black Sludge
|upkeep
|turn|7
|-message|Squalz974 forfeited.
|
|win|guymcbuddy
|raw|Squalz974's rating: 1327 &rarr; <strong>1304</strong><br />(-23 for losing)
|raw|guymcbuddy's rating: 1282 &rarr; <strong>1310</strong><br />(+28 for winning)
|l|☆Squalz974
|player|p1|
