|join|99 Red drifloon
|join|Red Skies
|player|p1|99 Red drifloon|169
|player|p2|Red Skies|64
|gametype|singles
|gen|5
|tier|[Gen 5] OU
|rated
|rule|Evasion Abilities Clause: Evasion abilities are banned
|clearpoke
|poke|p1|Tyranitar, M
|poke|p1|Magnezone
|poke|p1|Terrakion
|poke|p1|Latios, M, shiny
|poke|p1|Scizor, M, shiny
|poke|p1|Landorus-Therian, M
|poke|p2|Scizor, M
|poke|p2|Garchomp, M
|poke|p2|Kyurem-Black
|poke|p2|Magnezone
|poke|p2|Starmie
|poke|p2|Dragonite, M
|rule|Sleep Clause Mod: Limit one foe put to sleep
|rule|Species Clause: Limit one of each Pokémon
|rule|OHKO Clause: OHKO moves are banned
|rule|Moody Clause: Moody is banned
|rule|Evasion Moves Clause: Evasion moves are banned
|rule|Endless Battle Clause: Forcing endless battles is banned
|rule|HP Percentage Mod: HP is shown in percentages
|teampreview
|
|start
|switch|p1a: Pat Riely|Tyranitar, M|403/403
|switch|p2a: Garchomp|Garchomp, M|358/358
|-weather|Sandstorm|[from] ability: Sand Stream|[of] p1a: Pat Riely
|turn|1
|
|move|p2a: Garchomp|Swords Dance|p2a: Garchomp
|-boost|p2a: Garchomp|atk|2
|move|p1a: Pat Riely|Stealth Rock|p2a: Garchomp
|-sidestart|p2: Red Skies|move: Stealth Rock
|
|-weather|Sandstorm|[upkeep]
|turn|2
|
|move|p2a: Garchomp|Stealth Rock|p1a: Pat Riely
|-sidestart|p1: 99 Red drifloon|move: Stealth Rock
|move|p1a: Pat Riely|Ice Beam|p2a: Garchomp
|-supereffective|p2a: Garchomp
|-damage|p2a: Garchomp|22/358
|-status|p2a: Garchomp|frz
|
|-weather|Sandstorm|[upkeep]
|turn|3
|c|★Red Skies|Lmao
|
|cant|p2a: Garchomp|frz
|move|p1a: Pat Riely|Roar|p2a: Garchomp
|drag|p2a: Magnezone|Magnezone|282/282
|-damage|p2a: Magnezone|265/282|[from] Stealth Rock
|
|-weather|Sandstorm|[upkeep]
|turn|4
|
|move|p2a: Magnezone|Volt Switch|p1a: Pat Riely
|-damage|p1a: Pat Riely|337/403
|
|switch|p2a: Scizor|Scizor, M|282/282
|-damage|p2a: Scizor|247/282|[from] Stealth Rock
|move|p1a: Pat Riely|Roar|p2a: Scizor
|drag|p2a: Starmie|Starmie|262/262
|-damage|p2a: Starmie|230/262|[from] Stealth Rock
|
|-weather|Sandstorm|[upkeep]
|-damage|p2a: Starmie|214/262|[from] sandstorm
|-heal|p1a: Pat Riely|362/403|[from] item: Leftovers
|turn|5
|
|move|p2a: Starmie|Hydro Pump|p1a: Pat Riely
|-supereffective|p1a: Pat Riely
|-damage|p1a: Pat Riely|120/403
|-damage|p2a: Starmie|188/262|[from] item: Life Orb
|move|p1a: Pat Riely|Pursuit|p2a: Starmie
|-supereffective|p2a: Starmie
|-damage|p2a: Starmie|36/262
|
|-weather|Sandstorm|[upkeep]
|-damage|p2a: Starmie|20/262|[from] sandstorm
|-heal|p1a: Pat Riely|145/403|[from] item: Leftovers
|turn|6
|
|move|p2a: Starmie|Rapid Spin|p1a: Pat Riely
|-resisted|p1a: Pat Riely
|-damage|p1a: Pat Riely|139/403
|-sideend|p2: Red Skies|Stealth Rock|[from] move: Rapid Spin|[of] p2a: Starmie
|-damage|p2a: Starmie|0 fnt|[from] item: Life Orb
|faint|p2a: Starmie
|move|p1a: Pat Riely|Stealth Rock|p2: Starmie
|-sidestart|p2: Red Skies|move: Stealth Rock
|
|-weather|Sandstorm|[upkeep]
|-heal|p1a: Pat Riely|164/403|[from] item: Leftovers
|
|switch|p2a: Dragonite|Dragonite, M|324/324
|-damage|p2a: Dragonite|243/324|[from] Stealth Rock
|turn|7
|
|move|p2a: Dragonite|Earthquake|p1a: Pat Riely
|-supereffective|p1a: Pat Riely
|-damage|p1a: Pat Riely|0 fnt
|faint|p1a: Pat Riely
|
|-weather|Sandstorm|[upkeep]
|-damage|p2a: Dragonite|223/324|[from] sandstorm
|
|switch|p1a: Bron Bron|Landorus-Therian, M|382/382
|-damage|p1a: Bron Bron|335/382|[from] Stealth Rock
|-ability|p1a: Bron Bron|Intimidate|[of] p2a: Dragonite
|-unboost|p2a: Dragonite|atk|1
|turn|8
|
|switch|p2a: Garchomp|Garchomp, M|22/358 frz
|-damage|p2a: Garchomp|0 fnt|[from] Stealth Rock
|faint|p2a: Garchomp
|move|p1a: Bron Bron|Hidden Power|p2: Garchomp|[notarget]
|-notarget
|
|-weather|Sandstorm|[upkeep]
|
|switch|p2a: Scizor|Scizor, M|247/282
|-damage|p2a: Scizor|212/282|[from] Stealth Rock
|turn|9
|
|move|p2a: Scizor|Superpower|p1a: Bron Bron
|-resisted|p1a: Bron Bron
|-damage|p1a: Bron Bron|231/382
|-unboost|p2a: Scizor|atk|1
|-unboost|p2a: Scizor|def|1
|-damage|p2a: Scizor|184/282|[from] item: Life Orb
|move|p1a: Bron Bron|U-turn|p2a: Scizor
|-resisted|p2a: Scizor
|-damage|p2a: Scizor|113/282
|
|switch|p1a: Ray Allen|Magnezone|283/283
|-damage|p1a: Ray Allen|266/283|[from] Stealth Rock
|
|-weather|Sandstorm|[upkeep]
|-heal|p1a: Ray Allen|283/283|[from] item: Leftovers
|turn|10
|
|move|p1a: Ray Allen|Hidden Power|p2a: Scizor
|-supereffective|p2a: Scizor
|-damage|p2a: Scizor|0 fnt
|faint|p2a: Scizor
|
|-weather|Sandstorm|[upkeep]
|
|switch|p2a: Dragonite|Dragonite, M|223/324
|-damage|p2a: Dragonite|142/324|[from] Stealth Rock
|turn|11
|
|move|p2a: Dragonite|Dragon Dance|p2a: Dragonite
|-boost|p2a: Dragonite|atk|1
|-boost|p2a: Dragonite|spe|1
|move|p1a: Ray Allen|Flash Cannon|p2a: Dragonite
|-damage|p2a: Dragonite|12/324
|
|-weather|Sandstorm|[upkeep]
|-damage|p2a: Dragonite|0 fnt|[from] sandstorm
|faint|p2a: Dragonite
|
|switch|p2a: Magnezone|Magnezone|265/282
|-damage|p2a: Magnezone|248/282|[from] Stealth Rock
|turn|12
|
|move|p2a: Magnezone|Hidden Power|p1a: Ray Allen
|-supereffective|p1a: Ray Allen
|-damage|p1a: Ray Allen|113/283
|move|p1a: Ray Allen|Hidden Power|p2a: Magnezone
|-supereffective|p2a: Magnezone
|-damage|p2a: Magnezone|52/282
|
|-weather|Sandstorm|[upkeep]
|-heal|p1a: Ray Allen|130/283|[from] item: Leftovers
|turn|13
|
|move|p2a: Magnezone|Hidden Power|p1a: Ray Allen
|-supereffective|p1a: Ray Allen
|-damage|p1a: Ray Allen|0 fnt
|faint|p1a: Ray Allen
|
|-weather|Sandstorm|[upkeep]
|
|switch|p1a: D.Wade|Terrakion|323/323
|-damage|p1a: D.Wade|303/323|[from] Stealth Rock
|turn|14
|c|★Red Skies|Pure skill
|
|move|p1a: D.Wade|Close Combat|p2a: Magnezone
|-supereffective|p2a: Magnezone
|-damage|p2a: Magnezone|0 fnt
|-unboost|p1a: D.Wade|def|1
|-unboost|p1a: D.Wade|spd|1
|faint|p2a: Magnezone
|
|-weather|Sandstorm|[upkeep]
|c|★99 Red drifloon|check da ladder bro
|
|switch|p2a: Kyurem-Black|Kyurem-Black|391/391
|-damage|p2a: Kyurem-Black|294/391|[from] Stealth Rock
|-ability|p2a: Kyurem-Black|Teravolt
|turn|15
|c|★99 Red drifloon|see me on there twice
|c|★99 Red drifloon|stonya my account too
|
|move|p1a: D.Wade|Close Combat|p2a: Kyurem-Black
|-supereffective|p2a: Kyurem-Black
|-damage|p2a: Kyurem-Black|0 fnt
|-unboost|p1a: D.Wade|def|1
|-unboost|p1a: D.Wade|spd|1
|faint|p2a: Kyurem-Black
|
|win|99 Red drifloon
|raw|Ladder updating...
|c|★99 Red drifloon|get rekt
|raw|99 Red drifloon's rating: 1447 &rarr; <strong>1464</strong><br />(+17 for winning)
|raw|Red Skies's rating: 1393 &rarr; <strong>1376</strong><br />(-17 for losing)
|leave|Red Skies
|player|p2