|j|☆SattleBimulator
|j|☆QuiteMacaro0n2
|t:|1739556519
|gametype|singles
|player|p1|SattleBimulator|265|1306
|player|p2|QuiteMacaro0n2|bruno|1423
|teamsize|p1|6
|teamsize|p2|6
|gen|5
|tier|[Gen 5] OU
|rated|
|rule|Species Clause: Limit one of each Pokémon
|rule|OHKO Clause: OHKO moves are banned
|rule|Moody Clause: Moody is banned
|rule|Evasion Items Clause: Evasion items are banned
|rule|Evasion Moves Clause: Evasion moves are banned
|rule|Endless Battle Clause: Forcing endless battles is banned
|rule|HP Percentage Mod: HP is shown in percentages
|rule|Evasion Abilities Clause: Evasion abilities are banned
|rule|Sleep Moves Clause: Sleep-inducing moves are banned
|rule|Swagger Clause: Swagger is banned
|rule|Baton Pass Stat Clause: No Baton Passer may have a way to boost its stats
|clearpoke
|poke|p1|Politoed, F|item
|poke|p1|Thundurus-Therian, M|item
|poke|p1|Keldeo-Resolute|item
|poke|p1|Starmie|item
|poke|p1|Latios, M|item
|poke|p1|Rotom-Wash|item
|poke|p2|Scrafty, F|item
|poke|p2|Hitmonchan, M|item
|poke|p2|Salamence, M|item
|poke|p2|Hitmonlee, M|item
|poke|p2|Cresselia, F|item
|poke|p2|Machamp, M|item
|teampreview
|inactive|Battle timer is ON: inactive players will automatically lose when time's up. (requested by SattleBimulator)
|
|t:|1739556532
|start
|switch|p1a: Politoed|Politoed, F|100/100
|switch|p2a: Sanji|Hitmonlee, M|100/100
|-weather|RainDance|[from] ability: Drizzle|[of] p1a: Politoed
|turn|1
|
|t:|1739556535
|move|p2a: Sanji|High Jump Kick|p1a: Politoed
|-damage|p1a: Politoed|35/100
|move|p1a: Politoed|Scald|p2a: Sanji
|-damage|p2a: Sanji|48/100
|
|-weather|RainDance|[upkeep]
|-heal|p1a: Politoed|42/100|[from] item: Leftovers
|upkeep
|turn|2
|
|t:|1739556542
|move|p2a: Sanji|High Jump Kick|p1a: Politoed
|-damage|p1a: Politoed|0 fnt
|faint|p1a: Politoed
|
|-weather|RainDance|[upkeep]
|upkeep
|
|t:|1739556544
|switch|p1a: Keldeo|Keldeo-Resolute|100/100
|turn|3
|
|t:|1739556548
|move|p1a: Keldeo|Surf|p2a: Sanji
|-damage|p2a: Sanji|0 fnt
|faint|p2a: Sanji
|
|-weather|RainDance|[upkeep]
|upkeep
|
|t:|1739556550
|switch|p2a: Nami|Cresselia, F|100/100
|turn|4
|
|t:|1739556554
|switch|p1a: Thundurus|Thundurus-Therian, M|100/100
|move|p2a: Nami|Thunder Wave|p1a: Thundurus
|-immune|p1a: Thundurus|[from] ability: Volt Absorb
|
|-weather|RainDance|[upkeep]
|upkeep
|turn|5
|
|t:|1739556558
|move|p1a: Thundurus|Thunder|p2a: Nami
|-damage|p2a: Nami|47/100
|-damage|p1a: Thundurus|91/100|[from] item: Life Orb
|move|p2a: Nami|Light Screen|p2a: Nami
|-sidestart|p2: QuiteMacaro0n2|move: Light Screen
|
|-weather|RainDance|[upkeep]
|upkeep
|turn|6
|
|t:|1739556565
|move|p1a: Thundurus|Thunder|p2a: Nami
|-crit|p2a: Nami
|-damage|p2a: Nami|0 fnt
|faint|p2a: Nami
|-damage|p1a: Thundurus|81/100|[from] item: Life Orb
|
|-weather|RainDance|[upkeep]
|upkeep
|
|t:|1739556587
|switch|p2a: Luffy|Hitmonchan, M, shiny|100/100
|turn|7
|
|t:|1739556591
|move|p1a: Thundurus|Thunder|p2a: Luffy
|-damage|p2a: Luffy|49/100
|-status|p2a: Luffy|par
|-damage|p1a: Thundurus|71/100|[from] item: Life Orb
|move|p2a: Luffy|Ice Punch|p1a: Thundurus
|-supereffective|p1a: Thundurus
|-crit|p1a: Thundurus
|-damage|p1a: Thundurus|0 fnt
|faint|p1a: Thundurus
|
|-weather|RainDance|[upkeep]
|upkeep
|
|t:|1739556600
|switch|p1a: Latios|Latios, M|100/100
|turn|8
|
|t:|1739556603
|move|p1a: Latios|Psychic|p2a: Luffy
|-supereffective|p2a: Luffy
|-crit|p2a: Luffy
|-damage|p2a: Luffy|0 fnt
|faint|p2a: Luffy
|
|-weather|RainDance|[upkeep]
|upkeep
|
|t:|1739556607
|switch|p2a: Usopp|Scrafty, F, shiny|100/100
|turn|9
|
|t:|1739556613
|switch|p1a: Rotom|Rotom-Wash|100/100
|move|p2a: Usopp|Bulk Up|p2a: Usopp
|-boost|p2a: Usopp|atk|1
|-boost|p2a: Usopp|def|1
|
|-weather|RainDance|[upkeep]
|upkeep
|turn|10
|
|t:|1739556619
|move|p1a: Rotom|Trick|p2a: Usopp
|-activate|p1a: Rotom|move: Trick|[of] p2a: Usopp
|-item|p2a: Usopp|Choice Scarf|[from] move: Trick
|-item|p1a: Rotom|Leftovers|[from] move: Trick
|move|p2a: Usopp|Bulk Up|p2a: Usopp
|-boost|p2a: Usopp|atk|1
|-boost|p2a: Usopp|def|1
|
|-weather|RainDance|[upkeep]
|upkeep
|turn|11
|-message|QuiteMacaro0n2 forfeited.
|
|win|SattleBimulator
|raw|SattleBimulator's rating: 1306 &rarr; <strong>1332</strong><br />(+26 for winning)
|raw|QuiteMacaro0n2's rating: 1423 &rarr; <strong>1397</strong><br />(-26 for losing)
|l|☆QuiteMacaro0n2
|player|p2|
