|j|☆ImaginewasTaken
|j|☆Laone.L.ous
|t:|1715846139
|gametype|singles
|player|p1|ImaginewasTaken|n|1346
|player|p2|Laone.L.ous|bellelba|1391
|teamsize|p1|6
|teamsize|p2|6
|gen|5
|tier|[Gen 5] OU
|rated|
|rule|Species Clause: Limit one of each Pokémon
|rule|OHKO Clause: OHKO moves are banned
|rule|Moody Clause: Moody is banned
|rule|Evasion Items Clause: Evasion items are banned
|rule|Evasion Moves Clause: Evasion moves are banned
|rule|Endless Battle Clause: Forcing endless battles is banned
|rule|HP Percentage Mod: HP is shown in percentages
|rule|Evasion Abilities Clause: Evasion abilities are banned
|rule|Sleep Moves Clause: Sleep-inducing moves are banned
|rule|Swagger Clause: Swagger is banned
|rule|Baton Pass Stat Clause: No Baton Passer may have a way to boost its stats
|clearpoke
|poke|p1|Hippowdon, M|item
|poke|p1|Alakazam, F|item
|poke|p1|Breloom, M|item
|poke|p1|Ferrothorn, M|item
|poke|p1|Excadrill, F|item
|poke|p1|Gastrodon-East, M|item
|poke|p2|Mew|item
|poke|p2|Volcarona, F|item
|poke|p2|Scizor, M|item
|poke|p2|Starmie|item
|poke|p2|Mamoswine, F|item
|poke|p2|Dragonite, F|item
|teampreview
|inactive|Battle timer is ON: inactive players will automatically lose when time's up. (requested by Laone.L.ous)
|j| bwcbestbytest
|inactive|ImaginewasTaken has 120 seconds left.
|inactive|ImaginewasTaken has 90 seconds left.
|
|t:|1715846227
|start
|switch|p1a: P.O.W.|Hippowdon, M|100/100
|switch|p2a: Mew|Mew|100/100
|-weather|Sandstorm|[from] ability: Sand Stream|[of] p1a: P.O.W.
|turn|1
|inactive|ImaginewasTaken has 120 seconds left.
|
|t:|1715846246
|switch|p1a: East-Side|Gastrodon-East, M|100/100
|move|p2a: Mew|Taunt|p1a: East-Side
|-start|p1a: East-Side|move: Taunt
|
|-weather|Sandstorm|[upkeep]
|-damage|p2a: Mew|94/100|[from] Sandstorm
|-heal|p2a: Mew|100/100|[from] item: Leftovers
|upkeep
|turn|2
|
|t:|1715846256
|move|p2a: Mew|Will-O-Wisp|p1a: East-Side
|-status|p1a: East-Side|brn
|move|p1a: East-Side|Scald|p2a: Mew
|-damage|p2a: Mew|76/100
|
|-weather|Sandstorm|[upkeep]
|-damage|p2a: Mew|70/100|[from] Sandstorm
|-heal|p2a: Mew|76/100|[from] item: Leftovers
|-damage|p1a: East-Side|88/100 brn|[from] brn
|upkeep
|turn|3
|
|t:|1715846261
|move|p2a: Mew|Stealth Rock|p1a: East-Side
|-sidestart|p1: ImaginewasTaken|move: Stealth Rock
|move|p1a: East-Side|Scald|p2a: Mew
|-damage|p2a: Mew|51/100
|
|-weather|Sandstorm|[upkeep]
|-damage|p2a: Mew|45/100|[from] Sandstorm
|-heal|p2a: Mew|51/100|[from] item: Leftovers
|-heal|p1a: East-Side|94/100 brn|[from] item: Leftovers
|-damage|p1a: East-Side|82/100 brn|[from] brn
|-end|p1a: East-Side|move: Taunt
|upkeep
|turn|4
|
|t:|1715846271
|switch|p2a: Starmie|Starmie, shiny|100/100
|move|p1a: East-Side|Scald|p2a: Starmie
|-resisted|p2a: Starmie
|-damage|p2a: Starmie|86/100
|
|-weather|Sandstorm|[upkeep]
|-damage|p2a: Starmie|80/100|[from] Sandstorm
|-heal|p1a: East-Side|88/100 brn|[from] item: Leftovers
|-damage|p1a: East-Side|75/100 brn|[from] brn
|upkeep
|turn|5
|
|t:|1715846284
|switch|p1a: OHKO|Excadrill, F|100/100
|-damage|p1a: OHKO|97/100|[from] Stealth Rock
|move|p2a: Starmie|Trick|p1a: OHKO
|-activate|p2a: Starmie|move: Trick|[of] p1a: OHKO
|-item|p1a: OHKO|Choice Scarf|[from] move: Trick
|-item|p2a: Starmie|Choice Scarf|[from] move: Trick
|
|-weather|Sandstorm|[upkeep]
|-damage|p2a: Starmie|74/100|[from] Sandstorm
|upkeep
|turn|6
|
|t:|1715846300
|move|p2a: Starmie|Ice Beam|p1a: OHKO
|-damage|p1a: OHKO|69/100
|move|p1a: OHKO|Earthquake|p2a: Starmie
|-damage|p2a: Starmie|0 fnt
|faint|p2a: Starmie
|
|-weather|Sandstorm|[upkeep]
|upkeep
|
|t:|1715846306
|switch|p2a: Dragonite|Dragonite, F|100/100
|turn|7
|
|t:|1715846314
|switch|p1a: P.O.W.|Hippowdon, M|100/100
|-damage|p1a: P.O.W.|94/100|[from] Stealth Rock
|move|p2a: Dragonite|Dragon Dance|p2a: Dragonite
|-boost|p2a: Dragonite|atk|1
|-boost|p2a: Dragonite|spe|1
|
|-weather|Sandstorm|[upkeep]
|-damage|p2a: Dragonite|94/100|[from] Sandstorm
|-heal|p1a: P.O.W.|100/100|[from] item: Leftovers
|upkeep
|turn|8
|
|t:|1715846320
|move|p2a: Dragonite|Outrage|p1a: P.O.W.
|-damage|p1a: P.O.W.|27/100
|move|p1a: P.O.W.|Whirlwind|p2a: Dragonite
|drag|p2a: Scizor|Scizor, M|100/100
|
|-weather|Sandstorm|[upkeep]
|-heal|p1a: P.O.W.|34/100|[from] item: Leftovers
|upkeep
|turn|9
|
|t:|1715846341
|move|p2a: Scizor|U-turn|p1a: P.O.W.
|-damage|p1a: P.O.W.|0 fnt
|faint|p1a: P.O.W.
|
|t:|1715846349
|switch|p2a: Dragonite|Dragonite, F|94/100|[from] U-turn
|
|-weather|Sandstorm|[upkeep]
|-damage|p2a: Dragonite|88/100|[from] Sandstorm
|upkeep
|inactive|ImaginewasTaken has 120 seconds left.
|
|t:|1715846390
|switch|p1a: OHKO|Excadrill, F|69/100
|-damage|p1a: OHKO|66/100|[from] Stealth Rock
|turn|10
|
|t:|1715846397
|move|p1a: OHKO|Rock Slide|p2a: Dragonite|[miss]
|-miss|p1a: OHKO|p2a: Dragonite
|move|p2a: Dragonite|Earthquake|p1a: OHKO
|-supereffective|p1a: OHKO
|-damage|p1a: OHKO|0 fnt
|faint|p1a: OHKO
|
|-weather|Sandstorm|[upkeep]
|-damage|p2a: Dragonite|82/100|[from] Sandstorm
|upkeep
|
|t:|1715846410
|switch|p1a: RIP freaky-chomp|Ferrothorn, M|100/100
|-damage|p1a: RIP freaky-chomp|94/100|[from] Stealth Rock
|turn|11
|
|t:|1715846416
|switch|p2a: Volcarona|Volcarona, F, shiny|100/100
|move|p1a: RIP freaky-chomp|Leech Seed|p2a: Volcarona
|-start|p2a: Volcarona|move: Leech Seed
|
|-weather|Sandstorm|[upkeep]
|-damage|p2a: Volcarona|94/100|[from] Sandstorm
|-heal|p1a: RIP freaky-chomp|100/100|[from] item: Leftovers
|-damage|p2a: Volcarona|82/100|[from] Leech Seed|[of] p1a: RIP freaky-chomp
|upkeep
|turn|12
|
|t:|1715846425
|switch|p1a: Broom|Alakazam, F|100/100
|move|p2a: Volcarona|Quiver Dance|p2a: Volcarona
|-boost|p2a: Volcarona|spa|1
|-boost|p2a: Volcarona|spd|1
|-boost|p2a: Volcarona|spe|1
|
|-weather|Sandstorm|[upkeep]
|-damage|p2a: Volcarona|76/100|[from] Sandstorm
|-damage|p2a: Volcarona|64/100|[from] Leech Seed|[of] p1a: Broom
|upkeep
|turn|13
|
|t:|1715846428
|move|p2a: Volcarona|Giga Drain|p1a: Broom
|-damage|p1a: Broom|38/100
|-heal|p2a: Volcarona|88/100|[from] drain|[of] p1a: Broom
|move|p1a: Broom|Psychic|p2a: Volcarona
|-damage|p2a: Volcarona|54/100
|
|-weather|Sandstorm|[upkeep]
|-damage|p2a: Volcarona|48/100|[from] Sandstorm
|-damage|p2a: Volcarona|36/100|[from] Leech Seed|[of] p1a: Broom
|-heal|p1a: Broom|54/100|[silent]
|upkeep
|turn|14
|
|t:|1715846437
|switch|p1a: RIP freaky-chomp|Ferrothorn, M|100/100
|-damage|p1a: RIP freaky-chomp|94/100|[from] Stealth Rock
|move|p2a: Volcarona|Giga Drain|p1a: RIP freaky-chomp
|-resisted|p1a: RIP freaky-chomp
|-damage|p1a: RIP freaky-chomp|87/100
|-heal|p2a: Volcarona|40/100|[from] drain|[of] p1a: RIP freaky-chomp
|
|-weather|Sandstorm|[upkeep]
|-damage|p2a: Volcarona|33/100|[from] Sandstorm
|-heal|p1a: RIP freaky-chomp|94/100|[from] item: Leftovers
|-damage|p2a: Volcarona|21/100|[from] Leech Seed|[of] p1a: RIP freaky-chomp
|-heal|p1a: RIP freaky-chomp|100/100|[silent]
|upkeep
|turn|15
|
|t:|1715846442
|move|p1a: RIP freaky-chomp|Protect|p1a: RIP freaky-chomp
|-singleturn|p1a: RIP freaky-chomp|Protect
|move|p2a: Volcarona|Fiery Dance|p1a: RIP freaky-chomp
|-activate|p1a: RIP freaky-chomp|move: Protect
|
|-weather|Sandstorm|[upkeep]
|-damage|p2a: Volcarona|15/100|[from] Sandstorm
|-damage|p2a: Volcarona|3/100|[from] Leech Seed|[of] p1a: RIP freaky-chomp
|upkeep
|turn|16
|
|t:|1715846447
|move|p1a: RIP freaky-chomp|Protect|p1a: RIP freaky-chomp
|-singleturn|p1a: RIP freaky-chomp|Protect
|move|p2a: Volcarona|Giga Drain|p1a: RIP freaky-chomp
|-activate|p1a: RIP freaky-chomp|move: Protect
|
|-weather|Sandstorm|[upkeep]
|-damage|p2a: Volcarona|0 fnt|[from] Sandstorm
|faint|p2a: Volcarona
|upkeep
|
|t:|1715846449
|switch|p2a: Mew|Mew|51/100
|turn|17
|
|t:|1715846457
|switch|p1a: East-Side|Gastrodon-East, M|75/100 brn
|-damage|p1a: East-Side|69/100 brn|[from] Stealth Rock
|move|p2a: Mew|Taunt|p1a: East-Side
|-start|p1a: East-Side|move: Taunt
|
|-weather|Sandstorm|[upkeep]
|-damage|p2a: Mew|45/100|[from] Sandstorm
|-heal|p2a: Mew|51/100|[from] item: Leftovers
|-heal|p1a: East-Side|75/100 brn|[from] item: Leftovers
|-damage|p1a: East-Side|63/100 brn|[from] brn
|upkeep
|turn|18
|
|t:|1715846463
|move|p2a: Mew|Explosion|p1a: East-Side
|-damage|p1a: East-Side|18/100 brn
|faint|p2a: Mew
|move|p1a: East-Side|Scald|p2: Mew|[notarget]
|-fail|p1a: East-Side
|
|-weather|Sandstorm|[upkeep]
|-heal|p1a: East-Side|24/100 brn|[from] item: Leftovers
|-damage|p1a: East-Side|12/100 brn|[from] brn
|upkeep
|
|t:|1715846468
|switch|p2a: Scizor|Scizor, M|100/100
|turn|19
|
|t:|1715846471
|switch|p1a: RIP freaky-chomp|Ferrothorn, M|100/100
|-damage|p1a: RIP freaky-chomp|94/100|[from] Stealth Rock
|move|p2a: Scizor|U-turn|p1a: RIP freaky-chomp
|-crit|p1a: RIP freaky-chomp
|-damage|p1a: RIP freaky-chomp|18/100
|-damage|p2a: Scizor|88/100|[from] ability: Iron Barbs|[of] p1a: RIP freaky-chomp
|
|t:|1715846476
|switch|p2a: Dragonite|Dragonite, F|82/100|[from] U-turn
|
|-weather|Sandstorm|[upkeep]
|-damage|p2a: Dragonite|76/100|[from] Sandstorm
|-heal|p1a: RIP freaky-chomp|25/100|[from] item: Leftovers
|upkeep
|turn|20
|inactive|ImaginewasTaken has 120 seconds left.
|
|t:|1715846507
|move|p2a: Dragonite|Earthquake|p1a: RIP freaky-chomp
|-crit|p1a: RIP freaky-chomp
|-damage|p1a: RIP freaky-chomp|0 fnt
|faint|p1a: RIP freaky-chomp
|
|-weather|Sandstorm|[upkeep]
|-damage|p2a: Dragonite|70/100|[from] Sandstorm
|upkeep
|inactive|ImaginewasTaken has 120 seconds left.
|inactive|ImaginewasTaken has 90 seconds left.
|
|t:|1715846549
|switch|p1a: MY GOAT RAAAHHHH|Breloom, M|100/100
|-damage|p1a: MY GOAT RAAAHHHH|94/100|[from] Stealth Rock
|turn|21
|
|t:|1715846554
|move|p1a: MY GOAT RAAAHHHH|Protect|p1a: MY GOAT RAAAHHHH
|-singleturn|p1a: MY GOAT RAAAHHHH|Protect
|move|p2a: Dragonite|Extreme Speed|p1a: MY GOAT RAAAHHHH
|-activate|p1a: MY GOAT RAAAHHHH|move: Protect
|
|-weather|Sandstorm|[upkeep]
|-damage|p2a: Dragonite|63/100|[from] Sandstorm
|-damage|p1a: MY GOAT RAAAHHHH|88/100|[from] Sandstorm
|-status|p1a: MY GOAT RAAAHHHH|tox|[from] item: Toxic Orb
|upkeep
|turn|22
|
|t:|1715846559
|move|p2a: Dragonite|Extreme Speed|p1a: MY GOAT RAAAHHHH
|-damage|p1a: MY GOAT RAAAHHHH|47/100 tox
|move|p1a: MY GOAT RAAAHHHH|Facade|p2a: Dragonite
|-damage|p2a: Dragonite|20/100
|
|-weather|Sandstorm|[upkeep]
|-damage|p2a: Dragonite|14/100|[from] Sandstorm
|-damage|p1a: MY GOAT RAAAHHHH|41/100 tox|[from] Sandstorm
|-heal|p1a: MY GOAT RAAAHHHH|54/100 tox|[from] ability: Poison Heal
|upkeep
|turn|23
|
|t:|1715846568
|move|p1a: MY GOAT RAAAHHHH|Protect|p1a: MY GOAT RAAAHHHH
|-singleturn|p1a: MY GOAT RAAAHHHH|Protect
|move|p2a: Dragonite|Extreme Speed|p1a: MY GOAT RAAAHHHH
|-activate|p1a: MY GOAT RAAAHHHH|move: Protect
|
|-weather|Sandstorm|[upkeep]
|-damage|p2a: Dragonite|8/100|[from] Sandstorm
|-damage|p1a: MY GOAT RAAAHHHH|47/100 tox|[from] Sandstorm
|-heal|p1a: MY GOAT RAAAHHHH|60/100 tox|[from] ability: Poison Heal
|upkeep
|turn|24
|
|t:|1715846573
|move|p2a: Dragonite|Extreme Speed|p1a: MY GOAT RAAAHHHH
|-damage|p1a: MY GOAT RAAAHHHH|18/100 tox
|move|p1a: MY GOAT RAAAHHHH|Drain Punch|p2a: Dragonite
|-resisted|p2a: Dragonite
|-damage|p2a: Dragonite|0 fnt
|-heal|p1a: MY GOAT RAAAHHHH|22/100 tox|[from] drain|[of] p2a: Dragonite
|faint|p2a: Dragonite
|
|-weather|Sandstorm|[upkeep]
|-damage|p1a: MY GOAT RAAAHHHH|16/100 tox|[from] Sandstorm
|-heal|p1a: MY GOAT RAAAHHHH|28/100 tox|[from] ability: Poison Heal
|upkeep
|
|t:|1715846580
|switch|p2a: Mamoswine|Mamoswine, F, shiny|100/100
|turn|25
|inactive|ImaginewasTaken has 120 seconds left.
|
|t:|1715846608
|move|p1a: MY GOAT RAAAHHHH|Protect|p1a: MY GOAT RAAAHHHH
|-singleturn|p1a: MY GOAT RAAAHHHH|Protect
|move|p2a: Mamoswine|Ice Shard|p1a: MY GOAT RAAAHHHH
|-activate|p1a: MY GOAT RAAAHHHH|move: Protect
|
|-weather|Sandstorm|[upkeep]
|-damage|p1a: MY GOAT RAAAHHHH|22/100 tox|[from] Sandstorm
|-heal|p1a: MY GOAT RAAAHHHH|35/100 tox|[from] ability: Poison Heal
|upkeep
|turn|26
|
|t:|1715846612
|move|p2a: Mamoswine|Ice Shard|p1a: MY GOAT RAAAHHHH
|-supereffective|p1a: MY GOAT RAAAHHHH
|-damage|p1a: MY GOAT RAAAHHHH|0 fnt
|faint|p1a: MY GOAT RAAAHHHH
|
|-weather|Sandstorm|[upkeep]
|upkeep
|
|t:|1715846619
|switch|p1a: Broom|Alakazam, F|54/100
|turn|27
|
|t:|1715846634
|move|p2a: Mamoswine|Ice Shard|p1a: Broom
|-damage|p1a: Broom|3/100
|move|p1a: Broom|Grass Knot|p2a: Mamoswine
|-supereffective|p2a: Mamoswine
|-enditem|p2a: Mamoswine|Focus Sash
|-damage|p2a: Mamoswine|1/100
|
|-weather|Sandstorm|[upkeep]
|upkeep
|turn|28
|c|☆ImaginewasTaken|gg\
|inactive|ImaginewasTaken has 120 seconds left.
|-message|ImaginewasTaken forfeited.
|
|win|Laone.L.ous
|raw|ImaginewasTaken's rating: 1346 &rarr; <strong>1329</strong><br />(-17 for losing)
|raw|Laone.L.ous's rating: 1391 &rarr; <strong>1408</strong><br />(+17 for winning)
|l|☆ImaginewasTaken
|player|p1|
|c|☆Laone.L.ous|gg
