|j|☆tjx93
|j|☆Rampagewebber
|player|p1|tjx93|102|1492
|player|p2|Rampagewebber|oak-gen1rb|1375
|teamsize|p1|6
|teamsize|p2|6
|gametype|singles
|gen|5
|tier|[Gen 5] OU
|rated|
|clearpoke
|poke|p1|Politoed, M|item
|poke|p1|Starmie|item
|poke|p1|Keldeo-Resolute|item
|poke|p1|Breloom, M|item
|poke|p1|Landorus-Therian, M|item
|poke|p1|Jirachi|item
|poke|p2|Thundurus-Therian, M|item
|poke|p2|Politoed, M|item
|poke|p2|Scizor, M|item
|poke|p2|Ferrothorn, M|item
|poke|p2|Toxicroak, M|item
|poke|p2|Latios, M|item
|rule|Species Clause: Limit one of each Pokémon
|rule|OHKO Clause: OHKO moves are banned
|rule|Moody Clause: Moody is banned
|rule|Evasion Moves Clause: Evasion moves are banned
|rule|Endless Battle Clause: Forcing endless battles is banned
|rule|HP Percentage Mod: HP is shown in percentages
|rule|Evasion Abilities Clause: Evasion abilities are banned
|rule|Baton Pass Clause: Limit one Baton Passer, can't pass Spe and other stats simultaneously
|rule|Sleep Clause: Sleep-inducing moves are banned
|rule|Swagger Clause: Swagger is banned
|teampreview
|l|☆tjx93
|player|p1|
|inactive|Battle timer is ON: inactive players will automatically lose when time's up. (requested by Rampagewebber)
|j|☆tjx93
|inactive|tjx93 reconnected and has 145 seconds left.
|player|p1|tjx93|102
|
|start
|switch|p1a: Starmie|Starmie|100/100
|switch|p2a: Scizor|Scizor, M|100/100
|turn|1
|
|move|p2a: Scizor|Bullet Punch|p1a: Starmie
|-resisted|p1a: Starmie
|-damage|p1a: Starmie|60/100
|move|p1a: Starmie|Hydro Pump|p2a: Scizor
|-damage|p2a: Scizor|0 fnt
|faint|p2a: Scizor
|
|upkeep
|
|switch|p2a: Ferrothorn|Ferrothorn, M|100/100
|turn|2
|
|switch|p1a: Jirachi|Jirachi|100/100
|move|p2a: Ferrothorn|Stealth Rock|p1a: Jirachi
|-sidestart|p1: tjx93|move: Stealth Rock
|
|upkeep
|turn|3
|
|move|p1a: Jirachi|Stealth Rock|p2a: Ferrothorn
|-sidestart|p2: Rampagewebber|move: Stealth Rock
|move|p2a: Ferrothorn|Spikes|p1a: Jirachi
|-sidestart|p1: tjx93|Spikes
|
|upkeep
|turn|4
|
|move|p1a: Jirachi|Thunder|p2a: Ferrothorn|[miss]
|-miss|p1a: Jirachi|p2a: Ferrothorn
|move|p2a: Ferrothorn|Spikes|p1a: Jirachi
|-sidestart|p1: tjx93|Spikes
|
|upkeep
|turn|5
|
|move|p1a: Jirachi|Thunder|p2a: Ferrothorn
|-resisted|p2a: Ferrothorn
|-damage|p2a: Ferrothorn|92/100
|-status|p2a: Ferrothorn|par
|move|p2a: Ferrothorn|Spikes|p1a: Jirachi
|-sidestart|p1: tjx93|Spikes
|
|-heal|p2a: Ferrothorn|98/100 par|[from] item: Leftovers
|upkeep
|turn|6
|
|switch|p2a: Thundurus|Thundurus-Therian, M, shiny|100/100
|-damage|p2a: Thundurus|76/100|[from] Stealth Rock
|move|p1a: Jirachi|Icy Wind|p2a: Thundurus
|-supereffective|p2a: Thundurus
|-damage|p2a: Thundurus|42/100
|-unboost|p2a: Thundurus|spe|1
|
|-heal|p2a: Thundurus|48/100|[from] item: Leftovers
|upkeep
|turn|7
|
|switch|p2a: Ferrothorn|Ferrothorn, M|98/100 par
|-damage|p2a: Ferrothorn|92/100 par|[from] Stealth Rock
|move|p1a: Jirachi|Icy Wind|p2a: Ferrothorn
|-damage|p2a: Ferrothorn|84/100 par
|-unboost|p2a: Ferrothorn|spe|1
|
|-heal|p2a: Ferrothorn|90/100 par|[from] item: Leftovers
|upkeep
|turn|8
|
|move|p1a: Jirachi|Icy Wind|p2a: Ferrothorn
|-damage|p2a: Ferrothorn|81/100 par
|-unboost|p2a: Ferrothorn|spe|1
|cant|p2a: Ferrothorn|par
|
|-heal|p2a: Ferrothorn|88/100 par|[from] item: Leftovers
|upkeep
|turn|9
|
|switch|p1a: Breloom|Breloom, M|100/100
|-damage|p1a: Breloom|95/100|[from] Stealth Rock
|-damage|p1a: Breloom|70/100|[from] Spikes
|move|p2a: Ferrothorn|Gyro Ball|p1a: Breloom
|-damage|p1a: Breloom|4/100
|
|-heal|p2a: Ferrothorn|94/100 par|[from] item: Leftovers
|-status|p1a: Breloom|tox|[from] item: Toxic Orb
|upkeep
|turn|10
|
|move|p1a: Breloom|Drain Punch|p2a: Ferrothorn
|-supereffective|p2a: Ferrothorn
|-damage|p2a: Ferrothorn|49/100 par
|-heal|p1a: Breloom|29/100 tox|[from] drain|[of] p2a: Ferrothorn
|-damage|p1a: Breloom|17/100 tox|[from] ability: Iron Barbs|[of] p2a: Ferrothorn
|move|p2a: Ferrothorn|Gyro Ball|p1a: Breloom
|-damage|p1a: Breloom|0 fnt
|faint|p1a: Breloom
|
|-heal|p2a: Ferrothorn|55/100 par|[from] item: Leftovers
|upkeep
|
|switch|p1a: Starmie|Starmie|60/100
|-damage|p1a: Starmie|48/100|[from] Stealth Rock
|-damage|p1a: Starmie|23/100|[from] Spikes
|turn|11
|
|move|p1a: Starmie|Rapid Spin|p2a: Ferrothorn
|-resisted|p2a: Ferrothorn
|-damage|p2a: Ferrothorn|54/100 par
|-damage|p1a: Starmie|11/100|[from] ability: Iron Barbs|[of] p2a: Ferrothorn
|-sideend|p1: tjx93|Spikes|[from] move: Rapid Spin|[of] p1a: Starmie
|-sideend|p1: tjx93|Stealth Rock|[from] move: Rapid Spin|[of] p1a: Starmie
|move|p2a: Ferrothorn|Stealth Rock|p1a: Starmie
|-sidestart|p1: tjx93|move: Stealth Rock
|
|-heal|p2a: Ferrothorn|60/100 par|[from] item: Leftovers
|upkeep
|turn|12
|
|switch|p1a: Keldeo|Keldeo-Resolute|100/100
|-damage|p1a: Keldeo|94/100|[from] Stealth Rock
|cant|p2a: Ferrothorn|par
|
|-heal|p2a: Ferrothorn|67/100 par|[from] item: Leftovers
|upkeep
|turn|13
|
|switch|p2a: Toxicroak|Toxicroak, M|100/100
|-damage|p2a: Toxicroak|94/100|[from] Stealth Rock
|move|p1a: Keldeo|Secret Sword|p2a: Toxicroak
|-resisted|p2a: Toxicroak
|-damage|p2a: Toxicroak|58/100
|
|-heal|p2a: Toxicroak|64/100|[from] item: Leftovers
|upkeep
|turn|14
|
|switch|p1a: Landorus|Landorus-Therian, M|100/100
|-damage|p1a: Landorus|88/100|[from] Stealth Rock
|-ability|p1a: Landorus|Intimidate|boost
|-unboost|p2a: Toxicroak|atk|1
|move|p2a: Toxicroak|Bulk Up|p2a: Toxicroak
|-boost|p2a: Toxicroak|atk|1
|-boost|p2a: Toxicroak|def|1
|
|-heal|p2a: Toxicroak|70/100|[from] item: Leftovers
|upkeep
|turn|15
|
|switch|p2a: Ferrothorn|Ferrothorn, M|67/100 par
|-damage|p2a: Ferrothorn|60/100 par|[from] Stealth Rock
|move|p1a: Landorus|Earthquake|p2a: Ferrothorn
|-damage|p2a: Ferrothorn|18/100 par
|
|-heal|p2a: Ferrothorn|24/100 par|[from] item: Leftovers
|upkeep
|turn|16
|
|switch|p2a: Latios|Latios, M|100/100
|-damage|p2a: Latios|88/100|[from] Stealth Rock
|move|p1a: Landorus|Earthquake|p2a: Latios
|-immune|p2a: Latios|[from] ability: Levitate
|
|upkeep
|turn|17
|
|switch|p1a: Starmie|Starmie|11/100
|-damage|p1a: Starmie|0 fnt|[from] Stealth Rock
|faint|p1a: Starmie
|move|p2a: Latios|Surf|p1: Starmie|[notarget]
|-fail|p2a: Latios
|
|upkeep
|
|switch|p1a: Politoed|Politoed, M|100/100
|-damage|p1a: Politoed|88/100|[from] Stealth Rock
|-weather|RainDance|[from] ability: Drizzle|[of] p1a: Politoed
|turn|18
|
|move|p2a: Latios|Draco Meteor|p1a: Politoed
|-enditem|p2a: Latios|Dragon Gem|[from] gem
|-damage|p1a: Politoed|0 fnt
|-unboost|p2a: Latios|spa|2
|faint|p1a: Politoed
|
|-weather|RainDance|[upkeep]
|upkeep
|
|switch|p1a: Jirachi|Jirachi|100/100
|-damage|p1a: Jirachi|94/100|[from] Stealth Rock
|turn|19
|
|switch|p2a: Ferrothorn|Ferrothorn, M|24/100 par
|-damage|p2a: Ferrothorn|18/100 par|[from] Stealth Rock
|move|p1a: Jirachi|Icy Wind|p2a: Ferrothorn
|-damage|p2a: Ferrothorn|9/100 par
|-unboost|p2a: Ferrothorn|spe|1
|
|-weather|RainDance|[upkeep]
|-heal|p1a: Jirachi|100/100|[from] item: Leftovers
|-heal|p2a: Ferrothorn|15/100 par|[from] item: Leftovers
|upkeep
|turn|20
|
|move|p1a: Jirachi|Thunder|p2a: Ferrothorn
|-resisted|p2a: Ferrothorn
|-damage|p2a: Ferrothorn|6/100 par
|move|p2a: Ferrothorn|Spikes|p1a: Jirachi
|-sidestart|p1: tjx93|Spikes
|
|-weather|RainDance|[upkeep]
|-heal|p2a: Ferrothorn|13/100 par|[from] item: Leftovers
|upkeep
|turn|21
|
|move|p1a: Jirachi|Thunder|p2a: Ferrothorn
|-resisted|p2a: Ferrothorn
|-damage|p2a: Ferrothorn|3/100 par
|move|p2a: Ferrothorn|Spikes|p1a: Jirachi
|-sidestart|p1: tjx93|Spikes
|
|-weather|RainDance|[upkeep]
|-heal|p2a: Ferrothorn|10/100 par|[from] item: Leftovers
|upkeep
|turn|22
|
|move|p1a: Jirachi|Thunder|p2a: Ferrothorn
|-resisted|p2a: Ferrothorn
|-damage|p2a: Ferrothorn|1/100 par
|cant|p2a: Ferrothorn|par
|
|-weather|RainDance|[upkeep]
|-heal|p2a: Ferrothorn|8/100 par|[from] item: Leftovers
|upkeep
|turn|23
|
|move|p1a: Jirachi|Thunder|p2a: Ferrothorn
|-resisted|p2a: Ferrothorn
|-damage|p2a: Ferrothorn|0 fnt
|faint|p2a: Ferrothorn
|
|-weather|RainDance|[upkeep]
|upkeep
|
|switch|p2a: Politoed|Politoed, M, shiny|100/100
|-damage|p2a: Politoed|88/100|[from] Stealth Rock
|turn|24
|
|move|p2a: Politoed|Encore|p1a: Jirachi
|-start|p1a: Jirachi|Encore
|move|p1a: Jirachi|Thunder|p2a: Politoed
|-supereffective|p2a: Politoed
|-damage|p2a: Politoed|34/100
|
|-weather|RainDance|[upkeep]
|upkeep
|turn|25
|
|move|p2a: Politoed|Encore||[still]
|-fail|p2a: Politoed
|move|p1a: Jirachi|Thunder|p2a: Politoed
|-supereffective|p2a: Politoed
|-damage|p2a: Politoed|0 fnt
|faint|p2a: Politoed
|
|-weather|RainDance|[upkeep]
|upkeep
|
|switch|p2a: Thundurus|Thundurus-Therian, M, shiny|48/100
|-damage|p2a: Thundurus|23/100|[from] Stealth Rock
|turn|26
|
|switch|p1a: Keldeo|Keldeo-Resolute|94/100
|-damage|p1a: Keldeo|78/100|[from] Spikes
|-damage|p1a: Keldeo|71/100|[from] Stealth Rock
|move|p2a: Thundurus|Hidden Power|p1a: Keldeo
|-resisted|p1a: Keldeo
|-damage|p1a: Keldeo|56/100
|
|-weather|RainDance|[upkeep]
|-heal|p2a: Thundurus|30/100|[from] item: Leftovers
|upkeep
|turn|27
|
|switch|p2a: Toxicroak|Toxicroak, M|70/100
|-damage|p2a: Toxicroak|64/100|[from] Stealth Rock
|move|p1a: Keldeo|Secret Sword|p2a: Toxicroak
|-resisted|p2a: Toxicroak
|-damage|p2a: Toxicroak|30/100
|
|-weather|RainDance|[upkeep]
|-heal|p2a: Toxicroak|42/100|[from] ability: Dry Skin
|-heal|p2a: Toxicroak|48/100|[from] item: Leftovers
|upkeep
|turn|28
|
|switch|p1a: Landorus|Landorus-Therian, M|88/100
|-damage|p1a: Landorus|76/100|[from] Stealth Rock
|-ability|p1a: Landorus|Intimidate|boost
|-unboost|p2a: Toxicroak|atk|1
|move|p2a: Toxicroak|Substitute|p2a: Toxicroak
|-start|p2a: Toxicroak|Substitute
|-damage|p2a: Toxicroak|23/100
|
|-weather|RainDance|[upkeep]
|-heal|p2a: Toxicroak|36/100|[from] ability: Dry Skin
|-heal|p2a: Toxicroak|42/100|[from] item: Leftovers
|upkeep
|turn|29
|
|move|p1a: Landorus|Earthquake|p2a: Toxicroak
|-supereffective|p2a: Toxicroak
|-end|p2a: Toxicroak|Substitute
|move|p2a: Toxicroak|Ice Punch|p1a: Landorus
|-supereffective|p1a: Landorus
|-damage|p1a: Landorus|17/100
|
|-weather|RainDance|[upkeep]
|-heal|p2a: Toxicroak|55/100|[from] ability: Dry Skin
|-heal|p2a: Toxicroak|61/100|[from] item: Leftovers
|upkeep
|turn|30
|
|switch|p1a: Jirachi|Jirachi|100/100
|-damage|p1a: Jirachi|94/100|[from] Stealth Rock
|-damage|p1a: Jirachi|78/100|[from] Spikes
|switch|p2a: Latios|Latios, M|88/100
|-damage|p2a: Latios|76/100|[from] Stealth Rock
|
|-weather|RainDance|[upkeep]
|-heal|p1a: Jirachi|84/100|[from] item: Leftovers
|upkeep
|turn|31
|
|move|p2a: Latios|Calm Mind|p2a: Latios
|-boost|p2a: Latios|spa|1
|-boost|p2a: Latios|spd|1
|move|p1a: Jirachi|Icy Wind|p2a: Latios
|-supereffective|p2a: Latios
|-damage|p2a: Latios|57/100
|-unboost|p2a: Latios|spe|1
|
|-weather|RainDance|[upkeep]
|-heal|p1a: Jirachi|90/100|[from] item: Leftovers
|upkeep
|turn|32
|
|move|p2a: Latios|Recover|p2a: Latios
|-heal|p2a: Latios|100/100
|move|p1a: Jirachi|Iron Head|p2a: Latios
|-damage|p2a: Latios|62/100
|
|-weather|RainDance|[upkeep]
|-heal|p1a: Jirachi|96/100|[from] item: Leftovers
|upkeep
|turn|33
|
|move|p2a: Latios|Surf|p1a: Jirachi
|-damage|p1a: Jirachi|51/100
|move|p1a: Jirachi|Icy Wind|p2a: Latios
|-supereffective|p2a: Latios
|-damage|p2a: Latios|45/100
|-unboost|p2a: Latios|spe|1
|
|-weather|RainDance|[upkeep]
|-heal|p1a: Jirachi|57/100|[from] item: Leftovers
|upkeep
|turn|34
|
|move|p1a: Jirachi|Iron Head|p2a: Latios
|-damage|p2a: Latios|8/100
|move|p2a: Latios|Surf|p1a: Jirachi
|-damage|p1a: Jirachi|10/100
|
|-weather|RainDance|[upkeep]
|-heal|p1a: Jirachi|16/100|[from] item: Leftovers
|upkeep
|turn|35
|
|move|p1a: Jirachi|Iron Head|p2a: Latios
|-damage|p2a: Latios|0 fnt
|faint|p2a: Latios
|
|-weather|RainDance|[upkeep]
|-heal|p1a: Jirachi|22/100|[from] item: Leftovers
|upkeep
|
|switch|p2a: Thundurus|Thundurus-Therian, M, shiny|30/100
|-damage|p2a: Thundurus|5/100|[from] Stealth Rock
|turn|36
|
|move|p2a: Thundurus|Thunder|p1a: Jirachi
|-damage|p1a: Jirachi|0 fnt
|faint|p1a: Jirachi
|
|-weather|RainDance|[upkeep]
|-heal|p2a: Thundurus|11/100|[from] item: Leftovers
|upkeep
|
|switch|p1a: Keldeo|Keldeo-Resolute|56/100
|-damage|p1a: Keldeo|40/100|[from] Spikes
|-damage|p1a: Keldeo|34/100|[from] Stealth Rock
|turn|37
|
|move|p1a: Keldeo|Secret Sword|p2a: Thundurus
|-resisted|p2a: Thundurus
|-damage|p2a: Thundurus|0 fnt
|faint|p2a: Thundurus
|
|-weather|RainDance|[upkeep]
|upkeep
|
|switch|p2a: Toxicroak|Toxicroak, M|61/100
|-damage|p2a: Toxicroak|55/100|[from] Stealth Rock
|turn|38
|
|move|p1a: Keldeo|Secret Sword|p2a: Toxicroak
|-resisted|p2a: Toxicroak
|-damage|p2a: Toxicroak|18/100
|move|p2a: Toxicroak|Bulk Up|p2a: Toxicroak
|-boost|p2a: Toxicroak|atk|1
|-boost|p2a: Toxicroak|def|1
|
|-weather|RainDance|[upkeep]
|-heal|p2a: Toxicroak|30/100|[from] ability: Dry Skin
|-heal|p2a: Toxicroak|37/100|[from] item: Leftovers
|upkeep
|turn|39
|
|move|p1a: Keldeo|Secret Sword|p2a: Toxicroak
|-resisted|p2a: Toxicroak
|-damage|p2a: Toxicroak|13/100
|move|p2a: Toxicroak|Bulk Up|p2a: Toxicroak
|-boost|p2a: Toxicroak|atk|1
|-boost|p2a: Toxicroak|def|1
|
|-weather|RainDance|[upkeep]
|-heal|p2a: Toxicroak|25/100|[from] ability: Dry Skin
|-heal|p2a: Toxicroak|32/100|[from] item: Leftovers
|upkeep
|turn|40
|
|switch|p1a: Landorus|Landorus-Therian, M|17/100
|-damage|p1a: Landorus|4/100|[from] Stealth Rock
|-ability|p1a: Landorus|Intimidate|boost
|-unboost|p2a: Toxicroak|atk|1
|move|p2a: Toxicroak|Bulk Up|p2a: Toxicroak
|-boost|p2a: Toxicroak|atk|1
|-boost|p2a: Toxicroak|def|1
|
|-weather|RainDance|[upkeep]
|-heal|p2a: Toxicroak|44/100|[from] ability: Dry Skin
|-heal|p2a: Toxicroak|50/100|[from] item: Leftovers
|upkeep
|turn|41
|
|move|p1a: Landorus|Earthquake|p2a: Toxicroak
|-supereffective|p2a: Toxicroak
|-crit|p2a: Toxicroak
|-damage|p2a: Toxicroak|0 fnt
|faint|p2a: Toxicroak
|
|win|tjx93
|raw|tjx93's rating: 1492 &rarr; <strong>1505</strong><br />(+13 for winning)
|raw|Rampagewebber's rating: 1375 &rarr; <strong>1362</strong><br />(-13 for losing)
