|j|☆seanb143
|j|☆vvariants
|t:|1705174765
|gametype|singles
|player|p1|seanb143|emmet|1391
|player|p2|vvariants|lyra|1356
|teamsize|p1|6
|teamsize|p2|6
|gen|5
|tier|[Gen 5] OU
|rated|
|rule|Species Clause: Limit one of each Pokémon
|rule|OHKO Clause: OHKO moves are banned
|rule|Moody Clause: Moody is banned
|rule|Evasion Items Clause: Evasion items are banned
|rule|Evasion Moves Clause: Evasion moves are banned
|rule|Endless Battle Clause: Forcing endless battles is banned
|rule|HP Percentage Mod: HP is shown in percentages
|rule|Evasion Abilities Clause: Evasion abilities are banned
|rule|Sleep Moves Clause: Sleep-inducing moves are banned
|rule|Swagger Clause: Swagger is banned
|rule|Baton Pass Stat Clause: No Baton Passer may have a way to boost its stats
|clearpoke
|poke|p1|Forretress, M|item
|poke|p1|Dragonite, M|item
|poke|p1|Conkeldurr, F|item
|poke|p1|Blissey, F|item
|poke|p1|Jellicent, F|item
|poke|p1|Ninetales, F|item
|poke|p2|Tyranitar, F|item
|poke|p2|Landorus-Therian, M|item
|poke|p2|Garchomp, F|item
|poke|p2|Jirachi|item
|poke|p2|Latios, M|item
|poke|p2|Rotom-Wash|item
|teampreview
|inactive|Battle timer is ON: inactive players will automatically lose when time's up. (requested by vvariants)
|inactive|seanb143 also wants the timer to be on.
|
|t:|1705174785
|start
|switch|p1a: Conkeldurr|Conkeldurr, F, shiny|100/100
|switch|p2a: Tyranitar|Tyranitar, F|100/100
|-weather|Sandstorm|[from] ability: Sand Stream|[of] p2a: Tyranitar
|turn|1
|
|t:|1705174793
|switch|p2a: Jirachi|Jirachi|100/100
|move|p1a: Conkeldurr|Ice Punch|p2a: Jirachi
|-resisted|p2a: Jirachi
|-damage|p2a: Jirachi|84/100
|
|-weather|Sandstorm|[upkeep]
|-damage|p1a: Conkeldurr|94/100|[from] Sandstorm
|-status|p1a: Conkeldurr|brn|[from] item: Flame Orb
|upkeep
|turn|2
|
|t:|1705174800
|switch|p1a: Blissey|Blissey, F, shiny|100/100
|move|p2a: Jirachi|Iron Head|p1a: Blissey
|-damage|p1a: Blissey|71/100
|
|-weather|Sandstorm|[upkeep]
|-damage|p1a: Blissey|65/100|[from] Sandstorm
|-heal|p1a: Blissey|71/100|[from] item: Leftovers
|upkeep
|turn|3
|
|t:|1705174804
|switch|p1a: Forretress|Forretress, M, shiny|100/100
|move|p2a: Jirachi|Iron Head|p1a: Forretress
|-resisted|p1a: Forretress
|-damage|p1a: Forretress|90/100
|
|-weather|Sandstorm|[upkeep]
|-heal|p1a: Forretress|97/100|[from] item: Leftovers
|upkeep
|turn|4
|
|t:|1705174806
|move|p2a: Jirachi|Fire Punch|p1a: Forretress
|-supereffective|p1a: Forretress
|-damage|p1a: Forretress|41/100
|move|p1a: Forretress|Volt Switch|p2a: Jirachi
|-damage|p2a: Jirachi|75/100
|
|t:|1705174809
|switch|p1a: Ninetales|Ninetales, F, shiny|100/100|[from] Volt Switch
|-weather|SunnyDay|[from] ability: Drought|[of] p1a: Ninetales
|
|-weather|SunnyDay|[upkeep]
|upkeep
|turn|5
|
|t:|1705174813
|switch|p2a: Tyranitar|Tyranitar, F|100/100
|-weather|Sandstorm|[from] ability: Sand Stream|[of] p2a: Tyranitar
|move|p1a: Ninetales|Flamethrower|p2a: Tyranitar
|-resisted|p2a: Tyranitar
|-crit|p2a: Tyranitar
|-damage|p2a: Tyranitar|82/100
|
|-weather|Sandstorm|[upkeep]
|-damage|p1a: Ninetales|95/100|[from] Sandstorm
|upkeep
|turn|6
|
|t:|1705174818
|-activate|p1a: Ninetales|move: Pursuit
|move|p2a: Tyranitar|Pursuit|p1a: Ninetales|[from]Pursuit
|-damage|p1a: Ninetales|31/100
|switch|p1a: Forretress|Forretress, M, shiny|41/100
|
|-weather|Sandstorm|[upkeep]
|-heal|p1a: Forretress|47/100|[from] item: Leftovers
|upkeep
|turn|7
|
|t:|1705174821
|move|p2a: Tyranitar|Fire Blast|p1a: Forretress
|-supereffective|p1a: Forretress
|-damage|p1a: Forretress|0 fnt
|faint|p1a: Forretress
|
|-weather|Sandstorm|[upkeep]
|upkeep
|
|t:|1705174823
|switch|p1a: Conkeldurr|Conkeldurr, F, shiny|94/100 brn
|turn|8
|
|t:|1705174825
|switch|p2a: Jirachi|Jirachi|75/100
|move|p1a: Conkeldurr|Drain Punch|p2a: Jirachi
|-damage|p2a: Jirachi|0 fnt
|-heal|p1a: Conkeldurr|100/100 brn|[from] drain|[of] p2a: Jirachi
|faint|p2a: Jirachi
|
|-weather|Sandstorm|[upkeep]
|-damage|p1a: Conkeldurr|94/100 brn|[from] Sandstorm
|-damage|p1a: Conkeldurr|82/100 brn|[from] brn
|upkeep
|
|t:|1705174828
|switch|p2a: Latios|Latios, M|100/100
|turn|9
|
|t:|1705174831
|switch|p1a: Blissey|Blissey, F, shiny|71/100
|move|p2a: Latios|Draco Meteor|p1a: Blissey|[miss]
|-miss|p2a: Latios|p1a: Blissey
|
|-weather|Sandstorm|[upkeep]
|-damage|p2a: Latios|95/100|[from] Sandstorm
|-damage|p1a: Blissey|65/100|[from] Sandstorm
|-heal|p1a: Blissey|71/100|[from] item: Leftovers
|upkeep
|turn|10
|
|t:|1705174835
|switch|p2a: Landorus|Landorus-Therian, M|100/100
|-ability|p2a: Landorus|Intimidate|boost
|-unboost|p1a: Blissey|atk|1
|move|p1a: Blissey|Stealth Rock|p2a: Landorus
|-sidestart|p2: vvariants|move: Stealth Rock
|
|-weather|Sandstorm|[upkeep]
|-damage|p1a: Blissey|65/100|[from] Sandstorm
|-heal|p1a: Blissey|71/100|[from] item: Leftovers
|upkeep
|turn|11
|
|t:|1705174838
|move|p2a: Landorus|U-turn|p1a: Blissey
|-damage|p1a: Blissey|50/100
|
|t:|1705174840
|switch|p2a: Garchomp|Garchomp, F|100/100|[from] U-turn
|-damage|p2a: Garchomp|94/100|[from] Stealth Rock
|move|p1a: Blissey|Toxic|p2a: Garchomp
|-status|p2a: Garchomp|tox
|
|-weather|Sandstorm|[upkeep]
|-damage|p1a: Blissey|43/100|[from] Sandstorm
|-heal|p1a: Blissey|50/100|[from] item: Leftovers
|-damage|p2a: Garchomp|88/100 tox|[from] psn
|upkeep
|turn|12
|
|t:|1705174849
|move|p2a: Garchomp|Stealth Rock|p1a: Blissey
|-sidestart|p1: seanb143|move: Stealth Rock
|move|p1a: Blissey|Healing Wish|p1a: Blissey
|faint|p1a: Blissey
|
|-weather|Sandstorm|[upkeep]
|-damage|p2a: Garchomp|76/100 tox|[from] psn
|upkeep
|
|t:|1705174856
|switch|p1a: Ninetales|Ninetales, F, shiny|31/100
|-heal|p1a: Ninetales|100/100|[from] move: Healing Wish
|-damage|p1a: Ninetales|76/100|[from] Stealth Rock
|-weather|SunnyDay|[from] ability: Drought|[of] p1a: Ninetales
|turn|13
|
|t:|1705174860
|switch|p1a: Dragonite|Dragonite, M, shiny|100/100
|-damage|p1a: Dragonite|76/100|[from] Stealth Rock
|move|p2a: Garchomp|Earthquake|p1a: Dragonite
|-immune|p1a: Dragonite
|
|-weather|SunnyDay|[upkeep]
|-damage|p2a: Garchomp|57/100 tox|[from] psn
|upkeep
|turn|14
|
|t:|1705174864
|move|p1a: Dragonite|Extreme Speed|p2a: Garchomp
|-damage|p2a: Garchomp|6/100 tox
|-damage|p1a: Dragonite|63/100|[from] ability: Rough Skin|[of] p2a: Garchomp
|move|p2a: Garchomp|Draco Meteor|p1a: Dragonite
|-supereffective|p1a: Dragonite
|-damage|p1a: Dragonite|0 fnt
|-unboost|p2a: Garchomp|spa|2
|faint|p1a: Dragonite
|-damage|p2a: Garchomp|0 fnt|[from] item: Life Orb
|faint|p2a: Garchomp
|
|-weather|SunnyDay|[upkeep]
|upkeep
|
|t:|1705174873
|switch|p2a: Latios|Latios, M|95/100
|switch|p1a: Conkeldurr|Conkeldurr, F, shiny|82/100 brn
|-damage|p2a: Latios|82/100|[from] Stealth Rock
|-damage|p1a: Conkeldurr|76/100 brn|[from] Stealth Rock
|turn|15
|
|t:|1705174876
|move|p2a: Latios|Draco Meteor|p1a: Conkeldurr
|-crit|p1a: Conkeldurr
|-damage|p1a: Conkeldurr|0 fnt
|-unboost|p2a: Latios|spa|2
|faint|p1a: Conkeldurr
|
|-weather|SunnyDay|[upkeep]
|upkeep
|
|t:|1705174880
|switch|p1a: Jellicent|Jellicent, F, shiny|100/100
|-damage|p1a: Jellicent|88/100|[from] Stealth Rock
|turn|16
|
|t:|1705174882
|switch|p2a: Tyranitar|Tyranitar, F|82/100
|-damage|p2a: Tyranitar|69/100|[from] Stealth Rock
|-weather|Sandstorm|[from] ability: Sand Stream|[of] p2a: Tyranitar
|move|p1a: Jellicent|Will-O-Wisp|p2a: Tyranitar
|-status|p2a: Tyranitar|brn
|
|-weather|Sandstorm|[upkeep]
|-damage|p1a: Jellicent|82/100|[from] Sandstorm
|-heal|p1a: Jellicent|88/100|[from] item: Leftovers
|-damage|p2a: Tyranitar|57/100 brn|[from] brn
|upkeep
|turn|17
|
|t:|1705174884
|move|p1a: Jellicent|Taunt|p2a: Tyranitar
|-start|p2a: Tyranitar|move: Taunt
|move|p2a: Tyranitar|Crunch|p1a: Jellicent
|-supereffective|p1a: Jellicent
|-damage|p1a: Jellicent|45/100
|
|-weather|Sandstorm|[upkeep]
|-damage|p1a: Jellicent|39/100|[from] Sandstorm
|-heal|p1a: Jellicent|45/100|[from] item: Leftovers
|-damage|p2a: Tyranitar|44/100 brn|[from] brn
|upkeep
|turn|18
|
|t:|1705174887
|move|p1a: Jellicent|Recover|p1a: Jellicent
|-heal|p1a: Jellicent|96/100
|move|p2a: Tyranitar|Crunch|p1a: Jellicent
|-supereffective|p1a: Jellicent
|-damage|p1a: Jellicent|54/100
|
|-weather|Sandstorm|[upkeep]
|-damage|p1a: Jellicent|48/100|[from] Sandstorm
|-heal|p1a: Jellicent|54/100|[from] item: Leftovers
|-damage|p2a: Tyranitar|32/100 brn|[from] brn
|upkeep
|turn|19
|
|t:|1705174890
|move|p1a: Jellicent|Recover|p1a: Jellicent
|-heal|p1a: Jellicent|100/100
|move|p2a: Tyranitar|Crunch|p1a: Jellicent
|-supereffective|p1a: Jellicent
|-damage|p1a: Jellicent|58/100
|
|-weather|Sandstorm|[upkeep]
|-damage|p1a: Jellicent|52/100|[from] Sandstorm
|-heal|p1a: Jellicent|58/100|[from] item: Leftovers
|-damage|p2a: Tyranitar|20/100 brn|[from] brn
|-end|p2a: Tyranitar|move: Taunt
|upkeep
|turn|20
|
|t:|1705174892
|move|p1a: Jellicent|Night Shade|p2a: Tyranitar
|-damage|p2a: Tyranitar|0 fnt
|faint|p2a: Tyranitar
|
|-weather|Sandstorm|[upkeep]
|-damage|p1a: Jellicent|52/100|[from] Sandstorm
|-heal|p1a: Jellicent|58/100|[from] item: Leftovers
|upkeep
|
|t:|1705174893
|switch|p2a: Rotom|Rotom-Wash|100/100
|-damage|p2a: Rotom|88/100|[from] Stealth Rock
|turn|21
|
|t:|1705174896
|move|p2a: Rotom|Volt Switch|p1a: Jellicent
|-supereffective|p1a: Jellicent
|-damage|p1a: Jellicent|1/100
|
|t:|1705174900
|switch|p2a: Landorus|Landorus-Therian, M|100/100|[from] Volt Switch
|-damage|p2a: Landorus|88/100|[from] Stealth Rock
|-ability|p2a: Landorus|Intimidate|boost
|-unboost|p1a: Jellicent|atk|1
|move|p1a: Jellicent|Will-O-Wisp|p2a: Landorus
|-status|p2a: Landorus|brn
|
|-weather|Sandstorm|[upkeep]
|-damage|p1a: Jellicent|0 fnt|[from] Sandstorm
|faint|p1a: Jellicent
|-damage|p2a: Landorus|76/100 brn|[from] brn
|upkeep
|
|t:|1705174903
|switch|p1a: Ninetales|Ninetales, F, shiny|76/100
|-damage|p1a: Ninetales|51/100|[from] Stealth Rock
|-weather|SunnyDay|[from] ability: Drought|[of] p1a: Ninetales
|turn|22
|
|t:|1705174905
|move|p2a: Landorus|Earthquake|p1a: Ninetales
|-supereffective|p1a: Ninetales
|-damage|p1a: Ninetales|0 fnt
|faint|p1a: Ninetales
|
|win|vvariants
|raw|seanb143's rating: 1391 &rarr; <strong>1369</strong><br />(-22 for losing)
|raw|vvariants's rating: 1356 &rarr; <strong>1378</strong><br />(+22 for winning)
