|j|☆anglemort33
|j|☆jurgen20x
|t:|1728247818
|gametype|singles
|player|p1|anglemort33|265|1305
|player|p2|jurgen20x|norman|1379
|teamsize|p1|6
|teamsize|p2|6
|gen|5
|tier|[Gen 5] OU
|rated|
|rule|Species Clause: Limit one of each Pokémon
|rule|OHKO Clause: OHKO moves are banned
|rule|Moody Clause: Moody is banned
|rule|Evasion Items Clause: Evasion items are banned
|rule|Evasion Moves Clause: Evasion moves are banned
|rule|Endless Battle Clause: Forcing endless battles is banned
|rule|HP Percentage Mod: HP is shown in percentages
|rule|Evasion Abilities Clause: Evasion abilities are banned
|rule|Sleep Moves Clause: Sleep-inducing moves are banned
|rule|Swagger Clause: Swagger is banned
|rule|Baton Pass Stat Clause: No Baton Passer may have a way to boost its stats
|clearpoke
|poke|p1|Tyranitar, M|item
|poke|p1|Skarmory, F|item
|poke|p1|Jellicent, F|item
|poke|p1|Latios, M|item
|poke|p1|Alakazam, F|item
|poke|p1|Gliscor, M|item
|poke|p2|Starmie|item
|poke|p2|Scizor, M|item
|poke|p2|Landorus-Therian, M|item
|poke|p2|Chansey, F|item
|poke|p2|Latios, M|item
|poke|p2|Breloom, F|item
|teampreview
|inactive|Battle timer is ON: inactive players will automatically lose when time's up. (requested by jurgen20x)
|
|t:|1728247847
|start
|switch|p1a: Tyranitar|Tyranitar, M|100/100
|switch|p2a: Landorus|Landorus-Therian, M, shiny|100/100
|-ability|p2a: Landorus|Intimidate|boost
|-unboost|p1a: Tyranitar|atk|1
|-weather|Sandstorm|[from] ability: Sand Stream|[of] p1a: Tyranitar
|turn|1
|
|t:|1728247868
|switch|p1a: Skarmory|Skarmory, F|100/100
|move|p2a: Landorus|Earthquake|p1a: Skarmory
|-immune|p1a: Skarmory
|
|-weather|Sandstorm|[upkeep]
|upkeep
|turn|2
|
|t:|1728247879
|move|p2a: Landorus|Stealth Rock|p1a: Skarmory
|-sidestart|p1: anglemort33|move: Stealth Rock
|move|p1a: Skarmory|Spikes|p2a: Landorus
|-sidestart|p2: jurgen20x|Spikes
|
|-weather|Sandstorm|[upkeep]
|upkeep
|turn|3
|
|t:|1728247906
|switch|p2a: Starmie|Starmie|100/100
|-item|p2a: Starmie|Air Balloon
|move|p1a: Skarmory|Whirlwind|p2a: Starmie
|drag|p2a: Latios|Latios, M, shiny|100/100
|
|-weather|Sandstorm|[upkeep]
|-damage|p2a: Latios|95/100|[from] Sandstorm
|-heal|p2a: Latios|100/100|[from] item: Leftovers
|upkeep
|turn|4
|inactive|anglemort33 has 120 seconds left.
|
|t:|1728247934
|switch|p1a: Tyranitar|Tyranitar, M|100/100
|-damage|p1a: Tyranitar|88/100|[from] Stealth Rock
|move|p2a: Latios|Ice Beam|p1a: Tyranitar
|-damage|p1a: Tyranitar|74/100
|
|-weather|Sandstorm|[upkeep]
|-damage|p2a: Latios|95/100|[from] Sandstorm
|-heal|p2a: Latios|100/100|[from] item: Leftovers
|upkeep
|turn|5
|inactive|anglemort33 has 120 seconds left.
|
|t:|1728247948
|-activate|p2a: Latios|move: Pursuit
|move|p1a: Tyranitar|Pursuit|p2a: Latios|[from]Pursuit
|-supereffective|p2a: Latios
|-damage|p2a: Latios|0 fnt
|faint|p2a: Latios
|-hint|A Pokemon can't switch between when it runs out of HP and when it faints
|
|-weather|Sandstorm|[upkeep]
|upkeep
|
|t:|1728247955
|switch|p2a: Landorus|Landorus-Therian, M, shiny|100/100
|-ability|p2a: Landorus|Intimidate|boost
|-unboost|p1a: Tyranitar|atk|1
|turn|6
|inactive|anglemort33 has 120 seconds left.
|
|t:|1728247977
|switch|p1a: Skarmory|Skarmory, F|100/100
|-damage|p1a: Skarmory|88/100|[from] Stealth Rock
|move|p2a: Landorus|U-turn|p1a: Skarmory
|-resisted|p1a: Skarmory
|-damage|p1a: Skarmory|84/100
|inactive|jurgen20x has 120 seconds left.
|
|t:|1728248018
|switch|p2a: Starmie|Starmie|100/100|[from] U-turn
|-item|p2a: Starmie|Air Balloon
|
|-weather|Sandstorm|[upkeep]
|-damage|p2a: Starmie|94/100|[from] Sandstorm
|-heal|p1a: Skarmory|90/100|[from] item: Leftovers
|upkeep
|turn|7
|inactive|anglemort33 has 120 seconds left.
|
|t:|1728248030
|switch|p1a: Jellicent|Jellicent, F|100/100
|-damage|p1a: Jellicent|88/100|[from] Stealth Rock
|move|p2a: Starmie|Hydro Pump|p1a: Jellicent
|-heal|p1a: Jellicent|100/100|[from] ability: Water Absorb|[of] p2a: Starmie
|
|-weather|Sandstorm|[upkeep]
|-damage|p2a: Starmie|88/100|[from] Sandstorm
|-damage|p1a: Jellicent|94/100|[from] Sandstorm
|-heal|p1a: Jellicent|100/100|[from] item: Leftovers
|upkeep
|turn|8
|inactive|anglemort33 has 120 seconds left.
|
|t:|1728248044
|switch|p2a: Breloom|Breloom, F|100/100
|-damage|p2a: Breloom|88/100|[from] Spikes
|move|p1a: Jellicent|Night Shade|p2a: Breloom
|-damage|p2a: Breloom|50/100
|
|-weather|Sandstorm|[upkeep]
|-damage|p2a: Breloom|44/100|[from] Sandstorm
|-damage|p1a: Jellicent|94/100|[from] Sandstorm
|-heal|p1a: Jellicent|100/100|[from] item: Leftovers
|upkeep
|turn|9
|inactive|anglemort33 has 120 seconds left.
|
|t:|1728248067
|switch|p1a: Skarmory|Skarmory, F|90/100
|-damage|p1a: Skarmory|78/100|[from] Stealth Rock
|move|p2a: Breloom|Bullet Seed|p1a: Skarmory
|-resisted|p1a: Skarmory
|-damage|p1a: Skarmory|73/100
|-resisted|p1a: Skarmory
|-damage|p1a: Skarmory|68/100
|-resisted|p1a: Skarmory
|-damage|p1a: Skarmory|62/100
|-resisted|p1a: Skarmory
|-damage|p1a: Skarmory|57/100
|-hitcount|p1a: Skarmory|4
|-damage|p2a: Breloom|34/100|[from] item: Life Orb
|
|-weather|Sandstorm|[upkeep]
|-damage|p2a: Breloom|28/100|[from] Sandstorm
|-heal|p1a: Skarmory|63/100|[from] item: Leftovers
|upkeep
|turn|10
|
|t:|1728248091
|move|p2a: Breloom|Low Sweep|p1a: Skarmory
|-damage|p1a: Skarmory|17/100
|-unboost|p1a: Skarmory|spe|1
|-damage|p2a: Breloom|18/100|[from] item: Life Orb
|move|p1a: Skarmory|Roost|p1a: Skarmory
|-heal|p1a: Skarmory|67/100
|-singleturn|p1a: Skarmory|move: Roost
|
|-weather|Sandstorm|[upkeep]
|-damage|p2a: Breloom|12/100|[from] Sandstorm
|-heal|p1a: Skarmory|73/100|[from] item: Leftovers
|upkeep
|turn|11
|
|t:|1728248103
|move|p2a: Breloom|Low Sweep|p1a: Skarmory
|-damage|p1a: Skarmory|23/100
|-unboost|p1a: Skarmory|spe|1
|-damage|p2a: Breloom|2/100|[from] item: Life Orb
|move|p1a: Skarmory|Roost|p1a: Skarmory
|-heal|p1a: Skarmory|73/100
|-singleturn|p1a: Skarmory|move: Roost
|
|-weather|Sandstorm|[upkeep]
|-damage|p2a: Breloom|0 fnt|[from] Sandstorm
|faint|p2a: Breloom
|-heal|p1a: Skarmory|79/100|[from] item: Leftovers
|upkeep
|
|t:|1728248118
|switch|p2a: Starmie|Starmie|88/100
|-item|p2a: Starmie|Air Balloon
|turn|12
|
|t:|1728248125
|switch|p1a: Jellicent|Jellicent, F|100/100
|-damage|p1a: Jellicent|88/100|[from] Stealth Rock
|move|p2a: Starmie|Thunderbolt|p1a: Jellicent
|-supereffective|p1a: Jellicent
|-damage|p1a: Jellicent|28/100
|
|-weather|Sandstorm|[upkeep]
|-damage|p2a: Starmie|82/100|[from] Sandstorm
|-damage|p1a: Jellicent|21/100|[from] Sandstorm
|-heal|p1a: Jellicent|28/100|[from] item: Leftovers
|upkeep
|turn|13
|inactive|anglemort33 has 120 seconds left.
|
|t:|1728248147
|move|p2a: Starmie|Thunderbolt|p1a: Jellicent
|-supereffective|p1a: Jellicent
|-damage|p1a: Jellicent|0 fnt
|faint|p1a: Jellicent
|
|-weather|Sandstorm|[upkeep]
|-damage|p2a: Starmie|76/100|[from] Sandstorm
|upkeep
|
|t:|1728248149
|switch|p1a: Tyranitar|Tyranitar, M|74/100
|-damage|p1a: Tyranitar|61/100|[from] Stealth Rock
|turn|14
|inactive|jurgen20x has 120 seconds left.
|
|t:|1728248157
|move|p2a: Starmie|Hydro Pump|p1a: Tyranitar|[miss]
|-miss|p2a: Starmie|p1a: Tyranitar
|move|p1a: Tyranitar|Pursuit|p2a: Starmie
|-supereffective|p2a: Starmie
|-damage|p2a: Starmie|9/100
|-enditem|p2a: Starmie|Air Balloon
|
|-weather|Sandstorm|[upkeep]
|-damage|p2a: Starmie|3/100|[from] Sandstorm
|upkeep
|turn|15
|inactive|anglemort33 has 120 seconds left.
|
|t:|1728248175
|move|p2a: Starmie|Hydro Pump|p1a: Tyranitar
|-supereffective|p1a: Tyranitar
|-damage|p1a: Tyranitar|12/100
|move|p1a: Tyranitar|Pursuit|p2a: Starmie
|-supereffective|p2a: Starmie
|-damage|p2a: Starmie|0 fnt
|faint|p2a: Starmie
|
|-weather|Sandstorm|[upkeep]
|upkeep
|inactive|jurgen20x has 120 seconds left.
|-message|jurgen20x forfeited.
|
|win|anglemort33
|raw|anglemort33's rating: 1305 &rarr; <strong>1329</strong><br />(+24 for winning)
|raw|jurgen20x's rating: 1379 &rarr; <strong>1355</strong><br />(-24 for losing)
|l|☆jurgen20x
|player|p2|
