|j|☆bw lordd moonman
|j|☆NothingUsually
|t:|1707931564
|gametype|singles
|player|p1|bw lordd moonman|melony|1511
|player|p2|NothingUsually|1|1319
|teamsize|p1|6
|teamsize|p2|6
|gen|5
|tier|[Gen 5] OU
|rated|
|rule|Species Clause: Limit one of each Pokémon
|rule|OHKO Clause: OHKO moves are banned
|rule|Moody Clause: Moody is banned
|rule|Evasion Items Clause: Evasion items are banned
|rule|Evasion Moves Clause: Evasion moves are banned
|rule|Endless Battle Clause: Forcing endless battles is banned
|rule|HP Percentage Mod: HP is shown in percentages
|rule|Evasion Abilities Clause: Evasion abilities are banned
|rule|Sleep Moves Clause: Sleep-inducing moves are banned
|rule|Swagger Clause: Swagger is banned
|rule|Baton Pass Stat Clause: No Baton Passer may have a way to boost its stats
|clearpoke
|poke|p1|Latios, M|item
|poke|p1|Froslass, F|item
|poke|p1|Jirachi|item
|poke|p1|Garchomp, F|item
|poke|p1|Alakazam, M|item
|poke|p1|Lucario, M|item
|poke|p2|Archeops, M|item
|poke|p2|Garchomp, F|item
|poke|p2|Jellicent, F|item
|poke|p2|Excadrill, F|item
|poke|p2|Volcarona, F|item
|poke|p2|Sceptile, M|item
|teampreview
|
|t:|1707931572
|start
|switch|p1a: Froslass|Froslass, F|100/100
|switch|p2a: Archeops|Archeops, M|100/100
|turn|1
|
|t:|1707931586
|move|p2a: Archeops|Stealth Rock|p1a: Froslass
|-sidestart|p1: bw lordd moonman|move: Stealth Rock
|move|p1a: Froslass|Spikes|p2a: Archeops
|-sidestart|p2: NothingUsually|Spikes
|
|upkeep
|turn|2
|
|t:|1707931591
|move|p2a: Archeops|Stone Edge|p1a: Froslass|[miss]
|-miss|p2a: Archeops|p1a: Froslass
|move|p1a: Froslass|Spikes|p2a: Archeops
|-sidestart|p2: NothingUsually|Spikes
|
|upkeep
|turn|3
|
|t:|1707931596
|move|p1a: Froslass|Spikes|p2a: Archeops
|-sidestart|p2: NothingUsually|Spikes
|move|p2a: Archeops|Stone Edge|p1a: Froslass
|-supereffective|p1a: Froslass
|-enditem|p1a: Froslass|Focus Sash
|-damage|p1a: Froslass|1/100
|-start|p2a: Archeops|Disable|Stone Edge|[from] ability: Cursed Body|[of] p1a: Froslass
|
|upkeep
|turn|4
|
|t:|1707931614
|switch|p2a: Excadrill|Excadrill, F|100/100
|-damage|p2a: Excadrill|75/100|[from] Spikes
|-ability|p2a: Excadrill|Mold Breaker
|move|p1a: Froslass|Destiny Bond|p1a: Froslass
|-singlemove|p1a: Froslass|Destiny Bond
|
|upkeep
|turn|5
|
|t:|1707931629
|move|p1a: Froslass|Destiny Bond|p1a: Froslass
|-singlemove|p1a: Froslass|Destiny Bond
|move|p2a: Excadrill|Rapid Spin|p1a: Froslass
|-immune|p1a: Froslass
|
|upkeep
|turn|6
|
|t:|1707931637
|switch|p2a: Jellicent|Jellicent, F|100/100
|-damage|p2a: Jellicent|75/100|[from] Spikes
|move|p1a: Froslass|Icy Wind|p2a: Jellicent
|-resisted|p2a: Jellicent
|-crit|p2a: Jellicent
|-damage|p2a: Jellicent|63/100
|-unboost|p2a: Jellicent|spe|1
|-start|p1a: Froslass|Disable|Icy Wind|[from] ability: Cursed Body|[of] p2a: Jellicent
|
|-heal|p2a: Jellicent|69/100|[from] item: Leftovers
|upkeep
|turn|7
|
|t:|1707931648
|move|p1a: Froslass|Destiny Bond|p1a: Froslass
|-singlemove|p1a: Froslass|Destiny Bond
|move|p2a: Jellicent|Taunt|p1a: Froslass
|-start|p1a: Froslass|move: Taunt
|
|-heal|p2a: Jellicent|75/100|[from] item: Leftovers
|upkeep
|turn|8
|
|t:|1707931670
|-activate|p1a: Froslass|move: Struggle
|move|p1a: Froslass|Struggle|p2a: Jellicent
|-damage|p2a: Jellicent|70/100
|-damage|p1a: Froslass|0 fnt|[from] recoil
|faint|p1a: Froslass
|move|p2a: Jellicent|Shadow Ball|p1: Froslass|[notarget]
|-fail|p2a: Jellicent
|
|-heal|p2a: Jellicent|76/100|[from] item: Leftovers
|upkeep
|
|t:|1707931702
|switch|p1a: Lucario|Lucario, M|100/100
|-damage|p1a: Lucario|98/100|[from] Stealth Rock
|turn|9
|
|t:|1707931706
|move|p1a: Lucario|Nasty Plot|p1a: Lucario
|-boost|p1a: Lucario|spa|2
|move|p2a: Jellicent|Scald|p1a: Lucario
|-damage|p1a: Lucario|63/100
|
|-heal|p2a: Jellicent|82/100|[from] item: Leftovers
|upkeep
|turn|10
|
|t:|1707931722
|move|p1a: Lucario|Dark Pulse|p2a: Jellicent
|-supereffective|p2a: Jellicent
|-damage|p2a: Jellicent|0 fnt
|faint|p2a: Jellicent
|-damage|p1a: Lucario|53/100|[from] item: Life Orb
|
|upkeep
|
|t:|1707931750
|switch|p2a: Garchomp|Garchomp, F|100/100
|-damage|p2a: Garchomp|76/100|[from] Spikes
|turn|11
|
|t:|1707931760
|move|p2a: Garchomp|Brick Break|p1a: Lucario
|-supereffective|p1a: Lucario
|-damage|p1a: Lucario|0 fnt
|faint|p1a: Lucario
|
|upkeep
|
|t:|1707931771
|switch|p1a: Latios|Latios, M|100/100
|-damage|p1a: Latios|88/100|[from] Stealth Rock
|turn|12
|
|t:|1707931777
|switch|p2a: Excadrill|Excadrill, F|75/100
|-damage|p2a: Excadrill|50/100|[from] Spikes
|-ability|p2a: Excadrill|Mold Breaker
|move|p1a: Latios|Draco Meteor|p2a: Excadrill
|-resisted|p2a: Excadrill
|-damage|p2a: Excadrill|0 fnt
|-unboost|p1a: Latios|spa|2
|faint|p2a: Excadrill
|-damage|p1a: Latios|78/100|[from] item: Life Orb
|
|upkeep
|
|t:|1707931796
|switch|p2a: Volcarona|Volcarona, F|100/100
|-damage|p2a: Volcarona|76/100|[from] Spikes
|turn|13
|j| SKT T1 Motherfaker
|
|t:|1707931803
|move|p1a: Latios|Surf|p2a: Volcarona
|-supereffective|p2a: Volcarona
|-damage|p2a: Volcarona|34/100
|-damage|p1a: Latios|68/100|[from] item: Life Orb
|move|p2a: Volcarona|Bug Buzz|p1a: Latios
|-supereffective|p1a: Latios
|-damage|p1a: Latios|0 fnt
|faint|p1a: Latios
|
|-heal|p2a: Volcarona|40/100|[from] item: Leftovers
|upkeep
|
|t:|1707931810
|switch|p1a: Alakazam|Alakazam, M|100/100
|turn|14
|
|t:|1707931819
|move|p1a: Alakazam|Psychic|p2a: Volcarona
|-damage|p2a: Volcarona|0 fnt
|faint|p2a: Volcarona
|
|upkeep
|
|t:|1707931826
|switch|p2a: Garchomp|Garchomp, F|76/100
|-damage|p2a: Garchomp|51/100|[from] Spikes
|turn|15
|
|t:|1707931851
|move|p2a: Garchomp|Earthquake|p1a: Alakazam
|-enditem|p1a: Alakazam|Focus Sash
|-damage|p1a: Alakazam|1/100
|move|p1a: Alakazam|Psychic|p2a: Garchomp
|-damage|p2a: Garchomp|2/100
|
|upkeep
|turn|16
|
|t:|1707931857
|move|p2a: Garchomp|Earthquake|p1a: Alakazam
|-damage|p1a: Alakazam|0 fnt
|faint|p1a: Alakazam
|
|upkeep
|
|t:|1707931862
|switch|p1a: Garchomp|Garchomp, F|100/100
|-damage|p1a: Garchomp|94/100|[from] Stealth Rock
|turn|17
|
|t:|1707931867
|move|p2a: Garchomp|Earthquake|p1a: Garchomp
|-damage|p1a: Garchomp|36/100
|move|p1a: Garchomp|Earthquake|p2a: Garchomp
|-damage|p2a: Garchomp|0 fnt
|faint|p2a: Garchomp
|
|upkeep
|
|t:|1707931875
|switch|p2a: Sceptile|Sceptile, M|100/100
|-item|p2a: Sceptile|Air Balloon
|turn|18
|
|t:|1707931890
|move|p1a: Garchomp|Outrage|p2a: Sceptile
|-damage|p2a: Sceptile|0 fnt
|-enditem|p2a: Sceptile|Air Balloon
|faint|p2a: Sceptile
|
|upkeep
|
|t:|1707931899
|switch|p2a: Archeops|Archeops, M|100/100
|turn|19
|
|t:|1707931902
|move|p2a: Archeops|Earthquake|p1a: Garchomp
|-damage|p1a: Garchomp|0 fnt
|faint|p1a: Garchomp
|
|upkeep
|
|t:|1707931904
|switch|p1a: Jirachi|Jirachi|100/100
|-damage|p1a: Jirachi|94/100|[from] Stealth Rock
|turn|20
|
|t:|1707931910
|move|p1a: Jirachi|Iron Head|p2a: Archeops
|-supereffective|p2a: Archeops
|-crit|p2a: Archeops
|-enditem|p2a: Archeops|Focus Sash
|-damage|p2a: Archeops|1/100
|cant|p2a: Archeops|flinch
|
|upkeep
|turn|21
|-message|NothingUsually forfeited.
|
|win|bw lordd moonman
|raw|bw lordd moonman's rating: 1511 &rarr; <strong>1521</strong><br />(+10 for winning)
|raw|NothingUsually's rating: 1319 &rarr; <strong>1309</strong><br />(-10 for losing)
|l|☆NothingUsually
|player|p2|
|l|☆bw lordd moonman
|player|p1|
