|j|☆Vanteline
|j|☆refsunpersons
|player|p1|Vanteline|251
|player|p2|refsunpersons|15
|teamsize|p1|6
|teamsize|p2|6
|gametype|singles
|gen|5
|tier|[Gen 5] OU
|rated|
|rule|Sleep Clause Mod: Limit one foe put to sleep
|rule|Species Clause: Limit one of each Pokémon
|rule|OHKO Clause: OHKO moves are banned
|rule|Moody Clause: Moody is banned
|rule|Evasion Moves Clause: Evasion moves are banned
|rule|Endless Battle Clause: Forcing endless battles is banned
|rule|HP Percentage Mod: HP is shown in percentages
|rule|Evasion Abilities Clause: Evasion abilities are banned
|rule|Baton Pass Clause: Limit one Baton Passer, can't pass Spe and other stats simultaneously
|rule|Swagger Clause: Swagger is banned
|clearpoke
|poke|p1|Ferrothorn, F|item
|poke|p1|Gyarados, M|item
|poke|p1|Thundurus-Therian, M|item
|poke|p1|Heatran, F|item
|poke|p1|Latios, M|item
|poke|p1|Conkeldurr, M|item
|poke|p2|Jirachi|item
|poke|p2|Haxorus, M|item
|poke|p2|Porygon2|item
|poke|p2|Donphan, F|item
|poke|p2|Ninetales, F|item
|poke|p2|Volcarona, M|item
|teampreview
|c|☆refsunpersons|gl hf
|
|start
|switch|p1a: Gyarados|Gyarados, M|100/100
|switch|p2a: Jirachi|Jirachi|100/100
|-ability|p1a: Gyarados|Intimidate|boost
|-unboost|p2a: Jirachi|atk|1
|turn|1
|
|move|p2a: Jirachi|Thunder|p1a: Gyarados|[miss]
|-miss|p2a: Jirachi|p1a: Gyarados
|move|p1a: Gyarados|Dragon Dance|p1a: Gyarados
|-boost|p1a: Gyarados|atk|1
|-boost|p1a: Gyarados|spe|1
|
|upkeep
|turn|2
|
|move|p1a: Gyarados|Waterfall|p2a: Jirachi
|-damage|p2a: Jirachi|33/100
|move|p2a: Jirachi|Thunder|p1a: Gyarados|[miss]
|-miss|p2a: Jirachi|p1a: Gyarados
|
|upkeep
|turn|3
|
|switch|p2a: Porygon2|Porygon2|100/100
|-ability|p2a: Porygon2|Intimidate|[from] ability: Trace|[of] p1a: Gyarados
|-ability|p2a: Porygon2|Intimidate|boost
|-unboost|p1a: Gyarados|atk|1
|move|p1a: Gyarados|Waterfall|p2a: Porygon2
|-damage|p2a: Porygon2|72/100
|
|upkeep
|turn|4
|
|move|p1a: Gyarados|Waterfall|p2a: Porygon2
|-damage|p2a: Porygon2|45/100
|cant|p2a: Porygon2|flinch
|
|upkeep
|turn|5
|
|switch|p1a: Ferrothorn|Ferrothorn, F|100/100
|move|p2a: Porygon2|Recover|p2a: Porygon2
|-heal|p2a: Porygon2|95/100
|
|upkeep
|turn|6
|
|switch|p2a: Ninetales|Ninetales, F, shiny|100/100
|-weather|SunnyDay|[from] ability: Drought|[of] p2a: Ninetales
|-item|p2a: Ninetales|Air Balloon
|move|p1a: Ferrothorn|Leech Seed|p2a: Ninetales
|-start|p2a: Ninetales|move: Leech Seed
|
|-weather|SunnyDay|[upkeep]
|-damage|p2a: Ninetales|88/100|[from] Leech Seed|[of] p1a: Ferrothorn
|upkeep
|turn|7
|
|switch|p2a: Jirachi|Jirachi|33/100
|switch|p1a: Heatran|Heatran, F|100/100
|-item|p1a: Heatran|Air Balloon
|
|-weather|SunnyDay|[upkeep]
|upkeep
|turn|8
|
|move|p2a: Jirachi|Hidden Power|p1a: Heatran
|-supereffective|p1a: Heatran
|-damage|p1a: Heatran|52/100
|-enditem|p1a: Heatran|Air Balloon
|move|p1a: Heatran|Earth Power|p2a: Jirachi
|-supereffective|p2a: Jirachi
|-damage|p2a: Jirachi|0 fnt
|faint|p2a: Jirachi
|
|-weather|SunnyDay|[upkeep]
|upkeep
|
|switch|p2a: Haxorus|Haxorus, M|100/100
|-ability|p2a: Haxorus|Mold Breaker
|turn|9
|
|switch|p1a: Gyarados|Gyarados, M|100/100
|-ability|p1a: Gyarados|Intimidate|boost
|-unboost|p2a: Haxorus|atk|1
|move|p2a: Haxorus|Swords Dance|p2a: Haxorus
|-boost|p2a: Haxorus|atk|2
|
|-weather|SunnyDay|[upkeep]
|upkeep
|turn|10
|
|move|p2a: Haxorus|Substitute|p2a: Haxorus
|-start|p2a: Haxorus|Substitute
|-damage|p2a: Haxorus|75/100
|move|p1a: Gyarados|Ice Fang|p2a: Haxorus
|-supereffective|p2a: Haxorus
|-end|p2a: Haxorus|Substitute
|
|-weather|SunnyDay|[upkeep]
|upkeep
|turn|11
|
|move|p2a: Haxorus|Outrage|p1a: Gyarados
|-damage|p1a: Gyarados|0 fnt
|-damage|p2a: Haxorus|59/100|[from] item: Rocky Helmet|[of] p1a: Gyarados
|faint|p1a: Gyarados
|
|-weather|SunnyDay|[upkeep]
|upkeep
|
|switch|p1a: Ferrothorn|Ferrothorn, F|100/100
|turn|12
|
|move|p2a: Haxorus|Outrage|p1a: Ferrothorn|[from]lockedmove
|-resisted|p1a: Ferrothorn
|-damage|p1a: Ferrothorn|65/100
|-damage|p2a: Haxorus|46/100|[from] ability: Iron Barbs|[of] p1a: Ferrothorn
|move|p1a: Ferrothorn|Stealth Rock|p2a: Haxorus
|-sidestart|p2: refsunpersons|move: Stealth Rock
|
|-weather|SunnyDay|[upkeep]
|-heal|p1a: Ferrothorn|71/100|[from] item: Leftovers
|upkeep
|turn|13
|
|move|p2a: Haxorus|Outrage|p1a: Ferrothorn|[from]lockedmove
|-resisted|p1a: Ferrothorn
|-damage|p1a: Ferrothorn|38/100
|-damage|p2a: Haxorus|34/100|[from] ability: Iron Barbs|[of] p1a: Ferrothorn
|-start|p2a: Haxorus|confusion|[fatigue]
|move|p1a: Ferrothorn|Leech Seed|p2a: Haxorus|[miss]
|-miss|p1a: Ferrothorn|p2a: Haxorus
|
|-weather|SunnyDay|[upkeep]
|-heal|p1a: Ferrothorn|44/100|[from] item: Leftovers
|upkeep
|turn|14
|
|-activate|p2a: Haxorus|confusion
|-damage|p2a: Haxorus|13/100|[from] confusion
|-enditem|p2a: Haxorus|Salac Berry|[eat]
|-boost|p2a: Haxorus|spe|1
|move|p1a: Ferrothorn|Leech Seed|p2a: Haxorus
|-start|p2a: Haxorus|move: Leech Seed
|
|-weather|SunnyDay|[upkeep]
|-heal|p1a: Ferrothorn|50/100|[from] item: Leftovers
|-damage|p2a: Haxorus|1/100|[from] Leech Seed|[of] p1a: Ferrothorn
|-heal|p1a: Ferrothorn|62/100|[silent]
|upkeep
|turn|15
|
|-activate|p2a: Haxorus|confusion
|move|p2a: Haxorus|Outrage|p1a: Ferrothorn
|-resisted|p1a: Ferrothorn
|-damage|p1a: Ferrothorn|31/100
|-damage|p2a: Haxorus|0 fnt|[from] ability: Iron Barbs|[of] p1a: Ferrothorn
|faint|p2a: Haxorus
|-formechange|p2a: Haxorus|Haxorus||[from] ability: Iron Barbs
|move|p1a: Ferrothorn|Spikes|p2: Haxorus
|-sidestart|p2: refsunpersons|Spikes
|
|-weather|SunnyDay|[upkeep]
|-heal|p1a: Ferrothorn|37/100|[from] item: Leftovers
|upkeep
|
|switch|p2a: Donphan|Donphan, F|100/100
|-damage|p2a: Donphan|88/100|[from] Spikes
|-damage|p2a: Donphan|82/100|[from] Stealth Rock
|turn|16
|
|move|p2a: Donphan|Rapid Spin|p1a: Ferrothorn
|-resisted|p1a: Ferrothorn
|-damage|p1a: Ferrothorn|35/100
|-damage|p2a: Donphan|69/100|[from] ability: Iron Barbs|[of] p1a: Ferrothorn
|-sideend|p2: refsunpersons|Spikes|[from] move: Rapid Spin|[of] p2a: Donphan
|-sideend|p2: refsunpersons|Stealth Rock|[from] move: Rapid Spin|[of] p2a: Donphan
|move|p1a: Ferrothorn|Power Whip|p2a: Donphan
|-supereffective|p2a: Donphan
|-crit|p2a: Donphan
|-damage|p2a: Donphan|0 fnt
|faint|p2a: Donphan
|
|-weather|SunnyDay|[upkeep]
|-heal|p1a: Ferrothorn|41/100|[from] item: Leftovers
|upkeep
|
|switch|p2a: Volcarona|Volcarona, M|100/100
|turn|17
|
|switch|p1a: Heatran|Heatran, F|52/100
|move|p2a: Volcarona|Flamethrower|p1a: Heatran
|-start|p1a: Heatran|ability: Flash Fire
|
|-weather|SunnyDay|[upkeep]
|upkeep
|turn|18
|
|switch|p2a: Porygon2|Porygon2|95/100
|-ability|p2a: Porygon2|Flash Fire|[from] ability: Trace|[of] p1a: Heatran
|move|p1a: Heatran|Fire Blast|p2a: Porygon2
|-start|p2a: Porygon2|ability: Flash Fire
|
|-weather|SunnyDay|[upkeep]
|upkeep
|turn|19
|
|move|p1a: Heatran|Earth Power|p2a: Porygon2
|-damage|p2a: Porygon2|80/100
|move|p2a: Porygon2|Hidden Power|p1a: Heatran
|-supereffective|p1a: Heatran
|-damage|p1a: Heatran|0 fnt
|faint|p1a: Heatran
|
|-weather|SunnyDay|[upkeep]
|upkeep
|
|switch|p1a: Conkeldurr|Conkeldurr, M|100/100
|turn|20
|
|-end|p2a: Porygon2|ability: Flash Fire|[silent]
|switch|p2a: Volcarona|Volcarona, M|100/100
|move|p1a: Conkeldurr|Drain Punch|p2a: Volcarona
|-resisted|p2a: Volcarona
|-damage|p2a: Volcarona|69/100
|-damage|p1a: Conkeldurr|91/100|[from] item: Life Orb
|
|-weather|SunnyDay|[upkeep]
|upkeep
|turn|21
|
|move|p2a: Volcarona|Quiver Dance|p2a: Volcarona
|-boost|p2a: Volcarona|spa|1
|-boost|p2a: Volcarona|spd|1
|-boost|p2a: Volcarona|spe|1
|move|p1a: Conkeldurr|Thunder Punch|p2a: Volcarona
|-damage|p2a: Volcarona|10/100
|
|-weather|SunnyDay|[upkeep]
|upkeep
|turn|22
|j| Horror Gallery
|
|move|p1a: Conkeldurr|Mach Punch|p2a: Volcarona
|-resisted|p2a: Volcarona
|-damage|p2a: Volcarona|0 fnt
|-damage|p1a: Conkeldurr|81/100|[from] item: Life Orb
|faint|p2a: Volcarona
|
|-weather|SunnyDay|[upkeep]
|upkeep
|l| Horror Gallery
|
|switch|p2a: Ninetales|Ninetales, F, shiny|88/100
|-item|p2a: Ninetales|Air Balloon
|turn|23
|
|move|p2a: Ninetales|Fire Blast|p1a: Conkeldurr
|-damage|p1a: Conkeldurr|4/100
|move|p1a: Conkeldurr|Thunder Punch|p2a: Ninetales
|-damage|p2a: Ninetales|14/100
|-enditem|p2a: Ninetales|Air Balloon
|
|-weather|SunnyDay|[upkeep]
|upkeep
|turn|24
|
|move|p1a: Conkeldurr|Mach Punch|p2a: Ninetales
|-damage|p2a: Ninetales|0 fnt
|-damage|p1a: Conkeldurr|0 fnt|[from] item: Life Orb
|faint|p2a: Ninetales
|faint|p1a: Conkeldurr
|
|-weather|SunnyDay|[upkeep]
|upkeep
|
|switch|p2a: Porygon2|Porygon2|80/100
|switch|p1a: Ferrothorn|Ferrothorn, F|41/100
|-ability|p2a: Porygon2|Iron Barbs|[from] ability: Trace|[of] p1a: Ferrothorn
|turn|25
|
|move|p2a: Porygon2|Ice Beam|p1a: Ferrothorn
|-damage|p1a: Ferrothorn|24/100
|move|p1a: Ferrothorn|Leech Seed|p2a: Porygon2
|-start|p2a: Porygon2|move: Leech Seed
|
|-weather|SunnyDay|[upkeep]
|-heal|p1a: Ferrothorn|30/100|[from] item: Leftovers
|-damage|p2a: Porygon2|67/100|[from] Leech Seed|[of] p1a: Ferrothorn
|-heal|p1a: Ferrothorn|44/100|[silent]
|upkeep
|turn|26
|
|move|p2a: Porygon2|Ice Beam|p1a: Ferrothorn
|-crit|p1a: Ferrothorn
|-damage|p1a: Ferrothorn|15/100
|move|p1a: Ferrothorn|Power Whip|p2a: Porygon2
|-damage|p2a: Porygon2|43/100
|-damage|p1a: Ferrothorn|2/100|[from] ability: Iron Barbs|[of] p2a: Porygon2
|
|-weather|SunnyDay|[upkeep]
|-heal|p1a: Ferrothorn|8/100|[from] item: Leftovers
|-damage|p2a: Porygon2|31/100|[from] Leech Seed|[of] p1a: Ferrothorn
|-heal|p1a: Ferrothorn|22/100|[silent]
|upkeep
|turn|27
|j| Asdfasdf66
|
|move|p2a: Porygon2|Recover|p2a: Porygon2
|-heal|p2a: Porygon2|81/100
|move|p1a: Ferrothorn|Stealth Rock|p2a: Porygon2
|-sidestart|p2: refsunpersons|move: Stealth Rock
|
|-weather|SunnyDay|[upkeep]
|-heal|p1a: Ferrothorn|28/100|[from] item: Leftovers
|-damage|p2a: Porygon2|69/100|[from] Leech Seed|[of] p1a: Ferrothorn
|-heal|p1a: Ferrothorn|41/100|[silent]
|upkeep
|turn|28
|
|move|p2a: Porygon2|Ice Beam|p1a: Ferrothorn
|-damage|p1a: Ferrothorn|25/100
|move|p1a: Ferrothorn|Spikes|p2a: Porygon2
|-sidestart|p2: refsunpersons|Spikes
|
|-weather|SunnyDay|[upkeep]
|-heal|p1a: Ferrothorn|31/100|[from] item: Leftovers
|-damage|p2a: Porygon2|56/100|[from] Leech Seed|[of] p1a: Ferrothorn
|-heal|p1a: Ferrothorn|44/100|[silent]
|upkeep
|turn|29
|
|move|p2a: Porygon2|Recover|p2a: Porygon2
|-heal|p2a: Porygon2|100/100
|move|p1a: Ferrothorn|Spikes|p2a: Porygon2
|-sidestart|p2: refsunpersons|Spikes
|
|-weather|SunnyDay|[upkeep]
|-heal|p1a: Ferrothorn|50/100|[from] item: Leftovers
|-damage|p2a: Porygon2|88/100|[from] Leech Seed|[of] p1a: Ferrothorn
|-heal|p1a: Ferrothorn|63/100|[silent]
|upkeep
|turn|30
|
|move|p2a: Porygon2|Hidden Power|p1a: Ferrothorn
|-damage|p1a: Ferrothorn|52/100
|move|p1a: Ferrothorn|Spikes|p2a: Porygon2
|-sidestart|p2: refsunpersons|Spikes
|
|-weather|SunnyDay|[upkeep]
|-heal|p1a: Ferrothorn|58/100|[from] item: Leftovers
|-damage|p2a: Porygon2|76/100|[from] Leech Seed|[of] p1a: Ferrothorn
|-heal|p1a: Ferrothorn|71/100|[silent]
|upkeep
|turn|31
|
|move|p2a: Porygon2|Ice Beam|p1a: Ferrothorn
|-damage|p1a: Ferrothorn|56/100
|move|p1a: Ferrothorn|Stealth Rock|p2a: Porygon2
|-fail|p1a: Ferrothorn
|
|-weather|SunnyDay|[upkeep]
|-heal|p1a: Ferrothorn|62/100|[from] item: Leftovers
|-damage|p2a: Porygon2|64/100|[from] Leech Seed|[of] p1a: Ferrothorn
|-heal|p1a: Ferrothorn|75/100|[silent]
|upkeep
|turn|32
|l| Asdfasdf66
|
|move|p2a: Porygon2|Ice Beam|p1a: Ferrothorn
|-damage|p1a: Ferrothorn|61/100
|move|p1a: Ferrothorn|Spikes|p2a: Porygon2
|-fail|p1a: Ferrothorn
|
|-weather|SunnyDay|[upkeep]
|-heal|p1a: Ferrothorn|67/100|[from] item: Leftovers
|-damage|p2a: Porygon2|51/100|[from] Leech Seed|[of] p1a: Ferrothorn
|-heal|p1a: Ferrothorn|80/100|[silent]
|upkeep
|turn|33
|
|move|p2a: Porygon2|Ice Beam|p1a: Ferrothorn
|-damage|p1a: Ferrothorn|65/100
|move|p1a: Ferrothorn|Stealth Rock|p2a: Porygon2
|-fail|p1a: Ferrothorn
|
|-weather|SunnyDay|[upkeep]
|-heal|p1a: Ferrothorn|71/100|[from] item: Leftovers
|-damage|p2a: Porygon2|39/100|[from] Leech Seed|[of] p1a: Ferrothorn
|-heal|p1a: Ferrothorn|85/100|[silent]
|upkeep
|turn|34
|
|move|p2a: Porygon2|Recover|p2a: Porygon2
|-heal|p2a: Porygon2|89/100
|move|p1a: Ferrothorn|Spikes|p2a: Porygon2
|-fail|p1a: Ferrothorn
|
|-weather|SunnyDay|[upkeep]
|-heal|p1a: Ferrothorn|91/100|[from] item: Leftovers
|-damage|p2a: Porygon2|77/100|[from] Leech Seed|[of] p1a: Ferrothorn
|-heal|p1a: Ferrothorn|100/100|[silent]
|upkeep
|turn|35
|
|move|p2a: Porygon2|Ice Beam|p1a: Ferrothorn
|-damage|p1a: Ferrothorn|85/100
|move|p1a: Ferrothorn|Stealth Rock|p2a: Porygon2
|-fail|p1a: Ferrothorn
|
|-weather|SunnyDay|[upkeep]
|-heal|p1a: Ferrothorn|91/100|[from] item: Leftovers
|-damage|p2a: Porygon2|64/100|[from] Leech Seed|[of] p1a: Ferrothorn
|-heal|p1a: Ferrothorn|100/100|[silent]
|upkeep
|turn|36
|
|move|p2a: Porygon2|Ice Beam|p1a: Ferrothorn
|-damage|p1a: Ferrothorn|84/100
|move|p1a: Ferrothorn|Spikes|p2a: Porygon2
|-fail|p1a: Ferrothorn
|
|-weather|SunnyDay|[upkeep]
|-heal|p1a: Ferrothorn|90/100|[from] item: Leftovers
|-damage|p2a: Porygon2|52/100|[from] Leech Seed|[of] p1a: Ferrothorn
|-heal|p1a: Ferrothorn|100/100|[silent]
|upkeep
|turn|37
|
|move|p2a: Porygon2|Ice Beam|p1a: Ferrothorn
|-damage|p1a: Ferrothorn|85/100
|move|p1a: Ferrothorn|Stealth Rock|p2a: Porygon2
|-fail|p1a: Ferrothorn
|
|-weather|SunnyDay|[upkeep]
|-heal|p1a: Ferrothorn|91/100|[from] item: Leftovers
|-damage|p2a: Porygon2|40/100|[from] Leech Seed|[of] p1a: Ferrothorn
|-heal|p1a: Ferrothorn|100/100|[silent]
|upkeep
|turn|38
|
|move|p2a: Porygon2|Recover|p2a: Porygon2
|-heal|p2a: Porygon2|90/100
|move|p1a: Ferrothorn|Spikes|p2a: Porygon2
|-fail|p1a: Ferrothorn
|
|-weather|SunnyDay|[upkeep]
|-damage|p2a: Porygon2|78/100|[from] Leech Seed|[of] p1a: Ferrothorn
|upkeep
|turn|39
|
|move|p2a: Porygon2|Ice Beam|p1a: Ferrothorn
|-damage|p1a: Ferrothorn|86/100
|move|p1a: Ferrothorn|Stealth Rock|p2a: Porygon2
|-fail|p1a: Ferrothorn
|
|-weather|SunnyDay|[upkeep]
|-heal|p1a: Ferrothorn|92/100|[from] item: Leftovers
|-damage|p2a: Porygon2|65/100|[from] Leech Seed|[of] p1a: Ferrothorn
|-heal|p1a: Ferrothorn|100/100|[silent]
|upkeep
|turn|40
|c|☆Vanteline|諦めようぜ
|c|☆refsunpersons|last one
|
|move|p2a: Porygon2|Ice Beam|p1a: Ferrothorn
|-damage|p1a: Ferrothorn|85/100
|move|p1a: Ferrothorn|Spikes|p2a: Porygon2
|-fail|p1a: Ferrothorn
|
|-weather|SunnyDay|[upkeep]
|-heal|p1a: Ferrothorn|91/100|[from] item: Leftovers
|-damage|p2a: Porygon2|53/100|[from] Leech Seed|[of] p1a: Ferrothorn
|-heal|p1a: Ferrothorn|100/100|[silent]
|upkeep
|turn|41
|c|☆refsunpersons|gg wp
|-message|refsunpersons forfeited.
|
|win|Vanteline
|l|☆refsunpersons
|raw|Vanteline's rating: 1346 &rarr; <strong>1368</strong><br />(+22 for winning)
|raw|refsunpersons's rating: 1389 &rarr; <strong>1366</strong><br />(-23 for losing)
