|join|RS Cocaine
|join|sugarhigh
|player|p1|RS Cocaine|29
|player|p2|sugarhigh|290
|gametype|singles
|gen|5
|tier|[Gen 5] OU
|rated
|rule|Evasion Abilities Clause: Evasion abilities are banned
|clearpoke
|poke|p1|Abomasnow, M
|poke|p1|Heatran, F
|poke|p1|Starmie
|poke|p1|Garchomp, M
|poke|p1|Kyurem
|poke|p1|Reuniclus, F
|poke|p2|Skarmory, F
|poke|p2|Cofagrigus, M
|poke|p2|Slowking, M
|poke|p2|Garchomp, M
|poke|p2|Bisharp, M
|poke|p2|Cloyster, M
|rule|Sleep Clause Mod: Limit one foe put to sleep
|rule|Species Clause: Limit one of each Pokemon
|rule|OHKO Clause: OHKO moves are banned
|rule|Moody Clause: Moody is banned
|rule|Evasion Moves Clause: Evasion moves are banned
|rule|Endless Battle Clause: Forcing endless battles is banned.
|rule|HP Percentage Mod: HP is reported as percentages
|teampreview
|chat|sugarhigh|HF FREND
|chat|RS Cocaine|u3
|chat|RS Cocaine|want specs?
|join|I'm Lati
|chat|sugarhigh|i dont really care
|join|pew pew cjew
|chat|sugarhigh|since not like this ladder
|join|SansNickel
|chat|sugarhigh|is even a thing
|join|mark doesnt car
|chat|sugarhigh|lmao
|join|lil manaphy
|join|Berserking Now
|join|The King in Yellow
|join|Gizmozian
|chat|pew pew cjew|yesss. the snow team. 
|
|start
|switch|p1a: Abomasnow|Abomasnow, M|321/321
|switch|p2a: Skarmory|Skarmory, F|272/272
|-weather|Hail|[from] ability: Snow Warning|[of] p1a: Abomasnow
|turn|1
|
|move|p2a: Skarmory|Stealth Rock|p1a: Abomasnow
|-sidestart|p1: RS Cocaine|move: Stealth Rock
|move|p1a: Abomasnow|Blizzard|p2a: Skarmory
|-damage|p2a: Skarmory|20/272
|
|-weather|Hail|[upkeep]
|-damage|p2a: Skarmory|3/272|[from] hail
|turn|2
|chat|Gizmozian|horry sheet
|chat|SansNickel|lol jeez
|join|Arcanine is Regal
|
|switch|p2a: Bisharp|Bisharp, M|291/291
|move|p1a: Abomasnow|Ice Shard|p2a: Bisharp
|-resisted|p2a: Bisharp
|-damage|p2a: Bisharp|267/291
|
|-weather|Hail|[upkeep]
|-damage|p2a: Bisharp|249/291|[from] hail
|turn|3
|chat|Gizmozian|pow pow mudfucka
|chat|pew pew cjew|the strength 
|
|move|p2a: Bisharp|Low Kick|p1a: Abomasnow
|-supereffective|p1a: Abomasnow
|-enditem|p1a: Abomasnow|Focus Sash
|-damage|p1a: Abomasnow|1/321
|move|p1a: Abomasnow|Hidden Power|p2a: Bisharp
|-supereffective|p2a: Bisharp
|-damage|p2a: Bisharp|63/291
|
|-weather|Hail|[upkeep]
|-damage|p2a: Bisharp|45/291|[from] hail
|turn|4
|chat|Arcanine is Regal|lolwut
|join|tearingupmyheart
|
|switch|p1a: Garchomp|Garchomp, M|357/357
|-damage|p1a: Garchomp|335/357|[from] Stealth Rock
|move|p2a: Bisharp|Sucker Punch|p1a: Garchomp
|-fail|p1a: Garchomp
|
|-weather|Hail|[upkeep]
|-damage|p1a: Garchomp|313/357|[from] hail
|-damage|p2a: Bisharp|27/291|[from] hail
|turn|5
|join|PullMyFinger45
|
|move|p1a: Garchomp|Swords Dance|p1a: Garchomp
|-boost|p1a: Garchomp|atk|2
|move|p2a: Bisharp|Swords Dance|p2a: Bisharp
|-boost|p2a: Bisharp|atk|2
|
|-weather|Hail|[upkeep]
|-damage|p1a: Garchomp|291/357|[from] hail
|-damage|p2a: Bisharp|9/291|[from] hail
|turn|6
|
|move|p1a: Garchomp|Earthquake|p2a: Bisharp
|-supereffective|p2a: Bisharp
|-damage|p2a: Bisharp|0 fnt
|faint|p2a: Bisharp
|
|-weather|Hail|[upkeep]
|-damage|p1a: Garchomp|269/357|[from] hail
|
|switch|p2a: Skarmory|Skarmory, F|3/272
|turn|7
|-enditem|p2a: Skarmory|Custap Berry|[eat]
|-activate|p2a: Skarmory|Custap Berry
|
|move|p2a: Skarmory|Spikes|p1a: Garchomp
|-sidestart|p1: RS Cocaine|Spikes
|move|p1a: Garchomp|Swords Dance|p1a: Garchomp
|-boost|p1a: Garchomp|atk|2
|
|-weather|Hail|[upkeep]
|-damage|p1a: Garchomp|247/357|[from] hail
|-damage|p2a: Skarmory|0 fnt|[from] hail
|faint|p2a: Skarmory
|leave|Berserking Now
|
|switch|p2a: Garchomp|Garchomp, M|357/357
|turn|8
|chat|Gizmozian|does no one run eq?
|chat|Gizmozian|am i the only one?
|
|move|p2a: Garchomp|Outrage|p1a: Garchomp
|-supereffective|p1a: Garchomp
|-damage|p1a: Garchomp|0 fnt
|-damage|p2a: Garchomp|313/357|[from] ability: Rough Skin|[of] p1a: Garchomp
|-damage|p2a: Garchomp|254/357|[from] item: Rocky Helmet|[of] p1a: Garchomp
|faint|p1a: Garchomp
|
|-weather|Hail|[upkeep]
|-damage|p2a: Garchomp|232/357|[from] hail
|
|switch|p1a: Heatran|Heatran, F|386/386
|-damage|p1a: Heatran|338/386|[from] Spikes
|-damage|p1a: Heatran|290/386|[from] Stealth Rock
|turn|9
|
|move|p2a: Garchomp|Outrage|p1a: Heatran
|-resisted|p1a: Heatran
|-damage|p1a: Heatran|189/386
|move|p1a: Heatran|Earth Power|p2a: Garchomp
|-damage|p2a: Garchomp|112/357
|
|-weather|Hail|[upkeep]
|-damage|p2a: Garchomp|90/357|[from] hail
|-damage|p1a: Heatran|165/386|[from] hail
|-heal|p1a: Heatran|189/386|[from] item: Leftovers
|turn|10
|
|move|p2a: Garchomp|Outrage|p1a: Heatran
|-resisted|p1a: Heatran
|-damage|p1a: Heatran|88/386
|move|p1a: Heatran|Earth Power|p2a: Garchomp
|-damage|p2a: Garchomp|0 fnt
|faint|p2a: Garchomp
|
|-weather|Hail|[upkeep]
|-damage|p1a: Heatran|64/386|[from] hail
|-heal|p1a: Heatran|88/386|[from] item: Leftovers
|
|switch|p2a: Cofagrigus|Cofagrigus, M|319/319
|turn|11
|
|move|p1a: Heatran|Lava Plume|p2a: Cofagrigus
|-damage|p2a: Cofagrigus|205/319
|move|p2a: Cofagrigus|Trick Room|p2a: Cofagrigus
|-fieldstart|move: Trick Room|[of] p2a: Cofagrigus
|
|-weather|Hail|[upkeep]
|-damage|p2a: Cofagrigus|186/319|[from] hail
|-damage|p1a: Heatran|64/386|[from] hail
|-heal|p2a: Cofagrigus|205/319|[from] item: Leftovers
|-heal|p1a: Heatran|88/386|[from] item: Leftovers
|turn|12
|
|move|p2a: Cofagrigus|Nasty Plot|p2a: Cofagrigus
|-boost|p2a: Cofagrigus|spa|2
|move|p1a: Heatran|Lava Plume|p2a: Cofagrigus
|-damage|p2a: Cofagrigus|100/319
|-status|p2a: Cofagrigus|brn
|
|-weather|Hail|[upkeep]
|-damage|p2a: Cofagrigus|81/319 brn|[from] hail
|-damage|p1a: Heatran|64/386|[from] hail
|-heal|p2a: Cofagrigus|100/319 brn|[from] item: Leftovers
|-heal|p1a: Heatran|88/386|[from] item: Leftovers
|-damage|p2a: Cofagrigus|61/319 brn|[from] brn
|turn|13
|chat|sugarhigh|omg ure aids
|chat|RS Cocaine|u3
|chat|SansNickel|the residual damage is real
|
|switch|p1a: Abomasnow|Abomasnow, M|1/321
|-damage|p1a: Abomasnow|0 fnt|[from] Spikes
|faint|p1a: Abomasnow
|move|p2a: Cofagrigus|Hidden Power|p1: Abomasnow|[notarget]
|-notarget
|
|-weather|Hail|[upkeep]
|-damage|p2a: Cofagrigus|42/319 brn|[from] hail
|-heal|p2a: Cofagrigus|61/319 brn|[from] item: Leftovers
|-damage|p2a: Cofagrigus|22/319 brn|[from] brn
|
|switch|p1a: Heatran|Heatran, F|88/386
|-damage|p1a: Heatran|40/386|[from] Stealth Rock
|-damage|p1a: Heatran|0 fnt|[from] Spikes
|faint|p1a: Heatran
|chat|sugarhigh|gooooooood player alert
|chat|RS Cocaine|am i retarded
|chat|SansNickel|yes
|chat|SansNickel|<3
|chat|RS Cocaine|ty for noticing how good i am guys :)
|
|switch|p1a: Reuniclus|Reuniclus, F|424/424
|turn|14
|chat|SansNickel|that was the play
|chat|SansNickel|one turn ago
|
|switch|p1a: Starmie|Starmie|324/324
|-damage|p1a: Starmie|284/324|[from] Spikes
|-damage|p1a: Starmie|244/324|[from] Stealth Rock
|move|p2a: Cofagrigus|Shadow Ball|p1a: Starmie
|-supereffective|p1a: Starmie
|-damage|p1a: Starmie|0 fnt
|faint|p1a: Starmie
|
|-weather|Hail|[upkeep]
|-damage|p2a: Cofagrigus|3/319 brn|[from] hail
|-heal|p2a: Cofagrigus|22/319 brn|[from] item: Leftovers
|-damage|p2a: Cofagrigus|0 fnt|[from] brn
|faint|p2a: Cofagrigus
|chat|RS Cocaine|no shit
|chat|RS Cocaine|im just dumb
|
|switch|p2a: Cloyster|Cloyster, M|242/242
|switch|p1a: Reuniclus|Reuniclus, F|424/424
|turn|15
|chat|SansNickel|ik(:
|
|switch|p2a: Slowking|Slowking, M|389/389
|move|p1a: Reuniclus|Focus Blast|p2a: Slowking
|-resisted|p2a: Slowking
|-damage|p2a: Slowking|342/389
|
|-weather|Hail|[upkeep]
|-damage|p2a: Slowking|318/389|[from] hail
|-fieldend|move: Trick Room
|turn|16
|
|move|p1a: Reuniclus|Calm Mind|p1a: Reuniclus
|-boost|p1a: Reuniclus|spa|1
|-boost|p1a: Reuniclus|spd|1
|move|p2a: Slowking|Surf|p1a: Reuniclus
|-damage|p1a: Reuniclus|280/424
|-damage|p2a: Slowking|280/389|[from] item: Life Orb
|
|-weather|Hail|[upkeep]
|-damage|p2a: Slowking|256/389|[from] hail
|-heal|p1a: Reuniclus|306/424|[from] item: Leftovers
|turn|17
|
|move|p1a: Reuniclus|Recover|p1a: Reuniclus
|-heal|p1a: Reuniclus|424/424
|move|p2a: Slowking|Surf|p1a: Reuniclus
|-damage|p1a: Reuniclus|282/424
|-damage|p2a: Slowking|218/389|[from] item: Life Orb
|
|-weather|Hail|[upkeep]
|-damage|p2a: Slowking|194/389|[from] hail
|-heal|p1a: Reuniclus|308/424|[from] item: Leftovers
|turn|18
|
|move|p1a: Reuniclus|Calm Mind|p1a: Reuniclus
|-boost|p1a: Reuniclus|spa|1
|-boost|p1a: Reuniclus|spd|1
|move|p2a: Slowking|Surf|p1a: Reuniclus
|-damage|p1a: Reuniclus|191/424
|-damage|p2a: Slowking|156/389|[from] item: Life Orb
|
|-weather|Hail|[upkeep]
|-damage|p2a: Slowking|132/389|[from] hail
|-heal|p1a: Reuniclus|217/424|[from] item: Leftovers
|turn|19
|
|move|p1a: Reuniclus|Recover|p1a: Reuniclus
|-heal|p1a: Reuniclus|424/424
|move|p2a: Slowking|Surf|p1a: Reuniclus
|-damage|p1a: Reuniclus|315/424
|-damage|p2a: Slowking|94/389|[from] item: Life Orb
|
|-weather|Hail|[upkeep]
|-damage|p2a: Slowking|70/389|[from] hail
|-heal|p1a: Reuniclus|341/424|[from] item: Leftovers
|turn|20
|
|move|p1a: Reuniclus|Calm Mind|p1a: Reuniclus
|-boost|p1a: Reuniclus|spa|1
|-boost|p1a: Reuniclus|spd|1
|move|p2a: Slowking|Surf|p1a: Reuniclus
|-crit|p1a: Reuniclus
|-damage|p1a: Reuniclus|0 fnt
|-damage|p2a: Slowking|32/389|[from] item: Life Orb
|faint|p1a: Reuniclus
|
|-weather|Hail|[upkeep]
|-damage|p2a: Slowking|8/389|[from] hail
|
|switch|p1a: Kyurem|Kyurem|391/391
|-damage|p1a: Kyurem|343/391|[from] Spikes
|-damage|p1a: Kyurem|246/391|[from] Stealth Rock
|-ability|p1a: Kyurem|Pressure
|turn|21
|chat|sugarhigh|see
|chat|sugarhigh|thats how u play a game
|chat|pew pew cjew|lol
|
|move|p1a: Kyurem|Earth Power|p2a: Slowking
|-damage|p2a: Slowking|0 fnt
|faint|p2a: Slowking
|
|-weather|Hail|[upkeep]
|
|switch|p2a: Cloyster|Cloyster, M|242/242
|turn|22
|chat|RS Cocaine|do i retard
|
|move|p1a: Kyurem|Earth Power|p2a: Cloyster
|-damage|p2a: Cloyster|32/242
|move|p2a: Cloyster|Shell Smash|p2a: Cloyster
|-boost|p2a: Cloyster|atk|2
|-boost|p2a: Cloyster|spa|2
|-boost|p2a: Cloyster|spe|2
|-unboost|p2a: Cloyster|def|1
|-unboost|p2a: Cloyster|spd|1
|
|-weather|Hail|[upkeep]
|turn|23
|chat|pew pew cjew|haha
|chat|RS Cocaine|literally i cant get any worse at this game
|
|move|p2a: Cloyster|Icicle Spear|p1a: Kyurem
|-damage|p1a: Kyurem|161/391
|-damage|p1a: Kyurem|79/391
|-damage|p1a: Kyurem|1/391
|-damage|p1a: Kyurem|0 fnt
|-hitcount|p1a: Kyurem|4
|faint|p1a: Kyurem
|
|win|sugarhigh
|raw|Ladder updating...
|raw|RS Cocaine's rating: 1320 &rarr; <strong>1307</strong><br />(-13 for losing)
|raw|sugarhigh's rating: 1451 &rarr; <strong>1464</strong><br />(+13 for winning)
|chat|sugarhigh|GG FREND
|chat|sugarhigh|ITS BEEN REAL
|chat|RS Cocaine|GG FREN
|leave|RS Cocaine
|player|p1
|leave|lil manaphy