|j|☆StockholmCyclist
|j|☆porrompompom
|player|p1|StockholmCyclist|13
|player|p2|porrompompom|10
|teamsize|p1|6
|teamsize|p2|6
|gametype|singles
|gen|5
|tier|[Gen 5] OU
|rated|
|rule|Sleep Clause Mod: Limit one foe put to sleep
|rule|Species Clause: Limit one of each Pokémon
|rule|OHKO Clause: OHKO moves are banned
|rule|Moody Clause: Moody is banned
|rule|Evasion Moves Clause: Evasion moves are banned
|rule|Endless Battle Clause: Forcing endless battles is banned
|rule|HP Percentage Mod: HP is shown in percentages
|rule|Evasion Abilities Clause: Evasion abilities are banned
|rule|Baton Pass Clause: Limit one Baton Passer, can't pass Spe and other stats simultaneously
|rule|Swagger Clause: Swagger is banned
|clearpoke
|poke|p1|Garchomp, F|item
|poke|p1|Arcanine, M|item
|poke|p1|Lucario, M|item
|poke|p1|Togekiss, F|item
|poke|p1|Mamoswine, F|item
|poke|p1|Smeargle, F|item
|poke|p2|Volcarona, F|item
|poke|p2|Excadrill, M|item
|poke|p2|Amoonguss, F|item
|poke|p2|Slowbro, M|item
|poke|p2|Tyranitar, M|item
|poke|p2|Skarmory, F|item
|teampreview
|inactive|Battle timer is ON: inactive players will automatically lose when time's up. (requested by StockholmCyclist)
|
|start
|switch|p1a: Togekiss|Togekiss, F|100/100
|switch|p2a: Tyranitar|Tyranitar, M|100/100
|-weather|Sandstorm|[from] ability: Sand Stream|[of] p2a: Tyranitar
|turn|1
|
|switch|p1a: Garchomp|Garchomp, F|100/100
|move|p2a: Tyranitar|Stone Edge|p1a: Garchomp
|-resisted|p1a: Garchomp
|-crit|p1a: Garchomp
|-damage|p1a: Garchomp|48/100
|
|-weather|Sandstorm|[upkeep]
|upkeep
|turn|2
|
|switch|p1a: Smeargle|Smeargle, F|100/100
|switch|p2a: Slowbro|Slowbro, M|100/100
|
|-weather|Sandstorm|[upkeep]
|-damage|p1a: Smeargle|94/100|[from] Sandstorm
|-damage|p2a: Slowbro|94/100|[from] Sandstorm
|-heal|p2a: Slowbro|100/100|[from] item: Leftovers
|upkeep
|turn|3
|
|switch|p2a: Amoonguss|Amoonguss, F|100/100
|move|p1a: Smeargle|Nasty Plot|p1a: Smeargle
|-boost|p1a: Smeargle|spa|2
|
|-weather|Sandstorm|[upkeep]
|-damage|p1a: Smeargle|88/100|[from] Sandstorm
|-damage|p2a: Amoonguss|94/100|[from] Sandstorm
|-heal|p2a: Amoonguss|100/100|[from] item: Black Sludge
|upkeep
|turn|4
|j| Avtomat
|
|move|p1a: Smeargle|Baton Pass|p1a: Smeargle
|
|switch|p1a: Togekiss|Togekiss, F|100/100
|move|p2a: Amoonguss|Spore|p1a: Togekiss
|-status|p1a: Togekiss|slp
|
|-weather|Sandstorm|[upkeep]
|-damage|p1a: Togekiss|94/100 slp|[from] Sandstorm
|-damage|p2a: Amoonguss|94/100|[from] Sandstorm
|-heal|p2a: Amoonguss|100/100|[from] item: Black Sludge
|upkeep
|turn|5
|
|cant|p1a: Togekiss|slp
|move|p2a: Amoonguss|Clear Smog|p1a: Togekiss
|-damage|p1a: Togekiss|79/100 slp
|-clearboost|p1a: Togekiss
|
|-weather|Sandstorm|[upkeep]
|-damage|p1a: Togekiss|73/100 slp|[from] Sandstorm
|-damage|p2a: Amoonguss|94/100|[from] Sandstorm
|-heal|p2a: Amoonguss|100/100|[from] item: Black Sludge
|upkeep
|turn|6
|
|switch|p2a: Tyranitar|Tyranitar, M|100/100
|-curestatus|p1a: Togekiss|slp|[msg]
|move|p1a: Togekiss|Air Slash|p2a: Tyranitar
|-resisted|p2a: Tyranitar
|-crit|p2a: Tyranitar
|-damage|p2a: Tyranitar|77/100
|
|-weather|Sandstorm|[upkeep]
|-damage|p1a: Togekiss|67/100|[from] Sandstorm
|upkeep
|turn|7
|
|switch|p1a: Lucario|Lucario, M|100/100
|-item|p1a: Lucario|Air Balloon
|move|p2a: Tyranitar|Stone Edge|p1a: Lucario|[miss]
|-miss|p2a: Tyranitar|p1a: Lucario
|
|-weather|Sandstorm|[upkeep]
|upkeep
|turn|8
|
|switch|p2a: Volcarona|Volcarona, F|100/100
|move|p1a: Lucario|Close Combat|p2a: Volcarona
|-resisted|p2a: Volcarona
|-damage|p2a: Volcarona|74/100
|-unboost|p1a: Lucario|def|1
|-unboost|p1a: Lucario|spd|1
|
|-weather|Sandstorm|[upkeep]
|-damage|p2a: Volcarona|68/100|[from] Sandstorm
|-heal|p2a: Volcarona|74/100|[from] item: Leftovers
|upkeep
|turn|9
|
|switch|p1a: Arcanine|Arcanine, M|100/100
|move|p2a: Volcarona|Roost|p2a: Volcarona
|-heal|p2a: Volcarona|100/100
|
|-weather|Sandstorm|[upkeep]
|-damage|p1a: Arcanine|94/100|[from] Sandstorm
|-damage|p2a: Volcarona|94/100|[from] Sandstorm
|-heal|p2a: Volcarona|100/100|[from] item: Leftovers
|upkeep
|turn|10
|
|switch|p2a: Slowbro|Slowbro, M|100/100
|move|p1a: Arcanine|Flare Blitz|p2a: Slowbro
|-resisted|p2a: Slowbro
|-damage|p2a: Slowbro|78/100
|-status|p2a: Slowbro|brn
|-damage|p1a: Arcanine|85/100|[from] Recoil
|-damage|p1a: Arcanine|75/100|[from] item: Life Orb
|
|-weather|Sandstorm|[upkeep]
|-damage|p1a: Arcanine|69/100|[from] Sandstorm
|-damage|p2a: Slowbro|71/100 brn|[from] Sandstorm
|-heal|p2a: Slowbro|78/100 brn|[from] item: Leftovers
|-damage|p2a: Slowbro|65/100 brn|[from] brn
|upkeep
|turn|11
|
|move|p1a: Arcanine|Wild Charge|p2a: Slowbro
|-supereffective|p2a: Slowbro
|-damage|p2a: Slowbro|23/100 brn
|-damage|p1a: Arcanine|56/100|[from] Recoil
|-damage|p1a: Arcanine|46/100|[from] item: Life Orb
|move|p2a: Slowbro|Slack Off|p2a: Slowbro
|-heal|p2a: Slowbro|74/100 brn
|
|-weather|Sandstorm|[upkeep]
|-damage|p1a: Arcanine|40/100|[from] Sandstorm
|-damage|p2a: Slowbro|67/100 brn|[from] Sandstorm
|-heal|p2a: Slowbro|74/100 brn|[from] item: Leftovers
|-damage|p2a: Slowbro|61/100 brn|[from] brn
|upkeep
|turn|12
|
|move|p1a: Arcanine|Wild Charge|p2a: Slowbro
|-supereffective|p2a: Slowbro
|-damage|p2a: Slowbro|21/100 brn
|-damage|p1a: Arcanine|28/100|[from] Recoil
|-damage|p1a: Arcanine|18/100|[from] item: Life Orb
|move|p2a: Slowbro|Slack Off|p2a: Slowbro
|-heal|p2a: Slowbro|71/100 brn
|
|-weather|Sandstorm|[upkeep]
|-damage|p1a: Arcanine|11/100|[from] Sandstorm
|-damage|p2a: Slowbro|65/100 brn|[from] Sandstorm
|-heal|p2a: Slowbro|71/100 brn|[from] item: Leftovers
|-damage|p2a: Slowbro|59/100 brn|[from] brn
|upkeep
|turn|13
|
|switch|p1a: Lucario|Lucario, M|100/100
|-item|p1a: Lucario|Air Balloon
|move|p2a: Slowbro|Slack Off|p2a: Slowbro
|-heal|p2a: Slowbro|100/100 brn
|
|-weather|Sandstorm|[upkeep]
|-damage|p2a: Slowbro|94/100 brn|[from] Sandstorm
|-heal|p2a: Slowbro|100/100 brn|[from] item: Leftovers
|-damage|p2a: Slowbro|88/100 brn|[from] brn
|upkeep
|turn|14
|
|switch|p2a: Volcarona|Volcarona, F|100/100
|move|p1a: Lucario|Swords Dance|p1a: Lucario
|-boost|p1a: Lucario|atk|2
|
|-weather|Sandstorm|[upkeep]
|-damage|p2a: Volcarona|94/100|[from] Sandstorm
|-heal|p2a: Volcarona|100/100|[from] item: Leftovers
|upkeep
|turn|15
|
|move|p1a: Lucario|Extreme Speed|p2a: Volcarona
|-damage|p2a: Volcarona|52/100
|move|p2a: Volcarona|Fiery Dance|p1a: Lucario
|-supereffective|p1a: Lucario
|-damage|p1a: Lucario|0 fnt
|-enditem|p1a: Lucario|Air Balloon
|faint|p1a: Lucario
|
|-weather|Sandstorm|[upkeep]
|-damage|p2a: Volcarona|46/100|[from] Sandstorm
|-heal|p2a: Volcarona|52/100|[from] item: Leftovers
|upkeep
|
|switch|p1a: Togekiss|Togekiss, F|67/100
|turn|16
|
|switch|p2a: Excadrill|Excadrill, M|100/100
|-ability|p2a: Excadrill|Mold Breaker
|move|p1a: Togekiss|Air Slash|p2a: Excadrill
|-resisted|p2a: Excadrill
|-damage|p2a: Excadrill|85/100
|
|-weather|Sandstorm|[upkeep]
|-damage|p1a: Togekiss|61/100|[from] Sandstorm
|-heal|p2a: Excadrill|92/100|[from] item: Leftovers
|upkeep
|turn|17
|
|switch|p1a: Arcanine|Arcanine, M|11/100
|move|p2a: Excadrill|Stealth Rock|p1a: Arcanine
|-sidestart|p1: StockholmCyclist|move: Stealth Rock
|
|-weather|Sandstorm|[upkeep]
|-damage|p1a: Arcanine|5/100|[from] Sandstorm
|-heal|p2a: Excadrill|98/100|[from] item: Leftovers
|upkeep
|turn|18
|
|move|p2a: Excadrill|Protect|p2a: Excadrill
|-singleturn|p2a: Excadrill|Protect
|move|p1a: Arcanine|Flare Blitz|p2a: Excadrill
|-activate|p2a: Excadrill|move: Protect
|
|-weather|Sandstorm|[upkeep]
|-damage|p1a: Arcanine|0 fnt|[from] Sandstorm
|faint|p1a: Arcanine
|-heal|p2a: Excadrill|100/100|[from] item: Leftovers
|upkeep
|
|switch|p1a: Smeargle|Smeargle, F|88/100
|-damage|p1a: Smeargle|76/100|[from] Stealth Rock
|turn|19
|
|move|p1a: Smeargle|Nasty Plot|p1a: Smeargle
|-boost|p1a: Smeargle|spa|2
|move|p2a: Excadrill|Earthquake|p1a: Smeargle
|-damage|p1a: Smeargle|0 fnt
|faint|p1a: Smeargle
|
|-weather|Sandstorm|[upkeep]
|upkeep
|
|switch|p1a: Mamoswine|Mamoswine, F|100/100
|-damage|p1a: Mamoswine|88/100|[from] Stealth Rock
|turn|20
|
|switch|p2a: Skarmory|Skarmory, F|100/100
|move|p1a: Mamoswine|Icicle Crash|p2a: Skarmory
|-damage|p2a: Skarmory|63/100
|-damage|p1a: Mamoswine|78/100|[from] item: Life Orb
|
|-weather|Sandstorm|[upkeep]
|upkeep
|turn|21
|
|move|p1a: Mamoswine|Icicle Crash|p2a: Skarmory
|-damage|p2a: Skarmory|28/100
|-damage|p1a: Mamoswine|68/100|[from] item: Life Orb
|move|p2a: Skarmory|Roost|p2a: Skarmory
|-heal|p2a: Skarmory|78/100
|
|-weather|Sandstorm|[upkeep]
|upkeep
|turn|22
|
|move|p1a: Mamoswine|Icicle Crash|p2a: Skarmory
|-damage|p2a: Skarmory|45/100
|-damage|p1a: Mamoswine|58/100|[from] item: Life Orb
|cant|p2a: Skarmory|flinch
|
|-weather|Sandstorm|[upkeep]
|upkeep
|turn|23
|
|move|p1a: Mamoswine|Icicle Crash|p2a: Skarmory|[miss]
|-miss|p1a: Mamoswine|p2a: Skarmory
|move|p2a: Skarmory|Roost|p2a: Skarmory
|-heal|p2a: Skarmory|95/100
|
|-weather|Sandstorm|[upkeep]
|upkeep
|turn|24
|-message|StockholmCyclist forfeited.
|
|win|porrompompom
|l|☆StockholmCyclist
|raw|StockholmCyclist's rating: 1361 &rarr; <strong>1349</strong><br />(-12 for losing)
|raw|porrompompom's rating: 1497 &rarr; <strong>1509</strong><br />(+12 for winning)
|l|☆porrompompom
