|j|☆Jellium
|j|☆saibie
|t:|1721085482
|gametype|singles
|player|p1|Jellium|scientist-gen4|1437
|player|p2|saibie|265|1336
|teamsize|p1|6
|teamsize|p2|6
|gen|5
|tier|[Gen 5] OU
|rated|
|rule|Species Clause: Limit one of each Pokémon
|rule|OHKO Clause: OHKO moves are banned
|rule|Moody Clause: Moody is banned
|rule|Evasion Items Clause: Evasion items are banned
|rule|Evasion Moves Clause: Evasion moves are banned
|rule|Endless Battle Clause: Forcing endless battles is banned
|rule|HP Percentage Mod: HP is shown in percentages
|rule|Evasion Abilities Clause: Evasion abilities are banned
|rule|Sleep Moves Clause: Sleep-inducing moves are banned
|rule|Swagger Clause: Swagger is banned
|rule|Baton Pass Stat Clause: No Baton Passer may have a way to boost its stats
|clearpoke
|poke|p1|Tyranitar, M|item
|poke|p1|Jellicent, F|item
|poke|p1|Skarmory, F|item
|poke|p1|Landorus-Therian, M|item
|poke|p1|Lucario, F|item
|poke|p1|Alakazam, M|item
|poke|p2|Jellicent, M|item
|poke|p2|Skarmory, M|item
|poke|p2|Gliscor, F|item
|poke|p2|Latias, F|item
|poke|p2|Jolteon, F|item
|poke|p2|Excadrill, F|item
|teampreview
|
|t:|1721085500
|start
|switch|p1a: Skarmory|Skarmory, F, shiny|100/100
|switch|p2a: Gliscor|Gliscor, F|100/100
|turn|1
|
|t:|1721085510
|move|p1a: Skarmory|Taunt|p2a: Gliscor
|-start|p2a: Gliscor|move: Taunt
|move|p2a: Gliscor|Knock Off|p1a: Skarmory
|-resisted|p1a: Skarmory
|-damage|p1a: Skarmory|98/100
|-enditem|p1a: Skarmory|Custap Berry|[from] move: Knock Off|[of] p2a: Gliscor
|
|-status|p2a: Gliscor|tox|[from] item: Toxic Orb
|upkeep
|turn|2
|
|t:|1721085520
|switch|p2a: Jolteon|Jolteon, F|100/100
|move|p1a: Skarmory|Stealth Rock|p2a: Jolteon
|-sidestart|p2: saibie|move: Stealth Rock
|
|upkeep
|turn|3
|
|t:|1721085525
|switch|p1a: Tyranitar|Tyranitar, M, shiny|100/100
|-weather|Sandstorm|[from] ability: Sand Stream|[of] p1a: Tyranitar
|move|p2a: Jolteon|Thunderbolt|p1a: Tyranitar
|-damage|p1a: Tyranitar|71/100
|
|-weather|Sandstorm|[upkeep]
|-damage|p2a: Jolteon|94/100|[from] Sandstorm
|-heal|p2a: Jolteon|100/100|[from] item: Leftovers
|upkeep
|turn|4
|
|t:|1721085535
|move|p2a: Jolteon|Volt Switch|p1a: Tyranitar
|-damage|p1a: Tyranitar|49/100
|-activate|p2a: Jolteon|move: Pursuit
|move|p1a: Tyranitar|Pursuit|p2a: Jolteon|[from]Pursuit
|-damage|p2a: Jolteon|24/100
|
|t:|1721085544
|switch|p2a: Gliscor|Gliscor, F|100/100 tox|[from] Volt Switch
|-damage|p2a: Gliscor|88/100 tox|[from] Stealth Rock
|
|-weather|Sandstorm|[upkeep]
|-heal|p2a: Gliscor|100/100 tox|[from] ability: Poison Heal
|upkeep
|turn|5
|
|t:|1721085551
|switch|p1a: Skarmory|Skarmory, F, shiny|98/100
|move|p2a: Gliscor|Stealth Rock|p1a: Skarmory
|-sidestart|p1: Jellium|move: Stealth Rock
|
|-weather|Sandstorm|[upkeep]
|upkeep
|turn|6
|
|t:|1721085559
|switch|p2a: Excadrill|Excadrill, F|100/100
|-damage|p2a: Excadrill|98/100|[from] Stealth Rock
|-ability|p2a: Excadrill|Mold Breaker
|move|p1a: Skarmory|Spikes|p2a: Excadrill
|-sidestart|p2: saibie|Spikes
|
|-weather|Sandstorm|[upkeep]
|-heal|p2a: Excadrill|100/100|[from] item: Leftovers
|upkeep
|turn|7
|
|t:|1721085563
|switch|p1a: Jellicent|Jellicent, F, shiny|100/100
|-damage|p1a: Jellicent|88/100|[from] Stealth Rock
|-item|p1a: Jellicent|Air Balloon
|move|p2a: Excadrill|Toxic|p1a: Jellicent
|-status|p1a: Jellicent|tox
|
|-weather|Sandstorm|[upkeep]
|-damage|p1a: Jellicent|82/100 tox|[from] Sandstorm
|-damage|p1a: Jellicent|76/100 tox|[from] psn
|upkeep
|turn|8
|j| asshhhhjk
|
|t:|1721085571
|switch|p1a: Landorus|Landorus-Therian, M, shiny|100/100
|-damage|p1a: Landorus|88/100|[from] Stealth Rock
|-ability|p1a: Landorus|Intimidate|boost
|-unboost|p2a: Excadrill|atk|1
|move|p2a: Excadrill|Protect||[still]
|-fail|p2a: Excadrill
|
|-weather|Sandstorm|[upkeep]
|upkeep
|turn|9
|
|t:|1721085578
|move|p2a: Excadrill|Protect|p2a: Excadrill
|-singleturn|p2a: Excadrill|Protect
|move|p1a: Landorus|Earthquake|p2a: Excadrill
|-activate|p2a: Excadrill|move: Protect
|
|-weather|Sandstorm|[upkeep]
|upkeep
|turn|10
|
|t:|1721085589
|switch|p1a: Skarmory|Skarmory, F, shiny|98/100
|-damage|p1a: Skarmory|86/100|[from] Stealth Rock
|switch|p2a: Skarmory|Skarmory, M|100/100
|-damage|p2a: Skarmory|88/100|[from] Stealth Rock
|
|-weather|Sandstorm|[upkeep]
|-heal|p2a: Skarmory|94/100|[from] item: Leftovers
|upkeep
|turn|11
|
|t:|1721085594
|move|p1a: Skarmory|Taunt|p2a: Skarmory
|-start|p2a: Skarmory|move: Taunt
|cant|p2a: Skarmory|move: Taunt|Spikes
|
|-weather|Sandstorm|[upkeep]
|-heal|p2a: Skarmory|99/100|[from] item: Leftovers
|upkeep
|turn|12
|
|t:|1721085602
|switch|p1a: Lucario|Lucario, F, shiny|100/100
|-damage|p1a: Lucario|98/100|[from] Stealth Rock
|switch|p2a: Excadrill|Excadrill, F|100/100
|-damage|p2a: Excadrill|98/100|[from] Stealth Rock
|-damage|p2a: Excadrill|85/100|[from] Spikes
|-ability|p2a: Excadrill|Mold Breaker
|
|-weather|Sandstorm|[upkeep]
|-heal|p2a: Excadrill|91/100|[from] item: Leftovers
|upkeep
|turn|13
|
|t:|1721085618
|move|p1a: Lucario|Close Combat|p2a: Excadrill
|-supereffective|p2a: Excadrill
|-damage|p2a: Excadrill|0 fnt
|-unboost|p1a: Lucario|def|1
|-unboost|p1a: Lucario|spd|1
|faint|p2a: Excadrill
|-damage|p1a: Lucario|88/100|[from] item: Life Orb
|
|-weather|Sandstorm|[upkeep]
|upkeep
|
|t:|1721085623
|switch|p2a: Gliscor|Gliscor, F|100/100 tox
|-damage|p2a: Gliscor|88/100 tox|[from] Stealth Rock
|turn|14
|
|t:|1721085640
|switch|p1a: Skarmory|Skarmory, F, shiny|86/100
|-damage|p1a: Skarmory|73/100|[from] Stealth Rock
|move|p2a: Gliscor|Knock Off|p1a: Skarmory
|-resisted|p1a: Skarmory
|-damage|p1a: Skarmory|71/100
|
|-weather|Sandstorm|[upkeep]
|-heal|p2a: Gliscor|100/100 tox|[from] ability: Poison Heal
|upkeep
|turn|15
|
|t:|1721085649
|switch|p2a: Skarmory|Skarmory, M|99/100
|-damage|p2a: Skarmory|88/100|[from] Stealth Rock
|move|p1a: Skarmory|Spikes|p2a: Skarmory
|-sidestart|p2: saibie|Spikes
|
|-weather|Sandstorm|[upkeep]
|-heal|p2a: Skarmory|94/100|[from] item: Leftovers
|upkeep
|turn|16
|
|t:|1721085659
|switch|p2a: Gliscor|Gliscor, F|100/100 tox
|-damage|p2a: Gliscor|88/100 tox|[from] Stealth Rock
|move|p1a: Skarmory|Taunt|p2a: Gliscor
|-start|p2a: Gliscor|move: Taunt
|
|-weather|Sandstorm|[upkeep]
|-heal|p2a: Gliscor|100/100 tox|[from] ability: Poison Heal
|upkeep
|turn|17
|
|t:|1721085667
|switch|p2a: Latias|Latias, F|100/100
|-damage|p2a: Latias|88/100|[from] Stealth Rock
|move|p1a: Skarmory|Spikes|p2a: Latias
|-sidestart|p2: saibie|Spikes
|
|-weather|Sandstorm|[upkeep]
|-damage|p2a: Latias|82/100|[from] Sandstorm
|-heal|p2a: Latias|88/100|[from] item: Leftovers
|upkeep
|turn|18
|
|t:|1721085674
|switch|p2a: Skarmory|Skarmory, M|94/100
|-damage|p2a: Skarmory|82/100|[from] Stealth Rock
|move|p1a: Skarmory|Taunt|p2a: Skarmory
|-start|p2a: Skarmory|move: Taunt
|
|-weather|Sandstorm|[upkeep]
|-heal|p2a: Skarmory|88/100|[from] item: Leftovers
|upkeep
|turn|19
|
|t:|1721085694
|move|p1a: Skarmory|Brave Bird|p2a: Skarmory
|-resisted|p2a: Skarmory
|-damage|p2a: Skarmory|72/100
|-damage|p1a: Skarmory|65/100|[from] Recoil
|move|p2a: Skarmory|Brave Bird|p1a: Skarmory
|-resisted|p1a: Skarmory
|-damage|p1a: Skarmory|48/100
|-damage|p2a: Skarmory|68/100|[from] Recoil
|
|-weather|Sandstorm|[upkeep]
|-heal|p2a: Skarmory|74/100|[from] item: Leftovers
|upkeep
|turn|20
|
|t:|1721085702
|move|p1a: Skarmory|Brave Bird|p2a: Skarmory
|-resisted|p2a: Skarmory
|-damage|p2a: Skarmory|57/100
|-damage|p1a: Skarmory|41/100|[from] Recoil
|move|p2a: Skarmory|Brave Bird|p1a: Skarmory
|-resisted|p1a: Skarmory
|-damage|p1a: Skarmory|25/100
|-damage|p2a: Skarmory|53/100|[from] Recoil
|
|-weather|Sandstorm|[upkeep]
|-heal|p2a: Skarmory|59/100|[from] item: Leftovers
|-end|p2a: Skarmory|move: Taunt
|upkeep
|turn|21
|
|t:|1721085706
|move|p1a: Skarmory|Taunt|p2a: Skarmory
|-start|p2a: Skarmory|move: Taunt
|move|p2a: Skarmory|Brave Bird|p1a: Skarmory
|-resisted|p1a: Skarmory
|-damage|p1a: Skarmory|9/100
|-damage|p2a: Skarmory|54/100|[from] Recoil
|
|-weather|Sandstorm|[upkeep]
|-heal|p2a: Skarmory|60/100|[from] item: Leftovers
|upkeep
|turn|22
|
|t:|1721085709
|move|p1a: Skarmory|Brave Bird|p2a: Skarmory
|-resisted|p2a: Skarmory
|-damage|p2a: Skarmory|45/100
|-damage|p1a: Skarmory|3/100|[from] Recoil
|move|p2a: Skarmory|Brave Bird|p1a: Skarmory
|-resisted|p1a: Skarmory
|-damage|p1a: Skarmory|0 fnt
|faint|p1a: Skarmory
|-damage|p2a: Skarmory|44/100|[from] Recoil
|
|-weather|Sandstorm|[upkeep]
|-heal|p2a: Skarmory|50/100|[from] item: Leftovers
|upkeep
|
|t:|1721085714
|switch|p1a: Lucario|Lucario, F, shiny|88/100
|-damage|p1a: Lucario|85/100|[from] Stealth Rock
|turn|23
|
|t:|1721085727
|move|p1a: Lucario|Close Combat|p2a: Skarmory
|-damage|p2a: Skarmory|0 fnt
|-unboost|p1a: Lucario|def|1
|-unboost|p1a: Lucario|spd|1
|faint|p2a: Skarmory
|-damage|p1a: Lucario|75/100|[from] item: Life Orb
|
|-weather|Sandstorm|[upkeep]
|upkeep
|
|t:|1721085730
|switch|p2a: Gliscor|Gliscor, F|100/100 tox
|-damage|p2a: Gliscor|88/100 tox|[from] Stealth Rock
|turn|24
|
|t:|1721085740
|switch|p1a: Landorus|Landorus-Therian, M, shiny|88/100
|-damage|p1a: Landorus|76/100|[from] Stealth Rock
|-ability|p1a: Landorus|Intimidate|boost
|-unboost|p2a: Gliscor|atk|1
|move|p2a: Gliscor|Knock Off|p1a: Landorus
|-damage|p1a: Landorus|73/100
|-enditem|p1a: Landorus|Choice Scarf|[from] move: Knock Off|[of] p2a: Gliscor
|
|-weather|Sandstorm|[upkeep]
|-heal|p2a: Gliscor|100/100 tox|[from] ability: Poison Heal
|upkeep
|turn|25
|
|t:|1721085749
|switch|p2a: Jellicent|Jellicent, M|100/100
|-damage|p2a: Jellicent|88/100|[from] Stealth Rock
|-damage|p2a: Jellicent|63/100|[from] Spikes
|move|p1a: Landorus|Hidden Power|p2a: Jellicent
|-resisted|p2a: Jellicent
|-damage|p2a: Jellicent|57/100
|
|-weather|Sandstorm|[upkeep]
|-damage|p2a: Jellicent|50/100|[from] Sandstorm
|-heal|p2a: Jellicent|57/100|[from] item: Leftovers
|upkeep
|turn|26
|
|t:|1721085763
|move|p1a: Landorus|U-turn|p2a: Jellicent
|-resisted|p2a: Jellicent
|-damage|p2a: Jellicent|45/100
|
|t:|1721085765
|switch|p1a: Jellicent|Jellicent, F, shiny|76/100 tox|[from] U-turn
|-damage|p1a: Jellicent|63/100 tox|[from] Stealth Rock
|-item|p1a: Jellicent|Air Balloon
|move|p2a: Jellicent|Recover|p2a: Jellicent
|-heal|p2a: Jellicent|95/100
|
|-weather|Sandstorm|[upkeep]
|-damage|p1a: Jellicent|57/100 tox|[from] Sandstorm
|-damage|p2a: Jellicent|89/100|[from] Sandstorm
|-heal|p2a: Jellicent|95/100|[from] item: Leftovers
|-damage|p1a: Jellicent|51/100 tox|[from] psn
|upkeep
|turn|27
|
|t:|1721085776
|move|p1a: Jellicent|Recover|p1a: Jellicent
|-heal|p1a: Jellicent|100/100 tox
|move|p2a: Jellicent|Taunt|p1a: Jellicent
|-start|p1a: Jellicent|move: Taunt
|
|-weather|Sandstorm|[upkeep]
|-damage|p1a: Jellicent|94/100 tox|[from] Sandstorm
|-damage|p2a: Jellicent|89/100|[from] Sandstorm
|-heal|p2a: Jellicent|95/100|[from] item: Leftovers
|-damage|p1a: Jellicent|82/100 tox|[from] psn
|upkeep
|turn|28
|
|t:|1721085784
|move|p2a: Jellicent|Night Shade|p1a: Jellicent
|-damage|p1a: Jellicent|57/100 tox
|-enditem|p1a: Jellicent|Air Balloon
|move|p1a: Jellicent|Shadow Ball|p2a: Jellicent
|-supereffective|p2a: Jellicent
|-damage|p2a: Jellicent|54/100
|-unboost|p2a: Jellicent|spd|1
|
|-weather|Sandstorm|[upkeep]
|-damage|p1a: Jellicent|51/100 tox|[from] Sandstorm
|-damage|p2a: Jellicent|48/100|[from] Sandstorm
|-heal|p2a: Jellicent|54/100|[from] item: Leftovers
|-damage|p1a: Jellicent|32/100 tox|[from] psn
|upkeep
|turn|29
|
|t:|1721085796
|switch|p2a: Gliscor|Gliscor, F|100/100 tox
|-damage|p2a: Gliscor|88/100 tox|[from] Stealth Rock
|move|p1a: Jellicent|Shadow Ball|p2a: Gliscor
|-damage|p2a: Gliscor|62/100 tox
|
|-weather|Sandstorm|[upkeep]
|-damage|p1a: Jellicent|26/100 tox|[from] Sandstorm
|-heal|p2a: Gliscor|75/100 tox|[from] ability: Poison Heal
|-damage|p1a: Jellicent|1/100 tox|[from] psn
|upkeep
|turn|30
|
|t:|1721085804
|move|p2a: Gliscor|Protect|p2a: Gliscor
|-singleturn|p2a: Gliscor|Protect
|move|p1a: Jellicent|Shadow Ball|p2a: Gliscor
|-activate|p2a: Gliscor|move: Protect
|
|-weather|Sandstorm|[upkeep]
|-damage|p1a: Jellicent|0 fnt|[from] Sandstorm
|faint|p1a: Jellicent
|-heal|p2a: Gliscor|87/100 tox|[from] ability: Poison Heal
|upkeep
|
|t:|1721085811
|switch|p1a: Alakazam|Alakazam, M, shiny|100/100
|turn|31
|
|t:|1721085819
|move|p2a: Gliscor|Protect|p2a: Gliscor
|-singleturn|p2a: Gliscor|Protect
|move|p1a: Alakazam|Hidden Power|p2a: Gliscor
|-activate|p2a: Gliscor|move: Protect
|
|-weather|Sandstorm|[upkeep]
|-heal|p2a: Gliscor|99/100 tox|[from] ability: Poison Heal
|upkeep
|turn|32
|c|☆Jellium|does that reset?
|c|☆Jellium|or did you win a coin flip
|
|t:|1721085836
|move|p1a: Alakazam|Hidden Power|p2a: Gliscor
|-supereffective|p2a: Gliscor
|-damage|p2a: Gliscor|0 fnt
|faint|p2a: Gliscor
|
|-weather|Sandstorm|[upkeep]
|upkeep
|-message|saibie forfeited.
|
|win|Jellium
|raw|Jellium's rating: 1437 &rarr; <strong>1451</strong><br />(+14 for winning)
|raw|saibie's rating: 1336 &rarr; <strong>1322</strong><br />(-14 for losing)
|l|☆saibie
|player|p2|
