|j|☆kaeizuka
|j|☆Back to BW
|t:|1733844152
|gametype|singles
|player|p1|kaeizuka|whitney|1278
|player|p2|Back to BW|roark|1331
|teamsize|p1|6
|teamsize|p2|6
|gen|5
|tier|[Gen 5] OU
|rated|
|rule|Species Clause: Limit one of each Pokémon
|rule|OHKO Clause: OHKO moves are banned
|rule|Moody Clause: Moody is banned
|rule|Evasion Items Clause: Evasion items are banned
|rule|Evasion Moves Clause: Evasion moves are banned
|rule|Endless Battle Clause: Forcing endless battles is banned
|rule|HP Percentage Mod: HP is shown in percentages
|rule|Evasion Abilities Clause: Evasion abilities are banned
|rule|Sleep Moves Clause: Sleep-inducing moves are banned
|rule|Swagger Clause: Swagger is banned
|rule|Baton Pass Stat Clause: No Baton Passer may have a way to boost its stats
|clearpoke
|poke|p1|Tyranitar, M|item
|poke|p1|Garchomp, F|item
|poke|p1|Dragonite, F|item
|poke|p1|Ferrothorn, F|item
|poke|p1|Starmie|item
|poke|p1|Reuniclus, M|item
|poke|p2|Skarmory, F|item
|poke|p2|Jellicent, F|item
|poke|p2|Landorus-Therian, M|item
|poke|p2|Lucario, M|item
|poke|p2|Tyranitar, F|item
|poke|p2|Alakazam, M|item
|teampreview
|inactive|Battle timer is ON: inactive players will automatically lose when time's up. (requested by kaeizuka)
|
|t:|1733844178
|start
|switch|p1a: Dragonite|Dragonite, F|100/100
|switch|p2a: Tyranitar|Tyranitar, F, shiny|100/100
|-weather|Sandstorm|[from] ability: Sand Stream|[of] p2a: Tyranitar
|turn|1
|inactive|kaeizuka has 120 seconds left.
|
|t:|1733844211
|move|p2a: Tyranitar|Ice Beam|p1a: Dragonite
|-supereffective|p1a: Dragonite
|-damage|p1a: Dragonite|70/100
|move|p1a: Dragonite|Thunder Wave|p2a: Tyranitar
|-status|p2a: Tyranitar|par
|
|-weather|Sandstorm|[upkeep]
|-damage|p1a: Dragonite|64/100|[from] Sandstorm
|-heal|p1a: Dragonite|70/100|[from] item: Leftovers
|upkeep
|turn|2
|
|t:|1733844230
|switch|p1a: Ferrothorn|Ferrothorn, F|100/100
|switch|p2a: Landorus|Landorus-Therian, M, shiny|100/100
|-ability|p2a: Landorus|Intimidate|boost
|-unboost|p1a: Ferrothorn|atk|1
|
|-weather|Sandstorm|[upkeep]
|upkeep
|turn|3
|
|t:|1733844249
|move|p2a: Landorus|U-turn|p1a: Ferrothorn
|-damage|p1a: Ferrothorn|83/100
|-damage|p2a: Landorus|88/100|[from] ability: Iron Barbs|[of] p1a: Ferrothorn
|
|t:|1733844254
|switch|p2a: Alakazam|Alakazam, M, shiny|100/100|[from] U-turn
|move|p1a: Ferrothorn|Stealth Rock|p2a: Alakazam
|-sidestart|p2: Back to BW|move: Stealth Rock
|
|-weather|Sandstorm|[upkeep]
|-heal|p1a: Ferrothorn|89/100|[from] item: Leftovers
|upkeep
|turn|4
|
|t:|1733844262
|switch|p1a: Reuniclus|Reuniclus, M|100/100
|move|p2a: Alakazam|Focus Blast|p1a: Reuniclus
|-resisted|p1a: Reuniclus
|-damage|p1a: Reuniclus|81/100
|
|-weather|Sandstorm|[upkeep]
|-heal|p1a: Reuniclus|88/100|[from] item: Leftovers
|upkeep
|turn|5
|
|t:|1733844270
|move|p2a: Alakazam|Shadow Ball|p1a: Reuniclus
|-supereffective|p1a: Reuniclus
|-damage|p1a: Reuniclus|32/100
|move|p1a: Reuniclus|Calm Mind|p1a: Reuniclus
|-boost|p1a: Reuniclus|spa|1
|-boost|p1a: Reuniclus|spd|1
|
|-weather|Sandstorm|[upkeep]
|-heal|p1a: Reuniclus|38/100|[from] item: Leftovers
|upkeep
|turn|6
|
|t:|1733844279
|move|p2a: Alakazam|Shadow Ball|p1a: Reuniclus
|-supereffective|p1a: Reuniclus
|-damage|p1a: Reuniclus|4/100
|move|p1a: Reuniclus|Recover|p1a: Reuniclus
|-heal|p1a: Reuniclus|54/100
|
|-weather|Sandstorm|[upkeep]
|-heal|p1a: Reuniclus|60/100|[from] item: Leftovers
|upkeep
|turn|7
|
|t:|1733844290
|move|p2a: Alakazam|Shadow Ball|p1a: Reuniclus
|-supereffective|p1a: Reuniclus
|-damage|p1a: Reuniclus|25/100
|move|p1a: Reuniclus|Calm Mind|p1a: Reuniclus
|-boost|p1a: Reuniclus|spa|1
|-boost|p1a: Reuniclus|spd|1
|
|-weather|Sandstorm|[upkeep]
|-heal|p1a: Reuniclus|31/100|[from] item: Leftovers
|upkeep
|turn|8
|
|t:|1733844299
|move|p2a: Alakazam|Shadow Ball|p1a: Reuniclus
|-supereffective|p1a: Reuniclus
|-damage|p1a: Reuniclus|2/100
|-unboost|p1a: Reuniclus|spd|1
|move|p1a: Reuniclus|Recover|p1a: Reuniclus
|-heal|p1a: Reuniclus|52/100
|
|-weather|Sandstorm|[upkeep]
|-heal|p1a: Reuniclus|58/100|[from] item: Leftovers
|upkeep
|turn|9
|
|t:|1733844309
|move|p2a: Alakazam|Shadow Ball|p1a: Reuniclus
|-supereffective|p1a: Reuniclus
|-damage|p1a: Reuniclus|22/100
|move|p1a: Reuniclus|Psyshock|p2a: Alakazam
|-resisted|p2a: Alakazam
|-damage|p2a: Alakazam|20/100
|
|-weather|Sandstorm|[upkeep]
|-heal|p1a: Reuniclus|28/100|[from] item: Leftovers
|upkeep
|turn|10
|
|t:|1733844336
|switch|p1a: Ferrothorn|Ferrothorn, F|89/100
|move|p2a: Alakazam|Shadow Ball|p1a: Ferrothorn
|-resisted|p1a: Ferrothorn
|-damage|p1a: Ferrothorn|79/100
|
|-weather|Sandstorm|[upkeep]
|-heal|p1a: Ferrothorn|85/100|[from] item: Leftovers
|upkeep
|turn|11
|
|t:|1733844348
|move|p2a: Alakazam|Focus Blast|p1a: Ferrothorn
|-supereffective|p1a: Ferrothorn
|-damage|p1a: Ferrothorn|28/100
|move|p1a: Ferrothorn|Power Whip|p2a: Alakazam
|-damage|p2a: Alakazam|0 fnt
|faint|p2a: Alakazam
|
|-weather|Sandstorm|[upkeep]
|-heal|p1a: Ferrothorn|35/100|[from] item: Leftovers
|upkeep
|
|t:|1733844366
|switch|p2a: Lucario|Lucario, M, shiny|100/100
|-damage|p2a: Lucario|98/100|[from] Stealth Rock
|turn|12
|
|t:|1733844384
|move|p2a: Lucario|Swords Dance|p2a: Lucario
|-boost|p2a: Lucario|atk|2
|move|p1a: Ferrothorn|Leech Seed|p2a: Lucario|[miss]
|-miss|p1a: Ferrothorn|p2a: Lucario
|
|-weather|Sandstorm|[upkeep]
|-heal|p1a: Ferrothorn|41/100|[from] item: Leftovers
|upkeep
|turn|13
|
|t:|1733844396
|move|p2a: Lucario|Crunch|p1a: Ferrothorn
|-resisted|p1a: Ferrothorn
|-damage|p1a: Ferrothorn|18/100
|-damage|p2a: Lucario|85/100|[from] ability: Iron Barbs|[of] p1a: Ferrothorn
|-damage|p2a: Lucario|75/100|[from] item: Life Orb
|move|p1a: Ferrothorn|Leech Seed|p2a: Lucario
|-start|p2a: Lucario|move: Leech Seed
|
|-weather|Sandstorm|[upkeep]
|-heal|p1a: Ferrothorn|24/100|[from] item: Leftovers
|-damage|p2a: Lucario|63/100|[from] Leech Seed|[of] p1a: Ferrothorn
|-heal|p1a: Ferrothorn|34/100|[silent]
|upkeep
|turn|14
|
|t:|1733844407
|switch|p1a: Reuniclus|Reuniclus, M|28/100
|move|p2a: Lucario|Close Combat|p1a: Reuniclus
|-resisted|p1a: Reuniclus
|-damage|p1a: Reuniclus|0 fnt
|-unboost|p2a: Lucario|def|1
|-unboost|p2a: Lucario|spd|1
|faint|p1a: Reuniclus
|-damage|p2a: Lucario|53/100|[from] item: Life Orb
|
|-weather|Sandstorm|[upkeep]
|upkeep
|
|t:|1733844416
|switch|p1a: Tyranitar|Tyranitar, M|100/100
|turn|15
|
|t:|1733844422
|move|p1a: Tyranitar|Superpower|p2a: Lucario
|-supereffective|p2a: Lucario
|-damage|p2a: Lucario|0 fnt
|-unboost|p1a: Tyranitar|atk|1
|-unboost|p1a: Tyranitar|def|1
|faint|p2a: Lucario
|
|-weather|Sandstorm|[upkeep]
|upkeep
|
|t:|1733844431
|switch|p2a: Landorus|Landorus-Therian, M, shiny|88/100
|-damage|p2a: Landorus|76/100|[from] Stealth Rock
|-ability|p2a: Landorus|Intimidate|boost
|-unboost|p1a: Tyranitar|atk|1
|turn|16
|
|t:|1733844459
|switch|p1a: Starmie|Starmie|100/100
|move|p2a: Landorus|U-turn|p1a: Starmie
|-supereffective|p1a: Starmie
|-damage|p1a: Starmie|47/100
|
|t:|1733844467
|switch|p2a: Tyranitar|Tyranitar, F, shiny|100/100 par|[from] U-turn
|-damage|p2a: Tyranitar|88/100 par|[from] Stealth Rock
|
|-weather|Sandstorm|[upkeep]
|-damage|p1a: Starmie|41/100|[from] Sandstorm
|-heal|p1a: Starmie|47/100|[from] item: Leftovers
|upkeep
|turn|17
|
|t:|1733844483
|-activate|p1a: Starmie|move: Pursuit
|move|p2a: Tyranitar|Pursuit|p1a: Starmie|[from]Pursuit
|-supereffective|p1a: Starmie
|-damage|p1a: Starmie|0 fnt
|faint|p1a: Starmie
|-hint|A Pokemon can't switch between when it runs out of HP and when it faints
|
|-weather|Sandstorm|[upkeep]
|upkeep
|inactive|kaeizuka has 120 seconds left.
|
|t:|1733844497
|switch|p1a: Ferrothorn|Ferrothorn, F|34/100
|turn|18
|
|t:|1733844508
|switch|p2a: Skarmory|Skarmory, F, shiny|100/100
|-damage|p2a: Skarmory|88/100|[from] Stealth Rock
|move|p1a: Ferrothorn|Power Whip|p2a: Skarmory|[miss]
|-miss|p1a: Ferrothorn|p2a: Skarmory
|
|-weather|Sandstorm|[upkeep]
|-heal|p1a: Ferrothorn|40/100|[from] item: Leftovers
|upkeep
|turn|19
|
|t:|1733844521
|switch|p1a: Dragonite|Dragonite, F|70/100
|move|p2a: Skarmory|Taunt|p1a: Dragonite
|-start|p1a: Dragonite|move: Taunt
|
|-weather|Sandstorm|[upkeep]
|-damage|p1a: Dragonite|64/100|[from] Sandstorm
|-heal|p1a: Dragonite|70/100|[from] item: Leftovers
|upkeep
|turn|20
|
|t:|1733844531
|switch|p2a: Tyranitar|Tyranitar, F, shiny|88/100 par
|-damage|p2a: Tyranitar|76/100 par|[from] Stealth Rock
|move|p1a: Dragonite|Fire Blast|p2a: Tyranitar
|-resisted|p2a: Tyranitar
|-damage|p2a: Tyranitar|66/100 par
|
|-weather|Sandstorm|[upkeep]
|-damage|p1a: Dragonite|64/100|[from] Sandstorm
|-heal|p1a: Dragonite|70/100|[from] item: Leftovers
|upkeep
|turn|21
|
|t:|1733844545
|switch|p1a: Tyranitar|Tyranitar, M|100/100
|move|p2a: Tyranitar|Superpower|p1a: Tyranitar
|-supereffective|p1a: Tyranitar
|-damage|p1a: Tyranitar|0 fnt
|-unboost|p2a: Tyranitar|atk|1
|-unboost|p2a: Tyranitar|def|1
|faint|p1a: Tyranitar
|
|-weather|Sandstorm|[upkeep]
|upkeep
|
|t:|1733844553
|switch|p1a: Garchomp|Garchomp, F|100/100
|turn|22
|
|t:|1733844557
|switch|p2a: Skarmory|Skarmory, F, shiny|88/100
|-damage|p2a: Skarmory|75/100|[from] Stealth Rock
|move|p1a: Garchomp|Substitute|p1a: Garchomp
|-start|p1a: Garchomp|Substitute
|-damage|p1a: Garchomp|76/100
|
|-weather|Sandstorm|[upkeep]
|upkeep
|turn|23
|
|t:|1733844565
|move|p1a: Garchomp|Swords Dance|p1a: Garchomp
|-boost|p1a: Garchomp|atk|2
|move|p2a: Skarmory|Taunt|p1a: Garchomp
|-start|p1a: Garchomp|move: Taunt
|
|-weather|Sandstorm|[upkeep]
|upkeep
|turn|24
|
|t:|1733844575
|move|p1a: Garchomp|Outrage|p2a: Skarmory
|-resisted|p2a: Skarmory
|-damage|p2a: Skarmory|9/100
|move|p2a: Skarmory|Brave Bird|p1a: Garchomp
|-end|p1a: Garchomp|Substitute
|-damage|p2a: Skarmory|0 fnt|[from] Recoil|[of] p1a: Garchomp
|faint|p2a: Skarmory
|
|-weather|Sandstorm|[upkeep]
|upkeep
|
|t:|1733844584
|switch|p2a: Landorus|Landorus-Therian, M, shiny|76/100
|-damage|p2a: Landorus|63/100|[from] Stealth Rock
|-ability|p2a: Landorus|Intimidate|boost
|-unboost|p1a: Garchomp|atk|1
|turn|25
|
|t:|1733844590
|move|p2a: Landorus|Hidden Power|p1a: Garchomp
|-supereffective|p1a: Garchomp
|-enditem|p1a: Garchomp|Yache Berry|[eat]
|-enditem|p1a: Garchomp|Yache Berry|[weaken]
|-damage|p1a: Garchomp|42/100
|move|p1a: Garchomp|Outrage|p2a: Landorus|[from]lockedmove
|-damage|p2a: Landorus|0 fnt
|faint|p2a: Landorus
|
|-weather|Sandstorm|[upkeep]
|upkeep
|
|t:|1733844601
|switch|p2a: Jellicent|Jellicent, F, shiny|100/100
|-damage|p2a: Jellicent|88/100|[from] Stealth Rock
|-item|p2a: Jellicent|Air Balloon
|turn|26
|
|t:|1733844607
|move|p1a: Garchomp|Outrage|p2a: Jellicent|[from]lockedmove
|-damage|p2a: Jellicent|0 fnt
|-enditem|p2a: Jellicent|Air Balloon
|faint|p2a: Jellicent
|-start|p1a: Garchomp|confusion|[fatigue]
|
|-weather|Sandstorm|[upkeep]
|-end|p1a: Garchomp|move: Taunt
|upkeep
|
|t:|1733844615
|switch|p2a: Tyranitar|Tyranitar, F, shiny|66/100 par
|-damage|p2a: Tyranitar|54/100 par|[from] Stealth Rock
|turn|27
|
|t:|1733844620
|switch|p1a: Ferrothorn|Ferrothorn, F|40/100
|move|p2a: Tyranitar|Ice Beam|p1a: Ferrothorn
|-damage|p1a: Ferrothorn|26/100
|
|-weather|Sandstorm|[upkeep]
|-heal|p1a: Ferrothorn|32/100|[from] item: Leftovers
|upkeep
|turn|28
|
|t:|1733844627
|cant|p2a: Tyranitar|par
|move|p1a: Ferrothorn|Leech Seed|p2a: Tyranitar
|-start|p2a: Tyranitar|move: Leech Seed
|
|-weather|Sandstorm|[upkeep]
|-heal|p1a: Ferrothorn|39/100|[from] item: Leftovers
|-damage|p2a: Tyranitar|41/100 par|[from] Leech Seed|[of] p1a: Ferrothorn
|-heal|p1a: Ferrothorn|50/100|[silent]
|upkeep
|turn|29
|
|t:|1733844636
|move|p2a: Tyranitar|Ice Beam|p1a: Ferrothorn
|-damage|p1a: Ferrothorn|35/100
|move|p1a: Ferrothorn|Power Whip|p2a: Tyranitar
|-supereffective|p2a: Tyranitar
|-damage|p2a: Tyranitar|0 fnt
|faint|p2a: Tyranitar
|
|win|kaeizuka
|raw|kaeizuka's rating: 1278 &rarr; <strong>1307</strong><br />(+29 for winning)
|raw|Back to BW's rating: 1331 &rarr; <strong>1308</strong><br />(-23 for losing)
|c|☆kaeizuka|gg
