|j|☆chomp29
|j|☆nze nze
|t:|1736388621
|gametype|singles
|player|p1|chomp29|lucas|1575
|player|p2|nze nze|bruno|1325
|teamsize|p1|6
|teamsize|p2|6
|gen|5
|tier|[Gen 5] OU
|rated|
|rule|Species Clause: Limit one of each Pokémon
|rule|OHKO Clause: OHKO moves are banned
|rule|Moody Clause: Moody is banned
|rule|Evasion Items Clause: Evasion items are banned
|rule|Evasion Moves Clause: Evasion moves are banned
|rule|Endless Battle Clause: Forcing endless battles is banned
|rule|HP Percentage Mod: HP is shown in percentages
|rule|Evasion Abilities Clause: Evasion abilities are banned
|rule|Sleep Moves Clause: Sleep-inducing moves are banned
|rule|Swagger Clause: Swagger is banned
|rule|Baton Pass Stat Clause: No Baton Passer may have a way to boost its stats
|clearpoke
|poke|p1|Excadrill, F|item
|poke|p1|Ferrothorn, M|item
|poke|p1|Thundurus-Therian, M|item
|poke|p1|Blastoise, M|item
|poke|p1|Politoed, M|item
|poke|p1|Starmie|item
|poke|p2|Garchomp, M|item
|poke|p2|Volcarona, F|item
|poke|p2|Dragonite, M|item
|poke|p2|Breloom, F|item
|poke|p2|Starmie|item
|poke|p2|Scizor, F|item
|teampreview
|inactive|Battle timer is ON: inactive players will automatically lose when time's up. (requested by chomp29)
|inactive|nze nze also wants the timer to be on.
|c|☆chomp29|Glhf
|inactive|chomp29 has 120 seconds left.
|inactive|nze nze has 120 seconds left.
|inactive|chomp29 has 90 seconds left.
|
|t:|1736388682
|start
|switch|p1a: Politoed|Politoed, M|100/100
|switch|p2a: Garchomp|Garchomp, M|100/100
|-weather|RainDance|[from] ability: Drizzle|[of] p1a: Politoed
|turn|1
|
|t:|1736388685
|move|p2a: Garchomp|Stealth Rock|p1a: Politoed
|-sidestart|p1: chomp29|move: Stealth Rock
|move|p1a: Politoed|Scald|p2a: Garchomp
|-damage|p2a: Garchomp|46/100
|-status|p2a: Garchomp|brn
|
|-weather|RainDance|[upkeep]
|-damage|p2a: Garchomp|34/100 brn|[from] brn
|upkeep
|turn|2
|
|t:|1736388691
|switch|p1a: Blastoise|Blastoise, M|100/100
|-damage|p1a: Blastoise|88/100|[from] Stealth Rock
|move|p2a: Garchomp|Outrage|p1a: Blastoise
|-damage|p1a: Blastoise|60/100
|
|-weather|RainDance|[upkeep]
|-heal|p1a: Blastoise|66/100|[from] ability: Rain Dish
|-heal|p1a: Blastoise|72/100|[from] item: Leftovers
|-damage|p2a: Garchomp|22/100 brn|[from] brn
|upkeep
|turn|3
|
|t:|1736388697
|move|p1a: Blastoise|Protect|p1a: Blastoise
|-singleturn|p1a: Blastoise|Protect
|move|p2a: Garchomp|Outrage|p1a: Blastoise|[from]lockedmove
|-activate|p1a: Blastoise|move: Protect
|-start|p2a: Garchomp|confusion|[fatigue]
|
|-weather|RainDance|[upkeep]
|-heal|p1a: Blastoise|79/100|[from] ability: Rain Dish
|-heal|p1a: Blastoise|85/100|[from] item: Leftovers
|-damage|p2a: Garchomp|9/100 brn|[from] brn
|upkeep
|turn|4
|
|t:|1736388723
|switch|p2a: Starmie|Starmie|100/100
|-item|p2a: Starmie|Air Balloon
|move|p1a: Blastoise|Scald|p2a: Starmie
|-resisted|p2a: Starmie
|-damage|p2a: Starmie|71/100
|-enditem|p2a: Starmie|Air Balloon
|
|-weather|RainDance|[upkeep]
|-heal|p1a: Blastoise|91/100|[from] ability: Rain Dish
|-heal|p1a: Blastoise|97/100|[from] item: Leftovers
|upkeep
|turn|5
|
|t:|1736388729
|move|p2a: Starmie|Thunderbolt|p1a: Blastoise
|-supereffective|p1a: Blastoise
|-damage|p1a: Blastoise|50/100
|move|p1a: Blastoise|Toxic|p2a: Starmie
|-status|p2a: Starmie|tox
|
|-weather|RainDance|[upkeep]
|-heal|p1a: Blastoise|56/100|[from] ability: Rain Dish
|-heal|p1a: Blastoise|62/100|[from] item: Leftovers
|-damage|p2a: Starmie|65/100 tox|[from] psn
|upkeep
|turn|6
|
|t:|1736388733
|switch|p2a: Breloom|Breloom, F|100/100
|move|p1a: Blastoise|Scald|p2a: Breloom
|-resisted|p2a: Breloom
|-damage|p2a: Breloom|62/100
|
|-weather|RainDance|[upkeep]
|-heal|p1a: Blastoise|68/100|[from] ability: Rain Dish
|-heal|p1a: Blastoise|75/100|[from] item: Leftovers
|upkeep
|turn|7
|
|t:|1736388739
|move|p1a: Blastoise|Protect|p1a: Blastoise
|-singleturn|p1a: Blastoise|Protect
|move|p2a: Breloom|Swords Dance|p2a: Breloom
|-boost|p2a: Breloom|atk|2
|
|-weather|RainDance|[upkeep]
|-heal|p1a: Blastoise|81/100|[from] ability: Rain Dish
|-heal|p1a: Blastoise|87/100|[from] item: Leftovers
|upkeep
|turn|8
|
|t:|1736388756
|move|p2a: Breloom|Low Sweep|p1a: Blastoise
|-damage|p1a: Blastoise|0 fnt
|faint|p1a: Blastoise
|-damage|p2a: Breloom|52/100|[from] item: Life Orb
|
|-weather|RainDance|[upkeep]
|upkeep
|inactive|chomp29 has 120 seconds left.
|
|t:|1736388795
|switch|p1a: Starmie|Starmie|100/100
|-damage|p1a: Starmie|88/100|[from] Stealth Rock
|-item|p1a: Starmie|Air Balloon
|turn|9
|
|t:|1736388819
|move|p2a: Breloom|Mach Punch|p1a: Starmie
|-resisted|p1a: Starmie
|-damage|p1a: Starmie|27/100
|-enditem|p1a: Starmie|Air Balloon
|-damage|p2a: Breloom|42/100|[from] item: Life Orb
|move|p1a: Starmie|Hydro Pump|p2a: Breloom
|-resisted|p2a: Breloom
|-damage|p2a: Breloom|0 fnt
|faint|p2a: Breloom
|
|-weather|RainDance|[upkeep]
|upkeep
|
|t:|1736388831
|switch|p2a: Scizor|Scizor, F|100/100
|turn|10
|
|t:|1736388836
|switch|p1a: Politoed|Politoed, M|100/100
|-damage|p1a: Politoed|88/100|[from] Stealth Rock
|move|p2a: Scizor|Bullet Punch|p1a: Politoed
|-resisted|p1a: Politoed
|-damage|p1a: Politoed|65/100
|-damage|p2a: Scizor|91/100|[from] item: Life Orb
|
|-weather|RainDance|[upkeep]
|upkeep
|turn|11
|
|t:|1736388849
|switch|p2a: Garchomp|Garchomp, M|9/100 brn
|move|p1a: Politoed|Hydro Pump|p2a: Garchomp
|-damage|p2a: Garchomp|0 fnt
|faint|p2a: Garchomp
|
|-weather|RainDance|[upkeep]
|upkeep
|
|t:|1736388857
|switch|p2a: Dragonite|Dragonite, M|100/100
|turn|12
|inactive|chomp29 has 120 seconds left.
|
|t:|1736388884
|move|p2a: Dragonite|Dragon Dance|p2a: Dragonite
|-boost|p2a: Dragonite|atk|1
|-boost|p2a: Dragonite|spe|1
|move|p1a: Politoed|Scald|p2a: Dragonite
|-resisted|p2a: Dragonite
|-damage|p2a: Dragonite|87/100
|-status|p2a: Dragonite|brn
|-enditem|p2a: Dragonite|Lum Berry|[eat]
|-curestatus|p2a: Dragonite|brn|[msg]
|
|-weather|RainDance|[upkeep]
|upkeep
|turn|13
|inactive|nze nze has 120 seconds left.
|
|t:|1736388928
|move|p2a: Dragonite|Dragon Dance|p2a: Dragonite
|-boost|p2a: Dragonite|atk|1
|-boost|p2a: Dragonite|spe|1
|move|p1a: Politoed|Hydro Pump|p2a: Dragonite
|-resisted|p2a: Dragonite
|-damage|p2a: Dragonite|49/100
|
|-weather|RainDance|[upkeep]
|upkeep
|turn|14
|
|t:|1736388938
|move|p2a: Dragonite|Extreme Speed|p1a: Politoed
|-crit|p1a: Politoed
|-damage|p1a: Politoed|0 fnt
|faint|p1a: Politoed
|
|-weather|RainDance|[upkeep]
|upkeep
|inactive|chomp29 has 90 seconds left.
|c|☆chomp29|Fuck
|inactive|chomp29 has 60 seconds left.
|
|t:|1736389009
|switch|p1a: Thundurus|Thundurus-Therian, M|100/100
|-damage|p1a: Thundurus|76/100|[from] Stealth Rock
|turn|15
|inactive|nze nze has 120 seconds left.
|
|t:|1736389028
|move|p2a: Dragonite|Fire Punch|p1a: Thundurus
|-damage|p1a: Thundurus|42/100
|-enditem|p1a: Thundurus|Sitrus Berry|[eat]
|-heal|p1a: Thundurus|67/100|[from] item: Sitrus Berry
|move|p1a: Thundurus|Thunder|p2a: Dragonite
|-crit|p2a: Dragonite
|-damage|p2a: Dragonite|0 fnt
|faint|p2a: Dragonite
|
|-weather|RainDance|[upkeep]
|upkeep
|inactive|nze nze has 120 seconds left.
|
|t:|1736389036
|switch|p2a: Starmie|Starmie|65/100 tox
|turn|16
|inactive|chomp29 has 60 seconds left.
|
|t:|1736389050
|switch|p1a: Ferrothorn|Ferrothorn, M|100/100
|-damage|p1a: Ferrothorn|94/100|[from] Stealth Rock
|move|p2a: Starmie|Hydro Pump|p1a: Ferrothorn
|-resisted|p1a: Ferrothorn
|-damage|p1a: Ferrothorn|63/100
|
|-weather|RainDance|[upkeep]
|-heal|p1a: Ferrothorn|69/100|[from] item: Leftovers
|-damage|p2a: Starmie|59/100 tox|[from] psn
|upkeep
|turn|17
|
|t:|1736389054
|switch|p2a: Volcarona|Volcarona, F|100/100
|switch|p1a: Starmie|Starmie|27/100
|-damage|p1a: Starmie|15/100|[from] Stealth Rock
|
|-weather|RainDance|[upkeep]
|upkeep
|turn|18
|
|t:|1736389071
|switch|p2a: Starmie|Starmie|59/100 tox
|move|p1a: Starmie|Surf|p2a: Starmie
|-resisted|p2a: Starmie
|-damage|p2a: Starmie|0 fnt
|faint|p2a: Starmie
|
|-weather|RainDance|[upkeep]
|upkeep
|
|t:|1736389074
|switch|p2a: Scizor|Scizor, F|91/100
|turn|19
|inactive|chomp29 has 60 seconds left.
|
|t:|1736389103
|move|p1a: Starmie|Surf|p2a: Scizor
|-damage|p2a: Scizor|0 fnt
|faint|p2a: Scizor
|
|-weather|RainDance|[upkeep]
|upkeep
|-message|nze nze forfeited.
|
|win|chomp29
|raw|chomp29's rating: 1575 &rarr; <strong>1583</strong><br />(+8 for winning)
|raw|nze nze's rating: 1325 &rarr; <strong>1317</strong><br />(-8 for losing)
|l|☆nze nze
|player|p2|
