|j|☆CroCoeur
|j|☆praise the sand
|player|p1|CroCoeur|161
|player|p2|praise the sand|167
|teamsize|p1|6
|teamsize|p2|6
|gametype|singles
|gen|5
|tier|[Gen 5] OU
|rated|
|rule|Sleep Clause Mod: Limit one foe put to sleep
|rule|Species Clause: Limit one of each Pokémon
|rule|OHKO Clause: OHKO moves are banned
|rule|Moody Clause: Moody is banned
|rule|Evasion Moves Clause: Evasion moves are banned
|rule|Endless Battle Clause: Forcing endless battles is banned
|rule|HP Percentage Mod: HP is shown in percentages
|rule|Evasion Abilities Clause: Evasion abilities are banned
|rule|Baton Pass Clause: Limit one Baton Passer, can't pass Spe and other stats simultaneously
|rule|Swagger Clause: Swagger is banned
|clearpoke
|poke|p1|Heatran, M|item
|poke|p1|Gliscor, F|item
|poke|p1|Tyranitar, M|item
|poke|p1|Terrakion|item
|poke|p1|Skarmory, F|item
|poke|p1|Ferrothorn, M|item
|poke|p2|Gliscor, F|item
|poke|p2|Skarmory, M|item
|poke|p2|Tyranitar, F|item
|poke|p2|Jellicent, M|item
|poke|p2|Heatran, F|item
|poke|p2|Latios, M|item
|teampreview
|inactive|Battle timer is ON: inactive players will automatically lose when time's up. (requested by praise the sand)
|
|start
|switch|p1a: Tyranitar|Tyranitar, M|100/100
|switch|p2a: Gliscor|Gliscor, F|100/100
|-weather|Sandstorm|[from] ability: Sand Stream|[of] p1a: Tyranitar
|turn|1
|
|move|p2a: Gliscor|Taunt|p1a: Tyranitar
|-start|p1a: Tyranitar|move: Taunt
|move|p1a: Tyranitar|Ice Beam|p2a: Gliscor
|-supereffective|p2a: Gliscor
|-damage|p2a: Gliscor|0 fnt
|faint|p2a: Gliscor
|
|-weather|Sandstorm|[upkeep]
|upkeep
|
|switch|p2a: Heatran|Heatran, F|100/100
|turn|2
|
|switch|p1a: Heatran|Heatran, M|100/100
|-item|p1a: Heatran|Air Balloon
|move|p2a: Heatran|Stealth Rock|p1a: Heatran
|-sidestart|p1: CroCoeur|move: Stealth Rock
|
|-weather|Sandstorm|[upkeep]
|upkeep
|turn|3
|
|switch|p2a: Tyranitar|Tyranitar, F|100/100
|move|p1a: Heatran|Earth Power|p2a: Tyranitar
|-supereffective|p2a: Tyranitar
|-damage|p2a: Tyranitar|56/100
|
|-weather|Sandstorm|[upkeep]
|upkeep
|turn|4
|
|-activate|p1a: Heatran|move: Pursuit
|move|p2a: Tyranitar|Pursuit|p1a: Heatran|[from]Pursuit
|-resisted|p1a: Heatran
|-damage|p1a: Heatran|81/100
|-enditem|p1a: Heatran|Air Balloon
|switch|p1a: Ferrothorn|Ferrothorn, M|100/100
|-damage|p1a: Ferrothorn|94/100|[from] Stealth Rock
|
|-weather|Sandstorm|[upkeep]
|-heal|p1a: Ferrothorn|100/100|[from] item: Leftovers
|upkeep
|turn|5
|
|switch|p2a: Skarmory|Skarmory, M|100/100
|move|p1a: Ferrothorn|Thunder Wave|p2a: Skarmory
|-status|p2a: Skarmory|par
|
|-weather|Sandstorm|[upkeep]
|upkeep
|turn|6
|
|move|p1a: Ferrothorn|Knock Off|p2a: Skarmory
|-resisted|p2a: Skarmory
|-crit|p2a: Skarmory
|-damage|p2a: Skarmory|98/100 par
|-damage|p1a: Ferrothorn|84/100|[from] item: Rocky Helmet|[of] p2a: Skarmory
|-enditem|p2a: Skarmory|Rocky Helmet|[from] move: Knock Off|[of] p1a: Ferrothorn
|move|p2a: Skarmory|Spikes|p1a: Ferrothorn
|-sidestart|p1: CroCoeur|Spikes
|
|-weather|Sandstorm|[upkeep]
|-heal|p1a: Ferrothorn|90/100|[from] item: Leftovers
|upkeep
|turn|7
|
|switch|p2a: Heatran|Heatran, F|100/100
|move|p1a: Ferrothorn|Leech Seed|p2a: Heatran
|-start|p2a: Heatran|move: Leech Seed
|
|-weather|Sandstorm|[upkeep]
|-heal|p1a: Ferrothorn|97/100|[from] item: Leftovers
|-damage|p2a: Heatran|88/100|[from] Leech Seed|[of] p1a: Ferrothorn
|-heal|p1a: Ferrothorn|100/100|[silent]
|upkeep
|turn|8
|
|switch|p2a: Latios|Latios, M|100/100
|switch|p1a: Heatran|Heatran, M|81/100
|-damage|p1a: Heatran|68/100|[from] Stealth Rock
|-damage|p1a: Heatran|56/100|[from] Spikes
|
|-weather|Sandstorm|[upkeep]
|-damage|p2a: Latios|95/100|[from] Sandstorm
|upkeep
|turn|9
|
|move|p2a: Latios|Surf|p1a: Heatran
|-supereffective|p1a: Heatran
|-damage|p1a: Heatran|0 fnt
|faint|p1a: Heatran
|
|-weather|Sandstorm|[upkeep]
|-damage|p2a: Latios|89/100|[from] Sandstorm
|upkeep
|
|switch|p1a: Tyranitar|Tyranitar, M|100/100
|-damage|p1a: Tyranitar|88/100|[from] Spikes
|-damage|p1a: Tyranitar|76/100|[from] Stealth Rock
|turn|10
|
|move|p2a: Latios|Surf|p1a: Tyranitar
|-supereffective|p1a: Tyranitar
|-damage|p1a: Tyranitar|6/100
|move|p1a: Tyranitar|Stealth Rock|p2a: Latios
|-sidestart|p2: praise the sand|move: Stealth Rock
|
|-weather|Sandstorm|[upkeep]
|-damage|p2a: Latios|83/100|[from] Sandstorm
|upkeep
|turn|11
|
|move|p2a: Latios|Surf|p1a: Tyranitar
|-supereffective|p1a: Tyranitar
|-damage|p1a: Tyranitar|0 fnt
|faint|p1a: Tyranitar
|
|-weather|Sandstorm|[upkeep]
|-damage|p2a: Latios|77/100|[from] Sandstorm
|upkeep
|
|switch|p1a: Ferrothorn|Ferrothorn, M|100/100
|-damage|p1a: Ferrothorn|94/100|[from] Stealth Rock
|-damage|p1a: Ferrothorn|82/100|[from] Spikes
|turn|12
|
|switch|p2a: Skarmory|Skarmory, M|98/100 par
|-damage|p2a: Skarmory|85/100 par|[from] Stealth Rock
|move|p1a: Ferrothorn|Thunder Wave|p2a: Skarmory
|-fail|p2a: Skarmory|par
|
|-weather|Sandstorm|[upkeep]
|-heal|p1a: Ferrothorn|88/100|[from] item: Leftovers
|upkeep
|turn|13
|
|switch|p1a: Skarmory|Skarmory, F|100/100
|-damage|p1a: Skarmory|88/100|[from] Stealth Rock
|move|p2a: Skarmory|Spikes|p1a: Skarmory
|-sidestart|p1: CroCoeur|Spikes
|
|-weather|Sandstorm|[upkeep]
|-heal|p1a: Skarmory|94/100|[from] item: Leftovers
|upkeep
|turn|14
|
|switch|p2a: Heatran|Heatran, F|88/100
|-damage|p2a: Heatran|76/100|[from] Stealth Rock
|move|p1a: Skarmory|Spikes|p2a: Heatran
|-sidestart|p2: praise the sand|Spikes
|
|-weather|Sandstorm|[upkeep]
|-heal|p2a: Heatran|82/100|[from] item: Leftovers
|-heal|p1a: Skarmory|100/100|[from] item: Leftovers
|upkeep
|turn|15
|
|move|p2a: Heatran|Lava Plume|p1a: Skarmory
|-supereffective|p1a: Skarmory
|-ability|p1a: Skarmory|Sturdy
|-damage|p1a: Skarmory|1/100
|move|p1a: Skarmory|Spikes|p2a: Heatran
|-sidestart|p2: praise the sand|Spikes
|
|-weather|Sandstorm|[upkeep]
|-heal|p2a: Heatran|88/100|[from] item: Leftovers
|-heal|p1a: Skarmory|7/100|[from] item: Leftovers
|upkeep
|turn|16
|
|move|p2a: Heatran|Lava Plume|p1a: Skarmory
|-supereffective|p1a: Skarmory
|-damage|p1a: Skarmory|0 fnt
|faint|p1a: Skarmory
|
|-weather|Sandstorm|[upkeep]
|-heal|p2a: Heatran|94/100|[from] item: Leftovers
|upkeep
|
|switch|p1a: Terrakion|Terrakion|100/100
|-damage|p1a: Terrakion|84/100|[from] Spikes
|-damage|p1a: Terrakion|78/100|[from] Stealth Rock
|turn|17
|
|switch|p2a: Skarmory|Skarmory, M|85/100 par
|-damage|p2a: Skarmory|73/100 par|[from] Stealth Rock
|move|p1a: Terrakion|Swords Dance|p1a: Terrakion
|-boost|p1a: Terrakion|atk|2
|
|-weather|Sandstorm|[upkeep]
|-heal|p1a: Terrakion|84/100|[from] item: Leftovers
|upkeep
|turn|18
|
|move|p1a: Terrakion|Close Combat|p2a: Skarmory
|-damage|p2a: Skarmory|0 fnt
|-unboost|p1a: Terrakion|def|1
|-unboost|p1a: Terrakion|spd|1
|faint|p2a: Skarmory
|
|-weather|Sandstorm|[upkeep]
|-heal|p1a: Terrakion|90/100|[from] item: Leftovers
|upkeep
|
|switch|p2a: Latios|Latios, M|77/100
|-damage|p2a: Latios|64/100|[from] Stealth Rock
|turn|19
|
|switch|p2a: Heatran|Heatran, F|94/100
|-damage|p2a: Heatran|78/100|[from] Spikes
|-damage|p2a: Heatran|65/100|[from] Stealth Rock
|switch|p1a: Ferrothorn|Ferrothorn, M|88/100
|-damage|p1a: Ferrothorn|72/100|[from] Spikes
|-damage|p1a: Ferrothorn|65/100|[from] Stealth Rock
|
|-weather|Sandstorm|[upkeep]
|-heal|p2a: Heatran|71/100|[from] item: Leftovers
|-heal|p1a: Ferrothorn|72/100|[from] item: Leftovers
|upkeep
|turn|20
|
|switch|p1a: Gliscor|Gliscor, F|100/100
|-damage|p1a: Gliscor|88/100|[from] Stealth Rock
|move|p2a: Heatran|Lava Plume|p1a: Gliscor
|-damage|p1a: Gliscor|45/100
|-status|p1a: Gliscor|brn
|
|-weather|Sandstorm|[upkeep]
|-heal|p2a: Heatran|78/100|[from] item: Leftovers
|-damage|p1a: Gliscor|33/100 brn|[from] brn
|upkeep
|turn|21
|c|☆CroCoeur|seriously
|
|move|p2a: Heatran|Protect|p2a: Heatran
|-singleturn|p2a: Heatran|Protect
|move|p1a: Gliscor|Toxic|p2a: Heatran
|-activate|p2a: Heatran|move: Protect
|
|-weather|Sandstorm|[upkeep]
|-heal|p2a: Heatran|84/100|[from] item: Leftovers
|-damage|p1a: Gliscor|20/100 brn|[from] brn
|upkeep
|turn|22
|
|switch|p2a: Tyranitar|Tyranitar, F|56/100
|-damage|p2a: Tyranitar|44/100|[from] Stealth Rock
|-damage|p2a: Tyranitar|27/100|[from] Spikes
|move|p1a: Gliscor|Earthquake|p2a: Tyranitar
|-supereffective|p2a: Tyranitar
|-damage|p2a: Tyranitar|0 fnt
|faint|p2a: Tyranitar
|
|-weather|Sandstorm|[upkeep]
|-damage|p1a: Gliscor|8/100 brn|[from] brn
|upkeep
|
|switch|p2a: Latios|Latios, M|64/100
|-damage|p2a: Latios|52/100|[from] Stealth Rock
|turn|23
|
|move|p2a: Latios|Surf|p1a: Gliscor
|-supereffective|p1a: Gliscor
|-crit|p1a: Gliscor
|-damage|p1a: Gliscor|0 fnt
|faint|p1a: Gliscor
|
|-weather|Sandstorm|[upkeep]
|-damage|p2a: Latios|46/100|[from] Sandstorm
|upkeep
|
|switch|p1a: Ferrothorn|Ferrothorn, M|72/100
|-damage|p1a: Ferrothorn|55/100|[from] Spikes
|-damage|p1a: Ferrothorn|49/100|[from] Stealth Rock
|turn|24
|
|switch|p2a: Heatran|Heatran, F|84/100
|-damage|p2a: Heatran|71/100|[from] Stealth Rock
|-damage|p2a: Heatran|55/100|[from] Spikes
|move|p1a: Ferrothorn|Thunder Wave|p2a: Heatran
|-status|p2a: Heatran|par
|
|-weather|Sandstorm|[upkeep]
|-heal|p1a: Ferrothorn|55/100|[from] item: Leftovers
|-heal|p2a: Heatran|61/100 par|[from] item: Leftovers
|upkeep
|turn|25
|inactive|praise the sand has 135 seconds left.
|
|move|p1a: Ferrothorn|Leech Seed|p2a: Heatran
|-start|p2a: Heatran|move: Leech Seed
|move|p2a: Heatran|Toxic|p1a: Ferrothorn
|-immune|p1a: Ferrothorn|[msg]
|
|-weather|Sandstorm|[upkeep]
|-heal|p1a: Ferrothorn|61/100|[from] item: Leftovers
|-heal|p2a: Heatran|67/100 par|[from] item: Leftovers
|-damage|p2a: Heatran|55/100 par|[from] Leech Seed|[of] p1a: Ferrothorn
|-heal|p1a: Ferrothorn|75/100|[silent]
|upkeep
|turn|26
|
|switch|p2a: Jellicent|Jellicent, M|100/100
|-damage|p2a: Jellicent|88/100|[from] Stealth Rock
|-damage|p2a: Jellicent|71/100|[from] Spikes
|move|p1a: Ferrothorn|Knock Off|p2a: Jellicent
|-supereffective|p2a: Jellicent
|-damage|p2a: Jellicent|65/100
|-enditem|p2a: Jellicent|Leftovers|[from] move: Knock Off|[of] p1a: Ferrothorn
|
|-weather|Sandstorm|[upkeep]
|-damage|p2a: Jellicent|58/100|[from] Sandstorm
|-heal|p1a: Ferrothorn|81/100|[from] item: Leftovers
|upkeep
|turn|27
|
|move|p2a: Jellicent|Will-O-Wisp|p1a: Ferrothorn
|-status|p1a: Ferrothorn|brn
|move|p1a: Ferrothorn|Thunder Wave|p2a: Jellicent
|-status|p2a: Jellicent|par
|
|-weather|Sandstorm|[upkeep]
|-damage|p2a: Jellicent|52/100 par|[from] Sandstorm
|-heal|p1a: Ferrothorn|87/100 brn|[from] item: Leftovers
|-damage|p1a: Ferrothorn|75/100 brn|[from] brn
|upkeep
|turn|28
|
|move|p1a: Ferrothorn|Leech Seed|p2a: Jellicent
|-start|p2a: Jellicent|move: Leech Seed
|move|p2a: Jellicent|Recover|p2a: Jellicent
|-heal|p2a: Jellicent|100/100 par
|
|-weather|Sandstorm|[upkeep]
|-damage|p2a: Jellicent|94/100 par|[from] Sandstorm
|-heal|p1a: Ferrothorn|81/100 brn|[from] item: Leftovers
|-damage|p2a: Jellicent|82/100 par|[from] Leech Seed|[of] p1a: Ferrothorn
|-heal|p1a: Ferrothorn|95/100 brn|[silent]
|-damage|p1a: Ferrothorn|83/100 brn|[from] brn
|upkeep
|turn|29
|
|move|p1a: Ferrothorn|Thunder Wave|p2a: Jellicent
|-fail|p2a: Jellicent|par
|move|p2a: Jellicent|Night Shade|p1a: Ferrothorn
|-damage|p1a: Ferrothorn|54/100 brn
|
|-weather|Sandstorm|[upkeep]
|-damage|p2a: Jellicent|76/100 par|[from] Sandstorm
|-heal|p1a: Ferrothorn|61/100 brn|[from] item: Leftovers
|-damage|p2a: Jellicent|63/100 par|[from] Leech Seed|[of] p1a: Ferrothorn
|-heal|p1a: Ferrothorn|75/100 brn|[silent]
|-damage|p1a: Ferrothorn|62/100 brn|[from] brn
|upkeep
|turn|30
|
|move|p1a: Ferrothorn|Power Whip|p2a: Jellicent
|-supereffective|p2a: Jellicent
|-damage|p2a: Jellicent|35/100 par
|move|p2a: Jellicent|Night Shade|p1a: Ferrothorn
|-damage|p1a: Ferrothorn|34/100 brn
|
|-weather|Sandstorm|[upkeep]
|-damage|p2a: Jellicent|29/100 par|[from] Sandstorm
|-heal|p1a: Ferrothorn|40/100 brn|[from] item: Leftovers
|-damage|p2a: Jellicent|16/100 par|[from] Leech Seed|[of] p1a: Ferrothorn
|-heal|p1a: Ferrothorn|54/100 brn|[silent]
|-damage|p1a: Ferrothorn|42/100 brn|[from] brn
|upkeep
|turn|31
|inactive|praise the sand has 135 seconds left.
|
|switch|p2a: Heatran|Heatran, F|55/100 par
|-damage|p2a: Heatran|38/100 par|[from] Spikes
|-damage|p2a: Heatran|26/100 par|[from] Stealth Rock
|move|p1a: Ferrothorn|Thunder Wave|p2a: Heatran
|-fail|p2a: Heatran|par
|
|-weather|Sandstorm|[upkeep]
|-heal|p1a: Ferrothorn|48/100 brn|[from] item: Leftovers
|-heal|p2a: Heatran|32/100 par|[from] item: Leftovers
|-damage|p1a: Ferrothorn|36/100 brn|[from] brn
|upkeep
|turn|32
|
|move|p1a: Ferrothorn|Leech Seed|p2a: Heatran|[miss]
|-miss|p1a: Ferrothorn|p2a: Heatran
|cant|p2a: Heatran|par
|
|-weather|Sandstorm|[upkeep]
|-heal|p1a: Ferrothorn|42/100 brn|[from] item: Leftovers
|-heal|p2a: Heatran|38/100 par|[from] item: Leftovers
|-damage|p1a: Ferrothorn|29/100 brn|[from] brn
|upkeep
|turn|33
|
|move|p1a: Ferrothorn|Leech Seed|p2a: Heatran
|-start|p2a: Heatran|move: Leech Seed
|move|p2a: Heatran|Lava Plume|p1a: Ferrothorn
|-supereffective|p1a: Ferrothorn
|-damage|p1a: Ferrothorn|0 fnt
|faint|p1a: Ferrothorn
|
|-weather|Sandstorm|[upkeep]
|-heal|p2a: Heatran|44/100 par|[from] item: Leftovers
|upkeep
|
|switch|p1a: Terrakion|Terrakion|90/100
|-damage|p1a: Terrakion|84/100|[from] Stealth Rock
|-damage|p1a: Terrakion|68/100|[from] Spikes
|turn|34
|
|switch|p2a: Jellicent|Jellicent, M|16/100 par
|-damage|p2a: Jellicent|4/100 par|[from] Stealth Rock
|-damage|p2a: Jellicent|0 fnt|[from] Spikes
|faint|p2a: Jellicent
|move|p1a: Terrakion|Substitute|p1a: Terrakion
|-start|p1a: Terrakion|Substitute
|-damage|p1a: Terrakion|43/100
|
|-weather|Sandstorm|[upkeep]
|-heal|p1a: Terrakion|49/100|[from] item: Leftovers
|upkeep
|
|switch|p2a: Latios|Latios, M|46/100
|-damage|p2a: Latios|34/100|[from] Stealth Rock
|turn|35
|
|move|p2a: Latios|Surf|p1a: Terrakion
|-supereffective|p1a: Terrakion
|-end|p1a: Terrakion|Substitute
|move|p1a: Terrakion|Stone Edge|p2a: Latios
|-damage|p2a: Latios|0 fnt
|faint|p2a: Latios
|
|-weather|Sandstorm|[upkeep]
|-heal|p1a: Terrakion|55/100|[from] item: Leftovers
|upkeep
|
|switch|p2a: Heatran|Heatran, F|44/100 par
|-damage|p2a: Heatran|28/100 par|[from] Spikes
|-damage|p2a: Heatran|15/100 par|[from] Stealth Rock
|turn|36
|
|move|p1a: Terrakion|Close Combat|p2a: Heatran
|-supereffective|p2a: Heatran
|-damage|p2a: Heatran|0 fnt
|-unboost|p1a: Terrakion|def|1
|-unboost|p1a: Terrakion|spd|1
|faint|p2a: Heatran
|
|win|CroCoeur
|c|☆CroCoeur|gg
|raw|CroCoeur's rating: 1309 &rarr; <strong>1331</strong><br />(+22 for winning)
|raw|praise the sand's rating: 1351 &rarr; <strong>1329</strong><br />(-22 for losing)
|l|☆praise the sand
