|j|☆redwithredstripes
|j|☆BWVC BookofConke
|t:|1717171636
|gametype|singles
|player|p1|redwithredstripes|shauntal|1262
|player|p2|BWVC BookofConke|silver-masters|1384
|teamsize|p1|6
|teamsize|p2|6
|gen|5
|tier|[Gen 5] OU
|rated|
|rule|Species Clause: Limit one of each Pokémon
|rule|OHKO Clause: OHKO moves are banned
|rule|Moody Clause: Moody is banned
|rule|Evasion Items Clause: Evasion items are banned
|rule|Evasion Moves Clause: Evasion moves are banned
|rule|Endless Battle Clause: Forcing endless battles is banned
|rule|HP Percentage Mod: HP is shown in percentages
|rule|Evasion Abilities Clause: Evasion abilities are banned
|rule|Sleep Moves Clause: Sleep-inducing moves are banned
|rule|Swagger Clause: Swagger is banned
|rule|Baton Pass Stat Clause: No Baton Passer may have a way to boost its stats
|clearpoke
|poke|p1|Tyranitar, M|item
|poke|p1|Latios, M|item
|poke|p1|Keldeo|item
|poke|p1|Gliscor, F|item
|poke|p1|Celebi|item
|poke|p1|Scizor, F|item
|poke|p2|Abomasnow, F|item
|poke|p2|Kyurem-Black|item
|poke|p2|Latios, M|item
|poke|p2|Garchomp, M|item
|poke|p2|Starmie|item
|poke|p2|Jirachi|item
|teampreview
|
|t:|1717171666
|start
|switch|p1a: Scizor|Scizor, F|100/100
|switch|p2a: Abomasnow|Abomasnow, F|100/100
|-weather|Hail|[from] ability: Snow Warning|[of] p2a: Abomasnow
|turn|1
|inactive|Battle timer is ON: inactive players will automatically lose when time's up. (requested by redwithredstripes)
|
|t:|1717171685
|move|p1a: Scizor|U-turn|p2a: Abomasnow
|-supereffective|p2a: Abomasnow
|-enditem|p2a: Abomasnow|Focus Sash
|-damage|p2a: Abomasnow|1/100
|
|t:|1717171692
|switch|p1a: Tyranitar|Tyranitar, M, shiny|100/100|[from] U-turn
|-weather|Sandstorm|[from] ability: Sand Stream|[of] p1a: Tyranitar
|move|p2a: Abomasnow|Hidden Power|p1a: Tyranitar
|-resisted|p1a: Tyranitar
|-damage|p1a: Tyranitar|96/100
|
|-weather|Sandstorm|[upkeep]
|-damage|p2a: Abomasnow|0 fnt|[from] Sandstorm
|faint|p2a: Abomasnow
|upkeep
|
|t:|1717171705
|switch|p2a: Jirachi|Jirachi|100/100
|turn|2
|
|t:|1717171720
|switch|p1a: Gliscor|Gliscor, F, shiny|100/100
|move|p2a: Jirachi|Stealth Rock|p1a: Gliscor
|-sidestart|p1: redwithredstripes|move: Stealth Rock
|
|-weather|Sandstorm|[upkeep]
|-status|p1a: Gliscor|tox|[from] item: Toxic Orb
|upkeep
|turn|3
|
|t:|1717171742
|switch|p2a: Starmie|Starmie|100/100
|-item|p2a: Starmie|Air Balloon
|move|p1a: Gliscor|Earthquake|p2a: Starmie
|-immune|p2a: Starmie
|
|-weather|Sandstorm|[upkeep]
|-damage|p2a: Starmie|94/100|[from] Sandstorm
|upkeep
|turn|4
|
|t:|1717171752
|switch|p1a: Celebi|Celebi|100/100
|-damage|p1a: Celebi|88/100|[from] Stealth Rock
|move|p2a: Starmie|Hydro Pump|p1a: Celebi
|-resisted|p1a: Celebi
|-damage|p1a: Celebi|68/100
|
|-weather|Sandstorm|[upkeep]
|-damage|p2a: Starmie|88/100|[from] Sandstorm
|-damage|p1a: Celebi|62/100|[from] Sandstorm
|-heal|p1a: Celebi|68/100|[from] item: Leftovers
|upkeep
|turn|5
|
|t:|1717171768
|switch|p2a: Jirachi|Jirachi|100/100
|move|p1a: Celebi|Stealth Rock|p2a: Jirachi
|-sidestart|p2: BWVC BookofConke|move: Stealth Rock
|
|-weather|Sandstorm|[upkeep]
|-damage|p1a: Celebi|62/100|[from] Sandstorm
|-heal|p1a: Celebi|68/100|[from] item: Leftovers
|upkeep
|turn|6
|j| affksl1
|
|t:|1717171778
|move|p2a: Jirachi|U-turn|p1a: Celebi
|-supereffective|p1a: Celebi
|-damage|p1a: Celebi|12/100
|
|t:|1717171784
|switch|p2a: Starmie|Starmie|88/100|[from] U-turn
|-damage|p2a: Starmie|76/100|[from] Stealth Rock
|-item|p2a: Starmie|Air Balloon
|move|p1a: Celebi|Recover|p1a: Celebi
|-heal|p1a: Celebi|62/100
|
|-weather|Sandstorm|[upkeep]
|-damage|p2a: Starmie|70/100|[from] Sandstorm
|-damage|p1a: Celebi|56/100|[from] Sandstorm
|-heal|p1a: Celebi|62/100|[from] item: Leftovers
|upkeep
|turn|7
|
|t:|1717171800
|move|p2a: Starmie|Rapid Spin|p1a: Celebi
|-damage|p1a: Celebi|60/100
|-sideend|p2: BWVC BookofConke|Stealth Rock|[from] move: Rapid Spin|[of] p2a: Starmie
|move|p1a: Celebi|U-turn|p2a: Starmie
|-supereffective|p2a: Starmie
|-damage|p2a: Starmie|28/100
|-enditem|p2a: Starmie|Air Balloon
|
|t:|1717171808
|switch|p1a: Tyranitar|Tyranitar, M, shiny|96/100|[from] U-turn
|-damage|p1a: Tyranitar|83/100|[from] Stealth Rock
|
|-weather|Sandstorm|[upkeep]
|-damage|p2a: Starmie|22/100|[from] Sandstorm
|upkeep
|turn|8
|
|t:|1717171815
|move|p2a: Starmie|Hydro Pump|p1a: Tyranitar
|-supereffective|p1a: Tyranitar
|-damage|p1a: Tyranitar|37/100
|move|p1a: Tyranitar|Pursuit|p2a: Starmie
|-supereffective|p2a: Starmie
|-damage|p2a: Starmie|0 fnt
|faint|p2a: Starmie
|
|-weather|Sandstorm|[upkeep]
|upkeep
|
|t:|1717171828
|switch|p2a: Jirachi|Jirachi|100/100
|turn|9
|
|t:|1717171836
|move|p2a: Jirachi|Iron Head|p1a: Tyranitar
|-supereffective|p1a: Tyranitar
|-damage|p1a: Tyranitar|0 fnt
|faint|p1a: Tyranitar
|
|-weather|Sandstorm|[upkeep]
|upkeep
|
|t:|1717171843
|switch|p1a: Gliscor|Gliscor, F, shiny|100/100 tox
|-damage|p1a: Gliscor|88/100 tox|[from] Stealth Rock
|turn|10
|
|t:|1717171861
|move|p2a: Jirachi|U-turn|p1a: Gliscor
|-resisted|p1a: Gliscor
|-damage|p1a: Gliscor|83/100 tox
|
|t:|1717171868
|switch|p2a: Latios|Latios, M|100/100|[from] U-turn
|move|p1a: Gliscor|Toxic|p2a: Latios
|-status|p2a: Latios|tox
|
|-weather|Sandstorm|[upkeep]
|-damage|p2a: Latios|95/100 tox|[from] Sandstorm
|-damage|p2a: Latios|89/100 tox|[from] psn
|-heal|p1a: Gliscor|95/100 tox|[from] ability: Poison Heal
|upkeep
|turn|11
|
|t:|1717171881
|move|p1a: Gliscor|Protect|p1a: Gliscor
|-singleturn|p1a: Gliscor|Protect
|move|p2a: Latios|Calm Mind|p2a: Latios
|-boost|p2a: Latios|spa|1
|-boost|p2a: Latios|spd|1
|
|-weather|Sandstorm|[upkeep]
|-damage|p2a: Latios|83/100 tox|[from] Sandstorm
|-damage|p2a: Latios|71/100 tox|[from] psn
|-heal|p1a: Gliscor|100/100 tox|[from] ability: Poison Heal
|upkeep
|turn|12
|
|t:|1717171895
|switch|p1a: Celebi|Celebi|60/100
|-damage|p1a: Celebi|48/100|[from] Stealth Rock
|move|p2a: Latios|Calm Mind|p2a: Latios
|-boost|p2a: Latios|spa|1
|-boost|p2a: Latios|spd|1
|
|-weather|Sandstorm|[upkeep]
|-damage|p2a: Latios|65/100 tox|[from] Sandstorm
|-damage|p1a: Celebi|41/100|[from] Sandstorm
|-heal|p1a: Celebi|48/100|[from] item: Leftovers
|-damage|p2a: Latios|47/100 tox|[from] psn
|upkeep
|turn|13
|
|t:|1717171908
|move|p2a: Latios|Hidden Power|p1a: Celebi
|-supereffective|p1a: Celebi
|-crit|p1a: Celebi
|-damage|p1a: Celebi|0 fnt
|faint|p1a: Celebi
|
|-weather|Sandstorm|[upkeep]
|-damage|p2a: Latios|41/100 tox|[from] Sandstorm
|-damage|p2a: Latios|17/100 tox|[from] psn
|upkeep
|
|t:|1717171914
|switch|p1a: Scizor|Scizor, F|100/100
|-damage|p1a: Scizor|88/100|[from] Stealth Rock
|turn|14
|
|t:|1717171924
|switch|p2a: Jirachi|Jirachi|100/100
|move|p1a: Scizor|Bullet Punch|p2a: Jirachi
|-resisted|p2a: Jirachi
|-damage|p2a: Jirachi|81/100
|
|-weather|Sandstorm|[upkeep]
|-heal|p2a: Jirachi|87/100|[from] item: Leftovers
|upkeep
|turn|15
|
|t:|1717171937
|switch|p1a: Gliscor|Gliscor, F, shiny|100/100 tox
|-damage|p1a: Gliscor|88/100 tox|[from] Stealth Rock
|move|p2a: Jirachi|Fire Punch|p1a: Gliscor
|-damage|p1a: Gliscor|77/100 tox
|
|-weather|Sandstorm|[upkeep]
|-heal|p2a: Jirachi|94/100|[from] item: Leftovers
|-heal|p1a: Gliscor|90/100 tox|[from] ability: Poison Heal
|upkeep
|turn|16
|
|t:|1717171948
|move|p2a: Jirachi|U-turn|p1a: Gliscor
|-resisted|p1a: Gliscor
|-damage|p1a: Gliscor|85/100 tox
|
|t:|1717171960
|switch|p2a: Latios|Latios, M|17/100 tox|[from] U-turn
|move|p1a: Gliscor|Toxic|p2a: Latios
|-fail|p2a: Latios|tox
|
|-weather|Sandstorm|[upkeep]
|-damage|p2a: Latios|11/100 tox|[from] Sandstorm
|-damage|p2a: Latios|5/100 tox|[from] psn
|-heal|p1a: Gliscor|97/100 tox|[from] ability: Poison Heal
|upkeep
|turn|17
|inactive|redwithredstripes has 120 seconds left.
|
|t:|1717172009
|move|p1a: Gliscor|Protect|p1a: Gliscor
|-singleturn|p1a: Gliscor|Protect
|move|p2a: Latios|Draco Meteor|p1a: Gliscor
|-activate|p1a: Gliscor|move: Protect
|
|-weather|Sandstorm|[upkeep]
|-damage|p2a: Latios|0 fnt|[from] Sandstorm
|faint|p2a: Latios
|-heal|p1a: Gliscor|100/100 tox|[from] ability: Poison Heal
|upkeep
|
|t:|1717172022
|switch|p2a: Kyurem|Kyurem-Black|100/100
|-ability|p2a: Kyurem|Teravolt
|turn|18
|
|t:|1717172028
|switch|p1a: Scizor|Scizor, F|88/100
|-damage|p1a: Scizor|76/100|[from] Stealth Rock
|move|p2a: Kyurem|Substitute|p2a: Kyurem
|-start|p2a: Kyurem|Substitute
|-damage|p2a: Kyurem|76/100
|
|-weather|Sandstorm|[upkeep]
|-damage|p2a: Kyurem|69/100|[from] Sandstorm
|upkeep
|turn|19
|
|t:|1717172040
|move|p1a: Scizor|Bullet Punch|p2a: Kyurem
|-supereffective|p2a: Kyurem
|-end|p2a: Kyurem|Substitute
|move|p2a: Kyurem|Fusion Bolt|p1a: Scizor
|-damage|p1a: Scizor|21/100
|
|-weather|Sandstorm|[upkeep]
|-damage|p2a: Kyurem|63/100|[from] Sandstorm
|upkeep
|turn|20
|
|t:|1717172050
|switch|p2a: Jirachi|Jirachi|94/100
|move|p1a: Scizor|Bullet Punch|p2a: Jirachi
|-resisted|p2a: Jirachi
|-damage|p2a: Jirachi|71/100
|
|-weather|Sandstorm|[upkeep]
|-heal|p2a: Jirachi|77/100|[from] item: Leftovers
|upkeep
|turn|21
|
|t:|1717172060
|switch|p1a: Latios|Latios, M|100/100
|-damage|p1a: Latios|88/100|[from] Stealth Rock
|move|p2a: Jirachi|U-turn|p1a: Latios
|-supereffective|p1a: Latios
|-crit|p1a: Latios
|-damage|p1a: Latios|7/100
|
|t:|1717172069
|switch|p2a: Garchomp|Garchomp, M|100/100|[from] U-turn
|
|-weather|Sandstorm|[upkeep]
|-damage|p1a: Latios|1/100|[from] Sandstorm
|upkeep
|turn|22
|
|t:|1717172076
|switch|p2a: Jirachi|Jirachi|77/100
|move|p1a: Latios|Recover|p1a: Latios
|-heal|p1a: Latios|51/100
|
|-weather|Sandstorm|[upkeep]
|-damage|p1a: Latios|45/100|[from] Sandstorm
|-heal|p2a: Jirachi|84/100|[from] item: Leftovers
|upkeep
|turn|23
|l| affksl1
|
|t:|1717172086
|move|p1a: Latios|Hidden Power|p2a: Jirachi
|-supereffective|p2a: Jirachi
|-damage|p2a: Jirachi|41/100
|move|p2a: Jirachi|U-turn|p1a: Latios
|-supereffective|p1a: Latios
|-damage|p1a: Latios|1/100
|
|t:|1717172101
|switch|p2a: Garchomp|Garchomp, M|100/100|[from] U-turn
|
|-weather|Sandstorm|[upkeep]
|-damage|p1a: Latios|0 fnt|[from] Sandstorm
|faint|p1a: Latios
|upkeep
|
|t:|1717172105
|switch|p1a: Gliscor|Gliscor, F, shiny|100/100 tox
|-damage|p1a: Gliscor|88/100 tox|[from] Stealth Rock
|turn|24
|
|t:|1717172114
|switch|p2a: Kyurem|Kyurem-Black|63/100
|-ability|p2a: Kyurem|Teravolt
|move|p1a: Gliscor|Earthquake|p2a: Kyurem
|-damage|p2a: Kyurem|34/100
|
|-weather|Sandstorm|[upkeep]
|-damage|p2a: Kyurem|27/100|[from] Sandstorm
|-heal|p1a: Gliscor|100/100 tox|[from] ability: Poison Heal
|upkeep
|turn|25
|
|t:|1717172129
|switch|p1a: Scizor|Scizor, F|21/100
|-damage|p1a: Scizor|9/100|[from] Stealth Rock
|move|p2a: Kyurem|Freeze Shock||[still]
|-prepare|p2a: Kyurem|Freeze Shock
|-enditem|p2a: Kyurem|Power Herb
|-anim|p2a: Kyurem|Freeze Shock|p1a: Scizor|[miss]
|-miss|p2a: Kyurem|p1a: Scizor
|
|-weather|Sandstorm|[upkeep]
|-damage|p2a: Kyurem|21/100|[from] Sandstorm
|upkeep
|turn|26
|
|t:|1717172141
|switch|p2a: Garchomp|Garchomp, M|100/100
|move|p1a: Scizor|Bullet Punch|p2a: Garchomp
|-damage|p2a: Garchomp|51/100
|-damage|p1a: Scizor|0 fnt|[from] ability: Rough Skin|[of] p2a: Garchomp
|faint|p1a: Scizor
|
|-weather|Sandstorm|[upkeep]
|upkeep
|
|t:|1717172150
|switch|p1a: Gliscor|Gliscor, F, shiny|100/100 tox
|-damage|p1a: Gliscor|88/100 tox|[from] Stealth Rock
|turn|27
|
|t:|1717172170
|switch|p2a: Jirachi|Jirachi|41/100
|move|p1a: Gliscor|Earthquake|p2a: Jirachi
|-supereffective|p2a: Jirachi
|-damage|p2a: Jirachi|0 fnt
|faint|p2a: Jirachi
|
|-weather|Sandstorm|[upkeep]
|-heal|p1a: Gliscor|100/100 tox|[from] ability: Poison Heal
|upkeep
|
|t:|1717172180
|switch|p2a: Kyurem|Kyurem-Black|21/100
|-ability|p2a: Kyurem|Teravolt
|turn|28
|
|t:|1717172187
|move|p2a: Kyurem|Outrage|p1a: Gliscor
|-damage|p1a: Gliscor|47/100 tox
|move|p1a: Gliscor|Earthquake|p2a: Kyurem
|-damage|p2a: Kyurem|0 fnt
|faint|p2a: Kyurem
|
|-weather|Sandstorm|[upkeep]
|-heal|p1a: Gliscor|60/100 tox|[from] ability: Poison Heal
|upkeep
|
|t:|1717172196
|switch|p2a: Garchomp|Garchomp, M|51/100
|turn|29
|
|t:|1717172201
|move|p2a: Garchomp|Outrage|p1a: Gliscor
|-damage|p1a: Gliscor|22/100 tox
|move|p1a: Gliscor|Toxic|p2a: Garchomp
|-status|p2a: Garchomp|tox
|
|-weather|Sandstorm|[upkeep]
|-damage|p2a: Garchomp|45/100 tox|[from] psn
|-heal|p1a: Gliscor|34/100 tox|[from] ability: Poison Heal
|upkeep
|turn|30
|
|t:|1717172211
|move|p1a: Gliscor|Protect|p1a: Gliscor
|-singleturn|p1a: Gliscor|Protect
|move|p2a: Garchomp|Outrage|p1a: Gliscor|[from]lockedmove
|-activate|p1a: Gliscor|move: Protect
|-start|p2a: Garchomp|confusion|[fatigue]
|
|-weather|Sandstorm|[upkeep]
|-damage|p2a: Garchomp|33/100 tox|[from] psn
|-heal|p1a: Gliscor|47/100 tox|[from] ability: Poison Heal
|upkeep
|turn|31
|
|t:|1717172222
|-activate|p2a: Garchomp|confusion
|move|p2a: Garchomp|Outrage|p1a: Gliscor
|-damage|p1a: Gliscor|10/100 tox
|move|p1a: Gliscor|Earthquake|p2a: Garchomp
|-damage|p2a: Garchomp|0 fnt
|faint|p2a: Garchomp
|
|win|redwithredstripes
|raw|redwithredstripes's rating: 1262 &rarr; <strong>1295</strong><br />(+33 for winning)
|raw|BWVC BookofConke's rating: 1384 &rarr; <strong>1357</strong><br />(-27 for losing)
|l|☆redwithredstripes
|player|p1|
