|j|☆porrompompom
|j|☆chadbro
|player|p1|porrompompom|169
|player|p2|chadbro|101
|teamsize|p1|6
|teamsize|p2|6
|gametype|singles
|gen|5
|tier|[Gen 5] OU
|rated|
|rule|Sleep Clause Mod: Limit one foe put to sleep
|rule|Species Clause: Limit one of each Pokémon
|rule|OHKO Clause: OHKO moves are banned
|rule|Moody Clause: Moody is banned
|rule|Evasion Moves Clause: Evasion moves are banned
|rule|Endless Battle Clause: Forcing endless battles is banned
|rule|HP Percentage Mod: HP is shown in percentages
|rule|Evasion Abilities Clause: Evasion abilities are banned
|rule|Baton Pass Clause: Limit one Baton Passer, can't pass Spe and other stats simultaneously
|rule|Swagger Clause: Swagger is banned
|clearpoke
|poke|p1|Hippowdon, M|item
|poke|p1|Tyranitar, M|item
|poke|p1|Magnezone|item
|poke|p1|Latios, M|item
|poke|p1|Amoonguss, F|item
|poke|p1|Starmie|item
|poke|p2|Tyranitar, M|item
|poke|p2|Magnezone|item
|poke|p2|Terrakion|item
|poke|p2|Latios, M|item
|poke|p2|Scizor, F|item
|poke|p2|Landorus-Therian, M|item
|teampreview
|
|start
|switch|p1a: Hippowdon|Hippowdon, M|419/419
|switch|p2a: Pat Riely|Tyranitar, M|403/403
|-weather|Sandstorm|[from] ability: Sand Stream|[of] p2a: Pat Riely
|turn|1
|inactive|Battle timer is ON: inactive players will automatically lose when time's up. (requested by porrompompom)
|
|move|p2a: Pat Riely|Stealth Rock|p1a: Hippowdon
|-sidestart|p1: porrompompom|move: Stealth Rock
|move|p1a: Hippowdon|Stealth Rock|p2a: Pat Riely
|-sidestart|p2: chadbro|move: Stealth Rock
|
|-weather|Sandstorm|[upkeep]
|upkeep
|turn|2
|
|switch|p2a: Bron Bron|Landorus-Therian, M|382/382
|-damage|p2a: Bron Bron|335/382|[from] Stealth Rock
|-ability|p2a: Bron Bron|Intimidate|boost
|-unboost|p1a: Hippowdon|atk|1
|move|p1a: Hippowdon|Earthquake|p2a: Bron Bron
|-immune|p2a: Bron Bron
|
|-weather|Sandstorm|[upkeep]
|upkeep
|turn|3
|
|move|p2a: Bron Bron|Toxic|p1a: Hippowdon
|-status|p1a: Hippowdon|tox
|move|p1a: Hippowdon|Whirlwind|p2a: Bron Bron
|drag|p2a: D.Wade|Terrakion|323/323
|-damage|p2a: D.Wade|303/323|[from] Stealth Rock
|
|-weather|Sandstorm|[upkeep]
|-damage|p1a: Hippowdon|393/419 tox|[from] psn
|upkeep
|turn|4
|
|switch|p1a: Amoonguss|Amoonguss, F|431/431
|-damage|p1a: Amoonguss|378/431|[from] Stealth Rock
|move|p2a: D.Wade|Close Combat|p1a: Amoonguss
|-resisted|p1a: Amoonguss
|-damage|p1a: Amoonguss|241/431
|-unboost|p2a: D.Wade|def|1
|-unboost|p2a: D.Wade|spd|1
|
|-weather|Sandstorm|[upkeep]
|-damage|p1a: Amoonguss|215/431|[from] Sandstorm
|-heal|p1a: Amoonguss|241/431|[from] item: Black Sludge
|upkeep
|turn|5
|
|switch|p2a: Pat Riely|Tyranitar, M|403/403
|-damage|p2a: Pat Riely|353/403|[from] Stealth Rock
|move|p1a: Amoonguss|Spore|p2a: Pat Riely
|-status|p2a: Pat Riely|slp|[from] move: Spore
|
|-weather|Sandstorm|[upkeep]
|-damage|p1a: Amoonguss|215/431|[from] Sandstorm
|-heal|p2a: Pat Riely|378/403 slp|[from] item: Leftovers
|-heal|p1a: Amoonguss|241/431|[from] item: Black Sludge
|upkeep
|turn|6
|
|switch|p2a: Miller|Scizor, F, shiny|343/343
|-damage|p2a: Miller|301/343|[from] Stealth Rock
|switch|p1a: Hippowdon|Hippowdon, M|393/419 tox
|-damage|p1a: Hippowdon|367/419 tox|[from] Stealth Rock
|
|-weather|Sandstorm|[upkeep]
|-heal|p1a: Hippowdon|393/419 tox|[from] item: Leftovers
|-damage|p1a: Hippowdon|367/419 tox|[from] psn
|upkeep
|turn|7
|
|move|p2a: Miller|U-turn|p1a: Hippowdon
|-damage|p1a: Hippowdon|199/419 tox
|
|switch|p2a: Bron Bron|Landorus-Therian, M|335/382
|-damage|p2a: Bron Bron|288/382|[from] Stealth Rock
|-ability|p2a: Bron Bron|Intimidate|boost
|-unboost|p1a: Hippowdon|atk|1
|move|p1a: Hippowdon|Slack Off|p1a: Hippowdon
|-heal|p1a: Hippowdon|409/419 tox
|
|-weather|Sandstorm|[upkeep]
|-heal|p1a: Hippowdon|419/419 tox|[from] item: Leftovers
|-damage|p1a: Hippowdon|367/419 tox|[from] psn
|upkeep
|turn|8
|
|switch|p1a: Amoonguss|Amoonguss, F|384/431
|-damage|p1a: Amoonguss|331/431|[from] Stealth Rock
|move|p2a: Bron Bron|U-turn|p1a: Amoonguss
|-damage|p1a: Amoonguss|189/431
|
|switch|p2a: Miller|Scizor, F, shiny|301/343
|-damage|p2a: Miller|259/343|[from] Stealth Rock
|
|-weather|Sandstorm|[upkeep]
|-damage|p1a: Amoonguss|163/431|[from] Sandstorm
|-heal|p1a: Amoonguss|189/431|[from] item: Black Sludge
|upkeep
|turn|9
|
|move|p2a: Miller|U-turn|p1a: Amoonguss
|-damage|p1a: Amoonguss|0 fnt
|faint|p1a: Amoonguss
|
|switch|p2a: Bron Bron|Landorus-Therian, M|288/382
|-damage|p2a: Bron Bron|241/382|[from] Stealth Rock
|
|-weather|Sandstorm|[upkeep]
|upkeep
|
|switch|p1a: Starmie|Starmie|323/323
|-damage|p1a: Starmie|283/323|[from] Stealth Rock
|turn|10
|
|switch|p2a: Pat Riely|Tyranitar, M|378/403 slp
|-damage|p2a: Pat Riely|328/403 slp|[from] Stealth Rock
|move|p1a: Starmie|Rapid Spin|p2a: Pat Riely
|-resisted|p2a: Pat Riely
|-damage|p2a: Pat Riely|323/403 slp
|-sideend|p1: porrompompom|Stealth Rock|[from] move: Rapid Spin|[of] p1a: Starmie
|
|-weather|Sandstorm|[upkeep]
|-damage|p1a: Starmie|263/323|[from] Sandstorm
|-heal|p1a: Starmie|283/323|[from] item: Leftovers
|-heal|p2a: Pat Riely|348/403 slp|[from] item: Leftovers
|upkeep
|turn|11
|
|-activate|p1a: Starmie|move: Pursuit
|cant|p2a: Pat Riely|slp
|switch|p1a: Tyranitar|Tyranitar, M|341/341
|
|-weather|Sandstorm|[upkeep]
|-heal|p2a: Pat Riely|373/403 slp|[from] item: Leftovers
|upkeep
|turn|12
|
|switch|p2a: Bron Bron|Landorus-Therian, M|241/382
|-damage|p2a: Bron Bron|194/382|[from] Stealth Rock
|-ability|p2a: Bron Bron|Intimidate|boost
|-unboost|p1a: Tyranitar|atk|1
|move|p1a: Tyranitar|Superpower|p2a: Bron Bron
|-resisted|p2a: Bron Bron
|-damage|p2a: Bron Bron|141/382
|-unboost|p1a: Tyranitar|atk|1
|-unboost|p1a: Tyranitar|def|1
|
|-weather|Sandstorm|[upkeep]
|upkeep
|turn|13
|
|switch|p1a: Magnezone|Magnezone|281/281
|move|p2a: Bron Bron|U-turn|p1a: Magnezone
|-resisted|p1a: Magnezone
|-damage|p1a: Magnezone|233/281
|
|switch|p2a: Ray Allen|Magnezone|283/283
|-damage|p2a: Ray Allen|266/283|[from] Stealth Rock
|
|-weather|Sandstorm|[upkeep]
|-heal|p1a: Magnezone|250/281|[from] item: Leftovers
|-heal|p2a: Ray Allen|283/283|[from] item: Leftovers
|upkeep
|turn|14
|
|move|p1a: Magnezone|Substitute|p1a: Magnezone
|-start|p1a: Magnezone|Substitute
|-damage|p1a: Magnezone|180/281
|move|p2a: Ray Allen|Hidden Power|p1a: Magnezone
|-supereffective|p1a: Magnezone
|-crit|p1a: Magnezone
|-end|p1a: Magnezone|Substitute
|
|-weather|Sandstorm|[upkeep]
|-heal|p1a: Magnezone|197/281|[from] item: Leftovers
|upkeep
|turn|15
|
|move|p1a: Magnezone|Thunderbolt|p2a: Ray Allen
|-resisted|p2a: Ray Allen
|-damage|p2a: Ray Allen|193/283
|move|p2a: Ray Allen|Hidden Power|p1a: Magnezone
|-supereffective|p1a: Magnezone
|-damage|p1a: Magnezone|23/281
|
|-weather|Sandstorm|[upkeep]
|-heal|p1a: Magnezone|40/281|[from] item: Leftovers
|-heal|p2a: Ray Allen|210/283|[from] item: Leftovers
|upkeep
|turn|16
|
|move|p1a: Magnezone|Thunderbolt|p2a: Ray Allen
|-resisted|p2a: Ray Allen
|-damage|p2a: Ray Allen|120/283
|move|p2a: Ray Allen|Hidden Power|p1a: Magnezone
|-supereffective|p1a: Magnezone
|-damage|p1a: Magnezone|0 fnt
|faint|p1a: Magnezone
|
|-weather|Sandstorm|[upkeep]
|-heal|p2a: Ray Allen|137/283|[from] item: Leftovers
|upkeep
|
|switch|p1a: Latios|Latios, M|301/301
|turn|17
|
|move|p1a: Latios|Surf|p2a: Ray Allen
|-damage|p2a: Ray Allen|0 fnt
|faint|p2a: Ray Allen
|
|-weather|Sandstorm|[upkeep]
|-damage|p1a: Latios|283/301|[from] Sandstorm
|upkeep
|
|switch|p2a: Miller|Scizor, F, shiny|259/343
|-damage|p2a: Miller|217/343|[from] Stealth Rock
|turn|18
|
|move|p1a: Latios|Surf|p2a: Miller
|-damage|p2a: Miller|28/343
|move|p2a: Miller|Pursuit|p1a: Latios
|-supereffective|p1a: Latios
|-damage|p1a: Latios|0 fnt
|faint|p1a: Latios
|
|-weather|Sandstorm|[upkeep]
|upkeep
|
|switch|p1a: Starmie|Starmie|283/323
|turn|19
|
|move|p1a: Starmie|Scald|p2a: Miller
|-damage|p2a: Miller|0 fnt
|faint|p2a: Miller
|
|-weather|Sandstorm|[upkeep]
|-damage|p1a: Starmie|263/323|[from] Sandstorm
|-heal|p1a: Starmie|283/323|[from] item: Leftovers
|upkeep
|
|switch|p2a: Bosh|Latios, M, shiny|301/301
|-damage|p2a: Bosh|264/301|[from] Stealth Rock
|turn|20
|
|switch|p1a: Tyranitar|Tyranitar, M|341/341
|move|p2a: Bosh|Surf|p1a: Tyranitar
|-supereffective|p1a: Tyranitar
|-damage|p1a: Tyranitar|151/341
|
|-weather|Sandstorm|[upkeep]
|-damage|p2a: Bosh|246/301|[from] Sandstorm
|upkeep
|turn|21
|
|move|p1a: Tyranitar|Crunch|p2a: Bosh
|-supereffective|p2a: Bosh
|-damage|p2a: Bosh|0 fnt
|faint|p2a: Bosh
|
|-weather|Sandstorm|[upkeep]
|upkeep
|
|switch|p2a: D.Wade|Terrakion|303/323
|-damage|p2a: D.Wade|283/323|[from] Stealth Rock
|turn|22
|
|switch|p1a: Starmie|Starmie|283/323
|move|p2a: D.Wade|X-Scissor|p1a: Starmie
|-supereffective|p1a: Starmie
|-damage|p1a: Starmie|79/323
|
|-weather|Sandstorm|[upkeep]
|-damage|p1a: Starmie|59/323|[from] Sandstorm
|-heal|p1a: Starmie|79/323|[from] item: Leftovers
|upkeep
|turn|23
|j| hnngh
|
|switch|p1a: Hippowdon|Hippowdon, M|367/419 tox
|move|p2a: D.Wade|X-Scissor|p1a: Hippowdon
|-damage|p1a: Hippowdon|286/419 tox
|
|-weather|Sandstorm|[upkeep]
|-heal|p1a: Hippowdon|312/419 tox|[from] item: Leftovers
|-damage|p1a: Hippowdon|286/419 tox|[from] psn
|upkeep
|turn|24
|
|switch|p2a: Pat Riely|Tyranitar, M|373/403 slp
|-damage|p2a: Pat Riely|323/403 slp|[from] Stealth Rock
|move|p1a: Hippowdon|Earthquake|p2a: Pat Riely
|-supereffective|p2a: Pat Riely
|-damage|p2a: Pat Riely|99/403 slp
|
|-weather|Sandstorm|[upkeep]
|-heal|p2a: Pat Riely|124/403 slp|[from] item: Leftovers
|-heal|p1a: Hippowdon|312/419 tox|[from] item: Leftovers
|-damage|p1a: Hippowdon|260/419 tox|[from] psn
|upkeep
|turn|25
|
|switch|p2a: Bron Bron|Landorus-Therian, M|141/382
|-damage|p2a: Bron Bron|94/382|[from] Stealth Rock
|-ability|p2a: Bron Bron|Intimidate|boost
|-unboost|p1a: Hippowdon|atk|1
|switch|p1a: Starmie|Starmie|79/323
|
|-weather|Sandstorm|[upkeep]
|-damage|p1a: Starmie|59/323|[from] Sandstorm
|-heal|p1a: Starmie|79/323|[from] item: Leftovers
|upkeep
|turn|26
|
|switch|p2a: D.Wade|Terrakion|283/323
|-damage|p2a: D.Wade|263/323|[from] Stealth Rock
|move|p1a: Starmie|Scald|p2a: D.Wade
|-supereffective|p2a: D.Wade
|-damage|p2a: D.Wade|125/323
|
|-weather|Sandstorm|[upkeep]
|-damage|p1a: Starmie|59/323|[from] Sandstorm
|-heal|p1a: Starmie|79/323|[from] item: Leftovers
|upkeep
|turn|27
|
|switch|p1a: Tyranitar|Tyranitar, M|151/341
|move|p2a: D.Wade|Close Combat|p1a: Tyranitar
|-supereffective|p1a: Tyranitar
|-damage|p1a: Tyranitar|0 fnt
|-unboost|p2a: D.Wade|def|1
|-unboost|p2a: D.Wade|spd|1
|faint|p1a: Tyranitar
|
|-weather|Sandstorm|[upkeep]
|upkeep
|
|switch|p1a: Hippowdon|Hippowdon, M|260/419 tox
|turn|28
|
|move|p2a: D.Wade|Close Combat|p1a: Hippowdon
|-damage|p1a: Hippowdon|59/419 tox
|-unboost|p2a: D.Wade|def|1
|-unboost|p2a: D.Wade|spd|1
|move|p1a: Hippowdon|Slack Off|p1a: Hippowdon
|-heal|p1a: Hippowdon|269/419 tox
|
|-weather|Sandstorm|[upkeep]
|-heal|p1a: Hippowdon|295/419 tox|[from] item: Leftovers
|-damage|p1a: Hippowdon|269/419 tox|[from] psn
|upkeep
|turn|29
|
|switch|p2a: Pat Riely|Tyranitar, M|124/403 slp
|-damage|p2a: Pat Riely|74/403 slp|[from] Stealth Rock
|move|p1a: Hippowdon|Earthquake|p2a: Pat Riely
|-supereffective|p2a: Pat Riely
|-damage|p2a: Pat Riely|0 fnt
|faint|p2a: Pat Riely
|
|-weather|Sandstorm|[upkeep]
|-heal|p1a: Hippowdon|295/419 tox|[from] item: Leftovers
|-damage|p1a: Hippowdon|243/419 tox|[from] psn
|upkeep
|
|switch|p2a: Bron Bron|Landorus-Therian, M|94/382
|-damage|p2a: Bron Bron|47/382|[from] Stealth Rock
|-ability|p2a: Bron Bron|Intimidate|boost
|-unboost|p1a: Hippowdon|atk|1
|turn|30
|
|move|p2a: Bron Bron|Hidden Power|p1a: Hippowdon
|-supereffective|p1a: Hippowdon
|-damage|p1a: Hippowdon|125/419 tox
|move|p1a: Hippowdon|Slack Off|p1a: Hippowdon
|-heal|p1a: Hippowdon|335/419 tox
|
|-weather|Sandstorm|[upkeep]
|-heal|p1a: Hippowdon|361/419 tox|[from] item: Leftovers
|-damage|p1a: Hippowdon|283/419 tox|[from] psn
|upkeep
|turn|31
|
|move|p2a: Bron Bron|Hidden Power|p1a: Hippowdon
|-supereffective|p1a: Hippowdon
|-damage|p1a: Hippowdon|151/419 tox
|move|p1a: Hippowdon|Earthquake|p2a: Bron Bron
|-immune|p2a: Bron Bron
|
|-weather|Sandstorm|[upkeep]
|-heal|p1a: Hippowdon|177/419 tox|[from] item: Leftovers
|-damage|p1a: Hippowdon|73/419 tox|[from] psn
|upkeep
|turn|32
|
|move|p2a: Bron Bron|Hidden Power|p1a: Hippowdon
|-supereffective|p1a: Hippowdon
|-damage|p1a: Hippowdon|0 fnt
|faint|p1a: Hippowdon
|
|-weather|Sandstorm|[upkeep]
|upkeep
|
|switch|p1a: Starmie|Starmie|79/323
|turn|33
|
|move|p1a: Starmie|Recover|p1a: Starmie
|-heal|p1a: Starmie|241/323
|move|p2a: Bron Bron|U-turn|p1a: Starmie
|-supereffective|p1a: Starmie
|-damage|p1a: Starmie|0 fnt
|faint|p1a: Starmie
|
|win|chadbro
|l|☆porrompompom
|c|☆chadbro|gg
|l| hnngh
|raw|porrompompom's rating: 1560 &rarr; <strong>1531</strong><br />(-29 for losing)
|raw|chadbro's rating: 1376 &rarr; <strong>1406</strong><br />(+30 for winning)
