|j|☆LilBigBamSam
|j|☆BLJ Mario
|t:|1735936360
|gametype|singles
|player|p1|LilBigBamSam|hoopster|1283
|player|p2|BLJ Mario|#bwplivshojikikeldeos|1472
|teamsize|p1|6
|teamsize|p2|6
|gen|5
|tier|[Gen 5] OU
|rated|
|rule|Species Clause: Limit one of each Pokémon
|rule|OHKO Clause: OHKO moves are banned
|rule|Moody Clause: Moody is banned
|rule|Evasion Items Clause: Evasion items are banned
|rule|Evasion Moves Clause: Evasion moves are banned
|rule|Endless Battle Clause: Forcing endless battles is banned
|rule|HP Percentage Mod: HP is shown in percentages
|rule|Evasion Abilities Clause: Evasion abilities are banned
|rule|Sleep Moves Clause: Sleep-inducing moves are banned
|rule|Swagger Clause: Swagger is banned
|rule|Baton Pass Stat Clause: No Baton Passer may have a way to boost its stats
|clearpoke
|poke|p1|Tyranitar, M|item
|poke|p1|Seismitoad, F|item
|poke|p1|Excadrill, M|item
|poke|p1|Skarmory, F|item
|poke|p1|Latios, M|item
|poke|p1|Alakazam, M|item
|poke|p2|Tyranitar, M|item
|poke|p2|Alakazam, M|item
|poke|p2|Skarmory, F|item
|poke|p2|Terrakion|item
|poke|p2|Jellicent, M|item
|poke|p2|Landorus-Therian, M|item
|teampreview
|
|t:|1735936375
|start
|switch|p1a: Seismitoad|Seismitoad, F|100/100
|switch|p2a: Skarmory|Skarmory, F|100/100
|turn|1
|
|t:|1735936383
|move|p2a: Skarmory|Stealth Rock|p1a: Seismitoad
|-sidestart|p1: LilBigBamSam|move: Stealth Rock
|move|p1a: Seismitoad|Knock Off|p2a: Skarmory
|-resisted|p2a: Skarmory
|-damage|p2a: Skarmory|99/100
|-enditem|p2a: Skarmory|Custap Berry|[from] move: Knock Off|[of] p1a: Seismitoad
|
|upkeep
|turn|2
|
|t:|1735936389
|move|p2a: Skarmory|Spikes|p1a: Seismitoad
|-sidestart|p1: LilBigBamSam|Spikes
|move|p1a: Seismitoad|Stealth Rock|p2a: Skarmory
|-sidestart|p2: BLJ Mario|move: Stealth Rock
|
|upkeep
|turn|3
|
|t:|1735936421
|switch|p1a: Skarmory|Skarmory, F|100/100
|-damage|p1a: Skarmory|88/100|[from] Stealth Rock
|move|p2a: Skarmory|Thief|p1a: Skarmory
|-resisted|p1a: Skarmory
|-damage|p1a: Skarmory|84/100
|-damage|p2a: Skarmory|82/100|[from] item: Rocky Helmet|[of] p1a: Skarmory
|-enditem|p1a: Skarmory|Rocky Helmet|[silent]|[from] move: Thief|[of] p2a: Skarmory
|-item|p2a: Skarmory|Rocky Helmet|[from] move: Thief|[of] p1a: Skarmory
|
|upkeep
|turn|4
|
|t:|1735936438
|switch|p2a: Alakazam|Alakazam, M|100/100
|move|p1a: Skarmory|Spikes|p2a: Alakazam
|-sidestart|p2: BLJ Mario|Spikes
|
|upkeep
|turn|5
|
|t:|1735936454
|switch|p1a: Tyranitar|Tyranitar, M|100/100
|-damage|p1a: Tyranitar|88/100|[from] Stealth Rock
|-damage|p1a: Tyranitar|76/100|[from] Spikes
|-weather|Sandstorm|[from] ability: Sand Stream|[of] p1a: Tyranitar
|move|p2a: Alakazam|Grass Knot|p1a: Tyranitar
|-supereffective|p1a: Tyranitar
|-damage|p1a: Tyranitar|26/100
|
|-weather|Sandstorm|[upkeep]
|upkeep
|turn|6
|
|t:|1735936470
|move|p2a: Alakazam|Grass Knot|p1a: Tyranitar
|-supereffective|p1a: Tyranitar
|-damage|p1a: Tyranitar|0 fnt
|faint|p1a: Tyranitar
|
|-weather|Sandstorm|[upkeep]
|upkeep
|
|t:|1735936480
|switch|p1a: Excadrill|Excadrill, M|100/100
|-damage|p1a: Excadrill|97/100|[from] Stealth Rock
|-damage|p1a: Excadrill|85/100|[from] Spikes
|-ability|p1a: Excadrill|Mold Breaker
|turn|7
|
|t:|1735936489
|switch|p2a: Jellicent|Jellicent, M|100/100
|-damage|p2a: Jellicent|88/100|[from] Stealth Rock
|-damage|p2a: Jellicent|76/100|[from] Spikes
|move|p1a: Excadrill|Earthquake|p2a: Jellicent
|-damage|p2a: Jellicent|29/100
|
|-weather|Sandstorm|[upkeep]
|-damage|p2a: Jellicent|23/100|[from] Sandstorm
|-heal|p2a: Jellicent|29/100|[from] item: Leftovers
|upkeep
|turn|8
|
|t:|1735936504
|switch|p1a: Skarmory|Skarmory, F|84/100
|-damage|p1a: Skarmory|71/100|[from] Stealth Rock
|switch|p2a: Landorus|Landorus-Therian, M|100/100
|-damage|p2a: Landorus|88/100|[from] Stealth Rock
|-ability|p2a: Landorus|Intimidate|boost
|-unboost|p1a: Skarmory|atk|1
|
|-weather|Sandstorm|[upkeep]
|upkeep
|turn|9
|
|t:|1735936516
|move|p2a: Landorus|U-turn|p1a: Skarmory
|-resisted|p1a: Skarmory
|-damage|p1a: Skarmory|67/100
|
|t:|1735936520
|switch|p2a: Alakazam|Alakazam, M|100/100|[from] U-turn
|move|p1a: Skarmory|Spikes|p2a: Alakazam
|-sidestart|p2: BLJ Mario|Spikes
|
|-weather|Sandstorm|[upkeep]
|upkeep
|turn|10
|
|t:|1735936529
|move|p2a: Alakazam|Hidden Power|p1a: Skarmory
|-supereffective|p1a: Skarmory
|-damage|p1a: Skarmory|0 fnt
|faint|p1a: Skarmory
|
|-weather|Sandstorm|[upkeep]
|upkeep
|
|t:|1735936543
|switch|p1a: Latios|Latios, M|100/100
|-damage|p1a: Latios|88/100|[from] Stealth Rock
|turn|11
|
|t:|1735936571
|switch|p2a: Skarmory|Skarmory, F|82/100
|-damage|p2a: Skarmory|70/100|[from] Stealth Rock
|switch|p1a: Excadrill|Excadrill, M|85/100
|-damage|p1a: Excadrill|82/100|[from] Stealth Rock
|-damage|p1a: Excadrill|69/100|[from] Spikes
|-ability|p1a: Excadrill|Mold Breaker
|
|-weather|Sandstorm|[upkeep]
|upkeep
|turn|12
|
|t:|1735936596
|switch|p2a: Jellicent|Jellicent, M|29/100
|-damage|p2a: Jellicent|17/100|[from] Stealth Rock
|-damage|p2a: Jellicent|0 fnt|[from] Spikes
|faint|p2a: Jellicent
|move|p1a: Excadrill|Rapid Spin|p2: Jellicent|[notarget]
|-fail|p1a: Excadrill
|
|-weather|Sandstorm|[upkeep]
|upkeep
|
|t:|1735936657
|switch|p2a: Terrakion|Terrakion|100/100
|-damage|p2a: Terrakion|94/100|[from] Stealth Rock
|-damage|p2a: Terrakion|78/100|[from] Spikes
|turn|13
|
|t:|1735936672
|switch|p1a: Seismitoad|Seismitoad, F|100/100
|-damage|p1a: Seismitoad|94/100|[from] Stealth Rock
|-damage|p1a: Seismitoad|82/100|[from] Spikes
|move|p2a: Terrakion|Rock Polish|p2a: Terrakion
|-boost|p2a: Terrakion|spe|2
|
|-weather|Sandstorm|[upkeep]
|-heal|p1a: Seismitoad|88/100|[from] item: Leftovers
|upkeep
|turn|14
|
|t:|1735936683
|move|p2a: Terrakion|X-Scissor|p1a: Seismitoad
|-damage|p1a: Seismitoad|60/100
|-damage|p2a: Terrakion|68/100|[from] item: Life Orb
|move|p1a: Seismitoad|Scald|p2a: Terrakion
|-supereffective|p2a: Terrakion
|-damage|p2a: Terrakion|33/100
|-status|p2a: Terrakion|brn
|
|-weather|Sandstorm|[upkeep]
|-heal|p1a: Seismitoad|66/100|[from] item: Leftovers
|-damage|p2a: Terrakion|21/100 brn|[from] brn
|upkeep
|turn|15
|
|t:|1735936695
|move|p2a: Terrakion|Close Combat|p1a: Seismitoad
|-damage|p1a: Seismitoad|31/100
|-unboost|p2a: Terrakion|def|1
|-unboost|p2a: Terrakion|spd|1
|-damage|p2a: Terrakion|11/100 brn|[from] item: Life Orb
|move|p1a: Seismitoad|Scald|p2a: Terrakion
|-supereffective|p2a: Terrakion
|-damage|p2a: Terrakion|0 fnt
|faint|p2a: Terrakion
|
|-weather|Sandstorm|[upkeep]
|-heal|p1a: Seismitoad|37/100|[from] item: Leftovers
|upkeep
|
|t:|1735936710
|switch|p2a: Alakazam|Alakazam, M|100/100
|turn|16
|
|t:|1735936718
|move|p1a: Seismitoad|Protect|p1a: Seismitoad
|-singleturn|p1a: Seismitoad|Protect
|move|p2a: Alakazam|Grass Knot|p1a: Seismitoad
|-activate|p1a: Seismitoad|move: Protect
|
|-weather|Sandstorm|[upkeep]
|-heal|p1a: Seismitoad|43/100|[from] item: Leftovers
|upkeep
|turn|17
|
|t:|1735936738
|switch|p1a: Latios|Latios, M|88/100
|-damage|p1a: Latios|76/100|[from] Stealth Rock
|move|p2a: Alakazam|Psychic|p1a: Latios
|-resisted|p1a: Latios
|-damage|p1a: Latios|45/100
|
|-weather|Sandstorm|[upkeep]
|-damage|p1a: Latios|39/100|[from] Sandstorm
|upkeep
|turn|18
|
|t:|1735936754
|switch|p2a: Skarmory|Skarmory, F|70/100
|-damage|p2a: Skarmory|58/100|[from] Stealth Rock
|switch|p1a: Excadrill|Excadrill, M|69/100
|-damage|p1a: Excadrill|66/100|[from] Stealth Rock
|-damage|p1a: Excadrill|54/100|[from] Spikes
|-ability|p1a: Excadrill|Mold Breaker
|
|-weather|Sandstorm|[upkeep]
|upkeep
|turn|19
|
|t:|1735936764
|move|p1a: Excadrill|Rapid Spin|p2a: Skarmory
|-resisted|p2a: Skarmory
|-damage|p2a: Skarmory|54/100
|-damage|p1a: Excadrill|37/100|[from] item: Rocky Helmet|[of] p2a: Skarmory
|-sideend|p1: LilBigBamSam|Spikes|[from] move: Rapid Spin|[of] p1a: Excadrill
|-sideend|p1: LilBigBamSam|Stealth Rock|[from] move: Rapid Spin|[of] p1a: Excadrill
|move|p2a: Skarmory|Stealth Rock|p1a: Excadrill
|-sidestart|p1: LilBigBamSam|move: Stealth Rock
|
|-weather|Sandstorm|[upkeep]
|upkeep
|turn|20
|
|t:|1735936774
|switch|p1a: Seismitoad|Seismitoad, F|43/100
|-damage|p1a: Seismitoad|37/100|[from] Stealth Rock
|move|p2a: Skarmory|Stealth Rock||[still]
|-fail|p2a: Skarmory
|
|-weather|Sandstorm|[upkeep]
|-heal|p1a: Seismitoad|43/100|[from] item: Leftovers
|upkeep
|turn|21
|
|t:|1735936781
|move|p2a: Skarmory|Brave Bird|p1a: Seismitoad
|-damage|p1a: Seismitoad|10/100
|-damage|p2a: Skarmory|37/100|[from] Recoil
|move|p1a: Seismitoad|Scald|p2a: Skarmory
|-damage|p2a: Skarmory|0 fnt
|faint|p2a: Skarmory
|
|-weather|Sandstorm|[upkeep]
|-heal|p1a: Seismitoad|16/100|[from] item: Leftovers
|upkeep
|
|t:|1735936872
|switch|p2a: Tyranitar|Tyranitar, M|100/100
|-damage|p2a: Tyranitar|88/100|[from] Stealth Rock
|-damage|p2a: Tyranitar|72/100|[from] Spikes
|turn|22
|
|t:|1735936889
|move|p2a: Tyranitar|Crunch|p1a: Seismitoad
|-damage|p1a: Seismitoad|0 fnt
|faint|p1a: Seismitoad
|
|-weather|Sandstorm|[upkeep]
|upkeep
|
|t:|1735936907
|switch|p1a: Excadrill|Excadrill, M|37/100
|-damage|p1a: Excadrill|34/100|[from] Stealth Rock
|-ability|p1a: Excadrill|Mold Breaker
|turn|23
|inactive|Battle timer is ON: inactive players will automatically lose when time's up. (requested by LilBigBamSam)
|
|t:|1735936985
|switch|p2a: Landorus|Landorus-Therian, M|88/100
|-damage|p2a: Landorus|76/100|[from] Stealth Rock
|-ability|p2a: Landorus|Intimidate|boost
|-unboost|p1a: Excadrill|atk|1
|move|p1a: Excadrill|Iron Head|p2a: Landorus
|-damage|p2a: Landorus|39/100
|
|-weather|Sandstorm|[upkeep]
|upkeep
|turn|24
|inactive|BLJ Mario has 120 seconds left.
|inactive|BLJ Mario has 90 seconds left.
|
|t:|1735937051
|move|p1a: Excadrill|Iron Head|p2a: Landorus
|-crit|p2a: Landorus
|-damage|p2a: Landorus|0 fnt
|faint|p2a: Landorus
|
|-weather|Sandstorm|[upkeep]
|upkeep
|c|☆BLJ Mario|man
|c|☆BLJ Mario|gg
|c|☆LilBigBamSam|gg
|inactive|BLJ Mario has 60 seconds left.
|c|☆LilBigBamSam|u might still have a chance
|
|t:|1735937096
|switch|p2a: Alakazam|Alakazam, M|100/100
|turn|25
|inactive|LilBigBamSam has 120 seconds left.
|
|t:|1735937143
|switch|p1a: Latios|Latios, M|39/100
|-damage|p1a: Latios|27/100|[from] Stealth Rock
|move|p2a: Alakazam|Hidden Power|p1a: Latios
|-resisted|p1a: Latios
|-damage|p1a: Latios|10/100
|
|-weather|Sandstorm|[upkeep]
|-damage|p1a: Latios|4/100|[from] Sandstorm
|upkeep
|turn|26
|inactive|BLJ Mario has 60 seconds left.
|
|t:|1735937155
|move|p2a: Alakazam|Shadow Ball|p1a: Latios
|-supereffective|p1a: Latios
|-damage|p1a: Latios|0 fnt
|faint|p1a: Latios
|
|-weather|Sandstorm|[upkeep]
|upkeep
|
|t:|1735937164
|switch|p1a: Alakazam|Alakazam, M|100/100
|turn|27
|inactive|BLJ Mario has 60 seconds left.
|c|☆BLJ Mario|i shoulda sacced tar
|c|☆BLJ Mario|ggs tho
|c|☆BLJ Mario|rng wasnt in my favor today
|inactive|LilBigBamSam has 90 seconds left.
|inactive|LilBigBamSam has 60 seconds left.
|
|t:|1735937229
|move|p1a: Alakazam|Hidden Power|p2a: Alakazam
|-damage|p2a: Alakazam|64/100
|move|p2a: Alakazam|Shadow Ball|p1a: Alakazam
|-supereffective|p1a: Alakazam
|-enditem|p1a: Alakazam|Focus Sash
|-damage|p1a: Alakazam|1/100
|
|-weather|Sandstorm|[upkeep]
|upkeep
|turn|28
|
|t:|1735937244
|move|p1a: Alakazam|Hidden Power|p2a: Alakazam
|-damage|p2a: Alakazam|22/100
|move|p2a: Alakazam|Shadow Ball|p1a: Alakazam
|-supereffective|p1a: Alakazam
|-damage|p1a: Alakazam|0 fnt
|faint|p1a: Alakazam
|
|-weather|Sandstorm|[upkeep]
|upkeep
|
|t:|1735937251
|switch|p1a: Excadrill|Excadrill, M|34/100
|-damage|p1a: Excadrill|31/100|[from] Stealth Rock
|-ability|p1a: Excadrill|Mold Breaker
|turn|29
|
|t:|1735937263
|move|p1a: Excadrill|Earthquake|p2a: Alakazam
|-damage|p2a: Alakazam|0 fnt
|faint|p2a: Alakazam
|
|-weather|Sandstorm|[upkeep]
|upkeep
|
|t:|1735937267
|switch|p2a: Tyranitar|Tyranitar, M|72/100
|-damage|p2a: Tyranitar|59/100|[from] Stealth Rock
|-damage|p2a: Tyranitar|43/100|[from] Spikes
|turn|30
|
|t:|1735937271
|move|p1a: Excadrill|Earthquake|p2a: Tyranitar
|-supereffective|p2a: Tyranitar
|-damage|p2a: Tyranitar|0 fnt
|faint|p2a: Tyranitar
|
|win|LilBigBamSam
|raw|LilBigBamSam's rating: 1283 &rarr; <strong>1320</strong><br />(+37 for winning)
|raw|BLJ Mario's rating: 1472 &rarr; <strong>1442</strong><br />(-30 for losing)
