|join|Maliciousness
|join|notDatMole
|player|p1|Maliciousness|162
|player|p2|notDatMole|99
|gametype|singles
|gen|5
|tier|[Gen 5] OU
|rated
|rule|Evasion Abilities Clause: Evasion abilities are banned
|clearpoke
|poke|p1|Staraptor, M
|poke|p1|Salamence, M
|poke|p1|Tornadus, M
|poke|p1|Thundurus-Therian, M
|poke|p1|Dragonite, M
|poke|p1|Skarmory, M
|poke|p2|Cradily, M
|poke|p2|Scizor, M
|poke|p2|Tyranitar, M
|poke|p2|Swampert, F
|poke|p2|Metagross
|poke|p2|Magnezone
|rule|Sleep Clause Mod: Limit one foe put to sleep
|rule|Species Clause: Limit one of each Pokemon
|rule|OHKO Clause: OHKO moves are banned
|rule|Moody Clause: Moody is banned
|rule|Evasion Moves Clause: Evasion moves are banned
|rule|Endless Battle Clause: Forcing endless battles is banned.
|rule|HP Percentage Mod: HP is reported as percentages
|teampreview
|
|start
|switch|p1a: Skarmory|Skarmory, M|271/271
|switch|p2a: Metagross|Metagross|364/364
|turn|1
|
|move|p1a: Skarmory|Stealth Rock|p2a: Metagross
|-sidestart|p2: notDatMole|move: Stealth Rock
|move|p2a: Metagross|Stealth Rock|p1a: Skarmory
|-sidestart|p1: Maliciousness|move: Stealth Rock
|
|turn|2
|
|switch|p2a: Magnezone|Magnezone|344/344
|-damage|p2a: Magnezone|323/344|[from] Stealth Rock
|move|p1a: Skarmory|Spikes|p2a: Magnezone
|-sidestart|p2: notDatMole|Spikes
|
|turn|3
|
|move|p1a: Skarmory|Spikes|p2a: Magnezone
|-sidestart|p2: notDatMole|Spikes
|move|p2a: Magnezone|Thunderbolt|p1a: Skarmory
|-supereffective|p1a: Skarmory
|-activate|p1a: Skarmory|Sturdy
|-damage|p1a: Skarmory|1/271
|
|turn|4
|-enditem|p1a: Skarmory|Custap Berry|[eat]
|-activate|p1a: Skarmory|Custap Berry
|
|move|p1a: Skarmory|Spikes|p2a: Magnezone
|-sidestart|p2: notDatMole|Spikes
|move|p2a: Magnezone|Light Screen|p2a: Magnezone
|-sidestart|p2: notDatMole|move: Light Screen
|
|turn|5
|
|move|p1a: Skarmory|Taunt|p2a: Magnezone
|-start|p2a: Magnezone|move: Taunt
|move|p2a: Magnezone|Thunderbolt|p1a: Skarmory
|-supereffective|p1a: Skarmory
|-damage|p1a: Skarmory|0 fnt
|faint|p1a: Skarmory
|
|
|switch|p1a: Tornadus|Tornadus, M|299/299
|-damage|p1a: Tornadus|225/299|[from] Stealth Rock
|turn|6
|
|move|p1a: Tornadus|Superpower|p2a: Magnezone
|-supereffective|p2a: Magnezone
|-damage|p2a: Magnezone|99/344
|-unboost|p1a: Tornadus|atk|1
|-unboost|p1a: Tornadus|def|1
|move|p2a: Magnezone|Thunderbolt|p1a: Tornadus
|-crit|p1a: Tornadus
|-supereffective|p1a: Tornadus
|-damage|p1a: Tornadus|0 fnt
|faint|p1a: Tornadus
|
|
|switch|p1a: Salamence|Salamence, M|331/331
|-damage|p1a: Salamence|249/331|[from] Stealth Rock
|turn|7
|
|move|p1a: Salamence|Earthquake|p2a: Magnezone
|-supereffective|p2a: Magnezone
|-damage|p2a: Magnezone|0 fnt
|faint|p2a: Magnezone
|-boost|p1a: Salamence|atk|1|[from] ability: Moxie
|
|
|switch|p2a: Scizor|Scizor, M|344/344
|-damage|p2a: Scizor|301/344|[from] Stealth Rock
|-damage|p2a: Scizor|215/344|[from] Spikes
|turn|8
|
|move|p2a: Scizor|Bullet Punch|p1a: Salamence
|-crit|p1a: Salamence
|-damage|p1a: Salamence|0 fnt
|faint|p1a: Salamence
|
|-sideend|p2: notDatMole|move: Light Screen
|
|switch|p1a: Dragonite|Dragonite, M|385/385
|-damage|p1a: Dragonite|289/385|[from] Stealth Rock
|turn|9
|
|move|p2a: Scizor|Bullet Punch|p1a: Dragonite
|-damage|p1a: Dragonite|163/385
|move|p1a: Dragonite|Thunder Wave|p2a: Scizor
|-status|p2a: Scizor|par
|
|-heal|p1a: Dragonite|187/385|[from] item: Leftovers
|turn|10
|
|move|p2a: Scizor|Bullet Punch|p1a: Dragonite
|-damage|p1a: Dragonite|75/385
|move|p1a: Dragonite|Roost|p1a: Dragonite
|-heal|p1a: Dragonite|268/385
|
|-heal|p1a: Dragonite|292/385|[from] item: Leftovers
|turn|11
|
|switch|p2a: Metagross|Metagross|364/364
|-damage|p2a: Metagross|342/364|[from] Stealth Rock
|-damage|p2a: Metagross|251/364|[from] Spikes
|move|p1a: Dragonite|Roost|p1a: Dragonite
|-heal|p1a: Dragonite|385/385
|
|turn|12
|
|move|p1a: Dragonite|Thunder Wave|p2a: Metagross
|-status|p2a: Metagross|par
|-enditem|p2a: Metagross|Lum Berry|[eat]
|-curestatus|p2a: Metagross|par
|move|p2a: Metagross|Meteor Mash|p1a: Dragonite
|-damage|p1a: Dragonite|282/385
|
|-heal|p1a: Dragonite|306/385|[from] item: Leftovers
|turn|13
|
|move|p1a: Dragonite|Thunder Wave|p2a: Metagross
|-status|p2a: Metagross|par
|cant|p2a: Metagross|par
|
|-heal|p1a: Dragonite|330/385|[from] item: Leftovers
|turn|14
|
|move|p1a: Dragonite|Substitute|p1a: Dragonite
|-start|p1a: Dragonite|Substitute
|-damage|p1a: Dragonite|234/385
|cant|p2a: Metagross|par
|
|-heal|p1a: Dragonite|258/385|[from] item: Leftovers
|turn|15
|
|move|p1a: Dragonite|Roost|p1a: Dragonite
|-heal|p1a: Dragonite|385/385
|cant|p2a: Metagross|par
|
|turn|16
|
|cant|p2a: Metagross|par
|move|p1a: Dragonite|Dragon Tail|p2a: Metagross
|-resisted|p2a: Metagross
|-damage|p2a: Metagross|215/364 par
|drag|p2a: Scizor|Scizor, M|215/344 par
|-damage|p2a: Scizor|129/344 par|[from] Spikes
|-damage|p2a: Scizor|86/344 par|[from] Stealth Rock
|
|turn|17
|chat|Maliciousness|damn lol
|chat|notDatMole|...
|
|move|p2a: Scizor|Bullet Punch|p1a: Dragonite
|-activate|p1a: Dragonite|Substitute|[damage]
|move|p1a: Dragonite|Dragon Tail|p2a: Scizor
|-resisted|p2a: Scizor
|-damage|p2a: Scizor|40/344 par
|drag|p2a: Swampert|Swampert, F|404/404
|-damage|p2a: Swampert|379/404|[from] Stealth Rock
|-damage|p2a: Swampert|278/404|[from] Spikes
|
|-heal|p2a: Swampert|303/404|[from] item: Leftovers
|turn|18
|chat|Maliciousness|Well you got a crit on me but shit that is retarded
|chat|Maliciousness|i admit
|
|move|p2a: Swampert|Ice Beam|p1a: Dragonite
|-supereffective|p1a: Dragonite
|-end|p1a: Dragonite|Substitute
|move|p1a: Dragonite|Dragon Tail|p2a: Swampert
|-damage|p2a: Swampert|234/404
|drag|p2a: Scizor|Scizor, M|40/344 par
|-damage|p2a: Scizor|0 fnt|[from] Stealth Rock
|faint|p2a: Scizor
|
|
|switch|p2a: Metagross|Metagross|215/364 par
|-damage|p2a: Metagross|124/364 par|[from] Spikes
|-damage|p2a: Metagross|102/364 par|[from] Stealth Rock
|turn|19
|
|move|p1a: Dragonite|Substitute|p1a: Dragonite
|-start|p1a: Dragonite|Substitute
|-damage|p1a: Dragonite|289/385
|move|p2a: Metagross|Meteor Mash|p1a: Dragonite
|-end|p1a: Dragonite|Substitute
|
|-heal|p1a: Dragonite|313/385|[from] item: Leftovers
|turn|20
|
|move|p1a: Dragonite|Substitute|p1a: Dragonite
|-start|p1a: Dragonite|Substitute
|-damage|p1a: Dragonite|217/385
|move|p2a: Metagross|Explosion|p1a: Dragonite
|-end|p1a: Dragonite|Substitute
|faint|p2a: Metagross
|
|-heal|p1a: Dragonite|241/385|[from] item: Leftovers
|
|switch|p2a: Tyranitar|Tyranitar, M|342/342
|-damage|p2a: Tyranitar|300/342|[from] Stealth Rock
|-damage|p2a: Tyranitar|215/342|[from] Spikes
|-weather|Sandstorm|[from] ability: Sand Stream|[of] p2a: Tyranitar
|turn|21
|
|move|p2a: Tyranitar|Stone Edge|p1a: Dragonite
|-supereffective|p1a: Dragonite
|-damage|p1a: Dragonite|0 fnt
|faint|p1a: Dragonite
|
|-weather|Sandstorm|[upkeep]
|
|switch|p1a: Staraptor|Staraptor, M|311/311
|-damage|p1a: Staraptor|234/311|[from] Stealth Rock
|turn|22
|
|move|p1a: Staraptor|Close Combat|p2a: Tyranitar
|-supereffective|p2a: Tyranitar
|-damage|p2a: Tyranitar|0 fnt
|-unboost|p1a: Staraptor|def|1
|-unboost|p1a: Staraptor|spd|1
|faint|p2a: Tyranitar
|
|-weather|Sandstorm|[upkeep]
|-damage|p1a: Staraptor|215/311|[from] sandstorm
|
|switch|p2a: Swampert|Swampert, F|234/404
|-damage|p2a: Swampert|133/404|[from] Spikes
|-damage|p2a: Swampert|108/404|[from] Stealth Rock
|turn|23
|
|switch|p1a: Thundurus-Therian|Thundurus-Therian, M|299/299
|-damage|p1a: Thundurus-Therian|225/299|[from] Stealth Rock
|move|p2a: Swampert|Ice Beam|p1a: Thundurus-Therian
|-supereffective|p1a: Thundurus-Therian
|-damage|p1a: Thundurus-Therian|61/299
|-status|p1a: Thundurus-Therian|frz
|
|-weather|Sandstorm|[upkeep]
|-damage|p1a: Thundurus-Therian|43/299 frz|[from] sandstorm
|-heal|p2a: Swampert|133/404|[from] item: Leftovers
|turn|24
|chat|Maliciousness|D:
|chat|notDatMole|the hax..
|
|-curestatus|p1a: Thundurus-Therian|frz
|move|p1a: Thundurus-Therian|Grass Knot|p2a: Swampert
|-supereffective|p2a: Swampert
|-damage|p2a: Swampert|0 fnt
|faint|p2a: Swampert
|
|-weather|Sandstorm|[upkeep]
|-damage|p1a: Thundurus-Therian|25/299|[from] sandstorm
|chat|Maliciousness|lol
|
|switch|p2a: Cradily|Cradily, M|376/376
|-damage|p2a: Cradily|329/376|[from] Stealth Rock
|-damage|p2a: Cradily|235/376|[from] Spikes
|turn|25
|
|move|p1a: Thundurus-Therian|Hidden Power|p2a: Cradily
|-supereffective|p2a: Cradily
|-damage|p2a: Cradily|127/376
|move|p2a: Cradily|Recover|p2a: Cradily
|-heal|p2a: Cradily|315/376
|
|-weather|Sandstorm|[upkeep]
|-damage|p1a: Thundurus-Therian|7/299|[from] sandstorm
|-heal|p2a: Cradily|338/376|[from] item: Leftovers
|turn|26
|
|move|p1a: Thundurus-Therian|Hidden Power|p2a: Cradily
|-supereffective|p2a: Cradily
|-damage|p2a: Cradily|240/376
|move|p2a: Cradily|Curse|p2a: Cradily
|-boost|p2a: Cradily|atk|1
|-boost|p2a: Cradily|def|1
|-unboost|p2a: Cradily|spe|1
|
|-weather|Sandstorm|[upkeep]
|-damage|p1a: Thundurus-Therian|0 fnt|[from] sandstorm
|-heal|p2a: Cradily|263/376|[from] item: Leftovers
|faint|p1a: Thundurus-Therian
|
|switch|p1a: Staraptor|Staraptor, M|215/311
|-damage|p1a: Staraptor|138/311|[from] Stealth Rock
|turn|27
|
|move|p1a: Staraptor|Brave Bird|p2a: Cradily
|-damage|p2a: Cradily|5/376
|-damage|p1a: Staraptor|53/311|[from] recoil|[of] p2a: Cradily
|move|p2a: Cradily|Stone Edge|p1a: Staraptor
|-supereffective|p1a: Staraptor
|-damage|p1a: Staraptor|0 fnt
|faint|p1a: Staraptor
|
|win|notDatMole
|raw|Ladder updating...
|raw|Maliciousness's rating: 1314 &rarr; <strong>1293</strong><br />(-21 for losing)
|raw|notDatMole's rating: 1308 &rarr; <strong>1328</strong><br />(+20 for winning)
|chat|Maliciousness|NO
|chat|Maliciousness|gg
|chat|notDatMole|gg
|leave|Maliciousness
|player|p1