|j|☆Haivijo
|j|☆spam_dash_attack
|player|p1|Haivijo|169|1349
|player|p2|spam_dash_attack|fantina|1445
|teamsize|p1|6
|teamsize|p2|6
|gametype|singles
|gen|5
|tier|[Gen 5] OU
|rated|
|clearpoke
|poke|p1|Tyranitar, F|item
|poke|p1|Excadrill, M|item
|poke|p1|Gliscor, F|item
|poke|p1|Gastrodon, F|item
|poke|p1|Landorus-Therian, M|item
|poke|p1|Heatran, M|item
|poke|p2|Mamoswine, M|item
|poke|p2|Latios, M|item
|poke|p2|Scizor, F|item
|poke|p2|Kyurem-Black|item
|poke|p2|Salamence, M|item
|poke|p2|Magnezone|item
|rule|Species Clause: Limit one of each Pokémon
|rule|OHKO Clause: OHKO moves are banned
|rule|Moody Clause: Moody is banned
|rule|Evasion Moves Clause: Evasion moves are banned
|rule|Endless Battle Clause: Forcing endless battles is banned
|rule|HP Percentage Mod: HP is shown in percentages
|rule|Evasion Abilities Clause: Evasion abilities are banned
|rule|Baton Pass Clause: Limit one Baton Passer, can't pass Spe and other stats simultaneously
|rule|Sleep Clause: Sleep-inducing moves are banned
|rule|Swagger Clause: Swagger is banned
|teampreview
|inactive|Battle timer is ON: inactive players will automatically lose when time's up. (requested by Haivijo)
|
|start
|switch|p1a: Tyranitar|Tyranitar, F, shiny|100/100
|switch|p2a: Scizor|Scizor, F|100/100
|-weather|Sandstorm|[from] ability: Sand Stream|[of] p1a: Tyranitar
|turn|1
|
|switch|p1a: Landorus|Landorus-Therian, M|100/100
|-ability|p1a: Landorus|Intimidate|boost
|-unboost|p2a: Scizor|atk|1
|move|p2a: Scizor|U-turn|p1a: Landorus
|-resisted|p1a: Landorus
|-damage|p1a: Landorus|85/100
|
|switch|p2a: Latios|Latios, M|100/100|[from]move: U-turn
|
|-weather|Sandstorm|[upkeep]
|-damage|p2a: Latios|94/100|[from] Sandstorm
|-heal|p1a: Landorus|91/100|[from] item: Leftovers
|upkeep
|turn|2
|
|switch|p1a: Heatran|Heatran, M|100/100
|move|p2a: Latios|Draco Meteor|p1a: Heatran
|-resisted|p1a: Heatran
|-damage|p1a: Heatran|66/100
|-unboost|p2a: Latios|spa|2
|
|-weather|Sandstorm|[upkeep]
|-damage|p2a: Latios|88/100|[from] Sandstorm
|-heal|p1a: Heatran|72/100|[from] item: Leftovers
|upkeep
|turn|3
|
|switch|p2a: Kyurem|Kyurem-Black|100/100
|-ability|p2a: Kyurem|Teravolt
|move|p1a: Heatran|Stealth Rock|p2a: Kyurem
|-sidestart|p2: spam_dash_attack|move: Stealth Rock
|
|-weather|Sandstorm|[upkeep]
|-damage|p2a: Kyurem|94/100|[from] Sandstorm
|-heal|p1a: Heatran|78/100|[from] item: Leftovers
|upkeep
|turn|4
|
|switch|p1a: Gastrodon|Gastrodon, F|100/100
|move|p2a: Kyurem|Outrage|p1a: Gastrodon
|-damage|p1a: Gastrodon|0 fnt
|faint|p1a: Gastrodon
|
|-weather|Sandstorm|[upkeep]
|-damage|p2a: Kyurem|88/100|[from] Sandstorm
|upkeep
|
|switch|p1a: Excadrill|Excadrill, M|100/100
|turn|5
|
|move|p1a: Excadrill|Iron Head|p2a: Kyurem
|-supereffective|p2a: Kyurem
|-damage|p2a: Kyurem|0 fnt
|faint|p2a: Kyurem
|
|-weather|Sandstorm|[upkeep]
|upkeep
|
|switch|p2a: Scizor|Scizor, F|100/100
|-damage|p2a: Scizor|88/100|[from] Stealth Rock
|turn|6
|
|switch|p1a: Heatran|Heatran, M|78/100
|move|p2a: Scizor|Superpower|p1a: Heatran
|-supereffective|p1a: Heatran
|-crit|p1a: Heatran
|-damage|p1a: Heatran|0 fnt
|-unboost|p2a: Scizor|atk|1
|-unboost|p2a: Scizor|def|1
|faint|p1a: Heatran
|
|-weather|Sandstorm|[upkeep]
|upkeep
|
|switch|p1a: Landorus|Landorus-Therian, M|91/100
|-ability|p1a: Landorus|Intimidate|boost
|-unboost|p2a: Scizor|atk|1
|turn|7
|
|move|p1a: Landorus|Rock Polish|p1a: Landorus
|-boost|p1a: Landorus|spe|2
|move|p2a: Scizor|Superpower|p1a: Landorus
|-resisted|p1a: Landorus
|-damage|p1a: Landorus|80/100
|-unboost|p2a: Scizor|atk|1
|-unboost|p2a: Scizor|def|1
|
|-weather|Sandstorm|[upkeep]
|-heal|p1a: Landorus|86/100|[from] item: Leftovers
|upkeep
|turn|8
|
|switch|p2a: Magnezone|Magnezone|100/100
|-damage|p2a: Magnezone|94/100|[from] Stealth Rock
|move|p1a: Landorus|Hidden Power|p2a: Magnezone
|-resisted|p2a: Magnezone
|-damage|p2a: Magnezone|83/100
|
|-weather|Sandstorm|[upkeep]
|-heal|p1a: Landorus|92/100|[from] item: Leftovers
|upkeep
|turn|9
|
|move|p1a: Landorus|Earthquake|p2a: Magnezone
|-supereffective|p2a: Magnezone
|-damage|p2a: Magnezone|0 fnt
|faint|p2a: Magnezone
|
|-weather|Sandstorm|[upkeep]
|-heal|p1a: Landorus|98/100|[from] item: Leftovers
|upkeep
|
|switch|p2a: Mamoswine|Mamoswine, M|100/100
|-damage|p2a: Mamoswine|88/100|[from] Stealth Rock
|turn|10
|
|switch|p1a: Excadrill|Excadrill, M|100/100
|move|p2a: Mamoswine|Ice Shard|p1a: Excadrill
|-damage|p1a: Excadrill|68/100
|
|-weather|Sandstorm|[upkeep]
|upkeep
|turn|11
|
|switch|p2a: Scizor|Scizor, F|88/100
|-damage|p2a: Scizor|76/100|[from] Stealth Rock
|move|p1a: Excadrill|Iron Head|p2a: Scizor
|-resisted|p2a: Scizor
|-damage|p2a: Scizor|46/100
|
|-weather|Sandstorm|[upkeep]
|upkeep
|turn|12
|
|switch|p1a: Landorus|Landorus-Therian, M|98/100
|-ability|p1a: Landorus|Intimidate|boost
|-unboost|p2a: Scizor|atk|1
|move|p2a: Scizor|U-turn|p1a: Landorus
|-resisted|p1a: Landorus
|-damage|p1a: Landorus|85/100
|
|switch|p2a: Latios|Latios, M|88/100|[from]move: U-turn
|-damage|p2a: Latios|76/100|[from] Stealth Rock
|
|-weather|Sandstorm|[upkeep]
|-damage|p2a: Latios|70/100|[from] Sandstorm
|-heal|p1a: Landorus|91/100|[from] item: Leftovers
|upkeep
|turn|13
|
|switch|p1a: Tyranitar|Tyranitar, F, shiny|100/100
|move|p2a: Latios|Surf|p1a: Tyranitar
|-supereffective|p1a: Tyranitar
|-damage|p1a: Tyranitar|38/100
|
|-weather|Sandstorm|[upkeep]
|-damage|p2a: Latios|64/100|[from] Sandstorm
|-heal|p1a: Tyranitar|44/100|[from] item: Leftovers
|upkeep
|turn|14
|
|move|p2a: Latios|Surf|p1a: Tyranitar
|-supereffective|p1a: Tyranitar
|-damage|p1a: Tyranitar|0 fnt
|faint|p1a: Tyranitar
|
|-weather|Sandstorm|[upkeep]
|-damage|p2a: Latios|58/100|[from] Sandstorm
|upkeep
|
|switch|p1a: Excadrill|Excadrill, M|68/100
|turn|15
|
|move|p1a: Excadrill|Iron Head|p2a: Latios
|-damage|p2a: Latios|0 fnt
|faint|p2a: Latios
|
|-weather|Sandstorm|[upkeep]
|upkeep
|
|switch|p2a: Scizor|Scizor, F|46/100
|-damage|p2a: Scizor|34/100|[from] Stealth Rock
|turn|16
|
|switch|p1a: Landorus|Landorus-Therian, M|91/100
|-ability|p1a: Landorus|Intimidate|boost
|-unboost|p2a: Scizor|atk|1
|move|p2a: Scizor|Superpower|p1a: Landorus
|-resisted|p1a: Landorus
|-damage|p1a: Landorus|74/100
|-unboost|p2a: Scizor|atk|1
|-unboost|p2a: Scizor|def|1
|
|-weather|Sandstorm|[upkeep]
|-heal|p1a: Landorus|80/100|[from] item: Leftovers
|upkeep
|turn|17
|
|switch|p2a: Mamoswine|Mamoswine, M|88/100
|-damage|p2a: Mamoswine|76/100|[from] Stealth Rock
|move|p1a: Landorus|Rock Polish|p1a: Landorus
|-boost|p1a: Landorus|spe|2
|
|-weather|Sandstorm|[upkeep]
|-heal|p1a: Landorus|86/100|[from] item: Leftovers
|upkeep
|turn|18
|
|move|p2a: Mamoswine|Ice Shard|p1a: Landorus
|-supereffective|p1a: Landorus
|-damage|p1a: Landorus|24/100
|move|p1a: Landorus|Earthquake|p2a: Mamoswine
|-damage|p2a: Mamoswine|20/100
|
|-weather|Sandstorm|[upkeep]
|-heal|p1a: Landorus|30/100|[from] item: Leftovers
|upkeep
|turn|19
|
|switch|p1a: Gliscor|Gliscor, F|100/100
|move|p2a: Mamoswine|Ice Shard|p1a: Gliscor
|-supereffective|p1a: Gliscor
|-damage|p1a: Gliscor|48/100
|
|-weather|Sandstorm|[upkeep]
|-status|p1a: Gliscor|tox|[from] item: Toxic Orb
|upkeep
|turn|20
|
|move|p1a: Gliscor|Protect|p1a: Gliscor
|-singleturn|p1a: Gliscor|Protect
|move|p2a: Mamoswine|Ice Shard|p1a: Gliscor
|-activate|p1a: Gliscor|move: Protect
|
|-weather|Sandstorm|[upkeep]
|-heal|p1a: Gliscor|61/100 tox|[from] ability: Poison Heal
|upkeep
|turn|21
|
|move|p2a: Mamoswine|Ice Shard|p1a: Gliscor
|-supereffective|p1a: Gliscor
|-damage|p1a: Gliscor|5/100 tox
|move|p1a: Gliscor|Aerial Ace|p2a: Mamoswine
|-crit|p2a: Mamoswine
|-damage|p2a: Mamoswine|0 fnt
|faint|p2a: Mamoswine
|
|-weather|Sandstorm|[upkeep]
|-heal|p1a: Gliscor|18/100 tox|[from] ability: Poison Heal
|upkeep
|
|switch|p2a: Salamence|Salamence, M|100/100
|-damage|p2a: Salamence|76/100|[from] Stealth Rock
|turn|22
|
|switch|p1a: Landorus|Landorus-Therian, M|30/100
|-ability|p1a: Landorus|Intimidate|boost
|-unboost|p2a: Salamence|atk|1
|move|p2a: Salamence|Outrage|p1a: Landorus
|-damage|p1a: Landorus|1/100
|
|-weather|Sandstorm|[upkeep]
|-damage|p2a: Salamence|70/100|[from] Sandstorm
|-heal|p1a: Landorus|7/100|[from] item: Leftovers
|upkeep
|turn|23
|
|switch|p1a: Gliscor|Gliscor, F|18/100 tox
|move|p2a: Salamence|Outrage|p1a: Gliscor|[from]lockedmove
|-damage|p1a: Gliscor|0 fnt
|faint|p1a: Gliscor
|-ability|p2a: Salamence|Moxie|boost
|-boost|p2a: Salamence|atk|1
|
|-weather|Sandstorm|[upkeep]
|-damage|p2a: Salamence|64/100|[from] Sandstorm
|upkeep
|
|switch|p1a: Landorus|Landorus-Therian, M|7/100
|-ability|p1a: Landorus|Intimidate|boost
|-unboost|p2a: Salamence|atk|1
|turn|24
|
|move|p2a: Salamence|Outrage|p1a: Landorus|[from]lockedmove
|-damage|p1a: Landorus|0 fnt
|-start|p2a: Salamence|confusion|[fatigue]
|faint|p1a: Landorus
|-ability|p2a: Salamence|Moxie|boost
|-boost|p2a: Salamence|atk|1
|
|-weather|Sandstorm|[upkeep]
|-damage|p2a: Salamence|58/100|[from] Sandstorm
|upkeep
|
|switch|p1a: Excadrill|Excadrill, M|68/100
|turn|25
|
|switch|p2a: Scizor|Scizor, F|34/100
|-damage|p2a: Scizor|21/100|[from] Stealth Rock
|move|p1a: Excadrill|Iron Head|p2a: Scizor
|-resisted|p2a: Scizor
|-damage|p2a: Scizor|0 fnt
|faint|p2a: Scizor
|
|-weather|Sandstorm|[upkeep]
|upkeep
|
|switch|p2a: Salamence|Salamence, M|58/100
|-damage|p2a: Salamence|33/100|[from] Stealth Rock
|turn|26
|
|move|p2a: Salamence|Earthquake|p1a: Excadrill
|-supereffective|p1a: Excadrill
|-damage|p1a: Excadrill|0 fnt
|faint|p1a: Excadrill
|
|win|spam_dash_attack
|l|☆Haivijo
|raw|Haivijo's rating: 1350 &rarr; <strong>1335</strong><br />(-15 for losing)
|raw|spam_dash_attack's rating: 1445 &rarr; <strong>1459</strong><br />(+14 for winning)
|j| cuckduck'd
|l| cuckduck'd
