|j|☆lijkjlkjlkjlkjlk
|j|☆ReallyFunTeams
|t:|1725029356
|gametype|singles
|player|p1|lijkjlkjlkjlkjlk|bugcatcher-gen4dp|1460
|player|p2|ReallyFunTeams|fisherman-gen4|1465
|teamsize|p1|6
|teamsize|p2|6
|gen|5
|tier|[Gen 5] OU
|rated|
|rule|Species Clause: Limit one of each Pokémon
|rule|OHKO Clause: OHKO moves are banned
|rule|Moody Clause: Moody is banned
|rule|Evasion Items Clause: Evasion items are banned
|rule|Evasion Moves Clause: Evasion moves are banned
|rule|Endless Battle Clause: Forcing endless battles is banned
|rule|HP Percentage Mod: HP is shown in percentages
|rule|Evasion Abilities Clause: Evasion abilities are banned
|rule|Sleep Moves Clause: Sleep-inducing moves are banned
|rule|Swagger Clause: Swagger is banned
|rule|Baton Pass Stat Clause: No Baton Passer may have a way to boost its stats
|clearpoke
|poke|p1|Bronzong|item
|poke|p1|Porygon2|item
|poke|p1|Reuniclus, M|item
|poke|p1|Chandelure, F|item
|poke|p1|Crawdaunt, F|item
|poke|p1|Terrakion|item
|poke|p2|Forretress, M|item
|poke|p2|Dragonite, M|item
|poke|p2|Scizor, F|item
|poke|p2|Rotom-Wash|item
|poke|p2|Ferrothorn, M|item
|poke|p2|Alakazam, M|item
|teampreview
|inactive|Battle timer is ON: inactive players will automatically lose when time's up. (requested by ReallyFunTeams)
|
|t:|1725029368
|start
|switch|p1a: Chandelure|Chandelure, F|100/100
|switch|p2a: Forretress|Forretress, M, shiny|100/100
|-item|p1a: Chandelure|Air Balloon
|turn|1
|
|t:|1725029374
|move|p1a: Chandelure|Fire Blast|p2a: Forretress
|-supereffective|p2a: Forretress
|-ability|p2a: Forretress|Sturdy
|-damage|p2a: Forretress|1/100
|-status|p2a: Forretress|brn
|move|p2a: Forretress|Stealth Rock|p1a: Chandelure
|-sidestart|p1: lijkjlkjlkjlkjlk|move: Stealth Rock
|
|-damage|p2a: Forretress|0 fnt|[from] brn
|faint|p2a: Forretress
|upkeep
|
|t:|1725029387
|switch|p2a: Rotom|Rotom-Wash, shiny|100/100
|turn|2
|
|t:|1725029401
|switch|p1a: Reuniclus|Reuniclus, M|100/100
|move|p2a: Rotom|Volt Switch|p1a: Reuniclus
|-damage|p1a: Reuniclus|60/100
|
|t:|1725029406
|switch|p2a: Scizor|Scizor, F|100/100|[from] Volt Switch
|
|upkeep
|turn|3
|
|t:|1725029421
|switch|p1a: Chandelure|Chandelure, F|100/100
|-damage|p1a: Chandelure|76/100|[from] Stealth Rock
|-item|p1a: Chandelure|Air Balloon
|move|p2a: Scizor|U-turn|p1a: Chandelure
|-resisted|p1a: Chandelure
|-damage|p1a: Chandelure|59/100
|-status|p2a: Scizor|brn|[from] ability: Flame Body|[of] p1a: Chandelure
|-enditem|p1a: Chandelure|Air Balloon
|
|t:|1725029441
|switch|p2a: Rotom|Rotom-Wash, shiny|100/100|[from] U-turn
|
|upkeep
|turn|4
|
|t:|1725029459
|move|p2a: Rotom|Volt Switch|p1a: Chandelure
|-damage|p1a: Chandelure|0 fnt
|faint|p1a: Chandelure
|
|t:|1725029487
|switch|p2a: Scizor|Scizor, F|100/100 brn|[from] Volt Switch
|
|-damage|p2a: Scizor|88/100 brn|[from] brn
|upkeep
|
|t:|1725029493
|switch|p1a: Bronzong|Bronzong|100/100
|-damage|p1a: Bronzong|94/100|[from] Stealth Rock
|turn|5
|
|t:|1725029500
|move|p2a: Scizor|U-turn|p1a: Bronzong
|-damage|p1a: Bronzong|76/100
|
|t:|1725029503
|switch|p2a: Ferrothorn|Ferrothorn, M|100/100|[from] U-turn
|move|p1a: Bronzong|Trick Room|p1a: Bronzong
|-fieldstart|move: Trick Room|[of] p1a: Bronzong
|
|upkeep
|turn|6
|
|t:|1725029509
|switch|p1a: Reuniclus|Reuniclus, M|60/100
|move|p2a: Ferrothorn|Curse|p2a: Ferrothorn
|-unboost|p2a: Ferrothorn|spe|1
|-boost|p2a: Ferrothorn|atk|1
|-boost|p2a: Ferrothorn|def|1
|
|upkeep
|turn|7
|
|t:|1725029524
|move|p2a: Ferrothorn|Curse|p2a: Ferrothorn
|-unboost|p2a: Ferrothorn|spe|1
|-boost|p2a: Ferrothorn|atk|1
|-boost|p2a: Ferrothorn|def|1
|move|p1a: Reuniclus|Focus Blast|p2a: Ferrothorn
|-supereffective|p2a: Ferrothorn
|-damage|p2a: Ferrothorn|44/100
|-unboost|p2a: Ferrothorn|spd|1
|
|-heal|p2a: Ferrothorn|50/100|[from] item: Leftovers
|upkeep
|turn|8
|
|t:|1725029538
|switch|p1a: Bronzong|Bronzong|76/100
|-damage|p1a: Bronzong|70/100|[from] Stealth Rock
|move|p2a: Ferrothorn|Protect||[still]
|-fail|p2a: Ferrothorn
|
|-heal|p2a: Ferrothorn|56/100|[from] item: Leftovers
|upkeep
|turn|9
|
|t:|1725029545
|move|p2a: Ferrothorn|Leech Seed|p1a: Bronzong
|-start|p1a: Bronzong|move: Leech Seed
|move|p1a: Bronzong|Stealth Rock|p2a: Ferrothorn
|-sidestart|p2: ReallyFunTeams|move: Stealth Rock
|
|-heal|p2a: Ferrothorn|62/100|[from] item: Leftovers
|-damage|p1a: Bronzong|57/100|[from] Leech Seed|[of] p2a: Ferrothorn
|-heal|p2a: Ferrothorn|74/100|[silent]
|-fieldend|move: Trick Room
|upkeep
|turn|10
|
|t:|1725029567
|switch|p1a: Reuniclus|Reuniclus, M|60/100
|move|p2a: Ferrothorn|Curse|p2a: Ferrothorn
|-unboost|p2a: Ferrothorn|spe|1
|-boost|p2a: Ferrothorn|atk|1
|-boost|p2a: Ferrothorn|def|1
|
|-heal|p2a: Ferrothorn|81/100|[from] item: Leftovers
|upkeep
|turn|11
|
|t:|1725029576
|move|p2a: Ferrothorn|Protect|p2a: Ferrothorn
|-singleturn|p2a: Ferrothorn|Protect
|move|p1a: Reuniclus|Focus Blast|p2a: Ferrothorn
|-activate|p2a: Ferrothorn|move: Protect
|
|-heal|p2a: Ferrothorn|87/100|[from] item: Leftovers
|upkeep
|turn|12
|
|t:|1725029583
|move|p1a: Reuniclus|Focus Blast|p2a: Ferrothorn|[miss]
|-miss|p1a: Reuniclus|p2a: Ferrothorn
|move|p2a: Ferrothorn|Gyro Ball|p1a: Reuniclus
|-crit|p1a: Reuniclus
|-damage|p1a: Reuniclus|0 fnt
|faint|p1a: Reuniclus
|
|-heal|p2a: Ferrothorn|93/100|[from] item: Leftovers
|upkeep
|
|t:|1725029595
|switch|p1a: Crawdaunt|Crawdaunt, F|100/100
|-damage|p1a: Crawdaunt|88/100|[from] Stealth Rock
|turn|13
|
|t:|1725029599
|move|p1a: Crawdaunt|Superpower|p2a: Ferrothorn
|-supereffective|p2a: Ferrothorn
|-damage|p2a: Ferrothorn|52/100
|-unboost|p1a: Crawdaunt|atk|1
|-unboost|p1a: Crawdaunt|def|1
|-damage|p1a: Crawdaunt|76/100|[from] ability: Iron Barbs|[of] p2a: Ferrothorn
|move|p2a: Ferrothorn|Leech Seed|p1a: Crawdaunt
|-start|p1a: Crawdaunt|move: Leech Seed
|
|-heal|p2a: Ferrothorn|58/100|[from] item: Leftovers
|-damage|p1a: Crawdaunt|64/100|[from] Leech Seed|[of] p2a: Ferrothorn
|-heal|p2a: Ferrothorn|68/100|[silent]
|upkeep
|turn|14
|
|t:|1725029625
|switch|p1a: Terrakion|Terrakion|100/100
|-damage|p1a: Terrakion|94/100|[from] Stealth Rock
|move|p2a: Ferrothorn|Protect||[still]
|-fail|p2a: Ferrothorn
|
|-heal|p2a: Ferrothorn|75/100|[from] item: Leftovers
|upkeep
|turn|15
|
|t:|1725029632
|move|p1a: Terrakion|Close Combat|p2a: Ferrothorn
|-supereffective|p2a: Ferrothorn
|-damage|p2a: Ferrothorn|39/100
|-unboost|p1a: Terrakion|def|1
|-unboost|p1a: Terrakion|spd|1
|-damage|p1a: Terrakion|82/100|[from] ability: Iron Barbs|[of] p2a: Ferrothorn
|move|p2a: Ferrothorn|Gyro Ball|p1a: Terrakion
|-supereffective|p1a: Terrakion
|-damage|p1a: Terrakion|0 fnt
|faint|p1a: Terrakion
|
|-heal|p2a: Ferrothorn|45/100|[from] item: Leftovers
|upkeep
|
|t:|1725029642
|switch|p1a: Crawdaunt|Crawdaunt, F|64/100
|-damage|p1a: Crawdaunt|52/100|[from] Stealth Rock
|turn|16
|
|t:|1725029647
|move|p2a: Ferrothorn|Protect|p2a: Ferrothorn
|-singleturn|p2a: Ferrothorn|Protect
|move|p1a: Crawdaunt|Superpower|p2a: Ferrothorn
|-activate|p2a: Ferrothorn|move: Protect
|
|-heal|p2a: Ferrothorn|51/100|[from] item: Leftovers
|upkeep
|turn|17
|
|t:|1725029658
|move|p1a: Crawdaunt|Superpower|p2a: Ferrothorn
|-supereffective|p2a: Ferrothorn
|-damage|p2a: Ferrothorn|14/100
|-unboost|p1a: Crawdaunt|atk|1
|-unboost|p1a: Crawdaunt|def|1
|-damage|p1a: Crawdaunt|39/100|[from] ability: Iron Barbs|[of] p2a: Ferrothorn
|move|p2a: Ferrothorn|Leech Seed|p1a: Crawdaunt
|-start|p1a: Crawdaunt|move: Leech Seed
|
|-heal|p2a: Ferrothorn|20/100|[from] item: Leftovers
|-damage|p1a: Crawdaunt|27/100|[from] Leech Seed|[of] p2a: Ferrothorn
|-heal|p2a: Ferrothorn|31/100|[silent]
|upkeep
|turn|18
|
|t:|1725029671
|switch|p1a: Porygon2|Porygon2|100/100
|-damage|p1a: Porygon2|88/100|[from] Stealth Rock
|-ability|p1a: Porygon2|Download|boost
|-boost|p1a: Porygon2|spa|1
|move|p2a: Ferrothorn|Leech Seed|p1a: Porygon2
|-start|p1a: Porygon2|move: Leech Seed
|
|-heal|p2a: Ferrothorn|37/100|[from] item: Leftovers
|-damage|p1a: Porygon2|76/100|[from] Leech Seed|[of] p2a: Ferrothorn
|-heal|p2a: Ferrothorn|50/100|[silent]
|upkeep
|turn|19
|
|t:|1725029682
|switch|p1a: Crawdaunt|Crawdaunt, F|27/100
|-damage|p1a: Crawdaunt|15/100|[from] Stealth Rock
|move|p2a: Ferrothorn|Protect||[still]
|-fail|p2a: Ferrothorn
|
|-heal|p2a: Ferrothorn|56/100|[from] item: Leftovers
|upkeep
|turn|20
|
|t:|1725029689
|move|p2a: Ferrothorn|Protect|p2a: Ferrothorn
|-singleturn|p2a: Ferrothorn|Protect
|move|p1a: Crawdaunt|Superpower|p2a: Ferrothorn
|-activate|p2a: Ferrothorn|move: Protect
|
|-heal|p2a: Ferrothorn|62/100|[from] item: Leftovers
|upkeep
|turn|21
|
|t:|1725029702
|move|p1a: Crawdaunt|Superpower|p2a: Ferrothorn
|-supereffective|p2a: Ferrothorn
|-damage|p2a: Ferrothorn|19/100
|-unboost|p1a: Crawdaunt|atk|1
|-unboost|p1a: Crawdaunt|def|1
|-damage|p1a: Crawdaunt|3/100|[from] ability: Iron Barbs|[of] p2a: Ferrothorn
|move|p2a: Ferrothorn|Gyro Ball|p1a: Crawdaunt
|-resisted|p1a: Crawdaunt
|-damage|p1a: Crawdaunt|0 fnt
|faint|p1a: Crawdaunt
|
|-heal|p2a: Ferrothorn|25/100|[from] item: Leftovers
|upkeep
|
|t:|1725029706
|switch|p1a: Porygon2|Porygon2|76/100
|-damage|p1a: Porygon2|64/100|[from] Stealth Rock
|-ability|p1a: Porygon2|Download|boost
|-boost|p1a: Porygon2|spa|1
|turn|22
|
|t:|1725029718
|move|p2a: Ferrothorn|Protect|p2a: Ferrothorn
|-singleturn|p2a: Ferrothorn|Protect
|move|p1a: Porygon2|Ice Beam|p2a: Ferrothorn
|-activate|p2a: Ferrothorn|move: Protect
|
|-heal|p2a: Ferrothorn|31/100|[from] item: Leftovers
|upkeep
|turn|23
|
|t:|1725029725
|move|p1a: Porygon2|Ice Beam|p2a: Ferrothorn
|-damage|p2a: Ferrothorn|0 fnt
|faint|p2a: Ferrothorn
|
|upkeep
|c|☆lijkjlkjlkjlkjlk|tango down boys
|
|t:|1725029738
|switch|p2a: Scizor|Scizor, F|88/100 brn
|-damage|p2a: Scizor|76/100 brn|[from] Stealth Rock
|turn|24
|c|☆ReallyFunTeams|:o
|
|t:|1725029754
|switch|p1a: Bronzong|Bronzong|57/100
|-damage|p1a: Bronzong|51/100|[from] Stealth Rock
|move|p2a: Scizor|Superpower|p1a: Bronzong
|-damage|p1a: Bronzong|29/100
|-unboost|p2a: Scizor|atk|1
|-unboost|p2a: Scizor|def|1
|
|-damage|p2a: Scizor|63/100 brn|[from] brn
|upkeep
|turn|25
|
|t:|1725029784
|move|p2a: Scizor|Superpower|p1a: Bronzong
|-damage|p1a: Bronzong|14/100
|-unboost|p2a: Scizor|atk|1
|-unboost|p2a: Scizor|def|1
|move|p1a: Bronzong|Trick Room|p1a: Bronzong
|-fieldstart|move: Trick Room|[of] p1a: Bronzong
|
|-damage|p2a: Scizor|51/100 brn|[from] brn
|upkeep
|turn|26
|
|t:|1725029812
|switch|p2a: Rotom|Rotom-Wash, shiny|100/100
|-damage|p2a: Rotom|88/100|[from] Stealth Rock
|move|p1a: Bronzong|Gyro Ball|p2a: Rotom
|-resisted|p2a: Rotom
|-damage|p2a: Rotom|79/100
|
|upkeep
|turn|27
|
|t:|1725029819
|move|p1a: Bronzong|Explosion|p2a: Rotom
|-damage|p2a: Rotom|13/100
|faint|p1a: Bronzong
|move|p2a: Rotom|Volt Switch|p1: Bronzong|[notarget]
|-fail|p2a: Rotom
|
|upkeep
|
|t:|1725029821
|switch|p1a: Porygon2|Porygon2|64/100
|-damage|p1a: Porygon2|51/100|[from] Stealth Rock
|-ability|p1a: Porygon2|Download|boost
|-boost|p1a: Porygon2|spa|1
|turn|28
|
|t:|1725029829
|move|p1a: Porygon2|Ice Beam|p2a: Rotom
|-resisted|p2a: Rotom
|-damage|p2a: Rotom|0 fnt
|faint|p2a: Rotom
|
|upkeep
|
|t:|1725029835
|switch|p2a: Scizor|Scizor, F|51/100 brn
|-damage|p2a: Scizor|38/100 brn|[from] Stealth Rock
|turn|29
|
|t:|1725029839
|move|p1a: Porygon2|Recover|p1a: Porygon2
|-heal|p1a: Porygon2|100/100
|move|p2a: Scizor|Superpower|p1a: Porygon2
|-supereffective|p1a: Porygon2
|-damage|p1a: Porygon2|56/100
|-unboost|p2a: Scizor|atk|1
|-unboost|p2a: Scizor|def|1
|
|-damage|p2a: Scizor|26/100 brn|[from] brn
|-fieldend|move: Trick Room
|upkeep
|turn|30
|
|t:|1725029855
|switch|p2a: Alakazam|Alakazam, M|100/100
|move|p1a: Porygon2|Trick Room|p1a: Porygon2
|-fieldstart|move: Trick Room|[of] p1a: Porygon2
|
|upkeep
|turn|31
|
|t:|1725029867
|move|p1a: Porygon2|Ice Beam|p2a: Alakazam
|-damage|p2a: Alakazam|29/100
|move|p2a: Alakazam|Focus Blast|p1a: Porygon2|[miss]
|-miss|p2a: Alakazam|p1a: Porygon2
|
|upkeep
|turn|32
|
|t:|1725029883
|move|p1a: Porygon2|Ice Beam|p2a: Alakazam
|-damage|p2a: Alakazam|0 fnt
|faint|p2a: Alakazam
|
|upkeep
|
|t:|1725029887
|switch|p2a: Scizor|Scizor, F|26/100 brn
|-damage|p2a: Scizor|14/100 brn|[from] Stealth Rock
|turn|33
|inactive|lijkjlkjlkjlkjlk has 120 seconds left.
|
|t:|1725029918
|move|p2a: Scizor|Bullet Punch|p1a: Porygon2
|-damage|p1a: Porygon2|40/100
|move|p1a: Porygon2|Ice Beam|p2a: Scizor
|-resisted|p2a: Scizor
|-damage|p2a: Scizor|0 fnt
|faint|p2a: Scizor
|
|upkeep
|
|t:|1725029925
|switch|p2a: Dragonite|Dragonite, M|100/100
|-damage|p2a: Dragonite|76/100|[from] Stealth Rock
|turn|34
|
|t:|1725029929
|move|p2a: Dragonite|Extreme Speed|p1a: Porygon2
|-damage|p1a: Porygon2|20/100
|move|p1a: Porygon2|Ice Beam|p2a: Dragonite
|-supereffective|p2a: Dragonite
|-damage|p2a: Dragonite|0 fnt
|faint|p2a: Dragonite
|
|win|lijkjlkjlkjlkjlk
|raw|lijkjlkjlkjlkjlk's rating: 1460 &rarr; <strong>1480</strong><br />(+20 for winning)
|raw|ReallyFunTeams's rating: 1465 &rarr; <strong>1445</strong><br />(-20 for losing)
|c|☆lijkjlkjlkjlkjlk|tangoes down
|c|☆ReallyFunTeams|gg
|c|☆lijkjlkjlkjlkjlk|gg
