|j|☆Unhiptube3
|j|☆Friendzz
|t:|1714875684
|gametype|singles
|player|p1|Unhiptube3|marley|1330
|player|p2|Friendzz|iris|1348
|teamsize|p1|6
|teamsize|p2|6
|gen|5
|tier|[Gen 5] OU
|rated|
|rule|Species Clause: Limit one of each Pokémon
|rule|OHKO Clause: OHKO moves are banned
|rule|Moody Clause: Moody is banned
|rule|Evasion Items Clause: Evasion items are banned
|rule|Evasion Moves Clause: Evasion moves are banned
|rule|Endless Battle Clause: Forcing endless battles is banned
|rule|HP Percentage Mod: HP is shown in percentages
|rule|Evasion Abilities Clause: Evasion abilities are banned
|rule|Sleep Moves Clause: Sleep-inducing moves are banned
|rule|Swagger Clause: Swagger is banned
|rule|Baton Pass Stat Clause: No Baton Passer may have a way to boost its stats
|clearpoke
|poke|p1|Garchomp, F|item
|poke|p1|Dragonite, M|item
|poke|p1|Latios, M|item
|poke|p1|Scizor, F|item
|poke|p1|Magnezone|item
|poke|p1|Starmie|item
|poke|p2|Alakazam, M|item
|poke|p2|Skarmory, F|item
|poke|p2|Tyranitar, M|item
|poke|p2|Mamoswine, M|item
|poke|p2|Jellicent, F|item
|poke|p2|Excadrill, M|item
|teampreview
|inactive|Battle timer is ON: inactive players will automatically lose when time's up. (requested by Friendzz)
|
|t:|1714875698
|start
|switch|p1a: Starmie|Starmie|100/100
|switch|p2a: Tyranitar|Tyranitar, M|100/100
|-weather|Sandstorm|[from] ability: Sand Stream|[of] p2a: Tyranitar
|turn|1
|
|t:|1714875706
|move|p1a: Starmie|Surf|p2a: Tyranitar
|-supereffective|p2a: Tyranitar
|-damage|p2a: Tyranitar|55/100
|-damage|p1a: Starmie|91/100|[from] item: Life Orb
|move|p2a: Tyranitar|Crunch|p1a: Starmie
|-supereffective|p1a: Starmie
|-damage|p1a: Starmie|0 fnt
|faint|p1a: Starmie
|
|-weather|Sandstorm|[upkeep]
|upkeep
|
|t:|1714875715
|switch|p1a: Scizor|Scizor, F|100/100
|turn|2
|
|t:|1714875734
|switch|p2a: Skarmory|Skarmory, F|100/100
|move|p1a: Scizor|Bullet Punch|p2a: Skarmory
|-resisted|p2a: Skarmory
|-damage|p2a: Skarmory|75/100
|
|-weather|Sandstorm|[upkeep]
|upkeep
|turn|3
|
|t:|1714875737
|switch|p1a: Magnezone|Magnezone|100/100
|move|p2a: Skarmory|Stealth Rock|p1a: Magnezone
|-sidestart|p1: Unhiptube3|move: Stealth Rock
|
|-weather|Sandstorm|[upkeep]
|upkeep
|turn|4
|
|t:|1714875747
|move|p1a: Magnezone|Volt Switch|p2a: Skarmory
|-supereffective|p2a: Skarmory
|-damage|p2a: Skarmory|0 fnt
|faint|p2a: Skarmory
|
|t:|1714875761
|switch|p1a: Scizor|Scizor, F|100/100|[from] Volt Switch
|-damage|p1a: Scizor|88/100|[from] Stealth Rock
|
|-weather|Sandstorm|[upkeep]
|upkeep
|
|t:|1714875767
|switch|p2a: Jellicent|Jellicent, F|100/100
|-item|p2a: Jellicent|Air Balloon
|turn|5
|
|t:|1714875771
|move|p2a: Jellicent|Will-O-Wisp|p1a: Scizor
|-status|p1a: Scizor|brn
|move|p1a: Scizor|Pursuit|p2a: Jellicent
|-supereffective|p2a: Jellicent
|-damage|p2a: Jellicent|71/100
|-enditem|p2a: Jellicent|Air Balloon
|
|-weather|Sandstorm|[upkeep]
|-damage|p2a: Jellicent|65/100|[from] Sandstorm
|-damage|p1a: Scizor|76/100 brn|[from] brn
|upkeep
|turn|6
|
|t:|1714875781
|move|p2a: Jellicent|Recover|p2a: Jellicent
|-heal|p2a: Jellicent|100/100
|move|p1a: Scizor|Pursuit|p2a: Jellicent
|-supereffective|p2a: Jellicent
|-damage|p2a: Jellicent|71/100
|
|-weather|Sandstorm|[upkeep]
|-damage|p2a: Jellicent|65/100|[from] Sandstorm
|-damage|p1a: Scizor|64/100 brn|[from] brn
|upkeep
|turn|7
|
|t:|1714875785
|move|p2a: Jellicent|Night Shade|p1a: Scizor
|-damage|p1a: Scizor|35/100 brn
|move|p1a: Scizor|Pursuit|p2a: Jellicent
|-supereffective|p2a: Jellicent
|-damage|p2a: Jellicent|34/100
|
|-weather|Sandstorm|[upkeep]
|-damage|p2a: Jellicent|28/100|[from] Sandstorm
|-damage|p1a: Scizor|22/100 brn|[from] brn
|upkeep
|turn|8
|
|t:|1714875789
|move|p2a: Jellicent|Recover|p2a: Jellicent
|-heal|p2a: Jellicent|78/100
|move|p1a: Scizor|Pursuit|p2a: Jellicent
|-supereffective|p2a: Jellicent
|-damage|p2a: Jellicent|47/100
|
|-weather|Sandstorm|[upkeep]
|-damage|p2a: Jellicent|41/100|[from] Sandstorm
|-damage|p1a: Scizor|10/100 brn|[from] brn
|upkeep
|turn|9
|
|t:|1714875792
|move|p2a: Jellicent|Recover|p2a: Jellicent
|-heal|p2a: Jellicent|91/100
|move|p1a: Scizor|Pursuit|p2a: Jellicent
|-supereffective|p2a: Jellicent
|-damage|p2a: Jellicent|60/100
|
|-weather|Sandstorm|[upkeep]
|-damage|p2a: Jellicent|54/100|[from] Sandstorm
|-damage|p1a: Scizor|0 fnt|[from] brn
|faint|p1a: Scizor
|upkeep
|
|t:|1714875797
|switch|p1a: Latios|Latios, M|100/100
|-damage|p1a: Latios|88/100|[from] Stealth Rock
|turn|10
|
|t:|1714875803
|switch|p2a: Tyranitar|Tyranitar, M|55/100
|move|p1a: Latios|Trick|p2a: Tyranitar
|-activate|p1a: Latios|move: Trick|[of] p2a: Tyranitar
|-item|p2a: Tyranitar|Choice Scarf|[from] move: Trick
|-item|p1a: Latios|Chople Berry|[from] move: Trick
|
|-weather|Sandstorm|[upkeep]
|-damage|p1a: Latios|82/100|[from] Sandstorm
|upkeep
|turn|11
|
|t:|1714875811
|move|p1a: Latios|Surf|p2a: Tyranitar
|-supereffective|p2a: Tyranitar
|-damage|p2a: Tyranitar|27/100
|move|p2a: Tyranitar|Pursuit|p1a: Latios
|-supereffective|p1a: Latios
|-damage|p1a: Latios|36/100
|
|-weather|Sandstorm|[upkeep]
|-damage|p1a: Latios|30/100|[from] Sandstorm
|upkeep
|turn|12
|
|t:|1714875815
|switch|p2a: Jellicent|Jellicent, F|54/100
|move|p1a: Latios|Surf|p2a: Jellicent
|-heal|p2a: Jellicent|79/100|[from] ability: Water Absorb|[of] p1a: Latios
|
|-weather|Sandstorm|[upkeep]
|-damage|p1a: Latios|24/100|[from] Sandstorm
|-damage|p2a: Jellicent|73/100|[from] Sandstorm
|upkeep
|turn|13
|
|t:|1714875828
|switch|p2a: Excadrill|Excadrill, M|100/100
|move|p1a: Latios|Draco Meteor|p2a: Excadrill
|-resisted|p2a: Excadrill
|-damage|p2a: Excadrill|51/100
|-unboost|p1a: Latios|spa|2
|
|-weather|Sandstorm|[upkeep]
|-damage|p1a: Latios|18/100|[from] Sandstorm
|upkeep
|turn|14
|
|t:|1714875840
|move|p2a: Excadrill|Rock Slide|p1a: Latios
|-damage|p1a: Latios|0 fnt
|faint|p1a: Latios
|
|-weather|Sandstorm|[upkeep]
|upkeep
|
|t:|1714875845
|switch|p1a: Garchomp|Garchomp, F|100/100
|-damage|p1a: Garchomp|94/100|[from] Stealth Rock
|turn|15
|
|t:|1714875858
|switch|p2a: Tyranitar|Tyranitar, M|27/100
|move|p1a: Garchomp|Swords Dance|p1a: Garchomp
|-boost|p1a: Garchomp|atk|2
|
|-weather|Sandstorm|[upkeep]
|upkeep
|turn|16
|
|t:|1714875863
|move|p1a: Garchomp|Earthquake|p2a: Tyranitar
|-supereffective|p2a: Tyranitar
|-damage|p2a: Tyranitar|0 fnt
|faint|p2a: Tyranitar
|
|-weather|Sandstorm|[upkeep]
|upkeep
|
|t:|1714875867
|switch|p2a: Mamoswine|Mamoswine, M|100/100
|turn|17
|
|t:|1714875871
|move|p2a: Mamoswine|Ice Shard|p1a: Garchomp
|-supereffective|p1a: Garchomp
|-enditem|p1a: Garchomp|Yache Berry|[eat]
|-enditem|p1a: Garchomp|Yache Berry|[weaken]
|-damage|p1a: Garchomp|41/100
|move|p1a: Garchomp|Earthquake|p2a: Mamoswine
|-damage|p2a: Mamoswine|0 fnt
|faint|p2a: Mamoswine
|
|-weather|Sandstorm|[upkeep]
|upkeep
|
|t:|1714875875
|switch|p2a: Alakazam|Alakazam, M|100/100
|turn|18
|
|t:|1714875879
|move|p2a: Alakazam|Psychic|p1a: Garchomp
|-damage|p1a: Garchomp|0 fnt
|faint|p1a: Garchomp
|
|-weather|Sandstorm|[upkeep]
|upkeep
|
|t:|1714875882
|switch|p1a: Magnezone|Magnezone|100/100
|-damage|p1a: Magnezone|94/100|[from] Stealth Rock
|turn|19
|
|t:|1714875896
|switch|p2a: Excadrill|Excadrill, M|51/100
|move|p1a: Magnezone|Hidden Power|p2a: Excadrill
|-supereffective|p2a: Excadrill
|-damage|p2a: Excadrill|0 fnt
|faint|p2a: Excadrill
|
|-weather|Sandstorm|[upkeep]
|upkeep
|
|t:|1714875898
|switch|p2a: Alakazam|Alakazam, M|100/100
|turn|20
|
|t:|1714875901
|move|p2a: Alakazam|Hidden Power|p1a: Magnezone
|-supereffective|p1a: Magnezone
|-damage|p1a: Magnezone|13/100
|move|p1a: Magnezone|Hidden Power|p2a: Alakazam
|-damage|p2a: Alakazam|63/100
|
|-weather|Sandstorm|[upkeep]
|upkeep
|turn|21
|
|t:|1714875905
|move|p2a: Alakazam|Psychic|p1a: Magnezone
|-resisted|p1a: Magnezone
|-damage|p1a: Magnezone|0 fnt
|faint|p1a: Magnezone
|
|-weather|Sandstorm|[upkeep]
|upkeep
|
|t:|1714875907
|switch|p1a: Dragonite|Dragonite, M|100/100
|-damage|p1a: Dragonite|76/100|[from] Stealth Rock
|turn|22
|
|t:|1714875917
|move|p1a: Dragonite|Extreme Speed|p2a: Alakazam
|-damage|p2a: Alakazam|0 fnt
|faint|p2a: Alakazam
|
|-weather|Sandstorm|[upkeep]
|-damage|p1a: Dragonite|70/100|[from] Sandstorm
|upkeep
|
|t:|1714875919
|switch|p2a: Jellicent|Jellicent, F|73/100
|turn|23
|
|t:|1714875922
|move|p1a: Dragonite|Dragon Dance|p1a: Dragonite
|-boost|p1a: Dragonite|atk|1
|-boost|p1a: Dragonite|spe|1
|move|p2a: Jellicent|Will-O-Wisp|p1a: Dragonite
|-status|p1a: Dragonite|brn
|-enditem|p1a: Dragonite|Lum Berry|[eat]
|-curestatus|p1a: Dragonite|brn|[msg]
|
|-weather|Sandstorm|[upkeep]
|-damage|p1a: Dragonite|63/100|[from] Sandstorm
|-damage|p2a: Jellicent|67/100|[from] Sandstorm
|upkeep
|turn|24
|
|t:|1714875927
|move|p1a: Dragonite|Outrage|p2a: Jellicent
|-damage|p2a: Jellicent|0 fnt
|faint|p2a: Jellicent
|
|win|Unhiptube3
|raw|Unhiptube3's rating: 1330 &rarr; <strong>1351</strong><br />(+21 for winning)
|raw|Friendzz's rating: 1348 &rarr; <strong>1327</strong><br />(-21 for losing)
|l|☆Friendzz
|player|p2|
