|j|☆redwithredstripes
|j|☆Crimsonbacon38
|t:|1722985403
|gametype|singles
|player|p1|redwithredstripes|shauntal|1302
|player|p2|Crimsonbacon38|barry|1409
|teamsize|p1|6
|teamsize|p2|6
|gen|5
|tier|[Gen 5] OU
|rated|
|rule|Species Clause: Limit one of each Pokémon
|rule|OHKO Clause: OHKO moves are banned
|rule|Moody Clause: Moody is banned
|rule|Evasion Items Clause: Evasion items are banned
|rule|Evasion Moves Clause: Evasion moves are banned
|rule|Endless Battle Clause: Forcing endless battles is banned
|rule|HP Percentage Mod: HP is shown in percentages
|rule|Evasion Abilities Clause: Evasion abilities are banned
|rule|Sleep Moves Clause: Sleep-inducing moves are banned
|rule|Swagger Clause: Swagger is banned
|rule|Baton Pass Stat Clause: No Baton Passer may have a way to boost its stats
|clearpoke
|poke|p1|Politoed, M|item
|poke|p1|Volcarona, F|item
|poke|p1|Breloom, F|item
|poke|p1|Tentacruel, M|item
|poke|p1|Bronzong|item
|poke|p1|Dragonite, M|item
|poke|p2|Tyranitar, F|item
|poke|p2|Excadrill, F|item
|poke|p2|Garchomp, F|item
|poke|p2|Keldeo|item
|poke|p2|Celebi|item
|poke|p2|Latios, M|item
|teampreview
|l|☆Crimsonbacon38
|player|p2|
|j|☆Crimsonbacon38
|player|p2|Crimsonbacon38|barry|
|inactive|Battle timer is ON: inactive players will automatically lose when time's up. (requested by Crimsonbacon38)
|c|☆Crimsonbacon38|Glhf
|j| Jaqualizer
|j| IamAlexP06
|c|☆Crimsonbacon38|Hello dababy
|c| Jaqualizer|HELLO KING
|c| IamAlexP06|hi
|inactive|redwithredstripes has 120 seconds left.
|inactive|redwithredstripes has 90 seconds left.
|
|t:|1722985525
|start
|switch|p1a: Breloom|Breloom, F, shiny|100/100
|switch|p2a: Tyranitar|Tyranitar, F|100/100
|-weather|Sandstorm|[from] ability: Sand Stream|[of] p2a: Tyranitar
|turn|1
|c| IamAlexP06|Can someone here suggest a good team?
|
|t:|1722985531
|switch|p2a: Celebi|Celebi|100/100
|move|p1a: Breloom|Low Sweep|p2a: Celebi
|-resisted|p2a: Celebi
|-damage|p2a: Celebi|75/100
|-unboost|p2a: Celebi|spe|1
|
|-weather|Sandstorm|[upkeep]
|-damage|p1a: Breloom|94/100|[from] Sandstorm
|-damage|p2a: Celebi|68/100|[from] Sandstorm
|-heal|p2a: Celebi|75/100|[from] item: Leftovers
|upkeep
|turn|2
|
|t:|1722985539
|switch|p1a: Dragonite|Dragonite, M|100/100
|move|p2a: Celebi|Stealth Rock|p1a: Dragonite
|-sidestart|p1: redwithredstripes|move: Stealth Rock
|
|-weather|Sandstorm|[upkeep]
|-damage|p1a: Dragonite|94/100|[from] Sandstorm
|-damage|p2a: Celebi|68/100|[from] Sandstorm
|-heal|p2a: Celebi|75/100|[from] item: Leftovers
|upkeep
|turn|3
|
|t:|1722985547
|move|p1a: Dragonite|Dragon Claw|p2a: Celebi
|-damage|p2a: Celebi|33/100
|move|p2a: Celebi|Baton Pass|p2a: Celebi
|
|t:|1722985563
|switch|p2a: Latios|Latios, M|100/100|[from] Baton Pass
|
|-weather|Sandstorm|[upkeep]
|-damage|p2a: Latios|95/100|[from] Sandstorm
|-damage|p1a: Dragonite|88/100|[from] Sandstorm
|upkeep
|turn|4
|
|t:|1722985569
|switch|p1a: Bronzong|Bronzong|100/100
|-damage|p1a: Bronzong|94/100|[from] Stealth Rock
|move|p2a: Latios|Draco Meteor|p1a: Bronzong|[miss]
|-miss|p2a: Latios|p1a: Bronzong
|
|-weather|Sandstorm|[upkeep]
|-damage|p2a: Latios|89/100|[from] Sandstorm
|-heal|p1a: Bronzong|100/100|[from] item: Leftovers
|upkeep
|turn|5
|
|t:|1722985577
|switch|p2a: Garchomp|Garchomp, F|100/100
|move|p1a: Bronzong|Stealth Rock|p2a: Garchomp
|-sidestart|p2: Crimsonbacon38|move: Stealth Rock
|
|-weather|Sandstorm|[upkeep]
|upkeep
|turn|6
|
|t:|1722985583
|move|p2a: Garchomp|Substitute|p2a: Garchomp
|-start|p2a: Garchomp|Substitute
|-damage|p2a: Garchomp|76/100
|move|p1a: Bronzong|Hidden Power|p2a: Garchomp
|-supereffective|p2a: Garchomp
|-end|p2a: Garchomp|Substitute
|
|-weather|Sandstorm|[upkeep]
|-heal|p2a: Garchomp|82/100|[from] item: Leftovers
|upkeep
|turn|7
|j| marsandback
|
|t:|1722985599
|switch|p2a: Keldeo|Keldeo|100/100
|-damage|p2a: Keldeo|94/100|[from] Stealth Rock
|move|p1a: Bronzong|Hidden Power|p2a: Keldeo
|-resisted|p2a: Keldeo
|-damage|p2a: Keldeo|87/100
|
|-weather|Sandstorm|[upkeep]
|-damage|p2a: Keldeo|80/100|[from] Sandstorm
|upkeep
|turn|8
|
|t:|1722985605
|move|p2a: Keldeo|Calm Mind|p2a: Keldeo
|-boost|p2a: Keldeo|spa|1
|-boost|p2a: Keldeo|spd|1
|move|p1a: Bronzong|Toxic|p2a: Keldeo
|-status|p2a: Keldeo|tox
|-enditem|p2a: Keldeo|Lum Berry|[eat]
|-curestatus|p2a: Keldeo|tox|[msg]
|
|-weather|Sandstorm|[upkeep]
|-damage|p2a: Keldeo|74/100|[from] Sandstorm
|upkeep
|turn|9
|
|t:|1722985610
|move|p2a: Keldeo|Surf|p1a: Bronzong
|-damage|p1a: Bronzong|53/100
|move|p1a: Bronzong|Toxic|p2a: Keldeo
|-status|p2a: Keldeo|tox
|
|-weather|Sandstorm|[upkeep]
|-damage|p2a: Keldeo|68/100 tox|[from] Sandstorm
|-heal|p1a: Bronzong|59/100|[from] item: Leftovers
|-damage|p2a: Keldeo|62/100 tox|[from] psn
|upkeep
|turn|10
|
|t:|1722985617
|switch|p1a: Politoed|Politoed, M, shiny|100/100
|-damage|p1a: Politoed|88/100|[from] Stealth Rock
|-weather|RainDance|[from] ability: Drizzle|[of] p1a: Politoed
|move|p2a: Keldeo|Calm Mind|p2a: Keldeo
|-boost|p2a: Keldeo|spa|1
|-boost|p2a: Keldeo|spd|1
|
|-weather|RainDance|[upkeep]
|-heal|p1a: Politoed|94/100|[from] item: Leftovers
|-damage|p2a: Keldeo|49/100 tox|[from] psn
|upkeep
|turn|11
|
|t:|1722985624
|switch|p1a: Tentacruel|Tentacruel, M, shiny|100/100
|-damage|p1a: Tentacruel|88/100|[from] Stealth Rock
|move|p2a: Keldeo|Surf|p1a: Tentacruel
|-resisted|p1a: Tentacruel
|-damage|p1a: Tentacruel|24/100
|
|-weather|RainDance|[upkeep]
|-heal|p1a: Tentacruel|31/100|[from] ability: Rain Dish
|-heal|p1a: Tentacruel|37/100|[from] item: Black Sludge
|-damage|p2a: Keldeo|31/100 tox|[from] psn
|upkeep
|turn|12
|
|t:|1722985630
|move|p1a: Tentacruel|Protect|p1a: Tentacruel
|-singleturn|p1a: Tentacruel|Protect
|move|p2a: Keldeo|Surf|p1a: Tentacruel
|-activate|p1a: Tentacruel|move: Protect
|
|-weather|RainDance|[upkeep]
|-heal|p1a: Tentacruel|43/100|[from] ability: Rain Dish
|-heal|p1a: Tentacruel|49/100|[from] item: Black Sludge
|-damage|p2a: Keldeo|6/100 tox|[from] psn
|upkeep
|turn|13
|
|t:|1722985634
|move|p1a: Tentacruel|Protect|p1a: Tentacruel
|-singleturn|p1a: Tentacruel|Protect
|move|p2a: Keldeo|Surf|p1a: Tentacruel
|-activate|p1a: Tentacruel|move: Protect
|
|-weather|RainDance|[upkeep]
|-heal|p1a: Tentacruel|55/100|[from] ability: Rain Dish
|-heal|p1a: Tentacruel|61/100|[from] item: Black Sludge
|-damage|p2a: Keldeo|0 fnt|[from] psn
|faint|p2a: Keldeo
|upkeep
|c| marsandback|lucky
|c| Jaqualizer|^
|
|t:|1722985641
|switch|p2a: Garchomp|Garchomp, F|82/100
|-damage|p2a: Garchomp|76/100|[from] Stealth Rock
|turn|14
|
|t:|1722985645
|switch|p1a: Bronzong|Bronzong|59/100
|-damage|p1a: Bronzong|53/100|[from] Stealth Rock
|move|p2a: Garchomp|Substitute|p2a: Garchomp
|-start|p2a: Garchomp|Substitute
|-damage|p2a: Garchomp|51/100
|
|-weather|RainDance|[upkeep]
|-heal|p2a: Garchomp|57/100|[from] item: Leftovers
|-heal|p1a: Bronzong|59/100|[from] item: Leftovers
|upkeep
|turn|15
|
|t:|1722985654
|move|p2a: Garchomp|Outrage|p1a: Bronzong
|-resisted|p1a: Bronzong
|-damage|p1a: Bronzong|32/100
|move|p1a: Bronzong|Hidden Power|p2a: Garchomp
|-supereffective|p2a: Garchomp
|-end|p2a: Garchomp|Substitute
|
|-weather|RainDance|[upkeep]
|-heal|p2a: Garchomp|63/100|[from] item: Leftovers
|-heal|p1a: Bronzong|38/100|[from] item: Leftovers
|upkeep
|turn|16
|
|t:|1722985660
|move|p2a: Garchomp|Outrage|p1a: Bronzong|[from]lockedmove
|-resisted|p1a: Bronzong
|-damage|p1a: Bronzong|14/100
|-start|p2a: Garchomp|confusion|[fatigue]
|move|p1a: Bronzong|Hidden Power|p2a: Garchomp
|-supereffective|p2a: Garchomp
|-damage|p2a: Garchomp|0 fnt
|faint|p2a: Garchomp
|
|-weather|RainDance|[upkeep]
|-heal|p1a: Bronzong|20/100|[from] item: Leftovers
|upkeep
|inactive|Crimsonbacon38 has 120 seconds left.
|
|t:|1722985691
|switch|p2a: Tyranitar|Tyranitar, F|100/100
|-damage|p2a: Tyranitar|88/100|[from] Stealth Rock
|-weather|Sandstorm|[from] ability: Sand Stream|[of] p2a: Tyranitar
|turn|17
|
|t:|1722985696
|move|p2a: Tyranitar|Crunch|p1a: Bronzong
|-damage|p1a: Bronzong|0 fnt
|faint|p1a: Bronzong
|
|-weather|Sandstorm|[upkeep]
|upkeep
|
|t:|1722985699
|switch|p1a: Breloom|Breloom, F, shiny|94/100
|-damage|p1a: Breloom|88/100|[from] Stealth Rock
|turn|18
|
|t:|1722985704
|switch|p2a: Celebi|Celebi|33/100
|-damage|p2a: Celebi|20/100|[from] Stealth Rock
|move|p1a: Breloom|Low Sweep|p2a: Celebi
|-resisted|p2a: Celebi
|-damage|p2a: Celebi|0 fnt
|faint|p2a: Celebi
|
|-weather|Sandstorm|[upkeep]
|-damage|p1a: Breloom|82/100|[from] Sandstorm
|upkeep
|
|t:|1722985711
|switch|p2a: Latios|Latios, M|89/100
|-damage|p2a: Latios|76/100|[from] Stealth Rock
|turn|19
|
|t:|1722985717
|switch|p1a: Tentacruel|Tentacruel, M, shiny|61/100
|-damage|p1a: Tentacruel|48/100|[from] Stealth Rock
|move|p2a: Latios|Draco Meteor|p1a: Tentacruel
|-damage|p1a: Tentacruel|0 fnt
|-unboost|p2a: Latios|spa|2
|faint|p1a: Tentacruel
|
|-weather|Sandstorm|[upkeep]
|-damage|p2a: Latios|70/100|[from] Sandstorm
|upkeep
|
|t:|1722985721
|switch|p1a: Politoed|Politoed, M, shiny|94/100
|-damage|p1a: Politoed|82/100|[from] Stealth Rock
|-weather|RainDance|[from] ability: Drizzle|[of] p1a: Politoed
|turn|20
|
|t:|1722985736
|switch|p2a: Tyranitar|Tyranitar, F|88/100
|-damage|p2a: Tyranitar|76/100|[from] Stealth Rock
|-weather|Sandstorm|[from] ability: Sand Stream|[of] p2a: Tyranitar
|move|p1a: Politoed|Scald|p2a: Tyranitar
|-supereffective|p2a: Tyranitar
|-damage|p2a: Tyranitar|51/100
|
|-weather|Sandstorm|[upkeep]
|-damage|p1a: Politoed|76/100|[from] Sandstorm
|-heal|p1a: Politoed|82/100|[from] item: Leftovers
|upkeep
|turn|21
|
|t:|1722985745
|move|p1a: Politoed|Scald|p2a: Tyranitar
|-supereffective|p2a: Tyranitar
|-damage|p2a: Tyranitar|29/100
|move|p2a: Tyranitar|Thunder Wave|p1a: Politoed
|-status|p1a: Politoed|par
|
|-weather|Sandstorm|[upkeep]
|-damage|p1a: Politoed|76/100 par|[from] Sandstorm
|-heal|p1a: Politoed|82/100 par|[from] item: Leftovers
|upkeep
|turn|22
|
|t:|1722985758
|switch|p2a: Excadrill|Excadrill, F|100/100
|-damage|p2a: Excadrill|97/100|[from] Stealth Rock
|move|p1a: Politoed|Scald|p2a: Excadrill
|-supereffective|p2a: Excadrill
|-damage|p2a: Excadrill|52/100
|
|-weather|Sandstorm|[upkeep]
|-damage|p1a: Politoed|76/100 par|[from] Sandstorm
|-heal|p2a: Excadrill|58/100|[from] item: Leftovers
|-heal|p1a: Politoed|82/100 par|[from] item: Leftovers
|upkeep
|turn|23
|
|t:|1722985769
|move|p2a: Excadrill|Earthquake|p1a: Politoed
|-damage|p1a: Politoed|33/100 par
|move|p1a: Politoed|Scald|p2a: Excadrill
|-supereffective|p2a: Excadrill
|-damage|p2a: Excadrill|10/100
|
|-weather|Sandstorm|[upkeep]
|-damage|p1a: Politoed|27/100 par|[from] Sandstorm
|-heal|p2a: Excadrill|16/100|[from] item: Leftovers
|-heal|p1a: Politoed|33/100 par|[from] item: Leftovers
|upkeep
|turn|24
|
|t:|1722985783
|move|p2a: Excadrill|Earthquake|p1a: Politoed
|-damage|p1a: Politoed|0 fnt
|faint|p1a: Politoed
|
|-weather|Sandstorm|[upkeep]
|-heal|p2a: Excadrill|23/100|[from] item: Leftovers
|upkeep
|
|t:|1722985788
|switch|p1a: Volcarona|Volcarona, F, shiny|100/100
|-damage|p1a: Volcarona|50/100|[from] Stealth Rock
|-enditem|p1a: Volcarona|Sitrus Berry|[eat]
|-heal|p1a: Volcarona|75/100|[from] item: Sitrus Berry
|turn|25
|
|t:|1722985793
|move|p1a: Volcarona|Hidden Power|p2a: Excadrill
|-supereffective|p2a: Excadrill
|-damage|p2a: Excadrill|0 fnt
|faint|p2a: Excadrill
|
|-weather|Sandstorm|[upkeep]
|-damage|p1a: Volcarona|69/100|[from] Sandstorm
|upkeep
|
|t:|1722985816
|switch|p2a: Latios|Latios, M|70/100
|-damage|p2a: Latios|58/100|[from] Stealth Rock
|turn|26
|l|☆Crimsonbacon38
|inactive|Crimsonbacon38 disconnected and has a minute to reconnect!
|player|p2|
|j| itwasmedatdiddat
|c| Jaqualizer|GET BACK HERE BOY
|l| IamAlexP06
|j|☆Crimsonbacon38
|inactive|Crimsonbacon38 reconnected and has 125 seconds left.
|player|p2|Crimsonbacon38|barry|
|inactive|Crimsonbacon38 has 120 seconds left.
|
|t:|1722985838
|move|p2a: Latios|Draco Meteor|p1a: Volcarona
|-damage|p1a: Volcarona|0 fnt
|-unboost|p2a: Latios|spa|2
|faint|p1a: Volcarona
|
|-weather|Sandstorm|[upkeep]
|-damage|p2a: Latios|52/100|[from] Sandstorm
|upkeep
|
|t:|1722985844
|switch|p1a: Dragonite|Dragonite, M|88/100
|-damage|p1a: Dragonite|63/100|[from] Stealth Rock
|turn|27
|c| itwasmedatdiddat|CMHERE BOY
|c| marsandback|moon man got robbed here
|
|t:|1722985855
|move|p1a: Dragonite|Extreme Speed|p2a: Latios
|-damage|p2a: Latios|8/100
|move|p2a: Latios|Draco Meteor|p1a: Dragonite
|-supereffective|p1a: Dragonite
|-damage|p1a: Dragonite|0 fnt
|-unboost|p2a: Latios|spa|2
|faint|p1a: Dragonite
|
|-weather|Sandstorm|[upkeep]
|-damage|p2a: Latios|2/100|[from] Sandstorm
|upkeep
|
|t:|1722985863
|switch|p1a: Breloom|Breloom, F, shiny|82/100
|-damage|p1a: Breloom|76/100|[from] Stealth Rock
|turn|28
|
|t:|1722985867
|move|p1a: Breloom|Mach Punch|p2a: Latios
|-resisted|p2a: Latios
|-damage|p2a: Latios|0 fnt
|faint|p2a: Latios
|
|-weather|Sandstorm|[upkeep]
|-damage|p1a: Breloom|70/100|[from] Sandstorm
|upkeep
|
|t:|1722985869
|switch|p2a: Tyranitar|Tyranitar, F|29/100
|-damage|p2a: Tyranitar|16/100|[from] Stealth Rock
|turn|29
|
|t:|1722985872
|move|p1a: Breloom|Mach Punch|p2a: Tyranitar
|-supereffective|p2a: Tyranitar
|-enditem|p2a: Tyranitar|Chople Berry|[eat]
|-enditem|p2a: Tyranitar|Chople Berry|[weaken]
|-damage|p2a: Tyranitar|0 fnt
|faint|p2a: Tyranitar
|
|win|redwithredstripes
|raw|redwithredstripes's rating: 1302 &rarr; <strong>1328</strong><br />(+26 for winning)
|raw|Crimsonbacon38's rating: 1409 &rarr; <strong>1383</strong><br />(-26 for losing)
|c| Jaqualizer|Im heartbroken
|c|☆Crimsonbacon38|gg
|c|☆Crimsonbacon38|nah it’s cool Dababy
|c|☆Crimsonbacon38|watch this next match
|c| Jaqualizer|U played well crodie
