|j|☆Yokao893
|j|☆baishii
|t:|1708203739
|gametype|singles
|player|p1|Yokao893|hilbert|1507
|player|p2|baishii|steven|1472
|teamsize|p1|6
|teamsize|p2|6
|gen|5
|tier|[Gen 5] OU
|rated|
|rule|Species Clause: Limit one of each Pokémon
|rule|OHKO Clause: OHKO moves are banned
|rule|Moody Clause: Moody is banned
|rule|Evasion Items Clause: Evasion items are banned
|rule|Evasion Moves Clause: Evasion moves are banned
|rule|Endless Battle Clause: Forcing endless battles is banned
|rule|HP Percentage Mod: HP is shown in percentages
|rule|Evasion Abilities Clause: Evasion abilities are banned
|rule|Sleep Moves Clause: Sleep-inducing moves are banned
|rule|Swagger Clause: Swagger is banned
|rule|Baton Pass Stat Clause: No Baton Passer may have a way to boost its stats
|clearpoke
|poke|p1|Jirachi|item
|poke|p1|Kyurem-Black|item
|poke|p1|Latios, M|item
|poke|p1|Magnezone|item
|poke|p1|Dragonite, M|item
|poke|p1|Garchomp, F|item
|poke|p2|Bronzong|item
|poke|p2|Dusclops, M|item
|poke|p2|Reuniclus, M|item
|poke|p2|Marowak, M|item
|poke|p2|Conkeldurr, F|item
|poke|p2|Crawdaunt, M|item
|teampreview
|inactive|Battle timer is ON: inactive players will automatically lose when time's up. (requested by Yokao893)
|
|t:|1708203747
|start
|switch|p1a: Footdive!|Jirachi|100/100
|switch|p2a: Bronzong|Bronzong|100/100
|turn|1
|
|t:|1708203752
|move|p1a: Footdive!|Stealth Rock|p2a: Bronzong
|-sidestart|p2: baishii|move: Stealth Rock
|move|p2a: Bronzong|Stealth Rock|p1a: Footdive!
|-sidestart|p1: Yokao893|move: Stealth Rock
|
|upkeep
|turn|2
|
|t:|1708203756
|move|p1a: Footdive!|U-turn|p2a: Bronzong
|-damage|p2a: Bronzong|89/100
|
|t:|1708203761
|switch|p1a: Gorilla Grip|Magnezone|100/100|[from] U-turn
|-damage|p1a: Gorilla Grip|94/100|[from] Stealth Rock
|-item|p1a: Gorilla Grip|Air Balloon
|move|p2a: Bronzong|Trick Room|p2a: Bronzong
|-fieldstart|move: Trick Room|[of] p2a: Bronzong
|
|upkeep
|turn|3
|
|t:|1708203768
|move|p2a: Bronzong|Explosion|p1a: Gorilla Grip
|-resisted|p1a: Gorilla Grip
|-damage|p1a: Gorilla Grip|67/100
|-enditem|p1a: Gorilla Grip|Air Balloon
|faint|p2a: Bronzong
|move|p1a: Gorilla Grip|Hidden Power|p2: Bronzong|[notarget]
|-fail|p1a: Gorilla Grip
|
|upkeep
|
|t:|1708203787
|switch|p2a: Conkeldurr|Conkeldurr, F, shiny|100/100
|-damage|p2a: Conkeldurr|94/100|[from] Stealth Rock
|turn|4
|
|t:|1708203791
|move|p2a: Conkeldurr|Drain Punch|p1a: Gorilla Grip
|-supereffective|p1a: Gorilla Grip
|-damage|p1a: Gorilla Grip|0 fnt
|-heal|p2a: Conkeldurr|100/100|[from] drain|[of] p1a: Gorilla Grip
|faint|p1a: Gorilla Grip
|-damage|p2a: Conkeldurr|91/100|[from] item: Life Orb
|
|upkeep
|
|t:|1708203800
|switch|p1a: Footdive!|Jirachi|100/100
|-damage|p1a: Footdive!|94/100|[from] Stealth Rock
|turn|5
|j| SKT T1 Motherfaker
|
|t:|1708203811
|move|p2a: Conkeldurr|Drain Punch|p1a: Footdive!
|-damage|p1a: Footdive!|52/100
|-heal|p2a: Conkeldurr|100/100|[from] drain|[of] p1a: Footdive!
|-damage|p2a: Conkeldurr|91/100|[from] item: Life Orb
|move|p1a: Footdive!|Thunder|p2a: Conkeldurr
|-damage|p2a: Conkeldurr|60/100
|
|-heal|p1a: Footdive!|58/100|[from] item: Leftovers
|upkeep
|turn|6
|
|t:|1708203821
|move|p2a: Conkeldurr|Drain Punch|p1a: Footdive!
|-damage|p1a: Footdive!|10/100
|-heal|p2a: Conkeldurr|83/100|[from] drain|[of] p1a: Footdive!
|-damage|p2a: Conkeldurr|73/100|[from] item: Life Orb
|move|p1a: Footdive!|Thunder|p2a: Conkeldurr|[miss]
|-miss|p1a: Footdive!|p2a: Conkeldurr
|
|-heal|p1a: Footdive!|17/100|[from] item: Leftovers
|-fieldend|move: Trick Room
|upkeep
|turn|7
|
|t:|1708203831
|move|p2a: Conkeldurr|Mach Punch|p1a: Footdive!
|-damage|p1a: Footdive!|0 fnt
|faint|p1a: Footdive!
|-damage|p2a: Conkeldurr|64/100|[from] item: Life Orb
|
|upkeep
|
|t:|1708203836
|switch|p1a: NomNom|Garchomp, F|100/100
|-damage|p1a: NomNom|94/100|[from] Stealth Rock
|turn|8
|
|t:|1708203840
|move|p1a: NomNom|Outrage|p2a: Conkeldurr
|-damage|p2a: Conkeldurr|12/100
|move|p2a: Conkeldurr|Ice Punch|p1a: NomNom
|-supereffective|p1a: NomNom
|-crit|p1a: NomNom
|-damage|p1a: NomNom|0 fnt
|-damage|p2a: Conkeldurr|0 fnt|[from] ability: Rough Skin|[of] p1a: NomNom
|faint|p2a: Conkeldurr
|faint|p1a: NomNom
|
|upkeep
|j| silvyjo
|
|t:|1708203859
|switch|p1a: Magic Man!|Dragonite, M|100/100
|switch|p2a: Dusclops|Dusclops, M, shiny|100/100
|-damage|p1a: Magic Man!|76/100|[from] Stealth Rock
|-damage|p2a: Dusclops|88/100|[from] Stealth Rock
|-ability|p2a: Dusclops|Pressure
|turn|9
|
|t:|1708203865
|move|p1a: Magic Man!|Dragon Dance|p1a: Magic Man!
|-boost|p1a: Magic Man!|atk|1
|-boost|p1a: Magic Man!|spe|1
|move|p2a: Dusclops|Trick Room|p2a: Dusclops
|-fieldstart|move: Trick Room|[of] p2a: Dusclops
|
|upkeep
|turn|10
|
|t:|1708203870
|move|p2a: Dusclops|Memento|p1a: Magic Man!
|-unboost|p1a: Magic Man!|atk|2
|-unboost|p1a: Magic Man!|spa|2
|faint|p2a: Dusclops
|move|p1a: Magic Man!|Outrage|p2: Dusclops|[notarget]
|-fail|p1a: Magic Man!
|
|upkeep
|
|t:|1708203882
|switch|p2a: Crawdaunt|Crawdaunt, M, shiny|100/100
|-damage|p2a: Crawdaunt|88/100|[from] Stealth Rock
|turn|11
|
|t:|1708203886
|move|p1a: Magic Man!|Extreme Speed|p2a: Crawdaunt
|-crit|p2a: Crawdaunt
|-damage|p2a: Crawdaunt|20/100
|move|p2a: Crawdaunt|Crunch|p1a: Magic Man!
|-damage|p1a: Magic Man!|0 fnt
|faint|p1a: Magic Man!
|-damage|p2a: Crawdaunt|10/100|[from] item: Life Orb
|
|upkeep
|
|t:|1708203891
|switch|p1a: Alex|Kyurem-Black|100/100
|-damage|p1a: Alex|76/100|[from] Stealth Rock
|-ability|p1a: Alex|Teravolt
|turn|12
|
|t:|1708203898
|move|p2a: Crawdaunt|Superpower|p1a: Alex
|-supereffective|p1a: Alex
|-damage|p1a: Alex|0 fnt
|-unboost|p2a: Crawdaunt|atk|1
|-unboost|p2a: Crawdaunt|def|1
|faint|p1a: Alex
|-damage|p2a: Crawdaunt|0 fnt|[from] item: Life Orb
|faint|p2a: Crawdaunt
|
|upkeep
|
|t:|1708203907
|switch|p2a: Reuniclus|Reuniclus, M, shiny|100/100
|switch|p1a: B-61|Latios, M|100/100
|-damage|p1a: B-61|88/100|[from] Stealth Rock
|turn|13
|
|t:|1708203912
|move|p1a: B-61|Dragon Pulse|p2a: Reuniclus
|-damage|p2a: Reuniclus|54/100
|move|p2a: Reuniclus|Trick Room|p2a: Reuniclus
|-fieldend|move: Trick Room
|
|upkeep
|turn|14
|
|t:|1708203918
|move|p1a: B-61|Dragon Pulse|p2a: Reuniclus
|-damage|p2a: Reuniclus|12/100
|move|p2a: Reuniclus|Trick Room|p2a: Reuniclus
|-fieldstart|move: Trick Room|[of] p2a: Reuniclus
|
|upkeep
|turn|15
|
|t:|1708203922
|move|p2a: Reuniclus|Shadow Ball|p1a: B-61
|-supereffective|p1a: B-61
|-damage|p1a: B-61|9/100
|move|p1a: B-61|Dragon Pulse|p2a: Reuniclus
|-damage|p2a: Reuniclus|0 fnt
|faint|p2a: Reuniclus
|
|upkeep
|
|t:|1708203929
|switch|p2a: Marowak|Marowak, M|100/100
|-damage|p2a: Marowak|94/100|[from] Stealth Rock
|turn|16
|
|t:|1708203933
|move|p2a: Marowak|Double-Edge|p1a: B-61
|-damage|p1a: B-61|0 fnt
|faint|p1a: B-61
|
|win|baishii
|raw|Yokao893's rating: 1507 &rarr; <strong>1485</strong><br />(-22 for losing)
|raw|baishii's rating: 1472 &rarr; <strong>1494</strong><br />(+22 for winning)
|l|☆Yokao893
|player|p1|
|l|☆baishii
|player|p2|
|l| silvyjo
