|j|☆refsunpersons
|j|☆porrompompom
|player|p1|refsunpersons|123
|player|p2|porrompompom|10
|teamsize|p1|6
|teamsize|p2|6
|gametype|singles
|gen|5
|tier|[Gen 5] OU
|rated|
|rule|Sleep Clause Mod: Limit one foe put to sleep
|rule|Species Clause: Limit one of each Pokémon
|rule|OHKO Clause: OHKO moves are banned
|rule|Moody Clause: Moody is banned
|rule|Evasion Moves Clause: Evasion moves are banned
|rule|Endless Battle Clause: Forcing endless battles is banned
|rule|HP Percentage Mod: HP is shown in percentages
|rule|Evasion Abilities Clause: Evasion abilities are banned
|rule|Baton Pass Clause: Limit one Baton Passer, can't pass Spe and other stats simultaneously
|rule|Swagger Clause: Swagger is banned
|clearpoke
|poke|p1|Tyranitar, M|item
|poke|p1|Bronzong|item
|poke|p1|Landorus-Therian, M|item
|poke|p1|Magnezone|item
|poke|p1|Roserade, M|item
|poke|p1|Keldeo|item
|poke|p2|Politoed, M|item
|poke|p2|Skarmory, F|item
|poke|p2|Tangrowth, F|item
|poke|p2|Jirachi|item
|poke|p2|Gastrodon, F|item
|poke|p2|Tentacruel, M|item
|teampreview
|c|☆refsunpersons|gl hf
|
|start
|switch|p1a: Magnezone|Magnezone|100/100
|switch|p2a: Jirachi|Jirachi|100/100
|turn|1
|
|move|p2a: Jirachi|Thunder|p1a: Magnezone
|-resisted|p1a: Magnezone
|-damage|p1a: Magnezone|84/100
|-status|p1a: Magnezone|par
|cant|p1a: Magnezone|par
|
|upkeep
|turn|2
|
|move|p2a: Jirachi|Iron Head|p1a: Magnezone
|-resisted|p1a: Magnezone
|-crit|p1a: Magnezone
|-damage|p1a: Magnezone|72/100 par
|cant|p1a: Magnezone|flinch
|
|upkeep
|turn|3
|
|move|p2a: Jirachi|Iron Head|p1a: Magnezone
|-resisted|p1a: Magnezone
|-damage|p1a: Magnezone|66/100 par
|move|p1a: Magnezone|Hidden Power|p2a: Jirachi
|-supereffective|p2a: Jirachi
|-damage|p2a: Jirachi|70/100
|
|-heal|p2a: Jirachi|76/100|[from] item: Leftovers
|upkeep
|turn|4
|
|move|p2a: Jirachi|Wish|p2a: Jirachi
|move|p1a: Magnezone|Hidden Power|p2a: Jirachi
|-supereffective|p2a: Jirachi
|-damage|p2a: Jirachi|43/100
|
|-heal|p2a: Jirachi|49/100|[from] item: Leftovers
|upkeep
|turn|5
|
|move|p2a: Jirachi|Stealth Rock|p1a: Magnezone
|-sidestart|p1: refsunpersons|move: Stealth Rock
|move|p1a: Magnezone|Hidden Power|p2a: Jirachi
|-supereffective|p2a: Jirachi
|-damage|p2a: Jirachi|17/100
|
|-heal|p2a: Jirachi|67/100|[from] move: Wish|[wisher] Jirachi
|-heal|p2a: Jirachi|73/100|[from] item: Leftovers
|upkeep
|turn|6
|
|move|p2a: Jirachi|Wish|p2a: Jirachi
|move|p1a: Magnezone|Hidden Power|p2a: Jirachi
|-supereffective|p2a: Jirachi
|-damage|p2a: Jirachi|41/100
|
|-heal|p2a: Jirachi|47/100|[from] item: Leftovers
|upkeep
|turn|7
|
|move|p2a: Jirachi|Iron Head|p1a: Magnezone
|-resisted|p1a: Magnezone
|-damage|p1a: Magnezone|60/100 par
|cant|p1a: Magnezone|flinch
|
|-heal|p2a: Jirachi|97/100|[from] move: Wish|[wisher] Jirachi
|-heal|p2a: Jirachi|100/100|[from] item: Leftovers
|upkeep
|turn|8
|
|move|p2a: Jirachi|Iron Head|p1a: Magnezone
|-resisted|p1a: Magnezone
|-damage|p1a: Magnezone|53/100 par
|cant|p1a: Magnezone|flinch
|
|upkeep
|turn|9
|
|move|p2a: Jirachi|Iron Head|p1a: Magnezone
|-resisted|p1a: Magnezone
|-damage|p1a: Magnezone|47/100 par
|cant|p1a: Magnezone|flinch
|
|upkeep
|turn|10
|
|move|p2a: Jirachi|Iron Head|p1a: Magnezone
|-resisted|p1a: Magnezone
|-crit|p1a: Magnezone
|-damage|p1a: Magnezone|33/100 par
|cant|p1a: Magnezone|flinch
|
|upkeep
|turn|11
|
|move|p2a: Jirachi|Iron Head|p1a: Magnezone
|-resisted|p1a: Magnezone
|-damage|p1a: Magnezone|27/100 par
|cant|p1a: Magnezone|flinch
|
|upkeep
|turn|12
|
|move|p2a: Jirachi|Iron Head|p1a: Magnezone
|-resisted|p1a: Magnezone
|-damage|p1a: Magnezone|20/100 par
|cant|p1a: Magnezone|flinch
|
|upkeep
|turn|13
|
|move|p2a: Jirachi|Iron Head|p1a: Magnezone
|-resisted|p1a: Magnezone
|-damage|p1a: Magnezone|14/100 par
|move|p1a: Magnezone|Hidden Power|p2a: Jirachi
|-supereffective|p2a: Jirachi
|-damage|p2a: Jirachi|70/100
|
|-heal|p2a: Jirachi|76/100|[from] item: Leftovers
|upkeep
|turn|14
|
|move|p2a: Jirachi|Wish|p2a: Jirachi
|move|p1a: Magnezone|Hidden Power|p2a: Jirachi
|-supereffective|p2a: Jirachi
|-crit|p2a: Jirachi
|-damage|p2a: Jirachi|4/100
|
|-heal|p2a: Jirachi|11/100|[from] item: Leftovers
|upkeep
|turn|15
|
|move|p2a: Jirachi|Iron Head|p1a: Magnezone
|-resisted|p1a: Magnezone
|-damage|p1a: Magnezone|7/100 par
|move|p1a: Magnezone|Hidden Power|p2a: Jirachi
|-supereffective|p2a: Jirachi
|-damage|p2a: Jirachi|0 fnt
|faint|p2a: Jirachi
|
|upkeep
|c|☆porrompompom|s i g h
|
|switch|p2a: Politoed|Politoed, M|100/100
|-weather|RainDance|[from] ability: Drizzle|[of] p2a: Politoed
|turn|16
|
|move|p2a: Politoed|Scald|p1a: Magnezone
|-damage|p1a: Magnezone|0 fnt
|faint|p1a: Magnezone
|
|-weather|RainDance|[upkeep]
|upkeep
|
|switch|p1a: Roserade|Roserade, M|100/100
|-damage|p1a: Roserade|88/100|[from] Stealth Rock
|turn|17
|
|switch|p2a: Tentacruel|Tentacruel, M|100/100
|move|p1a: Roserade|Giga Drain|p2a: Tentacruel
|-crit|p2a: Tentacruel
|-damage|p2a: Tentacruel|45/100
|-heal|p1a: Roserade|100/100|[from] drain|[of] p2a: Tentacruel
|
|-weather|RainDance|[upkeep]
|-heal|p2a: Tentacruel|51/100|[from] ability: Rain Dish
|-heal|p2a: Tentacruel|57/100|[from] item: Black Sludge
|upkeep
|turn|18
|
|switch|p2a: Skarmory|Skarmory, F|100/100
|move|p1a: Roserade|Sleep Powder|p2a: Skarmory
|-status|p2a: Skarmory|slp
|
|-weather|RainDance|[upkeep]
|upkeep
|turn|19
|
|switch|p1a: Tyranitar|Tyranitar, M|100/100
|-damage|p1a: Tyranitar|88/100|[from] Stealth Rock
|-weather|Sandstorm|[from] ability: Sand Stream|[of] p1a: Tyranitar
|cant|p2a: Skarmory|slp
|
|-weather|Sandstorm|[upkeep]
|upkeep
|turn|20
|
|switch|p2a: Politoed|Politoed, M|100/100
|-weather|RainDance|[from] ability: Drizzle|[of] p2a: Politoed
|move|p1a: Tyranitar|Stealth Rock|p2a: Politoed
|-sidestart|p2: porrompompom|move: Stealth Rock
|
|-weather|RainDance|[upkeep]
|upkeep
|turn|21
|
|switch|p2a: Tentacruel|Tentacruel, M|57/100
|-damage|p2a: Tentacruel|45/100|[from] Stealth Rock
|switch|p1a: Roserade|Roserade, M|100/100
|-damage|p1a: Roserade|88/100|[from] Stealth Rock
|
|-weather|RainDance|[upkeep]
|-heal|p2a: Tentacruel|51/100|[from] ability: Rain Dish
|-heal|p2a: Tentacruel|57/100|[from] item: Black Sludge
|-heal|p1a: Roserade|94/100|[from] item: Black Sludge
|upkeep
|turn|22
|
|move|p2a: Tentacruel|Rapid Spin|p1a: Roserade
|-damage|p1a: Roserade|91/100
|-sideend|p2: porrompompom|Stealth Rock|[from] move: Rapid Spin|[of] p2a: Tentacruel
|move|p1a: Roserade|Giga Drain|p2a: Tentacruel
|-damage|p2a: Tentacruel|33/100
|-heal|p1a: Roserade|100/100|[from] drain|[of] p2a: Tentacruel
|
|-weather|RainDance|[upkeep]
|-heal|p2a: Tentacruel|39/100|[from] ability: Rain Dish
|-heal|p2a: Tentacruel|45/100|[from] item: Black Sludge
|upkeep
|turn|23
|
|switch|p1a: Keldeo|Keldeo|100/100
|-damage|p1a: Keldeo|94/100|[from] Stealth Rock
|move|p2a: Tentacruel|Protect|p2a: Tentacruel
|-fail|p2a: Tentacruel
|
|-weather|RainDance|[upkeep]
|-heal|p2a: Tentacruel|51/100|[from] ability: Rain Dish
|-heal|p2a: Tentacruel|57/100|[from] item: Black Sludge
|upkeep
|turn|24
|
|move|p2a: Tentacruel|Protect|p2a: Tentacruel
|-singleturn|p2a: Tentacruel|Protect
|move|p1a: Keldeo|Calm Mind|p1a: Keldeo
|-boost|p1a: Keldeo|spa|1
|-boost|p1a: Keldeo|spd|1
|
|-weather|RainDance|[upkeep]
|-heal|p2a: Tentacruel|63/100|[from] ability: Rain Dish
|-heal|p2a: Tentacruel|69/100|[from] item: Black Sludge
|upkeep
|turn|25
|
|move|p1a: Keldeo|Calm Mind|p1a: Keldeo
|-boost|p1a: Keldeo|spa|1
|-boost|p1a: Keldeo|spd|1
|move|p2a: Tentacruel|Toxic|p1a: Keldeo
|-status|p1a: Keldeo|tox
|-enditem|p1a: Keldeo|Lum Berry|[eat]
|-curestatus|p1a: Keldeo|tox|[msg]
|
|-weather|RainDance|[upkeep]
|-heal|p2a: Tentacruel|75/100|[from] ability: Rain Dish
|-heal|p2a: Tentacruel|81/100|[from] item: Black Sludge
|upkeep
|turn|26
|
|move|p1a: Keldeo|Calm Mind|p1a: Keldeo
|-boost|p1a: Keldeo|spa|1
|-boost|p1a: Keldeo|spd|1
|move|p2a: Tentacruel|Toxic|p1a: Keldeo
|-status|p1a: Keldeo|tox
|
|-weather|RainDance|[upkeep]
|-heal|p2a: Tentacruel|87/100|[from] ability: Rain Dish
|-heal|p2a: Tentacruel|94/100|[from] item: Black Sludge
|-damage|p1a: Keldeo|88/100 tox|[from] psn
|upkeep
|turn|27
|
|move|p2a: Tentacruel|Protect|p2a: Tentacruel
|-singleturn|p2a: Tentacruel|Protect
|move|p1a: Keldeo|Secret Sword|p2a: Tentacruel
|-activate|p2a: Tentacruel|move: Protect
|
|-weather|RainDance|[upkeep]
|-heal|p2a: Tentacruel|99/100|[from] ability: Rain Dish
|-heal|p2a: Tentacruel|100/100|[from] item: Black Sludge
|-damage|p1a: Keldeo|76/100 tox|[from] psn
|upkeep
|turn|28
|
|move|p2a: Tentacruel|Protect|p2a: Tentacruel
|-fail|p2a: Tentacruel
|move|p1a: Keldeo|Hidden Power|p2a: Tentacruel
|-supereffective|p2a: Tentacruel
|-damage|p2a: Tentacruel|0 fnt
|faint|p2a: Tentacruel
|
|-weather|RainDance|[upkeep]
|-damage|p1a: Keldeo|57/100 tox|[from] psn
|upkeep
|
|switch|p2a: Politoed|Politoed, M|100/100
|turn|29
|
|move|p2a: Politoed|Protect|p2a: Politoed
|-singleturn|p2a: Politoed|Protect
|move|p1a: Keldeo|Hidden Power|p2a: Politoed
|-activate|p2a: Politoed|move: Protect
|
|-weather|RainDance|[upkeep]
|-damage|p1a: Keldeo|32/100 tox|[from] psn
|upkeep
|turn|30
|
|switch|p2a: Gastrodon|Gastrodon, F|100/100
|move|p1a: Keldeo|Secret Sword|p2a: Gastrodon
|-damage|p2a: Gastrodon|24/100
|
|-weather|RainDance|[upkeep]
|-heal|p2a: Gastrodon|30/100|[from] item: Leftovers
|-damage|p1a: Keldeo|1/100 tox|[from] psn
|upkeep
|turn|31
|
|move|p1a: Keldeo|Secret Sword|p2a: Gastrodon
|-damage|p2a: Gastrodon|0 fnt
|faint|p2a: Gastrodon
|
|-weather|RainDance|[upkeep]
|-damage|p1a: Keldeo|0 fnt|[from] psn
|upkeep
|faint|p1a: Keldeo
|
|switch|p1a: Tyranitar|Tyranitar, M|88/100
|switch|p2a: Politoed|Politoed, M|100/100
|-damage|p1a: Tyranitar|76/100|[from] Stealth Rock
|-weather|Sandstorm|[from] ability: Sand Stream|[of] p1a: Tyranitar
|turn|32
|
|switch|p1a: Roserade|Roserade, M|100/100
|-damage|p1a: Roserade|88/100|[from] Stealth Rock
|move|p2a: Politoed|Toxic|p1a: Roserade
|-immune|p1a: Roserade|[msg]
|
|-weather|Sandstorm|[upkeep]
|-damage|p1a: Roserade|82/100|[from] Sandstorm
|-damage|p2a: Politoed|94/100|[from] Sandstorm
|-heal|p1a: Roserade|88/100|[from] item: Black Sludge
|-heal|p2a: Politoed|100/100|[from] item: Leftovers
|upkeep
|turn|33
|
|switch|p2a: Skarmory|Skarmory, F|100/100 slp
|move|p1a: Roserade|Hidden Power|p2a: Skarmory
|-supereffective|p2a: Skarmory
|-damage|p2a: Skarmory|46/100 slp
|
|-weather|Sandstorm|[upkeep]
|-damage|p1a: Roserade|82/100|[from] Sandstorm
|-heal|p1a: Roserade|88/100|[from] item: Black Sludge
|upkeep
|turn|34
|
|switch|p2a: Politoed|Politoed, M|100/100
|-weather|RainDance|[from] ability: Drizzle|[of] p2a: Politoed
|move|p1a: Roserade|Hidden Power|p2a: Politoed
|-resisted|p2a: Politoed
|-damage|p2a: Politoed|97/100
|
|-weather|RainDance|[upkeep]
|-heal|p1a: Roserade|94/100|[from] item: Black Sludge
|-heal|p2a: Politoed|100/100|[from] item: Leftovers
|upkeep
|turn|35
|
|switch|p2a: Tangrowth|Tangrowth, F|100/100
|move|p1a: Roserade|Giga Drain|p2a: Tangrowth
|-resisted|p2a: Tangrowth
|-damage|p2a: Tangrowth|78/100
|-heal|p1a: Roserade|100/100|[from] drain|[of] p2a: Tangrowth
|
|-weather|RainDance|[upkeep]
|upkeep
|turn|36
|
|switch|p1a: Tyranitar|Tyranitar, M|76/100
|-damage|p1a: Tyranitar|63/100|[from] Stealth Rock
|-weather|Sandstorm|[from] ability: Sand Stream|[of] p1a: Tyranitar
|move|p2a: Tangrowth|Hidden Power|p1a: Tyranitar
|-damage|p1a: Tyranitar|55/100
|
|-weather|Sandstorm|[upkeep]
|-damage|p2a: Tangrowth|72/100|[from] Sandstorm
|upkeep
|turn|37
|
|switch|p1a: Roserade|Roserade, M|100/100
|-damage|p1a: Roserade|88/100|[from] Stealth Rock
|switch|p2a: Politoed|Politoed, M|100/100
|-weather|RainDance|[from] ability: Drizzle|[of] p2a: Politoed
|
|-weather|RainDance|[upkeep]
|-heal|p1a: Roserade|94/100|[from] item: Black Sludge
|upkeep
|turn|38
|
|switch|p2a: Tangrowth|Tangrowth, F|100/100
|move|p1a: Roserade|Giga Drain|p2a: Tangrowth
|-resisted|p2a: Tangrowth
|-damage|p2a: Tangrowth|79/100
|-heal|p1a: Roserade|100/100|[from] drain|[of] p2a: Tangrowth
|
|-weather|RainDance|[upkeep]
|upkeep
|turn|39
|
|move|p1a: Roserade|Hidden Power|p2a: Tangrowth
|-supereffective|p2a: Tangrowth
|-damage|p2a: Tangrowth|50/100
|move|p2a: Tangrowth|Hidden Power|p1a: Roserade
|-supereffective|p1a: Roserade
|-damage|p1a: Roserade|74/100
|
|-weather|RainDance|[upkeep]
|-heal|p1a: Roserade|80/100|[from] item: Black Sludge
|upkeep
|turn|40
|
|move|p1a: Roserade|Hidden Power|p2a: Tangrowth
|-supereffective|p2a: Tangrowth
|-damage|p2a: Tangrowth|24/100
|move|p2a: Tangrowth|Hidden Power|p1a: Roserade
|-supereffective|p1a: Roserade
|-damage|p1a: Roserade|52/100
|
|-weather|RainDance|[upkeep]
|-heal|p1a: Roserade|59/100|[from] item: Black Sludge
|upkeep
|turn|41
|
|switch|p2a: Politoed|Politoed, M|100/100
|move|p1a: Roserade|Giga Drain|p2a: Politoed
|-supereffective|p2a: Politoed
|-damage|p2a: Politoed|42/100
|-heal|p1a: Roserade|93/100|[from] drain|[of] p2a: Politoed
|
|-weather|RainDance|[upkeep]
|-heal|p1a: Roserade|99/100|[from] item: Black Sludge
|-heal|p2a: Politoed|48/100|[from] item: Leftovers
|upkeep
|turn|42
|c|☆porrompompom|would like to say gg but since i lost to a crit + 18%, let's not gonna lie
|-message|porrompompom forfeited.
|
|win|refsunpersons
|l|☆porrompompom
|raw|refsunpersons's rating: 1302 &rarr; <strong>1330</strong><br />(+28 for winning)
|raw|porrompompom's rating: 1455 &rarr; <strong>1427</strong><br />(-28 for losing)
