|j|☆TheHaxSupreme
|j|☆SebbDz
|t:|1723399073
|gametype|singles
|player|p1|TheHaxSupreme|biker-gen4|1274
|player|p2|SebbDz|riley|1324
|teamsize|p1|6
|teamsize|p2|6
|gen|5
|tier|[Gen 5] OU
|rated|
|rule|Species Clause: Limit one of each Pokémon
|rule|OHKO Clause: OHKO moves are banned
|rule|Moody Clause: Moody is banned
|rule|Evasion Items Clause: Evasion items are banned
|rule|Evasion Moves Clause: Evasion moves are banned
|rule|Endless Battle Clause: Forcing endless battles is banned
|rule|HP Percentage Mod: HP is shown in percentages
|rule|Evasion Abilities Clause: Evasion abilities are banned
|rule|Sleep Moves Clause: Sleep-inducing moves are banned
|rule|Swagger Clause: Swagger is banned
|rule|Baton Pass Stat Clause: No Baton Passer may have a way to boost its stats
|clearpoke
|poke|p1|Alakazam, M|item
|poke|p1|Tyranitar, F|item
|poke|p1|Terrakion|item
|poke|p1|Latios, M|item
|poke|p1|Salamence, F|item
|poke|p1|Reuniclus, F|item
|poke|p2|Thundurus-Therian, M|item
|poke|p2|Ferrothorn, M|item
|poke|p2|Rotom-Wash|item
|poke|p2|Gengar, M|item
|poke|p2|Tyranitar, F|item
|poke|p2|Lucario, M|item
|teampreview
|
|t:|1723399087
|start
|switch|p1a: PU|Terrakion, shiny|100/100
|switch|p2a: Thundurus|Thundurus-Therian, M|100/100
|turn|1
|inactive|Battle timer is ON: inactive players will automatically lose when time's up. (requested by TheHaxSupreme)
|
|t:|1723399100
|move|p2a: Thundurus|Volt Switch|p1a: PU
|-damage|p1a: PU|48/100
|
|t:|1723399112
|switch|p2a: Ferrothorn|Ferrothorn, M|100/100|[from] Volt Switch
|move|p1a: PU|Stealth Rock|p2a: Ferrothorn
|-sidestart|p2: SebbDz|move: Stealth Rock
|
|upkeep
|turn|2
|
|t:|1723399121
|move|p1a: PU|Taunt|p2a: Ferrothorn
|-start|p2a: Ferrothorn|move: Taunt
|cant|p2a: Ferrothorn|move: Taunt|Stealth Rock
|
|upkeep
|turn|3
|
|t:|1723399126
|switch|p2a: Thundurus|Thundurus-Therian, M|100/100
|-damage|p2a: Thundurus|76/100|[from] Stealth Rock
|move|p1a: PU|Close Combat|p2a: Thundurus
|-resisted|p2a: Thundurus
|-damage|p2a: Thundurus|27/100
|-unboost|p1a: PU|def|1
|-unboost|p1a: PU|spd|1
|
|upkeep
|turn|4
|
|t:|1723399136
|move|p2a: Thundurus|Volt Switch|p1a: PU
|-damage|p1a: PU|0 fnt
|faint|p1a: PU
|
|t:|1723399143
|switch|p2a: Tyranitar|Tyranitar, F|100/100|[from] Volt Switch
|-damage|p2a: Tyranitar|88/100|[from] Stealth Rock
|-weather|Sandstorm|[from] ability: Sand Stream|[of] p2a: Tyranitar
|
|-weather|Sandstorm|[upkeep]
|upkeep
|
|t:|1723399151
|switch|p1a: Ru too|Reuniclus, F|100/100
|turn|5
|
|t:|1723399156
|move|p2a: Tyranitar|Dragon Dance|p2a: Tyranitar
|-boost|p2a: Tyranitar|atk|1
|-boost|p2a: Tyranitar|spe|1
|move|p1a: Ru too|Focus Blast|p2a: Tyranitar
|-supereffective|p2a: Tyranitar
|-damage|p2a: Tyranitar|0 fnt
|faint|p2a: Tyranitar
|
|-weather|Sandstorm|[upkeep]
|-damage|p1a: Ru too|94/100|[from] Sandstorm
|upkeep
|
|t:|1723399166
|switch|p2a: Gengar|Gengar, M|100/100
|-damage|p2a: Gengar|88/100|[from] Stealth Rock
|turn|6
|
|t:|1723399171
|move|p2a: Gengar|Substitute|p2a: Gengar
|-start|p2a: Gengar|Substitute
|-damage|p2a: Gengar|63/100
|move|p1a: Ru too|Psychic|p2a: Gengar
|-supereffective|p2a: Gengar
|-end|p2a: Gengar|Substitute
|
|-weather|Sandstorm|[upkeep]
|-damage|p2a: Gengar|57/100|[from] Sandstorm
|-damage|p1a: Ru too|88/100|[from] Sandstorm
|-heal|p2a: Gengar|63/100|[from] item: Black Sludge
|upkeep
|turn|7
|
|t:|1723399181
|move|p2a: Gengar|Disable|p1a: Ru too
|-start|p1a: Ru too|Disable|Psychic
|cant|p1a: Ru too|Disable|Psychic
|
|-weather|Sandstorm|[upkeep]
|-damage|p2a: Gengar|57/100|[from] Sandstorm
|-damage|p1a: Ru too|82/100|[from] Sandstorm
|-heal|p2a: Gengar|63/100|[from] item: Black Sludge
|upkeep
|turn|8
|
|t:|1723399191
|switch|p1a: Now UU|Tyranitar, F|100/100
|move|p2a: Gengar|Substitute|p2a: Gengar
|-start|p2a: Gengar|Substitute
|-damage|p2a: Gengar|39/100
|
|-weather|Sandstorm|[upkeep]
|-damage|p2a: Gengar|33/100|[from] Sandstorm
|-heal|p2a: Gengar|39/100|[from] item: Black Sludge
|upkeep
|turn|9
|
|t:|1723399200
|move|p1a: Now UU|Pursuit|p2a: Gengar
|-supereffective|p2a: Gengar
|-end|p2a: Gengar|Substitute
|move|p2a: Gengar|Sludge Bomb|p1a: Now UU
|-resisted|p1a: Now UU
|-damage|p1a: Now UU|86/100
|
|-weather|Sandstorm|[upkeep]
|-damage|p2a: Gengar|33/100|[from] Sandstorm
|-heal|p2a: Gengar|39/100|[from] item: Black Sludge
|upkeep
|turn|10
|
|t:|1723399211
|move|p1a: Now UU|Pursuit|p2a: Gengar
|-supereffective|p2a: Gengar
|-damage|p2a: Gengar|0 fnt
|faint|p2a: Gengar
|
|-weather|Sandstorm|[upkeep]
|upkeep
|j| night suwu
|
|t:|1723399218
|switch|p2a: Lucario|Lucario, M|100/100
|-damage|p2a: Lucario|98/100|[from] Stealth Rock
|turn|11
|
|t:|1723399224
|switch|p1a: RU|Salamence, F|100/100
|move|p2a: Lucario|Swords Dance|p2a: Lucario
|-boost|p2a: Lucario|atk|2
|
|-weather|Sandstorm|[upkeep]
|-damage|p1a: RU|94/100|[from] Sandstorm
|upkeep
|turn|12
|
|t:|1723399243
|move|p1a: RU|Earthquake|p2a: Lucario
|-supereffective|p2a: Lucario
|-damage|p2a: Lucario|0 fnt
|faint|p2a: Lucario
|-ability|p1a: RU|Moxie|boost
|-boost|p1a: RU|atk|1
|
|-weather|Sandstorm|[upkeep]
|-damage|p1a: RU|88/100|[from] Sandstorm
|upkeep
|
|t:|1723399252
|switch|p2a: Thundurus|Thundurus-Therian, M|27/100
|-damage|p2a: Thundurus|2/100|[from] Stealth Rock
|turn|13
|
|t:|1723399257
|move|p1a: RU|Earthquake|p2a: Thundurus
|-immune|p2a: Thundurus
|move|p2a: Thundurus|Hidden Power|p1a: RU
|-supereffective|p1a: RU
|-damage|p1a: RU|0 fnt
|faint|p1a: RU
|
|-weather|Sandstorm|[upkeep]
|-damage|p2a: Thundurus|0 fnt|[from] Sandstorm
|faint|p2a: Thundurus
|upkeep
|-message|SebbDz forfeited.
|
|win|TheHaxSupreme
|raw|TheHaxSupreme's rating: 1274 &rarr; <strong>1303</strong><br />(+29 for winning)
|raw|SebbDz's rating: 1324 &rarr; <strong>1301</strong><br />(-23 for losing)
|l|☆SebbDz
|player|p2|
