|j|☆Alexia B.
|j|☆one random newbie
|player|p1|Alexia B.|fantina|1529
|player|p2|one random newbie|cynthia|1307
|teamsize|p1|6
|teamsize|p2|6
|gametype|singles
|gen|5
|tier|[Gen 5] OU
|rated|
|clearpoke
|poke|p1|Jellicent, F|item
|poke|p1|Tyranitar, M|item
|poke|p1|Latios, M|item
|poke|p1|Ferrothorn, F|item
|poke|p1|Keldeo|item
|poke|p1|Scizor, F|item
|poke|p2|Garchomp, M|item
|poke|p2|Ninetales, M|item
|poke|p2|Celebi|item
|poke|p2|Volcarona, F|item
|poke|p2|Latias, F|item
|poke|p2|Metagross|item
|rule|Species Clause: Limit one of each Pokémon
|rule|OHKO Clause: OHKO moves are banned
|rule|Moody Clause: Moody is banned
|rule|Evasion Moves Clause: Evasion moves are banned
|rule|Endless Battle Clause: Forcing endless battles is banned
|rule|HP Percentage Mod: HP is shown in percentages
|rule|Evasion Abilities Clause: Evasion abilities are banned
|rule|Baton Pass Clause: Limit one Baton Passer, can't pass Spe and other stats simultaneously
|rule|Sleep Clause: Sleep-inducing moves are banned
|rule|Swagger Clause: Swagger is banned
|teampreview
|
|start
|switch|p1a: Godzila|Tyranitar, M|100/100
|switch|p2a: Celebi|Celebi|100/100
|-weather|Sandstorm|[from] ability: Sand Stream|[of] p1a: Godzila
|turn|1
|inactive|Battle timer is ON: inactive players will automatically lose when time's up. (requested by one random newbie)
|
|move|p2a: Celebi|Thunder Wave|p1a: Godzila
|-status|p1a: Godzila|par
|move|p1a: Godzila|Pursuit|p2a: Celebi
|-supereffective|p2a: Celebi
|-damage|p2a: Celebi|47/100
|
|-weather|Sandstorm|[upkeep]
|-damage|p2a: Celebi|40/100|[from] Sandstorm
|-heal|p2a: Celebi|47/100|[from] item: Leftovers
|upkeep
|turn|2
|
|move|p2a: Celebi|Giga Drain|p1a: Godzila
|-supereffective|p1a: Godzila
|-damage|p1a: Godzila|58/100 par
|-heal|p2a: Celebi|68/100|[from] drain|[of] p1a: Godzila
|cant|p1a: Godzila|par
|
|-weather|Sandstorm|[upkeep]
|-damage|p2a: Celebi|61/100|[from] Sandstorm
|-heal|p2a: Celebi|68/100|[from] item: Leftovers
|upkeep
|turn|3
|
|switch|p1a: Floor Jansen|Ferrothorn, F, shiny|100/100
|move|p2a: Celebi|Giga Drain|p1a: Floor Jansen
|-resisted|p1a: Floor Jansen
|-damage|p1a: Floor Jansen|94/100
|-heal|p2a: Celebi|70/100|[from] drain|[of] p1a: Floor Jansen
|
|-weather|Sandstorm|[upkeep]
|-damage|p2a: Celebi|64/100|[from] Sandstorm
|-heal|p2a: Celebi|70/100|[from] item: Leftovers
|upkeep
|turn|4
|
|move|p2a: Celebi|Hidden Power|p1a: Floor Jansen
|-supereffective|p1a: Floor Jansen
|-damage|p1a: Floor Jansen|32/100
|move|p1a: Floor Jansen|Stealth Rock|p2a: Celebi
|-sidestart|p2: one random newbie|move: Stealth Rock
|
|-weather|Sandstorm|[upkeep]
|-damage|p2a: Celebi|64/100|[from] Sandstorm
|-heal|p2a: Celebi|70/100|[from] item: Leftovers
|upkeep
|turn|5
|
|move|p2a: Celebi|Hidden Power|p1a: Floor Jansen
|-supereffective|p1a: Floor Jansen
|-damage|p1a: Floor Jansen|0 fnt
|faint|p1a: Floor Jansen
|
|-weather|Sandstorm|[upkeep]
|-damage|p2a: Celebi|64/100|[from] Sandstorm
|-heal|p2a: Celebi|70/100|[from] item: Leftovers
|upkeep
|
|switch|p1a: #GGEASY|Scizor, F|100/100
|turn|6
|
|move|p1a: #GGEASY|Bullet Punch|p2a: Celebi
|-damage|p2a: Celebi|25/100
|move|p2a: Celebi|Hidden Power|p1a: #GGEASY
|-supereffective|p1a: #GGEASY
|-damage|p1a: #GGEASY|0 fnt
|faint|p1a: #GGEASY
|
|-weather|Sandstorm|[upkeep]
|-damage|p2a: Celebi|19/100|[from] Sandstorm
|-heal|p2a: Celebi|25/100|[from] item: Leftovers
|upkeep
|
|switch|p1a: Aeroplane|Latios, M, shiny|100/100
|turn|7
|
|move|p1a: Aeroplane|Dragon Pulse|p2a: Celebi
|-damage|p2a: Celebi|0 fnt
|faint|p2a: Celebi
|
|-weather|Sandstorm|[upkeep]
|-damage|p1a: Aeroplane|95/100|[from] Sandstorm
|upkeep
|
|switch|p2a: Metagross|Metagross|100/100
|-damage|p2a: Metagross|95/100|[from] Stealth Rock
|turn|8
|
|switch|p1a: Useless|Jellicent, F|100/100
|move|p2a: Metagross|Agility|p2a: Metagross
|-boost|p2a: Metagross|spe|2
|
|-weather|Sandstorm|[upkeep]
|-damage|p1a: Useless|94/100|[from] Sandstorm
|-heal|p2a: Metagross|100/100|[from] item: Leftovers
|-heal|p1a: Useless|100/100|[from] item: Leftovers
|upkeep
|turn|9
|
|switch|p2a: Volcarona|Volcarona, F|100/100
|-damage|p2a: Volcarona|51/100|[from] Stealth Rock
|move|p1a: Useless|Will-O-Wisp|p2a: Volcarona
|-immune|p2a: Volcarona
|
|-weather|Sandstorm|[upkeep]
|-damage|p2a: Volcarona|45/100|[from] Sandstorm
|-damage|p1a: Useless|94/100|[from] Sandstorm
|-heal|p2a: Volcarona|51/100|[from] item: Leftovers
|-heal|p1a: Useless|100/100|[from] item: Leftovers
|upkeep
|turn|10
|
|move|p2a: Volcarona|Quiver Dance|p2a: Volcarona
|-boost|p2a: Volcarona|spa|1
|-boost|p2a: Volcarona|spd|1
|-boost|p2a: Volcarona|spe|1
|move|p1a: Useless|Scald|p2a: Volcarona
|-supereffective|p2a: Volcarona
|-damage|p2a: Volcarona|17/100
|
|-weather|Sandstorm|[upkeep]
|-damage|p2a: Volcarona|11/100|[from] Sandstorm
|-damage|p1a: Useless|94/100|[from] Sandstorm
|-heal|p2a: Volcarona|17/100|[from] item: Leftovers
|-heal|p1a: Useless|100/100|[from] item: Leftovers
|upkeep
|turn|11
|
|move|p2a: Volcarona|Fire Blast|p1a: Useless
|-resisted|p1a: Useless
|-damage|p1a: Useless|55/100
|move|p1a: Useless|Scald|p2a: Volcarona
|-supereffective|p2a: Volcarona
|-damage|p2a: Volcarona|0 fnt
|faint|p2a: Volcarona
|
|-weather|Sandstorm|[upkeep]
|-damage|p1a: Useless|49/100|[from] Sandstorm
|-heal|p1a: Useless|55/100|[from] item: Leftovers
|upkeep
|
|switch|p2a: Latias|Latias, F, shiny|100/100
|-damage|p2a: Latias|88/100|[from] Stealth Rock
|turn|12
|
|switch|p1a: Godzila|Tyranitar, M|58/100 par
|move|p2a: Latias|Calm Mind|p2a: Latias
|-boost|p2a: Latias|spa|1
|-boost|p2a: Latias|spd|1
|
|-weather|Sandstorm|[upkeep]
|-damage|p2a: Latias|82/100|[from] Sandstorm
|-heal|p2a: Latias|88/100|[from] item: Leftovers
|upkeep
|turn|13
|
|move|p2a: Latias|Draco Meteor|p1a: Godzila
|-damage|p1a: Godzila|5/100 par
|-unboost|p2a: Latias|spa|2
|move|p1a: Godzila|Crunch|p2a: Latias
|-supereffective|p2a: Latias
|-damage|p2a: Latias|0 fnt
|faint|p2a: Latias
|
|-weather|Sandstorm|[upkeep]
|upkeep
|
|switch|p2a: Metagross|Metagross|100/100
|-damage|p2a: Metagross|95/100|[from] Stealth Rock
|turn|14
|
|switch|p1a: Useless|Jellicent, F|55/100
|move|p2a: Metagross|Agility|p2a: Metagross
|-boost|p2a: Metagross|spe|2
|
|-weather|Sandstorm|[upkeep]
|-damage|p1a: Useless|49/100|[from] Sandstorm
|-heal|p2a: Metagross|100/100|[from] item: Leftovers
|-heal|p1a: Useless|55/100|[from] item: Leftovers
|upkeep
|turn|15
|
|move|p2a: Metagross|Thunder Punch|p1a: Useless
|-supereffective|p1a: Useless
|-damage|p1a: Useless|13/100
|move|p1a: Useless|Recover|p1a: Useless
|-heal|p1a: Useless|63/100
|
|-weather|Sandstorm|[upkeep]
|-damage|p1a: Useless|57/100|[from] Sandstorm
|-heal|p1a: Useless|63/100|[from] item: Leftovers
|upkeep
|turn|16
|
|move|p2a: Metagross|Thunder Punch|p1a: Useless
|-supereffective|p1a: Useless
|-damage|p1a: Useless|14/100
|move|p1a: Useless|Will-O-Wisp|p2a: Metagross
|-status|p2a: Metagross|brn
|
|-weather|Sandstorm|[upkeep]
|-damage|p1a: Useless|8/100|[from] Sandstorm
|-heal|p1a: Useless|14/100|[from] item: Leftovers
|-damage|p2a: Metagross|88/100 brn|[from] brn
|upkeep
|turn|17
|
|move|p2a: Metagross|Thunder Punch|p1a: Useless
|-supereffective|p1a: Useless
|-damage|p1a: Useless|0 fnt
|faint|p1a: Useless
|
|-weather|Sandstorm|[upkeep]
|-heal|p2a: Metagross|94/100 brn|[from] item: Leftovers
|-damage|p2a: Metagross|82/100 brn|[from] brn
|upkeep
|
|switch|p1a: Keldeo|Keldeo|100/100
|turn|18
|
|move|p2a: Metagross|Thunder Punch|p1a: Keldeo
|-supereffective|p1a: Keldeo
|-damage|p1a: Keldeo|66/100
|move|p1a: Keldeo|Surf|p2a: Metagross
|-damage|p2a: Metagross|2/100 brn
|
|-weather|Sandstorm|[upkeep]
|-damage|p1a: Keldeo|60/100|[from] Sandstorm
|-heal|p2a: Metagross|8/100 brn|[from] item: Leftovers
|-damage|p2a: Metagross|0 fnt|[from] brn
|faint|p2a: Metagross
|upkeep
|
|switch|p2a: Garchomp|Garchomp, M|100/100
|-damage|p2a: Garchomp|94/100|[from] Stealth Rock
|turn|19
|
|move|p1a: Keldeo|Surf|p2a: Garchomp
|-damage|p2a: Garchomp|17/100
|move|p2a: Garchomp|Swords Dance|p2a: Garchomp
|-boost|p2a: Garchomp|atk|2
|
|-weather|Sandstorm|[upkeep]
|-damage|p1a: Keldeo|54/100|[from] Sandstorm
|-heal|p2a: Garchomp|23/100|[from] item: Leftovers
|upkeep
|turn|20
|-message|one random newbie forfeited.
|
|win|Alexia B.
|l|☆one random newbie
|l|☆Alexia B.
|raw|Alexia B.'s rating: 1535 &rarr; <strong>1543</strong><br />(+8 for winning)
|raw|one random newbie's rating: 1308 &rarr; <strong>1299</strong><br />(-9 for losing)
