|j|☆yoybbuiyb
|j|☆testbwou
|t:|1708755530
|gametype|singles
|player|p1|yoybbuiyb|265|1436
|player|p2|testbwou|170|1398
|teamsize|p1|6
|teamsize|p2|6
|gen|5
|tier|[Gen 5] OU
|rated|
|rule|Species Clause: Limit one of each Pokémon
|rule|OHKO Clause: OHKO moves are banned
|rule|Moody Clause: Moody is banned
|rule|Evasion Items Clause: Evasion items are banned
|rule|Evasion Moves Clause: Evasion moves are banned
|rule|Endless Battle Clause: Forcing endless battles is banned
|rule|HP Percentage Mod: HP is shown in percentages
|rule|Evasion Abilities Clause: Evasion abilities are banned
|rule|Sleep Moves Clause: Sleep-inducing moves are banned
|rule|Swagger Clause: Swagger is banned
|rule|Baton Pass Stat Clause: No Baton Passer may have a way to boost its stats
|clearpoke
|poke|p1|Tyranitar, F|item
|poke|p1|Xatu, M|item
|poke|p1|Excadrill, F|item
|poke|p1|Volcarona, M|item
|poke|p1|Hydreigon, M|item
|poke|p1|Rotom-Wash|item
|poke|p2|Riolu, F|item
|poke|p2|Forretress, M|item
|poke|p2|Shedinja|item
|poke|p2|Politoed, M|item
|poke|p2|Gengar, F|item
|poke|p2|Starmie|item
|teampreview
|
|t:|1708755540
|start
|switch|p1a: Volcarona|Volcarona, M|100/100
|switch|p2a: Forretress|Forretress, M|100/100
|turn|1
|
|t:|1708755550
|move|p1a: Volcarona|Fire Blast|p2a: Forretress
|-supereffective|p2a: Forretress
|-ability|p2a: Forretress|Sturdy
|-damage|p2a: Forretress|1/100
|move|p2a: Forretress|Stealth Rock|p1a: Volcarona
|-sidestart|p1: yoybbuiyb|move: Stealth Rock
|
|upkeep
|turn|2
|-enditem|p2a: Forretress|Custap Berry|[eat]
|-activate|p2a: Forretress|item: Custap Berry|[consumed]
|
|t:|1708755559
|switch|p1a: Tyranitar|Tyranitar, F|100/100
|-damage|p1a: Tyranitar|88/100|[from] Stealth Rock
|-weather|Sandstorm|[from] ability: Sand Stream|[of] p1a: Tyranitar
|move|p2a: Forretress|Spikes|p1a: Tyranitar
|-sidestart|p1: yoybbuiyb|Spikes
|
|-weather|Sandstorm|[upkeep]
|upkeep
|turn|3
|
|t:|1708755568
|move|p2a: Forretress|Spikes|p1a: Tyranitar
|-sidestart|p1: yoybbuiyb|Spikes
|move|p1a: Tyranitar|Stealth Rock|p2a: Forretress
|-sidestart|p2: testbwou|move: Stealth Rock
|
|-weather|Sandstorm|[upkeep]
|upkeep
|turn|4
|
|t:|1708755571
|move|p2a: Forretress|Rapid Spin|p1a: Tyranitar
|-resisted|p1a: Tyranitar
|-damage|p1a: Tyranitar|87/100
|-sideend|p2: testbwou|Stealth Rock|[from] move: Rapid Spin|[of] p2a: Forretress
|move|p1a: Tyranitar|Crunch|p2a: Forretress
|-resisted|p2a: Forretress
|-damage|p2a: Forretress|0 fnt
|faint|p2a: Forretress
|
|-weather|Sandstorm|[upkeep]
|upkeep
|
|t:|1708755575
|switch|p2a: Politoed|Politoed, M|100/100
|-weather|RainDance|[from] ability: Drizzle|[of] p2a: Politoed
|turn|5
|
|t:|1708755579
|switch|p1a: Rotom|Rotom-Wash|100/100
|-damage|p1a: Rotom|88/100|[from] Stealth Rock
|move|p2a: Politoed|Surf|p1a: Rotom
|-resisted|p1a: Rotom
|-damage|p1a: Rotom|59/100
|
|-weather|RainDance|[upkeep]
|-heal|p1a: Rotom|66/100|[from] item: Leftovers
|upkeep
|turn|6
|
|t:|1708755586
|switch|p2a: Shedinja|Shedinja|100/100
|move|p1a: Rotom|Will-O-Wisp|p2a: Shedinja
|-status|p2a: Shedinja|brn
|
|-weather|RainDance|[upkeep]
|-heal|p1a: Rotom|72/100|[from] item: Leftovers
|-damage|p2a: Shedinja|0 fnt|[from] brn
|faint|p2a: Shedinja
|upkeep
|
|t:|1708755597
|switch|p2a: Riolu|Riolu, F|100/100
|turn|7
|
|t:|1708755603
|move|p1a: Rotom|Volt Switch|p2a: Riolu
|-damage|p2a: Riolu|17/100
|
|t:|1708755624
|switch|p1a: Excadrill|Excadrill, F|100/100|[from] Volt Switch
|-damage|p1a: Excadrill|97/100|[from] Stealth Rock
|-damage|p1a: Excadrill|81/100|[from] Spikes
|-ability|p1a: Excadrill|Mold Breaker
|move|p2a: Riolu|Roar|p1a: Excadrill
|drag|p1a: Tyranitar|Tyranitar, F|87/100
|-damage|p1a: Tyranitar|74/100|[from] Stealth Rock
|-damage|p1a: Tyranitar|58/100|[from] Spikes
|-weather|Sandstorm|[from] ability: Sand Stream|[of] p1a: Tyranitar
|
|-weather|Sandstorm|[upkeep]
|-damage|p2a: Riolu|11/100|[from] Sandstorm
|upkeep
|turn|8
|
|t:|1708755634
|move|p2a: Riolu|Copycat|p2a: Riolu
|move|p2a: Riolu|Roar|p1a: Tyranitar|[from]move: Copycat
|drag|p1a: Xatu|Xatu, M|100/100
|-damage|p1a: Xatu|76/100|[from] Stealth Rock
|
|-weather|Sandstorm|[upkeep]
|-damage|p1a: Xatu|70/100|[from] Sandstorm
|-damage|p2a: Riolu|5/100|[from] Sandstorm
|upkeep
|turn|9
|
|t:|1708755647
|switch|p2a: Politoed|Politoed, M|100/100
|-weather|RainDance|[from] ability: Drizzle|[of] p2a: Politoed
|move|p1a: Xatu|Roost|p1a: Xatu
|-heal|p1a: Xatu|100/100
|-singleturn|p1a: Xatu|move: Roost
|
|-weather|RainDance|[upkeep]
|upkeep
|turn|10
|j| MissingNo 000-Q
|
|t:|1708755660
|switch|p1a: Volcarona|Volcarona, M|100/100
|-damage|p1a: Volcarona|51/100|[from] Stealth Rock
|-damage|p1a: Volcarona|34/100|[from] Spikes
|move|p2a: Politoed|Surf|p1a: Volcarona
|-supereffective|p1a: Volcarona
|-damage|p1a: Volcarona|0 fnt
|faint|p1a: Volcarona
|
|-weather|RainDance|[upkeep]
|upkeep
|
|t:|1708755663
|switch|p1a: Hydreigon|Hydreigon, M|100/100
|-damage|p1a: Hydreigon|88/100|[from] Stealth Rock
|turn|11
|
|t:|1708755667
|switch|p2a: Riolu|Riolu, F|5/100
|move|p1a: Hydreigon|Dark Pulse|p2a: Riolu
|-resisted|p2a: Riolu
|-damage|p2a: Riolu|0 fnt
|faint|p2a: Riolu
|-damage|p1a: Hydreigon|78/100|[from] item: Life Orb
|
|-weather|RainDance|[upkeep]
|upkeep
|
|t:|1708755672
|switch|p2a: Starmie|Starmie|100/100
|turn|12
|
|t:|1708755677
|switch|p1a: Tyranitar|Tyranitar, F|58/100
|-damage|p1a: Tyranitar|45/100|[from] Stealth Rock
|-damage|p1a: Tyranitar|29/100|[from] Spikes
|-weather|Sandstorm|[from] ability: Sand Stream|[of] p1a: Tyranitar
|move|p2a: Starmie|Ice Beam|p1a: Tyranitar
|-damage|p1a: Tyranitar|11/100
|-damage|p2a: Starmie|91/100|[from] item: Life Orb
|
|-weather|Sandstorm|[upkeep]
|-damage|p2a: Starmie|84/100|[from] Sandstorm
|upkeep
|turn|13
|
|t:|1708755686
|move|p2a: Starmie|Ice Beam|p1a: Tyranitar
|-crit|p1a: Tyranitar
|-damage|p1a: Tyranitar|0 fnt
|faint|p1a: Tyranitar
|-damage|p2a: Starmie|74/100|[from] item: Life Orb
|
|-weather|Sandstorm|[upkeep]
|-damage|p2a: Starmie|68/100|[from] Sandstorm
|upkeep
|
|t:|1708755696
|switch|p1a: Excadrill|Excadrill, F|81/100
|-damage|p1a: Excadrill|78/100|[from] Stealth Rock
|-damage|p1a: Excadrill|61/100|[from] Spikes
|-ability|p1a: Excadrill|Mold Breaker
|turn|14
|
|t:|1708755699
|move|p1a: Excadrill|Earthquake|p2a: Starmie
|-damage|p2a: Starmie|0 fnt
|faint|p2a: Starmie
|
|-weather|Sandstorm|[upkeep]
|upkeep
|
|t:|1708755702
|switch|p2a: Politoed|Politoed, M|100/100
|-weather|RainDance|[from] ability: Drizzle|[of] p2a: Politoed
|turn|15
|
|t:|1708755705
|switch|p1a: Xatu|Xatu, M|100/100
|-damage|p1a: Xatu|76/100|[from] Stealth Rock
|move|p2a: Politoed|Surf|p1a: Xatu
|-damage|p1a: Xatu|0 fnt
|faint|p1a: Xatu
|
|-weather|RainDance|[upkeep]
|upkeep
|
|t:|1708755710
|switch|p1a: Hydreigon|Hydreigon, M|78/100
|-damage|p1a: Hydreigon|66/100|[from] Stealth Rock
|turn|16
|
|t:|1708755717
|switch|p2a: Gengar|Gengar, F|100/100
|move|p1a: Hydreigon|Draco Meteor|p2a: Gengar
|-damage|p2a: Gengar|0 fnt
|-unboost|p1a: Hydreigon|spa|2
|faint|p2a: Gengar
|-damage|p1a: Hydreigon|56/100|[from] item: Life Orb
|
|-weather|RainDance|[upkeep]
|upkeep
|
|t:|1708755719
|switch|p2a: Politoed|Politoed, M|100/100
|turn|17
|
|t:|1708755726
|switch|p1a: Excadrill|Excadrill, F|61/100
|-damage|p1a: Excadrill|58/100|[from] Stealth Rock
|-damage|p1a: Excadrill|41/100|[from] Spikes
|-ability|p1a: Excadrill|Mold Breaker
|move|p2a: Politoed|Surf|p1a: Excadrill
|-supereffective|p1a: Excadrill
|-damage|p1a: Excadrill|0 fnt
|faint|p1a: Excadrill
|
|-weather|RainDance|[upkeep]
|upkeep
|
|t:|1708755728
|switch|p1a: Rotom|Rotom-Wash|72/100
|-damage|p1a: Rotom|59/100|[from] Stealth Rock
|turn|18
|
|t:|1708755731
|move|p2a: Politoed|Surf|p1a: Rotom
|-resisted|p1a: Rotom
|-damage|p1a: Rotom|30/100
|move|p1a: Rotom|Pain Split|p2a: Politoed
|-sethp|p2a: Politoed|64/100|[from] move: Pain Split|[silent]
|-sethp|p1a: Rotom|68/100|[from] move: Pain Split
|
|-weather|RainDance|[upkeep]
|-heal|p1a: Rotom|74/100|[from] item: Leftovers
|upkeep
|turn|19
|-message|testbwou forfeited.
|
|win|yoybbuiyb
|raw|yoybbuiyb's rating: 1436 &rarr; <strong>1454</strong><br />(+18 for winning)
|raw|testbwou's rating: 1398 &rarr; <strong>1380</strong><br />(-18 for losing)
|l|☆testbwou
|player|p2|
