|j|☆porrompompom
|j|☆Wyc2333
|player|p1|porrompompom|169
|player|p2|Wyc2333|101
|teamsize|p1|6
|teamsize|p2|6
|gametype|singles
|gen|5
|tier|[Gen 5] OU
|rated|
|rule|Sleep Clause Mod: Limit one foe put to sleep
|rule|Species Clause: Limit one of each Pokémon
|rule|OHKO Clause: OHKO moves are banned
|rule|Moody Clause: Moody is banned
|rule|Evasion Moves Clause: Evasion moves are banned
|rule|Endless Battle Clause: Forcing endless battles is banned
|rule|HP Percentage Mod: HP is shown in percentages
|rule|Evasion Abilities Clause: Evasion abilities are banned
|rule|Baton Pass Clause: Limit one Baton Passer, can't pass Spe and other stats simultaneously
|rule|Swagger Clause: Swagger is banned
|clearpoke
|poke|p1|Politoed, M|item
|poke|p1|Skarmory, F|item
|poke|p1|Tangrowth, M|item
|poke|p1|Jirachi|item
|poke|p1|Gastrodon, F|item
|poke|p1|Tentacruel, F|item
|poke|p2|Volcarona, M|item
|poke|p2|Keldeo-Resolute|item
|poke|p2|Starmie|item
|poke|p2|Garchomp, F|item
|poke|p2|Jirachi|item
|poke|p2|Dragonite, M|item
|teampreview
|
|start
|switch|p1a: Politoed|Politoed, M|100/100
|switch|p2a: Keldeo|Keldeo-Resolute|100/100
|-weather|RainDance|[from] ability: Drizzle|[of] p1a: Politoed
|turn|1
|
|move|p2a: Keldeo|Calm Mind|p2a: Keldeo
|-boost|p2a: Keldeo|spa|1
|-boost|p2a: Keldeo|spd|1
|move|p1a: Politoed|Toxic|p2a: Keldeo
|-status|p2a: Keldeo|tox
|
|-weather|RainDance|[upkeep]
|-damage|p2a: Keldeo|94/100 tox|[from] psn
|upkeep
|turn|2
|
|move|p2a: Keldeo|Calm Mind|p2a: Keldeo
|-boost|p2a: Keldeo|spa|1
|-boost|p2a: Keldeo|spd|1
|move|p1a: Politoed|Encore|p2a: Keldeo
|-start|p2a: Keldeo|Encore
|
|-weather|RainDance|[upkeep]
|-damage|p2a: Keldeo|82/100 tox|[from] psn
|upkeep
|turn|3
|
|switch|p2a: Starmie|Starmie|100/100
|switch|p1a: Jirachi|Jirachi|100/100
|
|-weather|RainDance|[upkeep]
|upkeep
|turn|4
|
|switch|p2a: Garchomp|Garchomp, F|100/100
|move|p1a: Jirachi|Stealth Rock|p2a: Garchomp
|-sidestart|p2: Wyc2333|move: Stealth Rock
|
|-weather|RainDance|[upkeep]
|upkeep
|turn|5
|j| weak sleeper
|
|switch|p1a: Politoed|Politoed, M|100/100
|move|p2a: Garchomp|Stealth Rock|p1a: Politoed
|-sidestart|p1: porrompompom|move: Stealth Rock
|
|-weather|RainDance|[upkeep]
|upkeep
|turn|6
|
|switch|p2a: Starmie|Starmie|100/100
|-damage|p2a: Starmie|88/100|[from] Stealth Rock
|move|p1a: Politoed|Encore|p2a: Starmie
|-fail|p1a: Politoed
|
|-weather|RainDance|[upkeep]
|upkeep
|turn|7
|
|move|p1a: Politoed|Protect|p1a: Politoed
|-singleturn|p1a: Politoed|Protect
|move|p2a: Starmie|Rapid Spin|p1a: Politoed
|-activate|p1a: Politoed|move: Protect
|
|-weather|RainDance|[upkeep]
|upkeep
|turn|8
|
|move|p2a: Starmie|Rapid Spin|p1a: Politoed
|-damage|p1a: Politoed|97/100
|-sideend|p2: Wyc2333|Stealth Rock|[from] move: Rapid Spin|[of] p2a: Starmie
|-damage|p2a: Starmie|78/100|[from] item: Life Orb
|move|p1a: Politoed|Encore|p2a: Starmie
|-start|p2a: Starmie|Encore
|
|-weather|RainDance|[upkeep]
|-heal|p1a: Politoed|100/100|[from] item: Leftovers
|upkeep
|turn|9
|
|switch|p2a: Keldeo|Keldeo-Resolute|82/100 tox
|move|p1a: Politoed|Toxic|p2a: Keldeo
|-fail|p2a: Keldeo|tox
|
|-weather|RainDance|[upkeep]
|-damage|p2a: Keldeo|76/100 tox|[from] psn
|upkeep
|turn|10
|
|switch|p1a: Tentacruel|Tentacruel, F|100/100
|-damage|p1a: Tentacruel|88/100|[from] Stealth Rock
|move|p2a: Keldeo|Calm Mind|p2a: Keldeo
|-boost|p2a: Keldeo|spa|1
|-boost|p2a: Keldeo|spd|1
|
|-weather|RainDance|[upkeep]
|-heal|p1a: Tentacruel|94/100|[from] ability: Rain Dish
|-heal|p1a: Tentacruel|99/100|[from] item: Black Sludge
|-damage|p2a: Keldeo|63/100 tox|[from] psn
|upkeep
|turn|11
|
|move|p2a: Keldeo|Hydro Pump|p1a: Tentacruel
|-resisted|p1a: Tentacruel
|-damage|p1a: Tentacruel|43/100
|move|p1a: Tentacruel|Rapid Spin|p2a: Keldeo
|-damage|p2a: Keldeo|60/100 tox
|-sideend|p1: porrompompom|Stealth Rock|[from] move: Rapid Spin|[of] p1a: Tentacruel
|
|-weather|RainDance|[upkeep]
|-heal|p1a: Tentacruel|50/100|[from] ability: Rain Dish
|-heal|p1a: Tentacruel|56/100|[from] item: Black Sludge
|-damage|p2a: Keldeo|41/100 tox|[from] psn
|upkeep
|turn|12
|j| Hiruzen_03
|l| Hiruzen_03
|
|move|p1a: Tentacruel|Protect|p1a: Tentacruel
|-singleturn|p1a: Tentacruel|Protect
|move|p2a: Keldeo|Secret Sword|p1a: Tentacruel
|-activate|p1a: Tentacruel|move: Protect
|
|-weather|RainDance|[upkeep]
|-heal|p1a: Tentacruel|62/100|[from] ability: Rain Dish
|-heal|p1a: Tentacruel|68/100|[from] item: Black Sludge
|-damage|p2a: Keldeo|17/100 tox|[from] psn
|upkeep
|turn|13
|
|switch|p1a: Politoed|Politoed, M|100/100
|move|p2a: Keldeo|Hidden Power|p1a: Politoed
|-enditem|p2a: Keldeo|Ghost Gem|[from] gem|[move] Hidden Power
|-damage|p1a: Politoed|56/100
|
|-weather|RainDance|[upkeep]
|-heal|p1a: Politoed|62/100|[from] item: Leftovers
|-damage|p2a: Keldeo|0 fnt|[from] psn
|upkeep
|faint|p2a: Keldeo
|
|switch|p2a: Starmie|Starmie|78/100
|turn|14
|
|move|p1a: Politoed|Protect|p1a: Politoed
|-singleturn|p1a: Politoed|Protect
|move|p2a: Starmie|Ice Beam|p1a: Politoed
|-activate|p1a: Politoed|move: Protect
|
|-weather|RainDance|[upkeep]
|-heal|p1a: Politoed|68/100|[from] item: Leftovers
|upkeep
|turn|15
|
|move|p2a: Starmie|Psyshock|p1a: Politoed
|-damage|p1a: Politoed|31/100
|-damage|p2a: Starmie|68/100|[from] item: Life Orb
|move|p1a: Politoed|Toxic|p2a: Starmie
|-status|p2a: Starmie|tox
|
|-weather|RainDance|[upkeep]
|-heal|p1a: Politoed|37/100|[from] item: Leftovers
|-damage|p2a: Starmie|62/100 tox|[from] psn
|upkeep
|turn|16
|
|switch|p2a: Dragonite|Dragonite, M|100/100
|move|p1a: Politoed|Protect|p1a: Politoed
|-fail|p1a: Politoed
|
|-weather|RainDance|[upkeep]
|-heal|p1a: Politoed|43/100|[from] item: Leftovers
|upkeep
|turn|17
|
|move|p2a: Dragonite|Earthquake|p1a: Politoed
|-damage|p1a: Politoed|0 fnt
|faint|p1a: Politoed
|
|-weather|RainDance|[upkeep]
|upkeep
|
|switch|p1a: Tangrowth|Tangrowth, M|100/100
|turn|18
|
|switch|p2a: Volcarona|Volcarona, M|100/100
|move|p1a: Tangrowth|Leaf Storm|p2a: Volcarona
|-resisted|p2a: Volcarona
|-damage|p2a: Volcarona|86/100
|-unboost|p1a: Tangrowth|spa|2
|
|-weather|RainDance|[upkeep]
|upkeep
|turn|19
|
|switch|p1a: Tentacruel|Tentacruel, F|68/100
|move|p2a: Volcarona|Quiver Dance|p2a: Volcarona
|-boost|p2a: Volcarona|spa|1
|-boost|p2a: Volcarona|spd|1
|-boost|p2a: Volcarona|spe|1
|
|-weather|RainDance|[upkeep]
|-heal|p1a: Tentacruel|74/100|[from] ability: Rain Dish
|-heal|p1a: Tentacruel|80/100|[from] item: Black Sludge
|upkeep
|turn|20
|
|switch|p2a: Starmie|Starmie|62/100 tox
|move|p1a: Tentacruel|Toxic|p2a: Starmie
|-fail|p2a: Starmie|tox
|
|-weather|RainDance|[upkeep]
|-heal|p1a: Tentacruel|86/100|[from] ability: Rain Dish
|-heal|p1a: Tentacruel|92/100|[from] item: Black Sludge
|-damage|p2a: Starmie|56/100 tox|[from] psn
|upkeep
|turn|21
|
|switch|p1a: Jirachi|Jirachi|100/100
|move|p2a: Starmie|Psyshock|p1a: Jirachi
|-resisted|p1a: Jirachi
|-damage|p1a: Jirachi|88/100
|-damage|p2a: Starmie|46/100 tox|[from] item: Life Orb
|
|-weather|RainDance|[upkeep]
|-heal|p1a: Jirachi|94/100|[from] item: Leftovers
|-damage|p2a: Starmie|34/100 tox|[from] psn
|upkeep
|turn|22
|j| breeding maniac
|
|switch|p2a: Garchomp|Garchomp, F|100/100
|move|p1a: Jirachi|Stealth Rock|p2a: Garchomp
|-sidestart|p2: Wyc2333|move: Stealth Rock
|
|-weather|RainDance|[upkeep]
|-heal|p1a: Jirachi|99/100|[from] item: Leftovers
|upkeep
|turn|23
|l| breeding maniac
|
|switch|p1a: Tangrowth|Tangrowth, M|100/100
|move|p2a: Garchomp|Stealth Rock|p1a: Tangrowth
|-sidestart|p1: porrompompom|move: Stealth Rock
|
|-weather|RainDance|[upkeep]
|upkeep
|turn|24
|
|switch|p2a: Jirachi|Jirachi|100/100
|-damage|p2a: Jirachi|95/100|[from] Stealth Rock
|move|p1a: Tangrowth|Hidden Power|p2a: Jirachi
|-resisted|p2a: Jirachi
|-damage|p2a: Jirachi|87/100
|
|-weather|RainDance|[upkeep]
|upkeep
|turn|25
|
|switch|p1a: Jirachi|Jirachi|99/100
|-damage|p1a: Jirachi|94/100|[from] Stealth Rock
|move|p2a: Jirachi|U-turn|p1a: Jirachi
|-damage|p1a: Jirachi|75/100
|
|switch|p2a: Garchomp|Garchomp, F|100/100
|-damage|p2a: Garchomp|94/100|[from] Stealth Rock
|
|-weather|RainDance|[upkeep]
|-heal|p1a: Jirachi|82/100|[from] item: Leftovers
|upkeep
|turn|26
|
|switch|p1a: Tangrowth|Tangrowth, M|100/100
|-damage|p1a: Tangrowth|88/100|[from] Stealth Rock
|move|p2a: Garchomp|Swords Dance|p2a: Garchomp
|-boost|p2a: Garchomp|atk|2
|
|-weather|RainDance|[upkeep]
|upkeep
|turn|27
|
|move|p2a: Garchomp|Dragon Claw|p1a: Tangrowth
|-damage|p1a: Tangrowth|47/100
|-damage|p2a: Garchomp|78/100|[from] item: Rocky Helmet|[of] p1a: Tangrowth
|move|p1a: Tangrowth|Hidden Power|p2a: Garchomp
|-supereffective|p2a: Garchomp
|-damage|p2a: Garchomp|4/100
|
|-weather|RainDance|[upkeep]
|upkeep
|turn|28
|
|move|p2a: Garchomp|Dragon Claw|p1a: Tangrowth
|-damage|p1a: Tangrowth|7/100
|-damage|p2a: Garchomp|0 fnt|[from] item: Rocky Helmet|[of] p1a: Tangrowth
|faint|p2a: Garchomp
|move|p1a: Tangrowth|Hidden Power|p2: Garchomp|[notarget]
|-notarget
|
|-weather|RainDance|[upkeep]
|upkeep
|
|switch|p2a: Starmie|Starmie|34/100 tox
|-damage|p2a: Starmie|22/100 tox|[from] Stealth Rock
|turn|29
|
|switch|p1a: Jirachi|Jirachi|82/100
|-damage|p1a: Jirachi|75/100|[from] Stealth Rock
|move|p2a: Starmie|Psyshock|p1a: Jirachi
|-resisted|p1a: Jirachi
|-damage|p1a: Jirachi|63/100
|-damage|p2a: Starmie|12/100 tox|[from] item: Life Orb
|
|-weather|RainDance|[upkeep]
|-heal|p1a: Jirachi|69/100|[from] item: Leftovers
|-damage|p2a: Starmie|5/100 tox|[from] psn
|upkeep
|turn|30
|
|move|p2a: Starmie|Hydro Pump|p1a: Jirachi
|-damage|p1a: Jirachi|6/100
|-damage|p2a: Starmie|0 fnt|[from] item: Life Orb
|faint|p2a: Starmie
|move|p1a: Jirachi|Stealth Rock|p2: Starmie
|-fail|p1a: Jirachi
|
|-weather|RainDance|[upkeep]
|-heal|p1a: Jirachi|12/100|[from] item: Leftovers
|upkeep
|
|switch|p2a: Dragonite|Dragonite, M|100/100
|-damage|p2a: Dragonite|76/100|[from] Stealth Rock
|turn|31
|
|move|p2a: Dragonite|Outrage|p1a: Jirachi
|-resisted|p1a: Jirachi
|-damage|p1a: Jirachi|0 fnt
|faint|p1a: Jirachi
|
|-weather|RainDance|[upkeep]
|upkeep
|
|switch|p1a: Skarmory|Skarmory, F|100/100
|-damage|p1a: Skarmory|88/100|[from] Stealth Rock
|turn|32
|
|move|p2a: Dragonite|Outrage|p1a: Skarmory|[from]lockedmove
|-resisted|p1a: Skarmory
|-damage|p1a: Skarmory|56/100
|-start|p2a: Dragonite|confusion|[fatigue]
|move|p1a: Skarmory|Roost|p1a: Skarmory
|-heal|p1a: Skarmory|100/100
|
|-weather|RainDance|[upkeep]
|upkeep
|turn|33
|
|switch|p2a: Volcarona|Volcarona, M|86/100
|-damage|p2a: Volcarona|36/100|[from] Stealth Rock
|move|p1a: Skarmory|Spikes|p2a: Volcarona
|-sidestart|p2: Wyc2333|Spikes
|
|-weather|RainDance|[upkeep]
|upkeep
|turn|34
|
|switch|p1a: Tentacruel|Tentacruel, F|92/100
|-damage|p1a: Tentacruel|80/100|[from] Stealth Rock
|move|p2a: Volcarona|Fire Blast|p1a: Tentacruel
|-resisted|p1a: Tentacruel
|-damage|p1a: Tentacruel|68/100
|
|-weather|RainDance|[upkeep]
|-heal|p1a: Tentacruel|74/100|[from] ability: Rain Dish
|-heal|p1a: Tentacruel|80/100|[from] item: Black Sludge
|upkeep
|turn|35
|
|move|p2a: Volcarona|Quiver Dance|p2a: Volcarona
|-boost|p2a: Volcarona|spa|1
|-boost|p2a: Volcarona|spd|1
|-boost|p2a: Volcarona|spe|1
|move|p1a: Tentacruel|Scald|p2a: Volcarona
|-supereffective|p2a: Volcarona
|-enditem|p2a: Volcarona|Passho Berry|[eat]
|-enditem|p2a: Volcarona|Passho Berry|[weaken]
|-damage|p2a: Volcarona|11/100
|
|-weather|RainDance|[upkeep]
|-heal|p1a: Tentacruel|86/100|[from] ability: Rain Dish
|-heal|p1a: Tentacruel|92/100|[from] item: Black Sludge
|upkeep
|turn|36
|
|move|p2a: Volcarona|Giga Drain|p1a: Tentacruel
|-damage|p1a: Tentacruel|59/100
|-heal|p2a: Volcarona|31/100|[from] drain|[of] p1a: Tentacruel
|move|p1a: Tentacruel|Scald|p2a: Volcarona
|-supereffective|p2a: Volcarona
|-damage|p2a: Volcarona|0 fnt
|faint|p2a: Volcarona
|
|-weather|RainDance|[upkeep]
|-heal|p1a: Tentacruel|65/100|[from] ability: Rain Dish
|-heal|p1a: Tentacruel|71/100|[from] item: Black Sludge
|upkeep
|
|switch|p2a: Dragonite|Dragonite, M|76/100
|-damage|p2a: Dragonite|51/100|[from] Stealth Rock
|turn|37
|
|move|p1a: Tentacruel|Protect|p1a: Tentacruel
|-singleturn|p1a: Tentacruel|Protect
|move|p2a: Dragonite|Outrage|p1a: Tentacruel
|-activate|p1a: Tentacruel|move: Protect
|
|-weather|RainDance|[upkeep]
|-heal|p1a: Tentacruel|78/100|[from] ability: Rain Dish
|-heal|p1a: Tentacruel|84/100|[from] item: Black Sludge
|upkeep
|turn|38
|
|switch|p1a: Skarmory|Skarmory, F|100/100
|-damage|p1a: Skarmory|88/100|[from] Stealth Rock
|move|p2a: Dragonite|Outrage|p1a: Skarmory
|-resisted|p1a: Skarmory
|-damage|p1a: Skarmory|55/100
|
|-weather|RainDance|[upkeep]
|-heal|p1a: Skarmory|61/100|[from] item: Leftovers
|upkeep
|turn|39
|-message|Wyc2333 forfeited.
|
|win|porrompompom
|l|☆Wyc2333
|raw|porrompompom's rating: 1471 &rarr; <strong>1483</strong><br />(+12 for winning)
|raw|Wyc2333's rating: 1328 &rarr; <strong>1316</strong><br />(-12 for losing)
|l|☆porrompompom
