|j|☆linsar
|j|☆Fabianosizour
|player|p1|linsar|170|1428
|player|p2|Fabianosizour|red|1375
|teamsize|p1|6
|teamsize|p2|6
|gametype|singles
|gen|5
|tier|[Gen 5] OU
|rated|
|clearpoke
|poke|p1|Jirachi|item
|poke|p1|Magnezone|item
|poke|p1|Dragonite, M|item
|poke|p1|Latios, M|item
|poke|p1|Kyurem-Black|item
|poke|p1|Garchomp, F|item
|poke|p2|Kyurem-Black|item
|poke|p2|Landorus-Therian, M|item
|poke|p2|Starmie|item
|poke|p2|Scizor, M|item
|poke|p2|Ferrothorn, M|item
|poke|p2|Latios, M|item
|rule|Species Clause: Limit one of each Pokémon
|rule|OHKO Clause: OHKO moves are banned
|rule|Moody Clause: Moody is banned
|rule|Evasion Moves Clause: Evasion moves are banned
|rule|Endless Battle Clause: Forcing endless battles is banned
|rule|HP Percentage Mod: HP is shown in percentages
|rule|Evasion Abilities Clause: Evasion abilities are banned
|rule|Baton Pass Clause: Limit one Baton Passer, can't pass Spe and other stats simultaneously
|rule|Sleep Clause: Sleep-inducing moves are banned
|rule|Swagger Clause: Swagger is banned
|teampreview
|
|start
|switch|p1a: Jirachi|Jirachi|100/100
|switch|p2a: Flat Earth|Landorus-Therian, M|100/100
|-ability|p2a: Flat Earth|Intimidate|boost
|-unboost|p1a: Jirachi|atk|1
|turn|1
|
|move|p2a: Flat Earth|Stealth Rock|p1a: Jirachi
|-sidestart|p1: linsar|move: Stealth Rock
|move|p1a: Jirachi|Icy Wind|p2a: Flat Earth
|-supereffective|p2a: Flat Earth
|-damage|p2a: Flat Earth|49/100
|-unboost|p2a: Flat Earth|spe|1
|
|upkeep
|turn|2
|
|switch|p2a: Tree of Silicon|Scizor, M|100/100
|move|p1a: Jirachi|Stealth Rock|p2a: Tree of Silicon
|-sidestart|p2: Fabianosizour|move: Stealth Rock
|
|upkeep
|turn|3
|
|move|p2a: Tree of Silicon|U-turn|p1a: Jirachi
|-crit|p1a: Jirachi
|-damage|p1a: Jirachi|53/100
|
|switch|p2a: Flat Earth|Landorus-Therian, M|49/100|[from]move: U-turn
|-damage|p2a: Flat Earth|37/100|[from] Stealth Rock
|-ability|p2a: Flat Earth|Intimidate|boost
|-unboost|p1a: Jirachi|atk|1
|move|p1a: Jirachi|Thunder|p2a: Flat Earth
|-immune|p2a: Flat Earth
|
|upkeep
|turn|4
|
|move|p2a: Flat Earth|U-turn|p1a: Jirachi
|-damage|p1a: Jirachi|36/100
|
|switch|p2a: Tree of Silicon|Scizor, M|100/100|[from]move: U-turn
|-damage|p2a: Tree of Silicon|88/100|[from] Stealth Rock
|move|p1a: Jirachi|Icy Wind|p2a: Tree of Silicon
|-resisted|p2a: Tree of Silicon
|-damage|p2a: Tree of Silicon|80/100
|-unboost|p2a: Tree of Silicon|spe|1
|
|-heal|p2a: Tree of Silicon|86/100|[from] item: Leftovers
|upkeep
|turn|5
|
|move|p1a: Jirachi|Thunder|p2a: Tree of Silicon
|-damage|p2a: Tree of Silicon|53/100
|-status|p2a: Tree of Silicon|par
|move|p2a: Tree of Silicon|U-turn|p1a: Jirachi
|-damage|p1a: Jirachi|11/100
|
|switch|p2a: Flat Earth|Landorus-Therian, M|37/100|[from]move: U-turn
|-damage|p2a: Flat Earth|24/100|[from] Stealth Rock
|-ability|p2a: Flat Earth|Intimidate|boost
|-unboost|p1a: Jirachi|atk|1
|
|upkeep
|turn|6
|
|move|p2a: Flat Earth|Earthquake|p1a: Jirachi
|-supereffective|p1a: Jirachi
|-enditem|p1a: Jirachi|Shuca Berry|[eat]
|-enditem|p1a: Jirachi|Shuca Berry|[weaken]
|-damage|p1a: Jirachi|0 fnt
|faint|p1a: Jirachi
|
|upkeep
|inactive|Battle timer is ON: inactive players will automatically lose when time's up. (requested by Fabianosizour)
|
|switch|p1a: Dragonite|Dragonite, M|100/100
|-damage|p1a: Dragonite|76/100|[from] Stealth Rock
|turn|7
|
|move|p1a: Dragonite|Dragon Dance|p1a: Dragonite
|-boost|p1a: Dragonite|atk|1
|-boost|p1a: Dragonite|spe|1
|move|p2a: Flat Earth|Hidden Power|p1a: Dragonite
|-supereffective|p1a: Dragonite
|-damage|p1a: Dragonite|9/100
|
|upkeep
|turn|8
|
|switch|p2a: Tree of Silicon|Scizor, M|53/100 par
|-damage|p2a: Tree of Silicon|40/100 par|[from] Stealth Rock
|move|p1a: Dragonite|Outrage|p2a: Tree of Silicon
|-resisted|p2a: Tree of Silicon
|-damage|p2a: Tree of Silicon|0 fnt
|faint|p2a: Tree of Silicon
|
|upkeep
|
|switch|p2a: Firmament|Latios, M|100/100
|-damage|p2a: Firmament|88/100|[from] Stealth Rock
|turn|9
|
|move|p2a: Firmament|Psyshock|p1a: Dragonite
|-damage|p1a: Dragonite|0 fnt
|faint|p1a: Dragonite
|
|upkeep
|
|switch|p1a: Kyurem|Kyurem-Black|100/100
|-damage|p1a: Kyurem|76/100|[from] Stealth Rock
|-ability|p1a: Kyurem|Teravolt
|turn|10
|
|switch|p2a: Tree of Life|Ferrothorn, M|100/100
|-damage|p2a: Tree of Life|95/100|[from] Stealth Rock
|move|p1a: Kyurem|Outrage|p2a: Tree of Life
|-resisted|p2a: Tree of Life
|-damage|p2a: Tree of Life|53/100
|-damage|p1a: Kyurem|63/100|[from] ability: Iron Barbs|[of] p2a: Tree of Life
|
|-heal|p2a: Tree of Life|59/100|[from] item: Leftovers
|upkeep
|turn|11
|
|move|p1a: Kyurem|Outrage|p2a: Tree of Life|[from]lockedmove
|-resisted|p2a: Tree of Life
|-damage|p2a: Tree of Life|13/100
|-damage|p1a: Kyurem|51/100|[from] ability: Iron Barbs|[of] p2a: Tree of Life
|move|p2a: Tree of Life|Spikes|p1a: Kyurem
|-sidestart|p1: linsar|Spikes
|
|-heal|p2a: Tree of Life|19/100|[from] item: Leftovers
|upkeep
|turn|12
|
|move|p2a: Tree of Life|Protect|p2a: Tree of Life
|-singleturn|p2a: Tree of Life|Protect
|move|p1a: Kyurem|Outrage|p2a: Tree of Life|[from]lockedmove
|-activate|p2a: Tree of Life|move: Protect
|-start|p1a: Kyurem|confusion|[fatigue]
|
|-heal|p2a: Tree of Life|25/100|[from] item: Leftovers
|upkeep
|turn|13
|
|-activate|p1a: Kyurem|confusion
|-damage|p1a: Kyurem|30/100|[from] confusion
|move|p2a: Tree of Life|Spikes|p1a: Kyurem
|-sidestart|p1: linsar|Spikes
|
|-heal|p2a: Tree of Life|31/100|[from] item: Leftovers
|upkeep
|turn|14
|
|move|p2a: Tree of Life|Protect|p2a: Tree of Life
|-singleturn|p2a: Tree of Life|Protect
|-activate|p1a: Kyurem|confusion
|move|p1a: Kyurem|Outrage|p2a: Tree of Life
|-activate|p2a: Tree of Life|move: Protect
|
|-heal|p2a: Tree of Life|37/100|[from] item: Leftovers
|upkeep
|turn|15
|
|-end|p1a: Kyurem|confusion
|move|p1a: Kyurem|Outrage|p2a: Tree of Life
|-resisted|p2a: Tree of Life
|-damage|p2a: Tree of Life|0 fnt
|-damage|p1a: Kyurem|18/100|[from] ability: Iron Barbs|[of] p2a: Tree of Life
|faint|p2a: Tree of Life
|
|upkeep
|
|switch|p2a: Firmament|Latios, M|88/100
|-damage|p2a: Firmament|76/100|[from] Stealth Rock
|turn|16
|
|move|p2a: Firmament|Psyshock|p1a: Kyurem
|-damage|p1a: Kyurem|0 fnt
|faint|p1a: Kyurem
|
|upkeep
|
|switch|p1a: Magnezone|Magnezone|100/100
|-damage|p1a: Magnezone|94/100|[from] Stealth Rock
|-item|p1a: Magnezone|Air Balloon
|turn|17
|
|switch|p2a: Water of Flood|Starmie|100/100
|-damage|p2a: Water of Flood|88/100|[from] Stealth Rock
|move|p1a: Magnezone|Hidden Power|p2a: Water of Flood
|-resisted|p2a: Water of Flood
|-damage|p2a: Water of Flood|74/100
|
|-heal|p2a: Water of Flood|80/100|[from] item: Leftovers
|upkeep
|turn|18
|
|move|p2a: Water of Flood|Scald|p1a: Magnezone
|-damage|p1a: Magnezone|57/100
|-status|p1a: Magnezone|brn
|-enditem|p1a: Magnezone|Air Balloon
|move|p1a: Magnezone|Thunderbolt|p2a: Water of Flood
|-supereffective|p2a: Water of Flood
|-damage|p2a: Water of Flood|0 fnt
|faint|p2a: Water of Flood
|
|-damage|p1a: Magnezone|44/100 brn|[from] brn
|upkeep
|
|switch|p2a: Antarctic Circle|Kyurem-Black|100/100
|-damage|p2a: Antarctic Circle|76/100|[from] Stealth Rock
|-ability|p2a: Antarctic Circle|Teravolt
|turn|19
|inactive|Fabianosizour has 120 seconds left.
|j| Rheumatoid
|inactive|Fabianosizour has 90 seconds left.
|inactive|Fabianosizour has 60 seconds left.
|
|move|p2a: Antarctic Circle|Earth Power|p1a: Magnezone
|-supereffective|p1a: Magnezone
|-damage|p1a: Magnezone|0 fnt
|-damage|p2a: Antarctic Circle|66/100|[from] item: Life Orb
|faint|p1a: Magnezone
|
|upkeep
|inactive|linsar has 120 seconds left.
|inactive|linsar has 90 seconds left.
|inactive|linsar has 60 seconds left.
|inactive|linsar has 30 seconds left.
|inactive|linsar has 20 seconds left.
|inactive|linsar has 15 seconds left.
|inactive|linsar has 10 seconds left.
|inactive|linsar has 5 seconds left.
|-message|linsar lost due to inactivity.
|
|win|Fabianosizour
|raw|linsar's rating: 1428 &rarr; <strong>1405</strong><br />(-23 for losing)
|raw|Fabianosizour's rating: 1375 &rarr; <strong>1398</strong><br />(+23 for winning)
|c|☆Fabianosizour|gg, bro
