|j|☆fids77
|j|☆radaty
|t:|1705926387
|gametype|singles
|player|p1|fids77|clair-gen2|1390
|player|p2|radaty|265|1524
|teamsize|p1|6
|teamsize|p2|6
|gen|5
|tier|[Gen 5] OU
|rated|
|rule|Species Clause: Limit one of each Pokémon
|rule|OHKO Clause: OHKO moves are banned
|rule|Moody Clause: Moody is banned
|rule|Evasion Items Clause: Evasion items are banned
|rule|Evasion Moves Clause: Evasion moves are banned
|rule|Endless Battle Clause: Forcing endless battles is banned
|rule|HP Percentage Mod: HP is shown in percentages
|rule|Evasion Abilities Clause: Evasion abilities are banned
|rule|Sleep Moves Clause: Sleep-inducing moves are banned
|rule|Swagger Clause: Swagger is banned
|rule|Baton Pass Stat Clause: No Baton Passer may have a way to boost its stats
|clearpoke
|poke|p1|Tyranitar, F|item
|poke|p1|Gliscor, F|item
|poke|p1|Reuniclus, M|item
|poke|p1|Skarmory, M|item
|poke|p1|Gastrodon, M|item
|poke|p1|Alakazam, M|item
|poke|p2|Chansey, F|item
|poke|p2|Xatu, F|item
|poke|p2|Sableye, F|item
|poke|p2|Quagsire, M|item
|poke|p2|Tentacruel, M|item
|poke|p2|Jirachi|item
|teampreview
|inactive|Battle timer is ON: inactive players will automatically lose when time's up. (requested by radaty)
|inactive|fids77 has 120 seconds left.
|
|t:|1705926422
|start
|switch|p1a: Gliscor|Gliscor, F|100/100
|switch|p2a: Sableye|Sableye, F|100/100
|turn|1
|
|t:|1705926427
|move|p1a: Gliscor|Protect|p1a: Gliscor
|-singleturn|p1a: Gliscor|Protect
|move|p2a: Sableye|Will-O-Wisp|p1a: Gliscor
|-activate|p1a: Gliscor|move: Protect
|
|-status|p1a: Gliscor|tox|[from] item: Toxic Orb
|upkeep
|turn|2
|
|t:|1705926431
|move|p2a: Sableye|Taunt|p1a: Gliscor
|-start|p1a: Gliscor|move: Taunt
|cant|p1a: Gliscor|move: Taunt|Stealth Rock
|
|upkeep
|turn|3
|
|t:|1705926434
|move|p1a: Gliscor|Knock Off|p2a: Sableye
|-damage|p2a: Sableye|96/100
|-enditem|p2a: Sableye|Leftovers|[from] move: Knock Off|[of] p1a: Gliscor
|move|p2a: Sableye|Foul Play|p1a: Gliscor
|-damage|p1a: Gliscor|81/100 tox
|
|-heal|p1a: Gliscor|93/100 tox|[from] ability: Poison Heal
|upkeep
|turn|4
|
|t:|1705926453
|move|p1a: Gliscor|Knock Off|p2a: Sableye
|-damage|p2a: Sableye|92/100
|move|p2a: Sableye|Foul Play|p1a: Gliscor
|-damage|p1a: Gliscor|71/100 tox
|
|-heal|p1a: Gliscor|83/100 tox|[from] ability: Poison Heal
|-end|p1a: Gliscor|move: Taunt
|upkeep
|turn|5
|
|t:|1705926461
|move|p2a: Sableye|Taunt|p1a: Gliscor
|-start|p1a: Gliscor|move: Taunt
|move|p1a: Gliscor|Earthquake|p2a: Sableye
|-crit|p2a: Sableye
|-damage|p2a: Sableye|29/100
|
|-heal|p1a: Gliscor|96/100 tox|[from] ability: Poison Heal
|upkeep
|turn|6
|
|t:|1705926470
|switch|p1a: Tyranitar|Tyranitar, F|100/100
|-weather|Sandstorm|[from] ability: Sand Stream|[of] p1a: Tyranitar
|move|p2a: Sableye|Recover|p2a: Sableye
|-heal|p2a: Sableye|79/100
|
|-weather|Sandstorm|[upkeep]
|-damage|p2a: Sableye|73/100|[from] Sandstorm
|upkeep
|turn|7
|
|t:|1705926477
|switch|p1a: Gliscor|Gliscor, F|96/100 tox
|move|p2a: Sableye|Will-O-Wisp||[still]
|-fail|p2a: Sableye
|
|-weather|Sandstorm|[upkeep]
|-damage|p2a: Sableye|67/100|[from] Sandstorm
|-heal|p1a: Gliscor|100/100 tox|[from] ability: Poison Heal
|upkeep
|turn|8
|inactive|radaty has 120 seconds left.
|inactive|fids77 has 120 seconds left.
|
|t:|1705926531
|move|p2a: Sableye|Taunt|p1a: Gliscor
|-start|p1a: Gliscor|move: Taunt
|move|p1a: Gliscor|Earthquake|p2a: Sableye
|-damage|p2a: Sableye|34/100
|
|-weather|Sandstorm|[upkeep]
|-damage|p2a: Sableye|28/100|[from] Sandstorm
|upkeep
|turn|9
|inactive|fids77 has 120 seconds left.
|
|t:|1705926552
|switch|p1a: Gastrodon|Gastrodon, M|100/100
|move|p2a: Sableye|Recover|p2a: Sableye
|-heal|p2a: Sableye|78/100
|
|-weather|Sandstorm|[upkeep]
|-damage|p2a: Sableye|72/100|[from] Sandstorm
|upkeep
|turn|10
|
|t:|1705926560
|switch|p2a: Tentacruel|Tentacruel, M|100/100
|move|p1a: Gastrodon|Toxic|p2a: Tentacruel
|-immune|p2a: Tentacruel
|
|-weather|Sandstorm|[upkeep]
|-damage|p2a: Tentacruel|94/100|[from] Sandstorm
|-heal|p2a: Tentacruel|100/100|[from] item: Black Sludge
|upkeep
|turn|11
|
|t:|1705926568
|switch|p1a: Alakazam|Alakazam, M|100/100
|move|p2a: Tentacruel|Toxic Spikes|p1a: Alakazam
|-sidestart|p1: fids77|move: Toxic Spikes
|
|-weather|Sandstorm|[upkeep]
|-damage|p2a: Tentacruel|94/100|[from] Sandstorm
|-heal|p2a: Tentacruel|100/100|[from] item: Black Sludge
|upkeep
|turn|12
|inactive|fids77 has 120 seconds left.
|
|t:|1705926590
|switch|p1a: Gastrodon|Gastrodon, M|100/100
|-status|p1a: Gastrodon|psn
|move|p2a: Tentacruel|Toxic Spikes|p1a: Gastrodon
|-sidestart|p1: fids77|move: Toxic Spikes
|
|-weather|Sandstorm|[upkeep]
|-damage|p2a: Tentacruel|94/100|[from] Sandstorm
|-heal|p2a: Tentacruel|100/100|[from] item: Black Sludge
|-damage|p1a: Gastrodon|88/100 psn|[from] psn
|upkeep
|turn|13
|inactive|fids77 has 120 seconds left.
|
|t:|1705926597
|move|p2a: Tentacruel|Protect|p2a: Tentacruel
|-singleturn|p2a: Tentacruel|Protect
|move|p1a: Gastrodon|Scald|p2a: Tentacruel
|-activate|p2a: Tentacruel|move: Protect
|
|-weather|Sandstorm|[upkeep]
|-damage|p2a: Tentacruel|94/100|[from] Sandstorm
|-heal|p2a: Tentacruel|100/100|[from] item: Black Sludge
|-heal|p1a: Gastrodon|94/100 psn|[from] item: Leftovers
|-damage|p1a: Gastrodon|82/100 psn|[from] psn
|upkeep
|turn|14
|inactive|fids77 has 120 seconds left.
|
|t:|1705926620
|switch|p2a: Chansey|Chansey, F|100/100
|switch|p1a: Reuniclus|Reuniclus, M, shiny|100/100
|-status|p1a: Reuniclus|tox
|
|-weather|Sandstorm|[upkeep]
|-damage|p2a: Chansey|94/100|[from] Sandstorm
|upkeep
|turn|15
|
|t:|1705926624
|move|p2a: Chansey|Stealth Rock|p1a: Reuniclus
|-sidestart|p1: fids77|move: Stealth Rock
|move|p1a: Reuniclus|Calm Mind|p1a: Reuniclus
|-boost|p1a: Reuniclus|spa|1
|-boost|p1a: Reuniclus|spd|1
|
|-weather|Sandstorm|[upkeep]
|-damage|p2a: Chansey|88/100|[from] Sandstorm
|upkeep
|turn|16
|
|t:|1705926626
|switch|p2a: Sableye|Sableye, F|72/100
|move|p1a: Reuniclus|Calm Mind|p1a: Reuniclus
|-boost|p1a: Reuniclus|spa|1
|-boost|p1a: Reuniclus|spd|1
|
|-weather|Sandstorm|[upkeep]
|-damage|p2a: Sableye|66/100|[from] Sandstorm
|upkeep
|turn|17
|
|t:|1705926629
|move|p2a: Sableye|Foul Play|p1a: Reuniclus
|-supereffective|p1a: Reuniclus
|-damage|p1a: Reuniclus|76/100 tox
|move|p1a: Reuniclus|Thunder|p2a: Sableye
|-damage|p2a: Sableye|0 fnt
|faint|p2a: Sableye
|
|-weather|Sandstorm|[upkeep]
|-heal|p1a: Reuniclus|82/100 tox|[from] item: Leftovers
|upkeep
|
|t:|1705926631
|switch|p2a: Quagsire|Quagsire, M|100/100
|turn|18
|
|t:|1705926638
|move|p2a: Quagsire|Encore|p1a: Reuniclus
|-start|p1a: Reuniclus|Encore
|move|p1a: Reuniclus|Thunder|p2a: Quagsire
|-immune|p2a: Quagsire
|
|-weather|Sandstorm|[upkeep]
|-heal|p1a: Reuniclus|88/100 tox|[from] item: Leftovers
|upkeep
|turn|19
|
|t:|1705926641
|move|p2a: Quagsire|Scald|p1a: Reuniclus
|-damage|p1a: Reuniclus|73/100 tox
|move|p1a: Reuniclus|Thunder|p2a: Quagsire
|-immune|p2a: Quagsire
|
|-weather|Sandstorm|[upkeep]
|-heal|p1a: Reuniclus|79/100 tox|[from] item: Leftovers
|upkeep
|turn|20
|
|t:|1705926644
|move|p2a: Quagsire|Earthquake|p1a: Reuniclus
|-damage|p1a: Reuniclus|57/100 tox
|move|p1a: Reuniclus|Thunder|p2a: Quagsire
|-immune|p2a: Quagsire
|
|-weather|Sandstorm|[upkeep]
|-heal|p1a: Reuniclus|63/100 tox|[from] item: Leftovers
|-end|p1a: Reuniclus|Encore
|upkeep
|turn|21
|
|t:|1705926651
|switch|p1a: Gastrodon|Gastrodon, M|82/100 psn
|-damage|p1a: Gastrodon|76/100 psn|[from] Stealth Rock
|move|p2a: Quagsire|Encore||[still]
|-fail|p2a: Quagsire
|
|-weather|Sandstorm|[upkeep]
|-heal|p1a: Gastrodon|82/100 psn|[from] item: Leftovers
|-damage|p1a: Gastrodon|69/100 psn|[from] psn
|upkeep
|turn|22
|
|t:|1705926655
|switch|p2a: Chansey|Chansey, F|88/100
|switch|p1a: Reuniclus|Reuniclus, M, shiny|63/100 tox
|
|-weather|Sandstorm|[upkeep]
|-damage|p2a: Chansey|82/100|[from] Sandstorm
|-heal|p1a: Reuniclus|69/100 tox|[from] item: Leftovers
|upkeep
|turn|23
|
|t:|1705926658
|move|p2a: Chansey|Seismic Toss|p1a: Reuniclus
|-damage|p1a: Reuniclus|45/100 tox
|move|p1a: Reuniclus|Recover|p1a: Reuniclus
|-heal|p1a: Reuniclus|95/100 tox
|
|-weather|Sandstorm|[upkeep]
|-damage|p2a: Chansey|76/100|[from] Sandstorm
|-heal|p1a: Reuniclus|100/100 tox|[from] item: Leftovers
|upkeep
|turn|24
|
|t:|1705926661
|move|p2a: Chansey|Seismic Toss|p1a: Reuniclus
|-damage|p1a: Reuniclus|77/100 tox
|move|p1a: Reuniclus|Calm Mind|p1a: Reuniclus
|-boost|p1a: Reuniclus|spa|1
|-boost|p1a: Reuniclus|spd|1
|
|-weather|Sandstorm|[upkeep]
|-damage|p2a: Chansey|69/100|[from] Sandstorm
|-heal|p1a: Reuniclus|83/100 tox|[from] item: Leftovers
|upkeep
|turn|25
|
|t:|1705926666
|switch|p2a: Jirachi|Jirachi|100/100
|move|p1a: Reuniclus|Psyshock|p2a: Jirachi
|-resisted|p2a: Jirachi
|-damage|p2a: Jirachi|92/100
|
|-weather|Sandstorm|[upkeep]
|-heal|p2a: Jirachi|98/100|[from] item: Leftovers
|-heal|p1a: Reuniclus|89/100 tox|[from] item: Leftovers
|upkeep
|turn|26
|
|t:|1705926669
|move|p2a: Jirachi|Iron Head|p1a: Reuniclus
|-damage|p1a: Reuniclus|71/100 tox
|move|p1a: Reuniclus|Calm Mind|p1a: Reuniclus
|-boost|p1a: Reuniclus|spa|1
|-boost|p1a: Reuniclus|spd|1
|
|-weather|Sandstorm|[upkeep]
|-heal|p2a: Jirachi|100/100|[from] item: Leftovers
|-heal|p1a: Reuniclus|77/100 tox|[from] item: Leftovers
|upkeep
|turn|27
|
|t:|1705926675
|move|p2a: Jirachi|Iron Head|p1a: Reuniclus
|-damage|p1a: Reuniclus|58/100 tox
|cant|p1a: Reuniclus|flinch
|
|-weather|Sandstorm|[upkeep]
|-heal|p1a: Reuniclus|64/100 tox|[from] item: Leftovers
|upkeep
|turn|28
|
|t:|1705926677
|move|p2a: Jirachi|Iron Head|p1a: Reuniclus
|-damage|p1a: Reuniclus|46/100 tox
|cant|p1a: Reuniclus|flinch
|
|-weather|Sandstorm|[upkeep]
|-heal|p1a: Reuniclus|52/100 tox|[from] item: Leftovers
|upkeep
|turn|29
|
|t:|1705926680
|move|p2a: Jirachi|Iron Head|p1a: Reuniclus
|-damage|p1a: Reuniclus|34/100 tox
|move|p1a: Reuniclus|Recover|p1a: Reuniclus
|-heal|p1a: Reuniclus|84/100 tox
|
|-weather|Sandstorm|[upkeep]
|-heal|p1a: Reuniclus|90/100 tox|[from] item: Leftovers
|upkeep
|turn|30
|
|t:|1705926682
|move|p2a: Jirachi|Iron Head|p1a: Reuniclus
|-damage|p1a: Reuniclus|72/100 tox
|cant|p1a: Reuniclus|flinch
|
|-weather|Sandstorm|[upkeep]
|-heal|p1a: Reuniclus|78/100 tox|[from] item: Leftovers
|upkeep
|turn|31
|
|t:|1705926685
|move|p2a: Jirachi|Iron Head|p1a: Reuniclus
|-damage|p1a: Reuniclus|58/100 tox
|move|p1a: Reuniclus|Calm Mind|p1a: Reuniclus
|-boost|p1a: Reuniclus|spa|1
|-boost|p1a: Reuniclus|spd|1
|
|-weather|Sandstorm|[upkeep]
|-heal|p1a: Reuniclus|64/100 tox|[from] item: Leftovers
|upkeep
|turn|32
|
|t:|1705926688
|move|p2a: Jirachi|Iron Head|p1a: Reuniclus
|-damage|p1a: Reuniclus|43/100 tox
|move|p1a: Reuniclus|Calm Mind|p1a: Reuniclus
|-boost|p1a: Reuniclus|spa|1
|-boost|p1a: Reuniclus|spd|1
|
|-weather|Sandstorm|[upkeep]
|-heal|p1a: Reuniclus|50/100 tox|[from] item: Leftovers
|upkeep
|turn|33
|
|t:|1705926690
|move|p2a: Jirachi|Iron Head|p1a: Reuniclus
|-damage|p1a: Reuniclus|30/100 tox
|cant|p1a: Reuniclus|flinch
|
|-weather|Sandstorm|[upkeep]
|-heal|p1a: Reuniclus|36/100 tox|[from] item: Leftovers
|upkeep
|turn|34
|
|t:|1705926692
|move|p2a: Jirachi|Iron Head|p1a: Reuniclus
|-damage|p1a: Reuniclus|18/100 tox
|move|p1a: Reuniclus|Recover|p1a: Reuniclus
|-heal|p1a: Reuniclus|68/100 tox
|
|-weather|Sandstorm|[upkeep]
|-heal|p1a: Reuniclus|74/100 tox|[from] item: Leftovers
|upkeep
|turn|35
|
|t:|1705926695
|move|p2a: Jirachi|Iron Head|p1a: Reuniclus
|-damage|p1a: Reuniclus|53/100 tox
|cant|p1a: Reuniclus|flinch
|
|-weather|Sandstorm|[upkeep]
|-heal|p1a: Reuniclus|59/100 tox|[from] item: Leftovers
|upkeep
|turn|36
|
|t:|1705926696
|move|p2a: Jirachi|Iron Head|p1a: Reuniclus
|-damage|p1a: Reuniclus|39/100 tox
|move|p1a: Reuniclus|Recover|p1a: Reuniclus
|-heal|p1a: Reuniclus|89/100 tox
|
|-weather|Sandstorm|[upkeep]
|-heal|p1a: Reuniclus|96/100 tox|[from] item: Leftovers
|upkeep
|turn|37
|
|t:|1705926701
|move|p2a: Jirachi|Iron Head|p1a: Reuniclus
|-damage|p1a: Reuniclus|77/100 tox
|cant|p1a: Reuniclus|flinch
|
|-weather|Sandstorm|[upkeep]
|-heal|p1a: Reuniclus|83/100 tox|[from] item: Leftovers
|upkeep
|turn|38
|
|t:|1705926703
|move|p2a: Jirachi|Iron Head|p1a: Reuniclus
|-damage|p1a: Reuniclus|63/100 tox
|cant|p1a: Reuniclus|flinch
|
|-weather|Sandstorm|[upkeep]
|-heal|p1a: Reuniclus|69/100 tox|[from] item: Leftovers
|upkeep
|turn|39
|
|t:|1705926708
|move|p2a: Jirachi|Iron Head|p1a: Reuniclus
|-damage|p1a: Reuniclus|49/100 tox
|cant|p1a: Reuniclus|flinch
|
|-weather|Sandstorm|[upkeep]
|-heal|p1a: Reuniclus|55/100 tox|[from] item: Leftovers
|upkeep
|turn|40
|
|t:|1705926711
|move|p2a: Jirachi|Iron Head|p1a: Reuniclus
|-damage|p1a: Reuniclus|35/100 tox
|move|p1a: Reuniclus|Recover|p1a: Reuniclus
|-heal|p1a: Reuniclus|85/100 tox
|
|-weather|Sandstorm|[upkeep]
|-heal|p1a: Reuniclus|91/100 tox|[from] item: Leftovers
|upkeep
|turn|41
|
|t:|1705926714
|move|p2a: Jirachi|Iron Head|p1a: Reuniclus
|-damage|p1a: Reuniclus|73/100 tox
|cant|p1a: Reuniclus|flinch
|
|-weather|Sandstorm|[upkeep]
|-heal|p1a: Reuniclus|79/100 tox|[from] item: Leftovers
|upkeep
|turn|42
|
|t:|1705926716
|move|p2a: Jirachi|Iron Head|p1a: Reuniclus
|-damage|p1a: Reuniclus|60/100 tox
|cant|p1a: Reuniclus|flinch
|
|-weather|Sandstorm|[upkeep]
|-heal|p1a: Reuniclus|67/100 tox|[from] item: Leftovers
|upkeep
|turn|43
|
|t:|1705926726
|move|p2a: Jirachi|Iron Head|p1a: Reuniclus
|-damage|p1a: Reuniclus|47/100 tox
|move|p1a: Reuniclus|Recover|p1a: Reuniclus
|-heal|p1a: Reuniclus|97/100 tox
|
|-weather|Sandstorm|[upkeep]
|-heal|p1a: Reuniclus|100/100 tox|[from] item: Leftovers
|upkeep
|turn|44
|
|t:|1705926730
|move|p2a: Jirachi|Iron Head|p1a: Reuniclus
|-damage|p1a: Reuniclus|79/100 tox
|cant|p1a: Reuniclus|flinch
|
|-weather|Sandstorm|[upkeep]
|-heal|p1a: Reuniclus|85/100 tox|[from] item: Leftovers
|upkeep
|turn|45
|
|t:|1705926734
|move|p2a: Jirachi|Iron Head|p1a: Reuniclus
|-damage|p1a: Reuniclus|65/100 tox
|cant|p1a: Reuniclus|flinch
|
|-weather|Sandstorm|[upkeep]
|-heal|p1a: Reuniclus|71/100 tox|[from] item: Leftovers
|upkeep
|turn|46
|
|t:|1705926736
|move|p2a: Jirachi|Iron Head|p1a: Reuniclus
|-damage|p1a: Reuniclus|54/100 tox
|cant|p1a: Reuniclus|flinch
|
|-weather|Sandstorm|[upkeep]
|-heal|p1a: Reuniclus|60/100 tox|[from] item: Leftovers
|upkeep
|turn|47
|
|t:|1705926739
|switch|p2a: Quagsire|Quagsire, M|100/100
|move|p1a: Reuniclus|Recover|p1a: Reuniclus
|-heal|p1a: Reuniclus|100/100 tox
|
|-weather|Sandstorm|[upkeep]
|upkeep
|turn|48
|
|t:|1705926748
|switch|p1a: Gliscor|Gliscor, F|100/100 tox
|-damage|p1a: Gliscor|88/100 tox|[from] Stealth Rock
|move|p2a: Quagsire|Earthquake|p1a: Gliscor
|-immune|p1a: Gliscor
|
|-weather|Sandstorm|[upkeep]
|-heal|p1a: Gliscor|100/100 tox|[from] ability: Poison Heal
|upkeep
|turn|49
|
|t:|1705926752
|switch|p2a: Xatu|Xatu, F|100/100
|move|p1a: Gliscor|Knock Off|p2a: Xatu
|-supereffective|p2a: Xatu
|-crit|p2a: Xatu
|-damage|p2a: Xatu|83/100
|-enditem|p2a: Xatu|Leftovers|[from] move: Knock Off|[of] p1a: Gliscor
|
|-weather|Sandstorm|[upkeep]
|-damage|p2a: Xatu|77/100|[from] Sandstorm
|upkeep
|turn|50
|
|t:|1705926763
|switch|p1a: Reuniclus|Reuniclus, M, shiny|100/100 tox
|move|p2a: Xatu|U-turn|p1a: Reuniclus
|-supereffective|p1a: Reuniclus
|-damage|p1a: Reuniclus|81/100 tox
|
|t:|1705926765
|switch|p2a: Quagsire|Quagsire, M|100/100|[from] U-turn
|
|-weather|Sandstorm|[upkeep]
|-heal|p1a: Reuniclus|87/100 tox|[from] item: Leftovers
|upkeep
|turn|51
|
|t:|1705926771
|move|p2a: Quagsire|Earthquake|p1a: Reuniclus
|-crit|p1a: Reuniclus
|-damage|p1a: Reuniclus|43/100 tox
|move|p1a: Reuniclus|Psyshock|p2a: Quagsire
|-damage|p2a: Quagsire|79/100
|
|-weather|Sandstorm|[upkeep]
|-heal|p2a: Quagsire|85/100|[from] item: Leftovers
|-heal|p1a: Reuniclus|50/100 tox|[from] item: Leftovers
|upkeep
|turn|52
|
|t:|1705926777
|move|p2a: Quagsire|Encore|p1a: Reuniclus
|-start|p1a: Reuniclus|Encore
|move|p1a: Reuniclus|Psyshock|p2a: Quagsire
|-damage|p2a: Quagsire|63/100
|
|-weather|Sandstorm|[upkeep]
|-heal|p2a: Quagsire|69/100|[from] item: Leftovers
|-heal|p1a: Reuniclus|56/100 tox|[from] item: Leftovers
|upkeep
|turn|53
|
|t:|1705926783
|switch|p1a: Gliscor|Gliscor, F|100/100 tox
|-damage|p1a: Gliscor|88/100 tox|[from] Stealth Rock
|move|p2a: Quagsire|Scald|p1a: Gliscor
|-supereffective|p1a: Gliscor
|-crit|p1a: Gliscor
|-damage|p1a: Gliscor|10/100 tox
|
|-weather|Sandstorm|[upkeep]
|-heal|p2a: Quagsire|75/100|[from] item: Leftovers
|-heal|p1a: Gliscor|22/100 tox|[from] ability: Poison Heal
|upkeep
|turn|54
|
|t:|1705926786
|move|p1a: Gliscor|Protect|p1a: Gliscor
|-singleturn|p1a: Gliscor|Protect
|move|p2a: Quagsire|Scald|p1a: Gliscor
|-activate|p1a: Gliscor|move: Protect
|
|-weather|Sandstorm|[upkeep]
|-heal|p2a: Quagsire|81/100|[from] item: Leftovers
|-heal|p1a: Gliscor|35/100 tox|[from] ability: Poison Heal
|upkeep
|turn|55
|
|t:|1705926789
|switch|p1a: Gastrodon|Gastrodon, M|69/100 psn
|-damage|p1a: Gastrodon|63/100 psn|[from] Stealth Rock
|move|p2a: Quagsire|Scald|p1a: Gastrodon
|-ability|p1a: Gastrodon|Storm Drain|boost
|-boost|p1a: Gastrodon|spa|1
|
|-weather|Sandstorm|[upkeep]
|-heal|p2a: Quagsire|88/100|[from] item: Leftovers
|-heal|p1a: Gastrodon|69/100 psn|[from] item: Leftovers
|-damage|p1a: Gastrodon|57/100 psn|[from] psn
|upkeep
|turn|56
|
|t:|1705926793
|move|p2a: Quagsire|Earthquake|p1a: Gastrodon
|-damage|p1a: Gastrodon|32/100 psn
|move|p1a: Gastrodon|Recover|p1a: Gastrodon
|-heal|p1a: Gastrodon|83/100 psn
|
|-weather|Sandstorm|[upkeep]
|-heal|p2a: Quagsire|94/100|[from] item: Leftovers
|-heal|p1a: Gastrodon|89/100 psn|[from] item: Leftovers
|-damage|p1a: Gastrodon|76/100 psn|[from] psn
|upkeep
|turn|57
|
|t:|1705926796
|move|p2a: Quagsire|Encore|p1a: Gastrodon
|-start|p1a: Gastrodon|Encore
|move|p1a: Gastrodon|Recover|p1a: Gastrodon
|-heal|p1a: Gastrodon|100/100 psn
|
|-weather|Sandstorm|[upkeep]
|-heal|p2a: Quagsire|99/100|[from] item: Leftovers
|-damage|p1a: Gastrodon|88/100 psn|[from] psn
|upkeep
|turn|58
|
|t:|1705926812
|move|p2a: Quagsire|Scald|p1a: Gastrodon
|-ability|p1a: Gastrodon|Storm Drain|boost
|-boost|p1a: Gastrodon|spa|1
|move|p1a: Gastrodon|Recover|p1a: Gastrodon
|-heal|p1a: Gastrodon|100/100 psn
|
|-weather|Sandstorm|[upkeep]
|-heal|p2a: Quagsire|100/100|[from] item: Leftovers
|-damage|p1a: Gastrodon|88/100 psn|[from] psn
|upkeep
|turn|59
|
|t:|1705926834
|switch|p1a: Reuniclus|Reuniclus, M, shiny|56/100 tox
|move|p2a: Quagsire|Scald|p1a: Reuniclus
|-damage|p1a: Reuniclus|40/100 tox
|
|-weather|Sandstorm|[upkeep]
|-heal|p1a: Reuniclus|46/100 tox|[from] item: Leftovers
|upkeep
|turn|60
|
|t:|1705926840
|move|p2a: Quagsire|Earthquake|p1a: Reuniclus
|-damage|p1a: Reuniclus|25/100 tox
|move|p1a: Reuniclus|Recover|p1a: Reuniclus
|-heal|p1a: Reuniclus|75/100 tox
|
|-weather|Sandstorm|[upkeep]
|-heal|p1a: Reuniclus|81/100 tox|[from] item: Leftovers
|upkeep
|turn|61
|
|t:|1705926845
|switch|p1a: Gastrodon|Gastrodon, M|88/100 psn
|-damage|p1a: Gastrodon|82/100 psn|[from] Stealth Rock
|move|p2a: Quagsire|Earthquake|p1a: Gastrodon
|-damage|p1a: Gastrodon|61/100 psn
|
|-weather|Sandstorm|[upkeep]
|-heal|p1a: Gastrodon|67/100 psn|[from] item: Leftovers
|-damage|p1a: Gastrodon|54/100 psn|[from] psn
|upkeep
|turn|62
|
|t:|1705926848
|switch|p2a: Chansey|Chansey, F|69/100
|move|p1a: Gastrodon|Toxic|p2a: Chansey
|-status|p2a: Chansey|tox
|
|-weather|Sandstorm|[upkeep]
|-damage|p2a: Chansey|63/100 tox|[from] Sandstorm
|-heal|p1a: Gastrodon|60/100 psn|[from] item: Leftovers
|-damage|p2a: Chansey|57/100 tox|[from] psn
|-damage|p1a: Gastrodon|48/100 psn|[from] psn
|upkeep
|turn|63
|
|t:|1705926851
|move|p2a: Chansey|Soft-Boiled|p2a: Chansey
|-heal|p2a: Chansey|100/100 tox
|move|p1a: Gastrodon|Recover|p1a: Gastrodon
|-heal|p1a: Gastrodon|98/100 psn
|
|-weather|Sandstorm|[upkeep]
|-damage|p2a: Chansey|94/100 tox|[from] Sandstorm
|-heal|p1a: Gastrodon|100/100 psn|[from] item: Leftovers
|-damage|p2a: Chansey|82/100 tox|[from] psn
|-damage|p1a: Gastrodon|88/100 psn|[from] psn
|upkeep
|turn|64
|
|t:|1705926864
|switch|p1a: Gliscor|Gliscor, F|35/100 tox
|-damage|p1a: Gliscor|22/100 tox|[from] Stealth Rock
|move|p2a: Chansey|Seismic Toss|p1a: Gliscor
|-damage|p1a: Gliscor|0 fnt
|faint|p1a: Gliscor
|
|-weather|Sandstorm|[upkeep]
|-damage|p2a: Chansey|76/100 tox|[from] Sandstorm
|-damage|p2a: Chansey|57/100 tox|[from] psn
|upkeep
|
|t:|1705926876
|switch|p1a: Tyranitar|Tyranitar, F|100/100
|-status|p1a: Tyranitar|tox
|-damage|p1a: Tyranitar|88/100 tox|[from] Stealth Rock
|turn|65
|
|t:|1705926881
|-activate|p2a: Chansey|move: Pursuit
|move|p1a: Tyranitar|Pursuit|p2a: Chansey|[from]Pursuit
|-damage|p2a: Chansey|28/100 tox
|-curestatus|p2a: Chansey|tox|[from] ability: Natural Cure
|switch|p2a: Quagsire|Quagsire, M|100/100
|
|-weather|Sandstorm|[upkeep]
|-damage|p1a: Tyranitar|82/100 tox|[from] psn
|upkeep
|turn|66
|
|t:|1705926895
|switch|p1a: Skarmory|Skarmory, M|100/100
|-damage|p1a: Skarmory|88/100|[from] Stealth Rock
|move|p2a: Quagsire|Earthquake|p1a: Skarmory
|-immune|p1a: Skarmory
|
|-weather|Sandstorm|[upkeep]
|-heal|p1a: Skarmory|94/100|[from] item: Leftovers
|upkeep
|turn|67
|
|t:|1705926910
|switch|p1a: Tyranitar|Tyranitar, F|82/100 tox
|-damage|p1a: Tyranitar|69/100 tox|[from] Stealth Rock
|move|p2a: Quagsire|Scald|p1a: Tyranitar
|-supereffective|p1a: Tyranitar
|-damage|p1a: Tyranitar|51/100 tox
|
|-weather|Sandstorm|[upkeep]
|-damage|p1a: Tyranitar|45/100 tox|[from] psn
|upkeep
|turn|68
|
|t:|1705926921
|switch|p1a: Gastrodon|Gastrodon, M|88/100 psn
|-damage|p1a: Gastrodon|82/100 psn|[from] Stealth Rock
|move|p2a: Quagsire|Earthquake|p1a: Gastrodon
|-damage|p1a: Gastrodon|58/100 psn
|
|-weather|Sandstorm|[upkeep]
|-heal|p1a: Gastrodon|64/100 psn|[from] item: Leftovers
|-damage|p1a: Gastrodon|51/100 psn|[from] psn
|upkeep
|turn|69
|
|t:|1705926927
|switch|p2a: Chansey|Chansey, F|28/100
|move|p1a: Gastrodon|Recover|p1a: Gastrodon
|-heal|p1a: Gastrodon|100/100 psn
|
|-weather|Sandstorm|[upkeep]
|-damage|p2a: Chansey|22/100|[from] Sandstorm
|-damage|p1a: Gastrodon|88/100 psn|[from] psn
|upkeep
|turn|70
|
|t:|1705926929
|move|p2a: Chansey|Soft-Boiled|p2a: Chansey
|-heal|p2a: Chansey|72/100
|move|p1a: Gastrodon|Toxic|p2a: Chansey
|-status|p2a: Chansey|tox
|
|-weather|Sandstorm|[upkeep]
|-damage|p2a: Chansey|66/100 tox|[from] Sandstorm
|-heal|p1a: Gastrodon|94/100 psn|[from] item: Leftovers
|-damage|p2a: Chansey|59/100 tox|[from] psn
|-damage|p1a: Gastrodon|82/100 psn|[from] psn
|upkeep
|turn|71
|
|t:|1705926933
|switch|p1a: Skarmory|Skarmory, M|94/100
|-damage|p1a: Skarmory|82/100|[from] Stealth Rock
|move|p2a: Chansey|Soft-Boiled|p2a: Chansey
|-heal|p2a: Chansey|100/100 tox
|
|-weather|Sandstorm|[upkeep]
|-damage|p2a: Chansey|94/100 tox|[from] Sandstorm
|-heal|p1a: Skarmory|88/100|[from] item: Leftovers
|-damage|p2a: Chansey|82/100 tox|[from] psn
|upkeep
|turn|72
|
|t:|1705926935
|-curestatus|p2a: Chansey|tox|[from] ability: Natural Cure
|switch|p2a: Xatu|Xatu, F|77/100
|move|p1a: Skarmory|Spikes|p2a: Xatu
|move|p2a: Xatu|Spikes|p1a: Skarmory|[from]ability: Magic Bounce
|-sidestart|p1: fids77|Spikes
|
|-weather|Sandstorm|[upkeep]
|-damage|p2a: Xatu|71/100|[from] Sandstorm
|-heal|p1a: Skarmory|94/100|[from] item: Leftovers
|upkeep
|turn|73
|
|t:|1705926949
|switch|p1a: Reuniclus|Reuniclus, M, shiny|81/100 tox
|move|p2a: Xatu|Roost|p2a: Xatu
|-heal|p2a: Xatu|100/100
|-singleturn|p2a: Xatu|move: Roost
|
|-weather|Sandstorm|[upkeep]
|-damage|p2a: Xatu|94/100|[from] Sandstorm
|-heal|p1a: Reuniclus|87/100 tox|[from] item: Leftovers
|upkeep
|turn|74
|
|t:|1705926954
|switch|p1a: Gastrodon|Gastrodon, M|82/100 psn
|-damage|p1a: Gastrodon|76/100 psn|[from] Stealth Rock
|-damage|p1a: Gastrodon|63/100 psn|[from] Spikes
|move|p2a: Xatu|U-turn|p1a: Gastrodon
|-damage|p1a: Gastrodon|54/100 psn
|
|t:|1705926958
|switch|p2a: Jirachi|Jirachi|100/100|[from] U-turn
|
|-weather|Sandstorm|[upkeep]
|-heal|p1a: Gastrodon|60/100 psn|[from] item: Leftovers
|-damage|p1a: Gastrodon|47/100 psn|[from] psn
|upkeep
|turn|75
|
|t:|1705926964
|move|p2a: Jirachi|Iron Head|p1a: Gastrodon
|-resisted|p1a: Gastrodon
|-damage|p1a: Gastrodon|37/100 psn
|cant|p1a: Gastrodon|flinch
|
|-weather|Sandstorm|[upkeep]
|-heal|p1a: Gastrodon|43/100 psn|[from] item: Leftovers
|-damage|p1a: Gastrodon|31/100 psn|[from] psn
|upkeep
|turn|76
|
|t:|1705926966
|move|p2a: Jirachi|Iron Head|p1a: Gastrodon
|-resisted|p1a: Gastrodon
|-crit|p1a: Gastrodon
|-damage|p1a: Gastrodon|11/100 psn
|move|p1a: Gastrodon|Recover|p1a: Gastrodon
|-heal|p1a: Gastrodon|61/100 psn
|
|-weather|Sandstorm|[upkeep]
|-heal|p1a: Gastrodon|67/100 psn|[from] item: Leftovers
|-damage|p1a: Gastrodon|55/100 psn|[from] psn
|upkeep
|turn|77
|
|t:|1705926971
|move|p2a: Jirachi|Iron Head|p1a: Gastrodon
|-resisted|p1a: Gastrodon
|-damage|p1a: Gastrodon|45/100 psn
|move|p1a: Gastrodon|Recover|p1a: Gastrodon
|-heal|p1a: Gastrodon|95/100 psn
|
|-weather|Sandstorm|[upkeep]
|-heal|p1a: Gastrodon|100/100 psn|[from] item: Leftovers
|-damage|p1a: Gastrodon|88/100 psn|[from] psn
|upkeep
|turn|78
|
|t:|1705926977
|switch|p2a: Chansey|Chansey, F|82/100
|move|p1a: Gastrodon|Scald|p2a: Chansey
|-damage|p2a: Chansey|74/100
|
|-weather|Sandstorm|[upkeep]
|-damage|p2a: Chansey|68/100|[from] Sandstorm
|-heal|p1a: Gastrodon|94/100 psn|[from] item: Leftovers
|-damage|p1a: Gastrodon|82/100 psn|[from] psn
|upkeep
|turn|79
|
|t:|1705926984
|move|p2a: Chansey|Seismic Toss|p1a: Gastrodon
|-damage|p1a: Gastrodon|58/100 psn
|move|p1a: Gastrodon|Toxic|p2a: Chansey|[miss]
|-miss|p1a: Gastrodon|p2a: Chansey
|
|-weather|Sandstorm|[upkeep]
|-damage|p2a: Chansey|62/100|[from] Sandstorm
|-heal|p1a: Gastrodon|64/100 psn|[from] item: Leftovers
|-damage|p1a: Gastrodon|52/100 psn|[from] psn
|upkeep
|turn|80
|
|t:|1705926987
|move|p2a: Chansey|Seismic Toss|p1a: Gastrodon
|-damage|p1a: Gastrodon|28/100 psn
|move|p1a: Gastrodon|Recover|p1a: Gastrodon
|-heal|p1a: Gastrodon|78/100 psn
|
|-weather|Sandstorm|[upkeep]
|-damage|p2a: Chansey|56/100|[from] Sandstorm
|-heal|p1a: Gastrodon|84/100 psn|[from] item: Leftovers
|-damage|p1a: Gastrodon|72/100 psn|[from] psn
|upkeep
|turn|81
|
|t:|1705926989
|move|p2a: Chansey|Seismic Toss|p1a: Gastrodon
|-damage|p1a: Gastrodon|48/100 psn
|move|p1a: Gastrodon|Toxic|p2a: Chansey
|-status|p2a: Chansey|tox
|
|-weather|Sandstorm|[upkeep]
|-damage|p2a: Chansey|49/100 tox|[from] Sandstorm
|-heal|p1a: Gastrodon|55/100 psn|[from] item: Leftovers
|-damage|p2a: Chansey|43/100 tox|[from] psn
|-damage|p1a: Gastrodon|42/100 psn|[from] psn
|upkeep
|turn|82
|
|t:|1705926991
|move|p2a: Chansey|Soft-Boiled|p2a: Chansey
|-heal|p2a: Chansey|93/100 tox
|move|p1a: Gastrodon|Recover|p1a: Gastrodon
|-heal|p1a: Gastrodon|92/100 psn
|
|-weather|Sandstorm|[upkeep]
|-damage|p2a: Chansey|87/100 tox|[from] Sandstorm
|-heal|p1a: Gastrodon|98/100 psn|[from] item: Leftovers
|-damage|p2a: Chansey|75/100 tox|[from] psn
|-damage|p1a: Gastrodon|86/100 psn|[from] psn
|upkeep
|turn|83
|
|t:|1705926999
|-curestatus|p2a: Chansey|tox|[from] ability: Natural Cure
|switch|p2a: Xatu|Xatu, F|94/100
|move|p1a: Gastrodon|Scald|p2a: Xatu
|-damage|p2a: Xatu|60/100
|
|-weather|Sandstorm|[upkeep]
|-damage|p2a: Xatu|54/100|[from] Sandstorm
|-heal|p1a: Gastrodon|92/100 psn|[from] item: Leftovers
|-damage|p1a: Gastrodon|80/100 psn|[from] psn
|upkeep
|turn|84
|
|t:|1705927007
|move|p2a: Xatu|U-turn|p1a: Gastrodon
|-crit|p1a: Gastrodon
|-damage|p1a: Gastrodon|61/100 psn
|
|t:|1705927009
|switch|p2a: Chansey|Chansey, F|75/100|[from] U-turn
|move|p1a: Gastrodon|Ice Beam|p2a: Chansey
|-damage|p2a: Chansey|69/100
|
|-weather|Sandstorm|[upkeep]
|-damage|p2a: Chansey|63/100|[from] Sandstorm
|-heal|p1a: Gastrodon|67/100 psn|[from] item: Leftovers
|-damage|p1a: Gastrodon|54/100 psn|[from] psn
|upkeep
|turn|85
|
|t:|1705927014
|move|p2a: Chansey|Seismic Toss|p1a: Gastrodon
|-damage|p1a: Gastrodon|31/100 psn
|move|p1a: Gastrodon|Recover|p1a: Gastrodon
|-heal|p1a: Gastrodon|81/100 psn
|
|-weather|Sandstorm|[upkeep]
|-damage|p2a: Chansey|57/100|[from] Sandstorm
|-heal|p1a: Gastrodon|87/100 psn|[from] item: Leftovers
|-damage|p1a: Gastrodon|75/100 psn|[from] psn
|upkeep
|turn|86
|
|t:|1705927032
|move|p2a: Chansey|Seismic Toss|p1a: Gastrodon
|-damage|p1a: Gastrodon|51/100 psn
|move|p1a: Gastrodon|Toxic|p2a: Chansey
|-status|p2a: Chansey|tox
|
|-weather|Sandstorm|[upkeep]
|-damage|p2a: Chansey|50/100 tox|[from] Sandstorm
|-heal|p1a: Gastrodon|57/100 psn|[from] item: Leftovers
|-damage|p2a: Chansey|44/100 tox|[from] psn
|-damage|p1a: Gastrodon|45/100 psn|[from] psn
|upkeep
|turn|87
|
|t:|1705927035
|move|p2a: Chansey|Soft-Boiled|p2a: Chansey
|-heal|p2a: Chansey|94/100 tox
|move|p1a: Gastrodon|Recover|p1a: Gastrodon
|-heal|p1a: Gastrodon|95/100 psn
|
|-weather|Sandstorm|[upkeep]
|-damage|p2a: Chansey|88/100 tox|[from] Sandstorm
|-heal|p1a: Gastrodon|100/100 psn|[from] item: Leftovers
|-damage|p2a: Chansey|76/100 tox|[from] psn
|-damage|p1a: Gastrodon|88/100 psn|[from] psn
|upkeep
|turn|88
|
|t:|1705927041
|move|p2a: Chansey|Seismic Toss|p1a: Gastrodon
|-damage|p1a: Gastrodon|64/100 psn
|move|p1a: Gastrodon|Scald|p2a: Chansey
|-damage|p2a: Chansey|68/100 tox
|
|-weather|Sandstorm|[upkeep]
|-damage|p2a: Chansey|62/100 tox|[from] Sandstorm
|-heal|p1a: Gastrodon|71/100 psn|[from] item: Leftovers
|-damage|p2a: Chansey|43/100 tox|[from] psn
|-damage|p1a: Gastrodon|58/100 psn|[from] psn
|upkeep
|turn|89
|
|t:|1705927048
|switch|p1a: Alakazam|Alakazam, M|100/100
|-status|p1a: Alakazam|tox
|move|p2a: Chansey|Soft-Boiled|p2a: Chansey
|-heal|p2a: Chansey|93/100 tox
|
|-weather|Sandstorm|[upkeep]
|-damage|p2a: Chansey|87/100 tox|[from] Sandstorm
|-damage|p2a: Chansey|62/100 tox|[from] psn
|upkeep
|turn|90
|
|t:|1705927054
|-curestatus|p2a: Chansey|tox|[from] ability: Natural Cure
|switch|p2a: Jirachi|Jirachi|100/100
|move|p1a: Alakazam|Psychic|p2a: Jirachi
|-resisted|p2a: Jirachi
|-damage|p2a: Jirachi|89/100
|
|-weather|Sandstorm|[upkeep]
|-heal|p2a: Jirachi|96/100|[from] item: Leftovers
|upkeep
|turn|91
|
|t:|1705927067
|move|p1a: Alakazam|Thunder Wave|p2a: Jirachi
|-status|p2a: Jirachi|par
|move|p2a: Jirachi|Fire Punch|p1a: Alakazam
|-damage|p1a: Alakazam|59/100 tox
|
|-weather|Sandstorm|[upkeep]
|-heal|p2a: Jirachi|100/100 par|[from] item: Leftovers
|upkeep
|turn|92
|
|t:|1705927088
|switch|p1a: Reuniclus|Reuniclus, M, shiny|87/100 tox
|move|p2a: Jirachi|Fire Punch|p1a: Reuniclus
|-crit|p1a: Reuniclus
|-damage|p1a: Reuniclus|62/100 tox
|
|-weather|Sandstorm|[upkeep]
|-heal|p1a: Reuniclus|68/100 tox|[from] item: Leftovers
|upkeep
|turn|93
|
|t:|1705927092
|switch|p2a: Quagsire|Quagsire, M|100/100
|move|p1a: Reuniclus|Calm Mind|p1a: Reuniclus
|-boost|p1a: Reuniclus|spa|1
|-boost|p1a: Reuniclus|spd|1
|
|-weather|Sandstorm|[upkeep]
|-heal|p1a: Reuniclus|74/100 tox|[from] item: Leftovers
|upkeep
|turn|94
|
|t:|1705927096
|move|p2a: Quagsire|Earthquake|p1a: Reuniclus
|-damage|p1a: Reuniclus|50/100 tox
|move|p1a: Reuniclus|Calm Mind|p1a: Reuniclus
|-boost|p1a: Reuniclus|spa|1
|-boost|p1a: Reuniclus|spd|1
|
|-weather|Sandstorm|[upkeep]
|-heal|p1a: Reuniclus|57/100 tox|[from] item: Leftovers
|upkeep
|turn|95
|
|t:|1705927102
|move|p2a: Quagsire|Earthquake|p1a: Reuniclus
|-damage|p1a: Reuniclus|35/100 tox
|move|p1a: Reuniclus|Recover|p1a: Reuniclus
|-heal|p1a: Reuniclus|85/100 tox
|
|-weather|Sandstorm|[upkeep]
|-heal|p1a: Reuniclus|91/100 tox|[from] item: Leftovers
|upkeep
|turn|96
|
|t:|1705927106
|move|p2a: Quagsire|Encore|p1a: Reuniclus
|-start|p1a: Reuniclus|Encore
|move|p1a: Reuniclus|Recover|p1a: Reuniclus
|-heal|p1a: Reuniclus|100/100 tox
|
|-weather|Sandstorm|[upkeep]
|upkeep
|turn|97
|
|t:|1705927111
|switch|p1a: Skarmory|Skarmory, M|94/100
|-damage|p1a: Skarmory|82/100|[from] Stealth Rock
|move|p2a: Quagsire|Scald|p1a: Skarmory
|-damage|p1a: Skarmory|66/100
|-status|p1a: Skarmory|brn
|
|-weather|Sandstorm|[upkeep]
|-heal|p1a: Skarmory|72/100 brn|[from] item: Leftovers
|-damage|p1a: Skarmory|60/100 brn|[from] brn
|upkeep
|turn|98
|
|t:|1705927114
|switch|p2a: Xatu|Xatu, F|54/100
|move|p1a: Skarmory|Roost|p1a: Skarmory
|-heal|p1a: Skarmory|100/100 brn
|-singleturn|p1a: Skarmory|move: Roost
|
|-weather|Sandstorm|[upkeep]
|-damage|p2a: Xatu|48/100|[from] Sandstorm
|-damage|p1a: Skarmory|88/100 brn|[from] brn
|upkeep
|turn|99
|
|t:|1705927118
|move|p1a: Skarmory|Brave Bird|p2a: Xatu
|-damage|p2a: Xatu|32/100
|-damage|p1a: Skarmory|83/100 brn|[from] Recoil
|move|p2a: Xatu|Roost|p2a: Xatu
|-heal|p2a: Xatu|82/100
|-singleturn|p2a: Xatu|move: Roost
|
|-weather|Sandstorm|[upkeep]
|-damage|p2a: Xatu|76/100|[from] Sandstorm
|-heal|p1a: Skarmory|89/100 brn|[from] item: Leftovers
|-damage|p1a: Skarmory|77/100 brn|[from] brn
|upkeep
|turn|100
|
|t:|1705927131
|switch|p1a: Reuniclus|Reuniclus, M, shiny|100/100 tox
|move|p2a: Xatu|Night Shade|p1a: Reuniclus
|-damage|p1a: Reuniclus|77/100 tox
|
|-weather|Sandstorm|[upkeep]
|-damage|p2a: Xatu|70/100|[from] Sandstorm
|-heal|p1a: Reuniclus|83/100 tox|[from] item: Leftovers
|upkeep
|turn|101
|
|t:|1705927136
|move|p2a: Xatu|U-turn|p1a: Reuniclus
|-supereffective|p1a: Reuniclus
|-damage|p1a: Reuniclus|66/100 tox
|
|t:|1705927138
|switch|p2a: Chansey|Chansey, F|62/100|[from] U-turn
|move|p1a: Reuniclus|Psyshock|p2a: Chansey
|-damage|p2a: Chansey|38/100
|
|-weather|Sandstorm|[upkeep]
|-damage|p2a: Chansey|31/100|[from] Sandstorm
|-heal|p1a: Reuniclus|72/100 tox|[from] item: Leftovers
|upkeep
|turn|102
|
|t:|1705927144
|move|p2a: Chansey|Soft-Boiled|p2a: Chansey
|-heal|p2a: Chansey|81/100
|move|p1a: Reuniclus|Calm Mind|p1a: Reuniclus
|-boost|p1a: Reuniclus|spa|1
|-boost|p1a: Reuniclus|spd|1
|
|-weather|Sandstorm|[upkeep]
|-damage|p2a: Chansey|75/100|[from] Sandstorm
|-heal|p1a: Reuniclus|78/100 tox|[from] item: Leftovers
|upkeep
|turn|103
|
|t:|1705927149
|move|p2a: Chansey|Seismic Toss|p1a: Reuniclus
|-damage|p1a: Reuniclus|54/100 tox
|move|p1a: Reuniclus|Calm Mind|p1a: Reuniclus
|-boost|p1a: Reuniclus|spa|1
|-boost|p1a: Reuniclus|spd|1
|
|-weather|Sandstorm|[upkeep]
|-damage|p2a: Chansey|69/100|[from] Sandstorm
|-heal|p1a: Reuniclus|60/100 tox|[from] item: Leftovers
|upkeep
|turn|104
|
|t:|1705927162
|switch|p2a: Quagsire|Quagsire, M|100/100
|move|p1a: Reuniclus|Psyshock|p2a: Quagsire
|-damage|p2a: Quagsire|77/100
|
|-weather|Sandstorm|[upkeep]
|-heal|p2a: Quagsire|83/100|[from] item: Leftovers
|-heal|p1a: Reuniclus|67/100 tox|[from] item: Leftovers
|upkeep
|turn|105
|
|t:|1705927166
|move|p2a: Quagsire|Earthquake|p1a: Reuniclus
|-damage|p1a: Reuniclus|46/100 tox
|move|p1a: Reuniclus|Psyshock|p2a: Quagsire
|-damage|p2a: Quagsire|57/100
|
|-weather|Sandstorm|[upkeep]
|-heal|p2a: Quagsire|63/100|[from] item: Leftovers
|-heal|p1a: Reuniclus|52/100 tox|[from] item: Leftovers
|upkeep
|turn|106
|
|t:|1705927178
|move|p2a: Quagsire|Scald|p1a: Reuniclus
|-damage|p1a: Reuniclus|37/100 tox
|move|p1a: Reuniclus|Psyshock|p2a: Quagsire
|-damage|p2a: Quagsire|39/100
|
|-weather|Sandstorm|[upkeep]
|-heal|p2a: Quagsire|46/100|[from] item: Leftovers
|-heal|p1a: Reuniclus|43/100 tox|[from] item: Leftovers
|upkeep
|turn|107
|
|t:|1705927199
|move|p2a: Quagsire|Recover|p2a: Quagsire
|-heal|p2a: Quagsire|96/100
|move|p1a: Reuniclus|Psyshock|p2a: Quagsire
|-damage|p2a: Quagsire|70/100
|
|-weather|Sandstorm|[upkeep]
|-heal|p2a: Quagsire|77/100|[from] item: Leftovers
|-heal|p1a: Reuniclus|49/100 tox|[from] item: Leftovers
|upkeep
|turn|108
|
|t:|1705927204
|move|p2a: Quagsire|Encore|p1a: Reuniclus
|-start|p1a: Reuniclus|Encore
|move|p1a: Reuniclus|Psyshock|p2a: Quagsire
|-damage|p2a: Quagsire|52/100
|
|-weather|Sandstorm|[upkeep]
|-heal|p2a: Quagsire|58/100|[from] item: Leftovers
|-heal|p1a: Reuniclus|55/100 tox|[from] item: Leftovers
|upkeep
|turn|109
|
|t:|1705927209
|switch|p1a: Skarmory|Skarmory, M|77/100 brn
|-damage|p1a: Skarmory|64/100 brn|[from] Stealth Rock
|move|p2a: Quagsire|Recover|p2a: Quagsire
|-heal|p2a: Quagsire|100/100
|
|-weather|Sandstorm|[upkeep]
|-heal|p1a: Skarmory|70/100 brn|[from] item: Leftovers
|-damage|p1a: Skarmory|58/100 brn|[from] brn
|upkeep
|turn|110
|
|t:|1705927214
|switch|p1a: Reuniclus|Reuniclus, M, shiny|55/100 tox
|switch|p2a: Xatu|Xatu, F|70/100
|
|-weather|Sandstorm|[upkeep]
|-damage|p2a: Xatu|64/100|[from] Sandstorm
|-heal|p1a: Reuniclus|62/100 tox|[from] item: Leftovers
|upkeep
|turn|111
|
|t:|1705927218
|move|p2a: Xatu|Night Shade|p1a: Reuniclus
|-damage|p1a: Reuniclus|38/100 tox
|move|p1a: Reuniclus|Thunder|p2a: Xatu
|-supereffective|p2a: Xatu
|-damage|p2a: Xatu|0 fnt
|faint|p2a: Xatu
|
|-weather|Sandstorm|[upkeep]
|-heal|p1a: Reuniclus|44/100 tox|[from] item: Leftovers
|upkeep
|
|t:|1705927223
|switch|p2a: Chansey|Chansey, F|69/100
|turn|112
|
|t:|1705927225
|move|p2a: Chansey|Seismic Toss|p1a: Reuniclus
|-damage|p1a: Reuniclus|21/100 tox
|move|p1a: Reuniclus|Recover|p1a: Reuniclus
|-heal|p1a: Reuniclus|71/100 tox
|
|-weather|Sandstorm|[upkeep]
|-damage|p2a: Chansey|63/100|[from] Sandstorm
|-heal|p1a: Reuniclus|77/100 tox|[from] item: Leftovers
|upkeep
|turn|113
|
|t:|1705927228
|move|p2a: Chansey|Seismic Toss|p1a: Reuniclus
|-damage|p1a: Reuniclus|53/100 tox
|move|p1a: Reuniclus|Calm Mind|p1a: Reuniclus
|-boost|p1a: Reuniclus|spa|1
|-boost|p1a: Reuniclus|spd|1
|
|-weather|Sandstorm|[upkeep]
|-damage|p2a: Chansey|56/100|[from] Sandstorm
|-heal|p1a: Reuniclus|59/100 tox|[from] item: Leftovers
|upkeep
|turn|114
|
|t:|1705927232
|move|p2a: Chansey|Seismic Toss|p1a: Reuniclus
|-damage|p1a: Reuniclus|36/100 tox
|move|p1a: Reuniclus|Psyshock|p2a: Chansey
|-damage|p2a: Chansey|22/100
|
|-weather|Sandstorm|[upkeep]
|-damage|p2a: Chansey|16/100|[from] Sandstorm
|-heal|p1a: Reuniclus|42/100 tox|[from] item: Leftovers
|upkeep
|turn|115
|
|t:|1705927240
|move|p2a: Chansey|Soft-Boiled|p2a: Chansey
|-heal|p2a: Chansey|66/100
|move|p1a: Reuniclus|Recover|p1a: Reuniclus
|-heal|p1a: Reuniclus|92/100 tox
|
|-weather|Sandstorm|[upkeep]
|-damage|p2a: Chansey|59/100|[from] Sandstorm
|-heal|p1a: Reuniclus|98/100 tox|[from] item: Leftovers
|upkeep
|turn|116
|
|t:|1705927244
|switch|p2a: Jirachi|Jirachi|100/100 par
|move|p1a: Reuniclus|Calm Mind|p1a: Reuniclus
|-boost|p1a: Reuniclus|spa|1
|-boost|p1a: Reuniclus|spd|1
|
|-weather|Sandstorm|[upkeep]
|-heal|p1a: Reuniclus|100/100 tox|[from] item: Leftovers
|upkeep
|turn|117
|
|t:|1705927249
|switch|p2a: Quagsire|Quagsire, M|100/100
|move|p1a: Reuniclus|Calm Mind|p1a: Reuniclus
|-boost|p1a: Reuniclus|spa|1
|-boost|p1a: Reuniclus|spd|1
|
|-weather|Sandstorm|[upkeep]
|upkeep
|turn|118
|
|t:|1705927253
|switch|p2a: Jirachi|Jirachi|100/100 par
|move|p1a: Reuniclus|Psyshock|p2a: Jirachi
|-resisted|p2a: Jirachi
|-damage|p2a: Jirachi|84/100 par
|
|-weather|Sandstorm|[upkeep]
|-heal|p2a: Jirachi|91/100 par|[from] item: Leftovers
|upkeep
|turn|119
|
|t:|1705927258
|switch|p2a: Quagsire|Quagsire, M|100/100
|move|p1a: Reuniclus|Calm Mind|p1a: Reuniclus
|-boost|p1a: Reuniclus|spa|1
|-boost|p1a: Reuniclus|spd|1
|
|-weather|Sandstorm|[upkeep]
|upkeep
|turn|120
|
|t:|1705927260
|switch|p2a: Jirachi|Jirachi|91/100 par
|move|p1a: Reuniclus|Calm Mind|p1a: Reuniclus
|-boost|p1a: Reuniclus|spa|1
|-boost|p1a: Reuniclus|spd|1
|
|-weather|Sandstorm|[upkeep]
|-heal|p2a: Jirachi|97/100 par|[from] item: Leftovers
|upkeep
|turn|121
|
|t:|1705927265
|switch|p2a: Quagsire|Quagsire, M|100/100
|move|p1a: Reuniclus|Calm Mind|p1a: Reuniclus
|-boost|p1a: Reuniclus|spa|1
|-boost|p1a: Reuniclus|spd|1
|
|-weather|Sandstorm|[upkeep]
|upkeep
|turn|122
|
|t:|1705927271
|move|p2a: Quagsire|Earthquake|p1a: Reuniclus
|-damage|p1a: Reuniclus|78/100 tox
|move|p1a: Reuniclus|Thunder|p2a: Quagsire
|-immune|p2a: Quagsire
|
|-weather|Sandstorm|[upkeep]
|-heal|p1a: Reuniclus|84/100 tox|[from] item: Leftovers
|upkeep
|turn|123
|
|t:|1705927282
|move|p2a: Quagsire|Encore|p1a: Reuniclus
|-start|p1a: Reuniclus|Encore
|move|p1a: Reuniclus|Thunder|p2a: Quagsire
|-immune|p2a: Quagsire
|
|-weather|Sandstorm|[upkeep]
|-heal|p1a: Reuniclus|90/100 tox|[from] item: Leftovers
|upkeep
|turn|124
|
|t:|1705927286
|move|p2a: Quagsire|Scald|p1a: Reuniclus
|-damage|p1a: Reuniclus|73/100 tox
|move|p1a: Reuniclus|Thunder|p2a: Quagsire
|-immune|p2a: Quagsire
|
|-weather|Sandstorm|[upkeep]
|-heal|p1a: Reuniclus|79/100 tox|[from] item: Leftovers
|upkeep
|turn|125
|
|t:|1705927292
|switch|p1a: Gastrodon|Gastrodon, M|58/100 psn
|-damage|p1a: Gastrodon|52/100 psn|[from] Stealth Rock
|-damage|p1a: Gastrodon|40/100 psn|[from] Spikes
|move|p2a: Quagsire|Scald|p1a: Gastrodon
|-ability|p1a: Gastrodon|Storm Drain|boost
|-boost|p1a: Gastrodon|spa|1
|
|-weather|Sandstorm|[upkeep]
|-heal|p1a: Gastrodon|46/100 psn|[from] item: Leftovers
|-damage|p1a: Gastrodon|33/100 psn|[from] psn
|upkeep
|turn|126
|
|t:|1705927294
|move|p2a: Quagsire|Earthquake|p1a: Gastrodon
|-damage|p1a: Gastrodon|12/100 psn
|move|p1a: Gastrodon|Recover|p1a: Gastrodon
|-heal|p1a: Gastrodon|62/100 psn
|
|-weather|Sandstorm|[upkeep]
|-heal|p1a: Gastrodon|68/100 psn|[from] item: Leftovers
|-damage|p1a: Gastrodon|56/100 psn|[from] psn
|upkeep
|turn|127
|
|t:|1705927298
|switch|p2a: Chansey|Chansey, F|59/100
|move|p1a: Gastrodon|Toxic|p2a: Chansey
|-status|p2a: Chansey|tox
|
|-weather|Sandstorm|[upkeep]
|-damage|p2a: Chansey|53/100 tox|[from] Sandstorm
|-heal|p1a: Gastrodon|62/100 psn|[from] item: Leftovers
|-damage|p2a: Chansey|47/100 tox|[from] psn
|-damage|p1a: Gastrodon|49/100 psn|[from] psn
|upkeep
|turn|128
|
|t:|1705927300
|move|p2a: Chansey|Soft-Boiled|p2a: Chansey
|-heal|p2a: Chansey|97/100 tox
|move|p1a: Gastrodon|Recover|p1a: Gastrodon
|-heal|p1a: Gastrodon|99/100 psn
|
|-weather|Sandstorm|[upkeep]
|-damage|p2a: Chansey|91/100 tox|[from] Sandstorm
|-heal|p1a: Gastrodon|100/100 psn|[from] item: Leftovers
|-damage|p2a: Chansey|78/100 tox|[from] psn
|-damage|p1a: Gastrodon|88/100 psn|[from] psn
|upkeep
|turn|129
|
|t:|1705927307
|move|p2a: Chansey|Seismic Toss|p1a: Gastrodon
|-damage|p1a: Gastrodon|64/100 psn
|move|p1a: Gastrodon|Scald|p2a: Chansey
|-damage|p2a: Chansey|68/100 tox
|
|-weather|Sandstorm|[upkeep]
|-damage|p2a: Chansey|61/100 tox|[from] Sandstorm
|-heal|p1a: Gastrodon|71/100 psn|[from] item: Leftovers
|-damage|p2a: Chansey|43/100 tox|[from] psn
|-damage|p1a: Gastrodon|58/100 psn|[from] psn
|upkeep
|turn|130
|
|t:|1705927324
|move|p2a: Chansey|Soft-Boiled|p2a: Chansey
|-heal|p2a: Chansey|93/100 tox
|move|p1a: Gastrodon|Scald|p2a: Chansey
|-damage|p2a: Chansey|82/100 tox
|
|-weather|Sandstorm|[upkeep]
|-damage|p2a: Chansey|75/100 tox|[from] Sandstorm
|-heal|p1a: Gastrodon|64/100 psn|[from] item: Leftovers
|-damage|p2a: Chansey|51/100 tox|[from] psn
|-damage|p1a: Gastrodon|52/100 psn|[from] psn
|upkeep
|turn|131
|
|t:|1705927331
|-curestatus|p2a: Chansey|tox|[from] ability: Natural Cure
|switch|p2a: Jirachi|Jirachi|97/100 par
|switch|p1a: Tyranitar|Tyranitar, F|45/100 tox
|-damage|p1a: Tyranitar|33/100 tox|[from] Stealth Rock
|-damage|p1a: Tyranitar|20/100 tox|[from] Spikes
|
|-weather|Sandstorm|[upkeep]
|-heal|p2a: Jirachi|100/100 par|[from] item: Leftovers
|-damage|p1a: Tyranitar|14/100 tox|[from] psn
|upkeep
|turn|132
|
|t:|1705927340
|move|p2a: Jirachi|Protect|p2a: Jirachi
|-singleturn|p2a: Jirachi|Protect
|move|p1a: Tyranitar|Fire Blast|p2a: Jirachi
|-activate|p2a: Jirachi|move: Protect
|
|-weather|Sandstorm|[upkeep]
|-damage|p1a: Tyranitar|1/100 tox|[from] psn
|upkeep
|turn|133
|
|t:|1705927345
|switch|p2a: Quagsire|Quagsire, M|100/100
|move|p1a: Tyranitar|Crunch|p2a: Quagsire
|-damage|p2a: Quagsire|69/100
|
|-weather|Sandstorm|[upkeep]
|-heal|p2a: Quagsire|75/100|[from] item: Leftovers
|-damage|p1a: Tyranitar|0 fnt|[from] psn
|faint|p1a: Tyranitar
|upkeep
|
|t:|1705927354
|switch|p1a: Gastrodon|Gastrodon, M|52/100 psn
|-damage|p1a: Gastrodon|46/100 psn|[from] Stealth Rock
|-damage|p1a: Gastrodon|33/100 psn|[from] Spikes
|turn|134
|
|t:|1705927358
|switch|p2a: Chansey|Chansey, F|51/100
|move|p1a: Gastrodon|Recover|p1a: Gastrodon
|-heal|p1a: Gastrodon|83/100 psn
|
|-weather|Sandstorm|[upkeep]
|-damage|p2a: Chansey|44/100|[from] Sandstorm
|-heal|p1a: Gastrodon|89/100 psn|[from] item: Leftovers
|-damage|p1a: Gastrodon|77/100 psn|[from] psn
|upkeep
|turn|135
|
|t:|1705927366
|move|p2a: Chansey|Soft-Boiled|p2a: Chansey
|-heal|p2a: Chansey|94/100
|move|p1a: Gastrodon|Toxic|p2a: Chansey|[miss]
|-miss|p1a: Gastrodon|p2a: Chansey
|
|-weather|Sandstorm|[upkeep]
|-damage|p2a: Chansey|88/100|[from] Sandstorm
|-heal|p1a: Gastrodon|83/100 psn|[from] item: Leftovers
|-damage|p1a: Gastrodon|71/100 psn|[from] psn
|upkeep
|turn|136
|
|t:|1705927369
|move|p2a: Chansey|Seismic Toss|p1a: Gastrodon
|-damage|p1a: Gastrodon|47/100 psn
|move|p1a: Gastrodon|Toxic|p2a: Chansey
|-status|p2a: Chansey|tox
|
|-weather|Sandstorm|[upkeep]
|-damage|p2a: Chansey|82/100 tox|[from] Sandstorm
|-heal|p1a: Gastrodon|53/100 psn|[from] item: Leftovers
|-damage|p2a: Chansey|76/100 tox|[from] psn
|-damage|p1a: Gastrodon|41/100 psn|[from] psn
|upkeep
|turn|137
|
|t:|1705927372
|-curestatus|p2a: Chansey|tox|[from] ability: Natural Cure
|switch|p2a: Jirachi|Jirachi|100/100 par
|move|p1a: Gastrodon|Recover|p1a: Gastrodon
|-heal|p1a: Gastrodon|91/100 psn
|
|-weather|Sandstorm|[upkeep]
|-heal|p1a: Gastrodon|97/100 psn|[from] item: Leftovers
|-damage|p1a: Gastrodon|84/100 psn|[from] psn
|upkeep
|turn|138
|
|t:|1705927377
|switch|p1a: Skarmory|Skarmory, M|58/100 brn
|-damage|p1a: Skarmory|46/100 brn|[from] Stealth Rock
|switch|p2a: Chansey|Chansey, F|76/100
|
|-weather|Sandstorm|[upkeep]
|-damage|p2a: Chansey|70/100|[from] Sandstorm
|-heal|p1a: Skarmory|52/100 brn|[from] item: Leftovers
|-damage|p1a: Skarmory|39/100 brn|[from] brn
|upkeep
|turn|139
|
|t:|1705927381
|move|p1a: Skarmory|Roost|p1a: Skarmory
|-heal|p1a: Skarmory|89/100 brn
|-singleturn|p1a: Skarmory|move: Roost
|move|p2a: Chansey|Seismic Toss|p1a: Skarmory
|-damage|p1a: Skarmory|59/100 brn
|
|-weather|Sandstorm|[upkeep]
|-damage|p2a: Chansey|63/100|[from] Sandstorm
|-heal|p1a: Skarmory|65/100 brn|[from] item: Leftovers
|-damage|p1a: Skarmory|53/100 brn|[from] brn
|upkeep
|turn|140
|
|t:|1705927384
|switch|p2a: Tentacruel|Tentacruel, M|100/100
|move|p1a: Skarmory|Roost|p1a: Skarmory
|-heal|p1a: Skarmory|100/100 brn
|-singleturn|p1a: Skarmory|move: Roost
|
|-weather|Sandstorm|[upkeep]
|-damage|p2a: Tentacruel|94/100|[from] Sandstorm
|-heal|p2a: Tentacruel|100/100|[from] item: Black Sludge
|-damage|p1a: Skarmory|88/100 brn|[from] brn
|upkeep
|turn|141
|
|t:|1705927398
|move|p2a: Tentacruel|Scald|p1a: Skarmory
|-damage|p1a: Skarmory|68/100 brn
|move|p1a: Skarmory|Whirlwind|p2a: Tentacruel
|drag|p2a: Chansey|Chansey, F|63/100
|
|-weather|Sandstorm|[upkeep]
|-damage|p2a: Chansey|57/100|[from] Sandstorm
|-heal|p1a: Skarmory|74/100 brn|[from] item: Leftovers
|-damage|p1a: Skarmory|61/100 brn|[from] brn
|upkeep
|turn|142
|
|t:|1705927402
|switch|p2a: Tentacruel|Tentacruel, M|100/100
|move|p1a: Skarmory|Spikes|p2a: Tentacruel
|-sidestart|p2: radaty|Spikes
|
|-weather|Sandstorm|[upkeep]
|-damage|p2a: Tentacruel|94/100|[from] Sandstorm
|-heal|p2a: Tentacruel|100/100|[from] item: Black Sludge
|-heal|p1a: Skarmory|67/100 brn|[from] item: Leftovers
|-damage|p1a: Skarmory|55/100 brn|[from] brn
|upkeep
|turn|143
|
|t:|1705927411
|move|p2a: Tentacruel|Rapid Spin|p1a: Skarmory
|-resisted|p1a: Skarmory
|-damage|p1a: Skarmory|54/100 brn
|-sideend|p2: radaty|Spikes|[from] move: Rapid Spin|[of] p2a: Tentacruel
|move|p1a: Skarmory|Roost|p1a: Skarmory
|-heal|p1a: Skarmory|100/100 brn
|-singleturn|p1a: Skarmory|move: Roost
|
|-weather|Sandstorm|[upkeep]
|-damage|p2a: Tentacruel|94/100|[from] Sandstorm
|-heal|p2a: Tentacruel|100/100|[from] item: Black Sludge
|-damage|p1a: Skarmory|88/100 brn|[from] brn
|upkeep
|turn|144
|
|t:|1705927414
|move|p2a: Tentacruel|Scald|p1a: Skarmory
|-damage|p1a: Skarmory|67/100 brn
|move|p1a: Skarmory|Spikes|p2a: Tentacruel
|-sidestart|p2: radaty|Spikes
|
|-weather|Sandstorm|[upkeep]
|-damage|p2a: Tentacruel|94/100|[from] Sandstorm
|-heal|p2a: Tentacruel|100/100|[from] item: Black Sludge
|-heal|p1a: Skarmory|73/100 brn|[from] item: Leftovers
|-damage|p1a: Skarmory|61/100 brn|[from] brn
|upkeep
|turn|145
|
|t:|1705927420
|switch|p1a: Alakazam|Alakazam, M|59/100 tox
|move|p2a: Tentacruel|Rapid Spin|p1a: Alakazam
|-crit|p1a: Alakazam
|-damage|p1a: Alakazam|45/100 tox
|-sideend|p2: radaty|Spikes|[from] move: Rapid Spin|[of] p2a: Tentacruel
|
|-weather|Sandstorm|[upkeep]
|-damage|p2a: Tentacruel|94/100|[from] Sandstorm
|-heal|p2a: Tentacruel|100/100|[from] item: Black Sludge
|upkeep
|turn|146
|
|t:|1705927429
|switch|p1a: Reuniclus|Reuniclus, M, shiny|79/100 tox
|move|p2a: Tentacruel|Protect||[still]
|-fail|p2a: Tentacruel
|
|-weather|Sandstorm|[upkeep]
|-damage|p2a: Tentacruel|94/100|[from] Sandstorm
|-heal|p2a: Tentacruel|100/100|[from] item: Black Sludge
|-heal|p1a: Reuniclus|85/100 tox|[from] item: Leftovers
|upkeep
|turn|147
|j| brisingr14
|
|t:|1705927441
|switch|p2a: Jirachi|Jirachi|100/100 par
|switch|p1a: Gastrodon|Gastrodon, M|84/100 psn
|-damage|p1a: Gastrodon|78/100 psn|[from] Stealth Rock
|-damage|p1a: Gastrodon|66/100 psn|[from] Spikes
|
|-weather|Sandstorm|[upkeep]
|-heal|p1a: Gastrodon|72/100 psn|[from] item: Leftovers
|-damage|p1a: Gastrodon|60/100 psn|[from] psn
|upkeep
|turn|148
|
|t:|1705927444
|switch|p1a: Reuniclus|Reuniclus, M, shiny|85/100 tox
|switch|p2a: Chansey|Chansey, F|57/100
|
|-weather|Sandstorm|[upkeep]
|-damage|p2a: Chansey|51/100|[from] Sandstorm
|-heal|p1a: Reuniclus|92/100 tox|[from] item: Leftovers
|upkeep
|turn|149
|
|t:|1705927461
|move|p2a: Chansey|Soft-Boiled|p2a: Chansey
|-heal|p2a: Chansey|100/100
|move|p1a: Reuniclus|Calm Mind|p1a: Reuniclus
|-boost|p1a: Reuniclus|spa|1
|-boost|p1a: Reuniclus|spd|1
|
|-weather|Sandstorm|[upkeep]
|-damage|p2a: Chansey|94/100|[from] Sandstorm
|-heal|p1a: Reuniclus|98/100 tox|[from] item: Leftovers
|upkeep
|turn|150
|
|t:|1705927465
|move|p2a: Chansey|Seismic Toss|p1a: Reuniclus
|-damage|p1a: Reuniclus|74/100 tox
|move|p1a: Reuniclus|Calm Mind|p1a: Reuniclus
|-boost|p1a: Reuniclus|spa|1
|-boost|p1a: Reuniclus|spd|1
|
|-weather|Sandstorm|[upkeep]
|-damage|p2a: Chansey|88/100|[from] Sandstorm
|-heal|p1a: Reuniclus|80/100 tox|[from] item: Leftovers
|upkeep
|turn|151
|
|t:|1705927470
|switch|p2a: Jirachi|Jirachi|100/100 par
|move|p1a: Reuniclus|Calm Mind|p1a: Reuniclus
|-boost|p1a: Reuniclus|spa|1
|-boost|p1a: Reuniclus|spd|1
|
|-weather|Sandstorm|[upkeep]
|-heal|p1a: Reuniclus|86/100 tox|[from] item: Leftovers
|upkeep
|turn|152
|
|t:|1705927472
|move|p1a: Reuniclus|Calm Mind|p1a: Reuniclus
|-boost|p1a: Reuniclus|spa|1
|-boost|p1a: Reuniclus|spd|1
|move|p2a: Jirachi|Fire Punch|p1a: Reuniclus
|-crit|p1a: Reuniclus
|-damage|p1a: Reuniclus|62/100 tox
|
|-weather|Sandstorm|[upkeep]
|-heal|p1a: Reuniclus|68/100 tox|[from] item: Leftovers
|upkeep
|turn|153
|
|t:|1705927476
|move|p1a: Reuniclus|Calm Mind|p1a: Reuniclus
|-boost|p1a: Reuniclus|spa|1
|-boost|p1a: Reuniclus|spd|1
|move|p2a: Jirachi|Fire Punch|p1a: Reuniclus
|-damage|p1a: Reuniclus|55/100 tox
|
|-weather|Sandstorm|[upkeep]
|-heal|p1a: Reuniclus|61/100 tox|[from] item: Leftovers
|upkeep
|turn|154
|
|t:|1705927482
|move|p1a: Reuniclus|Calm Mind|p1a: Reuniclus
|-boost|p1a: Reuniclus|spa|1
|-boost|p1a: Reuniclus|spd|1
|move|p2a: Jirachi|Fire Punch|p1a: Reuniclus
|-damage|p1a: Reuniclus|50/100 tox
|
|-weather|Sandstorm|[upkeep]
|-heal|p1a: Reuniclus|56/100 tox|[from] item: Leftovers
|upkeep
|turn|155
|
|t:|1705927485
|move|p1a: Reuniclus|Psyshock|p2a: Jirachi
|-resisted|p2a: Jirachi
|-damage|p2a: Jirachi|75/100 par
|move|p2a: Jirachi|Fire Punch|p1a: Reuniclus
|-damage|p1a: Reuniclus|44/100 tox
|
|-weather|Sandstorm|[upkeep]
|-heal|p1a: Reuniclus|50/100 tox|[from] item: Leftovers
|-heal|p2a: Jirachi|82/100 par|[from] item: Leftovers
|upkeep
|turn|156
|
|t:|1705927489
|move|p2a: Jirachi|Protect|p2a: Jirachi
|-singleturn|p2a: Jirachi|Protect
|move|p1a: Reuniclus|Recover|p1a: Reuniclus
|-heal|p1a: Reuniclus|100/100 tox
|
|-weather|Sandstorm|[upkeep]
|-heal|p2a: Jirachi|88/100 par|[from] item: Leftovers
|upkeep
|turn|157
|
|t:|1705927491
|move|p1a: Reuniclus|Thunder|p2a: Jirachi
|-damage|p2a: Jirachi|0 fnt
|faint|p2a: Jirachi
|
|-weather|Sandstorm|[upkeep]
|upkeep
|
|t:|1705927494
|switch|p2a: Quagsire|Quagsire, M|75/100
|turn|158
|
|t:|1705927497
|switch|p1a: Gastrodon|Gastrodon, M|60/100 psn
|-damage|p1a: Gastrodon|53/100 psn|[from] Stealth Rock
|-damage|p1a: Gastrodon|41/100 psn|[from] Spikes
|move|p2a: Quagsire|Earthquake|p1a: Gastrodon
|-damage|p1a: Gastrodon|17/100 psn
|
|-weather|Sandstorm|[upkeep]
|-heal|p2a: Quagsire|81/100|[from] item: Leftovers
|-heal|p1a: Gastrodon|23/100 psn|[from] item: Leftovers
|-damage|p1a: Gastrodon|11/100 psn|[from] psn
|upkeep
|turn|159
|
|t:|1705927506
|move|p2a: Quagsire|Earthquake|p1a: Gastrodon
|-crit|p1a: Gastrodon
|-damage|p1a: Gastrodon|0 fnt
|faint|p1a: Gastrodon
|
|-weather|Sandstorm|[upkeep]
|-heal|p2a: Quagsire|87/100|[from] item: Leftovers
|upkeep
|inactive|fids77 has 120 seconds left.
|
|t:|1705927539
|switch|p1a: Skarmory|Skarmory, M|61/100 brn
|-damage|p1a: Skarmory|49/100 brn|[from] Stealth Rock
|turn|160
|
|t:|1705927543
|move|p1a: Skarmory|Roost|p1a: Skarmory
|-heal|p1a: Skarmory|99/100 brn
|-singleturn|p1a: Skarmory|move: Roost
|move|p2a: Quagsire|Earthquake|p1a: Skarmory
|-supereffective|p1a: Skarmory
|-damage|p1a: Skarmory|50/100 brn
|
|-weather|Sandstorm|[upkeep]
|-heal|p1a: Skarmory|56/100 brn|[from] item: Leftovers
|-heal|p2a: Quagsire|93/100|[from] item: Leftovers
|-damage|p1a: Skarmory|43/100 brn|[from] brn
|upkeep
|turn|161
|
|t:|1705927547
|move|p1a: Skarmory|Spikes|p2a: Quagsire
|-sidestart|p2: radaty|Spikes
|move|p2a: Quagsire|Encore|p1a: Skarmory
|-start|p1a: Skarmory|Encore
|
|-weather|Sandstorm|[upkeep]
|-heal|p1a: Skarmory|49/100 brn|[from] item: Leftovers
|-heal|p2a: Quagsire|99/100|[from] item: Leftovers
|-damage|p1a: Skarmory|37/100 brn|[from] brn
|upkeep
|turn|162
|
|t:|1705927557
|switch|p1a: Reuniclus|Reuniclus, M, shiny|100/100 tox
|move|p2a: Quagsire|Scald|p1a: Reuniclus
|-crit|p1a: Reuniclus
|-damage|p1a: Reuniclus|67/100 tox
|
|-weather|Sandstorm|[upkeep]
|-heal|p2a: Quagsire|100/100|[from] item: Leftovers
|-heal|p1a: Reuniclus|73/100 tox|[from] item: Leftovers
|upkeep
|turn|163
|
|t:|1705927563
|switch|p2a: Tentacruel|Tentacruel, M|100/100
|-damage|p2a: Tentacruel|88/100|[from] Spikes
|move|p1a: Reuniclus|Calm Mind|p1a: Reuniclus
|-boost|p1a: Reuniclus|spa|1
|-boost|p1a: Reuniclus|spd|1
|
|-weather|Sandstorm|[upkeep]
|-damage|p2a: Tentacruel|82/100|[from] Sandstorm
|-heal|p2a: Tentacruel|88/100|[from] item: Black Sludge
|-heal|p1a: Reuniclus|79/100 tox|[from] item: Leftovers
|upkeep
|turn|164
|
|t:|1705927566
|move|p2a: Tentacruel|Rapid Spin|p1a: Reuniclus
|-damage|p1a: Reuniclus|77/100 tox
|-sideend|p2: radaty|Spikes|[from] move: Rapid Spin|[of] p2a: Tentacruel
|move|p1a: Reuniclus|Calm Mind|p1a: Reuniclus
|-boost|p1a: Reuniclus|spa|1
|-boost|p1a: Reuniclus|spd|1
|
|-weather|Sandstorm|[upkeep]
|-damage|p2a: Tentacruel|82/100|[from] Sandstorm
|-heal|p2a: Tentacruel|88/100|[from] item: Black Sludge
|-heal|p1a: Reuniclus|83/100 tox|[from] item: Leftovers
|upkeep
|turn|165
|
|t:|1705927571
|move|p2a: Tentacruel|Protect|p2a: Tentacruel
|-singleturn|p2a: Tentacruel|Protect
|move|p1a: Reuniclus|Calm Mind|p1a: Reuniclus
|-boost|p1a: Reuniclus|spa|1
|-boost|p1a: Reuniclus|spd|1
|
|-weather|Sandstorm|[upkeep]
|-damage|p2a: Tentacruel|82/100|[from] Sandstorm
|-heal|p2a: Tentacruel|88/100|[from] item: Black Sludge
|-heal|p1a: Reuniclus|89/100 tox|[from] item: Leftovers
|upkeep
|turn|166
|
|t:|1705927575
|switch|p2a: Quagsire|Quagsire, M|100/100
|move|p1a: Reuniclus|Psyshock|p2a: Quagsire
|-damage|p2a: Quagsire|78/100
|
|-weather|Sandstorm|[upkeep]
|-heal|p2a: Quagsire|84/100|[from] item: Leftovers
|-heal|p1a: Reuniclus|96/100 tox|[from] item: Leftovers
|upkeep
|turn|167
|
|t:|1705927584
|switch|p2a: Tentacruel|Tentacruel, M|88/100
|move|p1a: Reuniclus|Calm Mind|p1a: Reuniclus
|-boost|p1a: Reuniclus|spa|1
|-boost|p1a: Reuniclus|spd|1
|
|-weather|Sandstorm|[upkeep]
|-damage|p2a: Tentacruel|82/100|[from] Sandstorm
|-heal|p2a: Tentacruel|88/100|[from] item: Black Sludge
|-heal|p1a: Reuniclus|100/100 tox|[from] item: Leftovers
|upkeep
|turn|168
|
|t:|1705927587
|move|p2a: Tentacruel|Protect|p2a: Tentacruel
|-singleturn|p2a: Tentacruel|Protect
|move|p1a: Reuniclus|Calm Mind|p1a: Reuniclus
|-boost|p1a: Reuniclus|spa|1
|-boost|p1a: Reuniclus|spd|1
|
|-weather|Sandstorm|[upkeep]
|-damage|p2a: Tentacruel|82/100|[from] Sandstorm
|-heal|p2a: Tentacruel|88/100|[from] item: Black Sludge
|upkeep
|turn|169
|
|t:|1705927602
|switch|p2a: Chansey|Chansey, F|88/100
|move|p1a: Reuniclus|Calm Mind|p1a: Reuniclus
|-boost|p1a: Reuniclus|spa|1
|-boost|p1a: Reuniclus|spd|1
|
|-weather|Sandstorm|[upkeep]
|-damage|p2a: Chansey|82/100|[from] Sandstorm
|upkeep
|turn|170
|
|t:|1705927626
|switch|p2a: Quagsire|Quagsire, M|84/100
|move|p1a: Reuniclus|Psyshock|p2a: Quagsire
|-damage|p2a: Quagsire|61/100
|
|-weather|Sandstorm|[upkeep]
|-heal|p2a: Quagsire|67/100|[from] item: Leftovers
|upkeep
|turn|171
|
|t:|1705927634
|move|p2a: Quagsire|Scald|p1a: Reuniclus
|-damage|p1a: Reuniclus|85/100 tox
|move|p1a: Reuniclus|Psyshock|p2a: Quagsire
|-damage|p2a: Quagsire|45/100
|
|-weather|Sandstorm|[upkeep]
|-heal|p2a: Quagsire|51/100|[from] item: Leftovers
|-heal|p1a: Reuniclus|92/100 tox|[from] item: Leftovers
|upkeep
|turn|172
|
|t:|1705927639
|move|p2a: Quagsire|Recover|p2a: Quagsire
|-heal|p2a: Quagsire|100/100
|move|p1a: Reuniclus|Calm Mind|p1a: Reuniclus
|-boost|p1a: Reuniclus|spa|0
|-boost|p1a: Reuniclus|spd|0
|
|-weather|Sandstorm|[upkeep]
|-heal|p1a: Reuniclus|98/100 tox|[from] item: Leftovers
|upkeep
|turn|173
|
|t:|1705927650
|switch|p2a: Tentacruel|Tentacruel, M|88/100
|move|p1a: Reuniclus|Thunder|p2a: Tentacruel
|-supereffective|p2a: Tentacruel
|-damage|p2a: Tentacruel|0 fnt
|faint|p2a: Tentacruel
|
|-weather|Sandstorm|[upkeep]
|-heal|p1a: Reuniclus|100/100 tox|[from] item: Leftovers
|upkeep
|
|t:|1705927653
|switch|p2a: Chansey|Chansey, F|82/100
|turn|174
|
|t:|1705927660
|switch|p2a: Quagsire|Quagsire, M|100/100
|move|p1a: Reuniclus|Psyshock|p2a: Quagsire
|-damage|p2a: Quagsire|77/100
|
|-weather|Sandstorm|[upkeep]
|-heal|p2a: Quagsire|83/100|[from] item: Leftovers
|upkeep
|turn|175
|
|t:|1705927670
|switch|p2a: Chansey|Chansey, F|82/100
|move|p1a: Reuniclus|Thunder|p2a: Chansey|[miss]
|-miss|p1a: Reuniclus|p2a: Chansey
|
|-weather|Sandstorm|[upkeep]
|-damage|p2a: Chansey|76/100|[from] Sandstorm
|upkeep
|turn|176
|
|t:|1705927676
|move|p2a: Chansey|Seismic Toss|p1a: Reuniclus
|-damage|p1a: Reuniclus|77/100 tox
|move|p1a: Reuniclus|Calm Mind|p1a: Reuniclus
|-boost|p1a: Reuniclus|spa|0
|-boost|p1a: Reuniclus|spd|0
|
|-weather|Sandstorm|[upkeep]
|-damage|p2a: Chansey|69/100|[from] Sandstorm
|-heal|p1a: Reuniclus|83/100 tox|[from] item: Leftovers
|upkeep
|turn|177
|
|t:|1705927680
|move|p2a: Chansey|Seismic Toss|p1a: Reuniclus
|-damage|p1a: Reuniclus|59/100 tox
|move|p1a: Reuniclus|Thunder|p2a: Chansey
|-damage|p2a: Chansey|36/100
|
|-weather|Sandstorm|[upkeep]
|-damage|p2a: Chansey|30/100|[from] Sandstorm
|-heal|p1a: Reuniclus|66/100 tox|[from] item: Leftovers
|upkeep
|turn|178
|
|t:|1705927683
|move|p2a: Chansey|Soft-Boiled|p2a: Chansey
|-heal|p2a: Chansey|80/100
|move|p1a: Reuniclus|Thunder|p2a: Chansey
|-damage|p2a: Chansey|44/100
|-status|p2a: Chansey|par
|
|-weather|Sandstorm|[upkeep]
|-damage|p2a: Chansey|38/100 par|[from] Sandstorm
|-heal|p1a: Reuniclus|72/100 tox|[from] item: Leftovers
|upkeep
|turn|179
|
|t:|1705927688
|switch|p1a: Skarmory|Skarmory, M|37/100 brn
|-damage|p1a: Skarmory|25/100 brn|[from] Stealth Rock
|-curestatus|p2a: Chansey|par|[from] ability: Natural Cure
|switch|p2a: Quagsire|Quagsire, M|83/100
|
|-weather|Sandstorm|[upkeep]
|-heal|p1a: Skarmory|31/100 brn|[from] item: Leftovers
|-heal|p2a: Quagsire|89/100|[from] item: Leftovers
|-damage|p1a: Skarmory|18/100 brn|[from] brn
|upkeep
|turn|180
|
|t:|1705927692
|move|p1a: Skarmory|Roost|p1a: Skarmory
|-heal|p1a: Skarmory|68/100 brn
|-singleturn|p1a: Skarmory|move: Roost
|move|p2a: Quagsire|Scald|p1a: Skarmory
|-damage|p1a: Skarmory|52/100 brn
|
|-weather|Sandstorm|[upkeep]
|-heal|p1a: Skarmory|58/100 brn|[from] item: Leftovers
|-heal|p2a: Quagsire|95/100|[from] item: Leftovers
|-damage|p1a: Skarmory|46/100 brn|[from] brn
|upkeep
|turn|181
|
|t:|1705927695
|switch|p2a: Chansey|Chansey, F|38/100
|move|p1a: Skarmory|Roost|p1a: Skarmory
|-heal|p1a: Skarmory|96/100 brn
|-singleturn|p1a: Skarmory|move: Roost
|
|-weather|Sandstorm|[upkeep]
|-damage|p2a: Chansey|31/100|[from] Sandstorm
|-heal|p1a: Skarmory|100/100 brn|[from] item: Leftovers
|-damage|p1a: Skarmory|88/100 brn|[from] brn
|upkeep
|turn|182
|
|t:|1705927697
|move|p1a: Skarmory|Spikes|p2a: Chansey
|-sidestart|p2: radaty|Spikes
|move|p2a: Chansey|Soft-Boiled|p2a: Chansey
|-heal|p2a: Chansey|81/100
|
|-weather|Sandstorm|[upkeep]
|-damage|p2a: Chansey|75/100|[from] Sandstorm
|-heal|p1a: Skarmory|94/100 brn|[from] item: Leftovers
|-damage|p1a: Skarmory|82/100 brn|[from] brn
|upkeep
|turn|183
|
|t:|1705927699
|move|p1a: Skarmory|Spikes|p2a: Chansey
|-sidestart|p2: radaty|Spikes
|move|p2a: Chansey|Seismic Toss|p1a: Skarmory
|-damage|p1a: Skarmory|52/100 brn
|
|-weather|Sandstorm|[upkeep]
|-damage|p2a: Chansey|69/100|[from] Sandstorm
|-heal|p1a: Skarmory|58/100 brn|[from] item: Leftovers
|-damage|p1a: Skarmory|46/100 brn|[from] brn
|upkeep
|turn|184
|
|t:|1705927703
|move|p1a: Skarmory|Roost|p1a: Skarmory
|-heal|p1a: Skarmory|96/100 brn
|-singleturn|p1a: Skarmory|move: Roost
|move|p2a: Chansey|Seismic Toss|p1a: Skarmory
|-damage|p1a: Skarmory|66/100 brn
|
|-weather|Sandstorm|[upkeep]
|-damage|p2a: Chansey|63/100|[from] Sandstorm
|-heal|p1a: Skarmory|72/100 brn|[from] item: Leftovers
|-damage|p1a: Skarmory|59/100 brn|[from] brn
|upkeep
|turn|185
|
|t:|1705927706
|move|p1a: Skarmory|Spikes|p2a: Chansey
|-sidestart|p2: radaty|Spikes
|move|p2a: Chansey|Seismic Toss|p1a: Skarmory
|-damage|p1a: Skarmory|30/100 brn
|
|-weather|Sandstorm|[upkeep]
|-damage|p2a: Chansey|56/100|[from] Sandstorm
|-heal|p1a: Skarmory|36/100 brn|[from] item: Leftovers
|-damage|p1a: Skarmory|23/100 brn|[from] brn
|upkeep
|turn|186
|
|t:|1705927709
|move|p1a: Skarmory|Roost|p1a: Skarmory
|-heal|p1a: Skarmory|73/100 brn
|-singleturn|p1a: Skarmory|move: Roost
|move|p2a: Chansey|Seismic Toss|p1a: Skarmory
|-damage|p1a: Skarmory|43/100 brn
|
|-weather|Sandstorm|[upkeep]
|-damage|p2a: Chansey|50/100|[from] Sandstorm
|-heal|p1a: Skarmory|49/100 brn|[from] item: Leftovers
|-damage|p1a: Skarmory|37/100 brn|[from] brn
|upkeep
|turn|187
|
|t:|1705927716
|move|p1a: Skarmory|Roost|p1a: Skarmory
|-heal|p1a: Skarmory|87/100 brn
|-singleturn|p1a: Skarmory|move: Roost
|move|p2a: Chansey|Soft-Boiled|p2a: Chansey
|-heal|p2a: Chansey|99/100
|
|-weather|Sandstorm|[upkeep]
|-damage|p2a: Chansey|94/100|[from] Sandstorm
|-heal|p1a: Skarmory|93/100 brn|[from] item: Leftovers
|-damage|p1a: Skarmory|81/100 brn|[from] brn
|upkeep
|turn|188
|
|t:|1705927723
|move|p2a: Chansey|Seismic Toss|p1a: Skarmory
|-damage|p1a: Skarmory|51/100 brn
|move|p1a: Skarmory|Whirlwind|p2a: Chansey
|drag|p2a: Quagsire|Quagsire, M|95/100
|-damage|p2a: Quagsire|70/100|[from] Spikes
|
|-weather|Sandstorm|[upkeep]
|-heal|p1a: Skarmory|57/100 brn|[from] item: Leftovers
|-heal|p2a: Quagsire|76/100|[from] item: Leftovers
|-damage|p1a: Skarmory|45/100 brn|[from] brn
|upkeep
|turn|189
|
|t:|1705927727
|move|p1a: Skarmory|Roost|p1a: Skarmory
|-heal|p1a: Skarmory|95/100 brn
|-singleturn|p1a: Skarmory|move: Roost
|move|p2a: Quagsire|Scald|p1a: Skarmory
|-damage|p1a: Skarmory|79/100 brn
|
|-weather|Sandstorm|[upkeep]
|-heal|p1a: Skarmory|85/100 brn|[from] item: Leftovers
|-heal|p2a: Quagsire|82/100|[from] item: Leftovers
|-damage|p1a: Skarmory|73/100 brn|[from] brn
|upkeep
|turn|190
|
|t:|1705927735
|move|p2a: Quagsire|Scald|p1a: Skarmory
|-damage|p1a: Skarmory|56/100 brn
|move|p1a: Skarmory|Whirlwind|p2a: Quagsire
|drag|p2a: Chansey|Chansey, F|94/100
|-damage|p2a: Chansey|69/100|[from] Spikes
|
|-weather|Sandstorm|[upkeep]
|-damage|p2a: Chansey|63/100|[from] Sandstorm
|-heal|p1a: Skarmory|62/100 brn|[from] item: Leftovers
|-damage|p1a: Skarmory|49/100 brn|[from] brn
|upkeep
|turn|191
|
|t:|1705927740
|move|p1a: Skarmory|Roost|p1a: Skarmory
|-heal|p1a: Skarmory|99/100 brn
|-singleturn|p1a: Skarmory|move: Roost
|move|p2a: Chansey|Seismic Toss|p1a: Skarmory
|-damage|p1a: Skarmory|69/100 brn
|
|-weather|Sandstorm|[upkeep]
|-damage|p2a: Chansey|57/100|[from] Sandstorm
|-heal|p1a: Skarmory|75/100 brn|[from] item: Leftovers
|-damage|p1a: Skarmory|63/100 brn|[from] brn
|upkeep
|turn|192
|
|t:|1705927743
|move|p1a: Skarmory|Spikes||[still]
|-fail|p1a: Skarmory
|move|p2a: Chansey|Seismic Toss|p1a: Skarmory
|-damage|p1a: Skarmory|33/100 brn
|
|-weather|Sandstorm|[upkeep]
|-damage|p2a: Chansey|51/100|[from] Sandstorm
|-heal|p1a: Skarmory|39/100 brn|[from] item: Leftovers
|-damage|p1a: Skarmory|27/100 brn|[from] brn
|upkeep
|turn|193
|
|t:|1705927751
|move|p1a: Skarmory|Roost|p1a: Skarmory
|-heal|p1a: Skarmory|77/100 brn
|-singleturn|p1a: Skarmory|move: Roost
|move|p2a: Chansey|Seismic Toss|p1a: Skarmory
|-damage|p1a: Skarmory|47/100 brn
|
|-weather|Sandstorm|[upkeep]
|-damage|p2a: Chansey|44/100|[from] Sandstorm
|-heal|p1a: Skarmory|53/100 brn|[from] item: Leftovers
|-damage|p1a: Skarmory|41/100 brn|[from] brn
|upkeep
|turn|194
|
|t:|1705927759
|move|p1a: Skarmory|Roost|p1a: Skarmory
|-heal|p1a: Skarmory|91/100 brn
|-singleturn|p1a: Skarmory|move: Roost
|move|p2a: Chansey|Soft-Boiled|p2a: Chansey
|-heal|p2a: Chansey|94/100
|
|-weather|Sandstorm|[upkeep]
|-damage|p2a: Chansey|88/100|[from] Sandstorm
|-heal|p1a: Skarmory|97/100 brn|[from] item: Leftovers
|-damage|p1a: Skarmory|84/100 brn|[from] brn
|upkeep
|turn|195
|l|☆radaty
|inactive|radaty disconnected and has a minute to reconnect!
|player|p2|
|j|☆radaty
|inactive|radaty reconnected and has 140 seconds left.
|player|p2|radaty|265
|
|t:|1705927776
|move|p2a: Chansey|Seismic Toss|p1a: Skarmory
|-damage|p1a: Skarmory|54/100 brn
|move|p1a: Skarmory|Whirlwind|p2a: Chansey
|drag|p2a: Quagsire|Quagsire, M|82/100
|-damage|p2a: Quagsire|57/100|[from] Spikes
|
|-weather|Sandstorm|[upkeep]
|-heal|p1a: Skarmory|60/100 brn|[from] item: Leftovers
|-heal|p2a: Quagsire|64/100|[from] item: Leftovers
|-damage|p1a: Skarmory|48/100 brn|[from] brn
|upkeep
|turn|196
|
|t:|1705927780
|move|p1a: Skarmory|Roost|p1a: Skarmory
|-heal|p1a: Skarmory|98/100 brn
|-singleturn|p1a: Skarmory|move: Roost
|move|p2a: Quagsire|Scald|p1a: Skarmory
|-damage|p1a: Skarmory|83/100 brn
|
|-weather|Sandstorm|[upkeep]
|-heal|p1a: Skarmory|89/100 brn|[from] item: Leftovers
|-heal|p2a: Quagsire|70/100|[from] item: Leftovers
|-damage|p1a: Skarmory|77/100 brn|[from] brn
|upkeep
|turn|197
|
|t:|1705927782
|move|p2a: Quagsire|Scald|p1a: Skarmory
|-damage|p1a: Skarmory|59/100 brn
|move|p1a: Skarmory|Whirlwind|p2a: Quagsire
|drag|p2a: Chansey|Chansey, F|88/100
|-damage|p2a: Chansey|63/100|[from] Spikes
|
|-weather|Sandstorm|[upkeep]
|-damage|p2a: Chansey|57/100|[from] Sandstorm
|-heal|p1a: Skarmory|65/100 brn|[from] item: Leftovers
|-damage|p1a: Skarmory|53/100 brn|[from] brn
|upkeep
|turn|198
|
|t:|1705927787
|move|p1a: Skarmory|Spikes||[still]
|-fail|p1a: Skarmory
|move|p2a: Chansey|Seismic Toss|p1a: Skarmory
|-damage|p1a: Skarmory|23/100 brn
|
|-weather|Sandstorm|[upkeep]
|-damage|p2a: Chansey|51/100|[from] Sandstorm
|-heal|p1a: Skarmory|29/100 brn|[from] item: Leftovers
|-damage|p1a: Skarmory|17/100 brn|[from] brn
|upkeep
|turn|199
|
|t:|1705927790
|move|p1a: Skarmory|Roost|p1a: Skarmory
|-heal|p1a: Skarmory|67/100 brn
|-singleturn|p1a: Skarmory|move: Roost
|move|p2a: Chansey|Seismic Toss|p1a: Skarmory
|-damage|p1a: Skarmory|37/100 brn
|
|-weather|Sandstorm|[upkeep]
|-damage|p2a: Chansey|45/100|[from] Sandstorm
|-heal|p1a: Skarmory|43/100 brn|[from] item: Leftovers
|-damage|p1a: Skarmory|31/100 brn|[from] brn
|upkeep
|turn|200
|
|t:|1705927797
|move|p1a: Skarmory|Brave Bird|p2a: Chansey
|-damage|p2a: Chansey|33/100
|-damage|p1a: Skarmory|24/100 brn|[from] Recoil
|move|p2a: Chansey|Seismic Toss|p1a: Skarmory
|-damage|p1a: Skarmory|0 fnt
|faint|p1a: Skarmory
|
|-weather|Sandstorm|[upkeep]
|-damage|p2a: Chansey|27/100|[from] Sandstorm
|upkeep
|
|t:|1705927807
|switch|p1a: Reuniclus|Reuniclus, M, shiny|72/100 tox
|turn|201
|
|t:|1705927811
|move|p2a: Chansey|Seismic Toss|p1a: Reuniclus
|-damage|p1a: Reuniclus|48/100 tox
|move|p1a: Reuniclus|Calm Mind|p1a: Reuniclus
|-boost|p1a: Reuniclus|spa|1
|-boost|p1a: Reuniclus|spd|1
|
|-weather|Sandstorm|[upkeep]
|-damage|p2a: Chansey|21/100|[from] Sandstorm
|-heal|p1a: Reuniclus|54/100 tox|[from] item: Leftovers
|upkeep
|turn|202
|
|t:|1705927814
|move|p2a: Chansey|Stealth Rock||[still]
|-fail|p2a: Chansey
|move|p1a: Reuniclus|Calm Mind|p1a: Reuniclus
|-boost|p1a: Reuniclus|spa|1
|-boost|p1a: Reuniclus|spd|1
|
|-weather|Sandstorm|[upkeep]
|-damage|p2a: Chansey|15/100|[from] Sandstorm
|-heal|p1a: Reuniclus|60/100 tox|[from] item: Leftovers
|upkeep
|turn|203
|
|t:|1705927816
|move|p2a: Chansey|Stealth Rock||[still]
|-fail|p2a: Chansey
|move|p1a: Reuniclus|Recover|p1a: Reuniclus
|-heal|p1a: Reuniclus|100/100 tox
|
|-weather|Sandstorm|[upkeep]
|-damage|p2a: Chansey|8/100|[from] Sandstorm
|upkeep
|turn|204
|
|t:|1705927821
|move|p2a: Chansey|Stealth Rock||[still]
|-fail|p2a: Chansey
|move|p1a: Reuniclus|Thunder|p2a: Chansey
|-damage|p2a: Chansey|0 fnt
|faint|p2a: Chansey
|
|-weather|Sandstorm|[upkeep]
|upkeep
|
|t:|1705927823
|switch|p2a: Quagsire|Quagsire, M|70/100
|-damage|p2a: Quagsire|45/100|[from] Spikes
|turn|205
|
|t:|1705927825
|move|p2a: Quagsire|Recover|p2a: Quagsire
|-heal|p2a: Quagsire|95/100
|move|p1a: Reuniclus|Thunder|p2a: Quagsire
|-immune|p2a: Quagsire
|
|-weather|Sandstorm|[upkeep]
|-heal|p2a: Quagsire|100/100|[from] item: Leftovers
|upkeep
|turn|206
|
|t:|1705927828
|move|p2a: Quagsire|Scald|p1a: Reuniclus
|-damage|p1a: Reuniclus|84/100 tox
|move|p1a: Reuniclus|Thunder|p2a: Quagsire
|-immune|p2a: Quagsire
|
|-weather|Sandstorm|[upkeep]
|-heal|p1a: Reuniclus|90/100 tox|[from] item: Leftovers
|upkeep
|turn|207
|
|t:|1705927829
|move|p2a: Quagsire|Recover||[still]
|-fail|p2a: Quagsire|heal
|move|p1a: Reuniclus|Recover|p1a: Reuniclus
|-heal|p1a: Reuniclus|100/100 tox
|
|-weather|Sandstorm|[upkeep]
|upkeep
|turn|208
|
|t:|1705927832
|move|p2a: Quagsire|Recover||[still]
|-fail|p2a: Quagsire|heal
|move|p1a: Reuniclus|Recover||[still]
|-fail|p1a: Reuniclus|heal
|
|-weather|Sandstorm|[upkeep]
|upkeep
|turn|209
|
|t:|1705927834
|move|p2a: Quagsire|Recover||[still]
|-fail|p2a: Quagsire|heal
|-activate|p1a: Reuniclus|move: Struggle
|move|p1a: Reuniclus|Struggle|p2a: Quagsire
|-damage|p2a: Quagsire|96/100
|-damage|p1a: Reuniclus|75/100 tox|[from] recoil
|
|-weather|Sandstorm|[upkeep]
|-heal|p2a: Quagsire|100/100|[from] item: Leftovers
|-heal|p1a: Reuniclus|82/100 tox|[from] item: Leftovers
|upkeep
|turn|210
|
|t:|1705927837
|move|p2a: Quagsire|Recover||[still]
|-fail|p2a: Quagsire|heal
|-activate|p1a: Reuniclus|move: Struggle
|move|p1a: Reuniclus|Struggle|p2a: Quagsire
|-damage|p2a: Quagsire|96/100
|-damage|p1a: Reuniclus|57/100 tox|[from] recoil
|
|-weather|Sandstorm|[upkeep]
|-heal|p2a: Quagsire|100/100|[from] item: Leftovers
|-heal|p1a: Reuniclus|63/100 tox|[from] item: Leftovers
|upkeep
|turn|211
|
|t:|1705927838
|move|p2a: Quagsire|Recover||[still]
|-fail|p2a: Quagsire|heal
|-activate|p1a: Reuniclus|move: Struggle
|move|p1a: Reuniclus|Struggle|p2a: Quagsire
|-damage|p2a: Quagsire|96/100
|-damage|p1a: Reuniclus|38/100 tox|[from] recoil
|
|-weather|Sandstorm|[upkeep]
|-heal|p2a: Quagsire|100/100|[from] item: Leftovers
|-heal|p1a: Reuniclus|44/100 tox|[from] item: Leftovers
|upkeep
|turn|212
|
|t:|1705927840
|move|p2a: Quagsire|Recover||[still]
|-fail|p2a: Quagsire|heal
|-activate|p1a: Reuniclus|move: Struggle
|move|p1a: Reuniclus|Struggle|p2a: Quagsire
|-damage|p2a: Quagsire|96/100
|-damage|p1a: Reuniclus|19/100 tox|[from] recoil
|
|-weather|Sandstorm|[upkeep]
|-heal|p2a: Quagsire|100/100|[from] item: Leftovers
|-heal|p1a: Reuniclus|25/100 tox|[from] item: Leftovers
|upkeep
|turn|213
|
|t:|1705927842
|move|p2a: Quagsire|Recover||[still]
|-fail|p2a: Quagsire|heal
|-activate|p1a: Reuniclus|move: Struggle
|move|p1a: Reuniclus|Struggle|p2a: Quagsire
|-damage|p2a: Quagsire|96/100
|-damage|p1a: Reuniclus|0 fnt|[from] recoil
|faint|p1a: Reuniclus
|
|-weather|Sandstorm|[upkeep]
|-heal|p2a: Quagsire|100/100|[from] item: Leftovers
|upkeep
|
|t:|1705927845
|switch|p1a: Alakazam|Alakazam, M|45/100 tox
|turn|214
|
|t:|1705927848
|move|p1a: Alakazam|Psychic|p2a: Quagsire
|-damage|p2a: Quagsire|43/100
|-unboost|p2a: Quagsire|spd|1
|move|p2a: Quagsire|Scald|p1a: Alakazam
|-damage|p1a: Alakazam|16/100 tox
|
|-weather|Sandstorm|[upkeep]
|-heal|p2a: Quagsire|49/100|[from] item: Leftovers
|upkeep
|turn|215
|
|t:|1705927851
|move|p1a: Alakazam|Psychic|p2a: Quagsire
|-damage|p2a: Quagsire|0 fnt
|faint|p2a: Quagsire
|
|win|fids77
|raw|fids77's rating: 1390 &rarr; <strong>1417</strong><br />(+27 for winning)
|raw|radaty's rating: 1524 &rarr; <strong>1497</strong><br />(-27 for losing)
|l|☆radaty
|player|p2|
|c|☆fids77|gg
