|j|Hidden & Dangerous
|j|shyguy94
|player|p1|Hidden & Dangerous|33
|teamsize|p1|6
|player|p2|shyguy94|166
|teamsize|p2|6
|gametype|singles
|gen|5
|tier|[Gen 5] OU
|rated
|seed|48188,12410,29106,63030
|rule|Evasion Abilities Clause: Evasion abilities are banned
|rule|Baton Pass Clause: Limit one Baton Passer, can't pass Spe and other stats simultaneously
|rule|Swagger Clause: Swagger is banned
|clearpoke
|poke|p1|Tentacruel, M|item
|poke|p1|Gliscor, M|item
|poke|p1|Pelipper, M|item
|poke|p1|Politoed, M|item
|poke|p1|Jirachi|item
|poke|p1|Dugtrio, M|item
|poke|p2|Tangrowth, M|item
|poke|p2|Garchomp, M|item
|poke|p2|Heatran, F|item
|poke|p2|Latios, M|item
|poke|p2|Landorus-Therian, M|item
|poke|p2|Sharpedo, M, shiny|item
|rule|Sleep Clause Mod: Limit one foe put to sleep
|rule|Species Clause: Limit one of each Pokémon
|rule|OHKO Clause: OHKO moves are banned
|rule|Moody Clause: Moody is banned
|rule|Evasion Moves Clause: Evasion moves are banned
|rule|Endless Battle Clause: Forcing endless battles is banned
|rule|HP Percentage Mod: HP is shown in percentages
|teampreview
|inactive|Battle timer is ON: inactive players will automatically lose when time's up. (requested by Hidden & Dangerous)
|choice|team 4, team 2, team 3, team 1, team 5, team 6|team 4, team 2, team 3, team 1, team 5, team 6
|
|start
|switch|p1a: Politoed|Politoed, M|322/322
|switch|p2a: Latios|Latios, M|301/301
|-weather|RainDance|[from] ability: Drizzle|[of] p1a: Politoed
|turn|1
|choice|move hypnosis|move dracometeor
|
|move|p1a: Politoed|Hypnosis|p2a: Latios|[miss]
|-miss|p1a: Politoed|p2a: Latios
|move|p2a: Latios|Draco Meteor|p1a: Politoed
|-damage|p1a: Politoed|0 fnt
|-unboost|p2a: Latios|spa|2
|faint|p1a: Politoed
|
|-weather|RainDance|[upkeep]
|upkeep
|choice|switch 5|
|
|switch|p1a: Jirachi|Jirachi|404/404
|turn|2
|choice|move thunder|switch 3
|
|switch|p2a: Heatran|Heatran, F|385/385
|move|p1a: Jirachi|Thunder|p2a: Heatran
|-damage|p2a: Heatran|299/385
|-status|p2a: Heatran|par
|
|-weather|RainDance|[upkeep]
|-heal|p2a: Heatran|323/385 par|[from] item: Leftovers
|upkeep
|turn|3
|choice|move substitute|move stealthrock
|
|move|p1a: Jirachi|Substitute|p1a: Jirachi
|-start|p1a: Jirachi|Substitute
|-damage|p1a: Jirachi|303/404
|move|p2a: Heatran|Stealth Rock|p1a: Jirachi
|-sidestart|p1: Hidden & Dangerous|move: Stealth Rock
|
|-weather|RainDance|[upkeep]
|-heal|p1a: Jirachi|328/404|[from] item: Leftovers
|-heal|p2a: Heatran|347/385 par|[from] item: Leftovers
|upkeep
|turn|4
|choice|move calmmind|move magmastorm
|
|move|p1a: Jirachi|Calm Mind|p1a: Jirachi
|-boost|p1a: Jirachi|spa|1
|-boost|p1a: Jirachi|spd|1
|move|p2a: Heatran|Magma Storm|p1a: Jirachi
|-supereffective|p1a: Jirachi
|-end|p1a: Jirachi|Substitute
|
|-weather|RainDance|[upkeep]
|-heal|p1a: Jirachi|353/404|[from] item: Leftovers
|-heal|p2a: Heatran|371/385 par|[from] item: Leftovers
|upkeep
|turn|5
|inactive|shyguy94 has 120 seconds left.
|choice|move substitute|move magmastorm
|
|move|p1a: Jirachi|Substitute|p1a: Jirachi
|-start|p1a: Jirachi|Substitute
|-damage|p1a: Jirachi|252/404
|move|p2a: Heatran|Magma Storm|p1a: Jirachi
|-supereffective|p1a: Jirachi
|-end|p1a: Jirachi|Substitute
|
|-weather|RainDance|[upkeep]
|-heal|p1a: Jirachi|277/404|[from] item: Leftovers
|-heal|p2a: Heatran|385/385 par|[from] item: Leftovers
|upkeep
|turn|6
|choice|move substitute|switch 5
|
|switch|p2a: Landorus|Landorus-Therian, M|319/319
|-ability|p2a: Landorus|Intimidate|boost
|-unboost|p1a: Jirachi|atk|1
|move|p1a: Jirachi|Substitute|p1a: Jirachi
|-start|p1a: Jirachi|Substitute
|-damage|p1a: Jirachi|176/404
|
|-weather|RainDance|[upkeep]
|-heal|p1a: Jirachi|201/404|[from] item: Leftovers
|upkeep
|turn|7
|choice|move flashcannon|move earthquake
|
|move|p2a: Landorus|Earthquake|p1a: Jirachi
|-supereffective|p1a: Jirachi
|-end|p1a: Jirachi|Substitute
|move|p1a: Jirachi|Flash Cannon|p2a: Landorus
|-crit|p2a: Landorus
|-damage|p2a: Landorus|0 fnt
|faint|p2a: Landorus
|
|-weather|RainDance|[upkeep]
|-heal|p1a: Jirachi|226/404|[from] item: Leftovers
|upkeep
|choice||switch 2
|
|switch|p2a: Garchomp|Garchomp, M|357/357
|turn|8
|choice|switch 3|switch 6
|
|switch|p2a: Sharpedo|Sharpedo, M, shiny|281/281
|switch|p1a: Pelipper|Pelipper, M|324/324
|-damage|p1a: Pelipper|243/324|[from] Stealth Rock
|
|-weather|RainDance|[upkeep]
|-heal|p1a: Pelipper|263/324|[from] ability: Rain Dish
|-heal|p1a: Pelipper|283/324|[from] item: Leftovers
|upkeep
|turn|9
|choice|move substitute|switch 3
|
|switch|p2a: Latios|Latios, M|301/301
|move|p1a: Pelipper|Substitute|p1a: Pelipper
|-start|p1a: Pelipper|Substitute
|-damage|p1a: Pelipper|202/324
|
|-weather|RainDance|[upkeep]
|-heal|p1a: Pelipper|222/324|[from] ability: Rain Dish
|-heal|p1a: Pelipper|242/324|[from] item: Leftovers
|upkeep
|turn|10
|choice|move toxic|move psyshock
|
|move|p2a: Latios|Psyshock|p1a: Pelipper
|-end|p1a: Pelipper|Substitute
|move|p1a: Pelipper|Toxic|p2a: Latios
|-status|p2a: Latios|tox
|
|-weather|RainDance|[upkeep]
|-heal|p1a: Pelipper|262/324|[from] ability: Rain Dish
|-heal|p1a: Pelipper|282/324|[from] item: Leftovers
|-damage|p2a: Latios|283/301 tox|[from] psn
|upkeep
|turn|11
|choice|move protect|move psyshock
|
|move|p1a: Pelipper|Protect|p1a: Pelipper
|-singleturn|p1a: Pelipper|Protect
|move|p2a: Latios|Psyshock|p1a: Pelipper
|-activate|p1a: Pelipper|move: Protect
|
|-weather|RainDance|[upkeep]
|-heal|p1a: Pelipper|302/324|[from] ability: Rain Dish
|-heal|p1a: Pelipper|322/324|[from] item: Leftovers
|-damage|p2a: Latios|247/301 tox|[from] psn
|upkeep
|turn|12
|choice|move substitute|move psyshock
|
|move|p2a: Latios|Psyshock|p1a: Pelipper
|-damage|p1a: Pelipper|106/324
|move|p1a: Pelipper|Substitute|p1a: Pelipper
|-start|p1a: Pelipper|Substitute
|-damage|p1a: Pelipper|25/324
|
|-weather|RainDance|[upkeep]
|-heal|p1a: Pelipper|45/324|[from] ability: Rain Dish
|-heal|p1a: Pelipper|65/324|[from] item: Leftovers
|-damage|p2a: Latios|193/301 tox|[from] psn
|upkeep
|turn|13
|choice|move protect|switch 4
|
|switch|p2a: Tangrowth|Tangrowth, M|404/404
|move|p1a: Pelipper|Protect|p1a: Pelipper
|-fail|p1a: Pelipper
|
|-weather|RainDance|[upkeep]
|-heal|p1a: Pelipper|85/324|[from] ability: Rain Dish
|-heal|p1a: Pelipper|105/324|[from] item: Leftovers
|upkeep
|turn|14
|choice|move protect|move gigadrain
|
|move|p1a: Pelipper|Protect|p1a: Pelipper
|-singleturn|p1a: Pelipper|Protect
|move|p2a: Tangrowth|Giga Drain|p1a: Pelipper
|-activate|p1a: Pelipper|move: Protect
|
|-weather|RainDance|[upkeep]
|-heal|p1a: Pelipper|125/324|[from] ability: Rain Dish
|-heal|p1a: Pelipper|145/324|[from] item: Leftovers
|upkeep
|turn|15
|choice|move toxic|move gigadrain
|
|move|p1a: Pelipper|Toxic|p2a: Tangrowth
|-status|p2a: Tangrowth|tox
|move|p2a: Tangrowth|Giga Drain|p1a: Pelipper
|-end|p1a: Pelipper|Substitute
|
|-weather|RainDance|[upkeep]
|-heal|p1a: Pelipper|165/324|[from] ability: Rain Dish
|-heal|p1a: Pelipper|185/324|[from] item: Leftovers
|-damage|p2a: Tangrowth|379/404 tox|[from] psn
|upkeep
|turn|16
|choice|move protect|move gigadrain
|
|move|p1a: Pelipper|Protect|p1a: Pelipper
|-singleturn|p1a: Pelipper|Protect
|move|p2a: Tangrowth|Giga Drain|p1a: Pelipper
|-activate|p1a: Pelipper|move: Protect
|
|-weather|RainDance|[upkeep]
|-heal|p1a: Pelipper|205/324|[from] ability: Rain Dish
|-heal|p1a: Pelipper|225/324|[from] item: Leftovers
|-damage|p2a: Tangrowth|329/404 tox|[from] psn
|upkeep
|turn|17
|choice|switch 4|move gigadrain
|
|switch|p1a: Tentacruel|Tentacruel, M|364/364
|-damage|p1a: Tentacruel|319/364|[from] Stealth Rock
|move|p2a: Tangrowth|Giga Drain|p1a: Tentacruel
|-damage|p1a: Tentacruel|232/364
|-heal|p2a: Tangrowth|373/404 tox|[from] drain|[of] p1a: Tentacruel
|
|-weather|RainDance|[upkeep]
|-heal|p1a: Tentacruel|254/364|[from] ability: Rain Dish
|-heal|p1a: Tentacruel|276/364|[from] item: Black Sludge
|-damage|p2a: Tangrowth|298/404 tox|[from] psn
|upkeep
|turn|18
|choice|move substitute|move sleeppowder
|
|move|p1a: Tentacruel|Substitute|p1a: Tentacruel
|-start|p1a: Tentacruel|Substitute
|-damage|p1a: Tentacruel|185/364
|move|p2a: Tangrowth|Sleep Powder|p1a: Tentacruel
|-fail|p1a: Tentacruel
|
|-weather|RainDance|[upkeep]
|-heal|p1a: Tentacruel|207/364|[from] ability: Rain Dish
|-heal|p1a: Tentacruel|229/364|[from] item: Black Sludge
|-damage|p2a: Tangrowth|198/404 tox|[from] psn
|upkeep
|turn|19
|choice|move protect|move earthquake
|
|move|p1a: Tentacruel|Protect|p1a: Tentacruel
|-singleturn|p1a: Tentacruel|Protect
|move|p2a: Tangrowth|Earthquake|p1a: Tentacruel
|-activate|p1a: Tentacruel|move: Protect
|
|-weather|RainDance|[upkeep]
|-heal|p1a: Tentacruel|251/364|[from] ability: Rain Dish
|-heal|p1a: Tentacruel|273/364|[from] item: Black Sludge
|-damage|p2a: Tangrowth|73/404 tox|[from] psn
|upkeep
|turn|20
|choice|move scald|move earthquake
|
|move|p1a: Tentacruel|Scald|p2a: Tangrowth
|-resisted|p2a: Tangrowth
|-damage|p2a: Tangrowth|0 fnt
|faint|p2a: Tangrowth
|
|-weather|RainDance|[upkeep]
|-heal|p1a: Tentacruel|295/364|[from] ability: Rain Dish
|-heal|p1a: Tentacruel|317/364|[from] item: Black Sludge
|upkeep
|choice||switch 6
|
|switch|p2a: Garchomp|Garchomp, M|357/357
|turn|21
|choice|move toxic|move earthquake
|
|move|p2a: Garchomp|Earthquake|p1a: Tentacruel
|-supereffective|p1a: Tentacruel
|-end|p1a: Tentacruel|Substitute
|move|p1a: Tentacruel|Toxic|p2a: Garchomp
|-status|p2a: Garchomp|tox
|
|-weather|RainDance|[upkeep]
|-heal|p1a: Tentacruel|339/364|[from] ability: Rain Dish
|-heal|p1a: Tentacruel|361/364|[from] item: Black Sludge
|-damage|p2a: Garchomp|335/357 tox|[from] psn
|upkeep
|turn|22
|choice|move protect|move swordsdance
|
|move|p1a: Tentacruel|Protect|p1a: Tentacruel
|-singleturn|p1a: Tentacruel|Protect
|move|p2a: Garchomp|Swords Dance|p2a: Garchomp
|-boost|p2a: Garchomp|atk|2
|
|-weather|RainDance|[upkeep]
|-heal|p1a: Tentacruel|364/364|[from] ability: Rain Dish
|-damage|p2a: Garchomp|291/357 tox|[from] psn
|upkeep
|turn|23
|choice|switch 4|move dualchop
|
|switch|p1a: Pelipper|Pelipper, M|225/324
|-damage|p1a: Pelipper|144/324|[from] Stealth Rock
|move|p2a: Garchomp|Dual Chop|p1a: Pelipper
|-damage|p1a: Pelipper|0 fnt
|-hitcount|p1a: Pelipper|1
|faint|p1a: Pelipper
|
|-weather|RainDance|[upkeep]
|-damage|p2a: Garchomp|225/357 tox|[from] psn
|upkeep
|choice|switch 4|
|
|switch|p1a: Tentacruel|Tentacruel, M|364/364
|-damage|p1a: Tentacruel|319/364|[from] Stealth Rock
|turn|24
|choice|move protect|move earthquake
|
|move|p1a: Tentacruel|Protect|p1a: Tentacruel
|-singleturn|p1a: Tentacruel|Protect
|move|p2a: Garchomp|Earthquake|p1a: Tentacruel
|-activate|p1a: Tentacruel|move: Protect
|
|-weather|RainDance|[upkeep]
|-heal|p1a: Tentacruel|341/364|[from] ability: Rain Dish
|-heal|p1a: Tentacruel|363/364|[from] item: Black Sludge
|-damage|p2a: Garchomp|137/357 tox|[from] psn
|upkeep
|turn|25
|choice|switch 2|move dualchop
|
|switch|p1a: Gliscor|Gliscor, M|354/354
|-damage|p1a: Gliscor|310/354|[from] Stealth Rock
|move|p2a: Garchomp|Dual Chop|p1a: Gliscor
|-damage|p1a: Gliscor|204/354
|-damage|p1a: Gliscor|105/354
|-hitcount|p1a: Gliscor|2
|
|-weather|RainDance|[upkeep]
|-damage|p2a: Garchomp|27/357 tox|[from] psn
|-status|p1a: Gliscor|tox|[from] item: Toxic Orb
|upkeep
|-enditem|p2a: Garchomp|Salac Berry|[eat]
|-boost|p2a: Garchomp|spe|1
|turn|26
|choice|move protect|move dualchop
|
|move|p1a: Gliscor|Protect|p1a: Gliscor
|-singleturn|p1a: Gliscor|Protect
|move|p2a: Garchomp|Dual Chop|p1a: Gliscor
|-activate|p1a: Gliscor|move: Protect
|
|-weather|RainDance|[upkeep]
|-damage|p2a: Garchomp|0 fnt|[from] psn
|-heal|p1a: Gliscor|149/354 tox|[from] ability: Poison Heal
|upkeep
|faint|p2a: Garchomp
|choice||switch 3
|
|switch|p2a: Sharpedo|Sharpedo, M, shiny|281/281
|turn|27
|choice|move toxic|move waterfall
|
|move|p2a: Sharpedo|Waterfall|p1a: Gliscor
|-supereffective|p1a: Gliscor
|-damage|p1a: Gliscor|0 fnt
|-damage|p2a: Sharpedo|253/281|[from] item: Life Orb
|faint|p1a: Gliscor
|
|-weather|RainDance|[upkeep]
|-ability|p2a: Sharpedo|Speed Boost|boost
|-boost|p2a: Sharpedo|spe|1
|upkeep
|choice|switch 2|
|
|switch|p1a: Tentacruel|Tentacruel, M|363/364
|-damage|p1a: Tentacruel|318/364|[from] Stealth Rock
|turn|28
|choice|move toxic|move crunch
|
|move|p2a: Sharpedo|Crunch|p1a: Tentacruel
|-damage|p1a: Tentacruel|79/364
|-damage|p2a: Sharpedo|225/281|[from] item: Life Orb
|move|p1a: Tentacruel|Toxic|p2a: Sharpedo
|-status|p2a: Sharpedo|tox
|
|-weather|RainDance|[upkeep]
|-heal|p1a: Tentacruel|101/364|[from] ability: Rain Dish
|-heal|p1a: Tentacruel|123/364|[from] item: Black Sludge
|-damage|p2a: Sharpedo|208/281 tox|[from] psn
|-ability|p2a: Sharpedo|Speed Boost|boost
|-boost|p2a: Sharpedo|spe|1
|upkeep
|turn|29
|choice|move protect|move crunch
|
|move|p1a: Tentacruel|Protect|p1a: Tentacruel
|-singleturn|p1a: Tentacruel|Protect
|move|p2a: Sharpedo|Crunch|p1a: Tentacruel
|-activate|p1a: Tentacruel|move: Protect
|
|-weather|RainDance|[upkeep]
|-heal|p1a: Tentacruel|145/364|[from] ability: Rain Dish
|-heal|p1a: Tentacruel|167/364|[from] item: Black Sludge
|-damage|p2a: Sharpedo|174/281 tox|[from] psn
|-ability|p2a: Sharpedo|Speed Boost|boost
|-boost|p2a: Sharpedo|spe|1
|upkeep
|turn|30
|choice|switch 6|move crunch
|
|switch|p1a: Dugtrio|Dugtrio, M|212/212
|-damage|p1a: Dugtrio|199/212|[from] Stealth Rock
|move|p2a: Sharpedo|Crunch|p1a: Dugtrio
|-damage|p1a: Dugtrio|0 fnt
|-damage|p2a: Sharpedo|146/281 tox|[from] item: Life Orb
|faint|p1a: Dugtrio
|
|-weather|RainDance|[upkeep]
|-damage|p2a: Sharpedo|95/281 tox|[from] psn
|-ability|p2a: Sharpedo|Speed Boost|boost
|-boost|p2a: Sharpedo|spe|1
|upkeep
|choice|switch 6|
|
|switch|p1a: Tentacruel|Tentacruel, M|167/364
|-damage|p1a: Tentacruel|122/364|[from] Stealth Rock
|turn|31
|choice|move protect|switch 4
|
|switch|p2a: Latios|Latios, M|193/301 tox
|move|p1a: Tentacruel|Protect|p1a: Tentacruel
|-fail|p1a: Tentacruel
|
|-weather|RainDance|[upkeep]
|-heal|p1a: Tentacruel|144/364|[from] ability: Rain Dish
|-heal|p1a: Tentacruel|166/364|[from] item: Black Sludge
|-damage|p2a: Latios|175/301 tox|[from] psn
|upkeep
|turn|32
|choice|move protect|move psyshock
|
|move|p1a: Tentacruel|Protect|p1a: Tentacruel
|-singleturn|p1a: Tentacruel|Protect
|move|p2a: Latios|Psyshock|p1a: Tentacruel
|-activate|p1a: Tentacruel|move: Protect
|
|-weather|RainDance|[upkeep]
|-heal|p1a: Tentacruel|188/364|[from] ability: Rain Dish
|-heal|p1a: Tentacruel|210/364|[from] item: Black Sludge
|-damage|p2a: Latios|139/301 tox|[from] psn
|upkeep
|turn|33
|choice|switch 3|move psyshock
|
|switch|p1a: Jirachi|Jirachi|226/404
|-damage|p1a: Jirachi|201/404|[from] Stealth Rock
|move|p2a: Latios|Psyshock|p1a: Jirachi
|-resisted|p1a: Jirachi
|-damage|p1a: Jirachi|154/404
|
|-weather|RainDance|[upkeep]
|-heal|p1a: Jirachi|179/404|[from] item: Leftovers
|-damage|p2a: Latios|85/301 tox|[from] psn
|upkeep
|turn|34
|choice|move substitute|switch 5
|
|switch|p2a: Heatran|Heatran, F|385/385 par
|move|p1a: Jirachi|Substitute|p1a: Jirachi
|-start|p1a: Jirachi|Substitute
|-damage|p1a: Jirachi|78/404
|
|-weather|RainDance|[upkeep]
|-heal|p1a: Jirachi|103/404|[from] item: Leftovers
|upkeep
|turn|35
|choice|move calmmind|move magmastorm
|
|move|p1a: Jirachi|Calm Mind|p1a: Jirachi
|-boost|p1a: Jirachi|spa|1
|-boost|p1a: Jirachi|spd|1
|move|p2a: Heatran|Magma Storm|p1a: Jirachi|[miss]
|-miss|p2a: Heatran|p1a: Jirachi
|
|-weather|RainDance|[upkeep]
|-heal|p1a: Jirachi|128/404|[from] item: Leftovers
|upkeep
|turn|36
|choice|move calmmind|move magmastorm
|
|move|p1a: Jirachi|Calm Mind|p1a: Jirachi
|-boost|p1a: Jirachi|spa|1
|-boost|p1a: Jirachi|spd|1
|move|p2a: Heatran|Magma Storm|p1a: Jirachi
|-supereffective|p1a: Jirachi
|-activate|p1a: Jirachi|Substitute|[damage]
|
|-weather|RainDance|[upkeep]
|-heal|p1a: Jirachi|153/404|[from] item: Leftovers
|upkeep
|turn|37
|choice|move calmmind|move magmastorm
|
|move|p1a: Jirachi|Calm Mind|p1a: Jirachi
|-boost|p1a: Jirachi|spa|1
|-boost|p1a: Jirachi|spd|1
|move|p2a: Heatran|Magma Storm|p1a: Jirachi
|-supereffective|p1a: Jirachi
|-end|p1a: Jirachi|Substitute
|
|-weather|RainDance|[upkeep]
|-heal|p1a: Jirachi|178/404|[from] item: Leftovers
|upkeep
|turn|38
|choice|move substitute|move magmastorm
|
|move|p1a: Jirachi|Substitute|p1a: Jirachi
|-start|p1a: Jirachi|Substitute
|-damage|p1a: Jirachi|77/404
|cant|p2a: Heatran|par
|
|-weather|RainDance|[upkeep]
|-heal|p1a: Jirachi|102/404|[from] item: Leftovers
|upkeep
|turn|39
|-message|shyguy94 forfeited.
|
|win|Hidden & Dangerous
|l|shyguy94
|raw|Hidden &amp; Dangerous's rating: 1326 &rarr; <strong>1353</strong><br />(+27 for winning)
|raw|shyguy94's rating: 1456 &rarr; <strong>1429</strong><br />(-27 for losing)