|j|☆Aurum38
|j|☆daddy_days2
|t:|1746485298
|gametype|singles
|player|p1|Aurum38|169|1399
|player|p2|daddy_days2|benga|1360
|teamsize|p1|6
|teamsize|p2|6
|gen|5
|tier|[Gen 5] OU
|rated|
|rule|Species Clause: Limit one of each Pokémon
|rule|OHKO Clause: OHKO moves are banned
|rule|Moody Clause: Moody is banned
|rule|Evasion Items Clause: Evasion items are banned
|rule|Evasion Moves Clause: Evasion moves are banned
|rule|Endless Battle Clause: Forcing endless battles is banned
|rule|HP Percentage Mod: HP is shown in percentages
|rule|Evasion Abilities Clause: Evasion abilities are banned
|rule|Sleep Moves Clause: Sleep-inducing moves are banned
|rule|Swagger Clause: Swagger is banned
|rule|Baton Pass Stat Clause: No Baton Passer may have a way to boost its stats
|clearpoke
|poke|p1|Tyranitar, M|item
|poke|p1|Alakazam, F|item
|poke|p1|Latios, M|item
|poke|p1|Ferrothorn, M|item
|poke|p1|Keldeo|item
|poke|p1|Landorus-Therian, M|item
|poke|p2|Kyurem-Black|item
|poke|p2|Garchomp, M|item
|poke|p2|Conkeldurr, M|item
|poke|p2|Starmie|item
|poke|p2|Bisharp, F|item
|poke|p2|Scyther, M|item
|teampreview
|inactive|Battle timer is ON: inactive players will automatically lose when time's up. (requested by daddy_days2)
|
|t:|1746485317
|start
|switch|p1a: Keldeo|Keldeo|100/100
|switch|p2a: Painkiller|Garchomp, M|100/100
|turn|1
|
|t:|1746485323
|move|p1a: Keldeo|Hidden Power|p2a: Painkiller
|-supereffective|p2a: Painkiller
|-crit|p2a: Painkiller
|-damage|p2a: Painkiller|0 fnt
|faint|p2a: Painkiller
|
|upkeep
|
|t:|1746485331
|switch|p2a: Blade|Scyther, M|100/100
|turn|2
|
|t:|1746485342
|move|p1a: Keldeo|Protect|p1a: Keldeo
|-singleturn|p1a: Keldeo|Protect
|move|p2a: Blade|U-turn|p1a: Keldeo
|-activate|p1a: Keldeo|move: Protect
|
|upkeep
|turn|3
|
|t:|1746485348
|move|p2a: Blade|U-turn|p1a: Keldeo
|-resisted|p1a: Keldeo
|-damage|p1a: Keldeo|80/100
|
|t:|1746485352
|switch|p2a: Starlight|Starmie|100/100|[from] U-turn
|move|p1a: Keldeo|Scald|p2a: Starlight
|-resisted|p2a: Starlight
|-damage|p2a: Starlight|73/100
|
|-heal|p2a: Starlight|79/100|[from] item: Leftovers
|-heal|p1a: Keldeo|86/100|[from] item: Leftovers
|upkeep
|turn|4
|
|t:|1746485362
|switch|p1a: Ferrothorn|Ferrothorn, M|100/100
|move|p2a: Starlight|Thunder Wave|p1a: Ferrothorn
|-status|p1a: Ferrothorn|par
|
|-heal|p2a: Starlight|86/100|[from] item: Leftovers
|upkeep
|turn|5
|
|t:|1746485371
|switch|p2a: Shrekster|Conkeldurr, M|100/100
|cant|p1a: Ferrothorn|par
|
|upkeep
|turn|6
|
|t:|1746485378
|switch|p1a: Landorus|Landorus-Therian, M|100/100
|-ability|p1a: Landorus|Intimidate|boost
|-unboost|p2a: Shrekster|atk|1
|move|p2a: Shrekster|Ice Punch|p1a: Landorus
|-supereffective|p1a: Landorus
|-damage|p1a: Landorus|14/100
|
|-heal|p1a: Landorus|20/100|[from] item: Leftovers
|upkeep
|turn|7
|
|t:|1746485390
|switch|p2a: Starlight|Starmie|86/100
|move|p1a: Landorus|Stealth Rock|p2a: Starlight
|-sidestart|p2: daddy_days2|move: Stealth Rock
|
|-heal|p2a: Starlight|92/100|[from] item: Leftovers
|-heal|p1a: Landorus|26/100|[from] item: Leftovers
|upkeep
|turn|8
|
|t:|1746485400
|switch|p1a: Ferrothorn|Ferrothorn, M|100/100 par
|move|p2a: Starlight|Hydro Pump|p1a: Ferrothorn
|-resisted|p1a: Ferrothorn
|-damage|p1a: Ferrothorn|86/100 par
|
|-heal|p2a: Starlight|98/100|[from] item: Leftovers
|upkeep
|turn|9
|
|t:|1746485409
|move|p2a: Starlight|Rapid Spin|p1a: Ferrothorn
|-resisted|p1a: Ferrothorn
|-damage|p1a: Ferrothorn|85/100 par
|-damage|p2a: Starlight|86/100|[from] ability: Iron Barbs|[of] p1a: Ferrothorn
|-sideend|p2: daddy_days2|Stealth Rock|[from] move: Rapid Spin|[of] p2a: Starlight
|move|p1a: Ferrothorn|Spikes|p2a: Starlight
|-sidestart|p2: daddy_days2|Spikes
|
|-heal|p2a: Starlight|92/100|[from] item: Leftovers
|upkeep
|turn|10
|
|t:|1746485418
|switch|p2a: Shrekster|Conkeldurr, M|100/100
|-damage|p2a: Shrekster|88/100|[from] Spikes
|cant|p1a: Ferrothorn|par
|
|-heal|p2a: Shrekster|94/100|[from] item: Leftovers
|upkeep
|turn|11
|
|t:|1746485427
|switch|p1a: Landorus|Landorus-Therian, M|26/100
|-ability|p1a: Landorus|Intimidate|boost
|-unboost|p2a: Shrekster|atk|1
|move|p2a: Shrekster|Drain Punch|p1a: Landorus
|-resisted|p1a: Landorus
|-damage|p1a: Landorus|11/100
|-heal|p2a: Shrekster|100/100|[from] drain|[of] p1a: Landorus
|
|-heal|p1a: Landorus|17/100|[from] item: Leftovers
|upkeep
|turn|12
|
|t:|1746485442
|move|p1a: Landorus|Earthquake|p2a: Shrekster
|-damage|p2a: Shrekster|64/100
|move|p2a: Shrekster|Ice Punch|p1a: Landorus
|-supereffective|p1a: Landorus
|-damage|p1a: Landorus|0 fnt
|faint|p1a: Landorus
|
|-heal|p2a: Shrekster|70/100|[from] item: Leftovers
|upkeep
|
|t:|1746485448
|switch|p1a: Alakazam|Alakazam, F|100/100
|turn|13
|
|t:|1746485456
|switch|p1a: Keldeo|Keldeo|86/100
|switch|p2a: Adolf|Bisharp, F|100/100
|-item|p2a: Adolf|Air Balloon
|
|-heal|p1a: Keldeo|92/100|[from] item: Leftovers
|upkeep
|turn|14
|
|t:|1746485472
|switch|p2a: Blade|Scyther, M|100/100
|move|p1a: Keldeo|Secret Sword|p2a: Blade
|-resisted|p2a: Blade
|-damage|p2a: Blade|86/100
|
|-heal|p1a: Keldeo|98/100|[from] item: Leftovers
|upkeep
|turn|15
|
|t:|1746485481
|move|p1a: Keldeo|Protect|p1a: Keldeo
|-singleturn|p1a: Keldeo|Protect
|move|p2a: Blade|Aerial Ace|p1a: Keldeo
|-activate|p1a: Keldeo|move: Protect
|
|-heal|p1a: Keldeo|100/100|[from] item: Leftovers
|upkeep
|turn|16
|
|t:|1746485494
|switch|p2a: Shrekster|Conkeldurr, M|70/100
|-damage|p2a: Shrekster|58/100|[from] Spikes
|switch|p1a: Ferrothorn|Ferrothorn, M|85/100 par
|
|-heal|p2a: Shrekster|64/100|[from] item: Leftovers
|upkeep
|turn|17
|
|t:|1746485504
|switch|p1a: Latios|Latios, M|100/100
|move|p2a: Shrekster|Drain Punch|p1a: Latios
|-resisted|p1a: Latios
|-damage|p1a: Latios|64/100
|-heal|p2a: Shrekster|80/100|[from] drain|[of] p1a: Latios
|
|-heal|p2a: Shrekster|86/100|[from] item: Leftovers
|upkeep
|turn|18
|
|t:|1746485518
|switch|p1a: Keldeo|Keldeo|100/100
|switch|p2a: Adolf|Bisharp, F|100/100
|-item|p2a: Adolf|Air Balloon
|
|upkeep
|turn|19
|
|t:|1746485526
|switch|p2a: Starlight|Starmie|92/100
|-damage|p2a: Starlight|79/100|[from] Spikes
|move|p1a: Keldeo|Scald|p2a: Starlight
|-resisted|p2a: Starlight
|-damage|p2a: Starlight|55/100
|
|-heal|p2a: Starlight|61/100|[from] item: Leftovers
|upkeep
|turn|20
|
|t:|1746485540
|switch|p2a: Shrekster|Conkeldurr, M|86/100
|-damage|p2a: Shrekster|73/100|[from] Spikes
|move|p1a: Keldeo|Protect||[still]
|-fail|p1a: Keldeo
|
|-heal|p2a: Shrekster|80/100|[from] item: Leftovers
|upkeep
|turn|21
|
|t:|1746485551
|move|p1a: Keldeo|Scald|p2a: Shrekster
|-damage|p2a: Shrekster|21/100
|-status|p2a: Shrekster|brn
|move|p2a: Shrekster|Drain Punch|p1a: Keldeo
|-damage|p1a: Keldeo|70/100
|-heal|p2a: Shrekster|35/100 brn|[from] drain|[of] p1a: Keldeo
|
|-heal|p1a: Keldeo|77/100|[from] item: Leftovers
|-heal|p2a: Shrekster|41/100 brn|[from] item: Leftovers
|-damage|p2a: Shrekster|29/100 brn|[from] brn
|upkeep
|turn|22
|
|t:|1746485565
|move|p1a: Keldeo|Scald|p2a: Shrekster
|-damage|p2a: Shrekster|0 fnt
|faint|p2a: Shrekster
|
|-heal|p1a: Keldeo|83/100|[from] item: Leftovers
|upkeep
|
|t:|1746485574
|switch|p2a: Insane Dwayne|Kyurem-Black|100/100
|-damage|p2a: Insane Dwayne|88/100|[from] Spikes
|-ability|p2a: Insane Dwayne|Teravolt
|turn|23
|
|t:|1746485581
|switch|p1a: Ferrothorn|Ferrothorn, M|85/100 par
|move|p2a: Insane Dwayne|Outrage|p1a: Ferrothorn
|-resisted|p1a: Ferrothorn
|-damage|p1a: Ferrothorn|45/100 par
|-damage|p2a: Insane Dwayne|76/100|[from] ability: Iron Barbs|[of] p1a: Ferrothorn
|
|upkeep
|turn|24
|
|t:|1746485590
|move|p2a: Insane Dwayne|Outrage|p1a: Ferrothorn|[from] lockedmove
|-resisted|p1a: Ferrothorn
|-damage|p1a: Ferrothorn|0 fnt
|-damage|p2a: Insane Dwayne|64/100|[from] ability: Iron Barbs|[of] p1a: Ferrothorn
|faint|p1a: Ferrothorn
|
|upkeep
|
|t:|1746485594
|switch|p1a: Keldeo|Keldeo|83/100
|turn|25
|
|t:|1746485599
|move|p1a: Keldeo|Protect|p1a: Keldeo
|-singleturn|p1a: Keldeo|Protect
|move|p2a: Insane Dwayne|Outrage|p1a: Keldeo|[from] lockedmove
|-activate|p1a: Keldeo|move: Protect
|-start|p2a: Insane Dwayne|confusion|[fatigue]
|
|-heal|p1a: Keldeo|89/100|[from] item: Leftovers
|upkeep
|turn|26
|
|t:|1746485609
|switch|p2a: Starlight|Starmie|61/100
|-damage|p2a: Starlight|49/100|[from] Spikes
|move|p1a: Keldeo|Secret Sword|p2a: Starlight
|-resisted|p2a: Starlight
|-damage|p2a: Starlight|23/100
|
|-heal|p2a: Starlight|29/100|[from] item: Leftovers
|-heal|p1a: Keldeo|95/100|[from] item: Leftovers
|upkeep
|turn|27
|
|t:|1746485620
|move|p1a: Keldeo|Protect|p1a: Keldeo
|-singleturn|p1a: Keldeo|Protect
|move|p2a: Starlight|Thunder Wave|p1a: Keldeo
|-activate|p1a: Keldeo|move: Protect
|
|-heal|p2a: Starlight|35/100|[from] item: Leftovers
|-heal|p1a: Keldeo|100/100|[from] item: Leftovers
|upkeep
|turn|28
|
|t:|1746485629
|switch|p1a: Tyranitar|Tyranitar, M|100/100
|-weather|Sandstorm|[from] ability: Sand Stream|[of] p1a: Tyranitar
|move|p2a: Starlight|Thunder Wave|p1a: Tyranitar
|-status|p1a: Tyranitar|par
|
|-weather|Sandstorm|[upkeep]
|-damage|p2a: Starlight|29/100|[from] Sandstorm
|-heal|p2a: Starlight|35/100|[from] item: Leftovers
|upkeep
|turn|29
|
|t:|1746485640
|move|p2a: Starlight|Rapid Spin|p1a: Tyranitar
|-resisted|p1a: Tyranitar
|-damage|p1a: Tyranitar|99/100 par
|-sideend|p2: daddy_days2|Spikes|[from] move: Rapid Spin|[of] p2a: Starlight
|cant|p1a: Tyranitar|par
|
|-weather|Sandstorm|[upkeep]
|-damage|p2a: Starlight|29/100|[from] Sandstorm
|-heal|p2a: Starlight|35/100|[from] item: Leftovers
|upkeep
|turn|30
|
|t:|1746485650
|move|p2a: Starlight|Hydro Pump|p1a: Tyranitar
|-supereffective|p1a: Tyranitar
|-damage|p1a: Tyranitar|62/100 par
|cant|p1a: Tyranitar|par
|
|-weather|Sandstorm|[upkeep]
|-damage|p2a: Starlight|29/100|[from] Sandstorm
|-heal|p2a: Starlight|35/100|[from] item: Leftovers
|upkeep
|turn|31
|
|t:|1746485660
|move|p2a: Starlight|Hydro Pump|p1a: Tyranitar|[miss]
|-miss|p2a: Starlight|p1a: Tyranitar
|move|p1a: Tyranitar|Pursuit|p2a: Starlight
|-supereffective|p2a: Starlight
|-damage|p2a: Starlight|0 fnt
|faint|p2a: Starlight
|
|-weather|Sandstorm|[upkeep]
|upkeep
|
|t:|1746485670
|switch|p2a: Blade|Scyther, M|86/100
|turn|32
|
|t:|1746485676
|move|p2a: Blade|U-turn|p1a: Tyranitar
|-supereffective|p1a: Tyranitar
|-damage|p1a: Tyranitar|11/100 par
|
|t:|1746485680
|switch|p2a: Adolf|Bisharp, F|100/100|[from] U-turn
|-item|p2a: Adolf|Air Balloon
|move|p1a: Tyranitar|Flamethrower|p2a: Adolf
|-supereffective|p2a: Adolf
|-damage|p2a: Adolf|42/100
|-enditem|p2a: Adolf|Air Balloon
|
|-weather|Sandstorm|[upkeep]
|upkeep
|turn|33
|
|t:|1746485692
|move|p2a: Adolf|Night Slash|p1a: Tyranitar
|-resisted|p1a: Tyranitar
|-damage|p1a: Tyranitar|0 fnt
|faint|p1a: Tyranitar
|
|-weather|Sandstorm|[upkeep]
|upkeep
|
|t:|1746485700
|switch|p1a: Alakazam|Alakazam, F|100/100
|turn|34
|
|t:|1746485703
|move|p2a: Adolf|Sucker Punch|p1a: Alakazam
|-supereffective|p1a: Alakazam
|-damage|p1a: Alakazam|0 fnt
|faint|p1a: Alakazam
|
|-weather|Sandstorm|[upkeep]
|upkeep
|
|t:|1746485706
|switch|p1a: Keldeo|Keldeo|100/100
|turn|35
|
|t:|1746485726
|move|p2a: Adolf|Sucker Punch|p1a: Keldeo
|-resisted|p1a: Keldeo
|-damage|p1a: Keldeo|74/100
|-ability|p1a: Keldeo|Justified|boost
|-boost|p1a: Keldeo|atk|1
|move|p1a: Keldeo|Scald|p2a: Adolf
|-damage|p2a: Adolf|0 fnt
|faint|p2a: Adolf
|
|-weather|Sandstorm|[upkeep]
|-damage|p1a: Keldeo|67/100|[from] Sandstorm
|-heal|p1a: Keldeo|74/100|[from] item: Leftovers
|upkeep
|
|t:|1746485739
|switch|p2a: Blade|Scyther, M|86/100
|turn|36
|
|t:|1746485742
|move|p1a: Keldeo|Protect|p1a: Keldeo
|-singleturn|p1a: Keldeo|Protect
|move|p2a: Blade|Aerial Ace|p1a: Keldeo
|-activate|p1a: Keldeo|move: Protect
|
|-weather|Sandstorm|[upkeep]
|-damage|p2a: Blade|80/100|[from] Sandstorm
|-damage|p1a: Keldeo|67/100|[from] Sandstorm
|-heal|p1a: Keldeo|74/100|[from] item: Leftovers
|upkeep
|turn|37
|
|t:|1746485752
|move|p2a: Blade|Aerial Ace|p1a: Keldeo
|-supereffective|p1a: Keldeo
|-damage|p1a: Keldeo|0 fnt
|faint|p1a: Keldeo
|
|-weather|Sandstorm|[upkeep]
|-damage|p2a: Blade|73/100|[from] Sandstorm
|upkeep
|
|t:|1746485754
|switch|p1a: Latios|Latios, M|64/100
|turn|38
|
|t:|1746485763
|switch|p2a: Insane Dwayne|Kyurem-Black|64/100
|-ability|p2a: Insane Dwayne|Teravolt
|move|p1a: Latios|Draco Meteor|p2a: Insane Dwayne
|-supereffective|p2a: Insane Dwayne
|-damage|p2a: Insane Dwayne|0 fnt
|-unboost|p1a: Latios|spa|2
|faint|p2a: Insane Dwayne
|
|-weather|Sandstorm|[upkeep]
|-damage|p1a: Latios|58/100|[from] Sandstorm
|upkeep
|
|t:|1746485775
|switch|p2a: Blade|Scyther, M|73/100
|turn|39
|
|t:|1746485779
|move|p1a: Latios|Draco Meteor|p2a: Blade
|-damage|p2a: Blade|21/100
|-unboost|p1a: Latios|spa|2
|move|p2a: Blade|U-turn|p1a: Latios
|-supereffective|p1a: Latios
|-damage|p1a: Latios|0 fnt
|faint|p1a: Latios
|
|win|daddy_days2
|raw|Aurum38's rating: 1399 &rarr; <strong>1377</strong><br />(-22 for losing)
|raw|daddy_days2's rating: 1360 &rarr; <strong>1382</strong><br />(+22 for winning)
|l|☆Aurum38
|player|p1|
|c|☆daddy_days2|gg
