|j|☆cdrgcde
|j|☆baixiaohen
|t:|1744038474
|gametype|singles
|player|p1|cdrgcde|dawn|1363
|player|p2|baixiaohen|red|1426
|teamsize|p1|6
|teamsize|p2|6
|gen|5
|tier|[Gen 5] OU
|rated|
|rule|Species Clause: Limit one of each Pokémon
|rule|OHKO Clause: OHKO moves are banned
|rule|Moody Clause: Moody is banned
|rule|Evasion Items Clause: Evasion items are banned
|rule|Evasion Moves Clause: Evasion moves are banned
|rule|Endless Battle Clause: Forcing endless battles is banned
|rule|HP Percentage Mod: HP is shown in percentages
|rule|Evasion Abilities Clause: Evasion abilities are banned
|rule|Sleep Moves Clause: Sleep-inducing moves are banned
|rule|Swagger Clause: Swagger is banned
|rule|Baton Pass Stat Clause: No Baton Passer may have a way to boost its stats
|clearpoke
|poke|p1|Tyranitar, F|item
|poke|p1|Garchomp, M|item
|poke|p1|Rotom-Wash|item
|poke|p1|Landorus-Therian, M|item
|poke|p1|Jirachi|item
|poke|p1|Latios, M|item
|poke|p2|Tyranitar, M|item
|poke|p2|Garchomp, F|item
|poke|p2|Skarmory, M|item
|poke|p2|Hydreigon, F|item
|poke|p2|Excadrill, F|item
|poke|p2|Jellicent, F|item
|teampreview
|inactive|Battle timer is ON: inactive players will automatically lose when time's up. (requested by baixiaohen)
|inactive|cdrgcde also wants the timer to be on.
|
|t:|1744038483
|start
|switch|p1a: Garchomp|Garchomp, M|100/100
|switch|p2a: Hydreigon|Hydreigon, F|100/100
|turn|1
|
|t:|1744038499
|switch|p1a: Jirachi|Jirachi|100/100
|move|p2a: Hydreigon|Dragon Pulse|p1a: Jirachi
|-resisted|p1a: Jirachi
|-damage|p1a: Jirachi|79/100
|
|upkeep
|turn|2
|
|t:|1744038512
|move|p1a: Jirachi|Ice Punch|p2a: Hydreigon
|-supereffective|p2a: Hydreigon
|-damage|p2a: Hydreigon|42/100
|move|p2a: Hydreigon|Flamethrower|p1a: Jirachi
|-supereffective|p1a: Jirachi
|-damage|p1a: Jirachi|13/100
|
|-heal|p2a: Hydreigon|48/100|[from] item: Leftovers
|upkeep
|turn|3
|
|t:|1744038524
|switch|p2a: Skarmory|Skarmory, M|100/100
|move|p1a: Jirachi|Thunder|p2a: Skarmory
|-supereffective|p2a: Skarmory
|-damage|p2a: Skarmory|4/100
|
|upkeep
|turn|4
|
|t:|1744038529
|switch|p2a: Tyranitar|Tyranitar, M|100/100
|-weather|Sandstorm|[from] ability: Sand Stream|[of] p2a: Tyranitar
|move|p1a: Jirachi|Fire Punch|p2a: Tyranitar
|-resisted|p2a: Tyranitar
|-damage|p2a: Tyranitar|92/100
|-status|p2a: Tyranitar|brn
|
|-weather|Sandstorm|[upkeep]
|-damage|p2a: Tyranitar|79/100 brn|[from] brn
|upkeep
|turn|5
|
|t:|1744038548
|switch|p2a: Jellicent|Jellicent, F|100/100
|move|p1a: Jirachi|Iron Head|p2a: Jellicent
|-resisted|p2a: Jellicent
|-damage|p2a: Jellicent|79/100
|
|-weather|Sandstorm|[upkeep]
|-damage|p2a: Jellicent|73/100|[from] Sandstorm
|-heal|p2a: Jellicent|79/100|[from] item: Leftovers
|upkeep
|turn|6
|
|t:|1744038553
|switch|p2a: Garchomp|Garchomp, F|100/100
|move|p1a: Jirachi|Thunder|p2a: Garchomp
|-immune|p2a: Garchomp
|
|-weather|Sandstorm|[upkeep]
|upkeep
|turn|7
|
|t:|1744038569
|move|p2a: Garchomp|Aqua Tail|p1a: Jirachi
|-damage|p1a: Jirachi|0 fnt
|faint|p1a: Jirachi
|
|-weather|Sandstorm|[upkeep]
|upkeep
|
|t:|1744038578
|switch|p1a: Garchomp|Garchomp, M|100/100
|turn|8
|
|t:|1744038594
|switch|p2a: Skarmory|Skarmory, M|4/100
|move|p1a: Garchomp|Stealth Rock|p2a: Skarmory
|-sidestart|p2: baixiaohen|move: Stealth Rock
|
|-weather|Sandstorm|[upkeep]
|upkeep
|turn|9
|
|t:|1744038599
|move|p1a: Garchomp|Fire Blast|p2a: Skarmory
|-supereffective|p2a: Skarmory
|-damage|p2a: Skarmory|0 fnt
|faint|p2a: Skarmory
|-damage|p1a: Garchomp|91/100|[from] item: Life Orb
|
|-weather|Sandstorm|[upkeep]
|upkeep
|
|t:|1744038612
|switch|p2a: Tyranitar|Tyranitar, M|79/100 brn
|-damage|p2a: Tyranitar|67/100 brn|[from] Stealth Rock
|turn|10
|
|t:|1744038614
|move|p1a: Garchomp|Earthquake|p2a: Tyranitar
|-supereffective|p2a: Tyranitar
|-enditem|p2a: Tyranitar|Shuca Berry|[eat]
|-enditem|p2a: Tyranitar|Shuca Berry|[weaken]
|-damage|p2a: Tyranitar|25/100 brn
|-damage|p1a: Garchomp|81/100|[from] item: Life Orb
|move|p2a: Tyranitar|Ice Beam|p1a: Garchomp
|-supereffective|p1a: Garchomp
|-damage|p1a: Garchomp|0 fnt
|faint|p1a: Garchomp
|
|-weather|Sandstorm|[upkeep]
|-damage|p2a: Tyranitar|13/100 brn|[from] brn
|upkeep
|
|t:|1744038621
|switch|p1a: Landorus|Landorus-Therian, M|100/100
|-ability|p1a: Landorus|Intimidate|boost
|-unboost|p2a: Tyranitar|atk|1
|turn|11
|
|t:|1744038633
|move|p1a: Landorus|U-turn|p2a: Tyranitar
|-supereffective|p2a: Tyranitar
|-damage|p2a: Tyranitar|0 fnt
|faint|p2a: Tyranitar
|
|t:|1744038638
|switch|p1a: Latios|Latios, M|100/100|[from] U-turn
|
|-weather|Sandstorm|[upkeep]
|-damage|p1a: Latios|95/100|[from] Sandstorm
|upkeep
|
|t:|1744038648
|switch|p2a: Jellicent|Jellicent, F|79/100
|-damage|p2a: Jellicent|67/100|[from] Stealth Rock
|turn|12
|
|t:|1744038652
|move|p1a: Latios|Draco Meteor|p2a: Jellicent|[miss]
|-miss|p1a: Latios|p2a: Jellicent
|move|p2a: Jellicent|Recover|p2a: Jellicent
|-heal|p2a: Jellicent|100/100
|
|-weather|Sandstorm|[upkeep]
|-damage|p1a: Latios|89/100|[from] Sandstorm
|-damage|p2a: Jellicent|94/100|[from] Sandstorm
|-heal|p2a: Jellicent|100/100|[from] item: Leftovers
|upkeep
|turn|13
|
|t:|1744038659
|move|p1a: Latios|Draco Meteor|p2a: Jellicent
|-damage|p2a: Jellicent|37/100
|-unboost|p1a: Latios|spa|2
|move|p2a: Jellicent|Recover|p2a: Jellicent
|-heal|p2a: Jellicent|87/100
|
|-weather|Sandstorm|[upkeep]
|-damage|p1a: Latios|83/100|[from] Sandstorm
|-damage|p2a: Jellicent|81/100|[from] Sandstorm
|-heal|p2a: Jellicent|87/100|[from] item: Leftovers
|upkeep
|turn|14
|
|t:|1744038667
|switch|p1a: Rotom|Rotom-Wash|100/100
|move|p2a: Jellicent|Will-O-Wisp|p1a: Rotom|[miss]
|-miss|p2a: Jellicent|p1a: Rotom
|
|-weather|Sandstorm|[upkeep]
|-damage|p1a: Rotom|94/100|[from] Sandstorm
|-damage|p2a: Jellicent|81/100|[from] Sandstorm
|-heal|p1a: Rotom|100/100|[from] item: Leftovers
|-heal|p2a: Jellicent|87/100|[from] item: Leftovers
|upkeep
|turn|15
|
|t:|1744038671
|move|p1a: Rotom|Volt Switch|p2a: Jellicent
|-supereffective|p2a: Jellicent
|-damage|p2a: Jellicent|42/100
|-start|p1a: Rotom|Disable|Volt Switch|[from] ability: Cursed Body|[of] p2a: Jellicent
|
|t:|1744038675
|switch|p1a: Latios|Latios, M|83/100|[from] Volt Switch
|move|p2a: Jellicent|Will-O-Wisp|p1a: Latios
|-status|p1a: Latios|brn
|
|-weather|Sandstorm|[upkeep]
|-damage|p1a: Latios|77/100 brn|[from] Sandstorm
|-damage|p2a: Jellicent|36/100|[from] Sandstorm
|-heal|p2a: Jellicent|42/100|[from] item: Leftovers
|-damage|p1a: Latios|64/100 brn|[from] brn
|upkeep
|turn|16
|
|t:|1744038684
|switch|p2a: Excadrill|Excadrill, F|100/100
|-damage|p2a: Excadrill|97/100|[from] Stealth Rock
|-ability|p2a: Excadrill|Mold Breaker
|move|p1a: Latios|Draco Meteor|p2a: Excadrill
|-resisted|p2a: Excadrill
|-damage|p2a: Excadrill|23/100
|-unboost|p1a: Latios|spa|2
|
|-weather|Sandstorm|[upkeep]
|-damage|p1a: Latios|58/100 brn|[from] Sandstorm
|-damage|p1a: Latios|46/100 brn|[from] brn
|upkeep
|turn|17
|
|t:|1744038699
|switch|p1a: Rotom|Rotom-Wash|100/100
|move|p2a: Excadrill|Iron Head|p1a: Rotom
|-resisted|p1a: Rotom
|-damage|p1a: Rotom|86/100
|
|-weather|Sandstorm|[upkeep]
|-damage|p1a: Rotom|80/100|[from] Sandstorm
|-heal|p1a: Rotom|86/100|[from] item: Leftovers
|upkeep
|turn|18
|
|t:|1744038710
|switch|p2a: Hydreigon|Hydreigon, F|48/100
|-damage|p2a: Hydreigon|35/100|[from] Stealth Rock
|switch|p1a: Landorus|Landorus-Therian, M|100/100
|-ability|p1a: Landorus|Intimidate|boost
|-unboost|p2a: Hydreigon|atk|1
|
|-weather|Sandstorm|[upkeep]
|-damage|p2a: Hydreigon|29/100|[from] Sandstorm
|-heal|p2a: Hydreigon|35/100|[from] item: Leftovers
|upkeep
|turn|19
|
|t:|1744038717
|move|p1a: Landorus|U-turn|p2a: Hydreigon
|-supereffective|p2a: Hydreigon
|-damage|p2a: Hydreigon|0 fnt
|faint|p2a: Hydreigon
|
|t:|1744038730
|switch|p1a: Latios|Latios, M|46/100 brn|[from] U-turn
|
|-weather|Sandstorm|[upkeep]
|-damage|p1a: Latios|40/100 brn|[from] Sandstorm
|-damage|p1a: Latios|28/100 brn|[from] brn
|upkeep
|
|t:|1744038735
|switch|p2a: Garchomp|Garchomp, F|100/100
|-damage|p2a: Garchomp|94/100|[from] Stealth Rock
|turn|20
|
|t:|1744038743
|move|p2a: Garchomp|Outrage|p1a: Latios
|-supereffective|p1a: Latios
|-damage|p1a: Latios|0 fnt
|faint|p1a: Latios
|
|-weather|Sandstorm|[upkeep]
|upkeep
|
|t:|1744038753
|switch|p1a: Tyranitar|Tyranitar, F|100/100
|turn|21
|
|t:|1744038755
|move|p2a: Garchomp|Outrage|p1a: Tyranitar|[from] lockedmove
|-damage|p1a: Tyranitar|54/100
|-start|p2a: Garchomp|confusion|[fatigue]
|move|p1a: Tyranitar|Crunch|p2a: Garchomp
|-damage|p2a: Garchomp|51/100
|-damage|p1a: Tyranitar|42/100|[from] ability: Rough Skin|[of] p2a: Garchomp
|
|-weather|Sandstorm|[upkeep]
|upkeep
|turn|22
|
|t:|1744038763
|-activate|p2a: Garchomp|confusion
|move|p2a: Garchomp|Outrage|p1a: Tyranitar
|-crit|p1a: Tyranitar
|-damage|p1a: Tyranitar|0 fnt
|faint|p1a: Tyranitar
|
|-weather|Sandstorm|[upkeep]
|upkeep
|
|t:|1744038772
|switch|p1a: Rotom|Rotom-Wash|86/100
|turn|23
|
|t:|1744038775
|-activate|p2a: Garchomp|confusion
|move|p2a: Garchomp|Outrage|p1a: Rotom|[from] lockedmove
|-damage|p1a: Rotom|12/100
|move|p1a: Rotom|Hydro Pump|p2a: Garchomp
|-damage|p2a: Garchomp|0 fnt
|faint|p2a: Garchomp
|
|-weather|Sandstorm|[upkeep]
|-damage|p1a: Rotom|6/100|[from] Sandstorm
|-heal|p1a: Rotom|12/100|[from] item: Leftovers
|upkeep
|
|t:|1744038787
|switch|p2a: Excadrill|Excadrill, F|23/100
|-damage|p2a: Excadrill|20/100|[from] Stealth Rock
|-ability|p2a: Excadrill|Mold Breaker
|turn|24
|
|t:|1744038790
|move|p2a: Excadrill|Iron Head|p1a: Rotom
|-resisted|p1a: Rotom
|-damage|p1a: Rotom|0 fnt
|faint|p1a: Rotom
|
|-weather|Sandstorm|[upkeep]
|upkeep
|
|t:|1744038792
|switch|p1a: Landorus|Landorus-Therian, M|100/100
|-ability|p1a: Landorus|Intimidate|boost
|-unboost|p2a: Excadrill|atk|1
|turn|25
|
|t:|1744038794
|move|p1a: Landorus|Earthquake|p2a: Excadrill
|-supereffective|p2a: Excadrill
|-damage|p2a: Excadrill|0 fnt
|faint|p2a: Excadrill
|
|-weather|Sandstorm|[upkeep]
|upkeep
|
|t:|1744038796
|switch|p2a: Jellicent|Jellicent, F|42/100
|-damage|p2a: Jellicent|30/100|[from] Stealth Rock
|turn|26
|
|t:|1744038798
|move|p1a: Landorus|Earthquake|p2a: Jellicent
|-damage|p2a: Jellicent|0 fnt
|faint|p2a: Jellicent
|
|win|cdrgcde
|raw|cdrgcde's rating: 1363 &rarr; <strong>1387</strong><br />(+24 for winning)
|raw|baixiaohen's rating: 1426 &rarr; <strong>1402</strong><br />(-24 for losing)
