|j|☆space bound monkey
|j|☆Akola
|player|p1|space bound monkey|287|1362
|player|p2|Akola|morty|1349
|teamsize|p1|6
|teamsize|p2|6
|gametype|singles
|gen|5
|tier|[Gen 5] OU
|rated|
|rule|Sleep Clause Mod: Limit one foe put to sleep
|rule|Species Clause: Limit one of each Pokémon
|rule|OHKO Clause: OHKO moves are banned
|rule|Moody Clause: Moody is banned
|rule|Evasion Moves Clause: Evasion moves are banned
|rule|Endless Battle Clause: Forcing endless battles is banned
|rule|HP Percentage Mod: HP is shown in percentages
|rule|Evasion Abilities Clause: Evasion abilities are banned
|rule|Baton Pass Clause: Limit one Baton Passer, can't pass Spe and other stats simultaneously
|rule|Swagger Clause: Swagger is banned
|clearpoke
|poke|p1|Cofagrigus, F|item
|poke|p1|Alakazam, F|item
|poke|p1|Skarmory, M|item
|poke|p1|Kyurem-Black|item
|poke|p1|Scizor, M|item
|poke|p1|Reuniclus, M|item
|poke|p2|Dragonite, M|item
|poke|p2|Politoed, M|item
|poke|p2|Scizor, M|item
|poke|p2|Toxicroak, F|item
|poke|p2|Ferrothorn, M|item
|poke|p2|Starmie|item
|teampreview
|
|start
|switch|p1a: Skarmory|Skarmory, M|100/100
|switch|p2a: Politoed|Politoed, M|100/100
|-weather|RainDance|[from] ability: Drizzle|[of] p2a: Politoed
|turn|1
|
|move|p1a: Skarmory|Stealth Rock|p2a: Politoed
|-sidestart|p2: Akola|move: Stealth Rock
|move|p2a: Politoed|Scald|p1a: Skarmory
|-damage|p1a: Skarmory|33/100
|
|-weather|RainDance|[upkeep]
|upkeep
|turn|2
|
|move|p1a: Skarmory|Spikes|p2a: Politoed
|-sidestart|p2: Akola|Spikes
|move|p2a: Politoed|Scald|p1a: Skarmory
|-damage|p1a: Skarmory|0 fnt
|faint|p1a: Skarmory
|
|-weather|RainDance|[upkeep]
|upkeep
|
|switch|p1a: Kyurem|Kyurem-Black|100/100
|-ability|p1a: Kyurem|Teravolt
|turn|3
|
|move|p1a: Kyurem|Substitute|p1a: Kyurem
|-start|p1a: Kyurem|Substitute
|-damage|p1a: Kyurem|75/100
|move|p2a: Politoed|Toxic||[still]
|-fail|p2a: Politoed
|
|-weather|RainDance|[upkeep]
|-heal|p1a: Kyurem|82/100|[from] item: Leftovers
|upkeep
|turn|4
|
|switch|p2a: Ferrothorn|Ferrothorn, M|100/100
|-damage|p2a: Ferrothorn|94/100|[from] Stealth Rock
|-damage|p2a: Ferrothorn|82/100|[from] Spikes
|move|p1a: Kyurem|Fusion Bolt|p2a: Ferrothorn
|-resisted|p2a: Ferrothorn
|-damage|p2a: Ferrothorn|68/100
|
|-weather|RainDance|[upkeep]
|-heal|p1a: Kyurem|88/100|[from] item: Leftovers
|-heal|p2a: Ferrothorn|74/100|[from] item: Leftovers
|upkeep
|turn|5
|
|move|p1a: Kyurem|Ice Beam|p2a: Ferrothorn
|-damage|p2a: Ferrothorn|40/100
|move|p2a: Ferrothorn|Power Whip|p1a: Kyurem
|-resisted|p1a: Kyurem
|-activate|p1a: Kyurem|Substitute|[damage]
|
|-weather|RainDance|[upkeep]
|-heal|p1a: Kyurem|94/100|[from] item: Leftovers
|-heal|p2a: Ferrothorn|47/100|[from] item: Leftovers
|upkeep
|turn|6
|
|move|p1a: Kyurem|Ice Beam|p2a: Ferrothorn
|-damage|p2a: Ferrothorn|17/100
|move|p2a: Ferrothorn|Power Whip|p1a: Kyurem
|-resisted|p1a: Kyurem
|-end|p1a: Kyurem|Substitute
|
|-weather|RainDance|[upkeep]
|-heal|p1a: Kyurem|99/100|[from] item: Leftovers
|-heal|p2a: Ferrothorn|23/100|[from] item: Leftovers
|upkeep
|turn|7
|
|move|p1a: Kyurem|Substitute|p1a: Kyurem
|-start|p1a: Kyurem|Substitute
|-damage|p1a: Kyurem|75/100
|move|p2a: Ferrothorn|Stealth Rock|p1a: Kyurem
|-sidestart|p1: space bound monkey|move: Stealth Rock
|
|-weather|RainDance|[upkeep]
|-heal|p1a: Kyurem|81/100|[from] item: Leftovers
|-heal|p2a: Ferrothorn|29/100|[from] item: Leftovers
|upkeep
|turn|8
|
|move|p1a: Kyurem|Ice Beam|p2a: Ferrothorn
|-damage|p2a: Ferrothorn|0 fnt
|faint|p2a: Ferrothorn
|
|-weather|RainDance|[upkeep]
|-heal|p1a: Kyurem|88/100|[from] item: Leftovers
|upkeep
|
|switch|p2a: Scizor|Scizor, M|100/100
|-damage|p2a: Scizor|88/100|[from] Spikes
|-damage|p2a: Scizor|75/100|[from] Stealth Rock
|turn|9
|
|move|p2a: Scizor|Bullet Punch|p1a: Kyurem
|-supereffective|p1a: Kyurem
|-end|p1a: Kyurem|Substitute
|move|p1a: Kyurem|Fusion Bolt|p2a: Scizor
|-damage|p2a: Scizor|33/100
|
|-weather|RainDance|[upkeep]
|-heal|p1a: Kyurem|94/100|[from] item: Leftovers
|-heal|p2a: Scizor|39/100|[from] item: Leftovers
|upkeep
|turn|10
|
|move|p2a: Scizor|Bullet Punch|p1a: Kyurem
|-supereffective|p1a: Kyurem
|-damage|p1a: Kyurem|37/100
|move|p1a: Kyurem|Fusion Bolt|p2a: Scizor
|-damage|p2a: Scizor|0 fnt
|faint|p2a: Scizor
|
|-weather|RainDance|[upkeep]
|-heal|p1a: Kyurem|44/100|[from] item: Leftovers
|upkeep
|
|switch|p2a: Starmie|Starmie|100/100
|-damage|p2a: Starmie|88/100|[from] Stealth Rock
|-damage|p2a: Starmie|76/100|[from] Spikes
|turn|11
|
|move|p2a: Starmie|Hydro Pump|p1a: Kyurem
|-resisted|p1a: Kyurem
|-damage|p1a: Kyurem|0 fnt
|-damage|p2a: Starmie|66/100|[from] item: Life Orb
|faint|p1a: Kyurem
|
|-weather|RainDance|[upkeep]
|upkeep
|
|switch|p1a: Alakazam|Alakazam, F|100/100
|turn|12
|
|move|p1a: Alakazam|Shadow Ball|p2a: Starmie
|-supereffective|p2a: Starmie
|-damage|p2a: Starmie|0 fnt
|faint|p2a: Starmie
|
|-weather|RainDance|[upkeep]
|upkeep
|
|switch|p2a: Politoed|Politoed, M|100/100
|-damage|p2a: Politoed|88/100|[from] Spikes
|-damage|p2a: Politoed|75/100|[from] Stealth Rock
|turn|13
|
|switch|p1a: Reuniclus|Reuniclus, M|100/100
|move|p2a: Politoed|Scald|p1a: Reuniclus
|-crit|p1a: Reuniclus
|-damage|p1a: Reuniclus|32/100
|
|-weather|RainDance|[upkeep]
|-heal|p2a: Politoed|82/100|[from] item: Leftovers
|upkeep
|turn|14
|
|move|p2a: Politoed|Scald|p1a: Reuniclus
|-crit|p1a: Reuniclus
|-damage|p1a: Reuniclus|0 fnt
|faint|p1a: Reuniclus
|
|-weather|RainDance|[upkeep]
|-heal|p2a: Politoed|88/100|[from] item: Leftovers
|upkeep
|
|switch|p1a: Scizor|Scizor, M|100/100
|-damage|p1a: Scizor|88/100|[from] Stealth Rock
|turn|15
|c|☆space bound monkey|nice hax
|
|move|p1a: Scizor|Bug Bite|p2a: Politoed
|-damage|p2a: Politoed|51/100
|move|p2a: Politoed|Scald|p1a: Scizor
|-damage|p1a: Scizor|38/100
|
|-weather|RainDance|[upkeep]
|-heal|p2a: Politoed|57/100|[from] item: Leftovers
|upkeep
|turn|16
|
|move|p1a: Scizor|Bug Bite|p2a: Politoed
|-damage|p2a: Politoed|19/100
|move|p2a: Politoed|Scald|p1a: Scizor
|-damage|p1a: Scizor|0 fnt
|faint|p1a: Scizor
|
|-weather|RainDance|[upkeep]
|-heal|p2a: Politoed|25/100|[from] item: Leftovers
|upkeep
|
|switch|p1a: Alakazam|Alakazam, F|100/100
|turn|17
|
|move|p2a: Politoed|Protect|p2a: Politoed
|-singleturn|p2a: Politoed|Protect
|move|p1a: Alakazam|Psychic|p2a: Politoed
|-activate|p2a: Politoed|move: Protect
|
|-weather|RainDance|[upkeep]
|-heal|p2a: Politoed|31/100|[from] item: Leftovers
|upkeep
|turn|18
|
|move|p1a: Alakazam|Psychic|p2a: Politoed
|-damage|p2a: Politoed|0 fnt
|faint|p2a: Politoed
|
|-weather|RainDance|[upkeep]
|upkeep
|
|switch|p2a: Dragonite|Dragonite, M|100/100
|-damage|p2a: Dragonite|76/100|[from] Stealth Rock
|turn|19
|
|move|p1a: Alakazam|Hidden Power|p2a: Dragonite
|-supereffective|p2a: Dragonite
|-damage|p2a: Dragonite|0 fnt
|faint|p2a: Dragonite
|
|-weather|RainDance|[upkeep]
|upkeep
|
|switch|p2a: Toxicroak|Toxicroak, F|100/100
|-damage|p2a: Toxicroak|88/100|[from] Spikes
|-damage|p2a: Toxicroak|82/100|[from] Stealth Rock
|turn|20
|c|☆space bound monkey|hax and still take the L
|c|☆Akola|see the match up
|c|☆Akola|and dont be ridiculous
|c|☆Akola|thanks
|
|move|p1a: Alakazam|Psychic|p2a: Toxicroak
|-supereffective|p2a: Toxicroak
|-damage|p2a: Toxicroak|0 fnt
|faint|p2a: Toxicroak
|
|win|space bound monkey
|c|☆space bound monkey|dont blame matchup
|c|☆space bound monkey|make a better team
|c|☆space bound monkey|lolz
|c|☆Akola|lmao
|l|☆Akola
|raw|space bound monkey's rating: 1368 &rarr; <strong>1386</strong><br />(+18 for winning)
|raw|Akola's rating: 1349 &rarr; <strong>1330</strong><br />(-19 for losing)
