|j|☆BWR Momentum city
|j|☆Crowned Crystals ♔
|t:|1720300595
|gametype|singles
|player|p1|BWR Momentum city|hilbert|1350
|player|p2|Crowned Crystals ♔|266|1525
|teamsize|p1|6
|teamsize|p2|6
|gen|5
|tier|[Gen 5] OU
|rated|
|rule|Species Clause: Limit one of each Pokémon
|rule|OHKO Clause: OHKO moves are banned
|rule|Moody Clause: Moody is banned
|rule|Evasion Items Clause: Evasion items are banned
|rule|Evasion Moves Clause: Evasion moves are banned
|rule|Endless Battle Clause: Forcing endless battles is banned
|rule|HP Percentage Mod: HP is shown in percentages
|rule|Evasion Abilities Clause: Evasion abilities are banned
|rule|Sleep Moves Clause: Sleep-inducing moves are banned
|rule|Swagger Clause: Swagger is banned
|rule|Baton Pass Stat Clause: No Baton Passer may have a way to boost its stats
|clearpoke
|poke|p1|Abomasnow, M|item
|poke|p1|Gliscor, M|item
|poke|p1|Forretress, F|item
|poke|p1|Blissey, F|item
|poke|p1|Latios, M|item
|poke|p1|Reuniclus, M|item
|poke|p2|Politoed, F|item
|poke|p2|Keldeo|item
|poke|p2|Scizor, F|item
|poke|p2|Thundurus-Therian, M|item
|poke|p2|Ferrothorn, M|item
|poke|p2|Starmie|item
|teampreview
|c|☆BWR Momentum city|Yo
|c|☆BWR Momentum city|its mario
|c|☆Crowned Crystals ♔|Hey man
|c|☆Crowned Crystals ♔|How's it going?
|c|☆BWR Momentum city|good
|c|☆Crowned Crystals ♔|Same here
|c|☆Crowned Crystals ♔|I see you're laddering for BW Reuniclus Suspect REQS
|c|☆BWR Momentum city|yes
|c|☆BWR Momentum city|grinding for 1400
|c|☆Crowned Crystals ♔|Ban or DNB?
|c|☆BWR Momentum city|ban
|c|☆Crowned Crystals ♔|Damn, seems like everyone wants Reuniclus gone unfortunately.
|c|☆BWR Momentum city|bwcord seems to have a lot of dnbers
|c|☆Crowned Crystals ♔|Ah, that's good. I too am on the side of DNB.
|c|☆BWR Momentum city|did you get reqs yet
|c|☆Crowned Crystals ♔|No, I'm not going for REQs. I'm just practicing to get better at BW generally.
|
|t:|1720300795
|start
|switch|p1a: Abomasnow|Abomasnow, M|100/100
|switch|p2a: Thundurus|Thundurus-Therian, M|100/100
|-weather|Hail|[from] ability: Snow Warning|[of] p1a: Abomasnow
|turn|1
|
|t:|1720300839
|switch|p2a: Politoed|Politoed, F, shiny|100/100
|-weather|RainDance|[from] ability: Drizzle|[of] p2a: Politoed
|move|p1a: Abomasnow|Blizzard|p2a: Politoed|[miss]
|-miss|p1a: Abomasnow|p2a: Politoed
|
|-weather|RainDance|[upkeep]
|upkeep
|turn|2
|
|t:|1720300846
|switch|p2a: Scizor|Scizor, F|100/100
|move|p1a: Abomasnow|Protect||[still]
|-fail|p1a: Abomasnow
|
|-weather|RainDance|[upkeep]
|upkeep
|turn|3
|
|t:|1720300858
|switch|p1a: Gliscor|Gliscor, M|100/100
|move|p2a: Scizor|U-turn|p1a: Gliscor
|-resisted|p1a: Gliscor
|-damage|p1a: Gliscor|79/100
|
|t:|1720300862
|switch|p2a: Thundurus|Thundurus-Therian, M|100/100|[from] U-turn
|
|-weather|RainDance|[upkeep]
|-status|p1a: Gliscor|tox|[from] item: Toxic Orb
|upkeep
|turn|4
|
|t:|1720300867
|switch|p1a: Blissey|Blissey, F|100/100
|move|p2a: Thundurus|Nasty Plot|p2a: Thundurus
|-boost|p2a: Thundurus|spa|2
|
|-weather|RainDance|[upkeep]
|upkeep
|turn|5
|
|t:|1720300887
|move|p2a: Thundurus|Focus Blast|p1a: Blissey|[miss]
|-miss|p2a: Thundurus|p1a: Blissey
|move|p1a: Blissey|Seismic Toss|p2a: Thundurus
|-damage|p2a: Thundurus|68/100
|
|-weather|RainDance|[upkeep]
|-heal|p2a: Thundurus|74/100|[from] item: Leftovers
|upkeep
|turn|6
|
|t:|1720300894
|switch|p1a: Latios|Latios, M|100/100
|move|p2a: Thundurus|Focus Blast|p1a: Latios
|-resisted|p1a: Latios
|-damage|p1a: Latios|59/100
|-unboost|p1a: Latios|spd|1
|
|-weather|RainDance|[upkeep]
|-heal|p2a: Thundurus|80/100|[from] item: Leftovers
|upkeep
|turn|7
|
|t:|1720300906
|switch|p2a: Scizor|Scizor, F|100/100
|move|p1a: Latios|Draco Meteor|p2a: Scizor
|-resisted|p2a: Scizor
|-crit|p2a: Scizor
|-damage|p2a: Scizor|5/100
|-unboost|p1a: Latios|spa|2
|
|-weather|RainDance|[upkeep]
|upkeep
|turn|8
|
|t:|1720300913
|switch|p1a: Gliscor|Gliscor, M|79/100 tox
|move|p2a: Scizor|Bullet Punch|p1a: Gliscor
|-damage|p1a: Gliscor|40/100 tox
|
|-weather|RainDance|[upkeep]
|-heal|p1a: Gliscor|52/100 tox|[from] ability: Poison Heal
|upkeep
|turn|9
|
|t:|1720300917
|switch|p2a: Thundurus|Thundurus-Therian, M|80/100
|move|p1a: Gliscor|Stealth Rock|p2a: Thundurus
|-sidestart|p2: Crowned Crystals ♔|move: Stealth Rock
|
|-weather|RainDance|[upkeep]
|-heal|p2a: Thundurus|86/100|[from] item: Leftovers
|-heal|p1a: Gliscor|65/100 tox|[from] ability: Poison Heal
|upkeep
|turn|10
|
|t:|1720300934
|switch|p1a: Abomasnow|Abomasnow, M|100/100
|-weather|Hail|[from] ability: Snow Warning|[of] p1a: Abomasnow
|move|p2a: Thundurus|Nasty Plot|p2a: Thundurus
|-boost|p2a: Thundurus|spa|2
|
|-weather|Hail|[upkeep]
|-damage|p2a: Thundurus|80/100|[from] Hail
|-heal|p2a: Thundurus|86/100|[from] item: Leftovers
|upkeep
|turn|11
|
|t:|1720300980
|switch|p1a: Latios|Latios, M|59/100
|move|p2a: Thundurus|Hidden Power|p1a: Latios
|-supereffective|p1a: Latios
|-damage|p1a: Latios|0 fnt
|faint|p1a: Latios
|
|-weather|Hail|[upkeep]
|-damage|p2a: Thundurus|80/100|[from] Hail
|-heal|p2a: Thundurus|86/100|[from] item: Leftovers
|upkeep
|
|t:|1720300991
|switch|p1a: Abomasnow|Abomasnow, M|100/100
|turn|12
|
|t:|1720300997
|move|p2a: Thundurus|Focus Blast|p1a: Abomasnow
|-supereffective|p1a: Abomasnow
|-crit|p1a: Abomasnow
|-damage|p1a: Abomasnow|0 fnt
|faint|p1a: Abomasnow
|
|-weather|Hail|[upkeep]
|-damage|p2a: Thundurus|80/100|[from] Hail
|-heal|p2a: Thundurus|86/100|[from] item: Leftovers
|upkeep
|c|☆BWR Momentum city|i lost momentum
|c|☆Crowned Crystals ♔|Yeah, it happens to all of us.
|
|t:|1720301040
|switch|p1a: Reuniclus|Reuniclus, M|100/100
|turn|13
|
|t:|1720301045
|move|p2a: Thundurus|Thunder|p1a: Reuniclus
|-damage|p1a: Reuniclus|0 fnt
|faint|p1a: Reuniclus
|
|-weather|Hail|[upkeep]
|-damage|p2a: Thundurus|80/100|[from] Hail
|-heal|p2a: Thundurus|86/100|[from] item: Leftovers
|upkeep
|
|t:|1720301050
|switch|p1a: Blissey|Blissey, F|100/100
|turn|14
|
|t:|1720301054
|move|p2a: Thundurus|Focus Blast|p1a: Blissey
|-supereffective|p1a: Blissey
|-damage|p1a: Blissey|38/100
|move|p1a: Blissey|Seismic Toss|p2a: Thundurus
|-damage|p2a: Thundurus|54/100
|
|-weather|Hail|[upkeep]
|-damage|p2a: Thundurus|47/100|[from] Hail
|-damage|p1a: Blissey|32/100|[from] Hail
|-heal|p2a: Thundurus|54/100|[from] item: Leftovers
|-heal|p1a: Blissey|38/100|[from] item: Leftovers
|upkeep
|turn|15
|
|t:|1720301059
|move|p2a: Thundurus|Focus Blast|p1a: Blissey
|-supereffective|p1a: Blissey
|-damage|p1a: Blissey|0 fnt
|faint|p1a: Blissey
|
|-weather|Hail|[upkeep]
|-damage|p2a: Thundurus|47/100|[from] Hail
|-heal|p2a: Thundurus|54/100|[from] item: Leftovers
|upkeep
|
|t:|1720301062
|switch|p1a: Forretress|Forretress, F|100/100
|turn|16
|
|t:|1720301065
|move|p2a: Thundurus|Thunder|p1a: Forretress|[miss]
|-miss|p2a: Thundurus|p1a: Forretress
|move|p1a: Forretress|Gyro Ball|p2a: Thundurus
|-resisted|p2a: Thundurus
|-damage|p2a: Thundurus|27/100
|
|-weather|Hail|[upkeep]
|-damage|p2a: Thundurus|21/100|[from] Hail
|-heal|p2a: Thundurus|27/100|[from] item: Leftovers
|upkeep
|turn|17
|
|t:|1720301071
|move|p2a: Thundurus|Focus Blast|p1a: Forretress
|-damage|p1a: Forretress|0 fnt
|faint|p1a: Forretress
|
|-weather|Hail|[upkeep]
|-damage|p2a: Thundurus|21/100|[from] Hail
|-heal|p2a: Thundurus|27/100|[from] item: Leftovers
|upkeep
|c|☆Crowned Crystals ♔|gg
|-message|BWR Momentum city forfeited.
|
|win|Crowned Crystals ♔
|raw|BWR Momentum city's rating: 1350 &rarr; <strong>1339</strong><br />(-11 for losing)
|raw|Crowned Crystals ♔'s rating: 1525 &rarr; <strong>1536</strong><br />(+11 for winning)
|l|☆BWR Momentum city
|player|p1|
|c|☆Crowned Crystals ♔|/log Crowned Crystals ♔ made this room public.
