|j|☆ShitmonConnoisseur
|j|☆Blossummm
|t:|1715062873
|gametype|singles
|player|p1|ShitmonConnoisseur|thorton|1341
|player|p2|Blossummm|roxie|1434
|teamsize|p1|6
|teamsize|p2|6
|gen|5
|tier|[Gen 5] OU
|rated|
|rule|Species Clause: Limit one of each Pokémon
|rule|OHKO Clause: OHKO moves are banned
|rule|Moody Clause: Moody is banned
|rule|Evasion Items Clause: Evasion items are banned
|rule|Evasion Moves Clause: Evasion moves are banned
|rule|Endless Battle Clause: Forcing endless battles is banned
|rule|HP Percentage Mod: HP is shown in percentages
|rule|Evasion Abilities Clause: Evasion abilities are banned
|rule|Sleep Moves Clause: Sleep-inducing moves are banned
|rule|Swagger Clause: Swagger is banned
|rule|Baton Pass Stat Clause: No Baton Passer may have a way to boost its stats
|clearpoke
|poke|p1|Ninetales, M|item
|poke|p1|Victini|item
|poke|p1|Latios, M|item
|poke|p1|Xatu, M|item
|poke|p1|Heatran, F|item
|poke|p1|Hydreigon, F|item
|poke|p2|Tyranitar, F|item
|poke|p2|Alakazam, F|item
|poke|p2|Latios, M|item
|poke|p2|Ferrothorn, F|item
|poke|p2|Keldeo|item
|poke|p2|Landorus-Therian, M|item
|teampreview
|inactive|Battle timer is ON: inactive players will automatically lose when time's up. (requested by Blossummm)
|
|t:|1715062893
|start
|switch|p1a: Xatu|Xatu, M|100/100
|switch|p2a: Keldeo|Keldeo|100/100
|turn|1
|
|t:|1715062906
|switch|p2a: Landorus|Landorus-Therian, M|100/100
|-ability|p2a: Landorus|Intimidate|boost
|-unboost|p1a: Xatu|atk|1
|switch|p1a: Latios|Latios, M|100/100
|
|upkeep
|turn|2
|
|t:|1715062920
|switch|p2a: Tyranitar|Tyranitar, F, shiny|100/100
|-weather|Sandstorm|[from] ability: Sand Stream|[of] p2a: Tyranitar
|move|p1a: Latios|Draco Meteor|p2a: Tyranitar
|-crit|p2a: Tyranitar
|-damage|p2a: Tyranitar|0 fnt
|-unboost|p1a: Latios|spa|2
|faint|p2a: Tyranitar
|
|-weather|Sandstorm|[upkeep]
|-damage|p1a: Latios|95/100|[from] Sandstorm
|upkeep
|inactive|Blossummm has 120 seconds left.
|
|t:|1715062948
|switch|p2a: Ferrothorn|Ferrothorn, F|100/100
|turn|3
|
|t:|1715062963
|switch|p1a: Xatu|Xatu, M|100/100
|move|p2a: Ferrothorn|Gyro Ball|p1a: Xatu
|-damage|p1a: Xatu|53/100
|-damage|p2a: Ferrothorn|84/100|[from] item: Rocky Helmet|[of] p1a: Xatu
|
|-weather|Sandstorm|[upkeep]
|-damage|p1a: Xatu|47/100|[from] Sandstorm
|upkeep
|turn|4
|
|t:|1715062970
|move|p1a: Xatu|Reflect|p1a: Xatu
|-sidestart|p1: ShitmonConnoisseur|Reflect
|move|p2a: Ferrothorn|Gyro Ball|p1a: Xatu
|-damage|p1a: Xatu|22/100
|-damage|p2a: Ferrothorn|67/100|[from] item: Rocky Helmet|[of] p1a: Xatu
|
|-weather|Sandstorm|[upkeep]
|-damage|p1a: Xatu|16/100|[from] Sandstorm
|upkeep
|turn|5
|
|t:|1715062982
|switch|p2a: Keldeo|Keldeo|100/100
|move|p1a: Xatu|Roost|p1a: Xatu
|-heal|p1a: Xatu|66/100
|-singleturn|p1a: Xatu|move: Roost
|
|-weather|Sandstorm|[upkeep]
|-damage|p2a: Keldeo|94/100|[from] Sandstorm
|-damage|p1a: Xatu|60/100|[from] Sandstorm
|-heal|p2a: Keldeo|100/100|[from] item: Leftovers
|upkeep
|turn|6
|
|t:|1715062991
|switch|p1a: Ninetales|Ninetales, M|100/100
|-weather|SunnyDay|[from] ability: Drought|[of] p1a: Ninetales
|move|p2a: Keldeo|Scald|p1a: Ninetales
|-supereffective|p1a: Ninetales
|-damage|p1a: Ninetales|50/100
|
|-weather|SunnyDay|[upkeep]
|upkeep
|turn|7
|inactive|Blossummm has 120 seconds left.
|
|t:|1715063016
|switch|p1a: Latios|Latios, M|95/100
|move|p2a: Keldeo|Scald|p1a: Latios
|-resisted|p1a: Latios
|-crit|p1a: Latios
|-damage|p1a: Latios|75/100
|
|-weather|SunnyDay|[upkeep]
|upkeep
|turn|8
|
|t:|1715063026
|switch|p2a: Ferrothorn|Ferrothorn, F|67/100
|move|p1a: Latios|Draco Meteor|p2a: Ferrothorn
|-resisted|p2a: Ferrothorn
|-damage|p2a: Ferrothorn|30/100
|-unboost|p1a: Latios|spa|2
|
|-weather|SunnyDay|[upkeep]
|-sideend|p1: ShitmonConnoisseur|Reflect
|upkeep
|turn|9
|
|t:|1715063035
|switch|p1a: Xatu|Xatu, M|60/100
|move|p2a: Ferrothorn|Gyro Ball|p1a: Xatu
|-damage|p1a: Xatu|8/100
|-damage|p2a: Ferrothorn|14/100|[from] item: Rocky Helmet|[of] p1a: Xatu
|
|-weather|SunnyDay|[upkeep]
|upkeep
|turn|10
|
|t:|1715063043
|move|p1a: Xatu|Night Shade|p2a: Ferrothorn
|-damage|p2a: Ferrothorn|0 fnt
|faint|p2a: Ferrothorn
|
|-weather|SunnyDay|[upkeep]
|upkeep
|
|t:|1715063053
|switch|p2a: Keldeo|Keldeo|100/100
|turn|11
|
|t:|1715063061
|move|p2a: Keldeo|Scald|p1a: Xatu
|-damage|p1a: Xatu|0 fnt
|faint|p1a: Xatu
|
|-weather|SunnyDay|[upkeep]
|upkeep
|
|t:|1715063074
|switch|p1a: Latios|Latios, M|75/100
|turn|12
|
|t:|1715063093
|move|p1a: Latios|Draco Meteor|p2a: Keldeo
|-damage|p2a: Keldeo|0 fnt
|-unboost|p1a: Latios|spa|2
|faint|p2a: Keldeo
|
|-weather|SunnyDay|[upkeep]
|upkeep
|
|t:|1715063100
|switch|p2a: Alakazam|Alakazam, F|100/100
|turn|13
|
|t:|1715063115
|switch|p1a: Hydreigon|Hydreigon, F|100/100
|move|p2a: Alakazam|Shadow Ball|p1a: Hydreigon
|-resisted|p1a: Hydreigon
|-damage|p1a: Hydreigon|80/100
|
|-weather|SunnyDay|[upkeep]
|-heal|p1a: Hydreigon|86/100|[from] item: Leftovers
|upkeep
|turn|14
|
|t:|1715063127
|switch|p2a: Landorus|Landorus-Therian, M|100/100
|-ability|p2a: Landorus|Intimidate|boost
|-unboost|p1a: Hydreigon|atk|1
|move|p1a: Hydreigon|Dark Pulse|p2a: Landorus
|-damage|p2a: Landorus|37/100
|
|-weather|SunnyDay|[upkeep]
|-heal|p2a: Landorus|44/100|[from] item: Leftovers
|-heal|p1a: Hydreigon|92/100|[from] item: Leftovers
|upkeep
|turn|15
|
|t:|1715063134
|move|p2a: Landorus|U-turn|p1a: Hydreigon
|-supereffective|p1a: Hydreigon
|-damage|p1a: Hydreigon|43/100
|
|t:|1715063146
|switch|p2a: Latios|Latios, M|100/100|[from] U-turn
|move|p1a: Hydreigon|Dark Pulse|p2a: Latios
|-supereffective|p2a: Latios
|-damage|p2a: Latios|13/100
|
|-weather|SunnyDay|[upkeep]
|-heal|p1a: Hydreigon|50/100|[from] item: Leftovers
|upkeep
|turn|16
|
|t:|1715063168
|switch|p2a: Landorus|Landorus-Therian, M|44/100
|-ability|p2a: Landorus|Intimidate|boost
|-unboost|p1a: Hydreigon|atk|1
|move|p1a: Hydreigon|Thunder Wave|p2a: Landorus
|-immune|p2a: Landorus
|
|-weather|SunnyDay|[upkeep]
|-heal|p2a: Landorus|50/100|[from] item: Leftovers
|-heal|p1a: Hydreigon|56/100|[from] item: Leftovers
|upkeep
|turn|17
|
|t:|1715063180
|move|p2a: Landorus|Hidden Power|p1a: Hydreigon
|-supereffective|p1a: Hydreigon
|-damage|p1a: Hydreigon|16/100
|move|p1a: Hydreigon|Fire Blast|p2a: Landorus
|-damage|p2a: Landorus|0 fnt
|faint|p2a: Landorus
|
|-weather|SunnyDay|[upkeep]
|-heal|p1a: Hydreigon|22/100|[from] item: Leftovers
|upkeep
|
|t:|1715063201
|switch|p2a: Alakazam|Alakazam, F|100/100
|turn|18
|
|t:|1715063214
|move|p2a: Alakazam|Hidden Power|p1a: Hydreigon
|-resisted|p1a: Hydreigon
|-damage|p1a: Hydreigon|0 fnt
|faint|p1a: Hydreigon
|
|-weather|SunnyDay|[upkeep]
|upkeep
|
|t:|1715063225
|switch|p1a: Heatran|Heatran, F|100/100
|turn|19
|
|t:|1715063230
|move|p2a: Alakazam|Psychic|p1a: Heatran
|-resisted|p1a: Heatran
|-crit|p1a: Heatran
|-damage|p1a: Heatran|61/100
|move|p1a: Heatran|Lava Plume|p2a: Alakazam
|-damage|p2a: Alakazam|26/100
|
|-weather|SunnyDay|[upkeep]
|-heal|p1a: Heatran|67/100|[from] item: Leftovers
|upkeep
|turn|20
|
|t:|1715063234
|move|p1a: Heatran|Protect|p1a: Heatran
|-singleturn|p1a: Heatran|Protect
|move|p2a: Alakazam|Psychic|p1a: Heatran
|-activate|p1a: Heatran|move: Protect
|
|-weather|SunnyDay|[upkeep]
|-heal|p1a: Heatran|74/100|[from] item: Leftovers
|upkeep
|turn|21
|
|t:|1715063236
|move|p2a: Alakazam|Psychic|p1a: Heatran
|-resisted|p1a: Heatran
|-damage|p1a: Heatran|55/100
|-unboost|p1a: Heatran|spd|1
|move|p1a: Heatran|Lava Plume|p2a: Alakazam
|-damage|p2a: Alakazam|0 fnt
|faint|p2a: Alakazam
|
|-weather|SunnyDay|[upkeep]
|-heal|p1a: Heatran|62/100|[from] item: Leftovers
|upkeep
|
|t:|1715063238
|switch|p2a: Latios|Latios, M|13/100
|turn|22
|
|t:|1715063243
|move|p1a: Heatran|Protect|p1a: Heatran
|-singleturn|p1a: Heatran|Protect
|move|p2a: Latios|Draco Meteor|p1a: Heatran
|-activate|p1a: Heatran|move: Protect
|
|-weather|SunnyDay|[upkeep]
|-heal|p1a: Heatran|68/100|[from] item: Leftovers
|upkeep
|turn|23
|
|t:|1715063253
|move|p2a: Latios|Draco Meteor|p1a: Heatran
|-resisted|p1a: Heatran
|-damage|p1a: Heatran|34/100
|-unboost|p2a: Latios|spa|2
|move|p1a: Heatran|Lava Plume|p2a: Latios
|-resisted|p2a: Latios
|-damage|p2a: Latios|0 fnt
|faint|p2a: Latios
|
|win|ShitmonConnoisseur
|raw|ShitmonConnoisseur's rating: 1341 &rarr; <strong>1366</strong><br />(+25 for winning)
|raw|Blossummm's rating: 1434 &rarr; <strong>1409</strong><br />(-25 for losing)
