|j|☆Giovanna G
|j|☆Radiant Markoth
|player|p1|Giovanna G|erika|1466
|player|p2|Radiant Markoth|261|1288
|teamsize|p1|6
|teamsize|p2|6
|gametype|singles
|gen|5
|tier|[Gen 5] OU
|rated|
|clearpoke
|poke|p1|Landorus-Therian, M|item
|poke|p1|Tyranitar, F|item
|poke|p1|Latios, M|item
|poke|p1|Ferrothorn, F|item
|poke|p1|Jellicent, F|item
|poke|p1|Heatran, F|item
|poke|p2|Dragonite, M|item
|poke|p2|Scizor, M|item
|poke|p2|Tyranitar, M|item
|poke|p2|Slowking, F|item
|poke|p2|Breloom, F|item
|poke|p2|Mamoswine, M|item
|rule|Species Clause: Limit one of each Pokémon
|rule|OHKO Clause: OHKO moves are banned
|rule|Moody Clause: Moody is banned
|rule|Evasion Moves Clause: Evasion moves are banned
|rule|Endless Battle Clause: Forcing endless battles is banned
|rule|HP Percentage Mod: HP is shown in percentages
|rule|Evasion Abilities Clause: Evasion abilities are banned
|rule|Baton Pass Clause: Limit one Baton Passer, can't pass Spe and other stats simultaneously
|rule|Sleep Clause: Sleep-inducing moves are banned
|rule|Swagger Clause: Swagger is banned
|teampreview
|
|start
|switch|p1a: Landorus|Landorus-Therian, M|100/100
|switch|p2a: Tyranitar|Tyranitar, M|100/100
|-ability|p1a: Landorus|Intimidate|boost
|-unboost|p2a: Tyranitar|atk|1
|-weather|Sandstorm|[from] ability: Sand Stream|[of] p2a: Tyranitar
|turn|1
|
|move|p1a: Landorus|Stealth Rock|p2a: Tyranitar
|-sidestart|p2: Radiant Markoth|move: Stealth Rock
|move|p2a: Tyranitar|Ice Beam|p1a: Landorus
|-supereffective|p1a: Landorus
|-damage|p1a: Landorus|0 fnt
|faint|p1a: Landorus
|
|-weather|Sandstorm|[upkeep]
|upkeep
|
|switch|p1a: Ferrothorn|Ferrothorn, F|100/100
|turn|2
|
|move|p2a: Tyranitar|Fire Blast|p1a: Ferrothorn
|-supereffective|p1a: Ferrothorn
|-damage|p1a: Ferrothorn|0 fnt
|faint|p1a: Ferrothorn
|
|-weather|Sandstorm|[upkeep]
|upkeep
|
|switch|p1a: Tyranitar|Tyranitar, F|100/100
|turn|3
|
|move|p1a: Tyranitar|Stone Edge|p2a: Tyranitar
|-damage|p2a: Tyranitar|50/100
|move|p2a: Tyranitar|Stealth Rock|p1a: Tyranitar
|-sidestart|p1: Giovanna G|move: Stealth Rock
|
|-weather|Sandstorm|[upkeep]
|upkeep
|turn|4
|
|move|p1a: Tyranitar|Stone Edge|p2a: Tyranitar
|-damage|p2a: Tyranitar|5/100
|move|p2a: Tyranitar|Stone Edge|p1a: Tyranitar
|-damage|p1a: Tyranitar|69/100
|
|-weather|Sandstorm|[upkeep]
|upkeep
|turn|5
|
|switch|p1a: Heatran|Heatran, F|100/100
|-damage|p1a: Heatran|88/100|[from] Stealth Rock
|move|p2a: Tyranitar|Stone Edge|p1a: Heatran|[miss]
|-miss|p2a: Tyranitar|p1a: Heatran
|
|-weather|Sandstorm|[upkeep]
|-heal|p1a: Heatran|94/100|[from] item: Leftovers
|upkeep
|turn|6
|
|move|p1a: Heatran|Toxic|p2a: Tyranitar
|-status|p2a: Tyranitar|tox
|move|p2a: Tyranitar|Stone Edge|p1a: Heatran
|-damage|p1a: Heatran|65/100
|
|-weather|Sandstorm|[upkeep]
|-heal|p1a: Heatran|71/100|[from] item: Leftovers
|-damage|p2a: Tyranitar|0 fnt|[from] psn
|faint|p2a: Tyranitar
|upkeep
|
|switch|p2a: Slowking|Slowking, F|100/100
|-damage|p2a: Slowking|88/100|[from] Stealth Rock
|turn|7
|
|move|p1a: Heatran|Toxic|p2a: Slowking
|-status|p2a: Slowking|tox
|move|p2a: Slowking|Psyshock|p1a: Heatran
|-resisted|p1a: Heatran
|-damage|p1a: Heatran|50/100
|-damage|p2a: Slowking|78/100 tox|[from] item: Life Orb
|
|-weather|Sandstorm|[upkeep]
|-damage|p2a: Slowking|72/100 tox|[from] Sandstorm
|-heal|p1a: Heatran|56/100|[from] item: Leftovers
|-damage|p2a: Slowking|66/100 tox|[from] psn
|upkeep
|turn|8
|
|move|p1a: Heatran|Protect|p1a: Heatran
|-singleturn|p1a: Heatran|Protect
|move|p2a: Slowking|Slack Off|p2a: Slowking
|-heal|p2a: Slowking|100/100 tox
|
|-weather|Sandstorm|[upkeep]
|-damage|p2a: Slowking|94/100 tox|[from] Sandstorm
|-heal|p1a: Heatran|63/100|[from] item: Leftovers
|-damage|p2a: Slowking|82/100 tox|[from] psn
|upkeep
|turn|9
|
|switch|p1a: Jellicent|Jellicent, F|100/100
|-damage|p1a: Jellicent|88/100|[from] Stealth Rock
|switch|p2a: Dragonite|Dragonite, M|100/100
|-damage|p2a: Dragonite|76/100|[from] Stealth Rock
|
|-weather|Sandstorm|[upkeep]
|-damage|p2a: Dragonite|70/100|[from] Sandstorm
|-damage|p1a: Jellicent|82/100|[from] Sandstorm
|-heal|p1a: Jellicent|88/100|[from] item: Leftovers
|upkeep
|turn|10
|
|move|p2a: Dragonite|Outrage|p1a: Jellicent
|-damage|p1a: Jellicent|0 fnt
|faint|p1a: Jellicent
|
|-weather|Sandstorm|[upkeep]
|-damage|p2a: Dragonite|63/100|[from] Sandstorm
|upkeep
|
|switch|p1a: Tyranitar|Tyranitar, F|69/100
|-damage|p1a: Tyranitar|57/100|[from] Stealth Rock
|turn|11
|
|move|p1a: Tyranitar|Ice Punch|p2a: Dragonite
|-supereffective|p2a: Dragonite
|-damage|p2a: Dragonite|0 fnt
|faint|p2a: Dragonite
|
|-weather|Sandstorm|[upkeep]
|upkeep
|
|switch|p2a: Breloom|Breloom, F|100/100
|-damage|p2a: Breloom|94/100|[from] Stealth Rock
|turn|12
|inactive|Battle timer is ON: inactive players will automatically lose when time's up. (requested by Giovanna G)
|inactive|Radiant Markoth has 120 seconds left.
|
|switch|p1a: Latios|Latios, M|100/100
|-damage|p1a: Latios|88/100|[from] Stealth Rock
|move|p2a: Breloom|Seed Bomb|p1a: Latios
|-resisted|p1a: Latios
|-damage|p1a: Latios|57/100
|
|-weather|Sandstorm|[upkeep]
|-damage|p1a: Latios|51/100|[from] Sandstorm
|-damage|p2a: Breloom|88/100|[from] Sandstorm
|-status|p2a: Breloom|tox|[from] item: Toxic Orb
|upkeep
|turn|13
|
|switch|p2a: Slowking|Slowking, F|100/100 tox
|-damage|p2a: Slowking|88/100 tox|[from] Stealth Rock
|move|p1a: Latios|Psychic|p2a: Slowking
|-resisted|p2a: Slowking
|-damage|p2a: Slowking|69/100 tox
|
|-weather|Sandstorm|[upkeep]
|-damage|p1a: Latios|45/100|[from] Sandstorm
|-damage|p2a: Slowking|63/100 tox|[from] Sandstorm
|-damage|p2a: Slowking|57/100 tox|[from] psn
|upkeep
|turn|14
|
|switch|p1a: Tyranitar|Tyranitar, F|57/100
|-damage|p1a: Tyranitar|45/100|[from] Stealth Rock
|move|p2a: Slowking|Scald|p1a: Tyranitar
|-supereffective|p1a: Tyranitar
|-damage|p1a: Tyranitar|0 fnt
|-damage|p2a: Slowking|47/100 tox|[from] item: Life Orb
|faint|p1a: Tyranitar
|
|-weather|Sandstorm|[upkeep]
|-damage|p2a: Slowking|41/100 tox|[from] Sandstorm
|-damage|p2a: Slowking|29/100 tox|[from] psn
|upkeep
|
|switch|p1a: Heatran|Heatran, F|63/100
|-damage|p1a: Heatran|50/100|[from] Stealth Rock
|turn|15
|
|move|p1a: Heatran|Magma Storm|p2a: Slowking
|-resisted|p2a: Slowking
|-damage|p2a: Slowking|9/100 tox
|-activate|p2a: Slowking|move: Magma Storm|[of] p1a: Heatran
|move|p2a: Slowking|Scald|p1a: Heatran
|-supereffective|p1a: Heatran
|-damage|p1a: Heatran|0 fnt
|-damage|p2a: Slowking|0 fnt|[from] item: Life Orb
|faint|p1a: Heatran
|faint|p2a: Slowking
|
|-weather|Sandstorm|[upkeep]
|upkeep
|
|switch|p1a: Latios|Latios, M|45/100
|switch|p2a: Mamoswine|Mamoswine, M|100/100
|-damage|p1a: Latios|33/100|[from] Stealth Rock
|-damage|p2a: Mamoswine|88/100|[from] Stealth Rock
|turn|16
|
|move|p2a: Mamoswine|Ice Shard|p1a: Latios
|-supereffective|p1a: Latios
|-crit|p1a: Latios
|-damage|p1a: Latios|0 fnt
|-damage|p2a: Mamoswine|78/100|[from] item: Life Orb
|faint|p1a: Latios
|
|win|Radiant Markoth
|c|☆Radiant Markoth|gg
|l|☆Giovanna G
|raw|Giovanna G's rating: 1466 &rarr; <strong>1437</strong><br />(-29 for losing)
|raw|Radiant Markoth's rating: 1288 &rarr; <strong>1325</strong><br />(+37 for winning)
