|j|☆Dizzy Dizarine
|j|☆repinho2711
|t:|1718653659
|gametype|singles
|player|p1|Dizzy Dizarine|flannery|1289
|player|p2|repinho2711|ethan|1492
|teamsize|p1|6
|teamsize|p2|6
|gen|5
|tier|[Gen 5] OU
|rated|
|rule|Species Clause: Limit one of each Pokémon
|rule|OHKO Clause: OHKO moves are banned
|rule|Moody Clause: Moody is banned
|rule|Evasion Items Clause: Evasion items are banned
|rule|Evasion Moves Clause: Evasion moves are banned
|rule|Endless Battle Clause: Forcing endless battles is banned
|rule|HP Percentage Mod: HP is shown in percentages
|rule|Evasion Abilities Clause: Evasion abilities are banned
|rule|Sleep Moves Clause: Sleep-inducing moves are banned
|rule|Swagger Clause: Swagger is banned
|rule|Baton Pass Stat Clause: No Baton Passer may have a way to boost its stats
|clearpoke
|poke|p1|Chandelure, F|item
|poke|p1|Gastrodon, F|item
|poke|p1|Keldeo|item
|poke|p1|Tyranitar, F|item
|poke|p1|Excadrill, F|item
|poke|p1|Latios, M|item
|poke|p2|Dragonite, M|item
|poke|p2|Gyarados, M|item
|poke|p2|Espeon, F|item
|poke|p2|Scizor, M|item
|poke|p2|Donphan, M|item
|poke|p2|Porygon-Z|item
|teampreview
|inactive|Battle timer is ON: inactive players will automatically lose when time's up. (requested by repinho2711)
|
|t:|1718653727
|start
|switch|p1a: Excadrill's Wife|Tyranitar, F|100/100
|switch|p2a: Dragonite|Dragonite, M, shiny|100/100
|-weather|Sandstorm|[from] ability: Sand Stream|[of] p1a: Excadrill's Wife
|turn|1
|
|t:|1718653734
|move|p2a: Dragonite|Superpower|p1a: Excadrill's Wife
|-supereffective|p1a: Excadrill's Wife
|-enditem|p1a: Excadrill's Wife|Chople Berry|[eat]
|-enditem|p1a: Excadrill's Wife|Chople Berry|[weaken]
|-damage|p1a: Excadrill's Wife|42/100
|-unboost|p2a: Dragonite|atk|1
|-unboost|p2a: Dragonite|def|1
|move|p1a: Excadrill's Wife|Stealth Rock|p2a: Dragonite
|-sidestart|p2: repinho2711|move: Stealth Rock
|
|-weather|Sandstorm|[upkeep]
|-damage|p2a: Dragonite|94/100|[from] Sandstorm
|-heal|p2a: Dragonite|100/100|[from] item: Leftovers
|upkeep
|turn|2
|
|t:|1718653751
|switch|p2a: Donphan|Donphan, M|100/100
|-damage|p2a: Donphan|94/100|[from] Stealth Rock
|move|p1a: Excadrill's Wife|Crunch|p2a: Donphan
|-damage|p2a: Donphan|68/100
|
|-weather|Sandstorm|[upkeep]
|-heal|p2a: Donphan|74/100|[from] item: Leftovers
|upkeep
|turn|3
|
|t:|1718653760
|switch|p1a: Latios|Latios, M|100/100
|move|p2a: Donphan|Stealth Rock|p1a: Latios
|-sidestart|p1: Dizzy Dizarine|move: Stealth Rock
|
|-weather|Sandstorm|[upkeep]
|-damage|p1a: Latios|95/100|[from] Sandstorm
|-heal|p2a: Donphan|80/100|[from] item: Leftovers
|upkeep
|turn|4
|
|t:|1718653770
|move|p2a: Donphan|Ice Shard|p1a: Latios
|-supereffective|p1a: Latios
|-damage|p1a: Latios|61/100
|move|p1a: Latios|Surf|p2a: Donphan
|-supereffective|p2a: Donphan
|-damage|p2a: Donphan|0 fnt
|faint|p2a: Donphan
|
|-weather|Sandstorm|[upkeep]
|-damage|p1a: Latios|55/100|[from] Sandstorm
|upkeep
|
|t:|1718653777
|switch|p2a: Gyarados|Gyarados, M, shiny|100/100
|-damage|p2a: Gyarados|76/100|[from] Stealth Rock
|-ability|p2a: Gyarados|Intimidate|boost
|-unboost|p1a: Latios|atk|1
|turn|5
|
|t:|1718653784
|move|p1a: Latios|Surf|p2a: Gyarados
|-resisted|p2a: Gyarados
|-damage|p2a: Gyarados|50/100
|move|p2a: Gyarados|Dragon Dance|p2a: Gyarados
|-boost|p2a: Gyarados|atk|1
|-boost|p2a: Gyarados|spe|1
|
|-weather|Sandstorm|[upkeep]
|-damage|p2a: Gyarados|44/100|[from] Sandstorm
|-damage|p1a: Latios|49/100|[from] Sandstorm
|upkeep
|turn|6
|
|t:|1718653792
|move|p2a: Gyarados|Ice Fang|p1a: Latios
|-supereffective|p1a: Latios
|-damage|p1a: Latios|0 fnt
|faint|p1a: Latios
|
|-weather|Sandstorm|[upkeep]
|-damage|p2a: Gyarados|38/100|[from] Sandstorm
|upkeep
|
|t:|1718653799
|switch|p1a: Gastrodon|Gastrodon, F|100/100
|-damage|p1a: Gastrodon|94/100|[from] Stealth Rock
|turn|7
|
|t:|1718653803
|move|p2a: Gyarados|Earthquake|p1a: Gastrodon
|-damage|p1a: Gastrodon|57/100
|move|p1a: Gastrodon|Toxic|p2a: Gyarados
|-status|p2a: Gyarados|tox
|-enditem|p2a: Gyarados|Lum Berry|[eat]
|-curestatus|p2a: Gyarados|tox|[msg]
|
|-weather|Sandstorm|[upkeep]
|-damage|p2a: Gyarados|32/100|[from] Sandstorm
|-heal|p1a: Gastrodon|63/100|[from] item: Leftovers
|upkeep
|turn|8
|
|t:|1718653813
|move|p2a: Gyarados|Earthquake|p1a: Gastrodon
|-damage|p1a: Gastrodon|21/100
|move|p1a: Gastrodon|Toxic|p2a: Gyarados
|-status|p2a: Gyarados|tox
|
|-weather|Sandstorm|[upkeep]
|-damage|p2a: Gyarados|26/100 tox|[from] Sandstorm
|-heal|p1a: Gastrodon|27/100|[from] item: Leftovers
|-damage|p2a: Gyarados|20/100 tox|[from] psn
|upkeep
|turn|9
|
|t:|1718653824
|move|p2a: Gyarados|Earthquake|p1a: Gastrodon
|-damage|p1a: Gastrodon|0 fnt
|faint|p1a: Gastrodon
|
|-weather|Sandstorm|[upkeep]
|-damage|p2a: Gyarados|13/100 tox|[from] Sandstorm
|-damage|p2a: Gyarados|1/100 tox|[from] psn
|upkeep
|
|t:|1718653831
|switch|p1a: Tyranitar's Wife|Excadrill, F|100/100
|-damage|p1a: Tyranitar's Wife|97/100|[from] Stealth Rock
|turn|10
|
|t:|1718653843
|move|p1a: Tyranitar's Wife|Protect|p1a: Tyranitar's Wife
|-singleturn|p1a: Tyranitar's Wife|Protect
|move|p2a: Gyarados|Waterfall|p1a: Tyranitar's Wife
|-activate|p1a: Tyranitar's Wife|move: Protect
|
|-weather|Sandstorm|[upkeep]
|-damage|p2a: Gyarados|0 fnt|[from] Sandstorm
|faint|p2a: Gyarados
|-heal|p1a: Tyranitar's Wife|100/100|[from] item: Leftovers
|upkeep
|
|t:|1718653853
|switch|p2a: Scizor|Scizor, M, shiny|100/100
|-damage|p2a: Scizor|88/100|[from] Stealth Rock
|turn|11
|
|t:|1718653864
|switch|p1a: Chandelure|Chandelure, F|100/100
|-damage|p1a: Chandelure|76/100|[from] Stealth Rock
|move|p2a: Scizor|Superpower|p1a: Chandelure
|-immune|p1a: Chandelure
|
|-weather|Sandstorm|[upkeep]
|-damage|p1a: Chandelure|69/100|[from] Sandstorm
|upkeep
|turn|12
|
|t:|1718653878
|switch|p2a: Dragonite|Dragonite, M, shiny|100/100
|-damage|p2a: Dragonite|76/100|[from] Stealth Rock
|move|p1a: Chandelure|Hidden Power|p2a: Dragonite
|-supereffective|p2a: Dragonite
|-damage|p2a: Dragonite|0 fnt
|faint|p2a: Dragonite
|
|-weather|Sandstorm|[upkeep]
|-damage|p1a: Chandelure|63/100|[from] Sandstorm
|upkeep
|-message|repinho2711 forfeited.
|
|win|Dizzy Dizarine
|raw|Dizzy Dizarine's rating: 1289 &rarr; <strong>1327</strong><br />(+38 for winning)
|raw|repinho2711's rating: 1492 &rarr; <strong>1461</strong><br />(-31 for losing)
|l|☆repinho2711
|player|p2|
