|j|☆bad big bratt
|j|☆porrompompom
|player|p1|bad big bratt|172
|player|p2|porrompompom|1
|teamsize|p1|6
|teamsize|p2|6
|gametype|singles
|gen|5
|tier|[Gen 5] OU
|rated|
|rule|Sleep Clause Mod: Limit one foe put to sleep
|rule|Species Clause: Limit one of each Pokémon
|rule|OHKO Clause: OHKO moves are banned
|rule|Moody Clause: Moody is banned
|rule|Evasion Moves Clause: Evasion moves are banned
|rule|Endless Battle Clause: Forcing endless battles is banned
|rule|HP Percentage Mod: HP is shown in percentages
|rule|Evasion Abilities Clause: Evasion abilities are banned
|rule|Baton Pass Clause: Limit one Baton Passer, can't pass Spe and other stats simultaneously
|rule|Swagger Clause: Swagger is banned
|clearpoke
|poke|p1|Garchomp, F|item
|poke|p1|Latios, M|item
|poke|p1|Kyurem-Black|item
|poke|p1|Magnezone|item
|poke|p1|Jirachi|item
|poke|p1|Dragonite, F|item
|poke|p2|Latios, M|item
|poke|p2|Haxorus, F|item
|poke|p2|Magnezone|item
|poke|p2|Lucario, M|item
|poke|p2|Salamence, M|item
|poke|p2|Aerodactyl, M|item
|teampreview
|inactive|Battle timer is ON: inactive players will automatically lose when time's up. (requested by bad big bratt)
|
|start
|switch|p1a: Jirachi|Jirachi|100/100
|switch|p2a: Aerodactyl|Aerodactyl, M|100/100
|-ability|p2a: Aerodactyl|Unnerve|p1: bad big bratt
|turn|1
|
|move|p2a: Aerodactyl|Stealth Rock|p1a: Jirachi
|-sidestart|p1: bad big bratt|move: Stealth Rock
|move|p1a: Jirachi|Icy Wind|p2a: Aerodactyl
|-supereffective|p2a: Aerodactyl
|-damage|p2a: Aerodactyl|47/100
|-unboost|p2a: Aerodactyl|spe|1
|
|upkeep
|turn|2
|j| jimmyelnavaja
|
|switch|p2a: Magnezone|Magnezone|100/100
|move|p1a: Jirachi|Stealth Rock|p2a: Magnezone
|-sidestart|p2: porrompompom|move: Stealth Rock
|
|upkeep
|turn|3
|
|move|p1a: Jirachi|Hidden Power|p2a: Magnezone
|-supereffective|p2a: Magnezone
|-damage|p2a: Magnezone|0 fnt
|faint|p2a: Magnezone
|
|upkeep
|inactive|porrompompom has 120 seconds left.
|l| jimmyelnavaja
|inactive|porrompompom has 90 seconds left.
|
|switch|p2a: Latios|Latios, M|100/100
|-damage|p2a: Latios|88/100|[from] Stealth Rock
|turn|4
|
|move|p2a: Latios|Hidden Power|p1a: Jirachi
|-supereffective|p1a: Jirachi
|-damage|p1a: Jirachi|24/100
|move|p1a: Jirachi|Icy Wind|p2a: Latios
|-supereffective|p2a: Latios
|-damage|p2a: Latios|48/100
|-unboost|p2a: Latios|spe|1
|
|upkeep
|turn|5
|
|move|p1a: Jirachi|Icy Wind|p2a: Latios
|-supereffective|p2a: Latios
|-damage|p2a: Latios|8/100
|-unboost|p2a: Latios|spe|1
|move|p2a: Latios|Hidden Power|p1a: Jirachi
|-supereffective|p1a: Jirachi
|-damage|p1a: Jirachi|0 fnt
|faint|p1a: Jirachi
|
|upkeep
|
|switch|p1a: Magnezone|Magnezone|100/100
|-damage|p1a: Magnezone|94/100|[from] Stealth Rock
|turn|6
|
|move|p1a: Magnezone|Flash Cannon|p2a: Latios
|-damage|p2a: Latios|0 fnt
|faint|p2a: Latios
|
|upkeep
|
|switch|p2a: Lucario|Lucario, M|100/100
|-damage|p2a: Lucario|98/100|[from] Stealth Rock
|turn|7
|inactive|bad big bratt has 120 seconds left.
|
|move|p2a: Lucario|Close Combat|p1a: Magnezone
|-supereffective|p1a: Magnezone
|-crit|p1a: Magnezone
|-damage|p1a: Magnezone|0 fnt
|-unboost|p2a: Lucario|def|1
|-unboost|p2a: Lucario|spd|1
|-damage|p2a: Lucario|88/100|[from] item: Life Orb
|faint|p1a: Magnezone
|
|upkeep
|
|switch|p1a: Latios|Latios, M|100/100
|-damage|p1a: Latios|88/100|[from] Stealth Rock
|turn|8
|
|switch|p2a: Aerodactyl|Aerodactyl, M|47/100
|-ability|p2a: Aerodactyl|Unnerve|p1: bad big bratt
|-damage|p2a: Aerodactyl|22/100|[from] Stealth Rock
|move|p1a: Latios|Psyshock|p2a: Aerodactyl
|-crit|p2a: Aerodactyl
|-damage|p2a: Aerodactyl|0 fnt
|faint|p2a: Aerodactyl
|
|upkeep
|
|switch|p2a: Salamence|Salamence, M|100/100
|-damage|p2a: Salamence|76/100|[from] Stealth Rock
|turn|9
|
|move|p2a: Salamence|Dragon Claw|p1a: Latios
|-supereffective|p1a: Latios
|-damage|p1a: Latios|0 fnt
|faint|p1a: Latios
|-ability|p2a: Salamence|Moxie|boost
|-boost|p2a: Salamence|atk|1
|
|upkeep
|
|switch|p1a: Garchomp|Garchomp, F|100/100
|-damage|p1a: Garchomp|94/100|[from] Stealth Rock
|turn|10
|
|move|p1a: Garchomp|Dual Chop|p2a: Salamence
|-supereffective|p2a: Salamence
|-damage|p2a: Salamence|12/100
|-supereffective|p2a: Salamence
|-damage|p2a: Salamence|0 fnt
|-hitcount|p2a: Salamence|2
|faint|p2a: Salamence
|
|upkeep
|
|switch|p2a: Lucario|Lucario, M|88/100
|-damage|p2a: Lucario|85/100|[from] Stealth Rock
|turn|11
|
|switch|p1a: Kyurem|Kyurem-Black|100/100
|-damage|p1a: Kyurem|76/100|[from] Stealth Rock
|-ability|p1a: Kyurem|Teravolt
|move|p2a: Lucario|Swords Dance|p2a: Lucario
|-boost|p2a: Lucario|atk|2
|
|upkeep
|turn|12
|
|move|p1a: Kyurem|Outrage|p2a: Lucario
|-resisted|p2a: Lucario
|-damage|p2a: Lucario|0 fnt
|faint|p2a: Lucario
|
|upkeep
|
|switch|p2a: Haxorus|Haxorus, F|100/100
|-damage|p2a: Haxorus|88/100|[from] Stealth Rock
|-ability|p2a: Haxorus|Mold Breaker
|turn|13
|-message|porrompompom forfeited.
|
|win|bad big bratt
|l|☆porrompompom
|raw|bad big bratt's rating: 1499 &rarr; <strong>1517</strong><br />(+18 for winning)
|raw|porrompompom's rating: 1466 &rarr; <strong>1448</strong><br />(-18 for losing)
