|j|☆affksl
|j|☆storlev
|t:|1714920644
|gametype|singles
|player|p1|affksl|pokemaniac-gen3rs|1437
|player|p2|storlev|1|1375
|teamsize|p1|6
|teamsize|p2|6
|gen|5
|tier|[Gen 5] OU
|rated|
|rule|Species Clause: Limit one of each Pokémon
|rule|OHKO Clause: OHKO moves are banned
|rule|Moody Clause: Moody is banned
|rule|Evasion Items Clause: Evasion items are banned
|rule|Evasion Moves Clause: Evasion moves are banned
|rule|Endless Battle Clause: Forcing endless battles is banned
|rule|HP Percentage Mod: HP is shown in percentages
|rule|Evasion Abilities Clause: Evasion abilities are banned
|rule|Sleep Moves Clause: Sleep-inducing moves are banned
|rule|Swagger Clause: Swagger is banned
|rule|Baton Pass Stat Clause: No Baton Passer may have a way to boost its stats
|clearpoke
|poke|p1|Mew|item
|poke|p1|Uxie|item
|poke|p1|Haxorus, M|item
|poke|p1|Mamoswine, M|item
|poke|p1|Lucario, M|item
|poke|p1|Gyarados, F|item
|poke|p2|Alakazam, M|item
|poke|p2|Jellicent, M|item
|poke|p2|Latios, M|item
|poke|p2|Scizor, M|item
|poke|p2|Skarmory, M|item
|poke|p2|Lucario, M|item
|teampreview
|inactive|Battle timer is ON: inactive players will automatically lose when time's up. (requested by affksl)
|inactive|affksl has 120 seconds left.
|
|t:|1714920675
|start
|switch|p1a: Mew|Mew|100/100
|switch|p2a: Degrelle|Scizor, M|100/100
|turn|1
|
|t:|1714920689
|move|p1a: Mew|Stealth Rock|p2a: Degrelle
|-sidestart|p2: storlev|move: Stealth Rock
|move|p2a: Degrelle|Pursuit|p1a: Mew
|-supereffective|p1a: Mew
|-damage|p1a: Mew|48/100
|-damage|p2a: Degrelle|91/100|[from] item: Life Orb
|
|upkeep
|turn|2
|j| chedda getta
|
|t:|1714920697
|move|p1a: Mew|Reflect|p1a: Mew
|-sidestart|p1: affksl|Reflect
|move|p2a: Degrelle|Pursuit|p1a: Mew
|-supereffective|p1a: Mew
|-damage|p1a: Mew|23/100
|-damage|p2a: Degrelle|81/100|[from] item: Life Orb
|
|upkeep
|turn|3
|
|t:|1714920706
|move|p1a: Mew|Light Screen|p1a: Mew
|-sidestart|p1: affksl|move: Light Screen
|move|p2a: Degrelle|Swords Dance|p2a: Degrelle
|-boost|p2a: Degrelle|atk|2
|
|upkeep
|turn|4
|
|t:|1714920710
|move|p1a: Mew|Taunt|p2a: Degrelle
|-start|p2a: Degrelle|move: Taunt
|cant|p2a: Degrelle|move: Taunt|Swords Dance
|
|upkeep
|turn|5
|
|t:|1714920722
|-activate|p1a: Mew|move: Pursuit
|move|p2a: Degrelle|Pursuit|p1a: Mew|[from]Pursuit
|-supereffective|p1a: Mew
|-damage|p1a: Mew|0 fnt
|faint|p1a: Mew
|-damage|p2a: Degrelle|71/100|[from] item: Life Orb
|-hint|A Pokemon can't switch between when it runs out of HP and when it faints
|
|upkeep
|
|t:|1714920733
|switch|p1a: Lucario|Lucario, M|100/100
|turn|6
|
|t:|1714920736
|move|p1a: Lucario|Close Combat|p2a: Degrelle
|-damage|p2a: Degrelle|0 fnt
|-unboost|p1a: Lucario|def|1
|-unboost|p1a: Lucario|spd|1
|faint|p2a: Degrelle
|-damage|p1a: Lucario|91/100|[from] item: Life Orb
|
|upkeep
|
|t:|1714920746
|switch|p2a: Göring|Skarmory, M|100/100
|-damage|p2a: Göring|88/100|[from] Stealth Rock
|turn|7
|
|t:|1714920753
|move|p1a: Lucario|Swords Dance|p1a: Lucario
|-boost|p1a: Lucario|atk|2
|move|p2a: Göring|Stealth Rock|p1a: Lucario
|-sidestart|p1: affksl|move: Stealth Rock
|
|upkeep
|turn|8
|
|t:|1714920759
|move|p1a: Lucario|Close Combat|p2a: Göring
|-damage|p2a: Göring|0 fnt
|-unboost|p1a: Lucario|def|1
|-unboost|p1a: Lucario|spd|1
|faint|p2a: Göring
|-damage|p1a: Lucario|81/100|[from] item: Life Orb
|
|upkeep
|
|t:|1714920774
|switch|p2a: Leibstandarte|Lucario, M|100/100
|-damage|p2a: Leibstandarte|98/100|[from] Stealth Rock
|turn|9
|
|t:|1714920777
|move|p1a: Lucario|Close Combat|p2a: Leibstandarte
|-supereffective|p2a: Leibstandarte
|-damage|p2a: Leibstandarte|0 fnt
|-unboost|p1a: Lucario|def|1
|-unboost|p1a: Lucario|spd|1
|faint|p2a: Leibstandarte
|-damage|p1a: Lucario|71/100|[from] item: Life Orb
|
|-sideend|p1: affksl|Reflect
|upkeep
|l| chedda getta
|-message|storlev forfeited.
|
|win|affksl
|raw|affksl's rating: 1437 &rarr; <strong>1453</strong><br />(+16 for winning)
|raw|storlev's rating: 1375 &rarr; <strong>1359</strong><br />(-16 for losing)
|l|☆storlev
|player|p2|
