|j|☆Newport10000s
|j|☆PBS and Chill
|player|p1|Newport10000s|169|1373
|player|p2|PBS and Chill|166|1331
|teamsize|p1|6
|teamsize|p2|6
|gametype|singles
|gen|5
|tier|[Gen 5] OU
|rated|
|rule|Sleep Clause Mod: Limit one foe put to sleep
|rule|Species Clause: Limit one of each Pokémon
|rule|OHKO Clause: OHKO moves are banned
|rule|Moody Clause: Moody is banned
|rule|Evasion Moves Clause: Evasion moves are banned
|rule|Endless Battle Clause: Forcing endless battles is banned
|rule|HP Percentage Mod: HP is shown in percentages
|rule|Evasion Abilities Clause: Evasion abilities are banned
|rule|Baton Pass Clause: Limit one Baton Passer, can't pass Spe and other stats simultaneously
|rule|Swagger Clause: Swagger is banned
|clearpoke
|poke|p1|Politoed, M|item
|poke|p1|Gyarados, M|item
|poke|p1|Scizor, F|item
|poke|p1|Garchomp, M|item
|poke|p1|Jirachi|item
|poke|p1|Forretress, M|item
|poke|p2|Azumarill, M|item
|poke|p2|Politoed, F|item
|poke|p2|Jellicent, M|item
|poke|p2|Ferrothorn, M|item
|poke|p2|Azelf|item
|poke|p2|Starmie|item
|teampreview
|c|☆Newport10000s|Gl daddy
|
|start
|switch|p1a: Politoed|Politoed, M|100/100
|switch|p2a: Ferrothorn|Ferrothorn, M|100/100
|-weather|RainDance|[from] ability: Drizzle|[of] p1a: Politoed
|turn|1
|c|☆PBS and Chill|okay
|c|☆PBS and Chill|u2
|inactive|Battle timer is ON: inactive players will automatically lose when time's up. (requested by Newport10000s)
|
|move|p1a: Politoed|Focus Blast|p2a: Ferrothorn|[miss]
|-miss|p1a: Politoed|p2a: Ferrothorn
|move|p2a: Ferrothorn|Spikes|p1a: Politoed
|-sidestart|p1: Newport10000s|Spikes
|
|-weather|RainDance|[upkeep]
|upkeep
|turn|2
|c|☆Newport10000s|Life is pain
|
|move|p1a: Politoed|Focus Blast|p2a: Ferrothorn
|-supereffective|p2a: Ferrothorn
|-damage|p2a: Ferrothorn|6/100
|move|p2a: Ferrothorn|Leech Seed|p1a: Politoed
|-start|p1a: Politoed|move: Leech Seed
|
|-weather|RainDance|[upkeep]
|-heal|p2a: Ferrothorn|12/100|[from] item: Leftovers
|-damage|p1a: Politoed|88/100|[from] Leech Seed|[of] p2a: Ferrothorn
|-heal|p2a: Ferrothorn|23/100|[silent]
|upkeep
|turn|3
|
|switch|p1a: Forretress|Forretress, M|100/100
|-damage|p1a: Forretress|88/100|[from] Spikes
|move|p2a: Ferrothorn|Protect||[still]
|-fail|p2a: Ferrothorn
|
|-weather|RainDance|[upkeep]
|-heal|p1a: Forretress|94/100|[from] item: Leftovers
|-heal|p2a: Ferrothorn|29/100|[from] item: Leftovers
|upkeep
|turn|4
|
|move|p1a: Forretress|Toxic Spikes|p2a: Ferrothorn
|-sidestart|p2: PBS and Chill|move: Toxic Spikes
|move|p2a: Ferrothorn|Leech Seed|p1a: Forretress
|-start|p1a: Forretress|move: Leech Seed
|
|-weather|RainDance|[upkeep]
|-heal|p1a: Forretress|100/100|[from] item: Leftovers
|-heal|p2a: Ferrothorn|35/100|[from] item: Leftovers
|-damage|p1a: Forretress|88/100|[from] Leech Seed|[of] p2a: Ferrothorn
|-heal|p2a: Ferrothorn|48/100|[silent]
|upkeep
|turn|5
|
|move|p1a: Forretress|Toxic Spikes|p2a: Ferrothorn
|-sidestart|p2: PBS and Chill|move: Toxic Spikes
|move|p2a: Ferrothorn|Spikes|p1a: Forretress
|-sidestart|p1: Newport10000s|Spikes
|
|-weather|RainDance|[upkeep]
|-heal|p1a: Forretress|94/100|[from] item: Leftovers
|-heal|p2a: Ferrothorn|54/100|[from] item: Leftovers
|-damage|p1a: Forretress|82/100|[from] Leech Seed|[of] p2a: Ferrothorn
|-heal|p2a: Ferrothorn|66/100|[silent]
|upkeep
|turn|6
|
|move|p1a: Forretress|Rapid Spin|p2a: Ferrothorn
|-resisted|p2a: Ferrothorn
|-damage|p2a: Ferrothorn|65/100
|-damage|p1a: Forretress|69/100|[from] ability: Iron Barbs|[of] p2a: Ferrothorn
|-end|p1a: Forretress|Leech Seed|[from] move: Rapid Spin|[of] p1a: Forretress
|-sideend|p1: Newport10000s|Spikes|[from] move: Rapid Spin|[of] p1a: Forretress
|move|p2a: Ferrothorn|Spikes|p1a: Forretress
|-sidestart|p1: Newport10000s|Spikes
|
|-weather|RainDance|[upkeep]
|-heal|p1a: Forretress|76/100|[from] item: Leftovers
|-heal|p2a: Ferrothorn|71/100|[from] item: Leftovers
|upkeep
|turn|7
|
|move|p1a: Forretress|Stealth Rock|p2a: Ferrothorn
|-sidestart|p2: PBS and Chill|move: Stealth Rock
|move|p2a: Ferrothorn|Spikes|p1a: Forretress
|-sidestart|p1: Newport10000s|Spikes
|
|-weather|RainDance|[upkeep]
|-heal|p1a: Forretress|82/100|[from] item: Leftovers
|-heal|p2a: Ferrothorn|77/100|[from] item: Leftovers
|upkeep
|turn|8
|
|move|p1a: Forretress|Rapid Spin|p2a: Ferrothorn
|-resisted|p2a: Ferrothorn
|-damage|p2a: Ferrothorn|77/100
|-damage|p1a: Forretress|69/100|[from] ability: Iron Barbs|[of] p2a: Ferrothorn
|-sideend|p1: Newport10000s|Spikes|[from] move: Rapid Spin|[of] p1a: Forretress
|move|p2a: Ferrothorn|Leech Seed|p1a: Forretress
|-start|p1a: Forretress|move: Leech Seed
|
|-weather|RainDance|[upkeep]
|-heal|p1a: Forretress|76/100|[from] item: Leftovers
|-heal|p2a: Ferrothorn|83/100|[from] item: Leftovers
|-damage|p1a: Forretress|63/100|[from] Leech Seed|[of] p2a: Ferrothorn
|-heal|p2a: Ferrothorn|95/100|[silent]
|upkeep
|turn|9
|inactive|PBS and Chill has 120 seconds left.
|
|move|p1a: Forretress|Volt Switch|p2a: Ferrothorn
|-resisted|p2a: Ferrothorn
|-damage|p2a: Ferrothorn|91/100
|
|switch|p1a: Politoed|Politoed, M|88/100|[from]move: Volt Switch
|move|p2a: Ferrothorn|Spikes|p1a: Politoed
|-sidestart|p1: Newport10000s|Spikes
|
|-weather|RainDance|[upkeep]
|-heal|p2a: Ferrothorn|97/100|[from] item: Leftovers
|upkeep
|turn|10
|inactive|PBS and Chill has 120 seconds left.
|
|move|p2a: Ferrothorn|Protect|p2a: Ferrothorn
|-singleturn|p2a: Ferrothorn|Protect
|move|p1a: Politoed|Focus Blast|p2a: Ferrothorn
|-activate|p2a: Ferrothorn|move: Protect
|
|-weather|RainDance|[upkeep]
|-heal|p2a: Ferrothorn|100/100|[from] item: Leftovers
|upkeep
|turn|11
|
|move|p1a: Politoed|Focus Blast|p2a: Ferrothorn
|-supereffective|p2a: Ferrothorn
|-damage|p2a: Ferrothorn|10/100
|move|p2a: Ferrothorn|Leech Seed|p1a: Politoed
|-start|p1a: Politoed|move: Leech Seed
|
|-weather|RainDance|[upkeep]
|-heal|p2a: Ferrothorn|16/100|[from] item: Leftovers
|-damage|p1a: Politoed|76/100|[from] Leech Seed|[of] p2a: Ferrothorn
|-heal|p2a: Ferrothorn|27/100|[silent]
|upkeep
|turn|12
|
|move|p2a: Ferrothorn|Protect|p2a: Ferrothorn
|-singleturn|p2a: Ferrothorn|Protect
|move|p1a: Politoed|Focus Blast|p2a: Ferrothorn
|-activate|p2a: Ferrothorn|move: Protect
|
|-weather|RainDance|[upkeep]
|-heal|p2a: Ferrothorn|33/100|[from] item: Leftovers
|-damage|p1a: Politoed|63/100|[from] Leech Seed|[of] p2a: Ferrothorn
|-heal|p2a: Ferrothorn|45/100|[silent]
|upkeep
|turn|13
|
|switch|p2a: Starmie|Starmie|100/100
|-status|p2a: Starmie|tox
|-damage|p2a: Starmie|88/100 tox|[from] Stealth Rock
|move|p1a: Politoed|Focus Blast|p2a: Starmie
|-resisted|p2a: Starmie
|-damage|p2a: Starmie|55/100 tox
|
|-weather|RainDance|[upkeep]
|-heal|p2a: Starmie|61/100 tox|[from] item: Leftovers
|-damage|p1a: Politoed|51/100|[from] Leech Seed|[of] p2a: Starmie
|-heal|p2a: Starmie|73/100 tox|[silent]
|-damage|p2a: Starmie|67/100 tox|[from] psn
|upkeep
|turn|14
|
|switch|p1a: Scizor|Scizor, F|100/100
|-damage|p1a: Scizor|88/100|[from] Spikes
|move|p2a: Starmie|Rapid Spin|p1a: Scizor
|-resisted|p1a: Scizor
|-damage|p1a: Scizor|87/100
|-sideend|p2: PBS and Chill|Toxic Spikes|[from] move: Rapid Spin|[of] p2a: Starmie
|-sideend|p2: PBS and Chill|Stealth Rock|[from] move: Rapid Spin|[of] p2a: Starmie
|
|-weather|RainDance|[upkeep]
|-heal|p2a: Starmie|73/100 tox|[from] item: Leftovers
|-damage|p2a: Starmie|61/100 tox|[from] psn
|upkeep
|turn|15
|
|move|p2a: Starmie|Scald|p1a: Scizor
|-damage|p1a: Scizor|34/100
|move|p1a: Scizor|Pursuit|p2a: Starmie
|-supereffective|p2a: Starmie
|-damage|p2a: Starmie|0 fnt
|faint|p2a: Starmie
|
|-weather|RainDance|[upkeep]
|upkeep
|
|switch|p2a: Azumarill|Azumarill, M|100/100
|turn|16
|
|switch|p1a: Forretress|Forretress, M|63/100
|-damage|p1a: Forretress|51/100|[from] Spikes
|move|p2a: Azumarill|Aqua Jet|p1a: Forretress
|-damage|p1a: Forretress|17/100
|
|-weather|RainDance|[upkeep]
|-heal|p1a: Forretress|24/100|[from] item: Leftovers
|upkeep
|turn|17
|
|move|p2a: Azumarill|Aqua Jet|p1a: Forretress
|-damage|p1a: Forretress|0 fnt
|faint|p1a: Forretress
|
|-weather|RainDance|[upkeep]
|upkeep
|
|switch|p1a: Gyarados|Gyarados, M|100/100
|-ability|p1a: Gyarados|Intimidate|boost
|-unboost|p2a: Azumarill|atk|1
|turn|18
|
|switch|p2a: Jellicent|Jellicent, M|100/100
|move|p1a: Gyarados|Substitute|p1a: Gyarados
|-start|p1a: Gyarados|Substitute
|-damage|p1a: Gyarados|76/100
|
|-weather|RainDance|[upkeep]
|-heal|p1a: Gyarados|82/100|[from] item: Leftovers
|upkeep
|turn|19
|
|move|p1a: Gyarados|Dragon Dance|p1a: Gyarados
|-boost|p1a: Gyarados|atk|1
|-boost|p1a: Gyarados|spe|1
|move|p2a: Jellicent|Scald|p1a: Gyarados
|-resisted|p1a: Gyarados
|-activate|p1a: Gyarados|Substitute|[damage]
|
|-weather|RainDance|[upkeep]
|-heal|p1a: Gyarados|88/100|[from] item: Leftovers
|upkeep
|turn|20
|
|move|p1a: Gyarados|Dragon Dance|p1a: Gyarados
|-boost|p1a: Gyarados|atk|1
|-boost|p1a: Gyarados|spe|1
|move|p2a: Jellicent|Scald|p1a: Gyarados
|-resisted|p1a: Gyarados
|-end|p1a: Gyarados|Substitute
|
|-weather|RainDance|[upkeep]
|-heal|p1a: Gyarados|94/100|[from] item: Leftovers
|upkeep
|turn|21
|
|move|p1a: Gyarados|Substitute|p1a: Gyarados
|-start|p1a: Gyarados|Substitute
|-damage|p1a: Gyarados|69/100
|move|p2a: Jellicent|Scald|p1a: Gyarados
|-resisted|p1a: Gyarados
|-activate|p1a: Gyarados|Substitute|[damage]
|
|-weather|RainDance|[upkeep]
|-heal|p1a: Gyarados|76/100|[from] item: Leftovers
|upkeep
|turn|22
|
|move|p1a: Gyarados|Dragon Dance|p1a: Gyarados
|-boost|p1a: Gyarados|atk|1
|-boost|p1a: Gyarados|spe|1
|move|p2a: Jellicent|Scald|p1a: Gyarados
|-resisted|p1a: Gyarados
|-end|p1a: Gyarados|Substitute
|
|-weather|RainDance|[upkeep]
|-heal|p1a: Gyarados|82/100|[from] item: Leftovers
|upkeep
|turn|23
|
|move|p1a: Gyarados|Substitute|p1a: Gyarados
|-start|p1a: Gyarados|Substitute
|-damage|p1a: Gyarados|57/100
|move|p2a: Jellicent|Scald|p1a: Gyarados
|-resisted|p1a: Gyarados
|-activate|p1a: Gyarados|Substitute|[damage]
|
|-weather|RainDance|[upkeep]
|-heal|p1a: Gyarados|63/100|[from] item: Leftovers
|upkeep
|turn|24
|
|move|p1a: Gyarados|Dragon Dance|p1a: Gyarados
|-boost|p1a: Gyarados|atk|1
|-boost|p1a: Gyarados|spe|1
|move|p2a: Jellicent|Scald|p1a: Gyarados
|-resisted|p1a: Gyarados
|-end|p1a: Gyarados|Substitute
|
|-weather|RainDance|[upkeep]
|-heal|p1a: Gyarados|69/100|[from] item: Leftovers
|upkeep
|turn|25
|
|move|p1a: Gyarados|Substitute|p1a: Gyarados
|-start|p1a: Gyarados|Substitute
|-damage|p1a: Gyarados|44/100
|move|p2a: Jellicent|Scald|p1a: Gyarados
|-resisted|p1a: Gyarados
|-activate|p1a: Gyarados|Substitute|[damage]
|
|-weather|RainDance|[upkeep]
|-heal|p1a: Gyarados|51/100|[from] item: Leftovers
|upkeep
|turn|26
|
|move|p1a: Gyarados|Dragon Dance|p1a: Gyarados
|-boost|p1a: Gyarados|atk|1
|-boost|p1a: Gyarados|spe|1
|move|p2a: Jellicent|Scald|p1a: Gyarados
|-resisted|p1a: Gyarados
|-end|p1a: Gyarados|Substitute
|
|-weather|RainDance|[upkeep]
|-heal|p1a: Gyarados|57/100|[from] item: Leftovers
|upkeep
|turn|27
|
|move|p1a: Gyarados|Substitute|p1a: Gyarados
|-start|p1a: Gyarados|Substitute
|-damage|p1a: Gyarados|32/100
|move|p2a: Jellicent|Scald|p1a: Gyarados
|-resisted|p1a: Gyarados
|-activate|p1a: Gyarados|Substitute|[damage]
|
|-weather|RainDance|[upkeep]
|-heal|p1a: Gyarados|38/100|[from] item: Leftovers
|upkeep
|turn|28
|
|move|p1a: Gyarados|Dragon Dance|p1a: Gyarados
|-boost|p1a: Gyarados|atk|1
|-boost|p1a: Gyarados|spe|1
|move|p2a: Jellicent|Scald|p1a: Gyarados
|-resisted|p1a: Gyarados
|-end|p1a: Gyarados|Substitute
|
|-weather|RainDance|[upkeep]
|-heal|p1a: Gyarados|44/100|[from] item: Leftovers
|upkeep
|turn|29
|
|move|p1a: Gyarados|Substitute|p1a: Gyarados
|-start|p1a: Gyarados|Substitute
|-damage|p1a: Gyarados|19/100
|move|p2a: Jellicent|Scald|p1a: Gyarados
|-resisted|p1a: Gyarados
|-activate|p1a: Gyarados|Substitute|[damage]
|
|-weather|RainDance|[upkeep]
|-heal|p1a: Gyarados|26/100|[from] item: Leftovers
|upkeep
|turn|30
|
|move|p1a: Gyarados|Bounce||[still]
|-prepare|p1a: Gyarados|Bounce|p2a: Jellicent
|move|p2a: Jellicent|Scald|p1a: Gyarados|[miss]
|-miss|p2a: Jellicent|p1a: Gyarados
|
|-weather|RainDance|[upkeep]
|-heal|p1a: Gyarados|32/100|[from] item: Leftovers
|upkeep
|turn|31
|
|move|p1a: Gyarados|Bounce|p2a: Jellicent|[from]lockedmove
|-damage|p2a: Jellicent|0 fnt
|faint|p2a: Jellicent
|
|-weather|RainDance|[upkeep]
|-heal|p1a: Gyarados|38/100|[from] item: Leftovers
|upkeep
|inactive|PBS and Chill has 120 seconds left.
|inactive|PBS and Chill has 90 seconds left.
|
|switch|p2a: Politoed|Politoed, F|100/100
|turn|32
|
|move|p1a: Gyarados|Waterfall|p2a: Politoed
|-resisted|p2a: Politoed
|-damage|p2a: Politoed|0 fnt
|faint|p2a: Politoed
|
|-weather|RainDance|[upkeep]
|-heal|p1a: Gyarados|44/100|[from] item: Leftovers
|upkeep
|
|switch|p2a: Azumarill|Azumarill, M|100/100
|turn|33
|
|move|p2a: Azumarill|Aqua Jet|p1a: Gyarados
|-resisted|p1a: Gyarados
|-end|p1a: Gyarados|Substitute
|move|p1a: Gyarados|Bounce||[still]
|-prepare|p1a: Gyarados|Bounce|p2a: Azumarill
|
|-weather|RainDance|[upkeep]
|-heal|p1a: Gyarados|51/100|[from] item: Leftovers
|upkeep
|turn|34
|
|move|p2a: Azumarill|Aqua Jet|p1a: Gyarados|[miss]
|-miss|p2a: Azumarill|p1a: Gyarados
|move|p1a: Gyarados|Bounce|p2a: Azumarill|[from]lockedmove
|-damage|p2a: Azumarill|0 fnt
|faint|p2a: Azumarill
|
|-weather|RainDance|[upkeep]
|-heal|p1a: Gyarados|57/100|[from] item: Leftovers
|upkeep
|
|switch|p2a: Azelf|Azelf|100/100
|turn|35
|
|move|p1a: Gyarados|Waterfall|p2a: Azelf
|-damage|p2a: Azelf|0 fnt
|faint|p2a: Azelf
|
|-weather|RainDance|[upkeep]
|-heal|p1a: Gyarados|63/100|[from] item: Leftovers
|upkeep
|-message|PBS and Chill forfeited.
|
|win|Newport10000s
|l|☆PBS and Chill
|raw|Newport10000s's rating: 1373 &rarr; <strong>1390</strong><br />(+17 for winning)
|raw|PBS and Chill's rating: 1331 &rarr; <strong>1313</strong><br />(-18 for losing)
