|j|☆1994hfll2018
|j|☆Iodes
|player|p1|1994hfll2018|cyrus|1308
|player|p2|Iodes|1|1355
|teamsize|p1|6
|teamsize|p2|6
|gametype|singles
|gen|5
|tier|[Gen 5] OU
|rated|
|clearpoke
|poke|p1|Rhyperior, M|item
|poke|p1|Kingdra, M|item
|poke|p1|Gyarados, M|item
|poke|p1|Weavile, M|item
|poke|p1|Honchkrow, M|item
|poke|p1|Feraligatr, M|item
|poke|p2|Keldeo|item
|poke|p2|Scizor, M|item
|poke|p2|Politoed, F|item
|poke|p2|Kyurem-Black|item
|poke|p2|Starmie|item
|poke|p2|Hydreigon, F|item
|rule|Species Clause: Limit one of each Pokémon
|rule|OHKO Clause: OHKO moves are banned
|rule|Moody Clause: Moody is banned
|rule|Evasion Moves Clause: Evasion moves are banned
|rule|Endless Battle Clause: Forcing endless battles is banned
|rule|HP Percentage Mod: HP is shown in percentages
|rule|Evasion Abilities Clause: Evasion abilities are banned
|rule|Baton Pass Clause: Limit one Baton Passer, can't pass Spe and other stats simultaneously
|rule|Sleep Clause: Sleep-inducing moves are banned
|rule|Swagger Clause: Swagger is banned
|teampreview
|
|start
|switch|p1a: Kingdra|Kingdra, M|100/100
|switch|p2a: Scizor|Scizor, M|100/100
|turn|1
|inactive|Battle timer is ON: inactive players will automatically lose when time's up. (requested by 1994hfll2018)
|
|move|p1a: Kingdra|Hidden Power|p2a: Scizor
|-supereffective|p2a: Scizor
|-damage|p2a: Scizor|0 fnt
|faint|p2a: Scizor
|
|upkeep
|
|switch|p2a: Kyurem|Kyurem-Black|100/100
|-ability|p2a: Kyurem|Teravolt
|turn|2
|
|move|p2a: Kyurem|Dragon Claw|p1a: Kingdra
|-supereffective|p1a: Kingdra
|-damage|p1a: Kingdra|0 fnt
|faint|p1a: Kingdra
|
|upkeep
|inactive|1994hfll2018 has 120 seconds left.
|
|switch|p1a: Feraligatr|Feraligatr, M|100/100
|turn|3
|
|switch|p2a: Politoed|Politoed, F|100/100
|-weather|RainDance|[from] ability: Drizzle|[of] p2a: Politoed
|move|p1a: Feraligatr|Superpower|p2a: Politoed
|-damage|p2a: Politoed|69/100
|-unboost|p1a: Feraligatr|atk|1
|-unboost|p1a: Feraligatr|def|1
|
|-weather|RainDance|[upkeep]
|-heal|p2a: Politoed|75/100|[from] item: Leftovers
|upkeep
|turn|4
|
|switch|p1a: Gyarados|Gyarados, M|100/100
|move|p2a: Politoed|Scald|p1a: Gyarados
|-resisted|p1a: Gyarados
|-damage|p1a: Gyarados|80/100
|
|-weather|RainDance|[upkeep]
|-heal|p2a: Politoed|82/100|[from] item: Leftovers
|upkeep
|turn|5
|
|move|p1a: Gyarados|Dragon Dance|p1a: Gyarados
|-boost|p1a: Gyarados|atk|1
|-boost|p1a: Gyarados|spe|1
|move|p2a: Politoed|Scald|p1a: Gyarados
|-resisted|p1a: Gyarados
|-damage|p1a: Gyarados|63/100
|
|-weather|RainDance|[upkeep]
|-heal|p2a: Politoed|88/100|[from] item: Leftovers
|upkeep
|turn|6
|
|move|p1a: Gyarados|Dragon Dance|p1a: Gyarados
|-boost|p1a: Gyarados|atk|1
|-boost|p1a: Gyarados|spe|1
|move|p2a: Politoed|Scald|p1a: Gyarados
|-resisted|p1a: Gyarados
|-damage|p1a: Gyarados|42/100
|
|-weather|RainDance|[upkeep]
|-heal|p2a: Politoed|94/100|[from] item: Leftovers
|upkeep
|turn|7
|
|move|p1a: Gyarados|Earthquake|p2a: Politoed
|-damage|p2a: Politoed|43/100
|move|p2a: Politoed|Scald|p1a: Gyarados
|-resisted|p1a: Gyarados
|-damage|p1a: Gyarados|24/100
|
|-weather|RainDance|[upkeep]
|-heal|p2a: Politoed|49/100|[from] item: Leftovers
|upkeep
|turn|8
|
|move|p2a: Politoed|Protect|p2a: Politoed
|-singleturn|p2a: Politoed|Protect
|move|p1a: Gyarados|Earthquake|p2a: Politoed
|-activate|p2a: Politoed|move: Protect
|
|-weather|RainDance|[upkeep]
|-heal|p2a: Politoed|56/100|[from] item: Leftovers
|upkeep
|turn|9
|
|move|p1a: Gyarados|Earthquake|p2a: Politoed
|-damage|p2a: Politoed|5/100
|move|p2a: Politoed|Scald|p1a: Gyarados
|-resisted|p1a: Gyarados
|-damage|p1a: Gyarados|3/100
|
|-weather|RainDance|[upkeep]
|-heal|p2a: Politoed|11/100|[from] item: Leftovers
|upkeep
|turn|10
|
|move|p1a: Gyarados|Earthquake|p2a: Politoed
|-damage|p2a: Politoed|0 fnt
|faint|p2a: Politoed
|-ability|p1a: Gyarados|Moxie|boost
|-boost|p1a: Gyarados|atk|1
|
|-weather|RainDance|[upkeep]
|upkeep
|
|switch|p2a: Kyurem|Kyurem-Black|100/100
|-ability|p2a: Kyurem|Teravolt
|turn|11
|
|move|p1a: Gyarados|Earthquake|p2a: Kyurem
|-damage|p2a: Kyurem|23/100
|move|p2a: Kyurem|Dragon Claw|p1a: Gyarados
|-damage|p1a: Gyarados|0 fnt
|faint|p1a: Gyarados
|
|-weather|RainDance|[upkeep]
|upkeep
|
|switch|p1a: Honchkrow|Honchkrow, M|100/100
|turn|12
|
|move|p1a: Honchkrow|Sucker Punch|p2a: Kyurem
|-damage|p2a: Kyurem|0 fnt
|-damage|p1a: Honchkrow|91/100|[from] item: Life Orb
|faint|p2a: Kyurem
|-ability|p1a: Honchkrow|Moxie|boost
|-boost|p1a: Honchkrow|atk|1
|
|-weather|RainDance|[upkeep]
|upkeep
|
|switch|p2a: Hydreigon|Hydreigon, F|100/100
|turn|13
|
|move|p2a: Hydreigon|Draco Meteor|p1a: Honchkrow
|-damage|p1a: Honchkrow|0 fnt
|-unboost|p2a: Hydreigon|spa|2
|-damage|p2a: Hydreigon|91/100|[from] item: Life Orb
|faint|p1a: Honchkrow
|
|-weather|RainDance|[upkeep]
|upkeep
|
|switch|p1a: Rhyperior|Rhyperior, M|100/100
|turn|14
|
|switch|p2a: Keldeo|Keldeo|100/100
|move|p1a: Rhyperior|Rock Blast|p2a: Keldeo
|-resisted|p2a: Keldeo
|-crit|p2a: Keldeo
|-damage|p2a: Keldeo|74/100
|-resisted|p2a: Keldeo
|-damage|p2a: Keldeo|62/100
|-resisted|p2a: Keldeo
|-damage|p2a: Keldeo|49/100
|-hitcount|p2a: Keldeo|3
|
|-weather|RainDance|[upkeep]
|-heal|p2a: Keldeo|55/100|[from] item: Leftovers
|upkeep
|turn|15
|
|switch|p1a: Feraligatr|Feraligatr, M|100/100
|move|p2a: Keldeo|Hydro Pump|p1a: Feraligatr|[miss]
|-miss|p2a: Keldeo|p1a: Feraligatr
|
|-weather|RainDance|[upkeep]
|-heal|p2a: Keldeo|61/100|[from] item: Leftovers
|upkeep
|turn|16
|
|move|p1a: Feraligatr|Waterfall|p2a: Keldeo
|-resisted|p2a: Keldeo
|-damage|p2a: Keldeo|27/100
|move|p2a: Keldeo|Secret Sword|p1a: Feraligatr
|-damage|p1a: Feraligatr|56/100
|
|-weather|RainDance|[upkeep]
|-heal|p2a: Keldeo|33/100|[from] item: Leftovers
|upkeep
|turn|17
|
|move|p1a: Feraligatr|Waterfall|p2a: Keldeo
|-resisted|p2a: Keldeo
|-damage|p2a: Keldeo|0 fnt
|faint|p2a: Keldeo
|
|-weather|RainDance|[upkeep]
|upkeep
|
|switch|p2a: Hydreigon|Hydreigon, F|91/100
|turn|18
|
|switch|p1a: Rhyperior|Rhyperior, M|100/100
|move|p2a: Hydreigon|Draco Meteor|p1a: Rhyperior
|-damage|p1a: Rhyperior|0 fnt
|-unboost|p2a: Hydreigon|spa|2
|-damage|p2a: Hydreigon|81/100|[from] item: Life Orb
|faint|p1a: Rhyperior
|
|-weather|RainDance|[upkeep]
|upkeep
|
|switch|p1a: Weavile|Weavile, M|100/100
|turn|19
|
|move|p1a: Weavile|Fake Out|p2a: Hydreigon
|-damage|p2a: Hydreigon|65/100
|cant|p2a: Hydreigon|flinch
|
|-weather|RainDance|[upkeep]
|upkeep
|turn|20
|
|move|p1a: Weavile|Ice Punch|p2a: Hydreigon
|-supereffective|p2a: Hydreigon
|-damage|p2a: Hydreigon|0 fnt
|faint|p2a: Hydreigon
|
|-weather|RainDance|[upkeep]
|upkeep
|
|switch|p2a: Starmie|Starmie|100/100
|turn|21
|
|move|p1a: Weavile|Night Slash|p2a: Starmie
|-supereffective|p2a: Starmie
|-damage|p2a: Starmie|2/100
|move|p2a: Starmie|Hydro Pump|p1a: Weavile
|-enditem|p1a: Weavile|Focus Sash
|-damage|p1a: Weavile|1/100
|-damage|p2a: Starmie|0 fnt|[from] item: Life Orb
|faint|p2a: Starmie
|
|win|1994hfll2018
|l|☆Iodes
|raw|1994hfll2018's rating: 1309 &rarr; <strong>1330</strong><br />(+21 for winning)
|raw|Iodes's rating: 1328 &rarr; <strong>1307</strong><br />(-21 for losing)
