|j|☆fids77
|j|☆killapokeman
|t:|1705677899
|gametype|singles
|player|p1|fids77|clair-gen2|1381
|player|p2|killapokeman|hoopster|1368
|teamsize|p1|6
|teamsize|p2|6
|gen|5
|tier|[Gen 5] OU
|rated|
|rule|Species Clause: Limit one of each Pokémon
|rule|OHKO Clause: OHKO moves are banned
|rule|Moody Clause: Moody is banned
|rule|Evasion Items Clause: Evasion items are banned
|rule|Evasion Moves Clause: Evasion moves are banned
|rule|Endless Battle Clause: Forcing endless battles is banned
|rule|HP Percentage Mod: HP is shown in percentages
|rule|Evasion Abilities Clause: Evasion abilities are banned
|rule|Sleep Moves Clause: Sleep-inducing moves are banned
|rule|Swagger Clause: Swagger is banned
|rule|Baton Pass Stat Clause: No Baton Passer may have a way to boost its stats
|clearpoke
|poke|p1|Tyranitar, M|item
|poke|p1|Gliscor, M|item
|poke|p1|Reuniclus, F|item
|poke|p1|Skarmory, M|item
|poke|p1|Gastrodon, M|item
|poke|p1|Alakazam, M|item
|poke|p2|Skarmory, F|item
|poke|p2|Politoed, F|item
|poke|p2|Tentacruel, F|item
|poke|p2|Celebi|item
|poke|p2|Jellicent, F|item
|poke|p2|Tyranitar, F|item
|teampreview
|inactive|Battle timer is ON: inactive players will automatically lose when time's up. (requested by killapokeman)
|c|☆fids77|MY guy
|c|☆killapokeman|wow
|
|t:|1705677917
|start
|switch|p1a: Gliscor|Gliscor, M|100/100
|switch|p2a: poseidon|Politoed, F, shiny|100/100
|-weather|RainDance|[from] ability: Drizzle|[of] p2a: poseidon
|turn|1
|
|t:|1705677923
|move|p1a: Gliscor|Protect|p1a: Gliscor
|-singleturn|p1a: Gliscor|Protect
|move|p2a: poseidon|Surf|p1a: Gliscor
|-activate|p1a: Gliscor|move: Protect
|
|-weather|RainDance|[upkeep]
|-status|p1a: Gliscor|tox|[from] item: Toxic Orb
|upkeep
|turn|2
|
|t:|1705677931
|switch|p1a: Gastrodon|Gastrodon, M|100/100
|move|p2a: poseidon|Surf|p1a: Gastrodon
|-ability|p1a: Gastrodon|Storm Drain|boost
|-boost|p1a: Gastrodon|spa|1
|
|-weather|RainDance|[upkeep]
|upkeep
|turn|3
|j| bigman1776
|c| bigman1776|Fids77
|c|☆fids77|Fids77
|inactive|fids77 has 120 seconds left.
|
|t:|1705677969
|switch|p2a: squillium|Tentacruel, F, shiny|100/100
|move|p1a: Gastrodon|Scald|p2a: squillium
|-resisted|p2a: squillium
|-damage|p2a: squillium|85/100
|
|-weather|RainDance|[upkeep]
|-heal|p2a: squillium|91/100|[from] ability: Rain Dish
|-heal|p2a: squillium|97/100|[from] item: Black Sludge
|upkeep
|turn|4
|c|☆killapokeman|fids77
|
|t:|1705677993
|switch|p1a: Reuniclus|Reuniclus, F, shiny|100/100
|move|p2a: squillium|Toxic|p1a: Reuniclus
|-status|p1a: Reuniclus|tox
|
|-weather|RainDance|[upkeep]
|-heal|p2a: squillium|100/100|[from] ability: Rain Dish
|upkeep
|turn|5
|inactive|fids77 has 120 seconds left.
|inactive|fids77 has 90 seconds left.
|
|t:|1705678043
|switch|p2a: don|Tyranitar, F|100/100
|-weather|Sandstorm|[from] ability: Sand Stream|[of] p2a: don
|switch|p1a: Gastrodon|Gastrodon, M|100/100
|
|-weather|Sandstorm|[upkeep]
|upkeep
|turn|6
|
|t:|1705678052
|switch|p2a: squillium|Tentacruel, F, shiny|100/100
|move|p1a: Gastrodon|Scald|p2a: squillium
|-resisted|p2a: squillium
|-damage|p2a: squillium|93/100
|
|-weather|Sandstorm|[upkeep]
|-damage|p2a: squillium|87/100|[from] Sandstorm
|-heal|p2a: squillium|93/100|[from] item: Black Sludge
|upkeep
|turn|7
|
|t:|1705678062
|switch|p1a: Reuniclus|Reuniclus, F, shiny|100/100 tox
|move|p2a: squillium|Toxic|p1a: Reuniclus
|-fail|p1a: Reuniclus|tox
|
|-weather|Sandstorm|[upkeep]
|-damage|p2a: squillium|87/100|[from] Sandstorm
|-heal|p2a: squillium|93/100|[from] item: Black Sludge
|upkeep
|turn|8
|
|t:|1705678069
|switch|p2a: don|Tyranitar, F|100/100
|switch|p1a: Skarmory|Skarmory, M|100/100
|
|-weather|Sandstorm|[upkeep]
|upkeep
|turn|9
|
|t:|1705678081
|switch|p1a: Gastrodon|Gastrodon, M|100/100
|move|p2a: don|Thunder Wave|p1a: Gastrodon
|-immune|p1a: Gastrodon
|
|-weather|Sandstorm|[upkeep]
|upkeep
|turn|10
|
|t:|1705678087
|switch|p2a: steel turkey|Skarmory, F, shiny|100/100
|move|p1a: Gastrodon|Scald|p2a: steel turkey
|-damage|p2a: steel turkey|65/100
|-status|p2a: steel turkey|brn
|
|-weather|Sandstorm|[upkeep]
|-damage|p2a: steel turkey|53/100 brn|[from] brn
|upkeep
|turn|11
|inactive|fids77 has 120 seconds left.
|
|t:|1705678092
|switch|p1a: Skarmory|Skarmory, M|100/100
|move|p2a: steel turkey|Stealth Rock|p1a: Skarmory
|-sidestart|p1: fids77|move: Stealth Rock
|
|-weather|Sandstorm|[upkeep]
|-damage|p2a: steel turkey|41/100 brn|[from] brn
|upkeep
|turn|12
|
|t:|1705678097
|switch|p2a: poseidon|Politoed, F, shiny|100/100
|-weather|RainDance|[from] ability: Drizzle|[of] p2a: poseidon
|move|p1a: Skarmory|Spikes|p2a: poseidon
|-sidestart|p2: killapokeman|Spikes
|
|-weather|RainDance|[upkeep]
|upkeep
|turn|13
|
|t:|1705678116
|switch|p1a: Reuniclus|Reuniclus, F, shiny|100/100 tox
|move|p2a: poseidon|Hidden Power|p1a: Reuniclus
|-damage|p1a: Reuniclus|74/100 tox
|
|-weather|RainDance|[upkeep]
|-heal|p1a: Reuniclus|80/100 tox|[from] item: Leftovers
|upkeep
|turn|14
|c|☆killapokeman|nice
|inactive|fids77 has 120 seconds left.
|
|t:|1705678140
|switch|p2a: don|Tyranitar, F|100/100
|-damage|p2a: don|88/100|[from] Spikes
|-weather|Sandstorm|[from] ability: Sand Stream|[of] p2a: don
|switch|p1a: Gliscor|Gliscor, M|100/100 tox
|-damage|p1a: Gliscor|88/100 tox|[from] Stealth Rock
|
|-weather|Sandstorm|[upkeep]
|-heal|p1a: Gliscor|100/100 tox|[from] ability: Poison Heal
|upkeep
|turn|15
|
|t:|1705678144
|move|p1a: Gliscor|Earthquake|p2a: don
|-supereffective|p2a: don
|-damage|p2a: don|36/100
|move|p2a: don|Avalanche|p1a: Gliscor
|-supereffective|p1a: Gliscor
|-crit|p1a: Gliscor
|-damage|p1a: Gliscor|0 fnt
|faint|p1a: Gliscor
|
|-weather|Sandstorm|[upkeep]
|upkeep
|c|☆fids77|Bro
|inactive|fids77 has 120 seconds left.
|c|☆killapokeman|sorry fr
|
|t:|1705678158
|switch|p1a: Gastrodon|Gastrodon, M|100/100
|-damage|p1a: Gastrodon|94/100|[from] Stealth Rock
|turn|16
|
|t:|1705678165
|switch|p2a: squillium|Tentacruel, F, shiny|93/100
|-damage|p2a: squillium|81/100|[from] Spikes
|move|p1a: Gastrodon|Scald|p2a: squillium
|-resisted|p2a: squillium
|-damage|p2a: squillium|73/100
|
|-weather|Sandstorm|[upkeep]
|-damage|p2a: squillium|67/100|[from] Sandstorm
|-heal|p2a: squillium|73/100|[from] item: Black Sludge
|-heal|p1a: Gastrodon|100/100|[from] item: Leftovers
|upkeep
|turn|17
|
|t:|1705678172
|switch|p2a: don|Tyranitar, F|36/100
|-damage|p2a: don|23/100|[from] Spikes
|switch|p1a: Skarmory|Skarmory, M|100/100
|-damage|p1a: Skarmory|88/100|[from] Stealth Rock
|
|-weather|Sandstorm|[upkeep]
|-heal|p1a: Skarmory|94/100|[from] item: Leftovers
|upkeep
|turn|18
|
|t:|1705678179
|switch|p1a: Gastrodon|Gastrodon, M|100/100
|-damage|p1a: Gastrodon|94/100|[from] Stealth Rock
|move|p2a: don|Thunder Wave|p1a: Gastrodon
|-immune|p1a: Gastrodon
|
|-weather|Sandstorm|[upkeep]
|-heal|p1a: Gastrodon|100/100|[from] item: Leftovers
|upkeep
|turn|19
|
|t:|1705678193
|switch|p2a: Celebi|Celebi|100/100
|-damage|p2a: Celebi|88/100|[from] Spikes
|move|p1a: Gastrodon|Scald|p2a: Celebi
|-resisted|p2a: Celebi
|-damage|p2a: Celebi|77/100
|
|-weather|Sandstorm|[upkeep]
|-damage|p2a: Celebi|71/100|[from] Sandstorm
|-heal|p2a: Celebi|77/100|[from] item: Leftovers
|upkeep
|turn|20
|
|t:|1705678199
|switch|p1a: Skarmory|Skarmory, M|94/100
|-damage|p1a: Skarmory|82/100|[from] Stealth Rock
|move|p2a: Celebi|Nasty Plot|p2a: Celebi
|-boost|p2a: Celebi|spa|2
|
|-weather|Sandstorm|[upkeep]
|-damage|p2a: Celebi|71/100|[from] Sandstorm
|-heal|p2a: Celebi|77/100|[from] item: Leftovers
|-heal|p1a: Skarmory|88/100|[from] item: Leftovers
|upkeep
|turn|21
|
|t:|1705678202
|move|p2a: Celebi|Hidden Power|p1a: Skarmory
|-supereffective|p1a: Skarmory
|-damage|p1a: Skarmory|30/100
|move|p1a: Skarmory|Whirlwind|p2a: Celebi
|drag|p2a: squillium|Tentacruel, F, shiny|73/100
|-damage|p2a: squillium|61/100|[from] Spikes
|
|-weather|Sandstorm|[upkeep]
|-damage|p2a: squillium|55/100|[from] Sandstorm
|-heal|p2a: squillium|61/100|[from] item: Black Sludge
|-heal|p1a: Skarmory|36/100|[from] item: Leftovers
|upkeep
|turn|22
|
|t:|1705678207
|move|p2a: squillium|Ice Beam|p1a: Skarmory
|-damage|p1a: Skarmory|19/100
|-status|p1a: Skarmory|frz
|-curestatus|p1a: Skarmory|frz|[msg]
|move|p1a: Skarmory|Roost|p1a: Skarmory
|-heal|p1a: Skarmory|69/100
|-singleturn|p1a: Skarmory|move: Roost
|
|-weather|Sandstorm|[upkeep]
|-damage|p2a: squillium|55/100|[from] Sandstorm
|-heal|p2a: squillium|61/100|[from] item: Black Sludge
|-heal|p1a: Skarmory|75/100|[from] item: Leftovers
|upkeep
|turn|23
|
|t:|1705678209
|move|p2a: squillium|Ice Beam|p1a: Skarmory
|-damage|p1a: Skarmory|58/100
|move|p1a: Skarmory|Roost|p1a: Skarmory
|-heal|p1a: Skarmory|100/100
|-singleturn|p1a: Skarmory|move: Roost
|
|-weather|Sandstorm|[upkeep]
|-damage|p2a: squillium|55/100|[from] Sandstorm
|-heal|p2a: squillium|61/100|[from] item: Black Sludge
|upkeep
|turn|24
|
|t:|1705678212
|move|p2a: squillium|Ice Beam|p1a: Skarmory
|-damage|p1a: Skarmory|85/100
|move|p1a: Skarmory|Spikes|p2a: squillium
|-sidestart|p2: killapokeman|Spikes
|
|-weather|Sandstorm|[upkeep]
|-damage|p2a: squillium|55/100|[from] Sandstorm
|-heal|p2a: squillium|61/100|[from] item: Black Sludge
|-heal|p1a: Skarmory|91/100|[from] item: Leftovers
|upkeep
|turn|25
|
|t:|1705678217
|move|p2a: squillium|Rapid Spin|p1a: Skarmory
|-resisted|p1a: Skarmory
|-damage|p1a: Skarmory|90/100
|-sideend|p2: killapokeman|Spikes|[from] move: Rapid Spin|[of] p2a: squillium
|move|p1a: Skarmory|Whirlwind|p2a: squillium
|drag|p2a: Celebi|Celebi|77/100
|
|-weather|Sandstorm|[upkeep]
|-damage|p2a: Celebi|71/100|[from] Sandstorm
|-heal|p2a: Celebi|77/100|[from] item: Leftovers
|-heal|p1a: Skarmory|96/100|[from] item: Leftovers
|upkeep
|turn|26
|
|t:|1705678221
|move|p2a: Celebi|Hidden Power|p1a: Skarmory
|-supereffective|p1a: Skarmory
|-damage|p1a: Skarmory|66/100
|move|p1a: Skarmory|Whirlwind|p2a: Celebi
|drag|p2a: don|Tyranitar, F|23/100
|
|-weather|Sandstorm|[upkeep]
|-heal|p1a: Skarmory|72/100|[from] item: Leftovers
|upkeep
|turn|27
|
|t:|1705678225
|move|p1a: Skarmory|Spikes|p2a: don
|-sidestart|p2: killapokeman|Spikes
|move|p2a: don|Thunder Wave|p1a: Skarmory
|-status|p1a: Skarmory|par
|
|-weather|Sandstorm|[upkeep]
|-heal|p1a: Skarmory|78/100 par|[from] item: Leftovers
|upkeep
|turn|28
|
|t:|1705678230
|switch|p2a: poseidon|Politoed, F, shiny|100/100
|-damage|p2a: poseidon|88/100|[from] Spikes
|-weather|RainDance|[from] ability: Drizzle|[of] p2a: poseidon
|move|p1a: Skarmory|Spikes|p2a: poseidon
|-sidestart|p2: killapokeman|Spikes
|
|-weather|RainDance|[upkeep]
|-heal|p1a: Skarmory|84/100 par|[from] item: Leftovers
|upkeep
|turn|29
|
|t:|1705678236
|switch|p1a: Tyranitar|Tyranitar, M|100/100
|-damage|p1a: Tyranitar|88/100|[from] Stealth Rock
|-weather|Sandstorm|[from] ability: Sand Stream|[of] p1a: Tyranitar
|move|p2a: poseidon|Hidden Power|p1a: Tyranitar
|-supereffective|p1a: Tyranitar
|-damage|p1a: Tyranitar|56/100
|
|-weather|Sandstorm|[upkeep]
|-damage|p2a: poseidon|82/100|[from] Sandstorm
|upkeep
|turn|30
|
|t:|1705678242
|switch|p2a: steel turkey|Skarmory, F, shiny|41/100 brn
|switch|p1a: Reuniclus|Reuniclus, F, shiny|80/100 tox
|
|-weather|Sandstorm|[upkeep]
|-heal|p1a: Reuniclus|86/100 tox|[from] item: Leftovers
|-damage|p2a: steel turkey|28/100 brn|[from] brn
|upkeep
|turn|31
|
|t:|1705678247
|move|p1a: Reuniclus|Calm Mind|p1a: Reuniclus
|-boost|p1a: Reuniclus|spa|1
|-boost|p1a: Reuniclus|spd|1
|move|p2a: steel turkey|Roar|p1a: Reuniclus
|drag|p1a: Tyranitar|Tyranitar, M|56/100
|-damage|p1a: Tyranitar|44/100|[from] Stealth Rock
|
|-weather|Sandstorm|[upkeep]
|-damage|p2a: steel turkey|16/100 brn|[from] brn
|upkeep
|turn|32
|
|t:|1705678255
|move|p2a: steel turkey|Roost|p2a: steel turkey
|-heal|p2a: steel turkey|66/100 brn
|-singleturn|p2a: steel turkey|move: Roost
|move|p1a: Tyranitar|Crunch|p2a: steel turkey
|-resisted|p2a: steel turkey
|-damage|p2a: steel turkey|54/100 brn
|
|-weather|Sandstorm|[upkeep]
|-damage|p2a: steel turkey|42/100 brn|[from] brn
|upkeep
|turn|33
|
|t:|1705678259
|move|p2a: steel turkey|Roost|p2a: steel turkey
|-heal|p2a: steel turkey|92/100 brn
|-singleturn|p2a: steel turkey|move: Roost
|move|p1a: Tyranitar|Fire Blast|p2a: steel turkey
|-supereffective|p2a: steel turkey
|-damage|p2a: steel turkey|25/100 brn
|
|-weather|Sandstorm|[upkeep]
|-damage|p2a: steel turkey|13/100 brn|[from] brn
|upkeep
|turn|34
|
|t:|1705678276
|move|p2a: steel turkey|Drill Peck|p1a: Tyranitar
|-resisted|p1a: Tyranitar
|-damage|p1a: Tyranitar|40/100
|move|p1a: Tyranitar|Pursuit|p2a: steel turkey
|-resisted|p2a: steel turkey
|-damage|p2a: steel turkey|7/100 brn
|
|-weather|Sandstorm|[upkeep]
|-damage|p2a: steel turkey|0 fnt|[from] brn
|faint|p2a: steel turkey
|upkeep
|
|t:|1705678287
|switch|p2a: squillium|Tentacruel, F, shiny|61/100
|-damage|p2a: squillium|44/100|[from] Spikes
|turn|35
|
|t:|1705678296
|move|p2a: squillium|Rapid Spin|p1a: Tyranitar
|-resisted|p1a: Tyranitar
|-damage|p1a: Tyranitar|38/100
|-sideend|p2: killapokeman|Spikes|[from] move: Rapid Spin|[of] p2a: squillium
|move|p1a: Tyranitar|Crunch|p2a: squillium
|-damage|p2a: squillium|0 fnt
|faint|p2a: squillium
|
|-weather|Sandstorm|[upkeep]
|upkeep
|
|t:|1705678312
|switch|p2a: don|Tyranitar, F|23/100
|turn|36
|
|t:|1705678318
|switch|p1a: Gastrodon|Gastrodon, M|100/100
|-damage|p1a: Gastrodon|94/100|[from] Stealth Rock
|move|p2a: don|Thunder Wave|p1a: Gastrodon
|-immune|p1a: Gastrodon
|
|-weather|Sandstorm|[upkeep]
|-heal|p1a: Gastrodon|100/100|[from] item: Leftovers
|upkeep
|turn|37
|
|t:|1705678325
|switch|p2a: Celebi|Celebi|77/100
|move|p1a: Gastrodon|Toxic|p2a: Celebi
|-status|p2a: Celebi|tox
|
|-weather|Sandstorm|[upkeep]
|-damage|p2a: Celebi|71/100 tox|[from] Sandstorm
|-heal|p2a: Celebi|77/100 tox|[from] item: Leftovers
|-damage|p2a: Celebi|71/100 tox|[from] psn
|upkeep
|turn|38
|
|t:|1705678329
|switch|p1a: Reuniclus|Reuniclus, F, shiny|86/100 tox
|move|p2a: Celebi|Nasty Plot|p2a: Celebi
|-boost|p2a: Celebi|spa|2
|
|-weather|Sandstorm|[upkeep]
|-damage|p2a: Celebi|65/100 tox|[from] Sandstorm
|-heal|p2a: Celebi|71/100 tox|[from] item: Leftovers
|-heal|p1a: Reuniclus|92/100 tox|[from] item: Leftovers
|-damage|p2a: Celebi|58/100 tox|[from] psn
|upkeep
|turn|39
|
|t:|1705678337
|switch|p1a: Skarmory|Skarmory, M|84/100 par
|-damage|p1a: Skarmory|72/100 par|[from] Stealth Rock
|move|p2a: Celebi|Giga Drain|p1a: Skarmory
|-resisted|p1a: Skarmory
|-damage|p1a: Skarmory|60/100 par
|-heal|p2a: Celebi|63/100 tox|[from] drain|[of] p1a: Skarmory
|
|-weather|Sandstorm|[upkeep]
|-damage|p2a: Celebi|57/100 tox|[from] Sandstorm
|-heal|p2a: Celebi|63/100 tox|[from] item: Leftovers
|-heal|p1a: Skarmory|66/100 par|[from] item: Leftovers
|-damage|p2a: Celebi|45/100 tox|[from] psn
|upkeep
|turn|40
|
|t:|1705678349
|-curestatus|p2a: Celebi|tox|[from] ability: Natural Cure
|switch|p2a: poseidon|Politoed, F, shiny|82/100
|-weather|RainDance|[from] ability: Drizzle|[of] p2a: poseidon
|switch|p1a: Gastrodon|Gastrodon, M|100/100
|-damage|p1a: Gastrodon|94/100|[from] Stealth Rock
|
|-weather|RainDance|[upkeep]
|-heal|p1a: Gastrodon|100/100|[from] item: Leftovers
|upkeep
|turn|41
|
|t:|1705678354
|switch|p1a: Skarmory|Skarmory, M|66/100 par
|-damage|p1a: Skarmory|54/100 par|[from] Stealth Rock
|move|p2a: poseidon|Hidden Power|p1a: Skarmory
|-resisted|p1a: Skarmory
|-damage|p1a: Skarmory|46/100 par
|
|-weather|RainDance|[upkeep]
|-heal|p1a: Skarmory|52/100 par|[from] item: Leftovers
|upkeep
|turn|42
|
|t:|1705678360
|switch|p2a: Jellicent|Jellicent, F|100/100
|cant|p1a: Skarmory|par
|
|-weather|RainDance|[upkeep]
|-heal|p1a: Skarmory|58/100 par|[from] item: Leftovers
|upkeep
|turn|43
|
|t:|1705678367
|move|p2a: Jellicent|Scald|p1a: Skarmory
|-damage|p1a: Skarmory|22/100 par
|move|p1a: Skarmory|Roost|p1a: Skarmory
|-heal|p1a: Skarmory|72/100 par
|-singleturn|p1a: Skarmory|move: Roost
|
|-weather|RainDance|[upkeep]
|-heal|p1a: Skarmory|78/100 par|[from] item: Leftovers
|upkeep
|turn|44
|
|t:|1705678371
|switch|p1a: Gastrodon|Gastrodon, M|100/100
|-damage|p1a: Gastrodon|94/100|[from] Stealth Rock
|move|p2a: Jellicent|Scald|p1a: Gastrodon
|-ability|p1a: Gastrodon|Storm Drain|boost
|-boost|p1a: Gastrodon|spa|1
|
|-weather|RainDance|[upkeep]
|-heal|p1a: Gastrodon|100/100|[from] item: Leftovers
|upkeep
|turn|45
|
|t:|1705678383
|switch|p1a: Skarmory|Skarmory, M|78/100 par
|-damage|p1a: Skarmory|66/100 par|[from] Stealth Rock
|move|p2a: Jellicent|Will-O-Wisp||[still]
|-fail|p2a: Jellicent
|
|-weather|RainDance|[upkeep]
|-heal|p1a: Skarmory|72/100 par|[from] item: Leftovers
|upkeep
|turn|46
|
|t:|1705678386
|move|p2a: Jellicent|Scald|p1a: Skarmory
|-damage|p1a: Skarmory|38/100 par
|move|p1a: Skarmory|Spikes|p2a: Jellicent
|-sidestart|p2: killapokeman|Spikes
|
|-weather|RainDance|[upkeep]
|-heal|p1a: Skarmory|44/100 par|[from] item: Leftovers
|upkeep
|turn|47
|
|t:|1705678398
|switch|p1a: Gastrodon|Gastrodon, M|100/100
|-damage|p1a: Gastrodon|94/100|[from] Stealth Rock
|move|p2a: Jellicent|Scald|p1a: Gastrodon
|-ability|p1a: Gastrodon|Storm Drain|boost
|-boost|p1a: Gastrodon|spa|1
|
|-weather|RainDance|[upkeep]
|-heal|p1a: Gastrodon|100/100|[from] item: Leftovers
|upkeep
|turn|48
|
|t:|1705678402
|switch|p1a: Reuniclus|Reuniclus, F, shiny|92/100 tox
|move|p2a: Jellicent|Will-O-Wisp||[still]
|-fail|p2a: Jellicent
|
|-weather|RainDance|[upkeep]
|-heal|p1a: Reuniclus|98/100 tox|[from] item: Leftovers
|upkeep
|turn|49
|
|t:|1705678406
|switch|p2a: don|Tyranitar, F|23/100
|-damage|p2a: don|11/100|[from] Spikes
|-weather|Sandstorm|[from] ability: Sand Stream|[of] p2a: don
|move|p1a: Reuniclus|Thunder|p2a: don|[miss]
|-miss|p1a: Reuniclus|p2a: don
|
|-weather|Sandstorm|[upkeep]
|-heal|p1a: Reuniclus|100/100 tox|[from] item: Leftovers
|upkeep
|turn|50
|
|t:|1705678414
|switch|p1a: Gastrodon|Gastrodon, M|100/100
|-damage|p1a: Gastrodon|94/100|[from] Stealth Rock
|move|p2a: don|Crunch|p1a: Gastrodon
|-damage|p1a: Gastrodon|68/100
|
|-weather|Sandstorm|[upkeep]
|-heal|p1a: Gastrodon|74/100|[from] item: Leftovers
|upkeep
|turn|51
|
|t:|1705678422
|move|p2a: don|Crunch|p1a: Gastrodon
|-damage|p1a: Gastrodon|47/100
|move|p1a: Gastrodon|Toxic|p2a: don
|-status|p2a: don|tox
|-enditem|p2a: don|Lum Berry|[eat]
|-curestatus|p2a: don|tox|[msg]
|
|-weather|Sandstorm|[upkeep]
|-heal|p1a: Gastrodon|53/100|[from] item: Leftovers
|upkeep
|turn|52
|
|t:|1705678427
|move|p2a: don|Crunch|p1a: Gastrodon
|-damage|p1a: Gastrodon|28/100
|move|p1a: Gastrodon|Recover|p1a: Gastrodon
|-heal|p1a: Gastrodon|78/100
|
|-weather|Sandstorm|[upkeep]
|-heal|p1a: Gastrodon|84/100|[from] item: Leftovers
|upkeep
|turn|53
|
|t:|1705678431
|move|p2a: don|Crunch|p1a: Gastrodon
|-damage|p1a: Gastrodon|60/100
|move|p1a: Gastrodon|Recover|p1a: Gastrodon
|-heal|p1a: Gastrodon|100/100
|
|-weather|Sandstorm|[upkeep]
|upkeep
|turn|54
|
|t:|1705678434
|move|p2a: don|Crunch|p1a: Gastrodon
|-damage|p1a: Gastrodon|76/100
|move|p1a: Gastrodon|Scald|p2a: don
|-supereffective|p2a: don
|-damage|p2a: don|0 fnt
|faint|p2a: don
|
|-weather|Sandstorm|[upkeep]
|-heal|p1a: Gastrodon|82/100|[from] item: Leftovers
|upkeep
|
|t:|1705678436
|switch|p2a: Celebi|Celebi|45/100
|-damage|p2a: Celebi|32/100|[from] Spikes
|turn|55
|l| bigman1776
|
|t:|1705678454
|switch|p1a: Skarmory|Skarmory, M|44/100 par
|-damage|p1a: Skarmory|32/100 par|[from] Stealth Rock
|move|p2a: Celebi|Giga Drain|p1a: Skarmory
|-resisted|p1a: Skarmory
|-damage|p1a: Skarmory|26/100 par
|-heal|p2a: Celebi|35/100|[from] drain|[of] p1a: Skarmory
|
|-weather|Sandstorm|[upkeep]
|-damage|p2a: Celebi|29/100|[from] Sandstorm
|-heal|p2a: Celebi|35/100|[from] item: Leftovers
|-heal|p1a: Skarmory|32/100 par|[from] item: Leftovers
|upkeep
|turn|56
|
|t:|1705678464
|move|p2a: Celebi|Hidden Power|p1a: Skarmory
|-supereffective|p1a: Skarmory
|-damage|p1a: Skarmory|3/100 par
|move|p1a: Skarmory|Whirlwind|p2a: Celebi
|drag|p2a: Jellicent|Jellicent, F|100/100
|-damage|p2a: Jellicent|88/100|[from] Spikes
|
|-weather|Sandstorm|[upkeep]
|-damage|p2a: Jellicent|82/100|[from] Sandstorm
|-heal|p2a: Jellicent|88/100|[from] item: Leftovers
|-heal|p1a: Skarmory|9/100 par|[from] item: Leftovers
|upkeep
|turn|57
|
|t:|1705678474
|switch|p1a: Gastrodon|Gastrodon, M|82/100
|-damage|p1a: Gastrodon|76/100|[from] Stealth Rock
|move|p2a: Jellicent|Hex|p1a: Gastrodon
|-damage|p1a: Gastrodon|60/100
|
|-weather|Sandstorm|[upkeep]
|-damage|p2a: Jellicent|82/100|[from] Sandstorm
|-heal|p2a: Jellicent|88/100|[from] item: Leftovers
|-heal|p1a: Gastrodon|66/100|[from] item: Leftovers
|upkeep
|turn|58
|
|t:|1705678482
|move|p2a: Jellicent|Will-O-Wisp|p1a: Gastrodon
|-status|p1a: Gastrodon|brn
|move|p1a: Gastrodon|Toxic|p2a: Jellicent
|-status|p2a: Jellicent|tox
|
|-weather|Sandstorm|[upkeep]
|-damage|p2a: Jellicent|82/100 tox|[from] Sandstorm
|-heal|p2a: Jellicent|88/100 tox|[from] item: Leftovers
|-heal|p1a: Gastrodon|72/100 brn|[from] item: Leftovers
|-damage|p2a: Jellicent|82/100 tox|[from] psn
|-damage|p1a: Gastrodon|60/100 brn|[from] brn
|upkeep
|turn|59
|
|t:|1705678485
|move|p2a: Jellicent|Hex|p1a: Gastrodon
|-damage|p1a: Gastrodon|33/100 brn
|move|p1a: Gastrodon|Recover|p1a: Gastrodon
|-heal|p1a: Gastrodon|83/100 brn
|
|-weather|Sandstorm|[upkeep]
|-damage|p2a: Jellicent|76/100 tox|[from] Sandstorm
|-heal|p2a: Jellicent|82/100 tox|[from] item: Leftovers
|-heal|p1a: Gastrodon|89/100 brn|[from] item: Leftovers
|-damage|p2a: Jellicent|70/100 tox|[from] psn
|-damage|p1a: Gastrodon|77/100 brn|[from] brn
|upkeep
|turn|60
|
|t:|1705678488
|move|p2a: Jellicent|Hex|p1a: Gastrodon
|-crit|p1a: Gastrodon
|-damage|p1a: Gastrodon|24/100 brn
|move|p1a: Gastrodon|Recover|p1a: Gastrodon
|-heal|p1a: Gastrodon|74/100 brn
|
|-weather|Sandstorm|[upkeep]
|-damage|p2a: Jellicent|63/100 tox|[from] Sandstorm
|-heal|p2a: Jellicent|70/100 tox|[from] item: Leftovers
|-heal|p1a: Gastrodon|80/100 brn|[from] item: Leftovers
|-damage|p2a: Jellicent|51/100 tox|[from] psn
|-damage|p1a: Gastrodon|67/100 brn|[from] brn
|upkeep
|turn|61
|
|t:|1705678490
|move|p2a: Jellicent|Hex|p1a: Gastrodon
|-damage|p1a: Gastrodon|40/100 brn
|move|p1a: Gastrodon|Recover|p1a: Gastrodon
|-heal|p1a: Gastrodon|90/100 brn
|
|-weather|Sandstorm|[upkeep]
|-damage|p2a: Jellicent|45/100 tox|[from] Sandstorm
|-heal|p2a: Jellicent|51/100 tox|[from] item: Leftovers
|-heal|p1a: Gastrodon|96/100 brn|[from] item: Leftovers
|-damage|p2a: Jellicent|26/100 tox|[from] psn
|-damage|p1a: Gastrodon|84/100 brn|[from] brn
|upkeep
|turn|62
|
|t:|1705678493
|move|p2a: Jellicent|Hex|p1a: Gastrodon
|-damage|p1a: Gastrodon|53/100 brn
|move|p1a: Gastrodon|Recover|p1a: Gastrodon
|-heal|p1a: Gastrodon|100/100 brn
|
|-weather|Sandstorm|[upkeep]
|-damage|p2a: Jellicent|20/100 tox|[from] Sandstorm
|-heal|p2a: Jellicent|26/100 tox|[from] item: Leftovers
|-damage|p2a: Jellicent|0 fnt|[from] psn
|faint|p2a: Jellicent
|-damage|p1a: Gastrodon|88/100 brn|[from] brn
|upkeep
|
|t:|1705678495
|switch|p2a: Celebi|Celebi|35/100
|-damage|p2a: Celebi|23/100|[from] Spikes
|turn|63
|
|t:|1705678500
|switch|p1a: Skarmory|Skarmory, M|9/100 par
|-damage|p1a: Skarmory|0 fnt|[from] Stealth Rock
|faint|p1a: Skarmory
|move|p2a: Celebi|Nasty Plot|p2a: Celebi
|-boost|p2a: Celebi|spa|2
|
|-weather|Sandstorm|[upkeep]
|-damage|p2a: Celebi|16/100|[from] Sandstorm
|-heal|p2a: Celebi|23/100|[from] item: Leftovers
|upkeep
|
|t:|1705678502
|switch|p1a: Alakazam|Alakazam, M|100/100
|turn|64
|
|t:|1705678507
|switch|p2a: poseidon|Politoed, F, shiny|82/100
|-damage|p2a: poseidon|69/100|[from] Spikes
|-weather|RainDance|[from] ability: Drizzle|[of] p2a: poseidon
|move|p1a: Alakazam|Hidden Power|p2a: poseidon
|-resisted|p2a: poseidon
|-damage|p2a: poseidon|59/100
|
|-weather|RainDance|[upkeep]
|upkeep
|turn|65
|
|t:|1705678528
|move|p1a: Alakazam|Psychic|p2a: poseidon
|-damage|p2a: poseidon|18/100
|move|p2a: poseidon|Surf|p1a: Alakazam
|-enditem|p1a: Alakazam|Focus Sash
|-damage|p1a: Alakazam|1/100
|
|-weather|RainDance|[upkeep]
|upkeep
|turn|66
|
|t:|1705678530
|move|p1a: Alakazam|Psychic|p2a: poseidon
|-crit|p2a: poseidon
|-damage|p2a: poseidon|0 fnt
|faint|p2a: poseidon
|
|-weather|RainDance|[upkeep]
|upkeep
|c|☆killapokeman|gg!
|
|t:|1705678536
|switch|p2a: Celebi|Celebi|23/100
|-damage|p2a: Celebi|10/100|[from] Spikes
|turn|67
|c|☆fids77|Finally
|
|t:|1705678539
|move|p1a: Alakazam|Hidden Power|p2a: Celebi
|-supereffective|p2a: Celebi
|-damage|p2a: Celebi|0 fnt
|faint|p2a: Celebi
|
|win|fids77
|raw|fids77's rating: 1381 &rarr; <strong>1400</strong><br />(+19 for winning)
|raw|killapokeman's rating: 1368 &rarr; <strong>1349</strong><br />(-19 for losing)
|c|☆killapokeman|hahaa
|c|☆fids77|I feel fulfilled
|c|☆killapokeman|that's a sign I need a break
|c|☆killapokeman|c u soon ;)
|c|☆fids77|Cya ggs
|l|☆killapokeman
|player|p2|
