|j|☆refsunpersons(...)
|j|☆Roballo
|player|p1|refsunpersons(...)|bruno-gen3
|player|p2|Roballo|53
|teamsize|p1|6
|teamsize|p2|6
|gametype|singles
|gen|5
|tier|[Gen 5] OU
|rated|
|rule|Sleep Clause Mod: Limit one foe put to sleep
|rule|Species Clause: Limit one of each Pokémon
|rule|OHKO Clause: OHKO moves are banned
|rule|Moody Clause: Moody is banned
|rule|Evasion Moves Clause: Evasion moves are banned
|rule|Endless Battle Clause: Forcing endless battles is banned
|rule|HP Percentage Mod: HP is shown in percentages
|rule|Evasion Abilities Clause: Evasion abilities are banned
|rule|Baton Pass Clause: Limit one Baton Passer, can't pass Spe and other stats simultaneously
|rule|Swagger Clause: Swagger is banned
|clearpoke
|poke|p1|Politoed, F|item
|poke|p1|Ferrothorn, F|item
|poke|p1|Keldeo|item
|poke|p1|Tentacruel, F|item
|poke|p1|Scizor, F|item
|poke|p1|Latias, F|item
|poke|p2|Jirachi|item
|poke|p2|Politoed, M|item
|poke|p2|Roserade, F|item
|poke|p2|Skarmory, F|item
|poke|p2|Jellicent, F|item
|poke|p2|Donphan, M|item
|teampreview
|c|☆refsunpersons(...)|gl hf
|
|start
|switch|p1a: GOD HAND SLAN|Ferrothorn, F|100/100
|switch|p2a: Donphan|Donphan, M|100/100
|turn|1
|c|☆Roballo|gl
|
|move|p2a: Donphan|Stealth Rock|p1a: GOD HAND SLAN
|-sidestart|p1: refsunpersons(...)|move: Stealth Rock
|move|p1a: GOD HAND SLAN|Power Whip|p2a: Donphan
|-supereffective|p2a: Donphan
|-damage|p2a: Donphan|58/100
|
|-heal|p2a: Donphan|64/100|[from] item: Leftovers
|upkeep
|turn|2
|
|switch|p2a: Skarmory|Skarmory, F|100/100
|move|p1a: GOD HAND SLAN|Stealth Rock|p2a: Skarmory
|-sidestart|p2: Roballo|move: Stealth Rock
|
|upkeep
|turn|3
|
|move|p2a: Skarmory|Spikes|p1a: GOD HAND SLAN
|-sidestart|p1: refsunpersons(...)|Spikes
|move|p1a: GOD HAND SLAN|Spikes|p2a: Skarmory
|-sidestart|p2: Roballo|Spikes
|
|upkeep
|turn|4
|
|switch|p1a: Slugcat|Politoed, F|100/100
|-damage|p1a: Slugcat|88/100|[from] Spikes
|-damage|p1a: Slugcat|76/100|[from] Stealth Rock
|-weather|RainDance|[from] ability: Drizzle|[of] p1a: Slugcat
|move|p2a: Skarmory|Spikes|p1a: Slugcat
|-sidestart|p1: refsunpersons(...)|Spikes
|
|-weather|RainDance|[upkeep]
|-heal|p1a: Slugcat|82/100|[from] item: Leftovers
|upkeep
|turn|5
|
|switch|p2a: Politoed|Politoed, M|100/100
|-damage|p2a: Politoed|88/100|[from] Spikes
|-damage|p2a: Politoed|75/100|[from] Stealth Rock
|move|p1a: Slugcat|Hypnosis|p2a: Politoed
|-status|p2a: Politoed|slp
|
|-weather|RainDance|[upkeep]
|-heal|p1a: Slugcat|88/100|[from] item: Leftovers
|-heal|p2a: Politoed|82/100 slp|[from] item: Leftovers
|upkeep
|turn|6
|
|cant|p2a: Politoed|slp
|move|p1a: Slugcat|Scald|p2a: Politoed
|-resisted|p2a: Politoed
|-damage|p2a: Politoed|66/100 slp
|
|-weather|RainDance|[upkeep]
|-heal|p1a: Slugcat|94/100|[from] item: Leftovers
|-heal|p2a: Politoed|72/100 slp|[from] item: Leftovers
|upkeep
|turn|7
|
|switch|p1a: GOD HAND SLAN|Ferrothorn, F|100/100
|-damage|p1a: GOD HAND SLAN|94/100|[from] Stealth Rock
|-damage|p1a: GOD HAND SLAN|78/100|[from] Spikes
|cant|p2a: Politoed|slp
|
|-weather|RainDance|[upkeep]
|-heal|p2a: Politoed|79/100 slp|[from] item: Leftovers
|-heal|p1a: GOD HAND SLAN|84/100|[from] item: Leftovers
|upkeep
|turn|8
|
|cant|p2a: Politoed|slp
|move|p1a: GOD HAND SLAN|Power Whip|p2a: Politoed
|-supereffective|p2a: Politoed
|-crit|p2a: Politoed
|-damage|p2a: Politoed|0 fnt
|faint|p2a: Politoed
|
|-weather|RainDance|[upkeep]
|-heal|p1a: GOD HAND SLAN|90/100|[from] item: Leftovers
|upkeep
|
|switch|p2a: Skarmory|Skarmory, F|100/100
|-damage|p2a: Skarmory|88/100|[from] Stealth Rock
|turn|9
|
|move|p2a: Skarmory|Spikes|p1a: GOD HAND SLAN
|-sidestart|p1: refsunpersons(...)|Spikes
|move|p1a: GOD HAND SLAN|Spikes|p2a: Skarmory
|-sidestart|p2: Roballo|Spikes
|
|-weather|RainDance|[upkeep]
|-heal|p1a: GOD HAND SLAN|97/100|[from] item: Leftovers
|upkeep
|turn|10
|
|switch|p1a: Slugcat|Politoed, F|94/100
|-damage|p1a: Slugcat|69/100|[from] Spikes
|-damage|p1a: Slugcat|57/100|[from] Stealth Rock
|move|p2a: Skarmory|Roost|p2a: Skarmory
|-heal|p2a: Skarmory|100/100
|-singleturn|p2a: Skarmory|move: Roost
|
|-weather|RainDance|[upkeep]
|-heal|p1a: Slugcat|63/100|[from] item: Leftovers
|upkeep
|turn|11
|
|switch|p2a: Roserade|Roserade, F, shiny|100/100
|-damage|p2a: Roserade|84/100|[from] Spikes
|-damage|p2a: Roserade|71/100|[from] Stealth Rock
|move|p1a: Slugcat|Hypnosis|p2a: Roserade
|-status|p2a: Roserade|slp
|
|-weather|RainDance|[upkeep]
|-heal|p1a: Slugcat|69/100|[from] item: Leftovers
|upkeep
|turn|12
|
|switch|p1a: TORMENTOR OBELISK|Tentacruel, F|100/100
|-damage|p1a: TORMENTOR OBELISK|88/100|[from] Stealth Rock
|-damage|p1a: TORMENTOR OBELISK|63/100|[from] Spikes
|cant|p2a: Roserade|slp
|
|-weather|RainDance|[upkeep]
|-heal|p1a: TORMENTOR OBELISK|69/100|[from] ability: Rain Dish
|-heal|p1a: TORMENTOR OBELISK|75/100|[from] item: Black Sludge
|upkeep
|turn|13
|
|switch|p2a: Jellicent|Jellicent, F|100/100
|-damage|p2a: Jellicent|84/100|[from] Spikes
|-damage|p2a: Jellicent|72/100|[from] Stealth Rock
|move|p1a: TORMENTOR OBELISK|Toxic Spikes|p2a: Jellicent
|-sidestart|p2: Roballo|move: Toxic Spikes
|
|-weather|RainDance|[upkeep]
|-heal|p1a: TORMENTOR OBELISK|81/100|[from] ability: Rain Dish
|-heal|p1a: TORMENTOR OBELISK|88/100|[from] item: Black Sludge
|-heal|p2a: Jellicent|78/100|[from] item: Leftovers
|upkeep
|turn|14
|
|switch|p1a: rx-78|Latias, F|100/100
|-damage|p1a: rx-78|88/100|[from] Stealth Rock
|move|p2a: Jellicent|Shadow Ball|p1a: rx-78
|-supereffective|p1a: rx-78
|-damage|p1a: rx-78|55/100
|
|-weather|RainDance|[upkeep]
|-heal|p1a: rx-78|61/100|[from] item: Leftovers
|-heal|p2a: Jellicent|84/100|[from] item: Leftovers
|upkeep
|turn|15
|
|switch|p1a: GOD HAND SLAN|Ferrothorn, F|97/100
|-damage|p1a: GOD HAND SLAN|72/100|[from] Spikes
|-damage|p1a: GOD HAND SLAN|65/100|[from] Stealth Rock
|move|p2a: Jellicent|Toxic|p1a: GOD HAND SLAN
|-immune|p1a: GOD HAND SLAN
|
|-weather|RainDance|[upkeep]
|-heal|p2a: Jellicent|90/100|[from] item: Leftovers
|-heal|p1a: GOD HAND SLAN|72/100|[from] item: Leftovers
|upkeep
|turn|16
|
|switch|p2a: Roserade|Roserade, F, shiny|71/100
|-sideend|p2: Roballo|move: Toxic Spikes|[of] p2a: Roserade
|-damage|p2a: Roserade|55/100|[from] Spikes
|-damage|p2a: Roserade|42/100|[from] Stealth Rock
|move|p1a: GOD HAND SLAN|Power Whip|p2a: Roserade
|-resisted|p2a: Roserade
|-damage|p2a: Roserade|26/100
|
|-weather|RainDance|[upkeep]
|-heal|p1a: GOD HAND SLAN|78/100|[from] item: Leftovers
|upkeep
|turn|17
|
|move|p2a: Roserade|Toxic Spikes|p1a: GOD HAND SLAN
|-sidestart|p1: refsunpersons(...)|move: Toxic Spikes
|move|p1a: GOD HAND SLAN|Gyro Ball|p2a: Roserade
|-damage|p2a: Roserade|0 fnt
|faint|p2a: Roserade
|
|-weather|RainDance|[upkeep]
|-heal|p1a: GOD HAND SLAN|84/100|[from] item: Leftovers
|upkeep
|
|switch|p2a: Skarmory|Skarmory, F|100/100
|-damage|p2a: Skarmory|88/100|[from] Stealth Rock
|turn|18
|
|switch|p1a: TORMENTOR OBELISK|Tentacruel, F|88/100
|-sideend|p1: refsunpersons(...)|move: Toxic Spikes|[of] p1a: TORMENTOR OBELISK
|-damage|p1a: TORMENTOR OBELISK|75/100|[from] Stealth Rock
|-damage|p1a: TORMENTOR OBELISK|50/100|[from] Spikes
|move|p2a: Skarmory|Whirlwind|p1a: TORMENTOR OBELISK
|drag|p1a: Slugcat|Politoed, F|69/100
|-damage|p1a: Slugcat|44/100|[from] Spikes
|-damage|p1a: Slugcat|32/100|[from] Stealth Rock
|
|-weather|RainDance|[upkeep]
|-heal|p1a: Slugcat|38/100|[from] item: Leftovers
|upkeep
|turn|19
|j| another nieg
|
|move|p1a: Slugcat|Hypnosis|p2a: Skarmory|[miss]
|-miss|p1a: Slugcat|p2a: Skarmory
|move|p2a: Skarmory|Whirlwind|p1a: Slugcat
|drag|p1a: rx-78|Latias, F|61/100
|-damage|p1a: rx-78|48/100|[from] Stealth Rock
|
|-weather|RainDance|[upkeep]
|-heal|p1a: rx-78|54/100|[from] item: Leftovers
|upkeep
|turn|20
|
|move|p1a: rx-78|Recover|p1a: rx-78
|-heal|p1a: rx-78|100/100
|move|p2a: Skarmory|Roost|p2a: Skarmory
|-heal|p2a: Skarmory|100/100
|-singleturn|p2a: Skarmory|move: Roost
|
|-weather|RainDance|[upkeep]
|upkeep
|turn|21
|
|move|p1a: rx-78|Roar|p2a: Skarmory
|drag|p2a: Jellicent|Jellicent, F|90/100
|-damage|p2a: Jellicent|74/100|[from] Spikes
|-damage|p2a: Jellicent|61/100|[from] Stealth Rock
|
|-weather|RainDance|[upkeep]
|-heal|p2a: Jellicent|67/100|[from] item: Leftovers
|upkeep
|turn|22
|
|switch|p1a: TORMENTOR OBELISK|Tentacruel, F|50/100
|-damage|p1a: TORMENTOR OBELISK|26/100|[from] Spikes
|-damage|p1a: TORMENTOR OBELISK|13/100|[from] Stealth Rock
|move|p2a: Jellicent|Recover|p2a: Jellicent
|-heal|p2a: Jellicent|100/100
|
|-weather|RainDance|[upkeep]
|-heal|p1a: TORMENTOR OBELISK|19/100|[from] ability: Rain Dish
|-heal|p1a: TORMENTOR OBELISK|25/100|[from] item: Black Sludge
|upkeep
|turn|23
|
|move|p1a: TORMENTOR OBELISK|Toxic Spikes|p2a: Jellicent
|-sidestart|p2: Roballo|move: Toxic Spikes
|move|p2a: Jellicent|Shadow Ball|p1a: TORMENTOR OBELISK
|-damage|p1a: TORMENTOR OBELISK|6/100
|
|-weather|RainDance|[upkeep]
|-heal|p1a: TORMENTOR OBELISK|12/100|[from] ability: Rain Dish
|-heal|p1a: TORMENTOR OBELISK|18/100|[from] item: Black Sludge
|upkeep
|turn|24
|
|move|p1a: TORMENTOR OBELISK|Protect|p1a: TORMENTOR OBELISK
|-singleturn|p1a: TORMENTOR OBELISK|Protect
|move|p2a: Jellicent|Shadow Ball|p1a: TORMENTOR OBELISK
|-activate|p1a: TORMENTOR OBELISK|move: Protect
|
|-weather|RainDance|[upkeep]
|-heal|p1a: TORMENTOR OBELISK|24/100|[from] ability: Rain Dish
|-heal|p1a: TORMENTOR OBELISK|31/100|[from] item: Black Sludge
|upkeep
|turn|25
|
|move|p1a: TORMENTOR OBELISK|Toxic Spikes|p2a: Jellicent
|-sidestart|p2: Roballo|move: Toxic Spikes
|move|p2a: Jellicent|Shadow Ball|p1a: TORMENTOR OBELISK
|-damage|p1a: TORMENTOR OBELISK|11/100
|
|-weather|RainDance|[upkeep]
|-heal|p1a: TORMENTOR OBELISK|17/100|[from] ability: Rain Dish
|-heal|p1a: TORMENTOR OBELISK|23/100|[from] item: Black Sludge
|upkeep
|turn|26
|
|move|p1a: TORMENTOR OBELISK|Protect|p1a: TORMENTOR OBELISK
|-singleturn|p1a: TORMENTOR OBELISK|Protect
|move|p2a: Jellicent|Shadow Ball|p1a: TORMENTOR OBELISK
|-activate|p1a: TORMENTOR OBELISK|move: Protect
|
|-weather|RainDance|[upkeep]
|-heal|p1a: TORMENTOR OBELISK|29/100|[from] ability: Rain Dish
|-heal|p1a: TORMENTOR OBELISK|35/100|[from] item: Black Sludge
|upkeep
|turn|27
|
|switch|p1a: MYSTERIOUS GF X|Scizor, F|100/100
|-damage|p1a: MYSTERIOUS GF X|76/100|[from] Spikes
|-damage|p1a: MYSTERIOUS GF X|63/100|[from] Stealth Rock
|move|p2a: Jellicent|Shadow Ball|p1a: MYSTERIOUS GF X
|-resisted|p1a: MYSTERIOUS GF X
|-damage|p1a: MYSTERIOUS GF X|45/100
|-unboost|p1a: MYSTERIOUS GF X|spd|1
|
|-weather|RainDance|[upkeep]
|upkeep
|turn|28
|
|move|p1a: MYSTERIOUS GF X|Swords Dance|p1a: MYSTERIOUS GF X
|-boost|p1a: MYSTERIOUS GF X|atk|2
|move|p2a: Jellicent|Taunt|p1a: MYSTERIOUS GF X
|-start|p1a: MYSTERIOUS GF X|move: Taunt
|
|-weather|RainDance|[upkeep]
|upkeep
|turn|29
|
|switch|p2a: Skarmory|Skarmory, F|100/100
|-damage|p2a: Skarmory|88/100|[from] Stealth Rock
|move|p1a: MYSTERIOUS GF X|Bug Bite|p2a: Skarmory
|-resisted|p2a: Skarmory
|-damage|p2a: Skarmory|74/100
|
|-weather|RainDance|[upkeep]
|upkeep
|turn|30
|
|move|p1a: MYSTERIOUS GF X|Superpower|p2a: Skarmory
|-damage|p2a: Skarmory|19/100
|-unboost|p1a: MYSTERIOUS GF X|atk|1
|-unboost|p1a: MYSTERIOUS GF X|def|1
|move|p2a: Skarmory|Whirlwind|p1a: MYSTERIOUS GF X
|drag|p1a: rx-78|Latias, F|100/100
|-damage|p1a: rx-78|88/100|[from] Stealth Rock
|
|-weather|RainDance|[upkeep]
|-heal|p1a: rx-78|94/100|[from] item: Leftovers
|upkeep
|turn|31
|
|move|p1a: rx-78|Dragon Pulse|p2a: Skarmory
|-resisted|p2a: Skarmory
|-damage|p2a: Skarmory|0 fnt
|faint|p2a: Skarmory
|
|-weather|RainDance|[upkeep]
|-heal|p1a: rx-78|99/100|[from] item: Leftovers
|upkeep
|
|switch|p2a: Jirachi|Jirachi|100/100
|-damage|p2a: Jirachi|84/100|[from] Spikes
|-damage|p2a: Jirachi|78/100|[from] Stealth Rock
|turn|32
|
|move|p1a: rx-78|Calm Mind|p1a: rx-78
|-boost|p1a: rx-78|spa|1
|-boost|p1a: rx-78|spd|1
|move|p2a: Jirachi|Thunder|p1a: rx-78
|-resisted|p1a: rx-78
|-damage|p1a: rx-78|93/100
|-status|p1a: rx-78|par
|
|-weather|RainDance|[upkeep]
|-heal|p2a: Jirachi|84/100|[from] item: Leftovers
|-heal|p1a: rx-78|99/100 par|[from] item: Leftovers
|upkeep
|turn|33
|
|move|p2a: Jirachi|Iron Head|p1a: rx-78
|-damage|p1a: rx-78|70/100 par
|cant|p1a: rx-78|flinch
|
|-weather|RainDance|[upkeep]
|-heal|p2a: Jirachi|90/100|[from] item: Leftovers
|-heal|p1a: rx-78|76/100 par|[from] item: Leftovers
|upkeep
|turn|34
|
|move|p2a: Jirachi|Iron Head|p1a: rx-78
|-damage|p1a: rx-78|49/100 par
|cant|p1a: rx-78|flinch
|
|-weather|RainDance|[upkeep]
|-heal|p2a: Jirachi|96/100|[from] item: Leftovers
|-heal|p1a: rx-78|55/100 par|[from] item: Leftovers
|upkeep
|turn|35
|
|switch|p1a: GOD HAND SLAN|Ferrothorn, F|84/100
|-damage|p1a: GOD HAND SLAN|78/100|[from] Stealth Rock
|-damage|p1a: GOD HAND SLAN|53/100|[from] Spikes
|move|p2a: Jirachi|Iron Head|p1a: GOD HAND SLAN
|-resisted|p1a: GOD HAND SLAN
|-damage|p1a: GOD HAND SLAN|43/100
|-damage|p2a: Jirachi|84/100|[from] ability: Iron Barbs|[of] p1a: GOD HAND SLAN
|
|-weather|RainDance|[upkeep]
|-heal|p2a: Jirachi|90/100|[from] item: Leftovers
|-heal|p1a: GOD HAND SLAN|49/100|[from] item: Leftovers
|upkeep
|turn|36
|
|move|p2a: Jirachi|Wish|p2a: Jirachi
|move|p1a: GOD HAND SLAN|Gyro Ball|p2a: Jirachi
|-resisted|p2a: Jirachi
|-damage|p2a: Jirachi|73/100
|
|-weather|RainDance|[upkeep]
|-heal|p2a: Jirachi|79/100|[from] item: Leftovers
|-heal|p1a: GOD HAND SLAN|55/100|[from] item: Leftovers
|upkeep
|turn|37
|
|move|p2a: Jirachi|Thunder|p1a: GOD HAND SLAN
|-resisted|p1a: GOD HAND SLAN
|-damage|p1a: GOD HAND SLAN|46/100
|move|p1a: GOD HAND SLAN|Power Whip|p2a: Jirachi
|-resisted|p2a: Jirachi
|-damage|p2a: Jirachi|63/100
|
|-weather|RainDance|[upkeep]
|-heal|p2a: Jirachi|100/100|[from] move: Wish|[wisher] Jirachi
|-heal|p1a: GOD HAND SLAN|52/100|[from] item: Leftovers
|upkeep
|turn|38
|
|move|p2a: Jirachi|Wish|p2a: Jirachi
|move|p1a: GOD HAND SLAN|Gyro Ball|p2a: Jirachi
|-resisted|p2a: Jirachi
|-damage|p2a: Jirachi|84/100
|
|-weather|RainDance|[upkeep]
|-heal|p2a: Jirachi|90/100|[from] item: Leftovers
|-heal|p1a: GOD HAND SLAN|58/100|[from] item: Leftovers
|upkeep
|turn|39
|
|move|p2a: Jirachi|Thunder|p1a: GOD HAND SLAN
|-resisted|p1a: GOD HAND SLAN
|-damage|p1a: GOD HAND SLAN|49/100
|move|p1a: GOD HAND SLAN|Power Whip|p2a: Jirachi
|-resisted|p2a: Jirachi
|-damage|p2a: Jirachi|73/100
|
|-weather|RainDance|[upkeep]
|-heal|p2a: Jirachi|100/100|[from] move: Wish|[wisher] Jirachi
|-heal|p1a: GOD HAND SLAN|55/100|[from] item: Leftovers
|upkeep
|turn|40
|
|move|p2a: Jirachi|Thunder|p1a: GOD HAND SLAN
|-resisted|p1a: GOD HAND SLAN
|-damage|p1a: GOD HAND SLAN|46/100
|-status|p1a: GOD HAND SLAN|par
|move|p1a: GOD HAND SLAN|Gyro Ball|p2a: Jirachi
|-resisted|p2a: Jirachi
|-crit|p2a: Jirachi
|-damage|p2a: Jirachi|61/100
|
|-weather|RainDance|[upkeep]
|-heal|p2a: Jirachi|67/100|[from] item: Leftovers
|-heal|p1a: GOD HAND SLAN|52/100 par|[from] item: Leftovers
|upkeep
|turn|41
|
|move|p2a: Jirachi|Wish|p2a: Jirachi
|cant|p1a: GOD HAND SLAN|par
|
|-weather|RainDance|[upkeep]
|-heal|p2a: Jirachi|73/100|[from] item: Leftovers
|-heal|p1a: GOD HAND SLAN|58/100 par|[from] item: Leftovers
|upkeep
|turn|42
|
|switch|p2a: Donphan|Donphan, M|64/100
|-status|p2a: Donphan|tox
|-damage|p2a: Donphan|47/100 tox|[from] Spikes
|-damage|p2a: Donphan|41/100 tox|[from] Stealth Rock
|move|p1a: GOD HAND SLAN|Power Whip|p2a: Donphan
|-supereffective|p2a: Donphan
|-damage|p2a: Donphan|0 fnt
|faint|p2a: Donphan
|
|-weather|RainDance|[upkeep]
|-heal|p1a: GOD HAND SLAN|64/100 par|[from] item: Leftovers
|upkeep
|
|switch|p2a: Jirachi|Jirachi|73/100
|-damage|p2a: Jirachi|56/100|[from] Spikes
|-damage|p2a: Jirachi|50/100|[from] Stealth Rock
|turn|43
|
|switch|p1a: Cupcakes|Keldeo|100/100
|-damage|p1a: Cupcakes|76/100|[from] Spikes
|-damage|p1a: Cupcakes|70/100|[from] Stealth Rock
|move|p2a: Jirachi|Wish|p2a: Jirachi
|
|-weather|RainDance|[upkeep]
|-heal|p2a: Jirachi|56/100|[from] item: Leftovers
|upkeep
|turn|44
|
|move|p2a: Jirachi|Protect|p2a: Jirachi
|-singleturn|p2a: Jirachi|Protect
|move|p1a: Cupcakes|Hydro Pump|p2a: Jirachi
|-activate|p2a: Jirachi|move: Protect
|
|-weather|RainDance|[upkeep]
|-heal|p2a: Jirachi|100/100|[from] move: Wish|[wisher] Jirachi
|upkeep
|turn|45
|l| another nieg
|
|switch|p1a: TORMENTOR OBELISK|Tentacruel, F|35/100
|-damage|p1a: TORMENTOR OBELISK|10/100|[from] Spikes
|-damage|p1a: TORMENTOR OBELISK|0 fnt|[from] Stealth Rock
|faint|p1a: TORMENTOR OBELISK
|move|p2a: Jirachi|Thunder|p1: TORMENTOR OBELISK|[notarget]
|-fail|p2a: Jirachi
|
|-weather|RainDance|[upkeep]
|upkeep
|
|switch|p1a: GOD HAND SLAN|Ferrothorn, F|64/100 par
|-damage|p1a: GOD HAND SLAN|39/100 par|[from] Spikes
|-damage|p1a: GOD HAND SLAN|33/100 par|[from] Stealth Rock
|turn|46
|
|move|p2a: Jirachi|Iron Head|p1a: GOD HAND SLAN
|-resisted|p1a: GOD HAND SLAN
|-damage|p1a: GOD HAND SLAN|24/100 par
|-damage|p2a: Jirachi|88/100|[from] ability: Iron Barbs|[of] p1a: GOD HAND SLAN
|cant|p1a: GOD HAND SLAN|flinch
|
|-weather|RainDance|[upkeep]
|-heal|p2a: Jirachi|94/100|[from] item: Leftovers
|-heal|p1a: GOD HAND SLAN|31/100 par|[from] item: Leftovers
|upkeep
|turn|47
|
|move|p2a: Jirachi|Iron Head|p1a: GOD HAND SLAN
|-resisted|p1a: GOD HAND SLAN
|-damage|p1a: GOD HAND SLAN|21/100 par
|-damage|p2a: Jirachi|82/100|[from] ability: Iron Barbs|[of] p1a: GOD HAND SLAN
|cant|p1a: GOD HAND SLAN|flinch
|
|-weather|RainDance|[upkeep]
|-heal|p2a: Jirachi|88/100|[from] item: Leftovers
|-heal|p1a: GOD HAND SLAN|27/100 par|[from] item: Leftovers
|upkeep
|turn|48
|
|move|p2a: Jirachi|Iron Head|p1a: GOD HAND SLAN
|-resisted|p1a: GOD HAND SLAN
|-damage|p1a: GOD HAND SLAN|18/100 par
|-damage|p2a: Jirachi|76/100|[from] ability: Iron Barbs|[of] p1a: GOD HAND SLAN
|move|p1a: GOD HAND SLAN|Gyro Ball|p2a: Jirachi
|-resisted|p2a: Jirachi
|-damage|p2a: Jirachi|56/100
|
|-weather|RainDance|[upkeep]
|-heal|p2a: Jirachi|62/100|[from] item: Leftovers
|-heal|p1a: GOD HAND SLAN|24/100 par|[from] item: Leftovers
|upkeep
|turn|49
|
|move|p2a: Jirachi|Iron Head|p1a: GOD HAND SLAN
|-resisted|p1a: GOD HAND SLAN
|-damage|p1a: GOD HAND SLAN|14/100 par
|-damage|p2a: Jirachi|50/100|[from] ability: Iron Barbs|[of] p1a: GOD HAND SLAN
|move|p1a: GOD HAND SLAN|Gyro Ball|p2a: Jirachi
|-resisted|p2a: Jirachi
|-damage|p2a: Jirachi|28/100
|
|-weather|RainDance|[upkeep]
|-heal|p2a: Jirachi|34/100|[from] item: Leftovers
|-heal|p1a: GOD HAND SLAN|21/100 par|[from] item: Leftovers
|upkeep
|turn|50
|
|switch|p1a: Cupcakes|Keldeo|70/100
|-damage|p1a: Cupcakes|45/100|[from] Spikes
|-damage|p1a: Cupcakes|39/100|[from] Stealth Rock
|move|p2a: Jirachi|Wish|p2a: Jirachi
|
|-weather|RainDance|[upkeep]
|-heal|p2a: Jirachi|40/100|[from] item: Leftovers
|upkeep
|turn|51
|
|move|p2a: Jirachi|Protect|p2a: Jirachi
|-singleturn|p2a: Jirachi|Protect
|move|p1a: Cupcakes|Surf|p2a: Jirachi
|-activate|p2a: Jirachi|move: Protect
|
|-weather|RainDance|[upkeep]
|-heal|p2a: Jirachi|90/100|[from] move: Wish|[wisher] Jirachi
|-heal|p2a: Jirachi|97/100|[from] item: Leftovers
|upkeep
|turn|52
|
|move|p1a: Cupcakes|Surf|p2a: Jirachi
|-damage|p2a: Jirachi|48/100
|move|p2a: Jirachi|Thunder|p1a: Cupcakes
|-supereffective|p1a: Cupcakes
|-damage|p1a: Cupcakes|0 fnt
|faint|p1a: Cupcakes
|
|-weather|RainDance|[upkeep]
|-heal|p2a: Jirachi|54/100|[from] item: Leftovers
|upkeep
|
|switch|p1a: rx-78|Latias, F|55/100 par
|-damage|p1a: rx-78|43/100 par|[from] Stealth Rock
|turn|53
|
|move|p2a: Jirachi|Iron Head|p1a: rx-78
|-damage|p1a: rx-78|12/100 par
|cant|p1a: rx-78|flinch
|
|-weather|RainDance|[upkeep]
|-heal|p2a: Jirachi|61/100|[from] item: Leftovers
|-heal|p1a: rx-78|18/100 par|[from] item: Leftovers
|upkeep
|turn|54
|
|move|p2a: Jirachi|Iron Head|p1a: rx-78
|-damage|p1a: rx-78|0 fnt
|faint|p1a: rx-78
|
|-weather|RainDance|[upkeep]
|-heal|p2a: Jirachi|67/100|[from] item: Leftovers
|upkeep
|
|switch|p1a: MYSTERIOUS GF X|Scizor, F|45/100
|-damage|p1a: MYSTERIOUS GF X|32/100|[from] Stealth Rock
|-damage|p1a: MYSTERIOUS GF X|8/100|[from] Spikes
|turn|55
|
|move|p1a: MYSTERIOUS GF X|Superpower|p2a: Jirachi
|-damage|p2a: Jirachi|29/100
|-unboost|p1a: MYSTERIOUS GF X|atk|1
|-unboost|p1a: MYSTERIOUS GF X|def|1
|move|p2a: Jirachi|Iron Head|p1a: MYSTERIOUS GF X
|-resisted|p1a: MYSTERIOUS GF X
|-damage|p1a: MYSTERIOUS GF X|0 fnt
|faint|p1a: MYSTERIOUS GF X
|
|-weather|RainDance|[upkeep]
|-heal|p2a: Jirachi|35/100|[from] item: Leftovers
|upkeep
|c|☆refsunpersons(...)|gg
|-message|refsunpersons(...) forfeited.
|
|win|Roballo
|l|☆refsunpersons(...)
|raw|refsunpersons(...)'s rating: 1441 &rarr; <strong>1417</strong><br />(-24 for losing)
|raw|Roballo's rating: 1368 &rarr; <strong>1393</strong><br />(+25 for winning)
