|j|☆nidiedi
|j|☆Testo junkie
|t:|1725458217
|gametype|singles
|player|p1|nidiedi|nate|1439
|player|p2|Testo junkie|aromalady|1555
|teamsize|p1|6
|teamsize|p2|6
|gen|5
|tier|[Gen 5] OU
|rated|
|rule|Species Clause: Limit one of each Pokémon
|rule|OHKO Clause: OHKO moves are banned
|rule|Moody Clause: Moody is banned
|rule|Evasion Items Clause: Evasion items are banned
|rule|Evasion Moves Clause: Evasion moves are banned
|rule|Endless Battle Clause: Forcing endless battles is banned
|rule|HP Percentage Mod: HP is shown in percentages
|rule|Evasion Abilities Clause: Evasion abilities are banned
|rule|Sleep Moves Clause: Sleep-inducing moves are banned
|rule|Swagger Clause: Swagger is banned
|rule|Baton Pass Stat Clause: No Baton Passer may have a way to boost its stats
|clearpoke
|poke|p1|Heatran, M|item
|poke|p1|Latias, F|item
|poke|p1|Breloom, M|item
|poke|p1|Landorus-Therian, M|item
|poke|p1|Excadrill, F|item
|poke|p1|Ninetales, M|item
|poke|p2|Skarmory, F|item
|poke|p2|Mienshao, M|item
|poke|p2|Gliscor, M|item
|poke|p2|Reuniclus, F|item
|poke|p2|Clefable, F|item
|poke|p2|Latias, F|item
|teampreview
|inactive|Battle timer is ON: inactive players will automatically lose when time's up. (requested by nidiedi)
|
|t:|1725458228
|start
|switch|p1a: Ninetales|Ninetales, M|100/100
|switch|p2a: Gliscor|Gliscor, M|100/100
|-weather|SunnyDay|[from] ability: Drought|[of] p1a: Ninetales
|turn|1
|
|t:|1725458234
|move|p2a: Gliscor|Protect|p2a: Gliscor
|-singleturn|p2a: Gliscor|Protect
|move|p1a: Ninetales|Will-O-Wisp|p2a: Gliscor
|-activate|p2a: Gliscor|move: Protect
|
|-weather|SunnyDay|[upkeep]
|-status|p2a: Gliscor|tox|[from] item: Toxic Orb
|upkeep
|turn|2
|
|t:|1725458261
|switch|p1a: Latias|Latias, F|100/100
|move|p2a: Gliscor|Stealth Rock|p1a: Latias
|-sidestart|p1: nidiedi|move: Stealth Rock
|
|-weather|SunnyDay|[upkeep]
|upkeep
|turn|3
|
|t:|1725458282
|move|p2a: Gliscor|Protect|p2a: Gliscor
|-singleturn|p2a: Gliscor|Protect
|move|p1a: Latias|Ice Beam|p2a: Gliscor
|-activate|p2a: Gliscor|move: Protect
|
|-weather|SunnyDay|[upkeep]
|upkeep
|turn|4
|
|t:|1725458297
|switch|p2a: Clefable|Clefable, F|100/100
|move|p1a: Latias|Ice Beam|p2a: Clefable
|-damage|p2a: Clefable|82/100
|
|-weather|SunnyDay|[upkeep]
|-heal|p2a: Clefable|88/100|[from] item: Leftovers
|upkeep
|turn|5
|
|t:|1725458305
|switch|p1a: Landorus|Landorus-Therian, M|100/100
|-damage|p1a: Landorus|88/100|[from] Stealth Rock
|-ability|p1a: Landorus|Intimidate|boost
|-unboost|p2a: Clefable|atk|1
|move|p2a: Clefable|Knock Off|p1a: Landorus
|-damage|p1a: Landorus|85/100
|-enditem|p1a: Landorus|Choice Scarf|[from] move: Knock Off|[of] p2a: Clefable
|
|-weather|SunnyDay|[upkeep]
|-heal|p2a: Clefable|94/100|[from] item: Leftovers
|upkeep
|turn|6
|
|t:|1725458322
|switch|p2a: Skarmory|Skarmory, F|100/100
|move|p1a: Landorus|U-turn|p2a: Skarmory
|-resisted|p2a: Skarmory
|-damage|p2a: Skarmory|95/100
|
|t:|1725458335
|switch|p1a: Heatran|Heatran, M|100/100|[from] U-turn
|-damage|p1a: Heatran|88/100|[from] Stealth Rock
|-item|p1a: Heatran|Air Balloon
|
|-weather|SunnyDay|[upkeep]
|-heal|p2a: Skarmory|100/100|[from] item: Leftovers
|upkeep
|turn|7
|
|t:|1725458342
|switch|p2a: Latias|Latias, F|100/100
|move|p1a: Heatran|Fire Blast|p2a: Latias
|-resisted|p2a: Latias
|-damage|p2a: Latias|62/100
|
|-weather|SunnyDay|[upkeep]
|-heal|p2a: Latias|68/100|[from] item: Leftovers
|upkeep
|turn|8
|inactive|nidiedi has 120 seconds left.
|
|t:|1725458366
|move|p2a: Latias|Roost|p2a: Latias
|-heal|p2a: Latias|100/100
|-singleturn|p2a: Latias|move: Roost
|move|p1a: Heatran|Flame Charge|p2a: Latias
|-resisted|p2a: Latias
|-damage|p2a: Latias|89/100
|-boost|p1a: Heatran|spe|1
|
|-weather|SunnyDay|[upkeep]
|-heal|p2a: Latias|95/100|[from] item: Leftovers
|upkeep
|turn|9
|inactive|nidiedi has 120 seconds left.
|
|t:|1725458377
|move|p1a: Heatran|Hidden Power|p2a: Latias
|-supereffective|p2a: Latias
|-damage|p2a: Latias|56/100
|move|p2a: Latias|Calm Mind|p2a: Latias
|-boost|p2a: Latias|spa|1
|-boost|p2a: Latias|spd|1
|
|-weather|SunnyDay|[upkeep]
|-heal|p2a: Latias|62/100|[from] item: Leftovers
|upkeep
|turn|10
|inactive|nidiedi has 120 seconds left.
|
|t:|1725458401
|switch|p1a: Excadrill|Excadrill, F|100/100
|-damage|p1a: Excadrill|97/100|[from] Stealth Rock
|-ability|p1a: Excadrill|Mold Breaker
|move|p2a: Latias|Roost|p2a: Latias
|-heal|p2a: Latias|100/100
|-singleturn|p2a: Latias|move: Roost
|
|-weather|SunnyDay|[upkeep]
|-heal|p1a: Excadrill|100/100|[from] item: Leftovers
|upkeep
|turn|11
|
|t:|1725458411
|switch|p2a: Gliscor|Gliscor, M|100/100 tox
|move|p1a: Excadrill|Earthquake|p2a: Gliscor
|-immune|p2a: Gliscor
|
|-weather|SunnyDay|[upkeep]
|upkeep
|turn|12
|inactive|nidiedi has 120 seconds left.
|
|t:|1725458424
|move|p1a: Excadrill|Stealth Rock|p2a: Gliscor
|-sidestart|p2: Testo junkie|move: Stealth Rock
|move|p2a: Gliscor|Knock Off|p1a: Excadrill
|-resisted|p1a: Excadrill
|-damage|p1a: Excadrill|97/100
|-enditem|p1a: Excadrill|Leftovers|[from] move: Knock Off|[of] p2a: Gliscor
|
|-weather|SunnyDay|[upkeep]
|upkeep
|turn|13
|inactive|nidiedi has 120 seconds left.
|inactive|nidiedi has 90 seconds left.
|
|t:|1725458460
|switch|p1a: Landorus|Landorus-Therian, M|85/100
|-damage|p1a: Landorus|73/100|[from] Stealth Rock
|-ability|p1a: Landorus|Intimidate|boost
|-unboost|p2a: Gliscor|atk|1
|move|p2a: Gliscor|Earthquake|p1a: Landorus
|-immune|p1a: Landorus
|
|-weather|SunnyDay|[upkeep]
|upkeep
|turn|14
|inactive|nidiedi has 90 seconds left.
|
|t:|1725458472
|switch|p2a: Mienshao|Mienshao, M|100/100
|-damage|p2a: Mienshao|95/100|[from] Stealth Rock
|move|p1a: Landorus|Hidden Power|p2a: Mienshao
|-damage|p2a: Mienshao|58/100
|
|-weather|SunnyDay|[upkeep]
|upkeep
|turn|15
|inactive|nidiedi has 90 seconds left.
|
|t:|1725458494
|switch|p1a: Ninetales|Ninetales, M|100/100
|-damage|p1a: Ninetales|76/100|[from] Stealth Rock
|move|p2a: Mienshao|U-turn|p1a: Ninetales
|-resisted|p1a: Ninetales
|-damage|p1a: Ninetales|63/100
|-enditem|p1a: Ninetales|Eject Button
|
|t:|1725458510
|switch|p1a: Breloom|Breloom, M|100/100
|-damage|p1a: Breloom|94/100|[from] Stealth Rock
|
|-weather|SunnyDay|[upkeep]
|-status|p1a: Breloom|tox|[from] item: Toxic Orb
|upkeep
|turn|16
|
|t:|1725458517
|switch|p2a: Reuniclus|Reuniclus, F|100/100
|move|p1a: Breloom|Substitute|p1a: Breloom
|-start|p1a: Breloom|Substitute
|-damage|p1a: Breloom|69/100 tox
|
|-weather|SunnyDay|[upkeep]
|-heal|p1a: Breloom|82/100 tox|[from] ability: Poison Heal
|upkeep
|turn|17
|
|t:|1725458523
|move|p1a: Breloom|Seed Bomb|p2a: Reuniclus
|-damage|p2a: Reuniclus|66/100
|move|p2a: Reuniclus|Calm Mind|p2a: Reuniclus
|-boost|p2a: Reuniclus|spa|1
|-boost|p2a: Reuniclus|spd|1
|
|-weather|SunnyDay|[upkeep]
|-heal|p2a: Reuniclus|73/100|[from] item: Leftovers
|-heal|p1a: Breloom|94/100 tox|[from] ability: Poison Heal
|upkeep
|turn|18
|
|t:|1725458552
|switch|p1a: Heatran|Heatran, M|88/100
|-damage|p1a: Heatran|76/100|[from] Stealth Rock
|-item|p1a: Heatran|Air Balloon
|move|p2a: Reuniclus|Recover|p2a: Reuniclus
|-heal|p2a: Reuniclus|100/100
|
|-weather|SunnyDay|[upkeep]
|upkeep
|turn|19
|
|t:|1725458559
|switch|p2a: Latias|Latias, F|100/100
|-damage|p2a: Latias|88/100|[from] Stealth Rock
|move|p1a: Heatran|Fire Blast|p2a: Latias
|-resisted|p2a: Latias
|-damage|p2a: Latias|49/100
|
|-weather|SunnyDay|[upkeep]
|-heal|p2a: Latias|55/100|[from] item: Leftovers
|upkeep
|turn|20
|inactive|nidiedi has 60 seconds left.
|
|t:|1725458580
|switch|p1a: Excadrill|Excadrill, F|97/100
|-damage|p1a: Excadrill|94/100|[from] Stealth Rock
|-ability|p1a: Excadrill|Mold Breaker
|move|p2a: Latias|Roost|p2a: Latias
|-heal|p2a: Latias|100/100
|-singleturn|p2a: Latias|move: Roost
|
|-weather|SunnyDay|[upkeep]
|upkeep
|turn|21
|
|t:|1725458602
|switch|p2a: Gliscor|Gliscor, M|100/100 tox
|-damage|p2a: Gliscor|88/100 tox|[from] Stealth Rock
|move|p1a: Excadrill|Rapid Spin|p2a: Gliscor
|-damage|p2a: Gliscor|84/100 tox
|-sideend|p1: nidiedi|Stealth Rock|[from] move: Rapid Spin|[of] p1a: Excadrill
|
|-weather|SunnyDay|[upkeep]
|-heal|p2a: Gliscor|97/100 tox|[from] ability: Poison Heal
|upkeep
|turn|22
|inactive|nidiedi has 60 seconds left.
|inactive|nidiedi has 30 seconds left.
|
|t:|1725458650
|switch|p1a: Heatran|Heatran, M|76/100
|-item|p1a: Heatran|Air Balloon
|move|p2a: Gliscor|Stealth Rock|p1a: Heatran
|-sidestart|p1: nidiedi|move: Stealth Rock
|
|-weather|SunnyDay|[upkeep]
|-heal|p2a: Gliscor|100/100 tox|[from] ability: Poison Heal
|upkeep
|turn|23
|inactive|nidiedi has 30 seconds left.
|
|t:|1725458663
|move|p2a: Gliscor|Protect|p2a: Gliscor
|-singleturn|p2a: Gliscor|Protect
|move|p1a: Heatran|Hidden Power|p2a: Gliscor
|-activate|p2a: Gliscor|move: Protect
|
|-weather|SunnyDay|[upkeep]
|upkeep
|turn|24
|
|t:|1725458671
|switch|p2a: Latias|Latias, F|100/100
|-damage|p2a: Latias|88/100|[from] Stealth Rock
|move|p1a: Heatran|Hidden Power|p2a: Latias
|-supereffective|p2a: Latias
|-damage|p2a: Latias|46/100
|
|-weather|SunnyDay|[upkeep]
|-heal|p2a: Latias|52/100|[from] item: Leftovers
|upkeep
|turn|25
|inactive|nidiedi has 30 seconds left.
|
|t:|1725458691
|move|p2a: Latias|Roost|p2a: Latias
|-heal|p2a: Latias|100/100
|-singleturn|p2a: Latias|move: Roost
|move|p1a: Heatran|Hidden Power|p2a: Latias
|-supereffective|p2a: Latias
|-damage|p2a: Latias|59/100
|
|-weather|SunnyDay|[upkeep]
|-heal|p2a: Latias|65/100|[from] item: Leftovers
|upkeep
|turn|26
|inactive|nidiedi has 30 seconds left.
|
|t:|1725458705
|switch|p1a: Excadrill|Excadrill, F|94/100
|-damage|p1a: Excadrill|91/100|[from] Stealth Rock
|-ability|p1a: Excadrill|Mold Breaker
|move|p2a: Latias|Roost|p2a: Latias
|-heal|p2a: Latias|100/100
|-singleturn|p2a: Latias|move: Roost
|
|-weather|SunnyDay|[upkeep]
|upkeep
|turn|27
|inactive|nidiedi has 30 seconds left.
|inactive|nidiedi has 20 seconds left.
|inactive|nidiedi has 15 seconds left.
|inactive|Testo junkie has 120 seconds left.
|inactive|nidiedi has 10 seconds left.
|
|t:|1725458742
|switch|p2a: Gliscor|Gliscor, M|100/100 tox
|-damage|p2a: Gliscor|88/100 tox|[from] Stealth Rock
|switch|p1a: Latias|Latias, F|100/100
|-damage|p1a: Latias|88/100|[from] Stealth Rock
|
|-weather|SunnyDay|[upkeep]
|-heal|p1a: Latias|94/100|[from] item: Leftovers
|-heal|p2a: Gliscor|100/100 tox|[from] ability: Poison Heal
|upkeep
|turn|28
|inactive|nidiedi has 20 seconds left this turn.
|inactive|nidiedi has 15 seconds left.
|inactive|nidiedi has 10 seconds left.
|inactive|Testo junkie has 120 seconds left.
|
|t:|1725458753
|switch|p2a: Clefable|Clefable, F|94/100
|move|p1a: Latias|Ice Beam|p2a: Clefable
|-damage|p2a: Clefable|77/100
|
|-weather|SunnyDay|[upkeep]
|-heal|p1a: Latias|100/100|[from] item: Leftovers
|-heal|p2a: Clefable|83/100|[from] item: Leftovers
|upkeep
|turn|29
|inactive|nidiedi has 20 seconds left this turn.
|inactive|nidiedi has 15 seconds left.
|
|t:|1725458761
|switch|p1a: Breloom|Breloom, M|94/100 tox
|-damage|p1a: Breloom|88/100 tox|[from] Stealth Rock
|move|p2a: Clefable|Thunder Wave||[still]
|-fail|p2a: Clefable
|
|-weather|SunnyDay|[upkeep]
|-heal|p2a: Clefable|89/100|[from] item: Leftovers
|-heal|p1a: Breloom|100/100 tox|[from] ability: Poison Heal
|upkeep
|turn|30
|inactive|nidiedi has 25 seconds left this turn.
|inactive|nidiedi has 20 seconds left.
|inactive|nidiedi has 15 seconds left.
|
|t:|1725458772
|switch|p2a: Reuniclus|Reuniclus, F|100/100
|-singleturn|p1a: Breloom|move: Focus Punch
|move|p1a: Breloom|Focus Punch|p2a: Reuniclus
|-resisted|p2a: Reuniclus
|-damage|p2a: Reuniclus|70/100
|
|-weather|SunnyDay|[upkeep]
|-heal|p2a: Reuniclus|77/100|[from] item: Leftovers
|upkeep
|turn|31
|inactive|nidiedi has 25 seconds left this turn.
|inactive|nidiedi has 20 seconds left.
|
|t:|1725458782
|switch|p1a: Heatran|Heatran, M|76/100
|-damage|p1a: Heatran|64/100|[from] Stealth Rock
|-item|p1a: Heatran|Air Balloon
|move|p2a: Reuniclus|Recover|p2a: Reuniclus
|-heal|p2a: Reuniclus|100/100
|
|-weather|SunnyDay|[upkeep]
|upkeep
|turn|32
|inactive|nidiedi has 30 seconds left this turn.
|
|t:|1725458789
|switch|p2a: Latias|Latias, F|100/100
|-damage|p2a: Latias|88/100|[from] Stealth Rock
|move|p1a: Heatran|Fire Blast|p2a: Latias
|-resisted|p2a: Latias
|-damage|p2a: Latias|50/100
|-status|p2a: Latias|brn
|
|-weather|SunnyDay|[upkeep]
|-heal|p2a: Latias|56/100 brn|[from] item: Leftovers
|-damage|p2a: Latias|44/100 brn|[from] brn
|upkeep
|turn|33
|inactive|nidiedi has 30 seconds left.
|
|t:|1725458800
|move|p2a: Latias|Roost|p2a: Latias
|-heal|p2a: Latias|94/100 brn
|-singleturn|p2a: Latias|move: Roost
|move|p1a: Heatran|Flame Charge|p2a: Latias
|-resisted|p2a: Latias
|-damage|p2a: Latias|83/100 brn
|-boost|p1a: Heatran|spe|1
|
|-weather|SunnyDay|[upkeep]
|-heal|p2a: Latias|89/100 brn|[from] item: Leftovers
|-damage|p2a: Latias|77/100 brn|[from] brn
|upkeep
|turn|34
|inactive|nidiedi has 30 seconds left.
|
|t:|1725458809
|move|p1a: Heatran|Hidden Power|p2a: Latias
|-supereffective|p2a: Latias
|-damage|p2a: Latias|37/100 brn
|move|p2a: Latias|Roost|p2a: Latias
|-heal|p2a: Latias|87/100 brn
|-singleturn|p2a: Latias|move: Roost
|
|-weather|SunnyDay|[upkeep]
|-heal|p2a: Latias|93/100 brn|[from] item: Leftovers
|-damage|p2a: Latias|81/100 brn|[from] brn
|upkeep
|turn|35
|
|t:|1725458816
|move|p1a: Heatran|Hidden Power|p2a: Latias
|-supereffective|p2a: Latias
|-damage|p2a: Latias|40/100 brn
|move|p2a: Latias|Refresh|p2a: Latias
|-curestatus|p2a: Latias|brn|[msg]
|
|-weather|SunnyDay|[upkeep]
|-heal|p2a: Latias|46/100|[from] item: Leftovers
|upkeep
|turn|36
|
|t:|1725458830
|move|p1a: Heatran|Hidden Power|p2a: Latias
|-supereffective|p2a: Latias
|-damage|p2a: Latias|5/100
|move|p2a: Latias|Roost|p2a: Latias
|-heal|p2a: Latias|55/100
|-singleturn|p2a: Latias|move: Roost
|
|-weather|SunnyDay|[upkeep]
|-heal|p2a: Latias|61/100|[from] item: Leftovers
|upkeep
|turn|37
|
|t:|1725458837
|move|p1a: Heatran|Hidden Power|p2a: Latias
|-supereffective|p2a: Latias
|-crit|p2a: Latias
|-damage|p2a: Latias|0 fnt
|faint|p2a: Latias
|
|-weather|SunnyDay|[upkeep]
|upkeep
|c|☆Testo junkie|and here i thought it was a 6.25% crit, 10% burn and a 15% miss
|
|t:|1725458861
|switch|p2a: Mienshao|Mienshao, M|92/100
|-damage|p2a: Mienshao|86/100|[from] Stealth Rock
|turn|38
|
|t:|1725458869
|switch|p1a: Landorus|Landorus-Therian, M|73/100
|-damage|p1a: Landorus|60/100|[from] Stealth Rock
|-ability|p1a: Landorus|Intimidate|boost
|-unboost|p2a: Mienshao|atk|1
|move|p2a: Mienshao|High Jump Kick|p1a: Landorus
|-resisted|p1a: Landorus
|-damage|p1a: Landorus|38/100
|
|-weather|SunnyDay|[upkeep]
|upkeep
|turn|39
|
|t:|1725458882
|switch|p2a: Gliscor|Gliscor, M|100/100 tox
|-damage|p2a: Gliscor|88/100 tox|[from] Stealth Rock
|move|p1a: Landorus|U-turn|p2a: Gliscor
|-resisted|p2a: Gliscor
|-damage|p2a: Gliscor|80/100 tox
|
|t:|1725458900
|switch|p1a: Heatran|Heatran, M|64/100|[from] U-turn
|-damage|p1a: Heatran|51/100|[from] Stealth Rock
|-item|p1a: Heatran|Air Balloon
|
|-weather|SunnyDay|[upkeep]
|-heal|p2a: Gliscor|93/100 tox|[from] ability: Poison Heal
|upkeep
|turn|40
|
|t:|1725458906
|move|p2a: Gliscor|Protect|p2a: Gliscor
|-singleturn|p2a: Gliscor|Protect
|move|p1a: Heatran|Fire Blast|p2a: Gliscor
|-activate|p2a: Gliscor|move: Protect
|
|-weather|SunnyDay|[upkeep]
|-heal|p2a: Gliscor|100/100 tox|[from] ability: Poison Heal
|upkeep
|turn|41
|
|t:|1725458915
|move|p1a: Heatran|Fire Blast|p2a: Gliscor|[miss]
|-miss|p1a: Heatran|p2a: Gliscor
|move|p2a: Gliscor|Knock Off|p1a: Heatran
|-resisted|p1a: Heatran
|-damage|p1a: Heatran|49/100
|-enditem|p1a: Heatran|Air Balloon
|
|-weather|SunnyDay|[upkeep]
|upkeep
|turn|42
|
|t:|1725458922
|switch|p2a: Clefable|Clefable, F|89/100
|move|p1a: Heatran|Fire Blast|p2a: Clefable
|-damage|p2a: Clefable|23/100
|-status|p2a: Clefable|brn
|
|-weather|SunnyDay|[upkeep]
|-heal|p2a: Clefable|30/100 brn|[from] item: Leftovers
|upkeep
|turn|43
|inactive|nidiedi has 60 seconds left.
|
|t:|1725458934
|move|p1a: Heatran|Fire Blast|p2a: Clefable
|-damage|p2a: Clefable|0 fnt
|faint|p2a: Clefable
|
|-weather|SunnyDay|[upkeep]
|upkeep
|
|t:|1725458936
|switch|p2a: Mienshao|Mienshao, M|100/100
|-damage|p2a: Mienshao|95/100|[from] Stealth Rock
|turn|44
|inactive|nidiedi has 60 seconds left.
|
|t:|1725458952
|switch|p1a: Ninetales|Ninetales, M|63/100
|-damage|p1a: Ninetales|38/100|[from] Stealth Rock
|move|p2a: Mienshao|High Jump Kick|p1a: Ninetales
|-damage|p1a: Ninetales|0 fnt
|faint|p1a: Ninetales
|
|-weather|SunnyDay|[upkeep]
|upkeep
|
|t:|1725458972
|switch|p1a: Latias|Latias, F|100/100
|-damage|p1a: Latias|88/100|[from] Stealth Rock
|turn|45
|
|t:|1725458989
|switch|p2a: Skarmory|Skarmory, F|100/100
|-damage|p2a: Skarmory|88/100|[from] Stealth Rock
|switch|p1a: Heatran|Heatran, M|49/100
|-damage|p1a: Heatran|36/100|[from] Stealth Rock
|
|-weather|SunnyDay|[upkeep]
|-heal|p2a: Skarmory|94/100|[from] item: Leftovers
|upkeep
|turn|46
|
|t:|1725458999
|switch|p2a: Reuniclus|Reuniclus, F|100/100
|move|p1a: Heatran|Fire Blast|p2a: Reuniclus
|-damage|p2a: Reuniclus|2/100
|
|-weather|SunnyDay|[upkeep]
|-heal|p2a: Reuniclus|8/100|[from] item: Leftovers
|upkeep
|turn|47
|
|t:|1725459008
|switch|p2a: Mienshao|Mienshao, M|100/100
|-damage|p2a: Mienshao|95/100|[from] Stealth Rock
|move|p1a: Heatran|Flame Charge|p2a: Mienshao
|-damage|p2a: Mienshao|56/100
|-boost|p1a: Heatran|spe|1
|
|-weather|SunnyDay|[upkeep]
|upkeep
|turn|48
|
|t:|1725459033
|switch|p1a: Landorus|Landorus-Therian, M|38/100
|-damage|p1a: Landorus|26/100|[from] Stealth Rock
|-ability|p1a: Landorus|Intimidate|boost
|-unboost|p2a: Mienshao|atk|1
|move|p2a: Mienshao|High Jump Kick|p1a: Landorus
|-resisted|p1a: Landorus
|-damage|p1a: Landorus|3/100
|
|-weather|SunnyDay|[upkeep]
|upkeep
|turn|49
|inactive|nidiedi has 30 seconds left.
|
|t:|1725459055
|move|p2a: Mienshao|High Jump Kick|p1a: Landorus
|-resisted|p1a: Landorus
|-damage|p1a: Landorus|0 fnt
|faint|p1a: Landorus
|
|-weather|SunnyDay|[upkeep]
|upkeep
|inactive|nidiedi has 30 seconds left this turn.
|
|t:|1725459063
|switch|p1a: Latias|Latias, F|88/100
|-damage|p1a: Latias|76/100|[from] Stealth Rock
|turn|50
|inactive|nidiedi has 30 seconds left.
|
|t:|1725459074
|switch|p2a: Skarmory|Skarmory, F|94/100
|-damage|p2a: Skarmory|82/100|[from] Stealth Rock
|move|p1a: Latias|Psychic|p2a: Skarmory
|-resisted|p2a: Skarmory
|-damage|p2a: Skarmory|62/100
|
|-weather|SunnyDay|[upkeep]
|-heal|p1a: Latias|82/100|[from] item: Leftovers
|-heal|p2a: Skarmory|68/100|[from] item: Leftovers
|upkeep
|turn|51
|inactive|nidiedi has 30 seconds left.
|
|t:|1725459083
|move|p1a: Latias|Hidden Power|p2a: Skarmory
|-supereffective|p2a: Skarmory
|-damage|p2a: Skarmory|12/100
|move|p2a: Skarmory|Roost|p2a: Skarmory
|-heal|p2a: Skarmory|62/100
|-singleturn|p2a: Skarmory|move: Roost
|
|-weather|SunnyDay|[upkeep]
|-heal|p1a: Latias|88/100|[from] item: Leftovers
|-heal|p2a: Skarmory|68/100|[from] item: Leftovers
|upkeep
|turn|52
|inactive|nidiedi has 30 seconds left.
|
|t:|1725459095
|switch|p2a: Mienshao|Mienshao, M|89/100
|-damage|p2a: Mienshao|83/100|[from] Stealth Rock
|move|p1a: Latias|Hidden Power|p2a: Mienshao
|-damage|p2a: Mienshao|13/100
|
|-weather|SunnyDay|[upkeep]
|-heal|p1a: Latias|94/100|[from] item: Leftovers
|upkeep
|turn|53
|inactive|nidiedi has 30 seconds left.
|
|t:|1725459108
|switch|p1a: Heatran|Heatran, M|36/100
|-damage|p1a: Heatran|24/100|[from] Stealth Rock
|move|p2a: Mienshao|U-turn|p1a: Heatran
|-resisted|p1a: Heatran
|-damage|p1a: Heatran|18/100
|
|t:|1725459114
|switch|p2a: Reuniclus|Reuniclus, F|8/100|[from] U-turn
|
|-weather|SunnyDay|[upkeep]
|-heal|p2a: Reuniclus|14/100|[from] item: Leftovers
|upkeep
|turn|54
|inactive|nidiedi has 30 seconds left.
|
|t:|1725459136
|switch|p2a: Gliscor|Gliscor, M|100/100 tox
|-damage|p2a: Gliscor|88/100 tox|[from] Stealth Rock
|move|p1a: Heatran|Hidden Power|p2a: Gliscor
|-supereffective|p2a: Gliscor
|-damage|p2a: Gliscor|0 fnt
|faint|p2a: Gliscor
|
|-weather|SunnyDay|[upkeep]
|upkeep
|inactive|nidiedi has 30 seconds left this turn.
|
|t:|1725459138
|switch|p2a: Skarmory|Skarmory, F|68/100
|-damage|p2a: Skarmory|56/100|[from] Stealth Rock
|turn|55
|inactive|nidiedi has 30 seconds left.
|
|t:|1725459154
|move|p1a: Heatran|Flame Charge|p2a: Skarmory
|-supereffective|p2a: Skarmory
|-damage|p2a: Skarmory|23/100
|-boost|p1a: Heatran|spe|1
|move|p2a: Skarmory|Roost|p2a: Skarmory
|-heal|p2a: Skarmory|73/100
|-singleturn|p2a: Skarmory|move: Roost
|
|-weather|SunnyDay|[upkeep]
|-heal|p2a: Skarmory|79/100|[from] item: Leftovers
|upkeep
|turn|56
|inactive|nidiedi has 30 seconds left.
|inactive|nidiedi has 20 seconds left.
|inactive|nidiedi has 15 seconds left.
|
|t:|1725459176
|switch|p1a: Excadrill|Excadrill, F|91/100
|-damage|p1a: Excadrill|88/100|[from] Stealth Rock
|-ability|p1a: Excadrill|Mold Breaker
|move|p2a: Skarmory|Roost|p2a: Skarmory
|-heal|p2a: Skarmory|100/100
|-singleturn|p2a: Skarmory|move: Roost
|
|-weather|SunnyDay|[upkeep]
|upkeep
|turn|57
|inactive|nidiedi has 25 seconds left this turn.
|inactive|nidiedi has 20 seconds left.
|inactive|nidiedi has 15 seconds left.
|
|t:|1725459188
|move|p1a: Excadrill|Rapid Spin|p2a: Skarmory
|-resisted|p2a: Skarmory
|-damage|p2a: Skarmory|98/100
|-sideend|p1: nidiedi|Stealth Rock|[from] move: Rapid Spin|[of] p1a: Excadrill
|move|p2a: Skarmory|Brave Bird|p1a: Excadrill
|-resisted|p1a: Excadrill
|-damage|p1a: Excadrill|66/100
|-damage|p2a: Skarmory|90/100|[from] Recoil
|
|-weather|SunnyDay|[upkeep]
|-heal|p2a: Skarmory|96/100|[from] item: Leftovers
|upkeep
|turn|58
|inactive|nidiedi has 25 seconds left this turn.
|inactive|nidiedi has 20 seconds left.
|inactive|nidiedi has 15 seconds left.
|inactive|nidiedi has 10 seconds left.
|inactive|nidiedi has 5 seconds left.
|
|t:|1725459209
|move|p1a: Excadrill|Rapid Spin|p2a: Skarmory
|-resisted|p2a: Skarmory
|-damage|p2a: Skarmory|93/100
|move|p2a: Skarmory|Brave Bird|p1a: Excadrill
|-resisted|p1a: Excadrill
|-damage|p1a: Excadrill|43/100
|-damage|p2a: Skarmory|84/100|[from] Recoil
|
|-weather|SunnyDay|[upkeep]
|-heal|p2a: Skarmory|90/100|[from] item: Leftovers
|upkeep
|turn|59
|inactive|nidiedi has 15 seconds left this turn.
|inactive|nidiedi has 10 seconds left.
|
|t:|1725459219
|move|p1a: Excadrill|Rapid Spin|p2a: Skarmory
|-resisted|p2a: Skarmory
|-crit|p2a: Skarmory
|-damage|p2a: Skarmory|85/100
|move|p2a: Skarmory|Brave Bird|p1a: Excadrill
|-resisted|p1a: Excadrill
|-damage|p1a: Excadrill|20/100
|-damage|p2a: Skarmory|76/100|[from] Recoil
|
|-weather|SunnyDay|[upkeep]
|-heal|p2a: Skarmory|82/100|[from] item: Leftovers
|upkeep
|turn|60
|inactive|nidiedi has 20 seconds left this turn.
|inactive|nidiedi has 15 seconds left.
|inactive|nidiedi has 10 seconds left.
|
|t:|1725459230
|move|p1a: Excadrill|Rapid Spin|p2a: Skarmory
|-resisted|p2a: Skarmory
|-damage|p2a: Skarmory|80/100
|move|p2a: Skarmory|Roost|p2a: Skarmory
|-heal|p2a: Skarmory|100/100
|-singleturn|p2a: Skarmory|move: Roost
|
|-weather|SunnyDay|[upkeep]
|upkeep
|turn|61
|inactive|nidiedi has 20 seconds left this turn.
|inactive|nidiedi has 15 seconds left.
|
|t:|1725459238
|move|p1a: Excadrill|Rapid Spin|p2a: Skarmory
|-resisted|p2a: Skarmory
|-damage|p2a: Skarmory|98/100
|move|p2a: Skarmory|Spikes|p1a: Excadrill
|-sidestart|p1: nidiedi|Spikes
|
|-weather|SunnyDay|[upkeep]
|-heal|p2a: Skarmory|100/100|[from] item: Leftovers
|upkeep
|turn|62
|inactive|nidiedi has 25 seconds left this turn.
|inactive|nidiedi has 20 seconds left.
|
|t:|1725459245
|move|p1a: Excadrill|Rapid Spin|p2a: Skarmory
|-resisted|p2a: Skarmory
|-damage|p2a: Skarmory|98/100
|-sideend|p1: nidiedi|Spikes|[from] move: Rapid Spin|[of] p1a: Excadrill
|move|p2a: Skarmory|Spikes|p1a: Excadrill
|-sidestart|p1: nidiedi|Spikes
|
|-weather|SunnyDay|[upkeep]
|-heal|p2a: Skarmory|100/100|[from] item: Leftovers
|upkeep
|turn|63
|inactive|nidiedi has 30 seconds left this turn.
|
|t:|1725459269
|switch|p2a: Reuniclus|Reuniclus, F|14/100
|move|p1a: Excadrill|Rapid Spin|p2a: Reuniclus
|-damage|p2a: Reuniclus|10/100
|-sideend|p1: nidiedi|Spikes|[from] move: Rapid Spin|[of] p1a: Excadrill
|
|-weather|SunnyDay|[upkeep]
|-heal|p2a: Reuniclus|16/100|[from] item: Leftovers
|upkeep
|turn|64
|inactive|nidiedi has 30 seconds left.
|
|t:|1725459276
|switch|p2a: Skarmory|Skarmory, F|100/100
|-damage|p2a: Skarmory|88/100|[from] Stealth Rock
|move|p1a: Excadrill|Earthquake|p2a: Skarmory
|-immune|p2a: Skarmory
|
|-weather|SunnyDay|[upkeep]
|-heal|p2a: Skarmory|94/100|[from] item: Leftovers
|upkeep
|turn|65
|
|t:|1725459285
|switch|p1a: Latias|Latias, F|94/100
|move|p2a: Skarmory|Spikes|p1a: Latias
|-sidestart|p1: nidiedi|Spikes
|
|-weather|SunnyDay|[upkeep]
|-heal|p1a: Latias|100/100|[from] item: Leftovers
|-heal|p2a: Skarmory|99/100|[from] item: Leftovers
|upkeep
|turn|66
|
|t:|1725459295
|move|p1a: Latias|Thunderbolt|p2a: Skarmory
|-supereffective|p2a: Skarmory
|-damage|p2a: Skarmory|48/100
|move|p2a: Skarmory|Whirlwind|p1a: Latias
|drag|p1a: Excadrill|Excadrill, F|20/100
|-damage|p1a: Excadrill|8/100|[from] Spikes
|-ability|p1a: Excadrill|Mold Breaker
|
|-weather|SunnyDay|[upkeep]
|-heal|p2a: Skarmory|54/100|[from] item: Leftovers
|upkeep
|turn|67
|
|t:|1725459306
|switch|p1a: Latias|Latias, F|100/100
|move|p2a: Skarmory|Roost|p2a: Skarmory
|-heal|p2a: Skarmory|100/100
|-singleturn|p2a: Skarmory|move: Roost
|
|-weather|SunnyDay|[upkeep]
|upkeep
|turn|68
|
|t:|1725459316
|move|p1a: Latias|Thunderbolt|p2a: Skarmory
|-supereffective|p2a: Skarmory
|-crit|p2a: Skarmory
|-damage|p2a: Skarmory|4/100
|move|p2a: Skarmory|Whirlwind|p1a: Latias
|drag|p1a: Heatran|Heatran, M|18/100
|-damage|p1a: Heatran|6/100|[from] Spikes
|
|-weather|SunnyDay|[upkeep]
|-heal|p2a: Skarmory|10/100|[from] item: Leftovers
|upkeep
|turn|69
|
|t:|1725459335
|move|p1a: Heatran|Flame Charge|p2a: Skarmory
|-supereffective|p2a: Skarmory
|-damage|p2a: Skarmory|0 fnt
|-boost|p1a: Heatran|spe|1
|faint|p2a: Skarmory
|
|-weather|SunnyDay|[upkeep]
|upkeep
|
|t:|1725459338
|switch|p2a: Mienshao|Mienshao, M|47/100
|-damage|p2a: Mienshao|41/100|[from] Stealth Rock
|turn|70
|
|t:|1725459345
|move|p2a: Mienshao|High Jump Kick|p1a: Heatran
|-supereffective|p1a: Heatran
|-damage|p1a: Heatran|0 fnt
|faint|p1a: Heatran
|
|-weather|SunnyDay|[upkeep]
|upkeep
|
|t:|1725459360
|switch|p1a: Latias|Latias, F|100/100
|turn|71
|
|t:|1725459373
|move|p2a: Mienshao|High Jump Kick|p1a: Latias
|-resisted|p1a: Latias
|-damage|p1a: Latias|60/100
|move|p1a: Latias|Psychic|p2a: Mienshao
|-supereffective|p2a: Mienshao
|-damage|p2a: Mienshao|0 fnt
|faint|p2a: Mienshao
|
|-weather|SunnyDay|[upkeep]
|-heal|p1a: Latias|66/100|[from] item: Leftovers
|upkeep
|
|t:|1725459376
|switch|p2a: Reuniclus|Reuniclus, F|16/100
|turn|72
|inactive|nidiedi has 60 seconds left.
|
|t:|1725459384
|move|p1a: Latias|Hidden Power|p2a: Reuniclus
|-damage|p2a: Reuniclus|0 fnt
|faint|p2a: Reuniclus
|
|win|nidiedi
|raw|nidiedi's rating: 1439 &rarr; <strong>1465</strong><br />(+26 for winning)
|raw|Testo junkie's rating: 1555 &rarr; <strong>1529</strong><br />(-26 for losing)
|l|☆Testo junkie
|player|p2|
