|j|☆1995 idm room
|j|‽True ladder noob
|player|p1|1995 idm room|acetrainerf-gen2|1452
|player|p2|True ladder noob|lucas|1265
|teamsize|p1|6
|teamsize|p2|6
|gametype|singles
|gen|5
|tier|[Gen 5] OU
|rated|
|clearpoke
|poke|p1|Tyranitar, M|item
|poke|p1|Excadrill, M|item
|poke|p1|Tangrowth, M|item
|poke|p1|Magnezone|item
|poke|p1|Salamence, M|item
|poke|p1|Gastrodon, F|item
|poke|p2|Reuniclus, F|item
|poke|p2|Abomasnow, M|item
|poke|p2|Scizor, M|item
|poke|p2|Tentacruel, M|item
|poke|p2|Kyurem-Black|item
|poke|p2|Landorus-Therian, M|item
|rule|Species Clause: Limit one of each Pokémon
|rule|OHKO Clause: OHKO moves are banned
|rule|Moody Clause: Moody is banned
|rule|Evasion Moves Clause: Evasion moves are banned
|rule|Endless Battle Clause: Forcing endless battles is banned
|rule|HP Percentage Mod: HP is shown in percentages
|rule|Evasion Abilities Clause: Evasion abilities are banned
|rule|Baton Pass Clause: Limit one Baton Passer, can't pass Spe and other stats simultaneously
|rule|Sleep Clause: Sleep-inducing moves are banned
|rule|Swagger Clause: Swagger is banned
|teampreview
|inactive|Battle timer is ON: inactive players will automatically lose when time's up. (requested by True ladder noob)
|c|☆1995 idm room|i like ur team
|
|start
|switch|p1a: Magnezone|Magnezone, shiny|100/100
|switch|p2a: Kyurem|Kyurem-Black|100/100
|-ability|p2a: Kyurem|Teravolt
|turn|1
|
|move|p2a: Kyurem|Earth Power|p1a: Magnezone
|-supereffective|p1a: Magnezone
|-damage|p1a: Magnezone|0 fnt
|faint|p1a: Magnezone
|
|upkeep
|
|switch|p1a: Tyranitar|Tyranitar, M|100/100
|-weather|Sandstorm|[from] ability: Sand Stream|[of] p1a: Tyranitar
|turn|2
|
|switch|p2a: Landorus|Landorus-Therian, M|100/100
|-ability|p2a: Landorus|Intimidate|boost
|-unboost|p1a: Tyranitar|atk|1
|move|p1a: Tyranitar|Stealth Rock|p2a: Landorus
|-sidestart|p2: True ladder noob|move: Stealth Rock
|
|-weather|Sandstorm|[upkeep]
|upkeep
|turn|3
|
|switch|p1a: Salamence|Salamence, M|100/100
|-ability|p1a: Salamence|Intimidate|boost
|-unboost|p2a: Landorus|atk|1
|move|p2a: Landorus|Stealth Rock|p1a: Salamence
|-sidestart|p1: 1995 idm room|move: Stealth Rock
|
|-weather|Sandstorm|[upkeep]
|-damage|p1a: Salamence|94/100|[from] Sandstorm
|upkeep
|turn|4
|
|switch|p2a: Scizor|Scizor, M|100/100
|-damage|p2a: Scizor|88/100|[from] Stealth Rock
|move|p1a: Salamence|Draco Meteor|p2a: Scizor
|-resisted|p2a: Scizor
|-damage|p2a: Scizor|37/100
|-unboost|p1a: Salamence|spa|2
|-damage|p1a: Salamence|84/100|[from] item: Life Orb
|
|-weather|Sandstorm|[upkeep]
|-damage|p1a: Salamence|78/100|[from] Sandstorm
|upkeep
|turn|5
|
|move|p2a: Scizor|Bullet Punch|p1a: Salamence
|-damage|p1a: Salamence|17/100
|move|p1a: Salamence|Earthquake|p2a: Scizor
|-crit|p2a: Scizor
|-damage|p2a: Scizor|0 fnt
|-damage|p1a: Salamence|7/100|[from] item: Life Orb
|faint|p2a: Scizor
|
|-weather|Sandstorm|[upkeep]
|-damage|p1a: Salamence|1/100|[from] Sandstorm
|upkeep
|
|switch|p2a: Tentacruel|Tentacruel, M|100/100
|-damage|p2a: Tentacruel|88/100|[from] Stealth Rock
|turn|6
|
|move|p2a: Tentacruel|Protect|p2a: Tentacruel
|-singleturn|p2a: Tentacruel|Protect
|move|p1a: Salamence|Roost|p1a: Salamence
|-heal|p1a: Salamence|51/100
|-singleturn|p1a: Salamence|move: Roost
|
|-weather|Sandstorm|[upkeep]
|-damage|p1a: Salamence|45/100|[from] Sandstorm
|-damage|p2a: Tentacruel|82/100|[from] Sandstorm
|-heal|p2a: Tentacruel|88/100|[from] item: Black Sludge
|upkeep
|turn|7
|
|move|p1a: Salamence|Earthquake|p2a: Tentacruel
|-supereffective|p2a: Tentacruel
|-damage|p2a: Tentacruel|1/100
|-damage|p1a: Salamence|35/100|[from] item: Life Orb
|move|p2a: Tentacruel|Toxic Spikes|p1a: Salamence
|-sidestart|p1: 1995 idm room|move: Toxic Spikes
|
|-weather|Sandstorm|[upkeep]
|-damage|p1a: Salamence|29/100|[from] Sandstorm
|-damage|p2a: Tentacruel|0 fnt|[from] Sandstorm
|faint|p2a: Tentacruel
|upkeep
|
|switch|p2a: Abomasnow|Abomasnow, M|100/100
|-damage|p2a: Abomasnow|75/100|[from] Stealth Rock
|-weather|Hail|[from] ability: Snow Warning|[of] p2a: Abomasnow
|turn|8
|
|switch|p1a: Tyranitar|Tyranitar, M|100/100
|-damage|p1a: Tyranitar|88/100|[from] Stealth Rock
|-status|p1a: Tyranitar|psn
|-weather|Sandstorm|[from] ability: Sand Stream|[of] p1a: Tyranitar
|move|p2a: Abomasnow|Ice Shard|p1a: Tyranitar
|-damage|p1a: Tyranitar|77/100 psn
|
|-weather|Sandstorm|[upkeep]
|-damage|p2a: Abomasnow|69/100|[from] Sandstorm
|-heal|p2a: Abomasnow|75/100|[from] item: Leftovers
|-damage|p1a: Tyranitar|65/100 psn|[from] psn
|upkeep
|turn|9
|
|switch|p1a: Tangrowth|Tangrowth, M|100/100
|-status|p1a: Tangrowth|psn
|-damage|p1a: Tangrowth|88/100 psn|[from] Stealth Rock
|move|p2a: Abomasnow|Protect||[still]
|-fail|p2a: Abomasnow
|
|-weather|Sandstorm|[upkeep]
|-damage|p2a: Abomasnow|69/100|[from] Sandstorm
|-damage|p1a: Tangrowth|82/100 psn|[from] Sandstorm
|-heal|p2a: Abomasnow|75/100|[from] item: Leftovers
|-damage|p1a: Tangrowth|70/100 psn|[from] psn
|upkeep
|turn|10
|
|switch|p2a: Kyurem|Kyurem-Black|100/100
|-damage|p2a: Kyurem|75/100|[from] Stealth Rock
|-ability|p2a: Kyurem|Teravolt
|switch|p1a: Excadrill|Excadrill, M|100/100
|-damage|p1a: Excadrill|97/100|[from] Stealth Rock
|
|-weather|Sandstorm|[upkeep]
|-damage|p2a: Kyurem|69/100|[from] Sandstorm
|-heal|p2a: Kyurem|75/100|[from] item: Leftovers
|upkeep
|turn|11
|
|switch|p2a: Landorus|Landorus-Therian, M|100/100
|-damage|p2a: Landorus|88/100|[from] Stealth Rock
|-ability|p2a: Landorus|Intimidate|boost
|-unboost|p1a: Excadrill|atk|1
|move|p1a: Excadrill|Iron Head|p2a: Landorus
|-damage|p2a: Landorus|60/100
|-damage|p1a: Excadrill|81/100|[from] item: Rocky Helmet|[of] p2a: Landorus
|
|-weather|Sandstorm|[upkeep]
|upkeep
|turn|12
|
|switch|p1a: Tangrowth|Tangrowth, M|100/100 psn
|-damage|p1a: Tangrowth|88/100 psn|[from] Stealth Rock
|move|p2a: Landorus|U-turn|p1a: Tangrowth
|-supereffective|p1a: Tangrowth
|-damage|p1a: Tangrowth|63/100 psn
|-damage|p2a: Landorus|43/100|[from] item: Rocky Helmet|[of] p1a: Tangrowth
|
|switch|p2a: Kyurem|Kyurem-Black|75/100|[from]move: U-turn
|-damage|p2a: Kyurem|50/100|[from] Stealth Rock
|-ability|p2a: Kyurem|Teravolt
|
|-weather|Sandstorm|[upkeep]
|-damage|p2a: Kyurem|44/100|[from] Sandstorm
|-damage|p1a: Tangrowth|57/100 psn|[from] Sandstorm
|-heal|p2a: Kyurem|50/100|[from] item: Leftovers
|-damage|p1a: Tangrowth|44/100 psn|[from] psn
|upkeep
|turn|13
|
|move|p2a: Kyurem|Substitute|p2a: Kyurem
|-start|p2a: Kyurem|Substitute
|-damage|p2a: Kyurem|25/100
|move|p1a: Tangrowth|Stun Spore||[still]
|-fail|p1a: Tangrowth
|
|-weather|Sandstorm|[upkeep]
|-damage|p2a: Kyurem|19/100|[from] Sandstorm
|-damage|p1a: Tangrowth|38/100 psn|[from] Sandstorm
|-heal|p2a: Kyurem|25/100|[from] item: Leftovers
|-damage|p1a: Tangrowth|26/100 psn|[from] psn
|upkeep
|turn|14
|
|switch|p1a: Tyranitar|Tyranitar, M|65/100 psn
|-damage|p1a: Tyranitar|52/100 psn|[from] Stealth Rock
|move|p2a: Kyurem|Ice Beam|p1a: Tyranitar
|-damage|p1a: Tyranitar|29/100 psn
|-enditem|p1a: Tyranitar|Sitrus Berry|[eat]
|-heal|p1a: Tyranitar|54/100 psn|[from] item: Sitrus Berry
|
|-weather|Sandstorm|[upkeep]
|-damage|p2a: Kyurem|19/100|[from] Sandstorm
|-heal|p2a: Kyurem|25/100|[from] item: Leftovers
|-damage|p1a: Tyranitar|42/100 psn|[from] psn
|upkeep
|turn|15
|
|move|p2a: Kyurem|Fusion Bolt|p1a: Tyranitar
|-damage|p1a: Tyranitar|7/100 psn
|move|p1a: Tyranitar|Crunch|p2a: Kyurem
|-end|p2a: Kyurem|Substitute
|
|-weather|Sandstorm|[upkeep]
|-damage|p2a: Kyurem|19/100|[from] Sandstorm
|-heal|p2a: Kyurem|25/100|[from] item: Leftovers
|-damage|p1a: Tyranitar|0 fnt|[from] psn
|faint|p1a: Tyranitar
|upkeep
|
|switch|p1a: Excadrill|Excadrill, M|81/100
|-damage|p1a: Excadrill|78/100|[from] Stealth Rock
|turn|16
|
|move|p1a: Excadrill|Iron Head|p2a: Kyurem
|-supereffective|p2a: Kyurem
|-damage|p2a: Kyurem|0 fnt
|faint|p2a: Kyurem
|
|-weather|Sandstorm|[upkeep]
|upkeep
|
|switch|p2a: Landorus|Landorus-Therian, M|43/100
|-damage|p2a: Landorus|31/100|[from] Stealth Rock
|-ability|p2a: Landorus|Intimidate|boost
|-unboost|p1a: Excadrill|atk|1
|turn|17
|
|switch|p1a: Tangrowth|Tangrowth, M|59/100 psn
|-damage|p1a: Tangrowth|47/100 psn|[from] Stealth Rock
|move|p2a: Landorus|Earthquake|p1a: Tangrowth
|-resisted|p1a: Tangrowth
|-damage|p1a: Tangrowth|34/100 psn
|
|-weather|Sandstorm|[upkeep]
|-damage|p1a: Tangrowth|28/100 psn|[from] Sandstorm
|-damage|p1a: Tangrowth|15/100 psn|[from] psn
|upkeep
|turn|18
|
|move|p2a: Landorus|Hidden Power|p1a: Tangrowth
|-supereffective|p1a: Tangrowth
|-damage|p1a: Tangrowth|0 fnt
|faint|p1a: Tangrowth
|
|-weather|Sandstorm|[upkeep]
|upkeep
|
|switch|p1a: Gastrodon|Gastrodon, F, shiny|100/100
|-status|p1a: Gastrodon|psn
|-damage|p1a: Gastrodon|94/100 psn|[from] Stealth Rock
|turn|19
|
|switch|p2a: Abomasnow|Abomasnow, M|75/100
|-damage|p2a: Abomasnow|50/100|[from] Stealth Rock
|-weather|Hail|[from] ability: Snow Warning|[of] p2a: Abomasnow
|move|p1a: Gastrodon|Scald|p2a: Abomasnow
|-resisted|p2a: Abomasnow
|-damage|p2a: Abomasnow|40/100
|
|-weather|Hail|[upkeep]
|-damage|p1a: Gastrodon|88/100 psn|[from] Hail
|-heal|p2a: Abomasnow|47/100|[from] item: Leftovers
|-heal|p1a: Gastrodon|94/100 psn|[from] item: Leftovers
|-damage|p1a: Gastrodon|82/100 psn|[from] psn
|upkeep
|turn|20
|
|move|p2a: Abomasnow|Leech Seed|p1a: Gastrodon
|-start|p1a: Gastrodon|move: Leech Seed
|move|p1a: Gastrodon|Toxic|p2a: Abomasnow
|-status|p2a: Abomasnow|tox
|
|-weather|Hail|[upkeep]
|-damage|p1a: Gastrodon|76/100 psn|[from] Hail
|-heal|p2a: Abomasnow|53/100 tox|[from] item: Leftovers
|-heal|p1a: Gastrodon|82/100 psn|[from] item: Leftovers
|-damage|p1a: Gastrodon|70/100 psn|[from] Leech Seed|[of] p2a: Abomasnow
|-heal|p2a: Abomasnow|67/100 tox|[silent]
|-damage|p2a: Abomasnow|60/100 tox|[from] psn
|-damage|p1a: Gastrodon|57/100 psn|[from] psn
|upkeep
|turn|21
|
|move|p2a: Abomasnow|Ice Shard|p1a: Gastrodon
|-damage|p1a: Gastrodon|48/100 psn
|move|p1a: Gastrodon|Scald|p2a: Abomasnow
|-resisted|p2a: Abomasnow
|-damage|p2a: Abomasnow|50/100 tox
|
|-weather|Hail|[upkeep]
|-damage|p1a: Gastrodon|42/100 psn|[from] Hail
|-heal|p2a: Abomasnow|57/100 tox|[from] item: Leftovers
|-heal|p1a: Gastrodon|48/100 psn|[from] item: Leftovers
|-damage|p1a: Gastrodon|36/100 psn|[from] Leech Seed|[of] p2a: Abomasnow
|-heal|p2a: Abomasnow|71/100 tox|[silent]
|-damage|p2a: Abomasnow|58/100 tox|[from] psn
|-damage|p1a: Gastrodon|24/100 psn|[from] psn
|upkeep
|turn|22
|
|switch|p2a: Reuniclus|Reuniclus, F|100/100
|move|p1a: Gastrodon|Recover|p1a: Gastrodon
|-heal|p1a: Gastrodon|74/100 psn
|
|-weather|Hail|[upkeep]
|-damage|p1a: Gastrodon|67/100 psn|[from] Hail
|-heal|p1a: Gastrodon|74/100 psn|[from] item: Leftovers
|-damage|p1a: Gastrodon|61/100 psn|[from] Leech Seed|[of] p2a: Reuniclus
|-damage|p1a: Gastrodon|49/100 psn|[from] psn
|upkeep
|turn|23
|
|switch|p1a: Excadrill|Excadrill, M|78/100
|-damage|p1a: Excadrill|75/100|[from] Stealth Rock
|move|p2a: Reuniclus|Focus Blast|p1a: Excadrill
|-supereffective|p1a: Excadrill
|-damage|p1a: Excadrill|0 fnt
|faint|p1a: Excadrill
|
|-weather|Hail|[upkeep]
|upkeep
|
|switch|p1a: Salamence|Salamence, M|29/100
|-damage|p1a: Salamence|4/100|[from] Stealth Rock
|-ability|p1a: Salamence|Intimidate|boost
|-unboost|p2a: Reuniclus|atk|1
|turn|24
|
|move|p1a: Salamence|Outrage|p2a: Reuniclus
|-damage|p2a: Reuniclus|55/100
|-damage|p1a: Salamence|0 fnt|[from] item: Life Orb
|faint|p1a: Salamence
|move|p2a: Reuniclus|Psyshock|p1: Salamence|[notarget]
|-fail|p2a: Reuniclus
|
|-weather|Hail|[upkeep]
|-heal|p2a: Reuniclus|61/100|[from] item: Leftovers
|upkeep
|
|switch|p1a: Gastrodon|Gastrodon, F, shiny|49/100 psn
|-damage|p1a: Gastrodon|43/100 psn|[from] Stealth Rock
|turn|25
|-message|1995 idm room forfeited.
|
|win|True ladder noob
|l|☆1995 idm room
|raw|1995 idm room's rating: 1452 &rarr; <strong>1422</strong><br />(-30 for losing)
|raw|True ladder noob's rating: 1274 &rarr; <strong>1311</strong><br />(+37 for winning)
