|j|☆killapokeman
|j|☆Croaset
|t:|1708464352
|gametype|singles
|player|p1|killapokeman|hoopster|1341
|player|p2|Croaset|elesa|1367
|teamsize|p1|6
|teamsize|p2|6
|gen|5
|tier|[Gen 5] OU
|rated|
|rule|Species Clause: Limit one of each Pokémon
|rule|OHKO Clause: OHKO moves are banned
|rule|Moody Clause: Moody is banned
|rule|Evasion Items Clause: Evasion items are banned
|rule|Evasion Moves Clause: Evasion moves are banned
|rule|Endless Battle Clause: Forcing endless battles is banned
|rule|HP Percentage Mod: HP is shown in percentages
|rule|Evasion Abilities Clause: Evasion abilities are banned
|rule|Sleep Moves Clause: Sleep-inducing moves are banned
|rule|Swagger Clause: Swagger is banned
|rule|Baton Pass Stat Clause: No Baton Passer may have a way to boost its stats
|clearpoke
|poke|p1|Politoed, M|item
|poke|p1|Sharpedo, F|item
|poke|p1|Conkeldurr, F|item
|poke|p1|Tyranitar, M|item
|poke|p1|Ferrothorn, M|item
|poke|p1|Landorus-Therian, M|item
|poke|p2|Politoed, F|item
|poke|p2|Tentacruel, F|item
|poke|p2|Ferrothorn, F|item
|poke|p2|Keldeo-Resolute|item
|poke|p2|Reuniclus, F|item
|poke|p2|Toxicroak, M|item
|teampreview
|inactive|Battle timer is ON: inactive players will automatically lose when time's up. (requested by killapokeman)
|
|t:|1708464373
|start
|switch|p1a: granite|Tyranitar, M, shiny|100/100
|switch|p2a: Politoed|Politoed, F, shiny|100/100
|-weather|RainDance|[from] ability: Drizzle|[of] p2a: Politoed
|-weather|Sandstorm|[from] ability: Sand Stream|[of] p1a: granite
|turn|1
|
|t:|1708464388
|switch|p2a: Toxicroak|Toxicroak, M|100/100
|move|p1a: granite|Stealth Rock|p2a: Toxicroak
|-sidestart|p2: Croaset|move: Stealth Rock
|
|-weather|Sandstorm|[upkeep]
|-damage|p2a: Toxicroak|94/100|[from] Sandstorm
|-heal|p2a: Toxicroak|100/100|[from] item: Black Sludge
|upkeep
|turn|2
|
|t:|1708464393
|switch|p1a: bad cop|Landorus-Therian, M, shiny|100/100
|-ability|p1a: bad cop|Intimidate|boost
|-unboost|p2a: Toxicroak|atk|1
|move|p2a: Toxicroak|Substitute|p2a: Toxicroak
|-start|p2a: Toxicroak|Substitute
|-damage|p2a: Toxicroak|76/100
|
|-weather|Sandstorm|[upkeep]
|-damage|p2a: Toxicroak|69/100|[from] Sandstorm
|-heal|p2a: Toxicroak|76/100|[from] item: Black Sludge
|upkeep
|turn|3
|
|t:|1708464396
|move|p1a: bad cop|U-turn|p2a: Toxicroak
|-resisted|p2a: Toxicroak
|-activate|p2a: Toxicroak|Substitute|[damage]
|
|t:|1708464404
|switch|p1a: mister fister|Conkeldurr, F, shiny|100/100|[from] U-turn
|move|p2a: Toxicroak|Toxic|p1a: mister fister
|-status|p1a: mister fister|tox
|
|-weather|Sandstorm|[upkeep]
|-damage|p2a: Toxicroak|69/100|[from] Sandstorm
|-damage|p1a: mister fister|94/100 tox|[from] Sandstorm
|-heal|p2a: Toxicroak|76/100|[from] item: Black Sludge
|-damage|p1a: mister fister|88/100 tox|[from] psn
|upkeep
|turn|4
|
|t:|1708464413
|move|p1a: mister fister|Mach Punch|p2a: Toxicroak
|-resisted|p2a: Toxicroak
|-crit|p2a: Toxicroak
|-end|p2a: Toxicroak|Substitute
|move|p2a: Toxicroak|Bulk Up|p2a: Toxicroak
|-boost|p2a: Toxicroak|atk|1
|-boost|p2a: Toxicroak|def|1
|
|-weather|Sandstorm|[upkeep]
|-damage|p2a: Toxicroak|69/100|[from] Sandstorm
|-damage|p1a: mister fister|82/100 tox|[from] Sandstorm
|-heal|p2a: Toxicroak|76/100|[from] item: Black Sludge
|-damage|p1a: mister fister|70/100 tox|[from] psn
|upkeep
|turn|5
|
|t:|1708464418
|switch|p1a: bad cop|Landorus-Therian, M, shiny|100/100
|-ability|p1a: bad cop|Intimidate|boost
|-unboost|p2a: Toxicroak|atk|1
|move|p2a: Toxicroak|Substitute|p2a: Toxicroak
|-start|p2a: Toxicroak|Substitute
|-damage|p2a: Toxicroak|51/100
|
|-weather|Sandstorm|[upkeep]
|-damage|p2a: Toxicroak|45/100|[from] Sandstorm
|-heal|p2a: Toxicroak|51/100|[from] item: Black Sludge
|upkeep
|turn|6
|
|t:|1708464425
|move|p1a: bad cop|Earthquake|p2a: Toxicroak
|-supereffective|p2a: Toxicroak
|-end|p2a: Toxicroak|Substitute
|move|p2a: Toxicroak|Toxic|p1a: bad cop|[miss]
|-miss|p2a: Toxicroak|p1a: bad cop
|
|-weather|Sandstorm|[upkeep]
|-damage|p2a: Toxicroak|45/100|[from] Sandstorm
|-heal|p2a: Toxicroak|51/100|[from] item: Black Sludge
|upkeep
|turn|7
|
|t:|1708464430
|switch|p2a: Politoed|Politoed, F, shiny|100/100
|-damage|p2a: Politoed|88/100|[from] Stealth Rock
|-weather|RainDance|[from] ability: Drizzle|[of] p2a: Politoed
|move|p1a: bad cop|Earthquake|p2a: Politoed
|-damage|p2a: Politoed|39/100
|
|-weather|RainDance|[upkeep]
|-heal|p2a: Politoed|46/100|[from] item: Leftovers
|upkeep
|turn|8
|
|t:|1708464442
|switch|p2a: Ferrothorn|Ferrothorn, F, shiny|100/100
|-damage|p2a: Ferrothorn|94/100|[from] Stealth Rock
|move|p1a: bad cop|Earthquake|p2a: Ferrothorn
|-damage|p2a: Ferrothorn|50/100
|
|-weather|RainDance|[upkeep]
|-heal|p2a: Ferrothorn|57/100|[from] item: Leftovers
|upkeep
|turn|9
|
|t:|1708464448
|switch|p1a: mister fister|Conkeldurr, F, shiny|70/100 tox
|move|p2a: Ferrothorn|Stealth Rock|p1a: mister fister
|-sidestart|p1: killapokeman|move: Stealth Rock
|
|-weather|RainDance|[upkeep]
|-heal|p2a: Ferrothorn|63/100|[from] item: Leftovers
|-damage|p1a: mister fister|64/100 tox|[from] psn
|upkeep
|turn|10
|
|t:|1708464452
|switch|p2a: Tentacruel|Tentacruel, F|100/100
|-damage|p2a: Tentacruel|88/100|[from] Stealth Rock
|move|p1a: mister fister|Drain Punch|p2a: Tentacruel
|-resisted|p2a: Tentacruel
|-damage|p2a: Tentacruel|53/100
|-heal|p1a: mister fister|80/100 tox|[from] drain|[of] p2a: Tentacruel
|
|-weather|RainDance|[upkeep]
|-heal|p2a: Tentacruel|59/100|[from] ability: Rain Dish
|-heal|p2a: Tentacruel|65/100|[from] item: Black Sludge
|-damage|p1a: mister fister|68/100 tox|[from] psn
|upkeep
|turn|11
|
|t:|1708464460
|move|p2a: Tentacruel|Rapid Spin|p1a: mister fister
|-damage|p1a: mister fister|65/100 tox
|-sideend|p2: Croaset|Stealth Rock|[from] move: Rapid Spin|[of] p2a: Tentacruel
|move|p1a: mister fister|Thunder Punch|p2a: Tentacruel
|-supereffective|p2a: Tentacruel
|-damage|p2a: Tentacruel|0 fnt
|faint|p2a: Tentacruel
|
|-weather|RainDance|[upkeep]
|-damage|p1a: mister fister|47/100 tox|[from] psn
|upkeep
|
|t:|1708464465
|switch|p2a: Keldeo|Keldeo-Resolute|100/100
|turn|12
|
|t:|1708464477
|switch|p1a: Ferrothorn|Ferrothorn, M|100/100
|-damage|p1a: Ferrothorn|94/100|[from] Stealth Rock
|move|p2a: Keldeo|Secret Sword|p1a: Ferrothorn
|-supereffective|p1a: Ferrothorn
|-damage|p1a: Ferrothorn|23/100
|
|-weather|RainDance|[upkeep]
|-heal|p1a: Ferrothorn|29/100|[from] item: Leftovers
|upkeep
|turn|13
|
|t:|1708464488
|move|p2a: Keldeo|Secret Sword|p1a: Ferrothorn
|-supereffective|p1a: Ferrothorn
|-damage|p1a: Ferrothorn|0 fnt
|faint|p1a: Ferrothorn
|
|-weather|RainDance|[upkeep]
|upkeep
|
|t:|1708464492
|switch|p1a: bad cop|Landorus-Therian, M, shiny|100/100
|-damage|p1a: bad cop|88/100|[from] Stealth Rock
|-ability|p1a: bad cop|Intimidate|boost
|-unboost|p2a: Keldeo|atk|1
|turn|14
|
|t:|1708464511
|switch|p2a: Politoed|Politoed, F, shiny|46/100
|move|p1a: bad cop|Earthquake|p2a: Politoed
|-damage|p2a: Politoed|0 fnt
|faint|p2a: Politoed
|
|-weather|RainDance|[upkeep]
|upkeep
|
|t:|1708464513
|switch|p2a: Keldeo|Keldeo-Resolute|100/100
|turn|15
|
|t:|1708464521
|move|p1a: bad cop|Earthquake|p2a: Keldeo
|-damage|p2a: Keldeo|18/100
|move|p2a: Keldeo|Scald|p1a: bad cop
|-supereffective|p1a: bad cop
|-damage|p1a: bad cop|0 fnt
|faint|p1a: bad cop
|
|-weather|RainDance|[upkeep]
|upkeep
|
|t:|1708464528
|switch|p1a: granite|Tyranitar, M, shiny|100/100
|-damage|p1a: granite|88/100|[from] Stealth Rock
|-weather|Sandstorm|[from] ability: Sand Stream|[of] p1a: granite
|turn|16
|
|t:|1708464535
|move|p2a: Keldeo|Scald|p1a: granite
|-supereffective|p1a: granite
|-damage|p1a: granite|21/100
|move|p1a: granite|Stealth Rock|p2a: Keldeo
|-sidestart|p2: Croaset|move: Stealth Rock
|
|-weather|Sandstorm|[upkeep]
|-damage|p2a: Keldeo|12/100|[from] Sandstorm
|-heal|p1a: granite|27/100|[from] item: Leftovers
|upkeep
|turn|17
|
|t:|1708464542
|move|p2a: Keldeo|Scald|p1a: granite
|-supereffective|p1a: granite
|-damage|p1a: granite|0 fnt
|faint|p1a: granite
|
|-weather|Sandstorm|[upkeep]
|-damage|p2a: Keldeo|5/100|[from] Sandstorm
|upkeep
|
|t:|1708464556
|switch|p1a: T-72|Sharpedo, F|100/100
|-damage|p1a: T-72|88/100|[from] Stealth Rock
|turn|18
|
|t:|1708464558
|move|p1a: T-72|Protect|p1a: T-72
|-singleturn|p1a: T-72|Protect
|move|p2a: Keldeo|Scald|p1a: T-72
|-activate|p1a: T-72|move: Protect
|
|-weather|Sandstorm|[upkeep]
|-damage|p2a: Keldeo|0 fnt|[from] Sandstorm
|-damage|p1a: T-72|82/100|[from] Sandstorm
|faint|p2a: Keldeo
|-ability|p1a: T-72|Speed Boost|boost
|-boost|p1a: T-72|spe|1
|upkeep
|
|t:|1708464563
|switch|p2a: Ferrothorn|Ferrothorn, F, shiny|63/100
|-damage|p2a: Ferrothorn|57/100|[from] Stealth Rock
|turn|19
|
|t:|1708464571
|switch|p1a: drizzle|Politoed, M, shiny|100/100
|-damage|p1a: drizzle|88/100|[from] Stealth Rock
|-weather|RainDance|[from] ability: Drizzle|[of] p1a: drizzle
|move|p2a: Ferrothorn|Leech Seed|p1a: drizzle
|-start|p1a: drizzle|move: Leech Seed
|
|-weather|RainDance|[upkeep]
|-heal|p2a: Ferrothorn|63/100|[from] item: Leftovers
|-damage|p1a: drizzle|76/100|[from] Leech Seed|[of] p2a: Ferrothorn
|-heal|p2a: Ferrothorn|76/100|[silent]
|upkeep
|turn|20
|
|t:|1708464580
|move|p1a: drizzle|Ice Beam|p2a: Ferrothorn
|-damage|p2a: Ferrothorn|50/100
|move|p2a: Ferrothorn|Spikes|p1a: drizzle
|-sidestart|p1: killapokeman|Spikes
|
|-weather|RainDance|[upkeep]
|-heal|p2a: Ferrothorn|56/100|[from] item: Leftovers
|-damage|p1a: drizzle|63/100|[from] Leech Seed|[of] p2a: Ferrothorn
|-heal|p2a: Ferrothorn|69/100|[silent]
|upkeep
|turn|21
|
|t:|1708464585
|switch|p1a: mister fister|Conkeldurr, F, shiny|47/100 tox
|-damage|p1a: mister fister|41/100 tox|[from] Stealth Rock
|-damage|p1a: mister fister|29/100 tox|[from] Spikes
|move|p2a: Ferrothorn|Knock Off|p1a: mister fister
|-resisted|p1a: mister fister
|-damage|p1a: mister fister|27/100 tox
|-enditem|p1a: mister fister|Fist Plate|[from] move: Knock Off|[of] p2a: Ferrothorn
|
|-weather|RainDance|[upkeep]
|-heal|p2a: Ferrothorn|75/100|[from] item: Leftovers
|-damage|p1a: mister fister|21/100 tox|[from] psn
|upkeep
|turn|22
|
|t:|1708464593
|switch|p2a: Reuniclus|Reuniclus, F|100/100
|move|p1a: mister fister|Drain Punch|p2a: Reuniclus
|-resisted|p2a: Reuniclus
|-damage|p2a: Reuniclus|76/100
|-heal|p1a: mister fister|34/100 tox|[from] drain|[of] p2a: Reuniclus
|
|-weather|RainDance|[upkeep]
|-heal|p2a: Reuniclus|82/100|[from] item: Leftovers
|-damage|p1a: mister fister|22/100 tox|[from] psn
|upkeep
|turn|23
|
|t:|1708464601
|move|p1a: mister fister|Thunder Punch|p2a: Reuniclus
|-damage|p2a: Reuniclus|50/100
|move|p2a: Reuniclus|Calm Mind|p2a: Reuniclus
|-boost|p2a: Reuniclus|spa|1
|-boost|p2a: Reuniclus|spd|1
|
|-weather|RainDance|[upkeep]
|-heal|p2a: Reuniclus|56/100|[from] item: Leftovers
|-damage|p1a: mister fister|4/100 tox|[from] psn
|upkeep
|turn|24
|
|t:|1708464605
|move|p1a: mister fister|Thunder Punch|p2a: Reuniclus
|-damage|p2a: Reuniclus|26/100
|move|p2a: Reuniclus|Recover|p2a: Reuniclus
|-heal|p2a: Reuniclus|76/100
|
|-weather|RainDance|[upkeep]
|-heal|p2a: Reuniclus|82/100|[from] item: Leftovers
|-damage|p1a: mister fister|0 fnt|[from] psn
|faint|p1a: mister fister
|upkeep
|
|t:|1708464610
|switch|p1a: drizzle|Politoed, M, shiny|63/100
|-damage|p1a: drizzle|51/100|[from] Stealth Rock
|-damage|p1a: drizzle|39/100|[from] Spikes
|turn|25
|
|t:|1708464616
|move|p1a: drizzle|Surf|p2a: Reuniclus
|-crit|p2a: Reuniclus
|-damage|p2a: Reuniclus|0 fnt
|faint|p2a: Reuniclus
|
|-weather|RainDance|[upkeep]
|upkeep
|
|t:|1708464620
|switch|p2a: Toxicroak|Toxicroak, M|51/100
|-damage|p2a: Toxicroak|45/100|[from] Stealth Rock
|turn|26
|
|t:|1708464623
|move|p2a: Toxicroak|Substitute|p2a: Toxicroak
|-start|p2a: Toxicroak|Substitute
|-damage|p2a: Toxicroak|20/100
|move|p1a: drizzle|Surf|p2a: Toxicroak
|-heal|p2a: Toxicroak|45/100|[from] ability: Dry Skin|[of] p1a: drizzle
|
|-weather|RainDance|[upkeep]
|-heal|p2a: Toxicroak|57/100|[from] ability: Dry Skin
|-heal|p2a: Toxicroak|63/100|[from] item: Black Sludge
|upkeep
|turn|27
|c|☆killapokeman|gg
|-message|killapokeman forfeited.
|
|win|Croaset
|raw|killapokeman's rating: 1341 &rarr; <strong>1322</strong><br />(-19 for losing)
|raw|Croaset's rating: 1367 &rarr; <strong>1386</strong><br />(+19 for winning)
|l|☆killapokeman
|player|p1|
