|j|☆HydreigonSpammer
|j|☆Clawdia Chauchat
|t:|1734534265
|gametype|singles
|player|p1|HydreigonSpammer|veteranf|1308
|player|p2|Clawdia Chauchat|winona|1572
|teamsize|p1|6
|teamsize|p2|6
|gen|5
|tier|[Gen 5] OU
|rated|
|rule|Species Clause: Limit one of each Pokémon
|rule|OHKO Clause: OHKO moves are banned
|rule|Moody Clause: Moody is banned
|rule|Evasion Items Clause: Evasion items are banned
|rule|Evasion Moves Clause: Evasion moves are banned
|rule|Endless Battle Clause: Forcing endless battles is banned
|rule|HP Percentage Mod: HP is shown in percentages
|rule|Evasion Abilities Clause: Evasion abilities are banned
|rule|Sleep Moves Clause: Sleep-inducing moves are banned
|rule|Swagger Clause: Swagger is banned
|rule|Baton Pass Stat Clause: No Baton Passer may have a way to boost its stats
|clearpoke
|poke|p1|Politoed, F|item
|poke|p1|Ferrothorn, F|item
|poke|p1|Thundurus-Therian, M|item
|poke|p1|Keldeo|item
|poke|p1|Tornadus, M|item
|poke|p1|Jirachi|item
|poke|p2|Kyurem-Black|item
|poke|p2|Starmie|item
|poke|p2|Mew|item
|poke|p2|Jirachi|item
|poke|p2|Heatran, M|item
|poke|p2|Garchomp, M|item
|teampreview
|
|t:|1734534280
|start
|switch|p1a: Politoed|Politoed, F|100/100
|switch|p2a: Simulation Swarm|Heatran, M, shiny|100/100
|-weather|RainDance|[from] ability: Drizzle|[of] p1a: Politoed
|turn|1
|
|t:|1734534301
|switch|p1a: Keldeo|Keldeo|100/100
|move|p2a: Simulation Swarm|Sunny Day|p2a: Simulation Swarm
|-weather|SunnyDay
|
|-weather|SunnyDay|[upkeep]
|upkeep
|turn|2
|
|t:|1734534308
|switch|p2a: Concorde I Miss U|Jirachi|100/100
|move|p1a: Keldeo|Secret Sword|p2a: Concorde I Miss U
|-damage|p2a: Concorde I Miss U|60/100
|
|-weather|SunnyDay|[upkeep]
|-heal|p2a: Concorde I Miss U|66/100|[from] item: Leftovers
|upkeep
|turn|3
|
|t:|1734534326
|switch|p1a: Jirachi|Jirachi|100/100
|switch|p2a: Kafka Tamura|Mew, shiny|100/100
|
|-weather|SunnyDay|[upkeep]
|upkeep
|turn|4
|
|t:|1734534348
|move|p2a: Kafka Tamura|Will-O-Wisp|p1a: Jirachi|[miss]
|-miss|p2a: Kafka Tamura|p1a: Jirachi
|move|p1a: Jirachi|Stealth Rock|p2a: Kafka Tamura
|-sidestart|p2: Clawdia Chauchat|move: Stealth Rock
|
|-weather|SunnyDay|[upkeep]
|upkeep
|turn|5
|
|t:|1734534351
|switch|p1a: Politoed|Politoed, F|100/100
|-weather|RainDance|[from] ability: Drizzle|[of] p1a: Politoed
|move|p2a: Kafka Tamura|Will-O-Wisp|p1a: Politoed|[miss]
|-miss|p2a: Kafka Tamura|p1a: Politoed
|
|-weather|RainDance|[upkeep]
|upkeep
|turn|6
|
|t:|1734534355
|move|p2a: Kafka Tamura|Will-O-Wisp|p1a: Politoed
|-status|p1a: Politoed|brn
|move|p1a: Politoed|Scald|p2a: Kafka Tamura
|-damage|p2a: Kafka Tamura|68/100
|
|-weather|RainDance|[upkeep]
|-heal|p2a: Kafka Tamura|74/100|[from] item: Leftovers
|-damage|p1a: Politoed|88/100 brn|[from] brn
|upkeep
|turn|7
|
|t:|1734534370
|switch|p2a: Xiu Xiu|Starmie|100/100
|-damage|p2a: Xiu Xiu|88/100|[from] Stealth Rock
|move|p1a: Politoed|Scald|p2a: Xiu Xiu
|-resisted|p2a: Xiu Xiu
|-damage|p2a: Xiu Xiu|60/100
|-status|p2a: Xiu Xiu|brn
|
|-weather|RainDance|[upkeep]
|-heal|p2a: Xiu Xiu|66/100 brn|[from] item: Leftovers
|-damage|p2a: Xiu Xiu|54/100 brn|[from] brn
|-damage|p1a: Politoed|75/100 brn|[from] brn
|upkeep
|turn|8
|
|t:|1734534383
|switch|p1a: Ferrothorn|Ferrothorn, F|100/100
|move|p2a: Xiu Xiu|Rapid Spin|p1a: Ferrothorn
|-resisted|p1a: Ferrothorn
|-damage|p1a: Ferrothorn|99/100
|-damage|p2a: Xiu Xiu|42/100 brn|[from] ability: Iron Barbs|[of] p1a: Ferrothorn
|-sideend|p2: Clawdia Chauchat|Stealth Rock|[from] move: Rapid Spin|[of] p2a: Xiu Xiu
|
|-weather|RainDance|[upkeep]
|-heal|p2a: Xiu Xiu|48/100 brn|[from] item: Leftovers
|-heal|p1a: Ferrothorn|100/100|[from] item: Leftovers
|-damage|p2a: Xiu Xiu|36/100 brn|[from] brn
|upkeep
|turn|9
|
|t:|1734534391
|-curestatus|p2a: Xiu Xiu|brn|[from] ability: Natural Cure
|switch|p2a: Simulation Swarm|Heatran, M, shiny|100/100
|move|p1a: Ferrothorn|Spikes|p2a: Simulation Swarm
|-sidestart|p2: Clawdia Chauchat|Spikes
|
|-weather|RainDance|[upkeep]
|upkeep
|turn|10
|
|t:|1734534398
|switch|p1a: Keldeo|Keldeo|100/100
|move|p2a: Simulation Swarm|Stealth Rock|p1a: Keldeo
|-sidestart|p1: HydreigonSpammer|move: Stealth Rock
|
|-weather|RainDance|[upkeep]
|upkeep
|turn|11
|
|t:|1734534405
|move|p2a: Simulation Swarm|Protect|p2a: Simulation Swarm
|-singleturn|p2a: Simulation Swarm|Protect
|move|p1a: Keldeo|Hydro Pump|p2a: Simulation Swarm
|-activate|p2a: Simulation Swarm|move: Protect
|
|-weather|RainDance|[upkeep]
|upkeep
|turn|12
|
|t:|1734534410
|switch|p2a: Cloudbusting|Kyurem-Black, shiny|100/100
|-damage|p2a: Cloudbusting|88/100|[from] Spikes
|-ability|p2a: Cloudbusting|Teravolt
|move|p1a: Keldeo|Hydro Pump|p2a: Cloudbusting
|-resisted|p2a: Cloudbusting
|-damage|p2a: Cloudbusting|41/100
|
|-weather|RainDance|[upkeep]
|-heal|p2a: Cloudbusting|48/100|[from] item: Leftovers
|upkeep
|turn|13
|
|t:|1734534422
|switch|p1a: Ferrothorn|Ferrothorn, F|100/100
|-damage|p1a: Ferrothorn|94/100|[from] Stealth Rock
|move|p2a: Cloudbusting|Substitute|p2a: Cloudbusting
|-start|p2a: Cloudbusting|Substitute
|-damage|p2a: Cloudbusting|23/100
|
|-weather|RainDance|[upkeep]
|-heal|p2a: Cloudbusting|29/100|[from] item: Leftovers
|-heal|p1a: Ferrothorn|100/100|[from] item: Leftovers
|upkeep
|turn|14
|
|t:|1734534433
|move|p2a: Cloudbusting|Ice Beam|p1a: Ferrothorn
|-damage|p1a: Ferrothorn|70/100
|move|p1a: Ferrothorn|Spikes|p2a: Cloudbusting
|-sidestart|p2: Clawdia Chauchat|Spikes
|
|-weather|RainDance|[upkeep]
|-heal|p2a: Cloudbusting|35/100|[from] item: Leftovers
|-heal|p1a: Ferrothorn|76/100|[from] item: Leftovers
|upkeep
|turn|15
|
|t:|1734534441
|move|p2a: Cloudbusting|Ice Beam|p1a: Ferrothorn
|-damage|p1a: Ferrothorn|45/100
|move|p1a: Ferrothorn|Seed Bomb|p2a: Cloudbusting
|-resisted|p2a: Cloudbusting
|-activate|p2a: Cloudbusting|Substitute|[damage]
|
|-weather|RainDance|[upkeep]
|-heal|p2a: Cloudbusting|41/100|[from] item: Leftovers
|-heal|p1a: Ferrothorn|52/100|[from] item: Leftovers
|upkeep
|turn|16
|
|t:|1734534450
|move|p1a: Ferrothorn|Protect|p1a: Ferrothorn
|-singleturn|p1a: Ferrothorn|Protect
|move|p2a: Cloudbusting|Ice Beam|p1a: Ferrothorn
|-activate|p1a: Ferrothorn|move: Protect
|
|-weather|RainDance|[upkeep]
|-heal|p2a: Cloudbusting|47/100|[from] item: Leftovers
|-heal|p1a: Ferrothorn|58/100|[from] item: Leftovers
|upkeep
|turn|17
|
|t:|1734534470
|switch|p1a: Jirachi|Jirachi|100/100
|-damage|p1a: Jirachi|94/100|[from] Stealth Rock
|move|p2a: Cloudbusting|Ice Beam|p1a: Jirachi
|-resisted|p1a: Jirachi
|-crit|p1a: Jirachi
|-damage|p1a: Jirachi|66/100
|
|-weather|RainDance|[upkeep]
|-heal|p2a: Cloudbusting|53/100|[from] item: Leftovers
|-heal|p1a: Jirachi|72/100|[from] item: Leftovers
|upkeep
|turn|18
|
|t:|1734534480
|move|p2a: Cloudbusting|Earth Power|p1a: Jirachi
|-supereffective|p1a: Jirachi
|-damage|p1a: Jirachi|33/100
|move|p1a: Jirachi|Stealth Rock|p2a: Cloudbusting
|-sidestart|p2: Clawdia Chauchat|move: Stealth Rock
|
|-weather|RainDance|[upkeep]
|-heal|p2a: Cloudbusting|60/100|[from] item: Leftovers
|-heal|p1a: Jirachi|39/100|[from] item: Leftovers
|upkeep
|turn|19
|
|t:|1734534488
|move|p2a: Cloudbusting|Earth Power|p1a: Jirachi
|-supereffective|p1a: Jirachi
|-damage|p1a: Jirachi|0 fnt
|faint|p1a: Jirachi
|
|-weather|RainDance|[upkeep]
|-heal|p2a: Cloudbusting|66/100|[from] item: Leftovers
|upkeep
|
|t:|1734534512
|switch|p1a: Thundurus|Thundurus-Therian, M|100/100
|-damage|p1a: Thundurus|76/100|[from] Stealth Rock
|turn|20
|
|t:|1734534517
|move|p1a: Thundurus|Thunder|p2a: Cloudbusting
|-resisted|p2a: Cloudbusting
|-end|p2a: Cloudbusting|Substitute
|move|p2a: Cloudbusting|Ice Beam|p1a: Thundurus
|-supereffective|p1a: Thundurus
|-damage|p1a: Thundurus|0 fnt
|faint|p1a: Thundurus
|
|-weather|RainDance|[upkeep]
|-heal|p2a: Cloudbusting|72/100|[from] item: Leftovers
|upkeep
|
|t:|1734534526
|switch|p1a: Keldeo|Keldeo|100/100
|-damage|p1a: Keldeo|94/100|[from] Stealth Rock
|turn|21
|
|t:|1734534542
|switch|p2a: Kafka Tamura|Mew, shiny|74/100
|-damage|p2a: Kafka Tamura|57/100|[from] Spikes
|-damage|p2a: Kafka Tamura|45/100|[from] Stealth Rock
|move|p1a: Keldeo|Secret Sword|p2a: Kafka Tamura
|-resisted|p2a: Kafka Tamura
|-damage|p2a: Kafka Tamura|30/100
|
|-weather|RainDance|[upkeep]
|-heal|p2a: Kafka Tamura|37/100|[from] item: Leftovers
|upkeep
|turn|22
|
|t:|1734534552
|switch|p1a: Tornadus|Tornadus, M|100/100
|-damage|p1a: Tornadus|76/100|[from] Stealth Rock
|move|p2a: Kafka Tamura|Soft-Boiled|p2a: Kafka Tamura
|-heal|p2a: Kafka Tamura|87/100
|
|-weather|RainDance|[upkeep]
|-heal|p2a: Kafka Tamura|93/100|[from] item: Leftovers
|upkeep
|turn|23
|
|t:|1734534561
|move|p1a: Tornadus|Hurricane|p2a: Kafka Tamura
|-damage|p2a: Kafka Tamura|19/100
|-start|p2a: Kafka Tamura|confusion
|-activate|p2a: Kafka Tamura|confusion
|-damage|p2a: Kafka Tamura|13/100|[from] confusion
|
|-weather|RainDance|[upkeep]
|-heal|p2a: Kafka Tamura|19/100|[from] item: Leftovers
|upkeep
|turn|24
|
|t:|1734534567
|move|p1a: Tornadus|Hurricane|p2a: Kafka Tamura
|-damage|p2a: Kafka Tamura|0 fnt
|faint|p2a: Kafka Tamura
|
|-weather|RainDance|[upkeep]
|upkeep
|
|t:|1734534569
|switch|p2a: Simulation Swarm|Heatran, M, shiny|100/100
|-damage|p2a: Simulation Swarm|84/100|[from] Spikes
|-damage|p2a: Simulation Swarm|71/100|[from] Stealth Rock
|turn|25
|
|t:|1734534579
|move|p1a: Tornadus|Hurricane|p2a: Simulation Swarm
|-resisted|p2a: Simulation Swarm
|-damage|p2a: Simulation Swarm|38/100
|move|p2a: Simulation Swarm|Sunny Day|p2a: Simulation Swarm
|-weather|SunnyDay
|
|-weather|SunnyDay|[upkeep]
|-heal|p2a: Simulation Swarm|44/100|[from] item: Leftovers
|upkeep
|turn|26
|
|t:|1734534594
|switch|p1a: Politoed|Politoed, F|75/100 brn
|-damage|p1a: Politoed|63/100 brn|[from] Stealth Rock
|-weather|RainDance|[from] ability: Drizzle|[of] p1a: Politoed
|move|p2a: Simulation Swarm|Lava Plume|p1a: Politoed
|-resisted|p1a: Politoed
|-damage|p1a: Politoed|56/100 brn
|-enditem|p1a: Politoed|Eject Button
|
|t:|1734534598
|switch|p1a: Keldeo|Keldeo|94/100
|-damage|p1a: Keldeo|88/100|[from] Stealth Rock
|
|-weather|RainDance|[upkeep]
|-heal|p2a: Simulation Swarm|50/100|[from] item: Leftovers
|upkeep
|turn|27
|
|t:|1734534610
|move|p2a: Simulation Swarm|Protect|p2a: Simulation Swarm
|-singleturn|p2a: Simulation Swarm|Protect
|move|p1a: Keldeo|Scald|p2a: Simulation Swarm
|-activate|p2a: Simulation Swarm|move: Protect
|
|-weather|RainDance|[upkeep]
|-heal|p2a: Simulation Swarm|56/100|[from] item: Leftovers
|upkeep
|turn|28
|
|t:|1734534644
|switch|p2a: Cloudbusting|Kyurem-Black, shiny|72/100
|-damage|p2a: Cloudbusting|55/100|[from] Spikes
|-damage|p2a: Cloudbusting|30/100|[from] Stealth Rock
|-ability|p2a: Cloudbusting|Teravolt
|move|p1a: Keldeo|Scald|p2a: Cloudbusting
|-resisted|p2a: Cloudbusting
|-damage|p2a: Cloudbusting|4/100
|-status|p2a: Cloudbusting|brn
|
|-weather|RainDance|[upkeep]
|-heal|p2a: Cloudbusting|10/100 brn|[from] item: Leftovers
|-damage|p2a: Cloudbusting|0 fnt|[from] brn
|faint|p2a: Cloudbusting
|upkeep
|
|t:|1734534647
|switch|p2a: Xiu Xiu|Starmie|36/100
|-damage|p2a: Xiu Xiu|19/100|[from] Spikes
|-damage|p2a: Xiu Xiu|7/100|[from] Stealth Rock
|turn|29
|
|t:|1734534662
|move|p1a: Keldeo|Scald|p2a: Xiu Xiu
|-resisted|p2a: Xiu Xiu
|-damage|p2a: Xiu Xiu|0 fnt
|faint|p2a: Xiu Xiu
|
|-weather|RainDance|[upkeep]
|upkeep
|
|t:|1734534670
|switch|p2a: Concorde I Miss U|Jirachi|66/100
|-damage|p2a: Concorde I Miss U|49/100|[from] Spikes
|-damage|p2a: Concorde I Miss U|43/100|[from] Stealth Rock
|turn|30
|
|t:|1734534688
|switch|p1a: Ferrothorn|Ferrothorn, F|58/100
|-damage|p1a: Ferrothorn|52/100|[from] Stealth Rock
|move|p2a: Concorde I Miss U|Body Slam|p1a: Ferrothorn
|-resisted|p1a: Ferrothorn
|-damage|p1a: Ferrothorn|45/100
|-damage|p2a: Concorde I Miss U|31/100|[from] ability: Iron Barbs|[of] p1a: Ferrothorn
|
|-weather|RainDance|[upkeep]
|-heal|p2a: Concorde I Miss U|37/100|[from] item: Leftovers
|-heal|p1a: Ferrothorn|51/100|[from] item: Leftovers
|upkeep
|turn|31
|
|t:|1734534692
|move|p2a: Concorde I Miss U|Wish|p2a: Concorde I Miss U
|move|p1a: Ferrothorn|Spikes|p2a: Concorde I Miss U
|-sidestart|p2: Clawdia Chauchat|Spikes
|
|-weather|RainDance|[upkeep]
|-heal|p2a: Concorde I Miss U|43/100|[from] item: Leftovers
|-heal|p1a: Ferrothorn|57/100|[from] item: Leftovers
|upkeep
|turn|32
|
|t:|1734534700
|move|p2a: Concorde I Miss U|Body Slam|p1a: Ferrothorn
|-resisted|p1a: Ferrothorn
|-damage|p1a: Ferrothorn|50/100
|-status|p1a: Ferrothorn|par
|-damage|p2a: Concorde I Miss U|31/100|[from] ability: Iron Barbs|[of] p1a: Ferrothorn
|cant|p1a: Ferrothorn|par
|
|-weather|RainDance|[upkeep]
|-heal|p2a: Concorde I Miss U|81/100|[from] move: Wish|[wisher] Concorde I Miss U
|-heal|p2a: Concorde I Miss U|87/100|[from] item: Leftovers
|-heal|p1a: Ferrothorn|56/100 par|[from] item: Leftovers
|upkeep
|turn|33
|
|t:|1734534716
|move|p2a: Concorde I Miss U|Wish|p2a: Concorde I Miss U
|cant|p1a: Ferrothorn|par
|
|-weather|RainDance|[upkeep]
|-heal|p2a: Concorde I Miss U|93/100|[from] item: Leftovers
|-heal|p1a: Ferrothorn|62/100 par|[from] item: Leftovers
|upkeep
|turn|34
|
|t:|1734534725
|switch|p2a: Simulation Swarm|Heatran, M, shiny|56/100
|-damage|p2a: Simulation Swarm|32/100|[from] Spikes
|-damage|p2a: Simulation Swarm|19/100|[from] Stealth Rock
|move|p1a: Ferrothorn|Leech Seed|p2a: Simulation Swarm
|-start|p2a: Simulation Swarm|move: Leech Seed
|
|-weather|RainDance|[upkeep]
|-heal|p2a: Simulation Swarm|71/100|[from] move: Wish|[wisher] Concorde I Miss U
|-heal|p2a: Simulation Swarm|78/100|[from] item: Leftovers
|-heal|p1a: Ferrothorn|68/100 par|[from] item: Leftovers
|-damage|p2a: Simulation Swarm|65/100|[from] Leech Seed|[of] p1a: Ferrothorn
|-heal|p1a: Ferrothorn|82/100 par|[silent]
|upkeep
|turn|35
|
|t:|1734534733
|switch|p1a: Keldeo|Keldeo|88/100
|-damage|p1a: Keldeo|82/100|[from] Stealth Rock
|move|p2a: Simulation Swarm|Sunny Day|p2a: Simulation Swarm
|-weather|SunnyDay
|
|-weather|SunnyDay|[upkeep]
|-heal|p2a: Simulation Swarm|71/100|[from] item: Leftovers
|-damage|p2a: Simulation Swarm|59/100|[from] Leech Seed|[of] p1a: Keldeo
|-heal|p1a: Keldeo|97/100|[silent]
|upkeep
|turn|36
|
|t:|1734534748
|switch|p2a: Joe Johnson|Garchomp, M|100/100
|-damage|p2a: Joe Johnson|76/100|[from] Spikes
|-damage|p2a: Joe Johnson|69/100|[from] Stealth Rock
|move|p1a: Keldeo|Secret Sword|p2a: Joe Johnson
|-damage|p2a: Joe Johnson|29/100
|
|-weather|SunnyDay|[upkeep]
|upkeep
|turn|37
|
|t:|1734534756
|move|p1a: Keldeo|Secret Sword|p2a: Joe Johnson
|-damage|p2a: Joe Johnson|0 fnt
|faint|p2a: Joe Johnson
|
|-weather|SunnyDay|[upkeep]
|upkeep
|
|t:|1734534758
|switch|p2a: Concorde I Miss U|Jirachi|93/100
|-damage|p2a: Concorde I Miss U|68/100|[from] Spikes
|-damage|p2a: Concorde I Miss U|62/100|[from] Stealth Rock
|turn|38
|
|t:|1734534768
|switch|p1a: Politoed|Politoed, F|56/100 brn
|-damage|p1a: Politoed|43/100 brn|[from] Stealth Rock
|-weather|RainDance|[from] ability: Drizzle|[of] p1a: Politoed
|move|p2a: Concorde I Miss U|Body Slam|p1a: Politoed
|-damage|p1a: Politoed|29/100 brn
|
|-weather|RainDance|[upkeep]
|-heal|p2a: Concorde I Miss U|68/100|[from] item: Leftovers
|-damage|p1a: Politoed|16/100 brn|[from] brn
|upkeep
|turn|39
|
|t:|1734534786
|switch|p1a: Ferrothorn|Ferrothorn, F|82/100 par
|-damage|p1a: Ferrothorn|76/100 par|[from] Stealth Rock
|move|p2a: Concorde I Miss U|Iron Head|p1a: Ferrothorn
|-resisted|p1a: Ferrothorn
|-damage|p1a: Ferrothorn|65/100 par
|-damage|p2a: Concorde I Miss U|56/100|[from] ability: Iron Barbs|[of] p1a: Ferrothorn
|
|-weather|RainDance|[upkeep]
|-heal|p2a: Concorde I Miss U|62/100|[from] item: Leftovers
|-heal|p1a: Ferrothorn|71/100 par|[from] item: Leftovers
|upkeep
|turn|40
|
|t:|1734534790
|move|p2a: Concorde I Miss U|Wish|p2a: Concorde I Miss U
|cant|p1a: Ferrothorn|par
|
|-weather|RainDance|[upkeep]
|-heal|p2a: Concorde I Miss U|68/100|[from] item: Leftovers
|-heal|p1a: Ferrothorn|77/100 par|[from] item: Leftovers
|upkeep
|turn|41
|
|t:|1734534793
|move|p2a: Concorde I Miss U|Iron Head|p1a: Ferrothorn
|-resisted|p1a: Ferrothorn
|-damage|p1a: Ferrothorn|67/100 par
|-damage|p2a: Concorde I Miss U|56/100|[from] ability: Iron Barbs|[of] p1a: Ferrothorn
|cant|p1a: Ferrothorn|flinch
|
|-weather|RainDance|[upkeep]
|-heal|p2a: Concorde I Miss U|100/100|[from] move: Wish|[wisher] Concorde I Miss U
|-heal|p1a: Ferrothorn|73/100 par|[from] item: Leftovers
|upkeep
|turn|42
|
|t:|1734534798
|move|p2a: Concorde I Miss U|Wish|p2a: Concorde I Miss U
|move|p1a: Ferrothorn|Leech Seed|p2a: Concorde I Miss U
|-start|p2a: Concorde I Miss U|move: Leech Seed
|
|-weather|RainDance|[upkeep]
|-heal|p1a: Ferrothorn|79/100 par|[from] item: Leftovers
|-damage|p2a: Concorde I Miss U|88/100|[from] Leech Seed|[of] p1a: Ferrothorn
|-heal|p1a: Ferrothorn|94/100 par|[silent]
|upkeep
|turn|43
|
|t:|1734534807
|move|p2a: Concorde I Miss U|U-turn|p1a: Ferrothorn
|-damage|p1a: Ferrothorn|82/100 par
|-damage|p2a: Concorde I Miss U|76/100|[from] ability: Iron Barbs|[of] p1a: Ferrothorn
|
|t:|1734534809
|switch|p2a: Simulation Swarm|Heatran, M, shiny|59/100|[from] U-turn
|-damage|p2a: Simulation Swarm|34/100|[from] Spikes
|-damage|p2a: Simulation Swarm|22/100|[from] Stealth Rock
|cant|p1a: Ferrothorn|par
|
|-weather|RainDance|[upkeep]
|-heal|p2a: Simulation Swarm|74/100|[from] move: Wish|[wisher] Concorde I Miss U
|-heal|p2a: Simulation Swarm|80/100|[from] item: Leftovers
|-heal|p1a: Ferrothorn|88/100 par|[from] item: Leftovers
|upkeep
|turn|44
|
|t:|1734534817
|switch|p1a: Keldeo|Keldeo|97/100
|-damage|p1a: Keldeo|91/100|[from] Stealth Rock
|move|p2a: Simulation Swarm|Sunny Day|p2a: Simulation Swarm
|-weather|SunnyDay
|
|-weather|SunnyDay|[upkeep]
|-heal|p2a: Simulation Swarm|87/100|[from] item: Leftovers
|upkeep
|turn|45
|
|t:|1734534819
|move|p2a: Simulation Swarm|Protect|p2a: Simulation Swarm
|-singleturn|p2a: Simulation Swarm|Protect
|move|p1a: Keldeo|Secret Sword|p2a: Simulation Swarm
|-activate|p2a: Simulation Swarm|move: Protect
|
|-weather|SunnyDay|[upkeep]
|-heal|p2a: Simulation Swarm|93/100|[from] item: Leftovers
|upkeep
|turn|46
|
|t:|1734534829
|move|p1a: Keldeo|Secret Sword|p2a: Simulation Swarm
|-supereffective|p2a: Simulation Swarm
|-damage|p2a: Simulation Swarm|12/100
|move|p2a: Simulation Swarm|Lava Plume|p1a: Keldeo
|-resisted|p1a: Keldeo
|-damage|p1a: Keldeo|59/100
|
|-weather|SunnyDay|[upkeep]
|-heal|p2a: Simulation Swarm|18/100|[from] item: Leftovers
|upkeep
|turn|47
|
|t:|1734534836
|move|p2a: Simulation Swarm|Protect|p2a: Simulation Swarm
|-singleturn|p2a: Simulation Swarm|Protect
|move|p1a: Keldeo|Secret Sword|p2a: Simulation Swarm
|-activate|p2a: Simulation Swarm|move: Protect
|
|-weather|SunnyDay|[upkeep]
|-heal|p2a: Simulation Swarm|24/100|[from] item: Leftovers
|upkeep
|turn|48
|c|☆Clawdia Chauchat|ah gg
|c|☆HydreigonSpammer|gg
|c|☆Clawdia Chauchat|idk why but thought keld was not scarf
|c|☆Clawdia Chauchat|kinda dumb on my part
|c|☆Clawdia Chauchat|but well played
|
|t:|1734534864
|move|p1a: Keldeo|Secret Sword|p2a: Simulation Swarm
|-supereffective|p2a: Simulation Swarm
|-damage|p2a: Simulation Swarm|0 fnt
|faint|p2a: Simulation Swarm
|
|-weather|none
|upkeep
|c|☆HydreigonSpammer|i keep changing him to confuse players indeed
|c|☆HydreigonSpammer|^^
|
|t:|1734534872
|switch|p2a: Concorde I Miss U|Jirachi|76/100
|-damage|p2a: Concorde I Miss U|51/100|[from] Spikes
|-damage|p2a: Concorde I Miss U|45/100|[from] Stealth Rock
|turn|49
|
|t:|1734534877
|switch|p1a: Politoed|Politoed, F|16/100 brn
|-damage|p1a: Politoed|4/100 brn|[from] Stealth Rock
|-weather|RainDance|[from] ability: Drizzle|[of] p1a: Politoed
|move|p2a: Concorde I Miss U|Body Slam|p1a: Politoed
|-damage|p1a: Politoed|0 fnt
|faint|p1a: Politoed
|
|-weather|RainDance|[upkeep]
|-heal|p2a: Concorde I Miss U|51/100|[from] item: Leftovers
|upkeep
|c|☆Clawdia Chauchat|haha  nice
|
|t:|1734534883
|switch|p1a: Keldeo|Keldeo|59/100
|-damage|p1a: Keldeo|53/100|[from] Stealth Rock
|turn|50
|
|t:|1734534887
|move|p1a: Keldeo|Scald|p2a: Concorde I Miss U
|-damage|p2a: Concorde I Miss U|11/100
|move|p2a: Concorde I Miss U|Body Slam|p1a: Keldeo
|-damage|p1a: Keldeo|31/100
|-status|p1a: Keldeo|par
|
|-weather|RainDance|[upkeep]
|-heal|p2a: Concorde I Miss U|17/100|[from] item: Leftovers
|upkeep
|turn|51
|
|t:|1734534907
|move|p2a: Concorde I Miss U|Wish|p2a: Concorde I Miss U
|move|p1a: Keldeo|Scald|p2a: Concorde I Miss U
|-damage|p2a: Concorde I Miss U|0 fnt
|faint|p2a: Concorde I Miss U
|
|win|HydreigonSpammer
|raw|HydreigonSpammer's rating: 1308 &rarr; <strong>1341</strong><br />(+33 for winning)
|raw|Clawdia Chauchat's rating: 1580 &rarr; <strong>1547</strong><br />(-33 for losing)
