|j|☆HydreigonSpammer
|j|☆aeger4321
|t:|1733762581
|gametype|singles
|player|p1|HydreigonSpammer|veteranf|1428
|player|p2|aeger4321|dawn-gen4pt|1320
|teamsize|p1|6
|teamsize|p2|6
|gen|5
|tier|[Gen 5] OU
|rated|
|rule|Species Clause: Limit one of each Pokémon
|rule|OHKO Clause: OHKO moves are banned
|rule|Moody Clause: Moody is banned
|rule|Evasion Items Clause: Evasion items are banned
|rule|Evasion Moves Clause: Evasion moves are banned
|rule|Endless Battle Clause: Forcing endless battles is banned
|rule|HP Percentage Mod: HP is shown in percentages
|rule|Evasion Abilities Clause: Evasion abilities are banned
|rule|Sleep Moves Clause: Sleep-inducing moves are banned
|rule|Swagger Clause: Swagger is banned
|rule|Baton Pass Stat Clause: No Baton Passer may have a way to boost its stats
|clearpoke
|poke|p1|Abomasnow, M|item
|poke|p1|Kyurem|item
|poke|p1|Reuniclus, M|item
|poke|p1|Mamoswine, F|item
|poke|p1|Alakazam, M|item
|poke|p1|Walrein, M|item
|poke|p2|Tyranitar, F|item
|poke|p2|Gliscor, F|item
|poke|p2|Rotom-Wash|item
|poke|p2|Latios, M|item
|poke|p2|Excadrill, F|item
|poke|p2|Scizor, M|item
|teampreview
|
|t:|1733762591
|start
|switch|p1a: Mamoswine|Mamoswine, F|100/100
|switch|p2a: Tyranitar|Tyranitar, F|100/100
|-weather|Sandstorm|[from] ability: Sand Stream|[of] p2a: Tyranitar
|turn|1
|
|t:|1733762604
|switch|p2a: Rotom|Rotom-Wash|100/100
|move|p1a: Mamoswine|Superpower|p2a: Rotom
|-damage|p2a: Rotom|55/100
|-unboost|p1a: Mamoswine|atk|1
|-unboost|p1a: Mamoswine|def|1
|
|-weather|Sandstorm|[upkeep]
|-damage|p2a: Rotom|49/100|[from] Sandstorm
|-heal|p2a: Rotom|55/100|[from] item: Leftovers
|upkeep
|turn|2
|
|t:|1733762610
|switch|p1a: Kyurem|Kyurem|100/100
|-ability|p1a: Kyurem|Pressure
|move|p2a: Rotom|Hydro Pump|p1a: Kyurem
|-resisted|p1a: Kyurem
|-damage|p1a: Kyurem|80/100
|
|-weather|Sandstorm|[upkeep]
|-damage|p1a: Kyurem|74/100|[from] Sandstorm
|-damage|p2a: Rotom|49/100|[from] Sandstorm
|-heal|p2a: Rotom|55/100|[from] item: Leftovers
|upkeep
|turn|3
|
|t:|1733762625
|move|p1a: Kyurem|Ice Beam|p2a: Rotom
|-resisted|p2a: Rotom
|-damage|p2a: Rotom|37/100
|move|p2a: Rotom|Thunder Wave|p1a: Kyurem
|-status|p1a: Kyurem|par
|
|-weather|Sandstorm|[upkeep]
|-damage|p2a: Rotom|30/100|[from] Sandstorm
|-damage|p1a: Kyurem|68/100 par|[from] Sandstorm
|-heal|p2a: Rotom|37/100|[from] item: Leftovers
|upkeep
|turn|4
|
|t:|1733762634
|move|p2a: Rotom|Light Screen|p2a: Rotom
|-sidestart|p2: aeger4321|move: Light Screen
|move|p1a: Kyurem|Earth Power|p2a: Rotom
|-immune|p2a: Rotom|[from] ability: Levitate
|
|-weather|Sandstorm|[upkeep]
|-damage|p2a: Rotom|30/100|[from] Sandstorm
|-damage|p1a: Kyurem|62/100 par|[from] Sandstorm
|-heal|p2a: Rotom|37/100|[from] item: Leftovers
|upkeep
|turn|5
|
|t:|1733762654
|switch|p2a: Tyranitar|Tyranitar, F|100/100
|move|p1a: Kyurem|Draco Meteor|p2a: Tyranitar
|-damage|p2a: Tyranitar|78/100
|-unboost|p1a: Kyurem|spa|2
|
|-weather|Sandstorm|[upkeep]
|-damage|p1a: Kyurem|56/100 par|[from] Sandstorm
|upkeep
|turn|6
|
|t:|1733762680
|switch|p1a: Mamoswine|Mamoswine, F|100/100
|move|p2a: Tyranitar|Stone Edge|p1a: Mamoswine
|-damage|p1a: Mamoswine|42/100
|
|-weather|Sandstorm|[upkeep]
|upkeep
|turn|7
|
|t:|1733762689
|move|p2a: Tyranitar|Stone Edge|p1a: Mamoswine|[miss]
|-miss|p2a: Tyranitar|p1a: Mamoswine
|move|p1a: Mamoswine|Earthquake|p2a: Tyranitar
|-supereffective|p2a: Tyranitar
|-damage|p2a: Tyranitar|0 fnt
|faint|p2a: Tyranitar
|
|-weather|Sandstorm|[upkeep]
|upkeep
|
|t:|1733762693
|switch|p2a: Scizor|Scizor, M|100/100
|turn|8
|
|t:|1733762702
|move|p2a: Scizor|Bullet Punch|p1a: Mamoswine
|-supereffective|p1a: Mamoswine
|-damage|p1a: Mamoswine|0 fnt
|faint|p1a: Mamoswine
|-damage|p2a: Scizor|91/100|[from] item: Life Orb
|
|-weather|Sandstorm|[upkeep]
|-sideend|p2: aeger4321|move: Light Screen
|upkeep
|
|t:|1733762713
|switch|p1a: Abomasnow|Abomasnow, M|100/100
|-weather|Hail|[from] ability: Snow Warning|[of] p1a: Abomasnow
|turn|9
|
|t:|1733762718
|move|p1a: Abomasnow|Hidden Power|p2a: Scizor
|-supereffective|p2a: Scizor
|-damage|p2a: Scizor|21/100
|move|p2a: Scizor|Swords Dance|p2a: Scizor
|-boost|p2a: Scizor|atk|2
|
|-weather|Hail|[upkeep]
|-damage|p2a: Scizor|15/100|[from] Hail
|upkeep
|turn|10
|
|t:|1733762727
|switch|p1a: Kyurem|Kyurem|56/100 par
|-ability|p1a: Kyurem|Pressure
|move|p2a: Scizor|Bullet Punch|p1a: Kyurem
|-supereffective|p1a: Kyurem
|-damage|p1a: Kyurem|0 fnt
|faint|p1a: Kyurem
|-damage|p2a: Scizor|5/100|[from] item: Life Orb
|
|-weather|Hail|[upkeep]
|-damage|p2a: Scizor|0 fnt|[from] Hail
|faint|p2a: Scizor
|upkeep
|
|t:|1733762743
|switch|p1a: Alakazam|Alakazam, M|100/100
|switch|p2a: Excadrill|Excadrill, F|100/100
|-item|p2a: Excadrill|Air Balloon
|turn|11
|
|t:|1733762754
|move|p1a: Alakazam|Focus Blast|p2a: Excadrill|[miss]
|-miss|p1a: Alakazam|p2a: Excadrill
|move|p2a: Excadrill|Iron Head|p1a: Alakazam
|-enditem|p1a: Alakazam|Focus Sash
|-damage|p1a: Alakazam|1/100
|
|-weather|Hail|[upkeep]
|-damage|p2a: Excadrill|94/100|[from] Hail
|upkeep
|turn|12
|
|t:|1733762762
|switch|p2a: Latios|Latios, M|100/100
|move|p1a: Alakazam|Focus Blast|p2a: Latios|[miss]
|-miss|p1a: Alakazam|p2a: Latios
|
|-weather|Hail|[upkeep]
|-damage|p2a: Latios|95/100|[from] Hail
|upkeep
|turn|13
|
|t:|1733762769
|switch|p1a: Walrein|Walrein, M|100/100
|move|p2a: Latios|Dragon Pulse|p1a: Walrein
|-damage|p1a: Walrein|56/100
|
|-weather|Hail|[upkeep]
|-damage|p2a: Latios|89/100|[from] Hail
|-heal|p1a: Walrein|62/100|[from] ability: Ice Body
|-heal|p1a: Walrein|68/100|[from] item: Leftovers
|upkeep
|turn|14
|
|t:|1733762776
|move|p2a: Latios|Dragon Pulse|p1a: Walrein
|-damage|p1a: Walrein|23/100
|move|p1a: Walrein|Ice Beam|p2a: Latios
|-supereffective|p2a: Latios
|-damage|p2a: Latios|27/100
|
|-weather|Hail|[upkeep]
|-damage|p2a: Latios|21/100|[from] Hail
|-heal|p1a: Walrein|29/100|[from] ability: Ice Body
|-heal|p1a: Walrein|35/100|[from] item: Leftovers
|upkeep
|turn|15
|
|t:|1733762781
|move|p2a: Latios|Dragon Pulse|p1a: Walrein
|-damage|p1a: Walrein|0 fnt
|faint|p1a: Walrein
|
|-weather|Hail|[upkeep]
|-damage|p2a: Latios|15/100|[from] Hail
|upkeep
|
|t:|1733762787
|switch|p1a: Alakazam|Alakazam, M|1/100
|turn|16
|
|t:|1733762791
|move|p1a: Alakazam|Shadow Ball|p2a: Latios
|-supereffective|p2a: Latios
|-damage|p2a: Latios|0 fnt
|faint|p2a: Latios
|
|-weather|Hail|[upkeep]
|upkeep
|
|t:|1733762793
|switch|p2a: Rotom|Rotom-Wash|37/100
|turn|17
|
|t:|1733762809
|switch|p1a: Abomasnow|Abomasnow, M|100/100
|move|p2a: Rotom|Light Screen|p2a: Rotom
|-sidestart|p2: aeger4321|move: Light Screen
|
|-weather|Hail|[upkeep]
|-damage|p2a: Rotom|30/100|[from] Hail
|-heal|p2a: Rotom|37/100|[from] item: Leftovers
|upkeep
|turn|18
|
|t:|1733762815
|move|p1a: Abomasnow|Energy Ball|p2a: Rotom
|-supereffective|p2a: Rotom
|-damage|p2a: Rotom|17/100
|move|p2a: Rotom|Thunder Wave|p1a: Abomasnow
|-status|p1a: Abomasnow|par
|
|-weather|Hail|[upkeep]
|-damage|p2a: Rotom|11/100|[from] Hail
|-heal|p2a: Rotom|17/100|[from] item: Leftovers
|upkeep
|turn|19
|
|t:|1733762830
|move|p2a: Rotom|Hydro Pump|p1a: Abomasnow|[miss]
|-miss|p2a: Rotom|p1a: Abomasnow
|move|p1a: Abomasnow|Ice Beam|p2a: Rotom
|-resisted|p2a: Rotom
|-damage|p2a: Rotom|12/100
|
|-weather|Hail|[upkeep]
|-damage|p2a: Rotom|5/100|[from] Hail
|-heal|p2a: Rotom|12/100|[from] item: Leftovers
|upkeep
|turn|20
|
|t:|1733762846
|switch|p2a: Excadrill|Excadrill, F|94/100
|-item|p2a: Excadrill|Air Balloon
|move|p1a: Abomasnow|Focus Blast|p2a: Excadrill
|-supereffective|p2a: Excadrill
|-damage|p2a: Excadrill|62/100
|-enditem|p2a: Excadrill|Air Balloon
|
|-weather|Hail|[upkeep]
|-damage|p2a: Excadrill|56/100|[from] Hail
|upkeep
|turn|21
|
|t:|1733762873
|move|p2a: Excadrill|Iron Head|p1a: Abomasnow
|-supereffective|p1a: Abomasnow
|-damage|p1a: Abomasnow|8/100 par
|move|p1a: Abomasnow|Hidden Power|p2a: Excadrill
|-supereffective|p2a: Excadrill
|-damage|p2a: Excadrill|34/100
|
|-weather|Hail|[upkeep]
|-damage|p2a: Excadrill|28/100|[from] Hail
|-heal|p1a: Abomasnow|15/100 par|[from] item: Leftovers
|-sideend|p2: aeger4321|move: Light Screen
|upkeep
|turn|22
|
|t:|1733762878
|move|p2a: Excadrill|Iron Head|p1a: Abomasnow
|-supereffective|p1a: Abomasnow
|-damage|p1a: Abomasnow|0 fnt
|faint|p1a: Abomasnow
|
|-weather|Hail|[upkeep]
|-damage|p2a: Excadrill|22/100|[from] Hail
|upkeep
|
|t:|1733762900
|switch|p1a: Reuniclus|Reuniclus, M|100/100
|turn|23
|
|t:|1733762909
|move|p2a: Excadrill|Iron Head|p1a: Reuniclus
|-damage|p1a: Reuniclus|72/100
|move|p1a: Reuniclus|Psyshock|p2a: Excadrill
|-resisted|p2a: Excadrill
|-damage|p2a: Excadrill|0 fnt
|faint|p2a: Excadrill
|
|-weather|Hail|[upkeep]
|-heal|p1a: Reuniclus|78/100|[from] item: Leftovers
|upkeep
|
|t:|1733762915
|switch|p2a: Rotom|Rotom-Wash|12/100
|turn|24
|
|t:|1733762920
|move|p2a: Rotom|Light Screen|p2a: Rotom
|-sidestart|p2: aeger4321|move: Light Screen
|move|p1a: Reuniclus|Psyshock|p2a: Rotom
|-damage|p2a: Rotom|0 fnt
|faint|p2a: Rotom
|
|-weather|Hail|[upkeep]
|-heal|p1a: Reuniclus|84/100|[from] item: Leftovers
|upkeep
|
|t:|1733762923
|switch|p2a: Gay|Gliscor, F, shiny|100/100
|turn|25
|
|t:|1733762930
|move|p2a: Gay|Protect|p2a: Gay
|-singleturn|p2a: Gay|Protect
|move|p1a: Reuniclus|Calm Mind|p1a: Reuniclus
|-boost|p1a: Reuniclus|spa|1
|-boost|p1a: Reuniclus|spd|1
|
|-weather|Hail|[upkeep]
|-damage|p2a: Gay|94/100|[from] Hail
|-heal|p1a: Reuniclus|90/100|[from] item: Leftovers
|-status|p2a: Gay|tox|[from] item: Toxic Orb
|upkeep
|turn|26
|
|t:|1733762933
|move|p2a: Gay|Substitute|p2a: Gay
|-start|p2a: Gay|Substitute
|-damage|p2a: Gay|69/100 tox
|move|p1a: Reuniclus|Psyshock|p2a: Gay
|-activate|p2a: Gay|Substitute|[damage]
|
|-weather|Hail|[upkeep]
|-damage|p2a: Gay|63/100 tox|[from] Hail
|-heal|p1a: Reuniclus|96/100|[from] item: Leftovers
|-heal|p2a: Gay|76/100 tox|[from] ability: Poison Heal
|upkeep
|turn|27
|
|t:|1733762937
|move|p2a: Gay|Earthquake|p1a: Reuniclus
|-damage|p1a: Reuniclus|74/100
|move|p1a: Reuniclus|Psyshock|p2a: Gay
|-end|p2a: Gay|Substitute
|
|-weather|Hail|[upkeep]
|-damage|p2a: Gay|69/100 tox|[from] Hail
|-heal|p1a: Reuniclus|80/100|[from] item: Leftovers
|-heal|p2a: Gay|82/100 tox|[from] ability: Poison Heal
|upkeep
|turn|28
|
|t:|1733762942
|move|p2a: Gay|Earthquake|p1a: Reuniclus
|-damage|p1a: Reuniclus|59/100
|move|p1a: Reuniclus|Psyshock|p2a: Gay
|-damage|p2a: Gay|67/100 tox
|
|-weather|Hail|[upkeep]
|-damage|p2a: Gay|61/100 tox|[from] Hail
|-heal|p1a: Reuniclus|65/100|[from] item: Leftovers
|-heal|p2a: Gay|74/100 tox|[from] ability: Poison Heal
|-sideend|p2: aeger4321|move: Light Screen
|upkeep
|turn|29
|
|t:|1733762948
|move|p2a: Gay|Earthquake|p1a: Reuniclus
|-damage|p1a: Reuniclus|42/100
|move|p1a: Reuniclus|Recover|p1a: Reuniclus
|-heal|p1a: Reuniclus|92/100
|
|-weather|Hail|[upkeep]
|-damage|p2a: Gay|67/100 tox|[from] Hail
|-heal|p1a: Reuniclus|98/100|[from] item: Leftovers
|-heal|p2a: Gay|80/100 tox|[from] ability: Poison Heal
|upkeep
|turn|30
|
|t:|1733762953
|move|p2a: Gay|Earthquake|p1a: Reuniclus
|-damage|p1a: Reuniclus|74/100
|move|p1a: Reuniclus|Calm Mind|p1a: Reuniclus
|-boost|p1a: Reuniclus|spa|1
|-boost|p1a: Reuniclus|spd|1
|
|-weather|Hail|[upkeep]
|-damage|p2a: Gay|74/100 tox|[from] Hail
|-heal|p1a: Reuniclus|80/100|[from] item: Leftovers
|-heal|p2a: Gay|86/100 tox|[from] ability: Poison Heal
|upkeep
|turn|31
|
|t:|1733762957
|move|p2a: Gay|Earthquake|p1a: Reuniclus
|-damage|p1a: Reuniclus|56/100
|move|p1a: Reuniclus|Recover|p1a: Reuniclus
|-heal|p1a: Reuniclus|100/100
|
|-weather|Hail|[upkeep]
|-damage|p2a: Gay|80/100 tox|[from] Hail
|-heal|p2a: Gay|92/100 tox|[from] ability: Poison Heal
|upkeep
|turn|32
|
|t:|1733762960
|move|p2a: Gay|Earthquake|p1a: Reuniclus
|-damage|p1a: Reuniclus|79/100
|move|p1a: Reuniclus|Psyshock|p2a: Gay
|-damage|p2a: Gay|50/100 tox
|
|-weather|Hail|[upkeep]
|-damage|p2a: Gay|43/100 tox|[from] Hail
|-heal|p1a: Reuniclus|85/100|[from] item: Leftovers
|-heal|p2a: Gay|56/100 tox|[from] ability: Poison Heal
|upkeep
|turn|33
|
|t:|1733762963
|move|p2a: Gay|Earthquake|p1a: Reuniclus
|-damage|p1a: Reuniclus|63/100
|move|p1a: Reuniclus|Psyshock|p2a: Gay
|-damage|p2a: Gay|12/100 tox
|
|-weather|Hail|[upkeep]
|-damage|p2a: Gay|5/100 tox|[from] Hail
|-heal|p1a: Reuniclus|69/100|[from] item: Leftovers
|-heal|p2a: Gay|18/100 tox|[from] ability: Poison Heal
|upkeep
|turn|34
|
|t:|1733762967
|move|p2a: Gay|Protect|p2a: Gay
|-singleturn|p2a: Gay|Protect
|move|p1a: Reuniclus|Psyshock|p2a: Gay
|-activate|p2a: Gay|move: Protect
|
|-weather|Hail|[upkeep]
|-damage|p2a: Gay|12/100 tox|[from] Hail
|-heal|p1a: Reuniclus|75/100|[from] item: Leftovers
|-heal|p2a: Gay|24/100 tox|[from] ability: Poison Heal
|upkeep
|turn|35
|
|t:|1733762969
|move|p2a: Gay|Earthquake|p1a: Reuniclus
|-damage|p1a: Reuniclus|51/100
|move|p1a: Reuniclus|Psyshock|p2a: Gay
|-damage|p2a: Gay|0 fnt
|faint|p2a: Gay
|
|win|HydreigonSpammer
|raw|HydreigonSpammer's rating: 1428 &rarr; <strong>1442</strong><br />(+14 for winning)
|raw|aeger4321's rating: 1320 &rarr; <strong>1306</strong><br />(-14 for losing)
