|j|☆krukz
|j|☆HydreigonSpammer
|t:|1736619221
|gametype|singles
|player|p1|krukz|n|1396
|player|p2|HydreigonSpammer|iris|1442
|teamsize|p1|6
|teamsize|p2|6
|gen|5
|tier|[Gen 5] OU
|rated|
|rule|Species Clause: Limit one of each Pokémon
|rule|OHKO Clause: OHKO moves are banned
|rule|Moody Clause: Moody is banned
|rule|Evasion Items Clause: Evasion items are banned
|rule|Evasion Moves Clause: Evasion moves are banned
|rule|Endless Battle Clause: Forcing endless battles is banned
|rule|HP Percentage Mod: HP is shown in percentages
|rule|Evasion Abilities Clause: Evasion abilities are banned
|rule|Sleep Moves Clause: Sleep-inducing moves are banned
|rule|Swagger Clause: Swagger is banned
|rule|Baton Pass Stat Clause: No Baton Passer may have a way to boost its stats
|clearpoke
|poke|p1|Gliscor, M|item
|poke|p1|Latios, M|item
|poke|p1|Tyranitar, M|item
|poke|p1|Ferrothorn, M|item
|poke|p1|Excadrill, M|item
|poke|p1|Keldeo|item
|poke|p2|Azelf|item
|poke|p2|Kyurem-Black|item
|poke|p2|Latios, M|item
|poke|p2|Gengar, M|item
|poke|p2|Celebi|item
|poke|p2|Scizor, F|item
|teampreview
|
|t:|1736619236
|start
|switch|p1a: Tyranitar|Tyranitar, M|100/100
|switch|p2a: Azelf|Azelf|100/100
|-weather|Sandstorm|[from] ability: Sand Stream|[of] p1a: Tyranitar
|turn|1
|
|t:|1736619242
|move|p2a: Azelf|Stealth Rock|p1a: Tyranitar
|-sidestart|p1: krukz|move: Stealth Rock
|move|p1a: Tyranitar|Crunch|p2a: Azelf
|-supereffective|p2a: Azelf
|-damage|p2a: Azelf|0 fnt
|faint|p2a: Azelf
|
|-weather|Sandstorm|[upkeep]
|upkeep
|
|t:|1736619251
|switch|p2a: Scizor|Scizor, F|100/100
|turn|2
|
|t:|1736619257
|switch|p1a: Gliscor|Gliscor, M|100/100
|-damage|p1a: Gliscor|88/100|[from] Stealth Rock
|move|p2a: Scizor|U-turn|p1a: Gliscor
|-resisted|p1a: Gliscor
|-damage|p1a: Gliscor|73/100
|
|t:|1736619264
|switch|p2a: Kyurem|Kyurem-Black|100/100|[from] U-turn
|-ability|p2a: Kyurem|Teravolt
|
|-weather|Sandstorm|[upkeep]
|-damage|p2a: Kyurem|94/100|[from] Sandstorm
|-status|p1a: Gliscor|tox|[from] item: Toxic Orb
|upkeep
|turn|3
|inactive|Battle timer is ON: inactive players will automatically lose when time's up. (requested by krukz)
|
|t:|1736619269
|move|p2a: Kyurem|Ice Beam|p1a: Gliscor
|-supereffective|p1a: Gliscor
|-damage|p1a: Gliscor|0 fnt
|faint|p1a: Gliscor
|-damage|p2a: Kyurem|84/100|[from] item: Life Orb
|
|-weather|Sandstorm|[upkeep]
|-damage|p2a: Kyurem|78/100|[from] Sandstorm
|upkeep
|
|t:|1736619278
|switch|p1a: Excadrill|Excadrill, M|100/100
|-damage|p1a: Excadrill|97/100|[from] Stealth Rock
|-ability|p1a: Excadrill|Mold Breaker
|turn|4
|inactive|HydreigonSpammer has 120 seconds left.
|inactive|HydreigonSpammer has 90 seconds left.
|
|t:|1736619352
|switch|p2a: Scizor|Scizor, F|100/100
|move|p1a: Excadrill|Iron Head|p2a: Scizor
|-resisted|p2a: Scizor
|-crit|p2a: Scizor
|-damage|p2a: Scizor|46/100
|
|-weather|Sandstorm|[upkeep]
|upkeep
|turn|5
|
|t:|1736619369
|switch|p1a: Ferrothorn|Ferrothorn, M|100/100
|-damage|p1a: Ferrothorn|94/100|[from] Stealth Rock
|move|p2a: Scizor|Superpower|p1a: Ferrothorn
|-supereffective|p1a: Ferrothorn
|-damage|p1a: Ferrothorn|28/100
|-unboost|p2a: Scizor|atk|1
|-unboost|p2a: Scizor|def|1
|-damage|p2a: Scizor|34/100|[from] ability: Iron Barbs|[of] p1a: Ferrothorn
|
|-weather|Sandstorm|[upkeep]
|-heal|p1a: Ferrothorn|35/100|[from] item: Leftovers
|upkeep
|turn|6
|
|t:|1736619376
|move|p2a: Scizor|Superpower|p1a: Ferrothorn
|-supereffective|p1a: Ferrothorn
|-damage|p1a: Ferrothorn|0 fnt
|-unboost|p2a: Scizor|atk|1
|-unboost|p2a: Scizor|def|1
|-damage|p2a: Scizor|21/100|[from] ability: Iron Barbs|[of] p1a: Ferrothorn
|faint|p1a: Ferrothorn
|
|-weather|Sandstorm|[upkeep]
|upkeep
|
|t:|1736619383
|switch|p1a: Excadrill|Excadrill, M|97/100
|-damage|p1a: Excadrill|94/100|[from] Stealth Rock
|-ability|p1a: Excadrill|Mold Breaker
|turn|7
|
|t:|1736619390
|move|p1a: Excadrill|Rapid Spin|p2a: Scizor
|-resisted|p2a: Scizor
|-damage|p2a: Scizor|11/100
|-sideend|p1: krukz|Stealth Rock|[from] move: Rapid Spin|[of] p1a: Excadrill
|move|p2a: Scizor|Superpower|p1a: Excadrill
|-supereffective|p1a: Excadrill
|-damage|p1a: Excadrill|34/100
|-unboost|p2a: Scizor|atk|1
|-unboost|p2a: Scizor|def|1
|
|-weather|Sandstorm|[upkeep]
|upkeep
|turn|8
|
|t:|1736619402
|switch|p1a: Keldeo|Keldeo|100/100
|switch|p2a: Gengar|Gengar, M|100/100
|
|-weather|Sandstorm|[upkeep]
|-damage|p2a: Gengar|94/100|[from] Sandstorm
|-damage|p1a: Keldeo|94/100|[from] Sandstorm
|-heal|p1a: Keldeo|100/100|[from] item: Leftovers
|upkeep
|turn|9
|inactive|HydreigonSpammer has 90 seconds left.
|
|t:|1736619420
|move|p2a: Gengar|Energy Ball|p1a: Keldeo
|-supereffective|p1a: Keldeo
|-damage|p1a: Keldeo|22/100
|-damage|p2a: Gengar|84/100|[from] item: Life Orb
|move|p1a: Keldeo|Scald|p2a: Gengar
|-damage|p2a: Gengar|17/100
|-status|p2a: Gengar|brn
|
|-weather|Sandstorm|[upkeep]
|-damage|p2a: Gengar|11/100 brn|[from] Sandstorm
|-damage|p1a: Keldeo|15/100|[from] Sandstorm
|-heal|p1a: Keldeo|22/100|[from] item: Leftovers
|-damage|p2a: Gengar|0 fnt|[from] brn
|faint|p2a: Gengar
|upkeep
|inactive|HydreigonSpammer has 90 seconds left.
|
|t:|1736619433
|switch|p2a: Scizor|Scizor, F|11/100
|turn|10
|inactive|HydreigonSpammer has 90 seconds left.
|
|t:|1736619445
|move|p1a: Keldeo|Protect|p1a: Keldeo
|-singleturn|p1a: Keldeo|Protect
|move|p2a: Scizor|Superpower|p1a: Keldeo
|-activate|p1a: Keldeo|move: Protect
|
|-weather|Sandstorm|[upkeep]
|-damage|p1a: Keldeo|15/100|[from] Sandstorm
|-heal|p1a: Keldeo|22/100|[from] item: Leftovers
|upkeep
|turn|11
|inactive|HydreigonSpammer has 90 seconds left.
|
|t:|1736619455
|switch|p2a: Celebi|Celebi|100/100
|move|p1a: Keldeo|Scald|p2a: Celebi
|-resisted|p2a: Celebi
|-damage|p2a: Celebi|80/100
|-status|p2a: Celebi|brn
|
|-weather|Sandstorm|[upkeep]
|-damage|p1a: Keldeo|15/100|[from] Sandstorm
|-damage|p2a: Celebi|74/100 brn|[from] Sandstorm
|-heal|p1a: Keldeo|22/100|[from] item: Leftovers
|-heal|p2a: Celebi|80/100 brn|[from] item: Leftovers
|-damage|p2a: Celebi|67/100 brn|[from] brn
|upkeep
|turn|12
|
|t:|1736619461
|move|p1a: Keldeo|Protect|p1a: Keldeo
|-singleturn|p1a: Keldeo|Protect
|move|p2a: Celebi|Nasty Plot|p2a: Celebi
|-boost|p2a: Celebi|spa|2
|
|-weather|Sandstorm|[upkeep]
|-damage|p1a: Keldeo|15/100|[from] Sandstorm
|-damage|p2a: Celebi|61/100 brn|[from] Sandstorm
|-heal|p1a: Keldeo|22/100|[from] item: Leftovers
|-heal|p2a: Celebi|67/100 brn|[from] item: Leftovers
|-damage|p2a: Celebi|55/100 brn|[from] brn
|upkeep
|turn|13
|
|t:|1736619476
|move|p1a: Keldeo|Secret Sword|p2a: Celebi
|-resisted|p2a: Celebi
|-damage|p2a: Celebi|33/100 brn
|move|p2a: Celebi|Giga Drain|p1a: Keldeo
|-supereffective|p1a: Keldeo
|-damage|p1a: Keldeo|0 fnt
|-heal|p2a: Celebi|43/100 brn|[from] drain|[of] p1a: Keldeo
|faint|p1a: Keldeo
|
|-weather|Sandstorm|[upkeep]
|-damage|p2a: Celebi|37/100 brn|[from] Sandstorm
|-heal|p2a: Celebi|43/100 brn|[from] item: Leftovers
|-damage|p2a: Celebi|31/100 brn|[from] brn
|upkeep
|
|t:|1736619487
|switch|p1a: Excadrill|Excadrill, M|34/100
|-ability|p1a: Excadrill|Mold Breaker
|turn|14
|
|t:|1736619498
|move|p1a: Excadrill|Iron Head|p2a: Celebi
|-damage|p2a: Celebi|0 fnt
|faint|p2a: Celebi
|
|-weather|Sandstorm|[upkeep]
|upkeep
|
|t:|1736619504
|switch|p2a: Latios|Latios, M|100/100
|turn|15
|
|t:|1736619508
|switch|p1a: Tyranitar|Tyranitar, M|100/100
|move|p2a: Latios|Surf|p1a: Tyranitar
|-supereffective|p1a: Tyranitar
|-damage|p1a: Tyranitar|71/100
|
|-weather|Sandstorm|[upkeep]
|-damage|p2a: Latios|95/100|[from] Sandstorm
|upkeep
|turn|16
|
|t:|1736619513
|move|p2a: Latios|Surf|p1a: Tyranitar
|-supereffective|p1a: Tyranitar
|-damage|p1a: Tyranitar|40/100
|move|p1a: Tyranitar|Pursuit|p2a: Latios
|-supereffective|p2a: Latios
|-damage|p2a: Latios|36/100
|
|-weather|Sandstorm|[upkeep]
|-damage|p2a: Latios|30/100|[from] Sandstorm
|upkeep
|turn|17
|
|t:|1736619518
|move|p2a: Latios|Surf|p1a: Tyranitar
|-supereffective|p1a: Tyranitar
|-damage|p1a: Tyranitar|10/100
|move|p1a: Tyranitar|Pursuit|p2a: Latios
|-supereffective|p2a: Latios
|-damage|p2a: Latios|0 fnt
|faint|p2a: Latios
|
|-weather|Sandstorm|[upkeep]
|upkeep
|c|☆krukz|gg
|
|t:|1736619529
|switch|p2a: Kyurem|Kyurem-Black|78/100
|-ability|p2a: Kyurem|Teravolt
|turn|18
|
|t:|1736619533
|move|p2a: Kyurem|Ice Beam|p1a: Tyranitar
|-damage|p1a: Tyranitar|0 fnt
|faint|p1a: Tyranitar
|-damage|p2a: Kyurem|68/100|[from] item: Life Orb
|
|-weather|Sandstorm|[upkeep]
|-damage|p2a: Kyurem|62/100|[from] Sandstorm
|upkeep
|
|t:|1736619536
|switch|p1a: Excadrill|Excadrill, M|34/100
|-ability|p1a: Excadrill|Mold Breaker
|turn|19
|
|t:|1736619542
|move|p1a: Excadrill|Iron Head|p2a: Kyurem
|-supereffective|p2a: Kyurem
|-damage|p2a: Kyurem|0 fnt
|faint|p2a: Kyurem
|
|-weather|Sandstorm|[upkeep]
|upkeep
|-message|HydreigonSpammer forfeited.
|
|win|krukz
|raw|krukz's rating: 1396 &rarr; <strong>1419</strong><br />(+23 for winning)
|raw|HydreigonSpammer's rating: 1442 &rarr; <strong>1419</strong><br />(-23 for losing)
|l|☆HydreigonSpammer
|player|p2|
