|j|☆testaccount5ou
|j|☆OrionJTK
|player|p1|testaccount5ou|169|1329
|player|p2|OrionJTK|pokemonranger|1350
|teamsize|p1|6
|teamsize|p2|6
|gametype|singles
|gen|5
|tier|[Gen 5] OU
|rated|
|clearpoke
|poke|p1|Garchomp, M|item
|poke|p1|Alakazam, F|item
|poke|p1|Jellicent, M|item
|poke|p1|Scizor, F|item
|poke|p1|Tyranitar, F|item
|poke|p1|Eelektross, F|item
|poke|p2|Politoed, F|item
|poke|p2|Tornadus, M|item
|poke|p2|Toxicroak, F|item
|poke|p2|Tentacruel, M|item
|poke|p2|Mamoswine, F|item
|poke|p2|Hydreigon, M|item
|rule|Species Clause: Limit one of each Pokémon
|rule|OHKO Clause: OHKO moves are banned
|rule|Moody Clause: Moody is banned
|rule|Evasion Moves Clause: Evasion moves are banned
|rule|Endless Battle Clause: Forcing endless battles is banned
|rule|HP Percentage Mod: HP is shown in percentages
|rule|Evasion Abilities Clause: Evasion abilities are banned
|rule|Baton Pass Clause: Limit one Baton Passer, can't pass Spe and other stats simultaneously
|rule|Sleep Clause: Sleep-inducing moves are banned
|rule|Swagger Clause: Swagger is banned
|teampreview
|inactive|Battle timer is ON: inactive players will automatically lose when time's up. (requested by OrionJTK)
|
|start
|switch|p1a: Scizor|Scizor, F|100/100
|switch|p2a: Mamoswine|Mamoswine, F|100/100
|turn|1
|
|move|p1a: Scizor|Bullet Punch|p2a: Mamoswine
|-supereffective|p2a: Mamoswine
|-enditem|p2a: Mamoswine|Focus Sash
|-damage|p2a: Mamoswine|1/100
|move|p2a: Mamoswine|Endeavor|p1a: Scizor
|-damage|p1a: Scizor|1/100
|
|upkeep
|turn|2
|
|move|p2a: Mamoswine|Ice Shard|p1a: Scizor
|-resisted|p1a: Scizor
|-damage|p1a: Scizor|0 fnt
|faint|p1a: Scizor
|
|upkeep
|
|switch|p1a: Alakazam|Alakazam, F|100/100
|turn|3
|
|move|p2a: Mamoswine|Ice Shard|p1a: Alakazam
|-crit|p1a: Alakazam
|-damage|p1a: Alakazam|0 fnt
|faint|p1a: Alakazam
|
|upkeep
|c|☆testaccount5ou|lol nice
|
|switch|p1a: Eelektross|Eelektross, F|100/100
|turn|4
|
|move|p2a: Mamoswine|Stealth Rock|p1a: Eelektross
|-sidestart|p1: testaccount5ou|move: Stealth Rock
|move|p1a: Eelektross|Giga Drain|p2a: Mamoswine
|-supereffective|p2a: Mamoswine
|-damage|p2a: Mamoswine|0 fnt
|faint|p2a: Mamoswine
|
|upkeep
|
|switch|p2a: Hydreigon|Hydreigon, M|100/100
|turn|5
|
|move|p2a: Hydreigon|Substitute|p2a: Hydreigon
|-start|p2a: Hydreigon|Substitute
|-damage|p2a: Hydreigon|76/100
|move|p1a: Eelektross|Superpower|p2a: Hydreigon
|-supereffective|p2a: Hydreigon
|-end|p2a: Hydreigon|Substitute
|-unboost|p1a: Eelektross|atk|1
|-unboost|p1a: Eelektross|def|1
|
|-heal|p2a: Hydreigon|82/100|[from] item: Leftovers
|upkeep
|turn|6
|
|move|p2a: Hydreigon|Substitute|p2a: Hydreigon
|-start|p2a: Hydreigon|Substitute
|-damage|p2a: Hydreigon|57/100
|move|p1a: Eelektross|Superpower|p2a: Hydreigon
|-supereffective|p2a: Hydreigon
|-end|p2a: Hydreigon|Substitute
|-unboost|p1a: Eelektross|atk|1
|-unboost|p1a: Eelektross|def|1
|
|-heal|p2a: Hydreigon|63/100|[from] item: Leftovers
|upkeep
|turn|7
|
|switch|p1a: Garchomp|Garchomp, M|100/100
|-damage|p1a: Garchomp|94/100|[from] Stealth Rock
|move|p2a: Hydreigon|Substitute|p2a: Hydreigon
|-start|p2a: Hydreigon|Substitute
|-damage|p2a: Hydreigon|38/100
|
|-heal|p2a: Hydreigon|44/100|[from] item: Leftovers
|upkeep
|turn|8
|
|move|p1a: Garchomp|Dual Chop|p2a: Hydreigon
|-supereffective|p2a: Hydreigon
|-end|p2a: Hydreigon|Substitute
|-supereffective|p2a: Hydreigon
|-damage|p2a: Hydreigon|0 fnt
|-hitcount|p2a: Hydreigon|2
|faint|p2a: Hydreigon
|
|upkeep
|
|switch|p2a: Politoed|Politoed, F|100/100
|-weather|RainDance|[from] ability: Drizzle|[of] p2a: Politoed
|turn|9
|
|switch|p1a: Jellicent|Jellicent, M|100/100
|-damage|p1a: Jellicent|88/100|[from] Stealth Rock
|move|p2a: Politoed|Scald|p1a: Jellicent
|-heal|p1a: Jellicent|100/100|[from] ability: Water Absorb|[of] p2a: Politoed
|
|-weather|RainDance|[upkeep]
|upkeep
|turn|10
|
|move|p1a: Jellicent|Water Spout|p2a: Politoed
|-resisted|p2a: Politoed
|-damage|p2a: Politoed|38/100
|move|p2a: Politoed|Toxic|p1a: Jellicent
|-status|p1a: Jellicent|tox
|
|-weather|RainDance|[upkeep]
|-heal|p2a: Politoed|44/100|[from] item: Leftovers
|-damage|p1a: Jellicent|94/100 tox|[from] psn
|upkeep
|turn|11
|
|switch|p2a: Toxicroak|Toxicroak, F|100/100
|move|p1a: Jellicent|Water Spout|p2a: Toxicroak
|-immune|p2a: Toxicroak|[from] ability: Dry Skin
|
|-weather|RainDance|[upkeep]
|-damage|p1a: Jellicent|82/100 tox|[from] psn
|upkeep
|turn|12
|
|switch|p1a: Eelektross|Eelektross, F|100/100
|-damage|p1a: Eelektross|88/100|[from] Stealth Rock
|move|p2a: Toxicroak|Swords Dance|p2a: Toxicroak
|-boost|p2a: Toxicroak|atk|2
|
|-weather|RainDance|[upkeep]
|-heal|p1a: Eelektross|94/100|[from] item: Leftovers
|upkeep
|turn|13
|
|move|p2a: Toxicroak|Drain Punch|p1a: Eelektross
|-damage|p1a: Eelektross|0 fnt
|-damage|p2a: Toxicroak|91/100|[from] item: Life Orb
|faint|p1a: Eelektross
|
|-weather|RainDance|[upkeep]
|-heal|p2a: Toxicroak|100/100|[from] ability: Dry Skin
|upkeep
|
|switch|p1a: Garchomp|Garchomp, M|94/100
|-damage|p1a: Garchomp|88/100|[from] Stealth Rock
|turn|14
|
|move|p2a: Toxicroak|Sucker Punch|p1a: Garchomp
|-damage|p1a: Garchomp|21/100
|-damage|p2a: Toxicroak|88/100|[from] ability: Rough Skin|[of] p1a: Garchomp
|-damage|p2a: Toxicroak|78/100|[from] item: Life Orb
|move|p1a: Garchomp|Earthquake|p2a: Toxicroak
|-supereffective|p2a: Toxicroak
|-damage|p2a: Toxicroak|0 fnt
|faint|p2a: Toxicroak
|
|-weather|RainDance|[upkeep]
|upkeep
|
|switch|p2a: Tornadus|Tornadus, M|100/100
|turn|15
|
|switch|p1a: Tyranitar|Tyranitar, F|100/100
|-damage|p1a: Tyranitar|88/100|[from] Stealth Rock
|-weather|Sandstorm|[from] ability: Sand Stream|[of] p1a: Tyranitar
|move|p2a: Tornadus|Focus Blast|p1a: Tyranitar
|-supereffective|p1a: Tyranitar
|-damage|p1a: Tyranitar|0 fnt
|faint|p1a: Tyranitar
|
|-weather|Sandstorm|[upkeep]
|-damage|p2a: Tornadus|94/100|[from] Sandstorm
|upkeep
|inactive|testaccount5ou has 120 seconds left.
|
|switch|p1a: Jellicent|Jellicent, M|82/100 tox
|-damage|p1a: Jellicent|69/100 tox|[from] Stealth Rock
|turn|16
|
|switch|p2a: Tentacruel|Tentacruel, M|100/100
|move|p1a: Jellicent|Ice Beam|p2a: Tentacruel
|-resisted|p2a: Tentacruel
|-damage|p2a: Tentacruel|83/100
|-status|p2a: Tentacruel|frz
|
|-weather|Sandstorm|[upkeep]
|-damage|p2a: Tentacruel|77/100 frz|[from] Sandstorm
|-damage|p1a: Jellicent|63/100 tox|[from] Sandstorm
|-heal|p2a: Tentacruel|83/100 frz|[from] item: Black Sludge
|-damage|p1a: Jellicent|57/100 tox|[from] psn
|upkeep
|turn|17
|
|-curestatus|p2a: Tentacruel|frz|[from] move: Scald
|move|p2a: Tentacruel|Scald|p1a: Jellicent
|-heal|p1a: Jellicent|82/100 tox|[from] ability: Water Absorb|[of] p2a: Tentacruel
|move|p1a: Jellicent|Ice Beam|p2a: Tentacruel
|-resisted|p2a: Tentacruel
|-damage|p2a: Tentacruel|68/100
|
|-weather|Sandstorm|[upkeep]
|-damage|p2a: Tentacruel|62/100|[from] Sandstorm
|-damage|p1a: Jellicent|75/100 tox|[from] Sandstorm
|-heal|p2a: Tentacruel|68/100|[from] item: Black Sludge
|-damage|p1a: Jellicent|63/100 tox|[from] psn
|upkeep
|turn|18
|
|switch|p2a: Politoed|Politoed, F|44/100
|-weather|RainDance|[from] ability: Drizzle|[of] p2a: Politoed
|switch|p1a: Garchomp|Garchomp, M|21/100
|-damage|p1a: Garchomp|15/100|[from] Stealth Rock
|
|-weather|RainDance|[upkeep]
|-heal|p2a: Politoed|50/100|[from] item: Leftovers
|upkeep
|turn|19
|
|move|p2a: Politoed|Protect|p2a: Politoed
|-singleturn|p2a: Politoed|Protect
|move|p1a: Garchomp|Outrage|p2a: Politoed
|-activate|p2a: Politoed|move: Protect
|
|-weather|RainDance|[upkeep]
|-heal|p2a: Politoed|56/100|[from] item: Leftovers
|upkeep
|turn|20
|
|move|p1a: Garchomp|Outrage|p2a: Politoed
|-damage|p2a: Politoed|8/100
|move|p2a: Politoed|Scald|p1a: Garchomp
|-damage|p1a: Garchomp|0 fnt
|faint|p1a: Garchomp
|
|-weather|RainDance|[upkeep]
|-heal|p2a: Politoed|14/100|[from] item: Leftovers
|upkeep
|
|switch|p1a: Jellicent|Jellicent, M|63/100 tox
|-damage|p1a: Jellicent|50/100 tox|[from] Stealth Rock
|turn|21
|
|move|p2a: Politoed|Protect|p2a: Politoed
|-singleturn|p2a: Politoed|Protect
|move|p1a: Jellicent|Shadow Ball|p2a: Politoed
|-activate|p2a: Politoed|move: Protect
|
|-weather|RainDance|[upkeep]
|-heal|p2a: Politoed|20/100|[from] item: Leftovers
|-damage|p1a: Jellicent|44/100 tox|[from] psn
|upkeep
|turn|22
|
|switch|p2a: Tentacruel|Tentacruel, M|68/100
|move|p1a: Jellicent|Shadow Ball|p2a: Tentacruel
|-damage|p2a: Tentacruel|24/100
|
|-weather|RainDance|[upkeep]
|-heal|p2a: Tentacruel|30/100|[from] ability: Rain Dish
|-heal|p2a: Tentacruel|36/100|[from] item: Black Sludge
|-damage|p1a: Jellicent|32/100 tox|[from] psn
|upkeep
|turn|23
|
|move|p2a: Tentacruel|Protect|p2a: Tentacruel
|-singleturn|p2a: Tentacruel|Protect
|move|p1a: Jellicent|Shadow Ball|p2a: Tentacruel
|-activate|p2a: Tentacruel|move: Protect
|
|-weather|RainDance|[upkeep]
|-heal|p2a: Tentacruel|42/100|[from] ability: Rain Dish
|-heal|p2a: Tentacruel|48/100|[from] item: Black Sludge
|-damage|p1a: Jellicent|13/100 tox|[from] psn
|upkeep
|turn|24
|
|move|p2a: Tentacruel|Toxic|p1a: Jellicent
|-fail|p1a: Jellicent|tox
|move|p1a: Jellicent|Shadow Ball|p2a: Tentacruel
|-damage|p2a: Tentacruel|10/100
|
|-weather|RainDance|[upkeep]
|-heal|p2a: Tentacruel|16/100|[from] ability: Rain Dish
|-heal|p2a: Tentacruel|22/100|[from] item: Black Sludge
|-damage|p1a: Jellicent|0 fnt|[from] psn
|faint|p1a: Jellicent
|
|win|OrionJTK
|upkeep
|l|☆OrionJTK
|raw|testaccount5ou's rating: 1329 &rarr; <strong>1310</strong><br />(-19 for losing)
|raw|OrionJTK's rating: 1350 &rarr; <strong>1369</strong><br />(+19 for winning)
|c|☆testaccount5ou|gg
