|j|☆camellia dream
|j|☆ghosted by brizz
|t:|1711801564
|gametype|singles
|player|p1|camellia dream|lyra|1329
|player|p2|ghosted by brizz|lady-gen6oras|1431
|teamsize|p1|6
|teamsize|p2|6
|gen|5
|tier|[Gen 5] OU
|rated|
|rule|Species Clause: Limit one of each Pokémon
|rule|OHKO Clause: OHKO moves are banned
|rule|Moody Clause: Moody is banned
|rule|Evasion Items Clause: Evasion items are banned
|rule|Evasion Moves Clause: Evasion moves are banned
|rule|Endless Battle Clause: Forcing endless battles is banned
|rule|HP Percentage Mod: HP is shown in percentages
|rule|Evasion Abilities Clause: Evasion abilities are banned
|rule|Sleep Moves Clause: Sleep-inducing moves are banned
|rule|Swagger Clause: Swagger is banned
|rule|Baton Pass Stat Clause: No Baton Passer may have a way to boost its stats
|clearpoke
|poke|p1|Hippowdon, M|item
|poke|p1|Skarmory, M|item
|poke|p1|Latios, M|item
|poke|p1|Alakazam, M|item
|poke|p1|Jellicent, M|item
|poke|p1|Clefable, F|item
|poke|p2|Xatu, M|item
|poke|p2|Landorus-Therian, M|item
|poke|p2|Tyranitar, F|item
|poke|p2|Rotom-Wash|item
|poke|p2|Terrakion|item
|poke|p2|Latios, M|item
|teampreview
|inactive|Battle timer is ON: inactive players will automatically lose when time's up. (requested by camellia dream)
|inactive|camellia dream has 120 seconds left.
|inactive|ghosted by brizz has 120 seconds left.
|
|t:|1711801619
|start
|switch|p1a: Latios|Latios, M|100/100
|switch|p2a: Landorus|Landorus-Therian, M|100/100
|-ability|p2a: Landorus|Intimidate|boost
|-unboost|p1a: Latios|atk|1
|turn|1
|
|t:|1711801627
|switch|p1a: Skarmory|Skarmory, M|100/100
|switch|p2a: Tyranitar|Tyranitar, F|100/100
|-weather|Sandstorm|[from] ability: Sand Stream|[of] p2a: Tyranitar
|
|-weather|Sandstorm|[upkeep]
|upkeep
|turn|2
|
|t:|1711801629
|switch|p2a: Xatu|Xatu, M|100/100
|move|p1a: Skarmory|Spikes|p2a: Xatu
|move|p2a: Xatu|Spikes|p1a: Skarmory|[from]ability: Magic Bounce
|-sidestart|p1: camellia dream|Spikes
|
|-weather|Sandstorm|[upkeep]
|-damage|p2a: Xatu|95/100|[from] Sandstorm
|upkeep
|turn|3
|
|t:|1711801636
|switch|p1a: Clefable|Clefable, F|100/100
|move|p2a: Xatu|U-turn|p1a: Clefable
|-damage|p1a: Clefable|87/100
|
|t:|1711801638
|switch|p2a: Terrakion|Terrakion|100/100|[from] U-turn
|
|-weather|Sandstorm|[upkeep]
|-heal|p1a: Clefable|93/100|[from] item: Leftovers
|upkeep
|turn|4
|
|t:|1711801641
|switch|p1a: Skarmory|Skarmory, M|100/100
|move|p2a: Terrakion|Close Combat|p1a: Skarmory
|-damage|p1a: Skarmory|43/100
|-unboost|p2a: Terrakion|def|1
|-unboost|p2a: Terrakion|spd|1
|
|-weather|Sandstorm|[upkeep]
|-heal|p1a: Skarmory|49/100|[from] item: Leftovers
|upkeep
|turn|5
|
|t:|1711801648
|switch|p2a: Rotom|Rotom-Wash|100/100
|switch|p1a: Jellicent|Jellicent, M|100/100
|-damage|p1a: Jellicent|88/100|[from] Spikes
|
|-weather|Sandstorm|[upkeep]
|-damage|p2a: Rotom|94/100|[from] Sandstorm
|-damage|p1a: Jellicent|82/100|[from] Sandstorm
|-heal|p2a: Rotom|100/100|[from] item: Leftovers
|-heal|p1a: Jellicent|88/100|[from] item: Leftovers
|upkeep
|turn|6
|
|t:|1711801653
|move|p2a: Rotom|Volt Switch|p1a: Jellicent
|-supereffective|p1a: Jellicent
|-damage|p1a: Jellicent|45/100
|
|t:|1711801655
|switch|p2a: Xatu|Xatu, M|95/100|[from] Volt Switch
|move|p1a: Jellicent|Will-O-Wisp|p2a: Xatu
|move|p2a: Xatu|Will-O-Wisp|p1a: Jellicent|[from]ability: Magic Bounce|[miss]
|-miss|p2a: Xatu|p1a: Jellicent
|
|-weather|Sandstorm|[upkeep]
|-damage|p2a: Xatu|89/100|[from] Sandstorm
|-damage|p1a: Jellicent|39/100|[from] Sandstorm
|-heal|p1a: Jellicent|45/100|[from] item: Leftovers
|upkeep
|turn|7
|
|t:|1711801660
|switch|p1a: Clefable|Clefable, F|93/100
|move|p2a: Xatu|U-turn|p1a: Clefable
|-damage|p1a: Clefable|78/100
|
|t:|1711801662
|switch|p2a: Terrakion|Terrakion|100/100|[from] U-turn
|
|-weather|Sandstorm|[upkeep]
|-heal|p1a: Clefable|84/100|[from] item: Leftovers
|upkeep
|turn|8
|
|t:|1711801667
|switch|p1a: Hippowdon|Hippowdon, M|100/100
|-damage|p1a: Hippowdon|88/100|[from] Spikes
|move|p2a: Terrakion|Close Combat|p1a: Hippowdon
|-damage|p1a: Hippowdon|20/100
|-unboost|p2a: Terrakion|def|1
|-unboost|p2a: Terrakion|spd|1
|
|-weather|Sandstorm|[upkeep]
|-heal|p1a: Hippowdon|26/100|[from] item: Leftovers
|upkeep
|turn|9
|
|t:|1711801673
|switch|p1a: Jellicent|Jellicent, M|45/100
|-damage|p1a: Jellicent|33/100|[from] Spikes
|move|p2a: Terrakion|Close Combat|p1a: Jellicent
|-immune|p1a: Jellicent
|
|-weather|Sandstorm|[upkeep]
|-damage|p1a: Jellicent|26/100|[from] Sandstorm
|-heal|p1a: Jellicent|33/100|[from] item: Leftovers
|upkeep
|turn|10
|
|t:|1711801679
|switch|p2a: Tyranitar|Tyranitar, F|100/100
|move|p1a: Jellicent|Recover|p1a: Jellicent
|-heal|p1a: Jellicent|83/100
|
|-weather|Sandstorm|[upkeep]
|-damage|p1a: Jellicent|76/100|[from] Sandstorm
|-heal|p1a: Jellicent|83/100|[from] item: Leftovers
|upkeep
|turn|11
|
|t:|1711801682
|move|p2a: Tyranitar|Crunch|p1a: Jellicent
|-supereffective|p1a: Jellicent
|-damage|p1a: Jellicent|20/100
|move|p1a: Jellicent|Will-O-Wisp|p2a: Tyranitar
|-status|p2a: Tyranitar|brn
|
|-weather|Sandstorm|[upkeep]
|-damage|p1a: Jellicent|14/100|[from] Sandstorm
|-heal|p1a: Jellicent|20/100|[from] item: Leftovers
|-damage|p2a: Tyranitar|88/100 brn|[from] brn
|upkeep
|turn|12
|
|t:|1711801685
|switch|p1a: Hippowdon|Hippowdon, M|26/100
|-damage|p1a: Hippowdon|14/100|[from] Spikes
|move|p2a: Tyranitar|Crunch|p1a: Hippowdon
|-damage|p1a: Hippowdon|0 fnt
|faint|p1a: Hippowdon
|
|-weather|Sandstorm|[upkeep]
|-damage|p2a: Tyranitar|76/100 brn|[from] brn
|upkeep
|
|t:|1711801690
|switch|p1a: Skarmory|Skarmory, M|49/100
|turn|13
|
|t:|1711801696
|switch|p2a: Rotom|Rotom-Wash|100/100
|move|p1a: Skarmory|Roost|p1a: Skarmory
|-heal|p1a: Skarmory|99/100
|-singleturn|p1a: Skarmory|move: Roost
|
|-weather|Sandstorm|[upkeep]
|-damage|p2a: Rotom|94/100|[from] Sandstorm
|-heal|p2a: Rotom|100/100|[from] item: Leftovers
|-heal|p1a: Skarmory|100/100|[from] item: Leftovers
|upkeep
|turn|14
|
|t:|1711801701
|switch|p1a: Clefable|Clefable, F|84/100
|move|p2a: Rotom|Volt Switch|p1a: Clefable
|-damage|p1a: Clefable|68/100
|
|t:|1711801704
|switch|p2a: Terrakion|Terrakion|100/100|[from] Volt Switch
|
|-weather|Sandstorm|[upkeep]
|-heal|p1a: Clefable|74/100|[from] item: Leftovers
|upkeep
|turn|15
|
|t:|1711801709
|switch|p1a: Jellicent|Jellicent, M|20/100
|-damage|p1a: Jellicent|8/100|[from] Spikes
|move|p2a: Terrakion|Stone Edge|p1a: Jellicent|[miss]
|-miss|p2a: Terrakion|p1a: Jellicent
|
|-weather|Sandstorm|[upkeep]
|-damage|p1a: Jellicent|1/100|[from] Sandstorm
|-heal|p1a: Jellicent|8/100|[from] item: Leftovers
|upkeep
|turn|16
|
|t:|1711801716
|move|p2a: Terrakion|Stone Edge|p1a: Jellicent
|-damage|p1a: Jellicent|0 fnt
|faint|p1a: Jellicent
|
|-weather|Sandstorm|[upkeep]
|upkeep
|
|t:|1711801718
|switch|p1a: Latios|Latios, M|100/100
|turn|17
|
|t:|1711801722
|switch|p2a: Tyranitar|Tyranitar, F|76/100 brn
|move|p1a: Latios|Thunder Wave||[still]
|-fail|p1a: Latios
|
|-weather|Sandstorm|[upkeep]
|-damage|p1a: Latios|95/100|[from] Sandstorm
|-damage|p2a: Tyranitar|64/100 brn|[from] brn
|upkeep
|turn|18
|
|t:|1711801726
|move|p2a: Tyranitar|Pursuit|p1a: Latios
|-supereffective|p1a: Latios
|-enditem|p1a: Latios|Colbur Berry|[eat]
|-enditem|p1a: Latios|Colbur Berry|[weaken]
|-damage|p1a: Latios|80/100
|move|p1a: Latios|Surf|p2a: Tyranitar
|-supereffective|p2a: Tyranitar
|-damage|p2a: Tyranitar|21/100 brn
|
|-weather|Sandstorm|[upkeep]
|-damage|p1a: Latios|74/100|[from] Sandstorm
|-damage|p2a: Tyranitar|9/100 brn|[from] brn
|upkeep
|turn|19
|
|t:|1711801729
|move|p2a: Tyranitar|Pursuit|p1a: Latios
|-supereffective|p1a: Latios
|-crit|p1a: Latios
|-damage|p1a: Latios|12/100
|move|p1a: Latios|Recover|p1a: Latios
|-heal|p1a: Latios|62/100
|
|-weather|Sandstorm|[upkeep]
|-damage|p1a: Latios|56/100|[from] Sandstorm
|-damage|p2a: Tyranitar|0 fnt|[from] brn
|faint|p2a: Tyranitar
|upkeep
|
|t:|1711801744
|switch|p2a: Rotom|Rotom-Wash|100/100
|turn|20
|
|t:|1711801747
|move|p1a: Latios|Thunder Wave|p2a: Rotom
|-status|p2a: Rotom|par
|move|p2a: Rotom|Will-O-Wisp|p1a: Latios
|-status|p1a: Latios|brn
|
|-weather|Sandstorm|[upkeep]
|-damage|p1a: Latios|50/100 brn|[from] Sandstorm
|-damage|p2a: Rotom|94/100 par|[from] Sandstorm
|-heal|p2a: Rotom|100/100 par|[from] item: Leftovers
|-damage|p1a: Latios|38/100 brn|[from] brn
|upkeep
|turn|21
|
|t:|1711801751
|move|p1a: Latios|Recover|p1a: Latios
|-heal|p1a: Latios|88/100 brn
|move|p2a: Rotom|Volt Switch|p1a: Latios
|-resisted|p1a: Latios
|-damage|p1a: Latios|74/100 brn
|
|t:|1711801755
|switch|p2a: Terrakion|Terrakion|100/100|[from] Volt Switch
|
|-weather|Sandstorm|[upkeep]
|-damage|p1a: Latios|68/100 brn|[from] Sandstorm
|-damage|p1a: Latios|56/100 brn|[from] brn
|upkeep
|turn|22
|
|t:|1711801762
|switch|p2a: Rotom|Rotom-Wash|100/100 par
|move|p1a: Latios|Thunder Wave|p2a: Rotom
|-fail|p2a: Rotom|par
|
|-weather|Sandstorm|[upkeep]
|-damage|p1a: Latios|50/100 brn|[from] Sandstorm
|-damage|p2a: Rotom|94/100 par|[from] Sandstorm
|-heal|p2a: Rotom|100/100 par|[from] item: Leftovers
|-damage|p1a: Latios|38/100 brn|[from] brn
|upkeep
|turn|23
|
|t:|1711801765
|move|p1a: Latios|Recover|p1a: Latios
|-heal|p1a: Latios|88/100 brn
|move|p2a: Rotom|Volt Switch|p1a: Latios
|-resisted|p1a: Latios
|-crit|p1a: Latios
|-damage|p1a: Latios|63/100 brn
|
|t:|1711801774
|switch|p2a: Terrakion|Terrakion|100/100|[from] Volt Switch
|
|-weather|Sandstorm|[upkeep]
|-damage|p1a: Latios|57/100 brn|[from] Sandstorm
|-damage|p1a: Latios|45/100 brn|[from] brn
|upkeep
|turn|24
|
|t:|1711801781
|switch|p2a: Rotom|Rotom-Wash|100/100 par
|move|p1a: Latios|Thunder Wave|p2a: Rotom
|-fail|p2a: Rotom|par
|
|-weather|Sandstorm|[upkeep]
|-damage|p1a: Latios|39/100 brn|[from] Sandstorm
|-damage|p2a: Rotom|94/100 par|[from] Sandstorm
|-heal|p2a: Rotom|100/100 par|[from] item: Leftovers
|-damage|p1a: Latios|27/100 brn|[from] brn
|upkeep
|turn|25
|
|t:|1711801784
|move|p1a: Latios|Recover|p1a: Latios
|-heal|p1a: Latios|77/100 brn
|move|p2a: Rotom|Volt Switch|p1a: Latios
|-resisted|p1a: Latios
|-damage|p1a: Latios|64/100 brn
|
|t:|1711801789
|switch|p2a: Terrakion|Terrakion|100/100|[from] Volt Switch
|
|-weather|Sandstorm|[upkeep]
|-damage|p1a: Latios|58/100 brn|[from] Sandstorm
|-damage|p1a: Latios|46/100 brn|[from] brn
|upkeep
|turn|26
|
|t:|1711801798
|switch|p2a: Rotom|Rotom-Wash|100/100 par
|move|p1a: Latios|Draco Meteor|p2a: Rotom
|-damage|p2a: Rotom|32/100 par
|-unboost|p1a: Latios|spa|2
|
|-weather|Sandstorm|[upkeep]
|-damage|p1a: Latios|40/100 brn|[from] Sandstorm
|-damage|p2a: Rotom|26/100 par|[from] Sandstorm
|-heal|p2a: Rotom|32/100 par|[from] item: Leftovers
|-damage|p1a: Latios|28/100 brn|[from] brn
|upkeep
|turn|27
|
|t:|1711801803
|move|p1a: Latios|Recover|p1a: Latios
|-heal|p1a: Latios|78/100 brn
|move|p2a: Rotom|Pain Split|p1a: Latios
|-sethp|p1a: Latios|55/100 brn|[from] move: Pain Split|[silent]
|-sethp|p2a: Rotom|54/100 par|[from] move: Pain Split
|
|-weather|Sandstorm|[upkeep]
|-damage|p1a: Latios|49/100 brn|[from] Sandstorm
|-damage|p2a: Rotom|48/100 par|[from] Sandstorm
|-heal|p2a: Rotom|54/100 par|[from] item: Leftovers
|-damage|p1a: Latios|37/100 brn|[from] brn
|upkeep
|turn|28
|
|t:|1711801809
|move|p1a: Latios|Recover|p1a: Latios
|-heal|p1a: Latios|87/100 brn
|cant|p2a: Rotom|par
|
|-weather|Sandstorm|[upkeep]
|-damage|p1a: Latios|81/100 brn|[from] Sandstorm
|-damage|p2a: Rotom|48/100 par|[from] Sandstorm
|-heal|p2a: Rotom|54/100 par|[from] item: Leftovers
|-damage|p1a: Latios|69/100 brn|[from] brn
|upkeep
|turn|29
|
|t:|1711801813
|move|p1a: Latios|Draco Meteor|p2a: Rotom
|-damage|p2a: Rotom|22/100 par
|-unboost|p1a: Latios|spa|2
|move|p2a: Rotom|Pain Split|p1a: Latios
|-sethp|p1a: Latios|45/100 brn|[from] move: Pain Split|[silent]
|-sethp|p2a: Rotom|45/100 par|[from] move: Pain Split
|
|-weather|Sandstorm|[upkeep]
|-damage|p1a: Latios|39/100 brn|[from] Sandstorm
|-damage|p2a: Rotom|38/100 par|[from] Sandstorm
|-heal|p2a: Rotom|45/100 par|[from] item: Leftovers
|-damage|p1a: Latios|27/100 brn|[from] brn
|upkeep
|turn|30
|
|t:|1711801818
|move|p1a: Latios|Recover|p1a: Latios
|-heal|p1a: Latios|77/100 brn
|cant|p2a: Rotom|par
|
|-weather|Sandstorm|[upkeep]
|-damage|p1a: Latios|71/100 brn|[from] Sandstorm
|-damage|p2a: Rotom|38/100 par|[from] Sandstorm
|-heal|p2a: Rotom|45/100 par|[from] item: Leftovers
|-damage|p1a: Latios|59/100 brn|[from] brn
|upkeep
|turn|31
|
|t:|1711801821
|move|p1a: Latios|Recover|p1a: Latios
|-heal|p1a: Latios|100/100 brn
|cant|p2a: Rotom|par
|
|-weather|Sandstorm|[upkeep]
|-damage|p1a: Latios|95/100 brn|[from] Sandstorm
|-damage|p2a: Rotom|38/100 par|[from] Sandstorm
|-heal|p2a: Rotom|45/100 par|[from] item: Leftovers
|-damage|p1a: Latios|82/100 brn|[from] brn
|upkeep
|turn|32
|
|t:|1711801826
|move|p1a: Latios|Draco Meteor|p2a: Rotom
|-damage|p2a: Rotom|20/100 par
|-unboost|p1a: Latios|spa|2
|cant|p2a: Rotom|par
|
|-weather|Sandstorm|[upkeep]
|-damage|p1a: Latios|76/100 brn|[from] Sandstorm
|-damage|p2a: Rotom|13/100 par|[from] Sandstorm
|-heal|p2a: Rotom|20/100 par|[from] item: Leftovers
|-damage|p1a: Latios|64/100 brn|[from] brn
|upkeep
|turn|33
|
|t:|1711801829
|move|p1a: Latios|Draco Meteor|p2a: Rotom|[miss]
|-miss|p1a: Latios|p2a: Rotom
|cant|p2a: Rotom|par
|
|-weather|Sandstorm|[upkeep]
|-damage|p1a: Latios|58/100 brn|[from] Sandstorm
|-damage|p2a: Rotom|13/100 par|[from] Sandstorm
|-heal|p2a: Rotom|20/100 par|[from] item: Leftovers
|-damage|p1a: Latios|46/100 brn|[from] brn
|upkeep
|turn|34
|
|t:|1711801831
|move|p1a: Latios|Recover|p1a: Latios
|-heal|p1a: Latios|96/100 brn
|move|p2a: Rotom|Pain Split|p1a: Latios
|-sethp|p1a: Latios|58/100 brn|[from] move: Pain Split|[silent]
|-sethp|p2a: Rotom|57/100 par|[from] move: Pain Split
|
|-weather|Sandstorm|[upkeep]
|-damage|p1a: Latios|52/100 brn|[from] Sandstorm
|-damage|p2a: Rotom|51/100 par|[from] Sandstorm
|-heal|p2a: Rotom|57/100 par|[from] item: Leftovers
|-damage|p1a: Latios|39/100 brn|[from] brn
|upkeep
|turn|35
|
|t:|1711801842
|move|p1a: Latios|Recover|p1a: Latios
|-heal|p1a: Latios|90/100 brn
|cant|p2a: Rotom|par
|
|-weather|Sandstorm|[upkeep]
|-damage|p1a: Latios|84/100 brn|[from] Sandstorm
|-damage|p2a: Rotom|51/100 par|[from] Sandstorm
|-heal|p2a: Rotom|57/100 par|[from] item: Leftovers
|-damage|p1a: Latios|71/100 brn|[from] brn
|upkeep
|turn|36
|
|t:|1711801848
|switch|p1a: Clefable|Clefable, F|74/100
|move|p2a: Rotom|Volt Switch|p1a: Clefable
|-damage|p1a: Clefable|58/100
|
|t:|1711801850
|switch|p2a: Terrakion|Terrakion|100/100|[from] Volt Switch
|
|-weather|Sandstorm|[upkeep]
|-heal|p1a: Clefable|64/100|[from] item: Leftovers
|upkeep
|turn|37
|
|t:|1711801855
|switch|p1a: Skarmory|Skarmory, M|100/100
|move|p2a: Terrakion|Close Combat|p1a: Skarmory
|-crit|p1a: Skarmory
|-ability|p1a: Skarmory|Sturdy
|-damage|p1a: Skarmory|1/100
|-unboost|p2a: Terrakion|def|1
|-unboost|p2a: Terrakion|spd|1
|
|-weather|Sandstorm|[upkeep]
|-heal|p1a: Skarmory|7/100|[from] item: Leftovers
|upkeep
|turn|38
|
|t:|1711801862
|move|p2a: Terrakion|Close Combat|p1a: Skarmory
|-damage|p1a: Skarmory|0 fnt
|-unboost|p2a: Terrakion|def|1
|-unboost|p2a: Terrakion|spd|1
|faint|p1a: Skarmory
|
|-weather|Sandstorm|[upkeep]
|upkeep
|-message|camellia dream forfeited.
|
|win|ghosted by brizz
|raw|camellia dream's rating: 1329 &rarr; <strong>1315</strong><br />(-14 for losing)
|raw|ghosted by brizz's rating: 1431 &rarr; <strong>1445</strong><br />(+14 for winning)
|l|☆camellia dream
|player|p1|
