|j|☆HaxerShouldAllDie
|j|☆uncertainty of tmr
|player|p1|HaxerShouldAllDie|249|1443
|player|p2|uncertainty of tmr|50|1390
|teamsize|p1|6
|teamsize|p2|6
|gametype|singles
|gen|5
|tier|[Gen 5] OU
|rated|
|rule|Sleep Clause Mod: Limit one foe put to sleep
|rule|Species Clause: Limit one of each Pokémon
|rule|OHKO Clause: OHKO moves are banned
|rule|Moody Clause: Moody is banned
|rule|Evasion Moves Clause: Evasion moves are banned
|rule|Endless Battle Clause: Forcing endless battles is banned
|rule|HP Percentage Mod: HP is shown in percentages
|rule|Evasion Abilities Clause: Evasion abilities are banned
|rule|Baton Pass Clause: Limit one Baton Passer, can't pass Spe and other stats simultaneously
|rule|Swagger Clause: Swagger is banned
|clearpoke
|poke|p1|Infernape, M|item
|poke|p1|Breloom, F|item
|poke|p1|Tyranitar, F|item
|poke|p1|Jellicent, M|item
|poke|p1|Bronzong|item
|poke|p1|Reuniclus, F|item
|poke|p2|Gengar, F|item
|poke|p2|Dragonite, M|item
|poke|p2|Alakazam, M|item
|poke|p2|Toxicroak, F|item
|poke|p2|Skarmory, M|item
|poke|p2|Scizor, F|item
|teampreview
|inactive|Battle timer is ON: inactive players will automatically lose when time's up. (requested by uncertainty of tmr)
|
|start
|switch|p1a: Infernape|Infernape, M|100/100
|switch|p2a: Skarmory|Skarmory, M|100/100
|turn|1
|
|move|p1a: Infernape|Fake Out|p2a: Skarmory
|-resisted|p2a: Skarmory
|-crit|p2a: Skarmory
|-damage|p2a: Skarmory|91/100
|cant|p2a: Skarmory|flinch
|
|upkeep
|turn|2
|j| 2broke4this
|
|switch|p2a: Gengar|Gengar, F|100/100
|move|p1a: Infernape|Fire Blast|p2a: Gengar
|-damage|p2a: Gengar|20/100
|
|upkeep
|turn|3
|
|move|p2a: Gengar|Focus Blast|p1a: Infernape|[miss]
|-miss|p2a: Gengar|p1a: Infernape
|move|p1a: Infernape|Stealth Rock|p2a: Gengar
|-sidestart|p2: uncertainty of tmr|move: Stealth Rock
|
|upkeep
|turn|4
|
|move|p2a: Gengar|Focus Blast|p1a: Infernape|[miss]
|-miss|p2a: Gengar|p1a: Infernape
|move|p1a: Infernape|Fire Blast|p2a: Gengar
|-damage|p2a: Gengar|0 fnt
|faint|p2a: Gengar
|
|upkeep
|c|☆HaxerShouldAllDie|Sorry
|
|switch|p2a: Alakazam|Alakazam, M|100/100
|turn|5
|c|☆uncertainty of tmr|Haxer should all die
|c|☆uncertainty of tmr|Lol
|
|switch|p1a: Tyranitar|Tyranitar, F|100/100
|-weather|Sandstorm|[from] ability: Sand Stream|[of] p1a: Tyranitar
|move|p2a: Alakazam|Psychic|p1a: Tyranitar
|-immune|p1a: Tyranitar
|
|-weather|Sandstorm|[upkeep]
|upkeep
|turn|6
|
|switch|p1a: Jellicent|Jellicent, M, shiny|100/100
|move|p2a: Alakazam|Focus Blast|p1a: Jellicent
|-immune|p1a: Jellicent
|
|-weather|Sandstorm|[upkeep]
|-damage|p1a: Jellicent|94/100|[from] Sandstorm
|-heal|p1a: Jellicent|100/100|[from] item: Leftovers
|upkeep
|turn|7
|
|switch|p2a: Skarmory|Skarmory, M|91/100
|-damage|p2a: Skarmory|78/100|[from] Stealth Rock
|move|p1a: Jellicent|Trick Room|p1a: Jellicent
|-fieldstart|move: Trick Room|[of] p1a: Jellicent
|
|-weather|Sandstorm|[upkeep]
|-damage|p1a: Jellicent|94/100|[from] Sandstorm
|-heal|p1a: Jellicent|100/100|[from] item: Leftovers
|upkeep
|turn|8
|inactive|HaxerShouldAllDie has 120 seconds left.
|c|☆HaxerShouldAllDie|Ahah just by my name you should know how many times this kind of things happened to me, so yeah I understand I apologize ^^
|
|move|p1a: Jellicent|Scald|p2a: Skarmory
|-damage|p2a: Skarmory|20/100
|move|p2a: Skarmory|Stealth Rock|p1a: Jellicent
|-sidestart|p1: HaxerShouldAllDie|move: Stealth Rock
|
|-weather|Sandstorm|[upkeep]
|-damage|p1a: Jellicent|94/100|[from] Sandstorm
|-heal|p1a: Jellicent|100/100|[from] item: Leftovers
|upkeep
|turn|9
|-enditem|p2a: Skarmory|Custap Berry|[eat]
|-activate|p2a: Skarmory|item: Custap Berry|[consumed]
|
|move|p2a: Skarmory|Spikes|p1a: Jellicent
|-sidestart|p1: HaxerShouldAllDie|Spikes
|move|p1a: Jellicent|Hidden Power|p2a: Skarmory
|-supereffective|p2a: Skarmory
|-damage|p2a: Skarmory|0 fnt
|faint|p2a: Skarmory
|
|-weather|Sandstorm|[upkeep]
|-damage|p1a: Jellicent|94/100|[from] Sandstorm
|-heal|p1a: Jellicent|100/100|[from] item: Leftovers
|upkeep
|
|switch|p2a: Toxicroak|Toxicroak, F|100/100
|-damage|p2a: Toxicroak|94/100|[from] Stealth Rock
|turn|10
|
|move|p1a: Jellicent|Hidden Power|p2a: Toxicroak
|-damage|p2a: Toxicroak|56/100
|move|p2a: Toxicroak|Swords Dance|p2a: Toxicroak
|-boost|p2a: Toxicroak|atk|2
|
|-weather|Sandstorm|[upkeep]
|-damage|p1a: Jellicent|94/100|[from] Sandstorm
|-damage|p2a: Toxicroak|50/100|[from] Sandstorm
|-heal|p1a: Jellicent|100/100|[from] item: Leftovers
|upkeep
|turn|11
|
|move|p2a: Toxicroak|Sucker Punch|p1a: Jellicent
|-supereffective|p1a: Jellicent
|-damage|p1a: Jellicent|0 fnt
|-damage|p2a: Toxicroak|40/100|[from] item: Life Orb
|faint|p1a: Jellicent
|
|-weather|Sandstorm|[upkeep]
|-damage|p2a: Toxicroak|34/100|[from] Sandstorm
|-fieldend|move: Trick Room
|upkeep
|inactive|HaxerShouldAllDie has 120 seconds left.
|
|switch|p1a: Infernape|Infernape, M|100/100
|-damage|p1a: Infernape|88/100|[from] Spikes
|-damage|p1a: Infernape|76/100|[from] Stealth Rock
|turn|12
|
|switch|p2a: Dragonite|Dragonite, M|100/100
|-damage|p2a: Dragonite|76/100|[from] Stealth Rock
|move|p1a: Infernape|Close Combat|p2a: Dragonite
|-resisted|p2a: Dragonite
|-damage|p2a: Dragonite|54/100
|-unboost|p1a: Infernape|def|1
|-unboost|p1a: Infernape|spd|1
|
|-weather|Sandstorm|[upkeep]
|-damage|p1a: Infernape|70/100|[from] Sandstorm
|-damage|p2a: Dragonite|48/100|[from] Sandstorm
|upkeep
|turn|13
|
|switch|p1a: Bronzong|Bronzong|100/100
|-damage|p1a: Bronzong|94/100|[from] Stealth Rock
|move|p2a: Dragonite|Dragon Dance|p2a: Dragonite
|-boost|p2a: Dragonite|atk|1
|-boost|p2a: Dragonite|spe|1
|
|-weather|Sandstorm|[upkeep]
|-damage|p2a: Dragonite|42/100|[from] Sandstorm
|upkeep
|turn|14
|
|move|p2a: Dragonite|Fire Punch|p1a: Bronzong
|-supereffective|p1a: Bronzong
|-damage|p1a: Bronzong|22/100
|move|p1a: Bronzong|Trick Room|p1a: Bronzong
|-fieldstart|move: Trick Room|[of] p1a: Bronzong
|
|-weather|Sandstorm|[upkeep]
|-damage|p2a: Dragonite|35/100|[from] Sandstorm
|upkeep
|turn|15
|
|move|p2a: Dragonite|Extreme Speed|p1a: Bronzong
|-resisted|p1a: Bronzong
|-damage|p1a: Bronzong|2/100
|move|p1a: Bronzong|Gyro Ball|p2a: Dragonite
|-damage|p2a: Dragonite|0 fnt
|faint|p2a: Dragonite
|
|-weather|Sandstorm|[upkeep]
|upkeep
|inactive|uncertainty of tmr has 120 seconds left.
|
|switch|p2a: Scizor|Scizor, F|100/100
|-damage|p2a: Scizor|88/100|[from] Stealth Rock
|turn|16
|inactive|uncertainty of tmr has 120 seconds left.
|
|move|p2a: Scizor|Bullet Punch|p1a: Bronzong
|-resisted|p1a: Bronzong
|-damage|p1a: Bronzong|0 fnt
|faint|p1a: Bronzong
|
|-weather|Sandstorm|[upkeep]
|upkeep
|
|switch|p1a: Breloom|Breloom, F|100/100
|-damage|p1a: Breloom|88/100|[from] Spikes
|-damage|p1a: Breloom|82/100|[from] Stealth Rock
|turn|17
|
|switch|p2a: Toxicroak|Toxicroak, F|34/100
|-damage|p2a: Toxicroak|28/100|[from] Stealth Rock
|move|p1a: Breloom|Spore|p2a: Toxicroak
|-status|p2a: Toxicroak|slp|[from] move: Spore
|
|-weather|Sandstorm|[upkeep]
|-damage|p1a: Breloom|76/100|[from] Sandstorm
|-damage|p2a: Toxicroak|22/100 slp|[from] Sandstorm
|-heal|p1a: Breloom|82/100|[from] item: Leftovers
|upkeep
|turn|18
|
|switch|p2a: Alakazam|Alakazam, M|100/100
|move|p1a: Breloom|Bullet Seed|p2a: Alakazam
|-damage|p2a: Alakazam|47/100
|-damage|p2a: Alakazam|0 fnt
|-hitcount|p2a: Alakazam|2
|faint|p2a: Alakazam
|
|-weather|Sandstorm|[upkeep]
|-damage|p1a: Breloom|76/100|[from] Sandstorm
|-heal|p1a: Breloom|82/100|[from] item: Leftovers
|-fieldend|move: Trick Room
|upkeep
|
|switch|p2a: Scizor|Scizor, F|88/100
|-damage|p2a: Scizor|76/100|[from] Stealth Rock
|turn|19
|
|move|p1a: Breloom|Mach Punch|p2a: Scizor
|-damage|p2a: Scizor|38/100
|move|p2a: Scizor|Swords Dance|p2a: Scizor
|-boost|p2a: Scizor|atk|2
|
|-weather|Sandstorm|[upkeep]
|-damage|p1a: Breloom|76/100|[from] Sandstorm
|-heal|p1a: Breloom|82/100|[from] item: Leftovers
|upkeep
|turn|20
|
|move|p2a: Scizor|Bullet Punch|p1a: Breloom
|-damage|p1a: Breloom|0 fnt
|faint|p1a: Breloom
|
|-weather|Sandstorm|[upkeep]
|upkeep
|
|switch|p1a: Infernape|Infernape, M|70/100
|-damage|p1a: Infernape|57/100|[from] Spikes
|-damage|p1a: Infernape|45/100|[from] Stealth Rock
|turn|21
|
|move|p1a: Infernape|Fake Out|p2a: Scizor
|-resisted|p2a: Scizor
|-damage|p2a: Scizor|34/100
|cant|p2a: Scizor|flinch
|
|-weather|Sandstorm|[upkeep]
|-damage|p1a: Infernape|39/100|[from] Sandstorm
|upkeep
|turn|22
|
|move|p2a: Scizor|Bullet Punch|p1a: Infernape
|-resisted|p1a: Infernape
|-damage|p1a: Infernape|0 fnt
|faint|p1a: Infernape
|
|-weather|Sandstorm|[upkeep]
|upkeep
|
|switch|p1a: Reuniclus|Reuniclus, F|100/100
|turn|23
|c|☆uncertainty of tmr|Good players overcome hax ;)
|
|move|p2a: Scizor|Bug Bite|p1a: Reuniclus
|-supereffective|p1a: Reuniclus
|-damage|p1a: Reuniclus|0 fnt
|faint|p1a: Reuniclus
|
|-weather|Sandstorm|[upkeep]
|upkeep
|
|switch|p1a: Tyranitar|Tyranitar, F|100/100
|-damage|p1a: Tyranitar|88/100|[from] Spikes
|-damage|p1a: Tyranitar|76/100|[from] Stealth Rock
|turn|24
|
|move|p2a: Scizor|Bullet Punch|p1a: Tyranitar
|-supereffective|p1a: Tyranitar
|-damage|p1a: Tyranitar|0 fnt
|faint|p1a: Tyranitar
|
|win|uncertainty of tmr
|l|☆HaxerShouldAllDie
|raw|HaxerShouldAllDie's rating: 1444 &rarr; <strong>1421</strong><br />(-23 for losing)
|raw|uncertainty of tmr's rating: 1394 &rarr; <strong>1417</strong><br />(+23 for winning)
|l| 2broke4this
