|j|☆spliffdiff
|j|☆nidiedi
|t:|1724492563
|gametype|singles
|player|p1|spliffdiff|scientist-gen4|1319
|player|p2|nidiedi|169|1520
|teamsize|p1|6
|teamsize|p2|6
|gen|5
|tier|[Gen 5] OU
|rated|
|rule|Species Clause: Limit one of each Pokémon
|rule|OHKO Clause: OHKO moves are banned
|rule|Moody Clause: Moody is banned
|rule|Evasion Items Clause: Evasion items are banned
|rule|Evasion Moves Clause: Evasion moves are banned
|rule|Endless Battle Clause: Forcing endless battles is banned
|rule|HP Percentage Mod: HP is shown in percentages
|rule|Evasion Abilities Clause: Evasion abilities are banned
|rule|Sleep Moves Clause: Sleep-inducing moves are banned
|rule|Swagger Clause: Swagger is banned
|rule|Baton Pass Stat Clause: No Baton Passer may have a way to boost its stats
|clearpoke
|poke|p1|Terrakion|item
|poke|p1|Garchomp, F|item
|poke|p1|Keldeo-Resolute|item
|poke|p1|Conkeldurr, M|item
|poke|p1|Starmie|item
|poke|p1|Honchkrow, M|item
|poke|p2|Volcarona, F|item
|poke|p2|Salamence, F|item
|poke|p2|Xatu, F|item
|poke|p2|Ninetales, F|item
|poke|p2|Excadrill, M|item
|poke|p2|Heatran, M|item
|teampreview
|inactive|Battle timer is ON: inactive players will automatically lose when time's up. (requested by nidiedi)
|
|t:|1724492588
|start
|switch|p1a: Terrakion|Terrakion|100/100
|switch|p2a: Ninetales|Ninetales, F|100/100
|-weather|SunnyDay|[from] ability: Drought|[of] p2a: Ninetales
|turn|1
|
|t:|1724492608
|switch|p2a: ru|Xatu, F|100/100
|move|p1a: Terrakion|Stone Edge|p2a: ru
|-supereffective|p2a: ru
|-damage|p2a: ru|4/100
|
|-weather|SunnyDay|[upkeep]
|upkeep
|turn|2
|
|t:|1724492618
|switch|p2a: Excadrill|Excadrill, M|100/100
|-ability|p2a: Excadrill|Mold Breaker
|move|p1a: Terrakion|Stone Edge|p2a: Excadrill
|-resisted|p2a: Excadrill
|-damage|p2a: Excadrill|83/100
|
|-weather|SunnyDay|[upkeep]
|upkeep
|turn|3
|
|t:|1724492626
|move|p2a: Excadrill|Earthquake|p1a: Terrakion
|-supereffective|p1a: Terrakion
|-enditem|p1a: Terrakion|Focus Sash
|-damage|p1a: Terrakion|1/100
|move|p1a: Terrakion|Stealth Rock|p2a: Excadrill
|-sidestart|p2: nidiedi|move: Stealth Rock
|
|-weather|SunnyDay|[upkeep]
|upkeep
|turn|4
|inactive|nidiedi has 120 seconds left.
|
|t:|1724492667
|switch|p2a: Heatran|Heatran, M|100/100
|-damage|p2a: Heatran|88/100|[from] Stealth Rock
|-item|p2a: Heatran|Air Balloon
|switch|p1a: Honchkrow|Honchkrow, M|100/100
|
|-weather|SunnyDay|[upkeep]
|upkeep
|turn|5
|
|t:|1724492687
|switch|p1a: Terrakion|Terrakion|1/100
|move|p2a: Heatran|Flamethrower|p1a: Terrakion
|-resisted|p1a: Terrakion
|-damage|p1a: Terrakion|0 fnt
|faint|p1a: Terrakion
|
|-weather|SunnyDay|[upkeep]
|upkeep
|
|t:|1724492693
|switch|p1a: Keldeo|Keldeo-Resolute|100/100
|turn|6
|
|t:|1724492717
|switch|p2a: Ninetales|Ninetales, F|100/100
|-damage|p2a: Ninetales|76/100|[from] Stealth Rock
|move|p1a: Keldeo|Calm Mind|p1a: Keldeo
|-boost|p1a: Keldeo|spa|1
|-boost|p1a: Keldeo|spd|1
|
|-weather|SunnyDay|[upkeep]
|upkeep
|turn|7
|
|t:|1724492735
|move|p1a: Keldeo|Surf|p2a: Ninetales
|-supereffective|p2a: Ninetales
|-damage|p2a: Ninetales|1/100
|-enditem|p2a: Ninetales|Eject Button
|inactive|nidiedi has 90 seconds left.
|
|t:|1724492758
|switch|p2a: Excadrill|Excadrill, M|83/100
|-damage|p2a: Excadrill|80/100|[from] Stealth Rock
|-ability|p2a: Excadrill|Mold Breaker
|
|-weather|SunnyDay|[upkeep]
|upkeep
|turn|8
|
|t:|1724492762
|move|p2a: Excadrill|Rapid Spin|p1a: Keldeo
|-damage|p1a: Keldeo|94/100
|-sideend|p2: nidiedi|Stealth Rock|[from] move: Rapid Spin|[of] p2a: Excadrill
|move|p1a: Keldeo|Secret Sword|p2a: Excadrill
|-supereffective|p2a: Excadrill
|-damage|p2a: Excadrill|0 fnt
|faint|p2a: Excadrill
|
|-weather|SunnyDay|[upkeep]
|upkeep
|inactive|nidiedi has 90 seconds left.
|inactive|nidiedi has 60 seconds left.
|
|t:|1724492826
|switch|p2a: Volcarona|Volcarona, F|100/100
|turn|9
|
|t:|1724492837
|move|p1a: Keldeo|Surf|p2a: Volcarona
|-supereffective|p2a: Volcarona
|-enditem|p2a: Volcarona|Passho Berry|[eat]
|-enditem|p2a: Volcarona|Passho Berry|[weaken]
|-damage|p2a: Volcarona|68/100
|move|p2a: Volcarona|Quiver Dance|p2a: Volcarona
|-boost|p2a: Volcarona|spa|1
|-boost|p2a: Volcarona|spd|1
|-boost|p2a: Volcarona|spe|1
|
|-weather|SunnyDay|[upkeep]
|upkeep
|turn|10
|inactive|nidiedi has 30 seconds left.
|
|t:|1724492858
|move|p2a: Volcarona|Giga Drain|p1a: Keldeo
|-supereffective|p1a: Keldeo
|-damage|p1a: Keldeo|25/100
|-heal|p2a: Volcarona|100/100|[from] drain|[of] p1a: Keldeo
|move|p1a: Keldeo|Surf|p2a: Volcarona
|-supereffective|p2a: Volcarona
|-damage|p2a: Volcarona|57/100
|
|-weather|SunnyDay|[upkeep]
|upkeep
|turn|11
|inactive|nidiedi has 30 seconds left.
|
|t:|1724492872
|move|p2a: Volcarona|Giga Drain|p1a: Keldeo
|-supereffective|p1a: Keldeo
|-damage|p1a: Keldeo|0 fnt
|-heal|p2a: Volcarona|69/100|[from] drain|[of] p1a: Keldeo
|faint|p1a: Keldeo
|
|-weather|SunnyDay|[upkeep]
|upkeep
|
|t:|1724492874
|switch|p1a: Garchomp|Garchomp, F|100/100
|turn|12
|
|t:|1724492887
|switch|p2a: ru|Xatu, F|4/100
|move|p1a: Garchomp|Rock Slide|p2a: ru
|-supereffective|p2a: ru
|-damage|p2a: ru|0 fnt
|faint|p2a: ru
|
|-weather|SunnyDay|[upkeep]
|upkeep
|inactive|nidiedi has 30 seconds left.
|
|t:|1724492905
|switch|p2a: Salamence|Salamence, F|100/100
|turn|13
|inactive|nidiedi has 30 seconds left.
|inactive|nidiedi has 20 seconds left.
|inactive|nidiedi has 15 seconds left.
|inactive|nidiedi has 10 seconds left.
|
|t:|1724492931
|switch|p1a: Conkeldurr|Conkeldurr, M|100/100
|switch|p2a: Volcarona|Volcarona, F|69/100
|
|-weather|SunnyDay|[upkeep]
|upkeep
|turn|14
|inactive|nidiedi has 20 seconds left this turn.
|inactive|nidiedi has 15 seconds left.
|
|t:|1724492938
|switch|p1a: Garchomp|Garchomp, F|100/100
|move|p2a: Volcarona|Fire Blast|p1a: Garchomp
|-resisted|p1a: Garchomp
|-damage|p1a: Garchomp|45/100
|
|-weather|SunnyDay|[upkeep]
|upkeep
|turn|15
|inactive|nidiedi has 25 seconds left this turn.
|inactive|nidiedi has 20 seconds left.
|
|t:|1724492946
|switch|p2a: Ninetales|Ninetales, F|1/100
|move|p1a: Garchomp|Rock Slide|p2a: Ninetales
|-supereffective|p2a: Ninetales
|-damage|p2a: Ninetales|0 fnt
|faint|p2a: Ninetales
|
|-weather|SunnyDay|[upkeep]
|upkeep
|inactive|nidiedi has 25 seconds left this turn.
|inactive|nidiedi has 20 seconds left.
|inactive|nidiedi has 15 seconds left.
|inactive|nidiedi has 10 seconds left.
|
|t:|1724492963
|switch|p2a: Heatran|Heatran, M|88/100
|-item|p2a: Heatran|Air Balloon
|turn|16
|inactive|nidiedi has 20 seconds left this turn.
|inactive|nidiedi has 15 seconds left.
|inactive|nidiedi has 10 seconds left.
|
|t:|1724492974
|switch|p1a: Starmie|Starmie|100/100
|move|p2a: Heatran|Flamethrower|p1a: Starmie
|-resisted|p1a: Starmie
|-damage|p1a: Starmie|40/100
|
|-weather|SunnyDay|[upkeep]
|upkeep
|turn|17
|inactive|nidiedi has 20 seconds left this turn.
|inactive|nidiedi has 15 seconds left.
|inactive|nidiedi has 10 seconds left.
|
|t:|1724492988
|switch|p2a: Salamence|Salamence, F|100/100
|move|p1a: Starmie|Hydro Pump|p2a: Salamence
|-resisted|p2a: Salamence
|-damage|p2a: Salamence|86/100
|
|-weather|SunnyDay|[upkeep]
|upkeep
|turn|18
|inactive|nidiedi has 20 seconds left this turn.
|inactive|nidiedi has 15 seconds left.
|inactive|nidiedi has 10 seconds left.
|
|t:|1724492999
|move|p2a: Salamence|Dragon Claw|p1a: Starmie
|-damage|p1a: Starmie|0 fnt
|faint|p1a: Starmie
|-ability|p2a: Salamence|Moxie|boost
|-boost|p2a: Salamence|atk|1
|
|-weather|SunnyDay|[upkeep]
|upkeep
|inactive|nidiedi has 15 seconds left this turn.
|
|t:|1724493008
|switch|p1a: Conkeldurr|Conkeldurr, M|100/100
|turn|19
|inactive|nidiedi has 25 seconds left this turn.
|inactive|nidiedi has 20 seconds left.
|
|t:|1724493018
|move|p2a: Salamence|Dragon Claw|p1a: Conkeldurr
|-damage|p1a: Conkeldurr|49/100
|move|p1a: Conkeldurr|Ice Punch|p2a: Salamence
|-supereffective|p2a: Salamence
|-crit|p2a: Salamence
|-damage|p2a: Salamence|0 fnt
|faint|p2a: Salamence
|
|-weather|SunnyDay|[upkeep]
|upkeep
|inactive|nidiedi has 25 seconds left this turn.
|inactive|nidiedi has 20 seconds left.
|
|t:|1724493025
|switch|p2a: Volcarona|Volcarona, F|69/100
|turn|20
|inactive|nidiedi has 30 seconds left this turn.
|
|t:|1724493038
|move|p2a: Volcarona|Fire Blast|p1a: Conkeldurr
|-crit|p1a: Conkeldurr
|-damage|p1a: Conkeldurr|0 fnt
|faint|p1a: Conkeldurr
|
|-weather|SunnyDay|[upkeep]
|upkeep
|inactive|nidiedi has 30 seconds left this turn.
|
|t:|1724493060
|switch|p1a: Honchkrow|Honchkrow, M|100/100
|turn|21
|
|t:|1724493067
|move|p2a: Volcarona|Fire Blast|p1a: Honchkrow
|-damage|p1a: Honchkrow|0 fnt
|faint|p1a: Honchkrow
|
|-weather|SunnyDay|[upkeep]
|upkeep
|
|t:|1724493072
|switch|p1a: Garchomp|Garchomp, F|45/100
|turn|22
|
|t:|1724493076
|move|p1a: Garchomp|Rock Slide|p2a: Volcarona
|-supereffective|p2a: Volcarona
|-damage|p2a: Volcarona|0 fnt
|faint|p2a: Volcarona
|
|-weather|SunnyDay|[upkeep]
|upkeep
|
|t:|1724493079
|switch|p2a: Heatran|Heatran, M|88/100
|-item|p2a: Heatran|Air Balloon
|turn|23
|-message|spliffdiff forfeited.
|
|win|nidiedi
|raw|spliffdiff's rating: 1319 &rarr; <strong>1309</strong><br />(-10 for losing)
|raw|nidiedi's rating: 1520 &rarr; <strong>1530</strong><br />(+10 for winning)
|l|☆spliffdiff
|player|p1|
