|j|‽anehara
|j|☆Unwallable
|player|p1|anehara|dahlia|1324
|player|p2|Unwallable|265|1296
|teamsize|p1|6
|teamsize|p2|6
|gametype|singles
|gen|5
|tier|[Gen 5] OU
|rated|
|clearpoke
|poke|p1|Tyranitar, M|item
|poke|p1|Breloom, F|item
|poke|p1|Landorus-Therian, M|item
|poke|p1|Rotom-Wash|item
|poke|p1|Excadrill, F|item
|poke|p1|Ferrothorn, M|item
|poke|p2|Alakazam, F|item
|poke|p2|Skarmory, M|item
|poke|p2|Latios, M|item
|poke|p2|Magnezone|item
|poke|p2|Garchomp, M|item
|poke|p2|Excadrill, M|item
|rule|Species Clause: Limit one of each Pokémon
|rule|OHKO Clause: OHKO moves are banned
|rule|Moody Clause: Moody is banned
|rule|Evasion Moves Clause: Evasion moves are banned
|rule|Endless Battle Clause: Forcing endless battles is banned
|rule|HP Percentage Mod: HP is shown in percentages
|rule|Evasion Abilities Clause: Evasion abilities are banned
|rule|Baton Pass Clause: Limit one Baton Passer, can't pass Spe and other stats simultaneously
|rule|Sleep Clause: Sleep-inducing moves are banned
|rule|Swagger Clause: Swagger is banned
|teampreview
|inactive|Battle timer is ON: inactive players will automatically lose when time's up. (requested by Unwallable)
|
|start
|switch|p1a: Landorus|Landorus-Therian, M|100/100
|switch|p2a: Skarmory|Skarmory, M|100/100
|-ability|p1a: Landorus|Intimidate|boost
|-unboost|p2a: Skarmory|atk|1
|turn|1
|
|move|p1a: Landorus|Stealth Rock|p2a: Skarmory
|-sidestart|p2: Unwallable|move: Stealth Rock
|move|p2a: Skarmory|Stealth Rock|p1a: Landorus
|-sidestart|p1: anehara|move: Stealth Rock
|
|upkeep
|turn|2
|
|switch|p1a: Excadrill|Excadrill, F|100/100
|-damage|p1a: Excadrill|97/100|[from] Stealth Rock
|-ability|p1a: Excadrill|Mold Breaker
|move|p2a: Skarmory|Spikes|p1a: Excadrill
|-sidestart|p1: anehara|Spikes
|
|-heal|p1a: Excadrill|100/100|[from] item: Leftovers
|upkeep
|turn|3
|
|switch|p2a: Garchomp|Garchomp, M|100/100
|-damage|p2a: Garchomp|94/100|[from] Stealth Rock
|move|p1a: Excadrill|Rapid Spin|p2a: Garchomp
|-damage|p2a: Garchomp|88/100
|-damage|p1a: Excadrill|88/100|[from] ability: Rough Skin|[of] p2a: Garchomp
|-sideend|p1: anehara|Spikes|[from] move: Rapid Spin|[of] p1a: Excadrill
|-sideend|p1: anehara|Stealth Rock|[from] move: Rapid Spin|[of] p1a: Excadrill
|
|-heal|p1a: Excadrill|94/100|[from] item: Leftovers
|upkeep
|turn|4
|
|switch|p1a: Landorus|Landorus-Therian, M|100/100
|-ability|p1a: Landorus|Intimidate|boost
|-unboost|p2a: Garchomp|atk|1
|move|p2a: Garchomp|Swords Dance|p2a: Garchomp
|-boost|p2a: Garchomp|atk|2
|
|upkeep
|turn|5
|
|switch|p1a: Ferrothorn|Ferrothorn, M|100/100
|move|p2a: Garchomp|Aqua Tail|p1a: Ferrothorn
|-resisted|p1a: Ferrothorn
|-damage|p1a: Ferrothorn|85/100
|-damage|p2a: Garchomp|75/100|[from] ability: Iron Barbs|[of] p1a: Ferrothorn
|
|-heal|p1a: Ferrothorn|91/100|[from] item: Leftovers
|upkeep
|turn|6
|
|switch|p2a: Magnezone|Magnezone|100/100
|-damage|p2a: Magnezone|94/100|[from] Stealth Rock
|switch|p1a: Landorus|Landorus-Therian, M|100/100
|-ability|p1a: Landorus|Intimidate|boost
|-unboost|p2a: Magnezone|atk|1
|
|upkeep
|turn|7
|
|switch|p2a: Skarmory|Skarmory, M|100/100
|-damage|p2a: Skarmory|88/100|[from] Stealth Rock
|move|p1a: Landorus|U-turn|p2a: Skarmory
|-resisted|p2a: Skarmory
|-damage|p2a: Skarmory|83/100
|
|switch|p1a: Rotom|Rotom-Wash|100/100|[from]move: U-turn
|
|upkeep
|turn|8
|
|switch|p2a: Magnezone|Magnezone|94/100
|-damage|p2a: Magnezone|88/100|[from] Stealth Rock
|move|p1a: Rotom|Will-O-Wisp|p2a: Magnezone
|-status|p2a: Magnezone|brn
|
|-damage|p2a: Magnezone|76/100 brn|[from] brn
|upkeep
|turn|9
|
|switch|p1a: Excadrill|Excadrill, F|94/100
|-ability|p1a: Excadrill|Mold Breaker
|move|p2a: Magnezone|Flash Cannon|p1a: Excadrill
|-resisted|p1a: Excadrill
|-damage|p1a: Excadrill|71/100
|
|-heal|p1a: Excadrill|77/100|[from] item: Leftovers
|-damage|p2a: Magnezone|63/100 brn|[from] brn
|upkeep
|turn|10
|
|switch|p2a: Skarmory|Skarmory, M|83/100
|-damage|p2a: Skarmory|71/100|[from] Stealth Rock
|move|p1a: Excadrill|Iron Head|p2a: Skarmory
|-resisted|p2a: Skarmory
|-damage|p2a: Skarmory|53/100
|
|-heal|p1a: Excadrill|83/100|[from] item: Leftovers
|upkeep
|turn|11
|
|switch|p1a: Landorus|Landorus-Therian, M|100/100
|-ability|p1a: Landorus|Intimidate|boost
|-unboost|p2a: Skarmory|atk|1
|move|p2a: Skarmory|Stealth Rock|p1a: Landorus
|-sidestart|p1: anehara|move: Stealth Rock
|
|upkeep
|turn|12
|
|move|p1a: Landorus|U-turn|p2a: Skarmory
|-resisted|p2a: Skarmory
|-damage|p2a: Skarmory|48/100
|
|switch|p1a: Excadrill|Excadrill, F|83/100|[from]move: U-turn
|-damage|p1a: Excadrill|80/100|[from] Stealth Rock
|-ability|p1a: Excadrill|Mold Breaker
|move|p2a: Skarmory|Spikes|p1a: Excadrill
|-sidestart|p1: anehara|Spikes
|
|-heal|p1a: Excadrill|86/100|[from] item: Leftovers
|upkeep
|turn|13
|
|switch|p2a: Garchomp|Garchomp, M|75/100
|-damage|p2a: Garchomp|69/100|[from] Stealth Rock
|move|p1a: Excadrill|Rapid Spin|p2a: Garchomp
|-damage|p2a: Garchomp|62/100
|-damage|p1a: Excadrill|74/100|[from] ability: Rough Skin|[of] p2a: Garchomp
|-sideend|p1: anehara|Spikes|[from] move: Rapid Spin|[of] p1a: Excadrill
|-sideend|p1: anehara|Stealth Rock|[from] move: Rapid Spin|[of] p1a: Excadrill
|
|-heal|p1a: Excadrill|80/100|[from] item: Leftovers
|upkeep
|turn|14
|
|switch|p1a: Ferrothorn|Ferrothorn, M|91/100
|move|p2a: Garchomp|Swords Dance|p2a: Garchomp
|-boost|p2a: Garchomp|atk|2
|
|-heal|p1a: Ferrothorn|97/100|[from] item: Leftovers
|upkeep
|turn|15
|
|switch|p1a: Landorus|Landorus-Therian, M|100/100
|-ability|p1a: Landorus|Intimidate|boost
|-unboost|p2a: Garchomp|atk|1
|move|p2a: Garchomp|Earthquake|p1a: Landorus
|-immune|p1a: Landorus
|
|upkeep
|turn|16
|
|switch|p1a: Ferrothorn|Ferrothorn, M|97/100
|move|p2a: Garchomp|Swords Dance|p2a: Garchomp
|-boost|p2a: Garchomp|atk|2
|
|-heal|p1a: Ferrothorn|100/100|[from] item: Leftovers
|upkeep
|turn|17
|
|move|p2a: Garchomp|Earthquake|p1a: Ferrothorn
|-damage|p1a: Ferrothorn|10/100
|move|p1a: Ferrothorn|Power Whip|p2a: Garchomp
|-damage|p2a: Garchomp|25/100
|-damage|p1a: Ferrothorn|0 fnt|[from] ability: Rough Skin|[of] p2a: Garchomp
|faint|p1a: Ferrothorn
|
|upkeep
|
|switch|p1a: Tyranitar|Tyranitar, M|100/100
|-weather|Sandstorm|[from] ability: Sand Stream|[of] p1a: Tyranitar
|turn|18
|
|move|p1a: Tyranitar|Ice Beam|p2a: Garchomp
|-supereffective|p2a: Garchomp
|-enditem|p2a: Garchomp|Yache Berry|[eat]
|-enditem|p2a: Garchomp|Yache Berry|[weaken]
|-damage|p2a: Garchomp|0 fnt
|faint|p2a: Garchomp
|
|-weather|Sandstorm|[upkeep]
|upkeep
|
|switch|p2a: Skarmory|Skarmory, M|48/100
|-damage|p2a: Skarmory|36/100|[from] Stealth Rock
|turn|19
|
|switch|p1a: Excadrill|Excadrill, F|80/100
|-ability|p1a: Excadrill|Mold Breaker
|move|p2a: Skarmory|Stealth Rock|p1a: Excadrill
|-sidestart|p1: anehara|move: Stealth Rock
|
|-weather|Sandstorm|[upkeep]
|-heal|p1a: Excadrill|86/100|[from] item: Leftovers
|upkeep
|turn|20
|
|move|p1a: Excadrill|Rapid Spin|p2a: Skarmory
|-resisted|p2a: Skarmory
|-damage|p2a: Skarmory|33/100
|-sideend|p1: anehara|Stealth Rock|[from] move: Rapid Spin|[of] p1a: Excadrill
|move|p2a: Skarmory|Spikes|p1a: Excadrill
|-sidestart|p1: anehara|Spikes
|
|-weather|Sandstorm|[upkeep]
|-heal|p1a: Excadrill|92/100|[from] item: Leftovers
|upkeep
|turn|21
|
|move|p1a: Excadrill|Rapid Spin|p2a: Skarmory
|-resisted|p2a: Skarmory
|-damage|p2a: Skarmory|30/100
|-sideend|p1: anehara|Spikes|[from] move: Rapid Spin|[of] p1a: Excadrill
|move|p2a: Skarmory|Stealth Rock|p1a: Excadrill
|-sidestart|p1: anehara|move: Stealth Rock
|
|-weather|Sandstorm|[upkeep]
|-heal|p1a: Excadrill|98/100|[from] item: Leftovers
|upkeep
|turn|22
|
|switch|p2a: Magnezone|Magnezone|63/100 brn
|-damage|p2a: Magnezone|57/100 brn|[from] Stealth Rock
|move|p1a: Excadrill|Rapid Spin|p2a: Magnezone
|-resisted|p2a: Magnezone
|-damage|p2a: Magnezone|54/100 brn
|-sideend|p1: anehara|Stealth Rock|[from] move: Rapid Spin|[of] p1a: Excadrill
|
|-weather|Sandstorm|[upkeep]
|-heal|p1a: Excadrill|100/100|[from] item: Leftovers
|-damage|p2a: Magnezone|41/100 brn|[from] brn
|upkeep
|turn|23
|
|move|p2a: Magnezone|Hidden Power|p1a: Excadrill
|-supereffective|p1a: Excadrill
|-damage|p1a: Excadrill|46/100
|move|p1a: Excadrill|Earthquake|p2a: Magnezone
|-supereffective|p2a: Magnezone
|-damage|p2a: Magnezone|0 fnt
|faint|p2a: Magnezone
|
|-weather|Sandstorm|[upkeep]
|-heal|p1a: Excadrill|52/100|[from] item: Leftovers
|upkeep
|
|switch|p2a: Alakazam|Alakazam, F|100/100
|turn|24
|
|move|p1a: Excadrill|Protect|p1a: Excadrill
|-singleturn|p1a: Excadrill|Protect
|move|p2a: Alakazam|Focus Blast|p1a: Excadrill
|-activate|p1a: Excadrill|move: Protect
|
|-weather|Sandstorm|[upkeep]
|-heal|p1a: Excadrill|58/100|[from] item: Leftovers
|upkeep
|turn|25
|j| Liquid Houndoom
|
|switch|p1a: Landorus|Landorus-Therian, M|100/100
|-ability|p1a: Landorus|Intimidate|boost
|-unboost|p2a: Alakazam|atk|1
|move|p2a: Alakazam|Hidden Power|p1a: Landorus
|-supereffective|p1a: Landorus
|-damage|p1a: Landorus|0 fnt
|faint|p1a: Landorus
|
|-weather|Sandstorm|[upkeep]
|upkeep
|
|switch|p1a: Rotom|Rotom-Wash|100/100
|turn|26
|
|move|p2a: Alakazam|Psyshock|p1a: Rotom
|-damage|p1a: Rotom|56/100
|move|p1a: Rotom|Hydro Pump|p2a: Alakazam
|-damage|p2a: Alakazam|35/100
|
|-weather|Sandstorm|[upkeep]
|-damage|p1a: Rotom|50/100|[from] Sandstorm
|-heal|p1a: Rotom|56/100|[from] item: Leftovers
|upkeep
|turn|27
|
|move|p2a: Alakazam|Focus Blast|p1a: Rotom
|-damage|p1a: Rotom|0 fnt
|faint|p1a: Rotom
|
|-weather|Sandstorm|[upkeep]
|upkeep
|
|switch|p1a: Tyranitar|Tyranitar, M|100/100
|turn|28
|
|move|p2a: Alakazam|Focus Blast|p1a: Tyranitar|[miss]
|-miss|p2a: Alakazam|p1a: Tyranitar
|move|p1a: Tyranitar|Crunch|p2a: Alakazam
|-supereffective|p2a: Alakazam
|-crit|p2a: Alakazam
|-damage|p2a: Alakazam|0 fnt
|faint|p2a: Alakazam
|
|-weather|Sandstorm|[upkeep]
|upkeep
|
|switch|p2a: Excadrill|Excadrill, M|100/100
|-damage|p2a: Excadrill|97/100|[from] Stealth Rock
|turn|29
|
|switch|p1a: Breloom|Breloom, F|100/100
|move|p2a: Excadrill|Iron Head|p1a: Breloom
|-damage|p1a: Breloom|29/100
|
|-weather|Sandstorm|[upkeep]
|-damage|p1a: Breloom|23/100|[from] Sandstorm
|-status|p1a: Breloom|tox|[from] item: Toxic Orb
|upkeep
|turn|30
|
|switch|p1a: Excadrill|Excadrill, F|58/100
|-ability|p1a: Excadrill|Mold Breaker
|move|p2a: Excadrill|Iron Head|p1a: Excadrill
|-resisted|p1a: Excadrill
|-damage|p1a: Excadrill|15/100
|
|-weather|Sandstorm|[upkeep]
|-heal|p1a: Excadrill|21/100|[from] item: Leftovers
|upkeep
|turn|31
|
|move|p1a: Excadrill|Protect|p1a: Excadrill
|-singleturn|p1a: Excadrill|Protect
|move|p2a: Excadrill|Iron Head|p1a: Excadrill
|-activate|p1a: Excadrill|move: Protect
|
|-weather|Sandstorm|[upkeep]
|-heal|p1a: Excadrill|27/100|[from] item: Leftovers
|upkeep
|turn|32
|
|move|p2a: Excadrill|Iron Head|p1a: Excadrill
|-resisted|p1a: Excadrill
|-damage|p1a: Excadrill|0 fnt
|faint|p1a: Excadrill
|
|-weather|Sandstorm|[upkeep]
|upkeep
|
|switch|p1a: Tyranitar|Tyranitar, M|100/100
|turn|33
|
|move|p2a: Excadrill|Iron Head|p1a: Tyranitar
|-supereffective|p1a: Tyranitar
|-damage|p1a: Tyranitar|0 fnt
|faint|p1a: Tyranitar
|
|-weather|Sandstorm|[upkeep]
|upkeep
|
|switch|p1a: Breloom|Breloom, F|23/100 tox
|turn|34
|
|-singleturn|p1a: Breloom|move: Focus Punch
|move|p2a: Excadrill|Iron Head|p1a: Breloom
|-damage|p1a: Breloom|0 fnt
|faint|p1a: Breloom
|
|win|Unwallable
|raw|anehara's rating: 1324 &rarr; <strong>1303</strong><br />(-21 for losing)
|raw|Unwallable's rating: 1296 &rarr; <strong>1323</strong><br />(+27 for winning)
