|j|☆UnIncapable
|j|☆testbwou
|t:|1708092246
|gametype|singles
|player|p1|UnIncapable|emmet|1343
|player|p2|testbwou|170|1381
|teamsize|p1|6
|teamsize|p2|6
|gen|5
|tier|[Gen 5] OU
|rated|
|rule|Species Clause: Limit one of each Pokémon
|rule|OHKO Clause: OHKO moves are banned
|rule|Moody Clause: Moody is banned
|rule|Evasion Items Clause: Evasion items are banned
|rule|Evasion Moves Clause: Evasion moves are banned
|rule|Endless Battle Clause: Forcing endless battles is banned
|rule|HP Percentage Mod: HP is shown in percentages
|rule|Evasion Abilities Clause: Evasion abilities are banned
|rule|Sleep Moves Clause: Sleep-inducing moves are banned
|rule|Swagger Clause: Swagger is banned
|rule|Baton Pass Stat Clause: No Baton Passer may have a way to boost its stats
|clearpoke
|poke|p1|Infernape, M|item
|poke|p1|Dragonite, M|item
|poke|p1|Scizor, F|item
|poke|p1|Excadrill, F|item
|poke|p1|Latios, M|item
|poke|p1|Starmie|item
|poke|p2|Riolu, F|item
|poke|p2|Forretress, M|item
|poke|p2|Shedinja|item
|poke|p2|Politoed, M|item
|poke|p2|Gengar, M|item
|poke|p2|Starmie|item
|teampreview
|
|t:|1708092262
|start
|switch|p1a: Infernape|Infernape, M|100/100
|switch|p2a: Forretress|Forretress, M|100/100
|turn|1
|
|t:|1708092268
|move|p1a: Infernape|Overheat|p2a: Forretress
|-supereffective|p2a: Forretress
|-ability|p2a: Forretress|Sturdy
|-damage|p2a: Forretress|1/100
|-unboost|p1a: Infernape|spa|2
|move|p2a: Forretress|Stealth Rock|p1a: Infernape
|-sidestart|p1: UnIncapable|move: Stealth Rock
|
|upkeep
|turn|2
|-enditem|p2a: Forretress|Custap Berry|[eat]
|-activate|p2a: Forretress|item: Custap Berry|[consumed]
|
|t:|1708092279
|move|p2a: Forretress|Spikes|p1a: Infernape
|-sidestart|p1: UnIncapable|Spikes
|move|p1a: Infernape|Hidden Power|p2a: Forretress
|-resisted|p2a: Forretress
|-damage|p2a: Forretress|0 fnt
|faint|p2a: Forretress
|
|upkeep
|
|t:|1708092286
|switch|p2a: Politoed|Politoed, M|100/100
|-weather|RainDance|[from] ability: Drizzle|[of] p2a: Politoed
|turn|3
|
|t:|1708092294
|switch|p1a: Starmie|Starmie, shiny|100/100
|-damage|p1a: Starmie|88/100|[from] Stealth Rock
|-damage|p1a: Starmie|76/100|[from] Spikes
|move|p2a: Politoed|Surf|p1a: Starmie
|-resisted|p1a: Starmie
|-damage|p1a: Starmie|30/100
|
|-weather|RainDance|[upkeep]
|upkeep
|turn|4
|
|t:|1708092305
|move|p2a: Politoed|Surf|p1a: Starmie
|-resisted|p1a: Starmie
|-damage|p1a: Starmie|0 fnt
|faint|p1a: Starmie
|
|-weather|RainDance|[upkeep]
|upkeep
|
|t:|1708092312
|switch|p1a: Latios|Latios, M, shiny|100/100
|-damage|p1a: Latios|88/100|[from] Stealth Rock
|turn|5
|
|t:|1708092318
|switch|p2a: Shedinja|Shedinja|100/100
|move|p1a: Latios|Draco Meteor|p2a: Shedinja
|-immune|p2a: Shedinja|[from] ability: Wonder Guard
|
|-weather|RainDance|[upkeep]
|upkeep
|turn|6
|
|t:|1708092332
|switch|p1a: Scizor|Scizor, F, shiny|100/100
|-damage|p1a: Scizor|88/100|[from] Stealth Rock
|-damage|p1a: Scizor|76/100|[from] Spikes
|switch|p2a: Riolu|Riolu, F|100/100
|
|-weather|RainDance|[upkeep]
|upkeep
|turn|7
|
|t:|1708092344
|move|p1a: Scizor|U-turn|p2a: Riolu
|-resisted|p2a: Riolu
|-damage|p2a: Riolu|24/100
|-damage|p1a: Scizor|66/100|[from] item: Life Orb
|
|t:|1708092350
|switch|p1a: Latios|Latios, M, shiny|88/100|[from] U-turn
|-damage|p1a: Latios|76/100|[from] Stealth Rock
|move|p2a: Riolu|Roar|p1a: Latios
|drag|p1a: Infernape|Infernape, M|100/100
|-damage|p1a: Infernape|88/100|[from] Stealth Rock
|-damage|p1a: Infernape|76/100|[from] Spikes
|
|-weather|RainDance|[upkeep]
|upkeep
|turn|8
|
|t:|1708092368
|move|p2a: Riolu|Copycat|p2a: Riolu
|move|p2a: Riolu|Roar|p1a: Infernape|[from]move: Copycat
|drag|p1a: Scizor|Scizor, F, shiny|66/100
|-damage|p1a: Scizor|53/100|[from] Stealth Rock
|-damage|p1a: Scizor|41/100|[from] Spikes
|
|-weather|RainDance|[upkeep]
|upkeep
|turn|9
|
|t:|1708092378
|move|p2a: Riolu|Copycat|p2a: Riolu
|move|p2a: Riolu|Roar|p1a: Scizor|[from]move: Copycat
|drag|p1a: Latios|Latios, M, shiny|76/100
|-damage|p1a: Latios|64/100|[from] Stealth Rock
|
|-weather|RainDance|[upkeep]
|upkeep
|turn|10
|
|t:|1708092386
|move|p2a: Riolu|Copycat|p2a: Riolu
|move|p2a: Riolu|Roar|p1a: Latios|[from]move: Copycat
|drag|p1a: Dragonite|Dragonite, M|100/100
|-damage|p1a: Dragonite|76/100|[from] Stealth Rock
|
|-weather|RainDance|[upkeep]
|upkeep
|turn|11
|
|t:|1708092394
|switch|p2a: Gengar|Gengar, M|100/100
|move|p1a: Dragonite|Extreme Speed|p2a: Gengar
|-immune|p2a: Gengar
|
|-weather|RainDance|[upkeep]
|upkeep
|turn|12
|j| SKT T1 Motherfaker
|
|t:|1708092402
|move|p2a: Gengar|Shadow Ball|p1a: Dragonite
|-damage|p1a: Dragonite|18/100
|-damage|p2a: Gengar|91/100|[from] item: Life Orb
|move|p1a: Dragonite|Outrage|p2a: Gengar
|-damage|p2a: Gengar|0 fnt
|faint|p2a: Gengar
|
|-weather|RainDance|[upkeep]
|upkeep
|
|t:|1708092415
|switch|p2a: Riolu|Riolu, F|24/100
|turn|13
|
|t:|1708092420
|move|p2a: Riolu|Copycat|p2a: Riolu
|move|p2a: Riolu|Outrage|p1a: Dragonite|[from]move: Copycat
|-supereffective|p1a: Dragonite
|-damage|p1a: Dragonite|0 fnt
|faint|p1a: Dragonite
|
|-weather|RainDance|[upkeep]
|upkeep
|
|t:|1708092429
|switch|p1a: Scizor|Scizor, F, shiny|41/100
|-damage|p1a: Scizor|28/100|[from] Stealth Rock
|-damage|p1a: Scizor|16/100|[from] Spikes
|turn|14
|
|t:|1708092434
|move|p1a: Scizor|Bullet Punch|p2a: Riolu
|-damage|p2a: Riolu|0 fnt
|faint|p2a: Riolu
|-damage|p1a: Scizor|6/100|[from] item: Life Orb
|
|-weather|RainDance|[upkeep]
|upkeep
|
|t:|1708092442
|switch|p2a: Starmie|Starmie|100/100
|turn|15
|
|t:|1708092452
|move|p2a: Starmie|Surf|p1a: Scizor
|-damage|p1a: Scizor|0 fnt
|faint|p1a: Scizor
|-damage|p2a: Starmie|91/100|[from] item: Life Orb
|
|-weather|RainDance|[upkeep]
|upkeep
|
|t:|1708092468
|switch|p1a: Latios|Latios, M, shiny|64/100
|-damage|p1a: Latios|51/100|[from] Stealth Rock
|turn|16
|
|t:|1708092481
|switch|p2a: Shedinja|Shedinja|100/100
|move|p1a: Latios|Thunderbolt|p2a: Shedinja
|-immune|p2a: Shedinja|[from] ability: Wonder Guard
|
|-weather|RainDance|[upkeep]
|upkeep
|turn|17
|
|t:|1708092492
|switch|p1a: Infernape|Infernape, M|76/100
|-damage|p1a: Infernape|64/100|[from] Stealth Rock
|-damage|p1a: Infernape|51/100|[from] Spikes
|switch|p2a: Politoed|Politoed, M|100/100
|
|-weather|RainDance|[upkeep]
|upkeep
|turn|18
|
|t:|1708092505
|move|p2a: Politoed|Surf|p1a: Infernape
|-supereffective|p1a: Infernape
|-damage|p1a: Infernape|0 fnt
|faint|p1a: Infernape
|
|-weather|RainDance|[upkeep]
|upkeep
|
|t:|1708092512
|switch|p1a: Latios|Latios, M, shiny|51/100
|-damage|p1a: Latios|39/100|[from] Stealth Rock
|turn|19
|
|t:|1708092517
|move|p2a: Politoed|Surf|p1a: Latios
|-resisted|p1a: Latios
|-damage|p1a: Latios|8/100
|move|p1a: Latios|Thunderbolt|p2a: Politoed
|-supereffective|p2a: Politoed
|-damage|p2a: Politoed|0 fnt
|faint|p2a: Politoed
|
|-weather|RainDance|[upkeep]
|upkeep
|
|t:|1708092523
|switch|p2a: Starmie|Starmie|91/100
|turn|20
|
|t:|1708092529
|move|p2a: Starmie|Ice Beam|p1a: Latios
|-supereffective|p1a: Latios
|-damage|p1a: Latios|0 fnt
|faint|p1a: Latios
|-damage|p2a: Starmie|81/100|[from] item: Life Orb
|
|-weather|RainDance|[upkeep]
|upkeep
|
|t:|1708092537
|switch|p1a: Excadrill|Excadrill, F|100/100
|-damage|p1a: Excadrill|97/100|[from] Stealth Rock
|-damage|p1a: Excadrill|85/100|[from] Spikes
|-ability|p1a: Excadrill|Mold Breaker
|turn|21
|
|t:|1708092545
|move|p2a: Starmie|Surf|p1a: Excadrill
|-supereffective|p1a: Excadrill
|-damage|p1a: Excadrill|0 fnt
|faint|p1a: Excadrill
|-damage|p2a: Starmie|71/100|[from] item: Life Orb
|
|win|testbwou
|raw|UnIncapable's rating: 1343 &rarr; <strong>1325</strong><br />(-18 for losing)
|raw|testbwou's rating: 1381 &rarr; <strong>1399</strong><br />(+18 for winning)
|l|☆UnIncapable
|player|p1|
|l|☆testbwou
|player|p2|
