|j|☆Vanteline
|j|☆JTecks
|player|p1|Vanteline|251
|player|p2|JTecks|102
|teamsize|p1|6
|teamsize|p2|6
|gametype|singles
|gen|5
|tier|[Gen 5] OU
|rated|
|rule|Sleep Clause Mod: Limit one foe put to sleep
|rule|Species Clause: Limit one of each Pokémon
|rule|OHKO Clause: OHKO moves are banned
|rule|Moody Clause: Moody is banned
|rule|Evasion Moves Clause: Evasion moves are banned
|rule|Endless Battle Clause: Forcing endless battles is banned
|rule|HP Percentage Mod: HP is shown in percentages
|rule|Evasion Abilities Clause: Evasion abilities are banned
|rule|Baton Pass Clause: Limit one Baton Passer, can't pass Spe and other stats simultaneously
|rule|Swagger Clause: Swagger is banned
|clearpoke
|poke|p1|Ferrothorn, M|item
|poke|p1|Gyarados, M|item
|poke|p1|Thundurus-Therian, M|item
|poke|p1|Heatran, F|item
|poke|p1|Latios, M|item
|poke|p1|Conkeldurr, M|item
|poke|p2|Politoed, F|item
|poke|p2|Tentacruel, M|item
|poke|p2|Gyarados, M|item
|poke|p2|Latios, M|item
|poke|p2|Jirachi|item
|poke|p2|Toxicroak, M|item
|teampreview
|
|start
|switch|p1a: Thundurus|Thundurus-Therian, M|100/100
|switch|p2a: Politoed|Politoed, F|100/100
|-weather|RainDance|[from] ability: Drizzle|[of] p2a: Politoed
|turn|1
|
|switch|p2a: Jirachi|Jirachi|100/100
|move|p1a: Thundurus|Thunderbolt|p2a: Jirachi
|-damage|p2a: Jirachi|28/100
|
|-weather|RainDance|[upkeep]
|-heal|p2a: Jirachi|35/100|[from] item: Leftovers
|upkeep
|turn|2
|c|☆JTecks|oh lawd
|
|switch|p2a: Latios|Latios, M|100/100
|move|p1a: Thundurus|Thunderbolt|p2a: Latios
|-resisted|p2a: Latios
|-damage|p2a: Latios|58/100
|
|-weather|RainDance|[upkeep]
|upkeep
|turn|3
|
|switch|p1a: Ferrothorn|Ferrothorn, M|100/100
|move|p2a: Latios|Draco Meteor|p1a: Ferrothorn
|-resisted|p1a: Ferrothorn
|-damage|p1a: Ferrothorn|69/100
|-unboost|p2a: Latios|spa|2
|-damage|p2a: Latios|48/100|[from] item: Life Orb
|
|-weather|RainDance|[upkeep]
|-heal|p1a: Ferrothorn|75/100|[from] item: Leftovers
|upkeep
|turn|4
|
|switch|p2a: Toxicroak|Toxicroak, M|100/100
|move|p1a: Ferrothorn|Leech Seed|p2a: Toxicroak
|-start|p2a: Toxicroak|move: Leech Seed
|
|-weather|RainDance|[upkeep]
|-heal|p1a: Ferrothorn|81/100|[from] item: Leftovers
|-damage|p2a: Toxicroak|88/100|[from] Leech Seed|[of] p1a: Ferrothorn
|-heal|p1a: Ferrothorn|92/100|[silent]
|upkeep
|turn|5
|
|switch|p1a: Thundurus|Thundurus-Therian, M|100/100
|move|p2a: Toxicroak|Swords Dance|p2a: Toxicroak
|-boost|p2a: Toxicroak|atk|2
|
|-weather|RainDance|[upkeep]
|-heal|p2a: Toxicroak|100/100|[from] ability: Dry Skin
|-damage|p2a: Toxicroak|88/100|[from] Leech Seed|[of] p1a: Thundurus
|upkeep
|turn|6
|
|move|p2a: Toxicroak|Sucker Punch|p1a: Thundurus
|-damage|p1a: Thundurus|11/100
|-damage|p2a: Toxicroak|78/100|[from] item: Life Orb
|move|p1a: Thundurus|Hidden Power|p2a: Toxicroak
|-supereffective|p2a: Toxicroak
|-damage|p2a: Toxicroak|0 fnt
|faint|p2a: Toxicroak
|
|-weather|RainDance|[upkeep]
|upkeep
|
|switch|p2a: Latios|Latios, M|48/100
|turn|7
|
|switch|p1a: Ferrothorn|Ferrothorn, M|92/100
|move|p2a: Latios|Roost|p2a: Latios
|-heal|p2a: Latios|99/100
|
|-weather|RainDance|[upkeep]
|-heal|p1a: Ferrothorn|98/100|[from] item: Leftovers
|upkeep
|turn|8
|
|move|p2a: Latios|Surf|p1a: Ferrothorn
|-resisted|p1a: Ferrothorn
|-damage|p1a: Ferrothorn|77/100
|-damage|p2a: Latios|89/100|[from] item: Life Orb
|move|p1a: Ferrothorn|Leech Seed|p2a: Latios
|-start|p2a: Latios|move: Leech Seed
|
|-weather|RainDance|[upkeep]
|-heal|p1a: Ferrothorn|83/100|[from] item: Leftovers
|-damage|p2a: Latios|76/100|[from] Leech Seed|[of] p1a: Ferrothorn
|-heal|p1a: Ferrothorn|93/100|[silent]
|upkeep
|turn|9
|
|switch|p2a: Gyarados|Gyarados, M|100/100
|-ability|p2a: Gyarados|Intimidate|boost
|-unboost|p1a: Ferrothorn|atk|1
|move|p1a: Ferrothorn|Stealth Rock|p2a: Gyarados
|-sidestart|p2: JTecks|move: Stealth Rock
|
|-weather|RainDance|[upkeep]
|-heal|p1a: Ferrothorn|99/100|[from] item: Leftovers
|upkeep
|turn|10
|
|move|p2a: Gyarados|Substitute|p2a: Gyarados
|-start|p2a: Gyarados|Substitute
|-damage|p2a: Gyarados|76/100
|move|p1a: Ferrothorn|Leech Seed|p2a: Gyarados
|-fail|p2a: Gyarados
|
|-weather|RainDance|[upkeep]
|-heal|p2a: Gyarados|82/100|[from] item: Leftovers
|-heal|p1a: Ferrothorn|100/100|[from] item: Leftovers
|upkeep
|turn|11
|
|move|p2a: Gyarados|Dragon Dance|p2a: Gyarados
|-boost|p2a: Gyarados|atk|1
|-boost|p2a: Gyarados|spe|1
|move|p1a: Ferrothorn|Power Whip|p2a: Gyarados
|-end|p2a: Gyarados|Substitute
|
|-weather|RainDance|[upkeep]
|-heal|p2a: Gyarados|88/100|[from] item: Leftovers
|upkeep
|turn|12
|
|move|p2a: Gyarados|Dragon Dance|p2a: Gyarados
|-boost|p2a: Gyarados|atk|1
|-boost|p2a: Gyarados|spe|1
|move|p1a: Ferrothorn|Power Whip|p2a: Gyarados
|-damage|p2a: Gyarados|58/100
|
|-weather|RainDance|[upkeep]
|-heal|p2a: Gyarados|65/100|[from] item: Leftovers
|upkeep
|turn|13
|
|move|p2a: Gyarados|Earthquake|p1a: Ferrothorn
|-damage|p1a: Ferrothorn|55/100
|move|p1a: Ferrothorn|Power Whip|p2a: Gyarados
|-damage|p2a: Gyarados|36/100
|
|-weather|RainDance|[upkeep]
|-heal|p2a: Gyarados|42/100|[from] item: Leftovers
|-heal|p1a: Ferrothorn|61/100|[from] item: Leftovers
|upkeep
|turn|14
|
|move|p2a: Gyarados|Earthquake|p1a: Ferrothorn
|-crit|p1a: Ferrothorn
|-damage|p1a: Ferrothorn|0 fnt
|faint|p1a: Ferrothorn
|
|-weather|RainDance|[upkeep]
|-heal|p2a: Gyarados|48/100|[from] item: Leftovers
|upkeep
|
|switch|p1a: Gyarados|Gyarados, M|100/100
|-ability|p1a: Gyarados|Intimidate|boost
|-unboost|p2a: Gyarados|atk|1
|turn|15
|
|move|p2a: Gyarados|Waterfall|p1a: Gyarados
|-resisted|p1a: Gyarados
|-damage|p1a: Gyarados|42/100
|-damage|p2a: Gyarados|32/100|[from] item: Rocky Helmet|[of] p1a: Gyarados
|move|p1a: Gyarados|Stone Edge|p2a: Gyarados
|-supereffective|p2a: Gyarados
|-damage|p2a: Gyarados|0 fnt
|faint|p2a: Gyarados
|
|-weather|RainDance|[upkeep]
|upkeep
|
|switch|p2a: Jirachi|Jirachi|35/100
|-damage|p2a: Jirachi|28/100|[from] Stealth Rock
|turn|16
|
|switch|p1a: Thundurus|Thundurus-Therian, M|11/100
|move|p2a: Jirachi|Thunder|p1a: Thundurus
|-heal|p1a: Thundurus|36/100|[from] ability: Volt Absorb|[of] p2a: Jirachi
|
|-weather|RainDance|[upkeep]
|-heal|p2a: Jirachi|35/100|[from] item: Leftovers
|upkeep
|turn|17
|
|move|p1a: Thundurus|Thunderbolt|p2a: Jirachi
|-damage|p2a: Jirachi|0 fnt
|faint|p2a: Jirachi
|
|-weather|RainDance|[upkeep]
|upkeep
|
|switch|p2a: Latios|Latios, M|76/100
|-damage|p2a: Latios|64/100|[from] Stealth Rock
|turn|18
|
|switch|p1a: Gyarados|Gyarados, M|42/100
|-ability|p1a: Gyarados|Intimidate|boost
|-unboost|p2a: Latios|atk|1
|move|p2a: Latios|Surf|p1a: Gyarados
|-resisted|p1a: Gyarados
|-damage|p1a: Gyarados|6/100
|-damage|p2a: Latios|54/100|[from] item: Life Orb
|
|-weather|RainDance|[upkeep]
|upkeep
|turn|19
|
|move|p2a: Latios|Surf|p1a: Gyarados
|-resisted|p1a: Gyarados
|-damage|p1a: Gyarados|0 fnt
|-damage|p2a: Latios|44/100|[from] item: Life Orb
|faint|p1a: Gyarados
|
|-weather|RainDance|[upkeep]
|upkeep
|
|switch|p1a: Latios|Latios, M|100/100
|turn|20
|
|move|p2a: Latios|Draco Meteor|p1a: Latios
|-supereffective|p1a: Latios
|-damage|p1a: Latios|0 fnt
|-unboost|p2a: Latios|spa|2
|-damage|p2a: Latios|34/100|[from] item: Life Orb
|faint|p1a: Latios
|
|-weather|RainDance|[upkeep]
|upkeep
|
|switch|p1a: Conkeldurr|Conkeldurr, M|100/100
|turn|21
|
|switch|p2a: Tentacruel|Tentacruel, M|100/100
|-damage|p2a: Tentacruel|88/100|[from] Stealth Rock
|move|p1a: Conkeldurr|Ice Punch|p2a: Tentacruel
|-resisted|p2a: Tentacruel
|-damage|p2a: Tentacruel|63/100
|
|-weather|RainDance|[upkeep]
|-heal|p2a: Tentacruel|69/100|[from] ability: Rain Dish
|-heal|p2a: Tentacruel|75/100|[from] item: Black Sludge
|upkeep
|turn|22
|
|move|p2a: Tentacruel|Toxic|p1a: Conkeldurr
|-status|p1a: Conkeldurr|tox
|move|p1a: Conkeldurr|Thunder Punch|p2a: Tentacruel
|-supereffective|p2a: Tentacruel
|-damage|p2a: Tentacruel|0 fnt
|faint|p2a: Tentacruel
|
|-weather|RainDance|[upkeep]
|-damage|p1a: Conkeldurr|94/100 tox|[from] psn
|upkeep
|
|switch|p2a: Politoed|Politoed, F|100/100
|-damage|p2a: Politoed|88/100|[from] Stealth Rock
|turn|23
|
|move|p2a: Politoed|Hydro Pump|p1a: Conkeldurr
|-crit|p1a: Conkeldurr
|-damage|p1a: Conkeldurr|0 fnt
|faint|p1a: Conkeldurr
|
|-weather|RainDance|[upkeep]
|upkeep
|
|switch|p1a: Thundurus|Thundurus-Therian, M|36/100
|turn|24
|
|move|p1a: Thundurus|Thunderbolt|p2a: Politoed
|-supereffective|p2a: Politoed
|-damage|p2a: Politoed|0 fnt
|faint|p2a: Politoed
|
|-weather|RainDance|[upkeep]
|upkeep
|
|switch|p2a: Latios|Latios, M|34/100
|-damage|p2a: Latios|22/100|[from] Stealth Rock
|turn|25
|
|move|p2a: Latios|Roost|p2a: Latios
|-heal|p2a: Latios|72/100
|move|p1a: Thundurus|Thunderbolt|p2a: Latios
|-resisted|p2a: Latios
|-damage|p2a: Latios|28/100
|
|-weather|RainDance|[upkeep]
|upkeep
|turn|26
|
|move|p2a: Latios|Roost|p2a: Latios
|-heal|p2a: Latios|78/100
|move|p1a: Thundurus|Thunderbolt|p2a: Latios
|-resisted|p2a: Latios
|-damage|p2a: Latios|29/100
|
|-weather|RainDance|[upkeep]
|upkeep
|turn|27
|
|move|p2a: Latios|Roost|p2a: Latios
|-heal|p2a: Latios|79/100
|move|p1a: Thundurus|Thunderbolt|p2a: Latios
|-resisted|p2a: Latios
|-damage|p2a: Latios|30/100
|
|-weather|RainDance|[upkeep]
|upkeep
|turn|28
|
|move|p2a: Latios|Roost|p2a: Latios
|-heal|p2a: Latios|81/100
|move|p1a: Thundurus|Thunderbolt|p2a: Latios
|-resisted|p2a: Latios
|-damage|p2a: Latios|34/100
|
|-weather|RainDance|[upkeep]
|upkeep
|turn|29
|
|move|p2a: Latios|Roost|p2a: Latios
|-heal|p2a: Latios|84/100
|move|p1a: Thundurus|Thunderbolt|p2a: Latios
|-resisted|p2a: Latios
|-crit|p2a: Latios
|-damage|p2a: Latios|0 fnt
|faint|p2a: Latios
|
|win|Vanteline
|c|☆JTecks|gg lol
|c|☆Vanteline|gg wp
|raw|Vanteline's rating: 1275 &rarr; <strong>1304</strong><br />(+29 for winning)
|raw|JTecks's rating: 1328 &rarr; <strong>1305</strong><br />(-23 for losing)
