|j|☆hgfjhds
|j|☆i luv skool
|player|p1|hgfjhds|cress|1465
|player|p2|i luv skool|35|1322
|teamsize|p1|6
|teamsize|p2|6
|gametype|singles
|gen|5
|tier|[Gen 5] OU
|rated|
|clearpoke
|poke|p1|Mamoswine, M|item
|poke|p1|Latios, M|item
|poke|p1|Scizor, F|item
|poke|p1|Kyurem-Black|item
|poke|p1|Salamence, M|item
|poke|p1|Magnezone|item
|poke|p2|Politoed, F|item
|poke|p2|Ferrothorn, F|item
|poke|p2|Volcarona, F|item
|poke|p2|Jellicent, M|item
|poke|p2|Latias, F|item
|poke|p2|Excadrill, F|item
|rule|Species Clause: Limit one of each Pokémon
|rule|OHKO Clause: OHKO moves are banned
|rule|Moody Clause: Moody is banned
|rule|Evasion Moves Clause: Evasion moves are banned
|rule|Endless Battle Clause: Forcing endless battles is banned
|rule|HP Percentage Mod: HP is shown in percentages
|rule|Evasion Abilities Clause: Evasion abilities are banned
|rule|Baton Pass Clause: Limit one Baton Passer, can't pass Spe and other stats simultaneously
|rule|Sleep Clause: Sleep-inducing moves are banned
|rule|Swagger Clause: Swagger is banned
|teampreview
|inactive|Battle timer is ON: inactive players will automatically lose when time's up. (requested by hgfjhds)
|
|start
|switch|p1a: Kyurem|Kyurem-Black|100/100
|switch|p2a: Politoed|Politoed, F|100/100
|-ability|p1a: Kyurem|Teravolt
|-weather|RainDance|[from] ability: Drizzle|[of] p2a: Politoed
|turn|1
|
|switch|p2a: Excadrill|Excadrill, F|100/100
|-ability|p2a: Excadrill|Mold Breaker
|move|p1a: Kyurem|Outrage|p2a: Excadrill
|-resisted|p2a: Excadrill
|-damage|p2a: Excadrill|26/100
|
|-weather|RainDance|[upkeep]
|-heal|p2a: Excadrill|32/100|[from] item: Leftovers
|upkeep
|turn|2
|
|switch|p2a: Ferrothorn|Ferrothorn, F|100/100
|move|p1a: Kyurem|Outrage|p2a: Ferrothorn|[from]lockedmove
|-resisted|p2a: Ferrothorn
|-damage|p2a: Ferrothorn|61/100
|-damage|p1a: Kyurem|88/100|[from] ability: Iron Barbs|[of] p2a: Ferrothorn
|
|-weather|RainDance|[upkeep]
|-heal|p2a: Ferrothorn|67/100|[from] item: Leftovers
|upkeep
|turn|3
|
|move|p1a: Kyurem|Outrage|p2a: Ferrothorn|[from]lockedmove
|-resisted|p2a: Ferrothorn
|-damage|p2a: Ferrothorn|25/100
|-damage|p1a: Kyurem|75/100|[from] ability: Iron Barbs|[of] p2a: Ferrothorn
|-start|p1a: Kyurem|confusion|[fatigue]
|move|p2a: Ferrothorn|Gyro Ball|p1a: Kyurem
|-supereffective|p1a: Kyurem
|-damage|p1a: Kyurem|0 fnt
|faint|p1a: Kyurem
|
|-weather|RainDance|[upkeep]
|-heal|p2a: Ferrothorn|32/100|[from] item: Leftovers
|upkeep
|
|switch|p1a: Magnezone|Magnezone|100/100
|turn|4
|
|move|p1a: Magnezone|Hidden Power|p2a: Ferrothorn
|-supereffective|p2a: Ferrothorn
|-damage|p2a: Ferrothorn|0 fnt
|faint|p2a: Ferrothorn
|
|-weather|RainDance|[upkeep]
|upkeep
|
|switch|p2a: Excadrill|Excadrill, F|32/100
|-ability|p2a: Excadrill|Mold Breaker
|turn|5
|
|switch|p1a: Scizor|Scizor, F|100/100
|move|p2a: Excadrill|Earthquake|p1a: Scizor
|-damage|p1a: Scizor|49/100
|
|-weather|RainDance|[upkeep]
|-heal|p2a: Excadrill|38/100|[from] item: Leftovers
|upkeep
|turn|6
|
|move|p1a: Scizor|Bullet Punch|p2a: Excadrill
|-resisted|p2a: Excadrill
|-damage|p2a: Excadrill|5/100
|move|p2a: Excadrill|Earthquake|p1a: Scizor
|-damage|p1a: Scizor|0 fnt
|faint|p1a: Scizor
|
|-weather|RainDance|[upkeep]
|-heal|p2a: Excadrill|12/100|[from] item: Leftovers
|upkeep
|
|switch|p1a: Salamence|Salamence, M|100/100
|turn|7
|
|move|p1a: Salamence|Outrage|p2a: Excadrill
|-resisted|p2a: Excadrill
|-damage|p2a: Excadrill|0 fnt
|faint|p2a: Excadrill
|-ability|p1a: Salamence|Moxie|boost
|-boost|p1a: Salamence|atk|1
|
|-weather|RainDance|[upkeep]
|upkeep
|
|switch|p2a: Jellicent|Jellicent, M|100/100
|turn|8
|
|move|p1a: Salamence|Outrage|p2a: Jellicent|[from]lockedmove
|-damage|p2a: Jellicent|0 fnt
|faint|p2a: Jellicent
|-ability|p1a: Salamence|Moxie|boost
|-boost|p1a: Salamence|atk|1
|
|-weather|RainDance|[upkeep]
|upkeep
|
|switch|p2a: Latias|Latias, F|100/100
|turn|9
|
|move|p1a: Salamence|Outrage|p2a: Latias|[from]lockedmove
|-supereffective|p2a: Latias
|-damage|p2a: Latias|0 fnt
|-start|p1a: Salamence|confusion|[fatigue]
|faint|p2a: Latias
|-ability|p1a: Salamence|Moxie|boost
|-boost|p1a: Salamence|atk|1
|
|-weather|RainDance|[upkeep]
|upkeep
|
|switch|p2a: Volcarona|Volcarona, F|100/100
|turn|10
|
|switch|p1a: Mamoswine|Mamoswine, M|100/100
|move|p2a: Volcarona|Quiver Dance|p2a: Volcarona
|-boost|p2a: Volcarona|spa|1
|-boost|p2a: Volcarona|spd|1
|-boost|p2a: Volcarona|spe|1
|
|-weather|RainDance|[upkeep]
|upkeep
|turn|11
|
|move|p2a: Volcarona|Quiver Dance|p2a: Volcarona
|-boost|p2a: Volcarona|spa|1
|-boost|p2a: Volcarona|spd|1
|-boost|p2a: Volcarona|spe|1
|move|p1a: Mamoswine|Endeavor|p2a: Volcarona
|-immune|p2a: Volcarona
|
|-weather|RainDance|[upkeep]
|upkeep
|turn|12
|
|move|p2a: Volcarona|Giga Drain|p1a: Mamoswine
|-supereffective|p1a: Mamoswine
|-enditem|p1a: Mamoswine|Focus Sash
|-damage|p1a: Mamoswine|1/100
|move|p1a: Mamoswine|Endeavor|p2a: Volcarona
|-damage|p2a: Volcarona|1/100
|-status|p1a: Mamoswine|brn|[from] ability: Flame Body|[of] p2a: Volcarona
|
|-weather|RainDance|[upkeep]
|-heal|p2a: Volcarona|7/100|[from] item: Leftovers
|-damage|p1a: Mamoswine|0 fnt|[from] brn
|faint|p1a: Mamoswine
|upkeep
|
|switch|p1a: Salamence|Salamence, M|100/100
|turn|13
|
|move|p2a: Volcarona|Hurricane|p1a: Salamence
|-damage|p1a: Salamence|0 fnt
|faint|p1a: Salamence
|
|-weather|RainDance|[upkeep]
|-heal|p2a: Volcarona|13/100|[from] item: Leftovers
|upkeep
|
|switch|p1a: Magnezone|Magnezone|100/100
|turn|14
|
|move|p2a: Volcarona|Hurricane|p1a: Magnezone
|-resisted|p1a: Magnezone
|-crit|p1a: Magnezone
|-damage|p1a: Magnezone|37/100
|-start|p1a: Magnezone|confusion
|-activate|p1a: Magnezone|confusion
|-damage|p1a: Magnezone|31/100|[from] confusion
|
|-weather|RainDance|[upkeep]
|-heal|p2a: Volcarona|19/100|[from] item: Leftovers
|upkeep
|turn|15
|
|move|p2a: Volcarona|Hurricane|p1a: Magnezone
|-resisted|p1a: Magnezone
|-damage|p1a: Magnezone|0 fnt
|faint|p1a: Magnezone
|
|-weather|RainDance|[upkeep]
|-heal|p2a: Volcarona|25/100|[from] item: Leftovers
|upkeep
|
|switch|p1a: Latios|Latios, M|100/100
|turn|16
|
|move|p2a: Volcarona|Bug Buzz|p1a: Latios
|-supereffective|p1a: Latios
|-damage|p1a: Latios|0 fnt
|faint|p1a: Latios
|
|win|i luv skool
|raw|hgfjhds's rating: 1465 &rarr; <strong>1437</strong><br />(-28 for losing)
|raw|i luv skool's rating: 1322 &rarr; <strong>1350</strong><br />(+28 for winning)
|c|☆hgfjhds|great game
|c|☆i luv skool|gg
