|j|☆Claude's Journey
|j|☆LAOPENXY
|t:|1747718762
|gametype|singles
|player|p1|Claude's Journey|lass-gen1rb|1344
|player|p2|LAOPENXY|266|1355
|teamsize|p1|6
|teamsize|p2|6
|gen|5
|tier|[Gen 5] OU
|rated|
|rule|Species Clause: Limit one of each Pokémon
|rule|OHKO Clause: OHKO moves are banned
|rule|Moody Clause: Moody is banned
|rule|Evasion Items Clause: Evasion items are banned
|rule|Evasion Moves Clause: Evasion moves are banned
|rule|Endless Battle Clause: Forcing endless battles is banned
|rule|HP Percentage Mod: HP is shown in percentages
|rule|Evasion Abilities Clause: Evasion abilities are banned
|rule|Sleep Moves Clause: Sleep-inducing moves are banned
|rule|Swagger Clause: Swagger is banned
|rule|Baton Pass Stat Clause: No Baton Passer may have a way to boost its stats
|clearpoke
|poke|p1|Politoed, M|item
|poke|p1|Ferrothorn, F|item
|poke|p1|Volcarona, M|item
|poke|p1|Excadrill, F|item
|poke|p1|Latios, M|item
|poke|p1|Azumarill, M|item
|poke|p2|Ninetales, F|item
|poke|p2|Garchomp, F|item
|poke|p2|Metagross|item
|poke|p2|Landorus-Therian, M|item
|poke|p2|Starmie|item
|poke|p2|Infernape, M|item
|teampreview
|
|t:|1747718785
|start
|switch|p1a: Politoed|Politoed, M|100/100
|switch|p2a: Landorus|Landorus-Therian, M|100/100
|-ability|p2a: Landorus|Intimidate|boost
|-unboost|p1a: Politoed|atk|1
|-weather|RainDance|[from] ability: Drizzle|[of] p1a: Politoed
|turn|1
|
|t:|1747718796
|move|p2a: Landorus|U-turn|p1a: Politoed
|-damage|p1a: Politoed|81/100
|
|t:|1747718801
|switch|p2a: Starmie|Starmie|100/100|[from] U-turn
|move|p1a: Politoed|Scald|p2a: Starmie
|-resisted|p2a: Starmie
|-damage|p2a: Starmie|70/100
|
|-weather|RainDance|[upkeep]
|-heal|p1a: Politoed|88/100|[from] item: Leftovers
|upkeep
|turn|2
|
|t:|1747718806
|move|p1a: Politoed|Protect|p1a: Politoed
|-singleturn|p1a: Politoed|Protect
|move|p2a: Starmie|Psychic|p1a: Politoed
|-activate|p1a: Politoed|move: Protect
|
|-weather|RainDance|[upkeep]
|-heal|p1a: Politoed|94/100|[from] item: Leftovers
|upkeep
|turn|3
|
|t:|1747718813
|move|p2a: Starmie|Psychic|p1a: Politoed
|-damage|p1a: Politoed|46/100
|-damage|p2a: Starmie|60/100|[from] item: Life Orb
|move|p1a: Politoed|Scald|p2a: Starmie
|-resisted|p2a: Starmie
|-damage|p2a: Starmie|31/100
|
|-weather|RainDance|[upkeep]
|-heal|p1a: Politoed|53/100|[from] item: Leftovers
|upkeep
|turn|4
|
|t:|1747718822
|switch|p1a: Ferrothorn|Ferrothorn, F|100/100
|move|p2a: Starmie|Psychic|p1a: Ferrothorn
|-resisted|p1a: Ferrothorn
|-damage|p1a: Ferrothorn|80/100
|-damage|p2a: Starmie|21/100|[from] item: Life Orb
|
|-weather|RainDance|[upkeep]
|upkeep
|turn|5
|
|t:|1747718828
|switch|p2a: Ninetales|Ninetales, F, shiny|100/100
|-weather|SunnyDay|[from] ability: Drought|[of] p2a: Ninetales
|-item|p2a: Ninetales|Air Balloon
|move|p1a: Ferrothorn|Stealth Rock|p2a: Ninetales
|-sidestart|p2: LAOPENXY|move: Stealth Rock
|
|-weather|SunnyDay|[upkeep]
|upkeep
|turn|6
|
|t:|1747718853
|switch|p2a: Infernape|Infernape, M|100/100
|-damage|p2a: Infernape|88/100|[from] Stealth Rock
|switch|p1a: Latios|Latios, M|100/100
|
|-weather|SunnyDay|[upkeep]
|upkeep
|turn|7
|
|t:|1747718862
|switch|p2a: Metagross|Metagross, shiny|100/100
|-damage|p2a: Metagross|94/100|[from] Stealth Rock
|move|p1a: Latios|Draco Meteor|p2a: Metagross
|-resisted|p2a: Metagross
|-damage|p2a: Metagross|58/100
|-unboost|p1a: Latios|spa|2
|
|-weather|SunnyDay|[upkeep]
|upkeep
|turn|8
|
|t:|1747718874
|switch|p1a: Ferrothorn|Ferrothorn, F|80/100
|move|p2a: Metagross|Stealth Rock|p1a: Ferrothorn
|-sidestart|p1: Claude's Journey|move: Stealth Rock
|
|-weather|SunnyDay|[upkeep]
|upkeep
|turn|9
|
|t:|1747718887
|switch|p2a: Infernape|Infernape, M|88/100
|-damage|p2a: Infernape|76/100|[from] Stealth Rock
|move|p1a: Ferrothorn|Spikes|p2a: Infernape
|-sidestart|p2: LAOPENXY|Spikes
|
|-weather|SunnyDay|[upkeep]
|upkeep
|turn|10
|
|t:|1747718902
|move|p2a: Infernape|Overheat|p1a: Ferrothorn
|-supereffective|p1a: Ferrothorn
|-damage|p1a: Ferrothorn|0 fnt
|-unboost|p2a: Infernape|spa|2
|faint|p1a: Ferrothorn
|
|-weather|SunnyDay|[upkeep]
|upkeep
|
|t:|1747718910
|switch|p1a: Politoed|Politoed, M|53/100
|-damage|p1a: Politoed|40/100|[from] Stealth Rock
|-weather|RainDance|[from] ability: Drizzle|[of] p1a: Politoed
|turn|11
|
|t:|1747718916
|move|p2a: Infernape|Close Combat|p1a: Politoed
|-damage|p1a: Politoed|6/100
|-unboost|p2a: Infernape|def|1
|-unboost|p2a: Infernape|spd|1
|move|p1a: Politoed|Scald|p2a: Infernape
|-supereffective|p2a: Infernape
|-damage|p2a: Infernape|0 fnt
|faint|p2a: Infernape
|
|-weather|RainDance|[upkeep]
|-heal|p1a: Politoed|12/100|[from] item: Leftovers
|upkeep
|
|t:|1747718930
|switch|p2a: Ninetales|Ninetales, F, shiny|100/100
|-damage|p2a: Ninetales|75/100|[from] Stealth Rock
|-weather|SunnyDay|[from] ability: Drought|[of] p2a: Ninetales
|-item|p2a: Ninetales|Air Balloon
|turn|12
|
|t:|1747718937
|move|p1a: Politoed|Protect|p1a: Politoed
|-singleturn|p1a: Politoed|Protect
|move|p2a: Ninetales|Solar Beam||[still]
|-prepare|p2a: Ninetales|Solar Beam
|-anim|p2a: Ninetales|Solar Beam|p1a: Politoed
|-activate|p1a: Politoed|move: Protect
|
|-weather|SunnyDay|[upkeep]
|-heal|p1a: Politoed|18/100|[from] item: Leftovers
|upkeep
|turn|13
|
|t:|1747718950
|switch|p1a: Latios|Latios, M|100/100
|-damage|p1a: Latios|88/100|[from] Stealth Rock
|move|p2a: Ninetales|Hidden Power|p1a: Latios
|-supereffective|p1a: Latios
|-damage|p1a: Latios|49/100
|
|-weather|SunnyDay|[upkeep]
|upkeep
|turn|14
|
|t:|1747718959
|switch|p2a: Starmie|Starmie|21/100
|-damage|p2a: Starmie|9/100|[from] Stealth Rock
|-damage|p2a: Starmie|0 fnt|[from] Spikes
|faint|p2a: Starmie
|move|p1a: Latios|Recover|p1a: Latios
|-heal|p1a: Latios|99/100
|
|-weather|SunnyDay|[upkeep]
|upkeep
|
|t:|1747718976
|switch|p2a: Landorus|Landorus-Therian, M|100/100
|-damage|p2a: Landorus|88/100|[from] Stealth Rock
|-ability|p2a: Landorus|Intimidate|boost
|-unboost|p1a: Latios|atk|1
|turn|15
|
|t:|1747718981
|move|p2a: Landorus|U-turn|p1a: Latios
|-supereffective|p1a: Latios
|-damage|p1a: Latios|28/100
|
|t:|1747719008
|switch|p2a: Metagross|Metagross, shiny|58/100|[from] U-turn
|-damage|p2a: Metagross|52/100|[from] Stealth Rock
|-damage|p2a: Metagross|40/100|[from] Spikes
|move|p1a: Latios|Recover|p1a: Latios
|-heal|p1a: Latios|78/100
|
|-weather|SunnyDay|[upkeep]
|upkeep
|turn|16
|
|t:|1747719027
|switch|p1a: Excadrill|Excadrill, F|100/100
|-damage|p1a: Excadrill|97/100|[from] Stealth Rock
|-ability|p1a: Excadrill|Mold Breaker
|move|p2a: Metagross|Ice Punch|p1a: Excadrill
|-damage|p1a: Excadrill|72/100
|
|-weather|SunnyDay|[upkeep]
|-heal|p1a: Excadrill|78/100|[from] item: Leftovers
|upkeep
|turn|17
|
|t:|1747719056
|move|p1a: Excadrill|Rapid Spin|p2a: Metagross
|-resisted|p2a: Metagross
|-crit|p2a: Metagross
|-damage|p2a: Metagross|36/100
|-damage|p1a: Excadrill|61/100|[from] item: Rocky Helmet|[of] p2a: Metagross
|-sideend|p1: Claude's Journey|Stealth Rock|[from] move: Rapid Spin|[of] p1a: Excadrill
|move|p2a: Metagross|Stealth Rock|p1a: Excadrill
|-sidestart|p1: Claude's Journey|move: Stealth Rock
|
|-weather|SunnyDay|[upkeep]
|-heal|p1a: Excadrill|67/100|[from] item: Leftovers
|upkeep
|turn|18
|
|t:|1747719074
|switch|p2a: Landorus|Landorus-Therian, M|88/100
|-damage|p2a: Landorus|75/100|[from] Stealth Rock
|-ability|p2a: Landorus|Intimidate|boost
|-unboost|p1a: Excadrill|atk|1
|move|p1a: Excadrill|Earthquake|p2a: Landorus
|-immune|p2a: Landorus
|
|-weather|SunnyDay|[upkeep]
|-heal|p1a: Excadrill|74/100|[from] item: Leftovers
|upkeep
|turn|19
|
|t:|1747719107
|move|p2a: Landorus|Earthquake|p1a: Excadrill
|-supereffective|p1a: Excadrill
|-damage|p1a: Excadrill|0 fnt
|faint|p1a: Excadrill
|
|-weather|SunnyDay|[upkeep]
|upkeep
|
|t:|1747719111
|switch|p1a: Latios|Latios, M|78/100
|-damage|p1a: Latios|65/100|[from] Stealth Rock
|turn|20
|
|t:|1747719126
|switch|p2a: Ninetales|Ninetales, F, shiny|75/100
|-damage|p2a: Ninetales|50/100|[from] Stealth Rock
|-item|p2a: Ninetales|Air Balloon
|move|p1a: Latios|Recover|p1a: Latios
|-heal|p1a: Latios|100/100
|
|-weather|SunnyDay|[upkeep]
|upkeep
|turn|21
|
|t:|1747719131
|move|p1a: Latios|Draco Meteor|p2a: Ninetales
|-crit|p2a: Ninetales
|-damage|p2a: Ninetales|0 fnt
|-unboost|p1a: Latios|spa|2
|-enditem|p2a: Ninetales|Air Balloon
|faint|p2a: Ninetales
|
|-weather|SunnyDay|[upkeep]
|upkeep
|
|t:|1747719137
|switch|p2a: Landorus|Landorus-Therian, M|75/100
|-damage|p2a: Landorus|63/100|[from] Stealth Rock
|-ability|p2a: Landorus|Intimidate|boost
|-unboost|p1a: Latios|atk|1
|turn|22
|
|t:|1747719143
|switch|p1a: Politoed|Politoed, M|18/100
|-damage|p1a: Politoed|6/100|[from] Stealth Rock
|-weather|RainDance|[from] ability: Drizzle|[of] p1a: Politoed
|move|p2a: Landorus|U-turn|p1a: Politoed
|-damage|p1a: Politoed|0 fnt
|faint|p1a: Politoed
|
|t:|1747719153
|switch|p2a: Garchomp|Garchomp, F|100/100|[from] U-turn
|-damage|p2a: Garchomp|94/100|[from] Stealth Rock
|-damage|p2a: Garchomp|82/100|[from] Spikes
|
|-weather|RainDance|[upkeep]
|upkeep
|
|t:|1747719159
|switch|p1a: Azumarill|Azumarill, M|100/100
|-damage|p1a: Azumarill|88/100|[from] Stealth Rock
|turn|23
|
|t:|1747719169
|move|p2a: Garchomp|Outrage|p1a: Azumarill
|-damage|p1a: Azumarill|9/100
|move|p1a: Azumarill|Aqua Tail|p2a: Garchomp
|-damage|p2a: Garchomp|0 fnt
|-damage|p1a: Azumarill|0 fnt|[from] ability: Rough Skin|[of] p2a: Garchomp
|faint|p1a: Azumarill
|faint|p2a: Garchomp
|
|-weather|RainDance|[upkeep]
|upkeep
|
|t:|1747719177
|switch|p2a: Landorus|Landorus-Therian, M|63/100
|switch|p1a: Latios|Latios, M|100/100
|-damage|p2a: Landorus|50/100|[from] Stealth Rock
|-ability|p2a: Landorus|Intimidate|boost
|-unboost|p1a: Latios|atk|1
|-damage|p1a: Latios|88/100|[from] Stealth Rock
|turn|24
|
|t:|1747719181
|move|p2a: Landorus|U-turn|p1a: Latios
|-supereffective|p1a: Latios
|-damage|p1a: Latios|17/100
|
|t:|1747719183
|switch|p2a: Metagross|Metagross, shiny|36/100|[from] U-turn
|-damage|p2a: Metagross|30/100|[from] Stealth Rock
|-damage|p2a: Metagross|17/100|[from] Spikes
|move|p1a: Latios|Recover|p1a: Latios
|-heal|p1a: Latios|67/100
|
|-weather|RainDance|[upkeep]
|upkeep
|turn|25
|
|t:|1747719192
|move|p1a: Latios|Surf|p2a: Metagross
|-damage|p2a: Metagross|0 fnt
|faint|p2a: Metagross
|
|-weather|RainDance|[upkeep]
|upkeep
|
|t:|1747719194
|switch|p2a: Landorus|Landorus-Therian, M|50/100
|-damage|p2a: Landorus|38/100|[from] Stealth Rock
|-ability|p2a: Landorus|Intimidate|boost
|-unboost|p1a: Latios|atk|1
|turn|26
|
|t:|1747719203
|move|p2a: Landorus|Stone Edge|p1a: Latios
|-damage|p1a: Latios|15/100
|move|p1a: Latios|Surf|p2a: Landorus
|-supereffective|p2a: Landorus
|-damage|p2a: Landorus|0 fnt
|faint|p2a: Landorus
|
|win|Claude's Journey
|raw|Claude&apos;s Journey's rating: 1344 &rarr; <strong>1365</strong><br />(+21 for winning)
|raw|LAOPENXY's rating: 1355 &rarr; <strong>1334</strong><br />(-21 for losing)
