|j|☆SEUIf
|j|☆PirateDesCarabing
|t:|1723126079
|gametype|singles
|player|p1|SEUIf|ingo-hisui|1319
|player|p2|PirateDesCarabing|ingo|1389
|teamsize|p1|6
|teamsize|p2|6
|gen|5
|tier|[Gen 5] OU
|rated|
|rule|Species Clause: Limit one of each Pokémon
|rule|OHKO Clause: OHKO moves are banned
|rule|Moody Clause: Moody is banned
|rule|Evasion Items Clause: Evasion items are banned
|rule|Evasion Moves Clause: Evasion moves are banned
|rule|Endless Battle Clause: Forcing endless battles is banned
|rule|HP Percentage Mod: HP is shown in percentages
|rule|Evasion Abilities Clause: Evasion abilities are banned
|rule|Sleep Moves Clause: Sleep-inducing moves are banned
|rule|Swagger Clause: Swagger is banned
|rule|Baton Pass Stat Clause: No Baton Passer may have a way to boost its stats
|clearpoke
|poke|p1|Kyurem-Black|item
|poke|p1|Dragonite, M|item
|poke|p1|Garchomp, M|item
|poke|p1|Latios, M|item
|poke|p1|Jirachi|item
|poke|p1|Magnezone|item
|poke|p2|Politoed, F|item
|poke|p2|Starmie|item
|poke|p2|Thundurus-Therian, M|item
|poke|p2|Garchomp, F|item
|poke|p2|Ferrothorn, M|item
|poke|p2|Keldeo|item
|teampreview
|
|t:|1723126111
|start
|switch|p1a: Jirachi|Jirachi|100/100
|switch|p2a: Politoed|Politoed, F|100/100
|-weather|RainDance|[from] ability: Drizzle|[of] p2a: Politoed
|turn|1
|inactive|Battle timer is ON: inactive players will automatically lose when time's up. (requested by PirateDesCarabing)
|inactive|SEUIf has 120 seconds left.
|
|t:|1723126161
|switch|p2a: Thundurus|Thundurus-Therian, M|100/100
|move|p1a: Jirachi|Stealth Rock|p2a: Thundurus
|-sidestart|p2: PirateDesCarabing|move: Stealth Rock
|
|-weather|RainDance|[upkeep]
|upkeep
|turn|2
|
|t:|1723126165
|move|p2a: Thundurus|Thunder|p1a: Jirachi
|-damage|p1a: Jirachi|57/100
|move|p1a: Jirachi|Icy Wind|p2a: Thundurus
|-supereffective|p2a: Thundurus
|-enditem|p2a: Thundurus|Yache Berry|[eat]
|-enditem|p2a: Thundurus|Yache Berry|[weaken]
|-damage|p2a: Thundurus|86/100
|-unboost|p2a: Thundurus|spe|1
|
|-weather|RainDance|[upkeep]
|-heal|p1a: Jirachi|63/100|[from] item: Leftovers
|upkeep
|turn|3
|
|t:|1723126175
|move|p1a: Jirachi|U-turn|p2a: Thundurus
|-resisted|p2a: Thundurus
|-damage|p2a: Thundurus|75/100
|
|t:|1723126178
|switch|p1a: Garchomp|Garchomp, M|100/100|[from] U-turn
|move|p2a: Thundurus|Agility|p2a: Thundurus
|-boost|p2a: Thundurus|spe|2
|
|-weather|RainDance|[upkeep]
|upkeep
|turn|4
|
|t:|1723126186
|move|p1a: Garchomp|Outrage|p2a: Thundurus
|-damage|p2a: Thundurus|0 fnt
|faint|p2a: Thundurus
|
|-weather|RainDance|[upkeep]
|upkeep
|
|t:|1723126193
|switch|p2a: Ferrothorn|Ferrothorn, M|100/100
|-damage|p2a: Ferrothorn|94/100|[from] Stealth Rock
|turn|5
|
|t:|1723126196
|move|p1a: Garchomp|Outrage|p2a: Ferrothorn|[from]lockedmove
|-resisted|p2a: Ferrothorn
|-damage|p2a: Ferrothorn|72/100
|-damage|p1a: Garchomp|88/100|[from] ability: Iron Barbs|[of] p2a: Ferrothorn
|move|p2a: Ferrothorn|Stealth Rock|p1a: Garchomp
|-sidestart|p1: SEUIf|move: Stealth Rock
|
|-weather|RainDance|[upkeep]
|upkeep
|turn|6
|
|t:|1723126201
|move|p1a: Garchomp|Outrage|p2a: Ferrothorn|[from]lockedmove
|-resisted|p2a: Ferrothorn
|-damage|p2a: Ferrothorn|49/100
|-damage|p1a: Garchomp|76/100|[from] ability: Iron Barbs|[of] p2a: Ferrothorn
|-start|p1a: Garchomp|confusion|[fatigue]
|move|p2a: Ferrothorn|Gyro Ball|p1a: Garchomp
|-damage|p1a: Garchomp|24/100
|-damage|p2a: Ferrothorn|37/100|[from] ability: Rough Skin|[of] p1a: Garchomp
|
|-weather|RainDance|[upkeep]
|upkeep
|turn|7
|
|t:|1723126204
|switch|p1a: Magnezone|Magnezone|100/100
|-damage|p1a: Magnezone|94/100|[from] Stealth Rock
|-item|p1a: Magnezone|Air Balloon
|switch|p2a: Politoed|Politoed, F|100/100
|-damage|p2a: Politoed|88/100|[from] Stealth Rock
|
|-weather|RainDance|[upkeep]
|upkeep
|turn|8
|
|t:|1723126208
|switch|p2a: Garchomp|Garchomp, F|100/100
|-damage|p2a: Garchomp|94/100|[from] Stealth Rock
|move|p1a: Magnezone|Sunny Day|p1a: Magnezone
|-weather|SunnyDay
|
|-weather|SunnyDay|[upkeep]
|upkeep
|turn|9
|
|t:|1723126213
|switch|p1a: Dragonite|Dragonite, M|100/100
|-damage|p1a: Dragonite|76/100|[from] Stealth Rock
|move|p2a: Garchomp|Rock Slide|p1a: Dragonite|[miss]
|-miss|p2a: Garchomp|p1a: Dragonite
|
|-weather|SunnyDay|[upkeep]
|upkeep
|turn|10
|
|t:|1723126220
|move|p2a: Garchomp|Rock Slide|p1a: Dragonite
|-supereffective|p1a: Dragonite
|-damage|p1a: Dragonite|16/100
|move|p1a: Dragonite|Outrage|p2a: Garchomp
|-supereffective|p2a: Garchomp
|-damage|p2a: Garchomp|0 fnt
|-damage|p1a: Dragonite|4/100|[from] ability: Rough Skin|[of] p2a: Garchomp
|faint|p2a: Garchomp
|
|-weather|SunnyDay|[upkeep]
|upkeep
|
|t:|1723126225
|switch|p2a: Politoed|Politoed, F|88/100
|-damage|p2a: Politoed|75/100|[from] Stealth Rock
|-weather|RainDance|[from] ability: Drizzle|[of] p2a: Politoed
|turn|11
|
|t:|1723126227
|switch|p2a: Ferrothorn|Ferrothorn, M|37/100
|-damage|p2a: Ferrothorn|30/100|[from] Stealth Rock
|move|p1a: Dragonite|Outrage|p2a: Ferrothorn|[from]lockedmove
|-resisted|p2a: Ferrothorn
|-damage|p2a: Ferrothorn|0 fnt
|-damage|p1a: Dragonite|0 fnt|[from] ability: Iron Barbs|[of] p2a: Ferrothorn
|faint|p1a: Dragonite
|faint|p2a: Ferrothorn
|
|-weather|RainDance|[upkeep]
|upkeep
|
|t:|1723126239
|switch|p1a: Garchomp|Garchomp, M|24/100
|switch|p2a: Starmie|Starmie|100/100
|-damage|p1a: Garchomp|18/100|[from] Stealth Rock
|-damage|p2a: Starmie|88/100|[from] Stealth Rock
|-item|p2a: Starmie|Air Balloon
|turn|12
|
|t:|1723126246
|move|p1a: Garchomp|Outrage|p2a: Starmie
|-damage|p2a: Starmie|3/100
|-enditem|p2a: Starmie|Air Balloon
|move|p2a: Starmie|Ice Beam|p1a: Garchomp
|-supereffective|p1a: Garchomp
|-damage|p1a: Garchomp|0 fnt
|faint|p1a: Garchomp
|
|-weather|RainDance|[upkeep]
|upkeep
|
|t:|1723126254
|switch|p1a: Latios|Latios, M|100/100
|-damage|p1a: Latios|88/100|[from] Stealth Rock
|turn|13
|
|t:|1723126256
|move|p1a: Latios|Dragon Pulse|p2a: Starmie
|-damage|p2a: Starmie|0 fnt
|faint|p2a: Starmie
|
|-weather|RainDance|[upkeep]
|upkeep
|
|t:|1723126258
|switch|p2a: Keldeo|Keldeo|100/100
|-damage|p2a: Keldeo|94/100|[from] Stealth Rock
|turn|14
|
|t:|1723126265
|switch|p1a: Kyurem|Kyurem-Black|100/100
|-damage|p1a: Kyurem|76/100|[from] Stealth Rock
|-ability|p1a: Kyurem|Teravolt
|move|p2a: Keldeo|Hidden Power|p1a: Kyurem
|-damage|p1a: Kyurem|40/100
|
|-weather|RainDance|[upkeep]
|upkeep
|turn|15
|
|t:|1723126273
|move|p2a: Keldeo|Hidden Power|p1a: Kyurem
|-damage|p1a: Kyurem|3/100
|move|p1a: Kyurem|Fusion Bolt|p2a: Keldeo
|-supereffective|p2a: Keldeo
|-damage|p2a: Keldeo|0 fnt
|faint|p2a: Keldeo
|
|-weather|RainDance|[upkeep]
|upkeep
|-message|PirateDesCarabing forfeited.
|
|win|SEUIf
|raw|SEUIf's rating: 1319 &rarr; <strong>1343</strong><br />(+24 for winning)
|raw|PirateDesCarabing's rating: 1389 &rarr; <strong>1365</strong><br />(-24 for losing)
|l|☆PirateDesCarabing
|player|p2|
