|j|☆CB MEESSM MANE
|j|☆Vala morgulis
|t:|1709119367
|gametype|singles
|player|p1|CB MEESSM MANE|giovanni|1378
|player|p2|Vala morgulis|skier|1419
|teamsize|p1|6
|teamsize|p2|6
|gen|5
|tier|[Gen 5] OU
|rated|
|rule|Species Clause: Limit one of each Pokémon
|rule|OHKO Clause: OHKO moves are banned
|rule|Moody Clause: Moody is banned
|rule|Evasion Items Clause: Evasion items are banned
|rule|Evasion Moves Clause: Evasion moves are banned
|rule|Endless Battle Clause: Forcing endless battles is banned
|rule|HP Percentage Mod: HP is shown in percentages
|rule|Evasion Abilities Clause: Evasion abilities are banned
|rule|Sleep Moves Clause: Sleep-inducing moves are banned
|rule|Swagger Clause: Swagger is banned
|rule|Baton Pass Stat Clause: No Baton Passer may have a way to boost its stats
|clearpoke
|poke|p1|Skarmory, M|item
|poke|p1|Jellicent, M|item
|poke|p1|Heatran, F|item
|poke|p1|Alakazam, F|item
|poke|p1|Garchomp, M|item
|poke|p1|Tyranitar, M|item
|poke|p2|Rotom-Wash|item
|poke|p2|Azelf|item
|poke|p2|Jirachi|item
|poke|p2|Landorus-Therian, M|item
|poke|p2|Scizor, M|item
|poke|p2|Jolteon, M|item
|teampreview
|inactive|Battle timer is ON: inactive players will automatically lose when time's up. (requested by Vala morgulis)
|
|t:|1709119372
|start
|switch|p1a: Skarmory|Skarmory, M|100/100
|switch|p2a: Jolteon|Jolteon, M|100/100
|turn|1
|
|t:|1709119378
|move|p2a: Jolteon|Hidden Power|p1a: Skarmory
|-damage|p1a: Skarmory|67/100
|move|p1a: Skarmory|Stealth Rock|p2a: Jolteon
|-sidestart|p2: Vala morgulis|move: Stealth Rock
|
|upkeep
|turn|2
|
|t:|1709119385
|switch|p1a: Garchomp|Garchomp, M|100/100
|move|p2a: Jolteon|Discharge|p1a: Garchomp
|-immune|p1a: Garchomp
|
|upkeep
|turn|3
|
|t:|1709119391
|switch|p1a: Tyranitar|Tyranitar, M|100/100
|-weather|Sandstorm|[from] ability: Sand Stream|[of] p1a: Tyranitar
|move|p2a: Jolteon|Substitute|p2a: Jolteon
|-start|p2a: Jolteon|Substitute
|-damage|p2a: Jolteon|76/100
|
|-weather|Sandstorm|[upkeep]
|-damage|p2a: Jolteon|70/100|[from] Sandstorm
|-heal|p2a: Jolteon|76/100|[from] item: Leftovers
|upkeep
|turn|4
|
|t:|1709119401
|move|p2a: Jolteon|Baton Pass|p2a: Jolteon
|
|t:|1709119403
|switch|p2a: Landorus|Landorus-Therian, M|100/100|[from] Baton Pass
|-damage|p2a: Landorus|88/100|[from] Stealth Rock
|-ability|p2a: Landorus|Intimidate|boost
|-unboost|p1a: Tyranitar|atk|1
|move|p1a: Tyranitar|Crunch|p2a: Landorus
|-end|p2a: Landorus|Substitute
|
|-weather|Sandstorm|[upkeep]
|upkeep
|turn|5
|
|t:|1709119414
|switch|p1a: Skarmory|Skarmory, M|67/100
|move|p2a: Landorus|U-turn|p1a: Skarmory
|-resisted|p1a: Skarmory
|-damage|p1a: Skarmory|60/100
|
|t:|1709119419
|switch|p2a: Jolteon|Jolteon, M|76/100|[from] U-turn
|-damage|p2a: Jolteon|64/100|[from] Stealth Rock
|
|-weather|Sandstorm|[upkeep]
|-damage|p2a: Jolteon|58/100|[from] Sandstorm
|-heal|p2a: Jolteon|64/100|[from] item: Leftovers
|upkeep
|turn|6
|
|t:|1709119428
|switch|p1a: Tyranitar|Tyranitar, M|100/100
|move|p2a: Jolteon|Discharge|p1a: Tyranitar
|-damage|p1a: Tyranitar|79/100
|
|-weather|Sandstorm|[upkeep]
|-damage|p2a: Jolteon|58/100|[from] Sandstorm
|-heal|p2a: Jolteon|64/100|[from] item: Leftovers
|upkeep
|turn|7
|
|t:|1709119437
|move|p2a: Jolteon|Baton Pass|p2a: Jolteon
|
|t:|1709119438
|switch|p2a: Landorus|Landorus-Therian, M|88/100|[from] Baton Pass
|-damage|p2a: Landorus|76/100|[from] Stealth Rock
|-ability|p2a: Landorus|Intimidate|boost
|-unboost|p1a: Tyranitar|atk|1
|move|p1a: Tyranitar|Crunch|p2a: Landorus
|-damage|p2a: Landorus|44/100
|
|-weather|Sandstorm|[upkeep]
|upkeep
|turn|8
|
|t:|1709119447
|switch|p1a: Skarmory|Skarmory, M|60/100
|move|p2a: Landorus|Stealth Rock|p1a: Skarmory
|-sidestart|p1: CB MEESSM MANE|move: Stealth Rock
|
|-weather|Sandstorm|[upkeep]
|upkeep
|turn|9
|
|t:|1709119453
|switch|p2a: Rotom|Rotom-Wash|100/100
|-damage|p2a: Rotom|88/100|[from] Stealth Rock
|move|p1a: Skarmory|Spikes|p2a: Rotom
|-sidestart|p2: Vala morgulis|Spikes
|
|-weather|Sandstorm|[upkeep]
|-damage|p2a: Rotom|82/100|[from] Sandstorm
|-heal|p2a: Rotom|88/100|[from] item: Leftovers
|upkeep
|turn|10
|
|t:|1709119463
|move|p1a: Skarmory|Spikes|p2a: Rotom
|-sidestart|p2: Vala morgulis|Spikes
|move|p2a: Rotom|Hydro Pump|p1a: Skarmory
|-damage|p1a: Skarmory|0 fnt
|faint|p1a: Skarmory
|
|-weather|Sandstorm|[upkeep]
|-damage|p2a: Rotom|82/100|[from] Sandstorm
|-heal|p2a: Rotom|88/100|[from] item: Leftovers
|upkeep
|
|t:|1709119468
|switch|p1a: Garchomp|Garchomp, M|100/100
|-damage|p1a: Garchomp|94/100|[from] Stealth Rock
|turn|11
|
|t:|1709119477
|switch|p2a: Landorus|Landorus-Therian, M|44/100
|-damage|p2a: Landorus|32/100|[from] Stealth Rock
|-ability|p2a: Landorus|Intimidate|boost
|-unboost|p1a: Garchomp|atk|1
|move|p1a: Garchomp|Swords Dance|p1a: Garchomp
|-boost|p1a: Garchomp|atk|2
|
|-weather|Sandstorm|[upkeep]
|upkeep
|turn|12
|
|t:|1709119486
|move|p2a: Landorus|Earthquake|p1a: Garchomp
|-damage|p1a: Garchomp|30/100
|move|p1a: Garchomp|Dragon Claw|p2a: Landorus
|-damage|p2a: Landorus|0 fnt
|faint|p2a: Landorus
|
|-weather|Sandstorm|[upkeep]
|upkeep
|
|t:|1709119495
|switch|p2a: Jolteon|Jolteon, M|64/100
|-damage|p2a: Jolteon|51/100|[from] Stealth Rock
|-damage|p2a: Jolteon|35/100|[from] Spikes
|turn|13
|
|t:|1709119501
|move|p2a: Jolteon|Hidden Power|p1a: Garchomp
|-supereffective|p1a: Garchomp
|-damage|p1a: Garchomp|0 fnt
|faint|p1a: Garchomp
|
|-weather|Sandstorm|[upkeep]
|-damage|p2a: Jolteon|29/100|[from] Sandstorm
|-heal|p2a: Jolteon|35/100|[from] item: Leftovers
|upkeep
|
|t:|1709119503
|switch|p1a: Tyranitar|Tyranitar, M|79/100
|-damage|p1a: Tyranitar|67/100|[from] Stealth Rock
|turn|14
|
|t:|1709119511
|move|p2a: Jolteon|Discharge|p1a: Tyranitar
|-damage|p1a: Tyranitar|42/100
|-status|p1a: Tyranitar|par
|move|p1a: Tyranitar|Crunch|p2a: Jolteon
|-damage|p2a: Jolteon|0 fnt
|faint|p2a: Jolteon
|
|-weather|Sandstorm|[upkeep]
|upkeep
|
|t:|1709119518
|switch|p2a: Scizor|Scizor, M|100/100
|-damage|p2a: Scizor|88/100|[from] Stealth Rock
|-damage|p2a: Scizor|72/100|[from] Spikes
|turn|15
|
|t:|1709119523
|switch|p1a: Jellicent|Jellicent, M, shiny|100/100
|-damage|p1a: Jellicent|88/100|[from] Stealth Rock
|move|p2a: Scizor|U-turn|p1a: Jellicent
|-resisted|p1a: Jellicent
|-crit|p1a: Jellicent
|-damage|p1a: Jellicent|40/100
|-enditem|p1a: Jellicent|Eject Button
|
|t:|1709119528
|switch|p1a: Heatran|Heatran, F|100/100
|-damage|p1a: Heatran|88/100|[from] Stealth Rock
|-item|p1a: Heatran|Air Balloon
|
|-weather|Sandstorm|[upkeep]
|-heal|p2a: Scizor|78/100|[from] item: Leftovers
|upkeep
|turn|16
|
|t:|1709119539
|switch|p2a: Rotom|Rotom-Wash|88/100
|-damage|p2a: Rotom|76/100|[from] Stealth Rock
|move|p1a: Heatran|Magma Storm|p2a: Rotom
|-resisted|p2a: Rotom
|-damage|p2a: Rotom|37/100
|-activate|p2a: Rotom|move: Magma Storm|[of] p1a: Heatran
|
|-weather|Sandstorm|[upkeep]
|-damage|p2a: Rotom|31/100|[from] Sandstorm
|-heal|p2a: Rotom|37/100|[from] item: Leftovers
|-damage|p2a: Rotom|31/100|[from] move: Magma Storm|[partiallytrapped]
|upkeep
|turn|17
|
|t:|1709119550
|move|p1a: Heatran|Hidden Power|p2a: Rotom
|-supereffective|p2a: Rotom
|-damage|p2a: Rotom|0 fnt
|faint|p2a: Rotom
|
|-weather|Sandstorm|[upkeep]
|upkeep
|
|t:|1709119556
|switch|p2a: Azelf|Azelf|100/100
|-damage|p2a: Azelf|88/100|[from] Stealth Rock
|turn|18
|
|t:|1709119563
|switch|p1a: Jellicent|Jellicent, M, shiny|40/100
|-damage|p1a: Jellicent|28/100|[from] Stealth Rock
|move|p2a: Azelf|Thunder|p1a: Jellicent
|-supereffective|p1a: Jellicent
|-damage|p1a: Jellicent|0 fnt
|faint|p1a: Jellicent
|
|-weather|Sandstorm|[upkeep]
|-damage|p2a: Azelf|82/100|[from] Sandstorm
|upkeep
|
|t:|1709119569
|switch|p1a: Tyranitar|Tyranitar, M|42/100 par
|-damage|p1a: Tyranitar|30/100 par|[from] Stealth Rock
|turn|19
|
|t:|1709119575
|move|p2a: Azelf|U-turn|p1a: Tyranitar
|-supereffective|p1a: Tyranitar
|-damage|p1a: Tyranitar|0 fnt
|faint|p1a: Tyranitar
|
|t:|1709119579
|switch|p2a: Jirachi|Jirachi|100/100|[from] U-turn
|-damage|p2a: Jirachi|94/100|[from] Stealth Rock
|-damage|p2a: Jirachi|78/100|[from] Spikes
|
|-weather|Sandstorm|[upkeep]
|-heal|p2a: Jirachi|84/100|[from] item: Leftovers
|upkeep
|
|t:|1709119581
|switch|p1a: Heatran|Heatran, F|88/100
|-damage|p1a: Heatran|76/100|[from] Stealth Rock
|-item|p1a: Heatran|Air Balloon
|turn|20
|
|t:|1709119590
|move|p2a: Jirachi|Iron Head|p1a: Heatran
|-resisted|p1a: Heatran
|-crit|p1a: Heatran
|-damage|p1a: Heatran|60/100
|-enditem|p1a: Heatran|Air Balloon
|move|p1a: Heatran|Magma Storm|p2a: Jirachi
|-supereffective|p2a: Jirachi
|-damage|p2a: Jirachi|0 fnt
|faint|p2a: Jirachi
|
|-weather|Sandstorm|[upkeep]
|upkeep
|
|t:|1709119598
|switch|p2a: Azelf|Azelf|82/100
|-damage|p2a: Azelf|70/100|[from] Stealth Rock
|turn|21
|
|t:|1709119609
|move|p2a: Azelf|Thunder|p1a: Heatran|[miss]
|-miss|p2a: Azelf|p1a: Heatran
|move|p1a: Heatran|Dragon Pulse|p2a: Azelf
|-crit|p2a: Azelf
|-damage|p2a: Azelf|0 fnt
|faint|p2a: Azelf
|
|-weather|Sandstorm|[upkeep]
|upkeep
|l|☆Vala morgulis
|inactive|Vala morgulis disconnected and has a minute to reconnect!
|player|p2|
|inactive|Vala morgulis has 30 seconds to reconnect!
|inactive|Vala morgulis has 20 seconds to reconnect!
|inactive|Vala morgulis has 15 seconds to reconnect!
|inactive|Vala morgulis has 10 seconds to reconnect!
|inactive|Vala morgulis has 5 seconds to reconnect!
|-message|Vala morgulis lost due to inactivity.
|
|win|CB MEESSM MANE
|raw|CB MEESSM MANE's rating: 1378 &rarr; <strong>1400</strong><br />(+22 for winning)
|raw|Vala morgulis's rating: 1419 &rarr; <strong>1397</strong><br />(-22 for losing)
