|j|☆tellao
|j|☆Blaise Mister B
|t:|1730292362
|gametype|singles
|player|p1|tellao|ethan|1352
|player|p2|Blaise Mister B|102|1488
|teamsize|p1|6
|teamsize|p2|6
|gen|5
|tier|[Gen 5] OU
|rated|
|rule|Species Clause: Limit one of each Pokémon
|rule|OHKO Clause: OHKO moves are banned
|rule|Moody Clause: Moody is banned
|rule|Evasion Items Clause: Evasion items are banned
|rule|Evasion Moves Clause: Evasion moves are banned
|rule|Endless Battle Clause: Forcing endless battles is banned
|rule|HP Percentage Mod: HP is shown in percentages
|rule|Evasion Abilities Clause: Evasion abilities are banned
|rule|Sleep Moves Clause: Sleep-inducing moves are banned
|rule|Swagger Clause: Swagger is banned
|rule|Baton Pass Stat Clause: No Baton Passer may have a way to boost its stats
|clearpoke
|poke|p1|Landorus-Therian, M|item
|poke|p1|Gastrodon, F|item
|poke|p1|Tyranitar, M|item
|poke|p1|Forretress, M|item
|poke|p1|Gyarados, M|item
|poke|p1|Alakazam, M|item
|poke|p2|Excadrill, M|item
|poke|p2|Hippowdon, M|item
|poke|p2|Tangrowth, M|item
|poke|p2|Slowbro, M|item
|poke|p2|Blissey, F|item
|poke|p2|Slowking, F|item
|teampreview
|
|t:|1730292369
|start
|switch|p1a: Gyarados|Gyarados, M|100/100
|switch|p2a: Neptunus|Slowbro, M|100/100
|-ability|p1a: Gyarados|Intimidate|boost
|-unboost|p2a: Neptunus|atk|1
|turn|1
|inactive|Battle timer is ON: inactive players will automatically lose when time's up. (requested by tellao)
|
|t:|1730292382
|switch|p2a: Saturnus|Tangrowth, M, shiny|100/100
|move|p1a: Gyarados|Substitute|p1a: Gyarados
|-start|p1a: Gyarados|Substitute
|-damage|p1a: Gyarados|76/100
|
|-heal|p1a: Gyarados|82/100|[from] item: Leftovers
|upkeep
|turn|2
|
|t:|1730292387
|move|p1a: Gyarados|Earthquake|p2a: Saturnus
|-resisted|p2a: Saturnus
|-damage|p2a: Saturnus|91/100
|move|p2a: Saturnus|Power Whip|p1a: Gyarados
|-end|p1a: Gyarados|Substitute
|
|-heal|p1a: Gyarados|88/100|[from] item: Leftovers
|-heal|p2a: Saturnus|97/100|[from] item: Leftovers
|upkeep
|turn|3
|
|t:|1730292396
|switch|p1a: Fortes|Forretress, M|100/100
|move|p2a: Saturnus|Stun Spore|p1a: Fortes
|-status|p1a: Fortes|par
|
|-heal|p2a: Saturnus|100/100|[from] item: Leftovers
|upkeep
|turn|4
|
|t:|1730292408
|switch|p2a: Neptunus|Slowbro, M|100/100
|move|p1a: Fortes|Spikes|p2a: Neptunus
|-sidestart|p2: Blaise Mister B|Spikes
|
|upkeep
|turn|5
|
|t:|1730292411
|move|p2a: Neptunus|Flamethrower|p1a: Fortes
|-supereffective|p1a: Fortes
|-ability|p1a: Fortes|Sturdy
|-damage|p1a: Fortes|1/100 par
|move|p1a: Fortes|Volt Switch|p2a: Neptunus
|-supereffective|p2a: Neptunus
|-damage|p2a: Neptunus|77/100
|
|t:|1730292415
|switch|p1a: Tyran|Tyranitar, M, shiny|100/100|[from] Volt Switch
|-weather|Sandstorm|[from] ability: Sand Stream|[of] p1a: Tyran
|
|-weather|Sandstorm|[upkeep]
|-damage|p2a: Neptunus|71/100|[from] Sandstorm
|upkeep
|turn|6
|
|t:|1730292425
|move|p1a: Tyran|Dragon Dance|p1a: Tyran
|-boost|p1a: Tyran|atk|1
|-boost|p1a: Tyran|spe|1
|move|p2a: Neptunus|Slack Off|p2a: Neptunus
|-heal|p2a: Neptunus|100/100
|
|-weather|Sandstorm|[upkeep]
|-damage|p2a: Neptunus|94/100|[from] Sandstorm
|upkeep
|turn|7
|
|t:|1730292431
|switch|p2a: Janus|Hippowdon, M|100/100
|-damage|p2a: Janus|88/100|[from] Spikes
|move|p1a: Tyran|Crunch|p2a: Janus
|-damage|p2a: Janus|52/100
|-damage|p1a: Tyran|84/100|[from] item: Rocky Helmet|[of] p2a: Janus
|
|-weather|Sandstorm|[upkeep]
|upkeep
|turn|8
|
|t:|1730292437
|move|p1a: Tyran|Crunch|p2a: Janus
|-damage|p2a: Janus|16/100
|-damage|p1a: Tyran|68/100|[from] item: Rocky Helmet|[of] p2a: Janus
|move|p2a: Janus|Slack Off|p2a: Janus
|-heal|p2a: Janus|66/100
|
|-weather|Sandstorm|[upkeep]
|upkeep
|turn|9
|
|t:|1730292446
|switch|p1a: Gyarados|Gyarados, M|88/100
|-ability|p1a: Gyarados|Intimidate|boost
|-unboost|p2a: Janus|atk|1
|move|p2a: Janus|Earthquake|p1a: Gyarados
|-immune|p1a: Gyarados
|
|-weather|Sandstorm|[upkeep]
|-damage|p1a: Gyarados|82/100|[from] Sandstorm
|-heal|p1a: Gyarados|88/100|[from] item: Leftovers
|upkeep
|turn|10
|
|t:|1730292453
|switch|p1a: Lando|Landorus-Therian, M|100/100
|-ability|p1a: Lando|Intimidate|boost
|-unboost|p2a: Janus|atk|1
|switch|p2a: Saturnus|Tangrowth, M, shiny|100/100
|-damage|p2a: Saturnus|88/100|[from] Spikes
|
|-weather|Sandstorm|[upkeep]
|-damage|p2a: Saturnus|82/100|[from] Sandstorm
|-heal|p2a: Saturnus|88/100|[from] item: Leftovers
|upkeep
|turn|11
|
|t:|1730292457
|move|p1a: Lando|U-turn|p2a: Saturnus
|-supereffective|p2a: Saturnus
|-damage|p2a: Saturnus|63/100
|
|t:|1730292460
|switch|p1a: Fortes|Forretress, M|1/100 par|[from] U-turn
|move|p2a: Saturnus|Stun Spore|p1a: Fortes|[miss]
|-miss|p2a: Saturnus|p1a: Fortes
|
|-weather|Sandstorm|[upkeep]
|-damage|p2a: Saturnus|57/100|[from] Sandstorm
|-heal|p2a: Saturnus|63/100|[from] item: Leftovers
|-heal|p1a: Fortes|7/100 par|[from] item: Leftovers
|upkeep
|turn|12
|
|t:|1730292465
|move|p2a: Saturnus|Hidden Power|p1a: Fortes
|-resisted|p1a: Fortes
|-damage|p1a: Fortes|0 fnt
|faint|p1a: Fortes
|
|-weather|Sandstorm|[upkeep]
|-damage|p2a: Saturnus|57/100|[from] Sandstorm
|-heal|p2a: Saturnus|63/100|[from] item: Leftovers
|upkeep
|
|t:|1730292482
|switch|p1a: Lando|Landorus-Therian, M|100/100
|-ability|p1a: Lando|Intimidate|boost
|-unboost|p2a: Saturnus|atk|1
|turn|13
|
|t:|1730292488
|move|p1a: Lando|U-turn|p2a: Saturnus
|-supereffective|p2a: Saturnus
|-damage|p2a: Saturnus|38/100
|
|t:|1730292490
|switch|p1a: Gasty|Gastrodon, F, shiny|100/100|[from] U-turn
|move|p2a: Saturnus|Stun Spore|p1a: Gasty
|-status|p1a: Gasty|par
|
|-weather|Sandstorm|[upkeep]
|-damage|p2a: Saturnus|31/100|[from] Sandstorm
|-heal|p2a: Saturnus|38/100|[from] item: Leftovers
|upkeep
|turn|14
|
|t:|1730292494
|switch|p1a: Lando|Landorus-Therian, M|100/100
|-ability|p1a: Lando|Intimidate|boost
|-unboost|p2a: Saturnus|atk|1
|move|p2a: Saturnus|Power Whip|p1a: Lando
|-damage|p1a: Lando|81/100
|
|-weather|Sandstorm|[upkeep]
|-damage|p2a: Saturnus|31/100|[from] Sandstorm
|-heal|p1a: Lando|87/100|[from] item: Leftovers
|-heal|p2a: Saturnus|38/100|[from] item: Leftovers
|upkeep
|turn|15
|
|t:|1730292497
|switch|p2a: Neptunus|Slowbro, M|100/100
|-damage|p2a: Neptunus|88/100|[from] Spikes
|move|p1a: Lando|U-turn|p2a: Neptunus
|-supereffective|p2a: Neptunus
|-damage|p2a: Neptunus|64/100
|-damage|p1a: Lando|70/100|[from] item: Rocky Helmet|[of] p2a: Neptunus
|
|t:|1730292500
|switch|p1a: Kazam|Alakazam, M|100/100|[from] U-turn
|
|-weather|Sandstorm|[upkeep]
|-damage|p2a: Neptunus|58/100|[from] Sandstorm
|upkeep
|turn|16
|
|t:|1730292508
|switch|p1a: Tyran|Tyranitar, M, shiny|68/100
|switch|p2a: Venus|Blissey, F, shiny|100/100
|-damage|p2a: Venus|88/100|[from] Spikes
|
|-weather|Sandstorm|[upkeep]
|-damage|p2a: Venus|82/100|[from] Sandstorm
|-heal|p2a: Venus|88/100|[from] item: Leftovers
|upkeep
|turn|17
|
|t:|1730292515
|switch|p2a: Janus|Hippowdon, M|66/100
|-damage|p2a: Janus|54/100|[from] Spikes
|move|p1a: Tyran|Dragon Dance|p1a: Tyran
|-boost|p1a: Tyran|atk|1
|-boost|p1a: Tyran|spe|1
|
|-weather|Sandstorm|[upkeep]
|upkeep
|turn|18
|
|t:|1730292520
|move|p1a: Tyran|Crunch|p2a: Janus
|-damage|p2a: Janus|15/100
|-damage|p1a: Tyran|51/100|[from] item: Rocky Helmet|[of] p2a: Janus
|move|p2a: Janus|Slack Off|p2a: Janus
|-heal|p2a: Janus|65/100
|
|-weather|Sandstorm|[upkeep]
|upkeep
|turn|19
|
|t:|1730292524
|move|p1a: Tyran|Dragon Dance|p1a: Tyran
|-boost|p1a: Tyran|atk|1
|-boost|p1a: Tyran|spe|1
|move|p2a: Janus|Slack Off|p2a: Janus
|-heal|p2a: Janus|100/100
|
|-weather|Sandstorm|[upkeep]
|upkeep
|turn|20
|
|t:|1730292527
|move|p1a: Tyran|Stone Edge|p2a: Janus|[miss]
|-miss|p1a: Tyran|p2a: Janus
|move|p2a: Janus|Earthquake|p1a: Tyran
|-supereffective|p1a: Tyran
|-damage|p1a: Tyran|0 fnt
|faint|p1a: Tyran
|
|-weather|Sandstorm|[upkeep]
|upkeep
|
|t:|1730292529
|switch|p1a: Gyarados|Gyarados, M|88/100
|-ability|p1a: Gyarados|Intimidate|boost
|-unboost|p2a: Janus|atk|1
|turn|21
|
|t:|1730292542
|switch|p2a: Saturnus|Tangrowth, M, shiny|71/100
|-damage|p2a: Saturnus|58/100|[from] Spikes
|move|p1a: Gyarados|Substitute|p1a: Gyarados
|-start|p1a: Gyarados|Substitute
|-damage|p1a: Gyarados|63/100
|
|-weather|Sandstorm|[upkeep]
|-damage|p1a: Gyarados|57/100|[from] Sandstorm
|-damage|p2a: Saturnus|52/100|[from] Sandstorm
|-heal|p1a: Gyarados|63/100|[from] item: Leftovers
|-heal|p2a: Saturnus|58/100|[from] item: Leftovers
|upkeep
|turn|22
|
|t:|1730292548
|move|p1a: Gyarados|Earthquake|p2a: Saturnus
|-resisted|p2a: Saturnus
|-damage|p2a: Saturnus|49/100
|move|p2a: Saturnus|Power Whip|p1a: Gyarados
|-end|p1a: Gyarados|Substitute
|
|-weather|Sandstorm|[upkeep]
|-damage|p1a: Gyarados|57/100|[from] Sandstorm
|-damage|p2a: Saturnus|43/100|[from] Sandstorm
|-heal|p1a: Gyarados|63/100|[from] item: Leftovers
|-heal|p2a: Saturnus|49/100|[from] item: Leftovers
|upkeep
|turn|23
|
|t:|1730292554
|switch|p1a: Lando|Landorus-Therian, M|70/100
|-ability|p1a: Lando|Intimidate|boost
|-unboost|p2a: Saturnus|atk|1
|move|p2a: Saturnus|Power Whip|p1a: Lando
|-damage|p1a: Lando|41/100
|
|-weather|Sandstorm|[upkeep]
|-damage|p2a: Saturnus|43/100|[from] Sandstorm
|-heal|p1a: Lando|47/100|[from] item: Leftovers
|-heal|p2a: Saturnus|49/100|[from] item: Leftovers
|upkeep
|turn|24
|
|t:|1730292557
|switch|p2a: Neptunus|Slowbro, M|91/100
|-damage|p2a: Neptunus|79/100|[from] Spikes
|move|p1a: Lando|U-turn|p2a: Neptunus
|-supereffective|p2a: Neptunus
|-damage|p2a: Neptunus|54/100
|-damage|p1a: Lando|31/100|[from] item: Rocky Helmet|[of] p2a: Neptunus
|
|t:|1730292560
|switch|p1a: Kazam|Alakazam, M|100/100|[from] U-turn
|
|-weather|Sandstorm|[upkeep]
|-damage|p2a: Neptunus|48/100|[from] Sandstorm
|upkeep
|turn|25
|
|t:|1730292579
|switch|p2a: Venus|Blissey, F, shiny|88/100
|-damage|p2a: Venus|76/100|[from] Spikes
|move|p1a: Kazam|Shadow Ball|p2a: Venus
|-immune|p2a: Venus
|
|-weather|Sandstorm|[upkeep]
|-damage|p2a: Venus|70/100|[from] Sandstorm
|-heal|p2a: Venus|76/100|[from] item: Leftovers
|upkeep
|turn|26
|
|t:|1730292587
|switch|p1a: Gyarados|Gyarados, M|63/100
|-ability|p1a: Gyarados|Intimidate|boost
|-unboost|p2a: Venus|atk|1
|move|p2a: Venus|Wish|p2a: Venus
|
|-weather|Sandstorm|[upkeep]
|-damage|p1a: Gyarados|57/100|[from] Sandstorm
|-damage|p2a: Venus|70/100|[from] Sandstorm
|-heal|p1a: Gyarados|63/100|[from] item: Leftovers
|-heal|p2a: Venus|76/100|[from] item: Leftovers
|upkeep
|turn|27
|
|t:|1730292596
|switch|p1a: Kazam|Alakazam, M|100/100
|switch|p2a: Saturnus|Tangrowth, M, shiny|82/100
|-damage|p2a: Saturnus|70/100|[from] Spikes
|
|-weather|Sandstorm|[upkeep]
|-damage|p2a: Saturnus|63/100|[from] Sandstorm
|-heal|p2a: Saturnus|100/100|[from] move: Wish|[wisher] Venus
|upkeep
|turn|28
|
|t:|1730292608
|switch|p2a: Minerva|Slowking, F|100/100
|-damage|p2a: Minerva|88/100|[from] Spikes
|move|p1a: Kazam|Psychic|p2a: Minerva
|-resisted|p2a: Minerva
|-damage|p2a: Minerva|72/100
|
|-weather|Sandstorm|[upkeep]
|-damage|p2a: Minerva|65/100|[from] Sandstorm
|upkeep
|turn|29
|
|t:|1730292618
|move|p1a: Kazam|Shadow Ball|p2a: Minerva
|-supereffective|p2a: Minerva
|-damage|p2a: Minerva|23/100
|move|p2a: Minerva|Psyshock|p1a: Kazam
|-resisted|p1a: Kazam
|-damage|p1a: Kazam|68/100
|
|-weather|Sandstorm|[upkeep]
|-damage|p2a: Minerva|16/100|[from] Sandstorm
|upkeep
|turn|30
|
|t:|1730292623
|switch|p2a: Venus|Blissey, F, shiny|76/100
|-damage|p2a: Venus|63/100|[from] Spikes
|move|p1a: Kazam|Psychic|p2a: Venus
|-damage|p2a: Venus|43/100
|
|-weather|Sandstorm|[upkeep]
|-damage|p2a: Venus|37/100|[from] Sandstorm
|-heal|p2a: Venus|43/100|[from] item: Leftovers
|upkeep
|turn|31
|-message|tellao forfeited.
|
|win|Blaise Mister B
|raw|tellao's rating: 1352 &rarr; <strong>1339</strong><br />(-13 for losing)
|raw|Blaise Mister B's rating: 1488 &rarr; <strong>1501</strong><br />(+13 for winning)
|l|☆tellao
|player|p1|
