|j|☆Hans Bloodsmith
|j|☆seaofdreams
|t:|1728333315
|gametype|singles
|player|p1|Hans Bloodsmith|plasmagrunt|1369
|player|p2|seaofdreams|fantina|1418
|teamsize|p1|6
|teamsize|p2|6
|gen|5
|tier|[Gen 5] OU
|rated|
|rule|Species Clause: Limit one of each Pokémon
|rule|OHKO Clause: OHKO moves are banned
|rule|Moody Clause: Moody is banned
|rule|Evasion Items Clause: Evasion items are banned
|rule|Evasion Moves Clause: Evasion moves are banned
|rule|Endless Battle Clause: Forcing endless battles is banned
|rule|HP Percentage Mod: HP is shown in percentages
|rule|Evasion Abilities Clause: Evasion abilities are banned
|rule|Sleep Moves Clause: Sleep-inducing moves are banned
|rule|Swagger Clause: Swagger is banned
|rule|Baton Pass Stat Clause: No Baton Passer may have a way to boost its stats
|clearpoke
|poke|p1|Rotom-Wash|item
|poke|p1|Mienshao, M|item
|poke|p1|Gliscor, M|item
|poke|p1|Alakazam, F|item
|poke|p1|Garchomp, F|item
|poke|p1|Tyranitar, M|item
|poke|p2|Politoed, F|item
|poke|p2|Dragonite, M|item
|poke|p2|Gengar, F|item
|poke|p2|Starmie|item
|poke|p2|Lanturn, M|item
|poke|p2|Skarmory, F|item
|teampreview
|c|☆seaofdreams|gl hf
|inactive|Battle timer is ON: inactive players will automatically lose when time's up. (requested by Hans Bloodsmith)
|
|t:|1728333332
|start
|switch|p1a: Dexter|Rotom-Wash|100/100
|switch|p2a: Skarmory|Skarmory, F|100/100
|turn|1
|c|☆Hans Bloodsmith|Gl you too
|
|t:|1728333345
|switch|p2a: Lanturn|Lanturn, M|100/100
|move|p1a: Dexter|Hydro Pump|p2a: Lanturn
|-resisted|p2a: Lanturn
|-damage|p2a: Lanturn|73/100
|
|upkeep
|turn|2
|
|t:|1728333359
|move|p1a: Dexter|Hidden Power|p2a: Lanturn
|-supereffective|p2a: Lanturn
|-damage|p2a: Lanturn|27/100
|move|p2a: Lanturn|Hydro Pump|p1a: Dexter
|-resisted|p1a: Dexter
|-damage|p1a: Dexter|62/100
|
|-heal|p1a: Dexter|68/100|[from] item: Leftovers
|upkeep
|turn|3
|
|t:|1728333378
|switch|p2a: Politoed|Politoed, F, shiny|100/100
|-weather|RainDance|[from] ability: Drizzle|[of] p2a: Politoed
|move|p1a: Dexter|Hidden Power|p2a: Politoed
|-supereffective|p2a: Politoed
|-damage|p2a: Politoed|59/100
|
|-weather|RainDance|[upkeep]
|-heal|p1a: Dexter|74/100|[from] item: Leftovers
|upkeep
|turn|4
|
|t:|1728333387
|switch|p2a: Lanturn|Lanturn, M|27/100
|move|p1a: Dexter|Volt Switch|p2a: Lanturn
|-heal|p2a: Lanturn|52/100|[from] ability: Volt Absorb|[of] p1a: Dexter
|
|-weather|RainDance|[upkeep]
|-heal|p1a: Dexter|80/100|[from] item: Leftovers
|upkeep
|turn|5
|
|t:|1728333394
|move|p1a: Dexter|Hidden Power|p2a: Lanturn
|-supereffective|p2a: Lanturn
|-damage|p2a: Lanturn|4/100
|move|p2a: Lanturn|Volt Switch|p1a: Dexter
|-damage|p1a: Dexter|33/100
|
|t:|1728333403
|switch|p2a: Starmie|Starmie|100/100|[from] Volt Switch
|
|-weather|RainDance|[upkeep]
|-heal|p1a: Dexter|39/100|[from] item: Leftovers
|upkeep
|turn|6
|
|t:|1728333409
|move|p2a: Starmie|Thunder|p1a: Dexter
|-damage|p1a: Dexter|3/100
|move|p1a: Dexter|Pain Split|p2a: Starmie
|-sethp|p2a: Starmie|51/100|[from] move: Pain Split|[silent]
|-sethp|p1a: Dexter|47/100|[from] move: Pain Split
|
|-weather|RainDance|[upkeep]
|-heal|p2a: Starmie|58/100|[from] item: Leftovers
|-heal|p1a: Dexter|54/100|[from] item: Leftovers
|upkeep
|turn|7
|
|t:|1728333419
|switch|p2a: Lanturn|Lanturn, M|4/100
|move|p1a: Dexter|Volt Switch|p2a: Lanturn
|-heal|p2a: Lanturn|29/100|[from] ability: Volt Absorb|[of] p1a: Dexter
|
|-weather|RainDance|[upkeep]
|-heal|p1a: Dexter|60/100|[from] item: Leftovers
|upkeep
|turn|8
|
|t:|1728333429
|move|p1a: Dexter|Hidden Power|p2a: Lanturn
|-supereffective|p2a: Lanturn
|-damage|p2a: Lanturn|0 fnt
|faint|p2a: Lanturn
|
|-weather|RainDance|[upkeep]
|-heal|p1a: Dexter|66/100|[from] item: Leftovers
|upkeep
|
|t:|1728333439
|switch|p2a: Skarmory|Skarmory, F|100/100
|turn|9
|
|t:|1728333443
|move|p2a: Skarmory|Stealth Rock|p1a: Dexter
|-sidestart|p1: Hans Bloodsmith|move: Stealth Rock
|move|p1a: Dexter|Pain Split|p2a: Skarmory
|-sethp|p2a: Skarmory|84/100|[from] move: Pain Split|[silent]
|-sethp|p1a: Dexter|81/100|[from] move: Pain Split
|
|-weather|RainDance|[upkeep]
|-heal|p1a: Dexter|87/100|[from] item: Leftovers
|upkeep
|turn|10
|
|t:|1728333451
|move|p2a: Skarmory|Spikes|p1a: Dexter
|-sidestart|p1: Hans Bloodsmith|Spikes
|move|p1a: Dexter|Volt Switch|p2a: Skarmory
|-supereffective|p2a: Skarmory
|-damage|p2a: Skarmory|0 fnt
|faint|p2a: Skarmory
|
|t:|1728333464
|switch|p1a: Shiva|Mienshao, M|100/100|[from] Volt Switch
|-damage|p1a: Shiva|95/100|[from] Stealth Rock
|-damage|p1a: Shiva|82/100|[from] Spikes
|
|-weather|RainDance|[upkeep]
|upkeep
|
|t:|1728333472
|switch|p2a: Politoed|Politoed, F, shiny|59/100
|turn|11
|
|t:|1728333476
|move|p1a: Shiva|High Jump Kick|p2a: Politoed
|-damage|p2a: Politoed|0 fnt
|faint|p2a: Politoed
|
|-weather|RainDance|[upkeep]
|upkeep
|
|t:|1728333484
|switch|p2a: Dragonite|Dragonite, M|100/100
|turn|12
|
|t:|1728333492
|switch|p1a: Dexter|Rotom-Wash|87/100
|-damage|p1a: Dexter|74/100|[from] Stealth Rock
|move|p2a: Dragonite|Extreme Speed|p1a: Dexter
|-damage|p1a: Dexter|40/100
|
|-weather|RainDance|[upkeep]
|-heal|p1a: Dexter|46/100|[from] item: Leftovers
|upkeep
|turn|13
|
|t:|1728333503
|move|p2a: Dragonite|Dragon Dance|p2a: Dragonite
|-boost|p2a: Dragonite|atk|1
|-boost|p2a: Dragonite|spe|1
|move|p1a: Dexter|Volt Switch|p2a: Dragonite
|-damage|p2a: Dragonite|83/100
|
|t:|1728333510
|switch|p1a: Alexandria|Alakazam, F|100/100|[from] Volt Switch
|
|-weather|RainDance|[upkeep]
|upkeep
|turn|14
|
|t:|1728333515
|move|p2a: Dragonite|Waterfall|p1a: Alexandria
|-enditem|p1a: Alexandria|Focus Sash
|-damage|p1a: Alexandria|1/100
|move|p1a: Alexandria|Hidden Power|p2a: Dragonite
|-supereffective|p2a: Dragonite
|-damage|p2a: Dragonite|0 fnt
|faint|p2a: Dragonite
|
|-weather|RainDance|[upkeep]
|upkeep
|
|t:|1728333525
|switch|p2a: Gengar|Gengar, F|100/100
|turn|15
|
|t:|1728333535
|move|p2a: Gengar|Shadow Ball|p1a: Alexandria
|-supereffective|p1a: Alexandria
|-crit|p1a: Alexandria
|-damage|p1a: Alexandria|0 fnt
|faint|p1a: Alexandria
|
|-weather|RainDance|[upkeep]
|upkeep
|
|t:|1728333540
|switch|p1a: Caesar|Tyranitar, M|100/100
|-damage|p1a: Caesar|88/100|[from] Stealth Rock
|-damage|p1a: Caesar|76/100|[from] Spikes
|-weather|Sandstorm|[from] ability: Sand Stream|[of] p1a: Caesar
|turn|16
|
|t:|1728333546
|move|p2a: Gengar|Shadow Ball|p1a: Caesar
|-resisted|p1a: Caesar
|-damage|p1a: Caesar|66/100
|move|p1a: Caesar|Pursuit|p2a: Gengar
|-supereffective|p2a: Gengar
|-damage|p2a: Gengar|15/100
|
|-weather|Sandstorm|[upkeep]
|-damage|p2a: Gengar|9/100|[from] Sandstorm
|upkeep
|turn|17
|
|t:|1728333555
|move|p2a: Gengar|Shadow Ball|p1a: Caesar
|-resisted|p1a: Caesar
|-damage|p1a: Caesar|56/100
|-unboost|p1a: Caesar|spd|1
|move|p1a: Caesar|Pursuit|p2a: Gengar
|-supereffective|p2a: Gengar
|-damage|p2a: Gengar|0 fnt
|faint|p2a: Gengar
|
|-weather|Sandstorm|[upkeep]
|upkeep
|
|t:|1728333564
|switch|p2a: Starmie|Starmie|58/100
|turn|18
|
|t:|1728333569
|move|p2a: Starmie|Hydro Pump|p1a: Caesar
|-supereffective|p1a: Caesar
|-damage|p1a: Caesar|0 fnt
|faint|p1a: Caesar
|
|-weather|Sandstorm|[upkeep]
|-damage|p2a: Starmie|51/100|[from] Sandstorm
|-heal|p2a: Starmie|58/100|[from] item: Leftovers
|upkeep
|
|t:|1728333573
|switch|p1a: Shiva|Mienshao, M|100/100
|-damage|p1a: Shiva|95/100|[from] Stealth Rock
|-damage|p1a: Shiva|82/100|[from] Spikes
|turn|19
|
|t:|1728333580
|move|p1a: Shiva|U-turn|p2a: Starmie
|-supereffective|p2a: Starmie
|-damage|p2a: Starmie|0 fnt
|faint|p2a: Starmie
|
|win|Hans Bloodsmith
|raw|Hans Bloodsmith's rating: 1369 &rarr; <strong>1392</strong><br />(+23 for winning)
|raw|seaofdreams's rating: 1418 &rarr; <strong>1395</strong><br />(-23 for losing)
|c|☆Hans Bloodsmith|Gg mate
|c|☆seaofdreams|gg
|l|☆seaofdreams
|player|p2|
