|j|☆BahamutLagoon
|j|☆Pokemon Master JL
|player|p1|BahamutLagoon|n|1331
|player|p2|Pokemon Master JL|2|1302
|teamsize|p1|6
|teamsize|p2|6
|gametype|singles
|gen|5
|tier|[Gen 5] OU
|rated|
|clearpoke
|poke|p1|Tornadus, M|item
|poke|p1|Keldeo-Resolute|item
|poke|p1|Politoed, M|item
|poke|p1|Ferrothorn, F|item
|poke|p1|Starmie|item
|poke|p1|Toxicroak, M|item
|poke|p2|Lanturn, F|item
|poke|p2|Skarmory, F|item
|poke|p2|Starmie|item
|poke|p2|Porygon2|item
|poke|p2|Conkeldurr, F|item
|poke|p2|Landorus-Therian, M|item
|rule|Species Clause: Limit one of each Pokémon
|rule|OHKO Clause: OHKO moves are banned
|rule|Moody Clause: Moody is banned
|rule|Evasion Moves Clause: Evasion moves are banned
|rule|Endless Battle Clause: Forcing endless battles is banned
|rule|HP Percentage Mod: HP is shown in percentages
|rule|Evasion Abilities Clause: Evasion abilities are banned
|rule|Baton Pass Clause: Limit one Baton Passer, can't pass Spe and other stats simultaneously
|rule|Sleep Clause: Sleep-inducing moves are banned
|rule|Swagger Clause: Swagger is banned
|teampreview
|
|start
|switch|p1a: Politoed|Politoed, M|100/100
|switch|p2a: Mariana|Lanturn, F|100/100
|-weather|RainDance|[from] ability: Drizzle|[of] p1a: Politoed
|turn|1
|
|switch|p1a: Ferrothorn|Ferrothorn, F|100/100
|move|p2a: Mariana|Thunder Wave|p1a: Ferrothorn
|-status|p1a: Ferrothorn|par
|
|-weather|RainDance|[upkeep]
|upkeep
|turn|2
|
|switch|p2a: Alethia|Skarmory, F|100/100
|move|p1a: Ferrothorn|Stealth Rock|p2a: Alethia
|-sidestart|p2: Pokemon Master JL|move: Stealth Rock
|
|-weather|RainDance|[upkeep]
|upkeep
|turn|3
|
|move|p2a: Alethia|Substitute|p2a: Alethia
|-start|p2a: Alethia|Substitute
|-damage|p2a: Alethia|76/100
|cant|p1a: Ferrothorn|par
|
|-weather|RainDance|[upkeep]
|-heal|p2a: Alethia|82/100|[from] item: Leftovers
|upkeep
|turn|4
|
|move|p2a: Alethia|Spikes|p1a: Ferrothorn
|-sidestart|p1: BahamutLagoon|Spikes
|move|p1a: Ferrothorn|Spikes|p2a: Alethia
|-sidestart|p2: Pokemon Master JL|Spikes
|
|-weather|RainDance|[upkeep]
|-heal|p2a: Alethia|88/100|[from] item: Leftovers
|upkeep
|turn|5
|
|move|p2a: Alethia|Spikes|p1a: Ferrothorn
|-sidestart|p1: BahamutLagoon|Spikes
|cant|p1a: Ferrothorn|par
|
|-weather|RainDance|[upkeep]
|-heal|p2a: Alethia|94/100|[from] item: Leftovers
|upkeep
|turn|6
|
|move|p2a: Alethia|Spikes|p1a: Ferrothorn
|-sidestart|p1: BahamutLagoon|Spikes
|move|p1a: Ferrothorn|Spikes|p2a: Alethia
|-sidestart|p2: Pokemon Master JL|Spikes
|
|-weather|RainDance|[upkeep]
|-heal|p2a: Alethia|99/100|[from] item: Leftovers
|upkeep
|turn|7
|
|move|p1a: Ferrothorn|Spikes|p2a: Alethia
|-sidestart|p2: Pokemon Master JL|Spikes
|move|p2a: Alethia|Whirlwind|p1a: Ferrothorn
|drag|p1a: Tornadus|Tornadus, M|100/100
|
|-weather|RainDance|[upkeep]
|-heal|p2a: Alethia|100/100|[from] item: Leftovers
|upkeep
|turn|8
|
|move|p1a: Tornadus|Hurricane|p2a: Alethia
|-resisted|p2a: Alethia
|-end|p2a: Alethia|Substitute
|-damage|p1a: Tornadus|91/100|[from] item: Life Orb
|move|p2a: Alethia|Whirlwind|p1a: Tornadus
|drag|p1a: Toxicroak|Toxicroak, M|100/100
|-damage|p1a: Toxicroak|76/100|[from] Spikes
|
|-weather|RainDance|[upkeep]
|-heal|p1a: Toxicroak|88/100|[from] ability: Dry Skin
|upkeep
|turn|9
|
|switch|p2a: Kenny|Porygon2, shiny|100/100
|-damage|p2a: Kenny|88/100|[from] Stealth Rock
|-damage|p2a: Kenny|63/100|[from] Spikes
|-ability|p2a: Kenny|Dry Skin|[from] ability: Trace|[of] p1a: Toxicroak
|move|p1a: Toxicroak|Drain Punch|p2a: Kenny
|-supereffective|p2a: Kenny
|-damage|p2a: Kenny|2/100
|-heal|p1a: Toxicroak|100/100|[from] drain|[of] p2a: Kenny
|-damage|p1a: Toxicroak|91/100|[from] item: Life Orb
|
|-weather|RainDance|[upkeep]
|-heal|p1a: Toxicroak|100/100|[from] ability: Dry Skin
|-heal|p2a: Kenny|14/100|[from] ability: Dry Skin
|upkeep
|turn|10
|
|switch|p2a: Genie|Landorus-Therian, M, shiny|100/100
|-damage|p2a: Genie|88/100|[from] Stealth Rock
|-ability|p2a: Genie|Intimidate|boost
|-unboost|p1a: Toxicroak|atk|1
|move|p1a: Toxicroak|Drain Punch|p2a: Genie
|-resisted|p2a: Genie
|-damage|p2a: Genie|78/100
|-damage|p1a: Toxicroak|91/100|[from] item: Life Orb
|
|-weather|RainDance|[upkeep]
|-heal|p1a: Toxicroak|100/100|[from] ability: Dry Skin
|-heal|p2a: Genie|84/100|[from] item: Leftovers
|upkeep
|turn|11
|
|switch|p1a: Ferrothorn|Ferrothorn, F|100/100 par
|-damage|p1a: Ferrothorn|75/100 par|[from] Spikes
|move|p2a: Genie|Substitute|p2a: Genie
|-start|p2a: Genie|Substitute
|-damage|p2a: Genie|59/100
|
|-weather|RainDance|[upkeep]
|-heal|p2a: Genie|65/100|[from] item: Leftovers
|-heal|p1a: Ferrothorn|82/100 par|[from] item: Leftovers
|upkeep
|turn|12
|
|move|p2a: Genie|Stealth Rock|p1a: Ferrothorn
|-sidestart|p1: BahamutLagoon|move: Stealth Rock
|move|p1a: Ferrothorn|Power Whip|p2a: Genie
|-end|p2a: Genie|Substitute
|
|-weather|RainDance|[upkeep]
|-heal|p2a: Genie|71/100|[from] item: Leftovers
|-heal|p1a: Ferrothorn|88/100 par|[from] item: Leftovers
|upkeep
|turn|13
|
|switch|p2a: Alethia|Skarmory, F|100/100
|-damage|p2a: Alethia|88/100|[from] Stealth Rock
|move|p1a: Ferrothorn|Power Whip|p2a: Alethia
|-resisted|p2a: Alethia
|-damage|p2a: Alethia|83/100
|
|-weather|RainDance|[upkeep]
|-heal|p2a: Alethia|89/100|[from] item: Leftovers
|-heal|p1a: Ferrothorn|94/100 par|[from] item: Leftovers
|upkeep
|turn|14
|
|move|p2a: Alethia|Substitute|p2a: Alethia
|-start|p2a: Alethia|Substitute
|-damage|p2a: Alethia|64/100
|move|p1a: Ferrothorn|Leech Seed||[still]
|-fail|p1a: Ferrothorn
|
|-weather|RainDance|[upkeep]
|-heal|p2a: Alethia|70/100|[from] item: Leftovers
|-heal|p1a: Ferrothorn|100/100 par|[from] item: Leftovers
|upkeep
|turn|15
|
|move|p1a: Ferrothorn|Power Whip|p2a: Alethia
|-resisted|p2a: Alethia
|-crit|p2a: Alethia
|-activate|p2a: Alethia|Substitute|[damage]
|move|p2a: Alethia|Whirlwind|p1a: Ferrothorn
|drag|p1a: Starmie|Starmie|100/100
|-damage|p1a: Starmie|76/100|[from] Spikes
|-damage|p1a: Starmie|63/100|[from] Stealth Rock
|
|-weather|RainDance|[upkeep]
|-heal|p2a: Alethia|76/100|[from] item: Leftovers
|upkeep
|turn|16
|
|move|p1a: Starmie|Surf|p2a: Alethia
|-end|p2a: Alethia|Substitute
|-damage|p1a: Starmie|53/100|[from] item: Life Orb
|move|p2a: Alethia|Whirlwind|p1a: Starmie
|drag|p1a: Tornadus|Tornadus, M|91/100
|-damage|p1a: Tornadus|66/100|[from] Stealth Rock
|
|-weather|RainDance|[upkeep]
|-heal|p2a: Alethia|82/100|[from] item: Leftovers
|upkeep
|turn|17
|
|switch|p2a: Mariana|Lanturn, F|100/100
|-damage|p2a: Mariana|76/100|[from] Spikes
|-damage|p2a: Mariana|63/100|[from] Stealth Rock
|move|p1a: Tornadus|Hurricane|p2a: Mariana
|-resisted|p2a: Mariana
|-damage|p2a: Mariana|37/100
|-damage|p1a: Tornadus|56/100|[from] item: Life Orb
|
|-weather|RainDance|[upkeep]
|-heal|p2a: Mariana|43/100|[from] item: Leftovers
|upkeep
|turn|18
|
|move|p1a: Tornadus|Hurricane|p2a: Mariana
|-resisted|p2a: Mariana
|-damage|p2a: Mariana|18/100
|-damage|p1a: Tornadus|47/100|[from] item: Life Orb
|move|p2a: Mariana|Thunder Wave|p1a: Tornadus
|-status|p1a: Tornadus|par
|
|-weather|RainDance|[upkeep]
|-heal|p2a: Mariana|24/100|[from] item: Leftovers
|upkeep
|turn|19
|
|move|p1a: Tornadus|Tailwind|p1a: Tornadus
|-sidestart|p1: BahamutLagoon|move: Tailwind
|move|p2a: Mariana|Amnesia|p2a: Mariana
|-boost|p2a: Mariana|spd|2
|
|-weather|RainDance|[upkeep]
|-heal|p2a: Mariana|30/100|[from] item: Leftovers
|upkeep
|turn|20
|
|cant|p1a: Tornadus|par
|move|p2a: Mariana|Rest|p2a: Mariana
|-status|p2a: Mariana|slp|[from] move: Rest
|-heal|p2a: Mariana|100/100 slp|[silent]
|
|-weather|RainDance|[upkeep]
|upkeep
|turn|21
|
|cant|p1a: Tornadus|par
|cant|p2a: Mariana|slp
|
|-weather|RainDance|[upkeep]
|upkeep
|turn|22
|
|cant|p1a: Tornadus|par
|cant|p2a: Mariana|slp
|
|-weather|RainDance|[upkeep]
|-sideend|p1: BahamutLagoon|move: Tailwind
|upkeep
|turn|23
|
|-curestatus|p2a: Mariana|slp|[msg]
|move|p2a: Mariana|Scald|p1a: Tornadus
|-damage|p1a: Tornadus|4/100 par
|cant|p1a: Tornadus|par
|
|-weather|RainDance|[upkeep]
|upkeep
|turn|24
|
|move|p2a: Mariana|Scald|p1a: Tornadus
|-damage|p1a: Tornadus|0 fnt
|faint|p1a: Tornadus
|
|-weather|RainDance|[upkeep]
|upkeep
|
|switch|p1a: Ferrothorn|Ferrothorn, F|100/100 par
|-damage|p1a: Ferrothorn|94/100 par|[from] Stealth Rock
|-damage|p1a: Ferrothorn|69/100 par|[from] Spikes
|turn|25
|
|switch|p2a: Genie|Landorus-Therian, M, shiny|71/100
|-damage|p2a: Genie|59/100|[from] Stealth Rock
|-ability|p2a: Genie|Intimidate|boost
|-unboost|p1a: Ferrothorn|atk|1
|move|p1a: Ferrothorn|Power Whip|p2a: Genie
|-damage|p2a: Genie|42/100
|
|-weather|RainDance|[upkeep]
|-heal|p2a: Genie|48/100|[from] item: Leftovers
|-heal|p1a: Ferrothorn|75/100 par|[from] item: Leftovers
|upkeep
|turn|26
|
|move|p2a: Genie|Substitute|p2a: Genie
|-start|p2a: Genie|Substitute
|-damage|p2a: Genie|23/100
|move|p1a: Ferrothorn|Power Whip|p2a: Genie
|-activate|p2a: Genie|Substitute|[damage]
|
|-weather|RainDance|[upkeep]
|-heal|p2a: Genie|29/100|[from] item: Leftovers
|-heal|p1a: Ferrothorn|82/100 par|[from] item: Leftovers
|upkeep
|turn|27
|
|move|p2a: Genie|Rest|p2a: Genie
|-status|p2a: Genie|slp|[from] move: Rest
|-heal|p2a: Genie|100/100 slp|[silent]
|move|p1a: Ferrothorn|Power Whip|p2a: Genie
|-end|p2a: Genie|Substitute
|
|-weather|RainDance|[upkeep]
|-heal|p1a: Ferrothorn|88/100 par|[from] item: Leftovers
|upkeep
|turn|28
|
|cant|p2a: Genie|slp
|move|p1a: Ferrothorn|Leech Seed|p2a: Genie
|-start|p2a: Genie|move: Leech Seed
|
|-weather|RainDance|[upkeep]
|-heal|p1a: Ferrothorn|94/100 par|[from] item: Leftovers
|-damage|p2a: Genie|88/100 slp|[from] Leech Seed|[of] p1a: Ferrothorn
|-heal|p1a: Ferrothorn|100/100 par|[silent]
|upkeep
|turn|29
|
|switch|p2a: Alethia|Skarmory, F|82/100
|-damage|p2a: Alethia|70/100|[from] Stealth Rock
|switch|p1a: Keldeo|Keldeo-Resolute|100/100
|-damage|p1a: Keldeo|76/100|[from] Spikes
|-damage|p1a: Keldeo|70/100|[from] Stealth Rock
|
|-weather|RainDance|[upkeep]
|-heal|p2a: Alethia|76/100|[from] item: Leftovers
|upkeep
|turn|30
|
|switch|p2a: Genie|Landorus-Therian, M, shiny|88/100 slp
|-damage|p2a: Genie|76/100 slp|[from] Stealth Rock
|-ability|p2a: Genie|Intimidate|boost
|-unboost|p1a: Keldeo|atk|1
|move|p1a: Keldeo|Scald|p2a: Genie
|-supereffective|p2a: Genie
|-damage|p2a: Genie|0 fnt
|faint|p2a: Genie
|
|-weather|RainDance|[upkeep]
|upkeep
|
|switch|p2a: Marion|Starmie, shiny|100/100
|-damage|p2a: Marion|75/100|[from] Spikes
|-damage|p2a: Marion|63/100|[from] Stealth Rock
|turn|31
|
|switch|p1a: Ferrothorn|Ferrothorn, F|100/100 par
|-damage|p1a: Ferrothorn|75/100 par|[from] Spikes
|-damage|p1a: Ferrothorn|69/100 par|[from] Stealth Rock
|move|p2a: Marion|Rapid Spin|p1a: Ferrothorn
|-resisted|p1a: Ferrothorn
|-damage|p1a: Ferrothorn|68/100 par
|-damage|p2a: Marion|51/100|[from] ability: Iron Barbs|[of] p1a: Ferrothorn
|-sideend|p2: Pokemon Master JL|Spikes|[from] move: Rapid Spin|[of] p2a: Marion
|-sideend|p2: Pokemon Master JL|Stealth Rock|[from] move: Rapid Spin|[of] p2a: Marion
|
|-weather|RainDance|[upkeep]
|-heal|p2a: Marion|57/100|[from] item: Leftovers
|-heal|p1a: Ferrothorn|74/100 par|[from] item: Leftovers
|upkeep
|turn|32
|
|switch|p2a: Saori|Conkeldurr, F|100/100
|move|p1a: Ferrothorn|Stealth Rock|p2a: Saori
|-sidestart|p2: Pokemon Master JL|move: Stealth Rock
|
|-weather|RainDance|[upkeep]
|-heal|p1a: Ferrothorn|81/100 par|[from] item: Leftovers
|upkeep
|turn|33
|
|switch|p1a: Politoed|Politoed, M|100/100
|-damage|p1a: Politoed|88/100|[from] Stealth Rock
|-damage|p1a: Politoed|63/100|[from] Spikes
|move|p2a: Saori|Drain Punch|p1a: Politoed
|-damage|p1a: Politoed|12/100
|
|-weather|RainDance|[upkeep]
|-heal|p1a: Politoed|18/100|[from] item: Leftovers
|upkeep
|turn|34
|
|switch|p2a: Mariana|Lanturn, F|100/100
|-damage|p2a: Mariana|88/100|[from] Stealth Rock
|move|p1a: Politoed|Scald|p2a: Mariana
|-resisted|p2a: Mariana
|-damage|p2a: Mariana|77/100
|
|-weather|RainDance|[upkeep]
|-heal|p1a: Politoed|24/100|[from] item: Leftovers
|-heal|p2a: Mariana|83/100|[from] item: Leftovers
|upkeep
|turn|35
|
|move|p1a: Politoed|Toxic|p2a: Mariana
|-status|p2a: Mariana|tox
|move|p2a: Mariana|Thunder Wave|p1a: Politoed
|-status|p1a: Politoed|par
|
|-weather|RainDance|[upkeep]
|-heal|p2a: Mariana|89/100 tox|[from] item: Leftovers
|-heal|p1a: Politoed|31/100 par|[from] item: Leftovers
|-damage|p2a: Mariana|83/100 tox|[from] psn
|upkeep
|turn|36
|
|move|p2a: Mariana|Rest|p2a: Mariana
|-status|p2a: Mariana|slp|[from] move: Rest
|-heal|p2a: Mariana|100/100 slp|[silent]
|move|p1a: Politoed|Perish Song|p1a: Politoed
|-start|p1a: Politoed|perish3|[silent]
|-start|p2a: Mariana|perish3|[silent]
|-fieldactivate|move: Perish Song
|
|-weather|RainDance|[upkeep]
|-heal|p1a: Politoed|37/100 par|[from] item: Leftovers
|-start|p2a: Mariana|perish3
|-start|p1a: Politoed|perish3
|upkeep
|turn|37
|
|switch|p1a: Starmie|Starmie|53/100
|-damage|p1a: Starmie|41/100|[from] Stealth Rock
|-damage|p1a: Starmie|16/100|[from] Spikes
|cant|p2a: Mariana|slp
|
|-weather|RainDance|[upkeep]
|-start|p2a: Mariana|perish2
|upkeep
|turn|38
|
|move|p1a: Starmie|Rapid Spin|p2a: Mariana
|-damage|p2a: Mariana|97/100 slp
|-sideend|p1: BahamutLagoon|Spikes|[from] move: Rapid Spin|[of] p1a: Starmie
|-sideend|p1: BahamutLagoon|Stealth Rock|[from] move: Rapid Spin|[of] p1a: Starmie
|-damage|p1a: Starmie|6/100|[from] item: Life Orb
|cant|p2a: Mariana|slp
|
|-weather|RainDance|[upkeep]
|-heal|p2a: Mariana|100/100 slp|[from] item: Leftovers
|-start|p2a: Mariana|perish1
|upkeep
|turn|39
|
|switch|p2a: Kenny|Porygon2, shiny|14/100
|-damage|p2a: Kenny|2/100|[from] Stealth Rock
|-ability|p2a: Kenny|Analytic|[from] ability: Trace|[of] p1a: Starmie
|move|p1a: Starmie|Thunder|p2a: Kenny
|-damage|p2a: Kenny|0 fnt
|-damage|p1a: Starmie|0 fnt|[from] item: Life Orb
|faint|p2a: Kenny
|faint|p1a: Starmie
|
|-weather|RainDance|[upkeep]
|upkeep
|
|switch|p1a: Ferrothorn|Ferrothorn, F|81/100 par
|switch|p2a: Saori|Conkeldurr, F|100/100
|-damage|p2a: Saori|94/100|[from] Stealth Rock
|turn|40
|
|switch|p1a: Politoed|Politoed, M|37/100 par
|move|p2a: Saori|Drain Punch|p1a: Politoed
|-damage|p1a: Politoed|0 fnt
|-heal|p2a: Saori|100/100|[from] drain|[of] p1a: Politoed
|faint|p1a: Politoed
|
|-weather|RainDance|[upkeep]
|upkeep
|
|switch|p1a: Keldeo|Keldeo-Resolute|70/100
|turn|41
|
|switch|p2a: Mariana|Lanturn, F|100/100 slp
|-damage|p2a: Mariana|88/100 slp|[from] Stealth Rock
|move|p1a: Keldeo|Scald|p2a: Mariana
|-resisted|p2a: Mariana
|-damage|p2a: Mariana|59/100 slp
|
|-weather|RainDance|[upkeep]
|-heal|p2a: Mariana|65/100 slp|[from] item: Leftovers
|upkeep
|turn|42
|
|move|p1a: Keldeo|Scald|p2a: Mariana
|-resisted|p2a: Mariana
|-damage|p2a: Mariana|34/100 slp
|cant|p2a: Mariana|slp
|
|-weather|RainDance|[upkeep]
|-heal|p2a: Mariana|40/100 slp|[from] item: Leftovers
|upkeep
|turn|43
|
|move|p1a: Keldeo|Scald|p2a: Mariana
|-resisted|p2a: Mariana
|-damage|p2a: Mariana|11/100 slp
|cant|p2a: Mariana|slp
|
|-weather|RainDance|[upkeep]
|-heal|p2a: Mariana|17/100 slp|[from] item: Leftovers
|upkeep
|turn|44
|
|move|p1a: Keldeo|Scald|p2a: Mariana
|-resisted|p2a: Mariana
|-damage|p2a: Mariana|0 fnt
|faint|p2a: Mariana
|
|-weather|RainDance|[upkeep]
|upkeep
|c|☆BahamutLagoon|this is why rest sucks
|c|☆BahamutLagoon|sleep resets
|
|switch|p2a: Marion|Starmie, shiny|57/100
|-damage|p2a: Marion|45/100|[from] Stealth Rock
|turn|45
|
|switch|p1a: Ferrothorn|Ferrothorn, F|81/100 par
|move|p2a: Marion|Thunder Wave|p1a: Ferrothorn
|-fail|p1a: Ferrothorn|par
|
|-weather|RainDance|[upkeep]
|-heal|p2a: Marion|51/100|[from] item: Leftovers
|-heal|p1a: Ferrothorn|87/100 par|[from] item: Leftovers
|upkeep
|turn|46
|
|move|p2a: Marion|Rapid Spin|p1a: Ferrothorn
|-resisted|p1a: Ferrothorn
|-damage|p1a: Ferrothorn|86/100 par
|-damage|p2a: Marion|38/100|[from] ability: Iron Barbs|[of] p1a: Ferrothorn
|-sideend|p2: Pokemon Master JL|Stealth Rock|[from] move: Rapid Spin|[of] p2a: Marion
|move|p1a: Ferrothorn|Leech Seed|p2a: Marion
|-start|p2a: Marion|move: Leech Seed
|
|-weather|RainDance|[upkeep]
|-heal|p2a: Marion|45/100|[from] item: Leftovers
|-heal|p1a: Ferrothorn|92/100 par|[from] item: Leftovers
|-damage|p2a: Marion|32/100|[from] Leech Seed|[of] p1a: Ferrothorn
|-heal|p1a: Ferrothorn|100/100 par|[silent]
|upkeep
|turn|47
|
|switch|p2a: Saori|Conkeldurr, F|100/100
|move|p1a: Ferrothorn|Leech Seed|p2a: Saori
|-start|p2a: Saori|move: Leech Seed
|
|-weather|RainDance|[upkeep]
|-damage|p2a: Saori|88/100|[from] Leech Seed|[of] p1a: Ferrothorn
|upkeep
|turn|48
|
|switch|p2a: Marion|Starmie, shiny|32/100
|switch|p1a: Toxicroak|Toxicroak, M|100/100
|
|-weather|RainDance|[upkeep]
|-heal|p2a: Marion|38/100|[from] item: Leftovers
|upkeep
|turn|49
|
|move|p1a: Toxicroak|Sucker Punch||[still]
|-fail|p1a: Toxicroak
|move|p2a: Marion|Thunder Wave|p1a: Toxicroak
|-status|p1a: Toxicroak|par
|
|-weather|RainDance|[upkeep]
|-heal|p2a: Marion|45/100|[from] item: Leftovers
|upkeep
|turn|50
|
|move|p1a: Toxicroak|Sucker Punch||[still]
|-fail|p1a: Toxicroak
|move|p2a: Marion|Recover|p2a: Marion
|-heal|p2a: Marion|95/100
|
|-weather|RainDance|[upkeep]
|-heal|p2a: Marion|100/100|[from] item: Leftovers
|upkeep
|turn|51
|
|switch|p2a: Alethia|Skarmory, F|76/100
|switch|p1a: Ferrothorn|Ferrothorn, F|100/100 par
|
|-weather|RainDance|[upkeep]
|-heal|p2a: Alethia|82/100|[from] item: Leftovers
|upkeep
|turn|52
|
|switch|p1a: Keldeo|Keldeo-Resolute|70/100
|move|p2a: Alethia|Substitute|p2a: Alethia
|-start|p2a: Alethia|Substitute
|-damage|p2a: Alethia|57/100
|
|-weather|RainDance|[upkeep]
|-heal|p2a: Alethia|63/100|[from] item: Leftovers
|upkeep
|turn|53
|
|move|p1a: Keldeo|Scald|p2a: Alethia
|-end|p2a: Alethia|Substitute
|move|p2a: Alethia|Spikes|p1a: Keldeo
|-sidestart|p1: BahamutLagoon|Spikes
|
|-weather|RainDance|[upkeep]
|-heal|p2a: Alethia|69/100|[from] item: Leftovers
|upkeep
|turn|54
|
|switch|p2a: Marion|Starmie, shiny|100/100
|move|p1a: Keldeo|Scald|p2a: Marion
|-resisted|p2a: Marion
|-damage|p2a: Marion|48/100
|
|-weather|RainDance|[upkeep]
|-heal|p2a: Marion|54/100|[from] item: Leftovers
|upkeep
|turn|55
|
|switch|p1a: Ferrothorn|Ferrothorn, F|100/100 par
|-damage|p1a: Ferrothorn|88/100 par|[from] Spikes
|move|p2a: Marion|Thunder Wave|p1a: Ferrothorn
|-fail|p1a: Ferrothorn|par
|
|-weather|RainDance|[upkeep]
|-heal|p2a: Marion|60/100|[from] item: Leftovers
|-heal|p1a: Ferrothorn|94/100 par|[from] item: Leftovers
|upkeep
|turn|56
|
|switch|p2a: Saori|Conkeldurr, F|88/100
|cant|p1a: Ferrothorn|par
|
|-weather|RainDance|[upkeep]
|-heal|p1a: Ferrothorn|100/100 par|[from] item: Leftovers
|upkeep
|turn|57
|
|move|p2a: Saori|Drain Punch|p1a: Ferrothorn
|-supereffective|p1a: Ferrothorn
|-damage|p1a: Ferrothorn|15/100 par
|-heal|p2a: Saori|100/100|[from] drain|[of] p1a: Ferrothorn
|-damage|p2a: Saori|88/100|[from] ability: Iron Barbs|[of] p1a: Ferrothorn
|move|p1a: Ferrothorn|Leech Seed|p2a: Saori
|-start|p2a: Saori|move: Leech Seed
|
|-weather|RainDance|[upkeep]
|-heal|p1a: Ferrothorn|22/100 par|[from] item: Leftovers
|-damage|p2a: Saori|75/100|[from] Leech Seed|[of] p1a: Ferrothorn
|-heal|p1a: Ferrothorn|34/100 par|[silent]
|upkeep
|turn|58
|
|switch|p1a: Toxicroak|Toxicroak, M|100/100 par
|-damage|p1a: Toxicroak|88/100 par|[from] Spikes
|move|p2a: Saori|Drain Punch|p1a: Toxicroak
|-resisted|p1a: Toxicroak
|-damage|p1a: Toxicroak|39/100 par
|-heal|p2a: Saori|98/100|[from] drain|[of] p1a: Toxicroak
|
|-weather|RainDance|[upkeep]
|-heal|p1a: Toxicroak|51/100 par|[from] ability: Dry Skin
|-damage|p2a: Saori|85/100|[from] Leech Seed|[of] p1a: Toxicroak
|-heal|p1a: Toxicroak|65/100 par|[silent]
|upkeep
|turn|59
|
|switch|p2a: Marion|Starmie, shiny|60/100
|move|p1a: Toxicroak|Drain Punch|p2a: Marion
|-resisted|p2a: Marion
|-damage|p2a: Marion|39/100
|-heal|p1a: Toxicroak|76/100 par|[from] drain|[of] p2a: Marion
|-damage|p1a: Toxicroak|66/100 par|[from] item: Life Orb
|
|-weather|RainDance|[upkeep]
|-heal|p1a: Toxicroak|79/100 par|[from] ability: Dry Skin
|-heal|p2a: Marion|45/100|[from] item: Leftovers
|upkeep
|turn|60
|
|move|p1a: Toxicroak|Sucker Punch||[still]
|-fail|p1a: Toxicroak
|move|p2a: Marion|Recover|p2a: Marion
|-heal|p2a: Marion|95/100
|
|-weather|RainDance|[upkeep]
|-heal|p1a: Toxicroak|91/100 par|[from] ability: Dry Skin
|-heal|p2a: Marion|100/100|[from] item: Leftovers
|upkeep
|turn|61
|
|switch|p2a: Alethia|Skarmory, F|69/100
|move|p1a: Toxicroak|Sucker Punch||[still]
|-fail|p1a: Toxicroak
|
|-weather|RainDance|[upkeep]
|-heal|p1a: Toxicroak|100/100 par|[from] ability: Dry Skin
|-heal|p2a: Alethia|75/100|[from] item: Leftovers
|upkeep
|turn|62
|
|move|p2a: Alethia|Substitute|p2a: Alethia
|-start|p2a: Alethia|Substitute
|-damage|p2a: Alethia|50/100
|cant|p1a: Toxicroak|par
|
|-weather|RainDance|[upkeep]
|-heal|p2a: Alethia|56/100|[from] item: Leftovers
|upkeep
|turn|63
|
|move|p2a: Alethia|Spikes|p1a: Toxicroak
|-sidestart|p1: BahamutLagoon|Spikes
|move|p1a: Toxicroak|Drain Punch|p2a: Alethia
|-end|p2a: Alethia|Substitute
|-damage|p1a: Toxicroak|91/100 par|[from] item: Life Orb
|
|-weather|RainDance|[upkeep]
|-heal|p1a: Toxicroak|100/100 par|[from] ability: Dry Skin
|-heal|p2a: Alethia|62/100|[from] item: Leftovers
|upkeep
|turn|64
|
|switch|p2a: Marion|Starmie, shiny|100/100
|move|p1a: Toxicroak|Drain Punch|p2a: Marion
|-resisted|p2a: Marion
|-damage|p2a: Marion|81/100
|-damage|p1a: Toxicroak|91/100 par|[from] item: Life Orb
|
|-weather|RainDance|[upkeep]
|-heal|p1a: Toxicroak|100/100 par|[from] ability: Dry Skin
|-heal|p2a: Marion|88/100|[from] item: Leftovers
|upkeep
|turn|65
|
|switch|p2a: Alethia|Skarmory, F|62/100
|cant|p1a: Toxicroak|par
|
|-weather|RainDance|[upkeep]
|-heal|p2a: Alethia|68/100|[from] item: Leftovers
|upkeep
|turn|66
|
|move|p2a: Alethia|Substitute|p2a: Alethia
|-start|p2a: Alethia|Substitute
|-damage|p2a: Alethia|43/100
|move|p1a: Toxicroak|Drain Punch|p2a: Alethia
|-end|p2a: Alethia|Substitute
|-damage|p1a: Toxicroak|91/100 par|[from] item: Life Orb
|
|-weather|RainDance|[upkeep]
|-heal|p1a: Toxicroak|100/100 par|[from] ability: Dry Skin
|-heal|p2a: Alethia|49/100|[from] item: Leftovers
|upkeep
|turn|67
|
|move|p2a: Alethia|Spikes|p1a: Toxicroak
|-sidestart|p1: BahamutLagoon|Spikes
|move|p1a: Toxicroak|Drain Punch|p2a: Alethia
|-damage|p2a: Alethia|23/100
|-damage|p1a: Toxicroak|91/100 par|[from] item: Life Orb
|
|-weather|RainDance|[upkeep]
|-heal|p1a: Toxicroak|100/100 par|[from] ability: Dry Skin
|-heal|p2a: Alethia|29/100|[from] item: Leftovers
|upkeep
|turn|68
|
|switch|p2a: Marion|Starmie, shiny|88/100
|move|p1a: Toxicroak|Drain Punch|p2a: Marion
|-resisted|p2a: Marion
|-damage|p2a: Marion|68/100
|-damage|p1a: Toxicroak|91/100 par|[from] item: Life Orb
|
|-weather|RainDance|[upkeep]
|-heal|p1a: Toxicroak|100/100 par|[from] ability: Dry Skin
|-heal|p2a: Marion|74/100|[from] item: Leftovers
|upkeep
|turn|69
|
|move|p1a: Toxicroak|Sucker Punch||[still]
|-fail|p1a: Toxicroak
|move|p2a: Marion|Recover|p2a: Marion
|-heal|p2a: Marion|100/100
|
|-weather|RainDance|[upkeep]
|upkeep
|turn|70
|
|switch|p2a: Alethia|Skarmory, F|29/100
|move|p1a: Toxicroak|Swords Dance|p1a: Toxicroak
|-boost|p1a: Toxicroak|atk|2
|
|-weather|RainDance|[upkeep]
|-heal|p2a: Alethia|35/100|[from] item: Leftovers
|upkeep
|turn|71
|
|move|p2a: Alethia|Substitute|p2a: Alethia
|-start|p2a: Alethia|Substitute
|-damage|p2a: Alethia|10/100
|cant|p1a: Toxicroak|par
|
|-weather|RainDance|[upkeep]
|-heal|p2a: Alethia|16/100|[from] item: Leftovers
|upkeep
|turn|72
|
|cant|p1a: Toxicroak|par
|move|p2a: Alethia|Whirlwind|p1a: Toxicroak
|drag|p1a: Ferrothorn|Ferrothorn, F|34/100 par
|-damage|p1a: Ferrothorn|9/100 par|[from] Spikes
|
|-weather|RainDance|[upkeep]
|-heal|p2a: Alethia|22/100|[from] item: Leftovers
|-heal|p1a: Ferrothorn|15/100 par|[from] item: Leftovers
|upkeep
|turn|73
|
|move|p1a: Ferrothorn|Stealth Rock|p2a: Alethia
|-sidestart|p2: Pokemon Master JL|move: Stealth Rock
|move|p2a: Alethia|Whirlwind|p1a: Ferrothorn
|drag|p1a: Toxicroak|Toxicroak, M|100/100 par
|-damage|p1a: Toxicroak|76/100 par|[from] Spikes
|
|-weather|RainDance|[upkeep]
|-heal|p1a: Toxicroak|88/100 par|[from] ability: Dry Skin
|-heal|p2a: Alethia|28/100|[from] item: Leftovers
|upkeep
|turn|74
|
|move|p2a: Alethia|Roost|p2a: Alethia
|-heal|p2a: Alethia|78/100
|-singleturn|p2a: Alethia|move: Roost
|move|p1a: Toxicroak|Drain Punch|p2a: Alethia
|-supereffective|p2a: Alethia
|-end|p2a: Alethia|Substitute
|-heal|p1a: Toxicroak|100/100 par|[from] drain|[of] p2a: Alethia
|-damage|p1a: Toxicroak|91/100 par|[from] item: Life Orb
|
|-weather|RainDance|[upkeep]
|-heal|p1a: Toxicroak|100/100 par|[from] ability: Dry Skin
|-heal|p2a: Alethia|84/100|[from] item: Leftovers
|upkeep
|turn|75
|
|move|p2a: Alethia|Substitute|p2a: Alethia
|-start|p2a: Alethia|Substitute
|-damage|p2a: Alethia|59/100
|move|p1a: Toxicroak|Ice Punch|p2a: Alethia
|-activate|p2a: Alethia|Substitute|[damage]
|-damage|p1a: Toxicroak|91/100 par|[from] item: Life Orb
|
|-weather|RainDance|[upkeep]
|-heal|p1a: Toxicroak|100/100 par|[from] ability: Dry Skin
|-heal|p2a: Alethia|65/100|[from] item: Leftovers
|upkeep
|turn|76
|
|move|p1a: Toxicroak|Drain Punch|p2a: Alethia
|-end|p2a: Alethia|Substitute
|-damage|p1a: Toxicroak|91/100 par|[from] item: Life Orb
|move|p2a: Alethia|Whirlwind|p1a: Toxicroak
|drag|p1a: Keldeo|Keldeo-Resolute|70/100
|-damage|p1a: Keldeo|45/100|[from] Spikes
|
|-weather|RainDance|[upkeep]
|-heal|p2a: Alethia|71/100|[from] item: Leftovers
|upkeep
|turn|77
|
|move|p1a: Keldeo|Hydro Pump|p2a: Alethia
|-damage|p2a: Alethia|0 fnt
|faint|p2a: Alethia
|
|-weather|RainDance|[upkeep]
|upkeep
|
|switch|p2a: Saori|Conkeldurr, F|85/100
|-damage|p2a: Saori|79/100|[from] Stealth Rock
|turn|78
|
|move|p2a: Saori|Mach Punch|p1a: Keldeo
|-damage|p1a: Keldeo|1/100
|move|p1a: Keldeo|Hydro Pump|p2a: Saori|[miss]
|-miss|p1a: Keldeo|p2a: Saori
|
|-weather|RainDance|[upkeep]
|upkeep
|turn|79
|
|move|p2a: Saori|Mach Punch|p1a: Keldeo
|-damage|p1a: Keldeo|0 fnt
|faint|p1a: Keldeo
|
|-weather|RainDance|[upkeep]
|upkeep
|
|switch|p1a: Toxicroak|Toxicroak, M|91/100 par
|-damage|p1a: Toxicroak|66/100 par|[from] Spikes
|turn|80
|
|switch|p2a: Marion|Starmie, shiny|100/100
|-damage|p2a: Marion|88/100|[from] Stealth Rock
|move|p1a: Toxicroak|Drain Punch|p2a: Marion
|-resisted|p2a: Marion
|-damage|p2a: Marion|67/100
|-heal|p1a: Toxicroak|77/100 par|[from] drain|[of] p2a: Marion
|-damage|p1a: Toxicroak|67/100 par|[from] item: Life Orb
|
|-weather|RainDance|[upkeep]
|-heal|p1a: Toxicroak|79/100 par|[from] ability: Dry Skin
|-heal|p2a: Marion|73/100|[from] item: Leftovers
|upkeep
|turn|81
|
|switch|p2a: Saori|Conkeldurr, F|79/100
|-damage|p2a: Saori|73/100|[from] Stealth Rock
|move|p1a: Toxicroak|Sucker Punch||[still]
|-fail|p1a: Toxicroak
|
|-weather|RainDance|[upkeep]
|-heal|p1a: Toxicroak|92/100 par|[from] ability: Dry Skin
|upkeep
|turn|82
|
|move|p2a: Saori|Drain Punch|p1a: Toxicroak
|-resisted|p1a: Toxicroak
|-damage|p1a: Toxicroak|42/100 par
|-heal|p2a: Saori|95/100|[from] drain|[of] p1a: Toxicroak
|move|p1a: Toxicroak|Drain Punch|p2a: Saori
|-damage|p2a: Saori|58/100
|-heal|p1a: Toxicroak|63/100 par|[from] drain|[of] p2a: Saori
|-damage|p1a: Toxicroak|53/100 par|[from] item: Life Orb
|
|-weather|RainDance|[upkeep]
|-heal|p1a: Toxicroak|65/100 par|[from] ability: Dry Skin
|upkeep
|turn|83
|
|move|p2a: Saori|Drain Punch|p1a: Toxicroak
|-resisted|p1a: Toxicroak
|-damage|p1a: Toxicroak|17/100 par
|-heal|p2a: Saori|79/100|[from] drain|[of] p1a: Toxicroak
|cant|p1a: Toxicroak|par
|
|-weather|RainDance|[upkeep]
|-heal|p1a: Toxicroak|30/100 par|[from] ability: Dry Skin
|upkeep
|turn|84
|
|move|p2a: Saori|Drain Punch|p1a: Toxicroak
|-resisted|p1a: Toxicroak
|-damage|p1a: Toxicroak|0 fnt
|-heal|p2a: Saori|93/100|[from] drain|[of] p1a: Toxicroak
|faint|p1a: Toxicroak
|
|-weather|RainDance|[upkeep]
|upkeep
|
|switch|p1a: Ferrothorn|Ferrothorn, F|15/100 par
|-damage|p1a: Ferrothorn|0 fnt|[from] Spikes
|faint|p1a: Ferrothorn
|
|win|Pokemon Master JL
|l|☆BahamutLagoon
|raw|BahamutLagoon's rating: 1331 &rarr; <strong>1309</strong><br />(-22 for losing)
|raw|Pokemon Master JL's rating: 1303 &rarr; <strong>1324</strong><br />(+21 for winning)
