|j|☆Primary Trout
|j|☆Ausodidsomething
|t:|1711639620
|gametype|singles
|player|p1|Primary Trout|clay|1393
|player|p2|Ausodidsomething|biker-gen4|1420
|teamsize|p1|6
|teamsize|p2|6
|gen|5
|tier|[Gen 5] OU
|rated|
|rule|Species Clause: Limit one of each Pokémon
|rule|OHKO Clause: OHKO moves are banned
|rule|Moody Clause: Moody is banned
|rule|Evasion Items Clause: Evasion items are banned
|rule|Evasion Moves Clause: Evasion moves are banned
|rule|Endless Battle Clause: Forcing endless battles is banned
|rule|HP Percentage Mod: HP is shown in percentages
|rule|Evasion Abilities Clause: Evasion abilities are banned
|rule|Sleep Moves Clause: Sleep-inducing moves are banned
|rule|Swagger Clause: Swagger is banned
|rule|Baton Pass Stat Clause: No Baton Passer may have a way to boost its stats
|clearpoke
|poke|p1|Tyranitar, M|item
|poke|p1|Skarmory, M|item
|poke|p1|Jirachi|item
|poke|p1|Latios, M|item
|poke|p1|Salamence, F|item
|poke|p1|Starmie|item
|poke|p2|Hippowdon, F|item
|poke|p2|Alakazam, M|item
|poke|p2|Ferrothorn, F|item
|poke|p2|Latios, M|item
|poke|p2|Rotom-Wash|item
|poke|p2|Excadrill, M|item
|teampreview
|inactive|Battle timer is ON: inactive players will automatically lose when time's up. (requested by Primary Trout)
|inactive|Ausodidsomething has 120 seconds left.
|
|t:|1711639654
|start
|switch|p1a: Skarmory|Skarmory, M|100/100
|switch|p2a: Rotom|Rotom-Wash|100/100
|turn|1
|
|t:|1711639661
|move|p2a: Rotom|Volt Switch|p1a: Skarmory
|-supereffective|p1a: Skarmory
|-damage|p1a: Skarmory|11/100
|
|t:|1711639664
|switch|p2a: Hippowdon|Hippowdon, F|100/100|[from] Volt Switch
|-weather|Sandstorm|[from] ability: Sand Stream|[of] p2a: Hippowdon
|move|p1a: Skarmory|Spikes|p2a: Hippowdon
|-sidestart|p2: Ausodidsomething|Spikes
|
|-weather|Sandstorm|[upkeep]
|-heal|p1a: Skarmory|17/100|[from] item: Leftovers
|upkeep
|turn|2
|
|t:|1711639670
|move|p1a: Skarmory|Roost|p1a: Skarmory
|-heal|p1a: Skarmory|67/100
|-singleturn|p1a: Skarmory|move: Roost
|move|p2a: Hippowdon|Stealth Rock|p1a: Skarmory
|-sidestart|p1: Primary Trout|move: Stealth Rock
|
|-weather|Sandstorm|[upkeep]
|-heal|p1a: Skarmory|73/100|[from] item: Leftovers
|upkeep
|turn|3
|
|t:|1711639691
|switch|p1a: Starmie|Starmie|100/100
|-damage|p1a: Starmie|88/100|[from] Stealth Rock
|move|p2a: Hippowdon|Whirlwind|p1a: Starmie
|drag|p1a: Jirachi|Jirachi|100/100
|-damage|p1a: Jirachi|94/100|[from] Stealth Rock
|
|-weather|Sandstorm|[upkeep]
|-heal|p1a: Jirachi|100/100|[from] item: Leftovers
|upkeep
|turn|4
|
|t:|1711639698
|move|p1a: Jirachi|Stealth Rock|p2a: Hippowdon
|-sidestart|p2: Ausodidsomething|move: Stealth Rock
|move|p2a: Hippowdon|Whirlwind|p1a: Jirachi
|drag|p1a: Salamence|Salamence, F|100/100
|-damage|p1a: Salamence|76/100|[from] Stealth Rock
|
|-weather|Sandstorm|[upkeep]
|-damage|p1a: Salamence|70/100|[from] Sandstorm
|upkeep
|turn|5
|
|t:|1711639711
|move|p1a: Salamence|Earthquake|p2a: Hippowdon
|-damage|p2a: Hippowdon|71/100
|move|p2a: Hippowdon|Whirlwind|p1a: Salamence
|drag|p1a: Tyranitar|Tyranitar, M|100/100
|-damage|p1a: Tyranitar|88/100|[from] Stealth Rock
|
|-weather|Sandstorm|[upkeep]
|-heal|p2a: Hippowdon|77/100|[from] item: Leftovers
|upkeep
|turn|6
|
|t:|1711639716
|switch|p1a: Skarmory|Skarmory, M|73/100
|-damage|p1a: Skarmory|60/100|[from] Stealth Rock
|move|p2a: Hippowdon|Whirlwind|p1a: Skarmory
|drag|p1a: Latios|Latios, M|100/100
|-damage|p1a: Latios|88/100|[from] Stealth Rock
|
|-weather|Sandstorm|[upkeep]
|-damage|p1a: Latios|82/100|[from] Sandstorm
|-heal|p2a: Hippowdon|84/100|[from] item: Leftovers
|upkeep
|turn|7
|
|t:|1711639725
|switch|p2a: Ferrothorn|Ferrothorn, F|100/100
|-damage|p2a: Ferrothorn|88/100|[from] Spikes
|-damage|p2a: Ferrothorn|82/100|[from] Stealth Rock
|move|p1a: Latios|Surf|p2a: Ferrothorn
|-resisted|p2a: Ferrothorn
|-damage|p2a: Ferrothorn|71/100
|
|-weather|Sandstorm|[upkeep]
|-damage|p1a: Latios|76/100|[from] Sandstorm
|upkeep
|turn|8
|
|t:|1711639737
|switch|p1a: Skarmory|Skarmory, M|60/100
|-damage|p1a: Skarmory|48/100|[from] Stealth Rock
|move|p2a: Ferrothorn|Knock Off|p1a: Skarmory
|-resisted|p1a: Skarmory
|-damage|p1a: Skarmory|47/100
|-enditem|p1a: Skarmory|Leftovers|[from] move: Knock Off|[of] p2a: Ferrothorn
|
|-weather|Sandstorm|[upkeep]
|upkeep
|turn|9
|
|t:|1711639748
|switch|p2a: Excadrill|Excadrill, M|100/100
|-damage|p2a: Excadrill|88/100|[from] Spikes
|-damage|p2a: Excadrill|85/100|[from] Stealth Rock
|move|p1a: Skarmory|Taunt|p2a: Excadrill
|-start|p2a: Excadrill|move: Taunt
|
|-weather|Sandstorm|[upkeep]
|-heal|p2a: Excadrill|91/100|[from] item: Leftovers
|upkeep
|turn|10
|
|t:|1711639754
|switch|p1a: Starmie|Starmie|88/100
|-damage|p1a: Starmie|76/100|[from] Stealth Rock
|move|p2a: Excadrill|Rapid Spin|p1a: Starmie
|-damage|p1a: Starmie|67/100
|-sideend|p2: Ausodidsomething|Spikes|[from] move: Rapid Spin|[of] p2a: Excadrill
|-sideend|p2: Ausodidsomething|Stealth Rock|[from] move: Rapid Spin|[of] p2a: Excadrill
|
|-weather|Sandstorm|[upkeep]
|-damage|p1a: Starmie|61/100|[from] Sandstorm
|-heal|p1a: Starmie|67/100|[from] item: Leftovers
|-heal|p2a: Excadrill|97/100|[from] item: Leftovers
|upkeep
|turn|11
|
|t:|1711639769
|switch|p2a: Ferrothorn|Ferrothorn, F|71/100
|move|p1a: Starmie|Scald|p2a: Ferrothorn
|-resisted|p2a: Ferrothorn
|-damage|p2a: Ferrothorn|61/100
|
|-weather|Sandstorm|[upkeep]
|-damage|p1a: Starmie|61/100|[from] Sandstorm
|-heal|p1a: Starmie|67/100|[from] item: Leftovers
|upkeep
|turn|12
|
|t:|1711639788
|move|p1a: Starmie|Scald|p2a: Ferrothorn
|-resisted|p2a: Ferrothorn
|-damage|p2a: Ferrothorn|53/100
|move|p2a: Ferrothorn|Spikes|p1a: Starmie
|-sidestart|p1: Primary Trout|Spikes
|
|-weather|Sandstorm|[upkeep]
|-damage|p1a: Starmie|61/100|[from] Sandstorm
|-heal|p1a: Starmie|67/100|[from] item: Leftovers
|upkeep
|turn|13
|
|t:|1711639792
|move|p1a: Starmie|Rapid Spin|p2a: Ferrothorn
|-resisted|p2a: Ferrothorn
|-damage|p2a: Ferrothorn|52/100
|-damage|p1a: Starmie|55/100|[from] ability: Iron Barbs|[of] p2a: Ferrothorn
|-sideend|p1: Primary Trout|Spikes|[from] move: Rapid Spin|[of] p1a: Starmie
|-sideend|p1: Primary Trout|Stealth Rock|[from] move: Rapid Spin|[of] p1a: Starmie
|move|p2a: Ferrothorn|Power Whip|p1a: Starmie
|-supereffective|p1a: Starmie
|-damage|p1a: Starmie|0 fnt
|faint|p1a: Starmie
|
|-weather|Sandstorm|[upkeep]
|upkeep
|
|t:|1711639795
|switch|p1a: Salamence|Salamence, F|70/100
|turn|14
|
|t:|1711639820
|switch|p2a: Rotom|Rotom-Wash|100/100
|move|p1a: Salamence|Fire Fang|p2a: Rotom
|-resisted|p2a: Rotom
|-damage|p2a: Rotom|83/100
|-status|p2a: Rotom|brn
|
|-weather|Sandstorm|[upkeep]
|-damage|p2a: Rotom|77/100 brn|[from] Sandstorm
|-damage|p1a: Salamence|64/100|[from] Sandstorm
|-damage|p2a: Rotom|64/100 brn|[from] brn
|upkeep
|turn|15
|
|t:|1711639831
|move|p2a: Rotom|Volt Switch|p1a: Salamence
|-damage|p1a: Salamence|22/100
|
|t:|1711639840
|switch|p2a: Hippowdon|Hippowdon, F|84/100|[from] Volt Switch
|move|p1a: Salamence|Dragon Dance|p1a: Salamence
|-boost|p1a: Salamence|atk|1
|-boost|p1a: Salamence|spe|1
|
|-weather|Sandstorm|[upkeep]
|-damage|p1a: Salamence|16/100|[from] Sandstorm
|-heal|p2a: Hippowdon|90/100|[from] item: Leftovers
|upkeep
|turn|16
|
|t:|1711639844
|move|p1a: Salamence|Outrage|p2a: Hippowdon
|-crit|p2a: Hippowdon
|-damage|p2a: Hippowdon|0 fnt
|faint|p2a: Hippowdon
|-ability|p1a: Salamence|Moxie|boost
|-boost|p1a: Salamence|atk|1
|
|-weather|Sandstorm|[upkeep]
|-damage|p1a: Salamence|10/100|[from] Sandstorm
|upkeep
|
|t:|1711639853
|switch|p2a: Ferrothorn|Ferrothorn, F|52/100
|turn|17
|
|t:|1711639866
|move|p1a: Salamence|Outrage|p2a: Ferrothorn|[from]lockedmove
|-resisted|p2a: Ferrothorn
|-damage|p2a: Ferrothorn|0 fnt
|-damage|p1a: Salamence|0 fnt|[from] ability: Iron Barbs|[of] p2a: Ferrothorn
|faint|p1a: Salamence
|faint|p2a: Ferrothorn
|
|-weather|Sandstorm|[upkeep]
|upkeep
|
|t:|1711639876
|switch|p1a: Jirachi|Jirachi|100/100
|switch|p2a: Rotom|Rotom-Wash|64/100 brn
|turn|18
|
|t:|1711639884
|move|p2a: Rotom|Trick|p1a: Jirachi
|-activate|p2a: Rotom|move: Trick|[of] p1a: Jirachi
|-item|p1a: Jirachi|Choice Scarf|[from] move: Trick
|-item|p2a: Rotom|Leftovers|[from] move: Trick
|move|p1a: Jirachi|U-turn|p2a: Rotom
|-damage|p2a: Rotom|45/100 brn
|
|t:|1711639891
|switch|p1a: Latios|Latios, M|76/100|[from] U-turn
|
|-weather|Sandstorm|[upkeep]
|-damage|p1a: Latios|70/100|[from] Sandstorm
|-damage|p2a: Rotom|39/100 brn|[from] Sandstorm
|-heal|p2a: Rotom|45/100 brn|[from] item: Leftovers
|-damage|p2a: Rotom|33/100 brn|[from] brn
|upkeep
|turn|19
|
|t:|1711639893
|move|p1a: Latios|Psychic|p2a: Rotom
|-damage|p2a: Rotom|0 fnt
|faint|p2a: Rotom
|
|-weather|Sandstorm|[upkeep]
|-damage|p1a: Latios|64/100|[from] Sandstorm
|upkeep
|
|t:|1711639913
|switch|p2a: Alakazam|Alakazam, M|100/100
|turn|20
|
|t:|1711639915
|switch|p1a: Jirachi|Jirachi|100/100
|move|p2a: Alakazam|Signal Beam|p1a: Jirachi
|-damage|p1a: Jirachi|79/100
|
|-weather|Sandstorm|[upkeep]
|upkeep
|turn|21
|
|t:|1711639919
|move|p2a: Alakazam|Hidden Power|p1a: Jirachi
|-supereffective|p1a: Jirachi
|-damage|p1a: Jirachi|38/100
|move|p1a: Jirachi|U-turn|p2a: Alakazam
|-supereffective|p2a: Alakazam
|-damage|p2a: Alakazam|22/100
|
|t:|1711639931
|switch|p1a: Latios|Latios, M|64/100|[from] U-turn
|
|-weather|Sandstorm|[upkeep]
|-damage|p1a: Latios|58/100|[from] Sandstorm
|upkeep
|turn|22
|
|t:|1711639938
|move|p1a: Latios|Surf|p2a: Alakazam
|-damage|p2a: Alakazam|0 fnt
|faint|p2a: Alakazam
|
|-weather|Sandstorm|[upkeep]
|-damage|p1a: Latios|52/100|[from] Sandstorm
|upkeep
|
|t:|1711639942
|switch|p2a: Latios|Latios, M|100/100
|turn|23
|
|t:|1711639945
|switch|p1a: Jirachi|Jirachi|38/100
|move|p2a: Latios|Surf|p1a: Jirachi
|-damage|p1a: Jirachi|18/100
|
|-weather|Sandstorm|[upkeep]
|-damage|p2a: Latios|95/100|[from] Sandstorm
|upkeep
|turn|24
|
|t:|1711639949
|move|p2a: Latios|Surf|p1a: Jirachi
|-damage|p1a: Jirachi|0 fnt
|faint|p1a: Jirachi
|
|-weather|Sandstorm|[upkeep]
|-damage|p2a: Latios|89/100|[from] Sandstorm
|upkeep
|
|t:|1711639951
|switch|p1a: Tyranitar|Tyranitar, M|88/100
|turn|25
|
|t:|1711639953
|move|p2a: Latios|Surf|p1a: Tyranitar
|-supereffective|p1a: Tyranitar
|-damage|p1a: Tyranitar|41/100
|move|p1a: Tyranitar|Pursuit|p2a: Latios
|-supereffective|p2a: Latios
|-damage|p2a: Latios|34/100
|
|-weather|Sandstorm|[upkeep]
|-damage|p2a: Latios|28/100|[from] Sandstorm
|upkeep
|turn|26
|
|t:|1711639957
|move|p2a: Latios|Surf|p1a: Tyranitar
|-supereffective|p1a: Tyranitar
|-damage|p1a: Tyranitar|0 fnt
|faint|p1a: Tyranitar
|
|-weather|Sandstorm|[upkeep]
|-damage|p2a: Latios|22/100|[from] Sandstorm
|upkeep
|
|t:|1711639959
|switch|p1a: Latios|Latios, M|52/100
|turn|27
|
|t:|1711639963
|switch|p2a: Excadrill|Excadrill, M|97/100
|move|p1a: Latios|Surf|p2a: Excadrill
|-supereffective|p2a: Excadrill
|-damage|p2a: Excadrill|7/100
|
|-weather|Sandstorm|[upkeep]
|-damage|p1a: Latios|46/100|[from] Sandstorm
|-heal|p2a: Excadrill|13/100|[from] item: Leftovers
|upkeep
|turn|28
|
|t:|1711639968
|move|p1a: Latios|Surf|p2a: Excadrill
|-supereffective|p2a: Excadrill
|-crit|p2a: Excadrill
|-damage|p2a: Excadrill|0 fnt
|faint|p2a: Excadrill
|
|-weather|Sandstorm|[upkeep]
|-damage|p1a: Latios|40/100|[from] Sandstorm
|upkeep
|
|t:|1711639972
|switch|p2a: Latios|Latios, M|22/100
|turn|29
|
|t:|1711639975
|move|p2a: Latios|Draco Meteor|p1a: Latios
|-supereffective|p1a: Latios
|-damage|p1a: Latios|0 fnt
|-unboost|p2a: Latios|spa|2
|faint|p1a: Latios
|
|-weather|Sandstorm|[upkeep]
|-damage|p2a: Latios|16/100|[from] Sandstorm
|upkeep
|
|t:|1711639976
|switch|p1a: Skarmory|Skarmory, M|47/100
|turn|30
|
|t:|1711639978
|move|p2a: Latios|Draco Meteor|p1a: Skarmory
|-resisted|p1a: Skarmory
|-damage|p1a: Skarmory|24/100
|-unboost|p2a: Latios|spa|2
|move|p1a: Skarmory|Brave Bird|p2a: Latios
|-damage|p2a: Latios|0 fnt
|faint|p2a: Latios
|-damage|p1a: Skarmory|19/100|[from] Recoil
|
|win|Primary Trout
|raw|Primary Trout's rating: 1393 &rarr; <strong>1415</strong><br />(+22 for winning)
|raw|Ausodidsomething's rating: 1420 &rarr; <strong>1398</strong><br />(-22 for losing)
|l|☆Ausodidsomething
|player|p2|
