|j|☆OldyMcOldFace
|j|☆storlev
|t:|1716603196
|gametype|singles
|player|p1|OldyMcOldFace|blaine|1315
|player|p2|storlev|2|1278
|teamsize|p1|6
|teamsize|p2|6
|gen|5
|tier|[Gen 5] OU
|rated|
|rule|Species Clause: Limit one of each Pokémon
|rule|OHKO Clause: OHKO moves are banned
|rule|Moody Clause: Moody is banned
|rule|Evasion Items Clause: Evasion items are banned
|rule|Evasion Moves Clause: Evasion moves are banned
|rule|Endless Battle Clause: Forcing endless battles is banned
|rule|HP Percentage Mod: HP is shown in percentages
|rule|Evasion Abilities Clause: Evasion abilities are banned
|rule|Sleep Moves Clause: Sleep-inducing moves are banned
|rule|Swagger Clause: Swagger is banned
|rule|Baton Pass Stat Clause: No Baton Passer may have a way to boost its stats
|clearpoke
|poke|p1|Tyranitar, M|item
|poke|p1|Excadrill, M|item
|poke|p1|Reuniclus, F|item
|poke|p1|Ferrothorn, M|item
|poke|p1|Rotom-Wash|item
|poke|p1|Latios, M|item
|poke|p2|Mamoswine, F|item
|poke|p2|Tyranitar, F|item
|poke|p2|Alakazam, F|item
|poke|p2|Dragonite, M|item
|poke|p2|Excadrill, M|item
|poke|p2|Latios, M|item
|teampreview
|inactive|Battle timer is ON: inactive players will automatically lose when time's up. (requested by OldyMcOldFace)
|
|t:|1716603204
|start
|switch|p1a: Ferrothorn|Ferrothorn, M|100/100
|switch|p2a: The Rizzler|Dragonite, M|100/100
|turn|1
|
|t:|1716603207
|move|p2a: The Rizzler|Substitute|p2a: The Rizzler
|-start|p2a: The Rizzler|Substitute
|-damage|p2a: The Rizzler|76/100
|move|p1a: Ferrothorn|Stealth Rock|p2a: The Rizzler
|-sidestart|p2: storlev|move: Stealth Rock
|
|-heal|p2a: The Rizzler|82/100|[from] item: Leftovers
|upkeep
|turn|2
|
|t:|1716603217
|move|p2a: The Rizzler|Dragon Dance|p2a: The Rizzler
|-boost|p2a: The Rizzler|atk|1
|-boost|p2a: The Rizzler|spe|1
|move|p1a: Ferrothorn|Spikes|p2a: The Rizzler
|-sidestart|p2: storlev|Spikes
|
|-heal|p2a: The Rizzler|88/100|[from] item: Leftovers
|upkeep
|turn|3
|
|t:|1716603231
|switch|p1a: Latios|Latios, M|100/100
|move|p2a: The Rizzler|Dragon Dance|p2a: The Rizzler
|-boost|p2a: The Rizzler|atk|1
|-boost|p2a: The Rizzler|spe|1
|
|-heal|p2a: The Rizzler|94/100|[from] item: Leftovers
|upkeep
|turn|4
|
|t:|1716603235
|move|p1a: Latios|Dragon Pulse|p2a: The Rizzler
|-supereffective|p2a: The Rizzler
|-end|p2a: The Rizzler|Substitute
|move|p2a: The Rizzler|Dragon Dance|p2a: The Rizzler
|-boost|p2a: The Rizzler|atk|1
|-boost|p2a: The Rizzler|spe|1
|
|-heal|p2a: The Rizzler|100/100|[from] item: Leftovers
|upkeep
|turn|5
|
|t:|1716603240
|move|p2a: The Rizzler|Dragon Claw|p1a: Latios
|-supereffective|p1a: Latios
|-damage|p1a: Latios|0 fnt
|faint|p1a: Latios
|
|upkeep
|
|t:|1716603248
|switch|p1a: Rotom|Rotom-Wash|100/100
|turn|6
|
|t:|1716603264
|move|p2a: The Rizzler|Substitute|p2a: The Rizzler
|-start|p2a: The Rizzler|Substitute
|-damage|p2a: The Rizzler|76/100
|move|p1a: Rotom|Will-O-Wisp||[still]
|-fail|p1a: Rotom
|
|-heal|p2a: The Rizzler|82/100|[from] item: Leftovers
|upkeep
|turn|7
|
|t:|1716603267
|move|p2a: The Rizzler|Roost|p2a: The Rizzler
|-heal|p2a: The Rizzler|100/100
|-singleturn|p2a: The Rizzler|move: Roost
|move|p1a: Rotom|Volt Switch|p2a: The Rizzler
|-resisted|p2a: The Rizzler
|-crit|p2a: The Rizzler
|-activate|p2a: The Rizzler|Substitute|[damage]
|j| Excaliburn88tests
|
|t:|1716603275
|switch|p1a: Tyranitar|Tyranitar, M|100/100|[from] Volt Switch
|-weather|Sandstorm|[from] ability: Sand Stream|[of] p1a: Tyranitar
|
|-weather|Sandstorm|[upkeep]
|-damage|p2a: The Rizzler|94/100|[from] Sandstorm
|-heal|p2a: The Rizzler|100/100|[from] item: Leftovers
|upkeep
|turn|8
|
|t:|1716603294
|move|p2a: The Rizzler|Dragon Claw|p1a: Tyranitar
|-damage|p1a: Tyranitar|18/100
|move|p1a: Tyranitar|Ice Beam|p2a: The Rizzler
|-supereffective|p2a: The Rizzler
|-end|p2a: The Rizzler|Substitute
|
|-weather|Sandstorm|[upkeep]
|-damage|p2a: The Rizzler|94/100|[from] Sandstorm
|-heal|p2a: The Rizzler|100/100|[from] item: Leftovers
|upkeep
|turn|9
|
|t:|1716603298
|move|p2a: The Rizzler|Dragon Claw|p1a: Tyranitar
|-damage|p1a: Tyranitar|0 fnt
|faint|p1a: Tyranitar
|
|-weather|Sandstorm|[upkeep]
|-damage|p2a: The Rizzler|94/100|[from] Sandstorm
|-heal|p2a: The Rizzler|100/100|[from] item: Leftovers
|upkeep
|-message|OldyMcOldFace forfeited.
|
|win|storlev
|raw|OldyMcOldFace's rating: 1315 &rarr; <strong>1293</strong><br />(-22 for losing)
|raw|storlev's rating: 1286 &rarr; <strong>1313</strong><br />(+27 for winning)
|l|☆OldyMcOldFace
|player|p1|
