|j|☆blackkaiser
|j|☆doughboy
|player|p1|blackkaiser|101|1424
|player|p2|doughboy|266|1468
|teamsize|p1|6
|teamsize|p2|6
|gametype|singles
|gen|5
|tier|[Gen 5] OU
|rated|
|rule|Sleep Clause Mod: Limit one foe put to sleep
|rule|Species Clause: Limit one of each Pokémon
|rule|OHKO Clause: OHKO moves are banned
|rule|Moody Clause: Moody is banned
|rule|Evasion Moves Clause: Evasion moves are banned
|rule|Endless Battle Clause: Forcing endless battles is banned
|rule|HP Percentage Mod: HP is shown in percentages
|rule|Evasion Abilities Clause: Evasion abilities are banned
|rule|Baton Pass Clause: Limit one Baton Passer, can't pass Spe and other stats simultaneously
|rule|Swagger Clause: Swagger is banned
|clearpoke
|poke|p1|Hippowdon, M|item
|poke|p1|Ferrothorn, F|item
|poke|p1|Jellicent, F|item
|poke|p1|Latios, M|item
|poke|p1|Garchomp, M|item
|poke|p1|Scizor, F|item
|poke|p2|Hydreigon, M|item
|poke|p2|Latios, M|item
|poke|p2|Latias, F|item
|poke|p2|Skarmory, M|item
|poke|p2|Heatran, F|item
|poke|p2|Breloom, F|item
|teampreview
|inactive|Battle timer is ON: inactive players will automatically lose when time's up. (requested by blackkaiser)
|
|start
|switch|p1a: Latios|Latios, M, shiny|100/100
|switch|p2a: Skarmory|Skarmory, M|100/100
|turn|1
|
|switch|p2a: Heatran|Heatran, F|100/100
|move|p1a: Latios|Trick|p2a: Heatran
|-activate|p1a: Latios|move: Trick|[of] p2a: Heatran
|-item|p2a: Heatran|Choice Specs|[from] move: Trick
|-item|p1a: Latios|Leftovers|[from] move: Trick
|
|upkeep
|turn|2
|
|move|p1a: Latios|Surf|p2a: Heatran
|-supereffective|p2a: Heatran
|-damage|p2a: Heatran|59/100
|move|p2a: Heatran|Stealth Rock|p1a: Latios
|-sidestart|p1: blackkaiser|move: Stealth Rock
|
|upkeep
|turn|3
|
|switch|p2a: Skarmory|Skarmory, M|100/100
|move|p1a: Latios|Psyshock|p2a: Skarmory
|-resisted|p2a: Skarmory
|-damage|p2a: Skarmory|89/100
|
|upkeep
|turn|4
|
|switch|p2a: Heatran|Heatran, F|59/100
|move|p1a: Latios|Surf|p2a: Heatran
|-supereffective|p2a: Heatran
|-damage|p2a: Heatran|21/100
|
|upkeep
|turn|5
|
|move|p1a: Latios|Surf|p2a: Heatran
|-supereffective|p2a: Heatran
|-damage|p2a: Heatran|0 fnt
|faint|p2a: Heatran
|
|upkeep
|
|switch|p2a: Latias|Latias, F|100/100
|turn|6
|
|switch|p1a: Ferrothorn|Ferrothorn, F|100/100
|-damage|p1a: Ferrothorn|95/100|[from] Stealth Rock
|move|p2a: Latias|Trick|p1a: Ferrothorn
|-activate|p2a: Latias|move: Trick|[of] p1a: Ferrothorn
|-item|p1a: Ferrothorn|Choice Scarf|[from] move: Trick
|-item|p2a: Latias|Rocky Helmet|[from] move: Trick
|
|upkeep
|turn|7
|
|switch|p2a: Skarmory|Skarmory, M|89/100
|move|p1a: Ferrothorn|Thunder Wave|p2a: Skarmory
|-status|p2a: Skarmory|par
|
|upkeep
|turn|8
|
|switch|p1a: Hippowdon|Hippowdon, M|100/100
|-damage|p1a: Hippowdon|94/100|[from] Stealth Rock
|-weather|Sandstorm|[from] ability: Sand Stream|[of] p1a: Hippowdon
|move|p2a: Skarmory|Spikes|p1a: Hippowdon
|-sidestart|p1: blackkaiser|Spikes
|
|-weather|Sandstorm|[upkeep]
|-heal|p1a: Hippowdon|100/100|[from] item: Leftovers
|upkeep
|turn|9
|
|switch|p2a: Breloom|Breloom, F|100/100
|move|p1a: Hippowdon|Stealth Rock|p2a: Breloom
|-sidestart|p2: doughboy|move: Stealth Rock
|
|-weather|Sandstorm|[upkeep]
|-damage|p2a: Breloom|94/100|[from] Sandstorm
|-status|p2a: Breloom|tox|[from] item: Toxic Orb
|upkeep
|turn|10
|
|move|p2a: Breloom|Bulk Up|p2a: Breloom
|-boost|p2a: Breloom|atk|1
|-boost|p2a: Breloom|def|1
|move|p1a: Hippowdon|Roar|p2a: Breloom
|drag|p2a: Latios|Latios, M|100/100
|-damage|p2a: Latios|88/100|[from] Stealth Rock
|
|-weather|Sandstorm|[upkeep]
|-damage|p2a: Latios|82/100|[from] Sandstorm
|upkeep
|turn|11
|
|switch|p2a: Breloom|Breloom, F|94/100 tox
|-damage|p2a: Breloom|88/100 tox|[from] Stealth Rock
|switch|p1a: Ferrothorn|Ferrothorn, F|95/100
|-damage|p1a: Ferrothorn|89/100|[from] Stealth Rock
|-damage|p1a: Ferrothorn|76/100|[from] Spikes
|
|-weather|Sandstorm|[upkeep]
|-damage|p2a: Breloom|82/100 tox|[from] Sandstorm
|-heal|p2a: Breloom|94/100 tox|[from] ability: Poison Heal
|upkeep
|turn|12
|
|move|p2a: Breloom|Bulk Up|p2a: Breloom
|-boost|p2a: Breloom|atk|1
|-boost|p2a: Breloom|def|1
|move|p1a: Ferrothorn|Power Whip|p2a: Breloom
|-resisted|p2a: Breloom
|-damage|p2a: Breloom|76/100 tox
|
|-weather|Sandstorm|[upkeep]
|-damage|p2a: Breloom|70/100 tox|[from] Sandstorm
|-heal|p2a: Breloom|83/100 tox|[from] ability: Poison Heal
|upkeep
|turn|13
|
|switch|p1a: Latios|Latios, M, shiny|100/100
|-damage|p1a: Latios|88/100|[from] Stealth Rock
|move|p2a: Breloom|Drain Punch|p1a: Latios
|-resisted|p1a: Latios
|-damage|p1a: Latios|58/100
|-heal|p2a: Breloom|97/100 tox|[from] drain|[of] p1a: Latios
|
|-weather|Sandstorm|[upkeep]
|-damage|p1a: Latios|52/100|[from] Sandstorm
|-damage|p2a: Breloom|90/100 tox|[from] Sandstorm
|-heal|p1a: Latios|58/100|[from] item: Leftovers
|-heal|p2a: Breloom|100/100 tox|[from] ability: Poison Heal
|upkeep
|turn|14
|
|move|p1a: Latios|Draco Meteor|p2a: Breloom
|-damage|p2a: Breloom|16/100 tox
|-unboost|p1a: Latios|spa|2
|move|p2a: Breloom|Drain Punch|p1a: Latios
|-resisted|p1a: Latios
|-damage|p1a: Latios|23/100
|-heal|p2a: Breloom|33/100 tox|[from] drain|[of] p1a: Latios
|
|-weather|Sandstorm|[upkeep]
|-damage|p1a: Latios|17/100|[from] Sandstorm
|-damage|p2a: Breloom|27/100 tox|[from] Sandstorm
|-heal|p1a: Latios|23/100|[from] item: Leftovers
|-heal|p2a: Breloom|39/100 tox|[from] ability: Poison Heal
|upkeep
|turn|15
|
|switch|p2a: Skarmory|Skarmory, M|89/100 par
|-damage|p2a: Skarmory|77/100 par|[from] Stealth Rock
|move|p1a: Latios|Draco Meteor|p2a: Skarmory
|-resisted|p2a: Skarmory
|-damage|p2a: Skarmory|53/100 par
|-unboost|p1a: Latios|spa|2
|
|-weather|Sandstorm|[upkeep]
|-damage|p1a: Latios|17/100|[from] Sandstorm
|-heal|p1a: Latios|23/100|[from] item: Leftovers
|upkeep
|turn|16
|
|switch|p1a: Ferrothorn|Ferrothorn, F|76/100
|-damage|p1a: Ferrothorn|70/100|[from] Stealth Rock
|-damage|p1a: Ferrothorn|58/100|[from] Spikes
|move|p2a: Skarmory|Roost|p2a: Skarmory
|-heal|p2a: Skarmory|100/100 par
|-singleturn|p2a: Skarmory|move: Roost
|
|-weather|Sandstorm|[upkeep]
|upkeep
|turn|17
|
|move|p1a: Ferrothorn|Spikes|p2a: Skarmory
|-sidestart|p2: doughboy|Spikes
|cant|p2a: Skarmory|par
|
|-weather|Sandstorm|[upkeep]
|upkeep
|turn|18
|
|switch|p2a: Breloom|Breloom, F|39/100 tox
|-damage|p2a: Breloom|27/100 tox|[from] Spikes
|-damage|p2a: Breloom|20/100 tox|[from] Stealth Rock
|move|p1a: Ferrothorn|Spikes|p2a: Breloom
|-sidestart|p2: doughboy|Spikes
|
|-weather|Sandstorm|[upkeep]
|-damage|p2a: Breloom|14/100 tox|[from] Sandstorm
|-heal|p2a: Breloom|27/100 tox|[from] ability: Poison Heal
|upkeep
|turn|19
|
|switch|p1a: Latios|Latios, M, shiny|23/100
|-damage|p1a: Latios|10/100|[from] Stealth Rock
|move|p2a: Breloom|Drain Punch|p1a: Latios
|-resisted|p1a: Latios
|-damage|p1a: Latios|0 fnt
|-heal|p2a: Breloom|31/100 tox|[from] drain|[of] p1a: Latios
|faint|p1a: Latios
|
|-weather|Sandstorm|[upkeep]
|-damage|p2a: Breloom|25/100 tox|[from] Sandstorm
|-heal|p2a: Breloom|38/100 tox|[from] ability: Poison Heal
|upkeep
|
|switch|p1a: Garchomp|Garchomp, M|100/100
|-damage|p1a: Garchomp|94/100|[from] Stealth Rock
|-damage|p1a: Garchomp|82/100|[from] Spikes
|turn|20
|
|switch|p2a: Skarmory|Skarmory, M|100/100 par
|-damage|p2a: Skarmory|88/100 par|[from] Stealth Rock
|move|p1a: Garchomp|Fire Blast|p2a: Skarmory
|-supereffective|p2a: Skarmory
|-damage|p2a: Skarmory|0 fnt
|-damage|p1a: Garchomp|72/100|[from] item: Life Orb
|faint|p2a: Skarmory
|
|-weather|Sandstorm|[upkeep]
|upkeep
|
|switch|p2a: Latias|Latias, F|100/100
|-damage|p2a: Latias|88/100|[from] Stealth Rock
|turn|21
|
|switch|p1a: Ferrothorn|Ferrothorn, F|58/100
|-damage|p1a: Ferrothorn|46/100|[from] Spikes
|-damage|p1a: Ferrothorn|40/100|[from] Stealth Rock
|move|p2a: Latias|Draco Meteor|p1a: Ferrothorn
|-resisted|p1a: Ferrothorn
|-damage|p1a: Ferrothorn|10/100
|-unboost|p2a: Latias|spa|2
|
|-weather|Sandstorm|[upkeep]
|-damage|p2a: Latias|82/100|[from] Sandstorm
|upkeep
|turn|22
|
|switch|p2a: Breloom|Breloom, F|38/100 tox
|-damage|p2a: Breloom|21/100 tox|[from] Spikes
|-damage|p2a: Breloom|15/100 tox|[from] Stealth Rock
|move|p1a: Ferrothorn|Power Whip|p2a: Breloom
|-resisted|p2a: Breloom
|-damage|p2a: Breloom|0 fnt
|faint|p2a: Breloom
|
|-weather|Sandstorm|[upkeep]
|upkeep
|
|switch|p2a: Latios|Latios, M|82/100
|-damage|p2a: Latios|70/100|[from] Stealth Rock
|turn|23
|
|move|p2a: Latios|Calm Mind|p2a: Latios
|-boost|p2a: Latios|spa|1
|-boost|p2a: Latios|spd|1
|move|p1a: Ferrothorn|Power Whip|p2a: Latios
|-resisted|p2a: Latios
|-damage|p2a: Latios|53/100
|
|-weather|Sandstorm|[upkeep]
|-damage|p2a: Latios|47/100|[from] Sandstorm
|upkeep
|turn|24
|
|move|p2a: Latios|Recover|p2a: Latios
|-heal|p2a: Latios|97/100
|move|p1a: Ferrothorn|Power Whip|p2a: Latios|[miss]
|-miss|p1a: Ferrothorn|p2a: Latios
|
|-weather|Sandstorm|[upkeep]
|-damage|p2a: Latios|91/100|[from] Sandstorm
|upkeep
|turn|25
|
|switch|p1a: Jellicent|Jellicent, F|100/100
|-damage|p1a: Jellicent|88/100|[from] Stealth Rock
|-damage|p1a: Jellicent|76/100|[from] Spikes
|move|p2a: Latios|Calm Mind|p2a: Latios
|-boost|p2a: Latios|spa|1
|-boost|p2a: Latios|spd|1
|
|-weather|Sandstorm|[upkeep]
|-damage|p2a: Latios|85/100|[from] Sandstorm
|-damage|p1a: Jellicent|69/100|[from] Sandstorm
|-heal|p1a: Jellicent|76/100|[from] item: Leftovers
|upkeep
|turn|26
|
|move|p2a: Latios|Psyshock|p1a: Jellicent
|-damage|p1a: Jellicent|0 fnt
|faint|p1a: Jellicent
|
|-weather|Sandstorm|[upkeep]
|-damage|p2a: Latios|79/100|[from] Sandstorm
|upkeep
|
|switch|p1a: Hippowdon|Hippowdon, M|100/100
|-damage|p1a: Hippowdon|94/100|[from] Stealth Rock
|-damage|p1a: Hippowdon|82/100|[from] Spikes
|turn|27
|
|move|p2a: Latios|Draco Meteor|p1a: Hippowdon
|-enditem|p2a: Latios|Dragon Gem|[from] gem|[move] Draco Meteor
|-damage|p1a: Hippowdon|0 fnt
|-unboost|p2a: Latios|spa|2
|faint|p1a: Hippowdon
|
|-weather|Sandstorm|[upkeep]
|-damage|p2a: Latios|73/100|[from] Sandstorm
|upkeep
|
|switch|p1a: Scizor|Scizor, F|100/100
|-damage|p1a: Scizor|88/100|[from] Stealth Rock
|-damage|p1a: Scizor|76/100|[from] Spikes
|turn|28
|
|move|p2a: Latios|Draco Meteor|p1a: Scizor
|-resisted|p1a: Scizor
|-damage|p1a: Scizor|42/100
|-unboost|p2a: Latios|spa|2
|move|p1a: Scizor|U-turn|p2a: Latios
|-supereffective|p2a: Latios
|-damage|p2a: Latios|0 fnt
|faint|p2a: Latios
|
|switch|p1a: Garchomp|Garchomp, M|72/100|[from]move: U-turn
|-damage|p1a: Garchomp|66/100|[from] Stealth Rock
|-damage|p1a: Garchomp|54/100|[from] Spikes
|
|-weather|Sandstorm|[upkeep]
|upkeep
|
|switch|p2a: Latias|Latias, F|82/100
|-damage|p2a: Latias|70/100|[from] Stealth Rock
|turn|29
|
|switch|p1a: Ferrothorn|Ferrothorn, F|10/100
|-damage|p1a: Ferrothorn|4/100|[from] Stealth Rock
|-damage|p1a: Ferrothorn|0 fnt|[from] Spikes
|faint|p1a: Ferrothorn
|move|p2a: Latias|Psyshock|p1: Ferrothorn|[notarget]
|-fail|p2a: Latias
|
|-weather|Sandstorm|[upkeep]
|-damage|p2a: Latias|64/100|[from] Sandstorm
|upkeep
|
|switch|p1a: Scizor|Scizor, F|42/100
|-damage|p1a: Scizor|29/100|[from] Stealth Rock
|-damage|p1a: Scizor|17/100|[from] Spikes
|turn|30
|
|move|p1a: Scizor|Bullet Punch|p2a: Latias
|-damage|p2a: Latias|1/100
|-damage|p1a: Scizor|0 fnt|[from] item: Rocky Helmet|[of] p2a: Latias
|faint|p1a: Scizor
|move|p2a: Latias|Draco Meteor|p1: Scizor|[notarget]
|-fail|p2a: Latias
|
|-weather|Sandstorm|[upkeep]
|-damage|p2a: Latias|0 fnt|[from] Sandstorm
|faint|p2a: Latias
|upkeep
|
|switch|p2a: Hydreigon|Hydreigon, M|100/100
|switch|p1a: Garchomp|Garchomp, M|54/100
|-damage|p1a: Garchomp|41/100|[from] Spikes
|-damage|p1a: Garchomp|35/100|[from] Stealth Rock
|-damage|p2a: Hydreigon|88/100|[from] Stealth Rock
|turn|31
|
|move|p1a: Garchomp|Draco Meteor|p2a: Hydreigon
|-supereffective|p2a: Hydreigon
|-damage|p2a: Hydreigon|0 fnt
|-unboost|p1a: Garchomp|spa|2
|-damage|p1a: Garchomp|25/100|[from] item: Life Orb
|faint|p2a: Hydreigon
|
|win|blackkaiser
|c|☆blackkaiser|gg
|l|☆doughboy
|raw|blackkaiser's rating: 1436 &rarr; <strong>1458</strong><br />(+22 for winning)
|raw|doughboy's rating: 1468 &rarr; <strong>1447</strong><br />(-21 for losing)
