|j|☆BWR Monai
|j|‽ayrab money
|t:|1719284940
|gametype|singles
|player|p1|BWR Monai|2|1412
|player|p2|ayrab money|brock|1621
|teamsize|p1|6
|teamsize|p2|6
|gen|5
|tier|[Gen 5] OU
|rated|
|rule|Species Clause: Limit one of each Pokémon
|rule|OHKO Clause: OHKO moves are banned
|rule|Moody Clause: Moody is banned
|rule|Evasion Items Clause: Evasion items are banned
|rule|Evasion Moves Clause: Evasion moves are banned
|rule|Endless Battle Clause: Forcing endless battles is banned
|rule|HP Percentage Mod: HP is shown in percentages
|rule|Evasion Abilities Clause: Evasion abilities are banned
|rule|Sleep Moves Clause: Sleep-inducing moves are banned
|rule|Swagger Clause: Swagger is banned
|rule|Baton Pass Stat Clause: No Baton Passer may have a way to boost its stats
|clearpoke
|poke|p1|Politoed, M|item
|poke|p1|Garchomp, M|item
|poke|p1|Magnezone|item
|poke|p1|Starmie|item
|poke|p1|Empoleon, M|item
|poke|p1|Latios, M|item
|poke|p2|Ninetales, M|item
|poke|p2|Chansey, F|item
|poke|p2|Cresselia, F|item
|poke|p2|Xatu, M|item
|poke|p2|Donphan, F|item
|poke|p2|Victini|item
|teampreview
|
|t:|1719284953
|start
|switch|p1a: Garchomp|Garchomp, M|100/100
|switch|p2a: Victini|Victini|100/100
|turn|1
|
|t:|1719284968
|switch|p2a: Xatu|Xatu, M|100/100
|move|p1a: Garchomp|Swords Dance|p1a: Garchomp
|-boost|p1a: Garchomp|atk|2
|
|upkeep
|turn|2
|
|t:|1719284972
|move|p1a: Garchomp|Swords Dance|p1a: Garchomp
|-boost|p1a: Garchomp|atk|2
|move|p2a: Xatu|Night Shade|p1a: Garchomp
|-damage|p1a: Garchomp|74/100
|
|upkeep
|turn|3
|
|t:|1719284978
|move|p1a: Garchomp|Outrage|p2a: Xatu
|-damage|p2a: Xatu|0 fnt
|-damage|p1a: Garchomp|57/100|[from] item: Rocky Helmet|[of] p2a: Xatu
|faint|p2a: Xatu
|
|upkeep
|
|t:|1719284982
|switch|p2a: Donphan|Donphan, F|100/100
|turn|4
|
|t:|1719284986
|move|p2a: Donphan|Ice Shard|p1a: Garchomp
|-supereffective|p1a: Garchomp
|-damage|p1a: Garchomp|14/100
|move|p1a: Garchomp|Outrage|p2a: Donphan|[from]lockedmove
|-damage|p2a: Donphan|10/100
|-start|p1a: Garchomp|confusion|[fatigue]
|
|-heal|p2a: Donphan|16/100|[from] item: Leftovers
|upkeep
|turn|5
|
|t:|1719284992
|switch|p1a: Politoed|Politoed, M|100/100
|-weather|RainDance|[from] ability: Drizzle|[of] p1a: Politoed
|move|p2a: Donphan|Ice Shard|p1a: Politoed
|-resisted|p1a: Politoed
|-damage|p1a: Politoed|96/100
|
|-weather|RainDance|[upkeep]
|-heal|p2a: Donphan|22/100|[from] item: Leftovers
|upkeep
|turn|6
|
|t:|1719284997
|switch|p2a: Chansey|Chansey, F|100/100
|move|p1a: Politoed|Toxic|p2a: Chansey
|-status|p2a: Chansey|tox
|
|-weather|RainDance|[upkeep]
|-damage|p2a: Chansey|94/100 tox|[from] psn
|upkeep
|turn|7
|
|t:|1719285014
|switch|p1a: Latios|Latios, M|100/100
|-curestatus|p2a: Chansey|tox|[from] ability: Natural Cure
|switch|p2a: Ninetales|Ninetales, M|100/100
|-weather|SunnyDay|[from] ability: Drought|[of] p2a: Ninetales
|
|-weather|SunnyDay|[upkeep]
|upkeep
|turn|8
|
|t:|1719285019
|switch|p1a: Politoed|Politoed, M|96/100
|-weather|RainDance|[from] ability: Drizzle|[of] p1a: Politoed
|move|p2a: Ninetales|Protect||[still]
|-fail|p2a: Ninetales
|
|-weather|RainDance|[upkeep]
|upkeep
|turn|9
|
|t:|1719285023
|switch|p2a: Chansey|Chansey, F|94/100
|switch|p1a: Garchomp|Garchomp, M|14/100
|
|-weather|RainDance|[upkeep]
|upkeep
|turn|10
|-enditem|p1a: Garchomp|Custap Berry|[eat]
|-activate|p1a: Garchomp|item: Custap Berry|[consumed]
|
|t:|1719285030
|move|p1a: Garchomp|Stealth Rock|p2a: Chansey
|-sidestart|p2: ayrab money|move: Stealth Rock
|move|p2a: Chansey|Seismic Toss|p1a: Garchomp
|-damage|p1a: Garchomp|0 fnt
|-damage|p2a: Chansey|82/100|[from] ability: Rough Skin|[of] p1a: Garchomp
|faint|p1a: Garchomp
|
|-weather|RainDance|[upkeep]
|upkeep
|
|t:|1719285040
|switch|p1a: Latios|Latios, M|100/100
|turn|11
|
|t:|1719285042
|switch|p2a: Donphan|Donphan, F|22/100
|-damage|p2a: Donphan|16/100|[from] Stealth Rock
|move|p1a: Latios|Trick|p2a: Donphan
|-activate|p1a: Latios|move: Trick|[of] p2a: Donphan
|-item|p2a: Donphan|Choice Scarf|[from] move: Trick
|-item|p1a: Latios|Leftovers|[from] move: Trick
|
|-weather|RainDance|[upkeep]
|upkeep
|turn|12
|
|t:|1719285047
|switch|p2a: Chansey|Chansey, F|82/100
|-damage|p2a: Chansey|69/100|[from] Stealth Rock
|move|p1a: Latios|Surf|p2a: Chansey
|-crit|p2a: Chansey
|-damage|p2a: Chansey|39/100
|
|-weather|RainDance|[upkeep]
|upkeep
|turn|13
|
|t:|1719285056
|move|p1a: Latios|Trick|p2a: Chansey
|-activate|p1a: Latios|move: Trick|[of] p2a: Chansey
|-item|p2a: Chansey|Leftovers|[from] move: Trick
|-item|p1a: Latios|Eviolite|[from] move: Trick
|move|p2a: Chansey|Soft-Boiled|p2a: Chansey
|-heal|p2a: Chansey|89/100
|
|-weather|RainDance|[upkeep]
|-heal|p2a: Chansey|96/100|[from] item: Leftovers
|upkeep
|turn|14
|
|t:|1719285061
|move|p1a: Latios|Psyshock|p2a: Chansey
|-damage|p2a: Chansey|58/100
|move|p2a: Chansey|Seismic Toss|p1a: Latios
|-damage|p1a: Latios|67/100
|
|-weather|RainDance|[upkeep]
|-heal|p2a: Chansey|64/100|[from] item: Leftovers
|upkeep
|turn|15
|
|t:|1719285069
|switch|p1a: Politoed|Politoed, M|96/100
|move|p2a: Chansey|Soft-Boiled|p2a: Chansey
|-heal|p2a: Chansey|100/100
|
|-weather|RainDance|[upkeep]
|upkeep
|turn|16
|
|t:|1719285085
|move|p1a: Politoed|Encore|p2a: Chansey
|-start|p2a: Chansey|Encore
|move|p2a: Chansey|Soft-Boiled||[still]
|-fail|p2a: Chansey|heal
|
|-weather|RainDance|[upkeep]
|upkeep
|turn|17
|
|t:|1719285091
|switch|p2a: Cresselia|Cresselia, F|100/100
|-damage|p2a: Cresselia|88/100|[from] Stealth Rock
|move|p1a: Politoed|Toxic|p2a: Cresselia
|-status|p2a: Cresselia|tox
|
|-weather|RainDance|[upkeep]
|-heal|p2a: Cresselia|94/100 tox|[from] item: Leftovers
|-damage|p2a: Cresselia|88/100 tox|[from] psn
|upkeep
|turn|18
|
|t:|1719285101
|switch|p2a: Ninetales|Ninetales, M|100/100
|-damage|p2a: Ninetales|76/100|[from] Stealth Rock
|-weather|SunnyDay|[from] ability: Drought|[of] p2a: Ninetales
|move|p1a: Politoed|Scald|p2a: Ninetales
|-supereffective|p2a: Ninetales
|-damage|p2a: Ninetales|51/100
|
|-weather|SunnyDay|[upkeep]
|-heal|p2a: Ninetales|57/100|[from] item: Leftovers
|upkeep
|turn|19
|
|t:|1719285106
|move|p2a: Ninetales|Protect|p2a: Ninetales
|-singleturn|p2a: Ninetales|Protect
|move|p1a: Politoed|Toxic|p2a: Ninetales
|-activate|p2a: Ninetales|move: Protect
|
|-weather|SunnyDay|[upkeep]
|-heal|p2a: Ninetales|63/100|[from] item: Leftovers
|upkeep
|turn|20
|
|t:|1719285111
|move|p2a: Ninetales|Will-O-Wisp|p1a: Politoed
|-status|p1a: Politoed|brn
|move|p1a: Politoed|Toxic|p2a: Ninetales
|-status|p2a: Ninetales|tox
|
|-weather|SunnyDay|[upkeep]
|-heal|p2a: Ninetales|69/100 tox|[from] item: Leftovers
|-damage|p2a: Ninetales|63/100 tox|[from] psn
|-damage|p1a: Politoed|84/100 brn|[from] brn
|upkeep
|turn|21
|
|t:|1719285115
|switch|p2a: Chansey|Chansey, F|100/100
|-damage|p2a: Chansey|88/100|[from] Stealth Rock
|move|p1a: Politoed|Scald|p2a: Chansey
|-damage|p2a: Chansey|82/100
|-status|p2a: Chansey|brn
|
|-weather|SunnyDay|[upkeep]
|-heal|p2a: Chansey|88/100 brn|[from] item: Leftovers
|-damage|p1a: Politoed|72/100 brn|[from] brn
|-damage|p2a: Chansey|76/100 brn|[from] brn
|upkeep
|turn|22
|
|t:|1719285121
|switch|p1a: Magnezone|Magnezone|100/100
|move|p2a: Chansey|Aromatherapy|p2a: Chansey
|-activate|p2a: Chansey|move: Aromatherapy
|-curestatus|p2a: Chansey|brn|[msg]
|-curestatus|p2: Ninetales|tox|[msg]
|-curestatus|p2: Cresselia|tox|[msg]
|
|-weather|SunnyDay|[upkeep]
|-heal|p2a: Chansey|82/100|[from] item: Leftovers
|upkeep
|turn|23
|
|t:|1719285125
|switch|p1a: Politoed|Politoed, M|72/100 brn
|-weather|RainDance|[from] ability: Drizzle|[of] p1a: Politoed
|move|p2a: Chansey|Toxic|p1a: Politoed|[miss]
|-miss|p2a: Chansey|p1a: Politoed
|
|-weather|RainDance|[upkeep]
|-heal|p2a: Chansey|88/100|[from] item: Leftovers
|-damage|p1a: Politoed|60/100 brn|[from] brn
|upkeep
|turn|24
|
|t:|1719285130
|move|p1a: Politoed|Encore|p2a: Chansey
|-start|p2a: Chansey|Encore
|move|p2a: Chansey|Toxic||[still]
|-fail|p2a: Chansey
|
|-weather|RainDance|[upkeep]
|-heal|p2a: Chansey|95/100|[from] item: Leftovers
|-damage|p1a: Politoed|47/100 brn|[from] brn
|upkeep
|turn|25
|
|t:|1719285138
|switch|p2a: Cresselia|Cresselia, F|88/100
|-damage|p2a: Cresselia|76/100|[from] Stealth Rock
|move|p1a: Politoed|Scald|p2a: Cresselia
|-damage|p2a: Cresselia|53/100
|-status|p2a: Cresselia|brn
|
|-weather|RainDance|[upkeep]
|-heal|p2a: Cresselia|59/100 brn|[from] item: Leftovers
|-damage|p2a: Cresselia|47/100 brn|[from] brn
|-damage|p1a: Politoed|35/100 brn|[from] brn
|upkeep
|turn|26
|
|t:|1719285151
|move|p2a: Cresselia|Psyshock|p1a: Politoed
|-damage|p1a: Politoed|18/100 brn
|move|p1a: Politoed|Rest|p1a: Politoed
|-status|p1a: Politoed|slp|[from] move: Rest
|-heal|p1a: Politoed|100/100 slp|[silent]
|-enditem|p1a: Politoed|Chesto Berry|[eat]
|-curestatus|p1a: Politoed|slp|[msg]
|
|-weather|RainDance|[upkeep]
|-heal|p2a: Cresselia|53/100 brn|[from] item: Leftovers
|-damage|p2a: Cresselia|41/100 brn|[from] brn
|upkeep
|turn|27
|
|t:|1719285162
|switch|p2a: Chansey|Chansey, F|95/100
|-damage|p2a: Chansey|82/100|[from] Stealth Rock
|switch|p1a: Latios|Latios, M|67/100
|
|-weather|RainDance|[upkeep]
|-heal|p2a: Chansey|88/100|[from] item: Leftovers
|upkeep
|turn|28
|
|t:|1719285166
|move|p1a: Latios|Psyshock|p2a: Chansey
|-damage|p2a: Chansey|51/100
|move|p2a: Chansey|Toxic|p1a: Latios
|-status|p1a: Latios|tox
|
|-weather|RainDance|[upkeep]
|-heal|p2a: Chansey|57/100|[from] item: Leftovers
|-damage|p1a: Latios|61/100 tox|[from] psn
|upkeep
|turn|29
|
|t:|1719285177
|switch|p1a: Magnezone|Magnezone|100/100
|move|p2a: Chansey|Soft-Boiled|p2a: Chansey
|-heal|p2a: Chansey|100/100
|
|-weather|RainDance|[upkeep]
|upkeep
|turn|30
|
|t:|1719285180
|move|p1a: Magnezone|Charge Beam|p2a: Chansey
|-damage|p2a: Chansey|87/100
|move|p2a: Chansey|Seismic Toss|p1a: Magnezone
|-damage|p1a: Magnezone|65/100
|
|-weather|RainDance|[upkeep]
|-heal|p1a: Magnezone|71/100|[from] item: Leftovers
|-heal|p2a: Chansey|94/100|[from] item: Leftovers
|upkeep
|turn|31
|
|t:|1719285184
|move|p1a: Magnezone|Charge Beam|p2a: Chansey|[miss]
|-miss|p1a: Magnezone|p2a: Chansey
|move|p2a: Chansey|Seismic Toss|p1a: Magnezone
|-damage|p1a: Magnezone|35/100
|
|-weather|RainDance|[upkeep]
|-heal|p1a: Magnezone|41/100|[from] item: Leftovers
|-heal|p2a: Chansey|99/100|[from] item: Leftovers
|upkeep
|turn|32
|
|t:|1719285187
|move|p1a: Magnezone|Thunder|p2a: Chansey
|-damage|p2a: Chansey|72/100
|move|p2a: Chansey|Seismic Toss|p1a: Magnezone
|-damage|p1a: Magnezone|6/100
|
|-weather|RainDance|[upkeep]
|-heal|p1a: Magnezone|12/100|[from] item: Leftovers
|-heal|p2a: Chansey|78/100|[from] item: Leftovers
|upkeep
|turn|33
|
|t:|1719285192
|switch|p1a: Politoed|Politoed, M|100/100
|move|p2a: Chansey|Seismic Toss|p1a: Politoed
|-damage|p1a: Politoed|74/100
|
|-weather|RainDance|[upkeep]
|-heal|p2a: Chansey|84/100|[from] item: Leftovers
|upkeep
|turn|34
|
|t:|1719285194
|move|p1a: Politoed|Toxic|p2a: Chansey
|-status|p2a: Chansey|tox
|move|p2a: Chansey|Seismic Toss|p1a: Politoed
|-damage|p1a: Politoed|48/100
|
|-weather|RainDance|[upkeep]
|-heal|p2a: Chansey|90/100 tox|[from] item: Leftovers
|-damage|p2a: Chansey|84/100 tox|[from] psn
|upkeep
|turn|35
|
|t:|1719285200
|switch|p1a: Latios|Latios, M|61/100 tox
|move|p2a: Chansey|Seismic Toss|p1a: Latios
|-damage|p1a: Latios|28/100 tox
|
|-weather|RainDance|[upkeep]
|-heal|p2a: Chansey|90/100 tox|[from] item: Leftovers
|-damage|p1a: Latios|22/100 tox|[from] psn
|-damage|p2a: Chansey|78/100 tox|[from] psn
|upkeep
|turn|36
|j| Body Catcher
|
|t:|1719285204
|move|p1a: Latios|Psyshock|p2a: Chansey
|-damage|p2a: Chansey|35/100 tox
|move|p2a: Chansey|Soft-Boiled|p2a: Chansey
|-heal|p2a: Chansey|85/100 tox
|
|-weather|RainDance|[upkeep]
|-heal|p2a: Chansey|92/100 tox|[from] item: Leftovers
|-damage|p1a: Latios|10/100 tox|[from] psn
|-damage|p2a: Chansey|73/100 tox|[from] psn
|upkeep
|turn|37
|
|t:|1719285214
|-curestatus|p2a: Chansey|tox|[from] ability: Natural Cure
|switch|p2a: Cresselia|Cresselia, F|41/100 brn
|-damage|p2a: Cresselia|28/100 brn|[from] Stealth Rock
|move|p1a: Latios|Draco Meteor|p2a: Cresselia
|-damage|p2a: Cresselia|0 fnt
|-unboost|p1a: Latios|spa|2
|faint|p2a: Cresselia
|
|-weather|RainDance|[upkeep]
|-damage|p1a: Latios|0 fnt|[from] psn
|faint|p1a: Latios
|upkeep
|
|t:|1719285224
|switch|p1a: Starmie|Starmie|100/100
|switch|p2a: Ninetales|Ninetales, M|63/100
|-item|p1a: Starmie|Air Balloon
|-damage|p2a: Ninetales|38/100|[from] Stealth Rock
|-weather|SunnyDay|[from] ability: Drought|[of] p2a: Ninetales
|turn|38
|
|t:|1719285236
|switch|p1a: Politoed|Politoed, M|48/100
|-weather|RainDance|[from] ability: Drizzle|[of] p1a: Politoed
|move|p2a: Ninetales|Protect||[still]
|-fail|p2a: Ninetales
|
|-weather|RainDance|[upkeep]
|-heal|p2a: Ninetales|44/100|[from] item: Leftovers
|upkeep
|turn|39
|
|t:|1719285242
|move|p2a: Ninetales|Protect|p2a: Ninetales
|-singleturn|p2a: Ninetales|Protect
|move|p1a: Politoed|Scald|p2a: Ninetales
|-activate|p2a: Ninetales|move: Protect
|
|-weather|RainDance|[upkeep]
|-heal|p2a: Ninetales|50/100|[from] item: Leftovers
|upkeep
|turn|40
|
|t:|1719285246
|switch|p2a: Chansey|Chansey, F|73/100
|-damage|p2a: Chansey|60/100|[from] Stealth Rock
|move|p1a: Politoed|Scald|p2a: Chansey
|-damage|p2a: Chansey|44/100
|-status|p2a: Chansey|brn
|
|-weather|RainDance|[upkeep]
|-heal|p2a: Chansey|50/100 brn|[from] item: Leftovers
|-damage|p2a: Chansey|37/100 brn|[from] brn
|upkeep
|turn|41
|
|t:|1719285251
|move|p1a: Politoed|Scald|p2a: Chansey
|-crit|p2a: Chansey
|-damage|p2a: Chansey|1/100 brn
|move|p2a: Chansey|Soft-Boiled|p2a: Chansey
|-heal|p2a: Chansey|51/100 brn
|
|-weather|RainDance|[upkeep]
|-heal|p2a: Chansey|57/100 brn|[from] item: Leftovers
|-damage|p2a: Chansey|45/100 brn|[from] brn
|upkeep
|turn|42
|
|t:|1719285258
|move|p1a: Politoed|Scald|p2a: Chansey
|-damage|p2a: Chansey|27/100 brn
|move|p2a: Chansey|Soft-Boiled|p2a: Chansey
|-heal|p2a: Chansey|77/100 brn
|
|-weather|RainDance|[upkeep]
|-heal|p2a: Chansey|83/100 brn|[from] item: Leftovers
|-damage|p2a: Chansey|71/100 brn|[from] brn
|upkeep
|turn|43
|
|t:|1719285265
|-curestatus|p2a: Chansey|brn|[from] ability: Natural Cure
|switch|p2a: Donphan|Donphan, F|16/100
|-damage|p2a: Donphan|10/100|[from] Stealth Rock
|move|p1a: Politoed|Encore||[still]
|-fail|p1a: Politoed
|
|-weather|RainDance|[upkeep]
|upkeep
|turn|44
|
|t:|1719285271
|move|p2a: Donphan|Earthquake|p1a: Politoed
|-damage|p1a: Politoed|17/100
|move|p1a: Politoed|Scald|p2a: Donphan
|-supereffective|p2a: Donphan
|-damage|p2a: Donphan|0 fnt
|faint|p2a: Donphan
|
|-weather|RainDance|[upkeep]
|upkeep
|
|t:|1719285290
|switch|p2a: Victini|Victini|100/100
|-damage|p2a: Victini|76/100|[from] Stealth Rock
|turn|45
|
|t:|1719285294
|switch|p1a: Magnezone|Magnezone|12/100
|move|p2a: Victini|U-turn|p1a: Magnezone
|-resisted|p1a: Magnezone
|-damage|p1a: Magnezone|0 fnt
|faint|p1a: Magnezone
|
|t:|1719285302
|switch|p2a: Ninetales|Ninetales, M|50/100|[from] U-turn
|-damage|p2a: Ninetales|25/100|[from] Stealth Rock
|-weather|SunnyDay|[from] ability: Drought|[of] p2a: Ninetales
|
|-weather|SunnyDay|[upkeep]
|-heal|p2a: Ninetales|31/100|[from] item: Leftovers
|upkeep
|
|t:|1719285308
|switch|p1a: Politoed|Politoed, M|17/100
|-weather|RainDance|[from] ability: Drizzle|[of] p1a: Politoed
|turn|46
|
|t:|1719285337
|switch|p2a: Chansey|Chansey, F|71/100
|-damage|p2a: Chansey|58/100|[from] Stealth Rock
|move|p1a: Politoed|Scald|p2a: Chansey
|-damage|p2a: Chansey|39/100
|-status|p2a: Chansey|brn
|
|-weather|RainDance|[upkeep]
|-heal|p2a: Chansey|45/100 brn|[from] item: Leftovers
|-damage|p2a: Chansey|33/100 brn|[from] brn
|upkeep
|turn|47
|
|t:|1719285348
|move|p1a: Politoed|Scald|p2a: Chansey
|-damage|p2a: Chansey|15/100 brn
|move|p2a: Chansey|Soft-Boiled|p2a: Chansey
|-heal|p2a: Chansey|65/100 brn
|
|-weather|RainDance|[upkeep]
|-heal|p2a: Chansey|72/100 brn|[from] item: Leftovers
|-damage|p2a: Chansey|59/100 brn|[from] brn
|upkeep
|turn|48
|
|t:|1719285354
|move|p1a: Politoed|Encore|p2a: Chansey
|-start|p2a: Chansey|Encore
|move|p2a: Chansey|Soft-Boiled|p2a: Chansey
|-heal|p2a: Chansey|100/100 brn
|
|-weather|RainDance|[upkeep]
|-damage|p2a: Chansey|88/100 brn|[from] brn
|upkeep
|turn|49
|
|t:|1719285358
|move|p1a: Politoed|Scald|p2a: Chansey
|-damage|p2a: Chansey|71/100 brn
|move|p2a: Chansey|Soft-Boiled|p2a: Chansey
|-heal|p2a: Chansey|100/100 brn
|
|-weather|RainDance|[upkeep]
|-damage|p2a: Chansey|88/100 brn|[from] brn
|upkeep
|turn|50
|
|t:|1719285363
|move|p1a: Politoed|Scald|p2a: Chansey
|-damage|p2a: Chansey|71/100 brn
|move|p2a: Chansey|Soft-Boiled|p2a: Chansey
|-heal|p2a: Chansey|100/100 brn
|
|-weather|RainDance|[upkeep]
|-damage|p2a: Chansey|88/100 brn|[from] brn
|-end|p2a: Chansey|Encore
|upkeep
|turn|51
|j| 574RM4N
|
|t:|1719285371
|-curestatus|p2a: Chansey|brn|[from] ability: Natural Cure
|switch|p2a: Victini|Victini|76/100
|-damage|p2a: Victini|51/100|[from] Stealth Rock
|move|p1a: Politoed|Encore||[still]
|-fail|p1a: Politoed
|
|-weather|RainDance|[upkeep]
|upkeep
|turn|52
|
|t:|1719285381
|switch|p1a: Empoleon|Empoleon, M|100/100
|move|p2a: Victini|Bolt Strike|p1a: Empoleon
|-supereffective|p1a: Empoleon
|-damage|p1a: Empoleon|0 fnt
|faint|p1a: Empoleon
|
|-weather|RainDance|[upkeep]
|upkeep
|
|t:|1719285383
|switch|p1a: Starmie|Starmie|100/100
|-item|p1a: Starmie|Air Balloon
|turn|53
|
|t:|1719285393
|switch|p2a: Chansey|Chansey, F|88/100
|-damage|p2a: Chansey|75/100|[from] Stealth Rock
|move|p1a: Starmie|Hydro Pump|p2a: Chansey
|-damage|p2a: Chansey|26/100
|
|-weather|RainDance|[upkeep]
|-heal|p2a: Chansey|33/100|[from] item: Leftovers
|upkeep
|turn|54
|
|t:|1719285421
|switch|p2a: Ninetales|Ninetales, M|31/100
|-damage|p2a: Ninetales|6/100|[from] Stealth Rock
|-weather|SunnyDay|[from] ability: Drought|[of] p2a: Ninetales
|move|p1a: Starmie|Hydro Pump|p2a: Ninetales
|-supereffective|p2a: Ninetales
|-damage|p2a: Ninetales|0 fnt
|faint|p2a: Ninetales
|
|-weather|SunnyDay|[upkeep]
|upkeep
|
|t:|1719285423
|switch|p2a: Chansey|Chansey, F|33/100
|-damage|p2a: Chansey|20/100|[from] Stealth Rock
|turn|55
|
|t:|1719285430
|switch|p1a: Politoed|Politoed, M|17/100
|-weather|RainDance|[from] ability: Drizzle|[of] p1a: Politoed
|move|p2a: Chansey|Soft-Boiled|p2a: Chansey
|-heal|p2a: Chansey|70/100
|
|-weather|RainDance|[upkeep]
|-heal|p2a: Chansey|76/100|[from] item: Leftovers
|upkeep
|turn|56
|
|t:|1719285440
|switch|p2a: Victini|Victini|51/100
|-damage|p2a: Victini|26/100|[from] Stealth Rock
|move|p1a: Politoed|Encore||[still]
|-fail|p1a: Politoed
|
|-weather|RainDance|[upkeep]
|upkeep
|turn|57
|
|t:|1719285446
|move|p2a: Victini|U-turn|p1a: Politoed
|-damage|p1a: Politoed|0 fnt
|faint|p1a: Politoed
|
|t:|1719285449
|switch|p2a: Chansey|Chansey, F|76/100|[from] U-turn
|-damage|p2a: Chansey|64/100|[from] Stealth Rock
|
|-weather|RainDance|[upkeep]
|-heal|p2a: Chansey|70/100|[from] item: Leftovers
|upkeep
|
|t:|1719285452
|switch|p1a: Starmie|Starmie|100/100
|-item|p1a: Starmie|Air Balloon
|turn|58
|
|t:|1719285463
|move|p1a: Starmie|Ice Beam|p2a: Chansey
|-damage|p2a: Chansey|57/100
|move|p2a: Chansey|Soft-Boiled|p2a: Chansey
|-heal|p2a: Chansey|100/100
|
|-weather|RainDance|[upkeep]
|upkeep
|turn|59
|
|t:|1719285467
|move|p1a: Starmie|Ice Beam|p2a: Chansey
|-crit|p2a: Chansey
|-damage|p2a: Chansey|76/100
|move|p2a: Chansey|Toxic|p1a: Starmie
|-status|p1a: Starmie|tox
|
|-weather|RainDance|[upkeep]
|-heal|p2a: Chansey|82/100|[from] item: Leftovers
|-damage|p1a: Starmie|94/100 tox|[from] psn
|upkeep
|turn|60
|
|t:|1719285470
|move|p1a: Starmie|Ice Beam|p2a: Chansey
|-damage|p2a: Chansey|70/100
|-status|p2a: Chansey|frz
|cant|p2a: Chansey|frz
|
|-weather|RainDance|[upkeep]
|-heal|p2a: Chansey|76/100 frz|[from] item: Leftovers
|-damage|p1a: Starmie|82/100 tox|[from] psn
|upkeep
|turn|61
|
|t:|1719285475
|-curestatus|p2a: Chansey|frz|[from] ability: Natural Cure
|switch|p2a: Victini|Victini|26/100
|-damage|p2a: Victini|1/100|[from] Stealth Rock
|move|p1a: Starmie|Hydro Pump|p2a: Victini
|-supereffective|p2a: Victini
|-damage|p2a: Victini|0 fnt
|faint|p2a: Victini
|
|-weather|RainDance|[upkeep]
|-damage|p1a: Starmie|64/100 tox|[from] psn
|upkeep
|
|t:|1719285478
|switch|p2a: Chansey|Chansey, F|76/100
|-damage|p2a: Chansey|63/100|[from] Stealth Rock
|turn|62
|
|t:|1719285482
|move|p1a: Starmie|Ice Beam|p2a: Chansey
|-damage|p2a: Chansey|50/100
|move|p2a: Chansey|Soft-Boiled|p2a: Chansey
|-heal|p2a: Chansey|99/100
|
|-weather|RainDance|[upkeep]
|-heal|p2a: Chansey|100/100|[from] item: Leftovers
|-damage|p1a: Starmie|39/100 tox|[from] psn
|upkeep
|turn|63
|
|t:|1719285485
|move|p1a: Starmie|Ice Beam|p2a: Chansey
|-damage|p2a: Chansey|88/100
|move|p2a: Chansey|Seismic Toss|p1a: Starmie
|-damage|p1a: Starmie|1/100 tox
|-enditem|p1a: Starmie|Air Balloon
|
|-weather|RainDance|[upkeep]
|-heal|p2a: Chansey|94/100|[from] item: Leftovers
|-damage|p1a: Starmie|0 fnt|[from] psn
|faint|p1a: Starmie
|
|win|ayrab money
|upkeep
|raw|BWR Monai's rating: 1412 &rarr; <strong>1403</strong><br />(-9 for losing)
|raw|ayrab money's rating: 1621 &rarr; <strong>1630</strong><br />(+9 for winning)
|l|‽ayrab money
|player|p2|
