|j|☆lasesino88
|j|☆Crimsonbacon38
|t:|1726866249
|gametype|singles
|player|p1|lasesino88|cynthia|1397
|player|p2|Crimsonbacon38|barry|1368
|teamsize|p1|6
|teamsize|p2|6
|gen|5
|tier|[Gen 5] OU
|rated|
|rule|Species Clause: Limit one of each Pokémon
|rule|OHKO Clause: OHKO moves are banned
|rule|Moody Clause: Moody is banned
|rule|Evasion Items Clause: Evasion items are banned
|rule|Evasion Moves Clause: Evasion moves are banned
|rule|Endless Battle Clause: Forcing endless battles is banned
|rule|HP Percentage Mod: HP is shown in percentages
|rule|Evasion Abilities Clause: Evasion abilities are banned
|rule|Sleep Moves Clause: Sleep-inducing moves are banned
|rule|Swagger Clause: Swagger is banned
|rule|Baton Pass Stat Clause: No Baton Passer may have a way to boost its stats
|clearpoke
|poke|p1|Tyranitar, M|item
|poke|p1|Rotom-Wash|item
|poke|p1|Heatran, F|item
|poke|p1|Garchomp, M|item
|poke|p1|Amoonguss, M|item
|poke|p1|Landorus-Therian, M|item
|poke|p2|Abomasnow, M|item
|poke|p2|Garchomp, M|item
|poke|p2|Forretress, M|item
|poke|p2|Latios, M|item
|poke|p2|Scizor, F|item
|poke|p2|Reuniclus, M|item
|teampreview
|c|☆Crimsonbacon38|Glhf
|inactive|Battle timer is ON: inactive players will automatically lose when time's up. (requested by lasesino88)
|
|t:|1726866274
|start
|switch|p1a: Tyranitar|Tyranitar, M|100/100
|switch|p2a: Abomasnow|Abomasnow, M|100/100
|-weather|Hail|[from] ability: Snow Warning|[of] p2a: Abomasnow
|-weather|Sandstorm|[from] ability: Sand Stream|[of] p1a: Tyranitar
|turn|1
|inactive|lasesino88 has 120 seconds left.
|
|t:|1726866306
|move|p2a: Abomasnow|Wood Hammer|p1a: Tyranitar
|-supereffective|p1a: Tyranitar
|-damage|p1a: Tyranitar|6/100
|-damage|p2a: Abomasnow|66/100|[from] Recoil
|move|p1a: Tyranitar|Stealth Rock|p2a: Abomasnow
|-sidestart|p2: Crimsonbacon38|move: Stealth Rock
|
|-weather|Sandstorm|[upkeep]
|-damage|p2a: Abomasnow|60/100|[from] Sandstorm
|upkeep
|turn|2
|-enditem|p1a: Tyranitar|Custap Berry|[eat]
|-activate|p1a: Tyranitar|item: Custap Berry|[consumed]
|
|t:|1726866327
|switch|p2a: Garchomp|Garchomp, M|100/100
|-damage|p2a: Garchomp|94/100|[from] Stealth Rock
|move|p1a: Tyranitar|Superpower|p2a: Garchomp
|-damage|p2a: Garchomp|56/100
|-unboost|p1a: Tyranitar|atk|1
|-unboost|p1a: Tyranitar|def|1
|-damage|p1a: Tyranitar|0 fnt|[from] ability: Rough Skin|[of] p2a: Garchomp
|faint|p1a: Tyranitar
|
|-weather|Sandstorm|[upkeep]
|-heal|p2a: Garchomp|62/100|[from] item: Leftovers
|upkeep
|inactive|lasesino88 has 120 seconds left.
|
|t:|1726866339
|switch|p1a: Rotom|Rotom-Wash|100/100
|turn|3
|
|t:|1726866342
|move|p2a: Garchomp|Stealth Rock|p1a: Rotom
|-sidestart|p1: lasesino88|move: Stealth Rock
|move|p1a: Rotom|Will-O-Wisp|p2a: Garchomp|[miss]
|-miss|p1a: Rotom|p2a: Garchomp
|
|-weather|Sandstorm|[upkeep]
|-damage|p1a: Rotom|94/100|[from] Sandstorm
|-heal|p2a: Garchomp|69/100|[from] item: Leftovers
|-heal|p1a: Rotom|100/100|[from] item: Leftovers
|upkeep
|turn|4
|
|t:|1726866347
|switch|p2a: Forretress|Forretress, M|100/100
|-damage|p2a: Forretress|88/100|[from] Stealth Rock
|move|p1a: Rotom|Will-O-Wisp|p2a: Forretress
|-status|p2a: Forretress|brn
|
|-weather|Sandstorm|[upkeep]
|-damage|p1a: Rotom|94/100|[from] Sandstorm
|-heal|p1a: Rotom|100/100|[from] item: Leftovers
|-heal|p2a: Forretress|94/100 brn|[from] item: Leftovers
|-damage|p2a: Forretress|82/100 brn|[from] brn
|upkeep
|turn|5
|
|t:|1726866356
|move|p1a: Rotom|Volt Switch|p2a: Forretress
|-damage|p2a: Forretress|57/100 brn
|
|t:|1726866359
|switch|p1a: Heatran|Heatran, F|100/100|[from] Volt Switch
|-damage|p1a: Heatran|88/100|[from] Stealth Rock
|move|p2a: Forretress|Spikes|p1a: Heatran
|-sidestart|p1: lasesino88|Spikes
|
|-weather|Sandstorm|[upkeep]
|-heal|p1a: Heatran|94/100|[from] item: Leftovers
|-heal|p2a: Forretress|63/100 brn|[from] item: Leftovers
|-damage|p2a: Forretress|51/100 brn|[from] brn
|upkeep
|turn|6
|
|t:|1726866369
|switch|p2a: Garchomp|Garchomp, M|69/100
|-damage|p2a: Garchomp|62/100|[from] Stealth Rock
|move|p1a: Heatran|Magma Storm|p2a: Garchomp
|-resisted|p2a: Garchomp
|-crit|p2a: Garchomp
|-damage|p2a: Garchomp|0 fnt
|faint|p2a: Garchomp
|
|-weather|Sandstorm|[upkeep]
|-heal|p1a: Heatran|100/100|[from] item: Leftovers
|upkeep
|
|t:|1726866375
|switch|p2a: Abomasnow|Abomasnow, M|60/100
|-damage|p2a: Abomasnow|35/100|[from] Stealth Rock
|-weather|Hail|[from] ability: Snow Warning|[of] p2a: Abomasnow
|turn|7
|
|t:|1726866379
|switch|p2a: Latios|Latios, M|100/100
|-damage|p2a: Latios|88/100|[from] Stealth Rock
|move|p1a: Heatran|Protect||[still]
|-fail|p1a: Heatran
|
|-weather|Hail|[upkeep]
|-damage|p2a: Latios|82/100|[from] Hail
|-damage|p1a: Heatran|94/100|[from] Hail
|-heal|p1a: Heatran|100/100|[from] item: Leftovers
|upkeep
|turn|8
|
|t:|1726866385
|move|p1a: Heatran|Protect|p1a: Heatran
|-singleturn|p1a: Heatran|Protect
|move|p2a: Latios|Surf|p1a: Heatran
|-activate|p1a: Heatran|move: Protect
|
|-weather|Hail|[upkeep]
|-damage|p2a: Latios|76/100|[from] Hail
|-damage|p1a: Heatran|94/100|[from] Hail
|-heal|p1a: Heatran|100/100|[from] item: Leftovers
|upkeep
|turn|9
|
|t:|1726866390
|switch|p2a: Scizor|Scizor, F|100/100
|-damage|p2a: Scizor|88/100|[from] Stealth Rock
|switch|p1a: Rotom|Rotom-Wash|100/100
|-damage|p1a: Rotom|88/100|[from] Stealth Rock
|
|-weather|Hail|[upkeep]
|-damage|p2a: Scizor|82/100|[from] Hail
|-damage|p1a: Rotom|82/100|[from] Hail
|-heal|p1a: Rotom|88/100|[from] item: Leftovers
|upkeep
|turn|10
|
|t:|1726866400
|move|p2a: Scizor|U-turn|p1a: Rotom
|-damage|p1a: Rotom|31/100
|
|t:|1726866423
|switch|p2a: Forretress|Forretress, M|51/100 brn|[from] U-turn
|-damage|p2a: Forretress|39/100 brn|[from] Stealth Rock
|move|p1a: Rotom|Will-O-Wisp|p2a: Forretress|[miss]
|-miss|p1a: Rotom|p2a: Forretress
|
|-weather|Hail|[upkeep]
|-damage|p1a: Rotom|25/100|[from] Hail
|-heal|p1a: Rotom|31/100|[from] item: Leftovers
|-heal|p2a: Forretress|45/100 brn|[from] item: Leftovers
|-damage|p2a: Forretress|32/100 brn|[from] brn
|upkeep
|turn|11
|
|t:|1726866434
|move|p1a: Rotom|Hydro Pump|p2a: Forretress
|-damage|p2a: Forretress|0 fnt
|faint|p2a: Forretress
|
|-weather|Hail|[upkeep]
|-damage|p1a: Rotom|25/100|[from] Hail
|-heal|p1a: Rotom|31/100|[from] item: Leftovers
|upkeep
|
|t:|1726866443
|switch|p2a: Scizor|Scizor, F|82/100
|-damage|p2a: Scizor|70/100|[from] Stealth Rock
|turn|12
|
|t:|1726866460
|move|p2a: Scizor|U-turn|p1a: Rotom
|-damage|p1a: Rotom|0 fnt
|faint|p1a: Rotom
|
|t:|1726866465
|switch|p2a: Latios|Latios, M|76/100|[from] U-turn
|-damage|p2a: Latios|64/100|[from] Stealth Rock
|
|-weather|Hail|[upkeep]
|-damage|p2a: Latios|58/100|[from] Hail
|upkeep
|
|t:|1726866474
|switch|p1a: Landorus|Landorus-Therian, M|100/100
|-damage|p1a: Landorus|88/100|[from] Stealth Rock
|-ability|p1a: Landorus|Intimidate|boost
|-unboost|p2a: Latios|atk|1
|turn|13
|
|t:|1726866479
|move|p2a: Latios|Surf|p1a: Landorus
|-supereffective|p1a: Landorus
|-damage|p1a: Landorus|8/100
|move|p1a: Landorus|U-turn|p2a: Latios
|-supereffective|p2a: Latios
|-damage|p2a: Latios|0 fnt
|faint|p2a: Latios
|
|t:|1726866494
|switch|p1a: Garchomp|Garchomp, M|100/100|[from] U-turn
|-damage|p1a: Garchomp|94/100|[from] Stealth Rock
|-damage|p1a: Garchomp|82/100|[from] Spikes
|
|-weather|Hail|[upkeep]
|-damage|p1a: Garchomp|76/100|[from] Hail
|upkeep
|
|t:|1726866501
|switch|p2a: Abomasnow|Abomasnow, M|35/100
|-damage|p2a: Abomasnow|10/100|[from] Stealth Rock
|turn|14
|
|t:|1726866525
|switch|p1a: Landorus|Landorus-Therian, M|8/100
|-damage|p1a: Landorus|0 fnt|[from] Stealth Rock
|faint|p1a: Landorus
|move|p2a: Abomasnow|Ice Shard|p1: Landorus|[notarget]
|-fail|p2a: Abomasnow
|
|-weather|Hail|[upkeep]
|upkeep
|
|t:|1726866535
|switch|p1a: Heatran|Heatran, F|100/100
|-damage|p1a: Heatran|88/100|[from] Stealth Rock
|-damage|p1a: Heatran|76/100|[from] Spikes
|turn|15
|
|t:|1726866542
|move|p1a: Heatran|Protect|p1a: Heatran
|-singleturn|p1a: Heatran|Protect
|move|p2a: Abomasnow|Leech Seed|p1a: Heatran
|-activate|p1a: Heatran|move: Protect
|
|-weather|Hail|[upkeep]
|-damage|p1a: Heatran|70/100|[from] Hail
|-heal|p1a: Heatran|76/100|[from] item: Leftovers
|upkeep
|turn|16
|
|t:|1726866549
|move|p1a: Heatran|Hidden Power|p2a: Abomasnow
|-damage|p2a: Abomasnow|0 fnt
|faint|p2a: Abomasnow
|
|-weather|Hail|[upkeep]
|-damage|p1a: Heatran|70/100|[from] Hail
|-heal|p1a: Heatran|76/100|[from] item: Leftovers
|upkeep
|
|t:|1726866556
|switch|p2a: Reuniclus|Reuniclus, M|100/100
|turn|17
|
|t:|1726866560
|move|p1a: Heatran|Magma Storm|p2a: Reuniclus
|-damage|p2a: Reuniclus|39/100
|-activate|p2a: Reuniclus|move: Magma Storm|[of] p1a: Heatran
|move|p2a: Reuniclus|Calm Mind|p2a: Reuniclus
|-boost|p2a: Reuniclus|spa|1
|-boost|p2a: Reuniclus|spd|1
|
|-weather|Hail|[upkeep]
|-damage|p1a: Heatran|70/100|[from] Hail
|-heal|p1a: Heatran|76/100|[from] item: Leftovers
|-heal|p2a: Reuniclus|45/100|[from] item: Leftovers
|upkeep
|turn|18
|
|t:|1726866568
|move|p1a: Heatran|Earth Power|p2a: Reuniclus
|-damage|p2a: Reuniclus|25/100
|move|p2a: Reuniclus|Recover|p2a: Reuniclus
|-heal|p2a: Reuniclus|75/100
|
|-weather|Hail|[upkeep]
|-damage|p1a: Heatran|70/100|[from] Hail
|-heal|p1a: Heatran|76/100|[from] item: Leftovers
|-heal|p2a: Reuniclus|81/100|[from] item: Leftovers
|upkeep
|turn|19
|
|t:|1726866576
|switch|p1a: Garchomp|Garchomp, M|76/100
|-damage|p1a: Garchomp|70/100|[from] Stealth Rock
|-damage|p1a: Garchomp|57/100|[from] Spikes
|move|p2a: Reuniclus|Calm Mind|p2a: Reuniclus
|-boost|p2a: Reuniclus|spa|1
|-boost|p2a: Reuniclus|spd|1
|
|-weather|Hail|[upkeep]
|-damage|p1a: Garchomp|51/100|[from] Hail
|-heal|p2a: Reuniclus|87/100|[from] item: Leftovers
|upkeep
|turn|20
|
|t:|1726866584
|move|p1a: Garchomp|Outrage|p2a: Reuniclus
|-damage|p2a: Reuniclus|38/100
|-damage|p1a: Garchomp|41/100|[from] item: Life Orb
|move|p2a: Reuniclus|Psychic|p1a: Garchomp
|-damage|p1a: Garchomp|0 fnt
|faint|p1a: Garchomp
|
|-weather|Hail|[upkeep]
|-heal|p2a: Reuniclus|44/100|[from] item: Leftovers
|upkeep
|-message|lasesino88 forfeited.
|
|win|Crimsonbacon38
|raw|lasesino88's rating: 1397 &rarr; <strong>1375</strong><br />(-22 for losing)
|raw|Crimsonbacon38's rating: 1368 &rarr; <strong>1390</strong><br />(+22 for winning)
|l|☆lasesino88
|player|p1|
