|j|☆av2336
|j|☆Koopaqueenbowsette
|t:|1716502005
|gametype|singles
|player|p1|av2336|pokemaniac-gen3rs|1440
|player|p2|Koopaqueenbowsette|cynthia-gen4|1390
|teamsize|p1|6
|teamsize|p2|6
|gen|5
|tier|[Gen 5] OU
|rated|
|rule|Species Clause: Limit one of each Pokémon
|rule|OHKO Clause: OHKO moves are banned
|rule|Moody Clause: Moody is banned
|rule|Evasion Items Clause: Evasion items are banned
|rule|Evasion Moves Clause: Evasion moves are banned
|rule|Endless Battle Clause: Forcing endless battles is banned
|rule|HP Percentage Mod: HP is shown in percentages
|rule|Evasion Abilities Clause: Evasion abilities are banned
|rule|Sleep Moves Clause: Sleep-inducing moves are banned
|rule|Swagger Clause: Swagger is banned
|rule|Baton Pass Stat Clause: No Baton Passer may have a way to boost its stats
|clearpoke
|poke|p1|Mew|item
|poke|p1|Uxie|item
|poke|p1|Haxorus, M|item
|poke|p1|Mamoswine, M|item
|poke|p1|Lucario, M|item
|poke|p1|Gyarados, M|item
|poke|p2|Garchomp, F|item
|poke|p2|Dragonite, F|item
|poke|p2|Scizor, F|item
|poke|p2|Breloom, F|item
|poke|p2|Volcarona, F|item
|poke|p2|Starmie|item
|teampreview
|inactive|Battle timer is ON: inactive players will automatically lose when time's up. (requested by av2336)
|
|t:|1716502024
|start
|switch|p1a: Mew|Mew|100/100
|switch|p2a: A Gun|Scizor, F|100/100
|turn|1
|
|t:|1716502030
|move|p2a: A Gun|Bullet Punch|p1a: Mew
|-damage|p1a: Mew|66/100
|-damage|p2a: A Gun|91/100|[from] item: Life Orb
|move|p1a: Mew|Taunt|p2a: A Gun
|-start|p2a: A Gun|move: Taunt
|
|upkeep
|turn|2
|
|t:|1716502036
|move|p1a: Mew|Reflect|p1a: Mew
|-sidestart|p1: av2336|Reflect
|move|p2a: A Gun|Pursuit|p1a: Mew
|-supereffective|p1a: Mew
|-damage|p1a: Mew|40/100
|-damage|p2a: A Gun|81/100|[from] item: Life Orb
|
|upkeep
|turn|3
|
|t:|1716502045
|move|p2a: A Gun|Bullet Punch|p1a: Mew
|-damage|p1a: Mew|22/100
|-damage|p2a: A Gun|71/100|[from] item: Life Orb
|move|p1a: Mew|Stealth Rock|p2a: A Gun
|-sidestart|p2: Koopaqueenbowsette|move: Stealth Rock
|
|upkeep
|turn|4
|
|t:|1716502053
|move|p1a: Mew|Light Screen|p1a: Mew
|-sidestart|p1: av2336|move: Light Screen
|move|p2a: A Gun|Pursuit|p1a: Mew
|-supereffective|p1a: Mew
|-damage|p1a: Mew|0 fnt
|faint|p1a: Mew
|-damage|p2a: A Gun|61/100|[from] item: Life Orb
|
|-end|p2a: A Gun|move: Taunt
|upkeep
|
|t:|1716502070
|switch|p1a: Gyarados|Gyarados, M|100/100
|turn|5
|
|t:|1716502084
|move|p1a: Gyarados|Dragon Dance|p1a: Gyarados
|-boost|p1a: Gyarados|atk|1
|-boost|p1a: Gyarados|spe|1
|move|p2a: A Gun|Swords Dance|p2a: A Gun
|-boost|p2a: A Gun|atk|2
|
|upkeep
|turn|6
|
|t:|1716502092
|move|p2a: A Gun|Bullet Punch|p1a: Gyarados
|-resisted|p1a: Gyarados
|-damage|p1a: Gyarados|74/100
|-damage|p2a: A Gun|51/100|[from] item: Life Orb
|move|p1a: Gyarados|Bounce||[still]
|-prepare|p1a: Gyarados|Bounce
|
|-heal|p1a: Gyarados|81/100|[from] item: Leftovers
|upkeep
|turn|7
|
|t:|1716502109
|move|p2a: A Gun|Bullet Punch|p1a: Gyarados|[miss]
|-miss|p2a: A Gun|p1a: Gyarados
|move|p1a: Gyarados|Bounce|p2a: A Gun|[from]lockedmove
|-damage|p2a: A Gun|0 fnt
|faint|p2a: A Gun
|-ability|p1a: Gyarados|Moxie|boost
|-boost|p1a: Gyarados|atk|1
|
|-heal|p1a: Gyarados|87/100|[from] item: Leftovers
|upkeep
|
|t:|1716502112
|switch|p2a: them|Starmie|100/100
|-damage|p2a: them|88/100|[from] Stealth Rock
|-item|p2a: them|Air Balloon
|turn|8
|
|t:|1716502124
|move|p1a: Gyarados|Bounce||[still]
|-prepare|p1a: Gyarados|Bounce
|move|p2a: them|Thunder|p1a: Gyarados
|-supereffective|p1a: Gyarados
|-damage|p1a: Gyarados|0 fnt
|faint|p1a: Gyarados
|
|upkeep
|
|t:|1716502129
|switch|p1a: Haxorus|Haxorus, M|100/100
|-ability|p1a: Haxorus|Mold Breaker
|turn|9
|
|t:|1716502144
|move|p2a: them|Rapid Spin|p1a: Haxorus
|-damage|p1a: Haxorus|99/100
|-sideend|p2: Koopaqueenbowsette|Stealth Rock|[from] move: Rapid Spin|[of] p2a: them
|move|p1a: Haxorus|Dragon Dance|p1a: Haxorus
|-boost|p1a: Haxorus|atk|1
|-boost|p1a: Haxorus|spe|1
|
|-sideend|p1: av2336|Reflect
|upkeep
|turn|10
|
|t:|1716502153
|move|p1a: Haxorus|Dragon Dance|p1a: Haxorus
|-boost|p1a: Haxorus|atk|1
|-boost|p1a: Haxorus|spe|1
|move|p2a: them|Ice Beam|p1a: Haxorus
|-supereffective|p1a: Haxorus
|-damage|p1a: Haxorus|43/100
|
|upkeep
|turn|11
|
|t:|1716502161
|move|p1a: Haxorus|Dragon Claw|p2a: them
|-damage|p2a: them|0 fnt
|-enditem|p2a: them|Air Balloon
|faint|p2a: them
|
|-sideend|p1: av2336|move: Light Screen
|upkeep
|
|t:|1716502164
|switch|p2a: Breloom|Breloom, F|100/100
|turn|12
|
|t:|1716502167
|move|p2a: Breloom|Mach Punch|p1a: Haxorus
|-damage|p1a: Haxorus|0 fnt
|faint|p1a: Haxorus
|-damage|p2a: Breloom|91/100|[from] item: Life Orb
|
|upkeep
|
|t:|1716502172
|switch|p1a: Uxie|Uxie|100/100
|turn|13
|
|t:|1716502187
|switch|p2a: Mothra|Volcarona, F|100/100
|move|p1a: Uxie|Reflect|p1a: Uxie
|-sidestart|p1: av2336|Reflect
|
|upkeep
|turn|14
|
|t:|1716502203
|move|p1a: Uxie|Light Screen|p1a: Uxie
|-sidestart|p1: av2336|move: Light Screen
|move|p2a: Mothra|Quiver Dance|p2a: Mothra
|-boost|p2a: Mothra|spa|1
|-boost|p2a: Mothra|spd|1
|-boost|p2a: Mothra|spe|1
|
|upkeep
|turn|15
|
|t:|1716502206
|move|p2a: Mothra|Quiver Dance|p2a: Mothra
|-boost|p2a: Mothra|spa|1
|-boost|p2a: Mothra|spd|1
|-boost|p2a: Mothra|spe|1
|move|p1a: Uxie|Thunder Wave|p2a: Mothra
|-status|p2a: Mothra|par
|
|upkeep
|turn|16
|
|t:|1716502230
|move|p1a: Uxie|Memento|p2a: Mothra
|-unboost|p2a: Mothra|atk|2
|-unboost|p2a: Mothra|spa|2
|faint|p1a: Uxie
|move|p2a: Mothra|Bug Buzz|p1: Uxie|[notarget]
|-fail|p2a: Mothra
|
|upkeep
|
|t:|1716502244
|switch|p1a: Mamoswine|Mamoswine, M|100/100
|turn|17
|inactive|Koopaqueenbowsette has 120 seconds left.
|
|t:|1716502271
|move|p1a: Mamoswine|Earthquake|p2a: Mothra
|-damage|p2a: Mothra|0 fnt
|faint|p2a: Mothra
|-damage|p1a: Mamoswine|91/100|[from] item: Life Orb
|
|upkeep
|inactive|Koopaqueenbowsette has 120 seconds left.
|
|t:|1716502291
|switch|p2a: Shark Lesbian|Garchomp, F|100/100
|turn|18
|
|t:|1716502301
|move|p1a: Mamoswine|Ice Shard|p2a: Shark Lesbian
|-supereffective|p2a: Shark Lesbian
|-enditem|p2a: Shark Lesbian|Focus Sash
|-damage|p2a: Shark Lesbian|1/100
|-damage|p1a: Mamoswine|81/100|[from] item: Life Orb
|move|p2a: Shark Lesbian|Earthquake|p1a: Mamoswine
|-damage|p1a: Mamoswine|51/100
|
|upkeep
|turn|19
|
|t:|1716502307
|move|p1a: Mamoswine|Ice Shard|p2a: Shark Lesbian
|-supereffective|p2a: Shark Lesbian
|-damage|p2a: Shark Lesbian|0 fnt
|faint|p2a: Shark Lesbian
|-damage|p1a: Mamoswine|41/100|[from] item: Life Orb
|
|upkeep
|
|t:|1716502312
|switch|p2a: Breloom|Breloom, F|91/100
|turn|20
|
|t:|1716502314
|switch|p1a: Lucario|Lucario, M|100/100
|move|p2a: Breloom|Mach Punch|p1a: Lucario
|-supereffective|p1a: Lucario
|-damage|p1a: Lucario|30/100
|-damage|p2a: Breloom|81/100|[from] item: Life Orb
|
|-sideend|p1: av2336|Reflect
|upkeep
|turn|21
|
|t:|1716502319
|move|p1a: Lucario|Extreme Speed|p2a: Breloom
|-damage|p2a: Breloom|27/100
|-damage|p1a: Lucario|20/100|[from] item: Life Orb
|move|p2a: Breloom|Mach Punch|p1a: Lucario
|-supereffective|p1a: Lucario
|-damage|p1a: Lucario|0 fnt
|faint|p1a: Lucario
|-damage|p2a: Breloom|17/100|[from] item: Life Orb
|
|-sideend|p1: av2336|move: Light Screen
|upkeep
|
|t:|1716502322
|switch|p1a: Mamoswine|Mamoswine, M|41/100
|turn|22
|
|t:|1716502325
|move|p1a: Mamoswine|Ice Shard|p2a: Breloom
|-supereffective|p2a: Breloom
|-damage|p2a: Breloom|0 fnt
|faint|p2a: Breloom
|-damage|p1a: Mamoswine|31/100|[from] item: Life Orb
|
|upkeep
|
|t:|1716502327
|switch|p2a: Bowsette|Dragonite, F|100/100
|turn|23
|
|t:|1716502335
|move|p1a: Mamoswine|Icicle Crash|p2a: Bowsette
|-supereffective|p2a: Bowsette
|-damage|p2a: Bowsette|0 fnt
|faint|p2a: Bowsette
|-damage|p1a: Mamoswine|21/100|[from] item: Life Orb
|
|win|av2336
|raw|av2336's rating: 1440 &rarr; <strong>1457</strong><br />(+17 for winning)
|raw|Koopaqueenbowsette's rating: 1390 &rarr; <strong>1373</strong><br />(-17 for losing)
|l|☆Koopaqueenbowsette
|player|p2|
