|j|☆awitt 10
|j|☆Esurient
|player|p1|awitt 10|102|1325
|player|p2|Esurient|80|1395
|teamsize|p1|6
|teamsize|p2|6
|gametype|singles
|gen|5
|tier|[Gen 5] OU
|rated|
|rule|Sleep Clause Mod: Limit one foe put to sleep
|rule|Species Clause: Limit one of each Pokémon
|rule|OHKO Clause: OHKO moves are banned
|rule|Moody Clause: Moody is banned
|rule|Evasion Moves Clause: Evasion moves are banned
|rule|Endless Battle Clause: Forcing endless battles is banned
|rule|HP Percentage Mod: HP is shown in percentages
|rule|Evasion Abilities Clause: Evasion abilities are banned
|rule|Baton Pass Clause: Limit one Baton Passer, can't pass Spe and other stats simultaneously
|rule|Swagger Clause: Swagger is banned
|clearpoke
|poke|p1|Tyranitar, M|item
|poke|p1|Latios, M|item
|poke|p1|Rotom-Wash|item
|poke|p1|Ferrothorn, M|item
|poke|p1|Landorus-Therian, M|item
|poke|p1|Garchomp, F|item
|poke|p2|Conkeldurr, M|item
|poke|p2|Scizor, M|item
|poke|p2|Rotom-Wash|item
|poke|p2|Bisharp, F|item
|poke|p2|Latios, M|item
|poke|p2|Infernape, F|item
|teampreview
|
|start
|switch|p1a: Landorus|Landorus-Therian, M|100/100
|switch|p2a: Rotom|Rotom-Wash|100/100
|-ability|p1a: Landorus|Intimidate|boost
|-unboost|p2a: Rotom|atk|1
|turn|1
|
|move|p2a: Rotom|Volt Switch|p1a: Landorus
|-immune|p1a: Landorus
|move|p1a: Landorus|U-turn|p2a: Rotom
|-damage|p2a: Rotom|66/100
|
|switch|p1a: Garchomp|Garchomp, F|100/100|[from]move: U-turn
|
|upkeep
|turn|2
|
|switch|p2a: Latios|Latios, M, shiny|100/100
|move|p1a: Garchomp|Stealth Rock|p2a: Latios
|-sidestart|p2: Esurient|move: Stealth Rock
|
|upkeep
|turn|3
|
|switch|p1a: Tyranitar|Tyranitar, M|100/100
|-weather|Sandstorm|[from] ability: Sand Stream|[of] p1a: Tyranitar
|move|p2a: Latios|Surf|p1a: Tyranitar
|-supereffective|p1a: Tyranitar
|-damage|p1a: Tyranitar|40/100
|
|-weather|Sandstorm|[upkeep]
|-damage|p2a: Latios|95/100|[from] Sandstorm
|upkeep
|turn|4
|
|move|p2a: Latios|Surf|p1a: Tyranitar
|-supereffective|p1a: Tyranitar
|-damage|p1a: Tyranitar|0 fnt
|faint|p1a: Tyranitar
|
|-weather|Sandstorm|[upkeep]
|-damage|p2a: Latios|89/100|[from] Sandstorm
|upkeep
|
|switch|p1a: Ferrothorn|Ferrothorn, M, shiny|100/100
|turn|5
|
|switch|p2a: Conkeldurr|Conkeldurr, M|100/100
|-damage|p2a: Conkeldurr|94/100|[from] Stealth Rock
|move|p1a: Ferrothorn|Spikes|p2a: Conkeldurr
|-sidestart|p2: Esurient|Spikes
|
|-weather|Sandstorm|[upkeep]
|-damage|p2a: Conkeldurr|88/100|[from] Sandstorm
|-status|p2a: Conkeldurr|brn|[from] item: Flame Orb
|upkeep
|turn|6
|
|move|p2a: Conkeldurr|Ice Punch|p1a: Ferrothorn
|-damage|p1a: Ferrothorn|75/100
|-damage|p2a: Conkeldurr|76/100 brn|[from] ability: Iron Barbs|[of] p1a: Ferrothorn
|-damage|p2a: Conkeldurr|60/100 brn|[from] item: Rocky Helmet|[of] p1a: Ferrothorn
|move|p1a: Ferrothorn|Leech Seed|p2a: Conkeldurr
|-start|p2a: Conkeldurr|move: Leech Seed
|
|-weather|Sandstorm|[upkeep]
|-damage|p2a: Conkeldurr|54/100 brn|[from] Sandstorm
|-damage|p2a: Conkeldurr|41/100 brn|[from] Leech Seed|[of] p1a: Ferrothorn
|-heal|p1a: Ferrothorn|89/100|[silent]
|-damage|p2a: Conkeldurr|29/100 brn|[from] brn
|upkeep
|turn|7
|
|switch|p1a: Garchomp|Garchomp, F|100/100
|move|p2a: Conkeldurr|Drain Punch|p1a: Garchomp
|-damage|p1a: Garchomp|36/100
|-heal|p2a: Conkeldurr|60/100 brn|[from] drain|[of] p1a: Garchomp
|-damage|p2a: Conkeldurr|47/100 brn|[from] ability: Rough Skin|[of] p1a: Garchomp
|
|-weather|Sandstorm|[upkeep]
|-damage|p2a: Conkeldurr|41/100 brn|[from] Sandstorm
|-damage|p2a: Conkeldurr|29/100 brn|[from] Leech Seed|[of] p1a: Garchomp
|-heal|p1a: Garchomp|49/100|[silent]
|-damage|p2a: Conkeldurr|17/100 brn|[from] brn
|upkeep
|turn|8
|j| solidheron
|
|switch|p1a: Ferrothorn|Ferrothorn, M, shiny|89/100
|move|p2a: Conkeldurr|Mach Punch|p1a: Ferrothorn
|-supereffective|p1a: Ferrothorn
|-damage|p1a: Ferrothorn|44/100
|-damage|p2a: Conkeldurr|4/100 brn|[from] ability: Iron Barbs|[of] p1a: Ferrothorn
|-damage|p2a: Conkeldurr|0 fnt|[from] item: Rocky Helmet|[of] p1a: Ferrothorn
|faint|p2a: Conkeldurr
|
|-weather|Sandstorm|[upkeep]
|upkeep
|
|switch|p2a: Bisharp|Bisharp, F|100/100
|-damage|p2a: Bisharp|88/100|[from] Spikes
|-damage|p2a: Bisharp|82/100|[from] Stealth Rock
|turn|9
|
|move|p2a: Bisharp|Swords Dance|p2a: Bisharp
|-boost|p2a: Bisharp|atk|2
|move|p1a: Ferrothorn|Leech Seed|p2a: Bisharp
|-start|p2a: Bisharp|move: Leech Seed
|
|-weather|Sandstorm|[upkeep]
|-damage|p2a: Bisharp|70/100|[from] Leech Seed|[of] p1a: Ferrothorn
|-heal|p1a: Ferrothorn|54/100|[silent]
|upkeep
|turn|10
|
|move|p2a: Bisharp|Low Kick|p1a: Ferrothorn
|-supereffective|p1a: Ferrothorn
|-damage|p1a: Ferrothorn|0 fnt
|-damage|p2a: Bisharp|58/100|[from] ability: Iron Barbs|[of] p1a: Ferrothorn
|-damage|p2a: Bisharp|41/100|[from] item: Rocky Helmet|[of] p1a: Ferrothorn
|faint|p1a: Ferrothorn
|
|-weather|Sandstorm|[upkeep]
|upkeep
|
|switch|p1a: Garchomp|Garchomp, F|49/100
|turn|11
|
|move|p2a: Bisharp|Sucker Punch|p1a: Garchomp
|-enditem|p2a: Bisharp|Dark Gem|[from] gem|[move] Sucker Punch
|-damage|p1a: Garchomp|0 fnt
|-damage|p2a: Bisharp|29/100|[from] ability: Rough Skin|[of] p1a: Garchomp
|faint|p1a: Garchomp
|
|-weather|Sandstorm|[upkeep]
|upkeep
|
|switch|p1a: Landorus|Landorus-Therian, M|100/100
|-ability|p1a: Landorus|Intimidate|boost
|-unboost|p2a: Bisharp|atk|1
|-ability|p2a: Bisharp|Defiant|boost
|-boost|p2a: Bisharp|atk|2
|turn|12
|
|move|p2a: Bisharp|Sucker Punch|p1a: Landorus
|-damage|p1a: Landorus|0 fnt
|faint|p1a: Landorus
|
|-weather|Sandstorm|[upkeep]
|upkeep
|
|switch|p1a: Rotom|Rotom-Wash|100/100
|turn|13
|
|move|p1a: Rotom|Will-O-Wisp|p2a: Bisharp|[miss]
|-miss|p1a: Rotom|p2a: Bisharp
|move|p2a: Bisharp|Pursuit|p1a: Rotom
|-damage|p1a: Rotom|24/100
|
|-weather|Sandstorm|[upkeep]
|-damage|p1a: Rotom|18/100|[from] Sandstorm
|-heal|p1a: Rotom|24/100|[from] item: Leftovers
|-damage|p2a: Bisharp|17/100|[from] Leech Seed|[of] p1a: Rotom
|-heal|p1a: Rotom|38/100|[silent]
|upkeep
|turn|14
|
|move|p1a: Rotom|Volt Switch|p2a: Bisharp
|-damage|p2a: Bisharp|0 fnt
|faint|p2a: Bisharp
|
|switch|p1a: Latios|Latios, M|100/100|[from]move: Volt Switch
|
|-weather|Sandstorm|[upkeep]
|-damage|p1a: Latios|95/100|[from] Sandstorm
|upkeep
|
|switch|p2a: Scizor|Scizor, M|100/100
|-damage|p2a: Scizor|88/100|[from] Spikes
|-damage|p2a: Scizor|76/100|[from] Stealth Rock
|turn|15
|
|switch|p2a: Infernape|Infernape, F|100/100
|-damage|p2a: Infernape|88/100|[from] Stealth Rock
|-damage|p2a: Infernape|76/100|[from] Spikes
|move|p1a: Latios|Hidden Power|p2a: Infernape
|-resisted|p2a: Infernape
|-damage|p2a: Infernape|45/100
|
|-weather|Sandstorm|[upkeep]
|-damage|p2a: Infernape|39/100|[from] Sandstorm
|-damage|p1a: Latios|89/100|[from] Sandstorm
|upkeep
|turn|16
|
|move|p2a: Infernape|U-turn|p1a: Latios
|-supereffective|p1a: Latios
|-damage|p1a: Latios|28/100
|
|switch|p2a: Rotom|Rotom-Wash|66/100|[from]move: U-turn
|-damage|p2a: Rotom|54/100|[from] Stealth Rock
|move|p1a: Latios|Hidden Power|p2a: Rotom
|-resisted|p2a: Rotom
|-damage|p2a: Rotom|32/100
|
|-weather|Sandstorm|[upkeep]
|-damage|p2a: Rotom|26/100|[from] Sandstorm
|-damage|p1a: Latios|22/100|[from] Sandstorm
|upkeep
|turn|17
|-message|awitt 10 forfeited.
|
|win|Esurient
|l|☆awitt 10
|raw|awitt 10's rating: 1325 &rarr; <strong>1309</strong><br />(-16 for losing)
|raw|Esurient's rating: 1395 &rarr; <strong>1411</strong><br />(+16 for winning)
