|j|☆Ejthewolf︻デ┳═ー
|j|☆KuraiTenshi26
|player|p1|Ejthewolf︻デ┳═ー|272
|player|p2|KuraiTenshi26|143
|teamsize|p1|6
|teamsize|p2|6
|gametype|singles
|gen|5
|tier|[Gen 5] OU
|rated|
|rule|Sleep Clause Mod: Limit one foe put to sleep
|rule|Species Clause: Limit one of each Pokémon
|rule|OHKO Clause: OHKO moves are banned
|rule|Moody Clause: Moody is banned
|rule|Evasion Moves Clause: Evasion moves are banned
|rule|Endless Battle Clause: Forcing endless battles is banned
|rule|HP Percentage Mod: HP is shown in percentages
|rule|Evasion Abilities Clause: Evasion abilities are banned
|rule|Baton Pass Clause: Limit one Baton Passer, can't pass Spe and other stats simultaneously
|rule|Swagger Clause: Swagger is banned
|clearpoke
|poke|p1|Tyranitar, F|item
|poke|p1|Landorus-Therian, M|item
|poke|p1|Garchomp, F|item
|poke|p1|Latios, M|item
|poke|p1|Jirachi|item
|poke|p1|Keldeo-Resolute|item
|poke|p2|Politoed, M|item
|poke|p2|Landorus-Therian, M|item
|poke|p2|Volcarona, M|item
|poke|p2|Ferrothorn, M|item
|poke|p2|Starmie|item
|poke|p2|Toxicroak, M|item
|teampreview
|c|☆KuraiTenshi26|hf
|
|start
|switch|p1a: Landorus|Landorus-Therian, M, shiny|100/100
|switch|p2a: Politoed|Politoed, M|100/100
|-weather|RainDance|[from] ability: Drizzle|[of] p2a: Politoed
|-ability|p1a: Landorus|Intimidate|boost
|-unboost|p2a: Politoed|atk|1
|turn|1
|
|switch|p1a: Keldeo|Keldeo-Resolute|100/100
|move|p2a: Politoed|Hydro Pump|p1a: Keldeo
|-resisted|p1a: Keldeo
|-crit|p1a: Keldeo
|-damage|p1a: Keldeo|0
|faint|p1a: Keldeo
|
|-weather|RainDance|[upkeep]
|upkeep
|c|☆Ejthewolf︻デ┳═ー|yeet
|c|☆KuraiTenshi26|O
|c|☆Ejthewolf︻デ┳═ー|idk whats worse
|c|☆KuraiTenshi26|i mean
|c|☆KuraiTenshi26|i do have good keldeo answers
|c|☆Ejthewolf︻デ┳═ー|having it get froze in 1 game
|c|☆Ejthewolf︻デ┳═ー|or crit here
|c|☆Ejthewolf︻デ┳═ー|poor horse
|
|switch|p1a: Latios|Latios, M|100/100
|turn|2
|c|☆Ejthewolf︻デ┳═ー|*unicorn
|c|☆KuraiTenshi26|*pony unicorn thing
|
|switch|p2a: Ferrothorn|Ferrothorn, M|100/100
|move|p1a: Latios|Draco Meteor|p2a: Ferrothorn
|-resisted|p2a: Ferrothorn
|-damage|p2a: Ferrothorn|61/100
|-unboost|p1a: Latios|spa|2
|
|-weather|RainDance|[upkeep]
|-heal|p2a: Ferrothorn|67/100|[from] item: Leftovers
|upkeep
|turn|3
|c|☆Ejthewolf︻デ┳═ー|*weird ass myth mon
|
|switch|p1a: Tyranitar|Tyranitar, F, shiny|100/100
|-weather|Sandstorm|[from] ability: Sand Stream|[of] p1a: Tyranitar
|move|p2a: Ferrothorn|Stealth Rock|p1a: Tyranitar
|-sidestart|p1: Ejthewolf︻デ┳═ー|move: Stealth Rock
|
|-weather|Sandstorm|[upkeep]
|-heal|p2a: Ferrothorn|73/100|[from] item: Leftovers
|upkeep
|turn|4
|
|switch|p2a: Landorus|Landorus-Therian, M|100/100
|-ability|p2a: Landorus|Intimidate|boost
|-unboost|p1a: Tyranitar|atk|1
|move|p1a: Tyranitar|Superpower|p2a: Landorus
|-resisted|p2a: Landorus
|-damage|p2a: Landorus|74/100
|-unboost|p1a: Tyranitar|atk|1
|-unboost|p1a: Tyranitar|def|1
|
|-weather|Sandstorm|[upkeep]
|upkeep
|turn|5
|
|switch|p1a: Latios|Latios, M|100/100
|-damage|p1a: Latios|88/100|[from] Stealth Rock
|move|p2a: Landorus|U-turn|p1a: Latios
|-supereffective|p1a: Latios
|-damage|p1a: Latios|18/100
|
|switch|p2a: Ferrothorn|Ferrothorn, M|73/100
|
|-weather|Sandstorm|[upkeep]
|-damage|p1a: Latios|12/100|[from] Sandstorm
|-heal|p2a: Ferrothorn|79/100|[from] item: Leftovers
|upkeep
|turn|6
|
|switch|p2a: Politoed|Politoed, M|100/100
|-weather|RainDance|[from] ability: Drizzle|[of] p2a: Politoed
|move|p1a: Latios|Hidden Power|p2a: Politoed
|-resisted|p2a: Politoed
|-damage|p2a: Politoed|92/100
|
|-weather|RainDance|[upkeep]
|upkeep
|turn|7
|
|switch|p1a: Jirachi|Jirachi|100/100
|-damage|p1a: Jirachi|95/100|[from] Stealth Rock
|move|p2a: Politoed|Scald|p1a: Jirachi
|-damage|p1a: Jirachi|30/100
|
|-weather|RainDance|[upkeep]
|upkeep
|turn|8
|
|switch|p2a: Landorus|Landorus-Therian, M|74/100
|-ability|p2a: Landorus|Intimidate|boost
|-unboost|p1a: Jirachi|atk|1
|move|p1a: Jirachi|Iron Head|p2a: Landorus
|-damage|p2a: Landorus|45/100
|
|-weather|RainDance|[upkeep]
|upkeep
|turn|9
|
|switch|p2a: Ferrothorn|Ferrothorn, M|79/100
|switch|p1a: Landorus|Landorus-Therian, M, shiny|100/100
|-damage|p1a: Landorus|88/100|[from] Stealth Rock
|-ability|p1a: Landorus|Intimidate|boost
|-unboost|p2a: Ferrothorn|atk|1
|
|-weather|RainDance|[upkeep]
|-heal|p1a: Landorus|94/100|[from] item: Leftovers
|-heal|p2a: Ferrothorn|85/100|[from] item: Leftovers
|upkeep
|turn|10
|
|move|p1a: Landorus|Stealth Rock|p2a: Ferrothorn
|-sidestart|p2: KuraiTenshi26|move: Stealth Rock
|move|p2a: Ferrothorn|Spikes|p1a: Landorus
|-sidestart|p1: Ejthewolf︻デ┳═ー|Spikes
|
|-weather|RainDance|[upkeep]
|-heal|p1a: Landorus|99/100|[from] item: Leftovers
|-heal|p2a: Ferrothorn|91/100|[from] item: Leftovers
|upkeep
|turn|11
|
|switch|p1a: Tyranitar|Tyranitar, F, shiny|100/100
|-damage|p1a: Tyranitar|88/100|[from] Spikes
|-damage|p1a: Tyranitar|76/100|[from] Stealth Rock
|-weather|Sandstorm|[from] ability: Sand Stream|[of] p1a: Tyranitar
|move|p2a: Ferrothorn|Leech Seed|p1a: Tyranitar
|-start|p1a: Tyranitar|move: Leech Seed
|
|-weather|Sandstorm|[upkeep]
|-heal|p2a: Ferrothorn|97/100|[from] item: Leftovers
|-damage|p1a: Tyranitar|64/100|[from] Leech Seed|[of] p2a: Ferrothorn
|-heal|p2a: Ferrothorn|100/100|[silent]
|upkeep
|turn|12
|
|switch|p2a: Toxicroak|Toxicroak, M|100/100
|-damage|p2a: Toxicroak|94/100|[from] Stealth Rock
|move|p1a: Tyranitar|Superpower|p2a: Toxicroak
|-resisted|p2a: Toxicroak
|-damage|p2a: Toxicroak|47/100
|-unboost|p1a: Tyranitar|atk|1
|-unboost|p1a: Tyranitar|def|1
|
|-weather|Sandstorm|[upkeep]
|-damage|p2a: Toxicroak|41/100|[from] Sandstorm
|-heal|p2a: Toxicroak|47/100|[from] item: Black Sludge
|-damage|p1a: Tyranitar|51/100|[from] Leech Seed|[of] p2a: Toxicroak
|-heal|p2a: Toxicroak|59/100|[silent]
|upkeep
|turn|13
|
|switch|p2a: Starmie|Starmie|100/100
|-damage|p2a: Starmie|88/100|[from] Stealth Rock
|switch|p1a: Garchomp|Garchomp, F, shiny|100/100
|-damage|p1a: Garchomp|88/100|[from] Spikes
|-damage|p1a: Garchomp|82/100|[from] Stealth Rock
|
|-weather|Sandstorm|[upkeep]
|-damage|p2a: Starmie|82/100|[from] Sandstorm
|-heal|p2a: Starmie|88/100|[from] item: Leftovers
|upkeep
|turn|14
|
|move|p2a: Starmie|Ice Beam|p1a: Garchomp
|-supereffective|p1a: Garchomp
|-damage|p1a: Garchomp|0
|faint|p1a: Garchomp
|
|-weather|Sandstorm|[upkeep]
|-damage|p2a: Starmie|82/100|[from] Sandstorm
|-heal|p2a: Starmie|88/100|[from] item: Leftovers
|upkeep
|
|switch|p1a: Landorus|Landorus-Therian, M, shiny|99/100
|-damage|p1a: Landorus|88/100|[from] Stealth Rock
|-ability|p1a: Landorus|Intimidate|boost
|-unboost|p2a: Starmie|atk|1
|turn|15
|-message|Ejthewolf︻デ┳═ー forfeited.
|
|win|KuraiTenshi26
|l|☆Ejthewolf︻デ┳═ー
|raw|Ejthewolf︻デ┳═ー's rating: 1362 &rarr; <strong>1341</strong><br />(-21 for losing)
|raw|KuraiTenshi26's rating: 1343 &rarr; <strong>1364</strong><br />(+21 for winning)
