|j|☆PowerlessMan
|j|☆irgendwasmitmeeem
|t:|1705764083
|gametype|singles
|player|p1|PowerlessMan|nate|1311
|player|p2|irgendwasmitmeeem|scott|1531
|teamsize|p1|6
|teamsize|p2|6
|gen|5
|tier|[Gen 5] OU
|rated|
|rule|Species Clause: Limit one of each Pokémon
|rule|OHKO Clause: OHKO moves are banned
|rule|Moody Clause: Moody is banned
|rule|Evasion Items Clause: Evasion items are banned
|rule|Evasion Moves Clause: Evasion moves are banned
|rule|Endless Battle Clause: Forcing endless battles is banned
|rule|HP Percentage Mod: HP is shown in percentages
|rule|Evasion Abilities Clause: Evasion abilities are banned
|rule|Sleep Moves Clause: Sleep-inducing moves are banned
|rule|Swagger Clause: Swagger is banned
|rule|Baton Pass Stat Clause: No Baton Passer may have a way to boost its stats
|clearpoke
|poke|p1|Lucario, M|item
|poke|p1|Garchomp, M|item
|poke|p1|Scizor, F|item
|poke|p1|Swampert, M|item
|poke|p1|Rotom-Wash|item
|poke|p1|Ferrothorn, M|item
|poke|p2|Politoed, M|item
|poke|p2|Starmie|item
|poke|p2|Keldeo|item
|poke|p2|Latios, M|item
|poke|p2|Tornadus, M|item
|poke|p2|Ferrothorn, M|item
|teampreview
|inactive|Battle timer is ON: inactive players will automatically lose when time's up. (requested by PowerlessMan)
|
|t:|1705764105
|start
|switch|p1a: Rotom|Rotom-Wash|100/100
|switch|p2a: Latios|Latios, M, shiny|100/100
|turn|1
|
|t:|1705764108
|move|p2a: Latios|Draco Meteor|p1a: Rotom
|-damage|p1a: Rotom|0 fnt
|-unboost|p2a: Latios|spa|2
|faint|p1a: Rotom
|
|upkeep
|
|t:|1705764111
|switch|p1a: Scizor|Scizor, F|100/100
|turn|2
|
|t:|1705764113
|move|p1a: Scizor|U-turn|p2a: Latios
|-supereffective|p2a: Latios
|-damage|p2a: Latios|10/100
|
|t:|1705764116
|switch|p1a: Ferrothorn|Ferrothorn, M|100/100|[from] U-turn
|move|p2a: Latios|Draco Meteor|p1a: Ferrothorn
|-resisted|p1a: Ferrothorn
|-damage|p1a: Ferrothorn|77/100
|-unboost|p2a: Latios|spa|2
|
|-heal|p1a: Ferrothorn|83/100|[from] item: Leftovers
|upkeep
|turn|3
|
|t:|1705764121
|switch|p2a: Tornadus|Tornadus, M|100/100
|move|p1a: Ferrothorn|Stealth Rock|p2a: Tornadus
|-sidestart|p2: irgendwasmitmeeem|move: Stealth Rock
|
|-heal|p1a: Ferrothorn|89/100|[from] item: Leftovers
|upkeep
|turn|4
|
|t:|1705764124
|move|p2a: Tornadus|Focus Blast|p1a: Ferrothorn
|-supereffective|p1a: Ferrothorn
|-damage|p1a: Ferrothorn|0 fnt
|faint|p1a: Ferrothorn
|
|upkeep
|
|t:|1705764127
|switch|p1a: Swampert|Swampert, M|100/100
|turn|5
|
|t:|1705764134
|switch|p2a: Starmie|Starmie|100/100
|-damage|p2a: Starmie|88/100|[from] Stealth Rock
|move|p1a: Swampert|Ice Punch|p2a: Starmie
|-resisted|p2a: Starmie
|-damage|p2a: Starmie|60/100
|
|upkeep
|turn|6
|
|t:|1705764142
|switch|p1a: Scizor|Scizor, F|100/100
|move|p2a: Starmie|Rapid Spin|p1a: Scizor
|-resisted|p1a: Scizor
|-damage|p1a: Scizor|98/100
|-sideend|p2: irgendwasmitmeeem|Stealth Rock|[from] move: Rapid Spin|[of] p2a: Starmie
|
|upkeep
|turn|7
|
|t:|1705764145
|move|p1a: Scizor|U-turn|p2a: Starmie
|-supereffective|p2a: Starmie
|-damage|p2a: Starmie|0 fnt
|faint|p2a: Starmie
|
|t:|1705764151
|switch|p1a: Lucario|Lucario, M|100/100|[from] U-turn
|
|upkeep
|
|t:|1705764153
|switch|p2a: Politoed|Politoed, M, shiny|100/100
|-weather|RainDance|[from] ability: Drizzle|[of] p2a: Politoed
|turn|8
|
|t:|1705764156
|move|p1a: Lucario|Swords Dance|p1a: Lucario
|-boost|p1a: Lucario|atk|2
|move|p2a: Politoed|Scald|p1a: Lucario
|-enditem|p1a: Lucario|Focus Sash
|-damage|p1a: Lucario|1/100
|
|-weather|RainDance|[upkeep]
|upkeep
|turn|9
|
|t:|1705764169
|switch|p2a: Ferrothorn|Ferrothorn, M, shiny|100/100
|move|p1a: Lucario|Close Combat|p2a: Ferrothorn
|-supereffective|p2a: Ferrothorn
|-damage|p2a: Ferrothorn|0 fnt
|-unboost|p1a: Lucario|def|1
|-unboost|p1a: Lucario|spd|1
|-damage|p1a: Lucario|0 fnt|[from] ability: Iron Barbs|[of] p2a: Ferrothorn
|faint|p1a: Lucario
|faint|p2a: Ferrothorn
|
|-weather|RainDance|[upkeep]
|upkeep
|
|t:|1705764177
|switch|p1a: Swampert|Swampert, M|100/100
|switch|p2a: Keldeo|Keldeo|100/100
|turn|10
|
|t:|1705764181
|switch|p2a: Tornadus|Tornadus, M|100/100
|move|p1a: Swampert|Superpower|p2a: Tornadus
|-resisted|p2a: Tornadus
|-damage|p2a: Tornadus|56/100
|-unboost|p1a: Swampert|atk|1
|-unboost|p1a: Swampert|def|1
|
|-weather|RainDance|[upkeep]
|upkeep
|turn|11
|
|t:|1705764187
|move|p2a: Tornadus|Hurricane|p1a: Swampert
|-damage|p1a: Swampert|22/100
|-start|p1a: Swampert|confusion
|-activate|p1a: Swampert|confusion
|move|p1a: Swampert|Superpower|p2a: Tornadus
|-resisted|p2a: Tornadus
|-damage|p2a: Tornadus|24/100
|-unboost|p1a: Swampert|atk|1
|-unboost|p1a: Swampert|def|1
|
|-weather|RainDance|[upkeep]
|upkeep
|turn|12
|
|t:|1705764189
|move|p2a: Tornadus|Hurricane|p1a: Swampert
|-damage|p1a: Swampert|0 fnt
|faint|p1a: Swampert
|
|-weather|RainDance|[upkeep]
|upkeep
|
|t:|1705764191
|switch|p1a: Scizor|Scizor, F|98/100
|turn|13
|
|t:|1705764193
|move|p1a: Scizor|Bullet Punch|p2a: Tornadus
|-damage|p2a: Tornadus|0 fnt
|faint|p2a: Tornadus
|
|-weather|RainDance|[upkeep]
|upkeep
|
|t:|1705764196
|switch|p2a: Politoed|Politoed, M, shiny|100/100
|turn|14
|
|t:|1705764198
|switch|p1a: Garchomp|Garchomp, M|100/100
|move|p2a: Politoed|Scald|p1a: Garchomp
|-damage|p1a: Garchomp|10/100
|
|-weather|RainDance|[upkeep]
|upkeep
|turn|15
|
|t:|1705764201
|move|p1a: Garchomp|Outrage|p2a: Politoed
|-damage|p2a: Politoed|15/100
|move|p2a: Politoed|Scald|p1a: Garchomp
|-damage|p1a: Garchomp|0 fnt
|faint|p1a: Garchomp
|
|-weather|RainDance|[upkeep]
|upkeep
|
|t:|1705764204
|switch|p1a: Scizor|Scizor, F|98/100
|turn|16
|
|t:|1705764206
|move|p1a: Scizor|Bug Bite|p2a: Politoed
|-damage|p2a: Politoed|0 fnt
|faint|p2a: Politoed
|
|-weather|RainDance|[upkeep]
|upkeep
|
|t:|1705764208
|switch|p2a: Keldeo|Keldeo|100/100
|turn|17
|
|t:|1705764209
|move|p2a: Keldeo|Surf|p1a: Scizor
|-damage|p1a: Scizor|0 fnt
|faint|p1a: Scizor
|
|win|irgendwasmitmeeem
|raw|PowerlessMan's rating: 1311 &rarr; <strong>1302</strong><br />(-9 for losing)
|raw|irgendwasmitmeeem's rating: 1531 &rarr; <strong>1540</strong><br />(+9 for winning)
|l|☆PowerlessMan
|player|p1|
