|j|☆Mamoswine247
|j|☆Killcroc
|player|p1|Mamoswine247|cynthia-gen4|1528
|player|p2|Killcroc|clair|1358
|teamsize|p1|6
|teamsize|p2|6
|gametype|singles
|gen|5
|tier|[Gen 5] OU
|rated|
|clearpoke
|poke|p1|Garchomp, M|item
|poke|p1|Dragonite, M|item
|poke|p1|Starmie|item
|poke|p1|Scizor, M|item
|poke|p1|Breloom, M|item
|poke|p1|Alakazam, M|item
|poke|p2|Tyranitar, F|item
|poke|p2|Ferrothorn, F|item
|poke|p2|Landorus-Therian, M|item
|poke|p2|Latios, M|item
|poke|p2|Keldeo|item
|poke|p2|Heatran, M|item
|rule|Species Clause: Limit one of each Pokémon
|rule|OHKO Clause: OHKO moves are banned
|rule|Moody Clause: Moody is banned
|rule|Evasion Moves Clause: Evasion moves are banned
|rule|Endless Battle Clause: Forcing endless battles is banned
|rule|HP Percentage Mod: HP is shown in percentages
|rule|Evasion Abilities Clause: Evasion abilities are banned
|rule|Baton Pass Clause: Limit one Baton Passer, can't pass Spe and other stats simultaneously
|rule|Sleep Clause: Sleep-inducing moves are banned
|rule|Swagger Clause: Swagger is banned
|teampreview
|inactive|Battle timer is ON: inactive players will automatically lose when time's up. (requested by Mamoswine247)
|
|start
|switch|p1a: Brando|Breloom, M, shiny|100/100
|switch|p2a: Landorus|Landorus-Therian, M|100/100
|-ability|p2a: Landorus|Intimidate|boost
|-unboost|p1a: Brando|atk|1
|turn|1
|
|move|p2a: Landorus|U-turn|p1a: Brando
|-damage|p1a: Brando|55/100
|
|switch|p2a: Ferrothorn|Ferrothorn, F|100/100|[from]move: U-turn
|move|p1a: Brando|Swords Dance|p1a: Brando
|-boost|p1a: Brando|atk|2
|
|upkeep
|turn|2
|
|switch|p2a: Landorus|Landorus-Therian, M|100/100
|-ability|p2a: Landorus|Intimidate|boost
|-unboost|p1a: Brando|atk|1
|move|p1a: Brando|Low Sweep|p2a: Landorus
|-resisted|p2a: Landorus
|-damage|p2a: Landorus|73/100
|-unboost|p2a: Landorus|spe|1
|
|upkeep
|turn|3
|
|move|p2a: Landorus|U-turn|p1a: Brando
|-damage|p1a: Brando|6/100
|
|switch|p2a: Ferrothorn|Ferrothorn, F|100/100|[from]move: U-turn
|move|p1a: Brando|Swords Dance|p1a: Brando
|-boost|p1a: Brando|atk|2
|
|upkeep
|turn|4
|
|move|p1a: Brando|Low Sweep|p2a: Ferrothorn
|-supereffective|p2a: Ferrothorn
|-damage|p2a: Ferrothorn|0 fnt
|-damage|p1a: Brando|0 fnt|[from] ability: Iron Barbs|[of] p2a: Ferrothorn
|faint|p1a: Brando
|faint|p2a: Ferrothorn
|
|upkeep
|
|switch|p1a: Pimpnite|Dragonite, M|100/100
|switch|p2a: Latios|Latios, M|100/100
|turn|5
|
|move|p2a: Latios|Draco Meteor|p1a: Pimpnite
|-supereffective|p1a: Pimpnite
|-damage|p1a: Pimpnite|0 fnt
|-unboost|p2a: Latios|spa|2
|faint|p1a: Pimpnite
|
|upkeep
|
|switch|p1a: Crimson|Scizor, M|100/100
|turn|6
|
|switch|p2a: Landorus|Landorus-Therian, M|73/100
|-ability|p2a: Landorus|Intimidate|boost
|-unboost|p1a: Crimson|atk|1
|move|p1a: Crimson|Superpower|p2a: Landorus
|-resisted|p2a: Landorus
|-damage|p2a: Landorus|50/100
|-unboost|p1a: Crimson|atk|1
|-unboost|p1a: Crimson|def|1
|-damage|p1a: Crimson|91/100|[from] item: Life Orb
|
|upkeep
|turn|7
|
|move|p2a: Landorus|Earthquake|p1a: Crimson
|-damage|p1a: Crimson|0 fnt
|faint|p1a: Crimson
|
|upkeep
|-message|Mamoswine247 forfeited.
|
|win|Killcroc
|l|☆Mamoswine247
|raw|Mamoswine247's rating: 1529 &rarr; <strong>1500</strong><br />(-29 for losing)
|raw|Killcroc's rating: 1358 &rarr; <strong>1387</strong><br />(+29 for winning)
