|j|☆the pirate97
|j|☆Kidogo
|player|p1|the pirate97|1
|player|p2|Kidogo|2
|teamsize|p1|6
|teamsize|p2|6
|gametype|singles
|gen|5
|tier|[Gen 5] OU
|rated|
|rule|Sleep Clause Mod: Limit one foe put to sleep
|rule|Species Clause: Limit one of each Pokémon
|rule|OHKO Clause: OHKO moves are banned
|rule|Moody Clause: Moody is banned
|rule|Evasion Moves Clause: Evasion moves are banned
|rule|Endless Battle Clause: Forcing endless battles is banned
|rule|HP Percentage Mod: HP is shown in percentages
|rule|Evasion Abilities Clause: Evasion abilities are banned
|rule|Baton Pass Clause: Limit one Baton Passer, can't pass Spe and other stats simultaneously
|rule|Swagger Clause: Swagger is banned
|clearpoke
|poke|p1|Combusken, M|item
|poke|p1|Espeon, F|item
|poke|p1|Thundurus-Therian, M|item
|poke|p1|Azelf|item
|poke|p1|Breloom, M|item
|poke|p1|Jirachi|item
|poke|p2|Politoed, F|item
|poke|p2|Quagsire, M|item
|poke|p2|Dragonite, M|item
|poke|p2|Chansey, F|item
|poke|p2|Tentacruel, M|item
|poke|p2|Ferrothorn, F|item
|teampreview
|inactive|Battle timer is ON: inactive players will automatically lose when time's up. (requested by the pirate97)
|inactive|the pirate97 has 135 seconds left.
|inactive|Kidogo has 135 seconds left.
|
|start
|switch|p1a: Breloom|Breloom, M|100/100
|switch|p2a: Politoed|Politoed, F|100/100
|-weather|RainDance|[from] ability: Drizzle|[of] p2a: Politoed
|turn|1
|inactive|Kidogo has 135 seconds left.
|c|☆the pirate97|your team is fucking crust
|
|move|p1a: Breloom|Bullet Seed|p2a: Politoed
|-supereffective|p2a: Politoed
|-damage|p2a: Politoed|54/100
|-supereffective|p2a: Politoed
|-damage|p2a: Politoed|4/100
|-supereffective|p2a: Politoed
|-damage|p2a: Politoed|0 fnt
|-hitcount|p2a: Politoed|3
|-damage|p1a: Breloom|91/100|[from] item: Life Orb
|faint|p2a: Politoed
|
|-weather|RainDance|[upkeep]
|upkeep
|c|☆the pirate97|i respect it
|c|☆the pirate97|some 2012 shit
|
|switch|p2a: Dragonite|Dragonite, M|100/100
|turn|2
|inactive|the pirate97 has 135 seconds left.
|
|switch|p1a: Jirachi|Jirachi|100/100
|move|p2a: Dragonite|Hurricane|p1a: Jirachi
|-resisted|p1a: Jirachi
|-damage|p1a: Jirachi|83/100
|-start|p1a: Jirachi|confusion
|
|-weather|RainDance|[upkeep]
|upkeep
|turn|3
|j| JPedro9600
|inactive|Kidogo has 135 seconds left.
|l| JPedro9600
|
|switch|p2a: Chansey|Chansey, F|100/100
|-activate|p1a: Jirachi|confusion
|-damage|p1a: Jirachi|73/100|[from] confusion
|
|-weather|RainDance|[upkeep]
|upkeep
|turn|4
|inactive|the pirate97 has 135 seconds left.
|j| Dayanne or Mavis
|inactive|the pirate97 has 120 seconds left.
|
|switch|p1a: Espeon|Espeon, F|100/100
|move|p2a: Chansey|Stealth Rock|p1a: Espeon
|move|p1a: Espeon|Stealth Rock|p2a: Chansey|[from]Magic Bounce
|-sidestart|p2: Kidogo|move: Stealth Rock
|
|-weather|RainDance|[upkeep]
|upkeep
|turn|5
|
|move|p1a: Espeon|Calm Mind|p1a: Espeon
|-boost|p1a: Espeon|spa|1
|-boost|p1a: Espeon|spd|1
|move|p2a: Chansey|Stealth Rock|p1a: Espeon
|move|p1a: Espeon|Stealth Rock|p2a: Chansey|[from]Magic Bounce
|-fail|p1a: Espeon
|
|-weather|RainDance|[upkeep]
|upkeep
|turn|6
|
|move|p1a: Espeon|Calm Mind|p1a: Espeon
|-boost|p1a: Espeon|spa|1
|-boost|p1a: Espeon|spd|1
|move|p2a: Chansey|Seismic Toss|p1a: Espeon
|-damage|p1a: Espeon|70/100
|
|-weather|RainDance|[upkeep]
|-heal|p1a: Espeon|76/100|[from] item: Leftovers
|upkeep
|turn|7
|
|switch|p1a: Breloom|Breloom, M|91/100
|move|p2a: Chansey|Stealth Rock|p1a: Breloom
|-sidestart|p1: the pirate97|move: Stealth Rock
|
|-weather|RainDance|[upkeep]
|upkeep
|turn|8
|inactive|Kidogo has 135 seconds left.
|inactive|Kidogo has 120 seconds left.
|
|switch|p2a: Ferrothorn|Ferrothorn, F|100/100
|-damage|p2a: Ferrothorn|94/100|[from] Stealth Rock
|move|p1a: Breloom|Low Sweep|p2a: Ferrothorn
|-supereffective|p2a: Ferrothorn
|-damage|p2a: Ferrothorn|0 fnt
|-damage|p1a: Breloom|78/100|[from] ability: Iron Barbs|[of] p2a: Ferrothorn
|-damage|p1a: Breloom|69/100|[from] item: Life Orb
|faint|p2a: Ferrothorn
|
|-weather|RainDance|[upkeep]
|upkeep
|j| z0mOG
|
|switch|p2a: Tentacruel|Tentacruel, M|100/100
|-damage|p2a: Tentacruel|88/100|[from] Stealth Rock
|turn|9
|
|move|p2a: Tentacruel|Rapid Spin|p1a: Breloom
|-damage|p1a: Breloom|65/100
|-sideend|p2: Kidogo|Stealth Rock|[from] move: Rapid Spin|[of] p2a: Tentacruel
|move|p1a: Breloom|Spore|p2a: Tentacruel
|-status|p2a: Tentacruel|slp
|
|-weather|RainDance|[upkeep]
|-heal|p2a: Tentacruel|94/100 slp|[from] ability: Rain Dish
|-heal|p2a: Tentacruel|100/100 slp|[from] item: Black Sludge
|upkeep
|turn|10
|inactive|Kidogo has 135 seconds left.
|inactive|Kidogo has 120 seconds left.
|
|switch|p2a: Dragonite|Dragonite, M|100/100
|switch|p1a: Azelf|Azelf|100/100
|-damage|p1a: Azelf|88/100|[from] Stealth Rock
|
|-weather|RainDance|[upkeep]
|upkeep
|turn|11
|inactive|Kidogo has 135 seconds left.
|
|move|p1a: Azelf|Stealth Rock|p2a: Dragonite
|-sidestart|p2: Kidogo|move: Stealth Rock
|move|p2a: Dragonite|Dragon Tail|p1a: Azelf
|-damage|p1a: Azelf|49/100
|drag|p1a: Thundurus|Thundurus-Therian, M|100/100
|-damage|p1a: Thundurus|76/100|[from] Stealth Rock
|
|-weather|RainDance|[upkeep]
|-heal|p1a: Thundurus|82/100|[from] item: Leftovers
|upkeep
|turn|12
|inactive|Kidogo has 135 seconds left.
|inactive|Kidogo has 120 seconds left.
|
|move|p1a: Thundurus|Hidden Power|p2a: Dragonite
|-supereffective|p2a: Dragonite
|-damage|p2a: Dragonite|53/100
|move|p2a: Dragonite|Dragon Tail|p1a: Thundurus
|-damage|p1a: Thundurus|47/100
|drag|p1a: Azelf|Azelf|49/100
|-damage|p1a: Azelf|37/100|[from] Stealth Rock
|
|-weather|RainDance|[upkeep]
|-heal|p2a: Dragonite|59/100|[from] item: Leftovers
|upkeep
|turn|13
|j| yjh971203
|inactive|Kidogo has 135 seconds left.
|l| yjh971203
|inactive|Kidogo has 120 seconds left.
|
|move|p1a: Azelf|Explosion|p2a: Dragonite
|-damage|p2a: Dragonite|0 fnt
|faint|p1a: Azelf
|faint|p2a: Dragonite
|
|-weather|RainDance|[upkeep]
|upkeep
|inactive|Kidogo has 120 seconds left.
|inactive|Kidogo has 105 seconds left.
|c| z0mOG|Kidogo did blightbringer build that team
|-message|Kidogo forfeited.
|
|win|the pirate97
|l|☆Kidogo
|raw|the pirate97's rating: 1501 &rarr; <strong>1516</strong><br />(+15 for winning)
|raw|Kidogo's rating: 1421 &rarr; <strong>1405</strong><br />(-16 for losing)
|c|☆the pirate97|LMAO
|l| z0mOG
|l|☆the pirate97
