|j|☆Chimp34
|j|☆tokiiiiiiii
|player|p1|Chimp34|226
|player|p2|tokiiiiiiii|170
|teamsize|p1|6
|teamsize|p2|6
|gametype|singles
|gen|5
|tier|[Gen 5] OU
|rated|
|rule|Sleep Clause Mod: Limit one foe put to sleep
|rule|Species Clause: Limit one of each Pokémon
|rule|OHKO Clause: OHKO moves are banned
|rule|Moody Clause: Moody is banned
|rule|Evasion Moves Clause: Evasion moves are banned
|rule|Endless Battle Clause: Forcing endless battles is banned
|rule|HP Percentage Mod: HP is shown in percentages
|rule|Evasion Abilities Clause: Evasion abilities are banned
|rule|Baton Pass Clause: Limit one Baton Passer, can't pass Spe and other stats simultaneously
|rule|Swagger Clause: Swagger is banned
|clearpoke
|poke|p1|Landorus-Therian, M|item
|poke|p1|Terrakion|item
|poke|p1|Metagross|item
|poke|p1|Tyranitar, F|item
|poke|p1|Latios, M|item
|poke|p1|Alakazam, M|item
|poke|p2|Ninetales, F|item
|poke|p2|Volcarona, F|item
|poke|p2|Haxorus, M|item
|poke|p2|Breloom, M|item
|poke|p2|Donphan, M|item
|poke|p2|Jirachi|item
|teampreview
|c|☆tokiiiiiiii|gl hf
|c|☆Chimp34|likewise
|
|start
|switch|p1a: Metagross|Metagross|100/100
|switch|p2a: Breloom|Breloom, M|100/100
|turn|1
|
|switch|p1a: Alakazam|Alakazam, M|100/100
|move|p2a: Breloom|Spore|p1a: Alakazam
|-status|p1a: Alakazam|slp
|
|upkeep
|turn|2
|
|switch|p1a: Landorus|Landorus-Therian, M|100/100
|-ability|p1a: Landorus|Intimidate|boost
|-unboost|p2a: Breloom|atk|1
|move|p2a: Breloom|Bullet Seed|p1a: Landorus
|-damage|p1a: Landorus|80/100
|-damage|p1a: Landorus|60/100
|-hitcount|p1a: Landorus|2
|-damage|p2a: Breloom|91/100|[from] item: Life Orb
|
|upkeep
|turn|3
|
|move|p1a: Landorus|U-turn|p2a: Breloom
|-damage|p2a: Breloom|52/100
|
|switch|p1a: Metagross|Metagross|100/100
|move|p2a: Breloom|Bullet Seed|p1a: Metagross
|-resisted|p1a: Metagross
|-damage|p1a: Metagross|93/100
|-resisted|p1a: Metagross
|-damage|p1a: Metagross|86/100
|-resisted|p1a: Metagross
|-damage|p1a: Metagross|79/100
|-hitcount|p1a: Metagross|3
|-damage|p2a: Breloom|42/100|[from] item: Life Orb
|
|upkeep
|turn|4
|
|-singleturn|p2a: Breloom|move: Focus Punch
|move|p1a: Metagross|Stealth Rock|p2a: Breloom
|-sidestart|p2: tokiiiiiiii|move: Stealth Rock
|move|p2a: Breloom|Focus Punch|p1a: Metagross
|-damage|p1a: Metagross|23/100
|-damage|p2a: Breloom|32/100|[from] item: Life Orb
|
|upkeep
|turn|5
|
|move|p2a: Breloom|Mach Punch|p1a: Metagross
|-damage|p1a: Metagross|1/100
|-damage|p2a: Breloom|22/100|[from] item: Life Orb
|move|p1a: Metagross|Ice Punch|p2a: Breloom
|-supereffective|p2a: Breloom
|-damage|p2a: Breloom|0 fnt
|faint|p2a: Breloom
|
|upkeep
|
|switch|p2a: Donphan|Donphan, M|100/100
|-damage|p2a: Donphan|94/100|[from] Stealth Rock
|turn|6
|
|move|p1a: Metagross|Explosion|p2a: Donphan
|-enditem|p1a: Metagross|Normal Gem|[from] gem|[move] Explosion
|-damage|p2a: Donphan|8/100
|faint|p1a: Metagross
|move|p2a: Donphan|Rapid Spin|p1: Metagross|[notarget]
|-notarget
|
|-heal|p2a: Donphan|15/100|[from] item: Leftovers
|upkeep
|c|☆tokiiiiiiii|good one
|c|☆Chimp34|XD
|
|switch|p1a: Terrakion|Terrakion|100/100
|turn|7
|
|move|p1a: Terrakion|Close Combat|p2a: Donphan
|-damage|p2a: Donphan|0 fnt
|-unboost|p1a: Terrakion|def|1
|-unboost|p1a: Terrakion|spd|1
|-damage|p1a: Terrakion|91/100|[from] item: Life Orb
|faint|p2a: Donphan
|
|upkeep
|
|switch|p2a: Jirachi|Jirachi|100/100
|-damage|p2a: Jirachi|94/100|[from] Stealth Rock
|turn|8
|
|switch|p1a: Alakazam|Alakazam, M|100/100 slp
|move|p2a: Jirachi|Flash Cannon|p1a: Alakazam
|-damage|p1a: Alakazam|41/100 slp
|
|-heal|p2a: Jirachi|100/100|[from] item: Leftovers
|upkeep
|turn|9
|
|switch|p2a: Haxorus|Haxorus, M|100/100
|-damage|p2a: Haxorus|88/100|[from] Stealth Rock
|-ability|p2a: Haxorus|Mold Breaker
|cant|p1a: Alakazam|slp
|
|upkeep
|turn|10
|
|switch|p1a: Landorus|Landorus-Therian, M|60/100
|-ability|p1a: Landorus|Intimidate|boost
|-unboost|p2a: Haxorus|atk|1
|move|p2a: Haxorus|Dragon Dance|p2a: Haxorus
|-boost|p2a: Haxorus|atk|1
|-boost|p2a: Haxorus|spe|1
|
|upkeep
|turn|11
|
|move|p1a: Landorus|U-turn|p2a: Haxorus
|-damage|p2a: Haxorus|53/100
|
|switch|p1a: Alakazam|Alakazam, M|41/100 slp
|move|p2a: Haxorus|Dragon Dance|p2a: Haxorus
|-boost|p2a: Haxorus|atk|1
|-boost|p2a: Haxorus|spe|1
|
|upkeep
|turn|12
|
|switch|p1a: Landorus|Landorus-Therian, M|60/100
|-ability|p1a: Landorus|Intimidate|boost
|-unboost|p2a: Haxorus|atk|1
|move|p2a: Haxorus|Earthquake|p1a: Landorus
|-immune|p1a: Landorus|[msg]
|
|upkeep
|turn|13
|
|switch|p1a: Tyranitar|Tyranitar, F|100/100
|-weather|Sandstorm|[from] ability: Sand Stream|[of] p1a: Tyranitar
|move|p2a: Haxorus|Outrage|p1a: Tyranitar
|-damage|p1a: Tyranitar|30/100
|
|-weather|Sandstorm|[upkeep]
|-damage|p2a: Haxorus|46/100|[from] Sandstorm
|upkeep
|turn|14
|
|switch|p1a: Alakazam|Alakazam, M|41/100 slp
|move|p2a: Haxorus|Outrage|p1a: Alakazam|[from]lockedmove
|-damage|p1a: Alakazam|0 fnt
|-start|p2a: Haxorus|confusion|[fatigue]
|faint|p1a: Alakazam
|-enditem|p2a: Haxorus|Lum Berry|[eat]
|-end|p2a: Haxorus|confusion
|
|-weather|Sandstorm|[upkeep]
|-damage|p2a: Haxorus|40/100|[from] Sandstorm
|upkeep
|
|switch|p1a: Landorus|Landorus-Therian, M|60/100
|-ability|p1a: Landorus|Intimidate|boost
|-unboost|p2a: Haxorus|atk|1
|turn|15
|
|move|p2a: Haxorus|Outrage|p1a: Landorus
|-damage|p1a: Landorus|0 fnt
|faint|p1a: Landorus
|
|-weather|Sandstorm|[upkeep]
|-damage|p2a: Haxorus|34/100|[from] Sandstorm
|upkeep
|
|switch|p1a: Terrakion|Terrakion|91/100
|turn|16
|
|move|p2a: Haxorus|Outrage|p1a: Terrakion|[from]lockedmove
|-damage|p1a: Terrakion|31/100
|move|p1a: Terrakion|Close Combat|p2a: Haxorus
|-damage|p2a: Haxorus|0 fnt
|-unboost|p1a: Terrakion|def|1
|-unboost|p1a: Terrakion|spd|1
|-damage|p1a: Terrakion|21/100|[from] item: Life Orb
|faint|p2a: Haxorus
|
|-weather|Sandstorm|[upkeep]
|upkeep
|c|☆Chimp34|i really didn't think that outrage was gonna kill lando
|
|switch|p2a: Volcarona|Volcarona, F|100/100
|-damage|p2a: Volcarona|51/100|[from] Stealth Rock
|turn|17
|c|☆Chimp34|that's a big problem rip
|
|move|p1a: Terrakion|Stone Edge|p2a: Volcarona|[miss]
|-miss|p1a: Terrakion|p2a: Volcarona
|move|p2a: Volcarona|Bug Buzz|p1a: Terrakion
|-resisted|p1a: Terrakion
|-damage|p1a: Terrakion|0 fnt
|faint|p1a: Terrakion
|
|-weather|Sandstorm|[upkeep]
|-damage|p2a: Volcarona|45/100|[from] Sandstorm
|upkeep
|
|switch|p1a: Latios|Latios, M|100/100
|turn|18
|j| Badl
|c|☆tokiiiiiiii|sorry
|l| Badl
|
|move|p1a: Latios|Surf|p2a: Volcarona
|-supereffective|p2a: Volcarona
|-damage|p2a: Volcarona|0 fnt
|-damage|p1a: Latios|91/100|[from] item: Life Orb
|faint|p2a: Volcarona
|
|-weather|Sandstorm|[upkeep]
|-damage|p1a: Latios|85/100|[from] Sandstorm
|upkeep
|c|☆Chimp34|its fine
|
|switch|p2a: Jirachi|Jirachi|100/100
|-damage|p2a: Jirachi|94/100|[from] Stealth Rock
|turn|19
|
|move|p1a: Latios|Hidden Power|p2a: Jirachi
|-supereffective|p2a: Jirachi
|-crit|p2a: Jirachi
|-damage|p2a: Jirachi|0 fnt
|-damage|p1a: Latios|75/100|[from] item: Life Orb
|faint|p2a: Jirachi
|
|-weather|Sandstorm|[upkeep]
|-damage|p1a: Latios|69/100|[from] Sandstorm
|upkeep
|c|☆Chimp34|oh
|c|☆Chimp34|or that
|
|switch|p2a: Ninetales|Ninetales, F|100/100
|-damage|p2a: Ninetales|76/100|[from] Stealth Rock
|-weather|SunnyDay|[from] ability: Drought|[of] p2a: Ninetales
|turn|20
|c|☆tokiiiiiiii|what hp was that?
|c|☆tokiiiiiiii|damn
|c|☆Chimp34|steel
|c|☆Chimp34|:P
|c|☆Chimp34|jkjk fire
|c|☆tokiiiiiiii|Of course
|c|☆tokiiiiiiii|HP God
|
|switch|p1a: Tyranitar|Tyranitar, F|30/100
|-weather|Sandstorm|[from] ability: Sand Stream|[of] p1a: Tyranitar
|move|p2a: Ninetales|Hidden Power|p1a: Tyranitar
|-damage|p1a: Tyranitar|19/100
|
|-weather|Sandstorm|[upkeep]
|-damage|p2a: Ninetales|70/100|[from] Sandstorm
|upkeep
|turn|21
|c|☆Chimp34|yus
|
|move|p2a: Ninetales|Fire Blast|p1a: Tyranitar
|-resisted|p1a: Tyranitar
|-damage|p1a: Tyranitar|6/100
|move|p1a: Tyranitar|Crunch|p2a: Ninetales
|-damage|p2a: Ninetales|0 fnt
|faint|p2a: Ninetales
|
|win|Chimp34
|raw|Chimp34's rating: 1453 &rarr; <strong>1466</strong><br />(+13 for winning)
|raw|tokiiiiiiii's rating: 1314 &rarr; <strong>1301</strong><br />(-13 for losing)
|c|☆tokiiiiiiii|gg
|c|☆Chimp34|gg
