|j|☆Blaise BWOU
|j|☆HANMA JACK
|t:|1735138990
|gametype|singles
|player|p1|Blaise BWOU|n|1305
|player|p2|HANMA JACK|169|1643
|teamsize|p1|6
|teamsize|p2|6
|gen|5
|tier|[Gen 5] OU
|rated|
|rule|Species Clause: Limit one of each Pokémon
|rule|OHKO Clause: OHKO moves are banned
|rule|Moody Clause: Moody is banned
|rule|Evasion Items Clause: Evasion items are banned
|rule|Evasion Moves Clause: Evasion moves are banned
|rule|Endless Battle Clause: Forcing endless battles is banned
|rule|HP Percentage Mod: HP is shown in percentages
|rule|Evasion Abilities Clause: Evasion abilities are banned
|rule|Sleep Moves Clause: Sleep-inducing moves are banned
|rule|Swagger Clause: Swagger is banned
|rule|Baton Pass Stat Clause: No Baton Passer may have a way to boost its stats
|clearpoke
|poke|p1|Latios, M|item
|poke|p1|Scizor, F|item
|poke|p1|Magnezone|item
|poke|p1|Lombre, M|item
|poke|p1|Ludicolo, M|item
|poke|p1|Ditto|item
|poke|p2|Abomasnow, F|item
|poke|p2|Landorus-Therian, M|item
|poke|p2|Starmie|item
|poke|p2|Mamoswine, M|item
|poke|p2|Scizor, M|item
|poke|p2|Salamence, M|item
|teampreview
|c|☆HANMA JACK|gl hf
|c|☆Blaise BWOU|hi thx u2
|c|☆Blaise BWOU|what is your ladder rank ?
|
|t:|1735139042
|start
|switch|p1a: Scizor|Scizor, F|100/100
|switch|p2a: Landorus|Landorus-Therian, M|100/100
|-ability|p2a: Landorus|Intimidate|boost
|-unboost|p1a: Scizor|atk|1
|turn|1
|c|☆HANMA JACK|well, i havent used this account for a while, but when my glicko confidence drops below 100 i will be #1
|
|t:|1735139061
|move|p2a: Landorus|Stealth Rock|p1a: Scizor
|-sidestart|p1: Blaise BWOU|move: Stealth Rock
|move|p1a: Scizor|Swords Dance|p1a: Scizor
|-boost|p1a: Scizor|atk|2
|
|upkeep
|turn|2
|c|☆Blaise BWOU|wow cool
|
|t:|1735139092
|move|p2a: Landorus|Earthquake|p1a: Scizor
|-damage|p1a: Scizor|31/100
|move|p1a: Scizor|Swords Dance|p1a: Scizor
|-boost|p1a: Scizor|atk|2
|
|upkeep
|turn|3
|
|t:|1735139095
|move|p1a: Scizor|Bullet Punch|p2a: Landorus
|-enditem|p2a: Landorus|Focus Sash
|-damage|p2a: Landorus|1/100
|-damage|p1a: Scizor|21/100|[from] item: Life Orb
|move|p2a: Landorus|Earthquake|p1a: Scizor
|-damage|p1a: Scizor|0 fnt
|faint|p1a: Scizor
|
|upkeep
|
|t:|1735139113
|switch|p1a: Ditto|Ditto|100/100
|-damage|p1a: Ditto|88/100|[from] Stealth Rock
|-transform|p1a: Ditto|p2a: Landorus|[from] ability: Imposter
|-ability|p1a: Ditto|Intimidate|boost
|-unboost|p2a: Landorus|atk|1
|turn|4
|
|t:|1735139130
|switch|p2a: Starmie|Starmie|100/100
|-item|p2a: Starmie|Air Balloon
|move|p1a: Ditto|Imprison|p1a: Ditto
|-start|p1a: Ditto|move: Imprison
|
|upkeep
|turn|5
|
|t:|1735139140
|switch|p1a: Mister B jr|Lombre, M|100/100
|-damage|p1a: Mister B jr|88/100|[from] Stealth Rock
|move|p2a: Starmie|Hydro Pump|p1a: Mister B jr|[miss]
|-miss|p2a: Starmie|p1a: Mister B jr
|
|upkeep
|turn|6
|
|t:|1735139151
|move|p2a: Starmie|Thunder|p1a: Mister B jr
|-damage|p1a: Mister B jr|38/100
|move|p1a: Mister B jr|Leech Seed|p2a: Starmie|[miss]
|-miss|p1a: Mister B jr|p2a: Starmie
|
|upkeep
|turn|7
|
|t:|1735139158
|move|p2a: Starmie|Thunder|p1a: Mister B jr|[miss]
|-miss|p2a: Starmie|p1a: Mister B jr
|move|p1a: Mister B jr|Rain Dance|p1a: Mister B jr
|-weather|RainDance
|
|-weather|RainDance|[upkeep]
|-heal|p1a: Mister B jr|45/100|[from] ability: Rain Dish
|upkeep
|turn|8
|
|t:|1735139161
|switch|p2a: Abomasnow|Abomasnow, F|100/100
|-weather|Hail|[from] ability: Snow Warning|[of] p2a: Abomasnow
|move|p1a: Mister B jr|Leech Seed|p2a: Abomasnow
|-immune|p2a: Abomasnow
|
|-weather|Hail|[upkeep]
|-damage|p1a: Mister B jr|38/100|[from] Hail
|upkeep
|turn|9
|
|t:|1735139164
|move|p2a: Abomasnow|Blizzard|p1a: Mister B jr
|-damage|p1a: Mister B jr|0 fnt
|faint|p1a: Mister B jr
|
|-weather|Hail|[upkeep]
|upkeep
|
|t:|1735139167
|switch|p1a: Bip Bip|Latios, M|100/100
|-damage|p1a: Bip Bip|88/100|[from] Stealth Rock
|turn|10
|
|t:|1735139175
|move|p1a: Bip Bip|Hidden Power|p2a: Abomasnow
|-supereffective|p2a: Abomasnow
|-enditem|p2a: Abomasnow|Focus Sash
|-damage|p2a: Abomasnow|1/100
|move|p2a: Abomasnow|Blizzard|p1a: Bip Bip
|-supereffective|p1a: Bip Bip
|-damage|p1a: Bip Bip|0 fnt
|faint|p1a: Bip Bip
|
|-weather|Hail|[upkeep]
|upkeep
|
|t:|1735139185
|switch|p1a: Ditto|Ditto|88/100
|-damage|p1a: Ditto|76/100|[from] Stealth Rock
|-transform|p1a: Ditto|p2a: Abomasnow|[from] ability: Imposter
|turn|11
|j| HydreigonSpammer
|
|t:|1735139194
|switch|p2a: Landorus|Landorus-Therian, M|1/100
|-ability|p2a: Landorus|Intimidate|boost
|-unboost|p1a: Ditto|atk|1
|move|p1a: Ditto|Blizzard|p2a: Landorus
|-supereffective|p2a: Landorus
|-crit|p2a: Landorus
|-damage|p2a: Landorus|0 fnt
|faint|p2a: Landorus
|
|-weather|Hail|[upkeep]
|upkeep
|
|t:|1735139208
|switch|p2a: Scizor|Scizor, M|100/100
|turn|12
|
|t:|1735139212
|move|p1a: Ditto|Blizzard|p2a: Scizor
|-resisted|p2a: Scizor
|-damage|p2a: Scizor|59/100
|move|p2a: Scizor|Superpower|p1a: Ditto
|-supereffective|p1a: Ditto
|-damage|p1a: Ditto|0 fnt
|-unboost|p2a: Scizor|atk|1
|-unboost|p2a: Scizor|def|1
|faint|p1a: Ditto
|
|-weather|Hail|[upkeep]
|-damage|p2a: Scizor|53/100|[from] Hail
|-heal|p2a: Scizor|59/100|[from] item: Leftovers
|upkeep
|
|t:|1735139219
|switch|p1a: Mister B|Ludicolo, M|100/100
|-damage|p1a: Mister B|88/100|[from] Stealth Rock
|turn|13
|
|t:|1735139224
|move|p1a: Mister B|Swords Dance|p1a: Mister B
|-boost|p1a: Mister B|atk|2
|move|p2a: Scizor|Superpower|p1a: Mister B
|-damage|p1a: Mister B|40/100
|-unboost|p2a: Scizor|atk|1
|-unboost|p2a: Scizor|def|1
|
|-weather|Hail|[upkeep]
|-damage|p1a: Mister B|34/100|[from] Hail
|-damage|p2a: Scizor|53/100|[from] Hail
|-heal|p2a: Scizor|59/100|[from] item: Leftovers
|upkeep
|turn|14
|
|t:|1735139227
|switch|p2a: Abomasnow|Abomasnow, F|1/100
|move|p1a: Mister B|Waterfall|p2a: Abomasnow
|-resisted|p2a: Abomasnow
|-damage|p2a: Abomasnow|0 fnt
|faint|p2a: Abomasnow
|-damage|p1a: Mister B|24/100|[from] item: Life Orb
|
|-weather|Hail|[upkeep]
|-damage|p1a: Mister B|18/100|[from] Hail
|upkeep
|
|t:|1735139231
|switch|p2a: Mamoswine|Mamoswine, M|100/100
|turn|15
|
|t:|1735139234
|move|p2a: Mamoswine|Ice Shard|p1a: Mister B
|-damage|p1a: Mister B|0 fnt
|faint|p1a: Mister B
|
|-weather|Hail|[upkeep]
|upkeep
|
|t:|1735139236
|switch|p1a: Area B|Magnezone, shiny|100/100
|-damage|p1a: Area B|94/100|[from] Stealth Rock
|turn|16
|
|t:|1735139238
|move|p2a: Mamoswine|Earthquake|p1a: Area B
|-supereffective|p1a: Area B
|-damage|p1a: Area B|0 fnt
|faint|p1a: Area B
|
|win|HANMA JACK
|raw|Blaise BWOU's rating: 1305 &rarr; <strong>1300</strong><br />(-5 for losing)
|raw|HANMA JACK's rating: 1643 &rarr; <strong>1648</strong><br />(+5 for winning)
|c|☆HANMA JACK|gg
|c|☆Blaise BWOU|gg
