|j|☆SPDsassmitimauto
|j|☆daddy_days2
|t:|1739628897
|gametype|singles
|player|p1|SPDsassmitimauto|266|1469
|player|p2|daddy_days2|hugh|1521
|teamsize|p1|6
|teamsize|p2|6
|gen|5
|tier|[Gen 5] OU
|rated|
|rule|Species Clause: Limit one of each Pokémon
|rule|OHKO Clause: OHKO moves are banned
|rule|Moody Clause: Moody is banned
|rule|Evasion Items Clause: Evasion items are banned
|rule|Evasion Moves Clause: Evasion moves are banned
|rule|Endless Battle Clause: Forcing endless battles is banned
|rule|HP Percentage Mod: HP is shown in percentages
|rule|Evasion Abilities Clause: Evasion abilities are banned
|rule|Sleep Moves Clause: Sleep-inducing moves are banned
|rule|Swagger Clause: Swagger is banned
|rule|Baton Pass Stat Clause: No Baton Passer may have a way to boost its stats
|clearpoke
|poke|p1|Politoed, F|item
|poke|p1|Starmie|item
|poke|p1|Keldeo|item
|poke|p1|Latios, M|item
|poke|p1|Tornadus, M|item
|poke|p1|Ferrothorn, M|item
|poke|p2|Kyurem-Black|item
|poke|p2|Garchomp, M|item
|poke|p2|Conkeldurr, F|item
|poke|p2|Starmie|item
|poke|p2|Bisharp, M|item
|poke|p2|Scyther, M|item
|teampreview
|inactive|Battle timer is ON: inactive players will automatically lose when time's up. (requested by SPDsassmitimauto)
|inactive|daddy_days2 has 120 seconds left.
|
|t:|1739629010
|start
|switch|p1a: Politoed|Politoed, F, shiny|100/100
|switch|p2a: Starlight|Starmie|100/100
|-weather|RainDance|[from] ability: Drizzle|[of] p1a: Politoed
|turn|1
|
|t:|1739629018
|switch|p1a: Ferrothorn|Ferrothorn, M|100/100
|move|p2a: Starlight|Thunder Wave|p1a: Ferrothorn
|-status|p1a: Ferrothorn|par
|
|-weather|RainDance|[upkeep]
|upkeep
|turn|2
|
|t:|1739629027
|switch|p2a: Shrekster|Conkeldurr, F|100/100
|move|p1a: Ferrothorn|Stealth Rock|p2a: Shrekster
|-sidestart|p2: daddy_days2|move: Stealth Rock
|
|-weather|RainDance|[upkeep]
|upkeep
|turn|3
|
|t:|1739629034
|switch|p1a: Starmie|Starmie|100/100
|move|p2a: Shrekster|Drain Punch|p1a: Starmie
|-resisted|p1a: Starmie
|-damage|p1a: Starmie|58/100
|
|-weather|RainDance|[upkeep]
|upkeep
|turn|4
|
|t:|1739629061
|switch|p2a: Starlight|Starmie|100/100
|-damage|p2a: Starlight|88/100|[from] Stealth Rock
|move|p1a: Starmie|Hydro Pump|p2a: Starlight
|-resisted|p2a: Starlight
|-damage|p2a: Starlight|3/100
|
|-weather|RainDance|[upkeep]
|-heal|p2a: Starlight|9/100|[from] item: Leftovers
|upkeep
|turn|5
|
|t:|1739629073
|switch|p1a: Ferrothorn|Ferrothorn, M|100/100 par
|move|p2a: Starlight|Rapid Spin|p1a: Ferrothorn
|-resisted|p1a: Ferrothorn
|-damage|p1a: Ferrothorn|99/100 par
|-damage|p2a: Starlight|0 fnt|[from] ability: Iron Barbs|[of] p1a: Ferrothorn
|faint|p2a: Starlight
|
|-weather|RainDance|[upkeep]
|-heal|p1a: Ferrothorn|100/100 par|[from] item: Leftovers
|upkeep
|inactive|daddy_days2 has 120 seconds left.
|
|t:|1739629086
|switch|p2a: Shrekster|Conkeldurr, F|100/100
|-damage|p2a: Shrekster|94/100|[from] Stealth Rock
|turn|6
|
|t:|1739629095
|switch|p1a: Starmie|Starmie|58/100
|move|p2a: Shrekster|Drain Punch|p1a: Starmie
|-resisted|p1a: Starmie
|-damage|p1a: Starmie|20/100
|-heal|p2a: Shrekster|100/100|[from] drain|[of] p1a: Starmie
|
|-weather|RainDance|[upkeep]
|upkeep
|turn|7
|
|t:|1739629105
|move|p2a: Shrekster|Mach Punch|p1a: Starmie
|-resisted|p1a: Starmie
|-damage|p1a: Starmie|0 fnt
|faint|p1a: Starmie
|
|-weather|RainDance|[upkeep]
|upkeep
|
|t:|1739629107
|switch|p1a: Tornadus|Tornadus, M|100/100
|turn|8
|
|t:|1739629130
|move|p2a: Shrekster|Mach Punch|p1a: Tornadus
|-resisted|p1a: Tornadus
|-damage|p1a: Tornadus|77/100
|move|p1a: Tornadus|Hurricane|p2a: Shrekster
|-supereffective|p2a: Shrekster
|-damage|p2a: Shrekster|0 fnt
|faint|p2a: Shrekster
|
|-weather|RainDance|[upkeep]
|upkeep
|inactive|daddy_days2 has 120 seconds left.
|
|t:|1739629145
|switch|p2a: Adolf|Bisharp, M|100/100
|-damage|p2a: Adolf|94/100|[from] Stealth Rock
|-item|p2a: Adolf|Air Balloon
|turn|9
|
|t:|1739629151
|move|p1a: Tornadus|Hurricane|p2a: Adolf
|-resisted|p2a: Adolf
|-damage|p2a: Adolf|37/100
|-enditem|p2a: Adolf|Air Balloon
|move|p2a: Adolf|Pursuit|p1a: Tornadus
|-damage|p1a: Tornadus|46/100
|
|-weather|RainDance|[upkeep]
|upkeep
|turn|10
|
|t:|1739629160
|switch|p1a: Keldeo|Keldeo|100/100
|move|p2a: Adolf|Sucker Punch||[still]
|-fail|p2a: Adolf
|
|-weather|RainDance|[upkeep]
|upkeep
|turn|11
|
|t:|1739629169
|move|p1a: Keldeo|Secret Sword|p2a: Adolf
|-supereffective|p2a: Adolf
|-damage|p2a: Adolf|0 fnt
|faint|p2a: Adolf
|
|-weather|RainDance|[upkeep]
|upkeep
|inactive|daddy_days2 has 120 seconds left.
|
|t:|1739629191
|switch|p2a: Painkiller|Garchomp, M|100/100
|-damage|p2a: Painkiller|94/100|[from] Stealth Rock
|turn|12
|
|t:|1739629198
|switch|p1a: Tornadus|Tornadus, M|46/100
|move|p2a: Painkiller|Stealth Rock|p1a: Tornadus
|-sidestart|p1: SPDsassmitimauto|move: Stealth Rock
|
|-weather|RainDance|[upkeep]
|upkeep
|turn|13
|
|t:|1739629205
|move|p1a: Tornadus|Hurricane|p2a: Painkiller
|-damage|p2a: Painkiller|3/100
|move|p2a: Painkiller|Dragon Tail|p1a: Tornadus
|-damage|p1a: Tornadus|9/100
|drag|p1a: Ferrothorn|Ferrothorn, M|100/100 par
|-damage|p1a: Ferrothorn|94/100 par|[from] Stealth Rock
|
|-weather|RainDance|[upkeep]
|-heal|p1a: Ferrothorn|100/100 par|[from] item: Leftovers
|upkeep
|turn|14
|
|t:|1739629218
|switch|p1a: Tornadus|Tornadus, M|9/100
|-damage|p1a: Tornadus|0 fnt|[from] Stealth Rock
|faint|p1a: Tornadus
|move|p2a: Painkiller|Earthquake|p1: Tornadus|[notarget]
|-fail|p2a: Painkiller
|
|-weather|RainDance|[upkeep]
|upkeep
|
|t:|1739629225
|switch|p1a: Keldeo|Keldeo|100/100
|-damage|p1a: Keldeo|94/100|[from] Stealth Rock
|turn|15
|
|t:|1739629230
|move|p1a: Keldeo|Secret Sword|p2a: Painkiller
|-damage|p2a: Painkiller|0 fnt
|faint|p2a: Painkiller
|
|-weather|RainDance|[upkeep]
|upkeep
|
|t:|1739629237
|switch|p2a: Blade|Scyther, M|100/100
|-damage|p2a: Blade|51/100|[from] Stealth Rock
|turn|16
|
|t:|1739629246
|switch|p1a: Politoed|Politoed, F, shiny|100/100
|-damage|p1a: Politoed|88/100|[from] Stealth Rock
|switch|p2a: Insane Dwayne|Kyurem-Black|100/100
|-damage|p2a: Insane Dwayne|76/100|[from] Stealth Rock
|-ability|p2a: Insane Dwayne|Teravolt
|
|-weather|RainDance|[upkeep]
|upkeep
|turn|17
|
|t:|1739629258
|move|p2a: Insane Dwayne|Freeze Shock||[still]
|-prepare|p2a: Insane Dwayne|Freeze Shock
|move|p1a: Politoed|Scald|p2a: Insane Dwayne
|-resisted|p2a: Insane Dwayne
|-damage|p2a: Insane Dwayne|32/100
|
|-weather|RainDance|[upkeep]
|upkeep
|turn|18
|
|t:|1739629266
|move|p2a: Insane Dwayne|Freeze Shock|p1a: Politoed|[from] lockedmove
|-resisted|p1a: Politoed
|-damage|p1a: Politoed|0 fnt
|faint|p1a: Politoed
|
|-weather|RainDance|[upkeep]
|upkeep
|
|t:|1739629270
|switch|p1a: Keldeo|Keldeo|94/100
|-damage|p1a: Keldeo|88/100|[from] Stealth Rock
|turn|19
|
|t:|1739629276
|move|p1a: Keldeo|Secret Sword|p2a: Insane Dwayne
|-supereffective|p2a: Insane Dwayne
|-damage|p2a: Insane Dwayne|0 fnt
|faint|p2a: Insane Dwayne
|
|-weather|RainDance|[upkeep]
|upkeep
|
|t:|1739629289
|switch|p2a: Blade|Scyther, M|51/100
|-damage|p2a: Blade|1/100|[from] Stealth Rock
|turn|20
|
|t:|1739629293
|move|p1a: Keldeo|Secret Sword|p2a: Blade
|-resisted|p2a: Blade
|-damage|p2a: Blade|0 fnt
|faint|p2a: Blade
|
|win|SPDsassmitimauto
|raw|SPDsassmitimauto's rating: 1478 &rarr; <strong>1500</strong><br />(+22 for winning)
|raw|daddy_days2's rating: 1521 &rarr; <strong>1499</strong><br />(-22 for losing)
