|j|☆ksksjsnsn
|j|☆Thriller Dancer
|t:|1729434490
|gametype|singles
|player|p1|ksksjsnsn|policeman-gen4|1274
|player|p2|Thriller Dancer|blaine|1318
|teamsize|p1|6
|teamsize|p2|6
|gen|5
|tier|[Gen 5] OU
|rated|
|rule|Species Clause: Limit one of each Pokémon
|rule|OHKO Clause: OHKO moves are banned
|rule|Moody Clause: Moody is banned
|rule|Evasion Items Clause: Evasion items are banned
|rule|Evasion Moves Clause: Evasion moves are banned
|rule|Endless Battle Clause: Forcing endless battles is banned
|rule|HP Percentage Mod: HP is shown in percentages
|rule|Evasion Abilities Clause: Evasion abilities are banned
|rule|Sleep Moves Clause: Sleep-inducing moves are banned
|rule|Swagger Clause: Swagger is banned
|rule|Baton Pass Stat Clause: No Baton Passer may have a way to boost its stats
|clearpoke
|poke|p1|Garchomp, F|item
|poke|p1|Salamence, F|item
|poke|p1|Kyurem-Black|item
|poke|p1|Latios, M|item
|poke|p1|Dragonite, M|item
|poke|p1|Haxorus, F|item
|poke|p2|Politoed, M|item
|poke|p2|Garchomp, F|item
|poke|p2|Tornadus, M|item
|poke|p2|Keldeo|item
|poke|p2|Thundurus-Therian, M|item
|poke|p2|Jirachi|item
|teampreview
|
|t:|1729434510
|start
|switch|p1a: Garchomp|Garchomp, F|100/100
|switch|p2a: Tornadus|Tornadus, M|100/100
|turn|1
|
|t:|1729434526
|move|p2a: Tornadus|U-turn|p1a: Garchomp
|-damage|p1a: Garchomp|84/100
|-damage|p2a: Tornadus|88/100|[from] ability: Rough Skin|[of] p1a: Garchomp
|
|t:|1729434532
|switch|p2a: Jirachi|Jirachi|100/100|[from] U-turn
|move|p1a: Garchomp|Stealth Rock|p2a: Jirachi
|-sidestart|p2: Thriller Dancer|move: Stealth Rock
|
|upkeep
|turn|2
|
|t:|1729434541
|switch|p2a: Politoed|Politoed, M|100/100
|-damage|p2a: Politoed|88/100|[from] Stealth Rock
|-weather|RainDance|[from] ability: Drizzle|[of] p2a: Politoed
|move|p1a: Garchomp|Earthquake|p2a: Politoed
|-damage|p2a: Politoed|49/100
|
|-weather|RainDance|[upkeep]
|-heal|p2a: Politoed|55/100|[from] item: Leftovers
|upkeep
|turn|3
|j| SKT T1 Motherfaker
|
|t:|1729434554
|move|p1a: Garchomp|Swords Dance|p1a: Garchomp
|-boost|p1a: Garchomp|atk|2
|move|p2a: Politoed|Hydro Pump|p1a: Garchomp
|-crit|p1a: Garchomp
|-damage|p1a: Garchomp|0 fnt
|faint|p1a: Garchomp
|
|-weather|RainDance|[upkeep]
|-heal|p2a: Politoed|61/100|[from] item: Leftovers
|upkeep
|
|t:|1729434573
|switch|p1a: Haxorus|Haxorus, F|100/100
|-ability|p1a: Haxorus|Mold Breaker
|turn|4
|
|t:|1729434588
|move|p2a: Politoed|Protect|p2a: Politoed
|-singleturn|p2a: Politoed|Protect
|move|p1a: Haxorus|Outrage|p2a: Politoed
|-activate|p2a: Politoed|move: Protect
|
|-weather|RainDance|[upkeep]
|-heal|p2a: Politoed|68/100|[from] item: Leftovers
|upkeep
|turn|5
|
|t:|1729434597
|switch|p2a: Jirachi|Jirachi|100/100
|-damage|p2a: Jirachi|94/100|[from] Stealth Rock
|move|p1a: Haxorus|Outrage|p2a: Jirachi
|-resisted|p2a: Jirachi
|-damage|p2a: Jirachi|50/100
|
|-weather|RainDance|[upkeep]
|-heal|p2a: Jirachi|56/100|[from] item: Leftovers
|upkeep
|turn|6
|
|t:|1729434610
|move|p1a: Haxorus|Outrage|p2a: Jirachi|[from]lockedmove
|-resisted|p2a: Jirachi
|-damage|p2a: Jirachi|14/100
|-start|p1a: Haxorus|confusion|[fatigue]
|move|p2a: Jirachi|Wish|p2a: Jirachi
|
|-weather|RainDance|[upkeep]
|-heal|p2a: Jirachi|20/100|[from] item: Leftovers
|upkeep
|turn|7
|inactive|Battle timer is ON: inactive players will automatically lose when time's up. (requested by Thriller Dancer)
|inactive|ksksjsnsn has 120 seconds left.
|
|t:|1729434678
|switch|p1a: Dragonite|Dragonite, M|100/100
|switch|p2a: Thundurus|Thundurus-Therian, M|100/100
|-damage|p2a: Thundurus|76/100|[from] Stealth Rock
|
|-weather|RainDance|[upkeep]
|-heal|p2a: Thundurus|100/100|[from] move: Wish|[wisher] Jirachi
|upkeep
|turn|8
|
|t:|1729434688
|move|p2a: Thundurus|Hidden Power|p1a: Dragonite
|-supereffective|p1a: Dragonite
|-damage|p1a: Dragonite|49/100
|move|p1a: Dragonite|Outrage|p2a: Thundurus
|-damage|p2a: Thundurus|0 fnt
|faint|p2a: Thundurus
|
|-weather|RainDance|[upkeep]
|upkeep
|
|t:|1729434700
|switch|p2a: Tornadus|Tornadus, M|88/100
|-damage|p2a: Tornadus|63/100|[from] Stealth Rock
|turn|9
|
|t:|1729434704
|move|p2a: Tornadus|Hidden Power|p1a: Dragonite
|-supereffective|p1a: Dragonite
|-damage|p1a: Dragonite|0 fnt
|faint|p1a: Dragonite
|
|-weather|RainDance|[upkeep]
|-heal|p2a: Tornadus|69/100|[from] item: Leftovers
|upkeep
|
|t:|1729434719
|switch|p1a: Salamence|Salamence, F|100/100
|turn|10
|
|t:|1729434729
|switch|p2a: Keldeo|Keldeo|100/100
|-damage|p2a: Keldeo|94/100|[from] Stealth Rock
|move|p1a: Salamence|Outrage|p2a: Keldeo
|-damage|p2a: Keldeo|22/100
|
|-weather|RainDance|[upkeep]
|-heal|p2a: Keldeo|29/100|[from] item: Leftovers
|upkeep
|turn|11
|
|t:|1729434741
|move|p1a: Salamence|Outrage|p2a: Keldeo|[from]lockedmove
|-damage|p2a: Keldeo|0 fnt
|faint|p2a: Keldeo
|-ability|p1a: Salamence|Moxie|boost
|-boost|p1a: Salamence|atk|1
|
|-weather|RainDance|[upkeep]
|upkeep
|
|t:|1729434750
|switch|p2a: Garchomp|Garchomp, F|100/100
|-damage|p2a: Garchomp|94/100|[from] Stealth Rock
|turn|12
|
|t:|1729434757
|move|p1a: Salamence|Outrage|p2a: Garchomp|[from]lockedmove
|-supereffective|p2a: Garchomp
|-crit|p2a: Garchomp
|-damage|p2a: Garchomp|0 fnt
|-damage|p1a: Salamence|88/100|[from] ability: Rough Skin|[of] p2a: Garchomp
|faint|p2a: Garchomp
|-ability|p1a: Salamence|Moxie|boost
|-boost|p1a: Salamence|atk|1
|-start|p1a: Salamence|confusion|[fatigue]
|
|-weather|RainDance|[upkeep]
|upkeep
|c|☆ksksjsnsn|你好
|inactive|Thriller Dancer has 120 seconds left.
|-message|Thriller Dancer forfeited.
|
|win|ksksjsnsn
|raw|ksksjsnsn's rating: 1274 &rarr; <strong>1302</strong><br />(+28 for winning)
|raw|Thriller Dancer's rating: 1318 &rarr; <strong>1295</strong><br />(-23 for losing)
|l|☆Thriller Dancer
|player|p2|
