|j|☆eat big get big
|j|☆Chomp29
|t:|1597592651
|player|p1|eat big get big|chuck|1464
|player|p2|Chomp29|266|1454
|teamsize|p1|6
|teamsize|p2|6
|gametype|singles
|gen|5
|tier|[Gen 5] OU
|rated|
|clearpoke
|poke|p1|Tyranitar, M|item
|poke|p1|Celebi|item
|poke|p1|Landorus-Therian, M|item
|poke|p1|Rotom-Wash|item
|poke|p1|Scizor, F|item
|poke|p1|Heatran, F|item
|poke|p2|Chansey, F|item
|poke|p2|Jirachi|item
|poke|p2|Thundurus-Therian, M|item
|poke|p2|Tentacruel, M|item
|poke|p2|Ferrothorn, M|item
|poke|p2|Politoed, M|item
|rule|Species Clause: Limit one of each Pokémon
|rule|OHKO Clause: OHKO moves are banned
|rule|Moody Clause: Moody is banned
|rule|Evasion Moves Clause: Evasion moves are banned
|rule|Endless Battle Clause: Forcing endless battles is banned
|rule|HP Percentage Mod: HP is shown in percentages
|rule|Evasion Abilities Clause: Evasion abilities are banned
|rule|Baton Pass Clause: Limit one Baton Passer, can't pass Spe and other stats simultaneously
|rule|Sleep Clause: Sleep-inducing moves are banned
|rule|Swagger Clause: Swagger is banned
|teampreview
|inactive|Battle timer is ON: inactive players will automatically lose when time's up. (requested by eat big get big)
|
|t:|1597592658
|start
|switch|p1a: Rotom|Rotom-Wash|100/100
|switch|p2a: Thundurus|Thundurus-Therian, M|100/100
|turn|1
|
|t:|1597592663
|move|p2a: Thundurus|Thunder|p1a: Rotom
|-damage|p1a: Rotom|5/100
|move|p1a: Rotom|Hydro Pump|p2a: Thundurus|[miss]
|-miss|p1a: Rotom|p2a: Thundurus
|
|-heal|p1a: Rotom|11/100|[from] item: Leftovers
|upkeep
|turn|2
|
|t:|1597592672
|move|p2a: Thundurus|Substitute|p2a: Thundurus
|-start|p2a: Thundurus|Substitute
|-damage|p2a: Thundurus|75/100
|move|p1a: Rotom|Pain Split||[still]
|-fail|p1a: Rotom
|
|-heal|p2a: Thundurus|82/100|[from] item: Leftovers
|-heal|p1a: Rotom|17/100|[from] item: Leftovers
|upkeep
|turn|3
|
|t:|1597592700
|move|p2a: Thundurus|Hidden Power|p1a: Rotom
|-resisted|p1a: Rotom
|-damage|p1a: Rotom|0 fnt
|faint|p1a: Rotom
|
|-heal|p2a: Thundurus|88/100|[from] item: Leftovers
|upkeep
|
|t:|1597592713
|switch|p1a: Tyranitar|Tyranitar, M|100/100
|-weather|Sandstorm|[from] ability: Sand Stream|[of] p1a: Tyranitar
|turn|4
|
|t:|1597592719
|move|p2a: Thundurus|Focus Blast|p1a: Tyranitar
|-supereffective|p1a: Tyranitar
|-damage|p1a: Tyranitar|0 fnt
|faint|p1a: Tyranitar
|
|-weather|Sandstorm|[upkeep]
|-damage|p2a: Thundurus|82/100|[from] Sandstorm
|-heal|p2a: Thundurus|88/100|[from] item: Leftovers
|upkeep
|c|☆eat big get big|you re insane
|c|☆eat big get big|so good
|
|t:|1597592730
|switch|p1a: Landorus|Landorus-Therian, M|100/100
|-ability|p1a: Landorus|Intimidate|boost
|-immune|p2a: Thundurus
|turn|5
|
|t:|1597592734
|move|p1a: Landorus|U-turn|p2a: Thundurus
|-resisted|p2a: Thundurus
|-activate|p2a: Thundurus|Substitute|[damage]
|
|t:|1597592737
|switch|p1a: Heatran|Heatran, F|100/100|[from]move: U-turn
|move|p2a: Thundurus|Hidden Power|p1a: Heatran
|-resisted|p1a: Heatran
|-damage|p1a: Heatran|93/100
|
|-weather|Sandstorm|[upkeep]
|-damage|p2a: Thundurus|82/100|[from] Sandstorm
|-heal|p2a: Thundurus|88/100|[from] item: Leftovers
|upkeep
|turn|6
|
|t:|1597592746
|move|p1a: Heatran|Hidden Power|p2a: Thundurus
|-supereffective|p2a: Thundurus
|-end|p2a: Thundurus|Substitute
|move|p2a: Thundurus|Focus Blast|p1a: Heatran
|-supereffective|p1a: Heatran
|-damage|p1a: Heatran|0 fnt
|faint|p1a: Heatran
|
|-weather|Sandstorm|[upkeep]
|-damage|p2a: Thundurus|82/100|[from] Sandstorm
|-heal|p2a: Thundurus|88/100|[from] item: Leftovers
|upkeep
|
|t:|1597592757
|switch|p1a: Landorus|Landorus-Therian, M|100/100
|-ability|p1a: Landorus|Intimidate|boost
|-unboost|p2a: Thundurus|atk|1
|turn|7
|
|t:|1597592761
|switch|p1a: Celebi|Celebi|100/100
|switch|p2a: Politoed|Politoed, M|100/100
|-weather|RainDance|[from] ability: Drizzle|[of] p2a: Politoed
|
|-weather|RainDance|[upkeep]
|upkeep
|turn|8
|
|t:|1597592772
|move|p1a: Celebi|Hidden Power|p2a: Politoed
|-resisted|p2a: Politoed
|-damage|p2a: Politoed|93/100
|move|p2a: Politoed|Perish Song|p2a: Politoed
|-start|p1a: Celebi|perish3|[silent]
|-start|p2a: Politoed|perish3|[silent]
|-fieldactivate|move: Perish Song
|
|-weather|RainDance|[upkeep]
|-heal|p2a: Politoed|99/100|[from] item: Leftovers
|-start|p1a: Celebi|perish3
|-start|p2a: Politoed|perish3
|upkeep
|turn|9
|
|t:|1597592781
|switch|p1a: Scizor|Scizor, F|100/100
|switch|p2a: Chansey|Chansey, F|100/100
|
|-weather|RainDance|[upkeep]
|upkeep
|turn|10
|
|t:|1597592791
|switch|p2a: Tentacruel|Tentacruel, M|100/100
|move|p1a: Scizor|Superpower|p2a: Tentacruel
|-resisted|p2a: Tentacruel
|-damage|p2a: Tentacruel|66/100
|-unboost|p1a: Scizor|atk|1
|-unboost|p1a: Scizor|def|1
|
|-weather|RainDance|[upkeep]
|-heal|p2a: Tentacruel|73/100|[from] ability: Rain Dish
|-heal|p2a: Tentacruel|79/100|[from] item: Black Sludge
|upkeep
|turn|11
|
|t:|1597592801
|switch|p1a: Celebi|Celebi|100/100
|move|p2a: Tentacruel|Scald|p1a: Celebi
|-resisted|p1a: Celebi
|-damage|p1a: Celebi|84/100
|-status|p1a: Celebi|brn
|
|-weather|RainDance|[upkeep]
|-heal|p2a: Tentacruel|85/100|[from] ability: Rain Dish
|-heal|p2a: Tentacruel|91/100|[from] item: Black Sludge
|-damage|p1a: Celebi|72/100 brn|[from] brn
|upkeep
|turn|12
|c|☆eat big get big|lmao
|
|t:|1597592813
|switch|p2a: Chansey|Chansey, F|100/100
|move|p1a: Celebi|U-turn|p2a: Chansey
|-damage|p2a: Chansey|95/100
|
|t:|1597592817
|switch|p1a: Scizor|Scizor, F|100/100|[from]move: U-turn
|
|-weather|RainDance|[upkeep]
|upkeep
|turn|13
|
|t:|1597592822
|switch|p2a: Tentacruel|Tentacruel, M|91/100
|move|p1a: Scizor|U-turn|p2a: Tentacruel
|-resisted|p2a: Tentacruel
|-damage|p2a: Tentacruel|63/100
|
|t:|1597592827
|switch|p1a: Celebi|Celebi|72/100|[from]move: U-turn
|
|-weather|RainDance|[upkeep]
|-heal|p2a: Tentacruel|69/100|[from] ability: Rain Dish
|-heal|p2a: Tentacruel|75/100|[from] item: Black Sludge
|upkeep
|turn|14
|
|t:|1597592833
|move|p2a: Tentacruel|Protect|p2a: Tentacruel
|-singleturn|p2a: Tentacruel|Protect
|move|p1a: Celebi|Psychic|p2a: Tentacruel
|-activate|p2a: Tentacruel|move: Protect
|
|-weather|RainDance|[upkeep]
|-heal|p2a: Tentacruel|82/100|[from] ability: Rain Dish
|-heal|p2a: Tentacruel|88/100|[from] item: Black Sludge
|upkeep
|turn|15
|
|t:|1597592847
|switch|p2a: Chansey|Chansey, F|95/100
|move|p1a: Celebi|Psychic|p2a: Chansey
|-damage|p2a: Chansey|75/100
|
|-weather|RainDance|[upkeep]
|upkeep
|turn|16
|
|t:|1597592853
|switch|p1a: Scizor|Scizor, F|100/100
|move|p2a: Chansey|Stealth Rock|p1a: Scizor
|-sidestart|p1: eat big get big|move: Stealth Rock
|
|-weather|RainDance|[upkeep]
|upkeep
|turn|17
|inactive|eat big get big has 120 seconds left.
|
|t:|1597592892
|switch|p2a: Tentacruel|Tentacruel, M|88/100
|move|p1a: Scizor|U-turn|p2a: Tentacruel
|-resisted|p2a: Tentacruel
|-damage|p2a: Tentacruel|57/100
|
|t:|1597592897
|switch|p1a: Landorus|Landorus-Therian, M|100/100|[from]move: U-turn
|-damage|p1a: Landorus|88/100|[from] Stealth Rock
|-ability|p1a: Landorus|Intimidate|boost
|-unboost|p2a: Tentacruel|atk|1
|
|-weather|RainDance|[upkeep]
|-heal|p2a: Tentacruel|64/100|[from] ability: Rain Dish
|-heal|p2a: Tentacruel|70/100|[from] item: Black Sludge
|upkeep
|turn|18
|inactive|eat big get big has 120 seconds left.
|
|t:|1597592907
|move|p2a: Tentacruel|Protect|p2a: Tentacruel
|-singleturn|p2a: Tentacruel|Protect
|move|p1a: Landorus|U-turn|p2a: Tentacruel
|-activate|p2a: Tentacruel|move: Protect
|
|-weather|RainDance|[upkeep]
|-heal|p2a: Tentacruel|76/100|[from] ability: Rain Dish
|-heal|p2a: Tentacruel|82/100|[from] item: Black Sludge
|upkeep
|turn|19
|
|t:|1597592917
|switch|p2a: Thundurus|Thundurus-Therian, M|88/100
|move|p1a: Landorus|U-turn|p2a: Thundurus
|-resisted|p2a: Thundurus
|-damage|p2a: Thundurus|70/100
|inactive|eat big get big has 120 seconds left.
|
|t:|1597592951
|switch|p1a: Scizor|Scizor, F|100/100|[from]move: U-turn
|-damage|p1a: Scizor|88/100|[from] Stealth Rock
|
|-weather|RainDance|[upkeep]
|-heal|p2a: Thundurus|76/100|[from] item: Leftovers
|upkeep
|turn|20
|inactive|eat big get big has 90 seconds left.
|j| IIIFlareIII
|
|t:|1597592992
|switch|p2a: Ferrothorn|Ferrothorn, M|100/100
|move|p1a: Scizor|Bullet Punch|p2a: Ferrothorn
|-resisted|p2a: Ferrothorn
|-damage|p2a: Ferrothorn|81/100
|-damage|p1a: Scizor|76/100|[from] ability: Iron Barbs|[of] p2a: Ferrothorn
|
|-weather|RainDance|[upkeep]
|-heal|p2a: Ferrothorn|87/100|[from] item: Leftovers
|upkeep
|turn|21
|
|t:|1597593006
|switch|p1a: Celebi|Celebi|72/100
|-damage|p1a: Celebi|59/100|[from] Stealth Rock
|move|p2a: Ferrothorn|Spikes|p1a: Celebi
|-sidestart|p1: eat big get big|Spikes
|
|-weather|RainDance|[upkeep]
|-heal|p2a: Ferrothorn|93/100|[from] item: Leftovers
|upkeep
|turn|22
|
|t:|1597593022
|move|p1a: Celebi|Psychic|p2a: Ferrothorn
|-resisted|p2a: Ferrothorn
|-damage|p2a: Ferrothorn|71/100
|move|p2a: Ferrothorn|Spikes|p1a: Celebi
|-sidestart|p1: eat big get big|Spikes
|
|-weather|RainDance|[upkeep]
|-heal|p2a: Ferrothorn|77/100|[from] item: Leftovers
|upkeep
|turn|23
|c|☆eat big get big|what an incredible player
|inactive|eat big get big has 60 seconds left.
|-message|eat big get big forfeited.
|
|win|Chomp29
|l|☆eat big get big
|raw|eat big get big's rating: 1464 &rarr; <strong>1443</strong><br />(-21 for losing)
|raw|Chomp29's rating: 1454 &rarr; <strong>1475</strong><br />(+21 for winning)
|c| IIIFlareIII|Hi
|l|☆Chomp29
