|j|☆authentise_is_shit
|j|☆ajkjqwk
|t:|1711468666
|gametype|singles
|player|p1|authentise_is_shit|265|1365
|player|p2|ajkjqwk|169|1435
|teamsize|p1|6
|teamsize|p2|6
|gen|5
|tier|[Gen 5] OU
|rated|
|rule|Species Clause: Limit one of each Pokémon
|rule|OHKO Clause: OHKO moves are banned
|rule|Moody Clause: Moody is banned
|rule|Evasion Items Clause: Evasion items are banned
|rule|Evasion Moves Clause: Evasion moves are banned
|rule|Endless Battle Clause: Forcing endless battles is banned
|rule|HP Percentage Mod: HP is shown in percentages
|rule|Evasion Abilities Clause: Evasion abilities are banned
|rule|Sleep Moves Clause: Sleep-inducing moves are banned
|rule|Swagger Clause: Swagger is banned
|rule|Baton Pass Stat Clause: No Baton Passer may have a way to boost its stats
|clearpoke
|poke|p1|Tyranitar, F|item
|poke|p1|Skarmory, M|item
|poke|p1|Excadrill, F|item
|poke|p1|Clefable, M|item
|poke|p1|Latias, F|item
|poke|p1|Reuniclus, M|item
|poke|p2|Tyranitar, M|item
|poke|p2|Mienshao, F|item
|poke|p2|Ferrothorn, M|item
|poke|p2|Gliscor, M|item
|poke|p2|Alakazam, M|item
|poke|p2|Rotom-Wash|item
|teampreview
|
|t:|1711468676
|start
|switch|p1a: Skarmory|Skarmory, M|100/100
|switch|p2a: Mienshao|Mienshao, F, shiny|100/100
|turn|1
|inactive|Battle timer is ON: inactive players will automatically lose when time's up. (requested by authentise_is_shit)
|
|t:|1711468704
|switch|p2a: Rotom|Rotom-Wash, shiny|100/100
|move|p1a: Skarmory|Spikes|p2a: Rotom
|-sidestart|p2: ajkjqwk|Spikes
|
|upkeep
|turn|2
|
|t:|1711468708
|switch|p1a: Clefable|Clefable, M|100/100
|move|p2a: Rotom|Will-O-Wisp|p1a: Clefable
|-status|p1a: Clefable|brn
|
|upkeep
|turn|3
|
|t:|1711468714
|move|p2a: Rotom|Volt Switch|p1a: Clefable
|-damage|p1a: Clefable|83/100 brn
|
|t:|1711468719
|switch|p2a: Ferrothorn|Ferrothorn, M|100/100|[from] Volt Switch
|-damage|p2a: Ferrothorn|88/100|[from] Spikes
|move|p1a: Clefable|Stealth Rock|p2a: Ferrothorn
|-sidestart|p2: ajkjqwk|move: Stealth Rock
|
|-heal|p1a: Clefable|89/100 brn|[from] item: Leftovers
|-heal|p2a: Ferrothorn|94/100|[from] item: Leftovers
|upkeep
|turn|4
|
|t:|1711468726
|move|p1a: Clefable|Thunder Wave|p2a: Ferrothorn
|-status|p2a: Ferrothorn|par
|move|p2a: Ferrothorn|Knock Off|p1a: Clefable
|-damage|p1a: Clefable|84/100 brn
|-enditem|p1a: Clefable|Leftovers|[from] move: Knock Off|[of] p2a: Ferrothorn
|
|-heal|p2a: Ferrothorn|100/100 par|[from] item: Leftovers
|upkeep
|turn|5
|
|t:|1711468733
|move|p1a: Clefable|Seismic Toss|p2a: Ferrothorn
|-damage|p2a: Ferrothorn|72/100 par
|move|p2a: Ferrothorn|Stealth Rock|p1a: Clefable
|-sidestart|p1: authentise_is_shit|move: Stealth Rock
|
|-heal|p2a: Ferrothorn|78/100 par|[from] item: Leftovers
|upkeep
|turn|6
|
|t:|1711468738
|switch|p2a: Gliscor|Gliscor, M|100/100
|-damage|p2a: Gliscor|88/100|[from] Stealth Rock
|move|p1a: Clefable|Seismic Toss|p2a: Gliscor
|-damage|p2a: Gliscor|60/100
|
|-status|p2a: Gliscor|tox|[from] item: Toxic Orb
|upkeep
|turn|7
|
|t:|1711468743
|switch|p2a: Rotom|Rotom-Wash, shiny|100/100
|-damage|p2a: Rotom|88/100|[from] Stealth Rock
|switch|p1a: Skarmory|Skarmory, M|100/100
|-damage|p1a: Skarmory|88/100|[from] Stealth Rock
|
|-heal|p2a: Rotom|94/100|[from] item: Leftovers
|upkeep
|turn|8
|
|t:|1711468745
|switch|p1a: Clefable|Clefable, M|84/100 brn
|move|p2a: Rotom|Volt Switch|p1a: Clefable
|-damage|p1a: Clefable|66/100 brn
|
|t:|1711468751
|switch|p2a: Mienshao|Mienshao, F, shiny|100/100|[from] Volt Switch
|-damage|p2a: Mienshao|88/100|[from] Spikes
|-damage|p2a: Mienshao|82/100|[from] Stealth Rock
|
|upkeep
|turn|9
|
|t:|1711468758
|switch|p1a: Reuniclus|Reuniclus, M|100/100
|move|p2a: Mienshao|U-turn|p1a: Reuniclus
|-supereffective|p1a: Reuniclus
|-damage|p1a: Reuniclus|66/100
|
|t:|1711468767
|switch|p2a: Tyranitar|Tyranitar, M|100/100|[from] U-turn
|-damage|p2a: Tyranitar|88/100|[from] Spikes
|-damage|p2a: Tyranitar|76/100|[from] Stealth Rock
|-weather|Sandstorm|[from] ability: Sand Stream|[of] p2a: Tyranitar
|
|-weather|Sandstorm|[upkeep]
|upkeep
|turn|10
|
|t:|1711468774
|move|p2a: Tyranitar|Crunch|p1a: Reuniclus
|-supereffective|p1a: Reuniclus
|-damage|p1a: Reuniclus|12/100
|-enditem|p1a: Reuniclus|Sitrus Berry|[eat]
|-heal|p1a: Reuniclus|37/100|[from] item: Sitrus Berry
|move|p1a: Reuniclus|Focus Blast|p2a: Tyranitar
|-supereffective|p2a: Tyranitar
|-enditem|p2a: Tyranitar|Chople Berry|[eat]
|-enditem|p2a: Tyranitar|Chople Berry|[weaken]
|-damage|p2a: Tyranitar|41/100
|
|-weather|Sandstorm|[upkeep]
|upkeep
|turn|11
|
|t:|1711468781
|-activate|p1a: Reuniclus|move: Pursuit
|move|p2a: Tyranitar|Pursuit|p1a: Reuniclus|[from]Pursuit
|-supereffective|p1a: Reuniclus
|-damage|p1a: Reuniclus|0 fnt
|faint|p1a: Reuniclus
|-hint|A Pokemon can't switch between when it runs out of HP and when it faints
|
|-weather|Sandstorm|[upkeep]
|upkeep
|
|t:|1711468786
|switch|p1a: Excadrill|Excadrill, F|100/100
|-damage|p1a: Excadrill|97/100|[from] Stealth Rock
|turn|12
|
|t:|1711468796
|move|p1a: Excadrill|Iron Head|p2a: Tyranitar
|-supereffective|p2a: Tyranitar
|-damage|p2a: Tyranitar|0 fnt
|faint|p2a: Tyranitar
|
|-weather|Sandstorm|[upkeep]
|-heal|p1a: Excadrill|100/100|[from] item: Leftovers
|upkeep
|
|t:|1711468809
|switch|p2a: Rotom|Rotom-Wash, shiny|94/100
|-damage|p2a: Rotom|82/100|[from] Stealth Rock
|turn|13
|
|t:|1711468824
|switch|p1a: Clefable|Clefable, M|66/100 brn
|move|p2a: Rotom|Volt Switch|p1a: Clefable
|-damage|p1a: Clefable|48/100 brn
|
|t:|1711468841
|switch|p2a: Alakazam|Alakazam, M|100/100|[from] Volt Switch
|
|-weather|Sandstorm|[upkeep]
|upkeep
|turn|14
|
|t:|1711468847
|move|p2a: Alakazam|Focus Blast|p1a: Clefable
|-supereffective|p1a: Clefable
|-damage|p1a: Clefable|0 fnt
|faint|p1a: Clefable
|
|-weather|Sandstorm|[upkeep]
|upkeep
|
|t:|1711468849
|switch|p1a: Tyranitar|Tyranitar, F|100/100
|-damage|p1a: Tyranitar|88/100|[from] Stealth Rock
|turn|15
|
|t:|1711468854
|-activate|p2a: Alakazam|move: Pursuit
|move|p1a: Tyranitar|Pursuit|p2a: Alakazam|[from]Pursuit
|-supereffective|p2a: Alakazam
|-enditem|p2a: Alakazam|Focus Sash
|-damage|p2a: Alakazam|1/100
|switch|p2a: Ferrothorn|Ferrothorn, M|78/100 par
|-damage|p2a: Ferrothorn|66/100 par|[from] Spikes
|-damage|p2a: Ferrothorn|60/100 par|[from] Stealth Rock
|
|-weather|Sandstorm|[upkeep]
|-heal|p2a: Ferrothorn|66/100 par|[from] item: Leftovers
|upkeep
|turn|16
|
|t:|1711468863
|switch|p1a: Skarmory|Skarmory, M|88/100
|-damage|p1a: Skarmory|76/100|[from] Stealth Rock
|move|p2a: Ferrothorn|Knock Off|p1a: Skarmory
|-resisted|p1a: Skarmory
|-crit|p1a: Skarmory
|-damage|p1a: Skarmory|72/100
|-damage|p2a: Ferrothorn|49/100 par|[from] item: Rocky Helmet|[of] p1a: Skarmory
|-enditem|p1a: Skarmory|Rocky Helmet|[from] move: Knock Off|[of] p2a: Ferrothorn
|
|-weather|Sandstorm|[upkeep]
|-heal|p2a: Ferrothorn|56/100 par|[from] item: Leftovers
|upkeep
|turn|17
|
|t:|1711468880
|switch|p2a: Rotom|Rotom-Wash, shiny|82/100
|-damage|p2a: Rotom|69/100|[from] Stealth Rock
|move|p1a: Skarmory|Spikes|p2a: Rotom
|-sidestart|p2: ajkjqwk|Spikes
|
|-weather|Sandstorm|[upkeep]
|-damage|p2a: Rotom|63/100|[from] Sandstorm
|-heal|p2a: Rotom|69/100|[from] item: Leftovers
|upkeep
|turn|18
|
|t:|1711468883
|move|p2a: Rotom|Will-O-Wisp|p1a: Skarmory
|-status|p1a: Skarmory|brn
|move|p1a: Skarmory|Roost|p1a: Skarmory
|-heal|p1a: Skarmory|100/100 brn
|-singleturn|p1a: Skarmory|move: Roost
|
|-weather|Sandstorm|[upkeep]
|-damage|p2a: Rotom|63/100|[from] Sandstorm
|-heal|p2a: Rotom|69/100|[from] item: Leftovers
|-damage|p1a: Skarmory|88/100 brn|[from] brn
|upkeep
|turn|19
|
|t:|1711468901
|move|p2a: Rotom|Volt Switch|p1a: Skarmory
|-supereffective|p1a: Skarmory
|-damage|p1a: Skarmory|45/100 brn
|
|t:|1711468906
|switch|p2a: Gliscor|Gliscor, M|60/100 tox|[from] Volt Switch
|-damage|p2a: Gliscor|47/100 tox|[from] Stealth Rock
|move|p1a: Skarmory|Spikes|p2a: Gliscor
|-sidestart|p2: ajkjqwk|Spikes
|
|-weather|Sandstorm|[upkeep]
|-heal|p2a: Gliscor|60/100 tox|[from] ability: Poison Heal
|-damage|p1a: Skarmory|33/100 brn|[from] brn
|upkeep
|turn|20
|
|t:|1711468910
|move|p2a: Gliscor|Swords Dance|p2a: Gliscor
|-boost|p2a: Gliscor|atk|2
|move|p1a: Skarmory|Roost|p1a: Skarmory
|-heal|p1a: Skarmory|83/100 brn
|-singleturn|p1a: Skarmory|move: Roost
|
|-weather|Sandstorm|[upkeep]
|-heal|p2a: Gliscor|72/100 tox|[from] ability: Poison Heal
|-damage|p1a: Skarmory|70/100 brn|[from] brn
|upkeep
|turn|21
|
|t:|1711468913
|move|p2a: Gliscor|Facade|p1a: Skarmory
|-resisted|p1a: Skarmory
|-damage|p1a: Skarmory|45/100 brn
|move|p1a: Skarmory|Whirlwind|p2a: Gliscor
|drag|p2a: Rotom|Rotom-Wash, shiny|69/100
|-damage|p2a: Rotom|57/100|[from] Stealth Rock
|
|-weather|Sandstorm|[upkeep]
|-damage|p2a: Rotom|50/100|[from] Sandstorm
|-heal|p2a: Rotom|57/100|[from] item: Leftovers
|-damage|p1a: Skarmory|33/100 brn|[from] brn
|upkeep
|turn|22
|
|t:|1711468918
|switch|p1a: Latias|Latias, F|100/100
|-damage|p1a: Latias|88/100|[from] Stealth Rock
|move|p2a: Rotom|Hydro Pump|p1a: Latias|[miss]
|-miss|p2a: Rotom|p1a: Latias
|
|-weather|Sandstorm|[upkeep]
|-damage|p1a: Latias|82/100|[from] Sandstorm
|-damage|p2a: Rotom|50/100|[from] Sandstorm
|-heal|p2a: Rotom|57/100|[from] item: Leftovers
|upkeep
|turn|23
|
|t:|1711468925
|switch|p2a: Ferrothorn|Ferrothorn, M|56/100 par
|-damage|p2a: Ferrothorn|31/100 par|[from] Spikes
|-damage|p2a: Ferrothorn|24/100 par|[from] Stealth Rock
|move|p1a: Latias|Draco Meteor|p2a: Ferrothorn
|-resisted|p2a: Ferrothorn
|-damage|p2a: Ferrothorn|6/100 par
|-unboost|p1a: Latias|spa|2
|
|-weather|Sandstorm|[upkeep]
|-damage|p1a: Latias|76/100|[from] Sandstorm
|-heal|p2a: Ferrothorn|12/100 par|[from] item: Leftovers
|upkeep
|turn|24
|c|☆ajkjqwk|is your latias specs?
|
|t:|1711468945
|switch|p1a: Excadrill|Excadrill, F|100/100
|-damage|p1a: Excadrill|97/100|[from] Stealth Rock
|move|p2a: Ferrothorn|Stealth Rock||[still]
|-fail|p2a: Ferrothorn
|
|-weather|Sandstorm|[upkeep]
|-heal|p1a: Excadrill|100/100|[from] item: Leftovers
|-heal|p2a: Ferrothorn|19/100 par|[from] item: Leftovers
|upkeep
|turn|25
|
|t:|1711468952
|move|p1a: Excadrill|Earthquake|p2a: Ferrothorn
|-damage|p2a: Ferrothorn|0 fnt
|faint|p2a: Ferrothorn
|
|-weather|Sandstorm|[upkeep]
|upkeep
|
|t:|1711468956
|switch|p2a: Rotom|Rotom-Wash, shiny|57/100
|-damage|p2a: Rotom|44/100|[from] Stealth Rock
|turn|26
|
|t:|1711468961
|switch|p1a: Latias|Latias, F|76/100
|-damage|p1a: Latias|63/100|[from] Stealth Rock
|move|p2a: Rotom|Hydro Pump|p1a: Latias
|-resisted|p1a: Latias
|-damage|p1a: Latias|46/100
|
|-weather|Sandstorm|[upkeep]
|-damage|p1a: Latias|40/100|[from] Sandstorm
|-damage|p2a: Rotom|38/100|[from] Sandstorm
|-heal|p2a: Rotom|44/100|[from] item: Leftovers
|upkeep
|turn|27
|
|t:|1711468967
|move|p1a: Latias|Draco Meteor|p2a: Rotom
|-damage|p2a: Rotom|0 fnt
|-unboost|p1a: Latias|spa|2
|faint|p2a: Rotom
|
|-weather|Sandstorm|[upkeep]
|-damage|p1a: Latias|33/100|[from] Sandstorm
|upkeep
|
|t:|1711468969
|switch|p2a: Mienshao|Mienshao, F, shiny|100/100
|-damage|p2a: Mienshao|76/100|[from] Spikes
|-damage|p2a: Mienshao|70/100|[from] Stealth Rock
|turn|28
|
|t:|1711468974
|switch|p1a: Skarmory|Skarmory, M|33/100 brn
|-damage|p1a: Skarmory|20/100 brn|[from] Stealth Rock
|move|p2a: Mienshao|U-turn|p1a: Skarmory
|-resisted|p1a: Skarmory
|-damage|p1a: Skarmory|16/100 brn
|
|t:|1711468977
|switch|p2a: Gliscor|Gliscor, M|72/100 tox|[from] U-turn
|-damage|p2a: Gliscor|60/100 tox|[from] Stealth Rock
|
|-weather|Sandstorm|[upkeep]
|-heal|p2a: Gliscor|72/100 tox|[from] ability: Poison Heal
|-damage|p1a: Skarmory|4/100 brn|[from] brn
|upkeep
|turn|29
|
|t:|1711468981
|move|p2a: Gliscor|Facade|p1a: Skarmory
|-resisted|p1a: Skarmory
|-damage|p1a: Skarmory|0 fnt
|faint|p1a: Skarmory
|
|-weather|Sandstorm|[upkeep]
|-heal|p2a: Gliscor|85/100 tox|[from] ability: Poison Heal
|upkeep
|
|t:|1711468990
|switch|p1a: Latias|Latias, F|33/100
|-damage|p1a: Latias|21/100|[from] Stealth Rock
|turn|30
|
|t:|1711468999
|move|p2a: Gliscor|Protect|p2a: Gliscor
|-singleturn|p2a: Gliscor|Protect
|move|p1a: Latias|Roost|p1a: Latias
|-heal|p1a: Latias|71/100
|-singleturn|p1a: Latias|move: Roost
|
|-weather|Sandstorm|[upkeep]
|-damage|p1a: Latias|65/100|[from] Sandstorm
|-heal|p2a: Gliscor|97/100 tox|[from] ability: Poison Heal
|upkeep
|turn|31
|
|t:|1711469005
|move|p1a: Latias|Surf|p2a: Gliscor
|-supereffective|p2a: Gliscor
|-damage|p2a: Gliscor|47/100 tox
|move|p2a: Gliscor|Swords Dance|p2a: Gliscor
|-boost|p2a: Gliscor|atk|2
|
|-weather|Sandstorm|[upkeep]
|-damage|p1a: Latias|58/100|[from] Sandstorm
|-heal|p2a: Gliscor|60/100 tox|[from] ability: Poison Heal
|upkeep
|turn|32
|
|t:|1711469010
|move|p1a: Latias|Surf|p2a: Gliscor
|-supereffective|p2a: Gliscor
|-damage|p2a: Gliscor|17/100 tox
|move|p2a: Gliscor|Facade|p1a: Latias
|-damage|p1a: Latias|0 fnt
|faint|p1a: Latias
|
|-weather|Sandstorm|[upkeep]
|-heal|p2a: Gliscor|29/100 tox|[from] ability: Poison Heal
|upkeep
|
|t:|1711469014
|switch|p1a: Excadrill|Excadrill, F|100/100
|-damage|p1a: Excadrill|97/100|[from] Stealth Rock
|turn|33
|
|t:|1711469018
|move|p2a: Gliscor|Protect|p2a: Gliscor
|-singleturn|p2a: Gliscor|Protect
|move|p1a: Excadrill|Iron Head|p2a: Gliscor
|-activate|p2a: Gliscor|move: Protect
|
|-weather|Sandstorm|[upkeep]
|-heal|p1a: Excadrill|100/100|[from] item: Leftovers
|-heal|p2a: Gliscor|42/100 tox|[from] ability: Poison Heal
|upkeep
|turn|34
|
|t:|1711469022
|move|p1a: Excadrill|Iron Head|p2a: Gliscor
|-damage|p2a: Gliscor|8/100 tox
|move|p2a: Gliscor|Earthquake|p1a: Excadrill
|-supereffective|p1a: Excadrill
|-damage|p1a: Excadrill|0 fnt
|faint|p1a: Excadrill
|
|-weather|Sandstorm|[upkeep]
|-heal|p2a: Gliscor|20/100 tox|[from] ability: Poison Heal
|upkeep
|
|t:|1711469025
|switch|p1a: Tyranitar|Tyranitar, F|88/100
|-damage|p1a: Tyranitar|76/100|[from] Stealth Rock
|turn|35
|c|☆ajkjqwk|gg
|
|t:|1711469031
|move|p1a: Tyranitar|Rock Slide|p2a: Gliscor
|-damage|p2a: Gliscor|0 fnt
|faint|p2a: Gliscor
|
|-weather|Sandstorm|[upkeep]
|upkeep
|
|t:|1711469035
|switch|p2a: Mienshao|Mienshao, F, shiny|100/100
|-damage|p2a: Mienshao|76/100|[from] Spikes
|-damage|p2a: Mienshao|70/100|[from] Stealth Rock
|turn|36
|
|t:|1711469037
|move|p2a: Mienshao|U-turn|p1a: Tyranitar
|-supereffective|p1a: Tyranitar
|-damage|p1a: Tyranitar|37/100
|
|t:|1711469039
|switch|p2a: Alakazam|Alakazam, M|1/100|[from] U-turn
|move|p1a: Tyranitar|Rock Slide|p2a: Alakazam
|-damage|p2a: Alakazam|0 fnt
|faint|p2a: Alakazam
|
|-weather|Sandstorm|[upkeep]
|upkeep
|
|t:|1711469042
|switch|p2a: Mienshao|Mienshao, F, shiny|100/100
|-damage|p2a: Mienshao|76/100|[from] Spikes
|-damage|p2a: Mienshao|70/100|[from] Stealth Rock
|turn|37
|inactive|ajkjqwk has 120 seconds left.
|inactive|ajkjqwk has 90 seconds left.
|
|t:|1711469104
|move|p2a: Mienshao|U-turn|p1a: Tyranitar
|-supereffective|p1a: Tyranitar
|-damage|p1a: Tyranitar|0 fnt
|faint|p1a: Tyranitar
|
|win|ajkjqwk
|raw|authentise_is_shit's rating: 1365 &rarr; <strong>1349</strong><br />(-16 for losing)
|raw|ajkjqwk's rating: 1444 &rarr; <strong>1460</strong><br />(+16 for winning)
|c|☆ajkjqwk|what item was your lati
|l|☆authentise_is_shit
|player|p1|
