|j|☆leoperi99
|j|☆skillfullbeing
|t:|1741044023
|gametype|singles
|player|p1|leoperi99|kris-gen2|1595
|player|p2|skillfullbeing|nate|1355
|teamsize|p1|6
|teamsize|p2|6
|gen|5
|tier|[Gen 5] OU
|rated|
|rule|Species Clause: Limit one of each Pokémon
|rule|OHKO Clause: OHKO moves are banned
|rule|Moody Clause: Moody is banned
|rule|Evasion Items Clause: Evasion items are banned
|rule|Evasion Moves Clause: Evasion moves are banned
|rule|Endless Battle Clause: Forcing endless battles is banned
|rule|HP Percentage Mod: HP is shown in percentages
|rule|Evasion Abilities Clause: Evasion abilities are banned
|rule|Sleep Moves Clause: Sleep-inducing moves are banned
|rule|Swagger Clause: Swagger is banned
|rule|Baton Pass Stat Clause: No Baton Passer may have a way to boost its stats
|clearpoke
|poke|p1|Reuniclus, F|item
|poke|p1|Tyranitar, F|item
|poke|p1|Bronzong|item
|poke|p1|Flygon, M|item
|poke|p1|Jirachi|item
|poke|p1|Seismitoad, F|item
|poke|p2|Tyranitar, F|item
|poke|p2|Excadrill, M|item
|poke|p2|Alakazam, M|item
|poke|p2|Ferrothorn, F|item
|poke|p2|Rotom-Wash|item
|poke|p2|Landorus-Therian, M|item
|teampreview
|inactive|Battle timer is ON: inactive players will automatically lose when time's up. (requested by skillfullbeing)
|inactive|leoperi99 has 120 seconds left.
|inactive|leoperi99 has 90 seconds left.
|
|t:|1741044087
|start
|switch|p1a: Tyranitar|Tyranitar, F|100/100
|switch|p2a: Landorus|Landorus-Therian, M|100/100
|-ability|p2a: Landorus|Intimidate|boost
|-unboost|p1a: Tyranitar|atk|1
|-weather|Sandstorm|[from] ability: Sand Stream|[of] p1a: Tyranitar
|turn|1
|
|t:|1741044092
|move|p2a: Landorus|U-turn|p1a: Tyranitar
|-supereffective|p1a: Tyranitar
|-damage|p1a: Tyranitar|65/100
|
|t:|1741044097
|switch|p2a: Excadrill|Excadrill, M|100/100|[from] U-turn
|-item|p2a: Excadrill|Air Balloon
|move|p1a: Tyranitar|Ice Beam|p2a: Excadrill
|-damage|p2a: Excadrill|71/100
|-status|p2a: Excadrill|frz
|-enditem|p2a: Excadrill|Air Balloon
|
|-weather|Sandstorm|[upkeep]
|upkeep
|turn|2
|
|t:|1741044101
|-curestatus|p2a: Excadrill|frz|[msg]
|move|p2a: Excadrill|Iron Head|p1a: Tyranitar
|-supereffective|p1a: Tyranitar
|-damage|p1a: Tyranitar|0 fnt
|faint|p1a: Tyranitar
|
|-weather|Sandstorm|[upkeep]
|upkeep
|
|t:|1741044106
|switch|p1a: Seismitoad|Seismitoad, F|100/100
|turn|3
|
|t:|1741044108
|switch|p2a: Ferrothorn|Ferrothorn, F|100/100
|move|p1a: Seismitoad|Stealth Rock|p2a: Ferrothorn
|-sidestart|p2: skillfullbeing|move: Stealth Rock
|
|-weather|Sandstorm|[upkeep]
|upkeep
|turn|4
|
|t:|1741044112
|switch|p1a: Reuniclus|Reuniclus, F|100/100
|move|p2a: Ferrothorn|Thunder Wave|p1a: Reuniclus
|-status|p1a: Reuniclus|par
|
|-weather|Sandstorm|[upkeep]
|upkeep
|turn|5
|
|t:|1741044115
|switch|p2a: Tyranitar|Tyranitar, F|100/100
|-damage|p2a: Tyranitar|88/100|[from] Stealth Rock
|cant|p1a: Reuniclus|par
|
|-weather|Sandstorm|[upkeep]
|upkeep
|turn|6
|
|t:|1741044117
|move|p2a: Tyranitar|Pursuit|p1a: Reuniclus
|-supereffective|p1a: Reuniclus
|-damage|p1a: Reuniclus|67/100 par
|move|p1a: Reuniclus|Focus Blast|p2a: Tyranitar
|-supereffective|p2a: Tyranitar
|-enditem|p2a: Tyranitar|Chople Berry|[eat]
|-enditem|p2a: Tyranitar|Chople Berry|[weaken]
|-damage|p2a: Tyranitar|39/100
|-unboost|p2a: Tyranitar|spd|1
|
|-weather|Sandstorm|[upkeep]
|upkeep
|turn|7
|
|t:|1741044123
|switch|p1a: Jirachi|Jirachi|100/100
|move|p2a: Tyranitar|Crunch|p1a: Jirachi
|-damage|p1a: Jirachi|71/100
|
|-weather|Sandstorm|[upkeep]
|-heal|p1a: Jirachi|77/100|[from] item: Leftovers
|upkeep
|turn|8
|
|t:|1741044125
|switch|p2a: Landorus|Landorus-Therian, M|100/100
|-damage|p2a: Landorus|88/100|[from] Stealth Rock
|-ability|p2a: Landorus|Intimidate|boost
|-unboost|p1a: Jirachi|atk|1
|move|p1a: Jirachi|U-turn|p2a: Landorus
|-resisted|p2a: Landorus
|-damage|p2a: Landorus|82/100
|
|t:|1741044128
|switch|p1a: Flygon|Flygon, M|100/100|[from] U-turn
|
|-weather|Sandstorm|[upkeep]
|upkeep
|turn|9
|
|t:|1741044133
|move|p1a: Flygon|Hidden Power|p2a: Landorus
|-supereffective|p2a: Landorus
|-damage|p2a: Landorus|20/100
|move|p2a: Landorus|Hidden Power|p1a: Flygon
|-supereffective|p1a: Flygon
|-damage|p1a: Flygon|24/100
|
|-weather|Sandstorm|[upkeep]
|upkeep
|turn|10
|
|t:|1741044138
|switch|p1a: Jirachi|Jirachi|77/100
|switch|p2a: Rotom|Rotom-Wash|100/100
|-damage|p2a: Rotom|88/100|[from] Stealth Rock
|
|-weather|Sandstorm|[upkeep]
|-damage|p2a: Rotom|82/100|[from] Sandstorm
|-heal|p1a: Jirachi|83/100|[from] item: Leftovers
|-heal|p2a: Rotom|88/100|[from] item: Leftovers
|upkeep
|turn|11
|
|t:|1741044141
|move|p1a: Jirachi|U-turn|p2a: Rotom
|-damage|p2a: Rotom|73/100
|
|t:|1741044142
|switch|p1a: Seismitoad|Seismitoad, F|100/100|[from] U-turn
|move|p2a: Rotom|Will-O-Wisp|p1a: Seismitoad
|-status|p1a: Seismitoad|brn
|
|-weather|Sandstorm|[upkeep]
|-damage|p2a: Rotom|67/100|[from] Sandstorm
|-heal|p2a: Rotom|73/100|[from] item: Leftovers
|-damage|p1a: Seismitoad|88/100 brn|[from] brn
|upkeep
|turn|12
|
|t:|1741044145
|switch|p2a: Ferrothorn|Ferrothorn, F|100/100
|-damage|p2a: Ferrothorn|94/100|[from] Stealth Rock
|move|p1a: Seismitoad|Refresh|p1a: Seismitoad
|-curestatus|p1a: Seismitoad|brn|[msg]
|
|-weather|Sandstorm|[upkeep]
|-heal|p1a: Seismitoad|94/100|[from] item: Leftovers
|-heal|p2a: Ferrothorn|100/100|[from] item: Leftovers
|upkeep
|turn|13
|
|t:|1741044148
|switch|p1a: Reuniclus|Reuniclus, F|67/100 par
|move|p2a: Ferrothorn|Thunder Wave|p1a: Reuniclus
|-fail|p1a: Reuniclus|par
|
|-weather|Sandstorm|[upkeep]
|upkeep
|turn|14
|
|t:|1741044149
|move|p2a: Ferrothorn|Power Whip|p1a: Reuniclus
|-damage|p1a: Reuniclus|31/100 par
|move|p1a: Reuniclus|Trick Room|p1a: Reuniclus
|-fieldstart|move: Trick Room|[of] p1a: Reuniclus
|
|-weather|Sandstorm|[upkeep]
|upkeep
|turn|15
|
|t:|1741044153
|cant|p1a: Reuniclus|par
|move|p2a: Ferrothorn|Power Whip|p1a: Reuniclus
|-damage|p1a: Reuniclus|0 fnt
|faint|p1a: Reuniclus
|
|-weather|Sandstorm|[upkeep]
|upkeep
|
|t:|1741044157
|switch|p1a: Jirachi|Jirachi|83/100
|turn|16
|
|t:|1741044164
|switch|p2a: Tyranitar|Tyranitar, F|39/100
|-damage|p2a: Tyranitar|27/100|[from] Stealth Rock
|move|p1a: Jirachi|Fire Punch|p2a: Tyranitar
|-resisted|p2a: Tyranitar
|-damage|p2a: Tyranitar|20/100
|
|-weather|Sandstorm|[upkeep]
|-heal|p1a: Jirachi|89/100|[from] item: Leftovers
|upkeep
|turn|17
|
|t:|1741044169
|switch|p1a: Bronzong|Bronzong|100/100
|move|p2a: Tyranitar|Crunch|p1a: Bronzong
|-damage|p1a: Bronzong|68/100
|
|-weather|Sandstorm|[upkeep]
|upkeep
|turn|18
|
|t:|1741044173
|switch|p2a: Ferrothorn|Ferrothorn, F|100/100
|-damage|p2a: Ferrothorn|94/100|[from] Stealth Rock
|move|p1a: Bronzong|Earthquake|p2a: Ferrothorn
|-damage|p2a: Ferrothorn|66/100
|-damage|p1a: Bronzong|58/100|[from] item: Life Orb
|
|-weather|Sandstorm|[upkeep]
|-heal|p2a: Ferrothorn|72/100|[from] item: Leftovers
|-fieldend|move: Trick Room
|upkeep
|turn|19
|
|t:|1741044177
|switch|p1a: Jirachi|Jirachi|89/100
|move|p2a: Ferrothorn|Thunder Wave|p1a: Jirachi
|-status|p1a: Jirachi|par
|
|-weather|Sandstorm|[upkeep]
|-heal|p1a: Jirachi|96/100 par|[from] item: Leftovers
|-heal|p2a: Ferrothorn|79/100|[from] item: Leftovers
|upkeep
|turn|20
|
|t:|1741044182
|switch|p2a: Rotom|Rotom-Wash|73/100
|-damage|p2a: Rotom|61/100|[from] Stealth Rock
|move|p1a: Jirachi|Fire Punch|p2a: Rotom
|-resisted|p2a: Rotom
|-damage|p2a: Rotom|52/100
|
|-weather|Sandstorm|[upkeep]
|-damage|p2a: Rotom|45/100|[from] Sandstorm
|-heal|p2a: Rotom|52/100|[from] item: Leftovers
|-heal|p1a: Jirachi|100/100 par|[from] item: Leftovers
|upkeep
|turn|21
|
|t:|1741044185
|switch|p1a: Seismitoad|Seismitoad, F|94/100
|move|p2a: Rotom|Pain Split|p1a: Seismitoad
|-sethp|p1a: Seismitoad|63/100|[from] move: Pain Split|[silent]
|-sethp|p2a: Rotom|100/100|[from] move: Pain Split
|
|-weather|Sandstorm|[upkeep]
|-damage|p2a: Rotom|94/100|[from] Sandstorm
|-heal|p2a: Rotom|100/100|[from] item: Leftovers
|-heal|p1a: Seismitoad|69/100|[from] item: Leftovers
|upkeep
|turn|22
|
|t:|1741044199
|switch|p2a: Ferrothorn|Ferrothorn, F|79/100
|-damage|p2a: Ferrothorn|72/100|[from] Stealth Rock
|move|p1a: Seismitoad|Scald|p2a: Ferrothorn
|-resisted|p2a: Ferrothorn
|-damage|p2a: Ferrothorn|62/100
|
|-weather|Sandstorm|[upkeep]
|-heal|p1a: Seismitoad|75/100|[from] item: Leftovers
|-heal|p2a: Ferrothorn|68/100|[from] item: Leftovers
|upkeep
|turn|23
|
|t:|1741044205
|switch|p1a: Jirachi|Jirachi|100/100 par
|move|p2a: Ferrothorn|Stealth Rock|p1a: Jirachi
|-sidestart|p1: leoperi99|move: Stealth Rock
|
|-weather|Sandstorm|[upkeep]
|-heal|p2a: Ferrothorn|75/100|[from] item: Leftovers
|upkeep
|turn|24
|
|t:|1741044209
|switch|p2a: Rotom|Rotom-Wash|100/100
|-damage|p2a: Rotom|88/100|[from] Stealth Rock
|move|p1a: Jirachi|Fire Punch|p2a: Rotom
|-resisted|p2a: Rotom
|-damage|p2a: Rotom|80/100
|-status|p2a: Rotom|brn
|
|-weather|Sandstorm|[upkeep]
|-damage|p2a: Rotom|74/100 brn|[from] Sandstorm
|-heal|p2a: Rotom|80/100 brn|[from] item: Leftovers
|-damage|p2a: Rotom|68/100 brn|[from] brn
|upkeep
|turn|25
|
|t:|1741044212
|switch|p1a: Seismitoad|Seismitoad, F|75/100
|-damage|p1a: Seismitoad|69/100|[from] Stealth Rock
|move|p2a: Rotom|Pain Split|p1a: Seismitoad
|-sethp|p1a: Seismitoad|56/100|[from] move: Pain Split|[silent]
|-sethp|p2a: Rotom|89/100 brn|[from] move: Pain Split
|
|-weather|Sandstorm|[upkeep]
|-damage|p2a: Rotom|83/100 brn|[from] Sandstorm
|-heal|p2a: Rotom|89/100 brn|[from] item: Leftovers
|-heal|p1a: Seismitoad|62/100|[from] item: Leftovers
|-damage|p2a: Rotom|76/100 brn|[from] brn
|upkeep
|turn|26
|
|t:|1741044226
|move|p1a: Seismitoad|Protect|p1a: Seismitoad
|-singleturn|p1a: Seismitoad|Protect
|move|p2a: Rotom|Will-O-Wisp|p1a: Seismitoad
|-activate|p1a: Seismitoad|move: Protect
|
|-weather|Sandstorm|[upkeep]
|-damage|p2a: Rotom|70/100 brn|[from] Sandstorm
|-heal|p2a: Rotom|76/100 brn|[from] item: Leftovers
|-heal|p1a: Seismitoad|68/100|[from] item: Leftovers
|-damage|p2a: Rotom|64/100 brn|[from] brn
|upkeep
|turn|27
|
|t:|1741044230
|move|p2a: Rotom|Pain Split|p1a: Seismitoad
|-sethp|p1a: Seismitoad|54/100|[from] move: Pain Split|[silent]
|-sethp|p2a: Rotom|86/100 brn|[from] move: Pain Split
|move|p1a: Seismitoad|Scald|p2a: Rotom
|-resisted|p2a: Rotom
|-damage|p2a: Rotom|74/100 brn
|
|-weather|Sandstorm|[upkeep]
|-damage|p2a: Rotom|68/100 brn|[from] Sandstorm
|-heal|p2a: Rotom|74/100 brn|[from] item: Leftovers
|-heal|p1a: Seismitoad|60/100|[from] item: Leftovers
|-damage|p2a: Rotom|61/100 brn|[from] brn
|upkeep
|turn|28
|
|t:|1741044236
|switch|p2a: Ferrothorn|Ferrothorn, F|75/100
|-damage|p2a: Ferrothorn|68/100|[from] Stealth Rock
|move|p1a: Seismitoad|Scald|p2a: Ferrothorn
|-resisted|p2a: Ferrothorn
|-damage|p2a: Ferrothorn|58/100
|-status|p2a: Ferrothorn|brn
|
|-weather|Sandstorm|[upkeep]
|-heal|p1a: Seismitoad|66/100|[from] item: Leftovers
|-heal|p2a: Ferrothorn|64/100 brn|[from] item: Leftovers
|-damage|p2a: Ferrothorn|52/100 brn|[from] brn
|upkeep
|turn|29
|
|t:|1741044241
|move|p1a: Seismitoad|Protect|p1a: Seismitoad
|-singleturn|p1a: Seismitoad|Protect
|move|p2a: Ferrothorn|Spikes|p1a: Seismitoad
|-sidestart|p1: leoperi99|Spikes
|
|-weather|Sandstorm|[upkeep]
|-heal|p1a: Seismitoad|72/100|[from] item: Leftovers
|-heal|p2a: Ferrothorn|58/100 brn|[from] item: Leftovers
|-damage|p2a: Ferrothorn|45/100 brn|[from] brn
|upkeep
|turn|30
|
|t:|1741044244
|switch|p1a: Jirachi|Jirachi|100/100 par
|-damage|p1a: Jirachi|94/100 par|[from] Stealth Rock
|-damage|p1a: Jirachi|82/100 par|[from] Spikes
|move|p2a: Ferrothorn|Spikes|p1a: Jirachi
|-sidestart|p1: leoperi99|Spikes
|
|-weather|Sandstorm|[upkeep]
|-heal|p1a: Jirachi|88/100 par|[from] item: Leftovers
|-heal|p2a: Ferrothorn|52/100 brn|[from] item: Leftovers
|-damage|p2a: Ferrothorn|39/100 brn|[from] brn
|upkeep
|turn|31
|
|t:|1741044246
|cant|p1a: Jirachi|par
|move|p2a: Ferrothorn|Spikes|p1a: Jirachi
|-sidestart|p1: leoperi99|Spikes
|
|-weather|Sandstorm|[upkeep]
|-heal|p1a: Jirachi|94/100 par|[from] item: Leftovers
|-heal|p2a: Ferrothorn|45/100 brn|[from] item: Leftovers
|-damage|p2a: Ferrothorn|33/100 brn|[from] brn
|upkeep
|turn|32
|
|t:|1741044250
|cant|p1a: Jirachi|par
|move|p2a: Ferrothorn|Power Whip|p1a: Jirachi
|-resisted|p1a: Jirachi
|-damage|p1a: Jirachi|86/100 par
|
|-weather|Sandstorm|[upkeep]
|-heal|p1a: Jirachi|92/100 par|[from] item: Leftovers
|-heal|p2a: Ferrothorn|39/100 brn|[from] item: Leftovers
|-damage|p2a: Ferrothorn|27/100 brn|[from] brn
|upkeep
|turn|33
|
|t:|1741044251
|move|p1a: Jirachi|Wish|p1a: Jirachi
|move|p2a: Ferrothorn|Power Whip|p1a: Jirachi
|-resisted|p1a: Jirachi
|-damage|p1a: Jirachi|83/100 par
|
|-weather|Sandstorm|[upkeep]
|-heal|p1a: Jirachi|90/100 par|[from] item: Leftovers
|-heal|p2a: Ferrothorn|33/100 brn|[from] item: Leftovers
|-damage|p2a: Ferrothorn|21/100 brn|[from] brn
|upkeep
|turn|34
|
|t:|1741044254
|move|p1a: Jirachi|U-turn|p2a: Ferrothorn
|-damage|p2a: Ferrothorn|7/100 brn
|-damage|p1a: Jirachi|77/100 par|[from] ability: Iron Barbs|[of] p2a: Ferrothorn
|
|t:|1741044255
|switch|p1a: Bronzong|Bronzong|58/100|[from] U-turn
|-damage|p1a: Bronzong|52/100|[from] Stealth Rock
|move|p2a: Ferrothorn|Power Whip|p1a: Bronzong
|-resisted|p1a: Bronzong
|-damage|p1a: Bronzong|42/100
|
|-weather|Sandstorm|[upkeep]
|-heal|p1a: Bronzong|100/100|[from] move: Wish|[wisher] Jirachi
|-heal|p2a: Ferrothorn|13/100 brn|[from] item: Leftovers
|-damage|p2a: Ferrothorn|1/100 brn|[from] brn
|upkeep
|turn|35
|
|t:|1741044260
|move|p2a: Ferrothorn|Power Whip|p1a: Bronzong
|-resisted|p1a: Bronzong
|-damage|p1a: Bronzong|91/100
|move|p1a: Bronzong|Trick Room|p1a: Bronzong
|-fieldstart|move: Trick Room|[of] p1a: Bronzong
|
|-weather|Sandstorm|[upkeep]
|-heal|p2a: Ferrothorn|7/100 brn|[from] item: Leftovers
|-damage|p2a: Ferrothorn|0 fnt|[from] brn
|faint|p2a: Ferrothorn
|upkeep
|
|t:|1741044263
|switch|p2a: Rotom|Rotom-Wash|61/100 brn
|-damage|p2a: Rotom|49/100 brn|[from] Stealth Rock
|turn|36
|
|t:|1741044265
|move|p1a: Bronzong|Zen Headbutt|p2a: Rotom
|-damage|p2a: Rotom|5/100 brn
|-damage|p1a: Bronzong|81/100|[from] item: Life Orb
|cant|p2a: Rotom|flinch
|
|-weather|Sandstorm|[upkeep]
|-damage|p2a: Rotom|0 fnt|[from] Sandstorm
|faint|p2a: Rotom
|upkeep
|j| SireSatire
|
|t:|1741044277
|switch|p2a: Alakazam|Alakazam, M|100/100
|turn|37
|
|t:|1741044286
|switch|p1a: Seismitoad|Seismitoad, F|72/100
|-damage|p1a: Seismitoad|66/100|[from] Stealth Rock
|-damage|p1a: Seismitoad|41/100|[from] Spikes
|move|p2a: Alakazam|Focus Blast|p1a: Seismitoad
|-damage|p1a: Seismitoad|0 fnt
|faint|p1a: Seismitoad
|
|-weather|Sandstorm|[upkeep]
|upkeep
|
|t:|1741044289
|switch|p1a: Jirachi|Jirachi|77/100 par
|-damage|p1a: Jirachi|71/100 par|[from] Stealth Rock
|-damage|p1a: Jirachi|46/100 par|[from] Spikes
|turn|38
|
|t:|1741044298
|switch|p2a: Tyranitar|Tyranitar, F|20/100
|-damage|p2a: Tyranitar|7/100|[from] Stealth Rock
|move|p1a: Jirachi|U-turn|p2a: Tyranitar
|-supereffective|p2a: Tyranitar
|-damage|p2a: Tyranitar|0 fnt
|faint|p2a: Tyranitar
|l| SireSatire
|
|t:|1741044301
|switch|p1a: Bronzong|Bronzong|81/100|[from] U-turn
|-damage|p1a: Bronzong|75/100|[from] Stealth Rock
|
|-weather|Sandstorm|[upkeep]
|upkeep
|
|t:|1741044306
|switch|p2a: Alakazam|Alakazam, M|100/100
|turn|39
|
|t:|1741044310
|move|p1a: Bronzong|Gyro Ball|p2a: Alakazam
|-enditem|p2a: Alakazam|Focus Sash
|-damage|p2a: Alakazam|1/100
|-damage|p1a: Bronzong|65/100|[from] item: Life Orb
|move|p2a: Alakazam|Focus Blast|p1a: Bronzong
|-damage|p1a: Bronzong|30/100
|
|-weather|Sandstorm|[upkeep]
|-fieldend|move: Trick Room
|upkeep
|turn|40
|
|t:|1741044330
|move|p2a: Alakazam|Focus Blast|p1a: Bronzong|[miss]
|-miss|p2a: Alakazam|p1a: Bronzong
|move|p1a: Bronzong|Gyro Ball|p2a: Alakazam
|-damage|p2a: Alakazam|0 fnt
|faint|p2a: Alakazam
|-damage|p1a: Bronzong|20/100|[from] item: Life Orb
|
|-weather|Sandstorm|[upkeep]
|upkeep
|
|t:|1741044339
|switch|p2a: Excadrill|Excadrill, M|71/100
|-damage|p2a: Excadrill|68/100|[from] Stealth Rock
|turn|41
|
|t:|1741044357
|move|p2a: Excadrill|Iron Head|p1a: Bronzong
|-resisted|p1a: Bronzong
|-damage|p1a: Bronzong|0 fnt
|faint|p1a: Bronzong
|
|-weather|Sandstorm|[upkeep]
|upkeep
|
|t:|1741044361
|switch|p1a: Flygon|Flygon, M|24/100
|-damage|p1a: Flygon|18/100|[from] Stealth Rock
|turn|42
|
|t:|1741044366
|switch|p2a: Landorus|Landorus-Therian, M|20/100
|-damage|p2a: Landorus|7/100|[from] Stealth Rock
|-ability|p2a: Landorus|Intimidate|boost
|-unboost|p1a: Flygon|atk|1
|move|p1a: Flygon|U-turn|p2a: Landorus
|-resisted|p2a: Landorus
|-damage|p2a: Landorus|0 fnt
|faint|p2a: Landorus
|
|t:|1741044369
|switch|p1a: Jirachi|Jirachi|46/100 par|[from] U-turn
|-damage|p1a: Jirachi|40/100 par|[from] Stealth Rock
|-damage|p1a: Jirachi|15/100 par|[from] Spikes
|
|-weather|Sandstorm|[upkeep]
|-heal|p1a: Jirachi|21/100 par|[from] item: Leftovers
|upkeep
|
|t:|1741044372
|switch|p2a: Excadrill|Excadrill, M|68/100
|-damage|p2a: Excadrill|65/100|[from] Stealth Rock
|turn|43
|
|t:|1741044374
|move|p2a: Excadrill|Earthquake|p1a: Jirachi
|-supereffective|p1a: Jirachi
|-damage|p1a: Jirachi|0 fnt
|faint|p1a: Jirachi
|
|-weather|Sandstorm|[upkeep]
|upkeep
|
|t:|1741044375
|switch|p1a: Flygon|Flygon, M|18/100
|-damage|p1a: Flygon|12/100|[from] Stealth Rock
|turn|44
|
|t:|1741044377
|move|p1a: Flygon|Earthquake|p2a: Excadrill
|-supereffective|p2a: Excadrill
|-damage|p2a: Excadrill|0 fnt
|faint|p2a: Excadrill
|
|win|leoperi99
|raw|leoperi99's rating: 1595 &rarr; <strong>1603</strong><br />(+8 for winning)
|raw|skillfullbeing's rating: 1355 &rarr; <strong>1347</strong><br />(-8 for losing)
|c|☆leoperi99|gg
