|j|☆Crimsonbacon38
|j|☆The Alchemist 67
|t:|1726417493
|gametype|singles
|player|p1|Crimsonbacon38|barry|1312
|player|p2|The Alchemist 67|ghetsis|1411
|teamsize|p1|6
|teamsize|p2|6
|gen|5
|tier|[Gen 5] OU
|rated|
|rule|Species Clause: Limit one of each Pokémon
|rule|OHKO Clause: OHKO moves are banned
|rule|Moody Clause: Moody is banned
|rule|Evasion Items Clause: Evasion items are banned
|rule|Evasion Moves Clause: Evasion moves are banned
|rule|Endless Battle Clause: Forcing endless battles is banned
|rule|HP Percentage Mod: HP is shown in percentages
|rule|Evasion Abilities Clause: Evasion abilities are banned
|rule|Sleep Moves Clause: Sleep-inducing moves are banned
|rule|Swagger Clause: Swagger is banned
|rule|Baton Pass Stat Clause: No Baton Passer may have a way to boost its stats
|clearpoke
|poke|p1|Tyranitar, M|item
|poke|p1|Excadrill, F|item
|poke|p1|Keldeo|item
|poke|p1|Garchomp, M|item
|poke|p1|Scizor, M|item
|poke|p1|Latios, M|item
|poke|p2|Politoed, F|item
|poke|p2|Latios, M|item
|poke|p2|Garchomp, F|item
|poke|p2|Haxorus, F|item
|poke|p2|Mamoswine, M|item
|poke|p2|Magnezone|item
|teampreview
|
|t:|1726417501
|start
|switch|p1a: Tyranitar|Tyranitar, M|100/100
|switch|p2a: Latios|Latios, M|100/100
|-weather|Sandstorm|[from] ability: Sand Stream|[of] p1a: Tyranitar
|turn|1
|
|t:|1726417507
|move|p1a: Tyranitar|Crunch|p2a: Latios
|-supereffective|p2a: Latios
|-damage|p2a: Latios|0 fnt
|faint|p2a: Latios
|
|-weather|Sandstorm|[upkeep]
|upkeep
|c|☆Crimsonbacon38|Glhf
|
|t:|1726417571
|switch|p2a: Haxorus|Haxorus, F|100/100
|-ability|p2a: Haxorus|Mold Breaker
|turn|2
|
|t:|1726417579
|switch|p1a: Scizor|Scizor, M|100/100
|move|p2a: Haxorus|Earthquake|p1a: Scizor
|-damage|p1a: Scizor|25/100
|
|-weather|Sandstorm|[upkeep]
|-damage|p2a: Haxorus|94/100|[from] Sandstorm
|upkeep
|turn|3
|
|t:|1726417587
|move|p1a: Scizor|Bullet Punch|p2a: Haxorus
|-damage|p2a: Haxorus|31/100
|move|p2a: Haxorus|Earthquake|p1a: Scizor
|-damage|p1a: Scizor|0 fnt
|faint|p1a: Scizor
|
|-weather|Sandstorm|[upkeep]
|-damage|p2a: Haxorus|24/100|[from] Sandstorm
|upkeep
|
|t:|1726417593
|switch|p1a: Latios|Latios, M|100/100
|turn|4
|
|t:|1726417599
|switch|p2a: Politoed|Politoed, F|100/100
|-weather|RainDance|[from] ability: Drizzle|[of] p2a: Politoed
|move|p1a: Latios|Draco Meteor|p2a: Politoed
|-damage|p2a: Politoed|25/100
|-unboost|p1a: Latios|spa|2
|
|-weather|RainDance|[upkeep]
|upkeep
|turn|5
|
|t:|1726417606
|switch|p1a: Tyranitar|Tyranitar, M|100/100
|-weather|Sandstorm|[from] ability: Sand Stream|[of] p1a: Tyranitar
|move|p2a: Politoed|Ice Beam|p1a: Tyranitar
|-damage|p1a: Tyranitar|83/100
|
|-weather|Sandstorm|[upkeep]
|-damage|p2a: Politoed|19/100|[from] Sandstorm
|upkeep
|turn|6
|
|t:|1726417613
|move|p2a: Politoed|Ice Beam|p1a: Tyranitar
|-damage|p1a: Tyranitar|67/100
|move|p1a: Tyranitar|Pursuit|p2a: Politoed
|-damage|p2a: Politoed|0 fnt
|faint|p2a: Politoed
|
|-weather|Sandstorm|[upkeep]
|upkeep
|
|t:|1726417618
|switch|p2a: Haxorus|Haxorus, F|24/100
|-ability|p2a: Haxorus|Mold Breaker
|turn|7
|
|t:|1726417628
|switch|p1a: Garchomp|Garchomp, M|100/100
|move|p2a: Haxorus|Earthquake|p1a: Garchomp
|-damage|p1a: Garchomp|37/100
|
|-weather|Sandstorm|[upkeep]
|-damage|p2a: Haxorus|18/100|[from] Sandstorm
|-heal|p1a: Garchomp|44/100|[from] item: Leftovers
|upkeep
|turn|8
|
|t:|1726417645
|move|p1a: Garchomp|Earthquake|p2a: Haxorus
|-damage|p2a: Haxorus|0 fnt
|faint|p2a: Haxorus
|
|-weather|Sandstorm|[upkeep]
|-heal|p1a: Garchomp|50/100|[from] item: Leftovers
|upkeep
|
|t:|1726417656
|switch|p2a: Mamoswine|Mamoswine, M|100/100
|turn|9
|
|t:|1726417658
|switch|p1a: Keldeo|Keldeo|100/100
|move|p2a: Mamoswine|Ice Shard|p1a: Keldeo
|-resisted|p1a: Keldeo
|-damage|p1a: Keldeo|85/100
|-damage|p2a: Mamoswine|91/100|[from] item: Life Orb
|
|-weather|Sandstorm|[upkeep]
|-damage|p1a: Keldeo|79/100|[from] Sandstorm
|upkeep
|turn|10
|
|t:|1726417665
|switch|p2a: Garchomp|Garchomp, F|100/100
|move|p1a: Keldeo|Secret Sword|p2a: Garchomp
|-damage|p2a: Garchomp|54/100
|
|-weather|Sandstorm|[upkeep]
|-damage|p1a: Keldeo|72/100|[from] Sandstorm
|upkeep
|turn|11
|
|t:|1726417672
|switch|p1a: Excadrill|Excadrill, F|100/100
|move|p2a: Garchomp|Outrage|p1a: Excadrill
|-resisted|p1a: Excadrill
|-damage|p1a: Excadrill|61/100
|
|-weather|Sandstorm|[upkeep]
|-heal|p1a: Excadrill|68/100|[from] item: Leftovers
|upkeep
|turn|12
|
|t:|1726417679
|move|p2a: Garchomp|Outrage|p1a: Excadrill|[from]lockedmove
|-resisted|p1a: Excadrill
|-damage|p1a: Excadrill|26/100
|move|p1a: Excadrill|Earthquake|p2a: Garchomp
|-damage|p2a: Garchomp|0 fnt
|faint|p2a: Garchomp
|
|-weather|Sandstorm|[upkeep]
|-heal|p1a: Excadrill|32/100|[from] item: Leftovers
|upkeep
|
|t:|1726417684
|switch|p2a: Magnezone|Magnezone|100/100
|-item|p2a: Magnezone|Air Balloon
|turn|13
|
|t:|1726417688
|move|p1a: Excadrill|Iron Head|p2a: Magnezone
|-resisted|p2a: Magnezone
|-damage|p2a: Magnezone|88/100
|-enditem|p2a: Magnezone|Air Balloon
|cant|p2a: Magnezone|flinch
|
|-weather|Sandstorm|[upkeep]
|-heal|p1a: Excadrill|39/100|[from] item: Leftovers
|upkeep
|turn|14
|
|t:|1726417692
|move|p1a: Excadrill|Earthquake|p2a: Magnezone
|-supereffective|p2a: Magnezone
|-damage|p2a: Magnezone|0 fnt
|faint|p2a: Magnezone
|
|-weather|Sandstorm|[upkeep]
|-heal|p1a: Excadrill|45/100|[from] item: Leftovers
|upkeep
|
|t:|1726417695
|switch|p2a: Mamoswine|Mamoswine, M|91/100
|turn|15
|
|t:|1726417699
|move|p2a: Mamoswine|Ice Shard|p1a: Excadrill
|-damage|p1a: Excadrill|6/100
|-damage|p2a: Mamoswine|81/100|[from] item: Life Orb
|move|p1a: Excadrill|Iron Head|p2a: Mamoswine
|-supereffective|p2a: Mamoswine
|-damage|p2a: Mamoswine|0 fnt
|faint|p2a: Mamoswine
|
|win|Crimsonbacon38
|raw|Crimsonbacon38's rating: 1312 &rarr; <strong>1338</strong><br />(+26 for winning)
|raw|The Alchemist 67's rating: 1411 &rarr; <strong>1385</strong><br />(-26 for losing)
|c|☆Crimsonbacon38|gg
|l|☆The Alchemist 67
|player|p2|
