|j|☆sidis
|j|☆when it shutdown
|t:|1706216392
|gametype|singles
|player|p1|sidis|iris|1388
|player|p2|when it shutdown|rosa|1415
|teamsize|p1|6
|teamsize|p2|6
|gen|5
|tier|[Gen 5] OU
|rated|
|rule|Species Clause: Limit one of each Pokémon
|rule|OHKO Clause: OHKO moves are banned
|rule|Moody Clause: Moody is banned
|rule|Evasion Items Clause: Evasion items are banned
|rule|Evasion Moves Clause: Evasion moves are banned
|rule|Endless Battle Clause: Forcing endless battles is banned
|rule|HP Percentage Mod: HP is shown in percentages
|rule|Evasion Abilities Clause: Evasion abilities are banned
|rule|Sleep Moves Clause: Sleep-inducing moves are banned
|rule|Swagger Clause: Swagger is banned
|rule|Baton Pass Stat Clause: No Baton Passer may have a way to boost its stats
|clearpoke
|poke|p1|Latios, M|item
|poke|p1|Landorus-Therian, M|item
|poke|p1|Mamoswine, M|item
|poke|p1|Starmie|item
|poke|p1|Metagross|item
|poke|p1|Chandelure, F|item
|poke|p2|Tyranitar, F|item
|poke|p2|Ferrothorn, M|item
|poke|p2|Alakazam, M|item
|poke|p2|Rotom-Wash|item
|poke|p2|Terrakion|item
|poke|p2|Landorus-Therian, M|item
|teampreview
|
|t:|1706216420
|start
|switch|p1a: Latios|Latios, M|100/100
|switch|p2a: Rotom|Rotom-Wash|100/100
|turn|1
|
|t:|1706216431
|switch|p2a: Terrakion|Terrakion|100/100
|move|p1a: Latios|Draco Meteor|p2a: Terrakion
|-damage|p2a: Terrakion|0 fnt
|-unboost|p1a: Latios|spa|2
|faint|p2a: Terrakion
|
|upkeep
|
|t:|1706216433
|switch|p2a: Tyranitar|Tyranitar, F|100/100
|-weather|Sandstorm|[from] ability: Sand Stream|[of] p2a: Tyranitar
|turn|2
|
|t:|1706216437
|move|p1a: Latios|Draco Meteor|p2a: Tyranitar
|-damage|p2a: Tyranitar|75/100
|-unboost|p1a: Latios|spa|2
|move|p2a: Tyranitar|Pursuit|p1a: Latios
|-supereffective|p1a: Latios
|-damage|p1a: Latios|49/100
|
|-weather|Sandstorm|[upkeep]
|-damage|p1a: Latios|43/100|[from] Sandstorm
|upkeep
|turn|3
|
|t:|1706216440
|move|p1a: Latios|Draco Meteor|p2a: Tyranitar|[miss]
|-miss|p1a: Latios|p2a: Tyranitar
|move|p2a: Tyranitar|Pursuit|p1a: Latios
|-supereffective|p1a: Latios
|-crit|p1a: Latios
|-damage|p1a: Latios|0 fnt
|faint|p1a: Latios
|
|-weather|Sandstorm|[upkeep]
|upkeep
|
|t:|1706216442
|switch|p1a: Landorus|Landorus-Therian, M|100/100
|-ability|p1a: Landorus|Intimidate|boost
|-unboost|p2a: Tyranitar|atk|1
|turn|4
|
|t:|1706216450
|switch|p2a: Rotom|Rotom-Wash|100/100
|move|p1a: Landorus|Stealth Rock|p2a: Rotom
|-sidestart|p2: when it shutdown|move: Stealth Rock
|
|-weather|Sandstorm|[upkeep]
|-damage|p2a: Rotom|95/100|[from] Sandstorm
|-heal|p2a: Rotom|100/100|[from] item: Leftovers
|upkeep
|turn|5
|j| rambo on waist
|
|t:|1706216472
|move|p1a: Landorus|U-turn|p2a: Rotom
|-damage|p2a: Rotom|77/100
|
|t:|1706216474
|switch|p1a: Metagross|Metagross|100/100|[from] U-turn
|move|p2a: Rotom|Hydro Pump|p1a: Metagross|[miss]
|-miss|p2a: Rotom|p1a: Metagross
|
|-weather|Sandstorm|[upkeep]
|-damage|p2a: Rotom|71/100|[from] Sandstorm
|-heal|p2a: Rotom|77/100|[from] item: Leftovers
|upkeep
|turn|6
|
|t:|1706216478
|move|p1a: Metagross|Explosion|p2a: Rotom
|-damage|p2a: Rotom|0 fnt
|faint|p1a: Metagross
|faint|p2a: Rotom
|
|-weather|Sandstorm|[upkeep]
|upkeep
|
|t:|1706216501
|switch|p1a: Mamoswine|Mamoswine, M|100/100
|switch|p2a: Landorus|Landorus-Therian, M|100/100
|-damage|p2a: Landorus|88/100|[from] Stealth Rock
|-ability|p2a: Landorus|Intimidate|boost
|-unboost|p1a: Mamoswine|atk|1
|turn|7
|
|t:|1706216506
|switch|p2a: Ferrothorn|Ferrothorn, M|100/100
|-damage|p2a: Ferrothorn|94/100|[from] Stealth Rock
|move|p1a: Mamoswine|Ice Shard|p2a: Ferrothorn
|-crit|p2a: Ferrothorn
|-damage|p2a: Ferrothorn|41/100
|
|-weather|Sandstorm|[upkeep]
|-heal|p2a: Ferrothorn|48/100|[from] item: Leftovers
|upkeep
|turn|8
|c|☆when it shutdown|have a day off
|
|t:|1706216518
|switch|p1a: Chandelure|Chandelure, F|100/100
|switch|p2a: Alakazam|Alakazam, M, shiny|100/100
|
|-weather|Sandstorm|[upkeep]
|-damage|p1a: Chandelure|94/100|[from] Sandstorm
|upkeep
|turn|9
|
|t:|1706216536
|switch|p1a: Landorus|Landorus-Therian, M|100/100
|-ability|p1a: Landorus|Intimidate|boost
|-unboost|p2a: Alakazam|atk|1
|switch|p2a: Tyranitar|Tyranitar, F|75/100
|-damage|p2a: Tyranitar|62/100|[from] Stealth Rock
|
|-weather|Sandstorm|[upkeep]
|upkeep
|turn|10
|c|☆when it shutdown|right...
|
|t:|1706216543
|switch|p2a: Landorus|Landorus-Therian, M|88/100
|-damage|p2a: Landorus|76/100|[from] Stealth Rock
|-ability|p2a: Landorus|Intimidate|boost
|-unboost|p1a: Landorus|atk|1
|move|p1a: Landorus|Hidden Power|p2a: Landorus
|-supereffective|p2a: Landorus
|-damage|p2a: Landorus|0 fnt
|faint|p2a: Landorus
|
|-weather|Sandstorm|[upkeep]
|upkeep
|
|t:|1706216545
|switch|p2a: Alakazam|Alakazam, M, shiny|100/100
|turn|11
|
|t:|1706216552
|switch|p1a: Mamoswine|Mamoswine, M|100/100
|move|p2a: Alakazam|Hidden Power|p1a: Mamoswine
|-damage|p1a: Mamoswine|83/100
|
|-weather|Sandstorm|[upkeep]
|upkeep
|turn|12
|
|t:|1706216566
|move|p1a: Mamoswine|Ice Shard|p2a: Alakazam
|-damage|p2a: Alakazam|19/100
|move|p2a: Alakazam|Focus Blast|p1a: Mamoswine
|-supereffective|p1a: Mamoswine
|-damage|p1a: Mamoswine|0 fnt
|faint|p1a: Mamoswine
|
|-weather|Sandstorm|[upkeep]
|upkeep
|
|t:|1706216571
|switch|p1a: Chandelure|Chandelure, F|94/100
|turn|13
|
|t:|1706216576
|switch|p1a: Landorus|Landorus-Therian, M|100/100
|-ability|p1a: Landorus|Intimidate|boost
|-unboost|p2a: Alakazam|atk|1
|switch|p2a: Tyranitar|Tyranitar, F|62/100
|-damage|p2a: Tyranitar|50/100|[from] Stealth Rock
|
|-weather|Sandstorm|[upkeep]
|upkeep
|turn|14
|c|☆when it shutdown|do you have a brain
|
|t:|1706216587
|switch|p2a: Ferrothorn|Ferrothorn, M|48/100
|-damage|p2a: Ferrothorn|41/100|[from] Stealth Rock
|move|p1a: Landorus|Earthquake|p2a: Ferrothorn
|-damage|p2a: Ferrothorn|8/100
|
|-weather|Sandstorm|[upkeep]
|-heal|p2a: Ferrothorn|14/100|[from] item: Leftovers
|upkeep
|turn|15
|
|t:|1706216607
|move|p1a: Landorus|U-turn|p2a: Ferrothorn
|-damage|p2a: Ferrothorn|0 fnt
|-damage|p1a: Landorus|88/100|[from] ability: Iron Barbs|[of] p2a: Ferrothorn
|faint|p2a: Ferrothorn
|
|t:|1706216609
|switch|p1a: Starmie|Starmie|100/100|[from] U-turn
|
|-weather|Sandstorm|[upkeep]
|-damage|p1a: Starmie|94/100|[from] Sandstorm
|upkeep
|
|t:|1706216611
|switch|p2a: Tyranitar|Tyranitar, F|50/100
|-damage|p2a: Tyranitar|37/100|[from] Stealth Rock
|turn|16
|
|t:|1706216614
|move|p1a: Starmie|Hydro Pump|p2a: Tyranitar
|-supereffective|p2a: Tyranitar
|-damage|p2a: Tyranitar|0 fnt
|faint|p2a: Tyranitar
|-damage|p1a: Starmie|84/100|[from] item: Life Orb
|
|-weather|Sandstorm|[upkeep]
|-damage|p1a: Starmie|78/100|[from] Sandstorm
|upkeep
|
|t:|1706216617
|switch|p2a: Alakazam|Alakazam, M, shiny|19/100
|turn|17
|
|t:|1706216619
|move|p2a: Alakazam|Thunder Wave|p1a: Starmie
|-status|p1a: Starmie|par
|cant|p1a: Starmie|par
|
|-weather|Sandstorm|[upkeep]
|-damage|p1a: Starmie|72/100 par|[from] Sandstorm
|upkeep
|turn|18
|
|t:|1706216622
|move|p2a: Alakazam|Psychic|p1a: Starmie
|-resisted|p1a: Starmie
|-damage|p1a: Starmie|33/100 par
|cant|p1a: Starmie|par
|
|-weather|Sandstorm|[upkeep]
|-damage|p1a: Starmie|27/100 par|[from] Sandstorm
|upkeep
|turn|19
|
|t:|1706216623
|move|p2a: Alakazam|Psychic|p1a: Starmie
|-resisted|p1a: Starmie
|-damage|p1a: Starmie|0 fnt
|faint|p1a: Starmie
|
|-weather|Sandstorm|[upkeep]
|upkeep
|
|t:|1706216625
|switch|p1a: Chandelure|Chandelure, F|94/100
|turn|20
|
|t:|1706216627
|move|p1a: Chandelure|Shadow Ball|p2a: Alakazam
|-supereffective|p2a: Alakazam
|-damage|p2a: Alakazam|0 fnt
|faint|p2a: Alakazam
|
|win|sidis
|raw|sidis's rating: 1388 &rarr; <strong>1410</strong><br />(+22 for winning)
|raw|when it shutdown's rating: 1427 &rarr; <strong>1405</strong><br />(-22 for losing)
