|j|☆erauogenkl
|j|☆HydreigonSpammer
|t:|1735938782
|gametype|singles
|player|p1|erauogenkl|serena-masters3|1400
|player|p2|HydreigonSpammer|iris|1320
|teamsize|p1|6
|teamsize|p2|6
|gen|5
|tier|[Gen 5] OU
|rated|
|rule|Species Clause: Limit one of each Pokémon
|rule|OHKO Clause: OHKO moves are banned
|rule|Moody Clause: Moody is banned
|rule|Evasion Items Clause: Evasion items are banned
|rule|Evasion Moves Clause: Evasion moves are banned
|rule|Endless Battle Clause: Forcing endless battles is banned
|rule|HP Percentage Mod: HP is shown in percentages
|rule|Evasion Abilities Clause: Evasion abilities are banned
|rule|Sleep Moves Clause: Sleep-inducing moves are banned
|rule|Swagger Clause: Swagger is banned
|rule|Baton Pass Stat Clause: No Baton Passer may have a way to boost its stats
|clearpoke
|poke|p1|Politoed, F|item
|poke|p1|Jirachi|item
|poke|p1|Breloom, F|item
|poke|p1|Latios, M|item
|poke|p1|Keldeo|item
|poke|p1|Tentacruel, M|item
|poke|p2|Tyranitar, F|item
|poke|p2|Starmie|item
|poke|p2|Landorus-Therian, M|item
|poke|p2|Keldeo|item
|poke|p2|Latios, M|item
|poke|p2|Terrakion|item
|teampreview
|c|☆erauogenkl|glhf
|c|☆HydreigonSpammer|gl hf
|
|t:|1735938807
|start
|switch|p1a: Breloom|Breloom, F, shiny|100/100
|switch|p2a: Keldeo|Keldeo|100/100
|turn|1
|
|t:|1735938819
|switch|p2a: Landorus|Landorus-Therian, M|100/100
|-ability|p2a: Landorus|Intimidate|boost
|-unboost|p1a: Breloom|atk|1
|move|p1a: Breloom|Protect||[still]
|-fail|p1a: Breloom
|
|-status|p1a: Breloom|tox|[from] item: Toxic Orb
|upkeep
|turn|2
|
|t:|1735938828
|switch|p1a: Latios|Latios, M|100/100
|move|p2a: Landorus|Stealth Rock|p1a: Latios
|-sidestart|p1: erauogenkl|move: Stealth Rock
|
|upkeep
|turn|3
|
|t:|1735938843
|move|p1a: Latios|Surf|p2a: Landorus
|-supereffective|p2a: Landorus
|-damage|p2a: Landorus|0 fnt
|faint|p2a: Landorus
|
|upkeep
|
|t:|1735938847
|switch|p2a: Tyranitar|Tyranitar, F|100/100
|-weather|Sandstorm|[from] ability: Sand Stream|[of] p2a: Tyranitar
|turn|4
|
|t:|1735938851
|move|p1a: Latios|Surf|p2a: Tyranitar
|-supereffective|p2a: Tyranitar
|-damage|p2a: Tyranitar|53/100
|move|p2a: Tyranitar|Pursuit|p1a: Latios
|-supereffective|p1a: Latios
|-damage|p1a: Latios|42/100
|
|-weather|Sandstorm|[upkeep]
|-damage|p1a: Latios|36/100|[from] Sandstorm
|upkeep
|turn|5
|
|t:|1735938854
|move|p1a: Latios|Surf|p2a: Tyranitar
|-supereffective|p2a: Tyranitar
|-damage|p2a: Tyranitar|9/100
|move|p2a: Tyranitar|Pursuit|p1a: Latios
|-supereffective|p1a: Latios
|-damage|p1a: Latios|0 fnt
|faint|p1a: Latios
|
|-weather|Sandstorm|[upkeep]
|upkeep
|
|t:|1735938857
|switch|p1a: Politoed|Politoed, F|100/100
|-damage|p1a: Politoed|88/100|[from] Stealth Rock
|-weather|RainDance|[from] ability: Drizzle|[of] p1a: Politoed
|turn|6
|
|t:|1735938879
|switch|p1a: Jirachi|Jirachi|100/100
|-damage|p1a: Jirachi|94/100|[from] Stealth Rock
|move|p2a: Tyranitar|Crunch|p1a: Jirachi
|-damage|p1a: Jirachi|63/100
|-unboost|p1a: Jirachi|def|1
|
|-weather|RainDance|[upkeep]
|-heal|p1a: Jirachi|69/100|[from] item: Leftovers
|upkeep
|turn|7
|
|t:|1735938887
|move|p1a: Jirachi|U-turn|p2a: Tyranitar
|-supereffective|p2a: Tyranitar
|-damage|p2a: Tyranitar|0 fnt
|faint|p2a: Tyranitar
|
|t:|1735938895
|switch|p1a: Politoed|Politoed, F|88/100|[from] U-turn
|-damage|p1a: Politoed|75/100|[from] Stealth Rock
|
|-weather|RainDance|[upkeep]
|-heal|p1a: Politoed|82/100|[from] item: Leftovers
|upkeep
|
|t:|1735938910
|switch|p2a: Keldeo|Keldeo|100/100
|turn|8
|
|t:|1735938916
|move|p2a: Keldeo|Surf|p1a: Politoed
|-resisted|p1a: Politoed
|-damage|p1a: Politoed|36/100
|move|p1a: Politoed|Encore|p2a: Keldeo
|-start|p2a: Keldeo|Encore
|
|-weather|RainDance|[upkeep]
|-heal|p1a: Politoed|42/100|[from] item: Leftovers
|upkeep
|turn|9
|
|t:|1735938920
|switch|p1a: Tentacruel|Tentacruel, M|100/100
|-damage|p1a: Tentacruel|88/100|[from] Stealth Rock
|move|p2a: Keldeo|Surf|p1a: Tentacruel
|-resisted|p1a: Tentacruel
|-damage|p1a: Tentacruel|45/100
|
|-weather|RainDance|[upkeep]
|-heal|p1a: Tentacruel|51/100|[from] ability: Rain Dish
|-heal|p1a: Tentacruel|57/100|[from] item: Black Sludge
|upkeep
|turn|10
|
|t:|1735938929
|move|p2a: Keldeo|Surf|p1a: Tentacruel
|-resisted|p1a: Tentacruel
|-damage|p1a: Tentacruel|10/100
|move|p1a: Tentacruel|Rapid Spin|p2a: Keldeo
|-crit|p2a: Keldeo
|-damage|p2a: Keldeo|94/100
|-sideend|p1: erauogenkl|Stealth Rock|[from] move: Rapid Spin|[of] p1a: Tentacruel
|
|-weather|RainDance|[upkeep]
|-heal|p1a: Tentacruel|16/100|[from] ability: Rain Dish
|-heal|p1a: Tentacruel|22/100|[from] item: Black Sludge
|upkeep
|turn|11
|
|t:|1735938933
|move|p1a: Tentacruel|Protect|p1a: Tentacruel
|-singleturn|p1a: Tentacruel|Protect
|move|p2a: Keldeo|Surf|p1a: Tentacruel
|-activate|p1a: Tentacruel|move: Protect
|
|-weather|RainDance|[upkeep]
|-heal|p1a: Tentacruel|28/100|[from] ability: Rain Dish
|-heal|p1a: Tentacruel|34/100|[from] item: Black Sludge
|-end|p2a: Keldeo|Encore
|upkeep
|turn|12
|
|t:|1735938939
|switch|p1a: Politoed|Politoed, F|42/100
|move|p2a: Keldeo|Surf|p1a: Politoed
|-resisted|p1a: Politoed
|-damage|p1a: Politoed|0 fnt
|faint|p1a: Politoed
|
|-weather|RainDance|[upkeep]
|upkeep
|
|t:|1735938944
|switch|p1a: Breloom|Breloom, F, shiny|100/100 tox
|turn|13
|
|t:|1735938981
|switch|p2a: Latios|Latios, M|100/100
|move|p1a: Breloom|Seed Bomb|p2a: Latios
|-resisted|p2a: Latios
|-damage|p2a: Latios|71/100
|
|-weather|RainDance|[upkeep]
|upkeep
|turn|14
|
|t:|1735938989
|move|p1a: Breloom|Protect|p1a: Breloom
|-singleturn|p1a: Breloom|Protect
|move|p2a: Latios|Draco Meteor|p1a: Breloom
|-activate|p1a: Breloom|move: Protect
|
|-weather|RainDance|[upkeep]
|upkeep
|turn|15
|
|t:|1735938999
|switch|p1a: Jirachi|Jirachi|69/100
|move|p2a: Latios|Draco Meteor|p1a: Jirachi
|-resisted|p1a: Jirachi
|-damage|p1a: Jirachi|48/100
|-unboost|p2a: Latios|spa|2
|
|-weather|RainDance|[upkeep]
|-heal|p1a: Jirachi|54/100|[from] item: Leftovers
|upkeep
|turn|16
|
|t:|1735939021
|switch|p2a: Keldeo|Keldeo|94/100
|move|p1a: Jirachi|Thunder|p2a: Keldeo
|-supereffective|p2a: Keldeo
|-damage|p2a: Keldeo|41/100
|-status|p2a: Keldeo|par
|
|-weather|RainDance|[upkeep]
|-heal|p1a: Jirachi|60/100|[from] item: Leftovers
|upkeep
|turn|17
|
|t:|1735939032
|move|p1a: Jirachi|Thunder|p2a: Keldeo
|-supereffective|p2a: Keldeo
|-damage|p2a: Keldeo|0 fnt
|faint|p2a: Keldeo
|
|-weather|RainDance|[upkeep]
|-heal|p1a: Jirachi|66/100|[from] item: Leftovers
|upkeep
|
|t:|1735939036
|switch|p2a: Terrakion|Terrakion|100/100
|turn|18
|
|t:|1735939040
|switch|p1a: Tentacruel|Tentacruel, M|34/100
|move|p2a: Terrakion|Close Combat|p1a: Tentacruel
|-resisted|p1a: Tentacruel
|-damage|p1a: Tentacruel|0 fnt
|-unboost|p2a: Terrakion|def|1
|-unboost|p2a: Terrakion|spd|1
|faint|p1a: Tentacruel
|
|-weather|RainDance|[upkeep]
|upkeep
|
|t:|1735939044
|switch|p1a: Keldeo|Keldeo|100/100
|turn|19
|
|t:|1735939104
|move|p1a: Keldeo|Surf|p2a: Terrakion
|-supereffective|p2a: Terrakion
|-damage|p2a: Terrakion|0 fnt
|faint|p2a: Terrakion
|
|-weather|RainDance|[upkeep]
|upkeep
|
|t:|1735939109
|switch|p2a: Starmie|Starmie|100/100
|turn|20
|
|t:|1735939140
|switch|p1a: Breloom|Breloom, F, shiny|100/100 tox
|move|p2a: Starmie|Psychic|p1a: Breloom
|-supereffective|p1a: Breloom
|-damage|p1a: Breloom|0 fnt
|faint|p1a: Breloom
|-damage|p2a: Starmie|91/100|[from] item: Life Orb
|
|-weather|RainDance|[upkeep]
|upkeep
|
|t:|1735939146
|switch|p1a: Jirachi|Jirachi|66/100
|turn|21
|
|t:|1735939156
|move|p2a: Starmie|Scald|p1a: Jirachi
|-damage|p1a: Jirachi|22/100
|-status|p1a: Jirachi|brn
|-damage|p2a: Starmie|81/100|[from] item: Life Orb
|move|p1a: Jirachi|Thunder|p2a: Starmie
|-supereffective|p2a: Starmie
|-damage|p2a: Starmie|2/100
|-status|p2a: Starmie|par
|
|-weather|RainDance|[upkeep]
|-heal|p1a: Jirachi|28/100 brn|[from] item: Leftovers
|-damage|p1a: Jirachi|16/100 brn|[from] brn
|upkeep
|turn|22
|
|t:|1735939164
|move|p1a: Jirachi|Stealth Rock|p2a: Starmie
|-sidestart|p2: HydreigonSpammer|move: Stealth Rock
|move|p2a: Starmie|Scald|p1a: Jirachi
|-crit|p1a: Jirachi
|-damage|p1a: Jirachi|0 fnt
|faint|p1a: Jirachi
|-damage|p2a: Starmie|0 fnt|[from] item: Life Orb
|faint|p2a: Starmie
|
|-weather|RainDance|[upkeep]
|upkeep
|
|t:|1735939171
|switch|p2a: Latios|Latios, M|71/100
|switch|p1a: Keldeo|Keldeo|100/100
|-damage|p2a: Latios|59/100|[from] Stealth Rock
|turn|23
|
|t:|1735939184
|move|p2a: Latios|Draco Meteor|p1a: Keldeo
|-damage|p1a: Keldeo|12/100
|-unboost|p2a: Latios|spa|2
|move|p1a: Keldeo|Hidden Power|p2a: Latios
|-supereffective|p2a: Latios
|-damage|p2a: Latios|11/100
|
|-weather|RainDance|[upkeep]
|upkeep
|turn|24
|c|☆erauogenkl|gg
|c|☆HydreigonSpammer|gg wp
|c|☆erauogenkl|wp
|
|t:|1735939208
|move|p2a: Latios|Draco Meteor|p1a: Keldeo
|-damage|p1a: Keldeo|0 fnt
|-unboost|p2a: Latios|spa|2
|faint|p1a: Keldeo
|
|win|HydreigonSpammer
|raw|erauogenkl's rating: 1400 &rarr; <strong>1375</strong><br />(-25 for losing)
|raw|HydreigonSpammer's rating: 1320 &rarr; <strong>1345</strong><br />(+25 for winning)
