|uhtml|medal-msg|<div class="broadcast-blue">Curious what those medals under the avatar are? PS now has Ladder Seasons! For more information, check out the <a href="https://www.smogon.com/forums/threads/3740067/">thread on Smogon.</a></div>
|uhtml|medal-msg|<div class="broadcast-blue">Curious what those medals under the avatar are? PS now has Ladder Seasons! For more information, check out the <a href="https://www.smogon.com/forums/threads/3740067/">thread on Smogon.</a></div>
|j|☆hooters enthusiast
|j|☆estalos
|t:|1713565347
|gametype|singles
|player|p1|hooters enthusiast|shauntal|1346
|player|p2|estalos|170|1318
|teamsize|p1|6
|teamsize|p2|6
|gen|5
|tier|[Gen 5] OU
|rated|
|rule|Species Clause: Limit one of each Pokémon
|rule|OHKO Clause: OHKO moves are banned
|rule|Moody Clause: Moody is banned
|rule|Evasion Items Clause: Evasion items are banned
|rule|Evasion Moves Clause: Evasion moves are banned
|rule|Endless Battle Clause: Forcing endless battles is banned
|rule|HP Percentage Mod: HP is shown in percentages
|rule|Evasion Abilities Clause: Evasion abilities are banned
|rule|Sleep Moves Clause: Sleep-inducing moves are banned
|rule|Swagger Clause: Swagger is banned
|rule|Baton Pass Stat Clause: No Baton Passer may have a way to boost its stats
|clearpoke
|poke|p1|Magnezone|item
|poke|p1|Kyurem-Black|item
|poke|p1|Latios, M|item
|poke|p1|Infernape, M|item
|poke|p1|Garchomp, M|item
|poke|p1|Reuniclus, F|item
|poke|p2|Cloyster, F|item
|poke|p2|Skarmory, M|item
|poke|p2|Starmie|item
|poke|p2|Scizor, M|item
|poke|p2|Volcarona, F|item
|poke|p2|Landorus-Therian, M|item
|teampreview
|inactive|Battle timer is ON: inactive players will automatically lose when time's up. (requested by hooters enthusiast)
|
|t:|1713565371
|start
|switch|p1a: The Claw|Magnezone, shiny|100/100
|switch|p2a: Skarmory|Skarmory, M|100/100
|-item|p1a: The Claw|Air Balloon
|turn|1
|
|t:|1713565375
|move|p2a: Skarmory|Stealth Rock|p1a: The Claw
|-sidestart|p1: hooters enthusiast|move: Stealth Rock
|move|p1a: The Claw|Discharge|p2a: Skarmory
|-supereffective|p2a: Skarmory
|-ability|p2a: Skarmory|Sturdy
|-damage|p2a: Skarmory|1/100
|-status|p2a: Skarmory|par
|
|upkeep
|turn|2
|-enditem|p2a: Skarmory|Custap Berry|[eat]
|-activate|p2a: Skarmory|item: Custap Berry|[consumed]
|
|t:|1713565380
|move|p2a: Skarmory|Spikes|p1a: The Claw
|-sidestart|p1: hooters enthusiast|Spikes
|move|p1a: The Claw|Volt Switch|p2a: Skarmory
|-supereffective|p2a: Skarmory
|-damage|p2a: Skarmory|0 fnt
|faint|p2a: Skarmory
|
|t:|1713565391
|switch|p1a: Turbo|Kyurem-Black, shiny|100/100|[from] Volt Switch
|-damage|p1a: Turbo|76/100|[from] Stealth Rock
|-damage|p1a: Turbo|63/100|[from] Spikes
|-ability|p1a: Turbo|Teravolt
|
|upkeep
|
|t:|1713565402
|switch|p2a: Scizor|Scizor, M|100/100
|turn|3
|
|t:|1713565406
|-activate|p1a: Turbo|move: Pursuit
|move|p2a: Scizor|Pursuit|p1a: Turbo|[from]Pursuit
|-damage|p1a: Turbo|29/100
|-damage|p2a: Scizor|91/100|[from] item: Life Orb
|switch|p1a: AMG|Garchomp, M, shiny|100/100
|-damage|p1a: AMG|94/100|[from] Stealth Rock
|-damage|p1a: AMG|82/100|[from] Spikes
|
|upkeep
|turn|4
|
|t:|1713565413
|switch|p2a: Landorus|Landorus-Therian, M|100/100
|-ability|p2a: Landorus|Intimidate|boost
|-unboost|p1a: AMG|atk|1
|move|p1a: AMG|Flamethrower|p2a: Landorus
|-damage|p2a: Landorus|81/100
|
|upkeep
|turn|5
|
|t:|1713565421
|switch|p1a: What You Need|Latios, M, shiny|100/100
|-damage|p1a: What You Need|88/100|[from] Stealth Rock
|move|p2a: Landorus|Stone Edge|p1a: What You Need
|-damage|p1a: What You Need|29/100
|
|upkeep
|turn|6
|
|t:|1713565429
|switch|p2a: Scizor|Scizor, M|91/100
|move|p1a: What You Need|Draco Meteor|p2a: Scizor
|-resisted|p2a: Scizor
|-damage|p2a: Scizor|42/100
|-unboost|p1a: What You Need|spa|2
|
|upkeep
|turn|7
|
|t:|1713565432
|move|p2a: Scizor|Bullet Punch|p1a: What You Need
|-damage|p1a: What You Need|0 fnt
|faint|p1a: What You Need
|-damage|p2a: Scizor|32/100|[from] item: Life Orb
|
|upkeep
|
|t:|1713565435
|switch|p1a: The Claw|Magnezone, shiny|100/100
|-damage|p1a: The Claw|94/100|[from] Stealth Rock
|-item|p1a: The Claw|Air Balloon
|turn|8
|
|t:|1713565437
|move|p1a: The Claw|Hidden Power|p2a: Scizor
|-supereffective|p2a: Scizor
|-damage|p2a: Scizor|0 fnt
|faint|p2a: Scizor
|
|upkeep
|
|t:|1713565445
|switch|p2a: Volcarona|Volcarona, F|100/100
|turn|9
|
|t:|1713565447
|move|p2a: Volcarona|Quiver Dance|p2a: Volcarona
|-boost|p2a: Volcarona|spa|1
|-boost|p2a: Volcarona|spd|1
|-boost|p2a: Volcarona|spe|1
|move|p1a: The Claw|Volt Switch|p2a: Volcarona
|-damage|p2a: Volcarona|77/100
|
|t:|1713565450
|switch|p1a: Turbo|Kyurem-Black, shiny|29/100|[from] Volt Switch
|-damage|p1a: Turbo|5/100|[from] Stealth Rock
|-damage|p1a: Turbo|0 fnt|[from] Spikes
|faint|p1a: Turbo
|
|upkeep
|
|t:|1713565453
|switch|p1a: AMG|Garchomp, M, shiny|82/100
|-damage|p1a: AMG|76/100|[from] Stealth Rock
|-damage|p1a: AMG|64/100|[from] Spikes
|turn|10
|
|t:|1713565456
|move|p2a: Volcarona|Bug Buzz|p1a: AMG
|-damage|p1a: AMG|0 fnt
|faint|p1a: AMG
|
|upkeep
|-message|hooters enthusiast forfeited.
|
|win|estalos
|raw|hooters enthusiast's rating: 1346 &rarr; <strong>1324</strong><br />(-22 for losing)
|raw|estalos's rating: 1318 &rarr; <strong>1340</strong><br />(+22 for winning)
|l|☆hooters enthusiast
|player|p1|
