|j|☆kobepayne
|j|☆testbwou
|player|p1|kobepayne|dahlia|1536
|player|p2|testbwou|265|1373
|teamsize|p1|6
|teamsize|p2|6
|gametype|singles
|gen|5
|tier|[Gen 5] OU
|rated|
|clearpoke
|poke|p1|Salamence, F|item
|poke|p1|Garchomp, M|item
|poke|p1|Tangrowth, M|item
|poke|p1|Slowking, F|item
|poke|p1|Tyranitar, F|item
|poke|p1|Excadrill, M|item
|poke|p2|Garchomp, F|item
|poke|p2|Alakazam, M|item
|poke|p2|Jellicent, F|item
|poke|p2|Scizor, F|item
|poke|p2|Tyranitar, F|item
|poke|p2|Rotom-Wash|item
|rule|Species Clause: Limit one of each Pokémon
|rule|OHKO Clause: OHKO moves are banned
|rule|Moody Clause: Moody is banned
|rule|Evasion Moves Clause: Evasion moves are banned
|rule|Endless Battle Clause: Forcing endless battles is banned
|rule|HP Percentage Mod: HP is shown in percentages
|rule|Evasion Abilities Clause: Evasion abilities are banned
|rule|Baton Pass Clause: Limit one Baton Passer, can't pass Spe and other stats simultaneously
|rule|Sleep Clause: Sleep-inducing moves are banned
|rule|Swagger Clause: Swagger is banned
|teampreview
|inactive|Battle timer is ON: inactive players will automatically lose when time's up. (requested by kobepayne)
|
|start
|switch|p1a: Tyranitar|Tyranitar, F|100/100
|switch|p2a: Rotom|Rotom-Wash|100/100
|-weather|Sandstorm|[from] ability: Sand Stream|[of] p1a: Tyranitar
|turn|1
|
|switch|p1a: Tangrowth|Tangrowth, M|100/100
|move|p2a: Rotom|Will-O-Wisp|p1a: Tangrowth|[miss]
|-miss|p2a: Rotom|p1a: Tangrowth
|
|-weather|Sandstorm|[upkeep]
|-damage|p2a: Rotom|95/100|[from] Sandstorm
|-damage|p1a: Tangrowth|94/100|[from] Sandstorm
|-heal|p2a: Rotom|100/100|[from] item: Leftovers
|upkeep
|turn|2
|inactive|testbwou has 120 seconds left.
|inactive|kobepayne has 120 seconds left.
|
|move|p2a: Rotom|Hidden Power|p1a: Tangrowth
|-supereffective|p1a: Tangrowth
|-damage|p1a: Tangrowth|48/100
|move|p1a: Tangrowth|Knock Off|p2a: Rotom
|-damage|p2a: Rotom|96/100
|-enditem|p2a: Rotom|Leftovers|[from] move: Knock Off|[of] p1a: Tangrowth
|
|-weather|Sandstorm|[upkeep]
|-damage|p2a: Rotom|90/100|[from] Sandstorm
|-damage|p1a: Tangrowth|41/100|[from] Sandstorm
|upkeep
|turn|3
|inactive|testbwou has 120 seconds left.
|inactive|kobepayne has 90 seconds left.
|
|switch|p1a: Slowking|Slowking, F|100/100
|move|p2a: Rotom|Hidden Power|p1a: Slowking
|-resisted|p1a: Slowking
|-damage|p1a: Slowking|94/100
|
|-weather|Sandstorm|[upkeep]
|-damage|p2a: Rotom|84/100|[from] Sandstorm
|-damage|p1a: Slowking|88/100|[from] Sandstorm
|-heal|p1a: Slowking|94/100|[from] item: Leftovers
|upkeep
|turn|4
|inactive|testbwou has 120 seconds left.
|inactive|kobepayne has 90 seconds left.
|
|move|p2a: Rotom|Volt Switch|p1a: Slowking
|-supereffective|p1a: Slowking
|-damage|p1a: Slowking|58/100
|
|switch|p2a: Tyranitar|Tyranitar, F|100/100|[from]move: Volt Switch
|move|p1a: Slowking|Scald|p2a: Tyranitar
|-supereffective|p2a: Tyranitar
|-damage|p2a: Tyranitar|77/100
|
|-weather|Sandstorm|[upkeep]
|-damage|p1a: Slowking|52/100|[from] Sandstorm
|-heal|p2a: Tyranitar|83/100|[from] item: Leftovers
|-heal|p1a: Slowking|58/100|[from] item: Leftovers
|upkeep
|turn|5
|inactive|kobepayne has 90 seconds left.
|
|move|p2a: Tyranitar|Pursuit|p1a: Slowking
|-supereffective|p1a: Slowking
|-damage|p1a: Slowking|28/100
|move|p1a: Slowking|Slack Off|p1a: Slowking
|-heal|p1a: Slowking|78/100
|
|-weather|Sandstorm|[upkeep]
|-damage|p1a: Slowking|72/100|[from] Sandstorm
|-heal|p2a: Tyranitar|89/100|[from] item: Leftovers
|-heal|p1a: Slowking|78/100|[from] item: Leftovers
|upkeep
|turn|6
|inactive|kobepayne has 90 seconds left.
|
|-activate|p1a: Slowking|move: Pursuit
|move|p2a: Tyranitar|Pursuit|p1a: Slowking|[from]Pursuit
|-supereffective|p1a: Slowking
|-damage|p1a: Slowking|23/100
|switch|p1a: Tangrowth|Tangrowth, M|75/100
|
|-weather|Sandstorm|[upkeep]
|-damage|p1a: Tangrowth|68/100|[from] Sandstorm
|-heal|p2a: Tyranitar|95/100|[from] item: Leftovers
|upkeep
|turn|7
|inactive|testbwou has 120 seconds left.
|
|move|p2a: Tyranitar|Ice Beam|p1a: Tangrowth
|-supereffective|p1a: Tangrowth
|-damage|p1a: Tangrowth|5/100
|move|p1a: Tangrowth|Leech Seed|p2a: Tyranitar
|-start|p2a: Tyranitar|move: Leech Seed
|
|-weather|Sandstorm|[upkeep]
|-damage|p1a: Tangrowth|0 fnt|[from] Sandstorm
|faint|p1a: Tangrowth
|-heal|p2a: Tyranitar|100/100|[from] item: Leftovers
|upkeep
|inactive|kobepayne has 90 seconds left.
|
|switch|p1a: Tyranitar|Tyranitar, F|100/100
|turn|8
|
|move|p1a: Tyranitar|Stealth Rock|p2a: Tyranitar
|-sidestart|p2: testbwou|move: Stealth Rock
|move|p2a: Tyranitar|Earthquake|p1a: Tyranitar
|-supereffective|p1a: Tyranitar
|-crit|p1a: Tyranitar
|-damage|p1a: Tyranitar|7/100
|
|-weather|Sandstorm|[upkeep]
|-damage|p2a: Tyranitar|88/100|[from] Leech Seed|[of] p1a: Tyranitar
|-heal|p1a: Tyranitar|19/100|[silent]
|upkeep
|turn|9
|
|move|p1a: Tyranitar|Superpower|p2a: Tyranitar
|-supereffective|p2a: Tyranitar
|-damage|p2a: Tyranitar|0 fnt
|-unboost|p1a: Tyranitar|atk|1
|-unboost|p1a: Tyranitar|def|1
|faint|p2a: Tyranitar
|
|-weather|Sandstorm|[upkeep]
|upkeep
|
|switch|p2a: Scizor|Scizor, F|100/100
|-damage|p2a: Scizor|88/100|[from] Stealth Rock
|turn|10
|inactive|kobepayne has 120 seconds left.
|
|-activate|p1a: Tyranitar|move: Pursuit
|move|p2a: Scizor|Pursuit|p1a: Tyranitar|[from]Pursuit
|-resisted|p1a: Tyranitar
|-damage|p1a: Tyranitar|0 fnt
|-hint|A Pokemon can't switch between when it runs out of HP and when it faints
|faint|p1a: Tyranitar
|
|-weather|Sandstorm|[upkeep]
|upkeep
|
|switch|p1a: Garchomp|Garchomp, M|100/100
|turn|11
|inactive|kobepayne has 120 seconds left.
|
|switch|p2a: Rotom|Rotom-Wash|84/100
|-damage|p2a: Rotom|71/100|[from] Stealth Rock
|move|p1a: Garchomp|Dragon Claw|p2a: Rotom
|-damage|p2a: Rotom|25/100
|
|-weather|Sandstorm|[upkeep]
|-damage|p2a: Rotom|19/100|[from] Sandstorm
|upkeep
|turn|12
|
|move|p1a: Garchomp|Dragon Claw|p2a: Rotom
|-damage|p2a: Rotom|0 fnt
|faint|p2a: Rotom
|
|-weather|Sandstorm|[upkeep]
|upkeep
|inactive|testbwou has 120 seconds left.
|
|switch|p2a: Scizor|Scizor, F|88/100
|-damage|p2a: Scizor|76/100|[from] Stealth Rock
|turn|13
|inactive|testbwou has 120 seconds left.
|
|move|p1a: Garchomp|Fire Fang|p2a: Scizor
|-supereffective|p2a: Scizor
|-damage|p2a: Scizor|0 fnt
|faint|p2a: Scizor
|
|-weather|Sandstorm|[upkeep]
|upkeep
|inactive|testbwou has 120 seconds left.
|
|switch|p2a: Alakazam|Alakazam, M|100/100
|turn|14
|inactive|testbwou has 120 seconds left.
|
|switch|p1a: Excadrill|Excadrill, M|100/100
|move|p2a: Alakazam|Hidden Power|p1a: Excadrill
|-damage|p1a: Excadrill|58/100
|
|-weather|Sandstorm|[upkeep]
|upkeep
|turn|15
|
|switch|p2a: Jellicent|Jellicent, F|100/100
|-damage|p2a: Jellicent|88/100|[from] Stealth Rock
|move|p1a: Excadrill|Earthquake|p2a: Jellicent
|-damage|p2a: Jellicent|0 fnt
|faint|p2a: Jellicent
|
|-weather|Sandstorm|[upkeep]
|upkeep
|
|switch|p2a: Garchomp|Garchomp, F|100/100
|-damage|p2a: Garchomp|94/100|[from] Stealth Rock
|turn|16
|j|‽Hydra535
|
|move|p2a: Garchomp|Dragon Claw|p1a: Excadrill
|-resisted|p1a: Excadrill
|-damage|p1a: Excadrill|29/100
|move|p1a: Excadrill|Earthquake|p2a: Garchomp
|-damage|p2a: Garchomp|23/100
|
|-weather|Sandstorm|[upkeep]
|upkeep
|turn|17
|
|move|p2a: Garchomp|Dragon Claw|p1a: Excadrill
|-resisted|p1a: Excadrill
|-damage|p1a: Excadrill|0 fnt
|faint|p1a: Excadrill
|
|-weather|Sandstorm|[upkeep]
|upkeep
|
|switch|p1a: Salamence|Salamence, F|100/100
|-ability|p1a: Salamence|Intimidate|boost
|-unboost|p2a: Garchomp|atk|1
|turn|18
|
|switch|p1a: Slowking|Slowking, F|57/100
|move|p2a: Garchomp|Dragon Claw|p1a: Slowking
|-damage|p1a: Slowking|34/100
|
|-weather|Sandstorm|[upkeep]
|-damage|p1a: Slowking|28/100|[from] Sandstorm
|-heal|p1a: Slowking|34/100|[from] item: Leftovers
|upkeep
|turn|19
|
|switch|p2a: Alakazam|Alakazam, M|100/100
|move|p1a: Slowking|Scald|p2a: Alakazam
|-damage|p2a: Alakazam|57/100
|-status|p2a: Alakazam|brn
|
|-weather|Sandstorm|[upkeep]
|-damage|p1a: Slowking|28/100|[from] Sandstorm
|-heal|p1a: Slowking|34/100|[from] item: Leftovers
|upkeep
|turn|20
|
|switch|p1a: Garchomp|Garchomp, M|100/100
|move|p2a: Alakazam|Shadow Ball|p1a: Garchomp
|-damage|p1a: Garchomp|58/100
|
|-weather|Sandstorm|[upkeep]
|upkeep
|turn|21
|
|move|p2a: Alakazam|Hidden Power|p1a: Garchomp
|-supereffective|p1a: Garchomp
|-enditem|p1a: Garchomp|Yache Berry|[eat]
|-enditem|p1a: Garchomp|Yache Berry|[weaken]
|-damage|p1a: Garchomp|0 fnt
|faint|p1a: Garchomp
|
|-weather|Sandstorm|[upkeep]
|upkeep
|
|switch|p1a: Salamence|Salamence, F|100/100
|-ability|p1a: Salamence|Intimidate|boost
|-unboost|p2a: Alakazam|atk|1
|turn|22
|
|move|p1a: Salamence|Draco Meteor|p2a: Alakazam
|-damage|p2a: Alakazam|0 fnt
|-unboost|p1a: Salamence|spa|2
|faint|p2a: Alakazam
|
|-weather|Sandstorm|[upkeep]
|-damage|p1a: Salamence|94/100|[from] Sandstorm
|upkeep
|
|switch|p2a: Garchomp|Garchomp, F|23/100
|-damage|p2a: Garchomp|17/100|[from] Stealth Rock
|turn|23
|inactive|kobepayne has 120 seconds left.
|
|move|p2a: Garchomp|Outrage|p1a: Salamence
|-supereffective|p1a: Salamence
|-damage|p1a: Salamence|0 fnt
|faint|p1a: Salamence
|
|-weather|Sandstorm|[upkeep]
|upkeep
|
|switch|p1a: Slowking|Slowking, F|67/100
|turn|24
|
|move|p2a: Garchomp|Outrage|p1a: Slowking|[from]lockedmove
|-crit|p1a: Slowking
|-damage|p1a: Slowking|0 fnt
|faint|p1a: Slowking
|
|win|testbwou
|raw|kobepayne's rating: 1536 &rarr; <strong>1507</strong><br />(-29 for losing)
|raw|testbwou's rating: 1373 &rarr; <strong>1402</strong><br />(+29 for winning)
|c|☆testbwou|gg
|c|☆kobepayne|fuck up
|c|☆kobepayne|You don't calc shit
|c|☆testbwou|?
|c|☆kobepayne|We lived
