|j|☆Darkininha
|j|☆HayDe223
|t:|1701689441
|gametype|singles
|player|p1|Darkininha|rocketgruntf|1390
|player|p2|HayDe223|pokemonbreederf-gen4|1551
|teamsize|p1|6
|teamsize|p2|6
|gen|5
|tier|[Gen 5] OU
|rated|
|rule|Species Clause: Limit one of each Pokémon
|rule|OHKO Clause: OHKO moves are banned
|rule|Moody Clause: Moody is banned
|rule|Evasion Items Clause: Evasion items are banned
|rule|Evasion Moves Clause: Evasion moves are banned
|rule|Endless Battle Clause: Forcing endless battles is banned
|rule|HP Percentage Mod: HP is shown in percentages
|rule|Evasion Abilities Clause: Evasion abilities are banned
|rule|Sleep Moves Clause: Sleep-inducing moves are banned
|rule|Swagger Clause: Swagger is banned
|rule|Baton Pass Stat Clause: No Baton Passer may have a way to boost its stats
|clearpoke
|poke|p1|Tyranitar, F|item
|poke|p1|Reuniclus, M|item
|poke|p1|Latios, M|item
|poke|p1|Excadrill, M|item
|poke|p1|Hippowdon, F|item
|poke|p1|Alakazam, F|item
|poke|p2|Tyranitar, F|item
|poke|p2|Landorus-Therian, M|item
|poke|p2|Terrakion|item
|poke|p2|Excadrill, F|item
|poke|p2|Celebi|item
|poke|p2|Rotom-Wash|item
|teampreview
|inactive|Battle timer is ON: inactive players will automatically lose when time's up. (requested by Darkininha)
|c|☆HayDe223|hf
|n|!HayDe223|hayde223
|c|☆Darkininha|hf
|
|t:|1701689466
|start
|switch|p1a: Hippowdon|Hippowdon, F|100/100
|switch|p2a: Young Rocks|Landorus-Therian, M|100/100
|-ability|p2a: Young Rocks|Intimidate|boost
|-unboost|p1a: Hippowdon|atk|1
|-weather|Sandstorm|[from] ability: Sand Stream|[of] p1a: Hippowdon
|turn|1
|
|t:|1701689473
|move|p2a: Young Rocks|Stealth Rock|p1a: Hippowdon
|-sidestart|p1: Darkininha|move: Stealth Rock
|move|p1a: Hippowdon|Stealth Rock|p2a: Young Rocks
|-sidestart|p2: HayDe223|move: Stealth Rock
|
|-weather|Sandstorm|[upkeep]
|upkeep
|turn|2
|
|t:|1701689479
|switch|p2a: On a roll|Rotom-Wash|100/100
|-damage|p2a: On a roll|88/100|[from] Stealth Rock
|move|p1a: Hippowdon|Whirlwind|p2a: On a roll
|drag|p2a: Buffed|Terrakion|100/100
|-damage|p2a: Buffed|94/100|[from] Stealth Rock
|
|-weather|Sandstorm|[upkeep]
|upkeep
|turn|3
|
|t:|1701689487
|switch|p2a: Bi|Celebi|100/100
|-damage|p2a: Bi|88/100|[from] Stealth Rock
|move|p1a: Hippowdon|Earthquake|p2a: Bi
|-resisted|p2a: Bi
|-damage|p2a: Bi|78/100
|
|-weather|Sandstorm|[upkeep]
|-damage|p2a: Bi|72/100|[from] Sandstorm
|-heal|p2a: Bi|78/100|[from] item: Leftovers
|upkeep
|turn|4
|
|t:|1701689494
|switch|p1a: Latios|Latios, M|100/100
|-damage|p1a: Latios|88/100|[from] Stealth Rock
|move|p2a: Bi|Substitute|p2a: Bi
|-start|p2a: Bi|Substitute
|-damage|p2a: Bi|53/100
|
|-weather|Sandstorm|[upkeep]
|-damage|p1a: Latios|82/100|[from] Sandstorm
|-damage|p2a: Bi|47/100|[from] Sandstorm
|-heal|p2a: Bi|53/100|[from] item: Leftovers
|upkeep
|turn|5
|
|t:|1701689505
|switch|p1a: Hippowdon|Hippowdon, F|100/100
|-damage|p1a: Hippowdon|94/100|[from] Stealth Rock
|move|p2a: Bi|Baton Pass|p2a: Bi
|
|t:|1701689510
|switch|p2a: On a roll|Rotom-Wash|88/100|[from] Baton Pass
|-damage|p2a: On a roll|76/100|[from] Stealth Rock
|
|-weather|Sandstorm|[upkeep]
|-damage|p2a: On a roll|70/100|[from] Sandstorm
|-heal|p2a: On a roll|76/100|[from] item: Leftovers
|-heal|p1a: Hippowdon|100/100|[from] item: Leftovers
|upkeep
|turn|6
|
|t:|1701689518
|switch|p1a: Reuniclus|Reuniclus, M|100/100
|move|p2a: On a roll|Hydro Pump|p1a: Reuniclus
|-damage|p1a: Reuniclus|61/100
|
|-weather|Sandstorm|[upkeep]
|-damage|p2a: On a roll|70/100|[from] Sandstorm
|-heal|p2a: On a roll|76/100|[from] item: Leftovers
|-heal|p1a: Reuniclus|67/100|[from] item: Leftovers
|upkeep
|turn|7
|
|t:|1701689531
|move|p2a: On a roll|Volt Switch|p1a: Reuniclus
|-damage|p1a: Reuniclus|46/100
|
|t:|1701689535
|switch|p2a: The Don|Tyranitar, F|100/100|[from] Volt Switch
|-damage|p2a: The Don|88/100|[from] Stealth Rock
|move|p1a: Reuniclus|Calm Mind|p1a: Reuniclus
|-boost|p1a: Reuniclus|spa|1
|-boost|p1a: Reuniclus|spd|1
|
|-weather|Sandstorm|[upkeep]
|-heal|p1a: Reuniclus|52/100|[from] item: Leftovers
|upkeep
|turn|8
|
|t:|1701689543
|move|p2a: The Don|Pursuit|p1a: Reuniclus
|-supereffective|p1a: Reuniclus
|-damage|p1a: Reuniclus|22/100
|move|p1a: Reuniclus|Focus Blast|p2a: The Don
|-supereffective|p2a: The Don
|-enditem|p2a: The Don|Chople Berry|[eat]
|-enditem|p2a: The Don|Chople Berry|[weaken]
|-damage|p2a: The Don|43/100
|-unboost|p2a: The Don|spd|1
|
|-weather|Sandstorm|[upkeep]
|-heal|p1a: Reuniclus|28/100|[from] item: Leftovers
|upkeep
|turn|9
|
|t:|1701689551
|move|p2a: The Don|Pursuit|p1a: Reuniclus
|-supereffective|p1a: Reuniclus
|-damage|p1a: Reuniclus|0 fnt
|faint|p1a: Reuniclus
|
|-weather|Sandstorm|[upkeep]
|upkeep
|
|t:|1701689571
|switch|p1a: Excadrill|Excadrill, M|100/100
|-damage|p1a: Excadrill|97/100|[from] Stealth Rock
|-item|p1a: Excadrill|Air Balloon
|turn|10
|
|t:|1701689578
|move|p1a: Excadrill|Swords Dance|p1a: Excadrill
|-boost|p1a: Excadrill|atk|2
|move|p2a: The Don|Superpower|p1a: Excadrill
|-supereffective|p1a: Excadrill
|-damage|p1a: Excadrill|0 fnt
|-unboost|p2a: The Don|atk|1
|-unboost|p2a: The Don|def|1
|-enditem|p1a: Excadrill|Air Balloon
|faint|p1a: Excadrill
|
|-weather|Sandstorm|[upkeep]
|upkeep
|-message|Darkininha forfeited.
|
|win|HayDe223
|raw|Darkininha's rating: 1390 &rarr; <strong>1379</strong><br />(-11 for losing)
|raw|HayDe223's rating: 1551 &rarr; <strong>1562</strong><br />(+11 for winning)
