|j|☆The Daisuke
|j|☆Invisible Enemy
|player|p1|The Daisuke|165
|player|p2|Invisible Enemy|261
|teamsize|p1|6
|teamsize|p2|6
|gametype|singles
|gen|5
|tier|[Gen 5] OU
|rated|
|rule|Sleep Clause Mod: Limit one foe put to sleep
|rule|Species Clause: Limit one of each Pokémon
|rule|OHKO Clause: OHKO moves are banned
|rule|Moody Clause: Moody is banned
|rule|Evasion Moves Clause: Evasion moves are banned
|rule|Endless Battle Clause: Forcing endless battles is banned
|rule|HP Percentage Mod: HP is shown in percentages
|rule|Evasion Abilities Clause: Evasion abilities are banned
|rule|Baton Pass Clause: Limit one Baton Passer, can't pass Spe and other stats simultaneously
|rule|Swagger Clause: Swagger is banned
|clearpoke
|poke|p1|Landorus-Therian, M|item
|poke|p1|Alakazam, M|item
|poke|p1|Rotom-Wash|item
|poke|p1|Tyranitar, M|item
|poke|p1|Keldeo-Resolute|item
|poke|p1|Ferrothorn, M|item
|poke|p2|Politoed, M|item
|poke|p2|Amoonguss, M|item
|poke|p2|Jirachi|item
|poke|p2|Excadrill, M|item
|poke|p2|Keldeo-Resolute|item
|poke|p2|Thundurus-Therian, M|item
|teampreview
|
|start
|switch|p1a: Rotom|Rotom-Wash|100/100
|switch|p2a: Amoonguss|Amoonguss, M, shiny|100/100
|turn|1
|j| rikuuu-_-
|
|move|p1a: Rotom|Will-O-Wisp|p2a: Amoonguss
|-status|p2a: Amoonguss|brn
|move|p2a: Amoonguss|Giga Drain|p1a: Rotom
|-supereffective|p1a: Rotom
|-damage|p1a: Rotom|52/100
|
|-heal|p1a: Rotom|59/100|[from] item: Leftovers
|-damage|p2a: Amoonguss|88/100 brn|[from] brn
|upkeep
|turn|2
|
|move|p1a: Rotom|Volt Switch|p2a: Amoonguss
|-resisted|p2a: Amoonguss
|-damage|p2a: Amoonguss|79/100 brn
|
|switch|p1a: Tyranitar|Tyranitar, M|100/100
|-weather|Sandstorm|[from] ability: Sand Stream|[of] p1a: Tyranitar
|move|p2a: Amoonguss|Giga Drain|p1a: Tyranitar
|-supereffective|p1a: Tyranitar
|-damage|p1a: Tyranitar|79/100
|-heal|p2a: Amoonguss|89/100 brn|[from] drain|[of] p1a: Tyranitar
|
|-weather|Sandstorm|[upkeep]
|-damage|p2a: Amoonguss|83/100 brn|[from] Sandstorm
|-heal|p1a: Tyranitar|85/100|[from] item: Leftovers
|-damage|p2a: Amoonguss|70/100 brn|[from] brn
|upkeep
|turn|3
|
|switch|p2a: Politoed|Politoed, M|100/100
|-weather|RainDance|[from] ability: Drizzle|[of] p2a: Politoed
|move|p1a: Tyranitar|Stealth Rock|p2a: Politoed
|-sidestart|p2: Invisible Enemy|move: Stealth Rock
|
|-weather|RainDance|[upkeep]
|-heal|p1a: Tyranitar|92/100|[from] item: Leftovers
|upkeep
|turn|4
|
|switch|p1a: Ferrothorn|Ferrothorn, M|100/100
|move|p2a: Politoed|Hydro Pump|p1a: Ferrothorn
|-resisted|p1a: Ferrothorn
|-damage|p1a: Ferrothorn|71/100
|
|-weather|RainDance|[upkeep]
|-heal|p1a: Ferrothorn|77/100|[from] item: Leftovers
|upkeep
|turn|5
|
|move|p2a: Politoed|Focus Blast|p1a: Ferrothorn
|-supereffective|p1a: Ferrothorn
|-damage|p1a: Ferrothorn|18/100
|-unboost|p1a: Ferrothorn|spd|1
|move|p1a: Ferrothorn|Spikes|p2a: Politoed
|-sidestart|p2: Invisible Enemy|Spikes
|
|-weather|RainDance|[upkeep]
|-heal|p1a: Ferrothorn|24/100|[from] item: Leftovers
|upkeep
|turn|6
|
|move|p1a: Ferrothorn|Protect|p1a: Ferrothorn
|-singleturn|p1a: Ferrothorn|Protect
|move|p2a: Politoed|Hydro Pump|p1a: Ferrothorn
|-activate|p1a: Ferrothorn|move: Protect
|
|-weather|RainDance|[upkeep]
|-heal|p1a: Ferrothorn|31/100|[from] item: Leftovers
|upkeep
|turn|7
|inactive|Battle timer is ON: inactive players will automatically lose when time's up. (requested by The Daisuke)
|
|switch|p1a: Rotom|Rotom-Wash|59/100
|move|p2a: Politoed|Hydro Pump|p1a: Rotom
|-resisted|p1a: Rotom
|-damage|p1a: Rotom|15/100
|
|-weather|RainDance|[upkeep]
|-heal|p1a: Rotom|21/100|[from] item: Leftovers
|upkeep
|turn|8
|inactive|Invisible Enemy has 120 seconds left.
|
|switch|p2a: Amoonguss|Amoonguss, M, shiny|100/100 brn
|-damage|p2a: Amoonguss|88/100 brn|[from] Stealth Rock
|-damage|p2a: Amoonguss|75/100 brn|[from] Spikes
|move|p1a: Rotom|Pain Split|p2a: Amoonguss
|-sethp|p2a: Amoonguss|45/100 brn|p1a: Rotom|64/100|[from] move: Pain Split
|
|-weather|RainDance|[upkeep]
|-heal|p1a: Rotom|70/100|[from] item: Leftovers
|-damage|p2a: Amoonguss|33/100 brn|[from] brn
|upkeep
|turn|9
|
|move|p1a: Rotom|Volt Switch|p2a: Amoonguss
|-resisted|p2a: Amoonguss
|-damage|p2a: Amoonguss|24/100 brn
|
|switch|p1a: Ferrothorn|Ferrothorn, M|31/100
|move|p2a: Amoonguss|Spore|p1a: Ferrothorn
|-status|p1a: Ferrothorn|slp
|
|-weather|RainDance|[upkeep]
|-heal|p1a: Ferrothorn|37/100 slp|[from] item: Leftovers
|-damage|p2a: Amoonguss|11/100 brn|[from] brn
|upkeep
|turn|10
|
|switch|p2a: Excadrill|Excadrill, M|100/100
|-damage|p2a: Excadrill|98/100|[from] Stealth Rock
|-damage|p2a: Excadrill|85/100|[from] Spikes
|-ability|p2a: Excadrill|Mold Breaker
|switch|p1a: Tyranitar|Tyranitar, M|92/100
|-weather|Sandstorm|[from] ability: Sand Stream|[of] p1a: Tyranitar
|
|-weather|Sandstorm|[upkeep]
|-heal|p1a: Tyranitar|98/100|[from] item: Leftovers
|upkeep
|turn|11
|
|move|p2a: Excadrill|Rapid Spin|p1a: Tyranitar
|-resisted|p1a: Tyranitar
|-crit|p1a: Tyranitar
|-damage|p1a: Tyranitar|92/100
|-sideend|p2: Invisible Enemy|Spikes|[from] move: Rapid Spin|[of] p2a: Excadrill
|-sideend|p2: Invisible Enemy|Stealth Rock|[from] move: Rapid Spin|[of] p2a: Excadrill
|move|p1a: Tyranitar|Fire Blast|p2a: Excadrill|[miss]
|-miss|p1a: Tyranitar|p2a: Excadrill
|
|-weather|Sandstorm|[upkeep]
|-heal|p1a: Tyranitar|99/100|[from] item: Leftovers
|upkeep
|turn|12
|
|switch|p2a: Keldeo|Keldeo-Resolute|100/100
|switch|p1a: Landorus|Landorus-Therian, M|100/100
|-ability|p1a: Landorus|Intimidate|boost
|-unboost|p2a: Keldeo|atk|1
|
|-weather|Sandstorm|[upkeep]
|-damage|p2a: Keldeo|94/100|[from] Sandstorm
|upkeep
|turn|13
|j| Le Fouge
|
|switch|p1a: Rotom|Rotom-Wash|70/100
|move|p2a: Keldeo|Secret Sword|p1a: Rotom
|-damage|p1a: Rotom|18/100
|
|-weather|Sandstorm|[upkeep]
|-damage|p2a: Keldeo|88/100|[from] Sandstorm
|-damage|p1a: Rotom|12/100|[from] Sandstorm
|-heal|p1a: Rotom|18/100|[from] item: Leftovers
|upkeep
|turn|14
|
|switch|p1a: Landorus|Landorus-Therian, M|100/100
|-ability|p1a: Landorus|Intimidate|boost
|-unboost|p2a: Keldeo|atk|1
|move|p2a: Keldeo|Secret Sword|p1a: Landorus
|-resisted|p1a: Landorus
|-damage|p1a: Landorus|62/100
|
|-weather|Sandstorm|[upkeep]
|-damage|p2a: Keldeo|82/100|[from] Sandstorm
|upkeep
|turn|15
|
|switch|p2a: Thundurus|Thundurus-Therian, M|100/100
|move|p1a: Landorus|U-turn|p2a: Thundurus
|-resisted|p2a: Thundurus
|-damage|p2a: Thundurus|83/100
|
|switch|p1a: Tyranitar|Tyranitar, M|99/100
|
|-weather|Sandstorm|[upkeep]
|-damage|p2a: Thundurus|77/100|[from] Sandstorm
|-heal|p2a: Thundurus|83/100|[from] item: Leftovers
|-heal|p1a: Tyranitar|100/100|[from] item: Leftovers
|upkeep
|turn|16
|
|switch|p2a: Excadrill|Excadrill, M|85/100
|-ability|p2a: Excadrill|Mold Breaker
|move|p1a: Tyranitar|Stealth Rock|p2a: Excadrill
|-sidestart|p2: Invisible Enemy|move: Stealth Rock
|
|-weather|Sandstorm|[upkeep]
|upkeep
|turn|17
|
|switch|p1a: Landorus|Landorus-Therian, M|62/100
|-ability|p1a: Landorus|Intimidate|boost
|-unboost|p2a: Excadrill|atk|1
|move|p2a: Excadrill|Rapid Spin|p1a: Landorus
|-damage|p1a: Landorus|56/100
|-sideend|p2: Invisible Enemy|Stealth Rock|[from] move: Rapid Spin|[of] p2a: Excadrill
|
|-weather|Sandstorm|[upkeep]
|upkeep
|turn|18
|
|switch|p2a: Thundurus|Thundurus-Therian, M|83/100
|move|p1a: Landorus|U-turn|p2a: Thundurus
|-resisted|p2a: Thundurus
|-damage|p2a: Thundurus|67/100
|
|switch|p1a: Tyranitar|Tyranitar, M|100/100
|
|-weather|Sandstorm|[upkeep]
|-damage|p2a: Thundurus|61/100|[from] Sandstorm
|-heal|p2a: Thundurus|67/100|[from] item: Leftovers
|upkeep
|turn|19
|
|switch|p2a: Politoed|Politoed, M|100/100
|-weather|RainDance|[from] ability: Drizzle|[of] p2a: Politoed
|move|p1a: Tyranitar|Stealth Rock|p2a: Politoed
|-sidestart|p2: Invisible Enemy|move: Stealth Rock
|
|-weather|RainDance|[upkeep]
|upkeep
|turn|20
|
|switch|p1a: Keldeo|Keldeo-Resolute|100/100
|move|p2a: Politoed|Hydro Pump|p1a: Keldeo
|-resisted|p1a: Keldeo
|-damage|p1a: Keldeo|51/100
|
|-weather|RainDance|[upkeep]
|upkeep
|turn|21
|
|move|p1a: Keldeo|Secret Sword|p2a: Politoed
|-crit|p2a: Politoed
|-damage|p2a: Politoed|0 fnt
|faint|p2a: Politoed
|
|-weather|RainDance|[upkeep]
|upkeep
|inactive|Invisible Enemy has 120 seconds left.
|
|switch|p2a: Jirachi|Jirachi|100/100
|-damage|p2a: Jirachi|94/100|[from] Stealth Rock
|turn|22
|
|switch|p1a: Tyranitar|Tyranitar, M|100/100
|-weather|Sandstorm|[from] ability: Sand Stream|[of] p1a: Tyranitar
|move|p2a: Jirachi|Wish|p2a: Jirachi
|
|-weather|Sandstorm|[upkeep]
|-heal|p2a: Jirachi|100/100|[from] item: Leftovers
|upkeep
|turn|23
|
|switch|p1a: Landorus|Landorus-Therian, M|56/100
|-ability|p1a: Landorus|Intimidate|boost
|-unboost|p2a: Jirachi|atk|1
|move|p2a: Jirachi|Iron Head|p1a: Landorus
|-damage|p1a: Landorus|34/100
|
|-weather|Sandstorm|[upkeep]
|upkeep
|turn|24
|
|move|p2a: Jirachi|Protect|p2a: Jirachi
|-singleturn|p2a: Jirachi|Protect
|move|p1a: Landorus|Earthquake|p2a: Jirachi
|-activate|p2a: Jirachi|move: Protect
|
|-weather|Sandstorm|[upkeep]
|upkeep
|turn|25
|
|switch|p2a: Thundurus|Thundurus-Therian, M|67/100
|-damage|p2a: Thundurus|42/100|[from] Stealth Rock
|move|p1a: Landorus|Earthquake|p2a: Thundurus
|-immune|p2a: Thundurus|[msg]
|
|-weather|Sandstorm|[upkeep]
|-damage|p2a: Thundurus|36/100|[from] Sandstorm
|-heal|p2a: Thundurus|42/100|[from] item: Leftovers
|upkeep
|turn|26
|
|switch|p1a: Tyranitar|Tyranitar, M|100/100
|switch|p2a: Excadrill|Excadrill, M|85/100
|-damage|p2a: Excadrill|82/100|[from] Stealth Rock
|-ability|p2a: Excadrill|Mold Breaker
|
|-weather|Sandstorm|[upkeep]
|upkeep
|turn|27
|
|move|p2a: Excadrill|Rapid Spin|p1a: Tyranitar
|-resisted|p1a: Tyranitar
|-damage|p1a: Tyranitar|98/100
|-sideend|p2: Invisible Enemy|Stealth Rock|[from] move: Rapid Spin|[of] p2a: Excadrill
|move|p1a: Tyranitar|Fire Blast|p2a: Excadrill
|-supereffective|p2a: Excadrill
|-damage|p2a: Excadrill|30/100
|
|-weather|Sandstorm|[upkeep]
|-heal|p1a: Tyranitar|100/100|[from] item: Leftovers
|upkeep
|turn|28
|
|switch|p1a: Ferrothorn|Ferrothorn, M|37/100 slp
|move|p2a: Excadrill|Stealth Rock|p1a: Ferrothorn
|-sidestart|p1: The Daisuke|move: Stealth Rock
|
|-weather|Sandstorm|[upkeep]
|-heal|p1a: Ferrothorn|43/100 slp|[from] item: Leftovers
|upkeep
|turn|29
|inactive|The Daisuke has 120 seconds left.
|
|switch|p2a: Keldeo|Keldeo-Resolute|82/100
|switch|p1a: Rotom|Rotom-Wash|18/100
|-damage|p1a: Rotom|5/100|[from] Stealth Rock
|
|-weather|Sandstorm|[upkeep]
|-damage|p2a: Keldeo|76/100|[from] Sandstorm
|-damage|p1a: Rotom|0 fnt|[from] Sandstorm
|upkeep
|faint|p1a: Rotom
|
|switch|p1a: Alakazam|Alakazam, M|100/100
|turn|30
|
|switch|p2a: Jirachi|Jirachi|100/100
|move|p1a: Alakazam|Psychic|p2a: Jirachi
|-resisted|p2a: Jirachi
|-damage|p2a: Jirachi|93/100
|
|-weather|Sandstorm|[upkeep]
|-heal|p2a: Jirachi|99/100|[from] item: Leftovers
|upkeep
|turn|31
|
|switch|p1a: Ferrothorn|Ferrothorn, M|43/100 slp
|-damage|p1a: Ferrothorn|37/100 slp|[from] Stealth Rock
|move|p2a: Jirachi|Wish|p2a: Jirachi
|
|-weather|Sandstorm|[upkeep]
|-heal|p2a: Jirachi|100/100|[from] item: Leftovers
|-heal|p1a: Ferrothorn|43/100 slp|[from] item: Leftovers
|upkeep
|turn|32
|
|switch|p2a: Thundurus|Thundurus-Therian, M|42/100
|cant|p1a: Ferrothorn|slp
|
|-weather|Sandstorm|[upkeep]
|-damage|p2a: Thundurus|36/100|[from] Sandstorm
|-heal|p2a: Thundurus|92/100|[from] move: Wish|[wisher] Jirachi
|-heal|p2a: Thundurus|99/100|[from] item: Leftovers
|-heal|p1a: Ferrothorn|49/100 slp|[from] item: Leftovers
|upkeep
|turn|33
|
|move|p2a: Thundurus|Focus Blast|p1a: Ferrothorn
|-supereffective|p1a: Ferrothorn
|-damage|p1a: Ferrothorn|0 fnt
|faint|p1a: Ferrothorn
|
|-weather|Sandstorm|[upkeep]
|-damage|p2a: Thundurus|92/100|[from] Sandstorm
|-heal|p2a: Thundurus|99/100|[from] item: Leftovers
|upkeep
|
|switch|p1a: Tyranitar|Tyranitar, M|100/100
|-damage|p1a: Tyranitar|88/100|[from] Stealth Rock
|turn|34
|
|switch|p2a: Excadrill|Excadrill, M|30/100
|-ability|p2a: Excadrill|Mold Breaker
|move|p1a: Tyranitar|Crunch|p2a: Excadrill
|-resisted|p2a: Excadrill
|-damage|p2a: Excadrill|7/100
|
|-weather|Sandstorm|[upkeep]
|-heal|p1a: Tyranitar|94/100|[from] item: Leftovers
|upkeep
|turn|35
|j| Tuong Lu Kim
|
|switch|p1a: Alakazam|Alakazam, M|100/100
|move|p2a: Excadrill|Earthquake|p1a: Alakazam
|-crit|p1a: Alakazam
|-enditem|p1a: Alakazam|Focus Sash
|-damage|p1a: Alakazam|1/100
|
|-weather|Sandstorm|[upkeep]
|upkeep
|turn|36
|l|☆The Daisuke
|inactive|The Daisuke disconnected and has a minute to reconnect!
|player|p1|
|inactive|The Daisuke has 60 seconds to reconnect!
|inactive|Invisible Enemy has 120 seconds left.
|j|☆The Daisuke
|inactive|The Daisuke reconnected and has 115 seconds left.
|player|p1|The Daisuke|165
|l|☆The Daisuke
|inactive|The Daisuke disconnected and has a minute to reconnect!
|player|p1|
|inactive|The Daisuke has 60 seconds to reconnect!
|j|☆The Daisuke
|inactive|The Daisuke reconnected and has 85 seconds left.
|player|p1|The Daisuke|165
|
|switch|p2a: Jirachi|Jirachi|100/100
|move|p1a: Alakazam|Shadow Ball|p2a: Jirachi
|-damage|p2a: Jirachi|81/100
|
|-weather|Sandstorm|[upkeep]
|-heal|p2a: Jirachi|87/100|[from] item: Leftovers
|upkeep
|turn|37
|inactive|The Daisuke has 90 seconds left.
|
|switch|p1a: Landorus|Landorus-Therian, M|34/100
|-damage|p1a: Landorus|22/100|[from] Stealth Rock
|-ability|p1a: Landorus|Intimidate|boost
|-unboost|p2a: Jirachi|atk|1
|move|p2a: Jirachi|Wish|p2a: Jirachi
|
|-weather|Sandstorm|[upkeep]
|-heal|p2a: Jirachi|94/100|[from] item: Leftovers
|upkeep
|turn|38
|inactive|The Daisuke has 90 seconds left.
|
|move|p2a: Jirachi|Protect|p2a: Jirachi
|-singleturn|p2a: Jirachi|Protect
|move|p1a: Landorus|Earthquake|p2a: Jirachi
|-activate|p2a: Jirachi|move: Protect
|
|-weather|Sandstorm|[upkeep]
|-heal|p2a: Jirachi|100/100|[from] move: Wish|[wisher] Jirachi
|upkeep
|turn|39
|inactive|The Daisuke has 90 seconds left.
|
|switch|p1a: Tyranitar|Tyranitar, M|94/100
|-damage|p1a: Tyranitar|82/100|[from] Stealth Rock
|switch|p2a: Thundurus|Thundurus-Therian, M|99/100
|
|-weather|Sandstorm|[upkeep]
|-damage|p2a: Thundurus|92/100|[from] Sandstorm
|-heal|p2a: Thundurus|99/100|[from] item: Leftovers
|-heal|p1a: Tyranitar|88/100|[from] item: Leftovers
|upkeep
|turn|40
|
|switch|p2a: Jirachi|Jirachi|100/100
|move|p1a: Tyranitar|Stealth Rock|p2a: Jirachi
|-sidestart|p2: Invisible Enemy|move: Stealth Rock
|
|-weather|Sandstorm|[upkeep]
|-heal|p1a: Tyranitar|94/100|[from] item: Leftovers
|upkeep
|turn|41
|
|move|p2a: Jirachi|Iron Head|p1a: Tyranitar
|-supereffective|p1a: Tyranitar
|-damage|p1a: Tyranitar|48/100
|move|p1a: Tyranitar|Fire Blast|p2a: Jirachi
|-supereffective|p2a: Jirachi
|-damage|p2a: Jirachi|67/100
|
|-weather|Sandstorm|[upkeep]
|-heal|p2a: Jirachi|74/100|[from] item: Leftovers
|-heal|p1a: Tyranitar|54/100|[from] item: Leftovers
|upkeep
|turn|42
|inactive|The Daisuke has 60 seconds left.
|
|move|p2a: Jirachi|Wish|p2a: Jirachi
|move|p1a: Tyranitar|Fire Blast|p2a: Jirachi
|-supereffective|p2a: Jirachi
|-damage|p2a: Jirachi|38/100
|-status|p2a: Jirachi|brn
|
|-weather|Sandstorm|[upkeep]
|-heal|p2a: Jirachi|45/100 brn|[from] item: Leftovers
|-heal|p1a: Tyranitar|61/100|[from] item: Leftovers
|-damage|p2a: Jirachi|32/100 brn|[from] brn
|upkeep
|turn|43
|inactive|The Daisuke has 60 seconds left.
|
|move|p2a: Jirachi|Iron Head|p1a: Tyranitar
|-supereffective|p1a: Tyranitar
|-damage|p1a: Tyranitar|41/100
|cant|p1a: Tyranitar|flinch
|
|-weather|Sandstorm|[upkeep]
|-heal|p2a: Jirachi|82/100 brn|[from] move: Wish|[wisher] Jirachi
|-heal|p2a: Jirachi|88/100 brn|[from] item: Leftovers
|-heal|p1a: Tyranitar|47/100|[from] item: Leftovers
|-damage|p2a: Jirachi|76/100 brn|[from] brn
|upkeep
|turn|44
|
|switch|p2a: Keldeo|Keldeo-Resolute|76/100
|-damage|p2a: Keldeo|70/100|[from] Stealth Rock
|move|p1a: Tyranitar|Fire Blast|p2a: Keldeo
|-resisted|p2a: Keldeo
|-damage|p2a: Keldeo|56/100
|
|-weather|Sandstorm|[upkeep]
|-damage|p2a: Keldeo|49/100|[from] Sandstorm
|-heal|p1a: Tyranitar|53/100|[from] item: Leftovers
|upkeep
|turn|45
|inactive|The Daisuke has 30 seconds left.
|inactive|The Daisuke has 20 seconds left.
|inactive|The Daisuke has 15 seconds left.
|inactive|The Daisuke has 10 seconds left.
|inactive|The Daisuke has 5 seconds left.
|-message|The Daisuke lost due to inactivity.
|
|win|Invisible Enemy
|l|☆The Daisuke
|raw|The Daisuke's rating: 1520 &rarr; <strong>1498</strong><br />(-22 for losing)
|raw|Invisible Enemy's rating: 1484 &rarr; <strong>1506</strong><br />(+22 for winning)
