|join|ashiemore
|join|Senior Frosty
|player|p1|ashiemore|25
|player|p2|Senior Frosty|265
|gametype|singles
|gen|5
|tier|[Gen 5] OU
|rated
|rule|Evasion Abilities Clause: Evasion abilities are banned
|clearpoke
|poke|p1|Chansey, F
|poke|p1|Landorus-Therian, M
|poke|p1|Tentacruel, F
|poke|p1|Latias, F
|poke|p1|Skarmory, F
|poke|p1|Breloom, M
|poke|p2|Bronzong
|poke|p2|Heatran, F
|poke|p2|Ninetales, F
|poke|p2|Sawsbuck, F
|poke|p2|Infernape, M
|poke|p2|Starmie
|rule|Sleep Clause Mod: Limit one foe put to sleep
|rule|Species Clause: Limit one of each Pokemon
|rule|OHKO Clause: OHKO moves are banned
|rule|Moody Clause: Moody is banned
|rule|Evasion Moves Clause: Evasion moves are banned
|rule|Endless Battle Clause: Forcing endless battles is banned.
|rule|HP Percentage Mod: HP is reported as percentages
|teampreview
|
|start
|switch|p1a: Latias|Latias, F|363/363
|switch|p2a: Ninetales|Ninetales, F|350/350
|-weather|SunnyDay|[from] ability: Drought|[of] p2a: Ninetales
|turn|1
|
|move|p2a: Ninetales|Will-O-Wisp|p1a: Latias|[miss]
|-miss|p2a: Ninetales|p1a: Latias
|move|p1a: Latias|Substitute|p1a: Latias
|-start|p1a: Latias|Substitute
|-damage|p1a: Latias|273/363
|
|-weather|SunnyDay|[upkeep]
|-heal|p1a: Latias|295/363|[from] item: Leftovers
|turn|2
|
|move|p1a: Latias|Calm Mind|p1a: Latias
|-boost|p1a: Latias|spa|1
|-boost|p1a: Latias|spd|1
|move|p2a: Ninetales|Roar|p1a: Latias
|drag|p1a: Landorus-Therian|Landorus-Therian, M|381/381
|-ability|p1a: Landorus-Therian|Intimidate|[of] p2a: Ninetales
|-unboost|p2a: Ninetales|atk|1
|
|-weather|SunnyDay|[upkeep]
|turn|3
|
|switch|p1a: Chansey|Chansey, F|704/704
|move|p2a: Ninetales|Will-O-Wisp|p1a: Chansey
|-status|p1a: Chansey|brn
|
|-weather|SunnyDay|[upkeep]
|-damage|p1a: Chansey|616/704 brn|[from] brn
|turn|4
|
|switch|p2a: Bronzong|Bronzong|338/338
|move|p1a: Chansey|Thunder Wave|p2a: Bronzong
|-status|p2a: Bronzong|par
|
|-weather|SunnyDay|[upkeep]
|-damage|p1a: Chansey|528/704 brn|[from] brn
|turn|5
|
|move|p1a: Chansey|Seismic Toss|p2a: Bronzong
|-damage|p2a: Bronzong|238/338 par
|move|p2a: Bronzong|Stealth Rock|p1a: Chansey
|-sidestart|p1: ashiemore|move: Stealth Rock
|
|-weather|SunnyDay|[upkeep]
|-heal|p2a: Bronzong|259/338 par|[from] item: Leftovers
|-damage|p1a: Chansey|440/704 brn|[from] brn
|turn|6
|
|switch|p1a: Tentacruel|Tentacruel, F|364/364
|-damage|p1a: Tentacruel|319/364|[from] Stealth Rock
|switch|p2a: Sawsbuck|Sawsbuck, F|301/301
|
|-weather|SunnyDay|[upkeep]
|-heal|p1a: Tentacruel|341/364|[from] item: Leftovers
|turn|7
|
|move|p2a: Sawsbuck|Nature Power|p2a: Sawsbuck
|move|p2a: Sawsbuck|Earthquake|p1a: Tentacruel|[from]Nature Power
|-supereffective|p1a: Tentacruel
|-damage|p1a: Tentacruel|47/364
|-damage|p2a: Sawsbuck|271/301|[from] item: Life Orb
|move|p1a: Tentacruel|Scald|p2a: Sawsbuck
|-resisted|p2a: Sawsbuck
|-damage|p2a: Sawsbuck|246/301
|
|-weather|SunnyDay|[upkeep]
|-heal|p1a: Tentacruel|69/364|[from] item: Leftovers
|turn|8
|
|switch|p1a: Skarmory|Skarmory, F|334/334
|-damage|p1a: Skarmory|293/334|[from] Stealth Rock
|move|p2a: Sawsbuck|Horn Leech|p1a: Skarmory
|-resisted|p1a: Skarmory
|-damage|p1a: Skarmory|272/334
|-heal|p2a: Sawsbuck|257/301|[from] drain|[of] p1a: Skarmory
|-damage|p2a: Sawsbuck|227/301|[from] item: Life Orb
|
|-weather|SunnyDay|[upkeep]
|turn|9
|
|switch|p2a: Ninetales|Ninetales, F|350/350
|switch|p1a: Breloom|Breloom, M|262/262
|-damage|p1a: Breloom|246/262|[from] Stealth Rock
|
|-weather|SunnyDay|[upkeep]
|turn|10
|
|switch|p1a: Chansey|Chansey, F|440/704
|-damage|p1a: Chansey|352/704|[from] Stealth Rock
|move|p2a: Ninetales|Will-O-Wisp|p1a: Chansey|[miss]
|-miss|p2a: Ninetales|p1a: Chansey
|
|-weather|SunnyDay|[upkeep]
|turn|11
|chat|Senior Frosty|....
|chat|ashiemore|it's called will-o-miss for a reason
|
|switch|p2a: Bronzong|Bronzong|259/338 par
|move|p1a: Chansey|Wish|p1a: Chansey
|
|-weather|SunnyDay|[upkeep]
|-heal|p2a: Bronzong|280/338 par|[from] item: Leftovers
|turn|12
|
|switch|p1a: Tentacruel|Tentacruel, F|69/364
|-damage|p1a: Tentacruel|24/364|[from] Stealth Rock
|move|p2a: Bronzong|Toxic|p1a: Tentacruel
|-fail|p1a: Tentacruel
|
|-weather|SunnyDay|[upkeep]
|-heal|p1a: Tentacruel|364/364|[from] move: Wish|[wisher] Chansey
|-heal|p2a: Bronzong|301/338 par|[from] item: Leftovers
|turn|13
|
|switch|p2a: Ninetales|Ninetales, F|350/350
|move|p1a: Tentacruel|Rapid Spin|p2a: Ninetales
|-damage|p2a: Ninetales|338/350
|-sideend|p1: ashiemore|Stealth Rock|[from] move: Rapid Spin|[of] p1a: Tentacruel
|
|-weather|SunnyDay|[upkeep]
|-heal|p2a: Ninetales|350/350|[from] item: Leftovers
|turn|14
|
|switch|p2a: Bronzong|Bronzong|301/338 par
|move|p1a: Tentacruel|Toxic|p2a: Bronzong
|-fail|p2a: Bronzong
|
|-weather|SunnyDay|[upkeep]
|-heal|p2a: Bronzong|322/338 par|[from] item: Leftovers
|turn|15
|
|switch|p1a: Latias|Latias, F|295/363
|move|p2a: Bronzong|Stealth Rock|p1a: Latias
|-sidestart|p1: ashiemore|move: Stealth Rock
|
|-weather|SunnyDay|[upkeep]
|-heal|p1a: Latias|317/363|[from] item: Leftovers
|-heal|p2a: Bronzong|338/338 par|[from] item: Leftovers
|turn|16
|
|move|p1a: Latias|Substitute|p1a: Latias
|-start|p1a: Latias|Substitute
|-damage|p1a: Latias|227/363
|cant|p2a: Bronzong|par
|
|-weather|SunnyDay|[upkeep]
|-heal|p1a: Latias|249/363|[from] item: Leftovers
|turn|17
|
|move|p1a: Latias|Dragon Pulse|p2a: Bronzong
|-resisted|p2a: Bronzong
|-damage|p2a: Bronzong|297/338 par
|move|p2a: Bronzong|Gyro Ball|p1a: Latias
|-end|p1a: Latias|Substitute
|
|-weather|SunnyDay|[upkeep]
|-heal|p1a: Latias|271/363|[from] item: Leftovers
|-heal|p2a: Bronzong|318/338 par|[from] item: Leftovers
|turn|18
|
|move|p1a: Latias|Substitute|p1a: Latias
|-start|p1a: Latias|Substitute
|-damage|p1a: Latias|181/363
|move|p2a: Bronzong|Gyro Ball|p1a: Latias
|-end|p1a: Latias|Substitute
|
|-weather|SunnyDay|[upkeep]
|-heal|p1a: Latias|203/363|[from] item: Leftovers
|-heal|p2a: Bronzong|338/338 par|[from] item: Leftovers
|turn|19
|
|move|p1a: Latias|Calm Mind|p1a: Latias
|-boost|p1a: Latias|spa|1
|-boost|p1a: Latias|spd|1
|move|p2a: Bronzong|Gyro Ball|p1a: Latias
|-damage|p1a: Latias|76/363
|
|-weather|SunnyDay|[upkeep]
|-heal|p1a: Latias|98/363|[from] item: Leftovers
|turn|20
|
|move|p1a: Latias|Roost|p1a: Latias
|-heal|p1a: Latias|280/363
|cant|p2a: Bronzong|par
|
|-weather|SunnyDay|[upkeep]
|-heal|p1a: Latias|302/363|[from] item: Leftovers
|turn|21
|
|move|p1a: Latias|Substitute|p1a: Latias
|-start|p1a: Latias|Substitute
|-damage|p1a: Latias|212/363
|move|p2a: Bronzong|Toxic|p1a: Latias
|
|-weather|SunnyDay|[upkeep]
|-heal|p1a: Latias|234/363|[from] item: Leftovers
|turn|22
|
|move|p1a: Latias|Calm Mind|p1a: Latias
|-boost|p1a: Latias|spa|1
|-boost|p1a: Latias|spd|1
|move|p2a: Bronzong|Gyro Ball|p1a: Latias
|-end|p1a: Latias|Substitute
|
|-weather|SunnyDay|[upkeep]
|-heal|p1a: Latias|256/363|[from] item: Leftovers
|turn|23
|
|move|p1a: Latias|Substitute|p1a: Latias
|-start|p1a: Latias|Substitute
|-damage|p1a: Latias|166/363
|move|p2a: Bronzong|Gyro Ball|p1a: Latias
|-end|p1a: Latias|Substitute
|
|-weather|SunnyDay|[upkeep]
|-heal|p1a: Latias|188/363|[from] item: Leftovers
|turn|24
|
|move|p1a: Latias|Roost|p1a: Latias
|-heal|p1a: Latias|363/363
|move|p2a: Bronzong|Toxic|p1a: Latias
|-status|p1a: Latias|tox
|
|-weather|SunnyDay|[upkeep]
|-damage|p1a: Latias|341/363 tox|[from] psn
|turn|25
|
|move|p1a: Latias|Calm Mind|p1a: Latias
|-boost|p1a: Latias|spa|1
|-boost|p1a: Latias|spd|1
|move|p2a: Bronzong|Gyro Ball|p1a: Latias
|-damage|p1a: Latias|208/363 tox
|
|-weather|SunnyDay|[upkeep]
|-heal|p1a: Latias|230/363 tox|[from] item: Leftovers
|-damage|p1a: Latias|186/363 tox|[from] psn
|turn|26
|
|move|p1a: Latias|Roost|p1a: Latias
|-heal|p1a: Latias|363/363 tox
|move|p2a: Bronzong|Gyro Ball|p1a: Latias
|-damage|p1a: Latias|234/363 tox
|
|-weather|SunnyDay|[upkeep]
|-heal|p1a: Latias|256/363 tox|[from] item: Leftovers
|-damage|p1a: Latias|190/363 tox|[from] psn
|turn|27
|
|switch|p2a: Ninetales|Ninetales, F|350/350
|move|p1a: Latias|Dragon Pulse|p2a: Ninetales
|-damage|p2a: Ninetales|64/350
|
|-weather|SunnyDay|[upkeep]
|-heal|p2a: Ninetales|85/350|[from] item: Leftovers
|-heal|p1a: Latias|212/363 tox|[from] item: Leftovers
|-damage|p1a: Latias|124/363 tox|[from] psn
|turn|28
|
|move|p2a: Ninetales|Flamethrower|p1a: Latias
|-resisted|p1a: Latias
|-damage|p1a: Latias|102/363 tox
|move|p1a: Latias|Dragon Pulse|p2a: Ninetales
|-damage|p2a: Ninetales|0 fnt
|faint|p2a: Ninetales
|
|-weather|SunnyDay|[upkeep]
|-heal|p1a: Latias|124/363 tox|[from] item: Leftovers
|-damage|p1a: Latias|14/363 tox|[from] psn
|
|switch|p2a: Sawsbuck|Sawsbuck, F|227/301
|turn|29
|
|move|p2a: Sawsbuck|Horn Leech|p1a: Latias
|-resisted|p1a: Latias
|-damage|p1a: Latias|0 fnt
|-heal|p2a: Sawsbuck|234/301|[from] drain|[of] p1a: Latias
|-damage|p2a: Sawsbuck|204/301|[from] item: Life Orb
|faint|p1a: Latias
|
|-weather|SunnyDay|[upkeep]
|
|switch|p1a: Breloom|Breloom, M|246/262
|-damage|p1a: Breloom|230/262|[from] Stealth Rock
|turn|30
|
|switch|p2a: Bronzong|Bronzong|338/338 par
|move|p1a: Breloom|Mach Punch|p2a: Bronzong
|-damage|p2a: Bronzong|228/338 par
|-damage|p1a: Breloom|204/262|[from] item: Life Orb
|
|-weather|SunnyDay|[upkeep]
|-heal|p2a: Bronzong|249/338 par|[from] item: Leftovers
|turn|31
|
|move|p1a: Breloom|Low Sweep|p2a: Bronzong
|-damage|p2a: Bronzong|97/338 par
|-unboost|p2a: Bronzong|spe|1
|-damage|p1a: Breloom|178/262|[from] item: Life Orb
|move|p2a: Bronzong|Gyro Ball|p1a: Breloom
|-damage|p1a: Breloom|0 fnt
|faint|p1a: Breloom
|
|-weather|SunnyDay|[upkeep]
|-heal|p2a: Bronzong|118/338 par|[from] item: Leftovers
|
|switch|p1a: Landorus-Therian|Landorus-Therian, M|381/381
|-damage|p1a: Landorus-Therian|334/381|[from] Stealth Rock
|-ability|p1a: Landorus-Therian|Intimidate|[of] p2a: Bronzong
|-unboost|p2a: Bronzong|atk|1
|turn|32
|
|move|p1a: Landorus-Therian|U-turn|p2a: Bronzong
|-damage|p2a: Bronzong|61/338 par
|
|switch|p1a: Chansey|Chansey, F|352/704
|-damage|p1a: Chansey|264/704|[from] Stealth Rock
|cant|p2a: Bronzong|par
|
|-weather|SunnyDay|[upkeep]
|-heal|p2a: Bronzong|82/338 par|[from] item: Leftovers
|turn|33
|
|switch|p2a: Sawsbuck|Sawsbuck, F|204/301
|move|p1a: Chansey|Seismic Toss|p2a: Sawsbuck
|-damage|p2a: Sawsbuck|104/301
|
|-weather|SunnyDay|[upkeep]
|turn|34
|
|switch|p1a: Landorus-Therian|Landorus-Therian, M|334/381
|-damage|p1a: Landorus-Therian|287/381|[from] Stealth Rock
|-ability|p1a: Landorus-Therian|Intimidate|[of] p2a: Sawsbuck
|-unboost|p2a: Sawsbuck|atk|1
|move|p2a: Sawsbuck|Jump Kick|p1a: Landorus-Therian
|-resisted|p1a: Landorus-Therian
|-damage|p1a: Landorus-Therian|245/381
|-damage|p2a: Sawsbuck|74/301|[from] item: Life Orb
|
|-weather|SunnyDay|[upkeep]
|-heal|p1a: Landorus-Therian|268/381|[from] item: Leftovers
|turn|35
|
|switch|p2a: Bronzong|Bronzong|82/338 par
|move|p1a: Landorus-Therian|Earthquake|p2a: Bronzong
|-immune|p2a: Bronzong|[msg]
|
|-weather|SunnyDay|[upkeep]
|-heal|p1a: Landorus-Therian|291/381|[from] item: Leftovers
|-heal|p2a: Bronzong|103/338 par|[from] item: Leftovers
|turn|36
|
|switch|p2a: Sawsbuck|Sawsbuck, F|74/301
|move|p1a: Landorus-Therian|U-turn|p2a: Sawsbuck
|-supereffective|p2a: Sawsbuck
|-damage|p2a: Sawsbuck|0 fnt
|faint|p2a: Sawsbuck
|
|switch|p1a: Tentacruel|Tentacruel, F|364/364
|-damage|p1a: Tentacruel|319/364|[from] Stealth Rock
|
|-weather|SunnyDay|[upkeep]
|-heal|p1a: Tentacruel|341/364|[from] item: Leftovers
|
|switch|p2a: Starmie|Starmie|261/261
|turn|37
|
|move|p2a: Starmie|Trick|p1a: Tentacruel
|-activate|p2a: Starmie|move: Trick|[of] p1a: Tentacruel
|-item|p1a: Tentacruel|Choice Specs|[from] move: Trick
|-item|p2a: Starmie|Leftovers|[from] move: Trick
|move|p1a: Tentacruel|Toxic|p2a: Starmie
|-status|p2a: Starmie|tox
|
|-weather|SunnyDay|[upkeep]
|-damage|p2a: Starmie|245/261 tox|[from] psn
|turn|38
|
|switch|p1a: Landorus-Therian|Landorus-Therian, M|291/381
|-damage|p1a: Landorus-Therian|244/381|[from] Stealth Rock
|-ability|p1a: Landorus-Therian|Intimidate|[of] p2a: Starmie
|-unboost|p2a: Starmie|atk|1
|move|p2a: Starmie|Ice Beam|p1a: Landorus-Therian
|-supereffective|p1a: Landorus-Therian
|-damage|p1a: Landorus-Therian|0 fnt
|faint|p1a: Landorus-Therian
|
|-weather|SunnyDay|[upkeep]
|-heal|p2a: Starmie|261/261 tox|[from] item: Leftovers
|-damage|p2a: Starmie|229/261 tox|[from] psn
|
|switch|p1a: Chansey|Chansey, F|264/704
|-damage|p1a: Chansey|176/704|[from] Stealth Rock
|turn|39
|
|move|p2a: Starmie|Psyshock|p1a: Chansey
|-damage|p1a: Chansey|11/704
|move|p1a: Chansey|Wish|p1a: Chansey
|
|-weather|SunnyDay|[upkeep]
|-heal|p2a: Starmie|245/261 tox|[from] item: Leftovers
|-damage|p2a: Starmie|197/261 tox|[from] psn
|turn|40
|
|switch|p2a: Infernape|Infernape, M|293/293
|move|p1a: Chansey|Protect|p1a: Chansey
|-fail|p1a: Chansey
|
|-weather|SunnyDay|[upkeep]
|-heal|p1a: Chansey|363/704|[from] move: Wish|[wisher] Chansey
|turn|41
|
|switch|p1a: Tentacruel|Tentacruel, F|341/364
|-damage|p1a: Tentacruel|296/364|[from] Stealth Rock
|move|p2a: Infernape|Close Combat|p1a: Tentacruel
|-resisted|p1a: Tentacruel
|-damage|p1a: Tentacruel|163/364
|-unboost|p2a: Infernape|def|1
|-unboost|p2a: Infernape|spd|1
|
|-weather|SunnyDay|[upkeep]
|turn|42
|
|switch|p2a: Starmie|Starmie|197/261 tox
|switch|p1a: Chansey|Chansey, F|363/704
|-damage|p1a: Chansey|275/704|[from] Stealth Rock
|
|-weather|SunnyDay|[upkeep]
|-heal|p2a: Starmie|213/261 tox|[from] item: Leftovers
|-damage|p2a: Starmie|197/261 tox|[from] psn
|turn|43
|
|move|p2a: Starmie|Psyshock|p1a: Chansey
|-damage|p1a: Chansey|110/704
|move|p1a: Chansey|Wish|p1a: Chansey
|
|-weather|SunnyDay|[upkeep]
|-heal|p2a: Starmie|213/261 tox|[from] item: Leftovers
|-damage|p2a: Starmie|181/261 tox|[from] psn
|turn|44
|
|move|p1a: Chansey|Protect|p1a: Chansey
|-singleturn|p1a: Chansey|Protect
|move|p2a: Starmie|Psyshock|p1a: Chansey
|-activate|p1a: Chansey|Protect
|
|-weather|SunnyDay|[upkeep]
|-heal|p1a: Chansey|462/704|[from] move: Wish|[wisher] Chansey
|-heal|p2a: Starmie|197/261 tox|[from] item: Leftovers
|-damage|p2a: Starmie|149/261 tox|[from] psn
|turn|45
|
|move|p2a: Starmie|Psyshock|p1a: Chansey
|-damage|p1a: Chansey|309/704
|move|p1a: Chansey|Seismic Toss|p2a: Starmie
|-damage|p2a: Starmie|49/261 tox
|
|-weather|SunnyDay|[upkeep]
|-heal|p2a: Starmie|65/261 tox|[from] item: Leftovers
|-damage|p2a: Starmie|1/261 tox|[from] psn
|turn|46
|
|move|p2a: Starmie|Psyshock|p1a: Chansey
|-damage|p1a: Chansey|144/704
|move|p1a: Chansey|Wish|p1a: Chansey
|
|-weather|SunnyDay|[upkeep]
|-heal|p2a: Starmie|17/261 tox|[from] item: Leftovers
|-damage|p2a: Starmie|0 fnt|[from] psn
|faint|p2a: Starmie
|
|switch|p2a: Heatran|Heatran, F|323/323
|turn|47
|
|move|p1a: Chansey|Protect|p1a: Chansey
|-singleturn|p1a: Chansey|Protect
|move|p2a: Heatran|Earth Power|p1a: Chansey
|-activate|p1a: Chansey|Protect
|
|-weather|SunnyDay|[upkeep]
|-heal|p1a: Chansey|496/704|[from] move: Wish|[wisher] Chansey
|turn|48
|
|move|p2a: Heatran|Magma Storm|p1a: Chansey
|-damage|p1a: Chansey|277/704
|-activate|p1a: Chansey|move: Magma Storm|[of] p2a: Heatran
|move|p1a: Chansey|Wish|p1a: Chansey
|
|-weather|SunnyDay|[upkeep]
|-damage|p1a: Chansey|233/704|[from] move: Magma Storm|[partiallytrapped]
|turn|49
|
|switch|p2a: Infernape|Infernape, M|293/293
|move|p1a: Chansey|Protect|p1a: Chansey
|-fail|p1a: Chansey
|
|-weather|SunnyDay|[upkeep]
|-heal|p1a: Chansey|585/704|[from] move: Wish|[wisher] Chansey
|-end|p1a: Chansey|Magma Storm|[partiallytrapped]
|turn|50
|
|move|p1a: Chansey|Protect|p1a: Chansey
|-singleturn|p1a: Chansey|Protect
|move|p2a: Infernape|Close Combat|p1a: Chansey
|-activate|p1a: Chansey|Protect
|
|-weather|SunnyDay|[upkeep]
|turn|51
|
|switch|p1a: Tentacruel|Tentacruel, F|163/364
|-damage|p1a: Tentacruel|118/364|[from] Stealth Rock
|move|p2a: Infernape|Close Combat|p1a: Tentacruel
|-resisted|p1a: Tentacruel
|-damage|p1a: Tentacruel|0 fnt
|-unboost|p2a: Infernape|def|1
|-unboost|p2a: Infernape|spd|1
|faint|p1a: Tentacruel
|
|-weather|SunnyDay|[upkeep]
|
|switch|p1a: Skarmory|Skarmory, F|272/334
|-damage|p1a: Skarmory|231/334|[from] Stealth Rock
|turn|52
|
|switch|p2a: Heatran|Heatran, F|323/323
|switch|p1a: Chansey|Chansey, F|585/704
|-damage|p1a: Chansey|497/704|[from] Stealth Rock
|
|-weather|SunnyDay|[upkeep]
|turn|53
|
|switch|p2a: Infernape|Infernape, M|293/293
|move|p1a: Chansey|Thunder Wave|p2a: Infernape
|-status|p2a: Infernape|par
|
|-weather|SunnyDay|[upkeep]
|turn|54
|
|move|p1a: Chansey|Protect|p1a: Chansey
|-singleturn|p1a: Chansey|Protect
|move|p2a: Infernape|Flare Blitz|p1a: Chansey
|-activate|p1a: Chansey|Protect
|
|-weather|SunnyDay|[upkeep]
|turn|55
|
|move|p1a: Chansey|Wish|p1a: Chansey
|move|p2a: Infernape|Flare Blitz|p1a: Chansey
|-damage|p1a: Chansey|0 fnt
|-damage|p2a: Infernape|129/293 par|[from] recoil|[of] p1a: Chansey
|faint|p1a: Chansey
|
|-weather|SunnyDay|[upkeep]
|-message|ashiemore forfeited.
|
|win|Senior Frosty
|raw|Ladder updating...
|raw|ashiemore's rating: 1401 &rarr; <strong>1379</strong><br />(-22 for losing)
|raw|Senior Frosty's rating: 1358 &rarr; <strong>1380</strong><br />(+22 for winning)
|leave|ashiemore
|player|p1