|j|☆seanb143
|j|☆el janitor
|t:|1729033080
|gametype|singles
|player|p1|seanb143|emmet|1461
|player|p2|el janitor|1|1424
|teamsize|p1|6
|teamsize|p2|6
|gen|5
|tier|[Gen 5] OU
|rated|
|rule|Species Clause: Limit one of each Pokémon
|rule|OHKO Clause: OHKO moves are banned
|rule|Moody Clause: Moody is banned
|rule|Evasion Items Clause: Evasion items are banned
|rule|Evasion Moves Clause: Evasion moves are banned
|rule|Endless Battle Clause: Forcing endless battles is banned
|rule|HP Percentage Mod: HP is shown in percentages
|rule|Evasion Abilities Clause: Evasion abilities are banned
|rule|Sleep Moves Clause: Sleep-inducing moves are banned
|rule|Swagger Clause: Swagger is banned
|rule|Baton Pass Stat Clause: No Baton Passer may have a way to boost its stats
|clearpoke
|poke|p1|Heatran, F|item
|poke|p1|Jellicent, F|item
|poke|p1|Forretress, F|item
|poke|p1|Tyranitar, M|item
|poke|p1|Breloom, F|item
|poke|p1|Landorus-Therian, M|item
|poke|p2|Azelf|item
|poke|p2|Celebi|item
|poke|p2|Heatran, F|item
|poke|p2|Excadrill, F|item
|poke|p2|Zapdos|item
|poke|p2|Breloom, M|item
|teampreview
|inactive|Battle timer is ON: inactive players will automatically lose when time's up. (requested by el janitor)
|inactive|seanb143 also wants the timer to be on.
|
|t:|1729033101
|start
|switch|p1a: Landorus|Landorus-Therian, M, shiny|100/100
|switch|p2a: Azelf|Azelf|100/100
|-ability|p1a: Landorus|Intimidate|boost
|-unboost|p2a: Azelf|atk|1
|turn|1
|
|t:|1729033104
|switch|p2a: Heatran|Heatran, F|100/100
|move|p1a: Landorus|U-turn|p2a: Heatran
|-resisted|p2a: Heatran
|-damage|p2a: Heatran|96/100
|
|t:|1729033112
|switch|p1a: Forretress|Forretress, F, shiny|100/100|[from] U-turn
|
|-heal|p2a: Heatran|100/100|[from] item: Leftovers
|upkeep
|turn|2
|
|t:|1729033117
|move|p2a: Heatran|Magma Storm|p1a: Forretress
|-supereffective|p1a: Forretress
|-ability|p1a: Forretress|Sturdy
|-damage|p1a: Forretress|1/100
|-activate|p1a: Forretress|move: Magma Storm|[of] p2a: Heatran
|move|p1a: Forretress|Earthquake|p2a: Heatran
|-supereffective|p2a: Heatran
|-damage|p2a: Heatran|7/100
|
|-heal|p2a: Heatran|13/100|[from] item: Leftovers
|-damage|p1a: Forretress|0 fnt|[from] move: Magma Storm|[partiallytrapped]
|faint|p1a: Forretress
|upkeep
|
|t:|1729033127
|switch|p1a: Landorus|Landorus-Therian, M, shiny|100/100
|-ability|p1a: Landorus|Intimidate|boost
|-unboost|p2a: Heatran|atk|1
|turn|3
|
|t:|1729033131
|move|p2a: Heatran|Protect|p2a: Heatran
|-singleturn|p2a: Heatran|Protect
|move|p1a: Landorus|Superpower|p2a: Heatran
|-activate|p2a: Heatran|move: Protect
|
|-heal|p2a: Heatran|19/100|[from] item: Leftovers
|upkeep
|turn|4
|
|t:|1729033135
|switch|p1a: Heatran|Heatran, F, shiny|100/100
|switch|p2a: Azelf|Azelf|100/100
|
|upkeep
|turn|5
|
|t:|1729033142
|move|p2a: Azelf|Stealth Rock|p1a: Heatran
|-sidestart|p1: seanb143|move: Stealth Rock
|move|p1a: Heatran|Lava Plume|p2a: Azelf
|-damage|p2a: Azelf|43/100
|-enditem|p2a: Azelf|Sitrus Berry|[eat]
|-heal|p2a: Azelf|68/100|[from] item: Sitrus Berry
|
|upkeep
|turn|6
|
|t:|1729033152
|switch|p2a: Heatran|Heatran, F|19/100
|move|p1a: Heatran|Stealth Rock|p2a: Heatran
|-sidestart|p2: el janitor|move: Stealth Rock
|
|-heal|p2a: Heatran|26/100|[from] item: Leftovers
|upkeep
|turn|7
|
|t:|1729033156
|move|p2a: Heatran|Earth Power|p1a: Heatran
|-supereffective|p1a: Heatran
|-damage|p1a: Heatran|40/100
|-unboost|p1a: Heatran|spd|1
|move|p1a: Heatran|Roar|p2a: Heatran
|drag|p2a: Zapdos|Zapdos|100/100
|-damage|p2a: Zapdos|76/100|[from] Stealth Rock
|-ability|p2a: Zapdos|Pressure
|
|-heal|p2a: Zapdos|82/100|[from] item: Leftovers
|-heal|p1a: Heatran|47/100|[from] item: Leftovers
|upkeep
|turn|8
|
|t:|1729033162
|switch|p2a: Heatran|Heatran, F|26/100
|-damage|p2a: Heatran|13/100|[from] Stealth Rock
|switch|p1a: Landorus|Landorus-Therian, M, shiny|100/100
|-damage|p1a: Landorus|88/100|[from] Stealth Rock
|-ability|p1a: Landorus|Intimidate|boost
|-unboost|p2a: Heatran|atk|1
|
|-heal|p2a: Heatran|19/100|[from] item: Leftovers
|upkeep
|turn|9
|
|t:|1729033165
|move|p2a: Heatran|Protect|p2a: Heatran
|-singleturn|p2a: Heatran|Protect
|move|p1a: Landorus|Superpower|p2a: Heatran
|-activate|p2a: Heatran|move: Protect
|
|-heal|p2a: Heatran|26/100|[from] item: Leftovers
|upkeep
|turn|10
|
|t:|1729033173
|switch|p2a: Azelf|Azelf|68/100
|-damage|p2a: Azelf|56/100|[from] Stealth Rock
|move|p1a: Landorus|Superpower|p2a: Azelf
|-resisted|p2a: Azelf
|-damage|p2a: Azelf|20/100
|-unboost|p1a: Landorus|atk|1
|-unboost|p1a: Landorus|def|1
|
|upkeep
|turn|11
|
|t:|1729033191
|switch|p1a: Heatran|Heatran, F, shiny|47/100
|-damage|p1a: Heatran|34/100|[from] Stealth Rock
|move|p2a: Azelf|Explosion|p1a: Heatran
|-resisted|p1a: Heatran
|-damage|p1a: Heatran|0 fnt
|faint|p2a: Azelf
|faint|p1a: Heatran
|
|upkeep
|
|t:|1729033199
|switch|p2a: Breloom|Breloom, M|100/100
|switch|p1a: Landorus|Landorus-Therian, M, shiny|88/100
|-damage|p1a: Landorus|76/100|[from] Stealth Rock
|-ability|p1a: Landorus|Intimidate|boost
|-unboost|p2a: Breloom|atk|1
|-damage|p2a: Breloom|94/100|[from] Stealth Rock
|turn|12
|
|t:|1729033207
|switch|p2a: Heatran|Heatran, F|26/100
|-damage|p2a: Heatran|13/100|[from] Stealth Rock
|move|p1a: Landorus|U-turn|p2a: Heatran
|-resisted|p2a: Heatran
|-damage|p2a: Heatran|8/100
|j| draiii1
|
|t:|1729033220
|switch|p1a: Breloom|Breloom, F, shiny|100/100|[from] U-turn
|-damage|p1a: Breloom|94/100|[from] Stealth Rock
|
|-heal|p2a: Heatran|14/100|[from] item: Leftovers
|-status|p1a: Breloom|tox|[from] item: Toxic Orb
|upkeep
|turn|13
|
|t:|1729033225
|move|p1a: Breloom|Mach Punch|p2a: Heatran
|-supereffective|p2a: Heatran
|-damage|p2a: Heatran|0 fnt
|faint|p2a: Heatran
|
|-heal|p1a: Breloom|100/100 tox|[from] ability: Poison Heal
|upkeep
|l| draiii1
|inactive|el janitor has 120 seconds left.
|inactive|el janitor has 90 seconds left.
|inactive|el janitor has 60 seconds left.
|inactive|el janitor has 30 seconds left.
|
|t:|1729033349
|switch|p2a: Breloom|Breloom, M|94/100
|-damage|p2a: Breloom|88/100|[from] Stealth Rock
|turn|14
|
|t:|1729033356
|move|p1a: Breloom|Protect|p1a: Breloom
|-singleturn|p1a: Breloom|Protect
|move|p2a: Breloom|Bullet Seed|p1a: Breloom
|-activate|p1a: Breloom|move: Protect
|
|upkeep
|turn|15
|
|t:|1729033360
|move|p2a: Breloom|Bullet Seed|p1a: Breloom
|-resisted|p1a: Breloom
|-damage|p1a: Breloom|80/100 tox
|-resisted|p1a: Breloom
|-damage|p1a: Breloom|61/100 tox
|-resisted|p1a: Breloom
|-damage|p1a: Breloom|40/100 tox
|-hitcount|p1a: Breloom|3
|move|p1a: Breloom|Swords Dance|p1a: Breloom
|-boost|p1a: Breloom|atk|2
|
|-heal|p1a: Breloom|53/100 tox|[from] ability: Poison Heal
|upkeep
|turn|16
|
|t:|1729033371
|switch|p2a: Celebi|Celebi|100/100
|-damage|p2a: Celebi|88/100|[from] Stealth Rock
|move|p1a: Breloom|Protect||[still]
|-fail|p1a: Breloom
|
|-heal|p2a: Celebi|94/100|[from] item: Leftovers
|-heal|p1a: Breloom|65/100 tox|[from] ability: Poison Heal
|upkeep
|turn|17
|
|t:|1729033373
|move|p1a: Breloom|Protect|p1a: Breloom
|-singleturn|p1a: Breloom|Protect
|move|p2a: Celebi|Psychic|p1a: Breloom
|-activate|p1a: Breloom|move: Protect
|
|-heal|p2a: Celebi|100/100|[from] item: Leftovers
|-heal|p1a: Breloom|77/100 tox|[from] ability: Poison Heal
|upkeep
|turn|18
|
|t:|1729033379
|switch|p1a: Tyranitar|Tyranitar, M, shiny|100/100
|-damage|p1a: Tyranitar|88/100|[from] Stealth Rock
|-weather|Sandstorm|[from] ability: Sand Stream|[of] p1a: Tyranitar
|move|p2a: Celebi|U-turn|p1a: Tyranitar
|-supereffective|p1a: Tyranitar
|-damage|p1a: Tyranitar|63/100
|
|t:|1729033382
|switch|p2a: Breloom|Breloom, M|88/100|[from] U-turn
|-damage|p2a: Breloom|82/100|[from] Stealth Rock
|
|-weather|Sandstorm|[upkeep]
|-damage|p2a: Breloom|76/100|[from] Sandstorm
|upkeep
|turn|19
|
|t:|1729033397
|move|p1a: Tyranitar|Fire Blast|p2a: Breloom|[miss]
|-miss|p1a: Tyranitar|p2a: Breloom
|move|p2a: Breloom|Bullet Seed|p1a: Tyranitar
|-supereffective|p1a: Tyranitar
|-damage|p1a: Tyranitar|0 fnt
|faint|p1a: Tyranitar
|-hitcount|p1: Tyranitar|1
|
|-weather|Sandstorm|[upkeep]
|-damage|p2a: Breloom|70/100|[from] Sandstorm
|upkeep
|
|t:|1729033401
|switch|p1a: Landorus|Landorus-Therian, M, shiny|76/100
|-damage|p1a: Landorus|64/100|[from] Stealth Rock
|-ability|p1a: Landorus|Intimidate|boost
|-unboost|p2a: Breloom|atk|1
|turn|20
|c|☆el janitor|im sorry bro
|inactive|el janitor has 60 seconds left.
|c|☆seanb143|All good
|inactive|el janitor has 30 seconds left.
|
|t:|1729033454
|switch|p2a: Celebi|Celebi|100/100
|-damage|p2a: Celebi|88/100|[from] Stealth Rock
|move|p1a: Landorus|Hidden Power|p2a: Celebi
|-supereffective|p2a: Celebi
|-damage|p2a: Celebi|68/100
|
|-weather|Sandstorm|[upkeep]
|-damage|p2a: Celebi|62/100|[from] Sandstorm
|-heal|p2a: Celebi|68/100|[from] item: Leftovers
|upkeep
|turn|21
|
|t:|1729033461
|move|p1a: Landorus|Hidden Power|p2a: Celebi
|-supereffective|p2a: Celebi
|-crit|p2a: Celebi
|-damage|p2a: Celebi|25/100
|move|p2a: Celebi|Psychic|p1a: Landorus
|-damage|p1a: Landorus|19/100
|
|-weather|Sandstorm|[upkeep]
|-damage|p2a: Celebi|19/100|[from] Sandstorm
|-heal|p2a: Celebi|25/100|[from] item: Leftovers
|upkeep
|turn|22
|
|t:|1729033464
|move|p1a: Landorus|Hidden Power|p2a: Celebi
|-supereffective|p2a: Celebi
|-damage|p2a: Celebi|5/100
|move|p2a: Celebi|Recover|p2a: Celebi
|-heal|p2a: Celebi|55/100
|
|-weather|Sandstorm|[upkeep]
|-damage|p2a: Celebi|49/100|[from] Sandstorm
|-heal|p2a: Celebi|55/100|[from] item: Leftovers
|upkeep
|turn|23
|
|t:|1729033470
|move|p1a: Landorus|Hidden Power|p2a: Celebi
|-supereffective|p2a: Celebi
|-damage|p2a: Celebi|33/100
|move|p2a: Celebi|Recover|p2a: Celebi
|-heal|p2a: Celebi|83/100
|
|-weather|Sandstorm|[upkeep]
|-damage|p2a: Celebi|77/100|[from] Sandstorm
|-heal|p2a: Celebi|83/100|[from] item: Leftovers
|upkeep
|turn|24
|
|t:|1729033480
|switch|p1a: Jellicent|Jellicent, F, shiny|100/100
|-damage|p1a: Jellicent|88/100|[from] Stealth Rock
|move|p2a: Celebi|Recover|p2a: Celebi
|-heal|p2a: Celebi|100/100
|
|-weather|Sandstorm|[upkeep]
|-damage|p2a: Celebi|94/100|[from] Sandstorm
|-damage|p1a: Jellicent|82/100|[from] Sandstorm
|-heal|p2a: Celebi|100/100|[from] item: Leftovers
|-heal|p1a: Jellicent|88/100|[from] item: Leftovers
|upkeep
|turn|25
|inactive|el janitor has 60 seconds left.
|
|t:|1729033488
|move|p2a: Celebi|Psychic|p1a: Jellicent
|-damage|p1a: Jellicent|70/100
|move|p1a: Jellicent|Will-O-Wisp|p2a: Celebi
|-status|p2a: Celebi|brn
|
|-weather|Sandstorm|[upkeep]
|-damage|p2a: Celebi|94/100 brn|[from] Sandstorm
|-damage|p1a: Jellicent|64/100|[from] Sandstorm
|-heal|p2a: Celebi|100/100 brn|[from] item: Leftovers
|-heal|p1a: Jellicent|70/100|[from] item: Leftovers
|-damage|p2a: Celebi|88/100 brn|[from] brn
|upkeep
|turn|26
|inactive|el janitor has 60 seconds left.
|
|t:|1729033502
|move|p2a: Celebi|Thunder Wave|p1a: Jellicent
|-status|p1a: Jellicent|par
|move|p1a: Jellicent|Will-O-Wisp|p2a: Celebi
|-fail|p2a: Celebi|brn
|
|-weather|Sandstorm|[upkeep]
|-damage|p2a: Celebi|82/100 brn|[from] Sandstorm
|-damage|p1a: Jellicent|64/100 par|[from] Sandstorm
|-heal|p2a: Celebi|88/100 brn|[from] item: Leftovers
|-heal|p1a: Jellicent|70/100 par|[from] item: Leftovers
|-damage|p2a: Celebi|76/100 brn|[from] brn
|upkeep
|turn|27
|
|t:|1729033506
|move|p2a: Celebi|Psychic|p1a: Jellicent
|-damage|p1a: Jellicent|53/100 par
|move|p1a: Jellicent|Will-O-Wisp|p2a: Celebi
|-fail|p2a: Celebi|brn
|
|-weather|Sandstorm|[upkeep]
|-damage|p2a: Celebi|69/100 brn|[from] Sandstorm
|-damage|p1a: Jellicent|47/100 par|[from] Sandstorm
|-heal|p2a: Celebi|76/100 brn|[from] item: Leftovers
|-heal|p1a: Jellicent|53/100 par|[from] item: Leftovers
|-damage|p2a: Celebi|63/100 brn|[from] brn
|upkeep
|turn|28
|
|t:|1729033510
|move|p2a: Celebi|Psychic|p1a: Jellicent
|-damage|p1a: Jellicent|34/100 par
|cant|p1a: Jellicent|par
|
|-weather|Sandstorm|[upkeep]
|-damage|p2a: Celebi|57/100 brn|[from] Sandstorm
|-damage|p1a: Jellicent|28/100 par|[from] Sandstorm
|-heal|p2a: Celebi|63/100 brn|[from] item: Leftovers
|-heal|p1a: Jellicent|34/100 par|[from] item: Leftovers
|-damage|p2a: Celebi|51/100 brn|[from] brn
|upkeep
|turn|29
|
|t:|1729033514
|-curestatus|p2a: Celebi|brn|[from] ability: Natural Cure
|switch|p2a: Breloom|Breloom, M|70/100
|-damage|p2a: Breloom|64/100|[from] Stealth Rock
|cant|p1a: Jellicent|par
|
|-weather|Sandstorm|[upkeep]
|-damage|p2a: Breloom|58/100|[from] Sandstorm
|-damage|p1a: Jellicent|28/100 par|[from] Sandstorm
|-heal|p1a: Jellicent|34/100 par|[from] item: Leftovers
|upkeep
|turn|30
|
|t:|1729033518
|move|p2a: Breloom|Bullet Seed|p1a: Jellicent
|-supereffective|p1a: Jellicent
|-damage|p1a: Jellicent|0 fnt
|faint|p1a: Jellicent
|-hitcount|p1: Jellicent|1
|
|-weather|Sandstorm|[upkeep]
|-damage|p2a: Breloom|51/100|[from] Sandstorm
|upkeep
|
|t:|1729033520
|switch|p1a: Landorus|Landorus-Therian, M, shiny|19/100
|-damage|p1a: Landorus|7/100|[from] Stealth Rock
|-ability|p1a: Landorus|Intimidate|boost
|-unboost|p2a: Breloom|atk|1
|turn|31
|
|t:|1729033532
|switch|p2a: Excadrill|Excadrill, F|100/100
|-damage|p2a: Excadrill|97/100|[from] Stealth Rock
|-ability|p2a: Excadrill|Mold Breaker
|move|p1a: Landorus|U-turn|p2a: Excadrill
|-resisted|p2a: Excadrill
|-damage|p2a: Excadrill|79/100
|
|t:|1729033534
|switch|p1a: Breloom|Breloom, F, shiny|77/100 tox|[from] U-turn
|-damage|p1a: Breloom|71/100 tox|[from] Stealth Rock
|
|-weather|Sandstorm|[upkeep]
|-damage|p1a: Breloom|65/100 tox|[from] Sandstorm
|-heal|p1a: Breloom|77/100 tox|[from] ability: Poison Heal
|upkeep
|turn|32
|
|t:|1729033537
|move|p1a: Breloom|Protect|p1a: Breloom
|-singleturn|p1a: Breloom|Protect
|move|p2a: Excadrill|Iron Head|p1a: Breloom
|-activate|p1a: Breloom|move: Protect
|
|-weather|Sandstorm|[upkeep]
|-damage|p1a: Breloom|71/100 tox|[from] Sandstorm
|-heal|p1a: Breloom|84/100 tox|[from] ability: Poison Heal
|upkeep
|turn|33
|
|t:|1729033540
|move|p1a: Breloom|Mach Punch|p2a: Excadrill
|-supereffective|p2a: Excadrill
|-damage|p2a: Excadrill|15/100
|move|p2a: Excadrill|Iron Head|p1a: Breloom
|-damage|p1a: Breloom|23/100 tox
|
|-weather|Sandstorm|[upkeep]
|-damage|p1a: Breloom|17/100 tox|[from] Sandstorm
|-heal|p1a: Breloom|29/100 tox|[from] ability: Poison Heal
|upkeep
|turn|34
|
|t:|1729033542
|move|p1a: Breloom|Protect|p1a: Breloom
|-singleturn|p1a: Breloom|Protect
|move|p2a: Excadrill|Iron Head|p1a: Breloom
|-activate|p1a: Breloom|move: Protect
|
|-weather|Sandstorm|[upkeep]
|-damage|p1a: Breloom|23/100 tox|[from] Sandstorm
|-heal|p1a: Breloom|35/100 tox|[from] ability: Poison Heal
|upkeep
|turn|35
|
|t:|1729033544
|move|p1a: Breloom|Mach Punch|p2a: Excadrill
|-supereffective|p2a: Excadrill
|-damage|p2a: Excadrill|0 fnt
|faint|p2a: Excadrill
|
|-weather|Sandstorm|[upkeep]
|-damage|p1a: Breloom|29/100 tox|[from] Sandstorm
|-heal|p1a: Breloom|42/100 tox|[from] ability: Poison Heal
|upkeep
|
|t:|1729033546
|switch|p2a: Breloom|Breloom, M|51/100
|-damage|p2a: Breloom|45/100|[from] Stealth Rock
|turn|36
|
|t:|1729033548
|move|p1a: Breloom|Protect|p1a: Breloom
|-singleturn|p1a: Breloom|Protect
|move|p2a: Breloom|Mach Punch|p1a: Breloom
|-activate|p1a: Breloom|move: Protect
|
|-weather|Sandstorm|[upkeep]
|-damage|p2a: Breloom|39/100|[from] Sandstorm
|-damage|p1a: Breloom|35/100 tox|[from] Sandstorm
|-heal|p1a: Breloom|48/100 tox|[from] ability: Poison Heal
|upkeep
|turn|37
|
|t:|1729033551
|move|p2a: Breloom|Mach Punch|p1a: Breloom
|-damage|p1a: Breloom|0 fnt
|faint|p1a: Breloom
|
|-weather|Sandstorm|[upkeep]
|-damage|p2a: Breloom|33/100|[from] Sandstorm
|upkeep
|-message|seanb143 forfeited.
|
|win|el janitor
|raw|seanb143's rating: 1461 &rarr; <strong>1439</strong><br />(-22 for losing)
|raw|el janitor's rating: 1424 &rarr; <strong>1446</strong><br />(+22 for winning)
|l|☆seanb143
|player|p1|
