|j|☆will-i-am2
|j|☆StarX99
|player|p1|will-i-am2|1|1400
|player|p2|StarX99|kahili|1365
|teamsize|p1|6
|teamsize|p2|6
|gametype|singles
|gen|5
|tier|[Gen 5] OU
|rated|
|rule|Sleep Clause Mod: Limit one foe put to sleep
|rule|Species Clause: Limit one of each Pokémon
|rule|OHKO Clause: OHKO moves are banned
|rule|Moody Clause: Moody is banned
|rule|Evasion Moves Clause: Evasion moves are banned
|rule|Endless Battle Clause: Forcing endless battles is banned
|rule|HP Percentage Mod: HP is shown in percentages
|rule|Evasion Abilities Clause: Evasion abilities are banned
|rule|Baton Pass Clause: Limit one Baton Passer, can't pass Spe and other stats simultaneously
|rule|Swagger Clause: Swagger is banned
|clearpoke
|poke|p1|Hydreigon, F|item
|poke|p1|Registeel|item
|poke|p1|Xatu, M|item
|poke|p1|Gengar, M|item
|poke|p1|Mamoswine, M|item
|poke|p1|Slowbro, F|item
|poke|p2|Tyranitar, M|item
|poke|p2|Meloetta|item
|poke|p2|Dragonite, F|item
|poke|p2|Latias, F|item
|poke|p2|Excadrill, M|item
|poke|p2|Terrakion|item
|teampreview
|inactive|Battle timer is ON: inactive players will automatically lose when time's up. (requested by StarX99)
|j| ORAS1789
|l| ORAS1789
|c|☆will-i-am2|gg
|inactive|will-i-am2 has 120 seconds left.
|
|start
|switch|p1a: Mamoswine|Mamoswine, M|100/100
|switch|p2a: Meloetta|Meloetta|100/100
|turn|1
|
|switch|p1a: Xatu|Xatu, M|100/100
|move|p2a: Meloetta|Psychic|p1a: Xatu
|-resisted|p1a: Xatu
|-damage|p1a: Xatu|48/100
|
|upkeep
|turn|2
|
|switch|p1a: Hydreigon|Hydreigon, F|100/100
|switch|p2a: Tyranitar|Tyranitar, M|100/100
|-weather|Sandstorm|[from] ability: Sand Stream|[of] p2a: Tyranitar
|
|-weather|Sandstorm|[upkeep]
|-damage|p1a: Hydreigon|94/100|[from] Sandstorm
|upkeep
|turn|3
|
|move|p1a: Hydreigon|Focus Blast|p2a: Tyranitar
|-supereffective|p2a: Tyranitar
|-enditem|p2a: Tyranitar|Chople Berry|[eat]
|-enditem|p2a: Tyranitar|Chople Berry|[weaken]
|-damage|p2a: Tyranitar|38/100
|move|p2a: Tyranitar|Stealth Rock|p1a: Hydreigon
|-sidestart|p1: will-i-am2|move: Stealth Rock
|
|-weather|Sandstorm|[upkeep]
|-damage|p1a: Hydreigon|88/100|[from] Sandstorm
|upkeep
|turn|4
|
|switch|p2a: Latias|Latias, F|100/100
|move|p1a: Hydreigon|Focus Blast|p2a: Latias|[miss]
|-miss|p1a: Hydreigon|p2a: Latias
|
|-weather|Sandstorm|[upkeep]
|-damage|p2a: Latias|94/100|[from] Sandstorm
|-damage|p1a: Hydreigon|82/100|[from] Sandstorm
|-heal|p2a: Latias|100/100|[from] item: Leftovers
|upkeep
|turn|5
|
|switch|p1a: Registeel|Registeel|100/100
|-damage|p1a: Registeel|94/100|[from] Stealth Rock
|move|p2a: Latias|Substitute|p2a: Latias
|-start|p2a: Latias|Substitute
|-damage|p2a: Latias|76/100
|
|-weather|Sandstorm|[upkeep]
|-damage|p2a: Latias|70/100|[from] Sandstorm
|-heal|p2a: Latias|76/100|[from] item: Leftovers
|-heal|p1a: Registeel|100/100|[from] item: Leftovers
|upkeep
|turn|6
|
|move|p2a: Latias|Calm Mind|p2a: Latias
|-boost|p2a: Latias|spa|1
|-boost|p2a: Latias|spd|1
|move|p1a: Registeel|Stealth Rock|p2a: Latias
|-sidestart|p2: StarX99|move: Stealth Rock
|
|-weather|Sandstorm|[upkeep]
|-damage|p2a: Latias|70/100|[from] Sandstorm
|-heal|p2a: Latias|76/100|[from] item: Leftovers
|upkeep
|turn|7
|
|move|p2a: Latias|Dragon Pulse|p1a: Registeel
|-resisted|p1a: Registeel
|-damage|p1a: Registeel|86/100
|move|p1a: Registeel|Seismic Toss|p2a: Latias
|-end|p2a: Latias|Substitute
|
|-weather|Sandstorm|[upkeep]
|-damage|p2a: Latias|70/100|[from] Sandstorm
|-heal|p2a: Latias|76/100|[from] item: Leftovers
|-heal|p1a: Registeel|92/100|[from] item: Leftovers
|upkeep
|turn|8
|
|switch|p2a: Excadrill|Excadrill, M|100/100
|-damage|p2a: Excadrill|98/100|[from] Stealth Rock
|-ability|p2a: Excadrill|Mold Breaker
|switch|p1a: Slowbro|Slowbro, F|100/100
|-damage|p1a: Slowbro|88/100|[from] Stealth Rock
|
|-weather|Sandstorm|[upkeep]
|-damage|p1a: Slowbro|82/100|[from] Sandstorm
|-heal|p2a: Excadrill|100/100|[from] item: Leftovers
|-heal|p1a: Slowbro|88/100|[from] item: Leftovers
|upkeep
|turn|9
|
|move|p2a: Excadrill|Toxic|p1a: Slowbro
|-status|p1a: Slowbro|tox
|move|p1a: Slowbro|Scald|p2a: Excadrill
|-supereffective|p2a: Excadrill
|-damage|p2a: Excadrill|42/100
|
|-weather|Sandstorm|[upkeep]
|-damage|p1a: Slowbro|82/100 tox|[from] Sandstorm
|-heal|p2a: Excadrill|48/100|[from] item: Leftovers
|-heal|p1a: Slowbro|88/100 tox|[from] item: Leftovers
|-damage|p1a: Slowbro|82/100 tox|[from] psn
|upkeep
|turn|10
|
|move|p2a: Excadrill|Protect|p2a: Excadrill
|-singleturn|p2a: Excadrill|Protect
|move|p1a: Slowbro|Scald|p2a: Excadrill
|-activate|p2a: Excadrill|move: Protect
|
|-weather|Sandstorm|[upkeep]
|-damage|p1a: Slowbro|76/100 tox|[from] Sandstorm
|-heal|p2a: Excadrill|54/100|[from] item: Leftovers
|-heal|p1a: Slowbro|82/100 tox|[from] item: Leftovers
|-damage|p1a: Slowbro|70/100 tox|[from] psn
|upkeep
|turn|11
|
|switch|p2a: Meloetta|Meloetta|100/100
|-damage|p2a: Meloetta|88/100|[from] Stealth Rock
|move|p1a: Slowbro|Scald|p2a: Meloetta
|-damage|p2a: Meloetta|56/100
|
|-weather|Sandstorm|[upkeep]
|-damage|p2a: Meloetta|49/100|[from] Sandstorm
|-damage|p1a: Slowbro|64/100 tox|[from] Sandstorm
|-heal|p1a: Slowbro|70/100 tox|[from] item: Leftovers
|-damage|p1a: Slowbro|52/100 tox|[from] psn
|upkeep
|turn|12
|
|switch|p1a: Xatu|Xatu, M|48/100
|-damage|p1a: Xatu|24/100|[from] Stealth Rock
|move|p2a: Meloetta|U-turn|p1a: Xatu
|-damage|p1a: Xatu|13/100
|
|switch|p2a: Excadrill|Excadrill, M|54/100|[from]move: U-turn
|-damage|p2a: Excadrill|51/100|[from] Stealth Rock
|-ability|p2a: Excadrill|Mold Breaker
|
|-weather|Sandstorm|[upkeep]
|-damage|p1a: Xatu|7/100|[from] Sandstorm
|-heal|p2a: Excadrill|57/100|[from] item: Leftovers
|upkeep
|turn|13
|
|move|p1a: Xatu|Heat Wave|p2a: Excadrill
|-supereffective|p2a: Excadrill
|-crit|p2a: Excadrill
|-damage|p2a: Excadrill|0 fnt
|faint|p2a: Excadrill
|
|-weather|Sandstorm|[upkeep]
|-damage|p1a: Xatu|1/100|[from] Sandstorm
|upkeep
|
|switch|p2a: Terrakion|Terrakion|100/100
|-damage|p2a: Terrakion|94/100|[from] Stealth Rock
|turn|14
|
|move|p2a: Terrakion|Quick Attack|p1a: Xatu
|-damage|p1a: Xatu|0 fnt
|faint|p1a: Xatu
|
|-weather|Sandstorm|[upkeep]
|upkeep
|
|switch|p1a: Slowbro|Slowbro, F|85/100 tox
|-damage|p1a: Slowbro|72/100 tox|[from] Stealth Rock
|turn|15
|
|move|p2a: Terrakion|Swords Dance|p2a: Terrakion
|-boost|p2a: Terrakion|atk|2
|move|p1a: Slowbro|Scald|p2a: Terrakion
|-supereffective|p2a: Terrakion
|-damage|p2a: Terrakion|34/100
|
|-weather|Sandstorm|[upkeep]
|-damage|p1a: Slowbro|66/100 tox|[from] Sandstorm
|-heal|p1a: Slowbro|72/100 tox|[from] item: Leftovers
|-damage|p1a: Slowbro|66/100 tox|[from] psn
|upkeep
|turn|16
|
|move|p2a: Terrakion|Stone Edge|p1a: Slowbro
|-damage|p1a: Slowbro|0 fnt
|faint|p1a: Slowbro
|
|-weather|Sandstorm|[upkeep]
|upkeep
|
|switch|p1a: Gengar|Gengar, M|100/100
|-damage|p1a: Gengar|88/100|[from] Stealth Rock
|turn|17
|
|switch|p2a: Tyranitar|Tyranitar, M|38/100
|-damage|p2a: Tyranitar|26/100|[from] Stealth Rock
|move|p1a: Gengar|Shadow Ball|p2a: Tyranitar
|-resisted|p2a: Tyranitar
|-crit|p2a: Tyranitar
|-damage|p2a: Tyranitar|0 fnt
|-damage|p1a: Gengar|78/100|[from] item: Life Orb
|faint|p2a: Tyranitar
|
|-weather|Sandstorm|[upkeep]
|-damage|p1a: Gengar|72/100|[from] Sandstorm
|upkeep
|
|switch|p2a: Meloetta|Meloetta|49/100
|-damage|p2a: Meloetta|37/100|[from] Stealth Rock
|turn|18
|
|move|p1a: Gengar|Sludge Wave|p2a: Meloetta
|-damage|p2a: Meloetta|0 fnt
|-damage|p1a: Gengar|62/100|[from] item: Life Orb
|faint|p2a: Meloetta
|
|-weather|Sandstorm|[upkeep]
|-damage|p1a: Gengar|56/100|[from] Sandstorm
|upkeep
|
|switch|p2a: Latias|Latias, F|76/100
|-damage|p2a: Latias|63/100|[from] Stealth Rock
|turn|19
|
|move|p2a: Latias|Dragon Pulse|p1a: Gengar
|-damage|p1a: Gengar|2/100
|move|p1a: Gengar|Shadow Ball|p2a: Latias
|-supereffective|p2a: Latias
|-damage|p2a: Latias|0 fnt
|-damage|p1a: Gengar|0 fnt|[from] item: Life Orb
|faint|p2a: Latias
|faint|p1a: Gengar
|
|-weather|Sandstorm|[upkeep]
|upkeep
|c|☆will-i-am2|gg
|
|switch|p2a: Terrakion|Terrakion|34/100
|switch|p1a: Mamoswine|Mamoswine, M|100/100
|-damage|p2a: Terrakion|28/100|[from] Stealth Rock
|-damage|p1a: Mamoswine|88/100|[from] Stealth Rock
|turn|20
|
|move|p1a: Mamoswine|Ice Shard|p2a: Terrakion
|-crit|p2a: Terrakion
|-damage|p2a: Terrakion|0 fnt
|faint|p2a: Terrakion
|
|-weather|Sandstorm|[upkeep]
|upkeep
|
|switch|p2a: Dragonite|Dragonite, F|100/100
|-damage|p2a: Dragonite|76/100|[from] Stealth Rock
|turn|21
|
|move|p1a: Mamoswine|Ice Shard|p2a: Dragonite
|-supereffective|p2a: Dragonite
|-damage|p2a: Dragonite|0 fnt
|faint|p2a: Dragonite
|
|win|will-i-am2
|j| RecklessInferno66
|l| RecklessInferno66
|l|☆StarX99
|raw|will-i-am2's rating: 1409 &rarr; <strong>1426</strong><br />(+17 for winning)
|raw|StarX99's rating: 1365 &rarr; <strong>1347</strong><br />(-18 for losing)
