|j|☆UnIncapable
|j|☆torinoko city
|t:|1708091572
|gametype|singles
|player|p1|UnIncapable|emmet|1325
|player|p2|torinoko city|miku-flying|1530
|teamsize|p1|6
|teamsize|p2|6
|gen|5
|tier|[Gen 5] OU
|rated|
|rule|Species Clause: Limit one of each Pokémon
|rule|OHKO Clause: OHKO moves are banned
|rule|Moody Clause: Moody is banned
|rule|Evasion Items Clause: Evasion items are banned
|rule|Evasion Moves Clause: Evasion moves are banned
|rule|Endless Battle Clause: Forcing endless battles is banned
|rule|HP Percentage Mod: HP is shown in percentages
|rule|Evasion Abilities Clause: Evasion abilities are banned
|rule|Sleep Moves Clause: Sleep-inducing moves are banned
|rule|Swagger Clause: Swagger is banned
|rule|Baton Pass Stat Clause: No Baton Passer may have a way to boost its stats
|clearpoke
|poke|p1|Infernape, M|item
|poke|p1|Dragonite, M|item
|poke|p1|Scizor, F|item
|poke|p1|Excadrill, F|item
|poke|p1|Latios, M|item
|poke|p1|Starmie|item
|poke|p2|Hippowdon, F|item
|poke|p2|Forretress, F|item
|poke|p2|Landorus-Therian, M|item
|poke|p2|Latias, F|item
|poke|p2|Celebi|item
|poke|p2|Slowbro, M|item
|teampreview
|inactive|Battle timer is ON: inactive players will automatically lose when time's up. (requested by torinoko city)
|
|t:|1708091583
|start
|switch|p1a: Infernape|Infernape, M|100/100
|switch|p2a: Hippowdon|Hippowdon, F|100/100
|-weather|Sandstorm|[from] ability: Sand Stream|[of] p2a: Hippowdon
|turn|1
|
|t:|1708091591
|move|p1a: Infernape|Grass Knot|p2a: Hippowdon
|-supereffective|p2a: Hippowdon
|-damage|p2a: Hippowdon|42/100
|move|p2a: Hippowdon|Stealth Rock|p1a: Infernape
|-sidestart|p1: UnIncapable|move: Stealth Rock
|
|-weather|Sandstorm|[upkeep]
|-damage|p1a: Infernape|94/100|[from] Sandstorm
|-heal|p2a: Hippowdon|48/100|[from] item: Leftovers
|upkeep
|turn|2
|
|t:|1708091600
|switch|p2a: Latias|Latias, F|100/100
|move|p1a: Infernape|Hidden Power|p2a: Latias
|-supereffective|p2a: Latias
|-damage|p2a: Latias|64/100
|
|-weather|Sandstorm|[upkeep]
|-damage|p2a: Latias|58/100|[from] Sandstorm
|-damage|p1a: Infernape|88/100|[from] Sandstorm
|-heal|p2a: Latias|64/100|[from] item: Leftovers
|upkeep
|turn|3
|
|t:|1708091610
|switch|p2a: Landorus|Landorus-Therian, M|100/100
|-ability|p2a: Landorus|Intimidate|boost
|-unboost|p1a: Infernape|atk|1
|move|p1a: Infernape|Hidden Power|p2a: Landorus
|-supereffective|p2a: Landorus
|-damage|p2a: Landorus|0 fnt
|faint|p2a: Landorus
|
|-weather|Sandstorm|[upkeep]
|-damage|p1a: Infernape|82/100|[from] Sandstorm
|upkeep
|
|t:|1708091613
|switch|p2a: Slowbro|Slowbro, M|100/100
|turn|4
|
|t:|1708091632
|move|p1a: Infernape|Grass Knot|p2a: Slowbro
|-supereffective|p2a: Slowbro
|-damage|p2a: Slowbro|46/100
|move|p2a: Slowbro|Scald|p1a: Infernape
|-supereffective|p1a: Infernape
|-damage|p1a: Infernape|0 fnt
|faint|p1a: Infernape
|
|-weather|Sandstorm|[upkeep]
|-damage|p2a: Slowbro|39/100|[from] Sandstorm
|-heal|p2a: Slowbro|46/100|[from] item: Leftovers
|upkeep
|j| SKT T1 Motherfaker
|
|t:|1708091645
|switch|p1a: Scizor|Scizor, F, shiny|100/100
|-damage|p1a: Scizor|88/100|[from] Stealth Rock
|turn|5
|
|t:|1708091649
|move|p1a: Scizor|Pursuit|p2a: Slowbro
|-supereffective|p2a: Slowbro
|-damage|p2a: Slowbro|8/100
|-damage|p1a: Scizor|78/100|[from] item: Life Orb
|move|p2a: Slowbro|Slack Off|p2a: Slowbro
|-heal|p2a: Slowbro|59/100
|
|-weather|Sandstorm|[upkeep]
|-damage|p2a: Slowbro|52/100|[from] Sandstorm
|-heal|p2a: Slowbro|59/100|[from] item: Leftovers
|upkeep
|turn|6
|
|t:|1708091662
|move|p1a: Scizor|U-turn|p2a: Slowbro
|-supereffective|p2a: Slowbro
|-damage|p2a: Slowbro|0 fnt
|faint|p2a: Slowbro
|-damage|p1a: Scizor|68/100|[from] item: Life Orb
|
|t:|1708091674
|switch|p1a: Latios|Latios, M, shiny|100/100|[from] U-turn
|-damage|p1a: Latios|88/100|[from] Stealth Rock
|
|-weather|Sandstorm|[upkeep]
|-damage|p1a: Latios|82/100|[from] Sandstorm
|upkeep
|
|t:|1708091683
|switch|p2a: Forretress|Forretress, F|100/100
|turn|7
|
|t:|1708091691
|move|p1a: Latios|Surf|p2a: Forretress
|-damage|p2a: Forretress|24/100
|move|p2a: Forretress|Volt Switch|p1a: Latios
|-resisted|p1a: Latios
|-crit|p1a: Latios
|-damage|p1a: Latios|71/100
|
|t:|1708091694
|switch|p2a: Celebi|Celebi|100/100|[from] Volt Switch
|
|-weather|Sandstorm|[upkeep]
|-damage|p1a: Latios|65/100|[from] Sandstorm
|-damage|p2a: Celebi|94/100|[from] Sandstorm
|-status|p2a: Celebi|brn|[from] item: Flame Orb
|upkeep
|turn|8
|
|t:|1708091705
|switch|p1a: Scizor|Scizor, F, shiny|68/100
|-damage|p1a: Scizor|56/100|[from] Stealth Rock
|move|p2a: Celebi|Trick|p1a: Scizor
|-activate|p2a: Celebi|move: Trick|[of] p1a: Scizor
|-item|p1a: Scizor|Flame Orb|[from] move: Trick
|-item|p2a: Celebi|Life Orb|[from] move: Trick
|
|-weather|Sandstorm|[upkeep]
|-damage|p2a: Celebi|88/100 brn|[from] Sandstorm
|-damage|p2a: Celebi|76/100 brn|[from] brn
|-status|p1a: Scizor|brn|[from] item: Flame Orb
|upkeep
|turn|9
|
|t:|1708091718
|move|p2a: Celebi|Baton Pass|p2a: Celebi
|
|t:|1708091721
|-curestatus|p2a: Celebi|brn|[from] ability: Natural Cure
|switch|p2a: Hippowdon|Hippowdon, F|48/100|[from] Baton Pass
|move|p1a: Scizor|U-turn|p2a: Hippowdon
|-damage|p2a: Hippowdon|35/100
|
|t:|1708091730
|switch|p1a: Latios|Latios, M, shiny|65/100|[from] U-turn
|-damage|p1a: Latios|52/100|[from] Stealth Rock
|
|-weather|Sandstorm|[upkeep]
|-damage|p1a: Latios|47/100|[from] Sandstorm
|-heal|p2a: Hippowdon|41/100|[from] item: Leftovers
|upkeep
|turn|10
|
|t:|1708091740
|switch|p2a: Celebi|Celebi|76/100
|move|p1a: Latios|Draco Meteor|p2a: Celebi
|-damage|p2a: Celebi|5/100
|-unboost|p1a: Latios|spa|2
|
|-weather|Sandstorm|[upkeep]
|-damage|p1a: Latios|41/100|[from] Sandstorm
|-damage|p2a: Celebi|0 fnt|[from] Sandstorm
|faint|p2a: Celebi
|upkeep
|
|t:|1708091748
|switch|p2a: Latias|Latias, F|64/100
|turn|11
|
|t:|1708091753
|move|p2a: Latias|Dragon Pulse|p1a: Latios
|-supereffective|p1a: Latios
|-damage|p1a: Latios|0 fnt
|faint|p1a: Latios
|
|-weather|Sandstorm|[upkeep]
|-damage|p2a: Latias|58/100|[from] Sandstorm
|-heal|p2a: Latias|64/100|[from] item: Leftovers
|upkeep
|
|t:|1708091765
|switch|p1a: Starmie|Starmie, shiny|100/100
|-damage|p1a: Starmie|88/100|[from] Stealth Rock
|turn|12
|
|t:|1708091770
|move|p1a: Starmie|Ice Beam|p2a: Latias
|-supereffective|p2a: Latias
|-damage|p2a: Latias|0 fnt
|faint|p2a: Latias
|
|-weather|Sandstorm|[upkeep]
|-damage|p1a: Starmie|82/100|[from] Sandstorm
|upkeep
|-message|torinoko city forfeited.
|
|win|UnIncapable
|raw|UnIncapable's rating: 1325 &rarr; <strong>1356</strong><br />(+31 for winning)
|raw|torinoko city's rating: 1530 &rarr; <strong>1499</strong><br />(-31 for losing)
|l|☆torinoko city
|player|p2|
