|j|☆le baiseur
|j|☆yoloboy9000
|player|p1|le baiseur|gambler|1344
|player|p2|yoloboy9000|2|1471
|teamsize|p1|6
|teamsize|p2|6
|gametype|singles
|gen|5
|tier|[Gen 5] OU
|rated|
|rule|Species Clause: Limit one of each Pokémon
|rule|OHKO Clause: OHKO moves are banned
|rule|Moody Clause: Moody is banned
|rule|Evasion Moves Clause: Evasion moves are banned
|rule|Endless Battle Clause: Forcing endless battles is banned
|rule|HP Percentage Mod: HP is shown in percentages
|rule|Evasion Abilities Clause: Evasion abilities are banned
|rule|Baton Pass Clause: Limit one Baton Passer, can't pass Spe and other stats simultaneously
|rule|Sleep Clause: Sleep-inducing moves are banned
|rule|Swagger Clause: Swagger is banned
|clearpoke
|poke|p1|Thundurus-Therian, M|item
|poke|p1|Landorus-Therian, M|item
|poke|p1|Alakazam, M|item
|poke|p1|Espeon, M|item
|poke|p1|Starmie|item
|poke|p1|Ferrothorn, F|item
|poke|p2|Tyranitar, M|item
|poke|p2|Magnezone|item
|poke|p2|Terrakion|item
|poke|p2|Latios, M|item
|poke|p2|Scizor, F|item
|poke|p2|Landorus-Therian, M|item
|teampreview
|inactive|Battle timer is ON: inactive players will automatically lose when time's up. (requested by yoloboy9000)
|
|start
|switch|p1a: passif polyvalent|Espeon, M, shiny|100/100
|switch|p2a: Pat Riely|Tyranitar, M|100/100
|-weather|Sandstorm|[from] ability: Sand Stream|[of] p2a: Pat Riely
|turn|1
|
|switch|p1a: le violeur|Ferrothorn, F|100/100
|switch|p2a: Miller|Scizor, F, shiny|100/100
|
|-weather|Sandstorm|[upkeep]
|upkeep
|turn|2
|
|move|p2a: Miller|U-turn|p1a: le violeur
|-damage|p1a: le violeur|68/100
|-damage|p2a: Miller|88/100|[from] ability: Iron Barbs|[of] p1a: le violeur
|
|switch|p2a: Bron Bron|Landorus-Therian, M|100/100|[from]move: U-turn
|-ability|p2a: Bron Bron|Intimidate|boost
|-unboost|p1a: le violeur|atk|1
|move|p1a: le violeur|Thunder Wave|p2a: Bron Bron
|-immune|p2a: Bron Bron
|
|-weather|Sandstorm|[upkeep]
|-heal|p1a: le violeur|74/100|[from] item: Leftovers
|upkeep
|turn|3
|
|move|p2a: Bron Bron|U-turn|p1a: le violeur
|-damage|p1a: le violeur|58/100
|-damage|p2a: Bron Bron|88/100|[from] ability: Iron Barbs|[of] p1a: le violeur
|
|switch|p2a: Ray Allen|Magnezone|100/100|[from]move: U-turn
|move|p1a: le violeur|Stealth Rock|p2a: Ray Allen
|-sidestart|p2: yoloboy9000|move: Stealth Rock
|
|-weather|Sandstorm|[upkeep]
|-heal|p1a: le violeur|65/100|[from] item: Leftovers
|upkeep
|turn|4
|
|move|p2a: Ray Allen|Substitute|p2a: Ray Allen
|-start|p2a: Ray Allen|Substitute
|-damage|p2a: Ray Allen|76/100
|move|p1a: le violeur|Leech Seed|p2a: Ray Allen|[miss]
|-miss|p1a: le violeur|p2a: Ray Allen
|
|-weather|Sandstorm|[upkeep]
|-heal|p2a: Ray Allen|82/100|[from] item: Leftovers
|-heal|p1a: le violeur|71/100|[from] item: Leftovers
|upkeep
|turn|5
|
|move|p2a: Ray Allen|Charge Beam|p1a: le violeur
|-resisted|p1a: le violeur
|-damage|p1a: le violeur|61/100
|-boost|p2a: Ray Allen|spa|1
|move|p1a: le violeur|Leech Seed||[still]
|-fail|p1a: le violeur
|
|-weather|Sandstorm|[upkeep]
|-heal|p2a: Ray Allen|88/100|[from] item: Leftovers
|-heal|p1a: le violeur|67/100|[from] item: Leftovers
|upkeep
|turn|6
|
|move|p2a: Ray Allen|Charge Beam|p1a: le violeur
|-resisted|p1a: le violeur
|-damage|p1a: le violeur|50/100
|-boost|p2a: Ray Allen|spa|1
|move|p1a: le violeur|Toxic|p2a: Ray Allen|[miss]
|-miss|p1a: le violeur|p2a: Ray Allen
|
|-weather|Sandstorm|[upkeep]
|-heal|p2a: Ray Allen|94/100|[from] item: Leftovers
|-heal|p1a: le violeur|56/100|[from] item: Leftovers
|upkeep
|turn|7
|
|move|p2a: Ray Allen|Charge Beam|p1a: le violeur|[miss]
|-miss|p2a: Ray Allen|p1a: le violeur
|move|p1a: le violeur|Stealth Rock||[still]
|-fail|p1a: le violeur
|
|-weather|Sandstorm|[upkeep]
|-heal|p2a: Ray Allen|99/100|[from] item: Leftovers
|-heal|p1a: le violeur|63/100|[from] item: Leftovers
|upkeep
|turn|8
|
|move|p2a: Ray Allen|Charge Beam|p1a: le violeur
|-resisted|p1a: le violeur
|-damage|p1a: le violeur|40/100
|move|p1a: le violeur|Leech Seed||[still]
|-fail|p1a: le violeur
|
|-weather|Sandstorm|[upkeep]
|-heal|p2a: Ray Allen|100/100|[from] item: Leftovers
|-heal|p1a: le violeur|46/100|[from] item: Leftovers
|upkeep
|turn|9
|
|move|p2a: Ray Allen|Charge Beam|p1a: le violeur
|-resisted|p1a: le violeur
|-damage|p1a: le violeur|24/100
|-boost|p2a: Ray Allen|spa|1
|move|p1a: le violeur|Leech Seed|p2a: Ray Allen|[miss]
|-miss|p1a: le violeur|p2a: Ray Allen
|
|-weather|Sandstorm|[upkeep]
|-heal|p1a: le violeur|31/100|[from] item: Leftovers
|upkeep
|turn|10
|
|move|p2a: Ray Allen|Charge Beam|p1a: le violeur
|-resisted|p1a: le violeur
|-crit|p1a: le violeur
|-damage|p1a: le violeur|0 fnt
|faint|p1a: le violeur
|
|-weather|Sandstorm|[upkeep]
|upkeep
|
|switch|p1a: 6 million stars|Starmie, shiny|100/100
|turn|11
|
|move|p1a: 6 million stars|Surf|p2a: Ray Allen
|-end|p2a: Ray Allen|Substitute
|-damage|p1a: 6 million stars|91/100|[from] item: Life Orb
|move|p2a: Ray Allen|Charge Beam|p1a: 6 million stars
|-supereffective|p1a: 6 million stars
|-damage|p1a: 6 million stars|0 fnt
|-boost|p2a: Ray Allen|spa|1
|faint|p1a: 6 million stars
|
|-weather|Sandstorm|[upkeep]
|upkeep
|
|switch|p1a: le balèze|Landorus-Therian, M|100/100
|-ability|p1a: le balèze|Intimidate|boost
|-unboost|p2a: Ray Allen|atk|1
|turn|12
|
|move|p1a: le balèze|U-turn|p2a: Ray Allen
|-resisted|p2a: Ray Allen
|-damage|p2a: Ray Allen|86/100
|
|switch|p1a: le volant|Thundurus-Therian, M, shiny|100/100|[from]move: U-turn
|move|p2a: Ray Allen|Flash Cannon|p1a: le volant
|-resisted|p1a: le volant
|-damage|p1a: le volant|17/100
|
|-weather|Sandstorm|[upkeep]
|-damage|p1a: le volant|11/100|[from] Sandstorm
|-heal|p2a: Ray Allen|92/100|[from] item: Leftovers
|upkeep
|turn|13
|
|move|p1a: le volant|Focus Blast|p2a: Ray Allen
|-supereffective|p2a: Ray Allen
|-damage|p2a: Ray Allen|0 fnt
|faint|p2a: Ray Allen
|
|-weather|Sandstorm|[upkeep]
|-damage|p1a: le volant|5/100|[from] Sandstorm
|upkeep
|
|switch|p2a: D.Wade|Terrakion|100/100
|-damage|p2a: D.Wade|94/100|[from] Stealth Rock
|turn|14
|
|move|p2a: D.Wade|Stone Edge|p1a: le volant
|-supereffective|p1a: le volant
|-damage|p1a: le volant|0 fnt
|faint|p1a: le volant
|
|-weather|Sandstorm|[upkeep]
|upkeep
|
|switch|p1a: l'enculeur|Alakazam, M, shiny|100/100
|turn|15
|
|switch|p2a: Miller|Scizor, F, shiny|88/100
|-damage|p2a: Miller|76/100|[from] Stealth Rock
|move|p1a: l'enculeur|Focus Blast|p2a: Miller|[miss]
|-miss|p1a: l'enculeur|p2a: Miller
|
|-weather|Sandstorm|[upkeep]
|upkeep
|turn|16
|
|move|p1a: l'enculeur|Focus Blast|p2a: Miller
|-damage|p2a: Miller|14/100
|move|p2a: Miller|Pursuit|p1a: l'enculeur
|-supereffective|p1a: l'enculeur
|-damage|p1a: l'enculeur|0 fnt
|faint|p1a: l'enculeur
|
|-weather|Sandstorm|[upkeep]
|upkeep
|
|switch|p1a: passif polyvalent|Espeon, M, shiny|100/100
|turn|17
|
|switch|p2a: Bron Bron|Landorus-Therian, M|88/100
|-damage|p2a: Bron Bron|76/100|[from] Stealth Rock
|-ability|p2a: Bron Bron|Intimidate|boost
|-unboost|p1a: passif polyvalent|atk|1
|move|p1a: passif polyvalent|Shadow Ball|p2a: Bron Bron
|-damage|p2a: Bron Bron|50/100
|
|-weather|Sandstorm|[upkeep]
|-damage|p1a: passif polyvalent|95/100|[from] Sandstorm
|-heal|p1a: passif polyvalent|100/100|[from] item: Leftovers
|upkeep
|turn|18
|
|move|p1a: passif polyvalent|Toxic|p2a: Bron Bron
|-status|p2a: Bron Bron|tox
|move|p2a: Bron Bron|Hidden Power|p1a: passif polyvalent
|-damage|p1a: passif polyvalent|82/100
|
|-weather|Sandstorm|[upkeep]
|-damage|p1a: passif polyvalent|76/100|[from] Sandstorm
|-heal|p1a: passif polyvalent|82/100|[from] item: Leftovers
|-damage|p2a: Bron Bron|44/100 tox|[from] psn
|upkeep
|turn|19
|
|move|p1a: passif polyvalent|Shadow Ball|p2a: Bron Bron
|-damage|p2a: Bron Bron|17/100 tox
|move|p2a: Bron Bron|U-turn|p1a: passif polyvalent
|-supereffective|p1a: passif polyvalent
|-damage|p1a: passif polyvalent|0 fnt
|faint|p1a: passif polyvalent
|
|switch|p2a: Bosh|Latios, M, shiny|100/100|[from]move: U-turn
|-damage|p2a: Bosh|88/100|[from] Stealth Rock
|
|-weather|Sandstorm|[upkeep]
|-damage|p2a: Bosh|82/100|[from] Sandstorm
|upkeep
|-message|le baiseur forfeited.
|
|win|yoloboy9000
|l|☆le baiseur
|raw|le baiseur's rating: 1344 &rarr; <strong>1331</strong><br />(-13 for losing)
|raw|yoloboy9000's rating: 1472 &rarr; <strong>1485</strong><br />(+13 for winning)
