|j|☆tr in b&w
|j|☆SkillfullBeing
|t:|1732383215
|gametype|singles
|player|p1|tr in b&w|1|1366
|player|p2|SkillfullBeing|nate|1404
|teamsize|p1|6
|teamsize|p2|6
|gen|5
|tier|[Gen 5] OU
|rated|
|rule|Species Clause: Limit one of each Pokémon
|rule|OHKO Clause: OHKO moves are banned
|rule|Moody Clause: Moody is banned
|rule|Evasion Items Clause: Evasion items are banned
|rule|Evasion Moves Clause: Evasion moves are banned
|rule|Endless Battle Clause: Forcing endless battles is banned
|rule|HP Percentage Mod: HP is shown in percentages
|rule|Evasion Abilities Clause: Evasion abilities are banned
|rule|Sleep Moves Clause: Sleep-inducing moves are banned
|rule|Swagger Clause: Swagger is banned
|rule|Baton Pass Stat Clause: No Baton Passer may have a way to boost its stats
|clearpoke
|poke|p1|Jellicent, F|item
|poke|p1|Reuniclus, M|item
|poke|p1|Ferrothorn, F|item
|poke|p1|Mesprit|item
|poke|p1|Heatran, M|item
|poke|p1|Rhyperior, M|item
|poke|p2|Tyranitar, F|item
|poke|p2|Alakazam, M|item
|poke|p2|Scizor, F|item
|poke|p2|Seismitoad, M|item
|poke|p2|Landorus-Therian, M|item
|poke|p2|Garchomp, M|item
|teampreview
|inactive|Battle timer is ON: inactive players will automatically lose when time's up. (requested by SkillfullBeing)
|
|t:|1732383226
|start
|switch|p1a: Ferrothorn|Ferrothorn, F|100/100
|switch|p2a: Scizor|Scizor, F|100/100
|turn|1
|
|t:|1732383237
|move|p2a: Scizor|Swords Dance|p2a: Scizor
|-boost|p2a: Scizor|atk|2
|move|p1a: Ferrothorn|Stealth Rock|p2a: Scizor
|-sidestart|p2: SkillfullBeing|move: Stealth Rock
|
|upkeep
|turn|2
|
|t:|1732383252
|move|p2a: Scizor|Superpower|p1a: Ferrothorn
|-supereffective|p1a: Ferrothorn
|-enditem|p1a: Ferrothorn|Chople Berry|[eat]
|-enditem|p1a: Ferrothorn|Chople Berry|[weaken]
|-damage|p1a: Ferrothorn|24/100
|-unboost|p2a: Scizor|atk|1
|-unboost|p2a: Scizor|def|1
|-damage|p2a: Scizor|88/100|[from] ability: Iron Barbs|[of] p1a: Ferrothorn
|-damage|p2a: Scizor|78/100|[from] item: Life Orb
|move|p1a: Ferrothorn|Gyro Ball|p2a: Scizor
|-resisted|p2a: Scizor
|-damage|p2a: Scizor|23/100
|
|upkeep
|turn|3
|
|t:|1732383263
|switch|p1a: Reuniclus|Reuniclus, M|100/100
|move|p2a: Scizor|Superpower|p1a: Reuniclus
|-resisted|p1a: Reuniclus
|-damage|p1a: Reuniclus|58/100
|-unboost|p2a: Scizor|atk|1
|-unboost|p2a: Scizor|def|1
|-damage|p2a: Scizor|13/100|[from] item: Life Orb
|
|upkeep
|turn|4
|
|t:|1732383271
|move|p2a: Scizor|U-turn|p1a: Reuniclus
|-supereffective|p1a: Reuniclus
|-damage|p1a: Reuniclus|0 fnt
|faint|p1a: Reuniclus
|-damage|p2a: Scizor|3/100|[from] item: Life Orb
|
|t:|1732383278
|switch|p2a: Landorus|Landorus-Therian, M|100/100|[from] U-turn
|-damage|p2a: Landorus|88/100|[from] Stealth Rock
|
|upkeep
|
|t:|1732383287
|switch|p1a: Jellicent|Jellicent, F|100/100
|-item|p1a: Jellicent|Air Balloon
|turn|5
|
|t:|1732383290
|move|p2a: Landorus|U-turn|p1a: Jellicent
|-resisted|p1a: Jellicent
|-damage|p1a: Jellicent|89/100
|-enditem|p1a: Jellicent|Air Balloon
|
|t:|1732383293
|switch|p2a: Scizor|Scizor, F|3/100|[from] U-turn
|-damage|p2a: Scizor|0 fnt|[from] Stealth Rock
|faint|p2a: Scizor
|move|p1a: Jellicent|Trick Room|p1a: Jellicent
|-fieldstart|move: Trick Room|[of] p1a: Jellicent
|
|upkeep
|
|t:|1732383295
|switch|p2a: Tyranitar|Tyranitar, F|100/100
|-damage|p2a: Tyranitar|88/100|[from] Stealth Rock
|-weather|Sandstorm|[from] ability: Sand Stream|[of] p2a: Tyranitar
|turn|6
|
|t:|1732383300
|move|p1a: Jellicent|Will-O-Wisp|p2a: Tyranitar|[miss]
|-miss|p1a: Jellicent|p2a: Tyranitar
|move|p2a: Tyranitar|Crunch|p1a: Jellicent
|-supereffective|p1a: Jellicent
|-damage|p1a: Jellicent|17/100
|-unboost|p1a: Jellicent|def|1
|
|-weather|Sandstorm|[upkeep]
|-damage|p1a: Jellicent|11/100|[from] Sandstorm
|upkeep
|turn|7
|
|t:|1732383304
|move|p1a: Jellicent|Will-O-Wisp|p2a: Tyranitar
|-status|p2a: Tyranitar|brn
|move|p2a: Tyranitar|Pursuit|p1a: Jellicent
|-supereffective|p1a: Jellicent
|-damage|p1a: Jellicent|0 fnt
|faint|p1a: Jellicent
|
|-weather|Sandstorm|[upkeep]
|-damage|p2a: Tyranitar|76/100 brn|[from] brn
|upkeep
|
|t:|1732383308
|switch|p1a: Rhyperior|Rhyperior, M|100/100
|turn|8
|
|t:|1732383311
|move|p1a: Rhyperior|Substitute|p1a: Rhyperior
|-start|p1a: Rhyperior|Substitute
|-damage|p1a: Rhyperior|75/100
|move|p2a: Tyranitar|Crunch|p1a: Rhyperior
|-activate|p1a: Rhyperior|Substitute|[damage]
|
|-weather|Sandstorm|[upkeep]
|-damage|p2a: Tyranitar|63/100 brn|[from] brn
|upkeep
|turn|9
|
|t:|1732383313
|move|p1a: Rhyperior|Earthquake|p2a: Tyranitar
|-supereffective|p2a: Tyranitar
|-damage|p2a: Tyranitar|0 fnt
|faint|p2a: Tyranitar
|-damage|p1a: Rhyperior|66/100|[from] item: Life Orb
|
|-weather|Sandstorm|[upkeep]
|-fieldend|move: Trick Room
|upkeep
|
|t:|1732383318
|switch|p2a: Seismitoad|Seismitoad, M|100/100
|-damage|p2a: Seismitoad|94/100|[from] Stealth Rock
|turn|10
|
|t:|1732383327
|move|p2a: Seismitoad|Scald|p1a: Rhyperior
|-supereffective|p1a: Rhyperior
|-end|p1a: Rhyperior|Substitute
|move|p1a: Rhyperior|Earthquake|p2a: Seismitoad
|-damage|p2a: Seismitoad|38/100
|-damage|p1a: Rhyperior|56/100|[from] item: Life Orb
|
|-weather|Sandstorm|[upkeep]
|-heal|p2a: Seismitoad|44/100|[from] item: Leftovers
|upkeep
|turn|11
|
|t:|1732383331
|switch|p1a: Mesprit|Mesprit|100/100
|move|p2a: Seismitoad|Scald|p1a: Mesprit
|-damage|p1a: Mesprit|82/100
|
|-weather|Sandstorm|[upkeep]
|-damage|p1a: Mesprit|76/100|[from] Sandstorm
|-heal|p2a: Seismitoad|50/100|[from] item: Leftovers
|upkeep
|turn|12
|
|t:|1732383335
|move|p2a: Seismitoad|Protect|p2a: Seismitoad
|-singleturn|p2a: Seismitoad|Protect
|move|p1a: Mesprit|Trick Room|p1a: Mesprit
|-fieldstart|move: Trick Room|[of] p1a: Mesprit
|
|-weather|Sandstorm|[upkeep]
|-damage|p1a: Mesprit|70/100|[from] Sandstorm
|-heal|p2a: Seismitoad|56/100|[from] item: Leftovers
|upkeep
|turn|13
|
|t:|1732383341
|move|p1a: Mesprit|U-turn|p2a: Seismitoad
|-damage|p2a: Seismitoad|44/100
|
|t:|1732383355
|switch|p1a: Ferrothorn|Ferrothorn, F|24/100|[from] U-turn
|move|p2a: Seismitoad|Toxic|p1a: Ferrothorn
|-immune|p1a: Ferrothorn
|
|-weather|Sandstorm|[upkeep]
|-heal|p2a: Seismitoad|50/100|[from] item: Leftovers
|upkeep
|turn|14
|
|t:|1732383362
|move|p2a: Seismitoad|Protect|p2a: Seismitoad
|-singleturn|p2a: Seismitoad|Protect
|move|p1a: Ferrothorn|Spikes|p2a: Seismitoad
|-sidestart|p2: SkillfullBeing|Spikes
|
|-weather|Sandstorm|[upkeep]
|-heal|p2a: Seismitoad|56/100|[from] item: Leftovers
|upkeep
|turn|15
|
|t:|1732383366
|move|p1a: Ferrothorn|Power Whip|p2a: Seismitoad
|-supereffective|p2a: Seismitoad
|-damage|p2a: Seismitoad|0 fnt
|faint|p2a: Seismitoad
|
|-weather|Sandstorm|[upkeep]
|upkeep
|
|t:|1732383370
|switch|p2a: Landorus|Landorus-Therian, M|88/100
|-damage|p2a: Landorus|76/100|[from] Stealth Rock
|-ability|p2a: Landorus|Intimidate|boost
|-unboost|p1a: Ferrothorn|atk|1
|turn|16
|
|t:|1732383381
|move|p1a: Ferrothorn|Gyro Ball|p2a: Landorus
|-damage|p2a: Landorus|33/100
|move|p2a: Landorus|Earthquake|p1a: Ferrothorn
|-damage|p1a: Ferrothorn|0 fnt
|faint|p1a: Ferrothorn
|
|-weather|Sandstorm|[upkeep]
|-fieldend|move: Trick Room
|upkeep
|
|t:|1732383391
|switch|p1a: Mesprit|Mesprit|70/100
|turn|17
|
|t:|1732383393
|switch|p2a: Alakazam|Alakazam, M|100/100
|move|p1a: Mesprit|Trick Room|p1a: Mesprit
|-fieldstart|move: Trick Room|[of] p1a: Mesprit
|
|-weather|Sandstorm|[upkeep]
|-damage|p1a: Mesprit|64/100|[from] Sandstorm
|upkeep
|turn|18
|
|t:|1732383398
|move|p1a: Mesprit|U-turn|p2a: Alakazam
|-supereffective|p2a: Alakazam
|-damage|p2a: Alakazam|10/100
|
|t:|1732383401
|switch|p1a: Heatran|Heatran, M|100/100|[from] U-turn
|-item|p1a: Heatran|Air Balloon
|move|p2a: Alakazam|Psychic|p1a: Heatran
|-resisted|p1a: Heatran
|-damage|p1a: Heatran|80/100
|-enditem|p1a: Heatran|Air Balloon
|
|-weather|Sandstorm|[upkeep]
|upkeep
|turn|19
|
|t:|1732383405
|move|p1a: Heatran|Hidden Power|p2a: Alakazam
|-damage|p2a: Alakazam|0 fnt
|faint|p2a: Alakazam
|
|-weather|Sandstorm|[upkeep]
|upkeep
|
|t:|1732383409
|switch|p2a: Landorus|Landorus-Therian, M|33/100
|-damage|p2a: Landorus|20/100|[from] Stealth Rock
|-ability|p2a: Landorus|Intimidate|boost
|-unboost|p1a: Heatran|atk|1
|turn|20
|
|t:|1732383411
|move|p1a: Heatran|Hidden Power|p2a: Landorus
|-supereffective|p2a: Landorus
|-damage|p2a: Landorus|0 fnt
|faint|p2a: Landorus
|
|-weather|Sandstorm|[upkeep]
|upkeep
|
|t:|1732383413
|switch|p2a: Garchomp|Garchomp, M|100/100
|-damage|p2a: Garchomp|94/100|[from] Stealth Rock
|-damage|p2a: Garchomp|82/100|[from] Spikes
|turn|21
|
|t:|1732383427
|move|p1a: Heatran|Taunt|p2a: Garchomp
|-start|p2a: Garchomp|move: Taunt
|move|p2a: Garchomp|Earthquake|p1a: Heatran
|-supereffective|p1a: Heatran
|-crit|p1a: Heatran
|-damage|p1a: Heatran|0 fnt
|faint|p1a: Heatran
|
|-weather|Sandstorm|[upkeep]
|-fieldend|move: Trick Room
|upkeep
|
|t:|1732383434
|switch|p1a: Mesprit|Mesprit|64/100
|turn|22
|
|t:|1732383437
|move|p2a: Garchomp|Earthquake|p1a: Mesprit
|-immune|p1a: Mesprit|[from] ability: Levitate
|move|p1a: Mesprit|Trick Room|p1a: Mesprit
|-fieldstart|move: Trick Room|[of] p1a: Mesprit
|
|-weather|Sandstorm|[upkeep]
|-damage|p1a: Mesprit|58/100|[from] Sandstorm
|upkeep
|turn|23
|
|t:|1732383440
|move|p1a: Mesprit|Ice Beam|p2a: Garchomp
|-supereffective|p2a: Garchomp
|-damage|p2a: Garchomp|0 fnt
|faint|p2a: Garchomp
|
|win|tr in b&w
|raw|tr in b&amp;w's rating: 1366 &rarr; <strong>1388</strong><br />(+22 for winning)
|raw|SkillfullBeing's rating: 1404 &rarr; <strong>1382</strong><br />(-22 for losing)
|l|☆SkillfullBeing
|player|p2|
