|j|☆Spritzalcianuro96
|j|☆camnotthecomedyman
|t:|1595546220
|player|p1|Spritzalcianuro96|clair|1483
|player|p2|camnotthecomedyman|janitor|1314
|teamsize|p1|6
|teamsize|p2|6
|gametype|singles
|gen|5
|tier|[Gen 5] OU
|rated|
|clearpoke
|poke|p1|Skarmory, M|item
|poke|p1|Garchomp, M|item
|poke|p1|Hydreigon, M|item
|poke|p1|Alakazam, M|item
|poke|p1|Tyranitar, F|item
|poke|p1|Ferrothorn, M|item
|poke|p2|Tyranitar, M|item
|poke|p2|Reuniclus, F|item
|poke|p2|Skarmory, M|item
|poke|p2|Garchomp, M|item
|poke|p2|Jellicent, M|item
|poke|p2|Heatran, F|item
|rule|Species Clause: Limit one of each Pokémon
|rule|OHKO Clause: OHKO moves are banned
|rule|Moody Clause: Moody is banned
|rule|Evasion Moves Clause: Evasion moves are banned
|rule|Endless Battle Clause: Forcing endless battles is banned
|rule|HP Percentage Mod: HP is shown in percentages
|rule|Evasion Abilities Clause: Evasion abilities are banned
|rule|Baton Pass Clause: Limit one Baton Passer, can't pass Spe and other stats simultaneously
|rule|Sleep Clause: Sleep-inducing moves are banned
|rule|Swagger Clause: Swagger is banned
|teampreview
|inactive|Battle timer is ON: inactive players will automatically lose when time's up. (requested by camnotthecomedyman)
|
|t:|1595546251
|start
|switch|p1a: Hydreigon|Hydreigon, M|100/100
|switch|p2a: Skarmory|Skarmory, M|100/100
|turn|1
|
|t:|1595546261
|move|p1a: Hydreigon|Focus Blast|p2a: Skarmory
|-damage|p2a: Skarmory|49/100
|-damage|p1a: Hydreigon|91/100|[from] item: Life Orb
|move|p2a: Skarmory|Spikes|p1a: Hydreigon
|-sidestart|p1: Spritzalcianuro96|Spikes
|
|-heal|p2a: Skarmory|55/100|[from] item: Leftovers
|upkeep
|turn|2
|
|t:|1595546266
|move|p1a: Hydreigon|Flamethrower|p2a: Skarmory
|-supereffective|p2a: Skarmory
|-damage|p2a: Skarmory|0 fnt
|-damage|p1a: Hydreigon|81/100|[from] item: Life Orb
|faint|p2a: Skarmory
|
|upkeep
|
|t:|1595546289
|switch|p2a: Tyranitar|Tyranitar, M|100/100
|-weather|Sandstorm|[from] ability: Sand Stream|[of] p2a: Tyranitar
|turn|3
|
|t:|1595546302
|switch|p1a: Skarmory|Skarmory, M|100/100
|move|p2a: Tyranitar|Superpower|p1a: Skarmory
|-damage|p1a: Skarmory|70/100
|-unboost|p2a: Tyranitar|atk|1
|-unboost|p2a: Tyranitar|def|1
|
|-weather|Sandstorm|[upkeep]
|-heal|p1a: Skarmory|76/100|[from] item: Leftovers
|upkeep
|turn|4
|
|t:|1595546315
|switch|p2a: Heatran|Heatran, F|100/100
|move|p1a: Skarmory|Spikes|p2a: Heatran
|-sidestart|p2: camnotthecomedyman|Spikes
|
|-weather|Sandstorm|[upkeep]
|-heal|p1a: Skarmory|82/100|[from] item: Leftovers
|upkeep
|turn|5
|
|t:|1595546332
|move|p2a: Heatran|Stealth Rock|p1a: Skarmory
|-sidestart|p1: Spritzalcianuro96|move: Stealth Rock
|move|p1a: Skarmory|Spikes|p2a: Heatran
|-sidestart|p2: camnotthecomedyman|Spikes
|
|-weather|Sandstorm|[upkeep]
|-heal|p1a: Skarmory|88/100|[from] item: Leftovers
|upkeep
|turn|6
|
|t:|1595546342
|switch|p1a: Tyranitar|Tyranitar, F|100/100
|-damage|p1a: Tyranitar|88/100|[from] Spikes
|-damage|p1a: Tyranitar|76/100|[from] Stealth Rock
|move|p2a: Heatran|Lava Plume|p1a: Tyranitar
|-resisted|p1a: Tyranitar
|-damage|p1a: Tyranitar|66/100
|-status|p1a: Tyranitar|brn
|
|-weather|Sandstorm|[upkeep]
|-damage|p1a: Tyranitar|53/100 brn|[from] brn
|upkeep
|turn|7
|
|t:|1595546356
|move|p2a: Heatran|Protect|p2a: Heatran
|-singleturn|p2a: Heatran|Protect
|move|p1a: Tyranitar|Superpower|p2a: Heatran
|-activate|p2a: Heatran|move: Protect
|
|-weather|Sandstorm|[upkeep]
|-damage|p1a: Tyranitar|41/100 brn|[from] brn
|upkeep
|turn|8
|
|t:|1595546374
|switch|p2a: Jellicent|Jellicent, M|100/100
|-damage|p2a: Jellicent|84/100|[from] Spikes
|move|p1a: Tyranitar|Superpower|p2a: Jellicent
|-immune|p2a: Jellicent
|
|-weather|Sandstorm|[upkeep]
|-damage|p2a: Jellicent|78/100|[from] Sandstorm
|-heal|p2a: Jellicent|84/100|[from] item: Leftovers
|-damage|p1a: Tyranitar|28/100 brn|[from] brn
|upkeep
|turn|9
|
|t:|1595546383
|switch|p1a: Ferrothorn|Ferrothorn, M|100/100
|-damage|p1a: Ferrothorn|88/100|[from] Spikes
|-damage|p1a: Ferrothorn|82/100|[from] Stealth Rock
|move|p2a: Jellicent|Recover|p2a: Jellicent
|-heal|p2a: Jellicent|100/100
|
|-weather|Sandstorm|[upkeep]
|-damage|p2a: Jellicent|94/100|[from] Sandstorm
|-heal|p2a: Jellicent|100/100|[from] item: Leftovers
|-heal|p1a: Ferrothorn|88/100|[from] item: Leftovers
|upkeep
|turn|10
|
|t:|1595546395
|move|p2a: Jellicent|Taunt|p1a: Ferrothorn
|-start|p1a: Ferrothorn|move: Taunt
|cant|p1a: Ferrothorn|move: Taunt|Stealth Rock
|
|-weather|Sandstorm|[upkeep]
|-damage|p2a: Jellicent|94/100|[from] Sandstorm
|-heal|p2a: Jellicent|100/100|[from] item: Leftovers
|-heal|p1a: Ferrothorn|94/100|[from] item: Leftovers
|upkeep
|turn|11
|
|t:|1595546405
|switch|p1a: Skarmory|Skarmory, M|88/100
|-damage|p1a: Skarmory|76/100|[from] Stealth Rock
|move|p2a: Jellicent|Will-O-Wisp|p1a: Skarmory
|-status|p1a: Skarmory|brn
|
|-weather|Sandstorm|[upkeep]
|-damage|p2a: Jellicent|94/100|[from] Sandstorm
|-heal|p1a: Skarmory|82/100 brn|[from] item: Leftovers
|-heal|p2a: Jellicent|100/100|[from] item: Leftovers
|-damage|p1a: Skarmory|70/100 brn|[from] brn
|upkeep
|turn|12
|
|t:|1595546409
|move|p1a: Skarmory|Spikes|p2a: Jellicent
|-sidestart|p2: camnotthecomedyman|Spikes
|move|p2a: Jellicent|Scald|p1a: Skarmory
|-damage|p1a: Skarmory|44/100 brn
|
|-weather|Sandstorm|[upkeep]
|-damage|p2a: Jellicent|94/100|[from] Sandstorm
|-heal|p1a: Skarmory|50/100 brn|[from] item: Leftovers
|-heal|p2a: Jellicent|100/100|[from] item: Leftovers
|-damage|p1a: Skarmory|38/100 brn|[from] brn
|upkeep
|turn|13
|
|t:|1595546413
|move|p1a: Skarmory|Roost|p1a: Skarmory
|-heal|p1a: Skarmory|88/100 brn
|-singleturn|p1a: Skarmory|move: Roost
|move|p2a: Jellicent|Scald|p1a: Skarmory
|-damage|p1a: Skarmory|65/100 brn
|
|-weather|Sandstorm|[upkeep]
|-damage|p2a: Jellicent|94/100|[from] Sandstorm
|-heal|p1a: Skarmory|71/100 brn|[from] item: Leftovers
|-heal|p2a: Jellicent|100/100|[from] item: Leftovers
|-damage|p1a: Skarmory|59/100 brn|[from] brn
|upkeep
|turn|14
|
|t:|1595546423
|move|p1a: Skarmory|Roost|p1a: Skarmory
|-heal|p1a: Skarmory|100/100 brn
|-singleturn|p1a: Skarmory|move: Roost
|move|p2a: Jellicent|Taunt|p1a: Skarmory
|-start|p1a: Skarmory|move: Taunt
|
|-weather|Sandstorm|[upkeep]
|-damage|p2a: Jellicent|94/100|[from] Sandstorm
|-heal|p2a: Jellicent|100/100|[from] item: Leftovers
|-damage|p1a: Skarmory|88/100 brn|[from] brn
|upkeep
|turn|15
|
|t:|1595546433
|switch|p1a: Ferrothorn|Ferrothorn, M|94/100
|-damage|p1a: Ferrothorn|82/100|[from] Spikes
|-damage|p1a: Ferrothorn|75/100|[from] Stealth Rock
|move|p2a: Jellicent|Scald|p1a: Ferrothorn
|-resisted|p1a: Ferrothorn
|-damage|p1a: Ferrothorn|66/100
|
|-weather|Sandstorm|[upkeep]
|-damage|p2a: Jellicent|94/100|[from] Sandstorm
|-heal|p2a: Jellicent|100/100|[from] item: Leftovers
|-heal|p1a: Ferrothorn|73/100|[from] item: Leftovers
|upkeep
|turn|16
|
|t:|1595546446
|switch|p1a: Hydreigon|Hydreigon, M|81/100
|-damage|p1a: Hydreigon|68/100|[from] Stealth Rock
|move|p2a: Jellicent|Taunt|p1a: Hydreigon
|-start|p1a: Hydreigon|move: Taunt
|
|-weather|Sandstorm|[upkeep]
|-damage|p1a: Hydreigon|62/100|[from] Sandstorm
|-damage|p2a: Jellicent|94/100|[from] Sandstorm
|-heal|p2a: Jellicent|100/100|[from] item: Leftovers
|upkeep
|turn|17
|
|t:|1595546456
|move|p1a: Hydreigon|Dark Pulse|p2a: Jellicent
|-supereffective|p2a: Jellicent
|-damage|p2a: Jellicent|1/100
|-damage|p1a: Hydreigon|52/100|[from] item: Life Orb
|move|p2a: Jellicent|Will-O-Wisp|p1a: Hydreigon
|-status|p1a: Hydreigon|brn
|
|-weather|Sandstorm|[upkeep]
|-damage|p1a: Hydreigon|46/100 brn|[from] Sandstorm
|-damage|p2a: Jellicent|0 fnt|[from] Sandstorm
|faint|p2a: Jellicent
|-damage|p1a: Hydreigon|34/100 brn|[from] brn
|upkeep
|
|t:|1595546470
|switch|p2a: Garchomp|Garchomp, M|100/100
|-damage|p2a: Garchomp|76/100|[from] Spikes
|turn|18
|
|t:|1595546480
|switch|p1a: Tyranitar|Tyranitar, F|28/100 brn
|-damage|p1a: Tyranitar|16/100 brn|[from] Stealth Rock
|-damage|p1a: Tyranitar|3/100 brn|[from] Spikes
|move|p2a: Garchomp|Dual Chop|p1a: Tyranitar
|-damage|p1a: Tyranitar|0 fnt
|-hitcount|p1a: Tyranitar|1
|faint|p1a: Tyranitar
|
|-weather|Sandstorm|[upkeep]
|upkeep
|
|t:|1595546499
|switch|p1a: Alakazam|Alakazam, M|100/100
|turn|19
|
|t:|1595546508
|move|p1a: Alakazam|Signal Beam|p2a: Garchomp
|-damage|p2a: Garchomp|44/100
|move|p2a: Garchomp|Dual Chop|p1a: Alakazam
|-damage|p1a: Alakazam|6/100
|-damage|p1a: Alakazam|0 fnt
|-hitcount|p1a: Alakazam|2
|faint|p1a: Alakazam
|
|-weather|Sandstorm|[upkeep]
|upkeep
|
|t:|1595546521
|switch|p1a: Garchomp|Garchomp, M|100/100
|-damage|p1a: Garchomp|94/100|[from] Stealth Rock
|-damage|p1a: Garchomp|82/100|[from] Spikes
|turn|20
|
|t:|1595546539
|move|p1a: Garchomp|Earthquake|p2a: Garchomp
|-crit|p2a: Garchomp
|-damage|p2a: Garchomp|0 fnt
|faint|p2a: Garchomp
|
|-weather|Sandstorm|[upkeep]
|upkeep
|
|t:|1595546545
|switch|p2a: Tyranitar|Tyranitar, M|100/100
|-damage|p2a: Tyranitar|76/100|[from] Spikes
|turn|21
|
|t:|1595546555
|move|p1a: Garchomp|Earthquake|p2a: Tyranitar
|-supereffective|p2a: Tyranitar
|-damage|p2a: Tyranitar|0 fnt
|faint|p2a: Tyranitar
|
|-weather|Sandstorm|[upkeep]
|upkeep
|
|t:|1595546559
|switch|p2a: Reuniclus|Reuniclus, F|100/100
|turn|22
|
|t:|1595546575
|switch|p1a: Skarmory|Skarmory, M|88/100 brn
|-damage|p1a: Skarmory|76/100 brn|[from] Stealth Rock
|move|p2a: Reuniclus|Calm Mind|p2a: Reuniclus
|-boost|p2a: Reuniclus|spa|1
|-boost|p2a: Reuniclus|spd|1
|
|-weather|Sandstorm|[upkeep]
|-heal|p1a: Skarmory|82/100 brn|[from] item: Leftovers
|-damage|p1a: Skarmory|70/100 brn|[from] brn
|upkeep
|turn|23
|
|t:|1595546599
|move|p2a: Reuniclus|Calm Mind|p2a: Reuniclus
|-boost|p2a: Reuniclus|spa|1
|-boost|p2a: Reuniclus|spd|1
|move|p1a: Skarmory|Whirlwind|p2a: Reuniclus
|drag|p2a: Heatran|Heatran, F|100/100
|-damage|p2a: Heatran|76/100|[from] Spikes
|
|-weather|Sandstorm|[upkeep]
|-heal|p2a: Heatran|82/100|[from] item: Leftovers
|-heal|p1a: Skarmory|76/100 brn|[from] item: Leftovers
|-damage|p1a: Skarmory|64/100 brn|[from] brn
|upkeep
|turn|24
|
|t:|1595546607
|switch|p1a: Ferrothorn|Ferrothorn, M|73/100
|-damage|p1a: Ferrothorn|66/100|[from] Stealth Rock
|-damage|p1a: Ferrothorn|54/100|[from] Spikes
|move|p2a: Heatran|Lava Plume|p1a: Ferrothorn
|-supereffective|p1a: Ferrothorn
|-damage|p1a: Ferrothorn|0 fnt
|faint|p1a: Ferrothorn
|
|-weather|Sandstorm|[upkeep]
|-heal|p2a: Heatran|88/100|[from] item: Leftovers
|upkeep
|
|t:|1595546614
|switch|p1a: Garchomp|Garchomp, M|82/100
|-damage|p1a: Garchomp|76/100|[from] Stealth Rock
|-damage|p1a: Garchomp|64/100|[from] Spikes
|turn|25
|
|t:|1595546619
|move|p1a: Garchomp|Earthquake|p2a: Heatran
|-supereffective|p2a: Heatran
|-damage|p2a: Heatran|0 fnt
|faint|p2a: Heatran
|
|-weather|Sandstorm|[upkeep]
|upkeep
|
|t:|1595546621
|switch|p2a: Reuniclus|Reuniclus, F|100/100
|turn|26
|
|t:|1595546639
|switch|p1a: Skarmory|Skarmory, M|64/100 brn
|-damage|p1a: Skarmory|52/100 brn|[from] Stealth Rock
|move|p2a: Reuniclus|Calm Mind|p2a: Reuniclus
|-boost|p2a: Reuniclus|spa|1
|-boost|p2a: Reuniclus|spd|1
|
|-weather|Sandstorm|[upkeep]
|-heal|p1a: Skarmory|58/100 brn|[from] item: Leftovers
|-damage|p1a: Skarmory|45/100 brn|[from] brn
|upkeep
|turn|27
|
|t:|1595546647
|move|p1a: Skarmory|Taunt|p2a: Reuniclus
|-start|p2a: Reuniclus|move: Taunt
|move|p2a: Reuniclus|Psyshock|p1a: Skarmory
|-resisted|p1a: Skarmory
|-damage|p1a: Skarmory|26/100 brn
|
|-weather|Sandstorm|[upkeep]
|-heal|p1a: Skarmory|33/100 brn|[from] item: Leftovers
|-damage|p1a: Skarmory|20/100 brn|[from] brn
|upkeep
|turn|28
|
|t:|1595546658
|move|p1a: Skarmory|Taunt||[still]
|-fail|p1a: Skarmory
|move|p2a: Reuniclus|Focus Blast|p1a: Skarmory|[miss]
|-miss|p2a: Reuniclus|p1a: Skarmory
|
|-weather|Sandstorm|[upkeep]
|-heal|p1a: Skarmory|26/100 brn|[from] item: Leftovers
|-damage|p1a: Skarmory|14/100 brn|[from] brn
|upkeep
|turn|29
|
|t:|1595546666
|move|p1a: Skarmory|Roost|p1a: Skarmory
|-heal|p1a: Skarmory|64/100 brn
|-singleturn|p1a: Skarmory|move: Roost
|move|p2a: Reuniclus|Psyshock|p1a: Skarmory
|-resisted|p1a: Skarmory
|-damage|p1a: Skarmory|46/100 brn
|
|-weather|Sandstorm|[upkeep]
|-heal|p1a: Skarmory|52/100 brn|[from] item: Leftovers
|-damage|p1a: Skarmory|40/100 brn|[from] brn
|-end|p2a: Reuniclus|move: Taunt
|upkeep
|turn|30
|
|t:|1595546671
|move|p1a: Skarmory|Taunt|p2a: Reuniclus
|-start|p2a: Reuniclus|move: Taunt
|move|p2a: Reuniclus|Psyshock|p1a: Skarmory
|-resisted|p1a: Skarmory
|-crit|p1a: Skarmory
|-damage|p1a: Skarmory|5/100 brn
|
|-weather|Sandstorm|[upkeep]
|-heal|p1a: Skarmory|12/100 brn|[from] item: Leftovers
|-damage|p1a: Skarmory|0 fnt|[from] brn
|faint|p1a: Skarmory
|upkeep
|
|t:|1595546677
|switch|p1a: Hydreigon|Hydreigon, M|34/100 brn
|-damage|p1a: Hydreigon|22/100 brn|[from] Stealth Rock
|turn|31
|
|t:|1595546684
|move|p1a: Hydreigon|Dark Pulse|p2a: Reuniclus
|-supereffective|p2a: Reuniclus
|-damage|p2a: Reuniclus|31/100
|-damage|p1a: Hydreigon|12/100 brn|[from] item: Life Orb
|move|p2a: Reuniclus|Focus Blast|p1a: Hydreigon
|-supereffective|p1a: Hydreigon
|-damage|p1a: Hydreigon|0 fnt
|faint|p1a: Hydreigon
|
|-weather|Sandstorm|[upkeep]
|-heal|p2a: Reuniclus|37/100|[from] item: Leftovers
|upkeep
|
|t:|1595546690
|switch|p1a: Garchomp|Garchomp, M|64/100
|-damage|p1a: Garchomp|57/100|[from] Stealth Rock
|-damage|p1a: Garchomp|45/100|[from] Spikes
|turn|32
|
|t:|1595546693
|move|p1a: Garchomp|Outrage|p2a: Reuniclus
|-damage|p2a: Reuniclus|0 fnt
|faint|p2a: Reuniclus
|
|win|Spritzalcianuro96
|raw|Spritzalcianuro96's rating: 1464 &rarr; <strong>1477</strong><br />(+13 for winning)
|raw|camnotthecomedyman's rating: 1324 &rarr; <strong>1311</strong><br />(-13 for losing)
