|uhtml|medal-msg|<div class="broadcast-blue">Curious what those medals under the avatar are? PS now has Ladder Seasons! For more information, check out the <a href="https://www.smogon.com/forums/threads/3740067/">thread on Smogon.</a></div>
|uhtml|medal-msg|<div class="broadcast-blue">Curious what those medals under the avatar are? PS now has Ladder Seasons! For more information, check out the <a href="https://www.smogon.com/forums/threads/3740067/">thread on Smogon.</a></div>
|j|☆Yokao893
|j|☆BookofConke
|t:|1713490545
|gametype|singles
|player|p1|Yokao893|hilbert|1425
|player|p2|BookofConke|silver-masters|1449
|teamsize|p1|6
|teamsize|p2|6
|gen|5
|tier|[Gen 5] OU
|rated|
|rule|Species Clause: Limit one of each Pokémon
|rule|OHKO Clause: OHKO moves are banned
|rule|Moody Clause: Moody is banned
|rule|Evasion Items Clause: Evasion items are banned
|rule|Evasion Moves Clause: Evasion moves are banned
|rule|Endless Battle Clause: Forcing endless battles is banned
|rule|HP Percentage Mod: HP is shown in percentages
|rule|Evasion Abilities Clause: Evasion abilities are banned
|rule|Sleep Moves Clause: Sleep-inducing moves are banned
|rule|Swagger Clause: Swagger is banned
|rule|Baton Pass Stat Clause: No Baton Passer may have a way to boost its stats
|clearpoke
|poke|p1|Starmie|item
|poke|p1|Kyurem-Black|item
|poke|p1|Latios, M|item
|poke|p1|Magnezone|item
|poke|p1|Scizor, M|item
|poke|p1|Garchomp, F|item
|poke|p2|Politoed, F|item
|poke|p2|Ferrothorn, F|item
|poke|p2|Starmie|item
|poke|p2|Keldeo-Resolute|item
|poke|p2|Kyurem-Black|item
|poke|p2|Thundurus-Therian, M|item
|teampreview
|inactive|Battle timer is ON: inactive players will automatically lose when time's up. (requested by Yokao893)
|
|t:|1713490568
|start
|switch|p1a: Mach|Garchomp, F|100/100
|switch|p2a: Politoed|Politoed, F|100/100
|-weather|RainDance|[from] ability: Drizzle|[of] p2a: Politoed
|turn|1
|
|t:|1713490587
|move|p1a: Mach|Stealth Rock|p2a: Politoed
|-sidestart|p2: BookofConke|move: Stealth Rock
|move|p2a: Politoed|Ice Beam|p1a: Mach
|-supereffective|p1a: Mach
|-enditem|p1a: Mach|Yache Berry|[eat]
|-enditem|p1a: Mach|Yache Berry|[weaken]
|-damage|p1a: Mach|59/100
|-status|p1a: Mach|frz
|
|-weather|RainDance|[upkeep]
|upkeep
|turn|2
|
|t:|1713490607
|switch|p1a: Alex|Kyurem-Black|100/100
|-ability|p1a: Alex|Teravolt
|move|p2a: Politoed|Scald|p1a: Alex
|-resisted|p1a: Alex
|-damage|p1a: Alex|81/100
|
|-weather|RainDance|[upkeep]
|upkeep
|turn|3
|inactive|BookofConke has 120 seconds left.
|
|t:|1713490632
|switch|p2a: Ferrothorn|Ferrothorn, F|100/100
|-damage|p2a: Ferrothorn|94/100|[from] Stealth Rock
|move|p1a: Alex|Dragon Claw|p2a: Ferrothorn
|-resisted|p2a: Ferrothorn
|-crit|p2a: Ferrothorn
|-damage|p2a: Ferrothorn|29/100
|-damage|p1a: Alex|69/100|[from] ability: Iron Barbs|[of] p2a: Ferrothorn
|
|-weather|RainDance|[upkeep]
|-heal|p2a: Ferrothorn|35/100|[from] item: Leftovers
|upkeep
|turn|4
|inactive|BookofConke has 120 seconds left.
|
|t:|1713490665
|move|p1a: Alex|Dragon Claw|p2a: Ferrothorn
|-resisted|p2a: Ferrothorn
|-damage|p2a: Ferrothorn|3/100
|-damage|p1a: Alex|57/100|[from] ability: Iron Barbs|[of] p2a: Ferrothorn
|move|p2a: Ferrothorn|Stealth Rock|p1a: Alex
|-sidestart|p1: Yokao893|move: Stealth Rock
|
|-weather|RainDance|[upkeep]
|-heal|p2a: Ferrothorn|9/100|[from] item: Leftovers
|upkeep
|turn|5
|
|t:|1713490675
|move|p1a: Alex|Dragon Claw|p2a: Ferrothorn
|-resisted|p2a: Ferrothorn
|-damage|p2a: Ferrothorn|0 fnt
|-damage|p1a: Alex|44/100|[from] ability: Iron Barbs|[of] p2a: Ferrothorn
|faint|p2a: Ferrothorn
|
|-weather|RainDance|[upkeep]
|upkeep
|inactive|BookofConke has 90 seconds left.
|
|t:|1713490704
|switch|p2a: Keldeo|Keldeo-Resolute|100/100
|-damage|p2a: Keldeo|94/100|[from] Stealth Rock
|turn|6
|
|t:|1713490719
|switch|p1a: Ultraman|Starmie|100/100
|-damage|p1a: Ultraman|88/100|[from] Stealth Rock
|-item|p1a: Ultraman|Air Balloon
|move|p2a: Keldeo|Hydro Pump|p1a: Ultraman
|-resisted|p1a: Ultraman
|-damage|p1a: Ultraman|0 fnt
|-enditem|p1a: Ultraman|Air Balloon
|faint|p1a: Ultraman
|
|-weather|RainDance|[upkeep]
|upkeep
|
|t:|1713490728
|switch|p1a: B-61|Latios, M|100/100
|-damage|p1a: B-61|88/100|[from] Stealth Rock
|turn|7
|inactive|BookofConke has 90 seconds left.
|
|t:|1713490736
|switch|p2a: Politoed|Politoed, F|100/100
|-damage|p2a: Politoed|88/100|[from] Stealth Rock
|move|p1a: B-61|Draco Meteor|p2a: Politoed
|-damage|p2a: Politoed|36/100
|-unboost|p1a: B-61|spa|2
|-enditem|p2a: Politoed|Eject Button
|inactive|BookofConke has 90 seconds left.
|
|t:|1713490754
|switch|p2a: Thundurus|Thundurus-Therian, M|100/100
|-damage|p2a: Thundurus|76/100|[from] Stealth Rock
|
|-weather|RainDance|[upkeep]
|-heal|p2a: Thundurus|82/100|[from] item: Leftovers
|upkeep
|turn|8
|inactive|Yokao893 has 120 seconds left.
|
|t:|1713490801
|switch|p1a: Alex|Kyurem-Black|44/100
|-damage|p1a: Alex|20/100|[from] Stealth Rock
|-ability|p1a: Alex|Teravolt
|move|p2a: Thundurus|Thunder|p1a: Alex
|-resisted|p1a: Alex
|-damage|p1a: Alex|0 fnt
|faint|p1a: Alex
|
|-weather|RainDance|[upkeep]
|-heal|p2a: Thundurus|88/100|[from] item: Leftovers
|upkeep
|
|t:|1713490804
|switch|p1a: B-61|Latios, M|88/100
|-damage|p1a: B-61|76/100|[from] Stealth Rock
|turn|9
|
|t:|1713490822
|switch|p2a: Politoed|Politoed, F|36/100
|-damage|p2a: Politoed|24/100|[from] Stealth Rock
|move|p1a: B-61|Draco Meteor|p2a: Politoed
|-damage|p2a: Politoed|0 fnt
|-unboost|p1a: B-61|spa|2
|faint|p2a: Politoed
|
|-weather|RainDance|[upkeep]
|upkeep
|inactive|BookofConke has 60 seconds left.
|
|t:|1713490837
|switch|p2a: Thundurus|Thundurus-Therian, M|88/100
|-damage|p2a: Thundurus|63/100|[from] Stealth Rock
|turn|10
|inactive|BookofConke has 60 seconds left.
|
|t:|1713490848
|switch|p1a: Mach|Garchomp, F|59/100 frz
|-damage|p1a: Mach|53/100 frz|[from] Stealth Rock
|move|p2a: Thundurus|Thunder|p1a: Mach
|-immune|p1a: Mach
|
|-weather|RainDance|[upkeep]
|-heal|p2a: Thundurus|69/100|[from] item: Leftovers
|upkeep
|turn|11
|inactive|BookofConke has 60 seconds left.
|
|t:|1713490857
|cant|p1a: Mach|frz
|move|p2a: Thundurus|Nasty Plot|p2a: Thundurus
|-boost|p2a: Thundurus|spa|2
|
|-weather|RainDance|[upkeep]
|-heal|p2a: Thundurus|76/100|[from] item: Leftovers
|upkeep
|turn|12
|inactive|BookofConke has 60 seconds left.
|
|t:|1713490877
|cant|p1a: Mach|frz
|move|p2a: Thundurus|Hidden Power|p1a: Mach
|-supereffective|p1a: Mach
|-damage|p1a: Mach|0 fnt
|faint|p1a: Mach
|
|-weather|RainDance|[upkeep]
|-heal|p2a: Thundurus|82/100|[from] item: Leftovers
|upkeep
|
|t:|1713490881
|switch|p1a: B-61|Latios, M|76/100
|-damage|p1a: B-61|64/100|[from] Stealth Rock
|turn|13
|inactive|BookofConke has 60 seconds left.
|inactive|BookofConke has 30 seconds left.
|
|t:|1713490924
|move|p1a: B-61|Draco Meteor|p2a: Thundurus
|-damage|p2a: Thundurus|0 fnt
|-unboost|p1a: B-61|spa|2
|faint|p2a: Thundurus
|
|-weather|RainDance|[upkeep]
|upkeep
|inactive|BookofConke has 30 seconds left.
|inactive|BookofConke has 20 seconds left.
|
|t:|1713490940
|switch|p2a: Keldeo|Keldeo-Resolute|94/100
|-damage|p2a: Keldeo|88/100|[from] Stealth Rock
|turn|14
|inactive|BookofConke has 30 seconds left this turn.
|
|t:|1713490944
|switch|p1a: Edward|Scizor, M|100/100
|-damage|p1a: Edward|88/100|[from] Stealth Rock
|move|p2a: Keldeo|Hydro Pump|p1a: Edward
|-damage|p1a: Edward|0 fnt
|faint|p1a: Edward
|
|-weather|RainDance|[upkeep]
|upkeep
|
|t:|1713490946
|switch|p1a: B-61|Latios, M|64/100
|-damage|p1a: B-61|51/100|[from] Stealth Rock
|turn|15
|inactive|BookofConke has 30 seconds left.
|
|t:|1713490966
|move|p1a: B-61|Draco Meteor|p2a: Keldeo
|-damage|p2a: Keldeo|5/100
|-unboost|p1a: B-61|spa|2
|move|p2a: Keldeo|Hydro Pump|p1a: B-61
|-resisted|p1a: B-61
|-crit|p1a: B-61
|-damage|p1a: B-61|0 fnt
|faint|p1a: B-61
|
|-weather|RainDance|[upkeep]
|upkeep
|
|t:|1713490971
|switch|p1a: Gorilla Grip|Magnezone|100/100
|-damage|p1a: Gorilla Grip|94/100|[from] Stealth Rock
|-item|p1a: Gorilla Grip|Air Balloon
|turn|16
|
|t:|1713490978
|move|p2a: Keldeo|Hydro Pump|p1a: Gorilla Grip
|-damage|p1a: Gorilla Grip|0 fnt
|-enditem|p1a: Gorilla Grip|Air Balloon
|faint|p1a: Gorilla Grip
|
|win|BookofConke
|raw|Yokao893's rating: 1425 &rarr; <strong>1406</strong><br />(-19 for losing)
|raw|BookofConke's rating: 1449 &rarr; <strong>1468</strong><br />(+19 for winning)
