|j|☆Invisible Enemy
|j|☆Smurfer
|player|p1|Invisible Enemy|28
|player|p2|Smurfer|126
|teamsize|p1|6
|teamsize|p2|6
|gametype|singles
|gen|5
|tier|[Gen 5] OU
|rated|
|rule|Sleep Clause Mod: Limit one foe put to sleep
|rule|Species Clause: Limit one of each Pokémon
|rule|OHKO Clause: OHKO moves are banned
|rule|Moody Clause: Moody is banned
|rule|Evasion Moves Clause: Evasion moves are banned
|rule|Endless Battle Clause: Forcing endless battles is banned
|rule|HP Percentage Mod: HP is shown in percentages
|rule|Evasion Abilities Clause: Evasion abilities are banned
|rule|Baton Pass Clause: Limit one Baton Passer, can't pass Spe and other stats simultaneously
|rule|Swagger Clause: Swagger is banned
|clearpoke
|poke|p1|Ninetales, F|item
|poke|p1|Tentacruel, M|item
|poke|p1|Sableye, M|item
|poke|p1|Chansey, F|item
|poke|p1|Heatran, M|item
|poke|p1|Cresselia, F|item
|poke|p2|Staraptor, M|item
|poke|p2|Dragonite, M|item
|poke|p2|Excadrill, M|item
|poke|p2|Tornadus, M|item
|poke|p2|Kyurem-Black|item
|poke|p2|Jirachi|item
|teampreview
|
|start
|switch|p1a: Sableye|Sableye, M|100/100
|switch|p2a: the grand babido|Staraptor, M, shiny|100/100
|turn|1
|inactive|Battle timer is ON: inactive players will automatically lose when time's up. (requested by Invisible Enemy)
|c|☆Invisible Enemy|hf
|
|switch|p2a: Jirachi|Jirachi|100/100
|move|p1a: Sableye|Will-O-Wisp|p2a: Jirachi
|-status|p2a: Jirachi|brn
|
|-damage|p2a: Jirachi|88/100 brn|[from] brn
|upkeep
|turn|2
|
|move|p1a: Sableye|Taunt|p2a: Jirachi
|-start|p2a: Jirachi|move: Taunt
|cant|p2a: Jirachi|move: Taunt|Stealth Rock
|
|-damage|p2a: Jirachi|76/100 brn|[from] brn
|upkeep
|turn|3
|
|move|p2a: Jirachi|Thunder|p1a: Sableye
|-damage|p1a: Sableye|56/100
|-status|p1a: Sableye|par
|move|p1a: Sableye|Foul Play|p2a: Jirachi
|-damage|p2a: Jirachi|52/100 brn
|
|-heal|p1a: Sableye|62/100 par|[from] item: Leftovers
|-damage|p2a: Jirachi|39/100 brn|[from] brn
|upkeep
|turn|4
|
|move|p1a: Sableye|Recover|p1a: Sableye
|-heal|p1a: Sableye|100/100 par
|move|p2a: Jirachi|Thunder|p1a: Sableye|[miss]
|-miss|p2a: Jirachi|p1a: Sableye
|
|-damage|p2a: Jirachi|27/100 brn|[from] brn
|-end|p2a: Jirachi|move: Taunt
|upkeep
|turn|5
|
|move|p1a: Sableye|Taunt|p2a: Jirachi
|-start|p2a: Jirachi|move: Taunt
|cant|p2a: Jirachi|move: Taunt|Stealth Rock
|
|-damage|p2a: Jirachi|15/100 brn|[from] brn
|upkeep
|turn|6
|
|switch|p1a: Ninetales|Ninetales, F|100/100
|-weather|SunnyDay|[from] ability: Drought|[of] p1a: Ninetales
|move|p2a: Jirachi|Thunder|p1a: Ninetales|[miss]
|-miss|p2a: Jirachi|p1a: Ninetales
|
|-weather|SunnyDay|[upkeep]
|-damage|p2a: Jirachi|2/100 brn|[from] brn
|upkeep
|turn|7
|
|move|p1a: Ninetales|Protect|p1a: Ninetales
|-singleturn|p1a: Ninetales|Protect
|move|p2a: Jirachi|Thunder|p1a: Ninetales
|-activate|p1a: Ninetales|move: Protect
|
|-weather|SunnyDay|[upkeep]
|-damage|p2a: Jirachi|0 fnt|[from] brn
|upkeep
|faint|p2a: Jirachi
|
|switch|p2a: the grand babido|Staraptor, M, shiny|100/100
|turn|8
|
|switch|p1a: Heatran|Heatran, M|100/100
|move|p2a: the grand babido|Final Gambit|p1a: Heatran
|-damage|p1a: Heatran|14/100
|faint|p2a: the grand babido
|
|-weather|SunnyDay|[upkeep]
|-heal|p1a: Heatran|20/100|[from] item: Leftovers
|upkeep
|
|switch|p2a: Tornadus|Tornadus, M, shiny|100/100
|turn|9
|
|move|p2a: Tornadus|Acrobatics|p1a: Heatran
|-enditem|p2a: Tornadus|Flying Gem|[from] gem|[move] Acrobatics
|-resisted|p1a: Heatran
|-damage|p1a: Heatran|0 fnt
|faint|p1a: Heatran
|
|-weather|SunnyDay|[upkeep]
|upkeep
|
|switch|p1a: Chansey|Chansey, F|100/100
|turn|10
|
|move|p2a: Tornadus|Bulk Up|p2a: Tornadus
|-boost|p2a: Tornadus|atk|1
|-boost|p2a: Tornadus|def|1
|move|p1a: Chansey|Stealth Rock|p2a: Tornadus
|-sidestart|p2: Smurfer|move: Stealth Rock
|
|-weather|SunnyDay|[upkeep]
|upkeep
|turn|11
|
|switch|p1a: Tentacruel|Tentacruel, M|100/100
|move|p2a: Tornadus|Acrobatics|p1a: Tentacruel
|-damage|p1a: Tentacruel|35/100
|
|-weather|SunnyDay|[upkeep]
|-heal|p1a: Tentacruel|41/100|[from] item: Black Sludge
|upkeep
|turn|12
|
|move|p2a: Tornadus|Acrobatics|p1a: Tentacruel
|-damage|p1a: Tentacruel|0 fnt
|faint|p1a: Tentacruel
|
|-weather|SunnyDay|[upkeep]
|upkeep
|
|switch|p1a: Ninetales|Ninetales, F|100/100
|turn|13
|
|move|p2a: Tornadus|Acrobatics|p1a: Ninetales
|-damage|p1a: Ninetales|16/100
|move|p1a: Ninetales|Will-O-Wisp|p2a: Tornadus
|-status|p2a: Tornadus|brn
|
|-weather|SunnyDay|[upkeep]
|-heal|p1a: Ninetales|22/100|[from] item: Leftovers
|-damage|p2a: Tornadus|88/100 brn|[from] brn
|upkeep
|turn|14
|
|move|p1a: Ninetales|Protect|p1a: Ninetales
|-singleturn|p1a: Ninetales|Protect
|move|p2a: Tornadus|Acrobatics|p1a: Ninetales
|-activate|p1a: Ninetales|move: Protect
|
|-weather|SunnyDay|[upkeep]
|-heal|p1a: Ninetales|28/100|[from] item: Leftovers
|-damage|p2a: Tornadus|76/100 brn|[from] brn
|upkeep
|turn|15
|
|switch|p1a: Chansey|Chansey, F|100/100
|move|p2a: Tornadus|Acrobatics|p1a: Chansey
|-damage|p1a: Chansey|72/100
|
|-weather|SunnyDay|[upkeep]
|-damage|p2a: Tornadus|63/100 brn|[from] brn
|upkeep
|turn|16
|
|move|p2a: Tornadus|Bulk Up|p2a: Tornadus
|-boost|p2a: Tornadus|atk|1
|-boost|p2a: Tornadus|def|1
|move|p1a: Chansey|Heal Bell|p1a: Chansey
|-activate|p1a: Chansey|move: Heal Bell
|-curestatus|p1: Sableye|par|[msg]
|
|-weather|SunnyDay|[upkeep]
|-damage|p2a: Tornadus|51/100 brn|[from] brn
|upkeep
|turn|17
|
|move|p2a: Tornadus|Superpower|p1a: Chansey
|-supereffective|p1a: Chansey
|-damage|p1a: Chansey|20/100
|-unboost|p2a: Tornadus|atk|1
|-unboost|p2a: Tornadus|def|1
|move|p1a: Chansey|Soft-Boiled|p1a: Chansey
|-heal|p1a: Chansey|70/100
|
|-weather|SunnyDay|[upkeep]
|-damage|p2a: Tornadus|39/100 brn|[from] brn
|upkeep
|turn|18
|
|switch|p2a: Excadrill|Excadrill, M|100/100
|-damage|p2a: Excadrill|97/100|[from] Stealth Rock
|-item|p2a: Excadrill|Air Balloon
|move|p1a: Chansey|Soft-Boiled|p1a: Chansey
|-heal|p1a: Chansey|100/100
|
|-weather|SunnyDay|[upkeep]
|upkeep
|turn|19
|
|switch|p1a: Sableye|Sableye, M|100/100
|move|p2a: Excadrill|Swords Dance|p2a: Excadrill
|-boost|p2a: Excadrill|atk|2
|
|-weather|SunnyDay|[upkeep]
|upkeep
|turn|20
|
|move|p1a: Sableye|Will-O-Wisp|p2a: Excadrill
|-status|p2a: Excadrill|brn
|move|p2a: Excadrill|Earthquake|p1a: Sableye
|-damage|p1a: Sableye|28/100
|
|-weather|SunnyDay|[upkeep]
|-heal|p1a: Sableye|34/100|[from] item: Leftovers
|-damage|p2a: Excadrill|85/100 brn|[from] brn
|upkeep
|turn|21
|
|switch|p1a: Cresselia|Cresselia, F|100/100
|move|p2a: Excadrill|Swords Dance|p2a: Excadrill
|-boost|p2a: Excadrill|atk|2
|
|-weather|SunnyDay|[upkeep]
|-damage|p2a: Excadrill|73/100 brn|[from] brn
|upkeep
|turn|22
|
|switch|p1a: Sableye|Sableye, M|34/100
|move|p2a: Excadrill|Rapid Spin|p1a: Sableye
|-immune|p1a: Sableye|[msg]
|
|-weather|SunnyDay|[upkeep]
|-heal|p1a: Sableye|40/100|[from] item: Leftovers
|-damage|p2a: Excadrill|60/100 brn|[from] brn
|upkeep
|turn|23
|
|switch|p1a: Cresselia|Cresselia, F|100/100
|move|p2a: Excadrill|Iron Head|p1a: Cresselia
|-damage|p1a: Cresselia|61/100
|
|-weather|SunnyDay|[upkeep]
|-heal|p1a: Cresselia|67/100|[from] item: Leftovers
|-damage|p2a: Excadrill|48/100 brn|[from] brn
|upkeep
|turn|24
|
|switch|p1a: Sableye|Sableye, M|40/100
|move|p2a: Excadrill|Rapid Spin|p1a: Sableye
|-immune|p1a: Sableye|[msg]
|
|-weather|SunnyDay|[upkeep]
|-heal|p1a: Sableye|46/100|[from] item: Leftovers
|-damage|p2a: Excadrill|35/100 brn|[from] brn
|upkeep
|turn|25
|
|move|p1a: Sableye|Recover|p1a: Sableye
|-heal|p1a: Sableye|96/100
|move|p2a: Excadrill|Earthquake|p1a: Sableye
|-damage|p1a: Sableye|0 fnt
|faint|p1a: Sableye
|
|-weather|SunnyDay|[upkeep]
|-damage|p2a: Excadrill|23/100 brn|[from] brn
|upkeep
|
|switch|p1a: Ninetales|Ninetales, F|28/100
|turn|26
|
|move|p1a: Ninetales|Protect|p1a: Ninetales
|-singleturn|p1a: Ninetales|Protect
|move|p2a: Excadrill|Rapid Spin|p1a: Ninetales
|-activate|p1a: Ninetales|move: Protect
|
|-weather|SunnyDay|[upkeep]
|-heal|p1a: Ninetales|34/100|[from] item: Leftovers
|-damage|p2a: Excadrill|10/100 brn|[from] brn
|upkeep
|turn|27
|
|move|p1a: Ninetales|Protect|p1a: Ninetales
|-singleturn|p1a: Ninetales|Protect
|move|p2a: Excadrill|Rapid Spin|p1a: Ninetales
|-activate|p1a: Ninetales|move: Protect
|
|-weather|SunnyDay|[upkeep]
|-heal|p1a: Ninetales|40/100|[from] item: Leftovers
|-damage|p2a: Excadrill|0 fnt|[from] brn
|upkeep
|faint|p2a: Excadrill
|
|switch|p2a: Tornadus|Tornadus, M, shiny|39/100 brn
|-damage|p2a: Tornadus|14/100 brn|[from] Stealth Rock
|turn|28
|
|switch|p1a: Cresselia|Cresselia, F|67/100
|move|p2a: Tornadus|Tailwind|p2a: Tornadus
|-sidestart|p2: Smurfer|move: Tailwind
|
|-weather|SunnyDay|[upkeep]
|-heal|p1a: Cresselia|73/100|[from] item: Leftovers
|-damage|p2a: Tornadus|2/100 brn|[from] brn
|upkeep
|turn|29
|
|move|p2a: Tornadus|Acrobatics|p1a: Cresselia
|-damage|p1a: Cresselia|59/100
|move|p1a: Cresselia|Moonlight|p1a: Cresselia
|-heal|p1a: Cresselia|100/100
|
|-weather|SunnyDay|[upkeep]
|-damage|p2a: Tornadus|0 fnt|[from] brn
|upkeep
|faint|p2a: Tornadus
|
|switch|p2a: Kyurem|Kyurem-Black, shiny|100/100
|-damage|p2a: Kyurem|76/100|[from] Stealth Rock
|-ability|p2a: Kyurem|Teravolt
|turn|30
|
|move|p2a: Kyurem|Outrage|p1a: Cresselia
|-damage|p1a: Cresselia|30/100
|move|p1a: Cresselia|Moonlight|p1a: Cresselia
|-heal|p1a: Cresselia|97/100
|
|-weather|SunnyDay|[upkeep]
|-heal|p1a: Cresselia|100/100|[from] item: Leftovers
|upkeep
|turn|31
|
|move|p2a: Kyurem|Outrage|p1a: Cresselia|[from]lockedmove
|-damage|p1a: Cresselia|32/100
|move|p1a: Cresselia|Moonlight|p1a: Cresselia
|-heal|p1a: Cresselia|98/100
|
|-weather|SunnyDay|[upkeep]
|-heal|p1a: Cresselia|100/100|[from] item: Leftovers
|-sideend|p2: Smurfer|move: Tailwind
|upkeep
|turn|32
|
|move|p2a: Kyurem|Outrage|p1a: Cresselia|[from]lockedmove
|-damage|p1a: Cresselia|34/100
|-start|p2a: Kyurem|confusion|[fatigue]
|move|p1a: Cresselia|Moonlight|p1a: Cresselia
|-heal|p1a: Cresselia|99/100
|
|-weather|SunnyDay|[upkeep]
|-heal|p1a: Cresselia|100/100|[from] item: Leftovers
|upkeep
|turn|33
|
|-activate|p2a: Kyurem|confusion
|-damage|p2a: Kyurem|51/100|[from] confusion
|move|p1a: Cresselia|Moonlight|p1a: Cresselia
|-fail|p1a: Cresselia
|
|-weather|SunnyDay|[upkeep]
|upkeep
|turn|34
|
|-end|p2a: Kyurem|confusion
|move|p2a: Kyurem|Outrage|p1a: Cresselia
|-damage|p1a: Cresselia|30/100
|move|p1a: Cresselia|Moonlight|p1a: Cresselia
|-heal|p1a: Cresselia|97/100
|
|-weather|SunnyDay|[upkeep]
|-heal|p1a: Cresselia|100/100|[from] item: Leftovers
|upkeep
|turn|35
|
|move|p2a: Kyurem|Outrage|p1a: Cresselia|[from]lockedmove
|-damage|p1a: Cresselia|37/100
|move|p1a: Cresselia|Moonlight|p1a: Cresselia
|-heal|p1a: Cresselia|100/100
|
|-weather|SunnyDay|[upkeep]
|upkeep
|turn|36
|
|move|p2a: Kyurem|Outrage|p1a: Cresselia|[from]lockedmove
|-damage|p1a: Cresselia|32/100
|-start|p2a: Kyurem|confusion|[fatigue]
|move|p1a: Cresselia|Moonlight|p1a: Cresselia
|-heal|p1a: Cresselia|98/100
|
|-weather|SunnyDay|[upkeep]
|-heal|p1a: Cresselia|100/100|[from] item: Leftovers
|upkeep
|turn|37
|
|switch|p1a: Chansey|Chansey, F|100/100
|-activate|p2a: Kyurem|confusion
|move|p2a: Kyurem|Outrage|p1a: Chansey
|-damage|p1a: Chansey|13/100
|
|-weather|SunnyDay|[upkeep]
|upkeep
|turn|38
|
|-activate|p2a: Kyurem|confusion
|-damage|p2a: Kyurem|28/100|[from] confusion
|move|p1a: Chansey|Seismic Toss|p2a: Kyurem
|-damage|p2a: Kyurem|2/100
|
|-weather|SunnyDay|[upkeep]
|upkeep
|turn|39
|
|-activate|p2a: Kyurem|confusion
|-damage|p2a: Kyurem|0 fnt|[from] confusion
|faint|p2a: Kyurem
|move|p1a: Chansey|Seismic Toss|p2: Kyurem|[notarget]
|-notarget
|
|-weather|SunnyDay|[upkeep]
|upkeep
|
|switch|p2a: Dragonite|Dragonite, M, shiny|100/100
|-damage|p2a: Dragonite|76/100|[from] Stealth Rock
|turn|40
|
|switch|p1a: Cresselia|Cresselia, F|100/100
|move|p2a: Dragonite|Earthquake|p1a: Cresselia
|-immune|p1a: Cresselia|[msg]|[from] ability: Levitate
|
|-weather|SunnyDay|[upkeep]
|upkeep
|turn|41
|
|move|p2a: Dragonite|Draco Meteor|p1a: Cresselia
|-enditem|p2a: Dragonite|Dragon Gem|[from] gem|[move] Draco Meteor
|-damage|p1a: Cresselia|37/100
|-unboost|p2a: Dragonite|spa|2
|move|p1a: Cresselia|Ice Beam|p2a: Dragonite
|-supereffective|p2a: Dragonite
|-damage|p2a: Dragonite|0 fnt
|faint|p2a: Dragonite
|
|win|Invisible Enemy
|raw|Invisible Enemy's rating: 1429 &rarr; <strong>1449</strong><br />(+20 for winning)
|raw|Smurfer's rating: 1431 &rarr; <strong>1411</strong><br />(-20 for losing)
|l|☆Smurfer
