|badge|p2|bronze|gen9ou|100-4
|uhtml|medal-msg|<div class="broadcast-blue">Curious what those medals under the avatar are? PS now has Ladder Seasons! For more information, check out the <a href="https://www.smogon.com/forums/threads/3740067/">thread on Smogon.</a></div>
|j|☆daddy_days
|j|☆Stads
|t:|1736466806
|gametype|singles
|player|p1|daddy_days|hugh|1351
|player|p2|Stads|rosa|1521
|teamsize|p1|6
|teamsize|p2|6
|gen|5
|tier|[Gen 5] OU
|rated|
|rule|Species Clause: Limit one of each Pokémon
|rule|OHKO Clause: OHKO moves are banned
|rule|Moody Clause: Moody is banned
|rule|Evasion Items Clause: Evasion items are banned
|rule|Evasion Moves Clause: Evasion moves are banned
|rule|Endless Battle Clause: Forcing endless battles is banned
|rule|HP Percentage Mod: HP is shown in percentages
|rule|Evasion Abilities Clause: Evasion abilities are banned
|rule|Sleep Moves Clause: Sleep-inducing moves are banned
|rule|Swagger Clause: Swagger is banned
|rule|Baton Pass Stat Clause: No Baton Passer may have a way to boost its stats
|clearpoke
|poke|p1|Scyther, M|item
|poke|p1|Alakazam, F|item
|poke|p1|Starmie|item
|poke|p1|Garchomp, F|item
|poke|p1|Kyurem-Black|item
|poke|p1|Gyarados, F|item
|poke|p2|Politoed, M|item
|poke|p2|Ferrothorn, F|item
|poke|p2|Tentacruel, M|item
|poke|p2|Jirachi|item
|poke|p2|Thundurus-Therian, M|item
|poke|p2|Latios, M|item
|teampreview
|
|t:|1736466813
|start
|switch|p1a: Delete Button|Kyurem-Black|100/100
|switch|p2a: Politoed|Politoed, M|100/100
|-weather|RainDance|[from] ability: Drizzle|[of] p2a: Politoed
|-ability|p1a: Delete Button|Teravolt
|turn|1
|
|t:|1736466835
|move|p2a: Politoed|Hydro Pump|p1a: Delete Button
|-resisted|p1a: Delete Button
|-crit|p1a: Delete Button
|-damage|p1a: Delete Button|18/100
|move|p1a: Delete Button|Outrage|p2a: Politoed
|-damage|p2a: Politoed|0 fnt
|faint|p2a: Politoed
|
|-weather|RainDance|[upkeep]
|upkeep
|
|t:|1736466844
|switch|p2a: Latios|Latios, M|100/100
|turn|2
|
|t:|1736466848
|move|p2a: Latios|Surf|p1a: Delete Button
|-resisted|p1a: Delete Button
|-damage|p1a: Delete Button|0 fnt
|faint|p1a: Delete Button
|
|-weather|RainDance|[upkeep]
|upkeep
|
|t:|1736466856
|switch|p1a: Blade|Scyther, M|100/100
|turn|3
|inactive|Battle timer is ON: inactive players will automatically lose when time's up. (requested by daddy_days)
|inactive|Stads has 120 seconds left.
|
|t:|1736466924
|-activate|p2a: Latios|move: Pursuit
|move|p1a: Blade|Pursuit|p2a: Latios|[from]Pursuit
|-supereffective|p2a: Latios
|-damage|p2a: Latios|23/100
|switch|p2a: Tentacruel|Tentacruel, M|100/100
|
|-weather|RainDance|[upkeep]
|upkeep
|turn|4
|
|t:|1736466944
|switch|p1a: Gyarados|Gyarados, F|100/100
|-ability|p1a: Gyarados|Intimidate|boost
|-unboost|p2a: Tentacruel|atk|1
|move|p2a: Tentacruel|Scald|p1a: Gyarados
|-resisted|p1a: Gyarados
|-damage|p1a: Gyarados|84/100
|
|-weather|RainDance|[upkeep]
|upkeep
|turn|5
|
|t:|1736466954
|move|p2a: Tentacruel|Toxic|p1a: Gyarados
|-status|p1a: Gyarados|tox
|-enditem|p1a: Gyarados|Lum Berry|[eat]
|-curestatus|p1a: Gyarados|tox|[msg]
|move|p1a: Gyarados|Dragon Dance|p1a: Gyarados
|-boost|p1a: Gyarados|atk|1
|-boost|p1a: Gyarados|spe|1
|
|-weather|RainDance|[upkeep]
|upkeep
|turn|6
|
|t:|1736466974
|move|p1a: Gyarados|Waterfall|p2a: Tentacruel
|-resisted|p2a: Tentacruel
|-damage|p2a: Tentacruel|33/100
|cant|p2a: Tentacruel|flinch
|
|-weather|RainDance|[upkeep]
|-heal|p2a: Tentacruel|40/100|[from] ability: Rain Dish
|-heal|p2a: Tentacruel|46/100|[from] item: Black Sludge
|upkeep
|turn|7
|
|t:|1736466985
|move|p1a: Gyarados|Earthquake|p2a: Tentacruel
|-supereffective|p2a: Tentacruel
|-damage|p2a: Tentacruel|0 fnt
|faint|p2a: Tentacruel
|
|-weather|RainDance|[upkeep]
|upkeep
|
|t:|1736466987
|switch|p2a: Ferrothorn|Ferrothorn, F|100/100
|turn|8
|
|t:|1736466997
|move|p1a: Gyarados|Earthquake|p2a: Ferrothorn
|-damage|p2a: Ferrothorn|63/100
|move|p2a: Ferrothorn|Power Whip|p1a: Gyarados
|-damage|p1a: Gyarados|15/100
|
|-weather|RainDance|[upkeep]
|upkeep
|turn|9
|
|t:|1736467006
|move|p1a: Gyarados|Earthquake|p2a: Ferrothorn
|-damage|p2a: Ferrothorn|20/100
|move|p2a: Ferrothorn|Gyro Ball|p1a: Gyarados
|-resisted|p1a: Gyarados
|-damage|p1a: Gyarados|0 fnt
|faint|p1a: Gyarados
|
|-weather|RainDance|[upkeep]
|upkeep
|
|t:|1736467018
|switch|p1a: Pain|Garchomp, F|100/100
|turn|10
|
|t:|1736467022
|move|p1a: Pain|Stealth Rock|p2a: Ferrothorn
|-sidestart|p2: Stads|move: Stealth Rock
|move|p2a: Ferrothorn|Gyro Ball|p1a: Pain
|-damage|p1a: Pain|60/100
|-damage|p2a: Ferrothorn|8/100|[from] ability: Rough Skin|[of] p1a: Pain
|-damage|p2a: Ferrothorn|0 fnt|[from] item: Rocky Helmet|[of] p1a: Pain
|faint|p2a: Ferrothorn
|
|-weather|RainDance|[upkeep]
|upkeep
|
|t:|1736467029
|switch|p2a: Thundurus|Thundurus-Therian, M|100/100
|-damage|p2a: Thundurus|76/100|[from] Stealth Rock
|turn|11
|
|t:|1736467044
|move|p2a: Thundurus|Agility|p2a: Thundurus
|-boost|p2a: Thundurus|spe|2
|move|p1a: Pain|Dragon Tail|p2a: Thundurus
|-crit|p2a: Thundurus
|-damage|p2a: Thundurus|0 fnt
|faint|p2a: Thundurus
|
|-weather|RainDance|[upkeep]
|upkeep
|
|t:|1736467047
|switch|p2a: Latios|Latios, M|23/100
|-damage|p2a: Latios|11/100|[from] Stealth Rock
|turn|12
|
|t:|1736467070
|move|p1a: Pain|Endure|p1a: Pain
|-singleturn|p1a: Pain|move: Endure
|move|p2a: Latios|Draco Meteor|p1a: Pain
|-supereffective|p1a: Pain
|-activate|p1a: Pain|move: Endure
|-damage|p1a: Pain|1/100
|-unboost|p2a: Latios|spa|2
|
|-weather|RainDance|[upkeep]
|upkeep
|turn|13
|
|t:|1736467080
|move|p2a: Latios|Surf|p1a: Pain
|-crit|p1a: Pain
|-damage|p1a: Pain|0 fnt
|faint|p1a: Pain
|
|-weather|RainDance|[upkeep]
|upkeep
|
|t:|1736467088
|switch|p1a: Blade|Scyther, M|100/100
|turn|14
|
|t:|1736467091
|move|p1a: Blade|U-turn|p2a: Latios
|-supereffective|p2a: Latios
|-damage|p2a: Latios|0 fnt
|faint|p2a: Latios
|
|t:|1736467099
|switch|p1a: Starmie|Starmie|100/100|[from] U-turn
|
|-weather|RainDance|[upkeep]
|upkeep
|
|t:|1736467101
|switch|p2a: Jirachi|Jirachi|100/100
|-damage|p2a: Jirachi|94/100|[from] Stealth Rock
|turn|15
|
|t:|1736467108
|move|p1a: Starmie|Thunder Wave|p2a: Jirachi
|-status|p2a: Jirachi|par
|cant|p2a: Jirachi|par
|
|-weather|RainDance|[upkeep]
|-heal|p2a: Jirachi|100/100 par|[from] item: Leftovers
|upkeep
|turn|16
|
|t:|1736467117
|move|p1a: Starmie|Thunderbolt|p2a: Jirachi
|-damage|p2a: Jirachi|82/100 par
|move|p2a: Jirachi|Calm Mind|p2a: Jirachi
|-boost|p2a: Jirachi|spa|1
|-boost|p2a: Jirachi|spd|1
|
|-weather|RainDance|[upkeep]
|-heal|p2a: Jirachi|88/100 par|[from] item: Leftovers
|upkeep
|turn|17
|
|t:|1736467126
|switch|p1a: Alakazam|Alakazam, F|100/100
|move|p2a: Jirachi|Calm Mind|p2a: Jirachi
|-boost|p2a: Jirachi|spa|1
|-boost|p2a: Jirachi|spd|1
|
|-weather|RainDance|[upkeep]
|-heal|p2a: Jirachi|94/100 par|[from] item: Leftovers
|upkeep
|turn|18
|
|t:|1736467135
|move|p1a: Alakazam|Encore|p2a: Jirachi
|-start|p2a: Jirachi|Encore
|move|p2a: Jirachi|Calm Mind|p2a: Jirachi
|-boost|p2a: Jirachi|spa|1
|-boost|p2a: Jirachi|spd|1
|
|-weather|RainDance|[upkeep]
|-heal|p2a: Jirachi|100/100 par|[from] item: Leftovers
|upkeep
|turn|19
|
|t:|1736467144
|switch|p1a: Blade|Scyther, M|100/100
|move|p2a: Jirachi|Calm Mind|p2a: Jirachi
|-boost|p2a: Jirachi|spa|1
|-boost|p2a: Jirachi|spd|1
|
|-weather|RainDance|[upkeep]
|upkeep
|turn|20
|
|t:|1736467152
|move|p1a: Blade|U-turn|p2a: Jirachi
|-damage|p2a: Jirachi|74/100 par
|
|t:|1736467155
|switch|p1a: Alakazam|Alakazam, F|100/100|[from] U-turn
|cant|p2a: Jirachi|par
|
|-weather|RainDance|[upkeep]
|-heal|p2a: Jirachi|80/100 par|[from] item: Leftovers
|-end|p2a: Jirachi|Encore
|upkeep
|turn|21
|
|t:|1736467165
|move|p1a: Alakazam|Encore|p2a: Jirachi
|-start|p2a: Jirachi|Encore
|move|p2a: Jirachi|Calm Mind|p2a: Jirachi
|-boost|p2a: Jirachi|spa|1
|-boost|p2a: Jirachi|spd|1
|
|-weather|RainDance|[upkeep]
|-heal|p2a: Jirachi|86/100 par|[from] item: Leftovers
|upkeep
|turn|22
|
|t:|1736467174
|switch|p1a: Blade|Scyther, M|100/100
|cant|p2a: Jirachi|par
|
|-weather|RainDance|[upkeep]
|-heal|p2a: Jirachi|92/100 par|[from] item: Leftovers
|upkeep
|turn|23
|
|t:|1736467183
|move|p1a: Blade|U-turn|p2a: Jirachi
|-damage|p2a: Jirachi|64/100 par
|
|t:|1736467185
|switch|p1a: Alakazam|Alakazam, F|100/100|[from] U-turn
|cant|p2a: Jirachi|par
|
|-weather|RainDance|[upkeep]
|-heal|p2a: Jirachi|70/100 par|[from] item: Leftovers
|-end|p2a: Jirachi|Encore
|upkeep
|turn|24
|
|t:|1736467196
|move|p1a: Alakazam|Encore|p2a: Jirachi
|-start|p2a: Jirachi|Encore
|cant|p2a: Jirachi|par
|
|-weather|RainDance|[upkeep]
|-heal|p2a: Jirachi|76/100 par|[from] item: Leftovers
|upkeep
|turn|25
|
|t:|1736467204
|switch|p1a: Blade|Scyther, M|100/100
|cant|p2a: Jirachi|par
|
|-weather|RainDance|[upkeep]
|-heal|p2a: Jirachi|82/100 par|[from] item: Leftovers
|upkeep
|turn|26
|
|t:|1736467213
|move|p1a: Blade|U-turn|p2a: Jirachi
|-damage|p2a: Jirachi|53/100 par
|
|t:|1736467221
|switch|p1a: Alakazam|Alakazam, F|100/100|[from] U-turn
|move|p2a: Jirachi|Calm Mind|p2a: Jirachi
|-boost|p2a: Jirachi|spa|1
|-boost|p2a: Jirachi|spd|1
|
|-weather|RainDance|[upkeep]
|-heal|p2a: Jirachi|60/100 par|[from] item: Leftovers
|-end|p2a: Jirachi|Encore
|upkeep
|turn|27
|
|t:|1736467232
|move|p1a: Alakazam|Encore|p2a: Jirachi
|-start|p2a: Jirachi|Encore
|cant|p2a: Jirachi|par
|
|-weather|RainDance|[upkeep]
|-heal|p2a: Jirachi|66/100 par|[from] item: Leftovers
|upkeep
|turn|28
|
|t:|1736467240
|switch|p1a: Blade|Scyther, M|100/100
|move|p2a: Jirachi|Calm Mind|p2a: Jirachi
|-boost|p2a: Jirachi|spa|0
|-boost|p2a: Jirachi|spd|0
|
|-weather|RainDance|[upkeep]
|-heal|p2a: Jirachi|72/100 par|[from] item: Leftovers
|upkeep
|turn|29
|
|t:|1736467250
|move|p1a: Blade|U-turn|p2a: Jirachi
|-damage|p2a: Jirachi|42/100 par
|
|t:|1736467253
|switch|p1a: Alakazam|Alakazam, F|100/100|[from] U-turn
|move|p2a: Jirachi|Calm Mind|p2a: Jirachi
|-boost|p2a: Jirachi|spa|0
|-boost|p2a: Jirachi|spd|0
|
|-weather|RainDance|[upkeep]
|-heal|p2a: Jirachi|49/100 par|[from] item: Leftovers
|-end|p2a: Jirachi|Encore
|upkeep
|turn|30
|-message|Stads forfeited.
|
|win|daddy_days
|raw|daddy_days's rating: 1351 &rarr; <strong>1380</strong><br />(+29 for winning)
|raw|Stads's rating: 1521 &rarr; <strong>1492</strong><br />(-29 for losing)
|l|☆Stads
|player|p2|
