|j|☆cinema staff fan
|j|☆daddy_days2
|t:|1741783401
|gametype|singles
|player|p1|cinema staff fan|266|1356
|player|p2|daddy_days2|benga|1367
|teamsize|p1|6
|teamsize|p2|6
|gen|5
|tier|[Gen 5] OU
|rated|
|rule|Species Clause: Limit one of each Pokémon
|rule|OHKO Clause: OHKO moves are banned
|rule|Moody Clause: Moody is banned
|rule|Evasion Items Clause: Evasion items are banned
|rule|Evasion Moves Clause: Evasion moves are banned
|rule|Endless Battle Clause: Forcing endless battles is banned
|rule|HP Percentage Mod: HP is shown in percentages
|rule|Evasion Abilities Clause: Evasion abilities are banned
|rule|Sleep Moves Clause: Sleep-inducing moves are banned
|rule|Swagger Clause: Swagger is banned
|rule|Baton Pass Stat Clause: No Baton Passer may have a way to boost its stats
|clearpoke
|poke|p1|Keldeo|item
|poke|p1|Politoed, F|item
|poke|p1|Excadrill, M|item
|poke|p1|Conkeldurr, F|item
|poke|p1|Toxicroak, M|item
|poke|p1|Alakazam, M|item
|poke|p2|Kyurem-Black|item
|poke|p2|Garchomp, M|item
|poke|p2|Conkeldurr, F|item
|poke|p2|Starmie|item
|poke|p2|Bisharp, M|item
|poke|p2|Scyther, M|item
|teampreview
|
|t:|1741783412
|start
|switch|p1a: Conkeldurr|Conkeldurr, F|100/100
|switch|p2a: Insane Dwayne|Kyurem-Black|100/100
|-ability|p2a: Insane Dwayne|Teravolt
|turn|1
|inactive|Battle timer is ON: inactive players will automatically lose when time's up. (requested by cinema staff fan)
|
|t:|1741783431
|move|p2a: Insane Dwayne|Outrage|p1a: Conkeldurr
|-damage|p1a: Conkeldurr|0 fnt
|faint|p1a: Conkeldurr
|
|upkeep
|
|t:|1741783435
|switch|p1a: Keldeo|Keldeo|100/100
|turn|2
|
|t:|1741783438
|move|p1a: Keldeo|Secret Sword|p2a: Insane Dwayne
|-supereffective|p2a: Insane Dwayne
|-damage|p2a: Insane Dwayne|0 fnt
|faint|p2a: Insane Dwayne
|
|upkeep
|
|t:|1741783454
|switch|p2a: Blade|Scyther, M|100/100
|turn|3
|
|t:|1741783457
|switch|p1a: Excadrill|Excadrill, M|100/100
|-ability|p1a: Excadrill|Mold Breaker
|move|p2a: Blade|Aerial Ace|p1a: Excadrill
|-resisted|p1a: Excadrill
|-damage|p1a: Excadrill|71/100
|
|-heal|p1a: Excadrill|78/100|[from] item: Leftovers
|upkeep
|turn|4
|
|t:|1741783467
|switch|p2a: Painkiller|Garchomp, M|100/100
|move|p1a: Excadrill|Stealth Rock|p2a: Painkiller
|-sidestart|p2: daddy_days2|move: Stealth Rock
|
|-heal|p1a: Excadrill|84/100|[from] item: Leftovers
|upkeep
|turn|5
|
|t:|1741783475
|switch|p1a: Toxicroak|Toxicroak, M|100/100
|-item|p1a: Toxicroak|Air Balloon
|move|p2a: Painkiller|Stealth Rock|p1a: Toxicroak
|-sidestart|p1: cinema staff fan|move: Stealth Rock
|
|upkeep
|turn|6
|
|t:|1741783483
|move|p1a: Toxicroak|Ice Punch|p2a: Painkiller
|-supereffective|p2a: Painkiller
|-damage|p2a: Painkiller|43/100
|-damage|p1a: Toxicroak|88/100|[from] ability: Rough Skin|[of] p2a: Painkiller
|-damage|p1a: Toxicroak|72/100|[from] item: Rocky Helmet|[of] p2a: Painkiller
|move|p2a: Painkiller|Dragon Tail|p1a: Toxicroak
|-damage|p1a: Toxicroak|33/100
|-enditem|p1a: Toxicroak|Air Balloon
|drag|p1a: Keldeo|Keldeo|100/100
|-damage|p1a: Keldeo|94/100|[from] Stealth Rock
|
|upkeep
|turn|7
|j| SireSatire
|
|t:|1741783497
|switch|p2a: Starlight|Starmie|100/100
|-damage|p2a: Starlight|88/100|[from] Stealth Rock
|move|p1a: Keldeo|Scald|p2a: Starlight
|-resisted|p2a: Starlight
|-damage|p2a: Starlight|53/100
|
|-heal|p2a: Starlight|59/100|[from] item: Leftovers
|upkeep
|turn|8
|
|t:|1741783507
|switch|p1a: Excadrill|Excadrill, M|84/100
|-damage|p1a: Excadrill|81/100|[from] Stealth Rock
|-ability|p1a: Excadrill|Mold Breaker
|move|p2a: Starlight|Rapid Spin|p1a: Excadrill
|-resisted|p1a: Excadrill
|-damage|p1a: Excadrill|79/100
|-sideend|p2: daddy_days2|Stealth Rock|[from] move: Rapid Spin|[of] p2a: Starlight
|
|-heal|p2a: Starlight|65/100|[from] item: Leftovers
|-heal|p1a: Excadrill|85/100|[from] item: Leftovers
|upkeep
|turn|9
|
|t:|1741783520
|move|p2a: Starlight|Hydro Pump|p1a: Excadrill
|-supereffective|p1a: Excadrill
|-damage|p1a: Excadrill|23/100
|move|p1a: Excadrill|Stealth Rock|p2a: Starlight
|-sidestart|p2: daddy_days2|move: Stealth Rock
|
|-heal|p2a: Starlight|71/100|[from] item: Leftovers
|-heal|p1a: Excadrill|29/100|[from] item: Leftovers
|upkeep
|turn|10
|
|t:|1741783529
|switch|p1a: Toxicroak|Toxicroak, M|33/100
|-damage|p1a: Toxicroak|27/100|[from] Stealth Rock
|move|p2a: Starlight|Rapid Spin|p1a: Toxicroak
|-damage|p1a: Toxicroak|22/100
|-sideend|p2: daddy_days2|Stealth Rock|[from] move: Rapid Spin|[of] p2a: Starlight
|
|-heal|p2a: Starlight|78/100|[from] item: Leftovers
|upkeep
|turn|11
|
|t:|1741783541
|move|p2a: Starlight|Psyshock|p1a: Toxicroak
|-supereffective|p1a: Toxicroak
|-crit|p1a: Toxicroak
|-damage|p1a: Toxicroak|0 fnt
|faint|p1a: Toxicroak
|
|-heal|p2a: Starlight|84/100|[from] item: Leftovers
|upkeep
|
|t:|1741783550
|switch|p1a: Alakazam|Alakazam, M|100/100
|turn|12
|
|t:|1741783556
|move|p1a: Alakazam|Shadow Ball|p2a: Starlight
|-supereffective|p2a: Starlight
|-damage|p2a: Starlight|15/100
|move|p2a: Starlight|Psyshock|p1a: Alakazam
|-resisted|p1a: Alakazam
|-damage|p1a: Alakazam|63/100
|
|-heal|p2a: Starlight|21/100|[from] item: Leftovers
|upkeep
|turn|13
|
|t:|1741783567
|switch|p2a: Adolf|Bisharp, M|100/100
|-item|p2a: Adolf|Air Balloon
|move|p1a: Alakazam|Focus Blast|p2a: Adolf
|-supereffective|p2a: Adolf
|-damage|p2a: Adolf|0 fnt
|-enditem|p2a: Adolf|Air Balloon
|faint|p2a: Adolf
|
|upkeep
|
|t:|1741783589
|switch|p2a: Blade|Scyther, M|100/100
|turn|14
|
|t:|1741783598
|switch|p1a: Politoed|Politoed, F|100/100
|-damage|p1a: Politoed|88/100|[from] Stealth Rock
|-weather|RainDance|[from] ability: Drizzle|[of] p1a: Politoed
|move|p2a: Blade|Aerial Ace|p1a: Politoed
|-damage|p1a: Politoed|28/100
|
|-weather|RainDance|[upkeep]
|upkeep
|turn|15
|
|t:|1741783607
|move|p2a: Blade|Aerial Ace|p1a: Politoed
|-damage|p1a: Politoed|0 fnt
|faint|p1a: Politoed
|
|-weather|RainDance|[upkeep]
|upkeep
|
|t:|1741783610
|switch|p1a: Excadrill|Excadrill, M|29/100
|-damage|p1a: Excadrill|26/100|[from] Stealth Rock
|-ability|p1a: Excadrill|Mold Breaker
|turn|16
|
|t:|1741783624
|move|p2a: Blade|Aerial Ace|p1a: Excadrill
|-resisted|p1a: Excadrill
|-damage|p1a: Excadrill|0 fnt
|faint|p1a: Excadrill
|
|-weather|RainDance|[upkeep]
|upkeep
|
|t:|1741783633
|switch|p1a: Keldeo|Keldeo|94/100
|-damage|p1a: Keldeo|88/100|[from] Stealth Rock
|turn|17
|
|t:|1741783638
|move|p2a: Blade|Aerial Ace|p1a: Keldeo
|-supereffective|p1a: Keldeo
|-crit|p1a: Keldeo
|-damage|p1a: Keldeo|0 fnt
|faint|p1a: Keldeo
|
|-weather|RainDance|[upkeep]
|upkeep
|
|t:|1741783640
|switch|p1a: Alakazam|Alakazam, M|63/100
|turn|18
|c|☆daddy_days2|crit didnt matter
|
|t:|1741783653
|move|p2a: Blade|Aerial Ace|p1a: Alakazam
|-damage|p1a: Alakazam|0 fnt
|faint|p1a: Alakazam
|
|win|daddy_days2
|raw|cinema staff fan's rating: 1356 &rarr; <strong>1337</strong><br />(-19 for losing)
|raw|daddy_days2's rating: 1367 &rarr; <strong>1386</strong><br />(+19 for winning)
|c|☆cinema staff fan|ik
|c|☆daddy_days2|gg
