|j|☆SpinoRaptor2023
|j|☆killerfishsandiego
|t:|1730833891
|gametype|singles
|player|p1|SpinoRaptor2023|lucas|1353
|player|p2|killerfishsandiego|1|1427
|teamsize|p1|6
|teamsize|p2|6
|gen|5
|tier|[Gen 5] OU
|rated|
|rule|Species Clause: Limit one of each Pokémon
|rule|OHKO Clause: OHKO moves are banned
|rule|Moody Clause: Moody is banned
|rule|Evasion Items Clause: Evasion items are banned
|rule|Evasion Moves Clause: Evasion moves are banned
|rule|Endless Battle Clause: Forcing endless battles is banned
|rule|HP Percentage Mod: HP is shown in percentages
|rule|Evasion Abilities Clause: Evasion abilities are banned
|rule|Sleep Moves Clause: Sleep-inducing moves are banned
|rule|Swagger Clause: Swagger is banned
|rule|Baton Pass Stat Clause: No Baton Passer may have a way to boost its stats
|clearpoke
|poke|p1|Alakazam, M|item
|poke|p1|Skarmory, F|item
|poke|p1|Tyranitar, F|item
|poke|p1|Mamoswine, M|item
|poke|p1|Jellicent, M|item
|poke|p1|Excadrill, F|item
|poke|p2|Gliscor, F|item
|poke|p2|Starmie|item
|poke|p2|Blissey, F|item
|poke|p2|Quagsire, F|item
|poke|p2|Tyranitar, F|item
|poke|p2|Skarmory, F|item
|teampreview
|inactive|Battle timer is ON: inactive players will automatically lose when time's up. (requested by SpinoRaptor2023)
|
|t:|1730833898
|start
|switch|p1a: Skarmory|Skarmory, F|100/100
|switch|p2a: Gliscor|Gliscor, F|100/100
|turn|1
|
|t:|1730833904
|move|p2a: Gliscor|Stealth Rock|p1a: Skarmory
|-sidestart|p1: SpinoRaptor2023|move: Stealth Rock
|move|p1a: Skarmory|Stealth Rock|p2a: Gliscor
|-sidestart|p2: killerfishsandiego|move: Stealth Rock
|
|-status|p2a: Gliscor|tox|[from] item: Toxic Orb
|upkeep
|turn|2
|
|t:|1730833912
|switch|p2a: Starmie|Starmie|100/100
|-damage|p2a: Starmie|88/100|[from] Stealth Rock
|move|p1a: Skarmory|Spikes|p2a: Starmie
|-sidestart|p2: killerfishsandiego|Spikes
|
|-heal|p2a: Starmie|94/100|[from] item: Leftovers
|upkeep
|turn|3
|
|t:|1730833919
|move|p2a: Starmie|Reflect Type|p1a: Skarmory
|-start|p2a: Starmie|typechange|[from] move: Reflect Type|[of] p1a: Skarmory
|move|p1a: Skarmory|Brave Bird|p2a: Starmie
|-resisted|p2a: Starmie
|-damage|p2a: Starmie|69/100
|-damage|p1a: Skarmory|91/100|[from] Recoil
|
|-heal|p2a: Starmie|75/100|[from] item: Leftovers
|upkeep
|turn|4
|
|t:|1730833924
|move|p2a: Starmie|Rapid Spin|p1a: Skarmory
|-resisted|p1a: Skarmory
|-damage|p1a: Skarmory|89/100
|-sideend|p2: killerfishsandiego|Spikes|[from] move: Rapid Spin|[of] p2a: Starmie
|-sideend|p2: killerfishsandiego|Stealth Rock|[from] move: Rapid Spin|[of] p2a: Starmie
|move|p1a: Skarmory|Spikes|p2a: Starmie
|-sidestart|p2: killerfishsandiego|Spikes
|
|-heal|p2a: Starmie|81/100|[from] item: Leftovers
|upkeep
|turn|5
|
|t:|1730833927
|move|p2a: Starmie|Rapid Spin|p1a: Skarmory
|-resisted|p1a: Skarmory
|-damage|p1a: Skarmory|88/100
|-sideend|p2: killerfishsandiego|Spikes|[from] move: Rapid Spin|[of] p2a: Starmie
|move|p1a: Skarmory|Stealth Rock|p2a: Starmie
|-sidestart|p2: killerfishsandiego|move: Stealth Rock
|
|-heal|p2a: Starmie|87/100|[from] item: Leftovers
|upkeep
|turn|6
|
|t:|1730833931
|move|p2a: Starmie|Rapid Spin|p1a: Skarmory
|-resisted|p1a: Skarmory
|-damage|p1a: Skarmory|86/100
|-sideend|p2: killerfishsandiego|Stealth Rock|[from] move: Rapid Spin|[of] p2a: Starmie
|move|p1a: Skarmory|Spikes|p2a: Starmie
|-sidestart|p2: killerfishsandiego|Spikes
|
|-heal|p2a: Starmie|93/100|[from] item: Leftovers
|upkeep
|turn|7
|
|t:|1730833933
|move|p2a: Starmie|Rapid Spin|p1a: Skarmory
|-resisted|p1a: Skarmory
|-damage|p1a: Skarmory|85/100
|-sideend|p2: killerfishsandiego|Spikes|[from] move: Rapid Spin|[of] p2a: Starmie
|move|p1a: Skarmory|Stealth Rock|p2a: Starmie
|-sidestart|p2: killerfishsandiego|move: Stealth Rock
|
|-heal|p2a: Starmie|99/100|[from] item: Leftovers
|upkeep
|turn|8
|
|t:|1730833935
|move|p2a: Starmie|Rapid Spin|p1a: Skarmory
|-resisted|p1a: Skarmory
|-damage|p1a: Skarmory|84/100
|-sideend|p2: killerfishsandiego|Stealth Rock|[from] move: Rapid Spin|[of] p2a: Starmie
|move|p1a: Skarmory|Spikes|p2a: Starmie
|-sidestart|p2: killerfishsandiego|Spikes
|
|-heal|p2a: Starmie|100/100|[from] item: Leftovers
|upkeep
|turn|9
|
|t:|1730833937
|move|p2a: Starmie|Psyshock|p1a: Skarmory
|-resisted|p1a: Skarmory
|-damage|p1a: Skarmory|75/100
|move|p1a: Skarmory|Stealth Rock|p2a: Starmie
|-sidestart|p2: killerfishsandiego|move: Stealth Rock
|
|upkeep
|turn|10
|
|t:|1730833943
|move|p2a: Starmie|Rapid Spin|p1a: Skarmory
|-resisted|p1a: Skarmory
|-damage|p1a: Skarmory|73/100
|-sideend|p2: killerfishsandiego|Spikes|[from] move: Rapid Spin|[of] p2a: Starmie
|-sideend|p2: killerfishsandiego|Stealth Rock|[from] move: Rapid Spin|[of] p2a: Starmie
|move|p1a: Skarmory|Spikes|p2a: Starmie
|-sidestart|p2: killerfishsandiego|Spikes
|
|upkeep
|turn|11
|
|t:|1730833946
|move|p2a: Starmie|Psyshock|p1a: Skarmory
|-resisted|p1a: Skarmory
|-damage|p1a: Skarmory|65/100
|move|p1a: Skarmory|Stealth Rock|p2a: Starmie
|-sidestart|p2: killerfishsandiego|move: Stealth Rock
|
|upkeep
|turn|12
|
|t:|1730833949
|move|p2a: Starmie|Rapid Spin|p1a: Skarmory
|-resisted|p1a: Skarmory
|-damage|p1a: Skarmory|64/100
|-sideend|p2: killerfishsandiego|Spikes|[from] move: Rapid Spin|[of] p2a: Starmie
|-sideend|p2: killerfishsandiego|Stealth Rock|[from] move: Rapid Spin|[of] p2a: Starmie
|move|p1a: Skarmory|Spikes|p2a: Starmie
|-sidestart|p2: killerfishsandiego|Spikes
|
|upkeep
|turn|13
|
|t:|1730833951
|move|p2a: Starmie|Rapid Spin|p1a: Skarmory
|-resisted|p1a: Skarmory
|-damage|p1a: Skarmory|62/100
|-sideend|p2: killerfishsandiego|Spikes|[from] move: Rapid Spin|[of] p2a: Starmie
|move|p1a: Skarmory|Spikes|p2a: Starmie
|-sidestart|p2: killerfishsandiego|Spikes
|
|upkeep
|turn|14
|
|t:|1730833954
|move|p2a: Starmie|Rapid Spin|p1a: Skarmory
|-resisted|p1a: Skarmory
|-damage|p1a: Skarmory|61/100
|-sideend|p2: killerfishsandiego|Spikes|[from] move: Rapid Spin|[of] p2a: Starmie
|move|p1a: Skarmory|Spikes|p2a: Starmie
|-sidestart|p2: killerfishsandiego|Spikes
|
|upkeep
|turn|15
|
|t:|1730833957
|move|p2a: Starmie|Rapid Spin|p1a: Skarmory
|-resisted|p1a: Skarmory
|-crit|p1a: Skarmory
|-damage|p1a: Skarmory|58/100
|-sideend|p2: killerfishsandiego|Spikes|[from] move: Rapid Spin|[of] p2a: Starmie
|move|p1a: Skarmory|Brave Bird|p2a: Starmie
|-resisted|p2a: Starmie
|-damage|p2a: Starmie|73/100
|-damage|p1a: Skarmory|47/100|[from] Recoil
|
|-heal|p2a: Starmie|79/100|[from] item: Leftovers
|upkeep
|turn|16
|
|t:|1730833961
|move|p2a: Starmie|Psyshock|p1a: Skarmory
|-resisted|p1a: Skarmory
|-damage|p1a: Skarmory|38/100
|move|p1a: Skarmory|Spikes|p2a: Starmie
|-sidestart|p2: killerfishsandiego|Spikes
|
|-heal|p2a: Starmie|85/100|[from] item: Leftovers
|upkeep
|turn|17
|
|t:|1730833964
|move|p2a: Starmie|Rapid Spin|p1a: Skarmory
|-resisted|p1a: Skarmory
|-damage|p1a: Skarmory|36/100
|-sideend|p2: killerfishsandiego|Spikes|[from] move: Rapid Spin|[of] p2a: Starmie
|move|p1a: Skarmory|Spikes|p2a: Starmie
|-sidestart|p2: killerfishsandiego|Spikes
|
|-heal|p2a: Starmie|90/100|[from] item: Leftovers
|upkeep
|turn|18
|
|t:|1730833967
|move|p2a: Starmie|Rapid Spin|p1a: Skarmory
|-resisted|p1a: Skarmory
|-damage|p1a: Skarmory|35/100
|-sideend|p2: killerfishsandiego|Spikes|[from] move: Rapid Spin|[of] p2a: Starmie
|move|p1a: Skarmory|Spikes|p2a: Starmie
|-sidestart|p2: killerfishsandiego|Spikes
|
|-heal|p2a: Starmie|96/100|[from] item: Leftovers
|upkeep
|turn|19
|
|t:|1730833970
|move|p2a: Starmie|Rapid Spin|p1a: Skarmory
|-resisted|p1a: Skarmory
|-damage|p1a: Skarmory|34/100
|-sideend|p2: killerfishsandiego|Spikes|[from] move: Rapid Spin|[of] p2a: Starmie
|move|p1a: Skarmory|Spikes|p2a: Starmie
|-sidestart|p2: killerfishsandiego|Spikes
|
|-heal|p2a: Starmie|100/100|[from] item: Leftovers
|upkeep
|turn|20
|
|t:|1730833972
|move|p2a: Starmie|Rapid Spin|p1a: Skarmory
|-resisted|p1a: Skarmory
|-damage|p1a: Skarmory|32/100
|-sideend|p2: killerfishsandiego|Spikes|[from] move: Rapid Spin|[of] p2a: Starmie
|move|p1a: Skarmory|Spikes|p2a: Starmie
|-sidestart|p2: killerfishsandiego|Spikes
|
|upkeep
|turn|21
|
|t:|1730833976
|move|p2a: Starmie|Rapid Spin|p1a: Skarmory
|-resisted|p1a: Skarmory
|-damage|p1a: Skarmory|31/100
|-sideend|p2: killerfishsandiego|Spikes|[from] move: Rapid Spin|[of] p2a: Starmie
|move|p1a: Skarmory|Spikes|p2a: Starmie
|-sidestart|p2: killerfishsandiego|Spikes
|
|upkeep
|turn|22
|
|t:|1730833979
|move|p2a: Starmie|Rapid Spin|p1a: Skarmory
|-resisted|p1a: Skarmory
|-crit|p1a: Skarmory
|-damage|p1a: Skarmory|28/100
|-sideend|p2: killerfishsandiego|Spikes|[from] move: Rapid Spin|[of] p2a: Starmie
|move|p1a: Skarmory|Spikes|p2a: Starmie
|-sidestart|p2: killerfishsandiego|Spikes
|
|upkeep
|turn|23
|
|t:|1730833981
|move|p2a: Starmie|Rapid Spin|p1a: Skarmory
|-resisted|p1a: Skarmory
|-damage|p1a: Skarmory|27/100
|-sideend|p2: killerfishsandiego|Spikes|[from] move: Rapid Spin|[of] p2a: Starmie
|move|p1a: Skarmory|Spikes|p2a: Starmie
|-sidestart|p2: killerfishsandiego|Spikes
|
|upkeep
|turn|24
|
|t:|1730833984
|move|p2a: Starmie|Rapid Spin|p1a: Skarmory
|-resisted|p1a: Skarmory
|-damage|p1a: Skarmory|25/100
|-sideend|p2: killerfishsandiego|Spikes|[from] move: Rapid Spin|[of] p2a: Starmie
|move|p1a: Skarmory|Spikes|p2a: Starmie
|-sidestart|p2: killerfishsandiego|Spikes
|
|upkeep
|turn|25
|-enditem|p1a: Skarmory|Custap Berry|[eat]
|-activate|p1a: Skarmory|item: Custap Berry|[consumed]
|
|t:|1730833988
|move|p1a: Skarmory|Thief|p2a: Starmie
|-resisted|p2a: Starmie
|-damage|p2a: Starmie|94/100
|-enditem|p2a: Starmie|Leftovers|[silent]|[from] move: Thief|[of] p1a: Skarmory
|-item|p1a: Skarmory|Leftovers|[from] move: Thief|[of] p2a: Starmie
|move|p2a: Starmie|Rapid Spin|p1a: Skarmory
|-resisted|p1a: Skarmory
|-damage|p1a: Skarmory|24/100
|-sideend|p2: killerfishsandiego|Spikes|[from] move: Rapid Spin|[of] p2a: Starmie
|
|-heal|p1a: Skarmory|30/100|[from] item: Leftovers
|upkeep
|turn|26
|
|t:|1730833994
|move|p2a: Starmie|Psyshock|p1a: Skarmory
|-resisted|p1a: Skarmory
|-damage|p1a: Skarmory|21/100
|move|p1a: Skarmory|Spikes|p2a: Starmie
|-sidestart|p2: killerfishsandiego|Spikes
|
|-heal|p1a: Skarmory|27/100|[from] item: Leftovers
|upkeep
|turn|27
|
|t:|1730833998
|move|p2a: Starmie|Psyshock|p1a: Skarmory
|-resisted|p1a: Skarmory
|-damage|p1a: Skarmory|18/100
|move|p1a: Skarmory|Stealth Rock|p2a: Starmie
|-sidestart|p2: killerfishsandiego|move: Stealth Rock
|
|-heal|p1a: Skarmory|24/100|[from] item: Leftovers
|upkeep
|turn|28
|
|t:|1730834001
|move|p2a: Starmie|Rapid Spin|p1a: Skarmory
|-resisted|p1a: Skarmory
|-damage|p1a: Skarmory|23/100
|-sideend|p2: killerfishsandiego|Spikes|[from] move: Rapid Spin|[of] p2a: Starmie
|-sideend|p2: killerfishsandiego|Stealth Rock|[from] move: Rapid Spin|[of] p2a: Starmie
|move|p1a: Skarmory|Spikes|p2a: Starmie
|-sidestart|p2: killerfishsandiego|Spikes
|
|-heal|p1a: Skarmory|29/100|[from] item: Leftovers
|upkeep
|turn|29
|
|t:|1730834004
|move|p2a: Starmie|Psyshock|p1a: Skarmory
|-resisted|p1a: Skarmory
|-damage|p1a: Skarmory|20/100
|move|p1a: Skarmory|Spikes|p2a: Starmie
|-sidestart|p2: killerfishsandiego|Spikes
|
|-heal|p1a: Skarmory|26/100|[from] item: Leftovers
|upkeep
|turn|30
|
|t:|1730834006
|move|p2a: Starmie|Rapid Spin|p1a: Skarmory
|-resisted|p1a: Skarmory
|-damage|p1a: Skarmory|25/100
|-sideend|p2: killerfishsandiego|Spikes|[from] move: Rapid Spin|[of] p2a: Starmie
|move|p1a: Skarmory|Stealth Rock|p2a: Starmie
|-sidestart|p2: killerfishsandiego|move: Stealth Rock
|
|-heal|p1a: Skarmory|31/100|[from] item: Leftovers
|upkeep
|turn|31
|
|t:|1730834009
|move|p2a: Starmie|Rapid Spin|p1a: Skarmory
|-resisted|p1a: Skarmory
|-damage|p1a: Skarmory|29/100
|-sideend|p2: killerfishsandiego|Stealth Rock|[from] move: Rapid Spin|[of] p2a: Starmie
|move|p1a: Skarmory|Stealth Rock|p2a: Starmie
|-sidestart|p2: killerfishsandiego|move: Stealth Rock
|
|-heal|p1a: Skarmory|35/100|[from] item: Leftovers
|upkeep
|turn|32
|
|t:|1730834012
|move|p2a: Starmie|Rapid Spin|p1a: Skarmory
|-resisted|p1a: Skarmory
|-damage|p1a: Skarmory|34/100
|-sideend|p2: killerfishsandiego|Stealth Rock|[from] move: Rapid Spin|[of] p2a: Starmie
|move|p1a: Skarmory|Stealth Rock|p2a: Starmie
|-sidestart|p2: killerfishsandiego|move: Stealth Rock
|
|-heal|p1a: Skarmory|40/100|[from] item: Leftovers
|upkeep
|turn|33
|
|t:|1730834016
|move|p2a: Starmie|Rapid Spin|p1a: Skarmory
|-resisted|p1a: Skarmory
|-damage|p1a: Skarmory|38/100
|-sideend|p2: killerfishsandiego|Stealth Rock|[from] move: Rapid Spin|[of] p2a: Starmie
|move|p1a: Skarmory|Stealth Rock|p2a: Starmie
|-sidestart|p2: killerfishsandiego|move: Stealth Rock
|
|-heal|p1a: Skarmory|44/100|[from] item: Leftovers
|upkeep
|turn|34
|
|t:|1730834018
|move|p2a: Starmie|Rapid Spin|p1a: Skarmory
|-resisted|p1a: Skarmory
|-damage|p1a: Skarmory|43/100
|-sideend|p2: killerfishsandiego|Stealth Rock|[from] move: Rapid Spin|[of] p2a: Starmie
|move|p1a: Skarmory|Stealth Rock|p2a: Starmie
|-sidestart|p2: killerfishsandiego|move: Stealth Rock
|
|-heal|p1a: Skarmory|48/100|[from] item: Leftovers
|upkeep
|turn|35
|
|t:|1730834020
|move|p2a: Starmie|Rapid Spin|p1a: Skarmory
|-resisted|p1a: Skarmory
|-crit|p1a: Skarmory
|-damage|p1a: Skarmory|46/100
|-sideend|p2: killerfishsandiego|Stealth Rock|[from] move: Rapid Spin|[of] p2a: Starmie
|move|p1a: Skarmory|Stealth Rock|p2a: Starmie
|-sidestart|p2: killerfishsandiego|move: Stealth Rock
|
|-heal|p1a: Skarmory|51/100|[from] item: Leftovers
|upkeep
|turn|36
|
|t:|1730834022
|move|p2a: Starmie|Rapid Spin|p1a: Skarmory
|-resisted|p1a: Skarmory
|-crit|p1a: Skarmory
|-damage|p1a: Skarmory|48/100
|-sideend|p2: killerfishsandiego|Stealth Rock|[from] move: Rapid Spin|[of] p2a: Starmie
|move|p1a: Skarmory|Stealth Rock|p2a: Starmie
|-sidestart|p2: killerfishsandiego|move: Stealth Rock
|
|-heal|p1a: Skarmory|54/100|[from] item: Leftovers
|upkeep
|turn|37
|
|t:|1730834026
|move|p2a: Starmie|Rapid Spin|p1a: Skarmory
|-resisted|p1a: Skarmory
|-damage|p1a: Skarmory|53/100
|-sideend|p2: killerfishsandiego|Stealth Rock|[from] move: Rapid Spin|[of] p2a: Starmie
|move|p1a: Skarmory|Stealth Rock|p2a: Starmie
|-sidestart|p2: killerfishsandiego|move: Stealth Rock
|
|-heal|p1a: Skarmory|59/100|[from] item: Leftovers
|upkeep
|turn|38
|
|t:|1730834039
|move|p2a: Starmie|Rapid Spin|p1a: Skarmory
|-resisted|p1a: Skarmory
|-damage|p1a: Skarmory|57/100
|-sideend|p2: killerfishsandiego|Stealth Rock|[from] move: Rapid Spin|[of] p2a: Starmie
|move|p1a: Skarmory|Thief|p2a: Starmie
|-resisted|p2a: Starmie
|-damage|p2a: Starmie|88/100
|
|-heal|p1a: Skarmory|63/100|[from] item: Leftovers
|upkeep
|turn|39
|
|t:|1730834044
|move|p2a: Starmie|Reflect Type|p1a: Skarmory
|-start|p2a: Starmie|typechange|[from] move: Reflect Type|[of] p1a: Skarmory
|move|p1a: Skarmory|Stealth Rock|p2a: Starmie
|-sidestart|p2: killerfishsandiego|move: Stealth Rock
|
|-heal|p1a: Skarmory|69/100|[from] item: Leftovers
|upkeep
|turn|40
|
|t:|1730834049
|move|p2a: Starmie|Rapid Spin|p1a: Skarmory
|-resisted|p1a: Skarmory
|-damage|p1a: Skarmory|68/100
|-sideend|p2: killerfishsandiego|Stealth Rock|[from] move: Rapid Spin|[of] p2a: Starmie
|move|p1a: Skarmory|Thief|p2a: Starmie
|-resisted|p2a: Starmie
|-damage|p2a: Starmie|82/100
|
|-heal|p1a: Skarmory|74/100|[from] item: Leftovers
|upkeep
|turn|41
|
|t:|1730834051
|move|p2a: Starmie|Reflect Type|p1a: Skarmory
|-start|p2a: Starmie|typechange|[from] move: Reflect Type|[of] p1a: Skarmory
|move|p1a: Skarmory|Stealth Rock|p2a: Starmie
|-sidestart|p2: killerfishsandiego|move: Stealth Rock
|
|-heal|p1a: Skarmory|79/100|[from] item: Leftovers
|upkeep
|turn|42
|
|t:|1730834058
|move|p2a: Starmie|Rapid Spin|p1a: Skarmory
|-resisted|p1a: Skarmory
|-damage|p1a: Skarmory|78/100
|-sideend|p2: killerfishsandiego|Stealth Rock|[from] move: Rapid Spin|[of] p2a: Starmie
|move|p1a: Skarmory|Thief|p2a: Starmie
|-resisted|p2a: Starmie
|-damage|p2a: Starmie|76/100
|
|-heal|p1a: Skarmory|84/100|[from] item: Leftovers
|upkeep
|turn|43
|
|t:|1730834061
|move|p2a: Starmie|Reflect Type|p1a: Skarmory
|-start|p2a: Starmie|typechange|[from] move: Reflect Type|[of] p1a: Skarmory
|move|p1a: Skarmory|Stealth Rock|p2a: Starmie
|-sidestart|p2: killerfishsandiego|move: Stealth Rock
|
|-heal|p1a: Skarmory|90/100|[from] item: Leftovers
|upkeep
|turn|44
|
|t:|1730834066
|move|p2a: Starmie|Rapid Spin|p1a: Skarmory
|-resisted|p1a: Skarmory
|-damage|p1a: Skarmory|89/100
|-sideend|p2: killerfishsandiego|Stealth Rock|[from] move: Rapid Spin|[of] p2a: Starmie
|move|p1a: Skarmory|Brave Bird|p2a: Starmie
|-resisted|p2a: Starmie
|-damage|p2a: Starmie|49/100
|-damage|p1a: Skarmory|78/100|[from] Recoil
|
|-heal|p1a: Skarmory|84/100|[from] item: Leftovers
|upkeep
|turn|45
|
|t:|1730834069
|move|p2a: Starmie|Recover|p2a: Starmie
|-heal|p2a: Starmie|99/100
|move|p1a: Skarmory|Brave Bird|p2a: Starmie
|-resisted|p2a: Starmie
|-damage|p2a: Starmie|72/100
|-damage|p1a: Skarmory|74/100|[from] Recoil
|
|-heal|p1a: Skarmory|79/100|[from] item: Leftovers
|upkeep
|turn|46
|
|t:|1730834072
|move|p2a: Starmie|Reflect Type|p1a: Skarmory
|-start|p2a: Starmie|typechange|[from] move: Reflect Type|[of] p1a: Skarmory
|move|p1a: Skarmory|Brave Bird|p2a: Starmie
|-resisted|p2a: Starmie
|-damage|p2a: Starmie|44/100
|-damage|p1a: Skarmory|69/100|[from] Recoil
|
|-heal|p1a: Skarmory|75/100|[from] item: Leftovers
|upkeep
|turn|47
|
|t:|1730834075
|move|p2a: Starmie|Recover|p2a: Starmie
|-heal|p2a: Starmie|95/100
|move|p1a: Skarmory|Brave Bird|p2a: Starmie
|-resisted|p2a: Starmie
|-damage|p2a: Starmie|68/100
|-damage|p1a: Skarmory|64/100|[from] Recoil
|
|-heal|p1a: Skarmory|70/100|[from] item: Leftovers
|upkeep
|turn|48
|
|t:|1730834080
|move|p2a: Starmie|Reflect Type|p1a: Skarmory
|-start|p2a: Starmie|typechange|[from] move: Reflect Type|[of] p1a: Skarmory
|move|p1a: Skarmory|Brave Bird|p2a: Starmie
|-resisted|p2a: Starmie
|-damage|p2a: Starmie|39/100
|-damage|p1a: Skarmory|59/100|[from] Recoil
|
|-heal|p1a: Skarmory|65/100|[from] item: Leftovers
|upkeep
|turn|49
|
|t:|1730834084
|move|p2a: Starmie|Recover|p2a: Starmie
|-heal|p2a: Starmie|90/100
|move|p1a: Skarmory|Brave Bird|p2a: Starmie
|-resisted|p2a: Starmie
|-crit|p2a: Starmie
|-damage|p2a: Starmie|32/100
|-damage|p1a: Skarmory|43/100|[from] Recoil
|
|-heal|p1a: Skarmory|49/100|[from] item: Leftovers
|upkeep
|turn|50
|
|t:|1730834091
|move|p2a: Starmie|Recover|p2a: Starmie
|-heal|p2a: Starmie|82/100
|move|p1a: Skarmory|Stealth Rock|p2a: Starmie
|-sidestart|p2: killerfishsandiego|move: Stealth Rock
|
|-heal|p1a: Skarmory|55/100|[from] item: Leftovers
|upkeep
|turn|51
|
|t:|1730834096
|move|p2a: Starmie|Rapid Spin|p1a: Skarmory
|-resisted|p1a: Skarmory
|-damage|p1a: Skarmory|53/100
|-sideend|p2: killerfishsandiego|Stealth Rock|[from] move: Rapid Spin|[of] p2a: Starmie
|move|p1a: Skarmory|Spikes|p2a: Starmie
|-sidestart|p2: killerfishsandiego|Spikes
|
|-heal|p1a: Skarmory|59/100|[from] item: Leftovers
|upkeep
|turn|52
|
|t:|1730834101
|move|p2a: Starmie|Rapid Spin|p1a: Skarmory
|-resisted|p1a: Skarmory
|-damage|p1a: Skarmory|58/100
|-sideend|p2: killerfishsandiego|Spikes|[from] move: Rapid Spin|[of] p2a: Starmie
|move|p1a: Skarmory|Brave Bird|p2a: Starmie
|-resisted|p2a: Starmie
|-damage|p2a: Starmie|57/100
|-damage|p1a: Skarmory|48/100|[from] Recoil
|
|-heal|p1a: Skarmory|54/100|[from] item: Leftovers
|upkeep
|turn|53
|
|t:|1730834107
|move|p2a: Starmie|Recover|p2a: Starmie
|-heal|p2a: Starmie|100/100
|move|p1a: Skarmory|Thief|p2a: Starmie
|-resisted|p2a: Starmie
|-damage|p2a: Starmie|94/100
|
|-heal|p1a: Skarmory|60/100|[from] item: Leftovers
|upkeep
|turn|54
|
|t:|1730834110
|move|p2a: Starmie|Reflect Type|p1a: Skarmory
|-start|p2a: Starmie|typechange|[from] move: Reflect Type|[of] p1a: Skarmory
|move|p1a: Skarmory|Thief|p2a: Starmie
|-resisted|p2a: Starmie
|-damage|p2a: Starmie|88/100
|
|-heal|p1a: Skarmory|66/100|[from] item: Leftovers
|upkeep
|turn|55
|
|t:|1730834114
|move|p2a: Starmie|Reflect Type|p1a: Skarmory
|-start|p2a: Starmie|typechange|[from] move: Reflect Type|[of] p1a: Skarmory
|move|p1a: Skarmory|Thief|p2a: Starmie
|-resisted|p2a: Starmie
|-damage|p2a: Starmie|81/100
|
|-heal|p1a: Skarmory|72/100|[from] item: Leftovers
|upkeep
|turn|56
|
|t:|1730834117
|move|p2a: Starmie|Reflect Type|p1a: Skarmory
|-start|p2a: Starmie|typechange|[from] move: Reflect Type|[of] p1a: Skarmory
|move|p1a: Skarmory|Thief|p2a: Starmie
|-resisted|p2a: Starmie
|-damage|p2a: Starmie|75/100
|
|-heal|p1a: Skarmory|78/100|[from] item: Leftovers
|upkeep
|turn|57
|
|t:|1730834120
|move|p2a: Starmie|Reflect Type|p1a: Skarmory
|-start|p2a: Starmie|typechange|[from] move: Reflect Type|[of] p1a: Skarmory
|move|p1a: Skarmory|Thief|p2a: Starmie
|-resisted|p2a: Starmie
|-damage|p2a: Starmie|69/100
|
|-heal|p1a: Skarmory|84/100|[from] item: Leftovers
|upkeep
|turn|58
|
|t:|1730834122
|move|p2a: Starmie|Reflect Type|p1a: Skarmory
|-start|p2a: Starmie|typechange|[from] move: Reflect Type|[of] p1a: Skarmory
|move|p1a: Skarmory|Thief|p2a: Starmie
|-resisted|p2a: Starmie
|-damage|p2a: Starmie|62/100
|
|-heal|p1a: Skarmory|89/100|[from] item: Leftovers
|upkeep
|turn|59
|
|t:|1730834125
|move|p2a: Starmie|Reflect Type|p1a: Skarmory
|-start|p2a: Starmie|typechange|[from] move: Reflect Type|[of] p1a: Skarmory
|move|p1a: Skarmory|Thief|p2a: Starmie
|-resisted|p2a: Starmie
|-damage|p2a: Starmie|55/100
|
|-heal|p1a: Skarmory|95/100|[from] item: Leftovers
|upkeep
|turn|60
|
|t:|1730834128
|move|p2a: Starmie|Recover|p2a: Starmie
|-heal|p2a: Starmie|100/100
|move|p1a: Skarmory|Thief|p2a: Starmie
|-resisted|p2a: Starmie
|-damage|p2a: Starmie|95/100
|
|-heal|p1a: Skarmory|100/100|[from] item: Leftovers
|upkeep
|turn|61
|
|t:|1730834131
|move|p2a: Starmie|Reflect Type|p1a: Skarmory
|-start|p2a: Starmie|typechange|[from] move: Reflect Type|[of] p1a: Skarmory
|move|p1a: Skarmory|Thief|p2a: Starmie
|-resisted|p2a: Starmie
|-damage|p2a: Starmie|89/100
|
|upkeep
|turn|62
|
|t:|1730834133
|move|p2a: Starmie|Reflect Type|p1a: Skarmory
|-start|p2a: Starmie|typechange|[from] move: Reflect Type|[of] p1a: Skarmory
|move|p1a: Skarmory|Thief|p2a: Starmie
|-resisted|p2a: Starmie
|-damage|p2a: Starmie|82/100
|
|upkeep
|turn|63
|
|t:|1730834137
|move|p2a: Starmie|Psyshock|p1a: Skarmory
|-resisted|p1a: Skarmory
|-damage|p1a: Skarmory|91/100
|move|p1a: Skarmory|Thief|p2a: Starmie
|-resisted|p2a: Starmie
|-damage|p2a: Starmie|76/100
|
|-heal|p1a: Skarmory|97/100|[from] item: Leftovers
|upkeep
|turn|64
|
|t:|1730834142
|move|p2a: Starmie|Psyshock|p1a: Skarmory
|-resisted|p1a: Skarmory
|-damage|p1a: Skarmory|89/100
|move|p1a: Skarmory|Thief|p2a: Starmie
|-resisted|p2a: Starmie
|-damage|p2a: Starmie|70/100
|
|-heal|p1a: Skarmory|95/100|[from] item: Leftovers
|upkeep
|turn|65
|
|t:|1730834148
|move|p2a: Starmie|Reflect Type|p1a: Skarmory
|-start|p2a: Starmie|typechange|[from] move: Reflect Type|[of] p1a: Skarmory
|move|p1a: Skarmory|Brave Bird|p2a: Starmie
|-resisted|p2a: Starmie
|-damage|p2a: Starmie|44/100
|-damage|p1a: Skarmory|84/100|[from] Recoil
|
|-heal|p1a: Skarmory|90/100|[from] item: Leftovers
|upkeep
|turn|66
|
|t:|1730834153
|move|p2a: Starmie|Recover|p2a: Starmie
|-heal|p2a: Starmie|94/100
|move|p1a: Skarmory|Stealth Rock|p2a: Starmie
|-sidestart|p2: killerfishsandiego|move: Stealth Rock
|
|-heal|p1a: Skarmory|96/100|[from] item: Leftovers
|upkeep
|turn|67
|
|t:|1730834156
|move|p2a: Starmie|Rapid Spin|p1a: Skarmory
|-resisted|p1a: Skarmory
|-damage|p1a: Skarmory|95/100
|-sideend|p2: killerfishsandiego|Stealth Rock|[from] move: Rapid Spin|[of] p2a: Starmie
|move|p1a: Skarmory|Brave Bird|p2a: Starmie
|-resisted|p2a: Starmie
|-damage|p2a: Starmie|68/100
|-damage|p1a: Skarmory|84/100|[from] Recoil
|
|-heal|p1a: Skarmory|90/100|[from] item: Leftovers
|upkeep
|turn|68
|
|t:|1730834159
|move|p2a: Starmie|Reflect Type|p1a: Skarmory
|-start|p2a: Starmie|typechange|[from] move: Reflect Type|[of] p1a: Skarmory
|move|p1a: Skarmory|Brave Bird|p2a: Starmie
|-resisted|p2a: Starmie
|-damage|p2a: Starmie|39/100
|-damage|p1a: Skarmory|79/100|[from] Recoil
|
|-heal|p1a: Skarmory|85/100|[from] item: Leftovers
|upkeep
|turn|69
|
|t:|1730834168
|move|p2a: Starmie|Recover|p2a: Starmie
|-heal|p2a: Starmie|89/100
|move|p1a: Skarmory|Brave Bird|p2a: Starmie
|-resisted|p2a: Starmie
|-damage|p2a: Starmie|60/100
|-damage|p1a: Skarmory|74/100|[from] Recoil
|
|-heal|p1a: Skarmory|79/100|[from] item: Leftovers
|upkeep
|turn|70
|
|t:|1730834175
|move|p2a: Starmie|Psyshock|p1a: Skarmory
|-resisted|p1a: Skarmory
|-damage|p1a: Skarmory|71/100
|move|p1a: Skarmory|Brave Bird|p2a: Starmie
|-resisted|p2a: Starmie
|-damage|p2a: Starmie|32/100
|-damage|p1a: Skarmory|60/100|[from] Recoil
|
|-heal|p1a: Skarmory|66/100|[from] item: Leftovers
|upkeep
|turn|71
|
|t:|1730834186
|move|p2a: Starmie|Recover|p2a: Starmie
|-heal|p2a: Starmie|83/100
|move|p1a: Skarmory|Brave Bird|p2a: Starmie
|-resisted|p2a: Starmie
|-damage|p2a: Starmie|55/100
|-damage|p1a: Skarmory|55/100|[from] Recoil
|
|-heal|p1a: Skarmory|61/100|[from] item: Leftovers
|upkeep
|turn|72
|
|t:|1730834192
|move|p2a: Starmie|Recover|p2a: Starmie
|-heal|p2a: Starmie|100/100
|move|p1a: Skarmory|Spikes|p2a: Starmie
|-sidestart|p2: killerfishsandiego|Spikes
|
|-heal|p1a: Skarmory|67/100|[from] item: Leftovers
|upkeep
|turn|73
|
|t:|1730834197
|move|p2a: Starmie|Rapid Spin|p1a: Skarmory
|-resisted|p1a: Skarmory
|-damage|p1a: Skarmory|66/100
|-sideend|p2: killerfishsandiego|Spikes|[from] move: Rapid Spin|[of] p2a: Starmie
|move|p1a: Skarmory|Brave Bird|p2a: Starmie
|-resisted|p2a: Starmie
|-damage|p2a: Starmie|71/100
|-damage|p1a: Skarmory|54/100|[from] Recoil
|
|-heal|p1a: Skarmory|60/100|[from] item: Leftovers
|upkeep
|turn|74
|
|t:|1730834202
|move|p2a: Starmie|Reflect Type|p1a: Skarmory
|-start|p2a: Starmie|typechange|[from] move: Reflect Type|[of] p1a: Skarmory
|move|p1a: Skarmory|Brave Bird|p2a: Starmie
|-resisted|p2a: Starmie
|-damage|p2a: Starmie|45/100
|-damage|p1a: Skarmory|50/100|[from] Recoil
|
|-heal|p1a: Skarmory|56/100|[from] item: Leftovers
|upkeep
|turn|75
|
|t:|1730834206
|move|p2a: Starmie|Recover|p2a: Starmie
|-heal|p2a: Starmie|95/100
|move|p1a: Skarmory|Stealth Rock|p2a: Starmie
|-sidestart|p2: killerfishsandiego|move: Stealth Rock
|
|-heal|p1a: Skarmory|62/100|[from] item: Leftovers
|upkeep
|turn|76
|
|t:|1730834216
|move|p2a: Starmie|Rapid Spin|p1a: Skarmory
|-resisted|p1a: Skarmory
|-damage|p1a: Skarmory|60/100
|-sideend|p2: killerfishsandiego|Stealth Rock|[from] move: Rapid Spin|[of] p2a: Starmie
|move|p1a: Skarmory|Brave Bird|p2a: Starmie
|-resisted|p2a: Starmie
|-damage|p2a: Starmie|67/100
|-damage|p1a: Skarmory|49/100|[from] Recoil
|
|-heal|p1a: Skarmory|55/100|[from] item: Leftovers
|upkeep
|turn|77
|
|t:|1730834222
|switch|p1a: Jellicent|Jellicent, M|100/100
|-damage|p1a: Jellicent|88/100|[from] Stealth Rock
|-item|p1a: Jellicent|Air Balloon
|move|p2a: Starmie|Psyshock|p1a: Jellicent
|-damage|p1a: Jellicent|72/100
|-enditem|p1a: Jellicent|Air Balloon
|
|upkeep
|turn|78
|
|t:|1730834226
|switch|p2a: Tyranitar|Tyranitar, F|100/100
|-weather|Sandstorm|[from] ability: Sand Stream|[of] p2a: Tyranitar
|move|p1a: Jellicent|Taunt|p2a: Tyranitar
|-start|p2a: Tyranitar|move: Taunt
|
|-weather|Sandstorm|[upkeep]
|-damage|p1a: Jellicent|66/100|[from] Sandstorm
|upkeep
|turn|79
|
|t:|1730834229
|move|p2a: Tyranitar|Crunch|p1a: Jellicent
|-supereffective|p1a: Jellicent
|-crit|p1a: Jellicent
|-damage|p1a: Jellicent|0 fnt
|faint|p1a: Jellicent
|
|-weather|Sandstorm|[upkeep]
|upkeep
|
|t:|1730834233
|switch|p1a: Skarmory|Skarmory, F|55/100
|-damage|p1a: Skarmory|43/100|[from] Stealth Rock
|turn|80
|
|t:|1730834237
|switch|p2a: Starmie|Starmie|67/100
|move|p1a: Skarmory|Stealth Rock|p2a: Starmie
|-sidestart|p2: killerfishsandiego|move: Stealth Rock
|
|-weather|Sandstorm|[upkeep]
|-damage|p2a: Starmie|61/100|[from] Sandstorm
|-heal|p1a: Skarmory|49/100|[from] item: Leftovers
|upkeep
|turn|81
|
|t:|1730834246
|switch|p1a: Alakazam|Alakazam, M|100/100
|move|p2a: Starmie|Reflect Type|p1a: Alakazam
|-start|p2a: Starmie|typechange|[from] move: Reflect Type|[of] p1a: Alakazam
|
|-weather|Sandstorm|[upkeep]
|-damage|p2a: Starmie|55/100|[from] Sandstorm
|upkeep
|turn|82
|
|t:|1730834254
|move|p1a: Alakazam|Shadow Ball|p2a: Starmie
|-supereffective|p2a: Starmie
|-crit|p2a: Starmie
|-damage|p2a: Starmie|0 fnt
|faint|p2a: Starmie
|
|-weather|Sandstorm|[upkeep]
|upkeep
|
|t:|1730834258
|switch|p2a: Tyranitar|Tyranitar, F|100/100
|-damage|p2a: Tyranitar|88/100|[from] Stealth Rock
|turn|83
|
|t:|1730834264
|move|p1a: Alakazam|Grass Knot|p2a: Tyranitar
|-supereffective|p2a: Tyranitar
|-damage|p2a: Tyranitar|18/100
|move|p2a: Tyranitar|Crunch|p1a: Alakazam
|-supereffective|p1a: Alakazam
|-damage|p1a: Alakazam|0 fnt
|faint|p1a: Alakazam
|
|-weather|Sandstorm|[upkeep]
|upkeep
|
|t:|1730834272
|switch|p1a: Excadrill|Excadrill, F|100/100
|-damage|p1a: Excadrill|97/100|[from] Stealth Rock
|turn|84
|
|t:|1730834278
|switch|p2a: Skarmory|Skarmory, F|100/100
|-damage|p2a: Skarmory|88/100|[from] Stealth Rock
|move|p1a: Excadrill|Rapid Spin|p2a: Skarmory
|-resisted|p2a: Skarmory
|-damage|p2a: Skarmory|85/100
|-damage|p1a: Excadrill|81/100|[from] item: Rocky Helmet|[of] p2a: Skarmory
|-sideend|p1: SpinoRaptor2023|Stealth Rock|[from] move: Rapid Spin|[of] p1a: Excadrill
|
|-weather|Sandstorm|[upkeep]
|upkeep
|turn|85
|
|t:|1730834283
|switch|p1a: Skarmory|Skarmory, F|49/100
|move|p2a: Skarmory|Iron Defense|p2a: Skarmory
|-boost|p2a: Skarmory|def|2
|
|-weather|Sandstorm|[upkeep]
|-heal|p1a: Skarmory|55/100|[from] item: Leftovers
|upkeep
|turn|86
|
|t:|1730834286
|move|p1a: Skarmory|Spikes|p2a: Skarmory
|-sidestart|p2: killerfishsandiego|Spikes
|move|p2a: Skarmory|Spikes|p1a: Skarmory
|-sidestart|p1: SpinoRaptor2023|Spikes
|
|-weather|Sandstorm|[upkeep]
|-heal|p1a: Skarmory|61/100|[from] item: Leftovers
|upkeep
|turn|87
|
|t:|1730834289
|move|p1a: Skarmory|Spikes|p2a: Skarmory
|-sidestart|p2: killerfishsandiego|Spikes
|move|p2a: Skarmory|Spikes|p1a: Skarmory
|-sidestart|p1: SpinoRaptor2023|Spikes
|
|-weather|Sandstorm|[upkeep]
|-heal|p1a: Skarmory|67/100|[from] item: Leftovers
|upkeep
|turn|88
|
|t:|1730834291
|move|p1a: Skarmory|Spikes|p2a: Skarmory
|-sidestart|p2: killerfishsandiego|Spikes
|move|p2a: Skarmory|Spikes|p1a: Skarmory
|-sidestart|p1: SpinoRaptor2023|Spikes
|
|-weather|Sandstorm|[upkeep]
|-heal|p1a: Skarmory|72/100|[from] item: Leftovers
|upkeep
|turn|89
|
|t:|1730834300
|switch|p1a: Tyranitar|Tyranitar, F|100/100
|-damage|p1a: Tyranitar|75/100|[from] Spikes
|move|p2a: Skarmory|Iron Defense|p2a: Skarmory
|-boost|p2a: Skarmory|def|2
|
|-weather|Sandstorm|[upkeep]
|upkeep
|turn|90
|
|t:|1730834309
|switch|p2a: Gliscor|Gliscor, F|100/100 tox
|-damage|p2a: Gliscor|88/100 tox|[from] Stealth Rock
|move|p1a: Tyranitar|Thunder Wave|p2a: Gliscor
|-immune|p2a: Gliscor
|
|-weather|Sandstorm|[upkeep]
|-heal|p2a: Gliscor|100/100 tox|[from] ability: Poison Heal
|upkeep
|turn|91
|
|t:|1730834318
|switch|p1a: Skarmory|Skarmory, F|72/100
|move|p2a: Gliscor|Substitute|p2a: Gliscor
|-start|p2a: Gliscor|Substitute
|-damage|p2a: Gliscor|75/100 tox
|
|-weather|Sandstorm|[upkeep]
|-heal|p1a: Skarmory|78/100|[from] item: Leftovers
|-heal|p2a: Gliscor|88/100 tox|[from] ability: Poison Heal
|upkeep
|turn|92
|
|t:|1730834321
|move|p2a: Gliscor|Stealth Rock|p1a: Skarmory
|-sidestart|p1: SpinoRaptor2023|move: Stealth Rock
|move|p1a: Skarmory|Brave Bird|p2a: Gliscor
|-end|p2a: Gliscor|Substitute
|-damage|p1a: Skarmory|69/100|[from] Recoil|[of] p2a: Gliscor
|
|-weather|Sandstorm|[upkeep]
|-heal|p1a: Skarmory|75/100|[from] item: Leftovers
|-heal|p2a: Gliscor|100/100 tox|[from] ability: Poison Heal
|upkeep
|turn|93
|
|t:|1730834325
|move|p2a: Gliscor|Substitute|p2a: Gliscor
|-start|p2a: Gliscor|Substitute
|-damage|p2a: Gliscor|75/100 tox
|move|p1a: Skarmory|Brave Bird|p2a: Gliscor
|-end|p2a: Gliscor|Substitute
|-damage|p1a: Skarmory|65/100|[from] Recoil|[of] p2a: Gliscor
|
|-weather|Sandstorm|[upkeep]
|-heal|p1a: Skarmory|71/100|[from] item: Leftovers
|-heal|p2a: Gliscor|88/100 tox|[from] ability: Poison Heal
|upkeep
|turn|94
|
|t:|1730834328
|move|p2a: Gliscor|Substitute|p2a: Gliscor
|-start|p2a: Gliscor|Substitute
|-damage|p2a: Gliscor|63/100 tox
|move|p1a: Skarmory|Brave Bird|p2a: Gliscor
|-end|p2a: Gliscor|Substitute
|-damage|p1a: Skarmory|61/100|[from] Recoil|[of] p2a: Gliscor
|
|-weather|Sandstorm|[upkeep]
|-heal|p1a: Skarmory|67/100|[from] item: Leftovers
|-heal|p2a: Gliscor|75/100 tox|[from] ability: Poison Heal
|upkeep
|turn|95
|
|t:|1730834330
|move|p2a: Gliscor|Substitute|p2a: Gliscor
|-start|p2a: Gliscor|Substitute
|-damage|p2a: Gliscor|50/100 tox
|move|p1a: Skarmory|Brave Bird|p2a: Gliscor
|-end|p2a: Gliscor|Substitute
|-damage|p1a: Skarmory|58/100|[from] Recoil|[of] p2a: Gliscor
|
|-weather|Sandstorm|[upkeep]
|-heal|p1a: Skarmory|64/100|[from] item: Leftovers
|-heal|p2a: Gliscor|63/100 tox|[from] ability: Poison Heal
|upkeep
|turn|96
|
|t:|1730834332
|move|p2a: Gliscor|Substitute|p2a: Gliscor
|-start|p2a: Gliscor|Substitute
|-damage|p2a: Gliscor|38/100 tox
|move|p1a: Skarmory|Brave Bird|p2a: Gliscor
|-end|p2a: Gliscor|Substitute
|-damage|p1a: Skarmory|54/100|[from] Recoil|[of] p2a: Gliscor
|
|-weather|Sandstorm|[upkeep]
|-heal|p1a: Skarmory|60/100|[from] item: Leftovers
|-heal|p2a: Gliscor|50/100 tox|[from] ability: Poison Heal
|upkeep
|turn|97
|
|t:|1730834335
|move|p2a: Gliscor|Substitute|p2a: Gliscor
|-start|p2a: Gliscor|Substitute
|-damage|p2a: Gliscor|25/100 tox
|move|p1a: Skarmory|Brave Bird|p2a: Gliscor
|-end|p2a: Gliscor|Substitute
|-damage|p1a: Skarmory|50/100|[from] Recoil|[of] p2a: Gliscor
|
|-weather|Sandstorm|[upkeep]
|-heal|p1a: Skarmory|56/100|[from] item: Leftovers
|-heal|p2a: Gliscor|38/100 tox|[from] ability: Poison Heal
|upkeep
|turn|98
|
|t:|1730834338
|switch|p1a: Excadrill|Excadrill, F|81/100
|-damage|p1a: Excadrill|56/100|[from] Spikes
|-damage|p1a: Excadrill|53/100|[from] Stealth Rock
|move|p2a: Gliscor|Substitute|p2a: Gliscor
|-start|p2a: Gliscor|Substitute
|-damage|p2a: Gliscor|13/100 tox
|
|-weather|Sandstorm|[upkeep]
|-heal|p2a: Gliscor|25/100 tox|[from] ability: Poison Heal
|upkeep
|turn|99
|
|t:|1730834342
|move|p2a: Gliscor|Protect|p2a: Gliscor
|-singleturn|p2a: Gliscor|Protect
|move|p1a: Excadrill|Rapid Spin|p2a: Gliscor
|-activate|p2a: Gliscor|move: Protect
|
|-weather|Sandstorm|[upkeep]
|-heal|p2a: Gliscor|38/100 tox|[from] ability: Poison Heal
|upkeep
|turn|100
|
|t:|1730834349
|move|p1a: Excadrill|Rapid Spin|p2a: Gliscor
|-activate|p2a: Gliscor|Substitute|[damage]
|-sideend|p1: SpinoRaptor2023|Spikes|[from] move: Rapid Spin|[of] p1a: Excadrill
|-sideend|p1: SpinoRaptor2023|Stealth Rock|[from] move: Rapid Spin|[of] p1a: Excadrill
|move|p2a: Gliscor|Earthquake|p1a: Excadrill
|-supereffective|p1a: Excadrill
|-damage|p1a: Excadrill|0 fnt
|faint|p1a: Excadrill
|
|-weather|Sandstorm|[upkeep]
|-heal|p2a: Gliscor|50/100 tox|[from] ability: Poison Heal
|upkeep
|
|t:|1730834355
|switch|p1a: Mamoswine|Mamoswine, M|100/100
|turn|101
|
|t:|1730834359
|move|p1a: Mamoswine|Ice Shard|p2a: Gliscor
|-supereffective|p2a: Gliscor
|-end|p2a: Gliscor|Substitute
|move|p2a: Gliscor|Earthquake|p1a: Mamoswine
|-damage|p1a: Mamoswine|64/100
|
|-weather|Sandstorm|[upkeep]
|-heal|p2a: Gliscor|63/100 tox|[from] ability: Poison Heal
|upkeep
|turn|102
|
|t:|1730834364
|switch|p2a: Tyranitar|Tyranitar, F|18/100
|-damage|p2a: Tyranitar|6/100|[from] Stealth Rock
|-damage|p2a: Tyranitar|0 fnt|[from] Spikes
|faint|p2a: Tyranitar
|move|p1a: Mamoswine|Ice Shard|p2: Tyranitar|[notarget]
|-fail|p1a: Mamoswine
|
|-weather|Sandstorm|[upkeep]
|upkeep
|
|t:|1730834382
|switch|p2a: Skarmory|Skarmory, F|85/100
|-damage|p2a: Skarmory|73/100|[from] Stealth Rock
|turn|103
|
|t:|1730834408
|move|p1a: Mamoswine|Superpower|p2a: Skarmory
|-damage|p2a: Skarmory|38/100
|-unboost|p1a: Mamoswine|atk|1
|-unboost|p1a: Mamoswine|def|1
|-damage|p1a: Mamoswine|47/100|[from] item: Rocky Helmet|[of] p2a: Skarmory
|move|p2a: Skarmory|Iron Defense|p2a: Skarmory
|-boost|p2a: Skarmory|def|2
|
|-weather|Sandstorm|[upkeep]
|upkeep
|turn|104
|
|t:|1730834413
|move|p1a: Mamoswine|Icicle Crash|p2a: Skarmory
|-damage|p2a: Skarmory|23/100
|cant|p2a: Skarmory|flinch
|
|-weather|Sandstorm|[upkeep]
|upkeep
|turn|105
|
|t:|1730834416
|move|p1a: Mamoswine|Icicle Crash|p2a: Skarmory
|-damage|p2a: Skarmory|10/100
|move|p2a: Skarmory|Roost|p2a: Skarmory
|-heal|p2a: Skarmory|60/100
|-singleturn|p2a: Skarmory|move: Roost
|
|-weather|Sandstorm|[upkeep]
|upkeep
|turn|106
|
|t:|1730834419
|move|p1a: Mamoswine|Superpower|p2a: Skarmory
|-damage|p2a: Skarmory|49/100
|-unboost|p1a: Mamoswine|atk|1
|-unboost|p1a: Mamoswine|def|1
|-damage|p1a: Mamoswine|31/100|[from] item: Rocky Helmet|[of] p2a: Skarmory
|move|p2a: Skarmory|Roost|p2a: Skarmory
|-heal|p2a: Skarmory|99/100
|-singleturn|p2a: Skarmory|move: Roost
|
|-weather|Sandstorm|[upkeep]
|upkeep
|turn|107
|
|t:|1730834422
|switch|p1a: Tyranitar|Tyranitar, F|75/100
|move|p2a: Skarmory|Spikes|p1a: Tyranitar
|-sidestart|p1: SpinoRaptor2023|Spikes
|
|-weather|Sandstorm|[upkeep]
|upkeep
|turn|108
|
|t:|1730834433
|switch|p2a: Gliscor|Gliscor, F|63/100 tox
|-damage|p2a: Gliscor|50/100 tox|[from] Stealth Rock
|move|p1a: Tyranitar|Thunder Wave|p2a: Gliscor
|-immune|p2a: Gliscor
|
|-weather|Sandstorm|[upkeep]
|-heal|p2a: Gliscor|63/100 tox|[from] ability: Poison Heal
|upkeep
|turn|109
|
|t:|1730834437
|move|p2a: Gliscor|Substitute|p2a: Gliscor
|-start|p2a: Gliscor|Substitute
|-damage|p2a: Gliscor|38/100 tox
|move|p1a: Tyranitar|Crunch|p2a: Gliscor
|-end|p2a: Gliscor|Substitute
|
|-weather|Sandstorm|[upkeep]
|-heal|p2a: Gliscor|50/100 tox|[from] ability: Poison Heal
|upkeep
|turn|110
|
|t:|1730834439
|move|p2a: Gliscor|Protect|p2a: Gliscor
|-singleturn|p2a: Gliscor|Protect
|move|p1a: Tyranitar|Crunch|p2a: Gliscor
|-activate|p2a: Gliscor|move: Protect
|
|-weather|Sandstorm|[upkeep]
|-heal|p2a: Gliscor|63/100 tox|[from] ability: Poison Heal
|upkeep
|turn|111
|
|t:|1730834443
|move|p2a: Gliscor|Stealth Rock|p1a: Tyranitar
|-sidestart|p1: SpinoRaptor2023|move: Stealth Rock
|move|p1a: Tyranitar|Crunch|p2a: Gliscor
|-damage|p2a: Gliscor|40/100 tox
|
|-weather|Sandstorm|[upkeep]
|-heal|p2a: Gliscor|53/100 tox|[from] ability: Poison Heal
|upkeep
|turn|112
|
|t:|1730834448
|move|p2a: Gliscor|Substitute|p2a: Gliscor
|-start|p2a: Gliscor|Substitute
|-damage|p2a: Gliscor|28/100 tox
|move|p1a: Tyranitar|Crunch|p2a: Gliscor
|-end|p2a: Gliscor|Substitute
|
|-weather|Sandstorm|[upkeep]
|-heal|p2a: Gliscor|40/100 tox|[from] ability: Poison Heal
|upkeep
|turn|113
|
|t:|1730834453
|move|p2a: Gliscor|Protect|p2a: Gliscor
|-singleturn|p2a: Gliscor|Protect
|move|p1a: Tyranitar|Crunch|p2a: Gliscor
|-activate|p2a: Gliscor|move: Protect
|
|-weather|Sandstorm|[upkeep]
|-heal|p2a: Gliscor|53/100 tox|[from] ability: Poison Heal
|upkeep
|turn|114
|
|t:|1730834455
|move|p2a: Gliscor|Substitute|p2a: Gliscor
|-start|p2a: Gliscor|Substitute
|-damage|p2a: Gliscor|28/100 tox
|move|p1a: Tyranitar|Crunch|p2a: Gliscor
|-end|p2a: Gliscor|Substitute
|
|-weather|Sandstorm|[upkeep]
|-heal|p2a: Gliscor|40/100 tox|[from] ability: Poison Heal
|upkeep
|turn|115
|
|t:|1730834459
|move|p2a: Gliscor|Protect|p2a: Gliscor
|-singleturn|p2a: Gliscor|Protect
|move|p1a: Tyranitar|Crunch|p2a: Gliscor
|-activate|p2a: Gliscor|move: Protect
|
|-weather|Sandstorm|[upkeep]
|-heal|p2a: Gliscor|53/100 tox|[from] ability: Poison Heal
|upkeep
|turn|116
|
|t:|1730834461
|move|p2a: Gliscor|Substitute|p2a: Gliscor
|-start|p2a: Gliscor|Substitute
|-damage|p2a: Gliscor|28/100 tox
|move|p1a: Tyranitar|Crunch|p2a: Gliscor
|-activate|p2a: Gliscor|Substitute|[damage]
|
|-weather|Sandstorm|[upkeep]
|-heal|p2a: Gliscor|40/100 tox|[from] ability: Poison Heal
|upkeep
|turn|117
|
|t:|1730834466
|move|p2a: Gliscor|Protect|p2a: Gliscor
|-singleturn|p2a: Gliscor|Protect
|move|p1a: Tyranitar|Crunch|p2a: Gliscor
|-activate|p2a: Gliscor|move: Protect
|
|-weather|Sandstorm|[upkeep]
|-heal|p2a: Gliscor|53/100 tox|[from] ability: Poison Heal
|upkeep
|turn|118
|
|t:|1730834469
|move|p2a: Gliscor|Earthquake|p1a: Tyranitar
|-supereffective|p1a: Tyranitar
|-damage|p1a: Tyranitar|25/100
|move|p1a: Tyranitar|Crunch|p2a: Gliscor
|-end|p2a: Gliscor|Substitute
|
|-weather|Sandstorm|[upkeep]
|-heal|p2a: Gliscor|65/100 tox|[from] ability: Poison Heal
|upkeep
|turn|119
|-message|SpinoRaptor2023 forfeited.
|
|win|killerfishsandiego
|raw|SpinoRaptor2023's rating: 1353 &rarr; <strong>1337</strong><br />(-16 for losing)
|raw|killerfishsandiego's rating: 1427 &rarr; <strong>1443</strong><br />(+16 for winning)
|l|☆SpinoRaptor2023
|player|p1|
