|j|☆Gen5OU.AntiMeta
|j|☆luiz2343
|t:|1725627571
|gametype|singles
|player|p1|Gen5OU.AntiMeta|hoopster|1389
|player|p2|luiz2343|169|1272
|teamsize|p1|6
|teamsize|p2|6
|gen|5
|tier|[Gen 5] OU
|rated|
|rule|Species Clause: Limit one of each Pokémon
|rule|OHKO Clause: OHKO moves are banned
|rule|Moody Clause: Moody is banned
|rule|Evasion Items Clause: Evasion items are banned
|rule|Evasion Moves Clause: Evasion moves are banned
|rule|Endless Battle Clause: Forcing endless battles is banned
|rule|HP Percentage Mod: HP is shown in percentages
|rule|Evasion Abilities Clause: Evasion abilities are banned
|rule|Sleep Moves Clause: Sleep-inducing moves are banned
|rule|Swagger Clause: Swagger is banned
|rule|Baton Pass Stat Clause: No Baton Passer may have a way to boost its stats
|clearpoke
|poke|p1|Tyranitar, F|item
|poke|p1|Bronzong|item
|poke|p1|Aerodactyl, F|item
|poke|p1|Tentacruel, M|item
|poke|p1|Politoed, F|item
|poke|p1|Reuniclus, M|item
|poke|p2|Dragonite, F|item
|poke|p2|Tentacruel, M|item
|poke|p2|Forretress, F|item
|poke|p2|Cofagrigus, M|item
|poke|p2|Blissey, F|item
|poke|p2|Rotom-Wash|item
|teampreview
|inactive|Battle timer is ON: inactive players will automatically lose when time's up. (requested by Gen5OU.AntiMeta)
|
|t:|1725627587
|start
|switch|p1a: the commander|Tyranitar, F, shiny|100/100
|switch|p2a: Forretress|Forretress, F|100/100
|-weather|Sandstorm|[from] ability: Sand Stream|[of] p1a: the commander
|turn|1
|
|t:|1725627613
|move|p1a: the commander|Fire Blast|p2a: Forretress
|-supereffective|p2a: Forretress
|-ability|p2a: Forretress|Sturdy
|-damage|p2a: Forretress|1/100
|move|p2a: Forretress|Stealth Rock|p1a: the commander
|-sidestart|p1: Gen5OU.AntiMeta|move: Stealth Rock
|
|-weather|Sandstorm|[upkeep]
|-heal|p2a: Forretress|7/100|[from] item: Leftovers
|upkeep
|turn|2
|
|t:|1725627624
|switch|p2a: Rotom|Rotom-Wash|100/100
|move|p1a: the commander|Stealth Rock|p2a: Rotom
|-sidestart|p2: luiz2343|move: Stealth Rock
|
|-weather|Sandstorm|[upkeep]
|-damage|p2a: Rotom|94/100|[from] Sandstorm
|upkeep
|turn|3
|
|t:|1725627636
|move|p2a: Rotom|Will-O-Wisp|p1a: the commander
|-status|p1a: the commander|brn
|move|p1a: the commander|Thunderbolt|p2a: Rotom
|-damage|p2a: Rotom|52/100
|
|-weather|Sandstorm|[upkeep]
|-damage|p2a: Rotom|46/100|[from] Sandstorm
|-damage|p1a: the commander|88/100 brn|[from] brn
|upkeep
|turn|4
|
|t:|1725627652
|switch|p2a: Tentacruel|Tentacruel, M|100/100
|-damage|p2a: Tentacruel|88/100|[from] Stealth Rock
|move|p1a: the commander|Thunderbolt|p2a: Tentacruel
|-supereffective|p2a: Tentacruel
|-damage|p2a: Tentacruel|43/100
|
|-weather|Sandstorm|[upkeep]
|-damage|p2a: Tentacruel|36/100|[from] Sandstorm
|-heal|p2a: Tentacruel|43/100|[from] item: Black Sludge
|-damage|p1a: the commander|76/100 brn|[from] brn
|upkeep
|turn|5
|
|t:|1725627663
|move|p2a: Tentacruel|Rapid Spin|p1a: the commander
|-resisted|p1a: the commander
|-damage|p1a: the commander|75/100 brn
|-sideend|p2: luiz2343|Stealth Rock|[from] move: Rapid Spin|[of] p2a: Tentacruel
|move|p1a: the commander|Thunderbolt|p2a: Tentacruel
|-supereffective|p2a: Tentacruel
|-damage|p2a: Tentacruel|0 fnt
|faint|p2a: Tentacruel
|
|-weather|Sandstorm|[upkeep]
|-damage|p1a: the commander|62/100 brn|[from] brn
|upkeep
|
|t:|1725627674
|switch|p2a: Rotom|Rotom-Wash|46/100
|turn|6
|
|t:|1725627684
|switch|p1a: the specialist|Tentacruel, M, shiny|100/100
|-damage|p1a: the specialist|88/100|[from] Stealth Rock
|move|p2a: Rotom|Hydro Pump|p1a: the specialist
|-resisted|p1a: the specialist
|-damage|p1a: the specialist|64/100
|
|-weather|Sandstorm|[upkeep]
|-damage|p2a: Rotom|39/100|[from] Sandstorm
|-damage|p1a: the specialist|58/100|[from] Sandstorm
|-heal|p1a: the specialist|64/100|[from] item: Black Sludge
|upkeep
|turn|7
|
|t:|1725627695
|switch|p2a: Cofagrigus|Cofagrigus, M|100/100
|move|p1a: the specialist|Acid Spray|p2a: Cofagrigus
|-resisted|p2a: Cofagrigus
|-damage|p2a: Cofagrigus|93/100
|-unboost|p2a: Cofagrigus|spd|2
|
|-weather|Sandstorm|[upkeep]
|-damage|p1a: the specialist|58/100|[from] Sandstorm
|-damage|p2a: Cofagrigus|87/100|[from] Sandstorm
|-heal|p1a: the specialist|64/100|[from] item: Black Sludge
|-heal|p2a: Cofagrigus|93/100|[from] item: Leftovers
|upkeep
|turn|8
|
|t:|1725627707
|move|p1a: the specialist|Scald|p2a: Cofagrigus
|-damage|p2a: Cofagrigus|36/100
|-status|p2a: Cofagrigus|brn
|move|p2a: Cofagrigus|Will-O-Wisp|p1a: the specialist
|-status|p1a: the specialist|brn
|
|-weather|Sandstorm|[upkeep]
|-damage|p1a: the specialist|58/100 brn|[from] Sandstorm
|-damage|p2a: Cofagrigus|30/100 brn|[from] Sandstorm
|-heal|p1a: the specialist|64/100 brn|[from] item: Black Sludge
|-heal|p2a: Cofagrigus|36/100 brn|[from] item: Leftovers
|-damage|p1a: the specialist|51/100 brn|[from] brn
|-damage|p2a: Cofagrigus|23/100 brn|[from] brn
|upkeep
|turn|9
|
|t:|1725627726
|switch|p2a: Dragonite|Dragonite, F|100/100
|move|p1a: the specialist|Scald|p2a: Dragonite
|-resisted|p2a: Dragonite
|-damage|p2a: Dragonite|95/100
|
|-weather|Sandstorm|[upkeep]
|-damage|p1a: the specialist|45/100 brn|[from] Sandstorm
|-damage|p2a: Dragonite|89/100|[from] Sandstorm
|-heal|p1a: the specialist|51/100 brn|[from] item: Black Sludge
|-heal|p2a: Dragonite|95/100|[from] item: Leftovers
|-damage|p1a: the specialist|39/100 brn|[from] brn
|upkeep
|turn|10
|
|t:|1725627738
|switch|p1a: Bronzong|Bronzong|100/100
|-damage|p1a: Bronzong|94/100|[from] Stealth Rock
|move|p2a: Dragonite|Earthquake|p1a: Bronzong
|-immune|p1a: Bronzong|[from] ability: Levitate
|
|-weather|Sandstorm|[upkeep]
|-damage|p2a: Dragonite|89/100|[from] Sandstorm
|-heal|p2a: Dragonite|95/100|[from] item: Leftovers
|upkeep
|turn|11
|
|t:|1725627749
|switch|p2a: Blissey|Blissey, F|100/100
|move|p1a: Bronzong|Trick Room|p1a: Bronzong
|-fieldstart|move: Trick Room|[of] p1a: Bronzong
|
|-weather|Sandstorm|[upkeep]
|-damage|p2a: Blissey|94/100|[from] Sandstorm
|-heal|p2a: Blissey|100/100|[from] item: Leftovers
|upkeep
|turn|12
|
|t:|1725627757
|switch|p1a: the commander|Tyranitar, F, shiny|62/100 brn
|-damage|p1a: the commander|50/100 brn|[from] Stealth Rock
|move|p2a: Blissey|Wish|p2a: Blissey
|
|-weather|Sandstorm|[upkeep]
|-damage|p2a: Blissey|94/100|[from] Sandstorm
|-heal|p2a: Blissey|100/100|[from] item: Leftovers
|-damage|p1a: the commander|38/100 brn|[from] brn
|upkeep
|turn|13
|
|t:|1725627777
|switch|p2a: Forretress|Forretress, F|7/100
|move|p1a: the commander|Stealth Rock|p2a: Forretress
|-sidestart|p2: luiz2343|move: Stealth Rock
|
|-weather|Sandstorm|[upkeep]
|-heal|p2a: Forretress|100/100|[from] move: Wish|[wisher] Blissey
|-damage|p1a: the commander|25/100 brn|[from] brn
|upkeep
|turn|14
|
|t:|1725627788
|move|p2a: Forretress|Rapid Spin|p1a: the commander
|-resisted|p1a: the commander
|-damage|p1a: the commander|24/100 brn
|-sideend|p2: luiz2343|Stealth Rock|[from] move: Rapid Spin|[of] p2a: Forretress
|move|p1a: the commander|Fire Blast|p2a: Forretress
|-supereffective|p2a: Forretress
|-ability|p2a: Forretress|Sturdy
|-damage|p2a: Forretress|1/100
|
|-weather|Sandstorm|[upkeep]
|-heal|p2a: Forretress|7/100|[from] item: Leftovers
|-damage|p1a: the commander|11/100 brn|[from] brn
|upkeep
|turn|15
|
|t:|1725627800
|move|p2a: Forretress|Gyro Ball|p1a: the commander
|-supereffective|p1a: the commander
|-damage|p1a: the commander|0 fnt
|faint|p1a: the commander
|
|-weather|Sandstorm|[upkeep]
|-heal|p2a: Forretress|13/100|[from] item: Leftovers
|-fieldend|move: Trick Room
|upkeep
|
|t:|1725627803
|switch|p1a: the specialist|Tentacruel, M, shiny|39/100 brn
|-damage|p1a: the specialist|27/100 brn|[from] Stealth Rock
|turn|16
|
|t:|1725627818
|move|p1a: the specialist|Rapid Spin|p2a: Forretress
|-resisted|p2a: Forretress
|-damage|p2a: Forretress|13/100
|-sideend|p1: Gen5OU.AntiMeta|Stealth Rock|[from] move: Rapid Spin|[of] p1a: the specialist
|move|p2a: Forretress|Gyro Ball|p1a: the specialist
|-resisted|p1a: the specialist
|-damage|p1a: the specialist|0 fnt
|faint|p1a: the specialist
|
|-weather|Sandstorm|[upkeep]
|-heal|p2a: Forretress|19/100|[from] item: Leftovers
|upkeep
|
|t:|1725627836
|switch|p1a: Aerodactyl|Aerodactyl, F|100/100
|turn|17
|
|t:|1725627842
|move|p1a: Aerodactyl|Earthquake|p2a: Forretress
|-damage|p2a: Forretress|0 fnt
|faint|p2a: Forretress
|
|-weather|Sandstorm|[upkeep]
|upkeep
|
|t:|1725627848
|switch|p2a: Rotom|Rotom-Wash|39/100
|turn|18
|
|t:|1725627853
|move|p2a: Rotom|Will-O-Wisp|p1a: Aerodactyl
|-status|p1a: Aerodactyl|brn
|move|p1a: Aerodactyl|Double-Edge|p2a: Rotom
|-damage|p2a: Rotom|11/100
|
|-weather|Sandstorm|[upkeep]
|-damage|p2a: Rotom|5/100|[from] Sandstorm
|-damage|p1a: Aerodactyl|88/100 brn|[from] brn
|upkeep
|turn|19
|
|t:|1725627868
|switch|p2a: Blissey|Blissey, F|100/100
|move|p1a: Aerodactyl|Rock Slide|p2a: Blissey
|-damage|p2a: Blissey|86/100
|
|-weather|Sandstorm|[upkeep]
|-damage|p2a: Blissey|80/100|[from] Sandstorm
|-heal|p2a: Blissey|86/100|[from] item: Leftovers
|-damage|p1a: Aerodactyl|76/100 brn|[from] brn
|upkeep
|turn|20
|
|t:|1725627878
|move|p1a: Aerodactyl|Double-Edge|p2a: Blissey
|-damage|p2a: Blissey|70/100
|move|p2a: Blissey|Wish|p2a: Blissey
|
|-weather|Sandstorm|[upkeep]
|-damage|p2a: Blissey|64/100|[from] Sandstorm
|-heal|p2a: Blissey|70/100|[from] item: Leftovers
|-damage|p1a: Aerodactyl|64/100 brn|[from] brn
|upkeep
|turn|21
|
|t:|1725627889
|move|p1a: Aerodactyl|Aerial Ace|p2a: Blissey
|-damage|p2a: Blissey|57/100
|move|p2a: Blissey|Heal Bell|p2a: Blissey
|-activate|p2a: Blissey|move: Heal Bell
|-curestatus|p2: Cofagrigus|brn|[msg]
|
|-weather|Sandstorm|[upkeep]
|-damage|p2a: Blissey|51/100|[from] Sandstorm
|-heal|p2a: Blissey|100/100|[from] move: Wish|[wisher] Blissey
|-damage|p1a: Aerodactyl|51/100 brn|[from] brn
|upkeep
|turn|22
|
|t:|1725627900
|switch|p1a: Politoed|Politoed, F|100/100
|-weather|RainDance|[from] ability: Drizzle|[of] p1a: Politoed
|move|p2a: Blissey|Wish|p2a: Blissey
|
|-weather|RainDance|[upkeep]
|upkeep
|turn|23
|
|t:|1725627909
|switch|p2a: Dragonite|Dragonite, F|95/100
|move|p1a: Politoed|Ice Beam|p2a: Dragonite
|-supereffective|p2a: Dragonite
|-damage|p2a: Dragonite|0 fnt
|faint|p2a: Dragonite
|
|-weather|RainDance|[upkeep]
|upkeep
|
|t:|1725627917
|switch|p2a: Rotom|Rotom-Wash|5/100
|turn|24
|
|t:|1725627922
|switch|p1a: Bronzong|Bronzong|94/100
|move|p2a: Rotom|Volt Switch|p1a: Bronzong
|-damage|p1a: Bronzong|65/100
|
|t:|1725627929
|switch|p2a: Blissey|Blissey, F|100/100|[from] Volt Switch
|
|-weather|RainDance|[upkeep]
|upkeep
|turn|25
|
|t:|1725627938
|move|p2a: Blissey|Wish|p2a: Blissey
|move|p1a: Bronzong|Trick Room|p1a: Bronzong
|-fieldstart|move: Trick Room|[of] p1a: Bronzong
|
|-weather|RainDance|[upkeep]
|upkeep
|turn|26
|
|t:|1725627947
|switch|p2a: Cofagrigus|Cofagrigus, M|23/100
|move|p1a: Bronzong|Psyshock|p2a: Cofagrigus
|-damage|p2a: Cofagrigus|3/100
|
|-weather|RainDance|[upkeep]
|-heal|p2a: Cofagrigus|100/100|[from] move: Wish|[wisher] Blissey
|upkeep
|turn|27
|
|t:|1725627957
|switch|p1a: Aerodactyl|Aerodactyl, F|51/100 brn
|move|p2a: Cofagrigus|Will-O-Wisp|p1a: Aerodactyl
|-fail|p1a: Aerodactyl|brn
|
|-weather|RainDance|[upkeep]
|-damage|p1a: Aerodactyl|39/100 brn|[from] brn
|upkeep
|turn|28
|
|t:|1725627966
|switch|p2a: Blissey|Blissey, F|100/100
|move|p1a: Aerodactyl|Earthquake|p2a: Blissey
|-crit|p2a: Blissey
|-damage|p2a: Blissey|73/100
|
|-weather|RainDance|[upkeep]
|-heal|p2a: Blissey|79/100|[from] item: Leftovers
|-damage|p1a: Aerodactyl|27/100 brn|[from] brn
|upkeep
|turn|29
|
|t:|1725627975
|move|p2a: Blissey|Wish|p2a: Blissey
|move|p1a: Aerodactyl|Rock Slide|p2a: Blissey
|-damage|p2a: Blissey|63/100
|
|-weather|RainDance|[upkeep]
|-heal|p2a: Blissey|69/100|[from] item: Leftovers
|-damage|p1a: Aerodactyl|14/100 brn|[from] brn
|-fieldend|move: Trick Room
|upkeep
|turn|30
|
|t:|1725627983
|move|p1a: Aerodactyl|Double-Edge|p2a: Blissey
|-damage|p2a: Blissey|51/100
|move|p2a: Blissey|Seismic Toss|p1a: Aerodactyl
|-damage|p1a: Aerodactyl|0 fnt
|faint|p1a: Aerodactyl
|
|-weather|RainDance|[upkeep]
|-heal|p2a: Blissey|100/100|[from] move: Wish|[wisher] Blissey
|upkeep
|
|t:|1725627988
|switch|p1a: the tormentor|Reuniclus, M, shiny|100/100
|turn|31
|
|t:|1725627995
|switch|p2a: Rotom|Rotom-Wash|5/100
|move|p1a: the tormentor|Trick Room|p1a: the tormentor
|-fieldstart|move: Trick Room|[of] p1a: the tormentor
|
|-weather|RainDance|[upkeep]
|upkeep
|turn|32
|
|t:|1725628004
|switch|p2a: Blissey|Blissey, F|100/100
|move|p1a: the tormentor|Psyshock|p2a: Blissey
|-damage|p2a: Blissey|53/100
|
|-weather|RainDance|[upkeep]
|-heal|p2a: Blissey|59/100|[from] item: Leftovers
|upkeep
|turn|33
|
|t:|1725628012
|move|p1a: the tormentor|Psyshock|p2a: Blissey
|-damage|p2a: Blissey|6/100
|move|p2a: Blissey|Wish|p2a: Blissey
|
|-weather|RainDance|[upkeep]
|-heal|p2a: Blissey|12/100|[from] item: Leftovers
|upkeep
|turn|34
|
|t:|1725628019
|move|p2a: Blissey|Protect|p2a: Blissey
|-singleturn|p2a: Blissey|Protect
|move|p1a: the tormentor|Psyshock|p2a: Blissey
|-activate|p2a: Blissey|move: Protect
|
|-weather|RainDance|[upkeep]
|-heal|p2a: Blissey|62/100|[from] move: Wish|[wisher] Blissey
|-heal|p2a: Blissey|69/100|[from] item: Leftovers
|upkeep
|turn|35
|
|t:|1725628028
|move|p1a: the tormentor|Psyshock|p2a: Blissey
|-damage|p2a: Blissey|18/100
|move|p2a: Blissey|Wish|p2a: Blissey
|
|-weather|RainDance|[upkeep]
|-heal|p2a: Blissey|24/100|[from] item: Leftovers
|-fieldend|move: Trick Room
|upkeep
|turn|36
|
|t:|1725628035
|move|p2a: Blissey|Protect|p2a: Blissey
|-singleturn|p2a: Blissey|Protect
|move|p1a: the tormentor|Psyshock|p2a: Blissey
|-activate|p2a: Blissey|move: Protect
|
|-weather|RainDance|[upkeep]
|-heal|p2a: Blissey|74/100|[from] move: Wish|[wisher] Blissey
|-heal|p2a: Blissey|80/100|[from] item: Leftovers
|upkeep
|turn|37
|
|t:|1725628044
|move|p2a: Blissey|Wish|p2a: Blissey
|move|p1a: the tormentor|Trick Room|p1a: the tormentor
|-fieldstart|move: Trick Room|[of] p1a: the tormentor
|
|-weather|RainDance|[upkeep]
|-heal|p2a: Blissey|86/100|[from] item: Leftovers
|upkeep
|turn|38
|
|t:|1725628050
|switch|p2a: Cofagrigus|Cofagrigus, M|100/100
|move|p1a: the tormentor|Psyshock|p2a: Cofagrigus
|-damage|p2a: Cofagrigus|67/100
|
|-weather|RainDance|[upkeep]
|-heal|p2a: Cofagrigus|100/100|[from] move: Wish|[wisher] Blissey
|upkeep
|turn|39
|
|t:|1725628058
|switch|p1a: Bronzong|Bronzong|65/100
|move|p2a: Cofagrigus|Will-O-Wisp|p1a: Bronzong|[miss]
|-miss|p2a: Cofagrigus|p1a: Bronzong
|
|-weather|RainDance|[upkeep]
|upkeep
|turn|40
|
|t:|1725628064
|move|p2a: Cofagrigus|Will-O-Wisp|p1a: Bronzong|[miss]
|-miss|p2a: Cofagrigus|p1a: Bronzong
|move|p1a: Bronzong|Psyshock|p2a: Cofagrigus
|-damage|p2a: Cofagrigus|80/100
|
|-weather|RainDance|[upkeep]
|-heal|p2a: Cofagrigus|86/100|[from] item: Leftovers
|upkeep
|turn|41
|
|t:|1725628072
|switch|p1a: Politoed|Politoed, F|100/100
|move|p2a: Cofagrigus|Will-O-Wisp|p1a: Politoed|[miss]
|-miss|p2a: Cofagrigus|p1a: Politoed
|
|-weather|RainDance|[upkeep]
|-heal|p2a: Cofagrigus|92/100|[from] item: Leftovers
|-fieldend|move: Trick Room
|upkeep
|turn|42
|
|t:|1725628080
|switch|p2a: Blissey|Blissey, F|86/100
|move|p1a: Politoed|Hydro Pump|p2a: Blissey|[miss]
|-miss|p1a: Politoed|p2a: Blissey
|
|-weather|RainDance|[upkeep]
|-heal|p2a: Blissey|92/100|[from] item: Leftovers
|upkeep
|turn|43
|
|t:|1725628087
|move|p1a: Politoed|Hydro Pump|p2a: Blissey
|-damage|p2a: Blissey|48/100
|move|p2a: Blissey|Wish|p2a: Blissey
|
|-weather|RainDance|[upkeep]
|-heal|p2a: Blissey|55/100|[from] item: Leftovers
|upkeep
|turn|44
|
|t:|1725628094
|switch|p1a: the tormentor|Reuniclus, M, shiny|100/100
|move|p2a: Blissey|Protect||[still]
|-fail|p2a: Blissey
|
|-weather|RainDance|[upkeep]
|-heal|p2a: Blissey|100/100|[from] move: Wish|[wisher] Blissey
|upkeep
|turn|45
|
|t:|1725628101
|move|p2a: Blissey|Wish|p2a: Blissey
|move|p1a: the tormentor|Trick Room|p1a: the tormentor
|-fieldstart|move: Trick Room|[of] p1a: the tormentor
|
|-weather|RainDance|[upkeep]
|upkeep
|turn|46
|
|t:|1725628107
|switch|p2a: Cofagrigus|Cofagrigus, M|92/100
|move|p1a: the tormentor|Psyshock|p2a: Cofagrigus
|-damage|p2a: Cofagrigus|60/100
|
|-weather|RainDance|[upkeep]
|-heal|p2a: Cofagrigus|100/100|[from] move: Wish|[wisher] Blissey
|upkeep
|turn|47
|
|t:|1725628114
|switch|p1a: Politoed|Politoed, F|100/100
|move|p2a: Cofagrigus|Will-O-Wisp|p1a: Politoed
|-status|p1a: Politoed|brn
|
|-weather|RainDance|[upkeep]
|-damage|p1a: Politoed|88/100 brn|[from] brn
|upkeep
|turn|48
|
|t:|1725628123
|switch|p2a: Blissey|Blissey, F|100/100
|move|p1a: Politoed|Surf|p2a: Blissey
|-damage|p2a: Blissey|66/100
|
|-weather|RainDance|[upkeep]
|-heal|p2a: Blissey|73/100|[from] item: Leftovers
|-damage|p1a: Politoed|75/100 brn|[from] brn
|upkeep
|turn|49
|
|t:|1725628132
|move|p2a: Blissey|Seismic Toss|p1a: Politoed
|-damage|p1a: Politoed|49/100 brn
|move|p1a: Politoed|Surf|p2a: Blissey
|-damage|p2a: Blissey|39/100
|
|-weather|RainDance|[upkeep]
|-heal|p2a: Blissey|45/100|[from] item: Leftovers
|-damage|p1a: Politoed|37/100 brn|[from] brn
|-fieldend|move: Trick Room
|upkeep
|turn|50
|
|t:|1725628141
|move|p1a: Politoed|Surf|p2a: Blissey
|-damage|p2a: Blissey|10/100
|move|p2a: Blissey|Wish|p2a: Blissey
|
|-weather|RainDance|[upkeep]
|-heal|p2a: Blissey|16/100|[from] item: Leftovers
|-damage|p1a: Politoed|24/100 brn|[from] brn
|upkeep
|turn|51
|
|t:|1725628148
|switch|p1a: the tormentor|Reuniclus, M, shiny|100/100
|move|p2a: Blissey|Protect||[still]
|-fail|p2a: Blissey
|
|-weather|RainDance|[upkeep]
|-heal|p2a: Blissey|66/100|[from] move: Wish|[wisher] Blissey
|-heal|p2a: Blissey|72/100|[from] item: Leftovers
|upkeep
|turn|52
|
|t:|1725628157
|switch|p2a: Cofagrigus|Cofagrigus, M|100/100
|move|p1a: the tormentor|Psyshock|p2a: Cofagrigus
|-damage|p2a: Cofagrigus|68/100
|
|-weather|RainDance|[upkeep]
|-heal|p2a: Cofagrigus|74/100|[from] item: Leftovers
|upkeep
|turn|53
|
|t:|1725628166
|move|p2a: Cofagrigus|Hex|p1a: the tormentor
|-supereffective|p1a: the tormentor
|-damage|p1a: the tormentor|67/100
|move|p1a: the tormentor|Trick Room|p1a: the tormentor
|-fieldstart|move: Trick Room|[of] p1a: the tormentor
|
|-weather|RainDance|[upkeep]
|-heal|p2a: Cofagrigus|80/100|[from] item: Leftovers
|upkeep
|turn|54
|
|t:|1725628173
|move|p1a: the tormentor|Psyshock|p2a: Cofagrigus
|-damage|p2a: Cofagrigus|44/100
|move|p2a: Cofagrigus|Hex|p1a: the tormentor
|-supereffective|p1a: the tormentor
|-damage|p1a: the tormentor|28/100
|
|-weather|RainDance|[upkeep]
|-heal|p2a: Cofagrigus|50/100|[from] item: Leftovers
|upkeep
|turn|55
|
|t:|1725628181
|move|p1a: the tormentor|Psyshock|p2a: Cofagrigus
|-crit|p2a: Cofagrigus
|-damage|p2a: Cofagrigus|0 fnt
|faint|p2a: Cofagrigus
|
|-weather|RainDance|[upkeep]
|upkeep
|
|t:|1725628187
|switch|p2a: Blissey|Blissey, F|72/100
|turn|56
|
|t:|1725628191
|move|p2a: Blissey|Protect|p2a: Blissey
|-singleturn|p2a: Blissey|Protect
|move|p1a: the tormentor|Psyshock|p2a: Blissey
|-activate|p2a: Blissey|move: Protect
|
|-weather|RainDance|[upkeep]
|-heal|p2a: Blissey|78/100|[from] item: Leftovers
|upkeep
|turn|57
|
|t:|1725628201
|move|p1a: the tormentor|Psyshock|p2a: Blissey
|-damage|p2a: Blissey|27/100
|move|p2a: Blissey|Wish|p2a: Blissey
|
|-weather|RainDance|[upkeep]
|-heal|p2a: Blissey|33/100|[from] item: Leftovers
|-fieldend|move: Trick Room
|upkeep
|turn|58
|
|t:|1725628212
|move|p2a: Blissey|Protect|p2a: Blissey
|-singleturn|p2a: Blissey|Protect
|move|p1a: the tormentor|Trick Room|p1a: the tormentor
|-fieldstart|move: Trick Room|[of] p1a: the tormentor
|
|-weather|RainDance|[upkeep]
|-heal|p2a: Blissey|83/100|[from] move: Wish|[wisher] Blissey
|-heal|p2a: Blissey|90/100|[from] item: Leftovers
|upkeep
|turn|59
|
|t:|1725628220
|move|p1a: the tormentor|Psyshock|p2a: Blissey
|-damage|p2a: Blissey|39/100
|move|p2a: Blissey|Seismic Toss|p1a: the tormentor
|-damage|p1a: the tormentor|0 fnt
|faint|p1a: the tormentor
|
|-weather|RainDance|[upkeep]
|-heal|p2a: Blissey|45/100|[from] item: Leftovers
|upkeep
|
|t:|1725628225
|switch|p1a: Politoed|Politoed, F|24/100 brn
|turn|60
|
|t:|1725628231
|move|p2a: Blissey|Protect|p2a: Blissey
|-singleturn|p2a: Blissey|Protect
|move|p1a: Politoed|Hydro Pump|p2a: Blissey
|-activate|p2a: Blissey|move: Protect
|
|-weather|RainDance|[upkeep]
|-heal|p2a: Blissey|51/100|[from] item: Leftovers
|-damage|p1a: Politoed|12/100 brn|[from] brn
|upkeep
|turn|61
|
|t:|1725628242
|move|p2a: Blissey|Wish|p2a: Blissey
|move|p1a: Politoed|Hydro Pump|p2a: Blissey
|-damage|p2a: Blissey|6/100
|
|-weather|RainDance|[upkeep]
|-heal|p2a: Blissey|12/100|[from] item: Leftovers
|-damage|p1a: Politoed|0 fnt|[from] brn
|faint|p1a: Politoed
|upkeep
|
|t:|1725628247
|switch|p1a: Bronzong|Bronzong|65/100
|turn|62
|
|t:|1725628254
|move|p2a: Blissey|Protect|p2a: Blissey
|-singleturn|p2a: Blissey|Protect
|move|p1a: Bronzong|Psyshock|p2a: Blissey
|-activate|p2a: Blissey|move: Protect
|
|-weather|RainDance|[upkeep]
|-heal|p2a: Blissey|62/100|[from] move: Wish|[wisher] Blissey
|-heal|p2a: Blissey|68/100|[from] item: Leftovers
|-fieldend|move: Trick Room
|upkeep
|turn|63
|-message|Gen5OU.AntiMeta forfeited.
|
|win|luiz2343
|raw|Gen5OU.AntiMeta's rating: 1389 &rarr; <strong>1363</strong><br />(-26 for losing)
|raw|luiz2343's rating: 1272 &rarr; <strong>1305</strong><br />(+33 for winning)
|l|☆Gen5OU.AntiMeta
|player|p1|
