|j|☆yusei38
|j|☆XP3R1
|t:|1705382131
|gametype|singles
|player|p1|yusei38|170|1317
|player|p2|XP3R1|ghetsis|1385
|teamsize|p1|6
|teamsize|p2|6
|gen|5
|tier|[Gen 5] OU
|rated|
|rule|Species Clause: Limit one of each Pokémon
|rule|OHKO Clause: OHKO moves are banned
|rule|Moody Clause: Moody is banned
|rule|Evasion Items Clause: Evasion items are banned
|rule|Evasion Moves Clause: Evasion moves are banned
|rule|Endless Battle Clause: Forcing endless battles is banned
|rule|HP Percentage Mod: HP is shown in percentages
|rule|Evasion Abilities Clause: Evasion abilities are banned
|rule|Sleep Moves Clause: Sleep-inducing moves are banned
|rule|Swagger Clause: Swagger is banned
|rule|Baton Pass Stat Clause: No Baton Passer may have a way to boost its stats
|clearpoke
|poke|p1|Politoed, F|item
|poke|p1|Skarmory, M|item
|poke|p1|Espeon, F|item
|poke|p1|Kyurem-Black|item
|poke|p1|Blissey, F|item
|poke|p1|Jolteon, M|item
|poke|p2|Landorus-Therian, M|item
|poke|p2|Tyranitar, F|item
|poke|p2|Slowbro, M|item
|poke|p2|Scizor, F|item
|poke|p2|Ferrothorn, M|item
|poke|p2|Reuniclus, M|item
|teampreview
|
|t:|1705382139
|start
|switch|p1a: Espeon|Espeon, F, shiny|100/100
|switch|p2a: Don|Slowbro, M, shiny|100/100
|turn|1
|
|t:|1705382157
|switch|p2a: Feral|Ferrothorn, M, shiny|100/100
|move|p1a: Espeon|Calm Mind|p1a: Espeon
|-boost|p1a: Espeon|spa|1
|-boost|p1a: Espeon|spd|1
|
|upkeep
|turn|2
|
|t:|1705382164
|move|p1a: Espeon|Hidden Power|p2a: Feral
|-supereffective|p2a: Feral
|-damage|p2a: Feral|18/100
|-damage|p1a: Espeon|91/100|[from] item: Life Orb
|move|p2a: Feral|Gyro Ball|p1a: Espeon
|-damage|p1a: Espeon|18/100
|
|upkeep
|turn|3
|
|t:|1705382180
|switch|p2a: Tyratina|Tyranitar, F, shiny|100/100
|-weather|Sandstorm|[from] ability: Sand Stream|[of] p2a: Tyratina
|move|p1a: Espeon|Psyshock|p2a: Tyratina
|-immune|p2a: Tyratina
|
|-weather|Sandstorm|[upkeep]
|-damage|p1a: Espeon|12/100|[from] Sandstorm
|upkeep
|turn|4
|
|t:|1705382195
|switch|p1a: Politoed|Politoed, F, shiny|100/100
|-weather|RainDance|[from] ability: Drizzle|[of] p1a: Politoed
|switch|p2a: Your Ruin|Reuniclus, M, shiny|100/100
|
|-weather|RainDance|[upkeep]
|upkeep
|turn|5
|
|t:|1705382216
|switch|p1a: Kyurem|Kyurem-Black|100/100
|-ability|p1a: Kyurem|Teravolt
|move|p2a: Your Ruin|Psyshock|p1a: Kyurem
|-damage|p1a: Kyurem|74/100
|
|-weather|RainDance|[upkeep]
|upkeep
|turn|6
|
|t:|1705382228
|switch|p2a: Feral|Ferrothorn, M, shiny|18/100
|move|p1a: Kyurem|Freeze Shock||[still]
|-prepare|p1a: Kyurem|Freeze Shock
|
|-weather|RainDance|[upkeep]
|upkeep
|turn|7
|inactive|Battle timer is ON: inactive players will automatically lose when time's up. (requested by XP3R1)
|
|t:|1705382234
|move|p1a: Kyurem|Freeze Shock|p2a: Feral|[from]lockedmove
|-damage|p2a: Feral|0 fnt
|faint|p2a: Feral
|
|-weather|RainDance|[upkeep]
|upkeep
|
|t:|1705382248
|switch|p2a: Good Boy|Landorus-Therian, M|100/100
|-ability|p2a: Good Boy|Intimidate|boost
|-unboost|p1a: Kyurem|atk|1
|turn|8
|
|t:|1705382253
|switch|p1a: Skarmory|Skarmory, M, shiny|100/100
|move|p2a: Good Boy|Superpower|p1a: Skarmory
|-damage|p1a: Skarmory|76/100
|-unboost|p2a: Good Boy|atk|1
|-unboost|p2a: Good Boy|def|1
|-damage|p2a: Good Boy|84/100|[from] item: Rocky Helmet|[of] p1a: Skarmory
|
|-weather|RainDance|[upkeep]
|upkeep
|turn|9
|
|t:|1705382263
|switch|p2a: Don|Slowbro, M, shiny|100/100
|switch|p1a: Espeon|Espeon, F, shiny|12/100
|
|-weather|RainDance|[upkeep]
|upkeep
|turn|10
|
|t:|1705382272
|switch|p1a: Kyurem|Kyurem-Black|74/100
|-ability|p1a: Kyurem|Teravolt
|switch|p2a: Tyratina|Tyranitar, F, shiny|100/100
|-weather|Sandstorm|[from] ability: Sand Stream|[of] p2a: Tyratina
|
|-weather|Sandstorm|[upkeep]
|-damage|p1a: Kyurem|68/100|[from] Sandstorm
|upkeep
|turn|11
|
|t:|1705382292
|switch|p2a: Scyzera|Scizor, F, shiny|100/100
|move|p1a: Kyurem|Outrage|p2a: Scyzera
|-resisted|p2a: Scyzera
|-damage|p2a: Scyzera|42/100
|
|-weather|Sandstorm|[upkeep]
|-damage|p1a: Kyurem|62/100|[from] Sandstorm
|upkeep
|turn|12
|
|t:|1705382298
|move|p2a: Scyzera|Bullet Punch|p1a: Kyurem
|-supereffective|p1a: Kyurem
|-damage|p1a: Kyurem|0 fnt
|faint|p1a: Kyurem
|-damage|p2a: Scyzera|32/100|[from] item: Life Orb
|
|-weather|Sandstorm|[upkeep]
|upkeep
|j| getoutofmyheart
|
|t:|1705382310
|switch|p1a: Politoed|Politoed, F, shiny|100/100
|-weather|RainDance|[from] ability: Drizzle|[of] p1a: Politoed
|turn|13
|
|t:|1705382322
|switch|p1a: Espeon|Espeon, F, shiny|12/100
|switch|p2a: Don|Slowbro, M, shiny|100/100
|
|-weather|RainDance|[upkeep]
|upkeep
|turn|14
|
|t:|1705382333
|switch|p1a: Blissey|Blissey, F, shiny|100/100
|switch|p2a: Tyratina|Tyranitar, F, shiny|100/100
|-weather|Sandstorm|[from] ability: Sand Stream|[of] p2a: Tyratina
|
|-weather|Sandstorm|[upkeep]
|-damage|p1a: Blissey|94/100|[from] Sandstorm
|-heal|p1a: Blissey|100/100|[from] item: Leftovers
|upkeep
|turn|15
|
|t:|1705382348
|switch|p1a: Politoed|Politoed, F, shiny|100/100
|-weather|RainDance|[from] ability: Drizzle|[of] p1a: Politoed
|switch|p2a: Scyzera|Scizor, F, shiny|32/100
|
|-weather|RainDance|[upkeep]
|upkeep
|turn|16
|
|t:|1705382355
|switch|p1a: Jolteon|Jolteon, M, shiny|100/100
|move|p2a: Scyzera|Bullet Punch|p1a: Jolteon
|-resisted|p1a: Jolteon
|-damage|p1a: Jolteon|57/100
|-damage|p2a: Scyzera|22/100|[from] item: Life Orb
|
|-weather|RainDance|[upkeep]
|upkeep
|turn|17
|
|t:|1705382361
|switch|p1a: Skarmory|Skarmory, M, shiny|76/100
|move|p2a: Scyzera|Bullet Punch|p1a: Skarmory
|-resisted|p1a: Skarmory
|-damage|p1a: Skarmory|62/100
|-damage|p2a: Scyzera|5/100|[from] item: Rocky Helmet|[of] p1a: Skarmory
|-damage|p2a: Scyzera|0 fnt|[from] item: Life Orb
|faint|p2a: Scyzera
|
|-weather|RainDance|[upkeep]
|upkeep
|
|t:|1705382375
|switch|p2a: Don|Slowbro, M, shiny|100/100
|turn|18
|
|t:|1705382378
|switch|p1a: Espeon|Espeon, F, shiny|12/100
|move|p2a: Don|Flamethrower|p1a: Espeon
|-damage|p1a: Espeon|0 fnt
|faint|p1a: Espeon
|
|-weather|RainDance|[upkeep]
|upkeep
|
|t:|1705382385
|switch|p1a: Jolteon|Jolteon, M, shiny|57/100
|turn|19
|
|t:|1705382391
|switch|p2a: Tyratina|Tyranitar, F, shiny|100/100
|-weather|Sandstorm|[from] ability: Sand Stream|[of] p2a: Tyratina
|move|p1a: Jolteon|Shadow Ball|p2a: Tyratina
|-resisted|p2a: Tyratina
|-damage|p2a: Tyratina|90/100
|
|-weather|Sandstorm|[upkeep]
|-damage|p1a: Jolteon|51/100|[from] Sandstorm
|upkeep
|turn|20
|
|t:|1705382404
|switch|p1a: Politoed|Politoed, F, shiny|100/100
|-weather|RainDance|[from] ability: Drizzle|[of] p1a: Politoed
|move|p2a: Tyratina|Earthquake|p1a: Politoed
|-damage|p1a: Politoed|71/100
|
|-weather|RainDance|[upkeep]
|upkeep
|turn|21
|
|t:|1705382416
|switch|p2a: Don|Slowbro, M, shiny|100/100
|move|p1a: Politoed|Perish Song|p1a: Politoed
|-start|p1a: Politoed|perish3|[silent]
|-start|p2a: Don|perish3|[silent]
|-fieldactivate|move: Perish Song
|
|-weather|RainDance|[upkeep]
|-start|p1a: Politoed|perish3
|-start|p2a: Don|perish3
|upkeep
|turn|22
|
|t:|1705382427
|switch|p1a: Blissey|Blissey, F, shiny|100/100
|move|p2a: Don|Scald|p1a: Blissey
|-damage|p1a: Blissey|83/100
|-status|p1a: Blissey|brn
|
|-weather|RainDance|[upkeep]
|-heal|p1a: Blissey|89/100 brn|[from] item: Leftovers
|-damage|p1a: Blissey|77/100 brn|[from] brn
|-start|p2a: Don|perish2
|upkeep
|turn|23
|
|t:|1705382444
|switch|p2a: Your Ruin|Reuniclus, M, shiny|100/100
|move|p1a: Blissey|Stealth Rock|p2a: Your Ruin
|-sidestart|p2: XP3R1|move: Stealth Rock
|
|-weather|RainDance|[upkeep]
|-heal|p1a: Blissey|83/100 brn|[from] item: Leftovers
|-damage|p1a: Blissey|71/100 brn|[from] brn
|upkeep
|turn|24
|
|t:|1705382451
|move|p1a: Blissey|Thunder Wave|p2a: Your Ruin
|-status|p2a: Your Ruin|par
|cant|p2a: Your Ruin|par
|
|-weather|RainDance|[upkeep]
|-heal|p1a: Blissey|77/100 brn|[from] item: Leftovers
|-damage|p1a: Blissey|64/100 brn|[from] brn
|upkeep
|turn|25
|
|t:|1705382460
|-curestatus|p1a: Blissey|brn|[from] ability: Natural Cure
|switch|p1a: Jolteon|Jolteon, M, shiny|51/100
|move|p2a: Your Ruin|Calm Mind|p2a: Your Ruin
|-boost|p2a: Your Ruin|spa|1
|-boost|p2a: Your Ruin|spd|1
|
|-weather|RainDance|[upkeep]
|upkeep
|turn|26
|
|t:|1705382468
|move|p1a: Jolteon|Shadow Ball|p2a: Your Ruin
|-supereffective|p2a: Your Ruin
|-damage|p2a: Your Ruin|60/100 par
|-unboost|p2a: Your Ruin|spd|1
|move|p2a: Your Ruin|Psyshock|p1a: Jolteon
|-damage|p1a: Jolteon|0 fnt
|faint|p1a: Jolteon
|
|-weather|RainDance|[upkeep]
|-heal|p2a: Your Ruin|67/100 par|[from] item: Leftovers
|upkeep
|
|t:|1705382479
|switch|p1a: Politoed|Politoed, F, shiny|71/100
|turn|27
|
|t:|1705382483
|move|p1a: Politoed|Scald|p2a: Your Ruin
|-damage|p2a: Your Ruin|39/100 par
|move|p2a: Your Ruin|Psyshock|p1a: Politoed
|-damage|p1a: Politoed|26/100
|
|-weather|RainDance|[upkeep]
|-heal|p2a: Your Ruin|45/100 par|[from] item: Leftovers
|upkeep
|turn|28
|
|t:|1705382489
|move|p1a: Politoed|Rest|p1a: Politoed
|-status|p1a: Politoed|slp|[from] move: Rest
|-heal|p1a: Politoed|100/100 slp|[silent]
|-enditem|p1a: Politoed|Chesto Berry|[eat]
|-curestatus|p1a: Politoed|slp|[msg]
|move|p2a: Your Ruin|Recover|p2a: Your Ruin
|-heal|p2a: Your Ruin|95/100 par
|
|-weather|RainDance|[upkeep]
|-heal|p2a: Your Ruin|100/100 par|[from] item: Leftovers
|upkeep
|turn|29
|
|t:|1705382499
|move|p1a: Politoed|Perish Song|p1a: Politoed
|-start|p1a: Politoed|perish3|[silent]
|-start|p2a: Your Ruin|perish3|[silent]
|-fieldactivate|move: Perish Song
|move|p2a: Your Ruin|Calm Mind|p2a: Your Ruin
|-boost|p2a: Your Ruin|spa|1
|-boost|p2a: Your Ruin|spd|1
|
|-weather|RainDance|[upkeep]
|-start|p1a: Politoed|perish3
|-start|p2a: Your Ruin|perish3
|upkeep
|turn|30
|
|t:|1705382510
|switch|p1a: Skarmory|Skarmory, M, shiny|62/100
|move|p2a: Your Ruin|Psyshock|p1a: Skarmory
|-resisted|p1a: Skarmory
|-damage|p1a: Skarmory|41/100
|
|-weather|RainDance|[upkeep]
|-start|p2a: Your Ruin|perish2
|upkeep
|turn|31
|
|t:|1705382518
|move|p1a: Skarmory|Roost|p1a: Skarmory
|-heal|p1a: Skarmory|91/100
|-singleturn|p1a: Skarmory|move: Roost
|move|p2a: Your Ruin|Shadow Ball|p1a: Skarmory
|-resisted|p1a: Skarmory
|-damage|p1a: Skarmory|62/100
|
|-weather|RainDance|[upkeep]
|-start|p2a: Your Ruin|perish1
|upkeep
|turn|32
|
|t:|1705382529
|switch|p2a: Don|Slowbro, M, shiny|100/100
|-damage|p2a: Don|88/100|[from] Stealth Rock
|move|p1a: Skarmory|Spikes|p2a: Don
|-sidestart|p2: XP3R1|Spikes
|
|-weather|RainDance|[upkeep]
|-heal|p2a: Don|94/100|[from] item: Leftovers
|upkeep
|turn|33
|
|t:|1705382536
|switch|p1a: Blissey|Blissey, F, shiny|64/100
|move|p2a: Don|Scald|p1a: Blissey
|-damage|p1a: Blissey|45/100
|
|-weather|RainDance|[upkeep]
|-heal|p1a: Blissey|51/100|[from] item: Leftovers
|-heal|p2a: Don|99/100|[from] item: Leftovers
|upkeep
|turn|34
|
|t:|1705382545
|switch|p2a: Your Ruin|Reuniclus, M, shiny|100/100 par
|move|p1a: Blissey|Thunder Wave|p2a: Your Ruin
|-fail|p2a: Your Ruin|par
|
|-weather|RainDance|[upkeep]
|-heal|p1a: Blissey|58/100|[from] item: Leftovers
|upkeep
|turn|35
|
|t:|1705382549
|switch|p1a: Politoed|Politoed, F, shiny|100/100
|move|p2a: Your Ruin|Calm Mind|p2a: Your Ruin
|-boost|p2a: Your Ruin|spa|1
|-boost|p2a: Your Ruin|spd|1
|
|-weather|RainDance|[upkeep]
|upkeep
|turn|36
|
|t:|1705382556
|move|p1a: Politoed|Perish Song|p1a: Politoed
|-start|p1a: Politoed|perish3|[silent]
|-start|p2a: Your Ruin|perish3|[silent]
|-fieldactivate|move: Perish Song
|move|p2a: Your Ruin|Psyshock|p1a: Politoed
|-damage|p1a: Politoed|61/100
|
|-weather|RainDance|[upkeep]
|-start|p1a: Politoed|perish3
|-start|p2a: Your Ruin|perish3
|upkeep
|turn|37
|
|t:|1705382564
|move|p1a: Politoed|Protect|p1a: Politoed
|-singleturn|p1a: Politoed|Protect
|move|p2a: Your Ruin|Psyshock|p1a: Politoed
|-activate|p1a: Politoed|move: Protect
|
|-weather|RainDance|[upkeep]
|-start|p1a: Politoed|perish2
|-start|p2a: Your Ruin|perish2
|upkeep
|turn|38
|
|t:|1705382573
|switch|p1a: Skarmory|Skarmory, M, shiny|62/100
|move|p2a: Your Ruin|Psyshock|p1a: Skarmory
|-resisted|p1a: Skarmory
|-damage|p1a: Skarmory|46/100
|
|-weather|RainDance|[upkeep]
|-start|p2a: Your Ruin|perish1
|upkeep
|turn|39
|
|t:|1705382580
|switch|p2a: Don|Slowbro, M, shiny|100/100
|-damage|p2a: Don|88/100|[from] Stealth Rock
|-damage|p2a: Don|76/100|[from] Spikes
|move|p1a: Skarmory|Spikes|p2a: Don
|-sidestart|p2: XP3R1|Spikes
|
|-weather|RainDance|[upkeep]
|-heal|p2a: Don|82/100|[from] item: Leftovers
|upkeep
|turn|40
|
|t:|1705382589
|switch|p1a: Blissey|Blissey, F, shiny|58/100
|move|p2a: Don|Scald|p1a: Blissey
|-crit|p1a: Blissey
|-damage|p1a: Blissey|20/100
|
|-weather|RainDance|[upkeep]
|-heal|p1a: Blissey|26/100|[from] item: Leftovers
|-heal|p2a: Don|88/100|[from] item: Leftovers
|upkeep
|turn|41
|
|t:|1705382598
|switch|p2a: Your Ruin|Reuniclus, M, shiny|100/100 par
|move|p1a: Blissey|Soft-Boiled|p1a: Blissey
|-heal|p1a: Blissey|76/100
|
|-weather|RainDance|[upkeep]
|-heal|p1a: Blissey|82/100|[from] item: Leftovers
|upkeep
|turn|42
|
|t:|1705382605
|switch|p1a: Politoed|Politoed, F, shiny|61/100
|move|p2a: Your Ruin|Calm Mind|p2a: Your Ruin
|-boost|p2a: Your Ruin|spa|1
|-boost|p2a: Your Ruin|spd|1
|
|-weather|RainDance|[upkeep]
|upkeep
|turn|43
|
|t:|1705382611
|move|p1a: Politoed|Perish Song|p1a: Politoed
|-start|p1a: Politoed|perish3|[silent]
|-start|p2a: Your Ruin|perish3|[silent]
|-fieldactivate|move: Perish Song
|move|p2a: Your Ruin|Psyshock|p1a: Politoed
|-damage|p1a: Politoed|23/100
|
|-weather|RainDance|[upkeep]
|-start|p1a: Politoed|perish3
|-start|p2a: Your Ruin|perish3
|upkeep
|turn|44
|
|t:|1705382618
|move|p1a: Politoed|Protect|p1a: Politoed
|-singleturn|p1a: Politoed|Protect
|cant|p2a: Your Ruin|par
|
|-weather|RainDance|[upkeep]
|-start|p1a: Politoed|perish2
|-start|p2a: Your Ruin|perish2
|upkeep
|turn|45
|
|t:|1705382625
|move|p1a: Politoed|Rest|p1a: Politoed
|-status|p1a: Politoed|slp|[from] move: Rest
|-heal|p1a: Politoed|100/100 slp|[silent]
|move|p2a: Your Ruin|Psyshock|p1a: Politoed
|-damage|p1a: Politoed|60/100 slp
|
|-weather|RainDance|[upkeep]
|-start|p1a: Politoed|perish1
|-start|p2a: Your Ruin|perish1
|upkeep
|turn|46
|
|t:|1705382638
|switch|p2a: Tyratina|Tyranitar, F, shiny|90/100
|-damage|p2a: Tyratina|78/100|[from] Stealth Rock
|-damage|p2a: Tyratina|61/100|[from] Spikes
|-weather|Sandstorm|[from] ability: Sand Stream|[of] p2a: Tyratina
|cant|p1a: Politoed|slp
|
|-weather|Sandstorm|[upkeep]
|-damage|p1a: Politoed|54/100 slp|[from] Sandstorm
|-start|p1a: Politoed|perish0
|upkeep
|faint|p1a: Politoed
|
|t:|1705382648
|switch|p1a: Skarmory|Skarmory, M, shiny|46/100
|turn|47
|
|t:|1705382653
|switch|p2a: Don|Slowbro, M, shiny|100/100
|-damage|p2a: Don|88/100|[from] Stealth Rock
|-damage|p2a: Don|72/100|[from] Spikes
|move|p1a: Skarmory|Roost|p1a: Skarmory
|-heal|p1a: Skarmory|96/100
|-singleturn|p1a: Skarmory|move: Roost
|
|-weather|Sandstorm|[upkeep]
|-damage|p2a: Don|65/100|[from] Sandstorm
|-heal|p2a: Don|72/100|[from] item: Leftovers
|upkeep
|turn|48
|
|t:|1705382665
|switch|p1a: Blissey|Blissey, F, shiny|82/100
|move|p2a: Don|Flamethrower|p1a: Blissey
|-damage|p1a: Blissey|73/100
|
|-weather|Sandstorm|[upkeep]
|-damage|p1a: Blissey|67/100|[from] Sandstorm
|-damage|p2a: Don|65/100|[from] Sandstorm
|-heal|p1a: Blissey|73/100|[from] item: Leftovers
|-heal|p2a: Don|72/100|[from] item: Leftovers
|upkeep
|turn|49
|
|t:|1705382674
|switch|p1a: Skarmory|Skarmory, M, shiny|96/100
|switch|p2a: Your Ruin|Reuniclus, M, shiny|100/100 par
|
|-weather|Sandstorm|[upkeep]
|upkeep
|turn|50
|
|t:|1705382689
|move|p1a: Skarmory|Spikes|p2a: Your Ruin
|-sidestart|p2: XP3R1|Spikes
|cant|p2a: Your Ruin|par
|
|-weather|Sandstorm|[upkeep]
|upkeep
|turn|51
|
|t:|1705382695
|move|p2a: Your Ruin|Calm Mind|p2a: Your Ruin
|-boost|p2a: Your Ruin|spa|1
|-boost|p2a: Your Ruin|spd|1
|move|p1a: Skarmory|Whirlwind|p2a: Your Ruin
|drag|p2a: Good Boy|Landorus-Therian, M|84/100
|-damage|p2a: Good Boy|71/100|[from] Stealth Rock
|-ability|p2a: Good Boy|Intimidate|boost
|-unboost|p1a: Skarmory|atk|1
|
|-weather|Sandstorm|[upkeep]
|upkeep
|turn|52
|
|t:|1705382706
|switch|p2a: Your Ruin|Reuniclus, M, shiny|100/100 par
|switch|p1a: Blissey|Blissey, F, shiny|73/100
|
|-weather|Sandstorm|[upkeep]
|-damage|p1a: Blissey|67/100|[from] Sandstorm
|-heal|p1a: Blissey|73/100|[from] item: Leftovers
|upkeep
|turn|53
|
|t:|1705382713
|switch|p1a: Skarmory|Skarmory, M, shiny|96/100
|cant|p2a: Your Ruin|par
|
|-weather|Sandstorm|[upkeep]
|upkeep
|turn|54
|
|t:|1705382720
|move|p1a: Skarmory|Brave Bird|p2a: Your Ruin
|-damage|p2a: Your Ruin|64/100 par
|-damage|p1a: Skarmory|82/100|[from] Recoil
|move|p2a: Your Ruin|Shadow Ball|p1a: Skarmory
|-resisted|p1a: Skarmory
|-damage|p1a: Skarmory|65/100
|-unboost|p1a: Skarmory|spd|1
|
|-weather|Sandstorm|[upkeep]
|-heal|p2a: Your Ruin|71/100 par|[from] item: Leftovers
|upkeep
|turn|55
|
|t:|1705382730
|cant|p2a: Your Ruin|par
|move|p1a: Skarmory|Whirlwind|p2a: Your Ruin
|drag|p2a: Tyratina|Tyranitar, F, shiny|61/100
|-damage|p2a: Tyratina|49/100|[from] Stealth Rock
|-damage|p2a: Tyratina|24/100|[from] Spikes
|
|-weather|Sandstorm|[upkeep]
|upkeep
|turn|56
|
|t:|1705382739
|move|p2a: Tyratina|Rock Slide|p1a: Skarmory
|-damage|p1a: Skarmory|42/100
|cant|p1a: Skarmory|flinch
|
|-weather|Sandstorm|[upkeep]
|upkeep
|turn|57
|
|t:|1705382745
|move|p1a: Skarmory|Roost|p1a: Skarmory
|-heal|p1a: Skarmory|92/100
|-singleturn|p1a: Skarmory|move: Roost
|move|p2a: Tyratina|Rock Slide|p1a: Skarmory
|-resisted|p1a: Skarmory
|-damage|p1a: Skarmory|80/100
|
|-weather|Sandstorm|[upkeep]
|upkeep
|turn|58
|
|t:|1705382753
|move|p2a: Tyratina|Rock Slide|p1a: Skarmory
|-damage|p1a: Skarmory|58/100
|move|p1a: Skarmory|Whirlwind|p2a: Tyratina
|drag|p2a: Good Boy|Landorus-Therian, M|71/100
|-damage|p2a: Good Boy|59/100|[from] Stealth Rock
|-ability|p2a: Good Boy|Intimidate|boost
|-unboost|p1a: Skarmory|atk|1
|
|-weather|Sandstorm|[upkeep]
|upkeep
|turn|59
|
|t:|1705382768
|switch|p2a: Your Ruin|Reuniclus, M, shiny|71/100 par
|move|p1a: Skarmory|Roost|p1a: Skarmory
|-heal|p1a: Skarmory|100/100
|-singleturn|p1a: Skarmory|move: Roost
|
|-weather|Sandstorm|[upkeep]
|-heal|p2a: Your Ruin|77/100 par|[from] item: Leftovers
|upkeep
|turn|60
|
|t:|1705382776
|switch|p1a: Blissey|Blissey, F, shiny|73/100
|move|p2a: Your Ruin|Shadow Ball|p1a: Blissey
|-immune|p1a: Blissey
|
|-weather|Sandstorm|[upkeep]
|-damage|p1a: Blissey|67/100|[from] Sandstorm
|-heal|p1a: Blissey|73/100|[from] item: Leftovers
|-heal|p2a: Your Ruin|83/100 par|[from] item: Leftovers
|upkeep
|turn|61
|
|t:|1705382784
|move|p1a: Blissey|Seismic Toss|p2a: Your Ruin
|-damage|p2a: Your Ruin|58/100 par
|cant|p2a: Your Ruin|par
|
|-weather|Sandstorm|[upkeep]
|-damage|p1a: Blissey|67/100|[from] Sandstorm
|-heal|p1a: Blissey|73/100|[from] item: Leftovers
|-heal|p2a: Your Ruin|64/100 par|[from] item: Leftovers
|upkeep
|turn|62
|
|t:|1705382792
|switch|p1a: Skarmory|Skarmory, M, shiny|100/100
|cant|p2a: Your Ruin|par
|
|-weather|Sandstorm|[upkeep]
|-heal|p2a: Your Ruin|71/100 par|[from] item: Leftovers
|upkeep
|turn|63
|
|t:|1705382799
|move|p1a: Skarmory|Brave Bird|p2a: Your Ruin
|-damage|p2a: Your Ruin|38/100 par
|-damage|p1a: Skarmory|88/100|[from] Recoil
|move|p2a: Your Ruin|Recover|p2a: Your Ruin
|-heal|p2a: Your Ruin|88/100 par
|
|-weather|Sandstorm|[upkeep]
|-heal|p2a: Your Ruin|94/100 par|[from] item: Leftovers
|upkeep
|turn|64
|
|t:|1705382807
|move|p1a: Skarmory|Brave Bird|p2a: Your Ruin
|-damage|p2a: Your Ruin|60/100 par
|-damage|p1a: Skarmory|74/100|[from] Recoil
|cant|p2a: Your Ruin|par
|
|-weather|Sandstorm|[upkeep]
|-heal|p2a: Your Ruin|66/100 par|[from] item: Leftovers
|upkeep
|turn|65
|
|t:|1705382814
|move|p1a: Skarmory|Brave Bird|p2a: Your Ruin
|-damage|p2a: Your Ruin|34/100 par
|-damage|p1a: Skarmory|61/100|[from] Recoil
|cant|p2a: Your Ruin|par
|
|-weather|Sandstorm|[upkeep]
|-heal|p2a: Your Ruin|40/100 par|[from] item: Leftovers
|upkeep
|turn|66
|
|t:|1705382821
|move|p1a: Skarmory|Brave Bird|p2a: Your Ruin
|-damage|p2a: Your Ruin|4/100 par
|-damage|p1a: Skarmory|47/100|[from] Recoil
|cant|p2a: Your Ruin|par
|
|-weather|Sandstorm|[upkeep]
|-heal|p2a: Your Ruin|10/100 par|[from] item: Leftovers
|upkeep
|turn|67
|
|t:|1705382829
|move|p1a: Skarmory|Brave Bird|p2a: Your Ruin
|-damage|p2a: Your Ruin|0 fnt
|faint|p2a: Your Ruin
|-damage|p1a: Skarmory|43/100|[from] Recoil
|
|-weather|Sandstorm|[upkeep]
|upkeep
|
|t:|1705382839
|switch|p2a: Good Boy|Landorus-Therian, M|59/100
|-damage|p2a: Good Boy|46/100|[from] Stealth Rock
|-ability|p2a: Good Boy|Intimidate|boost
|-unboost|p1a: Skarmory|atk|1
|turn|68
|
|t:|1705382844
|move|p2a: Good Boy|Superpower|p1a: Skarmory
|-damage|p1a: Skarmory|17/100
|-unboost|p2a: Good Boy|atk|1
|-unboost|p2a: Good Boy|def|1
|-damage|p2a: Good Boy|30/100|[from] item: Rocky Helmet|[of] p1a: Skarmory
|move|p1a: Skarmory|Roost|p1a: Skarmory
|-heal|p1a: Skarmory|67/100
|-singleturn|p1a: Skarmory|move: Roost
|
|-weather|Sandstorm|[upkeep]
|upkeep
|turn|69
|
|t:|1705382854
|switch|p2a: Don|Slowbro, M, shiny|100/100
|-damage|p2a: Don|88/100|[from] Stealth Rock
|-damage|p2a: Don|63/100|[from] Spikes
|move|p1a: Skarmory|Roost|p1a: Skarmory
|-heal|p1a: Skarmory|100/100
|-singleturn|p1a: Skarmory|move: Roost
|
|-weather|Sandstorm|[upkeep]
|-damage|p2a: Don|57/100|[from] Sandstorm
|-heal|p2a: Don|63/100|[from] item: Leftovers
|upkeep
|turn|70
|
|t:|1705382865
|move|p2a: Don|Toxic|p1a: Skarmory
|-immune|p1a: Skarmory
|move|p1a: Skarmory|Whirlwind|p2a: Don
|drag|p2a: Tyratina|Tyranitar, F, shiny|24/100
|-damage|p2a: Tyratina|12/100|[from] Stealth Rock
|-damage|p2a: Tyratina|0 fnt|[from] Spikes
|faint|p2a: Tyratina
|
|-weather|Sandstorm|[upkeep]
|upkeep
|
|t:|1705382871
|switch|p2a: Don|Slowbro, M, shiny|96/100
|-damage|p2a: Don|84/100|[from] Stealth Rock
|-damage|p2a: Don|59/100|[from] Spikes
|turn|71
|
|t:|1705382877
|move|p2a: Don|Flamethrower|p1a: Skarmory
|-supereffective|p1a: Skarmory
|-damage|p1a: Skarmory|36/100
|move|p1a: Skarmory|Whirlwind|p2a: Don
|drag|p2a: Good Boy|Landorus-Therian, M|30/100
|-damage|p2a: Good Boy|17/100|[from] Stealth Rock
|-ability|p2a: Good Boy|Intimidate|boost
|-unboost|p1a: Skarmory|atk|1
|
|-weather|Sandstorm|[upkeep]
|upkeep
|turn|72
|
|t:|1705382891
|switch|p2a: Don|Slowbro, M, shiny|92/100
|-damage|p2a: Don|80/100|[from] Stealth Rock
|-damage|p2a: Don|55/100|[from] Spikes
|move|p1a: Skarmory|Roost|p1a: Skarmory
|-heal|p1a: Skarmory|86/100
|-singleturn|p1a: Skarmory|move: Roost
|
|-weather|Sandstorm|[upkeep]
|-damage|p2a: Don|49/100|[from] Sandstorm
|-heal|p2a: Don|55/100|[from] item: Leftovers
|upkeep
|turn|73
|
|t:|1705382902
|switch|p1a: Blissey|Blissey, F, shiny|73/100
|move|p2a: Don|Flamethrower|p1a: Blissey
|-damage|p1a: Blissey|64/100
|-status|p1a: Blissey|brn
|
|-weather|Sandstorm|[upkeep]
|-damage|p1a: Blissey|58/100 brn|[from] Sandstorm
|-damage|p2a: Don|49/100|[from] Sandstorm
|-heal|p1a: Blissey|64/100 brn|[from] item: Leftovers
|-heal|p2a: Don|55/100|[from] item: Leftovers
|-damage|p1a: Blissey|52/100 brn|[from] brn
|upkeep
|turn|74
|
|t:|1705382915
|switch|p2a: Good Boy|Landorus-Therian, M|17/100
|-damage|p2a: Good Boy|5/100|[from] Stealth Rock
|-ability|p2a: Good Boy|Intimidate|boost
|-unboost|p1a: Blissey|atk|1
|move|p1a: Blissey|Thunder Wave|p2a: Good Boy
|-immune|p2a: Good Boy
|
|-weather|Sandstorm|[upkeep]
|-damage|p1a: Blissey|45/100 brn|[from] Sandstorm
|-heal|p1a: Blissey|52/100 brn|[from] item: Leftovers
|-damage|p1a: Blissey|39/100 brn|[from] brn
|upkeep
|turn|75
|
|t:|1705382919
|-curestatus|p1a: Blissey|brn|[from] ability: Natural Cure
|switch|p1a: Skarmory|Skarmory, M, shiny|86/100
|move|p2a: Good Boy|Superpower|p1a: Skarmory
|-damage|p1a: Skarmory|58/100
|-unboost|p2a: Good Boy|atk|1
|-unboost|p2a: Good Boy|def|1
|-damage|p2a: Good Boy|0 fnt|[from] item: Rocky Helmet|[of] p1a: Skarmory
|faint|p2a: Good Boy
|
|-weather|Sandstorm|[upkeep]
|upkeep
|
|t:|1705382921
|switch|p2a: Don|Slowbro, M, shiny|88/100
|-damage|p2a: Don|75/100|[from] Stealth Rock
|-damage|p2a: Don|50/100|[from] Spikes
|turn|76
|-message|XP3R1 forfeited.
|
|win|yusei38
|raw|yusei38's rating: 1317 &rarr; <strong>1341</strong><br />(+24 for winning)
|raw|XP3R1's rating: 1385 &rarr; <strong>1361</strong><br />(-24 for losing)
|l|☆XP3R1
|player|p2|
