|j|☆v50gw
|j|☆Hans Bloodsmith
|t:|1730715201
|gametype|singles
|player|p1|v50gw|n|1331
|player|p2|Hans Bloodsmith|plasmagrunt|1359
|teamsize|p1|6
|teamsize|p2|6
|gen|5
|tier|[Gen 5] OU
|rated|
|rule|Species Clause: Limit one of each Pokémon
|rule|OHKO Clause: OHKO moves are banned
|rule|Moody Clause: Moody is banned
|rule|Evasion Items Clause: Evasion items are banned
|rule|Evasion Moves Clause: Evasion moves are banned
|rule|Endless Battle Clause: Forcing endless battles is banned
|rule|HP Percentage Mod: HP is shown in percentages
|rule|Evasion Abilities Clause: Evasion abilities are banned
|rule|Sleep Moves Clause: Sleep-inducing moves are banned
|rule|Swagger Clause: Swagger is banned
|rule|Baton Pass Stat Clause: No Baton Passer may have a way to boost its stats
|clearpoke
|poke|p1|Ferrothorn, F|item
|poke|p1|Tentacruel, M|item
|poke|p1|Alakazam, F|item
|poke|p1|Mienshao, M|item
|poke|p1|Keldeo|item
|poke|p1|Kyurem-Black|item
|poke|p2|Volcarona, M|item
|poke|p2|Hydreigon, M|item
|poke|p2|Mamoswine, M|item
|poke|p2|Magnezone|item
|poke|p2|Toxicroak, F|item
|poke|p2|Politoed, M|item
|teampreview
|inactive|Battle timer is ON: inactive players will automatically lose when time's up. (requested by Hans Bloodsmith)
|inactive|v50gw also wants the timer to be on.
|
|t:|1730715216
|start
|switch|p1a: Mienshao|Mienshao, M|100/100
|switch|p2a: Francis|Politoed, M|100/100
|-weather|RainDance|[from] ability: Drizzle|[of] p2a: Francis
|turn|1
|
|t:|1730715224
|switch|p2a: Verona|Toxicroak, F|100/100
|move|p1a: Mienshao|Fake Out|p2a: Verona
|-crit|p2a: Verona
|-damage|p2a: Verona|42/100
|-damage|p1a: Mienshao|91/100|[from] item: Life Orb
|
|-weather|RainDance|[upkeep]
|-heal|p2a: Verona|55/100|[from] ability: Dry Skin
|upkeep
|turn|2
|
|t:|1730715240
|move|p1a: Mienshao|U-turn|p2a: Verona
|-resisted|p2a: Verona
|-damage|p2a: Verona|43/100
|-damage|p1a: Mienshao|81/100|[from] item: Life Orb
|
|t:|1730715249
|switch|p1a: Ferrothorn|Ferrothorn, F|100/100|[from] U-turn
|move|p2a: Verona|Drain Punch|p1a: Ferrothorn
|-supereffective|p1a: Ferrothorn
|-damage|p1a: Ferrothorn|47/100
|-heal|p2a: Verona|73/100|[from] drain|[of] p1a: Ferrothorn
|-damage|p2a: Verona|60/100|[from] ability: Iron Barbs|[of] p1a: Ferrothorn
|-damage|p2a: Verona|44/100|[from] item: Rocky Helmet|[of] p1a: Ferrothorn
|-damage|p2a: Verona|34/100|[from] item: Life Orb
|
|-weather|RainDance|[upkeep]
|-heal|p2a: Verona|46/100|[from] ability: Dry Skin
|upkeep
|turn|3
|
|t:|1730715265
|switch|p2a: Stein|Magnezone|100/100
|switch|p1a: Tentacruel|Tentacruel, M|100/100
|
|-weather|RainDance|[upkeep]
|upkeep
|turn|4
|
|t:|1730715279
|switch|p2a: Verona|Toxicroak, F|46/100
|move|p1a: Tentacruel|Toxic Spikes|p2a: Verona
|-sidestart|p2: Hans Bloodsmith|move: Toxic Spikes
|
|-weather|RainDance|[upkeep]
|-heal|p2a: Verona|59/100|[from] ability: Dry Skin
|upkeep
|turn|5
|inactive|v50gw has 120 seconds left.
|
|t:|1730715301
|switch|p1a: Ferrothorn|Ferrothorn, F|47/100
|move|p2a: Verona|Swords Dance|p2a: Verona
|-boost|p2a: Verona|atk|2
|
|-weather|RainDance|[upkeep]
|-heal|p2a: Verona|71/100|[from] ability: Dry Skin
|upkeep
|turn|6
|
|t:|1730715311
|move|p2a: Verona|Drain Punch|p1a: Ferrothorn
|-supereffective|p1a: Ferrothorn
|-damage|p1a: Ferrothorn|0 fnt
|-heal|p2a: Verona|97/100|[from] drain|[of] p1a: Ferrothorn
|-damage|p2a: Verona|85/100|[from] ability: Iron Barbs|[of] p1a: Ferrothorn
|-damage|p2a: Verona|68/100|[from] item: Rocky Helmet|[of] p1a: Ferrothorn
|faint|p1a: Ferrothorn
|-damage|p2a: Verona|58/100|[from] item: Life Orb
|
|-weather|RainDance|[upkeep]
|-heal|p2a: Verona|71/100|[from] ability: Dry Skin
|upkeep
|inactive|v50gw has 120 seconds left.
|
|t:|1730715324
|switch|p1a: Mienshao|Mienshao, M|100/100
|turn|7
|
|t:|1730715328
|move|p1a: Mienshao|Fake Out|p2a: Verona
|-damage|p2a: Verona|42/100
|-damage|p1a: Mienshao|91/100|[from] item: Life Orb
|cant|p2a: Verona|flinch
|
|-weather|RainDance|[upkeep]
|-heal|p2a: Verona|54/100|[from] ability: Dry Skin
|upkeep
|turn|8
|inactive|v50gw has 120 seconds left.
|
|t:|1730715356
|move|p1a: Mienshao|U-turn|p2a: Verona
|-resisted|p2a: Verona
|-damage|p2a: Verona|42/100
|-damage|p1a: Mienshao|81/100|[from] item: Life Orb
|
|t:|1730715366
|switch|p1a: Tentacruel|Tentacruel, M|100/100|[from] U-turn
|move|p2a: Verona|Drain Punch|p1a: Tentacruel
|-resisted|p1a: Tentacruel
|-damage|p1a: Tentacruel|61/100
|-heal|p2a: Verona|65/100|[from] drain|[of] p1a: Tentacruel
|-damage|p2a: Verona|55/100|[from] item: Life Orb
|
|-weather|RainDance|[upkeep]
|-heal|p2a: Verona|67/100|[from] ability: Dry Skin
|-heal|p1a: Tentacruel|67/100|[from] ability: Rain Dish
|-heal|p1a: Tentacruel|73/100|[from] item: Black Sludge
|upkeep
|turn|9
|inactive|v50gw has 120 seconds left.
|
|t:|1730715383
|move|p2a: Verona|Swords Dance|p2a: Verona
|-boost|p2a: Verona|atk|2
|move|p1a: Tentacruel|Knock Off|p2a: Verona
|-resisted|p2a: Verona
|-damage|p2a: Verona|65/100
|-enditem|p2a: Verona|Life Orb|[from] move: Knock Off|[of] p1a: Tentacruel
|
|-weather|RainDance|[upkeep]
|-heal|p2a: Verona|77/100|[from] ability: Dry Skin
|-heal|p1a: Tentacruel|79/100|[from] ability: Rain Dish
|-heal|p1a: Tentacruel|85/100|[from] item: Black Sludge
|upkeep
|turn|10
|
|t:|1730715410
|move|p2a: Verona|Drain Punch|p1a: Tentacruel
|-resisted|p1a: Tentacruel
|-damage|p1a: Tentacruel|37/100
|-heal|p2a: Verona|100/100|[from] drain|[of] p1a: Tentacruel
|move|p1a: Tentacruel|Toxic Spikes|p2a: Verona
|-sidestart|p2: Hans Bloodsmith|move: Toxic Spikes
|
|-weather|RainDance|[upkeep]
|-heal|p1a: Tentacruel|43/100|[from] ability: Rain Dish
|-heal|p1a: Tentacruel|49/100|[from] item: Black Sludge
|upkeep
|turn|11
|inactive|v50gw has 90 seconds left.
|
|t:|1730715429
|move|p2a: Verona|Drain Punch|p1a: Tentacruel
|-resisted|p1a: Tentacruel
|-damage|p1a: Tentacruel|0 fnt
|faint|p1a: Tentacruel
|
|-weather|RainDance|[upkeep]
|upkeep
|inactive|v50gw has 90 seconds left.
|
|t:|1730715436
|switch|p1a: Alakazam|Alakazam, F|100/100
|turn|12
|
|t:|1730715445
|switch|p2a: Hannibal|Hydreigon, M|100/100
|move|p1a: Alakazam|Psychic|p2a: Hannibal
|-immune|p2a: Hannibal
|
|-weather|RainDance|[upkeep]
|upkeep
|turn|13
|
|t:|1730715459
|move|p2a: Hannibal|U-turn|p1a: Alakazam
|-supereffective|p1a: Alakazam
|-damage|p1a: Alakazam|19/100
|
|t:|1730715466
|switch|p2a: Verona|Toxicroak, F|100/100|[from] U-turn
|-sideend|p2: Hans Bloodsmith|move: Toxic Spikes|[of] p2a: Verona
|move|p1a: Alakazam|Shadow Ball|p2a: Verona
|-crit|p2a: Verona
|-damage|p2a: Verona|19/100
|
|-weather|RainDance|[upkeep]
|-heal|p2a: Verona|32/100|[from] ability: Dry Skin
|upkeep
|turn|14
|
|t:|1730715491
|move|p2a: Verona|Sucker Punch|p1a: Alakazam
|-supereffective|p1a: Alakazam
|-crit|p1a: Alakazam
|-damage|p1a: Alakazam|0 fnt
|faint|p1a: Alakazam
|
|-weather|RainDance|[upkeep]
|-heal|p2a: Verona|44/100|[from] ability: Dry Skin
|upkeep
|inactive|v50gw has 90 seconds left.
|
|t:|1730715502
|switch|p1a: Kyurem|Kyurem-Black, shiny|100/100
|-ability|p1a: Kyurem|Teravolt
|turn|15
|inactive|v50gw has 90 seconds left.
|
|t:|1730715519
|switch|p2a: Francis|Politoed, M|100/100
|move|p1a: Kyurem|Outrage|p2a: Francis
|-damage|p2a: Francis|0 fnt
|faint|p2a: Francis
|
|-weather|RainDance|[upkeep]
|upkeep
|
|t:|1730715522
|switch|p2a: Stein|Magnezone|100/100
|turn|16
|
|t:|1730715531
|move|p1a: Kyurem|Outrage|p2a: Stein|[from]lockedmove
|-resisted|p2a: Stein
|-damage|p2a: Stein|55/100
|-start|p1a: Kyurem|confusion|[fatigue]
|move|p2a: Stein|Thunder|p1a: Kyurem
|-resisted|p1a: Kyurem
|-crit|p1a: Kyurem
|-damage|p1a: Kyurem|35/100
|
|-weather|RainDance|[upkeep]
|-heal|p2a: Stein|61/100|[from] item: Leftovers
|upkeep
|turn|17
|
|t:|1730715544
|-activate|p1a: Kyurem|confusion
|move|p1a: Kyurem|Outrage|p2a: Stein
|-resisted|p2a: Stein
|-crit|p2a: Stein
|-damage|p2a: Stein|0 fnt
|faint|p2a: Stein
|
|-weather|RainDance|[upkeep]
|upkeep
|
|t:|1730715551
|switch|p2a: Hannibal|Hydreigon, M|100/100
|turn|18
|
|t:|1730715555
|move|p2a: Hannibal|Draco Meteor|p1a: Kyurem
|-supereffective|p1a: Kyurem
|-damage|p1a: Kyurem|0 fnt
|-unboost|p2a: Hannibal|spa|2
|faint|p1a: Kyurem
|
|-weather|RainDance|[upkeep]
|upkeep
|
|t:|1730715582
|switch|p1a: Keldeo|Keldeo|100/100
|turn|19
|j| weather type
|
|t:|1730715592
|switch|p2a: Dante|Volcarona, M|100/100
|move|p1a: Keldeo|Hidden Power|p2a: Dante
|-resisted|p2a: Dante
|-damage|p2a: Dante|88/100
|
|-weather|RainDance|[upkeep]
|upkeep
|turn|20
|
|t:|1730715603
|switch|p1a: Mienshao|Mienshao, M|100/100
|switch|p2a: Verona|Toxicroak, F|44/100
|
|-weather|RainDance|[upkeep]
|-heal|p2a: Verona|57/100|[from] ability: Dry Skin
|upkeep
|turn|21
|
|t:|1730715612
|move|p1a: Mienshao|Fake Out|p2a: Verona
|-damage|p2a: Verona|28/100
|-damage|p1a: Mienshao|91/100|[from] item: Life Orb
|cant|p2a: Verona|flinch
|
|-weather|RainDance|[upkeep]
|-heal|p2a: Verona|40/100|[from] ability: Dry Skin
|upkeep
|turn|22
|
|t:|1730715623
|move|p1a: Mienshao|Drain Punch|p2a: Verona
|-resisted|p2a: Verona
|-damage|p2a: Verona|4/100
|-heal|p1a: Mienshao|100/100|[from] drain|[of] p2a: Verona
|-damage|p1a: Mienshao|91/100|[from] item: Life Orb
|move|p2a: Verona|Drain Punch|p1a: Mienshao
|-damage|p1a: Mienshao|22/100
|-heal|p2a: Verona|34/100|[from] drain|[of] p1a: Mienshao
|
|-weather|RainDance|[upkeep]
|-heal|p2a: Verona|46/100|[from] ability: Dry Skin
|upkeep
|turn|23
|
|t:|1730715638
|move|p2a: Verona|Sucker Punch|p1a: Mienshao
|-resisted|p1a: Mienshao
|-damage|p1a: Mienshao|0 fnt
|faint|p1a: Mienshao
|
|-weather|RainDance|[upkeep]
|-heal|p2a: Verona|59/100|[from] ability: Dry Skin
|upkeep
|
|t:|1730715646
|switch|p1a: Keldeo|Keldeo|100/100
|turn|24
|
|t:|1730715649
|move|p1a: Keldeo|Secret Sword|p2a: Verona
|-resisted|p2a: Verona
|-damage|p2a: Verona|22/100
|move|p2a: Verona|Drain Punch|p1a: Keldeo
|-damage|p1a: Keldeo|61/100
|-heal|p2a: Verona|43/100|[from] drain|[of] p1a: Keldeo
|
|-weather|RainDance|[upkeep]
|-heal|p2a: Verona|56/100|[from] ability: Dry Skin
|upkeep
|turn|25
|inactive|v50gw has 120 seconds left.
|
|t:|1730715662
|move|p1a: Keldeo|Secret Sword|p2a: Verona
|-resisted|p2a: Verona
|-damage|p2a: Verona|23/100
|move|p2a: Verona|Drain Punch|p1a: Keldeo
|-damage|p1a: Keldeo|17/100
|-heal|p2a: Verona|46/100|[from] drain|[of] p1a: Keldeo
|
|-weather|RainDance|[upkeep]
|-heal|p2a: Verona|58/100|[from] ability: Dry Skin
|upkeep
|turn|26
|inactive|v50gw has 120 seconds left.
|
|t:|1730715672
|move|p1a: Keldeo|Secret Sword|p2a: Verona
|-resisted|p2a: Verona
|-damage|p2a: Verona|21/100
|move|p2a: Verona|Drain Punch|p1a: Keldeo
|-damage|p1a: Keldeo|0 fnt
|-heal|p2a: Verona|29/100|[from] drain|[of] p1a: Keldeo
|faint|p1a: Keldeo
|
|win|Hans Bloodsmith
|raw|v50gw's rating: 1331 &rarr; <strong>1313</strong><br />(-18 for losing)
|raw|Hans Bloodsmith's rating: 1359 &rarr; <strong>1377</strong><br />(+18 for winning)
|c|☆Hans Bloodsmith|Gg
|l|☆v50gw
|player|p1|
|l| weather type
