|j|☆Crowned Crystals ♔
|j|☆AKARANATA
|t:|1716613107
|gametype|singles
|player|p1|Crowned Crystals ♔|lucas|1517
|player|p2|AKARANATA|bruno|1511
|teamsize|p1|6
|teamsize|p2|6
|gen|5
|tier|[Gen 5] OU
|rated|
|rule|Species Clause: Limit one of each Pokémon
|rule|OHKO Clause: OHKO moves are banned
|rule|Moody Clause: Moody is banned
|rule|Evasion Items Clause: Evasion items are banned
|rule|Evasion Moves Clause: Evasion moves are banned
|rule|Endless Battle Clause: Forcing endless battles is banned
|rule|HP Percentage Mod: HP is shown in percentages
|rule|Evasion Abilities Clause: Evasion abilities are banned
|rule|Sleep Moves Clause: Sleep-inducing moves are banned
|rule|Swagger Clause: Swagger is banned
|rule|Baton Pass Stat Clause: No Baton Passer may have a way to boost its stats
|clearpoke
|poke|p1|Aerodactyl, F|item
|poke|p1|Garchomp, M|item
|poke|p1|Dragonite, M|item
|poke|p1|Scizor, M|item
|poke|p1|Starmie|item
|poke|p1|Jirachi|item
|poke|p2|Rotom-Wash|item
|poke|p2|Jirachi|item
|poke|p2|Tyranitar, M|item
|poke|p2|Terrakion|item
|poke|p2|Gliscor, M|item
|poke|p2|Latias, F|item
|teampreview
|inactive|Battle timer is ON: inactive players will automatically lose when time's up. (requested by AKARANATA)
|
|t:|1716613113
|start
|switch|p1a: Waltuh|Aerodactyl, F|100/100
|switch|p2a: Jirachi|Jirachi|100/100
|turn|1
|
|t:|1716613124
|move|p1a: Waltuh|Stealth Rock|p2a: Jirachi
|-sidestart|p2: AKARANATA|move: Stealth Rock
|move|p2a: Jirachi|Icy Wind|p1a: Waltuh
|-supereffective|p1a: Waltuh
|-damage|p1a: Waltuh|51/100
|-unboost|p1a: Waltuh|spe|1
|
|upkeep
|turn|2
|
|t:|1716613131
|move|p2a: Jirachi|Icy Wind|p1a: Waltuh
|-supereffective|p1a: Waltuh
|-damage|p1a: Waltuh|8/100
|-unboost|p1a: Waltuh|spe|1
|move|p1a: Waltuh|Earthquake|p2a: Jirachi
|-supereffective|p2a: Jirachi
|-damage|p2a: Jirachi|52/100
|
|-heal|p2a: Jirachi|58/100|[from] item: Leftovers
|upkeep
|turn|3
|
|t:|1716613138
|switch|p1a: Da Baby|Jirachi|100/100
|move|p2a: Jirachi|Stealth Rock|p1a: Da Baby
|-sidestart|p1: Crowned Crystals ♔|move: Stealth Rock
|
|-heal|p2a: Jirachi|64/100|[from] item: Leftovers
|upkeep
|turn|4
|
|t:|1716613145
|move|p1a: Da Baby|Iron Head|p2a: Jirachi
|-resisted|p2a: Jirachi
|-crit|p2a: Jirachi
|-damage|p2a: Jirachi|34/100
|cant|p2a: Jirachi|flinch
|
|-heal|p2a: Jirachi|40/100|[from] item: Leftovers
|upkeep
|turn|5
|
|t:|1716613149
|switch|p2a: Rotom|Rotom-Wash|100/100
|-damage|p2a: Rotom|88/100|[from] Stealth Rock
|move|p1a: Da Baby|Iron Head|p2a: Rotom
|-resisted|p2a: Rotom
|-damage|p2a: Rotom|81/100
|
|-heal|p2a: Rotom|87/100|[from] item: Leftovers
|upkeep
|turn|6
|inactive|Crowned Crystals ♔ has 120 seconds left.
|
|t:|1716613181
|switch|p1a: Waltuh|Aerodactyl, F|8/100
|-damage|p1a: Waltuh|0 fnt|[from] Stealth Rock
|faint|p1a: Waltuh
|move|p2a: Rotom|Volt Switch|p1: Waltuh|[notarget]
|-fail|p2a: Rotom
|
|-heal|p2a: Rotom|93/100|[from] item: Leftovers
|upkeep
|
|t:|1716613184
|switch|p1a: Chomp29|Garchomp, M|100/100
|-damage|p1a: Chomp29|94/100|[from] Stealth Rock
|turn|7
|
|t:|1716613191
|move|p1a: Chomp29|Swords Dance|p1a: Chomp29
|-boost|p1a: Chomp29|atk|2
|move|p2a: Rotom|Will-O-Wisp|p1a: Chomp29
|-status|p1a: Chomp29|brn
|
|-heal|p2a: Rotom|99/100|[from] item: Leftovers
|-damage|p1a: Chomp29|82/100 brn|[from] brn
|upkeep
|turn|8
|
|t:|1716613197
|switch|p2a: Gliscor|Gliscor, M|100/100
|-damage|p2a: Gliscor|88/100|[from] Stealth Rock
|move|p1a: Chomp29|Outrage|p2a: Gliscor
|-damage|p2a: Gliscor|50/100
|
|-damage|p1a: Chomp29|70/100 brn|[from] brn
|-status|p2a: Gliscor|tox|[from] item: Toxic Orb
|upkeep
|turn|9
|
|t:|1716613201
|move|p2a: Gliscor|Protect|p2a: Gliscor
|-singleturn|p2a: Gliscor|Protect
|move|p1a: Chomp29|Outrage|p2a: Gliscor|[from]lockedmove
|-activate|p2a: Gliscor|move: Protect
|
|-heal|p2a: Gliscor|63/100 tox|[from] ability: Poison Heal
|-damage|p1a: Chomp29|57/100 brn|[from] brn
|upkeep
|turn|10
|
|t:|1716613212
|switch|p1a: Book of Mie|Starmie|100/100
|-damage|p1a: Book of Mie|88/100|[from] Stealth Rock
|-item|p1a: Book of Mie|Air Balloon
|move|p2a: Gliscor|Substitute|p2a: Gliscor
|-start|p2a: Gliscor|Substitute
|-damage|p2a: Gliscor|38/100 tox
|
|-heal|p2a: Gliscor|50/100 tox|[from] ability: Poison Heal
|upkeep
|turn|11
|
|t:|1716613215
|move|p2a: Gliscor|Protect|p2a: Gliscor
|-singleturn|p2a: Gliscor|Protect
|move|p1a: Book of Mie|Ice Beam|p2a: Gliscor
|-activate|p2a: Gliscor|move: Protect
|
|-heal|p2a: Gliscor|63/100 tox|[from] ability: Poison Heal
|upkeep
|turn|12
|
|t:|1716613218
|move|p1a: Book of Mie|Ice Beam|p2a: Gliscor
|-supereffective|p2a: Gliscor
|-end|p2a: Gliscor|Substitute
|move|p2a: Gliscor|Toxic|p1a: Book of Mie
|-status|p1a: Book of Mie|tox
|
|-damage|p1a: Book of Mie|82/100 tox|[from] psn
|-heal|p2a: Gliscor|75/100 tox|[from] ability: Poison Heal
|upkeep
|turn|13
|
|t:|1716613222
|move|p2a: Gliscor|Protect|p2a: Gliscor
|-singleturn|p2a: Gliscor|Protect
|move|p1a: Book of Mie|Ice Beam|p2a: Gliscor
|-activate|p2a: Gliscor|move: Protect
|
|-damage|p1a: Book of Mie|71/100 tox|[from] psn
|-heal|p2a: Gliscor|88/100 tox|[from] ability: Poison Heal
|upkeep
|turn|14
|
|t:|1716613225
|switch|p2a: Tyranitar|Tyranitar, M|100/100
|-damage|p2a: Tyranitar|88/100|[from] Stealth Rock
|-weather|Sandstorm|[from] ability: Sand Stream|[of] p2a: Tyranitar
|move|p1a: Book of Mie|Rapid Spin|p2a: Tyranitar
|-resisted|p2a: Tyranitar
|-damage|p2a: Tyranitar|87/100
|-sideend|p1: Crowned Crystals ♔|Stealth Rock|[from] move: Rapid Spin|[of] p1a: Book of Mie
|
|-weather|Sandstorm|[upkeep]
|-damage|p1a: Book of Mie|65/100 tox|[from] Sandstorm
|-damage|p1a: Book of Mie|47/100 tox|[from] psn
|upkeep
|turn|15
|
|t:|1716613233
|move|p1a: Book of Mie|Hydro Pump|p2a: Tyranitar|[miss]
|-miss|p1a: Book of Mie|p2a: Tyranitar
|move|p2a: Tyranitar|Pursuit|p1a: Book of Mie
|-supereffective|p1a: Book of Mie
|-damage|p1a: Book of Mie|0 fnt
|-enditem|p1a: Book of Mie|Air Balloon
|faint|p1a: Book of Mie
|
|-weather|Sandstorm|[upkeep]
|upkeep
|
|t:|1716613261
|switch|p1a: Da Baby|Jirachi|100/100
|turn|16
|
|t:|1716613271
|switch|p2a: Rotom|Rotom-Wash|99/100
|-damage|p2a: Rotom|87/100|[from] Stealth Rock
|move|p1a: Da Baby|U-turn|p2a: Rotom
|-crit|p2a: Rotom
|-damage|p2a: Rotom|55/100
|
|t:|1716613284
|switch|p1a: Cow Cuh|Dragonite, M|100/100|[from] U-turn
|
|-weather|Sandstorm|[upkeep]
|-damage|p1a: Cow Cuh|94/100|[from] Sandstorm
|-damage|p2a: Rotom|49/100|[from] Sandstorm
|-heal|p1a: Cow Cuh|100/100|[from] item: Leftovers
|-heal|p2a: Rotom|55/100|[from] item: Leftovers
|upkeep
|turn|17
|
|t:|1716613294
|move|p1a: Cow Cuh|Outrage|p2a: Rotom
|-damage|p2a: Rotom|1/100
|move|p2a: Rotom|Volt Switch|p1a: Cow Cuh
|-damage|p1a: Cow Cuh|86/100
|
|t:|1716613300
|switch|p2a: Jirachi|Jirachi|40/100|[from] Volt Switch
|-damage|p2a: Jirachi|34/100|[from] Stealth Rock
|
|-weather|Sandstorm|[upkeep]
|-damage|p1a: Cow Cuh|80/100|[from] Sandstorm
|-heal|p2a: Jirachi|40/100|[from] item: Leftovers
|-heal|p1a: Cow Cuh|86/100|[from] item: Leftovers
|upkeep
|turn|18
|
|t:|1716613304
|move|p2a: Jirachi|Stealth Rock|p1a: Cow Cuh
|-sidestart|p1: Crowned Crystals ♔|move: Stealth Rock
|move|p1a: Cow Cuh|Outrage|p2a: Jirachi|[from]lockedmove
|-resisted|p2a: Jirachi
|-damage|p2a: Jirachi|13/100
|-start|p1a: Cow Cuh|confusion|[fatigue]
|
|-weather|Sandstorm|[upkeep]
|-damage|p1a: Cow Cuh|80/100|[from] Sandstorm
|-heal|p2a: Jirachi|19/100|[from] item: Leftovers
|-heal|p1a: Cow Cuh|86/100|[from] item: Leftovers
|upkeep
|turn|19
|
|t:|1716613321
|switch|p1a: Da Baby|Jirachi|100/100
|-damage|p1a: Da Baby|94/100|[from] Stealth Rock
|move|p2a: Jirachi|Icy Wind|p1a: Da Baby
|-resisted|p1a: Da Baby
|-damage|p1a: Da Baby|87/100
|-unboost|p1a: Da Baby|spe|1
|
|-weather|Sandstorm|[upkeep]
|-heal|p2a: Jirachi|25/100|[from] item: Leftovers
|upkeep
|turn|20
|
|t:|1716613327
|move|p2a: Jirachi|Icy Wind|p1a: Da Baby
|-resisted|p1a: Da Baby
|-damage|p1a: Da Baby|81/100
|-unboost|p1a: Da Baby|spe|1
|move|p1a: Da Baby|Iron Head|p2a: Jirachi
|-resisted|p2a: Jirachi
|-damage|p2a: Jirachi|11/100
|
|-weather|Sandstorm|[upkeep]
|-heal|p2a: Jirachi|18/100|[from] item: Leftovers
|upkeep
|turn|21
|
|t:|1716613333
|switch|p2a: Gliscor|Gliscor, M|88/100 tox
|-damage|p2a: Gliscor|75/100 tox|[from] Stealth Rock
|move|p1a: Da Baby|Iron Head|p2a: Gliscor
|-damage|p2a: Gliscor|52/100 tox
|
|-weather|Sandstorm|[upkeep]
|-heal|p2a: Gliscor|64/100 tox|[from] ability: Poison Heal
|upkeep
|turn|22
|
|t:|1716613340
|switch|p1a: Chomp29|Garchomp, M|57/100 brn
|-damage|p1a: Chomp29|51/100 brn|[from] Stealth Rock
|move|p2a: Gliscor|Substitute|p2a: Gliscor
|-start|p2a: Gliscor|Substitute
|-damage|p2a: Gliscor|39/100 tox
|
|-weather|Sandstorm|[upkeep]
|-heal|p2a: Gliscor|52/100 tox|[from] ability: Poison Heal
|-damage|p1a: Chomp29|39/100 brn|[from] brn
|upkeep
|turn|23
|
|t:|1716613344
|move|p2a: Gliscor|Protect|p2a: Gliscor
|-singleturn|p2a: Gliscor|Protect
|move|p1a: Chomp29|Swords Dance|p1a: Chomp29
|-boost|p1a: Chomp29|atk|2
|
|-weather|Sandstorm|[upkeep]
|-heal|p2a: Gliscor|64/100 tox|[from] ability: Poison Heal
|-damage|p1a: Chomp29|27/100 brn|[from] brn
|upkeep
|turn|24
|
|t:|1716613347
|move|p1a: Chomp29|Outrage|p2a: Gliscor
|-end|p2a: Gliscor|Substitute
|move|p2a: Gliscor|Substitute|p2a: Gliscor
|-start|p2a: Gliscor|Substitute
|-damage|p2a: Gliscor|39/100 tox
|
|-weather|Sandstorm|[upkeep]
|-heal|p2a: Gliscor|52/100 tox|[from] ability: Poison Heal
|-damage|p1a: Chomp29|14/100 brn|[from] brn
|upkeep
|turn|25
|
|t:|1716613353
|move|p2a: Gliscor|Protect|p2a: Gliscor
|-singleturn|p2a: Gliscor|Protect
|move|p1a: Chomp29|Outrage|p2a: Gliscor|[from]lockedmove
|-activate|p2a: Gliscor|move: Protect
|-start|p1a: Chomp29|confusion|[fatigue]
|
|-weather|Sandstorm|[upkeep]
|-heal|p2a: Gliscor|64/100 tox|[from] ability: Poison Heal
|-damage|p1a: Chomp29|2/100 brn|[from] brn
|upkeep
|turn|26
|
|t:|1716613358
|-activate|p1a: Chomp29|confusion
|-damage|p1a: Chomp29|0 fnt|[from] confusion
|faint|p1a: Chomp29
|move|p2a: Gliscor|Substitute|p2a: Gliscor
|-fail|p2a: Gliscor|move: Substitute
|
|-weather|Sandstorm|[upkeep]
|-heal|p2a: Gliscor|77/100 tox|[from] ability: Poison Heal
|upkeep
|
|t:|1716613363
|switch|p1a: Cow Cuh|Dragonite, M|86/100
|-damage|p1a: Cow Cuh|61/100|[from] Stealth Rock
|turn|27
|
|t:|1716613373
|move|p1a: Cow Cuh|Outrage|p2a: Gliscor
|-crit|p2a: Gliscor
|-end|p2a: Gliscor|Substitute
|move|p2a: Gliscor|Toxic|p1a: Cow Cuh
|-status|p1a: Cow Cuh|tox
|
|-weather|Sandstorm|[upkeep]
|-damage|p1a: Cow Cuh|55/100 tox|[from] Sandstorm
|-heal|p1a: Cow Cuh|61/100 tox|[from] item: Leftovers
|-damage|p1a: Cow Cuh|55/100 tox|[from] psn
|-heal|p2a: Gliscor|89/100 tox|[from] ability: Poison Heal
|upkeep
|turn|28
|
|t:|1716613379
|move|p1a: Cow Cuh|Outrage|p2a: Gliscor|[from]lockedmove
|-damage|p2a: Gliscor|42/100 tox
|move|p2a: Gliscor|Substitute|p2a: Gliscor
|-start|p2a: Gliscor|Substitute
|-damage|p2a: Gliscor|17/100 tox
|
|-weather|Sandstorm|[upkeep]
|-damage|p1a: Cow Cuh|49/100 tox|[from] Sandstorm
|-heal|p1a: Cow Cuh|55/100 tox|[from] item: Leftovers
|-damage|p1a: Cow Cuh|43/100 tox|[from] psn
|-heal|p2a: Gliscor|30/100 tox|[from] ability: Poison Heal
|upkeep
|turn|29
|
|t:|1716613385
|move|p2a: Gliscor|Protect|p2a: Gliscor
|-singleturn|p2a: Gliscor|Protect
|move|p1a: Cow Cuh|Outrage|p2a: Gliscor|[from]lockedmove
|-activate|p2a: Gliscor|move: Protect
|-start|p1a: Cow Cuh|confusion|[fatigue]
|
|-weather|Sandstorm|[upkeep]
|-damage|p1a: Cow Cuh|37/100 tox|[from] Sandstorm
|-heal|p1a: Cow Cuh|43/100 tox|[from] item: Leftovers
|-damage|p1a: Cow Cuh|25/100 tox|[from] psn
|-heal|p2a: Gliscor|42/100 tox|[from] ability: Poison Heal
|upkeep
|turn|30
|
|t:|1716613388
|-activate|p1a: Cow Cuh|confusion
|-damage|p1a: Cow Cuh|10/100 tox|[from] confusion
|move|p2a: Gliscor|Substitute|p2a: Gliscor
|-fail|p2a: Gliscor|move: Substitute
|
|-weather|Sandstorm|[upkeep]
|-damage|p1a: Cow Cuh|4/100 tox|[from] Sandstorm
|-heal|p1a: Cow Cuh|10/100 tox|[from] item: Leftovers
|-damage|p1a: Cow Cuh|0 fnt|[from] psn
|faint|p1a: Cow Cuh
|-heal|p2a: Gliscor|55/100 tox|[from] ability: Poison Heal
|upkeep
|
|t:|1716613398
|switch|p1a: Mario for SPL|Scizor, M|100/100
|-damage|p1a: Mario for SPL|88/100|[from] Stealth Rock
|turn|31
|
|t:|1716613406
|switch|p2a: Rotom|Rotom-Wash|1/100
|-damage|p2a: Rotom|0 fnt|[from] Stealth Rock
|faint|p2a: Rotom
|move|p1a: Mario for SPL|Swords Dance|p1a: Mario for SPL
|-boost|p1a: Mario for SPL|atk|2
|
|-weather|Sandstorm|[upkeep]
|upkeep
|
|t:|1716613410
|switch|p2a: Latias|Latias, F|100/100
|-damage|p2a: Latias|88/100|[from] Stealth Rock
|turn|32
|
|t:|1716613416
|move|p1a: Mario for SPL|Bullet Punch|p2a: Latias
|-damage|p2a: Latias|0 fnt
|faint|p2a: Latias
|-damage|p1a: Mario for SPL|78/100|[from] item: Life Orb
|
|-weather|Sandstorm|[upkeep]
|upkeep
|
|t:|1716613424
|switch|p2a: Jirachi|Jirachi|18/100
|-damage|p2a: Jirachi|11/100|[from] Stealth Rock
|turn|33
|
|t:|1716613429
|move|p1a: Mario for SPL|Bullet Punch|p2a: Jirachi
|-resisted|p2a: Jirachi
|-damage|p2a: Jirachi|0 fnt
|faint|p2a: Jirachi
|-damage|p1a: Mario for SPL|69/100|[from] item: Life Orb
|
|-weather|Sandstorm|[upkeep]
|upkeep
|
|t:|1716613432
|switch|p2a: Gliscor|Gliscor, M|55/100 tox
|-damage|p2a: Gliscor|42/100 tox|[from] Stealth Rock
|turn|34
|
|t:|1716613436
|move|p2a: Gliscor|Protect|p2a: Gliscor
|-singleturn|p2a: Gliscor|Protect
|move|p1a: Mario for SPL|Swords Dance|p1a: Mario for SPL
|-boost|p1a: Mario for SPL|atk|2
|
|-weather|Sandstorm|[upkeep]
|-heal|p2a: Gliscor|55/100 tox|[from] ability: Poison Heal
|upkeep
|turn|35
|
|t:|1716613438
|move|p1a: Mario for SPL|Bullet Punch|p2a: Gliscor
|-damage|p2a: Gliscor|0 fnt
|faint|p2a: Gliscor
|-damage|p1a: Mario for SPL|59/100|[from] item: Life Orb
|
|-weather|Sandstorm|[upkeep]
|upkeep
|-message|AKARANATA forfeited.
|
|win|Crowned Crystals ♔
|raw|Crowned Crystals ♔'s rating: 1517 &rarr; <strong>1537</strong><br />(+20 for winning)
|raw|AKARANATA's rating: 1511 &rarr; <strong>1491</strong><br />(-20 for losing)
|l|☆AKARANATA
|player|p2|
|c|☆Crowned Crystals ♔|/log Crowned Crystals ♔ made this room public.
