|j|☆fabriiic703477
|j|☆DarkNight2703
|player|p1|fabriiic703477|hilbert|1350
|player|p2|DarkNight2703|ghetsis|1378
|teamsize|p1|6
|teamsize|p2|6
|gametype|singles
|gen|5
|tier|[Gen 5] OU
|rated|
|clearpoke
|poke|p1|Espeon, F|item
|poke|p1|Volcarona, M|item
|poke|p1|Lucario, M|item
|poke|p1|Serperior, F|item
|poke|p1|Dragonite, F|item
|poke|p1|Vaporeon, F|item
|poke|p2|Lucario, M|item
|poke|p2|Ferrothorn, F|item
|poke|p2|Landorus-Therian, M|item
|poke|p2|Alakazam, M|item
|poke|p2|Thundurus-Therian, M|item
|poke|p2|Scizor, M|item
|rule|Species Clause: Limit one of each Pokémon
|rule|OHKO Clause: OHKO moves are banned
|rule|Moody Clause: Moody is banned
|rule|Evasion Moves Clause: Evasion moves are banned
|rule|Endless Battle Clause: Forcing endless battles is banned
|rule|HP Percentage Mod: HP is shown in percentages
|rule|Evasion Abilities Clause: Evasion abilities are banned
|rule|Baton Pass Clause: Limit one Baton Passer, can't pass Spe and other stats simultaneously
|rule|Sleep Clause: Sleep-inducing moves are banned
|rule|Swagger Clause: Swagger is banned
|teampreview
|inactive|Battle timer is ON: inactive players will automatically lose when time's up. (requested by DarkNight2703)
|
|start
|switch|p1a: Volcarona|Volcarona, M|100/100
|switch|p2a: Tloud|Landorus-Therian, M|100/100
|-ability|p2a: Tloud|Intimidate|boost
|-unboost|p1a: Volcarona|atk|1
|turn|1
|
|move|p2a: Tloud|Rock Slide|p1a: Volcarona|[miss]
|-miss|p2a: Tloud|p1a: Volcarona
|move|p1a: Volcarona|Quiver Dance|p1a: Volcarona
|-boost|p1a: Volcarona|spa|1
|-boost|p1a: Volcarona|spd|1
|-boost|p1a: Volcarona|spe|1
|
|upkeep
|turn|2
|
|move|p1a: Volcarona|Fiery Dance|p2a: Tloud
|-damage|p2a: Tloud|15/100
|move|p2a: Tloud|Rock Slide|p1a: Volcarona|[miss]
|-miss|p2a: Tloud|p1a: Volcarona
|
|upkeep
|turn|3
|
|switch|p2a: Eloud|Thundurus-Therian, M|100/100
|move|p1a: Volcarona|Fiery Dance|p2a: Eloud
|-damage|p2a: Eloud|5/100
|-boost|p1a: Volcarona|spa|1
|
|upkeep
|turn|4
|
|move|p2a: Eloud|Thunderbolt|p1a: Volcarona
|-damage|p1a: Volcarona|60/100
|-status|p1a: Volcarona|par
|cant|p1a: Volcarona|par
|
|upkeep
|turn|5
|
|move|p2a: Eloud|Thunderbolt|p1a: Volcarona
|-damage|p1a: Volcarona|21/100 par
|move|p1a: Volcarona|Fiery Dance|p2a: Eloud
|-damage|p2a: Eloud|0 fnt
|faint|p2a: Eloud
|
|upkeep
|
|switch|p2a: Mr. Junini|Alakazam, M|100/100
|turn|6
|
|move|p2a: Mr. Junini|Psyshock|p1a: Volcarona
|-damage|p1a: Volcarona|0 fnt
|faint|p1a: Volcarona
|
|upkeep
|
|switch|p1a: Serperior|Serperior, F|100/100
|turn|7
|
|move|p2a: Mr. Junini|Psyshock|p1a: Serperior
|-damage|p1a: Serperior|47/100
|move|p1a: Serperior|Glare|p2a: Mr. Junini
|-status|p2a: Mr. Junini|par
|
|upkeep
|turn|8
|
|move|p1a: Serperior|Giga Drain|p2a: Mr. Junini
|-damage|p2a: Mr. Junini|61/100 par
|-heal|p1a: Serperior|64/100|[from] drain|[of] p2a: Mr. Junini
|cant|p2a: Mr. Junini|par
|
|upkeep
|turn|9
|
|move|p1a: Serperior|Giga Drain|p2a: Mr. Junini
|-damage|p2a: Mr. Junini|22/100 par
|-heal|p1a: Serperior|81/100|[from] drain|[of] p2a: Mr. Junini
|cant|p2a: Mr. Junini|par
|
|upkeep
|turn|10
|
|move|p1a: Serperior|Calm Mind|p1a: Serperior
|-boost|p1a: Serperior|spa|1
|-boost|p1a: Serperior|spd|1
|move|p2a: Mr. Junini|Psyshock|p1a: Serperior
|-damage|p1a: Serperior|25/100
|
|upkeep
|turn|11
|
|move|p1a: Serperior|Giga Drain|p2a: Mr. Junini
|-damage|p2a: Mr. Junini|0 fnt
|-heal|p1a: Serperior|35/100|[from] drain|[of] p2a: Mr. Junini
|faint|p2a: Mr. Junini
|
|upkeep
|
|switch|p2a: Iron Bug|Scizor, M|100/100
|turn|12
|
|move|p1a: Serperior|Glare|p2a: Iron Bug
|-status|p2a: Iron Bug|par
|-enditem|p2a: Iron Bug|Lum Berry|[eat]
|-curestatus|p2a: Iron Bug|par|[msg]
|move|p2a: Iron Bug|Bug Bite|p1a: Serperior
|-supereffective|p1a: Serperior
|-damage|p1a: Serperior|0 fnt
|-enditem|p1a: Serperior|Lum Berry|[from] stealeat|[move] Bug Bite|[of] p2a: Iron Bug
|faint|p1a: Serperior
|
|upkeep
|
|switch|p1a: Espeon|Espeon, F|100/100
|turn|13
|
|move|p1a: Espeon|Hidden Power|p2a: Iron Bug
|-supereffective|p2a: Iron Bug
|-damage|p2a: Iron Bug|0 fnt
|faint|p2a: Iron Bug
|
|upkeep
|
|switch|p2a: Tloud|Landorus-Therian, M|15/100
|-ability|p2a: Tloud|Intimidate|boost
|-unboost|p1a: Espeon|atk|1
|turn|14
|
|switch|p1a: Vaporeon|Vaporeon, F|100/100
|move|p2a: Tloud|U-turn|p1a: Vaporeon
|-damage|p1a: Vaporeon|69/100
|
|switch|p2a: Ferrothorn|Ferrothorn, F|100/100|[from]move: U-turn
|
|-heal|p1a: Vaporeon|75/100|[from] item: Leftovers
|upkeep
|turn|15
|
|switch|p1a: Espeon|Espeon, F|100/100
|move|p2a: Ferrothorn|Gyro Ball|p1a: Espeon
|-damage|p1a: Espeon|12/100
|
|upkeep
|turn|16
|
|move|p1a: Espeon|Hidden Power|p2a: Ferrothorn
|-supereffective|p2a: Ferrothorn
|-damage|p2a: Ferrothorn|19/100
|move|p2a: Ferrothorn|Gyro Ball|p1a: Espeon
|-damage|p1a: Espeon|0 fnt
|faint|p1a: Espeon
|
|upkeep
|
|switch|p1a: Vaporeon|Vaporeon, F|75/100
|turn|17
|
|move|p1a: Vaporeon|Ice Beam|p2a: Ferrothorn
|-damage|p2a: Ferrothorn|0 fnt
|faint|p2a: Ferrothorn
|
|-heal|p1a: Vaporeon|81/100|[from] item: Leftovers
|upkeep
|
|switch|p2a: Tloud|Landorus-Therian, M|15/100
|-ability|p2a: Tloud|Intimidate|boost
|-unboost|p1a: Vaporeon|atk|1
|turn|18
|
|move|p2a: Tloud|Rock Slide|p1a: Vaporeon
|-damage|p1a: Vaporeon|49/100
|cant|p1a: Vaporeon|flinch
|
|-heal|p1a: Vaporeon|56/100|[from] item: Leftovers
|upkeep
|turn|19
|
|move|p2a: Tloud|Rock Slide|p1a: Vaporeon
|-damage|p1a: Vaporeon|24/100
|move|p1a: Vaporeon|Scald|p2a: Tloud
|-supereffective|p2a: Tloud
|-damage|p2a: Tloud|0 fnt
|faint|p2a: Tloud
|
|-heal|p1a: Vaporeon|30/100|[from] item: Leftovers
|upkeep
|
|switch|p2a: Acario|Lucario, M|100/100
|turn|20
|
|move|p2a: Acario|Aura Sphere|p1a: Vaporeon
|-damage|p1a: Vaporeon|0 fnt
|faint|p1a: Vaporeon
|
|upkeep
|
|switch|p1a: Lucario|Lucario, M|100/100
|turn|21
|
|move|p1a: Lucario|Close Combat|p2a: Acario
|-supereffective|p2a: Acario
|-enditem|p2a: Acario|Focus Sash
|-damage|p2a: Acario|1/100
|-unboost|p1a: Lucario|def|1
|-unboost|p1a: Lucario|spd|1
|move|p2a: Acario|Agility|p2a: Acario
|-boost|p2a: Acario|spe|2
|
|upkeep
|turn|22
|
|move|p1a: Lucario|Extreme Speed|p2a: Acario
|-resisted|p2a: Acario
|-damage|p2a: Acario|0 fnt
|faint|p2a: Acario
|
|win|fabriiic703477
|raw|fabriiic703477's rating: 1350 &rarr; <strong>1372</strong><br />(+22 for winning)
|raw|DarkNight2703's rating: 1378 &rarr; <strong>1356</strong><br />(-22 for losing)
