|j|☆Dababy's Hitman
|j|☆mudkipslaps
|t:|1715118974
|gametype|singles
|player|p1|Dababy's Hitman|blue-gen2|1289
|player|p2|mudkipslaps|caitlin|1380
|teamsize|p1|6
|teamsize|p2|6
|gen|5
|tier|[Gen 5] OU
|rated|
|rule|Species Clause: Limit one of each Pokémon
|rule|OHKO Clause: OHKO moves are banned
|rule|Moody Clause: Moody is banned
|rule|Evasion Items Clause: Evasion items are banned
|rule|Evasion Moves Clause: Evasion moves are banned
|rule|Endless Battle Clause: Forcing endless battles is banned
|rule|HP Percentage Mod: HP is shown in percentages
|rule|Evasion Abilities Clause: Evasion abilities are banned
|rule|Sleep Moves Clause: Sleep-inducing moves are banned
|rule|Swagger Clause: Swagger is banned
|rule|Baton Pass Stat Clause: No Baton Passer may have a way to boost its stats
|clearpoke
|poke|p1|Tyranitar, F|item
|poke|p1|Rotom-Wash|item
|poke|p1|Landorus-Therian, M|item
|poke|p1|Terrakion|item
|poke|p1|Excadrill, F|item
|poke|p1|Celebi|item
|poke|p2|Tyranitar, M|item
|poke|p2|Landorus-Therian, M|item
|poke|p2|Excadrill, F|item
|poke|p2|Garchomp, M|item
|poke|p2|Celebi|item
|poke|p2|Rotom-Wash|item
|teampreview
|inactive|Battle timer is ON: inactive players will automatically lose when time's up. (requested by mudkipslaps)
|inactive|mudkipslaps has 120 seconds left.
|
|t:|1715119007
|start
|switch|p1a: Landorus|Landorus-Therian, M|100/100
|switch|p2a: Glorp|Rotom-Wash|100/100
|-ability|p1a: Landorus|Intimidate|boost
|-unboost|p2a: Glorp|atk|1
|turn|1
|
|t:|1715119019
|move|p1a: Landorus|U-turn|p2a: Glorp
|-damage|p2a: Glorp|84/100
|
|t:|1715119024
|switch|p1a: Celebi|Celebi|100/100|[from] U-turn
|move|p2a: Glorp|Will-O-Wisp|p1a: Celebi|[miss]
|-miss|p2a: Glorp|p1a: Celebi
|
|-heal|p2a: Glorp|90/100|[from] item: Leftovers
|upkeep
|turn|2
|
|t:|1715119032
|switch|p2a: Bibi|Celebi|100/100
|move|p1a: Celebi|Substitute|p1a: Celebi
|-start|p1a: Celebi|Substitute
|-damage|p1a: Celebi|76/100
|
|-heal|p1a: Celebi|82/100|[from] item: Leftovers
|upkeep
|turn|3
|inactive|mudkipslaps has 120 seconds left.
|
|t:|1715119063
|move|p2a: Bibi|Baton Pass|p2a: Bibi
|
|t:|1715119065
|switch|p2a: Scrimblo|Tyranitar, M|100/100|[from] Baton Pass
|-weather|Sandstorm|[from] ability: Sand Stream|[of] p2a: Scrimblo
|move|p1a: Celebi|Baton Pass|p1a: Celebi
|
|t:|1715119071
|switch|p1a: Terrakion|Terrakion|100/100|[from] Baton Pass
|
|-weather|Sandstorm|[upkeep]
|upkeep
|turn|4
|
|t:|1715119086
|switch|p2a: Theodore|Landorus-Therian, M|100/100
|-ability|p2a: Theodore|Intimidate|boost
|-immune|p1a: Terrakion
|move|p1a: Terrakion|Close Combat|p2a: Theodore
|-resisted|p2a: Theodore
|-damage|p2a: Theodore|45/100
|-unboost|p1a: Terrakion|def|1
|-unboost|p1a: Terrakion|spd|1
|
|-weather|Sandstorm|[upkeep]
|-heal|p2a: Theodore|51/100|[from] item: Leftovers
|upkeep
|turn|5
|inactive|Dababy's Hitman has 120 seconds left.
|
|t:|1715119117
|move|p1a: Terrakion|Close Combat|p2a: Theodore
|-resisted|p2a: Theodore
|-damage|p2a: Theodore|0 fnt
|-unboost|p1a: Terrakion|def|1
|-unboost|p1a: Terrakion|spd|1
|faint|p2a: Theodore
|
|-weather|Sandstorm|[upkeep]
|upkeep
|
|t:|1715119124
|switch|p2a: Mom|Garchomp, M|100/100
|turn|6
|inactive|Dababy's Hitman has 120 seconds left.
|inactive|Dababy's Hitman has 90 seconds left.
|
|t:|1715119170
|move|p2a: Mom|Dual Chop|p1a: Terrakion
|-end|p1a: Terrakion|Substitute
|-damage|p1a: Terrakion|53/100
|-hitcount|p1a: Terrakion|2
|move|p1a: Terrakion|Close Combat|p2a: Mom
|-damage|p2a: Mom|4/100
|-unboost|p1a: Terrakion|def|1
|-unboost|p1a: Terrakion|spd|1
|-damage|p1a: Terrakion|41/100|[from] ability: Rough Skin|[of] p2a: Mom
|
|-weather|Sandstorm|[upkeep]
|upkeep
|turn|7
|inactive|Dababy's Hitman has 90 seconds left.
|
|t:|1715119185
|switch|p1a: Excadrill|Excadrill, F|100/100
|move|p2a: Mom|Dual Chop|p1a: Excadrill
|-resisted|p1a: Excadrill
|-damage|p1a: Excadrill|86/100
|-resisted|p1a: Excadrill
|-damage|p1a: Excadrill|70/100
|-hitcount|p1a: Excadrill|2
|
|-weather|Sandstorm|[upkeep]
|-heal|p1a: Excadrill|76/100|[from] item: Leftovers
|upkeep
|turn|8
|inactive|Dababy's Hitman has 90 seconds left.
|
|t:|1715119197
|switch|p2a: Glorp|Rotom-Wash|90/100
|move|p1a: Excadrill|Swords Dance|p1a: Excadrill
|-boost|p1a: Excadrill|atk|2
|
|-weather|Sandstorm|[upkeep]
|-damage|p2a: Glorp|84/100|[from] Sandstorm
|-heal|p1a: Excadrill|82/100|[from] item: Leftovers
|-heal|p2a: Glorp|90/100|[from] item: Leftovers
|upkeep
|turn|9
|inactive|Dababy's Hitman has 90 seconds left.
|
|t:|1715119213
|switch|p1a: Rotom|Rotom-Wash|100/100
|move|p2a: Glorp|Volt Switch|p1a: Rotom
|-damage|p1a: Rotom|75/100
|
|t:|1715119230
|switch|p2a: Bibi|Celebi|100/100|[from] Volt Switch
|
|-weather|Sandstorm|[upkeep]
|-damage|p2a: Bibi|94/100|[from] Sandstorm
|-damage|p1a: Rotom|68/100|[from] Sandstorm
|-heal|p2a: Bibi|100/100|[from] item: Leftovers
|-heal|p1a: Rotom|75/100|[from] item: Leftovers
|upkeep
|turn|10
|inactive|Dababy's Hitman has 90 seconds left.
|
|t:|1715119250
|move|p2a: Bibi|Psychic|p1a: Rotom
|-damage|p1a: Rotom|45/100
|move|p1a: Rotom|Volt Switch|p2a: Bibi
|-resisted|p2a: Bibi
|-damage|p2a: Bibi|93/100
|inactive|Dababy's Hitman has 60 seconds left.
|
|t:|1715119288
|switch|p1a: Tyranitar|Tyranitar, F|100/100|[from] Volt Switch
|
|-weather|Sandstorm|[upkeep]
|-damage|p2a: Bibi|87/100|[from] Sandstorm
|-heal|p2a: Bibi|93/100|[from] item: Leftovers
|upkeep
|turn|11
|c|☆Dababy's Hitman|can you turn off the timer
|c|☆Dababy's Hitman|my internet is being wonky
|
|t:|1715119310
|move|p2a: Bibi|Thunder Wave|p1a: Tyranitar
|-status|p1a: Tyranitar|par
|cant|p1a: Tyranitar|par
|
|-weather|Sandstorm|[upkeep]
|-damage|p2a: Bibi|87/100|[from] Sandstorm
|-heal|p2a: Bibi|93/100|[from] item: Leftovers
|upkeep
|turn|12
|
|t:|1715119322
|move|p2a: Bibi|Baton Pass|p2a: Bibi
|
|t:|1715119337
|switch|p2a: Glorp|Rotom-Wash|90/100|[from] Baton Pass
|move|p1a: Tyranitar|Thunder Wave|p2a: Glorp
|-status|p2a: Glorp|par
|
|-weather|Sandstorm|[upkeep]
|-damage|p2a: Glorp|84/100 par|[from] Sandstorm
|-heal|p2a: Glorp|90/100 par|[from] item: Leftovers
|upkeep
|turn|13
|
|t:|1715119350
|switch|p1a: Celebi|Celebi|82/100
|move|p2a: Glorp|Hydro Pump|p1a: Celebi
|-resisted|p1a: Celebi
|-damage|p1a: Celebi|70/100
|
|-weather|Sandstorm|[upkeep]
|-damage|p1a: Celebi|64/100|[from] Sandstorm
|-damage|p2a: Glorp|84/100 par|[from] Sandstorm
|-heal|p1a: Celebi|70/100|[from] item: Leftovers
|-heal|p2a: Glorp|90/100 par|[from] item: Leftovers
|upkeep
|turn|14
|
|t:|1715119355
|move|p1a: Celebi|Substitute|p1a: Celebi
|-start|p1a: Celebi|Substitute
|-damage|p1a: Celebi|45/100
|move|p2a: Glorp|Volt Switch|p1a: Celebi
|-resisted|p1a: Celebi
|-activate|p1a: Celebi|Substitute|[damage]
|
|t:|1715119371
|switch|p2a: Mom|Garchomp, M|4/100|[from] Volt Switch
|
|-weather|Sandstorm|[upkeep]
|-damage|p1a: Celebi|39/100|[from] Sandstorm
|-heal|p1a: Celebi|45/100|[from] item: Leftovers
|upkeep
|turn|15
|inactive|Dababy's Hitman has 60 seconds left.
|
|t:|1715119388
|move|p2a: Mom|Outrage|p1a: Celebi
|-end|p1a: Celebi|Substitute
|move|p1a: Celebi|Psychic|p2a: Mom
|-damage|p2a: Mom|0 fnt
|faint|p2a: Mom
|
|-weather|Sandstorm|[upkeep]
|-damage|p1a: Celebi|39/100|[from] Sandstorm
|-heal|p1a: Celebi|45/100|[from] item: Leftovers
|upkeep
|-message|mudkipslaps forfeited.
|
|win|Dababy's Hitman
|raw|Dababy&apos;s Hitman's rating: 1289 &rarr; <strong>1320</strong><br />(+31 for winning)
|raw|mudkipslaps's rating: 1380 &rarr; <strong>1355</strong><br />(-25 for losing)
|l|☆mudkipslaps
|player|p2|
