|j|culini
|j|dberman1
|player|p1|culini|1
|player|p2|dberman1|170
|gametype|singles
|gen|5
|tier|[Gen 5] OU
|rated
|seed|
|rule|Evasion Abilities Clause: Evasion abilities are banned
|rule|Baton Pass Clause: Limit one Baton Passer, can't pass Spe and other stats simultaneously
|rule|Swagger Clause: Swagger is banned
|clearpoke
|poke|p1|Chansey, F|item
|poke|p1|Quagsire, F|item
|poke|p1|Ferrothorn, M|item
|poke|p1|Tentacruel, M|item
|poke|p1|Dragonite, F|item
|poke|p1|Politoed, M|item
|poke|p2|Keldeo|item
|poke|p2|Landorus-Therian, M|item
|poke|p2|Rotom-Wash|item
|poke|p2|Jirachi|item
|poke|p2|Latios, M|item
|poke|p2|Scizor, F|item
|rule|Sleep Clause Mod: Limit one foe put to sleep
|rule|Species Clause: Limit one of each Pokémon
|rule|OHKO Clause: OHKO moves are banned
|rule|Moody Clause: Moody is banned
|rule|Evasion Moves Clause: Evasion moves are banned
|rule|Endless Battle Clause: Forcing endless battles is banned
|rule|HP Percentage Mod: HP is shown in percentages
|teampreview
|choice||
|
|start
|switch|p1a: Ferrothorn|Ferrothorn, M|100/100
|switch|p2a: Rotom|Rotom-Wash|100/100
|turn|1
|choice||
|
|move|p2a: Rotom|Will-O-Wisp|p1a: Ferrothorn
|-status|p1a: Ferrothorn|brn
|move|p1a: Ferrothorn|Stealth Rock|p2a: Rotom
|-sidestart|p2: dberman1|move: Stealth Rock
|
|-damage|p1a: Ferrothorn|88/100 brn|[from] brn
|turn|2
|choice||
|
|move|p2a: Rotom|Volt Switch|p1a: Ferrothorn
|-resisted|p1a: Ferrothorn
|-damage|p1a: Ferrothorn|78/100 brn
|choice||
|
|switch|p2a: Landorus|Landorus-Therian, M|100/100
|-damage|p2a: Landorus|88/100|[from] Stealth Rock
|-ability|p2a: Landorus|Intimidate|boost
|-unboost|p1a: Ferrothorn|atk|1
|move|p1a: Ferrothorn|Spikes|p2a: Landorus
|-sidestart|p2: dberman1|Spikes
|
|-heal|p2a: Landorus|94/100|[from] item: Leftovers
|-heal|p1a: Ferrothorn|84/100 brn|[from] item: Leftovers
|-damage|p1a: Ferrothorn|72/100 brn|[from] brn
|turn|3
|choice||
|
|switch|p1a: Politoed|Politoed, M|100/100
|-weather|RainDance|[from] ability: Drizzle|[of] p1a: Politoed
|move|p2a: Landorus|Stealth Rock|p1a: Politoed
|-sidestart|p1: culini|move: Stealth Rock
|
|-weather|RainDance|[upkeep]
|-heal|p2a: Landorus|100/100|[from] item: Leftovers
|turn|4
|choice||
|
|move|p2a: Landorus|U-turn|p1a: Politoed
|-damage|p1a: Politoed|82/100
|choice||
|
|switch|p2a: Rotom|Rotom-Wash|100/100
|-damage|p2a: Rotom|88/100|[from] Stealth Rock
|move|p1a: Politoed|Scald|p2a: Rotom
|-resisted|p2a: Rotom
|-crit|p2a: Rotom
|-damage|p2a: Rotom|44/100
|
|-weather|RainDance|[upkeep]
|-heal|p2a: Rotom|50/100|[from] item: Leftovers
|-heal|p1a: Politoed|88/100|[from] item: Leftovers
|turn|5
|choice||
|
|switch|p1a: Quagsire|Quagsire, F|100/100
|-damage|p1a: Quagsire|94/100|[from] Stealth Rock
|move|p2a: Rotom|Pain Split|p1a: Quagsire
|-sethp|p1a: Quagsire|66/100|p2a: Rotom|87/100|[from] move: Pain Split
|
|-weather|RainDance|[upkeep]
|-heal|p2a: Rotom|93/100|[from] item: Leftovers
|-heal|p1a: Quagsire|72/100|[from] item: Leftovers
|turn|6
|choice||
|
|switch|p1a: Chansey|Chansey, F|100/100
|-damage|p1a: Chansey|88/100|[from] Stealth Rock
|move|p2a: Rotom|Will-O-Wisp|p1a: Chansey
|-status|p1a: Chansey|brn
|
|-weather|RainDance|[upkeep]
|-heal|p2a: Rotom|99/100|[from] item: Leftovers
|-damage|p1a: Chansey|75/100 brn|[from] brn
|turn|7
|choice||
|
|move|p2a: Rotom|Volt Switch|p1a: Chansey
|-damage|p1a: Chansey|67/100 brn
|choice||
|
|switch|p2a: Jirachi|Jirachi|100/100
|-damage|p2a: Jirachi|88/100|[from] Spikes
|-damage|p2a: Jirachi|82/100|[from] Stealth Rock
|move|p1a: Chansey|Aromatherapy|p1a: Chansey
|-cureteam|p1a: Chansey|[from] move: Aromatherapy
|-curestatus|p1a: Chansey|brn
|-curestatus|p1: Ferrothorn|brn
|
|-weather|RainDance|[upkeep]
|-heal|p2a: Jirachi|88/100|[from] item: Leftovers
|turn|8
|choice||
|
|switch|p1a: Ferrothorn|Ferrothorn, M|72/100
|-damage|p1a: Ferrothorn|65/100|[from] Stealth Rock
|move|p2a: Jirachi|Body Slam|p1a: Ferrothorn
|-resisted|p1a: Ferrothorn
|-damage|p1a: Ferrothorn|59/100
|-damage|p2a: Jirachi|76/100|[from] ability: Iron Barbs|[of] p1a: Ferrothorn
|
|-weather|RainDance|[upkeep]
|-heal|p2a: Jirachi|82/100|[from] item: Leftovers
|-heal|p1a: Ferrothorn|66/100|[from] item: Leftovers
|turn|9
|j|blt3 lonely star
|choice||
|
|switch|p2a: Landorus|Landorus-Therian, M|100/100
|-damage|p2a: Landorus|88/100|[from] Stealth Rock
|-ability|p2a: Landorus|Intimidate|boost
|-unboost|p1a: Ferrothorn|atk|1
|move|p1a: Ferrothorn|Spikes|p2a: Landorus
|-sidestart|p2: dberman1|Spikes
|
|-weather|RainDance|[upkeep]
|-heal|p2a: Landorus|94/100|[from] item: Leftovers
|-heal|p1a: Ferrothorn|72/100|[from] item: Leftovers
|turn|10
|choice||
|
|switch|p1a: Politoed|Politoed, M|88/100
|-damage|p1a: Politoed|75/100|[from] Stealth Rock
|move|p2a: Landorus|Earthquake|p1a: Politoed
|-damage|p1a: Politoed|34/100
|
|-weather|RainDance|[upkeep]
|-heal|p2a: Landorus|100/100|[from] item: Leftovers
|-heal|p1a: Politoed|40/100|[from] item: Leftovers
|turn|11
|choice||
|
|move|p1a: Politoed|Protect|p1a: Politoed
|-singleturn|p1a: Politoed|Protect
|move|p2a: Landorus|Earthquake|p1a: Politoed
|-activate|p1a: Politoed|Protect
|
|-weather|RainDance|[upkeep]
|-heal|p1a: Politoed|46/100|[from] item: Leftovers
|turn|12
|choice||
|
|move|p2a: Landorus|U-turn|p1a: Politoed
|-damage|p1a: Politoed|25/100
|choice||
|
|switch|p2a: Rotom|Rotom-Wash|99/100
|-damage|p2a: Rotom|87/100|[from] Stealth Rock
|move|p1a: Politoed|Scald|p2a: Rotom
|-resisted|p2a: Rotom
|-damage|p2a: Rotom|66/100
|-status|p2a: Rotom|brn
|
|-weather|RainDance|[upkeep]
|-heal|p2a: Rotom|72/100 brn|[from] item: Leftovers
|-heal|p1a: Politoed|31/100|[from] item: Leftovers
|-damage|p2a: Rotom|60/100 brn|[from] brn
|turn|13
|choice||
|
|move|p1a: Politoed|Protect|p1a: Politoed
|-singleturn|p1a: Politoed|Protect
|move|p2a: Rotom|Volt Switch|p1a: Politoed
|-activate|p1a: Politoed|Protect
|
|-weather|RainDance|[upkeep]
|-heal|p2a: Rotom|66/100 brn|[from] item: Leftovers
|-heal|p1a: Politoed|37/100|[from] item: Leftovers
|-damage|p2a: Rotom|54/100 brn|[from] brn
|turn|14
|choice||
|
|switch|p1a: Quagsire|Quagsire, F|72/100
|-damage|p1a: Quagsire|66/100|[from] Stealth Rock
|move|p2a: Rotom|Pain Split|p1a: Quagsire
|-sethp|p1a: Quagsire|54/100|p2a: Rotom|70/100 brn|[from] move: Pain Split
|
|-weather|RainDance|[upkeep]
|-heal|p2a: Rotom|76/100 brn|[from] item: Leftovers
|-heal|p1a: Quagsire|60/100|[from] item: Leftovers
|-damage|p2a: Rotom|64/100 brn|[from] brn
|turn|15
|choice||
|
|switch|p1a: Chansey|Chansey, F|67/100
|-damage|p1a: Chansey|54/100|[from] Stealth Rock
|move|p2a: Rotom|Will-O-Wisp|p1a: Chansey
|-status|p1a: Chansey|brn
|
|-weather|RainDance|[upkeep]
|-heal|p2a: Rotom|70/100 brn|[from] item: Leftovers
|-damage|p2a: Rotom|58/100 brn|[from] brn
|-damage|p1a: Chansey|42/100 brn|[from] brn
|turn|16
|choice||
|
|move|p2a: Rotom|Hydro Pump|p1a: Chansey
|-damage|p1a: Chansey|17/100 brn
|move|p1a: Chansey|Soft-Boiled|p1a: Chansey
|-heal|p1a: Chansey|67/100 brn
|
|-weather|RainDance|[upkeep]
|-heal|p2a: Rotom|64/100 brn|[from] item: Leftovers
|-damage|p2a: Rotom|51/100 brn|[from] brn
|-damage|p1a: Chansey|54/100 brn|[from] brn
|turn|17
|choice||
|
|move|p2a: Rotom|Pain Split|p1a: Chansey
|-sethp|p1a: Chansey|38/100 brn|p2a: Rotom|89/100 brn|[from] move: Pain Split
|move|p1a: Chansey|Soft-Boiled|p1a: Chansey
|-heal|p1a: Chansey|88/100 brn
|
|-weather|RainDance|[upkeep]
|-heal|p2a: Rotom|95/100 brn|[from] item: Leftovers
|-damage|p2a: Rotom|83/100 brn|[from] brn
|-damage|p1a: Chansey|76/100 brn|[from] brn
|turn|18
|choice||
|
|move|p2a: Rotom|Pain Split|p1a: Chansey
|-sethp|p1a: Chansey|55/100 brn|p2a: Rotom|100/100 brn|[from] move: Pain Split
|move|p1a: Chansey|Soft-Boiled|p1a: Chansey
|-heal|p1a: Chansey|100/100 brn
|
|-weather|RainDance|[upkeep]
|-damage|p2a: Rotom|88/100 brn|[from] brn
|-damage|p1a: Chansey|88/100 brn|[from] brn
|turn|19
|choice||
|
|move|p2a: Rotom|Pain Split|p1a: Chansey
|-sethp|p1a: Chansey|63/100 brn|p2a: Rotom|100/100 brn|[from] move: Pain Split
|move|p1a: Chansey|Aromatherapy|p1a: Chansey
|-cureteam|p1a: Chansey|[from] move: Aromatherapy
|-curestatus|p1a: Chansey|brn
|
|-weather|RainDance|[upkeep]
|-damage|p2a: Rotom|88/100 brn|[from] brn
|turn|20
|choice||
|
|move|p2a: Rotom|Volt Switch|p1a: Chansey
|-damage|p1a: Chansey|54/100
|choice||
|
|switch|p2a: Landorus|Landorus-Therian, M|100/100
|-damage|p2a: Landorus|88/100|[from] Stealth Rock
|-ability|p2a: Landorus|Intimidate|boost
|-unboost|p1a: Chansey|atk|1
|move|p1a: Chansey|Soft-Boiled|p1a: Chansey
|-heal|p1a: Chansey|100/100
|
|-weather|RainDance|[upkeep]
|-heal|p2a: Landorus|94/100|[from] item: Leftovers
|turn|21
|choice||
|
|switch|p1a: Dragonite|Dragonite, F|100/100
|-damage|p1a: Dragonite|76/100|[from] Stealth Rock
|move|p2a: Landorus|U-turn|p1a: Dragonite
|-resisted|p1a: Dragonite
|-damage|p1a: Dragonite|64/100
|choice||
|
|switch|p2a: Latios|Latios, M|100/100
|-damage|p2a: Latios|88/100|[from] Stealth Rock
|
|-weather|RainDance|[upkeep]
|-heal|p1a: Dragonite|71/100|[from] item: Leftovers
|turn|22
|choice||
|
|switch|p1a: Ferrothorn|Ferrothorn, M|72/100
|-damage|p1a: Ferrothorn|66/100|[from] Stealth Rock
|move|p2a: Latios|Dragon Pulse|p1a: Ferrothorn
|-resisted|p1a: Ferrothorn
|-damage|p1a: Ferrothorn|45/100
|-damage|p2a: Latios|78/100|[from] item: Life Orb
|
|-weather|RainDance|[upkeep]
|-heal|p1a: Ferrothorn|51/100|[from] item: Leftovers
|turn|23
|choice||
|
|move|p2a: Latios|Surf|p1a: Ferrothorn
|-resisted|p1a: Ferrothorn
|-damage|p1a: Ferrothorn|27/100
|-damage|p2a: Latios|68/100|[from] item: Life Orb
|move|p1a: Ferrothorn|Power Whip|p2a: Latios
|-resisted|p2a: Latios
|-damage|p2a: Latios|42/100
|
|-weather|RainDance|[upkeep]
|-heal|p1a: Ferrothorn|33/100|[from] item: Leftovers
|turn|24
|choice||
|
|move|p2a: Latios|Roost|p2a: Latios
|-heal|p2a: Latios|93/100
|move|p1a: Ferrothorn|Gyro Ball|p2a: Latios
|-damage|p2a: Latios|24/100
|
|-weather|RainDance|[upkeep]
|-heal|p1a: Ferrothorn|39/100|[from] item: Leftovers
|turn|25
|choice||
|
|switch|p2a: Landorus|Landorus-Therian, M|94/100
|-damage|p2a: Landorus|82/100|[from] Stealth Rock
|-ability|p2a: Landorus|Intimidate|boost
|-unboost|p1a: Ferrothorn|atk|1
|move|p1a: Ferrothorn|Gyro Ball|p2a: Landorus
|-damage|p2a: Landorus|58/100
|
|-weather|RainDance|[upkeep]
|-heal|p2a: Landorus|64/100|[from] item: Leftovers
|-heal|p1a: Ferrothorn|46/100|[from] item: Leftovers
|turn|26
|choice||
|
|switch|p1a: Politoed|Politoed, M|37/100
|-damage|p1a: Politoed|25/100|[from] Stealth Rock
|move|p2a: Landorus|Earthquake|p1a: Politoed
|-damage|p1a: Politoed|0 fnt
|faint|p1a: Politoed
|
|-weather|RainDance|[upkeep]
|-heal|p2a: Landorus|70/100|[from] item: Leftovers
|choice||
|
|switch|p1a: Quagsire|Quagsire, F|60/100
|-damage|p1a: Quagsire|54/100|[from] Stealth Rock
|turn|27
|choice||
|
|move|p2a: Landorus|U-turn|p1a: Quagsire
|-damage|p1a: Quagsire|37/100
|choice||
|
|switch|p2a: Rotom|Rotom-Wash|88/100 brn
|-damage|p2a: Rotom|76/100 brn|[from] Stealth Rock
|move|p1a: Quagsire|Recover|p1a: Quagsire
|-heal|p1a: Quagsire|87/100
|
|-weather|RainDance|[upkeep]
|-heal|p2a: Rotom|82/100 brn|[from] item: Leftovers
|-heal|p1a: Quagsire|93/100|[from] item: Leftovers
|-damage|p2a: Rotom|69/100 brn|[from] brn
|turn|28
|choice||
|
|switch|p1a: Chansey|Chansey, F|100/100
|-damage|p1a: Chansey|88/100|[from] Stealth Rock
|move|p2a: Rotom|Pain Split|p1a: Chansey
|-sethp|p1a: Chansey|59/100|p2a: Rotom|100/100 brn|[from] move: Pain Split
|
|-weather|RainDance|[upkeep]
|-damage|p2a: Rotom|88/100 brn|[from] brn
|turn|29
|choice||
|
|move|p2a: Rotom|Volt Switch|p1a: Chansey
|-damage|p1a: Chansey|50/100
|choice||
|
|switch|p2a: Landorus|Landorus-Therian, M|70/100
|-damage|p2a: Landorus|58/100|[from] Stealth Rock
|-ability|p2a: Landorus|Intimidate|boost
|-unboost|p1a: Chansey|atk|1
|move|p1a: Chansey|Soft-Boiled|p1a: Chansey
|-heal|p1a: Chansey|99/100
|
|-weather|RainDance|[upkeep]
|-heal|p2a: Landorus|64/100|[from] item: Leftovers
|turn|30
|choice||
|
|move|p2a: Landorus|Earthquake|p1a: Chansey
|-damage|p1a: Chansey|66/100
|move|p1a: Chansey|Seismic Toss|p2a: Landorus
|-damage|p2a: Landorus|37/100
|
|-weather|RainDance|[upkeep]
|-heal|p2a: Landorus|43/100|[from] item: Leftovers
|turn|31
|choice||
|
|move|p2a: Landorus|Earthquake|p1a: Chansey
|-damage|p1a: Chansey|32/100
|move|p1a: Chansey|Soft-Boiled|p1a: Chansey
|-heal|p1a: Chansey|82/100
|
|-weather|RainDance|[upkeep]
|-heal|p2a: Landorus|50/100|[from] item: Leftovers
|turn|32
|choice||
|
|move|p2a: Landorus|U-turn|p1a: Chansey
|-damage|p1a: Chansey|65/100
|choice||
|
|switch|p2a: Jirachi|Jirachi|82/100
|-damage|p2a: Jirachi|65/100|[from] Spikes
|-damage|p2a: Jirachi|59/100|[from] Stealth Rock
|move|p1a: Chansey|Toxic|p2a: Jirachi
|-immune|p2a: Jirachi|[msg]
|
|-weather|RainDance|[upkeep]
|-heal|p2a: Jirachi|65/100|[from] item: Leftovers
|turn|33
|choice||
|
|switch|p1a: Ferrothorn|Ferrothorn, M|46/100
|-damage|p1a: Ferrothorn|39/100|[from] Stealth Rock
|move|p2a: Jirachi|Wish|p2a: Jirachi
|
|-weather|RainDance|[upkeep]
|-heal|p2a: Jirachi|72/100|[from] item: Leftovers
|-heal|p1a: Ferrothorn|46/100|[from] item: Leftovers
|turn|34
|choice||
|
|move|p2a: Jirachi|U-turn|p1a: Ferrothorn
|-damage|p1a: Ferrothorn|35/100
|-damage|p2a: Jirachi|59/100|[from] ability: Iron Barbs|[of] p1a: Ferrothorn
|choice||
|
|switch|p2a: Landorus|Landorus-Therian, M|50/100
|-damage|p2a: Landorus|37/100|[from] Stealth Rock
|-ability|p2a: Landorus|Intimidate|boost
|-unboost|p1a: Ferrothorn|atk|1
|move|p1a: Ferrothorn|Spikes|p2a: Landorus
|-sidestart|p2: dberman1|Spikes
|
|-weather|RainDance|[upkeep]
|-heal|p2a: Landorus|92/100|[from] move: Wish|[wisher] Jirachi
|-heal|p2a: Landorus|98/100|[from] item: Leftovers
|-heal|p1a: Ferrothorn|41/100|[from] item: Leftovers
|turn|35
|choice||
|
|switch|p1a: Quagsire|Quagsire, F|93/100
|-damage|p1a: Quagsire|87/100|[from] Stealth Rock
|move|p2a: Landorus|Earthquake|p1a: Quagsire
|-damage|p1a: Quagsire|48/100
|
|-weather|RainDance|[upkeep]
|-heal|p2a: Landorus|100/100|[from] item: Leftovers
|-heal|p1a: Quagsire|54/100|[from] item: Leftovers
|turn|36
|choice||
|
|move|p2a: Landorus|U-turn|p1a: Quagsire
|-damage|p1a: Quagsire|37/100
|choice||
|
|switch|p2a: Latios|Latios, M|24/100
|-damage|p2a: Latios|11/100|[from] Stealth Rock
|move|p1a: Quagsire|Recover|p1a: Quagsire
|-heal|p1a: Quagsire|87/100
|
|-weather|RainDance|[upkeep]
|-heal|p1a: Quagsire|93/100|[from] item: Leftovers
|turn|37
|choice||
|
|move|p2a: Latios|Roost|p2a: Latios
|-heal|p2a: Latios|62/100
|move|p1a: Quagsire|Toxic|p2a: Latios
|-status|p2a: Latios|tox
|
|-weather|RainDance|[upkeep]
|-heal|p1a: Quagsire|99/100|[from] item: Leftovers
|-damage|p2a: Latios|56/100 tox|[from] psn
|turn|38
|choice||
|
|switch|p1a: Ferrothorn|Ferrothorn, M|41/100
|-damage|p1a: Ferrothorn|35/100|[from] Stealth Rock
|move|p2a: Latios|Roost|p2a: Latios
|-heal|p2a: Latios|100/100 tox
|
|-weather|RainDance|[upkeep]
|-heal|p1a: Ferrothorn|41/100|[from] item: Leftovers
|-damage|p2a: Latios|89/100 tox|[from] psn
|turn|39
|choice||
|
|switch|p2a: Landorus|Landorus-Therian, M|100/100
|-damage|p2a: Landorus|88/100|[from] Stealth Rock
|-ability|p2a: Landorus|Intimidate|boost
|-unboost|p1a: Ferrothorn|atk|1
|move|p1a: Ferrothorn|Gyro Ball|p2a: Landorus
|-damage|p2a: Landorus|63/100
|
|-weather|RainDance|[upkeep]
|-heal|p2a: Landorus|69/100|[from] item: Leftovers
|-heal|p1a: Ferrothorn|47/100|[from] item: Leftovers
|turn|40
|choice||
|
|switch|p1a: Quagsire|Quagsire, F|99/100
|-damage|p1a: Quagsire|93/100|[from] Stealth Rock
|move|p2a: Landorus|Earthquake|p1a: Quagsire
|-damage|p1a: Quagsire|57/100
|
|-weather|RainDance|[upkeep]
|-heal|p2a: Landorus|75/100|[from] item: Leftovers
|-heal|p1a: Quagsire|63/100|[from] item: Leftovers
|turn|41
|choice||
|
|move|p2a: Landorus|U-turn|p1a: Quagsire
|-damage|p1a: Quagsire|45/100
|choice||
|
|switch|p2a: Latios|Latios, M|89/100 tox
|-damage|p2a: Latios|76/100 tox|[from] Stealth Rock
|move|p1a: Quagsire|Recover|p1a: Quagsire
|-heal|p1a: Quagsire|95/100
|
|-weather|RainDance|[upkeep]
|-heal|p1a: Quagsire|100/100|[from] item: Leftovers
|-damage|p2a: Latios|70/100 tox|[from] psn
|turn|42
|choice||
|
|switch|p1a: Ferrothorn|Ferrothorn, M|47/100
|-damage|p1a: Ferrothorn|41/100|[from] Stealth Rock
|move|p2a: Latios|Dragon Pulse|p1a: Ferrothorn
|-resisted|p1a: Ferrothorn
|-damage|p1a: Ferrothorn|20/100
|-damage|p2a: Latios|60/100 tox|[from] item: Life Orb
|
|-weather|RainDance|[upkeep]
|-heal|p1a: Ferrothorn|26/100|[from] item: Leftovers
|-damage|p2a: Latios|48/100 tox|[from] psn
|turn|43
|choice||
|
|switch|p2a: Landorus|Landorus-Therian, M|75/100
|-damage|p2a: Landorus|63/100|[from] Stealth Rock
|-ability|p2a: Landorus|Intimidate|boost
|-unboost|p1a: Ferrothorn|atk|1
|move|p1a: Ferrothorn|Power Whip|p2a: Landorus
|-damage|p2a: Landorus|41/100
|
|-weather|RainDance|[upkeep]
|-heal|p2a: Landorus|48/100|[from] item: Leftovers
|-heal|p1a: Ferrothorn|33/100|[from] item: Leftovers
|turn|44
|choice||
|
|switch|p1a: Quagsire|Quagsire, F|100/100
|-damage|p1a: Quagsire|94/100|[from] Stealth Rock
|move|p2a: Landorus|Earthquake|p1a: Quagsire
|-damage|p1a: Quagsire|53/100
|
|-weather|RainDance|[upkeep]
|-heal|p2a: Landorus|54/100|[from] item: Leftovers
|-heal|p1a: Quagsire|59/100|[from] item: Leftovers
|turn|45
|choice||
|
|move|p2a: Landorus|Earthquake|p1a: Quagsire
|-damage|p1a: Quagsire|24/100
|move|p1a: Quagsire|Recover|p1a: Quagsire
|-heal|p1a: Quagsire|74/100
|
|-weather|RainDance|[upkeep]
|-heal|p2a: Landorus|60/100|[from] item: Leftovers
|-heal|p1a: Quagsire|80/100|[from] item: Leftovers
|turn|46
|choice||
|
|move|p2a: Landorus|U-turn|p1a: Quagsire
|-damage|p1a: Quagsire|64/100
|choice||
|
|switch|p2a: Rotom|Rotom-Wash|88/100 brn
|-damage|p2a: Rotom|76/100 brn|[from] Stealth Rock
|move|p1a: Quagsire|Scald|p2a: Rotom
|-resisted|p2a: Rotom
|-damage|p2a: Rotom|61/100 brn
|
|-weather|RainDance|[upkeep]
|-heal|p2a: Rotom|67/100 brn|[from] item: Leftovers
|-heal|p1a: Quagsire|70/100|[from] item: Leftovers
|-damage|p2a: Rotom|54/100 brn|[from] brn
|turn|47
|choice||
|
|switch|p1a: Chansey|Chansey, F|65/100
|-damage|p1a: Chansey|52/100|[from] Stealth Rock
|move|p2a: Rotom|Pain Split|p1a: Chansey
|-sethp|p1a: Chansey|38/100|p2a: Rotom|88/100 brn|[from] move: Pain Split
|
|-weather|RainDance|[upkeep]
|-heal|p2a: Rotom|94/100 brn|[from] item: Leftovers
|-damage|p2a: Rotom|82/100 brn|[from] brn
|turn|48
|choice||
|
|move|p2a: Rotom|Volt Switch|p1a: Chansey
|-damage|p1a: Chansey|28/100
|choice||
|
|switch|p2a: Landorus|Landorus-Therian, M|60/100
|-damage|p2a: Landorus|48/100|[from] Stealth Rock
|-ability|p2a: Landorus|Intimidate|boost
|-unboost|p1a: Chansey|atk|1
|move|p1a: Chansey|Soft-Boiled|p1a: Chansey
|-heal|p1a: Chansey|78/100
|
|-weather|RainDance|[upkeep]
|-heal|p2a: Landorus|54/100|[from] item: Leftovers
|turn|49
|choice||
|
|move|p2a: Landorus|Earthquake|p1a: Chansey
|-damage|p1a: Chansey|44/100
|move|p1a: Chansey|Toxic|p2a: Landorus
|-status|p2a: Landorus|tox
|
|-weather|RainDance|[upkeep]
|-heal|p2a: Landorus|60/100 tox|[from] item: Leftovers
|-damage|p2a: Landorus|54/100 tox|[from] psn
|turn|50
|choice||
|
|move|p2a: Landorus|U-turn|p1a: Chansey
|-damage|p1a: Chansey|26/100
|choice||
|
|switch|p2a: Jirachi|Jirachi|59/100
|-damage|p2a: Jirachi|34/100|[from] Spikes
|-damage|p2a: Jirachi|28/100|[from] Stealth Rock
|move|p1a: Chansey|Soft-Boiled|p1a: Chansey
|-heal|p1a: Chansey|76/100
|
|-weather|RainDance|[upkeep]
|-heal|p2a: Jirachi|34/100|[from] item: Leftovers
|turn|51
|choice||
|
|switch|p1a: Tentacruel|Tentacruel, M|100/100
|-damage|p1a: Tentacruel|88/100|[from] Stealth Rock
|move|p2a: Jirachi|Wish|p2a: Jirachi
|
|-weather|RainDance|[upkeep]
|-heal|p1a: Tentacruel|94/100|[from] ability: Rain Dish
|-heal|p1a: Tentacruel|99/100|[from] item: Black Sludge
|-heal|p2a: Jirachi|40/100|[from] item: Leftovers
|turn|52
|choice||
|
|move|p1a: Tentacruel|Ice Beam|p2a: Jirachi
|-resisted|p2a: Jirachi
|-damage|p2a: Jirachi|34/100
|move|p2a: Jirachi|Body Slam|p1a: Tentacruel
|-damage|p1a: Tentacruel|82/100
|-status|p1a: Tentacruel|par
|
|-weather|RainDance|[upkeep]
|-heal|p1a: Tentacruel|88/100 par|[from] ability: Rain Dish
|-heal|p2a: Jirachi|84/100|[from] move: Wish|[wisher] Jirachi
|-heal|p2a: Jirachi|90/100|[from] item: Leftovers
|-heal|p1a: Tentacruel|94/100 par|[from] item: Black Sludge
|turn|53
|choice||
|
|move|p2a: Jirachi|Wish|p2a: Jirachi
|move|p1a: Tentacruel|Rapid Spin|p2a: Jirachi
|-resisted|p2a: Jirachi
|-damage|p2a: Jirachi|89/100
|-sideend|p1: culini|Stealth Rock|[from] move: Rapid Spin|[of] p1a: Tentacruel
|
|-weather|RainDance|[upkeep]
|-heal|p1a: Tentacruel|99/100 par|[from] ability: Rain Dish
|-heal|p2a: Jirachi|95/100|[from] item: Leftovers
|-heal|p1a: Tentacruel|100/100 par|[from] item: Black Sludge
|turn|54
|choice||
|
|move|p2a: Jirachi|U-turn|p1a: Tentacruel
|-resisted|p1a: Tentacruel
|-crit|p1a: Tentacruel
|-damage|p1a: Tentacruel|84/100 par
|choice||
|
|switch|p2a: Rotom|Rotom-Wash|82/100 brn
|-damage|p2a: Rotom|70/100 brn|[from] Stealth Rock
|move|p1a: Tentacruel|Ice Beam|p2a: Rotom
|-resisted|p2a: Rotom
|-damage|p2a: Rotom|59/100 brn
|
|-weather|RainDance|[upkeep]
|-heal|p1a: Tentacruel|90/100 par|[from] ability: Rain Dish
|-heal|p2a: Rotom|100/100 brn|[from] move: Wish|[wisher] Jirachi
|-heal|p1a: Tentacruel|96/100 par|[from] item: Black Sludge
|-damage|p2a: Rotom|88/100 brn|[from] brn
|turn|55
|choice||
|
|switch|p1a: Quagsire|Quagsire, F|70/100
|move|p2a: Rotom|Volt Switch|p1a: Quagsire
|-immune|p1a: Quagsire|[msg]
|
|-weather|RainDance|[upkeep]
|-heal|p2a: Rotom|94/100 brn|[from] item: Leftovers
|-heal|p1a: Quagsire|76/100|[from] item: Leftovers
|-damage|p2a: Rotom|82/100 brn|[from] brn
|turn|56
|choice||
|
|switch|p1a: Chansey|Chansey, F|76/100
|move|p2a: Rotom|Volt Switch|p1a: Chansey
|-damage|p1a: Chansey|67/100
|choice||
|
|switch|p2a: Landorus|Landorus-Therian, M|54/100 tox
|-damage|p2a: Landorus|41/100 tox|[from] Stealth Rock
|-ability|p2a: Landorus|Intimidate|boost
|-unboost|p1a: Chansey|atk|1
|
|-weather|RainDance|[upkeep]
|-heal|p2a: Landorus|48/100 tox|[from] item: Leftovers
|-damage|p2a: Landorus|41/100 tox|[from] psn
|turn|57
|choice||
|
|move|p2a: Landorus|Stealth Rock|p1a: Chansey
|-sidestart|p1: culini|move: Stealth Rock
|move|p1a: Chansey|Soft-Boiled|p1a: Chansey
|-heal|p1a: Chansey|100/100
|
|-weather|RainDance|[upkeep]
|-heal|p2a: Landorus|48/100 tox|[from] item: Leftovers
|-damage|p2a: Landorus|35/100 tox|[from] psn
|turn|58
|choice||
|
|move|p2a: Landorus|U-turn|p1a: Chansey
|-damage|p1a: Chansey|83/100
|choice||
|
|switch|p2a: Jirachi|Jirachi|95/100
|-damage|p2a: Jirachi|70/100|[from] Spikes
|-damage|p2a: Jirachi|64/100|[from] Stealth Rock
|move|p1a: Chansey|Seismic Toss|p2a: Jirachi
|-damage|p2a: Jirachi|39/100
|
|-weather|RainDance|[upkeep]
|-heal|p2a: Jirachi|46/100|[from] item: Leftovers
|turn|59
|choice||
|
|move|p2a: Jirachi|Wish|p2a: Jirachi
|move|p1a: Chansey|Aromatherapy|p1a: Chansey
|-cureteam|p1a: Chansey|[from] move: Aromatherapy
|-curestatus|p1: Tentacruel|par
|
|-weather|RainDance|[upkeep]
|-heal|p2a: Jirachi|52/100|[from] item: Leftovers
|turn|60
|choice||
|
|move|p2a: Jirachi|Body Slam|p1a: Chansey
|-damage|p1a: Chansey|70/100
|-status|p1a: Chansey|par
|cant|p1a: Chansey|par
|
|-weather|RainDance|[upkeep]
|-heal|p2a: Jirachi|100/100|[from] move: Wish|[wisher] Jirachi
|turn|61
|choice||
|
|-curestatus|p1a: Chansey|par|[from] ability: Natural Cure
|switch|p1a: Quagsire|Quagsire, F|76/100
|-damage|p1a: Quagsire|70/100|[from] Stealth Rock
|move|p2a: Jirachi|Body Slam|p1a: Quagsire
|-damage|p1a: Quagsire|55/100
|
|-weather|RainDance|[upkeep]
|-heal|p1a: Quagsire|61/100|[from] item: Leftovers
|turn|62
|choice||
|
|move|p2a: Jirachi|Body Slam|p1a: Quagsire
|-damage|p1a: Quagsire|46/100
|move|p1a: Quagsire|Recover|p1a: Quagsire
|-heal|p1a: Quagsire|96/100
|
|-weather|RainDance|[upkeep]
|-heal|p1a: Quagsire|100/100|[from] item: Leftovers
|turn|63
|choice||
|
|switch|p1a: Ferrothorn|Ferrothorn, M|33/100
|-damage|p1a: Ferrothorn|26/100|[from] Stealth Rock
|move|p2a: Jirachi|Wish|p2a: Jirachi
|
|-weather|RainDance|[upkeep]
|-heal|p1a: Ferrothorn|33/100|[from] item: Leftovers
|turn|64
|choice||
|
|move|p2a: Jirachi|U-turn|p1a: Ferrothorn
|-damage|p1a: Ferrothorn|23/100
|-damage|p2a: Jirachi|88/100|[from] ability: Iron Barbs|[of] p1a: Ferrothorn
|choice||
|
|switch|p2a: Scizor|Scizor, F|100/100
|-damage|p2a: Scizor|88/100|[from] Stealth Rock
|-damage|p2a: Scizor|63/100|[from] Spikes
|move|p1a: Ferrothorn|Power Whip|p2a: Scizor
|-resisted|p2a: Scizor
|-damage|p2a: Scizor|55/100
|
|-weather|RainDance|[upkeep]
|-heal|p2a: Scizor|100/100|[from] move: Wish|[wisher] Jirachi
|-heal|p1a: Ferrothorn|29/100|[from] item: Leftovers
|turn|65
|choice||
|
|switch|p1a: Tentacruel|Tentacruel, M|96/100
|-damage|p1a: Tentacruel|84/100|[from] Stealth Rock
|move|p2a: Scizor|U-turn|p1a: Tentacruel
|-resisted|p1a: Tentacruel
|-damage|p1a: Tentacruel|53/100
|choice||
|
|switch|p2a: Latios|Latios, M|48/100 tox
|-damage|p2a: Latios|36/100 tox|[from] Stealth Rock
|
|-weather|RainDance|[upkeep]
|-heal|p1a: Tentacruel|59/100|[from] ability: Rain Dish
|-heal|p1a: Tentacruel|65/100|[from] item: Black Sludge
|-damage|p2a: Latios|30/100 tox|[from] psn
|turn|66
|choice||
|
|switch|p1a: Ferrothorn|Ferrothorn, M|29/100
|-damage|p1a: Ferrothorn|23/100|[from] Stealth Rock
|move|p2a: Latios|Roost|p2a: Latios
|-heal|p2a: Latios|80/100 tox
|
|-weather|RainDance|[upkeep]
|-heal|p1a: Ferrothorn|29/100|[from] item: Leftovers
|-damage|p2a: Latios|68/100 tox|[from] psn
|turn|67
|choice||
|
|switch|p2a: Rotom|Rotom-Wash|82/100 brn
|-damage|p2a: Rotom|69/100 brn|[from] Stealth Rock
|move|p1a: Ferrothorn|Gyro Ball|p2a: Rotom
|-resisted|p2a: Rotom
|-damage|p2a: Rotom|57/100 brn
|
|-weather|RainDance|[upkeep]
|-heal|p2a: Rotom|63/100 brn|[from] item: Leftovers
|-heal|p1a: Ferrothorn|35/100|[from] item: Leftovers
|-damage|p2a: Rotom|51/100 brn|[from] brn
|turn|68
|choice||
|
|move|p2a: Rotom|Will-O-Wisp|p1a: Ferrothorn
|-status|p1a: Ferrothorn|brn
|move|p1a: Ferrothorn|Power Whip|p2a: Rotom
|-supereffective|p2a: Rotom
|-damage|p2a: Rotom|7/100 brn
|
|-weather|RainDance|[upkeep]
|-heal|p2a: Rotom|13/100 brn|[from] item: Leftovers
|-heal|p1a: Ferrothorn|41/100 brn|[from] item: Leftovers
|-damage|p2a: Rotom|0 fnt|[from] brn
|-damage|p1a: Ferrothorn|29/100 brn|[from] brn
|faint|p2a: Rotom
|choice||
|
|switch|p2a: Latios|Latios, M|68/100 tox
|-damage|p2a: Latios|56/100 tox|[from] Stealth Rock
|turn|69
|choice||
|
|switch|p1a: Chansey|Chansey, F|70/100
|-damage|p1a: Chansey|57/100|[from] Stealth Rock
|move|p2a: Latios|Surf|p1a: Chansey
|-damage|p1a: Chansey|37/100
|-damage|p2a: Latios|46/100 tox|[from] item: Life Orb
|
|-weather|RainDance|[upkeep]
|-damage|p2a: Latios|40/100 tox|[from] psn
|turn|70
|choice||
|
|move|p2a: Latios|Roost|p2a: Latios
|-heal|p2a: Latios|90/100 tox
|move|p1a: Chansey|Soft-Boiled|p1a: Chansey
|-heal|p1a: Chansey|87/100
|
|-weather|RainDance|[upkeep]
|-damage|p2a: Latios|78/100 tox|[from] psn
|turn|71
|choice||
|
|switch|p2a: Jirachi|Jirachi|88/100
|-damage|p2a: Jirachi|63/100|[from] Spikes
|-damage|p2a: Jirachi|57/100|[from] Stealth Rock
|move|p1a: Chansey|Seismic Toss|p2a: Jirachi
|-damage|p2a: Jirachi|32/100
|
|-weather|RainDance|[upkeep]
|-heal|p2a: Jirachi|38/100|[from] item: Leftovers
|turn|72
|choice||
|
|move|p2a: Jirachi|Wish|p2a: Jirachi
|move|p1a: Chansey|Aromatherapy|p1a: Chansey
|-cureteam|p1a: Chansey|[from] move: Aromatherapy
|-curestatus|p1: Ferrothorn|brn
|
|-weather|RainDance|[upkeep]
|-heal|p2a: Jirachi|45/100|[from] item: Leftovers
|turn|73
|choice||
|
|move|p2a: Jirachi|Body Slam|p1a: Chansey
|-damage|p1a: Chansey|75/100
|-status|p1a: Chansey|par
|move|p1a: Chansey|Seismic Toss|p2a: Jirachi
|-damage|p2a: Jirachi|20/100
|
|-weather|RainDance|[upkeep]
|-heal|p2a: Jirachi|70/100|[from] move: Wish|[wisher] Jirachi
|-heal|p2a: Jirachi|76/100|[from] item: Leftovers
|turn|74
|choice||
|
|-curestatus|p1a: Chansey|par|[from] ability: Natural Cure
|switch|p1a: Ferrothorn|Ferrothorn, M|29/100
|-damage|p1a: Ferrothorn|23/100|[from] Stealth Rock
|move|p2a: Jirachi|Wish|p2a: Jirachi
|
|-weather|RainDance|[upkeep]
|-heal|p2a: Jirachi|82/100|[from] item: Leftovers
|-heal|p1a: Ferrothorn|29/100|[from] item: Leftovers
|turn|75
|choice||
|
|move|p2a: Jirachi|Iron Head|p1a: Ferrothorn
|-resisted|p1a: Ferrothorn
|-damage|p1a: Ferrothorn|20/100
|-damage|p2a: Jirachi|70/100|[from] ability: Iron Barbs|[of] p1a: Ferrothorn
|move|p1a: Ferrothorn|Gyro Ball|p2a: Jirachi
|-resisted|p2a: Jirachi
|-damage|p2a: Jirachi|50/100
|
|-weather|RainDance|[upkeep]
|-heal|p2a: Jirachi|99/100|[from] move: Wish|[wisher] Jirachi
|-heal|p2a: Jirachi|100/100|[from] item: Leftovers
|-heal|p1a: Ferrothorn|27/100|[from] item: Leftovers
|turn|76
|choice||
|
|switch|p1a: Quagsire|Quagsire, F|100/100
|-damage|p1a: Quagsire|94/100|[from] Stealth Rock
|move|p2a: Jirachi|Iron Head|p1a: Quagsire
|-resisted|p1a: Quagsire
|-crit|p1a: Quagsire
|-damage|p1a: Quagsire|75/100
|
|-weather|RainDance|[upkeep]
|-heal|p1a: Quagsire|81/100|[from] item: Leftovers
|turn|77
|choice||
|
|move|p2a: Jirachi|U-turn|p1a: Quagsire
|-damage|p1a: Quagsire|69/100
|choice||
|
|switch|p2a: Latios|Latios, M|78/100 tox
|-damage|p2a: Latios|66/100 tox|[from] Stealth Rock
|move|p1a: Quagsire|Earthquake|p2a: Latios
|-immune|p2a: Latios|[msg]|[from] ability: Levitate
|
|-weather|RainDance|[upkeep]
|-heal|p1a: Quagsire|75/100|[from] item: Leftovers
|-damage|p2a: Latios|60/100 tox|[from] psn
|turn|78
|choice||
|
|switch|p1a: Ferrothorn|Ferrothorn, M|27/100
|-damage|p1a: Ferrothorn|20/100|[from] Stealth Rock
|move|p2a: Latios|Psyshock|p1a: Ferrothorn
|-resisted|p1a: Ferrothorn
|-damage|p1a: Ferrothorn|3/100
|-damage|p2a: Latios|50/100 tox|[from] item: Life Orb
|
|-weather|RainDance|[upkeep]
|-heal|p1a: Ferrothorn|9/100|[from] item: Leftovers
|-damage|p2a: Latios|38/100 tox|[from] psn
|turn|79
|choice||
|
|move|p2a: Latios|Psyshock|p1a: Ferrothorn
|-resisted|p1a: Ferrothorn
|-damage|p1a: Ferrothorn|0 fnt
|-damage|p2a: Latios|28/100 tox|[from] item: Life Orb
|faint|p1a: Ferrothorn
|
|-weather|RainDance|[upkeep]
|-damage|p2a: Latios|10/100 tox|[from] psn
|choice||
|
|switch|p1a: Chansey|Chansey, F|75/100
|-damage|p1a: Chansey|62/100|[from] Stealth Rock
|turn|80
|choice||
|
|move|p2a: Latios|Roost|p2a: Latios
|-heal|p2a: Latios|60/100 tox
|move|p1a: Chansey|Soft-Boiled|p1a: Chansey
|-heal|p1a: Chansey|100/100
|
|-weather|RainDance|[upkeep]
|-damage|p2a: Latios|36/100 tox|[from] psn
|turn|81
|choice||
|
|switch|p2a: Jirachi|Jirachi|100/100
|-damage|p2a: Jirachi|94/100|[from] Stealth Rock
|-damage|p2a: Jirachi|69/100|[from] Spikes
|move|p1a: Chansey|Seismic Toss|p2a: Jirachi
|-damage|p2a: Jirachi|45/100
|
|-weather|RainDance|[upkeep]
|-heal|p2a: Jirachi|51/100|[from] item: Leftovers
|turn|82
|choice||
|
|switch|p1a: Quagsire|Quagsire, F|75/100
|-damage|p1a: Quagsire|69/100|[from] Stealth Rock
|move|p2a: Jirachi|Wish|p2a: Jirachi
|
|-weather|RainDance|[upkeep]
|-heal|p2a: Jirachi|57/100|[from] item: Leftovers
|-heal|p1a: Quagsire|75/100|[from] item: Leftovers
|turn|83
|l|blt3 lonely star
|choice||
|
|move|p2a: Jirachi|Iron Head|p1a: Quagsire
|-resisted|p1a: Quagsire
|-damage|p1a: Quagsire|65/100
|move|p1a: Quagsire|Scald|p2a: Jirachi
|-damage|p2a: Jirachi|38/100
|-status|p2a: Jirachi|brn
|
|-weather|RainDance|[upkeep]
|-heal|p2a: Jirachi|88/100 brn|[from] move: Wish|[wisher] Jirachi
|-heal|p2a: Jirachi|94/100 brn|[from] item: Leftovers
|-heal|p1a: Quagsire|71/100|[from] item: Leftovers
|-damage|p2a: Jirachi|82/100 brn|[from] brn
|turn|84
|choice||
|
|move|p2a: Jirachi|Wish|p2a: Jirachi
|move|p1a: Quagsire|Earthquake|p2a: Jirachi
|-supereffective|p2a: Jirachi
|-damage|p2a: Jirachi|29/100 brn
|
|-weather|RainDance|[upkeep]
|-heal|p2a: Jirachi|36/100 brn|[from] item: Leftovers
|-heal|p1a: Quagsire|77/100|[from] item: Leftovers
|-damage|p2a: Jirachi|23/100 brn|[from] brn
|turn|85
|choice||
|
|move|p2a: Jirachi|U-turn|p1a: Quagsire
|-damage|p1a: Quagsire|72/100
|choice||
|
|switch|p2a: Latios|Latios, M|36/100 tox
|-damage|p2a: Latios|24/100 tox|[from] Stealth Rock
|move|p1a: Quagsire|Scald|p2a: Latios
|-resisted|p2a: Latios
|-damage|p2a: Latios|9/100 tox
|
|-weather|RainDance|[upkeep]
|-heal|p2a: Latios|76/100 tox|[from] move: Wish|[wisher] Jirachi
|-heal|p1a: Quagsire|78/100|[from] item: Leftovers
|-damage|p2a: Latios|70/100 tox|[from] psn
|turn|86
|choice||
|
|switch|p1a: Chansey|Chansey, F|100/100
|-damage|p1a: Chansey|88/100|[from] Stealth Rock
|move|p2a: Latios|Psyshock|p1a: Chansey
|-damage|p1a: Chansey|51/100
|-damage|p2a: Latios|60/100 tox|[from] item: Life Orb
|
|-weather|RainDance|[upkeep]
|-damage|p2a: Latios|48/100 tox|[from] psn
|turn|87
|choice||
|
|switch|p2a: Landorus|Landorus-Therian, M|35/100 tox
|-damage|p2a: Landorus|23/100 tox|[from] Stealth Rock
|-ability|p2a: Landorus|Intimidate|boost
|-unboost|p1a: Chansey|atk|1
|move|p1a: Chansey|Soft-Boiled|p1a: Chansey
|-heal|p1a: Chansey|100/100
|
|-weather|RainDance|[upkeep]
|-heal|p2a: Landorus|29/100 tox|[from] item: Leftovers
|-damage|p2a: Landorus|23/100 tox|[from] psn
|turn|88
|choice||
|
|move|p2a: Landorus|Earthquake|p1a: Chansey
|-damage|p1a: Chansey|68/100
|move|p1a: Chansey|Seismic Toss|p2a: Landorus
|-damage|p2a: Landorus|0 fnt
|faint|p2a: Landorus
|
|-weather|RainDance|[upkeep]
|choice||
|
|switch|p2a: Scizor|Scizor, F|100/100
|-damage|p2a: Scizor|88/100|[from] Stealth Rock
|-damage|p2a: Scizor|63/100|[from] Spikes
|turn|89
|choice||
|
|switch|p1a: Tentacruel|Tentacruel, M|65/100
|-damage|p1a: Tentacruel|53/100|[from] Stealth Rock
|move|p2a: Scizor|U-turn|p1a: Tentacruel
|-resisted|p1a: Tentacruel
|-damage|p1a: Tentacruel|26/100
|choice||
|
|switch|p2a: Latios|Latios, M|48/100 tox
|-damage|p2a: Latios|36/100 tox|[from] Stealth Rock
|
|-weather|RainDance|[upkeep]
|-heal|p1a: Tentacruel|32/100|[from] ability: Rain Dish
|-heal|p1a: Tentacruel|38/100|[from] item: Black Sludge
|-damage|p2a: Latios|30/100 tox|[from] psn
|turn|90
|choice||
|
|move|p2a: Latios|Psyshock|p1a: Tentacruel
|-supereffective|p1a: Tentacruel
|-damage|p1a: Tentacruel|0 fnt
|-damage|p2a: Latios|20/100 tox|[from] item: Life Orb
|faint|p1a: Tentacruel
|
|-weather|RainDance|[upkeep]
|-damage|p2a: Latios|8/100 tox|[from] psn
|choice||
|
|switch|p1a: Quagsire|Quagsire, F|78/100
|-damage|p1a: Quagsire|72/100|[from] Stealth Rock
|turn|91
|choice||
|
|move|p2a: Latios|Roost|p2a: Latios
|-heal|p2a: Latios|58/100 tox
|move|p1a: Quagsire|Recover|p1a: Quagsire
|-heal|p1a: Quagsire|100/100
|
|-weather|RainDance|[upkeep]
|-damage|p2a: Latios|40/100 tox|[from] psn
|turn|92
|choice||
|
|switch|p2a: Jirachi|Jirachi|23/100 brn
|-damage|p2a: Jirachi|17/100 brn|[from] Stealth Rock
|-damage|p2a: Jirachi|0 fnt|[from] Spikes
|faint|p2a: Jirachi
|move|p1a: Quagsire|Recover|p1a: Quagsire
|-fail|p1a: Quagsire
|
|-weather|RainDance|[upkeep]
|choice||
|
|switch|p2a: Keldeo|Keldeo|100/100
|-damage|p2a: Keldeo|76/100|[from] Spikes
|-damage|p2a: Keldeo|70/100|[from] Stealth Rock
|turn|93
|choice||
|
|move|p2a: Keldeo|Secret Sword|p1a: Quagsire
|-damage|p1a: Quagsire|67/100
|move|p1a: Quagsire|Toxic|p2a: Keldeo
|-status|p2a: Keldeo|tox
|
|-weather|RainDance|[upkeep]
|-heal|p1a: Quagsire|73/100|[from] item: Leftovers
|-damage|p2a: Keldeo|63/100 tox|[from] psn
|turn|94
|-message|dberman1 forfeited.
|
|win|culini
|l|dberman1
|player|p1
|player|p2
|raw|culini's rating: 1430 &rarr; <strong>1444</strong><br />(+14 for winning)
|raw|dberman1's rating: 1328 &rarr; <strong>1313</strong><br />(-15 for losing)