|j|☆xpeps_10
|j|☆chundee galaxy
|t:|1736174123
|gametype|singles
|player|p1|xpeps_10|gentleman-gen4|1448
|player|p2|chundee galaxy|alder|1472
|teamsize|p1|6
|teamsize|p2|6
|gen|5
|tier|[Gen 5] OU
|rated|
|rule|Species Clause: Limit one of each Pokémon
|rule|OHKO Clause: OHKO moves are banned
|rule|Moody Clause: Moody is banned
|rule|Evasion Items Clause: Evasion items are banned
|rule|Evasion Moves Clause: Evasion moves are banned
|rule|Endless Battle Clause: Forcing endless battles is banned
|rule|HP Percentage Mod: HP is shown in percentages
|rule|Evasion Abilities Clause: Evasion abilities are banned
|rule|Sleep Moves Clause: Sleep-inducing moves are banned
|rule|Swagger Clause: Swagger is banned
|rule|Baton Pass Stat Clause: No Baton Passer may have a way to boost its stats
|clearpoke
|poke|p1|Politoed, M|item
|poke|p1|Thundurus-Therian, M|item
|poke|p1|Starmie|item
|poke|p1|Mamoswine, F|item
|poke|p1|Ferrothorn, M|item
|poke|p1|Keldeo|item
|poke|p2|Politoed, M|item
|poke|p2|Keldeo|item
|poke|p2|Breloom, M|item
|poke|p2|Metagross|item
|poke|p2|Scizor, F|item
|poke|p2|Gyarados, F|item
|teampreview
|inactive|Battle timer is ON: inactive players will automatically lose when time's up. (requested by xpeps_10)
|inactive|chundee galaxy has 120 seconds left.
|
|t:|1736174182
|start
|switch|p1a: Ferrothorn|Ferrothorn, M|100/100
|switch|p2a: Keldeo|Keldeo|100/100
|turn|1
|
|t:|1736174187
|move|p2a: Keldeo|Secret Sword|p1a: Ferrothorn
|-supereffective|p1a: Ferrothorn
|-damage|p1a: Ferrothorn|10/100
|move|p1a: Ferrothorn|Stealth Rock|p2a: Keldeo
|-sidestart|p2: chundee galaxy|move: Stealth Rock
|
|-heal|p1a: Ferrothorn|16/100|[from] item: Leftovers
|upkeep
|turn|2
|
|t:|1736174193
|move|p2a: Keldeo|Secret Sword|p1a: Ferrothorn
|-supereffective|p1a: Ferrothorn
|-damage|p1a: Ferrothorn|0 fnt
|faint|p1a: Ferrothorn
|
|upkeep
|
|t:|1736174197
|switch|p1a: Thundurus|Thundurus-Therian, M|100/100
|turn|3
|
|t:|1736174205
|switch|p2a: Metagross|Metagross|100/100
|-damage|p2a: Metagross|94/100|[from] Stealth Rock
|move|p1a: Thundurus|Agility|p1a: Thundurus
|-boost|p1a: Thundurus|spe|2
|
|upkeep
|turn|4
|
|t:|1736174212
|move|p1a: Thundurus|Thunder|p2a: Metagross
|-damage|p2a: Metagross|18/100
|move|p2a: Metagross|Ice Punch|p1a: Thundurus
|-supereffective|p1a: Thundurus
|-damage|p1a: Thundurus|15/100
|-enditem|p1a: Thundurus|Sitrus Berry|[eat]
|-heal|p1a: Thundurus|40/100|[from] item: Sitrus Berry
|
|upkeep
|turn|5
|
|t:|1736174220
|move|p1a: Thundurus|Thunder|p2a: Metagross
|-crit|p2a: Metagross
|-damage|p2a: Metagross|0 fnt
|faint|p2a: Metagross
|
|upkeep
|inactive|chundee galaxy has 120 seconds left.
|inactive|chundee galaxy has 90 seconds left.
|
|t:|1736174291
|switch|p2a: Breloom|Breloom, M|100/100
|-damage|p2a: Breloom|94/100|[from] Stealth Rock
|turn|6
|
|t:|1736174301
|move|p2a: Breloom|Mach Punch|p1a: Thundurus
|-resisted|p1a: Thundurus
|-damage|p1a: Thundurus|4/100
|move|p1a: Thundurus|Hidden Power|p2a: Breloom
|-supereffective|p2a: Breloom
|-damage|p2a: Breloom|0 fnt
|faint|p2a: Breloom
|
|upkeep
|
|t:|1736174309
|switch|p2a: Scizor|Scizor, F|100/100
|-damage|p2a: Scizor|88/100|[from] Stealth Rock
|turn|7
|
|t:|1736174316
|move|p2a: Scizor|Bullet Punch|p1a: Thundurus
|-resisted|p1a: Thundurus
|-damage|p1a: Thundurus|0 fnt
|faint|p1a: Thundurus
|
|upkeep
|
|t:|1736174324
|switch|p1a: Politoed|Politoed, M|100/100
|-weather|RainDance|[from] ability: Drizzle|[of] p1a: Politoed
|turn|8
|
|t:|1736174331
|switch|p2a: Politoed|Politoed, M|100/100
|-damage|p2a: Politoed|88/100|[from] Stealth Rock
|move|p1a: Politoed|Hidden Power|p2a: Politoed
|-supereffective|p2a: Politoed
|-damage|p2a: Politoed|33/100
|
|-weather|RainDance|[upkeep]
|upkeep
|turn|9
|
|t:|1736174339
|move|p1a: Politoed|Hidden Power|p2a: Politoed
|-supereffective|p2a: Politoed
|-damage|p2a: Politoed|0 fnt
|faint|p2a: Politoed
|
|-weather|RainDance|[upkeep]
|upkeep
|
|t:|1736174352
|switch|p2a: Scizor|Scizor, F|88/100
|-damage|p2a: Scizor|76/100|[from] Stealth Rock
|turn|10
|
|t:|1736174356
|switch|p1a: Keldeo|Keldeo|100/100
|move|p2a: Scizor|U-turn|p1a: Keldeo
|-resisted|p1a: Keldeo
|-damage|p1a: Keldeo|78/100
|inactive|chundee galaxy has 120 seconds left.
|
|t:|1736174361
|switch|p2a: Gyarados|Gyarados, F|100/100|[from] U-turn
|-damage|p2a: Gyarados|76/100|[from] Stealth Rock
|-ability|p2a: Gyarados|Intimidate|boost
|-unboost|p1a: Keldeo|atk|1
|
|-weather|RainDance|[upkeep]
|-heal|p2a: Gyarados|82/100|[from] item: Leftovers
|upkeep
|turn|11
|inactive|chundee galaxy has 120 seconds left.
|
|t:|1736174374
|move|p1a: Keldeo|Surf|p2a: Gyarados
|-resisted|p2a: Gyarados
|-damage|p2a: Gyarados|40/100
|move|p2a: Gyarados|Dragon Dance|p2a: Gyarados
|-boost|p2a: Gyarados|atk|1
|-boost|p2a: Gyarados|spe|1
|
|-weather|RainDance|[upkeep]
|-heal|p2a: Gyarados|46/100|[from] item: Leftovers
|upkeep
|turn|12
|
|t:|1736174382
|move|p1a: Keldeo|Surf|p2a: Gyarados
|-resisted|p2a: Gyarados
|-damage|p2a: Gyarados|11/100
|move|p2a: Gyarados|Waterfall|p1a: Keldeo
|-resisted|p1a: Keldeo
|-damage|p1a: Keldeo|21/100
|
|-weather|RainDance|[upkeep]
|-heal|p2a: Gyarados|17/100|[from] item: Leftovers
|upkeep
|turn|13
|
|t:|1736174390
|move|p1a: Keldeo|Surf|p2a: Gyarados
|-resisted|p2a: Gyarados
|-crit|p2a: Gyarados
|-damage|p2a: Gyarados|0 fnt
|faint|p2a: Gyarados
|
|-weather|RainDance|[upkeep]
|upkeep
|
|t:|1736174396
|switch|p2a: Keldeo|Keldeo|100/100
|-damage|p2a: Keldeo|94/100|[from] Stealth Rock
|turn|14
|
|t:|1736174401
|switch|p1a: Politoed|Politoed, M|100/100
|move|p2a: Keldeo|Surf|p1a: Politoed
|-resisted|p1a: Politoed
|-damage|p1a: Politoed|51/100
|
|-weather|RainDance|[upkeep]
|upkeep
|turn|15
|
|t:|1736174407
|move|p2a: Keldeo|Surf|p1a: Politoed
|-resisted|p1a: Politoed
|-damage|p1a: Politoed|5/100
|move|p1a: Politoed|Hydro Pump|p2a: Keldeo|[miss]
|-miss|p1a: Politoed|p2a: Keldeo
|
|-weather|RainDance|[upkeep]
|upkeep
|turn|16
|
|t:|1736174415
|move|p2a: Keldeo|Surf|p1a: Politoed
|-resisted|p1a: Politoed
|-damage|p1a: Politoed|0 fnt
|faint|p1a: Politoed
|
|-weather|RainDance|[upkeep]
|upkeep
|
|t:|1736174419
|switch|p1a: Starmie|Starmie|100/100
|-item|p1a: Starmie|Air Balloon
|turn|17
|
|t:|1736174423
|move|p1a: Starmie|Thunder|p2a: Keldeo
|-supereffective|p2a: Keldeo
|-damage|p2a: Keldeo|12/100
|move|p2a: Keldeo|Surf|p1a: Starmie
|-resisted|p1a: Starmie
|-damage|p1a: Starmie|18/100
|-enditem|p1a: Starmie|Air Balloon
|
|-weather|RainDance|[upkeep]
|upkeep
|turn|18
|
|t:|1736174437
|move|p1a: Starmie|Surf|p2a: Keldeo
|-resisted|p2a: Keldeo
|-crit|p2a: Keldeo
|-damage|p2a: Keldeo|0 fnt
|faint|p2a: Keldeo
|
|-weather|RainDance|[upkeep]
|upkeep
|
|t:|1736174443
|switch|p2a: Scizor|Scizor, F|76/100
|-damage|p2a: Scizor|63/100|[from] Stealth Rock
|turn|19
|
|t:|1736174447
|move|p2a: Scizor|Bullet Punch|p1a: Starmie
|-resisted|p1a: Starmie
|-damage|p1a: Starmie|0 fnt
|faint|p1a: Starmie
|
|-weather|RainDance|[upkeep]
|upkeep
|c|☆chundee galaxy|ggwp
|
|t:|1736174453
|switch|p1a: Keldeo|Keldeo|21/100
|turn|20
|
|t:|1736174456
|move|p2a: Scizor|Bullet Punch|p1a: Keldeo
|-resisted|p1a: Keldeo
|-damage|p1a: Keldeo|3/100
|move|p1a: Keldeo|Surf|p2a: Scizor
|-damage|p2a: Scizor|0 fnt
|faint|p2a: Scizor
|
|win|xpeps_10
|raw|xpeps_10's rating: 1448 &rarr; <strong>1469</strong><br />(+21 for winning)
|raw|chundee galaxy's rating: 1472 &rarr; <strong>1451</strong><br />(-21 for losing)
|l|☆chundee galaxy
|player|p2|
|c|☆xpeps_10|GG Bro
