|j|☆torinoko city
|j|☆sidis
|t:|1707533290
|gametype|singles
|player|p1|torinoko city|miku-flying|1476
|player|p2|sidis|iris-gen5bw2|1357
|teamsize|p1|6
|teamsize|p2|6
|gen|5
|tier|[Gen 5] OU
|rated|
|rule|Species Clause: Limit one of each Pokémon
|rule|OHKO Clause: OHKO moves are banned
|rule|Moody Clause: Moody is banned
|rule|Evasion Items Clause: Evasion items are banned
|rule|Evasion Moves Clause: Evasion moves are banned
|rule|Endless Battle Clause: Forcing endless battles is banned
|rule|HP Percentage Mod: HP is shown in percentages
|rule|Evasion Abilities Clause: Evasion abilities are banned
|rule|Sleep Moves Clause: Sleep-inducing moves are banned
|rule|Swagger Clause: Swagger is banned
|rule|Baton Pass Stat Clause: No Baton Passer may have a way to boost its stats
|clearpoke
|poke|p1|Politoed, F|item
|poke|p1|Volcarona, M|item
|poke|p1|Jirachi|item
|poke|p1|Dragonite, M|item
|poke|p1|Garchomp, F|item
|poke|p1|Starmie|item
|poke|p2|Haxorus, F|item
|poke|p2|Landorus-Therian, M|item
|poke|p2|Mamoswine, F|item
|poke|p2|Starmie|item
|poke|p2|Hippowdon, F|item
|poke|p2|Gengar, M|item
|teampreview
|inactive|Battle timer is ON: inactive players will automatically lose when time's up. (requested by torinoko city)
|
|t:|1707533304
|start
|switch|p1a: Hotline Bling|Politoed, F, shiny|100/100
|switch|p2a: Landorus|Landorus-Therian, M|100/100
|-weather|RainDance|[from] ability: Drizzle|[of] p1a: Hotline Bling
|-ability|p2a: Landorus|Intimidate|boost
|-unboost|p1a: Hotline Bling|atk|1
|turn|1
|
|t:|1707533307
|move|p1a: Hotline Bling|Scald|p2a: Landorus
|-supereffective|p2a: Landorus
|-enditem|p2a: Landorus|Focus Sash
|-damage|p2a: Landorus|1/100
|move|p2a: Landorus|Stealth Rock|p1a: Hotline Bling
|-sidestart|p1: torinoko city|move: Stealth Rock
|
|-weather|RainDance|[upkeep]
|upkeep
|turn|2
|
|t:|1707533332
|move|p1a: Hotline Bling|Scald|p2a: Landorus
|-supereffective|p2a: Landorus
|-damage|p2a: Landorus|0 fnt
|faint|p2a: Landorus
|
|-weather|RainDance|[upkeep]
|upkeep
|
|t:|1707533334
|switch|p2a: Haxorus|Haxorus, F, shiny|100/100
|-ability|p2a: Haxorus|Mold Breaker
|turn|3
|
|t:|1707533343
|move|p1a: Hotline Bling|Scald|p2a: Haxorus
|-resisted|p2a: Haxorus
|-damage|p2a: Haxorus|67/100
|move|p2a: Haxorus|Swords Dance|p2a: Haxorus
|-boost|p2a: Haxorus|atk|2
|
|-weather|RainDance|[upkeep]
|upkeep
|turn|4
|
|t:|1707533377
|switch|p1a: 5am in Toronto|Jirachi|100/100
|-damage|p1a: 5am in Toronto|94/100|[from] Stealth Rock
|move|p2a: Haxorus|Outrage|p1a: 5am in Toronto
|-resisted|p1a: 5am in Toronto
|-damage|p1a: 5am in Toronto|39/100
|
|-weather|RainDance|[upkeep]
|-heal|p1a: 5am in Toronto|45/100|[from] item: Leftovers
|upkeep
|turn|5
|
|t:|1707533381
|move|p1a: 5am in Toronto|Psychic|p2a: Haxorus
|-damage|p2a: Haxorus|17/100
|move|p2a: Haxorus|Outrage|p1a: 5am in Toronto|[from]lockedmove
|-resisted|p1a: 5am in Toronto
|-damage|p1a: 5am in Toronto|0 fnt
|faint|p1a: 5am in Toronto
|-start|p2a: Haxorus|confusion|[fatigue]
|-enditem|p2a: Haxorus|Lum Berry|[eat]
|-end|p2a: Haxorus|confusion
|
|-weather|RainDance|[upkeep]
|upkeep
|
|t:|1707533387
|switch|p1a: Best I Ever Had|Garchomp, F|100/100
|-damage|p1a: Best I Ever Had|94/100|[from] Stealth Rock
|turn|6
|
|t:|1707533399
|move|p1a: Best I Ever Had|Earthquake|p2a: Haxorus
|-damage|p2a: Haxorus|0 fnt
|faint|p2a: Haxorus
|
|-weather|RainDance|[upkeep]
|upkeep
|
|t:|1707533402
|switch|p2a: Starmie|Starmie|100/100
|turn|7
|
|t:|1707533413
|switch|p1a: Hotline Bling|Politoed, F, shiny|100/100
|-damage|p1a: Hotline Bling|88/100|[from] Stealth Rock
|move|p2a: Starmie|Hydro Pump|p1a: Hotline Bling
|-resisted|p1a: Hotline Bling
|-damage|p1a: Hotline Bling|24/100
|-damage|p2a: Starmie|91/100|[from] item: Life Orb
|
|-weather|RainDance|[upkeep]
|upkeep
|turn|8
|
|t:|1707533418
|move|p1a: Hotline Bling|Scald|p2a: Starmie
|-resisted|p2a: Starmie
|-damage|p2a: Starmie|62/100
|move|p2a: Starmie|Psyshock|p1a: Hotline Bling
|-damage|p1a: Hotline Bling|0 fnt
|faint|p1a: Hotline Bling
|-damage|p2a: Starmie|52/100|[from] item: Life Orb
|
|-weather|RainDance|[upkeep]
|upkeep
|
|t:|1707533421
|switch|p1a: Right Hand|Starmie|100/100
|-damage|p1a: Right Hand|88/100|[from] Stealth Rock
|-item|p1a: Right Hand|Air Balloon
|turn|9
|
|t:|1707533425
|switch|p2a: Hippowdon|Hippowdon, F|100/100
|-weather|Sandstorm|[from] ability: Sand Stream|[of] p2a: Hippowdon
|move|p1a: Right Hand|Thunder|p2a: Hippowdon
|-immune|p2a: Hippowdon
|
|-weather|Sandstorm|[upkeep]
|-damage|p1a: Right Hand|82/100|[from] Sandstorm
|upkeep
|turn|10
|
|t:|1707533429
|switch|p2a: Gengar|Gengar, M|100/100
|move|p1a: Right Hand|Rapid Spin|p2a: Gengar
|-immune|p2a: Gengar
|
|-weather|Sandstorm|[upkeep]
|-damage|p2a: Gengar|94/100|[from] Sandstorm
|-damage|p1a: Right Hand|76/100|[from] Sandstorm
|upkeep
|turn|11
|
|t:|1707533431
|move|p2a: Gengar|Shadow Ball|p1a: Right Hand
|-supereffective|p1a: Right Hand
|-damage|p1a: Right Hand|0 fnt
|-enditem|p1a: Right Hand|Air Balloon
|faint|p1a: Right Hand
|
|-weather|Sandstorm|[upkeep]
|-damage|p2a: Gengar|88/100|[from] Sandstorm
|upkeep
|
|t:|1707533435
|switch|p1a: Tootsie Slide|Dragonite, M|100/100
|-damage|p1a: Tootsie Slide|76/100|[from] Stealth Rock
|turn|12
|
|t:|1707533442
|switch|p2a: Hippowdon|Hippowdon, F|100/100
|move|p1a: Tootsie Slide|Waterfall|p2a: Hippowdon
|-supereffective|p2a: Hippowdon
|-damage|p2a: Hippowdon|59/100
|
|-weather|Sandstorm|[upkeep]
|-damage|p1a: Tootsie Slide|70/100|[from] Sandstorm
|-heal|p2a: Hippowdon|65/100|[from] item: Leftovers
|upkeep
|turn|13
|
|t:|1707533446
|move|p1a: Tootsie Slide|Dragon Dance|p1a: Tootsie Slide
|-boost|p1a: Tootsie Slide|atk|1
|-boost|p1a: Tootsie Slide|spe|1
|move|p2a: Hippowdon|Rock Slide|p1a: Tootsie Slide
|-supereffective|p1a: Tootsie Slide
|-damage|p1a: Tootsie Slide|27/100
|
|-weather|Sandstorm|[upkeep]
|-damage|p1a: Tootsie Slide|21/100|[from] Sandstorm
|-heal|p2a: Hippowdon|71/100|[from] item: Leftovers
|upkeep
|turn|14
|j| SKT T1 Motherfaker
|
|t:|1707533450
|move|p1a: Tootsie Slide|Waterfall|p2a: Hippowdon
|-supereffective|p2a: Hippowdon
|-damage|p2a: Hippowdon|4/100
|move|p2a: Hippowdon|Slack Off|p2a: Hippowdon
|-heal|p2a: Hippowdon|54/100
|
|-weather|Sandstorm|[upkeep]
|-damage|p1a: Tootsie Slide|14/100|[from] Sandstorm
|-heal|p2a: Hippowdon|60/100|[from] item: Leftovers
|upkeep
|turn|15
|
|t:|1707533460
|move|p1a: Tootsie Slide|Outrage|p2a: Hippowdon
|-damage|p2a: Hippowdon|0 fnt
|faint|p2a: Hippowdon
|
|-weather|Sandstorm|[upkeep]
|-damage|p1a: Tootsie Slide|8/100|[from] Sandstorm
|upkeep
|
|t:|1707533469
|switch|p2a: Gengar|Gengar, M|88/100
|turn|16
|
|t:|1707533471
|move|p2a: Gengar|Shadow Ball|p1a: Tootsie Slide
|-damage|p1a: Tootsie Slide|0 fnt
|faint|p1a: Tootsie Slide
|
|-weather|Sandstorm|[upkeep]
|-damage|p2a: Gengar|82/100|[from] Sandstorm
|upkeep
|-message|torinoko city forfeited.
|
|win|sidis
|raw|torinoko city's rating: 1476 &rarr; <strong>1449</strong><br />(-27 for losing)
|raw|sidis's rating: 1357 &rarr; <strong>1384</strong><br />(+27 for winning)
|l|☆torinoko city
|player|p1|
