|j|☆VelleityKiwi
|j|☆tetsuotheironman
|player|p1|VelleityKiwi|197
|player|p2|tetsuotheironman|9
|teamsize|p1|6
|teamsize|p2|6
|gametype|singles
|gen|5
|tier|[Gen 5] OU
|rated|
|rule|Sleep Clause Mod: Limit one foe put to sleep
|rule|Species Clause: Limit one of each Pokémon
|rule|OHKO Clause: OHKO moves are banned
|rule|Moody Clause: Moody is banned
|rule|Evasion Moves Clause: Evasion moves are banned
|rule|Endless Battle Clause: Forcing endless battles is banned
|rule|HP Percentage Mod: HP is shown in percentages
|rule|Evasion Abilities Clause: Evasion abilities are banned
|rule|Baton Pass Clause: Limit one Baton Passer, can't pass Spe and other stats simultaneously
|rule|Swagger Clause: Swagger is banned
|clearpoke
|poke|p1|Politoed, M|item
|poke|p1|Ferrothorn, M|item
|poke|p1|Keldeo-Resolute|item
|poke|p1|Kyurem-Black|item
|poke|p1|Breloom, M|item
|poke|p1|Jirachi|item
|poke|p2|Jirachi|item
|poke|p2|Dragonite, M|item
|poke|p2|Salamence, F|item
|poke|p2|Excadrill, M|item
|poke|p2|Breloom, M|item
|poke|p2|Tornadus, M|item
|teampreview
|
|start
|switch|p1a: Politoed|Politoed, M, shiny|100/100
|switch|p2a: Dragonite|Dragonite, M|100/100
|-weather|RainDance|[from] ability: Drizzle|[of] p1a: Politoed
|turn|1
|
|move|p1a: Politoed|Ice Beam|p2a: Dragonite
|-supereffective|p2a: Dragonite
|-damage|p2a: Dragonite|40/100
|move|p2a: Dragonite|Draco Meteor|p1a: Politoed|[miss]
|-miss|p2a: Dragonite|p1a: Politoed
|
|-weather|RainDance|[upkeep]
|upkeep
|turn|2
|
|switch|p2a: Jirachi|Jirachi|100/100
|move|p1a: Politoed|Ice Beam|p2a: Jirachi
|-resisted|p2a: Jirachi
|-damage|p2a: Jirachi|87/100
|
|-weather|RainDance|[upkeep]
|upkeep
|turn|3
|
|switch|p1a: Jirachi|Jirachi|100/100
|move|p2a: Jirachi|Thunder|p1a: Jirachi
|-damage|p1a: Jirachi|69/100
|-status|p1a: Jirachi|par
|
|-weather|RainDance|[upkeep]
|-heal|p1a: Jirachi|75/100 par|[from] item: Leftovers
|upkeep
|turn|4
|
|move|p2a: Jirachi|Stealth Rock|p1a: Jirachi
|-sidestart|p1: VelleityKiwi|move: Stealth Rock
|move|p1a: Jirachi|Substitute|p1a: Jirachi
|-start|p1a: Jirachi|Substitute
|-damage|p1a: Jirachi|50/100 par
|
|-weather|RainDance|[upkeep]
|-heal|p1a: Jirachi|56/100 par|[from] item: Leftovers
|upkeep
|turn|5
|
|move|p2a: Jirachi|Thunder|p1a: Jirachi
|-end|p1a: Jirachi|Substitute
|move|p1a: Jirachi|Calm Mind|p1a: Jirachi
|-boost|p1a: Jirachi|spa|1
|-boost|p1a: Jirachi|spd|1
|
|-weather|RainDance|[upkeep]
|-heal|p1a: Jirachi|62/100 par|[from] item: Leftovers
|upkeep
|turn|6
|
|move|p2a: Jirachi|Thunder|p1a: Jirachi
|-damage|p1a: Jirachi|42/100 par
|cant|p1a: Jirachi|par
|
|-weather|RainDance|[upkeep]
|-heal|p1a: Jirachi|48/100 par|[from] item: Leftovers
|upkeep
|turn|7
|
|move|p2a: Jirachi|Sandstorm|p2a: Jirachi
|-weather|Sandstorm
|cant|p1a: Jirachi|par
|
|-weather|Sandstorm|[upkeep]
|-heal|p1a: Jirachi|54/100 par|[from] item: Leftovers
|upkeep
|turn|8
|
|move|p2a: Jirachi|Hidden Power|p1a: Jirachi
|-supereffective|p1a: Jirachi
|-damage|p1a: Jirachi|30/100 par
|cant|p1a: Jirachi|par
|
|-weather|Sandstorm|[upkeep]
|-heal|p1a: Jirachi|36/100 par|[from] item: Leftovers
|upkeep
|turn|9
|
|move|p2a: Jirachi|Hidden Power|p1a: Jirachi
|-supereffective|p1a: Jirachi
|-damage|p1a: Jirachi|9/100 par
|move|p1a: Jirachi|Thunder|p2a: Jirachi|[miss]
|-miss|p1a: Jirachi|p2a: Jirachi
|
|-weather|Sandstorm|[upkeep]
|-heal|p1a: Jirachi|15/100 par|[from] item: Leftovers
|upkeep
|turn|10
|
|switch|p2a: Dragonite|Dragonite, M|40/100
|switch|p1a: Politoed|Politoed, M, shiny|100/100
|-damage|p1a: Politoed|88/100|[from] Stealth Rock
|-weather|RainDance|[from] ability: Drizzle|[of] p1a: Politoed
|
|-weather|RainDance|[upkeep]
|upkeep
|turn|11
|
|move|p2a: Dragonite|Extreme Speed|p1a: Politoed
|-damage|p1a: Politoed|51/100
|move|p1a: Politoed|Scald|p2a: Dragonite
|-resisted|p2a: Dragonite
|-damage|p2a: Dragonite|10/100
|
|-weather|RainDance|[upkeep]
|upkeep
|turn|12
|
|switch|p1a: Ferrothorn|Ferrothorn, M|100/100
|-damage|p1a: Ferrothorn|94/100|[from] Stealth Rock
|move|p2a: Dragonite|Extreme Speed|p1a: Ferrothorn
|-resisted|p1a: Ferrothorn
|-damage|p1a: Ferrothorn|85/100
|-damage|p2a: Dragonite|0 fnt|[from] ability: Iron Barbs|[of] p1a: Ferrothorn
|faint|p2a: Dragonite
|
|-weather|RainDance|[upkeep]
|upkeep
|
|switch|p2a: Jirachi|Jirachi|87/100
|turn|13
|
|move|p2a: Jirachi|Thunder|p1a: Ferrothorn
|-resisted|p1a: Ferrothorn
|-damage|p1a: Ferrothorn|70/100
|-status|p1a: Ferrothorn|par
|move|p1a: Ferrothorn|Stealth Rock|p2a: Jirachi
|-sidestart|p2: tetsuotheironman|move: Stealth Rock
|
|-weather|RainDance|[upkeep]
|upkeep
|turn|14
|
|move|p2a: Jirachi|Sandstorm|p2a: Jirachi
|-weather|Sandstorm
|move|p1a: Ferrothorn|Leech Seed|p2a: Jirachi
|-start|p2a: Jirachi|move: Leech Seed
|
|-weather|Sandstorm|[upkeep]
|-damage|p2a: Jirachi|75/100|[from] Leech Seed|[of] p1a: Ferrothorn
|-heal|p1a: Ferrothorn|83/100 par|[silent]
|upkeep
|turn|15
|
|move|p2a: Jirachi|Hidden Power|p1a: Ferrothorn
|-supereffective|p1a: Ferrothorn
|-damage|p1a: Ferrothorn|15/100 par
|cant|p1a: Ferrothorn|par
|
|-weather|Sandstorm|[upkeep]
|-damage|p2a: Jirachi|63/100|[from] Leech Seed|[of] p1a: Ferrothorn
|-heal|p1a: Ferrothorn|28/100 par|[silent]
|upkeep
|turn|16
|
|switch|p1a: Politoed|Politoed, M, shiny|51/100
|-damage|p1a: Politoed|38/100|[from] Stealth Rock
|-weather|RainDance|[from] ability: Drizzle|[of] p1a: Politoed
|move|p2a: Jirachi|Hidden Power|p1a: Politoed
|-resisted|p1a: Politoed
|-damage|p1a: Politoed|32/100
|
|-weather|RainDance|[upkeep]
|-damage|p2a: Jirachi|50/100|[from] Leech Seed|[of] p1a: Politoed
|-heal|p1a: Politoed|47/100|[silent]
|upkeep
|turn|17
|
|move|p1a: Politoed|Scald|p2a: Jirachi
|-damage|p2a: Jirachi|3/100
|move|p2a: Jirachi|Thunder|p1a: Politoed
|-supereffective|p1a: Politoed
|-damage|p1a: Politoed|0 fnt
|faint|p1a: Politoed
|
|-weather|RainDance|[upkeep]
|upkeep
|
|switch|p1a: Keldeo|Keldeo-Resolute|100/100
|-damage|p1a: Keldeo|94/100|[from] Stealth Rock
|turn|18
|
|move|p1a: Keldeo|Surf|p2a: Jirachi
|-damage|p2a: Jirachi|0 fnt
|faint|p2a: Jirachi
|
|-weather|RainDance|[upkeep]
|upkeep
|
|switch|p2a: Breloom|Breloom, M|100/100
|-damage|p2a: Breloom|94/100|[from] Stealth Rock
|turn|19
|
|move|p1a: Keldeo|Surf|p2a: Breloom
|-resisted|p2a: Breloom
|-crit|p2a: Breloom
|-damage|p2a: Breloom|0 fnt
|faint|p2a: Breloom
|
|-weather|RainDance|[upkeep]
|upkeep
|c|☆VelleityKiwi|sorry
|
|switch|p2a: Tornadus|Tornadus, M|100/100
|-damage|p2a: Tornadus|76/100|[from] Stealth Rock
|turn|20
|
|move|p2a: Tornadus|Tailwind|p2a: Tornadus
|-sidestart|p2: tetsuotheironman|move: Tailwind
|move|p1a: Keldeo|Surf|p2a: Tornadus
|-damage|p2a: Tornadus|0 fnt
|faint|p2a: Tornadus
|
|-weather|RainDance|[upkeep]
|upkeep
|
|switch|p2a: Salamence|Salamence, F|100/100
|-damage|p2a: Salamence|76/100|[from] Stealth Rock
|turn|21
|
|switch|p1a: Ferrothorn|Ferrothorn, M|28/100 par
|-damage|p1a: Ferrothorn|22/100 par|[from] Stealth Rock
|move|p2a: Salamence|Outrage|p1a: Ferrothorn
|-resisted|p1a: Ferrothorn
|-damage|p1a: Ferrothorn|0 fnt
|-damage|p2a: Salamence|63/100|[from] ability: Iron Barbs|[of] p1a: Ferrothorn
|-damage|p2a: Salamence|47/100|[from] item: Rocky Helmet|[of] p1a: Ferrothorn
|faint|p1a: Ferrothorn
|-ability|p2a: Salamence|Moxie|boost
|-boost|p2a: Salamence|atk|1
|
|-weather|RainDance|[upkeep]
|upkeep
|
|switch|p1a: Jirachi|Jirachi|15/100 par
|-damage|p1a: Jirachi|9/100 par|[from] Stealth Rock
|turn|22
|
|move|p2a: Salamence|Outrage|p1a: Jirachi|[from]lockedmove
|-resisted|p1a: Jirachi
|-damage|p1a: Jirachi|0 fnt
|faint|p1a: Jirachi
|-ability|p2a: Salamence|Moxie|boost
|-boost|p2a: Salamence|atk|1
|
|-weather|RainDance|[upkeep]
|upkeep
|
|switch|p1a: Kyurem|Kyurem-Black|100/100
|-damage|p1a: Kyurem|75/100|[from] Stealth Rock
|-ability|p1a: Kyurem|Teravolt
|turn|23
|
|move|p2a: Salamence|Outrage|p1a: Kyurem|[from]lockedmove
|-supereffective|p1a: Kyurem
|-damage|p1a: Kyurem|0 fnt
|-start|p2a: Salamence|confusion|[fatigue]
|faint|p1a: Kyurem
|-ability|p2a: Salamence|Moxie|boost
|-boost|p2a: Salamence|atk|1
|
|-weather|RainDance|[upkeep]
|-sideend|p2: tetsuotheironman|move: Tailwind
|upkeep
|
|switch|p1a: Keldeo|Keldeo-Resolute|94/100
|-damage|p1a: Keldeo|88/100|[from] Stealth Rock
|turn|24
|
|move|p1a: Keldeo|Icy Wind|p2a: Salamence
|-supereffective|p2a: Salamence
|-damage|p2a: Salamence|0 fnt
|faint|p2a: Salamence
|
|-weather|RainDance|[upkeep]
|upkeep
|
|switch|p2a: Excadrill|Excadrill, M, shiny|100/100
|-damage|p2a: Excadrill|97/100|[from] Stealth Rock
|-item|p2a: Excadrill|Air Balloon
|turn|25
|
|switch|p1a: Breloom|Breloom, M, shiny|100/100
|-damage|p1a: Breloom|94/100|[from] Stealth Rock
|move|p2a: Excadrill|Earthquake|p1a: Breloom
|-resisted|p1a: Breloom
|-damage|p1a: Breloom|49/100
|
|-weather|RainDance|[upkeep]
|upkeep
|turn|26
|
|move|p1a: Breloom|Mach Punch|p2a: Excadrill
|-supereffective|p2a: Excadrill
|-damage|p2a: Excadrill|0 fnt
|-enditem|p2a: Excadrill|Air Balloon
|-damage|p1a: Breloom|39/100|[from] item: Life Orb
|faint|p2a: Excadrill
|
|win|VelleityKiwi
|c|☆tetsuotheironman|gg
|c|☆VelleityKiwi|gg
|raw|VelleityKiwi's rating: 1386 &rarr; <strong>1403</strong><br />(+17 for winning)
|raw|tetsuotheironman's rating: 1335 &rarr; <strong>1318</strong><br />(-17 for losing)
|l|☆tetsuotheironman
