|j|☆CringLord!
|j|☆magialice
|t:|1716678589
|gametype|singles
|player|p1|CringLord!|caitlin|1348
|player|p2|magialice|miku-flying|1506
|teamsize|p1|6
|teamsize|p2|6
|gen|5
|tier|[Gen 5] OU
|rated|
|rule|Species Clause: Limit one of each Pokémon
|rule|OHKO Clause: OHKO moves are banned
|rule|Moody Clause: Moody is banned
|rule|Evasion Items Clause: Evasion items are banned
|rule|Evasion Moves Clause: Evasion moves are banned
|rule|Endless Battle Clause: Forcing endless battles is banned
|rule|HP Percentage Mod: HP is shown in percentages
|rule|Evasion Abilities Clause: Evasion abilities are banned
|rule|Sleep Moves Clause: Sleep-inducing moves are banned
|rule|Swagger Clause: Swagger is banned
|rule|Baton Pass Stat Clause: No Baton Passer may have a way to boost its stats
|clearpoke
|poke|p1|Latios, M|item
|poke|p1|Alakazam, F|item
|poke|p1|Tyranitar, F|item
|poke|p1|Skarmory, F|item
|poke|p1|Jellicent, M|item
|poke|p1|Reuniclus, M|item
|poke|p2|Politoed, F|item
|poke|p2|Ferrothorn, F|item
|poke|p2|Starmie|item
|poke|p2|Latios, M|item
|poke|p2|Thundurus-Therian, M|item
|poke|p2|Garchomp, F|item
|teampreview
|inactive|Battle timer is ON: inactive players will automatically lose when time's up. (requested by magialice)
|
|t:|1716678601
|start
|switch|p1a: Alakazam|Alakazam, F|100/100
|switch|p2a: Starmie|Starmie|100/100
|-item|p2a: Starmie|Air Balloon
|turn|1
|
|t:|1716678606
|move|p1a: Alakazam|Grass Knot|p2a: Starmie
|-supereffective|p2a: Starmie
|-damage|p2a: Starmie|0 fnt
|-enditem|p2a: Starmie|Air Balloon
|faint|p2a: Starmie
|
|upkeep
|
|t:|1716678609
|switch|p2a: Politoed|Politoed, F|100/100
|-weather|RainDance|[from] ability: Drizzle|[of] p2a: Politoed
|turn|2
|
|t:|1716678615
|switch|p1a: Jellicent|Jellicent, M|100/100
|move|p2a: Politoed|Toxic|p1a: Jellicent
|-status|p1a: Jellicent|tox
|
|-weather|RainDance|[upkeep]
|-damage|p1a: Jellicent|94/100 tox|[from] psn
|upkeep
|turn|3
|
|t:|1716678620
|switch|p2a: Ferrothorn|Ferrothorn, F|100/100
|move|p1a: Jellicent|Will-O-Wisp|p2a: Ferrothorn|[miss]
|-miss|p1a: Jellicent|p2a: Ferrothorn
|
|-weather|RainDance|[upkeep]
|-heal|p1a: Jellicent|100/100 tox|[from] item: Leftovers
|-damage|p1a: Jellicent|88/100 tox|[from] psn
|upkeep
|turn|4
|
|t:|1716678629
|switch|p1a: Skarmory|Skarmory, F|100/100
|switch|p2a: Bird Noises|Thundurus-Therian, M|100/100
|
|-weather|RainDance|[upkeep]
|upkeep
|turn|5
|
|t:|1716678635
|switch|p1a: Tyranitar|Tyranitar, F|100/100
|-weather|Sandstorm|[from] ability: Sand Stream|[of] p1a: Tyranitar
|move|p2a: Bird Noises|Hidden Power|p1a: Tyranitar
|-damage|p1a: Tyranitar|89/100
|
|-weather|Sandstorm|[upkeep]
|-damage|p2a: Bird Noises|94/100|[from] Sandstorm
|-heal|p2a: Bird Noises|100/100|[from] item: Leftovers
|upkeep
|turn|6
|
|t:|1716678644
|switch|p2a: Politoed|Politoed, F|100/100
|-weather|RainDance|[from] ability: Drizzle|[of] p2a: Politoed
|switch|p1a: Latios|Latios, M|100/100
|
|-weather|RainDance|[upkeep]
|upkeep
|turn|7
|
|t:|1716678653
|switch|p2a: Ferrothorn|Ferrothorn, F|100/100
|move|p1a: Latios|Trick|p2a: Ferrothorn
|-activate|p1a: Latios|move: Trick|[of] p2a: Ferrothorn
|-item|p2a: Ferrothorn|Choice Specs|[from] move: Trick
|-item|p1a: Latios|Rawst Berry|[from] move: Trick
|
|-weather|RainDance|[upkeep]
|upkeep
|turn|8
|
|t:|1716678660
|switch|p1a: Tyranitar|Tyranitar, F|89/100
|-weather|Sandstorm|[from] ability: Sand Stream|[of] p1a: Tyranitar
|switch|p2a: Bird Noises|Thundurus-Therian, M|100/100
|
|-weather|Sandstorm|[upkeep]
|-damage|p2a: Bird Noises|94/100|[from] Sandstorm
|-heal|p2a: Bird Noises|100/100|[from] item: Leftovers
|upkeep
|turn|9
|
|t:|1716678675
|switch|p2a: Politoed|Politoed, F|100/100
|-weather|RainDance|[from] ability: Drizzle|[of] p2a: Politoed
|move|p1a: Tyranitar|Crunch|p2a: Politoed
|-damage|p2a: Politoed|70/100
|
|-weather|RainDance|[upkeep]
|upkeep
|turn|10
|
|t:|1716678691
|switch|p2a: Bird Noises|Thundurus-Therian, M|100/100
|switch|p1a: Jellicent|Jellicent, M|88/100 tox
|
|-weather|RainDance|[upkeep]
|-heal|p1a: Jellicent|94/100 tox|[from] item: Leftovers
|-damage|p1a: Jellicent|88/100 tox|[from] psn
|upkeep
|turn|11
|
|t:|1716678697
|switch|p1a: Tyranitar|Tyranitar, F|89/100
|-weather|Sandstorm|[from] ability: Sand Stream|[of] p1a: Tyranitar
|move|p2a: Bird Noises|Focus Blast|p1a: Tyranitar
|-supereffective|p1a: Tyranitar
|-enditem|p1a: Tyranitar|Chople Berry|[eat]
|-enditem|p1a: Tyranitar|Chople Berry|[weaken]
|-damage|p1a: Tyranitar|45/100
|
|-weather|Sandstorm|[upkeep]
|-damage|p2a: Bird Noises|94/100|[from] Sandstorm
|-heal|p2a: Bird Noises|100/100|[from] item: Leftovers
|upkeep
|turn|12
|
|t:|1716678709
|switch|p2a: Politoed|Politoed, F|70/100
|-weather|RainDance|[from] ability: Drizzle|[of] p2a: Politoed
|switch|p1a: Reuniclus|Reuniclus, M|100/100
|
|-weather|RainDance|[upkeep]
|upkeep
|turn|13
|
|t:|1716678716
|move|p2a: Politoed|Scald|p1a: Reuniclus
|-damage|p1a: Reuniclus|65/100
|move|p1a: Reuniclus|Calm Mind|p1a: Reuniclus
|-boost|p1a: Reuniclus|spa|1
|-boost|p1a: Reuniclus|spd|1
|
|-weather|RainDance|[upkeep]
|-heal|p1a: Reuniclus|71/100|[from] item: Leftovers
|upkeep
|turn|14
|
|t:|1716678719
|move|p2a: Politoed|Encore|p1a: Reuniclus
|-start|p1a: Reuniclus|Encore
|move|p1a: Reuniclus|Calm Mind|p1a: Reuniclus
|-boost|p1a: Reuniclus|spa|1
|-boost|p1a: Reuniclus|spd|1
|
|-weather|RainDance|[upkeep]
|-heal|p1a: Reuniclus|77/100|[from] item: Leftovers
|upkeep
|turn|15
|j| guap collector
|
|t:|1716678729
|switch|p2a: mr chomps|Garchomp, F|100/100
|move|p1a: Reuniclus|Calm Mind|p1a: Reuniclus
|-boost|p1a: Reuniclus|spa|1
|-boost|p1a: Reuniclus|spd|1
|
|-weather|RainDance|[upkeep]
|-heal|p1a: Reuniclus|84/100|[from] item: Leftovers
|upkeep
|turn|16
|
|t:|1716678735
|move|p2a: mr chomps|Outrage|p1a: Reuniclus
|-damage|p1a: Reuniclus|38/100
|move|p1a: Reuniclus|Calm Mind|p1a: Reuniclus
|-boost|p1a: Reuniclus|spa|1
|-boost|p1a: Reuniclus|spd|1
|
|-weather|RainDance|[upkeep]
|-heal|p1a: Reuniclus|44/100|[from] item: Leftovers
|-end|p1a: Reuniclus|Encore
|upkeep
|turn|17
|
|t:|1716678742
|switch|p1a: Skarmory|Skarmory, F|100/100
|move|p2a: mr chomps|Outrage|p1a: Skarmory|[from]lockedmove
|-resisted|p1a: Skarmory
|-damage|p1a: Skarmory|78/100
|-damage|p2a: mr chomps|84/100|[from] item: Rocky Helmet|[of] p1a: Skarmory
|-start|p2a: mr chomps|confusion|[fatigue]
|
|-weather|RainDance|[upkeep]
|upkeep
|turn|18
|
|t:|1716678747
|switch|p2a: Bird Noises|Thundurus-Therian, M|100/100
|move|p1a: Skarmory|Spikes|p2a: Bird Noises
|-sidestart|p2: magialice|Spikes
|
|-weather|RainDance|[upkeep]
|upkeep
|turn|19
|
|t:|1716678753
|switch|p1a: Latios|Latios, M|100/100
|move|p2a: Bird Noises|Thunder|p1a: Latios
|-resisted|p1a: Latios
|-crit|p1a: Latios
|-damage|p1a: Latios|34/100
|-status|p1a: Latios|par
|
|-weather|RainDance|[upkeep]
|upkeep
|turn|20
|
|t:|1716678758
|switch|p1a: Tyranitar|Tyranitar, F|45/100
|-weather|Sandstorm|[from] ability: Sand Stream|[of] p1a: Tyranitar
|move|p2a: Bird Noises|Hidden Power|p1a: Tyranitar
|-crit|p1a: Tyranitar
|-damage|p1a: Tyranitar|21/100
|
|-weather|Sandstorm|[upkeep]
|-damage|p2a: Bird Noises|94/100|[from] Sandstorm
|-heal|p2a: Bird Noises|100/100|[from] item: Leftovers
|upkeep
|turn|21
|
|t:|1716678768
|switch|p2a: Politoed|Politoed, F|70/100
|-damage|p2a: Politoed|58/100|[from] Spikes
|-weather|RainDance|[from] ability: Drizzle|[of] p2a: Politoed
|move|p1a: Tyranitar|Crunch|p2a: Politoed
|-damage|p2a: Politoed|24/100
|
|-weather|RainDance|[upkeep]
|upkeep
|turn|22
|
|t:|1716678775
|switch|p1a: Latios|Latios, M|34/100 par
|move|p2a: Politoed|Rest|p2a: Politoed
|-status|p2a: Politoed|slp|[from] move: Rest
|-heal|p2a: Politoed|100/100 slp|[silent]
|-enditem|p2a: Politoed|Chesto Berry|[eat]
|-curestatus|p2a: Politoed|slp|[msg]
|
|-weather|RainDance|[upkeep]
|upkeep
|turn|23
|
|t:|1716678778
|switch|p2a: Ferrothorn|Ferrothorn, F|100/100
|-damage|p2a: Ferrothorn|88/100|[from] Spikes
|move|p1a: Latios|Recover|p1a: Latios
|-heal|p1a: Latios|84/100 par
|
|-weather|RainDance|[upkeep]
|upkeep
|turn|24
|
|t:|1716678785
|switch|p1a: Reuniclus|Reuniclus, M|44/100
|move|p2a: Ferrothorn|Stealth Rock|p1a: Reuniclus
|-sidestart|p1: CringLord!|move: Stealth Rock
|
|-weather|RainDance|[upkeep]
|-heal|p1a: Reuniclus|50/100|[from] item: Leftovers
|upkeep
|turn|25
|
|t:|1716678791
|switch|p2a: Politoed|Politoed, F|100/100
|-damage|p2a: Politoed|88/100|[from] Spikes
|move|p1a: Reuniclus|Recover|p1a: Reuniclus
|-heal|p1a: Reuniclus|100/100
|
|-weather|RainDance|[upkeep]
|upkeep
|turn|26
|
|t:|1716678815
|switch|p2a: Bird Noises|Thundurus-Therian, M|100/100
|switch|p1a: Alakazam|Alakazam, F|100/100
|
|-weather|RainDance|[upkeep]
|upkeep
|turn|27
|
|t:|1716678821
|move|p1a: Alakazam|Psychic|p2a: Bird Noises
|-damage|p2a: Bird Noises|16/100
|move|p2a: Bird Noises|Thunder|p1a: Alakazam
|-damage|p1a: Alakazam|0 fnt
|faint|p1a: Alakazam
|
|-weather|RainDance|[upkeep]
|-heal|p2a: Bird Noises|22/100|[from] item: Leftovers
|upkeep
|
|t:|1716678828
|switch|p1a: Reuniclus|Reuniclus, M|100/100
|turn|28
|
|t:|1716678832
|switch|p2a: Politoed|Politoed, F|88/100
|-damage|p2a: Politoed|75/100|[from] Spikes
|move|p1a: Reuniclus|Psyshock|p2a: Politoed
|-damage|p2a: Politoed|52/100
|
|-weather|RainDance|[upkeep]
|upkeep
|turn|29
|
|t:|1716678838
|switch|p2a: mr chomps|Garchomp, F|84/100
|-damage|p2a: mr chomps|72/100|[from] Spikes
|move|p1a: Reuniclus|Psyshock|p2a: mr chomps
|-damage|p2a: mr chomps|41/100
|
|-weather|RainDance|[upkeep]
|upkeep
|turn|30
|
|t:|1716678844
|switch|p1a: Skarmory|Skarmory, F|78/100
|-damage|p1a: Skarmory|66/100|[from] Stealth Rock
|move|p2a: mr chomps|Rock Slide|p1a: Skarmory
|-crit|p1a: Skarmory
|-damage|p1a: Skarmory|22/100
|
|-weather|RainDance|[upkeep]
|upkeep
|turn|31
|
|t:|1716678848
|move|p2a: mr chomps|Rock Slide|p1a: Skarmory
|-damage|p1a: Skarmory|3/100
|cant|p1a: Skarmory|flinch
|
|-weather|RainDance|[upkeep]
|upkeep
|turn|32
|
|t:|1716678857
|switch|p1a: Jellicent|Jellicent, M|88/100 tox
|-damage|p1a: Jellicent|76/100 tox|[from] Stealth Rock
|move|p2a: mr chomps|Rock Slide|p1a: Jellicent
|-damage|p1a: Jellicent|48/100 tox
|
|-weather|RainDance|[upkeep]
|-heal|p1a: Jellicent|54/100 tox|[from] item: Leftovers
|-damage|p1a: Jellicent|48/100 tox|[from] psn
|upkeep
|turn|33
|c| guap collector|hax god
|
|t:|1716678863
|switch|p2a: Politoed|Politoed, F|52/100
|-damage|p2a: Politoed|39/100|[from] Spikes
|move|p1a: Jellicent|Recover|p1a: Jellicent
|-heal|p1a: Jellicent|98/100 tox
|
|-weather|RainDance|[upkeep]
|-heal|p1a: Jellicent|100/100 tox|[from] item: Leftovers
|-damage|p1a: Jellicent|88/100 tox|[from] psn
|upkeep
|turn|34
|c| guap collector|praise thee
|
|t:|1716678872
|switch|p1a: Reuniclus|Reuniclus, M|100/100
|move|p2a: Politoed|Encore||[still]
|-fail|p2a: Politoed
|
|-weather|RainDance|[upkeep]
|upkeep
|turn|35
|
|t:|1716678875
|move|p2a: Politoed|Scald|p1a: Reuniclus
|-damage|p1a: Reuniclus|67/100
|move|p1a: Reuniclus|Psyshock|p2a: Politoed
|-damage|p2a: Politoed|14/100
|
|-weather|RainDance|[upkeep]
|-heal|p1a: Reuniclus|73/100|[from] item: Leftovers
|upkeep
|turn|36
|c|☆CringLord!|if i win ur washed
|
|t:|1716678885
|move|p2a: Politoed|Encore|p1a: Reuniclus
|-start|p1a: Reuniclus|Encore
|move|p1a: Reuniclus|Psyshock|p2a: Politoed
|-damage|p2a: Politoed|0 fnt
|faint|p2a: Politoed
|
|-weather|RainDance|[upkeep]
|-heal|p1a: Reuniclus|79/100|[from] item: Leftovers
|upkeep
|
|t:|1716678889
|switch|p2a: Latios|Latios, M|100/100
|turn|37
|c| guap collector|its not me bro
|
|t:|1716678893
|switch|p1a: Skarmory|Skarmory, F|3/100
|-damage|p1a: Skarmory|0 fnt|[from] Stealth Rock
|faint|p1a: Skarmory
|move|p2a: Latios|Draco Meteor|p1: Skarmory|[notarget]
|-fail|p2a: Latios
|
|-weather|RainDance|[upkeep]
|upkeep
|
|t:|1716678896
|switch|p1a: Tyranitar|Tyranitar, F|21/100
|-damage|p1a: Tyranitar|8/100|[from] Stealth Rock
|-weather|Sandstorm|[from] ability: Sand Stream|[of] p1a: Tyranitar
|turn|38
|c| guap collector|im just like damn
|
|t:|1716678908
|move|p2a: Latios|Draco Meteor|p1a: Tyranitar
|-damage|p1a: Tyranitar|0 fnt
|-unboost|p2a: Latios|spa|2
|faint|p1a: Tyranitar
|
|-weather|Sandstorm|[upkeep]
|-damage|p2a: Latios|95/100|[from] Sandstorm
|upkeep
|
|t:|1716678920
|switch|p1a: Reuniclus|Reuniclus, M|79/100
|turn|39
|
|t:|1716678924
|switch|p2a: mr chomps|Garchomp, F|41/100
|-damage|p2a: mr chomps|29/100|[from] Spikes
|move|p1a: Reuniclus|Calm Mind|p1a: Reuniclus
|-boost|p1a: Reuniclus|spa|1
|-boost|p1a: Reuniclus|spd|1
|
|-weather|Sandstorm|[upkeep]
|-heal|p1a: Reuniclus|85/100|[from] item: Leftovers
|upkeep
|turn|40
|
|t:|1716678930
|move|p2a: mr chomps|Outrage|p1a: Reuniclus
|-damage|p1a: Reuniclus|44/100
|move|p1a: Reuniclus|Recover|p1a: Reuniclus
|-heal|p1a: Reuniclus|94/100
|
|-weather|Sandstorm|[upkeep]
|-heal|p1a: Reuniclus|99/100|[from] item: Leftovers
|upkeep
|turn|41
|
|t:|1716678941
|move|p2a: mr chomps|Outrage|p1a: Reuniclus|[from]lockedmove
|-damage|p1a: Reuniclus|55/100
|-start|p2a: mr chomps|confusion|[fatigue]
|move|p1a: Reuniclus|Calm Mind|p1a: Reuniclus
|-boost|p1a: Reuniclus|spa|1
|-boost|p1a: Reuniclus|spd|1
|
|-weather|Sandstorm|[upkeep]
|-heal|p1a: Reuniclus|62/100|[from] item: Leftovers
|upkeep
|turn|42
|
|t:|1716678944
|-activate|p2a: mr chomps|confusion
|move|p2a: mr chomps|Outrage|p1a: Reuniclus
|-damage|p1a: Reuniclus|21/100
|move|p1a: Reuniclus|Recover|p1a: Reuniclus
|-heal|p1a: Reuniclus|71/100
|
|-weather|Sandstorm|[upkeep]
|-heal|p1a: Reuniclus|77/100|[from] item: Leftovers
|upkeep
|turn|43
|
|t:|1716678948
|-activate|p2a: mr chomps|confusion
|-damage|p2a: mr chomps|15/100|[from] confusion
|move|p1a: Reuniclus|Recover|p1a: Reuniclus
|-heal|p1a: Reuniclus|100/100
|
|-weather|Sandstorm|[upkeep]
|upkeep
|turn|44
|
|t:|1716678952
|-end|p2a: mr chomps|confusion
|move|p2a: mr chomps|Outrage|p1a: Reuniclus
|-damage|p1a: Reuniclus|60/100
|move|p1a: Reuniclus|Psyshock|p2a: mr chomps
|-damage|p2a: mr chomps|0 fnt
|faint|p2a: mr chomps
|
|-weather|Sandstorm|[upkeep]
|-heal|p1a: Reuniclus|66/100|[from] item: Leftovers
|upkeep
|
|t:|1716678957
|switch|p2a: Latios|Latios, M|95/100
|turn|45
|
|t:|1716678972
|switch|p1a: Jellicent|Jellicent, M|88/100 tox
|-damage|p1a: Jellicent|76/100 tox|[from] Stealth Rock
|move|p2a: Latios|Trick|p1a: Jellicent
|-activate|p2a: Latios|move: Trick|[of] p1a: Jellicent
|-item|p1a: Jellicent|Choice Specs|[from] move: Trick
|-item|p2a: Latios|Leftovers|[from] move: Trick
|
|-weather|Sandstorm|[upkeep]
|-damage|p2a: Latios|89/100|[from] Sandstorm
|-damage|p1a: Jellicent|69/100 tox|[from] Sandstorm
|-heal|p2a: Latios|95/100|[from] item: Leftovers
|-damage|p1a: Jellicent|63/100 tox|[from] psn
|upkeep
|turn|46
|
|t:|1716678988
|move|p2a: Latios|Psyshock|p1a: Jellicent
|-damage|p1a: Jellicent|21/100 tox
|move|p1a: Jellicent|Will-O-Wisp|p2a: Latios
|-status|p2a: Latios|brn
|
|-weather|Sandstorm|[upkeep]
|-damage|p2a: Latios|89/100 brn|[from] Sandstorm
|-damage|p1a: Jellicent|15/100 tox|[from] Sandstorm
|-heal|p2a: Latios|95/100 brn|[from] item: Leftovers
|-damage|p1a: Jellicent|2/100 tox|[from] psn
|-damage|p2a: Latios|82/100 brn|[from] brn
|upkeep
|turn|47
|
|t:|1716678992
|move|p2a: Latios|Psyshock|p1a: Jellicent
|-damage|p1a: Jellicent|0 fnt
|faint|p1a: Jellicent
|
|-weather|Sandstorm|[upkeep]
|-damage|p2a: Latios|76/100 brn|[from] Sandstorm
|-heal|p2a: Latios|82/100 brn|[from] item: Leftovers
|-damage|p2a: Latios|70/100 brn|[from] brn
|upkeep
|
|t:|1716679001
|switch|p1a: Latios|Latios, M|84/100 par
|-damage|p1a: Latios|72/100 par|[from] Stealth Rock
|turn|48
|
|t:|1716679006
|switch|p2a: Ferrothorn|Ferrothorn, F|88/100
|-damage|p2a: Ferrothorn|75/100|[from] Spikes
|move|p1a: Latios|Draco Meteor|p2a: Ferrothorn
|-resisted|p2a: Ferrothorn
|-damage|p2a: Ferrothorn|52/100
|-unboost|p1a: Latios|spa|2
|
|-weather|Sandstorm|[upkeep]
|-damage|p1a: Latios|66/100 par|[from] Sandstorm
|upkeep
|turn|49
|
|t:|1716679010
|switch|p1a: Reuniclus|Reuniclus, M|66/100
|switch|p2a: Bird Noises|Thundurus-Therian, M|22/100
|
|-weather|Sandstorm|[upkeep]
|-damage|p2a: Bird Noises|16/100|[from] Sandstorm
|-heal|p2a: Bird Noises|22/100|[from] item: Leftovers
|-heal|p1a: Reuniclus|72/100|[from] item: Leftovers
|upkeep
|turn|50
|
|t:|1716679014
|move|p2a: Bird Noises|Thunder|p1a: Reuniclus|[miss]
|-miss|p2a: Bird Noises|p1a: Reuniclus
|move|p1a: Reuniclus|Recover|p1a: Reuniclus
|-heal|p1a: Reuniclus|100/100
|
|-weather|Sandstorm|[upkeep]
|-damage|p2a: Bird Noises|16/100|[from] Sandstorm
|-heal|p2a: Bird Noises|22/100|[from] item: Leftovers
|upkeep
|turn|51
|
|t:|1716679016
|move|p2a: Bird Noises|Thunder|p1a: Reuniclus
|-damage|p1a: Reuniclus|40/100
|move|p1a: Reuniclus|Calm Mind|p1a: Reuniclus
|-boost|p1a: Reuniclus|spa|1
|-boost|p1a: Reuniclus|spd|1
|
|-weather|Sandstorm|[upkeep]
|-damage|p2a: Bird Noises|16/100|[from] Sandstorm
|-heal|p2a: Bird Noises|22/100|[from] item: Leftovers
|-heal|p1a: Reuniclus|46/100|[from] item: Leftovers
|upkeep
|turn|52
|
|t:|1716679020
|move|p2a: Bird Noises|Thunder|p1a: Reuniclus
|-damage|p1a: Reuniclus|9/100
|move|p1a: Reuniclus|Recover|p1a: Reuniclus
|-heal|p1a: Reuniclus|59/100
|
|-weather|Sandstorm|[upkeep]
|-damage|p2a: Bird Noises|16/100|[from] Sandstorm
|-heal|p2a: Bird Noises|22/100|[from] item: Leftovers
|-heal|p1a: Reuniclus|65/100|[from] item: Leftovers
|upkeep
|turn|53
|
|t:|1716679024
|move|p2a: Bird Noises|Thunder|p1a: Reuniclus
|-damage|p1a: Reuniclus|26/100
|move|p1a: Reuniclus|Recover|p1a: Reuniclus
|-heal|p1a: Reuniclus|76/100
|
|-weather|Sandstorm|[upkeep]
|-damage|p2a: Bird Noises|16/100|[from] Sandstorm
|-heal|p2a: Bird Noises|22/100|[from] item: Leftovers
|-heal|p1a: Reuniclus|82/100|[from] item: Leftovers
|upkeep
|turn|54
|c| guap collector|playing w fire
|
|t:|1716679034
|move|p2a: Bird Noises|Thunder|p1a: Reuniclus|[miss]
|-miss|p2a: Bird Noises|p1a: Reuniclus
|move|p1a: Reuniclus|Calm Mind|p1a: Reuniclus
|-boost|p1a: Reuniclus|spa|1
|-boost|p1a: Reuniclus|spd|1
|
|-weather|Sandstorm|[upkeep]
|-damage|p2a: Bird Noises|16/100|[from] Sandstorm
|-heal|p2a: Bird Noises|22/100|[from] item: Leftovers
|-heal|p1a: Reuniclus|88/100|[from] item: Leftovers
|upkeep
|turn|55
|c| guap collector|and hea cookin
|
|t:|1716679044
|move|p2a: Bird Noises|Thunder|p1a: Reuniclus
|-damage|p1a: Reuniclus|61/100
|move|p1a: Reuniclus|Psyshock|p2a: Bird Noises
|-damage|p2a: Bird Noises|0 fnt
|faint|p2a: Bird Noises
|
|-weather|Sandstorm|[upkeep]
|-heal|p1a: Reuniclus|67/100|[from] item: Leftovers
|upkeep
|c| guap collector|hes
|
|t:|1716679049
|switch|p2a: Latios|Latios, M|70/100 brn
|turn|56
|-message|magialice forfeited.
|
|win|CringLord!
|raw|CringLord!'s rating: 1348 &rarr; <strong>1377</strong><br />(+29 for winning)
|raw|magialice's rating: 1506 &rarr; <strong>1477</strong><br />(-29 for losing)
|l|☆magialice
|player|p2|
|c|☆CringLord!|IM HIM
|c| guap collector|wp bro
|c|☆CringLord!|IM THE FUCKING GOATR
|c|☆CringLord!|gg wp
|c| guap collector|theeeeee
|c| guap collector|goat
|c|☆CringLord!|great game dude
|c| guap collector|wp bro
|c| guap collector|other dude ran
|c|☆CringLord!|fr
|c| guap collector|anyway cya
|c|☆CringLord!|was the team good
|c|☆CringLord!|i just made it
|c| guap collector|um
|c| guap collector|let me look closer
|c|☆CringLord!|https://pokepast.es/585f878f5f696ed4
|c| guap collector|I think its very consistent
|c| guap collector|super balanced
|c|☆CringLord!|ill take it
|l|☆CringLord!
|player|p1|
|c| guap collector|its gonna win a ton
|l| guap collector
|j|☆CringLord!
|player|p1|CringLord!|caitlin|
