|j|☆Wally ♪♫
|j|☆Pythagorean Python
|t:|1595377756
|player|p1|Wally ♪♫|ryuki|1525
|player|p2|Pythagorean Python|159|1396
|teamsize|p1|6
|teamsize|p2|6
|gametype|singles
|gen|5
|tier|[Gen 5] OU
|rated|
|clearpoke
|poke|p1|Garchomp, F|item
|poke|p1|Keldeo|item
|poke|p1|Dragonite, M|item
|poke|p1|Jirachi|item
|poke|p1|Latios, M|item
|poke|p1|Landorus-Therian, M|item
|poke|p2|Salamence, M|item
|poke|p2|Garchomp, F|item
|poke|p2|Meloetta|item
|poke|p2|Raikou|item
|poke|p2|Mienshao, F|item
|poke|p2|Jirachi|item
|rule|Species Clause: Limit one of each Pokémon
|rule|OHKO Clause: OHKO moves are banned
|rule|Moody Clause: Moody is banned
|rule|Evasion Moves Clause: Evasion moves are banned
|rule|Endless Battle Clause: Forcing endless battles is banned
|rule|HP Percentage Mod: HP is shown in percentages
|rule|Evasion Abilities Clause: Evasion abilities are banned
|rule|Baton Pass Clause: Limit one Baton Passer, can't pass Spe and other stats simultaneously
|rule|Sleep Clause: Sleep-inducing moves are banned
|rule|Swagger Clause: Swagger is banned
|teampreview
|inactive|Battle timer is ON: inactive players will automatically lose when time's up. (requested by Pythagorean Python)
|
|t:|1595377791
|start
|switch|p1a: Garchomp|Garchomp, F|100/100
|switch|p2a: Salamence|Salamence, M|100/100
|-ability|p2a: Salamence|Intimidate|boost
|-unboost|p1a: Garchomp|atk|1
|turn|1
|
|t:|1595377806
|move|p2a: Salamence|Draco Meteor|p1a: Garchomp
|-supereffective|p1a: Garchomp
|-crit|p1a: Garchomp
|-enditem|p1a: Garchomp|Focus Sash
|-damage|p1a: Garchomp|1/100
|-unboost|p2a: Salamence|spa|2
|move|p1a: Garchomp|Outrage|p2a: Salamence
|-supereffective|p2a: Salamence
|-damage|p2a: Salamence|0 fnt
|faint|p2a: Salamence
|
|upkeep
|
|t:|1595377824
|switch|p2a: Jirachi|Jirachi|100/100
|turn|2
|
|t:|1595377828
|move|p2a: Jirachi|Stealth Rock|p1a: Garchomp
|-sidestart|p1: Wally ♪♫|move: Stealth Rock
|move|p1a: Garchomp|Outrage|p2a: Jirachi|[from]lockedmove
|-resisted|p2a: Jirachi
|-damage|p2a: Jirachi|77/100
|
|-heal|p2a: Jirachi|83/100|[from] item: Leftovers
|upkeep
|turn|3
|
|t:|1595377835
|move|p2a: Jirachi|Iron Head|p1a: Garchomp
|-damage|p1a: Garchomp|0 fnt
|-damage|p2a: Jirachi|71/100|[from] ability: Rough Skin|[of] p1a: Garchomp
|faint|p1a: Garchomp
|
|-heal|p2a: Jirachi|77/100|[from] item: Leftovers
|upkeep
|
|t:|1595377840
|switch|p1a: Keldeo|Keldeo|100/100
|-damage|p1a: Keldeo|94/100|[from] Stealth Rock
|turn|4
|
|t:|1595377843
|move|p1a: Keldeo|Calm Mind|p1a: Keldeo
|-boost|p1a: Keldeo|spa|1
|-boost|p1a: Keldeo|spd|1
|move|p2a: Jirachi|Thunder Punch|p1a: Keldeo
|-supereffective|p1a: Keldeo
|-damage|p1a: Keldeo|47/100
|
|-heal|p2a: Jirachi|83/100|[from] item: Leftovers
|upkeep
|turn|5
|
|t:|1595377850
|move|p1a: Keldeo|Surf|p2a: Jirachi
|-crit|p2a: Jirachi
|-damage|p2a: Jirachi|0 fnt
|faint|p2a: Jirachi
|
|upkeep
|
|t:|1595377861
|switch|p2a: Meloetta|Meloetta|100/100
|turn|6
|
|t:|1595377864
|move|p1a: Keldeo|Surf|p2a: Meloetta
|-damage|p2a: Meloetta|51/100
|move|p2a: Meloetta|Psyshock|p1a: Keldeo
|-supereffective|p1a: Keldeo
|-damage|p1a: Keldeo|0 fnt
|faint|p1a: Keldeo
|
|-heal|p2a: Meloetta|57/100|[from] item: Leftovers
|upkeep
|
|t:|1595377871
|switch|p1a: Jirachi|Jirachi|100/100
|-damage|p1a: Jirachi|94/100|[from] Stealth Rock
|turn|7
|
|t:|1595377876
|switch|p2a: Garchomp|Garchomp, F|100/100
|move|p1a: Jirachi|Iron Head|p2a: Garchomp
|-damage|p2a: Garchomp|61/100
|-damage|p1a: Jirachi|82/100|[from] ability: Rough Skin|[of] p2a: Garchomp
|
|upkeep
|turn|8
|
|t:|1595377880
|move|p2a: Garchomp|Earthquake|p1a: Jirachi
|-supereffective|p1a: Jirachi
|-damage|p1a: Jirachi|0 fnt
|faint|p1a: Jirachi
|
|upkeep
|
|t:|1595377883
|switch|p1a: Landorus|Landorus-Therian, M|100/100
|-damage|p1a: Landorus|88/100|[from] Stealth Rock
|-ability|p1a: Landorus|Intimidate|boost
|-unboost|p2a: Garchomp|atk|1
|turn|9
|
|t:|1595377891
|switch|p2a: Meloetta|Meloetta|57/100
|move|p1a: Landorus|Rock Polish|p1a: Landorus
|-boost|p1a: Landorus|spe|2
|
|-heal|p1a: Landorus|94/100|[from] item: Leftovers
|-heal|p2a: Meloetta|64/100|[from] item: Leftovers
|upkeep
|turn|10
|
|t:|1595377894
|move|p1a: Landorus|Earthquake|p2a: Meloetta
|-damage|p2a: Meloetta|4/100
|move|p2a: Meloetta|Psyshock|p1a: Landorus
|-damage|p1a: Landorus|51/100
|
|-heal|p1a: Landorus|57/100|[from] item: Leftovers
|-heal|p2a: Meloetta|10/100|[from] item: Leftovers
|upkeep
|turn|11
|
|t:|1595377897
|move|p1a: Landorus|Swords Dance|p1a: Landorus
|-boost|p1a: Landorus|atk|2
|move|p2a: Meloetta|Psyshock|p1a: Landorus
|-damage|p1a: Landorus|14/100
|
|-heal|p1a: Landorus|20/100|[from] item: Leftovers
|-heal|p2a: Meloetta|16/100|[from] item: Leftovers
|upkeep
|turn|12
|
|t:|1595377900
|move|p1a: Landorus|Earthquake|p2a: Meloetta
|-damage|p2a: Meloetta|0 fnt
|faint|p2a: Meloetta
|
|-heal|p1a: Landorus|26/100|[from] item: Leftovers
|upkeep
|
|t:|1595377904
|switch|p2a: Garchomp|Garchomp, F|61/100
|turn|13
|c|☆Pythagorean Python|gg
|
|t:|1595377910
|move|p2a: Garchomp|Outrage|p1a: Landorus
|-damage|p1a: Landorus|0 fnt
|faint|p1a: Landorus
|
|upkeep
|
|t:|1595377914
|switch|p1a: Dragonite|Dragonite, M|100/100
|-damage|p1a: Dragonite|76/100|[from] Stealth Rock
|turn|14
|
|t:|1595377920
|move|p1a: Dragonite|Extreme Speed|p2a: Garchomp
|-damage|p2a: Garchomp|13/100
|-damage|p1a: Dragonite|63/100|[from] ability: Rough Skin|[of] p2a: Garchomp
|move|p2a: Garchomp|Outrage|p1a: Dragonite|[from]lockedmove
|-supereffective|p1a: Dragonite
|-damage|p1a: Dragonite|0 fnt
|-start|p2a: Garchomp|confusion|[fatigue]
|faint|p1a: Dragonite
|
|upkeep
|
|t:|1595377922
|switch|p1a: Latios|Latios, M|100/100
|-damage|p1a: Latios|88/100|[from] Stealth Rock
|turn|15
|
|t:|1595377934
|switch|p2a: Mienshao|Mienshao, F|100/100
|move|p1a: Latios|Psyshock|p2a: Mienshao
|-supereffective|p2a: Mienshao
|-damage|p2a: Mienshao|0 fnt
|faint|p2a: Mienshao
|
|upkeep
|
|t:|1595377937
|switch|p2a: Garchomp|Garchomp, F|13/100
|turn|16
|
|t:|1595377939
|move|p2a: Garchomp|Outrage|p1a: Latios
|-supereffective|p1a: Latios
|-damage|p1a: Latios|0 fnt
|faint|p1a: Latios
|
|win|Pythagorean Python
|l|☆Wally ♪♫
|raw|Wally ♪♫'s rating: 1525 &rarr; <strong>1498</strong><br />(-27 for losing)
|raw|Pythagorean Python's rating: 1396 &rarr; <strong>1423</strong><br />(+27 for winning)
