|j|☆Natasha Grieves
|j|☆seanb143
|t:|1709445339
|gametype|singles
|player|p1|Natasha Grieves|lass-gen4dp|1463
|player|p2|seanb143|emmet|1452
|teamsize|p1|6
|teamsize|p2|6
|gen|5
|tier|[Gen 5] OU
|rated|
|rule|Species Clause: Limit one of each Pokémon
|rule|OHKO Clause: OHKO moves are banned
|rule|Moody Clause: Moody is banned
|rule|Evasion Items Clause: Evasion items are banned
|rule|Evasion Moves Clause: Evasion moves are banned
|rule|Endless Battle Clause: Forcing endless battles is banned
|rule|HP Percentage Mod: HP is shown in percentages
|rule|Evasion Abilities Clause: Evasion abilities are banned
|rule|Sleep Moves Clause: Sleep-inducing moves are banned
|rule|Swagger Clause: Swagger is banned
|rule|Baton Pass Stat Clause: No Baton Passer may have a way to boost its stats
|clearpoke
|poke|p1|Alakazam, F|item
|poke|p1|Skarmory, F|item
|poke|p1|Tyranitar, F|item
|poke|p1|Mamoswine, F|item
|poke|p1|Jellicent, F|item
|poke|p1|Excadrill, F|item
|poke|p2|Ninetales, F|item
|poke|p2|Conkeldurr, F|item
|poke|p2|Starmie|item
|poke|p2|Gliscor, M|item
|poke|p2|Heatran, M|item
|poke|p2|Honchkrow, M|item
|teampreview
|inactive|Battle timer is ON: inactive players will automatically lose when time's up. (requested by seanb143)
|
|t:|1709445351
|start
|switch|p1a: Skarmory|Skarmory, F|100/100
|switch|p2a: Ninetales|Ninetales, F, shiny|100/100
|-weather|SunnyDay|[from] ability: Drought|[of] p2a: Ninetales
|turn|1
|inactive|Natasha Grieves has 120 seconds left.
|
|t:|1709445398
|move|p2a: Ninetales|Will-O-Wisp|p1a: Skarmory
|-status|p1a: Skarmory|brn
|move|p1a: Skarmory|Stealth Rock|p2a: Ninetales
|-sidestart|p2: seanb143|move: Stealth Rock
|
|-weather|SunnyDay|[upkeep]
|-damage|p1a: Skarmory|88/100 brn|[from] brn
|upkeep
|turn|2
|
|t:|1709445414
|switch|p1a: Tyranitar|Tyranitar, F|100/100
|-weather|Sandstorm|[from] ability: Sand Stream|[of] p1a: Tyranitar
|move|p2a: Ninetales|Flamethrower|p1a: Tyranitar
|-resisted|p1a: Tyranitar
|-damage|p1a: Tyranitar|95/100
|-status|p1a: Tyranitar|brn
|
|-weather|Sandstorm|[upkeep]
|-damage|p2a: Ninetales|94/100|[from] Sandstorm
|-heal|p2a: Ninetales|100/100|[from] item: Leftovers
|-damage|p1a: Tyranitar|83/100 brn|[from] brn
|upkeep
|turn|3
|
|t:|1709445426
|-activate|p2a: Ninetales|move: Pursuit
|move|p1a: Tyranitar|Pursuit|p2a: Ninetales|[from]Pursuit
|-damage|p2a: Ninetales|81/100
|switch|p2a: Gliscor|Gliscor, M, shiny|100/100
|-damage|p2a: Gliscor|88/100|[from] Stealth Rock
|
|-weather|Sandstorm|[upkeep]
|-damage|p1a: Tyranitar|71/100 brn|[from] brn
|-status|p2a: Gliscor|tox|[from] item: Toxic Orb
|upkeep
|turn|4
|
|t:|1709445433
|switch|p1a: Skarmory|Skarmory, F|88/100 brn
|move|p2a: Gliscor|Stealth Rock|p1a: Skarmory
|-sidestart|p1: Natasha Grieves|move: Stealth Rock
|
|-weather|Sandstorm|[upkeep]
|-heal|p2a: Gliscor|100/100 tox|[from] ability: Poison Heal
|-damage|p1a: Skarmory|76/100 brn|[from] brn
|upkeep
|turn|5
|
|t:|1709445441
|move|p1a: Skarmory|Spikes|p2a: Gliscor
|-sidestart|p2: seanb143|Spikes
|move|p2a: Gliscor|Knock Off|p1a: Skarmory
|-resisted|p1a: Skarmory
|-damage|p1a: Skarmory|74/100 brn
|-enditem|p1a: Skarmory|Custap Berry|[from] move: Knock Off|[of] p2a: Gliscor
|
|-weather|Sandstorm|[upkeep]
|-damage|p1a: Skarmory|62/100 brn|[from] brn
|upkeep
|turn|6
|
|t:|1709445447
|move|p1a: Skarmory|Spikes|p2a: Gliscor
|-sidestart|p2: seanb143|Spikes
|move|p2a: Gliscor|U-turn|p1a: Skarmory
|-resisted|p1a: Skarmory
|-damage|p1a: Skarmory|58/100 brn
|
|t:|1709445451
|switch|p2a: Starmie|Starmie, shiny|100/100|[from] U-turn
|-damage|p2a: Starmie|88/100|[from] Stealth Rock
|-damage|p2a: Starmie|72/100|[from] Spikes
|
|-weather|Sandstorm|[upkeep]
|-damage|p2a: Starmie|66/100|[from] Sandstorm
|-damage|p1a: Skarmory|46/100 brn|[from] brn
|upkeep
|turn|7
|inactive|Natasha Grieves has 120 seconds left.
|
|t:|1709445463
|switch|p1a: Jellicent|Jellicent, F|100/100
|-damage|p1a: Jellicent|88/100|[from] Stealth Rock
|-item|p1a: Jellicent|Air Balloon
|move|p2a: Starmie|Psyshock|p1a: Jellicent
|-damage|p1a: Jellicent|47/100
|-enditem|p1a: Jellicent|Air Balloon
|
|-weather|Sandstorm|[upkeep]
|-damage|p2a: Starmie|60/100|[from] Sandstorm
|-damage|p1a: Jellicent|41/100|[from] Sandstorm
|upkeep
|turn|8
|inactive|Natasha Grieves has 120 seconds left.
|
|t:|1709445476
|switch|p2a: Conkeldurr|Conkeldurr, F, shiny|100/100
|-damage|p2a: Conkeldurr|94/100|[from] Stealth Rock
|-damage|p2a: Conkeldurr|78/100|[from] Spikes
|switch|p1a: Skarmory|Skarmory, F|46/100 brn
|-damage|p1a: Skarmory|34/100 brn|[from] Stealth Rock
|
|-weather|Sandstorm|[upkeep]
|-damage|p2a: Conkeldurr|72/100|[from] Sandstorm
|-heal|p2a: Conkeldurr|78/100|[from] item: Leftovers
|-damage|p1a: Skarmory|22/100 brn|[from] brn
|upkeep
|turn|9
|
|t:|1709445486
|move|p2a: Conkeldurr|Mach Punch|p1a: Skarmory
|-damage|p1a: Skarmory|0 fnt
|faint|p1a: Skarmory
|
|-weather|Sandstorm|[upkeep]
|-damage|p2a: Conkeldurr|72/100|[from] Sandstorm
|-heal|p2a: Conkeldurr|78/100|[from] item: Leftovers
|upkeep
|inactive|Natasha Grieves has 120 seconds left.
|
|t:|1709445496
|switch|p1a: Alakazam|Alakazam, F|100/100
|turn|10
|
|t:|1709445508
|move|p2a: Conkeldurr|Mach Punch|p1a: Alakazam
|-resisted|p1a: Alakazam
|-damage|p1a: Alakazam|76/100
|move|p1a: Alakazam|Psychic|p2a: Conkeldurr
|-supereffective|p2a: Conkeldurr
|-damage|p2a: Conkeldurr|0 fnt
|faint|p2a: Conkeldurr
|
|-weather|Sandstorm|[upkeep]
|upkeep
|
|t:|1709445512
|switch|p2a: Honchkrow|Honchkrow, M, shiny|100/100
|-damage|p2a: Honchkrow|75/100|[from] Stealth Rock
|turn|11
|j| sk8head
|
|t:|1709445530
|switch|p1a: Tyranitar|Tyranitar, F|71/100 brn
|-damage|p1a: Tyranitar|58/100 brn|[from] Stealth Rock
|move|p2a: Honchkrow|Sucker Punch||[still]
|-fail|p2a: Honchkrow
|
|-weather|Sandstorm|[upkeep]
|-damage|p2a: Honchkrow|69/100|[from] Sandstorm
|-heal|p2a: Honchkrow|75/100|[from] item: Leftovers
|-damage|p1a: Tyranitar|46/100 brn|[from] brn
|upkeep
|turn|12
|
|t:|1709445537
|switch|p2a: Gliscor|Gliscor, M, shiny|100/100 tox
|-damage|p2a: Gliscor|88/100 tox|[from] Stealth Rock
|move|p1a: Tyranitar|Thunder Wave|p2a: Gliscor
|-immune|p2a: Gliscor
|
|-weather|Sandstorm|[upkeep]
|-heal|p2a: Gliscor|100/100 tox|[from] ability: Poison Heal
|-damage|p1a: Tyranitar|33/100 brn|[from] brn
|upkeep
|turn|13
|
|t:|1709445548
|move|p2a: Gliscor|Earthquake|p1a: Tyranitar
|-supereffective|p1a: Tyranitar
|-damage|p1a: Tyranitar|0 fnt
|faint|p1a: Tyranitar
|
|-weather|Sandstorm|[upkeep]
|upkeep
|
|t:|1709445552
|switch|p1a: Mamoswine|Mamoswine, F|100/100
|-damage|p1a: Mamoswine|88/100|[from] Stealth Rock
|turn|14
|
|t:|1709445555
|move|p2a: Gliscor|Earthquake|p1a: Mamoswine
|-damage|p1a: Mamoswine|47/100
|move|p1a: Mamoswine|Icicle Crash|p2a: Gliscor
|-supereffective|p2a: Gliscor
|-damage|p2a: Gliscor|0 fnt
|faint|p2a: Gliscor
|
|-weather|Sandstorm|[upkeep]
|upkeep
|
|t:|1709445569
|switch|p2a: Ninetales|Ninetales, F, shiny|81/100
|-damage|p2a: Ninetales|56/100|[from] Stealth Rock
|-damage|p2a: Ninetales|39/100|[from] Spikes
|-weather|SunnyDay|[from] ability: Drought|[of] p2a: Ninetales
|turn|15
|
|t:|1709445593
|move|p1a: Mamoswine|Ice Shard|p2a: Ninetales
|-resisted|p2a: Ninetales
|-damage|p2a: Ninetales|24/100
|move|p2a: Ninetales|Flamethrower|p1a: Mamoswine
|-supereffective|p1a: Mamoswine
|-damage|p1a: Mamoswine|0 fnt
|faint|p1a: Mamoswine
|
|-weather|SunnyDay|[upkeep]
|-heal|p2a: Ninetales|30/100|[from] item: Leftovers
|upkeep
|
|t:|1709445602
|switch|p1a: Alakazam|Alakazam, F|76/100
|turn|16
|
|t:|1709445608
|move|p1a: Alakazam|Psychic|p2a: Ninetales
|-damage|p2a: Ninetales|0 fnt
|faint|p2a: Ninetales
|
|-weather|SunnyDay|[upkeep]
|upkeep
|
|t:|1709445609
|switch|p2a: Honchkrow|Honchkrow, M, shiny|75/100
|-damage|p2a: Honchkrow|50/100|[from] Stealth Rock
|turn|17
|
|t:|1709445620
|switch|p1a: Jellicent|Jellicent, F|41/100
|-damage|p1a: Jellicent|29/100|[from] Stealth Rock
|move|p2a: Honchkrow|Sucker Punch||[still]
|-fail|p2a: Honchkrow
|
|-weather|SunnyDay|[upkeep]
|-heal|p2a: Honchkrow|57/100|[from] item: Leftovers
|upkeep
|turn|18
|
|t:|1709445627
|move|p1a: Jellicent|Will-O-Wisp|p2a: Honchkrow
|-status|p2a: Honchkrow|brn
|move|p2a: Honchkrow|Brave Bird|p1a: Jellicent
|-damage|p1a: Jellicent|1/100
|-damage|p2a: Honchkrow|48/100 brn|[from] Recoil
|
|-weather|SunnyDay|[upkeep]
|-heal|p2a: Honchkrow|54/100 brn|[from] item: Leftovers
|-damage|p2a: Honchkrow|41/100 brn|[from] brn
|upkeep
|turn|19
|
|t:|1709445633
|move|p1a: Jellicent|Recover|p1a: Jellicent
|-heal|p1a: Jellicent|51/100
|move|p2a: Honchkrow|Toxic|p1a: Jellicent
|-status|p1a: Jellicent|tox
|
|-weather|SunnyDay|[upkeep]
|-heal|p2a: Honchkrow|48/100 brn|[from] item: Leftovers
|-damage|p1a: Jellicent|45/100 tox|[from] psn
|-damage|p2a: Honchkrow|35/100 brn|[from] brn
|upkeep
|turn|20
|c| sk8head|damn
|c| sk8head|that honch is HEAT
|
|t:|1709445645
|move|p1a: Jellicent|Recover|p1a: Jellicent
|-heal|p1a: Jellicent|95/100 tox
|move|p2a: Honchkrow|Pursuit|p1a: Jellicent
|-supereffective|p1a: Jellicent
|-damage|p1a: Jellicent|76/100 tox
|
|-weather|SunnyDay|[upkeep]
|-heal|p2a: Honchkrow|41/100 brn|[from] item: Leftovers
|-damage|p1a: Jellicent|63/100 tox|[from] psn
|-damage|p2a: Honchkrow|29/100 brn|[from] brn
|upkeep
|turn|21
|c|☆Natasha Grieves|LOL
|
|t:|1709445660
|move|p1a: Jellicent|Recover|p1a: Jellicent
|-heal|p1a: Jellicent|100/100 tox
|move|p2a: Honchkrow|Brave Bird|p1a: Jellicent
|-damage|p1a: Jellicent|72/100 tox
|-damage|p2a: Honchkrow|20/100 brn|[from] Recoil
|
|-weather|SunnyDay|[upkeep]
|-heal|p2a: Honchkrow|26/100 brn|[from] item: Leftovers
|-damage|p1a: Jellicent|53/100 tox|[from] psn
|-damage|p2a: Honchkrow|13/100 brn|[from] brn
|upkeep
|turn|22
|
|t:|1709445671
|move|p1a: Jellicent|Night Shade|p2a: Honchkrow
|-damage|p2a: Honchkrow|0 fnt
|faint|p2a: Honchkrow
|
|-weather|SunnyDay|[upkeep]
|-damage|p1a: Jellicent|28/100 tox|[from] psn
|upkeep
|
|t:|1709445674
|switch|p2a: Heatran|Heatran, M, shiny|100/100
|-damage|p2a: Heatran|88/100|[from] Stealth Rock
|-item|p2a: Heatran|Air Balloon
|turn|23
|c|☆Natasha Grieves|u made me laugh sk8head
|
|t:|1709445686
|move|p2a: Heatran|Flame Charge|p1a: Jellicent
|-resisted|p1a: Jellicent
|-damage|p1a: Jellicent|19/100 tox
|-boost|p2a: Heatran|spe|1
|move|p1a: Jellicent|Night Shade|p2a: Heatran
|-damage|p2a: Heatran|57/100
|-enditem|p2a: Heatran|Air Balloon
|
|-weather|SunnyDay|[upkeep]
|-damage|p1a: Jellicent|0 fnt|[from] psn
|faint|p1a: Jellicent
|upkeep
|c| sk8head|whats the joke tho
|c| sk8head|its just flames
|c| sk8head|hes got a fire set
|c|☆Natasha Grieves|If jellicent didnt faint there
|c|☆Natasha Grieves|I wouldve lost
|inactive|Natasha Grieves has 120 seconds left.
|
|t:|1709445711
|switch|p1a: Excadrill|Excadrill, F|100/100
|-damage|p1a: Excadrill|97/100|[from] Stealth Rock
|turn|24
|
|t:|1709445719
|move|p1a: Excadrill|Earthquake|p2a: Heatran
|-supereffective|p2a: Heatran
|-damage|p2a: Heatran|0 fnt
|faint|p2a: Heatran
|
|-weather|SunnyDay|[upkeep]
|upkeep
|-message|seanb143 forfeited.
|
|win|Natasha Grieves
|raw|Natasha Grieves's rating: 1463 &rarr; <strong>1482</strong><br />(+19 for winning)
|raw|seanb143's rating: 1452 &rarr; <strong>1433</strong><br />(-19 for losing)
|l|☆seanb143
|player|p2|
|c| sk8head|such a tuff game
|c| sk8head|ggs both
|c|☆Natasha Grieves|gg
|l|☆Natasha Grieves
|player|p1|
|l| sk8head
|j|☆Natasha Grieves
|player|p1|Natasha Grieves|lass-gen4dp
