|j|☆Killerfishsandiego
|j|☆erauogenkl
|t:|1746339117
|gametype|singles
|player|p1|Killerfishsandiego|2|1346
|player|p2|erauogenkl|serena-masters3|1365
|teamsize|p1|6
|teamsize|p2|6
|gen|5
|tier|[Gen 5] OU
|rated|
|rule|Species Clause: Limit one of each Pokémon
|rule|OHKO Clause: OHKO moves are banned
|rule|Moody Clause: Moody is banned
|rule|Evasion Items Clause: Evasion items are banned
|rule|Evasion Moves Clause: Evasion moves are banned
|rule|Endless Battle Clause: Forcing endless battles is banned
|rule|HP Percentage Mod: HP is shown in percentages
|rule|Evasion Abilities Clause: Evasion abilities are banned
|rule|Sleep Moves Clause: Sleep-inducing moves are banned
|rule|Swagger Clause: Swagger is banned
|rule|Baton Pass Stat Clause: No Baton Passer may have a way to boost its stats
|clearpoke
|poke|p1|Skarmory, M|item
|poke|p1|Metagross|item
|poke|p1|Tornadus, M|item
|poke|p1|Garchomp, F|item
|poke|p1|Jellicent, F|item
|poke|p1|Machamp, M|item
|poke|p2|Tyranitar, M|item
|poke|p2|Mienshao, M|item
|poke|p2|Gliscor, M|item
|poke|p2|Skarmory, M|item
|poke|p2|Amoonguss, M|item
|poke|p2|Alakazam, M|item
|teampreview
|
|t:|1746339136
|start
|switch|p1a: Skarmory|Skarmory, M|100/100
|switch|p2a: Amoonguss|Amoonguss, M|100/100
|turn|1
|
|t:|1746339141
|move|p1a: Skarmory|Stealth Rock|p2a: Amoonguss
|-sidestart|p2: erauogenkl|move: Stealth Rock
|move|p2a: Amoonguss|Hidden Power|p1a: Skarmory
|-supereffective|p1a: Skarmory
|-damage|p1a: Skarmory|64/100
|
|upkeep
|turn|2
|
|t:|1746339151
|move|p1a: Skarmory|Spikes|p2a: Amoonguss
|-sidestart|p2: erauogenkl|Spikes
|move|p2a: Amoonguss|Hidden Power|p1a: Skarmory
|-supereffective|p1a: Skarmory
|-damage|p1a: Skarmory|26/100
|
|upkeep
|turn|3
|
|t:|1746339173
|switch|p2a: Skarmory|Skarmory, M|100/100
|-damage|p2a: Skarmory|88/100|[from] Stealth Rock
|move|p1a: Skarmory|Spikes|p2a: Skarmory
|-sidestart|p2: erauogenkl|Spikes
|
|upkeep
|turn|4
|
|t:|1746339188
|switch|p1a: Jellicent|Jellicent, F|100/100
|-item|p1a: Jellicent|Air Balloon
|move|p2a: Skarmory|Taunt|p1a: Jellicent
|-start|p1a: Jellicent|move: Taunt
|
|upkeep
|turn|5
|
|t:|1746339195
|switch|p2a: Gliscor|Gliscor, M|100/100
|-damage|p2a: Gliscor|88/100|[from] Stealth Rock
|switch|p1a: Tornadus|Tornadus, M|100/100
|
|-status|p2a: Gliscor|tox|[from] item: Toxic Orb
|upkeep
|turn|6
|
|t:|1746339203
|move|p2a: Gliscor|Protect|p2a: Gliscor
|-singleturn|p2a: Gliscor|Protect
|move|p1a: Tornadus|U-turn|p2a: Gliscor
|-activate|p2a: Gliscor|move: Protect
|
|-heal|p2a: Gliscor|100/100 tox|[from] ability: Poison Heal
|upkeep
|turn|7
|
|t:|1746339207
|move|p1a: Tornadus|U-turn|p2a: Gliscor
|-resisted|p2a: Gliscor
|-damage|p2a: Gliscor|94/100 tox
|
|t:|1746339210
|switch|p1a: Skarmory|Skarmory, M|26/100|[from] U-turn
|move|p2a: Gliscor|Stealth Rock|p1a: Skarmory
|-sidestart|p1: Killerfishsandiego|move: Stealth Rock
|
|-heal|p2a: Gliscor|100/100 tox|[from] ability: Poison Heal
|upkeep
|turn|8
|
|t:|1746339218
|switch|p2a: Skarmory|Skarmory, M|88/100
|-damage|p2a: Skarmory|76/100|[from] Stealth Rock
|move|p1a: Skarmory|Spikes|p2a: Skarmory
|-sidestart|p2: erauogenkl|Spikes
|
|upkeep
|turn|9
|
|t:|1746339227
|switch|p1a: Jellicent|Jellicent, F|100/100
|-damage|p1a: Jellicent|88/100|[from] Stealth Rock
|-item|p1a: Jellicent|Air Balloon
|move|p2a: Skarmory|Roost|p2a: Skarmory
|-heal|p2a: Skarmory|100/100
|-singleturn|p2a: Skarmory|move: Roost
|
|upkeep
|turn|10
|
|t:|1746339234
|switch|p2a: Gliscor|Gliscor, M|100/100 tox
|-damage|p2a: Gliscor|88/100 tox|[from] Stealth Rock
|move|p1a: Jellicent|Will-O-Wisp||[still]
|-fail|p1a: Jellicent
|
|-heal|p2a: Gliscor|100/100 tox|[from] ability: Poison Heal
|upkeep
|turn|11
|
|t:|1746339240
|move|p1a: Jellicent|Magic Coat|p1a: Jellicent
|-singleturn|p1a: Jellicent|move: Magic Coat
|move|p2a: Gliscor|Knock Off|p1a: Jellicent
|-supereffective|p1a: Jellicent
|-damage|p1a: Jellicent|79/100
|-enditem|p1a: Jellicent|Air Balloon
|
|upkeep
|turn|12
|
|t:|1746339250
|move|p2a: Gliscor|Earthquake|p1a: Jellicent
|-damage|p1a: Jellicent|45/100
|move|p1a: Jellicent|Recover|p1a: Jellicent
|-heal|p1a: Jellicent|95/100
|
|upkeep
|turn|13
|
|t:|1746339262
|move|p2a: Gliscor|Knock Off|p1a: Jellicent
|-supereffective|p1a: Jellicent
|-damage|p1a: Jellicent|87/100
|move|p1a: Jellicent|Will-O-Wisp||[still]
|-fail|p1a: Jellicent
|
|upkeep
|turn|14
|
|t:|1746339269
|move|p2a: Gliscor|Knock Off|p1a: Jellicent
|-supereffective|p1a: Jellicent
|-crit|p1a: Jellicent
|-damage|p1a: Jellicent|67/100
|move|p1a: Jellicent|Recover|p1a: Jellicent
|-heal|p1a: Jellicent|100/100
|
|upkeep
|turn|15
|
|t:|1746339278
|move|p2a: Gliscor|Knock Off|p1a: Jellicent
|-supereffective|p1a: Jellicent
|-damage|p1a: Jellicent|91/100
|move|p1a: Jellicent|Will-O-Wisp||[still]
|-fail|p1a: Jellicent
|
|upkeep
|turn|16
|
|t:|1746339282
|move|p2a: Gliscor|Knock Off|p1a: Jellicent
|-supereffective|p1a: Jellicent
|-damage|p1a: Jellicent|81/100
|move|p1a: Jellicent|Will-O-Wisp||[still]
|-fail|p1a: Jellicent
|
|upkeep
|turn|17
|
|t:|1746339286
|move|p2a: Gliscor|Knock Off|p1a: Jellicent
|-supereffective|p1a: Jellicent
|-damage|p1a: Jellicent|72/100
|move|p1a: Jellicent|Will-O-Wisp|p2a: Gliscor|[miss]
|-miss|p1a: Jellicent|p2a: Gliscor
|
|upkeep
|turn|18
|
|t:|1746339290
|move|p2a: Gliscor|Knock Off|p1a: Jellicent
|-supereffective|p1a: Jellicent
|-damage|p1a: Jellicent|63/100
|move|p1a: Jellicent|Recover|p1a: Jellicent
|-heal|p1a: Jellicent|100/100
|
|upkeep
|turn|19
|
|t:|1746339326
|move|p2a: Gliscor|Knock Off|p1a: Jellicent
|-supereffective|p1a: Jellicent
|-damage|p1a: Jellicent|91/100
|move|p1a: Jellicent|Will-O-Wisp||[still]
|-fail|p1a: Jellicent
|
|upkeep
|turn|20
|
|t:|1746339329
|move|p2a: Gliscor|Knock Off|p1a: Jellicent
|-supereffective|p1a: Jellicent
|-damage|p1a: Jellicent|83/100
|move|p1a: Jellicent|Will-O-Wisp||[still]
|-fail|p1a: Jellicent
|
|upkeep
|turn|21
|
|t:|1746339333
|move|p2a: Gliscor|Knock Off|p1a: Jellicent
|-supereffective|p1a: Jellicent
|-damage|p1a: Jellicent|73/100
|move|p1a: Jellicent|Will-O-Wisp||[still]
|-fail|p1a: Jellicent
|
|upkeep
|turn|22
|
|t:|1746339336
|move|p2a: Gliscor|Knock Off|p1a: Jellicent
|-supereffective|p1a: Jellicent
|-damage|p1a: Jellicent|65/100
|move|p1a: Jellicent|Recover|p1a: Jellicent
|-heal|p1a: Jellicent|100/100
|
|upkeep
|turn|23
|
|t:|1746339347
|switch|p1a: Machamp|Machamp, M|100/100
|-damage|p1a: Machamp|94/100|[from] Stealth Rock
|move|p2a: Gliscor|Stealth Rock||[still]
|-fail|p2a: Gliscor
|
|-heal|p1a: Machamp|100/100|[from] item: Leftovers
|upkeep
|turn|24
|
|t:|1746339352
|switch|p2a: Skarmory|Skarmory, M|100/100
|-damage|p2a: Skarmory|88/100|[from] Stealth Rock
|move|p1a: Machamp|Ice Punch|p2a: Skarmory
|-damage|p2a: Skarmory|69/100
|-damage|p1a: Machamp|84/100|[from] item: Rocky Helmet|[of] p2a: Skarmory
|
|-heal|p1a: Machamp|90/100|[from] item: Leftovers
|upkeep
|turn|25
|
|t:|1746339356
|move|p2a: Skarmory|Roost|p2a: Skarmory
|-heal|p2a: Skarmory|100/100
|-singleturn|p2a: Skarmory|move: Roost
|move|p1a: Machamp|Thunder Punch|p2a: Skarmory
|-damage|p2a: Skarmory|81/100
|-damage|p1a: Machamp|74/100|[from] item: Rocky Helmet|[of] p2a: Skarmory
|
|-heal|p1a: Machamp|80/100|[from] item: Leftovers
|upkeep
|turn|26
|
|t:|1746339365
|move|p1a: Machamp|Dynamic Punch|p2a: Skarmory
|-damage|p2a: Skarmory|38/100
|-start|p2a: Skarmory|confusion
|-damage|p1a: Machamp|63/100|[from] item: Rocky Helmet|[of] p2a: Skarmory
|-activate|p2a: Skarmory|confusion
|-damage|p2a: Skarmory|34/100|[from] confusion
|
|-heal|p1a: Machamp|70/100|[from] item: Leftovers
|upkeep
|turn|27
|
|t:|1746339376
|-activate|p2a: Skarmory|confusion
|move|p2a: Skarmory|Roost|p2a: Skarmory
|-heal|p2a: Skarmory|84/100
|-singleturn|p2a: Skarmory|move: Roost
|move|p1a: Machamp|Thunder Punch|p2a: Skarmory
|-damage|p2a: Skarmory|64/100
|-status|p2a: Skarmory|par
|-damage|p1a: Machamp|53/100|[from] item: Rocky Helmet|[of] p2a: Skarmory
|
|-heal|p1a: Machamp|59/100|[from] item: Leftovers
|upkeep
|turn|28
|
|t:|1746339384
|move|p1a: Machamp|Encore|p2a: Skarmory
|-start|p2a: Skarmory|Encore
|-activate|p2a: Skarmory|confusion
|move|p2a: Skarmory|Roost|p2a: Skarmory
|-heal|p2a: Skarmory|100/100 par
|-singleturn|p2a: Skarmory|move: Roost
|
|-heal|p1a: Machamp|65/100|[from] item: Leftovers
|upkeep
|turn|29
|
|t:|1746339402
|switch|p2a: Gliscor|Gliscor, M|100/100 tox
|-damage|p2a: Gliscor|88/100 tox|[from] Stealth Rock
|move|p1a: Machamp|Thunder Punch|p2a: Gliscor
|-immune|p2a: Gliscor
|
|-heal|p1a: Machamp|72/100|[from] item: Leftovers
|-heal|p2a: Gliscor|100/100 tox|[from] ability: Poison Heal
|upkeep
|turn|30
|
|t:|1746339407
|switch|p2a: Skarmory|Skarmory, M|100/100 par
|-damage|p2a: Skarmory|88/100 par|[from] Stealth Rock
|move|p1a: Machamp|Ice Punch|p2a: Skarmory
|-damage|p2a: Skarmory|67/100 par
|-damage|p1a: Machamp|55/100|[from] item: Rocky Helmet|[of] p2a: Skarmory
|
|-heal|p1a: Machamp|61/100|[from] item: Leftovers
|upkeep
|turn|31
|
|t:|1746339418
|move|p1a: Machamp|Thunder Punch|p2a: Skarmory
|-supereffective|p2a: Skarmory
|-damage|p2a: Skarmory|30/100 par
|-damage|p1a: Machamp|45/100|[from] item: Rocky Helmet|[of] p2a: Skarmory
|move|p2a: Skarmory|Spikes|p1a: Machamp
|-sidestart|p1: Killerfishsandiego|Spikes
|
|-heal|p1a: Machamp|51/100|[from] item: Leftovers
|upkeep
|turn|32
|
|t:|1746339449
|move|p1a: Machamp|Thunder Punch|p2a: Skarmory
|-supereffective|p2a: Skarmory
|-damage|p2a: Skarmory|0 fnt
|-damage|p1a: Machamp|34/100|[from] item: Rocky Helmet|[of] p2a: Skarmory
|faint|p2a: Skarmory
|
|-heal|p1a: Machamp|41/100|[from] item: Leftovers
|upkeep
|
|t:|1746339456
|switch|p2a: Alakazam|Alakazam, M|100/100
|turn|33
|
|t:|1746339479
|switch|p1a: Metagross|Metagross|100/100
|-damage|p1a: Metagross|95/100|[from] Stealth Rock
|-damage|p1a: Metagross|82/100|[from] Spikes
|move|p2a: Alakazam|Psychic|p1a: Metagross
|-resisted|p1a: Metagross
|-damage|p1a: Metagross|72/100
|
|upkeep
|turn|34
|
|t:|1746339500
|-activate|p2a: Alakazam|move: Pursuit
|move|p1a: Metagross|Pursuit|p2a: Alakazam|[from] Pursuit
|-supereffective|p2a: Alakazam
|-enditem|p2a: Alakazam|Focus Sash
|-damage|p2a: Alakazam|1/100
|switch|p2a: Gliscor|Gliscor, M|100/100 tox
|-damage|p2a: Gliscor|88/100 tox|[from] Stealth Rock
|
|-heal|p2a: Gliscor|100/100 tox|[from] ability: Poison Heal
|upkeep
|turn|35
|
|t:|1746339529
|move|p1a: Metagross|Ice Punch|p2a: Gliscor
|-supereffective|p2a: Gliscor
|-damage|p2a: Gliscor|22/100 tox
|move|p2a: Gliscor|Earthquake|p1a: Metagross
|-supereffective|p1a: Metagross
|-enditem|p1a: Metagross|Shuca Berry|[eat]
|-enditem|p1a: Metagross|Shuca Berry|[weaken]
|-damage|p1a: Metagross|46/100
|
|-heal|p2a: Gliscor|35/100 tox|[from] ability: Poison Heal
|upkeep
|turn|36
|
|t:|1746339562
|move|p2a: Gliscor|Protect|p2a: Gliscor
|-singleturn|p2a: Gliscor|Protect
|move|p1a: Metagross|Agility|p1a: Metagross
|-boost|p1a: Metagross|spe|2
|
|-heal|p2a: Gliscor|47/100 tox|[from] ability: Poison Heal
|upkeep
|turn|37
|
|t:|1746339564
|move|p1a: Metagross|Ice Punch|p2a: Gliscor
|-supereffective|p2a: Gliscor
|-damage|p2a: Gliscor|0 fnt
|faint|p2a: Gliscor
|
|upkeep
|
|t:|1746339572
|switch|p2a: Tyranitar|Tyranitar, M|100/100
|-damage|p2a: Tyranitar|88/100|[from] Stealth Rock
|-damage|p2a: Tyranitar|63/100|[from] Spikes
|-weather|Sandstorm|[from] ability: Sand Stream|[of] p2a: Tyranitar
|turn|38
|
|t:|1746339575
|move|p1a: Metagross|Earthquake|p2a: Tyranitar
|-supereffective|p2a: Tyranitar
|-damage|p2a: Tyranitar|11/100
|move|p2a: Tyranitar|Superpower|p1a: Metagross
|-damage|p1a: Metagross|13/100
|-unboost|p2a: Tyranitar|atk|1
|-unboost|p2a: Tyranitar|def|1
|
|-weather|Sandstorm|[upkeep]
|upkeep
|turn|39
|-message|erauogenkl forfeited.
|
|win|Killerfishsandiego
|raw|Killerfishsandiego's rating: 1346 &rarr; <strong>1368</strong><br />(+22 for winning)
|raw|erauogenkl's rating: 1387 &rarr; <strong>1365</strong><br />(-22 for losing)
|l|☆erauogenkl
|player|p2|
