|j|☆big ups pal
|j|☆Clawdia Chauchat
|t:|1706017761
|gametype|singles
|player|p1|big ups pal|miku-ground|1421
|player|p2|Clawdia Chauchat|winona|1549
|teamsize|p1|6
|teamsize|p2|6
|gen|5
|tier|[Gen 5] OU
|rated|
|rule|Species Clause: Limit one of each Pokémon
|rule|OHKO Clause: OHKO moves are banned
|rule|Moody Clause: Moody is banned
|rule|Evasion Items Clause: Evasion items are banned
|rule|Evasion Moves Clause: Evasion moves are banned
|rule|Endless Battle Clause: Forcing endless battles is banned
|rule|HP Percentage Mod: HP is shown in percentages
|rule|Evasion Abilities Clause: Evasion abilities are banned
|rule|Sleep Moves Clause: Sleep-inducing moves are banned
|rule|Swagger Clause: Swagger is banned
|rule|Baton Pass Stat Clause: No Baton Passer may have a way to boost its stats
|clearpoke
|poke|p1|Politoed, F|item
|poke|p1|Breloom, F|item
|poke|p1|Keldeo|item
|poke|p1|Tentacruel, F|item
|poke|p1|Thundurus-Therian, M|item
|poke|p1|Jirachi|item
|poke|p2|Dragonite, M|item
|poke|p2|Magnezone|item
|poke|p2|Garchomp, M|item
|poke|p2|Bisharp, F|item
|poke|p2|Breloom, M|item
|poke|p2|Alakazam, M|item
|teampreview
|
|t:|1706017799
|start
|switch|p1a: Thundurus|Thundurus-Therian, M|100/100
|switch|p2a: Dragonite|Dragonite, M|100/100
|turn|1
|
|t:|1706017827
|move|p1a: Thundurus|Hidden Power|p2a: Dragonite
|-supereffective|p2a: Dragonite
|-damage|p2a: Dragonite|52/100
|move|p2a: Dragonite|Draco Meteor|p1a: Thundurus
|-damage|p1a: Thundurus|0 fnt
|-unboost|p2a: Dragonite|spa|2
|faint|p1a: Thundurus
|-damage|p2a: Dragonite|42/100|[from] item: Life Orb
|
|upkeep
|
|t:|1706017851
|switch|p1a: Politoed|Politoed, F|100/100
|-weather|RainDance|[from] ability: Drizzle|[of] p1a: Politoed
|turn|2
|
|t:|1706017855
|move|p2a: Dragonite|Thunder|p1a: Politoed
|-supereffective|p1a: Politoed
|-damage|p1a: Politoed|58/100
|-damage|p2a: Dragonite|32/100|[from] item: Life Orb
|move|p1a: Politoed|Scald|p2a: Dragonite
|-resisted|p2a: Dragonite
|-damage|p2a: Dragonite|13/100
|-status|p2a: Dragonite|brn
|
|-weather|RainDance|[upkeep]
|-heal|p1a: Politoed|64/100|[from] item: Leftovers
|-damage|p2a: Dragonite|1/100 brn|[from] brn
|upkeep
|turn|3
|
|t:|1706017862
|move|p1a: Politoed|Protect|p1a: Politoed
|-singleturn|p1a: Politoed|Protect
|move|p2a: Dragonite|Thunder|p1a: Politoed
|-activate|p1a: Politoed|move: Protect
|
|-weather|RainDance|[upkeep]
|-heal|p1a: Politoed|70/100|[from] item: Leftovers
|-damage|p2a: Dragonite|0 fnt|[from] brn
|faint|p2a: Dragonite
|upkeep
|
|t:|1706017865
|switch|p2a: Breloom|Breloom, M|100/100
|turn|4
|
|t:|1706017877
|switch|p1a: Jirachi|Jirachi|100/100
|move|p2a: Breloom|Seed Bomb|p1a: Jirachi
|-resisted|p1a: Jirachi
|-damage|p1a: Jirachi|83/100
|
|-weather|RainDance|[upkeep]
|-heal|p1a: Jirachi|90/100|[from] item: Leftovers
|upkeep
|turn|5
|
|t:|1706017883
|switch|p1a: Breloom|Breloom, F|100/100
|move|p2a: Breloom|Superpower|p1a: Breloom
|-damage|p1a: Breloom|25/100
|-unboost|p2a: Breloom|atk|1
|-unboost|p2a: Breloom|def|1
|
|-weather|RainDance|[upkeep]
|-status|p1a: Breloom|tox|[from] item: Toxic Orb
|upkeep
|turn|6
|
|t:|1706017897
|move|p1a: Breloom|Protect|p1a: Breloom
|-singleturn|p1a: Breloom|Protect
|move|p2a: Breloom|Mach Punch|p1a: Breloom
|-activate|p1a: Breloom|move: Protect
|
|-weather|RainDance|[upkeep]
|-heal|p1a: Breloom|38/100 tox|[from] ability: Poison Heal
|upkeep
|turn|7
|
|t:|1706017907
|move|p2a: Breloom|Superpower|p1a: Breloom
|-damage|p1a: Breloom|0 fnt
|-unboost|p2a: Breloom|atk|1
|-unboost|p2a: Breloom|def|1
|faint|p1a: Breloom
|
|-weather|RainDance|[upkeep]
|upkeep
|
|t:|1706017946
|switch|p1a: Keldeo|Keldeo|100/100
|turn|8
|
|t:|1706017954
|switch|p2a: Magnezone|Magnezone|100/100
|move|p1a: Keldeo|Secret Sword|p2a: Magnezone
|-supereffective|p2a: Magnezone
|-damage|p2a: Magnezone|0 fnt
|faint|p2a: Magnezone
|
|-weather|RainDance|[upkeep]
|upkeep
|
|t:|1706017959
|switch|p2a: Alakazam|Alakazam, M|100/100
|turn|9
|
|t:|1706017967
|switch|p1a: Jirachi|Jirachi|90/100
|switch|p2a: Garchomp|Garchomp, M|100/100
|
|-weather|RainDance|[upkeep]
|-heal|p1a: Jirachi|96/100|[from] item: Leftovers
|upkeep
|turn|10
|
|t:|1706017977
|move|p2a: Garchomp|Earthquake|p1a: Jirachi
|-supereffective|p1a: Jirachi
|-crit|p1a: Jirachi
|-damage|p1a: Jirachi|0 fnt
|faint|p1a: Jirachi
|
|-weather|RainDance|[upkeep]
|upkeep
|
|t:|1706017982
|switch|p1a: Politoed|Politoed, F|70/100
|turn|11
|
|t:|1706017987
|switch|p2a: Breloom|Breloom, M|100/100
|move|p1a: Politoed|Scald|p2a: Breloom
|-resisted|p2a: Breloom
|-damage|p2a: Breloom|61/100
|
|-weather|RainDance|[upkeep]
|-heal|p1a: Politoed|77/100|[from] item: Leftovers
|upkeep
|turn|12
|
|t:|1706017999
|switch|p1a: Tentacruel|Tentacruel, F|100/100
|move|p2a: Breloom|Seed Bomb|p1a: Tentacruel
|-damage|p1a: Tentacruel|49/100
|
|-weather|RainDance|[upkeep]
|-heal|p1a: Tentacruel|55/100|[from] ability: Rain Dish
|-heal|p1a: Tentacruel|61/100|[from] item: Black Sludge
|upkeep
|turn|13
|
|t:|1706018021
|move|p1a: Tentacruel|Scald|p2a: Breloom
|-resisted|p2a: Breloom
|-damage|p2a: Breloom|28/100
|move|p2a: Breloom|Swords Dance|p2a: Breloom
|-boost|p2a: Breloom|atk|2
|
|-weather|RainDance|[upkeep]
|-heal|p1a: Tentacruel|67/100|[from] ability: Rain Dish
|-heal|p1a: Tentacruel|73/100|[from] item: Black Sludge
|upkeep
|turn|14
|
|t:|1706018026
|move|p2a: Breloom|Mach Punch|p1a: Tentacruel
|-resisted|p1a: Tentacruel
|-damage|p1a: Tentacruel|50/100
|move|p1a: Tentacruel|Scald|p2a: Breloom
|-resisted|p2a: Breloom
|-damage|p2a: Breloom|0 fnt
|faint|p2a: Breloom
|
|-weather|RainDance|[upkeep]
|-heal|p1a: Tentacruel|56/100|[from] ability: Rain Dish
|-heal|p1a: Tentacruel|62/100|[from] item: Black Sludge
|upkeep
|
|t:|1706018043
|switch|p2a: Garchomp|Garchomp, M|100/100
|turn|15
|
|t:|1706018053
|move|p2a: Garchomp|Earthquake|p1a: Tentacruel
|-supereffective|p1a: Tentacruel
|-damage|p1a: Tentacruel|0 fnt
|faint|p1a: Tentacruel
|
|-weather|RainDance|[upkeep]
|upkeep
|
|t:|1706018055
|switch|p1a: Keldeo|Keldeo|100/100
|turn|16
|
|t:|1706018074
|move|p1a: Keldeo|Surf|p2a: Garchomp
|-damage|p2a: Garchomp|20/100
|move|p2a: Garchomp|Earthquake|p1a: Keldeo
|-damage|p1a: Keldeo|38/100
|
|-weather|RainDance|[upkeep]
|upkeep
|turn|17
|
|t:|1706018086
|switch|p2a: Bisharp|Bisharp, F|100/100
|move|p1a: Keldeo|Surf|p2a: Bisharp
|-damage|p2a: Bisharp|0 fnt
|faint|p2a: Bisharp
|
|-weather|RainDance|[upkeep]
|upkeep
|
|t:|1706018088
|switch|p2a: Alakazam|Alakazam, M|100/100
|turn|18
|
|t:|1706018100
|switch|p1a: Politoed|Politoed, F|77/100
|move|p2a: Alakazam|Psychic|p1a: Politoed
|-damage|p1a: Politoed|32/100
|
|-weather|RainDance|[upkeep]
|-heal|p1a: Politoed|38/100|[from] item: Leftovers
|upkeep
|turn|19
|
|t:|1706018107
|move|p1a: Politoed|Protect|p1a: Politoed
|-singleturn|p1a: Politoed|Protect
|move|p2a: Alakazam|Focus Blast|p1a: Politoed
|-activate|p1a: Politoed|move: Protect
|
|-weather|RainDance|[upkeep]
|-heal|p1a: Politoed|45/100|[from] item: Leftovers
|upkeep
|turn|20
|
|t:|1706018111
|move|p2a: Alakazam|Psychic|p1a: Politoed
|-damage|p1a: Politoed|5/100
|move|p1a: Politoed|Scald|p2a: Alakazam
|-damage|p2a: Alakazam|42/100
|
|-weather|RainDance|[upkeep]
|-heal|p1a: Politoed|11/100|[from] item: Leftovers
|upkeep
|turn|21
|
|t:|1706018114
|move|p2a: Alakazam|Psychic|p1a: Politoed
|-damage|p1a: Politoed|0 fnt
|faint|p1a: Politoed
|
|-weather|RainDance|[upkeep]
|upkeep
|
|t:|1706018116
|switch|p1a: Keldeo|Keldeo|38/100
|turn|22
|
|t:|1706018118
|move|p1a: Keldeo|Surf|p2a: Alakazam
|-damage|p2a: Alakazam|0 fnt
|faint|p2a: Alakazam
|
|-weather|RainDance|[upkeep]
|upkeep
|
|t:|1706018119
|switch|p2a: Garchomp|Garchomp, M|20/100
|turn|23
|-message|Clawdia Chauchat forfeited.
|
|win|big ups pal
|raw|big ups pal's rating: 1421 &rarr; <strong>1449</strong><br />(+28 for winning)
|raw|Clawdia Chauchat's rating: 1569 &rarr; <strong>1541</strong><br />(-28 for losing)
|l|☆Clawdia Chauchat
|player|p2|
