|j|☆baixiaohen
|j|☆cdrgcde
|t:|1743762257
|gametype|singles
|player|p1|baixiaohen|red|1435
|player|p2|cdrgcde|dawn|1409
|teamsize|p1|6
|teamsize|p2|6
|gen|5
|tier|[Gen 5] OU
|rated|
|rule|Species Clause: Limit one of each Pokémon
|rule|OHKO Clause: OHKO moves are banned
|rule|Moody Clause: Moody is banned
|rule|Evasion Items Clause: Evasion items are banned
|rule|Evasion Moves Clause: Evasion moves are banned
|rule|Endless Battle Clause: Forcing endless battles is banned
|rule|HP Percentage Mod: HP is shown in percentages
|rule|Evasion Abilities Clause: Evasion abilities are banned
|rule|Sleep Moves Clause: Sleep-inducing moves are banned
|rule|Swagger Clause: Swagger is banned
|rule|Baton Pass Stat Clause: No Baton Passer may have a way to boost its stats
|clearpoke
|poke|p1|Jirachi|item
|poke|p1|Scizor, F|item
|poke|p1|Celebi|item
|poke|p1|Gyarados, M|item
|poke|p1|Heatran, M|item
|poke|p1|Starmie|item
|poke|p2|Scizor, M|item
|poke|p2|Magnezone|item
|poke|p2|Landorus-Therian, M|item
|poke|p2|Starmie|item
|poke|p2|Dragonite, M|item
|poke|p2|Garchomp, F|item
|teampreview
|inactive|Battle timer is ON: inactive players will automatically lose when time's up. (requested by cdrgcde)
|inactive|baixiaohen also wants the timer to be on.
|
|t:|1743762263
|start
|switch|p1a: Heatran|Heatran, M, shiny|100/100
|switch|p2a: Starmie|Starmie|100/100
|-item|p1a: Heatran|Air Balloon
|turn|1
|
|t:|1743762267
|switch|p1a: Celebi|Celebi|100/100
|move|p2a: Starmie|Hydro Pump|p1a: Celebi
|-resisted|p1a: Celebi
|-damage|p1a: Celebi|75/100
|-damage|p2a: Starmie|91/100|[from] item: Life Orb
|
|-heal|p1a: Celebi|81/100|[from] item: Leftovers
|upkeep
|turn|2
|
|t:|1743762273
|switch|p2a: Landorus-T|Landorus-Therian, M|100/100
|-ability|p2a: Landorus-T|Intimidate|boost
|-unboost|p1a: Celebi|atk|1
|switch|p1a: Heatran|Heatran, M, shiny|100/100
|-item|p1a: Heatran|Air Balloon
|
|upkeep
|turn|3
|
|t:|1743762276
|move|p2a: Landorus-T|U-turn|p1a: Heatran
|-resisted|p1a: Heatran
|-damage|p1a: Heatran|95/100
|-enditem|p1a: Heatran|Air Balloon
|
|t:|1743762280
|switch|p2a: Starmie|Starmie|91/100|[from] U-turn
|move|p1a: Heatran|Will-O-Wisp|p2a: Starmie
|-status|p2a: Starmie|brn
|
|-damage|p2a: Starmie|78/100 brn|[from] brn
|upkeep
|turn|4
|
|t:|1743762287
|switch|p2a: Landorus-T|Landorus-Therian, M|100/100
|-ability|p2a: Landorus-T|Intimidate|boost
|-unboost|p1a: Heatran|atk|1
|switch|p1a: Celebi|Celebi|81/100
|
|-heal|p1a: Celebi|87/100|[from] item: Leftovers
|upkeep
|turn|5
|
|t:|1743762296
|switch|p1a: Gyarados|Gyarados, M, shiny|100/100
|-ability|p1a: Gyarados|Intimidate|boost
|-unboost|p2a: Landorus-T|atk|1
|move|p2a: Landorus-T|U-turn|p1a: Gyarados
|-resisted|p1a: Gyarados
|-damage|p1a: Gyarados|89/100
|
|t:|1743762319
|switch|p2a: Starmie|Starmie|78/100 brn|[from] U-turn
|
|-heal|p1a: Gyarados|95/100|[from] item: Leftovers
|-damage|p2a: Starmie|66/100 brn|[from] brn
|upkeep
|turn|6
|
|t:|1743762332
|switch|p2a: Landorus-T|Landorus-Therian, M|100/100
|-ability|p2a: Landorus-T|Intimidate|boost
|-unboost|p1a: Gyarados|atk|1
|switch|p1a: Celebi|Celebi|87/100
|
|-heal|p1a: Celebi|93/100|[from] item: Leftovers
|upkeep
|turn|7
|
|t:|1743762341
|switch|p1a: Jirachi|Jirachi, shiny|100/100
|move|p2a: Landorus-T|U-turn|p1a: Jirachi
|-damage|p1a: Jirachi|74/100
|j| lzgboys
|
|t:|1743762351
|switch|p2a: Garchomp|Garchomp, F|100/100|[from] U-turn
|
|upkeep
|turn|8
|
|t:|1743762357
|move|p1a: Jirachi|U-turn|p2a: Garchomp
|-damage|p2a: Garchomp|81/100
|-damage|p1a: Jirachi|62/100|[from] ability: Rough Skin|[of] p2a: Garchomp
|
|t:|1743762360
|switch|p1a: Gyarados|Gyarados, M, shiny|95/100|[from] U-turn
|-ability|p1a: Gyarados|Intimidate|boost
|-unboost|p2a: Garchomp|atk|1
|move|p2a: Garchomp|Stealth Rock|p1a: Gyarados
|-sidestart|p1: baixiaohen|move: Stealth Rock
|
|-heal|p1a: Gyarados|100/100|[from] item: Leftovers
|upkeep
|turn|9
|
|t:|1743762379
|switch|p2a: Landorus-T|Landorus-Therian, M|100/100
|-ability|p2a: Landorus-T|Intimidate|boost
|-unboost|p1a: Gyarados|atk|1
|move|p1a: Gyarados|Dragon Dance|p1a: Gyarados
|-boost|p1a: Gyarados|atk|1
|-boost|p1a: Gyarados|spe|1
|
|upkeep
|turn|10
|
|t:|1743762387
|move|p2a: Landorus-T|Stone Edge|p1a: Gyarados|[miss]
|-miss|p2a: Landorus-T|p1a: Gyarados
|move|p1a: Gyarados|Dragon Dance|p1a: Gyarados
|-boost|p1a: Gyarados|atk|1
|-boost|p1a: Gyarados|spe|1
|
|upkeep
|turn|11
|
|t:|1743762390
|switch|p2a: Garchomp|Garchomp, F|81/100
|move|p1a: Gyarados|Ice Fang|p2a: Garchomp
|-supereffective|p2a: Garchomp
|-damage|p2a: Garchomp|0 fnt
|-damage|p1a: Gyarados|88/100|[from] ability: Rough Skin|[of] p2a: Garchomp
|faint|p2a: Garchomp
|
|-heal|p1a: Gyarados|94/100|[from] item: Leftovers
|upkeep
|
|t:|1743762392
|switch|p2a: Landorus-T|Landorus-Therian, M|100/100
|-ability|p2a: Landorus-T|Intimidate|boost
|-unboost|p1a: Gyarados|atk|1
|turn|12
|
|t:|1743762398
|move|p1a: Gyarados|Dragon Dance|p1a: Gyarados
|-boost|p1a: Gyarados|atk|1
|-boost|p1a: Gyarados|spe|1
|move|p2a: Landorus-T|Stone Edge|p1a: Gyarados
|-supereffective|p1a: Gyarados
|-crit|p1a: Gyarados
|-damage|p1a: Gyarados|0 fnt
|faint|p1a: Gyarados
|
|upkeep
|
|t:|1743762413
|switch|p1a: Starmie|Starmie, shiny|100/100
|-damage|p1a: Starmie|88/100|[from] Stealth Rock
|turn|13
|
|t:|1743762419
|move|p2a: Landorus-T|Stone Edge|p1a: Starmie
|-damage|p1a: Starmie|28/100
|move|p1a: Starmie|Hydro Pump|p2a: Landorus-T|[miss]
|-miss|p1a: Starmie|p2a: Landorus-T
|
|upkeep
|turn|14
|
|t:|1743762424
|move|p2a: Landorus-T|Stone Edge|p1a: Starmie
|-damage|p1a: Starmie|0 fnt
|faint|p1a: Starmie
|
|upkeep
|
|t:|1743762426
|switch|p1a: Scizor|Scizor, F|100/100
|-damage|p1a: Scizor|88/100|[from] Stealth Rock
|turn|15
|-message|baixiaohen forfeited.
|
|win|cdrgcde
|raw|baixiaohen's rating: 1435 &rarr; <strong>1414</strong><br />(-21 for losing)
|raw|cdrgcde's rating: 1409 &rarr; <strong>1430</strong><br />(+21 for winning)
|l|☆baixiaohen
|player|p1|
