|j|‽kinetic koko
|j|☆nuzzlenozzle
|t:|1717930812
|gametype|singles
|player|p1|kinetic koko|266|1440
|player|p2|nuzzlenozzle|guitarist|1262
|teamsize|p1|6
|teamsize|p2|6
|gen|5
|tier|[Gen 5] OU
|rated|
|rule|Species Clause: Limit one of each Pokémon
|rule|OHKO Clause: OHKO moves are banned
|rule|Moody Clause: Moody is banned
|rule|Evasion Items Clause: Evasion items are banned
|rule|Evasion Moves Clause: Evasion moves are banned
|rule|Endless Battle Clause: Forcing endless battles is banned
|rule|HP Percentage Mod: HP is shown in percentages
|rule|Evasion Abilities Clause: Evasion abilities are banned
|rule|Sleep Moves Clause: Sleep-inducing moves are banned
|rule|Swagger Clause: Swagger is banned
|rule|Baton Pass Stat Clause: No Baton Passer may have a way to boost its stats
|clearpoke
|poke|p1|Magnezone|item
|poke|p1|Blissey, F|item
|poke|p1|Celebi|item
|poke|p1|Bronzong|item
|poke|p1|Forretress, M|item
|poke|p1|Gliscor, M|item
|poke|p2|Garchomp, M|item
|poke|p2|Kyurem-Black|item
|poke|p2|Starmie|item
|poke|p2|Scizor, M|item
|poke|p2|Magnezone|item
|poke|p2|Honchkrow, F|item
|teampreview
|
|t:|1717930872
|start
|switch|p1a: Bronzong|Bronzong|100/100
|switch|p2a: Starmie|Starmie|100/100
|-item|p2a: Starmie|Air Balloon
|turn|1
|j| tyrash
|
|t:|1717930891
|switch|p1a: Blissey|Blissey, F|100/100
|move|p2a: Starmie|Hydro Pump|p1a: Blissey
|-damage|p1a: Blissey|76/100
|
|-heal|p1a: Blissey|82/100|[from] item: Leftovers
|upkeep
|turn|2
|
|t:|1717930900
|switch|p2a: Scizor|Scizor, M|100/100
|move|p1a: Blissey|Wish|p1a: Blissey
|
|-heal|p1a: Blissey|88/100|[from] item: Leftovers
|upkeep
|turn|3
|
|t:|1717930907
|-activate|p1a: Blissey|move: Pursuit
|move|p2a: Scizor|Pursuit|p1a: Blissey|[from]Pursuit
|-damage|p1a: Blissey|47/100
|switch|p1a: Gliscor|Gliscor, M|100/100
|
|-status|p1a: Gliscor|tox|[from] item: Toxic Orb
|upkeep
|turn|4
|
|t:|1717930921
|switch|p2a: Garchomp|Garchomp, M|100/100
|move|p1a: Gliscor|Facade|p2a: Garchomp
|-damage|p2a: Garchomp|72/100
|-damage|p1a: Gliscor|88/100 tox|[from] ability: Rough Skin|[of] p2a: Garchomp
|
|-heal|p1a: Gliscor|100/100 tox|[from] ability: Poison Heal
|upkeep
|turn|5
|
|t:|1717930927
|switch|p1a: Bronzong|Bronzong|100/100
|move|p2a: Garchomp|Swords Dance|p2a: Garchomp
|-boost|p2a: Garchomp|atk|2
|
|upkeep
|turn|6
|
|t:|1717930933
|move|p2a: Garchomp|Stealth Rock|p1a: Bronzong
|-sidestart|p1: kinetic koko|move: Stealth Rock
|move|p1a: Bronzong|Toxic|p2a: Garchomp
|-status|p2a: Garchomp|tox
|
|-damage|p2a: Garchomp|66/100 tox|[from] psn
|upkeep
|turn|7
|
|t:|1717930937
|switch|p2a: Magnezone|Magnezone|100/100
|move|p1a: Bronzong|Stealth Rock|p2a: Magnezone
|-sidestart|p2: nuzzlenozzle|move: Stealth Rock
|
|upkeep
|turn|8
|
|t:|1717930944
|move|p2a: Magnezone|Thunderbolt|p1a: Bronzong
|-damage|p1a: Bronzong|47/100
|move|p1a: Bronzong|Earthquake|p2a: Magnezone
|-supereffective|p2a: Magnezone
|-damage|p2a: Magnezone|17/100
|
|-heal|p1a: Bronzong|53/100|[from] item: Leftovers
|upkeep
|turn|9
|
|t:|1717930951
|move|p2a: Magnezone|Thunderbolt|p1a: Bronzong
|-damage|p1a: Bronzong|2/100
|move|p1a: Bronzong|Earthquake|p2a: Magnezone
|-supereffective|p2a: Magnezone
|-damage|p2a: Magnezone|0 fnt
|faint|p2a: Magnezone
|
|-heal|p1a: Bronzong|8/100|[from] item: Leftovers
|upkeep
|
|t:|1717930958
|switch|p2a: Scizor|Scizor, M|100/100
|-damage|p2a: Scizor|88/100|[from] Stealth Rock
|turn|10
|
|t:|1717930960
|move|p2a: Scizor|U-turn|p1a: Bronzong
|-damage|p1a: Bronzong|0 fnt
|faint|p1a: Bronzong
|
|t:|1717930975
|switch|p2a: Starmie|Starmie|100/100|[from] U-turn
|-damage|p2a: Starmie|88/100|[from] Stealth Rock
|-item|p2a: Starmie|Air Balloon
|
|upkeep
|
|t:|1717930983
|switch|p1a: Blissey|Blissey, F|47/100
|-damage|p1a: Blissey|34/100|[from] Stealth Rock
|turn|11
|
|t:|1717930988
|move|p2a: Starmie|Rapid Spin|p1a: Blissey
|-damage|p1a: Blissey|31/100
|-sideend|p2: nuzzlenozzle|Stealth Rock|[from] move: Rapid Spin|[of] p2a: Starmie
|move|p1a: Blissey|Soft-Boiled|p1a: Blissey
|-heal|p1a: Blissey|81/100
|
|-heal|p1a: Blissey|87/100|[from] item: Leftovers
|upkeep
|turn|12
|
|t:|1717930997
|switch|p2a: Scizor|Scizor, M|88/100
|switch|p1a: Forretress|Forretress, M|100/100
|-damage|p1a: Forretress|88/100|[from] Stealth Rock
|
|-heal|p1a: Forretress|94/100|[from] item: Leftovers
|upkeep
|turn|13
|
|t:|1717931017
|move|p2a: Scizor|U-turn|p1a: Forretress
|-resisted|p1a: Forretress
|-damage|p1a: Forretress|78/100
|
|t:|1717931032
|switch|p2a: Starmie|Starmie|88/100|[from] U-turn
|-item|p2a: Starmie|Air Balloon
|move|p1a: Forretress|Rapid Spin|p2a: Starmie
|-damage|p2a: Starmie|81/100
|-enditem|p2a: Starmie|Air Balloon
|-sideend|p1: kinetic koko|Stealth Rock|[from] move: Rapid Spin|[of] p1a: Forretress
|
|-heal|p1a: Forretress|84/100|[from] item: Leftovers
|upkeep
|turn|14
|
|t:|1717931046
|switch|p2a: Garchomp|Garchomp, M|66/100 tox
|switch|p1a: Blissey|Blissey, F|87/100
|
|-heal|p1a: Blissey|94/100|[from] item: Leftovers
|-damage|p2a: Garchomp|60/100 tox|[from] psn
|upkeep
|turn|15
|
|t:|1717931052
|switch|p1a: Forretress|Forretress, M|84/100
|move|p2a: Garchomp|Swords Dance|p2a: Garchomp
|-boost|p2a: Garchomp|atk|2
|
|-heal|p1a: Forretress|90/100|[from] item: Leftovers
|-damage|p2a: Garchomp|47/100 tox|[from] psn
|upkeep
|turn|16
|
|t:|1717931057
|move|p2a: Garchomp|Earthquake|p1a: Forretress
|-crit|p1a: Forretress
|-damage|p1a: Forretress|0 fnt
|faint|p1a: Forretress
|
|-damage|p2a: Garchomp|29/100 tox|[from] psn
|upkeep
|
|t:|1717931063
|switch|p1a: Magnezone|Magnezone|100/100
|turn|17
|inactive|Battle timer is ON: inactive players will automatically lose when time's up. (requested by nuzzlenozzle)
|
|t:|1717931066
|move|p1a: Magnezone|Flash Cannon|p2a: Garchomp
|-damage|p2a: Garchomp|0 fnt
|faint|p2a: Garchomp
|
|upkeep
|l| tyrash
|
|t:|1717931076
|switch|p2a: Scizor|Scizor, M|88/100
|turn|18
|
|t:|1717931079
|switch|p1a: Gliscor|Gliscor, M|100/100 tox
|move|p2a: Scizor|Superpower|p1a: Gliscor
|-resisted|p1a: Gliscor
|-damage|p1a: Gliscor|75/100 tox
|-unboost|p2a: Scizor|atk|1
|-unboost|p2a: Scizor|def|1
|
|-heal|p1a: Gliscor|88/100 tox|[from] ability: Poison Heal
|upkeep
|turn|19
|
|t:|1717931089
|switch|p1a: Magnezone|Magnezone|100/100
|switch|p2a: Starmie|Starmie|81/100
|
|upkeep
|turn|20
|
|t:|1717931096
|move|p2a: Starmie|Hydro Pump|p1a: Magnezone|[miss]
|-miss|p2a: Starmie|p1a: Magnezone
|move|p1a: Magnezone|Volt Switch|p2a: Starmie
|-supereffective|p2a: Starmie
|-damage|p2a: Starmie|0 fnt
|faint|p2a: Starmie
|
|t:|1717931100
|switch|p1a: Gliscor|Gliscor, M|88/100 tox|[from] Volt Switch
|
|-heal|p1a: Gliscor|100/100 tox|[from] ability: Poison Heal
|upkeep
|
|t:|1717931102
|switch|p2a: Kyurem|Kyurem-Black|100/100
|-ability|p2a: Kyurem|Teravolt
|turn|21
|
|t:|1717931110
|move|p1a: Gliscor|Protect|p1a: Gliscor
|-singleturn|p1a: Gliscor|Protect
|move|p2a: Kyurem|Outrage|p1a: Gliscor
|-activate|p1a: Gliscor|move: Protect
|
|upkeep
|turn|22
|
|t:|1717931119
|switch|p1a: Celebi|Celebi|100/100
|move|p2a: Kyurem|Outrage|p1a: Celebi
|-damage|p1a: Celebi|2/100
|
|-heal|p1a: Celebi|8/100|[from] item: Leftovers
|upkeep
|turn|23
|
|t:|1717931124
|move|p2a: Kyurem|Outrage|p1a: Celebi|[from]lockedmove
|-damage|p1a: Celebi|0 fnt
|faint|p1a: Celebi
|
|upkeep
|
|t:|1717931126
|switch|p1a: Magnezone|Magnezone|100/100
|turn|24
|
|t:|1717931130
|move|p1a: Magnezone|Flash Cannon|p2a: Kyurem
|-supereffective|p2a: Kyurem
|-damage|p2a: Kyurem|19/100
|move|p2a: Kyurem|Outrage|p1a: Magnezone|[from]lockedmove
|-resisted|p1a: Magnezone
|-damage|p1a: Magnezone|31/100
|-start|p2a: Kyurem|confusion|[fatigue]
|
|upkeep
|turn|25
|
|t:|1717931149
|switch|p1a: Blissey|Blissey, F|94/100
|-activate|p2a: Kyurem|confusion
|move|p2a: Kyurem|Outrage|p1a: Blissey
|-damage|p1a: Blissey|0 fnt
|faint|p1a: Blissey
|
|upkeep
|
|t:|1717931156
|switch|p1a: Magnezone|Magnezone|31/100
|turn|26
|
|t:|1717931159
|move|p1a: Magnezone|Thunderbolt|p2a: Kyurem
|-resisted|p2a: Kyurem
|-damage|p2a: Kyurem|0 fnt
|faint|p2a: Kyurem
|
|upkeep
|
|t:|1717931161
|switch|p2a: Scizor|Scizor, M|88/100
|turn|27
|
|t:|1717931172
|move|p1a: Magnezone|Thunderbolt|p2a: Scizor
|-damage|p2a: Scizor|13/100
|move|p2a: Scizor|U-turn|p1a: Magnezone
|-resisted|p1a: Magnezone
|-damage|p1a: Magnezone|0 fnt
|faint|p1a: Magnezone
|
|t:|1717931177
|switch|p2a: Honchkrow|Honchkrow, F|100/100|[from] U-turn
|
|upkeep
|
|t:|1717931179
|switch|p1a: Gliscor|Gliscor, M|100/100 tox
|turn|28
|
|t:|1717931183
|move|p2a: Honchkrow|Brave Bird|p1a: Gliscor
|-damage|p1a: Gliscor|35/100 tox
|-damage|p2a: Honchkrow|78/100|[from] Recoil
|-damage|p2a: Honchkrow|68/100|[from] item: Life Orb
|move|p1a: Gliscor|Swords Dance|p1a: Gliscor
|-boost|p1a: Gliscor|atk|2
|
|-heal|p1a: Gliscor|48/100 tox|[from] ability: Poison Heal
|upkeep
|turn|29
|
|t:|1717931189
|move|p1a: Gliscor|Protect|p1a: Gliscor
|-singleturn|p1a: Gliscor|Protect
|move|p2a: Honchkrow|Brave Bird|p1a: Gliscor
|-activate|p1a: Gliscor|move: Protect
|
|-heal|p1a: Gliscor|60/100 tox|[from] ability: Poison Heal
|upkeep
|turn|30
|
|t:|1717931195
|move|p1a: Gliscor|Protect|p1a: Gliscor
|-singleturn|p1a: Gliscor|Protect
|move|p2a: Honchkrow|Brave Bird|p1a: Gliscor
|-activate|p1a: Gliscor|move: Protect
|
|-heal|p1a: Gliscor|73/100 tox|[from] ability: Poison Heal
|upkeep
|turn|31
|
|t:|1717931199
|move|p2a: Honchkrow|Brave Bird|p1a: Gliscor
|-damage|p1a: Gliscor|8/100 tox
|-damage|p2a: Honchkrow|46/100|[from] Recoil
|-damage|p2a: Honchkrow|36/100|[from] item: Life Orb
|move|p1a: Gliscor|Facade|p2a: Honchkrow
|-damage|p2a: Honchkrow|0 fnt
|faint|p2a: Honchkrow
|
|-heal|p1a: Gliscor|21/100 tox|[from] ability: Poison Heal
|upkeep
|
|t:|1717931202
|switch|p2a: Scizor|Scizor, M|13/100
|turn|32
|
|t:|1717931205
|move|p1a: Gliscor|Protect|p1a: Gliscor
|-singleturn|p1a: Gliscor|Protect
|move|p2a: Scizor|Bullet Punch|p1a: Gliscor
|-activate|p1a: Gliscor|move: Protect
|
|-heal|p1a: Gliscor|33/100 tox|[from] ability: Poison Heal
|upkeep
|turn|33
|
|t:|1717931207
|move|p1a: Gliscor|Protect|p1a: Gliscor
|-singleturn|p1a: Gliscor|Protect
|move|p2a: Scizor|Bullet Punch|p1a: Gliscor
|-activate|p1a: Gliscor|move: Protect
|
|-heal|p1a: Gliscor|46/100 tox|[from] ability: Poison Heal
|upkeep
|turn|34
|
|t:|1717931210
|move|p1a: Gliscor|Protect||[still]
|-fail|p1a: Gliscor
|move|p2a: Scizor|Bullet Punch|p1a: Gliscor
|-damage|p1a: Gliscor|10/100 tox
|
|-heal|p1a: Gliscor|22/100 tox|[from] ability: Poison Heal
|upkeep
|turn|35
|
|t:|1717931213
|move|p1a: Gliscor|Protect|p1a: Gliscor
|-singleturn|p1a: Gliscor|Protect
|move|p2a: Scizor|Bullet Punch|p1a: Gliscor
|-activate|p1a: Gliscor|move: Protect
|
|-heal|p1a: Gliscor|35/100 tox|[from] ability: Poison Heal
|upkeep
|turn|36
|
|t:|1717931216
|move|p1a: Gliscor|Protect||[still]
|-fail|p1a: Gliscor
|move|p2a: Scizor|Bullet Punch|p1a: Gliscor
|-damage|p1a: Gliscor|0 fnt
|faint|p1a: Gliscor
|
|win|nuzzlenozzle
|raw|kinetic koko's rating: 1455 &rarr; <strong>1425</strong><br />(-30 for losing)
|raw|nuzzlenozzle's rating: 1262 &rarr; <strong>1300</strong><br />(+38 for winning)
|l|‽kinetic koko
|player|p1|
|c|☆nuzzlenozzle|gg ez
