|j|☆koumite
|j|☆HIV transmission
|player|p1|koumite|265|1370
|player|p2|HIV transmission|lady-gen4|1297
|teamsize|p1|6
|teamsize|p2|6
|gametype|singles
|gen|5
|tier|[Gen 5] OU
|rated|
|clearpoke
|poke|p1|Politoed, F|item
|poke|p1|Quagsire, M|item
|poke|p1|Dragonite, M|item
|poke|p1|Chansey, F|item
|poke|p1|Tentacruel, M|item
|poke|p1|Ferrothorn, F|item
|poke|p2|Starmie|item
|poke|p2|Jirachi|item
|poke|p2|Politoed, M|item
|poke|p2|Ferrothorn, M|item
|poke|p2|Terrakion|item
|poke|p2|Landorus-Therian, M|item
|rule|Species Clause: Limit one of each Pokémon
|rule|OHKO Clause: OHKO moves are banned
|rule|Moody Clause: Moody is banned
|rule|Evasion Moves Clause: Evasion moves are banned
|rule|Endless Battle Clause: Forcing endless battles is banned
|rule|HP Percentage Mod: HP is shown in percentages
|rule|Evasion Abilities Clause: Evasion abilities are banned
|rule|Baton Pass Clause: Limit one Baton Passer, can't pass Spe and other stats simultaneously
|rule|Sleep Clause: Sleep-inducing moves are banned
|rule|Swagger Clause: Swagger is banned
|teampreview
|inactive|Battle timer is ON: inactive players will automatically lose when time's up. (requested by HIV transmission)
|
|start
|switch|p1a: Politoed|Politoed, F|100/100
|switch|p2a: Politoed|Politoed, M|100/100
|-weather|RainDance|[from] ability: Drizzle|[of] p1a: Politoed
|turn|1
|
|switch|p2a: Ferrothorn|Ferrothorn, M|100/100
|move|p1a: Politoed|Toxic|p2a: Ferrothorn
|-immune|p2a: Ferrothorn
|
|-weather|RainDance|[upkeep]
|upkeep
|turn|2
|
|move|p1a: Politoed|Scald|p2a: Ferrothorn
|-resisted|p2a: Ferrothorn
|-damage|p2a: Ferrothorn|87/100
|-status|p2a: Ferrothorn|brn
|move|p2a: Ferrothorn|Knock Off|p1a: Politoed
|-damage|p1a: Politoed|98/100
|-enditem|p1a: Politoed|Leftovers|[from] move: Knock Off|[of] p2a: Ferrothorn
|
|-weather|RainDance|[upkeep]
|-heal|p2a: Ferrothorn|93/100 brn|[from] item: Leftovers
|-damage|p2a: Ferrothorn|81/100 brn|[from] brn
|upkeep
|turn|3
|
|switch|p1a: Tentacruel|Tentacruel, M|100/100
|move|p2a: Ferrothorn|Thunder Wave|p1a: Tentacruel
|-status|p1a: Tentacruel|par
|
|-weather|RainDance|[upkeep]
|-heal|p2a: Ferrothorn|87/100 brn|[from] item: Leftovers
|-damage|p2a: Ferrothorn|74/100 brn|[from] brn
|upkeep
|turn|4
|
|move|p2a: Ferrothorn|Knock Off|p1a: Tentacruel
|-damage|p1a: Tentacruel|99/100 par
|-enditem|p1a: Tentacruel|Black Sludge|[from] move: Knock Off|[of] p2a: Ferrothorn
|cant|p1a: Tentacruel|par
|
|-weather|RainDance|[upkeep]
|-heal|p1a: Tentacruel|100/100 par|[from] ability: Rain Dish
|-heal|p2a: Ferrothorn|81/100 brn|[from] item: Leftovers
|-damage|p2a: Ferrothorn|68/100 brn|[from] brn
|upkeep
|turn|5
|
|switch|p2a: Starmie|Starmie|100/100
|move|p1a: Tentacruel|Toxic Spikes|p2a: Starmie
|-sidestart|p2: HIV transmission|move: Toxic Spikes
|
|-weather|RainDance|[upkeep]
|upkeep
|turn|6
|
|switch|p1a: Chansey|Chansey, F|100/100
|move|p2a: Starmie|Psyshock|p1a: Chansey
|-damage|p1a: Chansey|54/100
|
|-weather|RainDance|[upkeep]
|upkeep
|turn|7
|
|move|p2a: Starmie|Psyshock|p1a: Chansey
|-damage|p1a: Chansey|19/100
|move|p1a: Chansey|Soft-Boiled|p1a: Chansey
|-heal|p1a: Chansey|69/100
|
|-weather|RainDance|[upkeep]
|upkeep
|turn|8
|
|move|p2a: Starmie|Psyshock|p1a: Chansey
|-crit|p1a: Chansey
|-damage|p1a: Chansey|4/100
|move|p1a: Chansey|Wish|p1a: Chansey
|
|-weather|RainDance|[upkeep]
|upkeep
|turn|9
|
|move|p2a: Starmie|Psyshock|p1a: Chansey
|-damage|p1a: Chansey|0 fnt
|faint|p1a: Chansey
|
|-weather|RainDance|[upkeep]
|upkeep
|
|switch|p1a: Dragonite|Dragonite, M|100/100
|turn|10
|
|move|p2a: Starmie|Psyshock|p1a: Dragonite
|-damage|p1a: Dragonite|76/100
|move|p1a: Dragonite|Thunder|p2a: Starmie
|-supereffective|p2a: Starmie
|-damage|p2a: Starmie|2/100
|-status|p2a: Starmie|par
|
|-weather|RainDance|[upkeep]
|-heal|p1a: Dragonite|82/100|[from] item: Leftovers
|upkeep
|turn|11
|
|move|p1a: Dragonite|Hurricane|p2a: Starmie
|-damage|p2a: Starmie|0 fnt
|faint|p2a: Starmie
|
|-weather|RainDance|[upkeep]
|-heal|p1a: Dragonite|88/100|[from] item: Leftovers
|upkeep
|
|switch|p2a: Landorus|Landorus-Therian, M|100/100
|-ability|p2a: Landorus|Intimidate|boost
|-unboost|p1a: Dragonite|atk|1
|turn|12
|
|switch|p1a: Quagsire|Quagsire, M|100/100
|move|p2a: Landorus|Stealth Rock|p1a: Quagsire
|-sidestart|p1: koumite|move: Stealth Rock
|
|-weather|RainDance|[upkeep]
|upkeep
|turn|13
|
|move|p2a: Landorus|U-turn|p1a: Quagsire
|-damage|p1a: Quagsire|86/100
|
|switch|p2a: Ferrothorn|Ferrothorn, M|68/100 brn|[from]move: U-turn
|move|p1a: Quagsire|Scald|p2a: Ferrothorn
|-resisted|p2a: Ferrothorn
|-damage|p2a: Ferrothorn|57/100 brn
|
|-weather|RainDance|[upkeep]
|-heal|p1a: Quagsire|92/100|[from] item: Leftovers
|-heal|p2a: Ferrothorn|63/100 brn|[from] item: Leftovers
|-damage|p2a: Ferrothorn|51/100 brn|[from] brn
|upkeep
|turn|14
|
|switch|p1a: Ferrothorn|Ferrothorn, F|100/100
|-damage|p1a: Ferrothorn|94/100|[from] Stealth Rock
|switch|p2a: Landorus|Landorus-Therian, M|100/100
|-ability|p2a: Landorus|Intimidate|boost
|-unboost|p1a: Ferrothorn|atk|1
|
|-weather|RainDance|[upkeep]
|upkeep
|turn|15
|
|switch|p2a: Terrakion|Terrakion|100/100
|-status|p2a: Terrakion|psn
|move|p1a: Ferrothorn|Gyro Ball|p2a: Terrakion
|-supereffective|p2a: Terrakion
|-damage|p2a: Terrakion|22/100 psn
|
|-weather|RainDance|[upkeep]
|-damage|p2a: Terrakion|10/100 psn|[from] psn
|upkeep
|turn|16
|
|switch|p1a: Quagsire|Quagsire, M|92/100
|-damage|p1a: Quagsire|86/100|[from] Stealth Rock
|move|p2a: Terrakion|Close Combat|p1a: Quagsire
|-crit|p1a: Quagsire
|-damage|p1a: Quagsire|0 fnt
|-unboost|p2a: Terrakion|def|1
|-unboost|p2a: Terrakion|spd|1
|-damage|p2a: Terrakion|0 fnt|[from] item: Life Orb
|faint|p1a: Quagsire
|faint|p2a: Terrakion
|
|-weather|RainDance|[upkeep]
|upkeep
|
|switch|p2a: Landorus|Landorus-Therian, M|100/100
|switch|p1a: Politoed|Politoed, F|98/100
|-ability|p2a: Landorus|Intimidate|boost
|-unboost|p1a: Politoed|atk|1
|-damage|p1a: Politoed|86/100|[from] Stealth Rock
|turn|17
|
|move|p2a: Landorus|U-turn|p1a: Politoed
|-damage|p1a: Politoed|66/100
|
|switch|p2a: Politoed|Politoed, M|100/100|[from]move: U-turn
|-status|p2a: Politoed|psn
|move|p1a: Politoed|Scald|p2a: Politoed
|-resisted|p2a: Politoed
|-damage|p2a: Politoed|82/100 psn
|
|-weather|RainDance|[upkeep]
|-heal|p2a: Politoed|88/100 psn|[from] item: Leftovers
|-damage|p2a: Politoed|76/100 psn|[from] psn
|upkeep
|turn|18
|
|switch|p2a: Landorus|Landorus-Therian, M|100/100
|-ability|p2a: Landorus|Intimidate|boost
|-unboost|p1a: Politoed|atk|1
|move|p1a: Politoed|Protect||[still]
|-fail|p1a: Politoed
|
|-weather|RainDance|[upkeep]
|upkeep
|turn|19
|
|move|p1a: Politoed|Protect|p1a: Politoed
|-singleturn|p1a: Politoed|Protect
|move|p2a: Landorus|Earthquake|p1a: Politoed
|-activate|p1a: Politoed|move: Protect
|
|-weather|RainDance|[upkeep]
|upkeep
|turn|20
|
|switch|p1a: Dragonite|Dragonite, M|88/100
|-damage|p1a: Dragonite|63/100|[from] Stealth Rock
|move|p2a: Landorus|U-turn|p1a: Dragonite
|-resisted|p1a: Dragonite
|-damage|p1a: Dragonite|53/100
|
|switch|p2a: Politoed|Politoed, M|76/100 psn|[from]move: U-turn
|
|-weather|RainDance|[upkeep]
|-heal|p1a: Dragonite|59/100|[from] item: Leftovers
|-heal|p2a: Politoed|82/100 psn|[from] item: Leftovers
|-damage|p2a: Politoed|70/100 psn|[from] psn
|upkeep
|turn|21
|
|move|p1a: Dragonite|Roost|p1a: Dragonite
|-heal|p1a: Dragonite|100/100
|-singleturn|p1a: Dragonite|move: Roost
|move|p2a: Politoed|Ice Beam|p1a: Dragonite
|-supereffective|p1a: Dragonite
|-damage|p1a: Dragonite|87/100
|
|-weather|RainDance|[upkeep]
|-heal|p1a: Dragonite|93/100|[from] item: Leftovers
|-heal|p2a: Politoed|76/100 psn|[from] item: Leftovers
|-damage|p2a: Politoed|63/100 psn|[from] psn
|upkeep
|turn|22
|
|move|p1a: Dragonite|Roost|p1a: Dragonite
|-heal|p1a: Dragonite|100/100
|-singleturn|p1a: Dragonite|move: Roost
|move|p2a: Politoed|Toxic|p1a: Dragonite
|-status|p1a: Dragonite|tox
|
|-weather|RainDance|[upkeep]
|-heal|p2a: Politoed|70/100 psn|[from] item: Leftovers
|-damage|p1a: Dragonite|94/100 tox|[from] psn
|-damage|p2a: Politoed|57/100 psn|[from] psn
|upkeep
|turn|23
|
|move|p1a: Dragonite|Thunder|p2a: Politoed
|-supereffective|p2a: Politoed
|-crit|p2a: Politoed
|-damage|p2a: Politoed|0 fnt
|faint|p2a: Politoed
|
|-weather|RainDance|[upkeep]
|-heal|p1a: Dragonite|100/100 tox|[from] item: Leftovers
|-damage|p1a: Dragonite|88/100 tox|[from] psn
|upkeep
|
|switch|p2a: Landorus|Landorus-Therian, M|100/100
|-ability|p2a: Landorus|Intimidate|boost
|-unboost|p1a: Dragonite|atk|1
|turn|24
|
|move|p2a: Landorus|U-turn|p1a: Dragonite
|-resisted|p1a: Dragonite
|-damage|p1a: Dragonite|77/100 tox
|
|switch|p2a: Ferrothorn|Ferrothorn, M|51/100 brn|[from]move: U-turn
|move|p1a: Dragonite|Hurricane|p2a: Ferrothorn
|-damage|p2a: Ferrothorn|17/100 brn
|
|-weather|RainDance|[upkeep]
|-heal|p1a: Dragonite|84/100 tox|[from] item: Leftovers
|-heal|p2a: Ferrothorn|24/100 brn|[from] item: Leftovers
|-damage|p1a: Dragonite|65/100 tox|[from] psn
|-damage|p2a: Ferrothorn|11/100 brn|[from] brn
|upkeep
|turn|25
|
|move|p1a: Dragonite|Hurricane|p2a: Ferrothorn
|-damage|p2a: Ferrothorn|0 fnt
|faint|p2a: Ferrothorn
|
|-weather|RainDance|[upkeep]
|-heal|p1a: Dragonite|71/100 tox|[from] item: Leftovers
|-damage|p1a: Dragonite|46/100 tox|[from] psn
|upkeep
|
|switch|p2a: Landorus|Landorus-Therian, M|100/100
|-ability|p2a: Landorus|Intimidate|boost
|-unboost|p1a: Dragonite|atk|1
|turn|26
|
|move|p2a: Landorus|Hidden Power|p1a: Dragonite
|-supereffective|p1a: Dragonite
|-damage|p1a: Dragonite|0 fnt
|faint|p1a: Dragonite
|
|-weather|RainDance|[upkeep]
|upkeep
|
|switch|p1a: Ferrothorn|Ferrothorn, F|94/100
|-damage|p1a: Ferrothorn|88/100|[from] Stealth Rock
|turn|27
|
|move|p2a: Landorus|Earthquake|p1a: Ferrothorn
|-damage|p1a: Ferrothorn|58/100
|move|p1a: Ferrothorn|Stealth Rock|p2a: Landorus
|-sidestart|p2: HIV transmission|move: Stealth Rock
|
|-weather|RainDance|[upkeep]
|upkeep
|turn|28
|
|move|p2a: Landorus|Earthquake|p1a: Ferrothorn
|-crit|p1a: Ferrothorn
|-damage|p1a: Ferrothorn|0 fnt
|faint|p1a: Ferrothorn
|
|-weather|RainDance|[upkeep]
|upkeep
|
|switch|p1a: Politoed|Politoed, F|66/100
|-damage|p1a: Politoed|53/100|[from] Stealth Rock
|turn|29
|
|move|p2a: Landorus|Earthquake|p1a: Politoed
|-damage|p1a: Politoed|15/100
|move|p1a: Politoed|Scald|p2a: Landorus
|-supereffective|p2a: Landorus
|-damage|p2a: Landorus|0 fnt
|faint|p2a: Landorus
|
|-weather|RainDance|[upkeep]
|upkeep
|
|switch|p2a: Jirachi|Jirachi|100/100
|-damage|p2a: Jirachi|94/100|[from] Stealth Rock
|turn|30
|
|move|p2a: Jirachi|Thunder|p1a: Politoed
|-supereffective|p1a: Politoed
|-crit|p1a: Politoed
|-damage|p1a: Politoed|0 fnt
|faint|p1a: Politoed
|
|-weather|RainDance|[upkeep]
|-heal|p2a: Jirachi|100/100|[from] item: Leftovers
|upkeep
|
|switch|p1a: Tentacruel|Tentacruel, M|100/100 par
|-damage|p1a: Tentacruel|88/100 par|[from] Stealth Rock
|turn|31
|
|move|p2a: Jirachi|Substitute|p2a: Jirachi
|-start|p2a: Jirachi|Substitute
|-damage|p2a: Jirachi|75/100
|move|p1a: Tentacruel|Scald|p2a: Jirachi
|-end|p2a: Jirachi|Substitute
|
|-weather|RainDance|[upkeep]
|-heal|p1a: Tentacruel|94/100 par|[from] ability: Rain Dish
|-heal|p2a: Jirachi|82/100|[from] item: Leftovers
|upkeep
|turn|32
|
|move|p2a: Jirachi|Calm Mind|p2a: Jirachi
|-boost|p2a: Jirachi|spa|1
|-boost|p2a: Jirachi|spd|1
|move|p1a: Tentacruel|Scald|p2a: Jirachi
|-damage|p2a: Jirachi|64/100
|
|-weather|RainDance|[upkeep]
|-heal|p1a: Tentacruel|99/100 par|[from] ability: Rain Dish
|-heal|p2a: Jirachi|70/100|[from] item: Leftovers
|upkeep
|turn|33
|
|move|p2a: Jirachi|Thunder|p1a: Tentacruel
|-supereffective|p1a: Tentacruel
|-damage|p1a: Tentacruel|32/100 par
|cant|p1a: Tentacruel|par
|
|-weather|RainDance|[upkeep]
|-heal|p1a: Tentacruel|38/100 par|[from] ability: Rain Dish
|-heal|p2a: Jirachi|76/100|[from] item: Leftovers
|upkeep
|turn|34
|
|move|p2a: Jirachi|Thunder|p1a: Tentacruel
|-supereffective|p1a: Tentacruel
|-damage|p1a: Tentacruel|0 fnt
|faint|p1a: Tentacruel
|
|win|HIV transmission
|raw|koumite's rating: 1370 &rarr; <strong>1345</strong><br />(-25 for losing)
|raw|HIV transmission's rating: 1297 &rarr; <strong>1327</strong><br />(+30 for winning)
