|j|☆thebestever543
|j|‽lilou in badeanzug
|t:|1707491715
|gametype|singles
|player|p1|thebestever543|koga-gen2|1356
|player|p2|lilou in badeanzug|169|1534
|teamsize|p1|6
|teamsize|p2|6
|gen|5
|tier|[Gen 5] OU
|rated|
|rule|Species Clause: Limit one of each Pokémon
|rule|OHKO Clause: OHKO moves are banned
|rule|Moody Clause: Moody is banned
|rule|Evasion Items Clause: Evasion items are banned
|rule|Evasion Moves Clause: Evasion moves are banned
|rule|Endless Battle Clause: Forcing endless battles is banned
|rule|HP Percentage Mod: HP is shown in percentages
|rule|Evasion Abilities Clause: Evasion abilities are banned
|rule|Sleep Moves Clause: Sleep-inducing moves are banned
|rule|Swagger Clause: Swagger is banned
|rule|Baton Pass Stat Clause: No Baton Passer may have a way to boost its stats
|clearpoke
|poke|p1|Celebi|item
|poke|p1|Tyranitar, F|item
|poke|p1|Gliscor, F|item
|poke|p1|Skarmory, M|item
|poke|p1|Starmie|item
|poke|p1|Volcarona, M|item
|poke|p2|Latios, M|item
|poke|p2|Gliscor, M|item
|poke|p2|Jellicent, M|item
|poke|p2|Forretress, F|item
|poke|p2|Reuniclus, M|item
|poke|p2|Chansey, F|item
|teampreview
|
|t:|1707491746
|start
|switch|p1a: Celebi|Celebi|100/100
|switch|p2a: Latios|Latios, M|100/100
|turn|1
|
|t:|1707491755
|switch|p2a: Gliscor|Gliscor, M|100/100
|switch|p1a: Gliscor|Gliscor, F|100/100
|
|-status|p2a: Gliscor|tox|[from] item: Toxic Orb
|-status|p1a: Gliscor|tox|[from] item: Toxic Orb
|upkeep
|turn|2
|
|t:|1707491764
|switch|p1a: Starmie|Starmie|100/100
|-item|p1a: Starmie|Air Balloon
|move|p2a: Gliscor|Swords Dance|p2a: Gliscor
|-boost|p2a: Gliscor|atk|2
|
|upkeep
|turn|3
|
|t:|1707491774
|switch|p2a: Chansey|Chansey, F|100/100
|move|p1a: Starmie|Ice Beam|p2a: Chansey
|-damage|p2a: Chansey|90/100
|
|upkeep
|turn|4
|
|t:|1707491779
|switch|p1a: Skarmory|Skarmory, M|100/100
|move|p2a: Chansey|Stealth Rock|p1a: Skarmory
|-sidestart|p1: thebestever543|move: Stealth Rock
|
|upkeep
|turn|5
|
|t:|1707491783
|switch|p1a: Celebi|Celebi|100/100
|-damage|p1a: Celebi|88/100|[from] Stealth Rock
|switch|p2a: Forretress|Forretress, F|100/100
|
|-heal|p1a: Celebi|94/100|[from] item: Leftovers
|upkeep
|turn|6
|
|t:|1707491789
|move|p1a: Celebi|Baton Pass|p1a: Celebi
|
|t:|1707491793
|switch|p1a: Gliscor|Gliscor, F|100/100 tox|[from] Baton Pass
|-damage|p1a: Gliscor|88/100 tox|[from] Stealth Rock
|move|p2a: Forretress|Spikes|p1a: Gliscor
|-sidestart|p1: thebestever543|Spikes
|
|-heal|p1a: Gliscor|100/100 tox|[from] ability: Poison Heal
|upkeep
|turn|7
|
|t:|1707491797
|switch|p1a: Starmie|Starmie|100/100
|-damage|p1a: Starmie|88/100|[from] Stealth Rock
|-item|p1a: Starmie|Air Balloon
|switch|p2a: Gliscor|Gliscor, M|100/100 tox
|
|upkeep
|turn|8
|
|t:|1707491801
|switch|p2a: Chansey|Chansey, F|90/100
|move|p1a: Starmie|Thunderbolt|p2a: Chansey
|-damage|p2a: Chansey|79/100
|
|upkeep
|turn|9
|
|t:|1707491805
|move|p1a: Starmie|Rapid Spin|p2a: Chansey
|-damage|p2a: Chansey|76/100
|-sideend|p1: thebestever543|Spikes|[from] move: Rapid Spin|[of] p1a: Starmie
|-sideend|p1: thebestever543|Stealth Rock|[from] move: Rapid Spin|[of] p1a: Starmie
|move|p2a: Chansey|Seismic Toss|p1a: Starmie
|-damage|p1a: Starmie|50/100
|-enditem|p1a: Starmie|Air Balloon
|
|upkeep
|turn|10
|inactive|Battle timer is ON: inactive players will automatically lose when time's up. (requested by thebestever543)
|
|t:|1707491811
|switch|p1a: Celebi|Celebi|94/100
|move|p2a: Chansey|Stealth Rock|p1a: Celebi
|-sidestart|p1: thebestever543|move: Stealth Rock
|
|-heal|p1a: Celebi|100/100|[from] item: Leftovers
|upkeep
|turn|11
|
|t:|1707491816
|switch|p2a: Forretress|Forretress, F|100/100
|move|p1a: Celebi|Substitute|p1a: Celebi
|-start|p1a: Celebi|Substitute
|-damage|p1a: Celebi|76/100
|
|-heal|p1a: Celebi|82/100|[from] item: Leftovers
|upkeep
|turn|12
|
|t:|1707491821
|move|p1a: Celebi|Baton Pass|p1a: Celebi
|
|t:|1707491825
|switch|p1a: Gliscor|Gliscor, F|100/100 tox|[from] Baton Pass
|-damage|p1a: Gliscor|88/100 tox|[from] Stealth Rock
|move|p2a: Forretress|Spikes|p1a: Gliscor
|-sidestart|p1: thebestever543|Spikes
|
|-heal|p1a: Gliscor|100/100 tox|[from] ability: Poison Heal
|upkeep
|turn|13
|
|t:|1707491830
|switch|p2a: Reuniclus|Reuniclus, M|100/100
|move|p1a: Gliscor|Swords Dance|p1a: Gliscor
|-boost|p1a: Gliscor|atk|2
|
|upkeep
|turn|14
|
|t:|1707491832
|move|p1a: Gliscor|Earthquake|p2a: Reuniclus
|-damage|p2a: Reuniclus|52/100
|move|p2a: Reuniclus|Hidden Power|p1a: Gliscor
|-supereffective|p1a: Gliscor
|-end|p1a: Gliscor|Substitute
|
|-heal|p2a: Reuniclus|59/100|[from] item: Leftovers
|upkeep
|turn|15
|
|t:|1707491838
|move|p1a: Gliscor|Facade|p2a: Reuniclus
|-damage|p2a: Reuniclus|14/100
|move|p2a: Reuniclus|Recover|p2a: Reuniclus
|-heal|p2a: Reuniclus|64/100
|
|-heal|p2a: Reuniclus|70/100|[from] item: Leftovers
|upkeep
|turn|16
|
|t:|1707491845
|move|p1a: Gliscor|Facade|p2a: Reuniclus
|-damage|p2a: Reuniclus|28/100
|move|p2a: Reuniclus|Recover|p2a: Reuniclus
|-heal|p2a: Reuniclus|78/100
|
|-heal|p2a: Reuniclus|84/100|[from] item: Leftovers
|upkeep
|turn|17
|
|t:|1707491854
|move|p1a: Gliscor|Swords Dance|p1a: Gliscor
|-boost|p1a: Gliscor|atk|2
|move|p2a: Reuniclus|Hidden Power|p1a: Gliscor
|-supereffective|p1a: Gliscor
|-damage|p1a: Gliscor|30/100 tox
|
|-heal|p2a: Reuniclus|91/100|[from] item: Leftovers
|-heal|p1a: Gliscor|43/100 tox|[from] ability: Poison Heal
|upkeep
|turn|18
|
|t:|1707491859
|move|p1a: Gliscor|Earthquake|p2a: Reuniclus
|-damage|p2a: Reuniclus|23/100
|move|p2a: Reuniclus|Hidden Power|p1a: Gliscor
|-supereffective|p1a: Gliscor
|-damage|p1a: Gliscor|0 fnt
|faint|p1a: Gliscor
|
|-heal|p2a: Reuniclus|29/100|[from] item: Leftovers
|upkeep
|
|t:|1707491867
|switch|p1a: Starmie|Starmie|50/100
|-damage|p1a: Starmie|38/100|[from] Stealth Rock
|-damage|p1a: Starmie|25/100|[from] Spikes
|turn|19
|
|t:|1707491871
|switch|p2a: Chansey|Chansey, F|76/100
|move|p1a: Starmie|Hydro Pump|p2a: Chansey
|-damage|p2a: Chansey|55/100
|
|upkeep
|turn|20
|
|t:|1707491875
|move|p1a: Starmie|Rapid Spin|p2a: Chansey
|-damage|p2a: Chansey|53/100
|-sideend|p1: thebestever543|Spikes|[from] move: Rapid Spin|[of] p1a: Starmie
|-sideend|p1: thebestever543|Stealth Rock|[from] move: Rapid Spin|[of] p1a: Starmie
|move|p2a: Chansey|Soft-Boiled|p2a: Chansey
|-heal|p2a: Chansey|100/100
|
|upkeep
|turn|21
|
|t:|1707491879
|switch|p1a: Celebi|Celebi|82/100
|move|p2a: Chansey|Stealth Rock|p1a: Celebi
|-sidestart|p1: thebestever543|move: Stealth Rock
|
|-heal|p1a: Celebi|88/100|[from] item: Leftovers
|upkeep
|turn|22
|
|t:|1707491891
|switch|p2a: Gliscor|Gliscor, M|100/100 tox
|move|p1a: Celebi|Leech Seed|p2a: Gliscor
|-start|p2a: Gliscor|move: Leech Seed
|
|-heal|p1a: Celebi|94/100|[from] item: Leftovers
|-damage|p2a: Gliscor|88/100 tox|[from] Leech Seed|[of] p1a: Celebi
|-heal|p1a: Celebi|100/100|[silent]
|-heal|p2a: Gliscor|100/100 tox|[from] ability: Poison Heal
|upkeep
|turn|23
|
|t:|1707491901
|switch|p2a: Forretress|Forretress, F|100/100
|move|p1a: Celebi|Substitute|p1a: Celebi
|-start|p1a: Celebi|Substitute
|-damage|p1a: Celebi|76/100
|
|-heal|p1a: Celebi|82/100|[from] item: Leftovers
|upkeep
|turn|24
|
|t:|1707491904
|move|p1a: Celebi|Baton Pass|p1a: Celebi
|
|t:|1707491906
|switch|p1a: Tyranitar|Tyranitar, F|100/100|[from] Baton Pass
|-damage|p1a: Tyranitar|88/100|[from] Stealth Rock
|-weather|Sandstorm|[from] ability: Sand Stream|[of] p1a: Tyranitar
|move|p2a: Forretress|Spikes|p1a: Tyranitar
|-sidestart|p1: thebestever543|Spikes
|
|-weather|Sandstorm|[upkeep]
|-heal|p1a: Tyranitar|94/100|[from] item: Leftovers
|upkeep
|turn|25
|
|t:|1707491912
|switch|p2a: Gliscor|Gliscor, M|100/100 tox
|move|p1a: Tyranitar|Dragon Dance|p1a: Tyranitar
|-boost|p1a: Tyranitar|atk|1
|-boost|p1a: Tyranitar|spe|1
|
|-weather|Sandstorm|[upkeep]
|-heal|p1a: Tyranitar|100/100|[from] item: Leftovers
|upkeep
|turn|26
|
|t:|1707491919
|move|p1a: Tyranitar|Stone Edge|p2a: Gliscor
|-crit|p2a: Gliscor
|-damage|p2a: Gliscor|0 fnt
|faint|p2a: Gliscor
|
|-weather|Sandstorm|[upkeep]
|upkeep
|-message|lilou in badeanzug forfeited.
|
|win|thebestever543
|raw|thebestever543's rating: 1356 &rarr; <strong>1385</strong><br />(+29 for winning)
|raw|lilou in badeanzug's rating: 1534 &rarr; <strong>1505</strong><br />(-29 for losing)
|l|‽lilou in badeanzug
|player|p2|
