|j|☆SwordIsBored
|j|☆sidis
|t:|1708731252
|gametype|singles
|player|p1|SwordIsBored|hexmaniac-gen6|1457
|player|p2|sidis|iris-gen5bw2|1312
|teamsize|p1|6
|teamsize|p2|6
|gen|5
|tier|[Gen 5] OU
|rated|
|rule|Species Clause: Limit one of each Pokémon
|rule|OHKO Clause: OHKO moves are banned
|rule|Moody Clause: Moody is banned
|rule|Evasion Items Clause: Evasion items are banned
|rule|Evasion Moves Clause: Evasion moves are banned
|rule|Endless Battle Clause: Forcing endless battles is banned
|rule|HP Percentage Mod: HP is shown in percentages
|rule|Evasion Abilities Clause: Evasion abilities are banned
|rule|Sleep Moves Clause: Sleep-inducing moves are banned
|rule|Swagger Clause: Swagger is banned
|rule|Baton Pass Stat Clause: No Baton Passer may have a way to boost its stats
|clearpoke
|poke|p1|Politoed, F|item
|poke|p1|Tornadus, M|item
|poke|p1|Ferrothorn, M|item
|poke|p1|Tentacruel, M|item
|poke|p1|Mamoswine, M|item
|poke|p1|Keldeo|item
|poke|p2|Terrakion|item
|poke|p2|Infernape, M|item
|poke|p2|Mienshao, F|item
|poke|p2|Conkeldurr, F|item
|poke|p2|Scrafty, F|item
|poke|p2|Toxicroak, M|item
|teampreview
|inactive|Battle timer is ON: inactive players will automatically lose when time's up. (requested by sidis)
|
|t:|1708731263
|start
|switch|p1a: Politoed|Politoed, F|100/100
|switch|p2a: Terrakion|Terrakion|100/100
|-weather|RainDance|[from] ability: Drizzle|[of] p1a: Politoed
|turn|1
|
|t:|1708731266
|move|p1a: Politoed|Scald|p2a: Terrakion
|-supereffective|p2a: Terrakion
|-enditem|p2a: Terrakion|Focus Sash
|-damage|p2a: Terrakion|1/100
|move|p2a: Terrakion|Stealth Rock|p1a: Politoed
|-sidestart|p1: SwordIsBored|move: Stealth Rock
|
|-weather|RainDance|[upkeep]
|upkeep
|turn|2
|
|t:|1708731274
|switch|p2a: Toxicroak|Toxicroak, M|100/100
|move|p1a: Politoed|Scald|p2a: Toxicroak
|-immune|p2a: Toxicroak|[from] ability: Dry Skin
|
|-weather|RainDance|[upkeep]
|upkeep
|turn|3
|
|t:|1708731279
|switch|p1a: Tentacruel|Tentacruel, M|100/100
|-damage|p1a: Tentacruel|88/100|[from] Stealth Rock
|move|p2a: Toxicroak|Swords Dance|p2a: Toxicroak
|-boost|p2a: Toxicroak|atk|2
|
|-weather|RainDance|[upkeep]
|-heal|p1a: Tentacruel|94/100|[from] ability: Rain Dish
|-heal|p1a: Tentacruel|99/100|[from] item: Black Sludge
|upkeep
|turn|4
|
|t:|1708731287
|move|p2a: Toxicroak|Sucker Punch|p1a: Tentacruel
|-damage|p1a: Tentacruel|38/100
|move|p1a: Tentacruel|Rapid Spin|p2a: Toxicroak
|-damage|p2a: Toxicroak|96/100
|-sideend|p1: SwordIsBored|Stealth Rock|[from] move: Rapid Spin|[of] p1a: Tentacruel
|
|-weather|RainDance|[upkeep]
|-heal|p1a: Tentacruel|44/100|[from] ability: Rain Dish
|-heal|p2a: Toxicroak|100/100|[from] ability: Dry Skin
|-heal|p1a: Tentacruel|50/100|[from] item: Black Sludge
|upkeep
|turn|5
|
|t:|1708731300
|switch|p1a: Tornadus|Tornadus, M|100/100
|move|p2a: Toxicroak|Swords Dance|p2a: Toxicroak
|-boost|p2a: Toxicroak|atk|2
|
|-weather|RainDance|[upkeep]
|upkeep
|turn|6
|
|t:|1708731306
|move|p1a: Tornadus|Tailwind|p1a: Tornadus
|-sidestart|p1: SwordIsBored|move: Tailwind
|move|p2a: Toxicroak|Ice Punch|p1a: Tornadus
|-supereffective|p1a: Tornadus
|-damage|p1a: Tornadus|0 fnt
|faint|p1a: Tornadus
|
|-weather|RainDance|[upkeep]
|upkeep
|
|t:|1708731314
|switch|p1a: Mamoswine|Mamoswine, M|100/100
|turn|7
|
|t:|1708731318
|move|p2a: Toxicroak|Sucker Punch|p1a: Mamoswine
|-crit|p1a: Mamoswine
|-damage|p1a: Mamoswine|0 fnt
|faint|p1a: Mamoswine
|
|-weather|RainDance|[upkeep]
|upkeep
|
|t:|1708731327
|switch|p1a: Keldeo|Keldeo|100/100
|turn|8
|
|t:|1708731331
|move|p1a: Keldeo|Secret Sword|p2a: Toxicroak
|-resisted|p2a: Toxicroak
|-damage|p2a: Toxicroak|68/100
|move|p2a: Toxicroak|Drain Punch|p1a: Keldeo
|-crit|p1a: Keldeo
|-damage|p1a: Keldeo|0 fnt
|-heal|p2a: Toxicroak|100/100|[from] drain|[of] p1a: Keldeo
|faint|p1a: Keldeo
|
|-weather|RainDance|[upkeep]
|upkeep
|-message|SwordIsBored forfeited.
|
|win|sidis
|raw|SwordIsBored's rating: 1457 &rarr; <strong>1429</strong><br />(-28 for losing)
|raw|sidis's rating: 1312 &rarr; <strong>1340</strong><br />(+28 for winning)
|l|☆SwordIsBored
|player|p1|
