|j|☆rstlne123
|j|☆chokewayne
|t:|1748430878
|gametype|singles
|player|p1|rstlne123|169|1297
|player|p2|chokewayne|265|1518
|teamsize|p1|6
|teamsize|p2|6
|gen|5
|tier|[Gen 5] OU
|rated|
|rule|Species Clause: Limit one of each Pokémon
|rule|OHKO Clause: OHKO moves are banned
|rule|Moody Clause: Moody is banned
|rule|Evasion Items Clause: Evasion items are banned
|rule|Evasion Moves Clause: Evasion moves are banned
|rule|Endless Battle Clause: Forcing endless battles is banned
|rule|HP Percentage Mod: HP is shown in percentages
|rule|Evasion Abilities Clause: Evasion abilities are banned
|rule|Sleep Moves Clause: Sleep-inducing moves are banned
|rule|Swagger Clause: Swagger is banned
|rule|Baton Pass Stat Clause: No Baton Passer may have a way to boost its stats
|clearpoke
|poke|p1|Politoed, M|item
|poke|p1|Keldeo|item
|poke|p1|Latios, M|item
|poke|p1|Starmie|item
|poke|p1|Thundurus-Therian, M|item
|poke|p1|Jirachi|item
|poke|p2|Tyranitar, M|item
|poke|p2|Latias, F|item
|poke|p2|Rotom-Wash|item
|poke|p2|Alakazam, M|item
|poke|p2|Landorus-Therian, M|item
|poke|p2|Excadrill, F|item
|teampreview
|
|t:|1748430888
|start
|switch|p1a: Keldeo|Keldeo|100/100
|switch|p2a: Rotom|Rotom-Wash|100/100
|turn|1
|
|t:|1748430896
|switch|p1a: Thundurus|Thundurus-Therian, M|100/100
|move|p2a: Rotom|Will-O-Wisp|p1a: Thundurus
|-status|p1a: Thundurus|brn
|
|-damage|p1a: Thundurus|88/100 brn|[from] brn
|upkeep
|turn|2
|inactive|Battle timer is ON: inactive players will automatically lose when time's up. (requested by chokewayne)
|
|t:|1748430902
|move|p1a: Thundurus|Thunder|p2a: Rotom|[miss]
|-miss|p1a: Thundurus|p2a: Rotom
|move|p2a: Rotom|Hydro Pump|p1a: Thundurus
|-damage|p1a: Thundurus|33/100 brn
|
|-heal|p1a: Thundurus|39/100 brn|[from] item: Leftovers
|-damage|p1a: Thundurus|27/100 brn|[from] brn
|upkeep
|turn|3
|
|t:|1748430909
|switch|p2a: Tyranitar|Tyranitar, M|100/100
|-weather|Sandstorm|[from] ability: Sand Stream|[of] p2a: Tyranitar
|move|p1a: Thundurus|Thunder|p2a: Tyranitar
|-damage|p2a: Tyranitar|66/100
|-status|p2a: Tyranitar|par
|
|-weather|Sandstorm|[upkeep]
|-damage|p1a: Thundurus|20/100 brn|[from] Sandstorm
|-heal|p1a: Thundurus|27/100 brn|[from] item: Leftovers
|-damage|p1a: Thundurus|14/100 brn|[from] brn
|upkeep
|turn|4
|
|t:|1748430916
|move|p1a: Thundurus|Focus Blast|p2a: Tyranitar
|-supereffective|p2a: Tyranitar
|-enditem|p2a: Tyranitar|Chople Berry|[eat]
|-enditem|p2a: Tyranitar|Chople Berry|[weaken]
|-damage|p2a: Tyranitar|23/100 par
|move|p2a: Tyranitar|Stealth Rock|p1a: Thundurus
|-sidestart|p1: rstlne123|move: Stealth Rock
|
|-weather|Sandstorm|[upkeep]
|-damage|p1a: Thundurus|8/100 brn|[from] Sandstorm
|-heal|p1a: Thundurus|14/100 brn|[from] item: Leftovers
|-damage|p1a: Thundurus|2/100 brn|[from] brn
|upkeep
|turn|5
|
|t:|1748430927
|switch|p2a: Latias|Latias, F|100/100
|move|p1a: Thundurus|Hidden Power|p2a: Latias
|-supereffective|p2a: Latias
|-damage|p2a: Latias|54/100
|
|-weather|Sandstorm|[upkeep]
|-damage|p2a: Latias|48/100|[from] Sandstorm
|-damage|p1a: Thundurus|0 fnt|[from] Sandstorm
|faint|p1a: Thundurus
|upkeep
|
|t:|1748430933
|switch|p1a: Starmie|Starmie|100/100
|-damage|p1a: Starmie|88/100|[from] Stealth Rock
|-item|p1a: Starmie|Air Balloon
|turn|6
|
|t:|1748430940
|move|p1a: Starmie|Rapid Spin|p2a: Latias
|-crit|p2a: Latias
|-damage|p2a: Latias|41/100
|-damage|p1a: Starmie|72/100|[from] item: Rocky Helmet|[of] p2a: Latias
|-sideend|p1: rstlne123|Stealth Rock|[from] move: Rapid Spin|[of] p1a: Starmie
|move|p2a: Latias|Thunder Wave|p1a: Starmie
|-status|p1a: Starmie|par
|
|-weather|Sandstorm|[upkeep]
|-damage|p2a: Latias|35/100|[from] Sandstorm
|-damage|p1a: Starmie|66/100 par|[from] Sandstorm
|upkeep
|turn|7
|
|t:|1748430944
|move|p2a: Latias|Recover|p2a: Latias
|-heal|p2a: Latias|85/100
|cant|p1a: Starmie|par
|
|-weather|Sandstorm|[upkeep]
|-damage|p2a: Latias|79/100|[from] Sandstorm
|-damage|p1a: Starmie|60/100 par|[from] Sandstorm
|upkeep
|turn|8
|
|t:|1748430948
|switch|p1a: Jirachi|Jirachi|100/100
|move|p2a: Latias|Draco Meteor|p1a: Jirachi
|-resisted|p1a: Jirachi
|-damage|p1a: Jirachi|83/100
|-unboost|p2a: Latias|spa|2
|
|-weather|Sandstorm|[upkeep]
|-damage|p2a: Latias|73/100|[from] Sandstorm
|-heal|p1a: Jirachi|89/100|[from] item: Leftovers
|upkeep
|turn|9
|
|t:|1748430951
|move|p2a: Latias|Thunder Wave|p1a: Jirachi
|-status|p1a: Jirachi|par
|move|p1a: Jirachi|Stealth Rock|p2a: Latias
|-sidestart|p2: chokewayne|move: Stealth Rock
|
|-weather|Sandstorm|[upkeep]
|-damage|p2a: Latias|67/100|[from] Sandstorm
|-heal|p1a: Jirachi|96/100 par|[from] item: Leftovers
|upkeep
|turn|10
|
|t:|1748430956
|switch|p2a: Excadrill|Excadrill, F|100/100
|-damage|p2a: Excadrill|97/100|[from] Stealth Rock
|cant|p1a: Jirachi|par
|
|-weather|Sandstorm|[upkeep]
|-heal|p2a: Excadrill|100/100|[from] item: Leftovers
|-heal|p1a: Jirachi|100/100 par|[from] item: Leftovers
|upkeep
|turn|11
|
|t:|1748430967
|move|p2a: Excadrill|Substitute|p2a: Excadrill
|-start|p2a: Excadrill|Substitute
|-damage|p2a: Excadrill|76/100
|move|p1a: Jirachi|Icy Wind|p2a: Excadrill
|-activate|p2a: Excadrill|Substitute|[damage]
|
|-weather|Sandstorm|[upkeep]
|-heal|p2a: Excadrill|82/100|[from] item: Leftovers
|upkeep
|turn|12
|
|t:|1748430970
|move|p2a: Excadrill|Earthquake|p1a: Jirachi
|-supereffective|p1a: Jirachi
|-damage|p1a: Jirachi|0 fnt
|faint|p1a: Jirachi
|
|-weather|Sandstorm|[upkeep]
|-heal|p2a: Excadrill|88/100|[from] item: Leftovers
|upkeep
|
|t:|1748430973
|switch|p1a: Politoed|Politoed, M|100/100
|-weather|RainDance|[from] ability: Drizzle|[of] p1a: Politoed
|turn|13
|
|t:|1748430975
|move|p2a: Excadrill|Earthquake|p1a: Politoed
|-damage|p1a: Politoed|58/100
|move|p1a: Politoed|Scald|p2a: Excadrill
|-supereffective|p2a: Excadrill
|-end|p2a: Excadrill|Substitute
|
|-weather|RainDance|[upkeep]
|-heal|p2a: Excadrill|94/100|[from] item: Leftovers
|-heal|p1a: Politoed|65/100|[from] item: Leftovers
|upkeep
|turn|14
|
|t:|1748430979
|switch|p2a: Rotom|Rotom-Wash|100/100
|-damage|p2a: Rotom|88/100|[from] Stealth Rock
|move|p1a: Politoed|Scald|p2a: Rotom
|-resisted|p2a: Rotom
|-damage|p2a: Rotom|68/100
|
|-weather|RainDance|[upkeep]
|-heal|p2a: Rotom|74/100|[from] item: Leftovers
|-heal|p1a: Politoed|71/100|[from] item: Leftovers
|upkeep
|turn|15
|
|t:|1748430984
|move|p1a: Politoed|Protect|p1a: Politoed
|-singleturn|p1a: Politoed|Protect
|move|p2a: Rotom|Volt Switch|p1a: Politoed
|-activate|p1a: Politoed|move: Protect
|
|-weather|RainDance|[upkeep]
|-heal|p2a: Rotom|80/100|[from] item: Leftovers
|-heal|p1a: Politoed|77/100|[from] item: Leftovers
|upkeep
|turn|16
|
|t:|1748430986
|switch|p1a: Latios|Latios, M|100/100
|move|p2a: Rotom|Volt Switch|p1a: Latios
|-resisted|p1a: Latios
|-damage|p1a: Latios|87/100
|
|t:|1748430999
|switch|p2a: Latias|Latias, F|67/100|[from] Volt Switch
|-damage|p2a: Latias|55/100|[from] Stealth Rock
|
|-weather|RainDance|[upkeep]
|upkeep
|turn|17
|
|t:|1748431003
|move|p1a: Latios|Dragon Pulse|p2a: Latias
|-supereffective|p2a: Latias
|-damage|p2a: Latias|0 fnt
|faint|p2a: Latias
|
|-weather|RainDance|[upkeep]
|upkeep
|
|t:|1748431006
|switch|p2a: Excadrill|Excadrill, F|94/100
|-damage|p2a: Excadrill|91/100|[from] Stealth Rock
|turn|18
|
|t:|1748431010
|switch|p1a: Politoed|Politoed, M|77/100
|move|p2a: Excadrill|Iron Head|p1a: Politoed
|-resisted|p1a: Politoed
|-damage|p1a: Politoed|59/100
|
|-weather|RainDance|[upkeep]
|-heal|p2a: Excadrill|97/100|[from] item: Leftovers
|-heal|p1a: Politoed|65/100|[from] item: Leftovers
|upkeep
|turn|19
|
|t:|1748431015
|switch|p2a: Rotom|Rotom-Wash|80/100
|-damage|p2a: Rotom|68/100|[from] Stealth Rock
|move|p1a: Politoed|Scald|p2a: Rotom
|-resisted|p2a: Rotom
|-damage|p2a: Rotom|48/100
|-status|p2a: Rotom|brn
|
|-weather|RainDance|[upkeep]
|-heal|p2a: Rotom|54/100 brn|[from] item: Leftovers
|-heal|p1a: Politoed|71/100|[from] item: Leftovers
|-damage|p2a: Rotom|42/100 brn|[from] brn
|upkeep
|turn|20
|
|t:|1748431021
|move|p1a: Politoed|Protect|p1a: Politoed
|-singleturn|p1a: Politoed|Protect
|move|p2a: Rotom|Volt Switch|p1a: Politoed
|-activate|p1a: Politoed|move: Protect
|
|-weather|RainDance|[upkeep]
|-heal|p2a: Rotom|48/100 brn|[from] item: Leftovers
|-heal|p1a: Politoed|77/100|[from] item: Leftovers
|-damage|p2a: Rotom|36/100 brn|[from] brn
|upkeep
|turn|21
|
|t:|1748431030
|switch|p1a: Latios|Latios, M|87/100
|move|p2a: Rotom|Volt Switch|p1a: Latios
|-resisted|p1a: Latios
|-damage|p1a: Latios|74/100
|
|t:|1748431034
|switch|p2a: Alakazam|Alakazam, M|100/100|[from] Volt Switch
|
|-weather|RainDance|[upkeep]
|upkeep
|turn|22
|
|t:|1748431038
|move|p1a: Latios|Draco Meteor|p2a: Alakazam
|-enditem|p2a: Alakazam|Focus Sash
|-damage|p2a: Alakazam|1/100
|-unboost|p1a: Latios|spa|2
|move|p2a: Alakazam|Hidden Power|p1a: Latios
|-supereffective|p1a: Latios
|-damage|p1a: Latios|22/100
|
|-weather|RainDance|[upkeep]
|upkeep
|turn|23
|
|t:|1748431044
|switch|p2a: Rotom|Rotom-Wash|36/100 brn
|-damage|p2a: Rotom|24/100 brn|[from] Stealth Rock
|move|p1a: Latios|Draco Meteor|p2a: Rotom
|-damage|p2a: Rotom|0 fnt
|-unboost|p1a: Latios|spa|2
|faint|p2a: Rotom
|
|-weather|RainDance|[upkeep]
|upkeep
|
|t:|1748431046
|switch|p2a: Excadrill|Excadrill, F|97/100
|-damage|p2a: Excadrill|94/100|[from] Stealth Rock
|turn|24
|
|t:|1748431049
|switch|p1a: Politoed|Politoed, M|77/100
|move|p2a: Excadrill|Earthquake|p1a: Politoed
|-damage|p1a: Politoed|33/100
|
|-weather|RainDance|[upkeep]
|-heal|p2a: Excadrill|99/100|[from] item: Leftovers
|-heal|p1a: Politoed|39/100|[from] item: Leftovers
|upkeep
|turn|25
|
|t:|1748431053
|move|p1a: Politoed|Protect|p1a: Politoed
|-singleturn|p1a: Politoed|Protect
|move|p2a: Excadrill|Earthquake|p1a: Politoed
|-activate|p1a: Politoed|move: Protect
|
|-weather|RainDance|[upkeep]
|-heal|p2a: Excadrill|100/100|[from] item: Leftovers
|-heal|p1a: Politoed|45/100|[from] item: Leftovers
|upkeep
|turn|26
|
|t:|1748431063
|switch|p2a: Tyranitar|Tyranitar, M|23/100 par
|-damage|p2a: Tyranitar|10/100 par|[from] Stealth Rock
|-weather|Sandstorm|[from] ability: Sand Stream|[of] p2a: Tyranitar
|move|p1a: Politoed|Scald|p2a: Tyranitar
|-supereffective|p2a: Tyranitar
|-damage|p2a: Tyranitar|0 fnt
|faint|p2a: Tyranitar
|
|-weather|Sandstorm|[upkeep]
|-damage|p1a: Politoed|39/100|[from] Sandstorm
|-heal|p1a: Politoed|45/100|[from] item: Leftovers
|upkeep
|
|t:|1748431064
|switch|p2a: Alakazam|Alakazam, M|1/100
|turn|27
|
|t:|1748431067
|switch|p1a: Starmie|Starmie|60/100 par
|-item|p1a: Starmie|Air Balloon
|move|p2a: Alakazam|Psychic|p1a: Starmie
|-resisted|p1a: Starmie
|-damage|p1a: Starmie|22/100 par
|-enditem|p1a: Starmie|Air Balloon
|
|-weather|Sandstorm|[upkeep]
|-damage|p1a: Starmie|16/100 par|[from] Sandstorm
|upkeep
|turn|28
|
|t:|1748431075
|switch|p2a: Excadrill|Excadrill, F|100/100
|-damage|p2a: Excadrill|97/100|[from] Stealth Rock
|move|p1a: Starmie|Ice Beam|p2a: Excadrill
|-damage|p2a: Excadrill|53/100
|
|-weather|Sandstorm|[upkeep]
|-damage|p1a: Starmie|10/100 par|[from] Sandstorm
|-heal|p2a: Excadrill|59/100|[from] item: Leftovers
|upkeep
|turn|29
|
|t:|1748431079
|move|p2a: Excadrill|Substitute|p2a: Excadrill
|-start|p2a: Excadrill|Substitute
|-damage|p2a: Excadrill|34/100
|cant|p1a: Starmie|par
|
|-weather|Sandstorm|[upkeep]
|-damage|p1a: Starmie|4/100 par|[from] Sandstorm
|-heal|p2a: Excadrill|40/100|[from] item: Leftovers
|upkeep
|turn|30
|
|t:|1748431081
|move|p2a: Excadrill|Iron Head|p1a: Starmie
|-resisted|p1a: Starmie
|-damage|p1a: Starmie|0 fnt
|faint|p1a: Starmie
|
|-weather|Sandstorm|[upkeep]
|-heal|p2a: Excadrill|46/100|[from] item: Leftovers
|upkeep
|
|t:|1748431084
|switch|p1a: Politoed|Politoed, M|45/100
|-weather|RainDance|[from] ability: Drizzle|[of] p1a: Politoed
|turn|31
|
|t:|1748431088
|move|p2a: Excadrill|Earthquake|p1a: Politoed
|-damage|p1a: Politoed|0 fnt
|faint|p1a: Politoed
|
|-weather|RainDance|[upkeep]
|-heal|p2a: Excadrill|52/100|[from] item: Leftovers
|upkeep
|
|t:|1748431094
|switch|p1a: Keldeo|Keldeo|100/100
|turn|32
|
|t:|1748431098
|move|p2a: Excadrill|Protect|p2a: Excadrill
|-singleturn|p2a: Excadrill|Protect
|move|p1a: Keldeo|Surf|p2a: Excadrill
|-activate|p2a: Excadrill|move: Protect
|
|-weather|RainDance|[upkeep]
|-heal|p2a: Excadrill|58/100|[from] item: Leftovers
|upkeep
|turn|33
|
|t:|1748431107
|move|p1a: Keldeo|Surf|p2a: Excadrill
|-supereffective|p2a: Excadrill
|-end|p2a: Excadrill|Substitute
|move|p2a: Excadrill|Earthquake|p1a: Keldeo
|-damage|p1a: Keldeo|35/100
|
|-weather|RainDance|[upkeep]
|-heal|p2a: Excadrill|64/100|[from] item: Leftovers
|upkeep
|turn|34
|
|t:|1748431110
|move|p2a: Excadrill|Protect|p2a: Excadrill
|-singleturn|p2a: Excadrill|Protect
|move|p1a: Keldeo|Surf|p2a: Excadrill
|-activate|p2a: Excadrill|move: Protect
|
|-weather|RainDance|[upkeep]
|-heal|p2a: Excadrill|71/100|[from] item: Leftovers
|upkeep
|turn|35
|
|t:|1748431114
|move|p1a: Keldeo|Surf|p2a: Excadrill
|-supereffective|p2a: Excadrill
|-damage|p2a: Excadrill|0 fnt
|faint|p2a: Excadrill
|
|-weather|RainDance|[upkeep]
|upkeep
|
|t:|1748431115
|switch|p2a: Alakazam|Alakazam, M|1/100
|turn|36
|
|t:|1748431117
|move|p2a: Alakazam|Psychic|p1a: Keldeo
|-supereffective|p1a: Keldeo
|-damage|p1a: Keldeo|0 fnt
|faint|p1a: Keldeo
|
|-weather|RainDance|[upkeep]
|upkeep
|
|t:|1748431119
|switch|p1a: Latios|Latios, M|22/100
|turn|37
|
|t:|1748431122
|move|p1a: Latios|Surf|p2a: Alakazam
|-damage|p2a: Alakazam|0 fnt
|faint|p2a: Alakazam
|
|-weather|RainDance|[upkeep]
|upkeep
|
|t:|1748431124
|switch|p2a: Landorus|Landorus-Therian, M|100/100
|-damage|p2a: Landorus|88/100|[from] Stealth Rock
|-ability|p2a: Landorus|Intimidate|boost
|-unboost|p1a: Latios|atk|1
|turn|38
|
|t:|1748431126
|move|p1a: Latios|Surf|p2a: Landorus
|-supereffective|p2a: Landorus
|-damage|p2a: Landorus|0 fnt
|faint|p2a: Landorus
|
|win|rstlne123
|raw|rstlne123's rating: 1297 &rarr; <strong>1336</strong><br />(+39 for winning)
|raw|chokewayne's rating: 1518 &rarr; <strong>1487</strong><br />(-31 for losing)
|l|☆chokewayne
|player|p2|
