|j|☆HydreigonSpammer
|j|☆xiaowenbin
|t:|1734873304
|gametype|singles
|player|p1|HydreigonSpammer|janitor|1370
|player|p2|xiaowenbin|preschooler|1350
|teamsize|p1|6
|teamsize|p2|6
|gen|5
|tier|[Gen 5] OU
|rated|
|rule|Species Clause: Limit one of each Pokémon
|rule|OHKO Clause: OHKO moves are banned
|rule|Moody Clause: Moody is banned
|rule|Evasion Items Clause: Evasion items are banned
|rule|Evasion Moves Clause: Evasion moves are banned
|rule|Endless Battle Clause: Forcing endless battles is banned
|rule|HP Percentage Mod: HP is shown in percentages
|rule|Evasion Abilities Clause: Evasion abilities are banned
|rule|Sleep Moves Clause: Sleep-inducing moves are banned
|rule|Swagger Clause: Swagger is banned
|rule|Baton Pass Stat Clause: No Baton Passer may have a way to boost its stats
|clearpoke
|poke|p1|Bisharp, F|item
|poke|p1|Keldeo|item
|poke|p1|Garchomp, F|item
|poke|p1|Starmie|item
|poke|p1|Dragonite, M|item
|poke|p1|Thundurus-Therian, M|item
|poke|p2|Bronzong|item
|poke|p2|Rhyperior, M|item
|poke|p2|Conkeldurr, M|item
|poke|p2|Staraptor, M|item
|poke|p2|Reuniclus, M|item
|poke|p2|Slowbro, F|item
|teampreview
|inactive|Battle timer is ON: inactive players will automatically lose when time's up. (requested by HydreigonSpammer)
|inactive|xiaowenbin has 120 seconds left.
|
|t:|1734873371
|start
|switch|p1a: Garchomp|Garchomp, F|100/100
|switch|p2a: Bronzong|Bronzong|100/100
|turn|1
|
|t:|1734873385
|move|p1a: Garchomp|Swords Dance|p1a: Garchomp
|-boost|p1a: Garchomp|atk|2
|move|p2a: Bronzong|Stealth Rock|p1a: Garchomp
|-sidestart|p1: HydreigonSpammer|move: Stealth Rock
|
|upkeep
|turn|2
|
|t:|1734873394
|move|p1a: Garchomp|Stealth Rock|p2a: Bronzong
|-sidestart|p2: xiaowenbin|move: Stealth Rock
|move|p2a: Bronzong|Trick Room|p2a: Bronzong
|-fieldstart|move: Trick Room|[of] p2a: Bronzong
|
|upkeep
|turn|3
|
|t:|1734873406
|move|p2a: Bronzong|Explosion|p1a: Garchomp
|-damage|p1a: Garchomp|46/100
|faint|p2a: Bronzong
|move|p1a: Garchomp|Swords Dance|p1a: Garchomp
|-boost|p1a: Garchomp|atk|2
|
|upkeep
|
|t:|1734873413
|switch|p2a: Rhyperior|Rhyperior, M|100/100
|-damage|p2a: Rhyperior|94/100|[from] Stealth Rock
|turn|4
|
|t:|1734873420
|move|p2a: Rhyperior|Double-Edge|p1a: Garchomp
|-damage|p1a: Garchomp|0 fnt
|-damage|p2a: Rhyperior|82/100|[from] ability: Rough Skin|[of] p1a: Garchomp
|faint|p1a: Garchomp
|-damage|p2a: Rhyperior|70/100|[from] Recoil
|-damage|p2a: Rhyperior|60/100|[from] item: Life Orb
|
|upkeep
|
|t:|1734873428
|switch|p1a: Bisharp|Bisharp, F|100/100
|-damage|p1a: Bisharp|94/100|[from] Stealth Rock
|turn|5
|
|t:|1734873434
|switch|p1a: Starmie|Starmie|100/100
|-damage|p1a: Starmie|88/100|[from] Stealth Rock
|-item|p1a: Starmie|Air Balloon
|move|p2a: Rhyperior|Earthquake|p1a: Starmie
|-immune|p1a: Starmie
|
|upkeep
|turn|6
|
|t:|1734873444
|switch|p1a: Bisharp|Bisharp, F|94/100
|-damage|p1a: Bisharp|88/100|[from] Stealth Rock
|move|p2a: Rhyperior|Double-Edge|p1a: Bisharp
|-resisted|p1a: Bisharp
|-damage|p1a: Bisharp|43/100
|-damage|p2a: Rhyperior|50/100|[from] Recoil
|-damage|p2a: Rhyperior|40/100|[from] item: Life Orb
|
|-fieldend|move: Trick Room
|upkeep
|turn|7
|
|t:|1734873464
|move|p1a: Bisharp|Low Kick|p2a: Rhyperior
|-supereffective|p2a: Rhyperior
|-damage|p2a: Rhyperior|0 fnt
|faint|p2a: Rhyperior
|-damage|p1a: Bisharp|34/100|[from] item: Life Orb
|
|upkeep
|
|t:|1734873473
|switch|p2a: Conkeldurr|Conkeldurr, M|100/100
|-damage|p2a: Conkeldurr|94/100|[from] Stealth Rock
|turn|8
|
|t:|1734873478
|move|p1a: Bisharp|Swords Dance|p1a: Bisharp
|-boost|p1a: Bisharp|atk|2
|move|p2a: Conkeldurr|Drain Punch|p1a: Bisharp
|-supereffective|p1a: Bisharp
|-crit|p1a: Bisharp
|-damage|p1a: Bisharp|0 fnt
|-heal|p2a: Conkeldurr|100/100|[from] drain|[of] p1a: Bisharp
|faint|p1a: Bisharp
|
|-status|p2a: Conkeldurr|brn|[from] item: Flame Orb
|upkeep
|
|t:|1734873486
|switch|p1a: Starmie|Starmie|88/100
|-damage|p1a: Starmie|76/100|[from] Stealth Rock
|-item|p1a: Starmie|Air Balloon
|turn|9
|
|t:|1734873493
|switch|p2a: Slowbro|Slowbro, F|100/100
|-damage|p2a: Slowbro|88/100|[from] Stealth Rock
|move|p1a: Starmie|Psychic|p2a: Slowbro
|-resisted|p2a: Slowbro
|-damage|p2a: Slowbro|62/100
|-unboost|p2a: Slowbro|spd|1
|
|upkeep
|turn|10
|
|t:|1734873498
|move|p1a: Starmie|Thunderbolt|p2a: Slowbro
|-supereffective|p2a: Slowbro
|-damage|p2a: Slowbro|0 fnt
|faint|p2a: Slowbro
|
|upkeep
|
|t:|1734873505
|switch|p2a: Staraptor|Staraptor, M|100/100
|-damage|p2a: Staraptor|75/100|[from] Stealth Rock
|turn|11
|inactive|HydreigonSpammer has 120 seconds left.
|
|t:|1734873547
|switch|p1a: Thundurus|Thundurus-Therian, M|100/100
|-damage|p1a: Thundurus|76/100|[from] Stealth Rock
|move|p2a: Staraptor|Brave Bird|p1a: Thundurus
|-resisted|p1a: Thundurus
|-damage|p1a: Thundurus|19/100
|-damage|p2a: Staraptor|57/100|[from] Recoil
|
|upkeep
|turn|12
|
|t:|1734873551
|move|p2a: Staraptor|Brave Bird|p1a: Thundurus
|-resisted|p1a: Thundurus
|-damage|p1a: Thundurus|0 fnt
|faint|p1a: Thundurus
|-damage|p2a: Staraptor|51/100|[from] Recoil
|
|upkeep
|
|t:|1734873555
|switch|p1a: Keldeo|Keldeo|100/100
|-damage|p1a: Keldeo|94/100|[from] Stealth Rock
|turn|13
|
|t:|1734873558
|move|p1a: Keldeo|Scald|p2a: Staraptor
|-damage|p2a: Staraptor|0 fnt
|faint|p2a: Staraptor
|
|upkeep
|
|t:|1734873569
|switch|p2a: Conkeldurr|Conkeldurr, M|100/100 brn
|-damage|p2a: Conkeldurr|94/100 brn|[from] Stealth Rock
|turn|14
|
|t:|1734873586
|move|p1a: Keldeo|Scald|p2a: Conkeldurr
|-damage|p2a: Conkeldurr|47/100 brn
|move|p2a: Conkeldurr|Drain Punch|p1a: Keldeo
|-damage|p1a: Keldeo|22/100
|-heal|p2a: Conkeldurr|75/100 brn|[from] drain|[of] p1a: Keldeo
|
|-damage|p2a: Conkeldurr|63/100 brn|[from] brn
|upkeep
|turn|15
|
|t:|1734873592
|move|p2a: Conkeldurr|Mach Punch|p1a: Keldeo
|-damage|p1a: Keldeo|0 fnt
|faint|p1a: Keldeo
|
|-damage|p2a: Conkeldurr|50/100 brn|[from] brn
|upkeep
|
|t:|1734873594
|switch|p1a: Starmie|Starmie|76/100
|-damage|p1a: Starmie|64/100|[from] Stealth Rock
|-item|p1a: Starmie|Air Balloon
|turn|16
|
|t:|1734873603
|move|p2a: Conkeldurr|Mach Punch|p1a: Starmie
|-resisted|p1a: Starmie
|-damage|p1a: Starmie|36/100
|-enditem|p1a: Starmie|Air Balloon
|move|p1a: Starmie|Psychic|p2a: Conkeldurr
|-supereffective|p2a: Conkeldurr
|-damage|p2a: Conkeldurr|0 fnt
|faint|p2a: Conkeldurr
|
|upkeep
|
|t:|1734873606
|switch|p2a: Reuniclus|Reuniclus, M|100/100
|turn|17
|
|t:|1734873610
|move|p1a: Starmie|Rapid Spin|p2a: Reuniclus
|-damage|p2a: Reuniclus|98/100
|-sideend|p1: HydreigonSpammer|Stealth Rock|[from] move: Rapid Spin|[of] p1a: Starmie
|move|p2a: Reuniclus|Trick Room|p2a: Reuniclus
|-fieldstart|move: Trick Room|[of] p2a: Reuniclus
|
|upkeep
|turn|18
|
|t:|1734873616
|move|p2a: Reuniclus|Shadow Ball|p1a: Starmie
|-supereffective|p1a: Starmie
|-damage|p1a: Starmie|0 fnt
|faint|p1a: Starmie
|
|upkeep
|
|t:|1734873619
|switch|p1a: Dragonite|Dragonite, M|100/100
|turn|19
|
|t:|1734873632
|move|p2a: Reuniclus|Psyshock|p1a: Dragonite
|-damage|p1a: Dragonite|69/100
|move|p1a: Dragonite|Outrage|p2a: Reuniclus
|-damage|p2a: Reuniclus|32/100
|
|upkeep
|turn|20
|
|t:|1734873638
|move|p2a: Reuniclus|Psyshock|p1a: Dragonite
|-damage|p1a: Dragonite|3/100
|move|p1a: Dragonite|Outrage|p2a: Reuniclus|[from]lockedmove
|-damage|p2a: Reuniclus|0 fnt
|faint|p2a: Reuniclus
|-start|p1a: Dragonite|confusion|[fatigue]
|
|win|HydreigonSpammer
|raw|HydreigonSpammer's rating: 1370 &rarr; <strong>1389</strong><br />(+19 for winning)
|raw|xiaowenbin's rating: 1350 &rarr; <strong>1331</strong><br />(-19 for losing)
