|j|☆STATS Xavi
|j|☆blackkaiser
|player|p1|STATS Xavi|backpacker|1312
|player|p2|blackkaiser|169|1447
|teamsize|p1|6
|teamsize|p2|6
|gametype|singles
|gen|5
|tier|[Gen 5] OU
|rated|
|rule|Sleep Clause Mod: Limit one foe put to sleep
|rule|Species Clause: Limit one of each Pokémon
|rule|OHKO Clause: OHKO moves are banned
|rule|Moody Clause: Moody is banned
|rule|Evasion Moves Clause: Evasion moves are banned
|rule|Endless Battle Clause: Forcing endless battles is banned
|rule|HP Percentage Mod: HP is shown in percentages
|rule|Evasion Abilities Clause: Evasion abilities are banned
|rule|Baton Pass Clause: Limit one Baton Passer, can't pass Spe and other stats simultaneously
|rule|Swagger Clause: Swagger is banned
|clearpoke
|poke|p1|Hippowdon, F|item
|poke|p1|Gastrodon-East, F|item
|poke|p1|Skarmory, M|item
|poke|p1|Excadrill, F|item
|poke|p1|Jirachi|item
|poke|p1|Sigilyph, M|item
|poke|p2|Hippowdon, F|item
|poke|p2|Ferrothorn, F|item
|poke|p2|Jellicent, F|item
|poke|p2|Latios, M|item
|poke|p2|Garchomp, M|item
|poke|p2|Scizor, M|item
|teampreview
|inactive|Battle timer is ON: inactive players will automatically lose when time's up. (requested by blackkaiser)
|
|start
|switch|p1a: Hattori el ninja|Hippowdon, F|100/100
|switch|p2a: Hippowdon|Hippowdon, F|100/100
|-weather|Sandstorm|[from] ability: Sand Stream|[of] p2a: Hippowdon
|turn|1
|
|move|p2a: Hippowdon|Stealth Rock|p1a: Hattori el ninja
|-sidestart|p1: STATS Xavi|move: Stealth Rock
|move|p1a: Hattori el ninja|Stealth Rock|p2a: Hippowdon
|-sidestart|p2: blackkaiser|move: Stealth Rock
|
|-weather|Sandstorm|[upkeep]
|upkeep
|turn|2
|
|switch|p2a: Ferrothorn|Ferrothorn, F|100/100
|-damage|p2a: Ferrothorn|95/100|[from] Stealth Rock
|switch|p1a: Headnown|Sigilyph, M|100/100
|
|-weather|Sandstorm|[upkeep]
|-status|p1a: Headnown|brn|[from] item: Flame Orb
|upkeep
|turn|3
|
|move|p1a: Headnown|Cosmic Power|p1a: Headnown
|-boost|p1a: Headnown|def|1
|-boost|p1a: Headnown|spd|1
|move|p2a: Ferrothorn|Spikes|p1a: Headnown
|-sidestart|p1: STATS Xavi|Spikes
|
|-weather|Sandstorm|[upkeep]
|upkeep
|turn|4
|
|switch|p2a: Hippowdon|Hippowdon, F|100/100
|-damage|p2a: Hippowdon|94/100|[from] Stealth Rock
|move|p1a: Headnown|Cosmic Power|p1a: Headnown
|-boost|p1a: Headnown|def|1
|-boost|p1a: Headnown|spd|1
|
|-weather|Sandstorm|[upkeep]
|-heal|p2a: Hippowdon|100/100|[from] item: Leftovers
|upkeep
|turn|5
|
|move|p1a: Headnown|Psycho Shift|p2a: Hippowdon
|-status|p2a: Hippowdon|brn
|-curestatus|p1a: Headnown|brn|[msg]
|move|p2a: Hippowdon|Roar|p1a: Headnown
|drag|p1a: Mafrén|Excadrill, F|100/100
|-damage|p1a: Mafrén|88/100|[from] Spikes
|-damage|p1a: Mafrén|85/100|[from] Stealth Rock
|
|-weather|Sandstorm|[upkeep]
|-damage|p2a: Hippowdon|88/100 brn|[from] brn
|upkeep
|turn|6
|
|switch|p1a: Piupiu|Skarmory, M|100/100
|-damage|p1a: Piupiu|88/100|[from] Stealth Rock
|switch|p2a: Jellicent|Jellicent, F|100/100
|-damage|p2a: Jellicent|88/100|[from] Stealth Rock
|
|-weather|Sandstorm|[upkeep]
|-damage|p2a: Jellicent|82/100|[from] Sandstorm
|-heal|p2a: Jellicent|88/100|[from] item: Leftovers
|upkeep
|turn|7
|inactive|blackkaiser has 120 seconds left.
|
|move|p1a: Piupiu|Spikes|p2a: Jellicent
|-sidestart|p2: blackkaiser|Spikes
|move|p2a: Jellicent|Will-O-Wisp|p1a: Piupiu
|-status|p1a: Piupiu|brn
|
|-weather|Sandstorm|[upkeep]
|-damage|p2a: Jellicent|82/100|[from] Sandstorm
|-heal|p2a: Jellicent|88/100|[from] item: Leftovers
|-damage|p1a: Piupiu|76/100 brn|[from] brn
|upkeep
|turn|8
|
|switch|p2a: Ferrothorn|Ferrothorn, F|95/100
|-damage|p2a: Ferrothorn|82/100|[from] Spikes
|-damage|p2a: Ferrothorn|76/100|[from] Stealth Rock
|move|p1a: Piupiu|Spikes|p2a: Ferrothorn
|-sidestart|p2: blackkaiser|Spikes
|
|-weather|Sandstorm|[upkeep]
|-damage|p1a: Piupiu|64/100 brn|[from] brn
|upkeep
|turn|9
|
|move|p1a: Piupiu|Spikes|p2a: Ferrothorn
|-sidestart|p2: blackkaiser|Spikes
|move|p2a: Ferrothorn|Spikes|p1a: Piupiu
|-sidestart|p1: STATS Xavi|Spikes
|
|-weather|Sandstorm|[upkeep]
|-damage|p1a: Piupiu|52/100 brn|[from] brn
|upkeep
|turn|10
|
|switch|p1a: Mafrén|Excadrill, F|85/100
|-damage|p1a: Mafrén|82/100|[from] Stealth Rock
|-damage|p1a: Mafrén|65/100|[from] Spikes
|move|p2a: Ferrothorn|Spikes|p1a: Mafrén
|-sidestart|p1: STATS Xavi|Spikes
|
|-weather|Sandstorm|[upkeep]
|upkeep
|turn|11
|
|switch|p2a: Jellicent|Jellicent, F|88/100
|-damage|p2a: Jellicent|63/100|[from] Spikes
|-damage|p2a: Jellicent|51/100|[from] Stealth Rock
|move|p1a: Mafrén|Rapid Spin|p2a: Jellicent
|-immune|p2a: Jellicent
|
|-weather|Sandstorm|[upkeep]
|-damage|p2a: Jellicent|45/100|[from] Sandstorm
|-heal|p2a: Jellicent|51/100|[from] item: Leftovers
|upkeep
|turn|12
|
|switch|p1a: Amu Pinguilí|Gastrodon-East, F|100/100
|-damage|p1a: Amu Pinguilí|94/100|[from] Stealth Rock
|-damage|p1a: Amu Pinguilí|70/100|[from] Spikes
|move|p2a: Jellicent|Scald|p1a: Amu Pinguilí
|-ability|p1a: Amu Pinguilí|Storm Drain|boost
|-boost|p1a: Amu Pinguilí|spa|1
|
|-weather|Sandstorm|[upkeep]
|-damage|p2a: Jellicent|45/100|[from] Sandstorm
|-heal|p2a: Jellicent|51/100|[from] item: Leftovers
|-heal|p1a: Amu Pinguilí|76/100|[from] item: Leftovers
|upkeep
|turn|13
|
|move|p2a: Jellicent|Recover|p2a: Jellicent
|-heal|p2a: Jellicent|100/100
|move|p1a: Amu Pinguilí|Earth Power|p2a: Jellicent
|-damage|p2a: Jellicent|73/100
|
|-weather|Sandstorm|[upkeep]
|-damage|p2a: Jellicent|67/100|[from] Sandstorm
|-heal|p2a: Jellicent|73/100|[from] item: Leftovers
|-heal|p1a: Amu Pinguilí|82/100|[from] item: Leftovers
|upkeep
|turn|14
|
|move|p2a: Jellicent|Will-O-Wisp|p1a: Amu Pinguilí
|-status|p1a: Amu Pinguilí|brn
|move|p1a: Amu Pinguilí|Hidden Power|p2a: Jellicent
|-supereffective|p2a: Jellicent
|-damage|p2a: Jellicent|48/100
|
|-weather|Sandstorm|[upkeep]
|-damage|p2a: Jellicent|42/100|[from] Sandstorm
|-heal|p2a: Jellicent|48/100|[from] item: Leftovers
|-heal|p1a: Amu Pinguilí|88/100 brn|[from] item: Leftovers
|-damage|p1a: Amu Pinguilí|75/100 brn|[from] brn
|upkeep
|turn|15
|
|move|p2a: Jellicent|Recover|p2a: Jellicent
|-heal|p2a: Jellicent|99/100
|move|p1a: Amu Pinguilí|Recover|p1a: Amu Pinguilí
|-heal|p1a: Amu Pinguilí|100/100 brn
|
|-weather|Sandstorm|[upkeep]
|-damage|p2a: Jellicent|92/100|[from] Sandstorm
|-heal|p2a: Jellicent|99/100|[from] item: Leftovers
|-damage|p1a: Amu Pinguilí|88/100 brn|[from] brn
|upkeep
|turn|16
|
|move|p2a: Jellicent|Shadow Ball|p1a: Amu Pinguilí
|-damage|p1a: Amu Pinguilí|72/100 brn
|move|p1a: Amu Pinguilí|Earth Power|p2a: Jellicent
|-damage|p2a: Jellicent|71/100
|
|-weather|Sandstorm|[upkeep]
|-damage|p2a: Jellicent|65/100|[from] Sandstorm
|-heal|p2a: Jellicent|71/100|[from] item: Leftovers
|-heal|p1a: Amu Pinguilí|78/100 brn|[from] item: Leftovers
|-damage|p1a: Amu Pinguilí|65/100 brn|[from] brn
|upkeep
|turn|17
|
|move|p2a: Jellicent|Shadow Ball|p1a: Amu Pinguilí
|-damage|p1a: Amu Pinguilí|48/100 brn
|-unboost|p1a: Amu Pinguilí|spd|1
|move|p1a: Amu Pinguilí|Earth Power|p2a: Jellicent
|-damage|p2a: Jellicent|47/100
|
|-weather|Sandstorm|[upkeep]
|-damage|p2a: Jellicent|41/100|[from] Sandstorm
|-heal|p2a: Jellicent|47/100|[from] item: Leftovers
|-heal|p1a: Amu Pinguilí|54/100 brn|[from] item: Leftovers
|-damage|p1a: Amu Pinguilí|42/100 brn|[from] brn
|upkeep
|turn|18
|
|move|p2a: Jellicent|Recover|p2a: Jellicent
|-heal|p2a: Jellicent|97/100
|move|p1a: Amu Pinguilí|Recover|p1a: Amu Pinguilí
|-heal|p1a: Amu Pinguilí|92/100 brn
|
|-weather|Sandstorm|[upkeep]
|-damage|p2a: Jellicent|91/100|[from] Sandstorm
|-heal|p2a: Jellicent|97/100|[from] item: Leftovers
|-heal|p1a: Amu Pinguilí|98/100 brn|[from] item: Leftovers
|-damage|p1a: Amu Pinguilí|85/100 brn|[from] brn
|upkeep
|turn|19
|
|move|p2a: Jellicent|Shadow Ball|p1a: Amu Pinguilí
|-damage|p1a: Amu Pinguilí|60/100 brn
|move|p1a: Amu Pinguilí|Earth Power|p2a: Jellicent
|-damage|p2a: Jellicent|71/100
|
|-weather|Sandstorm|[upkeep]
|-damage|p2a: Jellicent|65/100|[from] Sandstorm
|-heal|p2a: Jellicent|71/100|[from] item: Leftovers
|-heal|p1a: Amu Pinguilí|66/100 brn|[from] item: Leftovers
|-damage|p1a: Amu Pinguilí|54/100 brn|[from] brn
|upkeep
|turn|20
|
|move|p2a: Jellicent|Shadow Ball|p1a: Amu Pinguilí
|-damage|p1a: Amu Pinguilí|27/100 brn
|move|p1a: Amu Pinguilí|Recover|p1a: Amu Pinguilí
|-heal|p1a: Amu Pinguilí|77/100 brn
|
|-weather|Sandstorm|[upkeep]
|-damage|p2a: Jellicent|65/100|[from] Sandstorm
|-heal|p2a: Jellicent|71/100|[from] item: Leftovers
|-heal|p1a: Amu Pinguilí|83/100 brn|[from] item: Leftovers
|-damage|p1a: Amu Pinguilí|70/100 brn|[from] brn
|upkeep
|turn|21
|
|move|p2a: Jellicent|Shadow Ball|p1a: Amu Pinguilí
|-damage|p1a: Amu Pinguilí|44/100 brn
|move|p1a: Amu Pinguilí|Earth Power|p2a: Jellicent
|-damage|p2a: Jellicent|48/100
|
|-weather|Sandstorm|[upkeep]
|-damage|p2a: Jellicent|41/100|[from] Sandstorm
|-heal|p2a: Jellicent|48/100|[from] item: Leftovers
|-heal|p1a: Amu Pinguilí|50/100 brn|[from] item: Leftovers
|-damage|p1a: Amu Pinguilí|37/100 brn|[from] brn
|upkeep
|turn|22
|
|move|p2a: Jellicent|Shadow Ball|p1a: Amu Pinguilí
|-damage|p1a: Amu Pinguilí|13/100 brn
|move|p1a: Amu Pinguilí|Recover|p1a: Amu Pinguilí
|-heal|p1a: Amu Pinguilí|63/100 brn
|
|-weather|Sandstorm|[upkeep]
|-damage|p2a: Jellicent|41/100|[from] Sandstorm
|-heal|p2a: Jellicent|48/100|[from] item: Leftovers
|-heal|p1a: Amu Pinguilí|69/100 brn|[from] item: Leftovers
|-damage|p1a: Amu Pinguilí|56/100 brn|[from] brn
|upkeep
|turn|23
|
|move|p2a: Jellicent|Recover|p2a: Jellicent
|-heal|p2a: Jellicent|98/100
|move|p1a: Amu Pinguilí|Earth Power|p2a: Jellicent
|-damage|p2a: Jellicent|72/100
|
|-weather|Sandstorm|[upkeep]
|-damage|p2a: Jellicent|66/100|[from] Sandstorm
|-heal|p2a: Jellicent|72/100|[from] item: Leftovers
|-heal|p1a: Amu Pinguilí|62/100 brn|[from] item: Leftovers
|-damage|p1a: Amu Pinguilí|50/100 brn|[from] brn
|upkeep
|turn|24
|
|move|p2a: Jellicent|Shadow Ball|p1a: Amu Pinguilí
|-damage|p1a: Amu Pinguilí|23/100 brn
|move|p1a: Amu Pinguilí|Recover|p1a: Amu Pinguilí
|-heal|p1a: Amu Pinguilí|73/100 brn
|
|-weather|Sandstorm|[upkeep]
|-damage|p2a: Jellicent|66/100|[from] Sandstorm
|-heal|p2a: Jellicent|72/100|[from] item: Leftovers
|-heal|p1a: Amu Pinguilí|79/100 brn|[from] item: Leftovers
|-damage|p1a: Amu Pinguilí|67/100 brn|[from] brn
|upkeep
|turn|25
|
|move|p2a: Jellicent|Shadow Ball|p1a: Amu Pinguilí
|-damage|p1a: Amu Pinguilí|39/100 brn
|move|p1a: Amu Pinguilí|Earth Power|p2a: Jellicent
|-damage|p2a: Jellicent|46/100
|-unboost|p2a: Jellicent|spd|1
|
|-weather|Sandstorm|[upkeep]
|-damage|p2a: Jellicent|40/100|[from] Sandstorm
|-heal|p2a: Jellicent|46/100|[from] item: Leftovers
|-heal|p1a: Amu Pinguilí|45/100 brn|[from] item: Leftovers
|-damage|p1a: Amu Pinguilí|33/100 brn|[from] brn
|upkeep
|turn|26
|
|move|p2a: Jellicent|Recover|p2a: Jellicent
|-heal|p2a: Jellicent|97/100
|move|p1a: Amu Pinguilí|Recover|p1a: Amu Pinguilí
|-heal|p1a: Amu Pinguilí|83/100 brn
|
|-weather|Sandstorm|[upkeep]
|-damage|p2a: Jellicent|90/100|[from] Sandstorm
|-heal|p2a: Jellicent|97/100|[from] item: Leftovers
|-heal|p1a: Amu Pinguilí|89/100 brn|[from] item: Leftovers
|-damage|p1a: Amu Pinguilí|77/100 brn|[from] brn
|upkeep
|turn|27
|
|move|p2a: Jellicent|Shadow Ball|p1a: Amu Pinguilí
|-damage|p1a: Amu Pinguilí|52/100 brn
|move|p1a: Amu Pinguilí|Recover|p1a: Amu Pinguilí
|-heal|p1a: Amu Pinguilí|100/100 brn
|
|-weather|Sandstorm|[upkeep]
|-damage|p2a: Jellicent|90/100|[from] Sandstorm
|-heal|p2a: Jellicent|97/100|[from] item: Leftovers
|-damage|p1a: Amu Pinguilí|88/100 brn|[from] brn
|upkeep
|turn|28
|
|switch|p2a: Latios|Latios, M, shiny|100/100
|-damage|p2a: Latios|88/100|[from] Stealth Rock
|move|p1a: Amu Pinguilí|Earth Power|p2a: Latios
|-immune|p2a: Latios|[from] ability: Levitate
|
|-weather|Sandstorm|[upkeep]
|-damage|p2a: Latios|82/100|[from] Sandstorm
|-heal|p1a: Amu Pinguilí|94/100 brn|[from] item: Leftovers
|-damage|p1a: Amu Pinguilí|82/100 brn|[from] brn
|upkeep
|turn|29
|
|switch|p1a: W¡sh & K'3D Shop|Jirachi|100/100
|-damage|p1a: W¡sh & K'3D Shop|94/100|[from] Stealth Rock
|-damage|p1a: W¡sh & K'3D Shop|69/100|[from] Spikes
|move|p2a: Latios|Draco Meteor|p1a: W¡sh & K'3D Shop
|-resisted|p1a: W¡sh & K'3D Shop
|-damage|p1a: W¡sh & K'3D Shop|37/100
|-unboost|p2a: Latios|spa|2
|
|-weather|Sandstorm|[upkeep]
|-damage|p2a: Latios|76/100|[from] Sandstorm
|-heal|p1a: W¡sh & K'3D Shop|44/100|[from] item: Leftovers
|upkeep
|turn|30
|
|switch|p2a: Hippowdon|Hippowdon, F|88/100 brn
|-damage|p2a: Hippowdon|63/100 brn|[from] Spikes
|-damage|p2a: Hippowdon|57/100 brn|[from] Stealth Rock
|move|p1a: W¡sh & K'3D Shop|Wish|p1a: W¡sh & K'3D Shop
|
|-weather|Sandstorm|[upkeep]
|-heal|p1a: W¡sh & K'3D Shop|50/100|[from] item: Leftovers
|-heal|p2a: Hippowdon|63/100 brn|[from] item: Leftovers
|-damage|p2a: Hippowdon|51/100 brn|[from] brn
|upkeep
|turn|31
|
|move|p1a: W¡sh & K'3D Shop|Protect|p1a: W¡sh & K'3D Shop
|-singleturn|p1a: W¡sh & K'3D Shop|Protect
|move|p2a: Hippowdon|Slack Off|p2a: Hippowdon
|-heal|p2a: Hippowdon|100/100 brn
|
|-weather|Sandstorm|[upkeep]
|-heal|p1a: W¡sh & K'3D Shop|99/100|[from] move: Wish|[wisher] W¡sh & K'3D Shop
|-heal|p1a: W¡sh & K'3D Shop|100/100|[from] item: Leftovers
|-damage|p2a: Hippowdon|88/100 brn|[from] brn
|upkeep
|turn|32
|
|switch|p1a: Headnown|Sigilyph, M|100/100
|move|p2a: Hippowdon|Roar|p1a: Headnown
|drag|p1a: Hattori el ninja|Hippowdon, F|100/100
|-damage|p1a: Hattori el ninja|75/100|[from] Spikes
|-damage|p1a: Hattori el ninja|69/100|[from] Stealth Rock
|
|-weather|Sandstorm|[upkeep]
|-heal|p2a: Hippowdon|94/100 brn|[from] item: Leftovers
|-heal|p1a: Hattori el ninja|75/100|[from] item: Leftovers
|-damage|p2a: Hippowdon|82/100 brn|[from] brn
|upkeep
|turn|33
|
|move|p2a: Hippowdon|Roar|p1a: Hattori el ninja
|drag|p1a: Headnown|Sigilyph, M|100/100
|
|-weather|Sandstorm|[upkeep]
|-heal|p2a: Hippowdon|88/100 brn|[from] item: Leftovers
|-damage|p2a: Hippowdon|76/100 brn|[from] brn
|-status|p1a: Headnown|brn|[from] item: Flame Orb
|upkeep
|turn|34
|
|move|p1a: Headnown|Stored Power|p2a: Hippowdon
|-damage|p2a: Hippowdon|69/100 brn
|move|p2a: Hippowdon|Slack Off|p2a: Hippowdon
|-heal|p2a: Hippowdon|100/100 brn
|
|-weather|Sandstorm|[upkeep]
|-damage|p2a: Hippowdon|88/100 brn|[from] brn
|upkeep
|turn|35
|
|move|p1a: Headnown|Cosmic Power|p1a: Headnown
|-boost|p1a: Headnown|def|1
|-boost|p1a: Headnown|spd|1
|move|p2a: Hippowdon|Roar|p1a: Headnown
|drag|p1a: Piupiu|Skarmory, M|52/100 brn
|-damage|p1a: Piupiu|39/100 brn|[from] Stealth Rock
|
|-weather|Sandstorm|[upkeep]
|-heal|p2a: Hippowdon|94/100 brn|[from] item: Leftovers
|-damage|p1a: Piupiu|27/100 brn|[from] brn
|-damage|p2a: Hippowdon|82/100 brn|[from] brn
|upkeep
|turn|36
|
|switch|p2a: Ferrothorn|Ferrothorn, F|76/100
|-damage|p2a: Ferrothorn|51/100|[from] Spikes
|-damage|p2a: Ferrothorn|46/100|[from] Stealth Rock
|move|p1a: Piupiu|Roost|p1a: Piupiu
|-heal|p1a: Piupiu|77/100 brn
|-singleturn|p1a: Piupiu|move: Roost
|
|-weather|Sandstorm|[upkeep]
|-damage|p1a: Piupiu|65/100 brn|[from] brn
|upkeep
|turn|37
|
|move|p2a: Ferrothorn|Leech Seed|p1a: Piupiu
|-start|p1a: Piupiu|move: Leech Seed
|move|p1a: Piupiu|Whirlwind|p2a: Ferrothorn
|drag|p2a: Jellicent|Jellicent, F|97/100
|-damage|p2a: Jellicent|84/100|[from] Stealth Rock
|-damage|p2a: Jellicent|59/100|[from] Spikes
|
|-weather|Sandstorm|[upkeep]
|-damage|p2a: Jellicent|53/100|[from] Sandstorm
|-heal|p2a: Jellicent|59/100|[from] item: Leftovers
|-damage|p1a: Piupiu|53/100 brn|[from] Leech Seed|[of] p2a: Jellicent
|-heal|p2a: Jellicent|69/100|[silent]
|-damage|p1a: Piupiu|41/100 brn|[from] brn
|upkeep
|turn|38
|
|move|p1a: Piupiu|Roost|p1a: Piupiu
|-heal|p1a: Piupiu|91/100 brn
|-singleturn|p1a: Piupiu|move: Roost
|move|p2a: Jellicent|Recover|p2a: Jellicent
|-heal|p2a: Jellicent|100/100
|
|-weather|Sandstorm|[upkeep]
|-damage|p2a: Jellicent|94/100|[from] Sandstorm
|-heal|p2a: Jellicent|100/100|[from] item: Leftovers
|-damage|p1a: Piupiu|78/100 brn|[from] Leech Seed|[of] p2a: Jellicent
|-damage|p1a: Piupiu|66/100 brn|[from] brn
|upkeep
|turn|39
|
|switch|p1a: Amu Pinguilí|Gastrodon-East, F|82/100 brn
|-damage|p1a: Amu Pinguilí|76/100 brn|[from] Stealth Rock
|-damage|p1a: Amu Pinguilí|51/100 brn|[from] Spikes
|move|p2a: Jellicent|Scald|p1a: Amu Pinguilí
|-ability|p1a: Amu Pinguilí|Storm Drain|boost
|-boost|p1a: Amu Pinguilí|spa|1
|
|-weather|Sandstorm|[upkeep]
|-damage|p2a: Jellicent|94/100|[from] Sandstorm
|-heal|p2a: Jellicent|100/100|[from] item: Leftovers
|-heal|p1a: Amu Pinguilí|57/100 brn|[from] item: Leftovers
|-damage|p1a: Amu Pinguilí|44/100 brn|[from] brn
|upkeep
|turn|40
|
|move|p2a: Jellicent|Shadow Ball|p1a: Amu Pinguilí
|-damage|p1a: Amu Pinguilí|27/100 brn
|move|p1a: Amu Pinguilí|Recover|p1a: Amu Pinguilí
|-heal|p1a: Amu Pinguilí|77/100 brn
|
|-weather|Sandstorm|[upkeep]
|-damage|p2a: Jellicent|94/100|[from] Sandstorm
|-heal|p2a: Jellicent|100/100|[from] item: Leftovers
|-heal|p1a: Amu Pinguilí|83/100 brn|[from] item: Leftovers
|-damage|p1a: Amu Pinguilí|71/100 brn|[from] brn
|upkeep
|turn|41
|
|move|p2a: Jellicent|Shadow Ball|p1a: Amu Pinguilí
|-damage|p1a: Amu Pinguilí|53/100 brn
|move|p1a: Amu Pinguilí|Earth Power|p2a: Jellicent
|-damage|p2a: Jellicent|75/100
|
|-weather|Sandstorm|[upkeep]
|-damage|p2a: Jellicent|69/100|[from] Sandstorm
|-heal|p2a: Jellicent|75/100|[from] item: Leftovers
|-heal|p1a: Amu Pinguilí|59/100 brn|[from] item: Leftovers
|-damage|p1a: Amu Pinguilí|47/100 brn|[from] brn
|upkeep
|turn|42
|
|move|p2a: Jellicent|Shadow Ball|p1a: Amu Pinguilí
|-damage|p1a: Amu Pinguilí|31/100 brn
|move|p1a: Amu Pinguilí|Earth Power|p2a: Jellicent
|-damage|p2a: Jellicent|48/100
|
|-weather|Sandstorm|[upkeep]
|-damage|p2a: Jellicent|42/100|[from] Sandstorm
|-heal|p2a: Jellicent|48/100|[from] item: Leftovers
|-heal|p1a: Amu Pinguilí|37/100 brn|[from] item: Leftovers
|-damage|p1a: Amu Pinguilí|24/100 brn|[from] brn
|upkeep
|turn|43
|
|move|p2a: Jellicent|Shadow Ball|p1a: Amu Pinguilí
|-damage|p1a: Amu Pinguilí|6/100 brn
|move|p1a: Amu Pinguilí|Recover|p1a: Amu Pinguilí
|-heal|p1a: Amu Pinguilí|56/100 brn
|
|-weather|Sandstorm|[upkeep]
|-damage|p2a: Jellicent|42/100|[from] Sandstorm
|-heal|p2a: Jellicent|48/100|[from] item: Leftovers
|-heal|p1a: Amu Pinguilí|62/100 brn|[from] item: Leftovers
|-damage|p1a: Amu Pinguilí|50/100 brn|[from] brn
|upkeep
|turn|44
|
|move|p2a: Jellicent|Recover|p2a: Jellicent
|-heal|p2a: Jellicent|98/100
|move|p1a: Amu Pinguilí|Recover|p1a: Amu Pinguilí
|-heal|p1a: Amu Pinguilí|99/100 brn
|
|-weather|Sandstorm|[upkeep]
|-damage|p2a: Jellicent|92/100|[from] Sandstorm
|-heal|p2a: Jellicent|98/100|[from] item: Leftovers
|-heal|p1a: Amu Pinguilí|100/100 brn|[from] item: Leftovers
|-damage|p1a: Amu Pinguilí|88/100 brn|[from] brn
|upkeep
|turn|45
|
|move|p2a: Jellicent|Shadow Ball|p1a: Amu Pinguilí
|-crit|p1a: Amu Pinguilí
|-damage|p1a: Amu Pinguilí|52/100 brn
|move|p1a: Amu Pinguilí|Earth Power|p2a: Jellicent
|-damage|p2a: Jellicent|74/100
|
|-weather|Sandstorm|[upkeep]
|-damage|p2a: Jellicent|67/100|[from] Sandstorm
|-heal|p2a: Jellicent|74/100|[from] item: Leftovers
|-heal|p1a: Amu Pinguilí|58/100 brn|[from] item: Leftovers
|-damage|p1a: Amu Pinguilí|46/100 brn|[from] brn
|upkeep
|turn|46
|
|move|p2a: Jellicent|Shadow Ball|p1a: Amu Pinguilí
|-damage|p1a: Amu Pinguilí|28/100 brn
|-unboost|p1a: Amu Pinguilí|spd|1
|move|p1a: Amu Pinguilí|Recover|p1a: Amu Pinguilí
|-heal|p1a: Amu Pinguilí|78/100 brn
|
|-weather|Sandstorm|[upkeep]
|-damage|p2a: Jellicent|67/100|[from] Sandstorm
|-heal|p2a: Jellicent|74/100|[from] item: Leftovers
|-heal|p1a: Amu Pinguilí|84/100 brn|[from] item: Leftovers
|-damage|p1a: Amu Pinguilí|71/100 brn|[from] brn
|upkeep
|turn|47
|
|switch|p1a: W¡sh & K'3D Shop|Jirachi|100/100
|-damage|p1a: W¡sh & K'3D Shop|75/100|[from] Spikes
|-damage|p1a: W¡sh & K'3D Shop|69/100|[from] Stealth Rock
|move|p2a: Jellicent|Shadow Ball|p1a: W¡sh & K'3D Shop
|-damage|p1a: W¡sh & K'3D Shop|54/100
|
|-weather|Sandstorm|[upkeep]
|-damage|p2a: Jellicent|67/100|[from] Sandstorm
|-heal|p1a: W¡sh & K'3D Shop|60/100|[from] item: Leftovers
|-heal|p2a: Jellicent|74/100|[from] item: Leftovers
|upkeep
|turn|48
|
|move|p1a: W¡sh & K'3D Shop|Iron Head|p2a: Jellicent
|-resisted|p2a: Jellicent
|-damage|p2a: Jellicent|57/100
|move|p2a: Jellicent|Will-O-Wisp|p1a: W¡sh & K'3D Shop
|-status|p1a: W¡sh & K'3D Shop|brn
|
|-weather|Sandstorm|[upkeep]
|-damage|p2a: Jellicent|51/100|[from] Sandstorm
|-heal|p1a: W¡sh & K'3D Shop|67/100 brn|[from] item: Leftovers
|-heal|p2a: Jellicent|57/100|[from] item: Leftovers
|-damage|p1a: W¡sh & K'3D Shop|54/100 brn|[from] brn
|upkeep
|turn|49
|
|move|p1a: W¡sh & K'3D Shop|Wish|p1a: W¡sh & K'3D Shop
|move|p2a: Jellicent|Recover|p2a: Jellicent
|-heal|p2a: Jellicent|100/100
|
|-weather|Sandstorm|[upkeep]
|-damage|p2a: Jellicent|94/100|[from] Sandstorm
|-heal|p1a: W¡sh & K'3D Shop|60/100 brn|[from] item: Leftovers
|-heal|p2a: Jellicent|100/100|[from] item: Leftovers
|-damage|p1a: W¡sh & K'3D Shop|48/100 brn|[from] brn
|upkeep
|turn|50
|
|move|p1a: W¡sh & K'3D Shop|Protect|p1a: W¡sh & K'3D Shop
|-singleturn|p1a: W¡sh & K'3D Shop|Protect
|move|p2a: Jellicent|Scald|p1a: W¡sh & K'3D Shop
|-activate|p1a: W¡sh & K'3D Shop|move: Protect
|
|-weather|Sandstorm|[upkeep]
|-damage|p2a: Jellicent|94/100|[from] Sandstorm
|-heal|p1a: W¡sh & K'3D Shop|98/100 brn|[from] move: Wish|[wisher] W¡sh & K'3D Shop
|-heal|p1a: W¡sh & K'3D Shop|100/100 brn|[from] item: Leftovers
|-heal|p2a: Jellicent|100/100|[from] item: Leftovers
|-damage|p1a: W¡sh & K'3D Shop|88/100 brn|[from] brn
|upkeep
|turn|51
|
|switch|p2a: Garchomp|Garchomp, M|100/100
|-damage|p2a: Garchomp|76/100|[from] Spikes
|-damage|p2a: Garchomp|69/100|[from] Stealth Rock
|move|p1a: W¡sh & K'3D Shop|Wish|p1a: W¡sh & K'3D Shop
|
|-weather|Sandstorm|[upkeep]
|-heal|p1a: W¡sh & K'3D Shop|94/100 brn|[from] item: Leftovers
|-damage|p1a: W¡sh & K'3D Shop|82/100 brn|[from] brn
|upkeep
|turn|52
|
|switch|p1a: Piupiu|Skarmory, M|66/100 brn
|-damage|p1a: Piupiu|54/100 brn|[from] Stealth Rock
|move|p2a: Garchomp|Fire Blast|p1a: Piupiu
|-supereffective|p1a: Piupiu
|-damage|p1a: Piupiu|0 fnt
|-damage|p2a: Garchomp|60/100|[from] item: Life Orb
|faint|p1a: Piupiu
|
|-weather|Sandstorm|[upkeep]
|upkeep
|
|switch|p1a: Headnown|Sigilyph, M|100/100 brn
|turn|53
|
|move|p2a: Garchomp|Stone Edge|p1a: Headnown
|-supereffective|p1a: Headnown
|-damage|p1a: Headnown|30/100 brn
|-damage|p2a: Garchomp|50/100|[from] item: Life Orb
|move|p1a: Headnown|Psycho Shift|p2a: Garchomp
|-status|p2a: Garchomp|brn
|-curestatus|p1a: Headnown|brn|[msg]
|
|-weather|Sandstorm|[upkeep]
|-damage|p2a: Garchomp|37/100 brn|[from] brn
|-status|p1a: Headnown|brn|[from] item: Flame Orb
|upkeep
|turn|54
|
|switch|p1a: Hattori el ninja|Hippowdon, F|75/100
|-damage|p1a: Hattori el ninja|50/100|[from] Spikes
|-damage|p1a: Hattori el ninja|44/100|[from] Stealth Rock
|move|p2a: Garchomp|Draco Meteor|p1a: Hattori el ninja|[miss]
|-miss|p2a: Garchomp|p1a: Hattori el ninja
|
|-weather|Sandstorm|[upkeep]
|-heal|p1a: Hattori el ninja|50/100|[from] item: Leftovers
|-damage|p2a: Garchomp|25/100 brn|[from] brn
|upkeep
|turn|55
|
|move|p2a: Garchomp|Draco Meteor|p1a: Hattori el ninja
|-damage|p1a: Hattori el ninja|0 fnt
|-unboost|p2a: Garchomp|spa|2
|-damage|p2a: Garchomp|15/100 brn|[from] item: Life Orb
|faint|p1a: Hattori el ninja
|
|-weather|Sandstorm|[upkeep]
|-damage|p2a: Garchomp|3/100 brn|[from] brn
|upkeep
|
|switch|p1a: W¡sh & K'3D Shop|Jirachi|82/100 brn
|-damage|p1a: W¡sh & K'3D Shop|76/100 brn|[from] Stealth Rock
|-damage|p1a: W¡sh & K'3D Shop|51/100 brn|[from] Spikes
|turn|56
|
|switch|p2a: Latios|Latios, M, shiny|76/100
|-damage|p2a: Latios|64/100|[from] Stealth Rock
|move|p1a: W¡sh & K'3D Shop|Wish|p1a: W¡sh & K'3D Shop
|
|-weather|Sandstorm|[upkeep]
|-damage|p2a: Latios|58/100|[from] Sandstorm
|-heal|p1a: W¡sh & K'3D Shop|57/100 brn|[from] item: Leftovers
|-damage|p1a: W¡sh & K'3D Shop|45/100 brn|[from] brn
|upkeep
|turn|57
|
|move|p1a: W¡sh & K'3D Shop|Protect|p1a: W¡sh & K'3D Shop
|-singleturn|p1a: W¡sh & K'3D Shop|Protect
|move|p2a: Latios|Surf|p1a: W¡sh & K'3D Shop
|-activate|p1a: W¡sh & K'3D Shop|move: Protect
|
|-weather|Sandstorm|[upkeep]
|-damage|p2a: Latios|52/100|[from] Sandstorm
|-heal|p1a: W¡sh & K'3D Shop|95/100 brn|[from] move: Wish|[wisher] W¡sh & K'3D Shop
|-heal|p1a: W¡sh & K'3D Shop|100/100 brn|[from] item: Leftovers
|-damage|p1a: W¡sh & K'3D Shop|88/100 brn|[from] brn
|upkeep
|turn|58
|
|switch|p2a: Jellicent|Jellicent, F|100/100
|-damage|p2a: Jellicent|88/100|[from] Stealth Rock
|-damage|p2a: Jellicent|63/100|[from] Spikes
|move|p1a: W¡sh & K'3D Shop|Body Slam|p2a: Jellicent
|-immune|p2a: Jellicent
|
|-weather|Sandstorm|[upkeep]
|-damage|p2a: Jellicent|57/100|[from] Sandstorm
|-heal|p1a: W¡sh & K'3D Shop|94/100 brn|[from] item: Leftovers
|-heal|p2a: Jellicent|63/100|[from] item: Leftovers
|-damage|p1a: W¡sh & K'3D Shop|82/100 brn|[from] brn
|upkeep
|turn|59
|
|switch|p1a: Amu Pinguilí|Gastrodon-East, F|71/100 brn
|-damage|p1a: Amu Pinguilí|65/100 brn|[from] Stealth Rock
|-damage|p1a: Amu Pinguilí|40/100 brn|[from] Spikes
|move|p2a: Jellicent|Scald|p1a: Amu Pinguilí
|-ability|p1a: Amu Pinguilí|Storm Drain|boost
|-boost|p1a: Amu Pinguilí|spa|1
|
|-weather|Sandstorm|[upkeep]
|-damage|p2a: Jellicent|57/100|[from] Sandstorm
|-heal|p2a: Jellicent|63/100|[from] item: Leftovers
|-heal|p1a: Amu Pinguilí|47/100 brn|[from] item: Leftovers
|-damage|p1a: Amu Pinguilí|34/100 brn|[from] brn
|upkeep
|turn|60
|
|move|p2a: Jellicent|Recover|p2a: Jellicent
|-heal|p2a: Jellicent|100/100
|move|p1a: Amu Pinguilí|Recover|p1a: Amu Pinguilí
|-heal|p1a: Amu Pinguilí|84/100 brn
|
|-weather|Sandstorm|[upkeep]
|-damage|p2a: Jellicent|94/100|[from] Sandstorm
|-heal|p2a: Jellicent|100/100|[from] item: Leftovers
|-heal|p1a: Amu Pinguilí|90/100 brn|[from] item: Leftovers
|-damage|p1a: Amu Pinguilí|78/100 brn|[from] brn
|upkeep
|turn|61
|
|move|p2a: Jellicent|Shadow Ball|p1a: Amu Pinguilí
|-damage|p1a: Amu Pinguilí|60/100 brn
|move|p1a: Amu Pinguilí|Scald|p2a: Jellicent
|-immune|p2a: Jellicent|[from] ability: Water Absorb
|
|-weather|Sandstorm|[upkeep]
|-damage|p2a: Jellicent|94/100|[from] Sandstorm
|-heal|p2a: Jellicent|100/100|[from] item: Leftovers
|-heal|p1a: Amu Pinguilí|66/100 brn|[from] item: Leftovers
|-damage|p1a: Amu Pinguilí|54/100 brn|[from] brn
|upkeep
|turn|62
|
|move|p2a: Jellicent|Will-O-Wisp|p1a: Amu Pinguilí
|-fail|p1a: Amu Pinguilí|brn
|move|p1a: Amu Pinguilí|Earth Power|p2a: Jellicent
|-damage|p2a: Jellicent|75/100
|
|-weather|Sandstorm|[upkeep]
|-damage|p2a: Jellicent|69/100|[from] Sandstorm
|-heal|p2a: Jellicent|75/100|[from] item: Leftovers
|-heal|p1a: Amu Pinguilí|60/100 brn|[from] item: Leftovers
|-damage|p1a: Amu Pinguilí|47/100 brn|[from] brn
|upkeep
|turn|63
|
|move|p2a: Jellicent|Shadow Ball|p1a: Amu Pinguilí
|-damage|p1a: Amu Pinguilí|29/100 brn
|move|p1a: Amu Pinguilí|Earth Power|p2a: Jellicent
|-damage|p2a: Jellicent|51/100
|
|-weather|Sandstorm|[upkeep]
|-damage|p2a: Jellicent|45/100|[from] Sandstorm
|-heal|p2a: Jellicent|51/100|[from] item: Leftovers
|-heal|p1a: Amu Pinguilí|35/100 brn|[from] item: Leftovers
|-damage|p1a: Amu Pinguilí|23/100 brn|[from] brn
|upkeep
|turn|64
|
|move|p2a: Jellicent|Shadow Ball|p1a: Amu Pinguilí
|-damage|p1a: Amu Pinguilí|5/100 brn
|move|p1a: Amu Pinguilí|Recover|p1a: Amu Pinguilí
|-heal|p1a: Amu Pinguilí|55/100 brn
|
|-weather|Sandstorm|[upkeep]
|-damage|p2a: Jellicent|45/100|[from] Sandstorm
|-heal|p2a: Jellicent|51/100|[from] item: Leftovers
|-heal|p1a: Amu Pinguilí|62/100 brn|[from] item: Leftovers
|-damage|p1a: Amu Pinguilí|49/100 brn|[from] brn
|upkeep
|turn|65
|
|move|p2a: Jellicent|Recover|p2a: Jellicent
|-heal|p2a: Jellicent|100/100
|move|p1a: Amu Pinguilí|Recover|p1a: Amu Pinguilí
|-heal|p1a: Amu Pinguilí|99/100 brn
|
|-weather|Sandstorm|[upkeep]
|-damage|p2a: Jellicent|94/100|[from] Sandstorm
|-heal|p2a: Jellicent|100/100|[from] item: Leftovers
|-heal|p1a: Amu Pinguilí|100/100 brn|[from] item: Leftovers
|-damage|p1a: Amu Pinguilí|88/100 brn|[from] brn
|upkeep
|turn|66
|
|switch|p1a: W¡sh & K'3D Shop|Jirachi|82/100 brn
|-damage|p1a: W¡sh & K'3D Shop|57/100 brn|[from] Spikes
|-damage|p1a: W¡sh & K'3D Shop|51/100 brn|[from] Stealth Rock
|move|p2a: Jellicent|Shadow Ball|p1a: W¡sh & K'3D Shop
|-damage|p1a: W¡sh & K'3D Shop|36/100 brn
|
|-weather|Sandstorm|[upkeep]
|-damage|p2a: Jellicent|94/100|[from] Sandstorm
|-heal|p1a: W¡sh & K'3D Shop|42/100 brn|[from] item: Leftovers
|-heal|p2a: Jellicent|100/100|[from] item: Leftovers
|-damage|p1a: W¡sh & K'3D Shop|29/100 brn|[from] brn
|upkeep
|turn|67
|
|move|p1a: W¡sh & K'3D Shop|Wish|p1a: W¡sh & K'3D Shop
|move|p2a: Jellicent|Scald|p1a: W¡sh & K'3D Shop
|-damage|p1a: W¡sh & K'3D Shop|16/100 brn
|
|-weather|Sandstorm|[upkeep]
|-damage|p2a: Jellicent|94/100|[from] Sandstorm
|-heal|p1a: W¡sh & K'3D Shop|22/100 brn|[from] item: Leftovers
|-heal|p2a: Jellicent|100/100|[from] item: Leftovers
|-damage|p1a: W¡sh & K'3D Shop|10/100 brn|[from] brn
|upkeep
|turn|68
|
|move|p1a: W¡sh & K'3D Shop|Protect|p1a: W¡sh & K'3D Shop
|-singleturn|p1a: W¡sh & K'3D Shop|Protect
|move|p2a: Jellicent|Scald|p1a: W¡sh & K'3D Shop
|-activate|p1a: W¡sh & K'3D Shop|move: Protect
|
|-weather|Sandstorm|[upkeep]
|-damage|p2a: Jellicent|94/100|[from] Sandstorm
|-heal|p1a: W¡sh & K'3D Shop|60/100 brn|[from] move: Wish|[wisher] W¡sh & K'3D Shop
|-heal|p1a: W¡sh & K'3D Shop|66/100 brn|[from] item: Leftovers
|-heal|p2a: Jellicent|100/100|[from] item: Leftovers
|-damage|p1a: W¡sh & K'3D Shop|53/100 brn|[from] brn
|upkeep
|turn|69
|
|move|p1a: W¡sh & K'3D Shop|Wish|p1a: W¡sh & K'3D Shop
|move|p2a: Jellicent|Scald|p1a: W¡sh & K'3D Shop
|-damage|p1a: W¡sh & K'3D Shop|38/100 brn
|
|-weather|Sandstorm|[upkeep]
|-damage|p2a: Jellicent|94/100|[from] Sandstorm
|-heal|p1a: W¡sh & K'3D Shop|44/100 brn|[from] item: Leftovers
|-heal|p2a: Jellicent|100/100|[from] item: Leftovers
|-damage|p1a: W¡sh & K'3D Shop|31/100 brn|[from] brn
|upkeep
|turn|70
|
|move|p1a: W¡sh & K'3D Shop|Iron Head|p2a: Jellicent
|-resisted|p2a: Jellicent
|-damage|p2a: Jellicent|93/100
|cant|p2a: Jellicent|flinch
|
|-weather|Sandstorm|[upkeep]
|-damage|p2a: Jellicent|86/100|[from] Sandstorm
|-heal|p1a: W¡sh & K'3D Shop|81/100 brn|[from] move: Wish|[wisher] W¡sh & K'3D Shop
|-heal|p1a: W¡sh & K'3D Shop|88/100 brn|[from] item: Leftovers
|-heal|p2a: Jellicent|93/100|[from] item: Leftovers
|-damage|p1a: W¡sh & K'3D Shop|75/100 brn|[from] brn
|upkeep
|turn|71
|
|switch|p2a: Latios|Latios, M, shiny|52/100
|-damage|p2a: Latios|40/100|[from] Stealth Rock
|move|p1a: W¡sh & K'3D Shop|Wish|p1a: W¡sh & K'3D Shop
|
|-weather|Sandstorm|[upkeep]
|-damage|p2a: Latios|34/100|[from] Sandstorm
|-heal|p1a: W¡sh & K'3D Shop|81/100 brn|[from] item: Leftovers
|-damage|p1a: W¡sh & K'3D Shop|69/100 brn|[from] brn
|upkeep
|turn|72
|
|move|p2a: Latios|Trick|p1a: W¡sh & K'3D Shop
|-activate|p2a: Latios|move: Trick|[of] p1a: W¡sh & K'3D Shop
|-item|p1a: W¡sh & K'3D Shop|Choice Specs|[from] move: Trick
|-item|p2a: Latios|Leftovers|[from] move: Trick
|move|p1a: W¡sh & K'3D Shop|Wish||[still]
|-fail|p1a: W¡sh & K'3D Shop
|
|-weather|Sandstorm|[upkeep]
|-damage|p2a: Latios|28/100|[from] Sandstorm
|-heal|p1a: W¡sh & K'3D Shop|100/100 brn|[from] move: Wish|[wisher] W¡sh & K'3D Shop
|-heal|p2a: Latios|34/100|[from] item: Leftovers
|-damage|p1a: W¡sh & K'3D Shop|88/100 brn|[from] brn
|upkeep
|turn|73
|
|switch|p1a: Amu Pinguilí|Gastrodon-East, F|88/100 brn
|-damage|p1a: Amu Pinguilí|63/100 brn|[from] Spikes
|-damage|p1a: Amu Pinguilí|57/100 brn|[from] Stealth Rock
|move|p2a: Latios|Psyshock|p1a: Amu Pinguilí
|-damage|p1a: Amu Pinguilí|14/100 brn
|
|-weather|Sandstorm|[upkeep]
|-damage|p2a: Latios|28/100|[from] Sandstorm
|-heal|p2a: Latios|34/100|[from] item: Leftovers
|-heal|p1a: Amu Pinguilí|20/100 brn|[from] item: Leftovers
|-damage|p1a: Amu Pinguilí|8/100 brn|[from] brn
|upkeep
|turn|74
|
|move|p2a: Latios|Psyshock|p1a: Amu Pinguilí
|-damage|p1a: Amu Pinguilí|0 fnt
|faint|p1a: Amu Pinguilí
|
|-weather|Sandstorm|[upkeep]
|-damage|p2a: Latios|28/100|[from] Sandstorm
|-heal|p2a: Latios|34/100|[from] item: Leftovers
|upkeep
|
|switch|p1a: W¡sh & K'3D Shop|Jirachi|88/100 brn
|-damage|p1a: W¡sh & K'3D Shop|82/100 brn|[from] Stealth Rock
|-damage|p1a: W¡sh & K'3D Shop|57/100 brn|[from] Spikes
|turn|75
|
|switch|p2a: Garchomp|Garchomp, M|3/100 brn
|-damage|p2a: Garchomp|0 fnt|[from] Spikes
|faint|p2a: Garchomp
|move|p1a: W¡sh & K'3D Shop|Body Slam|p2: Garchomp|[notarget]
|-fail|p1a: W¡sh & K'3D Shop
|
|-weather|Sandstorm|[upkeep]
|-damage|p1a: W¡sh & K'3D Shop|45/100 brn|[from] brn
|upkeep
|
|switch|p2a: Jellicent|Jellicent, F|93/100
|-damage|p2a: Jellicent|80/100|[from] Stealth Rock
|-damage|p2a: Jellicent|55/100|[from] Spikes
|turn|76
|
|switch|p1a: Headnown|Sigilyph, M|30/100 brn
|move|p2a: Jellicent|Shadow Ball|p1a: Headnown
|-supereffective|p1a: Headnown
|-damage|p1a: Headnown|0 fnt
|faint|p1a: Headnown
|
|-weather|Sandstorm|[upkeep]
|-damage|p2a: Jellicent|49/100|[from] Sandstorm
|-heal|p2a: Jellicent|55/100|[from] item: Leftovers
|upkeep
|
|switch|p1a: Mafrén|Excadrill, F|65/100
|-damage|p1a: Mafrén|41/100|[from] Spikes
|-damage|p1a: Mafrén|38/100|[from] Stealth Rock
|turn|77
|
|move|p1a: Mafrén|Rock Slide|p2a: Jellicent
|-damage|p2a: Jellicent|15/100
|cant|p2a: Jellicent|flinch
|
|-weather|Sandstorm|[upkeep]
|-damage|p2a: Jellicent|9/100|[from] Sandstorm
|-heal|p2a: Jellicent|15/100|[from] item: Leftovers
|upkeep
|turn|78
|
|move|p1a: Mafrén|Rock Slide|p2a: Jellicent
|-damage|p2a: Jellicent|0 fnt
|faint|p2a: Jellicent
|
|-weather|Sandstorm|[upkeep]
|upkeep
|
|switch|p2a: Ferrothorn|Ferrothorn, F|46/100
|-damage|p2a: Ferrothorn|21/100|[from] Spikes
|-damage|p2a: Ferrothorn|15/100|[from] Stealth Rock
|turn|79
|
|move|p1a: Mafrén|Rock Slide|p2a: Ferrothorn|[miss]
|-miss|p1a: Mafrén|p2a: Ferrothorn
|move|p2a: Ferrothorn|Leech Seed|p1a: Mafrén
|-start|p1a: Mafrén|move: Leech Seed
|
|-weather|Sandstorm|[upkeep]
|-damage|p1a: Mafrén|25/100|[from] Leech Seed|[of] p2a: Ferrothorn
|-heal|p2a: Ferrothorn|28/100|[silent]
|upkeep
|turn|80
|
|move|p1a: Mafrén|Rock Slide|p2a: Ferrothorn
|-resisted|p2a: Ferrothorn
|-crit|p2a: Ferrothorn
|-damage|p2a: Ferrothorn|7/100
|move|p2a: Ferrothorn|Leech Seed||[still]
|-fail|p2a: Ferrothorn
|
|-weather|Sandstorm|[upkeep]
|-damage|p1a: Mafrén|13/100|[from] Leech Seed|[of] p2a: Ferrothorn
|-heal|p2a: Ferrothorn|20/100|[silent]
|upkeep
|turn|81
|
|move|p1a: Mafrén|Rock Slide|p2a: Ferrothorn
|-resisted|p2a: Ferrothorn
|-damage|p2a: Ferrothorn|9/100
|move|p2a: Ferrothorn|Leech Seed||[still]
|-fail|p2a: Ferrothorn
|
|-weather|Sandstorm|[upkeep]
|-damage|p1a: Mafrén|0 fnt|[from] Leech Seed|[of] p2a: Ferrothorn
|-heal|p2a: Ferrothorn|22/100|[silent]
|faint|p1a: Mafrén
|upkeep
|-message|STATS Xavi forfeited.
|
|win|blackkaiser
|l|☆STATS Xavi
|raw|STATS Xavi's rating: 1312 &rarr; <strong>1299</strong><br />(-13 for losing)
|raw|blackkaiser's rating: 1429 &rarr; <strong>1443</strong><br />(+14 for winning)
