|j|☆B (Blaise)
|j|‽Miltank321
|t:|1735332736
|gametype|singles
|player|p1|B (Blaise)|n|1465
|player|p2|Miltank321|juan|1346
|teamsize|p1|6
|teamsize|p2|6
|gen|5
|tier|[Gen 5] OU
|rated|
|rule|Species Clause: Limit one of each Pokémon
|rule|OHKO Clause: OHKO moves are banned
|rule|Moody Clause: Moody is banned
|rule|Evasion Items Clause: Evasion items are banned
|rule|Evasion Moves Clause: Evasion moves are banned
|rule|Endless Battle Clause: Forcing endless battles is banned
|rule|HP Percentage Mod: HP is shown in percentages
|rule|Evasion Abilities Clause: Evasion abilities are banned
|rule|Sleep Moves Clause: Sleep-inducing moves are banned
|rule|Swagger Clause: Swagger is banned
|rule|Baton Pass Stat Clause: No Baton Passer may have a way to boost its stats
|clearpoke
|poke|p1|Aerodactyl, M|item
|poke|p1|Starmie|item
|poke|p1|Volcarona, F|item
|poke|p1|Dragonite, M|item
|poke|p1|Garchomp, M|item
|poke|p1|Breloom, M|item
|poke|p2|Rotom-Heat|item
|poke|p2|Mamoswine, M|item
|poke|p2|Keldeo|item
|poke|p2|Scizor, M|item
|poke|p2|Salamence, F|item
|poke|p2|Jirachi|item
|teampreview
|inactive|Battle timer is ON: inactive players will automatically lose when time's up. (requested by B (Blaise))
|l|☆B (Blaise)
|inactive|B (Blaise) disconnected and has a minute to reconnect!
|player|p1|
|inactive|Miltank321 has 120 seconds left.
|j|☆B (Blaise)
|inactive|B (Blaise) reconnected.
|player|p1|B (Blaise)|n|
|
|t:|1735332784
|start
|switch|p1a: Earth Eagle|Aerodactyl, M|100/100
|switch|p2a: Scizor|Scizor, M|100/100
|turn|1
|
|t:|1735332802
|move|p2a: Scizor|Bullet Punch|p1a: Earth Eagle
|-supereffective|p1a: Earth Eagle
|-enditem|p1a: Earth Eagle|Focus Sash
|-damage|p1a: Earth Eagle|1/100
|move|p1a: Earth Eagle|Stealth Rock|p2a: Scizor
|-sidestart|p2: Miltank321|move: Stealth Rock
|
|upkeep
|turn|2
|
|t:|1735332810
|move|p1a: Earth Eagle|Taunt|p2a: Scizor
|-start|p2a: Scizor|move: Taunt
|cant|p2a: Scizor|move: Taunt|Swords Dance
|
|upkeep
|turn|3
|
|t:|1735332817
|move|p1a: Earth Eagle|Rock Slide|p2a: Scizor
|-damage|p2a: Scizor|68/100
|move|p2a: Scizor|Pursuit|p1a: Earth Eagle
|-damage|p1a: Earth Eagle|0 fnt
|faint|p1a: Earth Eagle
|
|upkeep
|
|t:|1735332842
|switch|p1a: Hades Kerbecs|Volcarona, F|100/100
|turn|4
|
|t:|1735332849
|move|p1a: Hades Kerbecs|Fire Blast|p2a: Scizor
|-supereffective|p2a: Scizor
|-crit|p2a: Scizor
|-damage|p2a: Scizor|0 fnt
|faint|p2a: Scizor
|
|upkeep
|
|t:|1735332858
|switch|p2a: Salamence|Salamence, F|100/100
|-damage|p2a: Salamence|76/100|[from] Stealth Rock
|turn|5
|
|t:|1735332868
|move|p2a: Salamence|Outrage|p1a: Hades Kerbecs
|-damage|p1a: Hades Kerbecs|8/100
|move|p1a: Hades Kerbecs|Hidden Power|p2a: Salamence
|-supereffective|p2a: Salamence
|-damage|p2a: Salamence|0 fnt
|faint|p2a: Salamence
|
|upkeep
|
|t:|1735332884
|switch|p2a: Rotom|Rotom-Heat|100/100
|-damage|p2a: Rotom|76/100|[from] Stealth Rock
|turn|6
|
|t:|1735332894
|move|p2a: Rotom|Hidden Power|p1a: Hades Kerbecs
|-resisted|p1a: Hades Kerbecs
|-damage|p1a: Hades Kerbecs|0 fnt
|faint|p1a: Hades Kerbecs
|
|upkeep
|
|t:|1735332902
|switch|p1a: Twisted Tempo|Starmie|100/100
|turn|7
|
|t:|1735332910
|switch|p2a: Mamoswine|Mamoswine, M|100/100
|-damage|p2a: Mamoswine|88/100|[from] Stealth Rock
|move|p1a: Twisted Tempo|Surf|p2a: Mamoswine
|-supereffective|p2a: Mamoswine
|-damage|p2a: Mamoswine|0 fnt
|faint|p2a: Mamoswine
|
|upkeep
|
|t:|1735332922
|switch|p2a: Jirachi|Jirachi|100/100
|-damage|p2a: Jirachi|94/100|[from] Stealth Rock
|turn|8
|
|t:|1735332927
|switch|p1a: L-Drago|Garchomp, M|100/100
|move|p2a: Jirachi|Thunder Wave|p1a: L-Drago
|-immune|p1a: L-Drago
|
|upkeep
|turn|9
|inactive|Miltank321 has 120 seconds left.
|
|t:|1735332967
|switch|p2a: Rotom|Rotom-Heat|76/100
|-damage|p2a: Rotom|51/100|[from] Stealth Rock
|move|p1a: L-Drago|Earthquake|p2a: Rotom
|-immune|p2a: Rotom|[from] ability: Levitate
|
|upkeep
|turn|10
|inactive|Miltank321 has 120 seconds left.
|
|t:|1735332986
|switch|p1a: Twisted Tempo|Starmie|100/100
|move|p2a: Rotom|Hidden Power|p1a: Twisted Tempo
|-resisted|p1a: Twisted Tempo
|-damage|p1a: Twisted Tempo|85/100
|
|upkeep
|turn|11
|
|t:|1735332993
|move|p2a: Rotom|Hidden Power|p1a: Twisted Tempo
|-resisted|p1a: Twisted Tempo
|-damage|p1a: Twisted Tempo|69/100
|move|p1a: Twisted Tempo|Surf|p2a: Rotom
|-supereffective|p2a: Rotom
|-damage|p2a: Rotom|0 fnt
|faint|p2a: Rotom
|
|upkeep
|
|t:|1735333002
|switch|p2a: Jirachi|Jirachi|94/100
|-damage|p2a: Jirachi|88/100|[from] Stealth Rock
|turn|12
|
|t:|1735333014
|move|p1a: Twisted Tempo|Surf|p2a: Jirachi
|-damage|p2a: Jirachi|64/100
|move|p2a: Jirachi|Iron Head|p1a: Twisted Tempo
|-resisted|p1a: Twisted Tempo
|-damage|p1a: Twisted Tempo|50/100
|
|upkeep
|turn|13
|
|t:|1735333024
|switch|p1a: L-Drago|Garchomp, M|100/100
|move|p2a: Jirachi|Iron Head|p1a: L-Drago
|-damage|p1a: L-Drago|72/100
|-damage|p2a: Jirachi|51/100|[from] ability: Rough Skin|[of] p1a: L-Drago
|
|upkeep
|turn|14
|j| estrogen fiend
|
|t:|1735333033
|move|p1a: L-Drago|Earthquake|p2a: Jirachi
|-supereffective|p2a: Jirachi
|-damage|p2a: Jirachi|0 fnt
|faint|p2a: Jirachi
|
|upkeep
|
|t:|1735333039
|switch|p2a: Keldeo|Keldeo|100/100
|-damage|p2a: Keldeo|94/100|[from] Stealth Rock
|turn|15
|
|t:|1735333044
|move|p2a: Keldeo|Surf|p1a: L-Drago
|-damage|p1a: L-Drago|11/100
|move|p1a: L-Drago|Earthquake|p2a: Keldeo
|-damage|p2a: Keldeo|36/100
|
|-heal|p2a: Keldeo|43/100|[from] item: Leftovers
|upkeep
|turn|16
|
|t:|1735333052
|move|p2a: Keldeo|Secret Sword|p1a: L-Drago
|-damage|p1a: L-Drago|0 fnt
|faint|p1a: L-Drago
|
|-heal|p2a: Keldeo|49/100|[from] item: Leftovers
|upkeep
|
|t:|1735333057
|switch|p1a: Befall|Breloom, M, shiny|100/100
|turn|17
|
|t:|1735333062
|move|p2a: Keldeo|Surf|p1a: Befall
|-resisted|p1a: Befall
|-damage|p1a: Befall|50/100
|move|p1a: Befall|Bullet Seed|p2a: Keldeo
|-supereffective|p2a: Keldeo
|-damage|p2a: Keldeo|4/100
|-supereffective|p2a: Keldeo
|-damage|p2a: Keldeo|0 fnt
|faint|p2a: Keldeo
|-hitcount|p2: Keldeo|2
|
|win|B (Blaise)
|raw|B (Blaise)'s rating: 1465 &rarr; <strong>1478</strong><br />(+13 for winning)
|raw|Miltank321's rating: 1346 &rarr; <strong>1333</strong><br />(-13 for losing)
|l| estrogen fiend
