|j|☆sixsevn
|j|☆ReallyFunTeams
|t:|1702144267
|gametype|singles
|player|p1|sixsevn|burglar|1430
|player|p2|ReallyFunTeams|janitor|1636
|teamsize|p1|6
|teamsize|p2|6
|gen|5
|tier|[Gen 5] OU
|rated|
|rule|Species Clause: Limit one of each Pokémon
|rule|OHKO Clause: OHKO moves are banned
|rule|Moody Clause: Moody is banned
|rule|Evasion Items Clause: Evasion items are banned
|rule|Evasion Moves Clause: Evasion moves are banned
|rule|Endless Battle Clause: Forcing endless battles is banned
|rule|HP Percentage Mod: HP is shown in percentages
|rule|Evasion Abilities Clause: Evasion abilities are banned
|rule|Sleep Moves Clause: Sleep-inducing moves are banned
|rule|Swagger Clause: Swagger is banned
|rule|Baton Pass Stat Clause: No Baton Passer may have a way to boost its stats
|clearpoke
|poke|p1|Azelf|item
|poke|p1|Celebi|item
|poke|p1|Heatran, F|item
|poke|p1|Excadrill, M|item
|poke|p1|Zapdos|item
|poke|p1|Breloom, F|item
|poke|p2|Dragonite, M|item
|poke|p2|Forretress, F|item
|poke|p2|Scizor, M|item
|poke|p2|Alakazam, M|item
|poke|p2|Ferrothorn, M|item
|poke|p2|Rotom-Wash|item
|teampreview
|inactive|Battle timer is ON: inactive players will automatically lose when time's up. (requested by sixsevn)
|
|t:|1702144285
|start
|switch|p1a: Azelf|Azelf|100/100
|switch|p2a: Scizor|Scizor, M, shiny|100/100
|turn|1
|
|t:|1702144289
|switch|p1a: Zapdos|Zapdos|100/100
|-ability|p1a: Zapdos|Pressure
|move|p2a: Scizor|U-turn|p1a: Zapdos
|-resisted|p1a: Zapdos
|-damage|p1a: Zapdos|64/100
|
|t:|1702144297
|switch|p2a: Forretress|Forretress, F|100/100|[from] U-turn
|
|-heal|p1a: Zapdos|71/100|[from] item: Leftovers
|upkeep
|turn|2
|
|t:|1702144302
|move|p1a: Zapdos|Discharge|p2a: Forretress
|-damage|p2a: Forretress|46/100
|-status|p2a: Forretress|par
|move|p2a: Forretress|Stealth Rock|p1a: Zapdos
|-sidestart|p1: sixsevn|move: Stealth Rock
|
|-heal|p1a: Zapdos|77/100|[from] item: Leftovers
|upkeep
|turn|3
|
|t:|1702144313
|switch|p2a: Rotom|Rotom-Wash, shiny|100/100
|move|p1a: Zapdos|Discharge|p2a: Rotom
|-damage|p2a: Rotom|49/100
|-status|p2a: Rotom|par
|
|-heal|p1a: Zapdos|83/100|[from] item: Leftovers
|upkeep
|turn|4
|
|t:|1702144334
|move|p1a: Zapdos|Discharge|p2a: Rotom
|-damage|p2a: Rotom|0 fnt
|faint|p2a: Rotom
|
|-heal|p1a: Zapdos|89/100|[from] item: Leftovers
|upkeep
|
|t:|1702144340
|switch|p2a: Dragonite|Dragonite, M|100/100
|turn|5
|
|t:|1702144343
|move|p1a: Zapdos|Discharge|p2a: Dragonite
|-crit|p2a: Dragonite
|-damage|p2a: Dragonite|55/100
|move|p2a: Dragonite|Dragon Dance|p2a: Dragonite
|-boost|p2a: Dragonite|atk|1
|-boost|p2a: Dragonite|spe|1
|
|-heal|p1a: Zapdos|96/100|[from] item: Leftovers
|upkeep
|turn|6
|
|t:|1702144363
|switch|p1a: Azelf|Azelf|100/100
|-damage|p1a: Azelf|88/100|[from] Stealth Rock
|move|p2a: Dragonite|Outrage|p1a: Azelf
|-damage|p1a: Azelf|0 fnt
|faint|p1a: Azelf
|
|upkeep
|
|t:|1702144365
|switch|p1a: Excadrill|Excadrill, M|100/100
|-damage|p1a: Excadrill|97/100|[from] Stealth Rock
|-ability|p1a: Excadrill|Mold Breaker
|turn|7
|
|t:|1702144373
|move|p1a: Excadrill|Rock Slide|p2a: Dragonite
|-supereffective|p2a: Dragonite
|-damage|p2a: Dragonite|0 fnt
|faint|p2a: Dragonite
|
|upkeep
|
|t:|1702144386
|switch|p2a: Alakazam|Alakazam, M|100/100
|turn|8
|
|t:|1702144391
|switch|p1a: Celebi|Celebi|100/100
|-damage|p1a: Celebi|88/100|[from] Stealth Rock
|move|p2a: Alakazam|Focus Blast|p1a: Celebi
|-resisted|p1a: Celebi
|-damage|p1a: Celebi|75/100
|
|-heal|p1a: Celebi|82/100|[from] item: Leftovers
|upkeep
|turn|9
|
|t:|1702144404
|move|p2a: Alakazam|Shadow Ball|p1a: Celebi
|-supereffective|p1a: Celebi
|-damage|p1a: Celebi|45/100
|-unboost|p1a: Celebi|spd|1
|move|p1a: Celebi|U-turn|p2a: Alakazam
|-supereffective|p2a: Alakazam
|-damage|p2a: Alakazam|27/100
|
|t:|1702144412
|switch|p1a: Excadrill|Excadrill, M|97/100|[from] U-turn
|-damage|p1a: Excadrill|94/100|[from] Stealth Rock
|-ability|p1a: Excadrill|Mold Breaker
|
|upkeep
|turn|10
|
|t:|1702144418
|switch|p2a: Ferrothorn|Ferrothorn, M|100/100
|move|p1a: Excadrill|Earthquake|p2a: Ferrothorn
|-damage|p2a: Ferrothorn|58/100
|
|-heal|p2a: Ferrothorn|64/100|[from] item: Leftovers
|upkeep
|turn|11
|
|t:|1702144434
|switch|p1a: Celebi|Celebi|45/100
|-damage|p1a: Celebi|33/100|[from] Stealth Rock
|move|p2a: Ferrothorn|Leech Seed|p1a: Celebi
|-immune|p1a: Celebi
|
|-heal|p1a: Celebi|39/100|[from] item: Leftovers
|-heal|p2a: Ferrothorn|70/100|[from] item: Leftovers
|upkeep
|turn|12
|
|t:|1702144449
|move|p1a: Celebi|Recover|p1a: Celebi
|-heal|p1a: Celebi|89/100
|move|p2a: Ferrothorn|Curse|p2a: Ferrothorn
|-unboost|p2a: Ferrothorn|spe|1
|-boost|p2a: Ferrothorn|atk|1
|-boost|p2a: Ferrothorn|def|1
|
|-heal|p1a: Celebi|96/100|[from] item: Leftovers
|-heal|p2a: Ferrothorn|77/100|[from] item: Leftovers
|upkeep
|turn|13
|inactive|ReallyFunTeams has 120 seconds left.
|
|t:|1702144470
|switch|p1a: Zapdos|Zapdos|96/100
|-damage|p1a: Zapdos|71/100|[from] Stealth Rock
|-ability|p1a: Zapdos|Pressure
|move|p2a: Ferrothorn|Leech Seed|p1a: Zapdos
|-start|p1a: Zapdos|move: Leech Seed
|
|-heal|p1a: Zapdos|77/100|[from] item: Leftovers
|-heal|p2a: Ferrothorn|83/100|[from] item: Leftovers
|-damage|p1a: Zapdos|64/100|[from] Leech Seed|[of] p2a: Ferrothorn
|-heal|p2a: Ferrothorn|94/100|[silent]
|upkeep
|turn|14
|inactive|ReallyFunTeams has 120 seconds left.
|
|t:|1702144489
|move|p1a: Zapdos|Roost|p1a: Zapdos
|-heal|p1a: Zapdos|100/100
|-singleturn|p1a: Zapdos|move: Roost
|move|p2a: Ferrothorn|Gyro Ball|p1a: Zapdos
|-resisted|p1a: Zapdos
|-damage|p1a: Zapdos|54/100
|
|-heal|p1a: Zapdos|60/100|[from] item: Leftovers
|-heal|p2a: Ferrothorn|100/100|[from] item: Leftovers
|-damage|p1a: Zapdos|48/100|[from] Leech Seed|[of] p2a: Ferrothorn
|upkeep
|turn|15
|inactive|ReallyFunTeams has 120 seconds left.
|
|t:|1702144513
|switch|p1a: Heatran|Heatran, F|100/100
|-damage|p1a: Heatran|88/100|[from] Stealth Rock
|switch|p2a: Forretress|Forretress, F|46/100 par
|
|-heal|p1a: Heatran|94/100|[from] item: Leftovers
|upkeep
|turn|16
|
|t:|1702144524
|move|p1a: Heatran|Magma Storm|p2a: Forretress|[miss]
|-miss|p1a: Heatran|p2a: Forretress
|move|p2a: Forretress|Explosion|p1a: Heatran
|-resisted|p1a: Heatran
|-damage|p1a: Heatran|63/100
|faint|p2a: Forretress
|
|-heal|p1a: Heatran|70/100|[from] item: Leftovers
|upkeep
|
|t:|1702144534
|switch|p2a: Alakazam|Alakazam, M|27/100
|turn|17
|c|☆sixsevn|same result
|
|t:|1702144550
|move|p1a: Heatran|Protect|p1a: Heatran
|-singleturn|p1a: Heatran|Protect
|move|p2a: Alakazam|Shadow Ball|p1a: Heatran
|-activate|p1a: Heatran|move: Protect
|
|-heal|p1a: Heatran|76/100|[from] item: Leftovers
|upkeep
|turn|18
|
|t:|1702144567
|switch|p1a: Celebi|Celebi|96/100
|-damage|p1a: Celebi|83/100|[from] Stealth Rock
|move|p2a: Alakazam|Focus Blast|p1a: Celebi
|-resisted|p1a: Celebi
|-damage|p1a: Celebi|69/100
|
|-heal|p1a: Celebi|75/100|[from] item: Leftovers
|upkeep
|turn|19
|
|t:|1702144580
|move|p2a: Alakazam|Shadow Ball|p1a: Celebi
|-supereffective|p1a: Celebi
|-damage|p1a: Celebi|40/100
|move|p1a: Celebi|U-turn|p2a: Alakazam
|-supereffective|p2a: Alakazam
|-damage|p2a: Alakazam|0 fnt
|faint|p2a: Alakazam
|
|t:|1702144604
|switch|p1a: Heatran|Heatran, F|76/100|[from] U-turn
|-damage|p1a: Heatran|63/100|[from] Stealth Rock
|
|-heal|p1a: Heatran|70/100|[from] item: Leftovers
|upkeep
|
|t:|1702144611
|switch|p2a: Scizor|Scizor, M, shiny|100/100
|turn|20
|
|t:|1702144616
|move|p2a: Scizor|Superpower|p1a: Heatran
|-supereffective|p1a: Heatran
|-damage|p1a: Heatran|0 fnt
|-unboost|p2a: Scizor|atk|1
|-unboost|p2a: Scizor|def|1
|faint|p1a: Heatran
|
|upkeep
|
|t:|1702144620
|switch|p1a: Zapdos|Zapdos|48/100
|-damage|p1a: Zapdos|23/100|[from] Stealth Rock
|-ability|p1a: Zapdos|Pressure
|turn|21
|
|t:|1702144626
|switch|p2a: Ferrothorn|Ferrothorn, M|100/100
|move|p1a: Zapdos|Roost|p1a: Zapdos
|-heal|p1a: Zapdos|73/100
|-singleturn|p1a: Zapdos|move: Roost
|
|-heal|p1a: Zapdos|79/100|[from] item: Leftovers
|upkeep
|turn|22
|
|t:|1702144634
|switch|p1a: Breloom|Breloom, F|100/100
|-damage|p1a: Breloom|94/100|[from] Stealth Rock
|move|p2a: Ferrothorn|Curse|p2a: Ferrothorn
|-unboost|p2a: Ferrothorn|spe|1
|-boost|p2a: Ferrothorn|atk|1
|-boost|p2a: Ferrothorn|def|1
|
|upkeep
|turn|23
|
|t:|1702144644
|move|p1a: Breloom|Superpower|p2a: Ferrothorn
|-supereffective|p2a: Ferrothorn
|-damage|p2a: Ferrothorn|4/100
|-unboost|p1a: Breloom|atk|1
|-unboost|p1a: Breloom|def|1
|-damage|p1a: Breloom|82/100|[from] ability: Iron Barbs|[of] p2a: Ferrothorn
|move|p2a: Ferrothorn|Gyro Ball|p1a: Breloom
|-damage|p1a: Breloom|0 fnt
|faint|p1a: Breloom
|
|-heal|p2a: Ferrothorn|11/100|[from] item: Leftovers
|upkeep
|
|t:|1702144649
|switch|p1a: Excadrill|Excadrill, M|94/100
|-damage|p1a: Excadrill|91/100|[from] Stealth Rock
|-ability|p1a: Excadrill|Mold Breaker
|turn|24
|
|t:|1702144659
|move|p2a: Ferrothorn|Protect|p2a: Ferrothorn
|-singleturn|p2a: Ferrothorn|Protect
|move|p1a: Excadrill|Earthquake|p2a: Ferrothorn
|-activate|p2a: Ferrothorn|move: Protect
|
|-heal|p2a: Ferrothorn|17/100|[from] item: Leftovers
|upkeep
|turn|25
|
|t:|1702144665
|move|p2a: Ferrothorn|Protect|p2a: Ferrothorn
|-singleturn|p2a: Ferrothorn|Protect
|move|p1a: Excadrill|Earthquake|p2a: Ferrothorn
|-activate|p2a: Ferrothorn|move: Protect
|
|-heal|p2a: Ferrothorn|23/100|[from] item: Leftovers
|upkeep
|turn|26
|
|t:|1702144672
|move|p2a: Ferrothorn|Protect||[still]
|-fail|p2a: Ferrothorn
|move|p1a: Excadrill|Earthquake|p2a: Ferrothorn
|-damage|p2a: Ferrothorn|0 fnt
|faint|p2a: Ferrothorn
|
|upkeep
|
|t:|1702144677
|switch|p2a: Scizor|Scizor, M, shiny|100/100
|turn|27
|c|☆sixsevn|nice tech lol
|
|t:|1702144683
|move|p2a: Scizor|Bullet Punch|p1a: Excadrill
|-resisted|p1a: Excadrill
|-damage|p1a: Excadrill|54/100
|move|p1a: Excadrill|Earthquake|p2a: Scizor
|-damage|p2a: Scizor|31/100
|
|upkeep
|turn|28
|
|t:|1702144689
|move|p2a: Scizor|Bullet Punch|p1a: Excadrill
|-resisted|p1a: Excadrill
|-damage|p1a: Excadrill|19/100
|move|p1a: Excadrill|Earthquake|p2a: Scizor
|-damage|p2a: Scizor|0 fnt
|faint|p2a: Scizor
|
|win|sixsevn
|raw|sixsevn's rating: 1430 &rarr; <strong>1461</strong><br />(+31 for winning)
|raw|ReallyFunTeams's rating: 1636 &rarr; <strong>1605</strong><br />(-31 for losing)
|c|☆sixsevn|gg
|c|☆ReallyFunTeams|gg
|l|☆ReallyFunTeams
