|j|☆sniping bwvcs
|j|☆succsacturne
|t:|1704819537
|gametype|singles
|player|p1|sniping bwvcs|102|1689
|player|p2|succsacturne|morty-gen2|1666
|teamsize|p1|6
|teamsize|p2|6
|gen|5
|tier|[Gen 5] OU
|rated|
|rule|Species Clause: Limit one of each Pokémon
|rule|OHKO Clause: OHKO moves are banned
|rule|Moody Clause: Moody is banned
|rule|Evasion Items Clause: Evasion items are banned
|rule|Evasion Moves Clause: Evasion moves are banned
|rule|Endless Battle Clause: Forcing endless battles is banned
|rule|HP Percentage Mod: HP is shown in percentages
|rule|Evasion Abilities Clause: Evasion abilities are banned
|rule|Sleep Moves Clause: Sleep-inducing moves are banned
|rule|Swagger Clause: Swagger is banned
|rule|Baton Pass Stat Clause: No Baton Passer may have a way to boost its stats
|clearpoke
|poke|p1|Tyranitar, M|item
|poke|p1|Keldeo|item
|poke|p1|Landorus-Therian, M|item
|poke|p1|Rotom-Wash|item
|poke|p1|Excadrill, F|item
|poke|p1|Celebi|item
|poke|p2|Keldeo|item
|poke|p2|Starmie|item
|poke|p2|Breloom, M|item
|poke|p2|Garchomp, M|item
|poke|p2|Scizor, M|item
|poke|p2|Dragonite, M|item
|teampreview
|inactive|Battle timer is ON: inactive players will automatically lose when time's up. (requested by succsacturne)
|
|t:|1704819560
|start
|switch|p1a: Keldeo|Keldeo|100/100
|switch|p2a: Garchomp|Garchomp, M, shiny|100/100
|turn|1
|
|t:|1704819574
|move|p1a: Keldeo|Focus Blast|p2a: Garchomp
|-damage|p2a: Garchomp|6/100
|move|p2a: Garchomp|Earthquake|p1a: Keldeo
|-damage|p1a: Keldeo|39/100
|
|upkeep
|turn|2
|
|t:|1704819593
|switch|p1a: Celebi|Celebi|100/100
|move|p2a: Garchomp|Stealth Rock|p1a: Celebi
|-sidestart|p1: sniping bwvcs|move: Stealth Rock
|
|upkeep
|turn|3
|
|t:|1704819598
|move|p2a: Garchomp|Outrage|p1a: Celebi
|-damage|p1a: Celebi|46/100
|move|p1a: Celebi|Stealth Rock|p2a: Garchomp
|-sidestart|p2: succsacturne|move: Stealth Rock
|
|-heal|p1a: Celebi|52/100|[from] item: Leftovers
|upkeep
|turn|4
|
|t:|1704819606
|switch|p1a: Excadrill|Excadrill, F|100/100
|-damage|p1a: Excadrill|97/100|[from] Stealth Rock
|move|p2a: Garchomp|Outrage|p1a: Excadrill|[from]lockedmove
|-resisted|p1a: Excadrill
|-damage|p1a: Excadrill|54/100
|
|-heal|p1a: Excadrill|60/100|[from] item: Leftovers
|upkeep
|turn|5
|
|t:|1704819610
|move|p2a: Garchomp|Outrage|p1a: Excadrill|[from]lockedmove
|-resisted|p1a: Excadrill
|-damage|p1a: Excadrill|20/100
|-start|p2a: Garchomp|confusion|[fatigue]
|move|p1a: Excadrill|Rapid Spin|p2a: Garchomp
|-damage|p2a: Garchomp|0 fnt
|-damage|p1a: Excadrill|7/100|[from] ability: Rough Skin|[of] p2a: Garchomp
|-sideend|p1: sniping bwvcs|Stealth Rock|[from] move: Rapid Spin|[of] p1a: Excadrill
|faint|p2a: Garchomp
|
|-heal|p1a: Excadrill|13/100|[from] item: Leftovers
|upkeep
|
|t:|1704819613
|switch|p2a: Starmie|Starmie, shiny|100/100
|-damage|p2a: Starmie|88/100|[from] Stealth Rock
|-item|p2a: Starmie|Air Balloon
|turn|6
|
|t:|1704819623
|switch|p1a: Rotom|Rotom-Wash|100/100
|move|p2a: Starmie|Ice Beam|p1a: Rotom
|-resisted|p1a: Rotom
|-damage|p1a: Rotom|84/100
|
|-heal|p1a: Rotom|91/100|[from] item: Leftovers
|upkeep
|turn|7
|
|t:|1704819628
|move|p2a: Starmie|Rapid Spin|p1a: Rotom
|-damage|p1a: Rotom|88/100
|-sideend|p2: succsacturne|Stealth Rock|[from] move: Rapid Spin|[of] p2a: Starmie
|move|p1a: Rotom|Volt Switch|p2a: Starmie
|-supereffective|p2a: Starmie
|-crit|p2a: Starmie
|-damage|p2a: Starmie|0 fnt
|-enditem|p2a: Starmie|Air Balloon
|faint|p2a: Starmie
|
|t:|1704819646
|switch|p1a: Landorus|Landorus-Therian, M|100/100|[from] Volt Switch
|
|upkeep
|
|t:|1704819650
|switch|p2a: Keldeo|Keldeo|100/100
|turn|8
|
|t:|1704819655
|move|p1a: Landorus|U-turn|p2a: Keldeo
|-resisted|p2a: Keldeo
|-damage|p2a: Keldeo|86/100
|
|t:|1704819658
|switch|p1a: Rotom|Rotom-Wash|88/100|[from] U-turn
|move|p2a: Keldeo|Hidden Power|p1a: Rotom
|-supereffective|p1a: Rotom
|-damage|p1a: Rotom|39/100
|
|-heal|p2a: Keldeo|92/100|[from] item: Leftovers
|-heal|p1a: Rotom|45/100|[from] item: Leftovers
|upkeep
|turn|9
|
|t:|1704819664
|switch|p1a: Celebi|Celebi|52/100
|move|p2a: Keldeo|Hidden Power|p1a: Celebi
|-resisted|p1a: Celebi
|-damage|p1a: Celebi|45/100
|
|-heal|p2a: Keldeo|98/100|[from] item: Leftovers
|-heal|p1a: Celebi|51/100|[from] item: Leftovers
|upkeep
|turn|10
|
|t:|1704819669
|switch|p2a: Dragonite|Dragonite, M|100/100
|move|p1a: Celebi|Recover|p1a: Celebi
|-heal|p1a: Celebi|100/100
|
|upkeep
|turn|11
|
|t:|1704819673
|move|p2a: Dragonite|Dragon Dance|p2a: Dragonite
|-boost|p2a: Dragonite|atk|1
|-boost|p2a: Dragonite|spe|1
|move|p1a: Celebi|U-turn|p2a: Dragonite
|-resisted|p2a: Dragonite
|-damage|p2a: Dragonite|97/100
|
|t:|1704819677
|switch|p1a: Tyranitar|Tyranitar, M|100/100|[from] U-turn
|-weather|Sandstorm|[from] ability: Sand Stream|[of] p1a: Tyranitar
|
|-weather|Sandstorm|[upkeep]
|-damage|p2a: Dragonite|91/100|[from] Sandstorm
|upkeep
|turn|12
|
|t:|1704819682
|move|p2a: Dragonite|Outrage|p1a: Tyranitar
|-damage|p1a: Tyranitar|25/100
|move|p1a: Tyranitar|Rock Slide|p2a: Dragonite
|-supereffective|p2a: Dragonite
|-damage|p2a: Dragonite|3/100
|
|-weather|Sandstorm|[upkeep]
|-damage|p2a: Dragonite|0 fnt|[from] Sandstorm
|faint|p2a: Dragonite
|upkeep
|
|t:|1704819697
|switch|p2a: Keldeo|Keldeo|98/100
|turn|13
|
|t:|1704819704
|switch|p1a: Celebi|Celebi|100/100
|move|p2a: Keldeo|Secret Sword|p1a: Celebi
|-resisted|p1a: Celebi
|-damage|p1a: Celebi|83/100
|
|-weather|Sandstorm|[upkeep]
|-damage|p2a: Keldeo|92/100|[from] Sandstorm
|-damage|p1a: Celebi|77/100|[from] Sandstorm
|-heal|p2a: Keldeo|98/100|[from] item: Leftovers
|-heal|p1a: Celebi|83/100|[from] item: Leftovers
|upkeep
|turn|14
|
|t:|1704819710
|move|p2a: Keldeo|Icy Wind|p1a: Celebi
|-supereffective|p1a: Celebi
|-damage|p1a: Celebi|61/100
|-unboost|p1a: Celebi|spe|1
|move|p1a: Celebi|Stealth Rock|p2a: Keldeo
|-sidestart|p2: succsacturne|move: Stealth Rock
|
|-weather|Sandstorm|[upkeep]
|-damage|p2a: Keldeo|92/100|[from] Sandstorm
|-damage|p1a: Celebi|55/100|[from] Sandstorm
|-heal|p2a: Keldeo|98/100|[from] item: Leftovers
|-heal|p1a: Celebi|61/100|[from] item: Leftovers
|upkeep
|turn|15
|
|t:|1704819716
|switch|p2a: Scizor|Scizor, M|100/100
|-damage|p2a: Scizor|88/100|[from] Stealth Rock
|move|p1a: Celebi|Recover|p1a: Celebi
|-heal|p1a: Celebi|100/100
|
|-weather|Sandstorm|[upkeep]
|-damage|p1a: Celebi|94/100|[from] Sandstorm
|-heal|p1a: Celebi|100/100|[from] item: Leftovers
|upkeep
|turn|16
|
|t:|1704819725
|move|p2a: Scizor|Swords Dance|p2a: Scizor
|-boost|p2a: Scizor|atk|2
|move|p1a: Celebi|U-turn|p2a: Scizor
|-resisted|p2a: Scizor
|-damage|p2a: Scizor|80/100
|
|t:|1704819737
|switch|p1a: Landorus|Landorus-Therian, M|100/100|[from] U-turn
|-ability|p1a: Landorus|Intimidate|boost
|-unboost|p2a: Scizor|atk|1
|
|-weather|Sandstorm|[upkeep]
|upkeep
|turn|17
|
|t:|1704819742
|move|p2a: Scizor|Bullet Punch|p1a: Landorus
|-damage|p1a: Landorus|45/100
|-damage|p2a: Scizor|70/100|[from] item: Life Orb
|move|p1a: Landorus|Earthquake|p2a: Scizor
|-damage|p2a: Scizor|7/100
|
|-weather|Sandstorm|[upkeep]
|upkeep
|turn|18
|
|t:|1704819752
|-activate|p1a: Landorus|move: Pursuit
|move|p2a: Scizor|Pursuit|p1a: Landorus|[from]Pursuit
|-damage|p1a: Landorus|0 fnt
|faint|p1a: Landorus
|-damage|p2a: Scizor|0 fnt|[from] item: Life Orb
|faint|p2a: Scizor
|-hint|A Pokemon can't switch between when it runs out of HP and when it faints
|
|-weather|Sandstorm|[upkeep]
|upkeep
|
|t:|1704819763
|switch|p1a: Celebi|Celebi|100/100
|switch|p2a: Keldeo|Keldeo|98/100
|-damage|p2a: Keldeo|92/100|[from] Stealth Rock
|turn|19
|
|t:|1704819767
|move|p2a: Keldeo|Icy Wind|p1a: Celebi
|-supereffective|p1a: Celebi
|-crit|p1a: Celebi
|-damage|p1a: Celebi|56/100
|-unboost|p1a: Celebi|spe|1
|move|p1a: Celebi|Psychic|p2a: Keldeo
|-supereffective|p2a: Keldeo
|-damage|p2a: Keldeo|25/100
|-unboost|p2a: Keldeo|spd|1
|
|-weather|Sandstorm|[upkeep]
|-damage|p2a: Keldeo|19/100|[from] Sandstorm
|-damage|p1a: Celebi|50/100|[from] Sandstorm
|-heal|p2a: Keldeo|25/100|[from] item: Leftovers
|-heal|p1a: Celebi|56/100|[from] item: Leftovers
|upkeep
|turn|20
|
|t:|1704819770
|move|p2a: Keldeo|Icy Wind|p1a: Celebi
|-supereffective|p1a: Celebi
|-damage|p1a: Celebi|32/100
|-unboost|p1a: Celebi|spe|1
|move|p1a: Celebi|Recover|p1a: Celebi
|-heal|p1a: Celebi|82/100
|
|-weather|Sandstorm|[upkeep]
|-damage|p2a: Keldeo|19/100|[from] Sandstorm
|-damage|p1a: Celebi|75/100|[from] Sandstorm
|-heal|p2a: Keldeo|25/100|[from] item: Leftovers
|-heal|p1a: Celebi|82/100|[from] item: Leftovers
|upkeep
|turn|21
|
|t:|1704819779
|move|p2a: Keldeo|Icy Wind|p1a: Celebi
|-supereffective|p1a: Celebi
|-damage|p1a: Celebi|58/100
|-unboost|p1a: Celebi|spe|1
|move|p1a: Celebi|Recover|p1a: Celebi
|-heal|p1a: Celebi|100/100
|
|-weather|Sandstorm|[upkeep]
|-damage|p2a: Keldeo|19/100|[from] Sandstorm
|-damage|p1a: Celebi|94/100|[from] Sandstorm
|-heal|p2a: Keldeo|25/100|[from] item: Leftovers
|-heal|p1a: Celebi|100/100|[from] item: Leftovers
|upkeep
|turn|22
|
|t:|1704819805
|move|p2a: Keldeo|Icy Wind|p1a: Celebi
|-supereffective|p1a: Celebi
|-damage|p1a: Celebi|77/100
|-unboost|p1a: Celebi|spe|1
|move|p1a: Celebi|Psychic|p2a: Keldeo
|-supereffective|p2a: Keldeo
|-damage|p2a: Keldeo|0 fnt
|faint|p2a: Keldeo
|
|-weather|Sandstorm|[upkeep]
|-damage|p1a: Celebi|71/100|[from] Sandstorm
|-heal|p1a: Celebi|77/100|[from] item: Leftovers
|upkeep
|
|t:|1704819820
|switch|p2a: Breloom|Breloom, M|100/100
|-damage|p2a: Breloom|94/100|[from] Stealth Rock
|turn|23
|c|☆succsacturne|go crit
|inactive|sniping bwvcs has 120 seconds left.
|inactive|sniping bwvcs has 90 seconds left.
|
|t:|1704819876
|switch|p1a: Keldeo|Keldeo|39/100
|move|p2a: Breloom|Swords Dance|p2a: Breloom
|-boost|p2a: Breloom|atk|2
|
|-weather|Sandstorm|[upkeep]
|-damage|p1a: Keldeo|33/100|[from] Sandstorm
|-damage|p2a: Breloom|88/100|[from] Sandstorm
|upkeep
|turn|24
|inactive|succsacturne has 120 seconds left.
|inactive|succsacturne has 90 seconds left.
|
|t:|1704819957
|move|p2a: Breloom|Mach Punch|p1a: Keldeo
|-damage|p1a: Keldeo|0 fnt
|faint|p1a: Keldeo
|-damage|p2a: Breloom|78/100|[from] item: Life Orb
|
|-weather|Sandstorm|[upkeep]
|-damage|p2a: Breloom|72/100|[from] Sandstorm
|upkeep
|
|t:|1704819962
|switch|p1a: Celebi|Celebi|77/100
|turn|25
|
|t:|1704819965
|move|p1a: Celebi|Psychic|p2a: Breloom
|-supereffective|p2a: Breloom
|-damage|p2a: Breloom|0 fnt
|faint|p2a: Breloom
|
|win|sniping bwvcs
|raw|sniping bwvcs's rating: 1689 &rarr; <strong>1708</strong><br />(+19 for winning)
|raw|succsacturne's rating: 1666 &rarr; <strong>1647</strong><br />(-19 for losing)
|c|☆sniping bwvcs|Buona notte
