|join|SalamenceTheDawn
|join|bibooo
|player|p1|SalamenceTheDawn|2
|player|p2|bibooo|8
|gametype|singles
|gen|5
|tier|[Gen 5] OU
|rated
|rule|Evasion Abilities Clause: Evasion abilities are banned
|clearpoke
|poke|p1|Hippowdon, F
|poke|p1|Garchomp, M
|poke|p1|Heatran, F
|poke|p1|Kyurem-Black
|poke|p1|Jirachi
|poke|p1|Landorus-Therian, M
|poke|p2|Hippowdon, M
|poke|p2|Stoutland, M
|poke|p2|Gastrodon, M
|poke|p2|Landorus-Therian, M
|poke|p2|Jirachi
|poke|p2|Alakazam, M
|rule|Sleep Clause Mod: Limit one foe put to sleep
|rule|Species Clause: Limit one of each Pokemon
|rule|OHKO Clause: OHKO moves are banned
|rule|Moody Clause: Moody is banned
|rule|Evasion Moves Clause: Evasion moves are banned
|rule|Endless Battle Clause: Forcing endless battles is banned.
|rule|HP Percentage Mod: HP is reported as percentages
|teampreview
|
|start
|switch|p1a: Jirachi|Jirachi|404/404
|switch|p2a: Landorus-Therian|Landorus-Therian, M|335/335
|-ability|p2a: Landorus-Therian|Intimidate|[of] p1a: Jirachi
|-unboost|p1a: Jirachi|atk|1
|turn|1
|
|switch|p1a: Landorus-Therian|Landorus-Therian, M|331/331
|-ability|p1a: Landorus-Therian|Intimidate|[of] p2a: Landorus-Therian
|-unboost|p2a: Landorus-Therian|atk|1
|move|p2a: Landorus-Therian|U-turn|p1a: Landorus-Therian
|-resisted|p1a: Landorus-Therian
|-damage|p1a: Landorus-Therian|293/331
|
|switch|p2a: Gastrodon|Gastrodon, M|426/426
|
|-heal|p1a: Landorus-Therian|313/331|[from] item: Leftovers
|turn|2
|
|switch|p1a: Jirachi|Jirachi|404/404
|move|p2a: Gastrodon|Ice Beam|p1a: Jirachi
|-crit|p1a: Jirachi
|-resisted|p1a: Jirachi
|-damage|p1a: Jirachi|334/404
|
|-heal|p1a: Jirachi|359/404|[from] item: Leftovers
|turn|3
|
|move|p1a: Jirachi|Body Slam|p2a: Gastrodon
|-damage|p2a: Gastrodon|337/426
|move|p2a: Gastrodon|Earth Power|p1a: Jirachi
|-supereffective|p1a: Jirachi
|-damage|p1a: Jirachi|185/404
|
|-heal|p1a: Jirachi|210/404|[from] item: Leftovers
|-heal|p2a: Gastrodon|363/426|[from] item: Leftovers
|turn|4
|
|move|p1a: Jirachi|Body Slam|p2a: Gastrodon
|-crit|p2a: Gastrodon
|-damage|p2a: Gastrodon|183/426
|move|p2a: Gastrodon|Earth Power|p1a: Jirachi
|-supereffective|p1a: Jirachi
|-damage|p1a: Jirachi|42/404
|
|-heal|p1a: Jirachi|67/404|[from] item: Leftovers
|-heal|p2a: Gastrodon|209/426|[from] item: Leftovers
|turn|5
|
|move|p1a: Jirachi|Iron Head|p2a: Gastrodon
|-resisted|p2a: Gastrodon
|-damage|p2a: Gastrodon|149/426
|cant|p2a: Gastrodon|flinch
|
|-heal|p1a: Jirachi|92/404|[from] item: Leftovers
|-heal|p2a: Gastrodon|175/426|[from] item: Leftovers
|turn|6
|
|move|p1a: Jirachi|Iron Head|p2a: Gastrodon
|-resisted|p2a: Gastrodon
|-damage|p2a: Gastrodon|106/426
|cant|p2a: Gastrodon|flinch
|
|-heal|p1a: Jirachi|117/404|[from] item: Leftovers
|-heal|p2a: Gastrodon|132/426|[from] item: Leftovers
|turn|7
|
|move|p1a: Jirachi|Iron Head|p2a: Gastrodon
|-resisted|p2a: Gastrodon
|-damage|p2a: Gastrodon|69/426
|cant|p2a: Gastrodon|flinch
|
|-heal|p1a: Jirachi|142/404|[from] item: Leftovers
|-heal|p2a: Gastrodon|95/426|[from] item: Leftovers
|turn|8
|
|move|p1a: Jirachi|Body Slam|p2a: Gastrodon
|-damage|p2a: Gastrodon|6/426
|move|p2a: Gastrodon|Earth Power|p1a: Jirachi
|-supereffective|p1a: Jirachi
|-damage|p1a: Jirachi|0 fnt
|faint|p1a: Jirachi
|
|-heal|p2a: Gastrodon|32/426|[from] item: Leftovers
|chat|SalamenceTheDawn|couldnt let u go down
|chat|SalamenceTheDawn|like that
|
|switch|p1a: Landorus-Therian|Landorus-Therian, M|313/331
|-ability|p1a: Landorus-Therian|Intimidate|[of] p2a: Gastrodon
|-unboost|p2a: Gastrodon|atk|1
|turn|9
|
|move|p1a: Landorus-Therian|Earthquake|p2a: Gastrodon
|-damage|p2a: Gastrodon|0 fnt
|faint|p2a: Gastrodon
|
|-heal|p1a: Landorus-Therian|331/331|[from] item: Leftovers
|
|switch|p2a: Hippowdon|Hippowdon, M|420/420
|-weather|Sandstorm|[from] ability: Sand Stream|[of] p2a: Hippowdon
|turn|10
|
|switch|p1a: Kyurem-Black|Kyurem-Black|454/454
|-ability|p1a: Kyurem-Black|Teravolt
|move|p2a: Hippowdon|Toxic|p1a: Kyurem-Black
|-status|p1a: Kyurem-Black|tox
|
|-weather|Sandstorm|[upkeep]
|-damage|p1a: Kyurem-Black|426/454 tox|[from] sandstorm
|-damage|p1a: Kyurem-Black|398/454 tox|[from] psn
|turn|11
|
|switch|p2a: Jirachi|Jirachi|404/404
|move|p1a: Kyurem-Black|Ice Beam|p2a: Jirachi
|-resisted|p2a: Jirachi
|-damage|p2a: Jirachi|338/404
|-damage|p1a: Kyurem-Black|353/454 tox|[from] item: Life Orb
|
|-weather|Sandstorm|[upkeep]
|-damage|p1a: Kyurem-Black|325/454 tox|[from] sandstorm
|-heal|p2a: Jirachi|363/404|[from] item: Leftovers
|-damage|p1a: Kyurem-Black|269/454 tox|[from] psn
|turn|12
|
|switch|p1a: Hippowdon|Hippowdon, F|420/420
|move|p2a: Jirachi|Body Slam|p1a: Hippowdon
|-damage|p1a: Hippowdon|375/420
|-status|p1a: Hippowdon|par
|
|-weather|Sandstorm|[upkeep]
|-heal|p2a: Jirachi|388/404|[from] item: Leftovers
|-heal|p1a: Hippowdon|401/420 par|[from] item: Leftovers
|turn|13
|
|switch|p2a: Landorus-Therian|Landorus-Therian, M|335/335
|-ability|p2a: Landorus-Therian|Intimidate|[of] p1a: Hippowdon
|-unboost|p1a: Hippowdon|atk|1
|move|p1a: Hippowdon|Stealth Rock|p2a: Landorus-Therian
|-sidestart|p2: bibooo|move: Stealth Rock
|
|-weather|Sandstorm|[upkeep]
|-heal|p1a: Hippowdon|420/420 par|[from] item: Leftovers
|turn|14
|
|switch|p1a: Kyurem-Black|Kyurem-Black|269/454 tox
|-ability|p1a: Kyurem-Black|Teravolt
|move|p2a: Landorus-Therian|Earthquake|p1a: Kyurem-Black
|-damage|p1a: Kyurem-Black|47/454 tox
|
|-weather|Sandstorm|[upkeep]
|-damage|p1a: Kyurem-Black|19/454 tox|[from] sandstorm
|-damage|p1a: Kyurem-Black|0 fnt|[from] psn
|faint|p1a: Kyurem-Black
|
|switch|p1a: Heatran|Heatran, F|351/351
|turn|15
|
|move|p2a: Landorus-Therian|Earthquake|p1a: Heatran
|-supereffective|p1a: Heatran
|-damage|p1a: Heatran|0 fnt
|faint|p1a: Heatran
|
|-weather|Sandstorm|[upkeep]
|
|switch|p1a: Landorus-Therian|Landorus-Therian, M|331/331
|-ability|p1a: Landorus-Therian|Intimidate|[of] p2a: Landorus-Therian
|-unboost|p2a: Landorus-Therian|atk|1
|turn|16
|
|switch|p2a: Hippowdon|Hippowdon, M|420/420
|-damage|p2a: Hippowdon|394/420|[from] Stealth Rock
|move|p1a: Landorus-Therian|Rock Polish|p1a: Landorus-Therian
|-boost|p1a: Landorus-Therian|spe|2
|
|-weather|Sandstorm|[upkeep]
|-heal|p2a: Hippowdon|420/420|[from] item: Leftovers
|turn|17
|
|move|p1a: Landorus-Therian|Swords Dance|p1a: Landorus-Therian
|-boost|p1a: Landorus-Therian|atk|2
|move|p2a: Hippowdon|Toxic|p1a: Landorus-Therian
|-status|p1a: Landorus-Therian|tox
|
|-weather|Sandstorm|[upkeep]
|-damage|p1a: Landorus-Therian|311/331 tox|[from] psn
|turn|18
|
|move|p1a: Landorus-Therian|Swords Dance|p1a: Landorus-Therian
|-boost|p1a: Landorus-Therian|atk|2
|move|p2a: Hippowdon|Stealth Rock|p1a: Landorus-Therian
|-sidestart|p1: SalamenceTheDawn|move: Stealth Rock
|
|-weather|Sandstorm|[upkeep]
|-heal|p1a: Landorus-Therian|331/331 tox|[from] item: Leftovers
|-damage|p1a: Landorus-Therian|291/331 tox|[from] psn
|turn|19
|
|move|p1a: Landorus-Therian|Earthquake|p2a: Hippowdon
|-damage|p2a: Hippowdon|33/420
|move|p2a: Hippowdon|Slack Off|p2a: Hippowdon
|-heal|p2a: Hippowdon|243/420
|
|-weather|Sandstorm|[upkeep]
|-heal|p1a: Landorus-Therian|311/331 tox|[from] item: Leftovers
|-heal|p2a: Hippowdon|269/420|[from] item: Leftovers
|-damage|p1a: Landorus-Therian|251/331 tox|[from] psn
|turn|20
|
|switch|p2a: Landorus-Therian|Landorus-Therian, M|335/335
|-damage|p2a: Landorus-Therian|294/335|[from] Stealth Rock
|-ability|p2a: Landorus-Therian|Intimidate|[of] p1a: Landorus-Therian
|-unboost|p1a: Landorus-Therian|atk|1
|move|p1a: Landorus-Therian|Stone Edge|p2a: Landorus-Therian
|-damage|p2a: Landorus-Therian|0 fnt
|faint|p2a: Landorus-Therian
|
|-weather|Sandstorm|[upkeep]
|-heal|p1a: Landorus-Therian|271/331 tox|[from] item: Leftovers
|-damage|p1a: Landorus-Therian|191/331 tox|[from] psn
|
|switch|p2a: Hippowdon|Hippowdon, M|269/420
|-damage|p2a: Hippowdon|243/420|[from] Stealth Rock
|turn|21
|
|move|p1a: Landorus-Therian|Earthquake|p2a: Hippowdon
|-damage|p2a: Hippowdon|0 fnt
|faint|p2a: Hippowdon
|
|-weather|Sandstorm|[upkeep]
|-heal|p1a: Landorus-Therian|211/331 tox|[from] item: Leftovers
|-damage|p1a: Landorus-Therian|111/331 tox|[from] psn
|
|switch|p2a: Alakazam|Alakazam, M|252/252
|turn|22
|
|move|p1a: Landorus-Therian|Earthquake|p2a: Alakazam
|-enditem|p2a: Alakazam|Focus Sash
|-damage|p2a: Alakazam|1/252
|move|p2a: Alakazam|Psyshock|p1a: Landorus-Therian
|-damage|p1a: Landorus-Therian|0 fnt
|faint|p1a: Landorus-Therian
|
|-weather|Sandstorm|[upkeep]
|
|switch|p1a: Hippowdon|Hippowdon, F|420/420 par
|-damage|p1a: Hippowdon|394/420 par|[from] Stealth Rock
|turn|23
|
|move|p2a: Alakazam|Energy Ball|p1a: Hippowdon
|-supereffective|p1a: Hippowdon
|-damage|p1a: Hippowdon|122/420 par
|cant|p1a: Hippowdon|par
|
|-weather|Sandstorm|[upkeep]
|-heal|p1a: Hippowdon|148/420 par|[from] item: Leftovers
|turn|24
|
|move|p2a: Alakazam|Energy Ball|p1a: Hippowdon
|-supereffective|p1a: Hippowdon
|-damage|p1a: Hippowdon|0 fnt
|faint|p1a: Hippowdon
|
|-weather|Sandstorm|[upkeep]
|
|switch|p1a: Garchomp|Garchomp, M|358/358
|-damage|p1a: Garchomp|336/358|[from] Stealth Rock
|turn|25
|
|move|p2a: Alakazam|Psyshock|p1a: Garchomp
|-damage|p1a: Garchomp|173/358
|move|p1a: Garchomp|Earthquake|p2a: Alakazam
|-damage|p2a: Alakazam|0 fnt
|faint|p2a: Alakazam
|
|-weather|Sandstorm|[upkeep]
|-heal|p1a: Garchomp|195/358|[from] item: Leftovers
|
|switch|p2a: Stoutland|Stoutland, M|311/311
|-damage|p2a: Stoutland|273/311|[from] Stealth Rock
|turn|26
|
|move|p2a: Stoutland|Return|p1a: Garchomp
|-damage|p1a: Garchomp|0 fnt
|-damage|p2a: Stoutland|235/311|[from] ability: Rough Skin|[of] p1a: Garchomp
|-damage|p2a: Stoutland|204/311|[from] item: Life Orb
|faint|p1a: Garchomp
|
|win|bibooo
|raw|Ladder updating...
|raw|SalamenceTheDawn's rating: 1429 &rarr; <strong>1402</strong><br />(-27 for losing)
|raw|bibooo's rating: 1316 &rarr; <strong>1342</strong><br />(+26 for winning)