|j|‽killerfishsandiego
|j|☆Dean Tyoowon
|t:|1731431903
|gametype|singles
|player|p1|killerfishsandiego|266|1408
|player|p2|Dean Tyoowon|gambler|1405
|teamsize|p1|6
|teamsize|p2|6
|gen|5
|tier|[Gen 5] OU
|rated|
|rule|Species Clause: Limit one of each Pokémon
|rule|OHKO Clause: OHKO moves are banned
|rule|Moody Clause: Moody is banned
|rule|Evasion Items Clause: Evasion items are banned
|rule|Evasion Moves Clause: Evasion moves are banned
|rule|Endless Battle Clause: Forcing endless battles is banned
|rule|HP Percentage Mod: HP is shown in percentages
|rule|Evasion Abilities Clause: Evasion abilities are banned
|rule|Sleep Moves Clause: Sleep-inducing moves are banned
|rule|Swagger Clause: Swagger is banned
|rule|Baton Pass Stat Clause: No Baton Passer may have a way to boost its stats
|clearpoke
|poke|p1|Gliscor, M|item
|poke|p1|Starmie|item
|poke|p1|Blissey, F|item
|poke|p1|Quagsire, M|item
|poke|p1|Tyranitar, M|item
|poke|p1|Skarmory, M|item
|poke|p2|Kyurem-Black|item
|poke|p2|Garchomp, M|item
|poke|p2|Magnezone|item
|poke|p2|Latios, M|item
|poke|p2|Excadrill, F|item
|poke|p2|Dragonite, M|item
|teampreview
|
|t:|1731431920
|start
|switch|p1a: Gliscor|Gliscor, M|100/100
|switch|p2a: Magnezone|Magnezone|100/100
|turn|1
|
|t:|1731431939
|switch|p2a: Garchomp|Garchomp, M|100/100
|move|p1a: Gliscor|Substitute|p1a: Gliscor
|-start|p1a: Gliscor|Substitute
|-damage|p1a: Gliscor|75/100
|
|-status|p1a: Gliscor|tox|[from] item: Toxic Orb
|upkeep
|turn|2
|
|t:|1731431947
|move|p2a: Garchomp|Stealth Rock|p1a: Gliscor
|-sidestart|p1: killerfishsandiego|move: Stealth Rock
|move|p1a: Gliscor|Stealth Rock|p2a: Garchomp
|-sidestart|p2: Dean Tyoowon|move: Stealth Rock
|
|-heal|p1a: Gliscor|88/100 tox|[from] ability: Poison Heal
|upkeep
|turn|3
|
|t:|1731431953
|move|p2a: Garchomp|Swords Dance|p2a: Garchomp
|-boost|p2a: Garchomp|atk|2
|move|p1a: Gliscor|Earthquake|p2a: Garchomp
|-damage|p2a: Garchomp|69/100
|
|-heal|p1a: Gliscor|100/100 tox|[from] ability: Poison Heal
|upkeep
|turn|4
|
|t:|1731431961
|move|p2a: Garchomp|Outrage|p1a: Gliscor
|-end|p1a: Gliscor|Substitute
|move|p1a: Gliscor|Earthquake|p2a: Garchomp
|-damage|p2a: Garchomp|38/100
|
|upkeep
|turn|5
|
|t:|1731431969
|move|p1a: Gliscor|Protect|p1a: Gliscor
|-singleturn|p1a: Gliscor|Protect
|move|p2a: Garchomp|Outrage|p1a: Gliscor|[from]lockedmove
|-activate|p1a: Gliscor|move: Protect
|
|upkeep
|turn|6
|
|t:|1731431986
|switch|p1a: Skarmory|Skarmory, M|100/100
|-damage|p1a: Skarmory|88/100|[from] Stealth Rock
|move|p2a: Garchomp|Outrage|p1a: Skarmory
|-resisted|p1a: Skarmory
|-damage|p1a: Skarmory|41/100
|-damage|p2a: Garchomp|22/100|[from] item: Rocky Helmet|[of] p1a: Skarmory
|
|upkeep
|turn|7
|
|t:|1731431998
|switch|p1a: Quagsire|Quagsire, M|100/100
|-damage|p1a: Quagsire|94/100|[from] Stealth Rock
|move|p2a: Garchomp|Outrage|p1a: Quagsire|[from]lockedmove
|-damage|p1a: Quagsire|50/100
|
|-heal|p1a: Quagsire|56/100|[from] item: Leftovers
|upkeep
|turn|8
|
|t:|1731432006
|move|p2a: Garchomp|Outrage|p1a: Quagsire|[from]lockedmove
|-damage|p1a: Quagsire|15/100
|-start|p2a: Garchomp|confusion|[fatigue]
|move|p1a: Quagsire|Recover|p1a: Quagsire
|-heal|p1a: Quagsire|65/100
|
|-heal|p1a: Quagsire|71/100|[from] item: Leftovers
|upkeep
|turn|9
|
|t:|1731432016
|switch|p2a: Latios|Latios, M|100/100
|-damage|p2a: Latios|88/100|[from] Stealth Rock
|move|p1a: Quagsire|Recover|p1a: Quagsire
|-heal|p1a: Quagsire|100/100
|
|upkeep
|turn|10
|
|t:|1731432022
|switch|p1a: Blissey|Blissey, F|100/100
|-damage|p1a: Blissey|88/100|[from] Stealth Rock
|move|p2a: Latios|Trick|p1a: Blissey
|-activate|p2a: Latios|move: Trick|[of] p1a: Blissey
|-item|p1a: Blissey|Choice Scarf|[from] move: Trick
|-item|p2a: Latios|Leftovers|[from] move: Trick
|
|-heal|p2a: Latios|94/100|[from] item: Leftovers
|upkeep
|turn|11
|
|t:|1731432031
|switch|p2a: Excadrill|Excadrill, F|100/100
|-damage|p2a: Excadrill|98/100|[from] Stealth Rock
|-ability|p2a: Excadrill|Mold Breaker
|switch|p1a: Tyranitar|Tyranitar, M|100/100
|-damage|p1a: Tyranitar|88/100|[from] Stealth Rock
|-weather|Sandstorm|[from] ability: Sand Stream|[of] p1a: Tyranitar
|
|-weather|Sandstorm|[upkeep]
|-heal|p2a: Excadrill|100/100|[from] item: Leftovers
|upkeep
|turn|12
|
|t:|1731432059
|move|p1a: Tyranitar|Superpower|p2a: Excadrill
|-supereffective|p2a: Excadrill
|-damage|p2a: Excadrill|2/100
|-unboost|p1a: Tyranitar|atk|1
|-unboost|p1a: Tyranitar|def|1
|move|p2a: Excadrill|Earthquake|p1a: Tyranitar
|-supereffective|p1a: Tyranitar
|-damage|p1a: Tyranitar|0 fnt
|faint|p1a: Tyranitar
|
|-weather|Sandstorm|[upkeep]
|-heal|p2a: Excadrill|8/100|[from] item: Leftovers
|upkeep
|
|t:|1731432063
|switch|p1a: Starmie|Starmie|100/100
|-damage|p1a: Starmie|88/100|[from] Stealth Rock
|turn|13
|
|t:|1731432073
|switch|p2a: Garchomp|Garchomp, M|22/100
|-damage|p2a: Garchomp|15/100|[from] Stealth Rock
|move|p1a: Starmie|Psyshock|p2a: Garchomp
|-damage|p2a: Garchomp|0 fnt
|faint|p2a: Garchomp
|
|-weather|Sandstorm|[upkeep]
|-damage|p1a: Starmie|82/100|[from] Sandstorm
|-heal|p1a: Starmie|88/100|[from] item: Leftovers
|upkeep
|
|t:|1731432083
|switch|p2a: Magnezone|Magnezone|100/100
|-damage|p2a: Magnezone|94/100|[from] Stealth Rock
|turn|14
|
|t:|1731432095
|switch|p2a: Excadrill|Excadrill, F|8/100
|-damage|p2a: Excadrill|5/100|[from] Stealth Rock
|-ability|p2a: Excadrill|Mold Breaker
|move|p1a: Starmie|Rapid Spin|p2a: Excadrill
|-resisted|p2a: Excadrill
|-damage|p2a: Excadrill|3/100
|-sideend|p1: killerfishsandiego|Stealth Rock|[from] move: Rapid Spin|[of] p1a: Starmie
|
|-weather|Sandstorm|[upkeep]
|-damage|p1a: Starmie|82/100|[from] Sandstorm
|-heal|p1a: Starmie|88/100|[from] item: Leftovers
|-heal|p2a: Excadrill|9/100|[from] item: Leftovers
|upkeep
|turn|15
|
|t:|1731432112
|switch|p2a: Latios|Latios, M|94/100
|-damage|p2a: Latios|82/100|[from] Stealth Rock
|move|p1a: Starmie|Psyshock|p2a: Latios
|-resisted|p2a: Latios
|-damage|p2a: Latios|64/100
|
|-weather|Sandstorm|[upkeep]
|-damage|p1a: Starmie|82/100|[from] Sandstorm
|-damage|p2a: Latios|58/100|[from] Sandstorm
|-heal|p1a: Starmie|88/100|[from] item: Leftovers
|-heal|p2a: Latios|64/100|[from] item: Leftovers
|upkeep
|turn|16
|
|t:|1731432129
|switch|p1a: Blissey|Blissey, F|88/100
|move|p2a: Latios|Dragon Pulse|p1a: Blissey
|-damage|p1a: Blissey|70/100
|
|-weather|Sandstorm|[upkeep]
|-damage|p2a: Latios|58/100|[from] Sandstorm
|-damage|p1a: Blissey|64/100|[from] Sandstorm
|-heal|p2a: Latios|64/100|[from] item: Leftovers
|upkeep
|turn|17
|
|t:|1731432138
|move|p2a: Latios|Draco Meteor|p1a: Blissey
|-crit|p1a: Blissey
|-damage|p1a: Blissey|7/100
|-unboost|p2a: Latios|spa|2
|move|p1a: Blissey|Seismic Toss|p2a: Latios
|-damage|p2a: Latios|30/100
|
|-weather|Sandstorm|[upkeep]
|-damage|p2a: Latios|24/100|[from] Sandstorm
|-damage|p1a: Blissey|1/100|[from] Sandstorm
|-heal|p2a: Latios|30/100|[from] item: Leftovers
|upkeep
|turn|18
|
|t:|1731432149
|move|p2a: Latios|Dragon Pulse|p1a: Blissey
|-damage|p1a: Blissey|0 fnt
|faint|p1a: Blissey
|
|-weather|Sandstorm|[upkeep]
|-damage|p2a: Latios|24/100|[from] Sandstorm
|-heal|p2a: Latios|30/100|[from] item: Leftovers
|upkeep
|
|t:|1731432153
|switch|p1a: Starmie|Starmie|88/100
|turn|19
|
|t:|1731432158
|move|p1a: Starmie|Psyshock|p2a: Latios
|-resisted|p2a: Latios
|-damage|p2a: Latios|11/100
|move|p2a: Latios|Draco Meteor|p1a: Starmie
|-damage|p1a: Starmie|47/100
|-unboost|p2a: Latios|spa|2
|
|-weather|Sandstorm|[upkeep]
|-damage|p1a: Starmie|41/100|[from] Sandstorm
|-damage|p2a: Latios|5/100|[from] Sandstorm
|-heal|p1a: Starmie|47/100|[from] item: Leftovers
|-heal|p2a: Latios|11/100|[from] item: Leftovers
|upkeep
|turn|20
|
|t:|1731432169
|move|p1a: Starmie|Recover|p1a: Starmie
|-heal|p1a: Starmie|97/100
|move|p2a: Latios|Draco Meteor|p1a: Starmie
|-damage|p1a: Starmie|71/100
|-unboost|p2a: Latios|spa|2
|
|-weather|Sandstorm|[upkeep]
|-damage|p1a: Starmie|65/100|[from] Sandstorm
|-damage|p2a: Latios|5/100|[from] Sandstorm
|-heal|p1a: Starmie|71/100|[from] item: Leftovers
|-heal|p2a: Latios|11/100|[from] item: Leftovers
|upkeep
|turn|21
|
|t:|1731432180
|switch|p2a: Magnezone|Magnezone|94/100
|-damage|p2a: Magnezone|88/100|[from] Stealth Rock
|move|p1a: Starmie|Recover|p1a: Starmie
|-heal|p1a: Starmie|100/100
|
|-weather|Sandstorm|[upkeep]
|-damage|p1a: Starmie|95/100|[from] Sandstorm
|-heal|p1a: Starmie|100/100|[from] item: Leftovers
|upkeep
|turn|22
|
|t:|1731432195
|switch|p1a: Gliscor|Gliscor, M|100/100 tox
|move|p2a: Magnezone|Volt Switch|p1a: Gliscor
|-immune|p1a: Gliscor
|
|-weather|Sandstorm|[upkeep]
|upkeep
|turn|23
|
|t:|1731432202
|switch|p2a: Latios|Latios, M|11/100
|-damage|p2a: Latios|0 fnt|[from] Stealth Rock
|faint|p2a: Latios
|move|p1a: Gliscor|Earthquake|p2: Latios|[notarget]
|-fail|p1a: Gliscor
|
|-weather|Sandstorm|[upkeep]
|upkeep
|
|t:|1731432217
|switch|p2a: Excadrill|Excadrill, F|9/100
|-damage|p2a: Excadrill|6/100|[from] Stealth Rock
|-ability|p2a: Excadrill|Mold Breaker
|turn|24
|
|t:|1731432223
|move|p1a: Gliscor|Earthquake|p2a: Excadrill
|-supereffective|p2a: Excadrill
|-damage|p2a: Excadrill|0 fnt
|faint|p2a: Excadrill
|
|-weather|Sandstorm|[upkeep]
|upkeep
|
|t:|1731432229
|switch|p2a: Kyurem|Kyurem-Black|100/100
|-damage|p2a: Kyurem|76/100|[from] Stealth Rock
|-ability|p2a: Kyurem|Teravolt
|turn|25
|
|t:|1731432244
|move|p2a: Kyurem|Ice Beam|p1a: Gliscor
|-supereffective|p1a: Gliscor
|-damage|p1a: Gliscor|0 fnt
|faint|p1a: Gliscor
|
|-weather|Sandstorm|[upkeep]
|-damage|p2a: Kyurem|70/100|[from] Sandstorm
|upkeep
|
|t:|1731432258
|switch|p1a: Starmie|Starmie|100/100
|turn|26
|
|t:|1731432262
|switch|p2a: Magnezone|Magnezone|88/100
|-damage|p2a: Magnezone|82/100|[from] Stealth Rock
|move|p1a: Starmie|Reflect Type|p2a: Magnezone
|-start|p1a: Starmie|typechange|[from] move: Reflect Type|[of] p2a: Magnezone
|
|-weather|Sandstorm|[upkeep]
|upkeep
|turn|27
|
|t:|1731432269
|move|p2a: Magnezone|Hidden Power|p1a: Starmie
|-supereffective|p1a: Starmie
|-damage|p1a: Starmie|40/100
|move|p1a: Starmie|Psyshock|p2a: Magnezone
|-resisted|p2a: Magnezone
|-damage|p2a: Magnezone|72/100
|
|-weather|Sandstorm|[upkeep]
|-heal|p1a: Starmie|46/100|[from] item: Leftovers
|upkeep
|turn|28
|
|t:|1731432277
|move|p2a: Magnezone|Hidden Power|p1a: Starmie
|-supereffective|p1a: Starmie
|-damage|p1a: Starmie|0 fnt
|faint|p1a: Starmie
|
|-weather|Sandstorm|[upkeep]
|upkeep
|
|t:|1731432281
|switch|p1a: Quagsire|Quagsire, M|100/100
|turn|29
|
|t:|1731432291
|switch|p2a: Kyurem|Kyurem-Black|70/100
|-damage|p2a: Kyurem|45/100|[from] Stealth Rock
|-ability|p2a: Kyurem|Teravolt
|move|p1a: Quagsire|Ice Beam|p2a: Kyurem
|-damage|p2a: Kyurem|29/100
|
|-weather|Sandstorm|[upkeep]
|-damage|p2a: Kyurem|23/100|[from] Sandstorm
|upkeep
|turn|30
|
|t:|1731432301
|switch|p1a: Skarmory|Skarmory, M|41/100
|move|p2a: Kyurem|Outrage|p1a: Skarmory
|-resisted|p1a: Skarmory
|-damage|p1a: Skarmory|0 fnt
|-damage|p2a: Kyurem|6/100|[from] item: Rocky Helmet|[of] p1a: Skarmory
|faint|p1a: Skarmory
|
|-weather|Sandstorm|[upkeep]
|-damage|p2a: Kyurem|0 fnt|[from] Sandstorm
|faint|p2a: Kyurem
|upkeep
|
|t:|1731432313
|switch|p2a: Dragonite|Dragonite, M|100/100
|switch|p1a: Quagsire|Quagsire, M|100/100
|-damage|p2a: Dragonite|76/100|[from] Stealth Rock
|turn|31
|
|t:|1731432319
|move|p2a: Dragonite|Outrage|p1a: Quagsire
|-damage|p1a: Quagsire|24/100
|move|p1a: Quagsire|Ice Beam|p2a: Dragonite
|-supereffective|p2a: Dragonite
|-damage|p2a: Dragonite|14/100
|
|-weather|Sandstorm|[upkeep]
|-damage|p2a: Dragonite|8/100|[from] Sandstorm
|-heal|p1a: Quagsire|30/100|[from] item: Leftovers
|upkeep
|turn|32
|-message|killerfishsandiego forfeited.
|
|win|Dean Tyoowon
|raw|killerfishsandiego's rating: 1408 &rarr; <strong>1388</strong><br />(-20 for losing)
|raw|Dean Tyoowon's rating: 1405 &rarr; <strong>1425</strong><br />(+20 for winning)
|l|‽killerfishsandiego
|player|p1|
|c|☆Dean Tyoowon|gg
