|j|Rokhan
|j|SweetPosho
|player|p1|Rokhan|33
|player|p2|SweetPosho|3
|gametype|singles
|gen|5
|tier|[Gen 5] OU
|rated
|seed|60211,15041,18316,50701
|rule|Evasion Abilities Clause: Evasion abilities are banned
|rule|Baton Pass Clause: Limit one Baton Passer, can't pass Spe and other stats simultaneously
|rule|Swagger Clause: Swagger is banned
|clearpoke
|poke|p1|Politoed, F|item
|poke|p1|Tornadus, M|item
|poke|p1|Celebi|item
|poke|p1|Jirachi|item
|poke|p1|Gyarados, M|item
|poke|p1|Garchomp, M|item
|poke|p2|Latias, F|item
|poke|p2|Tyranitar, M, shiny|item
|poke|p2|Latios, M, shiny|item
|poke|p2|Landorus-Therian, M|item
|poke|p2|Magnezone|item
|poke|p2|Garchomp, M|item
|rule|Sleep Clause Mod: Limit one foe put to sleep
|rule|Species Clause: Limit one of each Pokémon
|rule|OHKO Clause: OHKO moves are banned
|rule|Moody Clause: Moody is banned
|rule|Evasion Moves Clause: Evasion moves are banned
|rule|Endless Battle Clause: Forcing endless battles is banned
|rule|HP Percentage Mod: HP is shown in percentages
|teampreview
|choice|team 1, team 2, team 3, team 4, team 5, team 6|team 3, team 2, team 1, team 4, team 5, team 6
|
|start
|switch|p1a: Politoed|Politoed, F|321/321
|switch|p2a: Latios|Latios, M, shiny|301/301
|-weather|RainDance|[from] ability: Drizzle|[of] p1a: Politoed
|turn|1
|choice|switch 4|move calmmind
|
|switch|p1a: Jirachi|Jirachi|404/404
|move|p2a: Latios|Calm Mind|p2a: Latios
|-boost|p2a: Latios|spa|1
|-boost|p2a: Latios|spd|1
|
|-weather|RainDance|[upkeep]
|upkeep
|turn|2
|j|isuckwhy
|choice|move thunder|move surf
|
|move|p2a: Latios|Surf|p1a: Jirachi
|-damage|p1a: Jirachi|224/404
|move|p1a: Jirachi|Thunder|p2a: Latios
|-resisted|p2a: Latios
|-damage|p2a: Latios|271/301
|
|-weather|RainDance|[upkeep]
|-heal|p1a: Jirachi|249/404|[from] item: Leftovers
|upkeep
|turn|3
|choice|move thunder|switch 4
|
|switch|p2a: Landorus|Landorus-Therian, M|319/319
|-ability|p2a: Landorus|Intimidate|boost
|-unboost|p1a: Jirachi|atk|1
|move|p1a: Jirachi|Thunder|p2a: Landorus
|-immune|p2a: Landorus|[msg]
|
|-weather|RainDance|[upkeep]
|-heal|p1a: Jirachi|274/404|[from] item: Leftovers
|upkeep
|turn|4
|choice|switch 4|move earthquake
|
|switch|p1a: Politoed|Politoed, F|321/321
|move|p2a: Landorus|Earthquake|p1a: Politoed
|-damage|p1a: Politoed|0 fnt
|faint|p1a: Politoed
|
|-weather|RainDance|[upkeep]
|upkeep
|j|Staxi'
|choice|switch 5|
|
|switch|p1a: Gyarados|Gyarados, M|331/331
|turn|5
|choice|move dragondance|switch 3
|
|switch|p2a: Latias|Latias, F|363/363
|move|p1a: Gyarados|Dragon Dance|p1a: Gyarados
|-boost|p1a: Gyarados|atk|1
|-boost|p1a: Gyarados|spe|1
|
|-weather|RainDance|[upkeep]
|upkeep
|turn|6
|c| isuckwhy|Thunder warning
|choice|move return|move substitute
|
|move|p1a: Gyarados|Return|p2a: Latias
|-enditem|p1a: Gyarados|Normal Gem|[from] gem|[move] Return
|-damage|p2a: Latias|34/363
|move|p2a: Latias|Substitute|p2a: Latias
|-fail|p2a: Latias|move: Substitute|[weak]
|
|-weather|RainDance|[upkeep]
|-heal|p2a: Latias|56/363|[from] item: Leftovers
|upkeep
|turn|7
|choice|move waterfall|switch 2
|
|switch|p2a: Tyranitar|Tyranitar, M, shiny|404/404
|-weather|Sandstorm|[from] ability: Sand Stream|[of] p2a: Tyranitar
|move|p1a: Gyarados|Waterfall|p2a: Tyranitar
|-supereffective|p2a: Tyranitar
|-damage|p2a: Tyranitar|8/404
|
|-weather|Sandstorm|[upkeep]
|-damage|p1a: Gyarados|311/331|[from] sandstorm
|upkeep
|turn|8
|choice|move waterfall|move crunch
|
|move|p1a: Gyarados|Waterfall|p2a: Tyranitar
|-supereffective|p2a: Tyranitar
|-crit|p2a: Tyranitar
|-damage|p2a: Tyranitar|0 fnt
|faint|p2a: Tyranitar
|-ability|p1a: Gyarados|Moxie|boost
|-boost|p1a: Gyarados|atk|1
|
|-weather|Sandstorm|[upkeep]
|-damage|p1a: Gyarados|291/331|[from] sandstorm
|upkeep
|choice||switch 6
|
|switch|p2a: Garchomp|Garchomp, M|357/357
|turn|9
|choice|move waterfall|move outrage
|
|move|p2a: Garchomp|Outrage|p1a: Gyarados
|-damage|p1a: Gyarados|26/331
|move|p1a: Gyarados|Waterfall|p2a: Garchomp
|-damage|p2a: Garchomp|14/357
|-damage|p1a: Gyarados|0 fnt|[from] ability: Rough Skin|[of] p2a: Garchomp
|faint|p1a: Gyarados
|
|-weather|Sandstorm|[upkeep]
|upkeep
|choice|switch 4|
|
|switch|p1a: Jirachi|Jirachi|274/404
|turn|10
|choice|move stealthrock|move outrage
|
|move|p2a: Garchomp|Outrage|p1a: Jirachi|[from]lockedmove
|-resisted|p1a: Jirachi
|-damage|p1a: Jirachi|164/404
|-start|p2a: Garchomp|confusion|[fatigue]
|move|p1a: Jirachi|Stealth Rock|p2a: Garchomp
|-sidestart|p2: SweetPosho|move: Stealth Rock
|
|-weather|Sandstorm|[upkeep]
|-heal|p1a: Jirachi|189/404|[from] item: Leftovers
|upkeep
|turn|11
|choice|move uturn|move outrage
|
|-activate|p2a: Garchomp|confusion
|move|p2a: Garchomp|Outrage|p1a: Jirachi
|-resisted|p1a: Jirachi
|-damage|p1a: Jirachi|90/404
|move|p1a: Jirachi|U-turn|p2a: Garchomp
|-damage|p2a: Garchomp|0 fnt
|-damage|p1a: Jirachi|40/404|[from] ability: Rough Skin|[of] p2a: Garchomp
|faint|p2a: Garchomp
|choice|switch 6|
|
|switch|p1a: Garchomp|Garchomp, M|358/358
|
|-weather|Sandstorm|[upkeep]
|upkeep
|choice||switch 3
|
|switch|p2a: Landorus|Landorus-Therian, M|319/319
|-damage|p2a: Landorus|280/319|[from] Stealth Rock
|-ability|p2a: Landorus|Intimidate|boost
|-unboost|p1a: Garchomp|atk|1
|turn|12
|choice|switch 6|move rockpolish
|
|switch|p1a: Jirachi|Jirachi|40/404
|move|p2a: Landorus|Rock Polish|p2a: Landorus
|-boost|p2a: Landorus|spe|2
|
|-weather|Sandstorm|[upkeep]
|-heal|p1a: Jirachi|65/404|[from] item: Leftovers
|upkeep
|turn|13
|choice|move ironhead|move swordsdance
|
|move|p2a: Landorus|Swords Dance|p2a: Landorus
|-boost|p2a: Landorus|atk|2
|move|p1a: Jirachi|Iron Head|p2a: Landorus
|-damage|p2a: Landorus|183/319
|
|-weather|Sandstorm|[upkeep]
|-heal|p1a: Jirachi|90/404|[from] item: Leftovers
|upkeep
|turn|14
|choice|move ironhead|move earthquake
|
|move|p2a: Landorus|Earthquake|p1a: Jirachi
|-supereffective|p1a: Jirachi
|-damage|p1a: Jirachi|0 fnt
|faint|p1a: Jirachi
|
|-weather|Sandstorm|[upkeep]
|upkeep
|choice|switch 2|
|
|switch|p1a: Tornadus|Tornadus, M|299/299
|turn|15
|choice|move tailwind|move stoneedge
|
|move|p1a: Tornadus|Tailwind|p1a: Tornadus
|-sidestart|p1: Rokhan|move: Tailwind
|move|p2a: Landorus|Stone Edge|p1a: Tornadus
|-supereffective|p1a: Tornadus
|-damage|p1a: Tornadus|0 fnt
|faint|p1a: Tornadus
|
|-weather|Sandstorm|[upkeep]
|upkeep
|choice|switch 3|
|
|switch|p1a: Celebi|Celebi|341/341
|turn|16
|choice|move hiddenpower|move stoneedge
|
|move|p1a: Celebi|Hidden Power|p2a: Landorus
|-supereffective|p2a: Landorus
|-crit|p2a: Landorus
|-damage|p2a: Landorus|0 fnt
|faint|p2a: Landorus
|
|-weather|Sandstorm|[upkeep]
|-damage|p1a: Celebi|320/341|[from] sandstorm
|-heal|p1a: Celebi|341/341|[from] item: Leftovers
|upkeep
|choice||switch 4
|
|switch|p2a: Latios|Latios, M, shiny|271/301
|-damage|p2a: Latios|234/301|[from] Stealth Rock
|turn|17
|choice|move hiddenpower|move calmmind
|
|move|p1a: Celebi|Hidden Power|p2a: Latios
|-supereffective|p2a: Latios
|-damage|p2a: Latios|108/301
|move|p2a: Latios|Calm Mind|p2a: Latios
|-boost|p2a: Latios|spa|1
|-boost|p2a: Latios|spd|1
|
|-weather|Sandstorm|[upkeep]
|-damage|p1a: Celebi|320/341|[from] sandstorm
|-damage|p2a: Latios|90/301|[from] sandstorm
|-heal|p1a: Celebi|341/341|[from] item: Leftovers
|upkeep
|turn|18
|choice|move hiddenpower|move dracometeor
|
|move|p1a: Celebi|Hidden Power|p2a: Latios
|-supereffective|p2a: Latios
|-damage|p2a: Latios|0 fnt
|faint|p2a: Latios
|
|-weather|Sandstorm|[upkeep]
|-damage|p1a: Celebi|320/341|[from] sandstorm
|-heal|p1a: Celebi|341/341|[from] item: Leftovers
|-sideend|p1: Rokhan|move: Tailwind
|upkeep
|choice||switch 2
|
|switch|p2a: Latias|Latias, F|56/363
|-damage|p2a: Latias|11/363|[from] Stealth Rock
|turn|19
|choice|move nastyplot|move roost
|
|move|p2a: Latias|Roost|p2a: Latias
|-heal|p2a: Latias|193/363
|move|p1a: Celebi|Nasty Plot|p1a: Celebi
|-boost|p1a: Celebi|spa|2
|
|-weather|Sandstorm|[upkeep]
|-damage|p2a: Latias|171/363|[from] sandstorm
|-damage|p1a: Celebi|320/341|[from] sandstorm
|-heal|p2a: Latias|193/363|[from] item: Leftovers
|-heal|p1a: Celebi|341/341|[from] item: Leftovers
|upkeep
|turn|20
|choice|move hiddenpower|move calmmind
|
|move|p2a: Latias|Calm Mind|p2a: Latias
|-boost|p2a: Latias|spa|1
|-boost|p2a: Latias|spd|1
|move|p1a: Celebi|Hidden Power|p2a: Latias
|-supereffective|p2a: Latias
|-damage|p2a: Latias|49/363
|
|-weather|Sandstorm|[upkeep]
|-damage|p2a: Latias|27/363|[from] sandstorm
|-damage|p1a: Celebi|320/341|[from] sandstorm
|-heal|p2a: Latias|49/363|[from] item: Leftovers
|-heal|p1a: Celebi|341/341|[from] item: Leftovers
|upkeep
|turn|21
|choice|move nastyplot|move roost
|
|move|p2a: Latias|Roost|p2a: Latias
|-heal|p2a: Latias|231/363
|move|p1a: Celebi|Nasty Plot|p1a: Celebi
|-boost|p1a: Celebi|spa|2
|
|-weather|Sandstorm|[upkeep]
|-damage|p2a: Latias|209/363|[from] sandstorm
|-damage|p1a: Celebi|320/341|[from] sandstorm
|-heal|p2a: Latias|231/363|[from] item: Leftovers
|-heal|p1a: Celebi|341/341|[from] item: Leftovers
|upkeep
|turn|22
|choice|move nastyplot|move calmmind
|
|move|p2a: Latias|Calm Mind|p2a: Latias
|-boost|p2a: Latias|spa|1
|-boost|p2a: Latias|spd|1
|move|p1a: Celebi|Nasty Plot|p1a: Celebi
|-boost|p1a: Celebi|spa|2
|
|-weather|Sandstorm|[upkeep]
|-damage|p2a: Latias|209/363|[from] sandstorm
|-damage|p1a: Celebi|320/341|[from] sandstorm
|-heal|p2a: Latias|231/363|[from] item: Leftovers
|-heal|p1a: Celebi|341/341|[from] item: Leftovers
|upkeep
|turn|23
|choice|move hiddenpower|move calmmind
|
|move|p2a: Latias|Calm Mind|p2a: Latias
|-boost|p2a: Latias|spa|1
|-boost|p2a: Latias|spd|1
|move|p1a: Celebi|Hidden Power|p2a: Latias
|-supereffective|p2a: Latias
|-damage|p2a: Latias|65/363
|
|-weather|Sandstorm|[upkeep]
|-damage|p2a: Latias|43/363|[from] sandstorm
|-damage|p1a: Celebi|320/341|[from] sandstorm
|-heal|p2a: Latias|65/363|[from] item: Leftovers
|-heal|p1a: Celebi|341/341|[from] item: Leftovers
|upkeep
|turn|24
|choice|move hiddenpower|move roost
|
|move|p2a: Latias|Roost|p2a: Latias
|-heal|p2a: Latias|247/363
|move|p1a: Celebi|Hidden Power|p2a: Latias
|-supereffective|p2a: Latias
|-crit|p2a: Latias
|-damage|p2a: Latias|0 fnt
|faint|p2a: Latias
|
|-weather|Sandstorm|[upkeep]
|-damage|p1a: Celebi|320/341|[from] sandstorm
|-heal|p1a: Celebi|341/341|[from] item: Leftovers
|upkeep
|-message|SweetPosho forfeited.
|
|win|Rokhan
|player|p1
|player|p2
|l|SweetPosho
|raw|Rokhan's rating: 1360 &rarr; <strong>1384</strong><br />(+24 for winning)
|raw|SweetPosho's rating: 1426 &rarr; <strong>1403</strong><br />(-23 for losing)
|c| isuckwhy|oohhhh sweep