|uhtml|medal-msg|<div class="broadcast-blue">Curious what those medals under the avatar are? PS now has Ladder Seasons! For more information, check out the <a href="https://www.smogon.com/forums/threads/3740067/">thread on Smogon.</a></div>
|uhtml|medal-msg|<div class="broadcast-blue">Curious what those medals under the avatar are? PS now has Ladder Seasons! For more information, check out the <a href="https://www.smogon.com/forums/threads/3740067/">thread on Smogon.</a></div>
|j|☆snof2
|j|☆leoperi99
|t:|1712875206
|gametype|singles
|player|p1|snof2|266|1348
|player|p2|leoperi99|juggler-gen2|1443
|teamsize|p1|6
|teamsize|p2|6
|gen|5
|tier|[Gen 5] OU
|rated|
|rule|Species Clause: Limit one of each Pokémon
|rule|OHKO Clause: OHKO moves are banned
|rule|Moody Clause: Moody is banned
|rule|Evasion Items Clause: Evasion items are banned
|rule|Evasion Moves Clause: Evasion moves are banned
|rule|Endless Battle Clause: Forcing endless battles is banned
|rule|HP Percentage Mod: HP is shown in percentages
|rule|Evasion Abilities Clause: Evasion abilities are banned
|rule|Sleep Moves Clause: Sleep-inducing moves are banned
|rule|Swagger Clause: Swagger is banned
|rule|Baton Pass Stat Clause: No Baton Passer may have a way to boost its stats
|clearpoke
|poke|p1|Kyurem-Black|item
|poke|p1|Latios, M|item
|poke|p1|Rotom-Wash|item
|poke|p1|Gliscor, F|item
|poke|p1|Tyranitar, F|item
|poke|p1|Tentacruel, M|item
|poke|p2|Heatran, F|item
|poke|p2|Tyranitar, F|item
|poke|p2|Rotom-Wash|item
|poke|p2|Latios, M|item
|poke|p2|Landorus-Therian, M|item
|poke|p2|Excadrill, M|item
|teampreview
|
|t:|1712875215
|start
|switch|p1a: Rotom|Rotom-Wash|100/100
|switch|p2a: Landorus|Landorus-Therian, M|100/100
|-ability|p2a: Landorus|Intimidate|boost
|-unboost|p1a: Rotom|atk|1
|turn|1
|
|t:|1712875218
|move|p2a: Landorus|U-turn|p1a: Rotom
|-damage|p1a: Rotom|82/100
|
|t:|1712875221
|switch|p2a: Rotom|Rotom-Wash|100/100|[from] U-turn
|move|p1a: Rotom|Will-O-Wisp|p2a: Rotom
|-status|p2a: Rotom|brn
|
|-heal|p1a: Rotom|88/100|[from] item: Leftovers
|-damage|p2a: Rotom|88/100 brn|[from] brn
|upkeep
|turn|2
|
|t:|1712875230
|move|p1a: Rotom|Volt Switch|p2a: Rotom
|-damage|p2a: Rotom|60/100 brn
|inactive|Battle timer is ON: inactive players will automatically lose when time's up. (requested by leoperi99)
|
|t:|1712875260
|switch|p1a: Latios|Latios, M|100/100|[from] Volt Switch
|move|p2a: Rotom|Will-O-Wisp|p1a: Latios|[miss]
|-miss|p2a: Rotom|p1a: Latios
|
|-heal|p2a: Rotom|67/100 brn|[from] item: Leftovers
|-damage|p2a: Rotom|54/100 brn|[from] brn
|upkeep
|turn|3
|
|t:|1712875274
|switch|p2a: Tyranitar|Tyranitar, F|100/100
|-weather|Sandstorm|[from] ability: Sand Stream|[of] p2a: Tyranitar
|move|p1a: Latios|Dragon Pulse|p2a: Tyranitar
|-damage|p2a: Tyranitar|69/100
|
|-weather|Sandstorm|[upkeep]
|-damage|p1a: Latios|95/100|[from] Sandstorm
|upkeep
|turn|4
|
|t:|1712875282
|-activate|p1a: Latios|move: Pursuit
|move|p2a: Tyranitar|Pursuit|p1a: Latios|[from]Pursuit
|-supereffective|p1a: Latios
|-damage|p1a: Latios|0 fnt
|faint|p1a: Latios
|-hint|A Pokemon can't switch between when it runs out of HP and when it faints
|
|-weather|Sandstorm|[upkeep]
|upkeep
|
|t:|1712875288
|switch|p1a: Rotom|Rotom-Wash|88/100
|turn|5
|
|t:|1712875291
|switch|p2a: Rotom|Rotom-Wash|54/100 brn
|move|p1a: Rotom|Will-O-Wisp|p2a: Rotom
|-fail|p2a: Rotom|brn
|
|-weather|Sandstorm|[upkeep]
|-damage|p1a: Rotom|82/100|[from] Sandstorm
|-damage|p2a: Rotom|48/100 brn|[from] Sandstorm
|-heal|p1a: Rotom|88/100|[from] item: Leftovers
|-heal|p2a: Rotom|54/100 brn|[from] item: Leftovers
|-damage|p2a: Rotom|42/100 brn|[from] brn
|upkeep
|turn|6
|
|t:|1712875295
|move|p2a: Rotom|Pain Split|p1a: Rotom
|-sethp|p1a: Rotom|65/100|[from] move: Pain Split|[silent]
|-sethp|p2a: Rotom|65/100 brn|[from] move: Pain Split
|move|p1a: Rotom|Hydro Pump|p2a: Rotom
|-resisted|p2a: Rotom
|-damage|p2a: Rotom|42/100 brn
|
|-weather|Sandstorm|[upkeep]
|-damage|p1a: Rotom|59/100|[from] Sandstorm
|-damage|p2a: Rotom|36/100 brn|[from] Sandstorm
|-heal|p2a: Rotom|42/100 brn|[from] item: Leftovers
|-heal|p1a: Rotom|65/100|[from] item: Leftovers
|-damage|p2a: Rotom|30/100 brn|[from] brn
|upkeep
|turn|7
|
|t:|1712875303
|move|p2a: Rotom|Will-O-Wisp|p1a: Rotom
|-status|p1a: Rotom|brn
|move|p1a: Rotom|Volt Switch|p2a: Rotom
|-damage|p2a: Rotom|5/100 brn
|
|t:|1712875308
|switch|p1a: Gliscor|Gliscor, F|100/100|[from] Volt Switch
|
|-weather|Sandstorm|[upkeep]
|-damage|p2a: Rotom|0 fnt|[from] Sandstorm
|faint|p2a: Rotom
|-status|p1a: Gliscor|tox|[from] item: Toxic Orb
|upkeep
|
|t:|1712875316
|switch|p2a: Landorus|Landorus-Therian, M|100/100
|-ability|p2a: Landorus|Intimidate|boost
|-unboost|p1a: Gliscor|atk|1
|turn|8
|
|t:|1712875326
|move|p2a: Landorus|Stealth Rock|p1a: Gliscor
|-sidestart|p1: snof2|move: Stealth Rock
|move|p1a: Gliscor|Stealth Rock|p2a: Landorus
|-sidestart|p2: leoperi99|move: Stealth Rock
|
|-weather|Sandstorm|[upkeep]
|upkeep
|turn|9
|
|t:|1712875340
|switch|p1a: Rotom|Rotom-Wash|65/100 brn
|-damage|p1a: Rotom|52/100 brn|[from] Stealth Rock
|move|p2a: Landorus|Stealth Rock||[still]
|-fail|p2a: Landorus
|
|-weather|Sandstorm|[upkeep]
|-damage|p1a: Rotom|46/100 brn|[from] Sandstorm
|-heal|p1a: Rotom|52/100 brn|[from] item: Leftovers
|-damage|p1a: Rotom|40/100 brn|[from] brn
|upkeep
|turn|10
|
|t:|1712875349
|switch|p2a: Latios|Latios, M|100/100
|-damage|p2a: Latios|88/100|[from] Stealth Rock
|move|p1a: Rotom|Pain Split|p2a: Latios
|-sethp|p2a: Latios|64/100|[from] move: Pain Split|[silent]
|-sethp|p1a: Rotom|64/100 brn|[from] move: Pain Split
|
|-weather|Sandstorm|[upkeep]
|-damage|p2a: Latios|58/100|[from] Sandstorm
|-damage|p1a: Rotom|57/100 brn|[from] Sandstorm
|-heal|p1a: Rotom|64/100 brn|[from] item: Leftovers
|-damage|p1a: Rotom|51/100 brn|[from] brn
|upkeep
|turn|11
|
|t:|1712875354
|move|p2a: Latios|Calm Mind|p2a: Latios
|-boost|p2a: Latios|spa|1
|-boost|p2a: Latios|spd|1
|move|p1a: Rotom|Volt Switch|p2a: Latios
|-resisted|p2a: Latios
|-damage|p2a: Latios|49/100
|
|t:|1712875356
|switch|p1a: Tyranitar|Tyranitar, F|100/100|[from] Volt Switch
|-damage|p1a: Tyranitar|88/100|[from] Stealth Rock
|
|-weather|Sandstorm|[upkeep]
|-damage|p2a: Latios|43/100|[from] Sandstorm
|upkeep
|turn|12
|
|t:|1712875359
|move|p1a: Tyranitar|Pursuit|p2a: Latios
|-supereffective|p2a: Latios
|-enditem|p2a: Latios|Colbur Berry|[eat]
|-enditem|p2a: Latios|Colbur Berry|[weaken]
|-damage|p2a: Latios|15/100
|move|p2a: Latios|Surf|p1a: Tyranitar
|-supereffective|p1a: Tyranitar
|-damage|p1a: Tyranitar|28/100
|
|-weather|Sandstorm|[upkeep]
|-damage|p2a: Latios|9/100|[from] Sandstorm
|upkeep
|turn|13
|
|t:|1712875364
|move|p1a: Tyranitar|Pursuit|p2a: Latios
|-supereffective|p2a: Latios
|-damage|p2a: Latios|0 fnt
|faint|p2a: Latios
|
|-weather|Sandstorm|[upkeep]
|upkeep
|
|t:|1712875370
|switch|p2a: Excadrill|Excadrill, M|100/100
|-damage|p2a: Excadrill|97/100|[from] Stealth Rock
|turn|14
|
|t:|1712875375
|switch|p1a: Gliscor|Gliscor, F|100/100 tox
|-damage|p1a: Gliscor|88/100 tox|[from] Stealth Rock
|move|p2a: Excadrill|Rapid Spin|p1a: Gliscor
|-damage|p1a: Gliscor|83/100 tox
|-sideend|p2: leoperi99|Stealth Rock|[from] move: Rapid Spin|[of] p2a: Excadrill
|
|-weather|Sandstorm|[upkeep]
|-heal|p2a: Excadrill|100/100|[from] item: Leftovers
|-heal|p1a: Gliscor|95/100 tox|[from] ability: Poison Heal
|upkeep
|turn|15
|
|t:|1712875380
|switch|p2a: Heatran|Heatran, F, shiny|100/100
|-item|p2a: Heatran|Air Balloon
|move|p1a: Gliscor|Stealth Rock|p2a: Heatran
|-sidestart|p2: leoperi99|move: Stealth Rock
|
|-weather|Sandstorm|[upkeep]
|-heal|p1a: Gliscor|100/100 tox|[from] ability: Poison Heal
|upkeep
|turn|16
|
|t:|1712875385
|move|p2a: Heatran|Hidden Power|p1a: Gliscor
|-supereffective|p1a: Gliscor
|-damage|p1a: Gliscor|0 fnt
|faint|p1a: Gliscor
|
|-weather|Sandstorm|[upkeep]
|upkeep
|
|t:|1712875391
|switch|p1a: Tyranitar|Tyranitar, F|28/100
|-damage|p1a: Tyranitar|16/100|[from] Stealth Rock
|turn|17
|
|t:|1712875395
|switch|p2a: Landorus|Landorus-Therian, M|100/100
|-damage|p2a: Landorus|88/100|[from] Stealth Rock
|-ability|p2a: Landorus|Intimidate|boost
|-unboost|p1a: Tyranitar|atk|1
|move|p1a: Tyranitar|Crunch|p2a: Landorus
|-damage|p2a: Landorus|61/100
|-unboost|p2a: Landorus|def|1
|
|-weather|Sandstorm|[upkeep]
|upkeep
|turn|18
|
|t:|1712875399
|move|p2a: Landorus|U-turn|p1a: Tyranitar
|-supereffective|p1a: Tyranitar
|-damage|p1a: Tyranitar|0 fnt
|faint|p1a: Tyranitar
|
|t:|1712875408
|switch|p2a: Tyranitar|Tyranitar, F|69/100|[from] U-turn
|-damage|p2a: Tyranitar|57/100|[from] Stealth Rock
|
|-weather|Sandstorm|[upkeep]
|upkeep
|
|t:|1712875419
|switch|p1a: Tentacruel|Tentacruel, M|100/100
|-damage|p1a: Tentacruel|88/100|[from] Stealth Rock
|turn|19
|
|t:|1712875423
|move|p1a: Tentacruel|Rapid Spin|p2a: Tyranitar
|-resisted|p2a: Tyranitar
|-damage|p2a: Tyranitar|56/100
|-sideend|p1: snof2|Stealth Rock|[from] move: Rapid Spin|[of] p1a: Tentacruel
|move|p2a: Tyranitar|Crunch|p1a: Tentacruel
|-damage|p1a: Tentacruel|42/100
|
|-weather|Sandstorm|[upkeep]
|-damage|p1a: Tentacruel|36/100|[from] Sandstorm
|-heal|p1a: Tentacruel|42/100|[from] item: Black Sludge
|upkeep
|turn|20
|
|t:|1712875426
|move|p1a: Tentacruel|Scald|p2a: Tyranitar
|-supereffective|p2a: Tyranitar
|-damage|p2a: Tyranitar|36/100
|move|p2a: Tyranitar|Crunch|p1a: Tentacruel
|-damage|p1a: Tentacruel|0 fnt
|faint|p1a: Tentacruel
|
|-weather|Sandstorm|[upkeep]
|upkeep
|inactive|snof2 has 120 seconds left.
|
|t:|1712875458
|switch|p1a: Rotom|Rotom-Wash|51/100 brn
|turn|21
|inactive|leoperi99 has 120 seconds left.
|inactive|snof2 has 120 seconds left.
|
|t:|1712875512
|move|p1a: Rotom|Hydro Pump|p2a: Tyranitar
|-supereffective|p2a: Tyranitar
|-damage|p2a: Tyranitar|0 fnt
|faint|p2a: Tyranitar
|
|-weather|Sandstorm|[upkeep]
|-damage|p1a: Rotom|45/100 brn|[from] Sandstorm
|-heal|p1a: Rotom|51/100 brn|[from] item: Leftovers
|-damage|p1a: Rotom|39/100 brn|[from] brn
|upkeep
|
|t:|1712875519
|switch|p2a: Excadrill|Excadrill, M|100/100
|-damage|p2a: Excadrill|97/100|[from] Stealth Rock
|turn|22
|
|t:|1712875523
|move|p2a: Excadrill|Protect|p2a: Excadrill
|-singleturn|p2a: Excadrill|Protect
|move|p1a: Rotom|Pain Split|p2a: Excadrill
|-activate|p2a: Excadrill|move: Protect
|
|-weather|Sandstorm|[upkeep]
|-damage|p1a: Rotom|32/100 brn|[from] Sandstorm
|-heal|p2a: Excadrill|100/100|[from] item: Leftovers
|-heal|p1a: Rotom|39/100 brn|[from] item: Leftovers
|-damage|p1a: Rotom|26/100 brn|[from] brn
|upkeep
|turn|23
|
|t:|1712875532
|switch|p2a: Landorus|Landorus-Therian, M|61/100
|-damage|p2a: Landorus|49/100|[from] Stealth Rock
|-ability|p2a: Landorus|Intimidate|boost
|-unboost|p1a: Rotom|atk|1
|move|p1a: Rotom|Pain Split|p2a: Landorus
|-sethp|p2a: Landorus|36/100|[from] move: Pain Split|[silent]
|-sethp|p1a: Rotom|40/100 brn|[from] move: Pain Split
|
|-weather|Sandstorm|[upkeep]
|-damage|p1a: Rotom|34/100 brn|[from] Sandstorm
|-heal|p1a: Rotom|40/100 brn|[from] item: Leftovers
|-damage|p1a: Rotom|27/100 brn|[from] brn
|upkeep
|turn|24
|inactive|leoperi99 has 120 seconds left.
|
|t:|1712875547
|move|p2a: Landorus|Hidden Power|p1a: Rotom
|-resisted|p1a: Rotom
|-damage|p1a: Rotom|19/100 brn
|move|p1a: Rotom|Pain Split|p2a: Landorus
|-sethp|p2a: Landorus|27/100|[from] move: Pain Split|[silent]
|-sethp|p1a: Rotom|29/100 brn|[from] move: Pain Split
|
|-weather|Sandstorm|[upkeep]
|-damage|p1a: Rotom|23/100 brn|[from] Sandstorm
|-heal|p1a: Rotom|29/100 brn|[from] item: Leftovers
|-damage|p1a: Rotom|17/100 brn|[from] brn
|upkeep
|turn|25
|
|t:|1712875561
|move|p2a: Landorus|Hidden Power|p1a: Rotom
|-resisted|p1a: Rotom
|-damage|p1a: Rotom|8/100 brn
|move|p1a: Rotom|Pain Split|p2a: Landorus
|-sethp|p2a: Landorus|17/100|[from] move: Pain Split|[silent]
|-sethp|p1a: Rotom|19/100 brn|[from] move: Pain Split
|
|-weather|Sandstorm|[upkeep]
|-damage|p1a: Rotom|12/100 brn|[from] Sandstorm
|-heal|p1a: Rotom|19/100 brn|[from] item: Leftovers
|-damage|p1a: Rotom|6/100 brn|[from] brn
|upkeep
|turn|26
|
|t:|1712875569
|move|p2a: Landorus|Hidden Power|p1a: Rotom
|-resisted|p1a: Rotom
|-damage|p1a: Rotom|0 fnt
|faint|p1a: Rotom
|
|-weather|Sandstorm|[upkeep]
|upkeep
|
|t:|1712875571
|switch|p1a: Kyurem|Kyurem-Black|100/100
|-ability|p1a: Kyurem|Teravolt
|turn|27
|
|t:|1712875574
|move|p2a: Landorus|Hidden Power|p1a: Kyurem
|-damage|p1a: Kyurem|85/100
|move|p1a: Kyurem|Substitute|p1a: Kyurem
|-start|p1a: Kyurem|Substitute
|-damage|p1a: Kyurem|60/100
|
|-weather|Sandstorm|[upkeep]
|-damage|p1a: Kyurem|54/100|[from] Sandstorm
|-heal|p1a: Kyurem|60/100|[from] item: Leftovers
|upkeep
|turn|28
|
|t:|1712875576
|move|p2a: Landorus|Hidden Power|p1a: Kyurem
|-activate|p1a: Kyurem|Substitute|[damage]
|move|p1a: Kyurem|Ice Beam|p2a: Landorus
|-supereffective|p2a: Landorus
|-damage|p2a: Landorus|0 fnt
|faint|p2a: Landorus
|
|-weather|Sandstorm|[upkeep]
|-damage|p1a: Kyurem|54/100|[from] Sandstorm
|-heal|p1a: Kyurem|60/100|[from] item: Leftovers
|upkeep
|
|t:|1712875584
|switch|p2a: Excadrill|Excadrill, M|100/100
|-damage|p2a: Excadrill|97/100|[from] Stealth Rock
|turn|29
|
|t:|1712875588
|move|p2a: Excadrill|Protect|p2a: Excadrill
|-singleturn|p2a: Excadrill|Protect
|move|p1a: Kyurem|Earth Power|p2a: Excadrill
|-activate|p2a: Excadrill|move: Protect
|
|-weather|Sandstorm|[upkeep]
|-damage|p1a: Kyurem|54/100|[from] Sandstorm
|-heal|p1a: Kyurem|60/100|[from] item: Leftovers
|-heal|p2a: Excadrill|100/100|[from] item: Leftovers
|upkeep
|turn|30
|
|t:|1712875590
|move|p1a: Kyurem|Earth Power|p2a: Excadrill
|-supereffective|p2a: Excadrill
|-damage|p2a: Excadrill|22/100
|move|p2a: Excadrill|Iron Head|p1a: Kyurem
|-supereffective|p1a: Kyurem
|-end|p1a: Kyurem|Substitute
|
|-weather|Sandstorm|[upkeep]
|-damage|p1a: Kyurem|54/100|[from] Sandstorm
|-heal|p1a: Kyurem|60/100|[from] item: Leftovers
|-heal|p2a: Excadrill|28/100|[from] item: Leftovers
|upkeep
|turn|31
|
|t:|1712875599
|move|p1a: Kyurem|Ice Beam|p2a: Excadrill
|-damage|p2a: Excadrill|0 fnt
|faint|p2a: Excadrill
|
|-weather|Sandstorm|[upkeep]
|-damage|p1a: Kyurem|54/100|[from] Sandstorm
|-heal|p1a: Kyurem|60/100|[from] item: Leftovers
|upkeep
|
|t:|1712875601
|switch|p2a: Heatran|Heatran, F, shiny|100/100
|-damage|p2a: Heatran|88/100|[from] Stealth Rock
|-item|p2a: Heatran|Air Balloon
|turn|32
|
|t:|1712875605
|move|p1a: Kyurem|Ice Beam|p2a: Heatran
|-resisted|p2a: Heatran
|-damage|p2a: Heatran|77/100
|-enditem|p2a: Heatran|Air Balloon
|move|p2a: Heatran|Magma Storm|p1a: Kyurem
|-damage|p1a: Kyurem|5/100
|-activate|p1a: Kyurem|move: Magma Storm|[of] p2a: Heatran
|
|-weather|Sandstorm|[upkeep]
|-damage|p1a: Kyurem|0 fnt|[from] Sandstorm
|faint|p1a: Kyurem
|
|win|leoperi99
|upkeep
|raw|snof2's rating: 1348 &rarr; <strong>1333</strong><br />(-15 for losing)
|raw|leoperi99's rating: 1443 &rarr; <strong>1458</strong><br />(+15 for winning)
|c|☆leoperi99|gg
