|j|☆lijkjlkjlkjlkjlk
|j|☆Freezingpop
|t:|1725723592
|gametype|singles
|player|p1|lijkjlkjlkjlkjlk|bugcatcher-gen4dp|1462
|player|p2|Freezingpop|marley|1312
|teamsize|p1|6
|teamsize|p2|6
|gen|5
|tier|[Gen 5] OU
|rated|
|rule|Species Clause: Limit one of each Pokémon
|rule|OHKO Clause: OHKO moves are banned
|rule|Moody Clause: Moody is banned
|rule|Evasion Items Clause: Evasion items are banned
|rule|Evasion Moves Clause: Evasion moves are banned
|rule|Endless Battle Clause: Forcing endless battles is banned
|rule|HP Percentage Mod: HP is shown in percentages
|rule|Evasion Abilities Clause: Evasion abilities are banned
|rule|Sleep Moves Clause: Sleep-inducing moves are banned
|rule|Swagger Clause: Swagger is banned
|rule|Baton Pass Stat Clause: No Baton Passer may have a way to boost its stats
|clearpoke
|poke|p1|Bronzong|item
|poke|p1|Porygon2|item
|poke|p1|Reuniclus, F|item
|poke|p1|Chandelure, M|item
|poke|p1|Crawdaunt, F|item
|poke|p1|Terrakion|item
|poke|p2|Politoed, M|item
|poke|p2|Starmie|item
|poke|p2|Jirachi|item
|poke|p2|Latios, M|item
|poke|p2|Breloom, M|item
|poke|p2|Thundurus-Therian, M|item
|teampreview
|inactive|Battle timer is ON: inactive players will automatically lose when time's up. (requested by Freezingpop)
|
|t:|1725723614
|start
|switch|p1a: Porygon2|Porygon2|100/100
|switch|p2a: Jirachi|Jirachi|100/100
|-ability|p1a: Porygon2|Download|boost
|-boost|p1a: Porygon2|atk|1
|turn|1
|
|t:|1725723628
|switch|p1a: Chandelure|Chandelure, M|100/100
|-item|p1a: Chandelure|Air Balloon
|move|p2a: Jirachi|Stealth Rock|p1a: Chandelure
|-sidestart|p1: lijkjlkjlkjlkjlk|move: Stealth Rock
|
|upkeep
|turn|2
|
|t:|1725723643
|switch|p2a: Politoed|Politoed, M|100/100
|-weather|RainDance|[from] ability: Drizzle|[of] p2a: Politoed
|move|p1a: Chandelure|Trick Room|p1a: Chandelure
|-fieldstart|move: Trick Room|[of] p1a: Chandelure
|
|-weather|RainDance|[upkeep]
|upkeep
|turn|3
|
|t:|1725723649
|switch|p1a: Porygon2|Porygon2|100/100
|-damage|p1a: Porygon2|88/100|[from] Stealth Rock
|-ability|p1a: Porygon2|Download|boost
|-boost|p1a: Porygon2|spa|1
|move|p2a: Politoed|Protect||[still]
|-fail|p2a: Politoed
|
|-weather|RainDance|[upkeep]
|upkeep
|turn|4
|
|t:|1725723652
|move|p2a: Politoed|Protect|p2a: Politoed
|-singleturn|p2a: Politoed|Protect
|move|p1a: Porygon2|Thunder|p2a: Politoed
|-activate|p2a: Politoed|move: Protect
|
|-weather|RainDance|[upkeep]
|upkeep
|turn|5
|
|t:|1725723667
|switch|p2a: Thundurus|Thundurus-Therian, M, shiny|100/100
|move|p1a: Porygon2|Ice Beam|p2a: Thundurus
|-supereffective|p2a: Thundurus
|-damage|p2a: Thundurus|0 fnt
|faint|p2a: Thundurus
|
|-weather|RainDance|[upkeep]
|upkeep
|
|t:|1725723671
|switch|p2a: Breloom|Breloom, M|100/100
|turn|6
|
|t:|1725723673
|move|p2a: Breloom|Protect|p2a: Breloom
|-singleturn|p2a: Breloom|Protect
|move|p1a: Porygon2|Ice Beam|p2a: Breloom
|-activate|p2a: Breloom|move: Protect
|
|-weather|RainDance|[upkeep]
|-fieldend|move: Trick Room
|-status|p2a: Breloom|tox|[from] item: Toxic Orb
|upkeep
|turn|7
|
|t:|1725723679
|move|p2a: Breloom|Drain Punch|p1a: Porygon2
|-supereffective|p1a: Porygon2
|-damage|p1a: Porygon2|43/100
|move|p1a: Porygon2|Ice Beam|p2a: Breloom
|-supereffective|p2a: Breloom
|-damage|p2a: Breloom|0 fnt
|faint|p2a: Breloom
|
|-weather|RainDance|[upkeep]
|upkeep
|
|t:|1725723687
|switch|p2a: Latios|Latios, M|100/100
|turn|8
|
|t:|1725723699
|switch|p2a: Starmie|Starmie|100/100
|-item|p2a: Starmie|Air Balloon
|move|p1a: Porygon2|Recover|p1a: Porygon2
|-heal|p1a: Porygon2|93/100
|
|-weather|RainDance|[upkeep]
|upkeep
|turn|9
|-message|Freezingpop forfeited.
|
|win|lijkjlkjlkjlkjlk
|raw|lijkjlkjlkjlkjlk's rating: 1462 &rarr; <strong>1475</strong><br />(+13 for winning)
|raw|Freezingpop's rating: 1327 &rarr; <strong>1314</strong><br />(-13 for losing)
|l|☆Freezingpop
|player|p2|
