|j|☆DubbedOn
|j|☆leoperi99
|t:|1744741414
|gametype|singles
|player|p1|DubbedOn|gambler|1463
|player|p2|leoperi99|kris-gen2|1452
|teamsize|p1|6
|teamsize|p2|6
|gen|5
|tier|[Gen 5] OU
|rated|
|rule|Species Clause: Limit one of each Pokémon
|rule|OHKO Clause: OHKO moves are banned
|rule|Moody Clause: Moody is banned
|rule|Evasion Items Clause: Evasion items are banned
|rule|Evasion Moves Clause: Evasion moves are banned
|rule|Endless Battle Clause: Forcing endless battles is banned
|rule|HP Percentage Mod: HP is shown in percentages
|rule|Evasion Abilities Clause: Evasion abilities are banned
|rule|Sleep Moves Clause: Sleep-inducing moves are banned
|rule|Swagger Clause: Swagger is banned
|rule|Baton Pass Stat Clause: No Baton Passer may have a way to boost its stats
|clearpoke
|poke|p1|Latios, M|item
|poke|p1|Rotom-Wash|item
|poke|p1|Landorus-Therian, M|item
|poke|p1|Tyranitar, F|item
|poke|p1|Alakazam, F|item
|poke|p1|Ferrothorn, M|item
|poke|p2|Mamoswine, M|item
|poke|p2|Politoed, F|item
|poke|p2|Jirachi|item
|poke|p2|Thundurus-Therian, M|item
|poke|p2|Tentacruel, F|item
|poke|p2|Ferrothorn, M|item
|teampreview
|inactive|Battle timer is ON: inactive players will automatically lose when time's up. (requested by DubbedOn)
|
|t:|1744741434
|start
|switch|p1a: Rotom|Rotom-Wash|100/100
|switch|p2a: Thundurus|Thundurus-Therian, M|100/100
|turn|1
|
|t:|1744741457
|switch|p1a: Latios|Latios, M|100/100
|move|p2a: Thundurus|Thunder|p1a: Latios|[miss]
|-miss|p2a: Thundurus|p1a: Latios
|
|upkeep
|turn|2
|
|t:|1744741482
|switch|p1a: Landorus|Landorus-Therian, M|100/100
|-ability|p1a: Landorus|Intimidate|boost
|-unboost|p2a: Thundurus|atk|1
|switch|p2a: Ferrothorn|Ferrothorn, M|100/100
|
|upkeep
|turn|3
|
|t:|1744741498
|move|p1a: Landorus|Earthquake|p2a: Ferrothorn
|-crit|p2a: Ferrothorn
|-damage|p2a: Ferrothorn|11/100
|move|p2a: Ferrothorn|Power Whip|p1a: Landorus
|-damage|p1a: Landorus|41/100
|
|upkeep
|turn|4
|
|t:|1744741515
|switch|p2a: Thundurus|Thundurus-Therian, M|100/100
|move|p1a: Landorus|Earthquake|p2a: Thundurus
|-immune|p2a: Thundurus
|
|upkeep
|turn|5
|
|t:|1744741543
|switch|p1a: Latios|Latios, M|100/100
|move|p2a: Thundurus|Thunder|p1a: Latios
|-resisted|p1a: Latios
|-damage|p1a: Latios|64/100
|
|upkeep
|turn|6
|
|t:|1744741551
|switch|p2a: Jirachi|Jirachi|100/100
|move|p1a: Latios|Draco Meteor|p2a: Jirachi
|-resisted|p2a: Jirachi
|-damage|p2a: Jirachi|50/100
|-unboost|p1a: Latios|spa|2
|
|upkeep
|turn|7
|
|t:|1744741559
|switch|p2a: Thundurus|Thundurus-Therian, M|100/100
|switch|p1a: Ferrothorn|Ferrothorn, M|100/100
|
|upkeep
|turn|8
|
|t:|1744741566
|move|p2a: Thundurus|Agility|p2a: Thundurus
|-boost|p2a: Thundurus|spe|2
|move|p1a: Ferrothorn|Knock Off|p2a: Thundurus
|-damage|p2a: Thundurus|93/100
|-enditem|p2a: Thundurus|Leftovers|[from] move: Knock Off|[of] p1a: Ferrothorn
|
|upkeep
|turn|9
|
|t:|1744741575
|move|p2a: Thundurus|Focus Blast|p1a: Ferrothorn|[miss]
|-miss|p2a: Thundurus|p1a: Ferrothorn
|move|p1a: Ferrothorn|Gyro Ball|p2a: Thundurus
|-resisted|p2a: Thundurus
|-crit|p2a: Thundurus
|-damage|p2a: Thundurus|25/100
|
|upkeep
|turn|10
|
|t:|1744741581
|move|p2a: Thundurus|Focus Blast|p1a: Ferrothorn
|-supereffective|p1a: Ferrothorn
|-crit|p1a: Ferrothorn
|-damage|p1a: Ferrothorn|0 fnt
|faint|p1a: Ferrothorn
|
|upkeep
|
|t:|1744741596
|switch|p1a: Tyranitar|Tyranitar, F|100/100
|-weather|Sandstorm|[from] ability: Sand Stream|[of] p1a: Tyranitar
|turn|11
|
|t:|1744741611
|move|p2a: Thundurus|Focus Blast|p1a: Tyranitar
|-supereffective|p1a: Tyranitar
|-enditem|p1a: Tyranitar|Chople Berry|[eat]
|-enditem|p1a: Tyranitar|Chople Berry|[weaken]
|-damage|p1a: Tyranitar|63/100
|move|p1a: Tyranitar|Pursuit|p2a: Thundurus
|-damage|p2a: Thundurus|0 fnt
|faint|p2a: Thundurus
|
|-weather|Sandstorm|[upkeep]
|upkeep
|
|t:|1744741619
|switch|p2a: Jirachi|Jirachi|50/100
|turn|12
|
|t:|1744741642
|move|p2a: Jirachi|U-turn|p1a: Tyranitar
|-supereffective|p1a: Tyranitar
|-damage|p1a: Tyranitar|34/100
|
|t:|1744741645
|switch|p2a: Politoed|Politoed, F|100/100|[from] U-turn
|-weather|RainDance|[from] ability: Drizzle|[of] p2a: Politoed
|move|p1a: Tyranitar|Thunder Wave|p2a: Politoed
|-status|p2a: Politoed|par
|
|-weather|RainDance|[upkeep]
|upkeep
|turn|13
|
|t:|1744741653
|switch|p1a: Latios|Latios, M|64/100
|move|p2a: Politoed|Scald|p1a: Latios
|-resisted|p1a: Latios
|-damage|p1a: Latios|45/100
|
|-weather|RainDance|[upkeep]
|upkeep
|turn|14
|inactive|leoperi99 has 120 seconds left.
|
|t:|1744741689
|switch|p2a: Tentacruel|Tentacruel, F|100/100
|move|p1a: Latios|Draco Meteor|p2a: Tentacruel
|-damage|p2a: Tentacruel|18/100
|-unboost|p1a: Latios|spa|2
|
|-weather|RainDance|[upkeep]
|-heal|p2a: Tentacruel|24/100|[from] ability: Rain Dish
|-heal|p2a: Tentacruel|30/100|[from] item: Black Sludge
|upkeep
|turn|15
|
|t:|1744741705
|switch|p1a: Landorus|Landorus-Therian, M|41/100
|-ability|p1a: Landorus|Intimidate|boost
|-unboost|p2a: Tentacruel|atk|1
|switch|p2a: Jirachi|Jirachi|50/100
|
|-weather|RainDance|[upkeep]
|upkeep
|turn|16
|
|t:|1744741719
|move|p2a: Jirachi|Ice Punch|p1a: Landorus
|-supereffective|p1a: Landorus
|-damage|p1a: Landorus|0 fnt
|faint|p1a: Landorus
|
|-weather|RainDance|[upkeep]
|upkeep
|
|t:|1744741732
|switch|p1a: Rotom|Rotom-Wash|100/100
|turn|17
|
|t:|1744741745
|switch|p2a: Tentacruel|Tentacruel, F|30/100
|move|p1a: Rotom|Will-O-Wisp|p2a: Tentacruel
|-status|p2a: Tentacruel|brn
|
|-weather|RainDance|[upkeep]
|-heal|p2a: Tentacruel|36/100 brn|[from] ability: Rain Dish
|-heal|p2a: Tentacruel|42/100 brn|[from] item: Black Sludge
|-damage|p2a: Tentacruel|30/100 brn|[from] brn
|upkeep
|turn|18
|
|t:|1744741756
|move|p2a: Tentacruel|Scald|p1a: Rotom
|-resisted|p1a: Rotom
|-damage|p1a: Rotom|84/100
|move|p1a: Rotom|Volt Switch|p2a: Tentacruel
|-supereffective|p2a: Tentacruel
|-damage|p2a: Tentacruel|0 fnt
|faint|p2a: Tentacruel
|inactive|DubbedOn has 120 seconds left.
|
|t:|1744741796
|switch|p1a: Tyranitar|Tyranitar, F|34/100|[from] Volt Switch
|-weather|Sandstorm|[from] ability: Sand Stream|[of] p1a: Tyranitar
|
|-weather|Sandstorm|[upkeep]
|upkeep
|
|t:|1744741822
|switch|p2a: Mamoswine|Mamoswine, M|100/100
|turn|19
|
|t:|1744741835
|move|p2a: Mamoswine|Superpower|p1a: Tyranitar
|-supereffective|p1a: Tyranitar
|-damage|p1a: Tyranitar|0 fnt
|-unboost|p2a: Mamoswine|atk|1
|-unboost|p2a: Mamoswine|def|1
|faint|p1a: Tyranitar
|-damage|p2a: Mamoswine|91/100|[from] item: Life Orb
|
|-weather|Sandstorm|[upkeep]
|upkeep
|
|t:|1744741853
|switch|p1a: Alakazam|Alakazam, F|100/100
|turn|20
|
|t:|1744741857
|switch|p2a: Politoed|Politoed, F|100/100 par
|-weather|RainDance|[from] ability: Drizzle|[of] p2a: Politoed
|move|p1a: Alakazam|Grass Knot|p2a: Politoed
|-supereffective|p2a: Politoed
|-crit|p2a: Politoed
|-damage|p2a: Politoed|4/100 par
|
|-weather|RainDance|[upkeep]
|-heal|p2a: Politoed|10/100 par|[from] item: Leftovers
|upkeep
|turn|21
|
|t:|1744741881
|switch|p2a: Jirachi|Jirachi|50/100
|move|p1a: Alakazam|Shadow Ball|p2a: Jirachi
|-damage|p2a: Jirachi|16/100
|
|-weather|RainDance|[upkeep]
|upkeep
|turn|22
|inactive|DubbedOn has 90 seconds left.
|
|t:|1744741897
|switch|p1a: Rotom|Rotom-Wash|84/100
|move|p2a: Jirachi|U-turn|p1a: Rotom
|-damage|p1a: Rotom|70/100
|
|t:|1744741908
|switch|p2a: Politoed|Politoed, F|10/100 par|[from] U-turn
|
|-weather|RainDance|[upkeep]
|-heal|p1a: Rotom|76/100|[from] item: Leftovers
|-heal|p2a: Politoed|16/100 par|[from] item: Leftovers
|upkeep
|turn|23
|
|t:|1744741916
|move|p1a: Rotom|Volt Switch|p2a: Politoed
|-supereffective|p2a: Politoed
|-damage|p2a: Politoed|0 fnt
|faint|p2a: Politoed
|inactive|DubbedOn has 90 seconds left.
|
|t:|1744741943
|switch|p1a: Alakazam|Alakazam, F|100/100|[from] Volt Switch
|
|-weather|RainDance|[upkeep]
|upkeep
|
|t:|1744741953
|switch|p2a: Jirachi|Jirachi|16/100
|turn|24
|inactive|DubbedOn has 90 seconds left.
|
|t:|1744741961
|switch|p1a: Latios|Latios, M|45/100
|move|p2a: Jirachi|Healing Wish|p2a: Jirachi
|faint|p2a: Jirachi
|
|-weather|RainDance|[upkeep]
|upkeep
|
|t:|1744741965
|switch|p2a: Ferrothorn|Ferrothorn, M|11/100
|-heal|p2a: Ferrothorn|100/100|[from] move: Healing Wish
|turn|25
|
|t:|1744741970
|switch|p2a: Mamoswine|Mamoswine, M|91/100
|move|p1a: Latios|Trick|p2a: Mamoswine
|-activate|p1a: Latios|move: Trick|[of] p2a: Mamoswine
|-item|p2a: Mamoswine|Choice Specs|[from] move: Trick
|-item|p1a: Latios|Life Orb|[from] move: Trick
|
|-weather|RainDance|[upkeep]
|upkeep
|turn|26
|
|t:|1744741980
|switch|p1a: Rotom|Rotom-Wash|76/100
|switch|p2a: Ferrothorn|Ferrothorn, M|100/100
|
|-weather|RainDance|[upkeep]
|-heal|p1a: Rotom|82/100|[from] item: Leftovers
|upkeep
|turn|27
|
|t:|1744741983
|move|p1a: Rotom|Will-O-Wisp|p2a: Ferrothorn
|-status|p2a: Ferrothorn|brn
|-enditem|p2a: Ferrothorn|Lum Berry|[eat]
|-curestatus|p2a: Ferrothorn|brn|[msg]
|move|p2a: Ferrothorn|Power Whip|p1a: Rotom
|-supereffective|p1a: Rotom
|-crit|p1a: Rotom
|-damage|p1a: Rotom|0 fnt
|faint|p1a: Rotom
|
|-weather|RainDance|[upkeep]
|upkeep
|
|t:|1744741997
|switch|p1a: Alakazam|Alakazam, F|100/100
|turn|28
|
|t:|1744742003
|move|p1a: Alakazam|Hidden Power|p2a: Ferrothorn
|-supereffective|p2a: Ferrothorn
|-damage|p2a: Ferrothorn|49/100
|move|p2a: Ferrothorn|Gyro Ball|p1a: Alakazam
|-damage|p1a: Alakazam|0 fnt
|faint|p1a: Alakazam
|
|-weather|RainDance|[upkeep]
|upkeep
|inactive|DubbedOn has 120 seconds left.
|
|t:|1744742008
|switch|p1a: Latios|Latios, M|45/100
|turn|29
|
|t:|1744742012
|move|p1a: Latios|Draco Meteor|p2a: Ferrothorn
|-resisted|p2a: Ferrothorn
|-damage|p2a: Ferrothorn|10/100
|-unboost|p1a: Latios|spa|2
|-damage|p1a: Latios|35/100|[from] item: Life Orb
|move|p2a: Ferrothorn|Gyro Ball|p1a: Latios
|-damage|p1a: Latios|0 fnt
|faint|p1a: Latios
|
|win|leoperi99
|raw|DubbedOn's rating: 1463 &rarr; <strong>1442</strong><br />(-21 for losing)
|raw|leoperi99's rating: 1452 &rarr; <strong>1473</strong><br />(+21 for winning)
|l|☆DubbedOn
|player|p1|
|c|☆leoperi99|gg
