|j|☆chomp29
|j|☆chokewayne
|t:|1744791072
|gametype|singles
|player|p1|chomp29|lucas|1460
|player|p2|chokewayne|102|1510
|teamsize|p1|6
|teamsize|p2|6
|gen|5
|tier|[Gen 5] OU
|rated|
|rule|Species Clause: Limit one of each Pokémon
|rule|OHKO Clause: OHKO moves are banned
|rule|Moody Clause: Moody is banned
|rule|Evasion Items Clause: Evasion items are banned
|rule|Evasion Moves Clause: Evasion moves are banned
|rule|Endless Battle Clause: Forcing endless battles is banned
|rule|HP Percentage Mod: HP is shown in percentages
|rule|Evasion Abilities Clause: Evasion abilities are banned
|rule|Sleep Moves Clause: Sleep-inducing moves are banned
|rule|Swagger Clause: Swagger is banned
|rule|Baton Pass Stat Clause: No Baton Passer may have a way to boost its stats
|clearpoke
|poke|p1|Garchomp, M|item
|poke|p1|Volcarona, F|item
|poke|p1|Conkeldurr, M|item
|poke|p1|Starmie|item
|poke|p1|Scizor, F|item
|poke|p1|Dragonite, M|item
|poke|p2|Tyranitar, M|item
|poke|p2|Latias, F|item
|poke|p2|Rotom-Wash|item
|poke|p2|Alakazam, M|item
|poke|p2|Landorus-Therian, M|item
|poke|p2|Excadrill, F|item
|teampreview
|inactive|Battle timer is ON: inactive players will automatically lose when time's up. (requested by chomp29)
|j| skatehead
|c| skatehead|el chompooooooooooooooo
|
|t:|1744791096
|start
|switch|p1a: Garchomp|Garchomp, M|100/100
|switch|p2a: Latias|Latias, F|100/100
|turn|1
|
|t:|1744791113
|move|p2a: Latias|Ice Beam|p1a: Garchomp
|-supereffective|p1a: Garchomp
|-enditem|p1a: Garchomp|Focus Sash
|-damage|p1a: Garchomp|1/100
|move|p1a: Garchomp|Stealth Rock|p2a: Latias
|-sidestart|p2: chokewayne|move: Stealth Rock
|
|upkeep
|turn|2
|
|t:|1744791138
|switch|p1a: Starmie|Starmie|100/100
|move|p2a: Latias|Ice Beam|p1a: Starmie
|-resisted|p1a: Starmie
|-crit|p1a: Starmie
|-damage|p1a: Starmie|71/100
|
|upkeep
|turn|3
|
|t:|1744791142
|switch|p1a: Conkeldurr|Conkeldurr, M|100/100
|move|p2a: Latias|Draco Meteor|p1a: Conkeldurr
|-damage|p1a: Conkeldurr|55/100
|-unboost|p2a: Latias|spa|2
|
|-heal|p1a: Conkeldurr|61/100|[from] item: Leftovers
|upkeep
|turn|4
|
|t:|1744791154
|switch|p2a: Rotom|Rotom-Wash|100/100
|-damage|p2a: Rotom|88/100|[from] Stealth Rock
|move|p1a: Conkeldurr|Drain Punch|p2a: Rotom
|-damage|p2a: Rotom|59/100
|-heal|p1a: Conkeldurr|72/100|[from] drain|[of] p2a: Rotom
|
|-heal|p2a: Rotom|65/100|[from] item: Leftovers
|-heal|p1a: Conkeldurr|78/100|[from] item: Leftovers
|upkeep
|turn|5
|
|t:|1744791166
|move|p2a: Rotom|Volt Switch|p1a: Conkeldurr
|-damage|p1a: Conkeldurr|57/100
|
|t:|1744791168
|switch|p2a: Latias|Latias, F|100/100|[from] Volt Switch
|-damage|p2a: Latias|88/100|[from] Stealth Rock
|move|p1a: Conkeldurr|Drain Punch|p2a: Latias
|-resisted|p2a: Latias
|-damage|p2a: Latias|70/100
|-heal|p1a: Conkeldurr|65/100|[from] drain|[of] p2a: Latias
|-damage|p1a: Conkeldurr|49/100|[from] item: Rocky Helmet|[of] p2a: Latias
|
|-heal|p1a: Conkeldurr|55/100|[from] item: Leftovers
|upkeep
|turn|6
|inactive|chomp29 has 120 seconds left.
|
|t:|1744791210
|move|p2a: Latias|Draco Meteor|p1a: Conkeldurr
|-damage|p1a: Conkeldurr|10/100
|-unboost|p2a: Latias|spa|2
|move|p1a: Conkeldurr|Ice Punch|p2a: Latias
|-supereffective|p2a: Latias
|-damage|p2a: Latias|23/100
|-damage|p1a: Conkeldurr|0 fnt|[from] item: Rocky Helmet|[of] p2a: Latias
|faint|p1a: Conkeldurr
|
|upkeep
|
|t:|1744791233
|switch|p1a: Dragonite|Dragonite, M|100/100
|turn|7
|
|t:|1744791244
|move|p2a: Latias|Thunder Wave|p1a: Dragonite
|-status|p1a: Dragonite|par
|move|p1a: Dragonite|Dragon Dance|p1a: Dragonite
|-boost|p1a: Dragonite|atk|1
|-boost|p1a: Dragonite|spe|1
|
|upkeep
|turn|8
|
|t:|1744791248
|cant|p1a: Dragonite|par
|move|p2a: Latias|Ice Beam|p1a: Dragonite
|-supereffective|p1a: Dragonite
|-damage|p1a: Dragonite|77/100 par
|
|-heal|p1a: Dragonite|84/100 par|[from] item: Leftovers
|upkeep
|turn|9
|
|t:|1744791268
|move|p1a: Dragonite|Extreme Speed|p2a: Latias
|-damage|p2a: Latias|0 fnt
|-damage|p1a: Dragonite|67/100 par|[from] item: Rocky Helmet|[of] p2a: Latias
|faint|p2a: Latias
|
|-heal|p1a: Dragonite|73/100 par|[from] item: Leftovers
|upkeep
|
|t:|1744791271
|switch|p2a: Tyranitar|Tyranitar, M|100/100
|-damage|p2a: Tyranitar|88/100|[from] Stealth Rock
|-weather|Sandstorm|[from] ability: Sand Stream|[of] p2a: Tyranitar
|turn|10
|inactive|chomp29 has 90 seconds left.
|
|t:|1744791303
|move|p2a: Tyranitar|Stealth Rock|p1a: Dragonite
|-sidestart|p1: chomp29|move: Stealth Rock
|move|p1a: Dragonite|Superpower|p2a: Tyranitar
|-supereffective|p2a: Tyranitar
|-enditem|p2a: Tyranitar|Chople Berry|[eat]
|-enditem|p2a: Tyranitar|Chople Berry|[weaken]
|-damage|p2a: Tyranitar|0 fnt
|-unboost|p1a: Dragonite|atk|1
|-unboost|p1a: Dragonite|def|1
|faint|p2a: Tyranitar
|
|-weather|Sandstorm|[upkeep]
|-damage|p1a: Dragonite|67/100 par|[from] Sandstorm
|-heal|p1a: Dragonite|73/100 par|[from] item: Leftovers
|upkeep
|
|t:|1744791311
|switch|p2a: Excadrill|Excadrill, F|100/100
|-damage|p2a: Excadrill|97/100|[from] Stealth Rock
|turn|11
|inactive|chomp29 has 90 seconds left.
|
|t:|1744791323
|move|p2a: Excadrill|Substitute|p2a: Excadrill
|-start|p2a: Excadrill|Substitute
|-damage|p2a: Excadrill|73/100
|cant|p1a: Dragonite|par
|
|-weather|Sandstorm|[upkeep]
|-damage|p1a: Dragonite|67/100 par|[from] Sandstorm
|-heal|p2a: Excadrill|79/100|[from] item: Leftovers
|-heal|p1a: Dragonite|73/100 par|[from] item: Leftovers
|upkeep
|turn|12
|inactive|chomp29 has 90 seconds left.
|inactive|chomp29 has 60 seconds left.
|
|t:|1744791374
|move|p1a: Dragonite|Extreme Speed|p2a: Excadrill
|-resisted|p2a: Excadrill
|-activate|p2a: Excadrill|Substitute|[damage]
|move|p2a: Excadrill|Iron Head|p1a: Dragonite
|-damage|p1a: Dragonite|0 fnt
|faint|p1a: Dragonite
|
|-weather|Sandstorm|[upkeep]
|-heal|p2a: Excadrill|85/100|[from] item: Leftovers
|upkeep
|
|t:|1744791378
|switch|p1a: Starmie|Starmie|71/100
|-damage|p1a: Starmie|59/100|[from] Stealth Rock
|turn|13
|
|t:|1744791391
|move|p1a: Starmie|Rapid Spin|p2a: Excadrill
|-resisted|p2a: Excadrill
|-activate|p2a: Excadrill|Substitute|[damage]
|-sideend|p1: chomp29|Stealth Rock|[from] move: Rapid Spin|[of] p1a: Starmie
|move|p2a: Excadrill|Earthquake|p1a: Starmie
|-damage|p1a: Starmie|0 fnt
|faint|p1a: Starmie
|
|-weather|Sandstorm|[upkeep]
|-heal|p2a: Excadrill|91/100|[from] item: Leftovers
|upkeep
|
|t:|1744791398
|switch|p1a: Garchomp|Garchomp, M|1/100
|turn|14
|
|t:|1744791413
|switch|p2a: Landorus|Landorus-Therian, M|100/100
|-damage|p2a: Landorus|88/100|[from] Stealth Rock
|-ability|p2a: Landorus|Intimidate|boost
|-unboost|p1a: Garchomp|atk|1
|move|p1a: Garchomp|Earthquake|p2a: Landorus
|-immune|p2a: Landorus
|
|-weather|Sandstorm|[upkeep]
|upkeep
|turn|15
|inactive|chomp29 has 60 seconds left.
|
|t:|1744791444
|switch|p1a: Scizor|Scizor, F|100/100
|move|p2a: Landorus|Earthquake|p1a: Scizor
|-damage|p1a: Scizor|48/100
|
|-weather|Sandstorm|[upkeep]
|upkeep
|turn|16
|inactive|chomp29 has 60 seconds left.
|
|t:|1744791457
|move|p2a: Landorus|Earthquake|p1a: Scizor
|-damage|p1a: Scizor|2/100
|move|p1a: Scizor|U-turn|p2a: Landorus
|-resisted|p2a: Landorus
|-damage|p2a: Landorus|65/100
|
|t:|1744791462
|switch|p1a: Volcarona|Volcarona, F|100/100|[from] U-turn
|-item|p1a: Volcarona|Air Balloon
|
|-weather|Sandstorm|[upkeep]
|-damage|p1a: Volcarona|94/100|[from] Sandstorm
|upkeep
|turn|17
|
|t:|1744791470
|switch|p2a: Alakazam|Alakazam, M|100/100
|move|p1a: Volcarona|Quiver Dance|p1a: Volcarona
|-boost|p1a: Volcarona|spa|1
|-boost|p1a: Volcarona|spd|1
|-boost|p1a: Volcarona|spe|1
|
|-weather|Sandstorm|[upkeep]
|-damage|p1a: Volcarona|88/100|[from] Sandstorm
|upkeep
|turn|18
|inactive|chomp29 has 60 seconds left.
|
|t:|1744791488
|move|p1a: Volcarona|Bug Buzz|p2a: Alakazam
|-supereffective|p2a: Alakazam
|-enditem|p2a: Alakazam|Focus Sash
|-damage|p2a: Alakazam|1/100
|-unboost|p2a: Alakazam|spd|1
|move|p2a: Alakazam|Psychic|p1a: Volcarona
|-damage|p1a: Volcarona|53/100
|-enditem|p1a: Volcarona|Air Balloon
|
|-weather|Sandstorm|[upkeep]
|-damage|p1a: Volcarona|47/100|[from] Sandstorm
|upkeep
|turn|19
|inactive|chomp29 has 60 seconds left.
|
|t:|1744791504
|switch|p2a: Rotom|Rotom-Wash|65/100
|-damage|p2a: Rotom|52/100|[from] Stealth Rock
|move|p1a: Volcarona|Bug Buzz|p2a: Rotom
|-damage|p2a: Rotom|0 fnt
|faint|p2a: Rotom
|
|-weather|Sandstorm|[upkeep]
|-damage|p1a: Volcarona|41/100|[from] Sandstorm
|upkeep
|
|t:|1744791506
|switch|p2a: Landorus|Landorus-Therian, M|65/100
|-damage|p2a: Landorus|53/100|[from] Stealth Rock
|-ability|p2a: Landorus|Intimidate|boost
|-unboost|p1a: Volcarona|atk|1
|turn|20
|
|t:|1744791511
|move|p1a: Volcarona|Hidden Power|p2a: Landorus
|-supereffective|p2a: Landorus
|-damage|p2a: Landorus|0 fnt
|faint|p2a: Landorus
|
|-weather|Sandstorm|[upkeep]
|-damage|p1a: Volcarona|35/100|[from] Sandstorm
|upkeep
|
|t:|1744791514
|switch|p2a: Excadrill|Excadrill, F|91/100
|-damage|p2a: Excadrill|88/100|[from] Stealth Rock
|turn|21
|inactive|chomp29 has 60 seconds left.
|
|t:|1744791555
|move|p2a: Excadrill|Protect|p2a: Excadrill
|-singleturn|p2a: Excadrill|Protect
|move|p1a: Volcarona|Fire Blast|p2a: Excadrill
|-activate|p2a: Excadrill|move: Protect
|
|-weather|Sandstorm|[upkeep]
|-damage|p1a: Volcarona|29/100|[from] Sandstorm
|-heal|p2a: Excadrill|94/100|[from] item: Leftovers
|upkeep
|turn|22
|
|t:|1744791560
|move|p1a: Volcarona|Fire Blast|p2a: Excadrill
|-supereffective|p2a: Excadrill
|-crit|p2a: Excadrill
|-damage|p2a: Excadrill|0 fnt
|faint|p2a: Excadrill
|
|-weather|Sandstorm|[upkeep]
|-damage|p1a: Volcarona|23/100|[from] Sandstorm
|upkeep
|-message|chokewayne forfeited.
|
|win|chomp29
|raw|chomp29's rating: 1460 &rarr; <strong>1483</strong><br />(+23 for winning)
|raw|chokewayne's rating: 1510 &rarr; <strong>1487</strong><br />(-23 for losing)
|l|☆chokewayne
|player|p2|
