|j|☆krukz
|j|☆MonoMigui
|t:|1739564524
|gametype|singles
|player|p1|krukz|n|1283
|player|p2|MonoMigui|hoopster|1405
|teamsize|p1|6
|teamsize|p2|6
|gen|5
|tier|[Gen 5] OU
|rated|
|rule|Species Clause: Limit one of each Pokémon
|rule|OHKO Clause: OHKO moves are banned
|rule|Moody Clause: Moody is banned
|rule|Evasion Items Clause: Evasion items are banned
|rule|Evasion Moves Clause: Evasion moves are banned
|rule|Endless Battle Clause: Forcing endless battles is banned
|rule|HP Percentage Mod: HP is shown in percentages
|rule|Evasion Abilities Clause: Evasion abilities are banned
|rule|Sleep Moves Clause: Sleep-inducing moves are banned
|rule|Swagger Clause: Swagger is banned
|rule|Baton Pass Stat Clause: No Baton Passer may have a way to boost its stats
|clearpoke
|poke|p1|Politoed, M|item
|poke|p1|Chansey, F|item
|poke|p1|Tentacruel, F|item
|poke|p1|Ferrothorn, F|item
|poke|p1|Dragonite, F|item
|poke|p1|Tangrowth, M|item
|poke|p2|Abomasnow, M|item
|poke|p2|Kyurem-Black|item
|poke|p2|Excadrill, F|item
|poke|p2|Metagross|item
|poke|p2|Dragonite, M|item
|poke|p2|Latios, M|item
|teampreview
|inactive|Battle timer is ON: inactive players will automatically lose when time's up. (requested by krukz)
|inactive|MonoMigui has 120 seconds left.
|
|t:|1739564576
|start
|switch|p1a: Politoed|Politoed, M|100/100
|switch|p2a: Donald Trump|Dragonite, M|100/100
|-weather|RainDance|[from] ability: Drizzle|[of] p1a: Politoed
|turn|1
|
|t:|1739564589
|switch|p2a: Kim Jong-Un|Abomasnow, M|100/100
|-weather|Hail|[from] ability: Snow Warning|[of] p2a: Kim Jong-Un
|move|p1a: Politoed|Scald|p2a: Kim Jong-Un
|-resisted|p2a: Kim Jong-Un
|-damage|p2a: Kim Jong-Un|86/100
|
|-weather|Hail|[upkeep]
|-damage|p1a: Politoed|94/100|[from] Hail
|-heal|p1a: Politoed|100/100|[from] item: Leftovers
|upkeep
|turn|2
|
|t:|1739564599
|switch|p2a: Zelensky|Kyurem-Black|100/100
|-ability|p2a: Zelensky|Teravolt
|switch|p1a: Chansey|Chansey, F|100/100
|
|-weather|Hail|[upkeep]
|-damage|p1a: Chansey|94/100|[from] Hail
|upkeep
|turn|3
|
|t:|1739564615
|switch|p1a: Ferrothorn|Ferrothorn, F|100/100
|move|p2a: Zelensky|Substitute|p2a: Zelensky
|-start|p2a: Zelensky|Substitute
|-damage|p2a: Zelensky|76/100
|
|-weather|Hail|[upkeep]
|-damage|p1a: Ferrothorn|94/100|[from] Hail
|-heal|p2a: Zelensky|82/100|[from] item: Leftovers
|-heal|p1a: Ferrothorn|100/100|[from] item: Leftovers
|upkeep
|turn|4
|
|t:|1739564629
|move|p2a: Zelensky|Blizzard|p1a: Ferrothorn
|-damage|p1a: Ferrothorn|49/100
|move|p1a: Ferrothorn|Power Whip|p2a: Zelensky
|-resisted|p2a: Zelensky
|-activate|p2a: Zelensky|Substitute|[damage]
|
|-weather|Hail|[upkeep]
|-damage|p1a: Ferrothorn|43/100|[from] Hail
|-heal|p2a: Zelensky|88/100|[from] item: Leftovers
|-heal|p1a: Ferrothorn|49/100|[from] item: Leftovers
|upkeep
|turn|5
|
|t:|1739564638
|switch|p1a: Politoed|Politoed, M|100/100
|-weather|RainDance|[from] ability: Drizzle|[of] p1a: Politoed
|move|p2a: Zelensky|Blizzard|p1a: Politoed
|-resisted|p1a: Politoed
|-damage|p1a: Politoed|77/100
|
|-weather|RainDance|[upkeep]
|-heal|p2a: Zelensky|94/100|[from] item: Leftovers
|-heal|p1a: Politoed|83/100|[from] item: Leftovers
|upkeep
|turn|6
|
|t:|1739564644
|move|p2a: Zelensky|Fusion Bolt|p1a: Politoed
|-supereffective|p1a: Politoed
|-damage|p1a: Politoed|32/100
|move|p1a: Politoed|Perish Song|p1a: Politoed
|-start|p1a: Politoed|perish3|[silent]
|-start|p2a: Zelensky|perish3|[silent]
|-fieldactivate|move: Perish Song
|
|-weather|RainDance|[upkeep]
|-heal|p2a: Zelensky|99/100|[from] item: Leftovers
|-heal|p1a: Politoed|38/100|[from] item: Leftovers
|-start|p2a: Zelensky|perish3
|-start|p1a: Politoed|perish3
|upkeep
|turn|7
|
|t:|1739564657
|move|p1a: Politoed|Protect|p1a: Politoed
|-singleturn|p1a: Politoed|Protect
|move|p2a: Zelensky|Fusion Bolt|p1a: Politoed
|-activate|p1a: Politoed|move: Protect
|
|-weather|RainDance|[upkeep]
|-heal|p2a: Zelensky|100/100|[from] item: Leftovers
|-heal|p1a: Politoed|44/100|[from] item: Leftovers
|-start|p2a: Zelensky|perish2
|-start|p1a: Politoed|perish2
|upkeep
|turn|8
|
|t:|1739564663
|switch|p1a: Chansey|Chansey, F|94/100
|move|p2a: Zelensky|Fusion Bolt|p1a: Chansey
|-damage|p1a: Chansey|71/100
|
|-weather|RainDance|[upkeep]
|-start|p2a: Zelensky|perish1
|upkeep
|turn|9
|
|t:|1739564677
|switch|p2a: Klaus Schwab|Metagross|100/100
|move|p1a: Chansey|Stealth Rock|p2a: Klaus Schwab
|-sidestart|p2: MonoMigui|move: Stealth Rock
|
|-weather|RainDance|[upkeep]
|upkeep
|turn|10
|
|t:|1739564688
|-activate|p1a: Chansey|move: Pursuit
|move|p2a: Klaus Schwab|Pursuit|p1a: Chansey|[from] Pursuit
|-damage|p1a: Chansey|52/100
|switch|p1a: Tentacruel|Tentacruel, F|100/100
|
|-weather|RainDance|[upkeep]
|upkeep
|turn|11
|
|t:|1739564700
|move|p1a: Tentacruel|Scald|p2a: Klaus Schwab
|-damage|p2a: Klaus Schwab|71/100
|move|p2a: Klaus Schwab|Earthquake|p1a: Tentacruel
|-supereffective|p1a: Tentacruel
|-damage|p1a: Tentacruel|36/100
|
|-weather|RainDance|[upkeep]
|-heal|p1a: Tentacruel|42/100|[from] ability: Rain Dish
|-heal|p1a: Tentacruel|48/100|[from] item: Black Sludge
|upkeep
|turn|12
|
|t:|1739564705
|switch|p2a: Kim Jong-Un|Abomasnow, M|86/100
|-damage|p2a: Kim Jong-Un|61/100|[from] Stealth Rock
|-weather|Hail|[from] ability: Snow Warning|[of] p2a: Kim Jong-Un
|move|p1a: Tentacruel|Protect||[still]
|-fail|p1a: Tentacruel
|
|-weather|Hail|[upkeep]
|-damage|p1a: Tentacruel|42/100|[from] Hail
|-heal|p1a: Tentacruel|48/100|[from] item: Black Sludge
|upkeep
|turn|13
|
|t:|1739564719
|switch|p2a: Maduro|Excadrill, F|100/100
|-damage|p2a: Maduro|97/100|[from] Stealth Rock
|-ability|p2a: Maduro|Mold Breaker
|-item|p2a: Maduro|Air Balloon
|move|p1a: Tentacruel|Toxic|p2a: Maduro
|-immune|p2a: Maduro
|
|-weather|Hail|[upkeep]
|-damage|p2a: Maduro|91/100|[from] Hail
|-damage|p1a: Tentacruel|42/100|[from] Hail
|-heal|p1a: Tentacruel|48/100|[from] item: Black Sludge
|upkeep
|turn|14
|
|t:|1739564727
|move|p2a: Maduro|Rapid Spin|p1a: Tentacruel
|-damage|p1a: Tentacruel|42/100
|-sideend|p2: MonoMigui|Stealth Rock|[from] move: Rapid Spin|[of] p2a: Maduro
|move|p1a: Tentacruel|Scald|p2a: Maduro
|-supereffective|p2a: Maduro
|-crit|p2a: Maduro
|-damage|p2a: Maduro|0 fnt
|-enditem|p2a: Maduro|Air Balloon
|faint|p2a: Maduro
|
|-weather|Hail|[upkeep]
|-damage|p1a: Tentacruel|36/100|[from] Hail
|-heal|p1a: Tentacruel|42/100|[from] item: Black Sludge
|upkeep
|
|t:|1739564734
|switch|p2a: Zelensky|Kyurem-Black|100/100
|-ability|p2a: Zelensky|Teravolt
|turn|15
|
|t:|1739564744
|switch|p1a: Chansey|Chansey, F|52/100
|move|p2a: Zelensky|Substitute|p2a: Zelensky
|-start|p2a: Zelensky|Substitute
|-damage|p2a: Zelensky|76/100
|
|-weather|Hail|[upkeep]
|-damage|p1a: Chansey|46/100|[from] Hail
|-heal|p2a: Zelensky|82/100|[from] item: Leftovers
|upkeep
|turn|16
|
|t:|1739564757
|move|p2a: Zelensky|Fusion Bolt|p1a: Chansey
|-damage|p1a: Chansey|23/100
|move|p1a: Chansey|Soft-Boiled|p1a: Chansey
|-heal|p1a: Chansey|73/100
|
|-weather|Hail|[upkeep]
|-damage|p1a: Chansey|66/100|[from] Hail
|-heal|p2a: Zelensky|88/100|[from] item: Leftovers
|upkeep
|turn|17
|
|t:|1739564764
|move|p2a: Zelensky|Earth Power|p1a: Chansey
|-damage|p1a: Chansey|56/100
|move|p1a: Chansey|Soft-Boiled|p1a: Chansey
|-heal|p1a: Chansey|100/100
|
|-weather|Hail|[upkeep]
|-damage|p1a: Chansey|94/100|[from] Hail
|-heal|p2a: Zelensky|94/100|[from] item: Leftovers
|upkeep
|turn|18
|
|t:|1739564768
|move|p2a: Zelensky|Earth Power|p1a: Chansey
|-damage|p1a: Chansey|85/100
|-unboost|p1a: Chansey|spd|1
|move|p1a: Chansey|Stealth Rock|p2a: Zelensky
|-sidestart|p2: MonoMigui|move: Stealth Rock
|
|-weather|Hail|[upkeep]
|-damage|p1a: Chansey|79/100|[from] Hail
|-heal|p2a: Zelensky|99/100|[from] item: Leftovers
|upkeep
|turn|19
|
|t:|1739564774
|switch|p1a: Politoed|Politoed, M|44/100
|-weather|RainDance|[from] ability: Drizzle|[of] p1a: Politoed
|move|p2a: Zelensky|Earth Power|p1a: Politoed
|-damage|p1a: Politoed|17/100
|
|-weather|RainDance|[upkeep]
|-heal|p2a: Zelensky|100/100|[from] item: Leftovers
|-heal|p1a: Politoed|23/100|[from] item: Leftovers
|upkeep
|turn|20
|
|t:|1739564784
|move|p1a: Politoed|Protect|p1a: Politoed
|-singleturn|p1a: Politoed|Protect
|move|p2a: Zelensky|Fusion Bolt|p1a: Politoed
|-activate|p1a: Politoed|move: Protect
|
|-weather|RainDance|[upkeep]
|-heal|p1a: Politoed|29/100|[from] item: Leftovers
|upkeep
|turn|21
|
|t:|1739564796
|switch|p1a: Chansey|Chansey, F|79/100
|move|p2a: Zelensky|Earth Power|p1a: Chansey
|-damage|p1a: Chansey|70/100
|
|-weather|RainDance|[upkeep]
|upkeep
|turn|22
|
|t:|1739564803
|move|p2a: Zelensky|Blizzard|p1a: Chansey
|-damage|p1a: Chansey|51/100
|move|p1a: Chansey|Seismic Toss|p2a: Zelensky
|-activate|p2a: Zelensky|Substitute|[damage]
|
|-weather|RainDance|[upkeep]
|upkeep
|turn|23
|
|t:|1739564810
|move|p2a: Zelensky|Blizzard|p1a: Chansey
|-damage|p1a: Chansey|33/100
|move|p1a: Chansey|Soft-Boiled|p1a: Chansey
|-heal|p1a: Chansey|83/100
|
|-weather|RainDance|[upkeep]
|upkeep
|turn|24
|
|t:|1739564815
|move|p2a: Zelensky|Fusion Bolt|p1a: Chansey
|-damage|p1a: Chansey|59/100
|move|p1a: Chansey|Seismic Toss|p2a: Zelensky
|-end|p2a: Zelensky|Substitute
|
|-weather|RainDance|[upkeep]
|upkeep
|turn|25
|
|t:|1739564821
|move|p2a: Zelensky|Substitute|p2a: Zelensky
|-start|p2a: Zelensky|Substitute
|-damage|p2a: Zelensky|76/100
|move|p1a: Chansey|Seismic Toss|p2a: Zelensky
|-activate|p2a: Zelensky|Substitute|[damage]
|
|-weather|RainDance|[upkeep]
|-heal|p2a: Zelensky|82/100|[from] item: Leftovers
|upkeep
|turn|26
|
|t:|1739564825
|move|p2a: Zelensky|Earth Power|p1a: Chansey
|-damage|p1a: Chansey|50/100
|move|p1a: Chansey|Soft-Boiled|p1a: Chansey
|-heal|p1a: Chansey|99/100
|
|-weather|RainDance|[upkeep]
|-heal|p2a: Zelensky|88/100|[from] item: Leftovers
|upkeep
|turn|27
|
|t:|1739564830
|move|p2a: Zelensky|Earth Power|p1a: Chansey
|-damage|p1a: Chansey|91/100
|move|p1a: Chansey|Seismic Toss|p2a: Zelensky
|-end|p2a: Zelensky|Substitute
|
|-weather|RainDance|[upkeep]
|-heal|p2a: Zelensky|94/100|[from] item: Leftovers
|upkeep
|turn|28
|
|t:|1739564840
|switch|p2a: Xi Jinping|Latios, M|100/100
|-damage|p2a: Xi Jinping|88/100|[from] Stealth Rock
|switch|p1a: Tentacruel|Tentacruel, F|42/100
|
|-weather|RainDance|[upkeep]
|-heal|p1a: Tentacruel|48/100|[from] ability: Rain Dish
|-heal|p1a: Tentacruel|54/100|[from] item: Black Sludge
|upkeep
|turn|29
|
|t:|1739564852
|switch|p2a: Kim Jong-Un|Abomasnow, M|61/100
|-damage|p2a: Kim Jong-Un|36/100|[from] Stealth Rock
|-weather|Hail|[from] ability: Snow Warning|[of] p2a: Kim Jong-Un
|move|p1a: Tentacruel|Protect||[still]
|-fail|p1a: Tentacruel
|
|-weather|Hail|[upkeep]
|-damage|p1a: Tentacruel|48/100|[from] Hail
|-heal|p1a: Tentacruel|54/100|[from] item: Black Sludge
|upkeep
|turn|30
|
|t:|1739564859
|move|p1a: Tentacruel|Toxic|p2a: Kim Jong-Un
|-status|p2a: Kim Jong-Un|tox
|move|p2a: Kim Jong-Un|Giga Drain|p1a: Tentacruel
|-damage|p1a: Tentacruel|29/100
|-heal|p2a: Kim Jong-Un|51/100 tox|[from] drain|[of] p1a: Tentacruel
|
|-weather|Hail|[upkeep]
|-damage|p1a: Tentacruel|23/100|[from] Hail
|-heal|p1a: Tentacruel|29/100|[from] item: Black Sludge
|-damage|p2a: Kim Jong-Un|44/100 tox|[from] psn
|upkeep
|turn|31
|
|t:|1739564867
|switch|p1a: Ferrothorn|Ferrothorn, F|49/100
|switch|p2a: Xi Jinping|Latios, M|88/100
|-damage|p2a: Xi Jinping|76/100|[from] Stealth Rock
|
|-weather|Hail|[upkeep]
|-damage|p2a: Xi Jinping|70/100|[from] Hail
|-damage|p1a: Ferrothorn|43/100|[from] Hail
|-heal|p1a: Ferrothorn|49/100|[from] item: Leftovers
|upkeep
|turn|32
|
|t:|1739564876
|move|p2a: Xi Jinping|Draco Meteor|p1a: Ferrothorn
|-resisted|p1a: Ferrothorn
|-damage|p1a: Ferrothorn|15/100
|-unboost|p2a: Xi Jinping|spa|2
|move|p1a: Ferrothorn|Leech Seed|p2a: Xi Jinping
|-start|p2a: Xi Jinping|move: Leech Seed
|
|-weather|Hail|[upkeep]
|-damage|p2a: Xi Jinping|64/100|[from] Hail
|-damage|p1a: Ferrothorn|9/100|[from] Hail
|-heal|p1a: Ferrothorn|15/100|[from] item: Leftovers
|-damage|p2a: Xi Jinping|52/100|[from] Leech Seed|[of] p1a: Ferrothorn
|-heal|p1a: Ferrothorn|26/100|[silent]
|upkeep
|turn|33
|
|t:|1739564884
|switch|p2a: Kim Jong-Un|Abomasnow, M|44/100 tox
|-damage|p2a: Kim Jong-Un|20/100 tox|[from] Stealth Rock
|switch|p1a: Politoed|Politoed, M|29/100
|-weather|RainDance|[from] ability: Drizzle|[of] p1a: Politoed
|
|-weather|RainDance|[upkeep]
|-heal|p1a: Politoed|36/100|[from] item: Leftovers
|-damage|p2a: Kim Jong-Un|13/100 tox|[from] psn
|upkeep
|turn|34
|
|t:|1739564889
|move|p1a: Politoed|Protect|p1a: Politoed
|-singleturn|p1a: Politoed|Protect
|move|p2a: Kim Jong-Un|Giga Drain|p1a: Politoed
|-activate|p1a: Politoed|move: Protect
|
|-weather|RainDance|[upkeep]
|-heal|p1a: Politoed|42/100|[from] item: Leftovers
|-damage|p2a: Kim Jong-Un|1/100 tox|[from] psn
|upkeep
|turn|35
|
|t:|1739564894
|switch|p1a: Ferrothorn|Ferrothorn, F|26/100
|move|p2a: Kim Jong-Un|Blizzard|p1a: Ferrothorn|[miss]
|-miss|p2a: Kim Jong-Un|p1a: Ferrothorn
|
|-weather|RainDance|[upkeep]
|-heal|p1a: Ferrothorn|32/100|[from] item: Leftovers
|-damage|p2a: Kim Jong-Un|0 fnt|[from] psn
|faint|p2a: Kim Jong-Un
|upkeep
|
|t:|1739564901
|switch|p2a: Zelensky|Kyurem-Black|94/100
|-damage|p2a: Zelensky|69/100|[from] Stealth Rock
|-ability|p2a: Zelensky|Teravolt
|turn|36
|
|t:|1739564908
|switch|p1a: Tentacruel|Tentacruel, F|29/100
|move|p2a: Zelensky|Substitute|p2a: Zelensky
|-start|p2a: Zelensky|Substitute
|-damage|p2a: Zelensky|44/100
|
|-weather|RainDance|[upkeep]
|-heal|p1a: Tentacruel|35/100|[from] ability: Rain Dish
|-heal|p2a: Zelensky|50/100|[from] item: Leftovers
|-heal|p1a: Tentacruel|41/100|[from] item: Black Sludge
|upkeep
|turn|37
|
|t:|1739564913
|move|p1a: Tentacruel|Protect|p1a: Tentacruel
|-singleturn|p1a: Tentacruel|Protect
|move|p2a: Zelensky|Fusion Bolt|p1a: Tentacruel
|-activate|p1a: Tentacruel|move: Protect
|
|-weather|RainDance|[upkeep]
|-heal|p1a: Tentacruel|47/100|[from] ability: Rain Dish
|-heal|p2a: Zelensky|57/100|[from] item: Leftovers
|-heal|p1a: Tentacruel|53/100|[from] item: Black Sludge
|upkeep
|turn|38
|
|t:|1739564927
|switch|p1a: Chansey|Chansey, F|91/100
|move|p2a: Zelensky|Fusion Bolt|p1a: Chansey
|-damage|p1a: Chansey|69/100
|
|-weather|RainDance|[upkeep]
|-heal|p2a: Zelensky|63/100|[from] item: Leftovers
|upkeep
|turn|39
|
|t:|1739564937
|switch|p1a: Dragonite|Dragonite, F|100/100
|move|p2a: Zelensky|Earth Power|p1a: Dragonite
|-immune|p1a: Dragonite
|
|-weather|RainDance|[upkeep]
|-heal|p2a: Zelensky|69/100|[from] item: Leftovers
|upkeep
|turn|40
|
|t:|1739564942
|switch|p1a: Tentacruel|Tentacruel, F|53/100
|move|p2a: Zelensky|Blizzard|p1a: Tentacruel
|-resisted|p1a: Tentacruel
|-damage|p1a: Tentacruel|31/100
|
|-weather|RainDance|[upkeep]
|-heal|p1a: Tentacruel|37/100|[from] ability: Rain Dish
|-heal|p2a: Zelensky|75/100|[from] item: Leftovers
|-heal|p1a: Tentacruel|43/100|[from] item: Black Sludge
|upkeep
|turn|41
|
|t:|1739564954
|switch|p2a: Xi Jinping|Latios, M|52/100
|-damage|p2a: Xi Jinping|39/100|[from] Stealth Rock
|move|p1a: Tentacruel|Protect||[still]
|-fail|p1a: Tentacruel
|
|-weather|RainDance|[upkeep]
|-heal|p1a: Tentacruel|49/100|[from] ability: Rain Dish
|-heal|p1a: Tentacruel|55/100|[from] item: Black Sludge
|upkeep
|turn|42
|
|t:|1739564959
|move|p1a: Tentacruel|Protect|p1a: Tentacruel
|-singleturn|p1a: Tentacruel|Protect
|move|p2a: Xi Jinping|Trick|p1a: Tentacruel
|-activate|p1a: Tentacruel|move: Protect
|
|-weather|RainDance|[upkeep]
|-heal|p1a: Tentacruel|61/100|[from] ability: Rain Dish
|-heal|p1a: Tentacruel|67/100|[from] item: Black Sludge
|upkeep
|turn|43
|
|t:|1739564967
|switch|p1a: Politoed|Politoed, M|42/100
|move|p2a: Xi Jinping|Trick|p1a: Politoed
|-activate|p2a: Xi Jinping|move: Trick|[of] p1a: Politoed
|-item|p1a: Politoed|Choice Scarf|[from] move: Trick
|-item|p2a: Xi Jinping|Leftovers|[from] move: Trick
|
|-weather|RainDance|[upkeep]
|-heal|p2a: Xi Jinping|45/100|[from] item: Leftovers
|upkeep
|turn|44
|
|t:|1739564975
|move|p2a: Xi Jinping|Dragon Pulse|p1a: Politoed
|-damage|p1a: Politoed|0 fnt
|faint|p1a: Politoed
|
|-weather|RainDance|[upkeep]
|-heal|p2a: Xi Jinping|51/100|[from] item: Leftovers
|upkeep
|
|t:|1739564981
|switch|p1a: Tentacruel|Tentacruel, F|67/100
|turn|45
|
|t:|1739564985
|move|p2a: Xi Jinping|Draco Meteor|p1a: Tentacruel
|-damage|p1a: Tentacruel|6/100
|-unboost|p2a: Xi Jinping|spa|2
|move|p1a: Tentacruel|Toxic|p2a: Xi Jinping
|-status|p2a: Xi Jinping|tox
|
|-weather|RainDance|[upkeep]
|-heal|p1a: Tentacruel|12/100|[from] ability: Rain Dish
|-heal|p2a: Xi Jinping|57/100 tox|[from] item: Leftovers
|-heal|p1a: Tentacruel|18/100|[from] item: Black Sludge
|-damage|p2a: Xi Jinping|51/100 tox|[from] psn
|upkeep
|turn|46
|
|t:|1739564990
|switch|p2a: Zelensky|Kyurem-Black|75/100
|-damage|p2a: Zelensky|50/100|[from] Stealth Rock
|-ability|p2a: Zelensky|Teravolt
|move|p1a: Tentacruel|Protect||[still]
|-fail|p1a: Tentacruel
|
|-weather|RainDance|[upkeep]
|-heal|p1a: Tentacruel|24/100|[from] ability: Rain Dish
|-heal|p2a: Zelensky|56/100|[from] item: Leftovers
|-heal|p1a: Tentacruel|30/100|[from] item: Black Sludge
|upkeep
|turn|47
|
|t:|1739564994
|switch|p2a: Xi Jinping|Latios, M|51/100 tox
|-damage|p2a: Xi Jinping|39/100 tox|[from] Stealth Rock
|move|p1a: Tentacruel|Protect||[still]
|-fail|p1a: Tentacruel
|
|-weather|RainDance|[upkeep]
|-heal|p1a: Tentacruel|36/100|[from] ability: Rain Dish
|-heal|p2a: Xi Jinping|45/100 tox|[from] item: Leftovers
|-heal|p1a: Tentacruel|42/100|[from] item: Black Sludge
|-damage|p2a: Xi Jinping|39/100 tox|[from] psn
|upkeep
|turn|48
|
|t:|1739565000
|move|p1a: Tentacruel|Protect|p1a: Tentacruel
|-singleturn|p1a: Tentacruel|Protect
|move|p2a: Xi Jinping|Draco Meteor|p1a: Tentacruel
|-activate|p1a: Tentacruel|move: Protect
|
|-weather|RainDance|[upkeep]
|-heal|p1a: Tentacruel|48/100|[from] ability: Rain Dish
|-heal|p2a: Xi Jinping|45/100 tox|[from] item: Leftovers
|-heal|p1a: Tentacruel|54/100|[from] item: Black Sludge
|-damage|p2a: Xi Jinping|33/100 tox|[from] psn
|upkeep
|turn|49
|
|t:|1739565005
|switch|p1a: Chansey|Chansey, F|69/100
|move|p2a: Xi Jinping|Draco Meteor|p1a: Chansey|[miss]
|-miss|p2a: Xi Jinping|p1a: Chansey
|
|-weather|RainDance|[upkeep]
|-heal|p2a: Xi Jinping|39/100 tox|[from] item: Leftovers
|-damage|p2a: Xi Jinping|21/100 tox|[from] psn
|upkeep
|turn|50
|
|t:|1739565015
|switch|p1a: Ferrothorn|Ferrothorn, F|32/100
|move|p2a: Xi Jinping|Trick|p1a: Ferrothorn
|-activate|p2a: Xi Jinping|move: Trick|[of] p1a: Ferrothorn
|-item|p1a: Ferrothorn|Leftovers|[from] move: Trick
|-item|p2a: Xi Jinping|Leftovers|[from] move: Trick
|
|-weather|RainDance|[upkeep]
|-heal|p2a: Xi Jinping|27/100 tox|[from] item: Leftovers
|-heal|p1a: Ferrothorn|38/100|[from] item: Leftovers
|-damage|p2a: Xi Jinping|3/100 tox|[from] psn
|upkeep
|turn|51
|-message|MonoMigui forfeited.
|
|win|krukz
|raw|krukz's rating: 1283 &rarr; <strong>1316</strong><br />(+33 for winning)
|raw|MonoMigui's rating: 1405 &rarr; <strong>1378</strong><br />(-27 for losing)
|l|☆MonoMigui
|player|p2|
