|j|☆rabian
|j|☆Croaset
|t:|1708710248
|gametype|singles
|player|p1|rabian|iris-gen5bw2|1320
|player|p2|Croaset|elesa|1404
|teamsize|p1|6
|teamsize|p2|6
|gen|5
|tier|[Gen 5] OU
|rated|
|rule|Species Clause: Limit one of each Pokémon
|rule|OHKO Clause: OHKO moves are banned
|rule|Moody Clause: Moody is banned
|rule|Evasion Items Clause: Evasion items are banned
|rule|Evasion Moves Clause: Evasion moves are banned
|rule|Endless Battle Clause: Forcing endless battles is banned
|rule|HP Percentage Mod: HP is shown in percentages
|rule|Evasion Abilities Clause: Evasion abilities are banned
|rule|Sleep Moves Clause: Sleep-inducing moves are banned
|rule|Swagger Clause: Swagger is banned
|rule|Baton Pass Stat Clause: No Baton Passer may have a way to boost its stats
|clearpoke
|poke|p1|Jolteon, M|item
|poke|p1|Ferrothorn, M|item
|poke|p1|Politoed, M|item
|poke|p1|Gyarados, F|item
|poke|p1|Toxicroak, F|item
|poke|p1|Tentacruel, M|item
|poke|p2|Politoed, F|item
|poke|p2|Tentacruel, F|item
|poke|p2|Ferrothorn, F|item
|poke|p2|Volcarona, F|item
|poke|p2|Keldeo|item
|poke|p2|Toxicroak, F|item
|teampreview
|c|☆rabian|glhf!
|
|t:|1708710269
|start
|switch|p1a: Weather Setter|Politoed, M|100/100
|switch|p2a: Ferrothorn|Ferrothorn, F, shiny|100/100
|-weather|RainDance|[from] ability: Drizzle|[of] p1a: Weather Setter
|turn|1
|
|t:|1708710281
|move|p1a: Weather Setter|Surf|p2a: Ferrothorn
|-resisted|p2a: Ferrothorn
|-damage|p2a: Ferrothorn|85/100
|move|p2a: Ferrothorn|Knock Off|p1a: Weather Setter
|-crit|p1a: Weather Setter
|-damage|p1a: Weather Setter|92/100
|-enditem|p1a: Weather Setter|Leftovers|[from] move: Knock Off|[of] p2a: Ferrothorn
|
|-weather|RainDance|[upkeep]
|-heal|p2a: Ferrothorn|92/100|[from] item: Leftovers
|upkeep
|turn|2
|
|t:|1708710288
|switch|p1a: Squid|Tentacruel, M|100/100
|move|p2a: Ferrothorn|Stealth Rock|p1a: Squid
|-sidestart|p1: rabian|move: Stealth Rock
|
|-weather|RainDance|[upkeep]
|-heal|p2a: Ferrothorn|98/100|[from] item: Leftovers
|upkeep
|turn|3
|
|t:|1708710293
|move|p1a: Squid|Scald|p2a: Ferrothorn
|-resisted|p2a: Ferrothorn
|-damage|p2a: Ferrothorn|86/100
|-status|p2a: Ferrothorn|brn
|move|p2a: Ferrothorn|Knock Off|p1a: Squid
|-damage|p1a: Squid|98/100
|-enditem|p1a: Squid|Black Sludge|[from] move: Knock Off|[of] p2a: Ferrothorn
|
|-weather|RainDance|[upkeep]
|-heal|p1a: Squid|100/100|[from] ability: Rain Dish
|-heal|p2a: Ferrothorn|92/100 brn|[from] item: Leftovers
|-damage|p2a: Ferrothorn|79/100 brn|[from] brn
|upkeep
|turn|4
|inactive|Battle timer is ON: inactive players will automatically lose when time's up. (requested by Croaset)
|
|t:|1708710297
|switch|p2a: Toxicroak|Toxicroak, F|100/100
|move|p1a: Squid|Rapid Spin|p2a: Toxicroak
|-damage|p2a: Toxicroak|97/100
|-sideend|p1: rabian|Stealth Rock|[from] move: Rapid Spin|[of] p1a: Squid
|
|-weather|RainDance|[upkeep]
|-heal|p2a: Toxicroak|100/100|[from] ability: Dry Skin
|upkeep
|turn|5
|
|t:|1708710302
|switch|p1a: Just A Magikarp|Gyarados, F, shiny|100/100
|-ability|p1a: Just A Magikarp|Intimidate|boost
|-unboost|p2a: Toxicroak|atk|1
|move|p2a: Toxicroak|Substitute|p2a: Toxicroak
|-start|p2a: Toxicroak|Substitute
|-damage|p2a: Toxicroak|76/100
|
|-weather|RainDance|[upkeep]
|-heal|p2a: Toxicroak|88/100|[from] ability: Dry Skin
|-heal|p2a: Toxicroak|94/100|[from] item: Black Sludge
|upkeep
|turn|6
|
|t:|1708710309
|move|p1a: Just A Magikarp|Earthquake|p2a: Toxicroak
|-supereffective|p2a: Toxicroak
|-crit|p2a: Toxicroak
|-end|p2a: Toxicroak|Substitute
|move|p2a: Toxicroak|Bulk Up|p2a: Toxicroak
|-boost|p2a: Toxicroak|atk|1
|-boost|p2a: Toxicroak|def|1
|
|-weather|RainDance|[upkeep]
|-heal|p2a: Toxicroak|100/100|[from] ability: Dry Skin
|upkeep
|turn|7
|
|t:|1708710315
|switch|p2a: Ferrothorn|Ferrothorn, F, shiny|79/100 brn
|move|p1a: Just A Magikarp|Earthquake|p2a: Ferrothorn
|-damage|p2a: Ferrothorn|56/100 brn
|
|-weather|RainDance|[upkeep]
|-heal|p2a: Ferrothorn|62/100 brn|[from] item: Leftovers
|-damage|p2a: Ferrothorn|50/100 brn|[from] brn
|upkeep
|turn|8
|
|t:|1708710318
|move|p1a: Just A Magikarp|Substitute|p1a: Just A Magikarp
|-start|p1a: Just A Magikarp|Substitute
|-damage|p1a: Just A Magikarp|76/100
|move|p2a: Ferrothorn|Leech Seed||[still]
|-fail|p2a: Ferrothorn
|
|-weather|RainDance|[upkeep]
|-heal|p1a: Just A Magikarp|82/100|[from] item: Leftovers
|-heal|p2a: Ferrothorn|56/100 brn|[from] item: Leftovers
|-damage|p2a: Ferrothorn|44/100 brn|[from] brn
|upkeep
|turn|9
|
|t:|1708710323
|switch|p2a: Politoed|Politoed, F, shiny|100/100
|move|p1a: Just A Magikarp|Dragon Dance|p1a: Just A Magikarp
|-boost|p1a: Just A Magikarp|atk|1
|-boost|p1a: Just A Magikarp|spe|1
|
|-weather|RainDance|[upkeep]
|-heal|p1a: Just A Magikarp|88/100|[from] item: Leftovers
|upkeep
|turn|10
|
|t:|1708710329
|move|p1a: Just A Magikarp|Earthquake|p2a: Politoed
|-damage|p2a: Politoed|66/100
|move|p2a: Politoed|Perish Song|p2a: Politoed
|-start|p1a: Just A Magikarp|perish3|[silent]
|-start|p2a: Politoed|perish3|[silent]
|-fieldactivate|move: Perish Song
|
|-weather|RainDance|[upkeep]
|-heal|p1a: Just A Magikarp|94/100|[from] item: Leftovers
|-heal|p2a: Politoed|72/100|[from] item: Leftovers
|-start|p1a: Just A Magikarp|perish3
|-start|p2a: Politoed|perish3
|upkeep
|turn|11
|
|t:|1708710343
|move|p2a: Politoed|Protect|p2a: Politoed
|-singleturn|p2a: Politoed|Protect
|move|p1a: Just A Magikarp|Earthquake|p2a: Politoed
|-activate|p2a: Politoed|move: Protect
|
|-weather|RainDance|[upkeep]
|-heal|p1a: Just A Magikarp|99/100|[from] item: Leftovers
|-heal|p2a: Politoed|78/100|[from] item: Leftovers
|-start|p1a: Just A Magikarp|perish2
|-start|p2a: Politoed|perish2
|upkeep
|turn|12
|
|t:|1708710349
|move|p2a: Politoed|Protect||[still]
|-fail|p2a: Politoed
|move|p1a: Just A Magikarp|Earthquake|p2a: Politoed
|-damage|p2a: Politoed|42/100
|
|-weather|RainDance|[upkeep]
|-heal|p1a: Just A Magikarp|100/100|[from] item: Leftovers
|-heal|p2a: Politoed|48/100|[from] item: Leftovers
|-start|p1a: Just A Magikarp|perish1
|-start|p2a: Politoed|perish1
|upkeep
|turn|13
|j| chedda getta
|
|t:|1708710356
|switch|p1a: Wall|Ferrothorn, M|100/100
|switch|p2a: Volcarona|Volcarona, F|100/100
|
|-weather|RainDance|[upkeep]
|upkeep
|turn|14
|
|t:|1708710360
|move|p2a: Volcarona|Quiver Dance|p2a: Volcarona
|-boost|p2a: Volcarona|spa|1
|-boost|p2a: Volcarona|spd|1
|-boost|p2a: Volcarona|spe|1
|move|p1a: Wall|Leech Seed|p2a: Volcarona
|-start|p2a: Volcarona|move: Leech Seed
|
|-weather|RainDance|[upkeep]
|-damage|p2a: Volcarona|88/100|[from] Leech Seed|[of] p1a: Wall
|upkeep
|turn|15
|
|t:|1708710364
|switch|p1a: Squid|Tentacruel, M|100/100
|move|p2a: Volcarona|Quiver Dance|p2a: Volcarona
|-boost|p2a: Volcarona|spa|1
|-boost|p2a: Volcarona|spd|1
|-boost|p2a: Volcarona|spe|1
|
|-weather|RainDance|[upkeep]
|-heal|p2a: Volcarona|94/100|[from] item: Leftovers
|-damage|p2a: Volcarona|82/100|[from] Leech Seed|[of] p1a: Squid
|upkeep
|turn|16
|
|t:|1708710368
|move|p2a: Volcarona|Hurricane|p1a: Squid
|-damage|p1a: Squid|46/100
|-start|p1a: Squid|confusion
|-activate|p1a: Squid|confusion
|-damage|p1a: Squid|40/100|[from] confusion
|
|-weather|RainDance|[upkeep]
|-heal|p1a: Squid|46/100|[from] ability: Rain Dish
|-heal|p2a: Volcarona|88/100|[from] item: Leftovers
|-damage|p2a: Volcarona|76/100|[from] Leech Seed|[of] p1a: Squid
|-heal|p1a: Squid|62/100|[silent]
|upkeep
|turn|17
|
|t:|1708710379
|switch|p2a: Toxicroak|Toxicroak, F|100/100
|switch|p1a: Weather Setter|Politoed, M|92/100
|
|-weather|RainDance|[upkeep]
|upkeep
|turn|18
|
|t:|1708710384
|switch|p1a: Just A Magikarp|Gyarados, F, shiny|100/100
|-ability|p1a: Just A Magikarp|Intimidate|boost
|-unboost|p2a: Toxicroak|atk|1
|move|p2a: Toxicroak|Substitute|p2a: Toxicroak
|-start|p2a: Toxicroak|Substitute
|-damage|p2a: Toxicroak|76/100
|
|-weather|RainDance|[upkeep]
|-heal|p2a: Toxicroak|88/100|[from] ability: Dry Skin
|-heal|p2a: Toxicroak|94/100|[from] item: Black Sludge
|upkeep
|turn|19
|
|t:|1708710388
|move|p1a: Just A Magikarp|Earthquake|p2a: Toxicroak
|-supereffective|p2a: Toxicroak
|-end|p2a: Toxicroak|Substitute
|move|p2a: Toxicroak|Toxic|p1a: Just A Magikarp
|-status|p1a: Just A Magikarp|tox
|
|-weather|RainDance|[upkeep]
|-heal|p2a: Toxicroak|100/100|[from] ability: Dry Skin
|-damage|p1a: Just A Magikarp|94/100 tox|[from] psn
|upkeep
|turn|20
|c|☆rabian|toxic???
|c|☆rabian|huh
|
|t:|1708710404
|switch|p2a: Politoed|Politoed, F, shiny|48/100
|move|p1a: Just A Magikarp|Dragon Dance|p1a: Just A Magikarp
|-boost|p1a: Just A Magikarp|atk|1
|-boost|p1a: Just A Magikarp|spe|1
|
|-weather|RainDance|[upkeep]
|-heal|p1a: Just A Magikarp|100/100 tox|[from] item: Leftovers
|-heal|p2a: Politoed|54/100|[from] item: Leftovers
|-damage|p1a: Just A Magikarp|88/100 tox|[from] psn
|upkeep
|turn|21
|
|t:|1708710409
|move|p2a: Politoed|Protect|p2a: Politoed
|-singleturn|p2a: Politoed|Protect
|move|p1a: Just A Magikarp|Earthquake|p2a: Politoed
|-activate|p2a: Politoed|move: Protect
|
|-weather|RainDance|[upkeep]
|-heal|p1a: Just A Magikarp|94/100 tox|[from] item: Leftovers
|-heal|p2a: Politoed|61/100|[from] item: Leftovers
|-damage|p1a: Just A Magikarp|76/100 tox|[from] psn
|upkeep
|turn|22
|
|t:|1708710412
|move|p1a: Just A Magikarp|Earthquake|p2a: Politoed
|-damage|p2a: Politoed|23/100
|move|p2a: Politoed|Scald|p1a: Just A Magikarp
|-resisted|p1a: Just A Magikarp
|-damage|p1a: Just A Magikarp|59/100 tox
|
|-weather|RainDance|[upkeep]
|-heal|p1a: Just A Magikarp|65/100 tox|[from] item: Leftovers
|-heal|p2a: Politoed|29/100|[from] item: Leftovers
|-damage|p1a: Just A Magikarp|41/100 tox|[from] psn
|upkeep
|turn|23
|
|t:|1708710418
|switch|p1a: Trans Flag|Toxicroak, F, shiny|100/100
|move|p2a: Politoed|Protect||[still]
|-fail|p2a: Politoed
|
|-weather|RainDance|[upkeep]
|-heal|p2a: Politoed|35/100|[from] item: Leftovers
|upkeep
|turn|24
|
|t:|1708710423
|switch|p2a: Toxicroak|Toxicroak, F|100/100
|move|p1a: Trans Flag|Drain Punch|p2a: Toxicroak
|-resisted|p2a: Toxicroak
|-damage|p2a: Toxicroak|74/100
|
|-weather|RainDance|[upkeep]
|-heal|p2a: Toxicroak|86/100|[from] ability: Dry Skin
|-heal|p2a: Toxicroak|93/100|[from] item: Black Sludge
|upkeep
|turn|25
|
|t:|1708710428
|move|p1a: Trans Flag|Taunt|p2a: Toxicroak
|-start|p2a: Toxicroak|move: Taunt
|cant|p2a: Toxicroak|move: Taunt|Substitute
|
|-weather|RainDance|[upkeep]
|-heal|p2a: Toxicroak|100/100|[from] ability: Dry Skin
|upkeep
|turn|26
|
|t:|1708710446
|switch|p1a: Just A Magikarp|Gyarados, F, shiny|41/100 tox
|-ability|p1a: Just A Magikarp|Intimidate|boost
|-unboost|p2a: Toxicroak|atk|1
|switch|p2a: Volcarona|Volcarona, F|76/100
|
|-weather|RainDance|[upkeep]
|-heal|p2a: Volcarona|82/100|[from] item: Leftovers
|-heal|p1a: Just A Magikarp|47/100 tox|[from] item: Leftovers
|-damage|p1a: Just A Magikarp|41/100 tox|[from] psn
|upkeep
|turn|27
|
|t:|1708710459
|switch|p2a: Politoed|Politoed, F, shiny|35/100
|move|p1a: Just A Magikarp|Waterfall|p2a: Politoed
|-resisted|p2a: Politoed
|-damage|p2a: Politoed|15/100
|
|-weather|RainDance|[upkeep]
|-heal|p1a: Just A Magikarp|47/100 tox|[from] item: Leftovers
|-heal|p2a: Politoed|22/100|[from] item: Leftovers
|-damage|p1a: Just A Magikarp|35/100 tox|[from] psn
|upkeep
|turn|28
|
|t:|1708710464
|switch|p1a: Trans Flag|Toxicroak, F, shiny|100/100
|move|p2a: Politoed|Protect||[still]
|-fail|p2a: Politoed
|
|-weather|RainDance|[upkeep]
|-heal|p2a: Politoed|28/100|[from] item: Leftovers
|upkeep
|turn|29
|
|t:|1708710469
|switch|p2a: Volcarona|Volcarona, F|82/100
|move|p1a: Trans Flag|Taunt|p2a: Volcarona
|-start|p2a: Volcarona|move: Taunt
|
|-weather|RainDance|[upkeep]
|-heal|p2a: Volcarona|88/100|[from] item: Leftovers
|upkeep
|turn|30
|
|t:|1708710475
|switch|p1a: Squid|Tentacruel, M|62/100
|move|p2a: Volcarona|Hurricane|p1a: Squid
|-damage|p1a: Squid|35/100
|
|-weather|RainDance|[upkeep]
|-heal|p1a: Squid|41/100|[from] ability: Rain Dish
|-heal|p2a: Volcarona|94/100|[from] item: Leftovers
|upkeep
|turn|31
|
|t:|1708710483
|switch|p2a: Toxicroak|Toxicroak, F|100/100
|move|p1a: Squid|Scald|p2a: Toxicroak
|-immune|p2a: Toxicroak|[from] ability: Dry Skin
|
|-weather|RainDance|[upkeep]
|-heal|p1a: Squid|47/100|[from] ability: Rain Dish
|upkeep
|turn|32
|
|t:|1708710489
|switch|p1a: Look at this boi|Jolteon, M|100/100
|move|p2a: Toxicroak|Substitute|p2a: Toxicroak
|-start|p2a: Toxicroak|Substitute
|-damage|p2a: Toxicroak|76/100
|
|-weather|RainDance|[upkeep]
|-heal|p2a: Toxicroak|88/100|[from] ability: Dry Skin
|-heal|p2a: Toxicroak|94/100|[from] item: Black Sludge
|upkeep
|turn|33
|
|t:|1708710493
|move|p1a: Look at this boi|Volt Switch|p2a: Toxicroak
|-end|p2a: Toxicroak|Substitute
|
|t:|1708710499
|switch|p1a: Squid|Tentacruel, M|47/100|[from] Volt Switch
|move|p2a: Toxicroak|Toxic|p1a: Squid
|-immune|p1a: Squid
|
|-weather|RainDance|[upkeep]
|-heal|p1a: Squid|53/100|[from] ability: Rain Dish
|-heal|p2a: Toxicroak|100/100|[from] ability: Dry Skin
|upkeep
|turn|34
|inactive|rabian has 120 seconds left.
|
|t:|1708710535
|switch|p1a: Just A Magikarp|Gyarados, F, shiny|35/100 tox
|-ability|p1a: Just A Magikarp|Intimidate|boost
|-unboost|p2a: Toxicroak|atk|1
|move|p2a: Toxicroak|Substitute|p2a: Toxicroak
|-start|p2a: Toxicroak|Substitute
|-damage|p2a: Toxicroak|76/100
|
|-weather|RainDance|[upkeep]
|-heal|p2a: Toxicroak|88/100|[from] ability: Dry Skin
|-heal|p1a: Just A Magikarp|41/100 tox|[from] item: Leftovers
|-heal|p2a: Toxicroak|94/100|[from] item: Black Sludge
|-damage|p1a: Just A Magikarp|35/100 tox|[from] psn
|upkeep
|turn|35
|inactive|rabian has 120 seconds left.
|
|t:|1708710544
|move|p1a: Just A Magikarp|Earthquake|p2a: Toxicroak
|-supereffective|p2a: Toxicroak
|-end|p2a: Toxicroak|Substitute
|move|p2a: Toxicroak|Substitute|p2a: Toxicroak
|-start|p2a: Toxicroak|Substitute
|-damage|p2a: Toxicroak|69/100
|
|-weather|RainDance|[upkeep]
|-heal|p2a: Toxicroak|82/100|[from] ability: Dry Skin
|-heal|p1a: Just A Magikarp|41/100 tox|[from] item: Leftovers
|-heal|p2a: Toxicroak|88/100|[from] item: Black Sludge
|-damage|p1a: Just A Magikarp|29/100 tox|[from] psn
|upkeep
|turn|36
|
|t:|1708710554
|switch|p1a: Squid|Tentacruel, M|53/100
|move|p2a: Toxicroak|Substitute|p2a: Toxicroak
|-fail|p2a: Toxicroak|move: Substitute
|
|-weather|RainDance|[upkeep]
|-heal|p1a: Squid|59/100|[from] ability: Rain Dish
|-heal|p2a: Toxicroak|100/100|[from] ability: Dry Skin
|upkeep
|turn|37
|
|t:|1708710564
|move|p1a: Squid|Hex|p2a: Toxicroak
|-activate|p2a: Toxicroak|Substitute|[damage]
|move|p2a: Toxicroak|Bulk Up|p2a: Toxicroak
|-boost|p2a: Toxicroak|atk|1
|-boost|p2a: Toxicroak|def|1
|
|-weather|RainDance|[upkeep]
|-heal|p1a: Squid|65/100|[from] ability: Rain Dish
|upkeep
|turn|38
|
|t:|1708710574
|move|p1a: Squid|Hex|p2a: Toxicroak
|-activate|p2a: Toxicroak|Substitute|[damage]
|move|p2a: Toxicroak|Bulk Up|p2a: Toxicroak
|-boost|p2a: Toxicroak|atk|1
|-boost|p2a: Toxicroak|def|1
|
|-weather|RainDance|[upkeep]
|-heal|p1a: Squid|71/100|[from] ability: Rain Dish
|upkeep
|turn|39
|
|t:|1708710581
|move|p1a: Squid|Hex|p2a: Toxicroak
|-activate|p2a: Toxicroak|Substitute|[damage]
|move|p2a: Toxicroak|Bulk Up|p2a: Toxicroak
|-boost|p2a: Toxicroak|atk|1
|-boost|p2a: Toxicroak|def|1
|
|-weather|RainDance|[upkeep]
|-heal|p1a: Squid|77/100|[from] ability: Rain Dish
|upkeep
|turn|40
|
|t:|1708710594
|move|p1a: Squid|Hex|p2a: Toxicroak
|-end|p2a: Toxicroak|Substitute
|move|p2a: Toxicroak|Bulk Up|p2a: Toxicroak
|-boost|p2a: Toxicroak|atk|1
|-boost|p2a: Toxicroak|def|1
|
|-weather|RainDance|[upkeep]
|-heal|p1a: Squid|83/100|[from] ability: Rain Dish
|upkeep
|turn|41
|
|t:|1708710603
|switch|p1a: Look at this boi|Jolteon, M|100/100
|move|p2a: Toxicroak|Substitute|p2a: Toxicroak
|-start|p2a: Toxicroak|Substitute
|-damage|p2a: Toxicroak|76/100
|
|-weather|RainDance|[upkeep]
|-heal|p2a: Toxicroak|88/100|[from] ability: Dry Skin
|-heal|p2a: Toxicroak|94/100|[from] item: Black Sludge
|upkeep
|turn|42
|
|t:|1708710610
|move|p1a: Look at this boi|Volt Switch|p2a: Toxicroak
|-end|p2a: Toxicroak|Substitute
|
|t:|1708710614
|switch|p1a: Just A Magikarp|Gyarados, F, shiny|29/100 tox|[from] Volt Switch
|-ability|p1a: Just A Magikarp|Intimidate|boost
|-unboost|p2a: Toxicroak|atk|1
|move|p2a: Toxicroak|Substitute|p2a: Toxicroak
|-start|p2a: Toxicroak|Substitute
|-damage|p2a: Toxicroak|69/100
|
|-weather|RainDance|[upkeep]
|-heal|p2a: Toxicroak|82/100|[from] ability: Dry Skin
|-heal|p1a: Just A Magikarp|35/100 tox|[from] item: Leftovers
|-heal|p2a: Toxicroak|88/100|[from] item: Black Sludge
|-damage|p1a: Just A Magikarp|29/100 tox|[from] psn
|upkeep
|turn|43
|
|t:|1708710622
|move|p1a: Just A Magikarp|Earthquake|p2a: Toxicroak
|-supereffective|p2a: Toxicroak
|-end|p2a: Toxicroak|Substitute
|move|p2a: Toxicroak|Substitute|p2a: Toxicroak
|-start|p2a: Toxicroak|Substitute
|-damage|p2a: Toxicroak|63/100
|
|-weather|RainDance|[upkeep]
|-heal|p2a: Toxicroak|76/100|[from] ability: Dry Skin
|-heal|p1a: Just A Magikarp|35/100 tox|[from] item: Leftovers
|-heal|p2a: Toxicroak|82/100|[from] item: Black Sludge
|-damage|p1a: Just A Magikarp|23/100 tox|[from] psn
|upkeep
|turn|44
|
|t:|1708710629
|move|p1a: Just A Magikarp|Earthquake|p2a: Toxicroak
|-supereffective|p2a: Toxicroak
|-end|p2a: Toxicroak|Substitute
|move|p2a: Toxicroak|Substitute|p2a: Toxicroak
|-start|p2a: Toxicroak|Substitute
|-damage|p2a: Toxicroak|57/100
|
|-weather|RainDance|[upkeep]
|-heal|p2a: Toxicroak|69/100|[from] ability: Dry Skin
|-heal|p1a: Just A Magikarp|29/100 tox|[from] item: Leftovers
|-heal|p2a: Toxicroak|76/100|[from] item: Black Sludge
|-damage|p1a: Just A Magikarp|11/100 tox|[from] psn
|upkeep
|turn|45
|
|t:|1708710635
|move|p1a: Just A Magikarp|Earthquake|p2a: Toxicroak
|-supereffective|p2a: Toxicroak
|-end|p2a: Toxicroak|Substitute
|move|p2a: Toxicroak|Substitute|p2a: Toxicroak
|-start|p2a: Toxicroak|Substitute
|-damage|p2a: Toxicroak|51/100
|
|-weather|RainDance|[upkeep]
|-heal|p2a: Toxicroak|63/100|[from] ability: Dry Skin
|-heal|p1a: Just A Magikarp|17/100 tox|[from] item: Leftovers
|-heal|p2a: Toxicroak|69/100|[from] item: Black Sludge
|-damage|p1a: Just A Magikarp|0 fnt|[from] psn
|faint|p1a: Just A Magikarp
|upkeep
|
|t:|1708710650
|switch|p1a: Look at this boi|Jolteon, M|100/100
|turn|46
|
|t:|1708710657
|move|p1a: Look at this boi|Volt Switch|p2a: Toxicroak
|-end|p2a: Toxicroak|Substitute
|
|t:|1708710661
|switch|p1a: Weather Setter|Politoed, M|92/100|[from] Volt Switch
|move|p2a: Toxicroak|Drain Punch|p1a: Weather Setter
|-damage|p1a: Weather Setter|39/100
|-heal|p2a: Toxicroak|97/100|[from] drain|[of] p1a: Weather Setter
|
|-weather|RainDance|[upkeep]
|-heal|p2a: Toxicroak|100/100|[from] ability: Dry Skin
|upkeep
|turn|47
|
|t:|1708710667
|move|p1a: Weather Setter|Protect|p1a: Weather Setter
|-singleturn|p1a: Weather Setter|Protect
|move|p2a: Toxicroak|Substitute|p2a: Toxicroak
|-start|p2a: Toxicroak|Substitute
|-damage|p2a: Toxicroak|76/100
|
|-weather|RainDance|[upkeep]
|-heal|p2a: Toxicroak|88/100|[from] ability: Dry Skin
|-heal|p2a: Toxicroak|94/100|[from] item: Black Sludge
|upkeep
|turn|48
|
|t:|1708710672
|move|p2a: Toxicroak|Bulk Up|p2a: Toxicroak
|-boost|p2a: Toxicroak|atk|1
|-boost|p2a: Toxicroak|def|1
|move|p1a: Weather Setter|Ice Beam|p2a: Toxicroak
|-activate|p2a: Toxicroak|Substitute|[damage]
|
|-weather|RainDance|[upkeep]
|-heal|p2a: Toxicroak|100/100|[from] ability: Dry Skin
|upkeep
|turn|49
|
|t:|1708710676
|move|p2a: Toxicroak|Bulk Up|p2a: Toxicroak
|-boost|p2a: Toxicroak|atk|1
|-boost|p2a: Toxicroak|def|1
|move|p1a: Weather Setter|Ice Beam|p2a: Toxicroak
|-end|p2a: Toxicroak|Substitute
|
|-weather|RainDance|[upkeep]
|upkeep
|turn|50
|
|t:|1708710683
|move|p2a: Toxicroak|Substitute|p2a: Toxicroak
|-start|p2a: Toxicroak|Substitute
|-damage|p2a: Toxicroak|76/100
|move|p1a: Weather Setter|Ice Beam|p2a: Toxicroak
|-activate|p2a: Toxicroak|Substitute|[damage]
|
|-weather|RainDance|[upkeep]
|-heal|p2a: Toxicroak|88/100|[from] ability: Dry Skin
|-heal|p2a: Toxicroak|94/100|[from] item: Black Sludge
|upkeep
|turn|51
|
|t:|1708710686
|move|p2a: Toxicroak|Bulk Up|p2a: Toxicroak
|-boost|p2a: Toxicroak|atk|1
|-boost|p2a: Toxicroak|def|0
|move|p1a: Weather Setter|Ice Beam|p2a: Toxicroak
|-end|p2a: Toxicroak|Substitute
|
|-weather|RainDance|[upkeep]
|-heal|p2a: Toxicroak|100/100|[from] ability: Dry Skin
|upkeep
|turn|52
|c|☆rabian|dang
|c|☆rabian|toxicroak is p cool
|c| chedda getta|i think its max hp or spdef
|c|☆rabian|never used it like that
|c|☆rabian|yeah i figured
|
|t:|1708710711
|move|p2a: Toxicroak|Substitute|p2a: Toxicroak
|-start|p2a: Toxicroak|Substitute
|-damage|p2a: Toxicroak|76/100
|move|p1a: Weather Setter|Ice Beam|p2a: Toxicroak
|-activate|p2a: Toxicroak|Substitute|[damage]
|
|-weather|RainDance|[upkeep]
|-heal|p2a: Toxicroak|88/100|[from] ability: Dry Skin
|-heal|p2a: Toxicroak|94/100|[from] item: Black Sludge
|upkeep
|turn|53
|c| chedda getta|thats crazy
|c|☆Croaset|are you swords dance?
|c|☆rabian|me?
|c|☆rabian|no
|c|☆Croaset|yea toxicroak
|
|t:|1708710728
|move|p2a: Toxicroak|Bulk Up|p2a: Toxicroak
|-boost|p2a: Toxicroak|atk|1
|-boost|p2a: Toxicroak|def|0
|move|p1a: Weather Setter|Ice Beam|p2a: Toxicroak
|-end|p2a: Toxicroak|Substitute
|
|-weather|RainDance|[upkeep]
|-heal|p2a: Toxicroak|100/100|[from] ability: Dry Skin
|upkeep
|turn|54
|c|☆Croaset|i feel like you could have taunted me tbh
|c|☆rabian|o shoot
|c|☆rabian|i always forget taunt goes through sub...
|inactive|rabian has 120 seconds left.
|c|☆rabian|anyway i'm done
|-message|rabian forfeited.
|
|win|Croaset
|raw|rabian's rating: 1320 &rarr; <strong>1305</strong><br />(-15 for losing)
|raw|Croaset's rating: 1404 &rarr; <strong>1419</strong><br />(+15 for winning)
|c|☆rabian|gg
|c|☆rabian|wp
|c|☆Croaset|gg
