|j|☆nvictt
|j|☆lijkjlkjlkjlkjlk
|t:|1724350313
|gametype|singles
|player|p1|nvictt|byron|1321
|player|p2|lijkjlkjlkjlkjlk|bugcatcher-gen4dp|1412
|teamsize|p1|6
|teamsize|p2|6
|gen|5
|tier|[Gen 5] OU
|rated|
|rule|Species Clause: Limit one of each Pokémon
|rule|OHKO Clause: OHKO moves are banned
|rule|Moody Clause: Moody is banned
|rule|Evasion Items Clause: Evasion items are banned
|rule|Evasion Moves Clause: Evasion moves are banned
|rule|Endless Battle Clause: Forcing endless battles is banned
|rule|HP Percentage Mod: HP is shown in percentages
|rule|Evasion Abilities Clause: Evasion abilities are banned
|rule|Sleep Moves Clause: Sleep-inducing moves are banned
|rule|Swagger Clause: Swagger is banned
|rule|Baton Pass Stat Clause: No Baton Passer may have a way to boost its stats
|clearpoke
|poke|p1|Hydreigon, F|item
|poke|p1|Rotom-Wash|item
|poke|p1|Scizor, F|item
|poke|p1|Starmie|item
|poke|p1|Blissey, F|item
|poke|p1|Skarmory, F|item
|poke|p2|Bronzong|item
|poke|p2|Porygon2|item
|poke|p2|Reuniclus, M|item
|poke|p2|Chandelure, F|item
|poke|p2|Crawdaunt, F|item
|poke|p2|Terrakion|item
|teampreview
|inactive|Battle timer is ON: inactive players will automatically lose when time's up. (requested by nvictt)
|c|☆nvictt|Hello again lol
|c|☆lijkjlkjlkjlkjlk|ah my friend
|c|☆lijkjlkjlkjlkjlk|i think your team has changed though?
|inactive|lijkjlkjlkjlkjlk has 120 seconds left.
|c|☆nvictt|Just 1 mon
|
|t:|1724350361
|start
|switch|p1a: Rotom|Rotom-Wash|100/100
|switch|p2a: Terrakion|Terrakion|100/100
|turn|1
|c|☆nvictt|Still working it out
|c|☆nvictt|Its supposed to be a pokemmo team
|inactive|nvictt has 120 seconds left.
|
|t:|1724350393
|switch|p2a: Reuniclus|Reuniclus, M|100/100
|move|p1a: Rotom|Will-O-Wisp|p2a: Reuniclus
|-status|p2a: Reuniclus|brn
|
|upkeep
|turn|2
|
|t:|1724350401
|switch|p1a: Scizor|Scizor, F|100/100
|move|p2a: Reuniclus|Trick Room|p2a: Reuniclus
|-fieldstart|move: Trick Room|[of] p2a: Reuniclus
|
|upkeep
|turn|3
|
|t:|1724350407
|move|p2a: Reuniclus|Focus Blast|p1a: Scizor|[miss]
|-miss|p2a: Reuniclus|p1a: Scizor
|move|p1a: Scizor|U-turn|p2a: Reuniclus
|-supereffective|p2a: Reuniclus
|-damage|p2a: Reuniclus|0 fnt
|faint|p2a: Reuniclus
|inactive|nvictt has 120 seconds left.
|
|t:|1724350424
|switch|p1a: Egg Woman|Blissey, F|100/100|[from] U-turn
|
|upkeep
|
|t:|1724350430
|switch|p2a: Crawdaunt|Crawdaunt, F|100/100
|turn|4
|
|t:|1724350435
|move|p2a: Crawdaunt|Superpower|p1a: Egg Woman
|-supereffective|p1a: Egg Woman
|-damage|p1a: Egg Woman|0 fnt
|-unboost|p2a: Crawdaunt|atk|1
|-unboost|p2a: Crawdaunt|def|1
|faint|p1a: Egg Woman
|
|upkeep
|inactive|nvictt has 120 seconds left.
|
|t:|1724350462
|switch|p1a: Skarmory|Skarmory, F|100/100
|turn|5
|
|t:|1724350484
|switch|p2a: Chandelure|Chandelure, F|100/100
|-item|p2a: Chandelure|Air Balloon
|move|p1a: Skarmory|Spikes|p2a: Chandelure
|-sidestart|p2: lijkjlkjlkjlkjlk|Spikes
|
|upkeep
|turn|6
|inactive|nvictt has 120 seconds left.
|
|t:|1724350502
|switch|p1a: Hydreigon|Hydreigon, F|100/100
|move|p2a: Chandelure|Fire Blast|p1a: Hydreigon
|-resisted|p1a: Hydreigon
|-damage|p1a: Hydreigon|57/100
|
|-fieldend|move: Trick Room
|upkeep
|turn|7
|inactive|nvictt has 120 seconds left.
|
|t:|1724350516
|switch|p2a: Terrakion|Terrakion|100/100
|-damage|p2a: Terrakion|88/100|[from] Spikes
|move|p1a: Hydreigon|Dragon Pulse|p2a: Terrakion
|-crit|p2a: Terrakion
|-damage|p2a: Terrakion|0 fnt
|faint|p2a: Terrakion
|
|upkeep
|
|t:|1724350523
|switch|p2a: Bronzong|Bronzong|100/100
|turn|8
|inactive|nvictt has 120 seconds left.
|
|t:|1724350536
|switch|p1a: Skarmory|Skarmory, F|100/100
|move|p2a: Bronzong|Stealth Rock|p1a: Skarmory
|-sidestart|p1: nvictt|move: Stealth Rock
|
|upkeep
|turn|9
|
|t:|1724350540
|switch|p2a: Chandelure|Chandelure, F|100/100
|-item|p2a: Chandelure|Air Balloon
|move|p1a: Skarmory|Spikes|p2a: Chandelure
|-sidestart|p2: lijkjlkjlkjlkjlk|Spikes
|
|upkeep
|turn|10
|inactive|nvictt has 120 seconds left.
|
|t:|1724350568
|switch|p1a: Rotom|Rotom-Wash|100/100
|-damage|p1a: Rotom|88/100|[from] Stealth Rock
|move|p2a: Chandelure|Trick Room|p2a: Chandelure
|-fieldstart|move: Trick Room|[of] p2a: Chandelure
|
|upkeep
|turn|11
|inactive|nvictt has 120 seconds left.
|
|t:|1724350584
|switch|p2a: Crawdaunt|Crawdaunt, F|100/100
|-damage|p2a: Crawdaunt|84/100|[from] Spikes
|move|p1a: Rotom|Hydro Pump|p2a: Crawdaunt
|-resisted|p2a: Crawdaunt
|-damage|p2a: Crawdaunt|34/100
|
|upkeep
|turn|12
|inactive|nvictt has 120 seconds left.
|
|t:|1724350592
|move|p2a: Crawdaunt|Crunch|p1a: Rotom
|-damage|p1a: Rotom|0 fnt
|faint|p1a: Rotom
|
|upkeep
|inactive|nvictt has 120 seconds left.
|
|t:|1724350603
|switch|p1a: Skarmory|Skarmory, F|100/100
|-damage|p1a: Skarmory|88/100|[from] Stealth Rock
|turn|13
|inactive|nvictt has 120 seconds left.
|
|t:|1724350612
|switch|p2a: Chandelure|Chandelure, F|100/100
|-item|p2a: Chandelure|Air Balloon
|move|p1a: Skarmory|Spikes|p2a: Chandelure
|-sidestart|p2: lijkjlkjlkjlkjlk|Spikes
|
|upkeep
|turn|14
|inactive|nvictt has 120 seconds left.
|
|t:|1724350632
|move|p2a: Chandelure|Fire Blast|p1a: Skarmory|[miss]
|-miss|p2a: Chandelure|p1a: Skarmory
|move|p1a: Skarmory|Whirlwind|p2a: Chandelure
|drag|p2a: Porygon2|Porygon2|100/100
|-damage|p2a: Porygon2|76/100|[from] Spikes
|-ability|p2a: Porygon2|Download|boost
|-boost|p2a: Porygon2|spa|1
|
|-fieldend|move: Trick Room
|upkeep
|turn|15
|inactive|nvictt has 120 seconds left.
|
|t:|1724350643
|move|p2a: Porygon2|Thunder|p1a: Skarmory
|-supereffective|p1a: Skarmory
|-damage|p1a: Skarmory|0 fnt
|faint|p1a: Skarmory
|
|upkeep
|
|t:|1724350660
|switch|p1a: Scizor|Scizor, F|100/100
|-damage|p1a: Scizor|88/100|[from] Stealth Rock
|turn|16
|
|t:|1724350669
|switch|p2a: Chandelure|Chandelure, F|100/100
|-item|p2a: Chandelure|Air Balloon
|move|p1a: Scizor|Superpower|p2a: Chandelure
|-immune|p2a: Chandelure
|
|upkeep
|turn|17
|
|t:|1724350676
|switch|p1a: Starmie|Starmie|100/100
|-damage|p1a: Starmie|88/100|[from] Stealth Rock
|move|p2a: Chandelure|Trick Room|p2a: Chandelure
|-fieldstart|move: Trick Room|[of] p2a: Chandelure
|
|upkeep
|turn|18
|inactive|nvictt has 120 seconds left.
|
|t:|1724350701
|move|p2a: Chandelure|Shadow Ball|p1a: Starmie
|-supereffective|p1a: Starmie
|-damage|p1a: Starmie|0 fnt
|faint|p1a: Starmie
|
|upkeep
|
|t:|1724350705
|switch|p1a: Scizor|Scizor, F|88/100
|-damage|p1a: Scizor|76/100|[from] Stealth Rock
|turn|19
|
|t:|1724350719
|move|p2a: Chandelure|Fire Blast|p1a: Scizor
|-supereffective|p1a: Scizor
|-damage|p1a: Scizor|0 fnt
|faint|p1a: Scizor
|
|upkeep
|
|t:|1724350722
|switch|p1a: Hydreigon|Hydreigon, F|57/100
|-damage|p1a: Hydreigon|45/100|[from] Stealth Rock
|turn|20
|
|t:|1724350726
|move|p2a: Chandelure|Fire Blast|p1a: Hydreigon
|-resisted|p1a: Hydreigon
|-damage|p1a: Hydreigon|2/100
|move|p1a: Hydreigon|Dragon Pulse|p2a: Chandelure
|-damage|p2a: Chandelure|23/100
|-enditem|p2a: Chandelure|Air Balloon
|
|upkeep
|turn|21
|
|t:|1724350733
|move|p2a: Chandelure|Shadow Ball|p1a: Hydreigon
|-resisted|p1a: Hydreigon
|-damage|p1a: Hydreigon|0 fnt
|faint|p1a: Hydreigon
|
|win|lijkjlkjlkjlkjlk
|raw|nvictt's rating: 1321 &rarr; <strong>1306</strong><br />(-15 for losing)
|raw|lijkjlkjlkjlkjlk's rating: 1412 &rarr; <strong>1427</strong><br />(+15 for winning)
|c|☆nvictt|Gg
|c|☆lijkjlkjlkjlkjlk|ggwp
|c|☆nvictt|I hate trick room
|c|☆lijkjlkjlkjlkjlk|yeah dont judge your team based on this
|c|☆nvictt|Good team
|c|☆lijkjlkjlkjlkjlk|it basically beats everything not stall
|c|☆lijkjlkjlkjlkjlk|because if you're investing in speed
|c|☆lijkjlkjlkjlkjlk|you get nothing while you face this
|c|☆nvictt|Yea so true, ggs see you around
|c|☆lijkjlkjlkjlkjlk|gg
|l|☆nvictt
|player|p1|
