|j|☆Crimsonbacon38
|j|☆rabian
|t:|1726425244
|gametype|singles
|player|p1|Crimsonbacon38|barry|1348
|player|p2|rabian|iris-gen5bw2|1409
|teamsize|p1|6
|teamsize|p2|6
|gen|5
|tier|[Gen 5] OU
|rated|
|rule|Species Clause: Limit one of each Pokémon
|rule|OHKO Clause: OHKO moves are banned
|rule|Moody Clause: Moody is banned
|rule|Evasion Items Clause: Evasion items are banned
|rule|Evasion Moves Clause: Evasion moves are banned
|rule|Endless Battle Clause: Forcing endless battles is banned
|rule|HP Percentage Mod: HP is shown in percentages
|rule|Evasion Abilities Clause: Evasion abilities are banned
|rule|Sleep Moves Clause: Sleep-inducing moves are banned
|rule|Swagger Clause: Swagger is banned
|rule|Baton Pass Stat Clause: No Baton Passer may have a way to boost its stats
|clearpoke
|poke|p1|Tyranitar, F|item
|poke|p1|Gliscor, M|item
|poke|p1|Skarmory, M|item
|poke|p1|Rotom-Wash|item
|poke|p1|Landorus-Therian, M|item
|poke|p1|Latios, M|item
|poke|p2|Jolteon, M|item
|poke|p2|Ferrothorn, F|item
|poke|p2|Politoed, M|item
|poke|p2|Gyarados, M|item
|poke|p2|Toxicroak, M|item
|poke|p2|Tentacruel, M|item
|teampreview
|c|☆rabian|glhf!
|
|t:|1726425252
|start
|switch|p1a: Tyranitar|Tyranitar, F|100/100
|switch|p2a: Weather Setter|Politoed, M|100/100
|-weather|Sandstorm|[from] ability: Sand Stream|[of] p1a: Tyranitar
|-weather|RainDance|[from] ability: Drizzle|[of] p2a: Weather Setter
|turn|1
|c|☆Crimsonbacon38|Glhf
|
|t:|1726425263
|switch|p1a: Rotom|Rotom-Wash|100/100
|move|p2a: Weather Setter|Toxic|p1a: Rotom
|-status|p1a: Rotom|tox
|
|-weather|RainDance|[upkeep]
|-damage|p1a: Rotom|94/100 tox|[from] psn
|upkeep
|turn|2
|
|t:|1726425268
|move|p2a: Weather Setter|Protect|p2a: Weather Setter
|-singleturn|p2a: Weather Setter|Protect
|move|p1a: Rotom|Volt Switch|p2a: Weather Setter
|-activate|p2a: Weather Setter|move: Protect
|
|-weather|RainDance|[upkeep]
|-heal|p1a: Rotom|100/100 tox|[from] item: Leftovers
|-damage|p1a: Rotom|88/100 tox|[from] psn
|upkeep
|turn|3
|
|t:|1726425272
|switch|p2a: Wall|Ferrothorn, F|100/100
|move|p1a: Rotom|Will-O-Wisp|p2a: Wall|[miss]
|-miss|p1a: Rotom|p2a: Wall
|
|-weather|RainDance|[upkeep]
|-heal|p1a: Rotom|94/100 tox|[from] item: Leftovers
|-damage|p1a: Rotom|75/100 tox|[from] psn
|upkeep
|turn|4
|c|☆rabian|sorry fr the miss
|
|t:|1726425285
|move|p1a: Rotom|Volt Switch|p2a: Wall
|-resisted|p2a: Wall
|-damage|p2a: Wall|90/100
|
|t:|1726425290
|switch|p1a: Gliscor|Gliscor, M|100/100|[from] Volt Switch
|move|p2a: Wall|Stealth Rock|p1a: Gliscor
|-sidestart|p1: Crimsonbacon38|move: Stealth Rock
|
|-weather|RainDance|[upkeep]
|-heal|p2a: Wall|96/100|[from] item: Leftovers
|-status|p1a: Gliscor|tox|[from] item: Toxic Orb
|upkeep
|turn|5
|
|t:|1726425294
|move|p1a: Gliscor|Taunt|p2a: Wall
|-start|p2a: Wall|move: Taunt
|cant|p2a: Wall|move: Taunt|Leech Seed
|
|-weather|RainDance|[upkeep]
|-heal|p2a: Wall|100/100|[from] item: Leftovers
|upkeep
|turn|6
|
|t:|1726425297
|switch|p2a: Just A Magikarp|Gyarados, M, shiny|100/100
|-ability|p2a: Just A Magikarp|Intimidate|boost
|-unboost|p1a: Gliscor|atk|1
|move|p1a: Gliscor|Knock Off|p2a: Just A Magikarp
|-damage|p2a: Just A Magikarp|97/100
|-enditem|p2a: Just A Magikarp|Leftovers|[from] move: Knock Off|[of] p1a: Gliscor
|
|-weather|RainDance|[upkeep]
|upkeep
|turn|7
|
|t:|1726425307
|switch|p1a: Skarmory|Skarmory, M|100/100
|-damage|p1a: Skarmory|88/100|[from] Stealth Rock
|move|p2a: Just A Magikarp|Waterfall|p1a: Skarmory
|-damage|p1a: Skarmory|47/100
|
|-weather|RainDance|[upkeep]
|-heal|p1a: Skarmory|53/100|[from] item: Leftovers
|upkeep
|turn|8
|j| Neighthan Trainer
|
|t:|1726425313
|move|p2a: Just A Magikarp|Dragon Dance|p2a: Just A Magikarp
|-boost|p2a: Just A Magikarp|atk|1
|-boost|p2a: Just A Magikarp|spe|1
|move|p1a: Skarmory|Whirlwind|p2a: Just A Magikarp
|drag|p2a: Look at this boi|Jolteon, M|100/100
|
|-weather|RainDance|[upkeep]
|-heal|p1a: Skarmory|59/100|[from] item: Leftovers
|upkeep
|turn|9
|c|☆rabian|MISCLICK
|c|☆rabian|MISCLICK
|c|☆rabian|THAT WAS SUPPOSED TO BE WATERFALL
|c|☆rabian|sigh
|
|t:|1726425331
|switch|p1a: Landorus|Landorus-Therian, M|100/100
|-damage|p1a: Landorus|88/100|[from] Stealth Rock
|-ability|p1a: Landorus|Intimidate|boost
|-unboost|p2a: Look at this boi|atk|1
|move|p2a: Look at this boi|Hidden Power|p1a: Landorus
|-supereffective|p1a: Landorus
|-damage|p1a: Landorus|0 fnt
|faint|p1a: Landorus
|
|-weather|RainDance|[upkeep]
|upkeep
|
|t:|1726425339
|switch|p1a: Tyranitar|Tyranitar, F|100/100
|-damage|p1a: Tyranitar|88/100|[from] Stealth Rock
|-weather|Sandstorm|[from] ability: Sand Stream|[of] p1a: Tyranitar
|turn|10
|c|☆rabian|well that worked to my advantage i guess
|
|t:|1726425343
|-activate|p2a: Look at this boi|move: Pursuit
|move|p1a: Tyranitar|Pursuit|p2a: Look at this boi|[from]Pursuit
|-damage|p2a: Look at this boi|21/100
|switch|p2a: Weather Setter|Politoed, M|100/100
|-weather|RainDance|[from] ability: Drizzle|[of] p2a: Weather Setter
|
|-weather|RainDance|[upkeep]
|upkeep
|turn|11
|
|t:|1726425351
|switch|p1a: Latios|Latios, M|100/100
|-damage|p1a: Latios|88/100|[from] Stealth Rock
|move|p2a: Weather Setter|Surf|p1a: Latios
|-resisted|p1a: Latios
|-damage|p1a: Latios|64/100
|
|-weather|RainDance|[upkeep]
|upkeep
|turn|12
|
|t:|1726425359
|switch|p1a: Skarmory|Skarmory, M|59/100
|-damage|p1a: Skarmory|46/100|[from] Stealth Rock
|move|p2a: Weather Setter|Protect||[still]
|-fail|p2a: Weather Setter
|
|-weather|RainDance|[upkeep]
|-heal|p1a: Skarmory|52/100|[from] item: Leftovers
|upkeep
|turn|13
|
|t:|1726425362
|move|p2a: Weather Setter|Surf|p1a: Skarmory
|-damage|p1a: Skarmory|12/100
|move|p1a: Skarmory|Spikes|p2a: Weather Setter
|-sidestart|p2: rabian|Spikes
|
|-weather|RainDance|[upkeep]
|-heal|p1a: Skarmory|18/100|[from] item: Leftovers
|upkeep
|turn|14
|
|t:|1726425367
|switch|p1a: Tyranitar|Tyranitar, F|88/100
|-damage|p1a: Tyranitar|76/100|[from] Stealth Rock
|-weather|Sandstorm|[from] ability: Sand Stream|[of] p1a: Tyranitar
|move|p2a: Weather Setter|Surf|p1a: Tyranitar
|-supereffective|p1a: Tyranitar
|-damage|p1a: Tyranitar|34/100
|
|-weather|Sandstorm|[upkeep]
|-damage|p2a: Weather Setter|94/100|[from] Sandstorm
|-heal|p2a: Weather Setter|100/100|[from] item: Leftovers
|upkeep
|turn|15
|
|t:|1726425375
|move|p1a: Tyranitar|Crunch|p2a: Weather Setter
|-damage|p2a: Weather Setter|60/100
|move|p2a: Weather Setter|Surf|p1a: Tyranitar
|-supereffective|p1a: Tyranitar
|-crit|p1a: Tyranitar
|-damage|p1a: Tyranitar|0 fnt
|faint|p1a: Tyranitar
|
|-weather|Sandstorm|[upkeep]
|-damage|p2a: Weather Setter|53/100|[from] Sandstorm
|-heal|p2a: Weather Setter|60/100|[from] item: Leftovers
|upkeep
|
|t:|1726425381
|switch|p1a: Gliscor|Gliscor, M|100/100 tox
|-damage|p1a: Gliscor|88/100 tox|[from] Stealth Rock
|turn|16
|
|t:|1726425385
|switch|p2a: Just A Magikarp|Gyarados, M, shiny|97/100
|-ability|p2a: Just A Magikarp|Intimidate|boost
|-unboost|p1a: Gliscor|atk|1
|move|p1a: Gliscor|Earthquake|p2a: Just A Magikarp
|-immune|p2a: Just A Magikarp
|
|-weather|Sandstorm|[upkeep]
|-damage|p2a: Just A Magikarp|91/100|[from] Sandstorm
|-heal|p1a: Gliscor|100/100 tox|[from] ability: Poison Heal
|upkeep
|turn|17
|
|t:|1726425390
|move|p1a: Gliscor|Taunt|p2a: Just A Magikarp
|-start|p2a: Just A Magikarp|move: Taunt
|move|p2a: Just A Magikarp|Waterfall|p1a: Gliscor
|-supereffective|p1a: Gliscor
|-damage|p1a: Gliscor|39/100 tox
|
|-weather|Sandstorm|[upkeep]
|-damage|p2a: Just A Magikarp|85/100|[from] Sandstorm
|-heal|p1a: Gliscor|52/100 tox|[from] ability: Poison Heal
|upkeep
|turn|18
|
|t:|1726425398
|switch|p1a: Rotom|Rotom-Wash|75/100 tox
|-damage|p1a: Rotom|63/100 tox|[from] Stealth Rock
|move|p2a: Just A Magikarp|Waterfall|p1a: Rotom
|-resisted|p1a: Rotom
|-damage|p1a: Rotom|48/100 tox
|
|-weather|Sandstorm|[upkeep]
|-damage|p2a: Just A Magikarp|79/100|[from] Sandstorm
|-damage|p1a: Rotom|42/100 tox|[from] Sandstorm
|-heal|p1a: Rotom|48/100 tox|[from] item: Leftovers
|-damage|p1a: Rotom|42/100 tox|[from] psn
|upkeep
|turn|19
|
|t:|1726425408
|switch|p2a: Weather Setter|Politoed, M|60/100
|-damage|p2a: Weather Setter|47/100|[from] Spikes
|-weather|RainDance|[from] ability: Drizzle|[of] p2a: Weather Setter
|move|p1a: Rotom|Will-O-Wisp|p2a: Weather Setter
|-status|p2a: Weather Setter|brn
|
|-weather|RainDance|[upkeep]
|-heal|p1a: Rotom|48/100 tox|[from] item: Leftovers
|-heal|p2a: Weather Setter|53/100 brn|[from] item: Leftovers
|-damage|p1a: Rotom|36/100 tox|[from] psn
|-damage|p2a: Weather Setter|41/100 brn|[from] brn
|upkeep
|turn|20
|
|t:|1726425417
|move|p2a: Weather Setter|Protect|p2a: Weather Setter
|-singleturn|p2a: Weather Setter|Protect
|move|p1a: Rotom|Volt Switch|p2a: Weather Setter
|-activate|p2a: Weather Setter|move: Protect
|
|-weather|RainDance|[upkeep]
|-heal|p1a: Rotom|42/100 tox|[from] item: Leftovers
|-heal|p2a: Weather Setter|47/100 brn|[from] item: Leftovers
|-damage|p1a: Rotom|23/100 tox|[from] psn
|-damage|p2a: Weather Setter|35/100 brn|[from] brn
|upkeep
|turn|21
|
|t:|1726425427
|move|p2a: Weather Setter|Protect|p2a: Weather Setter
|-singleturn|p2a: Weather Setter|Protect
|move|p1a: Rotom|Volt Switch|p2a: Weather Setter
|-activate|p2a: Weather Setter|move: Protect
|
|-weather|RainDance|[upkeep]
|-heal|p1a: Rotom|29/100 tox|[from] item: Leftovers
|-heal|p2a: Weather Setter|41/100 brn|[from] item: Leftovers
|-damage|p1a: Rotom|4/100 tox|[from] psn
|-damage|p2a: Weather Setter|28/100 brn|[from] brn
|upkeep
|turn|22
|c|☆rabian|sorry for the double protect bs
|
|t:|1726425439
|move|p1a: Rotom|Volt Switch|p2a: Weather Setter
|-supereffective|p2a: Weather Setter
|-damage|p2a: Weather Setter|0 fnt
|faint|p2a: Weather Setter
|
|t:|1726425443
|switch|p1a: Latios|Latios, M|64/100|[from] Volt Switch
|-damage|p1a: Latios|52/100|[from] Stealth Rock
|
|-weather|RainDance|[upkeep]
|upkeep
|
|t:|1726425450
|switch|p2a: Wall|Ferrothorn, F|100/100
|-damage|p2a: Wall|88/100|[from] Spikes
|turn|23
|
|t:|1726425453
|move|p1a: Latios|Trick|p2a: Wall
|-activate|p1a: Latios|move: Trick|[of] p2a: Wall
|-item|p2a: Wall|Choice Scarf|[from] move: Trick
|-item|p1a: Latios|Leftovers|[from] move: Trick
|move|p2a: Wall|Leech Seed|p1a: Latios
|-start|p1a: Latios|move: Leech Seed
|
|-weather|RainDance|[upkeep]
|-heal|p1a: Latios|58/100|[from] item: Leftovers
|-damage|p1a: Latios|46/100|[from] Leech Seed|[of] p2a: Wall
|-heal|p2a: Wall|100/100|[silent]
|upkeep
|turn|24
|
|t:|1726425462
|switch|p1a: Gliscor|Gliscor, M|52/100 tox
|-damage|p1a: Gliscor|39/100 tox|[from] Stealth Rock
|move|p2a: Wall|Leech Seed|p1a: Gliscor
|-start|p1a: Gliscor|move: Leech Seed
|
|-weather|RainDance|[upkeep]
|-damage|p1a: Gliscor|27/100 tox|[from] Leech Seed|[of] p2a: Wall
|-heal|p1a: Gliscor|39/100 tox|[from] ability: Poison Heal
|upkeep
|turn|25
|
|t:|1726425470
|switch|p2a: Just A Magikarp|Gyarados, M, shiny|79/100
|-ability|p2a: Just A Magikarp|Intimidate|boost
|-unboost|p1a: Gliscor|atk|1
|move|p1a: Gliscor|Taunt|p2a: Just A Magikarp
|-start|p2a: Just A Magikarp|move: Taunt
|
|-weather|RainDance|[upkeep]
|-damage|p1a: Gliscor|27/100 tox|[from] Leech Seed|[of] p2a: Just A Magikarp
|-heal|p2a: Just A Magikarp|93/100|[silent]
|-heal|p1a: Gliscor|39/100 tox|[from] ability: Poison Heal
|upkeep
|turn|26
|
|t:|1726425480
|move|p1a: Gliscor|Earthquake|p2a: Just A Magikarp
|-immune|p2a: Just A Magikarp
|move|p2a: Just A Magikarp|Waterfall|p1a: Gliscor
|-supereffective|p1a: Gliscor
|-damage|p1a: Gliscor|0 fnt
|faint|p1a: Gliscor
|
|-weather|RainDance|[upkeep]
|upkeep
|c|☆rabian|?
|
|t:|1726425485
|switch|p1a: Rotom|Rotom-Wash|4/100 tox
|-damage|p1a: Rotom|0 fnt|[from] Stealth Rock
|faint|p1a: Rotom
|
|t:|1726425487
|switch|p1a: Latios|Latios, M|46/100
|-damage|p1a: Latios|33/100|[from] Stealth Rock
|turn|27
|c|☆rabian|was that a misclick
|
|t:|1726425491
|move|p1a: Latios|Draco Meteor|p2a: Just A Magikarp
|-damage|p2a: Just A Magikarp|27/100
|-unboost|p1a: Latios|spa|2
|move|p2a: Just A Magikarp|Waterfall|p1a: Latios
|-resisted|p1a: Latios
|-damage|p1a: Latios|0 fnt
|faint|p1a: Latios
|
|-weather|RainDance|[upkeep]
|-end|p2a: Just A Magikarp|move: Taunt
|upkeep
|c|☆Crimsonbacon38|gg
|c|☆rabian|gg
|c|☆Crimsonbacon38|You fw this team?
|c|☆rabian|?
|c|☆rabian|oh uh
|c|☆Crimsonbacon38|The one I’m running
|c|☆rabian|oh
|c|☆Crimsonbacon38|it’s no Exca but Superman
|c|☆rabian|no
|c|☆Crimsonbacon38|why not?
|c|☆rabian|i'm not familiar with this team but like
|c|☆rabian|i've seen a lot of this stuff before
|c|☆rabian|like these movesets
|c|☆Crimsonbacon38|Okay
|c|☆rabian|you should probably have a spinner
|c|☆Crimsonbacon38|what about Superman with no Exca
|c|☆Crimsonbacon38|is that like
|c|☆Crimsonbacon38|ah fuck it I’ll just put an Exca
|c|☆rabian|yeah having both gliscor and lando is a bit duplicative
|c|☆rabian|also what is superman'
|c|☆Crimsonbacon38|Duplicative, I like that. That’s a two dollar word.
|c|☆Crimsonbacon38|In gen 3 they call teams built mostly floaters Superman teams
|c|☆rabian|ah ok
|c|☆rabian|well that doesn't really help in gen four and beyond cuz rocks
|c|☆Crimsonbacon38|Sometimes they go no spinner tho in recent times they’ve picked up Cladol cuz 1) it’s a spinner and 2) it’s a floater
|c|☆Crimsonbacon38|yeahhh it’s a lil different if it’s just spikes
|c|☆rabian|yeah but exca is like
|c|☆rabian|unquestionably the best spinner
|c|☆rabian|tentacruel is a distant second
|c|☆rabian|claydol has pretty mid typing
|l|☆Crimsonbacon38
|player|p1|
|inactive|Battle timer is ON: inactive players will automatically lose when time's up. (requested by rabian)
|j|☆Crimsonbacon38
|inactive|Crimsonbacon38 reconnected and has 130 seconds left.
|player|p1|Crimsonbacon38|barry|
|inactive|Crimsonbacon38 has 120 seconds left.
|l|☆Crimsonbacon38
|inactive|Crimsonbacon38 disconnected and has a minute to reconnect!
|player|p1|
|j|☆Crimsonbacon38
|inactive|Crimsonbacon38 reconnected and has 95 seconds left.
|player|p1|Crimsonbacon38|barry|
|inactive|Crimsonbacon38 has 90 seconds left.
|c|☆Crimsonbacon38|https://pokepast.es/6fb17545e11ad8ad
|inactive|Crimsonbacon38 has 60 seconds left.
|c|☆Crimsonbacon38|do you fw this?
|
|t:|1726425914
|switch|p1a: Skarmory|Skarmory, M|18/100
|-damage|p1a: Skarmory|6/100|[from] Stealth Rock
|turn|28
|
|t:|1726425924
|move|p2a: Just A Magikarp|Waterfall|p1a: Skarmory
|-damage|p1a: Skarmory|0 fnt
|faint|p1a: Skarmory
|
|win|rabian
|raw|Crimsonbacon38's rating: 1348 &rarr; <strong>1331</strong><br />(-17 for losing)
|raw|rabian's rating: 1409 &rarr; <strong>1426</strong><br />(+17 for winning)
|c|☆Crimsonbacon38|gg btw
|c|☆rabian|gg
|c|☆rabian|wdym fw
|c|☆rabian|am i familiar with it?
|c|☆Crimsonbacon38|That’s 290 speed on Exca for kyub
|c|☆Crimsonbacon38|do you like it l?
|c|☆rabian|oh i mean
|c|☆rabian|i think it's pretty good
|c|☆rabian|heck, it probably counters my team pretty well
|c|☆rabian|i'm just
|c|☆Crimsonbacon38|I appreciate the feedback bro
|c|☆rabian|yeah idk
|c|☆rabian|is rotom like
|c|☆rabian|a standard piece of a sand team?
|c|☆rabian|i feel like that's more of a rain team poke
|c|☆Crimsonbacon38|I would
|c|☆Crimsonbacon38|Oop
|c|☆Crimsonbacon38|Imma see how this goes on ladder bro, cya  round
|c|☆Crimsonbacon38|have a nice day bro
