|j|☆kenjishinoka
|j|☆fuygikubhln
|t:|1745089272
|gametype|singles
|player|p1|kenjishinoka|266|1378
|player|p2|fuygikubhln|clerkf|1484
|teamsize|p1|6
|teamsize|p2|6
|gen|5
|tier|[Gen 5] OU
|rated|
|rule|Species Clause: Limit one of each Pokémon
|rule|OHKO Clause: OHKO moves are banned
|rule|Moody Clause: Moody is banned
|rule|Evasion Items Clause: Evasion items are banned
|rule|Evasion Moves Clause: Evasion moves are banned
|rule|Endless Battle Clause: Forcing endless battles is banned
|rule|HP Percentage Mod: HP is shown in percentages
|rule|Evasion Abilities Clause: Evasion abilities are banned
|rule|Sleep Moves Clause: Sleep-inducing moves are banned
|rule|Swagger Clause: Swagger is banned
|rule|Baton Pass Stat Clause: No Baton Passer may have a way to boost its stats
|clearpoke
|poke|p1|Gyarados, F|item
|poke|p1|Sableye, M|item
|poke|p1|Magnezone|item
|poke|p1|Jellicent, M|item
|poke|p1|Skarmory, F|item
|poke|p1|Excadrill, M|item
|poke|p2|Tyranitar, F|item
|poke|p2|Gliscor, F|item
|poke|p2|Reuniclus, F|item
|poke|p2|Skarmory, F|item
|poke|p2|Gastrodon, M|item
|poke|p2|Alakazam, M|item
|teampreview
|inactive|Battle timer is ON: inactive players will automatically lose when time's up. (requested by kenjishinoka)
|
|t:|1745089283
|start
|switch|p1a: Skarmory|Skarmory, F|100/100
|switch|p2a: Gastrodon|Gastrodon, M, shiny|100/100
|turn|1
|
|t:|1745089287
|move|p1a: Skarmory|Taunt|p2a: Gastrodon
|-start|p2a: Gastrodon|move: Taunt
|move|p2a: Gastrodon|Scald|p1a: Skarmory
|-damage|p1a: Skarmory|60/100
|
|upkeep
|turn|2
|
|t:|1745089289
|move|p1a: Skarmory|Stealth Rock|p2a: Gastrodon
|-sidestart|p2: fuygikubhln|move: Stealth Rock
|move|p2a: Gastrodon|Scald|p1a: Skarmory
|-damage|p1a: Skarmory|16/100
|
|upkeep
|turn|3
|-enditem|p1a: Skarmory|Custap Berry|[eat]
|-activate|p1a: Skarmory|item: Custap Berry|[consumed]
|
|t:|1745089294
|move|p1a: Skarmory|Spikes|p2a: Gastrodon
|-sidestart|p2: fuygikubhln|Spikes
|move|p2a: Gastrodon|Ice Beam|p1a: Skarmory
|-damage|p1a: Skarmory|0 fnt
|faint|p1a: Skarmory
|
|-end|p2a: Gastrodon|move: Taunt
|upkeep
|
|t:|1745089305
|switch|p1a: Jellicent|Jellicent, M|100/100
|turn|4
|
|t:|1745089308
|move|p1a: Jellicent|Giga Drain|p2a: Gastrodon
|-supereffective|p2a: Gastrodon
|-damage|p2a: Gastrodon|0 fnt
|faint|p2a: Gastrodon
|
|upkeep
|
|t:|1745089312
|switch|p2a: Tyranitar|Tyranitar, F, shiny|100/100
|-damage|p2a: Tyranitar|88/100|[from] Stealth Rock
|-damage|p2a: Tyranitar|76/100|[from] Spikes
|-weather|Sandstorm|[from] ability: Sand Stream|[of] p2a: Tyranitar
|turn|5
|
|t:|1745089315
|move|p2a: Tyranitar|Pursuit|p1a: Jellicent
|-supereffective|p1a: Jellicent
|-damage|p1a: Jellicent|51/100
|move|p1a: Jellicent|Giga Drain|p2a: Tyranitar
|-supereffective|p2a: Tyranitar
|-damage|p2a: Tyranitar|45/100
|-heal|p1a: Jellicent|66/100|[from] drain|[of] p2a: Tyranitar
|
|-weather|Sandstorm|[upkeep]
|-damage|p1a: Jellicent|60/100|[from] Sandstorm
|upkeep
|turn|6
|
|t:|1745089324
|switch|p1a: Excadrill|Excadrill, M|100/100
|-ability|p1a: Excadrill|Mold Breaker
|move|p2a: Tyranitar|Crunch|p1a: Excadrill
|-resisted|p1a: Excadrill
|-damage|p1a: Excadrill|72/100
|
|-weather|Sandstorm|[upkeep]
|upkeep
|turn|7
|
|t:|1745089328
|switch|p2a: Gliscor|Gliscor, F, shiny|100/100
|-damage|p2a: Gliscor|88/100|[from] Stealth Rock
|move|p1a: Excadrill|Iron Head|p2a: Gliscor
|-damage|p2a: Gliscor|61/100
|
|-weather|Sandstorm|[upkeep]
|-status|p2a: Gliscor|tox|[from] item: Toxic Orb
|upkeep
|turn|8
|
|t:|1745089336
|switch|p1a: Gyarados|Gyarados, F|100/100
|move|p2a: Gliscor|Earthquake|p1a: Gyarados
|-immune|p1a: Gyarados
|
|-weather|Sandstorm|[upkeep]
|-damage|p1a: Gyarados|94/100|[from] Sandstorm
|-heal|p2a: Gliscor|74/100 tox|[from] ability: Poison Heal
|upkeep
|turn|9
|
|t:|1745089340
|switch|p2a: Skarmory|Skarmory, F, shiny|100/100
|-damage|p2a: Skarmory|88/100|[from] Stealth Rock
|move|p1a: Gyarados|Waterfall|p2a: Skarmory
|-damage|p2a: Skarmory|54/100
|
|-weather|Sandstorm|[upkeep]
|-damage|p1a: Gyarados|88/100|[from] Sandstorm
|-heal|p2a: Skarmory|60/100|[from] item: Leftovers
|upkeep
|turn|10
|
|t:|1745089347
|switch|p1a: Magnezone|Magnezone|100/100
|-item|p1a: Magnezone|Air Balloon
|move|p2a: Skarmory|Whirlwind|p1a: Magnezone
|drag|p1a: Jellicent|Jellicent, M|60/100
|
|-weather|Sandstorm|[upkeep]
|-damage|p1a: Jellicent|54/100|[from] Sandstorm
|-heal|p2a: Skarmory|66/100|[from] item: Leftovers
|upkeep
|turn|11
|
|t:|1745089356
|switch|p2a: Reuniclus|Reuniclus, F, shiny|100/100
|move|p1a: Jellicent|Surf|p2a: Reuniclus
|-damage|p2a: Reuniclus|44/100
|
|-weather|Sandstorm|[upkeep]
|-damage|p1a: Jellicent|48/100|[from] Sandstorm
|-heal|p2a: Reuniclus|50/100|[from] item: Leftovers
|upkeep
|turn|12
|
|t:|1745089382
|move|p1a: Jellicent|Surf|p2a: Reuniclus
|-damage|p2a: Reuniclus|0 fnt
|faint|p2a: Reuniclus
|
|-weather|Sandstorm|[upkeep]
|-damage|p1a: Jellicent|41/100|[from] Sandstorm
|upkeep
|
|t:|1745089384
|switch|p2a: Tyranitar|Tyranitar, F, shiny|45/100
|-damage|p2a: Tyranitar|33/100|[from] Stealth Rock
|-damage|p2a: Tyranitar|21/100|[from] Spikes
|turn|13
|
|t:|1745089393
|move|p2a: Tyranitar|Pursuit|p1a: Jellicent
|-supereffective|p1a: Jellicent
|-damage|p1a: Jellicent|0 fnt
|faint|p1a: Jellicent
|
|-weather|Sandstorm|[upkeep]
|upkeep
|
|t:|1745089415
|switch|p1a: Gyarados|Gyarados, F|88/100
|turn|14
|
|t:|1745089419
|move|p1a: Gyarados|Waterfall|p2a: Tyranitar
|-supereffective|p2a: Tyranitar
|-damage|p2a: Tyranitar|0 fnt
|faint|p2a: Tyranitar
|-ability|p1a: Gyarados|Moxie|boost
|-boost|p1a: Gyarados|atk|1
|
|-weather|Sandstorm|[upkeep]
|-damage|p1a: Gyarados|82/100|[from] Sandstorm
|upkeep
|
|t:|1745089424
|switch|p2a: Skarmory|Skarmory, F, shiny|66/100
|-damage|p2a: Skarmory|54/100|[from] Stealth Rock
|turn|15
|
|t:|1745089427
|move|p1a: Gyarados|Waterfall|p2a: Skarmory
|-damage|p2a: Skarmory|5/100
|move|p2a: Skarmory|Roost|p2a: Skarmory
|-heal|p2a: Skarmory|55/100
|-singleturn|p2a: Skarmory|move: Roost
|
|-weather|Sandstorm|[upkeep]
|-damage|p1a: Gyarados|76/100|[from] Sandstorm
|-heal|p2a: Skarmory|61/100|[from] item: Leftovers
|upkeep
|turn|16
|
|t:|1745089434
|switch|p1a: Magnezone|Magnezone|100/100
|-item|p1a: Magnezone|Air Balloon
|move|p2a: Skarmory|Whirlwind|p1a: Magnezone
|drag|p1a: Excadrill|Excadrill, M|72/100
|-ability|p1a: Excadrill|Mold Breaker
|
|-weather|Sandstorm|[upkeep]
|-heal|p2a: Skarmory|67/100|[from] item: Leftovers
|upkeep
|turn|17
|
|t:|1745089442
|move|p1a: Excadrill|Iron Head|p2a: Skarmory
|-resisted|p2a: Skarmory
|-damage|p2a: Skarmory|50/100
|cant|p2a: Skarmory|flinch
|
|-weather|Sandstorm|[upkeep]
|-heal|p2a: Skarmory|56/100|[from] item: Leftovers
|upkeep
|turn|18
|
|t:|1745089447
|move|p1a: Excadrill|Iron Head|p2a: Skarmory
|-resisted|p2a: Skarmory
|-damage|p2a: Skarmory|39/100
|move|p2a: Skarmory|Whirlwind|p1a: Excadrill
|drag|p1a: Magnezone|Magnezone|100/100
|-item|p1a: Magnezone|Air Balloon
|
|-weather|Sandstorm|[upkeep]
|-heal|p2a: Skarmory|45/100|[from] item: Leftovers
|upkeep
|turn|19
|
|t:|1745089452
|move|p1a: Magnezone|Volt Switch|p2a: Skarmory
|-supereffective|p2a: Skarmory
|-damage|p2a: Skarmory|0 fnt
|faint|p2a: Skarmory
|
|t:|1745089457
|switch|p1a: Gyarados|Gyarados, F|76/100|[from] Volt Switch
|
|-weather|Sandstorm|[upkeep]
|-damage|p1a: Gyarados|70/100|[from] Sandstorm
|upkeep
|
|t:|1745089461
|switch|p2a: Alakazam|Alakazam, M, shiny|100/100
|turn|20
|
|t:|1745089467
|switch|p1a: Sableye|Sableye, M|100/100
|move|p2a: Alakazam|Psychic|p1a: Sableye
|-immune|p1a: Sableye
|
|-weather|Sandstorm|[upkeep]
|-damage|p1a: Sableye|95/100|[from] Sandstorm
|upkeep
|turn|21
|
|t:|1745089470
|switch|p2a: Gliscor|Gliscor, F, shiny|74/100 tox
|-damage|p2a: Gliscor|61/100 tox|[from] Stealth Rock
|move|p1a: Sableye|Trick|p2a: Gliscor
|-activate|p1a: Sableye|move: Trick|[of] p2a: Gliscor
|-item|p2a: Gliscor|Lagging Tail|[from] move: Trick
|-item|p1a: Sableye|Toxic Orb|[from] move: Trick
|
|-weather|Sandstorm|[upkeep]
|-damage|p1a: Sableye|89/100|[from] Sandstorm
|-heal|p2a: Gliscor|74/100 tox|[from] ability: Poison Heal
|-status|p1a: Sableye|tox|[from] item: Toxic Orb
|upkeep
|turn|22
|
|t:|1745089480
|switch|p2a: Alakazam|Alakazam, M, shiny|100/100
|switch|p1a: Gyarados|Gyarados, F|70/100
|
|-weather|Sandstorm|[upkeep]
|-damage|p1a: Gyarados|64/100|[from] Sandstorm
|upkeep
|turn|23
|
|t:|1745089484
|move|p1a: Gyarados|Waterfall|p2a: Alakazam
|-enditem|p2a: Alakazam|Focus Sash
|-damage|p2a: Alakazam|1/100
|move|p2a: Alakazam|Psychic|p1a: Gyarados
|-damage|p1a: Gyarados|17/100
|
|-weather|Sandstorm|[upkeep]
|-damage|p1a: Gyarados|11/100|[from] Sandstorm
|upkeep
|turn|24
|
|t:|1745089492
|move|p1a: Gyarados|Waterfall|p2a: Alakazam
|-damage|p2a: Alakazam|0 fnt
|faint|p2a: Alakazam
|-ability|p1a: Gyarados|Moxie|boost
|-boost|p1a: Gyarados|atk|1
|
|-weather|Sandstorm|[upkeep]
|-damage|p1a: Gyarados|5/100|[from] Sandstorm
|upkeep
|
|t:|1745089494
|switch|p2a: Gliscor|Gliscor, F, shiny|74/100 tox
|-damage|p2a: Gliscor|61/100 tox|[from] Stealth Rock
|turn|25
|
|t:|1745089499
|move|p2a: Gliscor|Protect|p2a: Gliscor
|-singleturn|p2a: Gliscor|Protect
|move|p1a: Gyarados|Waterfall|p2a: Gliscor
|-activate|p2a: Gliscor|move: Protect
|
|-weather|Sandstorm|[upkeep]
|-damage|p1a: Gyarados|0 fnt|[from] Sandstorm
|faint|p1a: Gyarados
|-heal|p2a: Gliscor|74/100 tox|[from] ability: Poison Heal
|upkeep
|inactive|kenjishinoka has 120 seconds left.
|-message|kenjishinoka forfeited.
|
|win|fuygikubhln
|raw|kenjishinoka's rating: 1378 &rarr; <strong>1364</strong><br />(-14 for losing)
|raw|fuygikubhln's rating: 1484 &rarr; <strong>1498</strong><br />(+14 for winning)
|l|☆kenjishinoka
|player|p1|
