|uhtml|medal-msg|<div class="broadcast-blue">Curious what those medals under the avatar are? PS now has Ladder Seasons! For more information, check out the <a href="https://www.smogon.com/forums/threads/3740067/">thread on Smogon.</a></div>
|uhtml|medal-msg|<div class="broadcast-blue">Curious what those medals under the avatar are? PS now has Ladder Seasons! For more information, check out the <a href="https://www.smogon.com/forums/threads/3740067/">thread on Smogon.</a></div>
|j|☆PEASTARS
|j|☆CertamenMeum
|t:|1713581097
|gametype|singles
|player|p1|PEASTARS|plasmagrunt|1298
|player|p2|CertamenMeum|blue|1535
|teamsize|p1|6
|teamsize|p2|6
|gen|5
|tier|[Gen 5] OU
|rated|
|rule|Species Clause: Limit one of each Pokémon
|rule|OHKO Clause: OHKO moves are banned
|rule|Moody Clause: Moody is banned
|rule|Evasion Items Clause: Evasion items are banned
|rule|Evasion Moves Clause: Evasion moves are banned
|rule|Endless Battle Clause: Forcing endless battles is banned
|rule|HP Percentage Mod: HP is shown in percentages
|rule|Evasion Abilities Clause: Evasion abilities are banned
|rule|Sleep Moves Clause: Sleep-inducing moves are banned
|rule|Swagger Clause: Swagger is banned
|rule|Baton Pass Stat Clause: No Baton Passer may have a way to boost its stats
|clearpoke
|poke|p1|Politoed, M|item
|poke|p1|Tentacruel, F|item
|poke|p1|Ferrothorn, F|item
|poke|p1|Thundurus-Therian, M|item
|poke|p1|Vaporeon, M|item
|poke|p1|Latios, M|item
|poke|p2|Dragonite, M|item
|poke|p2|Scizor, F|item
|poke|p2|Forretress, M|item
|poke|p2|Ferrothorn, M|item
|poke|p2|Alakazam, F|item
|poke|p2|Rotom-Wash|item
|teampreview
|inactive|Battle timer is ON: inactive players will automatically lose when time's up. (requested by CertamenMeum)
|
|t:|1713581104
|start
|switch|p1a: Thundurus|Thundurus-Therian, M|100/100
|switch|p2a: Scizor|Scizor, F|100/100
|turn|1
|
|t:|1713581109
|move|p1a: Thundurus|Thunder|p2a: Scizor
|-damage|p2a: Scizor|9/100
|move|p2a: Scizor|U-turn|p1a: Thundurus
|-resisted|p1a: Thundurus
|-damage|p1a: Thundurus|64/100
|
|t:|1713581128
|switch|p2a: Alakazam|Alakazam, F|100/100|[from] U-turn
|
|-heal|p1a: Thundurus|71/100|[from] item: Leftovers
|upkeep
|turn|2
|
|t:|1713581136
|move|p2a: Alakazam|Hidden Power|p1a: Thundurus
|-supereffective|p1a: Thundurus
|-damage|p1a: Thundurus|5/100
|move|p1a: Thundurus|Thunder|p2a: Alakazam
|-enditem|p2a: Alakazam|Focus Sash
|-damage|p2a: Alakazam|1/100
|-status|p2a: Alakazam|par
|
|-heal|p1a: Thundurus|11/100|[from] item: Leftovers
|upkeep
|turn|3
|
|t:|1713581145
|move|p1a: Thundurus|Hidden Power|p2a: Alakazam
|-damage|p2a: Alakazam|0 fnt
|faint|p2a: Alakazam
|
|-heal|p1a: Thundurus|17/100|[from] item: Leftovers
|upkeep
|
|t:|1713581163
|switch|p2a: Scizor|Scizor, F|9/100
|turn|4
|
|t:|1713581177
|switch|p1a: Ferrothorn|Ferrothorn, F|100/100
|move|p2a: Scizor|Bullet Punch|p1a: Ferrothorn
|-resisted|p1a: Ferrothorn
|-damage|p1a: Ferrothorn|83/100
|-damage|p2a: Scizor|0 fnt|[from] ability: Iron Barbs|[of] p1a: Ferrothorn
|faint|p2a: Scizor
|
|-heal|p1a: Ferrothorn|89/100|[from] item: Leftovers
|upkeep
|
|t:|1713581187
|switch|p2a: Rotom|Rotom-Wash, shiny|100/100
|turn|5
|
|t:|1713581191
|move|p2a: Rotom|Trick|p1a: Ferrothorn
|-activate|p2a: Rotom|move: Trick|[of] p1a: Ferrothorn
|-item|p1a: Ferrothorn|Choice Specs|[from] move: Trick
|-item|p2a: Rotom|Leftovers|[from] move: Trick
|move|p1a: Ferrothorn|Stealth Rock|p2a: Rotom
|-sidestart|p2: CertamenMeum|move: Stealth Rock
|
|upkeep
|turn|6
|
|t:|1713581202
|switch|p1a: Thundurus|Thundurus-Therian, M|17/100
|move|p2a: Rotom|Hydro Pump|p1a: Thundurus
|-damage|p1a: Thundurus|0 fnt
|faint|p1a: Thundurus
|
|upkeep
|
|t:|1713581213
|switch|p1a: Ferrothorn|Ferrothorn, F|89/100
|turn|7
|
|t:|1713581216
|move|p2a: Rotom|Volt Switch|p1a: Ferrothorn
|-resisted|p1a: Ferrothorn
|-damage|p1a: Ferrothorn|77/100
|
|t:|1713581220
|switch|p2a: Forretress|Forretress, M|100/100|[from] Volt Switch
|-damage|p2a: Forretress|88/100|[from] Stealth Rock
|move|p1a: Ferrothorn|Power Whip|p2a: Forretress
|-resisted|p2a: Forretress
|-damage|p2a: Forretress|80/100
|
|upkeep
|turn|8
|
|t:|1713581227
|switch|p1a: Politoed|Politoed, M|100/100
|-weather|RainDance|[from] ability: Drizzle|[of] p1a: Politoed
|move|p2a: Forretress|Rapid Spin|p1a: Politoed
|-crit|p1a: Politoed
|-damage|p1a: Politoed|88/100
|-sideend|p2: CertamenMeum|Stealth Rock|[from] move: Rapid Spin|[of] p2a: Forretress
|
|-weather|RainDance|[upkeep]
|-heal|p1a: Politoed|94/100|[from] item: Leftovers
|upkeep
|turn|9
|
|t:|1713581235
|move|p1a: Politoed|Scald|p2a: Forretress
|-damage|p2a: Forretress|32/100
|move|p2a: Forretress|Stealth Rock|p1a: Politoed
|-sidestart|p1: PEASTARS|move: Stealth Rock
|
|-weather|RainDance|[upkeep]
|-heal|p1a: Politoed|99/100|[from] item: Leftovers
|upkeep
|turn|10
|
|t:|1713581241
|move|p1a: Politoed|Scald|p2a: Forretress
|-damage|p2a: Forretress|0 fnt
|faint|p2a: Forretress
|
|-weather|RainDance|[upkeep]
|-heal|p1a: Politoed|100/100|[from] item: Leftovers
|upkeep
|
|t:|1713581248
|switch|p2a: Rotom|Rotom-Wash, shiny|100/100
|turn|11
|
|t:|1713581252
|move|p2a: Rotom|Volt Switch|p1a: Politoed
|-supereffective|p1a: Politoed
|-damage|p1a: Politoed|55/100
|
|t:|1713581260
|switch|p2a: Dragonite|Dragonite, M|100/100|[from] Volt Switch
|move|p1a: Politoed|Toxic|p2a: Dragonite
|-status|p2a: Dragonite|tox
|-enditem|p2a: Dragonite|Lum Berry|[eat]
|-curestatus|p2a: Dragonite|tox|[msg]
|
|-weather|RainDance|[upkeep]
|-heal|p1a: Politoed|61/100|[from] item: Leftovers
|upkeep
|turn|12
|
|t:|1713581269
|move|p2a: Dragonite|Dragon Dance|p2a: Dragonite
|-boost|p2a: Dragonite|atk|1
|-boost|p2a: Dragonite|spe|1
|move|p1a: Politoed|Toxic|p2a: Dragonite
|-status|p2a: Dragonite|tox
|
|-weather|RainDance|[upkeep]
|-heal|p1a: Politoed|67/100|[from] item: Leftovers
|-damage|p2a: Dragonite|94/100 tox|[from] psn
|upkeep
|turn|13
|
|t:|1713581277
|move|p1a: Politoed|Protect|p1a: Politoed
|-singleturn|p1a: Politoed|Protect
|move|p2a: Dragonite|Dragon Dance|p2a: Dragonite
|-boost|p2a: Dragonite|atk|1
|-boost|p2a: Dragonite|spe|1
|
|-weather|RainDance|[upkeep]
|-heal|p1a: Politoed|73/100|[from] item: Leftovers
|-damage|p2a: Dragonite|82/100 tox|[from] psn
|upkeep
|turn|14
|
|t:|1713581285
|move|p2a: Dragonite|Outrage|p1a: Politoed
|-damage|p1a: Politoed|0 fnt
|faint|p1a: Politoed
|
|-weather|RainDance|[upkeep]
|-damage|p2a: Dragonite|63/100 tox|[from] psn
|upkeep
|
|t:|1713581290
|switch|p1a: Ferrothorn|Ferrothorn, F|77/100
|-damage|p1a: Ferrothorn|71/100|[from] Stealth Rock
|turn|15
|
|t:|1713581301
|move|p2a: Dragonite|Outrage|p1a: Ferrothorn|[from]lockedmove
|-resisted|p1a: Ferrothorn
|-damage|p1a: Ferrothorn|23/100
|-damage|p2a: Dragonite|51/100 tox|[from] ability: Iron Barbs|[of] p1a: Ferrothorn
|-start|p2a: Dragonite|confusion|[fatigue]
|move|p1a: Ferrothorn|Power Whip|p2a: Dragonite|[miss]
|-miss|p1a: Ferrothorn|p2a: Dragonite
|
|-weather|RainDance|[upkeep]
|-damage|p2a: Dragonite|26/100 tox|[from] psn
|upkeep
|turn|16
|
|t:|1713581323
|switch|p2a: Ferrothorn|Ferrothorn, M|100/100
|move|p1a: Ferrothorn|Power Whip|p2a: Ferrothorn
|-resisted|p2a: Ferrothorn
|-damage|p2a: Ferrothorn|93/100
|-damage|p1a: Ferrothorn|10/100|[from] ability: Iron Barbs|[of] p2a: Ferrothorn
|
|-weather|RainDance|[upkeep]
|-heal|p2a: Ferrothorn|99/100|[from] item: Leftovers
|upkeep
|turn|17
|
|t:|1713581334
|switch|p1a: Latios|Latios, M|100/100
|-damage|p1a: Latios|88/100|[from] Stealth Rock
|move|p2a: Ferrothorn|Leech Seed|p1a: Latios
|-start|p1a: Latios|move: Leech Seed
|
|-weather|RainDance|[upkeep]
|-heal|p2a: Ferrothorn|100/100|[from] item: Leftovers
|-damage|p1a: Latios|76/100|[from] Leech Seed|[of] p2a: Ferrothorn
|upkeep
|turn|18
|
|t:|1713581342
|move|p2a: Ferrothorn|Protect|p2a: Ferrothorn
|-singleturn|p2a: Ferrothorn|Protect
|move|p1a: Latios|Trick|p2a: Ferrothorn
|-activate|p2a: Ferrothorn|move: Protect
|
|-weather|RainDance|[upkeep]
|-damage|p1a: Latios|64/100|[from] Leech Seed|[of] p2a: Ferrothorn
|upkeep
|turn|19
|
|t:|1713581350
|switch|p1a: Tentacruel|Tentacruel, F|100/100
|-damage|p1a: Tentacruel|88/100|[from] Stealth Rock
|switch|p2a: Dragonite|Dragonite, M|26/100 tox
|
|-weather|RainDance|[upkeep]
|-heal|p1a: Tentacruel|94/100|[from] ability: Rain Dish
|-heal|p1a: Tentacruel|99/100|[from] item: Black Sludge
|-damage|p2a: Dragonite|20/100 tox|[from] psn
|upkeep
|turn|20
|
|t:|1713581360
|move|p1a: Tentacruel|Scald|p2a: Dragonite
|-resisted|p2a: Dragonite
|-damage|p2a: Dragonite|2/100 tox
|move|p2a: Dragonite|Dragon Dance|p2a: Dragonite
|-boost|p2a: Dragonite|atk|1
|-boost|p2a: Dragonite|spe|1
|
|-weather|RainDance|[upkeep]
|-heal|p1a: Tentacruel|100/100|[from] ability: Rain Dish
|-damage|p2a: Dragonite|0 fnt|[from] psn
|faint|p2a: Dragonite
|upkeep
|
|t:|1713581370
|switch|p2a: Rotom|Rotom-Wash, shiny|100/100
|turn|21
|
|t:|1713581375
|move|p1a: Tentacruel|Toxic|p2a: Rotom
|-status|p2a: Rotom|tox
|move|p2a: Rotom|Volt Switch|p1a: Tentacruel
|-supereffective|p1a: Tentacruel
|-damage|p1a: Tentacruel|42/100
|
|t:|1713581380
|switch|p2a: Ferrothorn|Ferrothorn, M|100/100|[from] Volt Switch
|
|-weather|RainDance|[upkeep]
|-heal|p1a: Tentacruel|48/100|[from] ability: Rain Dish
|-heal|p1a: Tentacruel|54/100|[from] item: Black Sludge
|upkeep
|turn|22
|
|t:|1713581387
|move|p1a: Tentacruel|Protect|p1a: Tentacruel
|-singleturn|p1a: Tentacruel|Protect
|move|p2a: Ferrothorn|Leech Seed|p1a: Tentacruel
|-activate|p1a: Tentacruel|move: Protect
|
|-weather|RainDance|[upkeep]
|-heal|p1a: Tentacruel|60/100|[from] ability: Rain Dish
|-heal|p1a: Tentacruel|66/100|[from] item: Black Sludge
|upkeep
|turn|23
|
|t:|1713581394
|move|p1a: Tentacruel|Rapid Spin|p2a: Ferrothorn
|-resisted|p2a: Ferrothorn
|-damage|p2a: Ferrothorn|99/100
|-damage|p1a: Tentacruel|54/100|[from] ability: Iron Barbs|[of] p2a: Ferrothorn
|-sideend|p1: PEASTARS|Stealth Rock|[from] move: Rapid Spin|[of] p1a: Tentacruel
|move|p2a: Ferrothorn|Leech Seed|p1a: Tentacruel
|-start|p1a: Tentacruel|move: Leech Seed
|
|-weather|RainDance|[upkeep]
|-heal|p1a: Tentacruel|60/100|[from] ability: Rain Dish
|-heal|p1a: Tentacruel|66/100|[from] item: Black Sludge
|-heal|p2a: Ferrothorn|100/100|[from] item: Leftovers
|-damage|p1a: Tentacruel|54/100|[from] Leech Seed|[of] p2a: Ferrothorn
|upkeep
|turn|24
|
|t:|1713581405
|switch|p1a: Ferrothorn|Ferrothorn, F|10/100
|move|p2a: Ferrothorn|Curse|p2a: Ferrothorn
|-unboost|p2a: Ferrothorn|spe|1
|-boost|p2a: Ferrothorn|atk|1
|-boost|p2a: Ferrothorn|def|1
|
|-weather|RainDance|[upkeep]
|upkeep
|turn|25
|
|t:|1713581415
|move|p1a: Ferrothorn|Stealth Rock|p2a: Ferrothorn
|-sidestart|p2: CertamenMeum|move: Stealth Rock
|move|p2a: Ferrothorn|Curse|p2a: Ferrothorn
|-unboost|p2a: Ferrothorn|spe|1
|-boost|p2a: Ferrothorn|atk|1
|-boost|p2a: Ferrothorn|def|1
|
|-weather|RainDance|[upkeep]
|upkeep
|turn|26
|
|t:|1713581425
|switch|p1a: Tentacruel|Tentacruel, F|54/100
|move|p2a: Ferrothorn|Leech Seed|p1a: Tentacruel
|-start|p1a: Tentacruel|move: Leech Seed
|
|-weather|RainDance|[upkeep]
|-heal|p1a: Tentacruel|60/100|[from] ability: Rain Dish
|-heal|p1a: Tentacruel|66/100|[from] item: Black Sludge
|-damage|p1a: Tentacruel|53/100|[from] Leech Seed|[of] p2a: Ferrothorn
|upkeep
|turn|27
|
|t:|1713581433
|move|p1a: Tentacruel|Scald|p2a: Ferrothorn
|-resisted|p2a: Ferrothorn
|-damage|p2a: Ferrothorn|90/100
|move|p2a: Ferrothorn|Gyro Ball|p1a: Tentacruel
|-resisted|p1a: Tentacruel
|-damage|p1a: Tentacruel|0 fnt
|faint|p1a: Tentacruel
|
|-weather|RainDance|[upkeep]
|-heal|p2a: Ferrothorn|97/100|[from] item: Leftovers
|upkeep
|
|t:|1713581442
|switch|p1a: Latios|Latios, M|64/100
|turn|28
|
|t:|1713581445
|move|p2a: Ferrothorn|Protect|p2a: Ferrothorn
|-singleturn|p2a: Ferrothorn|Protect
|move|p1a: Latios|Trick|p2a: Ferrothorn
|-activate|p2a: Ferrothorn|move: Protect
|
|-weather|RainDance|[upkeep]
|-heal|p2a: Ferrothorn|100/100|[from] item: Leftovers
|upkeep
|turn|29
|
|t:|1713581453
|switch|p1a: Ferrothorn|Ferrothorn, F|10/100
|switch|p2a: Rotom|Rotom-Wash, shiny|100/100 tox
|-damage|p2a: Rotom|88/100 tox|[from] Stealth Rock
|
|-weather|RainDance|[upkeep]
|-heal|p2a: Rotom|94/100 tox|[from] item: Leftovers
|-damage|p2a: Rotom|88/100 tox|[from] psn
|upkeep
|turn|30
|
|t:|1713581466
|switch|p1a: Vaporeon|Vaporeon, M|100/100
|move|p2a: Rotom|Volt Switch|p1a: Vaporeon
|-supereffective|p1a: Vaporeon
|-damage|p1a: Vaporeon|34/100
|
|t:|1713581471
|switch|p2a: Ferrothorn|Ferrothorn, M|100/100|[from] Volt Switch
|-damage|p2a: Ferrothorn|94/100|[from] Stealth Rock
|
|-weather|RainDance|[upkeep]
|-heal|p2a: Ferrothorn|100/100|[from] item: Leftovers
|upkeep
|turn|31
|
|t:|1713581477
|move|p1a: Vaporeon|Rest|p1a: Vaporeon
|-status|p1a: Vaporeon|slp|[from] move: Rest
|-heal|p1a: Vaporeon|100/100 slp|[silent]
|move|p2a: Ferrothorn|Leech Seed|p1a: Vaporeon
|-start|p1a: Vaporeon|move: Leech Seed
|
|-weather|RainDance|[upkeep]
|-activate|p1a: Vaporeon|ability: Hydration
|-curestatus|p1a: Vaporeon|slp|[msg]
|-damage|p1a: Vaporeon|88/100|[from] Leech Seed|[of] p2a: Ferrothorn
|upkeep
|turn|32
|
|t:|1713581487
|move|p2a: Ferrothorn|Protect|p2a: Ferrothorn
|-singleturn|p2a: Ferrothorn|Protect
|move|p1a: Vaporeon|Scald|p2a: Ferrothorn
|-activate|p2a: Ferrothorn|move: Protect
|
|-weather|RainDance|[upkeep]
|-damage|p1a: Vaporeon|76/100|[from] Leech Seed|[of] p2a: Ferrothorn
|upkeep
|turn|33
|
|t:|1713581494
|switch|p2a: Rotom|Rotom-Wash, shiny|88/100 tox
|-damage|p2a: Rotom|76/100 tox|[from] Stealth Rock
|move|p1a: Vaporeon|Scald|p2a: Rotom
|-resisted|p2a: Rotom
|-crit|p2a: Rotom
|-damage|p2a: Rotom|0 fnt
|faint|p2a: Rotom
|-damage|p1a: Vaporeon|66/100|[from] item: Life Orb
|
|-weather|RainDance|[upkeep]
|upkeep
|
|t:|1713581504
|switch|p2a: Ferrothorn|Ferrothorn, M|100/100
|-damage|p2a: Ferrothorn|94/100|[from] Stealth Rock
|turn|34
|
|t:|1713581507
|switch|p1a: Latios|Latios, M|64/100
|move|p2a: Ferrothorn|Curse|p2a: Ferrothorn
|-unboost|p2a: Ferrothorn|spe|1
|-boost|p2a: Ferrothorn|atk|1
|-boost|p2a: Ferrothorn|def|1
|
|-weather|RainDance|[upkeep]
|-heal|p2a: Ferrothorn|100/100|[from] item: Leftovers
|upkeep
|turn|35
|
|t:|1713581517
|move|p1a: Latios|Trick|p2a: Ferrothorn
|-activate|p1a: Latios|move: Trick|[of] p2a: Ferrothorn
|-item|p2a: Ferrothorn|Choice Scarf|[from] move: Trick
|-item|p1a: Latios|Leftovers|[from] move: Trick
|move|p2a: Ferrothorn|Gyro Ball|p1a: Latios
|-damage|p1a: Latios|0 fnt
|faint|p1a: Latios
|
|-weather|RainDance|[upkeep]
|upkeep
|
|t:|1713581524
|switch|p1a: Ferrothorn|Ferrothorn, F|10/100
|turn|36
|
|t:|1713581530
|move|p1a: Ferrothorn|Spikes|p2a: Ferrothorn
|-sidestart|p2: CertamenMeum|Spikes
|move|p2a: Ferrothorn|Gyro Ball|p1a: Ferrothorn
|-resisted|p1a: Ferrothorn
|-damage|p1a: Ferrothorn|2/100
|-damage|p2a: Ferrothorn|88/100|[from] ability: Iron Barbs|[of] p1a: Ferrothorn
|
|-weather|RainDance|[upkeep]
|upkeep
|turn|37
|
|t:|1713581540
|move|p1a: Ferrothorn|Spikes|p2a: Ferrothorn
|-sidestart|p2: CertamenMeum|Spikes
|move|p2a: Ferrothorn|Gyro Ball|p1a: Ferrothorn
|-resisted|p1a: Ferrothorn
|-damage|p1a: Ferrothorn|0 fnt
|-damage|p2a: Ferrothorn|75/100|[from] ability: Iron Barbs|[of] p1a: Ferrothorn
|faint|p1a: Ferrothorn
|
|-weather|RainDance|[upkeep]
|upkeep
|
|t:|1713581545
|switch|p1a: Vaporeon|Vaporeon, M|66/100
|turn|38
|
|t:|1713581549
|move|p1a: Vaporeon|Rest|p1a: Vaporeon
|-status|p1a: Vaporeon|slp|[from] move: Rest
|-heal|p1a: Vaporeon|100/100 slp|[silent]
|move|p2a: Ferrothorn|Gyro Ball|p1a: Vaporeon
|-resisted|p1a: Vaporeon
|-damage|p1a: Vaporeon|73/100 slp
|
|-weather|RainDance|[upkeep]
|-activate|p1a: Vaporeon|ability: Hydration
|-curestatus|p1a: Vaporeon|slp|[msg]
|upkeep
|turn|39
|
|t:|1713581558
|move|p1a: Vaporeon|Scald|p2a: Ferrothorn
|-resisted|p2a: Ferrothorn
|-damage|p2a: Ferrothorn|51/100
|-damage|p1a: Vaporeon|63/100|[from] item: Life Orb
|move|p2a: Ferrothorn|Gyro Ball|p1a: Vaporeon
|-resisted|p1a: Vaporeon
|-damage|p1a: Vaporeon|37/100
|
|-weather|RainDance|[upkeep]
|upkeep
|turn|40
|
|t:|1713581566
|move|p1a: Vaporeon|Rest|p1a: Vaporeon
|-status|p1a: Vaporeon|slp|[from] move: Rest
|-heal|p1a: Vaporeon|100/100 slp|[silent]
|move|p2a: Ferrothorn|Gyro Ball|p1a: Vaporeon
|-resisted|p1a: Vaporeon
|-damage|p1a: Vaporeon|75/100 slp
|
|-weather|RainDance|[upkeep]
|-activate|p1a: Vaporeon|ability: Hydration
|-curestatus|p1a: Vaporeon|slp|[msg]
|upkeep
|turn|41
|
|t:|1713581575
|move|p1a: Vaporeon|Rest|p1a: Vaporeon
|-status|p1a: Vaporeon|slp|[from] move: Rest
|-heal|p1a: Vaporeon|100/100 slp|[silent]
|move|p2a: Ferrothorn|Gyro Ball|p1a: Vaporeon
|-resisted|p1a: Vaporeon
|-damage|p1a: Vaporeon|76/100 slp
|
|-weather|RainDance|[upkeep]
|-activate|p1a: Vaporeon|ability: Hydration
|-curestatus|p1a: Vaporeon|slp|[msg]
|upkeep
|turn|42
|
|t:|1713581584
|move|p1a: Vaporeon|Scald|p2a: Ferrothorn
|-resisted|p2a: Ferrothorn
|-damage|p2a: Ferrothorn|28/100
|-damage|p1a: Vaporeon|66/100|[from] item: Life Orb
|-activate|p2a: Ferrothorn|move: Struggle
|move|p2a: Ferrothorn|Struggle|p1a: Vaporeon
|-damage|p1a: Vaporeon|50/100
|-damage|p2a: Ferrothorn|3/100|[from] recoil
|
|-weather|RainDance|[upkeep]
|upkeep
|turn|43
|-message|CertamenMeum forfeited.
|
|win|PEASTARS
|raw|PEASTARS's rating: 1298 &rarr; <strong>1338</strong><br />(+40 for winning)
|raw|CertamenMeum's rating: 1535 &rarr; <strong>1503</strong><br />(-32 for losing)
|l|☆CertamenMeum
|player|p2|
