|j|☆Nalorium
|j|☆Gh0st of Perdition
|player|p1|Nalorium|twins-gen4dp|1448
|player|p2|Gh0st of Perdition|gentleman-gen1rb|1577
|teamsize|p1|6
|teamsize|p2|6
|gametype|singles
|gen|5
|tier|[Gen 5] OU
|rated|
|clearpoke
|poke|p1|Tyranitar, F|item
|poke|p1|Reuniclus, M|item
|poke|p1|Gastrodon, M|item
|poke|p1|Skarmory, F|item
|poke|p1|Mienshao, M|item
|poke|p1|Latios, M|item
|poke|p2|Politoed, F|item
|poke|p2|Magnezone|item
|poke|p2|Celebi|item
|poke|p2|Thundurus-Therian, M|item
|poke|p2|Tentacruel, F|item
|poke|p2|Chansey, F|item
|rule|Species Clause: Limit one of each Pokémon
|rule|OHKO Clause: OHKO moves are banned
|rule|Moody Clause: Moody is banned
|rule|Evasion Moves Clause: Evasion moves are banned
|rule|Endless Battle Clause: Forcing endless battles is banned
|rule|HP Percentage Mod: HP is shown in percentages
|rule|Evasion Abilities Clause: Evasion abilities are banned
|rule|Baton Pass Clause: Limit one Baton Passer, can't pass Spe and other stats simultaneously
|rule|Sleep Clause: Sleep-inducing moves are banned
|rule|Swagger Clause: Swagger is banned
|teampreview
|
|start
|switch|p1a: Mienshao|Mienshao, M|100/100
|switch|p2a: Chansey|Chansey, F|100/100
|turn|1
|
|switch|p2a: Tentacruel|Tentacruel, F|100/100
|move|p1a: Mienshao|High Jump Kick|p2a: Tentacruel|[miss]
|-miss|p1a: Mienshao|p2a: Tentacruel
|-damage|p1a: Mienshao|51/100|[from] highjumpkick
|
|upkeep
|turn|2
|
|switch|p1a: Reuniclus|Reuniclus, M|100/100
|move|p2a: Tentacruel|Knock Off|p1a: Reuniclus
|-supereffective|p1a: Reuniclus
|-damage|p1a: Reuniclus|95/100
|-damage|p2a: Tentacruel|84/100|[from] item: Rocky Helmet|[of] p1a: Reuniclus
|-enditem|p1a: Reuniclus|Rocky Helmet|[from] move: Knock Off|[of] p2a: Tentacruel
|
|-heal|p2a: Tentacruel|90/100|[from] item: Black Sludge
|upkeep
|turn|3
|
|switch|p2a: Chansey|Chansey, F|100/100
|move|p1a: Reuniclus|Calm Mind|p1a: Reuniclus
|-boost|p1a: Reuniclus|spa|1
|-boost|p1a: Reuniclus|spd|1
|
|upkeep
|turn|4
|
|switch|p1a: Tyranitar|Tyranitar, F|100/100
|-weather|Sandstorm|[from] ability: Sand Stream|[of] p1a: Tyranitar
|move|p2a: Chansey|Stealth Rock|p1a: Tyranitar
|-sidestart|p1: Nalorium|move: Stealth Rock
|
|-weather|Sandstorm|[upkeep]
|-damage|p2a: Chansey|94/100|[from] Sandstorm
|upkeep
|turn|5
|
|switch|p2a: Politoed|Politoed, F|100/100
|-weather|RainDance|[from] ability: Drizzle|[of] p2a: Politoed
|move|p1a: Tyranitar|Stealth Rock|p2a: Politoed
|-sidestart|p2: Gh0st of Perdition|move: Stealth Rock
|
|-weather|RainDance|[upkeep]
|upkeep
|turn|6
|
|switch|p1a: Gastrodon|Gastrodon, M|100/100
|-damage|p1a: Gastrodon|94/100|[from] Stealth Rock
|move|p2a: Politoed|Ice Beam|p1a: Gastrodon
|-damage|p1a: Gastrodon|78/100
|
|-weather|RainDance|[upkeep]
|-heal|p1a: Gastrodon|84/100|[from] item: Leftovers
|upkeep
|turn|7
|
|switch|p2a: Celebi|Celebi|100/100
|-damage|p2a: Celebi|88/100|[from] Stealth Rock
|switch|p1a: Tyranitar|Tyranitar, F|100/100
|-damage|p1a: Tyranitar|88/100|[from] Stealth Rock
|-weather|Sandstorm|[from] ability: Sand Stream|[of] p1a: Tyranitar
|
|-weather|Sandstorm|[upkeep]
|-damage|p2a: Celebi|82/100|[from] Sandstorm
|-heal|p2a: Celebi|88/100|[from] item: Leftovers
|upkeep
|turn|8
|
|move|p2a: Celebi|Baton Pass|p2a: Celebi
|
|switch|p2a: Politoed|Politoed, F|100/100|[from]move: Baton Pass
|-damage|p2a: Politoed|88/100|[from] Stealth Rock
|-weather|RainDance|[from] ability: Drizzle|[of] p2a: Politoed
|move|p1a: Tyranitar|Crunch|p2a: Politoed
|-damage|p2a: Politoed|58/100
|
|-weather|RainDance|[upkeep]
|-heal|p2a: Politoed|65/100|[from] item: Leftovers
|upkeep
|turn|9
|
|switch|p1a: Gastrodon|Gastrodon, M|84/100
|-damage|p1a: Gastrodon|78/100|[from] Stealth Rock
|move|p2a: Politoed|Ice Beam|p1a: Gastrodon
|-damage|p1a: Gastrodon|63/100
|-status|p1a: Gastrodon|frz
|
|-weather|RainDance|[upkeep]
|-heal|p2a: Politoed|71/100|[from] item: Leftovers
|-heal|p1a: Gastrodon|69/100 frz|[from] item: Leftovers
|upkeep
|turn|10
|
|switch|p2a: Celebi|Celebi|88/100
|-damage|p2a: Celebi|76/100|[from] Stealth Rock
|cant|p1a: Gastrodon|frz
|
|-weather|RainDance|[upkeep]
|-heal|p2a: Celebi|82/100|[from] item: Leftovers
|-heal|p1a: Gastrodon|75/100 frz|[from] item: Leftovers
|upkeep
|turn|11
|
|switch|p1a: Tyranitar|Tyranitar, F|88/100
|-damage|p1a: Tyranitar|76/100|[from] Stealth Rock
|-weather|Sandstorm|[from] ability: Sand Stream|[of] p1a: Tyranitar
|move|p2a: Celebi|Giga Drain|p1a: Tyranitar
|-supereffective|p1a: Tyranitar
|-damage|p1a: Tyranitar|50/100
|-heal|p2a: Celebi|95/100|[from] drain|[of] p1a: Tyranitar
|
|-weather|Sandstorm|[upkeep]
|-damage|p2a: Celebi|89/100|[from] Sandstorm
|-heal|p2a: Celebi|95/100|[from] item: Leftovers
|upkeep
|turn|12
|
|move|p2a: Celebi|Baton Pass|p2a: Celebi
|
|switch|p2a: Politoed|Politoed, F|71/100|[from]move: Baton Pass
|-damage|p2a: Politoed|58/100|[from] Stealth Rock
|-weather|RainDance|[from] ability: Drizzle|[of] p2a: Politoed
|move|p1a: Tyranitar|Crunch|p2a: Politoed
|-damage|p2a: Politoed|27/100
|
|-weather|RainDance|[upkeep]
|-heal|p2a: Politoed|33/100|[from] item: Leftovers
|upkeep
|turn|13
|
|switch|p2a: Tentacruel|Tentacruel, F|90/100
|-damage|p2a: Tentacruel|78/100|[from] Stealth Rock
|switch|p1a: Gastrodon|Gastrodon, M|75/100 frz
|-damage|p1a: Gastrodon|69/100 frz|[from] Stealth Rock
|
|-weather|RainDance|[upkeep]
|-heal|p2a: Tentacruel|84/100|[from] ability: Rain Dish
|-heal|p2a: Tentacruel|90/100|[from] item: Black Sludge
|-heal|p1a: Gastrodon|75/100 frz|[from] item: Leftovers
|upkeep
|turn|14
|
|move|p2a: Tentacruel|Rapid Spin|p1a: Gastrodon
|-crit|p1a: Gastrodon
|-damage|p1a: Gastrodon|70/100 frz
|-sideend|p2: Gh0st of Perdition|Stealth Rock|[from] move: Rapid Spin|[of] p2a: Tentacruel
|-curestatus|p1a: Gastrodon|frz|[from] move: Scald
|move|p1a: Gastrodon|Scald|p2a: Tentacruel
|-resisted|p2a: Tentacruel
|-damage|p2a: Tentacruel|74/100
|-status|p2a: Tentacruel|brn
|
|-weather|RainDance|[upkeep]
|-heal|p2a: Tentacruel|80/100 brn|[from] ability: Rain Dish
|-heal|p2a: Tentacruel|86/100 brn|[from] item: Black Sludge
|-heal|p1a: Gastrodon|76/100|[from] item: Leftovers
|-damage|p2a: Tentacruel|73/100 brn|[from] brn
|upkeep
|turn|15
|
|switch|p1a: Tyranitar|Tyranitar, F|50/100
|-damage|p1a: Tyranitar|38/100|[from] Stealth Rock
|-weather|Sandstorm|[from] ability: Sand Stream|[of] p1a: Tyranitar
|move|p2a: Tentacruel|Knock Off|p1a: Tyranitar
|-resisted|p1a: Tyranitar
|-damage|p1a: Tyranitar|37/100
|-enditem|p1a: Tyranitar|Chople Berry|[from] move: Knock Off|[of] p2a: Tentacruel
|
|-weather|Sandstorm|[upkeep]
|-damage|p2a: Tentacruel|67/100 brn|[from] Sandstorm
|-heal|p2a: Tentacruel|73/100 brn|[from] item: Black Sludge
|-damage|p2a: Tentacruel|61/100 brn|[from] brn
|upkeep
|turn|16
|
|move|p2a: Tentacruel|Scald|p1a: Tyranitar
|-supereffective|p1a: Tyranitar
|-damage|p1a: Tyranitar|15/100
|move|p1a: Tyranitar|Stealth Rock|p2a: Tentacruel
|-sidestart|p2: Gh0st of Perdition|move: Stealth Rock
|
|-weather|Sandstorm|[upkeep]
|-damage|p2a: Tentacruel|55/100 brn|[from] Sandstorm
|-heal|p2a: Tentacruel|61/100 brn|[from] item: Black Sludge
|-damage|p2a: Tentacruel|49/100 brn|[from] brn
|upkeep
|turn|17
|
|switch|p1a: Gastrodon|Gastrodon, M|76/100
|-damage|p1a: Gastrodon|70/100|[from] Stealth Rock
|move|p2a: Tentacruel|Rapid Spin|p1a: Gastrodon
|-damage|p1a: Gastrodon|68/100
|-sideend|p2: Gh0st of Perdition|Stealth Rock|[from] move: Rapid Spin|[of] p2a: Tentacruel
|
|-weather|Sandstorm|[upkeep]
|-damage|p2a: Tentacruel|43/100 brn|[from] Sandstorm
|-heal|p2a: Tentacruel|49/100 brn|[from] item: Black Sludge
|-heal|p1a: Gastrodon|74/100|[from] item: Leftovers
|-damage|p2a: Tentacruel|36/100 brn|[from] brn
|upkeep
|turn|18
|
|switch|p2a: Celebi|Celebi|95/100
|switch|p1a: Reuniclus|Reuniclus, M|95/100
|
|-weather|Sandstorm|[upkeep]
|-damage|p2a: Celebi|89/100|[from] Sandstorm
|-heal|p2a: Celebi|95/100|[from] item: Leftovers
|upkeep
|turn|19
|
|move|p2a: Celebi|Nasty Plot|p2a: Celebi
|-boost|p2a: Celebi|spa|2
|move|p1a: Reuniclus|Psychic|p2a: Celebi
|-resisted|p2a: Celebi
|-damage|p2a: Celebi|80/100
|
|-weather|Sandstorm|[upkeep]
|-damage|p2a: Celebi|74/100|[from] Sandstorm
|-heal|p2a: Celebi|80/100|[from] item: Leftovers
|upkeep
|turn|20
|
|move|p2a: Celebi|Giga Drain|p1a: Reuniclus
|-damage|p1a: Reuniclus|45/100
|-heal|p2a: Celebi|100/100|[from] drain|[of] p1a: Reuniclus
|move|p1a: Reuniclus|Psychic|p2a: Celebi
|-resisted|p2a: Celebi
|-damage|p2a: Celebi|86/100
|
|-weather|Sandstorm|[upkeep]
|-damage|p2a: Celebi|80/100|[from] Sandstorm
|-heal|p2a: Celebi|86/100|[from] item: Leftovers
|upkeep
|turn|21
|
|switch|p1a: Skarmory|Skarmory, F|100/100
|-damage|p1a: Skarmory|88/100|[from] Stealth Rock
|move|p2a: Celebi|Giga Drain|p1a: Skarmory
|-resisted|p1a: Skarmory
|-damage|p1a: Skarmory|71/100
|-heal|p2a: Celebi|93/100|[from] drain|[of] p1a: Skarmory
|
|-weather|Sandstorm|[upkeep]
|-damage|p2a: Celebi|87/100|[from] Sandstorm
|-heal|p2a: Celebi|93/100|[from] item: Leftovers
|upkeep
|turn|22
|
|move|p2a: Celebi|Baton Pass|p2a: Celebi
|
|switch|p2a: Magnezone|Magnezone|100/100|[from]move: Baton Pass
|-item|p2a: Magnezone|Air Balloon
|move|p1a: Skarmory|Whirlwind|p2a: Magnezone
|drag|p2a: Celebi|Celebi|93/100
|
|-weather|Sandstorm|[upkeep]
|-damage|p2a: Celebi|87/100|[from] Sandstorm
|-heal|p2a: Celebi|93/100|[from] item: Leftovers
|upkeep
|turn|23
|
|switch|p1a: Mienshao|Mienshao, M|84/100
|-damage|p1a: Mienshao|78/100|[from] Stealth Rock
|move|p2a: Celebi|Baton Pass|p2a: Celebi
|
|switch|p2a: Politoed|Politoed, F|33/100|[from]move: Baton Pass
|-weather|RainDance|[from] ability: Drizzle|[of] p2a: Politoed
|
|-weather|RainDance|[upkeep]
|-heal|p2a: Politoed|40/100|[from] item: Leftovers
|upkeep
|turn|24
|
|move|p2a: Politoed|Protect|p2a: Politoed
|-singleturn|p2a: Politoed|Protect
|move|p1a: Mienshao|U-turn|p2a: Politoed
|-activate|p2a: Politoed|move: Protect
|
|-weather|RainDance|[upkeep]
|-heal|p2a: Politoed|46/100|[from] item: Leftovers
|upkeep
|turn|25
|
|switch|p2a: Tentacruel|Tentacruel, F|36/100 brn
|move|p1a: Mienshao|U-turn|p2a: Tentacruel
|-resisted|p2a: Tentacruel
|-damage|p2a: Tentacruel|25/100 brn
|
|switch|p1a: Reuniclus|Reuniclus, M|45/100|[from]move: U-turn
|
|-weather|RainDance|[upkeep]
|-heal|p2a: Tentacruel|31/100 brn|[from] ability: Rain Dish
|-heal|p2a: Tentacruel|37/100 brn|[from] item: Black Sludge
|-damage|p2a: Tentacruel|25/100 brn|[from] brn
|upkeep
|turn|26
|
|switch|p2a: Celebi|Celebi|93/100
|move|p1a: Reuniclus|Recover|p1a: Reuniclus
|-heal|p1a: Reuniclus|95/100
|
|-weather|RainDance|[upkeep]
|-heal|p2a: Celebi|99/100|[from] item: Leftovers
|upkeep
|turn|27
|
|switch|p1a: Mienshao|Mienshao, M|100/100
|-damage|p1a: Mienshao|95/100|[from] Stealth Rock
|move|p2a: Celebi|Nasty Plot|p2a: Celebi
|-boost|p2a: Celebi|spa|2
|
|-weather|RainDance|[upkeep]
|-heal|p2a: Celebi|100/100|[from] item: Leftovers
|upkeep
|turn|28
|
|move|p1a: Mienshao|U-turn|p2a: Celebi
|-supereffective|p2a: Celebi
|-damage|p2a: Celebi|30/100
|
|switch|p1a: Tyranitar|Tyranitar, F|15/100|[from]move: U-turn
|-damage|p1a: Tyranitar|2/100|[from] Stealth Rock
|-weather|Sandstorm|[from] ability: Sand Stream|[of] p1a: Tyranitar
|move|p2a: Celebi|Recover|p2a: Celebi
|-heal|p2a: Celebi|80/100
|
|-weather|Sandstorm|[upkeep]
|-damage|p2a: Celebi|74/100|[from] Sandstorm
|-heal|p2a: Celebi|80/100|[from] item: Leftovers
|upkeep
|turn|29
|
|move|p2a: Celebi|Giga Drain|p1a: Tyranitar
|-supereffective|p1a: Tyranitar
|-damage|p1a: Tyranitar|0 fnt
|-heal|p2a: Celebi|81/100|[from] drain|[of] p1a: Tyranitar
|faint|p1a: Tyranitar
|
|-weather|Sandstorm|[upkeep]
|-damage|p2a: Celebi|75/100|[from] Sandstorm
|-heal|p2a: Celebi|81/100|[from] item: Leftovers
|upkeep
|
|switch|p1a: Mienshao|Mienshao, M|100/100
|-damage|p1a: Mienshao|95/100|[from] Stealth Rock
|turn|30
|
|switch|p2a: Politoed|Politoed, F|46/100
|-weather|RainDance|[from] ability: Drizzle|[of] p2a: Politoed
|move|p1a: Mienshao|U-turn|p2a: Politoed
|-damage|p2a: Politoed|28/100
|
|switch|p1a: Gastrodon|Gastrodon, M|74/100|[from]move: U-turn
|-damage|p1a: Gastrodon|68/100|[from] Stealth Rock
|
|-weather|RainDance|[upkeep]
|-heal|p2a: Politoed|34/100|[from] item: Leftovers
|-heal|p1a: Gastrodon|74/100|[from] item: Leftovers
|upkeep
|turn|31
|
|switch|p2a: Celebi|Celebi|81/100
|move|p1a: Gastrodon|Toxic|p2a: Celebi
|-status|p2a: Celebi|tox
|
|-weather|RainDance|[upkeep]
|-heal|p2a: Celebi|87/100 tox|[from] item: Leftovers
|-heal|p1a: Gastrodon|80/100|[from] item: Leftovers
|-damage|p2a: Celebi|81/100 tox|[from] psn
|upkeep
|turn|32
|
|switch|p1a: Mienshao|Mienshao, M|100/100
|-damage|p1a: Mienshao|95/100|[from] Stealth Rock
|move|p2a: Celebi|Baton Pass|p2a: Celebi
|
|switch|p2a: Politoed|Politoed, F|34/100|[from]move: Baton Pass
|
|-weather|RainDance|[upkeep]
|-heal|p2a: Politoed|40/100|[from] item: Leftovers
|upkeep
|turn|33
|
|switch|p1a: Gastrodon|Gastrodon, M|80/100
|-damage|p1a: Gastrodon|74/100|[from] Stealth Rock
|move|p2a: Politoed|Protect||[still]
|-fail|p2a: Politoed
|
|-weather|RainDance|[upkeep]
|-heal|p2a: Politoed|47/100|[from] item: Leftovers
|-heal|p1a: Gastrodon|80/100|[from] item: Leftovers
|upkeep
|turn|34
|
|move|p2a: Politoed|Protect|p2a: Politoed
|-singleturn|p2a: Politoed|Protect
|move|p1a: Gastrodon|Toxic|p2a: Politoed
|-activate|p2a: Politoed|move: Protect
|
|-weather|RainDance|[upkeep]
|-heal|p2a: Politoed|53/100|[from] item: Leftovers
|-heal|p1a: Gastrodon|86/100|[from] item: Leftovers
|upkeep
|turn|35
|
|switch|p2a: Celebi|Celebi|81/100
|move|p1a: Gastrodon|Ice Beam|p2a: Celebi
|-supereffective|p2a: Celebi
|-damage|p2a: Celebi|53/100
|
|-weather|RainDance|[upkeep]
|-heal|p2a: Celebi|59/100|[from] item: Leftovers
|-heal|p1a: Gastrodon|93/100|[from] item: Leftovers
|upkeep
|turn|36
|
|switch|p1a: Mienshao|Mienshao, M|100/100
|-damage|p1a: Mienshao|95/100|[from] Stealth Rock
|move|p2a: Celebi|Recover|p2a: Celebi
|-heal|p2a: Celebi|100/100
|
|-weather|RainDance|[upkeep]
|upkeep
|turn|37
|
|move|p1a: Mienshao|U-turn|p2a: Celebi
|-supereffective|p2a: Celebi
|-damage|p2a: Celebi|36/100
|
|switch|p1a: Latios|Latios, M|100/100|[from]move: U-turn
|-damage|p1a: Latios|88/100|[from] Stealth Rock
|move|p2a: Celebi|Recover|p2a: Celebi
|-heal|p2a: Celebi|86/100
|
|-weather|RainDance|[upkeep]
|-heal|p2a: Celebi|92/100|[from] item: Leftovers
|upkeep
|turn|38
|j|+cz
|c|☆Nalorium|Ghost
|
|switch|p2a: Chansey|Chansey, F|94/100
|move|p1a: Latios|Draco Meteor|p2a: Chansey
|-damage|p2a: Chansey|61/100
|-unboost|p1a: Latios|spa|2
|
|-weather|RainDance|[upkeep]
|upkeep
|turn|39
|c|☆Gh0st of Perdition|?
|
|switch|p1a: Mienshao|Mienshao, M|100/100
|-damage|p1a: Mienshao|95/100|[from] Stealth Rock
|switch|p2a: Politoed|Politoed, F|53/100
|
|-weather|RainDance|[upkeep]
|-heal|p2a: Politoed|59/100|[from] item: Leftovers
|upkeep
|turn|40
|
|switch|p1a: Gastrodon|Gastrodon, M|93/100
|-damage|p1a: Gastrodon|86/100|[from] Stealth Rock
|move|p2a: Politoed|Ice Beam|p1a: Gastrodon
|-damage|p1a: Gastrodon|71/100
|
|-weather|RainDance|[upkeep]
|-heal|p2a: Politoed|65/100|[from] item: Leftovers
|-heal|p1a: Gastrodon|77/100|[from] item: Leftovers
|upkeep
|turn|41
|
|switch|p2a: Celebi|Celebi|92/100
|move|p1a: Gastrodon|Toxic|p2a: Celebi
|-status|p2a: Celebi|tox
|
|-weather|RainDance|[upkeep]
|-heal|p2a: Celebi|99/100 tox|[from] item: Leftovers
|-heal|p1a: Gastrodon|84/100|[from] item: Leftovers
|-damage|p2a: Celebi|92/100 tox|[from] psn
|upkeep
|turn|42
|
|switch|p1a: Mienshao|Mienshao, M|100/100
|-damage|p1a: Mienshao|95/100|[from] Stealth Rock
|move|p2a: Celebi|Baton Pass|p2a: Celebi
|
|-curestatus|p2a: Celebi|tox|[from] ability: Natural Cure
|switch|p2a: Politoed|Politoed, F|65/100|[from]move: Baton Pass
|
|-weather|RainDance|[upkeep]
|-heal|p2a: Politoed|72/100|[from] item: Leftovers
|upkeep
|turn|43
|
|move|p1a: Mienshao|U-turn|p2a: Politoed
|-damage|p2a: Politoed|54/100
|
|switch|p1a: Gastrodon|Gastrodon, M|84/100|[from]move: U-turn
|-damage|p1a: Gastrodon|77/100|[from] Stealth Rock
|move|p2a: Politoed|Ice Beam|p1a: Gastrodon
|-damage|p1a: Gastrodon|61/100
|
|-weather|RainDance|[upkeep]
|-heal|p2a: Politoed|60/100|[from] item: Leftovers
|-heal|p1a: Gastrodon|67/100|[from] item: Leftovers
|upkeep
|turn|44
|
|move|p2a: Politoed|Protect|p2a: Politoed
|-singleturn|p2a: Politoed|Protect
|move|p1a: Gastrodon|Scald|p2a: Politoed
|-activate|p2a: Politoed|move: Protect
|
|-weather|RainDance|[upkeep]
|-heal|p2a: Politoed|66/100|[from] item: Leftovers
|-heal|p1a: Gastrodon|74/100|[from] item: Leftovers
|upkeep
|turn|45
|
|switch|p2a: Celebi|Celebi|92/100
|move|p1a: Gastrodon|Toxic|p2a: Celebi
|-status|p2a: Celebi|tox
|
|-weather|RainDance|[upkeep]
|-heal|p2a: Celebi|99/100 tox|[from] item: Leftovers
|-heal|p1a: Gastrodon|80/100|[from] item: Leftovers
|-damage|p2a: Celebi|92/100 tox|[from] psn
|upkeep
|turn|46
|
|switch|p1a: Mienshao|Mienshao, M|100/100
|-damage|p1a: Mienshao|95/100|[from] Stealth Rock
|move|p2a: Celebi|Giga Drain|p1a: Mienshao
|-damage|p1a: Mienshao|37/100
|-heal|p2a: Celebi|100/100 tox|[from] drain|[of] p1a: Mienshao
|
|-weather|RainDance|[upkeep]
|-damage|p2a: Celebi|88/100 tox|[from] psn
|upkeep
|turn|47
|
|-curestatus|p2a: Celebi|tox|[from] ability: Natural Cure
|switch|p2a: Tentacruel|Tentacruel, F|25/100 brn
|move|p1a: Mienshao|High Jump Kick|p2a: Tentacruel
|-resisted|p2a: Tentacruel
|-damage|p2a: Tentacruel|0 fnt
|faint|p2a: Tentacruel
|
|-weather|RainDance|[upkeep]
|upkeep
|
|switch|p2a: Celebi|Celebi|88/100
|turn|48
|
|switch|p1a: Latios|Latios, M|88/100
|-damage|p1a: Latios|76/100|[from] Stealth Rock
|move|p2a: Celebi|Baton Pass|p2a: Celebi
|
|switch|p2a: Chansey|Chansey, F|61/100|[from]move: Baton Pass
|
|-weather|RainDance|[upkeep]
|upkeep
|turn|49
|
|move|p1a: Latios|Trick|p2a: Chansey
|-activate|p1a: Latios|move: Trick|[of] p2a: Chansey
|-item|p2a: Chansey|Choice Specs|[from] move: Trick
|-item|p1a: Latios|Eviolite|[from] move: Trick
|move|p2a: Chansey|Soft-Boiled|p2a: Chansey
|-heal|p2a: Chansey|100/100
|
|-weather|RainDance|[upkeep]
|upkeep
|turn|50
|
|move|p1a: Latios|Dragon Pulse|p2a: Chansey
|-damage|p2a: Chansey|78/100
|move|p2a: Chansey|Soft-Boiled|p2a: Chansey
|-heal|p2a: Chansey|100/100
|
|-weather|RainDance|[upkeep]
|upkeep
|turn|51
|
|move|p1a: Latios|Dragon Pulse|p2a: Chansey
|-damage|p2a: Chansey|79/100
|move|p2a: Chansey|Soft-Boiled|p2a: Chansey
|-heal|p2a: Chansey|100/100
|
|-weather|RainDance|[upkeep]
|upkeep
|turn|52
|
|switch|p2a: Magnezone|Magnezone|100/100
|-item|p2a: Magnezone|Air Balloon
|move|p1a: Latios|Surf|p2a: Magnezone
|-damage|p2a: Magnezone|32/100
|-enditem|p2a: Magnezone|Air Balloon
|
|-weather|RainDance|[upkeep]
|upkeep
|turn|53
|
|switch|p2a: Chansey|Chansey, F|100/100
|move|p1a: Latios|Dragon Pulse|p2a: Chansey
|-damage|p2a: Chansey|80/100
|
|-weather|RainDance|[upkeep]
|upkeep
|turn|54
|
|switch|p1a: Mienshao|Mienshao, M|70/100
|-damage|p1a: Mienshao|64/100|[from] Stealth Rock
|move|p2a: Chansey|Seismic Toss|p1a: Mienshao
|-damage|p1a: Mienshao|27/100
|
|-weather|RainDance|[upkeep]
|upkeep
|turn|55
|
|switch|p2a: Magnezone|Magnezone|32/100
|move|p1a: Mienshao|U-turn|p2a: Magnezone
|-resisted|p2a: Magnezone
|-damage|p2a: Magnezone|19/100
|
|switch|p1a: Latios|Latios, M|76/100|[from]move: U-turn
|-damage|p1a: Latios|64/100|[from] Stealth Rock
|
|-weather|RainDance|[upkeep]
|upkeep
|turn|56
|
|switch|p2a: Chansey|Chansey, F|80/100
|move|p1a: Latios|Dragon Pulse|p2a: Chansey
|-crit|p2a: Chansey
|-damage|p2a: Chansey|40/100
|
|-weather|RainDance|[upkeep]
|upkeep
|turn|57
|
|move|p1a: Latios|Dragon Pulse|p2a: Chansey
|-damage|p2a: Chansey|19/100
|move|p2a: Chansey|Soft-Boiled|p2a: Chansey
|-heal|p2a: Chansey|69/100
|
|-weather|RainDance|[upkeep]
|upkeep
|turn|58
|
|move|p1a: Latios|Surf|p2a: Chansey
|-damage|p2a: Chansey|46/100
|move|p2a: Chansey|Soft-Boiled|p2a: Chansey
|-heal|p2a: Chansey|96/100
|
|-weather|RainDance|[upkeep]
|upkeep
|turn|59
|
|move|p1a: Latios|Surf|p2a: Chansey
|-damage|p2a: Chansey|74/100
|move|p2a: Chansey|Soft-Boiled|p2a: Chansey
|-heal|p2a: Chansey|100/100
|
|-weather|RainDance|[upkeep]
|upkeep
|turn|60
|
|move|p1a: Latios|Dragon Pulse|p2a: Chansey
|-damage|p2a: Chansey|79/100
|move|p2a: Chansey|Soft-Boiled|p2a: Chansey
|-heal|p2a: Chansey|100/100
|
|-weather|RainDance|[upkeep]
|upkeep
|turn|61
|
|switch|p2a: Celebi|Celebi|88/100
|move|p1a: Latios|Dragon Pulse|p2a: Celebi
|-damage|p2a: Celebi|51/100
|
|-weather|RainDance|[upkeep]
|-heal|p2a: Celebi|57/100|[from] item: Leftovers
|upkeep
|turn|62
|
|switch|p2a: Chansey|Chansey, F|100/100
|move|p1a: Latios|Dragon Pulse|p2a: Chansey
|-damage|p2a: Chansey|80/100
|
|-weather|RainDance|[upkeep]
|upkeep
|turn|63
|
|switch|p1a: Gastrodon|Gastrodon, M|80/100
|-damage|p1a: Gastrodon|74/100|[from] Stealth Rock
|move|p2a: Chansey|Seismic Toss|p1a: Gastrodon
|-damage|p1a: Gastrodon|50/100
|
|-weather|RainDance|[upkeep]
|-heal|p1a: Gastrodon|56/100|[from] item: Leftovers
|upkeep
|turn|64
|
|switch|p1a: Mienshao|Mienshao, M|60/100
|-damage|p1a: Mienshao|54/100|[from] Stealth Rock
|move|p2a: Chansey|Seismic Toss|p1a: Mienshao
|-damage|p1a: Mienshao|17/100
|
|-weather|RainDance|[upkeep]
|upkeep
|turn|65
|
|switch|p2a: Magnezone|Magnezone|19/100
|move|p1a: Mienshao|High Jump Kick|p2a: Magnezone
|-supereffective|p2a: Magnezone
|-damage|p2a: Magnezone|0 fnt
|faint|p2a: Magnezone
|
|-weather|RainDance|[upkeep]
|upkeep
|
|switch|p2a: Celebi|Celebi|57/100
|turn|66
|
|switch|p1a: Skarmory|Skarmory, F|71/100
|-damage|p1a: Skarmory|59/100|[from] Stealth Rock
|move|p2a: Celebi|Recover|p2a: Celebi
|-heal|p2a: Celebi|100/100
|
|-weather|RainDance|[upkeep]
|upkeep
|turn|67
|
|switch|p1a: Mienshao|Mienshao, M|51/100
|-damage|p1a: Mienshao|45/100|[from] Stealth Rock
|move|p2a: Celebi|Baton Pass|p2a: Celebi
|
|switch|p2a: Politoed|Politoed, F|66/100|[from]move: Baton Pass
|
|-weather|RainDance|[upkeep]
|-heal|p2a: Politoed|72/100|[from] item: Leftovers
|upkeep
|turn|68
|
|move|p1a: Mienshao|U-turn|p2a: Politoed
|-damage|p2a: Politoed|54/100
|
|switch|p1a: Gastrodon|Gastrodon, M|56/100|[from]move: U-turn
|-damage|p1a: Gastrodon|50/100|[from] Stealth Rock
|move|p2a: Politoed|Ice Beam|p1a: Gastrodon
|-damage|p1a: Gastrodon|36/100
|
|-weather|RainDance|[upkeep]
|-heal|p2a: Politoed|60/100|[from] item: Leftovers
|-heal|p1a: Gastrodon|42/100|[from] item: Leftovers
|upkeep
|turn|69
|
|switch|p2a: Celebi|Celebi|100/100
|move|p1a: Gastrodon|Recover|p1a: Gastrodon
|-heal|p1a: Gastrodon|92/100
|
|-weather|RainDance|[upkeep]
|-heal|p1a: Gastrodon|98/100|[from] item: Leftovers
|upkeep
|turn|70
|
|switch|p1a: Skarmory|Skarmory, F|59/100
|-damage|p1a: Skarmory|47/100|[from] Stealth Rock
|move|p2a: Celebi|Giga Drain|p1a: Skarmory
|-resisted|p1a: Skarmory
|-damage|p1a: Skarmory|38/100
|
|-weather|RainDance|[upkeep]
|upkeep
|turn|71
|
|move|p2a: Celebi|Baton Pass|p2a: Celebi
|
|switch|p2a: Thundurus|Thundurus-Therian, M|100/100|[from]move: Baton Pass
|move|p1a: Skarmory|Roost|p1a: Skarmory
|-heal|p1a: Skarmory|88/100
|-singleturn|p1a: Skarmory|move: Roost
|
|-weather|RainDance|[upkeep]
|upkeep
|turn|72
|
|switch|p2a: Celebi|Celebi|100/100
|switch|p1a: Gastrodon|Gastrodon, M|98/100
|-damage|p1a: Gastrodon|92/100|[from] Stealth Rock
|
|-weather|RainDance|[upkeep]
|-heal|p1a: Gastrodon|98/100|[from] item: Leftovers
|upkeep
|turn|73
|
|switch|p1a: Skarmory|Skarmory, F|88/100
|-damage|p1a: Skarmory|76/100|[from] Stealth Rock
|move|p2a: Celebi|Nasty Plot|p2a: Celebi
|-boost|p2a: Celebi|spa|2
|
|-weather|RainDance|[upkeep]
|upkeep
|turn|74
|
|move|p2a: Celebi|Giga Drain|p1a: Skarmory
|-resisted|p1a: Skarmory
|-damage|p1a: Skarmory|58/100
|move|p1a: Skarmory|Whirlwind|p2a: Celebi
|drag|p2a: Politoed|Politoed, F|60/100
|
|-weather|RainDance|[upkeep]
|-heal|p2a: Politoed|67/100|[from] item: Leftovers
|upkeep
|turn|75
|
|switch|p1a: Gastrodon|Gastrodon, M|98/100
|-damage|p1a: Gastrodon|92/100|[from] Stealth Rock
|move|p2a: Politoed|Scald|p1a: Gastrodon
|-ability|p1a: Gastrodon|Storm Drain|boost
|-boost|p1a: Gastrodon|spa|1
|
|-weather|RainDance|[upkeep]
|-heal|p2a: Politoed|73/100|[from] item: Leftovers
|-heal|p1a: Gastrodon|98/100|[from] item: Leftovers
|upkeep
|turn|76
|
|move|p2a: Politoed|Protect|p2a: Politoed
|-singleturn|p2a: Politoed|Protect
|move|p1a: Gastrodon|Ice Beam|p2a: Politoed
|-activate|p2a: Politoed|move: Protect
|
|-weather|RainDance|[upkeep]
|-heal|p2a: Politoed|79/100|[from] item: Leftovers
|-heal|p1a: Gastrodon|100/100|[from] item: Leftovers
|upkeep
|turn|77
|
|switch|p2a: Celebi|Celebi|100/100
|move|p1a: Gastrodon|Ice Beam|p2a: Celebi
|-supereffective|p2a: Celebi
|-crit|p2a: Celebi
|-damage|p2a: Celebi|7/100
|
|-weather|RainDance|[upkeep]
|-heal|p2a: Celebi|14/100|[from] item: Leftovers
|upkeep
|turn|78
|
|switch|p1a: Mienshao|Mienshao, M|78/100
|-damage|p1a: Mienshao|72/100|[from] Stealth Rock
|move|p2a: Celebi|Recover|p2a: Celebi
|-heal|p2a: Celebi|64/100
|
|-weather|RainDance|[upkeep]
|-heal|p2a: Celebi|70/100|[from] item: Leftovers
|upkeep
|turn|79
|
|switch|p2a: Politoed|Politoed, F|79/100
|move|p1a: Mienshao|U-turn|p2a: Politoed
|-damage|p2a: Politoed|62/100
|
|switch|p1a: Gastrodon|Gastrodon, M|100/100|[from]move: U-turn
|-damage|p1a: Gastrodon|94/100|[from] Stealth Rock
|
|-weather|RainDance|[upkeep]
|-heal|p2a: Politoed|69/100|[from] item: Leftovers
|-heal|p1a: Gastrodon|100/100|[from] item: Leftovers
|upkeep
|turn|80
|
|switch|p2a: Celebi|Celebi|70/100
|move|p1a: Gastrodon|Toxic|p2a: Celebi|[miss]
|-miss|p1a: Gastrodon|p2a: Celebi
|
|-weather|RainDance|[upkeep]
|-heal|p2a: Celebi|76/100|[from] item: Leftovers
|upkeep
|turn|81
|
|switch|p1a: Mienshao|Mienshao, M|100/100
|-damage|p1a: Mienshao|95/100|[from] Stealth Rock
|move|p2a: Celebi|Baton Pass|p2a: Celebi
|
|switch|p2a: Politoed|Politoed, F|69/100|[from]move: Baton Pass
|
|-weather|RainDance|[upkeep]
|-heal|p2a: Politoed|75/100|[from] item: Leftovers
|upkeep
|turn|82
|
|move|p1a: Mienshao|U-turn|p2a: Politoed
|-damage|p2a: Politoed|58/100
|
|switch|p1a: Gastrodon|Gastrodon, M|100/100|[from]move: U-turn
|-damage|p1a: Gastrodon|94/100|[from] Stealth Rock
|move|p2a: Politoed|Ice Beam|p1a: Gastrodon
|-damage|p1a: Gastrodon|79/100
|
|-weather|RainDance|[upkeep]
|-heal|p2a: Politoed|64/100|[from] item: Leftovers
|-heal|p1a: Gastrodon|85/100|[from] item: Leftovers
|upkeep
|turn|83
|
|move|p2a: Politoed|Ice Beam|p1a: Gastrodon
|-damage|p1a: Gastrodon|70/100
|move|p1a: Gastrodon|Toxic|p2a: Politoed
|-status|p2a: Politoed|tox
|
|-weather|RainDance|[upkeep]
|-heal|p2a: Politoed|70/100 tox|[from] item: Leftovers
|-heal|p1a: Gastrodon|77/100|[from] item: Leftovers
|-damage|p2a: Politoed|64/100 tox|[from] psn
|upkeep
|turn|84
|
|move|p2a: Politoed|Refresh|p2a: Politoed
|-curestatus|p2a: Politoed|tox|[msg]
|move|p1a: Gastrodon|Recover|p1a: Gastrodon
|-heal|p1a: Gastrodon|100/100
|
|-weather|RainDance|[upkeep]
|-heal|p2a: Politoed|70/100|[from] item: Leftovers
|upkeep
|turn|85
|
|switch|p2a: Celebi|Celebi|76/100
|move|p1a: Gastrodon|Scald|p2a: Celebi
|-resisted|p2a: Celebi
|-damage|p2a: Celebi|62/100
|-status|p2a: Celebi|brn
|
|-weather|RainDance|[upkeep]
|-heal|p2a: Celebi|68/100 brn|[from] item: Leftovers
|-damage|p2a: Celebi|56/100 brn|[from] brn
|upkeep
|turn|86
|
|switch|p1a: Skarmory|Skarmory, F|58/100
|-damage|p1a: Skarmory|45/100|[from] Stealth Rock
|move|p2a: Celebi|Recover|p2a: Celebi
|-heal|p2a: Celebi|100/100 brn
|
|-weather|RainDance|[upkeep]
|-damage|p2a: Celebi|88/100 brn|[from] brn
|upkeep
|turn|87
|
|move|p2a: Celebi|Baton Pass|p2a: Celebi
|
|-curestatus|p2a: Celebi|brn|[from] ability: Natural Cure
|switch|p2a: Thundurus|Thundurus-Therian, M|100/100|[from]move: Baton Pass
|move|p1a: Skarmory|Roost|p1a: Skarmory
|-heal|p1a: Skarmory|96/100
|-singleturn|p1a: Skarmory|move: Roost
|
|-weather|RainDance|[upkeep]
|upkeep
|turn|88
|
|switch|p2a: Celebi|Celebi|88/100
|switch|p1a: Gastrodon|Gastrodon, M|100/100
|-damage|p1a: Gastrodon|94/100|[from] Stealth Rock
|
|-weather|RainDance|[upkeep]
|-heal|p2a: Celebi|94/100|[from] item: Leftovers
|-heal|p1a: Gastrodon|100/100|[from] item: Leftovers
|upkeep
|turn|89
|
|switch|p1a: Skarmory|Skarmory, F|96/100
|-damage|p1a: Skarmory|83/100|[from] Stealth Rock
|move|p2a: Celebi|Nasty Plot|p2a: Celebi
|-boost|p2a: Celebi|spa|2
|
|-weather|RainDance|[upkeep]
|-heal|p2a: Celebi|100/100|[from] item: Leftovers
|upkeep
|turn|90
|
|move|p2a: Celebi|Baton Pass|p2a: Celebi
|
|switch|p2a: Thundurus|Thundurus-Therian, M|100/100|[from]move: Baton Pass
|move|p1a: Skarmory|Brave Bird|p2a: Thundurus
|-resisted|p2a: Thundurus
|-damage|p2a: Thundurus|74/100
|-damage|p1a: Skarmory|75/100|[from] Recoil
|
|-weather|RainDance|[upkeep]
|-heal|p2a: Thundurus|80/100|[from] item: Leftovers
|upkeep
|turn|91
|
|move|p2a: Thundurus|Hidden Power|p1a: Skarmory
|-damage|p1a: Skarmory|2/100
|move|p1a: Skarmory|Whirlwind|p2a: Thundurus
|drag|p2a: Politoed|Politoed, F|70/100
|
|-weather|RainDance|[upkeep]
|-heal|p2a: Politoed|77/100|[from] item: Leftovers
|upkeep
|turn|92
|
|switch|p1a: Gastrodon|Gastrodon, M|100/100
|-damage|p1a: Gastrodon|94/100|[from] Stealth Rock
|move|p2a: Politoed|Ice Beam|p1a: Gastrodon
|-damage|p1a: Gastrodon|78/100
|
|-weather|RainDance|[upkeep]
|-heal|p2a: Politoed|83/100|[from] item: Leftovers
|-heal|p1a: Gastrodon|84/100|[from] item: Leftovers
|upkeep
|turn|93
|
|switch|p2a: Celebi|Celebi|100/100
|move|p1a: Gastrodon|Scald|p2a: Celebi
|-resisted|p2a: Celebi
|-damage|p2a: Celebi|87/100
|-status|p2a: Celebi|brn
|
|-weather|RainDance|[upkeep]
|-heal|p2a: Celebi|93/100 brn|[from] item: Leftovers
|-heal|p1a: Gastrodon|90/100|[from] item: Leftovers
|-damage|p2a: Celebi|81/100 brn|[from] brn
|upkeep
|turn|94
|
|switch|p1a: Mienshao|Mienshao, M|100/100
|-damage|p1a: Mienshao|95/100|[from] Stealth Rock
|move|p2a: Celebi|Giga Drain|p1a: Mienshao
|-damage|p1a: Mienshao|42/100
|-heal|p2a: Celebi|99/100 brn|[from] drain|[of] p1a: Mienshao
|
|-weather|RainDance|[upkeep]
|-heal|p2a: Celebi|100/100 brn|[from] item: Leftovers
|-damage|p2a: Celebi|88/100 brn|[from] brn
|upkeep
|turn|95
|
|-curestatus|p2a: Celebi|brn|[from] ability: Natural Cure
|switch|p2a: Politoed|Politoed, F|83/100
|move|p1a: Mienshao|U-turn|p2a: Politoed
|-damage|p2a: Politoed|64/100
|
|switch|p1a: Gastrodon|Gastrodon, M|90/100|[from]move: U-turn
|-damage|p1a: Gastrodon|84/100|[from] Stealth Rock
|
|-weather|RainDance|[upkeep]
|-heal|p2a: Politoed|70/100|[from] item: Leftovers
|-heal|p1a: Gastrodon|90/100|[from] item: Leftovers
|upkeep
|turn|96
|
|move|p2a: Politoed|Ice Beam|p1a: Gastrodon
|-damage|p1a: Gastrodon|75/100
|move|p1a: Gastrodon|Scald|p2a: Politoed
|-resisted|p2a: Politoed
|-damage|p2a: Politoed|52/100
|-status|p2a: Politoed|brn
|
|-weather|RainDance|[upkeep]
|-heal|p2a: Politoed|58/100 brn|[from] item: Leftovers
|-heal|p1a: Gastrodon|81/100|[from] item: Leftovers
|-damage|p2a: Politoed|46/100 brn|[from] brn
|upkeep
|turn|97
|
|move|p2a: Politoed|Refresh|p2a: Politoed
|-curestatus|p2a: Politoed|brn|[msg]
|move|p1a: Gastrodon|Scald|p2a: Politoed
|-resisted|p2a: Politoed
|-damage|p2a: Politoed|30/100
|
|-weather|RainDance|[upkeep]
|-heal|p2a: Politoed|36/100|[from] item: Leftovers
|-heal|p1a: Gastrodon|87/100|[from] item: Leftovers
|upkeep
|turn|98
|
|move|p2a: Politoed|Protect|p2a: Politoed
|-singleturn|p2a: Politoed|Protect
|move|p1a: Gastrodon|Scald|p2a: Politoed
|-activate|p2a: Politoed|move: Protect
|
|-weather|RainDance|[upkeep]
|-heal|p2a: Politoed|42/100|[from] item: Leftovers
|-heal|p1a: Gastrodon|93/100|[from] item: Leftovers
|upkeep
|turn|99
|
|switch|p2a: Celebi|Celebi|88/100
|move|p1a: Gastrodon|Scald|p2a: Celebi
|-resisted|p2a: Celebi
|-crit|p2a: Celebi
|-damage|p2a: Celebi|59/100
|
|-weather|RainDance|[upkeep]
|-heal|p2a: Celebi|65/100|[from] item: Leftovers
|-heal|p1a: Gastrodon|99/100|[from] item: Leftovers
|upkeep
|turn|100
|
|switch|p1a: Mienshao|Mienshao, M|75/100
|-damage|p1a: Mienshao|70/100|[from] Stealth Rock
|move|p2a: Celebi|Giga Drain|p1a: Mienshao
|-damage|p1a: Mienshao|15/100
|-heal|p2a: Celebi|83/100|[from] drain|[of] p1a: Mienshao
|
|-weather|RainDance|[upkeep]
|-heal|p2a: Celebi|89/100|[from] item: Leftovers
|upkeep
|turn|101
|
|move|p1a: Mienshao|U-turn|p2a: Celebi
|-supereffective|p2a: Celebi
|-damage|p2a: Celebi|24/100
|
|switch|p1a: Latios|Latios, M|64/100|[from]move: U-turn
|-damage|p1a: Latios|51/100|[from] Stealth Rock
|move|p2a: Celebi|Recover|p2a: Celebi
|-heal|p2a: Celebi|74/100
|
|-weather|RainDance|[upkeep]
|-heal|p2a: Celebi|80/100|[from] item: Leftovers
|upkeep
|turn|102
|
|switch|p2a: Chansey|Chansey, F|80/100
|move|p1a: Latios|Draco Meteor|p2a: Chansey
|-damage|p2a: Chansey|48/100
|-unboost|p1a: Latios|spa|2
|
|-weather|RainDance|[upkeep]
|upkeep
|turn|103
|
|switch|p1a: Reuniclus|Reuniclus, M|95/100
|move|p2a: Chansey|Soft-Boiled|p2a: Chansey
|-heal|p2a: Chansey|98/100
|
|-weather|RainDance|[upkeep]
|upkeep
|turn|104
|
|switch|p2a: Celebi|Celebi|80/100
|switch|p1a: Mienshao|Mienshao, M|48/100
|-damage|p1a: Mienshao|42/100|[from] Stealth Rock
|
|-weather|RainDance|[upkeep]
|-heal|p2a: Celebi|86/100|[from] item: Leftovers
|upkeep
|turn|105
|
|switch|p2a: Thundurus|Thundurus-Therian, M|80/100
|move|p1a: Mienshao|U-turn|p2a: Thundurus
|-resisted|p2a: Thundurus
|-damage|p2a: Thundurus|63/100
|
|switch|p1a: Gastrodon|Gastrodon, M|99/100|[from]move: U-turn
|-damage|p1a: Gastrodon|93/100|[from] Stealth Rock
|
|-weather|RainDance|[upkeep]
|-heal|p2a: Thundurus|69/100|[from] item: Leftovers
|-heal|p1a: Gastrodon|99/100|[from] item: Leftovers
|upkeep
|turn|106
|
|switch|p2a: Celebi|Celebi|86/100
|move|p1a: Gastrodon|Ice Beam|p2a: Celebi
|-supereffective|p2a: Celebi
|-damage|p2a: Celebi|56/100
|
|-weather|RainDance|[upkeep]
|-heal|p2a: Celebi|62/100|[from] item: Leftovers
|-heal|p1a: Gastrodon|100/100|[from] item: Leftovers
|upkeep
|turn|107
|
|switch|p1a: Latios|Latios, M|51/100
|-damage|p1a: Latios|39/100|[from] Stealth Rock
|move|p2a: Celebi|Giga Drain|p1a: Latios
|-resisted|p1a: Latios
|-damage|p1a: Latios|26/100
|-heal|p2a: Celebi|67/100|[from] drain|[of] p1a: Latios
|
|-weather|RainDance|[upkeep]
|-heal|p2a: Celebi|73/100|[from] item: Leftovers
|upkeep
|turn|108
|
|switch|p1a: Mienshao|Mienshao, M|75/100
|-damage|p1a: Mienshao|70/100|[from] Stealth Rock
|switch|p2a: Chansey|Chansey, F|98/100
|
|-weather|RainDance|[upkeep]
|upkeep
|turn|109
|
|switch|p2a: Politoed|Politoed, F|42/100
|move|p1a: Mienshao|High Jump Kick|p2a: Politoed
|-damage|p2a: Politoed|0 fnt
|faint|p2a: Politoed
|
|-weather|RainDance|[upkeep]
|upkeep
|
|switch|p2a: Celebi|Celebi|73/100
|turn|110
|
|switch|p1a: Skarmory|Skarmory, F|2/100
|-damage|p1a: Skarmory|0 fnt|[from] Stealth Rock
|faint|p1a: Skarmory
|move|p2a: Celebi|Nasty Plot|p2a: Celebi
|-boost|p2a: Celebi|spa|2
|
|-weather|RainDance|[upkeep]
|-heal|p2a: Celebi|79/100|[from] item: Leftovers
|upkeep
|
|switch|p1a: Latios|Latios, M|26/100
|-damage|p1a: Latios|13/100|[from] Stealth Rock
|turn|111
|
|move|p1a: Latios|Trick|p2a: Celebi
|-activate|p1a: Latios|move: Trick|[of] p2a: Celebi
|-item|p2a: Celebi|Eviolite|[from] move: Trick
|-item|p1a: Latios|Leftovers|[from] move: Trick
|move|p2a: Celebi|Giga Drain|p1a: Latios
|-resisted|p1a: Latios
|-damage|p1a: Latios|0 fnt
|-heal|p2a: Celebi|84/100|[from] drain|[of] p1a: Latios
|faint|p1a: Latios
|
|-weather|RainDance|[upkeep]
|upkeep
|
|switch|p1a: Mienshao|Mienshao, M|100/100
|-damage|p1a: Mienshao|95/100|[from] Stealth Rock
|turn|112
|
|move|p1a: Mienshao|U-turn|p2a: Celebi
|-supereffective|p2a: Celebi
|-damage|p2a: Celebi|16/100
|
|switch|p1a: Reuniclus|Reuniclus, M|95/100|[from]move: U-turn
|move|p2a: Celebi|Giga Drain|p1a: Reuniclus
|-damage|p1a: Reuniclus|44/100
|-heal|p2a: Celebi|43/100|[from] drain|[of] p1a: Reuniclus
|
|-weather|RainDance|[upkeep]
|upkeep
|turn|113
|
|move|p2a: Celebi|Giga Drain|p1a: Reuniclus
|-damage|p1a: Reuniclus|0 fnt
|-heal|p2a: Celebi|66/100|[from] drain|[of] p1a: Reuniclus
|faint|p1a: Reuniclus
|
|-weather|RainDance|[upkeep]
|upkeep
|
|switch|p1a: Mienshao|Mienshao, M|100/100
|-damage|p1a: Mienshao|95/100|[from] Stealth Rock
|turn|114
|
|switch|p2a: Chansey|Chansey, F|98/100
|move|p1a: Mienshao|U-turn|p2a: Chansey
|-damage|p2a: Chansey|76/100
|
|switch|p1a: Gastrodon|Gastrodon, M|100/100|[from]move: U-turn
|-damage|p1a: Gastrodon|94/100|[from] Stealth Rock
|
|-weather|RainDance|[upkeep]
|-heal|p1a: Gastrodon|100/100|[from] item: Leftovers
|upkeep
|turn|115
|
|switch|p2a: Celebi|Celebi|66/100
|move|p1a: Gastrodon|Toxic|p2a: Celebi
|-status|p2a: Celebi|tox
|
|-weather|RainDance|[upkeep]
|-damage|p2a: Celebi|59/100 tox|[from] psn
|upkeep
|turn|116
|
|move|p2a: Celebi|Giga Drain|p1a: Gastrodon
|-supereffective|p1a: Gastrodon
|-damage|p1a: Gastrodon|27/100
|-heal|p2a: Celebi|98/100 tox|[from] drain|[of] p1a: Gastrodon
|move|p1a: Gastrodon|Ice Beam|p2a: Celebi
|-supereffective|p2a: Celebi
|-damage|p2a: Celebi|70/100 tox
|
|-weather|RainDance|[upkeep]
|-heal|p1a: Gastrodon|33/100|[from] item: Leftovers
|-damage|p2a: Celebi|58/100 tox|[from] psn
|upkeep
|turn|117
|
|move|p2a: Celebi|Giga Drain|p1a: Gastrodon
|-supereffective|p1a: Gastrodon
|-damage|p1a: Gastrodon|0 fnt
|-heal|p2a: Celebi|75/100 tox|[from] drain|[of] p1a: Gastrodon
|faint|p1a: Gastrodon
|
|-weather|RainDance|[upkeep]
|-damage|p2a: Celebi|57/100 tox|[from] psn
|upkeep
|
|switch|p1a: Mienshao|Mienshao, M|100/100
|-damage|p1a: Mienshao|95/100|[from] Stealth Rock
|turn|118
|
|move|p1a: Mienshao|Stone Edge|p2a: Celebi
|-damage|p2a: Celebi|32/100 tox
|move|p2a: Celebi|Giga Drain|p1a: Mienshao
|-damage|p1a: Mienshao|38/100
|-heal|p2a: Celebi|51/100 tox|[from] drain|[of] p1a: Mienshao
|
|-weather|RainDance|[upkeep]
|-damage|p2a: Celebi|26/100 tox|[from] psn
|upkeep
|turn|119
|
|move|p1a: Mienshao|Stone Edge|p2a: Celebi
|-damage|p2a: Celebi|1/100 tox
|move|p2a: Celebi|Recover|p2a: Celebi
|-heal|p2a: Celebi|51/100 tox
|
|-weather|RainDance|[upkeep]
|-damage|p2a: Celebi|20/100 tox|[from] psn
|upkeep
|turn|120
|
|move|p1a: Mienshao|Stone Edge|p2a: Celebi|[miss]
|-miss|p1a: Mienshao|p2a: Celebi
|move|p2a: Celebi|Recover|p2a: Celebi
|-heal|p2a: Celebi|70/100 tox
|
|-weather|RainDance|[upkeep]
|-damage|p2a: Celebi|33/100 tox|[from] psn
|upkeep
|turn|121
|
|move|p1a: Mienshao|Stone Edge|p2a: Celebi
|-crit|p2a: Celebi
|-damage|p2a: Celebi|0 fnt
|faint|p2a: Celebi
|
|-weather|RainDance|[upkeep]
|upkeep
|
|switch|p2a: Chansey|Chansey, F|76/100
|turn|122
|
|move|p1a: Mienshao|Stone Edge|p2a: Chansey|[miss]
|-miss|p1a: Mienshao|p2a: Chansey
|move|p2a: Chansey|Soft-Boiled|p2a: Chansey
|-heal|p2a: Chansey|100/100
|
|-weather|RainDance|[upkeep]
|upkeep
|turn|123
|c|☆Nalorium|good play
|c|☆Nalorium|Gg
|c|☆Gh0st of Perdition|gg
|
|move|p1a: Mienshao|Stone Edge|p2a: Chansey
|-damage|p2a: Chansey|68/100
|move|p2a: Chansey|Soft-Boiled|p2a: Chansey
|-heal|p2a: Chansey|100/100
|
|-weather|RainDance|[upkeep]
|upkeep
|turn|124
|
|move|p1a: Mienshao|Stone Edge|p2a: Chansey
|-damage|p2a: Chansey|70/100
|move|p2a: Chansey|Soft-Boiled|p2a: Chansey
|-heal|p2a: Chansey|100/100
|
|-weather|RainDance|[upkeep]
|upkeep
|turn|125
|
|switch|p2a: Thundurus|Thundurus-Therian, M|69/100
|move|p1a: Mienshao|Stone Edge|p2a: Thundurus
|-supereffective|p2a: Thundurus
|-damage|p2a: Thundurus|0 fnt
|faint|p2a: Thundurus
|
|-weather|RainDance|[upkeep]
|upkeep
|
|switch|p2a: Chansey|Chansey, F|100/100
|turn|126
|
|-activate|p1a: Mienshao|move: Struggle
|move|p1a: Mienshao|Struggle|p2a: Chansey
|-damage|p2a: Chansey|84/100
|-damage|p1a: Mienshao|13/100|[from] recoil
|move|p2a: Chansey|Seismic Toss|p1a: Mienshao
|-damage|p1a: Mienshao|0 fnt
|faint|p1a: Mienshao
|
|win|Gh0st of Perdition
|l|☆Nalorium
|l|+cz
|raw|Nalorium's rating: 1448 &rarr; <strong>1435</strong><br />(-13 for losing)
|raw|Gh0st of Perdition's rating: 1577 &rarr; <strong>1590</strong><br />(+13 for winning)
