|j|☆daddy_days
|j|☆Wemby and CP3
|t:|1736448499
|gametype|singles
|player|p1|daddy_days|hugh|1338
|player|p2|Wemby and CP3|170|1313
|teamsize|p1|6
|teamsize|p2|6
|gen|5
|tier|[Gen 5] OU
|rated|
|rule|Species Clause: Limit one of each Pokémon
|rule|OHKO Clause: OHKO moves are banned
|rule|Moody Clause: Moody is banned
|rule|Evasion Items Clause: Evasion items are banned
|rule|Evasion Moves Clause: Evasion moves are banned
|rule|Endless Battle Clause: Forcing endless battles is banned
|rule|HP Percentage Mod: HP is shown in percentages
|rule|Evasion Abilities Clause: Evasion abilities are banned
|rule|Sleep Moves Clause: Sleep-inducing moves are banned
|rule|Swagger Clause: Swagger is banned
|rule|Baton Pass Stat Clause: No Baton Passer may have a way to boost its stats
|clearpoke
|poke|p1|Scyther, M|item
|poke|p1|Alakazam, F|item
|poke|p1|Starmie|item
|poke|p1|Garchomp, F|item
|poke|p1|Kyurem-Black|item
|poke|p1|Gyarados, F|item
|poke|p2|Politoed, F|item
|poke|p2|Ferrothorn, F|item
|poke|p2|Scizor, F|item
|poke|p2|Blissey, F|item
|poke|p2|Keldeo|item
|poke|p2|Starmie|item
|teampreview
|inactive|Battle timer is ON: inactive players will automatically lose when time's up. (requested by Wemby and CP3)
|inactive|Wemby and CP3 has 120 seconds left.
|inactive|Wemby and CP3 has 90 seconds left.
|
|t:|1736448581
|start
|switch|p1a: Delete Button|Kyurem-Black|100/100
|switch|p2a: Politoed|Politoed, F|100/100
|-ability|p1a: Delete Button|Teravolt
|-weather|RainDance|[from] ability: Drizzle|[of] p2a: Politoed
|turn|1
|
|t:|1736448602
|switch|p2a: Ferrothorn|Ferrothorn, F|100/100
|move|p1a: Delete Button|Outrage|p2a: Ferrothorn
|-resisted|p2a: Ferrothorn
|-crit|p2a: Ferrothorn
|-damage|p2a: Ferrothorn|30/100
|-damage|p1a: Delete Button|88/100|[from] ability: Iron Barbs|[of] p2a: Ferrothorn
|-damage|p1a: Delete Button|72/100|[from] item: Rocky Helmet|[of] p2a: Ferrothorn
|
|-weather|RainDance|[upkeep]
|upkeep
|turn|2
|inactive|daddy_days has 120 seconds left.
|
|t:|1736448630
|move|p1a: Delete Button|Outrage|p2a: Ferrothorn|[from]lockedmove
|-resisted|p2a: Ferrothorn
|-damage|p2a: Ferrothorn|0 fnt
|-damage|p1a: Delete Button|59/100|[from] ability: Iron Barbs|[of] p2a: Ferrothorn
|-damage|p1a: Delete Button|43/100|[from] item: Rocky Helmet|[of] p2a: Ferrothorn
|faint|p2a: Ferrothorn
|-start|p1a: Delete Button|confusion|[fatigue]
|
|-weather|RainDance|[upkeep]
|upkeep
|
|t:|1736448640
|switch|p2a: Scizor|Scizor, F|100/100
|turn|3
|inactive|daddy_days has 120 seconds left.
|
|t:|1736448672
|switch|p1a: Painful|Garchomp, F|100/100
|move|p2a: Scizor|Swords Dance|p2a: Scizor
|-boost|p2a: Scizor|atk|2
|
|-weather|RainDance|[upkeep]
|upkeep
|turn|4
|
|t:|1736448680
|move|p2a: Scizor|Swords Dance|p2a: Scizor
|-boost|p2a: Scizor|atk|2
|move|p1a: Painful|Dragon Tail|p2a: Scizor|[miss]
|-miss|p1a: Painful|p2a: Scizor
|
|-weather|RainDance|[upkeep]
|upkeep
|turn|5
|
|t:|1736448691
|move|p2a: Scizor|Superpower|p1a: Painful
|-crit|p1a: Painful
|-damage|p1a: Painful|0 fnt
|-unboost|p2a: Scizor|atk|1
|-unboost|p2a: Scizor|def|1
|-damage|p2a: Scizor|88/100|[from] ability: Rough Skin|[of] p1a: Painful
|-damage|p2a: Scizor|72/100|[from] item: Rocky Helmet|[of] p1a: Painful
|faint|p1a: Painful
|
|-weather|RainDance|[upkeep]
|upkeep
|inactive|daddy_days has 90 seconds left.
|
|t:|1736448721
|switch|p1a: Gyarados|Gyarados, F|100/100
|-ability|p1a: Gyarados|Intimidate|boost
|-unboost|p2a: Scizor|atk|1
|turn|6
|
|t:|1736448728
|move|p2a: Scizor|Bullet Punch|p1a: Gyarados
|-resisted|p1a: Gyarados
|-damage|p1a: Gyarados|58/100
|move|p1a: Gyarados|Waterfall|p2a: Scizor
|-damage|p2a: Scizor|0 fnt
|faint|p2a: Scizor
|
|-weather|RainDance|[upkeep]
|upkeep
|
|t:|1736448739
|switch|p2a: Starmie|Starmie|100/100
|turn|7
|inactive|daddy_days has 90 seconds left.
|
|t:|1736448761
|switch|p1a: Starmie|Starmie|100/100
|move|p2a: Starmie|Thunder|p1a: Starmie
|-supereffective|p1a: Starmie
|-damage|p1a: Starmie|0 fnt
|faint|p1a: Starmie
|-damage|p2a: Starmie|91/100|[from] item: Life Orb
|
|-weather|RainDance|[upkeep]
|upkeep
|inactive|daddy_days has 90 seconds left.
|
|t:|1736448771
|switch|p1a: Blade|Scyther, M|100/100
|turn|8
|
|t:|1736448778
|move|p1a: Blade|U-turn|p2a: Starmie
|-supereffective|p2a: Starmie
|-damage|p2a: Starmie|0 fnt
|faint|p2a: Starmie
|inactive|daddy_days has 90 seconds left.
|inactive|daddy_days has 60 seconds left.
|
|t:|1736448821
|switch|p1a: Delete Button|Kyurem-Black|43/100|[from] U-turn
|-ability|p1a: Delete Button|Teravolt
|
|-weather|RainDance|[upkeep]
|upkeep
|
|t:|1736448828
|switch|p2a: Politoed|Politoed, F|100/100
|turn|9
|
|t:|1736448834
|move|p1a: Delete Button|Outrage|p2a: Politoed
|-damage|p2a: Politoed|0 fnt
|faint|p2a: Politoed
|
|-weather|RainDance|[upkeep]
|upkeep
|-message|Wemby and CP3 forfeited.
|
|win|daddy_days
|raw|daddy_days's rating: 1317 &rarr; <strong>1337</strong><br />(+20 for winning)
|raw|Wemby and CP3's rating: 1313 &rarr; <strong>1293</strong><br />(-20 for losing)
|l|☆Wemby and CP3
|player|p2|
