|j|☆wine coffee
|j|☆wild wereboar
|player|p1|wine coffee|26|1375
|player|p2|wild wereboar|115|1406
|teamsize|p1|6
|teamsize|p2|6
|gametype|singles
|gen|5
|tier|[Gen 5] OU
|rated|
|rule|Sleep Clause Mod: Limit one foe put to sleep
|rule|Species Clause: Limit one of each Pokémon
|rule|OHKO Clause: OHKO moves are banned
|rule|Moody Clause: Moody is banned
|rule|Evasion Moves Clause: Evasion moves are banned
|rule|Endless Battle Clause: Forcing endless battles is banned
|rule|HP Percentage Mod: HP is shown in percentages
|rule|Evasion Abilities Clause: Evasion abilities are banned
|rule|Baton Pass Clause: Limit one Baton Passer, can't pass Spe and other stats simultaneously
|rule|Swagger Clause: Swagger is banned
|clearpoke
|poke|p1|Garchomp, M|item
|poke|p1|Dragonite, F|item
|poke|p1|Starmie|item
|poke|p1|Scizor, F|item
|poke|p1|Breloom, M|item
|poke|p1|Volcarona, F|item
|poke|p2|Tyranitar, M|item
|poke|p2|Heatran, M|item
|poke|p2|Slowbro, M|item
|poke|p2|Gengar, M|item
|poke|p2|Garchomp, M|item
|poke|p2|Amoonguss, M|item
|teampreview
|
|start
|switch|p1a: Garchomp|Garchomp, M|100/100
|switch|p2a: Gengar|Gengar, M|100/100
|turn|1
|
|move|p2a: Gengar|Hypnosis|p1a: Garchomp
|-status|p1a: Garchomp|slp|[from] move: Hypnosis
|cant|p1a: Garchomp|slp
|
|upkeep
|turn|2
|
|switch|p1a: Scizor|Scizor, F|100/100
|move|p2a: Gengar|Focus Blast|p1a: Scizor
|-damage|p1a: Scizor|53/100
|-unboost|p1a: Scizor|spd|1
|
|upkeep
|turn|3
|
|switch|p1a: Starmie|Starmie|100/100
|move|p2a: Gengar|Focus Blast|p1a: Starmie
|-resisted|p1a: Starmie
|-damage|p1a: Starmie|68/100
|-unboost|p1a: Starmie|spd|1
|
|upkeep
|turn|4
|
|switch|p2a: Amoonguss|Amoonguss, M|100/100
|move|p1a: Starmie|Hydro Pump|p2a: Amoonguss
|-resisted|p2a: Amoonguss
|-damage|p2a: Amoonguss|79/100
|
|-heal|p2a: Amoonguss|85/100|[from] item: Leftovers
|upkeep
|turn|5
|
|switch|p1a: Volcarona|Volcarona, F|100/100
|move|p2a: Amoonguss|Spore|p1a: Volcarona
|-message|Sleep Clause Mod activated.
|
|-heal|p2a: Amoonguss|91/100|[from] item: Leftovers
|upkeep
|turn|6
|
|switch|p1a: Breloom|Breloom, M|100/100
|switch|p2a: Garchomp|Garchomp, M|100/100
|
|upkeep
|turn|7
|
|switch|p2a: Amoonguss|Amoonguss, M|100/100
|move|p1a: Breloom|Spore|p2a: Amoonguss
|-status|p2a: Amoonguss|slp|[from] move: Spore
|
|upkeep
|turn|8
|
|switch|p1a: Dragonite|Dragonite, F|100/100
|cant|p2a: Amoonguss|slp
|move|p2a: Amoonguss|Sleep Talk|p2a: Amoonguss
|move|p2a: Amoonguss|Spore|p1a: Dragonite|[from]Sleep Talk
|-message|Sleep Clause Mod activated.
|
|upkeep
|turn|9
|
|switch|p2a: Tyranitar|Tyranitar, M|100/100
|-weather|Sandstorm|[from] ability: Sand Stream|[of] p2a: Tyranitar
|move|p1a: Dragonite|Dragon Dance|p1a: Dragonite
|-boost|p1a: Dragonite|atk|1
|-boost|p1a: Dragonite|spe|1
|
|-weather|Sandstorm|[upkeep]
|-damage|p1a: Dragonite|94/100|[from] Sandstorm
|upkeep
|turn|10
|
|move|p1a: Dragonite|Outrage|p2a: Tyranitar
|-damage|p2a: Tyranitar|21/100
|move|p2a: Tyranitar|Stealth Rock|p1a: Dragonite
|-sidestart|p1: wine coffee|move: Stealth Rock
|
|-weather|Sandstorm|[upkeep]
|-damage|p1a: Dragonite|88/100|[from] Sandstorm
|upkeep
|turn|11
|
|move|p1a: Dragonite|Outrage|p2a: Tyranitar|[from]lockedmove
|-damage|p2a: Tyranitar|0 fnt
|faint|p2a: Tyranitar
|
|-weather|Sandstorm|[upkeep]
|-damage|p1a: Dragonite|82/100|[from] Sandstorm
|upkeep
|
|switch|p2a: Garchomp|Garchomp, M|100/100
|turn|12
|
|move|p2a: Garchomp|Dual Chop|p1a: Dragonite
|-supereffective|p1a: Dragonite
|-damage|p1a: Dragonite|36/100
|-supereffective|p1a: Dragonite
|-damage|p1a: Dragonite|0 fnt
|-hitcount|p1a: Dragonite|2
|faint|p1a: Dragonite
|
|-weather|Sandstorm|[upkeep]
|upkeep
|
|switch|p1a: Scizor|Scizor, F|53/100
|-damage|p1a: Scizor|41/100|[from] Stealth Rock
|turn|13
|
|move|p2a: Garchomp|Dual Chop|p1a: Scizor
|-resisted|p1a: Scizor
|-damage|p1a: Scizor|31/100
|-resisted|p1a: Scizor
|-crit|p1a: Scizor
|-damage|p1a: Scizor|10/100
|-hitcount|p1a: Scizor|2
|move|p1a: Scizor|Superpower|p2a: Garchomp
|-damage|p2a: Garchomp|44/100
|-damage|p1a: Scizor|0 fnt|[from] ability: Rough Skin|[of] p2a: Garchomp
|faint|p1a: Scizor
|
|-weather|Sandstorm|[upkeep]
|upkeep
|
|switch|p1a: Breloom|Breloom, M|100/100
|-damage|p1a: Breloom|94/100|[from] Stealth Rock
|turn|14
|
|switch|p2a: Gengar|Gengar, M|100/100
|move|p1a: Breloom|Low Sweep|p2a: Gengar
|-immune|p2a: Gengar
|
|-weather|Sandstorm|[upkeep]
|-damage|p2a: Gengar|94/100|[from] Sandstorm
|-damage|p1a: Breloom|88/100|[from] Sandstorm
|-heal|p2a: Gengar|100/100|[from] item: Black Sludge
|upkeep
|turn|15
|
|move|p2a: Gengar|Shadow Ball|p1a: Breloom
|-damage|p1a: Breloom|9/100
|move|p1a: Breloom|Bullet Seed|p2a: Gengar
|-resisted|p2a: Gengar
|-damage|p2a: Gengar|79/100
|-resisted|p2a: Gengar
|-damage|p2a: Gengar|58/100
|-resisted|p2a: Gengar
|-damage|p2a: Gengar|35/100
|-hitcount|p2a: Gengar|3
|
|-weather|Sandstorm|[upkeep]
|-damage|p2a: Gengar|29/100|[from] Sandstorm
|-damage|p1a: Breloom|3/100|[from] Sandstorm
|-heal|p2a: Gengar|35/100|[from] item: Black Sludge
|upkeep
|turn|16
|
|move|p2a: Gengar|Shadow Ball|p1a: Breloom
|-damage|p1a: Breloom|0 fnt
|faint|p1a: Breloom
|
|-weather|Sandstorm|[upkeep]
|-damage|p2a: Gengar|29/100|[from] Sandstorm
|-heal|p2a: Gengar|35/100|[from] item: Black Sludge
|upkeep
|
|switch|p1a: Starmie|Starmie|68/100
|-damage|p1a: Starmie|55/100|[from] Stealth Rock
|turn|17
|
|move|p1a: Starmie|Ice Beam|p2a: Gengar
|-damage|p2a: Gengar|0 fnt
|faint|p2a: Gengar
|
|-weather|Sandstorm|[upkeep]
|-damage|p1a: Starmie|49/100|[from] Sandstorm
|upkeep
|
|switch|p2a: Garchomp|Garchomp, M|44/100
|turn|18
|
|move|p2a: Garchomp|Earthquake|p1a: Starmie
|-damage|p1a: Starmie|0 fnt
|faint|p1a: Starmie
|
|-weather|Sandstorm|[upkeep]
|upkeep
|
|switch|p1a: Garchomp|Garchomp, M|100/100 slp
|-damage|p1a: Garchomp|94/100 slp|[from] Stealth Rock
|turn|19
|
|move|p2a: Garchomp|Earthquake|p1a: Garchomp
|-damage|p1a: Garchomp|44/100 slp
|cant|p1a: Garchomp|slp
|
|-weather|Sandstorm|[upkeep]
|upkeep
|turn|20
|
|move|p2a: Garchomp|Earthquake|p1a: Garchomp
|-damage|p1a: Garchomp|0 fnt
|faint|p1a: Garchomp
|
|-weather|Sandstorm|[upkeep]
|upkeep
|
|switch|p1a: Volcarona|Volcarona, F|100/100
|-damage|p1a: Volcarona|51/100|[from] Stealth Rock
|turn|21
|
|move|p2a: Garchomp|Earthquake|p1a: Volcarona
|-damage|p1a: Volcarona|0 fnt
|faint|p1a: Volcarona
|
|win|wild wereboar
|raw|wine coffee's rating: 1375 &rarr; <strong>1357</strong><br />(-18 for losing)
|raw|wild wereboar's rating: 1406 &rarr; <strong>1424</strong><br />(+18 for winning)
|l|☆wild wereboar
