|j|☆goldfroze
|j|☆BlueHairedLass
|t:|1743094662
|gametype|singles
|player|p1|goldfroze|101|1449
|player|p2|BlueHairedLass|lass-gen1rb|1429
|teamsize|p1|6
|teamsize|p2|6
|gen|5
|tier|[Gen 5] OU
|rated|
|rule|Species Clause: Limit one of each Pokémon
|rule|OHKO Clause: OHKO moves are banned
|rule|Moody Clause: Moody is banned
|rule|Evasion Items Clause: Evasion items are banned
|rule|Evasion Moves Clause: Evasion moves are banned
|rule|Endless Battle Clause: Forcing endless battles is banned
|rule|HP Percentage Mod: HP is shown in percentages
|rule|Evasion Abilities Clause: Evasion abilities are banned
|rule|Sleep Moves Clause: Sleep-inducing moves are banned
|rule|Swagger Clause: Swagger is banned
|rule|Baton Pass Stat Clause: No Baton Passer may have a way to boost its stats
|clearpoke
|poke|p1|Breloom, M|item
|poke|p1|Azelf|item
|poke|p1|Volcarona, F|item
|poke|p1|Dragonite, M|item
|poke|p1|Starmie|item
|poke|p1|Landorus-Therian, M|item
|poke|p2|Ferrothorn, F|item
|poke|p2|Gliscor, F|item
|poke|p2|Starmie|item
|poke|p2|Mamoswine, M|item
|poke|p2|Volcarona, M|item
|poke|p2|Salamence, M|item
|teampreview
|inactive|Battle timer is ON: inactive players will automatically lose when time's up. (requested by goldfroze)
|inactive|BlueHairedLass has 120 seconds left.
|inactive|BlueHairedLass has 90 seconds left.
|
|t:|1743094724
|start
|switch|p1a: Azelf|Azelf|100/100
|switch|p2a: Ferrothorn|Ferrothorn, F|100/100
|turn|1
|
|t:|1743094750
|move|p1a: Azelf|Taunt|p2a: Ferrothorn
|-start|p2a: Ferrothorn|move: Taunt
|move|p2a: Ferrothorn|Power Whip|p1a: Azelf
|-damage|p1a: Azelf|34/100
|
|upkeep
|turn|2
|
|t:|1743094753
|move|p1a: Azelf|Stealth Rock|p2a: Ferrothorn
|-sidestart|p2: BlueHairedLass|move: Stealth Rock
|move|p2a: Ferrothorn|Power Whip|p1a: Azelf|[miss]
|-miss|p2a: Ferrothorn|p1a: Azelf
|
|upkeep
|turn|3
|
|t:|1743094757
|move|p1a: Azelf|Thunder Wave|p2a: Ferrothorn
|-status|p2a: Ferrothorn|par
|-enditem|p2a: Ferrothorn|Lum Berry|[eat]
|-curestatus|p2a: Ferrothorn|par|[msg]
|move|p2a: Ferrothorn|Power Whip|p1a: Azelf
|-damage|p1a: Azelf|0 fnt
|faint|p1a: Azelf
|
|-end|p2a: Ferrothorn|move: Taunt
|upkeep
|
|t:|1743094767
|switch|p1a: Breloom|Breloom, M|100/100
|turn|4
|
|t:|1743094772
|move|p1a: Breloom|Low Sweep|p2a: Ferrothorn
|-supereffective|p2a: Ferrothorn
|-damage|p2a: Ferrothorn|4/100
|-unboost|p2a: Ferrothorn|spe|1
|-damage|p1a: Breloom|88/100|[from] ability: Iron Barbs|[of] p2a: Ferrothorn
|move|p2a: Ferrothorn|Stealth Rock|p1a: Breloom
|-sidestart|p1: goldfroze|move: Stealth Rock
|
|upkeep
|turn|5
|
|t:|1743094777
|move|p1a: Breloom|Bullet Seed|p2a: Ferrothorn
|-resisted|p2a: Ferrothorn
|-damage|p2a: Ferrothorn|0 fnt
|faint|p2a: Ferrothorn
|-hitcount|p2: Ferrothorn|1
|
|upkeep
|
|t:|1743094792
|switch|p2a: Starmie|Starmie|100/100
|-damage|p2a: Starmie|88/100|[from] Stealth Rock
|-item|p2a: Starmie|Air Balloon
|turn|6
|
|t:|1743094796
|move|p2a: Starmie|Ice Beam|p1a: Breloom
|-supereffective|p1a: Breloom
|-damage|p1a: Breloom|0 fnt
|faint|p1a: Breloom
|
|upkeep
|
|t:|1743094800
|switch|p1a: Landorus|Landorus-Therian, M|100/100
|-damage|p1a: Landorus|88/100|[from] Stealth Rock
|-ability|p1a: Landorus|Intimidate|boost
|-unboost|p2a: Starmie|atk|1
|turn|7
|
|t:|1743094805
|move|p1a: Landorus|U-turn|p2a: Starmie
|-supereffective|p2a: Starmie
|-damage|p2a: Starmie|8/100
|-enditem|p2a: Starmie|Air Balloon
|
|t:|1743094808
|switch|p1a: Starmie|Starmie|100/100|[from] U-turn
|-damage|p1a: Starmie|88/100|[from] Stealth Rock
|-item|p1a: Starmie|Air Balloon
|move|p2a: Starmie|Thunder|p1a: Starmie|[miss]
|-miss|p2a: Starmie|p1a: Starmie
|
|upkeep
|turn|8
|
|t:|1743094816
|move|p1a: Starmie|Rapid Spin|p2a: Starmie
|-damage|p2a: Starmie|4/100
|-sideend|p1: goldfroze|Stealth Rock|[from] move: Rapid Spin|[of] p1a: Starmie
|move|p2a: Starmie|Rapid Spin|p1a: Starmie
|-damage|p1a: Starmie|84/100
|-enditem|p1a: Starmie|Air Balloon
|-sideend|p2: BlueHairedLass|Stealth Rock|[from] move: Rapid Spin|[of] p2a: Starmie
|
|upkeep
|turn|9
|
|t:|1743094823
|move|p1a: Starmie|Ice Beam|p2a: Starmie
|-resisted|p2a: Starmie
|-damage|p2a: Starmie|0 fnt
|faint|p2a: Starmie
|
|upkeep
|
|t:|1743094828
|switch|p2a: Salamence|Salamence, M|100/100
|turn|10
|
|t:|1743094840
|move|p1a: Starmie|Ice Beam|p2a: Salamence
|-supereffective|p2a: Salamence
|-enditem|p2a: Salamence|Yache Berry|[eat]
|-enditem|p2a: Salamence|Yache Berry|[weaken]
|-damage|p2a: Salamence|37/100
|move|p2a: Salamence|Dragon Dance|p2a: Salamence
|-boost|p2a: Salamence|atk|1
|-boost|p2a: Salamence|spe|1
|
|upkeep
|turn|11
|
|t:|1743094850
|move|p2a: Salamence|Outrage|p1a: Starmie
|-damage|p1a: Starmie|0 fnt
|faint|p1a: Starmie
|-ability|p2a: Salamence|Moxie|boost
|-boost|p2a: Salamence|atk|1
|
|upkeep
|
|t:|1743094853
|switch|p1a: Landorus|Landorus-Therian, M|88/100
|-ability|p1a: Landorus|Intimidate|boost
|-unboost|p2a: Salamence|atk|1
|turn|12
|
|t:|1743094857
|move|p2a: Salamence|Outrage|p1a: Landorus|[from] lockedmove
|-damage|p1a: Landorus|0 fnt
|faint|p1a: Landorus
|-ability|p2a: Salamence|Moxie|boost
|-boost|p2a: Salamence|atk|1
|-start|p2a: Salamence|confusion|[fatigue]
|
|upkeep
|
|t:|1743094861
|switch|p1a: Dragonite|Dragonite, M|100/100
|turn|13
|
|t:|1743094865
|move|p1a: Dragonite|Extreme Speed|p2a: Salamence
|-damage|p2a: Salamence|1/100
|-activate|p2a: Salamence|confusion
|move|p2a: Salamence|Outrage|p1a: Dragonite
|-supereffective|p1a: Dragonite
|-damage|p1a: Dragonite|0 fnt
|faint|p1a: Dragonite
|-ability|p2a: Salamence|Moxie|boost
|-boost|p2a: Salamence|atk|1
|
|upkeep
|
|t:|1743094874
|switch|p1a: Volcarona|Volcarona, F|100/100
|turn|14
|
|t:|1743094877
|-activate|p2a: Salamence|confusion
|move|p2a: Salamence|Outrage|p1a: Volcarona|[from] lockedmove
|-damage|p1a: Volcarona|0 fnt
|faint|p1a: Volcarona
|-ability|p2a: Salamence|Moxie|boost
|-boost|p2a: Salamence|atk|1
|
|win|BlueHairedLass
|raw|goldfroze's rating: 1449 &rarr; <strong>1428</strong><br />(-21 for losing)
|raw|BlueHairedLass's rating: 1429 &rarr; <strong>1450</strong><br />(+21 for winning)
|l|☆goldfroze
|player|p1|
