|j|☆rahzagoul
|j|☆The Oldfriends
|player|p1|rahzagoul|269
|player|p2|The Oldfriends|275
|teamsize|p1|6
|teamsize|p2|6
|gametype|singles
|gen|5
|tier|[Gen 5] OU
|rated|
|rule|Sleep Clause Mod: Limit one foe put to sleep
|rule|Species Clause: Limit one of each Pokémon
|rule|OHKO Clause: OHKO moves are banned
|rule|Moody Clause: Moody is banned
|rule|Evasion Moves Clause: Evasion moves are banned
|rule|Endless Battle Clause: Forcing endless battles is banned
|rule|HP Percentage Mod: HP is shown in percentages
|rule|Evasion Abilities Clause: Evasion abilities are banned
|rule|Baton Pass Clause: Limit one Baton Passer, can't pass Spe and other stats simultaneously
|rule|Swagger Clause: Swagger is banned
|clearpoke
|poke|p1|Ferrothorn, F|item
|poke|p1|Jellicent, F|item
|poke|p1|Garchomp, F|item
|poke|p1|Landorus-Therian, M|item
|poke|p1|Terrakion|item
|poke|p1|Jirachi|item
|poke|p2|Politoed, M|item
|poke|p2|Ferrothorn, M|item
|poke|p2|Starmie|item
|poke|p2|Keldeo|item
|poke|p2|Latios, M|item
|poke|p2|Tornadus, M|item
|teampreview
|
|start
|switch|p1a: Ferrothorn|Ferrothorn, F|100/100
|switch|p2a: Politoed|Politoed, M|100/100
|-weather|RainDance|[from] ability: Drizzle|[of] p2a: Politoed
|turn|1
|
|move|p2a: Politoed|Hypnosis|p1a: Ferrothorn
|-status|p1a: Ferrothorn|slp
|cant|p1a: Ferrothorn|slp
|
|-weather|RainDance|[upkeep]
|upkeep
|turn|2
|
|switch|p2a: Tornadus|Tornadus, M|100/100
|-curestatus|p1a: Ferrothorn|slp|[msg]
|move|p1a: Ferrothorn|Spikes|p2a: Tornadus
|-sidestart|p2: The Oldfriends|Spikes
|
|-weather|RainDance|[upkeep]
|upkeep
|turn|3
|
|move|p1a: Ferrothorn|Protect|p1a: Ferrothorn
|-singleturn|p1a: Ferrothorn|Protect
|move|p2a: Tornadus|Hurricane|p1a: Ferrothorn
|-activate|p1a: Ferrothorn|move: Protect
|
|-weather|RainDance|[upkeep]
|upkeep
|turn|4
|
|move|p2a: Tornadus|Hurricane|p1a: Ferrothorn
|-damage|p1a: Ferrothorn|38/100
|move|p1a: Ferrothorn|Gyro Ball|p2a: Tornadus
|-damage|p2a: Tornadus|24/100
|
|-weather|RainDance|[upkeep]
|-heal|p1a: Ferrothorn|44/100|[from] item: Leftovers
|upkeep
|turn|5
|
|move|p1a: Ferrothorn|Protect|p1a: Ferrothorn
|-singleturn|p1a: Ferrothorn|Protect
|move|p2a: Tornadus|Hurricane|p1a: Ferrothorn
|-activate|p1a: Ferrothorn|move: Protect
|
|-weather|RainDance|[upkeep]
|-heal|p1a: Ferrothorn|50/100|[from] item: Leftovers
|upkeep
|turn|6
|
|switch|p1a: Jirachi|Jirachi|100/100
|move|p2a: Tornadus|Hurricane|p1a: Jirachi
|-resisted|p1a: Jirachi
|-damage|p1a: Jirachi|55/100
|
|-weather|RainDance|[upkeep]
|-heal|p1a: Jirachi|61/100|[from] item: Leftovers
|upkeep
|turn|7
|
|switch|p1a: Terrakion|Terrakion|100/100
|move|p2a: Tornadus|Hurricane|p1a: Terrakion
|-damage|p1a: Terrakion|0 fnt
|faint|p1a: Terrakion
|
|-weather|RainDance|[upkeep]
|upkeep
|
|switch|p1a: Landorus|Landorus-Therian, M|100/100
|-ability|p1a: Landorus|Intimidate|boost
|-unboost|p2a: Tornadus|atk|1
|turn|8
|
|switch|p2a: Ferrothorn|Ferrothorn, M|100/100
|-damage|p2a: Ferrothorn|88/100|[from] Spikes
|move|p1a: Landorus|Hidden Power|p2a: Ferrothorn
|-damage|p2a: Ferrothorn|74/100
|
|-weather|RainDance|[upkeep]
|upkeep
|turn|9
|
|switch|p1a: Garchomp|Garchomp, F|100/100
|switch|p2a: Tornadus|Tornadus, M|24/100
|
|-weather|RainDance|[upkeep]
|upkeep
|turn|10
|
|move|p2a: Tornadus|Hurricane|p1a: Garchomp
|-damage|p1a: Garchomp|0 fnt
|faint|p1a: Garchomp
|
|-weather|RainDance|[upkeep]
|upkeep
|-message|rahzagoul forfeited.
|
|win|The Oldfriends
|l|☆rahzagoul
|raw|rahzagoul's rating: 1446 &rarr; <strong>1422</strong><br />(-24 for losing)
|raw|The Oldfriends's rating: 1370 &rarr; <strong>1395</strong><br />(+25 for winning)
