|join|IAaronTheBaronI
|join|Eevee in Hanada
|player|p1|IAaronTheBaronI|161
|player|p2|Eevee in Hanada|102
|gametype|singles
|gen|5
|tier|[Gen 5] OU
|rated
|rule|Evasion Abilities Clause: Evasion abilities are banned
|clearpoke
|poke|p1|Ninetales, F
|poke|p1|Charizard, M
|poke|p1|Victreebel, F
|poke|p1|Dragonite, M
|poke|p1|Gengar, M
|poke|p1|Sandslash, M
|poke|p2|Breloom, F
|poke|p2|Swampert, F
|poke|p2|Espeon, F
|poke|p2|Heatran, M
|poke|p2|Salamence, M
|poke|p2|Lucario, M
|rule|Sleep Clause Mod: Limit one foe put to sleep
|rule|Species Clause: Limit one of each Pokémon
|rule|OHKO Clause: OHKO moves are banned
|rule|Moody Clause: Moody is banned
|rule|Evasion Moves Clause: Evasion moves are banned
|rule|Endless Battle Clause: Forcing endless battles is banned
|rule|HP Percentage Mod: HP is shown in percentages
|teampreview
|
|start
|switch|p1a: Ninetales|Ninetales, F|288/288
|switch|p2a: Swampert|Swampert, F|404/404
|-weather|SunnyDay|[from] ability: Drought|[of] p1a: Ninetales
|-item|p1a: Ninetales|Air Balloon
|turn|1
|
|switch|p2a: Heatran|Heatran, M|386/386
|move|p1a: Ninetales|Solar Beam|p2a: Heatran|[still]
|-prepare|p1a: Ninetales|Solar Beam|p2a: Heatran
|-anim|p1a: Ninetales|Solar Beam|p2a: Heatran
|-resisted|p2a: Heatran
|-damage|p2a: Heatran|363/386
|
|-weather|SunnyDay|[upkeep]
|-heal|p2a: Heatran|386/386|[from] item: Leftovers
|turn|2
|
|move|p1a: Ninetales|Confuse Ray|p2a: Heatran
|-start|p2a: Heatran|confusion
|-activate|p2a: Heatran|confusion
|move|p2a: Heatran|Lava Plume|p1a: Ninetales
|-resisted|p1a: Ninetales
|-damage|p1a: Ninetales|198/288
|-enditem|p1a: Ninetales|Air Balloon
|
|-weather|SunnyDay|[upkeep]
|turn|3
|
|switch|p1a: Gengar|Gengar, M|261/261
|-end|p2a: Heatran|confusion
|move|p2a: Heatran|Earth Power|p1a: Gengar
|-immune|p1a: Gengar|[msg]
|
|-weather|SunnyDay|[upkeep]
|turn|4
|
|move|p1a: Gengar|Focus Blast|p2a: Heatran
|-supereffective|p2a: Heatran
|-damage|p2a: Heatran|138/386
|move|p2a: Heatran|Lava Plume|p1a: Gengar
|-enditem|p1a: Gengar|Focus Sash
|-damage|p1a: Gengar|1/261
|
|-weather|SunnyDay|[upkeep]
|-heal|p2a: Heatran|162/386|[from] item: Leftovers
|turn|5
|join|oh my god sake
|
|move|p1a: Gengar|Focus Blast|p2a: Heatran|[miss]
|-miss|p1a: Gengar|p2a: Heatran
|move|p2a: Heatran|Lava Plume|p1a: Gengar
|-damage|p1a: Gengar|0 fnt
|faint|p1a: Gengar
|
|-weather|SunnyDay|[upkeep]
|-heal|p2a: Heatran|186/386|[from] item: Leftovers
|leave|oh my god sake
|
|switch|p1a: Charizard|Charizard, M|298/298
|turn|6
|
|move|p1a: Charizard|Hidden Power|p2a: Heatran
|-supereffective|p2a: Heatran
|-damage|p2a: Heatran|0 fnt
|faint|p2a: Heatran
|
|-weather|SunnyDay|[upkeep]
|-damage|p1a: Charizard|261/298|[from] ability: Solar Power
|
|switch|p2a: Espeon|Espeon, F|272/272
|turn|7
|
|switch|p1a: Sandslash|Sandslash, M|292/292
|move|p2a: Espeon|Psyshock|p1a: Sandslash
|-damage|p1a: Sandslash|102/292
|
|-weather|SunnyDay|[upkeep]
|turn|8
|
|switch|p2a: Swampert|Swampert, F|404/404
|move|p1a: Sandslash|Earthquake|p2a: Swampert
|-damage|p2a: Swampert|238/404
|
|-weather|SunnyDay|[upkeep]
|-heal|p2a: Swampert|263/404|[from] item: Leftovers
|turn|9
|
|move|p1a: Sandslash|Stealth Rock|p2a: Swampert
|-sidestart|p2: Eevee in Hanada|move: Stealth Rock
|move|p2a: Swampert|Stealth Rock|p1a: Sandslash
|-sidestart|p1: IAaronTheBaronI|move: Stealth Rock
|
|-weather|SunnyDay|[upkeep]
|-heal|p2a: Swampert|288/404|[from] item: Leftovers
|turn|10
|
|move|p1a: Sandslash|Rapid Spin|p2a: Swampert
|-crit|p2a: Swampert
|-damage|p2a: Swampert|244/404
|-sideend|p1: IAaronTheBaronI|Stealth Rock|[from] move: Rapid Spin|[of] p1a: Sandslash
|move|p2a: Swampert|Earthquake|p1a: Sandslash
|-damage|p1a: Sandslash|0 fnt
|faint|p1a: Sandslash
|
|-weather|SunnyDay|[upkeep]
|-heal|p2a: Swampert|269/404|[from] item: Leftovers
|
|switch|p1a: Ninetales|Ninetales, F|198/288
|turn|11
|
|switch|p1a: Victreebel|Victreebel, F|301/301
|move|p2a: Swampert|Earthquake|p1a: Victreebel
|-damage|p1a: Victreebel|18/301
|
|-weather|SunnyDay|[upkeep]
|-heal|p2a: Swampert|294/404|[from] item: Leftovers
|turn|12
|
|move|p1a: Victreebel|Leaf Blade|p2a: Swampert
|-crit|p2a: Swampert
|-supereffective|p2a: Swampert
|-damage|p2a: Swampert|0 fnt
|faint|p2a: Swampert
|
|-weather|SunnyDay|[upkeep]
|
|switch|p2a: Lucario|Lucario, M|282/282
|-damage|p2a: Lucario|274/282|[from] Stealth Rock
|turn|13
|
|switch|p1a: Dragonite|Dragonite, M|324/324
|move|p2a: Lucario|Extreme Speed|p1a: Dragonite
|-damage|p1a: Dragonite|276/324
|
|-weather|SunnyDay|[upkeep]
|-heal|p1a: Dragonite|296/324|[from] item: Leftovers
|turn|14
|
|move|p2a: Lucario|Swords Dance|p2a: Lucario
|-boost|p2a: Lucario|atk|2
|move|p1a: Dragonite|Dragon Dance|p1a: Dragonite
|-boost|p1a: Dragonite|atk|1
|-boost|p1a: Dragonite|spe|1
|
|-weather|SunnyDay|[upkeep]
|-heal|p1a: Dragonite|316/324|[from] item: Leftovers
|turn|15
|
|move|p2a: Lucario|Extreme Speed|p1a: Dragonite
|-damage|p1a: Dragonite|127/324
|move|p1a: Dragonite|Dragon Dance|p1a: Dragonite
|-boost|p1a: Dragonite|atk|1
|-boost|p1a: Dragonite|spe|1
|
|-weather|SunnyDay|[upkeep]
|-heal|p1a: Dragonite|147/324|[from] item: Leftovers
|turn|16
|
|move|p2a: Lucario|Extreme Speed|p1a: Dragonite
|-damage|p1a: Dragonite|0 fnt
|faint|p1a: Dragonite
|
|-weather|SunnyDay|[upkeep]
|
|switch|p1a: Charizard|Charizard, M|261/298
|turn|17
|
|move|p2a: Lucario|Extreme Speed|p1a: Charizard
|-damage|p1a: Charizard|41/298
|move|p1a: Charizard|Flamethrower|p2a: Lucario
|-supereffective|p2a: Lucario
|-damage|p2a: Lucario|0 fnt
|faint|p2a: Lucario
|
|-weather|SunnyDay|[upkeep]
|-damage|p1a: Charizard|4/298|[from] ability: Solar Power
|
|switch|p2a: Espeon|Espeon, F|272/272
|-damage|p2a: Espeon|238/272|[from] Stealth Rock
|turn|18
|
|move|p1a: Charizard|Flamethrower|p2a: Espeon
|-damage|p2a: Espeon|0 fnt
|faint|p2a: Espeon
|
|-weather|SunnyDay|[upkeep]
|-damage|p1a: Charizard|0 fnt|[from] ability: Solar Power
|faint|p1a: Charizard
|
|switch|p1a: Victreebel|Victreebel, F|18/301
|switch|p2a: Salamence|Salamence, M|331/331
|-damage|p2a: Salamence|249/331|[from] Stealth Rock
|turn|19
|
|move|p1a: Victreebel|Sleep Powder|p2a: Salamence
|-status|p2a: Salamence|slp
|cant|p2a: Salamence|slp
|
|-weather|SunnyDay|[upkeep]
|turn|20
|
|move|p1a: Victreebel|Growth|p1a: Victreebel
|-boost|p1a: Victreebel|atk|2
|-boost|p1a: Victreebel|spa|2
|cant|p2a: Salamence|slp
|
|-weather|SunnyDay|[upkeep]
|turn|21
|
|move|p1a: Victreebel|Leaf Blade|p2a: Salamence
|-resisted|p2a: Salamence
|-damage|p2a: Salamence|156/331 slp
|cant|p2a: Salamence|slp
|
|-weather|SunnyDay|[upkeep]
|turn|22
|
|move|p1a: Victreebel|Leaf Blade|p2a: Salamence
|-resisted|p2a: Salamence
|-damage|p2a: Salamence|62/331 slp
|-curestatus|p2a: Salamence|slp
|move|p2a: Salamence|Outrage|p1a: Victreebel
|-damage|p1a: Victreebel|0 fnt
|faint|p1a: Victreebel
|-boost|p2a: Salamence|atk|1|[from] ability: Moxie
|
|-weather|SunnyDay|[upkeep]
|
|switch|p1a: Ninetales|Ninetales, F|198/288
|turn|23
|
|move|p2a: Salamence|Outrage|p1a: Ninetales
|-damage|p1a: Ninetales|0 fnt
|faint|p1a: Ninetales
|-boost|p2a: Salamence|atk|1|[from] ability: Moxie
|
|win|Eevee in Hanada
|raw|Ladder updating...
|raw|IAaronTheBaronI's rating: 1343 &rarr; <strong>1319</strong><br />(-24 for losing)
|raw|Eevee in Hanada's rating: 1264 &rarr; <strong>1295</strong><br />(+31 for winning)
|chat|IAaronTheBaronI|gg
|leave|IAaronTheBaronI
|player|p1