|j|☆Gabyy
|j|‽MegaStarUniverse
|t:|1726525956
|gametype|singles
|player|p1|Gabyy|roxanne|1370
|player|p2|MegaStarUniverse|nate|1393
|teamsize|p1|6
|teamsize|p2|6
|gen|5
|tier|[Gen 5] OU
|rated|
|rule|Species Clause: Limit one of each Pokémon
|rule|OHKO Clause: OHKO moves are banned
|rule|Moody Clause: Moody is banned
|rule|Evasion Items Clause: Evasion items are banned
|rule|Evasion Moves Clause: Evasion moves are banned
|rule|Endless Battle Clause: Forcing endless battles is banned
|rule|HP Percentage Mod: HP is shown in percentages
|rule|Evasion Abilities Clause: Evasion abilities are banned
|rule|Sleep Moves Clause: Sleep-inducing moves are banned
|rule|Swagger Clause: Swagger is banned
|rule|Baton Pass Stat Clause: No Baton Passer may have a way to boost its stats
|clearpoke
|poke|p1|Forretress, F|item
|poke|p1|Magnezone|item
|poke|p1|Dragonite, M|item
|poke|p1|Haxorus, F|item
|poke|p1|Latias, F|item
|poke|p1|Gengar, M|item
|poke|p2|Tyranitar, M|item
|poke|p2|Landorus-Therian, M|item
|poke|p2|Keldeo|item
|poke|p2|Latios, M|item
|poke|p2|Jirachi|item
|poke|p2|Garchomp, M|item
|teampreview
|
|t:|1726525960
|start
|switch|p1a: Forretress|Forretress, F|100/100
|switch|p2a: Jirachi|Jirachi|100/100
|turn|1
|inactive|Battle timer is ON: inactive players will automatically lose when time's up. (requested by MegaStarUniverse)
|
|t:|1726525966
|move|p2a: Jirachi|Hidden Power|p1a: Forretress
|-supereffective|p1a: Forretress
|-ability|p1a: Forretress|Sturdy
|-damage|p1a: Forretress|1/100
|move|p1a: Forretress|Stealth Rock|p2a: Jirachi
|-sidestart|p2: MegaStarUniverse|move: Stealth Rock
|
|upkeep
|turn|2
|-enditem|p1a: Forretress|Custap Berry|[eat]
|-activate|p1a: Forretress|item: Custap Berry|[consumed]
|
|t:|1726525973
|move|p1a: Forretress|Explosion|p2a: Jirachi
|-resisted|p2a: Jirachi
|-crit|p2a: Jirachi
|-damage|p2a: Jirachi|23/100
|faint|p1a: Forretress
|move|p2a: Jirachi|Psychic|p1: Forretress|[notarget]
|-fail|p2a: Jirachi
|
|upkeep
|
|t:|1726525985
|switch|p1a: Haxorus|Haxorus, F|100/100
|-ability|p1a: Haxorus|Mold Breaker
|turn|3
|
|t:|1726525990
|move|p2a: Jirachi|Psychic|p1a: Haxorus
|-damage|p1a: Haxorus|40/100
|-unboost|p1a: Haxorus|spd|1
|move|p1a: Haxorus|Dual Chop|p2a: Jirachi
|-resisted|p2a: Jirachi
|-damage|p2a: Jirachi|7/100
|-resisted|p2a: Jirachi
|-damage|p2a: Jirachi|0 fnt
|faint|p2a: Jirachi
|-hitcount|p2: Jirachi|2
|
|upkeep
|
|t:|1726526010
|switch|p2a: Latios|Latios, M|100/100
|-damage|p2a: Latios|88/100|[from] Stealth Rock
|turn|4
|
|t:|1726526014
|move|p2a: Latios|Dragon Pulse|p1a: Haxorus
|-supereffective|p1a: Haxorus
|-damage|p1a: Haxorus|0 fnt
|faint|p1a: Haxorus
|
|upkeep
|
|t:|1726526028
|switch|p1a: Magnezone|Magnezone|100/100
|turn|5
|
|t:|1726526032
|move|p2a: Latios|Dragon Pulse|p1a: Magnezone
|-resisted|p1a: Magnezone
|-damage|p1a: Magnezone|55/100
|move|p1a: Magnezone|Substitute|p1a: Magnezone
|-start|p1a: Magnezone|Substitute
|-damage|p1a: Magnezone|30/100
|
|-heal|p1a: Magnezone|36/100|[from] item: Leftovers
|upkeep
|turn|6
|
|t:|1726526039
|move|p2a: Latios|Dragon Pulse|p1a: Magnezone
|-resisted|p1a: Magnezone
|-end|p1a: Magnezone|Substitute
|move|p1a: Magnezone|Hidden Power|p2a: Latios
|-supereffective|p2a: Latios
|-damage|p2a: Latios|33/100
|
|-heal|p1a: Magnezone|42/100|[from] item: Leftovers
|upkeep
|turn|7
|
|t:|1726526047
|move|p2a: Latios|Dragon Pulse|p1a: Magnezone
|-resisted|p1a: Magnezone
|-damage|p1a: Magnezone|1/100
|move|p1a: Magnezone|Hidden Power|p2a: Latios
|-supereffective|p2a: Latios
|-damage|p2a: Latios|0 fnt
|faint|p2a: Latios
|
|-heal|p1a: Magnezone|7/100|[from] item: Leftovers
|upkeep
|
|t:|1726526061
|switch|p2a: Keldeo|Keldeo|100/100
|-damage|p2a: Keldeo|94/100|[from] Stealth Rock
|turn|8
|
|t:|1726526065
|move|p2a: Keldeo|Surf|p1a: Magnezone
|-damage|p1a: Magnezone|0 fnt
|faint|p1a: Magnezone
|
|upkeep
|
|t:|1726526071
|switch|p1a: Dragonite|Dragonite, M|100/100
|turn|9
|
|t:|1726526074
|switch|p2a: Landorus|Landorus-Therian, M|100/100
|-damage|p2a: Landorus|88/100|[from] Stealth Rock
|-ability|p2a: Landorus|Intimidate|boost
|-unboost|p1a: Dragonite|atk|1
|move|p1a: Dragonite|Dragon Dance|p1a: Dragonite
|-boost|p1a: Dragonite|atk|1
|-boost|p1a: Dragonite|spe|1
|
|upkeep
|turn|10
|
|t:|1726526082
|move|p2a: Landorus|Hidden Power|p1a: Dragonite
|-supereffective|p1a: Dragonite
|-damage|p1a: Dragonite|65/100
|move|p1a: Dragonite|Dragon Dance|p1a: Dragonite
|-boost|p1a: Dragonite|atk|1
|-boost|p1a: Dragonite|spe|1
|
|upkeep
|turn|11
|
|t:|1726526088
|move|p1a: Dragonite|Outrage|p2a: Landorus
|-damage|p2a: Landorus|0 fnt
|faint|p2a: Landorus
|
|upkeep
|
|t:|1726526090
|switch|p2a: Keldeo|Keldeo|94/100
|-damage|p2a: Keldeo|88/100|[from] Stealth Rock
|turn|12
|
|t:|1726526095
|move|p2a: Keldeo|Icy Wind|p1a: Dragonite
|-supereffective|p1a: Dragonite
|-damage|p1a: Dragonite|0 fnt
|faint|p1a: Dragonite
|
|upkeep
|
|t:|1726526100
|switch|p1a: Gengar|Gengar, M|100/100
|turn|13
|
|t:|1726526103
|switch|p2a: Garchomp|Garchomp, M|100/100
|-damage|p2a: Garchomp|94/100|[from] Stealth Rock
|move|p1a: Gengar|Focus Blast|p2a: Garchomp
|-damage|p2a: Garchomp|39/100
|
|upkeep
|turn|14
|
|t:|1726526110
|move|p1a: Gengar|Focus Blast|p2a: Garchomp|[miss]
|-miss|p1a: Gengar|p2a: Garchomp
|move|p2a: Garchomp|Outrage|p1a: Gengar
|-damage|p1a: Gengar|0 fnt
|faint|p1a: Gengar
|-damage|p2a: Garchomp|29/100|[from] item: Life Orb
|
|upkeep
|-message|Gabyy forfeited.
|
|win|MegaStarUniverse
|raw|Gabyy's rating: 1370 &rarr; <strong>1351</strong><br />(-19 for losing)
|raw|MegaStarUniverse's rating: 1393 &rarr; <strong>1412</strong><br />(+19 for winning)
|l|☆Gabyy
|player|p1|
