|join|AfricanPrincess
|join|Dynamo 53
|player|p1|AfricanPrincess|2
|player|p2|Dynamo 53|290
|gametype|singles
|gen|5
|tier|[Gen 5] OU
|rated
|rule|Evasion Abilities Clause: Evasion abilities are banned
|clearpoke
|poke|p1|Jirachi
|poke|p1|Heatran, M
|poke|p1|Celebi
|poke|p1|Gastrodon, M
|poke|p1|Skarmory, M
|poke|p1|Tyranitar, F
|poke|p2|Tyranitar, M
|poke|p2|Landorus-Therian, M
|poke|p2|Heatran, M
|poke|p2|Mew
|poke|p2|Breloom, M
|poke|p2|Starmie
|rule|Sleep Clause Mod: Limit one foe put to sleep
|rule|Species Clause: Limit one of each Pokémon
|rule|OHKO Clause: OHKO moves are banned
|rule|Moody Clause: Moody is banned
|rule|Evasion Moves Clause: Evasion moves are banned
|rule|Endless Battle Clause: Forcing endless battles is banned
|rule|HP Percentage Mod: HP is shown in percentages
|teampreview
|
|start
|switch|p1a: Celebi|Celebi|400/400
|switch|p2a: Breloom|Breloom, M|320/320
|turn|1
|
|move|p2a: Breloom|Protect|p2a: Breloom
|-singleturn|p2a: Breloom|Protect
|move|p1a: Celebi|Hidden Power|p2a: Breloom
|-activate|p2a: Breloom|Protect
|
|-status|p2a: Breloom|tox|[from] item: Toxic Orb
|turn|2
|
|switch|p2a: Tyranitar|Tyranitar, M|404/404
|-weather|Sandstorm|[from] ability: Sand Stream|[of] p2a: Tyranitar
|move|p1a: Celebi|Hidden Power|p2a: Tyranitar
|-resisted|p2a: Tyranitar
|-damage|p2a: Tyranitar|388/404
|
|-weather|Sandstorm|[upkeep]
|-damage|p1a: Celebi|375/400|[from] sandstorm
|-heal|p1a: Celebi|400/400|[from] item: Leftovers
|-heal|p2a: Tyranitar|404/404|[from] item: Leftovers
|turn|3
|
|move|p1a: Celebi|Baton Pass|p1a: Celebi
|
|switch|p1a: Skarmory|Skarmory, M|334/334
|move|p2a: Tyranitar|Stealth Rock|p1a: Skarmory
|-sidestart|p1: AfricanPrincess|move: Stealth Rock
|
|-weather|Sandstorm|[upkeep]
|turn|4
|
|switch|p2a: Mew|Mew|404/404
|move|p1a: Skarmory|Spikes|p2a: Mew
|-sidestart|p2: Dynamo 53|Spikes
|
|-weather|Sandstorm|[upkeep]
|-damage|p2a: Mew|379/404|[from] sandstorm
|-heal|p2a: Mew|404/404|[from] item: Leftovers
|turn|5
|
|switch|p1a: Heatran|Heatran, M|323/323
|-damage|p1a: Heatran|283/323|[from] Stealth Rock
|-item|p1a: Heatran|Air Balloon
|move|p2a: Mew|Taunt|p1a: Heatran
|-start|p1a: Heatran|move: Taunt
|
|-weather|Sandstorm|[upkeep]
|-damage|p2a: Mew|379/404|[from] sandstorm
|-heal|p2a: Mew|404/404|[from] item: Leftovers
|turn|6
|
|move|p1a: Heatran|Lava Plume|p2a: Mew
|-damage|p2a: Mew|262/404
|move|p2a: Mew|Ice Beam|p1a: Heatran
|-resisted|p1a: Heatran
|-damage|p1a: Heatran|265/323
|-enditem|p1a: Heatran|Air Balloon
|
|-weather|Sandstorm|[upkeep]
|-damage|p2a: Mew|237/404|[from] sandstorm
|-heal|p2a: Mew|262/404|[from] item: Leftovers
|turn|7
|
|switch|p2a: Heatran|Heatran, M|386/386
|-damage|p2a: Heatran|338/386|[from] Spikes
|move|p1a: Heatran|Hidden Power|p2a: Heatran
|-resisted|p2a: Heatran
|-damage|p2a: Heatran|325/386
|
|-weather|Sandstorm|[upkeep]
|-heal|p2a: Heatran|349/386|[from] item: Leftovers
|turn|8
|
|move|p2a: Heatran|Protect|p2a: Heatran
|-singleturn|p2a: Heatran|Protect
|move|p1a: Heatran|Earth Power|p2a: Heatran
|-activate|p2a: Heatran|Protect
|
|-weather|Sandstorm|[upkeep]
|-heal|p2a: Heatran|373/386|[from] item: Leftovers
|-end|p1a: Heatran|move: Taunt
|turn|9
|
|move|p1a: Heatran|Earth Power|p2a: Heatran
|-supereffective|p2a: Heatran
|-damage|p2a: Heatran|85/386
|move|p2a: Heatran|Earth Power|p1a: Heatran
|-supereffective|p1a: Heatran
|-damage|p1a: Heatran|0 fnt
|faint|p1a: Heatran
|
|-weather|Sandstorm|[upkeep]
|-heal|p2a: Heatran|109/386|[from] item: Leftovers
|
|switch|p1a: Tyranitar|Tyranitar, F|404/404
|-damage|p1a: Tyranitar|354/404|[from] Stealth Rock
|turn|10
|
|move|p2a: Heatran|Protect|p2a: Heatran
|-singleturn|p2a: Heatran|Protect
|move|p1a: Tyranitar|Pursuit|p2a: Heatran
|-activate|p2a: Heatran|Protect
|
|-weather|Sandstorm|[upkeep]
|-heal|p2a: Heatran|133/386|[from] item: Leftovers
|-heal|p1a: Tyranitar|379/404|[from] item: Leftovers
|turn|11
|
|move|p2a: Heatran|Will-O-Wisp|p1a: Tyranitar
|-status|p1a: Tyranitar|brn
|move|p1a: Tyranitar|Earthquake|p2a: Heatran
|-supereffective|p2a: Heatran
|-damage|p2a: Heatran|0 fnt
|faint|p2a: Heatran
|
|-weather|Sandstorm|[upkeep]
|-heal|p1a: Tyranitar|404/404 brn|[from] item: Leftovers
|-damage|p1a: Tyranitar|354/404 brn|[from] brn
|
|switch|p2a: Landorus-Therian|Landorus-Therian, M|343/343
|-ability|p2a: Landorus-Therian|Intimidate|[of] p1a: Tyranitar
|-unboost|p1a: Tyranitar|atk|1
|turn|12
|
|switch|p1a: Skarmory|Skarmory, M|334/334
|-damage|p1a: Skarmory|293/334|[from] Stealth Rock
|move|p2a: Landorus-Therian|U-turn|p1a: Skarmory
|-resisted|p1a: Skarmory
|-damage|p1a: Skarmory|279/334
|
|switch|p2a: Mew|Mew|262/404
|-damage|p2a: Mew|212/404|[from] Spikes
|
|-weather|Sandstorm|[upkeep]
|-damage|p2a: Mew|187/404|[from] sandstorm
|-heal|p2a: Mew|212/404|[from] item: Leftovers
|-heal|p1a: Skarmory|299/334|[from] item: Leftovers
|turn|13
|
|move|p2a: Mew|Soft-Boiled|p2a: Mew
|-heal|p2a: Mew|404/404
|move|p1a: Skarmory|Brave Bird|p2a: Mew
|-damage|p2a: Mew|310/404
|-damage|p1a: Skarmory|268/334|[from] recoil|[of] p2a: Mew
|
|-weather|Sandstorm|[upkeep]
|-damage|p2a: Mew|285/404|[from] sandstorm
|-heal|p2a: Mew|310/404|[from] item: Leftovers
|-heal|p1a: Skarmory|288/334|[from] item: Leftovers
|turn|14
|
|move|p2a: Mew|Will-O-Wisp|p1a: Skarmory
|-status|p1a: Skarmory|brn
|move|p1a: Skarmory|Brave Bird|p2a: Mew
|-damage|p2a: Mew|267/404
|-damage|p1a: Skarmory|274/334 brn|[from] recoil|[of] p2a: Mew
|
|-weather|Sandstorm|[upkeep]
|-damage|p2a: Mew|242/404|[from] sandstorm
|-heal|p2a: Mew|267/404|[from] item: Leftovers
|-heal|p1a: Skarmory|294/334 brn|[from] item: Leftovers
|-damage|p1a: Skarmory|253/334 brn|[from] brn
|turn|15
|
|switch|p1a: Gastrodon|Gastrodon, M|426/426
|-damage|p1a: Gastrodon|400/426|[from] Stealth Rock
|move|p2a: Mew|Taunt|p1a: Gastrodon
|-start|p1a: Gastrodon|move: Taunt
|
|-weather|Sandstorm|[upkeep]
|-damage|p2a: Mew|242/404|[from] sandstorm
|-heal|p2a: Mew|267/404|[from] item: Leftovers
|-heal|p1a: Gastrodon|426/426|[from] item: Leftovers
|turn|16
|
|move|p2a: Mew|Will-O-Wisp|p1a: Gastrodon
|-status|p1a: Gastrodon|brn
|move|p1a: Gastrodon|Scald|p2a: Mew
|-damage|p2a: Mew|185/404
|-status|p2a: Mew|brn
|
|-weather|Sandstorm|[upkeep]
|-damage|p2a: Mew|160/404 brn|[from] sandstorm
|-heal|p2a: Mew|185/404 brn|[from] item: Leftovers
|-damage|p2a: Mew|135/404 brn|[from] brn
|-damage|p1a: Gastrodon|373/426 brn|[from] brn
|turn|17
|
|switch|p2a: Breloom|Breloom, M|320/320 tox
|-damage|p2a: Breloom|280/320 tox|[from] Spikes
|move|p1a: Gastrodon|Earth Power|p2a: Breloom
|-resisted|p2a: Breloom
|-damage|p2a: Breloom|227/320 tox
|
|-weather|Sandstorm|[upkeep]
|-damage|p2a: Breloom|207/320 tox|[from] sandstorm
|-heal|p1a: Gastrodon|399/426 brn|[from] item: Leftovers
|-heal|p2a: Breloom|247/320 tox|[from] ability: Poison Heal
|-damage|p1a: Gastrodon|346/426 brn|[from] brn
|turn|18
|
|move|p2a: Breloom|Spore|p1a: Gastrodon
|-fail|p1a: Gastrodon
|move|p1a: Gastrodon|Ice Beam|p2a: Breloom
|-supereffective|p2a: Breloom
|-damage|p2a: Breloom|93/320 tox
|
|-weather|Sandstorm|[upkeep]
|-damage|p2a: Breloom|73/320 tox|[from] sandstorm
|-heal|p1a: Gastrodon|372/426 brn|[from] item: Leftovers
|-heal|p2a: Breloom|113/320 tox|[from] ability: Poison Heal
|-damage|p1a: Gastrodon|319/426 brn|[from] brn
|-end|p1a: Gastrodon|move: Taunt
|turn|19
|
|switch|p1a: Celebi|Celebi|400/400
|-damage|p1a: Celebi|350/400|[from] Stealth Rock
|move|p2a: Breloom|Protect|p2a: Breloom
|-fail|p2a: Breloom
|
|-weather|Sandstorm|[upkeep]
|-damage|p1a: Celebi|325/400|[from] sandstorm
|-damage|p2a: Breloom|93/320 tox|[from] sandstorm
|-heal|p1a: Celebi|350/400|[from] item: Leftovers
|-heal|p2a: Breloom|133/320 tox|[from] ability: Poison Heal
|turn|20
|
|move|p2a: Breloom|Protect|p2a: Breloom
|-singleturn|p2a: Breloom|Protect
|move|p1a: Celebi|Hidden Power|p2a: Breloom
|-activate|p2a: Breloom|Protect
|
|-weather|Sandstorm|[upkeep]
|-damage|p1a: Celebi|325/400|[from] sandstorm
|-damage|p2a: Breloom|113/320 tox|[from] sandstorm
|-heal|p1a: Celebi|350/400|[from] item: Leftovers
|-heal|p2a: Breloom|153/320 tox|[from] ability: Poison Heal
|turn|21
|
|switch|p2a: Tyranitar|Tyranitar, M|404/404
|-damage|p2a: Tyranitar|354/404|[from] Spikes
|move|p1a: Celebi|Hidden Power|p2a: Tyranitar
|-resisted|p2a: Tyranitar
|-damage|p2a: Tyranitar|336/404
|
|-weather|Sandstorm|[upkeep]
|-damage|p1a: Celebi|325/400|[from] sandstorm
|-heal|p1a: Celebi|350/400|[from] item: Leftovers
|-heal|p2a: Tyranitar|361/404|[from] item: Leftovers
|turn|22
|
|move|p1a: Celebi|Giga Drain|p2a: Tyranitar
|-supereffective|p2a: Tyranitar
|-damage|p2a: Tyranitar|235/404
|-heal|p1a: Celebi|400/400|[from] drain|[of] p2a: Tyranitar
|move|p2a: Tyranitar|Pursuit|p1a: Celebi
|-supereffective|p1a: Celebi
|-damage|p1a: Celebi|274/400
|
|-weather|Sandstorm|[upkeep]
|-damage|p1a: Celebi|249/400|[from] sandstorm
|-heal|p1a: Celebi|274/400|[from] item: Leftovers
|-heal|p2a: Tyranitar|260/404|[from] item: Leftovers
|turn|23
|
|move|p1a: Celebi|Baton Pass|p1a: Celebi
|
|switch|p1a: Jirachi|Jirachi|341/341
|-damage|p1a: Jirachi|320/341|[from] Stealth Rock
|move|p2a: Tyranitar|Crunch|p1a: Jirachi
|-damage|p1a: Jirachi|176/341
|-unboost|p1a: Jirachi|def|1
|
|-weather|Sandstorm|[upkeep]
|-heal|p2a: Tyranitar|285/404|[from] item: Leftovers
|turn|24
|
|move|p1a: Jirachi|Hidden Power|p2a: Tyranitar
|-damage|p2a: Tyranitar|251/404
|move|p2a: Tyranitar|Crunch|p1a: Jirachi
|-damage|p1a: Jirachi|0 fnt
|faint|p1a: Jirachi
|
|-weather|Sandstorm|[upkeep]
|-heal|p2a: Tyranitar|276/404|[from] item: Leftovers
|
|switch|p1a: Gastrodon|Gastrodon, M|319/426 brn
|-damage|p1a: Gastrodon|293/426 brn|[from] Stealth Rock
|turn|25
|
|switch|p2a: Starmie|Starmie|324/324
|-damage|p2a: Starmie|284/324|[from] Spikes
|move|p1a: Gastrodon|Scald|p2a: Starmie
|-resisted|p2a: Starmie
|-damage|p2a: Starmie|236/324
|
|-weather|Sandstorm|[upkeep]
|-damage|p2a: Starmie|216/324|[from] sandstorm
|-heal|p2a: Starmie|236/324|[from] item: Leftovers
|-heal|p1a: Gastrodon|319/426 brn|[from] item: Leftovers
|-damage|p1a: Gastrodon|266/426 brn|[from] brn
|turn|26
|
|move|p2a: Starmie|Rapid Spin|p1a: Gastrodon
|-damage|p1a: Gastrodon|253/426 brn
|-sideend|p2: Dynamo 53|Spikes|[from] move: Rapid Spin|[of] p2a: Starmie
|move|p1a: Gastrodon|Earth Power|p2a: Starmie
|-damage|p2a: Starmie|119/324
|
|-weather|Sandstorm|[upkeep]
|-damage|p2a: Starmie|99/324|[from] sandstorm
|-heal|p2a: Starmie|119/324|[from] item: Leftovers
|-heal|p1a: Gastrodon|279/426 brn|[from] item: Leftovers
|-damage|p1a: Gastrodon|226/426 brn|[from] brn
|turn|27
|
|move|p2a: Starmie|Recover|p2a: Starmie
|-heal|p2a: Starmie|281/324
|move|p1a: Gastrodon|Earth Power|p2a: Starmie
|-damage|p2a: Starmie|166/324
|
|-weather|Sandstorm|[upkeep]
|-damage|p2a: Starmie|146/324|[from] sandstorm
|-heal|p2a: Starmie|166/324|[from] item: Leftovers
|-heal|p1a: Gastrodon|252/426 brn|[from] item: Leftovers
|-damage|p1a: Gastrodon|199/426 brn|[from] brn
|turn|28
|
|move|p2a: Starmie|Psychic|p1a: Gastrodon
|-damage|p1a: Gastrodon|115/426 brn
|move|p1a: Gastrodon|Recover|p1a: Gastrodon
|-heal|p1a: Gastrodon|328/426 brn
|
|-weather|Sandstorm|[upkeep]
|-damage|p2a: Starmie|146/324|[from] sandstorm
|-heal|p2a: Starmie|166/324|[from] item: Leftovers
|-heal|p1a: Gastrodon|354/426 brn|[from] item: Leftovers
|-damage|p1a: Gastrodon|301/426 brn|[from] brn
|turn|29
|
|switch|p2a: Landorus-Therian|Landorus-Therian, M|343/343
|-ability|p2a: Landorus-Therian|Intimidate|[of] p1a: Gastrodon
|-unboost|p1a: Gastrodon|atk|1
|move|p1a: Gastrodon|Earth Power|p2a: Landorus-Therian
|-immune|p2a: Landorus-Therian|[msg]
|
|-weather|Sandstorm|[upkeep]
|-heal|p1a: Gastrodon|327/426 brn|[from] item: Leftovers
|-damage|p1a: Gastrodon|274/426 brn|[from] brn
|turn|30
|
|switch|p1a: Skarmory|Skarmory, M|253/334 brn
|-damage|p1a: Skarmory|212/334 brn|[from] Stealth Rock
|move|p2a: Landorus-Therian|Earthquake|p1a: Skarmory
|-immune|p1a: Skarmory|[msg]
|
|-weather|Sandstorm|[upkeep]
|-heal|p1a: Skarmory|232/334 brn|[from] item: Leftovers
|-damage|p1a: Skarmory|191/334 brn|[from] brn
|turn|31
|
|switch|p2a: Mew|Mew|135/404 brn
|move|p1a: Skarmory|Spikes|p2a: Mew
|-sidestart|p2: Dynamo 53|Spikes
|
|-weather|Sandstorm|[upkeep]
|-damage|p2a: Mew|110/404 brn|[from] sandstorm
|-heal|p2a: Mew|135/404 brn|[from] item: Leftovers
|-heal|p1a: Skarmory|211/334 brn|[from] item: Leftovers
|-damage|p2a: Mew|85/404 brn|[from] brn
|-damage|p1a: Skarmory|170/334 brn|[from] brn
|turn|32
|
|move|p2a: Mew|Soft-Boiled|p2a: Mew
|-heal|p2a: Mew|287/404 brn
|move|p1a: Skarmory|Spikes|p2a: Mew
|-sidestart|p2: Dynamo 53|Spikes
|
|-weather|Sandstorm|[upkeep]
|-damage|p2a: Mew|262/404 brn|[from] sandstorm
|-heal|p2a: Mew|287/404 brn|[from] item: Leftovers
|-heal|p1a: Skarmory|190/334 brn|[from] item: Leftovers
|-damage|p2a: Mew|237/404 brn|[from] brn
|-damage|p1a: Skarmory|149/334 brn|[from] brn
|turn|33
|
|switch|p1a: Gastrodon|Gastrodon, M|274/426 brn
|-damage|p1a: Gastrodon|248/426 brn|[from] Stealth Rock
|move|p2a: Mew|Taunt|p1a: Gastrodon
|-start|p1a: Gastrodon|move: Taunt
|
|-weather|Sandstorm|[upkeep]
|-damage|p2a: Mew|212/404 brn|[from] sandstorm
|-heal|p2a: Mew|237/404 brn|[from] item: Leftovers
|-heal|p1a: Gastrodon|274/426 brn|[from] item: Leftovers
|-damage|p2a: Mew|187/404 brn|[from] brn
|-damage|p1a: Gastrodon|221/426 brn|[from] brn
|turn|34
|
|move|p2a: Mew|Soft-Boiled|p2a: Mew
|-heal|p2a: Mew|389/404 brn
|move|p1a: Gastrodon|Earth Power|p2a: Mew
|-damage|p2a: Mew|287/404 brn
|
|-weather|Sandstorm|[upkeep]
|-damage|p2a: Mew|262/404 brn|[from] sandstorm
|-heal|p2a: Mew|287/404 brn|[from] item: Leftovers
|-heal|p1a: Gastrodon|247/426 brn|[from] item: Leftovers
|-damage|p2a: Mew|237/404 brn|[from] brn
|-damage|p1a: Gastrodon|194/426 brn|[from] brn
|turn|35
|
|move|p2a: Mew|Ice Beam|p1a: Gastrodon
|-damage|p1a: Gastrodon|136/426 brn
|move|p1a: Gastrodon|Earth Power|p2a: Mew
|-damage|p2a: Mew|135/404 brn
|
|-weather|Sandstorm|[upkeep]
|-damage|p2a: Mew|110/404 brn|[from] sandstorm
|-heal|p2a: Mew|135/404 brn|[from] item: Leftovers
|-heal|p1a: Gastrodon|162/426 brn|[from] item: Leftovers
|-damage|p2a: Mew|85/404 brn|[from] brn
|-damage|p1a: Gastrodon|109/426 brn|[from] brn
|turn|36
|
|move|p2a: Mew|Soft-Boiled|p2a: Mew
|-heal|p2a: Mew|287/404 brn
|move|p1a: Gastrodon|Earth Power|p2a: Mew
|-damage|p2a: Mew|184/404 brn
|-unboost|p2a: Mew|spd|1
|
|-weather|Sandstorm|[upkeep]
|-damage|p2a: Mew|159/404 brn|[from] sandstorm
|-heal|p2a: Mew|184/404 brn|[from] item: Leftovers
|-heal|p1a: Gastrodon|135/426 brn|[from] item: Leftovers
|-damage|p2a: Mew|134/404 brn|[from] brn
|-damage|p1a: Gastrodon|82/426 brn|[from] brn
|-end|p1a: Gastrodon|move: Taunt
|turn|37
|
|move|p2a: Mew|Ice Beam|p1a: Gastrodon
|-damage|p1a: Gastrodon|26/426 brn
|move|p1a: Gastrodon|Earth Power|p2a: Mew
|-damage|p2a: Mew|0 fnt
|faint|p2a: Mew
|
|-weather|Sandstorm|[upkeep]
|-heal|p1a: Gastrodon|52/426 brn|[from] item: Leftovers
|-damage|p1a: Gastrodon|0 fnt|[from] brn
|faint|p1a: Gastrodon
|
|switch|p2a: Starmie|Starmie|166/324
|-damage|p2a: Starmie|112/324|[from] Spikes
|switch|p1a: Celebi|Celebi|274/400
|-damage|p1a: Celebi|224/400|[from] Stealth Rock
|turn|38
|
|move|p2a: Starmie|Rapid Spin|p1a: Celebi
|-damage|p1a: Celebi|215/400
|-sideend|p2: Dynamo 53|Spikes|[from] move: Rapid Spin|[of] p2a: Starmie
|move|p1a: Celebi|Giga Drain|p2a: Starmie
|-supereffective|p2a: Starmie
|-damage|p2a: Starmie|0 fnt
|-heal|p1a: Celebi|271/400|[from] drain|[of] p2a: Starmie
|faint|p2a: Starmie
|
|-weather|Sandstorm|[upkeep]
|-damage|p1a: Celebi|246/400|[from] sandstorm
|-heal|p1a: Celebi|271/400|[from] item: Leftovers
|
|switch|p2a: Landorus-Therian|Landorus-Therian, M|343/343
|-ability|p2a: Landorus-Therian|Intimidate|[of] p1a: Celebi
|-unboost|p1a: Celebi|atk|1
|turn|39
|
|switch|p1a: Skarmory|Skarmory, M|149/334 brn
|-damage|p1a: Skarmory|108/334 brn|[from] Stealth Rock
|move|p2a: Landorus-Therian|U-turn|p1a: Skarmory
|-resisted|p1a: Skarmory
|-damage|p1a: Skarmory|94/334 brn
|
|switch|p2a: Breloom|Breloom, M|153/320 tox
|
|-weather|Sandstorm|[upkeep]
|-damage|p2a: Breloom|133/320 tox|[from] sandstorm
|-heal|p1a: Skarmory|114/334 brn|[from] item: Leftovers
|-damage|p1a: Skarmory|73/334 brn|[from] brn
|-heal|p2a: Breloom|173/320 tox|[from] ability: Poison Heal
|turn|40
|
|move|p1a: Skarmory|Roost|p1a: Skarmory
|-heal|p1a: Skarmory|240/334 brn
|move|p2a: Breloom|Leech Seed|p1a: Skarmory
|-start|p1a: Skarmory|move: Leech Seed
|
|-weather|Sandstorm|[upkeep]
|-damage|p2a: Breloom|153/320 tox|[from] sandstorm
|-heal|p1a: Skarmory|260/334 brn|[from] item: Leftovers
|-damage|p1a: Skarmory|219/334 brn|[from] Leech Seed|[of] p2a: Breloom
|-heal|p2a: Breloom|194/320 tox|[silent]
|-damage|p1a: Skarmory|178/334 brn|[from] brn
|-heal|p2a: Breloom|234/320 tox|[from] ability: Poison Heal
|turn|41
|
|switch|p1a: Celebi|Celebi|271/400
|-damage|p1a: Celebi|221/400|[from] Stealth Rock
|move|p2a: Breloom|Protect|p2a: Breloom
|-fail|p2a: Breloom
|
|-weather|Sandstorm|[upkeep]
|-damage|p1a: Celebi|196/400|[from] sandstorm
|-damage|p2a: Breloom|214/320 tox|[from] sandstorm
|-heal|p1a: Celebi|221/400|[from] item: Leftovers
|-heal|p2a: Breloom|254/320 tox|[from] ability: Poison Heal
|turn|42
|
|move|p2a: Breloom|Protect|p2a: Breloom
|-singleturn|p2a: Breloom|Protect
|move|p1a: Celebi|Hidden Power|p2a: Breloom
|-activate|p2a: Breloom|Protect
|
|-weather|Sandstorm|[upkeep]
|-damage|p1a: Celebi|196/400|[from] sandstorm
|-damage|p2a: Breloom|234/320 tox|[from] sandstorm
|-heal|p1a: Celebi|221/400|[from] item: Leftovers
|-heal|p2a: Breloom|274/320 tox|[from] ability: Poison Heal
|turn|43
|
|switch|p2a: Tyranitar|Tyranitar, M|276/404
|move|p1a: Celebi|Recover|p1a: Celebi
|-heal|p1a: Celebi|400/400
|
|-weather|Sandstorm|[upkeep]
|-damage|p1a: Celebi|375/400|[from] sandstorm
|-heal|p1a: Celebi|400/400|[from] item: Leftovers
|-heal|p2a: Tyranitar|301/404|[from] item: Leftovers
|turn|44
|
|move|p1a: Celebi|Baton Pass|p1a: Celebi
|
|switch|p1a: Tyranitar|Tyranitar, F|354/404 brn
|-damage|p1a: Tyranitar|304/404 brn|[from] Stealth Rock
|move|p2a: Tyranitar|Crunch|p1a: Tyranitar
|-resisted|p1a: Tyranitar
|-damage|p1a: Tyranitar|250/404 brn
|
|-weather|Sandstorm|[upkeep]
|-heal|p2a: Tyranitar|326/404|[from] item: Leftovers
|-heal|p1a: Tyranitar|275/404 brn|[from] item: Leftovers
|-damage|p1a: Tyranitar|225/404 brn|[from] brn
|turn|45
|
|switch|p2a: Landorus-Therian|Landorus-Therian, M|343/343
|-ability|p2a: Landorus-Therian|Intimidate|[of] p1a: Tyranitar
|-unboost|p1a: Tyranitar|atk|1
|move|p1a: Tyranitar|Stealth Rock|p2a: Landorus-Therian
|-sidestart|p2: Dynamo 53|move: Stealth Rock
|
|-weather|Sandstorm|[upkeep]
|-heal|p1a: Tyranitar|250/404 brn|[from] item: Leftovers
|-damage|p1a: Tyranitar|200/404 brn|[from] brn
|turn|46
|
|move|p2a: Landorus-Therian|U-turn|p1a: Tyranitar
|-supereffective|p1a: Tyranitar
|-damage|p1a: Tyranitar|12/404 brn
|
|switch|p2a: Tyranitar|Tyranitar, M|326/404
|-damage|p2a: Tyranitar|276/404|[from] Stealth Rock
|move|p1a: Tyranitar|Superpower|p2a: Tyranitar
|-supereffective|p2a: Tyranitar
|-damage|p2a: Tyranitar|100/404
|-unboost|p1a: Tyranitar|atk|1
|-unboost|p1a: Tyranitar|def|1
|
|-weather|Sandstorm|[upkeep]
|-heal|p1a: Tyranitar|37/404 brn|[from] item: Leftovers
|-heal|p2a: Tyranitar|125/404|[from] item: Leftovers
|-damage|p1a: Tyranitar|0 fnt|[from] brn
|faint|p1a: Tyranitar
|
|switch|p1a: Skarmory|Skarmory, M|178/334 brn
|-damage|p1a: Skarmory|137/334 brn|[from] Stealth Rock
|turn|47
|
|move|p1a: Skarmory|Roost|p1a: Skarmory
|-heal|p1a: Skarmory|304/334 brn
|move|p2a: Tyranitar|Crunch|p1a: Skarmory
|-resisted|p1a: Skarmory
|-damage|p1a: Skarmory|268/334 brn
|
|-weather|Sandstorm|[upkeep]
|-heal|p1a: Skarmory|288/334 brn|[from] item: Leftovers
|-heal|p2a: Tyranitar|150/404|[from] item: Leftovers
|-damage|p1a: Skarmory|247/334 brn|[from] brn
|turn|48
|
|move|p1a: Skarmory|Spikes|p2a: Tyranitar
|-sidestart|p2: Dynamo 53|Spikes
|move|p2a: Tyranitar|Crunch|p1a: Skarmory
|-resisted|p1a: Skarmory
|-damage|p1a: Skarmory|211/334 brn
|
|-weather|Sandstorm|[upkeep]
|-heal|p1a: Skarmory|231/334 brn|[from] item: Leftovers
|-heal|p2a: Tyranitar|175/404|[from] item: Leftovers
|-damage|p1a: Skarmory|190/334 brn|[from] brn
|turn|49
|
|move|p1a: Skarmory|Spikes|p2a: Tyranitar
|-sidestart|p2: Dynamo 53|Spikes
|move|p2a: Tyranitar|Crunch|p1a: Skarmory
|-resisted|p1a: Skarmory
|-damage|p1a: Skarmory|156/334 brn
|
|-weather|Sandstorm|[upkeep]
|-heal|p1a: Skarmory|176/334 brn|[from] item: Leftovers
|-heal|p2a: Tyranitar|200/404|[from] item: Leftovers
|-damage|p1a: Skarmory|135/334 brn|[from] brn
|turn|50
|
|move|p1a: Skarmory|Roost|p1a: Skarmory
|-heal|p1a: Skarmory|302/334 brn
|move|p2a: Tyranitar|Crunch|p1a: Skarmory
|-resisted|p1a: Skarmory
|-damage|p1a: Skarmory|264/334 brn
|
|-weather|Sandstorm|[upkeep]
|-heal|p1a: Skarmory|284/334 brn|[from] item: Leftovers
|-heal|p2a: Tyranitar|225/404|[from] item: Leftovers
|-damage|p1a: Skarmory|243/334 brn|[from] brn
|turn|51
|
|move|p1a: Skarmory|Spikes|p2a: Tyranitar
|-sidestart|p2: Dynamo 53|Spikes
|move|p2a: Tyranitar|Superpower|p1a: Skarmory
|-crit|p1a: Skarmory
|-damage|p1a: Skarmory|96/334 brn
|-unboost|p2a: Tyranitar|atk|1
|-unboost|p2a: Tyranitar|def|1
|
|-weather|Sandstorm|[upkeep]
|-heal|p1a: Skarmory|116/334 brn|[from] item: Leftovers
|-heal|p2a: Tyranitar|250/404|[from] item: Leftovers
|-damage|p1a: Skarmory|75/334 brn|[from] brn
|turn|52
|
|move|p1a: Skarmory|Roost|p1a: Skarmory
|-heal|p1a: Skarmory|242/334 brn
|move|p2a: Tyranitar|Superpower|p1a: Skarmory
|-supereffective|p1a: Skarmory
|-damage|p1a: Skarmory|146/334 brn
|-unboost|p2a: Tyranitar|atk|1
|-unboost|p2a: Tyranitar|def|1
|
|-weather|Sandstorm|[upkeep]
|-heal|p1a: Skarmory|166/334 brn|[from] item: Leftovers
|-heal|p2a: Tyranitar|275/404|[from] item: Leftovers
|-damage|p1a: Skarmory|125/334 brn|[from] brn
|turn|53
|
|move|p1a: Skarmory|Roost|p1a: Skarmory
|-heal|p1a: Skarmory|292/334 brn
|move|p2a: Tyranitar|Crunch|p1a: Skarmory
|-resisted|p1a: Skarmory
|-damage|p1a: Skarmory|273/334 brn
|
|-weather|Sandstorm|[upkeep]
|-heal|p1a: Skarmory|293/334 brn|[from] item: Leftovers
|-heal|p2a: Tyranitar|300/404|[from] item: Leftovers
|-damage|p1a: Skarmory|252/334 brn|[from] brn
|turn|54
|
|move|p2a: Tyranitar|Crunch|p1a: Skarmory
|-resisted|p1a: Skarmory
|-damage|p1a: Skarmory|234/334 brn
|move|p1a: Skarmory|Whirlwind|p2a: Tyranitar
|drag|p2a: Landorus-Therian|Landorus-Therian, M|343/343
|-damage|p2a: Landorus-Therian|301/343|[from] Stealth Rock
|-ability|p2a: Landorus-Therian|Intimidate|[of] p1a: Skarmory
|-unboost|p1a: Skarmory|atk|1
|
|-weather|Sandstorm|[upkeep]
|-heal|p1a: Skarmory|254/334 brn|[from] item: Leftovers
|-damage|p1a: Skarmory|213/334 brn|[from] brn
|turn|55
|
|move|p2a: Landorus-Therian|Hidden Power|p1a: Skarmory
|-damage|p1a: Skarmory|141/334 brn
|move|p1a: Skarmory|Whirlwind|p2a: Landorus-Therian
|drag|p2a: Tyranitar|Tyranitar, M|300/404
|-damage|p2a: Tyranitar|199/404|[from] Spikes
|-damage|p2a: Tyranitar|149/404|[from] Stealth Rock
|
|-weather|Sandstorm|[upkeep]
|-heal|p1a: Skarmory|161/334 brn|[from] item: Leftovers
|-heal|p2a: Tyranitar|174/404|[from] item: Leftovers
|-damage|p1a: Skarmory|120/334 brn|[from] brn
|turn|56
|
|move|p1a: Skarmory|Roost|p1a: Skarmory
|-heal|p1a: Skarmory|287/334 brn
|move|p2a: Tyranitar|Superpower|p1a: Skarmory
|-supereffective|p1a: Skarmory
|-damage|p1a: Skarmory|141/334 brn
|-unboost|p2a: Tyranitar|atk|1
|-unboost|p2a: Tyranitar|def|1
|
|-weather|Sandstorm|[upkeep]
|-heal|p1a: Skarmory|161/334 brn|[from] item: Leftovers
|-heal|p2a: Tyranitar|199/404|[from] item: Leftovers
|-damage|p1a: Skarmory|120/334 brn|[from] brn
|turn|57
|
|move|p1a: Skarmory|Roost|p1a: Skarmory
|-heal|p1a: Skarmory|287/334 brn
|move|p2a: Tyranitar|Crunch|p1a: Skarmory
|-resisted|p1a: Skarmory
|-damage|p1a: Skarmory|264/334 brn
|
|-weather|Sandstorm|[upkeep]
|-heal|p1a: Skarmory|284/334 brn|[from] item: Leftovers
|-heal|p2a: Tyranitar|224/404|[from] item: Leftovers
|-damage|p1a: Skarmory|243/334 brn|[from] brn
|turn|58
|
|move|p1a: Skarmory|Roost|p1a: Skarmory
|-heal|p1a: Skarmory|334/334 brn
|move|p2a: Tyranitar|Superpower|p1a: Skarmory
|-supereffective|p1a: Skarmory
|-damage|p1a: Skarmory|228/334 brn
|-unboost|p2a: Tyranitar|atk|1
|-unboost|p2a: Tyranitar|def|1
|
|-weather|Sandstorm|[upkeep]
|-heal|p1a: Skarmory|248/334 brn|[from] item: Leftovers
|-heal|p2a: Tyranitar|249/404|[from] item: Leftovers
|-damage|p1a: Skarmory|207/334 brn|[from] brn
|turn|59
|
|move|p1a: Skarmory|Brave Bird|p2a: Tyranitar
|-resisted|p2a: Tyranitar
|-damage|p2a: Tyranitar|213/404
|-damage|p1a: Skarmory|195/334 brn|[from] recoil|[of] p2a: Tyranitar
|move|p2a: Tyranitar|Crunch|p1a: Skarmory
|-resisted|p1a: Skarmory
|-damage|p1a: Skarmory|177/334 brn
|-unboost|p1a: Skarmory|def|1
|
|-weather|Sandstorm|[upkeep]
|-heal|p1a: Skarmory|197/334 brn|[from] item: Leftovers
|-heal|p2a: Tyranitar|238/404|[from] item: Leftovers
|-damage|p1a: Skarmory|156/334 brn|[from] brn
|turn|60
|
|move|p1a: Skarmory|Roost|p1a: Skarmory
|-heal|p1a: Skarmory|323/334 brn
|move|p2a: Tyranitar|Crunch|p1a: Skarmory
|-resisted|p1a: Skarmory
|-damage|p1a: Skarmory|296/334 brn
|
|-weather|Sandstorm|[upkeep]
|-heal|p1a: Skarmory|316/334 brn|[from] item: Leftovers
|-heal|p2a: Tyranitar|263/404|[from] item: Leftovers
|-damage|p1a: Skarmory|275/334 brn|[from] brn
|turn|61
|
|move|p2a: Tyranitar|Superpower|p1a: Skarmory
|-damage|p1a: Skarmory|220/334 brn
|-unboost|p2a: Tyranitar|atk|1
|-unboost|p2a: Tyranitar|def|1
|move|p1a: Skarmory|Whirlwind|p2a: Tyranitar
|drag|p2a: Landorus-Therian|Landorus-Therian, M|301/343
|-damage|p2a: Landorus-Therian|259/343|[from] Stealth Rock
|-ability|p2a: Landorus-Therian|Intimidate|[of] p1a: Skarmory
|-unboost|p1a: Skarmory|atk|1
|
|-weather|Sandstorm|[upkeep]
|-heal|p1a: Skarmory|240/334 brn|[from] item: Leftovers
|-damage|p1a: Skarmory|199/334 brn|[from] brn
|turn|62
|
|move|p2a: Landorus-Therian|Stone Edge|p1a: Skarmory|[miss]
|-miss|p2a: Landorus-Therian|p1a: Skarmory
|move|p1a: Skarmory|Whirlwind|p2a: Landorus-Therian
|drag|p2a: Breloom|Breloom, M|274/320 tox
|-damage|p2a: Breloom|194/320 tox|[from] Spikes
|-damage|p2a: Breloom|174/320 tox|[from] Stealth Rock
|
|-weather|Sandstorm|[upkeep]
|-damage|p2a: Breloom|154/320 tox|[from] sandstorm
|-heal|p1a: Skarmory|219/334 brn|[from] item: Leftovers
|-damage|p1a: Skarmory|178/334 brn|[from] brn
|-heal|p2a: Breloom|194/320 tox|[from] ability: Poison Heal
|turn|63
|
|move|p1a: Skarmory|Roost|p1a: Skarmory
|-heal|p1a: Skarmory|334/334 brn
|move|p2a: Breloom|Spore|p1a: Skarmory
|-fail|p1a: Skarmory
|
|-weather|Sandstorm|[upkeep]
|-damage|p2a: Breloom|174/320 tox|[from] sandstorm
|-damage|p1a: Skarmory|293/334 brn|[from] brn
|-heal|p2a: Breloom|214/320 tox|[from] ability: Poison Heal
|turn|64
|
|move|p2a: Breloom|Protect|p2a: Breloom
|-singleturn|p2a: Breloom|Protect
|move|p1a: Skarmory|Whirlwind|p2a: Breloom
|-activate|p2a: Breloom|Protect
|
|-weather|Sandstorm|[upkeep]
|-damage|p2a: Breloom|194/320 tox|[from] sandstorm
|-heal|p1a: Skarmory|313/334 brn|[from] item: Leftovers
|-damage|p1a: Skarmory|272/334 brn|[from] brn
|-heal|p2a: Breloom|234/320 tox|[from] ability: Poison Heal
|turn|65
|
|move|p2a: Breloom|Leech Seed|p1a: Skarmory
|-start|p1a: Skarmory|move: Leech Seed
|move|p1a: Skarmory|Whirlwind|p2a: Breloom
|drag|p2a: Landorus-Therian|Landorus-Therian, M|259/343
|-damage|p2a: Landorus-Therian|217/343|[from] Stealth Rock
|-ability|p2a: Landorus-Therian|Intimidate|[of] p1a: Skarmory
|-unboost|p1a: Skarmory|atk|1
|
|-weather|Sandstorm|[upkeep]
|-heal|p1a: Skarmory|292/334 brn|[from] item: Leftovers
|-damage|p1a: Skarmory|251/334 brn|[from] Leech Seed|[of] p2a: Landorus-Therian
|-heal|p2a: Landorus-Therian|258/343|[silent]
|-damage|p1a: Skarmory|210/334 brn|[from] brn
|turn|66
|
|move|p2a: Landorus-Therian|Stone Edge|p1a: Skarmory|[miss]
|-miss|p2a: Landorus-Therian|p1a: Skarmory
|move|p1a: Skarmory|Whirlwind|p2a: Landorus-Therian
|drag|p2a: Breloom|Breloom, M|234/320 tox
|-damage|p2a: Breloom|214/320 tox|[from] Stealth Rock
|-damage|p2a: Breloom|134/320 tox|[from] Spikes
|
|-weather|Sandstorm|[upkeep]
|-damage|p2a: Breloom|114/320 tox|[from] sandstorm
|-heal|p1a: Skarmory|230/334 brn|[from] item: Leftovers
|-damage|p1a: Skarmory|189/334 brn|[from] Leech Seed|[of] p2a: Breloom
|-heal|p2a: Breloom|155/320 tox|[silent]
|-damage|p1a: Skarmory|148/334 brn|[from] brn
|-heal|p2a: Breloom|195/320 tox|[from] ability: Poison Heal
|turn|67
|
|switch|p1a: Celebi|Celebi|400/400
|-damage|p1a: Celebi|350/400|[from] Stealth Rock
|move|p2a: Breloom|Protect|p2a: Breloom
|-fail|p2a: Breloom
|
|-weather|Sandstorm|[upkeep]
|-damage|p1a: Celebi|325/400|[from] sandstorm
|-damage|p2a: Breloom|175/320 tox|[from] sandstorm
|-heal|p1a: Celebi|350/400|[from] item: Leftovers
|-heal|p2a: Breloom|215/320 tox|[from] ability: Poison Heal
|turn|68
|
|move|p2a: Breloom|Protect|p2a: Breloom
|-singleturn|p2a: Breloom|Protect
|move|p1a: Celebi|Baton Pass|p1a: Celebi
|
|switch|p1a: Skarmory|Skarmory, M|148/334 brn
|-damage|p1a: Skarmory|107/334 brn|[from] Stealth Rock
|
|-weather|Sandstorm|[upkeep]
|-damage|p2a: Breloom|195/320 tox|[from] sandstorm
|-heal|p1a: Skarmory|127/334 brn|[from] item: Leftovers
|-damage|p1a: Skarmory|86/334 brn|[from] brn
|-heal|p2a: Breloom|235/320 tox|[from] ability: Poison Heal
|turn|69
|
|move|p1a: Skarmory|Roost|p1a: Skarmory
|-heal|p1a: Skarmory|253/334 brn
|move|p2a: Breloom|Drain Punch|p1a: Skarmory
|-supereffective|p1a: Skarmory
|-damage|p1a: Skarmory|131/334 brn
|-heal|p2a: Breloom|296/320 tox|[from] drain|[of] p1a: Skarmory
|
|-weather|Sandstorm|[upkeep]
|-damage|p2a: Breloom|276/320 tox|[from] sandstorm
|-heal|p1a: Skarmory|151/334 brn|[from] item: Leftovers
|-damage|p1a: Skarmory|110/334 brn|[from] brn
|-heal|p2a: Breloom|316/320 tox|[from] ability: Poison Heal
|turn|70
|
|move|p1a: Skarmory|Roost|p1a: Skarmory
|-heal|p1a: Skarmory|277/334 brn
|move|p2a: Breloom|Leech Seed|p1a: Skarmory|[miss]
|-miss|p2a: Breloom|p1a: Skarmory
|
|-weather|Sandstorm|[upkeep]
|-damage|p2a: Breloom|296/320 tox|[from] sandstorm
|-heal|p1a: Skarmory|297/334 brn|[from] item: Leftovers
|-damage|p1a: Skarmory|256/334 brn|[from] brn
|-heal|p2a: Breloom|320/320 tox|[from] ability: Poison Heal
|turn|71
|
|move|p2a: Breloom|Spore|p1a: Skarmory
|-fail|p1a: Skarmory
|move|p1a: Skarmory|Whirlwind|p2a: Breloom
|drag|p2a: Tyranitar|Tyranitar, M|263/404
|-damage|p2a: Tyranitar|213/404|[from] Stealth Rock
|-damage|p2a: Tyranitar|112/404|[from] Spikes
|
|-weather|Sandstorm|[upkeep]
|-heal|p1a: Skarmory|276/334 brn|[from] item: Leftovers
|-heal|p2a: Tyranitar|137/404|[from] item: Leftovers
|-damage|p1a: Skarmory|235/334 brn|[from] brn
|turn|72
|
|move|p2a: Tyranitar|Crunch|p1a: Skarmory
|-resisted|p1a: Skarmory
|-damage|p1a: Skarmory|199/334 brn
|move|p1a: Skarmory|Whirlwind|p2a: Tyranitar
|drag|p2a: Breloom|Breloom, M|320/320 tox
|-damage|p2a: Breloom|300/320 tox|[from] Stealth Rock
|-damage|p2a: Breloom|220/320 tox|[from] Spikes
|
|-weather|Sandstorm|[upkeep]
|-damage|p2a: Breloom|200/320 tox|[from] sandstorm
|-heal|p1a: Skarmory|219/334 brn|[from] item: Leftovers
|-damage|p1a: Skarmory|178/334 brn|[from] brn
|-heal|p2a: Breloom|240/320 tox|[from] ability: Poison Heal
|turn|73
|
|switch|p1a: Celebi|Celebi|350/400
|-damage|p1a: Celebi|300/400|[from] Stealth Rock
|move|p2a: Breloom|Leech Seed|p1a: Celebi
|-immune|p1a: Celebi|[msg]
|
|-weather|Sandstorm|[upkeep]
|-damage|p1a: Celebi|275/400|[from] sandstorm
|-damage|p2a: Breloom|220/320 tox|[from] sandstorm
|-heal|p1a: Celebi|300/400|[from] item: Leftovers
|-heal|p2a: Breloom|260/320 tox|[from] ability: Poison Heal
|turn|74
|
|move|p2a: Breloom|Protect|p2a: Breloom
|-singleturn|p2a: Breloom|Protect
|move|p1a: Celebi|Hidden Power|p2a: Breloom
|-activate|p2a: Breloom|Protect
|
|-weather|Sandstorm|[upkeep]
|-damage|p1a: Celebi|275/400|[from] sandstorm
|-damage|p2a: Breloom|240/320 tox|[from] sandstorm
|-heal|p1a: Celebi|300/400|[from] item: Leftovers
|-heal|p2a: Breloom|280/320 tox|[from] ability: Poison Heal
|turn|75
|
|move|p1a: Celebi|Hidden Power|p2a: Breloom
|-supereffective|p2a: Breloom
|-damage|p2a: Breloom|128/320 tox
|move|p2a: Breloom|Spore|p1a: Celebi
|-status|p1a: Celebi|slp
|
|-weather|Sandstorm|[upkeep]
|-damage|p1a: Celebi|275/400 slp|[from] sandstorm
|-damage|p2a: Breloom|108/320 tox|[from] sandstorm
|-heal|p1a: Celebi|300/400 slp|[from] item: Leftovers
|-heal|p2a: Breloom|148/320 tox|[from] ability: Poison Heal
|turn|76
|
|cant|p1a: Celebi|slp
|move|p2a: Breloom|Drain Punch|p1a: Celebi
|-resisted|p1a: Celebi
|-damage|p1a: Celebi|249/400 slp
|-heal|p2a: Breloom|174/320 tox|[from] drain|[of] p1a: Celebi
|
|-weather|Sandstorm|[upkeep]
|-damage|p1a: Celebi|224/400 slp|[from] sandstorm
|-damage|p2a: Breloom|154/320 tox|[from] sandstorm
|-heal|p1a: Celebi|249/400 slp|[from] item: Leftovers
|-heal|p2a: Breloom|194/320 tox|[from] ability: Poison Heal
|turn|77
|
|cant|p1a: Celebi|slp
|move|p2a: Breloom|Drain Punch|p1a: Celebi
|-crit|p1a: Celebi
|-resisted|p1a: Celebi
|-damage|p1a: Celebi|131/400 slp
|-heal|p2a: Breloom|253/320 tox|[from] drain|[of] p1a: Celebi
|
|-weather|Sandstorm|[upkeep]
|-damage|p1a: Celebi|106/400 slp|[from] sandstorm
|-damage|p2a: Breloom|233/320 tox|[from] sandstorm
|-heal|p1a: Celebi|131/400 slp|[from] item: Leftovers
|-heal|p2a: Breloom|273/320 tox|[from] ability: Poison Heal
|turn|78
|
|cant|p1a: Celebi|slp
|move|p2a: Breloom|Drain Punch|p1a: Celebi
|-resisted|p1a: Celebi
|-damage|p1a: Celebi|74/400 slp
|-heal|p2a: Breloom|302/320 tox|[from] drain|[of] p1a: Celebi
|
|-weather|Sandstorm|[upkeep]
|-damage|p1a: Celebi|49/400 slp|[from] sandstorm
|-damage|p2a: Breloom|282/320 tox|[from] sandstorm
|-heal|p1a: Celebi|74/400 slp|[from] item: Leftovers
|-heal|p2a: Breloom|320/320 tox|[from] ability: Poison Heal
|turn|79
|
|-curestatus|p1a: Celebi|slp
|move|p1a: Celebi|Recover|p1a: Celebi
|-heal|p1a: Celebi|274/400
|move|p2a: Breloom|Spore|p1a: Celebi
|-status|p1a: Celebi|slp
|
|-weather|Sandstorm|[upkeep]
|-damage|p1a: Celebi|249/400 slp|[from] sandstorm
|-damage|p2a: Breloom|300/320 tox|[from] sandstorm
|-heal|p1a: Celebi|274/400 slp|[from] item: Leftovers
|-heal|p2a: Breloom|320/320 tox|[from] ability: Poison Heal
|turn|80
|
|switch|p2a: Landorus-Therian|Landorus-Therian, M|258/343
|-damage|p2a: Landorus-Therian|216/343|[from] Stealth Rock
|-ability|p2a: Landorus-Therian|Intimidate|[of] p1a: Celebi
|-unboost|p1a: Celebi|atk|1
|cant|p1a: Celebi|slp
|
|-weather|Sandstorm|[upkeep]
|-damage|p1a: Celebi|249/400 slp|[from] sandstorm
|-heal|p1a: Celebi|274/400 slp|[from] item: Leftovers
|turn|81
|
|switch|p1a: Skarmory|Skarmory, M|178/334 brn
|-damage|p1a: Skarmory|137/334 brn|[from] Stealth Rock
|move|p2a: Landorus-Therian|Hidden Power|p1a: Skarmory
|-damage|p1a: Skarmory|53/334 brn
|
|-weather|Sandstorm|[upkeep]
|-heal|p1a: Skarmory|73/334 brn|[from] item: Leftovers
|-damage|p1a: Skarmory|32/334 brn|[from] brn
|turn|82
|
|move|p2a: Landorus-Therian|Hidden Power|p1a: Skarmory
|-damage|p1a: Skarmory|0 fnt
|faint|p1a: Skarmory
|
|-weather|Sandstorm|[upkeep]
|
|switch|p1a: Celebi|Celebi|274/400
|-damage|p1a: Celebi|224/400|[from] Stealth Rock
|turn|83
|
|switch|p2a: Tyranitar|Tyranitar, M|137/404
|-damage|p2a: Tyranitar|87/404|[from] Stealth Rock
|-damage|p2a: Tyranitar|0 fnt|[from] Spikes
|faint|p2a: Tyranitar
|move|p1a: Celebi|Giga Drain|p2: Tyranitar|[notarget]
|-notarget
|
|-weather|Sandstorm|[upkeep]
|-damage|p1a: Celebi|199/400|[from] sandstorm
|-heal|p1a: Celebi|224/400|[from] item: Leftovers
|c|★AfricanPrincess|gg
|c|★Dynamo 53|gg
|
|switch|p2a: Landorus-Therian|Landorus-Therian, M|216/343
|-damage|p2a: Landorus-Therian|174/343|[from] Stealth Rock
|-ability|p2a: Landorus-Therian|Intimidate|[of] p1a: Celebi
|-unboost|p1a: Celebi|atk|1
|turn|84
|
|move|p2a: Landorus-Therian|U-turn|p1a: Celebi
|-supereffective|p1a: Celebi
|-damage|p1a: Celebi|0 fnt
|faint|p1a: Celebi
|
|win|Dynamo 53
|raw|Ladder updating...
|raw|AfricanPrincess's rating: 1359 &rarr; <strong>1343</strong><br />(-16 for losing)
|raw|Dynamo 53's rating: 1432 &rarr; <strong>1447</strong><br />(+15 for winning)