|j|back to the summit
|j|Florent77
|player|p1|back to the summit|102
|player|p2|Florent77|266
|gametype|singles
|gen|5
|tier|[Gen 5] OU
|rated
|seed|
|rule|Evasion Abilities Clause: Evasion abilities are banned
|rule|Baton Pass Clause: Limit one Baton Passer, can't pass Spe and other stats simultaneously
|rule|Swagger Clause: Swagger is banned
|clearpoke
|poke|p1|Gyarados, M|item
|poke|p1|Politoed, F|item
|poke|p1|Latios, M|item
|poke|p1|Ferrothorn, M|item
|poke|p1|Starmie|item
|poke|p1|Garchomp, F|item
|poke|p2|Chansey, F|item
|poke|p2|Skarmory, F|item
|poke|p2|Politoed, F|item
|poke|p2|Toxicroak, M|item
|poke|p2|Ferrothorn, F|item
|poke|p2|Tentacruel, F|item
|rule|Sleep Clause Mod: Limit one foe put to sleep
|rule|Species Clause: Limit one of each Pokémon
|rule|OHKO Clause: OHKO moves are banned
|rule|Moody Clause: Moody is banned
|rule|Evasion Moves Clause: Evasion moves are banned
|rule|Endless Battle Clause: Forcing endless battles is banned
|rule|HP Percentage Mod: HP is shown in percentages
|teampreview
|choice||
|
|start
|switch|p1a: Latios|Latios, M|100/100
|switch|p2a: Politoed|Politoed, F|100/100
|-weather|RainDance|[from] ability: Drizzle|[of] p2a: Politoed
|turn|1
|choice||
|
|move|p2a: Politoed|Protect|p2a: Politoed
|-singleturn|p2a: Politoed|Protect
|move|p1a: Latios|Psyshock|p2a: Politoed
|-activate|p2a: Politoed|Protect
|
|-weather|RainDance|[upkeep]
|turn|2
|choice||
|
|switch|p2a: Ferrothorn|Ferrothorn, F|100/100
|move|p1a: Latios|Psyshock|p2a: Ferrothorn
|-resisted|p2a: Ferrothorn
|-damage|p2a: Ferrothorn|81/100
|
|-weather|RainDance|[upkeep]
|-heal|p2a: Ferrothorn|87/100|[from] item: Leftovers
|turn|3
|choice||
|
|switch|p1a: Ferrothorn|Ferrothorn, M|100/100
|move|p2a: Ferrothorn|Thunder Wave|p1a: Ferrothorn
|-status|p1a: Ferrothorn|par
|
|-weather|RainDance|[upkeep]
|-heal|p2a: Ferrothorn|93/100|[from] item: Leftovers
|turn|4
|choice||
|
|move|p2a: Ferrothorn|Stealth Rock|p1a: Ferrothorn
|-sidestart|p1: back to the summit|move: Stealth Rock
|move|p1a: Ferrothorn|Stealth Rock|p2a: Ferrothorn
|-sidestart|p2: Florent77|move: Stealth Rock
|
|-weather|RainDance|[upkeep]
|-heal|p2a: Ferrothorn|99/100|[from] item: Leftovers
|turn|5
|choice||
|
|switch|p2a: Tentacruel|Tentacruel, F|100/100
|-damage|p2a: Tentacruel|88/100|[from] Stealth Rock
|cant|p1a: Ferrothorn|par
|
|-weather|RainDance|[upkeep]
|-heal|p2a: Tentacruel|94/100|[from] ability: Rain Dish
|-heal|p2a: Tentacruel|99/100|[from] item: Black Sludge
|turn|6
|choice||
|
|move|p2a: Tentacruel|Rapid Spin|p1a: Ferrothorn
|-resisted|p1a: Ferrothorn
|-damage|p1a: Ferrothorn|99/100 par
|-damage|p2a: Tentacruel|88/100|[from] ability: Iron Barbs|[of] p1a: Ferrothorn
|-sideend|p2: Florent77|Stealth Rock|[from] move: Rapid Spin|[of] p2a: Tentacruel
|move|p1a: Ferrothorn|Leech Seed|p2a: Tentacruel
|-start|p2a: Tentacruel|move: Leech Seed
|
|-weather|RainDance|[upkeep]
|-heal|p2a: Tentacruel|94/100|[from] ability: Rain Dish
|-heal|p2a: Tentacruel|99/100|[from] item: Black Sludge
|-heal|p1a: Ferrothorn|100/100 par|[from] item: Leftovers
|-damage|p2a: Tentacruel|88/100|[from] Leech Seed|[of] p1a: Ferrothorn
|turn|7
|choice||
|
|switch|p2a: Toxicroak|Toxicroak, M|100/100
|move|p1a: Ferrothorn|Stealth Rock|p2a: Toxicroak
|-sidestart|p2: Florent77|move: Stealth Rock
|
|-weather|RainDance|[upkeep]
|turn|8
|choice||
|
|switch|p1a: Garchomp|Garchomp, F|100/100
|-damage|p1a: Garchomp|94/100|[from] Stealth Rock
|move|p2a: Toxicroak|Substitute|p2a: Toxicroak
|-start|p2a: Toxicroak|Substitute
|-damage|p2a: Toxicroak|76/100
|
|-weather|RainDance|[upkeep]
|-heal|p2a: Toxicroak|88/100|[from] ability: Dry Skin
|-heal|p2a: Toxicroak|94/100|[from] item: Black Sludge
|turn|9
|choice||
|
|move|p1a: Garchomp|Substitute|p1a: Garchomp
|-start|p1a: Garchomp|Substitute
|-damage|p1a: Garchomp|69/100
|move|p2a: Toxicroak|Ice Punch|p1a: Garchomp
|-supereffective|p1a: Garchomp
|-end|p1a: Garchomp|Substitute
|
|-weather|RainDance|[upkeep]
|-heal|p2a: Toxicroak|100/100|[from] ability: Dry Skin
|turn|10
|choice||
|
|switch|p1a: Ferrothorn|Ferrothorn, M|100/100 par
|-damage|p1a: Ferrothorn|95/100 par|[from] Stealth Rock
|move|p2a: Toxicroak|Ice Punch|p1a: Ferrothorn
|-damage|p1a: Ferrothorn|83/100 par
|-damage|p2a: Toxicroak|88/100|[from] ability: Iron Barbs|[of] p1a: Ferrothorn
|
|-weather|RainDance|[upkeep]
|-heal|p2a: Toxicroak|100/100|[from] ability: Dry Skin
|-heal|p1a: Ferrothorn|89/100 par|[from] item: Leftovers
|turn|11
|choice||
|
|move|p2a: Toxicroak|Ice Punch|p1a: Ferrothorn
|-damage|p1a: Ferrothorn|77/100 par
|-damage|p2a: Toxicroak|88/100|[from] ability: Iron Barbs|[of] p1a: Ferrothorn
|move|p1a: Ferrothorn|Gyro Ball|p2a: Toxicroak
|-end|p2a: Toxicroak|Substitute
|
|-weather|RainDance|[upkeep]
|-heal|p2a: Toxicroak|100/100|[from] ability: Dry Skin
|-heal|p1a: Ferrothorn|83/100 par|[from] item: Leftovers
|turn|12
|choice||
|
|move|p2a: Toxicroak|Substitute|p2a: Toxicroak
|-start|p2a: Toxicroak|Substitute
|-damage|p2a: Toxicroak|76/100
|move|p1a: Ferrothorn|Gyro Ball|p2a: Toxicroak
|-end|p2a: Toxicroak|Substitute
|
|-weather|RainDance|[upkeep]
|-heal|p2a: Toxicroak|88/100|[from] ability: Dry Skin
|-heal|p2a: Toxicroak|94/100|[from] item: Black Sludge
|-heal|p1a: Ferrothorn|89/100 par|[from] item: Leftovers
|turn|13
|choice||
|
|move|p2a: Toxicroak|Substitute|p2a: Toxicroak
|-start|p2a: Toxicroak|Substitute
|-damage|p2a: Toxicroak|69/100
|move|p1a: Ferrothorn|Gyro Ball|p2a: Toxicroak
|-end|p2a: Toxicroak|Substitute
|
|-weather|RainDance|[upkeep]
|-heal|p2a: Toxicroak|82/100|[from] ability: Dry Skin
|-heal|p2a: Toxicroak|88/100|[from] item: Black Sludge
|-heal|p1a: Ferrothorn|95/100 par|[from] item: Leftovers
|turn|14
|choice||
|
|switch|p1a: Starmie|Starmie|100/100
|-damage|p1a: Starmie|88/100|[from] Stealth Rock
|move|p2a: Toxicroak|Substitute|p2a: Toxicroak
|-start|p2a: Toxicroak|Substitute
|-damage|p2a: Toxicroak|63/100
|
|-weather|RainDance|[upkeep]
|-heal|p2a: Toxicroak|76/100|[from] ability: Dry Skin
|-heal|p2a: Toxicroak|82/100|[from] item: Black Sludge
|turn|15
|choice||
|
|move|p1a: Starmie|Psyshock|p2a: Toxicroak
|-supereffective|p2a: Toxicroak
|-end|p2a: Toxicroak|Substitute
|-damage|p1a: Starmie|78/100|[from] item: Life Orb
|move|p2a: Toxicroak|Drain Punch|p1a: Starmie
|-resisted|p1a: Starmie
|-damage|p1a: Starmie|59/100
|-heal|p2a: Toxicroak|89/100|[from] drain|[of] p1a: Starmie
|
|-weather|RainDance|[upkeep]
|-heal|p2a: Toxicroak|100/100|[from] ability: Dry Skin
|turn|16
|choice||
|
|switch|p2a: Ferrothorn|Ferrothorn, F|99/100
|-damage|p2a: Ferrothorn|93/100|[from] Stealth Rock
|move|p1a: Starmie|Hydro Pump|p2a: Ferrothorn
|-resisted|p2a: Ferrothorn
|-damage|p2a: Ferrothorn|49/100
|-damage|p1a: Starmie|49/100|[from] item: Life Orb
|
|-weather|RainDance|[upkeep]
|-heal|p2a: Ferrothorn|55/100|[from] item: Leftovers
|turn|17
|choice||
|
|move|p1a: Starmie|Hydro Pump|p2a: Ferrothorn
|-resisted|p2a: Ferrothorn
|-damage|p2a: Ferrothorn|23/100
|-damage|p1a: Starmie|39/100|[from] item: Life Orb
|move|p2a: Ferrothorn|Leech Seed|p1a: Starmie
|-start|p1a: Starmie|move: Leech Seed
|
|-weather|RainDance|[upkeep]
|-heal|p2a: Ferrothorn|29/100|[from] item: Leftovers
|-damage|p1a: Starmie|27/100|[from] Leech Seed|[of] p2a: Ferrothorn
|-heal|p2a: Ferrothorn|38/100|[silent]
|turn|18
|choice||
|
|switch|p1a: Ferrothorn|Ferrothorn, M|95/100 par
|-damage|p1a: Ferrothorn|89/100 par|[from] Stealth Rock
|switch|p2a: Chansey|Chansey, F|100/100
|-damage|p2a: Chansey|88/100|[from] Stealth Rock
|
|-weather|RainDance|[upkeep]
|-heal|p1a: Ferrothorn|95/100 par|[from] item: Leftovers
|turn|19
|choice||
|
|switch|p2a: Skarmory|Skarmory, F|100/100
|-damage|p2a: Skarmory|88/100|[from] Stealth Rock
|move|p1a: Ferrothorn|Leech Seed|p2a: Skarmory
|-start|p2a: Skarmory|move: Leech Seed
|
|-weather|RainDance|[upkeep]
|-heal|p2a: Skarmory|94/100|[from] item: Leftovers
|-heal|p1a: Ferrothorn|100/100 par|[from] item: Leftovers
|-damage|p2a: Skarmory|82/100|[from] Leech Seed|[of] p1a: Ferrothorn
|turn|20
|choice||
|
|switch|p1a: Starmie|Starmie|27/100
|-damage|p1a: Starmie|14/100|[from] Stealth Rock
|move|p2a: Skarmory|Drill Peck|p1a: Starmie
|-damage|p1a: Starmie|0 fnt
|faint|p1a: Starmie
|
|-weather|RainDance|[upkeep]
|-heal|p2a: Skarmory|88/100|[from] item: Leftovers
|choice||
|
|switch|p1a: Politoed|Politoed, F|100/100
|-damage|p1a: Politoed|88/100|[from] Stealth Rock
|turn|21
|choice||
|
|switch|p1a: Latios|Latios, M|100/100
|-damage|p1a: Latios|88/100|[from] Stealth Rock
|switch|p2a: Tentacruel|Tentacruel, F|88/100
|-damage|p2a: Tentacruel|75/100|[from] Stealth Rock
|
|-weather|RainDance|[upkeep]
|-heal|p2a: Tentacruel|81/100|[from] ability: Rain Dish
|-heal|p2a: Tentacruel|87/100|[from] item: Black Sludge
|turn|22
|j|rujjtrainer
|l|rujjtrainer
|choice||
|
|switch|p2a: Ferrothorn|Ferrothorn, F|38/100
|-damage|p2a: Ferrothorn|32/100|[from] Stealth Rock
|move|p1a: Latios|Psyshock|p2a: Ferrothorn
|-resisted|p2a: Ferrothorn
|-damage|p2a: Ferrothorn|11/100
|
|-weather|RainDance|[upkeep]
|-heal|p2a: Ferrothorn|18/100|[from] item: Leftovers
|turn|23
|choice||
|
|move|p1a: Latios|Psyshock|p2a: Ferrothorn
|-resisted|p2a: Ferrothorn
|-damage|p2a: Ferrothorn|0 fnt
|faint|p2a: Ferrothorn
|
|-weather|RainDance|[upkeep]
|choice||
|
|switch|p2a: Chansey|Chansey, F|88/100
|-damage|p2a: Chansey|76/100|[from] Stealth Rock
|turn|24
|choice||
|
|move|p1a: Latios|Psyshock|p2a: Chansey
|-damage|p2a: Chansey|35/100
|move|p2a: Chansey|Soft-Boiled|p2a: Chansey
|-heal|p2a: Chansey|85/100
|
|-weather|RainDance|[upkeep]
|turn|25
|choice||
|
|switch|p1a: Ferrothorn|Ferrothorn, M|100/100 par
|-damage|p1a: Ferrothorn|95/100 par|[from] Stealth Rock
|move|p2a: Chansey|Thunder Wave|p1a: Ferrothorn
|-fail|p1a: Ferrothorn|par
|
|-weather|RainDance|[upkeep]
|-heal|p1a: Ferrothorn|100/100 par|[from] item: Leftovers
|turn|26
|choice||
|
|switch|p2a: Tentacruel|Tentacruel, F|87/100
|-damage|p2a: Tentacruel|75/100|[from] Stealth Rock
|move|p1a: Ferrothorn|Leech Seed|p2a: Tentacruel
|-start|p2a: Tentacruel|move: Leech Seed
|
|-weather|RainDance|[upkeep]
|-heal|p2a: Tentacruel|81/100|[from] ability: Rain Dish
|-heal|p2a: Tentacruel|87/100|[from] item: Black Sludge
|-damage|p2a: Tentacruel|75/100|[from] Leech Seed|[of] p1a: Ferrothorn
|turn|27
|choice||
|
|move|p2a: Tentacruel|Rapid Spin|p1a: Ferrothorn
|-resisted|p1a: Ferrothorn
|-damage|p1a: Ferrothorn|99/100 par
|-damage|p2a: Tentacruel|62/100|[from] ability: Iron Barbs|[of] p1a: Ferrothorn
|-end|p2a: Tentacruel|Leech Seed|[from] move: Rapid Spin|[of] p2a: Tentacruel
|-sideend|p2: Florent77|Stealth Rock|[from] move: Rapid Spin|[of] p2a: Tentacruel
|move|p1a: Ferrothorn|Stealth Rock|p2a: Tentacruel
|-sidestart|p2: Florent77|move: Stealth Rock
|
|-weather|RainDance|[upkeep]
|-heal|p2a: Tentacruel|68/100|[from] ability: Rain Dish
|-heal|p2a: Tentacruel|74/100|[from] item: Black Sludge
|-heal|p1a: Ferrothorn|100/100 par|[from] item: Leftovers
|turn|28
|choice||
|
|move|p2a: Tentacruel|Rapid Spin|p1a: Ferrothorn
|-resisted|p1a: Ferrothorn
|-damage|p1a: Ferrothorn|99/100 par
|-damage|p2a: Tentacruel|62/100|[from] ability: Iron Barbs|[of] p1a: Ferrothorn
|-sideend|p2: Florent77|Stealth Rock|[from] move: Rapid Spin|[of] p2a: Tentacruel
|move|p1a: Ferrothorn|Leech Seed|p2a: Tentacruel
|-start|p2a: Tentacruel|move: Leech Seed
|
|-weather|RainDance|[upkeep]
|-heal|p2a: Tentacruel|68/100|[from] ability: Rain Dish
|-heal|p2a: Tentacruel|74/100|[from] item: Black Sludge
|-heal|p1a: Ferrothorn|100/100 par|[from] item: Leftovers
|-damage|p2a: Tentacruel|62/100|[from] Leech Seed|[of] p1a: Ferrothorn
|turn|29
|choice||
|
|move|p2a: Tentacruel|Rapid Spin|p1a: Ferrothorn
|-resisted|p1a: Ferrothorn
|-damage|p1a: Ferrothorn|99/100 par
|-damage|p2a: Tentacruel|49/100|[from] ability: Iron Barbs|[of] p1a: Ferrothorn
|-end|p2a: Tentacruel|Leech Seed|[from] move: Rapid Spin|[of] p2a: Tentacruel
|move|p1a: Ferrothorn|Stealth Rock|p2a: Tentacruel
|-sidestart|p2: Florent77|move: Stealth Rock
|
|-weather|RainDance|[upkeep]
|-heal|p2a: Tentacruel|55/100|[from] ability: Rain Dish
|-heal|p2a: Tentacruel|61/100|[from] item: Black Sludge
|-heal|p1a: Ferrothorn|100/100 par|[from] item: Leftovers
|turn|30
|choice||
|
|move|p2a: Tentacruel|Rapid Spin|p1a: Ferrothorn
|-resisted|p1a: Ferrothorn
|-damage|p1a: Ferrothorn|99/100 par
|-damage|p2a: Tentacruel|49/100|[from] ability: Iron Barbs|[of] p1a: Ferrothorn
|-sideend|p2: Florent77|Stealth Rock|[from] move: Rapid Spin|[of] p2a: Tentacruel
|move|p1a: Ferrothorn|Gyro Ball|p2a: Tentacruel
|-resisted|p2a: Tentacruel
|-damage|p2a: Tentacruel|27/100
|
|-weather|RainDance|[upkeep]
|-heal|p2a: Tentacruel|33/100|[from] ability: Rain Dish
|-heal|p2a: Tentacruel|39/100|[from] item: Black Sludge
|-heal|p1a: Ferrothorn|100/100 par|[from] item: Leftovers
|turn|31
|choice||
|
|switch|p2a: Toxicroak|Toxicroak, M|100/100
|move|p1a: Ferrothorn|Leech Seed|p2a: Toxicroak
|-start|p2a: Toxicroak|move: Leech Seed
|
|-weather|RainDance|[upkeep]
|-damage|p2a: Toxicroak|88/100|[from] Leech Seed|[of] p1a: Ferrothorn
|turn|32
|choice||
|
|switch|p2a: Skarmory|Skarmory, F|88/100
|switch|p1a: Garchomp|Garchomp, F|69/100
|-damage|p1a: Garchomp|63/100|[from] Stealth Rock
|
|-weather|RainDance|[upkeep]
|-heal|p2a: Skarmory|94/100|[from] item: Leftovers
|turn|33
|choice||
|
|switch|p1a: Ferrothorn|Ferrothorn, M|100/100 par
|-damage|p1a: Ferrothorn|95/100 par|[from] Stealth Rock
|move|p2a: Skarmory|Spikes|p1a: Ferrothorn
|-sidestart|p1: back to the summit|Spikes
|
|-weather|RainDance|[upkeep]
|-heal|p2a: Skarmory|99/100|[from] item: Leftovers
|-heal|p1a: Ferrothorn|100/100 par|[from] item: Leftovers
|turn|34
|choice||
|
|move|p2a: Skarmory|Spikes|p1a: Ferrothorn
|-sidestart|p1: back to the summit|Spikes
|move|p1a: Ferrothorn|Stealth Rock|p2a: Skarmory
|-sidestart|p2: Florent77|move: Stealth Rock
|
|-weather|RainDance|[upkeep]
|-heal|p2a: Skarmory|100/100|[from] item: Leftovers
|turn|35
|choice||
|
|move|p2a: Skarmory|Spikes|p1a: Ferrothorn
|-sidestart|p1: back to the summit|Spikes
|move|p1a: Ferrothorn|Leech Seed|p2a: Skarmory
|-start|p2a: Skarmory|move: Leech Seed
|
|-weather|RainDance|[upkeep]
|-damage|p2a: Skarmory|88/100|[from] Leech Seed|[of] p1a: Ferrothorn
|turn|36
|choice||
|
|switch|p1a: Latios|Latios, M|88/100
|-damage|p1a: Latios|76/100|[from] Stealth Rock
|move|p2a: Skarmory|Roost|p2a: Skarmory
|-heal|p2a: Skarmory|100/100
|
|-weather|RainDance|[upkeep]
|-damage|p2a: Skarmory|88/100|[from] Leech Seed|[of] p1a: Latios
|-heal|p1a: Latios|90/100|[silent]
|turn|37
|choice||
|
|switch|p2a: Tentacruel|Tentacruel, F|39/100
|-damage|p2a: Tentacruel|27/100|[from] Stealth Rock
|move|p1a: Latios|Trick|p2a: Tentacruel
|-activate|p1a: Latios|move: Trick|[of] p2a: Tentacruel
|-item|p2a: Tentacruel|Choice Specs|[from] move: Trick
|-item|p1a: Latios|Black Sludge|[from] move: Trick
|
|-weather|RainDance|[upkeep]
|-heal|p2a: Tentacruel|33/100|[from] ability: Rain Dish
|-damage|p1a: Latios|77/100|[from] item: Black Sludge
|turn|38
|choice||
|
|move|p1a: Latios|Psyshock|p2a: Tentacruel
|-supereffective|p2a: Tentacruel
|-damage|p2a: Tentacruel|0 fnt
|faint|p2a: Tentacruel
|
|-weather|RainDance|[upkeep]
|-damage|p1a: Latios|65/100|[from] item: Black Sludge
|choice||
|
|switch|p2a: Politoed|Politoed, F|100/100
|-damage|p2a: Politoed|88/100|[from] Stealth Rock
|turn|39
|choice||
|
|move|p2a: Politoed|Protect|p2a: Politoed
|-singleturn|p2a: Politoed|Protect
|move|p1a: Latios|Trick|p2a: Politoed
|-activate|p2a: Politoed|Protect
|
|-weather|RainDance|[upkeep]
|-damage|p1a: Latios|53/100|[from] item: Black Sludge
|-heal|p2a: Politoed|94/100|[from] item: Leftovers
|turn|40
|choice||
|
|move|p1a: Latios|Trick|p2a: Politoed
|-activate|p1a: Latios|move: Trick|[of] p2a: Politoed
|-item|p2a: Politoed|Black Sludge|[from] move: Trick
|-item|p1a: Latios|Leftovers|[from] move: Trick
|move|p2a: Politoed|Scald|p1a: Latios
|-resisted|p1a: Latios
|-damage|p1a: Latios|31/100
|
|-weather|RainDance|[upkeep]
|-heal|p1a: Latios|37/100|[from] item: Leftovers
|-damage|p2a: Politoed|82/100|[from] item: Black Sludge
|turn|41
|choice||
|
|switch|p1a: Ferrothorn|Ferrothorn, M|100/100 par
|-damage|p1a: Ferrothorn|76/100 par|[from] Spikes
|-damage|p1a: Ferrothorn|70/100 par|[from] Stealth Rock
|move|p2a: Politoed|Scald|p1a: Ferrothorn
|-resisted|p1a: Ferrothorn
|-damage|p1a: Ferrothorn|55/100 par
|
|-weather|RainDance|[upkeep]
|-damage|p2a: Politoed|69/100|[from] item: Black Sludge
|-heal|p1a: Ferrothorn|61/100 par|[from] item: Leftovers
|turn|42
|choice||
|
|switch|p2a: Skarmory|Skarmory, F|88/100
|-damage|p2a: Skarmory|76/100|[from] Stealth Rock
|move|p1a: Ferrothorn|Leech Seed|p2a: Skarmory
|-start|p2a: Skarmory|move: Leech Seed
|
|-weather|RainDance|[upkeep]
|-heal|p2a: Skarmory|82/100|[from] item: Leftovers
|-heal|p1a: Ferrothorn|67/100 par|[from] item: Leftovers
|-damage|p2a: Skarmory|70/100|[from] Leech Seed|[of] p1a: Ferrothorn
|-heal|p1a: Ferrothorn|79/100 par|[silent]
|turn|43
|choice||
|
|switch|p1a: Latios|Latios, M|37/100
|-damage|p1a: Latios|25/100|[from] Stealth Rock
|move|p2a: Skarmory|Roost|p2a: Skarmory
|-heal|p2a: Skarmory|100/100
|
|-weather|RainDance|[upkeep]
|-heal|p1a: Latios|31/100|[from] item: Leftovers
|-damage|p2a: Skarmory|88/100|[from] Leech Seed|[of] p1a: Latios
|-heal|p1a: Latios|45/100|[silent]
|turn|44
|choice||
|
|switch|p2a: Chansey|Chansey, F|85/100
|-damage|p2a: Chansey|72/100|[from] Stealth Rock
|move|p1a: Latios|Surf|p2a: Chansey
|-damage|p2a: Chansey|57/100
|
|-weather|RainDance|[upkeep]
|-heal|p1a: Latios|51/100|[from] item: Leftovers
|turn|45
|choice||
|
|switch|p1a: Ferrothorn|Ferrothorn, M|79/100 par
|-damage|p1a: Ferrothorn|73/100 par|[from] Stealth Rock
|-damage|p1a: Ferrothorn|48/100 par|[from] Spikes
|move|p2a: Chansey|Thunder Wave|p1a: Ferrothorn
|-fail|p1a: Ferrothorn|par
|
|-weather|RainDance|[upkeep]
|-heal|p1a: Ferrothorn|54/100 par|[from] item: Leftovers
|turn|46
|choice||
|
|move|p2a: Chansey|Soft-Boiled|p2a: Chansey
|-heal|p2a: Chansey|100/100
|cant|p1a: Ferrothorn|par
|
|-weather|RainDance|[upkeep]
|-heal|p1a: Ferrothorn|60/100 par|[from] item: Leftovers
|turn|47
|choice||
|
|switch|p2a: Skarmory|Skarmory, F|88/100
|-damage|p2a: Skarmory|76/100|[from] Stealth Rock
|move|p1a: Ferrothorn|Leech Seed|p2a: Skarmory
|-start|p2a: Skarmory|move: Leech Seed
|
|-weather|RainDance|[upkeep]
|-heal|p2a: Skarmory|82/100|[from] item: Leftovers
|-heal|p1a: Ferrothorn|66/100 par|[from] item: Leftovers
|-damage|p2a: Skarmory|70/100|[from] Leech Seed|[of] p1a: Ferrothorn
|-heal|p1a: Ferrothorn|78/100 par|[silent]
|turn|48
|choice||
|
|switch|p1a: Latios|Latios, M|51/100
|-damage|p1a: Latios|38/100|[from] Stealth Rock
|move|p2a: Skarmory|Roost|p2a: Skarmory
|-heal|p2a: Skarmory|100/100
|
|-weather|RainDance|[upkeep]
|-heal|p1a: Latios|44/100|[from] item: Leftovers
|-damage|p2a: Skarmory|88/100|[from] Leech Seed|[of] p1a: Latios
|-heal|p1a: Latios|58/100|[silent]
|turn|49
|choice||
|
|switch|p2a: Chansey|Chansey, F|100/100
|-damage|p2a: Chansey|88/100|[from] Stealth Rock
|move|p1a: Latios|Psyshock|p2a: Chansey
|-damage|p2a: Chansey|60/100
|
|-weather|RainDance|[upkeep]
|-heal|p1a: Latios|64/100|[from] item: Leftovers
|turn|50
|choice||
|
|switch|p1a: Ferrothorn|Ferrothorn, M|78/100 par
|-damage|p1a: Ferrothorn|53/100 par|[from] Spikes
|-damage|p1a: Ferrothorn|47/100 par|[from] Stealth Rock
|move|p2a: Chansey|Soft-Boiled|p2a: Chansey
|-heal|p2a: Chansey|100/100
|
|-weather|RainDance|[upkeep]
|-heal|p1a: Ferrothorn|53/100 par|[from] item: Leftovers
|turn|51
|choice||
|
|switch|p2a: Skarmory|Skarmory, F|88/100
|-damage|p2a: Skarmory|76/100|[from] Stealth Rock
|move|p1a: Ferrothorn|Leech Seed|p2a: Skarmory
|-start|p2a: Skarmory|move: Leech Seed
|
|-weather|RainDance|[upkeep]
|-heal|p2a: Skarmory|82/100|[from] item: Leftovers
|-heal|p1a: Ferrothorn|59/100 par|[from] item: Leftovers
|-damage|p2a: Skarmory|70/100|[from] Leech Seed|[of] p1a: Ferrothorn
|-heal|p1a: Ferrothorn|71/100 par|[silent]
|turn|52
|choice||
|
|move|p1a: Ferrothorn|Protect|p1a: Ferrothorn
|-singleturn|p1a: Ferrothorn|Protect
|move|p2a: Skarmory|Drill Peck|p1a: Ferrothorn
|-activate|p1a: Ferrothorn|Protect
|
|-weather|RainDance|[upkeep]
|-heal|p2a: Skarmory|76/100|[from] item: Leftovers
|-heal|p1a: Ferrothorn|77/100 par|[from] item: Leftovers
|-damage|p2a: Skarmory|63/100|[from] Leech Seed|[of] p1a: Ferrothorn
|-heal|p1a: Ferrothorn|88/100 par|[silent]
|turn|53
|choice||
|
|switch|p1a: Latios|Latios, M|64/100
|-damage|p1a: Latios|52/100|[from] Stealth Rock
|move|p2a: Skarmory|Roost|p2a: Skarmory
|-heal|p2a: Skarmory|100/100
|
|-weather|RainDance|[upkeep]
|-heal|p1a: Latios|58/100|[from] item: Leftovers
|-damage|p2a: Skarmory|88/100|[from] Leech Seed|[of] p1a: Latios
|-heal|p1a: Latios|71/100|[silent]
|turn|54
|choice||
|
|switch|p2a: Chansey|Chansey, F|100/100
|-damage|p2a: Chansey|88/100|[from] Stealth Rock
|move|p1a: Latios|Trick|p2a: Chansey
|-activate|p1a: Latios|move: Trick|[of] p2a: Chansey
|-item|p2a: Chansey|Leftovers|[from] move: Trick
|-item|p1a: Latios|Eviolite|[from] move: Trick
|
|-weather|RainDance|[upkeep]
|-heal|p2a: Chansey|94/100|[from] item: Leftovers
|turn|55
|choice||
|
|switch|p1a: Ferrothorn|Ferrothorn, M|88/100 par
|-damage|p1a: Ferrothorn|82/100 par|[from] Stealth Rock
|-damage|p1a: Ferrothorn|57/100 par|[from] Spikes
|switch|p2a: Toxicroak|Toxicroak, M|88/100
|-damage|p2a: Toxicroak|82/100|[from] Stealth Rock
|
|-weather|RainDance|[upkeep]
|-heal|p2a: Toxicroak|94/100|[from] ability: Dry Skin
|-heal|p2a: Toxicroak|100/100|[from] item: Black Sludge
|-heal|p1a: Ferrothorn|63/100 par|[from] item: Leftovers
|turn|56
|choice||
|
|switch|p1a: Garchomp|Garchomp, F|63/100
|-damage|p1a: Garchomp|57/100|[from] Stealth Rock
|-damage|p1a: Garchomp|32/100|[from] Spikes
|move|p2a: Toxicroak|Substitute|p2a: Toxicroak
|-start|p2a: Toxicroak|Substitute
|-damage|p2a: Toxicroak|76/100
|
|-weather|RainDance|[upkeep]
|-heal|p2a: Toxicroak|88/100|[from] ability: Dry Skin
|-heal|p2a: Toxicroak|94/100|[from] item: Black Sludge
|turn|57
|choice||
|
|move|p1a: Garchomp|Dragon Claw|p2a: Toxicroak
|-end|p2a: Toxicroak|Substitute
|move|p2a: Toxicroak|Ice Punch|p1a: Garchomp
|-supereffective|p1a: Garchomp
|-damage|p1a: Garchomp|0 fnt
|-damage|p2a: Toxicroak|82/100|[from] ability: Rough Skin|[of] p1a: Garchomp
|faint|p1a: Garchomp
|
|-weather|RainDance|[upkeep]
|-heal|p2a: Toxicroak|94/100|[from] ability: Dry Skin
|-heal|p2a: Toxicroak|100/100|[from] item: Black Sludge
|choice||
|
|switch|p1a: Latios|Latios, M|71/100
|-damage|p1a: Latios|59/100|[from] Stealth Rock
|turn|58
|choice||
|
|switch|p2a: Chansey|Chansey, F|94/100
|-damage|p2a: Chansey|82/100|[from] Stealth Rock
|move|p1a: Latios|Psyshock|p2a: Chansey
|-damage|p2a: Chansey|44/100
|
|-weather|RainDance|[upkeep]
|-heal|p2a: Chansey|50/100|[from] item: Leftovers
|turn|59
|choice||
|
|move|p1a: Latios|Psyshock|p2a: Chansey
|-damage|p2a: Chansey|11/100
|move|p2a: Chansey|Soft-Boiled|p2a: Chansey
|-heal|p2a: Chansey|61/100
|
|-weather|RainDance|[upkeep]
|-heal|p2a: Chansey|67/100|[from] item: Leftovers
|turn|60
|choice||
|
|switch|p1a: Ferrothorn|Ferrothorn, M|63/100 par
|-damage|p1a: Ferrothorn|39/100 par|[from] Spikes
|-damage|p1a: Ferrothorn|33/100 par|[from] Stealth Rock
|move|p2a: Chansey|Soft-Boiled|p2a: Chansey
|-heal|p2a: Chansey|100/100
|
|-weather|RainDance|[upkeep]
|-heal|p1a: Ferrothorn|39/100 par|[from] item: Leftovers
|turn|61
|choice||
|
|switch|p2a: Skarmory|Skarmory, F|88/100
|-damage|p2a: Skarmory|76/100|[from] Stealth Rock
|cant|p1a: Ferrothorn|par
|
|-weather|RainDance|[upkeep]
|-heal|p2a: Skarmory|82/100|[from] item: Leftovers
|-heal|p1a: Ferrothorn|45/100 par|[from] item: Leftovers
|turn|62
|choice||
|
|cant|p1a: Ferrothorn|par
|move|p2a: Skarmory|Whirlwind|p1a: Ferrothorn
|drag|p1a: Gyarados|Gyarados, M|100/100
|-damage|p1a: Gyarados|76/100|[from] Stealth Rock
|
|-weather|RainDance|[upkeep]
|-heal|p2a: Skarmory|88/100|[from] item: Leftovers
|turn|63
|choice||
|
|move|p1a: Gyarados|Waterfall|p2a: Skarmory
|-damage|p2a: Skarmory|49/100
|move|p2a: Skarmory|Whirlwind|p1a: Gyarados
|drag|p1a: Politoed|Politoed, F|88/100
|-damage|p1a: Politoed|76/100|[from] Stealth Rock
|-damage|p1a: Politoed|51/100|[from] Spikes
|
|-weather|RainDance|[upkeep]
|-heal|p2a: Skarmory|55/100|[from] item: Leftovers
|turn|64
|choice||
|
|switch|p1a: Gyarados|Gyarados, M|76/100
|-damage|p1a: Gyarados|51/100|[from] Stealth Rock
|switch|p2a: Chansey|Chansey, F|100/100
|-damage|p2a: Chansey|88/100|[from] Stealth Rock
|
|-weather|RainDance|[upkeep]
|-heal|p2a: Chansey|94/100|[from] item: Leftovers
|turn|65
|choice||
|
|move|p1a: Gyarados|Waterfall|p2a: Chansey
|-damage|p2a: Chansey|38/100
|move|p2a: Chansey|Thunder Wave|p1a: Gyarados
|-status|p1a: Gyarados|par
|
|-weather|RainDance|[upkeep]
|-heal|p2a: Chansey|44/100|[from] item: Leftovers
|turn|66
|choice||
|
|move|p2a: Chansey|Soft-Boiled|p2a: Chansey
|-heal|p2a: Chansey|95/100
|move|p1a: Gyarados|Waterfall|p2a: Chansey
|-damage|p2a: Chansey|31/100
|
|-weather|RainDance|[upkeep]
|-heal|p2a: Chansey|37/100|[from] item: Leftovers
|turn|67
|choice||
|
|move|p2a: Chansey|Soft-Boiled|p2a: Chansey
|-heal|p2a: Chansey|87/100
|move|p1a: Gyarados|Waterfall|p2a: Chansey
|-damage|p2a: Chansey|31/100
|
|-weather|RainDance|[upkeep]
|-heal|p2a: Chansey|37/100|[from] item: Leftovers
|turn|68
|choice||
|
|move|p2a: Chansey|Soft-Boiled|p2a: Chansey
|-heal|p2a: Chansey|87/100
|move|p1a: Gyarados|Waterfall|p2a: Chansey
|-damage|p2a: Chansey|26/100
|
|-weather|RainDance|[upkeep]
|-heal|p2a: Chansey|32/100|[from] item: Leftovers
|turn|69
|choice||
|
|move|p2a: Chansey|Soft-Boiled|p2a: Chansey
|-heal|p2a: Chansey|82/100
|move|p1a: Gyarados|Waterfall|p2a: Chansey
|-damage|p2a: Chansey|26/100
|
|-weather|RainDance|[upkeep]
|-heal|p2a: Chansey|32/100|[from] item: Leftovers
|turn|70
|choice||
|
|move|p2a: Chansey|Soft-Boiled|p2a: Chansey
|-heal|p2a: Chansey|82/100
|cant|p1a: Gyarados|par
|
|-weather|RainDance|[upkeep]
|-heal|p2a: Chansey|88/100|[from] item: Leftovers
|turn|71
|choice||
|
|switch|p2a: Politoed|Politoed, F|69/100
|-damage|p2a: Politoed|57/100|[from] Stealth Rock
|cant|p1a: Gyarados|par
|
|-weather|RainDance|[upkeep]
|-damage|p2a: Politoed|44/100|[from] item: Black Sludge
|turn|72
|choice||
|
|move|p2a: Politoed|Scald|p1a: Gyarados
|-resisted|p1a: Gyarados
|-crit|p1a: Gyarados
|-damage|p1a: Gyarados|13/100 par
|move|p1a: Gyarados|Return|p2a: Politoed
|-enditem|p1a: Gyarados|Normal Gem|[from] gem|[move] Return
|-damage|p2a: Politoed|2/100
|
|-weather|RainDance|[upkeep]
|-damage|p2a: Politoed|0 fnt|[from] item: Black Sludge
|faint|p2a: Politoed
|choice||
|
|switch|p2a: Toxicroak|Toxicroak, M|100/100
|-damage|p2a: Toxicroak|94/100|[from] Stealth Rock
|turn|73
|choice||
|
|move|p2a: Toxicroak|Substitute|p2a: Toxicroak
|-start|p2a: Toxicroak|Substitute
|-damage|p2a: Toxicroak|69/100
|move|p1a: Gyarados|Earthquake|p2a: Toxicroak
|-supereffective|p2a: Toxicroak
|-end|p2a: Toxicroak|Substitute
|
|-weather|RainDance|[upkeep]
|-heal|p2a: Toxicroak|82/100|[from] ability: Dry Skin
|-heal|p2a: Toxicroak|88/100|[from] item: Black Sludge
|turn|74
|choice||
|
|move|p2a: Toxicroak|Substitute|p2a: Toxicroak
|-start|p2a: Toxicroak|Substitute
|-damage|p2a: Toxicroak|63/100
|cant|p1a: Gyarados|par
|
|-weather|RainDance|[upkeep]
|-heal|p2a: Toxicroak|76/100|[from] ability: Dry Skin
|-heal|p2a: Toxicroak|82/100|[from] item: Black Sludge
|turn|75
|j|poltronito
|choice||
|
|move|p2a: Toxicroak|Ice Punch|p1a: Gyarados
|-damage|p1a: Gyarados|0 fnt
|faint|p1a: Gyarados
|
|-weather|RainDance|[upkeep]
|-heal|p2a: Toxicroak|94/100|[from] ability: Dry Skin
|-heal|p2a: Toxicroak|100/100|[from] item: Black Sludge
|choice||
|
|switch|p1a: Politoed|Politoed, F|51/100
|-damage|p1a: Politoed|26/100|[from] Spikes
|-damage|p1a: Politoed|13/100|[from] Stealth Rock
|turn|76
|choice||
|
|move|p1a: Politoed|Ice Beam|p2a: Toxicroak
|-end|p2a: Toxicroak|Substitute
|move|p2a: Toxicroak|Substitute|p2a: Toxicroak
|-start|p2a: Toxicroak|Substitute
|-damage|p2a: Toxicroak|76/100
|
|-weather|RainDance|[upkeep]
|-heal|p2a: Toxicroak|88/100|[from] ability: Dry Skin
|-heal|p2a: Toxicroak|94/100|[from] item: Black Sludge
|turn|77
|choice||
|
|switch|p2a: Skarmory|Skarmory, F|55/100
|-damage|p2a: Skarmory|43/100|[from] Stealth Rock
|move|p1a: Politoed|Ice Beam|p2a: Skarmory
|-damage|p2a: Skarmory|11/100
|
|-weather|RainDance|[upkeep]
|-heal|p2a: Skarmory|17/100|[from] item: Leftovers
|turn|78
|choice||
|
|move|p1a: Politoed|Ice Beam|p2a: Skarmory
|-damage|p2a: Skarmory|0 fnt
|faint|p2a: Skarmory
|
|-weather|RainDance|[upkeep]
|choice||
|
|switch|p2a: Chansey|Chansey, F|88/100
|-damage|p2a: Chansey|75/100|[from] Stealth Rock
|turn|79
|choice||
|
|move|p1a: Politoed|Ice Beam|p2a: Chansey
|-damage|p2a: Chansey|64/100
|move|p2a: Chansey|Thunder Wave|p1a: Politoed
|-status|p1a: Politoed|par
|
|-weather|RainDance|[upkeep]
|-heal|p2a: Chansey|70/100|[from] item: Leftovers
|turn|80
|choice||
|
|move|p2a: Chansey|Soft-Boiled|p2a: Chansey
|-heal|p2a: Chansey|100/100
|move|p1a: Politoed|Ice Beam|p2a: Chansey
|-damage|p2a: Chansey|88/100
|-status|p2a: Chansey|frz
|
|-weather|RainDance|[upkeep]
|-heal|p2a: Chansey|95/100 frz|[from] item: Leftovers
|turn|81
|choice||
|
|switch|p1a: Latios|Latios, M|59/100
|-damage|p1a: Latios|47/100|[from] Stealth Rock
|cant|p2a: Chansey|frz
|
|-weather|RainDance|[upkeep]
|-heal|p2a: Chansey|100/100 frz|[from] item: Leftovers
|turn|82
|choice||
|
|-curestatus|p2a: Chansey|frz|[from] ability: Natural Cure
|switch|p2a: Toxicroak|Toxicroak, M|94/100
|-damage|p2a: Toxicroak|88/100|[from] Stealth Rock
|move|p1a: Latios|Psyshock|p2a: Toxicroak
|-supereffective|p2a: Toxicroak
|-damage|p2a: Toxicroak|0 fnt
|faint|p2a: Toxicroak
|
|-weather|RainDance|[upkeep]
|choice||
|
|switch|p2a: Chansey|Chansey, F|100/100
|-damage|p2a: Chansey|88/100|[from] Stealth Rock
|turn|83
|choice||
|
|switch|p1a: Politoed|Politoed, F|13/100 par
|-damage|p1a: Politoed|1/100 par|[from] Stealth Rock
|-damage|p1a: Politoed|0 fnt|[from] Spikes
|faint|p1a: Politoed
|move|p2a: Chansey|Thunder Wave|p1: Politoed|[notarget]
|-notarget
|
|-weather|RainDance|[upkeep]
|-heal|p2a: Chansey|94/100|[from] item: Leftovers
|choice||
|
|switch|p1a: Ferrothorn|Ferrothorn, M|45/100 par
|-damage|p1a: Ferrothorn|39/100 par|[from] Stealth Rock
|-damage|p1a: Ferrothorn|14/100 par|[from] Spikes
|turn|84
|choice||
|
|move|p1a: Ferrothorn|Protect|p1a: Ferrothorn
|-singleturn|p1a: Ferrothorn|Protect
|move|p2a: Chansey|Seismic Toss|p1a: Ferrothorn
|-activate|p1a: Ferrothorn|Protect
|
|-weather|RainDance|[upkeep]
|-heal|p2a: Chansey|99/100|[from] item: Leftovers
|-heal|p1a: Ferrothorn|20/100 par|[from] item: Leftovers
|turn|85
|choice||
|
|move|p1a: Ferrothorn|Protect|p1a: Ferrothorn
|-singleturn|p1a: Ferrothorn|Protect
|move|p2a: Chansey|Seismic Toss|p1a: Ferrothorn
|-activate|p1a: Ferrothorn|Protect
|
|-weather|RainDance|[upkeep]
|-heal|p2a: Chansey|100/100|[from] item: Leftovers
|-heal|p1a: Ferrothorn|26/100 par|[from] item: Leftovers
|turn|86
|choice||
|
|move|p1a: Ferrothorn|Protect|p1a: Ferrothorn
|-fail|p1a: Ferrothorn
|move|p2a: Chansey|Seismic Toss|p1a: Ferrothorn
|-damage|p1a: Ferrothorn|0 fnt
|-damage|p2a: Chansey|88/100|[from] ability: Iron Barbs|[of] p1a: Ferrothorn
|faint|p1a: Ferrothorn
|
|-weather|RainDance|[upkeep]
|-heal|p2a: Chansey|94/100|[from] item: Leftovers
|choice||
|
|switch|p1a: Latios|Latios, M|47/100
|-damage|p1a: Latios|34/100|[from] Stealth Rock
|turn|87
|j|Cosmonauta J
|choice||
|
|move|p1a: Latios|Trick|p2a: Chansey
|-activate|p1a: Latios|move: Trick|[of] p2a: Chansey
|-item|p2a: Chansey|Eviolite|[from] move: Trick
|-item|p1a: Latios|Leftovers|[from] move: Trick
|move|p2a: Chansey|Thunder Wave|p1a: Latios
|-status|p1a: Latios|par
|
|-weather|RainDance|[upkeep]
|-heal|p1a: Latios|40/100 par|[from] item: Leftovers
|turn|88
|c|★Florent77|de blob
|choice||
|
|move|p2a: Chansey|Seismic Toss|p1a: Latios
|-damage|p1a: Latios|7/100 par
|move|p1a: Latios|Psyshock|p2a: Chansey
|-damage|p2a: Chansey|67/100
|
|-weather|RainDance|[upkeep]
|-heal|p1a: Latios|13/100 par|[from] item: Leftovers
|turn|89
|c| poltronito|the hax
|c| poltronito|u choked so many times
|c|★Florent77|nope
|c| poltronito|lol k
|l|Cosmonauta J
|c|★Florent77|probability
|choice||
|
|move|p2a: Chansey|Seismic Toss|p1a: Latios
|-damage|p1a: Latios|0 fnt
|faint|p1a: Latios
|
|win|Florent77
|player|p1
|player|p2
|l|back to the summit
|raw|back to the summit's rating: 1424 &rarr; <strong>1398</strong><br />(-26 for losing)
|raw|Florent77's rating: 1319 &rarr; <strong>1344</strong><br />(+25 for winning)
|l|Florent77