|j|‽who can it b
|j|☆HydreigonSpammer
|t:|1735711521
|gametype|singles
|player|p1|who can it b|266|1421
|player|p2|HydreigonSpammer|acetrainer|1331
|teamsize|p1|6
|teamsize|p2|6
|gen|5
|tier|[Gen 5] OU
|rated|
|rule|Species Clause: Limit one of each Pokémon
|rule|OHKO Clause: OHKO moves are banned
|rule|Moody Clause: Moody is banned
|rule|Evasion Items Clause: Evasion items are banned
|rule|Evasion Moves Clause: Evasion moves are banned
|rule|Endless Battle Clause: Forcing endless battles is banned
|rule|HP Percentage Mod: HP is shown in percentages
|rule|Evasion Abilities Clause: Evasion abilities are banned
|rule|Sleep Moves Clause: Sleep-inducing moves are banned
|rule|Swagger Clause: Swagger is banned
|rule|Baton Pass Stat Clause: No Baton Passer may have a way to boost its stats
|clearpoke
|poke|p1|Ninetales, M|item
|poke|p1|Xatu, M|item
|poke|p1|Venomoth, M|item
|poke|p1|Forretress, F|item
|poke|p1|Chandelure, F|item
|poke|p1|Heatran, M|item
|poke|p2|Tyranitar, M|item
|poke|p2|Landorus-Therian, M|item
|poke|p2|Garchomp, M|item
|poke|p2|Latios, M|item
|poke|p2|Jirachi|item
|poke|p2|Keldeo|item
|teampreview
|inactive|Battle timer is ON: inactive players will automatically lose when time's up. (requested by HydreigonSpammer)
|
|t:|1735711546
|start
|switch|p1a: Forretress|Forretress, F|100/100
|switch|p2a: Garchomp|Garchomp, M|100/100
|turn|1
|
|t:|1735711558
|move|p2a: Garchomp|Flamethrower|p1a: Forretress
|-supereffective|p1a: Forretress
|-ability|p1a: Forretress|Sturdy
|-damage|p1a: Forretress|1/100
|-status|p1a: Forretress|brn
|-damage|p2a: Garchomp|91/100|[from] item: Life Orb
|move|p1a: Forretress|Stealth Rock|p2a: Garchomp
|-sidestart|p2: HydreigonSpammer|move: Stealth Rock
|
|-heal|p1a: Forretress|7/100 brn|[from] item: Leftovers
|-damage|p1a: Forretress|0 fnt|[from] brn
|faint|p1a: Forretress
|upkeep
|
|t:|1735711566
|switch|p1a: Xatu|Xatu, M|100/100
|turn|2
|
|t:|1735711579
|switch|p2a: Tyranitar|Tyranitar, M|100/100
|-damage|p2a: Tyranitar|88/100|[from] Stealth Rock
|-weather|Sandstorm|[from] ability: Sand Stream|[of] p2a: Tyranitar
|move|p1a: Xatu|Reflect|p1a: Xatu
|-sidestart|p1: who can it b|Reflect
|
|-weather|Sandstorm|[upkeep]
|-damage|p1a: Xatu|95/100|[from] Sandstorm
|upkeep
|turn|3
|
|t:|1735711584
|move|p2a: Tyranitar|Crunch|p1a: Xatu
|-supereffective|p1a: Xatu
|-damage|p1a: Xatu|23/100
|move|p1a: Xatu|U-turn|p2a: Tyranitar
|-supereffective|p2a: Tyranitar
|-damage|p2a: Tyranitar|63/100
|
|t:|1735711601
|switch|p1a: Venomoth|Venomoth, M|100/100|[from] U-turn
|
|-weather|Sandstorm|[upkeep]
|-damage|p1a: Venomoth|95/100|[from] Sandstorm
|upkeep
|turn|4
|
|t:|1735711605
|move|p1a: Venomoth|Quiver Dance|p1a: Venomoth
|-boost|p1a: Venomoth|spa|1
|-boost|p1a: Venomoth|spd|1
|-boost|p1a: Venomoth|spe|1
|move|p2a: Tyranitar|Crunch|p1a: Venomoth
|-damage|p1a: Venomoth|47/100
|
|-weather|Sandstorm|[upkeep]
|-damage|p1a: Venomoth|41/100|[from] Sandstorm
|upkeep
|turn|5
|
|t:|1735711609
|move|p1a: Venomoth|Bug Buzz|p2a: Tyranitar
|-supereffective|p2a: Tyranitar
|-damage|p2a: Tyranitar|0 fnt
|faint|p2a: Tyranitar
|
|-weather|Sandstorm|[upkeep]
|-damage|p1a: Venomoth|35/100|[from] Sandstorm
|upkeep
|
|t:|1735711617
|switch|p2a: Jirachi|Jirachi|100/100
|-damage|p2a: Jirachi|94/100|[from] Stealth Rock
|turn|6
|
|t:|1735711625
|move|p2a: Jirachi|Iron Head|p1a: Venomoth
|-damage|p1a: Venomoth|12/100
|move|p1a: Venomoth|Bug Buzz|p2a: Jirachi
|-damage|p2a: Jirachi|40/100
|
|-weather|Sandstorm|[upkeep]
|-damage|p1a: Venomoth|6/100|[from] Sandstorm
|upkeep
|turn|7
|
|t:|1735711640
|switch|p1a: Heatran|Heatran, M|100/100
|move|p2a: Jirachi|Iron Head|p1a: Heatran
|-resisted|p1a: Heatran
|-damage|p1a: Heatran|96/100
|
|-weather|Sandstorm|[upkeep]
|upkeep
|turn|8
|
|t:|1735711664
|switch|p2a: Latios|Latios, M|100/100
|-damage|p2a: Latios|88/100|[from] Stealth Rock
|move|p1a: Heatran|Overheat|p2a: Latios
|-resisted|p2a: Latios
|-damage|p2a: Latios|43/100
|-unboost|p1a: Heatran|spa|2
|
|-weather|Sandstorm|[upkeep]
|-damage|p2a: Latios|37/100|[from] Sandstorm
|upkeep
|turn|9
|
|t:|1735711674
|switch|p1a: Ninetales|Ninetales, M|100/100
|-weather|SunnyDay|[from] ability: Drought|[of] p1a: Ninetales
|-item|p1a: Ninetales|Air Balloon
|move|p2a: Latios|Calm Mind|p2a: Latios
|-boost|p2a: Latios|spa|1
|-boost|p2a: Latios|spd|1
|
|-weather|SunnyDay|[upkeep]
|-sideend|p1: who can it b|Reflect
|upkeep
|turn|10
|
|t:|1735711692
|move|p2a: Latios|Draco Meteor|p1a: Ninetales
|-damage|p1a: Ninetales|0 fnt
|-unboost|p2a: Latios|spa|2
|-enditem|p1a: Ninetales|Air Balloon
|faint|p1a: Ninetales
|
|-weather|SunnyDay|[upkeep]
|upkeep
|
|t:|1735711714
|switch|p1a: Chandelure|Chandelure, F|100/100
|-item|p1a: Chandelure|Air Balloon
|turn|11
|
|t:|1735711725
|switch|p2a: Jirachi|Jirachi|40/100
|-damage|p2a: Jirachi|34/100|[from] Stealth Rock
|move|p1a: Chandelure|Flame Charge|p2a: Jirachi
|-supereffective|p2a: Jirachi
|-damage|p2a: Jirachi|4/100
|-boost|p1a: Chandelure|spe|1
|
|-weather|SunnyDay|[upkeep]
|upkeep
|turn|12
|
|t:|1735711734
|move|p2a: Jirachi|Iron Head|p1a: Chandelure
|-resisted|p1a: Chandelure
|-damage|p1a: Chandelure|76/100
|-enditem|p1a: Chandelure|Air Balloon
|cant|p1a: Chandelure|flinch
|
|-weather|SunnyDay|[upkeep]
|upkeep
|turn|13
|
|t:|1735711743
|move|p2a: Jirachi|Iron Head|p1a: Chandelure
|-resisted|p1a: Chandelure
|-damage|p1a: Chandelure|54/100
|move|p1a: Chandelure|Flame Charge|p2a: Jirachi
|-supereffective|p2a: Jirachi
|-damage|p2a: Jirachi|0 fnt
|-boost|p1a: Chandelure|spe|1
|faint|p2a: Jirachi
|
|-weather|SunnyDay|[upkeep]
|upkeep
|
|t:|1735711760
|switch|p2a: Keldeo|Keldeo|100/100
|-damage|p2a: Keldeo|94/100|[from] Stealth Rock
|turn|14
|
|t:|1735711769
|move|p1a: Chandelure|Shadow Ball|p2a: Keldeo
|-damage|p2a: Keldeo|40/100
|move|p2a: Keldeo|Hidden Power|p1a: Chandelure
|-supereffective|p1a: Chandelure
|-damage|p1a: Chandelure|0 fnt
|faint|p1a: Chandelure
|
|-weather|SunnyDay|[upkeep]
|-heal|p2a: Keldeo|46/100|[from] item: Leftovers
|upkeep
|
|t:|1735711774
|switch|p1a: Heatran|Heatran, M|96/100
|turn|15
|
|t:|1735711781
|move|p1a: Heatran|Hidden Power|p2a: Keldeo
|-supereffective|p2a: Keldeo
|-damage|p2a: Keldeo|0 fnt
|faint|p2a: Keldeo
|
|-weather|SunnyDay|[upkeep]
|upkeep
|
|t:|1735711797
|switch|p2a: Landorus|Landorus-Therian, M|100/100
|-damage|p2a: Landorus|88/100|[from] Stealth Rock
|-ability|p2a: Landorus|Intimidate|boost
|-unboost|p1a: Heatran|atk|1
|turn|16
|
|t:|1735711807
|switch|p1a: Xatu|Xatu, M|23/100
|move|p2a: Landorus|Stealth Rock|p1a: Xatu
|move|p1a: Xatu|Stealth Rock||[from]ability: Magic Bounce|[still]
|-fail|p1a: Xatu
|
|-weather|SunnyDay|[upkeep]
|-heal|p2a: Landorus|94/100|[from] item: Leftovers
|upkeep
|turn|17
|
|t:|1735711816
|move|p2a: Landorus|Hidden Power|p1a: Xatu
|-supereffective|p1a: Xatu
|-damage|p1a: Xatu|0 fnt
|faint|p1a: Xatu
|
|-weather|SunnyDay|[upkeep]
|-heal|p2a: Landorus|99/100|[from] item: Leftovers
|upkeep
|
|t:|1735711819
|switch|p1a: Heatran|Heatran, M|96/100
|turn|18
|
|t:|1735711829
|move|p1a: Heatran|Overheat|p2a: Landorus
|-damage|p2a: Landorus|0 fnt
|-unboost|p1a: Heatran|spa|2
|faint|p2a: Landorus
|
|-weather|SunnyDay|[upkeep]
|upkeep
|
|t:|1735711834
|switch|p2a: Garchomp|Garchomp, M|91/100
|-damage|p2a: Garchomp|85/100|[from] Stealth Rock
|turn|19
|
|t:|1735711838
|switch|p1a: Venomoth|Venomoth, M|6/100
|move|p2a: Garchomp|Earthquake|p1a: Venomoth
|-damage|p1a: Venomoth|0 fnt
|faint|p1a: Venomoth
|-damage|p2a: Garchomp|75/100|[from] item: Life Orb
|
|-weather|SunnyDay|[upkeep]
|upkeep
|
|t:|1735711841
|switch|p1a: Heatran|Heatran, M|96/100
|turn|20
|
|t:|1735711854
|switch|p2a: Latios|Latios, M|37/100
|-damage|p2a: Latios|25/100|[from] Stealth Rock
|move|p1a: Heatran|Dragon Pulse|p2a: Latios
|-supereffective|p2a: Latios
|-damage|p2a: Latios|0 fnt
|faint|p2a: Latios
|
|-weather|SunnyDay|[upkeep]
|upkeep
|
|t:|1735711857
|switch|p2a: Garchomp|Garchomp, M|75/100
|-damage|p2a: Garchomp|69/100|[from] Stealth Rock
|turn|21
|
|t:|1735711859
|move|p1a: Heatran|Dragon Pulse|p2a: Garchomp
|-supereffective|p2a: Garchomp
|-damage|p2a: Garchomp|0 fnt
|faint|p2a: Garchomp
|
|win|who can it b
|raw|who can it b's rating: 1421 &rarr; <strong>1436</strong><br />(+15 for winning)
|raw|HydreigonSpammer's rating: 1331 &rarr; <strong>1316</strong><br />(-15 for losing)
|l|☆HydreigonSpammer
|player|p2|
|l|‽who can it b
|player|p1|
|j|‽who can it b
|player|p1|who can it b|266|
|n|‽who can it b|whocanitb
