|j|☆linsar
|j|☆darknight2703
|player|p1|linsar|1|1436
|player|p2|darknight2703|ghetsis|1333
|teamsize|p1|6
|teamsize|p2|6
|gametype|singles
|gen|5
|tier|[Gen 5] OU
|rated|
|clearpoke
|poke|p1|Jirachi|item
|poke|p1|Magnezone|item
|poke|p1|Dragonite, M|item
|poke|p1|Latios, M|item
|poke|p1|Kyurem-Black|item
|poke|p1|Garchomp, M|item
|poke|p2|Hydreigon, M|item
|poke|p2|Ferrothorn, F|item
|poke|p2|Landorus-Therian, M|item
|poke|p2|Alakazam, M|item
|poke|p2|Magnezone|item
|poke|p2|Chandelure, M|item
|rule|Species Clause: Limit one of each Pokémon
|rule|OHKO Clause: OHKO moves are banned
|rule|Moody Clause: Moody is banned
|rule|Evasion Moves Clause: Evasion moves are banned
|rule|Endless Battle Clause: Forcing endless battles is banned
|rule|HP Percentage Mod: HP is shown in percentages
|rule|Evasion Abilities Clause: Evasion abilities are banned
|rule|Baton Pass Clause: Limit one Baton Passer, can't pass Spe and other stats simultaneously
|rule|Sleep Clause: Sleep-inducing moves are banned
|rule|Swagger Clause: Swagger is banned
|teampreview
|
|start
|switch|p1a: Jirachi|Jirachi|100/100
|switch|p2a: Hydreigon|Hydreigon, M|100/100
|turn|1
|
|move|p2a: Hydreigon|Fire Blast|p1a: Jirachi
|-supereffective|p1a: Jirachi
|-damage|p1a: Jirachi|53/100
|move|p1a: Jirachi|Stealth Rock|p2a: Hydreigon
|-sidestart|p2: darknight2703|move: Stealth Rock
|
|upkeep
|turn|2
|
|switch|p2a: Ferrothorn|Ferrothorn, F|100/100
|-damage|p2a: Ferrothorn|94/100|[from] Stealth Rock
|switch|p1a: Latios|Latios, M|100/100
|
|upkeep
|turn|3
|
|switch|p1a: Magnezone|Magnezone|100/100
|-item|p1a: Magnezone|Air Balloon
|move|p2a: Ferrothorn|Thunder Wave|p1a: Magnezone
|-status|p1a: Magnezone|par
|
|upkeep
|turn|4
|
|move|p2a: Ferrothorn|Leech Seed|p1a: Magnezone
|-start|p1a: Magnezone|move: Leech Seed
|move|p1a: Magnezone|Hidden Power|p2a: Ferrothorn
|-supereffective|p2a: Ferrothorn
|-damage|p2a: Ferrothorn|15/100
|
|-damage|p1a: Magnezone|88/100 par|[from] Leech Seed|[of] p2a: Ferrothorn
|-heal|p2a: Ferrothorn|25/100|[silent]
|upkeep
|turn|5
|
|move|p2a: Ferrothorn|Protect|p2a: Ferrothorn
|-singleturn|p2a: Ferrothorn|Protect
|move|p1a: Magnezone|Hidden Power|p2a: Ferrothorn
|-activate|p2a: Ferrothorn|move: Protect
|
|-damage|p1a: Magnezone|76/100 par|[from] Leech Seed|[of] p2a: Ferrothorn
|-heal|p2a: Ferrothorn|35/100|[silent]
|upkeep
|turn|6
|
|move|p2a: Ferrothorn|Protect||[still]
|-fail|p2a: Ferrothorn
|move|p1a: Magnezone|Hidden Power|p2a: Ferrothorn
|-supereffective|p2a: Ferrothorn
|-damage|p2a: Ferrothorn|0 fnt
|faint|p2a: Ferrothorn
|
|upkeep
|
|switch|p2a: Alakazam|Alakazam, M|100/100
|turn|7
|
|switch|p1a: Jirachi|Jirachi|53/100
|move|p2a: Alakazam|Hidden Power|p1a: Jirachi
|-supereffective|p1a: Jirachi
|-damage|p1a: Jirachi|21/100
|
|upkeep
|turn|8
|
|move|p2a: Alakazam|Hidden Power|p1a: Jirachi
|-supereffective|p1a: Jirachi
|-crit|p1a: Jirachi
|-damage|p1a: Jirachi|0 fnt
|faint|p1a: Jirachi
|
|upkeep
|
|switch|p1a: Dragonite|Dragonite, M|100/100
|turn|9
|
|move|p2a: Alakazam|Psychic|p1a: Dragonite
|-damage|p1a: Dragonite|75/100
|-unboost|p1a: Dragonite|spd|1
|move|p1a: Dragonite|Outrage|p2a: Alakazam
|-enditem|p2a: Alakazam|Focus Sash
|-damage|p2a: Alakazam|1/100
|
|upkeep
|turn|10
|
|move|p2a: Alakazam|Psychic|p1a: Dragonite
|-damage|p1a: Dragonite|1/100
|move|p1a: Dragonite|Outrage|p2a: Alakazam|[from]lockedmove
|-damage|p2a: Alakazam|0 fnt
|-start|p1a: Dragonite|confusion|[fatigue]
|faint|p2a: Alakazam
|-enditem|p1a: Dragonite|Lum Berry|[eat]
|-end|p1a: Dragonite|confusion
|
|upkeep
|
|switch|p2a: Magnezone|Magnezone|100/100
|-damage|p2a: Magnezone|94/100|[from] Stealth Rock
|turn|11
|
|switch|p1a: Magnezone|Magnezone|76/100 par
|-item|p1a: Magnezone|Air Balloon
|move|p2a: Magnezone|Volt Switch|p1a: Magnezone
|-resisted|p1a: Magnezone
|-damage|p1a: Magnezone|50/100 par
|-enditem|p1a: Magnezone|Air Balloon
|
|switch|p2a: Chandelure|Chandelure, M|100/100|[from]move: Volt Switch
|-damage|p2a: Chandelure|76/100|[from] Stealth Rock
|
|upkeep
|turn|12
|
|move|p2a: Chandelure|Overheat|p1a: Magnezone
|-supereffective|p1a: Magnezone
|-damage|p1a: Magnezone|0 fnt
|-unboost|p2a: Chandelure|spa|2
|faint|p1a: Magnezone
|
|upkeep
|
|switch|p1a: Kyurem|Kyurem-Black|100/100
|-ability|p1a: Kyurem|Teravolt
|turn|13
|
|switch|p2a: Landorus|Landorus-Therian, M|100/100
|-damage|p2a: Landorus|88/100|[from] Stealth Rock
|-ability|p2a: Landorus|Intimidate|boost
|-unboost|p1a: Kyurem|atk|1
|move|p1a: Kyurem|Outrage|p2a: Landorus
|-damage|p2a: Landorus|0 fnt
|faint|p2a: Landorus
|
|upkeep
|
|switch|p2a: Magnezone|Magnezone|94/100
|-damage|p2a: Magnezone|88/100|[from] Stealth Rock
|turn|14
|
|move|p2a: Magnezone|Flash Cannon|p1a: Kyurem
|-supereffective|p1a: Kyurem
|-damage|p1a: Kyurem|5/100
|move|p1a: Kyurem|Outrage|p2a: Magnezone|[from]lockedmove
|-resisted|p2a: Magnezone
|-damage|p2a: Magnezone|47/100
|-start|p1a: Kyurem|confusion|[fatigue]
|
|upkeep
|turn|15
|
|move|p2a: Magnezone|Flash Cannon|p1a: Kyurem
|-supereffective|p1a: Kyurem
|-damage|p1a: Kyurem|0 fnt
|faint|p1a: Kyurem
|
|upkeep
|
|switch|p1a: Latios|Latios, M|100/100
|turn|16
|
|move|p2a: Magnezone|Flash Cannon|p1a: Latios
|-damage|p1a: Latios|56/100
|move|p1a: Latios|Draco Meteor|p2a: Magnezone
|-resisted|p2a: Magnezone
|-damage|p2a: Magnezone|0 fnt
|-unboost|p1a: Latios|spa|2
|faint|p2a: Magnezone
|
|upkeep
|
|switch|p2a: Chandelure|Chandelure, M|76/100
|-damage|p2a: Chandelure|51/100|[from] Stealth Rock
|turn|17
|
|move|p2a: Chandelure|Shadow Ball|p1a: Latios
|-supereffective|p1a: Latios
|-damage|p1a: Latios|0 fnt
|faint|p1a: Latios
|
|upkeep
|
|switch|p1a: Garchomp|Garchomp, M|100/100
|turn|18
|
|move|p1a: Garchomp|Earthquake|p2a: Chandelure
|-supereffective|p2a: Chandelure
|-damage|p2a: Chandelure|0 fnt
|faint|p2a: Chandelure
|
|upkeep
|
|switch|p2a: Hydreigon|Hydreigon, M|100/100
|-damage|p2a: Hydreigon|88/100|[from] Stealth Rock
|turn|19
|
|switch|p1a: Dragonite|Dragonite, M|1/100
|move|p2a: Hydreigon|Draco Meteor|p1a: Dragonite
|-supereffective|p1a: Dragonite
|-damage|p1a: Dragonite|0 fnt
|-unboost|p2a: Hydreigon|spa|2
|faint|p1a: Dragonite
|
|upkeep
|
|switch|p1a: Garchomp|Garchomp, M|100/100
|turn|20
|
|move|p1a: Garchomp|Outrage|p2a: Hydreigon
|-supereffective|p2a: Hydreigon
|-damage|p2a: Hydreigon|0 fnt
|faint|p2a: Hydreigon
|
|win|linsar
|l|☆darknight2703
|raw|linsar's rating: 1436 &rarr; <strong>1450</strong><br />(+14 for winning)
|raw|darknight2703's rating: 1333 &rarr; <strong>1319</strong><br />(-14 for losing)
