|j|☆JDaLoverBoy
|j|☆edfdsfdf
|player|p1|JDaLoverBoy|102
|player|p2|edfdsfdf|1
|teamsize|p1|6
|teamsize|p2|6
|gametype|singles
|gen|5
|tier|[Gen 5] OU
|rated|
|rule|Sleep Clause Mod: Limit one foe put to sleep
|rule|Species Clause: Limit one of each Pokémon
|rule|OHKO Clause: OHKO moves are banned
|rule|Moody Clause: Moody is banned
|rule|Evasion Moves Clause: Evasion moves are banned
|rule|Endless Battle Clause: Forcing endless battles is banned
|rule|HP Percentage Mod: HP is shown in percentages
|rule|Evasion Abilities Clause: Evasion abilities are banned
|rule|Baton Pass Clause: Limit one Baton Passer, can't pass Spe and other stats simultaneously
|rule|Swagger Clause: Swagger is banned
|clearpoke
|poke|p1|Politoed, M|item
|poke|p1|Toxicroak, M|item
|poke|p1|Starmie|item
|poke|p1|Ferrothorn, M|item
|poke|p1|Scizor, F|item
|poke|p1|Volcarona, F|item
|poke|p2|Politoed, F|item
|poke|p2|Latios, M|item
|poke|p2|Excadrill, M|item
|poke|p2|Ferrothorn, F|item
|poke|p2|Hydreigon, M|item
|poke|p2|Keldeo|item
|teampreview
|inactive|Battle timer is ON: inactive players will automatically lose when time's up. (requested by edfdsfdf)
|inactive|JDaLoverBoy has 135 seconds left.
|inactive|edfdsfdf has 135 seconds left.
|
|start
|switch|p1a: Politoed|Politoed, M|100/100
|switch|p2a: Politoed|Politoed, F|100/100
|-weather|RainDance|[from] ability: Drizzle|[of] p2a: Politoed
|turn|1
|j| doudrasand
|inactive|edfdsfdf has 135 seconds left.
|
|switch|p2a: Ferrothorn|Ferrothorn, F|100/100
|move|p1a: Politoed|Toxic|p2a: Ferrothorn
|-immune|p2a: Ferrothorn|[msg]
|
|-weather|RainDance|[upkeep]
|upkeep
|turn|2
|
|switch|p1a: Volcarona|Volcarona, F|100/100
|move|p2a: Ferrothorn|Stealth Rock|p1a: Volcarona
|-sidestart|p1: JDaLoverBoy|move: Stealth Rock
|
|-weather|RainDance|[upkeep]
|upkeep
|turn|3
|
|switch|p2a: Keldeo|Keldeo|100/100
|move|p1a: Volcarona|Hurricane|p2a: Keldeo
|-supereffective|p2a: Keldeo
|-damage|p2a: Keldeo|0 fnt
|-damage|p1a: Volcarona|91/100|[from] item: Life Orb
|faint|p2a: Keldeo
|
|-weather|RainDance|[upkeep]
|upkeep
|
|switch|p2a: Politoed|Politoed, F|100/100
|turn|4
|
|switch|p1a: Ferrothorn|Ferrothorn, M|100/100
|-damage|p1a: Ferrothorn|94/100|[from] Stealth Rock
|switch|p2a: Excadrill|Excadrill, M|100/100
|-item|p2a: Excadrill|Air Balloon
|
|-weather|RainDance|[upkeep]
|upkeep
|turn|5
|
|move|p2a: Excadrill|Swords Dance|p2a: Excadrill
|-boost|p2a: Excadrill|atk|2
|move|p1a: Ferrothorn|Leech Seed|p2a: Excadrill
|-start|p2a: Excadrill|move: Leech Seed
|
|-weather|RainDance|[upkeep]
|-damage|p2a: Excadrill|88/100|[from] Leech Seed|[of] p1a: Ferrothorn
|-heal|p1a: Ferrothorn|100/100|[silent]
|upkeep
|turn|6
|
|move|p2a: Excadrill|Swords Dance|p2a: Excadrill
|-boost|p2a: Excadrill|atk|2
|move|p1a: Ferrothorn|Power Whip|p2a: Excadrill
|-damage|p2a: Excadrill|36/100
|-enditem|p2a: Excadrill|Air Balloon
|
|-weather|RainDance|[upkeep]
|-damage|p2a: Excadrill|24/100|[from] Leech Seed|[of] p1a: Ferrothorn
|upkeep
|turn|7
|
|move|p2a: Excadrill|Earthquake|p1a: Ferrothorn
|-crit|p1a: Ferrothorn
|-damage|p1a: Ferrothorn|0 fnt
|faint|p1a: Ferrothorn
|
|-weather|RainDance|[upkeep]
|upkeep
|
|switch|p1a: Starmie|Starmie|100/100
|-damage|p1a: Starmie|88/100|[from] Stealth Rock
|turn|8
|
|move|p1a: Starmie|Surf|p2a: Excadrill
|-supereffective|p2a: Excadrill
|-damage|p2a: Excadrill|0 fnt
|-damage|p1a: Starmie|78/100|[from] item: Life Orb
|faint|p2a: Excadrill
|
|-weather|RainDance|[upkeep]
|upkeep
|
|switch|p2a: Latios|Latios, M|100/100
|turn|9
|
|switch|p1a: Politoed|Politoed, M|100/100
|-damage|p1a: Politoed|88/100|[from] Stealth Rock
|move|p2a: Latios|Draco Meteor|p1a: Politoed
|-damage|p1a: Politoed|25/100
|-unboost|p2a: Latios|spa|2
|
|-weather|RainDance|[upkeep]
|-heal|p1a: Politoed|32/100|[from] item: Leftovers
|upkeep
|turn|10
|
|switch|p2a: Politoed|Politoed, F|100/100
|move|p1a: Politoed|Ice Beam|p2a: Politoed
|-resisted|p2a: Politoed
|-damage|p2a: Politoed|92/100
|
|-weather|RainDance|[upkeep]
|-heal|p1a: Politoed|38/100|[from] item: Leftovers
|upkeep
|turn|11
|
|move|p2a: Politoed|Hydro Pump|p1a: Politoed
|-resisted|p1a: Politoed
|-damage|p1a: Politoed|0 fnt
|faint|p1a: Politoed
|
|-weather|RainDance|[upkeep]
|upkeep
|
|switch|p1a: Starmie|Starmie|78/100
|-damage|p1a: Starmie|66/100|[from] Stealth Rock
|turn|12
|
|move|p1a: Starmie|Rapid Spin|p2a: Politoed
|-damage|p2a: Politoed|87/100
|-sideend|p1: JDaLoverBoy|Stealth Rock|[from] move: Rapid Spin|[of] p1a: Starmie
|-damage|p1a: Starmie|56/100|[from] item: Life Orb
|move|p2a: Politoed|Hydro Pump|p1a: Starmie
|-resisted|p1a: Starmie
|-damage|p1a: Starmie|0 fnt
|faint|p1a: Starmie
|
|-weather|RainDance|[upkeep]
|upkeep
|
|switch|p1a: Toxicroak|Toxicroak, M|100/100
|turn|13
|inactive|edfdsfdf has 135 seconds left.
|
|switch|p2a: Ferrothorn|Ferrothorn, F|100/100
|move|p1a: Toxicroak|Substitute|p1a: Toxicroak
|-start|p1a: Toxicroak|Substitute
|-damage|p1a: Toxicroak|75/100
|
|-weather|RainDance|[upkeep]
|-heal|p1a: Toxicroak|88/100|[from] ability: Dry Skin
|-heal|p1a: Toxicroak|94/100|[from] item: Black Sludge
|upkeep
|turn|14
|
|switch|p1a: Volcarona|Volcarona, F|91/100
|move|p2a: Ferrothorn|Stealth Rock|p1a: Volcarona
|-sidestart|p1: JDaLoverBoy|move: Stealth Rock
|
|-weather|RainDance|[upkeep]
|upkeep
|turn|15
|
|switch|p2a: Latios|Latios, M|100/100
|move|p1a: Volcarona|Quiver Dance|p1a: Volcarona
|-boost|p1a: Volcarona|spa|1
|-boost|p1a: Volcarona|spd|1
|-boost|p1a: Volcarona|spe|1
|
|-weather|RainDance|[upkeep]
|upkeep
|turn|16
|
|move|p2a: Latios|Trick|p1a: Volcarona
|-activate|p2a: Latios|move: Trick|[of] p1a: Volcarona
|-item|p1a: Volcarona|Choice Scarf|[from] move: Trick
|-item|p2a: Latios|Life Orb|[from] move: Trick
|move|p1a: Volcarona|Quiver Dance|p1a: Volcarona
|-boost|p1a: Volcarona|spa|1
|-boost|p1a: Volcarona|spd|1
|-boost|p1a: Volcarona|spe|1
|
|-weather|RainDance|[upkeep]
|upkeep
|turn|17
|
|switch|p1a: Scizor|Scizor, F|100/100
|-damage|p1a: Scizor|88/100|[from] Stealth Rock
|move|p2a: Latios|Surf|p1a: Scizor
|-damage|p1a: Scizor|7/100
|-damage|p2a: Latios|91/100|[from] item: Life Orb
|
|-weather|RainDance|[upkeep]
|upkeep
|turn|18
|inactive|edfdsfdf has 135 seconds left.
|
|move|p1a: Scizor|Bullet Punch|p2a: Latios
|-damage|p2a: Latios|22/100
|move|p2a: Latios|Surf|p1a: Scizor
|-damage|p1a: Scizor|0 fnt
|-damage|p2a: Latios|12/100|[from] item: Life Orb
|faint|p1a: Scizor
|
|-weather|RainDance|[upkeep]
|upkeep
|
|switch|p1a: Volcarona|Volcarona, F|91/100
|-damage|p1a: Volcarona|41/100|[from] Stealth Rock
|turn|19
|
|switch|p2a: Ferrothorn|Ferrothorn, F|100/100
|move|p1a: Volcarona|Bug Buzz|p2a: Ferrothorn
|-damage|p2a: Ferrothorn|70/100
|
|-weather|RainDance|[upkeep]
|-heal|p2a: Ferrothorn|76/100|[from] item: Leftovers
|upkeep
|turn|20
|
|switch|p1a: Toxicroak|Toxicroak, M|94/100
|-damage|p1a: Toxicroak|88/100|[from] Stealth Rock
|move|p2a: Ferrothorn|Leech Seed|p1a: Toxicroak|[miss]
|-miss|p2a: Ferrothorn|p1a: Toxicroak
|
|-weather|RainDance|[upkeep]
|-heal|p1a: Toxicroak|100/100|[from] ability: Dry Skin
|-heal|p2a: Ferrothorn|82/100|[from] item: Leftovers
|upkeep
|turn|21
|inactive|edfdsfdf has 135 seconds left.
|
|switch|p2a: Hydreigon|Hydreigon, M|100/100
|move|p1a: Toxicroak|Substitute|p1a: Toxicroak
|-start|p1a: Toxicroak|Substitute
|-damage|p1a: Toxicroak|75/100
|
|-weather|RainDance|[upkeep]
|-heal|p1a: Toxicroak|88/100|[from] ability: Dry Skin
|-heal|p1a: Toxicroak|94/100|[from] item: Black Sludge
|upkeep
|turn|22
|j| colbur lati
|
|move|p2a: Hydreigon|Dark Pulse|p1a: Toxicroak
|-resisted|p1a: Toxicroak
|-end|p1a: Toxicroak|Substitute
|-damage|p2a: Hydreigon|91/100|[from] item: Life Orb
|move|p1a: Toxicroak|Drain Punch|p2a: Hydreigon
|-supereffective|p2a: Hydreigon
|-damage|p2a: Hydreigon|16/100
|-heal|p1a: Toxicroak|100/100|[from] drain|[of] p2a: Hydreigon
|
|-weather|RainDance|[upkeep]
|upkeep
|turn|23
|inactive|edfdsfdf has 135 seconds left.
|inactive|edfdsfdf has 120 seconds left.
|
|move|p2a: Hydreigon|Dark Pulse|p1a: Toxicroak
|-resisted|p1a: Toxicroak
|-damage|p1a: Toxicroak|59/100
|-damage|p2a: Hydreigon|6/100|[from] item: Life Orb
|cant|p1a: Toxicroak|flinch
|
|-weather|RainDance|[upkeep]
|-heal|p1a: Toxicroak|72/100|[from] ability: Dry Skin
|-heal|p1a: Toxicroak|78/100|[from] item: Black Sludge
|upkeep
|turn|24
|inactive|JDaLoverBoy has 135 seconds left.
|
|move|p2a: Hydreigon|Taunt|p1a: Toxicroak
|-start|p1a: Toxicroak|move: Taunt
|cant|p1a: Toxicroak|move: Taunt|Substitute
|
|-weather|RainDance|[upkeep]
|-heal|p1a: Toxicroak|90/100|[from] ability: Dry Skin
|-heal|p1a: Toxicroak|97/100|[from] item: Black Sludge
|upkeep
|turn|25
|
|move|p2a: Hydreigon|Dark Pulse|p1a: Toxicroak
|-resisted|p1a: Toxicroak
|-crit|p1a: Toxicroak
|-damage|p1a: Toxicroak|19/100
|-damage|p2a: Hydreigon|0 fnt|[from] item: Life Orb
|faint|p2a: Hydreigon
|cant|p1a: Toxicroak|flinch
|
|-weather|RainDance|[upkeep]
|-heal|p1a: Toxicroak|32/100|[from] ability: Dry Skin
|-heal|p1a: Toxicroak|38/100|[from] item: Black Sludge
|upkeep
|
|switch|p2a: Politoed|Politoed, F|87/100
|turn|26
|
|move|p1a: Toxicroak|Drain Punch|p2a: Politoed
|-damage|p2a: Politoed|52/100
|-heal|p1a: Toxicroak|57/100|[from] drain|[of] p2a: Politoed
|move|p2a: Politoed|Ice Beam|p1a: Toxicroak
|-damage|p1a: Toxicroak|0 fnt
|faint|p1a: Toxicroak
|
|-weather|RainDance|[upkeep]
|upkeep
|
|switch|p1a: Volcarona|Volcarona, F|41/100
|-damage|p1a: Volcarona|0 fnt|[from] Stealth Rock
|faint|p1a: Volcarona
|
|win|edfdsfdf
|l|☆JDaLoverBoy
|raw|JDaLoverBoy's rating: 1312 &rarr; <strong>1300</strong><br />(-12 for losing)
|raw|edfdsfdf's rating: 1447 &rarr; <strong>1460</strong><br />(+13 for winning)
|l| colbur lati
|l|☆edfdsfdf
