|j|☆houkago stride
|j|☆succsacturne
|t:|1703167020
|gametype|singles
|player|p1|houkago stride|arezu|1335
|player|p2|succsacturne|morty-gen2|1579
|teamsize|p1|6
|teamsize|p2|6
|gen|5
|tier|[Gen 5] OU
|rated|
|rule|Species Clause: Limit one of each Pokémon
|rule|OHKO Clause: OHKO moves are banned
|rule|Moody Clause: Moody is banned
|rule|Evasion Items Clause: Evasion items are banned
|rule|Evasion Moves Clause: Evasion moves are banned
|rule|Endless Battle Clause: Forcing endless battles is banned
|rule|HP Percentage Mod: HP is shown in percentages
|rule|Evasion Abilities Clause: Evasion abilities are banned
|rule|Sleep Moves Clause: Sleep-inducing moves are banned
|rule|Swagger Clause: Swagger is banned
|rule|Baton Pass Stat Clause: No Baton Passer may have a way to boost its stats
|clearpoke
|poke|p1|Hippowdon, M|item
|poke|p1|Excadrill, M|item
|poke|p1|Terrakion|item
|poke|p1|Celebi|item
|poke|p1|Scizor, M|item
|poke|p1|Rotom-Wash|item
|poke|p2|Celebi|item
|poke|p2|Dragonite, M|item
|poke|p2|Landorus-Therian, M|item
|poke|p2|Mew|item
|poke|p2|Magnezone|item
|poke|p2|Excadrill, F|item
|teampreview
|inactive|Battle timer is ON: inactive players will automatically lose when time's up. (requested by houkago stride)
|j| April Waters
|
|t:|1703167039
|start
|switch|p1a: Rotom|Rotom-Wash|100/100
|switch|p2a: Landorus|Landorus-Therian, M|100/100
|-ability|p2a: Landorus|Intimidate|boost
|-unboost|p1a: Rotom|atk|1
|turn|1
|j| cazzetto
|
|t:|1703167049
|move|p2a: Landorus|U-turn|p1a: Rotom
|-damage|p1a: Rotom|77/100
|j| ghosted by brizz
|
|t:|1703167051
|switch|p2a: Celebi|Celebi|100/100|[from] U-turn
|move|p1a: Rotom|Will-O-Wisp|p2a: Celebi
|-status|p2a: Celebi|brn
|
|-heal|p1a: Rotom|83/100|[from] item: Leftovers
|-damage|p2a: Celebi|88/100 brn|[from] brn
|upkeep
|turn|2
|
|t:|1703167058
|move|p2a: Celebi|Stealth Rock|p1a: Rotom
|-sidestart|p1: houkago stride|move: Stealth Rock
|move|p1a: Rotom|Volt Switch|p2a: Celebi
|-resisted|p2a: Celebi
|-damage|p2a: Celebi|80/100 brn
|
|t:|1703167060
|switch|p1a: Scizor|Scizor, M|100/100|[from] Volt Switch
|-damage|p1a: Scizor|88/100|[from] Stealth Rock
|
|-heal|p2a: Celebi|87/100 brn|[from] item: Leftovers
|-damage|p2a: Celebi|74/100 brn|[from] brn
|upkeep
|turn|3
|
|t:|1703167063
|-curestatus|p2a: Celebi|brn|[from] ability: Natural Cure
|switch|p2a: Landorus|Landorus-Therian, M|100/100
|-ability|p2a: Landorus|Intimidate|boost
|-unboost|p1a: Scizor|atk|1
|move|p1a: Scizor|U-turn|p2a: Landorus
|-resisted|p2a: Landorus
|-damage|p2a: Landorus|86/100
|
|t:|1703167070
|switch|p1a: Rotom|Rotom-Wash|83/100|[from] U-turn
|-damage|p1a: Rotom|71/100|[from] Stealth Rock
|
|-heal|p1a: Rotom|77/100|[from] item: Leftovers
|upkeep
|turn|4
|
|t:|1703167075
|move|p2a: Landorus|U-turn|p1a: Rotom
|-damage|p1a: Rotom|55/100
|
|t:|1703167083
|switch|p2a: Celebi|Celebi|74/100|[from] U-turn
|move|p1a: Rotom|Volt Switch|p2a: Celebi
|-resisted|p2a: Celebi
|-damage|p2a: Celebi|67/100
|
|t:|1703167089
|switch|p1a: Terrakion|Terrakion|100/100|[from] Volt Switch
|-damage|p1a: Terrakion|94/100|[from] Stealth Rock
|
|-heal|p2a: Celebi|73/100|[from] item: Leftovers
|upkeep
|turn|5
|
|t:|1703167103
|switch|p2a: Landorus|Landorus-Therian, M|86/100
|-ability|p2a: Landorus|Intimidate|boost
|-unboost|p1a: Terrakion|atk|1
|move|p1a: Terrakion|X-Scissor|p2a: Landorus
|-resisted|p2a: Landorus
|-damage|p2a: Landorus|75/100
|
|upkeep
|turn|6
|
|t:|1703167110
|switch|p1a: Rotom|Rotom-Wash|55/100
|-damage|p1a: Rotom|43/100|[from] Stealth Rock
|move|p2a: Landorus|U-turn|p1a: Rotom
|-damage|p1a: Rotom|22/100
|
|t:|1703167112
|switch|p2a: Excadrill|Excadrill, F|100/100|[from] U-turn
|-ability|p2a: Excadrill|Mold Breaker
|
|-heal|p1a: Rotom|28/100|[from] item: Leftovers
|upkeep
|turn|7
|
|t:|1703167122
|move|p2a: Excadrill|Earthquake|p1a: Rotom
|-supereffective|p1a: Rotom
|-damage|p1a: Rotom|0 fnt
|faint|p1a: Rotom
|
|upkeep
|
|t:|1703167126
|switch|p1a: Terrakion|Terrakion|94/100
|-damage|p1a: Terrakion|88/100|[from] Stealth Rock
|turn|8
|j| acii
|
|t:|1703167134
|switch|p2a: Magnezone|Magnezone|100/100
|-item|p2a: Magnezone|Air Balloon
|move|p1a: Terrakion|Stone Edge|p2a: Magnezone
|-resisted|p2a: Magnezone
|-damage|p2a: Magnezone|75/100
|-enditem|p2a: Magnezone|Air Balloon
|
|upkeep
|turn|9
|
|t:|1703167147
|move|p1a: Terrakion|Substitute|p1a: Terrakion
|-start|p1a: Terrakion|Substitute
|-damage|p1a: Terrakion|63/100
|move|p2a: Magnezone|Flash Cannon|p1a: Terrakion
|-supereffective|p1a: Terrakion
|-end|p1a: Terrakion|Substitute
|
|upkeep
|turn|10
|
|t:|1703167150
|switch|p2a: Landorus|Landorus-Therian, M|75/100
|-ability|p2a: Landorus|Intimidate|boost
|-unboost|p1a: Terrakion|atk|1
|move|p1a: Terrakion|Close Combat|p2a: Landorus
|-resisted|p2a: Landorus
|-damage|p2a: Landorus|51/100
|-unboost|p1a: Terrakion|def|1
|-unboost|p1a: Terrakion|spd|1
|
|upkeep
|turn|11
|
|t:|1703167160
|switch|p1a: Hippowdon|Hippowdon, M|100/100
|-damage|p1a: Hippowdon|94/100|[from] Stealth Rock
|-weather|Sandstorm|[from] ability: Sand Stream|[of] p1a: Hippowdon
|move|p2a: Landorus|U-turn|p1a: Hippowdon
|-damage|p1a: Hippowdon|79/100
|
|t:|1703167165
|switch|p2a: Mew|Mew|100/100|[from] U-turn
|
|-weather|Sandstorm|[upkeep]
|-damage|p2a: Mew|94/100|[from] Sandstorm
|-heal|p2a: Mew|100/100|[from] item: Leftovers
|-heal|p1a: Hippowdon|85/100|[from] item: Leftovers
|upkeep
|turn|12
|
|t:|1703167171
|switch|p1a: Celebi|Celebi|100/100
|-damage|p1a: Celebi|88/100|[from] Stealth Rock
|move|p2a: Mew|Will-O-Wisp|p1a: Celebi
|-status|p1a: Celebi|brn
|
|-weather|Sandstorm|[upkeep]
|-damage|p2a: Mew|94/100|[from] Sandstorm
|-damage|p1a: Celebi|82/100 brn|[from] Sandstorm
|-heal|p2a: Mew|100/100|[from] item: Leftovers
|-heal|p1a: Celebi|88/100 brn|[from] item: Leftovers
|-damage|p1a: Celebi|76/100 brn|[from] brn
|upkeep
|turn|13
|
|t:|1703167176
|-curestatus|p1a: Celebi|brn|[from] ability: Natural Cure
|switch|p1a: Terrakion|Terrakion|63/100
|-damage|p1a: Terrakion|57/100|[from] Stealth Rock
|move|p2a: Mew|Taunt|p1a: Terrakion
|-start|p1a: Terrakion|move: Taunt
|
|-weather|Sandstorm|[upkeep]
|-damage|p2a: Mew|94/100|[from] Sandstorm
|-heal|p2a: Mew|100/100|[from] item: Leftovers
|upkeep
|turn|14
|
|t:|1703167182
|switch|p2a: Landorus|Landorus-Therian, M|51/100
|-ability|p2a: Landorus|Intimidate|boost
|-unboost|p1a: Terrakion|atk|1
|move|p1a: Terrakion|X-Scissor|p2a: Landorus
|-resisted|p2a: Landorus
|-damage|p2a: Landorus|41/100
|
|-weather|Sandstorm|[upkeep]
|upkeep
|turn|15
|l| acii
|
|t:|1703167189
|switch|p1a: Hippowdon|Hippowdon, M|85/100
|-damage|p1a: Hippowdon|79/100|[from] Stealth Rock
|move|p2a: Landorus|Earthquake|p1a: Hippowdon
|-crit|p1a: Hippowdon
|-damage|p1a: Hippowdon|14/100
|
|-weather|Sandstorm|[upkeep]
|-heal|p1a: Hippowdon|20/100|[from] item: Leftovers
|upkeep
|turn|16
|
|t:|1703167193
|move|p2a: Landorus|Earthquake|p1a: Hippowdon
|-damage|p1a: Hippowdon|0 fnt
|faint|p1a: Hippowdon
|
|-weather|Sandstorm|[upkeep]
|upkeep
|
|t:|1703167199
|switch|p1a: Scizor|Scizor, M|88/100
|-damage|p1a: Scizor|76/100|[from] Stealth Rock
|turn|17
|
|t:|1703167211
|switch|p2a: Magnezone|Magnezone|75/100
|move|p1a: Scizor|U-turn|p2a: Magnezone
|-resisted|p2a: Magnezone
|-damage|p2a: Magnezone|56/100
|
|t:|1703167221
|switch|p1a: Excadrill|Excadrill, M|100/100|[from] U-turn
|-damage|p1a: Excadrill|97/100|[from] Stealth Rock
|
|-weather|Sandstorm|[upkeep]
|-heal|p1a: Excadrill|100/100|[from] item: Leftovers
|upkeep
|turn|18
|
|t:|1703167225
|move|p1a: Excadrill|Earthquake|p2a: Magnezone
|-supereffective|p2a: Magnezone
|-damage|p2a: Magnezone|0 fnt
|faint|p2a: Magnezone
|
|-weather|Sandstorm|[upkeep]
|upkeep
|
|t:|1703167229
|switch|p2a: Landorus|Landorus-Therian, M|41/100
|-ability|p2a: Landorus|Intimidate|boost
|-unboost|p1a: Excadrill|atk|1
|turn|19
|
|t:|1703167233
|move|p1a: Excadrill|Protect|p1a: Excadrill
|-singleturn|p1a: Excadrill|Protect
|move|p2a: Landorus|Earthquake|p1a: Excadrill
|-activate|p1a: Excadrill|move: Protect
|
|-weather|Sandstorm|[upkeep]
|upkeep
|turn|20
|
|t:|1703167244
|switch|p2a: Dragonite|Dragonite, M|100/100
|switch|p1a: Celebi|Celebi|76/100
|-damage|p1a: Celebi|63/100|[from] Stealth Rock
|
|-weather|Sandstorm|[upkeep]
|-damage|p2a: Dragonite|94/100|[from] Sandstorm
|-damage|p1a: Celebi|57/100|[from] Sandstorm
|-heal|p2a: Dragonite|100/100|[from] item: Leftovers
|-heal|p1a: Celebi|63/100|[from] item: Leftovers
|upkeep
|turn|21
|
|t:|1703167249
|move|p2a: Dragonite|Substitute|p2a: Dragonite
|-start|p2a: Dragonite|Substitute
|-damage|p2a: Dragonite|76/100
|move|p1a: Celebi|Hidden Power|p2a: Dragonite
|-supereffective|p2a: Dragonite
|-end|p2a: Dragonite|Substitute
|
|-weather|Sandstorm|[upkeep]
|-damage|p2a: Dragonite|69/100|[from] Sandstorm
|-damage|p1a: Celebi|57/100|[from] Sandstorm
|-heal|p2a: Dragonite|76/100|[from] item: Leftovers
|-heal|p1a: Celebi|63/100|[from] item: Leftovers
|upkeep
|turn|22
|
|t:|1703167253
|move|p2a: Dragonite|Dragon Dance|p2a: Dragonite
|-boost|p2a: Dragonite|atk|1
|-boost|p2a: Dragonite|spe|1
|move|p1a: Celebi|Hidden Power|p2a: Dragonite
|-supereffective|p2a: Dragonite
|-damage|p2a: Dragonite|26/100
|
|-weather|Sandstorm|[upkeep]
|-damage|p2a: Dragonite|19/100|[from] Sandstorm
|-damage|p1a: Celebi|57/100|[from] Sandstorm
|-heal|p2a: Dragonite|26/100|[from] item: Leftovers
|-heal|p1a: Celebi|63/100|[from] item: Leftovers
|upkeep
|turn|23
|
|t:|1703167265
|switch|p1a: Excadrill|Excadrill, M|100/100
|-damage|p1a: Excadrill|97/100|[from] Stealth Rock
|move|p2a: Dragonite|Roost|p2a: Dragonite
|-heal|p2a: Dragonite|76/100
|-singleturn|p2a: Dragonite|move: Roost
|
|-weather|Sandstorm|[upkeep]
|-damage|p2a: Dragonite|70/100|[from] Sandstorm
|-heal|p2a: Dragonite|76/100|[from] item: Leftovers
|-heal|p1a: Excadrill|100/100|[from] item: Leftovers
|upkeep
|turn|24
|
|t:|1703167269
|move|p2a: Dragonite|Roost|p2a: Dragonite
|-heal|p2a: Dragonite|100/100
|-singleturn|p2a: Dragonite|move: Roost
|move|p1a: Excadrill|Iron Head|p2a: Dragonite
|-damage|p2a: Dragonite|76/100
|
|-weather|Sandstorm|[upkeep]
|-damage|p2a: Dragonite|69/100|[from] Sandstorm
|-heal|p2a: Dragonite|76/100|[from] item: Leftovers
|upkeep
|turn|25
|
|t:|1703167275
|switch|p2a: Excadrill|Excadrill, F|100/100
|-ability|p2a: Excadrill|Mold Breaker
|move|p1a: Excadrill|Iron Head|p2a: Excadrill
|-resisted|p2a: Excadrill
|-damage|p2a: Excadrill|62/100
|
|-weather|Sandstorm|[upkeep]
|-heal|p2a: Excadrill|68/100|[from] item: Leftovers
|upkeep
|turn|26
|
|t:|1703167281
|switch|p2a: Landorus|Landorus-Therian, M|41/100
|-ability|p2a: Landorus|Intimidate|boost
|-unboost|p1a: Excadrill|atk|1
|move|p1a: Excadrill|Earthquake|p2a: Landorus
|-immune|p2a: Landorus
|
|-weather|Sandstorm|[upkeep]
|upkeep
|turn|27
|
|t:|1703167284
|move|p1a: Excadrill|Protect|p1a: Excadrill
|-singleturn|p1a: Excadrill|Protect
|move|p2a: Landorus|Earthquake|p1a: Excadrill
|-activate|p1a: Excadrill|move: Protect
|
|-weather|Sandstorm|[upkeep]
|upkeep
|turn|28
|
|t:|1703167293
|switch|p2a: Excadrill|Excadrill, F|68/100
|-ability|p2a: Excadrill|Mold Breaker
|switch|p1a: Celebi|Celebi|63/100
|-damage|p1a: Celebi|51/100|[from] Stealth Rock
|
|-weather|Sandstorm|[upkeep]
|-damage|p1a: Celebi|45/100|[from] Sandstorm
|-heal|p2a: Excadrill|74/100|[from] item: Leftovers
|-heal|p1a: Celebi|51/100|[from] item: Leftovers
|upkeep
|turn|29
|
|t:|1703167298
|move|p2a: Excadrill|Iron Head|p1a: Celebi
|-damage|p1a: Celebi|16/100
|move|p1a: Celebi|Baton Pass|p1a: Celebi
|
|t:|1703167301
|switch|p1a: Terrakion|Terrakion|57/100|[from] Baton Pass
|-damage|p1a: Terrakion|51/100|[from] Stealth Rock
|
|-weather|Sandstorm|[upkeep]
|-heal|p2a: Excadrill|81/100|[from] item: Leftovers
|upkeep
|turn|30
|
|t:|1703167311
|move|p1a: Terrakion|Stone Edge|p2a: Excadrill
|-resisted|p2a: Excadrill
|-damage|p2a: Excadrill|61/100
|move|p2a: Excadrill|Earthquake|p1a: Terrakion
|-supereffective|p1a: Terrakion
|-damage|p1a: Terrakion|0 fnt
|faint|p1a: Terrakion
|
|-weather|Sandstorm|[upkeep]
|-heal|p2a: Excadrill|67/100|[from] item: Leftovers
|upkeep
|
|t:|1703167314
|switch|p1a: Excadrill|Excadrill, M|100/100
|-damage|p1a: Excadrill|97/100|[from] Stealth Rock
|turn|31
|
|t:|1703167317
|move|p2a: Excadrill|Earthquake|p1a: Excadrill
|-supereffective|p1a: Excadrill
|-damage|p1a: Excadrill|0 fnt
|faint|p1a: Excadrill
|
|-weather|Sandstorm|[upkeep]
|-heal|p2a: Excadrill|73/100|[from] item: Leftovers
|upkeep
|c| cazzetto|lmfao
|
|t:|1703167321
|switch|p1a: Scizor|Scizor, M|76/100
|-damage|p1a: Scizor|63/100|[from] Stealth Rock
|turn|32
|
|t:|1703167323
|switch|p2a: Dragonite|Dragonite, M|76/100
|move|p1a: Scizor|Superpower|p2a: Dragonite
|-resisted|p2a: Dragonite
|-damage|p2a: Dragonite|56/100
|-unboost|p1a: Scizor|atk|1
|-unboost|p1a: Scizor|def|1
|
|-weather|Sandstorm|[upkeep]
|-damage|p2a: Dragonite|50/100|[from] Sandstorm
|-heal|p2a: Dragonite|56/100|[from] item: Leftovers
|upkeep
|turn|33
|
|t:|1703167328
|switch|p1a: Celebi|Celebi|16/100
|-damage|p1a: Celebi|4/100|[from] Stealth Rock
|move|p2a: Dragonite|Dragon Dance|p2a: Dragonite
|-boost|p2a: Dragonite|atk|1
|-boost|p2a: Dragonite|spe|1
|
|-weather|Sandstorm|[upkeep]
|-damage|p2a: Dragonite|50/100|[from] Sandstorm
|-damage|p1a: Celebi|0 fnt|[from] Sandstorm
|faint|p1a: Celebi
|-heal|p2a: Dragonite|56/100|[from] item: Leftovers
|upkeep
|
|t:|1703167331
|switch|p1a: Scizor|Scizor, M|63/100
|-damage|p1a: Scizor|51/100|[from] Stealth Rock
|turn|34
|
|t:|1703167334
|move|p1a: Scizor|Bullet Punch|p2a: Dragonite
|-damage|p2a: Dragonite|28/100
|move|p2a: Dragonite|Roost|p2a: Dragonite
|-heal|p2a: Dragonite|78/100
|-singleturn|p2a: Dragonite|move: Roost
|
|-weather|Sandstorm|[upkeep]
|-damage|p2a: Dragonite|72/100|[from] Sandstorm
|-heal|p2a: Dragonite|78/100|[from] item: Leftovers
|upkeep
|turn|35
|
|t:|1703167337
|move|p1a: Scizor|Bullet Punch|p2a: Dragonite
|-damage|p2a: Dragonite|46/100
|move|p2a: Dragonite|Roost|p2a: Dragonite
|-heal|p2a: Dragonite|96/100
|-singleturn|p2a: Dragonite|move: Roost
|
|-weather|Sandstorm|[upkeep]
|-damage|p2a: Dragonite|90/100|[from] Sandstorm
|-heal|p2a: Dragonite|96/100|[from] item: Leftovers
|upkeep
|turn|36
|
|t:|1703167345
|move|p1a: Scizor|Bullet Punch|p2a: Dragonite
|-damage|p2a: Dragonite|69/100
|move|p2a: Dragonite|Roost|p2a: Dragonite
|-heal|p2a: Dragonite|100/100
|-singleturn|p2a: Dragonite|move: Roost
|
|-weather|Sandstorm|[upkeep]
|-damage|p2a: Dragonite|94/100|[from] Sandstorm
|-heal|p2a: Dragonite|100/100|[from] item: Leftovers
|upkeep
|turn|37
|
|t:|1703167348
|move|p1a: Scizor|Bullet Punch|p2a: Dragonite
|-damage|p2a: Dragonite|86/100
|move|p2a: Dragonite|Dragon Claw|p1a: Scizor
|-resisted|p1a: Scizor
|-damage|p1a: Scizor|20/100
|
|-weather|Sandstorm|[upkeep]
|-damage|p2a: Dragonite|80/100|[from] Sandstorm
|-heal|p2a: Dragonite|86/100|[from] item: Leftovers
|upkeep
|turn|38
|
|t:|1703167350
|move|p1a: Scizor|Bullet Punch|p2a: Dragonite
|-damage|p2a: Dragonite|56/100
|move|p2a: Dragonite|Dragon Claw|p1a: Scizor
|-resisted|p1a: Scizor
|-damage|p1a: Scizor|0 fnt
|faint|p1a: Scizor
|
|win|succsacturne
|raw|houkago stride's rating: 1335 &rarr; <strong>1327</strong><br />(-8 for losing)
|raw|succsacturne's rating: 1579 &rarr; <strong>1587</strong><br />(+8 for winning)
|l|☆houkago stride
