|j|☆CringLord!
|j|☆mudbathingl
|t:|1742340249
|gametype|singles
|player|p1|CringLord!|parasollady-gen4|1571
|player|p2|mudbathingl|richboy-gen4|1570
|teamsize|p1|6
|teamsize|p2|6
|gen|5
|tier|[Gen 5] OU
|rated|
|rule|Species Clause: Limit one of each Pokémon
|rule|OHKO Clause: OHKO moves are banned
|rule|Moody Clause: Moody is banned
|rule|Evasion Items Clause: Evasion items are banned
|rule|Evasion Moves Clause: Evasion moves are banned
|rule|Endless Battle Clause: Forcing endless battles is banned
|rule|HP Percentage Mod: HP is shown in percentages
|rule|Evasion Abilities Clause: Evasion abilities are banned
|rule|Sleep Moves Clause: Sleep-inducing moves are banned
|rule|Swagger Clause: Swagger is banned
|rule|Baton Pass Stat Clause: No Baton Passer may have a way to boost its stats
|clearpoke
|poke|p1|Skarmory, F|item
|poke|p1|Tyranitar, F|item
|poke|p1|Alakazam, M|item
|poke|p1|Latios, M|item
|poke|p1|Keldeo|item
|poke|p1|Excadrill, M|item
|poke|p2|Tyranitar, M|item
|poke|p2|Terrakion|item
|poke|p2|Latios, M|item
|poke|p2|Landorus-Therian, M|item
|poke|p2|Starmie|item
|poke|p2|Ferrothorn, M|item
|teampreview
|inactive|Battle timer is ON: inactive players will automatically lose when time's up. (requested by mudbathingl)
|
|t:|1742340265
|start
|switch|p1a: HOT TO GO!|Keldeo|100/100
|switch|p2a: Tyranitar|Tyranitar, M|100/100
|-weather|Sandstorm|[from] ability: Sand Stream|[of] p2a: Tyranitar
|turn|1
|
|t:|1742340271
|switch|p2a: Latios|Latios, M|100/100
|move|p1a: HOT TO GO!|Substitute|p1a: HOT TO GO!
|-start|p1a: HOT TO GO!|Substitute
|-damage|p1a: HOT TO GO!|76/100
|
|-weather|Sandstorm|[upkeep]
|-damage|p2a: Latios|95/100|[from] Sandstorm
|-damage|p1a: HOT TO GO!|70/100|[from] Sandstorm
|-heal|p1a: HOT TO GO!|76/100|[from] item: Leftovers
|upkeep
|turn|2
|
|t:|1742340275
|move|p1a: HOT TO GO!|Protect|p1a: HOT TO GO!
|-singleturn|p1a: HOT TO GO!|Protect
|move|p2a: Latios|Draco Meteor|p1a: HOT TO GO!
|-activate|p1a: HOT TO GO!|move: Protect
|
|-weather|Sandstorm|[upkeep]
|-damage|p2a: Latios|89/100|[from] Sandstorm
|-damage|p1a: HOT TO GO!|70/100|[from] Sandstorm
|-heal|p1a: HOT TO GO!|76/100|[from] item: Leftovers
|upkeep
|turn|3
|
|t:|1742340279
|move|p2a: Latios|Draco Meteor|p1a: HOT TO GO!
|-end|p1a: HOT TO GO!|Substitute
|-unboost|p2a: Latios|spa|2
|move|p1a: HOT TO GO!|Scald|p2a: Latios
|-resisted|p2a: Latios
|-damage|p2a: Latios|67/100
|
|-weather|Sandstorm|[upkeep]
|-damage|p2a: Latios|61/100|[from] Sandstorm
|-damage|p1a: HOT TO GO!|70/100|[from] Sandstorm
|-heal|p1a: HOT TO GO!|76/100|[from] item: Leftovers
|upkeep
|turn|4
|
|t:|1742340289
|switch|p2a: Starmie|Starmie|100/100
|-item|p2a: Starmie|Air Balloon
|move|p1a: HOT TO GO!|Scald|p2a: Starmie
|-resisted|p2a: Starmie
|-crit|p2a: Starmie
|-damage|p2a: Starmie|36/100
|-enditem|p2a: Starmie|Air Balloon
|
|-weather|Sandstorm|[upkeep]
|-damage|p2a: Starmie|30/100|[from] Sandstorm
|-damage|p1a: HOT TO GO!|70/100|[from] Sandstorm
|-heal|p1a: HOT TO GO!|76/100|[from] item: Leftovers
|upkeep
|turn|5
|
|t:|1742340307
|switch|p1a: Pink Pony Club|Excadrill, M, shiny|100/100
|-ability|p1a: Pink Pony Club|Mold Breaker
|move|p2a: Starmie|Thunderbolt|p1a: Pink Pony Club
|-immune|p1a: Pink Pony Club
|
|-weather|Sandstorm|[upkeep]
|-damage|p2a: Starmie|24/100|[from] Sandstorm
|upkeep
|turn|6
|
|t:|1742340314
|switch|p2a: Landorus|Landorus-Therian, M|100/100
|-ability|p2a: Landorus|Intimidate|boost
|-unboost|p1a: Pink Pony Club|atk|1
|move|p1a: Pink Pony Club|Iron Head|p2a: Landorus
|-damage|p2a: Landorus|66/100
|
|-weather|Sandstorm|[upkeep]
|upkeep
|turn|7
|
|t:|1742340328
|switch|p1a: Casual|Skarmory, F|100/100
|move|p2a: Landorus|U-turn|p1a: Casual
|-resisted|p1a: Casual
|-damage|p1a: Casual|95/100
|-damage|p2a: Landorus|50/100|[from] item: Rocky Helmet|[of] p1a: Casual
|
|t:|1742340341
|switch|p2a: Starmie|Starmie|24/100|[from] U-turn
|
|-weather|Sandstorm|[upkeep]
|-damage|p2a: Starmie|18/100|[from] Sandstorm
|upkeep
|turn|8
|
|t:|1742340353
|move|p2a: Starmie|Hydro Pump|p1a: Casual
|-damage|p1a: Casual|48/100
|move|p1a: Casual|Roost|p1a: Casual
|-heal|p1a: Casual|98/100
|-singleturn|p1a: Casual|move: Roost
|
|-weather|Sandstorm|[upkeep]
|-damage|p2a: Starmie|12/100|[from] Sandstorm
|upkeep
|turn|9
|
|t:|1742340366
|switch|p2a: Tyranitar|Tyranitar, M|100/100
|move|p1a: Casual|Roost|p1a: Casual
|-heal|p1a: Casual|100/100
|-singleturn|p1a: Casual|move: Roost
|
|-weather|Sandstorm|[upkeep]
|upkeep
|turn|10
|
|t:|1742340374
|move|p1a: Casual|Spikes|p2a: Tyranitar
|-sidestart|p2: mudbathingl|Spikes
|move|p2a: Tyranitar|Flamethrower|p1a: Casual
|-supereffective|p1a: Casual
|-damage|p1a: Casual|59/100
|
|-weather|Sandstorm|[upkeep]
|upkeep
|turn|11
|
|t:|1742340378
|move|p1a: Casual|Roost|p1a: Casual
|-heal|p1a: Casual|100/100
|-singleturn|p1a: Casual|move: Roost
|move|p2a: Tyranitar|Stealth Rock|p1a: Casual
|-sidestart|p1: CringLord!|move: Stealth Rock
|
|-weather|Sandstorm|[upkeep]
|upkeep
|turn|12
|
|t:|1742340397
|switch|p1a: HOT TO GO!|Keldeo|76/100
|-damage|p1a: HOT TO GO!|70/100|[from] Stealth Rock
|switch|p2a: Latios|Latios, M|61/100
|
|-weather|Sandstorm|[upkeep]
|-damage|p2a: Latios|55/100|[from] Sandstorm
|-damage|p1a: HOT TO GO!|63/100|[from] Sandstorm
|-heal|p1a: HOT TO GO!|70/100|[from] item: Leftovers
|upkeep
|turn|13
|
|t:|1742340408
|move|p1a: HOT TO GO!|Protect|p1a: HOT TO GO!
|-singleturn|p1a: HOT TO GO!|Protect
|move|p2a: Latios|Roost|p2a: Latios
|-heal|p2a: Latios|100/100
|-singleturn|p2a: Latios|move: Roost
|
|-weather|Sandstorm|[upkeep]
|-damage|p2a: Latios|95/100|[from] Sandstorm
|-damage|p1a: HOT TO GO!|63/100|[from] Sandstorm
|-heal|p1a: HOT TO GO!|70/100|[from] item: Leftovers
|upkeep
|turn|14
|
|t:|1742340418
|switch|p2a: Ferrothorn|Ferrothorn, M|100/100
|-damage|p2a: Ferrothorn|88/100|[from] Spikes
|move|p1a: HOT TO GO!|Scald|p2a: Ferrothorn
|-resisted|p2a: Ferrothorn
|-damage|p2a: Ferrothorn|71/100
|
|-weather|Sandstorm|[upkeep]
|-damage|p1a: HOT TO GO!|63/100|[from] Sandstorm
|-heal|p1a: HOT TO GO!|70/100|[from] item: Leftovers
|upkeep
|turn|15
|
|t:|1742340429
|switch|p2a: Latios|Latios, M|95/100
|move|p1a: HOT TO GO!|Substitute|p1a: HOT TO GO!
|-start|p1a: HOT TO GO!|Substitute
|-damage|p1a: HOT TO GO!|45/100
|
|-weather|Sandstorm|[upkeep]
|-damage|p2a: Latios|89/100|[from] Sandstorm
|-damage|p1a: HOT TO GO!|39/100|[from] Sandstorm
|-heal|p1a: HOT TO GO!|45/100|[from] item: Leftovers
|upkeep
|turn|16
|
|t:|1742340436
|move|p2a: Latios|Draco Meteor|p1a: HOT TO GO!|[miss]
|-miss|p2a: Latios|p1a: HOT TO GO!
|move|p1a: HOT TO GO!|Scald|p2a: Latios
|-resisted|p2a: Latios
|-damage|p2a: Latios|66/100
|
|-weather|Sandstorm|[upkeep]
|-damage|p2a: Latios|60/100|[from] Sandstorm
|-damage|p1a: HOT TO GO!|39/100|[from] Sandstorm
|-heal|p1a: HOT TO GO!|45/100|[from] item: Leftovers
|upkeep
|turn|17
|
|t:|1742340440
|move|p2a: Latios|Draco Meteor|p1a: HOT TO GO!
|-end|p1a: HOT TO GO!|Substitute
|-unboost|p2a: Latios|spa|2
|move|p1a: HOT TO GO!|Scald|p2a: Latios
|-resisted|p2a: Latios
|-damage|p2a: Latios|39/100
|
|-weather|Sandstorm|[upkeep]
|-damage|p2a: Latios|33/100|[from] Sandstorm
|-damage|p1a: HOT TO GO!|39/100|[from] Sandstorm
|-heal|p1a: HOT TO GO!|45/100|[from] item: Leftovers
|upkeep
|turn|18
|
|t:|1742340447
|move|p2a: Latios|Draco Meteor|p1a: HOT TO GO!
|-damage|p1a: HOT TO GO!|0 fnt
|-unboost|p2a: Latios|spa|2
|faint|p1a: HOT TO GO!
|
|-weather|Sandstorm|[upkeep]
|-damage|p2a: Latios|27/100|[from] Sandstorm
|upkeep
|
|t:|1742340459
|switch|p1a: Good Luck Babe!|Tyranitar, F|100/100
|-damage|p1a: Good Luck Babe!|88/100|[from] Stealth Rock
|turn|19
|
|t:|1742340466
|move|p2a: Latios|Draco Meteor|p1a: Good Luck Babe!
|-damage|p1a: Good Luck Babe!|70/100
|-unboost|p2a: Latios|spa|2
|move|p1a: Good Luck Babe!|Stealth Rock|p2a: Latios
|-sidestart|p2: mudbathingl|move: Stealth Rock
|
|-weather|Sandstorm|[upkeep]
|-damage|p2a: Latios|21/100|[from] Sandstorm
|upkeep
|turn|20
|
|t:|1742340469
|move|p2a: Latios|Draco Meteor|p1a: Good Luck Babe!
|-damage|p1a: Good Luck Babe!|56/100
|move|p1a: Good Luck Babe!|Pursuit|p2a: Latios
|-supereffective|p2a: Latios
|-damage|p2a: Latios|0 fnt
|faint|p2a: Latios
|
|-weather|Sandstorm|[upkeep]
|upkeep
|
|t:|1742340478
|switch|p2a: Terrakion|Terrakion|100/100
|-damage|p2a: Terrakion|88/100|[from] Spikes
|-damage|p2a: Terrakion|82/100|[from] Stealth Rock
|turn|21
|
|t:|1742340500
|move|p2a: Terrakion|Close Combat|p1a: Good Luck Babe!
|-supereffective|p1a: Good Luck Babe!
|-enditem|p1a: Good Luck Babe!|Chople Berry|[eat]
|-enditem|p1a: Good Luck Babe!|Chople Berry|[weaken]
|-damage|p1a: Good Luck Babe!|0 fnt
|-unboost|p2a: Terrakion|def|1
|-unboost|p2a: Terrakion|spd|1
|faint|p1a: Good Luck Babe!
|-damage|p2a: Terrakion|72/100|[from] item: Life Orb
|
|-weather|Sandstorm|[upkeep]
|upkeep
|inactive|CringLord! has 120 seconds left.
|
|t:|1742340516
|switch|p1a: Femininomenon|Latios, M, shiny|100/100
|-damage|p1a: Femininomenon|88/100|[from] Stealth Rock
|turn|22
|
|t:|1742340526
|switch|p2a: Ferrothorn|Ferrothorn, M|71/100
|-damage|p2a: Ferrothorn|59/100|[from] Spikes
|-damage|p2a: Ferrothorn|52/100|[from] Stealth Rock
|move|p1a: Femininomenon|Surf|p2a: Ferrothorn
|-resisted|p2a: Ferrothorn
|-damage|p2a: Ferrothorn|41/100
|
|-weather|Sandstorm|[upkeep]
|-damage|p1a: Femininomenon|82/100|[from] Sandstorm
|upkeep
|turn|23
|
|t:|1742340549
|move|p1a: Femininomenon|Hidden Power|p2a: Ferrothorn
|-supereffective|p2a: Ferrothorn
|-damage|p2a: Ferrothorn|0 fnt
|faint|p2a: Ferrothorn
|
|-weather|Sandstorm|[upkeep]
|-damage|p1a: Femininomenon|76/100|[from] Sandstorm
|upkeep
|
|t:|1742340555
|switch|p2a: Landorus|Landorus-Therian, M|50/100
|-damage|p2a: Landorus|37/100|[from] Stealth Rock
|-ability|p2a: Landorus|Intimidate|boost
|-unboost|p1a: Femininomenon|atk|1
|turn|24
|
|t:|1742340564
|switch|p1a: Casual|Skarmory, F|100/100
|-damage|p1a: Casual|88/100|[from] Stealth Rock
|move|p2a: Landorus|U-turn|p1a: Casual
|-resisted|p1a: Casual
|-damage|p1a: Casual|83/100
|-damage|p2a: Landorus|21/100|[from] item: Rocky Helmet|[of] p1a: Casual
|
|t:|1742340588
|switch|p2a: Terrakion|Terrakion|72/100|[from] U-turn
|-damage|p2a: Terrakion|60/100|[from] Spikes
|-damage|p2a: Terrakion|53/100|[from] Stealth Rock
|
|-weather|Sandstorm|[upkeep]
|upkeep
|turn|25
|
|t:|1742340608
|switch|p1a: Red Wine Supernova|Alakazam, M|100/100
|move|p2a: Terrakion|Swords Dance|p2a: Terrakion
|-boost|p2a: Terrakion|atk|2
|
|-weather|Sandstorm|[upkeep]
|upkeep
|turn|26
|
|t:|1742340619
|switch|p2a: Starmie|Starmie|12/100
|-damage|p2a: Starmie|0 fnt|[from] Spikes
|faint|p2a: Starmie
|move|p1a: Red Wine Supernova|Grass Knot|p2: Starmie|[notarget]
|-fail|p1a: Red Wine Supernova
|
|-weather|Sandstorm|[upkeep]
|upkeep
|
|t:|1742340622
|switch|p2a: Tyranitar|Tyranitar, M|100/100
|-damage|p2a: Tyranitar|88/100|[from] Spikes
|-damage|p2a: Tyranitar|76/100|[from] Stealth Rock
|turn|27
|
|t:|1742340632
|move|p1a: Red Wine Supernova|Grass Knot|p2a: Tyranitar
|-supereffective|p2a: Tyranitar
|-damage|p2a: Tyranitar|24/100
|move|p2a: Tyranitar|Crunch|p1a: Red Wine Supernova
|-supereffective|p1a: Red Wine Supernova
|-damage|p1a: Red Wine Supernova|0 fnt
|faint|p1a: Red Wine Supernova
|
|-weather|Sandstorm|[upkeep]
|upkeep
|
|t:|1742340641
|switch|p1a: Pink Pony Club|Excadrill, M, shiny|100/100
|-damage|p1a: Pink Pony Club|97/100|[from] Stealth Rock
|-ability|p1a: Pink Pony Club|Mold Breaker
|turn|28
|-message|mudbathingl forfeited.
|
|win|CringLord!
|raw|CringLord!'s rating: 1571 &rarr; <strong>1591</strong><br />(+20 for winning)
|raw|mudbathingl's rating: 1570 &rarr; <strong>1550</strong><br />(-20 for losing)
|l|☆mudbathingl
|player|p2|
