|j|☆uncertainty of tmr
|j|☆nice succ
|player|p1|uncertainty of tmr|50|1499
|player|p2|nice succ|233|1334
|teamsize|p1|6
|teamsize|p2|6
|gametype|singles
|gen|5
|tier|[Gen 5] OU
|rated|
|rule|Sleep Clause Mod: Limit one foe put to sleep
|rule|Species Clause: Limit one of each Pokémon
|rule|OHKO Clause: OHKO moves are banned
|rule|Moody Clause: Moody is banned
|rule|Evasion Moves Clause: Evasion moves are banned
|rule|Endless Battle Clause: Forcing endless battles is banned
|rule|HP Percentage Mod: HP is shown in percentages
|rule|Evasion Abilities Clause: Evasion abilities are banned
|rule|Baton Pass Clause: Limit one Baton Passer, can't pass Spe and other stats simultaneously
|rule|Swagger Clause: Swagger is banned
|clearpoke
|poke|p1|Gengar, M|item
|poke|p1|Dragonite, M|item
|poke|p1|Alakazam, M|item
|poke|p1|Toxicroak, M|item
|poke|p1|Skarmory, F|item
|poke|p1|Scizor, F|item
|poke|p2|Tyranitar, F|item
|poke|p2|Latios, M|item
|poke|p2|Magnezone|item
|poke|p2|Amoonguss, F|item
|poke|p2|Skarmory, M|item
|poke|p2|Garchomp, F|item
|teampreview
|inactive|Battle timer is ON: inactive players will automatically lose when time's up. (requested by uncertainty of tmr)
|c|☆uncertainty of tmr|Defog skarm
|
|start
|switch|p1a: Skarmory|Skarmory, F|100/100
|switch|p2a: Tyranitar|Tyranitar, F|100/100
|-weather|Sandstorm|[from] ability: Sand Stream|[of] p2a: Tyranitar
|turn|1
|
|move|p1a: Skarmory|Taunt|p2a: Tyranitar
|-start|p2a: Tyranitar|move: Taunt
|cant|p2a: Tyranitar|move: Taunt|Stealth Rock
|
|-weather|Sandstorm|[upkeep]
|upkeep
|turn|2
|
|switch|p2a: Magnezone|Magnezone|100/100
|move|p1a: Skarmory|Stealth Rock|p2a: Magnezone
|-sidestart|p2: nice succ|move: Stealth Rock
|
|-weather|Sandstorm|[upkeep]
|upkeep
|turn|3
|
|move|p2a: Magnezone|Thunderbolt|p1a: Skarmory
|-supereffective|p1a: Skarmory
|-ability|p1a: Skarmory|Sturdy
|-damage|p1a: Skarmory|1/100
|move|p1a: Skarmory|Spikes|p2a: Magnezone
|-sidestart|p2: nice succ|Spikes
|
|-weather|Sandstorm|[upkeep]
|upkeep
|turn|4
|-enditem|p1a: Skarmory|Custap Berry|[eat]
|-activate|p1a: Skarmory|item: Custap Berry|[consumed]
|
|move|p1a: Skarmory|Spikes|p2a: Magnezone
|-sidestart|p2: nice succ|Spikes
|move|p2a: Magnezone|Thunderbolt|p1a: Skarmory
|-supereffective|p1a: Skarmory
|-damage|p1a: Skarmory|0 fnt
|faint|p1a: Skarmory
|
|-weather|Sandstorm|[upkeep]
|upkeep
|
|switch|p1a: Alakazam|Alakazam, M|100/100
|turn|5
|
|move|p1a: Alakazam|Focus Blast|p2a: Magnezone
|-supereffective|p2a: Magnezone
|-damage|p2a: Magnezone|0 fnt
|faint|p2a: Magnezone
|
|-weather|Sandstorm|[upkeep]
|upkeep
|
|switch|p2a: Garchomp|Garchomp, F|100/100
|-damage|p2a: Garchomp|94/100|[from] Stealth Rock
|-damage|p2a: Garchomp|78/100|[from] Spikes
|turn|6
|inactive|uncertainty of tmr has 120 seconds left.
|inactive|uncertainty of tmr has 90 seconds left.
|
|switch|p1a: Scizor|Scizor, F|100/100
|move|p2a: Garchomp|Earthquake|p1a: Scizor
|-damage|p1a: Scizor|43/100
|
|-weather|Sandstorm|[upkeep]
|upkeep
|turn|7
|inactive|uncertainty of tmr has 90 seconds left.
|
|move|p1a: Scizor|Bullet Punch|p2a: Garchomp
|-damage|p2a: Garchomp|39/100
|-damage|p1a: Scizor|31/100|[from] ability: Rough Skin|[of] p2a: Garchomp
|move|p2a: Garchomp|Earthquake|p1a: Scizor
|-damage|p1a: Scizor|0 fnt
|faint|p1a: Scizor
|
|-weather|Sandstorm|[upkeep]
|upkeep
|
|switch|p1a: Alakazam|Alakazam, M|100/100
|turn|8
|
|move|p1a: Alakazam|Hidden Power|p2a: Garchomp
|-supereffective|p2a: Garchomp
|-enditem|p2a: Garchomp|Yache Berry|[eat]
|-enditem|p2a: Garchomp|Yache Berry|[weaken]
|-damage|p2a: Garchomp|0 fnt
|faint|p2a: Garchomp
|
|-weather|Sandstorm|[upkeep]
|upkeep
|
|switch|p2a: Latios|Latios, M|100/100
|-damage|p2a: Latios|88/100|[from] Stealth Rock
|turn|9
|
|move|p1a: Alakazam|Shadow Ball|p2a: Latios
|-supereffective|p2a: Latios
|-damage|p2a: Latios|31/100
|move|p2a: Latios|Psyshock|p1a: Alakazam
|-resisted|p1a: Alakazam
|-damage|p1a: Alakazam|14/100
|
|-weather|Sandstorm|[upkeep]
|-damage|p2a: Latios|25/100|[from] Sandstorm
|upkeep
|turn|10
|
|move|p1a: Alakazam|Hidden Power|p2a: Latios
|-supereffective|p2a: Latios
|-crit|p2a: Latios
|-damage|p2a: Latios|0 fnt
|faint|p2a: Latios
|
|-weather|Sandstorm|[upkeep]
|upkeep
|
|switch|p2a: Tyranitar|Tyranitar, F|100/100
|-damage|p2a: Tyranitar|88/100|[from] Stealth Rock
|-damage|p2a: Tyranitar|71/100|[from] Spikes
|turn|11
|
|move|p1a: Alakazam|Focus Blast|p2a: Tyranitar
|-supereffective|p2a: Tyranitar
|-damage|p2a: Tyranitar|0 fnt
|faint|p2a: Tyranitar
|
|-weather|Sandstorm|[upkeep]
|upkeep
|c|☆nice succ|click click click
|c|☆uncertainty of tmr|Phew no chople
|c|☆uncertainty of tmr|Thought you would c team
|c|☆uncertainty of tmr|After getting curb stomped
|c|☆uncertainty of tmr|Nice succ
|inactive|nice succ has 120 seconds left.
|c|☆nice succ|dude really think focus blast is 100%accurate
|c|☆uncertainty of tmr|Is what i say to ur mom every morninhlg
|c|☆uncertainty of tmr|Morning
|c|☆uncertainty of tmr|Mob barley?
|c|☆uncertainty of tmr|Idk who else that dumb
|inactive|nice succ has 90 seconds left.
|
|switch|p2a: Amoonguss|Amoonguss, F|100/100
|-damage|p2a: Amoonguss|84/100|[from] Spikes
|-damage|p2a: Amoonguss|71/100|[from] Stealth Rock
|turn|12
|c|☆uncertainty of tmr|Has skarm
|c|☆nice succ|you really like big penis
|
|move|p1a: Alakazam|Psychic|p2a: Amoonguss
|-supereffective|p2a: Amoonguss
|-damage|p2a: Amoonguss|3/100
|move|p2a: Amoonguss|Giga Drain|p1a: Alakazam
|-damage|p1a: Alakazam|0 fnt
|-heal|p2a: Amoonguss|7/100|[from] drain|[of] p1a: Alakazam
|faint|p1a: Alakazam
|
|-weather|Sandstorm|[upkeep]
|-damage|p2a: Amoonguss|1/100|[from] Sandstorm
|-heal|p2a: Amoonguss|7/100|[from] item: Black Sludge
|upkeep
|c|☆uncertainty of tmr|Goes into psn type
|
|switch|p1a: Dragonite|Dragonite, M|100/100
|turn|13
|
|move|p1a: Dragonite|Fire Punch|p2a: Amoonguss
|-supereffective|p2a: Amoonguss
|-damage|p2a: Amoonguss|0 fnt
|faint|p2a: Amoonguss
|
|-weather|Sandstorm|[upkeep]
|-damage|p1a: Dragonite|94/100|[from] Sandstorm
|upkeep
|
|switch|p2a: Skarmory|Skarmory, M|100/100
|-damage|p2a: Skarmory|88/100|[from] Stealth Rock
|turn|14
|
|move|p1a: Dragonite|Fire Punch|p2a: Skarmory
|-supereffective|p2a: Skarmory
|-damage|p2a: Skarmory|50/100
|-damage|p1a: Dragonite|78/100|[from] item: Rocky Helmet|[of] p2a: Skarmory
|move|p2a: Skarmory|Taunt|p1a: Dragonite
|-start|p1a: Dragonite|move: Taunt
|
|-weather|Sandstorm|[upkeep]
|-damage|p1a: Dragonite|72/100|[from] Sandstorm
|upkeep
|turn|15
|
|move|p1a: Dragonite|Fire Punch|p2a: Skarmory
|-supereffective|p2a: Skarmory
|-crit|p2a: Skarmory
|-damage|p2a: Skarmory|0 fnt
|-damage|p1a: Dragonite|55/100|[from] item: Rocky Helmet|[of] p2a: Skarmory
|faint|p2a: Skarmory
|
|win|uncertainty of tmr
|raw|uncertainty of tmr's rating: 1499 &rarr; <strong>1510</strong><br />(+11 for winning)
|raw|nice succ's rating: 1334 &rarr; <strong>1323</strong><br />(-11 for losing)
|c|☆uncertainty of tmr|Ez
|c|☆uncertainty of tmr|Af
|l|☆nice succ
