|join|(LoD)Marcos
|join|N3CTRO FR
|player|p1|(LoD)Marcos|101
|player|p2|N3CTRO FR|23
|gametype|singles
|gen|5
|tier|[Gen 5] OU
|rated
|rule|Evasion Abilities Clause: Evasion abilities are banned
|clearpoke
|poke|p1|Gengar, M
|poke|p1|Volcarona, F
|poke|p1|Salamence, M
|poke|p1|Jirachi
|poke|p1|Mienshao, F
|poke|p1|Scrafty, M
|poke|p2|Politoed, F, shiny
|poke|p2|Thundurus-Therian, M, shiny
|poke|p2|Toxicroak, F, shiny
|poke|p2|Tentacruel, M, shiny
|poke|p2|Jirachi
|poke|p2|Tornadus, M, shiny
|rule|Sleep Clause Mod: Limit one foe put to sleep
|rule|Species Clause: Limit one of each Pokemon
|rule|OHKO Clause: OHKO moves are banned
|rule|Moody Clause: Moody is banned
|rule|Evasion Moves Clause: Evasion moves are banned
|rule|Endless Battle Clause: Forcing endless battles is banned.
|rule|HP Percentage Mod: HP is reported as percentages
|teampreview
|chat|N3CTRO FR|nooooooo
|
|start
|switch|p1a: Gengar|Gengar, M|262/262
|switch|p2a: Oiseau-Bizarre|Thundurus-Therian, M, shiny|300/300
|turn|1
|
|move|p2a: Oiseau-Bizarre|Volt Switch|p1a: Gengar
|-damage|p1a: Gengar|85/262
|
|switch|p2a: Jiraichier|Jirachi|370/370
|move|p1a: Gengar|Shadow Ball|p2a: Jiraichier
|-damage|p2a: Jiraichier|249/370
|
|-heal|p2a: Jiraichier|272/370|[from] item: Leftovers
|turn|2
|
|move|p1a: Gengar|Hypnosis|p2a: Jiraichier|[miss]
|-miss|p1a: Gengar|p2a: Jiraichier
|move|p2a: Jiraichier|Thunder Wave|p1a: Gengar
|-status|p1a: Gengar|par
|
|-heal|p2a: Jiraichier|295/370|[from] item: Leftovers
|turn|3
|
|move|p2a: Jiraichier|Stealth Rock|p1a: Gengar
|-sidestart|p1: (LoD)Marcos|move: Stealth Rock
|move|p1a: Gengar|Shadow Ball|p2a: Jiraichier
|-damage|p2a: Jiraichier|153/370
|
|-heal|p2a: Jiraichier|176/370|[from] item: Leftovers
|turn|4
|
|move|p2a: Jiraichier|Iron Head|p1a: Gengar
|-damage|p1a: Gengar|0 fnt
|faint|p1a: Gengar
|
|-heal|p2a: Jiraichier|199/370|[from] item: Leftovers
|
|switch|p1a: Mienshao|Mienshao, F|271/271
|-damage|p1a: Mienshao|255/271|[from] Stealth Rock
|turn|5
|
|move|p1a: Mienshao|High Jump Kick|p2a: Jiraichier
|-damage|p2a: Jiraichier|0 fnt
|-damage|p1a: Mienshao|228/271|[from] item: Life Orb
|faint|p2a: Jiraichier
|
|
|switch|p2a: Grenouille|Politoed, F, shiny|383/383
|-weather|RainDance|[from] ability: Drizzle|[of] p2a: Grenouille
|turn|6
|
|move|p1a: Mienshao|High Jump Kick|p2a: Grenouille
|-damage|p2a: Grenouille|24/383
|-damage|p1a: Mienshao|201/271|[from] item: Life Orb
|move|p2a: Grenouille|Psychic|p1a: Mienshao
|-supereffective|p1a: Mienshao
|-damage|p1a: Mienshao|0 fnt
|faint|p1a: Mienshao
|
|-weather|RainDance|[upkeep]
|-heal|p2a: Grenouille|47/383|[from] item: Leftovers
|
|switch|p1a: Scrafty|Scrafty, M|271/271
|-damage|p1a: Scrafty|255/271|[from] Stealth Rock
|turn|7
|
|move|p1a: Scrafty|Dragon Dance|p1a: Scrafty
|-boost|p1a: Scrafty|atk|1
|-boost|p1a: Scrafty|spe|1
|move|p2a: Grenouille|Psychic|p1a: Scrafty
|-immune|p1a: Scrafty|[msg]
|
|-weather|RainDance|[upkeep]
|-heal|p2a: Grenouille|70/383|[from] item: Leftovers
|turn|8
|
|move|p1a: Scrafty|Dragon Dance|p1a: Scrafty
|-boost|p1a: Scrafty|atk|1
|-boost|p1a: Scrafty|spe|1
|move|p2a: Grenouille|Perish Song|p2a: Grenouille
|-fieldactivate|move: Perish Song
|
|-start|p1a: Scrafty|perish3
|-start|p2a: Grenouille|perish3
|-weather|RainDance|[upkeep]
|-heal|p2a: Grenouille|93/383|[from] item: Leftovers
|turn|9
|
|move|p1a: Scrafty|Drain Punch|p2a: Grenouille
|-damage|p2a: Grenouille|0 fnt
|-heal|p1a: Scrafty|271/271|[from] drain|[of] p2a: Grenouille
|faint|p2a: Grenouille
|-boost|p1a: Scrafty|atk|1|[from] ability: Moxie
|
|-start|p1a: Scrafty|perish2
|-weather|RainDance|[upkeep]
|
|switch|p2a: Meduse|Tentacruel, M, shiny|363/363
|turn|10
|
|move|p1a: Scrafty|Crunch|p2a: Meduse
|-damage|p2a: Meduse|81/363
|move|p2a: Meduse|Substitute|p2a: Meduse
|-fail|p2a: Meduse|move: Substitute|[weak]
|
|-start|p1a: Scrafty|perish1
|-weather|RainDance|[upkeep]
|-heal|p2a: Meduse|103/363|[from] ability: Rain Dish
|-heal|p2a: Meduse|125/363|[from] item: Black Sludge
|turn|11
|
|move|p1a: Scrafty|Ice Punch|p2a: Meduse
|-resisted|p2a: Meduse
|-damage|p2a: Meduse|39/363
|move|p2a: Meduse|Scald|p1a: Scrafty
|-damage|p1a: Scrafty|175/271
|
|-start|p1a: Scrafty|perish0
|-weather|RainDance|[upkeep]
|-heal|p2a: Meduse|61/363|[from] ability: Rain Dish
|-heal|p2a: Meduse|83/363|[from] item: Black Sludge
|faint|p1a: Scrafty
|
|switch|p1a: Salamence|Salamence, M|331/331
|-damage|p1a: Salamence|249/331|[from] Stealth Rock
|turn|12
|
|move|p1a: Salamence|Outrage|p2a: Meduse
|-damage|p2a: Meduse|0 fnt
|faint|p2a: Meduse
|-boost|p1a: Salamence|atk|1|[from] ability: Moxie
|
|-weather|RainDance|[upkeep]
|
|switch|p2a: Oiseau-Bizarre|Thundurus-Therian, M, shiny|300/300
|turn|13
|
|move|p1a: Salamence|Outrage|p2a: Oiseau-Bizarre
|-damage|p2a: Oiseau-Bizarre|0 fnt
|faint|p2a: Oiseau-Bizarre
|-boost|p1a: Salamence|atk|1|[from] ability: Moxie
|
|-end|p1a: Salamence|rampage
|-start|p1a: Salamence|confusion
|-weather|RainDance|[upkeep]
|
|switch|p2a: Genie de Lalampe|Tornadus, M, shiny|300/300
|turn|14
|
|-activate|p1a: Salamence|confusion
|-damage|p1a: Salamence|139/331|[from] confusion
|move|p2a: Genie de Lalampe|Hurricane|p1a: Salamence
|-damage|p1a: Salamence|0 fnt
|faint|p1a: Salamence
|
|-weather|RainDance|[upkeep]
|
|switch|p1a: Jirachi|Jirachi|397/397
|-damage|p1a: Jirachi|373/397|[from] Stealth Rock
|turn|15
|
|switch|p2a: Crapeau|Toxicroak, F, shiny|308/308
|move|p1a: Jirachi|Thunder|p2a: Crapeau
|-damage|p2a: Crapeau|179/308
|
|-weather|RainDance|[upkeep]
|-heal|p2a: Crapeau|217/308|[from] ability: Dry Skin
|-heal|p1a: Jirachi|397/397|[from] item: Leftovers
|-heal|p2a: Crapeau|236/308|[from] item: Black Sludge
|turn|16
|
|move|p1a: Jirachi|Psyshock|p2a: Crapeau
|-supereffective|p2a: Crapeau
|-damage|p2a: Crapeau|0 fnt
|faint|p2a: Crapeau
|
|-weather|RainDance|[upkeep]
|
|switch|p2a: Genie de Lalampe|Tornadus, M, shiny|300/300
|turn|17
|
|move|p2a: Genie de Lalampe|Focus Blast|p1a: Jirachi
|-damage|p1a: Jirachi|190/397
|move|p1a: Jirachi|Thunder|p2a: Genie de Lalampe
|-supereffective|p2a: Genie de Lalampe
|-damage|p2a: Genie de Lalampe|80/300
|
|-weather|RainDance|[upkeep]
|-heal|p1a: Jirachi|214/397|[from] item: Leftovers
|turn|18
|
|move|p2a: Genie de Lalampe|Focus Blast|p1a: Jirachi
|-damage|p1a: Jirachi|19/397
|move|p1a: Jirachi|Psyshock|p2a: Genie de Lalampe
|-damage|p2a: Genie de Lalampe|0 fnt
|faint|p2a: Genie de Lalampe
|
|win|(LoD)Marcos
|raw|Ladder updating...
|raw|(LoD)Marcos's rating: 1392 &rarr; <strong>1408</strong><br />(+16 for winning)
|raw|N3CTRO FR's rating: 1320 &rarr; <strong>1304</strong><br />(-16 for losing)
|chat|N3CTRO FR|omg
|leave|(LoD)Marcos
|player|p1