|j|☆daddy_days2
|j|☆ReallyFunTeams
|t:|1741724248
|gametype|singles
|player|p1|daddy_days2|benga|1342
|player|p2|ReallyFunTeams|artist-gen4|1505
|teamsize|p1|6
|teamsize|p2|6
|gen|5
|tier|[Gen 5] OU
|rated|
|rule|Species Clause: Limit one of each Pokémon
|rule|OHKO Clause: OHKO moves are banned
|rule|Moody Clause: Moody is banned
|rule|Evasion Items Clause: Evasion items are banned
|rule|Evasion Moves Clause: Evasion moves are banned
|rule|Endless Battle Clause: Forcing endless battles is banned
|rule|HP Percentage Mod: HP is shown in percentages
|rule|Evasion Abilities Clause: Evasion abilities are banned
|rule|Sleep Moves Clause: Sleep-inducing moves are banned
|rule|Swagger Clause: Swagger is banned
|rule|Baton Pass Stat Clause: No Baton Passer may have a way to boost its stats
|clearpoke
|poke|p1|Kyurem-Black|item
|poke|p1|Garchomp, M|item
|poke|p1|Conkeldurr, M|item
|poke|p1|Starmie|item
|poke|p1|Bisharp, F|item
|poke|p1|Scyther, M|item
|poke|p2|Forretress, M|item
|poke|p2|Dragonite, M|item
|poke|p2|Scizor, M|item
|poke|p2|Rotom-Wash|item
|poke|p2|Ferrothorn, M|item
|poke|p2|Landorus-Therian, M|item
|teampreview
|inactive|Battle timer is ON: inactive players will automatically lose when time's up. (requested by ReallyFunTeams)
|
|t:|1741724259
|start
|switch|p1a: Painkiller|Garchomp, M|100/100
|switch|p2a: ランドロス|Landorus-Therian, M|100/100
|-ability|p2a: ランドロス|Intimidate|boost
|-unboost|p1a: Painkiller|atk|1
|turn|1
|
|t:|1741724270
|move|p2a: ランドロス|U-turn|p1a: Painkiller
|-damage|p1a: Painkiller|85/100
|-damage|p2a: ランドロス|88/100|[from] ability: Rough Skin|[of] p1a: Painkiller
|-damage|p2a: ランドロス|72/100|[from] item: Rocky Helmet|[of] p1a: Painkiller
|
|t:|1741724275
|switch|p2a: フォレトス|Forretress, M, shiny|100/100|[from] U-turn
|move|p1a: Painkiller|Stealth Rock|p2a: フォレトス
|-sidestart|p2: ReallyFunTeams|move: Stealth Rock
|
|upkeep
|turn|2
|
|t:|1741724283
|move|p1a: Painkiller|Earthquake|p2a: フォレトス
|-damage|p2a: フォレトス|74/100
|move|p2a: フォレトス|Stealth Rock|p1a: Painkiller
|-sidestart|p1: daddy_days2|move: Stealth Rock
|
|upkeep
|turn|3
|
|t:|1741724289
|move|p1a: Painkiller|Earthquake|p2a: フォレトス
|-damage|p2a: フォレトス|49/100
|move|p2a: フォレトス|Rapid Spin|p1a: Painkiller
|-damage|p1a: Painkiller|81/100
|-damage|p2a: フォレトス|36/100|[from] ability: Rough Skin|[of] p1a: Painkiller
|-damage|p2a: フォレトス|20/100|[from] item: Rocky Helmet|[of] p1a: Painkiller
|-sideend|p2: ReallyFunTeams|Stealth Rock|[from] move: Rapid Spin|[of] p2a: フォレトス
|
|upkeep
|turn|4
|-enditem|p2a: フォレトス|Custap Berry|[eat]
|-activate|p2a: フォレトス|item: Custap Berry|[consumed]
|
|t:|1741724298
|move|p2a: フォレトス|Explosion|p1a: Painkiller
|-damage|p1a: Painkiller|37/100
|faint|p2a: フォレトス
|move|p1a: Painkiller|Stealth Rock|p2: フォレトス
|-sidestart|p2: ReallyFunTeams|move: Stealth Rock
|
|upkeep
|j| Quansun
|
|t:|1741724309
|switch|p2a: ナットレイ|Ferrothorn, M|100/100
|-damage|p2a: ナットレイ|94/100|[from] Stealth Rock
|turn|5
|
|t:|1741724316
|move|p1a: Painkiller|Earthquake|p2a: ナットレイ
|-damage|p2a: ナットレイ|73/100
|move|p2a: ナットレイ|Curse|p2a: ナットレイ
|-unboost|p2a: ナットレイ|spe|1
|-boost|p2a: ナットレイ|atk|1
|-boost|p2a: ナットレイ|def|1
|
|-heal|p2a: ナットレイ|79/100|[from] item: Leftovers
|upkeep
|turn|6
|l| Quansun
|
|t:|1741724332
|switch|p1a: Shrekster|Conkeldurr, M|100/100
|-damage|p1a: Shrekster|94/100|[from] Stealth Rock
|move|p2a: ナットレイ|Leech Seed|p1a: Shrekster
|-start|p1a: Shrekster|move: Leech Seed
|
|-heal|p1a: Shrekster|100/100|[from] item: Leftovers
|-heal|p2a: ナットレイ|85/100|[from] item: Leftovers
|-damage|p1a: Shrekster|88/100|[from] Leech Seed|[of] p2a: ナットレイ
|-heal|p2a: ナットレイ|98/100|[silent]
|upkeep
|turn|7
|
|t:|1741724343
|move|p1a: Shrekster|Drain Punch|p2a: ナットレイ
|-supereffective|p2a: ナットレイ
|-damage|p2a: ナットレイ|39/100
|-heal|p1a: Shrekster|100/100|[from] drain|[of] p2a: ナットレイ
|-damage|p1a: Shrekster|88/100|[from] ability: Iron Barbs|[of] p2a: ナットレイ
|move|p2a: ナットレイ|Curse|p2a: ナットレイ
|-unboost|p2a: ナットレイ|spe|1
|-boost|p2a: ナットレイ|atk|1
|-boost|p2a: ナットレイ|def|1
|
|-heal|p1a: Shrekster|94/100|[from] item: Leftovers
|-heal|p2a: ナットレイ|46/100|[from] item: Leftovers
|-damage|p1a: Shrekster|82/100|[from] Leech Seed|[of] p2a: ナットレイ
|-heal|p2a: ナットレイ|58/100|[silent]
|upkeep
|turn|8
|
|t:|1741724359
|move|p2a: ナットレイ|Protect|p2a: ナットレイ
|-singleturn|p2a: ナットレイ|Protect
|move|p1a: Shrekster|Drain Punch|p2a: ナットレイ
|-activate|p2a: ナットレイ|move: Protect
|
|-heal|p1a: Shrekster|88/100|[from] item: Leftovers
|-heal|p2a: ナットレイ|64/100|[from] item: Leftovers
|-damage|p1a: Shrekster|76/100|[from] Leech Seed|[of] p2a: ナットレイ
|-heal|p2a: ナットレイ|77/100|[silent]
|upkeep
|turn|9
|
|t:|1741724370
|move|p1a: Shrekster|Drain Punch|p2a: ナットレイ
|-supereffective|p2a: ナットレイ
|-damage|p2a: ナットレイ|33/100
|-heal|p1a: Shrekster|98/100|[from] drain|[of] p2a: ナットレイ
|-damage|p1a: Shrekster|85/100|[from] ability: Iron Barbs|[of] p2a: ナットレイ
|move|p2a: ナットレイ|Curse|p2a: ナットレイ
|-unboost|p2a: ナットレイ|spe|1
|-boost|p2a: ナットレイ|atk|1
|-boost|p2a: ナットレイ|def|1
|
|-heal|p1a: Shrekster|91/100|[from] item: Leftovers
|-heal|p2a: ナットレイ|39/100|[from] item: Leftovers
|-damage|p1a: Shrekster|79/100|[from] Leech Seed|[of] p2a: ナットレイ
|-heal|p2a: ナットレイ|51/100|[silent]
|upkeep
|turn|10
|
|t:|1741724386
|switch|p1a: Starlight|Starmie|100/100
|-damage|p1a: Starlight|88/100|[from] Stealth Rock
|move|p2a: ナットレイ|Protect||[still]
|-fail|p2a: ナットレイ
|
|-heal|p1a: Starlight|94/100|[from] item: Leftovers
|-heal|p2a: ナットレイ|58/100|[from] item: Leftovers
|upkeep
|turn|11
|
|t:|1741724397
|move|p2a: ナットレイ|Protect|p2a: ナットレイ
|-singleturn|p2a: ナットレイ|Protect
|move|p1a: Starlight|Rapid Spin|p2a: ナットレイ
|-activate|p2a: ナットレイ|move: Protect
|
|-heal|p1a: Starlight|100/100|[from] item: Leftovers
|-heal|p2a: ナットレイ|64/100|[from] item: Leftovers
|upkeep
|turn|12
|
|t:|1741724406
|move|p1a: Starlight|Rapid Spin|p2a: ナットレイ
|-resisted|p2a: ナットレイ
|-damage|p2a: ナットレイ|63/100
|-damage|p1a: Starlight|88/100|[from] ability: Iron Barbs|[of] p2a: ナットレイ
|-sideend|p1: daddy_days2|Stealth Rock|[from] move: Rapid Spin|[of] p1a: Starlight
|move|p2a: ナットレイ|Leech Seed|p1a: Starlight|[miss]
|-miss|p2a: ナットレイ|p1a: Starlight
|
|-heal|p1a: Starlight|94/100|[from] item: Leftovers
|-heal|p2a: ナットレイ|70/100|[from] item: Leftovers
|upkeep
|turn|13
|
|t:|1741724418
|move|p1a: Starlight|Thunder Wave|p2a: ナットレイ
|-status|p2a: ナットレイ|par
|cant|p2a: ナットレイ|par
|
|-heal|p1a: Starlight|100/100|[from] item: Leftovers
|-heal|p2a: ナットレイ|76/100 par|[from] item: Leftovers
|upkeep
|turn|14
|
|t:|1741724427
|switch|p1a: Painkiller|Garchomp, M|37/100
|cant|p2a: ナットレイ|par
|
|-heal|p2a: ナットレイ|82/100 par|[from] item: Leftovers
|upkeep
|turn|15
|
|t:|1741724451
|move|p2a: ナットレイ|Leech Seed|p1a: Painkiller|[miss]
|-miss|p2a: ナットレイ|p1a: Painkiller
|move|p1a: Painkiller|Dragon Tail|p2a: ナットレイ
|-resisted|p2a: ナットレイ
|-damage|p2a: ナットレイ|79/100 par
|-damage|p1a: Painkiller|24/100|[from] ability: Iron Barbs|[of] p2a: ナットレイ
|drag|p2a: カイリュー|Dragonite, M|100/100
|-damage|p2a: カイリュー|76/100|[from] Stealth Rock
|
|upkeep
|turn|16
|
|t:|1741724465
|move|p2a: カイリュー|Earthquake|p1a: Painkiller
|-damage|p1a: Painkiller|0 fnt
|faint|p1a: Painkiller
|
|upkeep
|
|t:|1741724471
|switch|p1a: Insane Dwayne|Kyurem-Black|100/100
|-ability|p1a: Insane Dwayne|Teravolt
|turn|17
|
|t:|1741724480
|move|p2a: カイリュー|Extreme Speed|p1a: Insane Dwayne
|-damage|p1a: Insane Dwayne|75/100
|move|p1a: Insane Dwayne|Dragon Claw|p2a: カイリュー
|-supereffective|p2a: カイリュー
|-damage|p2a: カイリュー|0 fnt
|faint|p2a: カイリュー
|
|upkeep
|
|t:|1741724489
|switch|p2a: ナットレイ|Ferrothorn, M|79/100 par
|-damage|p2a: ナットレイ|72/100 par|[from] Stealth Rock
|turn|18
|
|t:|1741724494
|switch|p1a: Shrekster|Conkeldurr, M|79/100
|move|p2a: ナットレイ|Leech Seed|p1a: Shrekster
|-start|p1a: Shrekster|move: Leech Seed
|
|-heal|p1a: Shrekster|85/100|[from] item: Leftovers
|-heal|p2a: ナットレイ|79/100 par|[from] item: Leftovers
|-damage|p1a: Shrekster|73/100|[from] Leech Seed|[of] p2a: ナットレイ
|-heal|p2a: ナットレイ|91/100 par|[silent]
|upkeep
|turn|19
|
|t:|1741724504
|cant|p2a: ナットレイ|par
|move|p1a: Shrekster|Drain Punch|p2a: ナットレイ
|-supereffective|p2a: ナットレイ
|-damage|p2a: ナットレイ|2/100 par
|-heal|p1a: Shrekster|100/100|[from] drain|[of] p2a: ナットレイ
|-damage|p1a: Shrekster|88/100|[from] ability: Iron Barbs|[of] p2a: ナットレイ
|
|-heal|p1a: Shrekster|94/100|[from] item: Leftovers
|-heal|p2a: ナットレイ|8/100 par|[from] item: Leftovers
|-damage|p1a: Shrekster|82/100|[from] Leech Seed|[of] p2a: ナットレイ
|-heal|p2a: ナットレイ|21/100 par|[silent]
|upkeep
|turn|20
|
|t:|1741724518
|cant|p2a: ナットレイ|par
|move|p1a: Shrekster|Ice Punch|p2a: ナットレイ
|-damage|p2a: ナットレイ|0 fnt
|-damage|p1a: Shrekster|69/100|[from] ability: Iron Barbs|[of] p2a: ナットレイ
|faint|p2a: ナットレイ
|
|-heal|p1a: Shrekster|76/100|[from] item: Leftovers
|upkeep
|
|t:|1741724540
|switch|p2a: ランドロス|Landorus-Therian, M|72/100
|-damage|p2a: ランドロス|59/100|[from] Stealth Rock
|-ability|p2a: ランドロス|Intimidate|boost
|-unboost|p1a: Shrekster|atk|1
|turn|21
|
|t:|1741724546
|switch|p1a: Adolf|Bisharp, F|100/100
|-item|p1a: Adolf|Air Balloon
|move|p2a: ランドロス|U-turn|p1a: Adolf
|-damage|p1a: Adolf|76/100
|-enditem|p1a: Adolf|Air Balloon
|
|t:|1741724554
|switch|p2a: ロトム|Rotom-Wash, shiny|100/100|[from] U-turn
|-damage|p2a: ロトム|88/100|[from] Stealth Rock
|
|upkeep
|turn|22
|
|t:|1741724560
|move|p2a: ロトム|Volt Switch|p1a: Adolf
|-damage|p1a: Adolf|7/100
|
|t:|1741724563
|switch|p2a: ランドロス|Landorus-Therian, M|59/100|[from] Volt Switch
|-damage|p2a: ランドロス|47/100|[from] Stealth Rock
|-ability|p2a: ランドロス|Intimidate|boost
|-unboost|p1a: Adolf|atk|1
|-ability|p1a: Adolf|Defiant|boost
|-boost|p1a: Adolf|atk|2
|move|p1a: Adolf|Night Slash|p2a: ランドロス
|-damage|p2a: ランドロス|0 fnt
|faint|p2a: ランドロス
|
|upkeep
|
|t:|1741724576
|switch|p2a: ハッサム|Scizor, M|100/100
|-damage|p2a: ハッサム|88/100|[from] Stealth Rock
|turn|23
|
|t:|1741724581
|move|p2a: ハッサム|Bullet Punch|p1a: Adolf
|-resisted|p1a: Adolf
|-damage|p1a: Adolf|0 fnt
|faint|p1a: Adolf
|
|upkeep
|
|t:|1741724587
|switch|p1a: Shrekster|Conkeldurr, M|76/100
|turn|24
|
|t:|1741724591
|move|p2a: ハッサム|Bullet Punch|p1a: Shrekster
|-damage|p1a: Shrekster|34/100
|move|p1a: Shrekster|Drain Punch|p2a: ハッサム
|-damage|p2a: ハッサム|22/100
|-heal|p1a: Shrekster|61/100|[from] drain|[of] p2a: ハッサム
|
|-heal|p1a: Shrekster|67/100|[from] item: Leftovers
|upkeep
|turn|25
|
|t:|1741724600
|move|p2a: ハッサム|Bullet Punch|p1a: Shrekster
|-crit|p1a: Shrekster
|-damage|p1a: Shrekster|0 fnt
|faint|p1a: Shrekster
|
|upkeep
|
|t:|1741724606
|switch|p1a: Blade|Scyther, M|100/100
|turn|26
|
|t:|1741724613
|move|p2a: ハッサム|Bullet Punch|p1a: Blade
|-damage|p1a: Blade|28/100
|move|p1a: Blade|Aerial Ace|p2a: ハッサム
|-damage|p2a: ハッサム|0 fnt
|faint|p2a: ハッサム
|
|upkeep
|
|t:|1741724617
|switch|p2a: ロトム|Rotom-Wash, shiny|88/100
|-damage|p2a: ロトム|76/100|[from] Stealth Rock
|turn|27
|
|t:|1741724627
|switch|p1a: Starlight|Starmie|100/100
|move|p2a: ロトム|Hydro Pump|p1a: Starlight|[miss]
|-miss|p2a: ロトム|p1a: Starlight
|
|upkeep
|turn|28
|-message|ReallyFunTeams forfeited.
|
|win|daddy_days2
|raw|daddy_days2's rating: 1342 &rarr; <strong>1371</strong><br />(+29 for winning)
|raw|ReallyFunTeams's rating: 1505 &rarr; <strong>1476</strong><br />(-29 for losing)
|l|☆ReallyFunTeams
|player|p2|
