|j|☆A Welcome Guest
|j|☆ILoveTeamPreview
|t:|1705027146
|gametype|singles
|player|p1|A Welcome Guest|byron|1323
|player|p2|ILoveTeamPreview|zinnia|1530
|teamsize|p1|6
|teamsize|p2|6
|gen|5
|tier|[Gen 5] OU
|rated|
|rule|Species Clause: Limit one of each Pokémon
|rule|OHKO Clause: OHKO moves are banned
|rule|Moody Clause: Moody is banned
|rule|Evasion Items Clause: Evasion items are banned
|rule|Evasion Moves Clause: Evasion moves are banned
|rule|Endless Battle Clause: Forcing endless battles is banned
|rule|HP Percentage Mod: HP is shown in percentages
|rule|Evasion Abilities Clause: Evasion abilities are banned
|rule|Sleep Moves Clause: Sleep-inducing moves are banned
|rule|Swagger Clause: Swagger is banned
|rule|Baton Pass Stat Clause: No Baton Passer may have a way to boost its stats
|clearpoke
|poke|p1|Politoed, F|item
|poke|p1|Azumarill, M|item
|poke|p1|Tornadus, M|item
|poke|p1|Ferrothorn, M|item
|poke|p1|Tentacruel, M|item
|poke|p1|Garchomp, F|item
|poke|p2|Tyranitar, F|item
|poke|p2|Slowbro, F|item
|poke|p2|Celebi|item
|poke|p2|Gliscor, F|item
|poke|p2|Excadrill, F|item
|poke|p2|Garchomp, F|item
|teampreview
|inactive|Battle timer is ON: inactive players will automatically lose when time's up. (requested by ILoveTeamPreview)
|
|t:|1705027175
|start
|switch|p1a: Ferrothorn|Ferrothorn, M|100/100
|switch|p2a: Gliscor|Gliscor, F|100/100
|turn|1
|
|t:|1705027182
|move|p2a: Gliscor|Protect|p2a: Gliscor
|-singleturn|p2a: Gliscor|Protect
|move|p1a: Ferrothorn|Stealth Rock|p2a: Gliscor
|-sidestart|p2: ILoveTeamPreview|move: Stealth Rock
|
|-status|p2a: Gliscor|tox|[from] item: Toxic Orb
|upkeep
|turn|2
|
|t:|1705027193
|switch|p1a: Politoed|Politoed, F|100/100
|-weather|RainDance|[from] ability: Drizzle|[of] p1a: Politoed
|move|p2a: Gliscor|Taunt|p1a: Politoed
|-start|p1a: Politoed|move: Taunt
|
|-weather|RainDance|[upkeep]
|upkeep
|turn|3
|
|t:|1705027195
|move|p2a: Gliscor|Protect|p2a: Gliscor
|-singleturn|p2a: Gliscor|Protect
|move|p1a: Politoed|Ice Beam|p2a: Gliscor
|-activate|p2a: Gliscor|move: Protect
|
|-weather|RainDance|[upkeep]
|upkeep
|turn|4
|
|t:|1705027203
|switch|p2a: Celebi|Celebi|100/100
|-damage|p2a: Celebi|88/100|[from] Stealth Rock
|move|p1a: Politoed|Ice Beam|p2a: Celebi
|-supereffective|p2a: Celebi
|-damage|p2a: Celebi|59/100
|
|-weather|RainDance|[upkeep]
|-heal|p2a: Celebi|66/100|[from] item: Leftovers
|-end|p1a: Politoed|move: Taunt
|upkeep
|turn|5
|
|t:|1705027209
|switch|p1a: Ferrothorn|Ferrothorn, M|100/100
|move|p2a: Celebi|Psychic|p1a: Ferrothorn
|-resisted|p1a: Ferrothorn
|-damage|p1a: Ferrothorn|88/100
|-unboost|p1a: Ferrothorn|spd|1
|
|-weather|RainDance|[upkeep]
|-heal|p2a: Celebi|72/100|[from] item: Leftovers
|upkeep
|turn|6
|
|t:|1705027213
|move|p2a: Celebi|Baton Pass|p2a: Celebi
|
|t:|1705027216
|switch|p2a: Excadrill|Excadrill, F|100/100|[from] Baton Pass
|-damage|p2a: Excadrill|97/100|[from] Stealth Rock
|move|p1a: Ferrothorn|Spikes|p2a: Excadrill
|-sidestart|p2: ILoveTeamPreview|Spikes
|
|-weather|RainDance|[upkeep]
|-heal|p2a: Excadrill|100/100|[from] item: Leftovers
|upkeep
|turn|7
|
|t:|1705027236
|move|p2a: Excadrill|Rapid Spin|p1a: Ferrothorn
|-resisted|p1a: Ferrothorn
|-damage|p1a: Ferrothorn|86/100
|-damage|p2a: Excadrill|88/100|[from] ability: Iron Barbs|[of] p1a: Ferrothorn
|-sideend|p2: ILoveTeamPreview|Spikes|[from] move: Rapid Spin|[of] p2a: Excadrill
|-sideend|p2: ILoveTeamPreview|Stealth Rock|[from] move: Rapid Spin|[of] p2a: Excadrill
|move|p1a: Ferrothorn|Power Whip|p2a: Excadrill
|-damage|p2a: Excadrill|31/100
|
|-weather|RainDance|[upkeep]
|-heal|p2a: Excadrill|37/100|[from] item: Leftovers
|upkeep
|turn|8
|
|t:|1705027243
|move|p2a: Excadrill|Earthquake|p1a: Ferrothorn
|-damage|p1a: Ferrothorn|57/100
|move|p1a: Ferrothorn|Power Whip|p2a: Excadrill
|-damage|p2a: Excadrill|0 fnt
|faint|p2a: Excadrill
|
|-weather|RainDance|[upkeep]
|upkeep
|
|t:|1705027248
|switch|p2a: Gliscor|Gliscor, F|100/100 tox
|turn|9
|inactive|A Welcome Guest has 120 seconds left.
|inactive|A Welcome Guest has 90 seconds left.
|
|t:|1705027322
|switch|p1a: Politoed|Politoed, F|100/100
|move|p2a: Gliscor|Taunt|p1a: Politoed
|-start|p1a: Politoed|move: Taunt
|
|-weather|RainDance|[upkeep]
|upkeep
|turn|10
|
|t:|1705027336
|switch|p2a: Celebi|Celebi|72/100
|move|p1a: Politoed|Ice Beam|p2a: Celebi
|-supereffective|p2a: Celebi
|-crit|p2a: Celebi
|-damage|p2a: Celebi|14/100
|
|-weather|RainDance|[upkeep]
|-heal|p2a: Celebi|21/100|[from] item: Leftovers
|upkeep
|turn|11
|
|t:|1705027340
|move|p1a: Politoed|Ice Beam|p2a: Celebi
|-supereffective|p2a: Celebi
|-damage|p2a: Celebi|0 fnt
|faint|p2a: Celebi
|
|-weather|RainDance|[upkeep]
|-end|p1a: Politoed|move: Taunt
|upkeep
|
|t:|1705027342
|switch|p2a: Tyranitar|Tyranitar, F|100/100
|-weather|Sandstorm|[from] ability: Sand Stream|[of] p2a: Tyranitar
|turn|12
|
|t:|1705027350
|-activate|p1a: Politoed|move: Pursuit
|move|p2a: Tyranitar|Pursuit|p1a: Politoed|[from]Pursuit
|-damage|p1a: Politoed|48/100
|switch|p1a: Garchomp|Garchomp, F|100/100
|
|-weather|Sandstorm|[upkeep]
|upkeep
|turn|13
|
|t:|1705027354
|switch|p2a: Slowbro|Slowbro, F|100/100
|move|p1a: Garchomp|Swords Dance|p1a: Garchomp
|-boost|p1a: Garchomp|atk|2
|
|-weather|Sandstorm|[upkeep]
|-damage|p2a: Slowbro|94/100|[from] Sandstorm
|upkeep
|turn|14
|
|t:|1705027359
|move|p1a: Garchomp|Earthquake|p2a: Slowbro
|-damage|p2a: Slowbro|38/100
|move|p2a: Slowbro|Ice Beam|p1a: Garchomp
|-supereffective|p1a: Garchomp
|-enditem|p1a: Garchomp|Yache Berry|[eat]
|-enditem|p1a: Garchomp|Yache Berry|[weaken]
|-damage|p1a: Garchomp|56/100
|-status|p1a: Garchomp|frz
|
|-weather|Sandstorm|[upkeep]
|-damage|p2a: Slowbro|32/100|[from] Sandstorm
|upkeep
|turn|15
|
|t:|1705027375
|switch|p1a: Ferrothorn|Ferrothorn, M|57/100
|move|p2a: Slowbro|Slack Off|p2a: Slowbro
|-heal|p2a: Slowbro|82/100
|
|-weather|Sandstorm|[upkeep]
|-damage|p2a: Slowbro|76/100|[from] Sandstorm
|upkeep
|turn|16
|
|t:|1705027378
|move|p2a: Slowbro|Flamethrower|p1a: Ferrothorn
|-supereffective|p1a: Ferrothorn
|-damage|p1a: Ferrothorn|0 fnt
|faint|p1a: Ferrothorn
|
|-weather|Sandstorm|[upkeep]
|-damage|p2a: Slowbro|70/100|[from] Sandstorm
|upkeep
|
|t:|1705027390
|switch|p1a: Politoed|Politoed, F|48/100
|-weather|RainDance|[from] ability: Drizzle|[of] p1a: Politoed
|turn|17
|
|t:|1705027392
|switch|p1a: Tornadus|Tornadus, M|100/100
|move|p2a: Slowbro|Slack Off|p2a: Slowbro
|-heal|p2a: Slowbro|100/100
|
|-weather|RainDance|[upkeep]
|upkeep
|turn|18
|
|t:|1705027396
|switch|p2a: Gliscor|Gliscor, F|100/100 tox
|move|p1a: Tornadus|Hurricane|p2a: Gliscor
|-damage|p2a: Gliscor|43/100 tox
|
|-weather|RainDance|[upkeep]
|-heal|p2a: Gliscor|55/100 tox|[from] ability: Poison Heal
|upkeep
|turn|19
|
|t:|1705027406
|switch|p1a: Azumarill|Azumarill, M|100/100
|switch|p2a: Tyranitar|Tyranitar, F|100/100
|-weather|Sandstorm|[from] ability: Sand Stream|[of] p2a: Tyranitar
|
|-weather|Sandstorm|[upkeep]
|-damage|p1a: Azumarill|94/100|[from] Sandstorm
|upkeep
|turn|20
|
|t:|1705027413
|switch|p2a: Slowbro|Slowbro, F|100/100
|move|p1a: Azumarill|Toxic|p2a: Slowbro
|-status|p2a: Slowbro|tox
|
|-weather|Sandstorm|[upkeep]
|-damage|p1a: Azumarill|88/100|[from] Sandstorm
|-damage|p2a: Slowbro|94/100 tox|[from] Sandstorm
|-damage|p2a: Slowbro|88/100 tox|[from] psn
|upkeep
|turn|21
|
|t:|1705027419
|switch|p1a: Politoed|Politoed, F|48/100
|-weather|RainDance|[from] ability: Drizzle|[of] p1a: Politoed
|move|p2a: Slowbro|Scald|p1a: Politoed
|-resisted|p1a: Politoed
|-damage|p1a: Politoed|28/100
|
|-weather|RainDance|[upkeep]
|-damage|p2a: Slowbro|76/100 tox|[from] psn
|upkeep
|turn|22
|
|t:|1705027426
|switch|p1a: Tornadus|Tornadus, M|100/100
|move|p2a: Slowbro|Slack Off|p2a: Slowbro
|-heal|p2a: Slowbro|100/100 tox
|
|-weather|RainDance|[upkeep]
|-damage|p2a: Slowbro|82/100 tox|[from] psn
|upkeep
|turn|23
|
|t:|1705027436
|switch|p2a: Tyranitar|Tyranitar, F|100/100
|-weather|Sandstorm|[from] ability: Sand Stream|[of] p2a: Tyranitar
|move|p1a: Tornadus|Hurricane|p2a: Tyranitar
|-resisted|p2a: Tyranitar
|-damage|p2a: Tyranitar|75/100
|-start|p2a: Tyranitar|confusion
|
|-weather|Sandstorm|[upkeep]
|-damage|p1a: Tornadus|94/100|[from] Sandstorm
|upkeep
|turn|24
|
|t:|1705027442
|-activate|p2a: Tyranitar|confusion
|-damage|p2a: Tyranitar|61/100|[from] confusion
|move|p1a: Tornadus|U-turn|p2a: Tyranitar
|-supereffective|p2a: Tyranitar
|-damage|p2a: Tyranitar|30/100
|
|t:|1705027452
|switch|p1a: Politoed|Politoed, F|28/100|[from] U-turn
|-weather|RainDance|[from] ability: Drizzle|[of] p1a: Politoed
|
|-weather|RainDance|[upkeep]
|upkeep
|turn|25
|
|t:|1705027454
|switch|p2a: Slowbro|Slowbro, F|100/100 tox
|move|p1a: Politoed|Surf|p2a: Slowbro
|-resisted|p2a: Slowbro
|-damage|p2a: Slowbro|74/100 tox
|
|-weather|RainDance|[upkeep]
|-damage|p2a: Slowbro|68/100 tox|[from] psn
|upkeep
|turn|26
|
|t:|1705027459
|switch|p1a: Tentacruel|Tentacruel, M|100/100
|move|p2a: Slowbro|Scald|p1a: Tentacruel
|-resisted|p1a: Tentacruel
|-damage|p1a: Tentacruel|83/100
|-status|p1a: Tentacruel|brn
|
|-weather|RainDance|[upkeep]
|-heal|p1a: Tentacruel|89/100 brn|[from] ability: Rain Dish
|-heal|p1a: Tentacruel|95/100 brn|[from] item: Black Sludge
|-damage|p2a: Slowbro|55/100 tox|[from] psn
|-damage|p1a: Tentacruel|83/100 brn|[from] brn
|upkeep
|turn|27
|
|t:|1705027478
|switch|p2a: Garchomp|Garchomp, F|100/100
|move|p1a: Tentacruel|Scald|p2a: Garchomp
|-damage|p2a: Garchomp|63/100
|
|-weather|RainDance|[upkeep]
|-heal|p1a: Tentacruel|89/100 brn|[from] ability: Rain Dish
|-heal|p1a: Tentacruel|95/100 brn|[from] item: Black Sludge
|-damage|p1a: Tentacruel|83/100 brn|[from] brn
|upkeep
|turn|28
|
|t:|1705027492
|switch|p1a: Garchomp|Garchomp, F|56/100 frz
|move|p2a: Garchomp|Stealth Rock|p1a: Garchomp
|-sidestart|p1: A Welcome Guest|move: Stealth Rock
|
|-weather|RainDance|[upkeep]
|upkeep
|turn|29
|
|t:|1705027496
|switch|p2a: Slowbro|Slowbro, F|89/100 tox
|cant|p1a: Garchomp|frz
|
|-weather|RainDance|[upkeep]
|-damage|p2a: Slowbro|83/100 tox|[from] psn
|upkeep
|turn|30
|
|t:|1705027506
|switch|p1a: Tentacruel|Tentacruel, M|83/100 brn
|-damage|p1a: Tentacruel|70/100 brn|[from] Stealth Rock
|move|p2a: Slowbro|Ice Beam|p1a: Tentacruel
|-resisted|p1a: Tentacruel
|-damage|p1a: Tentacruel|61/100 brn
|
|-weather|RainDance|[upkeep]
|-heal|p1a: Tentacruel|67/100 brn|[from] ability: Rain Dish
|-heal|p1a: Tentacruel|73/100 brn|[from] item: Black Sludge
|-damage|p2a: Slowbro|70/100 tox|[from] psn
|-damage|p1a: Tentacruel|61/100 brn|[from] brn
|upkeep
|turn|31
|
|t:|1705027510
|move|p1a: Tentacruel|Rapid Spin|p2a: Slowbro
|-damage|p2a: Slowbro|70/100 tox
|-damage|p1a: Tentacruel|44/100 brn|[from] item: Rocky Helmet|[of] p2a: Slowbro
|-sideend|p1: A Welcome Guest|Stealth Rock|[from] move: Rapid Spin|[of] p1a: Tentacruel
|move|p2a: Slowbro|Slack Off|p2a: Slowbro
|-heal|p2a: Slowbro|100/100 tox
|
|-weather|RainDance|[upkeep]
|-heal|p1a: Tentacruel|50/100 brn|[from] ability: Rain Dish
|-heal|p1a: Tentacruel|57/100 brn|[from] item: Black Sludge
|-damage|p2a: Slowbro|82/100 tox|[from] psn
|-damage|p1a: Tentacruel|44/100 brn|[from] brn
|upkeep
|turn|32
|
|t:|1705027514
|move|p1a: Tentacruel|Scald|p2a: Slowbro
|-resisted|p2a: Slowbro
|-crit|p2a: Slowbro
|-damage|p2a: Slowbro|44/100 tox
|move|p2a: Slowbro|Scald|p1a: Tentacruel
|-resisted|p1a: Tentacruel
|-damage|p1a: Tentacruel|26/100 brn
|
|-weather|RainDance|[upkeep]
|-heal|p1a: Tentacruel|32/100 brn|[from] ability: Rain Dish
|-heal|p1a: Tentacruel|38/100 brn|[from] item: Black Sludge
|-damage|p2a: Slowbro|20/100 tox|[from] psn
|-damage|p1a: Tentacruel|26/100 brn|[from] brn
|upkeep
|turn|33
|
|t:|1705027518
|switch|p2a: Gliscor|Gliscor, F|55/100 tox
|move|p1a: Tentacruel|Scald|p2a: Gliscor
|-supereffective|p2a: Gliscor
|-damage|p2a: Gliscor|0 fnt
|faint|p2a: Gliscor
|
|-weather|RainDance|[upkeep]
|-heal|p1a: Tentacruel|32/100 brn|[from] ability: Rain Dish
|-heal|p1a: Tentacruel|38/100 brn|[from] item: Black Sludge
|-damage|p1a: Tentacruel|25/100 brn|[from] brn
|upkeep
|
|t:|1705027521
|switch|p2a: Garchomp|Garchomp, F|63/100
|turn|34
|
|t:|1705027526
|move|p2a: Garchomp|Stealth Rock|p1a: Tentacruel
|-sidestart|p1: A Welcome Guest|move: Stealth Rock
|move|p1a: Tentacruel|Rapid Spin|p2a: Garchomp
|-damage|p2a: Garchomp|61/100
|-damage|p1a: Tentacruel|13/100 brn|[from] ability: Rough Skin|[of] p2a: Garchomp
|-sideend|p1: A Welcome Guest|Stealth Rock|[from] move: Rapid Spin|[of] p1a: Tentacruel
|
|-weather|RainDance|[upkeep]
|-heal|p1a: Tentacruel|19/100 brn|[from] ability: Rain Dish
|-heal|p1a: Tentacruel|25/100 brn|[from] item: Black Sludge
|-damage|p1a: Tentacruel|13/100 brn|[from] brn
|upkeep
|turn|35
|
|t:|1705027529
|move|p2a: Garchomp|Stealth Rock|p1a: Tentacruel
|-sidestart|p1: A Welcome Guest|move: Stealth Rock
|move|p1a: Tentacruel|Rapid Spin|p2a: Garchomp
|-damage|p2a: Garchomp|60/100
|-damage|p1a: Tentacruel|0 fnt|[from] ability: Rough Skin|[of] p2a: Garchomp
|faint|p1a: Tentacruel
|
|-weather|RainDance|[upkeep]
|upkeep
|
|t:|1705027538
|switch|p1a: Tornadus|Tornadus, M|94/100
|-damage|p1a: Tornadus|70/100|[from] Stealth Rock
|turn|36
|
|t:|1705027545
|switch|p2a: Tyranitar|Tyranitar, F|30/100
|-weather|Sandstorm|[from] ability: Sand Stream|[of] p2a: Tyranitar
|move|p1a: Tornadus|Hurricane|p2a: Tyranitar
|-resisted|p2a: Tyranitar
|-damage|p2a: Tyranitar|4/100
|-start|p2a: Tyranitar|confusion
|
|-weather|Sandstorm|[upkeep]
|-damage|p1a: Tornadus|64/100|[from] Sandstorm
|upkeep
|turn|37
|
|t:|1705027553
|switch|p1a: Garchomp|Garchomp, F|56/100 frz
|-damage|p1a: Garchomp|50/100 frz|[from] Stealth Rock
|-activate|p2a: Tyranitar|confusion
|-damage|p2a: Tyranitar|0 fnt|[from] confusion
|faint|p2a: Tyranitar
|
|-weather|Sandstorm|[upkeep]
|upkeep
|
|t:|1705027556
|switch|p2a: Slowbro|Slowbro, F|53/100 tox
|turn|38
|
|t:|1705027562
|cant|p1a: Garchomp|frz
|move|p2a: Slowbro|Slack Off|p2a: Slowbro
|-heal|p2a: Slowbro|100/100 tox
|
|-weather|Sandstorm|[upkeep]
|-damage|p2a: Slowbro|94/100 tox|[from] Sandstorm
|-damage|p2a: Slowbro|88/100 tox|[from] psn
|upkeep
|turn|39
|
|t:|1705027565
|cant|p1a: Garchomp|frz
|move|p2a: Slowbro|Ice Beam|p1a: Garchomp
|-supereffective|p1a: Garchomp
|-damage|p1a: Garchomp|0 fnt
|faint|p1a: Garchomp
|
|-weather|Sandstorm|[upkeep]
|-damage|p2a: Slowbro|82/100 tox|[from] Sandstorm
|-damage|p2a: Slowbro|70/100 tox|[from] psn
|upkeep
|
|t:|1705027570
|switch|p1a: Politoed|Politoed, F|28/100
|-damage|p1a: Politoed|16/100|[from] Stealth Rock
|-weather|RainDance|[from] ability: Drizzle|[of] p1a: Politoed
|turn|40
|
|t:|1705027574
|move|p1a: Politoed|Surf|p2a: Slowbro
|-resisted|p2a: Slowbro
|-damage|p2a: Slowbro|43/100 tox
|move|p2a: Slowbro|Scald|p1a: Politoed
|-resisted|p1a: Politoed
|-damage|p1a: Politoed|0 fnt
|faint|p1a: Politoed
|
|-weather|RainDance|[upkeep]
|-damage|p2a: Slowbro|25/100 tox|[from] psn
|upkeep
|
|t:|1705027580
|switch|p1a: Tornadus|Tornadus, M|64/100
|-damage|p1a: Tornadus|39/100|[from] Stealth Rock
|turn|41
|c|☆A Welcome Guest|gg
|
|t:|1705027595
|move|p1a: Tornadus|Hurricane|p2a: Slowbro
|-damage|p2a: Slowbro|0 fnt
|faint|p2a: Slowbro
|
|-weather|RainDance|[upkeep]
|upkeep
|
|t:|1705027596
|switch|p2a: Garchomp|Garchomp, F|60/100
|turn|42
|
|t:|1705027599
|move|p1a: Tornadus|Tailwind|p1a: Tornadus
|-sidestart|p1: A Welcome Guest|move: Tailwind
|move|p2a: Garchomp|Outrage|p1a: Tornadus
|-damage|p1a: Tornadus|0 fnt
|faint|p1a: Tornadus
|
|-weather|RainDance|[upkeep]
|upkeep
|
|t:|1705027600
|switch|p1a: Azumarill|Azumarill, M|88/100
|-damage|p1a: Azumarill|76/100|[from] Stealth Rock
|turn|43
|
|t:|1705027603
|move|p1a: Azumarill|Waterfall|p2a: Garchomp
|-damage|p2a: Garchomp|0 fnt
|-damage|p1a: Azumarill|63/100|[from] ability: Rough Skin|[of] p2a: Garchomp
|faint|p2a: Garchomp
|
|win|A Welcome Guest
|raw|A Welcome Guest's rating: 1323 &rarr; <strong>1354</strong><br />(+31 for winning)
|raw|ILoveTeamPreview's rating: 1530 &rarr; <strong>1499</strong><br />(-31 for losing)
