|j|☆blue in unova
|j|☆fdsfadsfds
|t:|1724477390
|gametype|singles
|player|p1|blue in unova|miku-flying|1441
|player|p2|fdsfadsfds|misty|1443
|teamsize|p1|6
|teamsize|p2|6
|gen|5
|tier|[Gen 5] OU
|rated|
|rule|Species Clause: Limit one of each Pokémon
|rule|OHKO Clause: OHKO moves are banned
|rule|Moody Clause: Moody is banned
|rule|Evasion Items Clause: Evasion items are banned
|rule|Evasion Moves Clause: Evasion moves are banned
|rule|Endless Battle Clause: Forcing endless battles is banned
|rule|HP Percentage Mod: HP is shown in percentages
|rule|Evasion Abilities Clause: Evasion abilities are banned
|rule|Sleep Moves Clause: Sleep-inducing moves are banned
|rule|Swagger Clause: Swagger is banned
|rule|Baton Pass Stat Clause: No Baton Passer may have a way to boost its stats
|clearpoke
|poke|p1|Jirachi|item
|poke|p1|Mamoswine, M|item
|poke|p1|Skarmory, M|item
|poke|p1|Garchomp, F|item
|poke|p1|Starmie|item
|poke|p1|Tyranitar, M|item
|poke|p2|Politoed, F|item
|poke|p2|Ferrothorn, M|item
|poke|p2|Tentacruel, M|item
|poke|p2|Jellicent, F|item
|poke|p2|Keldeo|item
|poke|p2|Weezing, M|item
|teampreview
|inactive|Battle timer is ON: inactive players will automatically lose when time's up. (requested by fdsfadsfds)
|inactive|blue in unova also wants the timer to be on.
|
|t:|1724477399
|start
|switch|p1a: Fan #1 of Jirachi|Jirachi|100/100
|switch|p2a: Politoed|Politoed, F|100/100
|-weather|RainDance|[from] ability: Drizzle|[of] p2a: Politoed
|turn|1
|
|t:|1724477405
|switch|p2a: Ferrothorn|Ferrothorn, M|100/100
|move|p1a: Fan #1 of Jirachi|Body Slam|p2a: Ferrothorn
|-resisted|p2a: Ferrothorn
|-damage|p2a: Ferrothorn|95/100
|-status|p2a: Ferrothorn|par
|-damage|p1a: Fan #1 of Jirachi|88/100|[from] ability: Iron Barbs|[of] p2a: Ferrothorn
|
|-weather|RainDance|[upkeep]
|-heal|p1a: Fan #1 of Jirachi|94/100|[from] item: Leftovers
|-heal|p2a: Ferrothorn|100/100 par|[from] item: Leftovers
|upkeep
|turn|2
|
|t:|1724477425
|move|p1a: Fan #1 of Jirachi|U-turn|p2a: Ferrothorn
|-damage|p2a: Ferrothorn|92/100 par
|-damage|p1a: Fan #1 of Jirachi|82/100|[from] ability: Iron Barbs|[of] p2a: Ferrothorn
|inactive|blue in unova has 120 seconds left.
|
|t:|1724477463
|switch|p1a: GODzilla|Tyranitar, M|100/100|[from] U-turn
|-weather|Sandstorm|[from] ability: Sand Stream|[of] p1a: GODzilla
|move|p2a: Ferrothorn|Stealth Rock|p1a: GODzilla
|-sidestart|p1: blue in unova|move: Stealth Rock
|
|-weather|Sandstorm|[upkeep]
|-heal|p2a: Ferrothorn|98/100 par|[from] item: Leftovers
|upkeep
|turn|3
|inactive|blue in unova has 120 seconds left.
|
|t:|1724477468
|switch|p2a: Politoed|Politoed, F|100/100
|-weather|RainDance|[from] ability: Drizzle|[of] p2a: Politoed
|move|p1a: GODzilla|Fire Blast|p2a: Politoed
|-resisted|p2a: Politoed
|-damage|p2a: Politoed|95/100
|
|-weather|RainDance|[upkeep]
|-heal|p2a: Politoed|100/100|[from] item: Leftovers
|upkeep
|turn|4
|
|t:|1724477473
|switch|p1a: Fan #1 of Jirachi|Jirachi|82/100
|-damage|p1a: Fan #1 of Jirachi|76/100|[from] Stealth Rock
|move|p2a: Politoed|Scald|p1a: Fan #1 of Jirachi
|-damage|p1a: Fan #1 of Jirachi|52/100
|
|-weather|RainDance|[upkeep]
|-heal|p1a: Fan #1 of Jirachi|58/100|[from] item: Leftovers
|upkeep
|turn|5
|
|t:|1724477477
|switch|p2a: Ferrothorn|Ferrothorn, M|98/100 par
|move|p1a: Fan #1 of Jirachi|Stealth Rock|p2a: Ferrothorn
|-sidestart|p2: fdsfadsfds|move: Stealth Rock
|
|-weather|RainDance|[upkeep]
|-heal|p1a: Fan #1 of Jirachi|64/100|[from] item: Leftovers
|-heal|p2a: Ferrothorn|100/100 par|[from] item: Leftovers
|upkeep
|turn|6
|
|t:|1724477482
|move|p1a: Fan #1 of Jirachi|U-turn|p2a: Ferrothorn
|-damage|p2a: Ferrothorn|92/100 par
|-damage|p1a: Fan #1 of Jirachi|52/100|[from] ability: Iron Barbs|[of] p2a: Ferrothorn
|
|t:|1724477484
|switch|p1a: Iluminate!!!!|Starmie|100/100|[from] U-turn
|-damage|p1a: Iluminate!!!!|88/100|[from] Stealth Rock
|move|p2a: Ferrothorn|Leech Seed|p1a: Iluminate!!!!
|-start|p1a: Iluminate!!!!|move: Leech Seed
|
|-weather|RainDance|[upkeep]
|-heal|p2a: Ferrothorn|98/100 par|[from] item: Leftovers
|-damage|p1a: Iluminate!!!!|76/100|[from] Leech Seed|[of] p2a: Ferrothorn
|-heal|p2a: Ferrothorn|100/100 par|[silent]
|upkeep
|turn|7
|
|t:|1724477490
|switch|p2a: Jellicent|Jellicent, F|100/100
|-damage|p2a: Jellicent|88/100|[from] Stealth Rock
|move|p1a: Iluminate!!!!|Rapid Spin|p2a: Jellicent
|-immune|p2a: Jellicent
|
|-weather|RainDance|[upkeep]
|-heal|p2a: Jellicent|94/100|[from] item: Leftovers
|-damage|p1a: Iluminate!!!!|64/100|[from] Leech Seed|[of] p2a: Jellicent
|-heal|p2a: Jellicent|100/100|[silent]
|upkeep
|turn|8
|
|t:|1724477496
|move|p1a: Iluminate!!!!|Thunderbolt|p2a: Jellicent
|-supereffective|p2a: Jellicent
|-damage|p2a: Jellicent|64/100
|move|p2a: Jellicent|Will-O-Wisp|p1a: Iluminate!!!!
|-status|p1a: Iluminate!!!!|brn
|
|-weather|RainDance|[upkeep]
|-heal|p2a: Jellicent|71/100|[from] item: Leftovers
|-damage|p1a: Iluminate!!!!|51/100 brn|[from] Leech Seed|[of] p2a: Jellicent
|-heal|p2a: Jellicent|78/100|[silent]
|-damage|p1a: Iluminate!!!!|39/100 brn|[from] brn
|upkeep
|turn|9
|
|t:|1724477502
|move|p1a: Iluminate!!!!|Thunderbolt|p2a: Jellicent
|-supereffective|p2a: Jellicent
|-damage|p2a: Jellicent|42/100
|move|p2a: Jellicent|Hex|p1a: Iluminate!!!!
|-supereffective|p1a: Iluminate!!!!
|-damage|p1a: Iluminate!!!!|0 fnt
|faint|p1a: Iluminate!!!!
|
|-weather|RainDance|[upkeep]
|-heal|p2a: Jellicent|49/100|[from] item: Leftovers
|upkeep
|
|t:|1724477508
|switch|p1a: Icy K.R.|Mamoswine, M|100/100
|-damage|p1a: Icy K.R.|88/100|[from] Stealth Rock
|turn|10
|j| sk8head
|
|t:|1724477511
|move|p1a: Icy K.R.|Substitute|p1a: Icy K.R.
|-start|p1a: Icy K.R.|Substitute
|-damage|p1a: Icy K.R.|63/100
|move|p2a: Jellicent|Scald|p1a: Icy K.R.
|-supereffective|p1a: Icy K.R.
|-end|p1a: Icy K.R.|Substitute
|
|-weather|RainDance|[upkeep]
|-heal|p2a: Jellicent|55/100|[from] item: Leftovers
|upkeep
|turn|11
|
|t:|1724477519
|move|p1a: Icy K.R.|Earthquake|p2a: Jellicent
|-crit|p2a: Jellicent
|-damage|p2a: Jellicent|0 fnt
|faint|p2a: Jellicent
|
|-weather|RainDance|[upkeep]
|upkeep
|
|t:|1724477523
|switch|p2a: Keldeo|Keldeo|100/100
|-damage|p2a: Keldeo|94/100|[from] Stealth Rock
|turn|12
|
|t:|1724477547
|switch|p1a: Fan #1 of Jirachi|Jirachi|52/100
|-damage|p1a: Fan #1 of Jirachi|46/100|[from] Stealth Rock
|move|p2a: Keldeo|Scald|p1a: Fan #1 of Jirachi
|-damage|p1a: Fan #1 of Jirachi|7/100
|-status|p1a: Fan #1 of Jirachi|brn
|
|-weather|RainDance|[upkeep]
|-heal|p1a: Fan #1 of Jirachi|13/100 brn|[from] item: Leftovers
|-damage|p1a: Fan #1 of Jirachi|0 fnt|[from] brn
|faint|p1a: Fan #1 of Jirachi
|upkeep
|
|t:|1724477553
|switch|p1a: *Piano Theme*|Garchomp, F|100/100
|-damage|p1a: *Piano Theme*|94/100|[from] Stealth Rock
|turn|13
|c| sk8head|bro NGL not prepping for keld in 2024 kinda crazy
|
|t:|1724477561
|move|p2a: Keldeo|Scald|p1a: *Piano Theme*
|-damage|p1a: *Piano Theme*|25/100
|move|p1a: *Piano Theme*|Earthquake|p2a: Keldeo
|-damage|p2a: Keldeo|38/100
|
|-weather|RainDance|[upkeep]
|upkeep
|turn|14
|c|☆fdsfadsfds|that'll do you in mate
|
|t:|1724477571
|move|p2a: Keldeo|Scald|p1a: *Piano Theme*
|-damage|p1a: *Piano Theme*|0 fnt
|faint|p1a: *Piano Theme*
|
|-weather|RainDance|[upkeep]
|upkeep
|
|t:|1724477574
|switch|p1a: GODzilla|Tyranitar, M|100/100
|-damage|p1a: GODzilla|88/100|[from] Stealth Rock
|-weather|Sandstorm|[from] ability: Sand Stream|[of] p1a: GODzilla
|turn|15
|
|t:|1724477588
|-activate|p2a: Keldeo|move: Pursuit
|move|p1a: GODzilla|Pursuit|p2a: Keldeo|[from]Pursuit
|-resisted|p2a: Keldeo
|-damage|p2a: Keldeo|15/100
|-ability|p2a: Keldeo|Justified|boost
|-boost|p2a: Keldeo|atk|1
|switch|p2a: Politoed|Politoed, F|100/100
|-damage|p2a: Politoed|88/100|[from] Stealth Rock
|-weather|RainDance|[from] ability: Drizzle|[of] p2a: Politoed
|
|-weather|RainDance|[upkeep]
|-heal|p2a: Politoed|94/100|[from] item: Leftovers
|upkeep
|turn|16
|c|☆fdsfadsfds|u prepped for weezing tho?
|
|t:|1724477598
|switch|p1a: And HDB???|Skarmory, M|100/100
|-damage|p1a: And HDB???|88/100|[from] Stealth Rock
|move|p2a: Politoed|Scald|p1a: And HDB???
|-crit|p1a: And HDB???
|-damage|p1a: And HDB???|0 fnt
|faint|p1a: And HDB???
|
|-weather|RainDance|[upkeep]
|-heal|p2a: Politoed|100/100|[from] item: Leftovers
|upkeep
|
|t:|1724477605
|switch|p1a: GODzilla|Tyranitar, M|88/100
|-damage|p1a: GODzilla|76/100|[from] Stealth Rock
|-weather|Sandstorm|[from] ability: Sand Stream|[of] p1a: GODzilla
|turn|17
|c| sk8head|LOL
|
|t:|1724477611
|switch|p2a: Weezing|Weezing, M|100/100
|-damage|p2a: Weezing|88/100|[from] Stealth Rock
|move|p1a: GODzilla|Fire Blast|p2a: Weezing
|-damage|p2a: Weezing|49/100
|
|-weather|Sandstorm|[upkeep]
|-damage|p2a: Weezing|43/100|[from] Sandstorm
|upkeep
|turn|18
|
|t:|1724477615
|move|p1a: GODzilla|Fire Blast|p2a: Weezing|[miss]
|-miss|p1a: GODzilla|p2a: Weezing
|move|p2a: Weezing|Will-O-Wisp|p1a: GODzilla
|-status|p1a: GODzilla|brn
|
|-weather|Sandstorm|[upkeep]
|-damage|p2a: Weezing|37/100|[from] Sandstorm
|-damage|p1a: GODzilla|64/100 brn|[from] brn
|upkeep
|turn|19
|c|☆fdsfadsfds|he going crazy
|c| sk8head|man I'm wheezing fr
|inactive|blue in unova has 120 seconds left.
|c|☆blue in unova|Sorry, i have only a really bad day
|j| 574RM4N++
|c|☆blue in unova|A I am "She"
|c|☆blue in unova|Thanks
|inactive|blue in unova has 90 seconds left.
|
|t:|1724477677
|move|p1a: GODzilla|Fire Blast|p2a: Weezing
|-damage|p2a: Weezing|0 fnt
|faint|p2a: Weezing
|
|-weather|Sandstorm|[upkeep]
|-damage|p1a: GODzilla|51/100 brn|[from] brn
|upkeep
|c|☆fdsfadsfds|u good boss
|
|t:|1724477691
|switch|p2a: Politoed|Politoed, F|100/100
|-damage|p2a: Politoed|88/100|[from] Stealth Rock
|-weather|RainDance|[from] ability: Drizzle|[of] p2a: Politoed
|turn|20
|
|t:|1724477698
|move|p1a: GODzilla|Fire Blast|p2a: Politoed
|-resisted|p2a: Politoed
|-damage|p2a: Politoed|83/100
|move|p2a: Politoed|Scald|p1a: GODzilla
|-supereffective|p1a: GODzilla
|-crit|p1a: GODzilla
|-damage|p1a: GODzilla|0 fnt
|faint|p1a: GODzilla
|
|-weather|RainDance|[upkeep]
|-heal|p2a: Politoed|89/100|[from] item: Leftovers
|upkeep
|
|t:|1724477709
|switch|p1a: Icy K.R.|Mamoswine, M|63/100
|-damage|p1a: Icy K.R.|51/100|[from] Stealth Rock
|turn|21
|
|t:|1724477711
|move|p1a: Icy K.R.|Earthquake|p2a: Politoed
|-crit|p2a: Politoed
|-damage|p2a: Politoed|0 fnt
|faint|p2a: Politoed
|
|-weather|RainDance|[upkeep]
|upkeep
|
|t:|1724477715
|switch|p2a: Tentacruel|Tentacruel, M|100/100
|-damage|p2a: Tentacruel|88/100|[from] Stealth Rock
|turn|22
|
|t:|1724477718
|move|p1a: Icy K.R.|Earthquake|p2a: Tentacruel
|-supereffective|p2a: Tentacruel
|-damage|p2a: Tentacruel|0 fnt
|faint|p2a: Tentacruel
|
|-weather|RainDance|[upkeep]
|upkeep
|c|☆fdsfadsfds|gg haha
|
|t:|1724477722
|switch|p2a: Keldeo|Keldeo|15/100
|-damage|p2a: Keldeo|9/100|[from] Stealth Rock
|turn|23
|
|t:|1724477724
|move|p1a: Icy K.R.|Ice Shard|p2a: Keldeo
|-resisted|p2a: Keldeo
|-damage|p2a: Keldeo|0 fnt
|faint|p2a: Keldeo
|
|-weather|RainDance|[upkeep]
|upkeep
|
|t:|1724477727
|switch|p2a: Ferrothorn|Ferrothorn, M|100/100 par
|-damage|p2a: Ferrothorn|94/100 par|[from] Stealth Rock
|turn|24
|c|☆fdsfadsfds|i think u fish for para with sub
|c|☆fdsfadsfds|I believe
|inactive|blue in unova has 120 seconds left.
|c|☆blue in unova|Well, sorry for the critics, sorry, you deserved to win.
|
|t:|1724477782
|move|p1a: Icy K.R.|Substitute|p1a: Icy K.R.
|-start|p1a: Icy K.R.|Substitute
|-damage|p1a: Icy K.R.|26/100
|cant|p2a: Ferrothorn|par
|
|-weather|RainDance|[upkeep]
|-heal|p2a: Ferrothorn|100/100 par|[from] item: Leftovers
|upkeep
|turn|25
|
|t:|1724477789
|move|p1a: Icy K.R.|Icicle Crash|p2a: Ferrothorn
|-damage|p2a: Ferrothorn|67/100 par
|cant|p2a: Ferrothorn|flinch
|
|-weather|RainDance|[upkeep]
|-heal|p2a: Ferrothorn|74/100 par|[from] item: Leftovers
|upkeep
|turn|26
|c|☆fdsfadsfds|nah u got it
|c|☆fdsfadsfds|u had a bad day
|inactive|blue in unova has 90 seconds left.
|
|t:|1724477824
|move|p1a: Icy K.R.|Icicle Crash|p2a: Ferrothorn
|-damage|p2a: Ferrothorn|38/100 par
|cant|p2a: Ferrothorn|flinch
|
|-weather|RainDance|[upkeep]
|-heal|p2a: Ferrothorn|44/100 par|[from] item: Leftovers
|upkeep
|turn|27
|inactive|blue in unova has 90 seconds left.
|c|☆fdsfadsfds|gg
|c|☆blue in unova|GG
|
|t:|1724477838
|move|p1a: Icy K.R.|Icicle Crash|p2a: Ferrothorn
|-damage|p2a: Ferrothorn|11/100 par
|move|p2a: Ferrothorn|Gyro Ball|p1a: Icy K.R.
|-supereffective|p1a: Icy K.R.
|-end|p1a: Icy K.R.|Substitute
|
|-weather|RainDance|[upkeep]
|-heal|p2a: Ferrothorn|17/100 par|[from] item: Leftovers
|upkeep
|turn|28
|inactive|blue in unova has 90 seconds left.
|
|t:|1724477848
|move|p1a: Icy K.R.|Earthquake|p2a: Ferrothorn
|-damage|p2a: Ferrothorn|0 fnt
|faint|p2a: Ferrothorn
|
|win|blue in unova
|raw|blue in unova's rating: 1441 &rarr; <strong>1460</strong><br />(+19 for winning)
|raw|fdsfadsfds's rating: 1415 &rarr; <strong>1396</strong><br />(-19 for losing)
|c| sk8head|good game both of u
|c| sk8head|have a great day
|c|☆blue in unova|Thanks
|c|☆fdsfadsfds|gratsi
|c|☆blue in unova|GG
|c|☆fdsfadsfds|peace
|l|☆fdsfadsfds
|player|p2|
|l| sk8head
|c| 574RM4N++|wholesome 100
|l| 574RM4N++
|j| 574RM4N++
|l| 574RM4N++
