|j|☆Jellium
|j|☆torinoko city
|t:|1714871028
|gametype|singles
|player|p1|Jellium|scientist-gen4|1357
|player|p2|torinoko city|miku-flying|1470
|teamsize|p1|6
|teamsize|p2|6
|gen|5
|tier|[Gen 5] OU
|rated|
|rule|Species Clause: Limit one of each Pokémon
|rule|OHKO Clause: OHKO moves are banned
|rule|Moody Clause: Moody is banned
|rule|Evasion Items Clause: Evasion items are banned
|rule|Evasion Moves Clause: Evasion moves are banned
|rule|Endless Battle Clause: Forcing endless battles is banned
|rule|HP Percentage Mod: HP is shown in percentages
|rule|Evasion Abilities Clause: Evasion abilities are banned
|rule|Sleep Moves Clause: Sleep-inducing moves are banned
|rule|Swagger Clause: Swagger is banned
|rule|Baton Pass Stat Clause: No Baton Passer may have a way to boost its stats
|clearpoke
|poke|p1|Rotom-Wash|item
|poke|p1|Landorus-Therian, M|item
|poke|p1|Jirachi|item
|poke|p1|Tyranitar, F|item
|poke|p1|Latios, M|item
|poke|p1|Garchomp, M|item
|poke|p2|Hippowdon, M|item
|poke|p2|Ferrothorn, F|item
|poke|p2|Magnezone|item
|poke|p2|Latios, M|item
|poke|p2|Excadrill, M|item
|poke|p2|Reuniclus, M|item
|teampreview
|inactive|Battle timer is ON: inactive players will automatically lose when time's up. (requested by torinoko city)
|j| bwc glutonny
|inactive|Jellium has 120 seconds left.
|
|t:|1714871065
|start
|switch|p1a: EL CHOMPO|Garchomp, M|100/100
|switch|p2a: Magnezone|Magnezone|100/100
|-item|p2a: Magnezone|Air Balloon
|turn|1
|
|t:|1714871074
|switch|p2a: Hippowdon|Hippowdon, M|100/100
|-weather|Sandstorm|[from] ability: Sand Stream|[of] p2a: Hippowdon
|move|p1a: EL CHOMPO|Fire Blast|p2a: Hippowdon
|-damage|p2a: Hippowdon|67/100
|-damage|p1a: EL CHOMPO|91/100|[from] item: Life Orb
|
|-weather|Sandstorm|[upkeep]
|-heal|p2a: Hippowdon|73/100|[from] item: Leftovers
|upkeep
|turn|2
|
|t:|1714871079
|move|p1a: EL CHOMPO|Stealth Rock|p2a: Hippowdon
|-sidestart|p2: torinoko city|move: Stealth Rock
|move|p2a: Hippowdon|Slack Off|p2a: Hippowdon
|-heal|p2a: Hippowdon|100/100
|
|-weather|Sandstorm|[upkeep]
|upkeep
|turn|3
|
|t:|1714871084
|move|p1a: EL CHOMPO|Draco Meteor|p2a: Hippowdon
|-crit|p2a: Hippowdon
|-damage|p2a: Hippowdon|0 fnt
|-unboost|p1a: EL CHOMPO|spa|2
|faint|p2a: Hippowdon
|-damage|p1a: EL CHOMPO|81/100|[from] item: Life Orb
|
|-weather|Sandstorm|[upkeep]
|upkeep
|
|t:|1714871098
|switch|p2a: Latios|Latios, M|100/100
|-damage|p2a: Latios|88/100|[from] Stealth Rock
|turn|4
|
|t:|1714871104
|move|p2a: Latios|Draco Meteor|p1a: EL CHOMPO
|-supereffective|p1a: EL CHOMPO
|-crit|p1a: EL CHOMPO
|-damage|p1a: EL CHOMPO|0 fnt
|-unboost|p2a: Latios|spa|2
|faint|p1a: EL CHOMPO
|
|-weather|Sandstorm|[upkeep]
|-damage|p2a: Latios|82/100|[from] Sandstorm
|upkeep
|
|t:|1714871109
|switch|p1a: TTARIANA GRANDE|Tyranitar, F|100/100
|turn|5
|
|t:|1714871112
|move|p2a: Latios|Draco Meteor|p1a: TTARIANA GRANDE|[miss]
|-miss|p2a: Latios|p1a: TTARIANA GRANDE
|move|p1a: TTARIANA GRANDE|Pursuit|p2a: Latios
|-supereffective|p2a: Latios
|-damage|p2a: Latios|24/100
|
|-weather|Sandstorm|[upkeep]
|-damage|p2a: Latios|18/100|[from] Sandstorm
|upkeep
|turn|6
|
|t:|1714871118
|move|p2a: Latios|Draco Meteor|p1a: TTARIANA GRANDE
|-damage|p1a: TTARIANA GRANDE|75/100
|-unboost|p2a: Latios|spa|2
|move|p1a: TTARIANA GRANDE|Pursuit|p2a: Latios
|-supereffective|p2a: Latios
|-damage|p2a: Latios|0 fnt
|faint|p2a: Latios
|
|-weather|Sandstorm|[upkeep]
|upkeep
|
|t:|1714871125
|switch|p2a: Excadrill|Excadrill, M|100/100
|-damage|p2a: Excadrill|97/100|[from] Stealth Rock
|turn|7
|
|t:|1714871152
|switch|p1a: TURBO RUMP|Rotom-Wash|100/100
|move|p2a: Excadrill|Iron Head|p1a: TURBO RUMP
|-resisted|p1a: TURBO RUMP
|-damage|p1a: TURBO RUMP|83/100
|
|-weather|Sandstorm|[upkeep]
|-damage|p1a: TURBO RUMP|77/100|[from] Sandstorm
|-heal|p1a: TURBO RUMP|83/100|[from] item: Leftovers
|upkeep
|turn|8
|
|t:|1714871156
|switch|p2a: Ferrothorn|Ferrothorn, F|100/100
|-damage|p2a: Ferrothorn|94/100|[from] Stealth Rock
|move|p1a: TURBO RUMP|Volt Switch|p2a: Ferrothorn
|-resisted|p2a: Ferrothorn
|-crit|p2a: Ferrothorn
|-damage|p2a: Ferrothorn|67/100
|
|t:|1714871163
|switch|p1a: MCDONALD'S SPRITE|Jirachi|100/100|[from] Volt Switch
|
|-weather|Sandstorm|[upkeep]
|-heal|p2a: Ferrothorn|73/100|[from] item: Leftovers
|upkeep
|turn|9
|
|t:|1714871166
|move|p2a: Ferrothorn|Protect|p2a: Ferrothorn
|-singleturn|p2a: Ferrothorn|Protect
|move|p1a: MCDONALD'S SPRITE|Fire Punch|p2a: Ferrothorn
|-activate|p2a: Ferrothorn|move: Protect
|
|-weather|Sandstorm|[upkeep]
|-heal|p2a: Ferrothorn|79/100|[from] item: Leftovers
|upkeep
|turn|10
|
|t:|1714871185
|move|p1a: MCDONALD'S SPRITE|Fire Punch|p2a: Ferrothorn
|-supereffective|p2a: Ferrothorn
|-crit|p2a: Ferrothorn
|-damage|p2a: Ferrothorn|0 fnt
|-damage|p1a: MCDONALD'S SPRITE|88/100|[from] ability: Iron Barbs|[of] p2a: Ferrothorn
|faint|p2a: Ferrothorn
|
|-weather|Sandstorm|[upkeep]
|upkeep
|
|t:|1714871189
|switch|p2a: Excadrill|Excadrill, M|97/100
|-damage|p2a: Excadrill|94/100|[from] Stealth Rock
|turn|11
|
|t:|1714871200
|move|p2a: Excadrill|Iron Head|p1a: MCDONALD'S SPRITE
|-resisted|p1a: MCDONALD'S SPRITE
|-damage|p1a: MCDONALD'S SPRITE|56/100
|cant|p1a: MCDONALD'S SPRITE|flinch
|
|-weather|Sandstorm|[upkeep]
|upkeep
|turn|12
|
|t:|1714871208
|switch|p2a: Reuniclus|Reuniclus, M|100/100
|switch|p1a: TURBO RUMP|Rotom-Wash|83/100
|
|-weather|Sandstorm|[upkeep]
|-damage|p1a: TURBO RUMP|77/100|[from] Sandstorm
|-heal|p1a: TURBO RUMP|83/100|[from] item: Leftovers
|upkeep
|turn|13
|
|t:|1714871214
|move|p1a: TURBO RUMP|Volt Switch|p2a: Reuniclus
|-damage|p2a: Reuniclus|69/100
|
|t:|1714871221
|switch|p1a: DOPPELSOLDNER|Latios, M|100/100|[from] Volt Switch
|move|p2a: Reuniclus|Thunder|p1a: DOPPELSOLDNER
|-resisted|p1a: DOPPELSOLDNER
|-damage|p1a: DOPPELSOLDNER|83/100
|
|-weather|Sandstorm|[upkeep]
|-damage|p1a: DOPPELSOLDNER|77/100|[from] Sandstorm
|-heal|p2a: Reuniclus|75/100|[from] item: Leftovers
|upkeep
|turn|14
|
|t:|1714871225
|move|p1a: DOPPELSOLDNER|Trick|p2a: Reuniclus
|-activate|p1a: DOPPELSOLDNER|move: Trick|[of] p2a: Reuniclus
|-item|p2a: Reuniclus|Choice Specs|[from] move: Trick
|-item|p1a: DOPPELSOLDNER|Leftovers|[from] move: Trick
|move|p2a: Reuniclus|Recover|p2a: Reuniclus
|-heal|p2a: Reuniclus|100/100
|
|-weather|Sandstorm|[upkeep]
|-damage|p1a: DOPPELSOLDNER|71/100|[from] Sandstorm
|-heal|p1a: DOPPELSOLDNER|77/100|[from] item: Leftovers
|upkeep
|turn|15
|
|t:|1714871231
|move|p1a: DOPPELSOLDNER|Surf|p2a: Reuniclus
|-damage|p2a: Reuniclus|71/100
|move|p2a: Reuniclus|Recover|p2a: Reuniclus
|-heal|p2a: Reuniclus|100/100
|
|-weather|Sandstorm|[upkeep]
|-damage|p1a: DOPPELSOLDNER|71/100|[from] Sandstorm
|-heal|p1a: DOPPELSOLDNER|77/100|[from] item: Leftovers
|upkeep
|turn|16
|
|t:|1714871238
|move|p1a: DOPPELSOLDNER|Surf|p2a: Reuniclus
|-damage|p2a: Reuniclus|68/100
|move|p2a: Reuniclus|Recover|p2a: Reuniclus
|-heal|p2a: Reuniclus|100/100
|
|-weather|Sandstorm|[upkeep]
|-damage|p1a: DOPPELSOLDNER|71/100|[from] Sandstorm
|-heal|p1a: DOPPELSOLDNER|77/100|[from] item: Leftovers
|upkeep
|turn|17
|
|t:|1714871241
|move|p1a: DOPPELSOLDNER|Surf|p2a: Reuniclus
|-damage|p2a: Reuniclus|70/100
|move|p2a: Reuniclus|Recover|p2a: Reuniclus
|-heal|p2a: Reuniclus|100/100
|
|-weather|Sandstorm|[upkeep]
|-damage|p1a: DOPPELSOLDNER|71/100|[from] Sandstorm
|-heal|p1a: DOPPELSOLDNER|77/100|[from] item: Leftovers
|upkeep
|turn|18
|
|t:|1714871243
|switch|p1a: TTARIANA GRANDE|Tyranitar, F|75/100
|move|p2a: Reuniclus|Recover||[still]
|-fail|p2a: Reuniclus|heal
|
|-weather|Sandstorm|[upkeep]
|upkeep
|turn|19
|
|t:|1714871247
|-activate|p2a: Reuniclus|move: Pursuit
|move|p1a: TTARIANA GRANDE|Pursuit|p2a: Reuniclus|[from]Pursuit
|-supereffective|p2a: Reuniclus
|-damage|p2a: Reuniclus|46/100
|switch|p2a: Excadrill|Excadrill, M|94/100
|-damage|p2a: Excadrill|91/100|[from] Stealth Rock
|
|-weather|Sandstorm|[upkeep]
|upkeep
|turn|20
|
|t:|1714871256
|move|p2a: Excadrill|Iron Head|p1a: TTARIANA GRANDE
|-supereffective|p1a: TTARIANA GRANDE
|-damage|p1a: TTARIANA GRANDE|0 fnt
|faint|p1a: TTARIANA GRANDE
|
|-weather|Sandstorm|[upkeep]
|upkeep
|
|t:|1714871269
|switch|p1a: MCDONALD'S SPRITE|Jirachi|56/100
|turn|21
|
|t:|1714871277
|switch|p2a: Reuniclus|Reuniclus, M|46/100
|move|p1a: MCDONALD'S SPRITE|Fire Punch|p2a: Reuniclus
|-damage|p2a: Reuniclus|31/100
|
|-weather|Sandstorm|[upkeep]
|upkeep
|turn|22
|
|t:|1714871281
|move|p1a: MCDONALD'S SPRITE|Iron Head|p2a: Reuniclus
|-damage|p2a: Reuniclus|5/100
|move|p2a: Reuniclus|Hidden Power|p1a: MCDONALD'S SPRITE
|-resisted|p1a: MCDONALD'S SPRITE
|-damage|p1a: MCDONALD'S SPRITE|41/100
|
|-weather|Sandstorm|[upkeep]
|upkeep
|turn|23
|
|t:|1714871285
|move|p1a: MCDONALD'S SPRITE|Fire Punch|p2a: Reuniclus
|-damage|p2a: Reuniclus|0 fnt
|faint|p2a: Reuniclus
|
|-weather|Sandstorm|[upkeep]
|upkeep
|
|t:|1714871288
|switch|p2a: Excadrill|Excadrill, M|91/100
|-damage|p2a: Excadrill|88/100|[from] Stealth Rock
|turn|24
|
|t:|1714871290
|move|p2a: Excadrill|Earthquake|p1a: MCDONALD'S SPRITE
|-supereffective|p1a: MCDONALD'S SPRITE
|-damage|p1a: MCDONALD'S SPRITE|0 fnt
|faint|p1a: MCDONALD'S SPRITE
|
|-weather|Sandstorm|[upkeep]
|upkeep
|
|t:|1714871294
|switch|p1a: TURBO RUMP|Rotom-Wash|83/100
|turn|25
|
|t:|1714871296
|switch|p2a: Magnezone|Magnezone|100/100
|-damage|p2a: Magnezone|94/100|[from] Stealth Rock
|-item|p2a: Magnezone|Air Balloon
|move|p1a: TURBO RUMP|Volt Switch|p2a: Magnezone
|-resisted|p2a: Magnezone
|-damage|p2a: Magnezone|70/100
|-enditem|p2a: Magnezone|Air Balloon
|
|t:|1714871298
|switch|p1a: INBRED IGUANA|Landorus-Therian, M|100/100|[from] Volt Switch
|-ability|p1a: INBRED IGUANA|Intimidate|boost
|-unboost|p2a: Magnezone|atk|1
|
|-weather|Sandstorm|[upkeep]
|upkeep
|turn|26
|
|t:|1714871302
|move|p1a: INBRED IGUANA|Earthquake|p2a: Magnezone
|-supereffective|p2a: Magnezone
|-damage|p2a: Magnezone|0 fnt
|faint|p2a: Magnezone
|
|-weather|Sandstorm|[upkeep]
|upkeep
|
|t:|1714871303
|switch|p2a: Excadrill|Excadrill, M|88/100
|-damage|p2a: Excadrill|85/100|[from] Stealth Rock
|turn|27
|
|t:|1714871305
|move|p1a: INBRED IGUANA|Earthquake|p2a: Excadrill
|-supereffective|p2a: Excadrill
|-damage|p2a: Excadrill|0 fnt
|faint|p2a: Excadrill
|
|win|Jellium
|raw|Jellium's rating: 1357 &rarr; <strong>1383</strong><br />(+26 for winning)
|raw|torinoko city's rating: 1470 &rarr; <strong>1444</strong><br />(-26 for losing)
|c|☆Jellium|gg
|c|☆torinoko city|gg
