|j|☆veyidgas
|j|☆chomp29
|t:|1743281891
|gametype|singles
|player|p1|veyidgas|hilda|1361
|player|p2|chomp29|lucas|1472
|teamsize|p1|6
|teamsize|p2|6
|gen|5
|tier|[Gen 5] OU
|rated|
|rule|Species Clause: Limit one of each Pokémon
|rule|OHKO Clause: OHKO moves are banned
|rule|Moody Clause: Moody is banned
|rule|Evasion Items Clause: Evasion items are banned
|rule|Evasion Moves Clause: Evasion moves are banned
|rule|Endless Battle Clause: Forcing endless battles is banned
|rule|HP Percentage Mod: HP is shown in percentages
|rule|Evasion Abilities Clause: Evasion abilities are banned
|rule|Sleep Moves Clause: Sleep-inducing moves are banned
|rule|Swagger Clause: Swagger is banned
|rule|Baton Pass Stat Clause: No Baton Passer may have a way to boost its stats
|clearpoke
|poke|p1|Jirachi|item
|poke|p1|Rotom-Wash|item
|poke|p1|Excadrill, F|item
|poke|p1|Landorus-Therian, M|item
|poke|p1|Tyranitar, M|item
|poke|p1|Latios, M|item
|poke|p2|Seismitoad, M|item
|poke|p2|Mamoswine, F|item
|poke|p2|Latios, M|item
|poke|p2|Jirachi|item
|poke|p2|Starmie|item
|poke|p2|Dragonite, M|item
|teampreview
|inactive|Battle timer is ON: inactive players will automatically lose when time's up. (requested by veyidgas)
|inactive|chomp29 also wants the timer to be on.
|j| Otakumori
|inactive|chomp29 has 120 seconds left.
|
|t:|1743281938
|start
|switch|p1a: Tyranitar|Tyranitar, M|100/100
|switch|p2a: Seismitoad|Seismitoad, M|100/100
|-weather|Sandstorm|[from] ability: Sand Stream|[of] p1a: Tyranitar
|turn|1
|
|t:|1743281944
|move|p2a: Seismitoad|Scald|p1a: Tyranitar
|-supereffective|p1a: Tyranitar
|-damage|p1a: Tyranitar|82/100
|-status|p1a: Tyranitar|brn
|move|p1a: Tyranitar|Crunch|p2a: Seismitoad
|-damage|p2a: Seismitoad|87/100
|
|-weather|Sandstorm|[upkeep]
|-heal|p2a: Seismitoad|93/100|[from] item: Leftovers
|-damage|p1a: Tyranitar|70/100 brn|[from] brn
|upkeep
|turn|2
|c|☆veyidgas|dumbest move in the fucking game
|
|t:|1743281960
|switch|p1a: Latios|Latios, M|100/100
|move|p2a: Seismitoad|Stealth Rock|p1a: Latios
|-sidestart|p1: veyidgas|move: Stealth Rock
|
|-weather|Sandstorm|[upkeep]
|-damage|p1a: Latios|95/100|[from] Sandstorm
|-heal|p2a: Seismitoad|99/100|[from] item: Leftovers
|upkeep
|turn|3
|
|t:|1743281969
|move|p2a: Seismitoad|Protect|p2a: Seismitoad
|-singleturn|p2a: Seismitoad|Protect
|move|p1a: Latios|Draco Meteor|p2a: Seismitoad
|-activate|p2a: Seismitoad|move: Protect
|
|-weather|Sandstorm|[upkeep]
|-damage|p1a: Latios|89/100|[from] Sandstorm
|-heal|p2a: Seismitoad|100/100|[from] item: Leftovers
|upkeep
|turn|4
|
|t:|1743281974
|switch|p1a: Jirachi|Jirachi|100/100
|-damage|p1a: Jirachi|94/100|[from] Stealth Rock
|switch|p2a: Jirachi|Jirachi|100/100
|
|-weather|Sandstorm|[upkeep]
|-heal|p1a: Jirachi|100/100|[from] item: Leftovers
|upkeep
|turn|5
|
|t:|1743281978
|move|p2a: Jirachi|Thunder|p1a: Jirachi
|-damage|p1a: Jirachi|83/100
|move|p1a: Jirachi|Fire Punch|p2a: Jirachi
|-supereffective|p2a: Jirachi
|-damage|p2a: Jirachi|67/100
|-status|p2a: Jirachi|brn
|
|-weather|Sandstorm|[upkeep]
|-heal|p1a: Jirachi|89/100|[from] item: Leftovers
|-damage|p2a: Jirachi|55/100 brn|[from] brn
|upkeep
|turn|6
|
|t:|1743281987
|switch|p2a: Seismitoad|Seismitoad, M|100/100
|move|p1a: Jirachi|Stealth Rock|p2a: Seismitoad
|-sidestart|p2: chomp29|move: Stealth Rock
|
|-weather|Sandstorm|[upkeep]
|-heal|p1a: Jirachi|96/100|[from] item: Leftovers
|upkeep
|turn|7
|
|t:|1743281992
|move|p1a: Jirachi|U-turn|p2a: Seismitoad
|-damage|p2a: Seismitoad|89/100
|
|t:|1743281994
|switch|p1a: Latios|Latios, M|89/100|[from] U-turn
|-damage|p1a: Latios|76/100|[from] Stealth Rock
|move|p2a: Seismitoad|Scald|p1a: Latios
|-resisted|p1a: Latios
|-damage|p1a: Latios|63/100
|
|-weather|Sandstorm|[upkeep]
|-damage|p1a: Latios|57/100|[from] Sandstorm
|-heal|p2a: Seismitoad|95/100|[from] item: Leftovers
|upkeep
|turn|8
|
|t:|1743282001
|move|p2a: Seismitoad|Protect|p2a: Seismitoad
|-singleturn|p2a: Seismitoad|Protect
|move|p1a: Latios|Draco Meteor|p2a: Seismitoad
|-activate|p2a: Seismitoad|move: Protect
|
|-weather|Sandstorm|[upkeep]
|-damage|p1a: Latios|51/100|[from] Sandstorm
|-heal|p2a: Seismitoad|100/100|[from] item: Leftovers
|upkeep
|turn|9
|
|t:|1743282013
|switch|p2a: Jirachi|Jirachi|55/100 brn
|-damage|p2a: Jirachi|49/100 brn|[from] Stealth Rock
|move|p1a: Latios|Recover|p1a: Latios
|-heal|p1a: Latios|100/100
|
|-weather|Sandstorm|[upkeep]
|-damage|p1a: Latios|95/100|[from] Sandstorm
|-damage|p2a: Jirachi|36/100 brn|[from] brn
|upkeep
|turn|10
|
|t:|1743282025
|switch|p1a: Excadrill|Excadrill, F|100/100
|-damage|p1a: Excadrill|97/100|[from] Stealth Rock
|move|p2a: Jirachi|U-turn|p1a: Excadrill
|-resisted|p1a: Excadrill
|-damage|p1a: Excadrill|92/100
|
|t:|1743282031
|switch|p2a: Starmie|Starmie|100/100|[from] U-turn
|-damage|p2a: Starmie|88/100|[from] Stealth Rock
|-item|p2a: Starmie|Air Balloon
|
|-weather|Sandstorm|[upkeep]
|-damage|p2a: Starmie|82/100|[from] Sandstorm
|-heal|p1a: Excadrill|98/100|[from] item: Leftovers
|upkeep
|turn|11
|
|t:|1743282038
|move|p2a: Starmie|Hydro Pump|p1a: Excadrill
|-supereffective|p1a: Excadrill
|-damage|p1a: Excadrill|0 fnt
|faint|p1a: Excadrill
|
|-weather|Sandstorm|[upkeep]
|-damage|p2a: Starmie|76/100|[from] Sandstorm
|upkeep
|
|t:|1743282041
|switch|p1a: Jirachi|Jirachi|96/100
|-damage|p1a: Jirachi|89/100|[from] Stealth Rock
|turn|12
|
|t:|1743282047
|switch|p2a: Seismitoad|Seismitoad, M|100/100
|-damage|p2a: Seismitoad|94/100|[from] Stealth Rock
|move|p1a: Jirachi|U-turn|p2a: Seismitoad
|-damage|p2a: Seismitoad|81/100
|
|t:|1743282051
|switch|p1a: Latios|Latios, M|95/100|[from] U-turn
|-damage|p1a: Latios|82/100|[from] Stealth Rock
|
|-weather|Sandstorm|[upkeep]
|-damage|p1a: Latios|76/100|[from] Sandstorm
|-heal|p2a: Seismitoad|87/100|[from] item: Leftovers
|upkeep
|turn|13
|
|t:|1743282054
|move|p2a: Seismitoad|Protect|p2a: Seismitoad
|-singleturn|p2a: Seismitoad|Protect
|move|p1a: Latios|Draco Meteor|p2a: Seismitoad
|-activate|p2a: Seismitoad|move: Protect
|
|-weather|Sandstorm|[upkeep]
|-damage|p1a: Latios|70/100|[from] Sandstorm
|-heal|p2a: Seismitoad|93/100|[from] item: Leftovers
|upkeep
|turn|14
|
|t:|1743282062
|move|p1a: Latios|Draco Meteor|p2a: Seismitoad
|-damage|p2a: Seismitoad|15/100
|-unboost|p1a: Latios|spa|2
|move|p2a: Seismitoad|Scald|p1a: Latios
|-resisted|p1a: Latios
|-damage|p1a: Latios|58/100
|-status|p1a: Latios|brn
|
|-weather|Sandstorm|[upkeep]
|-damage|p1a: Latios|52/100 brn|[from] Sandstorm
|-heal|p2a: Seismitoad|22/100|[from] item: Leftovers
|-damage|p1a: Latios|40/100 brn|[from] brn
|upkeep
|turn|15
|
|t:|1743282072
|move|p1a: Latios|Recover|p1a: Latios
|-heal|p1a: Latios|90/100 brn
|move|p2a: Seismitoad|Scald|p1a: Latios
|-resisted|p1a: Latios
|-damage|p1a: Latios|77/100 brn
|
|-weather|Sandstorm|[upkeep]
|-damage|p1a: Latios|71/100 brn|[from] Sandstorm
|-heal|p2a: Seismitoad|28/100|[from] item: Leftovers
|-damage|p1a: Latios|59/100 brn|[from] brn
|upkeep
|turn|16
|
|t:|1743282076
|switch|p1a: Rotom|Rotom-Wash|100/100
|-damage|p1a: Rotom|88/100|[from] Stealth Rock
|move|p2a: Seismitoad|Protect||[still]
|-fail|p2a: Seismitoad
|
|-weather|Sandstorm|[upkeep]
|-damage|p1a: Rotom|82/100|[from] Sandstorm
|-heal|p1a: Rotom|88/100|[from] item: Leftovers
|-heal|p2a: Seismitoad|34/100|[from] item: Leftovers
|upkeep
|turn|17
|
|t:|1743282080
|move|p2a: Seismitoad|Protect|p2a: Seismitoad
|-singleturn|p2a: Seismitoad|Protect
|move|p1a: Rotom|Will-O-Wisp|p2a: Seismitoad
|-activate|p2a: Seismitoad|move: Protect
|
|-weather|Sandstorm|[upkeep]
|-damage|p1a: Rotom|82/100|[from] Sandstorm
|-heal|p1a: Rotom|88/100|[from] item: Leftovers
|-heal|p2a: Seismitoad|40/100|[from] item: Leftovers
|upkeep
|turn|18
|j| Fenryrn
|
|t:|1743282091
|move|p1a: Rotom|Will-O-Wisp|p2a: Seismitoad
|-status|p2a: Seismitoad|brn
|move|p2a: Seismitoad|Scald|p1a: Rotom
|-resisted|p1a: Rotom
|-damage|p1a: Rotom|76/100
|
|-weather|Sandstorm|[upkeep]
|-damage|p1a: Rotom|70/100|[from] Sandstorm
|-heal|p1a: Rotom|76/100|[from] item: Leftovers
|-heal|p2a: Seismitoad|46/100 brn|[from] item: Leftovers
|-damage|p2a: Seismitoad|33/100 brn|[from] brn
|upkeep
|turn|19
|l| Fenryrn
|
|t:|1743282096
|switch|p1a: Latios|Latios, M|59/100 brn
|-damage|p1a: Latios|47/100 brn|[from] Stealth Rock
|move|p2a: Seismitoad|Refresh|p2a: Seismitoad
|-curestatus|p2a: Seismitoad|brn|[msg]
|
|-weather|Sandstorm|[upkeep]
|-damage|p1a: Latios|41/100 brn|[from] Sandstorm
|-heal|p2a: Seismitoad|39/100|[from] item: Leftovers
|-damage|p1a: Latios|28/100 brn|[from] brn
|upkeep
|turn|20
|
|t:|1743282109
|move|p1a: Latios|Recover|p1a: Latios
|-heal|p1a: Latios|79/100 brn
|move|p2a: Seismitoad|Scald|p1a: Latios
|-resisted|p1a: Latios
|-damage|p1a: Latios|66/100 brn
|
|-weather|Sandstorm|[upkeep]
|-damage|p1a: Latios|60/100 brn|[from] Sandstorm
|-heal|p2a: Seismitoad|45/100|[from] item: Leftovers
|-damage|p1a: Latios|48/100 brn|[from] brn
|upkeep
|turn|21
|
|t:|1743282120
|move|p1a: Latios|Draco Meteor|p2a: Seismitoad
|-damage|p2a: Seismitoad|0 fnt
|-unboost|p1a: Latios|spa|2
|faint|p2a: Seismitoad
|
|-weather|Sandstorm|[upkeep]
|-damage|p1a: Latios|42/100 brn|[from] Sandstorm
|-damage|p1a: Latios|30/100 brn|[from] brn
|upkeep
|
|t:|1743282124
|switch|p2a: Starmie|Starmie|76/100
|-damage|p2a: Starmie|64/100|[from] Stealth Rock
|-item|p2a: Starmie|Air Balloon
|turn|22
|
|t:|1743282131
|switch|p1a: Jirachi|Jirachi|89/100
|-damage|p1a: Jirachi|83/100|[from] Stealth Rock
|move|p2a: Starmie|Hydro Pump|p1a: Jirachi
|-damage|p1a: Jirachi|38/100
|
|-weather|Sandstorm|[upkeep]
|-damage|p2a: Starmie|58/100|[from] Sandstorm
|-heal|p1a: Jirachi|44/100|[from] item: Leftovers
|upkeep
|turn|23
|
|t:|1743282139
|move|p2a: Starmie|Rapid Spin|p1a: Jirachi
|-resisted|p1a: Jirachi
|-damage|p1a: Jirachi|43/100
|-sideend|p2: chomp29|Stealth Rock|[from] move: Rapid Spin|[of] p2a: Starmie
|move|p1a: Jirachi|U-turn|p2a: Starmie
|-supereffective|p2a: Starmie
|-damage|p2a: Starmie|4/100
|-enditem|p2a: Starmie|Air Balloon
|
|t:|1743282148
|switch|p1a: Rotom|Rotom-Wash|76/100|[from] U-turn
|-damage|p1a: Rotom|64/100|[from] Stealth Rock
|
|-weather|Sandstorm|[upkeep]
|-damage|p2a: Starmie|0 fnt|[from] Sandstorm
|-damage|p1a: Rotom|57/100|[from] Sandstorm
|faint|p2a: Starmie
|-heal|p1a: Rotom|64/100|[from] item: Leftovers
|upkeep
|
|t:|1743282153
|switch|p2a: Latios|Latios, M|100/100
|turn|24
|
|t:|1743282159
|switch|p1a: Tyranitar|Tyranitar, M|70/100 brn
|-damage|p1a: Tyranitar|57/100 brn|[from] Stealth Rock
|move|p2a: Latios|Dragon Pulse|p1a: Tyranitar
|-damage|p1a: Tyranitar|28/100 brn
|
|-weather|Sandstorm|[upkeep]
|-damage|p2a: Latios|95/100|[from] Sandstorm
|-damage|p1a: Tyranitar|15/100 brn|[from] brn
|upkeep
|turn|25
|
|t:|1743282167
|move|p2a: Latios|Dragon Pulse|p1a: Tyranitar
|-damage|p1a: Tyranitar|0 fnt
|faint|p1a: Tyranitar
|
|-weather|Sandstorm|[upkeep]
|-damage|p2a: Latios|89/100|[from] Sandstorm
|upkeep
|
|t:|1743282173
|switch|p1a: Jirachi|Jirachi|43/100
|-damage|p1a: Jirachi|37/100|[from] Stealth Rock
|turn|26
|
|t:|1743282178
|move|p2a: Latios|Dragon Pulse|p1a: Jirachi
|-resisted|p1a: Jirachi
|-damage|p1a: Jirachi|12/100
|move|p1a: Jirachi|U-turn|p2a: Latios
|-supereffective|p2a: Latios
|-damage|p2a: Latios|41/100
|
|t:|1743282184
|switch|p1a: Landorus|Landorus-Therian, M|100/100|[from] U-turn
|-damage|p1a: Landorus|88/100|[from] Stealth Rock
|-ability|p1a: Landorus|Intimidate|boost
|-unboost|p2a: Latios|atk|1
|
|-weather|Sandstorm|[upkeep]
|-damage|p2a: Latios|35/100|[from] Sandstorm
|upkeep
|turn|27
|
|t:|1743282200
|switch|p2a: Mamoswine|Mamoswine, F|100/100
|move|p1a: Landorus|U-turn|p2a: Mamoswine
|-damage|p2a: Mamoswine|72/100
|
|t:|1743282205
|switch|p1a: Rotom|Rotom-Wash|64/100|[from] U-turn
|-damage|p1a: Rotom|51/100|[from] Stealth Rock
|
|-weather|Sandstorm|[upkeep]
|-damage|p1a: Rotom|45/100|[from] Sandstorm
|-heal|p1a: Rotom|51/100|[from] item: Leftovers
|upkeep
|turn|28
|
|t:|1743282228
|move|p2a: Mamoswine|Superpower|p1a: Rotom
|-damage|p1a: Rotom|0 fnt
|-unboost|p2a: Mamoswine|atk|1
|-unboost|p2a: Mamoswine|def|1
|faint|p1a: Rotom
|
|-weather|Sandstorm|[upkeep]
|upkeep
|
|t:|1743282234
|switch|p1a: Landorus|Landorus-Therian, M|88/100
|-damage|p1a: Landorus|76/100|[from] Stealth Rock
|-ability|p1a: Landorus|Intimidate|boost
|-unboost|p2a: Mamoswine|atk|1
|turn|29
|
|t:|1743282245
|switch|p2a: Jirachi|Jirachi|36/100 brn
|move|p1a: Landorus|U-turn|p2a: Jirachi
|-damage|p2a: Jirachi|16/100 brn
|
|t:|1743282248
|switch|p1a: Jirachi|Jirachi|12/100|[from] U-turn
|-damage|p1a: Jirachi|6/100|[from] Stealth Rock
|
|-weather|Sandstorm|[upkeep]
|-heal|p1a: Jirachi|12/100|[from] item: Leftovers
|-damage|p2a: Jirachi|3/100 brn|[from] brn
|upkeep
|turn|30
|
|t:|1743282263
|move|p2a: Jirachi|Iron Head|p1a: Jirachi
|-resisted|p1a: Jirachi
|-damage|p1a: Jirachi|4/100
|cant|p1a: Jirachi|flinch
|
|-weather|Sandstorm|[upkeep]
|-heal|p1a: Jirachi|10/100|[from] item: Leftovers
|-damage|p2a: Jirachi|0 fnt|[from] brn
|faint|p2a: Jirachi
|upkeep
|
|t:|1743282270
|switch|p2a: Mamoswine|Mamoswine, F|72/100
|turn|31
|
|t:|1743282275
|move|p2a: Mamoswine|Ice Shard|p1a: Jirachi
|-resisted|p1a: Jirachi
|-damage|p1a: Jirachi|0 fnt
|faint|p1a: Jirachi
|
|-weather|Sandstorm|[upkeep]
|upkeep
|
|t:|1743282278
|switch|p1a: Landorus|Landorus-Therian, M|76/100
|-damage|p1a: Landorus|63/100|[from] Stealth Rock
|-ability|p1a: Landorus|Intimidate|boost
|-unboost|p2a: Mamoswine|atk|1
|turn|32
|
|t:|1743282286
|switch|p2a: Latios|Latios, M|35/100
|move|p1a: Landorus|Earthquake|p2a: Latios
|-immune|p2a: Latios|[from] ability: Levitate
|
|-weather|Sandstorm|[upkeep]
|-damage|p2a: Latios|29/100|[from] Sandstorm
|upkeep
|turn|33
|
|t:|1743282290
|move|p1a: Landorus|Earthquake|p2a: Latios
|-immune|p2a: Latios|[from] ability: Levitate
|move|p2a: Latios|Ice Beam|p1a: Landorus
|-supereffective|p1a: Landorus
|-damage|p1a: Landorus|0 fnt
|faint|p1a: Landorus
|
|-weather|Sandstorm|[upkeep]
|-damage|p2a: Latios|23/100|[from] Sandstorm
|upkeep
|
|t:|1743282292
|switch|p1a: Latios|Latios, M|30/100 brn
|-damage|p1a: Latios|17/100 brn|[from] Stealth Rock
|turn|34
|
|t:|1743282297
|move|p2a: Latios|Ice Beam|p1a: Latios
|-supereffective|p1a: Latios
|-damage|p1a: Latios|0 fnt
|faint|p1a: Latios
|
|win|chomp29
|raw|veyidgas's rating: 1361 &rarr; <strong>1347</strong><br />(-14 for losing)
|raw|chomp29's rating: 1472 &rarr; <strong>1486</strong><br />(+14 for winning)
|l|☆veyidgas
|player|p1|
