|j|☆DubbedOn
|j|☆SPDsassmitimauto
|t:|1742814664
|gametype|singles
|player|p1|DubbedOn|1|1314
|player|p2|SPDsassmitimauto|266|1551
|teamsize|p1|6
|teamsize|p2|6
|gen|5
|tier|[Gen 5] OU
|rated|
|rule|Species Clause: Limit one of each Pokémon
|rule|OHKO Clause: OHKO moves are banned
|rule|Moody Clause: Moody is banned
|rule|Evasion Items Clause: Evasion items are banned
|rule|Evasion Moves Clause: Evasion moves are banned
|rule|Endless Battle Clause: Forcing endless battles is banned
|rule|HP Percentage Mod: HP is shown in percentages
|rule|Evasion Abilities Clause: Evasion abilities are banned
|rule|Sleep Moves Clause: Sleep-inducing moves are banned
|rule|Swagger Clause: Swagger is banned
|rule|Baton Pass Stat Clause: No Baton Passer may have a way to boost its stats
|clearpoke
|poke|p1|Abomasnow, F|item
|poke|p1|Mamoswine, F|item
|poke|p1|Jirachi|item
|poke|p1|Hydreigon, F|item
|poke|p1|Alakazam, F|item
|poke|p1|Starmie|item
|poke|p2|Politoed, F|item
|poke|p2|Starmie|item
|poke|p2|Keldeo|item
|poke|p2|Latios, M|item
|poke|p2|Tornadus, M|item
|poke|p2|Ferrothorn, F|item
|teampreview
|inactive|Battle timer is ON: inactive players will automatically lose when time's up. (requested by SPDsassmitimauto)
|inactive|DubbedOn has 120 seconds left.
|
|t:|1742814736
|start
|switch|p1a: Jirachi|Jirachi|100/100
|switch|p2a: Latios|Latios, M|100/100
|turn|1
|
|t:|1742814744
|switch|p2a: Ferrothorn|Ferrothorn, F|100/100
|move|p1a: Jirachi|U-turn|p2a: Ferrothorn
|-damage|p2a: Ferrothorn|87/100
|-damage|p1a: Jirachi|88/100|[from] ability: Iron Barbs|[of] p2a: Ferrothorn
|inactive|DubbedOn has 120 seconds left.
|
|t:|1742814780
|switch|p1a: Hydreigon|Hydreigon, F|100/100|[from] U-turn
|
|-heal|p2a: Ferrothorn|93/100|[from] item: Leftovers
|upkeep
|turn|2
|inactive|DubbedOn has 120 seconds left.
|
|t:|1742814788
|switch|p2a: Politoed|Politoed, F, shiny|100/100
|-weather|RainDance|[from] ability: Drizzle|[of] p2a: Politoed
|move|p1a: Hydreigon|Flamethrower|p2a: Politoed
|-resisted|p2a: Politoed
|-damage|p2a: Politoed|93/100
|
|-weather|RainDance|[upkeep]
|upkeep
|turn|3
|inactive|DubbedOn has 120 seconds left.
|
|t:|1742814799
|switch|p1a: Abomasnow|Abomasnow, F, shiny|100/100
|-weather|Hail|[from] ability: Snow Warning|[of] p1a: Abomasnow
|switch|p2a: Ferrothorn|Ferrothorn, F|93/100
|
|-weather|Hail|[upkeep]
|-damage|p2a: Ferrothorn|87/100|[from] Hail
|-heal|p2a: Ferrothorn|93/100|[from] item: Leftovers
|upkeep
|turn|4
|inactive|DubbedOn has 120 seconds left.
|
|t:|1742814829
|switch|p1a: Jirachi|Jirachi|88/100
|move|p2a: Ferrothorn|Gyro Ball|p1a: Jirachi
|-resisted|p1a: Jirachi
|-damage|p1a: Jirachi|66/100
|
|-weather|Hail|[upkeep]
|-damage|p1a: Jirachi|60/100|[from] Hail
|-damage|p2a: Ferrothorn|87/100|[from] Hail
|-heal|p1a: Jirachi|66/100|[from] item: Leftovers
|-heal|p2a: Ferrothorn|93/100|[from] item: Leftovers
|upkeep
|turn|5
|
|t:|1742814838
|move|p1a: Jirachi|Fire Punch|p2a: Ferrothorn
|-supereffective|p2a: Ferrothorn
|-damage|p2a: Ferrothorn|43/100
|-damage|p1a: Jirachi|54/100|[from] ability: Iron Barbs|[of] p2a: Ferrothorn
|move|p2a: Ferrothorn|Stealth Rock|p1a: Jirachi
|-sidestart|p1: DubbedOn|move: Stealth Rock
|
|-weather|Hail|[upkeep]
|-damage|p1a: Jirachi|48/100|[from] Hail
|-damage|p2a: Ferrothorn|37/100|[from] Hail
|-heal|p1a: Jirachi|54/100|[from] item: Leftovers
|-heal|p2a: Ferrothorn|43/100|[from] item: Leftovers
|upkeep
|turn|6
|
|t:|1742814848
|switch|p2a: Politoed|Politoed, F, shiny|93/100
|-weather|RainDance|[from] ability: Drizzle|[of] p2a: Politoed
|move|p1a: Jirachi|Stealth Rock|p2a: Politoed
|-sidestart|p2: SPDsassmitimauto|move: Stealth Rock
|
|-weather|RainDance|[upkeep]
|-heal|p1a: Jirachi|60/100|[from] item: Leftovers
|upkeep
|turn|7
|
|t:|1742814856
|move|p1a: Jirachi|U-turn|p2a: Politoed
|-damage|p2a: Politoed|71/100
|
|t:|1742814864
|switch|p1a: Hydreigon|Hydreigon, F|100/100|[from] U-turn
|-damage|p1a: Hydreigon|88/100|[from] Stealth Rock
|move|p2a: Politoed|Scald|p1a: Hydreigon
|-resisted|p1a: Hydreigon
|-damage|p1a: Hydreigon|42/100
|-status|p1a: Hydreigon|brn
|
|-weather|RainDance|[upkeep]
|-damage|p1a: Hydreigon|30/100 brn|[from] brn
|upkeep
|turn|8
|inactive|DubbedOn has 120 seconds left.
|
|t:|1742814882
|switch|p2a: Ferrothorn|Ferrothorn, F|43/100
|-damage|p2a: Ferrothorn|37/100|[from] Stealth Rock
|move|p1a: Hydreigon|Draco Meteor|p2a: Ferrothorn
|-resisted|p2a: Ferrothorn
|-damage|p2a: Ferrothorn|14/100
|-unboost|p1a: Hydreigon|spa|2
|
|-weather|RainDance|[upkeep]
|-heal|p2a: Ferrothorn|21/100|[from] item: Leftovers
|-damage|p1a: Hydreigon|17/100 brn|[from] brn
|upkeep
|turn|9
|
|t:|1742814897
|switch|p1a: Jirachi|Jirachi|60/100
|-damage|p1a: Jirachi|54/100|[from] Stealth Rock
|move|p2a: Ferrothorn|Spikes|p1a: Jirachi
|-sidestart|p1: DubbedOn|Spikes
|
|-weather|RainDance|[upkeep]
|-heal|p1a: Jirachi|60/100|[from] item: Leftovers
|-heal|p2a: Ferrothorn|27/100|[from] item: Leftovers
|upkeep
|turn|10
|
|t:|1742814909
|switch|p2a: Starmie|Starmie|100/100
|-damage|p2a: Starmie|88/100|[from] Stealth Rock
|move|p1a: Jirachi|Fire Punch|p2a: Starmie
|-resisted|p2a: Starmie
|-damage|p2a: Starmie|82/100
|
|-weather|RainDance|[upkeep]
|-heal|p1a: Jirachi|66/100|[from] item: Leftovers
|upkeep
|turn|11
|inactive|DubbedOn has 120 seconds left.
|
|t:|1742814930
|move|p2a: Starmie|Trick|p1a: Jirachi
|-activate|p2a: Starmie|move: Trick|[of] p1a: Jirachi
|-item|p1a: Jirachi|Choice Specs|[from] move: Trick
|-item|p2a: Starmie|Leftovers|[from] move: Trick
|move|p1a: Jirachi|U-turn|p2a: Starmie
|-supereffective|p2a: Starmie
|-damage|p2a: Starmie|34/100
|
|t:|1742814944
|switch|p1a: Alakazam|Alakazam, F|100/100|[from] U-turn
|
|-weather|RainDance|[upkeep]
|-heal|p2a: Starmie|40/100|[from] item: Leftovers
|upkeep
|turn|12
|
|t:|1742814962
|move|p1a: Alakazam|Shadow Ball|p2a: Starmie
|-supereffective|p2a: Starmie
|-damage|p2a: Starmie|0 fnt
|faint|p2a: Starmie
|
|-weather|RainDance|[upkeep]
|upkeep
|
|t:|1742814968
|switch|p2a: Tornadus|Tornadus, M|100/100
|-damage|p2a: Tornadus|76/100|[from] Stealth Rock
|turn|13
|inactive|DubbedOn has 90 seconds left.
|
|t:|1742815010
|move|p1a: Alakazam|Psychic|p2a: Tornadus
|-damage|p2a: Tornadus|0 fnt
|faint|p2a: Tornadus
|
|-weather|RainDance|[upkeep]
|upkeep
|
|t:|1742815014
|switch|p2a: Latios|Latios, M|100/100
|-damage|p2a: Latios|88/100|[from] Stealth Rock
|turn|14
|
|t:|1742815027
|switch|p1a: Jirachi|Jirachi|66/100
|-damage|p1a: Jirachi|60/100|[from] Stealth Rock
|-damage|p1a: Jirachi|48/100|[from] Spikes
|move|p2a: Latios|Draco Meteor|p1a: Jirachi
|-resisted|p1a: Jirachi
|-damage|p1a: Jirachi|5/100
|-unboost|p2a: Latios|spa|2
|
|-weather|RainDance|[upkeep]
|upkeep
|turn|15
|
|t:|1742815035
|move|p2a: Latios|Draco Meteor|p1a: Jirachi
|-resisted|p1a: Jirachi
|-damage|p1a: Jirachi|0 fnt
|-unboost|p2a: Latios|spa|2
|faint|p1a: Jirachi
|
|-weather|RainDance|[upkeep]
|upkeep
|inactive|DubbedOn has 60 seconds left.
|
|t:|1742815072
|switch|p1a: Alakazam|Alakazam, F|100/100
|turn|16
|
|t:|1742815081
|move|p1a: Alakazam|Shadow Ball|p2a: Latios
|-supereffective|p2a: Latios
|-damage|p2a: Latios|20/100
|move|p2a: Latios|Draco Meteor|p1a: Alakazam
|-damage|p1a: Alakazam|42/100
|-unboost|p2a: Latios|spa|2
|
|-weather|RainDance|[upkeep]
|upkeep
|turn|17
|
|t:|1742815091
|move|p1a: Alakazam|Shadow Ball|p2a: Latios
|-supereffective|p2a: Latios
|-damage|p2a: Latios|0 fnt
|faint|p2a: Latios
|
|-weather|RainDance|[upkeep]
|upkeep
|
|t:|1742815095
|switch|p2a: Keldeo|Keldeo|100/100
|-damage|p2a: Keldeo|94/100|[from] Stealth Rock
|turn|18
|
|t:|1742815100
|move|p2a: Keldeo|Surf|p1a: Alakazam
|-damage|p1a: Alakazam|0 fnt
|faint|p1a: Alakazam
|
|-weather|RainDance|[upkeep]
|upkeep
|
|t:|1742815108
|switch|p1a: Starmie|Starmie|100/100
|-damage|p1a: Starmie|88/100|[from] Stealth Rock
|-item|p1a: Starmie|Air Balloon
|turn|19
|
|t:|1742815114
|move|p2a: Keldeo|Surf|p1a: Starmie
|-resisted|p1a: Starmie
|-damage|p1a: Starmie|37/100
|-enditem|p1a: Starmie|Air Balloon
|move|p1a: Starmie|Rapid Spin|p2a: Keldeo
|-damage|p2a: Keldeo|89/100
|-sideend|p1: DubbedOn|Spikes|[from] move: Rapid Spin|[of] p1a: Starmie
|-sideend|p1: DubbedOn|Stealth Rock|[from] move: Rapid Spin|[of] p1a: Starmie
|
|-weather|RainDance|[upkeep]
|upkeep
|turn|20
|inactive|DubbedOn has 90 seconds left.
|inactive|DubbedOn has 60 seconds left.
|
|t:|1742815150
|switch|p1a: Hydreigon|Hydreigon, F|17/100 brn
|move|p2a: Keldeo|Surf|p1a: Hydreigon
|-resisted|p1a: Hydreigon
|-damage|p1a: Hydreigon|0 fnt
|faint|p1a: Hydreigon
|
|-weather|RainDance|[upkeep]
|upkeep
|inactive|DubbedOn has 60 seconds left.
|
|t:|1742815155
|switch|p1a: Abomasnow|Abomasnow, F, shiny|100/100
|-weather|Hail|[from] ability: Snow Warning|[of] p1a: Abomasnow
|turn|21
|
|t:|1742815168
|switch|p2a: Ferrothorn|Ferrothorn, F|27/100
|-damage|p2a: Ferrothorn|21/100|[from] Stealth Rock
|move|p1a: Abomasnow|Blizzard|p2a: Ferrothorn
|-damage|p2a: Ferrothorn|0 fnt
|faint|p2a: Ferrothorn
|
|-weather|Hail|[upkeep]
|upkeep
|
|t:|1742815171
|switch|p2a: Politoed|Politoed, F, shiny|71/100
|-damage|p2a: Politoed|59/100|[from] Stealth Rock
|-weather|RainDance|[from] ability: Drizzle|[of] p2a: Politoed
|turn|22
|inactive|DubbedOn has 60 seconds left.
|
|t:|1742815193
|switch|p1a: Starmie|Starmie|37/100
|move|p2a: Politoed|Hydro Pump|p1a: Starmie
|-resisted|p1a: Starmie
|-damage|p1a: Starmie|0 fnt
|faint|p1a: Starmie
|
|-weather|RainDance|[upkeep]
|upkeep
|inactive|DubbedOn has 60 seconds left.
|
|t:|1742815201
|switch|p1a: Mamoswine|Mamoswine, F|100/100
|turn|23
|
|t:|1742815210
|move|p1a: Mamoswine|Earthquake|p2a: Politoed
|-damage|p2a: Politoed|0 fnt
|faint|p2a: Politoed
|
|-weather|RainDance|[upkeep]
|upkeep
|
|t:|1742815212
|switch|p2a: Keldeo|Keldeo|89/100
|-damage|p2a: Keldeo|83/100|[from] Stealth Rock
|turn|24
|
|t:|1742815218
|move|p2a: Keldeo|Secret Sword|p1a: Mamoswine
|-supereffective|p1a: Mamoswine
|-damage|p1a: Mamoswine|0 fnt
|faint|p1a: Mamoswine
|
|-weather|RainDance|[upkeep]
|upkeep
|
|t:|1742815224
|switch|p1a: Abomasnow|Abomasnow, F, shiny|100/100
|-weather|Hail|[from] ability: Snow Warning|[of] p1a: Abomasnow
|turn|25
|
|t:|1742815231
|move|p2a: Keldeo|Secret Sword|p1a: Abomasnow
|-supereffective|p1a: Abomasnow
|-enditem|p1a: Abomasnow|Focus Sash
|-damage|p1a: Abomasnow|1/100
|move|p1a: Abomasnow|Wood Hammer|p2a: Keldeo
|-supereffective|p2a: Keldeo
|-damage|p2a: Keldeo|0 fnt
|faint|p2a: Keldeo
|-damage|p1a: Abomasnow|0 fnt|[from] Recoil
|faint|p1a: Abomasnow
|
|win|DubbedOn
|raw|DubbedOn's rating: 1314 &rarr; <strong>1346</strong><br />(+32 for winning)
|raw|SPDsassmitimauto's rating: 1551 &rarr; <strong>1519</strong><br />(-32 for losing)
