|j|Rokhan
|j|Veteran Sogeking
|player|p1|Rokhan|33
|teamsize|p1|6
|player|p2|Veteran Sogeking|266
|teamsize|p2|6
|gametype|singles
|gen|5
|tier|[Gen 5] OU
|rated
|seed|24793,54542,354,4078
|rule|Sleep Clause Mod: Limit one foe put to sleep
|rule|Species Clause: Limit one of each Pokémon
|rule|OHKO Clause: OHKO moves are banned
|rule|Moody Clause: Moody is banned
|rule|Evasion Moves Clause: Evasion moves are banned
|rule|Endless Battle Clause: Forcing endless battles is banned
|rule|HP Percentage Mod: HP is shown in percentages
|rule|Evasion Abilities Clause: Evasion abilities are banned
|rule|Baton Pass Clause: Limit one Baton Passer, can't pass Spe and other stats simultaneously
|rule|Swagger Clause: Swagger is banned
|clearpoke
|poke|p1|Tyranitar, F|item
|poke|p1|Ferrothorn, F|item
|poke|p1|Garchomp, M|item
|poke|p1|Gliscor, M|item
|poke|p1|Magnezone|item
|poke|p1|Slowking, F|item
|poke|p2|Politoed, F|item
|poke|p2|Skarmory, M|item
|poke|p2|Chansey, F|item
|poke|p2|Tentacruel, M|item
|poke|p2|Gastrodon-East, M|item
|poke|p2|Mew|item
|teampreview
|inactive|Battle timer is ON: inactive players will automatically lose when time's up. (requested by Veteran Sogeking)
|j|Ouaf dog
|inactive|Rokhan has 120 seconds left.
|choice|team 1, team 2, team 3, team 4, team 5, team 6|team 6, team 2, team 3, team 4, team 5, team 1
|
|start
|switch|p1a: Tyranitar|Tyranitar, F|403/403
|switch|p2a: Mew|Mew|404/404
|-weather|Sandstorm|[from] ability: Sand Stream|[of] p1a: Tyranitar
|turn|1
|choice|switch 5|move willowisp
|
|switch|p1a: Magnezone|Magnezone|314/314
|move|p2a: Mew|Will-O-Wisp|p1a: Magnezone
|-status|p1a: Magnezone|brn
|
|-weather|Sandstorm|[upkeep]
|-damage|p2a: Mew|379/404|[from] sandstorm
|-heal|p2a: Mew|404/404|[from] item: Leftovers
|-damage|p1a: Magnezone|275/314 brn|[from] brn
|upkeep
|turn|2
|choice|switch 2|switch 5
|
|switch|p2a: Gastrodon|Gastrodon-East, M|426/426
|switch|p1a: Ferrothorn|Ferrothorn, F|352/352
|
|-weather|Sandstorm|[upkeep]
|upkeep
|turn|3
|choice|move leechseed|move scald
|
|move|p2a: Gastrodon|Scald|p1a: Ferrothorn
|-resisted|p1a: Ferrothorn
|-damage|p1a: Ferrothorn|319/352
|move|p1a: Ferrothorn|Leech Seed|p2a: Gastrodon
|-start|p2a: Gastrodon|move: Leech Seed
|
|-weather|Sandstorm|[upkeep]
|-heal|p1a: Ferrothorn|341/352|[from] item: Leftovers
|-damage|p2a: Gastrodon|373/426|[from] Leech Seed|[of] p1a: Ferrothorn
|-heal|p1a: Ferrothorn|352/352|[silent]
|upkeep
|turn|4
|choice|move powerwhip|switch 3
|
|switch|p2a: Chansey|Chansey, F|681/681
|move|p1a: Ferrothorn|Power Whip|p2a: Chansey
|-damage|p2a: Chansey|492/681
|
|-weather|Sandstorm|[upkeep]
|-damage|p2a: Chansey|450/681|[from] sandstorm
|upkeep
|turn|5
|choice|move leechseed|move stealthrock
|
|move|p2a: Chansey|Stealth Rock|p1a: Ferrothorn
|-sidestart|p1: Rokhan|move: Stealth Rock
|move|p1a: Ferrothorn|Leech Seed|p2a: Chansey
|-start|p2a: Chansey|move: Leech Seed
|
|-weather|Sandstorm|[upkeep]
|-damage|p2a: Chansey|408/681|[from] sandstorm
|-damage|p2a: Chansey|323/681|[from] Leech Seed|[of] p1a: Ferrothorn
|upkeep
|turn|6
|choice|move spikes|move softboiled
|
|move|p2a: Chansey|Soft-Boiled|p2a: Chansey
|-heal|p2a: Chansey|664/681
|move|p1a: Ferrothorn|Spikes|p2a: Chansey
|-sidestart|p2: Veteran Sogeking|Spikes
|
|-weather|Sandstorm|[upkeep]
|-damage|p2a: Chansey|622/681|[from] sandstorm
|-damage|p2a: Chansey|537/681|[from] Leech Seed|[of] p1a: Ferrothorn
|upkeep
|turn|7
|choice|move spikes|switch 5
|
|switch|p2a: Mew|Mew|404/404
|-damage|p2a: Mew|354/404|[from] Spikes
|move|p1a: Ferrothorn|Spikes|p2a: Mew
|-sidestart|p2: Veteran Sogeking|Spikes
|
|-weather|Sandstorm|[upkeep]
|-damage|p2a: Mew|329/404|[from] sandstorm
|-heal|p2a: Mew|354/404|[from] item: Leftovers
|upkeep
|turn|8
|choice|switch 2|move taunt
|
|switch|p1a: Magnezone|Magnezone|275/314 brn
|-damage|p1a: Magnezone|256/314 brn|[from] Stealth Rock
|move|p2a: Mew|Taunt|p1a: Magnezone
|-start|p1a: Magnezone|move: Taunt
|
|-weather|Sandstorm|[upkeep]
|-damage|p2a: Mew|329/404|[from] sandstorm
|-heal|p2a: Mew|354/404|[from] item: Leftovers
|-damage|p1a: Magnezone|217/314 brn|[from] brn
|upkeep
|turn|9
|choice|move voltswitch|switch 3
|
|switch|p2a: Gastrodon|Gastrodon-East, M|373/426
|-damage|p2a: Gastrodon|302/426|[from] Spikes
|move|p1a: Magnezone|Volt Switch|p2a: Gastrodon
|-immune|p2a: Gastrodon|[msg]
|
|-weather|Sandstorm|[upkeep]
|-heal|p2a: Gastrodon|328/426|[from] item: Leftovers
|-damage|p1a: Magnezone|178/314 brn|[from] brn
|upkeep
|turn|10
|choice|switch 2|move scald
|
|switch|p1a: Ferrothorn|Ferrothorn, F|352/352
|-damage|p1a: Ferrothorn|330/352|[from] Stealth Rock
|move|p2a: Gastrodon|Scald|p1a: Ferrothorn
|-resisted|p1a: Ferrothorn
|-damage|p1a: Ferrothorn|294/352
|
|-weather|Sandstorm|[upkeep]
|-heal|p2a: Gastrodon|354/426|[from] item: Leftovers
|-heal|p1a: Ferrothorn|316/352|[from] item: Leftovers
|upkeep
|turn|11
|choice|move powerwhip|switch 2
|
|switch|p2a: Skarmory|Skarmory, M|334/334
|move|p1a: Ferrothorn|Power Whip|p2a: Skarmory
|-resisted|p2a: Skarmory
|-damage|p2a: Skarmory|316/334
|
|-weather|Sandstorm|[upkeep]
|-heal|p2a: Skarmory|334/334|[from] item: Leftovers
|-heal|p1a: Ferrothorn|338/352|[from] item: Leftovers
|upkeep
|turn|12
|choice|move leechseed|move spikes
|
|move|p2a: Skarmory|Spikes|p1a: Ferrothorn
|-sidestart|p1: Rokhan|Spikes
|move|p1a: Ferrothorn|Leech Seed|p2a: Skarmory
|-start|p2a: Skarmory|move: Leech Seed
|
|-weather|Sandstorm|[upkeep]
|-heal|p1a: Ferrothorn|352/352|[from] item: Leftovers
|-damage|p2a: Skarmory|293/334|[from] Leech Seed|[of] p1a: Ferrothorn
|upkeep
|turn|13
|choice|move leechseed|switch 2
|
|switch|p2a: Gastrodon|Gastrodon-East, M|354/426
|-damage|p2a: Gastrodon|283/426|[from] Spikes
|move|p1a: Ferrothorn|Leech Seed|p2a: Gastrodon
|-start|p2a: Gastrodon|move: Leech Seed
|
|-weather|Sandstorm|[upkeep]
|-heal|p2a: Gastrodon|309/426|[from] item: Leftovers
|-damage|p2a: Gastrodon|256/426|[from] Leech Seed|[of] p1a: Ferrothorn
|upkeep
|turn|14
|choice|move spikes|switch 2
|
|switch|p2a: Skarmory|Skarmory, M|293/334
|move|p1a: Ferrothorn|Spikes|p2a: Skarmory
|-sidestart|p2: Veteran Sogeking|Spikes
|
|-weather|Sandstorm|[upkeep]
|-heal|p2a: Skarmory|313/334|[from] item: Leftovers
|upkeep
|turn|15
|choice|move powerwhip|move spikes
|
|move|p2a: Skarmory|Spikes|p1a: Ferrothorn
|-sidestart|p1: Rokhan|Spikes
|move|p1a: Ferrothorn|Power Whip|p2a: Skarmory|[miss]
|-miss|p1a: Ferrothorn|p2a: Skarmory
|
|-weather|Sandstorm|[upkeep]
|-heal|p2a: Skarmory|333/334|[from] item: Leftovers
|upkeep
|turn|16
|choice|move leechseed|move spikes
|
|move|p2a: Skarmory|Spikes|p1a: Ferrothorn
|-sidestart|p1: Rokhan|Spikes
|move|p1a: Ferrothorn|Leech Seed|p2a: Skarmory
|-start|p2a: Skarmory|move: Leech Seed
|
|-weather|Sandstorm|[upkeep]
|-heal|p2a: Skarmory|334/334|[from] item: Leftovers
|-damage|p2a: Skarmory|293/334|[from] Leech Seed|[of] p1a: Ferrothorn
|upkeep
|turn|17
|choice|move powerwhip|switch 3
|
|switch|p2a: Mew|Mew|354/404
|-damage|p2a: Mew|253/404|[from] Spikes
|move|p1a: Ferrothorn|Power Whip|p2a: Mew
|-damage|p2a: Mew|154/404
|
|-weather|Sandstorm|[upkeep]
|-damage|p2a: Mew|129/404|[from] sandstorm
|-heal|p2a: Mew|154/404|[from] item: Leftovers
|upkeep
|turn|18
|choice|switch 5|move roost
|
|switch|p1a: Tyranitar|Tyranitar, F|403/403
|-damage|p1a: Tyranitar|303/403|[from] Spikes
|-damage|p1a: Tyranitar|253/403|[from] Stealth Rock
|move|p2a: Mew|Roost|p2a: Mew
|-heal|p2a: Mew|356/404
|
|-weather|Sandstorm|[upkeep]
|-damage|p2a: Mew|331/404|[from] sandstorm
|-heal|p2a: Mew|356/404|[from] item: Leftovers
|upkeep
|turn|19
|choice|move crunch|move willowisp
|
|move|p2a: Mew|Will-O-Wisp|p1a: Tyranitar
|-status|p1a: Tyranitar|brn
|move|p1a: Tyranitar|Crunch|p2a: Mew
|-supereffective|p2a: Mew
|-damage|p2a: Mew|239/404
|
|-weather|Sandstorm|[upkeep]
|-damage|p2a: Mew|214/404|[from] sandstorm
|-heal|p2a: Mew|239/404|[from] item: Leftovers
|-damage|p1a: Tyranitar|203/403 brn|[from] brn
|upkeep
|turn|20
|choice|move stealthrock|move roost
|
|move|p2a: Mew|Roost|p2a: Mew
|-heal|p2a: Mew|404/404
|move|p1a: Tyranitar|Stealth Rock|p2a: Mew
|-sidestart|p2: Veteran Sogeking|move: Stealth Rock
|
|-weather|Sandstorm|[upkeep]
|-damage|p2a: Mew|379/404|[from] sandstorm
|-heal|p2a: Mew|404/404|[from] item: Leftovers
|-damage|p1a: Tyranitar|153/403 brn|[from] brn
|upkeep
|turn|21
|choice|move crunch|switch 6
|
|switch|p2a: Politoed|Politoed, F|384/384
|-damage|p2a: Politoed|336/384|[from] Stealth Rock
|-damage|p2a: Politoed|240/384|[from] Spikes
|-weather|RainDance|[from] ability: Drizzle|[of] p2a: Politoed
|move|p1a: Tyranitar|Crunch|p2a: Politoed
|-damage|p2a: Politoed|175/384
|
|-weather|RainDance|[upkeep]
|-heal|p2a: Politoed|199/384|[from] item: Leftovers
|-damage|p1a: Tyranitar|103/403 brn|[from] brn
|upkeep
|turn|22
|choice|move crunch|switch 4
|
|switch|p2a: Tentacruel|Tentacruel, M|364/364
|-damage|p2a: Tentacruel|273/364|[from] Spikes
|-damage|p2a: Tentacruel|228/364|[from] Stealth Rock
|move|p1a: Tyranitar|Crunch|p2a: Tentacruel
|-damage|p2a: Tentacruel|164/364
|
|-weather|RainDance|[upkeep]
|-heal|p2a: Tentacruel|186/364|[from] ability: Rain Dish
|-heal|p2a: Tentacruel|208/364|[from] item: Black Sludge
|-damage|p1a: Tyranitar|53/403 brn|[from] brn
|upkeep
|turn|23
|choice|move stealthrock|move rapidspin
|
|move|p2a: Tentacruel|Rapid Spin|p1a: Tyranitar
|-resisted|p1a: Tyranitar
|-damage|p1a: Tyranitar|48/403 brn
|-sideend|p2: Veteran Sogeking|Spikes|[from] move: Rapid Spin|[of] p2a: Tentacruel
|-sideend|p2: Veteran Sogeking|Stealth Rock|[from] move: Rapid Spin|[of] p2a: Tentacruel
|move|p1a: Tyranitar|Stealth Rock|p2a: Tentacruel
|-sidestart|p2: Veteran Sogeking|move: Stealth Rock
|
|-weather|RainDance|[upkeep]
|-heal|p2a: Tentacruel|230/364|[from] ability: Rain Dish
|-heal|p2a: Tentacruel|252/364|[from] item: Black Sludge
|-damage|p1a: Tyranitar|0 fnt|[from] brn
|upkeep
|faint|p1a: Tyranitar
|choice|switch 4|
|
|switch|p1a: Gliscor|Gliscor, M|352/352
|-damage|p1a: Gliscor|308/352|[from] Stealth Rock
|turn|24
|choice|move earthquake|move scald
|
|move|p1a: Gliscor|Earthquake|p2a: Tentacruel
|-supereffective|p2a: Tentacruel
|-damage|p2a: Tentacruel|36/364
|move|p2a: Tentacruel|Scald|p1a: Gliscor
|-supereffective|p1a: Gliscor
|-damage|p1a: Gliscor|96/352
|
|-weather|RainDance|[upkeep]
|-heal|p2a: Tentacruel|58/364|[from] ability: Rain Dish
|-heal|p2a: Tentacruel|80/364|[from] item: Black Sludge
|-status|p1a: Gliscor|tox|[from] item: Toxic Orb
|upkeep
|turn|25
|choice|move earthquake|move rapidspin
|
|move|p1a: Gliscor|Earthquake|p2a: Tentacruel
|-supereffective|p2a: Tentacruel
|-damage|p2a: Tentacruel|0 fnt
|faint|p2a: Tentacruel
|
|-weather|RainDance|[upkeep]
|-heal|p1a: Gliscor|140/352 tox|[from] ability: Poison Heal
|upkeep
|choice||switch 6
|
|switch|p2a: Mew|Mew|404/404
|-damage|p2a: Mew|354/404|[from] Stealth Rock
|turn|26
|choice|switch 6|move icebeam
|
|switch|p1a: Slowking|Slowking, F, shiny|394/394
|-damage|p1a: Slowking|345/394|[from] Stealth Rock
|-damage|p1a: Slowking|247/394|[from] Spikes
|move|p2a: Mew|Ice Beam|p1a: Slowking
|-resisted|p1a: Slowking
|-crit|p1a: Slowking
|-damage|p1a: Slowking|191/394
|
|-weather|RainDance|[upkeep]
|-heal|p2a: Mew|379/404|[from] item: Leftovers
|-heal|p1a: Slowking|215/394|[from] item: Leftovers
|upkeep
|turn|27
|choice|move scald|move taunt
|
|move|p2a: Mew|Taunt|p1a: Slowking
|-start|p1a: Slowking|move: Taunt
|move|p1a: Slowking|Scald|p2a: Mew
|-damage|p2a: Mew|241/404
|
|-weather|RainDance|[upkeep]
|-heal|p2a: Mew|266/404|[from] item: Leftovers
|-heal|p1a: Slowking|239/394|[from] item: Leftovers
|upkeep
|turn|28
|choice|move scald|move willowisp
|
|move|p2a: Mew|Will-O-Wisp|p1a: Slowking
|-status|p1a: Slowking|brn
|move|p1a: Slowking|Scald|p2a: Mew
|-damage|p2a: Mew|121/404
|-status|p2a: Mew|brn
|-activate|p2a: Mew|ability: Synchronize
|-fail|p1a: Slowking|brn
|
|-weather|RainDance|[upkeep]
|-heal|p2a: Mew|146/404 brn|[from] item: Leftovers
|-heal|p1a: Slowking|263/394 brn|[from] item: Leftovers
|-damage|p2a: Mew|96/404 brn|[from] brn
|-damage|p1a: Slowking|214/394 brn|[from] brn
|upkeep
|turn|29
|c|☆Veteran Sogeking|oO
|choice|move scald|move roost
|
|move|p2a: Mew|Roost|p2a: Mew
|-heal|p2a: Mew|298/404 brn
|move|p1a: Slowking|Scald|p2a: Mew
|-damage|p2a: Mew|162/404 brn
|
|-weather|RainDance|[upkeep]
|-heal|p2a: Mew|187/404 brn|[from] item: Leftovers
|-heal|p1a: Slowking|238/394 brn|[from] item: Leftovers
|-damage|p2a: Mew|137/404 brn|[from] brn
|-damage|p1a: Slowking|189/394 brn|[from] brn
|-end|p1a: Slowking|move: Taunt
|upkeep
|turn|30
|choice|move slackoff|switch 2
|
|switch|p2a: Gastrodon|Gastrodon-East, M|256/426
|-damage|p2a: Gastrodon|230/426|[from] Stealth Rock
|move|p1a: Slowking|Slack Off|p1a: Slowking
|-heal|p1a: Slowking|386/394 brn
|
|-weather|RainDance|[upkeep]
|-heal|p2a: Gastrodon|256/426|[from] item: Leftovers
|-heal|p1a: Slowking|394/394 brn|[from] item: Leftovers
|-damage|p1a: Slowking|345/394 brn|[from] brn
|upkeep
|turn|31
|choice|move calmmind|move scald
|
|move|p2a: Gastrodon|Scald|p1a: Slowking
|-resisted|p1a: Slowking
|-damage|p1a: Slowking|293/394 brn
|move|p1a: Slowking|Calm Mind|p1a: Slowking
|-boost|p1a: Slowking|spa|1
|-boost|p1a: Slowking|spd|1
|
|-weather|RainDance|[upkeep]
|-heal|p2a: Gastrodon|282/426|[from] item: Leftovers
|-heal|p1a: Slowking|317/394 brn|[from] item: Leftovers
|-damage|p1a: Slowking|268/394 brn|[from] brn
|upkeep
|turn|32
|choice|move psyshock|move earthquake
|
|move|p2a: Gastrodon|Earthquake|p1a: Slowking
|-damage|p1a: Slowking|168/394 brn
|move|p1a: Slowking|Psyshock|p2a: Gastrodon
|-damage|p2a: Gastrodon|107/426
|
|-weather|RainDance|[upkeep]
|-heal|p2a: Gastrodon|133/426|[from] item: Leftovers
|-heal|p1a: Slowking|192/394 brn|[from] item: Leftovers
|-damage|p1a: Slowking|143/394 brn|[from] brn
|upkeep
|turn|33
|choice|move slackoff|move earthquake
|
|move|p2a: Gastrodon|Earthquake|p1a: Slowking
|-damage|p1a: Slowking|46/394 brn
|move|p1a: Slowking|Slack Off|p1a: Slowking
|-heal|p1a: Slowking|243/394 brn
|
|-weather|RainDance|[upkeep]
|-heal|p2a: Gastrodon|159/426|[from] item: Leftovers
|-heal|p1a: Slowking|267/394 brn|[from] item: Leftovers
|-damage|p1a: Slowking|218/394 brn|[from] brn
|upkeep
|turn|34
|choice|move slackoff|move earthquake
|
|move|p2a: Gastrodon|Earthquake|p1a: Slowking
|-damage|p1a: Slowking|116/394 brn
|move|p1a: Slowking|Slack Off|p1a: Slowking
|-heal|p1a: Slowking|313/394 brn
|
|-weather|RainDance|[upkeep]
|-heal|p2a: Gastrodon|185/426|[from] item: Leftovers
|-heal|p1a: Slowking|337/394 brn|[from] item: Leftovers
|-damage|p1a: Slowking|288/394 brn|[from] brn
|upkeep
|turn|35
|choice|move psyshock|move earthquake
|
|move|p2a: Gastrodon|Earthquake|p1a: Slowking
|-damage|p1a: Slowking|198/394 brn
|move|p1a: Slowking|Psyshock|p2a: Gastrodon
|-damage|p2a: Gastrodon|0 fnt
|faint|p2a: Gastrodon
|
|-weather|RainDance|[upkeep]
|-heal|p1a: Slowking|222/394 brn|[from] item: Leftovers
|-damage|p1a: Slowking|173/394 brn|[from] brn
|upkeep
|choice||switch 5
|
|switch|p2a: Chansey|Chansey, F|537/681
|-damage|p2a: Chansey|452/681|[from] Stealth Rock
|turn|36
|choice|switch 5|move seismictoss
|
|switch|p1a: Ferrothorn|Ferrothorn, F|352/352
|-damage|p1a: Ferrothorn|330/352|[from] Stealth Rock
|-damage|p1a: Ferrothorn|242/352|[from] Spikes
|move|p2a: Chansey|Seismic Toss|p1a: Ferrothorn
|-damage|p1a: Ferrothorn|142/352
|-damage|p2a: Chansey|367/681|[from] ability: Iron Barbs|[of] p1a: Ferrothorn
|
|-weather|RainDance|[upkeep]
|-heal|p1a: Ferrothorn|164/352|[from] item: Leftovers
|upkeep
|turn|37
|choice|move leechseed|switch 4
|
|switch|p2a: Politoed|Politoed, F|199/384
|-damage|p2a: Politoed|151/384|[from] Stealth Rock
|move|p1a: Ferrothorn|Leech Seed|p2a: Politoed|[miss]
|-miss|p1a: Ferrothorn|p2a: Politoed
|
|-weather|RainDance|[upkeep]
|-heal|p2a: Politoed|175/384|[from] item: Leftovers
|-heal|p1a: Ferrothorn|186/352|[from] item: Leftovers
|upkeep
|turn|38
|choice|move leechseed|move scald
|
|move|p2a: Politoed|Scald|p1a: Ferrothorn
|-resisted|p1a: Ferrothorn
|-damage|p1a: Ferrothorn|141/352
|move|p1a: Ferrothorn|Leech Seed|p2a: Politoed
|-start|p2a: Politoed|move: Leech Seed
|
|-weather|RainDance|[upkeep]
|-heal|p2a: Politoed|199/384|[from] item: Leftovers
|-heal|p1a: Ferrothorn|163/352|[from] item: Leftovers
|-damage|p2a: Politoed|151/384|[from] Leech Seed|[of] p1a: Ferrothorn
|-heal|p1a: Ferrothorn|211/352|[silent]
|upkeep
|turn|39
|c|☆Veteran Sogeking|burn this shit
|choice|move protect|move scald
|
|move|p1a: Ferrothorn|Protect|p1a: Ferrothorn
|-singleturn|p1a: Ferrothorn|Protect
|move|p2a: Politoed|Scald|p1a: Ferrothorn
|-activate|p1a: Ferrothorn|move: Protect
|
|-weather|RainDance|[upkeep]
|-heal|p2a: Politoed|175/384|[from] item: Leftovers
|-heal|p1a: Ferrothorn|233/352|[from] item: Leftovers
|-damage|p2a: Politoed|127/384|[from] Leech Seed|[of] p1a: Ferrothorn
|-heal|p1a: Ferrothorn|281/352|[silent]
|upkeep
|turn|40
|choice|move spikes|move perishsong
|
|move|p2a: Politoed|Perish Song|p2a: Politoed
|-start|p1a: Ferrothorn|perish3|[silent]
|-start|p2a: Politoed|perish3|[silent]
|-fieldactivate|move: Perish Song
|move|p1a: Ferrothorn|Spikes|p2a: Politoed
|-sidestart|p2: Veteran Sogeking|Spikes
|
|-weather|RainDance|[upkeep]
|-heal|p2a: Politoed|151/384|[from] item: Leftovers
|-heal|p1a: Ferrothorn|303/352|[from] item: Leftovers
|-damage|p2a: Politoed|103/384|[from] Leech Seed|[of] p1a: Ferrothorn
|-heal|p1a: Ferrothorn|351/352|[silent]
|-start|p2a: Politoed|perish3
|-start|p1a: Ferrothorn|perish3
|upkeep
|turn|41
|choice|move spikes|move scald
|
|move|p2a: Politoed|Scald|p1a: Ferrothorn
|-resisted|p1a: Ferrothorn
|-damage|p1a: Ferrothorn|300/352
|move|p1a: Ferrothorn|Spikes|p2a: Politoed
|-sidestart|p2: Veteran Sogeking|Spikes
|
|-weather|RainDance|[upkeep]
|-heal|p2a: Politoed|127/384|[from] item: Leftovers
|-heal|p1a: Ferrothorn|322/352|[from] item: Leftovers
|-damage|p2a: Politoed|79/384|[from] Leech Seed|[of] p1a: Ferrothorn
|-heal|p1a: Ferrothorn|352/352|[silent]
|-start|p2a: Politoed|perish2
|-start|p1a: Ferrothorn|perish2
|upkeep
|turn|42
|choice|move protect|move scald
|
|move|p1a: Ferrothorn|Protect|p1a: Ferrothorn
|-singleturn|p1a: Ferrothorn|Protect
|move|p2a: Politoed|Scald|p1a: Ferrothorn
|-activate|p1a: Ferrothorn|move: Protect
|
|-weather|RainDance|[upkeep]
|-heal|p2a: Politoed|103/384|[from] item: Leftovers
|-damage|p2a: Politoed|55/384|[from] Leech Seed|[of] p1a: Ferrothorn
|-start|p2a: Politoed|perish1
|-start|p1a: Ferrothorn|perish1
|upkeep
|turn|43
|c|☆Veteran Sogeking|oO
|choice|switch 2|move scald
|
|switch|p1a: Magnezone|Magnezone|178/314 brn
|-damage|p1a: Magnezone|100/314 brn|[from] Spikes
|-damage|p1a: Magnezone|81/314 brn|[from] Stealth Rock
|move|p2a: Politoed|Scald|p1a: Magnezone
|-damage|p1a: Magnezone|0 fnt
|faint|p1a: Magnezone
|
|-weather|RainDance|[upkeep]
|-heal|p2a: Politoed|79/384|[from] item: Leftovers
|-start|p2a: Politoed|perish0
|upkeep
|faint|p2a: Politoed
|choice|switch 2|switch 3
|
|switch|p1a: Ferrothorn|Ferrothorn, F|352/352
|switch|p2a: Skarmory|Skarmory, M|293/334
|-damage|p2a: Skarmory|252/334|[from] Stealth Rock
|-damage|p1a: Ferrothorn|330/352|[from] Stealth Rock
|-damage|p1a: Ferrothorn|242/352|[from] Spikes
|turn|44
|choice|move leechseed|move whirlwind
|
|move|p1a: Ferrothorn|Leech Seed|p2a: Skarmory
|-start|p2a: Skarmory|move: Leech Seed
|move|p2a: Skarmory|Whirlwind|p1a: Ferrothorn
|drag|p1a: Garchomp|Garchomp, M|358/358
|-damage|p1a: Garchomp|269/358|[from] Spikes
|-damage|p1a: Garchomp|247/358|[from] Stealth Rock
|
|-weather|RainDance|[upkeep]
|-heal|p2a: Skarmory|272/334|[from] item: Leftovers
|-damage|p2a: Skarmory|231/334|[from] Leech Seed|[of] p1a: Garchomp
|-heal|p1a: Garchomp|288/358|[silent]
|upkeep
|turn|45
|choice|move rockslide|move whirlwind
|
|move|p1a: Garchomp|Rock Slide|p2a: Skarmory
|-damage|p2a: Skarmory|175/334
|move|p2a: Skarmory|Whirlwind|p1a: Garchomp
|drag|p1a: Slowking|Slowking, F, shiny|304/394 brn
|-damage|p1a: Slowking|206/394 brn|[from] Spikes
|-damage|p1a: Slowking|157/394 brn|[from] Stealth Rock
|
|-weather|RainDance|[upkeep]
|-heal|p2a: Skarmory|195/334|[from] item: Leftovers
|-heal|p1a: Slowking|181/394 brn|[from] item: Leftovers
|-damage|p2a: Skarmory|154/334|[from] Leech Seed|[of] p1a: Slowking
|-heal|p1a: Slowking|222/394 brn|[silent]
|-damage|p1a: Slowking|173/394 brn|[from] brn
|upkeep
|turn|46
|choice|move slackoff|switch 4
|
|switch|p2a: Chansey|Chansey, F|367/681
|-damage|p2a: Chansey|254/681|[from] Spikes
|-damage|p2a: Chansey|169/681|[from] Stealth Rock
|move|p1a: Slowking|Slack Off|p1a: Slowking
|-heal|p1a: Slowking|370/394 brn
|
|-weather|RainDance|[upkeep]
|-heal|p1a: Slowking|394/394 brn|[from] item: Leftovers
|-damage|p1a: Slowking|345/394 brn|[from] brn
|upkeep
|turn|47
|choice|switch 6|move softboiled
|
|switch|p1a: Gliscor|Gliscor, M|140/352 tox
|-damage|p1a: Gliscor|96/352 tox|[from] Stealth Rock
|move|p2a: Chansey|Soft-Boiled|p2a: Chansey
|-heal|p2a: Chansey|510/681
|
|-weather|RainDance|[upkeep]
|-heal|p1a: Gliscor|140/352 tox|[from] ability: Poison Heal
|upkeep
|turn|48
|choice|move knockoff|switch 4
|
|switch|p2a: Skarmory|Skarmory, M|154/334
|-damage|p2a: Skarmory|113/334|[from] Stealth Rock
|move|p1a: Gliscor|Knock Off|p2a: Skarmory
|-resisted|p2a: Skarmory
|-crit|p2a: Skarmory
|-damage|p2a: Skarmory|102/334
|-enditem|p2a: Skarmory|Leftovers|[from] move: Knock Off|[of] p1a: Gliscor
|
|-weather|RainDance|[upkeep]
|-heal|p1a: Gliscor|184/352 tox|[from] ability: Poison Heal
|upkeep
|turn|49
|choice|move taunt|move roost
|
|move|p1a: Gliscor|Taunt|p2a: Skarmory
|-start|p2a: Skarmory|move: Taunt
|cant|p2a: Skarmory|move: Taunt|Roost
|
|-weather|RainDance|[upkeep]
|-heal|p1a: Gliscor|228/352 tox|[from] ability: Poison Heal
|upkeep
|turn|50
|-message|Veteran Sogeking forfeited.
|
|win|Rokhan
|l|Veteran Sogeking
|c|☆Rokhan|gg mon p'tit
|raw|Rokhan's rating: 1292 &rarr; <strong>1327</strong><br />(+35 for winning)
|raw|Veteran Sogeking's rating: 1426 &rarr; <strong>1399</strong><br />(-27 for losing)
|l|Ouaf dog