|j|☆133fcsq
|j|☆baixiaohen
|t:|1739970892
|gametype|singles
|player|p1|133fcsq|265|1464
|player|p2|baixiaohen|steven|1314
|teamsize|p1|6
|teamsize|p2|6
|gen|5
|tier|[Gen 5] OU
|rated|
|rule|Species Clause: Limit one of each Pokémon
|rule|OHKO Clause: OHKO moves are banned
|rule|Moody Clause: Moody is banned
|rule|Evasion Items Clause: Evasion items are banned
|rule|Evasion Moves Clause: Evasion moves are banned
|rule|Endless Battle Clause: Forcing endless battles is banned
|rule|HP Percentage Mod: HP is shown in percentages
|rule|Evasion Abilities Clause: Evasion abilities are banned
|rule|Sleep Moves Clause: Sleep-inducing moves are banned
|rule|Swagger Clause: Swagger is banned
|rule|Baton Pass Stat Clause: No Baton Passer may have a way to boost its stats
|clearpoke
|poke|p1|Politoed, F|item
|poke|p1|Keldeo|item
|poke|p1|Latios, M|item
|poke|p1|Starmie|item
|poke|p1|Thundurus-Therian, M|item
|poke|p1|Jirachi|item
|poke|p2|Jirachi|item
|poke|p2|Scizor, M|item
|poke|p2|Celebi|item
|poke|p2|Gyarados, F|item
|poke|p2|Heatran, M|item
|poke|p2|Starmie|item
|teampreview
|
|t:|1739970910
|start
|switch|p1a: Keldeo|Keldeo|100/100
|switch|p2a: Celebi|Celebi|100/100
|turn|1
|j| Serpreme
|
|t:|1739970921
|switch|p1a: Jirachi|Jirachi|100/100
|move|p2a: Celebi|Psychic|p1a: Jirachi
|-resisted|p1a: Jirachi
|-damage|p1a: Jirachi|95/100
|
|-heal|p1a: Jirachi|100/100|[from] item: Leftovers
|upkeep
|turn|2
|
|t:|1739970953
|move|p2a: Celebi|Thunder Wave|p1a: Jirachi
|-status|p1a: Jirachi|par
|move|p1a: Jirachi|U-turn|p2a: Celebi
|-supereffective|p2a: Celebi
|-damage|p2a: Celebi|43/100
|
|t:|1739970957
|switch|p1a: Latios|Latios, M|100/100|[from] U-turn
|
|-heal|p2a: Celebi|49/100|[from] item: Leftovers
|upkeep
|turn|3
|
|t:|1739970968
|switch|p2a: Heatran|Heatran, M, shiny|100/100
|move|p1a: Latios|Draco Meteor|p2a: Heatran
|-resisted|p2a: Heatran
|-crit|p2a: Heatran
|-damage|p2a: Heatran|42/100
|-unboost|p1a: Latios|spa|2
|
|-heal|p2a: Heatran|49/100|[from] item: Leftovers
|upkeep
|turn|4
|
|t:|1739970977
|switch|p1a: Politoed|Politoed, F|100/100
|-weather|RainDance|[from] ability: Drizzle|[of] p1a: Politoed
|move|p2a: Heatran|Stealth Rock|p1a: Politoed
|-sidestart|p1: 133fcsq|move: Stealth Rock
|
|-weather|RainDance|[upkeep]
|-heal|p2a: Heatran|55/100|[from] item: Leftovers
|upkeep
|turn|5
|
|t:|1739970982
|switch|p2a: Celebi|Celebi|49/100
|switch|p1a: Latios|Latios, M|100/100
|-damage|p1a: Latios|88/100|[from] Stealth Rock
|
|-weather|RainDance|[upkeep]
|-heal|p2a: Celebi|55/100|[from] item: Leftovers
|upkeep
|turn|6
|
|t:|1739970992
|switch|p2a: Jirachi|Jirachi, shiny|100/100
|move|p1a: Latios|Draco Meteor|p2a: Jirachi
|-resisted|p2a: Jirachi
|-crit|p2a: Jirachi
|-damage|p2a: Jirachi|26/100
|-unboost|p1a: Latios|spa|2
|
|-weather|RainDance|[upkeep]
|upkeep
|turn|7
|
|t:|1739971000
|switch|p1a: Jirachi|Jirachi|100/100 par
|-damage|p1a: Jirachi|94/100 par|[from] Stealth Rock
|move|p2a: Jirachi|U-turn|p1a: Jirachi
|-damage|p1a: Jirachi|79/100 par
|
|t:|1739971016
|switch|p2a: Gyarados|Gyarados, F, shiny|100/100|[from] U-turn
|-ability|p2a: Gyarados|Intimidate|boost
|-unboost|p1a: Jirachi|atk|1
|
|-weather|RainDance|[upkeep]
|-heal|p1a: Jirachi|85/100 par|[from] item: Leftovers
|upkeep
|turn|8
|
|t:|1739971019
|move|p2a: Gyarados|Dragon Dance|p2a: Gyarados
|-boost|p2a: Gyarados|atk|1
|-boost|p2a: Gyarados|spe|1
|move|p1a: Jirachi|Thunder|p2a: Gyarados
|-supereffective|p2a: Gyarados
|-damage|p2a: Gyarados|0 fnt
|faint|p2a: Gyarados
|
|-weather|RainDance|[upkeep]
|-heal|p1a: Jirachi|91/100 par|[from] item: Leftovers
|upkeep
|
|t:|1739971025
|switch|p2a: Starmie|Starmie, shiny|100/100
|turn|9
|
|t:|1739971029
|move|p2a: Starmie|Hydro Pump|p1a: Jirachi
|-damage|p1a: Jirachi|25/100 par
|-damage|p2a: Starmie|91/100|[from] item: Life Orb
|cant|p1a: Jirachi|par
|
|-weather|RainDance|[upkeep]
|-heal|p1a: Jirachi|31/100 par|[from] item: Leftovers
|upkeep
|turn|10
|
|t:|1739971035
|move|p2a: Starmie|Hydro Pump|p1a: Jirachi
|-damage|p1a: Jirachi|0 fnt
|faint|p1a: Jirachi
|-damage|p2a: Starmie|81/100|[from] item: Life Orb
|
|-weather|RainDance|[upkeep]
|upkeep
|
|t:|1739971043
|switch|p1a: Latios|Latios, M|88/100
|-damage|p1a: Latios|76/100|[from] Stealth Rock
|turn|11
|
|t:|1739971046
|move|p1a: Latios|Draco Meteor|p2a: Starmie
|-damage|p2a: Starmie|0 fnt
|-unboost|p1a: Latios|spa|2
|faint|p2a: Starmie
|
|-weather|RainDance|[upkeep]
|upkeep
|
|t:|1739971058
|switch|p2a: Scizor|Scizor, M|100/100
|turn|12
|
|t:|1739971061
|switch|p1a: Keldeo|Keldeo|100/100
|-damage|p1a: Keldeo|94/100|[from] Stealth Rock
|move|p2a: Scizor|Swords Dance|p2a: Scizor
|-boost|p2a: Scizor|atk|2
|
|-weather|RainDance|[upkeep]
|upkeep
|turn|13
|
|t:|1739971067
|move|p2a: Scizor|Quick Attack|p1a: Keldeo
|-damage|p1a: Keldeo|22/100
|-damage|p2a: Scizor|91/100|[from] item: Life Orb
|move|p1a: Keldeo|Hydro Pump|p2a: Scizor
|-damage|p2a: Scizor|0 fnt
|faint|p2a: Scizor
|
|-weather|RainDance|[upkeep]
|upkeep
|
|t:|1739971074
|switch|p2a: Celebi|Celebi|55/100
|turn|14
|
|t:|1739971080
|move|p1a: Keldeo|Hydro Pump|p2a: Celebi
|-resisted|p2a: Celebi
|-damage|p2a: Celebi|9/100
|move|p2a: Celebi|Thunder Wave|p1a: Keldeo
|-status|p1a: Keldeo|par
|
|-weather|RainDance|[upkeep]
|-heal|p2a: Celebi|15/100|[from] item: Leftovers
|upkeep
|turn|15
|
|t:|1739971087
|switch|p1a: Latios|Latios, M|76/100
|-damage|p1a: Latios|64/100|[from] Stealth Rock
|move|p2a: Celebi|Recover|p2a: Celebi
|-heal|p2a: Celebi|65/100
|
|-weather|RainDance|[upkeep]
|-heal|p2a: Celebi|72/100|[from] item: Leftovers
|upkeep
|turn|16
|
|t:|1739971094
|move|p1a: Latios|Trick|p2a: Celebi
|-activate|p1a: Latios|move: Trick|[of] p2a: Celebi
|-item|p2a: Celebi|Choice Scarf|[from] move: Trick
|-item|p1a: Latios|Leftovers|[from] move: Trick
|move|p2a: Celebi|Thunder Wave|p1a: Latios
|-status|p1a: Latios|par
|
|-weather|RainDance|[upkeep]
|-heal|p1a: Latios|70/100 par|[from] item: Leftovers
|upkeep
|turn|17
|
|t:|1739971106
|switch|p2a: Heatran|Heatran, M, shiny|55/100
|move|p1a: Latios|Surf|p2a: Heatran
|-supereffective|p2a: Heatran
|-damage|p2a: Heatran|0 fnt
|faint|p2a: Heatran
|
|-weather|RainDance|[upkeep]
|-heal|p1a: Latios|76/100 par|[from] item: Leftovers
|upkeep
|
|t:|1739971115
|switch|p2a: Jirachi|Jirachi, shiny|26/100
|turn|18
|
|t:|1739971122
|move|p2a: Jirachi|Iron Head|p1a: Latios
|-damage|p1a: Latios|30/100 par
|cant|p1a: Latios|flinch
|
|-weather|RainDance|[upkeep]
|-heal|p1a: Latios|36/100 par|[from] item: Leftovers
|upkeep
|turn|19
|
|t:|1739971126
|move|p2a: Jirachi|Iron Head|p1a: Latios
|-damage|p1a: Latios|0 fnt
|faint|p1a: Latios
|
|-weather|RainDance|[upkeep]
|upkeep
|
|t:|1739971133
|switch|p1a: Starmie|Starmie|100/100
|-damage|p1a: Starmie|88/100|[from] Stealth Rock
|-item|p1a: Starmie|Air Balloon
|turn|20
|
|t:|1739971144
|move|p2a: Jirachi|Iron Head|p1a: Starmie
|-resisted|p1a: Starmie
|-damage|p1a: Starmie|62/100
|-enditem|p1a: Starmie|Air Balloon
|cant|p1a: Starmie|flinch
|
|-weather|RainDance|[upkeep]
|upkeep
|turn|21
|
|t:|1739971151
|move|p2a: Jirachi|Iron Head|p1a: Starmie
|-resisted|p1a: Starmie
|-damage|p1a: Starmie|37/100
|cant|p1a: Starmie|flinch
|
|-weather|RainDance|[upkeep]
|upkeep
|turn|22
|
|t:|1739971155
|move|p2a: Jirachi|Iron Head|p1a: Starmie
|-resisted|p1a: Starmie
|-damage|p1a: Starmie|13/100
|move|p1a: Starmie|Thunderbolt|p2a: Jirachi
|-damage|p2a: Jirachi|0 fnt
|faint|p2a: Jirachi
|
|-weather|RainDance|[upkeep]
|upkeep
|
|t:|1739971159
|switch|p2a: Celebi|Celebi|72/100
|turn|23
|
|t:|1739971162
|move|p1a: Starmie|Ice Beam|p2a: Celebi
|-supereffective|p2a: Celebi
|-damage|p2a: Celebi|36/100
|move|p2a: Celebi|Giga Drain|p1a: Starmie
|-supereffective|p1a: Starmie
|-damage|p1a: Starmie|0 fnt
|-heal|p2a: Celebi|40/100|[from] drain|[of] p1a: Starmie
|faint|p1a: Starmie
|
|-weather|RainDance|[upkeep]
|upkeep
|
|t:|1739971168
|switch|p1a: Thundurus|Thundurus-Therian, M|100/100
|-damage|p1a: Thundurus|76/100|[from] Stealth Rock
|turn|24
|
|t:|1739971171
|move|p2a: Celebi|Giga Drain|p1a: Thundurus
|-resisted|p1a: Thundurus
|-damage|p1a: Thundurus|61/100
|-heal|p2a: Celebi|46/100|[from] drain|[of] p1a: Thundurus
|move|p1a: Thundurus|Hidden Power|p2a: Celebi
|-supereffective|p2a: Celebi
|-damage|p2a: Celebi|13/100
|
|-weather|RainDance|[upkeep]
|-heal|p1a: Thundurus|67/100|[from] item: Leftovers
|upkeep
|turn|25
|-message|baixiaohen forfeited.
|
|win|133fcsq
|raw|133fcsq's rating: 1464 &rarr; <strong>1476</strong><br />(+12 for winning)
|raw|baixiaohen's rating: 1314 &rarr; <strong>1302</strong><br />(-12 for losing)
|l|☆baixiaohen
|player|p2|
|j|☆baixiaohen
|player|p2|baixiaohen|steven|
|l|☆baixiaohen
|player|p2|
