|j|☆Morgan23
|j|☆TEST_ZEKE2
|t:|1706973620
|gametype|singles
|player|p1|Morgan23|2|1321
|player|p2|TEST_ZEKE2|pokekid|1290
|teamsize|p1|6
|teamsize|p2|6
|gen|5
|tier|[Gen 5] OU
|rated|
|rule|Species Clause: Limit one of each Pokémon
|rule|OHKO Clause: OHKO moves are banned
|rule|Moody Clause: Moody is banned
|rule|Evasion Items Clause: Evasion items are banned
|rule|Evasion Moves Clause: Evasion moves are banned
|rule|Endless Battle Clause: Forcing endless battles is banned
|rule|HP Percentage Mod: HP is shown in percentages
|rule|Evasion Abilities Clause: Evasion abilities are banned
|rule|Sleep Moves Clause: Sleep-inducing moves are banned
|rule|Swagger Clause: Swagger is banned
|rule|Baton Pass Stat Clause: No Baton Passer may have a way to boost its stats
|clearpoke
|poke|p1|Keldeo|item
|poke|p1|Gliscor, F|item
|poke|p1|Scizor, F|item
|poke|p1|Gastrodon, M|item
|poke|p1|Skarmory, F|item
|poke|p1|Latios, M|item
|poke|p2|Metagross|item
|poke|p2|Ferrothorn, M|item
|poke|p2|Gliscor, M|item
|poke|p2|Tyranitar, F|item
|poke|p2|Rotom-Wash|item
|poke|p2|Landorus-Therian, M|item
|teampreview
|inactive|Battle timer is ON: inactive players will automatically lose when time's up. (requested by TEST_ZEKE2)
|
|t:|1706973641
|start
|switch|p1a: Skarmory|Skarmory, F|100/100
|switch|p2a: Gliscor|Gliscor, M|100/100
|turn|1
|
|t:|1706973646
|move|p2a: Gliscor|Stealth Rock|p1a: Skarmory
|-sidestart|p1: Morgan23|move: Stealth Rock
|move|p1a: Skarmory|Taunt|p2a: Gliscor
|-start|p2a: Gliscor|move: Taunt
|
|-status|p2a: Gliscor|tox|[from] item: Toxic Orb
|upkeep
|turn|2
|
|t:|1706973653
|move|p2a: Gliscor|U-turn|p1a: Skarmory
|-resisted|p1a: Skarmory
|-damage|p1a: Skarmory|98/100
|
|t:|1706973658
|switch|p2a: Rotom|Rotom-Wash, shiny|100/100|[from] U-turn
|move|p1a: Skarmory|Spikes|p2a: Rotom
|-sidestart|p2: TEST_ZEKE2|Spikes
|
|-heal|p1a: Skarmory|100/100|[from] item: Leftovers
|upkeep
|turn|3
|
|t:|1706973668
|move|p2a: Rotom|Will-O-Wisp|p1a: Skarmory
|-status|p1a: Skarmory|brn
|move|p1a: Skarmory|Spikes|p2a: Rotom
|-sidestart|p2: TEST_ZEKE2|Spikes
|
|-damage|p1a: Skarmory|88/100 brn|[from] brn
|upkeep
|turn|4
|
|t:|1706973674
|move|p2a: Rotom|Hydro Pump|p1a: Skarmory
|-damage|p1a: Skarmory|43/100 brn
|move|p1a: Skarmory|Spikes|p2a: Rotom
|-sidestart|p2: TEST_ZEKE2|Spikes
|
|-heal|p1a: Skarmory|49/100 brn|[from] item: Leftovers
|-damage|p1a: Skarmory|37/100 brn|[from] brn
|upkeep
|turn|5
|
|t:|1706973684
|move|p2a: Rotom|Volt Switch|p1a: Skarmory
|-supereffective|p1a: Skarmory
|-damage|p1a: Skarmory|0 fnt
|faint|p1a: Skarmory
|
|t:|1706973690
|switch|p2a: Landorus|Landorus-Therian, M|100/100|[from] Volt Switch
|
|upkeep
|
|t:|1706973697
|switch|p1a: Gliscor|Gliscor, F|100/100
|-damage|p1a: Gliscor|88/100|[from] Stealth Rock
|turn|6
|
|t:|1706973701
|move|p2a: Landorus|Hidden Power|p1a: Gliscor
|-supereffective|p1a: Gliscor
|-damage|p1a: Gliscor|21/100
|move|p1a: Gliscor|Knock Off|p2a: Landorus
|-damage|p2a: Landorus|95/100
|-enditem|p2a: Landorus|Choice Scarf|[from] move: Knock Off|[of] p1a: Gliscor
|
|-status|p1a: Gliscor|tox|[from] item: Toxic Orb
|upkeep
|turn|7
|
|t:|1706973710
|move|p1a: Gliscor|Protect|p1a: Gliscor
|-singleturn|p1a: Gliscor|Protect
|move|p2a: Landorus|Hidden Power|p1a: Gliscor
|-activate|p1a: Gliscor|move: Protect
|
|-heal|p1a: Gliscor|33/100 tox|[from] ability: Poison Heal
|upkeep
|turn|8
|
|t:|1706973718
|switch|p1a: Keldeo|Keldeo|100/100
|-damage|p1a: Keldeo|94/100|[from] Stealth Rock
|move|p2a: Landorus|U-turn|p1a: Keldeo
|-resisted|p1a: Keldeo
|-crit|p1a: Keldeo
|-damage|p1a: Keldeo|65/100
|
|t:|1706973725
|switch|p2a: Ferrothorn|Ferrothorn, M|100/100|[from] U-turn
|-damage|p2a: Ferrothorn|75/100|[from] Spikes
|
|-heal|p1a: Keldeo|71/100|[from] item: Leftovers
|-heal|p2a: Ferrothorn|82/100|[from] item: Leftovers
|upkeep
|turn|9
|
|t:|1706973732
|move|p2a: Ferrothorn|Protect|p2a: Ferrothorn
|-singleturn|p2a: Ferrothorn|Protect
|move|p1a: Keldeo|Secret Sword|p2a: Ferrothorn
|-activate|p2a: Ferrothorn|move: Protect
|
|-heal|p1a: Keldeo|78/100|[from] item: Leftovers
|-heal|p2a: Ferrothorn|88/100|[from] item: Leftovers
|upkeep
|turn|10
|
|t:|1706973747
|switch|p1a: Scizor|Scizor, F|100/100
|-damage|p1a: Scizor|88/100|[from] Stealth Rock
|move|p2a: Ferrothorn|Leech Seed|p1a: Scizor
|-start|p1a: Scizor|move: Leech Seed
|
|-heal|p1a: Scizor|94/100|[from] item: Leftovers
|-heal|p2a: Ferrothorn|94/100|[from] item: Leftovers
|-damage|p1a: Scizor|82/100|[from] Leech Seed|[of] p2a: Ferrothorn
|-heal|p2a: Ferrothorn|100/100|[silent]
|upkeep
|turn|11
|
|t:|1706973758
|switch|p1a: Gliscor|Gliscor, F|33/100 tox
|-damage|p1a: Gliscor|21/100 tox|[from] Stealth Rock
|move|p2a: Ferrothorn|Protect||[still]
|-fail|p2a: Ferrothorn
|
|-heal|p1a: Gliscor|33/100 tox|[from] ability: Poison Heal
|upkeep
|turn|12
|
|t:|1706973767
|move|p1a: Gliscor|Stealth Rock|p2a: Ferrothorn
|-sidestart|p2: TEST_ZEKE2|move: Stealth Rock
|move|p2a: Ferrothorn|Power Whip|p1a: Gliscor
|-damage|p1a: Gliscor|8/100 tox
|
|-heal|p1a: Gliscor|21/100 tox|[from] ability: Poison Heal
|upkeep
|turn|13
|
|t:|1706973774
|move|p1a: Gliscor|Protect|p1a: Gliscor
|-singleturn|p1a: Gliscor|Protect
|move|p2a: Ferrothorn|Spikes|p1a: Gliscor
|-sidestart|p1: Morgan23|Spikes
|
|-heal|p1a: Gliscor|33/100 tox|[from] ability: Poison Heal
|upkeep
|turn|14
|
|t:|1706973780
|move|p1a: Gliscor|Knock Off|p2a: Ferrothorn
|-resisted|p2a: Ferrothorn
|-damage|p2a: Ferrothorn|99/100
|-damage|p1a: Gliscor|21/100 tox|[from] ability: Iron Barbs|[of] p2a: Ferrothorn
|-enditem|p2a: Ferrothorn|Leftovers|[from] move: Knock Off|[of] p1a: Gliscor
|move|p2a: Ferrothorn|Leech Seed|p1a: Gliscor
|-start|p1a: Gliscor|move: Leech Seed
|
|-damage|p1a: Gliscor|8/100 tox|[from] Leech Seed|[of] p2a: Ferrothorn
|-heal|p2a: Ferrothorn|100/100|[silent]
|-heal|p1a: Gliscor|21/100 tox|[from] ability: Poison Heal
|upkeep
|turn|15
|
|t:|1706973791
|switch|p1a: Scizor|Scizor, F|82/100
|-damage|p1a: Scizor|69/100|[from] Stealth Rock
|-damage|p1a: Scizor|57/100|[from] Spikes
|move|p2a: Ferrothorn|Spikes|p1a: Scizor
|-sidestart|p1: Morgan23|Spikes
|
|-heal|p1a: Scizor|63/100|[from] item: Leftovers
|upkeep
|turn|16
|
|t:|1706973802
|switch|p2a: Rotom|Rotom-Wash, shiny|100/100
|-damage|p2a: Rotom|88/100|[from] Stealth Rock
|move|p1a: Scizor|U-turn|p2a: Rotom
|-damage|p2a: Rotom|56/100
|
|t:|1706973813
|switch|p1a: Gliscor|Gliscor, F|21/100 tox|[from] U-turn
|-damage|p1a: Gliscor|8/100 tox|[from] Stealth Rock
|
|-heal|p2a: Rotom|62/100|[from] item: Leftovers
|-heal|p1a: Gliscor|21/100 tox|[from] ability: Poison Heal
|upkeep
|turn|17
|
|t:|1706973820
|move|p1a: Gliscor|Protect|p1a: Gliscor
|-singleturn|p1a: Gliscor|Protect
|move|p2a: Rotom|Hydro Pump|p1a: Gliscor
|-activate|p1a: Gliscor|move: Protect
|
|-heal|p2a: Rotom|69/100|[from] item: Leftovers
|-heal|p1a: Gliscor|33/100 tox|[from] ability: Poison Heal
|upkeep
|turn|18
|
|t:|1706973829
|switch|p1a: Gastrodon|Gastrodon, M, shiny|100/100
|-damage|p1a: Gastrodon|94/100|[from] Stealth Rock
|-damage|p1a: Gastrodon|78/100|[from] Spikes
|switch|p2a: Ferrothorn|Ferrothorn, M|100/100
|-damage|p2a: Ferrothorn|75/100|[from] Spikes
|-damage|p2a: Ferrothorn|69/100|[from] Stealth Rock
|
|-heal|p1a: Gastrodon|84/100|[from] item: Leftovers
|upkeep
|turn|19
|
|t:|1706973842
|switch|p1a: Scizor|Scizor, F|63/100
|-damage|p1a: Scizor|51/100|[from] Stealth Rock
|-damage|p1a: Scizor|34/100|[from] Spikes
|move|p2a: Ferrothorn|Leech Seed|p1a: Scizor
|-start|p1a: Scizor|move: Leech Seed
|
|-heal|p1a: Scizor|41/100|[from] item: Leftovers
|-damage|p1a: Scizor|28/100|[from] Leech Seed|[of] p2a: Ferrothorn
|-heal|p2a: Ferrothorn|81/100|[silent]
|upkeep
|turn|20
|
|t:|1706973852
|move|p2a: Ferrothorn|Protect|p2a: Ferrothorn
|-singleturn|p2a: Ferrothorn|Protect
|move|p1a: Scizor|Superpower|p2a: Ferrothorn
|-activate|p2a: Ferrothorn|move: Protect
|
|-heal|p1a: Scizor|34/100|[from] item: Leftovers
|-damage|p1a: Scizor|22/100|[from] Leech Seed|[of] p2a: Ferrothorn
|-heal|p2a: Ferrothorn|92/100|[silent]
|upkeep
|turn|21
|
|t:|1706973861
|switch|p2a: Gliscor|Gliscor, M|100/100 tox
|-damage|p2a: Gliscor|88/100 tox|[from] Stealth Rock
|move|p1a: Scizor|U-turn|p2a: Gliscor
|-resisted|p2a: Gliscor
|-damage|p2a: Gliscor|76/100 tox
|inactive|Morgan23 has 120 seconds left.
|inactive|Morgan23 has 90 seconds left.
|inactive|Morgan23 has 60 seconds left.
|
|t:|1706973979
|switch|p1a: Gastrodon|Gastrodon, M, shiny|84/100|[from] U-turn
|-damage|p1a: Gastrodon|78/100|[from] Stealth Rock
|-damage|p1a: Gastrodon|61/100|[from] Spikes
|
|-heal|p1a: Gastrodon|67/100|[from] item: Leftovers
|-heal|p2a: Gliscor|89/100 tox|[from] ability: Poison Heal
|upkeep
|turn|22
|
|t:|1706974000
|move|p2a: Gliscor|Protect|p2a: Gliscor
|-singleturn|p2a: Gliscor|Protect
|move|p1a: Gastrodon|Scald|p2a: Gliscor
|-activate|p2a: Gliscor|move: Protect
|
|-heal|p1a: Gastrodon|73/100|[from] item: Leftovers
|-heal|p2a: Gliscor|100/100 tox|[from] ability: Poison Heal
|upkeep
|turn|23
|
|t:|1706974008
|move|p2a: Gliscor|U-turn|p1a: Gastrodon
|-damage|p1a: Gastrodon|55/100
|
|t:|1706974028
|switch|p2a: Ferrothorn|Ferrothorn, M|92/100|[from] U-turn
|-damage|p2a: Ferrothorn|67/100|[from] Spikes
|-damage|p2a: Ferrothorn|61/100|[from] Stealth Rock
|move|p1a: Gastrodon|Scald|p2a: Ferrothorn
|-resisted|p2a: Ferrothorn
|-damage|p2a: Ferrothorn|52/100
|-status|p2a: Ferrothorn|brn
|
|-heal|p1a: Gastrodon|61/100|[from] item: Leftovers
|-damage|p2a: Ferrothorn|39/100 brn|[from] brn
|upkeep
|turn|24
|
|t:|1706974046
|switch|p1a: Gliscor|Gliscor, F|33/100 tox
|-damage|p1a: Gliscor|21/100 tox|[from] Stealth Rock
|move|p2a: Ferrothorn|Leech Seed|p1a: Gliscor
|-start|p1a: Gliscor|move: Leech Seed
|
|-damage|p1a: Gliscor|8/100 tox|[from] Leech Seed|[of] p2a: Ferrothorn
|-heal|p2a: Ferrothorn|52/100 brn|[silent]
|-heal|p1a: Gliscor|21/100 tox|[from] ability: Poison Heal
|-damage|p2a: Ferrothorn|39/100 brn|[from] brn
|upkeep
|turn|25
|
|t:|1706974058
|move|p1a: Gliscor|Earthquake|p2a: Ferrothorn
|-damage|p2a: Ferrothorn|16/100 brn
|move|p2a: Ferrothorn|Spikes|p1a: Gliscor
|-sidestart|p1: Morgan23|Spikes
|
|-damage|p1a: Gliscor|8/100 tox|[from] Leech Seed|[of] p2a: Ferrothorn
|-heal|p2a: Ferrothorn|29/100 brn|[silent]
|-heal|p1a: Gliscor|21/100 tox|[from] ability: Poison Heal
|-damage|p2a: Ferrothorn|16/100 brn|[from] brn
|upkeep
|turn|26
|
|t:|1706974074
|switch|p1a: Scizor|Scizor, F|22/100
|-damage|p1a: Scizor|10/100|[from] Stealth Rock
|-damage|p1a: Scizor|0 fnt|[from] Spikes
|faint|p1a: Scizor
|move|p2a: Ferrothorn|Power Whip|p1: Scizor|[notarget]
|-fail|p2a: Ferrothorn
|
|-damage|p2a: Ferrothorn|4/100 brn|[from] brn
|upkeep
|
|t:|1706974083
|switch|p1a: Gliscor|Gliscor, F|21/100 tox
|-damage|p1a: Gliscor|8/100 tox|[from] Stealth Rock
|turn|27
|
|t:|1706974095
|switch|p2a: Landorus|Landorus-Therian, M|95/100
|-damage|p2a: Landorus|83/100|[from] Stealth Rock
|-ability|p2a: Landorus|Intimidate|boost
|-unboost|p1a: Gliscor|atk|1
|move|p1a: Gliscor|Protect||[still]
|-fail|p1a: Gliscor
|
|-heal|p1a: Gliscor|21/100 tox|[from] ability: Poison Heal
|upkeep
|turn|28
|inactive|Morgan23 has 60 seconds left.
|
|t:|1706974104
|move|p1a: Gliscor|Protect|p1a: Gliscor
|-singleturn|p1a: Gliscor|Protect
|move|p2a: Landorus|Hidden Power|p1a: Gliscor
|-activate|p1a: Gliscor|move: Protect
|
|-heal|p1a: Gliscor|33/100 tox|[from] ability: Poison Heal
|upkeep
|turn|29
|
|t:|1706974112
|switch|p2a: Rotom|Rotom-Wash, shiny|69/100
|-damage|p2a: Rotom|56/100|[from] Stealth Rock
|switch|p1a: Gastrodon|Gastrodon, M, shiny|61/100
|-damage|p1a: Gastrodon|55/100|[from] Stealth Rock
|-damage|p1a: Gastrodon|30/100|[from] Spikes
|
|-heal|p2a: Rotom|62/100|[from] item: Leftovers
|-heal|p1a: Gastrodon|36/100|[from] item: Leftovers
|upkeep
|turn|30
|
|t:|1706974124
|move|p2a: Rotom|Will-O-Wisp|p1a: Gastrodon
|-status|p1a: Gastrodon|brn
|move|p1a: Gastrodon|Recover|p1a: Gastrodon
|-heal|p1a: Gastrodon|86/100 brn
|
|-heal|p2a: Rotom|69/100|[from] item: Leftovers
|-heal|p1a: Gastrodon|92/100 brn|[from] item: Leftovers
|-damage|p1a: Gastrodon|80/100 brn|[from] brn
|upkeep
|turn|31
|
|t:|1706974136
|move|p2a: Rotom|Pain Split|p1a: Gastrodon
|-sethp|p1a: Gastrodon|64/100 brn|[from] move: Pain Split|[silent]
|-sethp|p2a: Rotom|90/100|[from] move: Pain Split
|move|p1a: Gastrodon|Toxic|p2a: Rotom
|-status|p2a: Rotom|tox
|
|-heal|p2a: Rotom|96/100 tox|[from] item: Leftovers
|-heal|p1a: Gastrodon|70/100 brn|[from] item: Leftovers
|-damage|p2a: Rotom|90/100 tox|[from] psn
|-damage|p1a: Gastrodon|58/100 brn|[from] brn
|upkeep
|turn|32
|
|t:|1706974148
|switch|p2a: Ferrothorn|Ferrothorn, M|4/100 brn
|-damage|p2a: Ferrothorn|0 fnt|[from] Spikes
|faint|p2a: Ferrothorn
|move|p1a: Gastrodon|Recover|p1a: Gastrodon
|-heal|p1a: Gastrodon|100/100 brn
|
|-damage|p1a: Gastrodon|88/100 brn|[from] brn
|upkeep
|
|t:|1706974155
|switch|p2a: Landorus|Landorus-Therian, M|83/100
|-damage|p2a: Landorus|71/100|[from] Stealth Rock
|-ability|p2a: Landorus|Intimidate|boost
|-unboost|p1a: Gastrodon|atk|1
|turn|33
|
|t:|1706974161
|move|p2a: Landorus|U-turn|p1a: Gastrodon
|-damage|p1a: Gastrodon|60/100 brn
|
|t:|1706974182
|switch|p2a: Rotom|Rotom-Wash, shiny|90/100 tox|[from] U-turn
|-damage|p2a: Rotom|77/100 tox|[from] Stealth Rock
|move|p1a: Gastrodon|Recover|p1a: Gastrodon
|-heal|p1a: Gastrodon|100/100 brn
|
|-heal|p2a: Rotom|84/100 tox|[from] item: Leftovers
|-damage|p2a: Rotom|77/100 tox|[from] psn
|-damage|p1a: Gastrodon|88/100 brn|[from] brn
|upkeep
|turn|34
|inactive|Morgan23 has 90 seconds left.
|
|t:|1706974195
|move|p2a: Rotom|Volt Switch|p1a: Gastrodon
|-immune|p1a: Gastrodon
|move|p1a: Gastrodon|Scald|p2a: Rotom
|-resisted|p2a: Rotom
|-damage|p2a: Rotom|65/100 tox
|
|-heal|p2a: Rotom|71/100 tox|[from] item: Leftovers
|-heal|p1a: Gastrodon|94/100 brn|[from] item: Leftovers
|-damage|p2a: Rotom|59/100 tox|[from] psn
|-damage|p1a: Gastrodon|82/100 brn|[from] brn
|upkeep
|turn|35
|inactive|Morgan23 has 90 seconds left.
|
|t:|1706974227
|move|p2a: Rotom|Volt Switch|p1a: Gastrodon
|-immune|p1a: Gastrodon
|move|p1a: Gastrodon|Recover|p1a: Gastrodon
|-heal|p1a: Gastrodon|100/100 brn
|
|-heal|p2a: Rotom|65/100 tox|[from] item: Leftovers
|-damage|p2a: Rotom|46/100 tox|[from] psn
|-damage|p1a: Gastrodon|88/100 brn|[from] brn
|upkeep
|turn|36
|
|t:|1706974245
|move|p2a: Rotom|Pain Split|p1a: Gastrodon
|-sethp|p1a: Gastrodon|61/100 brn|[from] move: Pain Split|[silent]
|-sethp|p2a: Rotom|85/100 tox|[from] move: Pain Split
|move|p1a: Gastrodon|Scald|p2a: Rotom
|-resisted|p2a: Rotom
|-damage|p2a: Rotom|72/100 tox
|
|-heal|p2a: Rotom|78/100 tox|[from] item: Leftovers
|-heal|p1a: Gastrodon|67/100 brn|[from] item: Leftovers
|-damage|p2a: Rotom|53/100 tox|[from] psn
|-damage|p1a: Gastrodon|54/100 brn|[from] brn
|upkeep
|turn|37
|
|t:|1706974257
|switch|p2a: Gliscor|Gliscor, M|100/100 tox
|-damage|p2a: Gliscor|88/100 tox|[from] Stealth Rock
|move|p1a: Gastrodon|Recover|p1a: Gastrodon
|-heal|p1a: Gastrodon|100/100 brn
|
|-heal|p2a: Gliscor|100/100 tox|[from] ability: Poison Heal
|-damage|p1a: Gastrodon|88/100 brn|[from] brn
|upkeep
|turn|38
|inactive|TEST_ZEKE2 has 120 seconds left.
|
|t:|1706974283
|move|p2a: Gliscor|Protect|p2a: Gliscor
|-singleturn|p2a: Gliscor|Protect
|move|p1a: Gastrodon|Scald|p2a: Gliscor
|-activate|p2a: Gliscor|move: Protect
|
|-heal|p1a: Gastrodon|94/100 brn|[from] item: Leftovers
|-damage|p1a: Gastrodon|82/100 brn|[from] brn
|upkeep
|turn|39
|inactive|TEST_ZEKE2 has 120 seconds left.
|
|t:|1706974308
|move|p2a: Gliscor|Earthquake|p1a: Gastrodon
|-crit|p1a: Gastrodon
|-damage|p1a: Gastrodon|13/100 brn
|move|p1a: Gastrodon|Scald|p2a: Gliscor
|-supereffective|p2a: Gliscor
|-damage|p2a: Gliscor|41/100 tox
|
|-heal|p1a: Gastrodon|20/100 brn|[from] item: Leftovers
|-heal|p2a: Gliscor|53/100 tox|[from] ability: Poison Heal
|-damage|p1a: Gastrodon|7/100 brn|[from] brn
|upkeep
|turn|40
|
|t:|1706974319
|move|p2a: Gliscor|Earthquake|p1a: Gastrodon
|-damage|p1a: Gastrodon|0 fnt
|faint|p1a: Gastrodon
|
|-heal|p2a: Gliscor|66/100 tox|[from] ability: Poison Heal
|upkeep
|
|t:|1706974328
|switch|p1a: Gliscor|Gliscor, F|33/100 tox
|-damage|p1a: Gliscor|21/100 tox|[from] Stealth Rock
|turn|41
|inactive|TEST_ZEKE2 has 120 seconds left.
|
|t:|1706974340
|move|p1a: Gliscor|Protect|p1a: Gliscor
|-singleturn|p1a: Gliscor|Protect
|move|p2a: Gliscor|U-turn|p1a: Gliscor
|-activate|p1a: Gliscor|move: Protect
|
|-heal|p1a: Gliscor|33/100 tox|[from] ability: Poison Heal
|-heal|p2a: Gliscor|78/100 tox|[from] ability: Poison Heal
|upkeep
|turn|42
|
|t:|1706974348
|move|p1a: Gliscor|Protect||[still]
|-fail|p1a: Gliscor
|move|p2a: Gliscor|U-turn|p1a: Gliscor
|-resisted|p1a: Gliscor
|-damage|p1a: Gliscor|29/100 tox
|inactive|TEST_ZEKE2 has 120 seconds left.
|
|t:|1706974373
|switch|p2a: Metagross|Metagross|100/100|[from] U-turn
|-damage|p2a: Metagross|75/100|[from] Spikes
|-damage|p2a: Metagross|69/100|[from] Stealth Rock
|
|-heal|p1a: Gliscor|41/100 tox|[from] ability: Poison Heal
|upkeep
|turn|43
|
|t:|1706974383
|move|p1a: Gliscor|Protect|p1a: Gliscor
|-singleturn|p1a: Gliscor|Protect
|move|p2a: Metagross|Rock Polish|p2a: Metagross
|-boost|p2a: Metagross|spe|2
|
|-heal|p1a: Gliscor|54/100 tox|[from] ability: Poison Heal
|upkeep
|turn|44
|
|t:|1706974393
|move|p2a: Metagross|Ice Punch|p1a: Gliscor
|-supereffective|p1a: Gliscor
|-damage|p1a: Gliscor|0 fnt
|faint|p1a: Gliscor
|
|upkeep
|
|t:|1706974398
|switch|p1a: Keldeo|Keldeo|78/100
|-damage|p1a: Keldeo|71/100|[from] Stealth Rock
|-damage|p1a: Keldeo|47/100|[from] Spikes
|turn|45
|
|t:|1706974406
|move|p2a: Metagross|Thunder Punch|p1a: Keldeo
|-supereffective|p1a: Keldeo
|-damage|p1a: Keldeo|0 fnt
|faint|p1a: Keldeo
|
|upkeep
|
|t:|1706974410
|switch|p1a: Latios|Latios, M, shiny|100/100
|-damage|p1a: Latios|88/100|[from] Stealth Rock
|turn|46
|
|t:|1706974415
|move|p1a: Latios|Surf|p2a: Metagross
|-damage|p2a: Metagross|40/100
|move|p2a: Metagross|Ice Punch|p1a: Latios
|-supereffective|p1a: Latios
|-damage|p1a: Latios|23/100
|
|upkeep
|turn|47
|
|t:|1706974421
|move|p1a: Latios|Surf|p2a: Metagross
|-damage|p2a: Metagross|9/100
|move|p2a: Metagross|Ice Punch|p1a: Latios
|-supereffective|p1a: Latios
|-damage|p1a: Latios|0 fnt
|faint|p1a: Latios
|
|win|TEST_ZEKE2
|raw|Morgan23's rating: 1321 &rarr; <strong>1299</strong><br />(-22 for losing)
|raw|TEST_ZEKE2's rating: 1290 &rarr; <strong>1317</strong><br />(+27 for winning)
|l|☆Morgan23
|player|p1|
