|j|☆snorlaxplayer82
|j|☆BWVC BookofConke
|t:|1709883976
|gametype|singles
|player|p1|snorlaxplayer82|clair|1391
|player|p2|BWVC BookofConke|silver|1362
|teamsize|p1|6
|teamsize|p2|6
|gen|5
|tier|[Gen 5] OU
|rated|
|rule|Species Clause: Limit one of each Pokémon
|rule|OHKO Clause: OHKO moves are banned
|rule|Moody Clause: Moody is banned
|rule|Evasion Items Clause: Evasion items are banned
|rule|Evasion Moves Clause: Evasion moves are banned
|rule|Endless Battle Clause: Forcing endless battles is banned
|rule|HP Percentage Mod: HP is shown in percentages
|rule|Evasion Abilities Clause: Evasion abilities are banned
|rule|Sleep Moves Clause: Sleep-inducing moves are banned
|rule|Swagger Clause: Swagger is banned
|rule|Baton Pass Stat Clause: No Baton Passer may have a way to boost its stats
|clearpoke
|poke|p1|Politoed, M|item
|poke|p1|Tentacruel, M|item
|poke|p1|Ferrothorn, M|item
|poke|p1|Keldeo-Resolute|item
|poke|p1|Thundurus-Therian, M|item
|poke|p1|Latios, M|item
|poke|p2|Politoed, F|item
|poke|p2|Scizor, M|item
|poke|p2|Starmie|item
|poke|p2|Garchomp, M|item
|poke|p2|Kyurem-Black|item
|poke|p2|Tornadus, M|item
|teampreview
|
|t:|1709883980
|start
|switch|p1a: Politoed|Politoed, M|100/100
|switch|p2a: Garchomp|Garchomp, M|100/100
|-weather|RainDance|[from] ability: Drizzle|[of] p1a: Politoed
|turn|1
|
|t:|1709883986
|move|p2a: Garchomp|Stealth Rock|p1a: Politoed
|-sidestart|p1: snorlaxplayer82|move: Stealth Rock
|move|p1a: Politoed|Scald|p2a: Garchomp
|-damage|p2a: Garchomp|61/100
|
|-weather|RainDance|[upkeep]
|upkeep
|turn|2
|
|t:|1709883994
|move|p1a: Politoed|Protect|p1a: Politoed
|-singleturn|p1a: Politoed|Protect
|move|p2a: Garchomp|Swords Dance|p2a: Garchomp
|-boost|p2a: Garchomp|atk|2
|
|-weather|RainDance|[upkeep]
|upkeep
|turn|3
|
|t:|1709884003
|move|p2a: Garchomp|Swords Dance|p2a: Garchomp
|-boost|p2a: Garchomp|atk|2
|move|p1a: Politoed|Scald|p2a: Garchomp
|-damage|p2a: Garchomp|15/100
|
|-weather|RainDance|[upkeep]
|upkeep
|turn|4
|
|t:|1709884010
|move|p2a: Garchomp|Earthquake|p1a: Politoed
|-damage|p1a: Politoed|0 fnt
|faint|p1a: Politoed
|
|-weather|RainDance|[upkeep]
|upkeep
|
|t:|1709884026
|switch|p1a: Latios|Latios, M|100/100
|-damage|p1a: Latios|88/100|[from] Stealth Rock
|turn|5
|
|t:|1709884031
|switch|p2a: Scizor|Scizor, M|100/100
|move|p1a: Latios|Surf|p2a: Scizor
|-damage|p2a: Scizor|11/100
|
|-weather|RainDance|[upkeep]
|upkeep
|turn|6
|
|t:|1709884042
|move|p2a: Scizor|Bullet Punch|p1a: Latios
|-damage|p1a: Latios|29/100
|-damage|p2a: Scizor|1/100|[from] item: Life Orb
|move|p1a: Latios|Surf|p2a: Scizor
|-damage|p2a: Scizor|0 fnt
|faint|p2a: Scizor
|
|-weather|RainDance|[upkeep]
|upkeep
|
|t:|1709884053
|switch|p2a: Politoed|Politoed, F|100/100
|turn|7
|
|t:|1709884064
|switch|p2a: Garchomp|Garchomp, M|15/100
|switch|p1a: Ferrothorn|Ferrothorn, M|100/100
|-damage|p1a: Ferrothorn|94/100|[from] Stealth Rock
|
|-weather|RainDance|[upkeep]
|-heal|p1a: Ferrothorn|100/100|[from] item: Leftovers
|upkeep
|turn|8
|
|t:|1709884074
|move|p2a: Garchomp|Earthquake|p1a: Ferrothorn
|-damage|p1a: Ferrothorn|63/100
|move|p1a: Ferrothorn|Power Whip|p2a: Garchomp
|-damage|p2a: Garchomp|0 fnt
|-damage|p1a: Ferrothorn|50/100|[from] ability: Rough Skin|[of] p2a: Garchomp
|faint|p2a: Garchomp
|
|-weather|RainDance|[upkeep]
|-heal|p1a: Ferrothorn|56/100|[from] item: Leftovers
|upkeep
|
|t:|1709884085
|switch|p2a: Tornadus|Tornadus, M|100/100
|turn|9
|
|t:|1709884092
|move|p2a: Tornadus|Hurricane|p1a: Ferrothorn
|-damage|p1a: Ferrothorn|9/100
|-start|p1a: Ferrothorn|confusion
|-activate|p1a: Ferrothorn|confusion
|-damage|p1a: Ferrothorn|1/100|[from] confusion
|
|-weather|RainDance|[upkeep]
|-heal|p1a: Ferrothorn|8/100|[from] item: Leftovers
|upkeep
|turn|10
|
|t:|1709884109
|switch|p1a: Latios|Latios, M|29/100
|-damage|p1a: Latios|17/100|[from] Stealth Rock
|move|p2a: Tornadus|Hurricane|p1a: Latios
|-damage|p1a: Latios|0 fnt
|faint|p1a: Latios
|
|-weather|RainDance|[upkeep]
|upkeep
|
|t:|1709884113
|switch|p1a: Thundurus|Thundurus-Therian, M|100/100
|-damage|p1a: Thundurus|76/100|[from] Stealth Rock
|turn|11
|
|t:|1709884133
|move|p2a: Tornadus|U-turn|p1a: Thundurus
|-resisted|p1a: Thundurus
|-damage|p1a: Thundurus|66/100
|
|t:|1709884139
|switch|p2a: Politoed|Politoed, F|100/100|[from] U-turn
|move|p1a: Thundurus|Thunder|p2a: Politoed
|-supereffective|p2a: Politoed
|-damage|p2a: Politoed|0 fnt
|faint|p2a: Politoed
|
|-weather|RainDance|[upkeep]
|-heal|p1a: Thundurus|72/100|[from] item: Leftovers
|upkeep
|
|t:|1709884148
|switch|p2a: Kyurem|Kyurem-Black|100/100
|-ability|p2a: Kyurem|Teravolt
|turn|12
|
|t:|1709884167
|move|p1a: Thundurus|Focus Blast|p2a: Kyurem
|-supereffective|p2a: Kyurem
|-damage|p2a: Kyurem|12/100
|move|p2a: Kyurem|Fusion Bolt|p1a: Thundurus
|-crit|p1a: Thundurus
|-damage|p1a: Thundurus|0 fnt
|faint|p1a: Thundurus
|
|-weather|RainDance|[upkeep]
|upkeep
|
|t:|1709884174
|switch|p1a: Keldeo|Keldeo-Resolute|100/100
|-damage|p1a: Keldeo|94/100|[from] Stealth Rock
|turn|13
|
|t:|1709884179
|switch|p2a: Starmie|Starmie|100/100
|-item|p2a: Starmie|Air Balloon
|move|p1a: Keldeo|Surf|p2a: Starmie
|-resisted|p2a: Starmie
|-damage|p2a: Starmie|48/100
|-enditem|p2a: Starmie|Air Balloon
|
|-weather|RainDance|[upkeep]
|upkeep
|turn|14
|
|t:|1709884186
|move|p1a: Keldeo|Surf|p2a: Starmie
|-resisted|p2a: Starmie
|-damage|p2a: Starmie|0 fnt
|faint|p2a: Starmie
|
|-weather|RainDance|[upkeep]
|upkeep
|
|t:|1709884192
|switch|p2a: Tornadus|Tornadus, M|100/100
|turn|15
|
|t:|1709884205
|switch|p1a: Ferrothorn|Ferrothorn, M|8/100
|-damage|p1a: Ferrothorn|1/100|[from] Stealth Rock
|move|p2a: Tornadus|Tailwind|p2a: Tornadus
|-sidestart|p2: BWVC BookofConke|move: Tailwind
|
|-weather|RainDance|[upkeep]
|-heal|p1a: Ferrothorn|8/100|[from] item: Leftovers
|upkeep
|turn|16
|
|t:|1709884216
|move|p2a: Tornadus|Hurricane|p1a: Ferrothorn
|-damage|p1a: Ferrothorn|0 fnt
|faint|p1a: Ferrothorn
|
|-weather|RainDance|[upkeep]
|upkeep
|
|t:|1709884218
|switch|p1a: Tentacruel|Tentacruel, M|100/100
|-damage|p1a: Tentacruel|88/100|[from] Stealth Rock
|turn|17
|
|t:|1709884226
|move|p2a: Tornadus|Hurricane|p1a: Tentacruel
|-damage|p1a: Tentacruel|27/100
|move|p1a: Tentacruel|Scald|p2a: Tornadus
|-damage|p2a: Tornadus|50/100
|-status|p2a: Tornadus|brn
|
|-weather|RainDance|[upkeep]
|-heal|p1a: Tentacruel|34/100|[from] ability: Rain Dish
|-heal|p1a: Tentacruel|40/100|[from] item: Black Sludge
|-damage|p2a: Tornadus|38/100 brn|[from] brn
|upkeep
|turn|18
|
|t:|1709884238
|move|p2a: Tornadus|Hurricane|p1a: Tentacruel
|-damage|p1a: Tentacruel|0 fnt
|faint|p1a: Tentacruel
|
|-weather|RainDance|[upkeep]
|-damage|p2a: Tornadus|26/100 brn|[from] brn
|-sideend|p2: BWVC BookofConke|move: Tailwind
|upkeep
|
|t:|1709884242
|switch|p1a: Keldeo|Keldeo-Resolute|94/100
|-damage|p1a: Keldeo|88/100|[from] Stealth Rock
|turn|19
|
|t:|1709884246
|move|p2a: Tornadus|Tailwind|p2a: Tornadus
|-sidestart|p2: BWVC BookofConke|move: Tailwind
|move|p1a: Keldeo|Surf|p2a: Tornadus
|-crit|p2a: Tornadus
|-damage|p2a: Tornadus|0 fnt
|faint|p2a: Tornadus
|
|-weather|RainDance|[upkeep]
|upkeep
|
|t:|1709884252
|switch|p2a: Kyurem|Kyurem-Black|12/100
|-ability|p2a: Kyurem|Teravolt
|turn|20
|
|t:|1709884256
|move|p2a: Kyurem|Fusion Bolt|p1a: Keldeo
|-supereffective|p1a: Keldeo
|-damage|p1a: Keldeo|0 fnt
|faint|p1a: Keldeo
|
|win|BWVC BookofConke
|raw|snorlaxplayer82's rating: 1391 &rarr; <strong>1369</strong><br />(-22 for losing)
|raw|BWVC BookofConke's rating: 1362 &rarr; <strong>1384</strong><br />(+22 for winning)
|l|☆snorlaxplayer82
|player|p1|
|j|☆snorlaxplayer82
|player|p1|snorlaxplayer82|clair
|l|☆snorlaxplayer82
|player|p1|
