|join|99 Red drifloon
|join|Julian
|player|p1|99 Red drifloon|1
|player|p2|Julian|169
|gametype|singles
|gen|5
|tier|[Gen 5] OU
|rated
|rule|Evasion Abilities Clause: Evasion abilities are banned
|clearpoke
|poke|p1|Tyranitar, M
|poke|p1|Magnezone
|poke|p1|Terrakion
|poke|p1|Latios, M, shiny
|poke|p1|Scizor, M, shiny
|poke|p1|Landorus-Therian, M
|poke|p2|Politoed, F
|poke|p2|Moltres
|poke|p2|Amoonguss, M, shiny
|poke|p2|Tentacruel, M
|poke|p2|Jirachi
|poke|p2|Tornadus, M
|rule|Sleep Clause Mod: Limit one foe put to sleep
|rule|Species Clause: Limit one of each Pokémon
|rule|OHKO Clause: OHKO moves are banned
|rule|Moody Clause: Moody is banned
|rule|Evasion Moves Clause: Evasion moves are banned
|rule|Endless Battle Clause: Forcing endless battles is banned
|rule|HP Percentage Mod: HP is shown in percentages
|teampreview
|
|start
|switch|p1a: Pat Riely|Tyranitar, M|403/403
|switch|p2a: Tornadus|Tornadus, M|299/299
|-weather|Sandstorm|[from] ability: Sand Stream|[of] p1a: Pat Riely
|turn|1
|
|switch|p1a: Miller|Scizor, M, shiny|343/343
|move|p2a: Tornadus|Superpower|p1a: Miller
|-damage|p1a: Miller|200/343
|-unboost|p2a: Tornadus|atk|1
|-unboost|p2a: Tornadus|def|1
|-damage|p2a: Tornadus|270/299|[from] item: Life Orb
|
|-weather|Sandstorm|[upkeep]
|-damage|p2a: Tornadus|252/299|[from] sandstorm
|turn|2
|
|switch|p2a: Tentacruel|Tentacruel, M|364/364
|move|p1a: Miller|U-turn|p2a: Tentacruel
|-resisted|p2a: Tentacruel
|-damage|p2a: Tentacruel|262/364
|
|switch|p1a: Bosh|Latios, M, shiny|301/301
|
|-weather|Sandstorm|[upkeep]
|-damage|p1a: Bosh|283/301|[from] sandstorm
|-damage|p2a: Tentacruel|240/364|[from] sandstorm
|-heal|p2a: Tentacruel|262/364|[from] item: Black Sludge
|turn|3
|
|move|p2a: Tentacruel|Protect|p2a: Tentacruel
|-singleturn|p2a: Tentacruel|Protect
|move|p1a: Bosh|Psyshock|p2a: Tentacruel
|-activate|p2a: Tentacruel|Protect
|
|-weather|Sandstorm|[upkeep]
|-damage|p1a: Bosh|265/301|[from] sandstorm
|-damage|p2a: Tentacruel|240/364|[from] sandstorm
|-heal|p2a: Tentacruel|262/364|[from] item: Black Sludge
|turn|4
|
|switch|p1a: Ray Allen|Magnezone|283/283
|switch|p2a: Amoonguss|Amoonguss, M, shiny|432/432
|
|-weather|Sandstorm|[upkeep]
|-damage|p2a: Amoonguss|405/432|[from] sandstorm
|-heal|p2a: Amoonguss|432/432|[from] item: Black Sludge
|turn|5
|
|move|p1a: Ray Allen|Substitute|p1a: Ray Allen
|-start|p1a: Ray Allen|Substitute
|-damage|p1a: Ray Allen|213/283
|move|p2a: Amoonguss|Spore|p1a: Ray Allen
|
|-weather|Sandstorm|[upkeep]
|-damage|p2a: Amoonguss|405/432|[from] sandstorm
|-heal|p1a: Ray Allen|230/283|[from] item: Leftovers
|-heal|p2a: Amoonguss|432/432|[from] item: Black Sludge
|turn|6
|
|move|p1a: Ray Allen|Hidden Power|p2a: Amoonguss
|-supereffective|p2a: Amoonguss
|-damage|p2a: Amoonguss|290/432
|move|p2a: Amoonguss|Hidden Power|p1a: Ray Allen
|-supereffective|p1a: Ray Allen
|-end|p1a: Ray Allen|Substitute
|
|-weather|Sandstorm|[upkeep]
|-damage|p2a: Amoonguss|263/432|[from] sandstorm
|-heal|p1a: Ray Allen|247/283|[from] item: Leftovers
|-heal|p2a: Amoonguss|290/432|[from] item: Black Sludge
|turn|7
|
|switch|p1a: Pat Riely|Tyranitar, M|403/403
|move|p2a: Amoonguss|Hidden Power|p1a: Pat Riely
|-supereffective|p1a: Pat Riely
|-damage|p1a: Pat Riely|349/403
|
|-weather|Sandstorm|[upkeep]
|-damage|p2a: Amoonguss|263/432|[from] sandstorm
|-heal|p1a: Pat Riely|374/403|[from] item: Leftovers
|-heal|p2a: Amoonguss|290/432|[from] item: Black Sludge
|turn|8
|
|move|p1a: Pat Riely|Stealth Rock|p2a: Amoonguss
|-sidestart|p2: Julian|move: Stealth Rock
|move|p2a: Amoonguss|Spore|p1a: Pat Riely
|-status|p1a: Pat Riely|slp
|
|-weather|Sandstorm|[upkeep]
|-damage|p2a: Amoonguss|263/432|[from] sandstorm
|-heal|p1a: Pat Riely|399/403 slp|[from] item: Leftovers
|-heal|p2a: Amoonguss|290/432|[from] item: Black Sludge
|turn|9
|
|switch|p1a: Bosh|Latios, M, shiny|265/301
|move|p2a: Amoonguss|Hidden Power|p1a: Bosh
|-immune|p1a: Bosh|[msg]
|
|-weather|Sandstorm|[upkeep]
|-damage|p1a: Bosh|247/301|[from] sandstorm
|-damage|p2a: Amoonguss|263/432|[from] sandstorm
|-heal|p2a: Amoonguss|290/432|[from] item: Black Sludge
|turn|10
|
|switch|p2a: Jirachi|Jirachi|404/404
|-damage|p2a: Jirachi|379/404|[from] Stealth Rock
|move|p1a: Bosh|Psyshock|p2a: Jirachi
|-resisted|p2a: Jirachi
|-damage|p2a: Jirachi|345/404
|
|-weather|Sandstorm|[upkeep]
|-damage|p1a: Bosh|229/301|[from] sandstorm
|-heal|p2a: Jirachi|370/404|[from] item: Leftovers
|turn|11
|
|switch|p1a: Bron Bron|Landorus-Therian, M|382/382
|-ability|p1a: Bron Bron|Intimidate|[of] p2a: Jirachi
|-unboost|p2a: Jirachi|atk|1
|move|p2a: Jirachi|Stealth Rock|p1a: Bron Bron
|-sidestart|p1: 99 Red drifloon|move: Stealth Rock
|
|-weather|Sandstorm|[upkeep]
|-heal|p2a: Jirachi|395/404|[from] item: Leftovers
|turn|12
|
|switch|p2a: Amoonguss|Amoonguss, M, shiny|432/432
|-damage|p2a: Amoonguss|378/432|[from] Stealth Rock
|move|p1a: Bron Bron|U-turn|p2a: Amoonguss
|-crit|p2a: Amoonguss
|-damage|p2a: Amoonguss|105/432
|
|switch|p1a: Miller|Scizor, M, shiny|200/343
|-damage|p1a: Miller|158/343|[from] Stealth Rock
|
|-weather|Sandstorm|[upkeep]
|-damage|p2a: Amoonguss|78/432|[from] sandstorm
|-heal|p2a: Amoonguss|105/432|[from] item: Black Sludge
|turn|13
|
|switch|p2a: Tentacruel|Tentacruel, M|262/364
|-damage|p2a: Tentacruel|217/364|[from] Stealth Rock
|move|p1a: Miller|U-turn|p2a: Tentacruel
|-resisted|p2a: Tentacruel
|-damage|p2a: Tentacruel|126/364
|
|switch|p1a: Bosh|Latios, M, shiny|229/301
|-damage|p1a: Bosh|192/301|[from] Stealth Rock
|
|-weather|Sandstorm|[upkeep]
|-damage|p1a: Bosh|174/301|[from] sandstorm
|-damage|p2a: Tentacruel|104/364|[from] sandstorm
|-heal|p2a: Tentacruel|126/364|[from] item: Black Sludge
|turn|14
|
|move|p2a: Tentacruel|Protect|p2a: Tentacruel
|-singleturn|p2a: Tentacruel|Protect
|move|p1a: Bosh|Psyshock|p2a: Tentacruel
|-activate|p2a: Tentacruel|Protect
|
|-weather|Sandstorm|[upkeep]
|-damage|p1a: Bosh|156/301|[from] sandstorm
|-damage|p2a: Tentacruel|104/364|[from] sandstorm
|-heal|p2a: Tentacruel|126/364|[from] item: Black Sludge
|turn|15
|
|switch|p1a: Ray Allen|Magnezone|247/283
|-damage|p1a: Ray Allen|230/283|[from] Stealth Rock
|switch|p2a: Jirachi|Jirachi|395/404
|-damage|p2a: Jirachi|370/404|[from] Stealth Rock
|
|-weather|Sandstorm|[upkeep]
|-heal|p1a: Ray Allen|247/283|[from] item: Leftovers
|-heal|p2a: Jirachi|395/404|[from] item: Leftovers
|turn|16
|
|move|p1a: Ray Allen|Substitute|p1a: Ray Allen
|-start|p1a: Ray Allen|Substitute
|-damage|p1a: Ray Allen|177/283
|move|p2a: Jirachi|Thunder|p1a: Ray Allen
|-resisted|p1a: Ray Allen
|-activate|p1a: Ray Allen|Substitute|[damage]
|
|-weather|Sandstorm|[upkeep]
|-heal|p1a: Ray Allen|194/283|[from] item: Leftovers
|-heal|p2a: Jirachi|404/404|[from] item: Leftovers
|turn|17
|
|move|p1a: Ray Allen|Charge Beam|p2a: Jirachi
|-damage|p2a: Jirachi|344/404
|-boost|p1a: Ray Allen|spa|1
|move|p2a: Jirachi|Thunder|p1a: Ray Allen
|-crit|p1a: Ray Allen
|-resisted|p1a: Ray Allen
|-end|p1a: Ray Allen|Substitute
|
|-weather|Sandstorm|[upkeep]
|-heal|p1a: Ray Allen|211/283|[from] item: Leftovers
|-heal|p2a: Jirachi|369/404|[from] item: Leftovers
|turn|18
|
|move|p1a: Ray Allen|Substitute|p1a: Ray Allen
|-start|p1a: Ray Allen|Substitute
|-damage|p1a: Ray Allen|141/283
|move|p2a: Jirachi|Thunder|p1a: Ray Allen
|-resisted|p1a: Ray Allen
|-activate|p1a: Ray Allen|Substitute|[damage]
|
|-weather|Sandstorm|[upkeep]
|-heal|p1a: Ray Allen|158/283|[from] item: Leftovers
|-heal|p2a: Jirachi|394/404|[from] item: Leftovers
|turn|19
|
|move|p1a: Ray Allen|Charge Beam|p2a: Jirachi
|-damage|p2a: Jirachi|295/404
|-boost|p1a: Ray Allen|spa|1
|move|p2a: Jirachi|Thunder|p1a: Ray Allen
|-resisted|p1a: Ray Allen
|-end|p1a: Ray Allen|Substitute
|
|-weather|Sandstorm|[upkeep]
|-heal|p1a: Ray Allen|175/283|[from] item: Leftovers
|-heal|p2a: Jirachi|320/404|[from] item: Leftovers
|turn|20
|
|move|p1a: Ray Allen|Substitute|p1a: Ray Allen
|-start|p1a: Ray Allen|Substitute
|-damage|p1a: Ray Allen|105/283
|move|p2a: Jirachi|Thunder|p1a: Ray Allen
|-resisted|p1a: Ray Allen
|-activate|p1a: Ray Allen|Substitute|[damage]
|
|-weather|Sandstorm|[upkeep]
|-heal|p1a: Ray Allen|122/283|[from] item: Leftovers
|-heal|p2a: Jirachi|345/404|[from] item: Leftovers
|turn|21
|
|move|p1a: Ray Allen|Charge Beam|p2a: Jirachi|[miss]
|-miss|p1a: Ray Allen|p2a: Jirachi
|move|p2a: Jirachi|Thunder|p1a: Ray Allen|[miss]
|-miss|p2a: Jirachi|p1a: Ray Allen
|
|-weather|Sandstorm|[upkeep]
|-heal|p1a: Ray Allen|139/283|[from] item: Leftovers
|-heal|p2a: Jirachi|370/404|[from] item: Leftovers
|turn|22
|
|move|p1a: Ray Allen|Charge Beam|p2a: Jirachi|[miss]
|-miss|p1a: Ray Allen|p2a: Jirachi
|move|p2a: Jirachi|Thunder|p1a: Ray Allen
|-resisted|p1a: Ray Allen
|-end|p1a: Ray Allen|Substitute
|
|-weather|Sandstorm|[upkeep]
|-heal|p1a: Ray Allen|156/283|[from] item: Leftovers
|-heal|p2a: Jirachi|395/404|[from] item: Leftovers
|turn|23
|
|move|p1a: Ray Allen|Substitute|p1a: Ray Allen
|-start|p1a: Ray Allen|Substitute
|-damage|p1a: Ray Allen|86/283
|move|p2a: Jirachi|Thunder|p1a: Ray Allen
|-resisted|p1a: Ray Allen
|-activate|p1a: Ray Allen|Substitute|[damage]
|
|-weather|Sandstorm|[upkeep]
|-heal|p1a: Ray Allen|103/283|[from] item: Leftovers
|-heal|p2a: Jirachi|404/404|[from] item: Leftovers
|turn|24
|
|move|p1a: Ray Allen|Charge Beam|p2a: Jirachi
|-damage|p2a: Jirachi|284/404
|-boost|p1a: Ray Allen|spa|1
|move|p2a: Jirachi|Thunder|p1a: Ray Allen
|-resisted|p1a: Ray Allen
|-end|p1a: Ray Allen|Substitute
|
|-weather|Sandstorm|[upkeep]
|-heal|p1a: Ray Allen|120/283|[from] item: Leftovers
|-heal|p2a: Jirachi|309/404|[from] item: Leftovers
|turn|25
|
|move|p1a: Ray Allen|Substitute|p1a: Ray Allen
|-start|p1a: Ray Allen|Substitute
|-damage|p1a: Ray Allen|50/283
|move|p2a: Jirachi|Thunder|p1a: Ray Allen
|-resisted|p1a: Ray Allen
|-activate|p1a: Ray Allen|Substitute|[damage]
|
|-weather|Sandstorm|[upkeep]
|-heal|p1a: Ray Allen|67/283|[from] item: Leftovers
|-heal|p2a: Jirachi|334/404|[from] item: Leftovers
|turn|26
|
|move|p1a: Ray Allen|Charge Beam|p2a: Jirachi
|-damage|p2a: Jirachi|184/404
|-boost|p1a: Ray Allen|spa|1
|move|p2a: Jirachi|Thunder|p1a: Ray Allen
|-resisted|p1a: Ray Allen
|-end|p1a: Ray Allen|Substitute
|
|-weather|Sandstorm|[upkeep]
|-heal|p1a: Ray Allen|84/283|[from] item: Leftovers
|-heal|p2a: Jirachi|209/404|[from] item: Leftovers
|turn|27
|
|move|p1a: Ray Allen|Substitute|p1a: Ray Allen
|-start|p1a: Ray Allen|Substitute
|-damage|p1a: Ray Allen|14/283
|move|p2a: Jirachi|Thunder|p1a: Ray Allen
|-resisted|p1a: Ray Allen
|-activate|p1a: Ray Allen|Substitute|[damage]
|
|-weather|Sandstorm|[upkeep]
|-heal|p1a: Ray Allen|31/283|[from] item: Leftovers
|-heal|p2a: Jirachi|234/404|[from] item: Leftovers
|turn|28
|
|move|p1a: Ray Allen|Hidden Power|p2a: Jirachi
|-supereffective|p2a: Jirachi
|-damage|p2a: Jirachi|0 fnt
|faint|p2a: Jirachi
|
|-weather|Sandstorm|[upkeep]
|-heal|p1a: Ray Allen|48/283|[from] item: Leftovers
|
|switch|p2a: Politoed|Politoed, F|322/322
|-damage|p2a: Politoed|282/322|[from] Stealth Rock
|-weather|RainDance|[from] ability: Drizzle|[of] p2a: Politoed
|turn|29
|
|move|p2a: Politoed|Encore|p1a: Ray Allen
|-start|p1a: Ray Allen|Encore
|move|p1a: Ray Allen|Hidden Power|p2a: Politoed
|-resisted|p2a: Politoed
|-damage|p2a: Politoed|220/322
|
|-weather|RainDance|[upkeep]
|-heal|p1a: Ray Allen|65/283|[from] item: Leftovers
|turn|30
|
|switch|p2a: Tentacruel|Tentacruel, M|126/364
|-damage|p2a: Tentacruel|81/364|[from] Stealth Rock
|move|p1a: Ray Allen|Hidden Power|p2a: Tentacruel
|-resisted|p2a: Tentacruel
|-damage|p2a: Tentacruel|23/364
|
|-weather|RainDance|[upkeep]
|-heal|p2a: Tentacruel|45/364|[from] ability: Rain Dish
|-heal|p2a: Tentacruel|67/364|[from] item: Black Sludge
|-heal|p1a: Ray Allen|82/283|[from] item: Leftovers
|turn|31
|
|move|p2a: Tentacruel|Rapid Spin|p1a: Ray Allen
|-resisted|p1a: Ray Allen
|-activate|p1a: Ray Allen|Substitute|[damage]
|-sideend|p2: Julian|Stealth Rock|[from] move: Rapid Spin|[of] p2a: Tentacruel
|move|p1a: Ray Allen|Hidden Power|p2a: Tentacruel
|-resisted|p2a: Tentacruel
|-damage|p2a: Tentacruel|15/364
|
|-weather|RainDance|[upkeep]
|-heal|p2a: Tentacruel|37/364|[from] ability: Rain Dish
|-heal|p2a: Tentacruel|59/364|[from] item: Black Sludge
|-heal|p1a: Ray Allen|99/283|[from] item: Leftovers
|-end|p1a: Ray Allen|Encore
|turn|32
|
|move|p2a: Tentacruel|Scald|p1a: Ray Allen
|-end|p1a: Ray Allen|Substitute
|move|p1a: Ray Allen|Substitute|p1a: Ray Allen
|-start|p1a: Ray Allen|Substitute
|-damage|p1a: Ray Allen|29/283
|
|-weather|RainDance|[upkeep]
|-heal|p2a: Tentacruel|81/364|[from] ability: Rain Dish
|-heal|p2a: Tentacruel|103/364|[from] item: Black Sludge
|-heal|p1a: Ray Allen|46/283|[from] item: Leftovers
|turn|33
|
|move|p2a: Tentacruel|Scald|p1a: Ray Allen
|-crit|p1a: Ray Allen
|-end|p1a: Ray Allen|Substitute
|move|p1a: Ray Allen|Charge Beam|p2a: Tentacruel
|-supereffective|p2a: Tentacruel
|-damage|p2a: Tentacruel|0 fnt
|-boost|p1a: Ray Allen|spa|1
|faint|p2a: Tentacruel
|
|-weather|RainDance|[upkeep]
|-heal|p1a: Ray Allen|63/283|[from] item: Leftovers
|
|switch|p2a: Moltres|Moltres|321/321
|-ability|p2a: Moltres|Pressure
|turn|34
|
|move|p2a: Moltres|Hurricane|p1a: Ray Allen
|-resisted|p1a: Ray Allen
|-damage|p1a: Ray Allen|0 fnt
|faint|p1a: Ray Allen
|
|-weather|RainDance|[upkeep]
|
|switch|p1a: Pat Riely|Tyranitar, M|399/403 slp
|-damage|p1a: Pat Riely|349/403 slp|[from] Stealth Rock
|-weather|Sandstorm|[from] ability: Sand Stream|[of] p1a: Pat Riely
|turn|35
|
|switch|p2a: Politoed|Politoed, F|220/322
|-weather|RainDance|[from] ability: Drizzle|[of] p2a: Politoed
|switch|p1a: Bron Bron|Landorus-Therian, M|382/382
|-damage|p1a: Bron Bron|335/382|[from] Stealth Rock
|-ability|p1a: Bron Bron|Intimidate|[of] p2a: Politoed
|-unboost|p2a: Politoed|atk|1
|
|-weather|RainDance|[upkeep]
|turn|36
|
|switch|p2a: Moltres|Moltres|321/321
|-ability|p2a: Moltres|Pressure
|move|p1a: Bron Bron|U-turn|p2a: Moltres
|-resisted|p2a: Moltres
|-damage|p2a: Moltres|293/321
|
|switch|p1a: D.Wade|Terrakion|323/323
|-damage|p1a: D.Wade|303/323|[from] Stealth Rock
|
|-weather|RainDance|[upkeep]
|turn|37
|
|switch|p2a: Amoonguss|Amoonguss, M, shiny|249/432
|move|p1a: D.Wade|Stone Edge|p2a: Amoonguss|[miss]
|-miss|p1a: D.Wade|p2a: Amoonguss
|
|-weather|RainDance|[upkeep]
|-heal|p2a: Amoonguss|276/432|[from] item: Black Sludge
|turn|38
|
|switch|p1a: Pat Riely|Tyranitar, M|349/403 slp
|-damage|p1a: Pat Riely|299/403 slp|[from] Stealth Rock
|-weather|Sandstorm|[from] ability: Sand Stream|[of] p1a: Pat Riely
|move|p2a: Amoonguss|Giga Drain|p1a: Pat Riely
|-supereffective|p1a: Pat Riely
|-damage|p1a: Pat Riely|221/403 slp
|-heal|p2a: Amoonguss|315/432|[from] drain|[of] p1a: Pat Riely
|
|-weather|Sandstorm|[upkeep]
|-damage|p2a: Amoonguss|288/432|[from] sandstorm
|-heal|p1a: Pat Riely|246/403 slp|[from] item: Leftovers
|-heal|p2a: Amoonguss|315/432|[from] item: Black Sludge
|turn|39
|
|switch|p1a: Bron Bron|Landorus-Therian, M|335/382
|-damage|p1a: Bron Bron|288/382|[from] Stealth Rock
|-ability|p1a: Bron Bron|Intimidate|[of] p2a: Amoonguss
|-unboost|p2a: Amoonguss|atk|1
|switch|p2a: Politoed|Politoed, F|220/322
|-weather|RainDance|[from] ability: Drizzle|[of] p2a: Politoed
|
|-weather|RainDance|[upkeep]
|turn|40
|
|switch|p2a: Amoonguss|Amoonguss, M, shiny|432/432
|move|p1a: Bron Bron|U-turn|p2a: Amoonguss
|-damage|p2a: Amoonguss|307/432
|
|switch|p1a: Miller|Scizor, M, shiny|158/343
|-damage|p1a: Miller|116/343|[from] Stealth Rock
|
|-weather|RainDance|[upkeep]
|-heal|p2a: Amoonguss|334/432|[from] item: Black Sludge
|turn|41
|
|move|p1a: Miller|Bullet Punch|p2a: Amoonguss
|-damage|p2a: Amoonguss|112/432
|move|p2a: Amoonguss|Stun Spore|p1a: Miller|[miss]
|-miss|p2a: Amoonguss|p1a: Miller
|
|-weather|RainDance|[upkeep]
|-heal|p2a: Amoonguss|139/432|[from] item: Black Sludge
|turn|42
|
|switch|p2a: Moltres|Moltres|293/321
|-ability|p2a: Moltres|Pressure
|move|p1a: Miller|Bullet Punch|p2a: Moltres
|-resisted|p2a: Moltres
|-damage|p2a: Moltres|201/321
|
|-weather|RainDance|[upkeep]
|turn|43
|
|move|p1a: Miller|Bullet Punch|p2a: Moltres
|-resisted|p2a: Moltres
|-damage|p2a: Moltres|102/321
|move|p2a: Moltres|Hidden Power|p1a: Miller
|-damage|p1a: Miller|0 fnt
|faint|p1a: Miller
|
|-weather|RainDance|[upkeep]
|
|switch|p1a: Pat Riely|Tyranitar, M|246/403 slp
|-damage|p1a: Pat Riely|196/403 slp|[from] Stealth Rock
|-weather|Sandstorm|[from] ability: Sand Stream|[of] p1a: Pat Riely
|turn|44
|
|switch|p2a: Politoed|Politoed, F|220/322
|-weather|RainDance|[from] ability: Drizzle|[of] p2a: Politoed
|switch|p1a: Bron Bron|Landorus-Therian, M|288/382
|-damage|p1a: Bron Bron|241/382|[from] Stealth Rock
|-ability|p1a: Bron Bron|Intimidate|[of] p2a: Politoed
|-unboost|p2a: Politoed|atk|1
|
|-weather|RainDance|[upkeep]
|turn|45
|
|switch|p2a: Moltres|Moltres|102/321
|-ability|p2a: Moltres|Pressure
|move|p1a: Bron Bron|U-turn|p2a: Moltres
|-crit|p2a: Moltres
|-resisted|p2a: Moltres
|-damage|p2a: Moltres|49/321
|
|switch|p1a: D.Wade|Terrakion|303/323
|-damage|p1a: D.Wade|283/323|[from] Stealth Rock
|
|-weather|RainDance|[upkeep]
|turn|46
|
|switch|p2a: Amoonguss|Amoonguss, M, shiny|283/432
|move|p1a: D.Wade|Stone Edge|p2a: Amoonguss
|-damage|p2a: Amoonguss|25/432
|
|-weather|RainDance|[upkeep]
|-heal|p2a: Amoonguss|52/432|[from] item: Black Sludge
|turn|47
|
|move|p1a: D.Wade|Stone Edge|p2a: Amoonguss
|-damage|p2a: Amoonguss|0 fnt
|faint|p2a: Amoonguss
|
|-weather|RainDance|[upkeep]
|
|switch|p2a: Tornadus|Tornadus, M|252/299
|turn|48
|
|move|p1a: D.Wade|Stone Edge|p2a: Tornadus
|-supereffective|p2a: Tornadus
|-damage|p2a: Tornadus|0 fnt
|faint|p2a: Tornadus
|
|-weather|RainDance|[upkeep]
|c|★Julian|oh
|c|★Julian|gg
|c|★99 Red drifloon|gg
|-message|Julian forfeited.
|
|win|99 Red drifloon
|raw|Ladder updating...
|leave|Julian
|player|p2
|raw|99 Red drifloon's rating: 1423 &rarr; <strong>1441</strong><br />(+18 for winning)
|raw|Julian's rating: 1382 &rarr; <strong>1364</strong><br />(-18 for losing)