|j|culini
|j|blt3 auras
|player|p1|culini|101
|player|p2|blt3 auras|1
|gametype|singles
|gen|5
|tier|[Gen 5] OU
|rated
|seed|
|rule|Evasion Abilities Clause: Evasion abilities are banned
|rule|Baton Pass Clause: Limit one Baton Passer, can't pass Spe and other stats simultaneously
|rule|Swagger Clause: Swagger is banned
|clearpoke
|poke|p1|Chansey, F|item
|poke|p1|Quagsire, F|item
|poke|p1|Ferrothorn, M|item
|poke|p1|Tentacruel, F|item
|poke|p1|Dragonite, M|item
|poke|p1|Politoed, M|item
|poke|p2|Metagross|item
|poke|p2|Latios, M|item
|poke|p2|Terrakion|item
|poke|p2|Starmie|item
|poke|p2|Landorus-Therian, M|item
|poke|p2|Alakazam, F|item
|rule|Sleep Clause Mod: Limit one foe put to sleep
|rule|Species Clause: Limit one of each Pokémon
|rule|OHKO Clause: OHKO moves are banned
|rule|Moody Clause: Moody is banned
|rule|Evasion Moves Clause: Evasion moves are banned
|rule|Endless Battle Clause: Forcing endless battles is banned
|rule|HP Percentage Mod: HP is shown in percentages
|teampreview
|choice||
|
|start
|switch|p1a: Politoed|Politoed, M|100/100
|switch|p2a: Starmie|Starmie|100/100
|-weather|RainDance|[from] ability: Drizzle|[of] p1a: Politoed
|turn|1
|choice||
|
|switch|p1a: Ferrothorn|Ferrothorn, M|100/100
|move|p2a: Starmie|Hydro Pump|p1a: Ferrothorn
|-resisted|p1a: Ferrothorn
|-damage|p1a: Ferrothorn|52/100
|-damage|p2a: Starmie|91/100|[from] item: Life Orb
|
|-weather|RainDance|[upkeep]
|-heal|p1a: Ferrothorn|58/100|[from] item: Leftovers
|turn|2
|choice||
|
|switch|p2a: Metagross|Metagross|100/100
|move|p1a: Ferrothorn|Power Whip|p2a: Metagross
|-resisted|p2a: Metagross
|-damage|p2a: Metagross|82/100
|
|-weather|RainDance|[upkeep]
|-heal|p1a: Ferrothorn|64/100|[from] item: Leftovers
|turn|3
|choice||
|
|switch|p1a: Quagsire|Quagsire, F|100/100
|move|p2a: Metagross|Toxic|p1a: Quagsire
|-status|p1a: Quagsire|tox
|
|-weather|RainDance|[upkeep]
|-damage|p1a: Quagsire|94/100 tox|[from] psn
|turn|4
|choice||
|
|switch|p2a: Latios|Latios, M|100/100
|switch|p1a: Ferrothorn|Ferrothorn, M|64/100
|
|-weather|RainDance|[upkeep]
|-heal|p1a: Ferrothorn|70/100|[from] item: Leftovers
|turn|5
|choice||
|
|move|p2a: Latios|Draco Meteor|p1a: Ferrothorn
|-resisted|p1a: Ferrothorn
|-damage|p1a: Ferrothorn|37/100
|-unboost|p2a: Latios|spa|2
|-damage|p2a: Latios|91/100|[from] item: Life Orb
|move|p1a: Ferrothorn|Stealth Rock|p2a: Latios
|-sidestart|p2: blt3 auras|move: Stealth Rock
|
|-weather|RainDance|[upkeep]
|-heal|p1a: Ferrothorn|44/100|[from] item: Leftovers
|turn|6
|choice||
|
|switch|p2a: Alakazam|Alakazam, F|100/100
|move|p1a: Ferrothorn|Spikes|p2a: Alakazam
|-sidestart|p2: blt3 auras|Spikes
|
|-weather|RainDance|[upkeep]
|-heal|p1a: Ferrothorn|50/100|[from] item: Leftovers
|turn|7
|choice||
|
|switch|p1a: Chansey|Chansey, F|100/100
|move|p2a: Alakazam|Focus Blast|p1a: Chansey
|-supereffective|p1a: Chansey
|-damage|p1a: Chansey|73/100
|
|-weather|RainDance|[upkeep]
|turn|8
|choice||
|
|switch|p2a: Landorus|Landorus-Therian, M|100/100
|-damage|p2a: Landorus|88/100|[from] Stealth Rock
|-ability|p2a: Landorus|Intimidate|boost
|-unboost|p1a: Chansey|atk|1
|move|p1a: Chansey|Seismic Toss|p2a: Landorus
|-damage|p2a: Landorus|57/100
|
|-weather|RainDance|[upkeep]
|turn|9
|choice||
|
|switch|p1a: Politoed|Politoed, M|100/100
|move|p2a: Landorus|Explosion|p1a: Politoed
|-damage|p1a: Politoed|25/100
|faint|p2a: Landorus
|
|-weather|RainDance|[upkeep]
|-heal|p1a: Politoed|31/100|[from] item: Leftovers
|choice||
|
|switch|p2a: Starmie|Starmie|91/100
|-damage|p2a: Starmie|78/100|[from] Spikes
|-damage|p2a: Starmie|66/100|[from] Stealth Rock
|turn|10
|choice||
|
|switch|p1a: Ferrothorn|Ferrothorn, M|50/100
|move|p2a: Starmie|Hydro Pump|p1a: Ferrothorn
|-resisted|p1a: Ferrothorn
|-damage|p1a: Ferrothorn|0 fnt
|-damage|p2a: Starmie|56/100|[from] item: Life Orb
|faint|p1a: Ferrothorn
|
|-weather|RainDance|[upkeep]
|choice||
|
|switch|p1a: Dragonite|Dragonite, M|100/100
|turn|11
|choice||
|
|switch|p2a: Metagross|Metagross|82/100
|-damage|p2a: Metagross|76/100|[from] Stealth Rock
|-damage|p2a: Metagross|64/100|[from] Spikes
|move|p1a: Dragonite|Dragon Tail|p2a: Metagross
|-resisted|p2a: Metagross
|-damage|p2a: Metagross|53/100
|drag|p2a: Alakazam|Alakazam, F|100/100
|
|-weather|RainDance|[upkeep]
|turn|12
|choice||
|
|move|p2a: Alakazam|Hidden Power|p1a: Dragonite
|-supereffective|p1a: Dragonite
|-damage|p1a: Dragonite|67/100
|move|p1a: Dragonite|Dragon Tail|p2a: Alakazam
|-damage|p2a: Alakazam|34/100
|drag|p2a: Latios|Latios, M|91/100
|-damage|p2a: Latios|78/100|[from] Stealth Rock
|
|-weather|RainDance|[upkeep]
|-heal|p1a: Dragonite|73/100|[from] item: Leftovers
|turn|13
|choice||
|
|switch|p1a: Politoed|Politoed, M|31/100
|move|p2a: Latios|Psyshock|p1a: Politoed
|-damage|p1a: Politoed|0 fnt
|-damage|p2a: Latios|68/100|[from] item: Life Orb
|faint|p1a: Politoed
|
|-weather|RainDance|[upkeep]
|choice||
|
|switch|p1a: Chansey|Chansey, F|73/100
|turn|14
|choice||
|
|switch|p2a: Terrakion|Terrakion|100/100
|-damage|p2a: Terrakion|94/100|[from] Stealth Rock
|-damage|p2a: Terrakion|82/100|[from] Spikes
|move|p1a: Chansey|Soft-Boiled|p1a: Chansey
|-heal|p1a: Chansey|100/100
|
|-weather|RainDance|[upkeep]
|turn|15
|j|hkttkytjt
|choice||
|
|switch|p1a: Tentacruel|Tentacruel, F|100/100
|move|p2a: Terrakion|Close Combat|p1a: Tentacruel
|-resisted|p1a: Tentacruel
|-damage|p1a: Tentacruel|72/100
|-unboost|p2a: Terrakion|def|1
|-unboost|p2a: Terrakion|spd|1
|
|-weather|RainDance|[upkeep]
|-heal|p1a: Tentacruel|78/100|[from] ability: Rain Dish
|-heal|p1a: Tentacruel|85/100|[from] item: Black Sludge
|turn|16
|choice||
|
|switch|p2a: Latios|Latios, M|68/100
|-damage|p2a: Latios|56/100|[from] Stealth Rock
|move|p1a: Tentacruel|Ice Beam|p2a: Latios
|-supereffective|p2a: Latios
|-damage|p2a: Latios|21/100
|
|-weather|RainDance|[upkeep]
|-heal|p1a: Tentacruel|91/100|[from] ability: Rain Dish
|-heal|p1a: Tentacruel|97/100|[from] item: Black Sludge
|turn|17
|choice||
|
|switch|p1a: Chansey|Chansey, F|100/100
|move|p2a: Latios|Recover|p2a: Latios
|-heal|p2a: Latios|71/100
|
|-weather|RainDance|[upkeep]
|turn|18
|choice||
|
|switch|p2a: Metagross|Metagross|53/100
|-damage|p2a: Metagross|47/100|[from] Stealth Rock
|-damage|p2a: Metagross|35/100|[from] Spikes
|move|p1a: Chansey|Seismic Toss|p2a: Metagross
|-damage|p2a: Metagross|4/100
|
|-weather|RainDance|[upkeep]
|turn|19
|choice||
|
|switch|p1a: Quagsire|Quagsire, F|94/100 tox
|move|p2a: Metagross|Meteor Mash|p1a: Quagsire
|-resisted|p1a: Quagsire
|-damage|p1a: Quagsire|74/100 tox
|
|-weather|RainDance|[upkeep]
|-heal|p1a: Quagsire|80/100 tox|[from] item: Leftovers
|-damage|p1a: Quagsire|74/100 tox|[from] psn
|turn|20
|choice||
|
|move|p2a: Metagross|Hammer Arm|p1a: Quagsire
|-damage|p1a: Quagsire|45/100 tox
|-unboost|p2a: Metagross|spe|1
|move|p1a: Quagsire|Scald|p2a: Metagross
|-damage|p2a: Metagross|0 fnt
|faint|p2a: Metagross
|
|-weather|RainDance|[upkeep]
|-heal|p1a: Quagsire|51/100 tox|[from] item: Leftovers
|-damage|p1a: Quagsire|39/100 tox|[from] psn
|choice||
|
|switch|p2a: Starmie|Starmie|56/100
|-damage|p2a: Starmie|44/100|[from] Stealth Rock
|-damage|p2a: Starmie|32/100|[from] Spikes
|turn|21
|choice||
|
|move|p2a: Starmie|Hydro Pump|p1a: Quagsire
|-damage|p1a: Quagsire|0 fnt
|-damage|p2a: Starmie|22/100|[from] item: Life Orb
|faint|p1a: Quagsire
|
|-weather|RainDance|[upkeep]
|choice||
|
|switch|p1a: Chansey|Chansey, F|100/100
|turn|22
|choice||
|
|move|p2a: Starmie|Hydro Pump|p1a: Chansey
|-damage|p1a: Chansey|67/100
|-damage|p2a: Starmie|12/100|[from] item: Life Orb
|move|p1a: Chansey|Seismic Toss|p2a: Starmie
|-damage|p2a: Starmie|0 fnt
|faint|p2a: Starmie
|
|-weather|RainDance|[upkeep]
|choice||
|
|switch|p2a: Terrakion|Terrakion|82/100
|-damage|p2a: Terrakion|70/100|[from] Spikes
|-damage|p2a: Terrakion|63/100|[from] Stealth Rock
|turn|23
|choice||
|
|switch|p1a: Tentacruel|Tentacruel, F|97/100
|move|p2a: Terrakion|Swords Dance|p2a: Terrakion
|-boost|p2a: Terrakion|atk|2
|
|-weather|RainDance|[upkeep]
|-heal|p1a: Tentacruel|100/100|[from] ability: Rain Dish
|turn|24
|choice||
|
|move|p2a: Terrakion|Stone Edge|p1a: Tentacruel
|-enditem|p2a: Terrakion|Rock Gem|[from] gem|[move] Stone Edge
|-damage|p1a: Tentacruel|0 fnt
|faint|p1a: Tentacruel
|
|-weather|RainDance|[upkeep]
|-message|culini forfeited.
|
|win|blt3 auras
|player|p1
|player|p2
|l|culini
|raw|culini's rating: 1436 &rarr; <strong>1409</strong><br />(-27 for losing)
|raw|blt3 auras's rating: 1322 &rarr; <strong>1349</strong><br />(+27 for winning)
|l|hkttkytjt