|j|☆HydreigonSpammer
|j|☆authentise_is_shit
|t:|1734302462
|gametype|singles
|player|p1|HydreigonSpammer|veteranf|1296
|player|p2|authentise_is_shit|265|1337
|teamsize|p1|6
|teamsize|p2|6
|gen|5
|tier|[Gen 5] OU
|rated|
|rule|Species Clause: Limit one of each Pokémon
|rule|OHKO Clause: OHKO moves are banned
|rule|Moody Clause: Moody is banned
|rule|Evasion Items Clause: Evasion items are banned
|rule|Evasion Moves Clause: Evasion moves are banned
|rule|Endless Battle Clause: Forcing endless battles is banned
|rule|HP Percentage Mod: HP is shown in percentages
|rule|Evasion Abilities Clause: Evasion abilities are banned
|rule|Sleep Moves Clause: Sleep-inducing moves are banned
|rule|Swagger Clause: Swagger is banned
|rule|Baton Pass Stat Clause: No Baton Passer may have a way to boost its stats
|clearpoke
|poke|p1|Hydreigon, F|item
|poke|p1|Landorus-Therian, M|item
|poke|p1|Scizor, F|item
|poke|p1|Heatran, F|item
|poke|p1|Starmie|item
|poke|p1|Weavile, M|item
|poke|p2|Ferrothorn, M|item
|poke|p2|Moltres|item
|poke|p2|Politoed, M|item
|poke|p2|Sableye, M|item
|poke|p2|Tentacruel, M|item
|poke|p2|Latias, F|item
|teampreview
|inactive|Battle timer is ON: inactive players will automatically lose when time's up. (requested by HydreigonSpammer)
|
|t:|1734302486
|start
|switch|p1a: Hydreigon|Hydreigon, F, shiny|100/100
|switch|p2a: Tentacruel|Tentacruel, M|100/100
|turn|1
|
|t:|1734302502
|move|p2a: Tentacruel|Toxic Spikes|p1a: Hydreigon
|-sidestart|p1: HydreigonSpammer|move: Toxic Spikes
|move|p1a: Hydreigon|Outrage|p2a: Tentacruel
|-damage|p2a: Tentacruel|0 fnt
|faint|p2a: Tentacruel
|
|upkeep
|
|t:|1734302510
|switch|p2a: Ferrothorn|Ferrothorn, M|100/100
|turn|2
|
|t:|1734302514
|move|p1a: Hydreigon|Outrage|p2a: Ferrothorn|[from]lockedmove
|-resisted|p2a: Ferrothorn
|-damage|p2a: Ferrothorn|65/100
|-damage|p1a: Hydreigon|88/100|[from] ability: Iron Barbs|[of] p2a: Ferrothorn
|move|p2a: Ferrothorn|Gyro Ball|p1a: Hydreigon
|-damage|p1a: Hydreigon|8/100
|
|upkeep
|turn|3
|
|t:|1734302522
|move|p1a: Hydreigon|Outrage|p2a: Ferrothorn|[from]lockedmove
|-resisted|p2a: Ferrothorn
|-damage|p2a: Ferrothorn|29/100
|-damage|p1a: Hydreigon|0 fnt|[from] ability: Iron Barbs|[of] p2a: Ferrothorn
|faint|p1a: Hydreigon
|move|p2a: Ferrothorn|Stealth Rock|p1: Hydreigon
|-sidestart|p1: HydreigonSpammer|move: Stealth Rock
|
|upkeep
|
|t:|1734302528
|switch|p1a: Starmie|Starmie|100/100
|-status|p1a: Starmie|psn
|-damage|p1a: Starmie|88/100 psn|[from] Stealth Rock
|turn|4
|
|t:|1734302532
|switch|p2a: Sableye|Sableye, M|100/100
|move|p1a: Starmie|Scald|p2a: Sableye
|-damage|p2a: Sableye|2/100
|
|-heal|p2a: Sableye|8/100|[from] item: Leftovers
|-damage|p1a: Starmie|76/100 psn|[from] psn
|upkeep
|turn|5
|
|t:|1734302543
|switch|p2a: Ferrothorn|Ferrothorn, M|29/100
|move|p1a: Starmie|Scald|p2a: Ferrothorn
|-resisted|p2a: Ferrothorn
|-damage|p2a: Ferrothorn|0 fnt
|faint|p2a: Ferrothorn
|
|-damage|p1a: Starmie|64/100 psn|[from] psn
|upkeep
|
|t:|1734302552
|switch|p2a: Latias|Latias, F|100/100
|turn|6
|
|t:|1734302567
|switch|p1a: Heatran|Heatran, F|100/100
|-damage|p1a: Heatran|88/100|[from] Stealth Rock
|move|p2a: Latias|Dragon Pulse|p1a: Heatran
|-resisted|p1a: Heatran
|-crit|p1a: Heatran
|-damage|p1a: Heatran|69/100
|
|-heal|p1a: Heatran|75/100|[from] item: Leftovers
|upkeep
|turn|7
|
|t:|1734302573
|switch|p2a: Politoed|Politoed, M|100/100
|-weather|RainDance|[from] ability: Drizzle|[of] p2a: Politoed
|move|p1a: Heatran|Toxic|p2a: Politoed
|-status|p2a: Politoed|tox
|
|-weather|RainDance|[upkeep]
|-heal|p1a: Heatran|81/100|[from] item: Leftovers
|-damage|p2a: Politoed|94/100 tox|[from] psn
|upkeep
|turn|8
|inactive|HydreigonSpammer has 120 seconds left.
|
|t:|1734302604
|move|p1a: Heatran|Stealth Rock|p2a: Politoed
|-sidestart|p2: authentise_is_shit|move: Stealth Rock
|move|p2a: Politoed|Refresh|p2a: Politoed
|-curestatus|p2a: Politoed|tox|[msg]
|
|-weather|RainDance|[upkeep]
|-heal|p1a: Heatran|88/100|[from] item: Leftovers
|-heal|p2a: Politoed|100/100|[from] item: Leftovers
|upkeep
|turn|9
|inactive|HydreigonSpammer has 120 seconds left.
|
|t:|1734302618
|switch|p1a: Landorus|Landorus-Therian, M|100/100
|-damage|p1a: Landorus|88/100|[from] Stealth Rock
|-ability|p1a: Landorus|Intimidate|boost
|-unboost|p2a: Politoed|atk|1
|move|p2a: Politoed|Scald|p1a: Landorus
|-supereffective|p1a: Landorus
|-damage|p1a: Landorus|2/100
|
|-weather|RainDance|[upkeep]
|-heal|p1a: Landorus|8/100|[from] item: Leftovers
|upkeep
|turn|10
|
|t:|1734302625
|move|p1a: Landorus|Earthquake|p2a: Politoed
|-damage|p2a: Politoed|63/100
|move|p2a: Politoed|Scald|p1a: Landorus
|-supereffective|p1a: Landorus
|-damage|p1a: Landorus|0 fnt
|faint|p1a: Landorus
|
|-weather|RainDance|[upkeep]
|-heal|p2a: Politoed|69/100|[from] item: Leftovers
|upkeep
|
|t:|1734302629
|switch|p1a: Starmie|Starmie|64/100 psn
|-damage|p1a: Starmie|51/100 psn|[from] Stealth Rock
|turn|11
|
|t:|1734302634
|move|p2a: Politoed|Protect|p2a: Politoed
|-singleturn|p2a: Politoed|Protect
|move|p1a: Starmie|Rapid Spin|p2a: Politoed
|-activate|p2a: Politoed|move: Protect
|
|-weather|RainDance|[upkeep]
|-heal|p2a: Politoed|75/100|[from] item: Leftovers
|-damage|p1a: Starmie|39/100 psn|[from] psn
|upkeep
|turn|12
|
|t:|1734302638
|switch|p2a: Sableye|Sableye, M|8/100
|-damage|p2a: Sableye|0 fnt|[from] Stealth Rock
|faint|p2a: Sableye
|move|p1a: Starmie|Rapid Spin|p2: Sableye|[notarget]
|-fail|p1a: Starmie
|
|-weather|RainDance|[upkeep]
|-damage|p1a: Starmie|27/100 psn|[from] psn
|upkeep
|
|t:|1734302648
|switch|p2a: Latias|Latias, F|100/100
|-damage|p2a: Latias|88/100|[from] Stealth Rock
|turn|13
|
|t:|1734302661
|move|p1a: Starmie|Rapid Spin|p2a: Latias
|-damage|p2a: Latias|85/100
|-sideend|p1: HydreigonSpammer|Toxic Spikes|[from] move: Rapid Spin|[of] p1a: Starmie
|-sideend|p1: HydreigonSpammer|Stealth Rock|[from] move: Rapid Spin|[of] p1a: Starmie
|move|p2a: Latias|Dragon Pulse|p1a: Starmie
|-damage|p1a: Starmie|0 fnt
|faint|p1a: Starmie
|
|-weather|RainDance|[upkeep]
|-heal|p2a: Latias|91/100|[from] item: Leftovers
|upkeep
|
|t:|1734302674
|switch|p1a: Scizor|Scizor, F|100/100
|turn|14
|
|t:|1734302690
|switch|p2a: Politoed|Politoed, M|75/100
|-damage|p2a: Politoed|63/100|[from] Stealth Rock
|move|p1a: Scizor|U-turn|p2a: Politoed
|-crit|p2a: Politoed
|-damage|p2a: Politoed|0 fnt
|faint|p2a: Politoed
|-damage|p1a: Scizor|91/100|[from] item: Life Orb
|
|t:|1734302695
|switch|p1a: Weavile|Weavile, M|100/100|[from] U-turn
|-ability|p1a: Weavile|Pressure
|
|-weather|RainDance|[upkeep]
|upkeep
|
|t:|1734302700
|switch|p2a: Moltres|Moltres|100/100
|-damage|p2a: Moltres|51/100|[from] Stealth Rock
|-ability|p2a: Moltres|Pressure
|turn|15
|
|t:|1734302713
|move|p1a: Weavile|Night Slash|p2a: Moltres
|-damage|p2a: Moltres|16/100
|-damage|p1a: Weavile|91/100|[from] item: Life Orb
|move|p2a: Moltres|Hurricane|p1a: Weavile
|-crit|p1a: Weavile
|-damage|p1a: Weavile|0 fnt
|faint|p1a: Weavile
|
|-weather|RainDance|[upkeep]
|-heal|p2a: Moltres|22/100|[from] item: Leftovers
|upkeep
|
|t:|1734302731
|switch|p1a: Heatran|Heatran, F|88/100
|turn|16
|
|t:|1734302739
|move|p2a: Moltres|Hurricane|p1a: Heatran
|-resisted|p1a: Heatran
|-damage|p1a: Heatran|72/100
|move|p1a: Heatran|Toxic|p2a: Moltres
|-status|p2a: Moltres|tox
|
|-weather|RainDance|[upkeep]
|-heal|p2a: Moltres|28/100 tox|[from] item: Leftovers
|-heal|p1a: Heatran|78/100|[from] item: Leftovers
|-damage|p2a: Moltres|22/100 tox|[from] psn
|upkeep
|turn|17
|
|t:|1734302744
|move|p2a: Moltres|Hurricane|p1a: Heatran
|-resisted|p1a: Heatran
|-damage|p1a: Heatran|62/100
|move|p1a: Heatran|Lava Plume|p2a: Moltres
|-resisted|p2a: Moltres
|-damage|p2a: Moltres|14/100 tox
|
|-weather|RainDance|[upkeep]
|-heal|p2a: Moltres|20/100 tox|[from] item: Leftovers
|-heal|p1a: Heatran|68/100|[from] item: Leftovers
|-damage|p2a: Moltres|8/100 tox|[from] psn
|upkeep
|turn|18
|
|t:|1734302747
|move|p1a: Heatran|Protect|p1a: Heatran
|-singleturn|p1a: Heatran|Protect
|move|p2a: Moltres|Hurricane|p1a: Heatran
|-activate|p1a: Heatran|move: Protect
|
|-weather|RainDance|[upkeep]
|-heal|p2a: Moltres|14/100 tox|[from] item: Leftovers
|-heal|p1a: Heatran|74/100|[from] item: Leftovers
|-damage|p2a: Moltres|0 fnt|[from] psn
|faint|p2a: Moltres
|upkeep
|
|t:|1734302750
|switch|p2a: Latias|Latias, F|91/100
|-damage|p2a: Latias|79/100|[from] Stealth Rock
|turn|19
|
|t:|1734302754
|switch|p1a: Scizor|Scizor, F|91/100
|move|p2a: Latias|Calm Mind|p2a: Latias
|-boost|p2a: Latias|spa|1
|-boost|p2a: Latias|spd|1
|
|-weather|RainDance|[upkeep]
|-heal|p2a: Latias|85/100|[from] item: Leftovers
|upkeep
|turn|20
|
|t:|1734302758
|move|p2a: Latias|Dragon Pulse|p1a: Scizor
|-resisted|p1a: Scizor
|-damage|p1a: Scizor|63/100
|move|p1a: Scizor|U-turn|p2a: Latias
|-supereffective|p2a: Latias
|-damage|p2a: Latias|0 fnt
|faint|p2a: Latias
|-damage|p1a: Scizor|53/100|[from] item: Life Orb
|
|win|HydreigonSpammer
|raw|HydreigonSpammer's rating: 1296 &rarr; <strong>1324</strong><br />(+28 for winning)
|raw|authentise_is_shit's rating: 1337 &rarr; <strong>1315</strong><br />(-22 for losing)
