|j|☆Bonginator
|j|☆Colress theme
|player|p1|Bonginator|1|1488
|player|p2|Colress theme|colress|1307
|teamsize|p1|6
|teamsize|p2|6
|gametype|singles
|gen|5
|tier|[Gen 5] OU
|rated|
|clearpoke
|poke|p1|Keldeo|item
|poke|p1|Tyranitar, F|item
|poke|p1|Kyurem-Black|item
|poke|p1|Ferrothorn, F|item
|poke|p1|Landorus-Therian, M|item
|poke|p1|Starmie|item
|poke|p2|Keldeo-Resolute|item
|poke|p2|Politoed, M|item
|poke|p2|Tornadus, M|item
|poke|p2|Ferrothorn, F|item
|poke|p2|Starmie|item
|poke|p2|Thundurus-Therian, M|item
|rule|Species Clause: Limit one of each Pokémon
|rule|OHKO Clause: OHKO moves are banned
|rule|Moody Clause: Moody is banned
|rule|Evasion Moves Clause: Evasion moves are banned
|rule|Endless Battle Clause: Forcing endless battles is banned
|rule|HP Percentage Mod: HP is shown in percentages
|rule|Evasion Abilities Clause: Evasion abilities are banned
|rule|Baton Pass Clause: Limit one Baton Passer, can't pass Spe and other stats simultaneously
|rule|Sleep Clause: Sleep-inducing moves are banned
|rule|Swagger Clause: Swagger is banned
|teampreview
|inactive|Battle timer is ON: inactive players will automatically lose when time's up. (requested by Bonginator)
|
|start
|switch|p1a: Kyurem|Kyurem-Black|100/100
|switch|p2a: Ferrothorn|Ferrothorn, F|100/100
|-ability|p1a: Kyurem|Teravolt
|turn|1
|
|switch|p1a: Ferrothorn|Ferrothorn, F|100/100
|move|p2a: Ferrothorn|Thunder Wave|p1a: Ferrothorn
|-status|p1a: Ferrothorn|par
|
|upkeep
|turn|2
|
|move|p2a: Ferrothorn|Stealth Rock|p1a: Ferrothorn
|-sidestart|p1: Bonginator|move: Stealth Rock
|move|p1a: Ferrothorn|Knock Off|p2a: Ferrothorn
|-resisted|p2a: Ferrothorn
|-damage|p2a: Ferrothorn|99/100
|-damage|p1a: Ferrothorn|88/100 par|[from] ability: Iron Barbs|[of] p2a: Ferrothorn
|-damage|p1a: Ferrothorn|72/100 par|[from] item: Rocky Helmet|[of] p2a: Ferrothorn
|-enditem|p2a: Ferrothorn|Rocky Helmet|[from] move: Knock Off|[of] p1a: Ferrothorn
|
|upkeep
|turn|3
|
|switch|p2a: Politoed|Politoed, M|100/100
|-weather|RainDance|[from] ability: Drizzle|[of] p2a: Politoed
|move|p1a: Ferrothorn|Thunder Wave|p2a: Politoed
|-status|p2a: Politoed|par
|
|-weather|RainDance|[upkeep]
|upkeep
|turn|4
|
|switch|p2a: Tornadus|Tornadus, M, shiny|100/100
|move|p1a: Ferrothorn|Stealth Rock|p2a: Tornadus
|-sidestart|p2: Colress theme|move: Stealth Rock
|
|-weather|RainDance|[upkeep]
|upkeep
|turn|5
|
|move|p2a: Tornadus|Hurricane|p1a: Ferrothorn
|-damage|p1a: Ferrothorn|15/100 par
|-damage|p2a: Tornadus|91/100|[from] item: Life Orb
|move|p1a: Ferrothorn|Thunder Wave|p2a: Tornadus
|-status|p2a: Tornadus|par
|
|-weather|RainDance|[upkeep]
|upkeep
|turn|6
|
|switch|p1a: Tyranitar|Tyranitar, F|100/100
|-damage|p1a: Tyranitar|88/100|[from] Stealth Rock
|-weather|Sandstorm|[from] ability: Sand Stream|[of] p1a: Tyranitar
|move|p2a: Tornadus|Hurricane|p1a: Tyranitar
|-resisted|p1a: Tyranitar
|-damage|p1a: Tyranitar|62/100
|-start|p1a: Tyranitar|confusion
|-damage|p2a: Tornadus|81/100 par|[from] item: Life Orb
|
|-weather|Sandstorm|[upkeep]
|-damage|p2a: Tornadus|75/100 par|[from] Sandstorm
|upkeep
|turn|7
|
|switch|p1a: Ferrothorn|Ferrothorn, F|15/100 par
|-damage|p1a: Ferrothorn|8/100 par|[from] Stealth Rock
|move|p2a: Tornadus|Superpower|p1a: Ferrothorn
|-supereffective|p1a: Ferrothorn
|-damage|p1a: Ferrothorn|0 fnt
|-unboost|p2a: Tornadus|atk|1
|-unboost|p2a: Tornadus|def|1
|-damage|p2a: Tornadus|63/100 par|[from] ability: Iron Barbs|[of] p1a: Ferrothorn
|-damage|p2a: Tornadus|53/100 par|[from] item: Life Orb
|faint|p1a: Ferrothorn
|
|-weather|Sandstorm|[upkeep]
|-damage|p2a: Tornadus|47/100 par|[from] Sandstorm
|upkeep
|
|switch|p1a: Tyranitar|Tyranitar, F|62/100
|-damage|p1a: Tyranitar|49/100|[from] Stealth Rock
|turn|8
|
|move|p1a: Tyranitar|Pursuit|p2a: Tornadus
|-damage|p2a: Tornadus|0 fnt
|faint|p2a: Tornadus
|
|-weather|Sandstorm|[upkeep]
|upkeep
|
|switch|p2a: Keldeo|Keldeo-Resolute|100/100
|-damage|p2a: Keldeo|94/100|[from] Stealth Rock
|turn|9
|
|switch|p1a: Starmie|Starmie|100/100
|-damage|p1a: Starmie|88/100|[from] Stealth Rock
|move|p2a: Keldeo|Scald|p1a: Starmie
|-resisted|p1a: Starmie
|-damage|p1a: Starmie|49/100
|
|-weather|Sandstorm|[upkeep]
|-damage|p1a: Starmie|43/100|[from] Sandstorm
|-damage|p2a: Keldeo|88/100|[from] Sandstorm
|-heal|p1a: Starmie|49/100|[from] item: Leftovers
|upkeep
|turn|10
|
|switch|p2a: Ferrothorn|Ferrothorn, F|99/100
|-damage|p2a: Ferrothorn|93/100|[from] Stealth Rock
|move|p1a: Starmie|Recover|p1a: Starmie
|-heal|p1a: Starmie|99/100
|
|-weather|Sandstorm|[upkeep]
|-damage|p1a: Starmie|93/100|[from] Sandstorm
|-heal|p1a: Starmie|99/100|[from] item: Leftovers
|upkeep
|turn|11
|
|move|p1a: Starmie|Scald|p2a: Ferrothorn
|-resisted|p2a: Ferrothorn
|-damage|p2a: Ferrothorn|82/100
|move|p2a: Ferrothorn|Thunder Wave|p1a: Starmie
|-status|p1a: Starmie|par
|
|-weather|Sandstorm|[upkeep]
|-damage|p1a: Starmie|93/100 par|[from] Sandstorm
|-heal|p1a: Starmie|99/100 par|[from] item: Leftovers
|upkeep
|turn|12
|
|switch|p1a: Landorus|Landorus-Therian, M|100/100
|-damage|p1a: Landorus|88/100|[from] Stealth Rock
|-ability|p1a: Landorus|Intimidate|boost
|-unboost|p2a: Ferrothorn|atk|1
|move|p2a: Ferrothorn|Leech Seed|p1a: Landorus
|-start|p1a: Landorus|move: Leech Seed
|
|-weather|Sandstorm|[upkeep]
|-damage|p1a: Landorus|76/100|[from] Leech Seed|[of] p2a: Ferrothorn
|-heal|p2a: Ferrothorn|94/100|[silent]
|upkeep
|turn|13
|
|move|p1a: Landorus|Superpower|p2a: Ferrothorn
|-supereffective|p2a: Ferrothorn
|-damage|p2a: Ferrothorn|39/100
|-unboost|p1a: Landorus|atk|1
|-unboost|p1a: Landorus|def|1
|-damage|p1a: Landorus|64/100|[from] ability: Iron Barbs|[of] p2a: Ferrothorn
|move|p2a: Ferrothorn|Power Whip|p1a: Landorus
|-damage|p1a: Landorus|25/100
|
|-weather|Sandstorm|[upkeep]
|-damage|p1a: Landorus|13/100|[from] Leech Seed|[of] p2a: Ferrothorn
|-heal|p2a: Ferrothorn|51/100|[silent]
|upkeep
|turn|14
|inactive|Colress theme has 120 seconds left.
|
|switch|p2a: Thundurus|Thundurus-Therian, M|100/100
|-damage|p2a: Thundurus|76/100|[from] Stealth Rock
|move|p1a: Landorus|Superpower|p2a: Thundurus
|-resisted|p2a: Thundurus
|-damage|p2a: Thundurus|52/100
|-unboost|p1a: Landorus|atk|1
|-unboost|p1a: Landorus|def|1
|
|-weather|Sandstorm|[upkeep]
|-damage|p2a: Thundurus|46/100|[from] Sandstorm
|-damage|p1a: Landorus|0 fnt|[from] Leech Seed|[of] p2a: Thundurus
|-heal|p2a: Thundurus|61/100|[silent]
|faint|p1a: Landorus
|upkeep
|
|switch|p1a: Tyranitar|Tyranitar, F|49/100
|-damage|p1a: Tyranitar|37/100|[from] Stealth Rock
|turn|15
|
|move|p2a: Thundurus|Volt Switch|p1a: Tyranitar
|-damage|p1a: Tyranitar|7/100
|
|switch|p2a: Ferrothorn|Ferrothorn, F|51/100|[from]move: Volt Switch
|-damage|p2a: Ferrothorn|45/100|[from] Stealth Rock
|move|p1a: Tyranitar|Crunch|p2a: Ferrothorn
|-resisted|p2a: Ferrothorn
|-damage|p2a: Ferrothorn|32/100
|-unboost|p2a: Ferrothorn|def|1
|-damage|p1a: Tyranitar|0 fnt|[from] ability: Iron Barbs|[of] p2a: Ferrothorn
|faint|p1a: Tyranitar
|
|-weather|Sandstorm|[upkeep]
|upkeep
|
|switch|p1a: Keldeo|Keldeo|100/100
|-damage|p1a: Keldeo|94/100|[from] Stealth Rock
|turn|16
|
|move|p1a: Keldeo|Secret Sword|p2a: Ferrothorn
|-supereffective|p2a: Ferrothorn
|-damage|p2a: Ferrothorn|0 fnt
|faint|p2a: Ferrothorn
|
|-weather|Sandstorm|[upkeep]
|-damage|p1a: Keldeo|88/100|[from] Sandstorm
|upkeep
|
|switch|p2a: Starmie|Starmie|100/100
|-damage|p2a: Starmie|88/100|[from] Stealth Rock
|turn|17
|
|switch|p1a: Starmie|Starmie|99/100
|-damage|p1a: Starmie|87/100|[from] Stealth Rock
|move|p2a: Starmie|Rapid Spin|p1a: Starmie
|-damage|p1a: Starmie|82/100
|-sideend|p2: Colress theme|Stealth Rock|[from] move: Rapid Spin|[of] p2a: Starmie
|-damage|p2a: Starmie|78/100|[from] item: Life Orb
|
|-weather|Sandstorm|[upkeep]
|-damage|p2a: Starmie|72/100|[from] Sandstorm
|-damage|p1a: Starmie|75/100|[from] Sandstorm
|-heal|p1a: Starmie|82/100|[from] item: Leftovers
|upkeep
|turn|18
|
|switch|p2a: Politoed|Politoed, M|100/100 par
|-weather|RainDance|[from] ability: Drizzle|[of] p2a: Politoed
|switch|p1a: Kyurem|Kyurem-Black|100/100
|-damage|p1a: Kyurem|76/100|[from] Stealth Rock
|-ability|p1a: Kyurem|Teravolt
|
|-weather|RainDance|[upkeep]
|upkeep
|turn|19
|
|move|p1a: Kyurem|Fusion Bolt|p2a: Politoed
|-supereffective|p2a: Politoed
|-damage|p2a: Politoed|0 fnt
|faint|p2a: Politoed
|
|-weather|RainDance|[upkeep]
|upkeep
|
|switch|p2a: Thundurus|Thundurus-Therian, M|61/100
|turn|20
|
|move|p2a: Thundurus|Volt Switch|p1a: Kyurem
|-resisted|p1a: Kyurem
|-damage|p1a: Kyurem|55/100
|
|switch|p2a: Keldeo|Keldeo-Resolute|88/100|[from]move: Volt Switch
|move|p1a: Kyurem|Fusion Bolt|p2a: Keldeo
|-supereffective|p2a: Keldeo
|-damage|p2a: Keldeo|0 fnt
|faint|p2a: Keldeo
|
|-weather|RainDance|[upkeep]
|upkeep
|
|switch|p2a: Thundurus|Thundurus-Therian, M|61/100
|turn|21
|
|switch|p1a: Starmie|Starmie|82/100
|-damage|p1a: Starmie|69/100|[from] Stealth Rock
|move|p2a: Thundurus|Thunder|p1a: Starmie
|-supereffective|p1a: Starmie
|-damage|p1a: Starmie|0 fnt
|faint|p1a: Starmie
|
|-weather|RainDance|[upkeep]
|upkeep
|
|switch|p1a: Kyurem|Kyurem-Black|55/100
|-damage|p1a: Kyurem|30/100|[from] Stealth Rock
|-ability|p1a: Kyurem|Teravolt
|turn|22
|
|move|p2a: Thundurus|Thunder|p1a: Kyurem
|-resisted|p1a: Kyurem
|-damage|p1a: Kyurem|0 fnt
|faint|p1a: Kyurem
|
|-weather|RainDance|[upkeep]
|upkeep
|c|☆Bonginator|Man you don’t think
|
|switch|p1a: Keldeo|Keldeo|88/100
|-damage|p1a: Keldeo|82/100|[from] Stealth Rock
|turn|23
|
|move|p2a: Thundurus|Thunder|p1a: Keldeo
|-supereffective|p1a: Keldeo
|-damage|p1a: Keldeo|0 fnt
|faint|p1a: Keldeo
|
|win|Colress theme
|c|☆Bonginator|So trash
|c|☆Colress theme|dadada
|raw|Bonginator's rating: 1456 &rarr; <strong>1428</strong><br />(-28 for losing)
|raw|Colress theme's rating: 1307 &rarr; <strong>1335</strong><br />(+28 for winning)
|c|☆Bonginator|68 gxe
|l|☆Bonginator
