|j|☆edfdsfdf
|j|☆MCDTeach
|player|p1|edfdsfdf|1
|player|p2|MCDTeach|167
|teamsize|p1|6
|teamsize|p2|6
|gametype|singles
|gen|5
|tier|[Gen 5] OU
|rated|
|rule|Sleep Clause Mod: Limit one foe put to sleep
|rule|Species Clause: Limit one of each Pokémon
|rule|OHKO Clause: OHKO moves are banned
|rule|Moody Clause: Moody is banned
|rule|Evasion Moves Clause: Evasion moves are banned
|rule|Endless Battle Clause: Forcing endless battles is banned
|rule|HP Percentage Mod: HP is shown in percentages
|rule|Evasion Abilities Clause: Evasion abilities are banned
|rule|Baton Pass Clause: Limit one Baton Passer, can't pass Spe and other stats simultaneously
|rule|Swagger Clause: Swagger is banned
|clearpoke
|poke|p1|Politoed, M|item
|poke|p1|Latios, M|item
|poke|p1|Excadrill, M|item
|poke|p1|Ferrothorn, M|item
|poke|p1|Hydreigon, F|item
|poke|p1|Keldeo|item
|poke|p2|Politoed, F|item
|poke|p2|Scizor, F|item
|poke|p2|Tentacruel, M|item
|poke|p2|Landorus-Therian, M|item
|poke|p2|Kyurem|item
|poke|p2|Mew|item
|teampreview
|inactive|Battle timer is ON: inactive players will automatically lose when time's up. (requested by edfdsfdf)
|
|start
|switch|p1a: Keldeo|Keldeo|100/100
|switch|p2a: YOUNG BLOOD|Mew|100/100
|turn|1
|j| doudrasand
|inactive|edfdsfdf has 135 seconds left.
|inactive|edfdsfdf has 120 seconds left.
|
|switch|p2a: CLARITY|Tentacruel, M|100/100
|move|p1a: Keldeo|Hydro Pump|p2a: CLARITY
|-resisted|p2a: CLARITY
|-damage|p2a: CLARITY|66/100
|
|-heal|p2a: CLARITY|72/100|[from] item: Black Sludge
|upkeep
|turn|2
|
|switch|p1a: Ferrothorn|Ferrothorn, M|100/100
|move|p2a: CLARITY|Scald|p1a: Ferrothorn
|-resisted|p1a: Ferrothorn
|-damage|p1a: Ferrothorn|93/100
|-status|p1a: Ferrothorn|brn
|
|-heal|p2a: CLARITY|78/100|[from] item: Black Sludge
|-heal|p1a: Ferrothorn|99/100 brn|[from] item: Leftovers
|-damage|p1a: Ferrothorn|87/100 brn|[from] brn
|upkeep
|turn|3
|j| Chad M D
|j| colbur lati
|
|move|p2a: CLARITY|Substitute|p2a: CLARITY
|-start|p2a: CLARITY|Substitute
|-damage|p2a: CLARITY|53/100
|move|p1a: Ferrothorn|Stealth Rock|p2a: CLARITY
|-sidestart|p2: MCDTeach|move: Stealth Rock
|
|-heal|p2a: CLARITY|59/100|[from] item: Black Sludge
|-heal|p1a: Ferrothorn|93/100 brn|[from] item: Leftovers
|-damage|p1a: Ferrothorn|81/100 brn|[from] brn
|upkeep
|turn|4
|
|move|p2a: CLARITY|Scald|p1a: Ferrothorn
|-resisted|p1a: Ferrothorn
|-damage|p1a: Ferrothorn|73/100 brn
|move|p1a: Ferrothorn|Power Whip|p2a: CLARITY
|-activate|p2a: CLARITY|Substitute|[damage]
|
|-heal|p2a: CLARITY|66/100|[from] item: Black Sludge
|-heal|p1a: Ferrothorn|79/100 brn|[from] item: Leftovers
|-damage|p1a: Ferrothorn|67/100 brn|[from] brn
|upkeep
|turn|5
|
|move|p2a: CLARITY|Scald|p1a: Ferrothorn
|-resisted|p1a: Ferrothorn
|-damage|p1a: Ferrothorn|60/100 brn
|move|p1a: Ferrothorn|Power Whip|p2a: CLARITY
|-end|p2a: CLARITY|Substitute
|
|-heal|p2a: CLARITY|72/100|[from] item: Black Sludge
|-heal|p1a: Ferrothorn|66/100 brn|[from] item: Leftovers
|-damage|p1a: Ferrothorn|54/100 brn|[from] brn
|upkeep
|turn|6
|l| Chad M D
|
|switch|p1a: Hydreigon|Hydreigon, F|100/100
|move|p2a: CLARITY|Rapid Spin|p1a: Hydreigon
|-damage|p1a: Hydreigon|97/100
|-sideend|p2: MCDTeach|Stealth Rock|[from] move: Rapid Spin|[of] p2a: CLARITY
|
|-heal|p2a: CLARITY|78/100|[from] item: Black Sludge
|upkeep
|turn|7
|
|switch|p1a: Politoed|Politoed, M|100/100
|-weather|RainDance|[from] ability: Drizzle|[of] p1a: Politoed
|switch|p2a: UPRISING|Scizor, F|100/100
|
|-weather|RainDance|[upkeep]
|upkeep
|turn|8
|inactive|MCDTeach has 135 seconds left.
|
|switch|p2a: FROM FINNER|Kyurem|100/100
|-ability|p2a: FROM FINNER|Pressure
|move|p1a: Politoed|Hydro Pump|p2a: FROM FINNER
|-resisted|p2a: FROM FINNER
|-damage|p2a: FROM FINNER|49/100
|
|-weather|RainDance|[upkeep]
|-heal|p2a: FROM FINNER|55/100|[from] item: Leftovers
|upkeep
|turn|9
|
|move|p2a: FROM FINNER|Roost|p2a: FROM FINNER
|-heal|p2a: FROM FINNER|100/100
|move|p1a: Politoed|Hydro Pump|p2a: FROM FINNER
|-resisted|p2a: FROM FINNER
|-damage|p2a: FROM FINNER|49/100
|
|-weather|RainDance|[upkeep]
|-heal|p2a: FROM FINNER|56/100|[from] item: Leftovers
|upkeep
|turn|10
|
|switch|p1a: Keldeo|Keldeo|100/100
|move|p2a: FROM FINNER|Roost|p2a: FROM FINNER
|-heal|p2a: FROM FINNER|100/100
|
|-weather|RainDance|[upkeep]
|upkeep
|turn|11
|
|switch|p2a: YOUNG BLOOD|Mew|100/100
|move|p1a: Keldeo|Hydro Pump|p2a: YOUNG BLOOD
|-damage|p2a: YOUNG BLOOD|0 fnt
|faint|p2a: YOUNG BLOOD
|
|-weather|RainDance|[upkeep]
|upkeep
|
|switch|p2a: CLARITY|Tentacruel, M|78/100
|turn|12
|
|move|p1a: Keldeo|Hydro Pump|p2a: CLARITY
|-resisted|p2a: CLARITY
|-damage|p2a: CLARITY|20/100
|move|p2a: CLARITY|Toxic|p1a: Keldeo
|-status|p1a: Keldeo|tox
|
|-weather|RainDance|[upkeep]
|-heal|p2a: CLARITY|26/100|[from] ability: Rain Dish
|-heal|p2a: CLARITY|32/100|[from] item: Black Sludge
|-damage|p1a: Keldeo|94/100 tox|[from] psn
|upkeep
|turn|13
|inactive|MCDTeach has 135 seconds left.
|
|move|p1a: Keldeo|Hydro Pump|p2a: CLARITY
|-resisted|p2a: CLARITY
|-damage|p2a: CLARITY|0 fnt
|faint|p2a: CLARITY
|
|-weather|RainDance|[upkeep]
|-damage|p1a: Keldeo|82/100 tox|[from] psn
|upkeep
|
|switch|p2a: AMERICAN IDIOT|Politoed, F|100/100
|turn|14
|
|switch|p1a: Ferrothorn|Ferrothorn, M|54/100 brn
|move|p2a: AMERICAN IDIOT|Hydro Pump|p1a: Ferrothorn
|-resisted|p1a: Ferrothorn
|-crit|p1a: Ferrothorn
|-damage|p1a: Ferrothorn|7/100 brn
|
|-weather|RainDance|[upkeep]
|-heal|p1a: Ferrothorn|14/100 brn|[from] item: Leftovers
|-damage|p1a: Ferrothorn|1/100 brn|[from] brn
|upkeep
|turn|15
|
|move|p2a: AMERICAN IDIOT|Hydro Pump|p1a: Ferrothorn
|-resisted|p1a: Ferrothorn
|-damage|p1a: Ferrothorn|0 fnt
|faint|p1a: Ferrothorn
|
|-weather|RainDance|[upkeep]
|upkeep
|
|switch|p1a: Politoed|Politoed, M|100/100
|turn|16
|
|move|p2a: AMERICAN IDIOT|Hydro Pump|p1a: Politoed|[miss]
|-miss|p2a: AMERICAN IDIOT|p1a: Politoed
|move|p1a: Politoed|Focus Blast|p2a: AMERICAN IDIOT
|-damage|p2a: AMERICAN IDIOT|40/100
|
|-weather|RainDance|[upkeep]
|upkeep
|turn|17
|
|switch|p2a: MIDNIGHT CITY|Landorus-Therian, M|100/100
|-ability|p2a: MIDNIGHT CITY|Intimidate|boost
|-unboost|p1a: Politoed|atk|1
|switch|p1a: Latios|Latios, M|100/100
|
|-weather|RainDance|[upkeep]
|upkeep
|turn|18
|
|switch|p2a: FROM FINNER|Kyurem|100/100
|-ability|p2a: FROM FINNER|Pressure
|move|p1a: Latios|Surf|p2a: FROM FINNER
|-resisted|p2a: FROM FINNER
|-damage|p2a: FROM FINNER|76/100
|
|-weather|RainDance|[upkeep]
|-heal|p2a: FROM FINNER|82/100|[from] item: Leftovers
|upkeep
|turn|19
|
|switch|p1a: Excadrill|Excadrill, M|100/100
|-item|p1a: Excadrill|Air Balloon
|switch|p2a: UPRISING|Scizor, F|100/100
|
|-weather|RainDance|[upkeep]
|upkeep
|turn|20
|
|move|p1a: Excadrill|Earthquake|p2a: UPRISING
|-damage|p2a: UPRISING|39/100
|move|p2a: UPRISING|Swords Dance|p2a: UPRISING
|-boost|p2a: UPRISING|atk|2
|
|-weather|RainDance|[upkeep]
|-heal|p2a: UPRISING|45/100|[from] item: Leftovers
|upkeep
|turn|21
|
|switch|p2a: MIDNIGHT CITY|Landorus-Therian, M|100/100
|-ability|p2a: MIDNIGHT CITY|Intimidate|boost
|-unboost|p1a: Excadrill|atk|1
|move|p1a: Excadrill|Earthquake|p2a: MIDNIGHT CITY
|-immune|p2a: MIDNIGHT CITY|[msg]
|
|-weather|RainDance|[upkeep]
|upkeep
|turn|22
|
|switch|p1a: Latios|Latios, M|100/100
|move|p2a: MIDNIGHT CITY|Stealth Rock|p1a: Latios
|-sidestart|p1: edfdsfdf|move: Stealth Rock
|
|-weather|RainDance|[upkeep]
|upkeep
|turn|23
|
|move|p1a: Latios|Draco Meteor|p2a: MIDNIGHT CITY
|-damage|p2a: MIDNIGHT CITY|22/100
|-unboost|p1a: Latios|spa|2
|move|p2a: MIDNIGHT CITY|U-turn|p1a: Latios
|-supereffective|p1a: Latios
|-damage|p1a: Latios|37/100
|
|switch|p2a: UPRISING|Scizor, F|45/100
|
|-weather|RainDance|[upkeep]
|-heal|p2a: UPRISING|51/100|[from] item: Leftovers
|upkeep
|turn|24
|
|switch|p1a: Excadrill|Excadrill, M|100/100
|-damage|p1a: Excadrill|98/100|[from] Stealth Rock
|-item|p1a: Excadrill|Air Balloon
|move|p2a: UPRISING|Bug Bite|p1a: Excadrill
|-resisted|p1a: Excadrill
|-damage|p1a: Excadrill|71/100
|-enditem|p1a: Excadrill|Air Balloon
|
|-weather|RainDance|[upkeep]
|-heal|p2a: UPRISING|57/100|[from] item: Leftovers
|upkeep
|turn|25
|
|switch|p2a: MIDNIGHT CITY|Landorus-Therian, M|22/100
|-ability|p2a: MIDNIGHT CITY|Intimidate|boost
|-unboost|p1a: Excadrill|atk|1
|move|p1a: Excadrill|Rapid Spin|p2a: MIDNIGHT CITY
|-damage|p2a: MIDNIGHT CITY|18/100
|-sideend|p1: edfdsfdf|Stealth Rock|[from] move: Rapid Spin|[of] p1a: Excadrill
|
|-weather|RainDance|[upkeep]
|-heal|p2a: MIDNIGHT CITY|24/100|[from] item: Leftovers
|upkeep
|turn|26
|
|switch|p2a: UPRISING|Scizor, F|57/100
|move|p1a: Excadrill|Iron Head|p2a: UPRISING
|-resisted|p2a: UPRISING
|-damage|p2a: UPRISING|41/100
|
|-weather|RainDance|[upkeep]
|-heal|p2a: UPRISING|47/100|[from] item: Leftovers
|upkeep
|turn|27
|
|move|p1a: Excadrill|Swords Dance|p1a: Excadrill
|-boost|p1a: Excadrill|atk|2
|move|p2a: UPRISING|Roost|p2a: UPRISING
|-heal|p2a: UPRISING|97/100
|
|-weather|RainDance|[upkeep]
|-heal|p2a: UPRISING|100/100|[from] item: Leftovers
|upkeep
|turn|28
|
|switch|p2a: MIDNIGHT CITY|Landorus-Therian, M|24/100
|-ability|p2a: MIDNIGHT CITY|Intimidate|boost
|-unboost|p1a: Excadrill|atk|1
|move|p1a: Excadrill|Swords Dance|p1a: Excadrill
|-boost|p1a: Excadrill|atk|2
|
|-weather|RainDance|[upkeep]
|-heal|p2a: MIDNIGHT CITY|30/100|[from] item: Leftovers
|upkeep
|turn|29
|
|move|p1a: Excadrill|Iron Head|p2a: MIDNIGHT CITY
|-damage|p2a: MIDNIGHT CITY|0 fnt
|faint|p2a: MIDNIGHT CITY
|
|-weather|RainDance|[upkeep]
|upkeep
|
|switch|p2a: AMERICAN IDIOT|Politoed, F|40/100
|turn|30
|
|switch|p1a: Politoed|Politoed, M|100/100
|move|p2a: AMERICAN IDIOT|Scald|p1a: Politoed
|-resisted|p1a: Politoed
|-damage|p1a: Politoed|80/100
|
|-weather|RainDance|[upkeep]
|upkeep
|turn|31
|
|move|p2a: AMERICAN IDIOT|Scald|p1a: Politoed
|-resisted|p1a: Politoed
|-damage|p1a: Politoed|58/100
|-status|p1a: Politoed|brn
|move|p1a: Politoed|Focus Blast|p2a: AMERICAN IDIOT
|-damage|p2a: AMERICAN IDIOT|0 fnt
|faint|p2a: AMERICAN IDIOT
|
|-weather|RainDance|[upkeep]
|-damage|p1a: Politoed|46/100 brn|[from] brn
|upkeep
|
|switch|p2a: UPRISING|Scizor, F|100/100
|turn|32
|
|move|p1a: Politoed|Focus Blast|p2a: UPRISING
|-damage|p2a: UPRISING|57/100
|move|p2a: UPRISING|Swords Dance|p2a: UPRISING
|-boost|p2a: UPRISING|atk|2
|
|-weather|RainDance|[upkeep]
|-heal|p2a: UPRISING|63/100|[from] item: Leftovers
|-damage|p1a: Politoed|33/100 brn|[from] brn
|upkeep
|turn|33
|inactive|MCDTeach has 135 seconds left.
|inactive|edfdsfdf has 135 seconds left.
|inactive|MCDTeach has 120 seconds left.
|inactive|MCDTeach has 105 seconds left.
|
|switch|p1a: Excadrill|Excadrill, M|71/100
|move|p2a: UPRISING|Bug Bite|p1a: Excadrill
|-resisted|p1a: Excadrill
|-damage|p1a: Excadrill|22/100
|
|-weather|RainDance|[upkeep]
|-heal|p2a: UPRISING|69/100|[from] item: Leftovers
|upkeep
|turn|34
|inactive|MCDTeach has 135 seconds left.
|
|move|p1a: Excadrill|Earthquake|p2a: UPRISING
|-damage|p2a: UPRISING|16/100
|move|p2a: UPRISING|Swords Dance|p2a: UPRISING
|-boost|p2a: UPRISING|atk|2
|
|-weather|RainDance|[upkeep]
|-heal|p2a: UPRISING|22/100|[from] item: Leftovers
|upkeep
|turn|35
|
|move|p2a: UPRISING|Bullet Punch|p1a: Excadrill
|-resisted|p1a: Excadrill
|-damage|p1a: Excadrill|0 fnt
|faint|p1a: Excadrill
|
|-weather|RainDance|[upkeep]
|-heal|p2a: UPRISING|28/100|[from] item: Leftovers
|upkeep
|
|switch|p1a: Keldeo|Keldeo|82/100 tox
|turn|36
|
|move|p2a: UPRISING|Bullet Punch|p1a: Keldeo
|-resisted|p1a: Keldeo
|-damage|p1a: Keldeo|35/100 tox
|move|p1a: Keldeo|Secret Sword|p2a: UPRISING
|-damage|p2a: UPRISING|0 fnt
|faint|p2a: UPRISING
|
|-weather|RainDance|[upkeep]
|-damage|p1a: Keldeo|28/100 tox|[from] psn
|upkeep
|
|switch|p2a: FROM FINNER|Kyurem|82/100
|-ability|p2a: FROM FINNER|Pressure
|turn|37
|
|move|p1a: Keldeo|Secret Sword|p2a: FROM FINNER
|-supereffective|p2a: FROM FINNER
|-damage|p2a: FROM FINNER|0 fnt
|faint|p2a: FROM FINNER
|
|win|edfdsfdf
|raw|edfdsfdf's rating: 1460 &rarr; <strong>1481</strong><br />(+21 for winning)
|raw|MCDTeach's rating: 1481 &rarr; <strong>1460</strong><br />(-21 for losing)
|l|☆edfdsfdf
|l| doudrasand
|l|☆MCDTeach
