|j|☆Rarax
|j|☆HANMA JACK
|t:|1735136566
|gametype|singles
|player|p1|Rarax|caitlin-masters|1506
|player|p2|HANMA JACK|169|1580
|teamsize|p1|6
|teamsize|p2|6
|gen|5
|tier|[Gen 5] OU
|rated|
|rule|Species Clause: Limit one of each Pokémon
|rule|OHKO Clause: OHKO moves are banned
|rule|Moody Clause: Moody is banned
|rule|Evasion Items Clause: Evasion items are banned
|rule|Evasion Moves Clause: Evasion moves are banned
|rule|Endless Battle Clause: Forcing endless battles is banned
|rule|HP Percentage Mod: HP is shown in percentages
|rule|Evasion Abilities Clause: Evasion abilities are banned
|rule|Sleep Moves Clause: Sleep-inducing moves are banned
|rule|Swagger Clause: Swagger is banned
|rule|Baton Pass Stat Clause: No Baton Passer may have a way to boost its stats
|clearpoke
|poke|p1|Politoed, F|item
|poke|p1|Kyurem-Black|item
|poke|p1|Starmie|item
|poke|p1|Ferrothorn, M|item
|poke|p1|Garchomp, M|item
|poke|p1|Thundurus-Therian, M|item
|poke|p2|Abomasnow, F|item
|poke|p2|Landorus-Therian, M|item
|poke|p2|Starmie|item
|poke|p2|Mamoswine, F|item
|poke|p2|Scizor, F|item
|poke|p2|Salamence, M|item
|teampreview
|inactive|Battle timer is ON: inactive players will automatically lose when time's up. (requested by Rarax)
|c|☆HANMA JACK|gl hf
|c|☆Rarax|glhf
|
|t:|1735136591
|start
|switch|p1a: Kyurem|Kyurem-Black|100/100
|switch|p2a: Landorus|Landorus-Therian, M|100/100
|-ability|p1a: Kyurem|Teravolt
|-ability|p2a: Landorus|Intimidate|boost
|-unboost|p1a: Kyurem|atk|1
|turn|1
|
|t:|1735136601
|move|p1a: Kyurem|Ice Beam|p2a: Landorus
|-supereffective|p2a: Landorus
|-enditem|p2a: Landorus|Focus Sash
|-damage|p2a: Landorus|1/100
|move|p2a: Landorus|Stealth Rock|p1a: Kyurem
|-sidestart|p1: Rarax|move: Stealth Rock
|
|upkeep
|turn|2
|
|t:|1735136610
|switch|p2a: Abomasnow|Abomasnow, F|100/100
|-weather|Hail|[from] ability: Snow Warning|[of] p2a: Abomasnow
|move|p1a: Kyurem|Ice Beam|p2a: Abomasnow
|-damage|p2a: Abomasnow|57/100
|
|-weather|Hail|[upkeep]
|upkeep
|turn|3
|
|t:|1735136620
|move|p1a: Kyurem|Ice Beam|p2a: Abomasnow
|-damage|p2a: Abomasnow|12/100
|move|p2a: Abomasnow|Focus Blast|p1a: Kyurem
|-supereffective|p1a: Kyurem
|-damage|p1a: Kyurem|30/100
|
|-weather|Hail|[upkeep]
|upkeep
|turn|4
|
|t:|1735136633
|switch|p2a: Scizor|Scizor, F|100/100
|move|p1a: Kyurem|Ice Beam|p2a: Scizor
|-resisted|p2a: Scizor
|-damage|p2a: Scizor|76/100
|
|-weather|Hail|[upkeep]
|-damage|p2a: Scizor|70/100|[from] Hail
|-heal|p2a: Scizor|76/100|[from] item: Leftovers
|upkeep
|turn|5
|
|t:|1735136648
|-activate|p1a: Kyurem|move: Pursuit
|move|p2a: Scizor|Pursuit|p1a: Kyurem|[from]Pursuit
|-crit|p1a: Kyurem
|-damage|p1a: Kyurem|0 fnt
|faint|p1a: Kyurem
|-hint|A Pokemon can't switch between when it runs out of HP and when it faints
|
|-weather|Hail|[upkeep]
|-damage|p2a: Scizor|70/100|[from] Hail
|-heal|p2a: Scizor|76/100|[from] item: Leftovers
|upkeep
|
|t:|1735136652
|switch|p1a: Politoed|Politoed, F|100/100
|-damage|p1a: Politoed|88/100|[from] Stealth Rock
|-weather|RainDance|[from] ability: Drizzle|[of] p1a: Politoed
|turn|6
|
|t:|1735136660
|switch|p2a: Abomasnow|Abomasnow, F|12/100
|-weather|Hail|[from] ability: Snow Warning|[of] p2a: Abomasnow
|move|p1a: Politoed|Scald|p2a: Abomasnow
|-resisted|p2a: Abomasnow
|-damage|p2a: Abomasnow|0 fnt
|faint|p2a: Abomasnow
|
|-weather|Hail|[upkeep]
|-damage|p1a: Politoed|82/100|[from] Hail
|-heal|p1a: Politoed|88/100|[from] item: Leftovers
|upkeep
|
|t:|1735136667
|switch|p2a: Landorus|Landorus-Therian, M|1/100
|-ability|p2a: Landorus|Intimidate|boost
|-unboost|p1a: Politoed|atk|1
|turn|7
|
|t:|1735136673
|move|p1a: Politoed|Protect|p1a: Politoed
|-singleturn|p1a: Politoed|Protect
|move|p2a: Landorus|Earthquake|p1a: Politoed
|-activate|p1a: Politoed|move: Protect
|
|-weather|Hail|[upkeep]
|-damage|p2a: Landorus|0 fnt|[from] Hail
|-damage|p1a: Politoed|82/100|[from] Hail
|faint|p2a: Landorus
|-heal|p1a: Politoed|88/100|[from] item: Leftovers
|upkeep
|
|t:|1735136680
|switch|p2a: Starmie|Starmie|100/100
|-item|p2a: Starmie|Air Balloon
|turn|8
|
|t:|1735136683
|move|p2a: Starmie|Thunder|p1a: Politoed
|-supereffective|p1a: Politoed
|-damage|p1a: Politoed|39/100
|move|p1a: Politoed|Toxic|p2a: Starmie
|-status|p2a: Starmie|tox
|
|-weather|Hail|[upkeep]
|-damage|p2a: Starmie|94/100 tox|[from] Hail
|-damage|p1a: Politoed|33/100|[from] Hail
|-heal|p1a: Politoed|39/100|[from] item: Leftovers
|-damage|p2a: Starmie|88/100 tox|[from] psn
|upkeep
|turn|9
|
|t:|1735136697
|switch|p2a: Scizor|Scizor, F|76/100
|switch|p1a: Ferrothorn|Ferrothorn, M|100/100
|-damage|p1a: Ferrothorn|95/100|[from] Stealth Rock
|
|-weather|Hail|[upkeep]
|-damage|p2a: Scizor|70/100|[from] Hail
|-damage|p1a: Ferrothorn|89/100|[from] Hail
|-heal|p2a: Scizor|76/100|[from] item: Leftovers
|-heal|p1a: Ferrothorn|95/100|[from] item: Leftovers
|upkeep
|turn|10
|
|t:|1735136703
|move|p2a: Scizor|Swords Dance|p2a: Scizor
|-boost|p2a: Scizor|atk|2
|move|p1a: Ferrothorn|Leech Seed|p2a: Scizor
|-start|p2a: Scizor|move: Leech Seed
|
|-weather|Hail|[upkeep]
|-damage|p2a: Scizor|70/100|[from] Hail
|-damage|p1a: Ferrothorn|89/100|[from] Hail
|-heal|p2a: Scizor|76/100|[from] item: Leftovers
|-heal|p1a: Ferrothorn|95/100|[from] item: Leftovers
|-damage|p2a: Scizor|64/100|[from] Leech Seed|[of] p1a: Ferrothorn
|-heal|p1a: Ferrothorn|100/100|[silent]
|upkeep
|turn|11
|
|t:|1735136706
|move|p2a: Scizor|Swords Dance|p2a: Scizor
|-boost|p2a: Scizor|atk|2
|move|p1a: Ferrothorn|Spikes|p2a: Scizor
|-sidestart|p2: HANMA JACK|Spikes
|
|-weather|Hail|[upkeep]
|-damage|p2a: Scizor|58/100|[from] Hail
|-damage|p1a: Ferrothorn|95/100|[from] Hail
|-heal|p2a: Scizor|64/100|[from] item: Leftovers
|-heal|p1a: Ferrothorn|100/100|[from] item: Leftovers
|-damage|p2a: Scizor|51/100|[from] Leech Seed|[of] p1a: Ferrothorn
|upkeep
|turn|12
|
|t:|1735136711
|move|p2a: Scizor|Superpower|p1a: Ferrothorn
|-supereffective|p1a: Ferrothorn
|-damage|p1a: Ferrothorn|0 fnt
|-unboost|p2a: Scizor|atk|1
|-unboost|p2a: Scizor|def|1
|-damage|p2a: Scizor|39/100|[from] ability: Iron Barbs|[of] p1a: Ferrothorn
|faint|p1a: Ferrothorn
|
|-weather|Hail|[upkeep]
|-damage|p2a: Scizor|33/100|[from] Hail
|-heal|p2a: Scizor|39/100|[from] item: Leftovers
|upkeep
|
|t:|1735136716
|switch|p1a: Starmie|Starmie|100/100
|-damage|p1a: Starmie|88/100|[from] Stealth Rock
|-item|p1a: Starmie|Air Balloon
|turn|13
|
|t:|1735136719
|move|p2a: Scizor|Bullet Punch|p1a: Starmie
|-resisted|p1a: Starmie
|-damage|p1a: Starmie|19/100
|-enditem|p1a: Starmie|Air Balloon
|move|p1a: Starmie|Hydro Pump|p2a: Scizor|[miss]
|-miss|p1a: Starmie|p2a: Scizor
|
|-weather|Hail|[upkeep]
|-damage|p1a: Starmie|13/100|[from] Hail
|-damage|p2a: Scizor|33/100|[from] Hail
|-heal|p2a: Scizor|39/100|[from] item: Leftovers
|-damage|p2a: Scizor|26/100|[from] Leech Seed|[of] p1a: Starmie
|-heal|p1a: Starmie|26/100|[silent]
|upkeep
|turn|14
|c|☆HANMA JACK|sorry
|
|t:|1735136726
|move|p2a: Scizor|Bullet Punch|p1a: Starmie
|-resisted|p1a: Starmie
|-damage|p1a: Starmie|0 fnt
|faint|p1a: Starmie
|
|-weather|Hail|[upkeep]
|-damage|p2a: Scizor|20/100|[from] Hail
|-heal|p2a: Scizor|26/100|[from] item: Leftovers
|upkeep
|
|t:|1735136728
|switch|p1a: Thundurus|Thundurus-Therian, M|100/100
|-damage|p1a: Thundurus|76/100|[from] Stealth Rock
|turn|15
|
|t:|1735136739
|move|p2a: Scizor|Bullet Punch|p1a: Thundurus
|-resisted|p1a: Thundurus
|-damage|p1a: Thundurus|25/100
|move|p1a: Thundurus|Hidden Power|p2a: Scizor
|-resisted|p2a: Scizor
|-damage|p2a: Scizor|8/100
|
|-weather|Hail|[upkeep]
|-damage|p1a: Thundurus|19/100|[from] Hail
|-damage|p2a: Scizor|2/100|[from] Hail
|-heal|p1a: Thundurus|25/100|[from] item: Leftovers
|-heal|p2a: Scizor|8/100|[from] item: Leftovers
|-damage|p2a: Scizor|0 fnt|[from] Leech Seed|[of] p1a: Thundurus
|-heal|p1a: Thundurus|32/100|[silent]
|faint|p2a: Scizor
|upkeep
|
|t:|1735136745
|switch|p2a: Mamoswine|Mamoswine, F|100/100
|-damage|p2a: Mamoswine|88/100|[from] Spikes
|turn|16
|
|t:|1735136759
|move|p2a: Mamoswine|Ice Shard|p1a: Thundurus
|-supereffective|p1a: Thundurus
|-damage|p1a: Thundurus|0 fnt
|faint|p1a: Thundurus
|
|-weather|Hail|[upkeep]
|upkeep
|
|t:|1735136765
|switch|p1a: Politoed|Politoed, F|39/100
|-damage|p1a: Politoed|27/100|[from] Stealth Rock
|-weather|RainDance|[from] ability: Drizzle|[of] p1a: Politoed
|turn|17
|
|t:|1735136770
|move|p2a: Mamoswine|Earthquake|p1a: Politoed
|-damage|p1a: Politoed|0 fnt
|faint|p1a: Politoed
|
|-weather|RainDance|[upkeep]
|upkeep
|
|t:|1735136773
|switch|p1a: Garchomp|Garchomp, M|100/100
|-damage|p1a: Garchomp|94/100|[from] Stealth Rock
|turn|18
|
|t:|1735136788
|move|p2a: Mamoswine|Ice Shard|p1a: Garchomp
|-supereffective|p1a: Garchomp
|-enditem|p1a: Garchomp|Yache Berry|[eat]
|-enditem|p1a: Garchomp|Yache Berry|[weaken]
|-damage|p1a: Garchomp|47/100
|move|p1a: Garchomp|Outrage|p2a: Mamoswine
|-damage|p2a: Mamoswine|18/100
|-enditem|p2a: Mamoswine|Salac Berry|[eat]
|-boost|p2a: Mamoswine|spe|1|[from] item: Salac Berry
|
|-weather|RainDance|[upkeep]
|upkeep
|turn|19
|
|t:|1735136792
|move|p2a: Mamoswine|Ice Shard|p1a: Garchomp
|-supereffective|p1a: Garchomp
|-damage|p1a: Garchomp|0 fnt
|faint|p1a: Garchomp
|
|win|HANMA JACK
|raw|Rarax's rating: 1506 &rarr; <strong>1490</strong><br />(-16 for losing)
|raw|HANMA JACK's rating: 1580 &rarr; <strong>1596</strong><br />(+16 for winning)
|c|☆Rarax|gg
|c|☆HANMA JACK|gg
