|j|☆HydreigonSpammer
|j|☆Crimsonbacon38
|t:|1733851122
|gametype|singles
|player|p1|HydreigonSpammer|veteranf|1375
|player|p2|Crimsonbacon38|barry|1303
|teamsize|p1|6
|teamsize|p2|6
|gen|5
|tier|[Gen 5] OU
|rated|
|rule|Species Clause: Limit one of each Pokémon
|rule|OHKO Clause: OHKO moves are banned
|rule|Moody Clause: Moody is banned
|rule|Evasion Items Clause: Evasion items are banned
|rule|Evasion Moves Clause: Evasion moves are banned
|rule|Endless Battle Clause: Forcing endless battles is banned
|rule|HP Percentage Mod: HP is shown in percentages
|rule|Evasion Abilities Clause: Evasion abilities are banned
|rule|Sleep Moves Clause: Sleep-inducing moves are banned
|rule|Swagger Clause: Swagger is banned
|rule|Baton Pass Stat Clause: No Baton Passer may have a way to boost its stats
|clearpoke
|poke|p1|Politoed, M|item
|poke|p1|Ferrothorn, M|item
|poke|p1|Tentacruel, M|item
|poke|p1|Sableye, M|item
|poke|p1|Latias, F|item
|poke|p1|Moltres|item
|poke|p2|Tyranitar, F|item
|poke|p2|Landorus-Therian, M|item
|poke|p2|Ferrothorn, F|item
|poke|p2|Latios, M|item
|poke|p2|Reuniclus, M|item
|poke|p2|Excadrill, F|item
|teampreview
|
|t:|1733851138
|start
|switch|p1a: Moltres|Moltres|100/100
|switch|p2a: Tyranitar|Tyranitar, F|100/100
|-weather|Sandstorm|[from] ability: Sand Stream|[of] p2a: Tyranitar
|-ability|p1a: Moltres|Pressure
|turn|1
|
|t:|1733851161
|switch|p2a: Latios|Latios, M|100/100
|move|p1a: Moltres|Will-O-Wisp|p2a: Latios
|-status|p2a: Latios|brn
|
|-weather|Sandstorm|[upkeep]
|-damage|p2a: Latios|95/100 brn|[from] Sandstorm
|-damage|p1a: Moltres|94/100|[from] Sandstorm
|-heal|p1a: Moltres|100/100|[from] item: Leftovers
|-damage|p2a: Latios|82/100 brn|[from] brn
|upkeep
|turn|2
|
|t:|1733851176
|switch|p1a: Ferrothorn|Ferrothorn, M|100/100
|move|p2a: Latios|Draco Meteor|p1a: Ferrothorn
|-resisted|p1a: Ferrothorn
|-damage|p1a: Ferrothorn|73/100
|-unboost|p2a: Latios|spa|2
|
|-weather|Sandstorm|[upkeep]
|-damage|p2a: Latios|76/100 brn|[from] Sandstorm
|-damage|p2a: Latios|64/100 brn|[from] brn
|upkeep
|turn|3
|
|t:|1733851185
|switch|p2a: Landorus|Landorus-Therian, M|100/100
|-ability|p2a: Landorus|Intimidate|boost
|-unboost|p1a: Ferrothorn|atk|1
|move|p1a: Ferrothorn|Stealth Rock|p2a: Landorus
|-sidestart|p2: Crimsonbacon38|move: Stealth Rock
|
|-weather|Sandstorm|[upkeep]
|upkeep
|turn|4
|
|t:|1733851204
|switch|p1a: Politoed|Politoed, M|100/100
|-weather|RainDance|[from] ability: Drizzle|[of] p1a: Politoed
|move|p2a: Landorus|Stealth Rock|p1a: Politoed
|-sidestart|p1: HydreigonSpammer|move: Stealth Rock
|
|-weather|RainDance|[upkeep]
|upkeep
|turn|5
|
|t:|1733851212
|switch|p2a: Ferrothorn|Ferrothorn, F|100/100
|-damage|p2a: Ferrothorn|94/100|[from] Stealth Rock
|move|p1a: Politoed|Scald|p2a: Ferrothorn
|-resisted|p2a: Ferrothorn
|-damage|p2a: Ferrothorn|81/100
|
|-weather|RainDance|[upkeep]
|-heal|p2a: Ferrothorn|87/100|[from] item: Leftovers
|upkeep
|turn|6
|
|t:|1733851224
|switch|p1a: Moltres|Moltres|100/100
|-damage|p1a: Moltres|51/100|[from] Stealth Rock
|-ability|p1a: Moltres|Pressure
|move|p2a: Ferrothorn|Knock Off|p1a: Moltres
|-damage|p1a: Moltres|47/100
|-enditem|p1a: Moltres|Leftovers|[from] move: Knock Off|[of] p2a: Ferrothorn
|
|-weather|RainDance|[upkeep]
|-heal|p2a: Ferrothorn|94/100|[from] item: Leftovers
|upkeep
|turn|7
|
|t:|1733851236
|switch|p2a: Tyranitar|Tyranitar, F|100/100
|-damage|p2a: Tyranitar|88/100|[from] Stealth Rock
|-weather|Sandstorm|[from] ability: Sand Stream|[of] p2a: Tyranitar
|move|p1a: Moltres|Roost|p1a: Moltres
|-heal|p1a: Moltres|97/100
|-singleturn|p1a: Moltres|move: Roost
|
|-weather|Sandstorm|[upkeep]
|-damage|p1a: Moltres|91/100|[from] Sandstorm
|upkeep
|turn|8
|
|t:|1733851255
|switch|p2a: Reuniclus|Reuniclus, M|100/100
|move|p1a: Moltres|Substitute|p1a: Moltres
|-start|p1a: Moltres|Substitute
|-damage|p1a: Moltres|66/100
|
|-weather|Sandstorm|[upkeep]
|-damage|p1a: Moltres|60/100|[from] Sandstorm
|upkeep
|turn|9
|
|t:|1733851266
|move|p1a: Moltres|Roost|p1a: Moltres
|-heal|p1a: Moltres|100/100
|-singleturn|p1a: Moltres|move: Roost
|move|p2a: Reuniclus|Psychic|p1a: Moltres
|-end|p1a: Moltres|Substitute
|
|-weather|Sandstorm|[upkeep]
|-damage|p1a: Moltres|94/100|[from] Sandstorm
|upkeep
|turn|10
|
|t:|1733851280
|switch|p1a: Ferrothorn|Ferrothorn, M|73/100
|-damage|p1a: Ferrothorn|67/100|[from] Stealth Rock
|switch|p2a: Latios|Latios, M|64/100 brn
|-damage|p2a: Latios|52/100 brn|[from] Stealth Rock
|
|-weather|Sandstorm|[upkeep]
|-damage|p2a: Latios|46/100 brn|[from] Sandstorm
|-damage|p2a: Latios|33/100 brn|[from] brn
|upkeep
|turn|11
|
|t:|1733851285
|move|p2a: Latios|Trick|p1a: Ferrothorn
|-activate|p2a: Latios|move: Trick|[of] p1a: Ferrothorn
|-item|p1a: Ferrothorn|Choice Scarf|[from] move: Trick
|-item|p2a: Latios|Lum Berry|[from] move: Trick
|-enditem|p2a: Latios|Lum Berry|[eat]
|-curestatus|p2a: Latios|brn|[msg]
|move|p1a: Ferrothorn|Spikes|p2a: Latios
|-sidestart|p2: Crimsonbacon38|Spikes
|
|-weather|Sandstorm|[upkeep]
|-damage|p2a: Latios|27/100|[from] Sandstorm
|upkeep
|turn|12
|
|t:|1733851296
|switch|p2a: Excadrill|Excadrill, F|100/100
|-damage|p2a: Excadrill|97/100|[from] Stealth Rock
|-damage|p2a: Excadrill|85/100|[from] Spikes
|move|p1a: Ferrothorn|Spikes|p2a: Excadrill
|-sidestart|p2: Crimsonbacon38|Spikes
|
|-weather|Sandstorm|[upkeep]
|-heal|p2a: Excadrill|91/100|[from] item: Leftovers
|upkeep
|turn|13
|
|t:|1733851310
|switch|p1a: Sableye|Sableye, M|100/100
|-damage|p1a: Sableye|88/100|[from] Stealth Rock
|move|p2a: Excadrill|Swords Dance|p2a: Excadrill
|-boost|p2a: Excadrill|atk|2
|
|-weather|Sandstorm|[upkeep]
|-damage|p1a: Sableye|82/100|[from] Sandstorm
|-heal|p2a: Excadrill|97/100|[from] item: Leftovers
|-heal|p1a: Sableye|88/100|[from] item: Leftovers
|upkeep
|turn|14
|
|t:|1733851317
|move|p1a: Sableye|Will-O-Wisp|p2a: Excadrill|[miss]
|-miss|p1a: Sableye|p2a: Excadrill
|move|p2a: Excadrill|Earthquake|p1a: Sableye
|-damage|p1a: Sableye|0 fnt
|faint|p1a: Sableye
|
|-weather|Sandstorm|[upkeep]
|-heal|p2a: Excadrill|100/100|[from] item: Leftovers
|upkeep
|j| I'mbadatenglish
|
|t:|1733851331
|switch|p1a: Politoed|Politoed, M|100/100
|-damage|p1a: Politoed|88/100|[from] Stealth Rock
|-weather|RainDance|[from] ability: Drizzle|[of] p1a: Politoed
|turn|15
|
|t:|1733851343
|switch|p2a: Latios|Latios, M|27/100
|-damage|p2a: Latios|15/100|[from] Stealth Rock
|switch|p1a: Ferrothorn|Ferrothorn, M|67/100
|-damage|p1a: Ferrothorn|60/100|[from] Stealth Rock
|
|-weather|RainDance|[upkeep]
|upkeep
|turn|16
|
|t:|1733851352
|switch|p2a: Excadrill|Excadrill, F|100/100
|-damage|p2a: Excadrill|97/100|[from] Stealth Rock
|-damage|p2a: Excadrill|81/100|[from] Spikes
|move|p1a: Ferrothorn|Knock Off|p2a: Excadrill
|-resisted|p2a: Excadrill
|-damage|p2a: Excadrill|77/100
|-enditem|p2a: Excadrill|Leftovers|[from] move: Knock Off|[of] p1a: Ferrothorn
|
|-weather|RainDance|[upkeep]
|upkeep
|turn|17
|
|t:|1733851368
|switch|p1a: Tentacruel|Tentacruel, M|100/100
|-damage|p1a: Tentacruel|88/100|[from] Stealth Rock
|move|p2a: Excadrill|Rapid Spin|p1a: Tentacruel
|-damage|p1a: Tentacruel|80/100
|-sideend|p2: Crimsonbacon38|Spikes|[from] move: Rapid Spin|[of] p2a: Excadrill
|-sideend|p2: Crimsonbacon38|Stealth Rock|[from] move: Rapid Spin|[of] p2a: Excadrill
|
|-weather|RainDance|[upkeep]
|-heal|p1a: Tentacruel|86/100|[from] ability: Rain Dish
|-heal|p1a: Tentacruel|92/100|[from] item: Black Sludge
|upkeep
|turn|18
|
|t:|1733851376
|move|p1a: Tentacruel|Scald|p2a: Excadrill
|-supereffective|p2a: Excadrill
|-damage|p2a: Excadrill|14/100
|move|p2a: Excadrill|Earthquake|p1a: Tentacruel
|-supereffective|p1a: Tentacruel
|-damage|p1a: Tentacruel|0 fnt
|faint|p1a: Tentacruel
|
|-weather|RainDance|[upkeep]
|upkeep
|
|t:|1733851387
|switch|p1a: Latias|Latias, F|100/100
|-damage|p1a: Latias|88/100|[from] Stealth Rock
|turn|19
|
|t:|1733851398
|switch|p1a: Ferrothorn|Ferrothorn, M|60/100
|-damage|p1a: Ferrothorn|54/100|[from] Stealth Rock
|switch|p2a: Tyranitar|Tyranitar, F|88/100
|-weather|Sandstorm|[from] ability: Sand Stream|[of] p2a: Tyranitar
|
|-weather|Sandstorm|[upkeep]
|upkeep
|turn|20
|
|t:|1733851404
|move|p2a: Tyranitar|Superpower|p1a: Ferrothorn
|-supereffective|p1a: Ferrothorn
|-damage|p1a: Ferrothorn|0 fnt
|-unboost|p2a: Tyranitar|atk|1
|-unboost|p2a: Tyranitar|def|1
|-damage|p2a: Tyranitar|76/100|[from] ability: Iron Barbs|[of] p1a: Ferrothorn
|faint|p1a: Ferrothorn
|
|-weather|Sandstorm|[upkeep]
|upkeep
|
|t:|1733851411
|switch|p1a: Politoed|Politoed, M|88/100
|-damage|p1a: Politoed|75/100|[from] Stealth Rock
|-weather|RainDance|[from] ability: Drizzle|[of] p1a: Politoed
|turn|21
|
|t:|1733851418
|switch|p2a: Ferrothorn|Ferrothorn, F|94/100
|move|p1a: Politoed|Scald|p2a: Ferrothorn
|-resisted|p2a: Ferrothorn
|-damage|p2a: Ferrothorn|81/100
|-status|p2a: Ferrothorn|brn
|
|-weather|RainDance|[upkeep]
|-heal|p1a: Politoed|82/100|[from] item: Leftovers
|-heal|p2a: Ferrothorn|88/100 brn|[from] item: Leftovers
|-damage|p2a: Ferrothorn|75/100 brn|[from] brn
|upkeep
|turn|22
|
|t:|1733851431
|switch|p1a: Moltres|Moltres|94/100
|-damage|p1a: Moltres|45/100|[from] Stealth Rock
|-ability|p1a: Moltres|Pressure
|move|p2a: Ferrothorn|Knock Off|p1a: Moltres
|-damage|p1a: Moltres|43/100
|
|-weather|RainDance|[upkeep]
|-heal|p2a: Ferrothorn|81/100 brn|[from] item: Leftovers
|-damage|p2a: Ferrothorn|69/100 brn|[from] brn
|upkeep
|turn|23
|
|t:|1733851435
|switch|p2a: Tyranitar|Tyranitar, F|76/100
|-weather|Sandstorm|[from] ability: Sand Stream|[of] p2a: Tyranitar
|move|p1a: Moltres|Roost|p1a: Moltres
|-heal|p1a: Moltres|93/100
|-singleturn|p1a: Moltres|move: Roost
|
|-weather|Sandstorm|[upkeep]
|-damage|p1a: Moltres|87/100|[from] Sandstorm
|upkeep
|turn|24
|
|t:|1733851439
|switch|p2a: Reuniclus|Reuniclus, M|100/100
|move|p1a: Moltres|Will-O-Wisp|p2a: Reuniclus|[miss]
|-miss|p1a: Moltres|p2a: Reuniclus
|
|-weather|Sandstorm|[upkeep]
|-damage|p1a: Moltres|81/100|[from] Sandstorm
|upkeep
|turn|25
|
|t:|1733851449
|switch|p1a: Politoed|Politoed, M|82/100
|-damage|p1a: Politoed|69/100|[from] Stealth Rock
|-weather|RainDance|[from] ability: Drizzle|[of] p1a: Politoed
|move|p2a: Reuniclus|Psychic|p1a: Politoed
|-damage|p1a: Politoed|16/100
|
|-weather|RainDance|[upkeep]
|-heal|p1a: Politoed|22/100|[from] item: Leftovers
|upkeep
|turn|26
|
|t:|1733851454
|move|p1a: Politoed|Scald|p2a: Reuniclus
|-damage|p2a: Reuniclus|68/100
|move|p2a: Reuniclus|Psychic|p1a: Politoed
|-damage|p1a: Politoed|0 fnt
|faint|p1a: Politoed
|
|-weather|RainDance|[upkeep]
|upkeep
|
|t:|1733851466
|switch|p1a: Moltres|Moltres|81/100
|-damage|p1a: Moltres|31/100|[from] Stealth Rock
|-ability|p1a: Moltres|Pressure
|turn|27
|
|t:|1733851469
|move|p1a: Moltres|Roost|p1a: Moltres
|-heal|p1a: Moltres|81/100
|-singleturn|p1a: Moltres|move: Roost
|move|p2a: Reuniclus|Psychic|p1a: Moltres
|-damage|p1a: Moltres|21/100
|
|-weather|RainDance|[upkeep]
|upkeep
|turn|28
|-message|HydreigonSpammer forfeited.
|
|win|Crimsonbacon38
|raw|HydreigonSpammer's rating: 1375 &rarr; <strong>1351</strong><br />(-24 for losing)
|raw|Crimsonbacon38's rating: 1303 &rarr; <strong>1327</strong><br />(+24 for winning)
|l|☆HydreigonSpammer
|player|p1|
