|join|BlackAtmosphere
|join|girls love me
|player|p1|BlackAtmosphere|266
|player|p2|girls love me|124
|gametype|singles
|gen|5
|tier|[Gen 5] OU
|rated
|rule|Evasion Abilities Clause: Evasion abilities are banned
|clearpoke
|poke|p1|Garchomp, M, shiny
|poke|p1|Tyranitar, M
|poke|p1|Breloom, M
|poke|p1|Latios, M, shiny
|poke|p1|Swampert, M
|poke|p1|Scizor, M
|poke|p2|Scizor, F
|poke|p2|Starmie, shiny
|poke|p2|Gengar, F, shiny
|poke|p2|Breloom, F, shiny
|poke|p2|Skarmory, F
|poke|p2|Thundurus-Therian, M
|rule|Sleep Clause Mod: Limit one foe put to sleep
|rule|Species Clause: Limit one of each Pokemon
|rule|OHKO Clause: OHKO moves are banned
|rule|Moody Clause: Moody is banned
|rule|Evasion Moves Clause: Evasion moves are banned
|rule|Endless Battle Clause: Forcing endless battles is banned.
|rule|HP Percentage Mod: HP is reported as percentages
|teampreview
|
|start
|switch|p1a: Landshark|Garchomp, M, shiny|358/358
|switch|p2a: Math rock|Skarmory, F|271/271
|turn|1
|
|switch|p1a: Goomba|Breloom, M|262/262
|move|p2a: Math rock|Stealth Rock|p1a: Goomba
|-sidestart|p1: BlackAtmosphere|move: Stealth Rock
|
|-status|p1a: Goomba|tox|[from] item: Toxic Orb
|turn|2
|
|move|p2a: Math rock|Taunt|p1a: Goomba
|-start|p1a: Goomba|move: Taunt
|cant|p1a: Goomba|move: Taunt|Spore
|
|turn|3
|
|-singleturn|p1a: Goomba|move: Focus Punch
|move|p2a: Math rock|Spikes|p1a: Goomba
|-sidestart|p1: BlackAtmosphere|Spikes
|move|p1a: Goomba|Focus Punch|p2a: Math rock
|-damage|p2a: Math rock|64/271
|
|turn|4
|-enditem|p2a: Math rock|Custap Berry|[eat]
|-activate|p2a: Math rock|Custap Berry
|
|switch|p1a: Greymon|Tyranitar, M|342/342
|-damage|p1a: Greymon|300/342|[from] Spikes
|-damage|p1a: Greymon|258/342|[from] Stealth Rock
|-weather|Sandstorm|[from] ability: Sand Stream|[of] p1a: Greymon
|move|p2a: Math rock|Spikes|p1a: Greymon
|-sidestart|p1: BlackAtmosphere|Spikes
|
|-weather|Sandstorm|[upkeep]
|-heal|p1a: Greymon|279/342|[from] item: Leftovers
|turn|5
|
|move|p2a: Math rock|Taunt|p1a: Greymon
|-start|p1a: Greymon|move: Taunt
|cant|p1a: Greymon|move: Taunt|Dragon Dance
|
|-weather|Sandstorm|[upkeep]
|-heal|p1a: Greymon|300/342|[from] item: Leftovers
|turn|6
|
|move|p2a: Math rock|Spikes|p1a: Greymon
|-sidestart|p1: BlackAtmosphere|Spikes
|move|p1a: Greymon|Crunch|p2a: Math rock
|-resisted|p2a: Math rock
|-damage|p2a: Math rock|8/271
|
|-weather|Sandstorm|[upkeep]
|-heal|p1a: Greymon|321/342|[from] item: Leftovers
|turn|7
|
|move|p2a: Math rock|Brave Bird|p1a: Greymon
|-resisted|p1a: Greymon
|-damage|p1a: Greymon|254/342
|-damage|p2a: Math rock|0 fnt|[from] recoil|[of] p1a: Greymon
|faint|p2a: Math rock
|move|p1a: Greymon|Crunch|p2: Math rock|[notarget]
|-notarget
|
|-weather|Sandstorm|[upkeep]
|-heal|p1a: Greymon|275/342|[from] item: Leftovers
|-end|p1a: Greymon|move: Taunt
|
|switch|p2a: I'm gorgeous|Breloom, F, shiny|261/261
|turn|8
|
|switch|p1a: Goomba|Breloom, M|262/262 tox
|-damage|p1a: Goomba|197/262 tox|[from] Spikes
|-damage|p1a: Goomba|181/262 tox|[from] Stealth Rock
|move|p2a: I'm gorgeous|Spore|p1a: Goomba
|-fail|p1a: Goomba
|
|-weather|Sandstorm|[upkeep]
|-damage|p2a: I'm gorgeous|245/261|[from] sandstorm
|-damage|p1a: Goomba|165/262 tox|[from] sandstorm
|-heal|p1a: Goomba|197/262 tox|[from] ability: Poison Heal
|turn|9
|
|move|p2a: I'm gorgeous|Mach Punch|p1a: Goomba
|-damage|p1a: Goomba|70/262 tox
|move|p1a: Goomba|Spore|p2a: I'm gorgeous
|-status|p2a: I'm gorgeous|slp
|
|-weather|Sandstorm|[upkeep]
|-damage|p2a: I'm gorgeous|229/261 slp|[from] sandstorm
|-damage|p1a: Goomba|54/262 tox|[from] sandstorm
|-heal|p1a: Goomba|86/262 tox|[from] ability: Poison Heal
|turn|10
|
|switch|p2a: Good job!|Gengar, F, shiny|261/261
|move|p1a: Goomba|Substitute|p1a: Goomba
|-start|p1a: Goomba|Substitute
|-damage|p1a: Goomba|21/262 tox
|
|-weather|Sandstorm|[upkeep]
|-damage|p2a: Good job!|245/261|[from] sandstorm
|-damage|p1a: Goomba|5/262 tox|[from] sandstorm
|-heal|p1a: Goomba|37/262 tox|[from] ability: Poison Heal
|turn|11
|
|move|p2a: Good job!|Shadow Ball|p1a: Goomba
|-end|p1a: Goomba|Substitute
|move|p1a: Goomba|Stone Edge|p2a: Good job!
|-damage|p2a: Good job!|65/261
|
|-weather|Sandstorm|[upkeep]
|-damage|p2a: Good job!|49/261|[from] sandstorm
|-damage|p1a: Goomba|21/262 tox|[from] sandstorm
|-heal|p1a: Goomba|53/262 tox|[from] ability: Poison Heal
|turn|12
|
|switch|p2a: I'm gorgeous|Breloom, F, shiny|229/261 slp
|switch|p1a: U-TurnMeOn|Scizor, M|344/344
|-damage|p1a: U-TurnMeOn|301/344|[from] Stealth Rock
|-damage|p1a: U-TurnMeOn|215/344|[from] Spikes
|
|-weather|Sandstorm|[upkeep]
|-damage|p2a: I'm gorgeous|213/261 slp|[from] sandstorm
|turn|13
|
|move|p1a: U-TurnMeOn|Bullet Punch|p2a: I'm gorgeous
|-damage|p2a: I'm gorgeous|18/261 slp
|cant|p2a: I'm gorgeous|slp
|
|-weather|Sandstorm|[upkeep]
|-damage|p2a: I'm gorgeous|2/261 slp|[from] sandstorm
|turn|14
|
|cant|p2a: I'm gorgeous|slp
|move|p1a: U-TurnMeOn|Bullet Punch|p2a: I'm gorgeous
|-damage|p2a: I'm gorgeous|0 fnt
|faint|p2a: I'm gorgeous
|
|-weather|Sandstorm|[upkeep]
|
|switch|p2a: Good job!|Starmie, shiny|261/261
|turn|15
|
|switch|p1a: Goomba|Breloom, M|53/262 tox
|-damage|p1a: Goomba|37/262 tox|[from] Stealth Rock
|-damage|p1a: Goomba|0 fnt|[from] Spikes
|faint|p1a: Goomba
|move|p2a: Good job!|Hydro Pump|p1: Goomba|[notarget]
|-notarget
|
|-weather|Sandstorm|[upkeep]
|-damage|p2a: Good job!|245/261|[from] sandstorm
|
|switch|p1a: Landshark|Garchomp, M, shiny|358/358
|-damage|p1a: Landshark|336/358|[from] Stealth Rock
|-damage|p1a: Landshark|247/358|[from] Spikes
|turn|16
|
|switch|p2a: Good job!|Gengar, F, shiny|49/261
|move|p1a: Landshark|Outrage|p2a: Good job!
|-damage|p2a: Good job!|0 fnt
|faint|p2a: Good job!
|
|-weather|Sandstorm|[upkeep]
|
|switch|p2a: Good job!|Scizor, F|331/331
|turn|17
|
|move|p1a: Landshark|Outrage|p2a: Good job!
|-resisted|p2a: Good job!
|-damage|p2a: Good job!|215/331
|move|p2a: Good job!|Swords Dance|p2a: Good job!
|-boost|p2a: Good job!|atk|2
|
|-weather|Sandstorm|[upkeep]
|turn|18
|
|move|p2a: Good job!|Bullet Punch|p1a: Landshark
|-damage|p1a: Landshark|0 fnt
|-damage|p2a: Good job!|174/331|[from] ability: Rough Skin|[of] p1a: Landshark
|-damage|p2a: Good job!|141/331|[from] item: Life Orb
|faint|p1a: Landshark
|
|-weather|Sandstorm|[upkeep]
|
|switch|p1a: PartSwamp|Swampert, M|404/404
|-damage|p1a: PartSwamp|379/404|[from] Stealth Rock
|-damage|p1a: PartSwamp|278/404|[from] Spikes
|turn|19
|
|move|p2a: Good job!|Bug Bite|p1a: PartSwamp
|-damage|p1a: PartSwamp|0 fnt
|-damage|p2a: Good job!|108/331|[from] item: Life Orb
|faint|p1a: PartSwamp
|
|-weather|Sandstorm|[upkeep]
|
|switch|p1a: U-TurnMeOn|Scizor, M|215/344
|-damage|p1a: U-TurnMeOn|129/344|[from] Spikes
|-damage|p1a: U-TurnMeOn|86/344|[from] Stealth Rock
|turn|20
|
|move|p2a: Good job!|Bullet Punch|p1a: U-TurnMeOn
|-resisted|p1a: U-TurnMeOn
|-damage|p1a: U-TurnMeOn|0 fnt
|-damage|p2a: Good job!|75/331|[from] item: Life Orb
|faint|p1a: U-TurnMeOn
|
|-weather|Sandstorm|[upkeep]
|-message|BlackAtmosphere forfeited.
|
|win|girls love me
|raw|Ladder updating...
|leave|BlackAtmosphere
|player|p1
|raw|BlackAtmosphere's rating: 1441 &rarr; <strong>1419</strong><br />(-22 for losing)
|raw|girls love me's rating: 1406 &rarr; <strong>1428</strong><br />(+22 for winning)