|j|☆le nez de kyk
|j|☆blossummm
|t:|1719520992
|gametype|singles
|player|p1|le nez de kyk|101|1422
|player|p2|blossummm|bianca|1298
|teamsize|p1|6
|teamsize|p2|6
|gen|5
|tier|[Gen 5] OU
|rated|
|rule|Species Clause: Limit one of each Pokémon
|rule|OHKO Clause: OHKO moves are banned
|rule|Moody Clause: Moody is banned
|rule|Evasion Items Clause: Evasion items are banned
|rule|Evasion Moves Clause: Evasion moves are banned
|rule|Endless Battle Clause: Forcing endless battles is banned
|rule|HP Percentage Mod: HP is shown in percentages
|rule|Evasion Abilities Clause: Evasion abilities are banned
|rule|Sleep Moves Clause: Sleep-inducing moves are banned
|rule|Swagger Clause: Swagger is banned
|rule|Baton Pass Stat Clause: No Baton Passer may have a way to boost its stats
|clearpoke
|poke|p1|Garchomp, M|item
|poke|p1|Ferrothorn, M|item
|poke|p1|Keldeo|item
|poke|p1|Mew|item
|poke|p1|Excadrill, M|item
|poke|p1|Landorus-Therian, M|item
|poke|p2|Abomasnow, F|item
|poke|p2|Excadrill, F|item
|poke|p2|Landorus-Therian, M|item
|poke|p2|Latios, M|item
|poke|p2|Jirachi|item
|poke|p2|Kyurem|item
|teampreview
|j| chomp29
|inactive|Battle timer is ON: inactive players will automatically lose when time's up. (requested by blossummm)
|
|t:|1719521034
|start
|switch|p1a: Landorus|Landorus-Therian, M|100/100
|switch|p2a: Abomasnow|Abomasnow, F|100/100
|-weather|Hail|[from] ability: Snow Warning|[of] p2a: Abomasnow
|-ability|p1a: Landorus|Intimidate|boost
|-unboost|p2a: Abomasnow|atk|1
|turn|1
|
|t:|1719521045
|switch|p1a: Mew|Mew|100/100
|move|p2a: Abomasnow|Blizzard|p1a: Mew
|-damage|p1a: Mew|67/100
|
|-weather|Hail|[upkeep]
|-damage|p1a: Mew|60/100|[from] Hail
|-heal|p1a: Mew|67/100|[from] item: Leftovers
|upkeep
|turn|2
|
|t:|1719521064
|move|p1a: Mew|Will-O-Wisp|p2a: Abomasnow
|-status|p2a: Abomasnow|brn
|move|p2a: Abomasnow|Blizzard|p1a: Mew
|-damage|p1a: Mew|28/100
|-status|p1a: Mew|frz
|
|-weather|Hail|[upkeep]
|-damage|p1a: Mew|21/100 frz|[from] Hail
|-heal|p1a: Mew|28/100 frz|[from] item: Leftovers
|-damage|p2a: Abomasnow|88/100 brn|[from] brn
|upkeep
|turn|3
|
|t:|1719521074
|cant|p1a: Mew|frz
|move|p2a: Abomasnow|Blizzard|p1a: Mew
|-damage|p1a: Mew|0 fnt
|faint|p1a: Mew
|
|-weather|Hail|[upkeep]
|-damage|p2a: Abomasnow|76/100 brn|[from] brn
|upkeep
|
|t:|1719521088
|switch|p1a: Excadrill|Excadrill, M|100/100
|-ability|p1a: Excadrill|Mold Breaker
|turn|4
|j| Neighthan Trainer
|inactive|le nez de kyk has 120 seconds left.
|inactive|le nez de kyk has 90 seconds left.
|
|t:|1719521162
|move|p1a: Excadrill|Iron Head|p2a: Abomasnow
|-supereffective|p2a: Abomasnow
|-crit|p2a: Abomasnow
|-damage|p2a: Abomasnow|0 fnt
|faint|p2a: Abomasnow
|
|-weather|Hail|[upkeep]
|-damage|p1a: Excadrill|94/100|[from] Hail
|-heal|p1a: Excadrill|100/100|[from] item: Leftovers
|upkeep
|l| chomp29
|
|t:|1719521172
|switch|p2a: Kyurem|Kyurem|100/100
|-ability|p2a: Kyurem|Pressure
|turn|5
|inactive|le nez de kyk has 90 seconds left.
|
|t:|1719521186
|move|p2a: Kyurem|Blizzard|p1a: Excadrill
|-damage|p1a: Excadrill|0 fnt
|faint|p1a: Excadrill
|
|-weather|Hail|[upkeep]
|upkeep
|inactive|le nez de kyk has 90 seconds left.
|
|t:|1719521191
|switch|p1a: Keldeo|Keldeo|100/100
|turn|6
|j| chomp29
|
|t:|1719521200
|switch|p2a: Latios|Latios, M|100/100
|move|p1a: Keldeo|Icy Wind|p2a: Latios
|-supereffective|p2a: Latios
|-damage|p2a: Latios|55/100
|-unboost|p2a: Latios|spe|1
|
|-weather|Hail|[upkeep]
|-damage|p1a: Keldeo|94/100|[from] Hail
|-damage|p2a: Latios|49/100|[from] Hail
|upkeep
|turn|7
|
|t:|1719521205
|switch|p1a: Ferrothorn|Ferrothorn, M|100/100
|switch|p2a: Jirachi|Jirachi|100/100
|
|-weather|Hail|[upkeep]
|-damage|p2a: Jirachi|94/100|[from] Hail
|-damage|p1a: Ferrothorn|94/100|[from] Hail
|-heal|p2a: Jirachi|100/100|[from] item: Leftovers
|-heal|p1a: Ferrothorn|100/100|[from] item: Leftovers
|upkeep
|turn|8
|
|t:|1719521210
|move|p2a: Jirachi|Substitute|p2a: Jirachi
|-start|p2a: Jirachi|Substitute
|-damage|p2a: Jirachi|75/100
|move|p1a: Ferrothorn|Thunder Wave||[still]
|-fail|p1a: Ferrothorn
|
|-weather|Hail|[upkeep]
|-damage|p2a: Jirachi|69/100|[from] Hail
|-damage|p1a: Ferrothorn|94/100|[from] Hail
|-heal|p2a: Jirachi|75/100|[from] item: Leftovers
|-heal|p1a: Ferrothorn|100/100|[from] item: Leftovers
|upkeep
|turn|9
|
|t:|1719521214
|switch|p1a: Landorus|Landorus-Therian, M|100/100
|-ability|p1a: Landorus|Intimidate|boost
|-immune|p2a: Jirachi
|move|p2a: Jirachi|Fire Punch|p1a: Landorus
|-damage|p1a: Landorus|86/100
|
|-weather|Hail|[upkeep]
|-damage|p2a: Jirachi|69/100|[from] Hail
|-damage|p1a: Landorus|80/100|[from] Hail
|-heal|p2a: Jirachi|75/100|[from] item: Leftovers
|-heal|p1a: Landorus|86/100|[from] item: Leftovers
|upkeep
|turn|10
|
|t:|1719521219
|move|p2a: Jirachi|Body Slam|p1a: Landorus
|-damage|p1a: Landorus|69/100
|move|p1a: Landorus|Earthquake|p2a: Jirachi
|-supereffective|p2a: Jirachi
|-end|p2a: Jirachi|Substitute
|
|-weather|Hail|[upkeep]
|-damage|p2a: Jirachi|69/100|[from] Hail
|-damage|p1a: Landorus|63/100|[from] Hail
|-heal|p2a: Jirachi|75/100|[from] item: Leftovers
|-heal|p1a: Landorus|69/100|[from] item: Leftovers
|upkeep
|turn|11
|
|t:|1719521230
|switch|p2a: Latios|Latios, M|49/100
|move|p1a: Landorus|Stealth Rock|p2a: Latios
|-sidestart|p2: blossummm|move: Stealth Rock
|
|-weather|Hail|[upkeep]
|-damage|p2a: Latios|43/100|[from] Hail
|-damage|p1a: Landorus|63/100|[from] Hail
|-heal|p1a: Landorus|69/100|[from] item: Leftovers
|upkeep
|turn|12
|
|t:|1719521255
|switch|p1a: Ferrothorn|Ferrothorn, M|100/100
|move|p2a: Latios|Recover|p2a: Latios
|-heal|p2a: Latios|93/100
|
|-weather|Hail|[upkeep]
|-damage|p2a: Latios|86/100|[from] Hail
|-damage|p1a: Ferrothorn|94/100|[from] Hail
|-heal|p1a: Ferrothorn|100/100|[from] item: Leftovers
|upkeep
|turn|13
|
|t:|1719521262
|move|p2a: Latios|Hidden Power|p1a: Ferrothorn
|-supereffective|p1a: Ferrothorn
|-damage|p1a: Ferrothorn|38/100
|move|p1a: Ferrothorn|Leech Seed|p2a: Latios
|-start|p2a: Latios|move: Leech Seed
|
|-weather|Hail|[upkeep]
|-damage|p2a: Latios|80/100|[from] Hail
|-damage|p1a: Ferrothorn|32/100|[from] Hail
|-heal|p1a: Ferrothorn|38/100|[from] item: Leftovers
|-damage|p2a: Latios|68/100|[from] Leech Seed|[of] p1a: Ferrothorn
|-heal|p1a: Ferrothorn|49/100|[silent]
|upkeep
|turn|14
|
|t:|1719521269
|switch|p1a: Keldeo|Keldeo|94/100
|move|p2a: Latios|Hidden Power|p1a: Keldeo
|-resisted|p1a: Keldeo
|-damage|p1a: Keldeo|80/100
|
|-weather|Hail|[upkeep]
|-damage|p1a: Keldeo|74/100|[from] Hail
|-damage|p2a: Latios|61/100|[from] Hail
|-damage|p2a: Latios|49/100|[from] Leech Seed|[of] p1a: Keldeo
|-heal|p1a: Keldeo|86/100|[silent]
|upkeep
|turn|15
|
|t:|1719521276
|switch|p1a: Ferrothorn|Ferrothorn, M|49/100
|move|p2a: Latios|Draco Meteor|p1a: Ferrothorn
|-resisted|p1a: Ferrothorn
|-damage|p1a: Ferrothorn|27/100
|-unboost|p2a: Latios|spa|2
|
|-weather|Hail|[upkeep]
|-damage|p2a: Latios|43/100|[from] Hail
|-damage|p1a: Ferrothorn|21/100|[from] Hail
|-heal|p1a: Ferrothorn|27/100|[from] item: Leftovers
|-damage|p2a: Latios|30/100|[from] Leech Seed|[of] p1a: Ferrothorn
|-heal|p1a: Ferrothorn|38/100|[silent]
|upkeep
|turn|16
|
|t:|1719521285
|switch|p1a: Keldeo|Keldeo|86/100
|move|p2a: Latios|Recover|p2a: Latios
|-heal|p2a: Latios|80/100
|
|-weather|Hail|[upkeep]
|-damage|p1a: Keldeo|79/100|[from] Hail
|-damage|p2a: Latios|74/100|[from] Hail
|-damage|p2a: Latios|61/100|[from] Leech Seed|[of] p1a: Keldeo
|-heal|p1a: Keldeo|91/100|[silent]
|upkeep
|turn|17
|
|t:|1719521293
|switch|p1a: Ferrothorn|Ferrothorn, M|38/100
|move|p2a: Latios|Hidden Power|p1a: Ferrothorn
|-supereffective|p1a: Ferrothorn
|-damage|p1a: Ferrothorn|7/100
|
|-weather|Hail|[upkeep]
|-damage|p2a: Latios|55/100|[from] Hail
|-damage|p1a: Ferrothorn|1/100|[from] Hail
|-heal|p1a: Ferrothorn|7/100|[from] item: Leftovers
|-damage|p2a: Latios|43/100|[from] Leech Seed|[of] p1a: Ferrothorn
|-heal|p1a: Ferrothorn|18/100|[silent]
|upkeep
|turn|18
|
|t:|1719521304
|switch|p2a: Excadrill|Excadrill, F|100/100
|-damage|p2a: Excadrill|98/100|[from] Stealth Rock
|-ability|p2a: Excadrill|Mold Breaker
|move|p1a: Ferrothorn|Spikes|p2a: Excadrill
|-sidestart|p2: blossummm|Spikes
|
|-weather|Hail|[upkeep]
|-damage|p2a: Excadrill|91/100|[from] Hail
|-damage|p1a: Ferrothorn|12/100|[from] Hail
|-heal|p1a: Ferrothorn|18/100|[from] item: Leftovers
|upkeep
|turn|19
|
|t:|1719521315
|move|p2a: Excadrill|Rapid Spin|p1a: Ferrothorn
|-resisted|p1a: Ferrothorn
|-crit|p1a: Ferrothorn
|-damage|p1a: Ferrothorn|12/100
|-damage|p2a: Excadrill|79/100|[from] ability: Iron Barbs|[of] p1a: Ferrothorn
|-sideend|p2: blossummm|Spikes|[from] move: Rapid Spin|[of] p2a: Excadrill
|-sideend|p2: blossummm|Stealth Rock|[from] move: Rapid Spin|[of] p2a: Excadrill
|move|p1a: Ferrothorn|Power Whip|p2a: Excadrill
|-crit|p2a: Excadrill
|-damage|p2a: Excadrill|0 fnt
|faint|p2a: Excadrill
|
|-weather|Hail|[upkeep]
|-damage|p1a: Ferrothorn|6/100|[from] Hail
|-heal|p1a: Ferrothorn|12/100|[from] item: Leftovers
|upkeep
|
|t:|1719521330
|switch|p2a: Latios|Latios, M|43/100
|turn|20
|
|t:|1719521339
|move|p2a: Latios|Hidden Power|p1a: Ferrothorn
|-supereffective|p1a: Ferrothorn
|-damage|p1a: Ferrothorn|0 fnt
|faint|p1a: Ferrothorn
|
|-weather|Hail|[upkeep]
|-damage|p2a: Latios|36/100|[from] Hail
|upkeep
|
|t:|1719521343
|switch|p1a: Keldeo|Keldeo|91/100
|turn|21
|
|t:|1719521350
|move|p1a: Keldeo|Hydro Pump|p2a: Latios
|-resisted|p2a: Latios
|-damage|p2a: Latios|3/100
|move|p2a: Latios|Draco Meteor|p1a: Keldeo|[miss]
|-miss|p2a: Latios|p1a: Keldeo
|
|-weather|Hail|[upkeep]
|-damage|p1a: Keldeo|85/100|[from] Hail
|-damage|p2a: Latios|0 fnt|[from] Hail
|faint|p2a: Latios
|upkeep
|
|t:|1719521365
|switch|p2a: Kyurem|Kyurem|100/100
|-ability|p2a: Kyurem|Pressure
|turn|22
|inactive|le nez de kyk has 120 seconds left.
|
|t:|1719521405
|move|p1a: Keldeo|Hydro Pump|p2a: Kyurem
|-resisted|p2a: Kyurem
|-damage|p2a: Kyurem|66/100
|move|p2a: Kyurem|Blizzard|p1a: Keldeo
|-resisted|p1a: Keldeo
|-damage|p1a: Keldeo|34/100
|
|-weather|Hail|[upkeep]
|-damage|p1a: Keldeo|28/100|[from] Hail
|upkeep
|turn|23
|
|t:|1719521411
|move|p1a: Keldeo|Hydro Pump|p2a: Kyurem
|-resisted|p2a: Kyurem
|-damage|p2a: Kyurem|32/100
|move|p2a: Kyurem|Blizzard|p1a: Keldeo
|-resisted|p1a: Keldeo
|-damage|p1a: Keldeo|0 fnt
|faint|p1a: Keldeo
|
|-weather|Hail|[upkeep]
|upkeep
|
|t:|1719521414
|switch|p1a: Garchomp|Garchomp, M|100/100
|turn|24
|
|t:|1719521417
|switch|p2a: Jirachi|Jirachi|75/100
|move|p1a: Garchomp|Dragon Claw|p2a: Jirachi
|-resisted|p2a: Jirachi
|-damage|p2a: Jirachi|55/100
|
|-weather|Hail|[upkeep]
|-damage|p2a: Jirachi|49/100|[from] Hail
|-damage|p1a: Garchomp|94/100|[from] Hail
|-heal|p2a: Jirachi|55/100|[from] item: Leftovers
|upkeep
|turn|25
|
|t:|1719521426
|switch|p2a: Landorus|Landorus-Therian, M|100/100
|-ability|p2a: Landorus|Intimidate|boost
|-unboost|p1a: Garchomp|atk|1
|move|p1a: Garchomp|Swords Dance|p1a: Garchomp
|-boost|p1a: Garchomp|atk|2
|
|-weather|Hail|[upkeep]
|-damage|p2a: Landorus|94/100|[from] Hail
|-damage|p1a: Garchomp|88/100|[from] Hail
|-heal|p2a: Landorus|100/100|[from] item: Leftovers
|upkeep
|turn|26
|
|t:|1719521431
|move|p2a: Landorus|Hidden Power|p1a: Garchomp
|-supereffective|p1a: Garchomp
|-enditem|p1a: Garchomp|Yache Berry|[eat]
|-enditem|p1a: Garchomp|Yache Berry|[weaken]
|-damage|p1a: Garchomp|51/100
|move|p1a: Garchomp|Dragon Claw|p2a: Landorus
|-damage|p2a: Landorus|40/100
|
|-weather|Hail|[upkeep]
|-damage|p2a: Landorus|34/100|[from] Hail
|-damage|p1a: Garchomp|44/100|[from] Hail
|-heal|p2a: Landorus|40/100|[from] item: Leftovers
|upkeep
|turn|27
|-message|le nez de kyk forfeited.
|
|win|blossummm
|raw|le nez de kyk's rating: 1422 &rarr; <strong>1395</strong><br />(-27 for losing)
|raw|blossummm's rating: 1298 &rarr; <strong>1332</strong><br />(+34 for winning)
|l|☆le nez de kyk
|player|p1|
