|j|☆maat4681
|j|☆Blossummm
|t:|1732326353
|gametype|singles
|player|p1|maat4681|wallace|1384
|player|p2|Blossummm|roxie|1341
|teamsize|p1|6
|teamsize|p2|6
|gen|5
|tier|[Gen 5] OU
|rated|
|rule|Species Clause: Limit one of each Pokémon
|rule|OHKO Clause: OHKO moves are banned
|rule|Moody Clause: Moody is banned
|rule|Evasion Items Clause: Evasion items are banned
|rule|Evasion Moves Clause: Evasion moves are banned
|rule|Endless Battle Clause: Forcing endless battles is banned
|rule|HP Percentage Mod: HP is shown in percentages
|rule|Evasion Abilities Clause: Evasion abilities are banned
|rule|Sleep Moves Clause: Sleep-inducing moves are banned
|rule|Swagger Clause: Swagger is banned
|rule|Baton Pass Stat Clause: No Baton Passer may have a way to boost its stats
|clearpoke
|poke|p1|Heatran, M|item
|poke|p1|Tyranitar, F|item
|poke|p1|Scizor, M|item
|poke|p1|Latios, M|item
|poke|p1|Starmie|item
|poke|p1|Skarmory, M|item
|poke|p2|Tyranitar, F|item
|poke|p2|Celebi|item
|poke|p2|Rotom-Wash|item
|poke|p2|Excadrill, F|item
|poke|p2|Landorus-Therian, M|item
|poke|p2|Keldeo|item
|teampreview
|inactive|Battle timer is ON: inactive players will automatically lose when time's up. (requested by maat4681)
|j| CertamenMeum
|inactive|Blossummm has 120 seconds left.
|
|t:|1732326394
|start
|switch|p1a: Tyranitar|Tyranitar, F|100/100
|switch|p2a: Tyranitar|Tyranitar, F, shiny|100/100
|-weather|Sandstorm|[from] ability: Sand Stream|[of] p2a: Tyranitar
|turn|1
|
|t:|1732326406
|switch|p1a: Skarmory|Skarmory, M|100/100
|move|p2a: Tyranitar|Superpower|p1a: Skarmory
|-damage|p1a: Skarmory|52/100
|-unboost|p2a: Tyranitar|atk|1
|-unboost|p2a: Tyranitar|def|1
|
|-weather|Sandstorm|[upkeep]
|-heal|p1a: Skarmory|58/100|[from] item: Leftovers
|upkeep
|turn|2
|
|t:|1732326420
|switch|p2a: Rotom|Rotom-Wash|100/100
|move|p1a: Skarmory|Spikes|p2a: Rotom
|-sidestart|p2: Blossummm|Spikes
|
|-weather|Sandstorm|[upkeep]
|-damage|p2a: Rotom|95/100|[from] Sandstorm
|-heal|p1a: Skarmory|64/100|[from] item: Leftovers
|upkeep
|turn|3
|
|t:|1732326443
|switch|p1a: Heatran|Heatran, M|100/100
|move|p2a: Rotom|Volt Switch|p1a: Heatran
|-crit|p1a: Heatran
|-damage|p1a: Heatran|58/100
|inactive|Blossummm has 120 seconds left.
|
|t:|1732326465
|switch|p2a: Keldeo|Keldeo|100/100|[from] Volt Switch
|-damage|p2a: Keldeo|88/100|[from] Spikes
|
|-weather|Sandstorm|[upkeep]
|-damage|p2a: Keldeo|82/100|[from] Sandstorm
|-heal|p1a: Heatran|64/100|[from] item: Leftovers
|upkeep
|turn|4
|inactive|Blossummm has 120 seconds left.
|
|t:|1732326477
|move|p1a: Heatran|Protect|p1a: Heatran
|-singleturn|p1a: Heatran|Protect
|move|p2a: Keldeo|Secret Sword|p1a: Heatran
|-activate|p1a: Heatran|move: Protect
|
|-weather|Sandstorm|[upkeep]
|-damage|p2a: Keldeo|76/100|[from] Sandstorm
|-heal|p1a: Heatran|70/100|[from] item: Leftovers
|upkeep
|turn|5
|inactive|maat4681 has 120 seconds left.
|
|t:|1732326537
|switch|p1a: Latios|Latios, M|100/100
|move|p2a: Keldeo|Secret Sword|p1a: Latios
|-resisted|p1a: Latios
|-damage|p1a: Latios|53/100
|
|-weather|Sandstorm|[upkeep]
|-damage|p1a: Latios|47/100|[from] Sandstorm
|-damage|p2a: Keldeo|70/100|[from] Sandstorm
|upkeep
|turn|6
|inactive|Blossummm has 120 seconds left.
|
|t:|1732326564
|switch|p2a: Tyranitar|Tyranitar, F, shiny|100/100
|-damage|p2a: Tyranitar|88/100|[from] Spikes
|move|p1a: Latios|Recover|p1a: Latios
|-heal|p1a: Latios|97/100
|
|-weather|Sandstorm|[upkeep]
|-damage|p1a: Latios|91/100|[from] Sandstorm
|upkeep
|turn|7
|
|t:|1732326569
|-activate|p1a: Latios|move: Pursuit
|move|p2a: Tyranitar|Pursuit|p1a: Latios|[from]Pursuit
|-supereffective|p1a: Latios
|-enditem|p1a: Latios|Colbur Berry|[eat]
|-enditem|p1a: Latios|Colbur Berry|[weaken]
|-damage|p1a: Latios|12/100
|switch|p1a: Scizor|Scizor, M|100/100
|
|-weather|Sandstorm|[upkeep]
|upkeep
|turn|8
|
|t:|1732326576
|switch|p2a: Landorus|Landorus-Therian, M|100/100
|-ability|p2a: Landorus|Intimidate|boost
|-unboost|p1a: Scizor|atk|1
|move|p1a: Scizor|U-turn|p2a: Landorus
|-resisted|p2a: Landorus
|-damage|p2a: Landorus|89/100
|
|t:|1732326580
|switch|p1a: Skarmory|Skarmory, M|64/100|[from] U-turn
|
|-weather|Sandstorm|[upkeep]
|-heal|p2a: Landorus|95/100|[from] item: Leftovers
|-heal|p1a: Skarmory|70/100|[from] item: Leftovers
|upkeep
|turn|9
|
|t:|1732326585
|move|p2a: Landorus|Stealth Rock|p1a: Skarmory
|-sidestart|p1: maat4681|move: Stealth Rock
|move|p1a: Skarmory|Spikes|p2a: Landorus
|-sidestart|p2: Blossummm|Spikes
|
|-weather|Sandstorm|[upkeep]
|-heal|p2a: Landorus|100/100|[from] item: Leftovers
|-heal|p1a: Skarmory|76/100|[from] item: Leftovers
|upkeep
|turn|10
|
|t:|1732326596
|move|p2a: Landorus|U-turn|p1a: Skarmory
|-resisted|p1a: Skarmory
|-damage|p1a: Skarmory|71/100
|
|t:|1732326605
|switch|p2a: Keldeo|Keldeo|70/100|[from] U-turn
|-damage|p2a: Keldeo|53/100|[from] Spikes
|move|p1a: Skarmory|Spikes|p2a: Keldeo
|-sidestart|p2: Blossummm|Spikes
|
|-weather|Sandstorm|[upkeep]
|-damage|p2a: Keldeo|47/100|[from] Sandstorm
|-heal|p1a: Skarmory|77/100|[from] item: Leftovers
|upkeep
|turn|11
|inactive|maat4681 has 120 seconds left.
|
|t:|1732326650
|switch|p1a: Heatran|Heatran, M|70/100
|-damage|p1a: Heatran|58/100|[from] Stealth Rock
|move|p2a: Keldeo|Scald|p1a: Heatran
|-supereffective|p1a: Heatran
|-damage|p1a: Heatran|0 fnt
|faint|p1a: Heatran
|
|-weather|Sandstorm|[upkeep]
|-damage|p2a: Keldeo|41/100|[from] Sandstorm
|upkeep
|
|t:|1732326657
|switch|p1a: Starmie|Starmie|100/100
|-damage|p1a: Starmie|88/100|[from] Stealth Rock
|-item|p1a: Starmie|Air Balloon
|turn|12
|
|t:|1732326661
|move|p1a: Starmie|Rapid Spin|p2a: Keldeo
|-damage|p2a: Keldeo|38/100
|-sideend|p1: maat4681|Stealth Rock|[from] move: Rapid Spin|[of] p1a: Starmie
|move|p2a: Keldeo|Scald|p1a: Starmie
|-resisted|p1a: Starmie
|-damage|p1a: Starmie|40/100
|-enditem|p1a: Starmie|Air Balloon
|
|-weather|Sandstorm|[upkeep]
|-damage|p1a: Starmie|33/100|[from] Sandstorm
|-damage|p2a: Keldeo|31/100|[from] Sandstorm
|upkeep
|turn|13
|
|t:|1732326668
|move|p1a: Starmie|Thunderbolt|p2a: Keldeo
|-supereffective|p2a: Keldeo
|-damage|p2a: Keldeo|0 fnt
|faint|p2a: Keldeo
|
|-weather|Sandstorm|[upkeep]
|-damage|p1a: Starmie|27/100|[from] Sandstorm
|upkeep
|
|t:|1732326680
|switch|p2a: Excadrill|Excadrill, F|100/100
|-damage|p2a: Excadrill|76/100|[from] Spikes
|turn|14
|
|t:|1732326682
|move|p2a: Excadrill|Rapid Spin|p1a: Starmie
|-damage|p1a: Starmie|16/100
|-sideend|p2: Blossummm|Spikes|[from] move: Rapid Spin|[of] p2a: Excadrill
|move|p1a: Starmie|Hydro Pump|p2a: Excadrill
|-supereffective|p2a: Excadrill
|-damage|p2a: Excadrill|0 fnt
|faint|p2a: Excadrill
|
|-weather|Sandstorm|[upkeep]
|-damage|p1a: Starmie|10/100|[from] Sandstorm
|upkeep
|inactive|Blossummm has 120 seconds left.
|
|t:|1732326714
|switch|p2a: Rotom|Rotom-Wash|95/100
|turn|15
|
|t:|1732326723
|switch|p1a: Tyranitar|Tyranitar, F|100/100
|move|p2a: Rotom|Hidden Power|p1a: Tyranitar
|-resisted|p1a: Tyranitar
|-damage|p1a: Tyranitar|95/100
|
|-weather|Sandstorm|[upkeep]
|-damage|p2a: Rotom|89/100|[from] Sandstorm
|upkeep
|turn|16
|
|t:|1732326733
|move|p2a: Rotom|Hydro Pump|p1a: Tyranitar
|-supereffective|p1a: Tyranitar
|-damage|p1a: Tyranitar|31/100
|move|p1a: Tyranitar|Pursuit|p2a: Rotom
|-damage|p2a: Rotom|65/100
|
|-weather|Sandstorm|[upkeep]
|-damage|p2a: Rotom|59/100|[from] Sandstorm
|upkeep
|turn|17
|
|t:|1732326741
|move|p2a: Rotom|Hydro Pump|p1a: Tyranitar|[miss]
|-miss|p2a: Rotom|p1a: Tyranitar
|move|p1a: Tyranitar|Crunch|p2a: Rotom
|-crit|p2a: Rotom
|-damage|p2a: Rotom|0 fnt
|faint|p2a: Rotom
|
|-weather|Sandstorm|[upkeep]
|upkeep
|
|t:|1732326749
|switch|p2a: Landorus|Landorus-Therian, M|100/100
|-ability|p2a: Landorus|Intimidate|boost
|-unboost|p1a: Tyranitar|atk|1
|turn|18
|
|t:|1732326752
|switch|p1a: Skarmory|Skarmory, M|77/100
|move|p2a: Landorus|Stealth Rock|p1a: Skarmory
|-sidestart|p1: maat4681|move: Stealth Rock
|
|-weather|Sandstorm|[upkeep]
|-heal|p1a: Skarmory|83/100|[from] item: Leftovers
|upkeep
|turn|19
|
|t:|1732326756
|move|p2a: Landorus|U-turn|p1a: Skarmory
|-resisted|p1a: Skarmory
|-damage|p1a: Skarmory|79/100
|
|t:|1732326759
|switch|p2a: Celebi|Celebi|100/100|[from] U-turn
|move|p1a: Skarmory|Spikes|p2a: Celebi
|-sidestart|p2: Blossummm|Spikes
|
|-weather|Sandstorm|[upkeep]
|-damage|p2a: Celebi|94/100|[from] Sandstorm
|-heal|p2a: Celebi|100/100|[from] item: Leftovers
|-heal|p1a: Skarmory|85/100|[from] item: Leftovers
|upkeep
|turn|20
|
|t:|1732326764
|move|p2a: Celebi|Nasty Plot|p2a: Celebi
|-boost|p2a: Celebi|spa|2
|move|p1a: Skarmory|Whirlwind|p2a: Celebi
|drag|p2a: Landorus|Landorus-Therian, M|100/100
|-ability|p2a: Landorus|Intimidate|boost
|-unboost|p1a: Skarmory|atk|1
|
|-weather|Sandstorm|[upkeep]
|-heal|p1a: Skarmory|91/100|[from] item: Leftovers
|upkeep
|turn|21
|
|t:|1732326771
|move|p2a: Landorus|U-turn|p1a: Skarmory
|-resisted|p1a: Skarmory
|-damage|p1a: Skarmory|86/100
|
|t:|1732326776
|switch|p2a: Tyranitar|Tyranitar, F, shiny|88/100|[from] U-turn
|-damage|p2a: Tyranitar|76/100|[from] Spikes
|move|p1a: Skarmory|Spikes|p2a: Tyranitar
|-sidestart|p2: Blossummm|Spikes
|
|-weather|Sandstorm|[upkeep]
|-heal|p1a: Skarmory|92/100|[from] item: Leftovers
|upkeep
|turn|22
|
|t:|1732326798
|switch|p1a: Starmie|Starmie|10/100
|-damage|p1a: Starmie|0 fnt|[from] Stealth Rock
|faint|p1a: Starmie
|move|p2a: Tyranitar|Stone Edge|p1: Starmie|[notarget]
|-fail|p2a: Tyranitar
|
|-weather|Sandstorm|[upkeep]
|upkeep
|
|t:|1732326804
|switch|p1a: Scizor|Scizor, M|100/100
|-damage|p1a: Scizor|88/100|[from] Stealth Rock
|turn|23
|
|t:|1732326810
|move|p1a: Scizor|U-turn|p2a: Tyranitar
|-supereffective|p2a: Tyranitar
|-damage|p2a: Tyranitar|19/100
|
|t:|1732326817
|switch|p1a: Tyranitar|Tyranitar, F|31/100|[from] U-turn
|-damage|p1a: Tyranitar|19/100|[from] Stealth Rock
|move|p2a: Tyranitar|Stone Edge|p1a: Tyranitar
|-damage|p1a: Tyranitar|0 fnt
|faint|p1a: Tyranitar
|
|-weather|Sandstorm|[upkeep]
|upkeep
|
|t:|1732326826
|switch|p1a: Scizor|Scizor, M|88/100
|-damage|p1a: Scizor|76/100|[from] Stealth Rock
|turn|24
|
|t:|1732326833
|move|p1a: Scizor|U-turn|p2a: Tyranitar
|-supereffective|p2a: Tyranitar
|-damage|p2a: Tyranitar|0 fnt
|faint|p2a: Tyranitar
|
|t:|1732326838
|switch|p1a: Skarmory|Skarmory, M|92/100|[from] U-turn
|-damage|p1a: Skarmory|80/100|[from] Stealth Rock
|
|-weather|Sandstorm|[upkeep]
|-heal|p1a: Skarmory|86/100|[from] item: Leftovers
|upkeep
|
|t:|1732326844
|switch|p2a: Celebi|Celebi|100/100
|-damage|p2a: Celebi|84/100|[from] Spikes
|turn|25
|
|t:|1732326847
|move|p2a: Celebi|Hidden Power|p1a: Skarmory
|-supereffective|p1a: Skarmory
|-damage|p1a: Skarmory|53/100
|move|p1a: Skarmory|Whirlwind|p2a: Celebi
|drag|p2a: Landorus|Landorus-Therian, M|100/100
|-ability|p2a: Landorus|Intimidate|boost
|-unboost|p1a: Skarmory|atk|1
|
|-weather|Sandstorm|[upkeep]
|-heal|p1a: Skarmory|59/100|[from] item: Leftovers
|upkeep
|turn|26
|
|t:|1732326856
|move|p2a: Landorus|Hidden Power|p1a: Skarmory
|-damage|p1a: Skarmory|43/100
|move|p1a: Skarmory|Roost|p1a: Skarmory
|-heal|p1a: Skarmory|93/100
|-singleturn|p1a: Skarmory|move: Roost
|
|-weather|Sandstorm|[upkeep]
|-heal|p1a: Skarmory|99/100|[from] item: Leftovers
|upkeep
|turn|27
|
|t:|1732326869
|move|p2a: Landorus|Hidden Power|p1a: Skarmory
|-damage|p1a: Skarmory|83/100
|move|p1a: Skarmory|Spikes|p2a: Landorus
|-sidestart|p2: Blossummm|Spikes
|
|-weather|Sandstorm|[upkeep]
|-heal|p1a: Skarmory|89/100|[from] item: Leftovers
|upkeep
|turn|28
|
|t:|1732326876
|move|p2a: Landorus|U-turn|p1a: Skarmory
|-resisted|p1a: Skarmory
|-damage|p1a: Skarmory|84/100
|
|t:|1732326878
|switch|p2a: Celebi|Celebi|84/100|[from] U-turn
|-damage|p2a: Celebi|59/100|[from] Spikes
|move|p1a: Skarmory|Whirlwind|p2a: Celebi
|drag|p2a: Landorus|Landorus-Therian, M|100/100
|-ability|p2a: Landorus|Intimidate|boost
|-unboost|p1a: Skarmory|atk|1
|
|-weather|Sandstorm|[upkeep]
|-heal|p1a: Skarmory|90/100|[from] item: Leftovers
|upkeep
|turn|29
|
|t:|1732326881
|move|p2a: Landorus|Hidden Power|p1a: Skarmory
|-damage|p1a: Skarmory|75/100
|move|p1a: Skarmory|Whirlwind|p2a: Landorus
|drag|p2a: Celebi|Celebi|59/100
|-damage|p2a: Celebi|34/100|[from] Spikes
|
|-weather|Sandstorm|[upkeep]
|-damage|p2a: Celebi|28/100|[from] Sandstorm
|-heal|p2a: Celebi|34/100|[from] item: Leftovers
|-heal|p1a: Skarmory|81/100|[from] item: Leftovers
|upkeep
|turn|30
|
|t:|1732326888
|move|p2a: Celebi|Recover|p2a: Celebi
|-heal|p2a: Celebi|84/100
|move|p1a: Skarmory|Roost|p1a: Skarmory
|-heal|p1a: Skarmory|100/100
|-singleturn|p1a: Skarmory|move: Roost
|
|-weather|Sandstorm|[upkeep]
|-damage|p2a: Celebi|78/100|[from] Sandstorm
|-heal|p2a: Celebi|84/100|[from] item: Leftovers
|upkeep
|turn|31
|
|t:|1732326896
|move|p2a: Celebi|Recover|p2a: Celebi
|-heal|p2a: Celebi|100/100
|move|p1a: Skarmory|Whirlwind|p2a: Celebi
|drag|p2a: Landorus|Landorus-Therian, M|100/100
|-ability|p2a: Landorus|Intimidate|boost
|-unboost|p1a: Skarmory|atk|1
|
|-weather|Sandstorm|[upkeep]
|upkeep
|turn|32
|
|t:|1732326902
|move|p2a: Landorus|Hidden Power|p1a: Skarmory
|-damage|p1a: Skarmory|84/100
|move|p1a: Skarmory|Spikes||[still]
|-fail|p1a: Skarmory
|
|-weather|Sandstorm|[upkeep]
|-heal|p1a: Skarmory|90/100|[from] item: Leftovers
|upkeep
|turn|33
|
|t:|1732326911
|move|p2a: Landorus|Hidden Power|p1a: Skarmory
|-damage|p1a: Skarmory|74/100
|move|p1a: Skarmory|Whirlwind|p2a: Landorus
|drag|p2a: Celebi|Celebi|100/100
|-damage|p2a: Celebi|76/100|[from] Spikes
|
|-weather|Sandstorm|[upkeep]
|-damage|p2a: Celebi|70/100|[from] Sandstorm
|-heal|p2a: Celebi|76/100|[from] item: Leftovers
|-heal|p1a: Skarmory|80/100|[from] item: Leftovers
|upkeep
|turn|34
|
|t:|1732326923
|move|p2a: Celebi|Hidden Power|p1a: Skarmory
|-supereffective|p1a: Skarmory
|-damage|p1a: Skarmory|50/100
|move|p1a: Skarmory|Whirlwind|p2a: Celebi
|drag|p2a: Landorus|Landorus-Therian, M|100/100
|-ability|p2a: Landorus|Intimidate|boost
|-unboost|p1a: Skarmory|atk|1
|
|-weather|Sandstorm|[upkeep]
|-heal|p1a: Skarmory|56/100|[from] item: Leftovers
|upkeep
|turn|35
|
|t:|1732326934
|move|p2a: Landorus|U-turn|p1a: Skarmory
|-resisted|p1a: Skarmory
|-damage|p1a: Skarmory|52/100
|
|t:|1732326936
|switch|p2a: Celebi|Celebi|76/100|[from] U-turn
|-damage|p2a: Celebi|51/100|[from] Spikes
|move|p1a: Skarmory|Roost|p1a: Skarmory
|-heal|p1a: Skarmory|100/100
|-singleturn|p1a: Skarmory|move: Roost
|
|-weather|Sandstorm|[upkeep]
|-damage|p2a: Celebi|45/100|[from] Sandstorm
|-heal|p2a: Celebi|51/100|[from] item: Leftovers
|upkeep
|turn|36
|
|t:|1732326942
|switch|p1a: Scizor|Scizor, M|76/100
|-damage|p1a: Scizor|63/100|[from] Stealth Rock
|move|p2a: Celebi|Recover|p2a: Celebi
|-heal|p2a: Celebi|100/100
|
|-weather|Sandstorm|[upkeep]
|-damage|p2a: Celebi|94/100|[from] Sandstorm
|-heal|p2a: Celebi|100/100|[from] item: Leftovers
|upkeep
|turn|37
|
|t:|1732326951
|move|p1a: Scizor|U-turn|p2a: Celebi
|-supereffective|p2a: Celebi
|-damage|p2a: Celebi|0 fnt
|faint|p2a: Celebi
|l|☆maat4681
|inactive|maat4681 disconnected and has a minute to reconnect!
|player|p1|
|j| pex890
|j|☆maat4681
|inactive|maat4681 reconnected and has 145 seconds left.
|player|p1|maat4681|wallace|
|
|t:|1732326965
|switch|p1a: Skarmory|Skarmory, M|100/100|[from] U-turn
|-damage|p1a: Skarmory|88/100|[from] Stealth Rock
|
|-weather|Sandstorm|[upkeep]
|-heal|p1a: Skarmory|94/100|[from] item: Leftovers
|upkeep
|
|t:|1732326967
|switch|p2a: Landorus|Landorus-Therian, M|100/100
|-ability|p2a: Landorus|Intimidate|boost
|-unboost|p1a: Skarmory|atk|1
|turn|38
|
|t:|1732326982
|switch|p1a: Latios|Latios, M|12/100
|-damage|p1a: Latios|0 fnt|[from] Stealth Rock
|faint|p1a: Latios
|move|p2a: Landorus|Hidden Power|p1: Latios|[notarget]
|-fail|p2a: Landorus
|
|-weather|Sandstorm|[upkeep]
|upkeep
|
|t:|1732326984
|switch|p1a: Skarmory|Skarmory, M|94/100
|-damage|p1a: Skarmory|82/100|[from] Stealth Rock
|turn|39
|
|t:|1732326988
|move|p2a: Landorus|Hidden Power|p1a: Skarmory
|-damage|p1a: Skarmory|67/100
|move|p1a: Skarmory|Roost|p1a: Skarmory
|-heal|p1a: Skarmory|100/100
|-singleturn|p1a: Skarmory|move: Roost
|
|-weather|Sandstorm|[upkeep]
|upkeep
|turn|40
|
|t:|1732326992
|move|p2a: Landorus|Hidden Power|p1a: Skarmory
|-damage|p1a: Skarmory|86/100
|move|p1a: Skarmory|Brave Bird|p2a: Landorus
|-crit|p2a: Landorus
|-damage|p2a: Landorus|40/100
|-damage|p1a: Skarmory|63/100|[from] Recoil
|
|-weather|Sandstorm|[upkeep]
|-heal|p2a: Landorus|46/100|[from] item: Leftovers
|-heal|p1a: Skarmory|69/100|[from] item: Leftovers
|upkeep
|turn|41
|
|t:|1732326996
|move|p2a: Landorus|Hidden Power|p1a: Skarmory
|-damage|p1a: Skarmory|53/100
|move|p1a: Skarmory|Whirlwind||[still]
|-fail|p1a: Skarmory
|
|-weather|Sandstorm|[upkeep]
|-heal|p2a: Landorus|52/100|[from] item: Leftovers
|-heal|p1a: Skarmory|59/100|[from] item: Leftovers
|upkeep
|turn|42
|
|t:|1732327000
|move|p2a: Landorus|Hidden Power|p1a: Skarmory
|-damage|p1a: Skarmory|44/100
|move|p1a: Skarmory|Roost|p1a: Skarmory
|-heal|p1a: Skarmory|94/100
|-singleturn|p1a: Skarmory|move: Roost
|
|-weather|Sandstorm|[upkeep]
|-heal|p2a: Landorus|58/100|[from] item: Leftovers
|-heal|p1a: Skarmory|99/100|[from] item: Leftovers
|upkeep
|turn|43
|
|t:|1732327003
|move|p2a: Landorus|Hidden Power|p1a: Skarmory
|-damage|p1a: Skarmory|85/100
|move|p1a: Skarmory|Brave Bird|p2a: Landorus
|-damage|p2a: Landorus|30/100
|-damage|p1a: Skarmory|75/100|[from] Recoil
|
|-weather|Sandstorm|[upkeep]
|-heal|p2a: Landorus|36/100|[from] item: Leftovers
|-heal|p1a: Skarmory|81/100|[from] item: Leftovers
|upkeep
|turn|44
|
|t:|1732327007
|move|p2a: Landorus|Hidden Power|p1a: Skarmory
|-damage|p1a: Skarmory|64/100
|move|p1a: Skarmory|Brave Bird|p2a: Landorus
|-damage|p2a: Landorus|6/100
|-damage|p1a: Skarmory|53/100|[from] Recoil
|
|-weather|Sandstorm|[upkeep]
|-heal|p2a: Landorus|12/100|[from] item: Leftovers
|-heal|p1a: Skarmory|59/100|[from] item: Leftovers
|upkeep
|turn|45
|
|t:|1732327010
|move|p2a: Landorus|Hidden Power|p1a: Skarmory
|-damage|p1a: Skarmory|44/100
|move|p1a: Skarmory|Brave Bird|p2a: Landorus
|-damage|p2a: Landorus|0 fnt
|faint|p2a: Landorus
|-damage|p1a: Skarmory|39/100|[from] Recoil
|
|win|maat4681
|raw|maat4681's rating: 1384 &rarr; <strong>1402</strong><br />(+18 for winning)
|raw|Blossummm's rating: 1341 &rarr; <strong>1323</strong><br />(-18 for losing)
|l|☆Blossummm
|player|p2|
|l|☆maat4681
|player|p1|
|j| Igktor
|c| Igktor|gg
