|j|☆Bossvgl
|j|☆daddy_days2
|t:|1741716550
|gametype|singles
|player|p1|Bossvgl|1|1317
|player|p2|daddy_days2|benga|1376
|teamsize|p1|6
|teamsize|p2|6
|gen|5
|tier|[Gen 5] OU
|rated|
|rule|Species Clause: Limit one of each Pokémon
|rule|OHKO Clause: OHKO moves are banned
|rule|Moody Clause: Moody is banned
|rule|Evasion Items Clause: Evasion items are banned
|rule|Evasion Moves Clause: Evasion moves are banned
|rule|Endless Battle Clause: Forcing endless battles is banned
|rule|HP Percentage Mod: HP is shown in percentages
|rule|Evasion Abilities Clause: Evasion abilities are banned
|rule|Sleep Moves Clause: Sleep-inducing moves are banned
|rule|Swagger Clause: Swagger is banned
|rule|Baton Pass Stat Clause: No Baton Passer may have a way to boost its stats
|clearpoke
|poke|p1|Tyranitar, F|item
|poke|p1|Mamoswine, F|item
|poke|p1|Alakazam, F|item
|poke|p1|Latios, M|item
|poke|p1|Heatran, F|item
|poke|p1|Keldeo-Resolute|item
|poke|p2|Kyurem-Black|item
|poke|p2|Garchomp, M|item
|poke|p2|Conkeldurr, M|item
|poke|p2|Starmie|item
|poke|p2|Bisharp, F|item
|poke|p2|Scyther, M|item
|teampreview
|
|t:|1741716582
|start
|switch|p1a: Latios|Latios, M|100/100
|switch|p2a: Blade|Scyther, M|100/100
|turn|1
|
|t:|1741716590
|move|p2a: Blade|U-turn|p1a: Latios
|-supereffective|p1a: Latios
|-damage|p1a: Latios|0 fnt
|faint|p1a: Latios
|
|t:|1741716613
|switch|p2a: Insane Dwayne|Kyurem-Black|100/100|[from] U-turn
|-ability|p2a: Insane Dwayne|Teravolt
|
|upkeep
|
|t:|1741716619
|switch|p1a: Keldeo|Keldeo-Resolute|100/100
|turn|2
|
|t:|1741716625
|switch|p2a: Starlight|Starmie|100/100
|move|p1a: Keldeo|Secret Sword|p2a: Starlight
|-resisted|p2a: Starlight
|-damage|p2a: Starlight|72/100
|
|-heal|p2a: Starlight|78/100|[from] item: Leftovers
|upkeep
|turn|3
|
|t:|1741716634
|switch|p1a: Tyranitar|Tyranitar, F|100/100
|-weather|Sandstorm|[from] ability: Sand Stream|[of] p1a: Tyranitar
|move|p2a: Starlight|Thunder Wave|p1a: Tyranitar
|-status|p1a: Tyranitar|par
|
|-weather|Sandstorm|[upkeep]
|-damage|p2a: Starlight|72/100|[from] Sandstorm
|-heal|p2a: Starlight|78/100|[from] item: Leftovers
|upkeep
|turn|4
|
|t:|1741716647
|-activate|p2a: Starlight|move: Pursuit
|cant|p1a: Tyranitar|par
|switch|p2a: Painkiller|Garchomp, M|100/100
|
|-weather|Sandstorm|[upkeep]
|upkeep
|turn|5
|
|t:|1741716655
|switch|p1a: Mamoswine|Mamoswine, F|100/100
|move|p2a: Painkiller|Stealth Rock|p1a: Mamoswine
|-sidestart|p1: Bossvgl|move: Stealth Rock
|
|-weather|Sandstorm|[upkeep]
|upkeep
|turn|6
|
|t:|1741716667
|move|p1a: Mamoswine|Stealth Rock|p2a: Painkiller
|-sidestart|p2: daddy_days2|move: Stealth Rock
|move|p2a: Painkiller|Earthquake|p1a: Mamoswine
|-damage|p1a: Mamoswine|52/100
|
|-weather|Sandstorm|[upkeep]
|upkeep
|turn|7
|
|t:|1741716674
|move|p1a: Mamoswine|Icicle Crash|p2a: Painkiller
|-supereffective|p2a: Painkiller
|-damage|p2a: Painkiller|0 fnt
|faint|p2a: Painkiller
|
|-weather|Sandstorm|[upkeep]
|upkeep
|
|t:|1741716681
|switch|p2a: Starlight|Starmie|78/100
|-damage|p2a: Starlight|66/100|[from] Stealth Rock
|turn|8
|
|t:|1741716692
|move|p2a: Starlight|Rapid Spin|p1a: Mamoswine
|-damage|p1a: Mamoswine|49/100
|-sideend|p2: daddy_days2|Stealth Rock|[from] move: Rapid Spin|[of] p2a: Starlight
|move|p1a: Mamoswine|Earthquake|p2a: Starlight
|-damage|p2a: Starlight|5/100
|
|-weather|Sandstorm|[upkeep]
|-damage|p2a: Starlight|0 fnt|[from] Sandstorm
|faint|p2a: Starlight
|upkeep
|j| TripleRhu
|
|t:|1741716702
|switch|p2a: Shrekster|Conkeldurr, M|100/100
|turn|9
|
|t:|1741716710
|switch|p1a: Keldeo|Keldeo-Resolute|100/100
|-damage|p1a: Keldeo|94/100|[from] Stealth Rock
|move|p2a: Shrekster|Mach Punch|p1a: Keldeo
|-damage|p1a: Keldeo|62/100
|
|-weather|Sandstorm|[upkeep]
|-damage|p1a: Keldeo|56/100|[from] Sandstorm
|-damage|p2a: Shrekster|94/100|[from] Sandstorm
|-heal|p2a: Shrekster|100/100|[from] item: Leftovers
|upkeep
|turn|10
|
|t:|1741716751
|move|p2a: Shrekster|Mach Punch|p1a: Keldeo
|-damage|p1a: Keldeo|21/100
|move|p1a: Keldeo|Hydro Pump|p2a: Shrekster|[miss]
|-miss|p1a: Keldeo|p2a: Shrekster
|
|-weather|Sandstorm|[upkeep]
|-damage|p1a: Keldeo|15/100|[from] Sandstorm
|-damage|p2a: Shrekster|94/100|[from] Sandstorm
|-heal|p2a: Shrekster|100/100|[from] item: Leftovers
|upkeep
|turn|11
|
|t:|1741716761
|move|p2a: Shrekster|Mach Punch|p1a: Keldeo
|-damage|p1a: Keldeo|0 fnt
|faint|p1a: Keldeo
|
|-weather|Sandstorm|[upkeep]
|-damage|p2a: Shrekster|94/100|[from] Sandstorm
|-heal|p2a: Shrekster|100/100|[from] item: Leftovers
|upkeep
|
|t:|1741716765
|switch|p1a: Alakazam|Alakazam, F|100/100
|turn|12
|
|t:|1741716774
|move|p2a: Shrekster|Mach Punch|p1a: Alakazam
|-resisted|p1a: Alakazam
|-damage|p1a: Alakazam|62/100
|move|p1a: Alakazam|Psyshock|p2a: Shrekster
|-supereffective|p2a: Shrekster
|-crit|p2a: Shrekster
|-damage|p2a: Shrekster|0 fnt
|faint|p2a: Shrekster
|
|-weather|Sandstorm|[upkeep]
|upkeep
|
|t:|1741716784
|switch|p2a: Blade|Scyther, M|100/100
|turn|13
|
|t:|1741716789
|switch|p1a: Heatran|Heatran, F|100/100
|-damage|p1a: Heatran|88/100|[from] Stealth Rock
|move|p2a: Blade|U-turn|p1a: Heatran
|-resisted|p1a: Heatran
|-damage|p1a: Heatran|81/100
|
|t:|1741716796
|switch|p2a: Insane Dwayne|Kyurem-Black|100/100|[from] U-turn
|-ability|p2a: Insane Dwayne|Teravolt
|
|-weather|Sandstorm|[upkeep]
|-damage|p2a: Insane Dwayne|94/100|[from] Sandstorm
|-heal|p1a: Heatran|87/100|[from] item: Leftovers
|upkeep
|turn|14
|
|t:|1741716806
|move|p2a: Insane Dwayne|Outrage|p1a: Heatran
|-resisted|p1a: Heatran
|-damage|p1a: Heatran|33/100
|move|p1a: Heatran|Lava Plume|p2a: Insane Dwayne
|-damage|p2a: Insane Dwayne|64/100
|
|-weather|Sandstorm|[upkeep]
|-damage|p2a: Insane Dwayne|58/100|[from] Sandstorm
|-heal|p1a: Heatran|39/100|[from] item: Leftovers
|upkeep
|turn|15
|l| TripleRhu
|
|t:|1741716817
|move|p2a: Insane Dwayne|Outrage|p1a: Heatran|[from] lockedmove
|-resisted|p1a: Heatran
|-damage|p1a: Heatran|0 fnt
|faint|p1a: Heatran
|-start|p2a: Insane Dwayne|confusion|[fatigue]
|
|-weather|Sandstorm|[upkeep]
|-damage|p2a: Insane Dwayne|51/100|[from] Sandstorm
|upkeep
|
|t:|1741716821
|switch|p1a: Alakazam|Alakazam, F|62/100
|turn|16
|
|t:|1741716830
|switch|p2a: Blade|Scyther, M|100/100
|move|p1a: Alakazam|Focus Blast|p2a: Blade
|-resisted|p2a: Blade
|-damage|p2a: Blade|86/100
|
|-weather|Sandstorm|[upkeep]
|-damage|p2a: Blade|80/100|[from] Sandstorm
|upkeep
|turn|17
|
|t:|1741716840
|move|p2a: Blade|U-turn|p1a: Alakazam
|-supereffective|p1a: Alakazam
|-damage|p1a: Alakazam|0 fnt
|faint|p1a: Alakazam
|-message|Bossvgl forfeited.
|
|win|daddy_days2
|raw|Bossvgl's rating: 1317 &rarr; <strong>1300</strong><br />(-17 for losing)
|raw|daddy_days2's rating: 1376 &rarr; <strong>1393</strong><br />(+17 for winning)
|l|☆Bossvgl
|player|p1|
