|join|Sneakypanda
|join|I enjoy death?
|player|p1|Sneakypanda|8
|player|p2|I enjoy death?|124
|gametype|singles
|gen|5
|tier|[Gen 5] OU
|rated
|rule|Evasion Abilities Clause: Evasion abilities are banned
|clearpoke
|poke|p1|Scizor, F
|poke|p1|Togekiss, M
|poke|p1|Hippowdon, F
|poke|p1|Infernape, M
|poke|p1|Terrakion
|poke|p1|Sableye, M
|poke|p2|Dragonite, F
|poke|p2|Salamence, F
|poke|p2|Scizor, F
|poke|p2|Starmie
|poke|p2|Mamoswine, F
|poke|p2|Terrakion
|rule|Sleep Clause Mod: Limit one foe put to sleep
|rule|Species Clause: Limit one of each Pokemon
|rule|OHKO Clause: OHKO moves are banned
|rule|Moody Clause: Moody is banned
|rule|Evasion Moves Clause: Evasion moves are banned
|rule|Endless Battle Clause: Forcing endless battles is banned.
|rule|HP Percentage Mod: HP is reported as percentages
|teampreview
|
|start
|switch|p1a: Infernape|Infernape, M|293/293
|switch|p2a: IN AGONIZING PAIN|Starmie|261/261
|turn|1
|
|move|p2a: IN AGONIZING PAIN|Surf|p1a: Infernape
|-supereffective|p1a: Infernape
|-enditem|p1a: Infernape|Focus Sash
|-damage|p1a: Infernape|1/293
|-damage|p2a: IN AGONIZING PAIN|235/261|[from] item: Life Orb
|move|p1a: Infernape|Stealth Rock|p2a: IN AGONIZING PAIN
|-sidestart|p2: I enjoy death?|move: Stealth Rock
|
|turn|2
|
|switch|p1a: Sableye|Sableye, M|303/303
|move|p2a: IN AGONIZING PAIN|Surf|p1a: Sableye
|-damage|p1a: Sableye|61/303
|-damage|p2a: IN AGONIZING PAIN|209/261|[from] item: Life Orb
|
|-heal|p1a: Sableye|79/303|[from] item: Leftovers
|turn|3
|
|move|p1a: Sableye|Recover|p1a: Sableye
|-heal|p1a: Sableye|231/303
|move|p2a: IN AGONIZING PAIN|Surf|p1a: Sableye
|-damage|p1a: Sableye|9/303
|-damage|p2a: IN AGONIZING PAIN|183/261|[from] item: Life Orb
|
|-heal|p1a: Sableye|27/303|[from] item: Leftovers
|turn|4
|
|move|p1a: Sableye|Will-O-Wisp|p2a: IN AGONIZING PAIN
|-status|p2a: IN AGONIZING PAIN|brn
|move|p2a: IN AGONIZING PAIN|Surf|p1a: Sableye
|-damage|p1a: Sableye|0 fnt
|-damage|p2a: IN AGONIZING PAIN|157/261 brn|[from] item: Life Orb
|faint|p1a: Sableye
|
|-damage|p2a: IN AGONIZING PAIN|125/261 brn|[from] brn
|
|switch|p1a: Scizor|Scizor, F|344/344
|turn|5
|
|move|p1a: Scizor|Bullet Punch|p2a: IN AGONIZING PAIN
|-resisted|p2a: IN AGONIZING PAIN
|-damage|p2a: IN AGONIZING PAIN|25/261 brn
|move|p2a: IN AGONIZING PAIN|Rapid Spin|p1a: Scizor
|-resisted|p1a: Scizor
|-damage|p1a: Scizor|340/344
|-sideend|p2: I enjoy death?|Stealth Rock|[from] move: Rapid Spin|[of] p2a: IN AGONIZING PAIN
|-damage|p2a: IN AGONIZING PAIN|0 fnt|[from] item: Life Orb
|faint|p2a: IN AGONIZING PAIN
|
|
|switch|p2a: SCZR|Scizor, F|331/331
|turn|6
|
|switch|p1a: Togekiss|Togekiss, M|312/312
|move|p2a: SCZR|U-turn|p1a: Togekiss
|-resisted|p1a: Togekiss
|-damage|p1a: Togekiss|204/312
|
|switch|p2a: IN AGONIZING PAIN|Terrakion|323/323
|
|turn|7
|
|move|p1a: Togekiss|Air Slash|p2a: IN AGONIZING PAIN|[miss]
|-miss|p1a: Togekiss|p2a: IN AGONIZING PAIN
|move|p2a: IN AGONIZING PAIN|Stealth Rock|p1a: Togekiss
|-sidestart|p1: Sneakypanda|move: Stealth Rock
|
|turn|8
|
|switch|p2a: Kevin's Dragonite|Dragonite, F|333/333
|move|p1a: Togekiss|Air Slash|p2a: Kevin's Dragonite
|-damage|p2a: Kevin's Dragonite|270/333
|
|turn|9
|
|move|p1a: Togekiss|Air Slash|p2a: Kevin's Dragonite
|-damage|p2a: Kevin's Dragonite|143/333
|cant|p2a: Kevin's Dragonite|flinch
|
|turn|10
|
|move|p2a: Kevin's Dragonite|Extreme Speed|p1a: Togekiss
|-damage|p1a: Togekiss|96/312
|move|p1a: Togekiss|Air Slash|p2a: Kevin's Dragonite
|-crit|p2a: Kevin's Dragonite
|-damage|p2a: Kevin's Dragonite|0 fnt
|faint|p2a: Kevin's Dragonite
|
|
|switch|p2a: MMSWN|Mamoswine, F|361/361
|turn|11
|
|switch|p1a: Terrakion|Terrakion|359/359
|-damage|p1a: Terrakion|337/359|[from] Stealth Rock
|move|p2a: MMSWN|Ice Shard|p1a: Terrakion
|-damage|p1a: Terrakion|242/359
|-damage|p2a: MMSWN|325/361|[from] item: Life Orb
|
|turn|12
|
|switch|p2a: IN AGONIZING PAIN|Terrakion|323/323
|move|p1a: Terrakion|Sacred Sword|p2a: IN AGONIZING PAIN
|-supereffective|p2a: IN AGONIZING PAIN
|-enditem|p2a: IN AGONIZING PAIN|Focus Sash
|-damage|p2a: IN AGONIZING PAIN|1/323
|
|turn|13
|
|move|p1a: Terrakion|Sacred Sword|p2a: IN AGONIZING PAIN
|-supereffective|p2a: IN AGONIZING PAIN
|-damage|p2a: IN AGONIZING PAIN|0 fnt
|faint|p2a: IN AGONIZING PAIN
|
|
|switch|p2a: Kevin's Salamence|Salamence, F|331/331
|turn|14
|
|switch|p1a: Hippowdon|Hippowdon, F|420/420
|-damage|p1a: Hippowdon|394/420|[from] Stealth Rock
|-weather|Sandstorm|[from] ability: Sand Stream|[of] p1a: Hippowdon
|move|p2a: Kevin's Salamence|Dragon Dance|p2a: Kevin's Salamence
|-boost|p2a: Kevin's Salamence|atk|1
|-boost|p2a: Kevin's Salamence|spe|1
|
|-weather|Sandstorm|[upkeep]
|-damage|p2a: Kevin's Salamence|311/331|[from] sandstorm
|-heal|p1a: Hippowdon|420/420|[from] item: Leftovers
|turn|15
|
|move|p2a: Kevin's Salamence|Outrage|p1a: Hippowdon
|-damage|p1a: Hippowdon|192/420
|move|p1a: Hippowdon|Ice Fang|p2a: Kevin's Salamence
|-supereffective|p2a: Kevin's Salamence
|-damage|p2a: Kevin's Salamence|63/331
|
|-weather|Sandstorm|[upkeep]
|-damage|p2a: Kevin's Salamence|43/331|[from] sandstorm
|-heal|p1a: Hippowdon|218/420|[from] item: Leftovers
|turn|16
|
|switch|p1a: Scizor|Scizor, F|340/344
|-damage|p1a: Scizor|297/344|[from] Stealth Rock
|move|p2a: Kevin's Salamence|Outrage|p1a: Scizor
|-resisted|p1a: Scizor
|-damage|p1a: Scizor|112/344
|
|-end|p2a: Kevin's Salamence|rampage
|-start|p2a: Kevin's Salamence|confusion
|-weather|Sandstorm|[upkeep]
|-damage|p2a: Kevin's Salamence|23/331|[from] sandstorm
|-enditem|p2a: Kevin's Salamence|Lum Berry|[eat]
|-end|p2a: Kevin's Salamence|confusion
|turn|17
|
|move|p1a: Scizor|Bullet Punch|p2a: Kevin's Salamence
|-damage|p2a: Kevin's Salamence|0 fnt
|faint|p2a: Kevin's Salamence
|
|-weather|Sandstorm|[upkeep]
|
|switch|p2a: SCZR|Scizor, F|331/331
|turn|18
|
|move|p2a: SCZR|Bullet Punch|p1a: Scizor
|-resisted|p1a: Scizor
|-damage|p1a: Scizor|21/344
|move|p1a: Scizor|Bullet Punch|p2a: SCZR
|-resisted|p2a: SCZR
|-damage|p2a: SCZR|244/331
|
|-weather|Sandstorm|[upkeep]
|turn|19
|
|move|p2a: SCZR|Bullet Punch|p1a: Scizor
|-resisted|p1a: Scizor
|-damage|p1a: Scizor|0 fnt
|faint|p1a: Scizor
|
|-weather|Sandstorm|[upkeep]
|
|switch|p1a: Hippowdon|Hippowdon, F|218/420
|-damage|p1a: Hippowdon|192/420|[from] Stealth Rock
|turn|20
|
|switch|p2a: MMSWN|Mamoswine, F|325/361
|move|p1a: Hippowdon|Slack Off|p1a: Hippowdon
|-heal|p1a: Hippowdon|402/420
|
|-weather|Sandstorm|[upkeep]
|-heal|p1a: Hippowdon|420/420|[from] item: Leftovers
|turn|21
|
|switch|p1a: Terrakion|Terrakion|242/359
|-damage|p1a: Terrakion|220/359|[from] Stealth Rock
|move|p2a: MMSWN|Icicle Crash|p1a: Terrakion
|-damage|p1a: Terrakion|17/359
|-damage|p2a: MMSWN|289/361|[from] item: Life Orb
|
|-weather|Sandstorm|[upkeep]
|turn|22
|
|move|p2a: MMSWN|Ice Shard|p1a: Terrakion
|-damage|p1a: Terrakion|0 fnt
|-damage|p2a: MMSWN|253/361|[from] item: Life Orb
|faint|p1a: Terrakion
|
|-weather|Sandstorm|[upkeep]
|
|switch|p1a: Togekiss|Togekiss, M|96/312
|-damage|p1a: Togekiss|18/312|[from] Stealth Rock
|turn|23
|
|move|p2a: MMSWN|Ice Shard|p1a: Togekiss
|-supereffective|p1a: Togekiss
|-damage|p1a: Togekiss|0 fnt
|-damage|p2a: MMSWN|217/361|[from] item: Life Orb
|faint|p1a: Togekiss
|
|-weather|Sandstorm|[upkeep]
|
|switch|p1a: Hippowdon|Hippowdon, F|420/420
|-damage|p1a: Hippowdon|394/420|[from] Stealth Rock
|turn|24
|
|move|p2a: MMSWN|Icicle Crash|p1a: Hippowdon
|-supereffective|p1a: Hippowdon
|-damage|p1a: Hippowdon|129/420
|-damage|p2a: MMSWN|181/361|[from] item: Life Orb
|move|p1a: Hippowdon|Earthquake|p2a: MMSWN
|-damage|p2a: MMSWN|16/361
|
|-weather|Sandstorm|[upkeep]
|-heal|p1a: Hippowdon|155/420|[from] item: Leftovers
|turn|25
|
|move|p2a: MMSWN|Icicle Crash|p1a: Hippowdon
|-supereffective|p1a: Hippowdon
|-damage|p1a: Hippowdon|0 fnt
|-damage|p2a: MMSWN|0 fnt|[from] item: Life Orb
|faint|p1a: Hippowdon
|faint|p2a: MMSWN
|
|-weather|Sandstorm|[upkeep]
|
|switch|p1a: Infernape|Infernape, M|1/293
|-damage|p1a: Infernape|0 fnt|[from] Stealth Rock
|faint|p1a: Infernape
|
|win|I enjoy death?
|raw|Ladder updating...
|raw|Sneakypanda's rating: 1393 &rarr; <strong>1369</strong><br />(-24 for losing)
|raw|I enjoy death?'s rating: 1317 &rarr; <strong>1341</strong><br />(+24 for winning)
|chat|I enjoy death?|gg
|leave|Sneakypanda
|player|p1