|j|☆BW LORDD MOONMAN
|j|‽lilou in badeanzug
|t:|1707483261
|gametype|singles
|player|p1|BW LORDD MOONMAN|lucas|1564
|player|p2|lilou in badeanzug|266|1506
|teamsize|p1|6
|teamsize|p2|6
|gen|5
|tier|[Gen 5] OU
|rated|
|rule|Species Clause: Limit one of each Pokémon
|rule|OHKO Clause: OHKO moves are banned
|rule|Moody Clause: Moody is banned
|rule|Evasion Items Clause: Evasion items are banned
|rule|Evasion Moves Clause: Evasion moves are banned
|rule|Endless Battle Clause: Forcing endless battles is banned
|rule|HP Percentage Mod: HP is shown in percentages
|rule|Evasion Abilities Clause: Evasion abilities are banned
|rule|Sleep Moves Clause: Sleep-inducing moves are banned
|rule|Swagger Clause: Swagger is banned
|rule|Baton Pass Stat Clause: No Baton Passer may have a way to boost its stats
|clearpoke
|poke|p1|Latios, M|item
|poke|p1|Jirachi|item
|poke|p1|Magnezone|item
|poke|p1|Starmie|item
|poke|p1|Dragonite, M|item
|poke|p1|Garchomp, F|item
|poke|p2|Latios, M|item
|poke|p2|Gliscor, M|item
|poke|p2|Jellicent, M|item
|poke|p2|Forretress, F|item
|poke|p2|Reuniclus, F|item
|poke|p2|Chansey, F|item
|teampreview
|
|t:|1707483274
|start
|switch|p1a: Garchomp|Garchomp, F|100/100
|switch|p2a: Chansey|Chansey, F|100/100
|turn|1
|
|t:|1707483283
|move|p1a: Garchomp|Stealth Rock|p2a: Chansey
|-sidestart|p2: lilou in badeanzug|move: Stealth Rock
|move|p2a: Chansey|Toxic|p1a: Garchomp
|-status|p1a: Garchomp|tox
|
|-damage|p1a: Garchomp|94/100 tox|[from] psn
|upkeep
|turn|2
|
|t:|1707483288
|switch|p1a: Jirachi|Jirachi|100/100
|move|p2a: Chansey|Stealth Rock|p1a: Jirachi
|-sidestart|p1: BW LORDD MOONMAN|move: Stealth Rock
|
|upkeep
|turn|3
|
|t:|1707483295
|switch|p2a: Gliscor|Gliscor, M|100/100
|-damage|p2a: Gliscor|88/100|[from] Stealth Rock
|move|p1a: Jirachi|Trick|p2a: Gliscor
|-activate|p1a: Jirachi|move: Trick|[of] p2a: Gliscor
|-item|p2a: Gliscor|Choice Scarf|[from] move: Trick
|-item|p1a: Jirachi|Toxic Orb|[from] move: Trick
|
|upkeep
|turn|4
|
|t:|1707483305
|switch|p1a: Starmie|Starmie|100/100
|-damage|p1a: Starmie|88/100|[from] Stealth Rock
|-item|p1a: Starmie|Air Balloon
|move|p2a: Gliscor|Facade|p1a: Starmie
|-damage|p1a: Starmie|64/100
|-enditem|p1a: Starmie|Air Balloon
|
|upkeep
|turn|5
|
|t:|1707483313
|switch|p2a: Chansey|Chansey, F|100/100
|-damage|p2a: Chansey|88/100|[from] Stealth Rock
|move|p1a: Starmie|Hidden Power|p2a: Chansey
|-damage|p2a: Chansey|79/100
|
|upkeep
|turn|6
|
|t:|1707483316
|move|p1a: Starmie|Rapid Spin|p2a: Chansey
|-damage|p2a: Chansey|78/100
|-sideend|p1: BW LORDD MOONMAN|Stealth Rock|[from] move: Rapid Spin|[of] p1a: Starmie
|move|p2a: Chansey|Seismic Toss|p1a: Starmie
|-damage|p1a: Starmie|26/100
|
|upkeep
|turn|7
|
|t:|1707483319
|switch|p1a: Dragonite|Dragonite, M|100/100
|move|p2a: Chansey|Stealth Rock|p1a: Dragonite
|-sidestart|p1: BW LORDD MOONMAN|move: Stealth Rock
|
|upkeep
|turn|8
|
|t:|1707483338
|move|p1a: Dragonite|Dragon Dance|p1a: Dragonite
|-boost|p1a: Dragonite|atk|1
|-boost|p1a: Dragonite|spe|1
|move|p2a: Chansey|Toxic|p1a: Dragonite
|-status|p1a: Dragonite|tox
|-enditem|p1a: Dragonite|Lum Berry|[eat]
|-curestatus|p1a: Dragonite|tox|[msg]
|
|upkeep
|turn|9
|
|t:|1707483343
|switch|p2a: Forretress|Forretress, F|100/100
|-damage|p2a: Forretress|88/100|[from] Stealth Rock
|move|p1a: Dragonite|Outrage|p2a: Forretress
|-resisted|p2a: Forretress
|-damage|p2a: Forretress|59/100
|
|-heal|p2a: Forretress|65/100|[from] item: Leftovers
|upkeep
|turn|10
|
|t:|1707483349
|move|p1a: Dragonite|Outrage|p2a: Forretress|[from]lockedmove
|-resisted|p2a: Forretress
|-crit|p2a: Forretress
|-damage|p2a: Forretress|7/100
|-start|p1a: Dragonite|confusion|[fatigue]
|move|p2a: Forretress|Pain Split|p1a: Dragonite
|-sethp|p1a: Dragonite|54/100|[from] move: Pain Split|[silent]
|-sethp|p2a: Forretress|49/100|[from] move: Pain Split
|
|-heal|p2a: Forretress|56/100|[from] item: Leftovers
|upkeep
|turn|11
|
|t:|1707483360
|-activate|p1a: Dragonite|confusion
|move|p1a: Dragonite|Outrage|p2a: Forretress
|-resisted|p2a: Forretress
|-damage|p2a: Forretress|25/100
|move|p2a: Forretress|Rapid Spin|p1a: Dragonite
|-damage|p1a: Dragonite|50/100
|-sideend|p2: lilou in badeanzug|Stealth Rock|[from] move: Rapid Spin|[of] p2a: Forretress
|
|-heal|p2a: Forretress|31/100|[from] item: Leftovers
|upkeep
|turn|12
|
|t:|1707483367
|-activate|p1a: Dragonite|confusion
|-damage|p1a: Dragonite|26/100|[from] confusion
|move|p2a: Forretress|Pain Split|p1a: Dragonite
|-sethp|p1a: Dragonite|30/100|[from] move: Pain Split|[silent]
|-sethp|p2a: Forretress|27/100|[from] move: Pain Split
|
|-heal|p2a: Forretress|34/100|[from] item: Leftovers
|upkeep
|turn|13
|
|t:|1707483371
|-activate|p1a: Dragonite|confusion
|-damage|p1a: Dragonite|3/100|[from] confusion
|move|p2a: Forretress|Spikes|p1a: Dragonite
|-sidestart|p1: BW LORDD MOONMAN|Spikes
|
|-heal|p2a: Forretress|40/100|[from] item: Leftovers
|upkeep
|turn|14
|
|t:|1707483376
|-end|p1a: Dragonite|confusion
|move|p1a: Dragonite|Fire Punch|p2a: Forretress
|-supereffective|p2a: Forretress
|-damage|p2a: Forretress|0 fnt
|faint|p2a: Forretress
|
|upkeep
|
|t:|1707483381
|switch|p2a: Gliscor|Gliscor, M|88/100
|turn|15
|
|t:|1707483384
|move|p2a: Gliscor|Facade|p1a: Dragonite
|-damage|p1a: Dragonite|0 fnt
|faint|p1a: Dragonite
|
|upkeep
|
|t:|1707483388
|switch|p1a: Jirachi|Jirachi|100/100
|-damage|p1a: Jirachi|94/100|[from] Stealth Rock
|-damage|p1a: Jirachi|82/100|[from] Spikes
|turn|16
|
|t:|1707483394
|move|p2a: Gliscor|Facade|p1a: Jirachi
|-resisted|p1a: Jirachi
|-damage|p1a: Jirachi|75/100
|move|p1a: Jirachi|Ice Punch|p2a: Gliscor
|-supereffective|p2a: Gliscor
|-damage|p2a: Gliscor|30/100
|
|upkeep
|turn|17
|
|t:|1707483401
|switch|p2a: Reuniclus|Reuniclus, F|100/100
|move|p1a: Jirachi|Ice Punch|p2a: Reuniclus
|-damage|p2a: Reuniclus|86/100
|
|-heal|p2a: Reuniclus|92/100|[from] item: Leftovers
|upkeep
|turn|18
|
|t:|1707483411
|switch|p2a: Gliscor|Gliscor, M|30/100
|move|p1a: Jirachi|Ice Punch|p2a: Gliscor
|-supereffective|p2a: Gliscor
|-damage|p2a: Gliscor|0 fnt
|faint|p2a: Gliscor
|
|upkeep
|
|t:|1707483431
|switch|p2a: Latios|Latios, M|100/100
|turn|19
|
|t:|1707483435
|switch|p1a: Starmie|Starmie|26/100
|-damage|p1a: Starmie|14/100|[from] Stealth Rock
|-damage|p1a: Starmie|2/100|[from] Spikes
|move|p2a: Latios|Surf|p1a: Starmie
|-resisted|p1a: Starmie
|-damage|p1a: Starmie|0 fnt
|faint|p1a: Starmie
|
|upkeep
|
|t:|1707483438
|switch|p1a: Latios|Latios, M|100/100
|-damage|p1a: Latios|88/100|[from] Stealth Rock
|turn|20
|
|t:|1707483445
|switch|p2a: Chansey|Chansey, F|78/100
|move|p1a: Latios|Calm Mind|p1a: Latios
|-boost|p1a: Latios|spa|1
|-boost|p1a: Latios|spd|1
|
|upkeep
|turn|21
|
|t:|1707483449
|move|p1a: Latios|Psyshock|p2a: Chansey
|-damage|p2a: Chansey|38/100
|move|p2a: Chansey|Soft-Boiled|p2a: Chansey
|-heal|p2a: Chansey|88/100
|
|upkeep
|turn|22
|
|t:|1707483461
|move|p1a: Latios|Psyshock|p2a: Chansey
|-damage|p2a: Chansey|48/100
|move|p2a: Chansey|Toxic|p1a: Latios
|-status|p1a: Latios|tox
|
|-damage|p1a: Latios|82/100 tox|[from] psn
|upkeep
|turn|23
|
|t:|1707483465
|move|p1a: Latios|Calm Mind|p1a: Latios
|-boost|p1a: Latios|spa|1
|-boost|p1a: Latios|spd|1
|move|p2a: Chansey|Soft-Boiled|p2a: Chansey
|-heal|p2a: Chansey|98/100
|
|-damage|p1a: Latios|70/100 tox|[from] psn
|upkeep
|turn|24
|
|t:|1707483468
|move|p1a: Latios|Calm Mind|p1a: Latios
|-boost|p1a: Latios|spa|1
|-boost|p1a: Latios|spd|1
|move|p2a: Chansey|Soft-Boiled|p2a: Chansey
|-heal|p2a: Chansey|100/100
|
|-damage|p1a: Latios|52/100 tox|[from] psn
|upkeep
|turn|25
|
|t:|1707483471
|move|p1a: Latios|Psyshock|p2a: Chansey
|-damage|p2a: Chansey|31/100
|move|p2a: Chansey|Soft-Boiled|p2a: Chansey
|-heal|p2a: Chansey|81/100
|
|-damage|p1a: Latios|28/100 tox|[from] psn
|upkeep
|turn|26
|
|t:|1707483474
|move|p1a: Latios|Psyshock|p2a: Chansey
|-damage|p2a: Chansey|15/100
|move|p2a: Chansey|Soft-Boiled|p2a: Chansey
|-heal|p2a: Chansey|65/100
|
|-damage|p1a: Latios|0 fnt|[from] psn
|faint|p1a: Latios
|upkeep
|
|t:|1707483476
|switch|p1a: Jirachi|Jirachi|75/100
|-damage|p1a: Jirachi|69/100|[from] Stealth Rock
|-damage|p1a: Jirachi|56/100|[from] Spikes
|turn|27
|
|t:|1707483501
|switch|p2a: Reuniclus|Reuniclus, F|92/100
|move|p1a: Jirachi|Iron Head|p2a: Reuniclus
|-damage|p2a: Reuniclus|70/100
|
|-heal|p2a: Reuniclus|76/100|[from] item: Leftovers
|upkeep
|turn|28
|
|t:|1707483515
|move|p1a: Jirachi|Iron Head|p2a: Reuniclus
|-damage|p2a: Reuniclus|52/100
|cant|p2a: Reuniclus|flinch
|
|-heal|p2a: Reuniclus|58/100|[from] item: Leftovers
|upkeep
|turn|29
|
|t:|1707483519
|move|p1a: Jirachi|Iron Head|p2a: Reuniclus
|-damage|p2a: Reuniclus|35/100
|move|p2a: Reuniclus|Recover|p2a: Reuniclus
|-heal|p2a: Reuniclus|85/100
|
|-heal|p2a: Reuniclus|92/100|[from] item: Leftovers
|upkeep
|turn|30
|
|t:|1707483523
|move|p1a: Jirachi|Iron Head|p2a: Reuniclus
|-damage|p2a: Reuniclus|70/100
|cant|p2a: Reuniclus|flinch
|
|-heal|p2a: Reuniclus|76/100|[from] item: Leftovers
|upkeep
|turn|31
|
|t:|1707483526
|move|p1a: Jirachi|Iron Head|p2a: Reuniclus
|-damage|p2a: Reuniclus|53/100
|move|p2a: Reuniclus|Recover|p2a: Reuniclus
|-heal|p2a: Reuniclus|100/100
|
|upkeep
|turn|32
|
|t:|1707483531
|move|p1a: Jirachi|Ice Punch|p2a: Reuniclus
|-damage|p2a: Reuniclus|87/100
|move|p2a: Reuniclus|Thunder|p1a: Jirachi
|-damage|p1a: Jirachi|32/100
|
|-heal|p2a: Reuniclus|93/100|[from] item: Leftovers
|upkeep
|turn|33
|
|t:|1707483537
|move|p1a: Jirachi|Iron Head|p2a: Reuniclus
|-damage|p2a: Reuniclus|70/100
|move|p2a: Reuniclus|Thunder|p1a: Jirachi|[miss]
|-miss|p2a: Reuniclus|p1a: Jirachi
|
|-heal|p2a: Reuniclus|76/100|[from] item: Leftovers
|upkeep
|turn|34
|
|t:|1707483540
|move|p1a: Jirachi|Iron Head|p2a: Reuniclus
|-damage|p2a: Reuniclus|53/100
|cant|p2a: Reuniclus|flinch
|
|-heal|p2a: Reuniclus|59/100|[from] item: Leftovers
|upkeep
|turn|35
|inactive|Battle timer is ON: inactive players will automatically lose when time's up. (requested by BW LORDD MOONMAN)
|
|t:|1707483550
|move|p1a: Jirachi|Iron Head|p2a: Reuniclus
|-damage|p2a: Reuniclus|37/100
|move|p2a: Reuniclus|Recover|p2a: Reuniclus
|-heal|p2a: Reuniclus|87/100
|
|-heal|p2a: Reuniclus|93/100|[from] item: Leftovers
|upkeep
|turn|36
|
|t:|1707483554
|move|p1a: Jirachi|Ice Punch|p2a: Reuniclus
|-damage|p2a: Reuniclus|79/100
|move|p2a: Reuniclus|Recover|p2a: Reuniclus
|-heal|p2a: Reuniclus|100/100
|
|upkeep
|turn|37
|
|t:|1707483556
|move|p1a: Jirachi|Ice Punch|p2a: Reuniclus
|-damage|p2a: Reuniclus|88/100
|move|p2a: Reuniclus|Thunder|p1a: Jirachi
|-damage|p1a: Jirachi|6/100
|
|-heal|p2a: Reuniclus|94/100|[from] item: Leftovers
|upkeep
|turn|38
|-message|BW LORDD MOONMAN forfeited.
|
|win|lilou in badeanzug
|raw|BW LORDD MOONMAN's rating: 1564 &rarr; <strong>1541</strong><br />(-23 for losing)
|raw|lilou in badeanzug's rating: 1506 &rarr; <strong>1529</strong><br />(+23 for winning)
|l|☆BW LORDD MOONMAN
|player|p1|
