|j|☆Spammernoob
|j|☆Clawdia Chauchat
|t:|1717158228
|gametype|singles
|player|p1|Spammernoob|102|1318
|player|p2|Clawdia Chauchat|winona|1428
|teamsize|p1|6
|teamsize|p2|6
|gen|5
|tier|[Gen 5] OU
|rated|
|rule|Species Clause: Limit one of each Pokémon
|rule|OHKO Clause: OHKO moves are banned
|rule|Moody Clause: Moody is banned
|rule|Evasion Items Clause: Evasion items are banned
|rule|Evasion Moves Clause: Evasion moves are banned
|rule|Endless Battle Clause: Forcing endless battles is banned
|rule|HP Percentage Mod: HP is shown in percentages
|rule|Evasion Abilities Clause: Evasion abilities are banned
|rule|Sleep Moves Clause: Sleep-inducing moves are banned
|rule|Swagger Clause: Swagger is banned
|rule|Baton Pass Stat Clause: No Baton Passer may have a way to boost its stats
|clearpoke
|poke|p1|Tyranitar, M|item
|poke|p1|Landorus-Therian, M|item
|poke|p1|Excadrill, M|item
|poke|p1|Garchomp, M|item
|poke|p1|Celebi|item
|poke|p1|Rotom-Wash|item
|poke|p2|Tyranitar, F|item
|poke|p2|Hippowdon, F|item
|poke|p2|Excadrill, M|item
|poke|p2|Jirachi|item
|poke|p2|Rotom-Wash|item
|poke|p2|Celebi|item
|teampreview
|inactive|Battle timer is ON: inactive players will automatically lose when time's up. (requested by Spammernoob)
|inactive|Clawdia Chauchat has 120 seconds left.
|
|t:|1717158308
|start
|switch|p1a: Landorus|Landorus-Therian, M|100/100
|switch|p2a: Hippowdon|Hippowdon, F|100/100
|-ability|p1a: Landorus|Intimidate|boost
|-unboost|p2a: Hippowdon|atk|1
|-weather|Sandstorm|[from] ability: Sand Stream|[of] p2a: Hippowdon
|turn|1
|
|t:|1717158314
|move|p1a: Landorus|Substitute|p1a: Landorus
|-start|p1a: Landorus|Substitute
|-damage|p1a: Landorus|76/100
|move|p2a: Hippowdon|Stealth Rock|p1a: Landorus
|-sidestart|p1: Spammernoob|move: Stealth Rock
|
|-weather|Sandstorm|[upkeep]
|-heal|p1a: Landorus|82/100|[from] item: Leftovers
|upkeep
|turn|2
|
|t:|1717158334
|switch|p2a: Rotom|Rotom-Wash|100/100
|move|p1a: Landorus|Hidden Power|p2a: Rotom
|-resisted|p2a: Rotom
|-damage|p2a: Rotom|92/100
|
|-weather|Sandstorm|[upkeep]
|-damage|p2a: Rotom|86/100|[from] Sandstorm
|-heal|p1a: Landorus|88/100|[from] item: Leftovers
|-heal|p2a: Rotom|92/100|[from] item: Leftovers
|upkeep
|turn|3
|
|t:|1717158337
|move|p1a: Landorus|Smack Down|p2a: Rotom
|-damage|p2a: Rotom|78/100
|-start|p2a: Rotom|Smack Down
|move|p2a: Rotom|Hidden Power|p1a: Landorus
|-supereffective|p1a: Landorus
|-end|p1a: Landorus|Substitute
|
|-weather|Sandstorm|[upkeep]
|-damage|p2a: Rotom|72/100|[from] Sandstorm
|-heal|p1a: Landorus|94/100|[from] item: Leftovers
|-heal|p2a: Rotom|78/100|[from] item: Leftovers
|upkeep
|turn|4
|
|t:|1717158344
|switch|p2a: Celebi|Celebi|100/100
|move|p1a: Landorus|Earthquake|p2a: Celebi
|-resisted|p2a: Celebi
|-damage|p2a: Celebi|75/100
|
|-weather|Sandstorm|[upkeep]
|-damage|p2a: Celebi|69/100|[from] Sandstorm
|-heal|p1a: Landorus|99/100|[from] item: Leftovers
|-heal|p2a: Celebi|75/100|[from] item: Leftovers
|upkeep
|turn|5
|
|t:|1717158355
|switch|p1a: Tyranitar|Tyranitar, M|100/100
|-damage|p1a: Tyranitar|88/100|[from] Stealth Rock
|move|p2a: Celebi|Psychic|p1a: Tyranitar
|-immune|p1a: Tyranitar
|
|-weather|Sandstorm|[upkeep]
|-damage|p2a: Celebi|69/100|[from] Sandstorm
|-heal|p2a: Celebi|75/100|[from] item: Leftovers
|upkeep
|turn|6
|
|t:|1717158359
|move|p2a: Celebi|Baton Pass|p2a: Celebi
|inactive|Clawdia Chauchat has 120 seconds left.
|
|t:|1717158397
|switch|p2a: Excadrill|Excadrill, M|100/100|[from] Baton Pass
|move|p1a: Tyranitar|Pursuit|p2a: Excadrill
|-resisted|p2a: Excadrill
|-crit|p2a: Excadrill
|-damage|p2a: Excadrill|79/100
|
|-weather|Sandstorm|[upkeep]
|-heal|p2a: Excadrill|85/100|[from] item: Leftovers
|upkeep
|turn|7
|c|☆Spammernoob|wtf
|
|t:|1717158407
|switch|p1a: Rotom|Rotom-Wash|100/100
|-damage|p1a: Rotom|88/100|[from] Stealth Rock
|move|p2a: Excadrill|Iron Head|p1a: Rotom
|-resisted|p1a: Rotom
|-damage|p1a: Rotom|76/100
|
|-weather|Sandstorm|[upkeep]
|-damage|p1a: Rotom|70/100|[from] Sandstorm
|-heal|p2a: Excadrill|91/100|[from] item: Leftovers
|-heal|p1a: Rotom|76/100|[from] item: Leftovers
|upkeep
|turn|8
|c|☆Clawdia Chauchat|thats how pursuit works against faster baaton pass
|inactive|Clawdia Chauchat has 120 seconds left.
|c|☆Clawdia Chauchat|only baton pass tho not u turn or volt switch
|inactive|Spammernoob has 120 seconds left.
|c|☆Spammernoob|oh only baton pass
|c|☆Spammernoob|interesting
|inactive|Spammernoob has 90 seconds left.
|c|☆Spammernoob|i did not realize it was special like that
|
|t:|1717158484
|switch|p2a: Celebi|Celebi|75/100
|move|p1a: Rotom|Volt Switch|p2a: Celebi
|-resisted|p2a: Celebi
|-damage|p2a: Celebi|67/100
|
|t:|1717158489
|switch|p1a: Tyranitar|Tyranitar, M|88/100|[from] Volt Switch
|-damage|p1a: Tyranitar|76/100|[from] Stealth Rock
|
|-weather|Sandstorm|[upkeep]
|-damage|p2a: Celebi|60/100|[from] Sandstorm
|-heal|p2a: Celebi|67/100|[from] item: Leftovers
|upkeep
|turn|9
|
|t:|1717158492
|move|p2a: Celebi|Baton Pass|p2a: Celebi
|
|t:|1717158494
|switch|p2a: Hippowdon|Hippowdon, F|100/100|[from] Baton Pass
|move|p1a: Tyranitar|Superpower|p2a: Hippowdon
|-damage|p2a: Hippowdon|73/100
|-unboost|p1a: Tyranitar|atk|1
|-unboost|p1a: Tyranitar|def|1
|
|-weather|Sandstorm|[upkeep]
|-heal|p2a: Hippowdon|79/100|[from] item: Leftovers
|upkeep
|turn|10
|
|t:|1717158501
|switch|p1a: Landorus|Landorus-Therian, M|99/100
|-damage|p1a: Landorus|87/100|[from] Stealth Rock
|-ability|p1a: Landorus|Intimidate|boost
|-unboost|p2a: Hippowdon|atk|1
|switch|p2a: Rotom|Rotom-Wash|78/100
|
|-weather|Sandstorm|[upkeep]
|-damage|p2a: Rotom|72/100|[from] Sandstorm
|-heal|p1a: Landorus|93/100|[from] item: Leftovers
|-heal|p2a: Rotom|78/100|[from] item: Leftovers
|upkeep
|turn|11
|
|t:|1717158508
|switch|p1a: Celebi|Celebi|100/100
|-damage|p1a: Celebi|88/100|[from] Stealth Rock
|move|p2a: Rotom|Thunder Wave|p1a: Celebi
|-status|p1a: Celebi|par
|
|-weather|Sandstorm|[upkeep]
|-damage|p2a: Rotom|72/100|[from] Sandstorm
|-damage|p1a: Celebi|82/100 par|[from] Sandstorm
|-heal|p2a: Rotom|78/100|[from] item: Leftovers
|-heal|p1a: Celebi|88/100 par|[from] item: Leftovers
|upkeep
|turn|12
|
|t:|1717158510
|move|p2a: Rotom|Volt Switch|p1a: Celebi
|-resisted|p1a: Celebi
|-damage|p1a: Celebi|80/100 par
|
|t:|1717158513
|switch|p2a: Tyranitar|Tyranitar, F|100/100|[from] Volt Switch
|cant|p1a: Celebi|par
|
|-weather|Sandstorm|[upkeep]
|-damage|p1a: Celebi|74/100 par|[from] Sandstorm
|-heal|p1a: Celebi|80/100 par|[from] item: Leftovers
|upkeep
|turn|13
|
|t:|1717158519
|move|p2a: Tyranitar|Pursuit|p1a: Celebi
|-supereffective|p1a: Celebi
|-damage|p1a: Celebi|21/100 par
|move|p1a: Celebi|Baton Pass|p1a: Celebi
|c|☆Spammernoob|man
|c|☆Spammernoob|bad turn to get para'd
|
|t:|1717158532
|-curestatus|p1a: Celebi|par|[from] ability: Natural Cure
|switch|p1a: Landorus|Landorus-Therian, M|93/100|[from] Baton Pass
|-damage|p1a: Landorus|81/100|[from] Stealth Rock
|-ability|p1a: Landorus|Intimidate|boost
|-unboost|p2a: Tyranitar|atk|1
|
|-weather|Sandstorm|[upkeep]
|-heal|p1a: Landorus|87/100|[from] item: Leftovers
|upkeep
|turn|14
|c|☆Clawdia Chauchat|yh
|
|t:|1717158538
|switch|p2a: Celebi|Celebi|67/100
|move|p1a: Landorus|Substitute|p1a: Landorus
|-start|p1a: Landorus|Substitute
|-damage|p1a: Landorus|62/100
|
|-weather|Sandstorm|[upkeep]
|-damage|p2a: Celebi|60/100|[from] Sandstorm
|-heal|p1a: Landorus|68/100|[from] item: Leftovers
|-heal|p2a: Celebi|67/100|[from] item: Leftovers
|upkeep
|turn|15
|
|t:|1717158542
|move|p1a: Landorus|Hidden Power|p2a: Celebi
|-supereffective|p2a: Celebi
|-damage|p2a: Celebi|43/100
|move|p2a: Celebi|Recover|p2a: Celebi
|-heal|p2a: Celebi|93/100
|
|-weather|Sandstorm|[upkeep]
|-damage|p2a: Celebi|87/100|[from] Sandstorm
|-heal|p1a: Landorus|74/100|[from] item: Leftovers
|-heal|p2a: Celebi|93/100|[from] item: Leftovers
|upkeep
|turn|16
|
|t:|1717158548
|move|p1a: Landorus|Hidden Power|p2a: Celebi
|-supereffective|p2a: Celebi
|-damage|p2a: Celebi|69/100
|move|p2a: Celebi|Psychic|p1a: Landorus
|-end|p1a: Landorus|Substitute
|
|-weather|Sandstorm|[upkeep]
|-damage|p2a: Celebi|63/100|[from] Sandstorm
|-heal|p1a: Landorus|80/100|[from] item: Leftovers
|-heal|p2a: Celebi|69/100|[from] item: Leftovers
|upkeep
|turn|17
|
|t:|1717158552
|switch|p1a: Tyranitar|Tyranitar, M|76/100
|-damage|p1a: Tyranitar|63/100|[from] Stealth Rock
|move|p2a: Celebi|Psychic|p1a: Tyranitar
|-immune|p1a: Tyranitar
|
|-weather|Sandstorm|[upkeep]
|-damage|p2a: Celebi|63/100|[from] Sandstorm
|-heal|p2a: Celebi|69/100|[from] item: Leftovers
|upkeep
|turn|18
|
|t:|1717158556
|move|p2a: Celebi|Baton Pass|p2a: Celebi
|
|t:|1717158558
|switch|p2a: Hippowdon|Hippowdon, F|79/100|[from] Baton Pass
|move|p1a: Tyranitar|Crunch|p2a: Hippowdon
|-damage|p2a: Hippowdon|51/100
|
|-weather|Sandstorm|[upkeep]
|-heal|p2a: Hippowdon|58/100|[from] item: Leftovers
|upkeep
|turn|19
|
|t:|1717158565
|switch|p1a: Rotom|Rotom-Wash|76/100
|-damage|p1a: Rotom|64/100|[from] Stealth Rock
|switch|p2a: Jirachi|Jirachi|100/100
|
|-weather|Sandstorm|[upkeep]
|-damage|p1a: Rotom|57/100|[from] Sandstorm
|-heal|p1a: Rotom|64/100|[from] item: Leftovers
|upkeep
|turn|20
|
|t:|1717158571
|move|p2a: Jirachi|U-turn|p1a: Rotom
|-crit|p1a: Rotom
|-damage|p1a: Rotom|31/100
|
|t:|1717158573
|switch|p2a: Celebi|Celebi|69/100|[from] U-turn
|move|p1a: Rotom|Volt Switch|p2a: Celebi
|-resisted|p2a: Celebi
|-damage|p2a: Celebi|61/100
|
|t:|1717158581
|switch|p1a: Excadrill|Excadrill, M|100/100|[from] Volt Switch
|-damage|p1a: Excadrill|98/100|[from] Stealth Rock
|
|-weather|Sandstorm|[upkeep]
|-damage|p2a: Celebi|55/100|[from] Sandstorm
|-heal|p2a: Celebi|61/100|[from] item: Leftovers
|-heal|p1a: Excadrill|100/100|[from] item: Leftovers
|upkeep
|turn|21
|inactive|Clawdia Chauchat has 120 seconds left.
|
|t:|1717158622
|switch|p2a: Rotom|Rotom-Wash|78/100
|move|p1a: Excadrill|Rapid Spin|p2a: Rotom
|-damage|p2a: Rotom|72/100
|-sideend|p1: Spammernoob|Stealth Rock|[from] move: Rapid Spin|[of] p1a: Excadrill
|
|-weather|Sandstorm|[upkeep]
|-damage|p2a: Rotom|66/100|[from] Sandstorm
|-heal|p2a: Rotom|72/100|[from] item: Leftovers
|upkeep
|turn|22
|
|t:|1717158627
|switch|p1a: Rotom|Rotom-Wash|31/100
|move|p2a: Rotom|Hydro Pump|p1a: Rotom
|-resisted|p1a: Rotom
|-damage|p1a: Rotom|9/100
|
|-weather|Sandstorm|[upkeep]
|-damage|p2a: Rotom|66/100|[from] Sandstorm
|-damage|p1a: Rotom|3/100|[from] Sandstorm
|-heal|p1a: Rotom|9/100|[from] item: Leftovers
|-heal|p2a: Rotom|72/100|[from] item: Leftovers
|upkeep
|turn|23
|
|t:|1717158634
|move|p2a: Rotom|Thunder Wave|p1a: Rotom
|-status|p1a: Rotom|par
|move|p1a: Rotom|Pain Split|p2a: Rotom
|-sethp|p2a: Rotom|41/100|[from] move: Pain Split|[silent]
|-sethp|p1a: Rotom|41/100 par|[from] move: Pain Split
|
|-weather|Sandstorm|[upkeep]
|-damage|p2a: Rotom|34/100|[from] Sandstorm
|-damage|p1a: Rotom|34/100 par|[from] Sandstorm
|-heal|p2a: Rotom|41/100|[from] item: Leftovers
|-heal|p1a: Rotom|41/100 par|[from] item: Leftovers
|upkeep
|turn|24
|
|t:|1717158642
|move|p2a: Rotom|Volt Switch|p1a: Rotom
|-damage|p1a: Rotom|14/100 par
|
|t:|1717158649
|switch|p2a: Hippowdon|Hippowdon, F|58/100|[from] Volt Switch
|move|p1a: Rotom|Pain Split|p2a: Hippowdon
|-sethp|p2a: Hippowdon|34/100|[from] move: Pain Split|[silent]
|-sethp|p1a: Rotom|47/100 par|[from] move: Pain Split
|
|-weather|Sandstorm|[upkeep]
|-damage|p1a: Rotom|40/100 par|[from] Sandstorm
|-heal|p2a: Hippowdon|40/100|[from] item: Leftovers
|-heal|p1a: Rotom|47/100 par|[from] item: Leftovers
|upkeep
|turn|25
|
|t:|1717158655
|move|p2a: Hippowdon|Stealth Rock|p1a: Rotom
|-sidestart|p1: Spammernoob|move: Stealth Rock
|move|p1a: Rotom|Hydro Pump|p2a: Hippowdon
|-supereffective|p2a: Hippowdon
|-damage|p2a: Hippowdon|0 fnt
|faint|p2a: Hippowdon
|
|-weather|Sandstorm|[upkeep]
|-damage|p1a: Rotom|40/100 par|[from] Sandstorm
|-heal|p1a: Rotom|47/100 par|[from] item: Leftovers
|upkeep
|
|t:|1717158659
|switch|p2a: Tyranitar|Tyranitar, F|100/100
|turn|26
|
|t:|1717158662
|move|p2a: Tyranitar|Crunch|p1a: Rotom
|-damage|p1a: Rotom|0 fnt
|faint|p1a: Rotom
|
|-weather|Sandstorm|[upkeep]
|upkeep
|
|t:|1717158665
|switch|p1a: Excadrill|Excadrill, M|100/100
|-damage|p1a: Excadrill|98/100|[from] Stealth Rock
|turn|27
|
|t:|1717158693
|move|p1a: Excadrill|Rapid Spin|p2a: Tyranitar
|-resisted|p2a: Tyranitar
|-damage|p2a: Tyranitar|97/100
|-sideend|p1: Spammernoob|Stealth Rock|[from] move: Rapid Spin|[of] p1a: Excadrill
|move|p2a: Tyranitar|Crunch|p1a: Excadrill
|-resisted|p1a: Excadrill
|-damage|p1a: Excadrill|45/100
|
|-weather|Sandstorm|[upkeep]
|-heal|p1a: Excadrill|52/100|[from] item: Leftovers
|upkeep
|turn|28
|
|t:|1717158705
|switch|p1a: Tyranitar|Tyranitar, M|63/100
|switch|p2a: Jirachi|Jirachi|100/100
|
|-weather|Sandstorm|[upkeep]
|upkeep
|turn|29
|
|t:|1717158708
|move|p2a: Jirachi|U-turn|p1a: Tyranitar
|-supereffective|p1a: Tyranitar
|-damage|p1a: Tyranitar|32/100
|
|t:|1717158727
|switch|p2a: Tyranitar|Tyranitar, F|97/100|[from] U-turn
|move|p1a: Tyranitar|Crunch|p2a: Tyranitar
|-resisted|p2a: Tyranitar
|-damage|p2a: Tyranitar|79/100
|
|-weather|Sandstorm|[upkeep]
|upkeep
|turn|30
|
|t:|1717158733
|move|p2a: Tyranitar|Ice Punch|p1a: Tyranitar
|-damage|p1a: Tyranitar|0 fnt
|faint|p1a: Tyranitar
|
|-weather|Sandstorm|[upkeep]
|upkeep
|
|t:|1717158738
|switch|p1a: Excadrill|Excadrill, M|52/100
|turn|31
|
|t:|1717158743
|move|p1a: Excadrill|Earthquake|p2a: Tyranitar
|-supereffective|p2a: Tyranitar
|-damage|p2a: Tyranitar|0 fnt
|faint|p2a: Tyranitar
|
|-weather|Sandstorm|[upkeep]
|-heal|p1a: Excadrill|58/100|[from] item: Leftovers
|upkeep
|
|t:|1717158747
|switch|p2a: Rotom|Rotom-Wash|41/100
|turn|32
|
|t:|1717158749
|switch|p1a: Celebi|Celebi|21/100
|move|p2a: Rotom|Hydro Pump|p1a: Celebi
|-resisted|p1a: Celebi
|-damage|p1a: Celebi|7/100
|
|-weather|Sandstorm|[upkeep]
|-damage|p1a: Celebi|1/100|[from] Sandstorm
|-damage|p2a: Rotom|34/100|[from] Sandstorm
|-heal|p1a: Celebi|7/100|[from] item: Leftovers
|-heal|p2a: Rotom|41/100|[from] item: Leftovers
|upkeep
|turn|33
|
|t:|1717158755
|move|p1a: Celebi|Recover|p1a: Celebi
|-heal|p1a: Celebi|57/100
|move|p2a: Rotom|Thunder Wave|p1a: Celebi
|-status|p1a: Celebi|par
|
|-weather|Sandstorm|[upkeep]
|-damage|p2a: Rotom|34/100|[from] Sandstorm
|-damage|p1a: Celebi|51/100 par|[from] Sandstorm
|-heal|p2a: Rotom|41/100|[from] item: Leftovers
|-heal|p1a: Celebi|57/100 par|[from] item: Leftovers
|upkeep
|turn|34
|
|t:|1717158761
|move|p2a: Rotom|Hidden Power|p1a: Celebi
|-supereffective|p1a: Celebi
|-damage|p1a: Celebi|36/100 par
|move|p1a: Celebi|Baton Pass|p1a: Celebi
|
|t:|1717158766
|-curestatus|p1a: Celebi|par|[from] ability: Natural Cure
|switch|p1a: Garchomp|Garchomp, M|100/100|[from] Baton Pass
|
|-weather|Sandstorm|[upkeep]
|-damage|p2a: Rotom|34/100|[from] Sandstorm
|-heal|p2a: Rotom|41/100|[from] item: Leftovers
|upkeep
|turn|35
|
|t:|1717158772
|switch|p2a: Excadrill|Excadrill, M|91/100
|move|p1a: Garchomp|Dual Chop|p2a: Excadrill
|-resisted|p2a: Excadrill
|-damage|p2a: Excadrill|80/100
|-resisted|p2a: Excadrill
|-damage|p2a: Excadrill|70/100
|-hitcount|p2a: Excadrill|2
|
|-weather|Sandstorm|[upkeep]
|-heal|p2a: Excadrill|76/100|[from] item: Leftovers
|upkeep
|turn|36
|
|t:|1717158782
|switch|p1a: Landorus|Landorus-Therian, M|80/100
|-ability|p1a: Landorus|Intimidate|boost
|-unboost|p2a: Excadrill|atk|1
|move|p2a: Excadrill|Iron Head|p1a: Landorus
|-damage|p1a: Landorus|37/100
|
|-weather|Sandstorm|[upkeep]
|-heal|p1a: Landorus|43/100|[from] item: Leftovers
|-heal|p2a: Excadrill|82/100|[from] item: Leftovers
|upkeep
|turn|37
|
|t:|1717158809
|move|p1a: Landorus|Earthquake|p2a: Excadrill
|-supereffective|p2a: Excadrill
|-damage|p2a: Excadrill|0 fnt
|faint|p2a: Excadrill
|
|-weather|Sandstorm|[upkeep]
|-heal|p1a: Landorus|49/100|[from] item: Leftovers
|upkeep
|
|t:|1717158815
|switch|p2a: Rotom|Rotom-Wash|41/100
|turn|38
|
|t:|1717158821
|switch|p1a: Celebi|Celebi|36/100
|move|p2a: Rotom|Volt Switch|p1a: Celebi
|-resisted|p1a: Celebi
|-damage|p1a: Celebi|28/100
|
|t:|1717158822
|switch|p2a: Jirachi|Jirachi|100/100|[from] Volt Switch
|
|-weather|Sandstorm|[upkeep]
|-damage|p1a: Celebi|22/100|[from] Sandstorm
|-heal|p1a: Celebi|28/100|[from] item: Leftovers
|upkeep
|turn|39
|
|t:|1717158829
|switch|p1a: Garchomp|Garchomp, M|100/100
|move|p2a: Jirachi|Iron Head|p1a: Garchomp
|-crit|p1a: Garchomp
|-damage|p1a: Garchomp|37/100
|-damage|p2a: Jirachi|88/100|[from] ability: Rough Skin|[of] p1a: Garchomp
|
|-weather|Sandstorm|[upkeep]
|upkeep
|turn|40
|
|t:|1717158842
|switch|p2a: Celebi|Celebi|61/100
|move|p1a: Garchomp|Earthquake|p2a: Celebi
|-resisted|p2a: Celebi
|-damage|p2a: Celebi|38/100
|
|-weather|Sandstorm|[upkeep]
|-damage|p2a: Celebi|31/100|[from] Sandstorm
|-heal|p2a: Celebi|38/100|[from] item: Leftovers
|upkeep
|turn|41
|
|t:|1717158849
|switch|p1a: Excadrill|Excadrill, M|58/100
|switch|p2a: Rotom|Rotom-Wash|41/100
|
|-weather|Sandstorm|[upkeep]
|-damage|p2a: Rotom|34/100|[from] Sandstorm
|-heal|p1a: Excadrill|64/100|[from] item: Leftovers
|-heal|p2a: Rotom|41/100|[from] item: Leftovers
|upkeep
|turn|42
|
|t:|1717158853
|switch|p1a: Celebi|Celebi|28/100
|move|p2a: Rotom|Volt Switch|p1a: Celebi
|-resisted|p1a: Celebi
|-damage|p1a: Celebi|20/100
|
|t:|1717158855
|switch|p2a: Jirachi|Jirachi|88/100|[from] Volt Switch
|
|-weather|Sandstorm|[upkeep]
|-damage|p1a: Celebi|13/100|[from] Sandstorm
|-heal|p1a: Celebi|20/100|[from] item: Leftovers
|upkeep
|turn|43
|
|t:|1717158866
|switch|p1a: Garchomp|Garchomp, M|37/100
|move|p2a: Jirachi|U-turn|p1a: Garchomp
|-damage|p1a: Garchomp|18/100
|-damage|p2a: Jirachi|76/100|[from] ability: Rough Skin|[of] p1a: Garchomp
|
|t:|1717158870
|switch|p2a: Celebi|Celebi|38/100|[from] U-turn
|
|-weather|Sandstorm|[upkeep]
|-damage|p2a: Celebi|31/100|[from] Sandstorm
|-heal|p2a: Celebi|38/100|[from] item: Leftovers
|upkeep
|turn|44
|
|t:|1717158883
|move|p1a: Garchomp|Dual Chop|p2a: Celebi
|-damage|p2a: Celebi|20/100
|-damage|p2a: Celebi|2/100
|-hitcount|p2a: Celebi|2
|move|p2a: Celebi|Recover|p2a: Celebi
|-heal|p2a: Celebi|52/100
|
|-weather|Sandstorm|[upkeep]
|-damage|p2a: Celebi|46/100|[from] Sandstorm
|-heal|p2a: Celebi|52/100|[from] item: Leftovers
|upkeep
|turn|45
|
|t:|1717158887
|switch|p1a: Celebi|Celebi|20/100
|move|p2a: Celebi|Baton Pass|p2a: Celebi
|
|t:|1717158889
|switch|p2a: Jirachi|Jirachi|76/100|[from] Baton Pass
|
|-weather|Sandstorm|[upkeep]
|-damage|p1a: Celebi|13/100|[from] Sandstorm
|-heal|p1a: Celebi|20/100|[from] item: Leftovers
|upkeep
|turn|46
|
|t:|1717158902
|switch|p1a: Excadrill|Excadrill, M|64/100
|move|p2a: Jirachi|U-turn|p1a: Excadrill
|-resisted|p1a: Excadrill
|-damage|p1a: Excadrill|53/100
|
|t:|1717158909
|switch|p2a: Rotom|Rotom-Wash|41/100|[from] U-turn
|
|-weather|Sandstorm|[upkeep]
|-damage|p2a: Rotom|34/100|[from] Sandstorm
|-heal|p1a: Excadrill|59/100|[from] item: Leftovers
|-heal|p2a: Rotom|41/100|[from] item: Leftovers
|upkeep
|turn|47
|
|t:|1717158917
|switch|p1a: Celebi|Celebi|20/100
|move|p2a: Rotom|Hydro Pump|p1a: Celebi
|-resisted|p1a: Celebi
|-damage|p1a: Celebi|7/100
|
|-weather|Sandstorm|[upkeep]
|-damage|p1a: Celebi|1/100|[from] Sandstorm
|-damage|p2a: Rotom|34/100|[from] Sandstorm
|-heal|p1a: Celebi|7/100|[from] item: Leftovers
|-heal|p2a: Rotom|41/100|[from] item: Leftovers
|upkeep
|turn|48
|c|☆Clawdia Chauchat|omg these rolls
|
|t:|1717158928
|switch|p2a: Jirachi|Jirachi|76/100
|move|p1a: Celebi|Recover|p1a: Celebi
|-heal|p1a: Celebi|57/100
|
|-weather|Sandstorm|[upkeep]
|-damage|p1a: Celebi|51/100|[from] Sandstorm
|-heal|p1a: Celebi|57/100|[from] item: Leftovers
|upkeep
|turn|49
|
|t:|1717158938
|switch|p1a: Excadrill|Excadrill, M|59/100
|move|p2a: Jirachi|U-turn|p1a: Excadrill
|-resisted|p1a: Excadrill
|-damage|p1a: Excadrill|45/100
|
|t:|1717158943
|switch|p2a: Rotom|Rotom-Wash|41/100|[from] U-turn
|
|-weather|Sandstorm|[upkeep]
|-damage|p2a: Rotom|34/100|[from] Sandstorm
|-heal|p1a: Excadrill|51/100|[from] item: Leftovers
|-heal|p2a: Rotom|41/100|[from] item: Leftovers
|upkeep
|turn|50
|
|t:|1717158946
|switch|p1a: Celebi|Celebi|57/100
|move|p2a: Rotom|Hydro Pump|p1a: Celebi
|-resisted|p1a: Celebi
|-damage|p1a: Celebi|43/100
|
|-weather|Sandstorm|[upkeep]
|-damage|p1a: Celebi|37/100|[from] Sandstorm
|-damage|p2a: Rotom|34/100|[from] Sandstorm
|-heal|p1a: Celebi|43/100|[from] item: Leftovers
|-heal|p2a: Rotom|41/100|[from] item: Leftovers
|upkeep
|turn|51
|
|t:|1717158949
|switch|p2a: Jirachi|Jirachi|76/100
|move|p1a: Celebi|Stealth Rock|p2a: Jirachi
|-sidestart|p2: Clawdia Chauchat|move: Stealth Rock
|
|-weather|Sandstorm|[upkeep]
|-damage|p1a: Celebi|37/100|[from] Sandstorm
|-heal|p1a: Celebi|43/100|[from] item: Leftovers
|upkeep
|turn|52
|
|t:|1717158961
|switch|p1a: Excadrill|Excadrill, M|51/100
|move|p2a: Jirachi|Iron Head|p1a: Excadrill
|-resisted|p1a: Excadrill
|-damage|p1a: Excadrill|29/100
|
|-weather|Sandstorm|[upkeep]
|-heal|p1a: Excadrill|35/100|[from] item: Leftovers
|upkeep
|turn|53
|
|t:|1717158966
|move|p2a: Jirachi|Iron Head|p1a: Excadrill
|-resisted|p1a: Excadrill
|-damage|p1a: Excadrill|12/100
|cant|p1a: Excadrill|flinch
|
|-weather|Sandstorm|[upkeep]
|-heal|p1a: Excadrill|18/100|[from] item: Leftovers
|upkeep
|turn|54
|
|t:|1717158970
|switch|p1a: Landorus|Landorus-Therian, M|49/100
|-ability|p1a: Landorus|Intimidate|boost
|-unboost|p2a: Jirachi|atk|1
|move|p2a: Jirachi|Iron Head|p1a: Landorus
|-damage|p1a: Landorus|25/100
|
|-weather|Sandstorm|[upkeep]
|-heal|p1a: Landorus|31/100|[from] item: Leftovers
|upkeep
|turn|55
|
|t:|1717158975
|move|p2a: Jirachi|Iron Head|p1a: Landorus
|-damage|p1a: Landorus|6/100
|move|p1a: Landorus|Earthquake|p2a: Jirachi
|-supereffective|p2a: Jirachi
|-damage|p2a: Jirachi|0 fnt
|faint|p2a: Jirachi
|
|-weather|Sandstorm|[upkeep]
|-heal|p1a: Landorus|12/100|[from] item: Leftovers
|upkeep
|c|☆Clawdia Chauchat|gg
|c|☆Spammernoob|gg
|-message|Clawdia Chauchat forfeited.
|
|win|Spammernoob
|raw|Spammernoob's rating: 1318 &rarr; <strong>1345</strong><br />(+27 for winning)
|raw|Clawdia Chauchat's rating: 1453 &rarr; <strong>1426</strong><br />(-27 for losing)
|c|☆Spammernoob|i almost got cooked
|l|☆Clawdia Chauchat
|player|p2|
|c|☆Spammernoob|by rachi
