|j|‽Oooh Karen
|j|☆Typhlito
|player|p1|Oooh Karen|dahlia|1470
|player|p2|Typhlito|#typhlito|1398
|teamsize|p1|6
|teamsize|p2|6
|gametype|singles
|gen|5
|tier|[Gen 5] OU
|rated|
|clearpoke
|poke|p1|Abomasnow, M|item
|poke|p1|Kyurem|item
|poke|p1|Skarmory, M|item
|poke|p1|Jellicent, M|item
|poke|p1|Scizor, M|item
|poke|p1|Salamence, F|item
|poke|p2|Slowking, M|item
|poke|p2|Landorus-Therian, M|item
|poke|p2|Tyranitar, F|item
|poke|p2|Ferrothorn, M|item
|poke|p2|Garchomp, F|item
|poke|p2|Excadrill, M|item
|rule|Species Clause: Limit one of each Pokémon
|rule|OHKO Clause: OHKO moves are banned
|rule|Moody Clause: Moody is banned
|rule|Evasion Moves Clause: Evasion moves are banned
|rule|Endless Battle Clause: Forcing endless battles is banned
|rule|HP Percentage Mod: HP is shown in percentages
|rule|Evasion Abilities Clause: Evasion abilities are banned
|rule|Baton Pass Clause: Limit one Baton Passer, can't pass Spe and other stats simultaneously
|rule|Sleep Clause: Sleep-inducing moves are banned
|rule|Swagger Clause: Swagger is banned
|teampreview
|c|☆Typhlito|hf
|c|☆Typhlito|altho idk if karens know how to hf
|
|start
|switch|p1a: Skarmory|Skarmory, M|100/100
|switch|p2a: Landorus|Landorus-Therian, M|100/100
|-ability|p2a: Landorus|Intimidate|boost
|-unboost|p1a: Skarmory|atk|1
|turn|1
|
|move|p2a: Landorus|Stealth Rock|p1a: Skarmory
|-sidestart|p1: Oooh Karen|move: Stealth Rock
|move|p1a: Skarmory|Stealth Rock|p2a: Landorus
|-sidestart|p2: Typhlito|move: Stealth Rock
|
|upkeep
|turn|2
|inactive|Battle timer is ON: inactive players will automatically lose when time's up. (requested by Oooh Karen)
|
|move|p2a: Landorus|U-turn|p1a: Skarmory
|-resisted|p1a: Skarmory
|-damage|p1a: Skarmory|96/100
|
|switch|p2a: Excadrill|Excadrill, M|100/100|[from]move: U-turn
|-damage|p2a: Excadrill|98/100|[from] Stealth Rock
|-ability|p2a: Excadrill|Mold Breaker
|move|p1a: Skarmory|Spikes|p2a: Excadrill
|-sidestart|p2: Typhlito|Spikes
|
|-heal|p2a: Excadrill|100/100|[from] item: Leftovers
|upkeep
|turn|3
|
|move|p1a: Skarmory|Spikes|p2a: Excadrill
|-sidestart|p2: Typhlito|Spikes
|move|p2a: Excadrill|Swords Dance|p2a: Excadrill
|-boost|p2a: Excadrill|atk|2
|
|upkeep
|turn|4
|
|switch|p1a: Jellicent|Jellicent, M|100/100
|-damage|p1a: Jellicent|88/100|[from] Stealth Rock
|move|p2a: Excadrill|Rapid Spin|p1a: Jellicent
|-immune|p1a: Jellicent
|
|-heal|p1a: Jellicent|94/100|[from] item: Leftovers
|upkeep
|turn|5
|
|move|p2a: Excadrill|Earthquake|p1a: Jellicent
|-damage|p1a: Jellicent|11/100
|move|p1a: Jellicent|Will-O-Wisp|p2a: Excadrill
|-status|p2a: Excadrill|brn
|
|-heal|p1a: Jellicent|18/100|[from] item: Leftovers
|-damage|p2a: Excadrill|88/100 brn|[from] brn
|upkeep
|turn|6
|j| Serenthia708
|
|move|p2a: Excadrill|Earthquake|p1a: Jellicent
|-damage|p1a: Jellicent|0 fnt
|faint|p1a: Jellicent
|
|-heal|p2a: Excadrill|94/100 brn|[from] item: Leftovers
|-damage|p2a: Excadrill|82/100 brn|[from] brn
|upkeep
|
|switch|p1a: Salamence|Salamence, F|100/100
|-damage|p1a: Salamence|76/100|[from] Stealth Rock
|turn|7
|
|switch|p2a: Landorus|Landorus-Therian, M|100/100
|-damage|p2a: Landorus|88/100|[from] Stealth Rock
|-ability|p2a: Landorus|Intimidate|boost
|-unboost|p1a: Salamence|atk|1
|move|p1a: Salamence|Earthquake|p2a: Landorus
|-immune|p2a: Landorus
|
|-heal|p2a: Landorus|94/100|[from] item: Leftovers
|upkeep
|turn|8
|
|move|p1a: Salamence|Dragon Dance|p1a: Salamence
|-boost|p1a: Salamence|atk|1
|-boost|p1a: Salamence|spe|1
|move|p2a: Landorus|U-turn|p1a: Salamence
|-resisted|p1a: Salamence
|-damage|p1a: Salamence|61/100
|
|switch|p2a: Tyranitar|Tyranitar, F|100/100|[from]move: U-turn
|-damage|p2a: Tyranitar|88/100|[from] Stealth Rock
|-damage|p2a: Tyranitar|72/100|[from] Spikes
|-weather|Sandstorm|[from] ability: Sand Stream|[of] p2a: Tyranitar
|
|-weather|Sandstorm|[upkeep]
|-damage|p1a: Salamence|55/100|[from] Sandstorm
|upkeep
|turn|9
|
|switch|p2a: Landorus|Landorus-Therian, M|94/100
|-damage|p2a: Landorus|82/100|[from] Stealth Rock
|-ability|p2a: Landorus|Intimidate|boost
|-unboost|p1a: Salamence|atk|1
|move|p1a: Salamence|Outrage|p2a: Landorus
|-damage|p2a: Landorus|49/100
|
|-weather|Sandstorm|[upkeep]
|-damage|p1a: Salamence|49/100|[from] Sandstorm
|-heal|p2a: Landorus|56/100|[from] item: Leftovers
|upkeep
|turn|10
|
|switch|p2a: Excadrill|Excadrill, M|82/100 brn
|-damage|p2a: Excadrill|65/100 brn|[from] Spikes
|-damage|p2a: Excadrill|62/100 brn|[from] Stealth Rock
|-ability|p2a: Excadrill|Mold Breaker
|move|p1a: Salamence|Outrage|p2a: Excadrill|[from]lockedmove
|-resisted|p2a: Excadrill
|-damage|p2a: Excadrill|34/100 brn
|
|-weather|Sandstorm|[upkeep]
|-damage|p1a: Salamence|43/100|[from] Sandstorm
|-heal|p2a: Excadrill|40/100 brn|[from] item: Leftovers
|-damage|p2a: Excadrill|28/100 brn|[from] brn
|upkeep
|turn|11
|
|move|p1a: Salamence|Outrage|p2a: Excadrill|[from]lockedmove
|-resisted|p2a: Excadrill
|-damage|p2a: Excadrill|0 fnt
|-start|p1a: Salamence|confusion|[fatigue]
|faint|p2a: Excadrill
|-ability|p1a: Salamence|Moxie|boost
|-boost|p1a: Salamence|atk|1
|-enditem|p1a: Salamence|Lum Berry|[eat]
|-end|p1a: Salamence|confusion
|
|-weather|Sandstorm|[upkeep]
|-damage|p1a: Salamence|37/100|[from] Sandstorm
|upkeep
|
|switch|p2a: Landorus|Landorus-Therian, M|56/100
|-damage|p2a: Landorus|43/100|[from] Stealth Rock
|-ability|p2a: Landorus|Intimidate|boost
|-unboost|p1a: Salamence|atk|1
|turn|12
|
|move|p1a: Salamence|Fire Blast|p2a: Landorus
|-damage|p2a: Landorus|10/100
|move|p2a: Landorus|Hidden Power|p1a: Salamence
|-supereffective|p1a: Salamence
|-damage|p1a: Salamence|0 fnt
|faint|p1a: Salamence
|
|-weather|Sandstorm|[upkeep]
|-heal|p2a: Landorus|16/100|[from] item: Leftovers
|upkeep
|
|switch|p1a: Skarmory|Skarmory, M|96/100
|-damage|p1a: Skarmory|84/100|[from] Stealth Rock
|turn|13
|
|move|p2a: Landorus|U-turn|p1a: Skarmory
|-resisted|p1a: Skarmory
|-damage|p1a: Skarmory|80/100
|
|switch|p2a: Garchomp|Garchomp, F|100/100|[from]move: U-turn
|-damage|p2a: Garchomp|94/100|[from] Stealth Rock
|-damage|p2a: Garchomp|78/100|[from] Spikes
|move|p1a: Skarmory|Spikes|p2a: Garchomp
|-sidestart|p2: Typhlito|Spikes
|
|-weather|Sandstorm|[upkeep]
|upkeep
|turn|14
|
|move|p2a: Garchomp|Fire Blast|p1a: Skarmory
|-supereffective|p1a: Skarmory
|-damage|p1a: Skarmory|16/100
|move|p1a: Skarmory|Brave Bird|p2a: Garchomp
|-damage|p2a: Garchomp|41/100
|-damage|p1a: Skarmory|3/100|[from] ability: Rough Skin|[of] p2a: Garchomp
|-damage|p1a: Skarmory|0 fnt|[from] Recoil
|faint|p1a: Skarmory
|
|-weather|Sandstorm|[upkeep]
|upkeep
|
|switch|p1a: Abomasnow|Abomasnow, M|100/100
|-damage|p1a: Abomasnow|76/100|[from] Stealth Rock
|-weather|Hail|[from] ability: Snow Warning|[of] p1a: Abomasnow
|turn|15
|
|switch|p2a: Tyranitar|Tyranitar, F|72/100
|-damage|p2a: Tyranitar|59/100|[from] Stealth Rock
|-damage|p2a: Tyranitar|34/100|[from] Spikes
|-weather|Sandstorm|[from] ability: Sand Stream|[of] p2a: Tyranitar
|move|p1a: Abomasnow|Ice Shard|p2a: Tyranitar
|-damage|p2a: Tyranitar|16/100
|
|-weather|Sandstorm|[upkeep]
|-damage|p1a: Abomasnow|69/100|[from] Sandstorm
|upkeep
|turn|16
|
|move|p1a: Abomasnow|Ice Shard|p2a: Tyranitar
|-damage|p2a: Tyranitar|0 fnt
|faint|p2a: Tyranitar
|
|-weather|Sandstorm|[upkeep]
|-damage|p1a: Abomasnow|63/100|[from] Sandstorm
|upkeep
|
|switch|p2a: Ferrothorn|Ferrothorn, M|100/100
|-damage|p2a: Ferrothorn|75/100|[from] Spikes
|-damage|p2a: Ferrothorn|69/100|[from] Stealth Rock
|turn|17
|
|move|p1a: Abomasnow|Hidden Power|p2a: Ferrothorn
|-supereffective|p2a: Ferrothorn
|-damage|p2a: Ferrothorn|8/100
|move|p2a: Ferrothorn|Leech Seed|p1a: Abomasnow
|-immune|p1a: Abomasnow
|
|-weather|Sandstorm|[upkeep]
|-damage|p1a: Abomasnow|57/100|[from] Sandstorm
|-heal|p2a: Ferrothorn|14/100|[from] item: Leftovers
|upkeep
|turn|18
|
|move|p1a: Abomasnow|Hidden Power|p2a: Ferrothorn
|-supereffective|p2a: Ferrothorn
|-damage|p2a: Ferrothorn|0 fnt
|faint|p2a: Ferrothorn
|
|-weather|Sandstorm|[upkeep]
|-damage|p1a: Abomasnow|51/100|[from] Sandstorm
|upkeep
|
|switch|p2a: Landorus|Landorus-Therian, M|16/100
|-damage|p2a: Landorus|4/100|[from] Stealth Rock
|-ability|p2a: Landorus|Intimidate|boost
|-unboost|p1a: Abomasnow|atk|1
|turn|19
|
|move|p1a: Abomasnow|Ice Shard|p2a: Landorus
|-supereffective|p2a: Landorus
|-damage|p2a: Landorus|0 fnt
|faint|p2a: Landorus
|
|-weather|Sandstorm|[upkeep]
|-damage|p1a: Abomasnow|44/100|[from] Sandstorm
|upkeep
|
|switch|p2a: Garchomp|Garchomp, F|41/100
|-damage|p2a: Garchomp|16/100|[from] Spikes
|-damage|p2a: Garchomp|10/100|[from] Stealth Rock
|turn|20
|inactive|Oooh Karen has 120 seconds left.
|
|move|p1a: Abomasnow|Ice Shard|p2a: Garchomp
|-supereffective|p2a: Garchomp
|-enditem|p2a: Garchomp|Yache Berry|[eat]
|-enditem|p2a: Garchomp|Yache Berry|[weaken]
|-damage|p2a: Garchomp|0 fnt
|faint|p2a: Garchomp
|
|-weather|Sandstorm|[upkeep]
|-damage|p1a: Abomasnow|38/100|[from] Sandstorm
|upkeep
|
|switch|p2a: Slowking|Slowking, M|100/100
|-damage|p2a: Slowking|76/100|[from] Spikes
|-damage|p2a: Slowking|63/100|[from] Stealth Rock
|turn|21
|
|move|p1a: Abomasnow|Wood Hammer|p2a: Slowking
|-supereffective|p2a: Slowking
|-damage|p2a: Slowking|0 fnt
|-damage|p1a: Abomasnow|13/100|[from] Recoil
|faint|p2a: Slowking
|
|win|Oooh Karen
|l|☆Typhlito
|raw|Oooh Karen's rating: 1470 &rarr; <strong>1486</strong><br />(+16 for winning)
|raw|Typhlito's rating: 1398 &rarr; <strong>1383</strong><br />(-15 for losing)
|l|‽Oooh Karen
