|j|☆McBaggins98
|j|☆southernchicken
|t:|1720544789
|gametype|singles
|player|p1|McBaggins98|1|1276
|player|p2|southernchicken|266|1398
|teamsize|p1|6
|teamsize|p2|6
|gen|5
|tier|[Gen 5] OU
|rated|
|rule|Species Clause: Limit one of each Pokémon
|rule|OHKO Clause: OHKO moves are banned
|rule|Moody Clause: Moody is banned
|rule|Evasion Items Clause: Evasion items are banned
|rule|Evasion Moves Clause: Evasion moves are banned
|rule|Endless Battle Clause: Forcing endless battles is banned
|rule|HP Percentage Mod: HP is shown in percentages
|rule|Evasion Abilities Clause: Evasion abilities are banned
|rule|Sleep Moves Clause: Sleep-inducing moves are banned
|rule|Swagger Clause: Swagger is banned
|rule|Baton Pass Stat Clause: No Baton Passer may have a way to boost its stats
|clearpoke
|poke|p1|Hippowdon, F|item
|poke|p1|Ferrothorn, M|item
|poke|p1|Magnezone|item
|poke|p1|Latios, M|item
|poke|p1|Excadrill, F|item
|poke|p1|Reuniclus, M|item
|poke|p2|Poliwrath, F|item
|poke|p2|Porygon2|item
|poke|p2|Machamp, M|item
|poke|p2|Gyarados, M|item
|poke|p2|Jirachi|item
|poke|p2|Staraptor, M|item
|teampreview
|inactive|Battle timer is ON: inactive players will automatically lose when time's up. (requested by McBaggins98)
|
|t:|1720544807
|start
|switch|p1a: Hippowdon|Hippowdon, F, shiny|100/100
|switch|p2a: Poliwrath|Poliwrath, F|100/100
|-weather|Sandstorm|[from] ability: Sand Stream|[of] p1a: Hippowdon
|turn|1
|
|t:|1720544822
|switch|p1a: Magnezone|Magnezone, shiny|100/100
|-item|p1a: Magnezone|Air Balloon
|move|p2a: Poliwrath|Waterfall|p1a: Magnezone
|-damage|p1a: Magnezone|60/100
|-enditem|p1a: Magnezone|Air Balloon
|
|-weather|Sandstorm|[upkeep]
|-damage|p2a: Poliwrath|94/100|[from] Sandstorm
|upkeep
|turn|2
|
|t:|1720544835
|move|p1a: Magnezone|Thunderbolt|p2a: Poliwrath
|-supereffective|p2a: Poliwrath
|-damage|p2a: Poliwrath|3/100
|move|p2a: Poliwrath|Circle Throw|p1a: Magnezone
|-supereffective|p1a: Magnezone
|-damage|p1a: Magnezone|0 fnt
|faint|p1a: Magnezone
|
|-weather|Sandstorm|[upkeep]
|-damage|p2a: Poliwrath|0 fnt|[from] Sandstorm
|faint|p2a: Poliwrath
|upkeep
|
|t:|1720544861
|switch|p1a: Hippowdon|Hippowdon, F, shiny|100/100
|switch|p2a: Machamp|Machamp, M|100/100
|turn|3
|
|t:|1720544867
|move|p2a: Machamp|Dynamic Punch|p1a: Hippowdon
|-damage|p1a: Hippowdon|55/100
|-start|p1a: Hippowdon|confusion
|-damage|p2a: Machamp|91/100|[from] item: Life Orb
|-activate|p1a: Hippowdon|confusion
|-damage|p1a: Hippowdon|48/100|[from] confusion
|
|-weather|Sandstorm|[upkeep]
|-damage|p2a: Machamp|85/100|[from] Sandstorm
|-heal|p1a: Hippowdon|54/100|[from] item: Leftovers
|upkeep
|turn|4
|
|t:|1720544879
|move|p2a: Machamp|Ice Punch|p1a: Hippowdon
|-supereffective|p1a: Hippowdon
|-damage|p1a: Hippowdon|10/100
|-damage|p2a: Machamp|75/100|[from] item: Life Orb
|-end|p1a: Hippowdon|confusion
|move|p1a: Hippowdon|Earthquake|p2a: Machamp
|-damage|p2a: Machamp|34/100
|
|-weather|Sandstorm|[upkeep]
|-damage|p2a: Machamp|28/100|[from] Sandstorm
|-heal|p1a: Hippowdon|17/100|[from] item: Leftovers
|upkeep
|turn|5
|
|t:|1720544892
|switch|p1a: Reuniclus|Reuniclus, M, shiny|100/100
|move|p2a: Machamp|Dynamic Punch|p1a: Reuniclus
|-resisted|p1a: Reuniclus
|-damage|p1a: Reuniclus|73/100
|-start|p1a: Reuniclus|confusion
|-damage|p2a: Machamp|19/100|[from] item: Life Orb
|
|-weather|Sandstorm|[upkeep]
|-damage|p2a: Machamp|13/100|[from] Sandstorm
|-heal|p1a: Reuniclus|79/100|[from] item: Leftovers
|upkeep
|turn|6
|inactive|southernchicken has 120 seconds left.
|
|t:|1720544912
|move|p2a: Machamp|Payback|p1a: Reuniclus
|-supereffective|p1a: Reuniclus
|-damage|p1a: Reuniclus|45/100
|-damage|p2a: Machamp|3/100|[from] item: Life Orb
|-activate|p1a: Reuniclus|confusion
|-damage|p1a: Reuniclus|41/100|[from] confusion
|
|-weather|Sandstorm|[upkeep]
|-damage|p2a: Machamp|0 fnt|[from] Sandstorm
|faint|p2a: Machamp
|-heal|p1a: Reuniclus|47/100|[from] item: Leftovers
|upkeep
|inactive|southernchicken has 120 seconds left.
|
|t:|1720544941
|switch|p2a: Staraptor|Staraptor, M, shiny|100/100
|-ability|p2a: Staraptor|Intimidate|boost
|-unboost|p1a: Reuniclus|atk|1
|turn|7
|
|t:|1720544947
|switch|p1a: Ferrothorn|Ferrothorn, M, shiny|100/100
|move|p2a: Staraptor|Brave Bird|p1a: Ferrothorn
|-damage|p1a: Ferrothorn|47/100
|-damage|p2a: Staraptor|88/100|[from] ability: Iron Barbs|[of] p1a: Ferrothorn
|-damage|p2a: Staraptor|68/100|[from] Recoil
|
|-weather|Sandstorm|[upkeep]
|-damage|p2a: Staraptor|62/100|[from] Sandstorm
|-heal|p1a: Ferrothorn|54/100|[from] item: Leftovers
|upkeep
|turn|8
|
|t:|1720544959
|move|p1a: Ferrothorn|Protect|p1a: Ferrothorn
|-singleturn|p1a: Ferrothorn|Protect
|move|p2a: Staraptor|Brave Bird|p1a: Ferrothorn
|-activate|p1a: Ferrothorn|move: Protect
|
|-weather|Sandstorm|[upkeep]
|-damage|p2a: Staraptor|56/100|[from] Sandstorm
|-heal|p1a: Ferrothorn|60/100|[from] item: Leftovers
|upkeep
|turn|9
|
|t:|1720544976
|switch|p2a: Gyarados|Gyarados, M|100/100
|-ability|p2a: Gyarados|Intimidate|boost
|-unboost|p1a: Ferrothorn|atk|1
|move|p1a: Ferrothorn|Leech Seed|p2a: Gyarados
|-start|p2a: Gyarados|move: Leech Seed
|
|-weather|Sandstorm|[upkeep]
|-damage|p2a: Gyarados|94/100|[from] Sandstorm
|-heal|p2a: Gyarados|100/100|[from] item: Leftovers
|-heal|p1a: Ferrothorn|66/100|[from] item: Leftovers
|-damage|p2a: Gyarados|88/100|[from] Leech Seed|[of] p1a: Ferrothorn
|-heal|p1a: Ferrothorn|78/100|[silent]
|upkeep
|turn|10
|
|t:|1720544990
|switch|p2a: Staraptor|Staraptor, M, shiny|56/100
|-ability|p2a: Staraptor|Intimidate|boost
|-unboost|p1a: Ferrothorn|atk|1
|move|p1a: Ferrothorn|Power Whip|p2a: Staraptor|[miss]
|-miss|p1a: Ferrothorn|p2a: Staraptor
|
|-weather|Sandstorm|[upkeep]
|-damage|p2a: Staraptor|50/100|[from] Sandstorm
|-heal|p1a: Ferrothorn|84/100|[from] item: Leftovers
|upkeep
|turn|11
|
|t:|1720545006
|move|p2a: Staraptor|Close Combat|p1a: Ferrothorn
|-supereffective|p1a: Ferrothorn
|-crit|p1a: Ferrothorn
|-damage|p1a: Ferrothorn|0 fnt
|-unboost|p2a: Staraptor|def|1
|-unboost|p2a: Staraptor|spd|1
|-damage|p2a: Staraptor|38/100|[from] ability: Iron Barbs|[of] p1a: Ferrothorn
|faint|p1a: Ferrothorn
|
|-weather|Sandstorm|[upkeep]
|-damage|p2a: Staraptor|32/100|[from] Sandstorm
|upkeep
|
|t:|1720545015
|switch|p1a: Excadrill|Excadrill, F, shiny|100/100
|turn|12
|
|t:|1720545019
|move|p1a: Excadrill|Iron Head|p2a: Staraptor
|-damage|p2a: Staraptor|0 fnt
|faint|p2a: Staraptor
|
|-weather|Sandstorm|[upkeep]
|upkeep
|
|t:|1720545027
|switch|p2a: Gyarados|Gyarados, M|88/100
|-ability|p2a: Gyarados|Intimidate|boost
|-unboost|p1a: Excadrill|atk|1
|turn|13
|
|t:|1720545038
|switch|p1a: Hippowdon|Hippowdon, F, shiny|17/100
|move|p2a: Gyarados|Dragon Dance|p2a: Gyarados
|-boost|p2a: Gyarados|atk|1
|-boost|p2a: Gyarados|spe|1
|
|-weather|Sandstorm|[upkeep]
|-damage|p2a: Gyarados|82/100|[from] Sandstorm
|-heal|p2a: Gyarados|88/100|[from] item: Leftovers
|-heal|p1a: Hippowdon|23/100|[from] item: Leftovers
|upkeep
|turn|14
|
|t:|1720545051
|move|p2a: Gyarados|Dragon Dance|p2a: Gyarados
|-boost|p2a: Gyarados|atk|1
|-boost|p2a: Gyarados|spe|1
|move|p1a: Hippowdon|Whirlwind|p2a: Gyarados
|drag|p2a: Porygon2|Porygon2|100/100
|-ability|p2a: Porygon2|Sand Stream|[from] ability: Trace|[of] p1a: Hippowdon
|
|-weather|Sandstorm|[upkeep]
|-damage|p2a: Porygon2|94/100|[from] Sandstorm
|-heal|p1a: Hippowdon|29/100|[from] item: Leftovers
|upkeep
|turn|15
|
|t:|1720545063
|move|p2a: Porygon2|Ice Beam|p1a: Hippowdon
|-supereffective|p1a: Hippowdon
|-damage|p1a: Hippowdon|0 fnt
|faint|p1a: Hippowdon
|
|-weather|Sandstorm|[upkeep]
|-damage|p2a: Porygon2|88/100|[from] Sandstorm
|upkeep
|
|t:|1720545070
|switch|p1a: Reuniclus|Reuniclus, M, shiny|47/100
|turn|16
|
|t:|1720545074
|move|p2a: Porygon2|Thunder Wave|p1a: Reuniclus
|-status|p1a: Reuniclus|par
|move|p1a: Reuniclus|Recover|p1a: Reuniclus
|-heal|p1a: Reuniclus|97/100 par
|
|-weather|Sandstorm|[upkeep]
|-damage|p2a: Porygon2|82/100|[from] Sandstorm
|-heal|p1a: Reuniclus|100/100 par|[from] item: Leftovers
|upkeep
|turn|17
|
|t:|1720545084
|switch|p2a: Jirachi|Jirachi|100/100
|switch|p1a: Latios|Latios, M, shiny|100/100
|
|-weather|Sandstorm|[upkeep]
|-damage|p1a: Latios|95/100|[from] Sandstorm
|upkeep
|turn|18
|
|t:|1720545093
|move|p1a: Latios|Trick|p2a: Jirachi
|-activate|p1a: Latios|move: Trick|[of] p2a: Jirachi
|-item|p2a: Jirachi|Choice Specs|[from] move: Trick
|-item|p1a: Latios|Leftovers|[from] move: Trick
|move|p2a: Jirachi|Body Slam|p1a: Latios
|-damage|p1a: Latios|69/100
|-status|p1a: Latios|par
|
|-weather|Sandstorm|[upkeep]
|-damage|p1a: Latios|63/100 par|[from] Sandstorm
|-heal|p1a: Latios|69/100 par|[from] item: Leftovers
|upkeep
|turn|19
|
|t:|1720545105
|switch|p2a: Porygon2|Porygon2|82/100
|-ability|p2a: Porygon2|Levitate|[from] ability: Trace|[of] p1a: Latios
|move|p1a: Latios|Draco Meteor|p2a: Porygon2
|-damage|p2a: Porygon2|48/100
|-unboost|p1a: Latios|spa|2
|
|-weather|Sandstorm|[upkeep]
|-damage|p2a: Porygon2|42/100|[from] Sandstorm
|-damage|p1a: Latios|63/100 par|[from] Sandstorm
|-heal|p1a: Latios|69/100 par|[from] item: Leftovers
|upkeep
|turn|20
|
|t:|1720545118
|switch|p1a: Excadrill|Excadrill, F, shiny|100/100
|move|p2a: Porygon2|Recover|p2a: Porygon2
|-heal|p2a: Porygon2|92/100
|
|-weather|Sandstorm|[upkeep]
|-damage|p2a: Porygon2|86/100|[from] Sandstorm
|upkeep
|turn|21
|
|t:|1720545126
|move|p1a: Excadrill|Iron Head|p2a: Porygon2
|-damage|p2a: Porygon2|47/100
|cant|p2a: Porygon2|flinch
|
|-weather|Sandstorm|[upkeep]
|-damage|p2a: Porygon2|41/100|[from] Sandstorm
|upkeep
|turn|22
|
|t:|1720545138
|switch|p2a: Gyarados|Gyarados, M|88/100
|-ability|p2a: Gyarados|Intimidate|boost
|-unboost|p1a: Excadrill|atk|1
|move|p1a: Excadrill|Iron Head|p2a: Gyarados
|-resisted|p2a: Gyarados
|-damage|p2a: Gyarados|63/100
|
|-weather|Sandstorm|[upkeep]
|-damage|p2a: Gyarados|57/100|[from] Sandstorm
|-heal|p2a: Gyarados|63/100|[from] item: Leftovers
|upkeep
|turn|23
|
|t:|1720545150
|switch|p1a: Reuniclus|Reuniclus, M, shiny|100/100 par
|move|p2a: Gyarados|Dragon Dance|p2a: Gyarados
|-boost|p2a: Gyarados|atk|1
|-boost|p2a: Gyarados|spe|1
|
|-weather|Sandstorm|[upkeep]
|-damage|p2a: Gyarados|57/100|[from] Sandstorm
|-heal|p2a: Gyarados|63/100|[from] item: Leftovers
|upkeep
|turn|24
|
|t:|1720545159
|move|p2a: Gyarados|Waterfall|p1a: Reuniclus
|-damage|p1a: Reuniclus|54/100 par
|move|p1a: Reuniclus|Thunder|p2a: Gyarados
|-supereffective|p2a: Gyarados
|-damage|p2a: Gyarados|0 fnt
|faint|p2a: Gyarados
|
|-weather|Sandstorm|[upkeep]
|-heal|p1a: Reuniclus|60/100 par|[from] item: Leftovers
|upkeep
|
|t:|1720545173
|switch|p2a: Jirachi|Jirachi|100/100
|turn|25
|
|t:|1720545185
|move|p2a: Jirachi|Iron Head|p1a: Reuniclus
|-damage|p1a: Reuniclus|42/100 par
|cant|p1a: Reuniclus|flinch
|
|-weather|Sandstorm|[upkeep]
|-heal|p1a: Reuniclus|48/100 par|[from] item: Leftovers
|upkeep
|turn|26
|
|t:|1720545192
|move|p2a: Jirachi|Iron Head|p1a: Reuniclus
|-damage|p1a: Reuniclus|29/100 par
|cant|p1a: Reuniclus|flinch
|
|-weather|Sandstorm|[upkeep]
|-heal|p1a: Reuniclus|35/100 par|[from] item: Leftovers
|upkeep
|turn|27
|
|t:|1720545200
|move|p2a: Jirachi|Iron Head|p1a: Reuniclus
|-damage|p1a: Reuniclus|14/100 par
|cant|p1a: Reuniclus|flinch
|
|-weather|Sandstorm|[upkeep]
|-heal|p1a: Reuniclus|21/100 par|[from] item: Leftovers
|upkeep
|turn|28
|
|t:|1720545208
|move|p2a: Jirachi|Iron Head|p1a: Reuniclus
|-damage|p1a: Reuniclus|1/100 par
|cant|p1a: Reuniclus|flinch
|
|-weather|Sandstorm|[upkeep]
|-heal|p1a: Reuniclus|8/100 par|[from] item: Leftovers
|upkeep
|turn|29
|
|t:|1720545215
|move|p2a: Jirachi|Iron Head|p1a: Reuniclus
|-damage|p1a: Reuniclus|0 fnt
|faint|p1a: Reuniclus
|
|-weather|Sandstorm|[upkeep]
|upkeep
|
|t:|1720545220
|switch|p1a: Excadrill|Excadrill, F, shiny|100/100
|turn|30
|
|t:|1720545225
|move|p1a: Excadrill|Earthquake|p2a: Jirachi
|-supereffective|p2a: Jirachi
|-damage|p2a: Jirachi|0 fnt
|faint|p2a: Jirachi
|
|-weather|Sandstorm|[upkeep]
|upkeep
|
|t:|1720545232
|switch|p2a: Porygon2|Porygon2|41/100
|-ability|p2a: Porygon2|Sand Force|[from] ability: Trace|[of] p1a: Excadrill
|turn|31
|
|t:|1720545238
|move|p1a: Excadrill|Earthquake|p2a: Porygon2
|-crit|p2a: Porygon2
|-damage|p2a: Porygon2|0 fnt
|faint|p2a: Porygon2
|
|win|McBaggins98
|raw|McBaggins98's rating: 1276 &rarr; <strong>1309</strong><br />(+33 for winning)
|raw|southernchicken's rating: 1398 &rarr; <strong>1371</strong><br />(-27 for losing)
|c|☆McBaggins98|gg
|l|☆southernchicken
|player|p2|
