|j|☆Rosee Ame
|j|☆SwitchoSwitch
|player|p1|Rosee Ame|evelyn|1336
|player|p2|SwitchoSwitch|1|1296
|teamsize|p1|6
|teamsize|p2|6
|gametype|singles
|gen|5
|tier|[Gen 5] OU
|rated|
|clearpoke
|poke|p1|Tyranitar, M|item
|poke|p1|Shaymin|item
|poke|p1|Garchomp, M|item
|poke|p1|Magnezone|item
|poke|p1|Slowbro, M|item
|poke|p1|Skarmory, F|item
|poke|p2|Bouffalant, F|item
|poke|p2|Blissey, F|item
|poke|p2|Donphan, M|item
|poke|p2|Gliscor, F|item
|poke|p2|Conkeldurr, M|item
|poke|p2|Rotom-Wash|item
|rule|Species Clause: Limit one of each Pokémon
|rule|OHKO Clause: OHKO moves are banned
|rule|Moody Clause: Moody is banned
|rule|Evasion Moves Clause: Evasion moves are banned
|rule|Endless Battle Clause: Forcing endless battles is banned
|rule|HP Percentage Mod: HP is shown in percentages
|rule|Evasion Abilities Clause: Evasion abilities are banned
|rule|Baton Pass Clause: Limit one Baton Passer, can't pass Spe and other stats simultaneously
|rule|Sleep Clause: Sleep-inducing moves are banned
|rule|Swagger Clause: Swagger is banned
|teampreview
|
|start
|switch|p1a: Tyranitar|Tyranitar, M|100/100
|switch|p2a: Rotom|Rotom-Wash|100/100
|-weather|Sandstorm|[from] ability: Sand Stream|[of] p1a: Tyranitar
|turn|1
|
|switch|p1a: Shaymin|Shaymin|100/100
|move|p2a: Rotom|Will-O-Wisp|p1a: Shaymin
|-status|p1a: Shaymin|brn
|
|-weather|Sandstorm|[upkeep]
|-damage|p1a: Shaymin|94/100 brn|[from] Sandstorm
|-damage|p2a: Rotom|94/100|[from] Sandstorm
|-heal|p1a: Shaymin|100/100 brn|[from] item: Leftovers
|-heal|p2a: Rotom|100/100|[from] item: Leftovers
|-damage|p1a: Shaymin|88/100 brn|[from] brn
|upkeep
|turn|2
|
|switch|p2a: Blissey|Blissey, F|100/100
|move|p1a: Shaymin|Seed Flare|p2a: Blissey
|-crit|p2a: Blissey
|-damage|p2a: Blissey|64/100
|-unboost|p2a: Blissey|spd|2
|
|-weather|Sandstorm|[upkeep]
|-damage|p1a: Shaymin|82/100 brn|[from] Sandstorm
|-damage|p2a: Blissey|58/100|[from] Sandstorm
|-heal|p1a: Shaymin|88/100 brn|[from] item: Leftovers
|-heal|p2a: Blissey|64/100|[from] item: Leftovers
|-damage|p1a: Shaymin|76/100 brn|[from] brn
|upkeep
|turn|3
|
|switch|p2a: Bouffalant|Bouffalant, F, shiny|100/100
|move|p1a: Shaymin|Seed Flare|p2a: Bouffalant
|-crit|p2a: Bouffalant
|-damage|p2a: Bouffalant|0 fnt
|faint|p2a: Bouffalant
|
|-weather|Sandstorm|[upkeep]
|-damage|p1a: Shaymin|70/100 brn|[from] Sandstorm
|-heal|p1a: Shaymin|76/100 brn|[from] item: Leftovers
|-damage|p1a: Shaymin|63/100 brn|[from] brn
|upkeep
|
|switch|p2a: Conkeldurr|Conkeldurr, M|100/100
|turn|4
|
|switch|p1a: Slowbro|Slowbro, M|100/100
|move|p2a: Conkeldurr|Ice Punch|p1a: Slowbro
|-resisted|p1a: Slowbro
|-damage|p1a: Slowbro|92/100
|
|-weather|Sandstorm|[upkeep]
|-damage|p2a: Conkeldurr|94/100|[from] Sandstorm
|-damage|p1a: Slowbro|86/100|[from] Sandstorm
|-heal|p1a: Slowbro|92/100|[from] item: Leftovers
|-status|p2a: Conkeldurr|brn|[from] item: Flame Orb
|upkeep
|turn|5
|
|move|p2a: Conkeldurr|Thunder Punch|p1a: Slowbro
|-supereffective|p1a: Slowbro
|-damage|p1a: Slowbro|44/100
|move|p1a: Slowbro|Scald|p2a: Conkeldurr
|-damage|p2a: Conkeldurr|53/100 brn
|
|-weather|Sandstorm|[upkeep]
|-damage|p2a: Conkeldurr|47/100 brn|[from] Sandstorm
|-damage|p1a: Slowbro|38/100|[from] Sandstorm
|-heal|p1a: Slowbro|44/100|[from] item: Leftovers
|-damage|p2a: Conkeldurr|35/100 brn|[from] brn
|upkeep
|turn|6
|
|switch|p1a: Garchomp|Garchomp, M|100/100
|move|p2a: Conkeldurr|Thunder Punch|p1a: Garchomp
|-immune|p1a: Garchomp
|
|-weather|Sandstorm|[upkeep]
|-damage|p2a: Conkeldurr|28/100 brn|[from] Sandstorm
|-damage|p2a: Conkeldurr|16/100 brn|[from] brn
|upkeep
|turn|7
|
|switch|p2a: Rotom|Rotom-Wash|100/100
|move|p1a: Garchomp|Dual Chop|p2a: Rotom
|-damage|p2a: Rotom|84/100
|-damage|p2a: Rotom|66/100
|-hitcount|p2a: Rotom|2
|
|-weather|Sandstorm|[upkeep]
|-damage|p2a: Rotom|60/100|[from] Sandstorm
|-heal|p2a: Rotom|66/100|[from] item: Leftovers
|upkeep
|turn|8
|
|switch|p1a: Shaymin|Shaymin|63/100
|move|p2a: Rotom|Volt Switch|p1a: Shaymin
|-resisted|p1a: Shaymin
|-damage|p1a: Shaymin|53/100
|
|switch|p2a: Gliscor|Gliscor, F|100/100|[from]move: Volt Switch
|
|-weather|Sandstorm|[upkeep]
|-damage|p1a: Shaymin|47/100|[from] Sandstorm
|-heal|p1a: Shaymin|53/100|[from] item: Leftovers
|-status|p2a: Gliscor|tox|[from] item: Toxic Orb
|upkeep
|turn|9
|
|move|p1a: Shaymin|Hidden Power|p2a: Gliscor
|-supereffective|p2a: Gliscor
|-damage|p2a: Gliscor|28/100 tox
|move|p2a: Gliscor|Swords Dance|p2a: Gliscor
|-boost|p2a: Gliscor|atk|2
|
|-weather|Sandstorm|[upkeep]
|-damage|p1a: Shaymin|47/100|[from] Sandstorm
|-heal|p1a: Shaymin|53/100|[from] item: Leftovers
|-heal|p2a: Gliscor|41/100 tox|[from] ability: Poison Heal
|upkeep
|turn|10
|
|switch|p2a: Blissey|Blissey, F|64/100
|move|p1a: Shaymin|Hidden Power|p2a: Blissey
|-damage|p2a: Blissey|58/100
|
|-weather|Sandstorm|[upkeep]
|-damage|p1a: Shaymin|47/100|[from] Sandstorm
|-damage|p2a: Blissey|51/100|[from] Sandstorm
|-heal|p1a: Shaymin|53/100|[from] item: Leftovers
|-heal|p2a: Blissey|58/100|[from] item: Leftovers
|upkeep
|turn|11
|
|move|p1a: Shaymin|Rest|p1a: Shaymin
|-status|p1a: Shaymin|slp|[from] move: Rest
|-heal|p1a: Shaymin|100/100 slp|[silent]
|move|p2a: Blissey|Thunder Wave||[still]
|-fail|p2a: Blissey
|
|-weather|Sandstorm|[upkeep]
|-damage|p1a: Shaymin|94/100 slp|[from] Sandstorm
|-damage|p2a: Blissey|51/100|[from] Sandstorm
|-heal|p1a: Shaymin|100/100 slp|[from] item: Leftovers
|-heal|p2a: Blissey|58/100|[from] item: Leftovers
|upkeep
|turn|12
|
|-curestatus|p1a: Shaymin|slp|[from] ability: Natural Cure
|switch|p1a: Garchomp|Garchomp, M|100/100
|move|p2a: Blissey|Wish|p2a: Blissey
|
|-weather|Sandstorm|[upkeep]
|-damage|p2a: Blissey|51/100|[from] Sandstorm
|-heal|p2a: Blissey|58/100|[from] item: Leftovers
|upkeep
|turn|13
|
|switch|p2a: Gliscor|Gliscor, F|41/100 tox
|move|p1a: Garchomp|Dual Chop|p2a: Gliscor
|-damage|p2a: Gliscor|26/100 tox
|-damage|p2a: Gliscor|11/100 tox
|-hitcount|p2a: Gliscor|2
|
|-weather|Sandstorm|[upkeep]
|-heal|p2a: Gliscor|100/100 tox|[from] move: Wish|[wisher] Blissey
|upkeep
|turn|14
|
|switch|p1a: Slowbro|Slowbro, M|77/100
|move|p2a: Gliscor|Swords Dance|p2a: Gliscor
|-boost|p2a: Gliscor|atk|2
|
|-weather|Sandstorm|[upkeep]
|-damage|p1a: Slowbro|71/100|[from] Sandstorm
|-heal|p1a: Slowbro|77/100|[from] item: Leftovers
|upkeep
|turn|15
|
|move|p2a: Gliscor|Knock Off|p1a: Slowbro
|-supereffective|p1a: Slowbro
|-damage|p1a: Slowbro|67/100
|-enditem|p1a: Slowbro|Leftovers|[from] move: Knock Off|[of] p2a: Gliscor
|move|p1a: Slowbro|Ice Beam|p2a: Gliscor
|-supereffective|p2a: Gliscor
|-damage|p2a: Gliscor|18/100 tox
|
|-weather|Sandstorm|[upkeep]
|-damage|p1a: Slowbro|61/100|[from] Sandstorm
|-heal|p2a: Gliscor|30/100 tox|[from] ability: Poison Heal
|upkeep
|turn|16
|
|move|p2a: Gliscor|Roost|p2a: Gliscor
|-heal|p2a: Gliscor|80/100 tox
|-singleturn|p2a: Gliscor|move: Roost
|move|p1a: Slowbro|Ice Beam|p2a: Gliscor
|-supereffective|p2a: Gliscor
|-damage|p2a: Gliscor|40/100 tox
|
|-weather|Sandstorm|[upkeep]
|-damage|p1a: Slowbro|54/100|[from] Sandstorm
|-heal|p2a: Gliscor|52/100 tox|[from] ability: Poison Heal
|upkeep
|turn|17
|
|switch|p2a: Blissey|Blissey, F|58/100
|move|p1a: Slowbro|Ice Beam|p2a: Blissey
|-damage|p2a: Blissey|50/100
|
|-weather|Sandstorm|[upkeep]
|-damage|p2a: Blissey|44/100|[from] Sandstorm
|-damage|p1a: Slowbro|48/100|[from] Sandstorm
|-heal|p2a: Blissey|50/100|[from] item: Leftovers
|upkeep
|turn|18
|
|move|p2a: Blissey|Wish|p2a: Blissey
|move|p1a: Slowbro|Slack Off|p1a: Slowbro
|-heal|p1a: Slowbro|98/100
|
|-weather|Sandstorm|[upkeep]
|-damage|p2a: Blissey|44/100|[from] Sandstorm
|-damage|p1a: Slowbro|92/100|[from] Sandstorm
|-heal|p2a: Blissey|50/100|[from] item: Leftovers
|upkeep
|turn|19
|
|switch|p1a: Shaymin|Shaymin|100/100
|move|p2a: Blissey|Seismic Toss|p1a: Shaymin
|-damage|p1a: Shaymin|75/100
|
|-weather|Sandstorm|[upkeep]
|-damage|p1a: Shaymin|69/100|[from] Sandstorm
|-damage|p2a: Blissey|44/100|[from] Sandstorm
|-heal|p2a: Blissey|94/100|[from] move: Wish|[wisher] Blissey
|-heal|p1a: Shaymin|75/100|[from] item: Leftovers
|-heal|p2a: Blissey|99/100|[from] item: Leftovers
|upkeep
|turn|20
|
|switch|p1a: Tyranitar|Tyranitar, M|100/100
|move|p2a: Blissey|Thunder Wave|p1a: Tyranitar
|-status|p1a: Tyranitar|par
|
|-weather|Sandstorm|[upkeep]
|-damage|p2a: Blissey|94/100|[from] Sandstorm
|-heal|p2a: Blissey|99/100|[from] item: Leftovers
|upkeep
|turn|21
|
|switch|p2a: Gliscor|Gliscor, F|52/100 tox
|move|p1a: Tyranitar|Stealth Rock|p2a: Gliscor
|-sidestart|p2: SwitchoSwitch|move: Stealth Rock
|
|-weather|Sandstorm|[upkeep]
|-heal|p2a: Gliscor|65/100 tox|[from] ability: Poison Heal
|upkeep
|turn|22
|
|switch|p1a: Slowbro|Slowbro, M|100/100
|move|p2a: Gliscor|Swords Dance|p2a: Gliscor
|-boost|p2a: Gliscor|atk|2
|
|-weather|Sandstorm|[upkeep]
|-damage|p1a: Slowbro|94/100|[from] Sandstorm
|-heal|p2a: Gliscor|77/100 tox|[from] ability: Poison Heal
|upkeep
|turn|23
|
|switch|p2a: Blissey|Blissey, F|99/100
|-damage|p2a: Blissey|88/100|[from] Stealth Rock
|move|p1a: Slowbro|Ice Beam|p2a: Blissey
|-damage|p2a: Blissey|80/100
|
|-weather|Sandstorm|[upkeep]
|-damage|p2a: Blissey|74/100|[from] Sandstorm
|-damage|p1a: Slowbro|88/100|[from] Sandstorm
|-heal|p2a: Blissey|80/100|[from] item: Leftovers
|upkeep
|turn|24
|
|switch|p1a: Tyranitar|Tyranitar, M|100/100 par
|move|p2a: Blissey|Thunder Wave|p1a: Tyranitar
|-fail|p1a: Tyranitar|par
|
|-weather|Sandstorm|[upkeep]
|-damage|p2a: Blissey|74/100|[from] Sandstorm
|-heal|p2a: Blissey|80/100|[from] item: Leftovers
|upkeep
|turn|25
|
|switch|p2a: Donphan|Donphan, M|100/100
|-damage|p2a: Donphan|94/100|[from] Stealth Rock
|cant|p1a: Tyranitar|par
|
|-weather|Sandstorm|[upkeep]
|-heal|p2a: Donphan|100/100|[from] item: Leftovers
|upkeep
|turn|26
|
|switch|p1a: Shaymin|Shaymin|75/100
|move|p2a: Donphan|Rapid Spin|p1a: Shaymin
|-damage|p1a: Shaymin|70/100
|-sideend|p2: SwitchoSwitch|Stealth Rock|[from] move: Rapid Spin|[of] p2a: Donphan
|
|-weather|Sandstorm|[upkeep]
|-damage|p1a: Shaymin|64/100|[from] Sandstorm
|-heal|p1a: Shaymin|70/100|[from] item: Leftovers
|upkeep
|turn|27
|
|switch|p1a: Tyranitar|Tyranitar, M|100/100 par
|switch|p2a: Blissey|Blissey, F|80/100
|
|-weather|Sandstorm|[upkeep]
|-damage|p2a: Blissey|74/100|[from] Sandstorm
|-heal|p2a: Blissey|80/100|[from] item: Leftovers
|upkeep
|turn|28
|
|-activate|p2a: Blissey|move: Pursuit
|cant|p1a: Tyranitar|par
|switch|p2a: Donphan|Donphan, M|100/100
|
|-weather|Sandstorm|[upkeep]
|upkeep
|turn|29
|
|switch|p1a: Shaymin|Shaymin|70/100
|move|p2a: Donphan|Stealth Rock|p1a: Shaymin
|-sidestart|p1: Rosee Ame|move: Stealth Rock
|
|-weather|Sandstorm|[upkeep]
|-damage|p1a: Shaymin|64/100|[from] Sandstorm
|-heal|p1a: Shaymin|70/100|[from] item: Leftovers
|upkeep
|turn|30
|
|switch|p2a: Blissey|Blissey, F|80/100
|move|p1a: Shaymin|Seed Flare|p2a: Blissey
|-damage|p2a: Blissey|63/100
|
|-weather|Sandstorm|[upkeep]
|-damage|p1a: Shaymin|64/100|[from] Sandstorm
|-damage|p2a: Blissey|57/100|[from] Sandstorm
|-heal|p1a: Shaymin|70/100|[from] item: Leftovers
|-heal|p2a: Blissey|63/100|[from] item: Leftovers
|upkeep
|turn|31
|
|switch|p1a: Tyranitar|Tyranitar, M|100/100 par
|-damage|p1a: Tyranitar|88/100 par|[from] Stealth Rock
|move|p2a: Blissey|Wish|p2a: Blissey
|
|-weather|Sandstorm|[upkeep]
|-damage|p2a: Blissey|57/100|[from] Sandstorm
|-heal|p2a: Blissey|63/100|[from] item: Leftovers
|upkeep
|turn|32
|
|switch|p2a: Conkeldurr|Conkeldurr, M|16/100 brn
|cant|p1a: Tyranitar|par
|
|-weather|Sandstorm|[upkeep]
|-damage|p2a: Conkeldurr|10/100 brn|[from] Sandstorm
|-heal|p2a: Conkeldurr|100/100 brn|[from] move: Wish|[wisher] Blissey
|-damage|p2a: Conkeldurr|88/100 brn|[from] brn
|upkeep
|turn|33
|
|switch|p1a: Slowbro|Slowbro, M|100/100
|-damage|p1a: Slowbro|88/100|[from] Stealth Rock
|move|p2a: Conkeldurr|Drain Punch|p1a: Slowbro
|-resisted|p1a: Slowbro
|-damage|p1a: Slowbro|69/100
|-heal|p2a: Conkeldurr|99/100 brn|[from] drain|[of] p1a: Slowbro
|
|-weather|Sandstorm|[upkeep]
|-damage|p2a: Conkeldurr|93/100 brn|[from] Sandstorm
|-damage|p1a: Slowbro|63/100|[from] Sandstorm
|-damage|p2a: Conkeldurr|80/100 brn|[from] brn
|upkeep
|turn|34
|
|move|p2a: Conkeldurr|Thunder Punch|p1a: Slowbro
|-supereffective|p1a: Slowbro
|-damage|p1a: Slowbro|18/100
|move|p1a: Slowbro|Slack Off|p1a: Slowbro
|-heal|p1a: Slowbro|68/100
|
|-weather|Sandstorm|[upkeep]
|-damage|p2a: Conkeldurr|74/100 brn|[from] Sandstorm
|-damage|p1a: Slowbro|62/100|[from] Sandstorm
|-damage|p2a: Conkeldurr|61/100 brn|[from] brn
|upkeep
|turn|35
|
|move|p2a: Conkeldurr|Thunder Punch|p1a: Slowbro
|-supereffective|p1a: Slowbro
|-damage|p1a: Slowbro|14/100
|move|p1a: Slowbro|Slack Off|p1a: Slowbro
|-heal|p1a: Slowbro|64/100
|
|-weather|Sandstorm|[upkeep]
|-damage|p2a: Conkeldurr|55/100 brn|[from] Sandstorm
|-damage|p1a: Slowbro|58/100|[from] Sandstorm
|-damage|p2a: Conkeldurr|43/100 brn|[from] brn
|upkeep
|turn|36
|
|move|p2a: Conkeldurr|Thunder Punch|p1a: Slowbro
|-supereffective|p1a: Slowbro
|-damage|p1a: Slowbro|6/100
|move|p1a: Slowbro|Slack Off|p1a: Slowbro
|-heal|p1a: Slowbro|56/100
|
|-weather|Sandstorm|[upkeep]
|-damage|p2a: Conkeldurr|36/100 brn|[from] Sandstorm
|-damage|p1a: Slowbro|50/100|[from] Sandstorm
|-damage|p2a: Conkeldurr|24/100 brn|[from] brn
|upkeep
|turn|37
|
|move|p2a: Conkeldurr|Thunder Punch|p1a: Slowbro
|-supereffective|p1a: Slowbro
|-damage|p1a: Slowbro|2/100
|move|p1a: Slowbro|Slack Off|p1a: Slowbro
|-heal|p1a: Slowbro|52/100
|
|-weather|Sandstorm|[upkeep]
|-damage|p2a: Conkeldurr|18/100 brn|[from] Sandstorm
|-damage|p1a: Slowbro|46/100|[from] Sandstorm
|-damage|p2a: Conkeldurr|5/100 brn|[from] brn
|upkeep
|turn|38
|
|switch|p2a: Blissey|Blissey, F|63/100
|move|p1a: Slowbro|Slack Off|p1a: Slowbro
|-heal|p1a: Slowbro|96/100
|
|-weather|Sandstorm|[upkeep]
|-damage|p2a: Blissey|57/100|[from] Sandstorm
|-damage|p1a: Slowbro|90/100|[from] Sandstorm
|-heal|p2a: Blissey|63/100|[from] item: Leftovers
|upkeep
|turn|39
|
|switch|p1a: Garchomp|Garchomp, M|100/100
|-damage|p1a: Garchomp|94/100|[from] Stealth Rock
|move|p2a: Blissey|Wish|p2a: Blissey
|
|-weather|Sandstorm|[upkeep]
|-damage|p2a: Blissey|57/100|[from] Sandstorm
|-heal|p2a: Blissey|63/100|[from] item: Leftovers
|upkeep
|turn|40
|
|switch|p1a: Slowbro|Slowbro, M|100/100
|-damage|p1a: Slowbro|88/100|[from] Stealth Rock
|switch|p2a: Rotom|Rotom-Wash|66/100
|
|-weather|Sandstorm|[upkeep]
|-damage|p2a: Rotom|60/100|[from] Sandstorm
|-damage|p1a: Slowbro|82/100|[from] Sandstorm
|-heal|p2a: Rotom|100/100|[from] move: Wish|[wisher] Blissey
|upkeep
|turn|41
|
|switch|p1a: Tyranitar|Tyranitar, M|88/100 par
|-damage|p1a: Tyranitar|76/100 par|[from] Stealth Rock
|move|p2a: Rotom|Volt Switch|p1a: Tyranitar
|-damage|p1a: Tyranitar|65/100 par
|
|switch|p2a: Donphan|Donphan, M|100/100|[from]move: Volt Switch
|
|-weather|Sandstorm|[upkeep]
|upkeep
|turn|42
|
|switch|p1a: Shaymin|Shaymin|70/100
|-damage|p1a: Shaymin|58/100|[from] Stealth Rock
|move|p2a: Donphan|Earthquake|p1a: Shaymin
|-resisted|p1a: Shaymin
|-crit|p1a: Shaymin
|-damage|p1a: Shaymin|22/100
|
|-weather|Sandstorm|[upkeep]
|-damage|p1a: Shaymin|16/100|[from] Sandstorm
|-heal|p1a: Shaymin|22/100|[from] item: Leftovers
|upkeep
|turn|43
|
|move|p1a: Shaymin|Rest|p1a: Shaymin
|-status|p1a: Shaymin|slp|[from] move: Rest
|-heal|p1a: Shaymin|100/100 slp|[silent]
|move|p2a: Donphan|Earthquake|p1a: Shaymin
|-resisted|p1a: Shaymin
|-damage|p1a: Shaymin|82/100 slp
|
|-weather|Sandstorm|[upkeep]
|-damage|p1a: Shaymin|76/100 slp|[from] Sandstorm
|-heal|p1a: Shaymin|82/100 slp|[from] item: Leftovers
|upkeep
|turn|44
|
|-curestatus|p1a: Shaymin|slp|[from] ability: Natural Cure
|switch|p1a: Slowbro|Slowbro, M|100/100
|-damage|p1a: Slowbro|88/100|[from] Stealth Rock
|move|p2a: Donphan|Ice Shard|p1a: Slowbro
|-resisted|p1a: Slowbro
|-damage|p1a: Slowbro|84/100
|
|-weather|Sandstorm|[upkeep]
|-damage|p1a: Slowbro|78/100|[from] Sandstorm
|upkeep
|turn|45
|
|switch|p2a: Blissey|Blissey, F|63/100
|move|p1a: Slowbro|Scald|p2a: Blissey
|-damage|p2a: Blissey|53/100
|-status|p2a: Blissey|brn
|
|-weather|Sandstorm|[upkeep]
|-damage|p2a: Blissey|47/100 brn|[from] Sandstorm
|-damage|p1a: Slowbro|72/100|[from] Sandstorm
|-heal|p2a: Blissey|53/100 brn|[from] item: Leftovers
|-damage|p2a: Blissey|41/100 brn|[from] brn
|upkeep
|turn|46
|
|switch|p1a: Tyranitar|Tyranitar, M|65/100 par
|-damage|p1a: Tyranitar|53/100 par|[from] Stealth Rock
|move|p2a: Blissey|Wish|p2a: Blissey
|
|-weather|Sandstorm|[upkeep]
|-damage|p2a: Blissey|34/100 brn|[from] Sandstorm
|-heal|p2a: Blissey|41/100 brn|[from] item: Leftovers
|-damage|p2a: Blissey|28/100 brn|[from] brn
|upkeep
|turn|47
|
|move|p2a: Blissey|Protect|p2a: Blissey
|-singleturn|p2a: Blissey|Protect
|move|p1a: Tyranitar|Pursuit|p2a: Blissey
|-activate|p2a: Blissey|move: Protect
|
|-weather|Sandstorm|[upkeep]
|-damage|p2a: Blissey|22/100 brn|[from] Sandstorm
|-heal|p2a: Blissey|72/100 brn|[from] move: Wish|[wisher] Blissey
|-heal|p2a: Blissey|78/100 brn|[from] item: Leftovers
|-damage|p2a: Blissey|66/100 brn|[from] brn
|upkeep
|turn|48
|
|switch|p2a: Rotom|Rotom-Wash|100/100
|cant|p1a: Tyranitar|par
|
|-weather|Sandstorm|[upkeep]
|-damage|p2a: Rotom|94/100|[from] Sandstorm
|-heal|p2a: Rotom|100/100|[from] item: Leftovers
|upkeep
|turn|49
|
|switch|p1a: Shaymin|Shaymin|82/100
|-damage|p1a: Shaymin|69/100|[from] Stealth Rock
|move|p2a: Rotom|Volt Switch|p1a: Shaymin
|-resisted|p1a: Shaymin
|-damage|p1a: Shaymin|59/100
|
|switch|p2a: Blissey|Blissey, F|66/100|[from]move: Volt Switch
|
|-weather|Sandstorm|[upkeep]
|-damage|p1a: Shaymin|53/100|[from] Sandstorm
|-damage|p2a: Blissey|60/100|[from] Sandstorm
|-heal|p1a: Shaymin|59/100|[from] item: Leftovers
|-heal|p2a: Blissey|66/100|[from] item: Leftovers
|upkeep
|turn|50
|
|switch|p1a: Tyranitar|Tyranitar, M|53/100 par
|-damage|p1a: Tyranitar|41/100 par|[from] Stealth Rock
|move|p2a: Blissey|Wish|p2a: Blissey
|
|-weather|Sandstorm|[upkeep]
|-damage|p2a: Blissey|60/100|[from] Sandstorm
|-heal|p2a: Blissey|66/100|[from] item: Leftovers
|upkeep
|turn|51
|
|switch|p2a: Rotom|Rotom-Wash|100/100
|cant|p1a: Tyranitar|par
|
|-weather|Sandstorm|[upkeep]
|-damage|p2a: Rotom|94/100|[from] Sandstorm
|-heal|p2a: Rotom|100/100|[from] move: Wish|[wisher] Blissey
|upkeep
|turn|52
|
|switch|p1a: Shaymin|Shaymin|59/100
|-damage|p1a: Shaymin|46/100|[from] Stealth Rock
|move|p2a: Rotom|Hydro Pump|p1a: Shaymin
|-resisted|p1a: Shaymin
|-damage|p1a: Shaymin|27/100
|
|-weather|Sandstorm|[upkeep]
|-damage|p1a: Shaymin|21/100|[from] Sandstorm
|-damage|p2a: Rotom|94/100|[from] Sandstorm
|-heal|p1a: Shaymin|27/100|[from] item: Leftovers
|-heal|p2a: Rotom|100/100|[from] item: Leftovers
|upkeep
|turn|53
|
|move|p1a: Shaymin|Rest|p1a: Shaymin
|-status|p1a: Shaymin|slp|[from] move: Rest
|-heal|p1a: Shaymin|100/100 slp|[silent]
|move|p2a: Rotom|Hydro Pump|p1a: Shaymin|[miss]
|-miss|p2a: Rotom|p1a: Shaymin
|
|-weather|Sandstorm|[upkeep]
|-damage|p1a: Shaymin|94/100 slp|[from] Sandstorm
|-damage|p2a: Rotom|94/100|[from] Sandstorm
|-heal|p1a: Shaymin|100/100 slp|[from] item: Leftovers
|-heal|p2a: Rotom|100/100|[from] item: Leftovers
|upkeep
|turn|54
|
|cant|p1a: Shaymin|slp
|move|p2a: Rotom|Volt Switch|p1a: Shaymin
|-resisted|p1a: Shaymin
|-damage|p1a: Shaymin|89/100 slp
|
|switch|p2a: Blissey|Blissey, F|66/100|[from]move: Volt Switch
|
|-weather|Sandstorm|[upkeep]
|-damage|p1a: Shaymin|83/100 slp|[from] Sandstorm
|-damage|p2a: Blissey|60/100|[from] Sandstorm
|-heal|p1a: Shaymin|89/100 slp|[from] item: Leftovers
|-heal|p2a: Blissey|66/100|[from] item: Leftovers
|upkeep
|turn|55
|
|-curestatus|p1a: Shaymin|slp|[from] ability: Natural Cure
|switch|p1a: Tyranitar|Tyranitar, M|41/100 par
|-damage|p1a: Tyranitar|28/100 par|[from] Stealth Rock
|move|p2a: Blissey|Wish|p2a: Blissey
|
|-weather|Sandstorm|[upkeep]
|-damage|p2a: Blissey|60/100|[from] Sandstorm
|-heal|p2a: Blissey|66/100|[from] item: Leftovers
|upkeep
|turn|56
|
|switch|p2a: Gliscor|Gliscor, F|77/100 tox
|move|p1a: Tyranitar|Superpower|p2a: Gliscor
|-resisted|p2a: Gliscor
|-crit|p2a: Gliscor
|-damage|p2a: Gliscor|52/100 tox
|-unboost|p1a: Tyranitar|atk|1
|-unboost|p1a: Tyranitar|def|1
|
|-weather|Sandstorm|[upkeep]
|-heal|p2a: Gliscor|100/100 tox|[from] move: Wish|[wisher] Blissey
|upkeep
|turn|57
|
|switch|p1a: Slowbro|Slowbro, M|100/100
|-damage|p1a: Slowbro|88/100|[from] Stealth Rock
|move|p2a: Gliscor|Earthquake|p1a: Slowbro
|-damage|p1a: Slowbro|68/100
|
|-weather|Sandstorm|[upkeep]
|-damage|p1a: Slowbro|62/100|[from] Sandstorm
|upkeep
|turn|58
|
|move|p2a: Gliscor|Earthquake|p1a: Slowbro
|-damage|p1a: Slowbro|41/100
|move|p1a: Slowbro|Scald|p2a: Gliscor
|-supereffective|p2a: Gliscor
|-damage|p2a: Gliscor|50/100 tox
|
|-weather|Sandstorm|[upkeep]
|-damage|p1a: Slowbro|35/100|[from] Sandstorm
|-heal|p2a: Gliscor|62/100 tox|[from] ability: Poison Heal
|upkeep
|turn|59
|
|move|p2a: Gliscor|Earthquake|p1a: Slowbro
|-damage|p1a: Slowbro|16/100
|move|p1a: Slowbro|Slack Off|p1a: Slowbro
|-heal|p1a: Slowbro|66/100
|
|-weather|Sandstorm|[upkeep]
|-damage|p1a: Slowbro|60/100|[from] Sandstorm
|-heal|p2a: Gliscor|75/100 tox|[from] ability: Poison Heal
|upkeep
|turn|60
|
|move|p2a: Gliscor|Earthquake|p1a: Slowbro
|-crit|p1a: Slowbro
|-damage|p1a: Slowbro|19/100
|move|p1a: Slowbro|Ice Beam|p2a: Gliscor
|-supereffective|p2a: Gliscor
|-damage|p2a: Gliscor|0 fnt
|faint|p2a: Gliscor
|
|-weather|Sandstorm|[upkeep]
|-damage|p1a: Slowbro|13/100|[from] Sandstorm
|upkeep
|
|switch|p2a: Rotom|Rotom-Wash|100/100
|turn|61
|
|switch|p1a: Shaymin|Shaymin|89/100
|-damage|p1a: Shaymin|77/100|[from] Stealth Rock
|move|p2a: Rotom|Volt Switch|p1a: Shaymin
|-resisted|p1a: Shaymin
|-damage|p1a: Shaymin|65/100
|
|switch|p2a: Blissey|Blissey, F|66/100|[from]move: Volt Switch
|
|-weather|Sandstorm|[upkeep]
|-damage|p1a: Shaymin|59/100|[from] Sandstorm
|-damage|p2a: Blissey|60/100|[from] Sandstorm
|-heal|p1a: Shaymin|65/100|[from] item: Leftovers
|-heal|p2a: Blissey|66/100|[from] item: Leftovers
|upkeep
|turn|62
|
|switch|p1a: Slowbro|Slowbro, M|46/100
|-damage|p1a: Slowbro|34/100|[from] Stealth Rock
|move|p2a: Blissey|Wish|p2a: Blissey
|
|-weather|Sandstorm|[upkeep]
|-damage|p2a: Blissey|60/100|[from] Sandstorm
|-damage|p1a: Slowbro|27/100|[from] Sandstorm
|-heal|p2a: Blissey|66/100|[from] item: Leftovers
|upkeep
|turn|63
|
|move|p2a: Blissey|Thunder Wave|p1a: Slowbro
|-status|p1a: Slowbro|par
|move|p1a: Slowbro|Scald|p2a: Blissey
|-damage|p2a: Blissey|56/100
|
|-weather|Sandstorm|[upkeep]
|-damage|p2a: Blissey|50/100|[from] Sandstorm
|-damage|p1a: Slowbro|21/100 par|[from] Sandstorm
|-heal|p2a: Blissey|99/100|[from] move: Wish|[wisher] Blissey
|-heal|p2a: Blissey|100/100|[from] item: Leftovers
|upkeep
|turn|64
|
|switch|p1a: Shaymin|Shaymin|65/100
|-damage|p1a: Shaymin|53/100|[from] Stealth Rock
|move|p2a: Blissey|Wish|p2a: Blissey
|
|-weather|Sandstorm|[upkeep]
|-damage|p1a: Shaymin|47/100|[from] Sandstorm
|-damage|p2a: Blissey|94/100|[from] Sandstorm
|-heal|p1a: Shaymin|53/100|[from] item: Leftovers
|-heal|p2a: Blissey|100/100|[from] item: Leftovers
|upkeep
|turn|65
|
|move|p1a: Shaymin|Seed Flare|p2a: Blissey|[miss]
|-miss|p1a: Shaymin|p2a: Blissey
|move|p2a: Blissey|Thunder Wave|p1a: Shaymin
|-status|p1a: Shaymin|par
|
|-weather|Sandstorm|[upkeep]
|-damage|p2a: Blissey|94/100|[from] Sandstorm
|-damage|p1a: Shaymin|47/100 par|[from] Sandstorm
|-heal|p2a: Blissey|100/100|[from] move: Wish|[wisher] Blissey
|-heal|p1a: Shaymin|53/100 par|[from] item: Leftovers
|upkeep
|turn|66
|
|move|p2a: Blissey|Seismic Toss|p1a: Shaymin
|-damage|p1a: Shaymin|28/100 par
|move|p1a: Shaymin|Rest|p1a: Shaymin
|-status|p1a: Shaymin|slp|[from] move: Rest
|-heal|p1a: Shaymin|100/100 slp|[silent]
|
|-weather|Sandstorm|[upkeep]
|-damage|p1a: Shaymin|94/100 slp|[from] Sandstorm
|-damage|p2a: Blissey|94/100|[from] Sandstorm
|-heal|p1a: Shaymin|100/100 slp|[from] item: Leftovers
|-heal|p2a: Blissey|100/100|[from] item: Leftovers
|upkeep
|turn|67
|
|-curestatus|p1a: Shaymin|slp|[from] ability: Natural Cure
|switch|p1a: Garchomp|Garchomp, M|94/100
|-damage|p1a: Garchomp|88/100|[from] Stealth Rock
|move|p2a: Blissey|Wish|p2a: Blissey
|
|-weather|Sandstorm|[upkeep]
|-damage|p2a: Blissey|94/100|[from] Sandstorm
|-heal|p2a: Blissey|100/100|[from] item: Leftovers
|upkeep
|turn|68
|
|switch|p2a: Rotom|Rotom-Wash|100/100
|move|p1a: Garchomp|Outrage|p2a: Rotom
|-damage|p2a: Rotom|50/100
|
|-weather|Sandstorm|[upkeep]
|-damage|p2a: Rotom|43/100|[from] Sandstorm
|-heal|p2a: Rotom|100/100|[from] move: Wish|[wisher] Blissey
|upkeep
|turn|69
|
|move|p1a: Garchomp|Outrage|p2a: Rotom|[from]lockedmove
|-damage|p2a: Rotom|50/100
|-start|p1a: Garchomp|confusion|[fatigue]
|move|p2a: Rotom|Will-O-Wisp|p1a: Garchomp
|-status|p1a: Garchomp|brn
|
|-weather|Sandstorm|[upkeep]
|-damage|p2a: Rotom|43/100|[from] Sandstorm
|-heal|p2a: Rotom|50/100|[from] item: Leftovers
|-damage|p1a: Garchomp|76/100 brn|[from] brn
|upkeep
|turn|70
|
|-activate|p1a: Garchomp|confusion
|move|p1a: Garchomp|Outrage|p2a: Rotom
|-damage|p2a: Rotom|24/100
|move|p2a: Rotom|Volt Switch|p1a: Garchomp
|-immune|p1a: Garchomp
|
|-weather|Sandstorm|[upkeep]
|-damage|p2a: Rotom|18/100|[from] Sandstorm
|-heal|p2a: Rotom|24/100|[from] item: Leftovers
|-damage|p1a: Garchomp|64/100 brn|[from] brn
|upkeep
|turn|71
|
|move|p2a: Rotom|Protect|p2a: Rotom
|-singleturn|p2a: Rotom|Protect
|-end|p1a: Garchomp|confusion
|move|p1a: Garchomp|Outrage|p2a: Rotom|[from]lockedmove
|-activate|p2a: Rotom|move: Protect
|-start|p1a: Garchomp|confusion|[fatigue]
|
|-weather|Sandstorm|[upkeep]
|-damage|p2a: Rotom|18/100|[from] Sandstorm
|-heal|p2a: Rotom|24/100|[from] item: Leftovers
|-damage|p1a: Garchomp|51/100 brn|[from] brn
|upkeep
|turn|72
|
|switch|p2a: Donphan|Donphan, M|100/100
|-activate|p1a: Garchomp|confusion
|-damage|p1a: Garchomp|45/100 brn|[from] confusion
|
|-weather|Sandstorm|[upkeep]
|-damage|p1a: Garchomp|32/100 brn|[from] brn
|upkeep
|turn|73
|
|switch|p1a: Slowbro|Slowbro, M|55/100 par
|-damage|p1a: Slowbro|42/100 par|[from] Stealth Rock
|move|p2a: Donphan|Ice Shard|p1a: Slowbro
|-resisted|p1a: Slowbro
|-damage|p1a: Slowbro|39/100 par
|
|-weather|Sandstorm|[upkeep]
|-damage|p1a: Slowbro|33/100 par|[from] Sandstorm
|upkeep
|turn|74
|
|move|p2a: Donphan|Earthquake|p1a: Slowbro
|-damage|p1a: Slowbro|8/100 par
|move|p1a: Slowbro|Slack Off|p1a: Slowbro
|-heal|p1a: Slowbro|58/100 par
|
|-weather|Sandstorm|[upkeep]
|-damage|p1a: Slowbro|52/100 par|[from] Sandstorm
|upkeep
|turn|75
|
|move|p2a: Donphan|Earthquake|p1a: Slowbro
|-damage|p1a: Slowbro|28/100 par
|move|p1a: Slowbro|Slack Off|p1a: Slowbro
|-heal|p1a: Slowbro|78/100 par
|
|-weather|Sandstorm|[upkeep]
|-damage|p1a: Slowbro|72/100 par|[from] Sandstorm
|upkeep
|turn|76
|
|move|p2a: Donphan|Earthquake|p1a: Slowbro
|-crit|p1a: Slowbro
|-damage|p1a: Slowbro|24/100 par
|move|p1a: Slowbro|Scald|p2a: Donphan
|-supereffective|p2a: Donphan
|-damage|p2a: Donphan|31/100
|
|-weather|Sandstorm|[upkeep]
|-damage|p1a: Slowbro|18/100 par|[from] Sandstorm
|-heal|p2a: Donphan|37/100|[from] item: Leftovers
|upkeep
|turn|77
|
|switch|p1a: Skarmory|Skarmory, F|100/100
|-damage|p1a: Skarmory|88/100|[from] Stealth Rock
|move|p2a: Donphan|Earthquake|p1a: Skarmory
|-immune|p1a: Skarmory
|
|-weather|Sandstorm|[upkeep]
|-heal|p1a: Skarmory|94/100|[from] item: Leftovers
|-heal|p2a: Donphan|44/100|[from] item: Leftovers
|upkeep
|turn|78
|
|switch|p2a: Blissey|Blissey, F|100/100
|move|p1a: Skarmory|Spikes|p2a: Blissey
|-sidestart|p2: SwitchoSwitch|Spikes
|
|-weather|Sandstorm|[upkeep]
|-damage|p2a: Blissey|94/100|[from] Sandstorm
|-heal|p1a: Skarmory|100/100|[from] item: Leftovers
|-heal|p2a: Blissey|100/100|[from] item: Leftovers
|upkeep
|turn|79
|
|move|p2a: Blissey|Wish|p2a: Blissey
|move|p1a: Skarmory|Whirlwind|p2a: Blissey
|drag|p2a: Rotom|Rotom-Wash|24/100
|
|-weather|Sandstorm|[upkeep]
|-damage|p2a: Rotom|18/100|[from] Sandstorm
|-heal|p2a: Rotom|24/100|[from] item: Leftovers
|upkeep
|turn|80
|
|move|p2a: Rotom|Will-O-Wisp|p1a: Skarmory
|-status|p1a: Skarmory|brn
|move|p1a: Skarmory|Whirlwind|p2a: Rotom
|drag|p2a: Donphan|Donphan, M|44/100
|-damage|p2a: Donphan|31/100|[from] Spikes
|
|-weather|Sandstorm|[upkeep]
|-heal|p2a: Donphan|100/100|[from] move: Wish|[wisher] Blissey
|-damage|p1a: Skarmory|88/100 brn|[from] brn
|upkeep
|turn|81
|
|move|p1a: Skarmory|Spikes|p2a: Donphan
|-sidestart|p2: SwitchoSwitch|Spikes
|move|p2a: Donphan|Rapid Spin|p1a: Skarmory
|-resisted|p1a: Skarmory
|-damage|p1a: Skarmory|86/100 brn
|-sideend|p2: SwitchoSwitch|Spikes|[from] move: Rapid Spin|[of] p2a: Donphan
|
|-weather|Sandstorm|[upkeep]
|-heal|p1a: Skarmory|92/100 brn|[from] item: Leftovers
|-damage|p1a: Skarmory|80/100 brn|[from] brn
|upkeep
|turn|82
|
|switch|p2a: Blissey|Blissey, F|100/100
|move|p1a: Skarmory|Spikes|p2a: Blissey
|-sidestart|p2: SwitchoSwitch|Spikes
|
|-weather|Sandstorm|[upkeep]
|-damage|p2a: Blissey|94/100|[from] Sandstorm
|-heal|p1a: Skarmory|86/100 brn|[from] item: Leftovers
|-heal|p2a: Blissey|100/100|[from] item: Leftovers
|-damage|p1a: Skarmory|74/100 brn|[from] brn
|upkeep
|turn|83
|
|switch|p1a: Shaymin|Shaymin|100/100
|-damage|p1a: Shaymin|88/100|[from] Stealth Rock
|move|p2a: Blissey|Wish|p2a: Blissey
|
|-weather|Sandstorm|[upkeep]
|-damage|p1a: Shaymin|82/100|[from] Sandstorm
|-damage|p2a: Blissey|94/100|[from] Sandstorm
|-heal|p1a: Shaymin|88/100|[from] item: Leftovers
|-heal|p2a: Blissey|100/100|[from] item: Leftovers
|upkeep
|turn|84
|
|move|p1a: Shaymin|Hidden Power|p2a: Blissey
|-damage|p2a: Blissey|94/100
|move|p2a: Blissey|Thunder Wave|p1a: Shaymin
|-status|p1a: Shaymin|par
|
|-weather|Sandstorm|[upkeep]
|-damage|p2a: Blissey|88/100|[from] Sandstorm
|-damage|p1a: Shaymin|82/100 par|[from] Sandstorm
|-heal|p2a: Blissey|100/100|[from] move: Wish|[wisher] Blissey
|-heal|p1a: Shaymin|88/100 par|[from] item: Leftovers
|upkeep
|turn|85
|
|move|p2a: Blissey|Seismic Toss|p1a: Shaymin
|-damage|p1a: Shaymin|63/100 par
|move|p1a: Shaymin|Hidden Power|p2a: Blissey
|-damage|p2a: Blissey|94/100
|
|-weather|Sandstorm|[upkeep]
|-damage|p2a: Blissey|88/100|[from] Sandstorm
|-damage|p1a: Shaymin|57/100 par|[from] Sandstorm
|-heal|p2a: Blissey|94/100|[from] item: Leftovers
|-heal|p1a: Shaymin|63/100 par|[from] item: Leftovers
|upkeep
|turn|86
|
|move|p2a: Blissey|Seismic Toss|p1a: Shaymin
|-damage|p1a: Shaymin|38/100 par
|move|p1a: Shaymin|Rest|p1a: Shaymin
|-status|p1a: Shaymin|slp|[from] move: Rest
|-heal|p1a: Shaymin|100/100 slp|[silent]
|
|-weather|Sandstorm|[upkeep]
|-damage|p1a: Shaymin|94/100 slp|[from] Sandstorm
|-damage|p2a: Blissey|88/100|[from] Sandstorm
|-heal|p1a: Shaymin|100/100 slp|[from] item: Leftovers
|-heal|p2a: Blissey|94/100|[from] item: Leftovers
|upkeep
|turn|87
|
|-curestatus|p1a: Shaymin|slp|[from] ability: Natural Cure
|switch|p1a: Garchomp|Garchomp, M|32/100 brn
|-damage|p1a: Garchomp|26/100 brn|[from] Stealth Rock
|move|p2a: Blissey|Seismic Toss|p1a: Garchomp
|-damage|p1a: Garchomp|0 fnt
|-damage|p2a: Blissey|82/100|[from] ability: Rough Skin|[of] p1a: Garchomp
|faint|p1a: Garchomp
|
|-weather|Sandstorm|[upkeep]
|-damage|p2a: Blissey|76/100|[from] Sandstorm
|-heal|p2a: Blissey|82/100|[from] item: Leftovers
|upkeep
|
|switch|p1a: Tyranitar|Tyranitar, M|28/100 par
|-damage|p1a: Tyranitar|16/100 par|[from] Stealth Rock
|turn|88
|
|move|p2a: Blissey|Seismic Toss|p1a: Tyranitar
|-damage|p1a: Tyranitar|0 fnt
|faint|p1a: Tyranitar
|
|-weather|Sandstorm|[upkeep]
|-damage|p2a: Blissey|76/100|[from] Sandstorm
|-heal|p2a: Blissey|82/100|[from] item: Leftovers
|upkeep
|
|switch|p1a: Slowbro|Slowbro, M|51/100 par
|-damage|p1a: Slowbro|38/100 par|[from] Stealth Rock
|turn|89
|
|move|p2a: Blissey|Seismic Toss|p1a: Slowbro
|-damage|p1a: Slowbro|13/100 par
|move|p1a: Slowbro|Slack Off|p1a: Slowbro
|-heal|p1a: Slowbro|63/100 par
|
|-weather|Sandstorm|[upkeep]
|-damage|p2a: Blissey|76/100|[from] Sandstorm
|-damage|p1a: Slowbro|57/100 par|[from] Sandstorm
|-heal|p2a: Blissey|82/100|[from] item: Leftovers
|upkeep
|turn|90
|
|move|p2a: Blissey|Seismic Toss|p1a: Slowbro
|-damage|p1a: Slowbro|32/100 par
|move|p1a: Slowbro|Slack Off|p1a: Slowbro
|-heal|p1a: Slowbro|82/100 par
|
|-weather|Sandstorm|[upkeep]
|-damage|p2a: Blissey|76/100|[from] Sandstorm
|-damage|p1a: Slowbro|76/100 par|[from] Sandstorm
|-heal|p2a: Blissey|82/100|[from] item: Leftovers
|upkeep
|turn|91
|
|move|p2a: Blissey|Seismic Toss|p1a: Slowbro
|-damage|p1a: Slowbro|50/100 par
|move|p1a: Slowbro|Thunder Wave|p2a: Blissey
|-status|p2a: Blissey|par
|
|-weather|Sandstorm|[upkeep]
|-damage|p2a: Blissey|76/100 par|[from] Sandstorm
|-damage|p1a: Slowbro|44/100 par|[from] Sandstorm
|-heal|p2a: Blissey|82/100 par|[from] item: Leftovers
|upkeep
|turn|92
|
|move|p2a: Blissey|Seismic Toss|p1a: Slowbro
|-damage|p1a: Slowbro|19/100 par
|move|p1a: Slowbro|Slack Off|p1a: Slowbro
|-heal|p1a: Slowbro|69/100 par
|
|-weather|Sandstorm|[upkeep]
|-damage|p2a: Blissey|76/100 par|[from] Sandstorm
|-damage|p1a: Slowbro|63/100 par|[from] Sandstorm
|-heal|p2a: Blissey|82/100 par|[from] item: Leftovers
|upkeep
|turn|93
|
|switch|p1a: Shaymin|Shaymin|100/100
|-damage|p1a: Shaymin|88/100|[from] Stealth Rock
|cant|p2a: Blissey|par
|
|-weather|Sandstorm|[upkeep]
|-damage|p1a: Shaymin|82/100|[from] Sandstorm
|-damage|p2a: Blissey|76/100 par|[from] Sandstorm
|-heal|p1a: Shaymin|88/100|[from] item: Leftovers
|-heal|p2a: Blissey|82/100 par|[from] item: Leftovers
|upkeep
|turn|94
|
|move|p1a: Shaymin|Earth Power|p2a: Blissey
|-damage|p2a: Blissey|73/100 par
|move|p2a: Blissey|Thunder Wave|p1a: Shaymin
|-status|p1a: Shaymin|par
|
|-weather|Sandstorm|[upkeep]
|-damage|p1a: Shaymin|82/100 par|[from] Sandstorm
|-damage|p2a: Blissey|67/100 par|[from] Sandstorm
|-heal|p1a: Shaymin|88/100 par|[from] item: Leftovers
|-heal|p2a: Blissey|73/100 par|[from] item: Leftovers
|upkeep
|turn|95
|
|-curestatus|p1a: Shaymin|par|[from] ability: Natural Cure
|switch|p1a: Slowbro|Slowbro, M|96/100 par
|-damage|p1a: Slowbro|83/100 par|[from] Stealth Rock
|cant|p2a: Blissey|par
|
|-weather|Sandstorm|[upkeep]
|-damage|p2a: Blissey|67/100 par|[from] Sandstorm
|-damage|p1a: Slowbro|77/100 par|[from] Sandstorm
|-heal|p2a: Blissey|73/100 par|[from] item: Leftovers
|upkeep
|turn|96
|
|move|p2a: Blissey|Wish|p2a: Blissey
|move|p1a: Slowbro|Scald|p2a: Blissey
|-damage|p2a: Blissey|63/100 par
|
|-weather|Sandstorm|[upkeep]
|-damage|p2a: Blissey|57/100 par|[from] Sandstorm
|-damage|p1a: Slowbro|71/100 par|[from] Sandstorm
|-heal|p2a: Blissey|63/100 par|[from] item: Leftovers
|upkeep
|turn|97
|
|-curestatus|p2a: Blissey|par|[from] ability: Natural Cure
|switch|p2a: Rotom|Rotom-Wash|24/100
|switch|p1a: Shaymin|Shaymin|88/100
|-damage|p1a: Shaymin|76/100|[from] Stealth Rock
|
|-weather|Sandstorm|[upkeep]
|-damage|p1a: Shaymin|70/100|[from] Sandstorm
|-damage|p2a: Rotom|18/100|[from] Sandstorm
|-heal|p2a: Rotom|100/100|[from] move: Wish|[wisher] Blissey
|-heal|p1a: Shaymin|76/100|[from] item: Leftovers
|upkeep
|turn|98
|
|move|p2a: Rotom|Protect|p2a: Rotom
|-singleturn|p2a: Rotom|Protect
|move|p1a: Shaymin|Earth Power|p2a: Rotom
|-immune|p2a: Rotom|[from] ability: Levitate
|
|-weather|Sandstorm|[upkeep]
|-damage|p1a: Shaymin|70/100|[from] Sandstorm
|-damage|p2a: Rotom|94/100|[from] Sandstorm
|-heal|p1a: Shaymin|76/100|[from] item: Leftovers
|-heal|p2a: Rotom|100/100|[from] item: Leftovers
|upkeep
|turn|99
|
|move|p1a: Shaymin|Earth Power|p2a: Rotom
|-immune|p2a: Rotom|[from] ability: Levitate
|move|p2a: Rotom|Volt Switch|p1a: Shaymin
|-resisted|p1a: Shaymin
|-damage|p1a: Shaymin|65/100
|
|switch|p2a: Blissey|Blissey, F|63/100|[from]move: Volt Switch
|-damage|p2a: Blissey|51/100|[from] Spikes
|
|-weather|Sandstorm|[upkeep]
|-damage|p1a: Shaymin|59/100|[from] Sandstorm
|-damage|p2a: Blissey|45/100|[from] Sandstorm
|-heal|p1a: Shaymin|65/100|[from] item: Leftovers
|-heal|p2a: Blissey|51/100|[from] item: Leftovers
|upkeep
|turn|100
|
|move|p1a: Shaymin|Earth Power|p2a: Blissey
|-damage|p2a: Blissey|42/100
|move|p2a: Blissey|Wish|p2a: Blissey
|
|-weather|Sandstorm|[upkeep]
|-damage|p1a: Shaymin|59/100|[from] Sandstorm
|-damage|p2a: Blissey|36/100|[from] Sandstorm
|-heal|p1a: Shaymin|65/100|[from] item: Leftovers
|-heal|p2a: Blissey|42/100|[from] item: Leftovers
|upkeep
|turn|101
|
|move|p1a: Shaymin|Seed Flare|p2a: Blissey
|-damage|p2a: Blissey|24/100
|-unboost|p2a: Blissey|spd|2
|move|p2a: Blissey|Thunder Wave|p1a: Shaymin
|-status|p1a: Shaymin|par
|
|-weather|Sandstorm|[upkeep]
|-damage|p2a: Blissey|18/100|[from] Sandstorm
|-damage|p1a: Shaymin|59/100 par|[from] Sandstorm
|-heal|p2a: Blissey|68/100|[from] move: Wish|[wisher] Blissey
|-heal|p2a: Blissey|74/100|[from] item: Leftovers
|-heal|p1a: Shaymin|65/100 par|[from] item: Leftovers
|upkeep
|turn|102
|
|-curestatus|p1a: Shaymin|par|[from] ability: Natural Cure
|switch|p1a: Slowbro|Slowbro, M|100/100 par
|-damage|p1a: Slowbro|88/100 par|[from] Stealth Rock
|move|p2a: Blissey|Seismic Toss|p1a: Slowbro
|-damage|p1a: Slowbro|63/100 par
|
|-weather|Sandstorm|[upkeep]
|-damage|p2a: Blissey|68/100|[from] Sandstorm
|-damage|p1a: Slowbro|56/100 par|[from] Sandstorm
|-heal|p2a: Blissey|74/100|[from] item: Leftovers
|upkeep
|turn|103
|
|switch|p1a: Shaymin|Shaymin|65/100
|-damage|p1a: Shaymin|52/100|[from] Stealth Rock
|move|p2a: Blissey|Seismic Toss|p1a: Shaymin
|-damage|p1a: Shaymin|27/100
|
|-weather|Sandstorm|[upkeep]
|-damage|p1a: Shaymin|21/100|[from] Sandstorm
|-damage|p2a: Blissey|68/100|[from] Sandstorm
|-heal|p1a: Shaymin|27/100|[from] item: Leftovers
|-heal|p2a: Blissey|74/100|[from] item: Leftovers
|upkeep
|turn|104
|
|move|p1a: Shaymin|Seed Flare|p2a: Blissey
|-damage|p2a: Blissey|44/100
|move|p2a: Blissey|Seismic Toss|p1a: Shaymin
|-damage|p1a: Shaymin|2/100
|
|-weather|Sandstorm|[upkeep]
|-damage|p1a: Shaymin|0 fnt|[from] Sandstorm
|-damage|p2a: Blissey|37/100|[from] Sandstorm
|faint|p1a: Shaymin
|-heal|p2a: Blissey|44/100|[from] item: Leftovers
|upkeep
|
|switch|p1a: Magnezone|Magnezone|100/100
|-damage|p1a: Magnezone|94/100|[from] Stealth Rock
|turn|105
|
|switch|p2a: Rotom|Rotom-Wash|100/100
|move|p1a: Magnezone|Flash Cannon|p2a: Rotom
|-resisted|p2a: Rotom
|-damage|p2a: Rotom|89/100
|-unboost|p2a: Rotom|spd|1
|
|-weather|Sandstorm|[upkeep]
|-damage|p2a: Rotom|83/100|[from] Sandstorm
|-heal|p2a: Rotom|89/100|[from] item: Leftovers
|upkeep
|turn|106
|
|move|p1a: Magnezone|Thunderbolt|p2a: Rotom
|-damage|p2a: Rotom|5/100
|move|p2a: Rotom|Will-O-Wisp|p1a: Magnezone
|-status|p1a: Magnezone|brn
|
|-weather|Sandstorm|[upkeep]
|-damage|p2a: Rotom|0 fnt|[from] Sandstorm
|faint|p2a: Rotom
|-damage|p1a: Magnezone|82/100 brn|[from] brn
|upkeep
|
|switch|p2a: Donphan|Donphan, M|100/100
|-damage|p2a: Donphan|88/100|[from] Spikes
|turn|107
|
|switch|p1a: Slowbro|Slowbro, M|90/100 par
|-damage|p1a: Slowbro|77/100 par|[from] Stealth Rock
|move|p2a: Donphan|Rapid Spin|p1a: Slowbro
|-damage|p1a: Slowbro|74/100 par
|-sideend|p2: SwitchoSwitch|Spikes|[from] move: Rapid Spin|[of] p2a: Donphan
|
|-weather|Sandstorm|[upkeep]
|-damage|p1a: Slowbro|68/100 par|[from] Sandstorm
|-heal|p2a: Donphan|94/100|[from] item: Leftovers
|upkeep
|turn|108
|
|move|p2a: Donphan|Earthquake|p1a: Slowbro
|-damage|p1a: Slowbro|42/100 par
|move|p1a: Slowbro|Scald|p2a: Donphan
|-supereffective|p2a: Donphan
|-damage|p2a: Donphan|25/100
|
|-weather|Sandstorm|[upkeep]
|-damage|p1a: Slowbro|36/100 par|[from] Sandstorm
|-heal|p2a: Donphan|32/100|[from] item: Leftovers
|upkeep
|turn|109
|
|move|p2a: Donphan|Earthquake|p1a: Slowbro
|-damage|p1a: Slowbro|14/100 par
|move|p1a: Slowbro|Scald|p2a: Donphan
|-supereffective|p2a: Donphan
|-damage|p2a: Donphan|0 fnt
|faint|p2a: Donphan
|
|-weather|Sandstorm|[upkeep]
|-damage|p1a: Slowbro|8/100 par|[from] Sandstorm
|upkeep
|
|switch|p2a: Conkeldurr|Conkeldurr, M|5/100 brn
|turn|110
|
|switch|p1a: Skarmory|Skarmory, F|74/100 brn
|-damage|p1a: Skarmory|62/100 brn|[from] Stealth Rock
|move|p2a: Conkeldurr|Drain Punch|p1a: Skarmory
|-damage|p1a: Skarmory|18/100 brn
|-heal|p2a: Conkeldurr|25/100 brn|[from] drain|[of] p1a: Skarmory
|
|-weather|Sandstorm|[upkeep]
|-damage|p2a: Conkeldurr|19/100 brn|[from] Sandstorm
|-heal|p1a: Skarmory|24/100 brn|[from] item: Leftovers
|-damage|p2a: Conkeldurr|6/100 brn|[from] brn
|-damage|p1a: Skarmory|12/100 brn|[from] brn
|upkeep
|turn|111
|
|move|p2a: Conkeldurr|Drain Punch|p1a: Skarmory
|-crit|p1a: Skarmory
|-damage|p1a: Skarmory|0 fnt
|-heal|p2a: Conkeldurr|12/100 brn|[from] drain|[of] p1a: Skarmory
|faint|p1a: Skarmory
|
|-weather|Sandstorm|[upkeep]
|-damage|p2a: Conkeldurr|6/100 brn|[from] Sandstorm
|-damage|p2a: Conkeldurr|0 fnt|[from] brn
|faint|p2a: Conkeldurr
|upkeep
|
|switch|p2a: Blissey|Blissey, F|44/100
|switch|p1a: Slowbro|Slowbro, M|41/100 par
|-damage|p1a: Slowbro|29/100 par|[from] Stealth Rock
|turn|112
|
|switch|p1a: Magnezone|Magnezone|82/100 brn
|-damage|p1a: Magnezone|76/100 brn|[from] Stealth Rock
|move|p2a: Blissey|Seismic Toss|p1a: Magnezone
|-damage|p1a: Magnezone|41/100 brn
|
|-weather|Sandstorm|[upkeep]
|-damage|p2a: Blissey|37/100|[from] Sandstorm
|-heal|p2a: Blissey|44/100|[from] item: Leftovers
|-damage|p1a: Magnezone|28/100 brn|[from] brn
|upkeep
|turn|113
|
|move|p1a: Magnezone|Thunderbolt|p2a: Blissey
|-damage|p2a: Blissey|25/100
|move|p2a: Blissey|Seismic Toss|p1a: Magnezone
|-damage|p1a: Magnezone|0 fnt
|faint|p1a: Magnezone
|
|-weather|Sandstorm|[upkeep]
|-damage|p2a: Blissey|18/100|[from] Sandstorm
|-heal|p2a: Blissey|25/100|[from] item: Leftovers
|upkeep
|
|switch|p1a: Slowbro|Slowbro, M|62/100 par
|-damage|p1a: Slowbro|50/100 par|[from] Stealth Rock
|turn|114
|
|move|p2a: Blissey|Seismic Toss|p1a: Slowbro
|-damage|p1a: Slowbro|24/100 par
|move|p1a: Slowbro|Slack Off|p1a: Slowbro
|-heal|p1a: Slowbro|74/100 par
|
|-weather|Sandstorm|[upkeep]
|-damage|p2a: Blissey|18/100|[from] Sandstorm
|-damage|p1a: Slowbro|68/100 par|[from] Sandstorm
|-heal|p2a: Blissey|25/100|[from] item: Leftovers
|upkeep
|turn|115
|
|move|p2a: Blissey|Wish|p2a: Blissey
|move|p1a: Slowbro|Thunder Wave|p2a: Blissey
|-status|p2a: Blissey|par
|
|-weather|Sandstorm|[upkeep]
|-damage|p2a: Blissey|18/100 par|[from] Sandstorm
|-damage|p1a: Slowbro|62/100 par|[from] Sandstorm
|-heal|p2a: Blissey|25/100 par|[from] item: Leftovers
|upkeep
|turn|116
|
|move|p2a: Blissey|Protect|p2a: Blissey
|-singleturn|p2a: Blissey|Protect
|cant|p1a: Slowbro|par
|
|-weather|Sandstorm|[upkeep]
|-damage|p2a: Blissey|18/100 par|[from] Sandstorm
|-damage|p1a: Slowbro|56/100 par|[from] Sandstorm
|-heal|p2a: Blissey|68/100 par|[from] move: Wish|[wisher] Blissey
|-heal|p2a: Blissey|75/100 par|[from] item: Leftovers
|upkeep
|turn|117
|
|move|p2a: Blissey|Seismic Toss|p1a: Slowbro
|-damage|p1a: Slowbro|31/100 par
|cant|p1a: Slowbro|par
|
|-weather|Sandstorm|[upkeep]
|-damage|p2a: Blissey|68/100 par|[from] Sandstorm
|-damage|p1a: Slowbro|24/100 par|[from] Sandstorm
|-heal|p2a: Blissey|75/100 par|[from] item: Leftovers
|upkeep
|turn|118
|
|cant|p2a: Blissey|par
|move|p1a: Slowbro|Slack Off|p1a: Slowbro
|-heal|p1a: Slowbro|75/100 par
|
|-weather|Sandstorm|[upkeep]
|-damage|p2a: Blissey|68/100 par|[from] Sandstorm
|-damage|p1a: Slowbro|68/100 par|[from] Sandstorm
|-heal|p2a: Blissey|75/100 par|[from] item: Leftovers
|upkeep
|turn|119
|
|move|p2a: Blissey|Seismic Toss|p1a: Slowbro
|-damage|p1a: Slowbro|43/100 par
|move|p1a: Slowbro|Slack Off|p1a: Slowbro
|-heal|p1a: Slowbro|93/100 par
|
|-weather|Sandstorm|[upkeep]
|-damage|p2a: Blissey|68/100 par|[from] Sandstorm
|-damage|p1a: Slowbro|87/100 par|[from] Sandstorm
|-heal|p2a: Blissey|75/100 par|[from] item: Leftovers
|upkeep
|turn|120
|
|move|p2a: Blissey|Seismic Toss|p1a: Slowbro
|-damage|p1a: Slowbro|62/100 par
|move|p1a: Slowbro|Scald|p2a: Blissey
|-damage|p2a: Blissey|65/100 par
|
|-weather|Sandstorm|[upkeep]
|-damage|p2a: Blissey|59/100 par|[from] Sandstorm
|-damage|p1a: Slowbro|55/100 par|[from] Sandstorm
|-heal|p2a: Blissey|65/100 par|[from] item: Leftovers
|upkeep
|turn|121
|
|move|p2a: Blissey|Seismic Toss|p1a: Slowbro
|-damage|p1a: Slowbro|30/100 par
|move|p1a: Slowbro|Scald|p2a: Blissey
|-damage|p2a: Blissey|56/100 par
|
|-weather|Sandstorm|[upkeep]
|-damage|p2a: Blissey|50/100 par|[from] Sandstorm
|-damage|p1a: Slowbro|24/100 par|[from] Sandstorm
|-heal|p2a: Blissey|56/100 par|[from] item: Leftovers
|upkeep
|turn|122
|
|move|p2a: Blissey|Seismic Toss|p1a: Slowbro
|-damage|p1a: Slowbro|0 fnt
|faint|p1a: Slowbro
|
|win|SwitchoSwitch
|c|☆Rosee Ame|gg blissey
|l|☆Rosee Ame
|raw|Rosee Ame's rating: 1336 &rarr; <strong>1314</strong><br />(-22 for losing)
|raw|SwitchoSwitch's rating: 1297 &rarr; <strong>1325</strong><br />(+28 for winning)
