|join|maulkr1pke
|join|Tesung
|player|p1|maulkr1pke|121
|player|p2|Tesung|169
|gametype|singles
|gen|5
|tier|[Gen 5] OU
|rated
|rule|Evasion Abilities Clause: Evasion abilities are banned
|clearpoke
|poke|p1|Tyranitar, F
|poke|p1|Jirachi
|poke|p1|Forretress, M
|poke|p1|Garchomp, F
|poke|p1|Terrakion
|poke|p1|Slowbro, M
|poke|p2|Tyranitar, F
|poke|p2|Landorus-Therian, M
|poke|p2|Heatran, M
|poke|p2|Mew
|poke|p2|Breloom, F
|poke|p2|Rotom-Wash
|rule|Sleep Clause Mod: Limit one foe put to sleep
|rule|Species Clause: Limit one of each Pokemon
|rule|OHKO Clause: OHKO moves are banned
|rule|Moody Clause: Moody is banned
|rule|Evasion Moves Clause: Evasion moves are banned
|rule|Endless Battle Clause: Forcing endless battles is banned.
|rule|HP Percentage Mod: HP is reported as percentages
|teampreview
|
|start
|switch|p1a: Jirachi|Jirachi|404/404
|switch|p2a: Mew|Mew|404/404
|turn|1
|
|move|p1a: Jirachi|Substitute|p1a: Jirachi
|-start|p1a: Jirachi|Substitute
|-damage|p1a: Jirachi|303/404
|move|p2a: Mew|Will-O-Wisp|p1a: Jirachi|[miss]
|-miss|p2a: Mew|p1a: Jirachi
|
|-heal|p1a: Jirachi|328/404|[from] item: Leftovers
|turn|2
|
|switch|p2a: Heatran|Heatran, M|386/386
|move|p1a: Jirachi|Body Slam|p2a: Heatran
|-crit|p2a: Heatran
|-resisted|p2a: Heatran
|-damage|p2a: Heatran|311/386
|-status|p2a: Heatran|par
|
|-heal|p1a: Jirachi|353/404|[from] item: Leftovers
|-heal|p2a: Heatran|335/386 par|[from] item: Leftovers
|turn|3
|
|move|p1a: Jirachi|Iron Head|p2a: Heatran
|-resisted|p2a: Heatran
|-damage|p2a: Heatran|311/386 par
|cant|p2a: Heatran|flinch
|
|-heal|p1a: Jirachi|378/404|[from] item: Leftovers
|-heal|p2a: Heatran|335/386 par|[from] item: Leftovers
|turn|4
|chat|Tesung|For real lol
|
|move|p1a: Jirachi|Iron Head|p2a: Heatran
|-crit|p2a: Heatran
|-resisted|p2a: Heatran
|-damage|p2a: Heatran|283/386 par
|move|p2a: Heatran|Toxic|p1a: Jirachi
|
|-heal|p1a: Jirachi|403/404|[from] item: Leftovers
|-heal|p2a: Heatran|307/386 par|[from] item: Leftovers
|turn|5
|chat|maulkr1pke|trololo serene grace
|chat|Tesung|Is this a joke oml
|
|move|p1a: Jirachi|Iron Head|p2a: Heatran
|-resisted|p2a: Heatran
|-damage|p2a: Heatran|281/386 par
|move|p2a: Heatran|Flamethrower|p1a: Jirachi
|-supereffective|p1a: Jirachi
|-end|p1a: Jirachi|Substitute
|
|-heal|p1a: Jirachi|404/404|[from] item: Leftovers
|-heal|p2a: Heatran|305/386 par|[from] item: Leftovers
|turn|6
|
|switch|p1a: Slowbro|Slowbro, M|394/394
|move|p2a: Heatran|Toxic|p1a: Slowbro
|-status|p1a: Slowbro|tox
|
|-heal|p2a: Heatran|329/386 par|[from] item: Leftovers
|-damage|p1a: Slowbro|370/394 tox|[from] psn
|turn|7
|
|switch|p2a: Rotom-Wash|Rotom-Wash|304/304
|move|p1a: Slowbro|Surf|p2a: Rotom-Wash
|-resisted|p2a: Rotom-Wash
|-damage|p2a: Rotom-Wash|218/304
|
|-heal|p2a: Rotom-Wash|237/304|[from] item: Leftovers
|-damage|p1a: Slowbro|322/394 tox|[from] psn
|turn|8
|
|switch|p1a: Forretress|Forretress, M|354/354
|move|p2a: Rotom-Wash|Will-O-Wisp|p1a: Forretress|[miss]
|-miss|p2a: Rotom-Wash|p1a: Forretress
|
|-heal|p2a: Rotom-Wash|256/304|[from] item: Leftovers
|turn|9
|
|move|p2a: Rotom-Wash|Hydro Pump|p1a: Forretress
|-damage|p1a: Forretress|138/354
|move|p1a: Forretress|Stealth Rock|p2a: Rotom-Wash
|-sidestart|p2: Tesung|move: Stealth Rock
|
|-heal|p2a: Rotom-Wash|275/304|[from] item: Leftovers
|-heal|p1a: Forretress|160/354|[from] item: Leftovers
|turn|10
|
|switch|p1a: Jirachi|Jirachi|404/404
|move|p2a: Rotom-Wash|Hydro Pump|p1a: Jirachi
|-damage|p1a: Jirachi|262/404
|
|-heal|p1a: Jirachi|287/404|[from] item: Leftovers
|-heal|p2a: Rotom-Wash|294/304|[from] item: Leftovers
|turn|11
|
|switch|p2a: Heatran|Heatran, M|329/386 par
|-damage|p2a: Heatran|281/386 par|[from] Stealth Rock
|move|p1a: Jirachi|Body Slam|p2a: Heatran
|-resisted|p2a: Heatran
|-damage|p2a: Heatran|243/386 par
|
|-heal|p1a: Jirachi|312/404|[from] item: Leftovers
|-heal|p2a: Heatran|267/386 par|[from] item: Leftovers
|turn|12
|
|switch|p1a: Slowbro|Slowbro, M|394/394 tox
|move|p2a: Heatran|Flamethrower|p1a: Slowbro
|-crit|p1a: Slowbro
|-resisted|p1a: Slowbro
|-damage|p1a: Slowbro|214/394 tox
|
|-heal|p2a: Heatran|291/386 par|[from] item: Leftovers
|-damage|p1a: Slowbro|190/394 tox|[from] psn
|turn|13
|
|switch|p2a: Rotom-Wash|Rotom-Wash|294/304
|-damage|p2a: Rotom-Wash|256/304|[from] Stealth Rock
|move|p1a: Slowbro|Psyshock|p2a: Rotom-Wash
|-damage|p2a: Rotom-Wash|79/304
|
|-heal|p2a: Rotom-Wash|98/304|[from] item: Leftovers
|-damage|p1a: Slowbro|142/394 tox|[from] psn
|turn|14
|
|switch|p1a: Tyranitar|Tyranitar, F|386/386
|-weather|Sandstorm|[from] ability: Sand Stream|[of] p1a: Tyranitar
|move|p2a: Rotom-Wash|Volt Switch|p1a: Tyranitar
|-damage|p1a: Tyranitar|332/386
|
|switch|p2a: Landorus-Therian|Landorus-Therian, M|382/382
|-damage|p2a: Landorus-Therian|335/382|[from] Stealth Rock
|-ability|p2a: Landorus-Therian|Intimidate|[of] p1a: Tyranitar
|-unboost|p1a: Tyranitar|atk|1
|
|-weather|Sandstorm|[upkeep]
|-heal|p2a: Landorus-Therian|358/382|[from] item: Leftovers
|turn|15
|
|switch|p1a: Slowbro|Slowbro, M|273/394 tox
|move|p2a: Landorus-Therian|Stealth Rock|p1a: Slowbro
|-sidestart|p1: maulkr1pke|move: Stealth Rock
|
|-weather|Sandstorm|[upkeep]
|-damage|p1a: Slowbro|249/394 tox|[from] sandstorm
|-heal|p2a: Landorus-Therian|381/382|[from] item: Leftovers
|-damage|p1a: Slowbro|225/394 tox|[from] psn
|turn|16
|
|move|p2a: Landorus-Therian|U-turn|p1a: Slowbro
|-supereffective|p1a: Slowbro
|-damage|p1a: Slowbro|83/394 tox
|
|switch|p2a: Rotom-Wash|Rotom-Wash|98/304
|-damage|p2a: Rotom-Wash|60/304|[from] Stealth Rock
|move|p1a: Slowbro|Surf|p2a: Rotom-Wash
|-resisted|p2a: Rotom-Wash
|-damage|p2a: Rotom-Wash|0 fnt
|faint|p2a: Rotom-Wash
|
|-weather|Sandstorm|[upkeep]
|-damage|p1a: Slowbro|59/394 tox|[from] sandstorm
|-damage|p1a: Slowbro|11/394 tox|[from] psn
|
|switch|p2a: Tyranitar|Tyranitar, F|341/341
|-damage|p2a: Tyranitar|299/341|[from] Stealth Rock
|turn|17
|
|move|p2a: Tyranitar|Pursuit|p1a: Slowbro|[from]Pursuit
|-supereffective|p1a: Slowbro
|-damage|p1a: Slowbro|0 fnt
|faint|p1a: Slowbro
|
|-weather|Sandstorm|[upkeep]
|
|switch|p1a: Terrakion|Terrakion|324/324
|-damage|p1a: Terrakion|304/324|[from] Stealth Rock
|turn|18
|
|switch|p2a: Landorus-Therian|Landorus-Therian, M|381/382
|-damage|p2a: Landorus-Therian|334/382|[from] Stealth Rock
|-ability|p2a: Landorus-Therian|Intimidate|[of] p1a: Terrakion
|-unboost|p1a: Terrakion|atk|1
|move|p1a: Terrakion|Close Combat|p2a: Landorus-Therian
|-resisted|p2a: Landorus-Therian
|-damage|p2a: Landorus-Therian|283/382
|-unboost|p1a: Terrakion|def|1
|-unboost|p1a: Terrakion|spd|1
|
|-weather|Sandstorm|[upkeep]
|-heal|p2a: Landorus-Therian|306/382|[from] item: Leftovers
|turn|19
|
|switch|p1a: Jirachi|Jirachi|312/404
|-damage|p1a: Jirachi|287/404|[from] Stealth Rock
|move|p2a: Landorus-Therian|Earthquake|p1a: Jirachi
|-supereffective|p1a: Jirachi
|-damage|p1a: Jirachi|0 fnt
|faint|p1a: Jirachi
|
|-weather|Sandstorm|[upkeep]
|-heal|p2a: Landorus-Therian|329/382|[from] item: Leftovers
|
|switch|p1a: Terrakion|Terrakion|304/324
|-damage|p1a: Terrakion|284/324|[from] Stealth Rock
|turn|20
|
|move|p1a: Terrakion|Stone Edge|p2a: Landorus-Therian
|-damage|p2a: Landorus-Therian|190/382
|move|p2a: Landorus-Therian|Earthquake|p1a: Terrakion
|-crit|p1a: Terrakion
|-supereffective|p1a: Terrakion
|-damage|p1a: Terrakion|0 fnt
|faint|p1a: Terrakion
|
|-weather|Sandstorm|[upkeep]
|-heal|p2a: Landorus-Therian|213/382|[from] item: Leftovers
|
|switch|p1a: Garchomp|Garchomp, F|358/358
|-damage|p1a: Garchomp|336/358|[from] Stealth Rock
|turn|21
|
|move|p1a: Garchomp|Outrage|p2a: Landorus-Therian
|-damage|p2a: Landorus-Therian|47/382
|move|p2a: Landorus-Therian|Hidden Power|p1a: Garchomp
|-supereffective|p1a: Garchomp
|-enditem|p1a: Garchomp|Yache Berry|[eat]
|-damage|p1a: Garchomp|198/358
|
|-weather|Sandstorm|[upkeep]
|-heal|p2a: Landorus-Therian|70/382|[from] item: Leftovers
|turn|22
|
|switch|p2a: Heatran|Heatran, M|291/386 par
|-damage|p2a: Heatran|243/386 par|[from] Stealth Rock
|move|p1a: Garchomp|Outrage|p2a: Heatran
|-crit|p2a: Heatran
|-resisted|p2a: Heatran
|-damage|p2a: Heatran|41/386 par
|
|-weather|Sandstorm|[upkeep]
|-heal|p2a: Heatran|65/386 par|[from] item: Leftovers
|turn|23
|
|move|p1a: Garchomp|Outrage|p2a: Heatran
|-resisted|p2a: Heatran
|-damage|p2a: Heatran|0 fnt
|faint|p2a: Heatran
|
|-end|p1a: Garchomp|rampage
|-start|p1a: Garchomp|confusion
|-weather|Sandstorm|[upkeep]
|
|switch|p2a: Breloom|Breloom, F|320/320
|-damage|p2a: Breloom|300/320|[from] Stealth Rock
|turn|24
|
|switch|p1a: Forretress|Forretress, M|160/354
|-damage|p1a: Forretress|116/354|[from] Stealth Rock
|move|p2a: Breloom|Spore|p1a: Forretress
|-status|p1a: Forretress|slp
|
|-weather|Sandstorm|[upkeep]
|-damage|p2a: Breloom|280/320|[from] sandstorm
|-heal|p1a: Forretress|138/354 slp|[from] item: Leftovers
|-status|p2a: Breloom|tox|[from] item: Toxic Orb
|turn|25
|
|move|p2a: Breloom|Bulk Up|p2a: Breloom
|-boost|p2a: Breloom|atk|1
|-boost|p2a: Breloom|def|1
|cant|p1a: Forretress|slp
|
|-weather|Sandstorm|[upkeep]
|-damage|p2a: Breloom|260/320 tox|[from] sandstorm
|-heal|p1a: Forretress|160/354 slp|[from] item: Leftovers
|-heal|p2a: Breloom|300/320 tox|[from] ability: Poison Heal
|turn|26
|join|kullhadd hekk
|
|switch|p1a: Garchomp|Garchomp, F|198/358
|-damage|p1a: Garchomp|176/358|[from] Stealth Rock
|move|p2a: Breloom|Bulk Up|p2a: Breloom
|-boost|p2a: Breloom|atk|1
|-boost|p2a: Breloom|def|1
|
|-weather|Sandstorm|[upkeep]
|-damage|p2a: Breloom|280/320 tox|[from] sandstorm
|-heal|p2a: Breloom|320/320 tox|[from] ability: Poison Heal
|turn|27
|
|move|p1a: Garchomp|Fire Fang|p2a: Breloom|[miss]
|-miss|p1a: Garchomp|p2a: Breloom
|move|p2a: Breloom|Drain Punch|p1a: Garchomp
|-damage|p1a: Garchomp|0 fnt
|-damage|p2a: Breloom|280/320 tox|[from] ability: Rough Skin|[of] p1a: Garchomp
|faint|p1a: Garchomp
|
|-weather|Sandstorm|[upkeep]
|-damage|p2a: Breloom|260/320 tox|[from] sandstorm
|-heal|p2a: Breloom|300/320 tox|[from] ability: Poison Heal
|chat|Tesung|Gg
|chat|maulkr1pke|gg
|
|switch|p1a: Tyranitar|Tyranitar, F|332/386
|-damage|p1a: Tyranitar|284/386|[from] Stealth Rock
|turn|28
|
|move|p2a: Breloom|Drain Punch|p1a: Tyranitar
|-supereffective|p1a: Tyranitar
|-damage|p1a: Tyranitar|0 fnt
|-heal|p2a: Breloom|320/320 tox|[from] drain|[of] p1a: Tyranitar
|faint|p1a: Tyranitar
|
|-weather|Sandstorm|[upkeep]
|-damage|p2a: Breloom|300/320 tox|[from] sandstorm
|-heal|p2a: Breloom|320/320 tox|[from] ability: Poison Heal
|
|switch|p1a: Forretress|Forretress, M|160/354 slp
|-damage|p1a: Forretress|116/354 slp|[from] Stealth Rock
|turn|29
|
|move|p2a: Breloom|Drain Punch|p1a: Forretress
|-damage|p1a: Forretress|0 fnt
|faint|p1a: Forretress
|
|win|Tesung
|raw|Ladder updating...
|raw|maulkr1pke's rating: 1427 &rarr; <strong>1408</strong><br />(-19 for losing)
|raw|Tesung's rating: 1433 &rarr; <strong>1453</strong><br />(+20 for winning)
|leave|Tesung
|player|p2
|leave|maulkr1pke
|player|p1