|j|☆GBlade
|j|☆spam_dash_attack
|player|p1|GBlade|sabrina|1489
|player|p2|spam_dash_attack|fantina|1459
|teamsize|p1|6
|teamsize|p2|6
|gametype|singles
|gen|5
|tier|[Gen 5] OU
|rated|
|clearpoke
|poke|p1|Politoed, M|item
|poke|p1|Ferrothorn, F|item
|poke|p1|Latios, M|item
|poke|p1|Keldeo-Resolute|item
|poke|p1|Tornadus, M|item
|poke|p1|Starmie|item
|poke|p2|Mamoswine, M|item
|poke|p2|Latios, M|item
|poke|p2|Scizor, F|item
|poke|p2|Kyurem-Black|item
|poke|p2|Salamence, M|item
|poke|p2|Magnezone|item
|rule|Species Clause: Limit one of each Pokémon
|rule|OHKO Clause: OHKO moves are banned
|rule|Moody Clause: Moody is banned
|rule|Evasion Moves Clause: Evasion moves are banned
|rule|Endless Battle Clause: Forcing endless battles is banned
|rule|HP Percentage Mod: HP is shown in percentages
|rule|Evasion Abilities Clause: Evasion abilities are banned
|rule|Baton Pass Clause: Limit one Baton Passer, can't pass Spe and other stats simultaneously
|rule|Sleep Clause: Sleep-inducing moves are banned
|rule|Swagger Clause: Swagger is banned
|teampreview
|inactive|Battle timer is ON: inactive players will automatically lose when time's up. (requested by spam_dash_attack)
|c|☆GBlade|gl hf
|
|start
|switch|p1a: Politoed|Politoed, M, shiny|100/100
|switch|p2a: Mamoswine|Mamoswine, M|100/100
|-weather|RainDance|[from] ability: Drizzle|[of] p1a: Politoed
|turn|1
|
|move|p2a: Mamoswine|Stealth Rock|p1a: Politoed
|-sidestart|p1: GBlade|move: Stealth Rock
|move|p1a: Politoed|Scald|p2a: Mamoswine
|-supereffective|p2a: Mamoswine
|-enditem|p2a: Mamoswine|Focus Sash
|-damage|p2a: Mamoswine|1/100
|
|-weather|RainDance|[upkeep]
|upkeep
|turn|2
|
|move|p2a: Mamoswine|Endeavor|p1a: Politoed
|-damage|p1a: Politoed|1/100
|move|p1a: Politoed|Scald|p2a: Mamoswine
|-supereffective|p2a: Mamoswine
|-damage|p2a: Mamoswine|0 fnt
|faint|p2a: Mamoswine
|
|-weather|RainDance|[upkeep]
|upkeep
|
|switch|p2a: Scizor|Scizor, F|100/100
|turn|3
|
|move|p1a: Politoed|Scald|p2a: Scizor
|-damage|p2a: Scizor|5/100
|move|p2a: Scizor|U-turn|p1a: Politoed
|-damage|p1a: Politoed|0 fnt
|faint|p1a: Politoed
|
|switch|p2a: Kyurem|Kyurem-Black|100/100|[from]move: U-turn
|-ability|p2a: Kyurem|Teravolt
|
|-weather|RainDance|[upkeep]
|upkeep
|
|switch|p1a: Latios|Latios, M|100/100
|-damage|p1a: Latios|88/100|[from] Stealth Rock
|turn|4
|
|switch|p2a: Scizor|Scizor, F|5/100
|move|p1a: Latios|Draco Meteor|p2a: Scizor
|-resisted|p2a: Scizor
|-damage|p2a: Scizor|0 fnt
|-unboost|p1a: Latios|spa|2
|faint|p2a: Scizor
|
|-weather|RainDance|[upkeep]
|upkeep
|
|switch|p2a: Salamence|Salamence, M|100/100
|turn|5
|
|switch|p2a: Magnezone|Magnezone|100/100
|switch|p1a: Keldeo|Keldeo-Resolute|100/100
|-damage|p1a: Keldeo|94/100|[from] Stealth Rock
|
|-weather|RainDance|[upkeep]
|upkeep
|turn|6
|
|switch|p1a: Latios|Latios, M|88/100
|-damage|p1a: Latios|76/100|[from] Stealth Rock
|switch|p2a: Latios|Latios, M|100/100
|
|-weather|RainDance|[upkeep]
|upkeep
|turn|7
|
|switch|p1a: Ferrothorn|Ferrothorn, F|100/100
|-damage|p1a: Ferrothorn|94/100|[from] Stealth Rock
|move|p2a: Latios|Draco Meteor|p1a: Ferrothorn
|-resisted|p1a: Ferrothorn
|-damage|p1a: Ferrothorn|50/100
|-unboost|p2a: Latios|spa|2
|
|-weather|RainDance|[upkeep]
|-heal|p1a: Ferrothorn|57/100|[from] item: Leftovers
|upkeep
|turn|8
|j| cuckduck'd
|
|switch|p1a: Starmie|Starmie, shiny|100/100
|-damage|p1a: Starmie|88/100|[from] Stealth Rock
|move|p2a: Latios|Draco Meteor|p1a: Starmie
|-damage|p1a: Starmie|0 fnt
|-unboost|p2a: Latios|spa|2
|faint|p1a: Starmie
|
|-weather|RainDance|[upkeep]
|upkeep
|
|switch|p1a: Latios|Latios, M|76/100
|-damage|p1a: Latios|64/100|[from] Stealth Rock
|turn|9
|
|switch|p2a: Magnezone|Magnezone|100/100
|move|p1a: Latios|Surf|p2a: Magnezone
|-damage|p2a: Magnezone|0 fnt
|faint|p2a: Magnezone
|
|-weather|RainDance|[upkeep]
|upkeep
|
|switch|p2a: Latios|Latios, M|100/100
|turn|10
|
|move|p1a: Latios|Surf|p2a: Latios
|-resisted|p2a: Latios
|-damage|p2a: Latios|63/100
|move|p2a: Latios|Draco Meteor|p1a: Latios
|-supereffective|p1a: Latios
|-damage|p1a: Latios|0 fnt
|-unboost|p2a: Latios|spa|2
|faint|p1a: Latios
|
|-weather|RainDance|[upkeep]
|upkeep
|
|switch|p1a: Ferrothorn|Ferrothorn, F|57/100
|-damage|p1a: Ferrothorn|50/100|[from] Stealth Rock
|turn|11
|
|switch|p2a: Kyurem|Kyurem-Black|100/100
|-ability|p2a: Kyurem|Teravolt
|move|p1a: Ferrothorn|Stealth Rock|p2a: Kyurem
|-sidestart|p2: spam_dash_attack|move: Stealth Rock
|
|-weather|RainDance|[upkeep]
|-heal|p1a: Ferrothorn|57/100|[from] item: Leftovers
|upkeep
|turn|12
|
|move|p2a: Kyurem|Outrage|p1a: Ferrothorn
|-resisted|p1a: Ferrothorn
|-damage|p1a: Ferrothorn|17/100
|-damage|p2a: Kyurem|88/100|[from] ability: Iron Barbs|[of] p1a: Ferrothorn
|move|p1a: Ferrothorn|Power Whip|p2a: Kyurem
|-resisted|p2a: Kyurem
|-damage|p2a: Kyurem|70/100
|
|-weather|RainDance|[upkeep]
|-heal|p1a: Ferrothorn|23/100|[from] item: Leftovers
|upkeep
|turn|13
|
|move|p2a: Kyurem|Outrage|p1a: Ferrothorn|[from]lockedmove
|-resisted|p1a: Ferrothorn
|-damage|p1a: Ferrothorn|0 fnt
|-damage|p2a: Kyurem|58/100|[from] ability: Iron Barbs|[of] p1a: Ferrothorn
|-start|p2a: Kyurem|confusion|[fatigue]
|faint|p1a: Ferrothorn
|
|-weather|RainDance|[upkeep]
|upkeep
|
|switch|p1a: Tornadus|Tornadus, M|100/100
|-damage|p1a: Tornadus|76/100|[from] Stealth Rock
|turn|14
|
|move|p1a: Tornadus|Hurricane|p2a: Kyurem
|-damage|p2a: Kyurem|0 fnt
|faint|p2a: Kyurem
|
|-weather|RainDance|[upkeep]
|upkeep
|
|switch|p2a: Salamence|Salamence, M|100/100
|-damage|p2a: Salamence|76/100|[from] Stealth Rock
|turn|15
|
|move|p2a: Salamence|Outrage|p1a: Tornadus
|-damage|p1a: Tornadus|0 fnt
|faint|p1a: Tornadus
|-ability|p2a: Salamence|Moxie|boost
|-boost|p2a: Salamence|atk|1
|
|-weather|RainDance|[upkeep]
|upkeep
|
|switch|p1a: Keldeo|Keldeo-Resolute|94/100
|-damage|p1a: Keldeo|88/100|[from] Stealth Rock
|turn|16
|
|move|p1a: Keldeo|Hidden Power|p2a: Salamence
|-supereffective|p2a: Salamence
|-damage|p2a: Salamence|0 fnt
|faint|p2a: Salamence
|
|-weather|RainDance|[upkeep]
|upkeep
|
|switch|p2a: Latios|Latios, M|63/100
|-damage|p2a: Latios|51/100|[from] Stealth Rock
|turn|17
|
|move|p1a: Keldeo|Hidden Power|p2a: Latios
|-supereffective|p2a: Latios
|-damage|p2a: Latios|2/100
|move|p2a: Latios|Psychic|p1a: Keldeo
|-supereffective|p1a: Keldeo
|-damage|p1a: Keldeo|0 fnt
|faint|p1a: Keldeo
|
|win|spam_dash_attack
|c|☆GBlade|gg
|l|☆GBlade
|raw|GBlade's rating: 1490 &rarr; <strong>1468</strong><br />(-22 for losing)
|raw|spam_dash_attack's rating: 1459 &rarr; <strong>1481</strong><br />(+22 for winning)
