|j|☆bxh318916
|j|☆EdgarDgg5
|t:|1730209802
|gametype|singles
|player|p1|bxh318916|steven|1508
|player|p2|EdgarDgg5|shadowtriad|1408
|teamsize|p1|6
|teamsize|p2|6
|gen|5
|tier|[Gen 5] OU
|rated|
|rule|Species Clause: Limit one of each Pokémon
|rule|OHKO Clause: OHKO moves are banned
|rule|Moody Clause: Moody is banned
|rule|Evasion Items Clause: Evasion items are banned
|rule|Evasion Moves Clause: Evasion moves are banned
|rule|Endless Battle Clause: Forcing endless battles is banned
|rule|HP Percentage Mod: HP is shown in percentages
|rule|Evasion Abilities Clause: Evasion abilities are banned
|rule|Sleep Moves Clause: Sleep-inducing moves are banned
|rule|Swagger Clause: Swagger is banned
|rule|Baton Pass Stat Clause: No Baton Passer may have a way to boost its stats
|clearpoke
|poke|p1|Tyranitar, F|item
|poke|p1|Keldeo|item
|poke|p1|Garchomp, M|item
|poke|p1|Zapdos|item
|poke|p1|Scizor, F|item
|poke|p1|Starmie|item
|poke|p2|Politoed, M|item
|poke|p2|Ferrothorn, F|item
|poke|p2|Tentacruel, M|item
|poke|p2|Jirachi|item
|poke|p2|Thundurus-Therian, M|item
|poke|p2|Latios, M|item
|teampreview
|j| shiyonghao
|
|t:|1730209839
|start
|switch|p1a: Garchomp|Garchomp, M|100/100
|switch|p2a: Politoed|Politoed, M|100/100
|-weather|RainDance|[from] ability: Drizzle|[of] p2a: Politoed
|turn|1
|
|t:|1730209849
|move|p1a: Garchomp|Stealth Rock|p2a: Politoed
|-sidestart|p2: EdgarDgg5|move: Stealth Rock
|move|p2a: Politoed|Ice Beam|p1a: Garchomp
|-supereffective|p1a: Garchomp
|-damage|p1a: Garchomp|0 fnt
|faint|p1a: Garchomp
|
|-weather|RainDance|[upkeep]
|upkeep
|
|t:|1730209860
|switch|p1a: Zapdos|Zapdos|100/100
|-ability|p1a: Zapdos|Pressure
|turn|2
|
|t:|1730209871
|switch|p2a: Ferrothorn|Ferrothorn, F|100/100
|-damage|p2a: Ferrothorn|94/100|[from] Stealth Rock
|move|p1a: Zapdos|Toxic|p2a: Ferrothorn
|-immune|p2a: Ferrothorn
|
|-weather|RainDance|[upkeep]
|upkeep
|turn|3
|
|t:|1730209880
|move|p1a: Zapdos|Heat Wave|p2a: Ferrothorn
|-supereffective|p2a: Ferrothorn
|-damage|p2a: Ferrothorn|47/100
|move|p2a: Ferrothorn|Stealth Rock|p1a: Zapdos
|-sidestart|p1: bxh318916|move: Stealth Rock
|
|-weather|RainDance|[upkeep]
|upkeep
|turn|4
|
|t:|1730209893
|switch|p2a: Latios|Latios, M|100/100
|-damage|p2a: Latios|88/100|[from] Stealth Rock
|move|p1a: Zapdos|Heat Wave|p2a: Latios
|-resisted|p2a: Latios
|-damage|p2a: Latios|81/100
|
|-weather|RainDance|[upkeep]
|upkeep
|turn|5
|
|t:|1730209904
|move|p2a: Latios|Calm Mind|p2a: Latios
|-boost|p2a: Latios|spa|1
|-boost|p2a: Latios|spd|1
|move|p1a: Zapdos|Roost||[still]
|-fail|p1a: Zapdos|heal
|
|-weather|RainDance|[upkeep]
|upkeep
|turn|6
|
|t:|1730209920
|move|p2a: Latios|Surf|p1a: Zapdos
|-damage|p1a: Zapdos|49/100
|move|p1a: Zapdos|Toxic|p2a: Latios
|-status|p2a: Latios|tox
|-enditem|p2a: Latios|Lum Berry|[eat]
|-curestatus|p2a: Latios|tox|[msg]
|
|-weather|RainDance|[upkeep]
|-heal|p1a: Zapdos|55/100|[from] item: Leftovers
|upkeep
|turn|7
|
|t:|1730209934
|move|p2a: Latios|Surf|p1a: Zapdos
|-damage|p1a: Zapdos|5/100
|move|p1a: Zapdos|Roost|p1a: Zapdos
|-heal|p1a: Zapdos|55/100
|-singleturn|p1a: Zapdos|move: Roost
|
|-weather|RainDance|[upkeep]
|-heal|p1a: Zapdos|61/100|[from] item: Leftovers
|upkeep
|turn|8
|-message|bxh318916 forfeited.
|
|win|EdgarDgg5
|raw|bxh318916's rating: 1508 &rarr; <strong>1482</strong><br />(-26 for losing)
|raw|EdgarDgg5's rating: 1408 &rarr; <strong>1434</strong><br />(+26 for winning)
|l|☆bxh318916
|player|p1|
|l|☆EdgarDgg5
|player|p2|
