|j|☆Franco J
|j|☆12345678koishi
|t:|1727383232
|gametype|singles
|player|p1|Franco J|n|1371
|player|p2|12345678koishi|lady|1407
|teamsize|p1|6
|teamsize|p2|6
|gen|5
|tier|[Gen 5] OU
|rated|
|rule|Species Clause: Limit one of each Pokémon
|rule|OHKO Clause: OHKO moves are banned
|rule|Moody Clause: Moody is banned
|rule|Evasion Items Clause: Evasion items are banned
|rule|Evasion Moves Clause: Evasion moves are banned
|rule|Endless Battle Clause: Forcing endless battles is banned
|rule|HP Percentage Mod: HP is shown in percentages
|rule|Evasion Abilities Clause: Evasion abilities are banned
|rule|Sleep Moves Clause: Sleep-inducing moves are banned
|rule|Swagger Clause: Swagger is banned
|rule|Baton Pass Stat Clause: No Baton Passer may have a way to boost its stats
|clearpoke
|poke|p1|Lucario, M|item
|poke|p1|Sigilyph, F|item
|poke|p1|Skarmory, F|item
|poke|p1|Gengar, F|item
|poke|p1|Tyranitar, M|item
|poke|p1|Gastrodon, M|item
|poke|p2|Alakazam, F|item
|poke|p2|Skarmory, M|item
|poke|p2|Gengar, F|item
|poke|p2|Lucario, F|item
|poke|p2|Magnezone|item
|poke|p2|Dragonite, M|item
|teampreview
|
|t:|1727383237
|start
|switch|p1a: Skarmory|Skarmory, F|100/100
|switch|p2a: Skarmory|Skarmory, M|100/100
|turn|1
|inactive|Battle timer is ON: inactive players will automatically lose when time's up. (requested by Franco J)
|
|t:|1727383244
|move|p2a: Skarmory|Taunt|p1a: Skarmory
|-start|p1a: Skarmory|move: Taunt
|cant|p1a: Skarmory|move: Taunt|Taunt
|
|upkeep
|turn|2
|
|t:|1727383251
|switch|p1a: Gengar|Gengar, F|100/100
|move|p2a: Skarmory|Stealth Rock|p1a: Gengar
|-sidestart|p1: Franco J|move: Stealth Rock
|
|upkeep
|turn|3
|
|t:|1727383257
|move|p1a: Gengar|Thunder|p2a: Skarmory
|-supereffective|p2a: Skarmory
|-ability|p2a: Skarmory|Sturdy
|-damage|p2a: Skarmory|1/100
|move|p2a: Skarmory|Spikes|p1a: Gengar
|-sidestart|p1: Franco J|Spikes
|
|upkeep
|turn|4
|-enditem|p2a: Skarmory|Custap Berry|[eat]
|-activate|p2a: Skarmory|item: Custap Berry|[consumed]
|
|t:|1727383276
|move|p2a: Skarmory|Spikes|p1a: Gengar
|-sidestart|p1: Franco J|Spikes
|move|p1a: Gengar|Shadow Ball|p2a: Skarmory
|-resisted|p2a: Skarmory
|-damage|p2a: Skarmory|0 fnt
|faint|p2a: Skarmory
|
|upkeep
|
|t:|1727383285
|switch|p2a: Alakazam|Alakazam, F|100/100
|turn|5
|
|t:|1727383307
|move|p2a: Alakazam|Psyshock|p1a: Gengar
|-supereffective|p1a: Gengar
|-damage|p1a: Gengar|0 fnt
|faint|p1a: Gengar
|
|upkeep
|
|t:|1727383310
|switch|p1a: Skarmory|Skarmory, F|100/100
|-damage|p1a: Skarmory|88/100|[from] Stealth Rock
|turn|6
|
|t:|1727383315
|switch|p2a: Magnezone|Magnezone|100/100
|-item|p2a: Magnezone|Air Balloon
|move|p1a: Skarmory|Stealth Rock|p2a: Magnezone
|-sidestart|p2: 12345678koishi|move: Stealth Rock
|
|upkeep
|turn|7
|
|t:|1727383322
|move|p1a: Skarmory|Spikes|p2a: Magnezone
|-sidestart|p2: 12345678koishi|Spikes
|move|p2a: Magnezone|Thunderbolt|p1a: Skarmory
|-supereffective|p1a: Skarmory
|-damage|p1a: Skarmory|0 fnt
|faint|p1a: Skarmory
|
|upkeep
|
|t:|1727383325
|switch|p1a: Lucario|Lucario, M|100/100
|-damage|p1a: Lucario|98/100|[from] Stealth Rock
|-damage|p1a: Lucario|81/100|[from] Spikes
|turn|8
|
|t:|1727383335
|switch|p2a: Gengar|Gengar, F|100/100
|-damage|p2a: Gengar|88/100|[from] Stealth Rock
|move|p1a: Lucario|Close Combat|p2a: Gengar
|-immune|p2a: Gengar
|
|upkeep
|turn|9
|
|t:|1727383343
|move|p2a: Gengar|Focus Blast|p1a: Lucario
|-supereffective|p1a: Lucario
|-damage|p1a: Lucario|0 fnt
|faint|p1a: Lucario
|-damage|p2a: Gengar|78/100|[from] item: Life Orb
|
|upkeep
|-message|Franco J forfeited.
|
|win|12345678koishi
|raw|Franco J's rating: 1371 &rarr; <strong>1353</strong><br />(-18 for losing)
|raw|12345678koishi's rating: 1407 &rarr; <strong>1425</strong><br />(+18 for winning)
|l|☆Franco J
|player|p1|
