|j|☆leoperi99
|j|☆repinho2711
|t:|1703162698
|gametype|singles
|player|p1|leoperi99|clay|1516
|player|p2|repinho2711|ethan|1346
|teamsize|p1|6
|teamsize|p2|6
|gen|5
|tier|[Gen 5] OU
|rated|
|rule|Species Clause: Limit one of each Pokémon
|rule|OHKO Clause: OHKO moves are banned
|rule|Moody Clause: Moody is banned
|rule|Evasion Items Clause: Evasion items are banned
|rule|Evasion Moves Clause: Evasion moves are banned
|rule|Endless Battle Clause: Forcing endless battles is banned
|rule|HP Percentage Mod: HP is shown in percentages
|rule|Evasion Abilities Clause: Evasion abilities are banned
|rule|Sleep Moves Clause: Sleep-inducing moves are banned
|rule|Swagger Clause: Swagger is banned
|rule|Baton Pass Stat Clause: No Baton Passer may have a way to boost its stats
|clearpoke
|poke|p1|Zapdos|item
|poke|p1|Tyranitar, M|item
|poke|p1|Excadrill, F|item
|poke|p1|Latios, M|item
|poke|p1|Garchomp, M|item
|poke|p1|Slowbro, M|item
|poke|p2|Scizor, M|item
|poke|p2|Virizion|item
|poke|p2|Donphan, M|item
|poke|p2|Alakazam, M|item
|poke|p2|Gyarados, M|item
|poke|p2|Porygon-Z|item
|teampreview
|inactive|Battle timer is ON: inactive players will automatically lose when time's up. (requested by repinho2711)
|
|t:|1703162710
|start
|switch|p1a: Nerfed Thundy-t|Zapdos, shiny|100/100
|switch|p2a: Porygon-Z|Porygon-Z, shiny|100/100
|-ability|p1a: Nerfed Thundy-t|Pressure
|turn|1
|
|t:|1703162718
|move|p2a: Porygon-Z|Tri Attack|p1a: Nerfed Thundy-t
|-damage|p1a: Nerfed Thundy-t|34/100
|-status|p1a: Nerfed Thundy-t|frz
|cant|p1a: Nerfed Thundy-t|frz
|
|-heal|p1a: Nerfed Thundy-t|41/100 frz|[from] item: Leftovers
|upkeep
|turn|2
|c|☆leoperi99|...
|
|t:|1703162729
|switch|p1a: pursuitin since gs|Tyranitar, M, shiny|100/100
|-weather|Sandstorm|[from] ability: Sand Stream|[of] p1a: pursuitin since gs
|move|p2a: Porygon-Z|Tri Attack|p1a: pursuitin since gs
|-resisted|p1a: pursuitin since gs
|-damage|p1a: pursuitin since gs|87/100
|
|-weather|Sandstorm|[upkeep]
|-damage|p2a: Porygon-Z|94/100|[from] Sandstorm
|upkeep
|turn|3
|
|t:|1703162744
|switch|p2a: Donphan|Donphan, M|100/100
|move|p1a: pursuitin since gs|Stealth Rock|p2a: Donphan
|-sidestart|p2: repinho2711|move: Stealth Rock
|
|-weather|Sandstorm|[upkeep]
|upkeep
|turn|4
|
|t:|1703162757
|switch|p1a: Slowking brother|Slowbro, M, shiny|100/100
|move|p2a: Donphan|Stealth Rock|p1a: Slowking brother
|-sidestart|p1: leoperi99|move: Stealth Rock
|
|-weather|Sandstorm|[upkeep]
|-damage|p1a: Slowking brother|94/100|[from] Sandstorm
|upkeep
|turn|5
|
|t:|1703162765
|switch|p2a: Virizion|Virizion|100/100
|-damage|p2a: Virizion|94/100|[from] Stealth Rock
|move|p1a: Slowking brother|Scald|p2a: Virizion
|-resisted|p2a: Virizion
|-damage|p2a: Virizion|83/100
|
|-weather|Sandstorm|[upkeep]
|-damage|p2a: Virizion|77/100|[from] Sandstorm
|-damage|p1a: Slowking brother|88/100|[from] Sandstorm
|upkeep
|turn|6
|
|t:|1703162776
|move|p2a: Virizion|Swords Dance|p2a: Virizion
|-boost|p2a: Virizion|atk|2
|move|p1a: Slowking brother|Psychic|p2a: Virizion
|-supereffective|p2a: Virizion
|-damage|p2a: Virizion|23/100
|
|-weather|Sandstorm|[upkeep]
|-damage|p2a: Virizion|17/100|[from] Sandstorm
|-damage|p1a: Slowking brother|82/100|[from] Sandstorm
|upkeep
|turn|7
|
|t:|1703162786
|switch|p1a: Nerfed Thundy-t|Zapdos, shiny|41/100 frz
|-damage|p1a: Nerfed Thundy-t|16/100 frz|[from] Stealth Rock
|-ability|p1a: Nerfed Thundy-t|Pressure
|move|p2a: Virizion|Leaf Blade|p1a: Nerfed Thundy-t
|-resisted|p1a: Nerfed Thundy-t
|-crit|p1a: Nerfed Thundy-t
|-damage|p1a: Nerfed Thundy-t|0 fnt
|faint|p1a: Nerfed Thundy-t
|
|-weather|Sandstorm|[upkeep]
|-damage|p2a: Virizion|11/100|[from] Sandstorm
|upkeep
|
|t:|1703162789
|switch|p1a: GARCHOMP NATION|Garchomp, M, shiny|100/100
|-damage|p1a: GARCHOMP NATION|94/100|[from] Stealth Rock
|turn|8
|
|t:|1703162803
|move|p1a: GARCHOMP NATION|Earthquake|p2a: Virizion
|-resisted|p2a: Virizion
|-damage|p2a: Virizion|0 fnt
|faint|p2a: Virizion
|
|-weather|Sandstorm|[upkeep]
|upkeep
|
|t:|1703162811
|switch|p2a: Donphan|Donphan, M|100/100
|-damage|p2a: Donphan|94/100|[from] Stealth Rock
|turn|9
|
|t:|1703162817
|switch|p1a: Slowking brother|Slowbro, M, shiny|100/100
|-damage|p1a: Slowking brother|88/100|[from] Stealth Rock
|move|p2a: Donphan|Rapid Spin|p1a: Slowking brother
|-crit|p1a: Slowking brother
|-damage|p1a: Slowking brother|79/100
|-damage|p2a: Donphan|78/100|[from] item: Rocky Helmet|[of] p1a: Slowking brother
|-sideend|p2: repinho2711|Stealth Rock|[from] move: Rapid Spin|[of] p2a: Donphan
|
|-weather|Sandstorm|[upkeep]
|-damage|p1a: Slowking brother|73/100|[from] Sandstorm
|-heal|p2a: Donphan|84/100|[from] item: Leftovers
|upkeep
|turn|10
|
|t:|1703162843
|switch|p2a: Alakazam|Alakazam, M|100/100
|move|p1a: Slowking brother|Scald|p2a: Alakazam
|-damage|p2a: Alakazam|55/100
|
|-weather|Sandstorm|[upkeep]
|-damage|p1a: Slowking brother|67/100|[from] Sandstorm
|upkeep
|turn|11
|
|t:|1703162855
|switch|p1a: pursuitin since gs|Tyranitar, M, shiny|87/100
|-damage|p1a: pursuitin since gs|74/100|[from] Stealth Rock
|move|p2a: Alakazam|Charge Beam|p1a: pursuitin since gs
|-damage|p1a: pursuitin since gs|64/100
|-boost|p2a: Alakazam|spa|1
|
|-weather|Sandstorm|[upkeep]
|upkeep
|turn|12
|c|☆leoperi99|wht
|
|t:|1703162865
|move|p2a: Alakazam|Focus Blast|p1a: pursuitin since gs|[miss]
|-miss|p2a: Alakazam|p1a: pursuitin since gs
|move|p1a: pursuitin since gs|Pursuit|p2a: Alakazam
|-supereffective|p2a: Alakazam
|-damage|p2a: Alakazam|0 fnt
|faint|p2a: Alakazam
|
|-weather|Sandstorm|[upkeep]
|upkeep
|
|t:|1703162875
|switch|p2a: Donphan|Donphan, M|84/100
|turn|13
|
|t:|1703162878
|switch|p1a: Slowking brother|Slowbro, M, shiny|100/100
|-damage|p1a: Slowking brother|88/100|[from] Stealth Rock
|move|p2a: Donphan|Earthquake|p1a: Slowking brother
|-damage|p1a: Slowking brother|61/100
|
|-weather|Sandstorm|[upkeep]
|-damage|p1a: Slowking brother|55/100|[from] Sandstorm
|-heal|p2a: Donphan|90/100|[from] item: Leftovers
|upkeep
|turn|14
|
|t:|1703162890
|switch|p2a: Scizor|Scizor, M|100/100
|move|p1a: Slowking brother|Scald|p2a: Scizor
|-damage|p2a: Scizor|61/100
|
|-weather|Sandstorm|[upkeep]
|-damage|p1a: Slowking brother|49/100|[from] Sandstorm
|upkeep
|turn|15
|
|t:|1703162899
|switch|p1a: Wheres my sandrush|Excadrill, F, shiny|100/100
|-damage|p1a: Wheres my sandrush|97/100|[from] Stealth Rock
|move|p2a: Scizor|U-turn|p1a: Wheres my sandrush
|-resisted|p1a: Wheres my sandrush
|-crit|p1a: Wheres my sandrush
|-damage|p1a: Wheres my sandrush|13/100
|
|t:|1703162907
|switch|p2a: Porygon-Z|Porygon-Z, shiny|94/100|[from] U-turn
|
|-weather|Sandstorm|[upkeep]
|-damage|p2a: Porygon-Z|88/100|[from] Sandstorm
|-heal|p1a: Wheres my sandrush|19/100|[from] item: Leftovers
|upkeep
|turn|16
|l|☆repinho2711
|inactive|repinho2711 disconnected and has a minute to reconnect!
|player|p2|
|j|☆repinho2711
|inactive|repinho2711 reconnected and has 130 seconds left.
|player|p2|repinho2711|ethan
|
|t:|1703162933
|move|p2a: Porygon-Z|Tri Attack|p1a: Wheres my sandrush
|-resisted|p1a: Wheres my sandrush
|-damage|p1a: Wheres my sandrush|0 fnt
|faint|p1a: Wheres my sandrush
|
|-weather|Sandstorm|[upkeep]
|-damage|p2a: Porygon-Z|82/100|[from] Sandstorm
|upkeep
|
|t:|1703162941
|switch|p1a: pursuitin since gs|Tyranitar, M, shiny|64/100
|-damage|p1a: pursuitin since gs|51/100|[from] Stealth Rock
|turn|17
|
|t:|1703162946
|move|p2a: Porygon-Z|Tri Attack|p1a: pursuitin since gs
|-resisted|p1a: pursuitin since gs
|-damage|p1a: pursuitin since gs|38/100
|move|p1a: pursuitin since gs|Pursuit|p2a: Porygon-Z
|-damage|p2a: Porygon-Z|55/100
|
|-weather|Sandstorm|[upkeep]
|-damage|p2a: Porygon-Z|49/100|[from] Sandstorm
|upkeep
|turn|18
|
|t:|1703162956
|switch|p2a: Donphan|Donphan, M|90/100
|move|p1a: pursuitin since gs|Crunch|p2a: Donphan
|-damage|p2a: Donphan|63/100
|-unboost|p2a: Donphan|def|1
|
|-weather|Sandstorm|[upkeep]
|-heal|p2a: Donphan|69/100|[from] item: Leftovers
|upkeep
|turn|19
|
|t:|1703162966
|switch|p2a: Porygon-Z|Porygon-Z, shiny|49/100
|move|p1a: pursuitin since gs|Stealth Rock|p2a: Porygon-Z
|-sidestart|p2: repinho2711|move: Stealth Rock
|
|-weather|Sandstorm|[upkeep]
|-damage|p2a: Porygon-Z|43/100|[from] Sandstorm
|upkeep
|turn|20
|
|t:|1703162975
|move|p2a: Porygon-Z|Tri Attack|p1a: pursuitin since gs
|-resisted|p1a: pursuitin since gs
|-damage|p1a: pursuitin since gs|25/100
|-status|p1a: pursuitin since gs|par
|move|p1a: pursuitin since gs|Pursuit|p2a: Porygon-Z
|-damage|p2a: Porygon-Z|18/100
|
|-weather|Sandstorm|[upkeep]
|-damage|p2a: Porygon-Z|11/100|[from] Sandstorm
|upkeep
|turn|21
|
|t:|1703162986
|-activate|p2a: Porygon-Z|move: Pursuit
|move|p1a: pursuitin since gs|Pursuit|p2a: Porygon-Z|[from]Pursuit
|-damage|p2a: Porygon-Z|0 fnt
|faint|p2a: Porygon-Z
|-hint|A Pokemon can't switch between when it runs out of HP and when it faints
|
|-weather|Sandstorm|[upkeep]
|upkeep
|
|t:|1703162996
|switch|p2a: Donphan|Donphan, M|69/100
|-damage|p2a: Donphan|63/100|[from] Stealth Rock
|turn|22
|
|t:|1703163001
|switch|p1a: Slowking brother|Slowbro, M, shiny|82/100
|-damage|p1a: Slowking brother|70/100|[from] Stealth Rock
|move|p2a: Donphan|Rapid Spin|p1a: Slowking brother
|-damage|p1a: Slowking brother|66/100
|-damage|p2a: Donphan|47/100|[from] item: Rocky Helmet|[of] p1a: Slowking brother
|-sideend|p2: repinho2711|Stealth Rock|[from] move: Rapid Spin|[of] p2a: Donphan
|
|-weather|Sandstorm|[upkeep]
|-damage|p1a: Slowking brother|60/100|[from] Sandstorm
|-heal|p2a: Donphan|53/100|[from] item: Leftovers
|upkeep
|turn|23
|
|t:|1703163013
|move|p2a: Donphan|Earthquake|p1a: Slowking brother
|-damage|p1a: Slowking brother|29/100
|move|p1a: Slowking brother|Slack Off|p1a: Slowking brother
|-heal|p1a: Slowking brother|79/100
|
|-weather|Sandstorm|[upkeep]
|-damage|p1a: Slowking brother|73/100|[from] Sandstorm
|-heal|p2a: Donphan|59/100|[from] item: Leftovers
|upkeep
|turn|24
|
|t:|1703163023
|move|p2a: Donphan|Earthquake|p1a: Slowking brother
|-damage|p1a: Slowking brother|42/100
|move|p1a: Slowking brother|Scald|p2a: Donphan
|-supereffective|p2a: Donphan
|-damage|p2a: Donphan|0 fnt
|faint|p2a: Donphan
|
|-weather|Sandstorm|[upkeep]
|-damage|p1a: Slowking brother|36/100|[from] Sandstorm
|upkeep
|
|t:|1703163034
|switch|p2a: Gyarados|Gyarados, M, shiny|100/100
|-ability|p2a: Gyarados|Intimidate|boost
|-unboost|p1a: Slowking brother|atk|1
|turn|25
|
|t:|1703163038
|move|p2a: Gyarados|Dragon Dance|p2a: Gyarados
|-boost|p2a: Gyarados|atk|1
|-boost|p2a: Gyarados|spe|1
|move|p1a: Slowking brother|Slack Off|p1a: Slowking brother
|-heal|p1a: Slowking brother|86/100
|
|-weather|Sandstorm|[upkeep]
|-damage|p2a: Gyarados|94/100|[from] Sandstorm
|-damage|p1a: Slowking brother|80/100|[from] Sandstorm
|upkeep
|turn|26
|
|t:|1703163048
|move|p2a: Gyarados|Dragon Dance|p2a: Gyarados
|-boost|p2a: Gyarados|atk|1
|-boost|p2a: Gyarados|spe|1
|move|p1a: Slowking brother|Psychic|p2a: Gyarados
|-damage|p2a: Gyarados|60/100
|-unboost|p2a: Gyarados|spd|1
|
|-weather|Sandstorm|[upkeep]
|-damage|p2a: Gyarados|54/100|[from] Sandstorm
|-damage|p1a: Slowking brother|74/100|[from] Sandstorm
|upkeep
|turn|27
|
|t:|1703163059
|move|p2a: Gyarados|Waterfall|p1a: Slowking brother
|-resisted|p1a: Slowking brother
|-damage|p1a: Slowking brother|48/100
|-damage|p2a: Gyarados|37/100|[from] item: Rocky Helmet|[of] p1a: Slowking brother
|move|p1a: Slowking brother|Psychic|p2a: Gyarados
|-crit|p2a: Gyarados
|-damage|p2a: Gyarados|0 fnt
|faint|p2a: Gyarados
|
|-weather|Sandstorm|[upkeep]
|-damage|p1a: Slowking brother|42/100|[from] Sandstorm
|upkeep
|-message|repinho2711 forfeited.
|
|win|leoperi99
|raw|leoperi99's rating: 1516 &rarr; <strong>1527</strong><br />(+11 for winning)
|raw|repinho2711's rating: 1346 &rarr; <strong>1335</strong><br />(-11 for losing)
|l|☆repinho2711
|c|☆leoperi99|gg
