|j|☆Zymen Aidi
|j|☆testbwou
|t:|1707400353
|gametype|singles
|player|p1|Zymen Aidi|unknown|1335
|player|p2|testbwou|169|1382
|teamsize|p1|6
|teamsize|p2|6
|gen|5
|tier|[Gen 5] OU
|rated|
|rule|Species Clause: Limit one of each Pokémon
|rule|OHKO Clause: OHKO moves are banned
|rule|Moody Clause: Moody is banned
|rule|Evasion Items Clause: Evasion items are banned
|rule|Evasion Moves Clause: Evasion moves are banned
|rule|Endless Battle Clause: Forcing endless battles is banned
|rule|HP Percentage Mod: HP is shown in percentages
|rule|Evasion Abilities Clause: Evasion abilities are banned
|rule|Sleep Moves Clause: Sleep-inducing moves are banned
|rule|Swagger Clause: Swagger is banned
|rule|Baton Pass Stat Clause: No Baton Passer may have a way to boost its stats
|clearpoke
|poke|p1|Tyranitar, F|item
|poke|p1|Latios, M|item
|poke|p1|Garchomp, F|item
|poke|p1|Gliscor, M|item
|poke|p1|Ferrothorn, F|item
|poke|p1|Rotom-Wash|item
|poke|p2|Riolu, F|item
|poke|p2|Forretress, M|item
|poke|p2|Shedinja|item
|poke|p2|Politoed, F|item
|poke|p2|Gengar, M|item
|poke|p2|Starmie|item
|teampreview
|
|t:|1707400367
|start
|switch|p1a: Latios|Latios, M|100/100
|switch|p2a: Forretress|Forretress, M|100/100
|turn|1
|
|t:|1707400371
|move|p1a: Latios|Hidden Power|p2a: Forretress
|-supereffective|p2a: Forretress
|-ability|p2a: Forretress|Sturdy
|-damage|p2a: Forretress|1/100
|move|p2a: Forretress|Stealth Rock|p1a: Latios
|-sidestart|p1: Zymen Aidi|move: Stealth Rock
|
|upkeep
|turn|2
|-enditem|p2a: Forretress|Custap Berry|[eat]
|-activate|p2a: Forretress|item: Custap Berry|[consumed]
|
|t:|1707400373
|move|p2a: Forretress|Spikes|p1a: Latios
|-sidestart|p1: Zymen Aidi|Spikes
|move|p1a: Latios|Hidden Power|p2a: Forretress
|-supereffective|p2a: Forretress
|-damage|p2a: Forretress|0 fnt
|faint|p2a: Forretress
|
|upkeep
|
|t:|1707400377
|switch|p2a: Riolu|Riolu, F|100/100
|turn|3
|
|t:|1707400381
|move|p1a: Latios|Hidden Power|p2a: Riolu
|-enditem|p2a: Riolu|Focus Sash
|-damage|p2a: Riolu|1/100
|move|p2a: Riolu|Roar|p1a: Latios
|drag|p1a: Garchomp|Garchomp, F|100/100
|-damage|p1a: Garchomp|94/100|[from] Stealth Rock
|-damage|p1a: Garchomp|82/100|[from] Spikes
|
|upkeep
|turn|4
|
|t:|1707400387
|move|p2a: Riolu|Copycat|p2a: Riolu
|move|p2a: Riolu|Roar|p1a: Garchomp|[from]move: Copycat
|drag|p1a: Rotom|Rotom-Wash|100/100
|-damage|p1a: Rotom|88/100|[from] Stealth Rock
|
|-heal|p1a: Rotom|94/100|[from] item: Leftovers
|upkeep
|turn|5
|j| Theloomer
|
|t:|1707400394
|move|p2a: Riolu|Copycat|p2a: Riolu
|move|p2a: Riolu|Roar|p1a: Rotom|[from]move: Copycat
|drag|p1a: Gliscor|Gliscor, M|100/100
|-damage|p1a: Gliscor|88/100|[from] Stealth Rock
|
|-status|p1a: Gliscor|tox|[from] item: Toxic Orb
|upkeep
|turn|6
|l| Theloomer
|
|t:|1707400399
|move|p2a: Riolu|Copycat|p2a: Riolu
|move|p2a: Riolu|Roar|p1a: Gliscor|[from]move: Copycat
|drag|p1a: Ferrothorn|Ferrothorn, F|100/100
|-damage|p1a: Ferrothorn|94/100|[from] Stealth Rock
|-damage|p1a: Ferrothorn|82/100|[from] Spikes
|
|upkeep
|turn|7
|
|t:|1707400408
|move|p2a: Riolu|Copycat|p2a: Riolu
|move|p2a: Riolu|Roar|p1a: Ferrothorn|[from]move: Copycat
|drag|p1a: Tyranitar|Tyranitar, F|100/100
|-damage|p1a: Tyranitar|88/100|[from] Stealth Rock
|-damage|p1a: Tyranitar|76/100|[from] Spikes
|-weather|Sandstorm|[from] ability: Sand Stream|[of] p1a: Tyranitar
|
|-weather|Sandstorm|[upkeep]
|-damage|p2a: Riolu|0 fnt|[from] Sandstorm
|faint|p2a: Riolu
|upkeep
|
|t:|1707400410
|switch|p2a: Politoed|Politoed, F|100/100
|-weather|RainDance|[from] ability: Drizzle|[of] p2a: Politoed
|turn|8
|
|t:|1707400425
|switch|p1a: Rotom|Rotom-Wash|94/100
|-damage|p1a: Rotom|82/100|[from] Stealth Rock
|move|p2a: Politoed|Surf|p1a: Rotom
|-resisted|p1a: Rotom
|-damage|p1a: Rotom|61/100
|
|-weather|RainDance|[upkeep]
|-heal|p1a: Rotom|67/100|[from] item: Leftovers
|upkeep
|turn|9
|
|t:|1707400430
|switch|p2a: Gengar|Gengar, M|100/100
|move|p1a: Rotom|Volt Switch|p2a: Gengar
|-damage|p2a: Gengar|60/100
|
|t:|1707400435
|switch|p1a: Tyranitar|Tyranitar, F|76/100|[from] Volt Switch
|-damage|p1a: Tyranitar|63/100|[from] Stealth Rock
|-damage|p1a: Tyranitar|51/100|[from] Spikes
|-weather|Sandstorm|[from] ability: Sand Stream|[of] p1a: Tyranitar
|
|-weather|Sandstorm|[upkeep]
|-damage|p2a: Gengar|54/100|[from] Sandstorm
|upkeep
|turn|10
|
|t:|1707400437
|move|p2a: Gengar|Focus Blast|p1a: Tyranitar
|-supereffective|p1a: Tyranitar
|-enditem|p1a: Tyranitar|Chople Berry|[eat]
|-enditem|p1a: Tyranitar|Chople Berry|[weaken]
|-damage|p1a: Tyranitar|0 fnt
|faint|p1a: Tyranitar
|-damage|p2a: Gengar|44/100|[from] item: Life Orb
|
|-weather|Sandstorm|[upkeep]
|-damage|p2a: Gengar|38/100|[from] Sandstorm
|upkeep
|
|t:|1707400454
|switch|p1a: Garchomp|Garchomp, F|82/100
|-damage|p1a: Garchomp|76/100|[from] Stealth Rock
|-damage|p1a: Garchomp|64/100|[from] Spikes
|turn|11
|
|t:|1707400456
|move|p1a: Garchomp|Dual Chop|p2a: Gengar
|-damage|p2a: Gengar|0 fnt
|faint|p2a: Gengar
|-hitcount|p2: Gengar|1
|
|-weather|Sandstorm|[upkeep]
|upkeep
|
|t:|1707400460
|switch|p2a: Politoed|Politoed, F|100/100
|-weather|RainDance|[from] ability: Drizzle|[of] p2a: Politoed
|turn|12
|
|t:|1707400463
|switch|p1a: Rotom|Rotom-Wash|67/100
|-damage|p1a: Rotom|54/100|[from] Stealth Rock
|switch|p2a: Shedinja|Shedinja|100/100
|
|-weather|RainDance|[upkeep]
|-heal|p1a: Rotom|61/100|[from] item: Leftovers
|upkeep
|turn|13
|
|t:|1707400469
|switch|p2a: Starmie|Starmie|100/100
|move|p1a: Rotom|Will-O-Wisp|p2a: Starmie
|-status|p2a: Starmie|brn
|
|-weather|RainDance|[upkeep]
|-heal|p1a: Rotom|67/100|[from] item: Leftovers
|-damage|p2a: Starmie|88/100 brn|[from] brn
|upkeep
|turn|14
|
|t:|1707400485
|move|p2a: Starmie|Thunder|p1a: Rotom
|-damage|p1a: Rotom|33/100
|-status|p1a: Rotom|par
|-damage|p2a: Starmie|78/100 brn|[from] item: Life Orb
|move|p1a: Rotom|Volt Switch|p2a: Starmie
|-supereffective|p2a: Starmie
|-damage|p2a: Starmie|6/100 brn
|
|t:|1707400490
|switch|p1a: Garchomp|Garchomp, F|64/100|[from] Volt Switch
|-damage|p1a: Garchomp|57/100|[from] Stealth Rock
|-damage|p1a: Garchomp|45/100|[from] Spikes
|
|-weather|RainDance|[upkeep]
|-damage|p2a: Starmie|0 fnt|[from] brn
|faint|p2a: Starmie
|upkeep
|
|t:|1707400497
|switch|p2a: Politoed|Politoed, F|100/100
|turn|15
|
|t:|1707400500
|switch|p2a: Shedinja|Shedinja|100/100
|move|p1a: Garchomp|Outrage|p2a: Shedinja
|-immune|p2a: Shedinja|[from] ability: Wonder Guard
|
|-weather|RainDance|[upkeep]
|upkeep
|turn|16
|
|t:|1707400503
|move|p1a: Garchomp|Outrage|p2a: Shedinja
|-immune|p2a: Shedinja|[from] ability: Wonder Guard
|move|p2a: Shedinja|Swords Dance|p2a: Shedinja
|-boost|p2a: Shedinja|atk|2
|
|-weather|RainDance|[upkeep]
|upkeep
|turn|17
|
|t:|1707400506
|move|p1a: Garchomp|Outrage|p2a: Shedinja
|-immune|p2a: Shedinja|[from] ability: Wonder Guard
|move|p2a: Shedinja|Swords Dance|p2a: Shedinja
|-boost|p2a: Shedinja|atk|2
|
|-weather|RainDance|[upkeep]
|upkeep
|turn|18
|
|t:|1707400510
|move|p1a: Garchomp|Outrage|p2a: Shedinja
|-immune|p2a: Shedinja|[from] ability: Wonder Guard
|move|p2a: Shedinja|Swords Dance|p2a: Shedinja
|-boost|p2a: Shedinja|atk|2
|
|-weather|RainDance|[upkeep]
|upkeep
|turn|19
|
|t:|1707400517
|switch|p1a: Rotom|Rotom-Wash|33/100 par
|-damage|p1a: Rotom|20/100 par|[from] Stealth Rock
|move|p2a: Shedinja|Swords Dance|p2a: Shedinja
|-boost|p2a: Shedinja|atk|0
|
|-weather|RainDance|[upkeep]
|-heal|p1a: Rotom|26/100 par|[from] item: Leftovers
|upkeep
|turn|20
|
|t:|1707400520
|move|p2a: Shedinja|Shadow Sneak|p1a: Rotom
|-damage|p1a: Rotom|0 fnt
|faint|p1a: Rotom
|
|-weather|RainDance|[upkeep]
|upkeep
|
|t:|1707400524
|switch|p1a: Ferrothorn|Ferrothorn, F|82/100
|-damage|p1a: Ferrothorn|75/100|[from] Stealth Rock
|-damage|p1a: Ferrothorn|63/100|[from] Spikes
|turn|21
|
|t:|1707400529
|move|p2a: Shedinja|X-Scissor|p1a: Ferrothorn
|-damage|p1a: Ferrothorn|0 fnt
|-damage|p2a: Shedinja|0 fnt|[from] ability: Iron Barbs|[of] p1a: Ferrothorn
|faint|p2a: Shedinja
|faint|p1a: Ferrothorn
|
|-weather|RainDance|[upkeep]
|upkeep
|
|t:|1707400534
|switch|p2a: Politoed|Politoed, F|100/100
|switch|p1a: Latios|Latios, M|100/100
|-damage|p1a: Latios|88/100|[from] Stealth Rock
|turn|22
|
|t:|1707400536
|move|p2a: Politoed|Ice Beam|p1a: Latios
|-supereffective|p1a: Latios
|-damage|p1a: Latios|35/100
|move|p1a: Latios|Draco Meteor|p2a: Politoed
|-crit|p2a: Politoed
|-damage|p2a: Politoed|0 fnt
|-unboost|p1a: Latios|spa|2
|faint|p2a: Politoed
|
|win|Zymen Aidi
|raw|Zymen Aidi's rating: 1335 &rarr; <strong>1358</strong><br />(+23 for winning)
|raw|testbwou's rating: 1382 &rarr; <strong>1359</strong><br />(-23 for losing)
|l|☆testbwou
|player|p2|
|l|☆Zymen Aidi
|player|p1|
