|j|☆sidis
|j|☆Yokao893
|t:|1707535292
|gametype|singles
|player|p1|sidis|iris-gen5bw2|1365
|player|p2|Yokao893|hilbert|1513
|teamsize|p1|6
|teamsize|p2|6
|gen|5
|tier|[Gen 5] OU
|rated|
|rule|Species Clause: Limit one of each Pokémon
|rule|OHKO Clause: OHKO moves are banned
|rule|Moody Clause: Moody is banned
|rule|Evasion Items Clause: Evasion items are banned
|rule|Evasion Moves Clause: Evasion moves are banned
|rule|Endless Battle Clause: Forcing endless battles is banned
|rule|HP Percentage Mod: HP is shown in percentages
|rule|Evasion Abilities Clause: Evasion abilities are banned
|rule|Sleep Moves Clause: Sleep-inducing moves are banned
|rule|Swagger Clause: Swagger is banned
|rule|Baton Pass Stat Clause: No Baton Passer may have a way to boost its stats
|clearpoke
|poke|p1|Mamoswine, F|item
|poke|p1|Gyarados, F|item
|poke|p1|Starmie|item
|poke|p1|Gengar, F|item
|poke|p1|Meloetta|item
|poke|p1|Dragonite, M|item
|poke|p2|Ninetales, F|item
|poke|p2|Xatu, M|item
|poke|p2|Darmanitan, M|item
|poke|p2|Victini|item
|poke|p2|Heatran, F|item
|poke|p2|Latios, M|item
|teampreview
|inactive|Battle timer is ON: inactive players will automatically lose when time's up. (requested by Yokao893)
|
|t:|1707535307
|start
|switch|p1a: Gengar|Gengar, F|100/100
|switch|p2a: Haru Onna|Ninetales, F|100/100
|-weather|SunnyDay|[from] ability: Drought|[of] p2a: Haru Onna
|turn|1
|
|t:|1707535309
|move|p2a: Haru Onna|Protect|p2a: Haru Onna
|-singleturn|p2a: Haru Onna|Protect
|move|p1a: Gengar|Trick|p2a: Haru Onna
|-activate|p2a: Haru Onna|move: Protect
|
|-weather|SunnyDay|[upkeep]
|upkeep
|turn|2
|
|t:|1707535313
|switch|p2a: Gorilla Tactics|Darmanitan, M|100/100
|move|p1a: Gengar|Trick|p2a: Gorilla Tactics
|-activate|p1a: Gengar|move: Trick|[of] p2a: Gorilla Tactics
|-item|p2a: Gorilla Tactics|Choice Scarf|[from] move: Trick
|-item|p1a: Gengar|Choice Band|[from] move: Trick
|
|-weather|SunnyDay|[upkeep]
|upkeep
|turn|3
|
|t:|1707535326
|move|p2a: Gorilla Tactics|Flare Blitz|p1a: Gengar
|-damage|p1a: Gengar|0 fnt
|faint|p1a: Gengar
|-damage|p2a: Gorilla Tactics|76/100|[from] Recoil
|
|-weather|SunnyDay|[upkeep]
|upkeep
|
|t:|1707535330
|switch|p1a: Mamoswine|Mamoswine, F|100/100
|turn|4
|
|t:|1707535339
|move|p2a: Gorilla Tactics|Flare Blitz|p1a: Mamoswine
|-supereffective|p1a: Mamoswine
|-enditem|p1a: Mamoswine|Focus Sash
|-damage|p1a: Mamoswine|1/100
|-damage|p2a: Gorilla Tactics|42/100|[from] Recoil
|move|p1a: Mamoswine|Earthquake|p2a: Gorilla Tactics
|-supereffective|p2a: Gorilla Tactics
|-damage|p2a: Gorilla Tactics|0 fnt
|faint|p2a: Gorilla Tactics
|
|-weather|SunnyDay|[upkeep]
|upkeep
|
|t:|1707535347
|switch|p2a: Lucky 7|Victini|100/100
|turn|5
|
|t:|1707535353
|move|p2a: Lucky 7|U-turn|p1a: Mamoswine
|-damage|p1a: Mamoswine|0 fnt
|faint|p1a: Mamoswine
|
|t:|1707535365
|switch|p2a: Haru Onna|Ninetales, F|100/100|[from] U-turn
|
|-weather|SunnyDay|[upkeep]
|upkeep
|
|t:|1707535369
|switch|p1a: Meloetta|Meloetta|100/100
|turn|6
|
|t:|1707535375
|move|p1a: Meloetta|Calm Mind|p1a: Meloetta
|-boost|p1a: Meloetta|spa|1
|-boost|p1a: Meloetta|spd|1
|move|p2a: Haru Onna|Flamethrower|p1a: Meloetta
|-damage|p1a: Meloetta|77/100
|
|-weather|SunnyDay|[upkeep]
|upkeep
|turn|7
|
|t:|1707535382
|switch|p2a: Horus|Xatu, M|100/100
|move|p1a: Meloetta|Psychic|p2a: Horus
|-resisted|p2a: Horus
|-damage|p2a: Horus|33/100
|-damage|p1a: Meloetta|67/100|[from] item: Life Orb
|
|-weather|SunnyDay|[upkeep]
|upkeep
|turn|8
|
|t:|1707535387
|move|p1a: Meloetta|Shadow Ball|p2a: Horus
|-supereffective|p2a: Horus
|-damage|p2a: Horus|0 fnt
|faint|p2a: Horus
|-damage|p1a: Meloetta|57/100|[from] item: Life Orb
|
|-weather|SunnyDay|[upkeep]
|upkeep
|
|t:|1707535389
|switch|p2a: Lucky 7|Victini|100/100
|turn|9
|
|t:|1707535398
|move|p2a: Lucky 7|V-create|p1a: Meloetta
|-damage|p1a: Meloetta|0 fnt
|-unboost|p2a: Lucky 7|spe|1
|-unboost|p2a: Lucky 7|def|1
|-unboost|p2a: Lucky 7|spd|1
|faint|p1a: Meloetta
|
|-weather|SunnyDay|[upkeep]
|upkeep
|
|t:|1707535406
|switch|p1a: Gyarados|Gyarados, F|100/100
|-ability|p1a: Gyarados|Intimidate|boost
|-unboost|p2a: Lucky 7|atk|1
|turn|10
|
|t:|1707535412
|switch|p2a: Aerosmith|Latios, M|100/100
|move|p1a: Gyarados|Dragon Dance|p1a: Gyarados
|-boost|p1a: Gyarados|atk|1
|-boost|p1a: Gyarados|spe|1
|
|-weather|SunnyDay|[upkeep]
|upkeep
|turn|11
|
|t:|1707535421
|move|p1a: Gyarados|Substitute|p1a: Gyarados
|-start|p1a: Gyarados|Substitute
|-damage|p1a: Gyarados|76/100
|move|p2a: Aerosmith|Draco Meteor|p1a: Gyarados
|-end|p1a: Gyarados|Substitute
|-unboost|p2a: Aerosmith|spa|2
|
|-weather|SunnyDay|[upkeep]
|-heal|p1a: Gyarados|82/100|[from] item: Leftovers
|upkeep
|turn|12
|
|t:|1707535425
|switch|p2a: Lucky 7|Victini|100/100
|move|p1a: Gyarados|Substitute|p1a: Gyarados
|-start|p1a: Gyarados|Substitute
|-damage|p1a: Gyarados|57/100
|
|-weather|SunnyDay|[upkeep]
|-heal|p1a: Gyarados|63/100|[from] item: Leftovers
|upkeep
|turn|13
|
|t:|1707535428
|move|p2a: Lucky 7|Bolt Strike|p1a: Gyarados
|-supereffective|p1a: Gyarados
|-end|p1a: Gyarados|Substitute
|move|p1a: Gyarados|Dragon Dance|p1a: Gyarados
|-boost|p1a: Gyarados|atk|1
|-boost|p1a: Gyarados|spe|1
|
|-weather|SunnyDay|[upkeep]
|-heal|p1a: Gyarados|69/100|[from] item: Leftovers
|upkeep
|turn|14
|
|t:|1707535433
|move|p1a: Gyarados|Bounce||[still]
|-prepare|p1a: Gyarados|Bounce
|move|p2a: Lucky 7|Bolt Strike|p1a: Gyarados|[miss]
|-miss|p2a: Lucky 7|p1a: Gyarados
|
|-weather|SunnyDay|[upkeep]
|-heal|p1a: Gyarados|76/100|[from] item: Leftovers
|upkeep
|turn|15
|
|t:|1707535438
|switch|p2a: H.O.A.B.|Heatran, F|100/100
|-item|p2a: H.O.A.B.|Air Balloon
|move|p1a: Gyarados|Bounce|p2a: H.O.A.B.|[from]lockedmove
|-resisted|p2a: H.O.A.B.
|-damage|p2a: H.O.A.B.|54/100
|-status|p2a: H.O.A.B.|par
|-enditem|p2a: H.O.A.B.|Air Balloon
|
|-weather|SunnyDay|[upkeep]
|-heal|p1a: Gyarados|82/100|[from] item: Leftovers
|upkeep
|turn|16
|
|t:|1707535442
|switch|p2a: Lucky 7|Victini|100/100
|move|p1a: Gyarados|Substitute|p1a: Gyarados
|-start|p1a: Gyarados|Substitute
|-damage|p1a: Gyarados|57/100
|
|-weather|SunnyDay|[upkeep]
|-heal|p1a: Gyarados|63/100|[from] item: Leftovers
|upkeep
|turn|17
|
|t:|1707535455
|move|p1a: Gyarados|Waterfall|p2a: Lucky 7
|-supereffective|p2a: Lucky 7
|-damage|p2a: Lucky 7|23/100
|move|p2a: Lucky 7|Bolt Strike|p1a: Gyarados
|-supereffective|p1a: Gyarados
|-crit|p1a: Gyarados
|-end|p1a: Gyarados|Substitute
|
|-weather|SunnyDay|[upkeep]
|-heal|p1a: Gyarados|69/100|[from] item: Leftovers
|upkeep
|turn|18
|
|t:|1707535460
|move|p1a: Gyarados|Waterfall|p2a: Lucky 7
|-supereffective|p2a: Lucky 7
|-damage|p2a: Lucky 7|0 fnt
|faint|p2a: Lucky 7
|
|-weather|SunnyDay|[upkeep]
|-heal|p1a: Gyarados|76/100|[from] item: Leftovers
|upkeep
|
|t:|1707535462
|switch|p2a: Aerosmith|Latios, M|100/100
|turn|19
|-message|Yokao893 forfeited.
|
|win|sidis
|raw|sidis's rating: 1365 &rarr; <strong>1393</strong><br />(+28 for winning)
|raw|Yokao893's rating: 1513 &rarr; <strong>1485</strong><br />(-28 for losing)
|l|☆Yokao893
|player|p2|
