|j|☆the great gazump
|j|☆ShadowTag980
|t:|1709152614
|gametype|singles
|player|p1|the great gazump|170|1491
|player|p2|ShadowTag980|swimmer|1445
|teamsize|p1|6
|teamsize|p2|6
|gen|5
|tier|[Gen 5] OU
|rated|
|rule|Species Clause: Limit one of each Pokémon
|rule|OHKO Clause: OHKO moves are banned
|rule|Moody Clause: Moody is banned
|rule|Evasion Items Clause: Evasion items are banned
|rule|Evasion Moves Clause: Evasion moves are banned
|rule|Endless Battle Clause: Forcing endless battles is banned
|rule|HP Percentage Mod: HP is shown in percentages
|rule|Evasion Abilities Clause: Evasion abilities are banned
|rule|Sleep Moves Clause: Sleep-inducing moves are banned
|rule|Swagger Clause: Swagger is banned
|rule|Baton Pass Stat Clause: No Baton Passer may have a way to boost its stats
|clearpoke
|poke|p1|Abomasnow, F|item
|poke|p1|Gliscor, F|item
|poke|p1|Blissey, F|item
|poke|p1|Forretress, M|item
|poke|p1|Reuniclus, M|item
|poke|p1|Latios, M|item
|poke|p2|Hippowdon, M|item
|poke|p2|Jellicent, M|item
|poke|p2|Skarmory, F|item
|poke|p2|Celebi|item
|poke|p2|Tyranitar, F|item
|poke|p2|Tentacruel, F|item
|teampreview
|
|t:|1709152624
|start
|switch|p1a: Abomasnow|Abomasnow, F|100/100
|switch|p2a: Jellicent|Jellicent, M|100/100
|-weather|Hail|[from] ability: Snow Warning|[of] p1a: Abomasnow
|turn|1
|inactive|Battle timer is ON: inactive players will automatically lose when time's up. (requested by ShadowTag980)
|
|t:|1709152644
|switch|p2a: Skarmory|Skarmory, F|100/100
|move|p1a: Abomasnow|Leech Seed|p2a: Skarmory
|-start|p2a: Skarmory|move: Leech Seed
|
|-weather|Hail|[upkeep]
|-damage|p2a: Skarmory|94/100|[from] Hail
|-heal|p2a: Skarmory|100/100|[from] item: Leftovers
|-damage|p2a: Skarmory|88/100|[from] Leech Seed|[of] p1a: Abomasnow
|upkeep
|turn|2
|
|t:|1709152648
|move|p2a: Skarmory|Spikes|p1a: Abomasnow
|-sidestart|p1: the great gazump|Spikes
|move|p1a: Abomasnow|Blizzard|p2a: Skarmory
|-damage|p2a: Skarmory|20/100
|
|-weather|Hail|[upkeep]
|-damage|p2a: Skarmory|14/100|[from] Hail
|-heal|p2a: Skarmory|20/100|[from] item: Leftovers
|-damage|p2a: Skarmory|8/100|[from] Leech Seed|[of] p1a: Abomasnow
|upkeep
|turn|3
|
|t:|1709152655
|switch|p2a: Tyranitar|Tyranitar, F|100/100
|-weather|Sandstorm|[from] ability: Sand Stream|[of] p2a: Tyranitar
|move|p1a: Abomasnow|Ice Shard|p2a: Tyranitar
|-damage|p2a: Tyranitar|88/100
|
|-weather|Sandstorm|[upkeep]
|-damage|p1a: Abomasnow|94/100|[from] Sandstorm
|-heal|p1a: Abomasnow|100/100|[from] item: Leftovers
|upkeep
|turn|4
|
|t:|1709152659
|-activate|p1a: Abomasnow|move: Pursuit
|move|p2a: Tyranitar|Pursuit|p1a: Abomasnow|[from]Pursuit
|-damage|p1a: Abomasnow|56/100
|switch|p1a: Gliscor|Gliscor, F|100/100
|
|-weather|Sandstorm|[upkeep]
|-status|p1a: Gliscor|tox|[from] item: Toxic Orb
|upkeep
|turn|5
|
|t:|1709152666
|switch|p2a: Skarmory|Skarmory, F|8/100
|move|p1a: Gliscor|Stealth Rock|p2a: Skarmory
|-sidestart|p2: ShadowTag980|move: Stealth Rock
|
|-weather|Sandstorm|[upkeep]
|-heal|p2a: Skarmory|14/100|[from] item: Leftovers
|upkeep
|turn|6
|
|t:|1709152681
|move|p1a: Gliscor|Knock Off|p2a: Skarmory
|-resisted|p2a: Skarmory
|-damage|p2a: Skarmory|13/100
|-enditem|p2a: Skarmory|Leftovers|[from] move: Knock Off|[of] p1a: Gliscor
|move|p2a: Skarmory|Roost|p2a: Skarmory
|-heal|p2a: Skarmory|63/100
|-singleturn|p2a: Skarmory|move: Roost
|
|-weather|Sandstorm|[upkeep]
|upkeep
|turn|7
|
|t:|1709152684
|switch|p1a: Forretress|Forretress, M|100/100
|-damage|p1a: Forretress|88/100|[from] Spikes
|move|p2a: Skarmory|Roost|p2a: Skarmory
|-heal|p2a: Skarmory|100/100
|-singleturn|p2a: Skarmory|move: Roost
|
|-weather|Sandstorm|[upkeep]
|-heal|p1a: Forretress|94/100|[from] item: Leftovers
|upkeep
|turn|8
|
|t:|1709152696
|switch|p2a: Tentacruel|Tentacruel, F|100/100
|-damage|p2a: Tentacruel|88/100|[from] Stealth Rock
|move|p1a: Forretress|Spikes|p2a: Tentacruel
|-sidestart|p2: ShadowTag980|Spikes
|
|-weather|Sandstorm|[upkeep]
|-damage|p2a: Tentacruel|82/100|[from] Sandstorm
|-heal|p2a: Tentacruel|88/100|[from] item: Black Sludge
|-heal|p1a: Forretress|100/100|[from] item: Leftovers
|upkeep
|turn|9
|
|t:|1709152700
|move|p2a: Tentacruel|Rapid Spin|p1a: Forretress
|-resisted|p1a: Forretress
|-damage|p1a: Forretress|99/100
|-sideend|p2: ShadowTag980|Spikes|[from] move: Rapid Spin|[of] p2a: Tentacruel
|-sideend|p2: ShadowTag980|Stealth Rock|[from] move: Rapid Spin|[of] p2a: Tentacruel
|move|p1a: Forretress|Earthquake|p2a: Tentacruel
|-supereffective|p2a: Tentacruel
|-damage|p2a: Tentacruel|34/100
|
|-weather|Sandstorm|[upkeep]
|-damage|p2a: Tentacruel|28/100|[from] Sandstorm
|-heal|p2a: Tentacruel|34/100|[from] item: Black Sludge
|-heal|p1a: Forretress|100/100|[from] item: Leftovers
|upkeep
|turn|10
|
|t:|1709152723
|switch|p2a: Jellicent|Jellicent, M|100/100
|move|p1a: Forretress|Spikes|p2a: Jellicent
|-sidestart|p2: ShadowTag980|Spikes
|
|-weather|Sandstorm|[upkeep]
|-damage|p2a: Jellicent|94/100|[from] Sandstorm
|-heal|p2a: Jellicent|100/100|[from] item: Leftovers
|upkeep
|turn|11
|
|t:|1709152730
|switch|p1a: Gliscor|Gliscor, F|100/100 tox
|move|p2a: Jellicent|Taunt|p1a: Gliscor
|-start|p1a: Gliscor|move: Taunt
|
|-weather|Sandstorm|[upkeep]
|-damage|p2a: Jellicent|94/100|[from] Sandstorm
|-heal|p2a: Jellicent|100/100|[from] item: Leftovers
|upkeep
|turn|12
|
|t:|1709152739
|switch|p2a: Skarmory|Skarmory, F|100/100
|move|p1a: Gliscor|Knock Off|p2a: Skarmory
|-resisted|p2a: Skarmory
|-damage|p2a: Skarmory|99/100
|
|-weather|Sandstorm|[upkeep]
|upkeep
|turn|13
|
|t:|1709152744
|switch|p1a: Latios|Latios, M|100/100
|move|p2a: Skarmory|Spikes|p1a: Latios
|-sidestart|p1: the great gazump|Spikes
|
|-weather|Sandstorm|[upkeep]
|-damage|p1a: Latios|95/100|[from] Sandstorm
|upkeep
|turn|14
|
|t:|1709152749
|switch|p2a: Tyranitar|Tyranitar, F|88/100
|-damage|p2a: Tyranitar|76/100|[from] Spikes
|move|p1a: Latios|Thunder Wave|p2a: Tyranitar
|-status|p2a: Tyranitar|par
|
|-weather|Sandstorm|[upkeep]
|-damage|p1a: Latios|89/100|[from] Sandstorm
|upkeep
|turn|15
|
|t:|1709152753
|-activate|p1a: Latios|move: Pursuit
|move|p2a: Tyranitar|Pursuit|p1a: Latios|[from]Pursuit
|-supereffective|p1a: Latios
|-enditem|p1a: Latios|Colbur Berry|[eat]
|-enditem|p1a: Latios|Colbur Berry|[weaken]
|-damage|p1a: Latios|36/100
|switch|p1a: Gliscor|Gliscor, F|100/100 tox
|
|-weather|Sandstorm|[upkeep]
|upkeep
|turn|16
|
|t:|1709152759
|switch|p1a: Forretress|Forretress, M|100/100
|-damage|p1a: Forretress|84/100|[from] Spikes
|switch|p2a: Skarmory|Skarmory, F|99/100
|
|-weather|Sandstorm|[upkeep]
|-heal|p1a: Forretress|90/100|[from] item: Leftovers
|upkeep
|turn|17
|
|t:|1709152762
|move|p2a: Skarmory|Spikes|p1a: Forretress
|-sidestart|p1: the great gazump|Spikes
|move|p1a: Forretress|Spikes|p2a: Skarmory
|-sidestart|p2: ShadowTag980|Spikes
|
|-weather|Sandstorm|[upkeep]
|-heal|p1a: Forretress|96/100|[from] item: Leftovers
|upkeep
|turn|18
|
|t:|1709152768
|switch|p2a: Jellicent|Jellicent, M|100/100
|-damage|p2a: Jellicent|84/100|[from] Spikes
|move|p1a: Forretress|Earthquake|p2a: Jellicent
|-damage|p2a: Jellicent|65/100
|
|-weather|Sandstorm|[upkeep]
|-damage|p2a: Jellicent|59/100|[from] Sandstorm
|-heal|p2a: Jellicent|65/100|[from] item: Leftovers
|-heal|p1a: Forretress|100/100|[from] item: Leftovers
|upkeep
|turn|19
|
|t:|1709152778
|switch|p1a: Gliscor|Gliscor, F|100/100 tox
|move|p2a: Jellicent|Night Shade|p1a: Gliscor
|-damage|p1a: Gliscor|72/100 tox
|
|-weather|Sandstorm|[upkeep]
|-damage|p2a: Jellicent|59/100|[from] Sandstorm
|-heal|p2a: Jellicent|65/100|[from] item: Leftovers
|-heal|p1a: Gliscor|85/100 tox|[from] ability: Poison Heal
|upkeep
|turn|20
|
|t:|1709152784
|switch|p2a: Skarmory|Skarmory, F|99/100
|move|p1a: Gliscor|Earthquake|p2a: Skarmory
|-immune|p2a: Skarmory
|
|-weather|Sandstorm|[upkeep]
|-heal|p1a: Gliscor|97/100 tox|[from] ability: Poison Heal
|upkeep
|turn|21
|
|t:|1709152797
|move|p1a: Gliscor|Stealth Rock|p2a: Skarmory
|-sidestart|p2: ShadowTag980|move: Stealth Rock
|move|p2a: Skarmory|Whirlwind|p1a: Gliscor
|drag|p1a: Reuniclus|Reuniclus, M|100/100
|
|-weather|Sandstorm|[upkeep]
|upkeep
|turn|22
|
|t:|1709152802
|switch|p2a: Celebi|Celebi|100/100
|-damage|p2a: Celebi|84/100|[from] Spikes
|-damage|p2a: Celebi|72/100|[from] Stealth Rock
|move|p1a: Reuniclus|Calm Mind|p1a: Reuniclus
|-boost|p1a: Reuniclus|spa|1
|-boost|p1a: Reuniclus|spd|1
|
|-weather|Sandstorm|[upkeep]
|-damage|p2a: Celebi|65/100|[from] Sandstorm
|-heal|p2a: Celebi|72/100|[from] item: Leftovers
|upkeep
|turn|23
|
|t:|1709152806
|move|p2a: Celebi|Perish Song|p2a: Celebi
|-start|p1a: Reuniclus|perish3|[silent]
|-start|p2a: Celebi|perish3|[silent]
|-fieldactivate|move: Perish Song
|move|p1a: Reuniclus|Calm Mind|p1a: Reuniclus
|-boost|p1a: Reuniclus|spa|1
|-boost|p1a: Reuniclus|spd|1
|
|-weather|Sandstorm|[upkeep]
|-damage|p2a: Celebi|65/100|[from] Sandstorm
|-heal|p2a: Celebi|72/100|[from] item: Leftovers
|-start|p2a: Celebi|perish3
|-start|p1a: Reuniclus|perish3
|upkeep
|turn|24
|
|t:|1709152813
|move|p2a: Celebi|Giga Drain|p1a: Reuniclus
|-damage|p1a: Reuniclus|88/100
|-heal|p2a: Celebi|78/100|[from] drain|[of] p1a: Reuniclus
|move|p1a: Reuniclus|Psyshock|p2a: Celebi
|-resisted|p2a: Celebi
|-damage|p2a: Celebi|51/100
|
|-weather|Sandstorm|[upkeep]
|-damage|p2a: Celebi|45/100|[from] Sandstorm
|-heal|p2a: Celebi|51/100|[from] item: Leftovers
|-heal|p1a: Reuniclus|94/100|[from] item: Leftovers
|-start|p2a: Celebi|perish2
|-start|p1a: Reuniclus|perish2
|upkeep
|turn|25
|
|t:|1709152823
|switch|p1a: Blissey|Blissey, F|100/100
|-damage|p1a: Blissey|76/100|[from] Spikes
|move|p2a: Celebi|Recover|p2a: Celebi
|-heal|p2a: Celebi|100/100
|
|-weather|Sandstorm|[upkeep]
|-damage|p2a: Celebi|94/100|[from] Sandstorm
|-damage|p1a: Blissey|69/100|[from] Sandstorm
|-heal|p2a: Celebi|100/100|[from] item: Leftovers
|-heal|p1a: Blissey|76/100|[from] item: Leftovers
|-start|p2a: Celebi|perish1
|upkeep
|turn|26
|
|t:|1709152832
|move|p2a: Celebi|Baton Pass|p2a: Celebi
|
|t:|1709152835
|switch|p2a: Tentacruel|Tentacruel, F|34/100|[from] Baton Pass
|-damage|p2a: Tentacruel|17/100|[from] Spikes
|-damage|p2a: Tentacruel|5/100|[from] Stealth Rock
|move|p1a: Blissey|Wish|p1a: Blissey
|
|-weather|Sandstorm|[upkeep]
|-damage|p2a: Tentacruel|0 fnt|[from] Sandstorm
|-damage|p1a: Blissey|69/100|[from] Sandstorm
|faint|p2a: Tentacruel
|-heal|p1a: Blissey|76/100|[from] item: Leftovers
|upkeep
|
|t:|1709152848
|switch|p2a: Jellicent|Jellicent, M|65/100
|-damage|p2a: Jellicent|49/100|[from] Spikes
|-damage|p2a: Jellicent|36/100|[from] Stealth Rock
|turn|27
|
|t:|1709152855
|move|p2a: Jellicent|Recover|p2a: Jellicent
|-heal|p2a: Jellicent|86/100
|move|p1a: Blissey|Thunder Wave|p2a: Jellicent
|-status|p2a: Jellicent|par
|
|-weather|Sandstorm|[upkeep]
|-damage|p1a: Blissey|69/100|[from] Sandstorm
|-damage|p2a: Jellicent|80/100 par|[from] Sandstorm
|-heal|p1a: Blissey|100/100|[from] move: Wish|[wisher] Blissey
|-heal|p2a: Jellicent|86/100 par|[from] item: Leftovers
|upkeep
|turn|28
|
|t:|1709152865
|switch|p2a: Hippowdon|Hippowdon, M|100/100
|-damage|p2a: Hippowdon|84/100|[from] Spikes
|-damage|p2a: Hippowdon|78/100|[from] Stealth Rock
|move|p1a: Blissey|Wish|p1a: Blissey
|
|-weather|Sandstorm|[upkeep]
|-damage|p1a: Blissey|94/100|[from] Sandstorm
|-heal|p1a: Blissey|100/100|[from] item: Leftovers
|-heal|p2a: Hippowdon|84/100|[from] item: Leftovers
|upkeep
|turn|29
|
|t:|1709152874
|switch|p1a: Forretress|Forretress, M|100/100
|-damage|p1a: Forretress|76/100|[from] Spikes
|move|p2a: Hippowdon|Whirlwind|p1a: Forretress
|drag|p1a: Abomasnow|Abomasnow, F|56/100
|-damage|p1a: Abomasnow|31/100|[from] Spikes
|-weather|Hail|[from] ability: Snow Warning|[of] p1a: Abomasnow
|
|-weather|Hail|[upkeep]
|-damage|p2a: Hippowdon|78/100|[from] Hail
|-heal|p1a: Abomasnow|100/100|[from] move: Wish|[wisher] Blissey
|-heal|p2a: Hippowdon|84/100|[from] item: Leftovers
|upkeep
|turn|30
|
|t:|1709152893
|switch|p2a: Tyranitar|Tyranitar, F|76/100 par
|-damage|p2a: Tyranitar|59/100 par|[from] Spikes
|-damage|p2a: Tyranitar|47/100 par|[from] Stealth Rock
|-weather|Sandstorm|[from] ability: Sand Stream|[of] p2a: Tyranitar
|move|p1a: Abomasnow|Leech Seed|p2a: Tyranitar
|-start|p2a: Tyranitar|move: Leech Seed
|
|-weather|Sandstorm|[upkeep]
|-damage|p1a: Abomasnow|94/100|[from] Sandstorm
|-heal|p1a: Abomasnow|100/100|[from] item: Leftovers
|-damage|p2a: Tyranitar|35/100 par|[from] Leech Seed|[of] p1a: Abomasnow
|upkeep
|turn|31
|
|t:|1709152898
|move|p1a: Abomasnow|Protect|p1a: Abomasnow
|-singleturn|p1a: Abomasnow|Protect
|move|p2a: Tyranitar|Pursuit|p1a: Abomasnow
|-activate|p1a: Abomasnow|move: Protect
|
|-weather|Sandstorm|[upkeep]
|-damage|p1a: Abomasnow|94/100|[from] Sandstorm
|-heal|p1a: Abomasnow|100/100|[from] item: Leftovers
|-damage|p2a: Tyranitar|22/100 par|[from] Leech Seed|[of] p1a: Abomasnow
|upkeep
|turn|32
|
|t:|1709152903
|move|p1a: Abomasnow|Blizzard|p2a: Tyranitar|[miss]
|-miss|p1a: Abomasnow|p2a: Tyranitar
|cant|p2a: Tyranitar|par
|
|-weather|Sandstorm|[upkeep]
|-damage|p1a: Abomasnow|94/100|[from] Sandstorm
|-heal|p1a: Abomasnow|100/100|[from] item: Leftovers
|-damage|p2a: Tyranitar|10/100 par|[from] Leech Seed|[of] p1a: Abomasnow
|upkeep
|turn|33
|
|t:|1709152910
|move|p1a: Abomasnow|Protect|p1a: Abomasnow
|-singleturn|p1a: Abomasnow|Protect
|move|p2a: Tyranitar|Pursuit|p1a: Abomasnow
|-activate|p1a: Abomasnow|move: Protect
|
|-weather|Sandstorm|[upkeep]
|-damage|p1a: Abomasnow|94/100|[from] Sandstorm
|-heal|p1a: Abomasnow|100/100|[from] item: Leftovers
|-damage|p2a: Tyranitar|0 fnt|[from] Leech Seed|[of] p1a: Abomasnow
|faint|p2a: Tyranitar
|upkeep
|
|t:|1709152917
|switch|p2a: Skarmory|Skarmory, F|99/100
|-damage|p2a: Skarmory|87/100|[from] Stealth Rock
|turn|34
|
|t:|1709152929
|switch|p1a: Reuniclus|Reuniclus, M|94/100
|move|p2a: Skarmory|Whirlwind|p1a: Reuniclus
|drag|p1a: Blissey|Blissey, F|100/100
|-damage|p1a: Blissey|76/100|[from] Spikes
|
|-weather|Sandstorm|[upkeep]
|-damage|p1a: Blissey|69/100|[from] Sandstorm
|-heal|p1a: Blissey|76/100|[from] item: Leftovers
|upkeep
|turn|35
|
|t:|1709152934
|switch|p2a: Hippowdon|Hippowdon, M|84/100
|-damage|p2a: Hippowdon|67/100|[from] Spikes
|-damage|p2a: Hippowdon|61/100|[from] Stealth Rock
|move|p1a: Blissey|Thunder Wave|p2a: Hippowdon
|-immune|p2a: Hippowdon
|
|-weather|Sandstorm|[upkeep]
|-damage|p1a: Blissey|69/100|[from] Sandstorm
|-heal|p1a: Blissey|76/100|[from] item: Leftovers
|-heal|p2a: Hippowdon|67/100|[from] item: Leftovers
|upkeep
|turn|36
|
|t:|1709152938
|switch|p1a: Gliscor|Gliscor, F|97/100 tox
|move|p2a: Hippowdon|Stealth Rock|p1a: Gliscor
|-sidestart|p1: the great gazump|move: Stealth Rock
|
|-weather|Sandstorm|[upkeep]
|-heal|p2a: Hippowdon|73/100|[from] item: Leftovers
|-heal|p1a: Gliscor|100/100 tox|[from] ability: Poison Heal
|upkeep
|turn|37
|
|t:|1709152943
|switch|p2a: Skarmory|Skarmory, F|87/100
|-damage|p2a: Skarmory|75/100|[from] Stealth Rock
|move|p1a: Gliscor|Knock Off|p2a: Skarmory
|-resisted|p2a: Skarmory
|-damage|p2a: Skarmory|73/100
|
|-weather|Sandstorm|[upkeep]
|upkeep
|turn|38
|
|t:|1709152949
|move|p1a: Gliscor|Stealth Rock||[still]
|-fail|p1a: Gliscor
|move|p2a: Skarmory|Brave Bird|p1a: Gliscor
|-damage|p1a: Gliscor|71/100 tox
|-damage|p2a: Skarmory|63/100|[from] Recoil
|
|-weather|Sandstorm|[upkeep]
|-heal|p1a: Gliscor|84/100 tox|[from] ability: Poison Heal
|upkeep
|turn|39
|
|t:|1709152953
|move|p1a: Gliscor|Knock Off|p2a: Skarmory
|-resisted|p2a: Skarmory
|-damage|p2a: Skarmory|62/100
|move|p2a: Skarmory|Spikes||[still]
|-fail|p2a: Skarmory
|
|-weather|Sandstorm|[upkeep]
|-heal|p1a: Gliscor|96/100 tox|[from] ability: Poison Heal
|upkeep
|turn|40
|
|t:|1709152956
|move|p1a: Gliscor|Knock Off|p2a: Skarmory
|-resisted|p2a: Skarmory
|-damage|p2a: Skarmory|60/100
|move|p2a: Skarmory|Roost|p2a: Skarmory
|-heal|p2a: Skarmory|100/100
|-singleturn|p2a: Skarmory|move: Roost
|
|-weather|Sandstorm|[upkeep]
|-heal|p1a: Gliscor|100/100 tox|[from] ability: Poison Heal
|upkeep
|turn|41
|
|t:|1709152958
|move|p1a: Gliscor|Knock Off|p2a: Skarmory
|-resisted|p2a: Skarmory
|-damage|p2a: Skarmory|99/100
|move|p2a: Skarmory|Spikes||[still]
|-fail|p2a: Skarmory
|
|-weather|Sandstorm|[upkeep]
|upkeep
|turn|42
|
|t:|1709152960
|move|p1a: Gliscor|Knock Off|p2a: Skarmory
|-resisted|p2a: Skarmory
|-damage|p2a: Skarmory|98/100
|move|p2a: Skarmory|Spikes||[still]
|-fail|p2a: Skarmory
|
|-weather|Sandstorm|[upkeep]
|upkeep
|turn|43
|
|t:|1709152962
|move|p1a: Gliscor|Knock Off|p2a: Skarmory
|-resisted|p2a: Skarmory
|-damage|p2a: Skarmory|97/100
|move|p2a: Skarmory|Spikes||[still]
|-fail|p2a: Skarmory
|
|-weather|Sandstorm|[upkeep]
|upkeep
|turn|44
|
|t:|1709152964
|move|p1a: Gliscor|Stealth Rock||[still]
|-fail|p1a: Gliscor
|move|p2a: Skarmory|Whirlwind|p1a: Gliscor
|drag|p1a: Forretress|Forretress, M|76/100
|-damage|p1a: Forretress|51/100|[from] Spikes
|-damage|p1a: Forretress|38/100|[from] Stealth Rock
|
|-weather|Sandstorm|[upkeep]
|-heal|p1a: Forretress|45/100|[from] item: Leftovers
|upkeep
|turn|45
|
|t:|1709152969
|move|p2a: Skarmory|Brave Bird|p1a: Forretress
|-crit|p1a: Forretress
|-damage|p1a: Forretress|5/100
|-damage|p2a: Skarmory|82/100|[from] Recoil
|move|p1a: Forretress|Earthquake|p2a: Skarmory
|-immune|p2a: Skarmory
|
|-weather|Sandstorm|[upkeep]
|-heal|p1a: Forretress|11/100|[from] item: Leftovers
|upkeep
|turn|46
|
|t:|1709152992
|move|p2a: Skarmory|Brave Bird|p1a: Forretress
|-damage|p1a: Forretress|0 fnt
|faint|p1a: Forretress
|-damage|p2a: Skarmory|78/100|[from] Recoil
|
|-weather|Sandstorm|[upkeep]
|upkeep
|
|t:|1709152996
|switch|p1a: Latios|Latios, M|36/100
|-damage|p1a: Latios|24/100|[from] Stealth Rock
|turn|47
|
|t:|1709153013
|move|p1a: Latios|Thunder Wave|p2a: Skarmory
|-status|p2a: Skarmory|par
|move|p2a: Skarmory|Brave Bird|p1a: Latios
|-damage|p1a: Latios|0 fnt
|faint|p1a: Latios
|-damage|p2a: Skarmory|71/100 par|[from] Recoil
|
|-weather|Sandstorm|[upkeep]
|upkeep
|
|t:|1709153017
|switch|p1a: Abomasnow|Abomasnow, F|100/100
|-damage|p1a: Abomasnow|76/100|[from] Spikes
|-damage|p1a: Abomasnow|51/100|[from] Stealth Rock
|-weather|Hail|[from] ability: Snow Warning|[of] p1a: Abomasnow
|turn|48
|
|t:|1709153023
|move|p1a: Abomasnow|Blizzard|p2a: Skarmory
|-damage|p2a: Skarmory|5/100 par
|move|p2a: Skarmory|Brave Bird|p1a: Abomasnow
|-supereffective|p1a: Abomasnow
|-damage|p1a: Abomasnow|0 fnt
|faint|p1a: Abomasnow
|-damage|p2a: Skarmory|0 fnt|[from] Recoil
|faint|p2a: Skarmory
|
|-weather|Hail|[upkeep]
|upkeep
|
|t:|1709153035
|switch|p2a: Jellicent|Jellicent, M|86/100 par
|switch|p1a: Gliscor|Gliscor, F|100/100 tox
|-damage|p1a: Gliscor|88/100 tox|[from] Stealth Rock
|-damage|p2a: Jellicent|70/100 par|[from] Spikes
|-damage|p2a: Jellicent|57/100 par|[from] Stealth Rock
|turn|49
|
|t:|1709153045
|move|p1a: Gliscor|Earthquake|p2a: Jellicent
|-damage|p2a: Jellicent|31/100 par
|move|p2a: Jellicent|Recover|p2a: Jellicent
|-heal|p2a: Jellicent|81/100 par
|
|-weather|Hail|[upkeep]
|-damage|p1a: Gliscor|82/100 tox|[from] Hail
|-damage|p2a: Jellicent|75/100 par|[from] Hail
|-heal|p2a: Jellicent|81/100 par|[from] item: Leftovers
|-heal|p1a: Gliscor|94/100 tox|[from] ability: Poison Heal
|upkeep
|turn|50
|
|t:|1709153049
|move|p1a: Gliscor|Knock Off|p2a: Jellicent
|-supereffective|p2a: Jellicent
|-damage|p2a: Jellicent|73/100 par
|-enditem|p2a: Jellicent|Leftovers|[from] move: Knock Off|[of] p1a: Gliscor
|move|p2a: Jellicent|Recover|p2a: Jellicent
|-heal|p2a: Jellicent|100/100 par
|
|-weather|Hail|[upkeep]
|-damage|p1a: Gliscor|88/100 tox|[from] Hail
|-damage|p2a: Jellicent|94/100 par|[from] Hail
|-heal|p1a: Gliscor|100/100 tox|[from] ability: Poison Heal
|upkeep
|turn|51
|
|t:|1709153062
|move|p1a: Gliscor|Earthquake|p2a: Jellicent
|-damage|p2a: Jellicent|65/100 par
|move|p2a: Jellicent|Taunt|p1a: Gliscor
|-start|p1a: Gliscor|move: Taunt
|
|-weather|Hail|[upkeep]
|-damage|p1a: Gliscor|94/100 tox|[from] Hail
|-damage|p2a: Jellicent|59/100 par|[from] Hail
|-heal|p1a: Gliscor|100/100 tox|[from] ability: Poison Heal
|upkeep
|turn|52
|
|t:|1709153066
|move|p1a: Gliscor|Earthquake|p2a: Jellicent
|-crit|p2a: Jellicent
|-damage|p2a: Jellicent|5/100 par
|move|p2a: Jellicent|Recover|p2a: Jellicent
|-heal|p2a: Jellicent|55/100 par
|
|-weather|Hail|[upkeep]
|-damage|p1a: Gliscor|94/100 tox|[from] Hail
|-damage|p2a: Jellicent|49/100 par|[from] Hail
|-heal|p1a: Gliscor|100/100 tox|[from] ability: Poison Heal
|upkeep
|turn|53
|
|t:|1709153069
|move|p1a: Gliscor|Earthquake|p2a: Jellicent
|-damage|p2a: Jellicent|20/100 par
|move|p2a: Jellicent|Recover|p2a: Jellicent
|-heal|p2a: Jellicent|70/100 par
|
|-weather|Hail|[upkeep]
|-damage|p1a: Gliscor|94/100 tox|[from] Hail
|-damage|p2a: Jellicent|64/100 par|[from] Hail
|-heal|p1a: Gliscor|100/100 tox|[from] ability: Poison Heal
|upkeep
|turn|54
|
|t:|1709153071
|move|p1a: Gliscor|Earthquake|p2a: Jellicent
|-damage|p2a: Jellicent|39/100 par
|move|p2a: Jellicent|Recover|p2a: Jellicent
|-heal|p2a: Jellicent|89/100 par
|
|-weather|Hail|[upkeep]
|-damage|p1a: Gliscor|94/100 tox|[from] Hail
|-damage|p2a: Jellicent|83/100 par|[from] Hail
|-heal|p1a: Gliscor|100/100 tox|[from] ability: Poison Heal
|-end|p1a: Gliscor|move: Taunt
|upkeep
|turn|55
|
|t:|1709153075
|switch|p2a: Celebi|Celebi|100/100
|-damage|p2a: Celebi|84/100|[from] Spikes
|-damage|p2a: Celebi|72/100|[from] Stealth Rock
|move|p1a: Gliscor|Knock Off|p2a: Celebi
|-supereffective|p2a: Celebi
|-damage|p2a: Celebi|64/100
|-enditem|p2a: Celebi|Leftovers|[from] move: Knock Off|[of] p1a: Gliscor
|
|-weather|Hail|[upkeep]
|-damage|p1a: Gliscor|94/100 tox|[from] Hail
|-damage|p2a: Celebi|58/100|[from] Hail
|-heal|p1a: Gliscor|100/100 tox|[from] ability: Poison Heal
|upkeep
|turn|56
|
|t:|1709153079
|move|p1a: Gliscor|Knock Off|p2a: Celebi
|-supereffective|p2a: Celebi
|-damage|p2a: Celebi|50/100
|move|p2a: Celebi|Recover|p2a: Celebi
|-heal|p2a: Celebi|99/100
|
|-weather|Hail|[upkeep]
|-damage|p1a: Gliscor|94/100 tox|[from] Hail
|-damage|p2a: Celebi|93/100|[from] Hail
|-heal|p1a: Gliscor|100/100 tox|[from] ability: Poison Heal
|upkeep
|turn|57
|
|t:|1709153084
|move|p1a: Gliscor|Knock Off|p2a: Celebi
|-supereffective|p2a: Celebi
|-damage|p2a: Celebi|84/100
|move|p2a: Celebi|Giga Drain|p1a: Gliscor
|-damage|p1a: Gliscor|72/100 tox
|-heal|p2a: Celebi|97/100|[from] drain|[of] p1a: Gliscor
|
|-weather|Hail|[upkeep]
|-damage|p1a: Gliscor|65/100 tox|[from] Hail
|-damage|p2a: Celebi|91/100|[from] Hail
|-heal|p1a: Gliscor|78/100 tox|[from] ability: Poison Heal
|upkeep
|turn|58
|
|t:|1709153088
|switch|p1a: Blissey|Blissey, F|76/100
|-damage|p1a: Blissey|51/100|[from] Spikes
|-damage|p1a: Blissey|38/100|[from] Stealth Rock
|move|p2a: Celebi|Giga Drain|p1a: Blissey
|-damage|p1a: Blissey|29/100
|-heal|p2a: Celebi|99/100|[from] drain|[of] p1a: Blissey
|
|-weather|Hail|[upkeep]
|-damage|p2a: Celebi|93/100|[from] Hail
|-damage|p1a: Blissey|23/100|[from] Hail
|-heal|p1a: Blissey|29/100|[from] item: Leftovers
|upkeep
|turn|59
|
|t:|1709153095
|move|p2a: Celebi|Baton Pass|p2a: Celebi
|
|t:|1709153096
|switch|p2a: Hippowdon|Hippowdon, M|73/100|[from] Baton Pass
|-damage|p2a: Hippowdon|57/100|[from] Spikes
|-damage|p2a: Hippowdon|50/100|[from] Stealth Rock
|-weather|Sandstorm|[from] ability: Sand Stream|[of] p2a: Hippowdon
|move|p1a: Blissey|Soft-Boiled|p1a: Blissey
|-heal|p1a: Blissey|79/100
|
|-weather|Sandstorm|[upkeep]
|-damage|p1a: Blissey|73/100|[from] Sandstorm
|-heal|p1a: Blissey|79/100|[from] item: Leftovers
|-heal|p2a: Hippowdon|57/100|[from] item: Leftovers
|upkeep
|turn|60
|
|t:|1709153103
|switch|p1a: Gliscor|Gliscor, F|78/100 tox
|-damage|p1a: Gliscor|65/100 tox|[from] Stealth Rock
|move|p2a: Hippowdon|Slack Off|p2a: Hippowdon
|-heal|p2a: Hippowdon|100/100
|
|-weather|Sandstorm|[upkeep]
|-heal|p1a: Gliscor|78/100 tox|[from] ability: Poison Heal
|upkeep
|turn|61
|
|t:|1709153114
|switch|p2a: Celebi|Celebi|93/100
|-damage|p2a: Celebi|76/100|[from] Spikes
|-damage|p2a: Celebi|64/100|[from] Stealth Rock
|move|p1a: Gliscor|Knock Off|p2a: Celebi
|-supereffective|p2a: Celebi
|-crit|p2a: Celebi
|-damage|p2a: Celebi|48/100
|
|-weather|Sandstorm|[upkeep]
|-damage|p2a: Celebi|42/100|[from] Sandstorm
|-heal|p1a: Gliscor|90/100 tox|[from] ability: Poison Heal
|upkeep
|turn|62
|
|t:|1709153119
|switch|p1a: Blissey|Blissey, F|79/100
|-damage|p1a: Blissey|54/100|[from] Spikes
|-damage|p1a: Blissey|42/100|[from] Stealth Rock
|move|p2a: Celebi|Recover|p2a: Celebi
|-heal|p2a: Celebi|92/100
|
|-weather|Sandstorm|[upkeep]
|-damage|p2a: Celebi|86/100|[from] Sandstorm
|-damage|p1a: Blissey|36/100|[from] Sandstorm
|-heal|p1a: Blissey|42/100|[from] item: Leftovers
|upkeep
|turn|63
|
|t:|1709153125
|move|p2a: Celebi|Baton Pass|p2a: Celebi
|
|t:|1709153126
|switch|p2a: Hippowdon|Hippowdon, M|100/100|[from] Baton Pass
|-damage|p2a: Hippowdon|84/100|[from] Spikes
|-damage|p2a: Hippowdon|78/100|[from] Stealth Rock
|move|p1a: Blissey|Soft-Boiled|p1a: Blissey
|-heal|p1a: Blissey|92/100
|
|-weather|Sandstorm|[upkeep]
|-damage|p1a: Blissey|86/100|[from] Sandstorm
|-heal|p1a: Blissey|92/100|[from] item: Leftovers
|-heal|p2a: Hippowdon|84/100|[from] item: Leftovers
|upkeep
|turn|64
|
|t:|1709153130
|switch|p1a: Gliscor|Gliscor, F|90/100 tox
|-damage|p1a: Gliscor|78/100 tox|[from] Stealth Rock
|move|p2a: Hippowdon|Whirlwind|p1a: Gliscor
|drag|p1a: Reuniclus|Reuniclus, M|94/100
|
|-weather|Sandstorm|[upkeep]
|-heal|p2a: Hippowdon|90/100|[from] item: Leftovers
|-heal|p1a: Reuniclus|99/100|[from] item: Leftovers
|upkeep
|turn|65
|
|t:|1709153137
|move|p1a: Reuniclus|Calm Mind|p1a: Reuniclus
|-boost|p1a: Reuniclus|spa|1
|-boost|p1a: Reuniclus|spd|1
|move|p2a: Hippowdon|Whirlwind|p1a: Reuniclus
|drag|p1a: Blissey|Blissey, F|92/100
|-damage|p1a: Blissey|67/100|[from] Spikes
|-damage|p1a: Blissey|54/100|[from] Stealth Rock
|
|-weather|Sandstorm|[upkeep]
|-damage|p1a: Blissey|48/100|[from] Sandstorm
|-heal|p1a: Blissey|54/100|[from] item: Leftovers
|-heal|p2a: Hippowdon|96/100|[from] item: Leftovers
|upkeep
|turn|66
|
|t:|1709153141
|move|p1a: Blissey|Soft-Boiled|p1a: Blissey
|-heal|p1a: Blissey|100/100
|move|p2a: Hippowdon|Earthquake|p1a: Blissey
|-damage|p1a: Blissey|65/100
|
|-weather|Sandstorm|[upkeep]
|-damage|p1a: Blissey|59/100|[from] Sandstorm
|-heal|p1a: Blissey|65/100|[from] item: Leftovers
|-heal|p2a: Hippowdon|100/100|[from] item: Leftovers
|upkeep
|turn|67
|
|t:|1709153151
|move|p1a: Blissey|Soft-Boiled|p1a: Blissey
|-heal|p1a: Blissey|100/100
|move|p2a: Hippowdon|Whirlwind|p1a: Blissey
|drag|p1a: Reuniclus|Reuniclus, M|99/100
|
|-weather|Sandstorm|[upkeep]
|-heal|p1a: Reuniclus|100/100|[from] item: Leftovers
|upkeep
|turn|68
|
|t:|1709153155
|switch|p2a: Celebi|Celebi|86/100
|-damage|p2a: Celebi|69/100|[from] Spikes
|-damage|p2a: Celebi|57/100|[from] Stealth Rock
|move|p1a: Reuniclus|Calm Mind|p1a: Reuniclus
|-boost|p1a: Reuniclus|spa|1
|-boost|p1a: Reuniclus|spd|1
|
|-weather|Sandstorm|[upkeep]
|-damage|p2a: Celebi|51/100|[from] Sandstorm
|upkeep
|turn|69
|
|t:|1709153160
|move|p2a: Celebi|Perish Song|p2a: Celebi
|-start|p1a: Reuniclus|perish3|[silent]
|-start|p2a: Celebi|perish3|[silent]
|-fieldactivate|move: Perish Song
|move|p1a: Reuniclus|Psyshock|p2a: Celebi
|-resisted|p2a: Celebi
|-damage|p2a: Celebi|29/100
|
|-weather|Sandstorm|[upkeep]
|-damage|p2a: Celebi|23/100|[from] Sandstorm
|-start|p2a: Celebi|perish3
|-start|p1a: Reuniclus|perish3
|upkeep
|turn|70
|
|t:|1709153171
|move|p2a: Celebi|Recover|p2a: Celebi
|-heal|p2a: Celebi|73/100
|move|p1a: Reuniclus|Calm Mind|p1a: Reuniclus
|-boost|p1a: Reuniclus|spa|1
|-boost|p1a: Reuniclus|spd|1
|
|-weather|Sandstorm|[upkeep]
|-damage|p2a: Celebi|67/100|[from] Sandstorm
|-start|p2a: Celebi|perish2
|-start|p1a: Reuniclus|perish2
|upkeep
|turn|71
|
|t:|1709153176
|move|p2a: Celebi|Recover|p2a: Celebi
|-heal|p2a: Celebi|100/100
|move|p1a: Reuniclus|Psyshock|p2a: Celebi
|-resisted|p2a: Celebi
|-damage|p2a: Celebi|73/100
|
|-weather|Sandstorm|[upkeep]
|-damage|p2a: Celebi|67/100|[from] Sandstorm
|-start|p2a: Celebi|perish1
|-start|p1a: Reuniclus|perish1
|upkeep
|turn|72
|
|t:|1709153180
|switch|p2a: Hippowdon|Hippowdon, M|100/100
|-damage|p2a: Hippowdon|84/100|[from] Spikes
|-damage|p2a: Hippowdon|78/100|[from] Stealth Rock
|switch|p1a: Gliscor|Gliscor, F|78/100 tox
|-damage|p1a: Gliscor|65/100 tox|[from] Stealth Rock
|
|-weather|Sandstorm|[upkeep]
|-heal|p2a: Hippowdon|84/100|[from] item: Leftovers
|-heal|p1a: Gliscor|78/100 tox|[from] ability: Poison Heal
|upkeep
|turn|73
|
|t:|1709153188
|switch|p2a: Celebi|Celebi|67/100
|-damage|p2a: Celebi|50/100|[from] Spikes
|-damage|p2a: Celebi|38/100|[from] Stealth Rock
|move|p1a: Gliscor|Protect||[still]
|-fail|p1a: Gliscor
|
|-weather|Sandstorm|[upkeep]
|-damage|p2a: Celebi|31/100|[from] Sandstorm
|-heal|p1a: Gliscor|90/100 tox|[from] ability: Poison Heal
|upkeep
|turn|74
|
|t:|1709153194
|move|p1a: Gliscor|Knock Off|p2a: Celebi
|-supereffective|p2a: Celebi
|-damage|p2a: Celebi|24/100
|move|p2a: Celebi|Recover|p2a: Celebi
|-heal|p2a: Celebi|74/100
|
|-weather|Sandstorm|[upkeep]
|-damage|p2a: Celebi|67/100|[from] Sandstorm
|-heal|p1a: Gliscor|100/100 tox|[from] ability: Poison Heal
|upkeep
|turn|75
|
|t:|1709153201
|move|p1a: Gliscor|Protect|p1a: Gliscor
|-singleturn|p1a: Gliscor|Protect
|move|p2a: Celebi|Recover|p2a: Celebi
|-heal|p2a: Celebi|100/100
|
|-weather|Sandstorm|[upkeep]
|-damage|p2a: Celebi|94/100|[from] Sandstorm
|upkeep
|turn|76
|
|t:|1709153211
|switch|p1a: Blissey|Blissey, F|100/100
|-damage|p1a: Blissey|76/100|[from] Spikes
|-damage|p1a: Blissey|63/100|[from] Stealth Rock
|move|p2a: Celebi|Giga Drain|p1a: Blissey
|-damage|p1a: Blissey|53/100
|-heal|p2a: Celebi|100/100|[from] drain|[of] p1a: Blissey
|
|-weather|Sandstorm|[upkeep]
|-damage|p2a: Celebi|94/100|[from] Sandstorm
|-damage|p1a: Blissey|47/100|[from] Sandstorm
|-heal|p1a: Blissey|53/100|[from] item: Leftovers
|upkeep
|turn|77
|
|t:|1709153215
|move|p2a: Celebi|Baton Pass|p2a: Celebi
|
|t:|1709153217
|switch|p2a: Hippowdon|Hippowdon, M|84/100|[from] Baton Pass
|-damage|p2a: Hippowdon|67/100|[from] Spikes
|-damage|p2a: Hippowdon|61/100|[from] Stealth Rock
|move|p1a: Blissey|Soft-Boiled|p1a: Blissey
|-heal|p1a: Blissey|100/100
|
|-weather|Sandstorm|[upkeep]
|-damage|p1a: Blissey|94/100|[from] Sandstorm
|-heal|p1a: Blissey|100/100|[from] item: Leftovers
|-heal|p2a: Hippowdon|67/100|[from] item: Leftovers
|upkeep
|turn|78
|
|t:|1709153221
|switch|p1a: Reuniclus|Reuniclus, M|100/100
|move|p2a: Hippowdon|Slack Off|p2a: Hippowdon
|-heal|p2a: Hippowdon|100/100
|
|-weather|Sandstorm|[upkeep]
|upkeep
|turn|79
|
|t:|1709153223
|move|p1a: Reuniclus|Calm Mind|p1a: Reuniclus
|-boost|p1a: Reuniclus|spa|1
|-boost|p1a: Reuniclus|spd|1
|move|p2a: Hippowdon|Whirlwind|p1a: Reuniclus
|drag|p1a: Blissey|Blissey, F|100/100
|-damage|p1a: Blissey|76/100|[from] Spikes
|-damage|p1a: Blissey|63/100|[from] Stealth Rock
|
|-weather|Sandstorm|[upkeep]
|-damage|p1a: Blissey|57/100|[from] Sandstorm
|-heal|p1a: Blissey|63/100|[from] item: Leftovers
|upkeep
|turn|80
|
|t:|1709153228
|move|p1a: Blissey|Soft-Boiled|p1a: Blissey
|-heal|p1a: Blissey|100/100
|move|p2a: Hippowdon|Earthquake|p1a: Blissey
|-damage|p1a: Blissey|65/100
|
|-weather|Sandstorm|[upkeep]
|-damage|p1a: Blissey|59/100|[from] Sandstorm
|-heal|p1a: Blissey|65/100|[from] item: Leftovers
|upkeep
|turn|81
|
|t:|1709153234
|switch|p1a: Gliscor|Gliscor, F|100/100 tox
|-damage|p1a: Gliscor|88/100 tox|[from] Stealth Rock
|move|p2a: Hippowdon|Whirlwind|p1a: Gliscor
|drag|p1a: Blissey|Blissey, F|65/100
|-damage|p1a: Blissey|40/100|[from] Spikes
|-damage|p1a: Blissey|27/100|[from] Stealth Rock
|
|-weather|Sandstorm|[upkeep]
|-damage|p1a: Blissey|21/100|[from] Sandstorm
|-heal|p1a: Blissey|27/100|[from] item: Leftovers
|upkeep
|turn|82
|
|t:|1709153242
|move|p1a: Blissey|Soft-Boiled|p1a: Blissey
|-heal|p1a: Blissey|77/100
|move|p2a: Hippowdon|Earthquake|p1a: Blissey
|-damage|p1a: Blissey|42/100
|
|-weather|Sandstorm|[upkeep]
|-damage|p1a: Blissey|36/100|[from] Sandstorm
|-heal|p1a: Blissey|42/100|[from] item: Leftovers
|upkeep
|turn|83
|
|t:|1709153245
|move|p1a: Blissey|Soft-Boiled|p1a: Blissey
|-heal|p1a: Blissey|92/100
|move|p2a: Hippowdon|Earthquake|p1a: Blissey
|-damage|p1a: Blissey|59/100
|
|-weather|Sandstorm|[upkeep]
|-damage|p1a: Blissey|53/100|[from] Sandstorm
|-heal|p1a: Blissey|59/100|[from] item: Leftovers
|upkeep
|turn|84
|
|t:|1709153249
|move|p1a: Blissey|Soft-Boiled|p1a: Blissey
|-heal|p1a: Blissey|100/100
|move|p2a: Hippowdon|Earthquake|p1a: Blissey
|-damage|p1a: Blissey|65/100
|
|-weather|Sandstorm|[upkeep]
|-damage|p1a: Blissey|59/100|[from] Sandstorm
|-heal|p1a: Blissey|65/100|[from] item: Leftovers
|upkeep
|turn|85
|
|t:|1709153252
|switch|p1a: Gliscor|Gliscor, F|88/100 tox
|-damage|p1a: Gliscor|76/100 tox|[from] Stealth Rock
|move|p2a: Hippowdon|Whirlwind|p1a: Gliscor
|drag|p1a: Blissey|Blissey, F|65/100
|-damage|p1a: Blissey|40/100|[from] Spikes
|-damage|p1a: Blissey|28/100|[from] Stealth Rock
|
|-weather|Sandstorm|[upkeep]
|-damage|p1a: Blissey|22/100|[from] Sandstorm
|-heal|p1a: Blissey|28/100|[from] item: Leftovers
|upkeep
|turn|86
|
|t:|1709153254
|move|p1a: Blissey|Soft-Boiled|p1a: Blissey
|-heal|p1a: Blissey|78/100
|move|p2a: Hippowdon|Earthquake|p1a: Blissey
|-damage|p1a: Blissey|43/100
|
|-weather|Sandstorm|[upkeep]
|-damage|p1a: Blissey|36/100|[from] Sandstorm
|-heal|p1a: Blissey|43/100|[from] item: Leftovers
|upkeep
|turn|87
|
|t:|1709153257
|move|p1a: Blissey|Soft-Boiled|p1a: Blissey
|-heal|p1a: Blissey|93/100
|move|p2a: Hippowdon|Earthquake|p1a: Blissey
|-damage|p1a: Blissey|60/100
|
|-weather|Sandstorm|[upkeep]
|-damage|p1a: Blissey|54/100|[from] Sandstorm
|-heal|p1a: Blissey|60/100|[from] item: Leftovers
|upkeep
|turn|88
|
|t:|1709153260
|move|p1a: Blissey|Soft-Boiled|p1a: Blissey
|-heal|p1a: Blissey|100/100
|move|p2a: Hippowdon|Earthquake|p1a: Blissey
|-damage|p1a: Blissey|69/100
|
|-weather|Sandstorm|[upkeep]
|-damage|p1a: Blissey|63/100|[from] Sandstorm
|-heal|p1a: Blissey|69/100|[from] item: Leftovers
|upkeep
|turn|89
|
|t:|1709153264
|move|p1a: Blissey|Soft-Boiled|p1a: Blissey
|-heal|p1a: Blissey|100/100
|move|p2a: Hippowdon|Whirlwind|p1a: Blissey
|drag|p1a: Gliscor|Gliscor, F|76/100 tox
|-damage|p1a: Gliscor|63/100 tox|[from] Stealth Rock
|
|-weather|Sandstorm|[upkeep]
|-heal|p1a: Gliscor|76/100 tox|[from] ability: Poison Heal
|upkeep
|turn|90
|
|t:|1709153269
|switch|p2a: Celebi|Celebi|94/100
|-damage|p2a: Celebi|78/100|[from] Spikes
|-damage|p2a: Celebi|65/100|[from] Stealth Rock
|move|p1a: Gliscor|Stealth Rock||[still]
|-fail|p1a: Gliscor
|
|-weather|Sandstorm|[upkeep]
|-damage|p2a: Celebi|59/100|[from] Sandstorm
|-heal|p1a: Gliscor|88/100 tox|[from] ability: Poison Heal
|upkeep
|turn|91
|
|t:|1709153271
|move|p1a: Gliscor|Knock Off|p2a: Celebi
|-supereffective|p2a: Celebi
|-damage|p2a: Celebi|51/100
|move|p2a: Celebi|Recover|p2a: Celebi
|-heal|p2a: Celebi|100/100
|
|-weather|Sandstorm|[upkeep]
|-damage|p2a: Celebi|94/100|[from] Sandstorm
|-heal|p1a: Gliscor|100/100 tox|[from] ability: Poison Heal
|upkeep
|turn|92
|
|t:|1709153281
|move|p1a: Gliscor|Knock Off|p2a: Celebi
|-supereffective|p2a: Celebi
|-damage|p2a: Celebi|87/100
|move|p2a: Celebi|Giga Drain|p1a: Gliscor
|-damage|p1a: Gliscor|70/100 tox
|-heal|p2a: Celebi|99/100|[from] drain|[of] p1a: Gliscor
|
|-weather|Sandstorm|[upkeep]
|-damage|p2a: Celebi|94/100|[from] Sandstorm
|-heal|p1a: Gliscor|83/100 tox|[from] ability: Poison Heal
|upkeep
|turn|93
|
|t:|1709153290
|switch|p1a: Blissey|Blissey, F|100/100
|-damage|p1a: Blissey|76/100|[from] Spikes
|-damage|p1a: Blissey|63/100|[from] Stealth Rock
|move|p2a: Celebi|Giga Drain|p1a: Blissey
|-damage|p1a: Blissey|53/100
|-heal|p2a: Celebi|100/100|[from] drain|[of] p1a: Blissey
|
|-weather|Sandstorm|[upkeep]
|-damage|p2a: Celebi|94/100|[from] Sandstorm
|-damage|p1a: Blissey|47/100|[from] Sandstorm
|-heal|p1a: Blissey|53/100|[from] item: Leftovers
|upkeep
|turn|94
|
|t:|1709153295
|move|p2a: Celebi|Baton Pass|p2a: Celebi
|
|t:|1709153296
|switch|p2a: Hippowdon|Hippowdon, M|100/100|[from] Baton Pass
|-damage|p2a: Hippowdon|84/100|[from] Spikes
|-damage|p2a: Hippowdon|78/100|[from] Stealth Rock
|move|p1a: Blissey|Soft-Boiled|p1a: Blissey
|-heal|p1a: Blissey|100/100
|
|-weather|Sandstorm|[upkeep]
|-damage|p1a: Blissey|94/100|[from] Sandstorm
|-heal|p1a: Blissey|100/100|[from] item: Leftovers
|-heal|p2a: Hippowdon|84/100|[from] item: Leftovers
|upkeep
|turn|95
|
|t:|1709153302
|switch|p1a: Reuniclus|Reuniclus, M|100/100
|move|p2a: Hippowdon|Stealth Rock||[still]
|-fail|p2a: Hippowdon
|
|-weather|Sandstorm|[upkeep]
|-heal|p2a: Hippowdon|90/100|[from] item: Leftovers
|upkeep
|turn|96
|
|t:|1709153305
|move|p1a: Reuniclus|Calm Mind|p1a: Reuniclus
|-boost|p1a: Reuniclus|spa|1
|-boost|p1a: Reuniclus|spd|1
|move|p2a: Hippowdon|Whirlwind|p1a: Reuniclus
|drag|p1a: Blissey|Blissey, F|100/100
|-damage|p1a: Blissey|76/100|[from] Spikes
|-damage|p1a: Blissey|63/100|[from] Stealth Rock
|
|-weather|Sandstorm|[upkeep]
|-damage|p1a: Blissey|57/100|[from] Sandstorm
|-heal|p1a: Blissey|63/100|[from] item: Leftovers
|-heal|p2a: Hippowdon|96/100|[from] item: Leftovers
|upkeep
|turn|97
|
|t:|1709153309
|move|p1a: Blissey|Soft-Boiled|p1a: Blissey
|-heal|p1a: Blissey|100/100
|move|p2a: Hippowdon|Earthquake|p1a: Blissey
|-damage|p1a: Blissey|66/100
|
|-weather|Sandstorm|[upkeep]
|-damage|p1a: Blissey|59/100|[from] Sandstorm
|-heal|p1a: Blissey|66/100|[from] item: Leftovers
|-heal|p2a: Hippowdon|100/100|[from] item: Leftovers
|upkeep
|turn|98
|
|t:|1709153316
|move|p1a: Blissey|Soft-Boiled|p1a: Blissey
|-heal|p1a: Blissey|100/100
|move|p2a: Hippowdon|Whirlwind|p1a: Blissey
|drag|p1a: Gliscor|Gliscor, F|83/100 tox
|-damage|p1a: Gliscor|70/100 tox|[from] Stealth Rock
|
|-weather|Sandstorm|[upkeep]
|-heal|p1a: Gliscor|83/100 tox|[from] ability: Poison Heal
|upkeep
|turn|99
|
|t:|1709153321
|switch|p2a: Celebi|Celebi|94/100
|-damage|p2a: Celebi|78/100|[from] Spikes
|-damage|p2a: Celebi|65/100|[from] Stealth Rock
|move|p1a: Gliscor|Stealth Rock||[still]
|-fail|p1a: Gliscor
|
|-weather|Sandstorm|[upkeep]
|-damage|p2a: Celebi|59/100|[from] Sandstorm
|-heal|p1a: Gliscor|95/100 tox|[from] ability: Poison Heal
|upkeep
|turn|100
|
|t:|1709153328
|switch|p1a: Reuniclus|Reuniclus, M|100/100
|move|p2a: Celebi|Recover|p2a: Celebi
|-heal|p2a: Celebi|100/100
|
|-weather|Sandstorm|[upkeep]
|-damage|p2a: Celebi|94/100|[from] Sandstorm
|upkeep
|turn|101
|
|t:|1709153331
|move|p2a: Celebi|Perish Song|p2a: Celebi
|-start|p1a: Reuniclus|perish3|[silent]
|-start|p2a: Celebi|perish3|[silent]
|-fieldactivate|move: Perish Song
|move|p1a: Reuniclus|Calm Mind|p1a: Reuniclus
|-boost|p1a: Reuniclus|spa|1
|-boost|p1a: Reuniclus|spd|1
|
|-weather|Sandstorm|[upkeep]
|-damage|p2a: Celebi|88/100|[from] Sandstorm
|-start|p2a: Celebi|perish3
|-start|p1a: Reuniclus|perish3
|upkeep
|turn|102
|
|t:|1709153336
|switch|p2a: Hippowdon|Hippowdon, M|100/100
|-damage|p2a: Hippowdon|84/100|[from] Spikes
|-damage|p2a: Hippowdon|78/100|[from] Stealth Rock
|move|p1a: Reuniclus|Calm Mind|p1a: Reuniclus
|-boost|p1a: Reuniclus|spa|1
|-boost|p1a: Reuniclus|spd|1
|
|-weather|Sandstorm|[upkeep]
|-heal|p2a: Hippowdon|84/100|[from] item: Leftovers
|-start|p1a: Reuniclus|perish2
|upkeep
|turn|103
|
|t:|1709153349
|move|p2a: Hippowdon|Earthquake|p1a: Reuniclus
|-crit|p1a: Reuniclus
|-damage|p1a: Reuniclus|44/100
|move|p1a: Reuniclus|Focus Blast|p2a: Hippowdon
|-damage|p2a: Hippowdon|36/100
|
|-weather|Sandstorm|[upkeep]
|-heal|p2a: Hippowdon|42/100|[from] item: Leftovers
|-heal|p1a: Reuniclus|50/100|[from] item: Leftovers
|-start|p1a: Reuniclus|perish1
|upkeep
|turn|104
|
|t:|1709153354
|switch|p1a: Gliscor|Gliscor, F|95/100 tox
|-damage|p1a: Gliscor|83/100 tox|[from] Stealth Rock
|move|p2a: Hippowdon|Slack Off|p2a: Hippowdon
|-heal|p2a: Hippowdon|92/100
|
|-weather|Sandstorm|[upkeep]
|-heal|p2a: Hippowdon|98/100|[from] item: Leftovers
|-heal|p1a: Gliscor|95/100 tox|[from] ability: Poison Heal
|upkeep
|turn|105
|
|t:|1709153366
|switch|p2a: Celebi|Celebi|88/100
|-damage|p2a: Celebi|72/100|[from] Spikes
|-damage|p2a: Celebi|59/100|[from] Stealth Rock
|move|p1a: Gliscor|Stealth Rock||[still]
|-fail|p1a: Gliscor
|
|-weather|Sandstorm|[upkeep]
|-damage|p2a: Celebi|53/100|[from] Sandstorm
|-heal|p1a: Gliscor|100/100 tox|[from] ability: Poison Heal
|upkeep
|turn|106
|
|t:|1709153369
|move|p1a: Gliscor|Earthquake|p2a: Celebi
|-resisted|p2a: Celebi
|-damage|p2a: Celebi|38/100
|move|p2a: Celebi|Recover|p2a: Celebi
|-heal|p2a: Celebi|88/100
|
|-weather|Sandstorm|[upkeep]
|-damage|p2a: Celebi|82/100|[from] Sandstorm
|upkeep
|turn|107
|
|t:|1709153375
|move|p1a: Gliscor|Earthquake|p2a: Celebi
|-resisted|p2a: Celebi
|-damage|p2a: Celebi|68/100
|move|p2a: Celebi|Giga Drain|p1a: Gliscor
|-damage|p1a: Gliscor|70/100 tox
|-heal|p2a: Celebi|81/100|[from] drain|[of] p1a: Gliscor
|
|-weather|Sandstorm|[upkeep]
|-damage|p2a: Celebi|75/100|[from] Sandstorm
|-heal|p1a: Gliscor|82/100 tox|[from] ability: Poison Heal
|upkeep
|turn|108
|
|t:|1709153381
|move|p1a: Gliscor|Knock Off|p2a: Celebi
|-supereffective|p2a: Celebi
|-damage|p2a: Celebi|67/100
|move|p2a: Celebi|Giga Drain|p1a: Gliscor
|-damage|p1a: Gliscor|50/100 tox
|-heal|p2a: Celebi|81/100|[from] drain|[of] p1a: Gliscor
|
|-weather|Sandstorm|[upkeep]
|-damage|p2a: Celebi|75/100|[from] Sandstorm
|-heal|p1a: Gliscor|63/100 tox|[from] ability: Poison Heal
|upkeep
|turn|109
|
|t:|1709153384
|move|p1a: Gliscor|Protect|p1a: Gliscor
|-singleturn|p1a: Gliscor|Protect
|move|p2a: Celebi|Giga Drain|p1a: Gliscor
|-activate|p1a: Gliscor|move: Protect
|
|-weather|Sandstorm|[upkeep]
|-damage|p2a: Celebi|68/100|[from] Sandstorm
|-heal|p1a: Gliscor|75/100 tox|[from] ability: Poison Heal
|upkeep
|turn|110
|
|t:|1709153390
|switch|p1a: Blissey|Blissey, F|100/100
|-damage|p1a: Blissey|76/100|[from] Spikes
|-damage|p1a: Blissey|63/100|[from] Stealth Rock
|move|p2a: Celebi|Giga Drain|p1a: Blissey
|-damage|p1a: Blissey|53/100
|-heal|p2a: Celebi|77/100|[from] drain|[of] p1a: Blissey
|
|-weather|Sandstorm|[upkeep]
|-damage|p2a: Celebi|71/100|[from] Sandstorm
|-damage|p1a: Blissey|47/100|[from] Sandstorm
|-heal|p1a: Blissey|53/100|[from] item: Leftovers
|upkeep
|turn|111
|
|t:|1709153397
|move|p2a: Celebi|Giga Drain|p1a: Blissey
|-damage|p1a: Blissey|44/100
|-heal|p2a: Celebi|79/100|[from] drain|[of] p1a: Blissey
|move|p1a: Blissey|Seismic Toss|p2a: Celebi
|-damage|p2a: Celebi|54/100
|
|-weather|Sandstorm|[upkeep]
|-damage|p2a: Celebi|48/100|[from] Sandstorm
|-damage|p1a: Blissey|38/100|[from] Sandstorm
|-heal|p1a: Blissey|44/100|[from] item: Leftovers
|upkeep
|turn|112
|
|t:|1709153400
|move|p2a: Celebi|Recover|p2a: Celebi
|-heal|p2a: Celebi|98/100
|move|p1a: Blissey|Seismic Toss|p2a: Celebi
|-damage|p2a: Celebi|74/100
|
|-weather|Sandstorm|[upkeep]
|-damage|p2a: Celebi|67/100|[from] Sandstorm
|-damage|p1a: Blissey|38/100|[from] Sandstorm
|-heal|p1a: Blissey|44/100|[from] item: Leftovers
|upkeep
|turn|113
|
|t:|1709153403
|move|p2a: Celebi|Baton Pass|p2a: Celebi
|
|t:|1709153405
|switch|p2a: Jellicent|Jellicent, M|83/100 par|[from] Baton Pass
|-damage|p2a: Jellicent|66/100 par|[from] Spikes
|-damage|p2a: Jellicent|54/100 par|[from] Stealth Rock
|move|p1a: Blissey|Seismic Toss|p2a: Jellicent
|-immune|p2a: Jellicent
|
|-weather|Sandstorm|[upkeep]
|-damage|p1a: Blissey|38/100|[from] Sandstorm
|-damage|p2a: Jellicent|47/100 par|[from] Sandstorm
|-heal|p1a: Blissey|44/100|[from] item: Leftovers
|upkeep
|turn|114
|
|t:|1709153408
|move|p1a: Blissey|Wish|p1a: Blissey
|move|p2a: Jellicent|Recover|p2a: Jellicent
|-heal|p2a: Jellicent|98/100 par
|
|-weather|Sandstorm|[upkeep]
|-damage|p1a: Blissey|38/100|[from] Sandstorm
|-damage|p2a: Jellicent|91/100 par|[from] Sandstorm
|-heal|p1a: Blissey|44/100|[from] item: Leftovers
|upkeep
|turn|115
|
|t:|1709153417
|move|p1a: Blissey|Seismic Toss|p2a: Jellicent
|-immune|p2a: Jellicent
|cant|p2a: Jellicent|par
|
|-weather|Sandstorm|[upkeep]
|-damage|p1a: Blissey|38/100|[from] Sandstorm
|-damage|p2a: Jellicent|85/100 par|[from] Sandstorm
|-heal|p1a: Blissey|88/100|[from] move: Wish|[wisher] Blissey
|-heal|p1a: Blissey|94/100|[from] item: Leftovers
|upkeep
|turn|116
|
|t:|1709153420
|move|p1a: Blissey|Wish|p1a: Blissey
|move|p2a: Jellicent|Taunt|p1a: Blissey
|-start|p1a: Blissey|move: Taunt
|
|-weather|Sandstorm|[upkeep]
|-damage|p1a: Blissey|88/100|[from] Sandstorm
|-damage|p2a: Jellicent|79/100 par|[from] Sandstorm
|-heal|p1a: Blissey|94/100|[from] item: Leftovers
|upkeep
|turn|117
|
|t:|1709153423
|switch|p1a: Gliscor|Gliscor, F|75/100 tox
|-damage|p1a: Gliscor|63/100 tox|[from] Stealth Rock
|move|p2a: Jellicent|Night Shade|p1a: Gliscor
|-damage|p1a: Gliscor|34/100 tox
|
|-weather|Sandstorm|[upkeep]
|-damage|p2a: Jellicent|73/100 par|[from] Sandstorm
|-heal|p1a: Gliscor|100/100 tox|[from] move: Wish|[wisher] Blissey
|upkeep
|turn|118
|
|t:|1709153435
|switch|p2a: Celebi|Celebi|67/100
|-damage|p2a: Celebi|51/100|[from] Spikes
|-damage|p2a: Celebi|38/100|[from] Stealth Rock
|move|p1a: Gliscor|Earthquake|p2a: Celebi
|-resisted|p2a: Celebi
|-damage|p2a: Celebi|25/100
|
|-weather|Sandstorm|[upkeep]
|-damage|p2a: Celebi|19/100|[from] Sandstorm
|upkeep
|turn|119
|
|t:|1709153440
|move|p1a: Gliscor|Earthquake|p2a: Celebi
|-resisted|p2a: Celebi
|-damage|p2a: Celebi|5/100
|move|p2a: Celebi|Recover|p2a: Celebi
|-heal|p2a: Celebi|55/100
|
|-weather|Sandstorm|[upkeep]
|-damage|p2a: Celebi|49/100|[from] Sandstorm
|upkeep
|turn|120
|
|t:|1709153443
|move|p1a: Gliscor|Earthquake|p2a: Celebi
|-resisted|p2a: Celebi
|-damage|p2a: Celebi|34/100
|move|p2a: Celebi|Recover|p2a: Celebi
|-heal|p2a: Celebi|84/100
|
|-weather|Sandstorm|[upkeep]
|-damage|p2a: Celebi|78/100|[from] Sandstorm
|upkeep
|turn|121
|
|t:|1709153450
|switch|p1a: Blissey|Blissey, F|94/100
|-damage|p1a: Blissey|69/100|[from] Spikes
|-damage|p1a: Blissey|57/100|[from] Stealth Rock
|move|p2a: Celebi|Giga Drain|p1a: Blissey
|-damage|p1a: Blissey|47/100
|-heal|p2a: Celebi|86/100|[from] drain|[of] p1a: Blissey
|
|-weather|Sandstorm|[upkeep]
|-damage|p2a: Celebi|80/100|[from] Sandstorm
|-damage|p1a: Blissey|41/100|[from] Sandstorm
|-heal|p1a: Blissey|47/100|[from] item: Leftovers
|upkeep
|turn|122
|
|t:|1709153456
|move|p2a: Celebi|Baton Pass|p2a: Celebi
|
|t:|1709153459
|switch|p2a: Hippowdon|Hippowdon, M|98/100|[from] Baton Pass
|-damage|p2a: Hippowdon|82/100|[from] Spikes
|-damage|p2a: Hippowdon|75/100|[from] Stealth Rock
|move|p1a: Blissey|Wish|p1a: Blissey
|
|-weather|Sandstorm|[upkeep]
|-damage|p1a: Blissey|41/100|[from] Sandstorm
|-heal|p1a: Blissey|47/100|[from] item: Leftovers
|-heal|p2a: Hippowdon|82/100|[from] item: Leftovers
|upkeep
|turn|123
|
|t:|1709153484
|switch|p1a: Reuniclus|Reuniclus, M|50/100
|move|p2a: Hippowdon|Whirlwind|p1a: Reuniclus
|drag|p1a: Gliscor|Gliscor, F|100/100 tox
|-damage|p1a: Gliscor|88/100 tox|[from] Stealth Rock
|
|-weather|Sandstorm|[upkeep]
|-heal|p1a: Gliscor|100/100 tox|[from] move: Wish|[wisher] Blissey
|-heal|p2a: Hippowdon|88/100|[from] item: Leftovers
|upkeep
|turn|124
|
|t:|1709153492
|move|p1a: Gliscor|Stealth Rock||[still]
|-fail|p1a: Gliscor
|move|p2a: Hippowdon|Stealth Rock||[still]
|-fail|p2a: Hippowdon
|
|-weather|Sandstorm|[upkeep]
|-heal|p2a: Hippowdon|94/100|[from] item: Leftovers
|upkeep
|turn|125
|
|t:|1709153501
|switch|p1a: Reuniclus|Reuniclus, M|50/100
|move|p2a: Hippowdon|Stealth Rock||[still]
|-fail|p2a: Hippowdon
|
|-weather|Sandstorm|[upkeep]
|-heal|p2a: Hippowdon|99/100|[from] item: Leftovers
|-heal|p1a: Reuniclus|56/100|[from] item: Leftovers
|upkeep
|turn|126
|
|t:|1709153507
|move|p2a: Hippowdon|Earthquake|p1a: Reuniclus
|-damage|p1a: Reuniclus|29/100
|move|p1a: Reuniclus|Recover|p1a: Reuniclus
|-heal|p1a: Reuniclus|79/100
|
|-weather|Sandstorm|[upkeep]
|-heal|p2a: Hippowdon|100/100|[from] item: Leftovers
|-heal|p1a: Reuniclus|85/100|[from] item: Leftovers
|upkeep
|turn|127
|
|t:|1709153512
|move|p1a: Reuniclus|Calm Mind|p1a: Reuniclus
|-boost|p1a: Reuniclus|spa|1
|-boost|p1a: Reuniclus|spd|1
|move|p2a: Hippowdon|Whirlwind|p1a: Reuniclus
|drag|p1a: Gliscor|Gliscor, F|100/100 tox
|-damage|p1a: Gliscor|88/100 tox|[from] Stealth Rock
|
|-weather|Sandstorm|[upkeep]
|-heal|p1a: Gliscor|100/100 tox|[from] ability: Poison Heal
|upkeep
|turn|128
|
|t:|1709153518
|switch|p1a: Reuniclus|Reuniclus, M|85/100
|move|p2a: Hippowdon|Stealth Rock||[still]
|-fail|p2a: Hippowdon
|
|-weather|Sandstorm|[upkeep]
|-heal|p1a: Reuniclus|91/100|[from] item: Leftovers
|upkeep
|turn|129
|
|t:|1709153521
|move|p1a: Reuniclus|Calm Mind|p1a: Reuniclus
|-boost|p1a: Reuniclus|spa|1
|-boost|p1a: Reuniclus|spd|1
|move|p2a: Hippowdon|Whirlwind|p1a: Reuniclus
|drag|p1a: Blissey|Blissey, F|47/100
|-damage|p1a: Blissey|22/100|[from] Spikes
|-damage|p1a: Blissey|10/100|[from] Stealth Rock
|
|-weather|Sandstorm|[upkeep]
|-damage|p1a: Blissey|4/100|[from] Sandstorm
|-heal|p1a: Blissey|10/100|[from] item: Leftovers
|upkeep
|turn|130
|
|t:|1709153525
|move|p1a: Blissey|Wish|p1a: Blissey
|move|p2a: Hippowdon|Earthquake|p1a: Blissey
|-damage|p1a: Blissey|0 fnt
|faint|p1a: Blissey
|
|-weather|Sandstorm|[upkeep]
|upkeep
|
|t:|1709153528
|switch|p1a: Reuniclus|Reuniclus, M|91/100
|turn|131
|
|t:|1709153536
|switch|p1a: Gliscor|Gliscor, F|100/100 tox
|-damage|p1a: Gliscor|88/100 tox|[from] Stealth Rock
|move|p2a: Hippowdon|Earthquake|p1a: Gliscor
|-immune|p1a: Gliscor
|
|-weather|Sandstorm|[upkeep]
|-heal|p1a: Gliscor|100/100 tox|[from] move: Wish|[wisher] Blissey
|upkeep
|turn|132
|j| night suwu
|
|t:|1709153540
|move|p1a: Gliscor|Earthquake|p2a: Hippowdon
|-crit|p2a: Hippowdon
|-damage|p2a: Hippowdon|51/100
|move|p2a: Hippowdon|Stealth Rock||[still]
|-fail|p2a: Hippowdon
|
|-weather|Sandstorm|[upkeep]
|-heal|p2a: Hippowdon|57/100|[from] item: Leftovers
|upkeep
|turn|133
|
|t:|1709153548
|switch|p1a: Reuniclus|Reuniclus, M|91/100
|move|p2a: Hippowdon|Slack Off|p2a: Hippowdon
|-heal|p2a: Hippowdon|100/100
|
|-weather|Sandstorm|[upkeep]
|-heal|p1a: Reuniclus|97/100|[from] item: Leftovers
|upkeep
|turn|134
|
|t:|1709153553
|switch|p1a: Gliscor|Gliscor, F|100/100 tox
|-damage|p1a: Gliscor|88/100 tox|[from] Stealth Rock
|move|p2a: Hippowdon|Stealth Rock||[still]
|-fail|p2a: Hippowdon
|
|-weather|Sandstorm|[upkeep]
|-heal|p1a: Gliscor|100/100 tox|[from] ability: Poison Heal
|upkeep
|turn|135
|
|t:|1709153556
|move|p1a: Gliscor|Stealth Rock||[still]
|-fail|p1a: Gliscor
|move|p2a: Hippowdon|Stealth Rock||[still]
|-fail|p2a: Hippowdon
|
|-weather|Sandstorm|[upkeep]
|upkeep
|turn|136
|
|t:|1709153558
|switch|p1a: Reuniclus|Reuniclus, M|97/100
|move|p2a: Hippowdon|Stealth Rock||[still]
|-fail|p2a: Hippowdon
|
|-weather|Sandstorm|[upkeep]
|-heal|p1a: Reuniclus|100/100|[from] item: Leftovers
|upkeep
|turn|137
|
|t:|1709153564
|switch|p1a: Gliscor|Gliscor, F|100/100 tox
|-damage|p1a: Gliscor|88/100 tox|[from] Stealth Rock
|move|p2a: Hippowdon|Stealth Rock||[still]
|-fail|p2a: Hippowdon
|
|-weather|Sandstorm|[upkeep]
|-heal|p1a: Gliscor|100/100 tox|[from] ability: Poison Heal
|upkeep
|turn|138
|
|t:|1709153568
|switch|p1a: Reuniclus|Reuniclus, M|100/100
|move|p2a: Hippowdon|Stealth Rock||[still]
|-fail|p2a: Hippowdon
|
|-weather|Sandstorm|[upkeep]
|upkeep
|turn|139
|
|t:|1709153579
|switch|p2a: Jellicent|Jellicent, M|73/100 par
|-damage|p2a: Jellicent|56/100 par|[from] Spikes
|-damage|p2a: Jellicent|44/100 par|[from] Stealth Rock
|switch|p1a: Gliscor|Gliscor, F|100/100 tox
|-damage|p1a: Gliscor|88/100 tox|[from] Stealth Rock
|
|-weather|Sandstorm|[upkeep]
|-damage|p2a: Jellicent|37/100 par|[from] Sandstorm
|-heal|p1a: Gliscor|100/100 tox|[from] ability: Poison Heal
|upkeep
|turn|140
|
|t:|1709153585
|move|p1a: Gliscor|Earthquake|p2a: Jellicent
|-damage|p2a: Jellicent|9/100 par
|move|p2a: Jellicent|Recover|p2a: Jellicent
|-heal|p2a: Jellicent|59/100 par
|
|-weather|Sandstorm|[upkeep]
|-damage|p2a: Jellicent|53/100 par|[from] Sandstorm
|upkeep
|turn|141
|
|t:|1709153590
|move|p1a: Gliscor|Earthquake|p2a: Jellicent
|-damage|p2a: Jellicent|26/100 par
|move|p2a: Jellicent|Recover|p2a: Jellicent
|-heal|p2a: Jellicent|76/100 par
|
|-weather|Sandstorm|[upkeep]
|-damage|p2a: Jellicent|70/100 par|[from] Sandstorm
|upkeep
|turn|142
|
|t:|1709153594
|move|p1a: Gliscor|Stealth Rock||[still]
|-fail|p1a: Gliscor
|move|p2a: Jellicent|Recover|p2a: Jellicent
|-heal|p2a: Jellicent|100/100 par
|
|-weather|Sandstorm|[upkeep]
|-damage|p2a: Jellicent|94/100 par|[from] Sandstorm
|upkeep
|turn|143
|
|t:|1709153608
|move|p1a: Gliscor|Protect|p1a: Gliscor
|-singleturn|p1a: Gliscor|Protect
|move|p2a: Jellicent|Taunt|p1a: Gliscor
|-activate|p1a: Gliscor|move: Protect
|
|-weather|Sandstorm|[upkeep]
|-damage|p2a: Jellicent|88/100 par|[from] Sandstorm
|upkeep
|turn|144
|
|t:|1709153613
|move|p1a: Gliscor|Stealth Rock||[still]
|-fail|p1a: Gliscor
|cant|p2a: Jellicent|par
|
|-weather|Sandstorm|[upkeep]
|-damage|p2a: Jellicent|82/100 par|[from] Sandstorm
|upkeep
|turn|145
|
|t:|1709153621
|switch|p1a: Reuniclus|Reuniclus, M|100/100
|cant|p2a: Jellicent|par
|
|-weather|Sandstorm|[upkeep]
|-damage|p2a: Jellicent|76/100 par|[from] Sandstorm
|upkeep
|turn|146
|
|t:|1709153625
|move|p1a: Reuniclus|Calm Mind|p1a: Reuniclus
|-boost|p1a: Reuniclus|spa|1
|-boost|p1a: Reuniclus|spd|1
|cant|p2a: Jellicent|par
|
|-weather|Sandstorm|[upkeep]
|-damage|p2a: Jellicent|69/100 par|[from] Sandstorm
|upkeep
|turn|147
|
|t:|1709153627
|move|p1a: Reuniclus|Psyshock|p2a: Jellicent
|-damage|p2a: Jellicent|29/100 par
|move|p2a: Jellicent|Taunt|p1a: Reuniclus
|-start|p1a: Reuniclus|move: Taunt
|
|-weather|Sandstorm|[upkeep]
|-damage|p2a: Jellicent|22/100 par|[from] Sandstorm
|upkeep
|turn|148
|
|t:|1709153631
|move|p1a: Reuniclus|Psyshock|p2a: Jellicent
|-damage|p2a: Jellicent|0 fnt
|faint|p2a: Jellicent
|
|-weather|Sandstorm|[upkeep]
|upkeep
|
|t:|1709153635
|switch|p2a: Hippowdon|Hippowdon, M|100/100
|-damage|p2a: Hippowdon|84/100|[from] Spikes
|-damage|p2a: Hippowdon|78/100|[from] Stealth Rock
|turn|149
|
|t:|1709153637
|switch|p1a: Gliscor|Gliscor, F|100/100 tox
|-damage|p1a: Gliscor|88/100 tox|[from] Stealth Rock
|move|p2a: Hippowdon|Whirlwind|p1a: Gliscor
|drag|p1a: Reuniclus|Reuniclus, M|100/100
|
|-weather|Sandstorm|[upkeep]
|-heal|p2a: Hippowdon|84/100|[from] item: Leftovers
|upkeep
|turn|150
|
|t:|1709153641
|switch|p1a: Gliscor|Gliscor, F|88/100 tox
|-damage|p1a: Gliscor|76/100 tox|[from] Stealth Rock
|move|p2a: Hippowdon|Whirlwind|p1a: Gliscor
|drag|p1a: Reuniclus|Reuniclus, M|100/100
|
|-weather|Sandstorm|[upkeep]
|-heal|p2a: Hippowdon|90/100|[from] item: Leftovers
|upkeep
|turn|151
|
|t:|1709153644
|switch|p1a: Gliscor|Gliscor, F|76/100 tox
|-damage|p1a: Gliscor|63/100 tox|[from] Stealth Rock
|move|p2a: Hippowdon|Whirlwind|p1a: Gliscor
|drag|p1a: Reuniclus|Reuniclus, M|100/100
|
|-weather|Sandstorm|[upkeep]
|-heal|p2a: Hippowdon|96/100|[from] item: Leftovers
|upkeep
|turn|152
|
|t:|1709153647
|move|p1a: Reuniclus|Calm Mind|p1a: Reuniclus
|-boost|p1a: Reuniclus|spa|1
|-boost|p1a: Reuniclus|spd|1
|move|p2a: Hippowdon|Whirlwind|p1a: Reuniclus
|drag|p1a: Gliscor|Gliscor, F|63/100 tox
|-damage|p1a: Gliscor|51/100 tox|[from] Stealth Rock
|
|-weather|Sandstorm|[upkeep]
|-heal|p2a: Hippowdon|100/100|[from] item: Leftovers
|-heal|p1a: Gliscor|63/100 tox|[from] ability: Poison Heal
|upkeep
|turn|153
|
|t:|1709153650
|move|p1a: Gliscor|Protect|p1a: Gliscor
|-singleturn|p1a: Gliscor|Protect
|move|p2a: Hippowdon|Stealth Rock||[still]
|-fail|p2a: Hippowdon
|
|-weather|Sandstorm|[upkeep]
|-heal|p1a: Gliscor|76/100 tox|[from] ability: Poison Heal
|upkeep
|turn|154
|
|t:|1709153653
|move|p1a: Gliscor|Stealth Rock||[still]
|-fail|p1a: Gliscor
|move|p2a: Hippowdon|Whirlwind|p1a: Gliscor
|drag|p1a: Reuniclus|Reuniclus, M|100/100
|
|-weather|Sandstorm|[upkeep]
|upkeep
|turn|155
|
|t:|1709153657
|move|p2a: Hippowdon|Earthquake|p1a: Reuniclus
|-damage|p1a: Reuniclus|74/100
|move|p1a: Reuniclus|Calm Mind|p1a: Reuniclus
|-boost|p1a: Reuniclus|spa|1
|-boost|p1a: Reuniclus|spd|1
|
|-weather|Sandstorm|[upkeep]
|-heal|p1a: Reuniclus|80/100|[from] item: Leftovers
|upkeep
|turn|156
|
|t:|1709153660
|move|p2a: Hippowdon|Earthquake|p1a: Reuniclus
|-damage|p1a: Reuniclus|53/100
|move|p1a: Reuniclus|Focus Blast|p2a: Hippowdon|[miss]
|-miss|p1a: Reuniclus|p2a: Hippowdon
|
|-weather|Sandstorm|[upkeep]
|-heal|p1a: Reuniclus|59/100|[from] item: Leftovers
|upkeep
|turn|157
|
|t:|1709153666
|move|p2a: Hippowdon|Earthquake|p1a: Reuniclus
|-damage|p1a: Reuniclus|30/100
|move|p1a: Reuniclus|Recover|p1a: Reuniclus
|-heal|p1a: Reuniclus|80/100
|
|-weather|Sandstorm|[upkeep]
|-heal|p1a: Reuniclus|86/100|[from] item: Leftovers
|upkeep
|turn|158
|
|t:|1709153673
|switch|p1a: Gliscor|Gliscor, F|76/100 tox
|-damage|p1a: Gliscor|63/100 tox|[from] Stealth Rock
|move|p2a: Hippowdon|Stealth Rock||[still]
|-fail|p2a: Hippowdon
|
|-weather|Sandstorm|[upkeep]
|-heal|p1a: Gliscor|76/100 tox|[from] ability: Poison Heal
|upkeep
|turn|159
|
|t:|1709153676
|move|p1a: Gliscor|Stealth Rock||[still]
|-fail|p1a: Gliscor
|move|p2a: Hippowdon|Stealth Rock||[still]
|-fail|p2a: Hippowdon
|
|-weather|Sandstorm|[upkeep]
|-heal|p1a: Gliscor|88/100 tox|[from] ability: Poison Heal
|upkeep
|turn|160
|
|t:|1709153680
|move|p1a: Gliscor|Stealth Rock||[still]
|-fail|p1a: Gliscor
|move|p2a: Hippowdon|Stealth Rock||[still]
|-fail|p2a: Hippowdon
|
|-weather|Sandstorm|[upkeep]
|-heal|p1a: Gliscor|100/100 tox|[from] ability: Poison Heal
|upkeep
|turn|161
|
|t:|1709153683
|move|p1a: Gliscor|Stealth Rock||[still]
|-fail|p1a: Gliscor
|move|p2a: Hippowdon|Stealth Rock||[still]
|-fail|p2a: Hippowdon
|
|-weather|Sandstorm|[upkeep]
|upkeep
|turn|162
|
|t:|1709153687
|switch|p2a: Celebi|Celebi|80/100
|-damage|p2a: Celebi|64/100|[from] Spikes
|-damage|p2a: Celebi|51/100|[from] Stealth Rock
|move|p1a: Gliscor|Stealth Rock||[still]
|-fail|p1a: Gliscor
|
|-weather|Sandstorm|[upkeep]
|-damage|p2a: Celebi|45/100|[from] Sandstorm
|upkeep
|turn|163
|
|t:|1709153704
|move|p1a: Gliscor|Stealth Rock||[still]
|-fail|p1a: Gliscor
|move|p2a: Celebi|Recover|p2a: Celebi
|-heal|p2a: Celebi|95/100
|
|-weather|Sandstorm|[upkeep]
|-damage|p2a: Celebi|89/100|[from] Sandstorm
|upkeep
|turn|164
|
|t:|1709153715
|move|p1a: Gliscor|Protect|p1a: Gliscor
|-singleturn|p1a: Gliscor|Protect
|move|p2a: Celebi|Baton Pass|p2a: Celebi
|
|t:|1709153717
|switch|p2a: Hippowdon|Hippowdon, M|100/100|[from] Baton Pass
|-damage|p2a: Hippowdon|84/100|[from] Spikes
|-damage|p2a: Hippowdon|78/100|[from] Stealth Rock
|
|-weather|Sandstorm|[upkeep]
|-heal|p2a: Hippowdon|84/100|[from] item: Leftovers
|upkeep
|turn|165
|
|t:|1709153720
|switch|p1a: Reuniclus|Reuniclus, M|86/100
|move|p2a: Hippowdon|Stealth Rock||[still]
|-fail|p2a: Hippowdon
|
|-weather|Sandstorm|[upkeep]
|-heal|p2a: Hippowdon|90/100|[from] item: Leftovers
|-heal|p1a: Reuniclus|92/100|[from] item: Leftovers
|upkeep
|turn|166
|
|t:|1709153725
|switch|p2a: Celebi|Celebi|89/100
|-damage|p2a: Celebi|72/100|[from] Spikes
|-damage|p2a: Celebi|60/100|[from] Stealth Rock
|switch|p1a: Gliscor|Gliscor, F|100/100 tox
|-damage|p1a: Gliscor|88/100 tox|[from] Stealth Rock
|
|-weather|Sandstorm|[upkeep]
|-damage|p2a: Celebi|54/100|[from] Sandstorm
|-heal|p1a: Gliscor|100/100 tox|[from] ability: Poison Heal
|upkeep
|turn|167
|
|t:|1709153730
|move|p1a: Gliscor|Stealth Rock||[still]
|-fail|p1a: Gliscor
|move|p2a: Celebi|Giga Drain|p1a: Gliscor
|-damage|p1a: Gliscor|68/100 tox
|-heal|p2a: Celebi|68/100|[from] drain|[of] p1a: Gliscor
|
|-weather|Sandstorm|[upkeep]
|-damage|p2a: Celebi|62/100|[from] Sandstorm
|-heal|p1a: Gliscor|81/100 tox|[from] ability: Poison Heal
|upkeep
|turn|168
|
|t:|1709153743
|move|p1a: Gliscor|Protect|p1a: Gliscor
|-singleturn|p1a: Gliscor|Protect
|move|p2a: Celebi|Giga Drain|p1a: Gliscor
|-activate|p1a: Gliscor|move: Protect
|
|-weather|Sandstorm|[upkeep]
|-damage|p2a: Celebi|55/100|[from] Sandstorm
|-heal|p1a: Gliscor|93/100 tox|[from] ability: Poison Heal
|upkeep
|turn|169
|
|t:|1709153747
|move|p1a: Gliscor|Stealth Rock||[still]
|-fail|p1a: Gliscor
|move|p2a: Celebi|Giga Drain|p1a: Gliscor
|-damage|p1a: Gliscor|61/100 tox
|-heal|p2a: Celebi|70/100|[from] drain|[of] p1a: Gliscor
|
|-weather|Sandstorm|[upkeep]
|-damage|p2a: Celebi|63/100|[from] Sandstorm
|-heal|p1a: Gliscor|73/100 tox|[from] ability: Poison Heal
|upkeep
|turn|170
|
|t:|1709153750
|move|p1a: Gliscor|Protect|p1a: Gliscor
|-singleturn|p1a: Gliscor|Protect
|move|p2a: Celebi|Baton Pass|p2a: Celebi
|
|t:|1709153752
|switch|p2a: Hippowdon|Hippowdon, M|90/100|[from] Baton Pass
|-damage|p2a: Hippowdon|73/100|[from] Spikes
|-damage|p2a: Hippowdon|67/100|[from] Stealth Rock
|
|-weather|Sandstorm|[upkeep]
|-heal|p2a: Hippowdon|73/100|[from] item: Leftovers
|-heal|p1a: Gliscor|86/100 tox|[from] ability: Poison Heal
|upkeep
|turn|171
|
|t:|1709153756
|switch|p1a: Reuniclus|Reuniclus, M|92/100
|move|p2a: Hippowdon|Stealth Rock||[still]
|-fail|p2a: Hippowdon
|
|-weather|Sandstorm|[upkeep]
|-heal|p2a: Hippowdon|80/100|[from] item: Leftovers
|-heal|p1a: Reuniclus|99/100|[from] item: Leftovers
|upkeep
|turn|172
|
|t:|1709153758
|move|p2a: Hippowdon|Stealth Rock||[still]
|-fail|p2a: Hippowdon
|move|p1a: Reuniclus|Calm Mind|p1a: Reuniclus
|-boost|p1a: Reuniclus|spa|1
|-boost|p1a: Reuniclus|spd|1
|
|-weather|Sandstorm|[upkeep]
|-heal|p2a: Hippowdon|86/100|[from] item: Leftovers
|-heal|p1a: Reuniclus|100/100|[from] item: Leftovers
|upkeep
|turn|173
|
|t:|1709153763
|move|p2a: Hippowdon|Stealth Rock||[still]
|-fail|p2a: Hippowdon
|move|p1a: Reuniclus|Calm Mind|p1a: Reuniclus
|-boost|p1a: Reuniclus|spa|1
|-boost|p1a: Reuniclus|spd|1
|
|-weather|Sandstorm|[upkeep]
|-heal|p2a: Hippowdon|92/100|[from] item: Leftovers
|upkeep
|turn|174
|
|t:|1709153768
|move|p1a: Reuniclus|Focus Blast|p2a: Hippowdon
|-damage|p2a: Hippowdon|48/100
|move|p2a: Hippowdon|Whirlwind|p1a: Reuniclus
|drag|p1a: Gliscor|Gliscor, F|86/100 tox
|-damage|p1a: Gliscor|73/100 tox|[from] Stealth Rock
|
|-weather|Sandstorm|[upkeep]
|-heal|p2a: Hippowdon|54/100|[from] item: Leftovers
|-heal|p1a: Gliscor|86/100 tox|[from] ability: Poison Heal
|upkeep
|turn|175
|
|t:|1709153772
|switch|p1a: Reuniclus|Reuniclus, M|100/100
|move|p2a: Hippowdon|Stealth Rock||[still]
|-fail|p2a: Hippowdon
|
|-weather|Sandstorm|[upkeep]
|-heal|p2a: Hippowdon|60/100|[from] item: Leftovers
|upkeep
|turn|176
|
|t:|1709153780
|switch|p1a: Gliscor|Gliscor, F|86/100 tox
|-damage|p1a: Gliscor|73/100 tox|[from] Stealth Rock
|move|p2a: Hippowdon|Stealth Rock||[still]
|-fail|p2a: Hippowdon
|
|-weather|Sandstorm|[upkeep]
|-heal|p2a: Hippowdon|66/100|[from] item: Leftovers
|-heal|p1a: Gliscor|86/100 tox|[from] ability: Poison Heal
|upkeep
|turn|177
|
|t:|1709153791
|switch|p1a: Reuniclus|Reuniclus, M|100/100
|move|p2a: Hippowdon|Stealth Rock||[still]
|-fail|p2a: Hippowdon
|
|-weather|Sandstorm|[upkeep]
|-heal|p2a: Hippowdon|72/100|[from] item: Leftovers
|upkeep
|turn|178
|
|t:|1709153795
|switch|p1a: Gliscor|Gliscor, F|86/100 tox
|-damage|p1a: Gliscor|73/100 tox|[from] Stealth Rock
|move|p2a: Hippowdon|Stealth Rock||[still]
|-fail|p2a: Hippowdon
|
|-weather|Sandstorm|[upkeep]
|-heal|p2a: Hippowdon|79/100|[from] item: Leftovers
|-heal|p1a: Gliscor|86/100 tox|[from] ability: Poison Heal
|upkeep
|turn|179
|
|t:|1709153801
|switch|p1a: Reuniclus|Reuniclus, M|100/100
|switch|p2a: Celebi|Celebi|63/100
|-damage|p2a: Celebi|47/100|[from] Spikes
|-damage|p2a: Celebi|34/100|[from] Stealth Rock
|
|-weather|Sandstorm|[upkeep]
|-damage|p2a: Celebi|28/100|[from] Sandstorm
|upkeep
|turn|180
|
|t:|1709153808
|move|p2a: Celebi|Recover|p2a: Celebi
|-heal|p2a: Celebi|78/100
|move|p1a: Reuniclus|Calm Mind|p1a: Reuniclus
|-boost|p1a: Reuniclus|spa|1
|-boost|p1a: Reuniclus|spd|1
|
|-weather|Sandstorm|[upkeep]
|-damage|p2a: Celebi|72/100|[from] Sandstorm
|upkeep
|turn|181
|
|t:|1709153814
|move|p2a: Celebi|Perish Song|p2a: Celebi
|-start|p1a: Reuniclus|perish3|[silent]
|-start|p2a: Celebi|perish3|[silent]
|-fieldactivate|move: Perish Song
|move|p1a: Reuniclus|Calm Mind|p1a: Reuniclus
|-boost|p1a: Reuniclus|spa|1
|-boost|p1a: Reuniclus|spd|1
|
|-weather|Sandstorm|[upkeep]
|-damage|p2a: Celebi|66/100|[from] Sandstorm
|-start|p2a: Celebi|perish3
|-start|p1a: Reuniclus|perish3
|upkeep
|turn|182
|
|t:|1709153818
|move|p2a: Celebi|Giga Drain|p1a: Reuniclus
|-damage|p1a: Reuniclus|89/100
|-heal|p2a: Celebi|72/100|[from] drain|[of] p1a: Reuniclus
|move|p1a: Reuniclus|Psyshock|p2a: Celebi
|-resisted|p2a: Celebi
|-damage|p2a: Celebi|43/100
|
|-weather|Sandstorm|[upkeep]
|-damage|p2a: Celebi|37/100|[from] Sandstorm
|-heal|p1a: Reuniclus|95/100|[from] item: Leftovers
|-start|p2a: Celebi|perish2
|-start|p1a: Reuniclus|perish2
|upkeep
|turn|183
|
|t:|1709153823
|move|p2a: Celebi|Recover|p2a: Celebi
|-heal|p2a: Celebi|87/100
|move|p1a: Reuniclus|Psyshock|p2a: Celebi
|-resisted|p2a: Celebi
|-damage|p2a: Celebi|59/100
|
|-weather|Sandstorm|[upkeep]
|-damage|p2a: Celebi|53/100|[from] Sandstorm
|-heal|p1a: Reuniclus|100/100|[from] item: Leftovers
|-start|p2a: Celebi|perish1
|-start|p1a: Reuniclus|perish1
|upkeep
|turn|184
|
|t:|1709153828
|switch|p2a: Hippowdon|Hippowdon, M|79/100
|-damage|p2a: Hippowdon|62/100|[from] Spikes
|-damage|p2a: Hippowdon|56/100|[from] Stealth Rock
|switch|p1a: Gliscor|Gliscor, F|86/100 tox
|-damage|p1a: Gliscor|73/100 tox|[from] Stealth Rock
|
|-weather|Sandstorm|[upkeep]
|-heal|p2a: Hippowdon|62/100|[from] item: Leftovers
|-heal|p1a: Gliscor|86/100 tox|[from] ability: Poison Heal
|upkeep
|turn|185
|
|t:|1709153831
|switch|p1a: Reuniclus|Reuniclus, M|100/100
|move|p2a: Hippowdon|Stealth Rock||[still]
|-fail|p2a: Hippowdon
|
|-weather|Sandstorm|[upkeep]
|-heal|p2a: Hippowdon|68/100|[from] item: Leftovers
|upkeep
|turn|186
|
|t:|1709153834
|switch|p1a: Gliscor|Gliscor, F|86/100 tox
|-damage|p1a: Gliscor|73/100 tox|[from] Stealth Rock
|move|p2a: Hippowdon|Stealth Rock||[still]
|-fail|p2a: Hippowdon
|
|-weather|Sandstorm|[upkeep]
|-heal|p2a: Hippowdon|74/100|[from] item: Leftovers
|-heal|p1a: Gliscor|86/100 tox|[from] ability: Poison Heal
|upkeep
|turn|187
|-message|ShadowTag980 forfeited.
|
|win|the great gazump
|raw|the great gazump's rating: 1491 &rarr; <strong>1508</strong><br />(+17 for winning)
|raw|ShadowTag980's rating: 1445 &rarr; <strong>1428</strong><br />(-17 for losing)
|l|☆ShadowTag980
|player|p2|
|c|☆the great gazump|gg
