|j|☆linrenshan
|j|☆HydreigonSpammer
|t:|1734440543
|gametype|singles
|player|p1|linrenshan|cynthia|1391
|player|p2|HydreigonSpammer|veteranf|1282
|teamsize|p1|6
|teamsize|p2|6
|gen|5
|tier|[Gen 5] OU
|rated|
|rule|Species Clause: Limit one of each Pokémon
|rule|OHKO Clause: OHKO moves are banned
|rule|Moody Clause: Moody is banned
|rule|Evasion Items Clause: Evasion items are banned
|rule|Evasion Moves Clause: Evasion moves are banned
|rule|Endless Battle Clause: Forcing endless battles is banned
|rule|HP Percentage Mod: HP is shown in percentages
|rule|Evasion Abilities Clause: Evasion abilities are banned
|rule|Sleep Moves Clause: Sleep-inducing moves are banned
|rule|Swagger Clause: Swagger is banned
|rule|Baton Pass Stat Clause: No Baton Passer may have a way to boost its stats
|clearpoke
|poke|p1|Garchomp, F|item
|poke|p1|Tyranitar, F|item
|poke|p1|Infernape, F|item
|poke|p1|Jolteon, M|item
|poke|p1|Salamence, F|item
|poke|p1|Jellicent, M|item
|poke|p2|Dugtrio, F|item
|poke|p2|Hydreigon, F|item
|poke|p2|Drapion, M|item
|poke|p2|Regice|item
|poke|p2|Keldeo|item
|poke|p2|Starmie|item
|teampreview
|inactive|Battle timer is ON: inactive players will automatically lose when time's up. (requested by HydreigonSpammer)
|inactive|linrenshan also wants the timer to be on.
|
|t:|1734440570
|start
|switch|p1a: Salamence|Salamence, F|100/100
|switch|p2a: Dugtrio|Dugtrio, F|100/100
|turn|1
|
|t:|1734440585
|move|p1a: Salamence|Outrage|p2a: Dugtrio
|-enditem|p2a: Dugtrio|Focus Sash
|-damage|p2a: Dugtrio|1/100
|move|p2a: Dugtrio|Stealth Rock|p1a: Salamence
|-sidestart|p1: linrenshan|move: Stealth Rock
|
|upkeep
|turn|2
|
|t:|1734440595
|move|p1a: Salamence|Outrage|p2a: Dugtrio|[from]lockedmove
|-damage|p2a: Dugtrio|0 fnt
|faint|p2a: Dugtrio
|-ability|p1a: Salamence|Moxie|boost
|-boost|p1a: Salamence|atk|1
|-start|p1a: Salamence|confusion|[fatigue]
|
|upkeep
|
|t:|1734440600
|switch|p2a: Regice|Regice|100/100
|turn|3
|
|t:|1734440605
|-activate|p1a: Salamence|confusion
|move|p1a: Salamence|Outrage|p2a: Regice
|-damage|p2a: Regice|39/100
|move|p2a: Regice|Ice Beam|p1a: Salamence
|-supereffective|p1a: Salamence
|-damage|p1a: Salamence|0 fnt
|faint|p1a: Salamence
|
|-heal|p2a: Regice|45/100|[from] item: Leftovers
|upkeep
|
|t:|1734440615
|switch|p1a: Infernape|Infernape, F, shiny|100/100
|-damage|p1a: Infernape|88/100|[from] Stealth Rock
|turn|4
|
|t:|1734440623
|switch|p2a: Keldeo|Keldeo|100/100
|move|p1a: Infernape|Stealth Rock|p2a: Keldeo
|-sidestart|p2: HydreigonSpammer|move: Stealth Rock
|
|upkeep
|turn|5
|
|t:|1734440634
|switch|p2a: Hydreigon|Hydreigon, F, shiny|100/100
|-damage|p2a: Hydreigon|88/100|[from] Stealth Rock
|switch|p1a: Jellicent|Jellicent, M|100/100
|-damage|p1a: Jellicent|88/100|[from] Stealth Rock
|
|-heal|p1a: Jellicent|94/100|[from] item: Leftovers
|upkeep
|turn|6
|
|t:|1734440645
|switch|p1a: Infernape|Infernape, F, shiny|88/100
|-damage|p1a: Infernape|76/100|[from] Stealth Rock
|move|p2a: Hydreigon|Draco Meteor|p1a: Infernape
|-damage|p1a: Infernape|0 fnt
|-unboost|p2a: Hydreigon|spa|2
|faint|p1a: Infernape
|
|upkeep
|
|t:|1734440655
|switch|p1a: Tyranitar|Tyranitar, F, shiny|100/100
|-damage|p1a: Tyranitar|88/100|[from] Stealth Rock
|-weather|Sandstorm|[from] ability: Sand Stream|[of] p1a: Tyranitar
|turn|7
|
|t:|1734440661
|switch|p2a: Drapion|Drapion, M|100/100
|-damage|p2a: Drapion|88/100|[from] Stealth Rock
|-item|p2a: Drapion|Air Balloon
|move|p1a: Tyranitar|Superpower|p2a: Drapion
|-damage|p2a: Drapion|32/100
|-unboost|p1a: Tyranitar|atk|1
|-unboost|p1a: Tyranitar|def|1
|-enditem|p2a: Drapion|Air Balloon
|
|-weather|Sandstorm|[upkeep]
|-damage|p2a: Drapion|26/100|[from] Sandstorm
|upkeep
|turn|8
|
|t:|1734440675
|move|p2a: Drapion|Toxic Spikes|p1a: Tyranitar
|-sidestart|p1: linrenshan|move: Toxic Spikes
|move|p1a: Tyranitar|Superpower|p2a: Drapion
|-damage|p2a: Drapion|0 fnt
|-unboost|p1a: Tyranitar|atk|1
|-unboost|p1a: Tyranitar|def|1
|faint|p2a: Drapion
|
|-weather|Sandstorm|[upkeep]
|upkeep
|
|t:|1734440688
|switch|p2a: Keldeo|Keldeo|100/100
|-damage|p2a: Keldeo|94/100|[from] Stealth Rock
|turn|9
|
|t:|1734440693
|switch|p1a: Jolteon|Jolteon, M|100/100
|-damage|p1a: Jolteon|88/100|[from] Stealth Rock
|-status|p1a: Jolteon|psn
|move|p2a: Keldeo|Secret Sword|p1a: Jolteon
|-damage|p1a: Jolteon|0 fnt
|faint|p1a: Jolteon
|
|-weather|Sandstorm|[upkeep]
|-damage|p2a: Keldeo|88/100|[from] Sandstorm
|upkeep
|
|t:|1734440705
|switch|p1a: Jellicent|Jellicent, M|94/100
|-damage|p1a: Jellicent|82/100|[from] Stealth Rock
|-status|p1a: Jellicent|psn
|turn|10
|
|t:|1734440714
|switch|p2a: Starmie|Starmie|100/100
|-damage|p2a: Starmie|88/100|[from] Stealth Rock
|move|p1a: Jellicent|Toxic|p2a: Starmie
|-status|p2a: Starmie|tox
|
|-weather|Sandstorm|[upkeep]
|-damage|p2a: Starmie|82/100 tox|[from] Sandstorm
|-damage|p1a: Jellicent|76/100 psn|[from] Sandstorm
|-heal|p2a: Starmie|88/100 tox|[from] item: Leftovers
|-heal|p1a: Jellicent|82/100 psn|[from] item: Leftovers
|-damage|p2a: Starmie|82/100 tox|[from] psn
|-damage|p1a: Jellicent|70/100 psn|[from] psn
|upkeep
|turn|11
|
|t:|1734440732
|move|p2a: Starmie|Thunderbolt|p1a: Jellicent
|-supereffective|p1a: Jellicent
|-damage|p1a: Jellicent|28/100 psn
|move|p1a: Jellicent|Hex|p2a: Starmie
|-supereffective|p2a: Starmie
|-damage|p2a: Starmie|0 fnt
|faint|p2a: Starmie
|
|-weather|Sandstorm|[upkeep]
|-damage|p1a: Jellicent|22/100 psn|[from] Sandstorm
|-heal|p1a: Jellicent|28/100 psn|[from] item: Leftovers
|-damage|p1a: Jellicent|16/100 psn|[from] psn
|upkeep
|
|t:|1734440745
|switch|p2a: Hydreigon|Hydreigon, F, shiny|88/100
|-damage|p2a: Hydreigon|76/100|[from] Stealth Rock
|turn|12
|
|t:|1734440754
|move|p2a: Hydreigon|Dark Pulse|p1a: Jellicent
|-supereffective|p1a: Jellicent
|-damage|p1a: Jellicent|0 fnt
|faint|p1a: Jellicent
|
|-weather|Sandstorm|[upkeep]
|-damage|p2a: Hydreigon|70/100|[from] Sandstorm
|upkeep
|
|t:|1734440763
|switch|p1a: Garchomp|Garchomp, F, shiny|100/100
|-damage|p1a: Garchomp|94/100|[from] Stealth Rock
|-status|p1a: Garchomp|psn
|turn|13
|
|t:|1734440770
|switch|p2a: Regice|Regice|45/100
|-damage|p2a: Regice|20/100|[from] Stealth Rock
|move|p1a: Garchomp|Outrage|p2a: Regice
|-damage|p2a: Regice|0 fnt
|faint|p2a: Regice
|
|-weather|Sandstorm|[upkeep]
|-damage|p1a: Garchomp|82/100 psn|[from] psn
|upkeep
|
|t:|1734440773
|switch|p2a: Keldeo|Keldeo|88/100
|-damage|p2a: Keldeo|82/100|[from] Stealth Rock
|turn|14
|
|t:|1734440784
|move|p2a: Keldeo|Hidden Power|p1a: Garchomp
|-supereffective|p1a: Garchomp
|-damage|p1a: Garchomp|0 fnt
|faint|p1a: Garchomp
|
|-weather|Sandstorm|[upkeep]
|-damage|p2a: Keldeo|76/100|[from] Sandstorm
|upkeep
|
|t:|1734440792
|switch|p1a: Tyranitar|Tyranitar, F, shiny|88/100
|-damage|p1a: Tyranitar|76/100|[from] Stealth Rock
|-status|p1a: Tyranitar|psn
|turn|15
|
|t:|1734440799
|switch|p2a: Hydreigon|Hydreigon, F, shiny|70/100
|-damage|p2a: Hydreigon|57/100|[from] Stealth Rock
|move|p1a: Tyranitar|Superpower|p2a: Hydreigon
|-supereffective|p2a: Hydreigon
|-damage|p2a: Hydreigon|0 fnt
|-unboost|p1a: Tyranitar|atk|1
|-unboost|p1a: Tyranitar|def|1
|faint|p2a: Hydreigon
|
|-weather|Sandstorm|[upkeep]
|-damage|p1a: Tyranitar|63/100 psn|[from] psn
|upkeep
|
|t:|1734440802
|switch|p2a: Keldeo|Keldeo|76/100
|-damage|p2a: Keldeo|70/100|[from] Stealth Rock
|turn|16
|
|t:|1734440815
|move|p2a: Keldeo|Secret Sword|p1a: Tyranitar
|-supereffective|p1a: Tyranitar
|-damage|p1a: Tyranitar|0 fnt
|faint|p1a: Tyranitar
|
|win|HydreigonSpammer
|raw|linrenshan's rating: 1391 &rarr; <strong>1365</strong><br />(-26 for losing)
|raw|HydreigonSpammer's rating: 1282 &rarr; <strong>1315</strong><br />(+33 for winning)
