|j|☆Xyzzy 1
|j|☆Crimsonbacon38
|t:|1730572122
|gametype|singles
|player|p1|Xyzzy 1|skier|1348
|player|p2|Crimsonbacon38|barry|1311
|teamsize|p1|6
|teamsize|p2|6
|gen|5
|tier|[Gen 5] OU
|rated|
|rule|Species Clause: Limit one of each Pokémon
|rule|OHKO Clause: OHKO moves are banned
|rule|Moody Clause: Moody is banned
|rule|Evasion Items Clause: Evasion items are banned
|rule|Evasion Moves Clause: Evasion moves are banned
|rule|Endless Battle Clause: Forcing endless battles is banned
|rule|HP Percentage Mod: HP is shown in percentages
|rule|Evasion Abilities Clause: Evasion abilities are banned
|rule|Sleep Moves Clause: Sleep-inducing moves are banned
|rule|Swagger Clause: Swagger is banned
|rule|Baton Pass Stat Clause: No Baton Passer may have a way to boost its stats
|clearpoke
|poke|p1|Tyranitar, F|item
|poke|p1|Reuniclus, F|item
|poke|p1|Latios, M|item
|poke|p1|Rotom-Wash|item
|poke|p1|Landorus-Therian, M|item
|poke|p1|Skarmory, M|item
|poke|p2|Tyranitar, F|item
|poke|p2|Excadrill, M|item
|poke|p2|Landorus-Therian, M|item
|poke|p2|Rotom-Wash|item
|poke|p2|Ferrothorn, F|item
|poke|p2|Latios, M|item
|teampreview
|inactive|Battle timer is ON: inactive players will automatically lose when time's up. (requested by Xyzzy 1)
|inactive|Xyzzy 1 has 120 seconds left.
|
|t:|1730572154
|start
|switch|p1a: Landorus|Landorus-Therian, M|100/100
|switch|p2a: Tyranitar|Tyranitar, F|100/100
|-ability|p1a: Landorus|Intimidate|boost
|-unboost|p2a: Tyranitar|atk|1
|-weather|Sandstorm|[from] ability: Sand Stream|[of] p2a: Tyranitar
|turn|1
|
|t:|1730572160
|switch|p2a: Landorus|Landorus-Therian, M|100/100
|-ability|p2a: Landorus|Intimidate|boost
|-unboost|p1a: Landorus|atk|1
|move|p1a: Landorus|Stealth Rock|p2a: Landorus
|-sidestart|p2: Crimsonbacon38|move: Stealth Rock
|
|-weather|Sandstorm|[upkeep]
|upkeep
|turn|2
|
|t:|1730572177
|move|p2a: Landorus|Stealth Rock|p1a: Landorus
|-sidestart|p1: Xyzzy 1|move: Stealth Rock
|move|p1a: Landorus|Hidden Power|p2a: Landorus
|-supereffective|p2a: Landorus
|-damage|p2a: Landorus|16/100
|
|-weather|Sandstorm|[upkeep]
|-heal|p2a: Landorus|22/100|[from] item: Leftovers
|upkeep
|turn|3
|
|t:|1730572185
|move|p2a: Landorus|Hidden Power|p1a: Landorus
|-supereffective|p1a: Landorus
|-damage|p1a: Landorus|23/100
|move|p1a: Landorus|Hidden Power|p2a: Landorus
|-supereffective|p2a: Landorus
|-damage|p2a: Landorus|0 fnt
|faint|p2a: Landorus
|
|-weather|Sandstorm|[upkeep]
|-heal|p1a: Landorus|30/100|[from] item: Leftovers
|upkeep
|
|t:|1730572196
|switch|p2a: Rotom|Rotom-Wash|100/100
|-damage|p2a: Rotom|88/100|[from] Stealth Rock
|turn|4
|
|t:|1730572215
|move|p1a: Landorus|Hidden Power|p2a: Rotom
|-resisted|p2a: Rotom
|-damage|p2a: Rotom|80/100
|move|p2a: Rotom|Hydro Pump|p1a: Landorus
|-supereffective|p1a: Landorus
|-damage|p1a: Landorus|0 fnt
|faint|p1a: Landorus
|
|-weather|Sandstorm|[upkeep]
|-damage|p2a: Rotom|74/100|[from] Sandstorm
|-heal|p2a: Rotom|80/100|[from] item: Leftovers
|upkeep
|inactive|Xyzzy 1 has 120 seconds left.
|
|t:|1730572243
|switch|p1a: Tyranitar|Tyranitar, F|100/100
|-damage|p1a: Tyranitar|88/100|[from] Stealth Rock
|turn|5
|
|t:|1730572245
|move|p2a: Rotom|Will-O-Wisp|p1a: Tyranitar
|-status|p1a: Tyranitar|brn
|move|p1a: Tyranitar|Thunder Wave|p2a: Rotom
|-status|p2a: Rotom|par
|
|-weather|Sandstorm|[upkeep]
|-damage|p2a: Rotom|74/100 par|[from] Sandstorm
|-heal|p2a: Rotom|80/100 par|[from] item: Leftovers
|-damage|p1a: Tyranitar|76/100 brn|[from] brn
|upkeep
|turn|6
|
|t:|1730572253
|move|p1a: Tyranitar|Crunch|p2a: Rotom
|-damage|p2a: Rotom|64/100 par
|cant|p2a: Rotom|par
|
|-weather|Sandstorm|[upkeep]
|-damage|p2a: Rotom|58/100 par|[from] Sandstorm
|-heal|p2a: Rotom|64/100 par|[from] item: Leftovers
|-damage|p1a: Tyranitar|63/100 brn|[from] brn
|upkeep
|turn|7
|
|t:|1730572260
|move|p1a: Tyranitar|Crunch|p2a: Rotom
|-damage|p2a: Rotom|47/100 par
|move|p2a: Rotom|Hydro Pump|p1a: Tyranitar|[miss]
|-miss|p2a: Rotom|p1a: Tyranitar
|
|-weather|Sandstorm|[upkeep]
|-damage|p2a: Rotom|40/100 par|[from] Sandstorm
|-heal|p2a: Rotom|47/100 par|[from] item: Leftovers
|-damage|p1a: Tyranitar|51/100 brn|[from] brn
|upkeep
|turn|8
|
|t:|1730572266
|move|p1a: Tyranitar|Crunch|p2a: Rotom
|-damage|p2a: Rotom|30/100 par
|move|p2a: Rotom|Hydro Pump|p1a: Tyranitar
|-supereffective|p1a: Tyranitar
|-damage|p1a: Tyranitar|11/100 brn
|
|-weather|Sandstorm|[upkeep]
|-damage|p2a: Rotom|24/100 par|[from] Sandstorm
|-heal|p2a: Rotom|30/100 par|[from] item: Leftovers
|-damage|p1a: Tyranitar|0 fnt|[from] brn
|faint|p1a: Tyranitar
|upkeep
|
|t:|1730572276
|switch|p1a: Rotom|Rotom-Wash, shiny|100/100
|-damage|p1a: Rotom|88/100|[from] Stealth Rock
|turn|9
|
|t:|1730572279
|move|p1a: Rotom|Volt Switch|p2a: Rotom
|-damage|p2a: Rotom|3/100 par
|
|t:|1730572282
|switch|p1a: Skarmory|Skarmory, M, shiny|100/100|[from] Volt Switch
|-damage|p1a: Skarmory|88/100|[from] Stealth Rock
|move|p2a: Rotom|Will-O-Wisp|p1a: Skarmory|[miss]
|-miss|p2a: Rotom|p1a: Skarmory
|
|-weather|Sandstorm|[upkeep]
|-damage|p2a: Rotom|0 fnt|[from] Sandstorm
|faint|p2a: Rotom
|upkeep
|
|t:|1730572291
|switch|p2a: Excadrill|Excadrill, M|100/100
|-damage|p2a: Excadrill|97/100|[from] Stealth Rock
|turn|10
|
|t:|1730572304
|move|p2a: Excadrill|Swords Dance|p2a: Excadrill
|-boost|p2a: Excadrill|atk|2
|move|p1a: Skarmory|Spikes|p2a: Excadrill
|-sidestart|p2: Crimsonbacon38|Spikes
|
|-weather|Sandstorm|[upkeep]
|-heal|p2a: Excadrill|100/100|[from] item: Leftovers
|upkeep
|turn|11
|
|t:|1730572309
|move|p2a: Excadrill|Rapid Spin|p1a: Skarmory
|-resisted|p1a: Skarmory
|-damage|p1a: Skarmory|84/100
|-damage|p2a: Excadrill|84/100|[from] item: Rocky Helmet|[of] p1a: Skarmory
|-sideend|p2: Crimsonbacon38|Spikes|[from] move: Rapid Spin|[of] p2a: Excadrill
|-sideend|p2: Crimsonbacon38|Stealth Rock|[from] move: Rapid Spin|[of] p2a: Excadrill
|move|p1a: Skarmory|Whirlwind|p2a: Excadrill
|drag|p2a: Latios|Latios, M|100/100
|
|-weather|Sandstorm|[upkeep]
|-damage|p2a: Latios|95/100|[from] Sandstorm
|upkeep
|turn|12
|
|t:|1730572320
|switch|p1a: Latios|Latios, M|100/100
|-damage|p1a: Latios|88/100|[from] Stealth Rock
|move|p2a: Latios|Surf|p1a: Latios
|-resisted|p1a: Latios
|-damage|p1a: Latios|70/100
|
|-weather|Sandstorm|[upkeep]
|-damage|p2a: Latios|89/100|[from] Sandstorm
|-damage|p1a: Latios|64/100|[from] Sandstorm
|upkeep
|turn|13
|l|☆Xyzzy 1
|inactive|Xyzzy 1 disconnected and has a minute to reconnect!
|player|p1|
|inactive|Xyzzy 1 has 30 seconds to reconnect!
|j|☆Xyzzy 1
|inactive|Xyzzy 1 reconnected and has 90 seconds left.
|player|p1|Xyzzy 1|skier|
|
|t:|1730572386
|switch|p2a: Tyranitar|Tyranitar, F|100/100
|switch|p1a: Skarmory|Skarmory, M, shiny|84/100
|-damage|p1a: Skarmory|71/100|[from] Stealth Rock
|
|-weather|Sandstorm|[upkeep]
|upkeep
|turn|14
|
|t:|1730572393
|move|p1a: Skarmory|Spikes|p2a: Tyranitar
|-sidestart|p2: Crimsonbacon38|Spikes
|move|p2a: Tyranitar|Thunder Wave|p1a: Skarmory
|-status|p1a: Skarmory|par
|
|-weather|Sandstorm|[upkeep]
|upkeep
|turn|15
|inactive|Xyzzy 1 has 90 seconds left.
|
|t:|1730572418
|switch|p2a: Excadrill|Excadrill, M|84/100
|-damage|p2a: Excadrill|71/100|[from] Spikes
|move|p1a: Skarmory|Roost|p1a: Skarmory
|-heal|p1a: Skarmory|100/100 par
|-singleturn|p1a: Skarmory|move: Roost
|
|-weather|Sandstorm|[upkeep]
|-heal|p2a: Excadrill|78/100|[from] item: Leftovers
|upkeep
|turn|16
|
|t:|1730572423
|move|p2a: Excadrill|Rapid Spin|p1a: Skarmory
|-resisted|p1a: Skarmory
|-damage|p1a: Skarmory|98/100 par
|-damage|p2a: Excadrill|61/100|[from] item: Rocky Helmet|[of] p1a: Skarmory
|-sideend|p2: Crimsonbacon38|Spikes|[from] move: Rapid Spin|[of] p2a: Excadrill
|move|p1a: Skarmory|Whirlwind|p2a: Excadrill
|drag|p2a: Tyranitar|Tyranitar, F|100/100
|
|-weather|Sandstorm|[upkeep]
|upkeep
|turn|17
|
|t:|1730572439
|switch|p2a: Ferrothorn|Ferrothorn, F|100/100
|move|p1a: Skarmory|Spikes|p2a: Ferrothorn
|-sidestart|p2: Crimsonbacon38|Spikes
|
|-weather|Sandstorm|[upkeep]
|upkeep
|turn|18
|
|t:|1730572448
|switch|p1a: Rotom|Rotom-Wash, shiny|88/100
|-damage|p1a: Rotom|75/100|[from] Stealth Rock
|move|p2a: Ferrothorn|Knock Off|p1a: Rotom
|-damage|p1a: Rotom|72/100
|-enditem|p1a: Rotom|Leftovers|[from] move: Knock Off|[of] p2a: Ferrothorn
|
|-weather|Sandstorm|[upkeep]
|-damage|p1a: Rotom|65/100|[from] Sandstorm
|upkeep
|turn|19
|
|t:|1730572461
|move|p1a: Rotom|Will-O-Wisp|p2a: Ferrothorn
|-status|p2a: Ferrothorn|brn
|move|p2a: Ferrothorn|Power Whip|p1a: Rotom|[miss]
|-miss|p2a: Ferrothorn|p1a: Rotom
|
|-weather|Sandstorm|[upkeep]
|-damage|p1a: Rotom|59/100|[from] Sandstorm
|-damage|p2a: Ferrothorn|88/100 brn|[from] brn
|upkeep
|turn|20
|inactive|Xyzzy 1 has 120 seconds left.
|
|t:|1730572481
|move|p1a: Rotom|Pain Split|p2a: Ferrothorn
|-sethp|p2a: Ferrothorn|70/100 brn|[from] move: Pain Split|[silent]
|-sethp|p1a: Rotom|80/100|[from] move: Pain Split
|move|p2a: Ferrothorn|Power Whip|p1a: Rotom
|-supereffective|p1a: Rotom
|-damage|p1a: Rotom|51/100
|
|-weather|Sandstorm|[upkeep]
|-damage|p1a: Rotom|45/100|[from] Sandstorm
|-heal|p2a: Ferrothorn|76/100 brn|[from] item: Leftovers
|-damage|p2a: Ferrothorn|63/100 brn|[from] brn
|upkeep
|turn|21
|
|t:|1730572490
|switch|p2a: Latios|Latios, M|89/100
|move|p1a: Rotom|Pain Split|p2a: Latios
|-sethp|p2a: Latios|67/100|[from] move: Pain Split|[silent]
|-sethp|p1a: Rotom|66/100|[from] move: Pain Split
|
|-weather|Sandstorm|[upkeep]
|-damage|p2a: Latios|61/100|[from] Sandstorm
|-damage|p1a: Rotom|60/100|[from] Sandstorm
|upkeep
|turn|22
|
|t:|1730572502
|switch|p1a: Skarmory|Skarmory, M, shiny|98/100 par
|-damage|p1a: Skarmory|86/100 par|[from] Stealth Rock
|move|p2a: Latios|Draco Meteor|p1a: Skarmory
|-resisted|p1a: Skarmory
|-damage|p1a: Skarmory|50/100 par
|-unboost|p2a: Latios|spa|2
|
|-weather|Sandstorm|[upkeep]
|-damage|p2a: Latios|55/100|[from] Sandstorm
|upkeep
|turn|23
|
|t:|1730572510
|move|p2a: Latios|Draco Meteor|p1a: Skarmory
|-resisted|p1a: Skarmory
|-damage|p1a: Skarmory|33/100 par
|-unboost|p2a: Latios|spa|2
|move|p1a: Skarmory|Roost|p1a: Skarmory
|-heal|p1a: Skarmory|83/100 par
|-singleturn|p1a: Skarmory|move: Roost
|
|-weather|Sandstorm|[upkeep]
|-damage|p2a: Latios|49/100|[from] Sandstorm
|upkeep
|turn|24
|
|t:|1730572516
|move|p2a: Latios|Draco Meteor|p1a: Skarmory
|-resisted|p1a: Skarmory
|-damage|p1a: Skarmory|71/100 par
|-unboost|p2a: Latios|spa|2
|cant|p1a: Skarmory|par
|
|-weather|Sandstorm|[upkeep]
|-damage|p2a: Latios|43/100|[from] Sandstorm
|upkeep
|turn|25
|
|t:|1730572522
|move|p2a: Latios|Draco Meteor|p1a: Skarmory
|-resisted|p1a: Skarmory
|-crit|p1a: Skarmory
|-damage|p1a: Skarmory|9/100 par
|move|p1a: Skarmory|Roost|p1a: Skarmory
|-heal|p1a: Skarmory|59/100 par
|-singleturn|p1a: Skarmory|move: Roost
|
|-weather|Sandstorm|[upkeep]
|-damage|p2a: Latios|37/100|[from] Sandstorm
|upkeep
|turn|26
|
|t:|1730572527
|switch|p2a: Excadrill|Excadrill, M|61/100
|-damage|p2a: Excadrill|49/100|[from] Spikes
|move|p1a: Skarmory|Roost|p1a: Skarmory
|-heal|p1a: Skarmory|100/100 par
|-singleturn|p1a: Skarmory|move: Roost
|
|-weather|Sandstorm|[upkeep]
|-heal|p2a: Excadrill|55/100|[from] item: Leftovers
|upkeep
|turn|27
|
|t:|1730572531
|move|p2a: Excadrill|Swords Dance|p2a: Excadrill
|-boost|p2a: Excadrill|atk|2
|move|p1a: Skarmory|Spikes|p2a: Excadrill
|-sidestart|p2: Crimsonbacon38|Spikes
|
|-weather|Sandstorm|[upkeep]
|-heal|p2a: Excadrill|61/100|[from] item: Leftovers
|upkeep
|turn|28
|
|t:|1730572534
|move|p2a: Excadrill|Iron Head|p1a: Skarmory
|-resisted|p1a: Skarmory
|-damage|p1a: Skarmory|59/100 par
|-damage|p2a: Excadrill|44/100|[from] item: Rocky Helmet|[of] p1a: Skarmory
|cant|p1a: Skarmory|flinch
|
|-weather|Sandstorm|[upkeep]
|-heal|p2a: Excadrill|51/100|[from] item: Leftovers
|upkeep
|turn|29
|
|t:|1730572540
|move|p2a: Excadrill|Iron Head|p1a: Skarmory
|-resisted|p1a: Skarmory
|-crit|p1a: Skarmory
|-damage|p1a: Skarmory|0 fnt
|-damage|p2a: Excadrill|34/100|[from] item: Rocky Helmet|[of] p1a: Skarmory
|faint|p1a: Skarmory
|
|-weather|Sandstorm|[upkeep]
|-heal|p2a: Excadrill|40/100|[from] item: Leftovers
|upkeep
|
|t:|1730572547
|switch|p1a: Latios|Latios, M|64/100
|-damage|p1a: Latios|52/100|[from] Stealth Rock
|turn|30
|
|t:|1730572555
|switch|p2a: Ferrothorn|Ferrothorn, F|63/100 brn
|-damage|p2a: Ferrothorn|47/100 brn|[from] Spikes
|move|p1a: Latios|Surf|p2a: Ferrothorn
|-resisted|p2a: Ferrothorn
|-damage|p2a: Ferrothorn|35/100 brn
|
|-weather|Sandstorm|[upkeep]
|-damage|p1a: Latios|46/100|[from] Sandstorm
|-heal|p2a: Ferrothorn|41/100 brn|[from] item: Leftovers
|-damage|p2a: Ferrothorn|29/100 brn|[from] brn
|upkeep
|turn|31
|inactive|Xyzzy 1 has 120 seconds left.
|
|t:|1730572591
|switch|p1a: Rotom|Rotom-Wash, shiny|60/100
|-damage|p1a: Rotom|47/100|[from] Stealth Rock
|move|p2a: Ferrothorn|Power Whip|p1a: Rotom
|-supereffective|p1a: Rotom
|-damage|p1a: Rotom|13/100
|
|-weather|Sandstorm|[upkeep]
|-damage|p1a: Rotom|7/100|[from] Sandstorm
|-heal|p2a: Ferrothorn|35/100 brn|[from] item: Leftovers
|-damage|p2a: Ferrothorn|23/100 brn|[from] brn
|upkeep
|turn|32
|inactive|Xyzzy 1 has 120 seconds left.
|
|t:|1730572598
|move|p1a: Rotom|Hydro Pump|p2a: Ferrothorn|[miss]
|-miss|p1a: Rotom|p2a: Ferrothorn
|move|p2a: Ferrothorn|Spikes|p1a: Rotom
|-sidestart|p1: Xyzzy 1|Spikes
|
|-weather|Sandstorm|[upkeep]
|-damage|p1a: Rotom|1/100|[from] Sandstorm
|-heal|p2a: Ferrothorn|29/100 brn|[from] item: Leftovers
|-damage|p2a: Ferrothorn|16/100 brn|[from] brn
|upkeep
|turn|33
|inactive|Xyzzy 1 has 120 seconds left.
|
|t:|1730572611
|move|p1a: Rotom|Hydro Pump|p2a: Ferrothorn
|-resisted|p2a: Ferrothorn
|-damage|p2a: Ferrothorn|3/100 brn
|move|p2a: Ferrothorn|Knock Off|p1a: Rotom
|-damage|p1a: Rotom|0 fnt
|faint|p1a: Rotom
|
|-weather|Sandstorm|[upkeep]
|-heal|p2a: Ferrothorn|9/100 brn|[from] item: Leftovers
|-damage|p2a: Ferrothorn|0 fnt|[from] brn
|faint|p2a: Ferrothorn
|upkeep
|
|t:|1730572624
|switch|p1a: Latios|Latios, M|46/100
|switch|p2a: Tyranitar|Tyranitar, F|100/100
|-damage|p1a: Latios|33/100|[from] Stealth Rock
|-damage|p2a: Tyranitar|84/100|[from] Spikes
|turn|34
|
|t:|1730572636
|move|p1a: Latios|Draco Meteor|p2a: Tyranitar
|-crit|p2a: Tyranitar
|-damage|p2a: Tyranitar|9/100
|-unboost|p1a: Latios|spa|2
|move|p2a: Tyranitar|Pursuit|p1a: Latios
|-supereffective|p1a: Latios
|-damage|p1a: Latios|0 fnt
|faint|p1a: Latios
|
|-weather|Sandstorm|[upkeep]
|upkeep
|
|t:|1730572644
|switch|p1a: Reuniclus|Reuniclus, F, shiny|100/100
|turn|35
|
|t:|1730572650
|move|p2a: Tyranitar|Crunch|p1a: Reuniclus
|-supereffective|p1a: Reuniclus
|-damage|p1a: Reuniclus|45/100
|move|p1a: Reuniclus|Focus Blast|p2a: Tyranitar
|-supereffective|p2a: Tyranitar
|-enditem|p2a: Tyranitar|Chople Berry|[eat]
|-enditem|p2a: Tyranitar|Chople Berry|[weaken]
|-damage|p2a: Tyranitar|0 fnt
|faint|p2a: Tyranitar
|
|-weather|Sandstorm|[upkeep]
|-heal|p1a: Reuniclus|51/100|[from] item: Leftovers
|upkeep
|
|t:|1730572655
|switch|p2a: Excadrill|Excadrill, M|40/100
|-damage|p2a: Excadrill|24/100|[from] Spikes
|turn|36
|
|t:|1730572662
|move|p2a: Excadrill|Earthquake|p1a: Reuniclus
|-damage|p1a: Reuniclus|6/100
|move|p1a: Reuniclus|Focus Blast|p2a: Excadrill
|-supereffective|p2a: Excadrill
|-damage|p2a: Excadrill|0 fnt
|faint|p2a: Excadrill
|
|-weather|Sandstorm|[upkeep]
|-heal|p1a: Reuniclus|12/100|[from] item: Leftovers
|upkeep
|
|t:|1730572668
|switch|p2a: Latios|Latios, M|37/100
|turn|37
|
|t:|1730572672
|move|p2a: Latios|Surf|p1a: Reuniclus
|-damage|p1a: Reuniclus|0 fnt
|faint|p1a: Reuniclus
|
|win|Crimsonbacon38
|raw|Xyzzy 1's rating: 1348 &rarr; <strong>1326</strong><br />(-22 for losing)
|raw|Crimsonbacon38's rating: 1311 &rarr; <strong>1333</strong><br />(+22 for winning)
|l|☆Xyzzy 1
|player|p1|
|c|☆Crimsonbacon38|gg
