|j|☆Franco J
|j|☆av2336
|t:|1716490395
|gametype|singles
|player|p1|Franco J|n|1359
|player|p2|av2336|pokemaniac-gen3rs|1377
|teamsize|p1|6
|teamsize|p2|6
|gen|5
|tier|[Gen 5] OU
|rated|
|rule|Species Clause: Limit one of each Pokémon
|rule|OHKO Clause: OHKO moves are banned
|rule|Moody Clause: Moody is banned
|rule|Evasion Items Clause: Evasion items are banned
|rule|Evasion Moves Clause: Evasion moves are banned
|rule|Endless Battle Clause: Forcing endless battles is banned
|rule|HP Percentage Mod: HP is shown in percentages
|rule|Evasion Abilities Clause: Evasion abilities are banned
|rule|Sleep Moves Clause: Sleep-inducing moves are banned
|rule|Swagger Clause: Swagger is banned
|rule|Baton Pass Stat Clause: No Baton Passer may have a way to boost its stats
|clearpoke
|poke|p1|Lucario, M|item
|poke|p1|Sigilyph, F|item
|poke|p1|Skarmory, M|item
|poke|p1|Gengar, F|item
|poke|p1|Tyranitar, M|item
|poke|p1|Gastrodon, F|item
|poke|p2|Bronzong|item
|poke|p2|Dusclops, M|item
|poke|p2|Reuniclus, M|item
|poke|p2|Marowak, F|item
|poke|p2|Conkeldurr, F|item
|poke|p2|Crawdaunt, F|item
|teampreview
|inactive|Battle timer is ON: inactive players will automatically lose when time's up. (requested by av2336)
|
|t:|1716490406
|start
|switch|p1a: Skarmory|Skarmory, M|100/100
|switch|p2a: Bronzong|Bronzong|100/100
|turn|1
|
|t:|1716490412
|move|p1a: Skarmory|Taunt|p2a: Bronzong
|-start|p2a: Bronzong|move: Taunt
|cant|p2a: Bronzong|move: Taunt|Stealth Rock
|
|upkeep
|turn|2
|
|t:|1716490423
|switch|p2a: Marowak|Marowak, F|100/100
|move|p1a: Skarmory|Stealth Rock|p2a: Marowak
|-sidestart|p2: av2336|move: Stealth Rock
|
|upkeep
|turn|3
|
|t:|1716490451
|move|p1a: Skarmory|Spikes|p2a: Marowak
|-sidestart|p2: av2336|Spikes
|move|p2a: Marowak|Fire Punch|p1a: Skarmory
|-supereffective|p1a: Skarmory
|-damage|p1a: Skarmory|21/100
|
|upkeep
|turn|4
|-enditem|p1a: Skarmory|Custap Berry|[eat]
|-activate|p1a: Skarmory|item: Custap Berry|[consumed]
|
|t:|1716490455
|move|p1a: Skarmory|Spikes|p2a: Marowak
|-sidestart|p2: av2336|Spikes
|move|p2a: Marowak|Fire Punch|p1a: Skarmory
|-supereffective|p1a: Skarmory
|-crit|p1a: Skarmory
|-damage|p1a: Skarmory|0 fnt
|faint|p1a: Skarmory
|
|upkeep
|
|t:|1716490461
|switch|p1a: Atenea|Sigilyph, F|100/100
|turn|5
|
|t:|1716490473
|move|p1a: Atenea|Ice Beam|p2a: Marowak
|-supereffective|p2a: Marowak
|-damage|p2a: Marowak|28/100
|move|p2a: Marowak|Double-Edge|p1a: Atenea
|-damage|p1a: Atenea|8/100
|
|upkeep
|turn|6
|
|t:|1716490493
|switch|p2a: Bronzong|Bronzong|100/100
|-damage|p2a: Bronzong|94/100|[from] Stealth Rock
|move|p1a: Atenea|Ice Beam|p2a: Bronzong
|-resisted|p2a: Bronzong
|-damage|p2a: Bronzong|82/100
|
|upkeep
|turn|7
|
|t:|1716490499
|move|p1a: Atenea|Thunder Wave|p2a: Bronzong
|-status|p2a: Bronzong|par
|move|p2a: Bronzong|Trick Room|p2a: Bronzong
|-fieldstart|move: Trick Room|[of] p2a: Bronzong
|
|upkeep
|turn|8
|
|t:|1716490504
|cant|p2a: Bronzong|par
|move|p1a: Atenea|Heat Wave|p2a: Bronzong
|-supereffective|p2a: Bronzong
|-enditem|p2a: Bronzong|Occa Berry|[eat]
|-enditem|p2a: Bronzong|Occa Berry|[weaken]
|-damage|p2a: Bronzong|58/100 par
|
|upkeep
|turn|9
|
|t:|1716490511
|switch|p1a: Gastrodon|Gastrodon, F|100/100
|move|p2a: Bronzong|Stealth Rock|p1a: Gastrodon
|-sidestart|p1: Franco J|move: Stealth Rock
|
|upkeep
|turn|10
|
|t:|1716490529
|move|p2a: Bronzong|Explosion|p1a: Gastrodon
|-damage|p1a: Gastrodon|61/100
|faint|p2a: Bronzong
|move|p1a: Gastrodon|Scald|p2: Bronzong|[notarget]
|-fail|p1a: Gastrodon
|
|-heal|p1a: Gastrodon|67/100|[from] item: Leftovers
|upkeep
|inactive|av2336 has 120 seconds left.
|
|t:|1716490556
|switch|p2a: Reuniclus|Reuniclus, M|100/100
|turn|11
|
|t:|1716490566
|move|p2a: Reuniclus|Psychic|p1a: Gastrodon
|-crit|p1a: Gastrodon
|-damage|p1a: Gastrodon|0 fnt
|faint|p1a: Gastrodon
|
|-fieldend|move: Trick Room
|upkeep
|
|t:|1716490568
|switch|p1a: God|Tyranitar, M|100/100
|-damage|p1a: God|88/100|[from] Stealth Rock
|-weather|Sandstorm|[from] ability: Sand Stream|[of] p1a: God
|turn|12
|
|t:|1716490571
|move|p1a: God|Crunch|p2a: Reuniclus
|-supereffective|p2a: Reuniclus
|-damage|p2a: Reuniclus|24/100
|move|p2a: Reuniclus|Trick Room|p2a: Reuniclus
|-fieldstart|move: Trick Room|[of] p2a: Reuniclus
|
|-weather|Sandstorm|[upkeep]
|upkeep
|turn|13
|
|t:|1716490580
|move|p2a: Reuniclus|Focus Blast|p1a: God
|-supereffective|p1a: God
|-enditem|p1a: God|Chople Berry|[eat]
|-enditem|p1a: God|Chople Berry|[weaken]
|-damage|p1a: God|37/100
|move|p1a: God|Pursuit|p2a: Reuniclus
|-supereffective|p2a: Reuniclus
|-crit|p2a: Reuniclus
|-damage|p2a: Reuniclus|0 fnt
|faint|p2a: Reuniclus
|
|-weather|Sandstorm|[upkeep]
|upkeep
|
|t:|1716490591
|switch|p2a: Marowak|Marowak, F|28/100
|-damage|p2a: Marowak|21/100|[from] Stealth Rock
|-damage|p2a: Marowak|5/100|[from] Spikes
|turn|14
|
|t:|1716490603
|switch|p1a: Karen II|Gengar, F|100/100
|-damage|p1a: Karen II|88/100|[from] Stealth Rock
|move|p2a: Marowak|Earthquake|p1a: Karen II
|-immune|p1a: Karen II|[from] ability: Levitate
|
|-weather|Sandstorm|[upkeep]
|-damage|p1a: Karen II|82/100|[from] Sandstorm
|-heal|p1a: Karen II|88/100|[from] item: Black Sludge
|upkeep
|turn|15
|
|t:|1716490610
|move|p2a: Marowak|Fire Punch|p1a: Karen II
|-damage|p1a: Karen II|8/100
|move|p1a: Karen II|Shadow Ball|p2a: Marowak
|-damage|p2a: Marowak|0 fnt
|faint|p2a: Marowak
|
|-weather|Sandstorm|[upkeep]
|-damage|p1a: Karen II|2/100|[from] Sandstorm
|-heal|p1a: Karen II|8/100|[from] item: Black Sludge
|upkeep
|
|t:|1716490621
|switch|p2a: Conkeldurr|Conkeldurr, F|100/100
|-damage|p2a: Conkeldurr|94/100|[from] Stealth Rock
|-damage|p2a: Conkeldurr|78/100|[from] Spikes
|turn|16
|
|t:|1716490625
|move|p2a: Conkeldurr|Ice Punch|p1a: Karen II
|-damage|p1a: Karen II|0 fnt
|faint|p1a: Karen II
|
|-weather|Sandstorm|[upkeep]
|-damage|p2a: Conkeldurr|72/100|[from] Sandstorm
|-fieldend|move: Trick Room
|upkeep
|
|t:|1716490628
|switch|p1a: Atenea|Sigilyph, F|8/100
|turn|17
|
|t:|1716490634
|move|p2a: Conkeldurr|Mach Punch|p1a: Atenea
|-resisted|p1a: Atenea
|-damage|p1a: Atenea|0 fnt
|faint|p1a: Atenea
|-damage|p2a: Conkeldurr|62/100|[from] item: Life Orb
|
|-weather|Sandstorm|[upkeep]
|-damage|p2a: Conkeldurr|56/100|[from] Sandstorm
|upkeep
|
|t:|1716490638
|switch|p1a: Ne|Lucario, M|100/100
|-damage|p1a: Ne|98/100|[from] Stealth Rock
|turn|18
|
|t:|1716490662
|move|p1a: Ne|Extreme Speed|p2a: Conkeldurr
|-damage|p2a: Conkeldurr|27/100
|-damage|p1a: Ne|88/100|[from] item: Life Orb
|move|p2a: Conkeldurr|Drain Punch|p1a: Ne
|-supereffective|p1a: Ne
|-damage|p1a: Ne|0 fnt
|-heal|p2a: Conkeldurr|57/100|[from] drain|[of] p1a: Ne
|faint|p1a: Ne
|-damage|p2a: Conkeldurr|47/100|[from] item: Life Orb
|
|-weather|Sandstorm|[upkeep]
|-damage|p2a: Conkeldurr|41/100|[from] Sandstorm
|upkeep
|-message|Franco J forfeited.
|
|win|av2336
|raw|Franco J's rating: 1359 &rarr; <strong>1340</strong><br />(-19 for losing)
|raw|av2336's rating: 1377 &rarr; <strong>1396</strong><br />(+19 for winning)
|l|☆Franco J
|player|p1|
