|j|☆Alexia B.
|j|☆anglemort33
|t:|1723772020
|gametype|singles
|player|p1|Alexia B.|cynthia|1419
|player|p2|anglemort33|2|1353
|teamsize|p1|6
|teamsize|p2|6
|gen|5
|tier|[Gen 5] OU
|rated|
|rule|Species Clause: Limit one of each Pokémon
|rule|OHKO Clause: OHKO moves are banned
|rule|Moody Clause: Moody is banned
|rule|Evasion Items Clause: Evasion items are banned
|rule|Evasion Moves Clause: Evasion moves are banned
|rule|Endless Battle Clause: Forcing endless battles is banned
|rule|HP Percentage Mod: HP is shown in percentages
|rule|Evasion Abilities Clause: Evasion abilities are banned
|rule|Sleep Moves Clause: Sleep-inducing moves are banned
|rule|Swagger Clause: Swagger is banned
|rule|Baton Pass Stat Clause: No Baton Passer may have a way to boost its stats
|clearpoke
|poke|p1|Skarmory, F|item
|poke|p1|Politoed, F|item
|poke|p1|Tentacruel, F|item
|poke|p1|Rotom|item
|poke|p1|Landorus-Therian, M|item
|poke|p1|Chansey, F|item
|poke|p2|Tyranitar, M|item
|poke|p2|Skarmory, F|item
|poke|p2|Jellicent, F|item
|poke|p2|Latios, M|item
|poke|p2|Alakazam, F|item
|poke|p2|Gliscor, M|item
|teampreview
|
|t:|1723772042
|start
|switch|p1a: Tentacruel|Tentacruel, F|100/100
|switch|p2a: ICANT|Gliscor, M|100/100
|turn|1
|
|t:|1723772059
|move|p1a: Tentacruel|Toxic Spikes|p2a: ICANT
|-sidestart|p2: anglemort33|move: Toxic Spikes
|move|p2a: ICANT|Earthquake|p1a: Tentacruel
|-supereffective|p1a: Tentacruel
|-damage|p1a: Tentacruel|14/100
|
|-heal|p1a: Tentacruel|20/100|[from] item: Black Sludge
|-status|p2a: ICANT|tox|[from] item: Toxic Orb
|upkeep
|turn|2
|inactive|Battle timer is ON: inactive players will automatically lose when time's up. (requested by Alexia B.)
|
|t:|1723772105
|move|p1a: Tentacruel|Protect|p1a: Tentacruel
|-singleturn|p1a: Tentacruel|Protect
|move|p2a: ICANT|U-turn|p1a: Tentacruel
|-activate|p1a: Tentacruel|move: Protect
|
|-heal|p1a: Tentacruel|26/100|[from] item: Black Sludge
|upkeep
|turn|3
|
|t:|1723772113
|switch|p1a: Landorus|Landorus-Therian, M|100/100
|-ability|p1a: Landorus|Intimidate|boost
|-unboost|p2a: ICANT|atk|1
|move|p2a: ICANT|Earthquake|p1a: Landorus
|-immune|p1a: Landorus
|
|upkeep
|turn|4
|
|t:|1723772121
|switch|p2a: KEKW|Skarmory, F|100/100
|move|p1a: Landorus|Stealth Rock|p2a: KEKW
|-sidestart|p2: anglemort33|move: Stealth Rock
|
|upkeep
|turn|5
|
|t:|1723772129
|move|p1a: Landorus|U-turn|p2a: KEKW
|-resisted|p2a: KEKW
|-damage|p2a: KEKW|96/100
|
|t:|1723772134
|switch|p1a: Politoed|Politoed, F|100/100|[from] U-turn
|-weather|RainDance|[from] ability: Drizzle|[of] p1a: Politoed
|move|p2a: KEKW|Spikes|p1a: Politoed
|-sidestart|p1: Alexia B.|Spikes
|
|-weather|RainDance|[upkeep]
|-heal|p2a: KEKW|100/100|[from] item: Leftovers
|upkeep
|turn|6
|inactive|anglemort33 has 120 seconds left.
|
|t:|1723772167
|move|p1a: Politoed|Scald|p2a: KEKW
|-damage|p2a: KEKW|55/100
|-status|p2a: KEKW|brn
|move|p2a: KEKW|Spikes|p1a: Politoed
|-sidestart|p1: Alexia B.|Spikes
|
|-weather|RainDance|[upkeep]
|-heal|p2a: KEKW|61/100 brn|[from] item: Leftovers
|-damage|p2a: KEKW|48/100 brn|[from] brn
|upkeep
|turn|7
|inactive|anglemort33 has 120 seconds left.
|
|t:|1723772190
|switch|p1a: Tentacruel|Tentacruel, F|26/100
|-damage|p1a: Tentacruel|10/100|[from] Spikes
|switch|p2a: OkaygeBusiness|Jellicent, F|100/100
|-status|p2a: OkaygeBusiness|psn
|-damage|p2a: OkaygeBusiness|88/100 psn|[from] Stealth Rock
|
|-weather|RainDance|[upkeep]
|-heal|p1a: Tentacruel|16/100|[from] ability: Rain Dish
|-heal|p1a: Tentacruel|22/100|[from] item: Black Sludge
|-heal|p2a: OkaygeBusiness|94/100 psn|[from] item: Leftovers
|-damage|p2a: OkaygeBusiness|82/100 psn|[from] psn
|upkeep
|turn|8
|
|t:|1723772204
|move|p1a: Tentacruel|Protect|p1a: Tentacruel
|-singleturn|p1a: Tentacruel|Protect
|move|p2a: OkaygeBusiness|Night Shade|p1a: Tentacruel
|-activate|p1a: Tentacruel|move: Protect
|
|-weather|RainDance|[upkeep]
|-heal|p1a: Tentacruel|28/100|[from] ability: Rain Dish
|-heal|p1a: Tentacruel|34/100|[from] item: Black Sludge
|-heal|p2a: OkaygeBusiness|88/100 psn|[from] item: Leftovers
|-damage|p2a: OkaygeBusiness|76/100 psn|[from] psn
|upkeep
|turn|9
|
|t:|1723772217
|switch|p2a: Bedge|Tyranitar, M|100/100
|-status|p2a: Bedge|psn
|-damage|p2a: Bedge|88/100 psn|[from] Stealth Rock
|-weather|Sandstorm|[from] ability: Sand Stream|[of] p2a: Bedge
|move|p1a: Tentacruel|Toxic Spikes|p2a: Bedge
|-sidestart|p2: anglemort33|move: Toxic Spikes
|
|-weather|Sandstorm|[upkeep]
|-damage|p1a: Tentacruel|28/100|[from] Sandstorm
|-heal|p1a: Tentacruel|34/100|[from] item: Black Sludge
|-damage|p2a: Bedge|76/100 psn|[from] psn
|upkeep
|turn|10
|
|t:|1723772239
|move|p1a: Tentacruel|Protect|p1a: Tentacruel
|-singleturn|p1a: Tentacruel|Protect
|move|p2a: Bedge|Pursuit|p1a: Tentacruel
|-activate|p1a: Tentacruel|move: Protect
|
|-weather|Sandstorm|[upkeep]
|-damage|p1a: Tentacruel|28/100|[from] Sandstorm
|-heal|p1a: Tentacruel|34/100|[from] item: Black Sludge
|-damage|p2a: Bedge|63/100 psn|[from] psn
|upkeep
|turn|11
|
|t:|1723772246
|move|p1a: Tentacruel|Rapid Spin|p2a: Bedge
|-resisted|p2a: Bedge
|-damage|p2a: Bedge|62/100 psn
|-sideend|p1: Alexia B.|Spikes|[from] move: Rapid Spin|[of] p1a: Tentacruel
|move|p2a: Bedge|Crunch|p1a: Tentacruel
|-damage|p1a: Tentacruel|0 fnt
|faint|p1a: Tentacruel
|
|-weather|Sandstorm|[upkeep]
|-damage|p2a: Bedge|50/100 psn|[from] psn
|upkeep
|
|t:|1723772257
|switch|p1a: Politoed|Politoed, F|100/100
|-weather|RainDance|[from] ability: Drizzle|[of] p1a: Politoed
|turn|12
|
|t:|1723772266
|switch|p1a: Skarmory|Skarmory, F|100/100
|switch|p2a: OkaygeBusiness|Jellicent, F|76/100 psn
|-damage|p2a: OkaygeBusiness|63/100 psn|[from] Stealth Rock
|
|-weather|RainDance|[upkeep]
|-heal|p2a: OkaygeBusiness|69/100 psn|[from] item: Leftovers
|-damage|p2a: OkaygeBusiness|57/100 psn|[from] psn
|upkeep
|turn|13
|inactive|anglemort33 has 120 seconds left.
|
|t:|1723772282
|move|p2a: OkaygeBusiness|Will-O-Wisp|p1a: Skarmory
|-status|p1a: Skarmory|brn
|move|p1a: Skarmory|Spikes|p2a: OkaygeBusiness
|-sidestart|p2: anglemort33|Spikes
|
|-weather|RainDance|[upkeep]
|-heal|p2a: OkaygeBusiness|63/100 psn|[from] item: Leftovers
|-damage|p2a: OkaygeBusiness|51/100 psn|[from] psn
|-damage|p1a: Skarmory|88/100 brn|[from] brn
|upkeep
|turn|14
|inactive|anglemort33 has 120 seconds left.
|
|t:|1723772299
|switch|p2a: ICANT|Gliscor, M|100/100 tox
|-damage|p2a: ICANT|88/100 tox|[from] Stealth Rock
|move|p1a: Skarmory|Spikes|p2a: ICANT
|-sidestart|p2: anglemort33|Spikes
|
|-weather|RainDance|[upkeep]
|-heal|p2a: ICANT|100/100 tox|[from] ability: Poison Heal
|-damage|p1a: Skarmory|76/100 brn|[from] brn
|upkeep
|turn|15
|
|t:|1723772304
|move|p2a: ICANT|Stealth Rock|p1a: Skarmory
|-sidestart|p1: Alexia B.|move: Stealth Rock
|move|p1a: Skarmory|Whirlwind|p2a: ICANT
|drag|p2a: KEKW|Skarmory, F|48/100 brn
|-damage|p2a: KEKW|36/100 brn|[from] Stealth Rock
|
|-weather|RainDance|[upkeep]
|-heal|p2a: KEKW|42/100 brn|[from] item: Leftovers
|-damage|p1a: Skarmory|64/100 brn|[from] brn
|-damage|p2a: KEKW|30/100 brn|[from] brn
|upkeep
|turn|16
|inactive|anglemort33 has 120 seconds left.
|
|t:|1723772319
|move|p2a: KEKW|Spikes|p1a: Skarmory
|-sidestart|p1: Alexia B.|Spikes
|move|p1a: Skarmory|Whirlwind|p2a: KEKW
|drag|p2a: Bedge|Tyranitar, M|50/100 psn
|-damage|p2a: Bedge|38/100 psn|[from] Stealth Rock
|-damage|p2a: Bedge|21/100 psn|[from] Spikes
|-weather|Sandstorm|[from] ability: Sand Stream|[of] p2a: Bedge
|
|-weather|Sandstorm|[upkeep]
|-damage|p2a: Bedge|9/100 psn|[from] psn
|-damage|p1a: Skarmory|51/100 brn|[from] brn
|upkeep
|turn|17
|inactive|anglemort33 has 120 seconds left.
|
|t:|1723772329
|move|p1a: Skarmory|Roost|p1a: Skarmory
|-heal|p1a: Skarmory|100/100 brn
|-singleturn|p1a: Skarmory|move: Roost
|move|p2a: Bedge|Superpower|p1a: Skarmory
|-supereffective|p1a: Skarmory
|-damage|p1a: Skarmory|52/100 brn
|-unboost|p2a: Bedge|atk|1
|-unboost|p2a: Bedge|def|1
|
|-weather|Sandstorm|[upkeep]
|-damage|p2a: Bedge|0 fnt|[from] psn
|faint|p2a: Bedge
|-damage|p1a: Skarmory|40/100 brn|[from] brn
|upkeep
|inactive|anglemort33 has 120 seconds left.
|inactive|anglemort33 has 90 seconds left.
|
|t:|1723772372
|switch|p2a: Wokege|Latios, M|100/100
|-damage|p2a: Wokege|88/100|[from] Stealth Rock
|turn|18
|inactive|anglemort33 has 90 seconds left.
|
|t:|1723772387
|switch|p1a: Chansey|Chansey, F|100/100
|-damage|p1a: Chansey|88/100|[from] Stealth Rock
|-damage|p1a: Chansey|76/100|[from] Spikes
|move|p2a: Wokege|Hidden Power|p1a: Chansey
|-damage|p1a: Chansey|69/100
|
|-weather|Sandstorm|[upkeep]
|-damage|p2a: Wokege|82/100|[from] Sandstorm
|-damage|p1a: Chansey|63/100|[from] Sandstorm
|upkeep
|turn|19
|inactive|anglemort33 has 90 seconds left.
|
|t:|1723772412
|switch|p2a: ICANT|Gliscor, M|100/100 tox
|-damage|p2a: ICANT|88/100 tox|[from] Stealth Rock
|move|p1a: Chansey|Heal Bell|p1a: Chansey
|-activate|p1a: Chansey|move: Heal Bell
|-curestatus|p1: Skarmory|brn|[msg]
|
|-weather|Sandstorm|[upkeep]
|-damage|p1a: Chansey|56/100|[from] Sandstorm
|-heal|p2a: ICANT|100/100 tox|[from] ability: Poison Heal
|upkeep
|turn|20
|
|t:|1723772432
|switch|p1a: Skarmory|Skarmory, F|40/100
|-damage|p1a: Skarmory|28/100|[from] Stealth Rock
|move|p2a: ICANT|U-turn|p1a: Skarmory
|-resisted|p1a: Skarmory
|-damage|p1a: Skarmory|26/100
|inactive|anglemort33 has 60 seconds left.
|
|t:|1723772449
|switch|p2a: Wokege|Latios, M|82/100|[from] U-turn
|-damage|p2a: Wokege|70/100|[from] Stealth Rock
|
|-weather|Sandstorm|[upkeep]
|-damage|p2a: Wokege|64/100|[from] Sandstorm
|upkeep
|turn|21
|inactive|anglemort33 has 60 seconds left.
|
|t:|1723772454
|move|p2a: Wokege|Draco Meteor|p1a: Skarmory
|-resisted|p1a: Skarmory
|-damage|p1a: Skarmory|0 fnt
|-unboost|p2a: Wokege|spa|2
|faint|p1a: Skarmory
|
|-weather|Sandstorm|[upkeep]
|-damage|p2a: Wokege|58/100|[from] Sandstorm
|upkeep
|
|t:|1723772462
|switch|p1a: Chansey|Chansey, F|56/100
|-damage|p1a: Chansey|44/100|[from] Stealth Rock
|-damage|p1a: Chansey|32/100|[from] Spikes
|turn|22
|inactive|anglemort33 has 60 seconds left.
|
|t:|1723772483
|switch|p2a: KEKW|Skarmory, F|30/100 brn
|-damage|p2a: KEKW|18/100 brn|[from] Stealth Rock
|move|p1a: Chansey|Soft-Boiled|p1a: Chansey
|-heal|p1a: Chansey|82/100
|
|-weather|Sandstorm|[upkeep]
|-damage|p1a: Chansey|76/100|[from] Sandstorm
|-heal|p2a: KEKW|24/100 brn|[from] item: Leftovers
|-damage|p2a: KEKW|11/100 brn|[from] brn
|upkeep
|turn|23
|inactive|anglemort33 has 60 seconds left.
|
|t:|1723772489
|move|p2a: KEKW|Roost|p2a: KEKW
|-heal|p2a: KEKW|61/100 brn
|-singleturn|p2a: KEKW|move: Roost
|move|p1a: Chansey|Seismic Toss|p2a: KEKW
|-damage|p2a: KEKW|31/100 brn
|
|-weather|Sandstorm|[upkeep]
|-damage|p1a: Chansey|69/100|[from] Sandstorm
|-heal|p2a: KEKW|37/100 brn|[from] item: Leftovers
|-damage|p2a: KEKW|25/100 brn|[from] brn
|upkeep
|turn|24
|
|t:|1723772498
|switch|p1a: Politoed|Politoed, F|100/100
|-damage|p1a: Politoed|88/100|[from] Stealth Rock
|-damage|p1a: Politoed|76/100|[from] Spikes
|-weather|RainDance|[from] ability: Drizzle|[of] p1a: Politoed
|move|p2a: KEKW|Roost|p2a: KEKW
|-heal|p2a: KEKW|75/100 brn
|-singleturn|p2a: KEKW|move: Roost
|
|-weather|RainDance|[upkeep]
|-heal|p2a: KEKW|81/100 brn|[from] item: Leftovers
|-damage|p2a: KEKW|69/100 brn|[from] brn
|upkeep
|turn|25
|
|t:|1723772506
|move|p1a: Politoed|Hydro Pump|p2a: KEKW
|-damage|p2a: KEKW|2/100 brn
|move|p2a: KEKW|Spikes|p1a: Politoed
|-sidestart|p1: Alexia B.|Spikes
|
|-weather|RainDance|[upkeep]
|-heal|p2a: KEKW|8/100 brn|[from] item: Leftovers
|-damage|p2a: KEKW|0 fnt|[from] brn
|faint|p2a: KEKW
|upkeep
|inactive|anglemort33 has 60 seconds left.
|
|t:|1723772529
|switch|p2a: OkaygeBusiness|Jellicent, F|51/100 psn
|-damage|p2a: OkaygeBusiness|38/100 psn|[from] Stealth Rock
|-damage|p2a: OkaygeBusiness|22/100 psn|[from] Spikes
|turn|26
|
|t:|1723772537
|switch|p1a: Rotom|Rotom|100/100
|-damage|p1a: Rotom|88/100|[from] Stealth Rock
|move|p2a: OkaygeBusiness|Will-O-Wisp|p1a: Rotom
|-status|p1a: Rotom|brn
|
|-weather|RainDance|[upkeep]
|-heal|p2a: OkaygeBusiness|28/100 psn|[from] item: Leftovers
|-heal|p1a: Rotom|94/100 brn|[from] item: Leftovers
|-damage|p2a: OkaygeBusiness|16/100 psn|[from] psn
|-damage|p1a: Rotom|82/100 brn|[from] brn
|upkeep
|turn|27
|
|t:|1723772546
|move|p2a: OkaygeBusiness|Night Shade|p1a: Rotom
|-damage|p1a: Rotom|49/100 brn
|move|p1a: Rotom|Thunder|p2a: OkaygeBusiness
|-supereffective|p2a: OkaygeBusiness
|-damage|p2a: OkaygeBusiness|0 fnt
|faint|p2a: OkaygeBusiness
|
|-weather|RainDance|[upkeep]
|-heal|p1a: Rotom|55/100 brn|[from] item: Leftovers
|-damage|p1a: Rotom|43/100 brn|[from] brn
|upkeep
|inactive|anglemort33 has 60 seconds left.
|
|t:|1723772573
|switch|p2a: Wokege|Latios, M|58/100
|-damage|p2a: Wokege|46/100|[from] Stealth Rock
|turn|28
|
|t:|1723772579
|move|p2a: Wokege|Surf|p1a: Rotom
|-damage|p1a: Rotom|0 fnt
|faint|p1a: Rotom
|
|-weather|RainDance|[upkeep]
|upkeep
|
|t:|1723772585
|switch|p1a: Chansey|Chansey, F|69/100
|-damage|p1a: Chansey|57/100|[from] Stealth Rock
|-damage|p1a: Chansey|40/100|[from] Spikes
|turn|29
|inactive|anglemort33 has 60 seconds left.
|
|t:|1723772607
|move|p2a: Wokege|Recover|p2a: Wokege
|-heal|p2a: Wokege|96/100
|move|p1a: Chansey|Soft-Boiled|p1a: Chansey
|-heal|p1a: Chansey|91/100
|
|-weather|RainDance|[upkeep]
|upkeep
|turn|30
|inactive|anglemort33 has 60 seconds left.
|
|t:|1723772614
|switch|p2a: ICANT|Gliscor, M|100/100 tox
|-damage|p2a: ICANT|88/100 tox|[from] Stealth Rock
|move|p1a: Chansey|Seismic Toss|p2a: ICANT
|-damage|p2a: ICANT|60/100 tox
|
|-weather|RainDance|[upkeep]
|-heal|p2a: ICANT|72/100 tox|[from] ability: Poison Heal
|upkeep
|turn|31
|
|t:|1723772622
|move|p2a: ICANT|Earthquake|p1a: Chansey
|-damage|p1a: Chansey|69/100
|move|p1a: Chansey|Toxic|p2a: ICANT
|-fail|p2a: ICANT|tox
|
|-weather|RainDance|[upkeep]
|-heal|p2a: ICANT|85/100 tox|[from] ability: Poison Heal
|upkeep
|turn|32
|
|t:|1723772634
|move|p2a: ICANT|Earthquake|p1a: Chansey
|-damage|p1a: Chansey|49/100
|move|p1a: Chansey|Soft-Boiled|p1a: Chansey
|-heal|p1a: Chansey|99/100
|
|-weather|RainDance|[upkeep]
|-heal|p2a: ICANT|97/100 tox|[from] ability: Poison Heal
|upkeep
|turn|33
|
|t:|1723772649
|switch|p1a: Landorus|Landorus-Therian, M|100/100
|-damage|p1a: Landorus|88/100|[from] Stealth Rock
|-ability|p1a: Landorus|Intimidate|boost
|-unboost|p2a: ICANT|atk|1
|move|p2a: ICANT|Protect||[still]
|-fail|p2a: ICANT
|
|-weather|RainDance|[upkeep]
|-heal|p2a: ICANT|100/100 tox|[from] ability: Poison Heal
|upkeep
|turn|34
|
|t:|1723772662
|move|p2a: ICANT|Protect|p2a: ICANT
|-singleturn|p2a: ICANT|Protect
|move|p1a: Landorus|Toxic|p2a: ICANT
|-activate|p2a: ICANT|move: Protect
|
|-weather|RainDance|[upkeep]
|upkeep
|turn|35
|inactive|anglemort33 has 60 seconds left.
|
|t:|1723772687
|move|p2a: ICANT|U-turn|p1a: Landorus
|-resisted|p1a: Landorus
|-damage|p1a: Landorus|84/100
|-damage|p2a: ICANT|84/100 tox|[from] item: Rocky Helmet|[of] p1a: Landorus
|
|t:|1723772693
|switch|p2a: Wokege|Latios, M|96/100|[from] U-turn
|-damage|p2a: Wokege|84/100|[from] Stealth Rock
|move|p1a: Landorus|Toxic|p2a: Wokege|[miss]
|-miss|p1a: Landorus|p2a: Wokege
|
|-weather|RainDance|[upkeep]
|upkeep
|turn|36
|inactive|anglemort33 has 60 seconds left.
|
|t:|1723772703
|switch|p1a: Chansey|Chansey, F|99/100
|-damage|p1a: Chansey|86/100|[from] Stealth Rock
|-damage|p1a: Chansey|70/100|[from] Spikes
|move|p2a: Wokege|Surf|p1a: Chansey
|-damage|p1a: Chansey|54/100
|
|-weather|RainDance|[upkeep]
|upkeep
|turn|37
|inactive|anglemort33 has 60 seconds left.
|
|t:|1723772721
|move|p2a: Wokege|Surf|p1a: Chansey
|-crit|p1a: Chansey
|-damage|p1a: Chansey|24/100
|move|p1a: Chansey|Soft-Boiled|p1a: Chansey
|-heal|p1a: Chansey|74/100
|
|-weather|RainDance|[upkeep]
|upkeep
|turn|38
|inactive|anglemort33 has 60 seconds left.
|
|t:|1723772729
|switch|p2a: ICANT|Gliscor, M|84/100 tox
|-damage|p2a: ICANT|72/100 tox|[from] Stealth Rock
|move|p1a: Chansey|Toxic|p2a: ICANT|[miss]
|-miss|p1a: Chansey|p2a: ICANT
|
|-weather|RainDance|[upkeep]
|-heal|p2a: ICANT|84/100 tox|[from] ability: Poison Heal
|upkeep
|turn|39
|
|t:|1723772738
|move|p2a: ICANT|Earthquake|p1a: Chansey
|-damage|p1a: Chansey|51/100
|move|p1a: Chansey|Soft-Boiled|p1a: Chansey
|-heal|p1a: Chansey|100/100
|
|-weather|RainDance|[upkeep]
|-heal|p2a: ICANT|97/100 tox|[from] ability: Poison Heal
|upkeep
|turn|40
|
|t:|1723772750
|switch|p1a: Landorus|Landorus-Therian, M|84/100
|-damage|p1a: Landorus|72/100|[from] Stealth Rock
|-ability|p1a: Landorus|Intimidate|boost
|-unboost|p2a: ICANT|atk|1
|move|p2a: ICANT|Stealth Rock||[still]
|-fail|p2a: ICANT
|
|-weather|RainDance|[upkeep]
|-heal|p2a: ICANT|100/100 tox|[from] ability: Poison Heal
|upkeep
|turn|41
|
|t:|1723772762
|move|p2a: ICANT|Protect|p2a: ICANT
|-singleturn|p2a: ICANT|Protect
|move|p1a: Landorus|Stealth Rock||[still]
|-fail|p1a: Landorus
|
|-weather|RainDance|[upkeep]
|upkeep
|turn|42
|
|t:|1723772779
|move|p2a: ICANT|Stealth Rock||[still]
|-fail|p2a: ICANT
|move|p1a: Landorus|Earthquake|p2a: ICANT
|-immune|p2a: ICANT
|
|-weather|RainDance|[upkeep]
|upkeep
|turn|43
|
|t:|1723772796
|move|p2a: ICANT|Protect|p2a: ICANT
|-singleturn|p2a: ICANT|Protect
|move|p1a: Landorus|Stealth Rock||[still]
|-fail|p1a: Landorus
|
|-weather|RainDance|[upkeep]
|upkeep
|turn|44
|
|t:|1723772808
|move|p2a: ICANT|Stealth Rock||[still]
|-fail|p2a: ICANT
|move|p1a: Landorus|Toxic|p2a: ICANT
|-fail|p2a: ICANT|tox
|
|-weather|RainDance|[upkeep]
|upkeep
|turn|45
|
|t:|1723772811
|move|p2a: ICANT|Stealth Rock||[still]
|-fail|p2a: ICANT
|move|p1a: Landorus|Stealth Rock||[still]
|-fail|p1a: Landorus
|
|-weather|RainDance|[upkeep]
|upkeep
|turn|46
|
|t:|1723772818
|move|p2a: ICANT|U-turn|p1a: Landorus
|-resisted|p1a: Landorus
|-damage|p1a: Landorus|69/100
|-damage|p2a: ICANT|84/100 tox|[from] item: Rocky Helmet|[of] p1a: Landorus
|
|t:|1723772821
|switch|p2a: Wokege|Latios, M|84/100|[from] U-turn
|-damage|p2a: Wokege|71/100|[from] Stealth Rock
|move|p1a: Landorus|Stealth Rock||[still]
|-fail|p1a: Landorus
|
|-weather|RainDance|[upkeep]
|upkeep
|turn|47
|inactive|anglemort33 has 90 seconds left.
|
|t:|1723772835
|switch|p1a: Chansey|Chansey, F|100/100
|-damage|p1a: Chansey|88/100|[from] Stealth Rock
|-damage|p1a: Chansey|71/100|[from] Spikes
|move|p2a: Wokege|Surf|p1a: Chansey
|-damage|p1a: Chansey|56/100
|
|-weather|RainDance|[upkeep]
|upkeep
|turn|48
|inactive|anglemort33 has 90 seconds left.
|
|t:|1723772845
|move|p2a: Wokege|Surf|p1a: Chansey
|-damage|p1a: Chansey|41/100
|move|p1a: Chansey|Toxic|p2a: Wokege
|-status|p2a: Wokege|tox
|
|-weather|RainDance|[upkeep]
|-damage|p2a: Wokege|65/100 tox|[from] psn
|upkeep
|turn|49
|inactive|anglemort33 has 90 seconds left.
|
|t:|1723772855
|move|p2a: Wokege|Draco Meteor|p1a: Chansey
|-damage|p1a: Chansey|20/100
|-unboost|p2a: Wokege|spa|2
|move|p1a: Chansey|Soft-Boiled|p1a: Chansey
|-heal|p1a: Chansey|70/100
|
|-weather|RainDance|[upkeep]
|-damage|p2a: Wokege|53/100 tox|[from] psn
|upkeep
|turn|50
|inactive|anglemort33 has 90 seconds left.
|
|t:|1723772866
|switch|p2a: ICANT|Gliscor, M|84/100 tox
|-damage|p2a: ICANT|72/100 tox|[from] Stealth Rock
|move|p1a: Chansey|Soft-Boiled|p1a: Chansey
|-heal|p1a: Chansey|100/100
|
|-weather|RainDance|[upkeep]
|-heal|p2a: ICANT|84/100 tox|[from] ability: Poison Heal
|upkeep
|turn|51
|
|t:|1723772874
|switch|p1a: Landorus|Landorus-Therian, M|69/100
|-damage|p1a: Landorus|56/100|[from] Stealth Rock
|-ability|p1a: Landorus|Intimidate|boost
|-unboost|p2a: ICANT|atk|1
|move|p2a: ICANT|U-turn|p1a: Landorus
|-resisted|p1a: Landorus
|-crit|p1a: Landorus
|-damage|p1a: Landorus|45/100
|-damage|p2a: ICANT|68/100 tox|[from] item: Rocky Helmet|[of] p1a: Landorus
|
|t:|1723772883
|switch|p2a: Starege|Alakazam, F|100/100|[from] U-turn
|-status|p2a: Starege|tox
|
|-weather|RainDance|[upkeep]
|upkeep
|turn|52
|
|t:|1723772891
|switch|p1a: Chansey|Chansey, F|100/100
|-damage|p1a: Chansey|88/100|[from] Stealth Rock
|-damage|p1a: Chansey|71/100|[from] Spikes
|move|p2a: Starege|Hidden Power|p1a: Chansey
|-damage|p1a: Chansey|63/100
|
|-weather|RainDance|[upkeep]
|upkeep
|turn|53
|
|t:|1723772896
|move|p2a: Starege|Focus Blast|p1a: Chansey|[miss]
|-miss|p2a: Starege|p1a: Chansey
|move|p1a: Chansey|Seismic Toss|p2a: Starege
|-damage|p2a: Starege|61/100 tox
|
|-weather|RainDance|[upkeep]
|upkeep
|turn|54
|
|t:|1723772905
|move|p2a: Starege|Focus Blast|p1a: Chansey|[miss]
|-miss|p2a: Starege|p1a: Chansey
|move|p1a: Chansey|Soft-Boiled|p1a: Chansey
|-heal|p1a: Chansey|100/100
|
|-weather|RainDance|[upkeep]
|upkeep
|turn|55
|
|t:|1723772910
|move|p2a: Starege|Focus Blast|p1a: Chansey
|-supereffective|p1a: Chansey
|-damage|p1a: Chansey|76/100
|move|p1a: Chansey|Seismic Toss|p2a: Starege
|-damage|p2a: Starege|21/100 tox
|
|-weather|RainDance|[upkeep]
|upkeep
|turn|56
|
|t:|1723772919
|switch|p2a: ICANT|Gliscor, M|68/100 tox
|-damage|p2a: ICANT|55/100 tox|[from] Stealth Rock
|move|p1a: Chansey|Seismic Toss|p2a: ICANT
|-damage|p2a: ICANT|27/100 tox
|
|-weather|RainDance|[upkeep]
|-heal|p2a: ICANT|39/100 tox|[from] ability: Poison Heal
|upkeep
|turn|57
|
|t:|1723772931
|switch|p1a: Landorus|Landorus-Therian, M|45/100
|-damage|p1a: Landorus|33/100|[from] Stealth Rock
|-ability|p1a: Landorus|Intimidate|boost
|-unboost|p2a: ICANT|atk|1
|move|p2a: ICANT|Protect||[still]
|-fail|p2a: ICANT
|
|-weather|RainDance|[upkeep]
|-heal|p2a: ICANT|52/100 tox|[from] ability: Poison Heal
|upkeep
|turn|58
|
|t:|1723772937
|move|p2a: ICANT|Protect|p2a: ICANT
|-singleturn|p2a: ICANT|Protect
|move|p1a: Landorus|U-turn|p2a: ICANT
|-activate|p2a: ICANT|move: Protect
|
|-weather|RainDance|[upkeep]
|-heal|p2a: ICANT|64/100 tox|[from] ability: Poison Heal
|upkeep
|turn|59
|
|t:|1723772951
|move|p2a: ICANT|Earthquake|p1a: Landorus
|-immune|p1a: Landorus
|move|p1a: Landorus|U-turn|p2a: ICANT
|-resisted|p2a: ICANT
|-damage|p2a: ICANT|56/100 tox
|
|t:|1723772957
|switch|p1a: Politoed|Politoed, F|76/100|[from] U-turn
|-damage|p1a: Politoed|63/100|[from] Stealth Rock
|-damage|p1a: Politoed|47/100|[from] Spikes
|
|-weather|RainDance|[upkeep]
|-heal|p2a: ICANT|69/100 tox|[from] ability: Poison Heal
|upkeep
|turn|60
|
|t:|1723772974
|move|p2a: ICANT|Protect|p2a: ICANT
|-singleturn|p2a: ICANT|Protect
|move|p1a: Politoed|Ice Beam|p2a: ICANT
|-activate|p2a: ICANT|move: Protect
|
|-weather|RainDance|[upkeep]
|-heal|p2a: ICANT|81/100 tox|[from] ability: Poison Heal
|upkeep
|turn|61
|inactive|anglemort33 has 120 seconds left.
|
|t:|1723773018
|switch|p2a: Wokege|Latios, M|53/100 tox
|-damage|p2a: Wokege|41/100 tox|[from] Stealth Rock
|move|p1a: Politoed|Ice Beam|p2a: Wokege
|-supereffective|p2a: Wokege
|-damage|p2a: Wokege|0 fnt
|faint|p2a: Wokege
|
|-weather|RainDance|[upkeep]
|upkeep
|
|t:|1723773028
|switch|p2a: Starege|Alakazam, F|21/100 tox
|turn|62
|inactive|Alexia B. has 120 seconds left.
|
|t:|1723773077
|move|p1a: Politoed|Ice Beam|p2a: Starege
|-damage|p2a: Starege|0 fnt
|faint|p2a: Starege
|
|-weather|RainDance|[upkeep]
|upkeep
|inactive|anglemort33 has 90 seconds left.
|
|t:|1723773105
|switch|p2a: ICANT|Gliscor, M|81/100 tox
|-damage|p2a: ICANT|69/100 tox|[from] Stealth Rock
|turn|63
|
|t:|1723773116
|move|p2a: ICANT|Protect|p2a: ICANT
|-singleturn|p2a: ICANT|Protect
|move|p1a: Politoed|Ice Beam|p2a: ICANT
|-activate|p2a: ICANT|move: Protect
|
|-weather|RainDance|[upkeep]
|-heal|p2a: ICANT|81/100 tox|[from] ability: Poison Heal
|upkeep
|turn|64
|
|t:|1723773122
|move|p1a: Politoed|Ice Beam|p2a: ICANT
|-supereffective|p2a: ICANT
|-damage|p2a: ICANT|0 fnt
|faint|p2a: ICANT
|
|win|Alexia B.
|raw|Alexia B.'s rating: 1419 &rarr; <strong>1435</strong><br />(+16 for winning)
|raw|anglemort33's rating: 1353 &rarr; <strong>1337</strong><br />(-16 for losing)
|l|☆Alexia B.
|player|p1|
