|j|yoloboy9000
|j|spacecake
|player|p1|yoloboy9000|265
|teamsize|p1|6
|player|p2|spacecake|81
|teamsize|p2|6
|gametype|singles
|gen|5
|tier|[Gen 5] OU
|rated|
|seed|23984,28064,26252,63252
|rule|Sleep Clause Mod: Limit one foe put to sleep
|rule|Species Clause: Limit one of each Pokémon
|rule|OHKO Clause: OHKO moves are banned
|rule|Moody Clause: Moody is banned
|rule|Evasion Moves Clause: Evasion moves are banned
|rule|Endless Battle Clause: Forcing endless battles is banned
|rule|HP Percentage Mod: HP is shown in percentages
|rule|Evasion Abilities Clause: Evasion abilities are banned
|rule|Baton Pass Clause: Limit one Baton Passer, can't pass Spe and other stats simultaneously
|rule|Swagger Clause: Swagger is banned
|clearpoke
|poke|p1|Tyranitar, M|item
|poke|p1|Magnezone|item
|poke|p1|Terrakion|item
|poke|p1|Latios, M|item
|poke|p1|Scizor, M|item
|poke|p1|Landorus-Therian, M|item
|poke|p2|Tyranitar, F|item
|poke|p2|Garchomp, F|item
|poke|p2|Skarmory, M|item
|poke|p2|Alakazam, M|item
|poke|p2|Breloom, M|item
|poke|p2|Gothitelle, M|item
|teampreview
|choice|team 2, team 1, team 3, team 4, team 5, team 6|team 2, team 1, team 3, team 4, team 5, team 6
|
|start
|switch|p1a: Ray Allen|Magnezone|283/283
|switch|p2a: Garchomp|Garchomp, F|357/357
|turn|1
|choice|switch 6|move earthquake
|
|switch|p1a: Bron Bron|Landorus-Therian, M|382/382
|-ability|p1a: Bron Bron|Intimidate|boost
|-unboost|p2a: Garchomp|atk|1
|move|p2a: Garchomp|Earthquake|p1a: Bron Bron
|-immune|p1a: Bron Bron|[msg]
|
|upkeep
|turn|2
|choice|move uturn|move stealthrock
|
|move|p2a: Garchomp|Stealth Rock|p1a: Bron Bron
|-sidestart|p1: yoloboy9000|move: Stealth Rock
|move|p1a: Bron Bron|U-turn|p2a: Garchomp
|-damage|p2a: Garchomp|260/357
|-damage|p1a: Bron Bron|335/382|[from] ability: Rough Skin|[of] p2a: Garchomp
|-damage|p1a: Bron Bron|272/382|[from] item: Rocky Helmet|[of] p2a: Garchomp
|choice|switch 5|
|
|switch|p1a: Miller|Scizor, M, shiny|343/343|[from]move: U-turn
|-damage|p1a: Miller|301/343|[from] Stealth Rock
|
|upkeep
|turn|3
|choice|move uturn|move swordsdance
|
|move|p2a: Garchomp|Swords Dance|p2a: Garchomp
|-boost|p2a: Garchomp|atk|2
|move|p1a: Miller|U-turn|p2a: Garchomp
|-damage|p2a: Garchomp|55/357
|-damage|p1a: Miller|259/343|[from] ability: Rough Skin|[of] p2a: Garchomp
|-damage|p1a: Miller|202/343|[from] item: Rocky Helmet|[of] p2a: Garchomp
|choice|switch 5|
|
|switch|p1a: Bron Bron|Landorus-Therian, M|272/382|[from]move: U-turn
|-damage|p1a: Bron Bron|225/382|[from] Stealth Rock
|-ability|p1a: Bron Bron|Intimidate|boost
|-unboost|p2a: Garchomp|atk|1
|
|upkeep
|turn|4
|choice|move earthquake|move outrage
|
|move|p2a: Garchomp|Outrage|p1a: Bron Bron
|-damage|p1a: Bron Bron|0 fnt
|faint|p1a: Bron Bron
|
|upkeep
|choice|switch 5|
|
|switch|p1a: Miller|Scizor, M, shiny|202/343
|-damage|p1a: Miller|160/343|[from] Stealth Rock
|turn|5
|choice|move bulletpunch|move outrage
|
|move|p1a: Miller|Bullet Punch|p2a: Garchomp
|-damage|p2a: Garchomp|0 fnt
|-damage|p1a: Miller|118/343|[from] ability: Rough Skin|[of] p2a: Garchomp
|-damage|p1a: Miller|61/343|[from] item: Rocky Helmet|[of] p2a: Garchomp
|faint|p2a: Garchomp
|
|upkeep
|choice||switch 5
|
|switch|p2a: Breloom|Breloom, M|261/261
|turn|6
|choice|move bulletpunch|move machpunch
|
|move|p2a: Breloom|Mach Punch|p1a: Miller
|-enditem|p2a: Breloom|Fighting Gem|[from] gem|[move] Mach Punch
|-damage|p1a: Miller|0 fnt
|faint|p1a: Miller
|
|upkeep
|choice|switch 4|
|
|switch|p1a: Bosh|Latios, M, shiny|301/301
|-damage|p1a: Bosh|264/301|[from] Stealth Rock
|turn|7
|choice|switch 6|switch 6
|
|switch|p1a: Ray Allen|Magnezone|283/283
|-damage|p1a: Ray Allen|266/283|[from] Stealth Rock
|switch|p2a: Gothitelle|Gothitelle, M|344/344
|
|-heal|p1a: Ray Allen|283/283|[from] item: Leftovers
|upkeep
|turn|8
|choice|move substitute|move psyshock
|
|move|p2a: Gothitelle|Psyshock|p1a: Ray Allen
|-resisted|p1a: Ray Allen
|-damage|p1a: Ray Allen|247/283
|move|p1a: Ray Allen|Substitute|p1a: Ray Allen
|-start|p1a: Ray Allen|Substitute
|-damage|p1a: Ray Allen|177/283
|
|-heal|p1a: Ray Allen|194/283|[from] item: Leftovers
|upkeep
|turn|9
|choice|move chargebeam|switch 6
|
|switch|p2a: Breloom|Breloom, M|261/261
|move|p1a: Ray Allen|Charge Beam|p2a: Breloom
|-resisted|p2a: Breloom
|-damage|p2a: Breloom|193/261
|-boost|p1a: Ray Allen|spa|1
|
|-heal|p1a: Ray Allen|211/283|[from] item: Leftovers
|upkeep
|turn|10
|choice|move flashcannon|move lowsweep
|
|move|p2a: Breloom|Low Sweep|p1a: Ray Allen
|-supereffective|p1a: Ray Allen
|-end|p1a: Ray Allen|Substitute
|move|p1a: Ray Allen|Flash Cannon|p2a: Breloom
|-damage|p2a: Breloom|0 fnt
|faint|p2a: Breloom
|
|-heal|p1a: Ray Allen|228/283|[from] item: Leftovers
|upkeep
|j|man
|choice||switch 6
|
|switch|p2a: Gothitelle|Gothitelle, M|344/344
|turn|11
|choice|move flashcannon|move trick
|
|move|p2a: Gothitelle|Trick|p1a: Ray Allen
|-activate|p2a: Gothitelle|move: Trick|[of] p1a: Ray Allen
|-item|p1a: Ray Allen|Choice Scarf|[from] move: Trick
|-item|p2a: Gothitelle|Leftovers|[from] move: Trick
|move|p1a: Ray Allen|Flash Cannon|p2a: Gothitelle
|-damage|p2a: Gothitelle|182/344
|
|-heal|p2a: Gothitelle|203/344|[from] item: Leftovers
|upkeep
|turn|12
|choice|move flashcannon|move psyshock
|
|move|p1a: Ray Allen|Flash Cannon|p2a: Gothitelle
|-damage|p2a: Gothitelle|22/344
|move|p2a: Gothitelle|Psyshock|p1a: Ray Allen
|-resisted|p1a: Ray Allen
|-damage|p1a: Ray Allen|189/283
|
|-heal|p2a: Gothitelle|43/344|[from] item: Leftovers
|upkeep
|turn|13
|choice|move flashcannon|move psyshock
|
|move|p1a: Ray Allen|Flash Cannon|p2a: Gothitelle
|-damage|p2a: Gothitelle|0 fnt
|faint|p2a: Gothitelle
|
|upkeep
|choice||switch 3
|
|switch|p2a: Skarmory|Skarmory, M|327/327
|turn|14
|choice|switch 6|move whirlwind
|
|switch|p1a: Bosh|Latios, M, shiny|264/301
|-damage|p1a: Bosh|227/301|[from] Stealth Rock
|move|p2a: Skarmory|Whirlwind|p1a: Bosh
|drag|p1a: D.Wade|Terrakion|323/323
|-damage|p1a: D.Wade|303/323|[from] Stealth Rock
|
|upkeep
|turn|15
|choice|move stoneedge|move bravebird
|
|move|p1a: D.Wade|Stone Edge|p2a: Skarmory
|-damage|p2a: Skarmory|228/327
|move|p2a: Skarmory|Brave Bird|p1a: D.Wade
|-crit|p1a: D.Wade
|-damage|p1a: D.Wade|39/323
|-damage|p2a: Skarmory|141/327|[from] Recoil|[of] p1a: D.Wade
|
|-heal|p2a: Skarmory|161/327|[from] item: Leftovers
|upkeep
|turn|16
|choice|switch 2|switch 4
|
|switch|p1a: Pat Riely|Tyranitar, M|403/403
|-damage|p1a: Pat Riely|353/403|[from] Stealth Rock
|-weather|Sandstorm|[from] ability: Sand Stream|[of] p1a: Pat Riely
|switch|p2a: Alakazam|Alakazam, M|251/251
|
|-weather|Sandstorm|[upkeep]
|-heal|p1a: Pat Riely|378/403|[from] item: Leftovers
|upkeep
|turn|17
|choice|move pursuit|move focusblast
|
|move|p2a: Alakazam|Focus Blast|p1a: Pat Riely
|-supereffective|p1a: Pat Riely
|-damage|p1a: Pat Riely|0 fnt
|faint|p1a: Pat Riely
|
|-weather|Sandstorm|[upkeep]
|upkeep
|choice|switch 3|
|
|switch|p1a: Bosh|Latios, M, shiny|227/301
|-damage|p1a: Bosh|190/301|[from] Stealth Rock
|turn|18
|choice|move surf|switch 2
|
|switch|p2a: Tyranitar|Tyranitar, F|386/386
|move|p1a: Bosh|Surf|p2a: Tyranitar
|-supereffective|p2a: Tyranitar
|-damage|p2a: Tyranitar|194/386
|
|-weather|Sandstorm|[upkeep]
|-damage|p1a: Bosh|172/301|[from] sandstorm
|upkeep
|turn|19
|choice|move surf|move crunch
|
|move|p1a: Bosh|Surf|p2a: Tyranitar
|-supereffective|p2a: Tyranitar
|-damage|p2a: Tyranitar|19/386
|move|p2a: Tyranitar|Crunch|p1a: Bosh
|-supereffective|p1a: Bosh
|-damage|p1a: Bosh|0 fnt
|faint|p1a: Bosh
|
|-weather|Sandstorm|[upkeep]
|upkeep
|choice|switch 6|
|
|switch|p1a: Ray Allen|Magnezone|189/283
|-damage|p1a: Ray Allen|172/283|[from] Stealth Rock
|turn|20
|choice|move hiddenpower|move crunch
|
|move|p1a: Ray Allen|Hidden Power|p2a: Tyranitar
|-resisted|p2a: Tyranitar
|-damage|p2a: Tyranitar|0 fnt
|faint|p2a: Tyranitar
|
|-weather|Sandstorm|[upkeep]
|upkeep
|choice||switch 2
|
|switch|p2a: Alakazam|Alakazam, M|251/251
|turn|21
|choice|move hiddenpower|move thunderwave
|
|move|p2a: Alakazam|Thunder Wave|p1a: Ray Allen
|-status|p1a: Ray Allen|par
|move|p1a: Ray Allen|Hidden Power|p2a: Alakazam
|-damage|p2a: Alakazam|160/251
|
|-weather|Sandstorm|[upkeep]
|upkeep
|turn|22
|choice|move hiddenpower|switch 4
|
|switch|p2a: Skarmory|Skarmory, M|161/327
|move|p1a: Ray Allen|Hidden Power|p2a: Skarmory
|-supereffective|p2a: Skarmory
|-damage|p2a: Skarmory|0 fnt
|faint|p2a: Skarmory
|
|-weather|Sandstorm|[upkeep]
|upkeep
|choice||switch 4
|
|switch|p2a: Alakazam|Alakazam, M|160/251
|turn|23
|choice|move hiddenpower|move focusblast
|
|move|p2a: Alakazam|Focus Blast|p1a: Ray Allen
|-supereffective|p1a: Ray Allen
|-damage|p1a: Ray Allen|0 fnt
|faint|p1a: Ray Allen
|
|-weather|Sandstorm|[upkeep]
|upkeep
|choice|switch 2|
|
|switch|p1a: D.Wade|Terrakion|39/323
|-damage|p1a: D.Wade|19/323|[from] Stealth Rock
|turn|24
|choice|move xscissor|move psychic
|
|move|p1a: D.Wade|X-Scissor|p2a: Alakazam
|-supereffective|p2a: Alakazam
|-damage|p2a: Alakazam|0 fnt
|faint|p2a: Alakazam
|
|win|yoloboy9000
|raw|yoloboy9000's rating: 1356 &rarr; <strong>1376</strong><br />(+20 for winning)
|raw|spacecake's rating: 1358 &rarr; <strong>1338</strong><br />(-20 for losing)
|l|spacecake