|j|☆bw lordd moonman
|j|☆torinoko city
|t:|1707917487
|gametype|singles
|player|p1|bw lordd moonman|melony|1516
|player|p2|torinoko city|miku-flying|1472
|teamsize|p1|6
|teamsize|p2|6
|gen|5
|tier|[Gen 5] OU
|rated|
|rule|Species Clause: Limit one of each Pokémon
|rule|OHKO Clause: OHKO moves are banned
|rule|Moody Clause: Moody is banned
|rule|Evasion Items Clause: Evasion items are banned
|rule|Evasion Moves Clause: Evasion moves are banned
|rule|Endless Battle Clause: Forcing endless battles is banned
|rule|HP Percentage Mod: HP is shown in percentages
|rule|Evasion Abilities Clause: Evasion abilities are banned
|rule|Sleep Moves Clause: Sleep-inducing moves are banned
|rule|Swagger Clause: Swagger is banned
|rule|Baton Pass Stat Clause: No Baton Passer may have a way to boost its stats
|clearpoke
|poke|p1|Latios, M|item
|poke|p1|Froslass, F|item
|poke|p1|Jirachi|item
|poke|p1|Garchomp, M|item
|poke|p1|Alakazam, F|item
|poke|p1|Lucario, F|item
|poke|p2|Abomasnow, F|item
|poke|p2|Cloyster, F|item
|poke|p2|Dragonite, M|item
|poke|p2|Volcarona, M|item
|poke|p2|Jirachi|item
|poke|p2|Garchomp, M|item
|teampreview
|inactive|Battle timer is ON: inactive players will automatically lose when time's up. (requested by torinoko city)
|
|t:|1707917511
|start
|switch|p1a: Froslass|Froslass, F|100/100
|switch|p2a: Jirachi|Jirachi|100/100
|turn|1
|
|t:|1707917517
|switch|p1a: Garchomp|Garchomp, M|100/100
|move|p2a: Jirachi|Iron Head|p1a: Garchomp
|-damage|p1a: Garchomp|63/100
|-damage|p2a: Jirachi|88/100|[from] ability: Rough Skin|[of] p1a: Garchomp
|-damage|p2a: Jirachi|72/100|[from] item: Rocky Helmet|[of] p1a: Garchomp
|
|upkeep
|turn|2
|
|t:|1707917523
|switch|p2a: mr chomps|Garchomp, M|100/100
|move|p1a: Garchomp|Stealth Rock|p2a: mr chomps
|-sidestart|p2: torinoko city|move: Stealth Rock
|
|upkeep
|turn|3
|
|t:|1707917528
|switch|p1a: Froslass|Froslass, F|100/100
|move|p2a: mr chomps|Stealth Rock|p1a: Froslass
|-sidestart|p1: bw lordd moonman|move: Stealth Rock
|
|upkeep
|turn|4
|
|t:|1707917531
|switch|p2a: Jirachi|Jirachi|72/100
|-damage|p2a: Jirachi|66/100|[from] Stealth Rock
|move|p1a: Froslass|Spikes|p2a: Jirachi
|-sidestart|p2: torinoko city|Spikes
|
|upkeep
|turn|5
|
|t:|1707917537
|move|p2a: Jirachi|U-turn|p1a: Froslass
|-resisted|p1a: Froslass
|-damage|p1a: Froslass|87/100
|
|t:|1707917543
|switch|p2a: mr chomps|Garchomp, M|100/100|[from] U-turn
|-damage|p2a: mr chomps|94/100|[from] Stealth Rock
|-damage|p2a: mr chomps|82/100|[from] Spikes
|move|p1a: Froslass|Icy Wind|p2a: mr chomps
|-supereffective|p2a: mr chomps
|-enditem|p2a: mr chomps|Yache Berry|[eat]
|-enditem|p2a: mr chomps|Yache Berry|[weaken]
|-damage|p2a: mr chomps|46/100
|-unboost|p2a: mr chomps|spe|1
|
|upkeep
|turn|6
|
|t:|1707917546
|move|p1a: Froslass|Icy Wind|p2a: mr chomps
|-supereffective|p2a: mr chomps
|-damage|p2a: mr chomps|0 fnt
|faint|p2a: mr chomps
|
|upkeep
|
|t:|1707917548
|switch|p2a: Jirachi|Jirachi|66/100
|-damage|p2a: Jirachi|60/100|[from] Stealth Rock
|-damage|p2a: Jirachi|47/100|[from] Spikes
|turn|7
|
|t:|1707917552
|move|p2a: Jirachi|U-turn|p1a: Froslass
|-resisted|p1a: Froslass
|-crit|p1a: Froslass
|-damage|p1a: Froslass|60/100
|
|t:|1707917555
|switch|p2a: Abomasnow|Abomasnow, F|100/100|[from] U-turn
|-damage|p2a: Abomasnow|76/100|[from] Stealth Rock
|-damage|p2a: Abomasnow|63/100|[from] Spikes
|-weather|Hail|[from] ability: Snow Warning|[of] p2a: Abomasnow
|move|p1a: Froslass|Icy Wind|p2a: Abomasnow
|-damage|p2a: Abomasnow|43/100
|-unboost|p2a: Abomasnow|spe|1
|
|-weather|Hail|[upkeep]
|-heal|p2a: Abomasnow|49/100|[from] item: Leftovers
|upkeep
|turn|8
|
|t:|1707917564
|move|p1a: Froslass|Destiny Bond|p1a: Froslass
|-singlemove|p1a: Froslass|Destiny Bond
|move|p2a: Abomasnow|Hidden Power|p1a: Froslass
|-supereffective|p1a: Froslass
|-damage|p1a: Froslass|0 fnt
|-start|p2a: Abomasnow|Disable|Hidden Power|[from] ability: Cursed Body|[of] p1a: Froslass
|faint|p1a: Froslass
|-activate|p1a: Froslass|move: Destiny Bond
|faint|p2a: Abomasnow
|
|-weather|Hail|[upkeep]
|upkeep
|
|t:|1707917577
|switch|p1a: Alakazam|Alakazam, F|100/100
|switch|p2a: Jirachi|Jirachi|47/100
|-damage|p2a: Jirachi|41/100|[from] Stealth Rock
|-damage|p2a: Jirachi|29/100|[from] Spikes
|turn|9
|
|t:|1707917579
|switch|p1a: Garchomp|Garchomp, M|63/100
|-damage|p1a: Garchomp|57/100|[from] Stealth Rock
|move|p2a: Jirachi|U-turn|p1a: Garchomp
|-crit|p1a: Garchomp
|-damage|p1a: Garchomp|16/100
|-damage|p2a: Jirachi|17/100|[from] ability: Rough Skin|[of] p1a: Garchomp
|-damage|p2a: Jirachi|0 fnt|[from] item: Rocky Helmet|[of] p1a: Garchomp
|faint|p2a: Jirachi
|
|-weather|Hail|[upkeep]
|-damage|p1a: Garchomp|10/100|[from] Hail
|upkeep
|
|t:|1707917582
|switch|p2a: Cloyster|Cloyster, F|100/100
|-damage|p2a: Cloyster|76/100|[from] Stealth Rock
|-damage|p2a: Cloyster|63/100|[from] Spikes
|turn|10
|
|t:|1707917588
|move|p1a: Garchomp|Outrage|p2a: Cloyster
|-damage|p2a: Cloyster|7/100
|move|p2a: Cloyster|Rapid Spin|p1a: Garchomp
|-crit|p1a: Garchomp
|-damage|p1a: Garchomp|0 fnt
|-damage|p2a: Cloyster|0 fnt|[from] ability: Rough Skin|[of] p1a: Garchomp
|faint|p2a: Cloyster
|faint|p1a: Garchomp
|
|-weather|Hail|[upkeep]
|upkeep
|
|t:|1707917599
|switch|p1a: Latios|Latios, M|100/100
|switch|p2a: Dragonite|Dragonite, M|100/100
|-damage|p1a: Latios|88/100|[from] Stealth Rock
|-damage|p2a: Dragonite|76/100|[from] Stealth Rock
|turn|11
|
|t:|1707917603
|move|p1a: Latios|Draco Meteor|p2a: Dragonite|[miss]
|-miss|p1a: Latios|p2a: Dragonite
|move|p2a: Dragonite|Dragon Dance|p2a: Dragonite
|-boost|p2a: Dragonite|atk|1
|-boost|p2a: Dragonite|spe|1
|
|-weather|Hail|[upkeep]
|-damage|p2a: Dragonite|70/100|[from] Hail
|-damage|p1a: Latios|82/100|[from] Hail
|-heal|p2a: Dragonite|76/100|[from] item: Leftovers
|upkeep
|turn|12
|c|☆bw lordd moonman|uh oh
|
|t:|1707917610
|move|p2a: Dragonite|Outrage|p1a: Latios
|-supereffective|p1a: Latios
|-damage|p1a: Latios|0 fnt
|faint|p1a: Latios
|
|-weather|Hail|[upkeep]
|-damage|p2a: Dragonite|70/100|[from] Hail
|-heal|p2a: Dragonite|76/100|[from] item: Leftovers
|upkeep
|
|t:|1707917612
|switch|p1a: Jirachi|Jirachi|100/100
|-damage|p1a: Jirachi|94/100|[from] Stealth Rock
|turn|13
|
|t:|1707917613
|move|p1a: Jirachi|Ice Punch|p2a: Dragonite
|-supereffective|p2a: Dragonite
|-damage|p2a: Dragonite|0 fnt
|faint|p2a: Dragonite
|
|-weather|Hail|[upkeep]
|-damage|p1a: Jirachi|88/100|[from] Hail
|upkeep
|
|t:|1707917615
|switch|p2a: Volcarona|Volcarona, M|100/100
|-damage|p2a: Volcarona|51/100|[from] Stealth Rock
|-damage|p2a: Volcarona|38/100|[from] Spikes
|turn|14
|
|t:|1707917620
|switch|p1a: Alakazam|Alakazam, F|100/100
|move|p2a: Volcarona|Quiver Dance|p2a: Volcarona
|-boost|p2a: Volcarona|spa|1
|-boost|p2a: Volcarona|spd|1
|-boost|p2a: Volcarona|spe|1
|
|-weather|Hail|[upkeep]
|-damage|p2a: Volcarona|32/100|[from] Hail
|upkeep
|turn|15
|
|t:|1707917622
|move|p2a: Volcarona|Bug Buzz|p1a: Alakazam
|-supereffective|p1a: Alakazam
|-enditem|p1a: Alakazam|Focus Sash
|-damage|p1a: Alakazam|1/100
|move|p1a: Alakazam|Trick Room|p1a: Alakazam
|-fieldstart|move: Trick Room|[of] p1a: Alakazam
|
|-weather|Hail|[upkeep]
|-damage|p2a: Volcarona|26/100|[from] Hail
|upkeep
|turn|16
|
|t:|1707917626
|move|p1a: Alakazam|Psychic|p2a: Volcarona
|-damage|p2a: Volcarona|0 fnt
|faint|p2a: Volcarona
|
|win|bw lordd moonman
|raw|bw lordd moonman's rating: 1516 &rarr; <strong>1533</strong><br />(+17 for winning)
|raw|torinoko city's rating: 1472 &rarr; <strong>1455</strong><br />(-17 for losing)
|c|☆bw lordd moonman|gg\
