|j|☆Crimsonbacon38
|j|☆Aliando blyat
|t:|1734632915
|gametype|singles
|player|p1|Crimsonbacon38|barry|1264
|player|p2|Aliando blyat|rocketgruntf|1366
|teamsize|p1|6
|teamsize|p2|6
|gen|5
|tier|[Gen 5] OU
|rated|
|rule|Species Clause: Limit one of each Pokémon
|rule|OHKO Clause: OHKO moves are banned
|rule|Moody Clause: Moody is banned
|rule|Evasion Items Clause: Evasion items are banned
|rule|Evasion Moves Clause: Evasion moves are banned
|rule|Endless Battle Clause: Forcing endless battles is banned
|rule|HP Percentage Mod: HP is shown in percentages
|rule|Evasion Abilities Clause: Evasion abilities are banned
|rule|Sleep Moves Clause: Sleep-inducing moves are banned
|rule|Swagger Clause: Swagger is banned
|rule|Baton Pass Stat Clause: No Baton Passer may have a way to boost its stats
|clearpoke
|poke|p1|Tyranitar, M|item
|poke|p1|Excadrill, M|item
|poke|p1|Garchomp, F|item
|poke|p1|Keldeo|item
|poke|p1|Latios, M|item
|poke|p1|Skarmory, M|item
|poke|p2|Tyranitar, F|item
|poke|p2|Latios, M|item
|poke|p2|Excadrill, F|item
|poke|p2|Forretress, F|item
|poke|p2|Volcarona, M|item
|poke|p2|Rotom-Wash|item
|teampreview
|c|☆Crimsonbacon38|Glhf
|
|t:|1734632937
|start
|switch|p1a: Garchomp|Garchomp, F|100/100
|switch|p2a: Forretress|Forretress, F|100/100
|turn|1
|
|t:|1734632943
|move|p1a: Garchomp|Stealth Rock|p2a: Forretress
|-sidestart|p2: Aliando blyat|move: Stealth Rock
|move|p2a: Forretress|Stealth Rock|p1a: Garchomp
|-sidestart|p1: Crimsonbacon38|move: Stealth Rock
|
|upkeep
|turn|2
|
|t:|1734632948
|move|p1a: Garchomp|Swords Dance|p1a: Garchomp
|-boost|p1a: Garchomp|atk|2
|move|p2a: Forretress|Rapid Spin|p1a: Garchomp
|-damage|p1a: Garchomp|94/100
|-damage|p2a: Forretress|88/100|[from] ability: Rough Skin|[of] p1a: Garchomp
|-sideend|p2: Aliando blyat|Stealth Rock|[from] move: Rapid Spin|[of] p2a: Forretress
|
|-heal|p1a: Garchomp|99/100|[from] item: Leftovers
|-heal|p2a: Forretress|94/100|[from] item: Leftovers
|upkeep
|turn|3
|
|t:|1734632954
|move|p1a: Garchomp|Stealth Rock|p2a: Forretress
|-sidestart|p2: Aliando blyat|move: Stealth Rock
|move|p2a: Forretress|Gyro Ball|p1a: Garchomp
|-damage|p1a: Garchomp|50/100
|-damage|p2a: Forretress|82/100|[from] ability: Rough Skin|[of] p1a: Garchomp
|
|-heal|p1a: Garchomp|56/100|[from] item: Leftovers
|-heal|p2a: Forretress|88/100|[from] item: Leftovers
|upkeep
|turn|4
|
|t:|1734632962
|move|p1a: Garchomp|Earthquake|p2a: Forretress
|-damage|p2a: Forretress|17/100
|move|p2a: Forretress|Rapid Spin|p1a: Garchomp
|-damage|p1a: Garchomp|50/100
|-damage|p2a: Forretress|4/100|[from] ability: Rough Skin|[of] p1a: Garchomp
|-sideend|p2: Aliando blyat|Stealth Rock|[from] move: Rapid Spin|[of] p2a: Forretress
|
|-heal|p1a: Garchomp|56/100|[from] item: Leftovers
|-heal|p2a: Forretress|11/100|[from] item: Leftovers
|upkeep
|turn|5
|
|t:|1734632968
|move|p1a: Garchomp|Stealth Rock|p2a: Forretress
|-sidestart|p2: Aliando blyat|move: Stealth Rock
|move|p2a: Forretress|Rapid Spin|p1a: Garchomp
|-damage|p1a: Garchomp|50/100
|-damage|p2a: Forretress|0 fnt|[from] ability: Rough Skin|[of] p1a: Garchomp
|faint|p2a: Forretress
|
|-heal|p1a: Garchomp|56/100|[from] item: Leftovers
|upkeep
|
|t:|1734632971
|switch|p2a: Latios|Latios, M|100/100
|-damage|p2a: Latios|88/100|[from] Stealth Rock
|turn|6
|
|t:|1734632979
|switch|p1a: Tyranitar|Tyranitar, M|100/100
|-damage|p1a: Tyranitar|88/100|[from] Stealth Rock
|-weather|Sandstorm|[from] ability: Sand Stream|[of] p1a: Tyranitar
|move|p2a: Latios|Dragon Pulse|p1a: Tyranitar
|-damage|p1a: Tyranitar|40/100
|
|-weather|Sandstorm|[upkeep]
|-damage|p2a: Latios|82/100|[from] Sandstorm
|upkeep
|turn|7
|
|t:|1734632988
|move|p1a: Tyranitar|Crunch|p2a: Latios
|-supereffective|p2a: Latios
|-damage|p2a: Latios|0 fnt
|faint|p2a: Latios
|
|-weather|Sandstorm|[upkeep]
|upkeep
|
|t:|1734632993
|switch|p2a: Excadrill|Excadrill, F|100/100
|-damage|p2a: Excadrill|97/100|[from] Stealth Rock
|turn|8
|
|t:|1734633000
|switch|p1a: Garchomp|Garchomp, F|56/100
|-damage|p1a: Garchomp|50/100|[from] Stealth Rock
|move|p2a: Excadrill|Iron Head|p1a: Garchomp
|-damage|p1a: Garchomp|0 fnt
|-damage|p2a: Excadrill|85/100|[from] ability: Rough Skin|[of] p1a: Garchomp
|faint|p1a: Garchomp
|
|-weather|Sandstorm|[upkeep]
|upkeep
|
|t:|1734633009
|switch|p1a: Keldeo|Keldeo|100/100
|-damage|p1a: Keldeo|94/100|[from] Stealth Rock
|turn|9
|
|t:|1734633013
|switch|p2a: Rotom|Rotom-Wash|100/100
|-damage|p2a: Rotom|88/100|[from] Stealth Rock
|move|p1a: Keldeo|Secret Sword|p2a: Rotom
|-damage|p2a: Rotom|32/100
|
|-weather|Sandstorm|[upkeep]
|-damage|p1a: Keldeo|88/100|[from] Sandstorm
|-damage|p2a: Rotom|26/100|[from] Sandstorm
|upkeep
|turn|10
|
|t:|1734633017
|move|p1a: Keldeo|Secret Sword|p2a: Rotom
|-damage|p2a: Rotom|0 fnt
|faint|p2a: Rotom
|
|-weather|Sandstorm|[upkeep]
|-damage|p1a: Keldeo|82/100|[from] Sandstorm
|upkeep
|
|t:|1734633023
|switch|p2a: Excadrill|Excadrill, F|85/100
|-damage|p2a: Excadrill|82/100|[from] Stealth Rock
|turn|11
|
|t:|1734633027
|move|p2a: Excadrill|Earthquake|p1a: Keldeo
|-damage|p1a: Keldeo|0 fnt
|faint|p1a: Keldeo
|
|-weather|Sandstorm|[upkeep]
|upkeep
|
|t:|1734633033
|switch|p1a: Latios|Latios, M|100/100
|-damage|p1a: Latios|88/100|[from] Stealth Rock
|turn|12
|
|t:|1734633039
|move|p1a: Latios|Surf|p2a: Excadrill
|-supereffective|p2a: Excadrill
|-damage|p2a: Excadrill|0 fnt
|faint|p2a: Excadrill
|
|-weather|Sandstorm|[upkeep]
|-damage|p1a: Latios|82/100|[from] Sandstorm
|upkeep
|
|t:|1734633042
|switch|p2a: Tyranitar|Tyranitar, F|100/100
|-damage|p2a: Tyranitar|88/100|[from] Stealth Rock
|turn|13
|
|t:|1734633046
|move|p1a: Latios|Surf|p2a: Tyranitar
|-supereffective|p2a: Tyranitar
|-damage|p2a: Tyranitar|41/100
|move|p2a: Tyranitar|Crunch|p1a: Latios
|-supereffective|p1a: Latios
|-damage|p1a: Latios|0 fnt
|faint|p1a: Latios
|
|-weather|Sandstorm|[upkeep]
|upkeep
|
|t:|1734633056
|switch|p1a: Excadrill|Excadrill, M|100/100
|-damage|p1a: Excadrill|97/100|[from] Stealth Rock
|turn|14
|
|t:|1734633059
|move|p2a: Tyranitar|Crunch|p1a: Excadrill
|-resisted|p1a: Excadrill
|-damage|p1a: Excadrill|69/100
|move|p1a: Excadrill|Rapid Spin|p2a: Tyranitar
|-resisted|p2a: Tyranitar
|-damage|p2a: Tyranitar|37/100
|-sideend|p1: Crimsonbacon38|Stealth Rock|[from] move: Rapid Spin|[of] p1a: Excadrill
|
|-weather|Sandstorm|[upkeep]
|-heal|p1a: Excadrill|76/100|[from] item: Leftovers
|upkeep
|turn|15
|
|t:|1734633062
|move|p2a: Tyranitar|Crunch|p1a: Excadrill
|-resisted|p1a: Excadrill
|-crit|p1a: Excadrill
|-damage|p1a: Excadrill|21/100
|move|p1a: Excadrill|Iron Head|p2a: Tyranitar
|-supereffective|p2a: Tyranitar
|-damage|p2a: Tyranitar|0 fnt
|faint|p2a: Tyranitar
|
|-weather|Sandstorm|[upkeep]
|-heal|p1a: Excadrill|27/100|[from] item: Leftovers
|upkeep
|
|t:|1734633067
|switch|p2a: Volcarona|Volcarona, M|100/100
|-damage|p2a: Volcarona|50/100|[from] Stealth Rock
|turn|16
|c|☆Crimsonbacon38|gg
|
|t:|1734633076
|move|p1a: Excadrill|Earthquake|p2a: Volcarona
|-damage|p2a: Volcarona|0 fnt
|faint|p2a: Volcarona
|
|win|Crimsonbacon38
|raw|Crimsonbacon38's rating: 1264 &rarr; <strong>1296</strong><br />(+32 for winning)
|raw|Aliando blyat's rating: 1366 &rarr; <strong>1340</strong><br />(-26 for losing)
|l|☆Aliando blyat
|player|p2|
