|j|☆phosphor
|j|☆HydreigonSpammer
|t:|1736219854
|gametype|singles
|player|p1|phosphor|#phosphor|1419
|player|p2|HydreigonSpammer|iris|1400
|teamsize|p1|6
|teamsize|p2|6
|gen|5
|tier|[Gen 5] OU
|rated|
|rule|Species Clause: Limit one of each Pokémon
|rule|OHKO Clause: OHKO moves are banned
|rule|Moody Clause: Moody is banned
|rule|Evasion Items Clause: Evasion items are banned
|rule|Evasion Moves Clause: Evasion moves are banned
|rule|Endless Battle Clause: Forcing endless battles is banned
|rule|HP Percentage Mod: HP is shown in percentages
|rule|Evasion Abilities Clause: Evasion abilities are banned
|rule|Sleep Moves Clause: Sleep-inducing moves are banned
|rule|Swagger Clause: Swagger is banned
|rule|Baton Pass Stat Clause: No Baton Passer may have a way to boost its stats
|clearpoke
|poke|p1|Skarmory, F|item
|poke|p1|Latios, M|item
|poke|p1|Latias, F|item
|poke|p1|Bronzong|item
|poke|p1|Clefable, F|item
|poke|p1|Gliscor, F|item
|poke|p2|Garchomp, M|item
|poke|p2|Latios, M|item
|poke|p2|Dragonite, M|item
|poke|p2|Starmie|item
|poke|p2|Jirachi|item
|poke|p2|Magnezone|item
|teampreview
|c|☆phosphor|Gl hf
|c|☆HydreigonSpammer|gl
|
|t:|1736219896
|start
|switch|p1a: Bronzong|Bronzong|100/100
|switch|p2a: Magnezone|Magnezone|100/100
|-item|p2a: Magnezone|Air Balloon
|turn|1
|
|t:|1736219902
|move|p2a: Magnezone|Thunderbolt|p1a: Bronzong
|-damage|p1a: Bronzong|62/100
|move|p1a: Bronzong|Gyro Ball|p2a: Magnezone
|-resisted|p2a: Magnezone
|-damage|p2a: Magnezone|94/100
|-enditem|p2a: Magnezone|Air Balloon
|
|-heal|p1a: Bronzong|69/100|[from] item: Leftovers
|upkeep
|turn|2
|
|t:|1736219918
|switch|p2a: Starmie|Starmie|100/100
|move|p1a: Bronzong|Earthquake|p2a: Starmie
|-damage|p2a: Starmie|70/100
|
|-heal|p1a: Bronzong|75/100|[from] item: Leftovers
|upkeep
|turn|3
|
|t:|1736219923
|switch|p1a: Clefable|Clefable, F|100/100
|move|p2a: Starmie|Scald|p1a: Clefable
|-damage|p1a: Clefable|52/100
|
|-heal|p1a: Clefable|58/100|[from] item: Leftovers
|upkeep
|turn|4
|
|t:|1736219945
|switch|p2a: Garchomp|Garchomp, M|100/100
|move|p1a: Clefable|Soft-Boiled|p1a: Clefable
|-heal|p1a: Clefable|100/100
|
|upkeep
|turn|5
|
|t:|1736219958
|switch|p1a: Bronzong|Bronzong|75/100
|move|p2a: Garchomp|Stealth Rock|p1a: Bronzong
|-sidestart|p1: phosphor|move: Stealth Rock
|
|-heal|p1a: Bronzong|81/100|[from] item: Leftovers
|upkeep
|turn|6
|
|t:|1736219972
|switch|p2a: Starmie|Starmie|70/100
|move|p1a: Bronzong|Earthquake|p2a: Starmie
|-damage|p2a: Starmie|39/100
|
|-heal|p1a: Bronzong|87/100|[from] item: Leftovers
|upkeep
|turn|7
|
|t:|1736219975
|switch|p1a: Clefable|Clefable, F|100/100
|move|p2a: Starmie|Trick|p1a: Clefable
|-activate|p2a: Starmie|move: Trick|[of] p1a: Clefable
|-item|p1a: Clefable|Choice Specs|[from] move: Trick
|-item|p2a: Starmie|Leftovers|[from] move: Trick
|
|-heal|p2a: Starmie|45/100|[from] item: Leftovers
|upkeep
|turn|8
|
|t:|1736219991
|switch|p2a: Magnezone|Magnezone|94/100
|move|p1a: Clefable|Knock Off|p2a: Magnezone
|-resisted|p2a: Magnezone
|-damage|p2a: Magnezone|92/100
|
|upkeep
|turn|9
|
|t:|1736220002
|switch|p2a: Starmie|Starmie|45/100
|switch|p1a: Gliscor|Gliscor, F|100/100
|-damage|p1a: Gliscor|88/100|[from] Stealth Rock
|
|-heal|p2a: Starmie|51/100|[from] item: Leftovers
|-status|p1a: Gliscor|tox|[from] item: Toxic Orb
|upkeep
|turn|10
|
|t:|1736220006
|move|p1a: Gliscor|Protect|p1a: Gliscor
|-singleturn|p1a: Gliscor|Protect
|move|p2a: Starmie|Scald|p1a: Gliscor
|-activate|p1a: Gliscor|move: Protect
|
|-heal|p2a: Starmie|58/100|[from] item: Leftovers
|-heal|p1a: Gliscor|100/100 tox|[from] ability: Poison Heal
|upkeep
|turn|11
|
|t:|1736220008
|switch|p1a: Clefable|Clefable, F|100/100
|move|p2a: Starmie|Scald|p1a: Clefable
|-damage|p1a: Clefable|69/100
|
|-heal|p2a: Starmie|64/100|[from] item: Leftovers
|upkeep
|turn|12
|
|t:|1736220015
|move|p2a: Starmie|Scald|p1a: Clefable
|-damage|p1a: Clefable|45/100
|move|p1a: Clefable|Seismic Toss|p2a: Starmie
|-damage|p2a: Starmie|25/100
|
|-heal|p2a: Starmie|32/100|[from] item: Leftovers
|upkeep
|turn|13
|
|t:|1736220027
|switch|p2a: Garchomp|Garchomp, M|100/100
|move|p1a: Clefable|Seismic Toss|p2a: Garchomp
|-damage|p2a: Garchomp|72/100
|
|upkeep
|turn|14
|
|t:|1736220039
|move|p2a: Garchomp|Earthquake|p1a: Clefable
|-crit|p1a: Clefable
|-damage|p1a: Clefable|0 fnt
|faint|p1a: Clefable
|
|upkeep
|
|t:|1736220042
|switch|p1a: Bronzong|Bronzong|87/100
|-damage|p1a: Bronzong|81/100|[from] Stealth Rock
|turn|15
|
|t:|1736220057
|switch|p2a: Jirachi|Jirachi|100/100
|move|p1a: Bronzong|Toxic|p2a: Jirachi
|-immune|p2a: Jirachi
|
|-heal|p1a: Bronzong|87/100|[from] item: Leftovers
|upkeep
|turn|16
|
|t:|1736220068
|move|p2a: Jirachi|Thunder|p1a: Bronzong|[miss]
|-miss|p2a: Jirachi|p1a: Bronzong
|move|p1a: Bronzong|Earthquake|p2a: Jirachi
|-supereffective|p2a: Jirachi
|-enditem|p2a: Jirachi|Shuca Berry|[eat]
|-enditem|p2a: Jirachi|Shuca Berry|[weaken]
|-damage|p2a: Jirachi|82/100
|
|-heal|p1a: Bronzong|93/100|[from] item: Leftovers
|upkeep
|turn|17
|
|t:|1736220073
|switch|p1a: Gliscor|Gliscor, F|100/100 tox
|-damage|p1a: Gliscor|88/100 tox|[from] Stealth Rock
|move|p2a: Jirachi|Thunder|p1a: Gliscor
|-immune|p1a: Gliscor
|
|-heal|p1a: Gliscor|100/100 tox|[from] ability: Poison Heal
|upkeep
|turn|18
|
|t:|1736220099
|switch|p1a: Latias|Latias, F|100/100
|-damage|p1a: Latias|88/100|[from] Stealth Rock
|switch|p2a: Dragonite|Dragonite, M|100/100
|
|upkeep
|turn|19
|
|t:|1736220111
|move|p1a: Latias|Draco Meteor|p2a: Dragonite
|-supereffective|p2a: Dragonite
|-damage|p2a: Dragonite|1/100
|-unboost|p1a: Latias|spa|2
|move|p2a: Dragonite|Outrage|p1a: Latias
|-supereffective|p1a: Latias
|-damage|p1a: Latias|0 fnt
|faint|p1a: Latias
|
|upkeep
|c|☆HydreigonSpammer|specs?
|
|t:|1736220127
|switch|p1a: Latios|Latios, M|100/100
|-damage|p1a: Latios|88/100|[from] Stealth Rock
|turn|20
|
|t:|1736220132
|move|p1a: Latios|Surf|p2a: Dragonite
|-resisted|p2a: Dragonite
|-damage|p2a: Dragonite|0 fnt
|faint|p2a: Dragonite
|
|upkeep
|
|t:|1736220139
|switch|p2a: Jirachi|Jirachi|82/100
|turn|21
|
|t:|1736220149
|move|p1a: Latios|Surf|p2a: Jirachi
|-damage|p2a: Jirachi|61/100
|move|p2a: Jirachi|Icy Wind|p1a: Latios
|-supereffective|p1a: Latios
|-damage|p1a: Latios|62/100
|-unboost|p1a: Latios|spe|1
|
|upkeep
|turn|22
|
|t:|1736220157
|move|p1a: Latios|Roost|p1a: Latios
|-heal|p1a: Latios|100/100
|-singleturn|p1a: Latios|move: Roost
|move|p2a: Jirachi|U-turn|p1a: Latios
|-supereffective|p1a: Latios
|-damage|p1a: Latios|57/100
|
|t:|1736220163
|switch|p2a: Latios|Latios, M|100/100|[from] U-turn
|
|upkeep
|turn|23
|
|t:|1736220172
|switch|p1a: Bronzong|Bronzong|93/100
|-damage|p1a: Bronzong|87/100|[from] Stealth Rock
|move|p2a: Latios|Calm Mind|p2a: Latios
|-boost|p2a: Latios|spa|1
|-boost|p2a: Latios|spd|1
|
|-heal|p1a: Bronzong|93/100|[from] item: Leftovers
|upkeep
|turn|24
|
|t:|1736220184
|move|p2a: Latios|Draco Meteor|p1a: Bronzong
|-resisted|p1a: Bronzong
|-damage|p1a: Bronzong|45/100
|-unboost|p2a: Latios|spa|2
|move|p1a: Bronzong|Toxic|p2a: Latios
|-status|p2a: Latios|tox
|
|-heal|p1a: Bronzong|51/100|[from] item: Leftovers
|-damage|p2a: Latios|95/100 tox|[from] psn
|upkeep
|turn|25
|
|t:|1736220193
|switch|p2a: Magnezone|Magnezone|92/100
|move|p1a: Bronzong|Earthquake|p2a: Magnezone
|-supereffective|p2a: Magnezone
|-damage|p2a: Magnezone|8/100
|
|-heal|p1a: Bronzong|57/100|[from] item: Leftovers
|upkeep
|turn|26
|c|☆HydreigonSpammer|how did u do that?? wtf man
|
|t:|1736220208
|move|p2a: Magnezone|Hidden Power|p1a: Bronzong
|-supereffective|p1a: Bronzong
|-damage|p1a: Bronzong|20/100
|move|p1a: Bronzong|Gyro Ball|p2a: Magnezone
|-resisted|p2a: Magnezone
|-damage|p2a: Magnezone|1/100
|
|-heal|p1a: Bronzong|26/100|[from] item: Leftovers
|upkeep
|turn|27
|
|t:|1736220212
|move|p2a: Magnezone|Hidden Power|p1a: Bronzong
|-supereffective|p1a: Bronzong
|-damage|p1a: Bronzong|0 fnt
|faint|p1a: Bronzong
|
|upkeep
|
|t:|1736220216
|switch|p1a: Latios|Latios, M|57/100
|-damage|p1a: Latios|45/100|[from] Stealth Rock
|turn|28
|
|t:|1736220225
|move|p1a: Latios|Roost|p1a: Latios
|-heal|p1a: Latios|95/100
|-singleturn|p1a: Latios|move: Roost
|move|p2a: Magnezone|Thunderbolt|p1a: Latios
|-resisted|p1a: Latios
|-crit|p1a: Latios
|-damage|p1a: Latios|38/100
|
|upkeep
|turn|29
|
|t:|1736220236
|move|p1a: Latios|Roost|p1a: Latios
|-heal|p1a: Latios|88/100
|-singleturn|p1a: Latios|move: Roost
|move|p2a: Magnezone|Thunderbolt|p1a: Latios
|-resisted|p1a: Latios
|-damage|p1a: Latios|60/100
|
|upkeep
|turn|30
|
|t:|1736220242
|move|p1a: Latios|Roost|p1a: Latios
|-heal|p1a: Latios|100/100
|-singleturn|p1a: Latios|move: Roost
|move|p2a: Magnezone|Thunderbolt|p1a: Latios
|-resisted|p1a: Latios
|-damage|p1a: Latios|72/100
|
|upkeep
|turn|31
|
|t:|1736220251
|move|p1a: Latios|Surf|p2a: Magnezone
|-damage|p2a: Magnezone|0 fnt
|faint|p2a: Magnezone
|
|upkeep
|
|t:|1736220256
|switch|p2a: Jirachi|Jirachi|61/100
|turn|32
|
|t:|1736220268
|switch|p1a: Skarmory|Skarmory, F|100/100
|-damage|p1a: Skarmory|88/100|[from] Stealth Rock
|move|p2a: Jirachi|Icy Wind|p1a: Skarmory
|-damage|p1a: Skarmory|71/100
|-unboost|p1a: Skarmory|spe|1
|
|upkeep
|turn|33
|
|t:|1736220275
|switch|p1a: Gliscor|Gliscor, F|100/100 tox
|-damage|p1a: Gliscor|88/100 tox|[from] Stealth Rock
|move|p2a: Jirachi|Icy Wind|p1a: Gliscor
|-supereffective|p1a: Gliscor
|-damage|p1a: Gliscor|22/100 tox
|-unboost|p1a: Gliscor|spe|1
|
|-heal|p1a: Gliscor|35/100 tox|[from] ability: Poison Heal
|upkeep
|turn|34
|
|t:|1736220280
|move|p1a: Gliscor|Protect|p1a: Gliscor
|-singleturn|p1a: Gliscor|Protect
|move|p2a: Jirachi|Icy Wind|p1a: Gliscor
|-activate|p1a: Gliscor|move: Protect
|
|-heal|p1a: Gliscor|47/100 tox|[from] ability: Poison Heal
|upkeep
|turn|35
|
|t:|1736220284
|move|p1a: Gliscor|Protect|p1a: Gliscor
|-singleturn|p1a: Gliscor|Protect
|move|p2a: Jirachi|Icy Wind|p1a: Gliscor
|-activate|p1a: Gliscor|move: Protect
|
|-heal|p1a: Gliscor|60/100 tox|[from] ability: Poison Heal
|upkeep
|turn|36
|
|t:|1736220297
|switch|p1a: Skarmory|Skarmory, F|71/100
|-damage|p1a: Skarmory|59/100|[from] Stealth Rock
|move|p2a: Jirachi|Icy Wind|p1a: Skarmory
|-damage|p1a: Skarmory|39/100
|-unboost|p1a: Skarmory|spe|1
|
|upkeep
|turn|37
|
|t:|1736220307
|move|p2a: Jirachi|Thunder|p1a: Skarmory
|-supereffective|p1a: Skarmory
|-damage|p1a: Skarmory|0 fnt
|faint|p1a: Skarmory
|
|upkeep
|
|t:|1736220310
|switch|p1a: Gliscor|Gliscor, F|60/100 tox
|-damage|p1a: Gliscor|47/100 tox|[from] Stealth Rock
|turn|38
|
|t:|1736220322
|move|p1a: Gliscor|Protect|p1a: Gliscor
|-singleturn|p1a: Gliscor|Protect
|move|p2a: Jirachi|Icy Wind|p1a: Gliscor
|-activate|p1a: Gliscor|move: Protect
|
|-heal|p1a: Gliscor|60/100 tox|[from] ability: Poison Heal
|upkeep
|turn|39
|
|t:|1736220326
|move|p1a: Gliscor|Protect|p1a: Gliscor
|-singleturn|p1a: Gliscor|Protect
|move|p2a: Jirachi|Icy Wind|p1a: Gliscor
|-activate|p1a: Gliscor|move: Protect
|
|-heal|p1a: Gliscor|72/100 tox|[from] ability: Poison Heal
|upkeep
|turn|40
|
|t:|1736220328
|move|p1a: Gliscor|Earthquake|p2a: Jirachi
|-supereffective|p2a: Jirachi
|-damage|p2a: Jirachi|4/100
|move|p2a: Jirachi|Icy Wind|p1a: Gliscor
|-supereffective|p1a: Gliscor
|-damage|p1a: Gliscor|5/100 tox
|-unboost|p1a: Gliscor|spe|1
|
|-heal|p1a: Gliscor|18/100 tox|[from] ability: Poison Heal
|upkeep
|turn|41
|
|t:|1736220336
|move|p2a: Jirachi|Icy Wind|p1a: Gliscor
|-supereffective|p1a: Gliscor
|-damage|p1a: Gliscor|0 fnt
|faint|p1a: Gliscor
|
|upkeep
|
|t:|1736220337
|switch|p1a: Latios|Latios, M|72/100
|-damage|p1a: Latios|60/100|[from] Stealth Rock
|turn|42
|
|t:|1736220339
|move|p1a: Latios|Surf|p2a: Jirachi
|-damage|p2a: Jirachi|0 fnt
|faint|p2a: Jirachi
|
|upkeep
|
|t:|1736220341
|switch|p2a: Garchomp|Garchomp, M|72/100
|turn|43
|
|t:|1736220344
|move|p2a: Garchomp|Outrage|p1a: Latios
|-supereffective|p1a: Latios
|-damage|p1a: Latios|0 fnt
|faint|p1a: Latios
|
|win|HydreigonSpammer
|raw|phosphor's rating: 1419 &rarr; <strong>1398</strong><br />(-21 for losing)
|raw|HydreigonSpammer's rating: 1400 &rarr; <strong>1421</strong><br />(+21 for winning)
|c|☆HydreigonSpammer|gg wp
|c|☆phosphor|Gg
