|j|☆BWR Ashes
|j|☆fredel
|t:|1719412164
|gametype|singles
|player|p1|BWR Ashes|skier-gen2|1447
|player|p2|fredel|hiker-gen4|1386
|teamsize|p1|6
|teamsize|p2|6
|gen|5
|tier|[Gen 5] OU
|rated|
|rule|Species Clause: Limit one of each Pokémon
|rule|OHKO Clause: OHKO moves are banned
|rule|Moody Clause: Moody is banned
|rule|Evasion Items Clause: Evasion items are banned
|rule|Evasion Moves Clause: Evasion moves are banned
|rule|Endless Battle Clause: Forcing endless battles is banned
|rule|HP Percentage Mod: HP is shown in percentages
|rule|Evasion Abilities Clause: Evasion abilities are banned
|rule|Sleep Moves Clause: Sleep-inducing moves are banned
|rule|Swagger Clause: Swagger is banned
|rule|Baton Pass Stat Clause: No Baton Passer may have a way to boost its stats
|clearpoke
|poke|p1|Politoed, F|item
|poke|p1|Ferrothorn, F|item
|poke|p1|Jirachi|item
|poke|p1|Latias, F|item
|poke|p1|Kyurem-Black|item
|poke|p1|Starmie|item
|poke|p2|Scizor, F|item
|poke|p2|Azelf|item
|poke|p2|Jirachi|item
|poke|p2|Kyurem-Black|item
|poke|p2|Politoed, M|item
|poke|p2|Gyarados, F|item
|teampreview
|inactive|Battle timer is ON: inactive players will automatically lose when time's up. (requested by fredel)
|
|t:|1719412188
|start
|switch|p1a: Kyurem|Kyurem-Black|100/100
|switch|p2a: Azelf|Azelf|100/100
|-ability|p1a: Kyurem|Teravolt
|turn|1
|
|t:|1719412192
|move|p2a: Azelf|Stealth Rock|p1a: Kyurem
|-sidestart|p1: BWR Ashes|move: Stealth Rock
|move|p1a: Kyurem|Ice Beam|p2a: Azelf
|-damage|p2a: Azelf|16/100
|
|upkeep
|turn|2
|inactive|fredel has 120 seconds left.
|inactive|fredel has 90 seconds left.
|inactive|fredel has 60 seconds left.
|
|t:|1719412307
|move|p2a: Azelf|Psychic|p1a: Kyurem
|-damage|p1a: Kyurem|58/100
|move|p1a: Kyurem|Ice Beam|p2a: Azelf
|-damage|p2a: Azelf|0 fnt
|faint|p2a: Azelf
|
|-heal|p1a: Kyurem|64/100|[from] item: Leftovers
|upkeep
|inactive|fredel has 30 seconds left.
|
|t:|1719412322
|switch|p2a: Scizor|Scizor, F|100/100
|turn|3
|
|t:|1719412352
|switch|p1a: Politoed|Politoed, F|100/100
|-damage|p1a: Politoed|88/100|[from] Stealth Rock
|-weather|RainDance|[from] ability: Drizzle|[of] p1a: Politoed
|move|p2a: Scizor|Swords Dance|p2a: Scizor
|-boost|p2a: Scizor|atk|2
|
|-weather|RainDance|[upkeep]
|-heal|p1a: Politoed|94/100|[from] item: Leftovers
|upkeep
|turn|4
|
|t:|1719412364
|move|p1a: Politoed|Scald|p2a: Scizor
|-damage|p2a: Scizor|52/100
|move|p2a: Scizor|Bug Bite|p1a: Politoed
|-damage|p1a: Politoed|0 fnt
|faint|p1a: Politoed
|-damage|p2a: Scizor|42/100|[from] item: Life Orb
|
|-weather|RainDance|[upkeep]
|upkeep
|
|t:|1719412374
|switch|p1a: Starmie|Starmie|100/100
|-damage|p1a: Starmie|88/100|[from] Stealth Rock
|-item|p1a: Starmie|Air Balloon
|turn|5
|
|t:|1719412387
|move|p2a: Scizor|Bullet Punch|p1a: Starmie
|-resisted|p1a: Starmie
|-damage|p1a: Starmie|24/100
|-enditem|p1a: Starmie|Air Balloon
|-damage|p2a: Scizor|32/100|[from] item: Life Orb
|move|p1a: Starmie|Thunder|p2a: Scizor
|-damage|p2a: Scizor|0 fnt
|faint|p2a: Scizor
|
|-weather|RainDance|[upkeep]
|upkeep
|
|t:|1719412391
|switch|p2a: Jirachi|Jirachi|100/100
|turn|6
|inactive|BWR Ashes has 120 seconds left.
|
|t:|1719412425
|move|p2a: Jirachi|U-turn|p1a: Starmie
|-supereffective|p1a: Starmie
|-damage|p1a: Starmie|0 fnt
|faint|p1a: Starmie
|inactive|fredel has 60 seconds left.
|
|t:|1719412435
|switch|p2a: Politoed|Politoed, M|100/100|[from] U-turn
|
|-weather|RainDance|[upkeep]
|upkeep
|inactive|BWR Ashes has 120 seconds left.
|
|t:|1719412467
|switch|p1a: Jirachi|Jirachi|100/100
|-damage|p1a: Jirachi|94/100|[from] Stealth Rock
|turn|7
|inactive|fredel has 60 seconds left.
|
|t:|1719412481
|move|p1a: Jirachi|Calm Mind|p1a: Jirachi
|-boost|p1a: Jirachi|spa|1
|-boost|p1a: Jirachi|spd|1
|move|p2a: Politoed|Scald|p1a: Jirachi
|-damage|p1a: Jirachi|62/100
|
|-weather|RainDance|[upkeep]
|-heal|p1a: Jirachi|68/100|[from] item: Leftovers
|upkeep
|turn|8
|
|t:|1719412498
|switch|p2a: Kyurem|Kyurem-Black|100/100
|-ability|p2a: Kyurem|Teravolt
|move|p1a: Jirachi|Thunder|p2a: Kyurem
|-resisted|p2a: Kyurem
|-damage|p2a: Kyurem|80/100
|-status|p2a: Kyurem|par
|
|-weather|RainDance|[upkeep]
|-heal|p1a: Jirachi|75/100|[from] item: Leftovers
|upkeep
|turn|9
|
|t:|1719412516
|move|p1a: Jirachi|Calm Mind|p1a: Jirachi
|-boost|p1a: Jirachi|spa|1
|-boost|p1a: Jirachi|spd|1
|move|p2a: Kyurem|Fusion Bolt|p1a: Jirachi
|-damage|p1a: Jirachi|39/100
|
|-weather|RainDance|[upkeep]
|-heal|p1a: Jirachi|45/100|[from] item: Leftovers
|upkeep
|turn|10
|
|t:|1719412525
|move|p1a: Jirachi|Thunder|p2a: Kyurem
|-resisted|p2a: Kyurem
|-damage|p2a: Kyurem|50/100 par
|cant|p2a: Kyurem|par
|
|-weather|RainDance|[upkeep]
|-heal|p1a: Jirachi|51/100|[from] item: Leftovers
|upkeep
|turn|11
|
|t:|1719412536
|move|p1a: Jirachi|Thunder|p2a: Kyurem
|-resisted|p2a: Kyurem
|-damage|p2a: Kyurem|22/100 par
|move|p2a: Kyurem|Fusion Bolt|p1a: Jirachi
|-damage|p1a: Jirachi|16/100
|
|-weather|RainDance|[upkeep]
|-heal|p1a: Jirachi|23/100|[from] item: Leftovers
|upkeep
|turn|12
|
|t:|1719412538
|move|p1a: Jirachi|Thunder|p2a: Kyurem
|-resisted|p2a: Kyurem
|-damage|p2a: Kyurem|0 fnt
|faint|p2a: Kyurem
|
|-weather|RainDance|[upkeep]
|-heal|p1a: Jirachi|29/100|[from] item: Leftovers
|upkeep
|inactive|fredel has 90 seconds left.
|
|t:|1719412544
|switch|p2a: Jirachi|Jirachi|100/100
|turn|13
|
|t:|1719412547
|move|p2a: Jirachi|Body Slam|p1a: Jirachi
|-resisted|p1a: Jirachi
|-damage|p1a: Jirachi|18/100
|move|p1a: Jirachi|Thunder|p2a: Jirachi
|-damage|p2a: Jirachi|44/100
|-status|p2a: Jirachi|par
|
|-weather|RainDance|[upkeep]
|-heal|p1a: Jirachi|24/100|[from] item: Leftovers
|upkeep
|turn|14
|
|t:|1719412551
|move|p1a: Jirachi|Thunder|p2a: Jirachi
|-damage|p2a: Jirachi|0 fnt
|faint|p2a: Jirachi
|
|-weather|RainDance|[upkeep]
|-heal|p1a: Jirachi|30/100|[from] item: Leftovers
|upkeep
|
|t:|1719412555
|switch|p2a: Gyarados|Gyarados, F|100/100
|turn|15
|
|t:|1719412556
|move|p1a: Jirachi|Thunder|p2a: Gyarados
|-supereffective|p2a: Gyarados
|-crit|p2a: Gyarados
|-damage|p2a: Gyarados|0 fnt
|faint|p2a: Gyarados
|
|-weather|RainDance|[upkeep]
|-heal|p1a: Jirachi|37/100|[from] item: Leftovers
|upkeep
|
|t:|1719412558
|switch|p2a: Politoed|Politoed, M|100/100
|turn|16
|
|t:|1719412560
|move|p1a: Jirachi|Thunder|p2a: Politoed
|-supereffective|p2a: Politoed
|-damage|p2a: Politoed|0 fnt
|faint|p2a: Politoed
|
|win|BWR Ashes
|raw|BWR Ashes's rating: 1447 &rarr; <strong>1462</strong><br />(+15 for winning)
|raw|fredel's rating: 1354 &rarr; <strong>1339</strong><br />(-15 for losing)
|l|☆fredel
|player|p2|
