|html|<div class="broadcast-blue"><strong>[Gen 5] OU is currently suspecting Volcarona & Cloyster! For information on how to participate check out the <a href="https://www.smogon.com/forums/threads/re-cloyster-volcarona-in-bw-ou-survey-post-29.3731863/page-2#post-9904362">suspect thread</a>.</strong></div>
|j|☆sniping bwvcs
|j|☆sixsevn
|t:|1703527559
|gametype|singles
|player|p1|sniping bwvcs|102|1470
|player|p2|sixsevn|burglar|1389
|teamsize|p1|6
|teamsize|p2|6
|gen|5
|tier|[Gen 5] OU
|rated|
|rule|Species Clause: Limit one of each Pokémon
|rule|OHKO Clause: OHKO moves are banned
|rule|Moody Clause: Moody is banned
|rule|Evasion Items Clause: Evasion items are banned
|rule|Evasion Moves Clause: Evasion moves are banned
|rule|Endless Battle Clause: Forcing endless battles is banned
|rule|HP Percentage Mod: HP is shown in percentages
|rule|Evasion Abilities Clause: Evasion abilities are banned
|rule|Sleep Moves Clause: Sleep-inducing moves are banned
|rule|Swagger Clause: Swagger is banned
|rule|Baton Pass Stat Clause: No Baton Passer may have a way to boost its stats
|clearpoke
|poke|p1|Hippowdon, F|item
|poke|p1|Heatran, F|item
|poke|p1|Forretress, M|item
|poke|p1|Celebi|item
|poke|p1|Tyranitar, M|item
|poke|p1|Rotom-Wash|item
|poke|p2|Azelf|item
|poke|p2|Celebi|item
|poke|p2|Heatran, F|item
|poke|p2|Excadrill, M|item
|poke|p2|Zapdos|item
|poke|p2|Breloom, F|item
|teampreview
|inactive|Battle timer is ON: inactive players will automatically lose when time's up. (requested by sixsevn)
|
|t:|1703527568
|start
|switch|p1a: Tyranitar|Tyranitar, M|100/100
|switch|p2a: Breloom|Breloom, F|100/100
|-weather|Sandstorm|[from] ability: Sand Stream|[of] p1a: Tyranitar
|turn|1
|
|t:|1703527575
|switch|p1a: Celebi|Celebi|100/100
|switch|p2a: Azelf|Azelf|100/100
|
|-weather|Sandstorm|[upkeep]
|-damage|p2a: Azelf|94/100|[from] Sandstorm
|-damage|p1a: Celebi|94/100|[from] Sandstorm
|-heal|p1a: Celebi|100/100|[from] item: Leftovers
|upkeep
|turn|2
|
|t:|1703527582
|switch|p1a: Tyranitar|Tyranitar, M|100/100
|move|p2a: Azelf|U-turn|p1a: Tyranitar
|-supereffective|p1a: Tyranitar
|-damage|p1a: Tyranitar|53/100
|
|t:|1703527602
|switch|p2a: Breloom|Breloom, F|100/100|[from] U-turn
|
|-weather|Sandstorm|[upkeep]
|-damage|p2a: Breloom|94/100|[from] Sandstorm
|upkeep
|turn|3
|
|t:|1703527605
|switch|p1a: Celebi|Celebi|100/100
|move|p2a: Breloom|Superpower|p1a: Celebi
|-resisted|p1a: Celebi
|-damage|p1a: Celebi|58/100
|-unboost|p2a: Breloom|atk|1
|-unboost|p2a: Breloom|def|1
|
|-weather|Sandstorm|[upkeep]
|-damage|p1a: Celebi|51/100|[from] Sandstorm
|-damage|p2a: Breloom|88/100|[from] Sandstorm
|-heal|p1a: Celebi|58/100|[from] item: Leftovers
|upkeep
|turn|4
|
|t:|1703527608
|switch|p2a: Azelf|Azelf|94/100
|move|p1a: Celebi|Recover|p1a: Celebi
|-heal|p1a: Celebi|100/100
|
|-weather|Sandstorm|[upkeep]
|-damage|p2a: Azelf|88/100|[from] Sandstorm
|-damage|p1a: Celebi|94/100|[from] Sandstorm
|-heal|p1a: Celebi|100/100|[from] item: Leftovers
|upkeep
|turn|5
|
|t:|1703527611
|switch|p1a: Hippowdon|Hippowdon, F|100/100
|move|p2a: Azelf|U-turn|p1a: Hippowdon
|-crit|p1a: Hippowdon
|-damage|p1a: Hippowdon|71/100
|
|t:|1703527614
|switch|p2a: Breloom|Breloom, F|88/100|[from] U-turn
|
|-weather|Sandstorm|[upkeep]
|-damage|p2a: Breloom|82/100|[from] Sandstorm
|-heal|p1a: Hippowdon|77/100|[from] item: Leftovers
|upkeep
|turn|6
|
|t:|1703527616
|switch|p1a: Forretress|Forretress, M|100/100
|move|p2a: Breloom|Bullet Seed|p1a: Forretress
|-resisted|p1a: Forretress
|-damage|p1a: Forretress|96/100
|-resisted|p1a: Forretress
|-damage|p1a: Forretress|92/100
|-resisted|p1a: Forretress
|-damage|p1a: Forretress|88/100
|-resisted|p1a: Forretress
|-damage|p1a: Forretress|83/100
|-hitcount|p1a: Forretress|4
|
|-weather|Sandstorm|[upkeep]
|-damage|p2a: Breloom|76/100|[from] Sandstorm
|-heal|p1a: Forretress|89/100|[from] item: Leftovers
|upkeep
|turn|7
|
|t:|1703527622
|switch|p2a: Zapdos|Zapdos|100/100
|-ability|p2a: Zapdos|Pressure
|move|p1a: Forretress|Spikes|p2a: Zapdos
|-sidestart|p2: sixsevn|Spikes
|
|-weather|Sandstorm|[upkeep]
|-damage|p2a: Zapdos|94/100|[from] Sandstorm
|-heal|p2a: Zapdos|100/100|[from] item: Leftovers
|-heal|p1a: Forretress|96/100|[from] item: Leftovers
|upkeep
|turn|8
|
|t:|1703527625
|switch|p1a: Heatran|Heatran, F|100/100
|move|p2a: Zapdos|Hidden Power|p1a: Heatran
|-resisted|p1a: Heatran
|-damage|p1a: Heatran|97/100
|
|-weather|Sandstorm|[upkeep]
|-damage|p2a: Zapdos|94/100|[from] Sandstorm
|-heal|p2a: Zapdos|100/100|[from] item: Leftovers
|-heal|p1a: Heatran|100/100|[from] item: Leftovers
|upkeep
|turn|9
|
|t:|1703527629
|switch|p2a: Heatran|Heatran, F|100/100
|-damage|p2a: Heatran|88/100|[from] Spikes
|move|p1a: Heatran|Torment|p2a: Heatran
|-start|p2a: Heatran|Torment
|
|-weather|Sandstorm|[upkeep]
|-heal|p2a: Heatran|94/100|[from] item: Leftovers
|upkeep
|turn|10
|
|t:|1703527636
|switch|p1a: Rotom|Rotom-Wash|100/100
|move|p2a: Heatran|Earth Power|p1a: Rotom
|-immune|p1a: Rotom|[from] ability: Levitate
|
|-weather|Sandstorm|[upkeep]
|-damage|p1a: Rotom|94/100|[from] Sandstorm
|-heal|p1a: Rotom|100/100|[from] item: Leftovers
|-heal|p2a: Heatran|100/100|[from] item: Leftovers
|upkeep
|turn|11
|
|t:|1703527642
|switch|p2a: Celebi|Celebi|100/100
|-damage|p2a: Celebi|88/100|[from] Spikes
|move|p1a: Rotom|Hydro Pump|p2a: Celebi
|-resisted|p2a: Celebi
|-damage|p2a: Celebi|75/100
|
|-weather|Sandstorm|[upkeep]
|-damage|p2a: Celebi|69/100|[from] Sandstorm
|-damage|p1a: Rotom|94/100|[from] Sandstorm
|-heal|p2a: Celebi|75/100|[from] item: Leftovers
|-heal|p1a: Rotom|100/100|[from] item: Leftovers
|upkeep
|turn|12
|
|t:|1703527645
|move|p2a: Celebi|U-turn|p1a: Rotom
|-damage|p1a: Rotom|87/100
|
|t:|1703527649
|switch|p2a: Azelf|Azelf|88/100|[from] U-turn
|move|p1a: Rotom|Volt Switch|p2a: Azelf
|-damage|p2a: Azelf|48/100
|-enditem|p2a: Azelf|Sitrus Berry|[eat]
|-heal|p2a: Azelf|73/100|[from] item: Sitrus Berry
|
|t:|1703527652
|switch|p1a: Tyranitar|Tyranitar, M|53/100|[from] Volt Switch
|
|-weather|Sandstorm|[upkeep]
|-damage|p2a: Azelf|66/100|[from] Sandstorm
|upkeep
|turn|13
|
|t:|1703527665
|move|p1a: Tyranitar|Pursuit|p2a: Azelf
|-supereffective|p2a: Azelf
|-damage|p2a: Azelf|0 fnt
|faint|p2a: Azelf
|
|-weather|Sandstorm|[upkeep]
|upkeep
|
|t:|1703527674
|switch|p2a: Breloom|Breloom, F|76/100
|-damage|p2a: Breloom|64/100|[from] Spikes
|turn|14
|
|t:|1703527677
|switch|p1a: Celebi|Celebi|100/100
|move|p2a: Breloom|Superpower|p1a: Celebi
|-resisted|p1a: Celebi
|-crit|p1a: Celebi
|-damage|p1a: Celebi|15/100
|-unboost|p2a: Breloom|atk|1
|-unboost|p2a: Breloom|def|1
|
|-weather|Sandstorm|[upkeep]
|-damage|p1a: Celebi|8/100|[from] Sandstorm
|-damage|p2a: Breloom|58/100|[from] Sandstorm
|-heal|p1a: Celebi|15/100|[from] item: Leftovers
|upkeep
|turn|15
|
|t:|1703527684
|move|p1a: Celebi|Recover|p1a: Celebi
|-heal|p1a: Celebi|65/100
|move|p2a: Breloom|Superpower|p1a: Celebi
|-resisted|p1a: Celebi
|-damage|p1a: Celebi|35/100
|-unboost|p2a: Breloom|atk|1
|-unboost|p2a: Breloom|def|1
|
|-weather|Sandstorm|[upkeep]
|-damage|p1a: Celebi|29/100|[from] Sandstorm
|-damage|p2a: Breloom|51/100|[from] Sandstorm
|-heal|p1a: Celebi|35/100|[from] item: Leftovers
|upkeep
|turn|16
|
|t:|1703527693
|switch|p2a: Celebi|Celebi|75/100
|-damage|p2a: Celebi|63/100|[from] Spikes
|move|p1a: Celebi|Recover|p1a: Celebi
|-heal|p1a: Celebi|86/100
|
|-weather|Sandstorm|[upkeep]
|-damage|p1a: Celebi|79/100|[from] Sandstorm
|-damage|p2a: Celebi|57/100|[from] Sandstorm
|-heal|p1a: Celebi|86/100|[from] item: Leftovers
|-heal|p2a: Celebi|63/100|[from] item: Leftovers
|upkeep
|turn|17
|
|t:|1703527699
|switch|p1a: Heatran|Heatran, F|100/100
|move|p2a: Celebi|U-turn|p1a: Heatran
|-resisted|p1a: Heatran
|-damage|p1a: Heatran|97/100
|
|t:|1703527701
|switch|p2a: Excadrill|Excadrill, M|100/100|[from] U-turn
|-damage|p2a: Excadrill|88/100|[from] Spikes
|-ability|p2a: Excadrill|Mold Breaker
|
|-weather|Sandstorm|[upkeep]
|-heal|p1a: Heatran|100/100|[from] item: Leftovers
|upkeep
|turn|18
|
|t:|1703527716
|switch|p2a: Zapdos|Zapdos|100/100
|-ability|p2a: Zapdos|Pressure
|move|p1a: Heatran|Protect||[still]
|-fail|p1a: Heatran
|
|-weather|Sandstorm|[upkeep]
|-damage|p2a: Zapdos|94/100|[from] Sandstorm
|-heal|p2a: Zapdos|100/100|[from] item: Leftovers
|upkeep
|turn|19
|
|t:|1703527730
|move|p2a: Zapdos|Discharge|p1a: Heatran
|-damage|p1a: Heatran|79/100
|move|p1a: Heatran|Lava Plume|p2a: Zapdos
|-damage|p2a: Zapdos|62/100
|
|-weather|Sandstorm|[upkeep]
|-damage|p2a: Zapdos|56/100|[from] Sandstorm
|-heal|p2a: Zapdos|62/100|[from] item: Leftovers
|-heal|p1a: Heatran|85/100|[from] item: Leftovers
|upkeep
|turn|20
|
|t:|1703527739
|switch|p2a: Heatran|Heatran, F|100/100
|-damage|p2a: Heatran|88/100|[from] Spikes
|move|p1a: Heatran|Protect||[still]
|-fail|p1a: Heatran
|
|-weather|Sandstorm|[upkeep]
|-heal|p2a: Heatran|94/100|[from] item: Leftovers
|-heal|p1a: Heatran|91/100|[from] item: Leftovers
|upkeep
|turn|21
|
|t:|1703527749
|switch|p1a: Rotom|Rotom-Wash|87/100
|move|p2a: Heatran|Toxic|p1a: Rotom
|-status|p1a: Rotom|tox
|
|-weather|Sandstorm|[upkeep]
|-damage|p1a: Rotom|81/100 tox|[from] Sandstorm
|-heal|p1a: Rotom|87/100 tox|[from] item: Leftovers
|-heal|p2a: Heatran|100/100|[from] item: Leftovers
|-damage|p1a: Rotom|81/100 tox|[from] psn
|upkeep
|turn|22
|
|t:|1703527752
|move|p2a: Heatran|Protect|p2a: Heatran
|-singleturn|p2a: Heatran|Protect
|move|p1a: Rotom|Hydro Pump|p2a: Heatran
|-activate|p2a: Heatran|move: Protect
|
|-weather|Sandstorm|[upkeep]
|-damage|p1a: Rotom|75/100 tox|[from] Sandstorm
|-heal|p1a: Rotom|81/100 tox|[from] item: Leftovers
|-damage|p1a: Rotom|69/100 tox|[from] psn
|upkeep
|turn|23
|
|t:|1703527763
|move|p1a: Rotom|Volt Switch|p2a: Heatran
|-damage|p2a: Heatran|86/100
|
|t:|1703527766
|switch|p1a: Heatran|Heatran, F|91/100|[from] Volt Switch
|move|p2a: Heatran|Magma Storm|p1a: Heatran
|-start|p1a: Heatran|ability: Flash Fire
|
|-weather|Sandstorm|[upkeep]
|-heal|p1a: Heatran|97/100|[from] item: Leftovers
|-heal|p2a: Heatran|92/100|[from] item: Leftovers
|upkeep
|turn|24
|
|t:|1703527769
|move|p1a: Heatran|Protect|p1a: Heatran
|-singleturn|p1a: Heatran|Protect
|move|p2a: Heatran|Earth Power|p1a: Heatran
|-activate|p1a: Heatran|move: Protect
|
|-weather|Sandstorm|[upkeep]
|-heal|p1a: Heatran|100/100|[from] item: Leftovers
|-heal|p2a: Heatran|99/100|[from] item: Leftovers
|upkeep
|turn|25
|
|t:|1703527774
|-end|p1a: Heatran|ability: Flash Fire|[silent]
|switch|p1a: Hippowdon|Hippowdon, F|77/100
|move|p2a: Heatran|Earth Power|p1a: Hippowdon
|-damage|p1a: Hippowdon|57/100
|
|-weather|Sandstorm|[upkeep]
|-heal|p2a: Heatran|100/100|[from] item: Leftovers
|-heal|p1a: Hippowdon|63/100|[from] item: Leftovers
|upkeep
|turn|26
|
|t:|1703527781
|move|p2a: Heatran|Toxic|p1a: Hippowdon
|-status|p1a: Hippowdon|tox
|move|p1a: Hippowdon|Slack Off|p1a: Hippowdon
|-heal|p1a: Hippowdon|100/100 tox
|
|-weather|Sandstorm|[upkeep]
|-damage|p1a: Hippowdon|94/100 tox|[from] psn
|upkeep
|turn|27
|
|t:|1703527789
|switch|p2a: Zapdos|Zapdos|62/100
|-ability|p2a: Zapdos|Pressure
|move|p1a: Hippowdon|Stealth Rock|p2a: Zapdos
|-sidestart|p2: sixsevn|move: Stealth Rock
|
|-weather|Sandstorm|[upkeep]
|-damage|p2a: Zapdos|56/100|[from] Sandstorm
|-heal|p2a: Zapdos|62/100|[from] item: Leftovers
|-heal|p1a: Hippowdon|100/100 tox|[from] item: Leftovers
|-damage|p1a: Hippowdon|88/100 tox|[from] psn
|upkeep
|turn|28
|
|t:|1703527801
|switch|p1a: Heatran|Heatran, F|100/100
|move|p2a: Zapdos|Discharge|p1a: Heatran
|-crit|p1a: Heatran
|-damage|p1a: Heatran|53/100
|
|-weather|Sandstorm|[upkeep]
|-damage|p2a: Zapdos|56/100|[from] Sandstorm
|-heal|p2a: Zapdos|62/100|[from] item: Leftovers
|-heal|p1a: Heatran|59/100|[from] item: Leftovers
|upkeep
|turn|29
|
|t:|1703527807
|move|p1a: Heatran|Protect|p1a: Heatran
|-singleturn|p1a: Heatran|Protect
|move|p2a: Zapdos|Discharge|p1a: Heatran
|-activate|p1a: Heatran|move: Protect
|
|-weather|Sandstorm|[upkeep]
|-damage|p2a: Zapdos|56/100|[from] Sandstorm
|-heal|p2a: Zapdos|62/100|[from] item: Leftovers
|-heal|p1a: Heatran|66/100|[from] item: Leftovers
|upkeep
|turn|30
|inactive|sniping bwvcs has 120 seconds left.
|
|t:|1703527853
|move|p2a: Zapdos|Discharge|p1a: Heatran
|-damage|p1a: Heatran|45/100
|-status|p1a: Heatran|par
|move|p1a: Heatran|Torment|p2a: Zapdos
|-start|p2a: Zapdos|Torment
|
|-weather|Sandstorm|[upkeep]
|-damage|p2a: Zapdos|56/100|[from] Sandstorm
|-heal|p2a: Zapdos|62/100|[from] item: Leftovers
|-heal|p1a: Heatran|51/100 par|[from] item: Leftovers
|upkeep
|turn|31
|
|t:|1703527859
|switch|p2a: Heatran|Heatran, F|100/100
|-damage|p2a: Heatran|88/100|[from] Spikes
|-damage|p2a: Heatran|76/100|[from] Stealth Rock
|switch|p1a: Tyranitar|Tyranitar, M|53/100
|
|-weather|Sandstorm|[upkeep]
|-heal|p2a: Heatran|82/100|[from] item: Leftovers
|upkeep
|turn|32
|inactive|sniping bwvcs has 120 seconds left.
|inactive|sniping bwvcs has 90 seconds left.
|inactive|sixsevn has 120 seconds left.
|
|t:|1703527905
|move|p2a: Heatran|Protect|p2a: Heatran
|-singleturn|p2a: Heatran|Protect
|move|p1a: Tyranitar|Superpower|p2a: Heatran
|-activate|p2a: Heatran|move: Protect
|
|-weather|Sandstorm|[upkeep]
|-heal|p2a: Heatran|88/100|[from] item: Leftovers
|upkeep
|turn|33
|inactive|sniping bwvcs has 90 seconds left.
|inactive|sixsevn has 120 seconds left.
|
|t:|1703527944
|move|p1a: Tyranitar|Superpower|p2a: Heatran
|-supereffective|p2a: Heatran
|-damage|p2a: Heatran|15/100
|-unboost|p1a: Tyranitar|atk|1
|-unboost|p1a: Tyranitar|def|1
|move|p2a: Heatran|Earth Power|p1a: Tyranitar
|-supereffective|p1a: Tyranitar
|-damage|p1a: Tyranitar|21/100
|
|-weather|Sandstorm|[upkeep]
|-heal|p2a: Heatran|21/100|[from] item: Leftovers
|upkeep
|turn|34
|
|t:|1703527948
|move|p2a: Heatran|Protect|p2a: Heatran
|-singleturn|p2a: Heatran|Protect
|move|p1a: Tyranitar|Superpower|p2a: Heatran
|-activate|p2a: Heatran|move: Protect
|
|-weather|Sandstorm|[upkeep]
|-heal|p2a: Heatran|27/100|[from] item: Leftovers
|upkeep
|turn|35
|inactive|sniping bwvcs has 60 seconds left.
|inactive|sixsevn has 120 seconds left.
|
|t:|1703527991
|switch|p2a: Celebi|Celebi|63/100
|-damage|p2a: Celebi|50/100|[from] Spikes
|-damage|p2a: Celebi|38/100|[from] Stealth Rock
|move|p1a: Tyranitar|Superpower|p2a: Celebi
|-resisted|p2a: Celebi
|-damage|p2a: Celebi|27/100
|-unboost|p1a: Tyranitar|atk|1
|-unboost|p1a: Tyranitar|def|1
|
|-weather|Sandstorm|[upkeep]
|-damage|p2a: Celebi|21/100|[from] Sandstorm
|-heal|p2a: Celebi|27/100|[from] item: Leftovers
|upkeep
|turn|36
|
|t:|1703527995
|switch|p1a: Forretress|Forretress, M|96/100
|move|p2a: Celebi|U-turn|p1a: Forretress
|-resisted|p1a: Forretress
|-damage|p1a: Forretress|91/100
|inactive|sixsevn has 90 seconds left.
|
|t:|1703528025
|switch|p2a: Zapdos|Zapdos|62/100|[from] U-turn
|-damage|p2a: Zapdos|37/100|[from] Stealth Rock
|-ability|p2a: Zapdos|Pressure
|
|-weather|Sandstorm|[upkeep]
|-damage|p2a: Zapdos|31/100|[from] Sandstorm
|-heal|p2a: Zapdos|37/100|[from] item: Leftovers
|-heal|p1a: Forretress|98/100|[from] item: Leftovers
|upkeep
|turn|37
|inactive|sniping bwvcs has 60 seconds left.
|
|t:|1703528061
|switch|p1a: Heatran|Heatran, F|51/100 par
|move|p2a: Zapdos|Roost|p2a: Zapdos
|-heal|p2a: Zapdos|87/100
|-singleturn|p2a: Zapdos|move: Roost
|
|-weather|Sandstorm|[upkeep]
|-damage|p2a: Zapdos|81/100|[from] Sandstorm
|-heal|p2a: Zapdos|87/100|[from] item: Leftovers
|-heal|p1a: Heatran|57/100 par|[from] item: Leftovers
|upkeep
|turn|38
|
|t:|1703528063
|move|p2a: Zapdos|Discharge|p1a: Heatran
|-damage|p1a: Heatran|34/100 par
|move|p1a: Heatran|Lava Plume|p2a: Zapdos
|-damage|p2a: Zapdos|45/100
|
|-weather|Sandstorm|[upkeep]
|-damage|p2a: Zapdos|39/100|[from] Sandstorm
|-heal|p2a: Zapdos|45/100|[from] item: Leftovers
|-heal|p1a: Heatran|40/100 par|[from] item: Leftovers
|upkeep
|turn|39
|inactive|sniping bwvcs has 30 seconds left.
|inactive|sixsevn has 90 seconds left.
|inactive|sniping bwvcs has 20 seconds left.
|inactive|sniping bwvcs has 15 seconds left.
|inactive|sniping bwvcs has 10 seconds left.
|inactive|sniping bwvcs has 5 seconds left.
|-message|sniping bwvcs lost due to inactivity.
|
|win|sixsevn
|raw|sniping bwvcs's rating: 1470 &rarr; <strong>1445</strong><br />(-25 for losing)
|raw|sixsevn's rating: 1389 &rarr; <strong>1414</strong><br />(+25 for winning)
|j| Nah I'd Sweep
|l|☆sniping bwvcs
|l|☆sixsevn
