|j|☆killapokeman
|j|☆the great gazump
|t:|1706742668
|gametype|singles
|player|p1|killapokeman|hoopster|1351
|player|p2|the great gazump|102|1547
|teamsize|p1|6
|teamsize|p2|6
|gen|5
|tier|[Gen 5] OU
|rated|
|rule|Species Clause: Limit one of each Pokémon
|rule|OHKO Clause: OHKO moves are banned
|rule|Moody Clause: Moody is banned
|rule|Evasion Items Clause: Evasion items are banned
|rule|Evasion Moves Clause: Evasion moves are banned
|rule|Endless Battle Clause: Forcing endless battles is banned
|rule|HP Percentage Mod: HP is shown in percentages
|rule|Evasion Abilities Clause: Evasion abilities are banned
|rule|Sleep Moves Clause: Sleep-inducing moves are banned
|rule|Swagger Clause: Swagger is banned
|rule|Baton Pass Stat Clause: No Baton Passer may have a way to boost its stats
|clearpoke
|poke|p1|Sableye, M|item
|poke|p1|Hitmontop, M|item
|poke|p1|Blissey, F|item
|poke|p1|Latias, F|item
|poke|p1|Skarmory, M|item
|poke|p1|Celebi|item
|poke|p2|Abomasnow, F|item
|poke|p2|Gliscor, F|item
|poke|p2|Forretress, F|item
|poke|p2|Blissey, F|item
|poke|p2|Latios, M|item
|poke|p2|Reuniclus, F|item
|teampreview
|inactive|Battle timer is ON: inactive players will automatically lose when time's up. (requested by killapokeman)
|
|t:|1706742673
|start
|switch|p1a: Hitmontop|Hitmontop, M|100/100
|switch|p2a: Abomasnow|Abomasnow, F|100/100
|-ability|p1a: Hitmontop|Intimidate|boost
|-unboost|p2a: Abomasnow|atk|1
|-weather|Hail|[from] ability: Snow Warning|[of] p2a: Abomasnow
|turn|1
|
|t:|1706742680
|switch|p2a: Gliscor|Gliscor, F|100/100
|move|p1a: Hitmontop|Mach Punch|p2a: Gliscor
|-resisted|p2a: Gliscor
|-damage|p2a: Gliscor|95/100
|
|-weather|Hail|[upkeep]
|-damage|p2a: Gliscor|89/100|[from] Hail
|-damage|p1a: Hitmontop|94/100|[from] Hail
|-heal|p1a: Hitmontop|100/100|[from] item: Leftovers
|-status|p2a: Gliscor|tox|[from] item: Toxic Orb
|upkeep
|turn|2
|
|t:|1706742689
|switch|p1a: Skarmory|Skarmory, M|100/100
|move|p2a: Gliscor|Stealth Rock|p1a: Skarmory
|-sidestart|p1: killapokeman|move: Stealth Rock
|
|-weather|Hail|[upkeep]
|-damage|p2a: Gliscor|83/100 tox|[from] Hail
|-damage|p1a: Skarmory|95/100|[from] Hail
|-heal|p2a: Gliscor|95/100 tox|[from] ability: Poison Heal
|upkeep
|turn|3
|
|t:|1706742700
|switch|p2a: Abomasnow|Abomasnow, F|100/100
|move|p1a: Skarmory|Stealth Rock|p2a: Abomasnow
|-sidestart|p2: the great gazump|move: Stealth Rock
|
|-weather|Hail|[upkeep]
|-damage|p1a: Skarmory|89/100|[from] Hail
|upkeep
|turn|4
|
|t:|1706742714
|switch|p1a: chubs|Blissey, F, shiny|100/100
|-damage|p1a: chubs|88/100|[from] Stealth Rock
|move|p2a: Abomasnow|Blizzard|p1a: chubs
|-damage|p1a: chubs|75/100
|
|-weather|Hail|[upkeep]
|-damage|p1a: chubs|69/100|[from] Hail
|-heal|p1a: chubs|75/100|[from] item: Leftovers
|upkeep
|turn|5
|
|t:|1706742719
|move|p1a: chubs|Stealth Rock||[still]
|-fail|p1a: chubs
|move|p2a: Abomasnow|Leech Seed|p1a: chubs
|-start|p1a: chubs|move: Leech Seed
|
|-weather|Hail|[upkeep]
|-damage|p1a: chubs|69/100|[from] Hail
|-heal|p1a: chubs|75/100|[from] item: Leftovers
|-damage|p1a: chubs|62/100|[from] Leech Seed|[of] p2a: Abomasnow
|upkeep
|turn|6
|
|t:|1706742729
|switch|p2a: Forretress|Forretress, F|100/100
|-damage|p2a: Forretress|88/100|[from] Stealth Rock
|move|p1a: chubs|Soft-Boiled|p1a: chubs
|-heal|p1a: chubs|100/100
|
|-weather|Hail|[upkeep]
|-damage|p1a: chubs|94/100|[from] Hail
|-heal|p1a: chubs|100/100|[from] item: Leftovers
|-heal|p2a: Forretress|94/100|[from] item: Leftovers
|-damage|p1a: chubs|88/100|[from] Leech Seed|[of] p2a: Forretress
|-heal|p2a: Forretress|100/100|[silent]
|upkeep
|turn|7
|
|t:|1706742732
|switch|p1a: Sableye|Sableye, M|100/100
|-damage|p1a: Sableye|88/100|[from] Stealth Rock
|move|p2a: Forretress|Spikes|p1a: Sableye
|-sidestart|p1: killapokeman|Spikes
|
|-weather|Hail|[upkeep]
|-damage|p1a: Sableye|82/100|[from] Hail
|-heal|p1a: Sableye|88/100|[from] item: Leftovers
|upkeep
|turn|8
|
|t:|1706742734
|switch|p2a: Gliscor|Gliscor, F|95/100 tox
|-damage|p2a: Gliscor|83/100 tox|[from] Stealth Rock
|move|p1a: Sableye|Taunt|p2a: Gliscor
|-start|p2a: Gliscor|move: Taunt
|
|-weather|Hail|[upkeep]
|-damage|p2a: Gliscor|76/100 tox|[from] Hail
|-damage|p1a: Sableye|82/100|[from] Hail
|-heal|p1a: Sableye|88/100|[from] item: Leftovers
|-heal|p2a: Gliscor|89/100 tox|[from] ability: Poison Heal
|upkeep
|turn|9
|
|t:|1706742741
|switch|p2a: Forretress|Forretress, F|100/100
|-damage|p2a: Forretress|88/100|[from] Stealth Rock
|switch|p1a: Hitmontop|Hitmontop, M|100/100
|-damage|p1a: Hitmontop|94/100|[from] Stealth Rock
|-damage|p1a: Hitmontop|82/100|[from] Spikes
|-ability|p1a: Hitmontop|Intimidate|boost
|-unboost|p2a: Forretress|atk|1
|
|-weather|Hail|[upkeep]
|-damage|p1a: Hitmontop|75/100|[from] Hail
|-heal|p1a: Hitmontop|82/100|[from] item: Leftovers
|-heal|p2a: Forretress|94/100|[from] item: Leftovers
|upkeep
|turn|10
|
|t:|1706742756
|move|p1a: Hitmontop|Rapid Spin|p2a: Forretress
|-resisted|p2a: Forretress
|-damage|p2a: Forretress|93/100
|-sideend|p1: killapokeman|Spikes|[from] move: Rapid Spin|[of] p1a: Hitmontop
|-sideend|p1: killapokeman|Stealth Rock|[from] move: Rapid Spin|[of] p1a: Hitmontop
|move|p2a: Forretress|Gyro Ball|p1a: Hitmontop
|-damage|p1a: Hitmontop|67/100
|
|-weather|Hail|[upkeep]
|-damage|p1a: Hitmontop|61/100|[from] Hail
|-heal|p1a: Hitmontop|67/100|[from] item: Leftovers
|-heal|p2a: Forretress|99/100|[from] item: Leftovers
|upkeep
|turn|11
|
|t:|1706742762
|switch|p1a: Celebi|Celebi|100/100
|move|p2a: Forretress|Spikes|p1a: Celebi
|-sidestart|p1: killapokeman|Spikes
|
|-weather|Hail|[upkeep]
|-damage|p1a: Celebi|94/100|[from] Hail
|-heal|p1a: Celebi|100/100|[from] item: Leftovers
|-heal|p2a: Forretress|100/100|[from] item: Leftovers
|upkeep
|turn|12
|
|t:|1706742773
|switch|p2a: Blissey|Blissey, F|100/100
|-damage|p2a: Blissey|88/100|[from] Stealth Rock
|move|p1a: Celebi|Nasty Plot|p1a: Celebi
|-boost|p1a: Celebi|spa|2
|
|-weather|Hail|[upkeep]
|-damage|p1a: Celebi|94/100|[from] Hail
|-damage|p2a: Blissey|82/100|[from] Hail
|-heal|p1a: Celebi|100/100|[from] item: Leftovers
|-heal|p2a: Blissey|88/100|[from] item: Leftovers
|upkeep
|turn|13
|
|t:|1706742776
|move|p1a: Celebi|Nasty Plot|p1a: Celebi
|-boost|p1a: Celebi|spa|2
|move|p2a: Blissey|Thunder Wave|p1a: Celebi
|-status|p1a: Celebi|par
|
|-weather|Hail|[upkeep]
|-damage|p2a: Blissey|82/100|[from] Hail
|-damage|p1a: Celebi|94/100 par|[from] Hail
|-heal|p2a: Blissey|88/100|[from] item: Leftovers
|-heal|p1a: Celebi|100/100 par|[from] item: Leftovers
|upkeep
|turn|14
|
|t:|1706742779
|move|p2a: Blissey|Ice Beam|p1a: Celebi
|-supereffective|p1a: Celebi
|-damage|p1a: Celebi|68/100 par
|move|p1a: Celebi|Giga Drain|p2a: Blissey
|-damage|p2a: Blissey|52/100
|-heal|p1a: Celebi|100/100 par|[from] drain|[of] p2a: Blissey
|
|-weather|Hail|[upkeep]
|-damage|p2a: Blissey|46/100|[from] Hail
|-damage|p1a: Celebi|94/100 par|[from] Hail
|-heal|p2a: Blissey|52/100|[from] item: Leftovers
|-heal|p1a: Celebi|100/100 par|[from] item: Leftovers
|upkeep
|turn|15
|
|t:|1706742783
|move|p2a: Blissey|Ice Beam|p1a: Celebi
|-supereffective|p1a: Celebi
|-damage|p1a: Celebi|68/100 par
|cant|p1a: Celebi|par
|
|-weather|Hail|[upkeep]
|-damage|p2a: Blissey|46/100|[from] Hail
|-damage|p1a: Celebi|61/100 par|[from] Hail
|-heal|p2a: Blissey|52/100|[from] item: Leftovers
|-heal|p1a: Celebi|68/100 par|[from] item: Leftovers
|upkeep
|turn|16
|
|t:|1706742793
|move|p2a: Blissey|Ice Beam|p1a: Celebi
|-supereffective|p1a: Celebi
|-damage|p1a: Celebi|31/100 par
|move|p1a: Celebi|Giga Drain|p2a: Blissey
|-damage|p2a: Blissey|14/100
|-heal|p1a: Celebi|71/100 par|[from] drain|[of] p2a: Blissey
|
|-weather|Hail|[upkeep]
|-damage|p2a: Blissey|7/100|[from] Hail
|-damage|p1a: Celebi|65/100 par|[from] Hail
|-heal|p2a: Blissey|14/100|[from] item: Leftovers
|-heal|p1a: Celebi|71/100 par|[from] item: Leftovers
|upkeep
|turn|17
|
|t:|1706742797
|move|p2a: Blissey|Ice Beam|p1a: Celebi
|-supereffective|p1a: Celebi
|-damage|p1a: Celebi|34/100 par
|move|p1a: Celebi|Giga Drain|p2a: Blissey
|-damage|p2a: Blissey|0 fnt
|-heal|p1a: Celebi|48/100 par|[from] drain|[of] p2a: Blissey
|faint|p2a: Blissey
|
|-weather|Hail|[upkeep]
|-damage|p1a: Celebi|42/100 par|[from] Hail
|-heal|p1a: Celebi|48/100 par|[from] item: Leftovers
|upkeep
|
|t:|1706742800
|switch|p2a: Abomasnow|Abomasnow, F|100/100
|-damage|p2a: Abomasnow|75/100|[from] Stealth Rock
|turn|18
|
|t:|1706742806
|-curestatus|p1a: Celebi|par|[from] ability: Natural Cure
|switch|p1a: chubs|Blissey, F, shiny|88/100
|-damage|p1a: chubs|76/100|[from] Spikes
|move|p2a: Abomasnow|Blizzard|p1a: chubs
|-crit|p1a: chubs
|-damage|p1a: chubs|45/100
|
|-weather|Hail|[upkeep]
|-damage|p1a: chubs|39/100|[from] Hail
|-heal|p1a: chubs|45/100|[from] item: Leftovers
|-heal|p2a: Abomasnow|82/100|[from] item: Leftovers
|upkeep
|turn|19
|
|t:|1706742817
|move|p1a: chubs|Soft-Boiled|p1a: chubs
|-heal|p1a: chubs|95/100
|move|p2a: Abomasnow|Leech Seed|p1a: chubs
|-start|p1a: chubs|move: Leech Seed
|
|-weather|Hail|[upkeep]
|-damage|p1a: chubs|89/100|[from] Hail
|-heal|p1a: chubs|95/100|[from] item: Leftovers
|-heal|p2a: Abomasnow|88/100|[from] item: Leftovers
|-damage|p1a: chubs|82/100|[from] Leech Seed|[of] p2a: Abomasnow
|-heal|p2a: Abomasnow|100/100|[silent]
|upkeep
|turn|20
|
|t:|1706742823
|move|p1a: chubs|Seismic Toss|p2a: Abomasnow
|-damage|p2a: Abomasnow|74/100
|move|p2a: Abomasnow|Blizzard|p1a: chubs
|-crit|p1a: chubs
|-damage|p1a: chubs|54/100
|
|-weather|Hail|[upkeep]
|-damage|p1a: chubs|48/100|[from] Hail
|-heal|p1a: chubs|54/100|[from] item: Leftovers
|-heal|p2a: Abomasnow|81/100|[from] item: Leftovers
|-damage|p1a: chubs|41/100|[from] Leech Seed|[of] p2a: Abomasnow
|-heal|p2a: Abomasnow|100/100|[silent]
|upkeep
|turn|21
|
|t:|1706742830
|switch|p2a: Gliscor|Gliscor, F|89/100 tox
|-damage|p2a: Gliscor|76/100 tox|[from] Stealth Rock
|move|p1a: chubs|Soft-Boiled|p1a: chubs
|-heal|p1a: chubs|91/100
|
|-weather|Hail|[upkeep]
|-damage|p2a: Gliscor|70/100 tox|[from] Hail
|-damage|p1a: chubs|85/100|[from] Hail
|-heal|p1a: chubs|91/100|[from] item: Leftovers
|-damage|p1a: chubs|79/100|[from] Leech Seed|[of] p2a: Gliscor
|-heal|p2a: Gliscor|95/100 tox|[silent]
|-heal|p2a: Gliscor|100/100 tox|[from] ability: Poison Heal
|upkeep
|turn|22
|
|t:|1706742835
|switch|p1a: Skarmory|Skarmory, M|89/100
|move|p2a: Gliscor|Stealth Rock|p1a: Skarmory
|-sidestart|p1: killapokeman|move: Stealth Rock
|
|-weather|Hail|[upkeep]
|-damage|p2a: Gliscor|94/100 tox|[from] Hail
|-damage|p1a: Skarmory|83/100|[from] Hail
|-heal|p2a: Gliscor|100/100 tox|[from] ability: Poison Heal
|upkeep
|turn|23
|
|t:|1706742840
|switch|p2a: Reuniclus|Reuniclus, F|100/100
|move|p1a: Skarmory|Roar|p2a: Reuniclus
|drag|p2a: Latios|Latios, M|100/100
|-damage|p2a: Latios|88/100|[from] Stealth Rock
|
|-weather|Hail|[upkeep]
|-damage|p2a: Latios|82/100|[from] Hail
|-damage|p1a: Skarmory|77/100|[from] Hail
|upkeep
|turn|24
|
|t:|1706742846
|move|p2a: Latios|Thunder Wave|p1a: Skarmory
|-status|p1a: Skarmory|par
|move|p1a: Skarmory|Roost|p1a: Skarmory
|-heal|p1a: Skarmory|100/100 par
|-singleturn|p1a: Skarmory|move: Roost
|
|-weather|Hail|[upkeep]
|-damage|p2a: Latios|76/100|[from] Hail
|-damage|p1a: Skarmory|95/100 par|[from] Hail
|upkeep
|turn|25
|
|t:|1706742850
|move|p2a: Latios|Surf|p1a: Skarmory
|-damage|p1a: Skarmory|51/100 par
|move|p1a: Skarmory|Pursuit|p2a: Latios
|-supereffective|p2a: Latios
|-enditem|p2a: Latios|Colbur Berry|[eat]
|-enditem|p2a: Latios|Colbur Berry|[weaken]
|-damage|p2a: Latios|66/100
|
|-weather|Hail|[upkeep]
|-damage|p2a: Latios|60/100|[from] Hail
|-damage|p1a: Skarmory|45/100 par|[from] Hail
|upkeep
|turn|26
|
|t:|1706742857
|switch|p1a: chubs|Blissey, F, shiny|79/100
|-damage|p1a: chubs|66/100|[from] Spikes
|-damage|p1a: chubs|54/100|[from] Stealth Rock
|move|p2a: Latios|Surf|p1a: chubs
|-damage|p1a: chubs|42/100
|
|-weather|Hail|[upkeep]
|-damage|p2a: Latios|54/100|[from] Hail
|-damage|p1a: chubs|35/100|[from] Hail
|-heal|p1a: chubs|42/100|[from] item: Leftovers
|upkeep
|turn|27
|
|t:|1706742866
|switch|p2a: Reuniclus|Reuniclus, F|100/100
|move|p1a: chubs|Soft-Boiled|p1a: chubs
|-heal|p1a: chubs|92/100
|
|-weather|Hail|[upkeep]
|-damage|p1a: chubs|85/100|[from] Hail
|-heal|p1a: chubs|92/100|[from] item: Leftovers
|upkeep
|turn|28
|
|t:|1706742877
|switch|p1a: Sableye|Sableye, M|88/100
|-damage|p1a: Sableye|75/100|[from] Spikes
|-damage|p1a: Sableye|63/100|[from] Stealth Rock
|switch|p2a: Abomasnow|Abomasnow, F|100/100
|-damage|p2a: Abomasnow|75/100|[from] Stealth Rock
|
|-weather|Hail|[upkeep]
|-damage|p1a: Sableye|57/100|[from] Hail
|-heal|p2a: Abomasnow|82/100|[from] item: Leftovers
|-heal|p1a: Sableye|63/100|[from] item: Leftovers
|upkeep
|turn|29
|
|t:|1706742883
|move|p1a: Sableye|Taunt|p2a: Abomasnow
|-start|p2a: Abomasnow|move: Taunt
|move|p2a: Abomasnow|Blizzard|p1a: Sableye
|-damage|p1a: Sableye|21/100
|
|-weather|Hail|[upkeep]
|-damage|p1a: Sableye|15/100|[from] Hail
|-heal|p2a: Abomasnow|88/100|[from] item: Leftovers
|-heal|p1a: Sableye|21/100|[from] item: Leftovers
|upkeep
|turn|30
|
|t:|1706742889
|move|p1a: Sableye|Will-O-Wisp|p2a: Abomasnow
|-status|p2a: Abomasnow|brn
|move|p2a: Abomasnow|Blizzard|p1a: Sableye
|-damage|p1a: Sableye|0 fnt
|faint|p1a: Sableye
|
|-weather|Hail|[upkeep]
|-heal|p2a: Abomasnow|94/100 brn|[from] item: Leftovers
|-damage|p2a: Abomasnow|82/100 brn|[from] brn
|upkeep
|
|t:|1706742891
|switch|p1a: Hitmontop|Hitmontop, M|67/100
|-damage|p1a: Hitmontop|54/100|[from] Spikes
|-damage|p1a: Hitmontop|48/100|[from] Stealth Rock
|-ability|p1a: Hitmontop|Intimidate|boost
|-unboost|p2a: Abomasnow|atk|1
|turn|31
|
|t:|1706742895
|switch|p2a: Reuniclus|Reuniclus, F|100/100
|move|p1a: Hitmontop|Rapid Spin|p2a: Reuniclus
|-damage|p2a: Reuniclus|98/100
|-sideend|p1: killapokeman|Spikes|[from] move: Rapid Spin|[of] p1a: Hitmontop
|-sideend|p1: killapokeman|Stealth Rock|[from] move: Rapid Spin|[of] p1a: Hitmontop
|
|-weather|Hail|[upkeep]
|-damage|p1a: Hitmontop|42/100|[from] Hail
|-heal|p1a: Hitmontop|48/100|[from] item: Leftovers
|-heal|p2a: Reuniclus|100/100|[from] item: Leftovers
|upkeep
|turn|32
|
|t:|1706742899
|move|p1a: Hitmontop|Sucker Punch||[still]
|-fail|p1a: Hitmontop
|move|p2a: Reuniclus|Calm Mind|p2a: Reuniclus
|-boost|p2a: Reuniclus|spa|1
|-boost|p2a: Reuniclus|spd|1
|
|-weather|Hail|[upkeep]
|-damage|p1a: Hitmontop|42/100|[from] Hail
|-heal|p1a: Hitmontop|48/100|[from] item: Leftovers
|upkeep
|turn|33
|
|t:|1706742906
|switch|p1a: Skarmory|Skarmory, M|45/100 par
|move|p2a: Reuniclus|Calm Mind|p2a: Reuniclus
|-boost|p2a: Reuniclus|spa|1
|-boost|p2a: Reuniclus|spd|1
|
|-weather|Hail|[upkeep]
|-damage|p1a: Skarmory|39/100 par|[from] Hail
|upkeep
|turn|34
|
|t:|1706742908
|move|p2a: Reuniclus|Focus Blast|p1a: Skarmory
|-damage|p1a: Skarmory|0 fnt
|faint|p1a: Skarmory
|
|-weather|Hail|[upkeep]
|upkeep
|
|t:|1706742911
|switch|p1a: chubs|Blissey, F, shiny|92/100
|turn|35
|
|t:|1706742915
|move|p1a: chubs|Seismic Toss|p2a: Reuniclus
|-damage|p2a: Reuniclus|77/100
|move|p2a: Reuniclus|Psyshock|p1a: chubs
|-damage|p1a: chubs|32/100
|
|-weather|Hail|[upkeep]
|-damage|p1a: chubs|26/100|[from] Hail
|-heal|p1a: chubs|32/100|[from] item: Leftovers
|-heal|p2a: Reuniclus|83/100|[from] item: Leftovers
|upkeep
|turn|36
|
|t:|1706742918
|move|p1a: chubs|Seismic Toss|p2a: Reuniclus
|-damage|p2a: Reuniclus|59/100
|move|p2a: Reuniclus|Psyshock|p1a: chubs
|-damage|p1a: chubs|0 fnt
|faint|p1a: chubs
|
|-weather|Hail|[upkeep]
|-heal|p2a: Reuniclus|66/100|[from] item: Leftovers
|upkeep
|
|t:|1706742922
|switch|p1a: Celebi|Celebi|48/100
|turn|37
|
|t:|1706742925
|move|p1a: Celebi|Nasty Plot|p1a: Celebi
|-boost|p1a: Celebi|spa|2
|move|p2a: Reuniclus|Psyshock|p1a: Celebi
|-resisted|p1a: Celebi
|-damage|p1a: Celebi|22/100
|
|-weather|Hail|[upkeep]
|-damage|p1a: Celebi|16/100|[from] Hail
|-heal|p1a: Celebi|22/100|[from] item: Leftovers
|-heal|p2a: Reuniclus|72/100|[from] item: Leftovers
|upkeep
|turn|38
|
|t:|1706742933
|move|p1a: Celebi|Giga Drain|p2a: Reuniclus
|-crit|p2a: Reuniclus
|-damage|p2a: Reuniclus|0 fnt
|-heal|p1a: Celebi|67/100|[from] drain|[of] p2a: Reuniclus
|faint|p2a: Reuniclus
|
|-weather|Hail|[upkeep]
|-damage|p1a: Celebi|61/100|[from] Hail
|-heal|p1a: Celebi|67/100|[from] item: Leftovers
|upkeep
|
|t:|1706742939
|switch|p2a: Latios|Latios, M|54/100
|-damage|p2a: Latios|42/100|[from] Stealth Rock
|turn|39
|
|t:|1706742947
|switch|p1a: Hitmontop|Hitmontop, M|48/100
|-ability|p1a: Hitmontop|Intimidate|boost
|-unboost|p2a: Latios|atk|1
|move|p2a: Latios|Draco Meteor|p1a: Hitmontop
|-damage|p1a: Hitmontop|0 fnt
|-unboost|p2a: Latios|spa|2
|faint|p1a: Hitmontop
|
|-weather|Hail|[upkeep]
|-damage|p2a: Latios|36/100|[from] Hail
|upkeep
|
|t:|1706742953
|switch|p1a: Celebi|Celebi|67/100
|turn|40
|
|t:|1706742961
|move|p2a: Latios|Thunder Wave|p1a: Celebi
|-status|p1a: Celebi|par
|move|p1a: Celebi|Nasty Plot|p1a: Celebi
|-boost|p1a: Celebi|spa|2
|
|-weather|Hail|[upkeep]
|-damage|p2a: Latios|30/100|[from] Hail
|-damage|p1a: Celebi|61/100 par|[from] Hail
|-heal|p1a: Celebi|67/100 par|[from] item: Leftovers
|upkeep
|turn|41
|
|t:|1706742966
|switch|p2a: Forretress|Forretress, F|100/100
|-damage|p2a: Forretress|88/100|[from] Stealth Rock
|move|p1a: Celebi|Giga Drain|p2a: Forretress
|-resisted|p2a: Forretress
|-damage|p2a: Forretress|64/100
|-heal|p1a: Celebi|79/100 par|[from] drain|[of] p2a: Forretress
|
|-weather|Hail|[upkeep]
|-damage|p1a: Celebi|73/100 par|[from] Hail
|-heal|p2a: Forretress|70/100|[from] item: Leftovers
|-heal|p1a: Celebi|79/100 par|[from] item: Leftovers
|upkeep
|turn|42
|
|t:|1706742971
|move|p2a: Forretress|Hidden Power|p1a: Celebi
|-supereffective|p1a: Celebi
|-damage|p1a: Celebi|59/100 par
|move|p1a: Celebi|Hidden Power|p2a: Forretress
|-supereffective|p2a: Forretress
|-damage|p2a: Forretress|0 fnt
|faint|p2a: Forretress
|
|-weather|Hail|[upkeep]
|-damage|p1a: Celebi|53/100 par|[from] Hail
|-heal|p1a: Celebi|59/100 par|[from] item: Leftovers
|upkeep
|
|t:|1706742974
|switch|p2a: Abomasnow|Abomasnow, F|82/100 brn
|-damage|p2a: Abomasnow|57/100 brn|[from] Stealth Rock
|turn|43
|
|t:|1706742978
|move|p2a: Abomasnow|Blizzard|p1a: Celebi
|-supereffective|p1a: Celebi
|-damage|p1a: Celebi|0 fnt
|faint|p1a: Celebi
|
|-weather|Hail|[upkeep]
|-heal|p2a: Abomasnow|63/100 brn|[from] item: Leftovers
|-damage|p2a: Abomasnow|50/100 brn|[from] brn
|upkeep
|
|t:|1706742982
|switch|p1a: Latias|Latias, F|100/100
|turn|44
|
|t:|1706742987
|move|p2a: Abomasnow|Ice Shard|p1a: Latias
|-supereffective|p1a: Latias
|-damage|p1a: Latias|85/100
|move|p1a: Latias|Hidden Power|p2a: Abomasnow
|-supereffective|p2a: Abomasnow
|-damage|p2a: Abomasnow|12/100 brn
|-damage|p1a: Latias|75/100|[from] item: Life Orb
|
|-weather|Hail|[upkeep]
|-damage|p1a: Latias|69/100|[from] Hail
|-heal|p2a: Abomasnow|19/100 brn|[from] item: Leftovers
|-damage|p2a: Abomasnow|6/100 brn|[from] brn
|upkeep
|turn|45
|
|t:|1706742991
|move|p2a: Abomasnow|Ice Shard|p1a: Latias
|-supereffective|p1a: Latias
|-damage|p1a: Latias|56/100
|move|p1a: Latias|Hidden Power|p2a: Abomasnow
|-supereffective|p2a: Abomasnow
|-damage|p2a: Abomasnow|0 fnt
|faint|p2a: Abomasnow
|-damage|p1a: Latias|46/100|[from] item: Life Orb
|
|-weather|Hail|[upkeep]
|-damage|p1a: Latias|40/100|[from] Hail
|upkeep
|
|t:|1706742993
|switch|p2a: Latios|Latios, M|30/100
|-damage|p2a: Latios|18/100|[from] Stealth Rock
|turn|46
|
|t:|1706743010
|move|p2a: Latios|Draco Meteor|p1a: Latias
|-supereffective|p1a: Latias
|-damage|p1a: Latias|0 fnt
|-unboost|p2a: Latios|spa|2
|faint|p1a: Latias
|
|win|the great gazump
|raw|killapokeman's rating: 1351 &rarr; <strong>1341</strong><br />(-10 for losing)
|raw|the great gazump's rating: 1547 &rarr; <strong>1557</strong><br />(+10 for winning)
|l|☆killapokeman
|player|p1|
