|j|☆Primary Trout
|j|☆Battlebot998
|t:|1717551591
|gametype|singles
|player|p1|Primary Trout|marshal|1451
|player|p2|Battlebot998|101|1317
|teamsize|p1|6
|teamsize|p2|6
|gen|5
|tier|[Gen 5] OU
|rated|
|rule|Species Clause: Limit one of each Pokémon
|rule|OHKO Clause: OHKO moves are banned
|rule|Moody Clause: Moody is banned
|rule|Evasion Items Clause: Evasion items are banned
|rule|Evasion Moves Clause: Evasion moves are banned
|rule|Endless Battle Clause: Forcing endless battles is banned
|rule|HP Percentage Mod: HP is shown in percentages
|rule|Evasion Abilities Clause: Evasion abilities are banned
|rule|Sleep Moves Clause: Sleep-inducing moves are banned
|rule|Swagger Clause: Swagger is banned
|rule|Baton Pass Stat Clause: No Baton Passer may have a way to boost its stats
|clearpoke
|poke|p1|Terrakion|item
|poke|p1|Politoed, F|item
|poke|p1|Thundurus-Therian, M|item
|poke|p1|Keldeo-Resolute|item
|poke|p1|Azumarill, F|item
|poke|p1|Tornadus, M|item
|poke|p2|Magnezone|item
|poke|p2|Landorus-Therian, M|item
|poke|p2|Kyurem-Black|item
|poke|p2|Dragonite, M|item
|poke|p2|Celebi|item
|poke|p2|Latios, M|item
|teampreview
|inactive|Battle timer is ON: inactive players will automatically lose when time's up. (requested by Primary Trout)
|
|t:|1717551614
|start
|switch|p1a: Keldeo|Keldeo-Resolute|100/100
|switch|p2a: Landorus|Landorus-Therian, M|100/100
|-ability|p2a: Landorus|Intimidate|boost
|-unboost|p1a: Keldeo|atk|1
|turn|1
|
|t:|1717551622
|switch|p2a: Celebi|Celebi|100/100
|move|p1a: Keldeo|Hydro Pump|p2a: Celebi
|-resisted|p2a: Celebi
|-damage|p2a: Celebi|81/100
|
|-heal|p2a: Celebi|87/100|[from] item: Leftovers
|upkeep
|turn|2
|
|t:|1717551629
|switch|p1a: Thundurus|Thundurus-Therian, M|100/100
|move|p2a: Celebi|Leech Seed|p1a: Thundurus
|-start|p1a: Thundurus|move: Leech Seed
|
|-heal|p2a: Celebi|93/100|[from] item: Leftovers
|-damage|p1a: Thundurus|88/100|[from] Leech Seed|[of] p2a: Celebi
|-heal|p2a: Celebi|100/100|[silent]
|upkeep
|turn|3
|
|t:|1717551636
|switch|p1a: Tornadus|Tornadus, M|100/100
|move|p2a: Celebi|Protect||[still]
|-fail|p2a: Celebi
|
|upkeep
|turn|4
|
|t:|1717551642
|switch|p2a: Magnezone|Magnezone, shiny|100/100
|-item|p2a: Magnezone|Air Balloon
|move|p1a: Tornadus|Hurricane|p2a: Magnezone
|-resisted|p2a: Magnezone
|-damage|p2a: Magnezone|79/100
|-enditem|p2a: Magnezone|Air Balloon
|-damage|p1a: Tornadus|91/100|[from] item: Life Orb
|
|upkeep
|turn|5
|
|t:|1717551648
|move|p1a: Tornadus|Focus Blast|p2a: Magnezone
|-supereffective|p2a: Magnezone
|-damage|p2a: Magnezone|0 fnt
|faint|p2a: Magnezone
|-damage|p1a: Tornadus|81/100|[from] item: Life Orb
|
|upkeep
|
|t:|1717551652
|switch|p2a: Dragonite|Dragonite, M, shiny|100/100
|turn|6
|
|t:|1717551654
|move|p1a: Tornadus|U-turn|p2a: Dragonite
|-resisted|p2a: Dragonite
|-damage|p2a: Dragonite|95/100
|-damage|p1a: Tornadus|71/100|[from] item: Life Orb
|
|t:|1717551657
|switch|p1a: Politoed|Politoed, F|100/100|[from] U-turn
|-weather|RainDance|[from] ability: Drizzle|[of] p1a: Politoed
|move|p2a: Dragonite|Dragon Dance|p2a: Dragonite
|-boost|p2a: Dragonite|atk|1
|-boost|p2a: Dragonite|spe|1
|
|-weather|RainDance|[upkeep]
|upkeep
|turn|7
|
|t:|1717551660
|move|p2a: Dragonite|Dragon Dance|p2a: Dragonite
|-boost|p2a: Dragonite|atk|1
|-boost|p2a: Dragonite|spe|1
|move|p1a: Politoed|Ice Beam|p2a: Dragonite
|-supereffective|p2a: Dragonite
|-damage|p2a: Dragonite|11/100
|
|-weather|RainDance|[upkeep]
|upkeep
|turn|8
|
|t:|1717551665
|move|p2a: Dragonite|Outrage|p1a: Politoed
|-damage|p1a: Politoed|0 fnt
|faint|p1a: Politoed
|
|-weather|RainDance|[upkeep]
|upkeep
|
|t:|1717551673
|switch|p1a: Azumarill|Azumarill, F|100/100
|turn|9
|
|t:|1717551677
|move|p1a: Azumarill|Aqua Jet|p2a: Dragonite
|-resisted|p2a: Dragonite
|-damage|p2a: Dragonite|0 fnt
|faint|p2a: Dragonite
|
|-weather|RainDance|[upkeep]
|upkeep
|
|t:|1717551679
|switch|p2a: Kyurem|Kyurem-Black|100/100
|-ability|p2a: Kyurem|Teravolt
|turn|10
|
|t:|1717551687
|switch|p1a: Terrakion|Terrakion|100/100
|move|p2a: Kyurem|Fusion Bolt|p1a: Terrakion
|-damage|p1a: Terrakion|24/100
|
|-weather|RainDance|[upkeep]
|upkeep
|turn|11
|
|t:|1717551694
|switch|p2a: Landorus|Landorus-Therian, M|100/100
|-ability|p2a: Landorus|Intimidate|boost
|-unboost|p1a: Terrakion|atk|1
|move|p1a: Terrakion|Close Combat|p2a: Landorus
|-resisted|p2a: Landorus
|-damage|p2a: Landorus|76/100
|-unboost|p1a: Terrakion|def|1
|-unboost|p1a: Terrakion|spd|1
|-damage|p1a: Terrakion|8/100|[from] item: Rocky Helmet|[of] p2a: Landorus
|
|-weather|RainDance|[upkeep]
|upkeep
|turn|12
|
|t:|1717551702
|move|p1a: Terrakion|Stealth Rock|p2a: Landorus
|-sidestart|p2: Battlebot998|move: Stealth Rock
|move|p2a: Landorus|Stealth Rock|p1a: Terrakion
|-sidestart|p1: Primary Trout|move: Stealth Rock
|
|-weather|RainDance|[upkeep]
|upkeep
|turn|13
|
|t:|1717551706
|switch|p1a: Thundurus|Thundurus-Therian, M|88/100
|-damage|p1a: Thundurus|63/100|[from] Stealth Rock
|move|p2a: Landorus|U-turn|p1a: Thundurus
|-resisted|p1a: Thundurus
|-damage|p1a: Thundurus|46/100
|
|t:|1717551712
|switch|p2a: Latios|Latios, M|100/100|[from] U-turn
|-damage|p2a: Latios|88/100|[from] Stealth Rock
|
|-weather|RainDance|[upkeep]
|-heal|p1a: Thundurus|52/100|[from] item: Leftovers
|upkeep
|turn|14
|
|t:|1717551714
|move|p2a: Latios|Psyshock|p1a: Thundurus
|-damage|p1a: Thundurus|0 fnt
|faint|p1a: Thundurus
|
|-weather|RainDance|[upkeep]
|upkeep
|
|t:|1717551719
|switch|p1a: Tornadus|Tornadus, M|71/100
|-damage|p1a: Tornadus|47/100|[from] Stealth Rock
|turn|15
|
|t:|1717551721
|move|p1a: Tornadus|Hurricane|p2a: Latios
|-damage|p2a: Latios|0 fnt
|faint|p2a: Latios
|-damage|p1a: Tornadus|37/100|[from] item: Life Orb
|
|-weather|RainDance|[upkeep]
|upkeep
|
|t:|1717551725
|switch|p2a: Kyurem|Kyurem-Black|100/100
|-damage|p2a: Kyurem|76/100|[from] Stealth Rock
|-ability|p2a: Kyurem|Teravolt
|turn|16
|
|t:|1717551728
|move|p1a: Tornadus|Hurricane|p2a: Kyurem
|-damage|p2a: Kyurem|0 fnt
|faint|p2a: Kyurem
|-damage|p1a: Tornadus|27/100|[from] item: Life Orb
|
|-weather|RainDance|[upkeep]
|upkeep
|
|t:|1717551733
|switch|p2a: Celebi|Celebi|100/100
|-damage|p2a: Celebi|88/100|[from] Stealth Rock
|turn|17
|
|t:|1717551735
|move|p2a: Celebi|Protect|p2a: Celebi
|-singleturn|p2a: Celebi|Protect
|move|p1a: Tornadus|Hurricane|p2a: Celebi
|-activate|p2a: Celebi|move: Protect
|
|-weather|RainDance|[upkeep]
|-heal|p2a: Celebi|94/100|[from] item: Leftovers
|upkeep
|turn|18
|
|t:|1717551737
|move|p1a: Tornadus|Hurricane|p2a: Celebi
|-supereffective|p2a: Celebi
|-damage|p2a: Celebi|0 fnt
|faint|p2a: Celebi
|-damage|p1a: Tornadus|18/100|[from] item: Life Orb
|
|-weather|RainDance|[upkeep]
|upkeep
|-message|Battlebot998 forfeited.
|
|win|Primary Trout
|raw|Primary Trout's rating: 1451 &rarr; <strong>1464</strong><br />(+13 for winning)
|raw|Battlebot998's rating: 1317 &rarr; <strong>1304</strong><br />(-13 for losing)
|l|☆Battlebot998
|player|p2|
