|j|☆Kland
|j|☆based carnage
|player|p1|Kland|1
|player|p2|based carnage|290
|teamsize|p1|6
|teamsize|p2|6
|gametype|singles
|gen|5
|tier|[Gen 5] OU
|rated|
|rule|Sleep Clause Mod: Limit one foe put to sleep
|rule|Species Clause: Limit one of each Pokémon
|rule|OHKO Clause: OHKO moves are banned
|rule|Moody Clause: Moody is banned
|rule|Evasion Moves Clause: Evasion moves are banned
|rule|Endless Battle Clause: Forcing endless battles is banned
|rule|HP Percentage Mod: HP is shown in percentages
|rule|Evasion Abilities Clause: Evasion abilities are banned
|rule|Baton Pass Clause: Limit one Baton Passer, can't pass Spe and other stats simultaneously
|rule|Swagger Clause: Swagger is banned
|clearpoke
|poke|p1|Dragonite, M|item
|poke|p1|Ninetales, F|item
|poke|p1|Gastrodon, M|item
|poke|p1|Xatu, F|item
|poke|p1|Volcarona, F|item
|poke|p1|Metagross|item
|poke|p2|Scizor, F|item
|poke|p2|Rotom-Wash|item
|poke|p2|Landorus-Therian, M|item
|poke|p2|Ferrothorn, M|item
|poke|p2|Heatran, M|item
|poke|p2|Starmie|item
|teampreview
|c|☆Kland|based defeat
|
|start
|switch|p1a: Dragonite|Dragonite, M|100/100
|switch|p2a: Rotom|Rotom-Wash|100/100
|turn|1
|c|☆based carnage|lmao
|
|move|p1a: Dragonite|Dragon Claw|p2a: Rotom
|-damage|p2a: Rotom|26/100
|move|p2a: Rotom|Will-O-Wisp|p1a: Dragonite
|-status|p1a: Dragonite|brn
|
|-heal|p2a: Rotom|33/100|[from] item: Leftovers
|-damage|p1a: Dragonite|88/100 brn|[from] brn
|upkeep
|turn|2
|
|switch|p2a: Landorus|Landorus-Therian, M|100/100
|-ability|p2a: Landorus|Intimidate|boost
|-unboost|p1a: Dragonite|atk|1
|move|p1a: Dragonite|Dragon Claw|p2a: Landorus
|-damage|p2a: Landorus|85/100
|
|-heal|p2a: Landorus|91/100|[from] item: Leftovers
|-damage|p1a: Dragonite|76/100 brn|[from] brn
|upkeep
|turn|3
|
|switch|p1a: Xatu|Xatu, F|100/100
|move|p2a: Landorus|U-turn|p1a: Xatu
|-damage|p1a: Xatu|78/100
|-damage|p2a: Landorus|75/100|[from] item: Rocky Helmet|[of] p1a: Xatu
|
|switch|p2a: Rotom|Rotom-Wash|33/100
|
|-heal|p2a: Rotom|39/100|[from] item: Leftovers
|upkeep
|turn|4
|
|move|p1a: Xatu|U-turn|p2a: Rotom
|-damage|p2a: Rotom|26/100
|c|☆Kland|your pain splitting
|c|☆Kland|i don't want to ehal this
|inactive|Battle timer is ON: inactive players will automatically lose when time's up. (requested by based carnage)
|c|☆Kland|this is bad
|
|switch|p1a: Dragonite|Dragonite, M|76/100 brn
|move|p2a: Rotom|Pain Split|p1a: Dragonite
|-sethp|p1a: Dragonite|50/100 brn|p2a: Rotom|53/100|[from] move: Pain Split
|
|-heal|p2a: Rotom|60/100|[from] item: Leftovers
|-damage|p1a: Dragonite|38/100 brn|[from] brn
|upkeep
|turn|5
|c|☆based carnage|no you're just bad
|
|switch|p2a: Landorus|Landorus-Therian, M|75/100
|-ability|p2a: Landorus|Intimidate|boost
|-unboost|p1a: Dragonite|atk|1
|move|p1a: Dragonite|Superpower|p2a: Landorus
|-resisted|p2a: Landorus
|-damage|p2a: Landorus|68/100
|-unboost|p1a: Dragonite|atk|1
|-unboost|p1a: Dragonite|def|1
|
|-heal|p2a: Landorus|74/100|[from] item: Leftovers
|-damage|p1a: Dragonite|26/100 brn|[from] brn
|upkeep
|turn|6
|c|☆Kland|nah
|c|☆Kland|your bad
|c|☆based carnage|lmao
|
|switch|p1a: Gastrodon|Gastrodon, M|100/100
|move|p2a: Landorus|Hidden Power|p1a: Gastrodon
|-damage|p1a: Gastrodon|86/100
|
|-heal|p2a: Landorus|80/100|[from] item: Leftovers
|-heal|p1a: Gastrodon|92/100|[from] item: Leftovers
|upkeep
|turn|7
|
|switch|p1a: Xatu|Xatu, F|78/100
|move|p2a: Landorus|U-turn|p1a: Xatu
|-damage|p1a: Xatu|57/100
|-damage|p2a: Landorus|63/100|[from] item: Rocky Helmet|[of] p1a: Xatu
|
|switch|p2a: Heatran|Heatran, M|100/100
|
|upkeep
|turn|8
|
|switch|p1a: Gastrodon|Gastrodon, M|92/100
|move|p2a: Heatran|Hidden Power|p1a: Gastrodon
|-supereffective|p1a: Gastrodon
|-damage|p1a: Gastrodon|0 fnt
|faint|p1a: Gastrodon
|
|upkeep
|c|☆Kland|ok
|c|☆Kland|that tran set
|c|☆based carnage|too easy
|c|☆Kland|i prbably cna't beat
|c|☆Kland|i do abit that with nite burnt
|c|☆Kland|i'm in a really shitty situation
|c|☆Kland|but i mean hp grass tran
|inactive|Kland has 120 seconds left.
|
|switch|p1a: Volcarona|Volcarona, F|100/100
|turn|9
|
|move|p2a: Heatran|Toxic|p1a: Volcarona
|-status|p1a: Volcarona|tox
|move|p1a: Volcarona|Quiver Dance|p1a: Volcarona
|-boost|p1a: Volcarona|spa|1
|-boost|p1a: Volcarona|spd|1
|-boost|p1a: Volcarona|spe|1
|
|-damage|p1a: Volcarona|94/100 tox|[from] psn
|upkeep
|turn|10
|c|☆Kland|yer ok
|c|☆Kland|gg
|c|☆Kland|i can't beat that set
|c|☆based carnage|gg ez
|c|☆Kland|well
|c|☆Kland|i mean
|inactive|Kland has 120 seconds left.
|c|☆Kland|it perfectly counters my entire team
|c|☆based carnage|maybe make a better team
|c|☆Kland|toxic hp grass tran isn't that common
|c|☆Kland|not my team actually
|c|☆Kland|i asked z+_v for teams when i came back
|c|☆Kland|and these teams are quite effective
|inactive|Kland has 90 seconds left.
|c|☆based carnage|ik it can be tough to make teams, but you have to think sometimes
|c|☆Kland|with respect
|c|☆Kland|i've built more teams
|c|☆Kland|then you have
|j| lucqq
|c|☆Kland|i'm back for funsies
|c|☆based carnage|lol
|c|☆Kland|and toxic hp grass tran is just gg for me
|inactive|Kland has 60 seconds left.
|c|☆based carnage|no kidding
|c|☆Kland|but
|c|☆based carnage|here it goes
|c|☆Kland|i have hp ground
|c|☆Kland|switch to landuros for me
|
|move|p1a: Volcarona|Fiery Dance|p2a: Heatran
|-start|p2a: Heatran|ability: Flash Fire
|move|p2a: Heatran|Flamethrower|p1a: Volcarona
|-damage|p1a: Volcarona|50/100 tox
|
|-heal|p1a: Volcarona|56/100 tox|[from] item: Leftovers
|-damage|p1a: Volcarona|44/100 tox|[from] psn
|upkeep
|turn|11
|c|☆based carnage|ok
|c|☆Kland|lame
|c|☆Kland|can we atleast give me a kill
|c|☆Kland|for generous for poor old kland
|
|move|p1a: Volcarona|Fiery Dance|p2a: Heatran
|-immune|p2a: Heatran|[from] ability: Flash Fire
|move|p2a: Heatran|Flamethrower|p1a: Volcarona
|-damage|p1a: Volcarona|3/100 tox
|
|-heal|p1a: Volcarona|9/100 tox|[from] item: Leftovers
|-damage|p1a: Volcarona|0 fnt|[from] psn
|faint|p1a: Volcarona
|upkeep
|c|☆based carnage|you have to earn that
|c|☆Kland|good point
|
|switch|p1a: Metagross|Metagross|100/100
|turn|12
|
|move|p2a: Heatran|Flamethrower|p1a: Metagross
|-supereffective|p1a: Metagross
|-damage|p1a: Metagross|0 fnt
|faint|p1a: Metagross
|
|upkeep
|c|☆Kland|max sp att
|inactive|Kland has 60 seconds left.
|c|☆Kland|coolie
|c|☆based carnage|flash fire
|c|☆Kland|o right
|c|☆Kland|that makes sense
|c|☆Kland|my meta gross is very heavily sp def
|c|☆Kland|thats why i didn't put sun right
|c|☆Kland|because i think sun helped you more
|inactive|Kland has 30 seconds left.
|
|switch|p1a: Ninetales|Ninetales, F|100/100
|-weather|SunnyDay|[from] ability: Drought|[of] p1a: Ninetales
|turn|13
|
|move|p2a: Heatran|Earth Power|p1a: Ninetales
|-supereffective|p1a: Ninetales
|-crit|p1a: Ninetales
|-damage|p1a: Ninetales|0 fnt
|faint|p1a: Ninetales
|
|-weather|SunnyDay|[upkeep]
|upkeep
|c|☆Kland|hax
|c|☆Kland|i was hp ground tails
|c|☆based carnage|lol
|c|☆Kland|specs modest 252
|c|☆Kland|aswell
|inactive|Kland has 30 seconds left.
|c|☆Kland|you know the good et
|c|☆Kland|i think i derserve a kill for the hax
|inactive|Kland has 20 seconds left.
|
|switch|p1a: Dragonite|Dragonite, M|26/100 brn
|turn|14
|inactive|Kland has 30 seconds left this turn.
|
|move|p2a: Heatran|Flamethrower|p1a: Dragonite
|-resisted|p1a: Dragonite
|-damage|p1a: Dragonite|0 fnt
|faint|p1a: Dragonite
|
|-weather|SunnyDay|[upkeep]
|upkeep
|
|switch|p1a: Xatu|Xatu, F|57/100
|turn|15
|c|☆Kland|hail god slayer tran
|inactive|Kland has 30 seconds left.
|c|☆Kland|i hope i never see it again with this tea
|
|move|p2a: Heatran|Flamethrower|p1a: Xatu
|-damage|p1a: Xatu|0 fnt
|faint|p1a: Xatu
|
|win|based carnage
|raw|Kland's rating: 1315 &rarr; <strong>1295</strong><br />(-20 for losing)
|raw|based carnage's rating: 1308 &rarr; <strong>1328</strong><br />(+20 for winning)
|c|☆based carnage|lmao
