|j|☆qishilu18
|j|‽kinetic koko
|t:|1718117017
|gametype|singles
|player|p1|qishilu18|shauntal|1308
|player|p2|kinetic koko|169|1406
|teamsize|p1|6
|teamsize|p2|6
|gen|5
|tier|[Gen 5] OU
|rated|
|rule|Species Clause: Limit one of each Pokémon
|rule|OHKO Clause: OHKO moves are banned
|rule|Moody Clause: Moody is banned
|rule|Evasion Items Clause: Evasion items are banned
|rule|Evasion Moves Clause: Evasion moves are banned
|rule|Endless Battle Clause: Forcing endless battles is banned
|rule|HP Percentage Mod: HP is shown in percentages
|rule|Evasion Abilities Clause: Evasion abilities are banned
|rule|Sleep Moves Clause: Sleep-inducing moves are banned
|rule|Swagger Clause: Swagger is banned
|rule|Baton Pass Stat Clause: No Baton Passer may have a way to boost its stats
|clearpoke
|poke|p1|Politoed, M|item
|poke|p1|Tentacruel, F|item
|poke|p1|Ferrothorn, F|item
|poke|p1|Keldeo-Resolute|item
|poke|p1|Thundurus-Therian, M|item
|poke|p1|Latios, M|item
|poke|p2|Gliscor, M|item
|poke|p2|Jellicent, M|item
|poke|p2|Forretress, M|item
|poke|p2|Reuniclus, F|item
|poke|p2|Blissey, F|item
|poke|p2|Tyranitar, F|item
|teampreview
|inactive|Battle timer is ON: inactive players will automatically lose when time's up. (requested by qishilu18)
|
|t:|1718117052
|start
|switch|p1a: Politoed|Politoed, M|100/100
|switch|p2a: Blissey|Blissey, F|100/100
|-weather|RainDance|[from] ability: Drizzle|[of] p1a: Politoed
|turn|1
|
|t:|1718117071
|move|p1a: Politoed|Toxic|p2a: Blissey
|-status|p2a: Blissey|tox
|move|p2a: Blissey|Stealth Rock|p1a: Politoed
|-sidestart|p1: qishilu18|move: Stealth Rock
|
|-weather|RainDance|[upkeep]
|-damage|p2a: Blissey|94/100 tox|[from] psn
|upkeep
|turn|2
|
|t:|1718117083
|switch|p1a: Ferrothorn|Ferrothorn, F|100/100
|-damage|p1a: Ferrothorn|94/100|[from] Stealth Rock
|-curestatus|p2a: Blissey|tox|[from] ability: Natural Cure
|switch|p2a: Jellicent|Jellicent, M|100/100
|
|-weather|RainDance|[upkeep]
|-heal|p1a: Ferrothorn|100/100|[from] item: Leftovers
|upkeep
|turn|3
|inactive|qishilu18 has 120 seconds left.
|
|t:|1718117115
|switch|p1a: Thundurus|Thundurus-Therian, M|100/100
|-damage|p1a: Thundurus|76/100|[from] Stealth Rock
|move|p2a: Jellicent|Will-O-Wisp|p1a: Thundurus|[miss]
|-miss|p2a: Jellicent|p1a: Thundurus
|
|-weather|RainDance|[upkeep]
|-heal|p1a: Thundurus|82/100|[from] item: Leftovers
|upkeep
|turn|4
|inactive|qishilu18 has 120 seconds left.
|inactive|kinetic koko has 120 seconds left.
|
|t:|1718117159
|switch|p2a: Blissey|Blissey, F|94/100
|move|p1a: Thundurus|Thunder|p2a: Blissey
|-damage|p2a: Blissey|70/100
|-status|p2a: Blissey|par
|
|-weather|RainDance|[upkeep]
|-heal|p1a: Thundurus|88/100|[from] item: Leftovers
|-heal|p2a: Blissey|76/100 par|[from] item: Leftovers
|upkeep
|turn|5
|inactive|qishilu18 has 120 seconds left.
|
|t:|1718117166
|move|p1a: Thundurus|Substitute|p1a: Thundurus
|-start|p1a: Thundurus|Substitute
|-damage|p1a: Thundurus|63/100
|move|p2a: Blissey|Soft-Boiled|p2a: Blissey
|-heal|p2a: Blissey|100/100 par
|
|-weather|RainDance|[upkeep]
|-heal|p1a: Thundurus|69/100|[from] item: Leftovers
|upkeep
|turn|6
|inactive|kinetic koko has 120 seconds left.
|
|t:|1718117199
|move|p1a: Thundurus|Focus Blast|p2a: Blissey
|-supereffective|p2a: Blissey
|-damage|p2a: Blissey|67/100 par
|move|p2a: Blissey|Seismic Toss|p1a: Thundurus
|-end|p1a: Thundurus|Substitute
|
|-weather|RainDance|[upkeep]
|-heal|p1a: Thundurus|75/100|[from] item: Leftovers
|-heal|p2a: Blissey|73/100 par|[from] item: Leftovers
|upkeep
|turn|7
|
|t:|1718117205
|move|p1a: Thundurus|Focus Blast|p2a: Blissey|[miss]
|-miss|p1a: Thundurus|p2a: Blissey
|move|p2a: Blissey|Soft-Boiled|p2a: Blissey
|-heal|p2a: Blissey|100/100 par
|
|-weather|RainDance|[upkeep]
|-heal|p1a: Thundurus|81/100|[from] item: Leftovers
|upkeep
|turn|8
|
|t:|1718117235
|-curestatus|p2a: Blissey|par|[from] ability: Natural Cure
|switch|p2a: Jellicent|Jellicent, M|100/100
|move|p1a: Thundurus|Substitute|p1a: Thundurus
|-start|p1a: Thundurus|Substitute
|-damage|p1a: Thundurus|57/100
|
|-weather|RainDance|[upkeep]
|-heal|p1a: Thundurus|63/100|[from] item: Leftovers
|upkeep
|turn|9
|
|t:|1718117238
|switch|p2a: Blissey|Blissey, F|100/100
|move|p1a: Thundurus|Thunder|p2a: Blissey
|-damage|p2a: Blissey|76/100
|
|-weather|RainDance|[upkeep]
|-heal|p1a: Thundurus|69/100|[from] item: Leftovers
|-heal|p2a: Blissey|83/100|[from] item: Leftovers
|upkeep
|turn|10
|inactive|kinetic koko has 90 seconds left.
|
|t:|1718117267
|move|p1a: Thundurus|Focus Blast|p2a: Blissey|[miss]
|-miss|p1a: Thundurus|p2a: Blissey
|move|p2a: Blissey|Seismic Toss|p1a: Thundurus
|-end|p1a: Thundurus|Substitute
|
|-weather|RainDance|[upkeep]
|-heal|p1a: Thundurus|75/100|[from] item: Leftovers
|-heal|p2a: Blissey|89/100|[from] item: Leftovers
|upkeep
|turn|11
|
|t:|1718117288
|switch|p1a: Ferrothorn|Ferrothorn, F|100/100
|-damage|p1a: Ferrothorn|94/100|[from] Stealth Rock
|move|p2a: Blissey|Seismic Toss|p1a: Ferrothorn
|-damage|p1a: Ferrothorn|66/100
|-damage|p2a: Blissey|76/100|[from] ability: Iron Barbs|[of] p1a: Ferrothorn
|
|-weather|RainDance|[upkeep]
|-heal|p2a: Blissey|82/100|[from] item: Leftovers
|-heal|p1a: Ferrothorn|72/100|[from] item: Leftovers
|upkeep
|turn|12
|inactive|kinetic koko has 90 seconds left.
|
|t:|1718117324
|switch|p2a: Reuniclus|Reuniclus, F|100/100
|move|p1a: Ferrothorn|Knock Off|p2a: Reuniclus
|-supereffective|p2a: Reuniclus
|-damage|p2a: Reuniclus|94/100
|-enditem|p2a: Reuniclus|Leftovers|[from] move: Knock Off|[of] p1a: Ferrothorn
|
|-weather|RainDance|[upkeep]
|-heal|p1a: Ferrothorn|78/100|[from] item: Leftovers
|upkeep
|turn|13
|
|t:|1718117331
|switch|p2a: Forretress|Forretress, M|100/100
|switch|p1a: Politoed|Politoed, M|100/100
|-damage|p1a: Politoed|88/100|[from] Stealth Rock
|
|-weather|RainDance|[upkeep]
|-heal|p1a: Politoed|94/100|[from] item: Leftovers
|upkeep
|turn|14
|inactive|kinetic koko has 90 seconds left.
|
|t:|1718117354
|switch|p2a: Blissey|Blissey, F|82/100
|move|p1a: Politoed|Scald|p2a: Blissey
|-damage|p2a: Blissey|67/100
|
|-weather|RainDance|[upkeep]
|-heal|p1a: Politoed|99/100|[from] item: Leftovers
|-heal|p2a: Blissey|73/100|[from] item: Leftovers
|upkeep
|turn|15
|
|t:|1718117369
|switch|p1a: Ferrothorn|Ferrothorn, F|78/100
|-damage|p1a: Ferrothorn|72/100|[from] Stealth Rock
|move|p2a: Blissey|Soft-Boiled|p2a: Blissey
|-heal|p2a: Blissey|100/100
|
|-weather|RainDance|[upkeep]
|-heal|p1a: Ferrothorn|78/100|[from] item: Leftovers
|upkeep
|turn|16
|inactive|kinetic koko has 90 seconds left.
|
|t:|1718117396
|switch|p2a: Forretress|Forretress, M|100/100
|move|p1a: Ferrothorn|Knock Off|p2a: Forretress
|-resisted|p2a: Forretress
|-crit|p2a: Forretress
|-damage|p2a: Forretress|98/100
|-enditem|p2a: Forretress|Leftovers|[from] move: Knock Off|[of] p1a: Ferrothorn
|
|-weather|RainDance|[upkeep]
|-heal|p1a: Ferrothorn|85/100|[from] item: Leftovers
|upkeep
|turn|17
|inactive|qishilu18 has 120 seconds left.
|inactive|qishilu18 has 90 seconds left.
|
|t:|1718117460
|move|p2a: Forretress|Spikes|p1a: Ferrothorn
|-sidestart|p1: qishilu18|Spikes
|move|p1a: Ferrothorn|Stealth Rock|p2a: Forretress
|-sidestart|p2: kinetic koko|move: Stealth Rock
|
|-weather|RainDance|[upkeep]
|-heal|p1a: Ferrothorn|91/100|[from] item: Leftovers
|upkeep
|turn|18
|inactive|kinetic koko has 60 seconds left.
|
|t:|1718117493
|switch|p1a: Tentacruel|Tentacruel, F|100/100
|-damage|p1a: Tentacruel|88/100|[from] Stealth Rock
|-damage|p1a: Tentacruel|76/100|[from] Spikes
|move|p2a: Forretress|Rapid Spin|p1a: Tentacruel
|-damage|p1a: Tentacruel|70/100
|-sideend|p2: kinetic koko|Stealth Rock|[from] move: Rapid Spin|[of] p2a: Forretress
|
|-weather|RainDance|[upkeep]
|-heal|p1a: Tentacruel|77/100|[from] ability: Rain Dish
|-heal|p1a: Tentacruel|83/100|[from] item: Black Sludge
|upkeep
|turn|19
|
|t:|1718117496
|switch|p2a: Jellicent|Jellicent, M|100/100
|move|p1a: Tentacruel|Toxic|p2a: Jellicent
|-status|p2a: Jellicent|tox
|
|-weather|RainDance|[upkeep]
|-heal|p1a: Tentacruel|89/100|[from] ability: Rain Dish
|-heal|p1a: Tentacruel|95/100|[from] item: Black Sludge
|-damage|p2a: Jellicent|94/100 tox|[from] psn
|upkeep
|turn|20
|inactive|kinetic koko has 60 seconds left.
|
|t:|1718117540
|move|p1a: Tentacruel|Protect|p1a: Tentacruel
|-singleturn|p1a: Tentacruel|Protect
|move|p2a: Jellicent|Will-O-Wisp|p1a: Tentacruel
|-activate|p1a: Tentacruel|move: Protect
|
|-weather|RainDance|[upkeep]
|-heal|p1a: Tentacruel|100/100|[from] ability: Rain Dish
|-heal|p2a: Jellicent|100/100 tox|[from] item: Leftovers
|-damage|p2a: Jellicent|88/100 tox|[from] psn
|upkeep
|turn|21
|inactive|qishilu18 has 90 seconds left.
|
|t:|1718117573
|switch|p1a: Thundurus|Thundurus-Therian, M|75/100
|-damage|p1a: Thundurus|50/100|[from] Stealth Rock
|move|p2a: Jellicent|Will-O-Wisp|p1a: Thundurus
|-status|p1a: Thundurus|brn
|
|-weather|RainDance|[upkeep]
|-heal|p1a: Thundurus|56/100 brn|[from] item: Leftovers
|-heal|p2a: Jellicent|94/100 tox|[from] item: Leftovers
|-damage|p2a: Jellicent|76/100 tox|[from] psn
|-damage|p1a: Thundurus|44/100 brn|[from] brn
|upkeep
|turn|22
|
|t:|1718117587
|switch|p2a: Blissey|Blissey, F|100/100
|move|p1a: Thundurus|Thunder|p2a: Blissey
|-damage|p2a: Blissey|76/100
|
|-weather|RainDance|[upkeep]
|-heal|p1a: Thundurus|50/100 brn|[from] item: Leftovers
|-heal|p2a: Blissey|82/100|[from] item: Leftovers
|-damage|p1a: Thundurus|38/100 brn|[from] brn
|upkeep
|turn|23
|inactive|kinetic koko has 60 seconds left.
|
|t:|1718117606
|switch|p1a: Ferrothorn|Ferrothorn, F|91/100
|-damage|p1a: Ferrothorn|85/100|[from] Stealth Rock
|-damage|p1a: Ferrothorn|72/100|[from] Spikes
|move|p2a: Blissey|Seismic Toss|p1a: Ferrothorn
|-damage|p1a: Ferrothorn|44/100
|-damage|p2a: Blissey|69/100|[from] ability: Iron Barbs|[of] p1a: Ferrothorn
|
|-weather|RainDance|[upkeep]
|-heal|p2a: Blissey|76/100|[from] item: Leftovers
|-heal|p1a: Ferrothorn|50/100|[from] item: Leftovers
|upkeep
|turn|24
|inactive|qishilu18 has 90 seconds left.
|
|t:|1718117631
|switch|p2a: Forretress|Forretress, M|98/100
|move|p1a: Ferrothorn|Knock Off|p2a: Forretress
|-resisted|p2a: Forretress
|-damage|p2a: Forretress|96/100
|
|-weather|RainDance|[upkeep]
|-heal|p1a: Ferrothorn|56/100|[from] item: Leftovers
|upkeep
|turn|25
|inactive|kinetic koko has 60 seconds left.
|
|t:|1718117650
|switch|p1a: Keldeo|Keldeo-Resolute|100/100
|-damage|p1a: Keldeo|94/100|[from] Stealth Rock
|-damage|p1a: Keldeo|82/100|[from] Spikes
|move|p2a: Forretress|Spikes|p1a: Keldeo
|-sidestart|p1: qishilu18|Spikes
|
|-weather|RainDance|[upkeep]
|upkeep
|turn|26
|inactive|kinetic koko has 60 seconds left.
|inactive|qishilu18 has 60 seconds left.
|
|t:|1718117688
|switch|p1a: Tentacruel|Tentacruel, F|100/100
|-damage|p1a: Tentacruel|88/100|[from] Stealth Rock
|-damage|p1a: Tentacruel|72/100|[from] Spikes
|move|p2a: Forretress|Spikes|p1a: Tentacruel
|-sidestart|p1: qishilu18|Spikes
|
|-weather|RainDance|[upkeep]
|-heal|p1a: Tentacruel|78/100|[from] ability: Rain Dish
|-heal|p1a: Tentacruel|84/100|[from] item: Black Sludge
|upkeep
|turn|27
|inactive|kinetic koko has 60 seconds left.
|
|t:|1718117701
|switch|p2a: Jellicent|Jellicent, M|76/100 tox
|move|p1a: Tentacruel|Rapid Spin|p2a: Jellicent
|-immune|p2a: Jellicent
|
|-weather|RainDance|[upkeep]
|-heal|p1a: Tentacruel|90/100|[from] ability: Rain Dish
|-heal|p1a: Tentacruel|96/100|[from] item: Black Sludge
|-heal|p2a: Jellicent|82/100 tox|[from] item: Leftovers
|-damage|p2a: Jellicent|76/100 tox|[from] psn
|upkeep
|turn|28
|inactive|kinetic koko has 60 seconds left.
|
|t:|1718117719
|move|p1a: Tentacruel|Protect|p1a: Tentacruel
|-singleturn|p1a: Tentacruel|Protect
|move|p2a: Jellicent|Recover|p2a: Jellicent
|-heal|p2a: Jellicent|100/100 tox
|
|-weather|RainDance|[upkeep]
|-heal|p1a: Tentacruel|100/100|[from] ability: Rain Dish
|-damage|p2a: Jellicent|88/100 tox|[from] psn
|upkeep
|turn|29
|inactive|qishilu18 has 60 seconds left.
|
|t:|1718117731
|move|p1a: Tentacruel|Protect|p1a: Tentacruel
|-singleturn|p1a: Tentacruel|Protect
|move|p2a: Jellicent|Will-O-Wisp|p1a: Tentacruel
|-activate|p1a: Tentacruel|move: Protect
|
|-weather|RainDance|[upkeep]
|-heal|p2a: Jellicent|94/100 tox|[from] item: Leftovers
|-damage|p2a: Jellicent|76/100 tox|[from] psn
|upkeep
|turn|30
|inactive|qishilu18 has 60 seconds left.
|
|t:|1718117742
|move|p1a: Tentacruel|Rapid Spin|p2a: Jellicent
|-immune|p2a: Jellicent
|move|p2a: Jellicent|Will-O-Wisp|p1a: Tentacruel|[miss]
|-miss|p2a: Jellicent|p1a: Tentacruel
|
|-weather|RainDance|[upkeep]
|-heal|p2a: Jellicent|82/100 tox|[from] item: Leftovers
|-damage|p2a: Jellicent|57/100 tox|[from] psn
|upkeep
|turn|31
|inactive|qishilu18 has 60 seconds left.
|
|t:|1718117758
|move|p1a: Tentacruel|Rapid Spin|p2a: Jellicent
|-immune|p2a: Jellicent
|move|p2a: Jellicent|Recover|p2a: Jellicent
|-heal|p2a: Jellicent|100/100 tox
|
|-weather|RainDance|[upkeep]
|-damage|p2a: Jellicent|70/100 tox|[from] psn
|upkeep
|turn|32
|inactive|qishilu18 has 60 seconds left.
|
|t:|1718117765
|move|p1a: Tentacruel|Protect|p1a: Tentacruel
|-singleturn|p1a: Tentacruel|Protect
|move|p2a: Jellicent|Will-O-Wisp|p1a: Tentacruel
|-activate|p1a: Tentacruel|move: Protect
|
|-weather|RainDance|[upkeep]
|-heal|p2a: Jellicent|76/100 tox|[from] item: Leftovers
|-damage|p2a: Jellicent|39/100 tox|[from] psn
|upkeep
|turn|33
|inactive|qishilu18 has 60 seconds left.
|
|t:|1718117778
|move|p1a: Tentacruel|Rapid Spin|p2a: Jellicent
|-immune|p2a: Jellicent
|move|p2a: Jellicent|Rest|p2a: Jellicent
|-status|p2a: Jellicent|slp|[from] move: Rest
|-heal|p2a: Jellicent|100/100 slp|[silent]
|
|-weather|RainDance|[upkeep]
|upkeep
|turn|34
|inactive|qishilu18 has 60 seconds left.
|inactive|kinetic koko has 90 seconds left.
|
|t:|1718117806
|switch|p1a: Politoed|Politoed, M|99/100
|-damage|p1a: Politoed|88/100|[from] Stealth Rock
|-damage|p1a: Politoed|63/100|[from] Spikes
|cant|p2a: Jellicent|slp
|
|-weather|RainDance|[upkeep]
|-heal|p1a: Politoed|69/100|[from] item: Leftovers
|upkeep
|turn|35
|inactive|kinetic koko has 60 seconds left.
|
|t:|1718117834
|switch|p2a: Blissey|Blissey, F|76/100
|move|p1a: Politoed|Perish Song|p1a: Politoed
|-start|p1a: Politoed|perish3|[silent]
|-start|p2a: Blissey|perish3|[silent]
|-fieldactivate|move: Perish Song
|
|-weather|RainDance|[upkeep]
|-heal|p1a: Politoed|75/100|[from] item: Leftovers
|-heal|p2a: Blissey|82/100|[from] item: Leftovers
|-start|p1a: Politoed|perish3
|-start|p2a: Blissey|perish3
|upkeep
|turn|36
|inactive|qishilu18 has 60 seconds left.
|
|t:|1718117851
|switch|p2a: Tyranitar|Tyranitar, F|100/100
|-weather|Sandstorm|[from] ability: Sand Stream|[of] p2a: Tyranitar
|move|p1a: Politoed|Scald|p2a: Tyranitar
|-supereffective|p2a: Tyranitar
|-damage|p2a: Tyranitar|65/100
|
|-weather|Sandstorm|[upkeep]
|-damage|p1a: Politoed|69/100|[from] Sandstorm
|-heal|p1a: Politoed|75/100|[from] item: Leftovers
|-start|p1a: Politoed|perish2
|upkeep
|turn|37
|
|t:|1718117859
|move|p2a: Tyranitar|Crunch|p1a: Politoed
|-damage|p1a: Politoed|35/100
|move|p1a: Politoed|Toxic|p2a: Tyranitar
|-status|p2a: Tyranitar|tox
|
|-weather|Sandstorm|[upkeep]
|-damage|p1a: Politoed|29/100|[from] Sandstorm
|-heal|p1a: Politoed|35/100|[from] item: Leftovers
|-damage|p2a: Tyranitar|59/100 tox|[from] psn
|-start|p1a: Politoed|perish1
|upkeep
|turn|38
|inactive|qishilu18 has 60 seconds left.
|j| UnumGenus
|inactive|qishilu18 has 30 seconds left.
|
|t:|1718117901
|switch|p2a: Gliscor|Gliscor, M|100/100
|switch|p1a: Thundurus|Thundurus-Therian, M|38/100 brn
|-damage|p1a: Thundurus|13/100 brn|[from] Stealth Rock
|
|-weather|Sandstorm|[upkeep]
|-damage|p1a: Thundurus|7/100 brn|[from] Sandstorm
|-heal|p1a: Thundurus|13/100 brn|[from] item: Leftovers
|-damage|p1a: Thundurus|0 fnt|[from] brn
|faint|p1a: Thundurus
|-status|p2a: Gliscor|tox|[from] item: Toxic Orb
|upkeep
|inactive|qishilu18 has 30 seconds left this turn.
|inactive|qishilu18 has 20 seconds left.
|
|t:|1718117915
|switch|p1a: Latios|Latios, M|100/100
|-damage|p1a: Latios|88/100|[from] Stealth Rock
|turn|39
|inactive|qishilu18 has 30 seconds left this turn.
|inactive|kinetic koko has 90 seconds left.
|
|t:|1718117935
|switch|p2a: Tyranitar|Tyranitar, F|59/100 tox
|move|p1a: Latios|Draco Meteor|p2a: Tyranitar
|-damage|p2a: Tyranitar|0 fnt
|-unboost|p1a: Latios|spa|2
|faint|p2a: Tyranitar
|
|-weather|Sandstorm|[upkeep]
|-damage|p1a: Latios|82/100|[from] Sandstorm
|upkeep
|
|t:|1718117939
|switch|p2a: Blissey|Blissey, F|82/100
|turn|40
|
|t:|1718117952
|switch|p1a: Ferrothorn|Ferrothorn, F|56/100
|-damage|p1a: Ferrothorn|50/100|[from] Stealth Rock
|-damage|p1a: Ferrothorn|25/100|[from] Spikes
|move|p2a: Blissey|Seismic Toss|p1a: Ferrothorn
|-damage|p1a: Ferrothorn|0 fnt
|-damage|p2a: Blissey|69/100|[from] ability: Iron Barbs|[of] p1a: Ferrothorn
|faint|p1a: Ferrothorn
|
|-weather|Sandstorm|[upkeep]
|-damage|p2a: Blissey|63/100|[from] Sandstorm
|-heal|p2a: Blissey|69/100|[from] item: Leftovers
|upkeep
|
|t:|1718117958
|switch|p1a: Keldeo|Keldeo-Resolute|82/100
|-damage|p1a: Keldeo|76/100|[from] Stealth Rock
|-damage|p1a: Keldeo|51/100|[from] Spikes
|turn|41
|
|t:|1718117966
|switch|p2a: Jellicent|Jellicent, M|100/100 slp
|move|p1a: Keldeo|Secret Sword|p2a: Jellicent
|-immune|p2a: Jellicent
|
|-weather|Sandstorm|[upkeep]
|-damage|p1a: Keldeo|45/100|[from] Sandstorm
|-damage|p2a: Jellicent|94/100 slp|[from] Sandstorm
|-heal|p2a: Jellicent|100/100 slp|[from] item: Leftovers
|upkeep
|turn|42
|
|t:|1718117971
|switch|p1a: Latios|Latios, M|82/100
|-damage|p1a: Latios|70/100|[from] Stealth Rock
|cant|p2a: Jellicent|slp
|
|-weather|Sandstorm|[upkeep]
|-damage|p1a: Latios|64/100|[from] Sandstorm
|-damage|p2a: Jellicent|94/100 slp|[from] Sandstorm
|-heal|p2a: Jellicent|100/100 slp|[from] item: Leftovers
|upkeep
|turn|43
|
|t:|1718117980
|switch|p2a: Gliscor|Gliscor, M|100/100 tox
|move|p1a: Latios|Trick|p2a: Gliscor
|-activate|p1a: Latios|move: Trick|[of] p2a: Gliscor
|-item|p2a: Gliscor|Choice Specs|[from] move: Trick
|-item|p1a: Latios|Toxic Orb|[from] move: Trick
|
|-weather|Sandstorm|[upkeep]
|-damage|p1a: Latios|58/100|[from] Sandstorm
|-status|p1a: Latios|tox|[from] item: Toxic Orb
|upkeep
|turn|44
|inactive|kinetic koko has 120 seconds left.
|
|t:|1718117996
|move|p1a: Latios|Draco Meteor|p2a: Gliscor|[miss]
|-miss|p1a: Latios|p2a: Gliscor
|move|p2a: Gliscor|Ice Fang|p1a: Latios
|-supereffective|p1a: Latios
|-damage|p1a: Latios|21/100 tox
|
|-weather|Sandstorm|[upkeep]
|-damage|p1a: Latios|15/100 tox|[from] Sandstorm
|-damage|p1a: Latios|9/100 tox|[from] psn
|upkeep
|turn|45
|
|t:|1718118002
|move|p1a: Latios|Draco Meteor|p2a: Gliscor
|-crit|p2a: Gliscor
|-damage|p2a: Gliscor|0 fnt
|-unboost|p1a: Latios|spa|2
|faint|p2a: Gliscor
|
|-weather|Sandstorm|[upkeep]
|-damage|p1a: Latios|3/100 tox|[from] Sandstorm
|-damage|p1a: Latios|0 fnt|[from] psn
|faint|p1a: Latios
|upkeep
|
|t:|1718118007
|switch|p1a: Politoed|Politoed, M|35/100
|switch|p2a: Jellicent|Jellicent, M|100/100 slp
|-damage|p1a: Politoed|23/100|[from] Stealth Rock
|-damage|p1a: Politoed|0 fnt|[from] Spikes
|faint|p1a: Politoed
|
|t:|1718118010
|switch|p1a: Tentacruel|Tentacruel, F|100/100
|-damage|p1a: Tentacruel|88/100|[from] Stealth Rock
|-damage|p1a: Tentacruel|63/100|[from] Spikes
|turn|46
|
|t:|1718118034
|move|p1a: Tentacruel|Toxic||[still]
|-fail|p1a: Tentacruel
|cant|p2a: Jellicent|slp
|
|-weather|Sandstorm|[upkeep]
|-damage|p1a: Tentacruel|57/100|[from] Sandstorm
|-damage|p2a: Jellicent|94/100 slp|[from] Sandstorm
|-heal|p1a: Tentacruel|63/100|[from] item: Black Sludge
|-heal|p2a: Jellicent|100/100 slp|[from] item: Leftovers
|upkeep
|turn|47
|inactive|qishilu18 has 90 seconds left.
|inactive|qishilu18 has 60 seconds left.
|-message|qishilu18 forfeited.
|
|win|kinetic koko
|raw|qishilu18's rating: 1308 &rarr; <strong>1293</strong><br />(-15 for losing)
|raw|kinetic koko's rating: 1406 &rarr; <strong>1421</strong><br />(+15 for winning)
|l|‽kinetic koko
|player|p2|
|l|☆qishilu18
|player|p1|
