|j|☆LeftyPelikan
|j|☆Jupitersolar
|t:|1721731984
|gametype|singles
|player|p1|LeftyPelikan|aromalady|1388
|player|p2|Jupitersolar|marshal|1349
|teamsize|p1|6
|teamsize|p2|6
|gen|5
|tier|[Gen 5] OU
|rated|
|rule|Species Clause: Limit one of each Pokémon
|rule|OHKO Clause: OHKO moves are banned
|rule|Moody Clause: Moody is banned
|rule|Evasion Items Clause: Evasion items are banned
|rule|Evasion Moves Clause: Evasion moves are banned
|rule|Endless Battle Clause: Forcing endless battles is banned
|rule|HP Percentage Mod: HP is shown in percentages
|rule|Evasion Abilities Clause: Evasion abilities are banned
|rule|Sleep Moves Clause: Sleep-inducing moves are banned
|rule|Swagger Clause: Swagger is banned
|rule|Baton Pass Stat Clause: No Baton Passer may have a way to boost its stats
|clearpoke
|poke|p1|Latios, M|item
|poke|p1|Scizor, F|item
|poke|p1|Landorus-Therian, M|item
|poke|p1|Celebi|item
|poke|p1|Tyranitar, F|item
|poke|p1|Conkeldurr, M|item
|poke|p2|Garchomp, F|item
|poke|p2|Magnezone|item
|poke|p2|Dragonite, F|item
|poke|p2|Latios, M|item
|poke|p2|Landorus-Therian, M|item
|poke|p2|Kyurem-Black|item
|teampreview
|inactive|Battle timer is ON: inactive players will automatically lose when time's up. (requested by LeftyPelikan)
|
|t:|1721732014
|start
|switch|p1a: Landorus|Landorus-Therian, M, shiny|100/100
|switch|p2a: Kyurem|Kyurem-Black|100/100
|-ability|p2a: Kyurem|Teravolt
|-ability|p1a: Landorus|Intimidate|boost
|-unboost|p2a: Kyurem|atk|1
|turn|1
|
|t:|1721732021
|switch|p1a: Scizor|Scizor, F, shiny|100/100
|move|p2a: Kyurem|Ice Beam|p1a: Scizor
|-resisted|p1a: Scizor
|-damage|p1a: Scizor|76/100
|
|upkeep
|turn|2
|
|t:|1721732047
|switch|p2a: Landorus|Landorus-Therian, M|100/100
|-ability|p2a: Landorus|Intimidate|boost
|-unboost|p1a: Scizor|atk|1
|move|p1a: Scizor|U-turn|p2a: Landorus
|-resisted|p2a: Landorus
|-damage|p2a: Landorus|76/100
|-damage|p1a: Scizor|59/100|[from] item: Rocky Helmet|[of] p2a: Landorus
|inactive|LeftyPelikan has 120 seconds left.
|
|t:|1721732076
|switch|p1a: Latios|Latios, M, shiny|100/100|[from] U-turn
|
|upkeep
|turn|3
|
|t:|1721732086
|move|p1a: Latios|Draco Meteor|p2a: Landorus
|-damage|p2a: Landorus|0 fnt
|-unboost|p1a: Latios|spa|2
|faint|p2a: Landorus
|
|upkeep
|
|t:|1721732091
|switch|p2a: Dragonite|Dragonite, F|100/100
|turn|4
|inactive|LeftyPelikan has 120 seconds left.
|
|t:|1721732110
|switch|p1a: Landorus|Landorus-Therian, M, shiny|100/100
|-ability|p1a: Landorus|Intimidate|boost
|-unboost|p2a: Dragonite|atk|1
|move|p2a: Dragonite|Dragon Dance|p2a: Dragonite
|-boost|p2a: Dragonite|atk|1
|-boost|p2a: Dragonite|spe|1
|
|upkeep
|turn|5
|
|t:|1721732123
|move|p1a: Landorus|Rock Slide|p2a: Dragonite
|-supereffective|p2a: Dragonite
|-damage|p2a: Dragonite|75/100
|cant|p2a: Dragonite|flinch
|
|upkeep
|turn|6
|
|t:|1721732129
|move|p1a: Landorus|Rock Slide|p2a: Dragonite
|-supereffective|p2a: Dragonite
|-damage|p2a: Dragonite|25/100
|move|p2a: Dragonite|Dragon Dance|p2a: Dragonite
|-boost|p2a: Dragonite|atk|1
|-boost|p2a: Dragonite|spe|1
|
|upkeep
|turn|7
|inactive|LeftyPelikan has 120 seconds left.
|inactive|LeftyPelikan has 90 seconds left.
|inactive|LeftyPelikan has 60 seconds left.
|inactive|LeftyPelikan has 30 seconds left.
|inactive|LeftyPelikan has 20 seconds left.
|inactive|LeftyPelikan has 15 seconds left.
|inactive|LeftyPelikan has 10 seconds left.
|
|t:|1721732249
|switch|p1a: Celebi|Celebi|100/100
|move|p2a: Dragonite|Ice Punch|p1a: Celebi
|-supereffective|p1a: Celebi
|-damage|p1a: Celebi|28/100
|
|-heal|p1a: Celebi|34/100|[from] item: Leftovers
|upkeep
|turn|8
|inactive|LeftyPelikan has 20 seconds left this turn.
|inactive|LeftyPelikan has 15 seconds left.
|inactive|LeftyPelikan has 10 seconds left.
|inactiveoff|Battle timer is now OFF.
|
|t:|1721732281
|move|p2a: Dragonite|Ice Punch|p1a: Celebi
|-supereffective|p1a: Celebi
|-damage|p1a: Celebi|0 fnt
|faint|p1a: Celebi
|
|upkeep
|
|t:|1721732286
|switch|p1a: Scizor|Scizor, F, shiny|59/100
|turn|9
|
|t:|1721732291
|move|p1a: Scizor|Bullet Punch|p2a: Dragonite
|-damage|p2a: Dragonite|0 fnt
|faint|p2a: Dragonite
|
|upkeep
|
|t:|1721732294
|switch|p2a: Latios|Latios, M|100/100
|turn|10
|
|t:|1721732306
|move|p1a: Scizor|Bullet Punch|p2a: Latios
|-damage|p2a: Latios|32/100
|move|p2a: Latios|Tailwind|p2a: Latios
|-sidestart|p2: Jupitersolar|move: Tailwind
|
|upkeep
|turn|11
|inactive|Battle timer is ON: inactive players will automatically lose when time's up. (requested by Jupitersolar)
|inactive|LeftyPelikan has 15 seconds left this turn.
|
|t:|1721732326
|switch|p2a: Magnezone|Magnezone|100/100
|-item|p2a: Magnezone|Air Balloon
|move|p1a: Scizor|Bullet Punch|p2a: Magnezone
|-resisted|p2a: Magnezone
|-damage|p2a: Magnezone|88/100
|-enditem|p2a: Magnezone|Air Balloon
|
|upkeep
|turn|12
|inactive|LeftyPelikan has 25 seconds left this turn.
|inactive|LeftyPelikan has 20 seconds left.
|inactive|LeftyPelikan has 15 seconds left.
|
|t:|1721732337
|move|p1a: Scizor|Bullet Punch|p2a: Magnezone
|-resisted|p2a: Magnezone
|-damage|p2a: Magnezone|77/100
|move|p2a: Magnezone|Hidden Power|p1a: Scizor
|-supereffective|p1a: Scizor
|-damage|p1a: Scizor|0 fnt
|faint|p1a: Scizor
|
|upkeep
|inactive|LeftyPelikan has 20 seconds left this turn.
|inactive|LeftyPelikan has 15 seconds left.
|
|t:|1721732346
|switch|p1a: Conkeldurr|Conkeldurr, M, shiny|100/100
|turn|13
|inactive|LeftyPelikan has 25 seconds left this turn.
|
|t:|1721732350
|move|p2a: Magnezone|Thunder Wave|p1a: Conkeldurr
|-status|p1a: Conkeldurr|par
|move|p1a: Conkeldurr|Drain Punch|p2a: Magnezone
|-supereffective|p2a: Magnezone
|-damage|p2a: Magnezone|0 fnt
|faint|p2a: Magnezone
|
|-sideend|p2: Jupitersolar|move: Tailwind
|upkeep
|inactive|LeftyPelikan has 30 seconds left this turn.
|
|t:|1721732358
|switch|p2a: Latios|Latios, M|32/100
|turn|14
|
|t:|1721732364
|switch|p1a: Tyranitar|Tyranitar, F, shiny|100/100
|-weather|Sandstorm|[from] ability: Sand Stream|[of] p1a: Tyranitar
|move|p2a: Latios|Tailwind|p2a: Latios
|-sidestart|p2: Jupitersolar|move: Tailwind
|
|-weather|Sandstorm|[upkeep]
|-damage|p2a: Latios|26/100|[from] Sandstorm
|upkeep
|turn|15
|
|t:|1721732369
|switch|p2a: Garchomp|Garchomp, F|100/100
|move|p1a: Tyranitar|Stealth Rock|p2a: Garchomp
|-sidestart|p2: Jupitersolar|move: Stealth Rock
|
|-weather|Sandstorm|[upkeep]
|upkeep
|turn|16
|
|t:|1721732375
|move|p2a: Garchomp|Swords Dance|p2a: Garchomp
|-boost|p2a: Garchomp|atk|2
|move|p1a: Tyranitar|Crunch|p2a: Garchomp
|-damage|p2a: Garchomp|57/100
|-damage|p1a: Tyranitar|88/100|[from] ability: Rough Skin|[of] p2a: Garchomp
|
|-weather|Sandstorm|[upkeep]
|upkeep
|turn|17
|
|t:|1721732394
|switch|p1a: Landorus|Landorus-Therian, M, shiny|100/100
|-ability|p1a: Landorus|Intimidate|boost
|-unboost|p2a: Garchomp|atk|1
|move|p2a: Garchomp|Outrage|p1a: Landorus
|-damage|p1a: Landorus|6/100
|
|-weather|Sandstorm|[upkeep]
|-sideend|p2: Jupitersolar|move: Tailwind
|upkeep
|turn|18
|
|t:|1721732401
|move|p1a: Landorus|Earthquake|p2a: Garchomp
|-damage|p2a: Garchomp|11/100
|move|p2a: Garchomp|Outrage|p1a: Landorus|[from]lockedmove
|-damage|p1a: Landorus|0 fnt
|faint|p1a: Landorus
|
|-weather|Sandstorm|[upkeep]
|upkeep
|
|t:|1721732408
|switch|p1a: Latios|Latios, M, shiny|100/100
|turn|19
|
|t:|1721732411
|move|p1a: Latios|Dragon Pulse|p2a: Garchomp
|-supereffective|p2a: Garchomp
|-damage|p2a: Garchomp|0 fnt
|faint|p2a: Garchomp
|
|-weather|Sandstorm|[upkeep]
|-damage|p1a: Latios|95/100|[from] Sandstorm
|upkeep
|
|t:|1721732413
|switch|p2a: Kyurem|Kyurem-Black|100/100
|-damage|p2a: Kyurem|76/100|[from] Stealth Rock
|-ability|p2a: Kyurem|Teravolt
|turn|20
|
|t:|1721732424
|switch|p1a: Conkeldurr|Conkeldurr, M, shiny|100/100 par
|move|p2a: Kyurem|Outrage|p1a: Conkeldurr
|-damage|p1a: Conkeldurr|28/100 par
|
|-weather|Sandstorm|[upkeep]
|-damage|p2a: Kyurem|70/100|[from] Sandstorm
|-damage|p1a: Conkeldurr|22/100 par|[from] Sandstorm
|upkeep
|turn|21
|
|t:|1721732429
|move|p1a: Conkeldurr|Mach Punch|p2a: Kyurem
|-supereffective|p2a: Kyurem
|-damage|p2a: Kyurem|7/100
|move|p2a: Kyurem|Outrage|p1a: Conkeldurr|[from]lockedmove
|-damage|p1a: Conkeldurr|0 fnt
|faint|p1a: Conkeldurr
|
|-weather|Sandstorm|[upkeep]
|-damage|p2a: Kyurem|0 fnt|[from] Sandstorm
|faint|p2a: Kyurem
|upkeep
|
|t:|1721732434
|switch|p2a: Latios|Latios, M|26/100
|switch|p1a: Tyranitar|Tyranitar, F, shiny|88/100
|-damage|p2a: Latios|14/100|[from] Stealth Rock
|turn|22
|
|t:|1721732439
|move|p2a: Latios|Draco Meteor|p1a: Tyranitar
|-damage|p1a: Tyranitar|40/100
|-unboost|p2a: Latios|spa|2
|-damage|p2a: Latios|4/100|[from] item: Life Orb
|move|p1a: Tyranitar|Crunch|p2a: Latios
|-supereffective|p2a: Latios
|-damage|p2a: Latios|0 fnt
|faint|p2a: Latios
|
|win|LeftyPelikan
|raw|LeftyPelikan's rating: 1388 &rarr; <strong>1406</strong><br />(+18 for winning)
|raw|Jupitersolar's rating: 1349 &rarr; <strong>1331</strong><br />(-18 for losing)
|l|☆Jupitersolar
|player|p2|
