|j|☆Salutethewolf
|j|☆nnnbit7
|t:|1748619851
|gametype|singles
|player|p1|Salutethewolf|hugh|1342
|player|p2|nnnbit7|miku-water|1477
|teamsize|p1|6
|teamsize|p2|6
|gen|5
|tier|[Gen 5] OU
|rated|
|rule|Species Clause: Limit one of each Pokémon
|rule|OHKO Clause: OHKO moves are banned
|rule|Moody Clause: Moody is banned
|rule|Evasion Items Clause: Evasion items are banned
|rule|Evasion Moves Clause: Evasion moves are banned
|rule|Endless Battle Clause: Forcing endless battles is banned
|rule|HP Percentage Mod: HP is shown in percentages
|rule|Evasion Abilities Clause: Evasion abilities are banned
|rule|Sleep Moves Clause: Sleep-inducing moves are banned
|rule|Swagger Clause: Swagger is banned
|rule|Baton Pass Stat Clause: No Baton Passer may have a way to boost its stats
|clearpoke
|poke|p1|Garchomp, M|item
|poke|p1|Dragonite, M|item
|poke|p1|Latios, M|item
|poke|p1|Starmie|item
|poke|p1|Metagross|item
|poke|p1|Scizor, M|item
|poke|p2|Abomasnow, F|item
|poke|p2|Gliscor, F|item
|poke|p2|Forretress, F|item
|poke|p2|Jirachi|item
|poke|p2|Kyurem-Black|item
|poke|p2|Reuniclus, M|item
|teampreview
|inactive|Battle timer is ON: inactive players will automatically lose when time's up. (requested by Salutethewolf)
|
|t:|1748619863
|start
|switch|p1a: Metagross|Metagross, shiny|100/100
|switch|p2a: Abomasnow|Abomasnow, F, shiny|100/100
|-weather|Hail|[from] ability: Snow Warning|[of] p2a: Abomasnow
|turn|1
|
|t:|1748619872
|switch|p2a: Forretress|Forretress, F, shiny|100/100
|move|p1a: Metagross|Stealth Rock|p2a: Forretress
|-sidestart|p2: nnnbit7|move: Stealth Rock
|
|-weather|Hail|[upkeep]
|-damage|p2a: Forretress|94/100|[from] Hail
|-damage|p1a: Metagross|94/100|[from] Hail
|upkeep
|turn|2
|
|t:|1748619881
|move|p2a: Forretress|Stealth Rock|p1a: Metagross
|-sidestart|p1: Salutethewolf|move: Stealth Rock
|move|p1a: Metagross|Hidden Power|p2a: Forretress
|-supereffective|p2a: Forretress
|-damage|p2a: Forretress|0 fnt
|faint|p2a: Forretress
|
|-weather|Hail|[upkeep]
|-damage|p1a: Metagross|88/100|[from] Hail
|upkeep
|
|t:|1748619902
|switch|p2a: Jirachi|Jirachi|100/100
|-damage|p2a: Jirachi|94/100|[from] Stealth Rock
|turn|3
|
|t:|1748619907
|move|p2a: Jirachi|Fire Punch|p1a: Metagross
|-supereffective|p1a: Metagross
|-damage|p1a: Metagross|56/100
|move|p1a: Metagross|Hidden Power|p2a: Jirachi
|-supereffective|p2a: Jirachi
|-damage|p2a: Jirachi|52/100
|
|-weather|Hail|[upkeep]
|-damage|p2a: Jirachi|46/100|[from] Hail
|-damage|p1a: Metagross|50/100|[from] Hail
|-heal|p2a: Jirachi|52/100|[from] item: Leftovers
|upkeep
|turn|4
|
|t:|1748619918
|move|p2a: Jirachi|Fire Punch|p1a: Metagross
|-supereffective|p1a: Metagross
|-damage|p1a: Metagross|15/100
|move|p1a: Metagross|Hidden Power|p2a: Jirachi
|-supereffective|p2a: Jirachi
|-damage|p2a: Jirachi|11/100
|
|-weather|Hail|[upkeep]
|-damage|p2a: Jirachi|5/100|[from] Hail
|-damage|p1a: Metagross|9/100|[from] Hail
|-heal|p2a: Jirachi|11/100|[from] item: Leftovers
|upkeep
|turn|5
|
|t:|1748619932
|switch|p1a: Starmie|Starmie, shiny|100/100
|-damage|p1a: Starmie|88/100|[from] Stealth Rock
|move|p2a: Jirachi|Iron Head|p1a: Starmie
|-resisted|p1a: Starmie
|-damage|p1a: Starmie|62/100
|
|-weather|Hail|[upkeep]
|-damage|p1a: Starmie|55/100|[from] Hail
|-damage|p2a: Jirachi|5/100|[from] Hail
|-heal|p2a: Jirachi|11/100|[from] item: Leftovers
|upkeep
|turn|6
|
|t:|1748619944
|switch|p2a: Abomasnow|Abomasnow, F, shiny|100/100
|-damage|p2a: Abomasnow|76/100|[from] Stealth Rock
|move|p1a: Starmie|Surf|p2a: Abomasnow
|-resisted|p2a: Abomasnow
|-damage|p2a: Abomasnow|32/100
|-damage|p1a: Starmie|46/100|[from] item: Life Orb
|
|-weather|Hail|[upkeep]
|-damage|p1a: Starmie|39/100|[from] Hail
|upkeep
|turn|7
|j| baixiaohen
|
|t:|1748619958
|move|p1a: Starmie|Rapid Spin|p2a: Abomasnow
|-damage|p2a: Abomasnow|27/100
|-sideend|p1: Salutethewolf|Stealth Rock|[from] move: Rapid Spin|[of] p1a: Starmie
|-damage|p1a: Starmie|30/100|[from] item: Life Orb
|move|p2a: Abomasnow|Wood Hammer|p1a: Starmie
|-supereffective|p1a: Starmie
|-damage|p1a: Starmie|0 fnt
|faint|p1a: Starmie
|-damage|p2a: Abomasnow|19/100|[from] Recoil
|
|-weather|Hail|[upkeep]
|upkeep
|
|t:|1748619974
|switch|p1a: Scizor|Scizor, M, shiny|100/100
|turn|8
|
|t:|1748619979
|switch|p2a: Jirachi|Jirachi|11/100
|-damage|p2a: Jirachi|5/100|[from] Stealth Rock
|move|p1a: Scizor|Bullet Punch|p2a: Jirachi
|-resisted|p2a: Jirachi
|-damage|p2a: Jirachi|0 fnt
|faint|p2a: Jirachi
|
|-weather|Hail|[upkeep]
|-damage|p1a: Scizor|94/100|[from] Hail
|upkeep
|
|t:|1748619988
|switch|p2a: Gliscor|Gliscor, F, shiny|100/100
|-damage|p2a: Gliscor|88/100|[from] Stealth Rock
|turn|9
|
|t:|1748619993
|switch|p1a: Latios|Latios, M, shiny|100/100
|move|p2a: Gliscor|Earthquake|p1a: Latios
|-immune|p1a: Latios|[from] ability: Levitate
|
|-weather|Hail|[upkeep]
|-damage|p1a: Latios|95/100|[from] Hail
|-damage|p2a: Gliscor|82/100|[from] Hail
|-status|p2a: Gliscor|tox|[from] item: Toxic Orb
|upkeep
|turn|10
|
|t:|1748620004
|move|p2a: Gliscor|Protect|p2a: Gliscor
|-singleturn|p2a: Gliscor|Protect
|move|p1a: Latios|Draco Meteor|p2a: Gliscor
|-activate|p2a: Gliscor|move: Protect
|
|-weather|Hail|[upkeep]
|-damage|p1a: Latios|89/100|[from] Hail
|-damage|p2a: Gliscor|75/100 tox|[from] Hail
|-heal|p2a: Gliscor|88/100 tox|[from] ability: Poison Heal
|upkeep
|turn|11
|
|t:|1748620015
|switch|p2a: Kyurem|Kyurem-Black|100/100
|-damage|p2a: Kyurem|76/100|[from] Stealth Rock
|-ability|p2a: Kyurem|Teravolt
|move|p1a: Latios|Draco Meteor|p2a: Kyurem
|-supereffective|p2a: Kyurem
|-damage|p2a: Kyurem|0 fnt
|-unboost|p1a: Latios|spa|2
|faint|p2a: Kyurem
|
|-weather|Hail|[upkeep]
|-damage|p1a: Latios|83/100|[from] Hail
|upkeep
|
|t:|1748620018
|switch|p2a: Reuniclus|Reuniclus, M, shiny|100/100
|turn|12
|
|t:|1748620031
|switch|p1a: Metagross|Metagross, shiny|9/100
|move|p2a: Reuniclus|Trick Room|p2a: Reuniclus
|-fieldstart|move: Trick Room|[of] p2a: Reuniclus
|
|-weather|Hail|[upkeep]
|-damage|p1a: Metagross|3/100|[from] Hail
|upkeep
|turn|13
|-enditem|p1a: Metagross|Custap Berry|[eat]
|-activate|p1a: Metagross|item: Custap Berry|[consumed]
|
|t:|1748620039
|move|p1a: Metagross|Explosion|p2a: Reuniclus
|-damage|p2a: Reuniclus|20/100
|faint|p1a: Metagross
|move|p2a: Reuniclus|Psyshock|p1: Metagross|[notarget]
|-fail|p2a: Reuniclus
|
|-weather|Hail|[upkeep]
|upkeep
|
|t:|1748620052
|switch|p1a: Dragonite|Dragonite, M, shiny|100/100
|turn|14
|
|t:|1748620060
|move|p2a: Reuniclus|Psyshock|p1a: Dragonite
|-damage|p1a: Dragonite|70/100
|move|p1a: Dragonite|Dragon Dance|p1a: Dragonite
|-boost|p1a: Dragonite|atk|1
|-boost|p1a: Dragonite|spe|1
|
|-weather|Hail|[upkeep]
|-damage|p1a: Dragonite|64/100|[from] Hail
|upkeep
|turn|15
|
|t:|1748620072
|move|p1a: Dragonite|Extreme Speed|p2a: Reuniclus
|-damage|p2a: Reuniclus|0 fnt
|faint|p2a: Reuniclus
|-damage|p1a: Dragonite|54/100|[from] item: Life Orb
|
|-weather|Hail|[upkeep]
|-damage|p1a: Dragonite|48/100|[from] Hail
|upkeep
|
|t:|1748620075
|switch|p2a: Gliscor|Gliscor, F, shiny|88/100 tox
|-damage|p2a: Gliscor|75/100 tox|[from] Stealth Rock
|turn|16
|
|t:|1748620084
|move|p1a: Dragonite|Extreme Speed|p2a: Gliscor
|-crit|p2a: Gliscor
|-damage|p2a: Gliscor|0 fnt
|faint|p2a: Gliscor
|-damage|p1a: Dragonite|38/100|[from] item: Life Orb
|
|-weather|Hail|[upkeep]
|-damage|p1a: Dragonite|32/100|[from] Hail
|-fieldend|move: Trick Room
|upkeep
|-message|nnnbit7 forfeited.
|
|win|Salutethewolf
|raw|Salutethewolf's rating: 1342 &rarr; <strong>1369</strong><br />(+27 for winning)
|raw|nnnbit7's rating: 1477 &rarr; <strong>1450</strong><br />(-27 for losing)
|l|☆nnnbit7
|player|p2|
