|j|☆ILoveGarchom
|j|☆HydreigonSpammer
|t:|1735765345
|gametype|singles
|player|p1|ILoveGarchom|clair|1344
|player|p2|HydreigonSpammer|acetrainer|1414
|teamsize|p1|6
|teamsize|p2|6
|gen|5
|tier|[Gen 5] OU
|rated|
|rule|Species Clause: Limit one of each Pokémon
|rule|OHKO Clause: OHKO moves are banned
|rule|Moody Clause: Moody is banned
|rule|Evasion Items Clause: Evasion items are banned
|rule|Evasion Moves Clause: Evasion moves are banned
|rule|Endless Battle Clause: Forcing endless battles is banned
|rule|HP Percentage Mod: HP is shown in percentages
|rule|Evasion Abilities Clause: Evasion abilities are banned
|rule|Sleep Moves Clause: Sleep-inducing moves are banned
|rule|Swagger Clause: Swagger is banned
|rule|Baton Pass Stat Clause: No Baton Passer may have a way to boost its stats
|clearpoke
|poke|p1|Garchomp, M|item
|poke|p1|Magnezone|item
|poke|p1|Kyurem-Black|item
|poke|p1|Starmie|item
|poke|p1|Dragonite, M|item
|poke|p1|Latios, M|item
|poke|p2|Tyranitar, M|item
|poke|p2|Garchomp, M|item
|poke|p2|Skarmory, M|item
|poke|p2|Jellicent, F|item
|poke|p2|Latios, M|item
|poke|p2|Alakazam, M|item
|teampreview
|inactive|Battle timer is ON: inactive players will automatically lose when time's up. (requested by ILoveGarchom)
|
|t:|1735765368
|start
|switch|p1a: Kyurem|Kyurem-Black|100/100
|switch|p2a: Alakazam|Alakazam, M|100/100
|-ability|p1a: Kyurem|Teravolt
|turn|1
|
|t:|1735765396
|move|p2a: Alakazam|Focus Blast|p1a: Kyurem
|-supereffective|p1a: Kyurem
|-damage|p1a: Kyurem|15/100
|move|p1a: Kyurem|Dragon Claw|p2a: Alakazam
|-enditem|p2a: Alakazam|Focus Sash
|-damage|p2a: Alakazam|1/100
|
|upkeep
|turn|2
|
|t:|1735765408
|switch|p1a: Latios|Latios, M|100/100
|move|p2a: Alakazam|Psyshock|p1a: Latios
|-resisted|p1a: Latios
|-damage|p1a: Latios|70/100
|
|upkeep
|turn|3
|
|t:|1735765415
|switch|p2a: Tyranitar|Tyranitar, M|100/100
|-weather|Sandstorm|[from] ability: Sand Stream|[of] p2a: Tyranitar
|move|p1a: Latios|Surf|p2a: Tyranitar
|-supereffective|p2a: Tyranitar
|-damage|p2a: Tyranitar|66/100
|
|-weather|Sandstorm|[upkeep]
|-damage|p1a: Latios|64/100|[from] Sandstorm
|upkeep
|turn|4
|
|t:|1735765420
|move|p1a: Latios|Surf|p2a: Tyranitar
|-supereffective|p2a: Tyranitar
|-damage|p2a: Tyranitar|35/100
|move|p2a: Tyranitar|Pursuit|p1a: Latios
|-supereffective|p1a: Latios
|-damage|p1a: Latios|4/100
|
|-weather|Sandstorm|[upkeep]
|-damage|p1a: Latios|0 fnt|[from] Sandstorm
|faint|p1a: Latios
|upkeep
|
|t:|1735765428
|switch|p1a: Kyurem|Kyurem-Black|15/100
|-ability|p1a: Kyurem|Teravolt
|turn|5
|
|t:|1735765437
|move|p1a: Kyurem|Fusion Bolt|p2a: Tyranitar
|-damage|p2a: Tyranitar|0 fnt
|faint|p2a: Tyranitar
|
|-weather|Sandstorm|[upkeep]
|-damage|p1a: Kyurem|9/100|[from] Sandstorm
|upkeep
|
|t:|1735765467
|switch|p2a: Alakazam|Alakazam, M|1/100
|turn|6
|
|t:|1735765481
|move|p2a: Alakazam|Psyshock|p1a: Kyurem
|-damage|p1a: Kyurem|0 fnt
|faint|p1a: Kyurem
|
|-weather|Sandstorm|[upkeep]
|upkeep
|
|t:|1735765484
|switch|p1a: Dragonite|Dragonite, M|100/100
|turn|7
|
|t:|1735765490
|move|p2a: Alakazam|Hidden Power|p1a: Dragonite
|-supereffective|p1a: Dragonite
|-damage|p1a: Dragonite|50/100
|move|p1a: Dragonite|Dragon Dance|p1a: Dragonite
|-boost|p1a: Dragonite|atk|1
|-boost|p1a: Dragonite|spe|1
|
|-weather|Sandstorm|[upkeep]
|-damage|p1a: Dragonite|44/100|[from] Sandstorm
|-heal|p1a: Dragonite|50/100|[from] item: Leftovers
|upkeep
|turn|8
|
|t:|1735765506
|switch|p2a: Skarmory|Skarmory, M|100/100
|move|p1a: Dragonite|Extreme Speed|p2a: Skarmory
|-resisted|p2a: Skarmory
|-damage|p2a: Skarmory|84/100
|-damage|p1a: Dragonite|33/100|[from] item: Rocky Helmet|[of] p2a: Skarmory
|
|-weather|Sandstorm|[upkeep]
|-damage|p1a: Dragonite|27/100|[from] Sandstorm
|-heal|p1a: Dragonite|33/100|[from] item: Leftovers
|upkeep
|turn|9
|
|t:|1735765515
|switch|p1a: Magnezone|Magnezone|100/100
|-item|p1a: Magnezone|Air Balloon
|move|p2a: Skarmory|Whirlwind|p1a: Magnezone
|drag|p1a: Dragonite|Dragonite, M|33/100
|
|-weather|Sandstorm|[upkeep]
|-damage|p1a: Dragonite|27/100|[from] Sandstorm
|-heal|p1a: Dragonite|33/100|[from] item: Leftovers
|upkeep
|turn|10
|
|t:|1735765531
|switch|p1a: Magnezone|Magnezone|100/100
|-item|p1a: Magnezone|Air Balloon
|switch|p2a: Alakazam|Alakazam, M|1/100
|
|-weather|Sandstorm|[upkeep]
|upkeep
|turn|11
|
|t:|1735765545
|move|p2a: Alakazam|Focus Blast|p1a: Magnezone
|-supereffective|p1a: Magnezone
|-damage|p1a: Magnezone|0 fnt
|-enditem|p1a: Magnezone|Air Balloon
|faint|p1a: Magnezone
|
|-weather|Sandstorm|[upkeep]
|upkeep
|-message|ILoveGarchom forfeited.
|
|win|HydreigonSpammer
|raw|ILoveGarchom's rating: 1344 &rarr; <strong>1328</strong><br />(-16 for losing)
|raw|HydreigonSpammer's rating: 1414 &rarr; <strong>1430</strong><br />(+16 for winning)
|l|☆ILoveGarchom
|player|p1|
