|j|☆xpeps_10
|j|☆Steveman
|t:|1732799602
|gametype|singles
|player|p1|xpeps_10|gentleman-gen4|1393
|player|p2|Steveman|101|1424
|teamsize|p1|6
|teamsize|p2|6
|gen|5
|tier|[Gen 5] OU
|rated|
|rule|Species Clause: Limit one of each Pokémon
|rule|OHKO Clause: OHKO moves are banned
|rule|Moody Clause: Moody is banned
|rule|Evasion Items Clause: Evasion items are banned
|rule|Evasion Moves Clause: Evasion moves are banned
|rule|Endless Battle Clause: Forcing endless battles is banned
|rule|HP Percentage Mod: HP is shown in percentages
|rule|Evasion Abilities Clause: Evasion abilities are banned
|rule|Sleep Moves Clause: Sleep-inducing moves are banned
|rule|Swagger Clause: Swagger is banned
|rule|Baton Pass Stat Clause: No Baton Passer may have a way to boost its stats
|clearpoke
|poke|p1|Thundurus-Therian, M|item
|poke|p1|Terrakion|item
|poke|p1|Keldeo-Resolute|item
|poke|p1|Politoed, M|item
|poke|p1|Scizor, M|item
|poke|p1|Latios, M|item
|poke|p2|Sableye, F|item
|poke|p2|Latios, M|item
|poke|p2|Scizor, F|item
|poke|p2|Starmie|item
|poke|p2|Gastrodon, F|item
|poke|p2|Skarmory, M|item
|teampreview
|inactive|Battle timer is ON: inactive players will automatically lose when time's up. (requested by xpeps_10)
|
|t:|1732799616
|start
|switch|p1a: Terrakion|Terrakion|100/100
|switch|p2a: Starmie|Starmie|100/100
|-item|p2a: Starmie|Air Balloon
|turn|1
|
|t:|1732799626
|move|p2a: Starmie|Hydro Pump|p1a: Terrakion
|-supereffective|p1a: Terrakion
|-crit|p1a: Terrakion
|-enditem|p1a: Terrakion|Focus Sash
|-damage|p1a: Terrakion|1/100
|move|p1a: Terrakion|Stone Edge|p2a: Starmie
|-damage|p2a: Starmie|17/100
|-enditem|p2a: Starmie|Air Balloon
|
|upkeep
|turn|2
|
|t:|1732799634
|switch|p1a: Politoed|Politoed, M, shiny|100/100
|-weather|RainDance|[from] ability: Drizzle|[of] p1a: Politoed
|move|p2a: Starmie|Thunderbolt|p1a: Politoed
|-supereffective|p1a: Politoed
|-damage|p1a: Politoed|37/100
|-status|p1a: Politoed|par
|-enditem|p1a: Politoed|Eject Button
|
|t:|1732799644
|switch|p1a: Scizor|Scizor, M|100/100
|
|-weather|RainDance|[upkeep]
|upkeep
|turn|3
|
|t:|1732799649
|switch|p2a: Skarmory|Skarmory, M|100/100
|move|p1a: Scizor|Quick Attack|p2a: Skarmory
|-resisted|p2a: Skarmory
|-damage|p2a: Skarmory|90/100
|
|-weather|RainDance|[upkeep]
|-heal|p2a: Skarmory|96/100|[from] item: Leftovers
|upkeep
|turn|4
|
|t:|1732799654
|move|p1a: Scizor|Quick Attack|p2a: Skarmory
|-resisted|p2a: Skarmory
|-damage|p2a: Skarmory|87/100
|move|p2a: Skarmory|Brave Bird|p1a: Scizor
|-damage|p1a: Scizor|69/100
|-damage|p2a: Skarmory|76/100|[from] Recoil
|
|-weather|RainDance|[upkeep]
|-heal|p2a: Skarmory|82/100|[from] item: Leftovers
|upkeep
|turn|5
|
|t:|1732799663
|switch|p1a: Politoed|Politoed, M, shiny|37/100 par
|move|p2a: Skarmory|Brave Bird|p1a: Politoed
|-damage|p1a: Politoed|11/100 par
|-damage|p2a: Skarmory|72/100|[from] Recoil
|
|-weather|RainDance|[upkeep]
|-heal|p2a: Skarmory|78/100|[from] item: Leftovers
|upkeep
|turn|6
|
|t:|1732799666
|move|p2a: Skarmory|Brave Bird|p1a: Politoed
|-damage|p1a: Politoed|0 fnt
|faint|p1a: Politoed
|-damage|p2a: Skarmory|74/100|[from] Recoil
|
|-weather|RainDance|[upkeep]
|-heal|p2a: Skarmory|80/100|[from] item: Leftovers
|upkeep
|
|t:|1732799673
|switch|p1a: Thundurus|Thundurus-Therian, M|100/100
|turn|7
|
|t:|1732799691
|move|p1a: Thundurus|Agility|p1a: Thundurus
|-boost|p1a: Thundurus|spe|2
|move|p2a: Skarmory|Stealth Rock|p1a: Thundurus
|-sidestart|p1: xpeps_10|move: Stealth Rock
|
|-weather|RainDance|[upkeep]
|-heal|p2a: Skarmory|86/100|[from] item: Leftovers
|upkeep
|turn|8
|
|t:|1732799699
|switch|p2a: Starmie|Starmie|17/100
|move|p1a: Thundurus|Thunder|p2a: Starmie
|-supereffective|p2a: Starmie
|-damage|p2a: Starmie|0 fnt
|faint|p2a: Starmie
|
|-weather|RainDance|[upkeep]
|upkeep
|
|t:|1732799701
|switch|p2a: Latios|Latios, M|100/100
|turn|9
|
|t:|1732799705
|move|p1a: Thundurus|Hidden Power|p2a: Latios
|-supereffective|p2a: Latios
|-damage|p2a: Latios|36/100
|move|p2a: Latios|Draco Meteor|p1a: Thundurus
|-damage|p1a: Thundurus|0 fnt
|-unboost|p2a: Latios|spa|2
|faint|p1a: Thundurus
|
|-weather|RainDance|[upkeep]
|upkeep
|
|t:|1732799716
|switch|p1a: Keldeo|Keldeo-Resolute|100/100
|-damage|p1a: Keldeo|94/100|[from] Stealth Rock
|turn|10
|
|t:|1732799724
|switch|p2a: Sableye|Sableye, F|100/100
|move|p1a: Keldeo|Calm Mind|p1a: Keldeo
|-boost|p1a: Keldeo|spa|1
|-boost|p1a: Keldeo|spd|1
|
|-weather|RainDance|[upkeep]
|-heal|p1a: Keldeo|100/100|[from] item: Leftovers
|upkeep
|turn|11
|
|t:|1732799728
|move|p2a: Sableye|Will-O-Wisp|p1a: Keldeo|[miss]
|-miss|p2a: Sableye|p1a: Keldeo
|move|p1a: Keldeo|Surf|p2a: Sableye
|-damage|p2a: Sableye|0 fnt
|faint|p2a: Sableye
|
|-weather|RainDance|[upkeep]
|upkeep
|
|t:|1732799732
|switch|p2a: Latios|Latios, M|36/100
|turn|12
|
|t:|1732799735
|move|p1a: Keldeo|Surf|p2a: Latios
|-resisted|p2a: Latios
|-damage|p2a: Latios|0 fnt
|faint|p2a: Latios
|
|-weather|RainDance|[upkeep]
|upkeep
|
|t:|1732799738
|switch|p2a: Gastrodon|Gastrodon, F|100/100
|turn|13
|
|t:|1732799741
|move|p1a: Keldeo|Hidden Power|p2a: Gastrodon
|-supereffective|p2a: Gastrodon
|-damage|p2a: Gastrodon|5/100
|move|p2a: Gastrodon|Toxic|p1a: Keldeo
|-status|p1a: Keldeo|tox
|
|-weather|RainDance|[upkeep]
|-damage|p1a: Keldeo|94/100 tox|[from] psn
|upkeep
|turn|14
|
|t:|1732799754
|switch|p2a: Skarmory|Skarmory, M|86/100
|move|p1a: Keldeo|Secret Sword|p2a: Skarmory
|-damage|p2a: Skarmory|50/100
|
|-weather|RainDance|[upkeep]
|-heal|p1a: Keldeo|100/100 tox|[from] item: Leftovers
|-heal|p2a: Skarmory|56/100|[from] item: Leftovers
|-damage|p1a: Keldeo|88/100 tox|[from] psn
|upkeep
|turn|15
|
|t:|1732799758
|switch|p2a: Gastrodon|Gastrodon, F|5/100
|move|p1a: Keldeo|Secret Sword|p2a: Gastrodon
|-damage|p2a: Gastrodon|0 fnt
|faint|p2a: Gastrodon
|
|-weather|RainDance|[upkeep]
|-heal|p1a: Keldeo|94/100 tox|[from] item: Leftovers
|-damage|p1a: Keldeo|76/100 tox|[from] psn
|upkeep
|
|t:|1732799764
|switch|p2a: Skarmory|Skarmory, M|56/100
|turn|16
|
|t:|1732799766
|move|p1a: Keldeo|Surf|p2a: Skarmory
|-damage|p2a: Skarmory|0 fnt
|faint|p2a: Skarmory
|
|-weather|RainDance|[upkeep]
|-heal|p1a: Keldeo|82/100 tox|[from] item: Leftovers
|-damage|p1a: Keldeo|57/100 tox|[from] psn
|upkeep
|
|t:|1732799768
|switch|p2a: Scizor|Scizor, F|100/100
|turn|17
|c|☆xpeps_10|Ggwp
|
|t:|1732799772
|move|p2a: Scizor|Bullet Punch|p1a: Keldeo
|-resisted|p1a: Keldeo
|-damage|p1a: Keldeo|27/100 tox
|move|p1a: Keldeo|Surf|p2a: Scizor
|-damage|p2a: Scizor|0 fnt
|faint|p2a: Scizor
|
|win|xpeps_10
|raw|xpeps_10's rating: 1393 &rarr; <strong>1415</strong><br />(+22 for winning)
|raw|Steveman's rating: 1424 &rarr; <strong>1402</strong><br />(-22 for losing)
