|j|☆nov.rain
|j|☆Charliereall
|t:|1739132655
|gametype|singles
|player|p1|nov.rain|101|1400
|player|p2|Charliereall|teamrocket|1311
|teamsize|p1|6
|teamsize|p2|6
|gen|5
|tier|[Gen 5] OU
|rated|
|rule|Species Clause: Limit one of each Pokémon
|rule|OHKO Clause: OHKO moves are banned
|rule|Moody Clause: Moody is banned
|rule|Evasion Items Clause: Evasion items are banned
|rule|Evasion Moves Clause: Evasion moves are banned
|rule|Endless Battle Clause: Forcing endless battles is banned
|rule|HP Percentage Mod: HP is shown in percentages
|rule|Evasion Abilities Clause: Evasion abilities are banned
|rule|Sleep Moves Clause: Sleep-inducing moves are banned
|rule|Swagger Clause: Swagger is banned
|rule|Baton Pass Stat Clause: No Baton Passer may have a way to boost its stats
|clearpoke
|poke|p1|Tyranitar, F|item
|poke|p1|Landorus-Therian, M|item
|poke|p1|Keldeo-Resolute|item
|poke|p1|Ferrothorn, M|item
|poke|p1|Mienshao, F|item
|poke|p1|Rotom-Wash|item
|poke|p2|Abomasnow, F|item
|poke|p2|Gliscor, M|item
|poke|p2|Excadrill, M|item
|poke|p2|Blissey, F|item
|poke|p2|Latios, M|item
|poke|p2|Reuniclus, M|item
|teampreview
|inactive|Battle timer is ON: inactive players will automatically lose when time's up. (requested by Charliereall)
|inactive|Charliereall has 120 seconds left.
|
|t:|1739132707
|start
|switch|p1a: Balls|Ferrothorn, M, shiny|100/100
|switch|p2a: Excadrill|Excadrill, M|100/100
|-ability|p2a: Excadrill|Mold Breaker
|turn|1
|
|t:|1739132718
|move|p2a: Excadrill|Stealth Rock|p1a: Balls
|-sidestart|p1: nov.rain|move: Stealth Rock
|move|p1a: Balls|Stealth Rock|p2a: Excadrill
|-sidestart|p2: Charliereall|move: Stealth Rock
|
|upkeep
|turn|2
|
|t:|1739132725
|move|p2a: Excadrill|Earthquake|p1a: Balls
|-crit|p1a: Balls
|-damage|p1a: Balls|52/100
|move|p1a: Balls|Power Whip|p2a: Excadrill|[miss]
|-miss|p1a: Balls|p2a: Excadrill
|
|upkeep
|turn|3
|
|t:|1739132734
|switch|p1a: Ol' Puss|Landorus-Therian, M|100/100
|-damage|p1a: Ol' Puss|88/100|[from] Stealth Rock
|-ability|p1a: Ol' Puss|Intimidate|boost
|-unboost|p2a: Excadrill|atk|1
|move|p2a: Excadrill|Rapid Spin|p1a: Ol' Puss
|-damage|p1a: Ol' Puss|83/100
|-sideend|p2: Charliereall|Stealth Rock|[from] move: Rapid Spin|[of] p2a: Excadrill
|
|upkeep
|turn|4
|
|t:|1739132741
|switch|p2a: Gliscor|Gliscor, M|100/100
|move|p1a: Ol' Puss|U-turn|p2a: Gliscor
|-resisted|p2a: Gliscor
|-damage|p2a: Gliscor|91/100
|
|t:|1739132747
|switch|p1a: Water-Gun|Keldeo-Resolute|100/100|[from] U-turn
|-damage|p1a: Water-Gun|94/100|[from] Stealth Rock
|
|-heal|p1a: Water-Gun|100/100|[from] item: Leftovers
|-status|p2a: Gliscor|tox|[from] item: Toxic Orb
|upkeep
|turn|5
|
|t:|1739132764
|switch|p2a: Latios|Latios, M|100/100
|move|p1a: Water-Gun|Substitute|p1a: Water-Gun
|-start|p1a: Water-Gun|Substitute
|-damage|p1a: Water-Gun|75/100
|
|-heal|p1a: Water-Gun|82/100|[from] item: Leftovers
|upkeep
|turn|6
|
|t:|1739132780
|move|p2a: Latios|Draco Meteor|p1a: Water-Gun
|-crit|p1a: Water-Gun
|-end|p1a: Water-Gun|Substitute
|-unboost|p2a: Latios|spa|2
|move|p1a: Water-Gun|Scald|p2a: Latios
|-resisted|p2a: Latios
|-crit|p2a: Latios
|-damage|p2a: Latios|58/100
|
|-heal|p1a: Water-Gun|88/100|[from] item: Leftovers
|upkeep
|turn|7
|
|t:|1739132792
|move|p2a: Latios|Thunder Wave|p1a: Water-Gun
|-status|p1a: Water-Gun|par
|move|p1a: Water-Gun|Scald|p2a: Latios
|-resisted|p2a: Latios
|-damage|p2a: Latios|36/100
|
|-heal|p1a: Water-Gun|94/100 par|[from] item: Leftovers
|upkeep
|turn|8
|
|t:|1739132802
|move|p2a: Latios|Roost|p2a: Latios
|-heal|p2a: Latios|86/100
|-singleturn|p2a: Latios|move: Roost
|cant|p1a: Water-Gun|par
|
|-heal|p1a: Water-Gun|99/100 par|[from] item: Leftovers
|upkeep
|turn|9
|
|t:|1739132812
|switch|p2a: Abomasnow|Abomasnow, F|100/100
|-weather|Hail|[from] ability: Snow Warning|[of] p2a: Abomasnow
|move|p1a: Water-Gun|Substitute|p1a: Water-Gun
|-start|p1a: Water-Gun|Substitute
|-damage|p1a: Water-Gun|75/100 par
|
|-weather|Hail|[upkeep]
|-damage|p1a: Water-Gun|69/100 par|[from] Hail
|-heal|p1a: Water-Gun|75/100 par|[from] item: Leftovers
|upkeep
|turn|10
|
|t:|1739132819
|move|p2a: Abomasnow|Giga Drain|p1a: Water-Gun
|-supereffective|p1a: Water-Gun
|-end|p1a: Water-Gun|Substitute
|move|p1a: Water-Gun|Secret Sword|p2a: Abomasnow
|-supereffective|p2a: Abomasnow
|-damage|p2a: Abomasnow|14/100
|
|-weather|Hail|[upkeep]
|-damage|p1a: Water-Gun|69/100 par|[from] Hail
|-heal|p2a: Abomasnow|20/100|[from] item: Leftovers
|-heal|p1a: Water-Gun|75/100 par|[from] item: Leftovers
|upkeep
|turn|11
|
|t:|1739132828
|switch|p1a: Balls|Ferrothorn, M, shiny|52/100
|-damage|p1a: Balls|46/100|[from] Stealth Rock
|move|p2a: Abomasnow|Giga Drain|p1a: Balls
|-resisted|p1a: Balls
|-damage|p1a: Balls|40/100
|-heal|p2a: Abomasnow|23/100|[from] drain|[of] p1a: Balls
|
|-weather|Hail|[upkeep]
|-damage|p1a: Balls|34/100|[from] Hail
|-heal|p2a: Abomasnow|29/100|[from] item: Leftovers
|upkeep
|turn|12
|
|t:|1739132848
|move|p2a: Abomasnow|Blizzard|p1a: Balls
|-damage|p1a: Balls|0 fnt
|faint|p1a: Balls
|
|-weather|Hail|[upkeep]
|-heal|p2a: Abomasnow|35/100|[from] item: Leftovers
|upkeep
|
|t:|1739132852
|switch|p1a: Original Sin|Mienshao, F, shiny|100/100
|-damage|p1a: Original Sin|94/100|[from] Stealth Rock
|turn|13
|
|t:|1739132858
|move|p2a: Abomasnow|Protect|p2a: Abomasnow
|-singleturn|p2a: Abomasnow|Protect
|move|p1a: Original Sin|Drain Punch|p2a: Abomasnow
|-activate|p2a: Abomasnow|move: Protect
|
|-weather|Hail|[upkeep]
|-damage|p1a: Original Sin|88/100|[from] Hail
|-heal|p2a: Abomasnow|41/100|[from] item: Leftovers
|upkeep
|turn|14
|
|t:|1739132875
|switch|p2a: Gliscor|Gliscor, M|91/100 tox
|move|p1a: Original Sin|Drain Punch|p2a: Gliscor
|-resisted|p2a: Gliscor
|-damage|p2a: Gliscor|76/100 tox
|-heal|p1a: Original Sin|96/100|[from] drain|[of] p2a: Gliscor
|
|-weather|Hail|[upkeep]
|-damage|p1a: Original Sin|90/100|[from] Hail
|-damage|p2a: Gliscor|70/100 tox|[from] Hail
|-heal|p2a: Gliscor|82/100 tox|[from] ability: Poison Heal
|upkeep
|turn|15
|
|t:|1739132887
|switch|p1a: Tina|Tyranitar, F, shiny|100/100
|-damage|p1a: Tina|88/100|[from] Stealth Rock
|-weather|Sandstorm|[from] ability: Sand Stream|[of] p1a: Tina
|move|p2a: Gliscor|Protect||[still]
|-fail|p2a: Gliscor
|
|-weather|Sandstorm|[upkeep]
|-heal|p2a: Gliscor|95/100 tox|[from] ability: Poison Heal
|upkeep
|turn|16
|
|t:|1739132894
|switch|p1a: Ol' Puss|Landorus-Therian, M|83/100
|-damage|p1a: Ol' Puss|71/100|[from] Stealth Rock
|-ability|p1a: Ol' Puss|Intimidate|boost
|-unboost|p2a: Gliscor|atk|1
|move|p2a: Gliscor|Protect||[still]
|-fail|p2a: Gliscor
|
|-weather|Sandstorm|[upkeep]
|-heal|p2a: Gliscor|100/100 tox|[from] ability: Poison Heal
|upkeep
|turn|17
|
|t:|1739132914
|move|p2a: Gliscor|Protect|p2a: Gliscor
|-singleturn|p2a: Gliscor|Protect
|move|p1a: Ol' Puss|U-turn|p2a: Gliscor
|-activate|p2a: Gliscor|move: Protect
|
|-weather|Sandstorm|[upkeep]
|upkeep
|turn|18
|
|t:|1739132920
|switch|p2a: Blissey|Blissey, F|100/100
|move|p1a: Ol' Puss|U-turn|p2a: Blissey
|-damage|p2a: Blissey|79/100
|
|t:|1739132927
|switch|p1a: Water-Gun|Keldeo-Resolute|75/100 par|[from] U-turn
|-damage|p1a: Water-Gun|69/100 par|[from] Stealth Rock
|
|-weather|Sandstorm|[upkeep]
|-damage|p2a: Blissey|73/100|[from] Sandstorm
|-damage|p1a: Water-Gun|63/100 par|[from] Sandstorm
|-heal|p2a: Blissey|79/100|[from] item: Leftovers
|-heal|p1a: Water-Gun|69/100 par|[from] item: Leftovers
|upkeep
|turn|19
|
|t:|1739132939
|switch|p2a: Latios|Latios, M|86/100
|move|p1a: Water-Gun|Substitute|p1a: Water-Gun
|-start|p1a: Water-Gun|Substitute
|-damage|p1a: Water-Gun|44/100 par
|
|-weather|Sandstorm|[upkeep]
|-damage|p2a: Latios|80/100|[from] Sandstorm
|-damage|p1a: Water-Gun|38/100 par|[from] Sandstorm
|-heal|p1a: Water-Gun|44/100 par|[from] item: Leftovers
|upkeep
|turn|20
|
|t:|1739132946
|move|p2a: Latios|Draco Meteor|p1a: Water-Gun
|-end|p1a: Water-Gun|Substitute
|-unboost|p2a: Latios|spa|2
|move|p1a: Water-Gun|Scald|p2a: Latios
|-resisted|p2a: Latios
|-damage|p2a: Latios|59/100
|
|-weather|Sandstorm|[upkeep]
|-damage|p2a: Latios|53/100|[from] Sandstorm
|-damage|p1a: Water-Gun|38/100 par|[from] Sandstorm
|-heal|p1a: Water-Gun|44/100 par|[from] item: Leftovers
|upkeep
|turn|21
|j| kmkokmkm
|
|t:|1739132954
|move|p2a: Latios|Roost|p2a: Latios
|-heal|p2a: Latios|100/100
|-singleturn|p2a: Latios|move: Roost
|move|p1a: Water-Gun|Scald|p2a: Latios
|-resisted|p2a: Latios
|-damage|p2a: Latios|78/100
|
|-weather|Sandstorm|[upkeep]
|-damage|p2a: Latios|72/100|[from] Sandstorm
|-damage|p1a: Water-Gun|38/100 par|[from] Sandstorm
|-heal|p1a: Water-Gun|44/100 par|[from] item: Leftovers
|upkeep
|turn|22
|l| kmkokmkm
|
|t:|1739132961
|move|p2a: Latios|Draco Meteor|p1a: Water-Gun
|-damage|p1a: Water-Gun|5/100 par
|-unboost|p2a: Latios|spa|2
|move|p1a: Water-Gun|Scald|p2a: Latios
|-resisted|p2a: Latios
|-damage|p2a: Latios|51/100
|-status|p2a: Latios|brn
|
|-weather|Sandstorm|[upkeep]
|-damage|p2a: Latios|45/100 brn|[from] Sandstorm
|-damage|p1a: Water-Gun|0 fnt|[from] Sandstorm
|faint|p1a: Water-Gun
|-damage|p2a: Latios|33/100 brn|[from] brn
|upkeep
|
|t:|1739132965
|switch|p1a: Tina|Tyranitar, F, shiny|88/100
|-damage|p1a: Tina|75/100|[from] Stealth Rock
|turn|23
|
|t:|1739132974
|move|p2a: Latios|Thunder Wave|p1a: Tina
|-status|p1a: Tina|par
|move|p1a: Tina|Pursuit|p2a: Latios
|-supereffective|p2a: Latios
|-crit|p2a: Latios
|-enditem|p2a: Latios|Colbur Berry|[eat]
|-enditem|p2a: Latios|Colbur Berry|[weaken]
|-damage|p2a: Latios|0 fnt
|faint|p2a: Latios
|
|-weather|Sandstorm|[upkeep]
|upkeep
|
|t:|1739132984
|switch|p2a: Abomasnow|Abomasnow, F|41/100
|-weather|Hail|[from] ability: Snow Warning|[of] p2a: Abomasnow
|turn|24
|inactive|nov.rain has 120 seconds left.
|
|t:|1739133040
|switch|p1a: Ol' Puss|Landorus-Therian, M|71/100
|-damage|p1a: Ol' Puss|58/100|[from] Stealth Rock
|-ability|p1a: Ol' Puss|Intimidate|boost
|-unboost|p2a: Abomasnow|atk|1
|move|p2a: Abomasnow|Blizzard|p1a: Ol' Puss
|-supereffective|p1a: Ol' Puss
|-damage|p1a: Ol' Puss|0 fnt
|faint|p1a: Ol' Puss
|
|-weather|Hail|[upkeep]
|-heal|p2a: Abomasnow|47/100|[from] item: Leftovers
|upkeep
|-message|nov.rain forfeited.
|
|win|Charliereall
|raw|nov.rain's rating: 1400 &rarr; <strong>1375</strong><br />(-25 for losing)
|raw|Charliereall's rating: 1311 &rarr; <strong>1336</strong><br />(+25 for winning)
|l|☆nov.rain
|player|p1|
