|j|☆pkonob31
|j|☆plsbb420
|player|p1|pkonob31|erika|1385
|player|p2|plsbb420|169|1331
|teamsize|p1|6
|teamsize|p2|6
|gametype|singles
|gen|5
|tier|[Gen 5] OU
|rated|
|clearpoke
|poke|p1|Breloom, F|item
|poke|p1|Latios, M|item
|poke|p1|Heatran, M|item
|poke|p1|Jellicent, M|item
|poke|p1|Salamence, F|item
|poke|p1|Excadrill, F|item
|poke|p2|Celebi|item
|poke|p2|Tyranitar, M|item
|poke|p2|Slowbro, M|item
|poke|p2|Scizor, M|item
|poke|p2|Excadrill, M|item
|poke|p2|Landorus-Therian, M|item
|rule|Species Clause: Limit one of each Pokémon
|rule|OHKO Clause: OHKO moves are banned
|rule|Moody Clause: Moody is banned
|rule|Evasion Moves Clause: Evasion moves are banned
|rule|Endless Battle Clause: Forcing endless battles is banned
|rule|HP Percentage Mod: HP is shown in percentages
|rule|Evasion Abilities Clause: Evasion abilities are banned
|rule|Baton Pass Clause: Limit one Baton Passer, can't pass Spe and other stats simultaneously
|rule|Sleep Clause: Sleep-inducing moves are banned
|rule|Swagger Clause: Swagger is banned
|teampreview
|
|start
|switch|p1a: Breloom|Breloom, F|100/100
|switch|p2a: Landorus|Landorus-Therian, M, shiny|100/100
|-ability|p2a: Landorus|Intimidate|boost
|-unboost|p1a: Breloom|atk|1
|turn|1
|inactive|Battle timer is ON: inactive players will automatically lose when time's up. (requested by pkonob31)
|
|move|p2a: Landorus|U-turn|p1a: Breloom
|-damage|p1a: Breloom|61/100
|
|switch|p2a: Scizor|Scizor, M|100/100|[from]move: U-turn
|move|p1a: Breloom|Substitute|p1a: Breloom
|-start|p1a: Breloom|Substitute
|-damage|p1a: Breloom|37/100
|
|-status|p1a: Breloom|tox|[from] item: Toxic Orb
|upkeep
|turn|2
|
|-singleturn|p1a: Breloom|move: Focus Punch
|move|p2a: Scizor|Bug Bite|p1a: Breloom
|-crit|p1a: Breloom
|-end|p1a: Breloom|Substitute
|move|p1a: Breloom|Focus Punch|p2a: Scizor
|-damage|p2a: Scizor|47/100
|
|-heal|p1a: Breloom|49/100 tox|[from] ability: Poison Heal
|upkeep
|turn|3
|
|switch|p1a: Jellicent|Jellicent, M|100/100
|move|p2a: Scizor|Bug Bite|p1a: Jellicent
|-resisted|p1a: Jellicent
|-damage|p1a: Jellicent|53/100
|
|upkeep
|turn|4
|
|switch|p2a: Tyranitar|Tyranitar, M, shiny|100/100
|-weather|Sandstorm|[from] ability: Sand Stream|[of] p2a: Tyranitar
|move|p1a: Jellicent|Surf|p2a: Tyranitar
|-supereffective|p2a: Tyranitar
|-damage|p2a: Tyranitar|41/100
|
|-weather|Sandstorm|[upkeep]
|-damage|p1a: Jellicent|47/100|[from] Sandstorm
|upkeep
|turn|5
|
|switch|p2a: Celebi|Celebi|100/100
|move|p1a: Jellicent|Surf|p2a: Celebi
|-resisted|p2a: Celebi
|-damage|p2a: Celebi|70/100
|
|-weather|Sandstorm|[upkeep]
|-damage|p2a: Celebi|64/100|[from] Sandstorm
|-damage|p1a: Jellicent|40/100|[from] Sandstorm
|-heal|p2a: Celebi|70/100|[from] item: Leftovers
|upkeep
|turn|6
|
|switch|p2a: Landorus|Landorus-Therian, M, shiny|100/100
|-ability|p2a: Landorus|Intimidate|boost
|-unboost|p1a: Jellicent|atk|1
|switch|p1a: Heatran|Heatran, M|100/100
|
|-weather|Sandstorm|[upkeep]
|upkeep
|turn|7
|inactive|pkonob31 has 120 seconds left.
|
|switch|p1a: Salamence|Salamence, F|100/100
|move|p2a: Landorus|U-turn|p1a: Salamence
|-resisted|p1a: Salamence
|-damage|p1a: Salamence|79/100
|
|switch|p2a: Slowbro|Slowbro, M, shiny|100/100|[from]move: U-turn
|
|-weather|Sandstorm|[upkeep]
|-damage|p1a: Salamence|73/100|[from] Sandstorm
|-damage|p2a: Slowbro|94/100|[from] Sandstorm
|-heal|p2a: Slowbro|100/100|[from] item: Leftovers
|upkeep
|turn|8
|
|move|p1a: Salamence|Dragon Dance|p1a: Salamence
|-boost|p1a: Salamence|atk|1
|-boost|p1a: Salamence|spe|1
|move|p2a: Slowbro|Psychic|p1a: Salamence
|-damage|p1a: Salamence|32/100
|
|-weather|Sandstorm|[upkeep]
|-damage|p1a: Salamence|26/100|[from] Sandstorm
|-damage|p2a: Slowbro|94/100|[from] Sandstorm
|-heal|p2a: Slowbro|100/100|[from] item: Leftovers
|upkeep
|turn|9
|
|switch|p2a: Landorus|Landorus-Therian, M, shiny|100/100
|-ability|p2a: Landorus|Intimidate|boost
|-unboost|p1a: Salamence|atk|1
|move|p1a: Salamence|Outrage|p2a: Landorus
|-damage|p2a: Landorus|31/100
|
|-weather|Sandstorm|[upkeep]
|-damage|p1a: Salamence|20/100|[from] Sandstorm
|upkeep
|turn|10
|inactive|plsbb420 has 120 seconds left.
|
|switch|p2a: Scizor|Scizor, M|47/100
|move|p1a: Salamence|Outrage|p2a: Scizor|[from]lockedmove
|-resisted|p2a: Scizor
|-damage|p2a: Scizor|13/100
|-start|p1a: Salamence|confusion|[fatigue]
|-enditem|p1a: Salamence|Lum Berry|[eat]
|-end|p1a: Salamence|confusion
|
|-weather|Sandstorm|[upkeep]
|-damage|p1a: Salamence|14/100|[from] Sandstorm
|upkeep
|turn|11
|inactive|plsbb420 has 120 seconds left.
|
|switch|p2a: Landorus|Landorus-Therian, M, shiny|31/100
|-ability|p2a: Landorus|Intimidate|boost
|-unboost|p1a: Salamence|atk|1
|move|p1a: Salamence|Earthquake|p2a: Landorus
|-immune|p2a: Landorus
|
|-weather|Sandstorm|[upkeep]
|-damage|p1a: Salamence|8/100|[from] Sandstorm
|upkeep
|turn|12
|
|move|p1a: Salamence|Outrage|p2a: Landorus
|-damage|p2a: Landorus|0 fnt
|faint|p2a: Landorus
|-ability|p1a: Salamence|Moxie|boost
|-boost|p1a: Salamence|atk|1
|
|-weather|Sandstorm|[upkeep]
|-damage|p1a: Salamence|2/100|[from] Sandstorm
|upkeep
|inactive|plsbb420 has 120 seconds left.
|
|switch|p2a: Slowbro|Slowbro, M, shiny|100/100
|turn|13
|
|move|p1a: Salamence|Outrage|p2a: Slowbro|[from]lockedmove
|-damage|p2a: Slowbro|66/100
|-start|p1a: Salamence|confusion|[fatigue]
|move|p2a: Slowbro|Slack Off|p2a: Slowbro
|-heal|p2a: Slowbro|100/100
|
|-weather|Sandstorm|[upkeep]
|-damage|p1a: Salamence|0 fnt|[from] Sandstorm
|-damage|p2a: Slowbro|94/100|[from] Sandstorm
|faint|p1a: Salamence
|-heal|p2a: Slowbro|100/100|[from] item: Leftovers
|upkeep
|
|switch|p1a: Latios|Latios, M|100/100
|turn|14
|
|move|p1a: Latios|Thunderbolt|p2a: Slowbro
|-supereffective|p2a: Slowbro
|-damage|p2a: Slowbro|36/100
|move|p2a: Slowbro|Thunder Wave|p1a: Latios
|-status|p1a: Latios|par
|
|-weather|Sandstorm|[upkeep]
|-damage|p1a: Latios|95/100 par|[from] Sandstorm
|-damage|p2a: Slowbro|30/100|[from] Sandstorm
|-heal|p2a: Slowbro|36/100|[from] item: Leftovers
|upkeep
|turn|15
|
|switch|p1a: Breloom|Breloom, F|49/100 tox
|switch|p2a: Excadrill|Excadrill, M|100/100
|-ability|p2a: Excadrill|Mold Breaker
|
|-weather|Sandstorm|[upkeep]
|-damage|p1a: Breloom|43/100 tox|[from] Sandstorm
|-heal|p1a: Breloom|55/100 tox|[from] ability: Poison Heal
|upkeep
|turn|16
|
|switch|p2a: Scizor|Scizor, M|13/100
|move|p1a: Breloom|Substitute|p1a: Breloom
|-start|p1a: Breloom|Substitute
|-damage|p1a: Breloom|31/100 tox
|
|-weather|Sandstorm|[upkeep]
|-damage|p1a: Breloom|24/100 tox|[from] Sandstorm
|-heal|p1a: Breloom|37/100 tox|[from] ability: Poison Heal
|upkeep
|turn|17
|
|-singleturn|p1a: Breloom|move: Focus Punch
|move|p2a: Scizor|Bug Bite|p1a: Breloom
|-end|p1a: Breloom|Substitute
|move|p1a: Breloom|Focus Punch|p2a: Scizor
|-damage|p2a: Scizor|0 fnt
|faint|p2a: Scizor
|
|-weather|Sandstorm|[upkeep]
|-damage|p1a: Breloom|31/100 tox|[from] Sandstorm
|-heal|p1a: Breloom|43/100 tox|[from] ability: Poison Heal
|upkeep
|
|switch|p2a: Celebi|Celebi|70/100
|turn|18
|
|switch|p1a: Heatran|Heatran, M|100/100
|move|p2a: Celebi|Psychic|p1a: Heatran
|-resisted|p1a: Heatran
|-damage|p1a: Heatran|84/100
|
|-weather|Sandstorm|[upkeep]
|-damage|p2a: Celebi|64/100|[from] Sandstorm
|-heal|p2a: Celebi|70/100|[from] item: Leftovers
|-heal|p1a: Heatran|91/100|[from] item: Leftovers
|upkeep
|turn|19
|
|switch|p2a: Slowbro|Slowbro, M, shiny|69/100
|move|p1a: Heatran|Earth Power|p2a: Slowbro
|-damage|p2a: Slowbro|31/100
|
|-weather|Sandstorm|[upkeep]
|-damage|p2a: Slowbro|25/100|[from] Sandstorm
|-heal|p1a: Heatran|97/100|[from] item: Leftovers
|-heal|p2a: Slowbro|31/100|[from] item: Leftovers
|upkeep
|turn|20
|
|switch|p2a: Celebi|Celebi|70/100
|move|p1a: Heatran|Earth Power|p2a: Celebi
|-resisted|p2a: Celebi
|-damage|p2a: Celebi|54/100
|
|-weather|Sandstorm|[upkeep]
|-damage|p2a: Celebi|48/100|[from] Sandstorm
|-heal|p2a: Celebi|54/100|[from] item: Leftovers
|-heal|p1a: Heatran|100/100|[from] item: Leftovers
|upkeep
|turn|21
|
|switch|p2a: Tyranitar|Tyranitar, M, shiny|41/100
|move|p1a: Heatran|Lava Plume|p2a: Tyranitar
|-resisted|p2a: Tyranitar
|-crit|p2a: Tyranitar
|-damage|p2a: Tyranitar|17/100
|
|-weather|Sandstorm|[upkeep]
|upkeep
|turn|22
|
|switch|p1a: Excadrill|Excadrill, F|100/100
|-ability|p1a: Excadrill|Mold Breaker
|move|p2a: Tyranitar|Stealth Rock|p1a: Excadrill
|-sidestart|p1: pkonob31|move: Stealth Rock
|
|-weather|Sandstorm|[upkeep]
|upkeep
|turn|23
|
|move|p1a: Excadrill|Rapid Spin|p2a: Tyranitar
|-resisted|p2a: Tyranitar
|-damage|p2a: Tyranitar|14/100
|-sideend|p1: pkonob31|Stealth Rock|[from] move: Rapid Spin|[of] p1a: Excadrill
|move|p2a: Tyranitar|Stealth Rock|p1a: Excadrill
|-sidestart|p1: pkonob31|move: Stealth Rock
|
|-weather|Sandstorm|[upkeep]
|upkeep
|turn|24
|
|move|p1a: Excadrill|Iron Head|p2a: Tyranitar
|-supereffective|p2a: Tyranitar
|-damage|p2a: Tyranitar|0 fnt
|faint|p2a: Tyranitar
|
|-weather|Sandstorm|[upkeep]
|upkeep
|
|switch|p2a: Slowbro|Slowbro, M, shiny|65/100
|turn|25
|
|move|p1a: Excadrill|Rapid Spin|p2a: Slowbro
|-damage|p2a: Slowbro|61/100
|-sideend|p1: pkonob31|Stealth Rock|[from] move: Rapid Spin|[of] p1a: Excadrill
|move|p2a: Slowbro|Scald|p1a: Excadrill
|-supereffective|p1a: Excadrill
|-damage|p1a: Excadrill|25/100
|-status|p1a: Excadrill|brn
|
|-weather|Sandstorm|[upkeep]
|-damage|p2a: Slowbro|55/100|[from] Sandstorm
|-heal|p1a: Excadrill|31/100 brn|[from] item: Leftovers
|-heal|p2a: Slowbro|61/100|[from] item: Leftovers
|-damage|p1a: Excadrill|19/100 brn|[from] brn
|upkeep
|turn|26
|
|move|p1a: Excadrill|Earthquake|p2a: Slowbro
|-damage|p2a: Slowbro|46/100
|move|p2a: Slowbro|Slack Off|p2a: Slowbro
|-heal|p2a: Slowbro|96/100
|
|-weather|Sandstorm|[upkeep]
|-damage|p2a: Slowbro|90/100|[from] Sandstorm
|-heal|p1a: Excadrill|25/100 brn|[from] item: Leftovers
|-heal|p2a: Slowbro|96/100|[from] item: Leftovers
|-damage|p1a: Excadrill|12/100 brn|[from] brn
|upkeep
|turn|27
|
|move|p1a: Excadrill|Swords Dance|p1a: Excadrill
|-boost|p1a: Excadrill|atk|2
|move|p2a: Slowbro|Scald|p1a: Excadrill
|-supereffective|p1a: Excadrill
|-damage|p1a: Excadrill|0 fnt
|faint|p1a: Excadrill
|
|-weather|Sandstorm|[upkeep]
|-damage|p2a: Slowbro|90/100|[from] Sandstorm
|-heal|p2a: Slowbro|96/100|[from] item: Leftovers
|upkeep
|
|switch|p1a: Jellicent|Jellicent, M|40/100
|turn|28
|inactive|plsbb420 has 120 seconds left.
|inactive|plsbb420 has 90 seconds left.
|
|move|p1a: Jellicent|Shadow Ball|p2a: Slowbro
|-supereffective|p2a: Slowbro
|-damage|p2a: Slowbro|0 fnt
|faint|p2a: Slowbro
|
|-weather|Sandstorm|[upkeep]
|-damage|p1a: Jellicent|34/100|[from] Sandstorm
|upkeep
|
|switch|p2a: Celebi|Celebi|54/100
|turn|29
|inactive|plsbb420 has 90 seconds left.
|
|switch|p2a: Excadrill|Excadrill, M|100/100
|-ability|p2a: Excadrill|Mold Breaker
|move|p1a: Jellicent|Shadow Ball|p2a: Excadrill
|-resisted|p2a: Excadrill
|-damage|p2a: Excadrill|80/100
|
|-weather|Sandstorm|[upkeep]
|-damage|p1a: Jellicent|28/100|[from] Sandstorm
|-heal|p2a: Excadrill|86/100|[from] item: Leftovers
|upkeep
|turn|30
|inactive|plsbb420 has 90 seconds left.
|
|switch|p1a: Latios|Latios, M|95/100 par
|move|p2a: Excadrill|Earthquake|p1a: Latios
|-damage|p1a: Latios|20/100 par
|
|-weather|Sandstorm|[upkeep]
|-damage|p1a: Latios|14/100 par|[from] Sandstorm
|-heal|p2a: Excadrill|92/100|[from] item: Leftovers
|upkeep
|turn|31
|inactive|plsbb420 has 90 seconds left.
|
|move|p2a: Excadrill|Earthquake|p1a: Latios
|-damage|p1a: Latios|0 fnt
|faint|p1a: Latios
|
|-weather|Sandstorm|[upkeep]
|-heal|p2a: Excadrill|98/100|[from] item: Leftovers
|upkeep
|
|switch|p1a: Breloom|Breloom, F|43/100 tox
|turn|32
|inactive|plsbb420 has 90 seconds left.
|j| iamBastian
|inactive|plsbb420 has 60 seconds left.
|
|switch|p2a: Celebi|Celebi|54/100
|move|p1a: Breloom|Seed Bomb|p2a: Celebi
|-resisted|p2a: Celebi
|-damage|p2a: Celebi|29/100
|
|-weather|Sandstorm|[upkeep]
|-damage|p2a: Celebi|23/100|[from] Sandstorm
|-damage|p1a: Breloom|37/100 tox|[from] Sandstorm
|-heal|p2a: Celebi|29/100|[from] item: Leftovers
|-heal|p1a: Breloom|49/100 tox|[from] ability: Poison Heal
|upkeep
|turn|33
|inactive|plsbb420 has 30 seconds left.
|
|switch|p2a: Excadrill|Excadrill, M|98/100
|-ability|p2a: Excadrill|Mold Breaker
|switch|p1a: Heatran|Heatran, M|100/100
|
|-weather|Sandstorm|[upkeep]
|-heal|p2a: Excadrill|100/100|[from] item: Leftovers
|upkeep
|turn|34
|
|switch|p1a: Breloom|Breloom, F|49/100 tox
|move|p2a: Excadrill|Earthquake|p1a: Breloom
|-resisted|p1a: Breloom
|-damage|p1a: Breloom|19/100 tox
|
|-weather|Sandstorm|[upkeep]
|-damage|p1a: Breloom|13/100 tox|[from] Sandstorm
|-heal|p1a: Breloom|25/100 tox|[from] ability: Poison Heal
|upkeep
|turn|35
|
|move|p2a: Excadrill|Earthquake|p1a: Breloom
|-resisted|p1a: Breloom
|-damage|p1a: Breloom|0 fnt
|faint|p1a: Breloom
|
|-weather|Sandstorm|[upkeep]
|upkeep
|
|switch|p1a: Jellicent|Jellicent, M|28/100
|turn|36
|c|☆pkonob31|gg
|
|switch|p2a: Celebi|Celebi|29/100
|move|p1a: Jellicent|Surf|p2a: Celebi
|-resisted|p2a: Celebi
|-damage|p2a: Celebi|0 fnt
|faint|p2a: Celebi
|
|-weather|Sandstorm|[upkeep]
|-damage|p1a: Jellicent|22/100|[from] Sandstorm
|upkeep
|
|switch|p2a: Excadrill|Excadrill, M|100/100
|-ability|p2a: Excadrill|Mold Breaker
|turn|37
|
|move|p2a: Excadrill|Earthquake|p1a: Jellicent
|-damage|p1a: Jellicent|0 fnt
|faint|p1a: Jellicent
|
|-weather|Sandstorm|[upkeep]
|upkeep
|
|switch|p1a: Heatran|Heatran, M|100/100
|turn|38
|
|move|p2a: Excadrill|Earthquake|p1a: Heatran
|-supereffective|p1a: Heatran
|-damage|p1a: Heatran|0 fnt
|faint|p1a: Heatran
|
|win|plsbb420
|l|☆pkonob31
|l| iamBastian
|raw|pkonob31's rating: 1369 &rarr; <strong>1345</strong><br />(-24 for losing)
|raw|plsbb420's rating: 1302 &rarr; <strong>1326</strong><br />(+24 for winning)
