|j|☆daddy_days2
|j|☆SattleBimulator
|t:|1741886228
|gametype|singles
|player|p1|daddy_days2|benga|1456
|player|p2|SattleBimulator|266|1354
|teamsize|p1|6
|teamsize|p2|6
|gen|5
|tier|[Gen 5] OU
|rated|
|rule|Species Clause: Limit one of each Pokémon
|rule|OHKO Clause: OHKO moves are banned
|rule|Moody Clause: Moody is banned
|rule|Evasion Items Clause: Evasion items are banned
|rule|Evasion Moves Clause: Evasion moves are banned
|rule|Endless Battle Clause: Forcing endless battles is banned
|rule|HP Percentage Mod: HP is shown in percentages
|rule|Evasion Abilities Clause: Evasion abilities are banned
|rule|Sleep Moves Clause: Sleep-inducing moves are banned
|rule|Swagger Clause: Swagger is banned
|rule|Baton Pass Stat Clause: No Baton Passer may have a way to boost its stats
|clearpoke
|poke|p1|Kyurem-Black|item
|poke|p1|Garchomp, M|item
|poke|p1|Conkeldurr, M|item
|poke|p1|Starmie|item
|poke|p1|Bisharp, M|item
|poke|p1|Scyther, M|item
|poke|p2|Excadrill, M|item
|poke|p2|Garchomp, F|item
|poke|p2|Tyranitar, F|item
|poke|p2|Scizor, F|item
|poke|p2|Skarmory, F|item
|poke|p2|Gengar, M|item
|teampreview
|inactive|Battle timer is ON: inactive players will automatically lose when time's up. (requested by SattleBimulator)
|
|t:|1741886242
|start
|switch|p1a: Adolf|Bisharp, M|100/100
|switch|p2a: Skarmory|Skarmory, F|100/100
|-item|p1a: Adolf|Air Balloon
|turn|1
|inactive|SattleBimulator has 120 seconds left.
|
|t:|1741886280
|switch|p1a: Starlight|Starmie|100/100
|move|p2a: Skarmory|Stealth Rock|p1a: Starlight
|-sidestart|p1: daddy_days2|move: Stealth Rock
|
|upkeep
|turn|2
|
|t:|1741886299
|move|p1a: Starlight|Thunder Wave|p2a: Skarmory
|-status|p2a: Skarmory|par
|move|p2a: Skarmory|Whirlwind|p1a: Starlight
|drag|p1a: Adolf|Bisharp, M|100/100
|-damage|p1a: Adolf|94/100|[from] Stealth Rock
|-item|p1a: Adolf|Air Balloon
|
|upkeep
|turn|3
|
|t:|1741886309
|move|p1a: Adolf|Brick Break|p2a: Skarmory
|-damage|p2a: Skarmory|85/100 par
|-damage|p1a: Adolf|78/100|[from] item: Rocky Helmet|[of] p2a: Skarmory
|cant|p2a: Skarmory|par
|
|upkeep
|turn|4
|
|t:|1741886316
|switch|p1a: Starlight|Starmie|100/100
|-damage|p1a: Starlight|88/100|[from] Stealth Rock
|move|p2a: Skarmory|Whirlwind|p1a: Starlight
|drag|p1a: Painkiller|Garchomp, M|100/100
|-damage|p1a: Painkiller|94/100|[from] Stealth Rock
|
|upkeep
|turn|5
|
|t:|1741886326
|move|p1a: Painkiller|Stealth Rock|p2a: Skarmory
|-sidestart|p2: SattleBimulator|move: Stealth Rock
|cant|p2a: Skarmory|par
|
|upkeep
|turn|6
|
|t:|1741886331
|move|p1a: Painkiller|Dragon Tail|p2a: Skarmory
|-resisted|p2a: Skarmory
|-damage|p2a: Skarmory|78/100 par
|-damage|p1a: Painkiller|78/100|[from] item: Rocky Helmet|[of] p2a: Skarmory
|drag|p2a: Gengar|Gengar, M|100/100
|-damage|p2a: Gengar|88/100|[from] Stealth Rock
|
|upkeep
|turn|7
|
|t:|1741886340
|switch|p2a: Skarmory|Skarmory, F|78/100 par
|-damage|p2a: Skarmory|65/100 par|[from] Stealth Rock
|switch|p1a: Adolf|Bisharp, M|78/100
|-damage|p1a: Adolf|72/100|[from] Stealth Rock
|-item|p1a: Adolf|Air Balloon
|
|upkeep
|turn|8
|
|t:|1741886350
|move|p1a: Adolf|Brick Break|p2a: Skarmory
|-damage|p2a: Skarmory|48/100 par
|-damage|p1a: Adolf|55/100|[from] item: Rocky Helmet|[of] p2a: Skarmory
|move|p2a: Skarmory|Whirlwind|p1a: Adolf
|drag|p1a: Painkiller|Garchomp, M|78/100
|-damage|p1a: Painkiller|72/100|[from] Stealth Rock
|
|upkeep
|turn|9
|
|t:|1741886359
|move|p2a: Skarmory|Spikes|p1a: Painkiller
|-sidestart|p1: daddy_days2|Spikes
|move|p1a: Painkiller|Dragon Tail|p2a: Skarmory
|-resisted|p2a: Skarmory
|-damage|p2a: Skarmory|40/100 par
|-damage|p1a: Painkiller|55/100|[from] item: Rocky Helmet|[of] p2a: Skarmory
|drag|p2a: Garchomp|Garchomp, F|100/100
|-damage|p2a: Garchomp|94/100|[from] Stealth Rock
|
|upkeep
|turn|10
|
|t:|1741886371
|switch|p2a: Skarmory|Skarmory, F|40/100 par
|-damage|p2a: Skarmory|28/100 par|[from] Stealth Rock
|move|p1a: Painkiller|Endure||[still]
|-fail|p1a: Painkiller
|
|upkeep
|turn|11
|
|t:|1741886379
|switch|p1a: Starlight|Starmie|88/100
|-damage|p1a: Starlight|76/100|[from] Stealth Rock
|-damage|p1a: Starlight|63/100|[from] Spikes
|move|p2a: Skarmory|Spikes|p1a: Starlight
|-sidestart|p1: daddy_days2|Spikes
|
|-heal|p1a: Starlight|70/100|[from] item: Leftovers
|upkeep
|turn|12
|
|t:|1741886388
|switch|p2a: Gengar|Gengar, M|88/100
|-damage|p2a: Gengar|76/100|[from] Stealth Rock
|move|p1a: Starlight|Rapid Spin|p2a: Gengar
|-immune|p2a: Gengar
|
|-heal|p1a: Starlight|76/100|[from] item: Leftovers
|upkeep
|turn|13
|
|t:|1741886400
|move|p2a: Gengar|Shadow Ball|p1a: Starlight
|-supereffective|p1a: Starlight
|-damage|p1a: Starlight|0 fnt
|faint|p1a: Starlight
|
|upkeep
|-message|daddy_days2 forfeited.
|
|win|SattleBimulator
|raw|daddy_days2's rating: 1456 &rarr; <strong>1430</strong><br />(-26 for losing)
|raw|SattleBimulator's rating: 1354 &rarr; <strong>1380</strong><br />(+26 for winning)
|l|☆daddy_days2
|player|p1|
