|join|ad kassadin
|join|Wüstenfuchs
|player|p1|ad kassadin|170
|player|p2|Wüstenfuchs|256
|gametype|singles
|gen|5
|tier|[Gen 5] OU
|rated
|rule|Evasion Abilities Clause: Evasion abilities are banned
|clearpoke
|poke|p1|Celebi
|poke|p1|Heatran, F
|poke|p1|Skarmory, M
|poke|p1|Jirachi
|poke|p1|Gastrodon, M
|poke|p1|Tyranitar, M
|poke|p2|Ninetales, F, shiny
|poke|p2|Forretress, M
|poke|p2|Salamence, F
|poke|p2|Jellicent, F
|poke|p2|Infernape, F, shiny
|poke|p2|Lilligant, F
|rule|Sleep Clause Mod: Limit one foe put to sleep
|rule|Species Clause: Limit one of each Pokemon
|rule|OHKO Clause: OHKO moves are banned
|rule|Moody Clause: Moody is banned
|rule|Evasion Moves Clause: Evasion moves are banned
|rule|Endless Battle Clause: Forcing endless battles is banned.
|rule|HP Percentage Mod: HP is reported as percentages
|teampreview
|
|start
|switch|p1a: Jirachi|Jirachi|341/341
|switch|p2a: SSJ|Infernape, F, shiny|293/293
|turn|1
|
|move|p2a: SSJ|Flare Blitz|p1a: Jirachi
|-supereffective|p1a: Jirachi
|-damage|p1a: Jirachi|0 fnt
|-damage|p2a: SSJ|180/293|[from] recoil|[of] p1a: Jirachi
|faint|p1a: Jirachi
|
|
|switch|p1a: Heatran|Heatran, F|323/323
|-item|p1a: Heatran|Air Balloon
|turn|2
|
|switch|p2a: Fabulous.|Jellicent, F|404/404
|move|p1a: Heatran|Toxic|p2a: Fabulous.
|-status|p2a: Fabulous.|tox
|
|-damage|p2a: Fabulous.|379/404 tox|[from] psn
|turn|3
|
|switch|p1a: Celebi|Celebi|400/400
|move|p2a: Fabulous.|Shadow Ball|p1a: Celebi
|-supereffective|p1a: Celebi
|-damage|p1a: Celebi|226/400
|
|-heal|p1a: Celebi|251/400|[from] item: Leftovers
|-heal|p2a: Fabulous.|404/404 tox|[from] item: Leftovers
|-damage|p2a: Fabulous.|354/404 tox|[from] psn
|turn|4
|
|switch|p2a: Taka|Ninetales, F, shiny|349/349
|-weather|SunnyDay|[from] ability: Drought|[of] p2a: Taka
|move|p1a: Celebi|Baton Pass|p1a: Celebi
|
|switch|p1a: Tyranitar|Tyranitar, M|404/404
|-weather|Sandstorm|[from] ability: Sand Stream|[of] p1a: Tyranitar
|
|-weather|Sandstorm|[upkeep]
|-damage|p2a: Taka|328/349|[from] sandstorm
|-heal|p2a: Taka|349/349|[from] item: Leftovers
|turn|5
|
|move|p2a: Taka|Will-O-Wisp|p1a: Tyranitar
|-status|p1a: Tyranitar|brn
|move|p1a: Tyranitar|Stealth Rock|p2a: Taka
|-sidestart|p2: Wüstenfuchs|move: Stealth Rock
|
|-weather|Sandstorm|[upkeep]
|-damage|p2a: Taka|328/349|[from] sandstorm
|-heal|p2a: Taka|349/349|[from] item: Leftovers
|-damage|p1a: Tyranitar|354/404 brn|[from] brn
|turn|6
|
|switch|p2a: Amanda|Lilligant, F|281/281
|-damage|p2a: Amanda|246/281|[from] Stealth Rock
|switch|p1a: Heatran|Heatran, F|323/323
|-item|p1a: Heatran|Air Balloon
|
|-weather|Sandstorm|[upkeep]
|-damage|p2a: Amanda|229/281|[from] sandstorm
|turn|7
|
|switch|p1a: Celebi|Celebi|251/400
|move|p2a: Amanda|Sleep Powder|p1a: Celebi
|-status|p1a: Celebi|slp
|
|-weather|Sandstorm|[upkeep]
|-damage|p2a: Amanda|212/281|[from] sandstorm
|-damage|p1a: Celebi|226/400 slp|[from] sandstorm
|-heal|p1a: Celebi|251/400 slp|[from] item: Leftovers
|turn|8
|
|switch|p2a: SSJ|Infernape, F, shiny|180/293
|-damage|p2a: SSJ|144/293|[from] Stealth Rock
|switch|p1a: Heatran|Heatran, F|323/323
|-item|p1a: Heatran|Air Balloon
|
|-weather|Sandstorm|[upkeep]
|-damage|p2a: SSJ|126/293|[from] sandstorm
|turn|9
|
|switch|p1a: Skarmory|Skarmory, M|334/334
|move|p2a: SSJ|U-turn|p1a: Skarmory
|-resisted|p1a: Skarmory
|-damage|p1a: Skarmory|325/334
|
|switch|p2a: Kagimaru|Forretress, M|354/354
|-damage|p2a: Kagimaru|310/354|[from] Stealth Rock
|
|-weather|Sandstorm|[upkeep]
|-heal|p1a: Skarmory|334/334|[from] item: Leftovers
|-heal|p2a: Kagimaru|332/354|[from] item: Leftovers
|turn|10
|
|switch|p1a: Heatran|Heatran, F|323/323
|-item|p1a: Heatran|Air Balloon
|move|p2a: Kagimaru|Rapid Spin|p1a: Heatran
|-resisted|p1a: Heatran
|-damage|p1a: Heatran|316/323
|-enditem|p1a: Heatran|Air Balloon
|-sideend|p2: Wüstenfuchs|Stealth Rock|[from] move: Rapid Spin|[of] p2a: Kagimaru
|
|-weather|Sandstorm|[upkeep]
|-heal|p2a: Kagimaru|354/354|[from] item: Leftovers
|turn|11
|
|switch|p2a: Te$la|Salamence, F|331/331
|move|p1a: Heatran|Lava Plume|p2a: Te$la
|-crit|p2a: Te$la
|-resisted|p2a: Te$la
|-damage|p2a: Te$la|165/331
|
|-weather|Sandstorm|[upkeep]
|-damage|p2a: Te$la|145/331|[from] sandstorm
|turn|12
|
|switch|p1a: Skarmory|Skarmory, M|334/334
|move|p2a: Te$la|Earthquake|p1a: Skarmory
|-immune|p1a: Skarmory|[msg]
|
|-weather|Sandstorm|[upkeep]
|-damage|p2a: Te$la|125/331|[from] sandstorm
|turn|13
|
|switch|p1a: Heatran|Heatran, F|316/323
|move|p2a: Te$la|Fire Blast|p1a: Heatran
|-start|p1a: Heatran|ability: Flash Fire
|
|-weather|Sandstorm|[upkeep]
|-damage|p2a: Te$la|105/331|[from] sandstorm
|turn|14
|
|switch|p1a: Gastrodon|Gastrodon, M|426/426
|move|p2a: Te$la|Earthquake|p1a: Gastrodon
|-damage|p1a: Gastrodon|217/426
|-damage|p2a: Te$la|72/331|[from] item: Life Orb
|
|-weather|Sandstorm|[upkeep]
|-damage|p2a: Te$la|52/331|[from] sandstorm
|-heal|p1a: Gastrodon|243/426|[from] item: Leftovers
|turn|15
|
|switch|p1a: Skarmory|Skarmory, M|334/334
|move|p2a: Te$la|Outrage|p1a: Skarmory
|-resisted|p1a: Skarmory
|-damage|p1a: Skarmory|244/334
|-damage|p2a: Te$la|19/331|[from] item: Life Orb
|
|-weather|Sandstorm|[upkeep]
|-damage|p2a: Te$la|0 fnt|[from] sandstorm
|-heal|p1a: Skarmory|264/334|[from] item: Leftovers
|faint|p2a: Te$la
|
|switch|p2a: Taka|Ninetales, F, shiny|349/349
|-weather|SunnyDay|[from] ability: Drought|[of] p2a: Taka
|turn|16
|
|switch|p2a: SSJ|Infernape, F, shiny|126/293
|switch|p1a: Heatran|Heatran, F|316/323
|
|-weather|SunnyDay|[upkeep]
|turn|17
|
|switch|p1a: Gastrodon|Gastrodon, M|243/426
|move|p2a: SSJ|Close Combat|p1a: Gastrodon
|-damage|p1a: Gastrodon|0 fnt
|-unboost|p2a: SSJ|def|1
|-unboost|p2a: SSJ|spd|1
|faint|p1a: Gastrodon
|
|-weather|SunnyDay|[upkeep]
|
|switch|p1a: Celebi|Celebi|251/400
|turn|18
|
|switch|p2a: Amanda|Lilligant, F|212/281
|move|p1a: Celebi|Recover|p1a: Celebi
|-heal|p1a: Celebi|400/400
|
|-weather|SunnyDay|[upkeep]
|turn|19
|
|move|p2a: Amanda|Sleep Powder|p1a: Celebi
|-status|p1a: Celebi|slp
|cant|p1a: Celebi|slp
|
|-weather|SunnyDay|[upkeep]
|turn|20
|
|move|p2a: Amanda|Healing Wish|p2a: Amanda
|faint|p2a: Amanda
|-curestatus|p1a: Celebi|slp
|move|p1a: Celebi|Hidden Power|p2: Amanda|[notarget]
|-notarget
|
|-weather|SunnyDay|[upkeep]
|
|switch|p2a: SSJ|Infernape, F, shiny|126/293
|-heal|p2a: SSJ|293/293|[from] move: Healing Wish
|turn|21
|
|switch|p1a: Skarmory|Skarmory, M|264/334
|move|p2a: SSJ|U-turn|p1a: Skarmory
|-resisted|p1a: Skarmory
|-damage|p1a: Skarmory|254/334
|
|switch|p2a: Taka|Ninetales, F, shiny|349/349
|
|-weather|SunnyDay|[upkeep]
|-heal|p1a: Skarmory|274/334|[from] item: Leftovers
|turn|22
|
|switch|p2a: SSJ|Infernape, F, shiny|293/293
|switch|p1a: Tyranitar|Tyranitar, M|354/404 brn
|-weather|Sandstorm|[from] ability: Sand Stream|[of] p1a: Tyranitar
|
|-weather|Sandstorm|[upkeep]
|-damage|p2a: SSJ|275/293|[from] sandstorm
|-heal|p1a: Tyranitar|379/404 brn|[from] item: Leftovers
|-damage|p1a: Tyranitar|329/404 brn|[from] brn
|turn|23
|
|switch|p1a: Skarmory|Skarmory, M|274/334
|move|p2a: SSJ|U-turn|p1a: Skarmory
|-resisted|p1a: Skarmory
|-damage|p1a: Skarmory|264/334
|
|switch|p2a: Taka|Ninetales, F, shiny|349/349
|-weather|SunnyDay|[from] ability: Drought|[of] p2a: Taka
|
|-weather|SunnyDay|[upkeep]
|-heal|p1a: Skarmory|284/334|[from] item: Leftovers
|turn|24
|
|switch|p1a: Tyranitar|Tyranitar, M|329/404 brn
|-weather|Sandstorm|[from] ability: Sand Stream|[of] p1a: Tyranitar
|move|p2a: Taka|Will-O-Wisp|p1a: Tyranitar|[miss]
|-miss|p2a: Taka|p1a: Tyranitar
|
|-weather|Sandstorm|[upkeep]
|-damage|p2a: Taka|328/349|[from] sandstorm
|-heal|p2a: Taka|349/349|[from] item: Leftovers
|-heal|p1a: Tyranitar|354/404 brn|[from] item: Leftovers
|-damage|p1a: Tyranitar|304/404 brn|[from] brn
|turn|25
|
|switch|p2a: SSJ|Infernape, F, shiny|275/293
|move|p1a: Tyranitar|Stealth Rock|p2a: SSJ
|-sidestart|p2: Wüstenfuchs|move: Stealth Rock
|
|-weather|Sandstorm|[upkeep]
|-damage|p2a: SSJ|257/293|[from] sandstorm
|-heal|p1a: Tyranitar|329/404 brn|[from] item: Leftovers
|-damage|p1a: Tyranitar|279/404 brn|[from] brn
|turn|26
|
|switch|p1a: Skarmory|Skarmory, M|284/334
|move|p2a: SSJ|Flare Blitz|p1a: Skarmory
|-supereffective|p1a: Skarmory
|-damage|p1a: Skarmory|74/334
|-damage|p2a: SSJ|188/293|[from] recoil|[of] p1a: Skarmory
|
|-weather|Sandstorm|[upkeep]
|-damage|p2a: SSJ|170/293|[from] sandstorm
|-heal|p1a: Skarmory|94/334|[from] item: Leftovers
|turn|27
|
|switch|p2a: Fabulous.|Jellicent, F|354/404 tox
|-damage|p2a: Fabulous.|304/404 tox|[from] Stealth Rock
|switch|p1a: Heatran|Heatran, F|316/323
|
|-weather|Sandstorm|[upkeep]
|-damage|p2a: Fabulous.|279/404 tox|[from] sandstorm
|-heal|p2a: Fabulous.|304/404 tox|[from] item: Leftovers
|-damage|p2a: Fabulous.|279/404 tox|[from] psn
|turn|28
|
|switch|p1a: Celebi|Celebi|400/400
|move|p2a: Fabulous.|Taunt|p1a: Celebi
|-start|p1a: Celebi|move: Taunt
|
|-weather|Sandstorm|[upkeep]
|-damage|p1a: Celebi|375/400|[from] sandstorm
|-damage|p2a: Fabulous.|254/404 tox|[from] sandstorm
|-heal|p1a: Celebi|400/400|[from] item: Leftovers
|-heal|p2a: Fabulous.|279/404 tox|[from] item: Leftovers
|-damage|p2a: Fabulous.|229/404 tox|[from] psn
|turn|29
|
|switch|p2a: Taka|Ninetales, F, shiny|349/349
|-damage|p2a: Taka|262/349|[from] Stealth Rock
|-weather|SunnyDay|[from] ability: Drought|[of] p2a: Taka
|move|p1a: Celebi|Hidden Power|p2a: Taka
|-crit|p2a: Taka
|-resisted|p2a: Taka
|-damage|p2a: Taka|149/349
|
|-weather|SunnyDay|[upkeep]
|-heal|p2a: Taka|170/349|[from] item: Leftovers
|turn|30
|
|move|p2a: Taka|Flamethrower|p1a: Celebi
|-supereffective|p1a: Celebi
|-damage|p1a: Celebi|106/400
|-status|p1a: Celebi|brn
|move|p1a: Celebi|Hidden Power|p2a: Taka
|-resisted|p2a: Taka
|-damage|p2a: Taka|120/349
|
|-weather|SunnyDay|[upkeep]
|-heal|p2a: Taka|141/349|[from] item: Leftovers
|-heal|p1a: Celebi|131/400 brn|[from] item: Leftovers
|-damage|p1a: Celebi|81/400 brn|[from] brn
|turn|31
|
|switch|p2a: SSJ|Infernape, F, shiny|170/293
|-damage|p2a: SSJ|134/293|[from] Stealth Rock
|switch|p1a: Tyranitar|Tyranitar, M|279/404 brn
|-weather|Sandstorm|[from] ability: Sand Stream|[of] p1a: Tyranitar
|
|-weather|Sandstorm|[upkeep]
|-damage|p2a: SSJ|116/293|[from] sandstorm
|-heal|p1a: Tyranitar|304/404 brn|[from] item: Leftovers
|-damage|p1a: Tyranitar|254/404 brn|[from] brn
|turn|32
|
|switch|p1a: Skarmory|Skarmory, M|94/334
|move|p2a: SSJ|Close Combat|p1a: Skarmory
|-crit|p1a: Skarmory
|-damage|p1a: Skarmory|0 fnt
|-unboost|p2a: SSJ|def|1
|-unboost|p2a: SSJ|spd|1
|faint|p1a: Skarmory
|
|-weather|Sandstorm|[upkeep]
|-damage|p2a: SSJ|98/293|[from] sandstorm
|
|switch|p1a: Celebi|Celebi|81/400
|turn|33
|
|move|p2a: SSJ|Close Combat|p1a: Celebi
|-resisted|p1a: Celebi
|-damage|p1a: Celebi|0 fnt
|-unboost|p2a: SSJ|def|1
|-unboost|p2a: SSJ|spd|1
|faint|p1a: Celebi
|
|-weather|Sandstorm|[upkeep]
|-damage|p2a: SSJ|80/293|[from] sandstorm
|
|switch|p1a: Heatran|Heatran, F|316/323
|turn|34
|
|move|p2a: SSJ|Close Combat|p1a: Heatran
|-supereffective|p1a: Heatran
|-damage|p1a: Heatran|0 fnt
|-unboost|p2a: SSJ|def|1
|-unboost|p2a: SSJ|spd|1
|faint|p1a: Heatran
|
|-weather|Sandstorm|[upkeep]
|-damage|p2a: SSJ|62/293|[from] sandstorm
|chat|ad kassadin|gg
|chat|Wüstenfuchs|gg
|
|switch|p1a: Tyranitar|Tyranitar, M|254/404 brn
|turn|35
|
|move|p2a: SSJ|Close Combat|p1a: Tyranitar
|-supereffective|p1a: Tyranitar
|-damage|p1a: Tyranitar|0 fnt
|-unboost|p2a: SSJ|def|1
|-unboost|p2a: SSJ|spd|1
|faint|p1a: Tyranitar
|
|win|Wüstenfuchs
|raw|Ladder updating...
|raw|ad kassadin's rating: 1466 &rarr; <strong>1439</strong><br />(-27 for losing)
|raw|Wüstenfuchs's rating: 1341 &rarr; <strong>1368</strong><br />(+27 for winning)
|leave|ad kassadin
|player|p1