|j|☆Yankiken
|j|‽wallah Morgulis
|t:|1725959435
|gametype|singles
|player|p1|Yankiken|burglar|1436
|player|p2|wallah Morgulis|2|1338
|teamsize|p1|6
|teamsize|p2|6
|gen|5
|tier|[Gen 5] OU
|rated|
|rule|Species Clause: Limit one of each Pokémon
|rule|OHKO Clause: OHKO moves are banned
|rule|Moody Clause: Moody is banned
|rule|Evasion Items Clause: Evasion items are banned
|rule|Evasion Moves Clause: Evasion moves are banned
|rule|Endless Battle Clause: Forcing endless battles is banned
|rule|HP Percentage Mod: HP is shown in percentages
|rule|Evasion Abilities Clause: Evasion abilities are banned
|rule|Sleep Moves Clause: Sleep-inducing moves are banned
|rule|Swagger Clause: Swagger is banned
|rule|Baton Pass Stat Clause: No Baton Passer may have a way to boost its stats
|clearpoke
|poke|p1|Scizor, F|item
|poke|p1|Rotom-Wash|item
|poke|p1|Tentacruel, F|item
|poke|p1|Mamoswine, M|item
|poke|p1|Chandelure, M|item
|poke|p1|Abomasnow, M|item
|poke|p2|Tyranitar, F|item
|poke|p2|Gliscor, F|item
|poke|p2|Rotom-Wash|item
|poke|p2|Excadrill, M|item
|poke|p2|Latias, F|item
|poke|p2|Shaymin|item
|teampreview
|inactive|Battle timer is ON: inactive players will automatically lose when time's up. (requested by Yankiken)
|inactive|wallah Morgulis has 120 seconds left.
|
|t:|1725959483
|start
|switch|p1a: Abomasnow|Abomasnow, M|100/100
|switch|p2a: Rotom|Rotom-Wash|100/100
|-weather|Hail|[from] ability: Snow Warning|[of] p1a: Abomasnow
|turn|1
|
|t:|1725959505
|move|p2a: Rotom|Volt Switch|p1a: Abomasnow
|-resisted|p1a: Abomasnow
|-damage|p1a: Abomasnow|81/100
|
|t:|1725959529
|switch|p2a: Tyranitar|Tyranitar, F|100/100|[from] Volt Switch
|-weather|Sandstorm|[from] ability: Sand Stream|[of] p2a: Tyranitar
|move|p1a: Abomasnow|Wood Hammer|p2a: Tyranitar
|-supereffective|p2a: Tyranitar
|-damage|p2a: Tyranitar|0 fnt
|faint|p2a: Tyranitar
|-damage|p1a: Abomasnow|40/100|[from] Recoil
|
|-weather|Sandstorm|[upkeep]
|-damage|p1a: Abomasnow|34/100|[from] Sandstorm
|upkeep
|
|t:|1725959542
|switch|p2a: Latias|Latias, F|100/100
|turn|2
|
|t:|1725959547
|switch|p1a: Tentacruel|Tentacruel, F|100/100
|move|p2a: Latias|Draco Meteor|p1a: Tentacruel
|-damage|p1a: Tentacruel|26/100
|-unboost|p2a: Latias|spa|2
|
|-weather|Sandstorm|[upkeep]
|-damage|p2a: Latias|95/100|[from] Sandstorm
|-damage|p1a: Tentacruel|20/100|[from] Sandstorm
|-heal|p1a: Tentacruel|26/100|[from] item: Black Sludge
|upkeep
|turn|3
|inactive|wallah Morgulis has 120 seconds left.
|
|t:|1725959582
|move|p2a: Latias|Draco Meteor|p1a: Tentacruel|[miss]
|-miss|p2a: Latias|p1a: Tentacruel
|move|p1a: Tentacruel|Scald|p2a: Latias
|-resisted|p2a: Latias
|-damage|p2a: Latias|84/100
|-status|p2a: Latias|brn
|
|-weather|Sandstorm|[upkeep]
|-damage|p2a: Latias|78/100 brn|[from] Sandstorm
|-damage|p1a: Tentacruel|20/100|[from] Sandstorm
|-heal|p1a: Tentacruel|26/100|[from] item: Black Sludge
|-damage|p2a: Latias|65/100 brn|[from] brn
|upkeep
|turn|4
|
|t:|1725959589
|move|p2a: Latias|Draco Meteor|p1a: Tentacruel
|-damage|p1a: Tentacruel|0 fnt
|-unboost|p2a: Latias|spa|2
|faint|p1a: Tentacruel
|
|-weather|Sandstorm|[upkeep]
|-damage|p2a: Latias|59/100 brn|[from] Sandstorm
|-damage|p2a: Latias|47/100 brn|[from] brn
|upkeep
|
|t:|1725959591
|switch|p1a: Scizor|Scizor, F|100/100
|turn|5
|inactive|wallah Morgulis has 120 seconds left.
|
|t:|1725959621
|switch|p2a: Gliscor|Gliscor, F|100/100
|move|p1a: Scizor|U-turn|p2a: Gliscor
|-resisted|p2a: Gliscor
|-damage|p2a: Gliscor|75/100
|
|t:|1725959626
|switch|p1a: Mamoswine|Mamoswine, M|100/100|[from] U-turn
|
|-weather|Sandstorm|[upkeep]
|-status|p2a: Gliscor|tox|[from] item: Toxic Orb
|upkeep
|turn|6
|inactive|wallah Morgulis has 120 seconds left.
|
|t:|1725959645
|move|p2a: Gliscor|Protect|p2a: Gliscor
|-singleturn|p2a: Gliscor|Protect
|move|p1a: Mamoswine|Stealth Rock|p2a: Gliscor
|-sidestart|p2: wallah Morgulis|move: Stealth Rock
|
|-weather|Sandstorm|[upkeep]
|-heal|p2a: Gliscor|87/100 tox|[from] ability: Poison Heal
|upkeep
|turn|7
|
|t:|1725959649
|move|p2a: Gliscor|Earthquake|p1a: Mamoswine
|-damage|p1a: Mamoswine|62/100
|move|p1a: Mamoswine|Icicle Crash|p2a: Gliscor
|-supereffective|p2a: Gliscor
|-damage|p2a: Gliscor|0 fnt
|faint|p2a: Gliscor
|
|-weather|Sandstorm|[upkeep]
|upkeep
|
|t:|1725959652
|switch|p2a: Rotom|Rotom-Wash|100/100
|-damage|p2a: Rotom|88/100|[from] Stealth Rock
|turn|8
|
|t:|1725959657
|switch|p1a: Rotom|Rotom-Wash|100/100
|move|p2a: Rotom|Hydro Pump|p1a: Rotom|[miss]
|-miss|p2a: Rotom|p1a: Rotom
|
|-weather|Sandstorm|[upkeep]
|-damage|p2a: Rotom|82/100|[from] Sandstorm
|-damage|p1a: Rotom|95/100|[from] Sandstorm
|-heal|p1a: Rotom|100/100|[from] item: Leftovers
|upkeep
|turn|9
|
|t:|1725959680
|switch|p2a: Shaymin|Shaymin|100/100
|-damage|p2a: Shaymin|88/100|[from] Stealth Rock
|move|p1a: Rotom|Volt Switch|p2a: Shaymin
|-resisted|p2a: Shaymin
|-damage|p2a: Shaymin|73/100
|
|t:|1725959684
|switch|p1a: Abomasnow|Abomasnow, M|34/100|[from] Volt Switch
|-weather|Hail|[from] ability: Snow Warning|[of] p1a: Abomasnow
|
|-weather|Hail|[upkeep]
|-damage|p2a: Shaymin|66/100|[from] Hail
|-heal|p2a: Shaymin|73/100|[from] item: Leftovers
|upkeep
|turn|10
|
|t:|1725959700
|move|p1a: Abomasnow|Ice Shard|p2a: Shaymin
|-supereffective|p2a: Shaymin
|-damage|p2a: Shaymin|27/100
|move|p2a: Shaymin|Hidden Power|p1a: Abomasnow
|-supereffective|p1a: Abomasnow
|-damage|p1a: Abomasnow|0 fnt
|faint|p1a: Abomasnow
|
|-weather|Hail|[upkeep]
|-damage|p2a: Shaymin|21/100|[from] Hail
|-heal|p2a: Shaymin|27/100|[from] item: Leftovers
|upkeep
|
|t:|1725959717
|switch|p1a: Scizor|Scizor, F|100/100
|turn|11
|inactive|wallah Morgulis has 120 seconds left.
|
|t:|1725959746
|move|p1a: Scizor|Bullet Punch|p2a: Shaymin
|-damage|p2a: Shaymin|0 fnt
|faint|p2a: Shaymin
|
|-weather|Hail|[upkeep]
|-damage|p1a: Scizor|95/100|[from] Hail
|upkeep
|
|t:|1725959748
|switch|p2a: Excadrill|Excadrill, M|100/100
|-damage|p2a: Excadrill|98/100|[from] Stealth Rock
|turn|12
|
|t:|1725959754
|move|p1a: Scizor|Bullet Punch|p2a: Excadrill
|-resisted|p2a: Excadrill
|-crit|p2a: Excadrill
|-damage|p2a: Excadrill|39/100
|move|p2a: Excadrill|Rapid Spin|p1a: Scizor
|-resisted|p1a: Scizor
|-damage|p1a: Scizor|91/100
|-sideend|p2: wallah Morgulis|Stealth Rock|[from] move: Rapid Spin|[of] p2a: Excadrill
|
|-weather|Hail|[upkeep]
|-damage|p2a: Excadrill|32/100|[from] Hail
|-damage|p1a: Scizor|85/100|[from] Hail
|-heal|p2a: Excadrill|39/100|[from] item: Leftovers
|upkeep
|turn|13
|
|t:|1725959764
|move|p1a: Scizor|Bullet Punch|p2a: Excadrill
|-resisted|p2a: Excadrill
|-damage|p2a: Excadrill|10/100
|move|p2a: Excadrill|Earthquake|p1a: Scizor
|-damage|p1a: Scizor|39/100
|
|-weather|Hail|[upkeep]
|-damage|p2a: Excadrill|4/100|[from] Hail
|-damage|p1a: Scizor|33/100|[from] Hail
|-heal|p2a: Excadrill|10/100|[from] item: Leftovers
|upkeep
|turn|14
|
|t:|1725959770
|switch|p2a: Rotom|Rotom-Wash|82/100
|move|p1a: Scizor|Bullet Punch|p2a: Rotom
|-resisted|p2a: Rotom
|-damage|p2a: Rotom|66/100
|
|-weather|Hail|[upkeep]
|-damage|p2a: Rotom|60/100|[from] Hail
|-damage|p1a: Scizor|27/100|[from] Hail
|upkeep
|turn|15
|
|t:|1725959784
|switch|p1a: Chandelure|Chandelure, M|100/100
|move|p2a: Rotom|Volt Switch|p1a: Chandelure
|-damage|p1a: Chandelure|56/100
|
|t:|1725959793
|switch|p2a: Latias|Latias, F|47/100 brn|[from] Volt Switch
|
|-weather|Hail|[upkeep]
|-damage|p2a: Latias|41/100 brn|[from] Hail
|-damage|p1a: Chandelure|50/100|[from] Hail
|-heal|p1a: Chandelure|56/100|[from] item: Leftovers
|-damage|p2a: Latias|29/100 brn|[from] brn
|upkeep
|turn|16
|
|t:|1725959799
|move|p2a: Latias|Surf|p1a: Chandelure
|-supereffective|p1a: Chandelure
|-damage|p1a: Chandelure|0 fnt
|faint|p1a: Chandelure
|
|-weather|Hail|[upkeep]
|-damage|p2a: Latias|23/100 brn|[from] Hail
|-damage|p2a: Latias|10/100 brn|[from] brn
|upkeep
|
|t:|1725959803
|switch|p1a: Rotom|Rotom-Wash|100/100
|turn|17
|
|t:|1725959812
|move|p2a: Latias|Surf|p1a: Rotom
|-resisted|p1a: Rotom
|-damage|p1a: Rotom|78/100
|move|p1a: Rotom|Volt Switch|p2a: Latias
|-resisted|p2a: Latias
|-crit|p2a: Latias
|-damage|p2a: Latias|0 fnt
|faint|p2a: Latias
|
|t:|1725959837
|switch|p1a: Scizor|Scizor, F|27/100|[from] Volt Switch
|
|-weather|Hail|[upkeep]
|-damage|p1a: Scizor|21/100|[from] Hail
|upkeep
|
|t:|1725959840
|switch|p2a: Rotom|Rotom-Wash|60/100
|turn|18
|
|t:|1725959845
|move|p1a: Scizor|Bullet Punch|p2a: Rotom
|-resisted|p2a: Rotom
|-damage|p2a: Rotom|43/100
|move|p2a: Rotom|Volt Switch|p1a: Scizor
|-damage|p1a: Scizor|0 fnt
|faint|p1a: Scizor
|
|t:|1725959847
|switch|p2a: Excadrill|Excadrill, M|10/100|[from] Volt Switch
|
|-weather|Hail|[upkeep]
|-damage|p2a: Excadrill|4/100|[from] Hail
|-heal|p2a: Excadrill|10/100|[from] item: Leftovers
|upkeep
|
|t:|1725959851
|switch|p1a: Mamoswine|Mamoswine, M|62/100
|turn|19
|
|t:|1725959854
|switch|p2a: Rotom|Rotom-Wash|43/100
|move|p1a: Mamoswine|Ice Shard|p2a: Rotom
|-resisted|p2a: Rotom
|-damage|p2a: Rotom|29/100
|
|-weather|Hail|[upkeep]
|-damage|p2a: Rotom|23/100|[from] Hail
|upkeep
|turn|20
|
|t:|1725959866
|move|p2a: Rotom|Hydro Pump|p1a: Mamoswine
|-supereffective|p1a: Mamoswine
|-damage|p1a: Mamoswine|0 fnt
|faint|p1a: Mamoswine
|
|-weather|Hail|[upkeep]
|-damage|p2a: Rotom|17/100|[from] Hail
|upkeep
|
|t:|1725959868
|switch|p1a: Rotom|Rotom-Wash|78/100
|turn|21
|
|t:|1725959874
|move|p2a: Rotom|Hydro Pump|p1a: Rotom
|-resisted|p1a: Rotom
|-damage|p1a: Rotom|48/100
|move|p1a: Rotom|Volt Switch|p2a: Rotom
|-crit|p2a: Rotom
|-damage|p2a: Rotom|0 fnt
|faint|p2a: Rotom
|
|-weather|Hail|[upkeep]
|-damage|p1a: Rotom|42/100|[from] Hail
|-heal|p1a: Rotom|48/100|[from] item: Leftovers
|upkeep
|
|t:|1725959876
|switch|p2a: Excadrill|Excadrill, M|10/100
|turn|22
|
|t:|1725959881
|move|p2a: Excadrill|Rock Slide|p1a: Rotom
|-damage|p1a: Rotom|22/100
|move|p1a: Rotom|Hydro Pump|p2a: Excadrill
|-supereffective|p2a: Excadrill
|-damage|p2a: Excadrill|0 fnt
|faint|p2a: Excadrill
|
|win|Yankiken
|raw|Yankiken's rating: 1436 &rarr; <strong>1452</strong><br />(+16 for winning)
|raw|wallah Morgulis's rating: 1360 &rarr; <strong>1344</strong><br />(-16 for losing)
