|j|☆refsunpersons
|j|☆bad big bratt
|player|p1|refsunpersons|15
|player|p2|bad big bratt|171
|teamsize|p1|6
|teamsize|p2|6
|gametype|singles
|gen|5
|tier|[Gen 5] OU
|rated|
|rule|Sleep Clause Mod: Limit one foe put to sleep
|rule|Species Clause: Limit one of each Pokémon
|rule|OHKO Clause: OHKO moves are banned
|rule|Moody Clause: Moody is banned
|rule|Evasion Moves Clause: Evasion moves are banned
|rule|Endless Battle Clause: Forcing endless battles is banned
|rule|HP Percentage Mod: HP is shown in percentages
|rule|Evasion Abilities Clause: Evasion abilities are banned
|rule|Baton Pass Clause: Limit one Baton Passer, can't pass Spe and other stats simultaneously
|rule|Swagger Clause: Swagger is banned
|clearpoke
|poke|p1|Latios, M|item
|poke|p1|Diglett, M|item
|poke|p1|Xatu, F|item
|poke|p1|Politoed, F|item
|poke|p1|Tornadus, M|item
|poke|p1|Scizor, M|item
|poke|p2|Tyranitar, F|item
|poke|p2|Terrakion|item
|poke|p2|Landorus-Therian, M|item
|poke|p2|Suicune|item
|poke|p2|Amoonguss, M|item
|poke|p2|Magnezone|item
|teampreview
|inactive|Battle timer is ON: inactive players will automatically lose when time's up. (requested by bad big bratt)
|
|start
|switch|p1a: Diglett|Diglett, M|100/100
|switch|p2a: Landorus|Landorus-Therian, M|100/100
|-ability|p2a: Landorus|Intimidate|boost
|-unboost|p1a: Diglett|atk|1
|turn|1
|c|☆refsunpersons|gl hf
|
|switch|p1a: Xatu|Xatu, F|100/100
|move|p2a: Landorus|Earthquake|p1a: Xatu
|-immune|p1a: Xatu|[msg]
|
|upkeep
|turn|2
|j| Vanteline
|
|switch|p2a: Tyranitar|Tyranitar, F|100/100
|-weather|Sandstorm|[from] ability: Sand Stream|[of] p2a: Tyranitar
|move|p1a: Xatu|Night Shade|p2a: Tyranitar
|-damage|p2a: Tyranitar|76/100
|
|-weather|Sandstorm|[upkeep]
|-damage|p1a: Xatu|94/100|[from] Sandstorm
|upkeep
|turn|3
|
|move|p1a: Xatu|Night Shade|p2a: Tyranitar
|-damage|p2a: Tyranitar|51/100
|move|p2a: Tyranitar|Pursuit|p1a: Xatu
|-supereffective|p1a: Xatu
|-damage|p1a: Xatu|53/100
|-damage|p2a: Tyranitar|34/100|[from] item: Rocky Helmet|[of] p1a: Xatu
|
|-weather|Sandstorm|[upkeep]
|-damage|p1a: Xatu|46/100|[from] Sandstorm
|upkeep
|turn|4
|
|move|p1a: Xatu|U-turn|p2a: Tyranitar
|-supereffective|p2a: Tyranitar
|-crit|p2a: Tyranitar
|-damage|p2a: Tyranitar|0
|faint|p2a: Tyranitar
|
|switch|p1a: Politoed|Politoed, F|100/100
|-weather|RainDance|[from] ability: Drizzle|[of] p1a: Politoed
|
|-weather|RainDance|[upkeep]
|upkeep
|c|☆bad big bratt|ofc
|
|switch|p2a: Amoonguss|Amoonguss, M|100/100
|turn|5
|
|switch|p1a: Xatu|Xatu, F|46/100
|move|p2a: Amoonguss|Giga Drain|p1a: Xatu
|-resisted|p1a: Xatu
|-damage|p1a: Xatu|30/100
|
|-weather|RainDance|[upkeep]
|upkeep
|turn|6
|
|move|p1a: Xatu|Toxic|p2a: Amoonguss|[miss]
|-miss|p1a: Xatu|p2a: Amoonguss
|move|p2a: Amoonguss|Hidden Power|p1a: Xatu
|-supereffective|p1a: Xatu
|-damage|p1a: Xatu|0
|faint|p1a: Xatu
|
|-weather|RainDance|[upkeep]
|upkeep
|
|switch|p1a: Tornadus|Tornadus, M|100/100
|turn|7
|
|switch|p2a: Magnezone|Magnezone|100/100
|move|p1a: Tornadus|Focus Blast|p2a: Magnezone|[miss]
|-miss|p1a: Tornadus|p2a: Magnezone
|
|-weather|RainDance|[upkeep]
|upkeep
|turn|8
|
|switch|p1a: Diglett|Diglett, M|100/100
|switch|p2a: Amoonguss|Amoonguss, M|100/100
|
|-weather|RainDance|[upkeep]
|upkeep
|turn|9
|
|move|p1a: Diglett|Stealth Rock|p2a: Amoonguss
|-sidestart|p2: bad big bratt|move: Stealth Rock
|move|p2a: Amoonguss|Giga Drain|p1a: Diglett
|-supereffective|p1a: Diglett
|-enditem|p1a: Diglett|Focus Sash
|-damage|p1a: Diglett|1/100
|
|-weather|RainDance|[upkeep]
|upkeep
|turn|10
|
|move|p1a: Diglett|Rock Slide|p2a: Amoonguss
|-damage|p2a: Amoonguss|84/100
|cant|p2a: Amoonguss|flinch
|
|-weather|RainDance|[upkeep]
|-heal|p2a: Amoonguss|90/100|[from] item: Black Sludge
|upkeep
|turn|11
|
|switch|p1a: Tornadus|Tornadus, M|100/100
|move|p2a: Amoonguss|Hidden Power|p1a: Tornadus
|-supereffective|p1a: Tornadus
|-damage|p1a: Tornadus|63/100
|
|-weather|RainDance|[upkeep]
|-heal|p2a: Amoonguss|96/100|[from] item: Black Sludge
|upkeep
|turn|12
|
|switch|p1a: Diglett|Diglett, M|1/100
|switch|p2a: Magnezone|Magnezone|100/100
|-damage|p2a: Magnezone|94/100|[from] Stealth Rock
|
|-weather|RainDance|[upkeep]
|upkeep
|turn|13
|
|move|p1a: Diglett|Earthquake|p2a: Magnezone
|-supereffective|p2a: Magnezone
|-damage|p2a: Magnezone|0
|faint|p2a: Magnezone
|
|-weather|RainDance|[upkeep]
|upkeep
|
|switch|p2a: Landorus|Landorus-Therian, M|100/100
|-damage|p2a: Landorus|88/100|[from] Stealth Rock
|-ability|p2a: Landorus|Intimidate|boost
|-unboost|p1a: Diglett|atk|1
|turn|14
|
|move|p2a: Landorus|U-turn|p1a: Diglett
|-damage|p1a: Diglett|0
|faint|p1a: Diglett
|
|switch|p2a: Suicune|Suicune|100/100
|-damage|p2a: Suicune|88/100|[from] Stealth Rock
|-ability|p2a: Suicune|Pressure
|
|-weather|RainDance|[upkeep]
|-heal|p2a: Suicune|94/100|[from] item: Leftovers
|upkeep
|
|switch|p1a: Latios|Latios, M|100/100
|turn|15
|
|move|p2a: Suicune|Protect|p2a: Suicune
|-singleturn|p2a: Suicune|Protect
|move|p1a: Latios|Thunder|p2a: Suicune
|-activate|p2a: Suicune|move: Protect
|
|-weather|RainDance|[upkeep]
|-heal|p2a: Suicune|100/100|[from] item: Leftovers
|upkeep
|turn|16
|
|switch|p2a: Amoonguss|Amoonguss, M|100/100
|-damage|p2a: Amoonguss|88/100|[from] Stealth Rock
|move|p1a: Latios|Draco Meteor|p2a: Amoonguss
|-damage|p2a: Amoonguss|27/100
|-unboost|p1a: Latios|spa|2
|-damage|p1a: Latios|91/100|[from] item: Life Orb
|
|-weather|RainDance|[upkeep]
|-heal|p2a: Amoonguss|33/100|[from] item: Black Sludge
|upkeep
|turn|17
|
|move|p1a: Latios|Draco Meteor|p2a: Amoonguss
|-damage|p2a: Amoonguss|0
|-unboost|p1a: Latios|spa|2
|-damage|p1a: Latios|81/100|[from] item: Life Orb
|faint|p2a: Amoonguss
|
|-weather|RainDance|[upkeep]
|upkeep
|c|☆bad big bratt|this virgin and his luck. holy
|
|switch|p2a: Landorus|Landorus-Therian, M|88/100
|-damage|p2a: Landorus|76/100|[from] Stealth Rock
|-ability|p2a: Landorus|Intimidate|boost
|-unboost|p1a: Latios|atk|1
|turn|18
|
|switch|p1a: Tornadus|Tornadus, M|63/100
|move|p2a: Landorus|U-turn|p1a: Tornadus
|-resisted|p1a: Tornadus
|-damage|p1a: Tornadus|43/100
|c|☆refsunpersons|holy describes me well
|
|switch|p2a: Terrakion|Terrakion|100/100
|-damage|p2a: Terrakion|94/100|[from] Stealth Rock
|
|-weather|RainDance|[upkeep]
|upkeep
|turn|19
|
|move|p1a: Tornadus|Hurricane|p2a: Terrakion
|-damage|p2a: Terrakion|0
|faint|p2a: Terrakion
|
|-weather|RainDance|[upkeep]
|upkeep
|
|switch|p2a: Landorus|Landorus-Therian, M|76/100
|-damage|p2a: Landorus|64/100|[from] Stealth Rock
|-ability|p2a: Landorus|Intimidate|boost
|-unboost|p1a: Tornadus|atk|1
|turn|20
|
|move|p2a: Landorus|U-turn|p1a: Tornadus
|-resisted|p1a: Tornadus
|-damage|p1a: Tornadus|22/100
|c|☆bad big bratt|bg kiddo
|-message|bad big bratt forfeited.
|
|win|refsunpersons
|l|☆bad big bratt
|raw|refsunpersons's rating: 1384 &rarr; <strong>1406</strong><br />(+22 for winning)
|raw|bad big bratt's rating: 1417 &rarr; <strong>1395</strong><br />(-22 for losing)
|c|☆refsunpersons|hahaha
