|j|☆Crimsonbacon38
|j|☆repinho2711
|t:|1721755121
|gametype|singles
|player|p1|Crimsonbacon38|barry|1306
|player|p2|repinho2711|ethan|1470
|teamsize|p1|6
|teamsize|p2|6
|gen|5
|tier|[Gen 5] OU
|rated|
|rule|Species Clause: Limit one of each Pokémon
|rule|OHKO Clause: OHKO moves are banned
|rule|Moody Clause: Moody is banned
|rule|Evasion Items Clause: Evasion items are banned
|rule|Evasion Moves Clause: Evasion moves are banned
|rule|Endless Battle Clause: Forcing endless battles is banned
|rule|HP Percentage Mod: HP is shown in percentages
|rule|Evasion Abilities Clause: Evasion abilities are banned
|rule|Sleep Moves Clause: Sleep-inducing moves are banned
|rule|Swagger Clause: Swagger is banned
|rule|Baton Pass Stat Clause: No Baton Passer may have a way to boost its stats
|clearpoke
|poke|p1|Starmie|item
|poke|p1|Dragonite, M|item
|poke|p1|Garchomp, M|item
|poke|p1|Metagross|item
|poke|p1|Volcarona, M|item
|poke|p1|Thundurus-Therian, M|item
|poke|p2|Dragonite, M|item
|poke|p2|Gyarados, M|item
|poke|p2|Espeon, F|item
|poke|p2|Scizor, M|item
|poke|p2|Donphan, M|item
|poke|p2|Porygon-Z|item
|teampreview
|inactive|Battle timer is ON: inactive players will automatically lose when time's up. (requested by repinho2711)
|
|t:|1721755153
|start
|switch|p1a: Garchomp|Garchomp, M|100/100
|switch|p2a: Porygon-Z|Porygon-Z|100/100
|turn|1
|
|t:|1721755156
|switch|p2a: Espeon|Espeon, F|100/100
|move|p1a: Garchomp|Stealth Rock|p2a: Espeon
|move|p2a: Espeon|Stealth Rock|p1a: Garchomp|[from]ability: Magic Bounce
|-sidestart|p1: Crimsonbacon38|move: Stealth Rock
|
|upkeep
|turn|2
|
|t:|1721755160
|move|p2a: Espeon|Psychic|p1a: Garchomp
|-damage|p1a: Garchomp|49/100
|move|p1a: Garchomp|Earthquake|p2a: Espeon
|-damage|p2a: Espeon|0 fnt
|faint|p2a: Espeon
|
|upkeep
|
|t:|1721755166
|switch|p2a: Donphan|Donphan, M|100/100
|turn|3
|
|t:|1721755173
|switch|p1a: Metagross|Metagross|100/100
|-damage|p1a: Metagross|94/100|[from] Stealth Rock
|move|p2a: Donphan|Ice Shard|p1a: Metagross
|-resisted|p1a: Metagross
|-damage|p1a: Metagross|90/100
|
|upkeep
|turn|4
|
|t:|1721755187
|switch|p1a: Starmie|Starmie|100/100
|-damage|p1a: Starmie|88/100|[from] Stealth Rock
|-item|p1a: Starmie|Air Balloon
|move|p2a: Donphan|Earthquake|p1a: Starmie
|-immune|p1a: Starmie
|
|upkeep
|turn|5
|
|t:|1721755194
|switch|p2a: Porygon-Z|Porygon-Z|100/100
|move|p1a: Starmie|Rapid Spin|p2a: Porygon-Z
|-damage|p2a: Porygon-Z|96/100
|-sideend|p1: Crimsonbacon38|Stealth Rock|[from] move: Rapid Spin|[of] p1a: Starmie
|
|upkeep
|turn|6
|
|t:|1721755201
|switch|p1a: Metagross|Metagross|90/100
|move|p2a: Porygon-Z|Tri Attack|p1a: Metagross
|-resisted|p1a: Metagross
|-damage|p1a: Metagross|59/100
|
|upkeep
|turn|7
|
|t:|1721755212
|switch|p2a: Donphan|Donphan, M|100/100
|move|p1a: Metagross|Zen Headbutt|p2a: Donphan
|-damage|p2a: Donphan|57/100
|
|-heal|p2a: Donphan|63/100|[from] item: Leftovers
|upkeep
|turn|8
|
|t:|1721755221
|switch|p1a: Starmie|Starmie|88/100
|-item|p1a: Starmie|Air Balloon
|move|p2a: Donphan|Stealth Rock|p1a: Starmie
|-sidestart|p1: Crimsonbacon38|move: Stealth Rock
|
|-heal|p2a: Donphan|69/100|[from] item: Leftovers
|upkeep
|turn|9
|
|t:|1721755228
|move|p2a: Donphan|Ice Shard|p1a: Starmie
|-resisted|p1a: Starmie
|-damage|p1a: Starmie|78/100
|-enditem|p1a: Starmie|Air Balloon
|move|p1a: Starmie|Hydro Pump|p2a: Donphan|[miss]
|-miss|p1a: Starmie|p2a: Donphan
|
|-heal|p2a: Donphan|75/100|[from] item: Leftovers
|upkeep
|turn|10
|
|t:|1721755233
|switch|p2a: Porygon-Z|Porygon-Z|96/100
|move|p1a: Starmie|Rapid Spin|p2a: Porygon-Z
|-damage|p2a: Porygon-Z|92/100
|-sideend|p1: Crimsonbacon38|Stealth Rock|[from] move: Rapid Spin|[of] p1a: Starmie
|
|upkeep
|turn|11
|
|t:|1721755239
|switch|p1a: Metagross|Metagross|59/100
|move|p2a: Porygon-Z|Tri Attack|p1a: Metagross
|-resisted|p1a: Metagross
|-damage|p1a: Metagross|28/100
|
|upkeep
|turn|12
|
|t:|1721755246
|move|p2a: Porygon-Z|Tri Attack|p1a: Metagross
|-resisted|p1a: Metagross
|-damage|p1a: Metagross|0 fnt
|faint|p1a: Metagross
|
|upkeep
|
|t:|1721755253
|switch|p1a: Garchomp|Garchomp, M|49/100
|turn|13
|
|t:|1721755255
|move|p2a: Porygon-Z|Tri Attack|p1a: Garchomp
|-damage|p1a: Garchomp|0 fnt
|faint|p1a: Garchomp
|
|upkeep
|
|t:|1721755259
|switch|p1a: Volcarona|Volcarona, M|100/100
|turn|14
|
|t:|1721755261
|move|p2a: Porygon-Z|Tri Attack|p1a: Volcarona
|-damage|p1a: Volcarona|44/100
|-status|p1a: Volcarona|frz
|-enditem|p1a: Volcarona|Lum Berry|[eat]
|-curestatus|p1a: Volcarona|frz|[msg]
|move|p1a: Volcarona|Quiver Dance|p1a: Volcarona
|-boost|p1a: Volcarona|spa|1
|-boost|p1a: Volcarona|spd|1
|-boost|p1a: Volcarona|spe|1
|
|upkeep
|turn|15
|
|t:|1721755273
|switch|p2a: Dragonite|Dragonite, M, shiny|100/100
|move|p1a: Volcarona|Flamethrower|p2a: Dragonite
|-resisted|p2a: Dragonite
|-damage|p2a: Dragonite|79/100
|
|-heal|p2a: Dragonite|85/100|[from] item: Leftovers
|upkeep
|turn|16
|
|t:|1721755282
|switch|p1a: Starmie|Starmie|78/100
|move|p2a: Dragonite|Extreme Speed|p1a: Starmie
|-damage|p1a: Starmie|44/100
|
|-heal|p2a: Dragonite|91/100|[from] item: Leftovers
|upkeep
|turn|17
|
|t:|1721755286
|switch|p2a: Porygon-Z|Porygon-Z|92/100
|move|p1a: Starmie|Ice Beam|p2a: Porygon-Z
|-damage|p2a: Porygon-Z|53/100
|
|upkeep
|turn|18
|
|t:|1721755294
|move|p2a: Porygon-Z|Tri Attack|p1a: Starmie
|-damage|p1a: Starmie|0 fnt
|faint|p1a: Starmie
|
|upkeep
|
|t:|1721755299
|switch|p1a: Dragonite|Dragonite, M|100/100
|turn|19
|
|t:|1721755305
|switch|p2a: Donphan|Donphan, M|75/100
|move|p1a: Dragonite|Dragon Dance|p1a: Dragonite
|-boost|p1a: Dragonite|atk|1
|-boost|p1a: Dragonite|spe|1
|
|-heal|p2a: Donphan|82/100|[from] item: Leftovers
|upkeep
|turn|20
|
|t:|1721755313
|move|p1a: Dragonite|Dragon Dance|p1a: Dragonite
|-boost|p1a: Dragonite|atk|1
|-boost|p1a: Dragonite|spe|1
|move|p2a: Donphan|Stealth Rock|p1a: Dragonite
|-sidestart|p1: Crimsonbacon38|move: Stealth Rock
|
|-heal|p2a: Donphan|88/100|[from] item: Leftovers
|upkeep
|turn|21
|
|t:|1721755321
|move|p2a: Donphan|Ice Shard|p1a: Dragonite
|-supereffective|p1a: Dragonite
|-damage|p1a: Dragonite|71/100
|move|p1a: Dragonite|Outrage|p2a: Donphan
|-damage|p2a: Donphan|0 fnt
|faint|p2a: Donphan
|
|upkeep
|
|t:|1721755332
|switch|p2a: Gyarados|Gyarados, M, shiny|100/100
|-ability|p2a: Gyarados|Intimidate|boost
|-unboost|p1a: Dragonite|atk|1
|turn|22
|
|t:|1721755336
|move|p1a: Dragonite|Outrage|p2a: Gyarados|[from]lockedmove
|-damage|p2a: Gyarados|0 fnt
|faint|p2a: Gyarados
|-start|p1a: Dragonite|confusion|[fatigue]
|-enditem|p1a: Dragonite|Lum Berry|[eat]
|-end|p1a: Dragonite|confusion
|
|upkeep
|
|t:|1721755345
|switch|p2a: Scizor|Scizor, M, shiny|100/100
|turn|23
|
|t:|1721755354
|move|p2a: Scizor|Bullet Punch|p1a: Dragonite
|-damage|p1a: Dragonite|23/100
|-damage|p2a: Scizor|91/100|[from] item: Life Orb
|move|p1a: Dragonite|Earthquake|p2a: Scizor
|-damage|p2a: Scizor|22/100
|
|upkeep
|turn|24
|
|t:|1721755357
|move|p1a: Dragonite|Extreme Speed|p2a: Scizor
|-resisted|p2a: Scizor
|-damage|p2a: Scizor|0 fnt
|faint|p2a: Scizor
|
|upkeep
|
|t:|1721755361
|switch|p2a: Dragonite|Dragonite, M, shiny|91/100
|turn|25
|
|t:|1721755368
|move|p2a: Dragonite|Extreme Speed|p1a: Dragonite
|-damage|p1a: Dragonite|0 fnt
|faint|p1a: Dragonite
|
|-heal|p2a: Dragonite|97/100|[from] item: Leftovers
|upkeep
|
|t:|1721755373
|switch|p1a: Thundurus|Thundurus-Therian, M|100/100
|-damage|p1a: Thundurus|76/100|[from] Stealth Rock
|turn|26
|
|t:|1721755377
|move|p2a: Dragonite|Extreme Speed|p1a: Thundurus
|-damage|p1a: Thundurus|42/100
|move|p1a: Thundurus|Hidden Power|p2a: Dragonite
|-supereffective|p2a: Dragonite
|-damage|p2a: Dragonite|0 fnt
|faint|p2a: Dragonite
|
|upkeep
|
|t:|1721755379
|switch|p2a: Porygon-Z|Porygon-Z|53/100
|turn|27
|
|t:|1721755381
|move|p2a: Porygon-Z|Tri Attack|p1a: Thundurus
|-damage|p1a: Thundurus|0 fnt
|faint|p1a: Thundurus
|
|upkeep
|
|t:|1721755385
|switch|p1a: Volcarona|Volcarona, M|44/100
|-damage|p1a: Volcarona|0 fnt|[from] Stealth Rock
|faint|p1a: Volcarona
|
|win|repinho2711
|raw|Crimsonbacon38's rating: 1306 &rarr; <strong>1295</strong><br />(-11 for losing)
|raw|repinho2711's rating: 1470 &rarr; <strong>1481</strong><br />(+11 for winning)
|l|☆repinho2711
|player|p2|
|c|☆Crimsonbacon38|gg
