|j|☆snof2
|j|☆lemonite90
|t:|1716215051
|gametype|singles
|player|p1|snof2|1|1383
|player|p2|lemonite90|265|1371
|teamsize|p1|6
|teamsize|p2|6
|gen|5
|tier|[Gen 5] OU
|rated|
|rule|Species Clause: Limit one of each Pokémon
|rule|OHKO Clause: OHKO moves are banned
|rule|Moody Clause: Moody is banned
|rule|Evasion Items Clause: Evasion items are banned
|rule|Evasion Moves Clause: Evasion moves are banned
|rule|Endless Battle Clause: Forcing endless battles is banned
|rule|HP Percentage Mod: HP is shown in percentages
|rule|Evasion Abilities Clause: Evasion abilities are banned
|rule|Sleep Moves Clause: Sleep-inducing moves are banned
|rule|Swagger Clause: Swagger is banned
|rule|Baton Pass Stat Clause: No Baton Passer may have a way to boost its stats
|clearpoke
|poke|p1|Clefable, F|item
|poke|p1|Reuniclus, F|item
|poke|p1|Gliscor, M|item
|poke|p1|Ferrothorn, M|item
|poke|p1|Tyranitar, M|item
|poke|p1|Rotom|item
|poke|p2|Heatran, M|item
|poke|p2|Dragonite, M|item
|poke|p2|Alakazam, F|item
|poke|p2|Scizor, F|item
|poke|p2|Gastrodon, F|item
|poke|p2|Tyranitar, M|item
|teampreview
|
|t:|1716215069
|start
|switch|p1a: Gliscor|Gliscor, M|100/100
|switch|p2a: Heatran|Heatran, M|100/100
|-item|p2a: Heatran|Air Balloon
|turn|1
|
|t:|1716215078
|move|p1a: Gliscor|Stealth Rock|p2a: Heatran
|-sidestart|p2: lemonite90|move: Stealth Rock
|move|p2a: Heatran|Stealth Rock|p1a: Gliscor
|-sidestart|p1: snof2|move: Stealth Rock
|
|-status|p1a: Gliscor|tox|[from] item: Toxic Orb
|upkeep
|turn|2
|
|t:|1716215085
|move|p1a: Gliscor|U-turn|p2a: Heatran
|-resisted|p2a: Heatran
|-damage|p2a: Heatran|96/100
|-enditem|p2a: Heatran|Air Balloon
|
|t:|1716215094
|switch|p1a: Clefable|Clefable, F|100/100|[from] U-turn
|move|p2a: Heatran|Flamethrower|p1a: Clefable
|-damage|p1a: Clefable|62/100
|
|-heal|p1a: Clefable|68/100|[from] item: Leftovers
|upkeep
|turn|3
|
|t:|1716215103
|move|p2a: Heatran|Flamethrower|p1a: Clefable
|-damage|p1a: Clefable|32/100
|move|p1a: Clefable|Thunder Wave|p2a: Heatran
|-status|p2a: Heatran|par
|
|-heal|p1a: Clefable|39/100|[from] item: Leftovers
|upkeep
|turn|4
|
|t:|1716215112
|move|p1a: Clefable|Soft-Boiled|p1a: Clefable
|-heal|p1a: Clefable|89/100
|cant|p2a: Heatran|par
|
|-heal|p1a: Clefable|95/100|[from] item: Leftovers
|upkeep
|turn|5
|
|t:|1716215120
|move|p1a: Clefable|Seismic Toss|p2a: Heatran
|-damage|p2a: Heatran|70/100 par
|move|p2a: Heatran|Flamethrower|p1a: Clefable
|-damage|p1a: Clefable|59/100
|
|-heal|p1a: Clefable|65/100|[from] item: Leftovers
|upkeep
|turn|6
|
|t:|1716215131
|move|p1a: Clefable|Seismic Toss|p2a: Heatran
|-damage|p2a: Heatran|45/100 par
|move|p2a: Heatran|Flamethrower|p1a: Clefable
|-damage|p1a: Clefable|27/100
|
|-heal|p1a: Clefable|33/100|[from] item: Leftovers
|upkeep
|turn|7
|
|t:|1716215140
|switch|p2a: Scizor|Scizor, F|100/100
|-damage|p2a: Scizor|88/100|[from] Stealth Rock
|move|p1a: Clefable|Soft-Boiled|p1a: Clefable
|-heal|p1a: Clefable|83/100
|
|-heal|p1a: Clefable|90/100|[from] item: Leftovers
|upkeep
|turn|8
|
|t:|1716215150
|switch|p1a: Rotom|Rotom|100/100
|-damage|p1a: Rotom|88/100|[from] Stealth Rock
|move|p2a: Scizor|U-turn|p1a: Rotom
|-resisted|p1a: Rotom
|-crit|p1a: Rotom
|-damage|p1a: Rotom|13/100
|
|t:|1716215180
|switch|p2a: Gastrodon|Gastrodon, F|100/100|[from] U-turn
|-damage|p2a: Gastrodon|94/100|[from] Stealth Rock
|
|-heal|p1a: Rotom|19/100|[from] item: Leftovers
|-heal|p2a: Gastrodon|100/100|[from] item: Leftovers
|upkeep
|turn|9
|
|t:|1716215191
|move|p1a: Rotom|Pain Split|p2a: Gastrodon
|-sethp|p2a: Gastrodon|56/100|[from] move: Pain Split|[silent]
|-sethp|p1a: Rotom|98/100|[from] move: Pain Split
|move|p2a: Gastrodon|Ice Beam|p1a: Rotom
|-damage|p1a: Rotom|67/100
|
|-heal|p1a: Rotom|74/100|[from] item: Leftovers
|-heal|p2a: Gastrodon|62/100|[from] item: Leftovers
|upkeep
|turn|10
|
|t:|1716215201
|switch|p1a: Ferrothorn|Ferrothorn, M|100/100
|-damage|p1a: Ferrothorn|94/100|[from] Stealth Rock
|move|p2a: Gastrodon|Toxic|p1a: Ferrothorn
|-immune|p1a: Ferrothorn
|
|-heal|p2a: Gastrodon|68/100|[from] item: Leftovers
|-heal|p1a: Ferrothorn|100/100|[from] item: Leftovers
|upkeep
|turn|11
|
|t:|1716215212
|switch|p2a: Scizor|Scizor, F|88/100
|-damage|p2a: Scizor|76/100|[from] Stealth Rock
|move|p1a: Ferrothorn|Spikes|p2a: Scizor
|-sidestart|p2: lemonite90|Spikes
|
|upkeep
|turn|12
|
|t:|1716215223
|switch|p1a: Gliscor|Gliscor, M|100/100 tox
|-damage|p1a: Gliscor|88/100 tox|[from] Stealth Rock
|move|p2a: Scizor|Superpower|p1a: Gliscor
|-resisted|p1a: Gliscor
|-damage|p1a: Gliscor|53/100 tox
|-unboost|p2a: Scizor|atk|1
|-unboost|p2a: Scizor|def|1
|
|-heal|p1a: Gliscor|65/100 tox|[from] ability: Poison Heal
|upkeep
|turn|13
|
|t:|1716215237
|switch|p2a: Gastrodon|Gastrodon, F|68/100
|-damage|p2a: Gastrodon|62/100|[from] Stealth Rock
|-damage|p2a: Gastrodon|49/100|[from] Spikes
|move|p1a: Gliscor|Earthquake|p2a: Gastrodon
|-damage|p2a: Gastrodon|19/100
|
|-heal|p2a: Gastrodon|25/100|[from] item: Leftovers
|-heal|p1a: Gliscor|78/100 tox|[from] ability: Poison Heal
|upkeep
|turn|14
|
|t:|1716215249
|switch|p2a: Dragonite|Dragonite, M|100/100
|-damage|p2a: Dragonite|76/100|[from] Stealth Rock
|move|p1a: Gliscor|Earthquake|p2a: Dragonite
|-immune|p2a: Dragonite
|
|-heal|p1a: Gliscor|90/100 tox|[from] ability: Poison Heal
|upkeep
|turn|15
|
|t:|1716215259
|move|p1a: Gliscor|U-turn|p2a: Dragonite
|-resisted|p2a: Dragonite
|-damage|p2a: Dragonite|65/100
|
|t:|1716215268
|switch|p1a: Tyranitar|Tyranitar, M|100/100|[from] U-turn
|-damage|p1a: Tyranitar|88/100|[from] Stealth Rock
|-weather|Sandstorm|[from] ability: Sand Stream|[of] p1a: Tyranitar
|move|p2a: Dragonite|Dragon Dance|p2a: Dragonite
|-boost|p2a: Dragonite|atk|1
|-boost|p2a: Dragonite|spe|1
|
|-weather|Sandstorm|[upkeep]
|-damage|p2a: Dragonite|58/100|[from] Sandstorm
|upkeep
|turn|16
|
|t:|1716215281
|move|p2a: Dragonite|Earthquake|p1a: Tyranitar
|-supereffective|p1a: Tyranitar
|-damage|p1a: Tyranitar|0 fnt
|faint|p1a: Tyranitar
|
|-weather|Sandstorm|[upkeep]
|-damage|p2a: Dragonite|52/100|[from] Sandstorm
|upkeep
|
|t:|1716215288
|switch|p1a: Ferrothorn|Ferrothorn, M|100/100
|-damage|p1a: Ferrothorn|94/100|[from] Stealth Rock
|turn|17
|
|t:|1716215294
|switch|p2a: Scizor|Scizor, F|76/100
|-damage|p2a: Scizor|63/100|[from] Stealth Rock
|-damage|p2a: Scizor|51/100|[from] Spikes
|move|p1a: Ferrothorn|Leech Seed|p2a: Scizor
|-start|p2a: Scizor|move: Leech Seed
|
|-weather|Sandstorm|[upkeep]
|-heal|p1a: Ferrothorn|100/100|[from] item: Leftovers
|-damage|p2a: Scizor|38/100|[from] Leech Seed|[of] p1a: Ferrothorn
|upkeep
|turn|18
|
|t:|1716215311
|switch|p1a: Gliscor|Gliscor, M|90/100 tox
|-damage|p1a: Gliscor|78/100 tox|[from] Stealth Rock
|move|p2a: Scizor|U-turn|p1a: Gliscor
|-resisted|p1a: Gliscor
|-damage|p1a: Gliscor|46/100 tox
|
|t:|1716215322
|switch|p2a: Alakazam|Alakazam, F|100/100|[from] U-turn
|
|-weather|Sandstorm|[upkeep]
|-heal|p1a: Gliscor|59/100 tox|[from] ability: Poison Heal
|upkeep
|turn|19
|
|t:|1716215330
|switch|p2a: Scizor|Scizor, F|38/100
|-damage|p2a: Scizor|26/100|[from] Stealth Rock
|-damage|p2a: Scizor|14/100|[from] Spikes
|move|p1a: Gliscor|Protect||[still]
|-fail|p1a: Gliscor
|
|-weather|Sandstorm|[upkeep]
|-heal|p1a: Gliscor|71/100 tox|[from] ability: Poison Heal
|upkeep
|turn|20
|
|t:|1716215341
|move|p1a: Gliscor|Protect|p1a: Gliscor
|-singleturn|p1a: Gliscor|Protect
|move|p2a: Scizor|U-turn|p1a: Gliscor
|-activate|p1a: Gliscor|move: Protect
|
|-weather|Sandstorm|[upkeep]
|-heal|p1a: Gliscor|83/100 tox|[from] ability: Poison Heal
|upkeep
|turn|21
|-message|lemonite90 forfeited.
|
|win|snof2
|raw|snof2's rating: 1383 &rarr; <strong>1402</strong><br />(+19 for winning)
|raw|lemonite90's rating: 1371 &rarr; <strong>1352</strong><br />(-19 for losing)
|l|☆lemonite90
|player|p2|
