|j|☆fun trading
|j|☆Erdark
|t:|1710014335
|gametype|singles
|player|p1|fun trading|fisherman|1371
|player|p2|Erdark|clair|1266
|teamsize|p1|6
|teamsize|p2|6
|gen|5
|tier|[Gen 5] OU
|rated|
|rule|Species Clause: Limit one of each Pokémon
|rule|OHKO Clause: OHKO moves are banned
|rule|Moody Clause: Moody is banned
|rule|Evasion Items Clause: Evasion items are banned
|rule|Evasion Moves Clause: Evasion moves are banned
|rule|Endless Battle Clause: Forcing endless battles is banned
|rule|HP Percentage Mod: HP is shown in percentages
|rule|Evasion Abilities Clause: Evasion abilities are banned
|rule|Sleep Moves Clause: Sleep-inducing moves are banned
|rule|Swagger Clause: Swagger is banned
|rule|Baton Pass Stat Clause: No Baton Passer may have a way to boost its stats
|clearpoke
|poke|p1|Tyranitar, M|item
|poke|p1|Skarmory, F|item
|poke|p1|Gastrodon, M|item
|poke|p1|Reuniclus, F|item
|poke|p1|Alakazam, M|item
|poke|p1|Gliscor, M|item
|poke|p2|Espeon, M|item
|poke|p2|Kyurem-Black|item
|poke|p2|Scizor, M|item
|poke|p2|Landorus-Therian, M|item
|poke|p2|Keldeo|item
|poke|p2|Jellicent, F|item
|teampreview
|inactive|Battle timer is ON: inactive players will automatically lose when time's up. (requested by Erdark)
|
|t:|1710014359
|start
|switch|p1a: Tyranitar|Tyranitar, M|100/100
|switch|p2a: kraboss|Scizor, M|100/100
|-weather|Sandstorm|[from] ability: Sand Stream|[of] p1a: Tyranitar
|turn|1
|
|t:|1710014373
|switch|p1a: Skarmory|Skarmory, F|100/100
|move|p2a: kraboss|Swords Dance|p2a: kraboss
|-boost|p2a: kraboss|atk|2
|
|-weather|Sandstorm|[upkeep]
|upkeep
|turn|2
|
|t:|1710014389
|switch|p2a: neuro|Espeon, M|100/100
|move|p1a: Skarmory|Whirlwind|p2a: neuro
|move|p2a: neuro|Whirlwind|p1a: Skarmory|[from]ability: Magic Bounce
|drag|p1a: Gastrodon|Gastrodon, M|100/100
|
|-weather|Sandstorm|[upkeep]
|-damage|p2a: neuro|95/100|[from] Sandstorm
|upkeep
|turn|3
|
|t:|1710014401
|switch|p2a: billy the cat|Landorus-Therian, M|100/100
|-ability|p2a: billy the cat|Intimidate|boost
|-unboost|p1a: Gastrodon|atk|1
|switch|p1a: Tyranitar|Tyranitar, M|100/100
|
|-weather|Sandstorm|[upkeep]
|upkeep
|turn|4
|
|t:|1710014409
|switch|p1a: Gliscor|Gliscor, M|100/100
|move|p2a: billy the cat|Stealth Rock|p1a: Gliscor
|-sidestart|p1: fun trading|move: Stealth Rock
|
|-weather|Sandstorm|[upkeep]
|-status|p1a: Gliscor|tox|[from] item: Toxic Orb
|upkeep
|turn|5
|
|t:|1710014416
|move|p1a: Gliscor|Stealth Rock|p2a: billy the cat
|-sidestart|p2: Erdark|move: Stealth Rock
|move|p2a: billy the cat|Hidden Power|p1a: Gliscor
|-supereffective|p1a: Gliscor
|-damage|p1a: Gliscor|46/100 tox
|
|-weather|Sandstorm|[upkeep]
|-heal|p1a: Gliscor|58/100 tox|[from] ability: Poison Heal
|upkeep
|turn|6
|
|t:|1710014423
|move|p1a: Gliscor|Protect|p1a: Gliscor
|-singleturn|p1a: Gliscor|Protect
|move|p2a: billy the cat|U-turn|p1a: Gliscor
|-activate|p1a: Gliscor|move: Protect
|
|-weather|Sandstorm|[upkeep]
|-heal|p1a: Gliscor|71/100 tox|[from] ability: Poison Heal
|upkeep
|turn|7
|
|t:|1710014431
|move|p1a: Gliscor|Knock Off|p2a: billy the cat
|-damage|p2a: billy the cat|97/100
|-enditem|p2a: billy the cat|Leftovers|[from] move: Knock Off|[of] p1a: Gliscor
|move|p2a: billy the cat|Hidden Power|p1a: Gliscor
|-supereffective|p1a: Gliscor
|-damage|p1a: Gliscor|16/100 tox
|
|-weather|Sandstorm|[upkeep]
|-heal|p1a: Gliscor|29/100 tox|[from] ability: Poison Heal
|upkeep
|turn|8
|
|t:|1710014441
|move|p1a: Gliscor|Protect|p1a: Gliscor
|-singleturn|p1a: Gliscor|Protect
|move|p2a: billy the cat|U-turn|p1a: Gliscor
|-activate|p1a: Gliscor|move: Protect
|
|-weather|Sandstorm|[upkeep]
|-heal|p1a: Gliscor|41/100 tox|[from] ability: Poison Heal
|upkeep
|turn|9
|
|t:|1710014448
|switch|p1a: Skarmory|Skarmory, F|100/100
|-damage|p1a: Skarmory|88/100|[from] Stealth Rock
|move|p2a: billy the cat|U-turn|p1a: Skarmory
|-resisted|p1a: Skarmory
|-crit|p1a: Skarmory
|-damage|p1a: Skarmory|80/100
|
|t:|1710014460
|switch|p2a: bouboule|Jellicent, F|100/100|[from] U-turn
|-damage|p2a: bouboule|88/100|[from] Stealth Rock
|
|-weather|Sandstorm|[upkeep]
|-damage|p2a: bouboule|82/100|[from] Sandstorm
|-heal|p1a: Skarmory|86/100|[from] item: Leftovers
|-heal|p2a: bouboule|88/100|[from] item: Leftovers
|upkeep
|turn|10
|
|t:|1710014472
|switch|p1a: Gastrodon|Gastrodon, M|100/100
|-damage|p1a: Gastrodon|94/100|[from] Stealth Rock
|move|p2a: bouboule|Scald|p1a: Gastrodon
|-ability|p1a: Gastrodon|Storm Drain|boost
|-boost|p1a: Gastrodon|spa|1
|
|-weather|Sandstorm|[upkeep]
|-damage|p2a: bouboule|82/100|[from] Sandstorm
|-heal|p2a: bouboule|88/100|[from] item: Leftovers
|-heal|p1a: Gastrodon|100/100|[from] item: Leftovers
|upkeep
|turn|11
|
|t:|1710014491
|move|p2a: bouboule|Toxic|p1a: Gastrodon
|-status|p1a: Gastrodon|tox
|move|p1a: Gastrodon|Scald|p2a: bouboule
|-heal|p2a: bouboule|100/100|[from] ability: Water Absorb|[of] p1a: Gastrodon
|
|-weather|Sandstorm|[upkeep]
|-damage|p2a: bouboule|94/100|[from] Sandstorm
|-heal|p2a: bouboule|100/100|[from] item: Leftovers
|-damage|p1a: Gastrodon|94/100 tox|[from] psn
|upkeep
|turn|12
|
|t:|1710014501
|move|p2a: bouboule|Shadow Ball|p1a: Gastrodon
|-damage|p1a: Gastrodon|72/100 tox
|move|p1a: Gastrodon|Scald|p2a: bouboule
|-immune|p2a: bouboule|[from] ability: Water Absorb
|
|-weather|Sandstorm|[upkeep]
|-damage|p2a: bouboule|94/100|[from] Sandstorm
|-heal|p2a: bouboule|100/100|[from] item: Leftovers
|-heal|p1a: Gastrodon|78/100 tox|[from] item: Leftovers
|-damage|p1a: Gastrodon|66/100 tox|[from] psn
|upkeep
|turn|13
|
|t:|1710014516
|move|p2a: bouboule|Toxic|p1a: Gastrodon
|-fail|p1a: Gastrodon|tox
|move|p1a: Gastrodon|Toxic|p2a: bouboule|[miss]
|-miss|p1a: Gastrodon|p2a: bouboule
|
|-weather|Sandstorm|[upkeep]
|-damage|p2a: bouboule|94/100|[from] Sandstorm
|-heal|p2a: bouboule|100/100|[from] item: Leftovers
|-heal|p1a: Gastrodon|72/100 tox|[from] item: Leftovers
|-damage|p1a: Gastrodon|54/100 tox|[from] psn
|upkeep
|turn|14
|
|t:|1710014544
|switch|p2a: kraboss|Scizor, M|100/100
|-damage|p2a: kraboss|88/100|[from] Stealth Rock
|move|p1a: Gastrodon|Scald|p2a: kraboss
|-damage|p2a: kraboss|35/100
|-status|p2a: kraboss|brn
|
|-weather|Sandstorm|[upkeep]
|-heal|p1a: Gastrodon|60/100 tox|[from] item: Leftovers
|-damage|p1a: Gastrodon|35/100 tox|[from] psn
|-damage|p2a: kraboss|23/100 brn|[from] brn
|upkeep
|turn|15
|inactive|Erdark has 120 seconds left.
|
|t:|1710014583
|-activate|p1a: Gastrodon|move: Pursuit
|move|p2a: kraboss|Pursuit|p1a: Gastrodon|[from]Pursuit
|-damage|p1a: Gastrodon|21/100 tox
|-damage|p2a: kraboss|13/100 brn|[from] item: Life Orb
|switch|p1a: Skarmory|Skarmory, F|86/100
|-damage|p1a: Skarmory|74/100|[from] Stealth Rock
|
|-weather|Sandstorm|[upkeep]
|-heal|p1a: Skarmory|80/100|[from] item: Leftovers
|-damage|p2a: kraboss|0 fnt|[from] brn
|faint|p2a: kraboss
|upkeep
|
|t:|1710014601
|switch|p2a: buldoze|Kyurem-Black|100/100
|-damage|p2a: buldoze|76/100|[from] Stealth Rock
|-ability|p2a: buldoze|Teravolt
|turn|16
|
|t:|1710014610
|switch|p1a: Gastrodon|Gastrodon, M|21/100 tox
|-damage|p1a: Gastrodon|15/100 tox|[from] Stealth Rock
|move|p2a: buldoze|Fusion Bolt|p1a: Gastrodon
|-immune|p1a: Gastrodon
|
|-weather|Sandstorm|[upkeep]
|-damage|p2a: buldoze|70/100|[from] Sandstorm
|-heal|p1a: Gastrodon|21/100 tox|[from] item: Leftovers
|-damage|p1a: Gastrodon|15/100 tox|[from] psn
|upkeep
|turn|17
|
|t:|1710014622
|switch|p2a: billy the cat|Landorus-Therian, M|97/100
|-damage|p2a: billy the cat|85/100|[from] Stealth Rock
|-ability|p2a: billy the cat|Intimidate|boost
|-unboost|p1a: Gastrodon|atk|1
|move|p1a: Gastrodon|Toxic|p2a: billy the cat
|-status|p2a: billy the cat|tox
|
|-weather|Sandstorm|[upkeep]
|-heal|p1a: Gastrodon|21/100 tox|[from] item: Leftovers
|-damage|p2a: billy the cat|79/100 tox|[from] psn
|-damage|p1a: Gastrodon|9/100 tox|[from] psn
|upkeep
|turn|18
|
|t:|1710014633
|move|p2a: billy the cat|U-turn|p1a: Gastrodon
|-damage|p1a: Gastrodon|0 fnt
|faint|p1a: Gastrodon
|
|t:|1710014636
|switch|p2a: buldoze|Kyurem-Black|70/100|[from] U-turn
|-damage|p2a: buldoze|45/100|[from] Stealth Rock
|-ability|p2a: buldoze|Teravolt
|
|-weather|Sandstorm|[upkeep]
|-damage|p2a: buldoze|39/100|[from] Sandstorm
|upkeep
|
|t:|1710014652
|switch|p1a: Tyranitar|Tyranitar, M|100/100
|-damage|p1a: Tyranitar|88/100|[from] Stealth Rock
|turn|19
|inactive|Erdark has 120 seconds left.
|
|t:|1710014658
|move|p2a: buldoze|Outrage|p1a: Tyranitar
|-damage|p1a: Tyranitar|31/100
|move|p1a: Tyranitar|Crunch|p2a: buldoze
|-damage|p2a: buldoze|0 fnt
|faint|p2a: buldoze
|
|-weather|Sandstorm|[upkeep]
|upkeep
|inactive|Erdark has 120 seconds left.
|
|t:|1710014666
|switch|p2a: huuuuu|Keldeo|100/100
|-damage|p2a: huuuuu|94/100|[from] Stealth Rock
|turn|20
|
|t:|1710014694
|switch|p1a: Reuniclus|Reuniclus, F|100/100
|move|p2a: huuuuu|Hydro Pump|p1a: Reuniclus|[miss]
|-miss|p2a: huuuuu|p1a: Reuniclus
|
|-weather|Sandstorm|[upkeep]
|-damage|p2a: huuuuu|88/100|[from] Sandstorm
|upkeep
|turn|21
|
|t:|1710014705
|switch|p2a: bouboule|Jellicent, F|100/100
|-damage|p2a: bouboule|88/100|[from] Stealth Rock
|move|p1a: Reuniclus|Psyshock|p2a: bouboule
|-damage|p2a: bouboule|53/100
|
|-weather|Sandstorm|[upkeep]
|-damage|p2a: bouboule|47/100|[from] Sandstorm
|-heal|p2a: bouboule|53/100|[from] item: Leftovers
|upkeep
|turn|22
|
|t:|1710014719
|move|p2a: bouboule|Recover|p2a: bouboule
|-heal|p2a: bouboule|100/100
|move|p1a: Reuniclus|Psyshock|p2a: bouboule
|-damage|p2a: bouboule|60/100
|
|-weather|Sandstorm|[upkeep]
|-damage|p2a: bouboule|54/100|[from] Sandstorm
|-heal|p2a: bouboule|60/100|[from] item: Leftovers
|upkeep
|turn|23
|
|t:|1710014729
|move|p2a: bouboule|Shadow Ball|p1a: Reuniclus
|-supereffective|p1a: Reuniclus
|-damage|p1a: Reuniclus|58/100
|move|p1a: Reuniclus|Calm Mind|p1a: Reuniclus
|-boost|p1a: Reuniclus|spa|1
|-boost|p1a: Reuniclus|spd|1
|
|-weather|Sandstorm|[upkeep]
|-damage|p2a: bouboule|54/100|[from] Sandstorm
|-heal|p2a: bouboule|60/100|[from] item: Leftovers
|-heal|p1a: Reuniclus|64/100|[from] item: Leftovers
|upkeep
|turn|24
|
|t:|1710014739
|move|p2a: bouboule|Shadow Ball|p1a: Reuniclus
|-supereffective|p1a: Reuniclus
|-crit|p1a: Reuniclus
|-damage|p1a: Reuniclus|0 fnt
|faint|p1a: Reuniclus
|
|-weather|Sandstorm|[upkeep]
|-damage|p2a: bouboule|54/100|[from] Sandstorm
|-heal|p2a: bouboule|60/100|[from] item: Leftovers
|upkeep
|
|t:|1710014745
|switch|p1a: Tyranitar|Tyranitar, M|31/100
|-damage|p1a: Tyranitar|18/100|[from] Stealth Rock
|turn|25
|
|t:|1710014750
|move|p2a: bouboule|Scald|p1a: Tyranitar
|-supereffective|p1a: Tyranitar
|-damage|p1a: Tyranitar|0 fnt
|faint|p1a: Tyranitar
|
|-weather|Sandstorm|[upkeep]
|-damage|p2a: bouboule|54/100|[from] Sandstorm
|-heal|p2a: bouboule|60/100|[from] item: Leftovers
|upkeep
|
|t:|1710014756
|switch|p1a: Gliscor|Gliscor, M|41/100 tox
|-damage|p1a: Gliscor|29/100 tox|[from] Stealth Rock
|turn|26
|
|t:|1710014761
|move|p1a: Gliscor|Knock Off|p2a: bouboule
|-supereffective|p2a: bouboule
|-damage|p2a: bouboule|51/100
|-enditem|p2a: bouboule|Leftovers|[from] move: Knock Off|[of] p1a: Gliscor
|move|p2a: bouboule|Recover|p2a: bouboule
|-heal|p2a: bouboule|100/100
|
|-weather|Sandstorm|[upkeep]
|-damage|p2a: bouboule|94/100|[from] Sandstorm
|-heal|p1a: Gliscor|41/100 tox|[from] ability: Poison Heal
|upkeep
|turn|27
|
|t:|1710014770
|move|p1a: Gliscor|Protect|p1a: Gliscor
|-singleturn|p1a: Gliscor|Protect
|move|p2a: bouboule|Scald|p1a: Gliscor
|-activate|p1a: Gliscor|move: Protect
|
|-weather|Sandstorm|[upkeep]
|-damage|p2a: bouboule|88/100|[from] Sandstorm
|-heal|p1a: Gliscor|54/100 tox|[from] ability: Poison Heal
|upkeep
|turn|28
|
|t:|1710014779
|move|p1a: Gliscor|Earthquake|p2a: bouboule
|-damage|p2a: bouboule|51/100
|move|p2a: bouboule|Scald|p1a: Gliscor
|-supereffective|p1a: Gliscor
|-damage|p1a: Gliscor|16/100 tox
|
|-weather|Sandstorm|[upkeep]
|-damage|p2a: bouboule|45/100|[from] Sandstorm
|-heal|p1a: Gliscor|28/100 tox|[from] ability: Poison Heal
|upkeep
|turn|29
|
|t:|1710014789
|switch|p2a: huuuuu|Keldeo|88/100
|-damage|p2a: huuuuu|82/100|[from] Stealth Rock
|move|p1a: Gliscor|Earthquake|p2a: huuuuu
|-damage|p2a: huuuuu|44/100
|
|-weather|Sandstorm|[upkeep]
|-damage|p2a: huuuuu|38/100|[from] Sandstorm
|-heal|p1a: Gliscor|41/100 tox|[from] ability: Poison Heal
|upkeep
|turn|30
|
|t:|1710014801
|move|p1a: Gliscor|Protect|p1a: Gliscor
|-singleturn|p1a: Gliscor|Protect
|move|p2a: huuuuu|Surf|p1a: Gliscor
|-activate|p1a: Gliscor|move: Protect
|
|-weather|Sandstorm|[upkeep]
|-damage|p2a: huuuuu|31/100|[from] Sandstorm
|-heal|p1a: Gliscor|53/100 tox|[from] ability: Poison Heal
|upkeep
|turn|31
|
|t:|1710014816
|move|p1a: Gliscor|Protect||[still]
|-fail|p1a: Gliscor
|move|p2a: huuuuu|Surf|p1a: Gliscor
|-supereffective|p1a: Gliscor
|-damage|p1a: Gliscor|0 fnt
|faint|p1a: Gliscor
|
|-weather|Sandstorm|[upkeep]
|-damage|p2a: huuuuu|25/100|[from] Sandstorm
|upkeep
|
|t:|1710014820
|switch|p1a: Alakazam|Alakazam, M|100/100
|turn|32
|
|t:|1710014835
|switch|p2a: billy the cat|Landorus-Therian, M|79/100 tox
|-damage|p2a: billy the cat|66/100 tox|[from] Stealth Rock
|-ability|p2a: billy the cat|Intimidate|boost
|-unboost|p1a: Alakazam|atk|1
|move|p1a: Alakazam|Psychic|p2a: billy the cat
|-crit|p2a: billy the cat
|-damage|p2a: billy the cat|0 fnt
|faint|p2a: billy the cat
|
|-weather|Sandstorm|[upkeep]
|upkeep
|
|t:|1710014844
|switch|p2a: bouboule|Jellicent, F|45/100
|-damage|p2a: bouboule|33/100|[from] Stealth Rock
|turn|33
|
|t:|1710014847
|move|p1a: Alakazam|Psychic|p2a: bouboule
|-damage|p2a: bouboule|7/100
|move|p2a: bouboule|Recover|p2a: bouboule
|-heal|p2a: bouboule|57/100
|
|-weather|Sandstorm|[upkeep]
|-damage|p2a: bouboule|50/100|[from] Sandstorm
|upkeep
|turn|34
|
|t:|1710014859
|switch|p1a: Skarmory|Skarmory, F|80/100
|-damage|p1a: Skarmory|67/100|[from] Stealth Rock
|move|p2a: bouboule|Recover|p2a: bouboule
|-heal|p2a: bouboule|100/100
|
|-weather|Sandstorm|[upkeep]
|-damage|p2a: bouboule|94/100|[from] Sandstorm
|-heal|p1a: Skarmory|73/100|[from] item: Leftovers
|upkeep
|turn|35
|
|t:|1710014879
|move|p1a: Skarmory|Spikes|p2a: bouboule
|-sidestart|p2: Erdark|Spikes
|move|p2a: bouboule|Scald|p1a: Skarmory
|-damage|p1a: Skarmory|51/100
|
|-weather|Sandstorm|[upkeep]
|-damage|p2a: bouboule|88/100|[from] Sandstorm
|-heal|p1a: Skarmory|57/100|[from] item: Leftovers
|upkeep
|turn|36
|
|t:|1710014891
|switch|p2a: huuuuu|Keldeo|25/100
|-damage|p2a: huuuuu|19/100|[from] Stealth Rock
|-damage|p2a: huuuuu|7/100|[from] Spikes
|move|p1a: Skarmory|Roost|p1a: Skarmory
|-heal|p1a: Skarmory|100/100
|-singleturn|p1a: Skarmory|move: Roost
|
|-weather|Sandstorm|[upkeep]
|-damage|p2a: huuuuu|0 fnt|[from] Sandstorm
|faint|p2a: huuuuu
|upkeep
|
|t:|1710014901
|switch|p2a: neuro|Espeon, M|95/100
|-damage|p2a: neuro|82/100|[from] Stealth Rock
|-damage|p2a: neuro|70/100|[from] Spikes
|turn|37
|
|t:|1710014910
|move|p2a: neuro|Trick|p1a: Skarmory
|-activate|p2a: neuro|move: Trick|[of] p1a: Skarmory
|-item|p1a: Skarmory|Choice Specs|[from] move: Trick
|-item|p2a: neuro|Leftovers|[from] move: Trick
|move|p1a: Skarmory|Brave Bird|p2a: neuro
|-damage|p2a: neuro|1/100
|-damage|p1a: Skarmory|82/100|[from] Recoil
|
|-weather|Sandstorm|[upkeep]
|-damage|p2a: neuro|0 fnt|[from] Sandstorm
|faint|p2a: neuro
|upkeep
|
|t:|1710014919
|switch|p2a: bouboule|Jellicent, F|88/100
|-damage|p2a: bouboule|76/100|[from] Stealth Rock
|-damage|p2a: bouboule|63/100|[from] Spikes
|turn|38
|
|t:|1710014926
|move|p1a: Skarmory|Brave Bird|p2a: bouboule
|-damage|p2a: bouboule|24/100
|-damage|p1a: Skarmory|66/100|[from] Recoil
|move|p2a: bouboule|Recover|p2a: bouboule
|-heal|p2a: bouboule|74/100
|
|-weather|Sandstorm|[upkeep]
|-damage|p2a: bouboule|68/100|[from] Sandstorm
|upkeep
|turn|39
|
|t:|1710014935
|move|p1a: Skarmory|Brave Bird|p2a: bouboule
|-damage|p2a: bouboule|27/100
|-damage|p1a: Skarmory|50/100|[from] Recoil
|move|p2a: bouboule|Recover|p2a: bouboule
|-heal|p2a: bouboule|77/100
|
|-weather|Sandstorm|[upkeep]
|-damage|p2a: bouboule|71/100|[from] Sandstorm
|upkeep
|turn|40
|
|t:|1710014948
|move|p1a: Skarmory|Brave Bird|p2a: bouboule
|-damage|p2a: bouboule|35/100
|-damage|p1a: Skarmory|35/100|[from] Recoil
|move|p2a: bouboule|Recover|p2a: bouboule
|-heal|p2a: bouboule|85/100
|
|-weather|Sandstorm|[upkeep]
|-damage|p2a: bouboule|79/100|[from] Sandstorm
|upkeep
|turn|41
|
|t:|1710014956
|move|p1a: Skarmory|Brave Bird|p2a: bouboule
|-damage|p2a: bouboule|43/100
|-damage|p1a: Skarmory|21/100|[from] Recoil
|move|p2a: bouboule|Recover|p2a: bouboule
|-heal|p2a: bouboule|93/100
|
|-weather|Sandstorm|[upkeep]
|-damage|p2a: bouboule|87/100|[from] Sandstorm
|upkeep
|turn|42
|
|t:|1710014964
|switch|p1a: Alakazam|Alakazam, M|100/100
|move|p2a: bouboule|Recover|p2a: bouboule
|-heal|p2a: bouboule|100/100
|
|-weather|Sandstorm|[upkeep]
|-damage|p2a: bouboule|94/100|[from] Sandstorm
|upkeep
|turn|43
|
|t:|1710014973
|move|p1a: Alakazam|Psychic|p2a: bouboule
|-damage|p2a: bouboule|64/100
|move|p2a: bouboule|Shadow Ball|p1a: Alakazam
|-supereffective|p1a: Alakazam
|-damage|p1a: Alakazam|21/100
|
|-weather|Sandstorm|[upkeep]
|-damage|p2a: bouboule|58/100|[from] Sandstorm
|upkeep
|turn|44
|
|t:|1710014981
|move|p1a: Alakazam|Psychic|p2a: bouboule
|-damage|p2a: bouboule|28/100
|move|p2a: bouboule|Recover|p2a: bouboule
|-heal|p2a: bouboule|78/100
|
|-weather|Sandstorm|[upkeep]
|-damage|p2a: bouboule|72/100|[from] Sandstorm
|upkeep
|turn|45
|
|t:|1710014988
|move|p1a: Alakazam|Psychic|p2a: bouboule
|-damage|p2a: bouboule|45/100
|move|p2a: bouboule|Recover|p2a: bouboule
|-heal|p2a: bouboule|95/100
|
|-weather|Sandstorm|[upkeep]
|-damage|p2a: bouboule|89/100|[from] Sandstorm
|upkeep
|turn|46
|
|t:|1710014994
|move|p1a: Alakazam|Psychic|p2a: bouboule
|-damage|p2a: bouboule|60/100
|move|p2a: bouboule|Shadow Ball|p1a: Alakazam
|-supereffective|p1a: Alakazam
|-damage|p1a: Alakazam|0 fnt
|faint|p1a: Alakazam
|
|-weather|Sandstorm|[upkeep]
|-damage|p2a: bouboule|54/100|[from] Sandstorm
|upkeep
|
|t:|1710014998
|switch|p1a: Skarmory|Skarmory, F|21/100
|-damage|p1a: Skarmory|9/100|[from] Stealth Rock
|turn|47
|c|☆Erdark|gg !
|
|t:|1710015009
|move|p1a: Skarmory|Brave Bird|p2a: bouboule
|-damage|p2a: bouboule|12/100
|-damage|p1a: Skarmory|0 fnt|[from] Recoil
|faint|p1a: Skarmory
|
|win|Erdark
|raw|fun trading's rating: 1371 &rarr; <strong>1345</strong><br />(-26 for losing)
|raw|Erdark's rating: 1266 &rarr; <strong>1298</strong><br />(+32 for winning)
|l|☆fun trading
|player|p1|
