|j|☆Angellore
|j|☆Chimp34
|player|p1|Angellore|291
|player|p2|Chimp34|226
|teamsize|p1|6
|teamsize|p2|6
|gametype|singles
|gen|5
|tier|[Gen 5] OU
|rated|
|rule|Sleep Clause Mod: Limit one foe put to sleep
|rule|Species Clause: Limit one of each Pokémon
|rule|OHKO Clause: OHKO moves are banned
|rule|Moody Clause: Moody is banned
|rule|Evasion Moves Clause: Evasion moves are banned
|rule|Endless Battle Clause: Forcing endless battles is banned
|rule|HP Percentage Mod: HP is shown in percentages
|rule|Evasion Abilities Clause: Evasion abilities are banned
|rule|Baton Pass Clause: Limit one Baton Passer, can't pass Spe and other stats simultaneously
|rule|Swagger Clause: Swagger is banned
|clearpoke
|poke|p1|Jirachi|item
|poke|p1|Garchomp, F|item
|poke|p1|Breloom, M|item
|poke|p1|Starmie|item
|poke|p1|Dragonite, M|item
|poke|p1|Gyarados, F|item
|poke|p2|Landorus-Therian, M|item
|poke|p2|Terrakion|item
|poke|p2|Metagross|item
|poke|p2|Tyranitar, F|item
|poke|p2|Latios, M|item
|poke|p2|Alakazam, M|item
|teampreview
|
|start
|switch|p1a: Breloom|Breloom, M|100/100
|switch|p2a: Metagross|Metagross|100/100
|turn|1
|
|switch|p2a: Tyranitar|Tyranitar, F|100/100
|-weather|Sandstorm|[from] ability: Sand Stream|[of] p2a: Tyranitar
|move|p1a: Breloom|Spore|p2a: Tyranitar
|-status|p2a: Tyranitar|slp
|
|-weather|Sandstorm|[upkeep]
|-damage|p1a: Breloom|94/100|[from] Sandstorm
|upkeep
|turn|2
|
|-singleturn|p1a: Breloom|move: Focus Punch
|switch|p2a: Latios|Latios, M|100/100
|move|p1a: Breloom|Focus Punch|p2a: Latios
|-resisted|p2a: Latios
|-damage|p2a: Latios|39/100
|
|-weather|Sandstorm|[upkeep]
|-damage|p2a: Latios|33/100|[from] Sandstorm
|-damage|p1a: Breloom|88/100|[from] Sandstorm
|upkeep
|turn|3
|
|move|p1a: Breloom|Mach Punch|p2a: Latios
|-resisted|p2a: Latios
|-damage|p2a: Latios|11/100
|move|p2a: Latios|Hidden Power|p1a: Breloom
|-supereffective|p1a: Breloom
|-damage|p1a: Breloom|0 fnt
|-damage|p2a: Latios|1/100|[from] item: Life Orb
|faint|p1a: Breloom
|
|-weather|Sandstorm|[upkeep]
|-damage|p2a: Latios|0 fnt|[from] Sandstorm
|upkeep
|faint|p2a: Latios
|
|switch|p2a: Metagross|Metagross|100/100
|switch|p1a: Starmie|Starmie|100/100
|turn|4
|
|move|p1a: Starmie|Scald|p2a: Metagross
|-damage|p2a: Metagross|55/100
|-damage|p1a: Starmie|91/100|[from] item: Life Orb
|move|p2a: Metagross|Stealth Rock|p1a: Starmie
|-sidestart|p1: Angellore|move: Stealth Rock
|
|-weather|Sandstorm|[upkeep]
|-damage|p1a: Starmie|84/100|[from] Sandstorm
|upkeep
|turn|5
|
|switch|p2a: Tyranitar|Tyranitar, F|100/100 slp
|move|p1a: Starmie|Rapid Spin|p2a: Tyranitar
|-resisted|p2a: Tyranitar
|-damage|p2a: Tyranitar|99/100 slp
|-sideend|p1: Angellore|Stealth Rock|[from] move: Rapid Spin|[of] p1a: Starmie
|-damage|p1a: Starmie|74/100|[from] item: Life Orb
|
|-weather|Sandstorm|[upkeep]
|-damage|p1a: Starmie|68/100|[from] Sandstorm
|upkeep
|turn|6
|
|move|p1a: Starmie|Scald|p2a: Tyranitar
|-supereffective|p2a: Tyranitar
|-damage|p2a: Tyranitar|52/100 slp
|-damage|p1a: Starmie|58/100|[from] item: Life Orb
|cant|p2a: Tyranitar|slp
|
|-weather|Sandstorm|[upkeep]
|-damage|p1a: Starmie|52/100|[from] Sandstorm
|upkeep
|turn|7
|
|move|p1a: Starmie|Scald|p2a: Tyranitar
|-supereffective|p2a: Tyranitar
|-damage|p2a: Tyranitar|3/100 slp
|-damage|p1a: Starmie|42/100|[from] item: Life Orb
|cant|p2a: Tyranitar|slp
|
|-weather|Sandstorm|[upkeep]
|-damage|p1a: Starmie|36/100|[from] Sandstorm
|upkeep
|turn|8
|
|move|p1a: Starmie|Scald|p2a: Tyranitar
|-supereffective|p2a: Tyranitar
|-damage|p2a: Tyranitar|0 fnt
|-damage|p1a: Starmie|26/100|[from] item: Life Orb
|faint|p2a: Tyranitar
|
|-weather|Sandstorm|[upkeep]
|-damage|p1a: Starmie|20/100|[from] Sandstorm
|upkeep
|
|switch|p2a: Landorus|Landorus-Therian, M|100/100
|-ability|p2a: Landorus|Intimidate|boost
|-unboost|p1a: Starmie|atk|1
|turn|9
|
|move|p2a: Landorus|U-turn|p1a: Starmie
|-supereffective|p1a: Starmie
|-damage|p1a: Starmie|0 fnt
|faint|p1a: Starmie
|
|switch|p2a: Terrakion|Terrakion|100/100
|
|-weather|Sandstorm|[upkeep]
|upkeep
|
|switch|p1a: Garchomp|Garchomp, F|100/100
|turn|10
|
|switch|p2a: Landorus|Landorus-Therian, M|100/100
|-ability|p2a: Landorus|Intimidate|boost
|-unboost|p1a: Garchomp|atk|1
|move|p1a: Garchomp|Stealth Rock|p2a: Landorus
|-sidestart|p2: Chimp34|move: Stealth Rock
|
|-weather|Sandstorm|[upkeep]
|upkeep
|turn|11
|j| doudrasand
|
|switch|p1a: Gyarados|Gyarados, F|100/100
|-ability|p1a: Gyarados|Intimidate|boost
|-unboost|p2a: Landorus|atk|1
|move|p2a: Landorus|Hidden Power|p1a: Gyarados
|-damage|p1a: Gyarados|82/100
|
|-weather|Sandstorm|[upkeep]
|-damage|p1a: Gyarados|76/100|[from] Sandstorm
|-heal|p1a: Gyarados|82/100|[from] item: Leftovers
|upkeep
|turn|12
|
|switch|p2a: Metagross|Metagross|55/100
|-damage|p2a: Metagross|49/100|[from] Stealth Rock
|move|p1a: Gyarados|Dragon Dance|p1a: Gyarados
|-boost|p1a: Gyarados|atk|1
|-boost|p1a: Gyarados|spe|1
|
|-weather|Sandstorm|[upkeep]
|-damage|p1a: Gyarados|76/100|[from] Sandstorm
|-heal|p1a: Gyarados|82/100|[from] item: Leftovers
|upkeep
|turn|13
|
|move|p1a: Gyarados|Waterfall|p2a: Metagross
|-damage|p2a: Metagross|3/100
|move|p2a: Metagross|Explosion|p1a: Gyarados
|-enditem|p2a: Metagross|Normal Gem|[from] gem|[move] Explosion
|-damage|p1a: Gyarados|0 fnt
|faint|p2a: Metagross
|faint|p1a: Gyarados
|
|-weather|Sandstorm|[upkeep]
|upkeep
|
|switch|p1a: Jirachi|Jirachi|100/100
|switch|p2a: Landorus|Landorus-Therian, M|100/100
|-damage|p2a: Landorus|88/100|[from] Stealth Rock
|-ability|p2a: Landorus|Intimidate|boost
|-unboost|p1a: Jirachi|atk|1
|turn|14
|
|switch|p1a: Dragonite|Dragonite, M|100/100
|move|p2a: Landorus|U-turn|p1a: Dragonite
|-resisted|p1a: Dragonite
|-damage|p1a: Dragonite|94/100
|
|switch|p2a: Terrakion|Terrakion|100/100
|-damage|p2a: Terrakion|94/100|[from] Stealth Rock
|
|-weather|Sandstorm|[upkeep]
|-damage|p1a: Dragonite|88/100|[from] Sandstorm
|upkeep
|turn|15
|
|switch|p1a: Jirachi|Jirachi|100/100
|move|p2a: Terrakion|Substitute|p2a: Terrakion
|-start|p2a: Terrakion|Substitute
|-damage|p2a: Terrakion|69/100
|
|-weather|Sandstorm|[upkeep]
|upkeep
|turn|16
|
|move|p1a: Jirachi|Iron Head|p2a: Terrakion
|-supereffective|p2a: Terrakion
|-end|p2a: Terrakion|Substitute
|move|p2a: Terrakion|Close Combat|p1a: Jirachi
|-damage|p1a: Jirachi|24/100
|-unboost|p2a: Terrakion|def|1
|-unboost|p2a: Terrakion|spd|1
|-damage|p2a: Terrakion|59/100|[from] item: Life Orb
|
|-weather|Sandstorm|[upkeep]
|upkeep
|turn|17
|
|switch|p2a: Landorus|Landorus-Therian, M|88/100
|-damage|p2a: Landorus|76/100|[from] Stealth Rock
|-ability|p2a: Landorus|Intimidate|boost
|-unboost|p1a: Jirachi|atk|1
|move|p1a: Jirachi|Iron Head|p2a: Landorus
|-crit|p2a: Landorus
|-damage|p2a: Landorus|0 fnt
|faint|p2a: Landorus
|
|-weather|Sandstorm|[upkeep]
|upkeep
|
|switch|p2a: Alakazam|Alakazam, M|100/100
|turn|18
|
|move|p1a: Jirachi|Iron Head|p2a: Alakazam
|-damage|p2a: Alakazam|43/100
|cant|p2a: Alakazam|flinch
|
|-weather|Sandstorm|[upkeep]
|upkeep
|turn|19
|-message|Chimp34 forfeited.
|
|win|Angellore
|l|☆Chimp34
|raw|Angellore's rating: 1406 &rarr; <strong>1425</strong><br />(+19 for winning)
|raw|Chimp34's rating: 1401 &rarr; <strong>1382</strong><br />(-19 for losing)
|l|☆Angellore
