|j|☆BookofConke
|j|☆radaty
|t:|1707301401
|gametype|singles
|player|p1|BookofConke|silver|1530
|player|p2|radaty|169|1570
|teamsize|p1|6
|teamsize|p2|6
|gen|5
|tier|[Gen 5] OU
|rated|
|rule|Species Clause: Limit one of each Pokémon
|rule|OHKO Clause: OHKO moves are banned
|rule|Moody Clause: Moody is banned
|rule|Evasion Items Clause: Evasion items are banned
|rule|Evasion Moves Clause: Evasion moves are banned
|rule|Endless Battle Clause: Forcing endless battles is banned
|rule|HP Percentage Mod: HP is shown in percentages
|rule|Evasion Abilities Clause: Evasion abilities are banned
|rule|Sleep Moves Clause: Sleep-inducing moves are banned
|rule|Swagger Clause: Swagger is banned
|rule|Baton Pass Stat Clause: No Baton Passer may have a way to boost its stats
|clearpoke
|poke|p1|Kyurem-Black|item
|poke|p1|Garchomp, F|item
|poke|p1|Magnezone|item
|poke|p1|Salamence, F|item
|poke|p1|Scizor, M|item
|poke|p1|Starmie|item
|poke|p2|Xatu, M|item
|poke|p2|Tentacruel, M|item
|poke|p2|Politoed, M|item
|poke|p2|Keldeo-Resolute|item
|poke|p2|Shedinja|item
|poke|p2|Excadrill, F|item
|teampreview
|inactive|Battle timer is ON: inactive players will automatically lose when time's up. (requested by radaty)
|inactive|BookofConke has 120 seconds left.
|inactive|radaty has 120 seconds left.
|inactive|radaty has 90 seconds left.
|
|t:|1707301480
|start
|switch|p1a: Kyurem|Kyurem-Black|100/100
|switch|p2a: Keldeo|Keldeo-Resolute|100/100
|-ability|p1a: Kyurem|Teravolt
|turn|1
|
|t:|1707301504
|switch|p2a: Excadrill|Excadrill, F|100/100
|switch|p1a: Starmie|Starmie|100/100
|-item|p1a: Starmie|Air Balloon
|
|upkeep
|turn|2
|
|t:|1707301519
|switch|p1a: Scizor|Scizor, M|100/100
|switch|p2a: Politoed|Politoed, M|100/100
|-weather|RainDance|[from] ability: Drizzle|[of] p2a: Politoed
|
|-weather|RainDance|[upkeep]
|upkeep
|turn|3
|
|t:|1707301534
|move|p2a: Politoed|Scald|p1a: Scizor
|-damage|p1a: Scizor|55/100
|-status|p1a: Scizor|brn
|move|p1a: Scizor|U-turn|p2a: Politoed
|-damage|p2a: Politoed|78/100
|inactive|BookofConke has 120 seconds left.
|
|t:|1707301553
|switch|p1a: Magnezone|Magnezone|100/100|[from] U-turn
|
|-weather|RainDance|[upkeep]
|upkeep
|turn|4
|
|t:|1707301563
|switch|p2a: Excadrill|Excadrill, F|100/100
|move|p1a: Magnezone|Sunny Day|p1a: Magnezone
|-weather|SunnyDay
|
|-weather|SunnyDay|[upkeep]
|upkeep
|turn|5
|
|t:|1707301575
|switch|p1a: Starmie|Starmie|100/100
|-item|p1a: Starmie|Air Balloon
|move|p2a: Excadrill|Earthquake|p1a: Starmie
|-immune|p1a: Starmie
|
|-weather|SunnyDay|[upkeep]
|upkeep
|turn|6
|inactive|BookofConke has 120 seconds left.
|
|t:|1707301600
|switch|p1a: Garchomp|Garchomp, F|100/100
|switch|p2a: Shedinja|Shedinja|100/100
|
|-weather|SunnyDay|[upkeep]
|upkeep
|turn|7
|inactive|BookofConke has 120 seconds left.
|
|t:|1707301607
|switch|p2a: Xatu|Xatu, M|100/100
|move|p1a: Garchomp|Stealth Rock|p2a: Xatu
|move|p2a: Xatu|Stealth Rock|p1a: Garchomp|[from]ability: Magic Bounce
|-sidestart|p1: BookofConke|move: Stealth Rock
|
|-weather|SunnyDay|[upkeep]
|upkeep
|turn|8
|
|t:|1707301613
|move|p1a: Garchomp|Swords Dance|p1a: Garchomp
|-boost|p1a: Garchomp|atk|2
|move|p2a: Xatu|Toxic|p1a: Garchomp
|-status|p1a: Garchomp|tox
|
|-weather|none
|-damage|p1a: Garchomp|94/100 tox|[from] psn
|upkeep
|turn|9
|
|t:|1707301625
|switch|p2a: Shedinja|Shedinja|100/100
|move|p1a: Garchomp|Outrage|p2a: Shedinja
|-immune|p2a: Shedinja|[from] ability: Wonder Guard
|
|-damage|p1a: Garchomp|82/100 tox|[from] psn
|upkeep
|turn|10
|
|t:|1707301637
|switch|p2a: Xatu|Xatu, M|100/100
|move|p1a: Garchomp|Stealth Rock|p2a: Xatu
|move|p2a: Xatu|Stealth Rock||[from]ability: Magic Bounce|[still]
|-fail|p2a: Xatu
|
|-damage|p1a: Garchomp|64/100 tox|[from] psn
|upkeep
|turn|11
|
|t:|1707301645
|move|p1a: Garchomp|Stealth Rock|p2a: Xatu
|move|p2a: Xatu|Stealth Rock||[from]ability: Magic Bounce|[still]
|-fail|p2a: Xatu
|move|p2a: Xatu|Night Shade|p1a: Garchomp
|-damage|p1a: Garchomp|36/100 tox
|
|-damage|p1a: Garchomp|11/100 tox|[from] psn
|upkeep
|turn|12
|
|t:|1707301655
|move|p1a: Garchomp|Stealth Rock|p2a: Xatu
|move|p2a: Xatu|Stealth Rock||[from]ability: Magic Bounce|[still]
|-fail|p2a: Xatu
|move|p2a: Xatu|Roost||[still]
|-fail|p2a: Xatu|heal
|
|-damage|p1a: Garchomp|0 fnt|[from] psn
|faint|p1a: Garchomp
|upkeep
|
|t:|1707301671
|switch|p1a: Magnezone|Magnezone|100/100
|-damage|p1a: Magnezone|94/100|[from] Stealth Rock
|turn|13
|
|t:|1707301679
|switch|p2a: Excadrill|Excadrill, F|100/100
|move|p1a: Magnezone|Hidden Power|p2a: Excadrill
|-supereffective|p2a: Excadrill
|-damage|p2a: Excadrill|31/100
|
|-heal|p2a: Excadrill|37/100|[from] item: Leftovers
|upkeep
|turn|14
|
|t:|1707301691
|switch|p1a: Starmie|Starmie|100/100
|-damage|p1a: Starmie|88/100|[from] Stealth Rock
|-item|p1a: Starmie|Air Balloon
|move|p2a: Excadrill|Iron Head|p1a: Starmie
|-resisted|p1a: Starmie
|-damage|p1a: Starmie|58/100
|-enditem|p1a: Starmie|Air Balloon
|
|-heal|p2a: Excadrill|43/100|[from] item: Leftovers
|upkeep
|turn|15
|j| el janitor
|
|t:|1707301711
|switch|p1a: Scizor|Scizor, M|55/100 brn
|-damage|p1a: Scizor|43/100 brn|[from] Stealth Rock
|switch|p2a: Shedinja|Shedinja|100/100
|
|-damage|p1a: Scizor|30/100 brn|[from] brn
|upkeep
|turn|16
|
|t:|1707301720
|move|p2a: Shedinja|Thief|p1a: Scizor
|-resisted|p1a: Scizor
|-damage|p1a: Scizor|24/100 brn
|move|p1a: Scizor|Pursuit|p2a: Shedinja
|-supereffective|p2a: Shedinja
|-enditem|p2a: Shedinja|Focus Sash
|-damage|p2a: Shedinja|100/100
|
|-damage|p1a: Scizor|12/100 brn|[from] brn
|upkeep
|turn|17
|
|t:|1707301730
|move|p2a: Shedinja|Shadow Sneak|p1a: Scizor
|-resisted|p1a: Scizor
|-damage|p1a: Scizor|2/100 brn
|move|p1a: Scizor|Pursuit|p2a: Shedinja
|-supereffective|p2a: Shedinja
|-damage|p2a: Shedinja|0 fnt
|faint|p2a: Shedinja
|
|-damage|p1a: Scizor|0 fnt|[from] brn
|faint|p1a: Scizor
|upkeep
|
|t:|1707301744
|switch|p2a: Politoed|Politoed, M|78/100
|switch|p1a: Starmie|Starmie|58/100
|-damage|p1a: Starmie|45/100|[from] Stealth Rock
|-weather|RainDance|[from] ability: Drizzle|[of] p2a: Politoed
|turn|18
|
|t:|1707301753
|switch|p2a: Tentacruel|Tentacruel, M|100/100
|move|p1a: Starmie|Rapid Spin|p2a: Tentacruel
|-damage|p2a: Tentacruel|96/100
|-sideend|p1: BookofConke|Stealth Rock|[from] move: Rapid Spin|[of] p1a: Starmie
|
|-weather|RainDance|[upkeep]
|-heal|p2a: Tentacruel|100/100|[from] ability: Rain Dish
|upkeep
|turn|19
|
|t:|1707301761
|switch|p1a: Kyurem|Kyurem-Black|100/100
|-ability|p1a: Kyurem|Teravolt
|move|p2a: Tentacruel|Scald|p1a: Kyurem
|-resisted|p1a: Kyurem
|-crit|p1a: Kyurem
|-damage|p1a: Kyurem|65/100
|
|-weather|RainDance|[upkeep]
|upkeep
|turn|20
|
|t:|1707301775
|move|p2a: Tentacruel|Protect|p2a: Tentacruel
|-singleturn|p2a: Tentacruel|Protect
|move|p1a: Kyurem|Dragon Claw|p2a: Tentacruel
|-activate|p2a: Tentacruel|move: Protect
|
|-weather|RainDance|[upkeep]
|upkeep
|turn|21
|
|t:|1707301781
|move|p1a: Kyurem|Dragon Claw|p2a: Tentacruel
|-damage|p2a: Tentacruel|10/100
|move|p2a: Tentacruel|Scald|p1a: Kyurem
|-resisted|p1a: Kyurem
|-damage|p1a: Kyurem|48/100
|
|-weather|RainDance|[upkeep]
|-heal|p2a: Tentacruel|16/100|[from] ability: Rain Dish
|-heal|p2a: Tentacruel|23/100|[from] item: Black Sludge
|upkeep
|turn|22
|
|t:|1707301790
|move|p2a: Tentacruel|Protect|p2a: Tentacruel
|-singleturn|p2a: Tentacruel|Protect
|move|p1a: Kyurem|Dragon Claw|p2a: Tentacruel
|-activate|p2a: Tentacruel|move: Protect
|
|-weather|RainDance|[upkeep]
|-heal|p2a: Tentacruel|29/100|[from] ability: Rain Dish
|-heal|p2a: Tentacruel|35/100|[from] item: Black Sludge
|upkeep
|turn|23
|
|t:|1707301798
|move|p1a: Kyurem|Dragon Claw|p2a: Tentacruel
|-damage|p2a: Tentacruel|0 fnt
|faint|p2a: Tentacruel
|
|-weather|RainDance|[upkeep]
|upkeep
|
|t:|1707301800
|switch|p2a: Keldeo|Keldeo-Resolute|100/100
|turn|24
|
|t:|1707301819
|switch|p1a: Magnezone|Magnezone|94/100
|move|p2a: Keldeo|Hydro Pump|p1a: Magnezone
|-damage|p1a: Magnezone|0 fnt
|faint|p1a: Magnezone
|
|-weather|RainDance|[upkeep]
|upkeep
|
|t:|1707301830
|switch|p1a: Starmie|Starmie|45/100
|turn|25
|
|t:|1707301836
|move|p1a: Starmie|Thunderbolt|p2a: Keldeo
|-supereffective|p2a: Keldeo
|-damage|p2a: Keldeo|33/100
|move|p2a: Keldeo|Hidden Power|p1a: Starmie
|-supereffective|p1a: Starmie
|-damage|p1a: Starmie|0 fnt
|faint|p1a: Starmie
|
|-weather|RainDance|[upkeep]
|-heal|p2a: Keldeo|39/100|[from] item: Leftovers
|upkeep
|
|t:|1707301845
|switch|p1a: Salamence|Salamence, F|100/100
|turn|26
|
|t:|1707301850
|move|p1a: Salamence|Outrage|p2a: Keldeo
|-crit|p2a: Keldeo
|-damage|p2a: Keldeo|0 fnt
|faint|p2a: Keldeo
|-ability|p1a: Salamence|Moxie|boost
|-boost|p1a: Salamence|atk|1
|
|-weather|RainDance|[upkeep]
|upkeep
|
|t:|1707301856
|switch|p2a: Politoed|Politoed, M|78/100
|turn|27
|
|t:|1707301859
|move|p1a: Salamence|Outrage|p2a: Politoed|[from]lockedmove
|-damage|p2a: Politoed|0 fnt
|faint|p2a: Politoed
|-ability|p1a: Salamence|Moxie|boost
|-boost|p1a: Salamence|atk|1
|-start|p1a: Salamence|confusion|[fatigue]
|
|-weather|RainDance|[upkeep]
|upkeep
|-message|radaty forfeited.
|
|win|BookofConke
|raw|BookofConke's rating: 1530 &rarr; <strong>1552</strong><br />(+22 for winning)
|raw|radaty's rating: 1570 &rarr; <strong>1548</strong><br />(-22 for losing)
|l|☆radaty
|player|p2|
