|j|☆reshirampage
|j|☆Primary Trout
|t:|1743019019
|gametype|singles
|player|p1|reshirampage|nate|1626
|player|p2|Primary Trout|marshal|1420
|teamsize|p1|6
|teamsize|p2|6
|gen|5
|tier|[Gen 5] OU
|rated|
|rule|Species Clause: Limit one of each Pokémon
|rule|OHKO Clause: OHKO moves are banned
|rule|Moody Clause: Moody is banned
|rule|Evasion Items Clause: Evasion items are banned
|rule|Evasion Moves Clause: Evasion moves are banned
|rule|Endless Battle Clause: Forcing endless battles is banned
|rule|HP Percentage Mod: HP is shown in percentages
|rule|Evasion Abilities Clause: Evasion abilities are banned
|rule|Sleep Moves Clause: Sleep-inducing moves are banned
|rule|Swagger Clause: Swagger is banned
|rule|Baton Pass Stat Clause: No Baton Passer may have a way to boost its stats
|clearpoke
|poke|p1|Tyranitar, M|item
|poke|p1|Alakazam, F|item
|poke|p1|Latios, M|item
|poke|p1|Ferrothorn, F|item
|poke|p1|Keldeo|item
|poke|p1|Landorus-Therian, M|item
|poke|p2|Darmanitan, M|item
|poke|p2|Celebi|item
|poke|p2|Forretress, M|item
|poke|p2|Ninetales, F|item
|poke|p2|Hydreigon, M|item
|poke|p2|Terrakion|item
|teampreview
|inactive|Battle timer is ON: inactive players will automatically lose when time's up. (requested by Primary Trout)
|inactive|reshirampage has 120 seconds left.
|
|t:|1743019051
|start
|switch|p1a: Keldeo|Keldeo|100/100
|switch|p2a: Forretress|Forretress, M|100/100
|turn|1
|
|t:|1743019060
|switch|p2a: Celebi|Celebi|100/100
|move|p1a: Keldeo|Scald|p2a: Celebi
|-resisted|p2a: Celebi
|-damage|p2a: Celebi|87/100
|-status|p2a: Celebi|brn
|
|-heal|p2a: Celebi|93/100 brn|[from] item: Leftovers
|-damage|p2a: Celebi|81/100 brn|[from] brn
|upkeep
|turn|2
|
|t:|1743019076
|switch|p1a: Landorus|Landorus-Therian, M|100/100
|-ability|p1a: Landorus|Intimidate|boost
|-unboost|p2a: Celebi|atk|1
|move|p2a: Celebi|U-turn|p1a: Landorus
|-resisted|p1a: Landorus
|-damage|p1a: Landorus|98/100
|
|t:|1743019081
|-curestatus|p2a: Celebi|brn|[from] ability: Natural Cure
|switch|p2a: Ninetales|Ninetales, F|100/100|[from] U-turn
|-weather|SunnyDay|[from] ability: Drought|[of] p2a: Ninetales
|
|-weather|SunnyDay|[upkeep]
|-heal|p1a: Landorus|100/100|[from] item: Leftovers
|upkeep
|turn|3
|
|t:|1743019100
|switch|p1a: Latios|Latios, M|100/100
|move|p2a: Ninetales|Will-O-Wisp|p1a: Latios|[miss]
|-miss|p2a: Ninetales|p1a: Latios
|
|-weather|SunnyDay|[upkeep]
|upkeep
|turn|4
|
|t:|1743019110
|move|p2a: Ninetales|Protect|p2a: Ninetales
|-singleturn|p2a: Ninetales|Protect
|move|p1a: Latios|Draco Meteor|p2a: Ninetales
|-activate|p2a: Ninetales|move: Protect
|
|-weather|SunnyDay|[upkeep]
|upkeep
|turn|5
|
|t:|1743019115
|move|p1a: Latios|Draco Meteor|p2a: Ninetales
|-damage|p2a: Ninetales|0 fnt
|-unboost|p1a: Latios|spa|2
|faint|p2a: Ninetales
|
|-weather|SunnyDay|[upkeep]
|upkeep
|
|t:|1743019119
|switch|p2a: Darmanitan|Darmanitan, M, shiny|100/100
|turn|6
|
|t:|1743019129
|switch|p1a: Tyranitar|Tyranitar, M|100/100
|-weather|Sandstorm|[from] ability: Sand Stream|[of] p1a: Tyranitar
|move|p2a: Darmanitan|Flare Blitz|p1a: Tyranitar
|-resisted|p1a: Tyranitar
|-crit|p1a: Tyranitar
|-damage|p1a: Tyranitar|32/100
|-damage|p2a: Darmanitan|75/100|[from] Recoil
|
|-weather|Sandstorm|[upkeep]
|-damage|p2a: Darmanitan|69/100|[from] Sandstorm
|upkeep
|turn|7
|
|t:|1743019148
|move|p2a: Darmanitan|Flare Blitz|p1a: Tyranitar
|-resisted|p1a: Tyranitar
|-damage|p1a: Tyranitar|0 fnt
|faint|p1a: Tyranitar
|-damage|p2a: Darmanitan|57/100|[from] Recoil
|
|-weather|Sandstorm|[upkeep]
|-damage|p2a: Darmanitan|51/100|[from] Sandstorm
|upkeep
|inactive|reshirampage has 120 seconds left.
|
|t:|1743019172
|switch|p1a: Keldeo|Keldeo|100/100
|turn|8
|
|t:|1743019177
|switch|p2a: Celebi|Celebi|81/100
|move|p1a: Keldeo|Scald|p2a: Celebi
|-resisted|p2a: Celebi
|-damage|p2a: Celebi|68/100
|-status|p2a: Celebi|brn
|
|-weather|Sandstorm|[upkeep]
|-damage|p1a: Keldeo|94/100|[from] Sandstorm
|-damage|p2a: Celebi|62/100 brn|[from] Sandstorm
|-heal|p1a: Keldeo|100/100|[from] item: Leftovers
|-heal|p2a: Celebi|68/100 brn|[from] item: Leftovers
|-damage|p2a: Celebi|56/100 brn|[from] brn
|upkeep
|turn|9
|
|t:|1743019181
|switch|p1a: Landorus|Landorus-Therian, M|100/100
|-ability|p1a: Landorus|Intimidate|boost
|-unboost|p2a: Celebi|atk|1
|move|p2a: Celebi|Recover|p2a: Celebi
|-heal|p2a: Celebi|100/100 brn
|
|-weather|Sandstorm|[upkeep]
|-damage|p2a: Celebi|94/100 brn|[from] Sandstorm
|-heal|p2a: Celebi|100/100 brn|[from] item: Leftovers
|-damage|p2a: Celebi|88/100 brn|[from] brn
|upkeep
|turn|10
|
|t:|1743019187
|-curestatus|p2a: Celebi|brn|[from] ability: Natural Cure
|switch|p2a: Forretress|Forretress, M|100/100
|move|p1a: Landorus|Stealth Rock|p2a: Forretress
|-sidestart|p2: Primary Trout|move: Stealth Rock
|
|-weather|Sandstorm|[upkeep]
|upkeep
|turn|11
|
|t:|1743019196
|move|p1a: Landorus|Earthquake|p2a: Forretress
|-crit|p2a: Forretress
|-damage|p2a: Forretress|45/100
|move|p2a: Forretress|Rapid Spin|p1a: Landorus
|-damage|p1a: Landorus|96/100
|-sideend|p2: Primary Trout|Stealth Rock|[from] move: Rapid Spin|[of] p2a: Forretress
|
|-weather|Sandstorm|[upkeep]
|-heal|p1a: Landorus|100/100|[from] item: Leftovers
|-heal|p2a: Forretress|51/100|[from] item: Leftovers
|upkeep
|turn|12
|inactive|reshirampage has 120 seconds left.
|
|t:|1743019234
|move|p1a: Landorus|U-turn|p2a: Forretress
|-resisted|p2a: Forretress
|-damage|p2a: Forretress|44/100
|
|t:|1743019236
|switch|p1a: Keldeo|Keldeo|100/100|[from] U-turn
|move|p2a: Forretress|Stealth Rock|p1a: Keldeo
|-sidestart|p1: reshirampage|move: Stealth Rock
|
|-weather|Sandstorm|[upkeep]
|-damage|p1a: Keldeo|94/100|[from] Sandstorm
|-heal|p1a: Keldeo|100/100|[from] item: Leftovers
|-heal|p2a: Forretress|50/100|[from] item: Leftovers
|upkeep
|turn|13
|
|t:|1743019242
|switch|p1a: Landorus|Landorus-Therian, M|100/100
|-damage|p1a: Landorus|88/100|[from] Stealth Rock
|-ability|p1a: Landorus|Intimidate|boost
|-unboost|p2a: Forretress|atk|1
|switch|p2a: Celebi|Celebi|88/100
|
|-weather|Sandstorm|[upkeep]
|-damage|p2a: Celebi|82/100|[from] Sandstorm
|-heal|p1a: Landorus|94/100|[from] item: Leftovers
|-heal|p2a: Celebi|88/100|[from] item: Leftovers
|upkeep
|turn|14
|
|t:|1743019247
|switch|p2a: Forretress|Forretress, M|50/100
|move|p1a: Landorus|Stealth Rock|p2a: Forretress
|-sidestart|p2: Primary Trout|move: Stealth Rock
|
|-weather|Sandstorm|[upkeep]
|-heal|p1a: Landorus|100/100|[from] item: Leftovers
|-heal|p2a: Forretress|57/100|[from] item: Leftovers
|upkeep
|turn|15
|
|t:|1743019250
|move|p1a: Landorus|Earthquake|p2a: Forretress
|-damage|p2a: Forretress|31/100
|move|p2a: Forretress|Rapid Spin|p1a: Landorus
|-damage|p1a: Landorus|96/100
|-sideend|p2: Primary Trout|Stealth Rock|[from] move: Rapid Spin|[of] p2a: Forretress
|
|-weather|Sandstorm|[upkeep]
|-heal|p1a: Landorus|100/100|[from] item: Leftovers
|-heal|p2a: Forretress|38/100|[from] item: Leftovers
|upkeep
|turn|16
|
|t:|1743019256
|move|p1a: Landorus|Earthquake|p2a: Forretress
|-damage|p2a: Forretress|13/100
|move|p2a: Forretress|Gyro Ball|p1a: Landorus
|-damage|p1a: Landorus|70/100
|
|-weather|Sandstorm|[upkeep]
|-heal|p1a: Landorus|76/100|[from] item: Leftovers
|-heal|p2a: Forretress|20/100|[from] item: Leftovers
|upkeep
|turn|17
|
|t:|1743019262
|move|p1a: Landorus|Earthquake|p2a: Forretress
|-damage|p2a: Forretress|0 fnt
|faint|p2a: Forretress
|
|-weather|Sandstorm|[upkeep]
|-heal|p1a: Landorus|82/100|[from] item: Leftovers
|upkeep
|
|t:|1743019265
|switch|p2a: Darmanitan|Darmanitan, M, shiny|51/100
|turn|18
|
|t:|1743019271
|switch|p1a: Keldeo|Keldeo|100/100
|-damage|p1a: Keldeo|94/100|[from] Stealth Rock
|move|p2a: Darmanitan|Flare Blitz|p1a: Keldeo
|-resisted|p1a: Keldeo
|-damage|p1a: Keldeo|41/100
|-damage|p2a: Darmanitan|34/100|[from] Recoil
|
|-weather|Sandstorm|[upkeep]
|-damage|p2a: Darmanitan|28/100|[from] Sandstorm
|-damage|p1a: Keldeo|35/100|[from] Sandstorm
|-heal|p1a: Keldeo|41/100|[from] item: Leftovers
|upkeep
|turn|19
|
|t:|1743019287
|move|p2a: Darmanitan|Flare Blitz|p1a: Keldeo
|-resisted|p1a: Keldeo
|-crit|p1a: Keldeo
|-damage|p1a: Keldeo|0 fnt
|faint|p1a: Keldeo
|-damage|p2a: Darmanitan|16/100|[from] Recoil
|
|-weather|Sandstorm|[upkeep]
|-damage|p2a: Darmanitan|10/100|[from] Sandstorm
|upkeep
|
|t:|1743019298
|switch|p1a: Latios|Latios, M|100/100
|-damage|p1a: Latios|88/100|[from] Stealth Rock
|turn|20
|
|t:|1743019305
|move|p2a: Darmanitan|Flare Blitz|p1a: Latios
|-resisted|p1a: Latios
|-damage|p1a: Latios|32/100
|-damage|p2a: Darmanitan|0 fnt|[from] Recoil
|faint|p2a: Darmanitan
|move|p1a: Latios|Psyshock|p2: Darmanitan|[notarget]
|-fail|p1a: Latios
|
|-weather|Sandstorm|[upkeep]
|-damage|p1a: Latios|26/100|[from] Sandstorm
|upkeep
|
|t:|1743019309
|switch|p2a: Hydreigon|Hydreigon, M|100/100
|turn|21
|
|t:|1743019314
|switch|p1a: Ferrothorn|Ferrothorn, F|100/100
|-damage|p1a: Ferrothorn|95/100|[from] Stealth Rock
|move|p2a: Hydreigon|U-turn|p1a: Ferrothorn
|-damage|p1a: Ferrothorn|84/100
|-damage|p2a: Hydreigon|88/100|[from] ability: Iron Barbs|[of] p1a: Ferrothorn
|
|t:|1743019316
|switch|p2a: Terrakion|Terrakion|100/100|[from] U-turn
|
|-weather|Sandstorm|[upkeep]
|-heal|p1a: Ferrothorn|90/100|[from] item: Leftovers
|upkeep
|turn|22
|
|t:|1743019321
|move|p2a: Terrakion|Close Combat|p1a: Ferrothorn
|-supereffective|p1a: Ferrothorn
|-damage|p1a: Ferrothorn|0 fnt
|-unboost|p2a: Terrakion|def|1
|-unboost|p2a: Terrakion|spd|1
|-damage|p2a: Terrakion|88/100|[from] ability: Iron Barbs|[of] p1a: Ferrothorn
|faint|p1a: Ferrothorn
|-damage|p2a: Terrakion|78/100|[from] item: Life Orb
|
|-weather|Sandstorm|[upkeep]
|upkeep
|
|t:|1743019330
|switch|p1a: Landorus|Landorus-Therian, M|82/100
|-damage|p1a: Landorus|70/100|[from] Stealth Rock
|-ability|p1a: Landorus|Intimidate|boost
|-unboost|p2a: Terrakion|atk|1
|turn|23
|
|t:|1743019339
|move|p2a: Terrakion|Swords Dance|p2a: Terrakion
|-boost|p2a: Terrakion|atk|2
|move|p1a: Landorus|Stealth Rock|p2a: Terrakion
|-sidestart|p2: Primary Trout|move: Stealth Rock
|
|-weather|Sandstorm|[upkeep]
|-heal|p1a: Landorus|76/100|[from] item: Leftovers
|upkeep
|turn|24
|
|t:|1743019357
|switch|p1a: Alakazam|Alakazam, F|100/100
|move|p2a: Terrakion|Stone Edge|p1a: Alakazam
|-enditem|p1a: Alakazam|Focus Sash
|-damage|p1a: Alakazam|1/100
|-damage|p2a: Terrakion|68/100|[from] item: Life Orb
|
|-weather|Sandstorm|[upkeep]
|upkeep
|turn|25
|
|t:|1743019362
|move|p2a: Terrakion|Quick Attack|p1a: Alakazam
|-damage|p1a: Alakazam|0 fnt
|faint|p1a: Alakazam
|-damage|p2a: Terrakion|58/100|[from] item: Life Orb
|
|-weather|Sandstorm|[upkeep]
|upkeep
|
|t:|1743019365
|switch|p1a: Latios|Latios, M|26/100
|-damage|p1a: Latios|14/100|[from] Stealth Rock
|turn|26
|
|t:|1743019367
|move|p2a: Terrakion|Quick Attack|p1a: Latios
|-damage|p1a: Latios|0 fnt
|faint|p1a: Latios
|-damage|p2a: Terrakion|48/100|[from] item: Life Orb
|
|-weather|Sandstorm|[upkeep]
|upkeep
|
|t:|1743019369
|switch|p1a: Landorus|Landorus-Therian, M|76/100
|-damage|p1a: Landorus|63/100|[from] Stealth Rock
|-ability|p1a: Landorus|Intimidate|boost
|-unboost|p2a: Terrakion|atk|1
|turn|27
|
|t:|1743019371
|move|p2a: Terrakion|Stone Edge|p1a: Landorus
|-damage|p1a: Landorus|0 fnt
|faint|p1a: Landorus
|-damage|p2a: Terrakion|39/100|[from] item: Life Orb
|
|win|Primary Trout
|raw|reshirampage's rating: 1626 &rarr; <strong>1595</strong><br />(-31 for losing)
|raw|Primary Trout's rating: 1420 &rarr; <strong>1451</strong><br />(+31 for winning)
|l|☆reshirampage
|player|p1|
