|j|☆rootntootn
|j|☆linsar
|player|p1|rootntootn|lass-gen4dp|1415
|player|p2|linsar|265|1425
|teamsize|p1|6
|teamsize|p2|6
|gametype|singles
|gen|5
|tier|[Gen 5] OU
|rated|
|clearpoke
|poke|p1|Politoed, F|item
|poke|p1|Ferrothorn, M|item
|poke|p1|Tentacruel, M|item
|poke|p1|Breloom, F|item
|poke|p1|Thundurus-Therian, M|item
|poke|p1|Volcarona, F|item
|poke|p2|Jirachi|item
|poke|p2|Magnezone|item
|poke|p2|Dragonite, M|item
|poke|p2|Latios, M|item
|poke|p2|Kyurem-Black|item
|poke|p2|Garchomp, M|item
|rule|Species Clause: Limit one of each Pokémon
|rule|OHKO Clause: OHKO moves are banned
|rule|Moody Clause: Moody is banned
|rule|Evasion Moves Clause: Evasion moves are banned
|rule|Endless Battle Clause: Forcing endless battles is banned
|rule|HP Percentage Mod: HP is shown in percentages
|rule|Evasion Abilities Clause: Evasion abilities are banned
|rule|Baton Pass Clause: Limit one Baton Passer, can't pass Spe and other stats simultaneously
|rule|Sleep Clause: Sleep-inducing moves are banned
|rule|Swagger Clause: Swagger is banned
|teampreview
|
|start
|switch|p1a: Politoed|Politoed, F|100/100
|switch|p2a: Kyurem|Kyurem-Black|100/100
|-ability|p2a: Kyurem|Teravolt
|-weather|RainDance|[from] ability: Drizzle|[of] p1a: Politoed
|turn|1
|
|switch|p1a: Breloom|Breloom, F|100/100
|move|p2a: Kyurem|Outrage|p1a: Breloom
|-damage|p1a: Breloom|0 fnt
|faint|p1a: Breloom
|
|-weather|RainDance|[upkeep]
|upkeep
|
|switch|p1a: Ferrothorn|Ferrothorn, M|100/100
|turn|2
|
|move|p2a: Kyurem|Outrage|p1a: Ferrothorn|[from]lockedmove
|-resisted|p1a: Ferrothorn
|-crit|p1a: Ferrothorn
|-damage|p1a: Ferrothorn|11/100
|-damage|p2a: Kyurem|88/100|[from] ability: Iron Barbs|[of] p1a: Ferrothorn
|-start|p2a: Kyurem|confusion|[fatigue]
|move|p1a: Ferrothorn|Gyro Ball|p2a: Kyurem
|-supereffective|p2a: Kyurem
|-damage|p2a: Kyurem|0 fnt
|faint|p2a: Kyurem
|
|-weather|RainDance|[upkeep]
|upkeep
|
|switch|p2a: Magnezone|Magnezone|100/100
|-item|p2a: Magnezone|Air Balloon
|turn|3
|
|move|p2a: Magnezone|Hidden Power|p1a: Ferrothorn
|-supereffective|p1a: Ferrothorn
|-damage|p1a: Ferrothorn|0 fnt
|faint|p1a: Ferrothorn
|
|-weather|RainDance|[upkeep]
|upkeep
|
|switch|p1a: Thundurus|Thundurus-Therian, M|100/100
|turn|4
|
|move|p1a: Thundurus|Volt Switch|p2a: Magnezone
|-resisted|p2a: Magnezone
|-damage|p2a: Magnezone|73/100
|-enditem|p2a: Magnezone|Air Balloon
|
|switch|p1a: Volcarona|Volcarona, F|100/100|[from]move: Volt Switch
|move|p2a: Magnezone|Sunny Day|p2a: Magnezone
|-weather|SunnyDay
|
|-weather|SunnyDay|[upkeep]
|upkeep
|turn|5
|
|move|p1a: Volcarona|Fire Blast|p2a: Magnezone
|-supereffective|p2a: Magnezone
|-damage|p2a: Magnezone|0 fnt
|-damage|p1a: Volcarona|91/100|[from] item: Life Orb
|faint|p2a: Magnezone
|
|-weather|SunnyDay|[upkeep]
|upkeep
|
|switch|p2a: Latios|Latios, M|100/100
|turn|6
|
|switch|p1a: Politoed|Politoed, F|100/100
|-weather|RainDance|[from] ability: Drizzle|[of] p1a: Politoed
|move|p2a: Latios|Psyshock|p1a: Politoed
|-damage|p1a: Politoed|49/100
|
|-weather|RainDance|[upkeep]
|-heal|p1a: Politoed|55/100|[from] item: Leftovers
|upkeep
|turn|7
|
|switch|p2a: Jirachi|Jirachi|100/100
|move|p1a: Politoed|Toxic|p2a: Jirachi
|-immune|p2a: Jirachi
|
|-weather|RainDance|[upkeep]
|-heal|p1a: Politoed|61/100|[from] item: Leftovers
|upkeep
|turn|8
|
|switch|p1a: Tentacruel|Tentacruel, M|100/100
|move|p2a: Jirachi|Stealth Rock|p1a: Tentacruel
|-sidestart|p1: rootntootn|move: Stealth Rock
|
|-weather|RainDance|[upkeep]
|upkeep
|turn|9
|
|move|p1a: Tentacruel|Rapid Spin|p2a: Jirachi
|-resisted|p2a: Jirachi
|-damage|p2a: Jirachi|99/100
|-sideend|p1: rootntootn|Stealth Rock|[from] move: Rapid Spin|[of] p1a: Tentacruel
|move|p2a: Jirachi|U-turn|p1a: Tentacruel
|-resisted|p1a: Tentacruel
|-damage|p1a: Tentacruel|91/100
|
|switch|p2a: Latios|Latios, M|100/100|[from]move: U-turn
|
|-weather|RainDance|[upkeep]
|-heal|p1a: Tentacruel|97/100|[from] ability: Rain Dish
|-heal|p1a: Tentacruel|100/100|[from] item: Black Sludge
|upkeep
|turn|10
|
|switch|p1a: Politoed|Politoed, F|61/100
|move|p2a: Latios|Psyshock|p1a: Politoed
|-damage|p1a: Politoed|8/100
|
|-weather|RainDance|[upkeep]
|-heal|p1a: Politoed|14/100|[from] item: Leftovers
|upkeep
|turn|11
|
|move|p2a: Latios|Psyshock|p1a: Politoed
|-damage|p1a: Politoed|0 fnt
|faint|p1a: Politoed
|
|-weather|RainDance|[upkeep]
|upkeep
|
|switch|p1a: Volcarona|Volcarona, F|91/100
|turn|12
|
|move|p2a: Latios|Psyshock|p1a: Volcarona
|-damage|p1a: Volcarona|1/100
|move|p1a: Volcarona|Bug Buzz|p2a: Latios
|-supereffective|p2a: Latios
|-damage|p2a: Latios|0 fnt
|-damage|p1a: Volcarona|0 fnt|[from] item: Life Orb
|faint|p2a: Latios
|faint|p1a: Volcarona
|
|-weather|RainDance|[upkeep]
|upkeep
|
|switch|p2a: Jirachi|Jirachi|99/100
|switch|p1a: Thundurus|Thundurus-Therian, M|100/100
|turn|13
|
|move|p1a: Thundurus|Volt Switch|p2a: Jirachi
|-damage|p2a: Jirachi|74/100
|
|switch|p1a: Tentacruel|Tentacruel, M|100/100|[from]move: Volt Switch
|move|p2a: Jirachi|Icy Wind|p1a: Tentacruel
|-resisted|p1a: Tentacruel
|-damage|p1a: Tentacruel|96/100
|-unboost|p1a: Tentacruel|spe|1
|
|-weather|RainDance|[upkeep]
|-heal|p1a: Tentacruel|100/100|[from] ability: Rain Dish
|upkeep
|turn|14
|
|move|p2a: Jirachi|Icy Wind|p1a: Tentacruel
|-resisted|p1a: Tentacruel
|-damage|p1a: Tentacruel|96/100
|-unboost|p1a: Tentacruel|spe|1
|move|p1a: Tentacruel|Scald|p2a: Jirachi
|-damage|p2a: Jirachi|52/100
|-status|p2a: Jirachi|brn
|
|-weather|RainDance|[upkeep]
|-heal|p1a: Tentacruel|100/100|[from] ability: Rain Dish
|-damage|p2a: Jirachi|39/100 brn|[from] brn
|upkeep
|turn|15
|
|move|p2a: Jirachi|Thunder|p1a: Tentacruel
|-supereffective|p1a: Tentacruel
|-damage|p1a: Tentacruel|56/100
|-status|p1a: Tentacruel|par
|move|p1a: Tentacruel|Scald|p2a: Jirachi
|-damage|p2a: Jirachi|16/100 brn
|
|-weather|RainDance|[upkeep]
|-heal|p1a: Tentacruel|62/100 par|[from] ability: Rain Dish
|-heal|p1a: Tentacruel|68/100 par|[from] item: Black Sludge
|-damage|p2a: Jirachi|4/100 brn|[from] brn
|upkeep
|turn|16
|
|switch|p1a: Thundurus|Thundurus-Therian, M|100/100
|move|p2a: Jirachi|Thunder|p1a: Thundurus
|-immune|p1a: Thundurus|[from] ability: Volt Absorb
|
|-weather|RainDance|[upkeep]
|-damage|p2a: Jirachi|0 fnt|[from] brn
|faint|p2a: Jirachi
|upkeep
|
|switch|p2a: Dragonite|Dragonite, M|100/100
|turn|17
|
|move|p1a: Thundurus|Volt Switch|p2a: Dragonite
|-damage|p2a: Dragonite|80/100
|
|switch|p1a: Tentacruel|Tentacruel, M|68/100 par|[from]move: Volt Switch
|move|p2a: Dragonite|Outrage|p1a: Tentacruel
|-damage|p1a: Tentacruel|0 fnt
|faint|p1a: Tentacruel
|
|-weather|RainDance|[upkeep]
|upkeep
|
|switch|p1a: Thundurus|Thundurus-Therian, M|100/100
|turn|18
|
|move|p1a: Thundurus|Hidden Power|p2a: Dragonite
|-supereffective|p2a: Dragonite
|-damage|p2a: Dragonite|0 fnt
|faint|p2a: Dragonite
|
|-weather|RainDance|[upkeep]
|upkeep
|
|switch|p2a: Garchomp|Garchomp, M|100/100
|turn|19
|
|move|p2a: Garchomp|Stone Edge|p1a: Thundurus
|-supereffective|p1a: Thundurus
|-damage|p1a: Thundurus|0 fnt
|faint|p1a: Thundurus
|
|win|linsar
|raw|rootntootn's rating: 1415 &rarr; <strong>1396</strong><br />(-19 for losing)
|raw|linsar's rating: 1426 &rarr; <strong>1445</strong><br />(+19 for winning)
|c|☆rootntootn|gg
|c|☆linsar|gg
