|j|☆hotpotato3264
|j|☆SEUIf
|t:|1722253469
|gametype|singles
|player|p1|hotpotato3264|maid|1372
|player|p2|SEUIf|ingo-hisui|1273
|teamsize|p1|6
|teamsize|p2|6
|gen|5
|tier|[Gen 5] OU
|rated|
|rule|Species Clause: Limit one of each Pokémon
|rule|OHKO Clause: OHKO moves are banned
|rule|Moody Clause: Moody is banned
|rule|Evasion Items Clause: Evasion items are banned
|rule|Evasion Moves Clause: Evasion moves are banned
|rule|Endless Battle Clause: Forcing endless battles is banned
|rule|HP Percentage Mod: HP is shown in percentages
|rule|Evasion Abilities Clause: Evasion abilities are banned
|rule|Sleep Moves Clause: Sleep-inducing moves are banned
|rule|Swagger Clause: Swagger is banned
|rule|Baton Pass Stat Clause: No Baton Passer may have a way to boost its stats
|clearpoke
|poke|p1|Salamence, F|item
|poke|p1|Alakazam, M|item
|poke|p1|Landorus-Therian, M|item
|poke|p1|Magnezone|item
|poke|p1|Latias, F|item
|poke|p1|Latios, M|item
|poke|p2|Kyurem-Black|item
|poke|p2|Dragonite, M|item
|poke|p2|Garchomp, M|item
|poke|p2|Latios, M|item
|poke|p2|Jirachi|item
|poke|p2|Magnezone|item
|teampreview
|
|t:|1722253512
|start
|switch|p1a: Landorus|Landorus-Therian, M|100/100
|switch|p2a: Garchomp|Garchomp, M|100/100
|-ability|p1a: Landorus|Intimidate|boost
|-unboost|p2a: Garchomp|atk|1
|turn|1
|
|t:|1722253521
|move|p2a: Garchomp|Stealth Rock|p1a: Landorus
|-sidestart|p1: hotpotato3264|move: Stealth Rock
|move|p1a: Landorus|Hidden Power|p2a: Garchomp
|-supereffective|p2a: Garchomp
|-damage|p2a: Garchomp|37/100
|
|upkeep
|turn|2
|
|t:|1722253528
|switch|p2a: Kyurem|Kyurem-Black|100/100
|-ability|p2a: Kyurem|Teravolt
|move|p1a: Landorus|Hidden Power|p2a: Kyurem
|-damage|p2a: Kyurem|85/100
|
|upkeep
|turn|3
|
|t:|1722253535
|move|p1a: Landorus|Earthquake|p2a: Kyurem
|-damage|p2a: Kyurem|38/100
|move|p2a: Kyurem|Ice Beam|p1a: Landorus
|-supereffective|p1a: Landorus
|-enditem|p1a: Landorus|Focus Sash
|-damage|p1a: Landorus|1/100
|
|upkeep
|turn|4
|
|t:|1722253541
|switch|p2a: Magnezone|Magnezone|100/100
|-item|p2a: Magnezone|Air Balloon
|move|p1a: Landorus|Earthquake|p2a: Magnezone
|-immune|p2a: Magnezone
|
|upkeep
|turn|5
|
|t:|1722253548
|move|p1a: Landorus|Stealth Rock|p2a: Magnezone
|-sidestart|p2: SEUIf|move: Stealth Rock
|move|p2a: Magnezone|Hidden Power|p1a: Landorus
|-damage|p1a: Landorus|0 fnt
|faint|p1a: Landorus
|
|upkeep
|
|t:|1722253558
|switch|p1a: Magnezone|Magnezone|100/100
|-damage|p1a: Magnezone|94/100|[from] Stealth Rock
|-item|p1a: Magnezone|Air Balloon
|turn|6
|
|t:|1722253562
|move|p1a: Magnezone|Hidden Power|p2a: Magnezone
|-supereffective|p2a: Magnezone
|-damage|p2a: Magnezone|34/100
|-enditem|p2a: Magnezone|Air Balloon
|move|p2a: Magnezone|Hidden Power|p1a: Magnezone
|-supereffective|p1a: Magnezone
|-damage|p1a: Magnezone|29/100
|-enditem|p1a: Magnezone|Air Balloon
|
|upkeep
|turn|7
|
|t:|1722253568
|move|p1a: Magnezone|Hidden Power|p2a: Magnezone
|-supereffective|p2a: Magnezone
|-damage|p2a: Magnezone|0 fnt
|faint|p2a: Magnezone
|
|upkeep
|
|t:|1722253572
|switch|p2a: Garchomp|Garchomp, M|37/100
|-damage|p2a: Garchomp|30/100|[from] Stealth Rock
|turn|8
|
|t:|1722253581
|move|p2a: Garchomp|Outrage|p1a: Magnezone
|-resisted|p1a: Magnezone
|-damage|p1a: Magnezone|0 fnt
|faint|p1a: Magnezone
|
|upkeep
|
|t:|1722253586
|switch|p1a: Latios|Latios, M|100/100
|-damage|p1a: Latios|88/100|[from] Stealth Rock
|turn|9
|
|t:|1722253588
|move|p1a: Latios|Surf|p2a: Garchomp
|-damage|p2a: Garchomp|0 fnt
|faint|p2a: Garchomp
|
|upkeep
|
|t:|1722253595
|switch|p2a: Jirachi|Jirachi|100/100
|-damage|p2a: Jirachi|94/100|[from] Stealth Rock
|turn|10
|
|t:|1722253603
|move|p1a: Latios|Surf|p2a: Jirachi
|-damage|p2a: Jirachi|73/100
|move|p2a: Jirachi|Icy Wind|p1a: Latios
|-supereffective|p1a: Latios
|-damage|p1a: Latios|61/100
|-unboost|p1a: Latios|spe|1
|
|-heal|p2a: Jirachi|79/100|[from] item: Leftovers
|upkeep
|turn|11
|
|t:|1722253609
|switch|p1a: Latias|Latias, F|100/100
|-damage|p1a: Latias|88/100|[from] Stealth Rock
|move|p2a: Jirachi|Icy Wind|p1a: Latias
|-supereffective|p1a: Latias
|-damage|p1a: Latias|71/100
|-unboost|p1a: Latias|spe|1
|
|-heal|p1a: Latias|77/100|[from] item: Leftovers
|-heal|p2a: Jirachi|85/100|[from] item: Leftovers
|upkeep
|turn|12
|
|t:|1722253615
|move|p2a: Jirachi|U-turn|p1a: Latias
|-supereffective|p1a: Latias
|-damage|p1a: Latias|45/100
|
|t:|1722253619
|switch|p2a: Kyurem|Kyurem-Black|38/100|[from] U-turn
|-damage|p2a: Kyurem|13/100|[from] Stealth Rock
|-ability|p2a: Kyurem|Teravolt
|move|p1a: Latias|Roar|p2a: Kyurem
|drag|p2a: Dragonite|Dragonite, M|100/100
|-damage|p2a: Dragonite|76/100|[from] Stealth Rock
|
|-heal|p1a: Latias|51/100|[from] item: Leftovers
|upkeep
|turn|13
|
|t:|1722253634
|move|p2a: Dragonite|Extreme Speed|p1a: Latias
|-damage|p1a: Latias|2/100
|move|p1a: Latias|Dragon Pulse|p2a: Dragonite
|-supereffective|p2a: Dragonite
|-damage|p2a: Dragonite|6/100
|
|-heal|p1a: Latias|8/100|[from] item: Leftovers
|upkeep
|turn|14
|
|t:|1722253655
|move|p2a: Dragonite|Extreme Speed|p1a: Latias
|-damage|p1a: Latias|0 fnt
|faint|p1a: Latias
|
|upkeep
|
|t:|1722253661
|switch|p1a: Salamence|Salamence, F|100/100
|-damage|p1a: Salamence|76/100|[from] Stealth Rock
|turn|15
|
|t:|1722253698
|move|p2a: Dragonite|Extreme Speed|p1a: Salamence
|-damage|p1a: Salamence|23/100
|move|p1a: Salamence|Dragon Claw|p2a: Dragonite
|-supereffective|p2a: Dragonite
|-damage|p2a: Dragonite|0 fnt
|faint|p2a: Dragonite
|-ability|p1a: Salamence|Moxie|boost
|-boost|p1a: Salamence|atk|1
|
|upkeep
|
|t:|1722253709
|switch|p2a: Latios|Latios, M|100/100
|-damage|p2a: Latios|88/100|[from] Stealth Rock
|turn|16
|
|t:|1722253712
|move|p2a: Latios|Dragon Pulse|p1a: Salamence
|-supereffective|p1a: Salamence
|-damage|p1a: Salamence|0 fnt
|faint|p1a: Salamence
|
|upkeep
|
|t:|1722253714
|switch|p1a: Latios|Latios, M|61/100
|-damage|p1a: Latios|49/100|[from] Stealth Rock
|turn|17
|
|t:|1722253720
|switch|p2a: Jirachi|Jirachi|85/100
|-damage|p2a: Jirachi|79/100|[from] Stealth Rock
|move|p1a: Latios|Draco Meteor|p2a: Jirachi
|-resisted|p2a: Jirachi
|-damage|p2a: Jirachi|56/100
|-unboost|p1a: Latios|spa|2
|
|-heal|p2a: Jirachi|63/100|[from] item: Leftovers
|upkeep
|turn|18
|
|t:|1722253727
|switch|p1a: Alakazam|Alakazam, M|100/100
|move|p2a: Jirachi|U-turn|p1a: Alakazam
|-supereffective|p1a: Alakazam
|-damage|p1a: Alakazam|23/100
|
|t:|1722253732
|switch|p2a: Latios|Latios, M|88/100|[from] U-turn
|-damage|p2a: Latios|76/100|[from] Stealth Rock
|
|upkeep
|turn|19
|
|t:|1722253734
|move|p2a: Latios|Dragon Pulse|p1a: Alakazam
|-damage|p1a: Alakazam|0 fnt
|faint|p1a: Alakazam
|
|upkeep
|
|t:|1722253737
|switch|p1a: Latios|Latios, M|49/100
|-damage|p1a: Latios|36/100|[from] Stealth Rock
|turn|20
|
|t:|1722253742
|switch|p2a: Kyurem|Kyurem-Black|13/100
|-damage|p2a: Kyurem|0 fnt|[from] Stealth Rock
|faint|p2a: Kyurem
|move|p1a: Latios|Trick|p2: Kyurem|[notarget]
|-fail|p1a: Latios
|
|upkeep
|
|t:|1722253751
|switch|p2a: Jirachi|Jirachi|63/100
|-damage|p2a: Jirachi|56/100|[from] Stealth Rock
|turn|21
|
|t:|1722253754
|move|p1a: Latios|Trick|p2a: Jirachi
|-activate|p1a: Latios|move: Trick|[of] p2a: Jirachi
|-item|p2a: Jirachi|Choice Scarf|[from] move: Trick
|-item|p1a: Latios|Leftovers|[from] move: Trick
|move|p2a: Jirachi|U-turn|p1a: Latios
|-supereffective|p1a: Latios
|-damage|p1a: Latios|0 fnt
|faint|p1a: Latios
|
|win|SEUIf
|raw|hotpotato3264's rating: 1372 &rarr; <strong>1346</strong><br />(-26 for losing)
|raw|SEUIf's rating: 1273 &rarr; <strong>1305</strong><br />(+32 for winning)
|l|☆hotpotato3264
|player|p1|
|c|☆SEUIf|gg
