|j|☆porrompompom
|j|☆Awarthur
|player|p1|porrompompom|2|1493
|player|p2|Awarthur|benga|1319
|teamsize|p1|6
|teamsize|p2|6
|gametype|singles
|gen|5
|tier|[Gen 5] OU
|rated|
|clearpoke
|poke|p1|Politoed, M|item
|poke|p1|Tentacruel, M|item
|poke|p1|Gliscor, M|item
|poke|p1|Celebi|item
|poke|p1|Chansey, F|item
|poke|p1|Skarmory, M|item
|poke|p2|Jirachi|item
|poke|p2|Kyurem-Black|item
|poke|p2|Magnezone|item
|poke|p2|Dragonite, M|item
|poke|p2|Garchomp, F|item
|poke|p2|Starmie|item
|rule|Species Clause: Limit one of each Pokémon
|rule|OHKO Clause: OHKO moves are banned
|rule|Moody Clause: Moody is banned
|rule|Evasion Moves Clause: Evasion moves are banned
|rule|Endless Battle Clause: Forcing endless battles is banned
|rule|HP Percentage Mod: HP is shown in percentages
|rule|Evasion Abilities Clause: Evasion abilities are banned
|rule|Baton Pass Clause: Limit one Baton Passer, can't pass Spe and other stats simultaneously
|rule|Sleep Clause: Sleep-inducing moves are banned
|rule|Swagger Clause: Swagger is banned
|teampreview
|inactive|Battle timer is ON: inactive players will automatically lose when time's up. (requested by Awarthur)
|c|☆Awarthur|good luck
|
|start
|switch|p1a: Celebi|Celebi|100/100
|switch|p2a: Where|Jirachi|100/100
|turn|1
|
|move|p2a: Where|U-turn|p1a: Celebi
|-supereffective|p1a: Celebi
|-damage|p1a: Celebi|33/100
|
|switch|p2a: Bryan ?|Magnezone|100/100|[from]move: U-turn
|move|p1a: Celebi|Trick|p2a: Bryan ?
|-activate|p1a: Celebi|move: Trick|[of] p2a: Bryan ?
|-item|p2a: Bryan ?|Choice Scarf|[from] move: Trick
|-item|p1a: Celebi|Choice Specs|[from] move: Trick
|
|upkeep
|turn|2
|
|switch|p1a: Politoed|Politoed, M|100/100
|-weather|RainDance|[from] ability: Drizzle|[of] p1a: Politoed
|move|p2a: Bryan ?|Volt Switch|p1a: Politoed
|-supereffective|p1a: Politoed
|-damage|p1a: Politoed|29/100
|
|switch|p2a: Where|Jirachi|100/100|[from]move: Volt Switch
|
|-weather|RainDance|[upkeep]
|-heal|p1a: Politoed|35/100|[from] item: Leftovers
|upkeep
|turn|3
|
|move|p1a: Politoed|Protect|p1a: Politoed
|-singleturn|p1a: Politoed|Protect
|move|p2a: Where|Stealth Rock|p1a: Politoed
|-sidestart|p1: porrompompom|move: Stealth Rock
|
|-weather|RainDance|[upkeep]
|-heal|p1a: Politoed|41/100|[from] item: Leftovers
|upkeep
|turn|4
|
|switch|p2a: Kitchen b*tch|Starmie|100/100
|move|p1a: Politoed|Scald|p2a: Kitchen b*tch
|-resisted|p2a: Kitchen b*tch
|-crit|p2a: Kitchen b*tch
|-damage|p2a: Kitchen b*tch|55/100
|-status|p2a: Kitchen b*tch|brn
|
|-weather|RainDance|[upkeep]
|-heal|p2a: Kitchen b*tch|61/100 brn|[from] item: Leftovers
|-heal|p1a: Politoed|47/100|[from] item: Leftovers
|-damage|p2a: Kitchen b*tch|48/100 brn|[from] brn
|upkeep
|turn|5
|
|move|p1a: Politoed|Protect|p1a: Politoed
|-singleturn|p1a: Politoed|Protect
|move|p2a: Kitchen b*tch|Recover|p2a: Kitchen b*tch
|-heal|p2a: Kitchen b*tch|99/100 brn
|
|-weather|RainDance|[upkeep]
|-heal|p2a: Kitchen b*tch|100/100 brn|[from] item: Leftovers
|-heal|p1a: Politoed|54/100|[from] item: Leftovers
|-damage|p2a: Kitchen b*tch|88/100 brn|[from] brn
|upkeep
|turn|6
|
|switch|p1a: Chansey|Chansey, F|100/100
|-damage|p1a: Chansey|88/100|[from] Stealth Rock
|move|p2a: Kitchen b*tch|Scald|p1a: Chansey
|-crit|p1a: Chansey
|-damage|p1a: Chansey|63/100
|-status|p1a: Chansey|brn
|
|-weather|RainDance|[upkeep]
|-heal|p2a: Kitchen b*tch|94/100 brn|[from] item: Leftovers
|-damage|p2a: Kitchen b*tch|82/100 brn|[from] brn
|-damage|p1a: Chansey|51/100 brn|[from] brn
|upkeep
|turn|7
|
|move|p2a: Kitchen b*tch|Scald|p1a: Chansey
|-damage|p1a: Chansey|39/100 brn
|move|p1a: Chansey|Soft-Boiled|p1a: Chansey
|-heal|p1a: Chansey|89/100 brn
|
|-weather|RainDance|[upkeep]
|-heal|p2a: Kitchen b*tch|88/100 brn|[from] item: Leftovers
|-damage|p2a: Kitchen b*tch|76/100 brn|[from] brn
|-damage|p1a: Chansey|76/100 brn|[from] brn
|upkeep
|turn|8
|
|move|p2a: Kitchen b*tch|Scald|p1a: Chansey
|-damage|p1a: Chansey|64/100 brn
|move|p1a: Chansey|Soft-Boiled|p1a: Chansey
|-heal|p1a: Chansey|100/100 brn
|
|-weather|RainDance|[upkeep]
|-heal|p2a: Kitchen b*tch|82/100 brn|[from] item: Leftovers
|-damage|p2a: Kitchen b*tch|70/100 brn|[from] brn
|-damage|p1a: Chansey|88/100 brn|[from] brn
|upkeep
|turn|9
|
|move|p2a: Kitchen b*tch|Recover|p2a: Kitchen b*tch
|-heal|p2a: Kitchen b*tch|100/100 brn
|move|p1a: Chansey|Stealth Rock|p2a: Kitchen b*tch
|-sidestart|p2: Awarthur|move: Stealth Rock
|
|-weather|RainDance|[upkeep]
|-damage|p2a: Kitchen b*tch|88/100 brn|[from] brn
|-damage|p1a: Chansey|76/100 brn|[from] brn
|upkeep
|turn|10
|
|move|p2a: Kitchen b*tch|Rapid Spin|p1a: Chansey
|-damage|p1a: Chansey|75/100 brn
|-sideend|p2: Awarthur|Stealth Rock|[from] move: Rapid Spin|[of] p2a: Kitchen b*tch
|move|p1a: Chansey|Seismic Toss|p2a: Kitchen b*tch
|-damage|p2a: Kitchen b*tch|57/100 brn
|
|-weather|RainDance|[upkeep]
|-heal|p2a: Kitchen b*tch|63/100 brn|[from] item: Leftovers
|-damage|p2a: Kitchen b*tch|51/100 brn|[from] brn
|-damage|p1a: Chansey|62/100 brn|[from] brn
|upkeep
|turn|11
|
|move|p2a: Kitchen b*tch|Recover|p2a: Kitchen b*tch
|-heal|p2a: Kitchen b*tch|100/100 brn
|move|p1a: Chansey|Stealth Rock|p2a: Kitchen b*tch
|-sidestart|p2: Awarthur|move: Stealth Rock
|
|-weather|RainDance|[upkeep]
|-damage|p2a: Kitchen b*tch|88/100 brn|[from] brn
|-damage|p1a: Chansey|50/100 brn|[from] brn
|upkeep
|turn|12
|
|move|p2a: Kitchen b*tch|Rapid Spin|p1a: Chansey
|-damage|p1a: Chansey|49/100 brn
|-sideend|p2: Awarthur|Stealth Rock|[from] move: Rapid Spin|[of] p2a: Kitchen b*tch
|move|p1a: Chansey|Soft-Boiled|p1a: Chansey
|-heal|p1a: Chansey|99/100 brn
|
|-weather|RainDance|[upkeep]
|-heal|p2a: Kitchen b*tch|94/100 brn|[from] item: Leftovers
|-damage|p2a: Kitchen b*tch|82/100 brn|[from] brn
|-damage|p1a: Chansey|87/100 brn|[from] brn
|upkeep
|turn|13
|
|switch|p2a: in the|Garchomp, F|100/100
|move|p1a: Chansey|Stealth Rock|p2a: in the
|-sidestart|p2: Awarthur|move: Stealth Rock
|
|-weather|RainDance|[upkeep]
|-damage|p1a: Chansey|74/100 brn|[from] brn
|upkeep
|turn|14
|
|switch|p1a: Skarmory|Skarmory, M|100/100
|-damage|p1a: Skarmory|88/100|[from] Stealth Rock
|move|p2a: in the|Swords Dance|p2a: in the
|-boost|p2a: in the|atk|2
|
|-weather|RainDance|[upkeep]
|upkeep
|turn|15
|
|move|p2a: in the|Fire Blast|p1a: Skarmory
|-supereffective|p1a: Skarmory
|-damage|p1a: Skarmory|56/100
|move|p1a: Skarmory|Whirlwind|p2a: in the
|drag|p2a: Where|Jirachi|100/100
|-damage|p2a: Where|94/100|[from] Stealth Rock
|
|-weather|RainDance|[upkeep]
|upkeep
|turn|16
|
|move|p2a: Where|U-turn|p1a: Skarmory
|-resisted|p1a: Skarmory
|-damage|p1a: Skarmory|53/100
|
|switch|p2a: Kitchen b*tch|Starmie|82/100|[from]move: U-turn
|-damage|p2a: Kitchen b*tch|70/100|[from] Stealth Rock
|move|p1a: Skarmory|Roost|p1a: Skarmory
|-heal|p1a: Skarmory|100/100
|-singleturn|p1a: Skarmory|move: Roost
|
|-weather|RainDance|[upkeep]
|-heal|p2a: Kitchen b*tch|76/100|[from] item: Leftovers
|upkeep
|turn|17
|
|switch|p1a: Tentacruel|Tentacruel, M|100/100
|-damage|p1a: Tentacruel|88/100|[from] Stealth Rock
|move|p2a: Kitchen b*tch|Rapid Spin|p1a: Tentacruel
|-damage|p1a: Tentacruel|84/100
|-sideend|p2: Awarthur|Stealth Rock|[from] move: Rapid Spin|[of] p2a: Kitchen b*tch
|
|-weather|RainDance|[upkeep]
|-heal|p1a: Tentacruel|90/100|[from] ability: Rain Dish
|-heal|p2a: Kitchen b*tch|82/100|[from] item: Leftovers
|-heal|p1a: Tentacruel|96/100|[from] item: Black Sludge
|upkeep
|turn|18
|
|switch|p2a: Bryan ?|Magnezone|100/100
|move|p1a: Tentacruel|Rapid Spin|p2a: Bryan ?
|-resisted|p2a: Bryan ?
|-damage|p2a: Bryan ?|99/100
|-sideend|p1: porrompompom|Stealth Rock|[from] move: Rapid Spin|[of] p1a: Tentacruel
|
|-weather|RainDance|[upkeep]
|-heal|p1a: Tentacruel|100/100|[from] ability: Rain Dish
|upkeep
|turn|19
|
|switch|p1a: Gliscor|Gliscor, M|100/100
|move|p2a: Bryan ?|Thunderbolt|p1a: Gliscor
|-immune|p1a: Gliscor
|
|-weather|RainDance|[upkeep]
|-status|p1a: Gliscor|tox|[from] item: Toxic Orb
|upkeep
|turn|20
|
|switch|p2a: Kitchen b*tch|Starmie|82/100
|move|p1a: Gliscor|Earthquake|p2a: Kitchen b*tch
|-damage|p2a: Kitchen b*tch|44/100
|
|-weather|RainDance|[upkeep]
|-heal|p2a: Kitchen b*tch|51/100|[from] item: Leftovers
|upkeep
|turn|21
|
|switch|p1a: Chansey|Chansey, F|74/100
|move|p2a: Kitchen b*tch|Recover|p2a: Kitchen b*tch
|-heal|p2a: Kitchen b*tch|100/100
|
|-weather|RainDance|[upkeep]
|upkeep
|turn|22
|
|switch|p2a: Is|Kyurem-Black|100/100
|-ability|p2a: Is|Teravolt
|move|p1a: Chansey|Stealth Rock|p2a: Is
|-sidestart|p2: Awarthur|move: Stealth Rock
|
|-weather|RainDance|[upkeep]
|upkeep
|turn|23
|
|switch|p1a: Skarmory|Skarmory, M|100/100
|move|p2a: Is|Substitute|p2a: Is
|-start|p2a: Is|Substitute
|-damage|p2a: Is|76/100
|
|-weather|RainDance|[upkeep]
|-heal|p2a: Is|82/100|[from] item: Leftovers
|upkeep
|turn|24
|
|move|p2a: Is|Fusion Bolt|p1a: Skarmory
|-supereffective|p1a: Skarmory
|-damage|p1a: Skarmory|45/100
|move|p1a: Skarmory|Whirlwind|p2a: Is
|drag|p2a: Bryan ?|Magnezone|99/100
|-damage|p2a: Bryan ?|93/100|[from] Stealth Rock
|
|-weather|RainDance|[upkeep]
|upkeep
|turn|25
|
|switch|p1a: Gliscor|Gliscor, M|100/100 tox
|move|p2a: Bryan ?|Hidden Power|p1a: Gliscor
|-damage|p1a: Gliscor|83/100 tox
|
|-weather|RainDance|[upkeep]
|-heal|p1a: Gliscor|95/100 tox|[from] ability: Poison Heal
|upkeep
|turn|26
|
|switch|p2a: Kitchen b*tch|Starmie|100/100
|-damage|p2a: Kitchen b*tch|88/100|[from] Stealth Rock
|switch|p1a: Celebi|Celebi|33/100
|
|-weather|RainDance|[upkeep]
|-heal|p2a: Kitchen b*tch|94/100|[from] item: Leftovers
|upkeep
|turn|27
|
|move|p2a: Kitchen b*tch|Ice Beam|p1a: Celebi
|-supereffective|p1a: Celebi
|-damage|p1a: Celebi|1/100
|move|p1a: Celebi|Giga Drain|p2a: Kitchen b*tch
|-supereffective|p2a: Kitchen b*tch
|-damage|p2a: Kitchen b*tch|0 fnt
|-heal|p1a: Celebi|38/100|[from] drain|[of] p2a: Kitchen b*tch
|faint|p2a: Kitchen b*tch
|
|-weather|RainDance|[upkeep]
|upkeep
|
|switch|p2a: Where|Jirachi|94/100
|-damage|p2a: Where|88/100|[from] Stealth Rock
|turn|28
|
|switch|p1a: Tentacruel|Tentacruel, M|100/100
|move|p2a: Where|Iron Head|p1a: Tentacruel
|-resisted|p1a: Tentacruel
|-damage|p1a: Tentacruel|79/100
|
|-weather|RainDance|[upkeep]
|-heal|p1a: Tentacruel|85/100|[from] ability: Rain Dish
|-heal|p1a: Tentacruel|91/100|[from] item: Black Sludge
|upkeep
|turn|29
|
|switch|p2a: Bryan ?|Magnezone|93/100
|-damage|p2a: Bryan ?|87/100|[from] Stealth Rock
|move|p1a: Tentacruel|Substitute|p1a: Tentacruel
|-start|p1a: Tentacruel|Substitute
|-damage|p1a: Tentacruel|66/100
|
|-weather|RainDance|[upkeep]
|-heal|p1a: Tentacruel|72/100|[from] ability: Rain Dish
|-heal|p1a: Tentacruel|78/100|[from] item: Black Sludge
|upkeep
|turn|30
|
|move|p1a: Tentacruel|Substitute|p1a: Tentacruel
|-fail|p1a: Tentacruel|move: Substitute
|move|p2a: Bryan ?|Thunderbolt|p1a: Tentacruel
|-supereffective|p1a: Tentacruel
|-end|p1a: Tentacruel|Substitute
|
|-weather|RainDance|[upkeep]
|-heal|p1a: Tentacruel|84/100|[from] ability: Rain Dish
|-heal|p1a: Tentacruel|91/100|[from] item: Black Sludge
|upkeep
|turn|31
|
|move|p1a: Tentacruel|Substitute|p1a: Tentacruel
|-start|p1a: Tentacruel|Substitute
|-damage|p1a: Tentacruel|66/100
|move|p2a: Bryan ?|Thunderbolt|p1a: Tentacruel
|-supereffective|p1a: Tentacruel
|-end|p1a: Tentacruel|Substitute
|
|-weather|RainDance|[upkeep]
|-heal|p1a: Tentacruel|72/100|[from] ability: Rain Dish
|-heal|p1a: Tentacruel|78/100|[from] item: Black Sludge
|upkeep
|turn|32
|
|switch|p1a: Gliscor|Gliscor, M|95/100 tox
|move|p2a: Bryan ?|Thunderbolt|p1a: Gliscor
|-immune|p1a: Gliscor
|
|-weather|RainDance|[upkeep]
|-heal|p1a: Gliscor|100/100 tox|[from] ability: Poison Heal
|upkeep
|turn|33
|
|move|p2a: Bryan ?|Thunderbolt|p1a: Gliscor
|-immune|p1a: Gliscor
|move|p1a: Gliscor|Toxic|p2a: Bryan ?
|-immune|p2a: Bryan ?
|
|-weather|RainDance|[upkeep]
|upkeep
|turn|34
|
|switch|p2a: Where|Jirachi|88/100
|-damage|p2a: Where|82/100|[from] Stealth Rock
|move|p1a: Gliscor|Toxic|p2a: Where
|-immune|p2a: Where
|
|-weather|RainDance|[upkeep]
|upkeep
|turn|35
|
|switch|p1a: Tentacruel|Tentacruel, M|78/100
|move|p2a: Where|Stealth Rock|p1a: Tentacruel
|-sidestart|p1: porrompompom|move: Stealth Rock
|
|-weather|RainDance|[upkeep]
|-heal|p1a: Tentacruel|84/100|[from] ability: Rain Dish
|-heal|p1a: Tentacruel|90/100|[from] item: Black Sludge
|upkeep
|turn|36
|
|switch|p2a: in the|Garchomp, F|100/100
|-damage|p2a: in the|94/100|[from] Stealth Rock
|move|p1a: Tentacruel|Substitute|p1a: Tentacruel
|-start|p1a: Tentacruel|Substitute
|-damage|p1a: Tentacruel|65/100
|
|-weather|RainDance|[upkeep]
|-heal|p1a: Tentacruel|71/100|[from] ability: Rain Dish
|-heal|p1a: Tentacruel|77/100|[from] item: Black Sludge
|upkeep
|turn|37
|
|move|p2a: in the|Earthquake|p1a: Tentacruel
|-supereffective|p1a: Tentacruel
|-end|p1a: Tentacruel|Substitute
|move|p1a: Tentacruel|Rapid Spin|p2a: in the
|-damage|p2a: in the|92/100
|-damage|p1a: Tentacruel|65/100|[from] ability: Rough Skin|[of] p2a: in the
|-sideend|p1: porrompompom|Stealth Rock|[from] move: Rapid Spin|[of] p1a: Tentacruel
|
|-weather|RainDance|[upkeep]
|-heal|p1a: Tentacruel|71/100|[from] ability: Rain Dish
|-heal|p1a: Tentacruel|77/100|[from] item: Black Sludge
|upkeep
|turn|38
|
|switch|p1a: Skarmory|Skarmory, M|45/100
|move|p2a: in the|Earthquake|p1a: Skarmory
|-immune|p1a: Skarmory
|
|-weather|RainDance|[upkeep]
|upkeep
|turn|39
|
|move|p2a: in the|Fire Blast|p1a: Skarmory
|-supereffective|p1a: Skarmory
|-crit|p1a: Skarmory
|-damage|p1a: Skarmory|0 fnt
|faint|p1a: Skarmory
|
|-weather|RainDance|[upkeep]
|upkeep
|c|☆porrompompom|gg i suppose
|
|switch|p1a: Gliscor|Gliscor, M|100/100 tox
|turn|40
|
|move|p2a: in the|Swords Dance|p2a: in the
|-boost|p2a: in the|atk|2
|move|p1a: Gliscor|Ice Fang|p2a: in the
|-supereffective|p2a: in the
|-enditem|p2a: in the|Yache Berry|[eat]
|-enditem|p2a: in the|Yache Berry|[weaken]
|-damage|p2a: in the|64/100
|-damage|p1a: Gliscor|88/100 tox|[from] ability: Rough Skin|[of] p2a: in the
|
|-weather|RainDance|[upkeep]
|-heal|p1a: Gliscor|100/100 tox|[from] ability: Poison Heal
|upkeep
|turn|41
|
|move|p2a: in the|Outrage|p1a: Gliscor
|-damage|p1a: Gliscor|20/100 tox
|move|p1a: Gliscor|Roost|p1a: Gliscor
|-heal|p1a: Gliscor|70/100 tox
|-singleturn|p1a: Gliscor|move: Roost
|
|-weather|RainDance|[upkeep]
|-heal|p1a: Gliscor|82/100 tox|[from] ability: Poison Heal
|upkeep
|turn|42
|
|move|p2a: in the|Outrage|p1a: Gliscor|[from]lockedmove
|-damage|p1a: Gliscor|8/100 tox
|-start|p2a: in the|confusion|[fatigue]
|move|p1a: Gliscor|Toxic|p2a: in the|[miss]
|-miss|p1a: Gliscor|p2a: in the
|
|-weather|RainDance|[upkeep]
|-heal|p1a: Gliscor|21/100 tox|[from] ability: Poison Heal
|upkeep
|turn|43
|
|-activate|p2a: in the|confusion
|-damage|p2a: in the|36/100|[from] confusion
|move|p1a: Gliscor|Roost|p1a: Gliscor
|-heal|p1a: Gliscor|71/100 tox
|-singleturn|p1a: Gliscor|move: Roost
|
|-weather|RainDance|[upkeep]
|-heal|p1a: Gliscor|83/100 tox|[from] ability: Poison Heal
|upkeep
|turn|44
|
|-activate|p2a: in the|confusion
|move|p2a: in the|Outrage|p1a: Gliscor
|-crit|p1a: Gliscor
|-damage|p1a: Gliscor|0 fnt
|faint|p1a: Gliscor
|
|-weather|RainDance|[upkeep]
|upkeep
|
|switch|p1a: Tentacruel|Tentacruel, M|77/100
|turn|45
|
|-activate|p2a: in the|confusion
|move|p2a: in the|Outrage|p1a: Tentacruel|[from]lockedmove
|-damage|p1a: Tentacruel|0 fnt
|faint|p1a: Tentacruel
|
|-weather|RainDance|[upkeep]
|upkeep
|
|switch|p1a: Politoed|Politoed, M|54/100
|turn|46
|
|-activate|p2a: in the|confusion
|-damage|p2a: in the|7/100|[from] confusion
|move|p1a: Politoed|Scald|p2a: in the
|-damage|p2a: in the|0 fnt
|faint|p2a: in the
|
|-weather|RainDance|[upkeep]
|-heal|p1a: Politoed|60/100|[from] item: Leftovers
|upkeep
|
|switch|p2a: Bryan ?|Magnezone|87/100
|-damage|p2a: Bryan ?|81/100|[from] Stealth Rock
|turn|47
|
|move|p1a: Politoed|Protect|p1a: Politoed
|-singleturn|p1a: Politoed|Protect
|move|p2a: Bryan ?|Thunderbolt|p1a: Politoed
|-activate|p1a: Politoed|move: Protect
|
|-weather|RainDance|[upkeep]
|-heal|p1a: Politoed|66/100|[from] item: Leftovers
|upkeep
|turn|48
|
|switch|p1a: Celebi|Celebi|38/100
|move|p2a: Bryan ?|Thunderbolt|p1a: Celebi
|-resisted|p1a: Celebi
|-damage|p1a: Celebi|22/100
|
|-weather|RainDance|[upkeep]
|upkeep
|turn|49
|
|move|p2a: Bryan ?|Thunderbolt|p1a: Celebi
|-resisted|p1a: Celebi
|-damage|p1a: Celebi|4/100
|move|p1a: Celebi|Recover|p1a: Celebi
|-heal|p1a: Celebi|54/100
|
|-weather|RainDance|[upkeep]
|upkeep
|turn|50
|
|switch|p1a: Politoed|Politoed, M|66/100
|switch|p2a: Bryan is|Dragonite, M|100/100
|-damage|p2a: Bryan is|75/100|[from] Stealth Rock
|
|-weather|RainDance|[upkeep]
|-heal|p1a: Politoed|72/100|[from] item: Leftovers
|upkeep
|turn|51
|
|move|p2a: Bryan is|Outrage|p1a: Politoed
|-damage|p1a: Politoed|0 fnt
|faint|p1a: Politoed
|
|-weather|RainDance|[upkeep]
|upkeep
|
|switch|p1a: Celebi|Celebi|54/100
|turn|52
|
|move|p1a: Celebi|Trick|p2a: Bryan is
|-activate|p1a: Celebi|move: Trick|[of] p2a: Bryan is
|-item|p2a: Bryan is|Choice Specs|[from] move: Trick
|-item|p1a: Celebi|Choice Band|[from] move: Trick
|move|p2a: Bryan is|Outrage|p1a: Celebi|[from]lockedmove
|-damage|p1a: Celebi|0 fnt
|faint|p1a: Celebi
|
|-weather|RainDance|[upkeep]
|upkeep
|
|switch|p1a: Chansey|Chansey, F|74/100
|turn|53
|
|move|p2a: Bryan is|Outrage|p1a: Chansey|[from]lockedmove
|-damage|p1a: Chansey|27/100
|-start|p2a: Bryan is|confusion|[fatigue]
|move|p1a: Chansey|Soft-Boiled|p1a: Chansey
|-heal|p1a: Chansey|77/100
|
|-weather|RainDance|[upkeep]
|upkeep
|turn|54
|
|switch|p2a: Where|Jirachi|82/100
|-damage|p2a: Where|76/100|[from] Stealth Rock
|move|p1a: Chansey|Soft-Boiled|p1a: Chansey
|-heal|p1a: Chansey|100/100
|
|-weather|RainDance|[upkeep]
|upkeep
|turn|55
|
|move|p2a: Where|Iron Head|p1a: Chansey
|-damage|p1a: Chansey|78/100
|move|p1a: Chansey|Seismic Toss|p2a: Where
|-damage|p2a: Where|47/100
|
|-weather|RainDance|[upkeep]
|upkeep
|turn|56
|
|move|p2a: Where|Iron Head|p1a: Chansey
|-crit|p1a: Chansey
|-damage|p1a: Chansey|29/100
|move|p1a: Chansey|Soft-Boiled|p1a: Chansey
|-heal|p1a: Chansey|79/100
|
|-weather|RainDance|[upkeep]
|upkeep
|turn|57
|
|move|p2a: Where|Iron Head|p1a: Chansey
|-damage|p1a: Chansey|59/100
|cant|p1a: Chansey|flinch
|
|-weather|RainDance|[upkeep]
|upkeep
|turn|58
|
|move|p2a: Where|Iron Head|p1a: Chansey
|-damage|p1a: Chansey|38/100
|cant|p1a: Chansey|flinch
|
|-weather|RainDance|[upkeep]
|upkeep
|turn|59
|
|move|p2a: Where|Iron Head|p1a: Chansey
|-damage|p1a: Chansey|14/100
|cant|p1a: Chansey|flinch
|
|-weather|RainDance|[upkeep]
|upkeep
|turn|60
|
|move|p2a: Where|Iron Head|p1a: Chansey
|-damage|p1a: Chansey|0 fnt
|faint|p1a: Chansey
|
|win|Awarthur
|c|☆Awarthur|gg
|raw|porrompompom's rating: 1493 &rarr; <strong>1464</strong><br />(-29 for losing)
|raw|Awarthur's rating: 1319 &rarr; <strong>1348</strong><br />(+29 for winning)
