|j|☆refsunpersons
|j|☆aioso
|t:|1736087071
|gametype|singles
|player|p1|refsunpersons|#phosphor|1361
|player|p2|aioso|101|1438
|teamsize|p1|6
|teamsize|p2|6
|gen|5
|tier|[Gen 5] OU
|rated|
|rule|Species Clause: Limit one of each Pokémon
|rule|OHKO Clause: OHKO moves are banned
|rule|Moody Clause: Moody is banned
|rule|Evasion Items Clause: Evasion items are banned
|rule|Evasion Moves Clause: Evasion moves are banned
|rule|Endless Battle Clause: Forcing endless battles is banned
|rule|HP Percentage Mod: HP is shown in percentages
|rule|Evasion Abilities Clause: Evasion abilities are banned
|rule|Sleep Moves Clause: Sleep-inducing moves are banned
|rule|Swagger Clause: Swagger is banned
|rule|Baton Pass Stat Clause: No Baton Passer may have a way to boost its stats
|clearpoke
|poke|p1|Ninetales, M|item
|poke|p1|Excadrill, F|item
|poke|p1|Volcarona, F|item
|poke|p1|Chansey, F|item
|poke|p1|Cresselia, F|item
|poke|p1|Rotom-Wash|item
|poke|p2|Abomasnow, M|item
|poke|p2|Forretress, M|item
|poke|p2|Gliscor, F|item
|poke|p2|Dragonite, F|item
|poke|p2|Weavile, M|item
|poke|p2|Alakazam, M|item
|teampreview
|j|@Rage
|c|☆refsunpersons|gl hf
|
|t:|1736087110
|start
|switch|p1a: Rotom|Rotom-Wash|100/100
|switch|p2a: Abomasnow|Abomasnow, M|100/100
|-weather|Hail|[from] ability: Snow Warning|[of] p2a: Abomasnow
|turn|1
|
|t:|1736087118
|switch|p1a: Ninetales|Ninetales, M|100/100
|-weather|SunnyDay|[from] ability: Drought|[of] p1a: Ninetales
|move|p2a: Abomasnow|Protect||[still]
|-fail|p2a: Abomasnow
|
|-weather|SunnyDay|[upkeep]
|upkeep
|turn|2
|
|t:|1736087133
|switch|p2a: Alakazam|Alakazam, M|100/100
|move|p1a: Ninetales|Fire Blast|p2a: Alakazam
|-damage|p2a: Alakazam|0 fnt
|faint|p2a: Alakazam
|
|-weather|SunnyDay|[upkeep]
|upkeep
|
|t:|1736087138
|switch|p2a: Gliscor|Gliscor, F|100/100
|turn|3
|
|t:|1736087143
|switch|p1a: Rotom|Rotom-Wash|100/100
|move|p2a: Gliscor|Stealth Rock|p1a: Rotom
|-sidestart|p1: refsunpersons|move: Stealth Rock
|
|-weather|SunnyDay|[upkeep]
|-status|p2a: Gliscor|tox|[from] item: Toxic Orb
|upkeep
|turn|4
|
|t:|1736087147
|move|p1a: Rotom|Volt Switch|p2a: Gliscor
|-immune|p2a: Gliscor
|move|p2a: Gliscor|Knock Off|p1a: Rotom
|-damage|p1a: Rotom|97/100
|-enditem|p1a: Rotom|Leftovers|[from] move: Knock Off|[of] p2a: Gliscor
|
|-weather|SunnyDay|[upkeep]
|upkeep
|turn|5
|
|t:|1736087153
|switch|p2a: Abomasnow|Abomasnow, M|100/100
|-weather|Hail|[from] ability: Snow Warning|[of] p2a: Abomasnow
|move|p1a: Rotom|Hidden Power|p2a: Abomasnow
|-damage|p2a: Abomasnow|86/100
|
|-weather|Hail|[upkeep]
|-damage|p1a: Rotom|90/100|[from] Hail
|-heal|p2a: Abomasnow|92/100|[from] item: Leftovers
|upkeep
|turn|6
|
|t:|1736087161
|move|p1a: Rotom|Volt Switch|p2a: Abomasnow
|-resisted|p2a: Abomasnow
|-damage|p2a: Abomasnow|81/100
|
|t:|1736087164
|switch|p1a: Ninetales|Ninetales, M|100/100|[from] Volt Switch
|-damage|p1a: Ninetales|76/100|[from] Stealth Rock
|-weather|SunnyDay|[from] ability: Drought|[of] p1a: Ninetales
|move|p2a: Abomasnow|Leech Seed|p1a: Ninetales|[miss]
|-miss|p2a: Abomasnow|p1a: Ninetales
|
|-weather|SunnyDay|[upkeep]
|-heal|p2a: Abomasnow|87/100|[from] item: Leftovers
|upkeep
|turn|7
|
|t:|1736087178
|move|p1a: Ninetales|Fire Blast|p2a: Abomasnow
|-supereffective|p2a: Abomasnow
|-damage|p2a: Abomasnow|0 fnt
|faint|p2a: Abomasnow
|
|-weather|SunnyDay|[upkeep]
|upkeep
|
|t:|1736087180
|switch|p2a: Dragonite|Dragonite, F|100/100
|turn|8
|
|t:|1736087192
|switch|p1a: Cresselia|Cresselia, F|100/100
|-damage|p1a: Cresselia|88/100|[from] Stealth Rock
|move|p2a: Dragonite|Substitute|p2a: Dragonite
|-start|p2a: Dragonite|Substitute
|-damage|p2a: Dragonite|76/100
|
|-weather|SunnyDay|[upkeep]
|-heal|p2a: Dragonite|82/100|[from] item: Leftovers
|-heal|p1a: Cresselia|94/100|[from] item: Leftovers
|upkeep
|turn|9
|
|t:|1736087206
|move|p2a: Dragonite|Dragon Claw|p1a: Cresselia
|-damage|p1a: Cresselia|77/100
|move|p1a: Cresselia|Skill Swap|p2a: Dragonite
|-activate|p1a: Cresselia|move: Skill Swap|Multiscale|Levitate|[of] p2a: Dragonite
|-endability|p1a: Cresselia|Levitate|[from] move: Skill Swap
|-endability|p2a: Dragonite|Multiscale|[from] move: Skill Swap
|
|-weather|SunnyDay|[upkeep]
|-heal|p2a: Dragonite|88/100|[from] item: Leftovers
|-heal|p1a: Cresselia|83/100|[from] item: Leftovers
|upkeep
|turn|10
|
|t:|1736087219
|move|p2a: Dragonite|Dragon Claw|p1a: Cresselia
|-damage|p1a: Cresselia|66/100
|move|p1a: Cresselia|Ice Beam|p2a: Dragonite
|-supereffective|p2a: Dragonite
|-end|p2a: Dragonite|Substitute
|
|-weather|SunnyDay|[upkeep]
|-heal|p2a: Dragonite|94/100|[from] item: Leftovers
|-heal|p1a: Cresselia|72/100|[from] item: Leftovers
|upkeep
|turn|11
|
|t:|1736087225
|switch|p2a: Forretress|Forretress, M|100/100
|move|p1a: Cresselia|Toxic|p2a: Forretress
|-immune|p2a: Forretress
|
|-weather|SunnyDay|[upkeep]
|-heal|p1a: Cresselia|78/100|[from] item: Leftovers
|upkeep
|turn|12
|
|t:|1736087230
|switch|p1a: Excadrill|Excadrill, F|100/100
|-damage|p1a: Excadrill|98/100|[from] Stealth Rock
|-ability|p1a: Excadrill|Mold Breaker
|move|p2a: Forretress|Zap Cannon|p1a: Excadrill
|-immune|p1a: Excadrill
|
|-weather|SunnyDay|[upkeep]
|-heal|p1a: Excadrill|100/100|[from] item: Leftovers
|upkeep
|turn|13
|
|t:|1736087277
|switch|p2a: Gliscor|Gliscor, F|100/100 tox
|move|p1a: Excadrill|Substitute|p1a: Excadrill
|-start|p1a: Excadrill|Substitute
|-damage|p1a: Excadrill|75/100
|
|-weather|SunnyDay|[upkeep]
|-heal|p1a: Excadrill|82/100|[from] item: Leftovers
|upkeep
|turn|14
|
|t:|1736087282
|move|p1a: Excadrill|Rapid Spin|p2a: Gliscor
|-damage|p2a: Gliscor|96/100 tox
|-sideend|p1: refsunpersons|Stealth Rock|[from] move: Rapid Spin|[of] p1a: Excadrill
|move|p2a: Gliscor|Earthquake|p1a: Excadrill
|-supereffective|p1a: Excadrill
|-end|p1a: Excadrill|Substitute
|
|-weather|SunnyDay|[upkeep]
|-heal|p1a: Excadrill|88/100|[from] item: Leftovers
|-heal|p2a: Gliscor|100/100 tox|[from] ability: Poison Heal
|upkeep
|turn|15
|
|t:|1736087288
|switch|p1a: Volcarona|Volcarona, F|100/100
|move|p2a: Gliscor|Stealth Rock|p1a: Volcarona
|-sidestart|p1: refsunpersons|move: Stealth Rock
|
|-weather|SunnyDay|[upkeep]
|upkeep
|turn|16
|
|t:|1736087291
|switch|p2a: Dragonite|Dragonite, F|94/100
|move|p1a: Volcarona|Quiver Dance|p1a: Volcarona
|-boost|p1a: Volcarona|spa|1
|-boost|p1a: Volcarona|spd|1
|-boost|p1a: Volcarona|spe|1
|
|-weather|SunnyDay|[upkeep]
|-heal|p2a: Dragonite|100/100|[from] item: Leftovers
|upkeep
|turn|17
|
|t:|1736087317
|switch|p1a: Excadrill|Excadrill, F|88/100
|-damage|p1a: Excadrill|85/100|[from] Stealth Rock
|-ability|p1a: Excadrill|Mold Breaker
|move|p2a: Dragonite|Dragon Claw|p1a: Excadrill
|-resisted|p1a: Excadrill
|-crit|p1a: Excadrill
|-damage|p1a: Excadrill|41/100
|
|-weather|SunnyDay|[upkeep]
|-heal|p1a: Excadrill|47/100|[from] item: Leftovers
|upkeep
|turn|18
|
|t:|1736087330
|switch|p2a: Gliscor|Gliscor, F|100/100 tox
|move|p1a: Excadrill|Rapid Spin|p2a: Gliscor
|-damage|p2a: Gliscor|96/100 tox
|-sideend|p1: refsunpersons|Stealth Rock|[from] move: Rapid Spin|[of] p1a: Excadrill
|
|-weather|SunnyDay|[upkeep]
|-heal|p1a: Excadrill|53/100|[from] item: Leftovers
|-heal|p2a: Gliscor|100/100 tox|[from] ability: Poison Heal
|upkeep
|turn|19
|
|t:|1736087357
|switch|p1a: Volcarona|Volcarona, F|100/100
|move|p2a: Gliscor|Stealth Rock|p1a: Volcarona
|-sidestart|p1: refsunpersons|move: Stealth Rock
|
|-weather|SunnyDay|[upkeep]
|upkeep
|turn|20
|
|t:|1736087363
|switch|p2a: Dragonite|Dragonite, F|100/100
|move|p1a: Volcarona|Fire Blast|p2a: Dragonite
|-resisted|p2a: Dragonite
|-damage|p2a: Dragonite|80/100
|
|-weather|SunnyDay|[upkeep]
|-heal|p2a: Dragonite|86/100|[from] item: Leftovers
|upkeep
|turn|21
|
|t:|1736087369
|switch|p1a: Cresselia|Cresselia, F|78/100
|-damage|p1a: Cresselia|66/100|[from] Stealth Rock
|move|p2a: Dragonite|Substitute|p2a: Dragonite
|-start|p2a: Dragonite|Substitute
|-damage|p2a: Dragonite|61/100
|
|-weather|SunnyDay|[upkeep]
|-heal|p2a: Dragonite|68/100|[from] item: Leftovers
|-heal|p1a: Cresselia|72/100|[from] item: Leftovers
|upkeep
|turn|22
|
|t:|1736087375
|move|p2a: Dragonite|Roost|p2a: Dragonite
|-heal|p2a: Dragonite|100/100
|-singleturn|p2a: Dragonite|move: Roost
|move|p1a: Cresselia|Ice Beam|p2a: Dragonite
|-supereffective|p2a: Dragonite
|-activate|p2a: Dragonite|Substitute|[damage]
|
|-weather|SunnyDay|[upkeep]
|-heal|p1a: Cresselia|78/100|[from] item: Leftovers
|upkeep
|turn|23
|
|t:|1736087387
|move|p2a: Dragonite|Dragon Claw|p1a: Cresselia
|-damage|p1a: Cresselia|61/100
|move|p1a: Cresselia|Skill Swap|p2a: Dragonite
|-activate|p1a: Cresselia|move: Skill Swap|Multiscale|Levitate|[of] p2a: Dragonite
|-endability|p1a: Cresselia|Levitate|[from] move: Skill Swap
|-endability|p2a: Dragonite|Multiscale|[from] move: Skill Swap
|
|-weather|SunnyDay|[upkeep]
|-heal|p1a: Cresselia|67/100|[from] item: Leftovers
|upkeep
|turn|24
|
|t:|1736087394
|switch|p2a: Weavile|Weavile, M|100/100
|-ability|p2a: Weavile|Pressure
|move|p1a: Cresselia|Ice Beam|p2a: Weavile
|-resisted|p2a: Weavile
|-damage|p2a: Weavile|90/100
|
|-weather|SunnyDay|[upkeep]
|-heal|p1a: Cresselia|73/100|[from] item: Leftovers
|upkeep
|turn|25
|
|t:|1736087415
|move|p2a: Weavile|Pursuit|p1a: Cresselia
|-supereffective|p1a: Cresselia
|-damage|p1a: Cresselia|45/100
|move|p1a: Cresselia|Moonlight|p1a: Cresselia
|-heal|p1a: Cresselia|100/100
|
|-weather|SunnyDay|[upkeep]
|upkeep
|turn|26
|
|t:|1736087420
|switch|p2a: Forretress|Forretress, M|100/100
|move|p1a: Cresselia|Toxic|p2a: Forretress
|-immune|p2a: Forretress
|
|-weather|SunnyDay|[upkeep]
|upkeep
|turn|27
|
|t:|1736087432
|switch|p1a: Chansey|Chansey, F|100/100
|-damage|p1a: Chansey|88/100|[from] Stealth Rock
|switch|p2a: Gliscor|Gliscor, F|100/100 tox
|
|-weather|SunnyDay|[upkeep]
|upkeep
|turn|28
|
|t:|1736087450
|move|p2a: Gliscor|Knock Off|p1a: Chansey
|-damage|p1a: Chansey|85/100
|-enditem|p1a: Chansey|Eviolite|[from] move: Knock Off|[of] p2a: Gliscor
|move|p1a: Chansey|Stealth Rock|p2a: Gliscor
|-sidestart|p2: aioso|move: Stealth Rock
|
|-weather|SunnyDay|[upkeep]
|upkeep
|turn|29
|
|t:|1736087458
|switch|p2a: Forretress|Forretress, M|100/100
|-damage|p2a: Forretress|88/100|[from] Stealth Rock
|switch|p1a: Rotom|Rotom-Wash|90/100
|-damage|p1a: Rotom|78/100|[from] Stealth Rock
|
|-weather|SunnyDay|[upkeep]
|-heal|p2a: Forretress|94/100|[from] item: Leftovers
|upkeep
|turn|30
|
|t:|1736087466
|move|p1a: Rotom|Volt Switch|p2a: Forretress
|-damage|p2a: Forretress|68/100
|
|t:|1736087468
|switch|p1a: Chansey|Chansey, F|85/100|[from] Volt Switch
|-damage|p1a: Chansey|73/100|[from] Stealth Rock
|move|p2a: Forretress|Rapid Spin|p1a: Chansey
|-damage|p1a: Chansey|69/100
|-sideend|p2: aioso|Stealth Rock|[from] move: Rapid Spin|[of] p2a: Forretress
|
|-weather|SunnyDay|[upkeep]
|-heal|p2a: Forretress|74/100|[from] item: Leftovers
|upkeep
|turn|31
|
|t:|1736087474
|move|p1a: Chansey|Stealth Rock|p2a: Forretress
|-sidestart|p2: aioso|move: Stealth Rock
|move|p2a: Forretress|Spikes|p1a: Chansey
|-sidestart|p1: refsunpersons|Spikes
|
|-weather|SunnyDay|[upkeep]
|-heal|p2a: Forretress|80/100|[from] item: Leftovers
|upkeep
|turn|32
|
|t:|1736087477
|move|p1a: Chansey|Seismic Toss|p2a: Forretress
|-damage|p2a: Forretress|52/100
|move|p2a: Forretress|Rapid Spin|p1a: Chansey
|-damage|p1a: Chansey|66/100
|-sideend|p2: aioso|Stealth Rock|[from] move: Rapid Spin|[of] p2a: Forretress
|
|-weather|SunnyDay|[upkeep]
|-heal|p2a: Forretress|58/100|[from] item: Leftovers
|upkeep
|turn|33
|
|t:|1736087482
|switch|p2a: Weavile|Weavile, M|90/100
|-ability|p2a: Weavile|Pressure
|move|p1a: Chansey|Stealth Rock|p2a: Weavile
|-sidestart|p2: aioso|move: Stealth Rock
|
|-weather|SunnyDay|[upkeep]
|upkeep
|turn|34
|
|t:|1736087494
|move|p2a: Weavile|Beat Up|p1a: Chansey
|-crit|p1a: Chansey
|-damage|p1a: Chansey|39/100
|-damage|p1a: Chansey|26/100
|-damage|p1a: Chansey|17/100
|-hitcount|p1a: Chansey|3
|move|p1a: Chansey|Soft-Boiled|p1a: Chansey
|-heal|p1a: Chansey|67/100
|
|-weather|SunnyDay|[upkeep]
|upkeep
|turn|35
|
|t:|1736087510
|switch|p2a: Gliscor|Gliscor, F|100/100 tox
|-damage|p2a: Gliscor|88/100 tox|[from] Stealth Rock
|move|p1a: Chansey|Soft-Boiled|p1a: Chansey
|-heal|p1a: Chansey|100/100
|
|-weather|SunnyDay|[upkeep]
|-heal|p2a: Gliscor|100/100 tox|[from] ability: Poison Heal
|upkeep
|turn|36
|
|t:|1736087518
|switch|p1a: Rotom|Rotom-Wash|78/100
|-damage|p1a: Rotom|65/100|[from] Stealth Rock
|move|p2a: Gliscor|Earthquake|p1a: Rotom
|-immune|p1a: Rotom|[from] ability: Levitate
|
|-weather|SunnyDay|[upkeep]
|upkeep
|turn|37
|
|t:|1736087528
|switch|p2a: Weavile|Weavile, M|90/100
|-damage|p2a: Weavile|65/100|[from] Stealth Rock
|-ability|p2a: Weavile|Pressure
|move|p1a: Rotom|Hidden Power|p2a: Weavile
|-resisted|p2a: Weavile
|-crit|p2a: Weavile
|-damage|p2a: Weavile|44/100
|
|-weather|SunnyDay|[upkeep]
|upkeep
|turn|38
|j| Viva La Vist4
|
|t:|1736087538
|move|p2a: Weavile|Pursuit|p1a: Rotom
|-damage|p1a: Rotom|42/100
|move|p1a: Rotom|Volt Switch|p2a: Weavile
|-damage|p2a: Weavile|10/100
|
|t:|1736087558
|switch|p1a: Ninetales|Ninetales, M|76/100|[from] Volt Switch
|-damage|p1a: Ninetales|51/100|[from] Stealth Rock
|-damage|p1a: Ninetales|38/100|[from] Spikes
|
|-weather|SunnyDay|[upkeep]
|upkeep
|turn|39
|
|t:|1736087564
|move|p2a: Weavile|Pursuit|p1a: Ninetales
|-damage|p1a: Ninetales|0 fnt
|faint|p1a: Ninetales
|
|-weather|SunnyDay|[upkeep]
|upkeep
|
|t:|1736087567
|switch|p1a: Rotom|Rotom-Wash|42/100
|-damage|p1a: Rotom|29/100|[from] Stealth Rock
|turn|40
|
|t:|1736087574
|move|p2a: Weavile|Pursuit|p1a: Rotom
|-damage|p1a: Rotom|3/100
|move|p1a: Rotom|Volt Switch|p2a: Weavile
|-damage|p2a: Weavile|0 fnt
|faint|p2a: Weavile
|
|t:|1736087582
|switch|p1a: Excadrill|Excadrill, F|53/100|[from] Volt Switch
|-damage|p1a: Excadrill|50/100|[from] Stealth Rock
|-damage|p1a: Excadrill|38/100|[from] Spikes
|-ability|p1a: Excadrill|Mold Breaker
|
|-weather|SunnyDay|[upkeep]
|-heal|p1a: Excadrill|44/100|[from] item: Leftovers
|upkeep
|
|t:|1736087587
|switch|p2a: Gliscor|Gliscor, F|100/100 tox
|-damage|p2a: Gliscor|88/100 tox|[from] Stealth Rock
|turn|41
|
|t:|1736087590
|move|p1a: Excadrill|Rapid Spin|p2a: Gliscor
|-damage|p2a: Gliscor|83/100 tox
|-sideend|p1: refsunpersons|Spikes|[from] move: Rapid Spin|[of] p1a: Excadrill
|-sideend|p1: refsunpersons|Stealth Rock|[from] move: Rapid Spin|[of] p1a: Excadrill
|move|p2a: Gliscor|Earthquake|p1a: Excadrill
|-supereffective|p1a: Excadrill
|-damage|p1a: Excadrill|0 fnt
|faint|p1a: Excadrill
|
|-weather|SunnyDay|[upkeep]
|-heal|p2a: Gliscor|96/100 tox|[from] ability: Poison Heal
|upkeep
|
|t:|1736087592
|switch|p1a: Volcarona|Volcarona, F|100/100
|turn|42
|
|t:|1736087603
|move|p1a: Volcarona|Quiver Dance|p1a: Volcarona
|-boost|p1a: Volcarona|spa|1
|-boost|p1a: Volcarona|spd|1
|-boost|p1a: Volcarona|spe|1
|move|p2a: Gliscor|Earthquake|p1a: Volcarona
|-damage|p1a: Volcarona|54/100
|
|-weather|SunnyDay|[upkeep]
|-heal|p2a: Gliscor|100/100 tox|[from] ability: Poison Heal
|upkeep
|turn|43
|
|t:|1736087609
|switch|p2a: Forretress|Forretress, M|58/100
|-damage|p2a: Forretress|46/100|[from] Stealth Rock
|move|p1a: Volcarona|Quiver Dance|p1a: Volcarona
|-boost|p1a: Volcarona|spa|1
|-boost|p1a: Volcarona|spd|1
|-boost|p1a: Volcarona|spe|1
|
|-weather|SunnyDay|[upkeep]
|-heal|p2a: Forretress|52/100|[from] item: Leftovers
|upkeep
|turn|44
|
|t:|1736087613
|move|p1a: Volcarona|Fire Blast|p2a: Forretress
|-supereffective|p2a: Forretress
|-damage|p2a: Forretress|0 fnt
|faint|p2a: Forretress
|
|-weather|SunnyDay|[upkeep]
|upkeep
|
|t:|1736087617
|switch|p2a: Dragonite|Dragonite, F|100/100
|-damage|p2a: Dragonite|76/100|[from] Stealth Rock
|turn|45
|
|t:|1736087621
|move|p1a: Volcarona|Fire Blast|p2a: Dragonite|[miss]
|-miss|p1a: Volcarona|p2a: Dragonite
|move|p2a: Dragonite|Dragon Claw|p1a: Volcarona
|-damage|p1a: Volcarona|1/100
|-status|p2a: Dragonite|brn|[from] ability: Flame Body|[of] p1a: Volcarona
|
|-weather|SunnyDay|[upkeep]
|-heal|p2a: Dragonite|82/100 brn|[from] item: Leftovers
|-damage|p2a: Dragonite|69/100 brn|[from] brn
|upkeep
|turn|46
|
|t:|1736087627
|move|p1a: Volcarona|Rest|p1a: Volcarona
|-status|p1a: Volcarona|slp|[from] move: Rest
|-heal|p1a: Volcarona|100/100 slp|[silent]
|-enditem|p1a: Volcarona|Chesto Berry|[eat]
|-curestatus|p1a: Volcarona|slp|[msg]
|move|p2a: Dragonite|Dragon Claw|p1a: Volcarona
|-damage|p1a: Volcarona|72/100
|
|-weather|SunnyDay|[upkeep]
|-heal|p2a: Dragonite|76/100 brn|[from] item: Leftovers
|-damage|p2a: Dragonite|63/100 brn|[from] brn
|upkeep
|turn|47
|-message|aioso forfeited.
|
|win|refsunpersons
|raw|refsunpersons's rating: 1361 &rarr; <strong>1385</strong><br />(+24 for winning)
|raw|aioso's rating: 1438 &rarr; <strong>1414</strong><br />(-24 for losing)
|l|☆aioso
|player|p2|
