|j|☆happy_hitbox
|j|☆12345678koishi
|t:|1727385215
|gametype|singles
|player|p1|happy_hitbox|2|1409
|player|p2|12345678koishi|lady|1395
|teamsize|p1|6
|teamsize|p2|6
|gen|5
|tier|[Gen 5] OU
|rated|
|rule|Species Clause: Limit one of each Pokémon
|rule|OHKO Clause: OHKO moves are banned
|rule|Moody Clause: Moody is banned
|rule|Evasion Items Clause: Evasion items are banned
|rule|Evasion Moves Clause: Evasion moves are banned
|rule|Endless Battle Clause: Forcing endless battles is banned
|rule|HP Percentage Mod: HP is shown in percentages
|rule|Evasion Abilities Clause: Evasion abilities are banned
|rule|Sleep Moves Clause: Sleep-inducing moves are banned
|rule|Swagger Clause: Swagger is banned
|rule|Baton Pass Stat Clause: No Baton Passer may have a way to boost its stats
|clearpoke
|poke|p1|Jirachi|item
|poke|p1|Seismitoad, M|item
|poke|p1|Politoed, F|item
|poke|p1|Forretress, F|item
|poke|p1|Breloom, F|item
|poke|p1|Volcarona, M|item
|poke|p2|Alakazam, M|item
|poke|p2|Skarmory, M|item
|poke|p2|Gengar, F|item
|poke|p2|Lucario, F|item
|poke|p2|Magnezone|item
|poke|p2|Dragonite, M|item
|teampreview
|inactive|Battle timer is ON: inactive players will automatically lose when time's up. (requested by happy_hitbox)
|
|t:|1727385227
|start
|switch|p1a: Politoed|Politoed, F|100/100
|switch|p2a: Skarmory|Skarmory, M|100/100
|-weather|RainDance|[from] ability: Drizzle|[of] p1a: Politoed
|turn|1
|
|t:|1727385234
|move|p2a: Skarmory|Stealth Rock|p1a: Politoed
|-sidestart|p1: happy_hitbox|move: Stealth Rock
|move|p1a: Politoed|Hydro Pump|p2a: Skarmory
|-ability|p2a: Skarmory|Sturdy
|-damage|p2a: Skarmory|1/100
|
|-weather|RainDance|[upkeep]
|upkeep
|turn|2
|-enditem|p2a: Skarmory|Custap Berry|[eat]
|-activate|p2a: Skarmory|item: Custap Berry|[consumed]
|
|t:|1727385243
|switch|p1a: Forretress|Forretress, F|100/100
|-damage|p1a: Forretress|88/100|[from] Stealth Rock
|move|p2a: Skarmory|Spikes|p1a: Forretress
|-sidestart|p1: happy_hitbox|Spikes
|
|-weather|RainDance|[upkeep]
|-heal|p1a: Forretress|94/100|[from] item: Leftovers
|upkeep
|turn|3
|
|t:|1727385254
|move|p2a: Skarmory|Brave Bird|p1a: Forretress
|-damage|p1a: Forretress|69/100
|-damage|p2a: Skarmory|0 fnt|[from] Recoil
|faint|p2a: Skarmory
|move|p1a: Forretress|Volt Switch|p2: Skarmory|[notarget]
|-fail|p1a: Forretress
|
|-weather|RainDance|[upkeep]
|-heal|p1a: Forretress|76/100|[from] item: Leftovers
|upkeep
|
|t:|1727385263
|switch|p2a: Gengar|Gengar, F|100/100
|turn|4
|
|t:|1727385271
|switch|p1a: Jirachi|Jirachi|100/100
|-damage|p1a: Jirachi|94/100|[from] Stealth Rock
|-damage|p1a: Jirachi|82/100|[from] Spikes
|move|p2a: Gengar|Focus Blast|p1a: Jirachi|[miss]
|-miss|p2a: Gengar|p1a: Jirachi
|
|-weather|RainDance|[upkeep]
|-heal|p1a: Jirachi|88/100|[from] item: Leftovers
|upkeep
|turn|5
|
|t:|1727385285
|move|p2a: Gengar|Shadow Ball|p1a: Jirachi
|-damage|p1a: Jirachi|54/100
|-damage|p2a: Gengar|91/100|[from] item: Life Orb
|move|p1a: Jirachi|Thunder|p2a: Gengar
|-damage|p2a: Gengar|51/100
|
|-weather|RainDance|[upkeep]
|-heal|p1a: Jirachi|60/100|[from] item: Leftovers
|upkeep
|turn|6
|
|t:|1727385309
|move|p2a: Gengar|Shadow Ball|p1a: Jirachi
|-crit|p1a: Jirachi
|-damage|p1a: Jirachi|0 fnt
|faint|p1a: Jirachi
|-damage|p2a: Gengar|41/100|[from] item: Life Orb
|
|-weather|RainDance|[upkeep]
|upkeep
|
|t:|1727385314
|switch|p1a: Seismitoad|Seismitoad, M|100/100
|-damage|p1a: Seismitoad|94/100|[from] Stealth Rock
|-damage|p1a: Seismitoad|82/100|[from] Spikes
|turn|7
|
|t:|1727385324
|switch|p2a: Alakazam|Alakazam, M|100/100
|move|p1a: Seismitoad|Stealth Rock|p2a: Alakazam
|-sidestart|p2: 12345678koishi|move: Stealth Rock
|
|-weather|RainDance|[upkeep]
|-heal|p1a: Seismitoad|88/100|[from] item: Leftovers
|upkeep
|turn|8
|
|t:|1727385344
|switch|p1a: Politoed|Politoed, F|100/100
|-damage|p1a: Politoed|88/100|[from] Stealth Rock
|-damage|p1a: Politoed|76/100|[from] Spikes
|move|p2a: Alakazam|Psychic|p1a: Politoed
|-damage|p1a: Politoed|35/100
|
|-weather|RainDance|[upkeep]
|upkeep
|turn|9
|
|t:|1727385354
|move|p2a: Alakazam|Psychic|p1a: Politoed
|-crit|p1a: Politoed
|-damage|p1a: Politoed|0 fnt
|faint|p1a: Politoed
|
|-weather|RainDance|[upkeep]
|upkeep
|
|t:|1727385357
|switch|p1a: Forretress|Forretress, F|76/100
|-damage|p1a: Forretress|63/100|[from] Stealth Rock
|-damage|p1a: Forretress|51/100|[from] Spikes
|turn|10
|
|t:|1727385365
|switch|p2a: Gengar|Gengar, F|41/100
|-damage|p2a: Gengar|29/100|[from] Stealth Rock
|move|p1a: Forretress|Pain Split|p2a: Gengar
|-sethp|p2a: Gengar|49/100|[from] move: Pain Split|[silent]
|-sethp|p1a: Forretress|36/100|[from] move: Pain Split
|
|-weather|RainDance|[upkeep]
|-heal|p1a: Forretress|42/100|[from] item: Leftovers
|upkeep
|turn|11
|
|t:|1727385376
|switch|p1a: Seismitoad|Seismitoad, M|88/100
|-damage|p1a: Seismitoad|82/100|[from] Stealth Rock
|-damage|p1a: Seismitoad|70/100|[from] Spikes
|move|p2a: Gengar|Shadow Ball|p1a: Seismitoad
|-damage|p1a: Seismitoad|14/100
|-damage|p2a: Gengar|39/100|[from] item: Life Orb
|
|-weather|RainDance|[upkeep]
|-heal|p1a: Seismitoad|20/100|[from] item: Leftovers
|upkeep
|turn|12
|-message|happy_hitbox forfeited.
|
|win|12345678koishi
|raw|happy_hitbox's rating: 1409 &rarr; <strong>1388</strong><br />(-21 for losing)
|raw|12345678koishi's rating: 1395 &rarr; <strong>1416</strong><br />(+21 for winning)
|l|☆happy_hitbox
|player|p1|
