|j|☆Hidden & Dangerous
|j|‽bluridrache
|player|p1|Hidden & Dangerous|33
|player|p2|bluridrache|170
|teamsize|p1|6
|teamsize|p2|6
|gametype|singles
|gen|5
|tier|[Gen 5] OU
|rated|
|rule|Sleep Clause Mod: Limit one foe put to sleep
|rule|Species Clause: Limit one of each Pokémon
|rule|OHKO Clause: OHKO moves are banned
|rule|Moody Clause: Moody is banned
|rule|Evasion Moves Clause: Evasion moves are banned
|rule|Endless Battle Clause: Forcing endless battles is banned
|rule|HP Percentage Mod: HP is shown in percentages
|rule|Evasion Abilities Clause: Evasion abilities are banned
|rule|Baton Pass Clause: Limit one Baton Passer, can't pass Spe and other stats simultaneously
|rule|Swagger Clause: Swagger is banned
|clearpoke
|poke|p1|Magnezone|item
|poke|p1|Gliscor, F|item
|poke|p1|Garchomp, M|item
|poke|p1|Latios, M|item
|poke|p1|Jirachi|item
|poke|p1|Dragonite, M|item
|poke|p2|Ninetales, F|item
|poke|p2|Chansey, F|item
|poke|p2|Cresselia, F|item
|poke|p2|Forretress, F|item
|poke|p2|Dugtrio, F|item
|poke|p2|Gothitelle, M|item
|teampreview
|inactive|Battle timer is ON: inactive players will automatically lose when time's up. (requested by bluridrache)
|
|start
|switch|p1a: Dragonite|Dragonite, M|100/100
|switch|p2a: Ninetales|Ninetales, F|100/100
|-weather|SunnyDay|[from] ability: Drought|[of] p2a: Ninetales
|turn|1
|inactive|Hidden & Dangerous has 135 seconds left.
|
|move|p2a: Ninetales|Will-O-Wisp|p1a: Dragonite
|-status|p1a: Dragonite|brn
|-enditem|p1a: Dragonite|Lum Berry|[eat]
|-curestatus|p1a: Dragonite|brn|[msg]
|move|p1a: Dragonite|Dragon Dance|p1a: Dragonite
|-boost|p1a: Dragonite|atk|1
|-boost|p1a: Dragonite|spe|1
|
|-weather|SunnyDay|[upkeep]
|upkeep
|turn|2
|
|move|p1a: Dragonite|Earthquake|p2a: Ninetales
|-supereffective|p2a: Ninetales
|-damage|p2a: Ninetales|0 fnt
|faint|p2a: Ninetales
|
|-weather|SunnyDay|[upkeep]
|upkeep
|
|switch|p2a: Cresselia|Cresselia, F|100/100
|turn|3
|inactive|Hidden & Dangerous has 135 seconds left.
|
|move|p1a: Dragonite|Outrage|p2a: Cresselia
|-damage|p2a: Cresselia|48/100
|move|p2a: Cresselia|Ice Beam|p1a: Dragonite
|-supereffective|p1a: Dragonite
|-damage|p1a: Dragonite|62/100
|
|-weather|SunnyDay|[upkeep]
|-heal|p2a: Cresselia|54/100|[from] item: Leftovers
|upkeep
|turn|4
|
|move|p1a: Dragonite|Outrage|p2a: Cresselia|[from]lockedmove
|-damage|p2a: Cresselia|3/100
|move|p2a: Cresselia|Moonlight|p2a: Cresselia
|-heal|p2a: Cresselia|70/100
|
|-weather|SunnyDay|[upkeep]
|-heal|p2a: Cresselia|76/100|[from] item: Leftovers
|upkeep
|turn|5
|
|move|p1a: Dragonite|Outrage|p2a: Cresselia|[from]lockedmove
|-damage|p2a: Cresselia|21/100
|-start|p1a: Dragonite|confusion|[fatigue]
|move|p2a: Cresselia|Moonlight|p2a: Cresselia
|-heal|p2a: Cresselia|88/100
|
|-weather|SunnyDay|[upkeep]
|-heal|p2a: Cresselia|94/100|[from] item: Leftovers
|upkeep
|turn|6
|
|switch|p1a: Jirachi|Jirachi|100/100
|move|p2a: Cresselia|Ice Beam|p1a: Jirachi
|-resisted|p1a: Jirachi
|-damage|p1a: Jirachi|93/100
|
|-weather|SunnyDay|[upkeep]
|-heal|p2a: Cresselia|99/100|[from] item: Leftovers
|upkeep
|turn|7
|inactive|bluridrache has 135 seconds left.
|
|switch|p2a: Gothitelle|Gothitelle, M|100/100
|move|p1a: Jirachi|Stealth Rock|p2a: Gothitelle
|-sidestart|p2: bluridrache|move: Stealth Rock
|
|-weather|SunnyDay|[upkeep]
|upkeep
|turn|8
|
|move|p2a: Gothitelle|Trick|p1a: Jirachi
|-activate|p2a: Gothitelle|move: Trick|[of] p1a: Jirachi
|-item|p1a: Jirachi|Choice Scarf|[from] move: Trick
|-item|p2a: Gothitelle|Shuca Berry|[from] move: Trick
|move|p1a: Jirachi|Iron Head|p2a: Gothitelle
|-damage|p2a: Gothitelle|65/100
|
|-weather|SunnyDay|[upkeep]
|upkeep
|turn|9
|
|switch|p2a: Forretress|Forretress, F|100/100
|-damage|p2a: Forretress|88/100|[from] Stealth Rock
|move|p1a: Jirachi|Iron Head|p2a: Forretress
|-resisted|p2a: Forretress
|-damage|p2a: Forretress|80/100
|
|-weather|SunnyDay|[upkeep]
|-heal|p2a: Forretress|86/100|[from] item: Leftovers
|upkeep
|turn|10
|
|switch|p1a: Magnezone|Magnezone|100/100
|switch|p2a: Dugtrio|Dugtrio, F|100/100
|-damage|p2a: Dugtrio|95/100|[from] Stealth Rock
|
|-weather|SunnyDay|[upkeep]
|upkeep
|turn|11
|j| Exaliburn88
|l| Exaliburn88
|
|move|p2a: Dugtrio|Earthquake|p1a: Magnezone
|-supereffective|p1a: Magnezone
|-damage|p1a: Magnezone|0 fnt
|faint|p1a: Magnezone
|
|-weather|SunnyDay|[upkeep]
|upkeep
|
|switch|p1a: Gliscor|Gliscor, F|100/100
|turn|12
|
|move|p2a: Dugtrio|Stealth Rock|p1a: Gliscor
|-sidestart|p1: Hidden & Dangerous|move: Stealth Rock
|move|p1a: Gliscor|Swords Dance|p1a: Gliscor
|-boost|p1a: Gliscor|atk|2
|
|-weather|SunnyDay|[upkeep]
|upkeep
|turn|13
|
|move|p2a: Dugtrio|Memento|p1a: Gliscor
|-fail|p1a: Gliscor|unboost|Attack|[from] ability: Hyper Cutter|[of] p1a: Gliscor
|-unboost|p1a: Gliscor|spa|2
|faint|p2a: Dugtrio
|move|p1a: Gliscor|Swords Dance|p1a: Gliscor
|-boost|p1a: Gliscor|atk|2
|
|-weather|SunnyDay|[upkeep]
|upkeep
|
|switch|p2a: Cresselia|Cresselia, F|99/100
|-damage|p2a: Cresselia|88/100|[from] Stealth Rock
|turn|14
|
|switch|p2a: Gothitelle|Gothitelle, M|65/100
|-damage|p2a: Gothitelle|52/100|[from] Stealth Rock
|move|p1a: Gliscor|Acrobatics|p2a: Gothitelle
|-enditem|p1a: Gliscor|Flying Gem|[from] gem|[move] Acrobatics
|-damage|p2a: Gothitelle|0 fnt
|faint|p2a: Gothitelle
|
|-weather|SunnyDay|[upkeep]
|upkeep
|
|switch|p2a: Cresselia|Cresselia, F|88/100
|-damage|p2a: Cresselia|75/100|[from] Stealth Rock
|turn|15
|
|move|p1a: Gliscor|Acrobatics|p2a: Cresselia
|-damage|p2a: Cresselia|0 fnt
|faint|p2a: Cresselia
|
|-weather|SunnyDay|[upkeep]
|upkeep
|-message|bluridrache forfeited.
|
|win|Hidden & Dangerous
|l|‽bluridrache
|raw|Hidden &amp; Dangerous's rating: 1353 &rarr; <strong>1376</strong><br />(+23 for winning)
|raw|bluridrache's rating: 1402 &rarr; <strong>1379</strong><br />(-23 for losing)
|j| Staxi
