|j|☆radaty
|j|‽E0 Palourde
|t:|1735486365
|gametype|singles
|player|p1|radaty|169|1462
|player|p2|E0 Palourde|170|1306
|teamsize|p1|6
|teamsize|p2|6
|gen|5
|tier|[Gen 5] OU
|rated|
|rule|Species Clause: Limit one of each Pokémon
|rule|OHKO Clause: OHKO moves are banned
|rule|Moody Clause: Moody is banned
|rule|Evasion Items Clause: Evasion items are banned
|rule|Evasion Moves Clause: Evasion moves are banned
|rule|Endless Battle Clause: Forcing endless battles is banned
|rule|HP Percentage Mod: HP is shown in percentages
|rule|Evasion Abilities Clause: Evasion abilities are banned
|rule|Sleep Moves Clause: Sleep-inducing moves are banned
|rule|Swagger Clause: Swagger is banned
|rule|Baton Pass Stat Clause: No Baton Passer may have a way to boost its stats
|clearpoke
|poke|p1|Chansey, F|item
|poke|p1|Xatu, F|item
|poke|p1|Sableye, F|item
|poke|p1|Quagsire, F|item
|poke|p1|Tentacruel, M|item
|poke|p1|Jirachi|item
|poke|p2|Terrakion|item
|poke|p2|Starmie|item
|poke|p2|Salamence, F|item
|poke|p2|Jellicent, F|item
|poke|p2|Heatran, M|item
|poke|p2|Landorus-Therian, M|item
|teampreview
|inactive|Battle timer is ON: inactive players will automatically lose when time's up. (requested by radaty)
|
|t:|1735486375
|start
|switch|p1a: Sableye|Sableye, F|100/100
|switch|p2a: Terrakion|Terrakion|100/100
|turn|1
|
|t:|1735486380
|move|p1a: Sableye|Taunt|p2a: Terrakion
|-start|p2a: Terrakion|move: Taunt
|cant|p2a: Terrakion|move: Taunt|Taunt
|
|upkeep
|turn|2
|
|t:|1735486393
|switch|p2a: Jellicent|Jellicent, F|100/100
|move|p1a: Sableye|Will-O-Wisp|p2a: Jellicent
|-status|p2a: Jellicent|brn
|
|-damage|p2a: Jellicent|88/100 brn|[from] brn
|upkeep
|turn|3
|
|t:|1735486398
|switch|p1a: Tentacruel|Tentacruel, M|100/100
|move|p2a: Jellicent|Night Shade|p1a: Tentacruel
|-damage|p1a: Tentacruel|69/100
|
|-heal|p1a: Tentacruel|76/100|[from] item: Black Sludge
|-heal|p2a: Jellicent|94/100 brn|[from] item: Leftovers
|-damage|p2a: Jellicent|82/100 brn|[from] brn
|upkeep
|turn|4
|
|t:|1735486411
|switch|p1a: Chansey|Chansey, F|100/100
|move|p2a: Jellicent|Confuse Ray|p1a: Chansey
|-start|p1a: Chansey|confusion
|
|-heal|p2a: Jellicent|88/100 brn|[from] item: Leftovers
|-damage|p2a: Jellicent|76/100 brn|[from] brn
|upkeep
|turn|5
|
|t:|1735486417
|switch|p2a: Terrakion|Terrakion|100/100
|switch|p1a: Xatu|Xatu, F|100/100
|
|upkeep
|turn|6
|
|t:|1735486421
|move|p2a: Terrakion|Stone Edge|p1a: Xatu
|-supereffective|p1a: Xatu
|-crit|p1a: Xatu
|-damage|p1a: Xatu|0 fnt
|faint|p1a: Xatu
|-damage|p2a: Terrakion|91/100|[from] item: Life Orb
|
|upkeep
|
|t:|1735486423
|switch|p1a: Sableye|Sableye, F|100/100
|turn|7
|
|t:|1735486428
|switch|p2a: Starmie|Starmie|100/100
|move|p1a: Sableye|Will-O-Wisp|p2a: Starmie|[miss]
|-miss|p1a: Sableye|p2a: Starmie
|
|upkeep
|turn|8
|
|t:|1735486434
|switch|p1a: Tentacruel|Tentacruel, M|76/100
|move|p2a: Starmie|Thunderbolt|p1a: Tentacruel
|-supereffective|p1a: Tentacruel
|-damage|p1a: Tentacruel|29/100
|
|-heal|p1a: Tentacruel|35/100|[from] item: Black Sludge
|upkeep
|turn|9
|
|t:|1735486442
|switch|p1a: Chansey|Chansey, F|100/100
|move|p2a: Starmie|Thunderbolt|p1a: Chansey
|-damage|p1a: Chansey|94/100
|-status|p1a: Chansey|par
|
|upkeep
|turn|10
|
|t:|1735486448
|switch|p2a: Terrakion|Terrakion|91/100
|move|p1a: Chansey|Stealth Rock|p2a: Terrakion
|-sidestart|p2: E0 Palourde|move: Stealth Rock
|
|upkeep
|turn|11
|
|t:|1735486453
|-curestatus|p1a: Chansey|par|[from] ability: Natural Cure
|switch|p1a: Sableye|Sableye, F|100/100
|move|p2a: Terrakion|Stealth Rock|p1a: Sableye
|-sidestart|p1: radaty|move: Stealth Rock
|
|upkeep
|turn|12
|
|t:|1735486463
|switch|p2a: Jellicent|Jellicent, F|76/100 brn
|-damage|p2a: Jellicent|63/100 brn|[from] Stealth Rock
|move|p1a: Sableye|Foul Play|p2a: Jellicent
|-supereffective|p2a: Jellicent
|-damage|p2a: Jellicent|30/100 brn
|
|-heal|p2a: Jellicent|36/100 brn|[from] item: Leftovers
|-damage|p2a: Jellicent|24/100 brn|[from] brn
|upkeep
|turn|13
|
|t:|1735486469
|move|p1a: Sableye|Taunt|p2a: Jellicent
|-start|p2a: Jellicent|move: Taunt
|cant|p2a: Jellicent|move: Taunt|Recover
|
|-heal|p2a: Jellicent|30/100 brn|[from] item: Leftovers
|-damage|p2a: Jellicent|18/100 brn|[from] brn
|upkeep
|turn|14
|
|t:|1735486481
|switch|p2a: Heatran|Heatran, M|100/100
|-damage|p2a: Heatran|88/100|[from] Stealth Rock
|move|p1a: Sableye|Will-O-Wisp|p2a: Heatran
|-start|p2a: Heatran|ability: Flash Fire
|
|upkeep
|turn|15
|
|t:|1735486487
|switch|p1a: Chansey|Chansey, F|94/100
|-damage|p1a: Chansey|81/100|[from] Stealth Rock
|move|p2a: Heatran|Overheat|p1a: Chansey
|-damage|p1a: Chansey|50/100
|-unboost|p2a: Heatran|spa|2
|
|upkeep
|turn|16
|
|t:|1735486499
|-end|p2a: Heatran|ability: Flash Fire|[silent]
|switch|p2a: Starmie|Starmie|100/100
|-damage|p2a: Starmie|88/100|[from] Stealth Rock
|move|p1a: Chansey|Soft-Boiled|p1a: Chansey
|-heal|p1a: Chansey|99/100
|
|-heal|p2a: Starmie|94/100|[from] item: Leftovers
|upkeep
|turn|17
|
|t:|1735486506
|move|p2a: Starmie|Thunderbolt|p1a: Chansey
|-damage|p1a: Chansey|93/100
|move|p1a: Chansey|Seismic Toss|p2a: Starmie
|-damage|p2a: Starmie|56/100
|
|-heal|p2a: Starmie|62/100|[from] item: Leftovers
|upkeep
|turn|18
|
|t:|1735486510
|move|p2a: Starmie|Rapid Spin|p1a: Chansey
|-damage|p1a: Chansey|91/100
|-sideend|p2: E0 Palourde|Stealth Rock|[from] move: Rapid Spin|[of] p2a: Starmie
|move|p1a: Chansey|Toxic|p2a: Starmie
|-status|p2a: Starmie|tox
|
|-heal|p2a: Starmie|68/100 tox|[from] item: Leftovers
|-damage|p2a: Starmie|62/100 tox|[from] psn
|upkeep
|turn|19
|
|t:|1735486514
|-curestatus|p2a: Starmie|tox|[from] ability: Natural Cure
|switch|p2a: Jellicent|Jellicent, F|18/100 brn
|switch|p1a: Sableye|Sableye, F|100/100
|-damage|p1a: Sableye|88/100|[from] Stealth Rock
|
|-heal|p2a: Jellicent|24/100 brn|[from] item: Leftovers
|-heal|p1a: Sableye|94/100|[from] item: Leftovers
|-damage|p2a: Jellicent|12/100 brn|[from] brn
|upkeep
|turn|20
|
|t:|1735486523
|switch|p2a: Heatran|Heatran, M|88/100
|move|p1a: Sableye|Taunt|p2a: Heatran
|-start|p2a: Heatran|move: Taunt
|
|-heal|p1a: Sableye|99/100|[from] item: Leftovers
|upkeep
|turn|21
|
|t:|1735486529
|switch|p2a: Terrakion|Terrakion|91/100
|switch|p1a: Chansey|Chansey, F|91/100
|-damage|p1a: Chansey|78/100|[from] Stealth Rock
|
|upkeep
|turn|22
|
|t:|1735486535
|switch|p1a: Sableye|Sableye, F|99/100
|-damage|p1a: Sableye|88/100|[from] Stealth Rock
|move|p2a: Terrakion|Taunt|p1a: Sableye
|-start|p1a: Sableye|move: Taunt
|
|-heal|p1a: Sableye|94/100|[from] item: Leftovers
|upkeep
|turn|23
|
|t:|1735486542
|switch|p2a: Jellicent|Jellicent, F|12/100 brn
|switch|p1a: Jirachi|Jirachi|100/100
|-damage|p1a: Jirachi|94/100|[from] Stealth Rock
|
|-heal|p1a: Jirachi|100/100|[from] item: Leftovers
|-heal|p2a: Jellicent|18/100 brn|[from] item: Leftovers
|-damage|p2a: Jellicent|5/100 brn|[from] brn
|upkeep
|turn|24
|
|t:|1735486557
|switch|p2a: Heatran|Heatran, M|88/100
|move|p1a: Jirachi|Iron Head|p2a: Heatran
|-resisted|p2a: Heatran
|-damage|p2a: Heatran|82/100
|
|upkeep
|turn|25
|
|t:|1735486562
|move|p1a: Jirachi|Protect|p1a: Jirachi
|-singleturn|p1a: Jirachi|Protect
|move|p2a: Heatran|Overheat|p1a: Jirachi
|-activate|p1a: Jirachi|move: Protect
|
|upkeep
|turn|26
|
|t:|1735486566
|switch|p1a: Chansey|Chansey, F|78/100
|-damage|p1a: Chansey|66/100|[from] Stealth Rock
|move|p2a: Heatran|Overheat|p1a: Chansey
|-damage|p1a: Chansey|45/100
|-unboost|p2a: Heatran|spa|2
|
|upkeep
|turn|27
|
|t:|1735486578
|switch|p2a: Jellicent|Jellicent, F|5/100 brn
|move|p1a: Chansey|Soft-Boiled|p1a: Chansey
|-heal|p1a: Chansey|95/100
|
|-heal|p2a: Jellicent|12/100 brn|[from] item: Leftovers
|-damage|p2a: Jellicent|0 fnt|[from] brn
|faint|p2a: Jellicent
|upkeep
|
|t:|1735486583
|switch|p2a: Heatran|Heatran, M|82/100
|turn|28
|
|t:|1735486595
|switch|p2a: Terrakion|Terrakion|91/100
|move|p1a: Chansey|Soft-Boiled|p1a: Chansey
|-heal|p1a: Chansey|100/100
|
|upkeep
|turn|29
|
|t:|1735486600
|switch|p1a: Sableye|Sableye, F|94/100
|-damage|p1a: Sableye|82/100|[from] Stealth Rock
|move|p2a: Terrakion|Taunt|p1a: Sableye
|-start|p1a: Sableye|move: Taunt
|
|-heal|p1a: Sableye|88/100|[from] item: Leftovers
|upkeep
|turn|30
|
|t:|1735486605
|switch|p2a: Starmie|Starmie|62/100
|switch|p1a: Jirachi|Jirachi|100/100
|-damage|p1a: Jirachi|94/100|[from] Stealth Rock
|
|-heal|p2a: Starmie|68/100|[from] item: Leftovers
|-heal|p1a: Jirachi|100/100|[from] item: Leftovers
|upkeep
|turn|31
|
|t:|1735486614
|switch|p2a: Landorus|Landorus-Therian, M|100/100
|-ability|p2a: Landorus|Intimidate|boost
|-unboost|p1a: Jirachi|atk|1
|move|p1a: Jirachi|Protect||[still]
|-fail|p1a: Jirachi
|
|upkeep
|turn|32
|
|t:|1735486622
|move|p1a: Jirachi|Protect|p1a: Jirachi
|-singleturn|p1a: Jirachi|Protect
|move|p2a: Landorus|Earthquake|p1a: Jirachi
|-activate|p1a: Jirachi|move: Protect
|
|upkeep
|turn|33
|
|t:|1735486626
|switch|p1a: Sableye|Sableye, F|88/100
|-damage|p1a: Sableye|75/100|[from] Stealth Rock
|move|p2a: Landorus|Earthquake|p1a: Sableye
|-damage|p1a: Sableye|0 fnt
|faint|p1a: Sableye
|
|upkeep
|
|t:|1735486629
|switch|p1a: Quagsire|Quagsire, F|100/100
|-damage|p1a: Quagsire|94/100|[from] Stealth Rock
|turn|34
|
|t:|1735486642
|switch|p2a: Starmie|Starmie|68/100
|move|p1a: Quagsire|Scald|p2a: Starmie
|-resisted|p2a: Starmie
|-damage|p2a: Starmie|55/100
|
|-heal|p2a: Starmie|61/100|[from] item: Leftovers
|-heal|p1a: Quagsire|100/100|[from] item: Leftovers
|upkeep
|turn|35
|
|t:|1735486648
|switch|p1a: Chansey|Chansey, F|100/100
|-damage|p1a: Chansey|88/100|[from] Stealth Rock
|move|p2a: Starmie|Psychic|p1a: Chansey
|-damage|p1a: Chansey|77/100
|
|-heal|p2a: Starmie|67/100|[from] item: Leftovers
|upkeep
|turn|36
|
|t:|1735486656
|switch|p2a: Terrakion|Terrakion|91/100
|move|p1a: Chansey|Stealth Rock|p2a: Terrakion
|-sidestart|p2: E0 Palourde|move: Stealth Rock
|
|upkeep
|turn|37
|
|t:|1735486664
|switch|p2a: Landorus|Landorus-Therian, M|100/100
|-damage|p2a: Landorus|88/100|[from] Stealth Rock
|-ability|p2a: Landorus|Intimidate|boost
|-unboost|p1a: Chansey|atk|1
|switch|p1a: Jirachi|Jirachi|100/100
|-damage|p1a: Jirachi|94/100|[from] Stealth Rock
|
|-heal|p1a: Jirachi|100/100|[from] item: Leftovers
|upkeep
|turn|38
|
|t:|1735486671
|move|p1a: Jirachi|Iron Head|p2a: Landorus
|-damage|p2a: Landorus|58/100
|move|p2a: Landorus|Earthquake|p1a: Jirachi
|-supereffective|p1a: Jirachi
|-damage|p1a: Jirachi|0 fnt
|faint|p1a: Jirachi
|
|upkeep
|-message|radaty forfeited.
|
|win|E0 Palourde
|raw|radaty's rating: 1462 &rarr; <strong>1434</strong><br />(-28 for losing)
|raw|E0 Palourde's rating: 1306 &rarr; <strong>1334</strong><br />(+28 for winning)
|l|☆radaty
|player|p1|
