|j|☆dark web uzi
|j|☆Polygonal Monkey
|player|p1|dark web uzi|roxie|1347
|player|p2|Polygonal Monkey|lucas|1423
|teamsize|p1|6
|teamsize|p2|6
|gametype|singles
|gen|5
|tier|[Gen 5] OU
|rated|
|clearpoke
|poke|p1|Zoroark, M|item
|poke|p1|Latios, M|item
|poke|p1|Latias, F|item
|poke|p1|Landorus-Therian, M|item
|poke|p1|Scizor, F|item
|poke|p1|Rotom-Wash|item
|poke|p2|Tyranitar, M|item
|poke|p2|Latios, M|item
|poke|p2|Landorus-Therian, M|item
|poke|p2|Reuniclus, M|item
|poke|p2|Ferrothorn, M|item
|poke|p2|Alakazam, M|item
|rule|Species Clause: Limit one of each Pokémon
|rule|OHKO Clause: OHKO moves are banned
|rule|Moody Clause: Moody is banned
|rule|Evasion Moves Clause: Evasion moves are banned
|rule|Endless Battle Clause: Forcing endless battles is banned
|rule|HP Percentage Mod: HP is shown in percentages
|rule|Evasion Abilities Clause: Evasion abilities are banned
|rule|Baton Pass Clause: Limit one Baton Passer, can't pass Spe and other stats simultaneously
|rule|Sleep Clause: Sleep-inducing moves are banned
|rule|Swagger Clause: Swagger is banned
|teampreview
|inactive|Battle timer is ON: inactive players will automatically lose when time's up. (requested by Polygonal Monkey)
|
|start
|switch|p1a: Landorus|Landorus-Therian, M|100/100
|switch|p2a: Ferrothorn|Ferrothorn, M|100/100
|-ability|p1a: Landorus|Intimidate|boost
|-unboost|p2a: Ferrothorn|atk|1
|turn|1
|
|move|p1a: Landorus|Superpower|p2a: Ferrothorn
|-supereffective|p2a: Ferrothorn
|-damage|p2a: Ferrothorn|35/100
|-unboost|p1a: Landorus|atk|1
|-unboost|p1a: Landorus|def|1
|-damage|p1a: Landorus|88/100|[from] ability: Iron Barbs|[of] p2a: Ferrothorn
|move|p2a: Ferrothorn|Knock Off|p1a: Landorus
|-damage|p1a: Landorus|83/100
|-enditem|p1a: Landorus|Choice Scarf|[from] move: Knock Off|[of] p2a: Ferrothorn
|
|-heal|p2a: Ferrothorn|41/100|[from] item: Leftovers
|upkeep
|turn|2
|inactive|Polygonal Monkey has 120 seconds left.
|
|move|p1a: Landorus|Superpower|p2a: Ferrothorn
|-supereffective|p2a: Ferrothorn
|-damage|p2a: Ferrothorn|0 fnt
|-unboost|p1a: Landorus|atk|1
|-unboost|p1a: Landorus|def|1
|-damage|p1a: Landorus|70/100|[from] ability: Iron Barbs|[of] p2a: Ferrothorn
|faint|p2a: Ferrothorn
|
|upkeep
|inactive|Polygonal Monkey has 120 seconds left.
|
|switch|p2a: Tyranitar|Tyranitar, M|100/100
|-weather|Sandstorm|[from] ability: Sand Stream|[of] p2a: Tyranitar
|turn|3
|inactive|Polygonal Monkey has 120 seconds left.
|
|move|p2a: Tyranitar|Crunch|p1a: Landorus
|-damage|p1a: Landorus|0 fnt
|faint|p1a: Landorus
|
|-weather|Sandstorm|[upkeep]
|upkeep
|
|switch|p1a: Scizor|Scizor, F|100/100
|turn|4
|
|switch|p2a: Landorus|Landorus-Therian, M|100/100
|-ability|p2a: Landorus|Intimidate|boost
|-unboost|p1a: Scizor|atk|1
|move|p1a: Scizor|U-turn|p2a: Landorus
|-resisted|p2a: Landorus
|-damage|p2a: Landorus|87/100
|
|switch|p1a: Rotom|Rotom-Wash|100/100|[from]move: U-turn
|
|-weather|Sandstorm|[upkeep]
|-damage|p1a: Rotom|94/100|[from] Sandstorm
|-heal|p1a: Rotom|100/100|[from] item: Leftovers
|-heal|p2a: Landorus|93/100|[from] item: Leftovers
|upkeep
|turn|5
|
|switch|p2a: Latios|Latios, M|100/100
|move|p1a: Rotom|Will-O-Wisp|p2a: Latios
|-status|p2a: Latios|brn
|
|-weather|Sandstorm|[upkeep]
|-damage|p2a: Latios|95/100 brn|[from] Sandstorm
|-damage|p1a: Rotom|94/100|[from] Sandstorm
|-heal|p1a: Rotom|100/100|[from] item: Leftovers
|-damage|p2a: Latios|82/100 brn|[from] brn
|upkeep
|turn|6
|
|move|p2a: Latios|Draco Meteor|p1a: Rotom
|-crit|p1a: Rotom
|-damage|p1a: Rotom|0 fnt
|-unboost|p2a: Latios|spa|2
|faint|p1a: Rotom
|
|-weather|Sandstorm|[upkeep]
|-damage|p2a: Latios|76/100 brn|[from] Sandstorm
|-damage|p2a: Latios|64/100 brn|[from] brn
|upkeep
|
|switch|p1a: Scizor|Scizor, F|100/100
|turn|7
|
|-activate|p2a: Latios|move: Pursuit
|move|p1a: Scizor|Pursuit|p2a: Latios|[from]Pursuit
|-supereffective|p2a: Latios
|-damage|p2a: Latios|0 fnt
|-hint|A Pokemon can't switch between when it runs out of HP and when it faints
|faint|p2a: Latios
|
|-weather|Sandstorm|[upkeep]
|upkeep
|
|switch|p2a: Landorus|Landorus-Therian, M|93/100
|-ability|p2a: Landorus|Intimidate|boost
|-unboost|p1a: Scizor|atk|1
|turn|8
|
|move|p2a: Landorus|U-turn|p1a: Scizor
|-resisted|p1a: Scizor
|-damage|p1a: Scizor|89/100
|
|-activate|p2a: Landorus|move: Pursuit
|move|p1a: Scizor|Pursuit|p2a: Landorus|[from]Pursuit
|-damage|p2a: Landorus|73/100
|switch|p2a: Reuniclus|Reuniclus, M|100/100|[from]move: U-turn
|
|-weather|Sandstorm|[upkeep]
|upkeep
|turn|9
|
|switch|p1a: step bro|Latios, M|100/100
|switch|p2a: Tyranitar|Tyranitar, M|100/100
|
|-weather|Sandstorm|[upkeep]
|-damage|p1a: step bro|94/100|[from] Sandstorm
|upkeep
|turn|10
|
|move|p2a: Tyranitar|Crunch|p1a: step bro
|-resisted|p1a: step bro
|-damage|p1a: step bro|53/100
|-unboost|p1a: step bro|def|1
|replace|p1a: Zoroark|Zoroark, M
|-end|p1a: Zoroark|Illusion
|move|p1a: Zoroark|Low Kick|p2a: Tyranitar
|-supereffective|p2a: Tyranitar
|-damage|p2a: Tyranitar|0 fnt
|-damage|p1a: Zoroark|43/100|[from] item: Life Orb
|faint|p2a: Tyranitar
|
|-weather|Sandstorm|[upkeep]
|-damage|p1a: Zoroark|37/100|[from] Sandstorm
|upkeep
|c|☆dark web uzi|>:)
|inactive|Polygonal Monkey has 120 seconds left.
|inactive|Polygonal Monkey has 90 seconds left.
|
|switch|p2a: Landorus|Landorus-Therian, M|73/100
|-ability|p2a: Landorus|Intimidate|boost
|-unboost|p1a: Zoroark|atk|1
|turn|11
|
|move|p1a: Zoroark|Dark Pulse|p2a: Landorus
|-damage|p2a: Landorus|25/100
|-damage|p1a: Zoroark|27/100|[from] item: Life Orb
|move|p2a: Landorus|U-turn|p1a: Zoroark
|-supereffective|p1a: Zoroark
|-damage|p1a: Zoroark|0 fnt
|faint|p1a: Zoroark
|
|switch|p2a: Alakazam|Alakazam, M|100/100|[from]move: U-turn
|
|-weather|Sandstorm|[upkeep]
|upkeep
|
|switch|p1a: step sis|Latias, F|100/100
|turn|12
|
|switch|p2a: Reuniclus|Reuniclus, M|100/100
|move|p1a: step sis|Surf|p2a: Reuniclus
|-damage|p2a: Reuniclus|63/100
|-damage|p1a: step sis|91/100|[from] item: Life Orb
|
|-weather|Sandstorm|[upkeep]
|-damage|p1a: step sis|85/100|[from] Sandstorm
|-heal|p2a: Reuniclus|69/100|[from] item: Leftovers
|upkeep
|turn|13
|
|move|p1a: step sis|Draco Meteor|p2a: Reuniclus|[miss]
|-miss|p1a: step sis|p2a: Reuniclus
|move|p2a: Reuniclus|Recover|p2a: Reuniclus
|-heal|p2a: Reuniclus|100/100
|
|-weather|Sandstorm|[upkeep]
|-damage|p1a: step sis|79/100|[from] Sandstorm
|upkeep
|turn|14
|
|switch|p1a: Scizor|Scizor, F|89/100
|move|p2a: Reuniclus|Calm Mind|p2a: Reuniclus
|-boost|p2a: Reuniclus|spa|1
|-boost|p2a: Reuniclus|spd|1
|
|-weather|Sandstorm|[upkeep]
|upkeep
|turn|15
|
|move|p1a: Scizor|U-turn|p2a: Reuniclus
|-supereffective|p2a: Reuniclus
|-damage|p2a: Reuniclus|21/100
|
|switch|p1a: step bro|Latios, M|100/100|[from]move: U-turn
|move|p2a: Reuniclus|Recover|p2a: Reuniclus
|-heal|p2a: Reuniclus|71/100
|
|-weather|Sandstorm|[upkeep]
|-damage|p1a: step bro|95/100|[from] Sandstorm
|-heal|p2a: Reuniclus|77/100|[from] item: Leftovers
|upkeep
|turn|16
|inactive|Polygonal Monkey has 90 seconds left.
|
|move|p1a: step bro|Dragon Dance|p1a: step bro
|-boost|p1a: step bro|atk|1
|-boost|p1a: step bro|spe|1
|move|p2a: Reuniclus|Psychic|p1a: step bro
|-resisted|p1a: step bro
|-damage|p1a: step bro|61/100
|
|-weather|Sandstorm|[upkeep]
|-damage|p1a: step bro|55/100|[from] Sandstorm
|-heal|p2a: Reuniclus|83/100|[from] item: Leftovers
|upkeep
|turn|17
|j| Csizzlesix
|inactive|Polygonal Monkey has 90 seconds left.
|
|move|p1a: step bro|Outrage|p2a: Reuniclus
|-damage|p2a: Reuniclus|17/100
|-damage|p1a: step bro|45/100|[from] item: Life Orb
|move|p2a: Reuniclus|Psychic|p1a: step bro
|-resisted|p1a: step bro
|-damage|p1a: step bro|13/100
|
|-weather|Sandstorm|[upkeep]
|-damage|p1a: step bro|7/100|[from] Sandstorm
|-heal|p2a: Reuniclus|23/100|[from] item: Leftovers
|upkeep
|turn|18
|inactive|Polygonal Monkey has 60 seconds left.
|
|switch|p2a: Landorus|Landorus-Therian, M|25/100
|-ability|p2a: Landorus|Intimidate|boost
|-unboost|p1a: step bro|atk|1
|move|p1a: step bro|Outrage|p2a: Landorus|[from]lockedmove
|-damage|p2a: Landorus|0 fnt
|-damage|p1a: step bro|0 fnt|[from] item: Life Orb
|faint|p2a: Landorus
|faint|p1a: step bro
|
|-weather|Sandstorm|[upkeep]
|upkeep
|inactive|Polygonal Monkey has 60 seconds left.
|
|switch|p1a: Scizor|Scizor, F|89/100
|switch|p2a: Alakazam|Alakazam, M|100/100
|turn|19
|
|move|p1a: Scizor|Bullet Punch|p2a: Alakazam
|-enditem|p2a: Alakazam|Focus Sash
|-damage|p2a: Alakazam|1/100
|move|p2a: Alakazam|Hidden Power|p1a: Scizor
|-supereffective|p1a: Scizor
|-damage|p1a: Scizor|0 fnt
|faint|p1a: Scizor
|
|-weather|Sandstorm|[upkeep]
|upkeep
|
|switch|p1a: step sis|Latias, F|79/100
|turn|20
|
|move|p2a: Alakazam|Shadow Ball|p1a: step sis
|-supereffective|p1a: step sis
|-damage|p1a: step sis|24/100
|move|p1a: step sis|Surf|p2a: Alakazam
|-damage|p2a: Alakazam|0 fnt
|-damage|p1a: step sis|14/100|[from] item: Life Orb
|faint|p2a: Alakazam
|
|-weather|Sandstorm|[upkeep]
|-damage|p1a: step sis|8/100|[from] Sandstorm
|upkeep
|
|switch|p2a: Reuniclus|Reuniclus, M|23/100
|turn|21
|
|move|p1a: step sis|Surf|p2a: Reuniclus
|-damage|p2a: Reuniclus|0 fnt
|-damage|p1a: step sis|0 fnt|[from] item: Life Orb
|faint|p2a: Reuniclus
|faint|p1a: step sis
|
|win|dark web uzi
|l|☆Polygonal Monkey
|c|☆dark web uzi|by the nail
|c|☆dark web uzi|i fucked up i realized he had hp fire too late
|c| Csizzlesix|good shit uzi
|raw|dark web uzi's rating: 1347 &rarr; <strong>1372</strong><br />(+25 for winning)
|raw|Polygonal Monkey's rating: 1423 &rarr; <strong>1399</strong><br />(-24 for losing)
|c|☆dark web uzi|thx fren
|c|☆dark web uzi|i love this team
|c| Csizzlesix|i noticed
|l| Csizzlesix
