|j|☆Primary Trout
|j|☆leoperi99
|t:|1741042110
|gametype|singles
|player|p1|Primary Trout|marshal|1474
|player|p2|leoperi99|kris-gen2|1612
|teamsize|p1|6
|teamsize|p2|6
|gen|5
|tier|[Gen 5] OU
|rated|
|rule|Species Clause: Limit one of each Pokémon
|rule|OHKO Clause: OHKO moves are banned
|rule|Moody Clause: Moody is banned
|rule|Evasion Items Clause: Evasion items are banned
|rule|Evasion Moves Clause: Evasion moves are banned
|rule|Endless Battle Clause: Forcing endless battles is banned
|rule|HP Percentage Mod: HP is shown in percentages
|rule|Evasion Abilities Clause: Evasion abilities are banned
|rule|Sleep Moves Clause: Sleep-inducing moves are banned
|rule|Swagger Clause: Swagger is banned
|rule|Baton Pass Stat Clause: No Baton Passer may have a way to boost its stats
|clearpoke
|poke|p1|Politoed, F|item
|poke|p1|Tentacruel, F|item
|poke|p1|Bronzong|item
|poke|p1|Gliscor, M|item
|poke|p1|Ferrothorn, M|item
|poke|p1|Jirachi|item
|poke|p2|Reuniclus, F|item
|poke|p2|Tyranitar, F|item
|poke|p2|Bronzong|item
|poke|p2|Flygon, M|item
|poke|p2|Jirachi|item
|poke|p2|Seismitoad, M|item
|teampreview
|inactive|Battle timer is ON: inactive players will automatically lose when time's up. (requested by Primary Trout)
|inactive|leoperi99 has 120 seconds left.
|inactive|leoperi99 has 90 seconds left.
|
|t:|1741042171
|start
|switch|p1a: Bronzong|Bronzong|100/100
|switch|p2a: Seismitoad|Seismitoad, M|100/100
|turn|1
|
|t:|1741042175
|move|p2a: Seismitoad|Stealth Rock|p1a: Bronzong
|-sidestart|p1: Primary Trout|move: Stealth Rock
|move|p1a: Bronzong|Stealth Rock|p2a: Seismitoad
|-sidestart|p2: leoperi99|move: Stealth Rock
|
|upkeep
|turn|2
|
|t:|1741042188
|move|p2a: Seismitoad|Scald|p1a: Bronzong
|-damage|p1a: Bronzong|81/100
|move|p1a: Bronzong|Toxic|p2a: Seismitoad
|-status|p2a: Seismitoad|tox
|
|-heal|p1a: Bronzong|87/100|[from] item: Leftovers
|-damage|p2a: Seismitoad|94/100 tox|[from] psn
|upkeep
|turn|3
|
|t:|1741042191
|switch|p1a: Tentacruel|Tentacruel, F|100/100
|-damage|p1a: Tentacruel|88/100|[from] Stealth Rock
|move|p2a: Seismitoad|Refresh|p2a: Seismitoad
|-curestatus|p2a: Seismitoad|tox|[msg]
|
|-heal|p1a: Tentacruel|94/100|[from] item: Black Sludge
|-heal|p2a: Seismitoad|100/100|[from] item: Leftovers
|upkeep
|turn|4
|
|t:|1741042194
|move|p1a: Tentacruel|Toxic Spikes|p2a: Seismitoad
|-sidestart|p2: leoperi99|move: Toxic Spikes
|move|p2a: Seismitoad|Scald|p1a: Tentacruel
|-resisted|p1a: Tentacruel
|-damage|p1a: Tentacruel|84/100
|
|-heal|p1a: Tentacruel|90/100|[from] item: Black Sludge
|upkeep
|turn|5
|
|t:|1741042198
|move|p1a: Tentacruel|Toxic Spikes|p2a: Seismitoad
|-sidestart|p2: leoperi99|move: Toxic Spikes
|move|p2a: Seismitoad|Scald|p1a: Tentacruel
|-resisted|p1a: Tentacruel
|-damage|p1a: Tentacruel|81/100
|
|-heal|p1a: Tentacruel|87/100|[from] item: Black Sludge
|upkeep
|turn|6
|
|t:|1741042200
|move|p1a: Tentacruel|Rapid Spin|p2a: Seismitoad
|-damage|p2a: Seismitoad|98/100
|-sideend|p1: Primary Trout|Stealth Rock|[from] move: Rapid Spin|[of] p1a: Tentacruel
|move|p2a: Seismitoad|Scald|p1a: Tentacruel
|-resisted|p1a: Tentacruel
|-damage|p1a: Tentacruel|77/100
|
|-heal|p1a: Tentacruel|83/100|[from] item: Black Sludge
|-heal|p2a: Seismitoad|100/100|[from] item: Leftovers
|upkeep
|turn|7
|
|t:|1741042202
|switch|p1a: Ferrothorn|Ferrothorn, M|100/100
|move|p2a: Seismitoad|Stealth Rock|p1a: Ferrothorn
|-sidestart|p1: Primary Trout|move: Stealth Rock
|
|upkeep
|turn|8
|
|t:|1741042205
|switch|p2a: Jirachi|Jirachi|100/100
|-damage|p2a: Jirachi|94/100|[from] Stealth Rock
|move|p1a: Ferrothorn|Power Whip|p2a: Jirachi|[miss]
|-miss|p1a: Ferrothorn|p2a: Jirachi
|
|-heal|p2a: Jirachi|100/100|[from] item: Leftovers
|upkeep
|turn|9
|
|t:|1741042208
|move|p2a: Jirachi|Fire Punch|p1a: Ferrothorn
|-supereffective|p1a: Ferrothorn
|-damage|p1a: Ferrothorn|56/100
|-damage|p2a: Jirachi|88/100|[from] ability: Iron Barbs|[of] p1a: Ferrothorn
|move|p1a: Ferrothorn|Spikes|p2a: Jirachi
|-sidestart|p2: leoperi99|Spikes
|
|-heal|p2a: Jirachi|94/100|[from] item: Leftovers
|upkeep
|turn|10
|
|t:|1741042212
|switch|p1a: Tentacruel|Tentacruel, F|83/100
|-damage|p1a: Tentacruel|71/100|[from] Stealth Rock
|move|p2a: Jirachi|Fire Punch|p1a: Tentacruel
|-resisted|p1a: Tentacruel
|-damage|p1a: Tentacruel|59/100
|
|-heal|p1a: Tentacruel|65/100|[from] item: Black Sludge
|-heal|p2a: Jirachi|100/100|[from] item: Leftovers
|upkeep
|turn|11
|
|t:|1741042216
|move|p1a: Tentacruel|Protect|p1a: Tentacruel
|-singleturn|p1a: Tentacruel|Protect
|move|p2a: Jirachi|U-turn|p1a: Tentacruel
|-activate|p1a: Tentacruel|move: Protect
|
|-heal|p1a: Tentacruel|71/100|[from] item: Black Sludge
|upkeep
|turn|12
|
|t:|1741042219
|switch|p2a: Seismitoad|Seismitoad, M|100/100
|-damage|p2a: Seismitoad|94/100|[from] Stealth Rock
|-status|p2a: Seismitoad|tox
|-damage|p2a: Seismitoad|82/100 tox|[from] Spikes
|move|p1a: Tentacruel|Rapid Spin|p2a: Seismitoad
|-damage|p2a: Seismitoad|80/100 tox
|-sideend|p1: Primary Trout|Stealth Rock|[from] move: Rapid Spin|[of] p1a: Tentacruel
|
|-heal|p1a: Tentacruel|77/100|[from] item: Black Sludge
|-heal|p2a: Seismitoad|86/100 tox|[from] item: Leftovers
|-damage|p2a: Seismitoad|80/100 tox|[from] psn
|upkeep
|turn|13
|
|t:|1741042221
|switch|p1a: Ferrothorn|Ferrothorn, M|56/100
|move|p2a: Seismitoad|Refresh|p2a: Seismitoad
|-curestatus|p2a: Seismitoad|tox|[msg]
|
|-heal|p2a: Seismitoad|86/100|[from] item: Leftovers
|upkeep
|turn|14
|
|t:|1741042231
|move|p2a: Seismitoad|Stealth Rock|p1a: Ferrothorn
|-sidestart|p1: Primary Trout|move: Stealth Rock
|move|p1a: Ferrothorn|Power Whip|p2a: Seismitoad
|-supereffective|p2a: Seismitoad
|-damage|p2a: Seismitoad|0 fnt
|faint|p2a: Seismitoad
|
|upkeep
|
|t:|1741042233
|switch|p2a: Reuniclus|Reuniclus, F|100/100
|-status|p2a: Reuniclus|tox
|turn|15
|
|t:|1741042235
|switch|p1a: Jirachi|Jirachi|100/100
|-damage|p1a: Jirachi|94/100|[from] Stealth Rock
|move|p2a: Reuniclus|Trick Room|p2a: Reuniclus
|-fieldstart|move: Trick Room|[of] p2a: Reuniclus
|
|-heal|p1a: Jirachi|100/100|[from] item: Leftovers
|upkeep
|turn|16
|
|t:|1741042238
|move|p2a: Reuniclus|Focus Blast|p1a: Jirachi
|-damage|p1a: Jirachi|68/100
|move|p1a: Jirachi|Wish|p1a: Jirachi
|
|-heal|p1a: Jirachi|74/100|[from] item: Leftovers
|upkeep
|turn|17
|
|t:|1741042241
|move|p2a: Reuniclus|Psychic|p1a: Jirachi
|-resisted|p1a: Jirachi
|-damage|p1a: Jirachi|64/100
|move|p1a: Jirachi|Iron Head|p2a: Reuniclus
|-damage|p2a: Reuniclus|75/100 tox
|
|-heal|p1a: Jirachi|100/100|[from] move: Wish|[wisher] Jirachi
|upkeep
|turn|18
|
|t:|1741042245
|switch|p2a: Bronzong|Bronzong|100/100
|-damage|p2a: Bronzong|94/100|[from] Stealth Rock
|move|p1a: Jirachi|Iron Head|p2a: Bronzong
|-resisted|p2a: Bronzong
|-damage|p2a: Bronzong|82/100
|
|upkeep
|turn|19
|
|t:|1741042248
|move|p2a: Bronzong|Earthquake|p1a: Jirachi
|-supereffective|p1a: Jirachi
|-damage|p1a: Jirachi|42/100
|-damage|p2a: Bronzong|72/100|[from] item: Life Orb
|move|p1a: Jirachi|Thunder|p2a: Bronzong
|-crit|p2a: Bronzong
|-damage|p2a: Bronzong|26/100
|-status|p2a: Bronzong|par
|
|-heal|p1a: Jirachi|48/100|[from] item: Leftovers
|-fieldend|move: Trick Room
|upkeep
|turn|20
|
|t:|1741042251
|move|p1a: Jirachi|Protect|p1a: Jirachi
|-singleturn|p1a: Jirachi|Protect
|move|p2a: Bronzong|Trick Room|p2a: Bronzong
|-fieldstart|move: Trick Room|[of] p2a: Bronzong
|
|-heal|p1a: Jirachi|54/100|[from] item: Leftovers
|upkeep
|turn|21
|
|t:|1741042255
|switch|p1a: Gliscor|Gliscor, M|100/100
|-damage|p1a: Gliscor|88/100|[from] Stealth Rock
|move|p2a: Bronzong|Earthquake|p1a: Gliscor
|-immune|p1a: Gliscor
|
|-status|p1a: Gliscor|tox|[from] item: Toxic Orb
|upkeep
|turn|22
|
|t:|1741042257
|move|p1a: Gliscor|Protect|p1a: Gliscor
|-singleturn|p1a: Gliscor|Protect
|move|p2a: Bronzong|Gyro Ball|p1a: Gliscor
|-activate|p1a: Gliscor|move: Protect
|
|-heal|p1a: Gliscor|100/100 tox|[from] ability: Poison Heal
|upkeep
|turn|23
|
|t:|1741042263
|move|p2a: Bronzong|Earthquake|p1a: Gliscor
|-immune|p1a: Gliscor
|move|p1a: Gliscor|Substitute|p1a: Gliscor
|-start|p1a: Gliscor|Substitute
|-damage|p1a: Gliscor|76/100 tox
|
|-heal|p1a: Gliscor|88/100 tox|[from] ability: Poison Heal
|upkeep
|turn|24
|
|t:|1741042265
|move|p1a: Gliscor|Protect|p1a: Gliscor
|-singleturn|p1a: Gliscor|Protect
|move|p2a: Bronzong|Gyro Ball|p1a: Gliscor
|-activate|p1a: Gliscor|move: Protect
|
|-heal|p1a: Gliscor|100/100 tox|[from] ability: Poison Heal
|-fieldend|move: Trick Room
|upkeep
|turn|25
|
|t:|1741042268
|move|p1a: Gliscor|Ice Fang|p2a: Bronzong
|-resisted|p2a: Bronzong
|-damage|p2a: Bronzong|20/100 par
|cant|p2a: Bronzong|flinch
|
|upkeep
|turn|26
|
|t:|1741042273
|move|p1a: Gliscor|Ice Fang|p2a: Bronzong
|-resisted|p2a: Bronzong
|-damage|p2a: Bronzong|14/100 par
|cant|p2a: Bronzong|par
|
|upkeep
|turn|27
|
|t:|1741042280
|move|p1a: Gliscor|Ice Fang|p2a: Bronzong
|-resisted|p2a: Bronzong
|-damage|p2a: Bronzong|8/100 par
|move|p2a: Bronzong|Gyro Ball|p1a: Gliscor
|-end|p1a: Gliscor|Substitute
|-damage|p2a: Bronzong|0 fnt|[from] item: Life Orb
|faint|p2a: Bronzong
|
|upkeep
|
|t:|1741042290
|switch|p2a: Reuniclus|Reuniclus, F|75/100 tox
|turn|28
|
|t:|1741042293
|move|p1a: Gliscor|Earthquake|p2a: Reuniclus
|-damage|p2a: Reuniclus|49/100 tox
|move|p2a: Reuniclus|Trick Room|p2a: Reuniclus
|-fieldstart|move: Trick Room|[of] p2a: Reuniclus
|
|upkeep
|turn|29
|
|t:|1741042295
|move|p2a: Reuniclus|Psychic|p1a: Gliscor
|-damage|p1a: Gliscor|27/100 tox
|move|p1a: Gliscor|Earthquake|p2a: Reuniclus
|-damage|p2a: Reuniclus|21/100 tox
|
|-heal|p1a: Gliscor|40/100 tox|[from] ability: Poison Heal
|upkeep
|turn|30
|
|t:|1741042300
|move|p1a: Gliscor|Protect|p1a: Gliscor
|-singleturn|p1a: Gliscor|Protect
|move|p2a: Reuniclus|Psychic|p1a: Gliscor
|-activate|p1a: Gliscor|move: Protect
|
|-heal|p1a: Gliscor|52/100 tox|[from] ability: Poison Heal
|upkeep
|turn|31
|
|t:|1741042303
|switch|p1a: Jirachi|Jirachi|54/100
|-damage|p1a: Jirachi|48/100|[from] Stealth Rock
|move|p2a: Reuniclus|Recover|p2a: Reuniclus
|-heal|p2a: Reuniclus|71/100 tox
|
|-heal|p1a: Jirachi|54/100|[from] item: Leftovers
|upkeep
|turn|32
|
|t:|1741042308
|move|p1a: Jirachi|Protect|p1a: Jirachi
|-singleturn|p1a: Jirachi|Protect
|move|p2a: Reuniclus|Focus Blast|p1a: Jirachi
|-activate|p1a: Jirachi|move: Protect
|
|-heal|p1a: Jirachi|60/100|[from] item: Leftovers
|-fieldend|move: Trick Room
|upkeep
|turn|33
|
|t:|1741042310
|move|p1a: Jirachi|Wish|p1a: Jirachi
|move|p2a: Reuniclus|Trick Room|p2a: Reuniclus
|-fieldstart|move: Trick Room|[of] p2a: Reuniclus
|
|-heal|p1a: Jirachi|67/100|[from] item: Leftovers
|upkeep
|turn|34
|
|t:|1741042314
|move|p2a: Reuniclus|Recover|p2a: Reuniclus
|-heal|p2a: Reuniclus|100/100 tox
|move|p1a: Jirachi|Iron Head|p2a: Reuniclus
|-damage|p2a: Reuniclus|78/100 tox
|
|-heal|p1a: Jirachi|100/100|[from] move: Wish|[wisher] Jirachi
|upkeep
|turn|35
|
|t:|1741042317
|move|p2a: Reuniclus|Focus Blast|p1a: Jirachi|[miss]
|-miss|p2a: Reuniclus|p1a: Jirachi
|move|p1a: Jirachi|Wish|p1a: Jirachi
|
|upkeep
|turn|36
|
|t:|1741042320
|move|p2a: Reuniclus|Psychic|p1a: Jirachi
|-resisted|p1a: Jirachi
|-damage|p1a: Jirachi|90/100
|move|p1a: Jirachi|Thunder|p2a: Reuniclus
|-damage|p2a: Reuniclus|49/100 tox
|
|-heal|p1a: Jirachi|100/100|[from] move: Wish|[wisher] Jirachi
|upkeep
|turn|37
|-message|leoperi99 forfeited.
|
|win|Primary Trout
|raw|Primary Trout's rating: 1474 &rarr; <strong>1502</strong><br />(+28 for winning)
|raw|leoperi99's rating: 1612 &rarr; <strong>1584</strong><br />(-28 for losing)
|l|☆leoperi99
|player|p2|
