|j|☆berdaniel
|j|☆anglemort33
|t:|1724003939
|gametype|singles
|player|p1|berdaniel|170|1288
|player|p2|anglemort33|266|1337
|teamsize|p1|6
|teamsize|p2|6
|gen|5
|tier|[Gen 5] OU
|rated|
|rule|Species Clause: Limit one of each Pokémon
|rule|OHKO Clause: OHKO moves are banned
|rule|Moody Clause: Moody is banned
|rule|Evasion Items Clause: Evasion items are banned
|rule|Evasion Moves Clause: Evasion moves are banned
|rule|Endless Battle Clause: Forcing endless battles is banned
|rule|HP Percentage Mod: HP is shown in percentages
|rule|Evasion Abilities Clause: Evasion abilities are banned
|rule|Sleep Moves Clause: Sleep-inducing moves are banned
|rule|Swagger Clause: Swagger is banned
|rule|Baton Pass Stat Clause: No Baton Passer may have a way to boost its stats
|clearpoke
|poke|p1|Conkeldurr, F|item
|poke|p1|Tentacruel, M|item
|poke|p1|Keldeo|item
|poke|p1|Landorus-Therian, M|item
|poke|p1|Skarmory, M|item
|poke|p1|Latios, M|item
|poke|p2|Tyranitar, M|item
|poke|p2|Skarmory, M|item
|poke|p2|Jellicent, F|item
|poke|p2|Latios, M|item
|poke|p2|Alakazam, F|item
|poke|p2|Gliscor, F|item
|teampreview
|inactive|Battle timer is ON: inactive players will automatically lose when time's up. (requested by berdaniel)
|
|t:|1724003967
|start
|switch|p1a: Skarmory|Skarmory, M|100/100
|switch|p2a: Bedge|Tyranitar, M|100/100
|-weather|Sandstorm|[from] ability: Sand Stream|[of] p2a: Bedge
|turn|1
|
|t:|1724003975
|move|p1a: Skarmory|Taunt|p2a: Bedge
|-start|p2a: Bedge|move: Taunt
|move|p2a: Bedge|Superpower|p1a: Skarmory
|-crit|p1a: Skarmory
|-damage|p1a: Skarmory|26/100
|-unboost|p2a: Bedge|atk|1
|-unboost|p2a: Bedge|def|1
|
|-weather|Sandstorm|[upkeep]
|upkeep
|turn|2
|
|t:|1724003995
|switch|p2a: Wokege|Latios, M|100/100
|move|p1a: Skarmory|Stealth Rock|p2a: Wokege
|-sidestart|p2: anglemort33|move: Stealth Rock
|
|-weather|Sandstorm|[upkeep]
|-damage|p2a: Wokege|95/100|[from] Sandstorm
|upkeep
|turn|3
|
|t:|1724004001
|move|p2a: Wokege|Hidden Power|p1a: Skarmory
|-supereffective|p1a: Skarmory
|-damage|p1a: Skarmory|0 fnt
|faint|p1a: Skarmory
|
|-weather|Sandstorm|[upkeep]
|-damage|p2a: Wokege|89/100|[from] Sandstorm
|upkeep
|
|t:|1724004006
|switch|p1a: Landorus|Landorus-Therian, M|100/100
|-ability|p1a: Landorus|Intimidate|boost
|-unboost|p2a: Wokege|atk|1
|turn|4
|
|t:|1724004022
|switch|p2a: KEKW|Skarmory, M|100/100
|-damage|p2a: KEKW|88/100|[from] Stealth Rock
|move|p1a: Landorus|U-turn|p2a: KEKW
|-resisted|p2a: KEKW
|-damage|p2a: KEKW|84/100
|
|t:|1724004031
|switch|p1a: Keldeo|Keldeo|100/100|[from] U-turn
|
|-weather|Sandstorm|[upkeep]
|-damage|p1a: Keldeo|94/100|[from] Sandstorm
|-heal|p2a: KEKW|90/100|[from] item: Leftovers
|upkeep
|turn|5
|inactive|anglemort33 has 120 seconds left.
|
|t:|1724004068
|move|p1a: Keldeo|Hidden Power|p2a: KEKW
|-resisted|p2a: KEKW
|-damage|p2a: KEKW|82/100
|move|p2a: KEKW|Roost|p2a: KEKW
|-heal|p2a: KEKW|100/100
|-singleturn|p2a: KEKW|move: Roost
|
|-weather|Sandstorm|[upkeep]
|-damage|p1a: Keldeo|88/100|[from] Sandstorm
|upkeep
|turn|6
|inactive|anglemort33 has 120 seconds left.
|
|t:|1724004081
|switch|p1a: Conkeldurr|Conkeldurr, F|100/100
|move|p2a: KEKW|Spikes|p1a: Conkeldurr
|-sidestart|p1: berdaniel|Spikes
|
|-weather|Sandstorm|[upkeep]
|-damage|p1a: Conkeldurr|94/100|[from] Sandstorm
|upkeep
|turn|7
|inactive|anglemort33 has 120 seconds left.
|
|t:|1724004089
|move|p2a: KEKW|Brave Bird|p1a: Conkeldurr
|-supereffective|p1a: Conkeldurr
|-damage|p1a: Conkeldurr|29/100
|-damage|p2a: KEKW|76/100|[from] Recoil
|move|p1a: Conkeldurr|Thunder Punch|p2a: KEKW
|-supereffective|p2a: KEKW
|-damage|p2a: KEKW|16/100
|-damage|p1a: Conkeldurr|19/100|[from] item: Life Orb
|
|-weather|Sandstorm|[upkeep]
|-damage|p1a: Conkeldurr|13/100|[from] Sandstorm
|-heal|p2a: KEKW|22/100|[from] item: Leftovers
|upkeep
|turn|8
|inactive|anglemort33 has 120 seconds left.
|
|t:|1724004116
|move|p1a: Conkeldurr|Mach Punch|p2a: KEKW
|-damage|p2a: KEKW|0 fnt
|faint|p2a: KEKW
|-damage|p1a: Conkeldurr|3/100|[from] item: Life Orb
|
|-weather|Sandstorm|[upkeep]
|-damage|p1a: Conkeldurr|0 fnt|[from] Sandstorm
|faint|p1a: Conkeldurr
|upkeep
|
|t:|1724004143
|switch|p2a: ICANT|Gliscor, F|100/100
|switch|p1a: Latios|Latios, M|100/100
|-damage|p2a: ICANT|88/100|[from] Stealth Rock
|turn|9
|
|t:|1724004161
|switch|p2a: Bedge|Tyranitar, M|100/100
|-damage|p2a: Bedge|88/100|[from] Stealth Rock
|move|p1a: Latios|Dragon Pulse|p2a: Bedge
|-damage|p2a: Bedge|57/100
|
|-weather|Sandstorm|[upkeep]
|-damage|p1a: Latios|95/100|[from] Sandstorm
|upkeep
|turn|10
|
|t:|1724004173
|move|p1a: Latios|Dragon Pulse|p2a: Bedge
|-damage|p2a: Bedge|26/100
|move|p2a: Bedge|Pursuit|p1a: Latios
|-supereffective|p1a: Latios
|-damage|p1a: Latios|35/100
|
|-weather|Sandstorm|[upkeep]
|-damage|p1a: Latios|29/100|[from] Sandstorm
|upkeep
|turn|11
|inactive|anglemort33 has 90 seconds left.
|inactive|anglemort33 has 60 seconds left.
|
|t:|1724004227
|move|p1a: Latios|Dragon Pulse|p2a: Bedge
|-damage|p2a: Bedge|0 fnt
|faint|p2a: Bedge
|
|-weather|Sandstorm|[upkeep]
|-damage|p1a: Latios|23/100|[from] Sandstorm
|upkeep
|inactive|anglemort33 has 60 seconds left.
|
|t:|1724004239
|switch|p2a: ICANT|Gliscor, F|88/100
|-damage|p2a: ICANT|75/100|[from] Stealth Rock
|turn|12
|inactive|anglemort33 has 60 seconds left.
|
|t:|1724004253
|move|p1a: Latios|Dragon Pulse|p2a: ICANT
|-damage|p2a: ICANT|0 fnt
|faint|p2a: ICANT
|
|-weather|Sandstorm|[upkeep]
|-damage|p1a: Latios|17/100|[from] Sandstorm
|upkeep
|
|t:|1724004275
|switch|p2a: Starege|Alakazam, F|100/100
|turn|13
|
|t:|1724004284
|switch|p1a: Tentacruel|Tentacruel, M|100/100
|-damage|p1a: Tentacruel|88/100|[from] Spikes
|move|p2a: Starege|Psyshock|p1a: Tentacruel
|-supereffective|p1a: Tentacruel
|-damage|p1a: Tentacruel|0 fnt
|faint|p1a: Tentacruel
|
|-weather|Sandstorm|[upkeep]
|upkeep
|
|t:|1724004287
|switch|p1a: Landorus|Landorus-Therian, M|100/100
|-ability|p1a: Landorus|Intimidate|boost
|-unboost|p2a: Starege|atk|1
|turn|14
|inactive|anglemort33 has 30 seconds left.
|inactive|anglemort33 has 20 seconds left.
|inactive|anglemort33 has 15 seconds left.
|
|t:|1724004334
|move|p1a: Landorus|U-turn|p2a: Starege
|-supereffective|p2a: Starege
|-enditem|p2a: Starege|Focus Sash
|-damage|p2a: Starege|1/100
|inactive|anglemort33 has 20 seconds left this turn.
|
|t:|1724004347
|switch|p1a: Keldeo|Keldeo|88/100|[from] U-turn
|-damage|p1a: Keldeo|76/100|[from] Spikes
|move|p2a: Starege|Psyshock|p1a: Keldeo
|-supereffective|p1a: Keldeo
|-crit|p1a: Keldeo
|-damage|p1a: Keldeo|0 fnt
|faint|p1a: Keldeo
|
|-weather|Sandstorm|[upkeep]
|upkeep
|inactive|anglemort33 has 25 seconds left this turn.
|
|t:|1724004349
|switch|p1a: Landorus|Landorus-Therian, M|100/100
|-ability|p1a: Landorus|Intimidate|boost
|-unboost|p2a: Starege|atk|1
|turn|15
|inactive|anglemort33 has 30 seconds left.
|
|t:|1724004355
|switch|p2a: OkaygeBusiness|Jellicent, F|100/100
|-damage|p2a: OkaygeBusiness|88/100|[from] Stealth Rock
|move|p1a: Landorus|U-turn|p2a: OkaygeBusiness
|-resisted|p2a: OkaygeBusiness
|-damage|p2a: OkaygeBusiness|75/100
|
|t:|1724004357
|switch|p1a: Latios|Latios, M|17/100|[from] U-turn
|
|-weather|Sandstorm|[upkeep]
|-damage|p1a: Latios|11/100|[from] Sandstorm
|-damage|p2a: OkaygeBusiness|69/100|[from] Sandstorm
|-heal|p2a: OkaygeBusiness|75/100|[from] item: Leftovers
|upkeep
|turn|16
|inactive|anglemort33 has 30 seconds left.
|
|t:|1724004372
|move|p1a: Latios|Draco Meteor|p2a: OkaygeBusiness
|-damage|p2a: OkaygeBusiness|0 fnt
|-unboost|p1a: Latios|spa|2
|faint|p2a: OkaygeBusiness
|
|-weather|Sandstorm|[upkeep]
|-damage|p1a: Latios|5/100|[from] Sandstorm
|upkeep
|inactive|anglemort33 has 30 seconds left.
|
|t:|1724004383
|switch|p2a: Wokege|Latios, M|89/100
|-damage|p2a: Wokege|76/100|[from] Stealth Rock
|turn|17
|
|t:|1724004388
|move|p2a: Wokege|Surf|p1a: Latios
|-resisted|p1a: Latios
|-damage|p1a: Latios|0 fnt
|faint|p1a: Latios
|
|-weather|Sandstorm|[upkeep]
|-damage|p2a: Wokege|70/100|[from] Sandstorm
|upkeep
|
|t:|1724004390
|switch|p1a: Landorus|Landorus-Therian, M|100/100
|-ability|p1a: Landorus|Intimidate|boost
|-unboost|p2a: Wokege|atk|1
|turn|18
|inactive|anglemort33 has 30 seconds left.
|inactive|berdaniel has 120 seconds left.
|
|t:|1724004432
|move|p1a: Landorus|U-turn|p2a: Wokege
|-supereffective|p2a: Wokege
|-damage|p2a: Wokege|4/100
|move|p2a: Wokege|Draco Meteor|p1a: Landorus
|-damage|p1a: Landorus|6/100
|-unboost|p2a: Wokege|spa|2
|
|-weather|Sandstorm|[upkeep]
|-damage|p2a: Wokege|0 fnt|[from] Sandstorm
|faint|p2a: Wokege
|upkeep
|inactive|anglemort33 has 30 seconds left this turn.
|c|☆berdaniel|GG
|
|t:|1724004439
|switch|p2a: Starege|Alakazam, F|1/100
|turn|19
|c|☆berdaniel|axaxaxaxa
|
|t:|1724004442
|move|p1a: Landorus|U-turn|p2a: Starege
|-supereffective|p2a: Starege
|-damage|p2a: Starege|0 fnt
|faint|p2a: Starege
|
|win|berdaniel
|raw|berdaniel's rating: 1288 &rarr; <strong>1317</strong><br />(+29 for winning)
|raw|anglemort33's rating: 1337 &rarr; <strong>1314</strong><br />(-23 for losing)
|c|☆anglemort33|Ggs
|c|☆berdaniel|gg
|l|☆berdaniel
|player|p1|
