|j|☆daddy_days2
|j|☆yaksoo
|t:|1739651789
|gametype|singles
|player|p1|daddy_days2|hugh|1493
|player|p2|yaksoo|lucian|1373
|teamsize|p1|6
|teamsize|p2|6
|gen|5
|tier|[Gen 5] OU
|rated|
|rule|Species Clause: Limit one of each Pokémon
|rule|OHKO Clause: OHKO moves are banned
|rule|Moody Clause: Moody is banned
|rule|Evasion Items Clause: Evasion items are banned
|rule|Evasion Moves Clause: Evasion moves are banned
|rule|Endless Battle Clause: Forcing endless battles is banned
|rule|HP Percentage Mod: HP is shown in percentages
|rule|Evasion Abilities Clause: Evasion abilities are banned
|rule|Sleep Moves Clause: Sleep-inducing moves are banned
|rule|Swagger Clause: Swagger is banned
|rule|Baton Pass Stat Clause: No Baton Passer may have a way to boost its stats
|clearpoke
|poke|p1|Kyurem-Black|item
|poke|p1|Garchomp, M|item
|poke|p1|Conkeldurr, F|item
|poke|p1|Starmie|item
|poke|p1|Bisharp, M|item
|poke|p1|Scyther, M|item
|poke|p2|Keldeo|item
|poke|p2|Politoed, F|item
|poke|p2|Excadrill, M|item
|poke|p2|Conkeldurr, M|item
|poke|p2|Toxicroak, F|item
|poke|p2|Alakazam, F|item
|teampreview
|inactive|Battle timer is ON: inactive players will automatically lose when time's up. (requested by yaksoo)
|
|t:|1739651808
|start
|switch|p1a: Shrekster|Conkeldurr, F|100/100
|switch|p2a: Keldeo|Keldeo|100/100
|turn|1
|
|t:|1739651815
|switch|p1a: Starlight|Starmie|100/100
|move|p2a: Keldeo|Hydro Pump|p1a: Starlight|[miss]
|-miss|p2a: Keldeo|p1a: Starlight
|
|upkeep
|turn|2
|
|t:|1739651822
|switch|p2a: Excadrill|Excadrill, M|100/100
|-ability|p2a: Excadrill|Mold Breaker
|move|p1a: Starlight|Thunder Wave|p2a: Excadrill
|-immune|p2a: Excadrill
|
|upkeep
|turn|3
|inactive|yaksoo has 120 seconds left.
|
|t:|1739651866
|move|p1a: Starlight|Hydro Pump|p2a: Excadrill
|-supereffective|p2a: Excadrill
|-damage|p2a: Excadrill|28/100
|move|p2a: Excadrill|Earthquake|p1a: Starlight
|-damage|p1a: Starlight|48/100
|
|-heal|p1a: Starlight|54/100|[from] item: Leftovers
|-heal|p2a: Excadrill|34/100|[from] item: Leftovers
|upkeep
|turn|4
|
|t:|1739651881
|move|p2a: Excadrill|Protect|p2a: Excadrill
|-singleturn|p2a: Excadrill|Protect
|move|p1a: Starlight|Psyshock|p2a: Excadrill
|-activate|p2a: Excadrill|move: Protect
|
|-heal|p1a: Starlight|60/100|[from] item: Leftovers
|-heal|p2a: Excadrill|40/100|[from] item: Leftovers
|upkeep
|turn|5
|
|t:|1739651891
|switch|p1a: Adolf|Bisharp, M|100/100
|-item|p1a: Adolf|Air Balloon
|move|p2a: Excadrill|Earthquake|p1a: Adolf
|-immune|p1a: Adolf
|
|-heal|p2a: Excadrill|46/100|[from] item: Leftovers
|upkeep
|turn|6
|
|t:|1739651908
|move|p2a: Excadrill|Protect|p2a: Excadrill
|-singleturn|p2a: Excadrill|Protect
|move|p1a: Adolf|Night Slash|p2a: Excadrill
|-activate|p2a: Excadrill|move: Protect
|
|-heal|p2a: Excadrill|52/100|[from] item: Leftovers
|upkeep
|turn|7
|
|t:|1739651917
|move|p2a: Excadrill|Rapid Spin|p1a: Adolf
|-resisted|p1a: Adolf
|-crit|p1a: Adolf
|-damage|p1a: Adolf|94/100
|-enditem|p1a: Adolf|Air Balloon
|move|p1a: Adolf|Pursuit|p2a: Excadrill
|-resisted|p2a: Excadrill
|-damage|p2a: Excadrill|37/100
|
|-heal|p2a: Excadrill|43/100|[from] item: Leftovers
|upkeep
|turn|8
|
|t:|1739651935
|switch|p1a: Blade|Scyther, M|100/100
|move|p2a: Excadrill|Toxic|p1a: Blade
|-status|p1a: Blade|tox
|
|-heal|p2a: Excadrill|49/100|[from] item: Leftovers
|-damage|p1a: Blade|94/100 tox|[from] psn
|upkeep
|turn|9
|
|t:|1739651945
|switch|p1a: Shrekster|Conkeldurr, F|100/100
|move|p2a: Excadrill|Protect||[still]
|-fail|p2a: Excadrill
|
|-heal|p2a: Excadrill|55/100|[from] item: Leftovers
|upkeep
|turn|10
|
|t:|1739651953
|move|p2a: Excadrill|Protect|p2a: Excadrill
|-singleturn|p2a: Excadrill|Protect
|move|p1a: Shrekster|Drain Punch|p2a: Excadrill
|-activate|p2a: Excadrill|move: Protect
|
|-heal|p2a: Excadrill|61/100|[from] item: Leftovers
|upkeep
|turn|11
|
|t:|1739651961
|switch|p2a: Politoed|Politoed, F|100/100
|-weather|RainDance|[from] ability: Drizzle|[of] p2a: Politoed
|move|p1a: Shrekster|Drain Punch|p2a: Politoed
|-damage|p2a: Politoed|25/100
|
|-weather|RainDance|[upkeep]
|upkeep
|turn|12
|
|t:|1739651980
|switch|p2a: Toxicroak|Toxicroak, F|100/100
|-item|p2a: Toxicroak|Air Balloon
|move|p1a: Shrekster|Mach Punch|p2a: Toxicroak
|-resisted|p2a: Toxicroak
|-crit|p2a: Toxicroak
|-damage|p2a: Toxicroak|55/100
|-enditem|p2a: Toxicroak|Air Balloon
|
|-weather|RainDance|[upkeep]
|-heal|p2a: Toxicroak|68/100|[from] ability: Dry Skin
|upkeep
|turn|13
|
|t:|1739651992
|switch|p1a: Painkiller|Garchomp, M|100/100
|move|p2a: Toxicroak|Drain Punch|p1a: Painkiller
|-damage|p1a: Painkiller|78/100
|-heal|p2a: Toxicroak|83/100|[from] drain|[of] p1a: Painkiller
|-damage|p2a: Toxicroak|71/100|[from] ability: Rough Skin|[of] p1a: Painkiller
|-damage|p2a: Toxicroak|54/100|[from] item: Rocky Helmet|[of] p1a: Painkiller
|
|-weather|RainDance|[upkeep]
|-heal|p2a: Toxicroak|66/100|[from] ability: Dry Skin
|upkeep
|turn|14
|
|t:|1739652004
|move|p2a: Toxicroak|Ice Punch|p1a: Painkiller
|-supereffective|p1a: Painkiller
|-damage|p1a: Painkiller|19/100
|-damage|p2a: Toxicroak|54/100|[from] ability: Rough Skin|[of] p1a: Painkiller
|-damage|p2a: Toxicroak|37/100|[from] item: Rocky Helmet|[of] p1a: Painkiller
|move|p1a: Painkiller|Earthquake|p2a: Toxicroak
|-supereffective|p2a: Toxicroak
|-crit|p2a: Toxicroak
|-damage|p2a: Toxicroak|0 fnt
|faint|p2a: Toxicroak
|
|-weather|RainDance|[upkeep]
|upkeep
|
|t:|1739652022
|switch|p2a: Keldeo|Keldeo|100/100
|turn|15
|
|t:|1739652028
|switch|p1a: Starlight|Starmie|60/100
|move|p2a: Keldeo|Scald|p1a: Starlight
|-resisted|p1a: Starlight
|-damage|p1a: Starlight|6/100
|
|-weather|RainDance|[upkeep]
|-heal|p1a: Starlight|12/100|[from] item: Leftovers
|upkeep
|turn|16
|
|t:|1739652052
|switch|p2a: Politoed|Politoed, F|25/100
|move|p1a: Starlight|Thunder Wave|p2a: Politoed
|-status|p2a: Politoed|par
|
|-weather|RainDance|[upkeep]
|-heal|p1a: Starlight|18/100|[from] item: Leftovers
|upkeep
|turn|17
|
|t:|1739652062
|move|p1a: Starlight|Psyshock|p2a: Politoed
|-damage|p2a: Politoed|0 fnt
|faint|p2a: Politoed
|
|-weather|RainDance|[upkeep]
|-heal|p1a: Starlight|25/100|[from] item: Leftovers
|upkeep
|
|t:|1739652067
|switch|p2a: Excadrill|Excadrill, M|61/100
|-ability|p2a: Excadrill|Mold Breaker
|turn|18
|
|t:|1739652074
|move|p2a: Excadrill|Protect|p2a: Excadrill
|-singleturn|p2a: Excadrill|Protect
|move|p1a: Starlight|Hydro Pump|p2a: Excadrill
|-activate|p2a: Excadrill|move: Protect
|
|-weather|RainDance|[upkeep]
|-heal|p1a: Starlight|31/100|[from] item: Leftovers
|-heal|p2a: Excadrill|67/100|[from] item: Leftovers
|upkeep
|turn|19
|
|t:|1739652084
|move|p1a: Starlight|Hydro Pump|p2a: Excadrill
|-supereffective|p2a: Excadrill
|-damage|p2a: Excadrill|0 fnt
|faint|p2a: Excadrill
|
|-weather|RainDance|[upkeep]
|-heal|p1a: Starlight|37/100|[from] item: Leftovers
|upkeep
|inactive|yaksoo has 120 seconds left.
|
|t:|1739652127
|switch|p2a: Alakazam|Alakazam, F|100/100
|turn|20
|
|t:|1739652131
|switch|p1a: Adolf|Bisharp, M|94/100
|move|p2a: Alakazam|Focus Blast|p1a: Adolf
|-supereffective|p1a: Adolf
|-damage|p1a: Adolf|0 fnt
|faint|p1a: Adolf
|
|-weather|RainDance|[upkeep]
|upkeep
|
|t:|1739652144
|switch|p1a: Blade|Scyther, M|94/100 tox
|turn|21
|
|t:|1739652149
|move|p1a: Blade|Pursuit|p2a: Alakazam
|-supereffective|p2a: Alakazam
|-crit|p2a: Alakazam
|-enditem|p2a: Alakazam|Focus Sash
|-damage|p2a: Alakazam|1/100
|move|p2a: Alakazam|Hidden Power|p1a: Blade
|-supereffective|p1a: Blade
|-damage|p1a: Blade|27/100 tox
|
|-weather|RainDance|[upkeep]
|-damage|p1a: Blade|21/100 tox|[from] psn
|upkeep
|turn|22
|
|t:|1739652160
|move|p1a: Blade|Pursuit|p2a: Alakazam
|-supereffective|p2a: Alakazam
|-damage|p2a: Alakazam|0 fnt
|faint|p2a: Alakazam
|
|-weather|RainDance|[upkeep]
|-damage|p1a: Blade|9/100 tox|[from] psn
|upkeep
|
|t:|1739652165
|switch|p2a: Conkeldurr|Conkeldurr, M|100/100
|turn|23
|
|t:|1739652172
|switch|p1a: Starlight|Starmie|37/100
|move|p2a: Conkeldurr|Mach Punch|p1a: Starlight
|-resisted|p1a: Starlight
|-damage|p1a: Starlight|19/100
|-damage|p2a: Conkeldurr|91/100|[from] item: Life Orb
|
|-weather|RainDance|[upkeep]
|-heal|p1a: Starlight|25/100|[from] item: Leftovers
|upkeep
|turn|24
|
|t:|1739652184
|move|p1a: Starlight|Hydro Pump|p2a: Conkeldurr|[miss]
|-miss|p1a: Starlight|p2a: Conkeldurr
|move|p2a: Conkeldurr|Thunder Punch|p1a: Starlight
|-supereffective|p1a: Starlight
|-damage|p1a: Starlight|0 fnt
|faint|p1a: Starlight
|
|-weather|RainDance|[upkeep]
|upkeep
|
|t:|1739652198
|switch|p1a: Insane Dwayne|Kyurem-Black|100/100
|-ability|p1a: Insane Dwayne|Teravolt
|turn|25
|
|t:|1739652217
|move|p1a: Insane Dwayne|Outrage|p2a: Conkeldurr
|-damage|p2a: Conkeldurr|0 fnt
|faint|p2a: Conkeldurr
|
|-weather|RainDance|[upkeep]
|upkeep
|
|t:|1739652226
|switch|p2a: Keldeo|Keldeo|100/100
|turn|26
|
|t:|1739652229
|move|p2a: Keldeo|Secret Sword|p1a: Insane Dwayne
|-supereffective|p1a: Insane Dwayne
|-damage|p1a: Insane Dwayne|0 fnt
|faint|p1a: Insane Dwayne
|
|-weather|RainDance|[upkeep]
|upkeep
|
|t:|1739652236
|switch|p1a: Blade|Scyther, M|9/100 tox
|turn|27
|
|t:|1739652239
|move|p1a: Blade|Aerial Ace|p2a: Keldeo
|-supereffective|p2a: Keldeo
|-damage|p2a: Keldeo|2/100
|move|p2a: Keldeo|Secret Sword|p1a: Blade
|-resisted|p1a: Blade
|-damage|p1a: Blade|0 fnt
|faint|p1a: Blade
|
|-weather|RainDance|[upkeep]
|upkeep
|c|☆yaksoo|gg
|
|t:|1739652250
|switch|p1a: Shrekster|Conkeldurr, F|100/100
|turn|28
|
|t:|1739652253
|move|p1a: Shrekster|Mach Punch|p2a: Keldeo
|-damage|p2a: Keldeo|0 fnt
|faint|p2a: Keldeo
|
|win|daddy_days2
|raw|daddy_days2's rating: 1493 &rarr; <strong>1506</strong><br />(+13 for winning)
|raw|yaksoo's rating: 1373 &rarr; <strong>1360</strong><br />(-13 for losing)
