|j|☆sweet six six six
|j|☆steamrat
|t:|1746475135
|gametype|singles
|player|p1|sweet six six six|leaf-masters|1306
|player|p2|steamrat|rood|1408
|teamsize|p1|6
|teamsize|p2|6
|gen|5
|tier|[Gen 5] OU
|rated|
|rule|Species Clause: Limit one of each Pokémon
|rule|OHKO Clause: OHKO moves are banned
|rule|Moody Clause: Moody is banned
|rule|Evasion Items Clause: Evasion items are banned
|rule|Evasion Moves Clause: Evasion moves are banned
|rule|Endless Battle Clause: Forcing endless battles is banned
|rule|HP Percentage Mod: HP is shown in percentages
|rule|Evasion Abilities Clause: Evasion abilities are banned
|rule|Sleep Moves Clause: Sleep-inducing moves are banned
|rule|Swagger Clause: Swagger is banned
|rule|Baton Pass Stat Clause: No Baton Passer may have a way to boost its stats
|clearpoke
|poke|p1|Tyranitar, M|item
|poke|p1|Alakazam, F|item
|poke|p1|Latios, M|item
|poke|p1|Ferrothorn, M|item
|poke|p1|Keldeo|item
|poke|p1|Landorus-Therian, M|item
|poke|p2|Tyranitar, F|item
|poke|p2|Rotom-Wash|item
|poke|p2|Latios, M|item
|poke|p2|Ferrothorn, M|item
|poke|p2|Alakazam, F|item
|poke|p2|Landorus-Therian, M|item
|teampreview
|inactive|Battle timer is ON: inactive players will automatically lose when time's up. (requested by sweet six six six)
|
|t:|1746475152
|start
|switch|p1a: Keldeo|Keldeo|100/100
|switch|p2a: Rotom|Rotom-Wash|100/100
|turn|1
|
|t:|1746475159
|switch|p1a: Ferrothorn|Ferrothorn, M|100/100
|move|p2a: Rotom|Hydro Pump|p1a: Ferrothorn
|-resisted|p1a: Ferrothorn
|-damage|p1a: Ferrothorn|83/100
|
|upkeep
|turn|2
|
|t:|1746475168
|switch|p2a: Landorus|Landorus-Therian, M|100/100
|-ability|p2a: Landorus|Intimidate|boost
|-unboost|p1a: Ferrothorn|atk|1
|move|p1a: Ferrothorn|Spikes|p2a: Landorus
|-sidestart|p2: steamrat|Spikes
|
|upkeep
|turn|3
|
|t:|1746475189
|switch|p1a: Landorus|Landorus-Therian, M|100/100
|-ability|p1a: Landorus|Intimidate|boost
|-unboost|p2a: Landorus|atk|1
|move|p2a: Landorus|Stealth Rock|p1a: Landorus
|-sidestart|p1: sweet six six six|move: Stealth Rock
|
|upkeep
|turn|4
|
|t:|1746475194
|move|p2a: Landorus|Hidden Power|p1a: Landorus
|-supereffective|p1a: Landorus
|-crit|p1a: Landorus
|-damage|p1a: Landorus|0 fnt
|faint|p1a: Landorus
|
|upkeep
|c|☆steamrat|my b
|
|t:|1746475198
|switch|p1a: Keldeo|Keldeo|100/100
|-damage|p1a: Keldeo|94/100|[from] Stealth Rock
|turn|5
|
|t:|1746475202
|switch|p2a: Latios|Latios, M|100/100
|move|p1a: Keldeo|Calm Mind|p1a: Keldeo
|-boost|p1a: Keldeo|spa|1
|-boost|p1a: Keldeo|spd|1
|
|-heal|p1a: Keldeo|100/100|[from] item: Leftovers
|upkeep
|turn|6
|
|t:|1746475206
|switch|p2a: Rotom|Rotom-Wash|100/100
|move|p1a: Keldeo|Hidden Power|p2a: Rotom
|-damage|p2a: Rotom|49/100
|
|upkeep
|turn|7
|
|t:|1746475208
|move|p2a: Rotom|Trick|p1a: Keldeo
|-activate|p2a: Rotom|move: Trick|[of] p1a: Keldeo
|-item|p1a: Keldeo|Choice Scarf|[from] move: Trick
|-item|p2a: Rotom|Leftovers|[from] move: Trick
|move|p1a: Keldeo|Hidden Power|p2a: Rotom
|-damage|p2a: Rotom|1/100
|
|-heal|p2a: Rotom|7/100|[from] item: Leftovers
|upkeep
|turn|8
|
|t:|1746475218
|switch|p2a: Ferrothorn|Ferrothorn, M|100/100
|-damage|p2a: Ferrothorn|88/100|[from] Spikes
|move|p1a: Keldeo|Hidden Power|p2a: Ferrothorn
|-resisted|p2a: Ferrothorn
|-damage|p2a: Ferrothorn|74/100
|
|-heal|p2a: Ferrothorn|80/100|[from] item: Leftovers
|upkeep
|turn|9
|
|t:|1746475233
|switch|p1a: Ferrothorn|Ferrothorn, M|83/100
|-damage|p1a: Ferrothorn|77/100|[from] Stealth Rock
|move|p2a: Ferrothorn|Thunder Wave|p1a: Ferrothorn
|-status|p1a: Ferrothorn|par
|-enditem|p1a: Ferrothorn|Lum Berry|[eat]
|-curestatus|p1a: Ferrothorn|par|[msg]
|
|-heal|p2a: Ferrothorn|86/100|[from] item: Leftovers
|upkeep
|turn|10
|
|t:|1746475239
|move|p2a: Ferrothorn|Spikes|p1a: Ferrothorn
|-sidestart|p1: sweet six six six|Spikes
|move|p1a: Ferrothorn|Knock Off|p2a: Ferrothorn
|-resisted|p2a: Ferrothorn
|-damage|p2a: Ferrothorn|85/100
|-damage|p1a: Ferrothorn|64/100|[from] ability: Iron Barbs|[of] p2a: Ferrothorn
|-enditem|p2a: Ferrothorn|Leftovers|[from] move: Knock Off|[of] p1a: Ferrothorn
|
|upkeep
|turn|11
|
|t:|1746475242
|move|p2a: Ferrothorn|Spikes|p1a: Ferrothorn
|-sidestart|p1: sweet six six six|Spikes
|move|p1a: Ferrothorn|Spikes|p2a: Ferrothorn
|-sidestart|p2: steamrat|Spikes
|
|upkeep
|turn|12
|
|t:|1746475243
|move|p2a: Ferrothorn|Spikes|p1a: Ferrothorn
|-sidestart|p1: sweet six six six|Spikes
|move|p1a: Ferrothorn|Spikes|p2a: Ferrothorn
|-sidestart|p2: steamrat|Spikes
|
|upkeep
|turn|13
|
|t:|1746475249
|move|p2a: Ferrothorn|Thunder Wave|p1a: Ferrothorn
|-status|p1a: Ferrothorn|par
|move|p1a: Ferrothorn|Power Whip|p2a: Ferrothorn|[miss]
|-miss|p1a: Ferrothorn|p2a: Ferrothorn
|
|upkeep
|turn|14
|
|t:|1746475254
|switch|p2a: Landorus|Landorus-Therian, M|100/100
|-ability|p2a: Landorus|Intimidate|boost
|-unboost|p1a: Ferrothorn|atk|1
|cant|p1a: Ferrothorn|par
|
|upkeep
|turn|15
|inactive|steamrat has 120 seconds left.
|
|t:|1746475292
|move|p2a: Landorus|Earthquake|p1a: Ferrothorn
|-damage|p1a: Ferrothorn|34/100 par
|move|p1a: Ferrothorn|Knock Off|p2a: Landorus
|-damage|p2a: Landorus|97/100
|-enditem|p2a: Landorus|Leftovers|[from] move: Knock Off|[of] p1a: Ferrothorn
|
|upkeep
|turn|16
|
|t:|1746475301
|move|p2a: Landorus|Hidden Power|p1a: Ferrothorn
|-damage|p1a: Ferrothorn|22/100 par
|move|p1a: Ferrothorn|Power Whip|p2a: Landorus
|-crit|p2a: Landorus
|-damage|p2a: Landorus|23/100
|
|upkeep
|turn|17
|
|t:|1746475306
|move|p2a: Landorus|Earthquake|p1a: Ferrothorn
|-crit|p1a: Ferrothorn
|-damage|p1a: Ferrothorn|0 fnt
|faint|p1a: Ferrothorn
|
|upkeep
|
|t:|1746475323
|switch|p1a: Keldeo|Keldeo|100/100
|-damage|p1a: Keldeo|94/100|[from] Stealth Rock
|-damage|p1a: Keldeo|70/100|[from] Spikes
|turn|18
|
|t:|1746475329
|switch|p2a: Latios|Latios, M|100/100
|move|p1a: Keldeo|Scald|p2a: Latios
|-resisted|p2a: Latios
|-damage|p2a: Latios|77/100
|
|upkeep
|turn|19
|
|t:|1746475333
|move|p1a: Keldeo|Scald|p2a: Latios
|-resisted|p2a: Latios
|-damage|p2a: Latios|56/100
|move|p2a: Latios|Surf|p1a: Keldeo
|-resisted|p1a: Keldeo
|-damage|p1a: Keldeo|51/100
|
|upkeep
|turn|20
|
|t:|1746475336
|move|p1a: Keldeo|Scald|p2a: Latios
|-resisted|p2a: Latios
|-damage|p2a: Latios|36/100
|-status|p2a: Latios|brn
|move|p2a: Latios|Recover|p2a: Latios
|-heal|p2a: Latios|86/100 brn
|
|-damage|p2a: Latios|74/100 brn|[from] brn
|upkeep
|turn|21
|
|t:|1746475345
|move|p1a: Keldeo|Scald|p2a: Latios
|-resisted|p2a: Latios
|-damage|p2a: Latios|50/100 brn
|move|p2a: Latios|Psycho Shift|p1a: Keldeo
|-status|p1a: Keldeo|brn
|-curestatus|p2a: Latios|brn|[msg]
|
|-damage|p1a: Keldeo|39/100 brn|[from] brn
|upkeep
|turn|22
|
|t:|1746475351
|switch|p1a: Tyranitar|Tyranitar, M|100/100
|-damage|p1a: Tyranitar|88/100|[from] Stealth Rock
|-damage|p1a: Tyranitar|63/100|[from] Spikes
|-weather|Sandstorm|[from] ability: Sand Stream|[of] p1a: Tyranitar
|move|p2a: Latios|Recover|p2a: Latios
|-heal|p2a: Latios|100/100
|
|-weather|Sandstorm|[upkeep]
|-damage|p2a: Latios|95/100|[from] Sandstorm
|upkeep
|turn|23
|
|t:|1746475361
|-activate|p2a: Latios|move: Pursuit
|move|p1a: Tyranitar|Pursuit|p2a: Latios|[from] Pursuit
|-supereffective|p2a: Latios
|-enditem|p2a: Latios|Colbur Berry|[eat]
|-enditem|p2a: Latios|Colbur Berry|[weaken]
|-damage|p2a: Latios|44/100
|switch|p2a: Landorus|Landorus-Therian, M|23/100
|-ability|p2a: Landorus|Intimidate|boost
|-unboost|p1a: Tyranitar|atk|1
|
|-weather|Sandstorm|[upkeep]
|upkeep
|turn|24
|
|t:|1746475368
|switch|p1a: Keldeo|Keldeo|39/100 brn
|-damage|p1a: Keldeo|32/100 brn|[from] Stealth Rock
|-damage|p1a: Keldeo|8/100 brn|[from] Spikes
|move|p2a: Landorus|U-turn|p1a: Keldeo
|-resisted|p1a: Keldeo
|-damage|p1a: Keldeo|0 fnt
|faint|p1a: Keldeo
|
|t:|1746475370
|switch|p2a: Rotom|Rotom-Wash|7/100|[from] U-turn
|
|-weather|Sandstorm|[upkeep]
|-damage|p2a: Rotom|1/100|[from] Sandstorm
|-heal|p2a: Rotom|7/100|[from] item: Leftovers
|upkeep
|
|t:|1746475383
|switch|p1a: Latios|Latios, M|100/100
|-damage|p1a: Latios|88/100|[from] Stealth Rock
|turn|25
|
|t:|1746475403
|move|p1a: Latios|Surf|p2a: Rotom
|-resisted|p2a: Rotom
|-damage|p2a: Rotom|0 fnt
|faint|p2a: Rotom
|
|-weather|Sandstorm|[upkeep]
|-damage|p1a: Latios|82/100|[from] Sandstorm
|upkeep
|
|t:|1746475409
|switch|p2a: Ferrothorn|Ferrothorn, M|85/100
|-damage|p2a: Ferrothorn|60/100|[from] Spikes
|turn|26
|
|t:|1746475413
|switch|p1a: Tyranitar|Tyranitar, M|63/100
|-damage|p1a: Tyranitar|51/100|[from] Stealth Rock
|-damage|p1a: Tyranitar|26/100|[from] Spikes
|move|p2a: Ferrothorn|Thunder Wave|p1a: Tyranitar
|-status|p1a: Tyranitar|par
|
|-weather|Sandstorm|[upkeep]
|upkeep
|turn|27
|
|t:|1746475416
|move|p2a: Ferrothorn|Power Whip|p1a: Tyranitar
|-supereffective|p1a: Tyranitar
|-damage|p1a: Tyranitar|0 fnt
|faint|p1a: Tyranitar
|
|-weather|Sandstorm|[upkeep]
|upkeep
|
|t:|1746475420
|switch|p1a: Alakazam|Alakazam, F|100/100
|turn|28
|
|t:|1746475421
|move|p1a: Alakazam|Hidden Power|p2a: Ferrothorn
|-supereffective|p2a: Ferrothorn
|-damage|p2a: Ferrothorn|0 fnt
|faint|p2a: Ferrothorn
|
|-weather|Sandstorm|[upkeep]
|upkeep
|
|t:|1746475425
|switch|p2a: Tyranitar|Tyranitar, F|100/100
|-damage|p2a: Tyranitar|76/100|[from] Spikes
|turn|29
|
|t:|1746475428
|move|p1a: Alakazam|Grass Knot|p2a: Tyranitar
|-supereffective|p2a: Tyranitar
|-damage|p2a: Tyranitar|33/100
|move|p2a: Tyranitar|Pursuit|p1a: Alakazam
|-supereffective|p1a: Alakazam
|-damage|p1a: Alakazam|26/100
|
|-weather|Sandstorm|[upkeep]
|upkeep
|turn|30
|
|t:|1746475432
|move|p1a: Alakazam|Grass Knot|p2a: Tyranitar
|-supereffective|p2a: Tyranitar
|-damage|p2a: Tyranitar|0 fnt
|faint|p2a: Tyranitar
|
|-weather|Sandstorm|[upkeep]
|upkeep
|
|t:|1746475436
|switch|p2a: Alakazam|Alakazam, F|100/100
|turn|31
|
|t:|1746475439
|switch|p1a: Latios|Latios, M|82/100
|-damage|p1a: Latios|70/100|[from] Stealth Rock
|move|p2a: Alakazam|Shadow Ball|p1a: Latios
|-supereffective|p1a: Latios
|-crit|p1a: Latios
|-damage|p1a: Latios|0 fnt
|faint|p1a: Latios
|
|-weather|Sandstorm|[upkeep]
|upkeep
|
|t:|1746475441
|switch|p1a: Alakazam|Alakazam, F|26/100
|turn|32
|
|t:|1746475442
|move|p1a: Alakazam|Shadow Ball|p2a: Alakazam
|-supereffective|p2a: Alakazam
|-damage|p2a: Alakazam|0 fnt
|faint|p2a: Alakazam
|
|-weather|Sandstorm|[upkeep]
|upkeep
|
|t:|1746475445
|switch|p2a: Latios|Latios, M|44/100
|turn|33
|
|t:|1746475447
|move|p1a: Alakazam|Shadow Ball|p2a: Latios
|-supereffective|p2a: Latios
|-damage|p2a: Latios|0 fnt
|faint|p2a: Latios
|
|-weather|Sandstorm|[upkeep]
|upkeep
|-message|steamrat forfeited.
|
|win|sweet six six six
|raw|sweet six six six's rating: 1313 &rarr; <strong>1338</strong><br />(+25 for winning)
|raw|steamrat's rating: 1408 &rarr; <strong>1383</strong><br />(-25 for losing)
|l|☆steamrat
|player|p2|
