|j|☆cdrgcde
|j|☆xurkiyee
|t:|1743793133
|gametype|singles
|player|p1|cdrgcde|dawn|1376
|player|p2|xurkiyee|waiter-gen4|1507
|teamsize|p1|6
|teamsize|p2|6
|gen|5
|tier|[Gen 5] OU
|rated|
|rule|Species Clause: Limit one of each Pokémon
|rule|OHKO Clause: OHKO moves are banned
|rule|Moody Clause: Moody is banned
|rule|Evasion Items Clause: Evasion items are banned
|rule|Evasion Moves Clause: Evasion moves are banned
|rule|Endless Battle Clause: Forcing endless battles is banned
|rule|HP Percentage Mod: HP is shown in percentages
|rule|Evasion Abilities Clause: Evasion abilities are banned
|rule|Sleep Moves Clause: Sleep-inducing moves are banned
|rule|Swagger Clause: Swagger is banned
|rule|Baton Pass Stat Clause: No Baton Passer may have a way to boost its stats
|clearpoke
|poke|p1|Hippowdon, F|item
|poke|p1|Skarmory, M|item
|poke|p1|Clefable, F|item
|poke|p1|Starmie|item
|poke|p1|Gliscor, F|item
|poke|p1|Jirachi|item
|poke|p2|Conkeldurr, M|item
|poke|p2|Jirachi|item
|poke|p2|Reuniclus, M|item
|poke|p2|Terrakion|item
|poke|p2|Dragonite, M|item
|poke|p2|Starmie|item
|teampreview
|inactive|Battle timer is ON: inactive players will automatically lose when time's up. (requested by cdrgcde)
|
|t:|1743793144
|start
|switch|p1a: Hippowdon|Hippowdon, F|100/100
|switch|p2a: Terrakion|Terrakion|100/100
|-weather|Sandstorm|[from] ability: Sand Stream|[of] p1a: Hippowdon
|turn|1
|
|t:|1743793147
|move|p2a: Terrakion|Taunt|p1a: Hippowdon
|-start|p1a: Hippowdon|move: Taunt
|move|p1a: Hippowdon|Earthquake|p2a: Terrakion
|-supereffective|p2a: Terrakion
|-damage|p2a: Terrakion|11/100
|
|-weather|Sandstorm|[upkeep]
|upkeep
|turn|2
|
|t:|1743793149
|move|p2a: Terrakion|Stealth Rock|p1a: Hippowdon
|-sidestart|p1: cdrgcde|move: Stealth Rock
|move|p1a: Hippowdon|Earthquake|p2a: Terrakion
|-supereffective|p2a: Terrakion
|-damage|p2a: Terrakion|0 fnt
|faint|p2a: Terrakion
|
|-weather|Sandstorm|[upkeep]
|upkeep
|
|t:|1743793159
|switch|p2a: Starmie|Starmie|100/100
|-item|p2a: Starmie|Air Balloon
|turn|3
|
|t:|1743793164
|switch|p1a: Clefable|Clefable, F|100/100
|move|p2a: Starmie|Hydro Pump|p1a: Clefable
|-damage|p1a: Clefable|65/100
|
|-weather|Sandstorm|[upkeep]
|-damage|p2a: Starmie|94/100|[from] Sandstorm
|-heal|p1a: Clefable|71/100|[from] item: Leftovers
|upkeep
|turn|4
|
|t:|1743793173
|switch|p2a: Conkeldurr|Conkeldurr, M|100/100
|move|p1a: Clefable|Stealth Rock|p2a: Conkeldurr
|-sidestart|p2: xurkiyee|move: Stealth Rock
|
|-weather|Sandstorm|[upkeep]
|-damage|p2a: Conkeldurr|94/100|[from] Sandstorm
|-heal|p1a: Clefable|77/100|[from] item: Leftovers
|upkeep
|turn|5
|
|t:|1743793179
|switch|p1a: Skarmory|Skarmory, M|100/100
|-damage|p1a: Skarmory|88/100|[from] Stealth Rock
|move|p2a: Conkeldurr|Drain Punch|p1a: Skarmory
|-damage|p1a: Skarmory|55/100
|-heal|p2a: Conkeldurr|100/100|[from] drain|[of] p1a: Skarmory
|-damage|p2a: Conkeldurr|91/100|[from] item: Life Orb
|
|-weather|Sandstorm|[upkeep]
|-damage|p2a: Conkeldurr|84/100|[from] Sandstorm
|-heal|p1a: Skarmory|61/100|[from] item: Leftovers
|upkeep
|turn|6
|
|t:|1743793193
|move|p2a: Conkeldurr|Thunder Punch|p1a: Skarmory
|-supereffective|p1a: Skarmory
|-damage|p1a: Skarmory|0 fnt
|faint|p1a: Skarmory
|
|-weather|Sandstorm|[upkeep]
|-damage|p2a: Conkeldurr|78/100|[from] Sandstorm
|upkeep
|
|t:|1743793197
|switch|p1a: Starmie|Starmie|100/100
|-damage|p1a: Starmie|88/100|[from] Stealth Rock
|turn|7
|
|t:|1743793201
|move|p1a: Starmie|Rapid Spin|p2a: Conkeldurr
|-damage|p2a: Conkeldurr|76/100
|-sideend|p1: cdrgcde|Stealth Rock|[from] move: Rapid Spin|[of] p1a: Starmie
|move|p2a: Conkeldurr|Thunder Punch|p1a: Starmie
|-supereffective|p1a: Starmie
|-damage|p1a: Starmie|0 fnt
|faint|p1a: Starmie
|
|-weather|Sandstorm|[upkeep]
|-damage|p2a: Conkeldurr|70/100|[from] Sandstorm
|upkeep
|
|t:|1743793205
|switch|p1a: Gliscor|Gliscor, F|100/100
|turn|8
|
|t:|1743793207
|move|p1a: Gliscor|Protect|p1a: Gliscor
|-singleturn|p1a: Gliscor|Protect
|move|p2a: Conkeldurr|Ice Punch|p1a: Gliscor
|-activate|p1a: Gliscor|move: Protect
|
|-weather|Sandstorm|[upkeep]
|-damage|p2a: Conkeldurr|64/100|[from] Sandstorm
|-status|p1a: Gliscor|tox|[from] item: Toxic Orb
|upkeep
|turn|9
|
|t:|1743793211
|switch|p1a: Jirachi|Jirachi|100/100
|move|p2a: Conkeldurr|Ice Punch|p1a: Jirachi
|-resisted|p1a: Jirachi
|-damage|p1a: Jirachi|79/100
|
|-weather|Sandstorm|[upkeep]
|-damage|p2a: Conkeldurr|58/100|[from] Sandstorm
|-heal|p1a: Jirachi|85/100|[from] item: Leftovers
|upkeep
|turn|10
|
|t:|1743793221
|switch|p2a: Jirachi|Jirachi|100/100
|-damage|p2a: Jirachi|94/100|[from] Stealth Rock
|move|p1a: Jirachi|Iron Head|p2a: Jirachi
|-resisted|p2a: Jirachi
|-damage|p2a: Jirachi|81/100
|
|-weather|Sandstorm|[upkeep]
|-heal|p1a: Jirachi|91/100|[from] item: Leftovers
|upkeep
|turn|11
|
|t:|1743793226
|move|p1a: Jirachi|Protect|p1a: Jirachi
|-singleturn|p1a: Jirachi|Protect
|move|p2a: Jirachi|U-turn|p1a: Jirachi
|-activate|p1a: Jirachi|move: Protect
|
|-weather|Sandstorm|[upkeep]
|-heal|p1a: Jirachi|98/100|[from] item: Leftovers
|upkeep
|turn|12
|
|t:|1743793229
|move|p2a: Jirachi|U-turn|p1a: Jirachi
|-damage|p1a: Jirachi|81/100
|
|t:|1743793232
|switch|p2a: Starmie|Starmie|94/100|[from] U-turn
|-damage|p2a: Starmie|82/100|[from] Stealth Rock
|-item|p2a: Starmie|Air Balloon
|move|p1a: Jirachi|Body Slam|p2a: Starmie
|-damage|p2a: Starmie|50/100
|-status|p2a: Starmie|par
|-enditem|p2a: Starmie|Air Balloon
|
|-weather|Sandstorm|[upkeep]
|-damage|p2a: Starmie|43/100 par|[from] Sandstorm
|-heal|p1a: Jirachi|87/100|[from] item: Leftovers
|upkeep
|turn|13
|
|t:|1743793236
|move|p1a: Jirachi|Iron Head|p2a: Starmie
|-resisted|p2a: Starmie
|-damage|p2a: Starmie|22/100 par
|cant|p2a: Starmie|flinch
|
|-weather|Sandstorm|[upkeep]
|-damage|p2a: Starmie|15/100 par|[from] Sandstorm
|-heal|p1a: Jirachi|94/100|[from] item: Leftovers
|upkeep
|turn|14
|
|t:|1743793239
|move|p1a: Jirachi|Iron Head|p2a: Starmie
|-resisted|p2a: Starmie
|-damage|p2a: Starmie|0 fnt
|faint|p2a: Starmie
|
|-weather|Sandstorm|[upkeep]
|-heal|p1a: Jirachi|99/100|[from] item: Leftovers
|upkeep
|
|t:|1743793245
|switch|p2a: Dragonite|Dragonite, M|100/100
|-damage|p2a: Dragonite|76/100|[from] Stealth Rock
|turn|15
|
|t:|1743793255
|switch|p1a: Gliscor|Gliscor, F|100/100 tox
|move|p2a: Dragonite|Dragon Dance|p2a: Dragonite
|-boost|p2a: Dragonite|atk|1
|-boost|p2a: Dragonite|spe|1
|
|-weather|Sandstorm|[upkeep]
|-damage|p2a: Dragonite|70/100|[from] Sandstorm
|upkeep
|turn|16
|
|t:|1743793260
|move|p2a: Dragonite|Outrage|p1a: Gliscor
|-damage|p1a: Gliscor|22/100 tox
|move|p1a: Gliscor|Ice Fang|p2a: Dragonite
|-supereffective|p2a: Dragonite
|-damage|p2a: Dragonite|5/100
|
|-weather|Sandstorm|[upkeep]
|-damage|p2a: Dragonite|0 fnt|[from] Sandstorm
|faint|p2a: Dragonite
|-heal|p1a: Gliscor|34/100 tox|[from] ability: Poison Heal
|upkeep
|
|t:|1743793269
|switch|p2a: Reuniclus|Reuniclus, M|100/100
|turn|17
|
|t:|1743793274
|move|p1a: Gliscor|Taunt|p2a: Reuniclus
|-start|p2a: Reuniclus|move: Taunt
|move|p2a: Reuniclus|Psychic|p1a: Gliscor
|-damage|p1a: Gliscor|0 fnt
|faint|p1a: Gliscor
|
|-weather|Sandstorm|[upkeep]
|upkeep
|
|t:|1743793285
|switch|p1a: Jirachi|Jirachi|99/100
|turn|18
|j| Shweinerei
|
|t:|1743793289
|move|p1a: Jirachi|Body Slam|p2a: Reuniclus
|-damage|p2a: Reuniclus|78/100
|move|p2a: Reuniclus|Focus Blast|p1a: Jirachi
|-damage|p1a: Jirachi|63/100
|
|-weather|Sandstorm|[upkeep]
|-heal|p1a: Jirachi|70/100|[from] item: Leftovers
|upkeep
|turn|19
|
|t:|1743793298
|move|p1a: Jirachi|Body Slam|p2a: Reuniclus
|-damage|p2a: Reuniclus|56/100
|-status|p2a: Reuniclus|par
|cant|p2a: Reuniclus|par
|
|-weather|Sandstorm|[upkeep]
|-heal|p1a: Jirachi|76/100|[from] item: Leftovers
|-end|p2a: Reuniclus|move: Taunt
|upkeep
|turn|20
|
|t:|1743793306
|switch|p2a: Jirachi|Jirachi|81/100
|-damage|p2a: Jirachi|75/100|[from] Stealth Rock
|move|p1a: Jirachi|Iron Head|p2a: Jirachi
|-resisted|p2a: Jirachi
|-crit|p2a: Jirachi
|-damage|p2a: Jirachi|46/100
|
|-weather|Sandstorm|[upkeep]
|-heal|p1a: Jirachi|82/100|[from] item: Leftovers
|upkeep
|turn|21
|
|t:|1743793321
|move|p2a: Jirachi|Ice Punch|p1a: Jirachi
|-resisted|p1a: Jirachi
|-damage|p1a: Jirachi|73/100
|move|p1a: Jirachi|Wish|p1a: Jirachi
|
|-weather|Sandstorm|[upkeep]
|-heal|p1a: Jirachi|79/100|[from] item: Leftovers
|upkeep
|turn|22
|
|t:|1743793326
|move|p2a: Jirachi|Ice Punch|p1a: Jirachi
|-resisted|p1a: Jirachi
|-damage|p1a: Jirachi|70/100
|move|p1a: Jirachi|Body Slam|p2a: Jirachi
|-resisted|p2a: Jirachi
|-damage|p2a: Jirachi|35/100
|
|-weather|Sandstorm|[upkeep]
|-heal|p1a: Jirachi|100/100|[from] move: Wish|[wisher] Jirachi
|upkeep
|turn|23
|
|t:|1743793329
|move|p2a: Jirachi|Ice Punch|p1a: Jirachi
|-resisted|p1a: Jirachi
|-damage|p1a: Jirachi|92/100
|move|p1a: Jirachi|Body Slam|p2a: Jirachi
|-resisted|p2a: Jirachi
|-damage|p2a: Jirachi|25/100
|
|-weather|Sandstorm|[upkeep]
|-heal|p1a: Jirachi|98/100|[from] item: Leftovers
|upkeep
|turn|24
|
|t:|1743793332
|move|p2a: Jirachi|Ice Punch|p1a: Jirachi
|-resisted|p1a: Jirachi
|-damage|p1a: Jirachi|90/100
|move|p1a: Jirachi|Body Slam|p2a: Jirachi
|-resisted|p2a: Jirachi
|-crit|p2a: Jirachi
|-damage|p2a: Jirachi|3/100
|-status|p2a: Jirachi|par
|
|-weather|Sandstorm|[upkeep]
|-heal|p1a: Jirachi|96/100|[from] item: Leftovers
|upkeep
|turn|25
|
|t:|1743793337
|move|p1a: Jirachi|Body Slam|p2a: Jirachi
|-resisted|p2a: Jirachi
|-damage|p2a: Jirachi|0 fnt
|faint|p2a: Jirachi
|
|-weather|Sandstorm|[upkeep]
|-heal|p1a: Jirachi|100/100|[from] item: Leftovers
|upkeep
|
|t:|1743793339
|switch|p2a: Reuniclus|Reuniclus, M|56/100 par
|turn|26
|
|t:|1743793341
|move|p1a: Jirachi|Iron Head|p2a: Reuniclus
|-damage|p2a: Reuniclus|25/100 par
|cant|p2a: Reuniclus|flinch
|
|-weather|Sandstorm|[upkeep]
|upkeep
|turn|27
|
|t:|1743793344
|move|p1a: Jirachi|Iron Head|p2a: Reuniclus
|-damage|p2a: Reuniclus|0 fnt
|faint|p2a: Reuniclus
|
|-weather|Sandstorm|[upkeep]
|upkeep
|
|t:|1743793345
|switch|p2a: Conkeldurr|Conkeldurr, M|58/100
|-damage|p2a: Conkeldurr|52/100|[from] Stealth Rock
|turn|28
|j| Neighthan Trainer
|
|t:|1743793348
|move|p1a: Jirachi|Iron Head|p2a: Conkeldurr
|-damage|p2a: Conkeldurr|23/100
|cant|p2a: Conkeldurr|flinch
|
|-weather|Sandstorm|[upkeep]
|-damage|p2a: Conkeldurr|17/100|[from] Sandstorm
|upkeep
|turn|29
|c|☆xurkiyee|gg
|-message|xurkiyee forfeited.
|
|win|cdrgcde
|raw|cdrgcde's rating: 1376 &rarr; <strong>1403</strong><br />(+27 for winning)
|raw|xurkiyee's rating: 1507 &rarr; <strong>1480</strong><br />(-27 for losing)
|l|☆xurkiyee
|player|p2|
