|j|☆Ernilol
|j|☆Princess Sugarplum
|player|p1|Ernilol|gardenia|1284
|player|p2|Princess Sugarplum|101|1420
|teamsize|p1|6
|teamsize|p2|6
|gametype|singles
|gen|5
|tier|[Gen 5] OU
|rated|
|clearpoke
|poke|p1|Politoed, F|item
|poke|p1|Toxicroak, M|item
|poke|p1|Jirachi|item
|poke|p1|Starmie|item
|poke|p1|Rotom-Wash|item
|poke|p1|Scizor, F|item
|poke|p2|Tyranitar, F|item
|poke|p2|Mienshao, F|item
|poke|p2|Salamence, F|item
|poke|p2|Landorus-Therian, M|item
|poke|p2|Ferrothorn, F|item
|poke|p2|Starmie|item
|rule|Species Clause: Limit one of each Pokémon
|rule|OHKO Clause: OHKO moves are banned
|rule|Moody Clause: Moody is banned
|rule|Evasion Moves Clause: Evasion moves are banned
|rule|Endless Battle Clause: Forcing endless battles is banned
|rule|HP Percentage Mod: HP is shown in percentages
|rule|Evasion Abilities Clause: Evasion abilities are banned
|rule|Baton Pass Clause: Limit one Baton Passer, can't pass Spe and other stats simultaneously
|rule|Sleep Clause: Sleep-inducing moves are banned
|rule|Swagger Clause: Swagger is banned
|teampreview
|inactive|Battle timer is ON: inactive players will automatically lose when time's up. (requested by Princess Sugarplum)
|
|start
|switch|p1a: Scizor|Scizor, F|100/100
|switch|p2a: Salamence|Salamence, F|100/100
|-ability|p2a: Salamence|Intimidate|boost
|-unboost|p1a: Scizor|atk|1
|turn|1
|
|switch|p1a: Politoed|Politoed, F|100/100
|-weather|RainDance|[from] ability: Drizzle|[of] p1a: Politoed
|move|p2a: Salamence|Flamethrower|p1a: Politoed
|-resisted|p1a: Politoed
|-damage|p1a: Politoed|91/100
|
|-weather|RainDance|[upkeep]
|-heal|p1a: Politoed|97/100|[from] item: Leftovers
|upkeep
|turn|2
|
|switch|p2a: Ferrothorn|Ferrothorn, F|100/100
|switch|p1a: Scizor|Scizor, F|100/100
|
|-weather|RainDance|[upkeep]
|upkeep
|turn|3
|
|switch|p2a: Landorus|Landorus-Therian, M|100/100
|-ability|p2a: Landorus|Intimidate|boost
|-unboost|p1a: Scizor|atk|1
|move|p1a: Scizor|U-turn|p2a: Landorus
|-resisted|p2a: Landorus
|-damage|p2a: Landorus|80/100
|
|switch|p1a: Rotom|Rotom-Wash|100/100|[from]move: U-turn
|
|-weather|RainDance|[upkeep]
|-heal|p2a: Landorus|86/100|[from] item: Leftovers
|upkeep
|turn|4
|j| Trunks09
|
|switch|p2a: Ferrothorn|Ferrothorn, F|100/100
|move|p1a: Rotom|Will-O-Wisp|p2a: Ferrothorn
|-status|p2a: Ferrothorn|brn
|
|-weather|RainDance|[upkeep]
|-damage|p2a: Ferrothorn|88/100 brn|[from] brn
|upkeep
|turn|5
|
|move|p1a: Rotom|Volt Switch|p2a: Ferrothorn
|-resisted|p2a: Ferrothorn
|-damage|p2a: Ferrothorn|78/100 brn
|
|switch|p1a: Scizor|Scizor, F|100/100|[from]move: Volt Switch
|move|p2a: Ferrothorn|Spikes|p1a: Scizor
|-sidestart|p1: Ernilol|Spikes
|
|-weather|RainDance|[upkeep]
|-heal|p2a: Ferrothorn|84/100 brn|[from] item: Leftovers
|-damage|p2a: Ferrothorn|72/100 brn|[from] brn
|upkeep
|turn|6
|
|switch|p2a: Landorus|Landorus-Therian, M|86/100
|-ability|p2a: Landorus|Intimidate|boost
|-unboost|p1a: Scizor|atk|1
|move|p1a: Scizor|U-turn|p2a: Landorus
|-resisted|p2a: Landorus
|-damage|p2a: Landorus|63/100
|
|switch|p1a: Rotom|Rotom-Wash|100/100|[from]move: U-turn
|
|-weather|RainDance|[upkeep]
|-heal|p2a: Landorus|70/100|[from] item: Leftovers
|upkeep
|turn|7
|
|switch|p2a: Ferrothorn|Ferrothorn, F|72/100 brn
|move|p1a: Rotom|Hydro Pump|p2a: Ferrothorn
|-resisted|p2a: Ferrothorn
|-damage|p2a: Ferrothorn|49/100 brn
|
|-weather|RainDance|[upkeep]
|-heal|p2a: Ferrothorn|56/100 brn|[from] item: Leftovers
|-damage|p2a: Ferrothorn|43/100 brn|[from] brn
|upkeep
|turn|8
|
|move|p1a: Rotom|Volt Switch|p2a: Ferrothorn
|-resisted|p2a: Ferrothorn
|-damage|p2a: Ferrothorn|34/100 brn
|
|switch|p1a: Scizor|Scizor, F|100/100|[from]move: Volt Switch
|-damage|p1a: Scizor|88/100|[from] Spikes
|move|p2a: Ferrothorn|Leech Seed|p1a: Scizor|[miss]
|-miss|p2a: Ferrothorn|p1a: Scizor
|
|-weather|RainDance|[upkeep]
|-heal|p2a: Ferrothorn|40/100 brn|[from] item: Leftovers
|-damage|p2a: Ferrothorn|27/100 brn|[from] brn
|upkeep
|turn|9
|
|switch|p2a: Salamence|Salamence, F|100/100
|-ability|p2a: Salamence|Intimidate|boost
|-unboost|p1a: Scizor|atk|1
|move|p1a: Scizor|U-turn|p2a: Salamence
|-resisted|p2a: Salamence
|-damage|p2a: Salamence|78/100
|
|switch|p1a: Starmie|Starmie|100/100|[from]move: U-turn
|-damage|p1a: Starmie|88/100|[from] Spikes
|
|-weather|RainDance|[upkeep]
|upkeep
|turn|10
|
|switch|p2a: Tyranitar|Tyranitar, F|100/100
|-weather|Sandstorm|[from] ability: Sand Stream|[of] p2a: Tyranitar
|move|p1a: Starmie|Rapid Spin|p2a: Tyranitar
|-resisted|p2a: Tyranitar
|-damage|p2a: Tyranitar|99/100
|-sideend|p1: Ernilol|Spikes|[from] move: Rapid Spin|[of] p1a: Starmie
|-damage|p1a: Starmie|78/100|[from] item: Life Orb
|
|-weather|Sandstorm|[upkeep]
|-damage|p1a: Starmie|72/100|[from] Sandstorm
|upkeep
|turn|11
|
|move|p1a: Starmie|Scald|p2a: Tyranitar
|-supereffective|p2a: Tyranitar
|-damage|p2a: Tyranitar|62/100
|-damage|p1a: Starmie|62/100|[from] item: Life Orb
|move|p2a: Tyranitar|Pursuit|p1a: Starmie
|-supereffective|p1a: Starmie
|-damage|p1a: Starmie|11/100
|
|-weather|Sandstorm|[upkeep]
|-damage|p1a: Starmie|5/100|[from] Sandstorm
|upkeep
|turn|12
|
|move|p1a: Starmie|Scald|p2a: Tyranitar
|-supereffective|p2a: Tyranitar
|-damage|p2a: Tyranitar|24/100
|-damage|p1a: Starmie|0 fnt|[from] item: Life Orb
|faint|p1a: Starmie
|move|p2a: Tyranitar|Stealth Rock|p1: Starmie
|-sidestart|p1: Ernilol|move: Stealth Rock
|
|-weather|Sandstorm|[upkeep]
|upkeep
|
|switch|p1a: Scizor|Scizor, F|88/100
|-damage|p1a: Scizor|76/100|[from] Stealth Rock
|turn|13
|
|switch|p2a: Landorus|Landorus-Therian, M|70/100
|-ability|p2a: Landorus|Intimidate|boost
|-unboost|p1a: Scizor|atk|1
|move|p1a: Scizor|U-turn|p2a: Landorus
|-resisted|p2a: Landorus
|-crit|p2a: Landorus
|-damage|p2a: Landorus|0 fnt
|faint|p2a: Landorus
|
|switch|p1a: Politoed|Politoed, F|97/100|[from]move: U-turn
|-damage|p1a: Politoed|85/100|[from] Stealth Rock
|-weather|RainDance|[from] ability: Drizzle|[of] p1a: Politoed
|
|-weather|RainDance|[upkeep]
|-heal|p1a: Politoed|91/100|[from] item: Leftovers
|upkeep
|
|switch|p2a: Salamence|Salamence, F|78/100
|-ability|p2a: Salamence|Intimidate|boost
|-unboost|p1a: Politoed|atk|1
|turn|14
|
|move|p2a: Salamence|Hydro Pump|p1a: Politoed
|-resisted|p1a: Politoed
|-damage|p1a: Politoed|54/100
|move|p1a: Politoed|Toxic|p2a: Salamence
|-status|p2a: Salamence|tox
|
|-weather|RainDance|[upkeep]
|-heal|p1a: Politoed|60/100|[from] item: Leftovers
|-damage|p2a: Salamence|72/100 tox|[from] psn
|upkeep
|turn|15
|
|switch|p2a: Starmie|Starmie, shiny|100/100
|move|p1a: Politoed|Protect||[still]
|-fail|p1a: Politoed
|
|-weather|RainDance|[upkeep]
|-heal|p1a: Politoed|67/100|[from] item: Leftovers
|upkeep
|turn|16
|
|move|p2a: Starmie|Toxic|p1a: Politoed
|-status|p1a: Politoed|tox
|move|p1a: Politoed|Scald|p2a: Starmie
|-resisted|p2a: Starmie
|-damage|p2a: Starmie|78/100
|
|-weather|RainDance|[upkeep]
|-heal|p2a: Starmie|84/100|[from] item: Leftovers
|-heal|p1a: Politoed|73/100 tox|[from] item: Leftovers
|-damage|p1a: Politoed|67/100 tox|[from] psn
|upkeep
|turn|17
|
|switch|p1a: Jirachi|Jirachi|100/100
|-damage|p1a: Jirachi|94/100|[from] Stealth Rock
|move|p2a: Starmie|Scald|p1a: Jirachi
|-damage|p1a: Jirachi|59/100
|
|-weather|RainDance|[upkeep]
|-heal|p2a: Starmie|90/100|[from] item: Leftovers
|-heal|p1a: Jirachi|65/100|[from] item: Leftovers
|upkeep
|turn|18
|
|move|p2a: Starmie|Scald|p1a: Jirachi
|-damage|p1a: Jirachi|30/100
|move|p1a: Jirachi|Thunder|p2a: Starmie
|-supereffective|p2a: Starmie
|-damage|p2a: Starmie|28/100
|-status|p2a: Starmie|par
|
|-weather|RainDance|[upkeep]
|-heal|p1a: Jirachi|37/100|[from] item: Leftovers
|-heal|p2a: Starmie|34/100 par|[from] item: Leftovers
|upkeep
|turn|19
|
|switch|p2a: Tyranitar|Tyranitar, F|24/100
|-weather|Sandstorm|[from] ability: Sand Stream|[of] p2a: Tyranitar
|move|p1a: Jirachi|Calm Mind|p1a: Jirachi
|-boost|p1a: Jirachi|spa|1
|-boost|p1a: Jirachi|spd|1
|
|-weather|Sandstorm|[upkeep]
|-heal|p1a: Jirachi|43/100|[from] item: Leftovers
|upkeep
|turn|20
|
|switch|p2a: Salamence|Salamence, F|72/100 tox
|-ability|p2a: Salamence|Intimidate|boost
|-unboost|p1a: Jirachi|atk|1
|move|p1a: Jirachi|Thunder|p2a: Salamence
|-damage|p2a: Salamence|20/100 tox
|
|-weather|Sandstorm|[upkeep]
|-damage|p2a: Salamence|14/100 tox|[from] Sandstorm
|-heal|p1a: Jirachi|49/100|[from] item: Leftovers
|-damage|p2a: Salamence|8/100 tox|[from] psn
|upkeep
|turn|21
|
|switch|p1a: Rotom|Rotom-Wash|100/100
|-damage|p1a: Rotom|88/100|[from] Stealth Rock
|move|p2a: Salamence|Flamethrower|p1a: Rotom
|-resisted|p1a: Rotom
|-damage|p1a: Rotom|65/100
|
|-weather|Sandstorm|[upkeep]
|-damage|p2a: Salamence|2/100 tox|[from] Sandstorm
|-damage|p1a: Rotom|59/100|[from] Sandstorm
|-heal|p1a: Rotom|65/100|[from] item: Leftovers
|-damage|p2a: Salamence|0 fnt|[from] psn
|faint|p2a: Salamence
|upkeep
|
|switch|p2a: Mienshao|Mienshao, F|100/100
|turn|22
|
|move|p2a: Mienshao|High Jump Kick|p1a: Rotom
|-crit|p1a: Rotom
|-damage|p1a: Rotom|0 fnt
|faint|p1a: Rotom
|
|-weather|Sandstorm|[upkeep]
|-damage|p2a: Mienshao|95/100|[from] Sandstorm
|upkeep
|
|switch|p1a: Scizor|Scizor, F|76/100
|-damage|p1a: Scizor|64/100|[from] Stealth Rock
|turn|23
|
|switch|p2a: Ferrothorn|Ferrothorn, F|27/100 brn
|move|p1a: Scizor|U-turn|p2a: Ferrothorn
|-damage|p2a: Ferrothorn|0 fnt
|-damage|p1a: Scizor|52/100|[from] ability: Iron Barbs|[of] p2a: Ferrothorn
|faint|p2a: Ferrothorn
|
|switch|p1a: Politoed|Politoed, F|67/100 tox|[from]move: U-turn
|-damage|p1a: Politoed|54/100 tox|[from] Stealth Rock
|-weather|RainDance|[from] ability: Drizzle|[of] p1a: Politoed
|
|-weather|RainDance|[upkeep]
|-heal|p1a: Politoed|60/100 tox|[from] item: Leftovers
|-damage|p1a: Politoed|54/100 tox|[from] psn
|upkeep
|
|switch|p2a: Tyranitar|Tyranitar, F|24/100
|-weather|Sandstorm|[from] ability: Sand Stream|[of] p2a: Tyranitar
|turn|24
|
|switch|p1a: Jirachi|Jirachi|49/100
|-damage|p1a: Jirachi|43/100|[from] Stealth Rock
|switch|p2a: Starmie|Starmie, shiny|34/100
|
|-weather|Sandstorm|[upkeep]
|-damage|p2a: Starmie|28/100|[from] Sandstorm
|-heal|p2a: Starmie|34/100|[from] item: Leftovers
|-heal|p1a: Jirachi|49/100|[from] item: Leftovers
|upkeep
|turn|25
|
|move|p2a: Starmie|Scald|p1a: Jirachi
|-damage|p1a: Jirachi|26/100
|-status|p1a: Jirachi|brn
|move|p1a: Jirachi|Thunder|p2a: Starmie
|-supereffective|p2a: Starmie
|-damage|p2a: Starmie|0 fnt
|faint|p2a: Starmie
|
|-weather|Sandstorm|[upkeep]
|-heal|p1a: Jirachi|33/100 brn|[from] item: Leftovers
|-damage|p1a: Jirachi|20/100 brn|[from] brn
|upkeep
|c|☆Princess Sugarplum|the crit cost me
|c|☆Princess Sugarplum|so gg ig
|
|switch|p2a: Mienshao|Mienshao, F|95/100
|turn|26
|
|move|p2a: Mienshao|High Jump Kick|p1a: Jirachi
|-damage|p1a: Jirachi|0 fnt
|faint|p1a: Jirachi
|
|-weather|Sandstorm|[upkeep]
|-damage|p2a: Mienshao|89/100|[from] Sandstorm
|upkeep
|
|switch|p1a: Scizor|Scizor, F|52/100
|-damage|p1a: Scizor|39/100|[from] Stealth Rock
|turn|27
|c|☆Princess Sugarplum|unlucky =/
|
|move|p1a: Scizor|Bullet Punch|p2a: Mienshao
|-damage|p2a: Mienshao|24/100
|move|p2a: Mienshao|High Jump Kick|p1a: Scizor
|-damage|p1a: Scizor|0 fnt
|faint|p1a: Scizor
|
|-weather|Sandstorm|[upkeep]
|-damage|p2a: Mienshao|18/100|[from] Sandstorm
|upkeep
|
|switch|p1a: Politoed|Politoed, F|54/100 tox
|-damage|p1a: Politoed|42/100 tox|[from] Stealth Rock
|-weather|RainDance|[from] ability: Drizzle|[of] p1a: Politoed
|turn|28
|
|switch|p2a: Tyranitar|Tyranitar, F|24/100
|-weather|Sandstorm|[from] ability: Sand Stream|[of] p2a: Tyranitar
|move|p1a: Politoed|Protect||[still]
|-fail|p1a: Politoed
|
|-weather|Sandstorm|[upkeep]
|-damage|p1a: Politoed|35/100 tox|[from] Sandstorm
|-heal|p1a: Politoed|42/100 tox|[from] item: Leftovers
|-damage|p1a: Politoed|35/100 tox|[from] psn
|upkeep
|turn|29
|
|move|p1a: Politoed|Scald|p2a: Tyranitar
|-supereffective|p2a: Tyranitar
|-crit|p2a: Tyranitar
|-damage|p2a: Tyranitar|0 fnt
|faint|p2a: Tyranitar
|
|-weather|Sandstorm|[upkeep]
|-damage|p1a: Politoed|29/100 tox|[from] Sandstorm
|-heal|p1a: Politoed|35/100 tox|[from] item: Leftovers
|-damage|p1a: Politoed|23/100 tox|[from] psn
|upkeep
|
|switch|p2a: Mienshao|Mienshao, F|18/100
|turn|30
|
|move|p1a: Politoed|Protect|p1a: Politoed
|-singleturn|p1a: Politoed|Protect
|move|p2a: Mienshao|U-turn|p1a: Politoed
|-activate|p1a: Politoed|move: Protect
|
|-weather|Sandstorm|[upkeep]
|-damage|p2a: Mienshao|12/100|[from] Sandstorm
|-damage|p1a: Politoed|17/100 tox|[from] Sandstorm
|-heal|p1a: Politoed|23/100 tox|[from] item: Leftovers
|-damage|p1a: Politoed|4/100 tox|[from] psn
|upkeep
|turn|31
|c|☆Princess Sugarplum|bg
|
|move|p1a: Politoed|Protect|p1a: Politoed
|-singleturn|p1a: Politoed|Protect
|move|p2a: Mienshao|U-turn|p1a: Politoed
|-activate|p1a: Politoed|move: Protect
|
|-weather|Sandstorm|[upkeep]
|-damage|p2a: Mienshao|6/100|[from] Sandstorm
|-damage|p1a: Politoed|0 fnt|[from] Sandstorm
|faint|p1a: Politoed
|upkeep
|
|switch|p1a: Toxicroak|Toxicroak, M|100/100
|-damage|p1a: Toxicroak|94/100|[from] Stealth Rock
|turn|32
|
|move|p1a: Toxicroak|Sucker Punch|p2a: Mienshao
|-resisted|p2a: Mienshao
|-damage|p2a: Mienshao|0 fnt
|faint|p2a: Mienshao
|
|win|Ernilol
|raw|Ernilol's rating: 1284 &rarr; <strong>1318</strong><br />(+34 for winning)
|raw|Princess Sugarplum's rating: 1420 &rarr; <strong>1393</strong><br />(-27 for losing)
