|j|☆Draco Bombers
|j|☆AKARANATA
|t:|1716039663
|gametype|singles
|player|p1|Draco Bombers|blue-gen2|1321
|player|p2|AKARANATA|bruno|1482
|teamsize|p1|6
|teamsize|p2|6
|gen|5
|tier|[Gen 5] OU
|rated|
|rule|Species Clause: Limit one of each Pokémon
|rule|OHKO Clause: OHKO moves are banned
|rule|Moody Clause: Moody is banned
|rule|Evasion Items Clause: Evasion items are banned
|rule|Evasion Moves Clause: Evasion moves are banned
|rule|Endless Battle Clause: Forcing endless battles is banned
|rule|HP Percentage Mod: HP is shown in percentages
|rule|Evasion Abilities Clause: Evasion abilities are banned
|rule|Sleep Moves Clause: Sleep-inducing moves are banned
|rule|Swagger Clause: Swagger is banned
|rule|Baton Pass Stat Clause: No Baton Passer may have a way to boost its stats
|clearpoke
|poke|p1|Tyranitar, F|item
|poke|p1|Alakazam, M|item
|poke|p1|Latios, M|item
|poke|p1|Ferrothorn, M|item
|poke|p1|Landorus-Therian, M|item
|poke|p1|Jellicent, M|item
|poke|p2|Rotom-Wash|item
|poke|p2|Jirachi|item
|poke|p2|Tyranitar, M|item
|poke|p2|Terrakion|item
|poke|p2|Gliscor, M|item
|poke|p2|Latias, F|item
|teampreview
|inactive|Battle timer is ON: inactive players will automatically lose when time's up. (requested by AKARANATA)
|j| sk8head
|
|t:|1716039675
|start
|switch|p1a: Pringles|Jellicent, M, shiny|100/100
|switch|p2a: Jirachi|Jirachi|100/100
|turn|1
|c| sk8head|ooh this could be a fun game
|c| sk8head|gl both
|
|t:|1716039693
|move|p2a: Jirachi|Stealth Rock|p1a: Pringles
|-sidestart|p1: Draco Bombers|move: Stealth Rock
|move|p1a: Pringles|Taunt|p2a: Jirachi
|-start|p2a: Jirachi|move: Taunt
|
|upkeep
|turn|2
|j| 0207 A.M.
|c|☆AKARANATA|h
|
|t:|1716039703
|switch|p1a: Lego Bricks|Ferrothorn, M, shiny|100/100
|-damage|p1a: Lego Bricks|94/100|[from] Stealth Rock
|move|p2a: Jirachi|Psychic|p1a: Lego Bricks
|-resisted|p1a: Lego Bricks
|-damage|p1a: Lego Bricks|81/100
|-unboost|p1a: Lego Bricks|spd|1
|
|-heal|p1a: Lego Bricks|87/100|[from] item: Leftovers
|upkeep
|turn|3
|
|t:|1716039721
|move|p2a: Jirachi|Hidden Power|p1a: Lego Bricks
|-supereffective|p1a: Lego Bricks
|-damage|p1a: Lego Bricks|4/100
|move|p1a: Lego Bricks|Spikes|p2a: Jirachi
|-sidestart|p2: AKARANATA|Spikes
|
|-heal|p1a: Lego Bricks|10/100|[from] item: Leftovers
|upkeep
|turn|4
|inactive|Draco Bombers has 120 seconds left.
|
|t:|1716039767
|move|p2a: Jirachi|Icy Wind|p1a: Lego Bricks
|-damage|p1a: Lego Bricks|0 fnt
|faint|p1a: Lego Bricks
|
|-end|p2a: Jirachi|move: Taunt
|upkeep
|inactive|Draco Bombers has 90 seconds left.
|
|t:|1716039805
|switch|p1a: Pringles|Jellicent, M, shiny|100/100
|-damage|p1a: Pringles|88/100|[from] Stealth Rock
|turn|5
|inactive|AKARANATA has 120 seconds left.
|
|t:|1716039837
|move|p2a: Jirachi|Psychic|p1a: Pringles
|-damage|p1a: Pringles|59/100
|move|p1a: Pringles|Will-O-Wisp|p2a: Jirachi
|-status|p2a: Jirachi|brn
|
|-heal|p1a: Pringles|65/100|[from] item: Leftovers
|-damage|p2a: Jirachi|88/100 brn|[from] brn
|upkeep
|turn|6
|
|t:|1716039847
|move|p2a: Jirachi|Psychic|p1a: Pringles
|-damage|p1a: Pringles|36/100
|move|p1a: Pringles|Recover|p1a: Pringles
|-heal|p1a: Pringles|86/100
|
|-heal|p2a: Jirachi|94/100 brn|[from] item: Leftovers
|-heal|p1a: Pringles|92/100|[from] item: Leftovers
|-damage|p2a: Jirachi|82/100 brn|[from] brn
|upkeep
|turn|7
|inactive|Draco Bombers has 60 seconds left.
|
|t:|1716039891
|switch|p1a: The Attic|Landorus-Therian, M|100/100
|-damage|p1a: The Attic|88/100|[from] Stealth Rock
|-ability|p1a: The Attic|Intimidate|boost
|-unboost|p2a: Jirachi|atk|1
|move|p2a: Jirachi|Psychic|p1a: The Attic
|-damage|p1a: The Attic|44/100
|
|-heal|p1a: The Attic|50/100|[from] item: Leftovers
|-heal|p2a: Jirachi|88/100 brn|[from] item: Leftovers
|-damage|p2a: Jirachi|75/100 brn|[from] brn
|upkeep
|turn|8
|
|t:|1716039900
|move|p1a: The Attic|Earthquake|p2a: Jirachi
|-supereffective|p2a: Jirachi
|-damage|p2a: Jirachi|4/100 brn
|move|p2a: Jirachi|Icy Wind|p1a: The Attic
|-supereffective|p1a: The Attic
|-damage|p1a: The Attic|0 fnt
|faint|p1a: The Attic
|
|-heal|p2a: Jirachi|11/100 brn|[from] item: Leftovers
|-damage|p2a: Jirachi|0 fnt|[from] brn
|faint|p2a: Jirachi
|upkeep
|inactive|Draco Bombers has 60 seconds left.
|
|t:|1716039931
|switch|p1a: Paper Plane|Latios, M|100/100
|switch|p2a: Tyranitar|Tyranitar, M|100/100
|-damage|p1a: Paper Plane|88/100|[from] Stealth Rock
|-damage|p2a: Tyranitar|88/100|[from] Spikes
|-weather|Sandstorm|[from] ability: Sand Stream|[of] p2a: Tyranitar
|turn|9
|
|t:|1716039940
|move|p1a: Paper Plane|Draco Meteor|p2a: Tyranitar
|-damage|p2a: Tyranitar|47/100
|-unboost|p1a: Paper Plane|spa|2
|move|p2a: Tyranitar|Pursuit|p1a: Paper Plane
|-supereffective|p1a: Paper Plane
|-damage|p1a: Paper Plane|0 fnt
|faint|p1a: Paper Plane
|
|-weather|Sandstorm|[upkeep]
|upkeep
|inactive|Draco Bombers has 30 seconds left.
|inactive|Draco Bombers has 20 seconds left.
|inactive|Draco Bombers has 15 seconds left.
|
|t:|1716039972
|switch|p1a: Action Figure|Alakazam, M|100/100
|turn|10
|inactive|Draco Bombers has 25 seconds left this turn.
|
|t:|1716039979
|move|p1a: Action Figure|Focus Blast|p2a: Tyranitar|[miss]
|-miss|p1a: Action Figure|p2a: Tyranitar
|move|p2a: Tyranitar|Pursuit|p1a: Action Figure
|-supereffective|p1a: Action Figure
|-damage|p1a: Action Figure|0 fnt
|faint|p1a: Action Figure
|
|-weather|Sandstorm|[upkeep]
|upkeep
|inactive|Draco Bombers has 30 seconds left this turn.
|c|☆Draco Bombers|Gg
|c|☆AKARANATA|...
|inactive|Draco Bombers has 20 seconds left.
|c|☆AKARANATA|gg
|inactive|Draco Bombers has 15 seconds left.
|c|☆Draco Bombers|damn i autopiloted vs jira
|inactive|Draco Bombers has 10 seconds left.
|
|t:|1716040001
|switch|p1a: Pringles|Jellicent, M, shiny|92/100
|-damage|p1a: Pringles|80/100|[from] Stealth Rock
|turn|11
|inactive|Draco Bombers has 20 seconds left this turn.
|l| 0207 A.M.
|inactive|Draco Bombers has 15 seconds left.
|c| sk8head|brother got shamoned
|c| sk8head|unfort
|
|t:|1716040017
|switch|p2a: Latias|Latias, F|100/100
|move|p1a: Pringles|Will-O-Wisp|p2a: Latias
|-status|p2a: Latias|brn
|
|-weather|Sandstorm|[upkeep]
|-damage|p2a: Latias|95/100 brn|[from] Sandstorm
|-damage|p1a: Pringles|74/100|[from] Sandstorm
|-heal|p1a: Pringles|80/100|[from] item: Leftovers
|-damage|p2a: Latias|82/100 brn|[from] brn
|upkeep
|turn|12
|inactive|Draco Bombers has 25 seconds left this turn.
|inactive|Draco Bombers has 20 seconds left.
|
|t:|1716040022
|move|p2a: Latias|Psyshock|p1a: Pringles
|-damage|p1a: Pringles|35/100
|-damage|p2a: Latias|72/100 brn|[from] item: Life Orb
|move|p1a: Pringles|Recover|p1a: Pringles
|-heal|p1a: Pringles|86/100
|
|-weather|Sandstorm|[upkeep]
|-damage|p2a: Latias|66/100 brn|[from] Sandstorm
|-damage|p1a: Pringles|79/100|[from] Sandstorm
|-heal|p1a: Pringles|86/100|[from] item: Leftovers
|-damage|p2a: Latias|54/100 brn|[from] brn
|upkeep
|turn|13
|inactive|Draco Bombers has 30 seconds left this turn.
|c| sk8head|well still wp mario
|
|t:|1716040028
|switch|p1a: MechaGodzilla|Tyranitar, F|100/100
|-damage|p1a: MechaGodzilla|88/100|[from] Stealth Rock
|move|p2a: Latias|Draco Meteor|p1a: MechaGodzilla
|-damage|p1a: MechaGodzilla|45/100
|-unboost|p2a: Latias|spa|2
|-damage|p2a: Latias|44/100 brn|[from] item: Life Orb
|
|-weather|Sandstorm|[upkeep]
|-damage|p2a: Latias|38/100 brn|[from] Sandstorm
|-damage|p2a: Latias|26/100 brn|[from] brn
|upkeep
|turn|14
|inactive|Draco Bombers has 30 seconds left.
|
|t:|1716040035
|-activate|p2a: Latias|move: Pursuit
|move|p1a: MechaGodzilla|Pursuit|p2a: Latias|[from]Pursuit
|-supereffective|p2a: Latias
|-damage|p2a: Latias|0 fnt
|faint|p2a: Latias
|-hint|A Pokemon can't switch between when it runs out of HP and when it faints
|
|-weather|Sandstorm|[upkeep]
|upkeep
|c| sk8head|jus needa be more proactive
|
|t:|1716040040
|switch|p2a: Gliscor|Gliscor, M|100/100
|turn|15
|c|☆Draco Bombers|yeah
|c|☆Draco Bombers|im still learning
|c| sk8head|word
|
|t:|1716040052
|move|p2a: Gliscor|Toxic|p1a: MechaGodzilla
|-status|p1a: MechaGodzilla|tox
|move|p1a: MechaGodzilla|Crunch|p2a: Gliscor
|-damage|p2a: Gliscor|71/100
|
|-weather|Sandstorm|[upkeep]
|-damage|p1a: MechaGodzilla|38/100 tox|[from] psn
|-status|p2a: Gliscor|tox|[from] item: Toxic Orb
|upkeep
|turn|16
|
|t:|1716040057
|move|p2a: Gliscor|Earthquake|p1a: MechaGodzilla
|-supereffective|p1a: MechaGodzilla
|-damage|p1a: MechaGodzilla|0 fnt
|faint|p1a: MechaGodzilla
|
|-weather|Sandstorm|[upkeep]
|-heal|p2a: Gliscor|84/100 tox|[from] ability: Poison Heal
|upkeep
|c|☆Draco Bombers|first few turns probably could have been played better
|
|t:|1716040070
|switch|p1a: Pringles|Jellicent, M, shiny|86/100
|-damage|p1a: Pringles|73/100|[from] Stealth Rock
|turn|17
|
|t:|1716040075
|move|p2a: Gliscor|Toxic|p1a: Pringles
|-status|p1a: Pringles|tox
|move|p1a: Pringles|Night Shade|p2a: Gliscor
|-damage|p2a: Gliscor|55/100 tox
|
|-weather|Sandstorm|[upkeep]
|-damage|p1a: Pringles|67/100 tox|[from] Sandstorm
|-heal|p1a: Pringles|73/100 tox|[from] item: Leftovers
|-heal|p2a: Gliscor|68/100 tox|[from] ability: Poison Heal
|-damage|p1a: Pringles|67/100 tox|[from] psn
|upkeep
|turn|18
|
|t:|1716040088
|move|p2a: Gliscor|Earthquake|p1a: Pringles
|-damage|p1a: Pringles|36/100 tox
|move|p1a: Pringles|Night Shade|p2a: Gliscor
|-damage|p2a: Gliscor|39/100 tox
|
|-weather|Sandstorm|[upkeep]
|-damage|p1a: Pringles|30/100 tox|[from] Sandstorm
|-heal|p1a: Pringles|36/100 tox|[from] item: Leftovers
|-heal|p2a: Gliscor|52/100 tox|[from] ability: Poison Heal
|-damage|p1a: Pringles|24/100 tox|[from] psn
|upkeep
|turn|19
|c| sk8head|ur good as long as u keep improving
|c| sk8head|ik u got it man
|c|☆Draco Bombers|i think if i switched out with the possibillity of hp fire especially with the spdef drop
|c| sk8head|idt the drop matters
|inactive|Draco Bombers has 30 seconds left.
|c|☆Draco Bombers|i was just expecting rocks and para plus iron head
|c| sk8head|u always gotta scout imo
|c| sk8head|i mean
|
|t:|1716040127
|move|p2a: Gliscor|Earthquake|p1a: Pringles
|-damage|p1a: Pringles|0 fnt
|faint|p1a: Pringles
|
|win|AKARANATA
|inactive|Draco Bombers has 30 seconds left this turn.
|raw|Draco Bombers's rating: 1321 &rarr; <strong>1310</strong><br />(-11 for losing)
|raw|AKARANATA's rating: 1482 &rarr; <strong>1493</strong><br />(+11 for winning)
|c| sk8head|ur not wrong
|c|☆Draco Bombers|yeah
|c| sk8head|on a structure like that
|c|☆Draco Bombers|its a problem i have
|c| sk8head|its usually spdf rachi
|c| sk8head|or hp ice 3 atks
|c|☆Draco Bombers|especially because i dont have a good way to break through jira with my special attackers
|c|☆Draco Bombers|so i just have to have lando there
|c|☆Draco Bombers|i think in hindsight
|c|☆Draco Bombers|i could have led lando
|c|☆Draco Bombers|because it forces out gliscor
|c| sk8head|hmmm
|c| sk8head|maybe
|c|☆Draco Bombers|and glisc turn 1 protects vs jelli anyways
|c| sk8head|yea truth
|c|☆Draco Bombers|i think jelli was probably a stupid lead there
|c| sk8head|100%
|c| sk8head|his lead options are rotom tar glis
|c| sk8head|all 3 match well into jelli
|c| sk8head|good analysis
|c|☆Draco Bombers|lando u turns out of tom
|c|☆Draco Bombers|yeah
|c| sk8head|ggs both
|c| sk8head|wp
|l| sk8head
|c|☆Draco Bombers|Ggs bro
|c|☆Draco Bombers|have a good day :)
|c|☆AKARANATA|gg
