|j|☆TheNexyr
|j|☆SK8HEAD
|t:|1707870911
|gametype|singles
|player|p1|TheNexyr|mallow-masters|1449
|player|p2|SK8HEAD|1|1506
|teamsize|p1|6
|teamsize|p2|6
|gen|5
|tier|[Gen 5] OU
|rated|
|rule|Species Clause: Limit one of each Pokémon
|rule|OHKO Clause: OHKO moves are banned
|rule|Moody Clause: Moody is banned
|rule|Evasion Items Clause: Evasion items are banned
|rule|Evasion Moves Clause: Evasion moves are banned
|rule|Endless Battle Clause: Forcing endless battles is banned
|rule|HP Percentage Mod: HP is shown in percentages
|rule|Evasion Abilities Clause: Evasion abilities are banned
|rule|Sleep Moves Clause: Sleep-inducing moves are banned
|rule|Swagger Clause: Swagger is banned
|rule|Baton Pass Stat Clause: No Baton Passer may have a way to boost its stats
|clearpoke
|poke|p1|Alakazam, F|item
|poke|p1|Tyranitar, M|item
|poke|p1|Latios, M|item
|poke|p1|Reuniclus, F|item
|poke|p1|Ferrothorn, M|item
|poke|p1|Jellicent, M|item
|poke|p2|Mamoswine, M|item
|poke|p2|Latios, M|item
|poke|p2|Scizor, F|item
|poke|p2|Kyurem-Black|item
|poke|p2|Salamence, M|item
|poke|p2|Magnezone|item
|teampreview
|inactive|Battle timer is ON: inactive players will automatically lose when time's up. (requested by TheNexyr)
|c|☆SK8HEAD|hey man
|inactive|SK8HEAD has 120 seconds left.
|c|☆SK8HEAD|i hope youre doing good
|c|☆SK8HEAD|glhf
|
|t:|1707870971
|start
|switch|p1a: Latios|Latios, M|100/100
|switch|p2a: Magnezone|Magnezone|100/100
|turn|1
|c|☆TheNexyr|oh hey, thanks so much, u2! glhf
|
|t:|1707870980
|move|p1a: Latios|Hidden Power|p2a: Magnezone
|-supereffective|p2a: Magnezone
|-damage|p2a: Magnezone|10/100
|move|p2a: Magnezone|Volt Switch|p1a: Latios
|-resisted|p1a: Latios
|-damage|p1a: Latios|70/100
|
|t:|1707870997
|switch|p2a: Salamence|Salamence, M|100/100|[from] Volt Switch
|
|upkeep
|turn|2
|
|t:|1707871002
|switch|p1a: Ferrothorn|Ferrothorn, M|100/100
|move|p2a: Salamence|Earthquake|p1a: Ferrothorn
|-damage|p1a: Ferrothorn|75/100
|
|-heal|p1a: Ferrothorn|81/100|[from] item: Leftovers
|upkeep
|turn|3
|
|t:|1707871008
|switch|p2a: Magnezone|Magnezone|10/100
|move|p1a: Ferrothorn|Leech Seed|p2a: Magnezone
|-start|p2a: Magnezone|move: Leech Seed
|
|-heal|p1a: Ferrothorn|88/100|[from] item: Leftovers
|-damage|p2a: Magnezone|0 fnt|[from] Leech Seed|[of] p1a: Ferrothorn
|-heal|p1a: Ferrothorn|96/100|[silent]
|faint|p2a: Magnezone
|upkeep
|
|t:|1707871017
|switch|p2a: Scizor|Scizor, F|100/100
|turn|4
|
|t:|1707871023
|switch|p1a: Reuniclus|Reuniclus, F|100/100
|move|p2a: Scizor|U-turn|p1a: Reuniclus
|-supereffective|p1a: Reuniclus
|-damage|p1a: Reuniclus|10/100
|
|t:|1707871029
|switch|p2a: Mamoswine|Mamoswine, M|100/100|[from] U-turn
|
|-heal|p1a: Reuniclus|16/100|[from] item: Leftovers
|upkeep
|turn|5
|
|t:|1707871032
|move|p2a: Mamoswine|Earthquake|p1a: Reuniclus
|-damage|p1a: Reuniclus|0 fnt
|faint|p1a: Reuniclus
|
|upkeep
|
|t:|1707871036
|switch|p1a: Tyranitar|Tyranitar, M|100/100
|-weather|Sandstorm|[from] ability: Sand Stream|[of] p1a: Tyranitar
|turn|6
|
|t:|1707871040
|switch|p1a: Jellicent|Jellicent, M|100/100
|-item|p1a: Jellicent|Air Balloon
|move|p2a: Mamoswine|Earthquake|p1a: Jellicent
|-immune|p1a: Jellicent
|
|-weather|Sandstorm|[upkeep]
|-damage|p1a: Jellicent|94/100|[from] Sandstorm
|upkeep
|turn|7
|
|t:|1707871053
|switch|p2a: Latios|Latios, M|100/100
|move|p1a: Jellicent|Scald|p2a: Latios
|-resisted|p2a: Latios
|-crit|p2a: Latios
|-damage|p2a: Latios|78/100
|-status|p2a: Latios|brn
|
|-weather|Sandstorm|[upkeep]
|-damage|p2a: Latios|72/100 brn|[from] Sandstorm
|-damage|p1a: Jellicent|88/100|[from] Sandstorm
|-damage|p2a: Latios|59/100 brn|[from] brn
|upkeep
|turn|8
|
|t:|1707871058
|switch|p1a: Tyranitar|Tyranitar, M|100/100
|move|p2a: Latios|Draco Meteor|p1a: Tyranitar
|-damage|p1a: Tyranitar|38/100
|-unboost|p2a: Latios|spa|2
|
|-weather|Sandstorm|[upkeep]
|-damage|p2a: Latios|53/100 brn|[from] Sandstorm
|-damage|p2a: Latios|41/100 brn|[from] brn
|upkeep
|turn|9
|
|t:|1707871062
|move|p2a: Latios|Draco Meteor|p1a: Tyranitar
|-damage|p1a: Tyranitar|9/100
|-unboost|p2a: Latios|spa|2
|move|p1a: Tyranitar|Pursuit|p2a: Latios
|-supereffective|p2a: Latios
|-damage|p2a: Latios|0 fnt
|faint|p2a: Latios
|
|-weather|Sandstorm|[upkeep]
|upkeep
|
|t:|1707871072
|switch|p2a: Mamoswine|Mamoswine, M|100/100
|turn|10
|
|t:|1707871074
|move|p2a: Mamoswine|Earthquake|p1a: Tyranitar
|-supereffective|p1a: Tyranitar
|-damage|p1a: Tyranitar|0 fnt
|faint|p1a: Tyranitar
|
|-weather|Sandstorm|[upkeep]
|upkeep
|
|t:|1707871078
|switch|p1a: Jellicent|Jellicent, M|88/100
|-item|p1a: Jellicent|Air Balloon
|turn|11
|inactive|SK8HEAD has 120 seconds left.
|c|☆SK8HEAD|a wisp miss would be nice rn wouldnt it
|
|t:|1707871116
|move|p2a: Mamoswine|Ice Shard|p1a: Jellicent
|-resisted|p1a: Jellicent
|-damage|p1a: Jellicent|74/100
|-enditem|p1a: Jellicent|Air Balloon
|move|p1a: Jellicent|Scald|p2a: Mamoswine
|-supereffective|p2a: Mamoswine
|-damage|p2a: Mamoswine|33/100
|-status|p2a: Mamoswine|brn
|
|-weather|Sandstorm|[upkeep]
|-damage|p1a: Jellicent|68/100|[from] Sandstorm
|-damage|p2a: Mamoswine|20/100 brn|[from] brn
|upkeep
|turn|12
|inactive|SK8HEAD has 120 seconds left.
|c|☆TheNexyr|sorry
|c|☆SK8HEAD|haha nw
|
|t:|1707871140
|move|p2a: Mamoswine|Stealth Rock|p1a: Jellicent
|-sidestart|p1: TheNexyr|move: Stealth Rock
|move|p1a: Jellicent|Recover|p1a: Jellicent
|-heal|p1a: Jellicent|100/100
|
|-weather|Sandstorm|[upkeep]
|-damage|p1a: Jellicent|94/100|[from] Sandstorm
|-damage|p2a: Mamoswine|8/100 brn|[from] brn
|upkeep
|turn|13
|
|t:|1707871148
|switch|p1a: Latios|Latios, M|70/100
|-damage|p1a: Latios|58/100|[from] Stealth Rock
|move|p2a: Mamoswine|Earthquake|p1a: Latios
|-immune|p1a: Latios|[from] ability: Levitate
|
|-weather|Sandstorm|[upkeep]
|-damage|p1a: Latios|52/100|[from] Sandstorm
|-damage|p2a: Mamoswine|0 fnt|[from] brn
|faint|p2a: Mamoswine
|upkeep
|
|t:|1707871155
|switch|p2a: Scizor|Scizor, F|100/100
|turn|14
|
|t:|1707871160
|switch|p1a: Ferrothorn|Ferrothorn, M|96/100
|-damage|p1a: Ferrothorn|89/100|[from] Stealth Rock
|move|p2a: Scizor|Bullet Punch|p1a: Ferrothorn
|-resisted|p1a: Ferrothorn
|-damage|p1a: Ferrothorn|71/100
|-damage|p2a: Scizor|88/100|[from] ability: Iron Barbs|[of] p1a: Ferrothorn
|
|-weather|Sandstorm|[upkeep]
|-heal|p1a: Ferrothorn|77/100|[from] item: Leftovers
|upkeep
|turn|15
|
|t:|1707871164
|switch|p2a: Salamence|Salamence, M|100/100
|switch|p1a: Alakazam|Alakazam, F|100/100
|
|-weather|Sandstorm|[upkeep]
|-damage|p2a: Salamence|94/100|[from] Sandstorm
|upkeep
|turn|16
|
|t:|1707871169
|move|p2a: Salamence|Dragon Claw|p1a: Alakazam
|-enditem|p1a: Alakazam|Focus Sash
|-damage|p1a: Alakazam|1/100
|move|p1a: Alakazam|Hidden Power|p2a: Salamence
|-supereffective|p2a: Salamence
|-damage|p2a: Salamence|0 fnt
|faint|p2a: Salamence
|
|-weather|Sandstorm|[upkeep]
|upkeep
|
|t:|1707871177
|switch|p2a: Scizor|Scizor, F|88/100
|turn|17
|
|t:|1707871179
|move|p1a: Alakazam|Focus Blast|p2a: Scizor
|-damage|p2a: Scizor|34/100
|move|p2a: Scizor|U-turn|p1a: Alakazam
|-supereffective|p1a: Alakazam
|-damage|p1a: Alakazam|0 fnt
|faint|p1a: Alakazam
|
|t:|1707871187
|switch|p2a: Kyurem|Kyurem-Black|100/100|[from] U-turn
|-ability|p2a: Kyurem|Teravolt
|
|-weather|Sandstorm|[upkeep]
|-damage|p2a: Kyurem|94/100|[from] Sandstorm
|upkeep
|
|t:|1707871190
|switch|p1a: Ferrothorn|Ferrothorn, M|77/100
|-damage|p1a: Ferrothorn|71/100|[from] Stealth Rock
|turn|18
|
|t:|1707871194
|move|p2a: Kyurem|Outrage|p1a: Ferrothorn
|-resisted|p1a: Ferrothorn
|-damage|p1a: Ferrothorn|25/100
|-damage|p2a: Kyurem|82/100|[from] ability: Iron Barbs|[of] p1a: Ferrothorn
|move|p1a: Ferrothorn|Thunder Wave|p2a: Kyurem
|-status|p2a: Kyurem|par
|
|-weather|Sandstorm|[upkeep]
|-damage|p2a: Kyurem|76/100 par|[from] Sandstorm
|-heal|p1a: Ferrothorn|31/100|[from] item: Leftovers
|upkeep
|turn|19
|
|t:|1707871199
|move|p1a: Ferrothorn|Leech Seed|p2a: Kyurem
|-start|p2a: Kyurem|move: Leech Seed
|cant|p2a: Kyurem|par
|
|-weather|Sandstorm|[upkeep]
|-damage|p2a: Kyurem|70/100 par|[from] Sandstorm
|-heal|p1a: Ferrothorn|37/100|[from] item: Leftovers
|-damage|p2a: Kyurem|58/100 par|[from] Leech Seed|[of] p1a: Ferrothorn
|-heal|p1a: Ferrothorn|51/100|[silent]
|-start|p2a: Kyurem|confusion|[fatigue]
|upkeep
|turn|20
|
|t:|1707871207
|switch|p2a: Scizor|Scizor, F|34/100
|move|p1a: Ferrothorn|Thunder Wave|p2a: Scizor
|-status|p2a: Scizor|par
|
|-weather|Sandstorm|[upkeep]
|-heal|p1a: Ferrothorn|57/100|[from] item: Leftovers
|upkeep
|turn|21
|c|☆SK8HEAD|ah kinda needed that
|c|☆SK8HEAD|gg
|c|☆TheNexyr|yeah unfortunate, ggs
|c|☆TheNexyr|wp
|c|☆SK8HEAD|u2 brodie
|c|☆TheNexyr|tyty
|
|t:|1707871236
|move|p1a: Ferrothorn|Leech Seed|p2a: Scizor
|-start|p2a: Scizor|move: Leech Seed
|move|p2a: Scizor|Superpower|p1a: Ferrothorn
|-supereffective|p1a: Ferrothorn
|-damage|p1a: Ferrothorn|0 fnt
|-unboost|p2a: Scizor|atk|1
|-unboost|p2a: Scizor|def|1
|-damage|p2a: Scizor|22/100 par|[from] ability: Iron Barbs|[of] p1a: Ferrothorn
|faint|p1a: Ferrothorn
|
|-weather|Sandstorm|[upkeep]
|upkeep
|
|t:|1707871244
|switch|p1a: Jellicent|Jellicent, M|94/100
|-damage|p1a: Jellicent|82/100|[from] Stealth Rock
|turn|22
|
|t:|1707871247
|switch|p2a: Kyurem|Kyurem-Black|58/100 par
|-ability|p2a: Kyurem|Teravolt
|move|p1a: Jellicent|Scald|p2a: Kyurem
|-resisted|p2a: Kyurem
|-damage|p2a: Kyurem|45/100 par
|
|-weather|Sandstorm|[upkeep]
|-damage|p1a: Jellicent|76/100|[from] Sandstorm
|-damage|p2a: Kyurem|39/100 par|[from] Sandstorm
|upkeep
|turn|23
|
|t:|1707871254
|move|p1a: Jellicent|Scald|p2a: Kyurem
|-resisted|p2a: Kyurem
|-damage|p2a: Kyurem|27/100 par
|cant|p2a: Kyurem|par
|
|-weather|Sandstorm|[upkeep]
|-damage|p1a: Jellicent|69/100|[from] Sandstorm
|-damage|p2a: Kyurem|21/100 par|[from] Sandstorm
|upkeep
|turn|24
|c|☆SK8HEAD|i think i win
|c|☆TheNexyr|probably
|c|☆TheNexyr|oop
|c|☆SK8HEAD|if no fp
|c|☆SK8HEAD|lol
|
|t:|1707871270
|move|p1a: Jellicent|Scald|p2a: Kyurem
|-resisted|p2a: Kyurem
|-damage|p2a: Kyurem|10/100 par
|move|p2a: Kyurem|Outrage|p1a: Jellicent
|-crit|p1a: Jellicent
|-damage|p1a: Jellicent|0 fnt
|faint|p1a: Jellicent
|
|-weather|Sandstorm|[upkeep]
|-damage|p2a: Kyurem|4/100 par|[from] Sandstorm
|upkeep
|c|☆TheNexyr|ok yeah gg lol
|
|t:|1707871278
|switch|p1a: Latios|Latios, M|52/100
|-damage|p1a: Latios|39/100|[from] Stealth Rock
|turn|25
|c|☆SK8HEAD|im band yeah
|c|☆TheNexyr|unless sciz gets fp I guess but prob not
|
|t:|1707871294
|move|p1a: Latios|Hidden Power|p2a: Kyurem
|-crit|p2a: Kyurem
|-damage|p2a: Kyurem|0 fnt
|faint|p2a: Kyurem
|
|-weather|Sandstorm|[upkeep]
|-damage|p1a: Latios|33/100|[from] Sandstorm
|upkeep
|c|☆SK8HEAD|never say never
|
|t:|1707871303
|switch|p2a: Scizor|Scizor, F|22/100 par
|turn|26
|c|☆TheNexyr|very true
|
|t:|1707871310
|move|p2a: Scizor|Bullet Punch|p1a: Latios
|-damage|p1a: Latios|0 fnt
|faint|p1a: Latios
|
|win|SK8HEAD
|raw|TheNexyr's rating: 1449 &rarr; <strong>1432</strong><br />(-17 for losing)
|raw|SK8HEAD's rating: 1506 &rarr; <strong>1523</strong><br />(+17 for winning)
|c|☆TheNexyr|yeah ggs
