|j|☆Deckline
|j|☆All for not
|player|p1|Deckline|lucas|1603
|player|p2|All for not|169|1532
|teamsize|p1|6
|teamsize|p2|6
|gametype|singles
|gen|5
|tier|[Gen 5] OU
|rated|
|clearpoke
|poke|p1|Politoed, M|item
|poke|p1|Tentacruel, F|item
|poke|p1|Ferrothorn, M|item
|poke|p1|Mamoswine, F|item
|poke|p1|Keldeo|item
|poke|p1|Thundurus-Therian, M|item
|poke|p2|Latios, M|item
|poke|p2|Clefable, M|item
|poke|p2|Magnezone|item
|poke|p2|Landorus-Therian, M|item
|poke|p2|Jirachi|item
|poke|p2|Starmie|item
|rule|Species Clause: Limit one of each Pokémon
|rule|OHKO Clause: OHKO moves are banned
|rule|Moody Clause: Moody is banned
|rule|Evasion Moves Clause: Evasion moves are banned
|rule|Endless Battle Clause: Forcing endless battles is banned
|rule|HP Percentage Mod: HP is shown in percentages
|rule|Evasion Abilities Clause: Evasion abilities are banned
|rule|Baton Pass Clause: Limit one Baton Passer, can't pass Spe and other stats simultaneously
|rule|Sleep Clause: Sleep-inducing moves are banned
|rule|Swagger Clause: Swagger is banned
|teampreview
|inactive|Battle timer is ON: inactive players will automatically lose when time's up. (requested by All for not)
|
|start
|switch|p1a: Politoed|Politoed, M|100/100
|switch|p2a: Starmie|Starmie|100/100
|-weather|RainDance|[from] ability: Drizzle|[of] p1a: Politoed
|turn|1
|
|move|p1a: Politoed|Protect|p1a: Politoed
|-singleturn|p1a: Politoed|Protect
|move|p2a: Starmie|Thunderbolt|p1a: Politoed
|-activate|p1a: Politoed|move: Protect
|
|-weather|RainDance|[upkeep]
|upkeep
|turn|2
|inactive|Deckline has 120 seconds left.
|
|switch|p1a: Ferrothorn|Ferrothorn, M|100/100
|move|p2a: Starmie|Thunderbolt|p1a: Ferrothorn
|-resisted|p1a: Ferrothorn
|-damage|p1a: Ferrothorn|90/100
|
|-weather|RainDance|[upkeep]
|-heal|p1a: Ferrothorn|97/100|[from] item: Leftovers
|upkeep
|turn|3
|
|switch|p1a: Mamoswine|Mamoswine, F|100/100
|move|p2a: Starmie|Hydro Pump|p1a: Mamoswine
|-supereffective|p1a: Mamoswine
|-damage|p1a: Mamoswine|0 fnt
|faint|p1a: Mamoswine
|
|-weather|RainDance|[upkeep]
|upkeep
|
|switch|p1a: Ferrothorn|Ferrothorn, M|97/100
|turn|4
|
|move|p2a: Starmie|Hydro Pump|p1a: Ferrothorn
|-resisted|p1a: Ferrothorn
|-damage|p1a: Ferrothorn|71/100
|move|p1a: Ferrothorn|Stealth Rock|p2a: Starmie
|-sidestart|p2: All for not|move: Stealth Rock
|
|-weather|RainDance|[upkeep]
|-heal|p1a: Ferrothorn|77/100|[from] item: Leftovers
|upkeep
|turn|5
|
|switch|p2a: Magnezone|Magnezone|100/100
|-damage|p2a: Magnezone|94/100|[from] Stealth Rock
|-item|p2a: Magnezone|Air Balloon
|move|p1a: Ferrothorn|Power Whip|p2a: Magnezone
|-resisted|p2a: Magnezone
|-damage|p2a: Magnezone|75/100
|-enditem|p2a: Magnezone|Air Balloon
|
|-weather|RainDance|[upkeep]
|-heal|p1a: Ferrothorn|83/100|[from] item: Leftovers
|upkeep
|turn|6
|
|move|p2a: Magnezone|Sunny Day|p2a: Magnezone
|-weather|SunnyDay
|move|p1a: Ferrothorn|Spikes|p2a: Magnezone
|-sidestart|p2: All for not|Spikes
|
|-weather|SunnyDay|[upkeep]
|-heal|p1a: Ferrothorn|90/100|[from] item: Leftovers
|upkeep
|turn|7
|
|move|p2a: Magnezone|Hidden Power|p1a: Ferrothorn
|-supereffective|p1a: Ferrothorn
|-damage|p1a: Ferrothorn|0 fnt
|faint|p1a: Ferrothorn
|
|-weather|SunnyDay|[upkeep]
|upkeep
|
|switch|p1a: Politoed|Politoed, M|100/100
|-weather|RainDance|[from] ability: Drizzle|[of] p1a: Politoed
|turn|8
|
|switch|p1a: Thundurus|Thundurus-Therian, M|100/100
|move|p2a: Magnezone|Thunderbolt|p1a: Thundurus
|-immune|p1a: Thundurus|[from] ability: Volt Absorb
|
|-weather|RainDance|[upkeep]
|upkeep
|turn|9
|
|switch|p2a: Latios|Latios, M|100/100
|-damage|p2a: Latios|88/100|[from] Stealth Rock
|move|p1a: Thundurus|Substitute|p1a: Thundurus
|-start|p1a: Thundurus|Substitute
|-damage|p1a: Thundurus|76/100
|
|-weather|RainDance|[upkeep]
|-heal|p1a: Thundurus|82/100|[from] item: Leftovers
|upkeep
|turn|10
|
|move|p2a: Latios|Surf|p1a: Thundurus
|-end|p1a: Thundurus|Substitute
|move|p1a: Thundurus|Hidden Power|p2a: Latios
|-supereffective|p2a: Latios
|-damage|p2a: Latios|38/100
|
|-weather|RainDance|[upkeep]
|-heal|p1a: Thundurus|88/100|[from] item: Leftovers
|upkeep
|turn|11
|
|switch|p1a: Tentacruel|Tentacruel, F|100/100
|move|p2a: Latios|Surf|p1a: Tentacruel
|-resisted|p1a: Tentacruel
|-damage|p1a: Tentacruel|83/100
|
|-weather|RainDance|[upkeep]
|-heal|p1a: Tentacruel|89/100|[from] ability: Rain Dish
|-heal|p1a: Tentacruel|95/100|[from] item: Black Sludge
|upkeep
|turn|12
|
|switch|p2a: Starmie|Starmie|100/100
|-damage|p2a: Starmie|88/100|[from] Spikes
|-damage|p2a: Starmie|76/100|[from] Stealth Rock
|switch|p1a: Thundurus|Thundurus-Therian, M|88/100
|
|-weather|RainDance|[upkeep]
|-heal|p1a: Thundurus|94/100|[from] item: Leftovers
|upkeep
|turn|13
|
|move|p2a: Starmie|Hydro Pump|p1a: Thundurus|[miss]
|-miss|p2a: Starmie|p1a: Thundurus
|move|p1a: Thundurus|Thunder|p2a: Starmie
|-supereffective|p2a: Starmie
|-damage|p2a: Starmie|0 fnt
|faint|p2a: Starmie
|
|-weather|RainDance|[upkeep]
|-heal|p1a: Thundurus|99/100|[from] item: Leftovers
|upkeep
|
|switch|p2a: Latios|Latios, M|38/100
|-damage|p2a: Latios|25/100|[from] Stealth Rock
|turn|14
|j| TKMOZ
|
|switch|p1a: Politoed|Politoed, M|100/100
|move|p2a: Latios|Draco Meteor|p1a: Politoed
|-damage|p1a: Politoed|43/100
|-unboost|p2a: Latios|spa|2
|
|-weather|RainDance|[upkeep]
|-heal|p1a: Politoed|49/100|[from] item: Leftovers
|upkeep
|turn|15
|
|switch|p2a: Magnezone|Magnezone|75/100
|-damage|p2a: Magnezone|62/100|[from] Spikes
|-damage|p2a: Magnezone|56/100|[from] Stealth Rock
|move|p1a: Politoed|Scald|p2a: Magnezone
|-damage|p2a: Magnezone|10/100
|-status|p2a: Magnezone|brn
|
|-weather|RainDance|[upkeep]
|-heal|p1a: Politoed|55/100|[from] item: Leftovers
|-damage|p2a: Magnezone|0 fnt|[from] brn
|faint|p2a: Magnezone
|upkeep
|
|switch|p2a: Clefable|Clefable, M|100/100
|turn|16
|
|move|p2a: Clefable|Thunderbolt|p1a: Politoed
|-supereffective|p1a: Politoed
|-damage|p1a: Politoed|0 fnt
|faint|p1a: Politoed
|
|-weather|RainDance|[upkeep]
|upkeep
|
|switch|p1a: Thundurus|Thundurus-Therian, M|99/100
|turn|17
|
|move|p1a: Thundurus|Thunder|p2a: Clefable
|-damage|p2a: Clefable|37/100
|move|p2a: Clefable|Ice Beam|p1a: Thundurus
|-supereffective|p1a: Thundurus
|-damage|p1a: Thundurus|16/100
|
|-weather|RainDance|[upkeep]
|-heal|p1a: Thundurus|22/100|[from] item: Leftovers
|upkeep
|turn|18
|
|move|p1a: Thundurus|Thunder|p2a: Clefable
|-damage|p2a: Clefable|0 fnt
|faint|p2a: Clefable
|
|-weather|RainDance|[upkeep]
|-heal|p1a: Thundurus|29/100|[from] item: Leftovers
|upkeep
|
|switch|p2a: Latios|Latios, M|25/100
|-damage|p2a: Latios|13/100|[from] Stealth Rock
|turn|19
|
|move|p2a: Latios|Dragon Pulse|p1a: Thundurus
|-crit|p1a: Thundurus
|-damage|p1a: Thundurus|0 fnt
|faint|p1a: Thundurus
|
|-weather|RainDance|[upkeep]
|upkeep
|
|switch|p1a: Keldeo|Keldeo|100/100
|turn|20
|
|move|p2a: Latios|Dragon Pulse|p1a: Keldeo
|-damage|p1a: Keldeo|50/100
|move|p1a: Keldeo|Surf|p2a: Latios
|-resisted|p2a: Latios
|-damage|p2a: Latios|0 fnt
|faint|p2a: Latios
|
|-weather|RainDance|[upkeep]
|upkeep
|
|switch|p2a: Jirachi|Jirachi|100/100
|-damage|p2a: Jirachi|94/100|[from] Stealth Rock
|-damage|p2a: Jirachi|82/100|[from] Spikes
|turn|21
|
|switch|p1a: Tentacruel|Tentacruel, F|95/100
|move|p2a: Jirachi|Body Slam|p1a: Tentacruel
|-damage|p1a: Tentacruel|70/100
|
|-weather|RainDance|[upkeep]
|-heal|p1a: Tentacruel|76/100|[from] ability: Rain Dish
|-heal|p1a: Tentacruel|82/100|[from] item: Black Sludge
|-heal|p2a: Jirachi|88/100|[from] item: Leftovers
|upkeep
|turn|22
|
|move|p2a: Jirachi|Protect|p2a: Jirachi
|-singleturn|p2a: Jirachi|Protect
|move|p1a: Tentacruel|Scald|p2a: Jirachi
|-activate|p2a: Jirachi|move: Protect
|
|-weather|RainDance|[upkeep]
|-heal|p1a: Tentacruel|88/100|[from] ability: Rain Dish
|-heal|p1a: Tentacruel|94/100|[from] item: Black Sludge
|-heal|p2a: Jirachi|94/100|[from] item: Leftovers
|upkeep
|turn|23
|
|move|p1a: Tentacruel|Scald|p2a: Jirachi
|-damage|p2a: Jirachi|74/100
|move|p2a: Jirachi|Body Slam|p1a: Tentacruel
|-damage|p1a: Tentacruel|70/100
|-status|p1a: Tentacruel|par
|
|-weather|RainDance|[upkeep]
|-heal|p1a: Tentacruel|76/100 par|[from] ability: Rain Dish
|-heal|p2a: Jirachi|80/100|[from] item: Leftovers
|-heal|p1a: Tentacruel|82/100 par|[from] item: Black Sludge
|upkeep
|turn|24
|
|switch|p2a: Landorus|Landorus-Therian, M|100/100
|-damage|p2a: Landorus|88/100|[from] Stealth Rock
|-ability|p2a: Landorus|Intimidate|boost
|-unboost|p1a: Tentacruel|atk|1
|move|p1a: Tentacruel|Scald|p2a: Landorus
|-supereffective|p2a: Landorus
|-damage|p2a: Landorus|20/100
|
|-weather|RainDance|[upkeep]
|-heal|p1a: Tentacruel|88/100 par|[from] ability: Rain Dish
|-heal|p1a: Tentacruel|94/100 par|[from] item: Black Sludge
|upkeep
|turn|25
|
|move|p1a: Tentacruel|Protect|p1a: Tentacruel
|-singleturn|p1a: Tentacruel|Protect
|move|p2a: Landorus|Earthquake|p1a: Tentacruel
|-activate|p1a: Tentacruel|move: Protect
|
|-weather|RainDance|[upkeep]
|-heal|p1a: Tentacruel|100/100 par|[from] ability: Rain Dish
|upkeep
|turn|26
|
|move|p2a: Landorus|Earthquake|p1a: Tentacruel
|-supereffective|p1a: Tentacruel
|-damage|p1a: Tentacruel|0 fnt
|faint|p1a: Tentacruel
|
|-weather|RainDance|[upkeep]
|upkeep
|
|switch|p1a: Keldeo|Keldeo|50/100
|turn|27
|
|move|p1a: Keldeo|Hydro Pump|p2a: Landorus
|-supereffective|p2a: Landorus
|-damage|p2a: Landorus|0 fnt
|faint|p2a: Landorus
|
|-weather|RainDance|[upkeep]
|upkeep
|
|switch|p2a: Jirachi|Jirachi|80/100
|-damage|p2a: Jirachi|74/100|[from] Stealth Rock
|-damage|p2a: Jirachi|62/100|[from] Spikes
|turn|28
|
|move|p2a: Jirachi|Protect|p2a: Jirachi
|-singleturn|p2a: Jirachi|Protect
|move|p1a: Keldeo|Hydro Pump|p2a: Jirachi
|-activate|p2a: Jirachi|move: Protect
|
|-weather|RainDance|[upkeep]
|-heal|p2a: Jirachi|68/100|[from] item: Leftovers
|upkeep
|turn|29
|
|move|p1a: Keldeo|Hydro Pump|p2a: Jirachi
|-damage|p2a: Jirachi|14/100
|move|p2a: Jirachi|Body Slam|p1a: Keldeo
|-damage|p1a: Keldeo|26/100
|-status|p1a: Keldeo|par
|
|-weather|RainDance|[upkeep]
|-heal|p2a: Jirachi|21/100|[from] item: Leftovers
|upkeep
|turn|30
|
|move|p2a: Jirachi|Protect|p2a: Jirachi
|-singleturn|p2a: Jirachi|Protect
|move|p1a: Keldeo|Hydro Pump|p2a: Jirachi
|-activate|p2a: Jirachi|move: Protect
|
|-weather|RainDance|[upkeep]
|-heal|p2a: Jirachi|27/100|[from] item: Leftovers
|upkeep
|turn|31
|
|move|p2a: Jirachi|Iron Head|p1a: Keldeo
|-resisted|p1a: Keldeo
|-damage|p1a: Keldeo|8/100 par
|cant|p1a: Keldeo|flinch
|
|-weather|RainDance|[upkeep]
|-heal|p2a: Jirachi|33/100|[from] item: Leftovers
|upkeep
|turn|32
|
|move|p2a: Jirachi|Body Slam|p1a: Keldeo
|-damage|p1a: Keldeo|0 fnt
|faint|p1a: Keldeo
|
|win|All for not
|c|☆Deckline|disgusting
|l|☆Deckline
|raw|Deckline's rating: 1603 &rarr; <strong>1579</strong><br />(-24 for losing)
|raw|All for not's rating: 1532 &rarr; <strong>1556</strong><br />(+24 for winning)
|l| TKMOZ
