|j|☆SwordIsBored
|j|☆Nalorium
|t:|1730476467
|gametype|singles
|player|p1|SwordIsBored|gardenia-masters|1587
|player|p2|Nalorium|#nalorium|1541
|teamsize|p1|6
|teamsize|p2|6
|gen|5
|tier|[Gen 5] OU
|rated|
|rule|Species Clause: Limit one of each Pokémon
|rule|OHKO Clause: OHKO moves are banned
|rule|Moody Clause: Moody is banned
|rule|Evasion Items Clause: Evasion items are banned
|rule|Evasion Moves Clause: Evasion moves are banned
|rule|Endless Battle Clause: Forcing endless battles is banned
|rule|HP Percentage Mod: HP is shown in percentages
|rule|Evasion Abilities Clause: Evasion abilities are banned
|rule|Sleep Moves Clause: Sleep-inducing moves are banned
|rule|Swagger Clause: Swagger is banned
|rule|Baton Pass Stat Clause: No Baton Passer may have a way to boost its stats
|clearpoke
|poke|p1|Abomasnow, M|item
|poke|p1|Forretress, M|item
|poke|p1|Jellicent, F|item
|poke|p1|Kyurem-Black|item
|poke|p1|Gliscor, F|item
|poke|p1|Mandibuzz, F|item
|poke|p2|Chansey, F|item
|poke|p2|Cresselia, F|item
|poke|p2|Donphan, M|item
|poke|p2|Heatran, M|item
|poke|p2|Ninetales, M|item
|poke|p2|Volcarona, M|item
|teampreview
|c|☆SwordIsBored|glhf
|
|t:|1730476503
|start
|switch|p1a: Gliscor|Gliscor, F|100/100
|switch|p2a: Ninetales|Ninetales, M|100/100
|-weather|SunnyDay|[from] ability: Drought|[of] p2a: Ninetales
|turn|1
|
|t:|1730476508
|switch|p2a: Volcarona|Volcarona, M, shiny|100/100
|move|p1a: Gliscor|Protect||[still]
|-fail|p1a: Gliscor
|
|-weather|SunnyDay|[upkeep]
|-status|p1a: Gliscor|tox|[from] item: Toxic Orb
|upkeep
|turn|2
|inactive|Battle timer is ON: inactive players will automatically lose when time's up. (requested by Nalorium)
|
|t:|1730476599
|switch|p1a: Abomasnow|Abomasnow, M|100/100
|-weather|Hail|[from] ability: Snow Warning|[of] p1a: Abomasnow
|move|p2a: Volcarona|Quiver Dance|p2a: Volcarona
|-boost|p2a: Volcarona|spa|1
|-boost|p2a: Volcarona|spd|1
|-boost|p2a: Volcarona|spe|1
|
|-weather|Hail|[upkeep]
|-damage|p2a: Volcarona|94/100|[from] Hail
|-heal|p2a: Volcarona|100/100|[from] item: Leftovers
|upkeep
|turn|3
|
|t:|1730476609
|move|p2a: Volcarona|Flamethrower|p1a: Abomasnow
|-supereffective|p1a: Abomasnow
|-damage|p1a: Abomasnow|0 fnt
|faint|p1a: Abomasnow
|
|-weather|Hail|[upkeep]
|-damage|p2a: Volcarona|94/100|[from] Hail
|-heal|p2a: Volcarona|100/100|[from] item: Leftovers
|upkeep
|
|t:|1730476620
|switch|p1a: Gliscor|Gliscor, F|100/100 tox
|turn|4
|
|t:|1730476628
|move|p2a: Volcarona|Quiver Dance|p2a: Volcarona
|-boost|p2a: Volcarona|spa|1
|-boost|p2a: Volcarona|spd|1
|-boost|p2a: Volcarona|spe|1
|move|p1a: Gliscor|Earthquake|p2a: Volcarona
|-damage|p2a: Volcarona|69/100
|
|-weather|Hail|[upkeep]
|-damage|p2a: Volcarona|63/100|[from] Hail
|-damage|p1a: Gliscor|94/100 tox|[from] Hail
|-heal|p2a: Volcarona|69/100|[from] item: Leftovers
|-heal|p1a: Gliscor|100/100 tox|[from] ability: Poison Heal
|upkeep
|turn|5
|
|t:|1730476631
|move|p2a: Volcarona|Quiver Dance|p2a: Volcarona
|-boost|p2a: Volcarona|spa|1
|-boost|p2a: Volcarona|spd|1
|-boost|p2a: Volcarona|spe|1
|move|p1a: Gliscor|Earthquake|p2a: Volcarona
|-damage|p2a: Volcarona|40/100
|
|-weather|Hail|[upkeep]
|-damage|p2a: Volcarona|34/100|[from] Hail
|-damage|p1a: Gliscor|94/100 tox|[from] Hail
|-heal|p2a: Volcarona|40/100|[from] item: Leftovers
|-heal|p1a: Gliscor|100/100 tox|[from] ability: Poison Heal
|upkeep
|turn|6
|c|☆SwordIsBored|ofc i get unwinnable mu g1
|c|☆SwordIsBored|damn
|
|t:|1730476654
|move|p2a: Volcarona|Roost|p2a: Volcarona
|-heal|p2a: Volcarona|90/100
|-singleturn|p2a: Volcarona|move: Roost
|move|p1a: Gliscor|Earthquake|p2a: Volcarona
|-damage|p2a: Volcarona|58/100
|
|-weather|Hail|[upkeep]
|-damage|p2a: Volcarona|52/100|[from] Hail
|-damage|p1a: Gliscor|94/100 tox|[from] Hail
|-heal|p2a: Volcarona|58/100|[from] item: Leftovers
|-heal|p1a: Gliscor|100/100 tox|[from] ability: Poison Heal
|upkeep
|turn|7
|
|t:|1730476658
|move|p2a: Volcarona|Roost|p2a: Volcarona
|-heal|p2a: Volcarona|100/100
|-singleturn|p2a: Volcarona|move: Roost
|move|p1a: Gliscor|Toxic|p2a: Volcarona
|-status|p2a: Volcarona|tox
|
|-weather|Hail|[upkeep]
|-damage|p2a: Volcarona|94/100 tox|[from] Hail
|-damage|p1a: Gliscor|94/100 tox|[from] Hail
|-heal|p2a: Volcarona|100/100 tox|[from] item: Leftovers
|-damage|p2a: Volcarona|94/100 tox|[from] psn
|-heal|p1a: Gliscor|100/100 tox|[from] ability: Poison Heal
|upkeep
|turn|8
|
|t:|1730476664
|move|p2a: Volcarona|Flamethrower|p1a: Gliscor
|-damage|p1a: Gliscor|9/100 tox
|move|p1a: Gliscor|Earthquake|p2a: Volcarona
|-damage|p2a: Volcarona|61/100 tox
|
|-weather|Hail|[upkeep]
|-damage|p2a: Volcarona|55/100 tox|[from] Hail
|-damage|p1a: Gliscor|2/100 tox|[from] Hail
|-heal|p2a: Volcarona|61/100 tox|[from] item: Leftovers
|-damage|p2a: Volcarona|49/100 tox|[from] psn
|-heal|p1a: Gliscor|15/100 tox|[from] ability: Poison Heal
|upkeep
|turn|9
|
|t:|1730476679
|switch|p2a: Ninetales|Ninetales, M|100/100
|-weather|SunnyDay|[from] ability: Drought|[of] p2a: Ninetales
|switch|p1a: Jellicent|Jellicent, F|100/100
|
|-weather|SunnyDay|[upkeep]
|upkeep
|turn|10
|
|t:|1730476692
|switch|p1a: Mandibuzz|Mandibuzz, F|100/100
|move|p2a: Ninetales|Flamethrower|p1a: Mandibuzz
|-damage|p1a: Mandibuzz|77/100
|
|-weather|SunnyDay|[upkeep]
|-heal|p1a: Mandibuzz|83/100|[from] item: Leftovers
|upkeep
|turn|11
|
|t:|1730476700
|move|p2a: Ninetales|Will-O-Wisp|p1a: Mandibuzz
|-status|p1a: Mandibuzz|brn
|move|p1a: Mandibuzz|Toxic|p2a: Ninetales
|-status|p2a: Ninetales|tox
|
|-weather|SunnyDay|[upkeep]
|-heal|p1a: Mandibuzz|89/100 brn|[from] item: Leftovers
|-damage|p2a: Ninetales|94/100 tox|[from] psn
|-damage|p1a: Mandibuzz|77/100 brn|[from] brn
|upkeep
|turn|12
|inactive|SwordIsBored has 120 seconds left.
|
|t:|1730476747
|move|p2a: Ninetales|Flamethrower|p1a: Mandibuzz
|-damage|p1a: Mandibuzz|54/100 brn
|move|p1a: Mandibuzz|Roost|p1a: Mandibuzz
|-heal|p1a: Mandibuzz|100/100 brn
|-singleturn|p1a: Mandibuzz|move: Roost
|
|-weather|SunnyDay|[upkeep]
|-heal|p2a: Ninetales|100/100 tox|[from] item: Leftovers
|-damage|p2a: Ninetales|88/100 tox|[from] psn
|-damage|p1a: Mandibuzz|88/100 brn|[from] brn
|upkeep
|turn|13
|
|t:|1730476756
|move|p2a: Ninetales|Flamethrower|p1a: Mandibuzz
|-damage|p1a: Mandibuzz|63/100 brn
|move|p1a: Mandibuzz|Taunt|p2a: Ninetales
|-start|p2a: Ninetales|move: Taunt
|
|-weather|SunnyDay|[upkeep]
|-heal|p2a: Ninetales|94/100 tox|[from] item: Leftovers
|-heal|p1a: Mandibuzz|69/100 brn|[from] item: Leftovers
|-damage|p2a: Ninetales|76/100 tox|[from] psn
|-damage|p1a: Mandibuzz|57/100 brn|[from] brn
|upkeep
|turn|14
|
|t:|1730476759
|switch|p2a: Heatran|Heatran, M, shiny|100/100
|move|p1a: Mandibuzz|Roost|p1a: Mandibuzz
|-heal|p1a: Mandibuzz|100/100 brn
|-singleturn|p1a: Mandibuzz|move: Roost
|
|-weather|SunnyDay|[upkeep]
|-damage|p1a: Mandibuzz|88/100 brn|[from] brn
|upkeep
|turn|15
|inactive|SwordIsBored has 120 seconds left.
|
|t:|1730476779
|switch|p1a: Jellicent|Jellicent, F|100/100
|move|p2a: Heatran|Magma Storm|p1a: Jellicent|[miss]
|-miss|p2a: Heatran|p1a: Jellicent
|
|-weather|SunnyDay|[upkeep]
|upkeep
|turn|16
|inactive|SwordIsBored has 120 seconds left.
|
|t:|1730476790
|move|p2a: Heatran|Magma Storm|p1a: Jellicent
|-resisted|p1a: Jellicent
|-damage|p1a: Jellicent|62/100
|-activate|p1a: Jellicent|move: Magma Storm|[of] p2a: Heatran
|move|p1a: Jellicent|Recover|p1a: Jellicent
|-heal|p1a: Jellicent|100/100
|
|-weather|SunnyDay|[upkeep]
|-damage|p1a: Jellicent|94/100|[from] move: Magma Storm|[partiallytrapped]
|upkeep
|turn|17
|inactive|SwordIsBored has 120 seconds left.
|
|t:|1730476798
|move|p2a: Heatran|Solar Beam||[still]
|-prepare|p2a: Heatran|Solar Beam
|-anim|p2a: Heatran|Solar Beam|p1a: Jellicent
|-supereffective|p1a: Jellicent
|-damage|p1a: Jellicent|18/100
|move|p1a: Jellicent|Shadow Ball|p2a: Heatran
|-resisted|p2a: Heatran
|-damage|p2a: Heatran|87/100
|-unboost|p2a: Heatran|spd|1
|
|-weather|SunnyDay|[upkeep]
|-heal|p2a: Heatran|94/100|[from] item: Leftovers
|-heal|p1a: Jellicent|24/100|[from] item: Leftovers
|-damage|p1a: Jellicent|18/100|[from] move: Magma Storm|[partiallytrapped]
|upkeep
|turn|18
|
|t:|1730476802
|move|p2a: Heatran|Solar Beam||[still]
|-prepare|p2a: Heatran|Solar Beam
|-anim|p2a: Heatran|Solar Beam|p1a: Jellicent
|-supereffective|p1a: Jellicent
|-damage|p1a: Jellicent|0 fnt
|faint|p1a: Jellicent
|
|-weather|SunnyDay|[upkeep]
|-heal|p2a: Heatran|99/100|[from] item: Leftovers
|upkeep
|
|t:|1730476810
|switch|p1a: Gliscor|Gliscor, F|15/100 tox
|turn|19
|c|☆SwordIsBored|yea 0 way to win this
|c|☆SwordIsBored|nice matchup.
|-message|SwordIsBored forfeited.
|
|win|Nalorium
|raw|SwordIsBored's rating: 1587 &rarr; <strong>1564</strong><br />(-23 for losing)
|raw|Nalorium's rating: 1541 &rarr; <strong>1564</strong><br />(+23 for winning)
