|j|☆XXXEBONMAN
|j|☆gyter ph0
|player|p1|XXXEBONMAN|144|1332
|player|p2|gyter ph0|66|1413
|teamsize|p1|6
|teamsize|p2|6
|gametype|singles
|gen|5
|tier|[Gen 5] OU
|rated|
|rule|Sleep Clause Mod: Limit one foe put to sleep
|rule|Species Clause: Limit one of each Pokémon
|rule|OHKO Clause: OHKO moves are banned
|rule|Moody Clause: Moody is banned
|rule|Evasion Moves Clause: Evasion moves are banned
|rule|Endless Battle Clause: Forcing endless battles is banned
|rule|HP Percentage Mod: HP is shown in percentages
|rule|Evasion Abilities Clause: Evasion abilities are banned
|rule|Baton Pass Clause: Limit one Baton Passer, can't pass Spe and other stats simultaneously
|rule|Swagger Clause: Swagger is banned
|clearpoke
|poke|p1|Kyurem-Black|item
|poke|p1|Slowking, M|item
|poke|p1|Excadrill, M|item
|poke|p1|Latios, M|item
|poke|p1|Heatran, M|item
|poke|p1|Garchomp, M|item
|poke|p2|Reuniclus, F|item
|poke|p2|Skarmory, F|item
|poke|p2|Garchomp, M|item
|poke|p2|Jellicent, M|item
|poke|p2|Tyranitar, F|item
|poke|p2|Heatran, F|item
|teampreview
|
|start
|switch|p1a: Kyurem|Kyurem-Black|100/100
|switch|p2a: Garchomp|Garchomp, M|100/100
|-ability|p1a: Kyurem|Teravolt
|turn|1
|
|switch|p1a: Slowking|Slowking, M|100/100
|switch|p2a: Skarmory|Skarmory, F|100/100
|
|upkeep
|turn|2
|
|move|p1a: Slowking|Magic Coat|p1a: Slowking
|-singleturn|p1a: Slowking|move: Magic Coat
|move|p2a: Skarmory|Spikes|p1a: Slowking
|move|p1a: Slowking|Spikes|p2a: Skarmory|[from]Magic Coat
|-sidestart|p2: gyter ph0|Spikes
|
|upkeep
|turn|3
|
|move|p2a: Skarmory|Spikes|p1a: Slowking
|-sidestart|p1: XXXEBONMAN|Spikes
|move|p1a: Slowking|Flamethrower|p2a: Skarmory
|-supereffective|p2a: Skarmory
|-damage|p2a: Skarmory|58/100
|
|-heal|p2a: Skarmory|64/100|[from] item: Leftovers
|upkeep
|turn|4
|
|move|p1a: Slowking|Scald|p2a: Skarmory
|-damage|p2a: Skarmory|40/100
|-status|p2a: Skarmory|brn
|move|p2a: Skarmory|Whirlwind|p1a: Slowking
|drag|p1a: Excadrill|Excadrill, M|100/100
|-ability|p1a: Excadrill|Mold Breaker
|-item|p1a: Excadrill|Air Balloon
|
|-heal|p2a: Skarmory|46/100 brn|[from] item: Leftovers
|-damage|p2a: Skarmory|34/100 brn|[from] brn
|upkeep
|turn|5
|
|switch|p1a: Slowking|Slowking, M|100/100
|-damage|p1a: Slowking|88/100|[from] Spikes
|move|p2a: Skarmory|Roost|p2a: Skarmory
|-heal|p2a: Skarmory|84/100 brn
|-singleturn|p2a: Skarmory|move: Roost
|
|-heal|p2a: Skarmory|90/100 brn|[from] item: Leftovers
|-heal|p1a: Slowking|94/100|[from] item: Leftovers
|-damage|p2a: Skarmory|78/100 brn|[from] brn
|upkeep
|turn|6
|
|switch|p2a: Jellicent|Jellicent, M|100/100
|-damage|p2a: Jellicent|88/100|[from] Spikes
|move|p1a: Slowking|Flamethrower|p2a: Jellicent
|-resisted|p2a: Jellicent
|-damage|p2a: Jellicent|79/100
|
|-heal|p2a: Jellicent|85/100|[from] item: Leftovers
|-heal|p1a: Slowking|99/100|[from] item: Leftovers
|upkeep
|turn|7
|
|move|p1a: Slowking|Magic Coat|p1a: Slowking
|-singleturn|p1a: Slowking|move: Magic Coat
|move|p2a: Jellicent|Scald|p1a: Slowking
|-resisted|p1a: Slowking
|-damage|p1a: Slowking|93/100
|
|-heal|p2a: Jellicent|91/100|[from] item: Leftovers
|-heal|p1a: Slowking|99/100|[from] item: Leftovers
|upkeep
|turn|8
|
|switch|p1a: Latios|Latios, M|100/100
|move|p2a: Jellicent|Scald|p1a: Latios
|-resisted|p1a: Latios
|-damage|p1a: Latios|88/100
|
|-heal|p2a: Jellicent|97/100|[from] item: Leftovers
|upkeep
|turn|9
|
|move|p1a: Latios|Trick|p2a: Jellicent
|-activate|p1a: Latios|move: Trick|[of] p2a: Jellicent
|-item|p2a: Jellicent|Choice Scarf|[from] move: Trick
|-item|p1a: Latios|Leftovers|[from] move: Trick
|move|p2a: Jellicent|Recover|p2a: Jellicent
|-heal|p2a: Jellicent|100/100
|
|-heal|p1a: Latios|94/100|[from] item: Leftovers
|upkeep
|turn|10
|
|switch|p1a: Kyurem|Kyurem-Black|100/100
|-damage|p1a: Kyurem|88/100|[from] Spikes
|-ability|p1a: Kyurem|Teravolt
|switch|p2a: Tyranitar|Tyranitar, F|100/100
|-damage|p2a: Tyranitar|88/100|[from] Spikes
|-weather|Sandstorm|[from] ability: Sand Stream|[of] p2a: Tyranitar
|
|-weather|Sandstorm|[upkeep]
|-damage|p1a: Kyurem|82/100|[from] Sandstorm
|upkeep
|turn|11
|
|switch|p2a: Skarmory|Skarmory, F|78/100 brn
|move|p1a: Kyurem|Dragon Claw|p2a: Skarmory
|-resisted|p2a: Skarmory
|-damage|p2a: Skarmory|48/100 brn
|
|-weather|Sandstorm|[upkeep]
|-damage|p1a: Kyurem|76/100|[from] Sandstorm
|-heal|p2a: Skarmory|54/100 brn|[from] item: Leftovers
|-damage|p2a: Skarmory|42/100 brn|[from] brn
|upkeep
|turn|12
|
|move|p1a: Kyurem|Dragon Claw|p2a: Skarmory
|-resisted|p2a: Skarmory
|-damage|p2a: Skarmory|13/100 brn
|move|p2a: Skarmory|Roost|p2a: Skarmory
|-heal|p2a: Skarmory|64/100 brn
|-singleturn|p2a: Skarmory|move: Roost
|
|-weather|Sandstorm|[upkeep]
|-damage|p1a: Kyurem|70/100|[from] Sandstorm
|-heal|p2a: Skarmory|70/100 brn|[from] item: Leftovers
|-damage|p2a: Skarmory|57/100 brn|[from] brn
|upkeep
|turn|13
|
|switch|p1a: Heatran|Heatran, M|100/100
|-damage|p1a: Heatran|88/100|[from] Spikes
|move|p2a: Skarmory|Spikes|p1a: Heatran
|-sidestart|p1: XXXEBONMAN|Spikes
|
|-weather|Sandstorm|[upkeep]
|-heal|p1a: Heatran|94/100|[from] item: Leftovers
|-heal|p2a: Skarmory|63/100 brn|[from] item: Leftovers
|-damage|p2a: Skarmory|51/100 brn|[from] brn
|upkeep
|turn|14
|
|switch|p2a: Jellicent|Jellicent, M|100/100
|-damage|p2a: Jellicent|88/100|[from] Spikes
|move|p1a: Heatran|Stealth Rock|p2a: Jellicent
|-sidestart|p2: gyter ph0|move: Stealth Rock
|
|-weather|Sandstorm|[upkeep]
|-damage|p2a: Jellicent|82/100|[from] Sandstorm
|-heal|p1a: Heatran|100/100|[from] item: Leftovers
|upkeep
|turn|15
|
|move|p1a: Heatran|Protect|p1a: Heatran
|-singleturn|p1a: Heatran|Protect
|move|p2a: Jellicent|Scald|p1a: Heatran
|-activate|p1a: Heatran|move: Protect
|
|-weather|Sandstorm|[upkeep]
|-damage|p2a: Jellicent|76/100|[from] Sandstorm
|upkeep
|turn|16
|
|move|p2a: Jellicent|Scald|p1a: Heatran
|-supereffective|p1a: Heatran
|-damage|p1a: Heatran|66/100
|move|p1a: Heatran|Toxic|p2a: Jellicent
|-status|p2a: Jellicent|tox
|
|-weather|Sandstorm|[upkeep]
|-damage|p2a: Jellicent|69/100 tox|[from] Sandstorm
|-heal|p1a: Heatran|72/100|[from] item: Leftovers
|-damage|p2a: Jellicent|63/100 tox|[from] psn
|upkeep
|turn|17
|
|switch|p1a: Slowking|Slowking, M|100/100
|-damage|p1a: Slowking|84/100|[from] Spikes
|move|p2a: Jellicent|Scald|p1a: Slowking
|-resisted|p1a: Slowking
|-damage|p1a: Slowking|76/100
|
|-weather|Sandstorm|[upkeep]
|-damage|p2a: Jellicent|57/100 tox|[from] Sandstorm
|-damage|p1a: Slowking|70/100|[from] Sandstorm
|-heal|p1a: Slowking|76/100|[from] item: Leftovers
|-damage|p2a: Jellicent|44/100 tox|[from] psn
|upkeep
|turn|18
|
|move|p2a: Jellicent|Scald|p1a: Slowking
|-resisted|p1a: Slowking
|-damage|p1a: Slowking|68/100
|-status|p1a: Slowking|brn
|move|p1a: Slowking|Flamethrower|p2a: Jellicent
|-resisted|p2a: Jellicent
|-damage|p2a: Jellicent|35/100 tox
|
|-weather|Sandstorm|[upkeep]
|-damage|p2a: Jellicent|29/100 tox|[from] Sandstorm
|-damage|p1a: Slowking|62/100 brn|[from] Sandstorm
|-heal|p1a: Slowking|68/100 brn|[from] item: Leftovers
|-damage|p2a: Jellicent|10/100 tox|[from] psn
|-damage|p1a: Slowking|55/100 brn|[from] brn
|upkeep
|turn|19
|
|move|p2a: Jellicent|Scald|p1a: Slowking
|-resisted|p1a: Slowking
|-damage|p1a: Slowking|47/100 brn
|move|p1a: Slowking|Slack Off|p1a: Slowking
|-heal|p1a: Slowking|97/100 brn
|
|-weather|Sandstorm|[upkeep]
|-damage|p2a: Jellicent|4/100 tox|[from] Sandstorm
|-damage|p1a: Slowking|91/100 brn|[from] Sandstorm
|-heal|p1a: Slowking|97/100 brn|[from] item: Leftovers
|-damage|p2a: Jellicent|0 fnt|[from] psn
|faint|p2a: Jellicent
|-damage|p1a: Slowking|84/100 brn|[from] brn
|upkeep
|
|switch|p2a: Heatran|Heatran, F|100/100
|-damage|p2a: Heatran|88/100|[from] Spikes
|-damage|p2a: Heatran|76/100|[from] Stealth Rock
|turn|20
|
|move|p2a: Heatran|Protect|p2a: Heatran
|-singleturn|p2a: Heatran|Protect
|move|p1a: Slowking|Scald|p2a: Heatran
|-activate|p2a: Heatran|move: Protect
|
|-weather|Sandstorm|[upkeep]
|-damage|p1a: Slowking|78/100 brn|[from] Sandstorm
|-heal|p2a: Heatran|82/100|[from] item: Leftovers
|-heal|p1a: Slowking|84/100 brn|[from] item: Leftovers
|-damage|p1a: Slowking|72/100 brn|[from] brn
|upkeep
|turn|21
|
|move|p2a: Heatran|Stealth Rock|p1a: Slowking
|-sidestart|p1: XXXEBONMAN|move: Stealth Rock
|move|p1a: Slowking|Scald|p2a: Heatran
|-supereffective|p2a: Heatran
|-damage|p2a: Heatran|49/100
|
|-weather|Sandstorm|[upkeep]
|-damage|p1a: Slowking|66/100 brn|[from] Sandstorm
|-heal|p2a: Heatran|55/100|[from] item: Leftovers
|-heal|p1a: Slowking|72/100 brn|[from] item: Leftovers
|-damage|p1a: Slowking|60/100 brn|[from] brn
|upkeep
|turn|22
|
|switch|p2a: Reuniclus|Reuniclus, F|100/100
|move|p1a: Slowking|Scald|p2a: Reuniclus
|-damage|p2a: Reuniclus|75/100
|
|-weather|Sandstorm|[upkeep]
|-damage|p1a: Slowking|53/100 brn|[from] Sandstorm
|-heal|p1a: Slowking|60/100 brn|[from] item: Leftovers
|-heal|p2a: Reuniclus|81/100|[from] item: Leftovers
|-damage|p1a: Slowking|47/100 brn|[from] brn
|upkeep
|turn|23
|
|switch|p1a: Kyurem|Kyurem-Black|70/100
|-damage|p1a: Kyurem|45/100|[from] Stealth Rock
|-damage|p1a: Kyurem|28/100|[from] Spikes
|-ability|p1a: Kyurem|Teravolt
|move|p2a: Reuniclus|Calm Mind|p2a: Reuniclus
|-boost|p2a: Reuniclus|spa|1
|-boost|p2a: Reuniclus|spd|1
|
|-weather|Sandstorm|[upkeep]
|-damage|p1a: Kyurem|22/100|[from] Sandstorm
|-heal|p2a: Reuniclus|87/100|[from] item: Leftovers
|upkeep
|turn|24
|
|move|p1a: Kyurem|Outrage|p2a: Reuniclus
|-damage|p2a: Reuniclus|1/100
|move|p2a: Reuniclus|Recover|p2a: Reuniclus
|-heal|p2a: Reuniclus|51/100
|
|-weather|Sandstorm|[upkeep]
|-damage|p1a: Kyurem|16/100|[from] Sandstorm
|-heal|p2a: Reuniclus|57/100|[from] item: Leftovers
|upkeep
|turn|25
|
|switch|p2a: Skarmory|Skarmory, F|51/100 brn
|-damage|p2a: Skarmory|39/100 brn|[from] Stealth Rock
|move|p1a: Kyurem|Outrage|p2a: Skarmory|[from]lockedmove
|-resisted|p2a: Skarmory
|-damage|p2a: Skarmory|0 fnt
|faint|p2a: Skarmory
|
|-weather|Sandstorm|[upkeep]
|-damage|p1a: Kyurem|10/100|[from] Sandstorm
|upkeep
|
|switch|p2a: Tyranitar|Tyranitar, F|88/100
|-damage|p2a: Tyranitar|76/100|[from] Stealth Rock
|-damage|p2a: Tyranitar|64/100|[from] Spikes
|turn|26
|inactive|Battle timer is ON: inactive players will automatically lose when time's up. (requested by XXXEBONMAN)
|
|move|p2a: Tyranitar|Crunch|p1a: Kyurem
|-damage|p1a: Kyurem|0 fnt
|faint|p1a: Kyurem
|
|-weather|Sandstorm|[upkeep]
|upkeep
|
|switch|p1a: Excadrill|Excadrill, M|100/100
|-damage|p1a: Excadrill|97/100|[from] Stealth Rock
|-ability|p1a: Excadrill|Mold Breaker
|-item|p1a: Excadrill|Air Balloon
|turn|27
|
|move|p2a: Tyranitar|Crunch|p1a: Excadrill
|-resisted|p1a: Excadrill
|-damage|p1a: Excadrill|69/100
|-enditem|p1a: Excadrill|Air Balloon
|-unboost|p1a: Excadrill|def|1
|move|p1a: Excadrill|Rapid Spin|p2a: Tyranitar
|-resisted|p2a: Tyranitar
|-damage|p2a: Tyranitar|60/100
|-sideend|p1: XXXEBONMAN|Spikes|[from] move: Rapid Spin|[of] p1a: Excadrill
|-sideend|p1: XXXEBONMAN|Stealth Rock|[from] move: Rapid Spin|[of] p1a: Excadrill
|
|-weather|Sandstorm|[upkeep]
|upkeep
|turn|28
|
|move|p2a: Tyranitar|Crunch|p1a: Excadrill
|-resisted|p1a: Excadrill
|-damage|p1a: Excadrill|24/100
|move|p1a: Excadrill|Earthquake|p2a: Tyranitar
|-supereffective|p2a: Tyranitar
|-damage|p2a: Tyranitar|0 fnt
|faint|p2a: Tyranitar
|
|-weather|Sandstorm|[upkeep]
|upkeep
|
|switch|p2a: Reuniclus|Reuniclus, F|57/100
|turn|29
|
|move|p1a: Excadrill|Swords Dance|p1a: Excadrill
|-boost|p1a: Excadrill|atk|2
|move|p2a: Reuniclus|Recover|p2a: Reuniclus
|-heal|p2a: Reuniclus|100/100
|
|-weather|Sandstorm|[upkeep]
|upkeep
|turn|30
|
|move|p1a: Excadrill|Earthquake|p2a: Reuniclus
|-damage|p2a: Reuniclus|21/100
|move|p2a: Reuniclus|Psyshock|p1a: Excadrill
|-resisted|p1a: Excadrill
|-crit|p1a: Excadrill
|-damage|p1a: Excadrill|0 fnt
|faint|p1a: Excadrill
|
|-weather|Sandstorm|[upkeep]
|-heal|p2a: Reuniclus|27/100|[from] item: Leftovers
|upkeep
|
|switch|p1a: Garchomp|Garchomp, M|100/100
|turn|31
|
|move|p1a: Garchomp|Earthquake|p2a: Reuniclus
|-crit|p2a: Reuniclus
|-damage|p2a: Reuniclus|0 fnt
|faint|p2a: Reuniclus
|
|-weather|Sandstorm|[upkeep]
|upkeep
|
|switch|p2a: Garchomp|Garchomp, M|100/100
|-damage|p2a: Garchomp|88/100|[from] Spikes
|-damage|p2a: Garchomp|82/100|[from] Stealth Rock
|turn|32
|
|switch|p1a: Heatran|Heatran, M|72/100
|move|p2a: Garchomp|Dual Chop|p1a: Heatran
|-resisted|p1a: Heatran
|-damage|p1a: Heatran|58/100
|-resisted|p1a: Heatran
|-damage|p1a: Heatran|45/100
|-hitcount|p1a: Heatran|2
|
|-weather|Sandstorm|[upkeep]
|-heal|p1a: Heatran|51/100|[from] item: Leftovers
|upkeep
|turn|33
|
|switch|p2a: Heatran|Heatran, F|55/100
|-damage|p2a: Heatran|42/100|[from] Spikes
|-damage|p2a: Heatran|30/100|[from] Stealth Rock
|switch|p1a: Slowking|Slowking, M|80/100 brn
|
|-weather|Sandstorm|[upkeep]
|-damage|p1a: Slowking|74/100 brn|[from] Sandstorm
|-heal|p2a: Heatran|36/100|[from] item: Leftovers
|-heal|p1a: Slowking|80/100 brn|[from] item: Leftovers
|-damage|p1a: Slowking|68/100 brn|[from] brn
|upkeep
|turn|34
|
|move|p2a: Heatran|Stealth Rock|p1a: Slowking
|-sidestart|p1: XXXEBONMAN|move: Stealth Rock
|move|p1a: Slowking|Scald|p2a: Heatran
|-supereffective|p2a: Heatran
|-crit|p2a: Heatran
|-damage|p2a: Heatran|0 fnt
|faint|p2a: Heatran
|
|-weather|Sandstorm|[upkeep]
|-damage|p1a: Slowking|62/100 brn|[from] Sandstorm
|-heal|p1a: Slowking|68/100 brn|[from] item: Leftovers
|-damage|p1a: Slowking|55/100 brn|[from] brn
|upkeep
|
|switch|p2a: Garchomp|Garchomp, M|82/100
|-damage|p2a: Garchomp|70/100|[from] Spikes
|-damage|p2a: Garchomp|64/100|[from] Stealth Rock
|turn|35
|
|move|p2a: Garchomp|Dual Chop|p1a: Slowking
|-damage|p1a: Slowking|27/100 brn
|-damage|p1a: Slowking|0 fnt
|-hitcount|p1a: Slowking|2
|faint|p1a: Slowking
|
|-weather|Sandstorm|[upkeep]
|upkeep
|
|switch|p1a: Heatran|Heatran, M|51/100
|-damage|p1a: Heatran|39/100|[from] Stealth Rock
|turn|36
|
|move|p2a: Garchomp|Dual Chop|p1a: Heatran
|-resisted|p1a: Heatran
|-damage|p1a: Heatran|27/100
|-resisted|p1a: Heatran
|-damage|p1a: Heatran|15/100
|-hitcount|p1a: Heatran|2
|move|p1a: Heatran|Toxic|p2a: Garchomp
|-status|p2a: Garchomp|tox
|
|-weather|Sandstorm|[upkeep]
|-heal|p1a: Heatran|21/100|[from] item: Leftovers
|-damage|p2a: Garchomp|57/100 tox|[from] psn
|upkeep
|turn|37
|
|move|p1a: Heatran|Protect|p1a: Heatran
|-singleturn|p1a: Heatran|Protect
|move|p2a: Garchomp|Dual Chop|p1a: Heatran
|-activate|p1a: Heatran|move: Protect
|
|-weather|Sandstorm|[upkeep]
|-heal|p1a: Heatran|27/100|[from] item: Leftovers
|-damage|p2a: Garchomp|45/100 tox|[from] psn
|upkeep
|turn|38
|
|move|p2a: Garchomp|Dual Chop|p1a: Heatran
|-resisted|p1a: Heatran
|-damage|p1a: Heatran|15/100
|-resisted|p1a: Heatran
|-damage|p1a: Heatran|3/100
|-hitcount|p1a: Heatran|2
|move|p1a: Heatran|Lava Plume|p2a: Garchomp
|-resisted|p2a: Garchomp
|-crit|p2a: Garchomp
|-damage|p2a: Garchomp|6/100 tox
|
|-weather|Sandstorm|[upkeep]
|-heal|p1a: Heatran|10/100|[from] item: Leftovers
|-damage|p2a: Garchomp|0 fnt|[from] psn
|faint|p2a: Garchomp
|
|win|XXXEBONMAN
|upkeep
|c|☆XXXEBONMAN|gg
|raw|XXXEBONMAN's rating: 1333 &rarr; <strong>1357</strong><br />(+24 for winning)
|raw|gyter ph0's rating: 1414 &rarr; <strong>1389</strong><br />(-25 for losing)
|l|☆gyter ph0
