|j|☆gamerno1
|j|☆Lsc29
|t:|1708160882
|gametype|singles
|player|p1|gamerno1|policeman-gen4|1464
|player|p2|Lsc29|brock|1596
|teamsize|p1|6
|teamsize|p2|6
|gen|5
|tier|[Gen 5] OU
|rated|
|rule|Species Clause: Limit one of each Pokémon
|rule|OHKO Clause: OHKO moves are banned
|rule|Moody Clause: Moody is banned
|rule|Evasion Items Clause: Evasion items are banned
|rule|Evasion Moves Clause: Evasion moves are banned
|rule|Endless Battle Clause: Forcing endless battles is banned
|rule|HP Percentage Mod: HP is shown in percentages
|rule|Evasion Abilities Clause: Evasion abilities are banned
|rule|Sleep Moves Clause: Sleep-inducing moves are banned
|rule|Swagger Clause: Swagger is banned
|rule|Baton Pass Stat Clause: No Baton Passer may have a way to boost its stats
|clearpoke
|poke|p1|Mamoswine, M|item
|poke|p1|Lucario, F|item
|poke|p1|Gyarados, F|item
|poke|p1|Haxorus, F|item
|poke|p1|Mew|item
|poke|p1|Uxie|item
|poke|p2|Jellicent, F|item
|poke|p2|Alakazam, M|item
|poke|p2|Heatran, M|item
|poke|p2|Landorus-Therian, M|item
|poke|p2|Tyranitar, F|item
|poke|p2|Skarmory, F|item
|teampreview
|j| Edertekeur
|inactive|Battle timer is ON: inactive players will automatically lose when time's up. (requested by Lsc29)
|
|t:|1708160916
|start
|switch|p1a: Mew|Mew|100/100
|switch|p2a: Landorus|Landorus-Therian, M|100/100
|-ability|p2a: Landorus|Intimidate|boost
|-unboost|p1a: Mew|atk|1
|turn|1
|
|t:|1708160923
|move|p2a: Landorus|Stealth Rock|p1a: Mew
|-sidestart|p1: gamerno1|move: Stealth Rock
|move|p1a: Mew|Taunt|p2a: Landorus
|-start|p2a: Landorus|move: Taunt
|
|upkeep
|turn|2
|
|t:|1708160927
|switch|p2a: Heatran|Heatran, M|100/100
|move|p1a: Mew|Stealth Rock|p2a: Heatran
|-sidestart|p2: Lsc29|move: Stealth Rock
|
|upkeep
|turn|3
|
|t:|1708160930
|move|p1a: Mew|Light Screen|p1a: Mew
|-sidestart|p1: gamerno1|move: Light Screen
|move|p2a: Heatran|Lava Plume|p1a: Mew
|-damage|p1a: Mew|86/100
|
|upkeep
|turn|4
|
|t:|1708160934
|move|p1a: Mew|Taunt|p2a: Heatran
|-start|p2a: Heatran|move: Taunt
|cant|p2a: Heatran|move: Taunt|Substitute
|
|upkeep
|turn|5
|
|t:|1708160936
|move|p1a: Mew|Reflect|p1a: Mew
|-sidestart|p1: gamerno1|Reflect
|move|p2a: Heatran|Lava Plume|p1a: Mew
|-damage|p1a: Mew|69/100
|-status|p1a: Mew|brn
|-activate|p1a: Mew|ability: Synchronize
|-immune|p2a: Heatran
|
|-damage|p1a: Mew|57/100 brn|[from] brn
|upkeep
|turn|6
|
|t:|1708160947
|switch|p1a: Haxorus|Haxorus, F|100/100
|-damage|p1a: Haxorus|88/100|[from] Stealth Rock
|-ability|p1a: Haxorus|Mold Breaker
|move|p2a: Heatran|Lava Plume|p1a: Haxorus
|-resisted|p1a: Haxorus
|-crit|p1a: Haxorus
|-damage|p1a: Haxorus|31/100
|
|-end|p2a: Heatran|move: Taunt
|upkeep
|turn|7
|
|t:|1708160957
|switch|p2a: Skarmory|Skarmory, F|100/100
|-damage|p2a: Skarmory|88/100|[from] Stealth Rock
|move|p1a: Haxorus|Dragon Dance|p1a: Haxorus
|-boost|p1a: Haxorus|atk|1
|-boost|p1a: Haxorus|spe|1
|
|-heal|p2a: Skarmory|94/100|[from] item: Leftovers
|upkeep
|turn|8
|
|t:|1708160960
|move|p1a: Haxorus|Superpower|p2a: Skarmory
|-damage|p2a: Skarmory|40/100
|-unboost|p1a: Haxorus|atk|1
|-unboost|p1a: Haxorus|def|1
|move|p2a: Skarmory|Whirlwind|p1a: Haxorus
|drag|p1a: Mamoswine|Mamoswine, M|100/100
|-damage|p1a: Mamoswine|88/100|[from] Stealth Rock
|
|-heal|p2a: Skarmory|46/100|[from] item: Leftovers
|upkeep
|turn|9
|
|t:|1708160965
|move|p1a: Mamoswine|Icicle Crash|p2a: Skarmory
|-damage|p2a: Skarmory|0 fnt
|faint|p2a: Skarmory
|-damage|p1a: Mamoswine|78/100|[from] item: Life Orb
|
|upkeep
|j| SKT T1 Motherfaker
|
|t:|1708160981
|switch|p2a: Landorus|Landorus-Therian, M|100/100
|-damage|p2a: Landorus|88/100|[from] Stealth Rock
|-ability|p2a: Landorus|Intimidate|boost
|-unboost|p1a: Mamoswine|atk|1
|turn|10
|
|t:|1708160997
|switch|p2a: Heatran|Heatran, M|100/100
|-damage|p2a: Heatran|88/100|[from] Stealth Rock
|move|p1a: Mamoswine|Ice Shard|p2a: Heatran
|-resisted|p2a: Heatran
|-damage|p2a: Heatran|84/100
|-damage|p1a: Mamoswine|68/100|[from] item: Life Orb
|
|-heal|p2a: Heatran|91/100|[from] item: Leftovers
|-sideend|p1: gamerno1|move: Light Screen
|upkeep
|turn|11
|
|t:|1708161003
|move|p1a: Mamoswine|Earthquake|p2a: Heatran
|-supereffective|p2a: Heatran
|-damage|p2a: Heatran|0 fnt
|faint|p2a: Heatran
|-damage|p1a: Mamoswine|58/100|[from] item: Life Orb
|
|upkeep
|
|t:|1708161008
|switch|p2a: Jellicent|Jellicent, F|100/100
|-damage|p2a: Jellicent|88/100|[from] Stealth Rock
|-item|p2a: Jellicent|Air Balloon
|turn|12
|
|t:|1708161015
|switch|p1a: Mew|Mew|57/100 brn
|-damage|p1a: Mew|45/100 brn|[from] Stealth Rock
|move|p2a: Jellicent|Scald|p1a: Mew
|-damage|p1a: Mew|24/100 brn
|
|-damage|p1a: Mew|11/100 brn|[from] brn
|-sideend|p1: gamerno1|Reflect
|upkeep
|turn|13
|
|t:|1708161028
|switch|p2a: Tyranitar|Tyranitar, F|100/100
|-damage|p2a: Tyranitar|88/100|[from] Stealth Rock
|-weather|Sandstorm|[from] ability: Sand Stream|[of] p2a: Tyranitar
|move|p1a: Mew|Light Screen|p1a: Mew
|-sidestart|p1: gamerno1|move: Light Screen
|
|-weather|Sandstorm|[upkeep]
|-damage|p1a: Mew|5/100 brn|[from] Sandstorm
|-damage|p1a: Mew|0 fnt|[from] brn
|faint|p1a: Mew
|upkeep
|
|t:|1708161035
|switch|p1a: Lucario|Lucario, F|100/100
|-damage|p1a: Lucario|98/100|[from] Stealth Rock
|turn|14
|
|t:|1708161039
|move|p2a: Tyranitar|Superpower|p1a: Lucario
|-supereffective|p1a: Lucario
|-damage|p1a: Lucario|0 fnt
|-unboost|p2a: Tyranitar|atk|1
|-unboost|p2a: Tyranitar|def|1
|faint|p1a: Lucario
|
|-weather|Sandstorm|[upkeep]
|upkeep
|
|t:|1708161045
|switch|p1a: Gyarados|Gyarados, F|100/100
|-damage|p1a: Gyarados|76/100|[from] Stealth Rock
|turn|15
|
|t:|1708161079
|switch|p2a: Alakazam|Alakazam, M|100/100
|move|p1a: Gyarados|Dragon Dance|p1a: Gyarados
|-boost|p1a: Gyarados|atk|1
|-boost|p1a: Gyarados|spe|1
|
|-weather|Sandstorm|[upkeep]
|-damage|p1a: Gyarados|69/100|[from] Sandstorm
|-heal|p1a: Gyarados|76/100|[from] item: Leftovers
|upkeep
|turn|16
|
|t:|1708161094
|move|p1a: Gyarados|Waterfall|p2a: Alakazam
|-enditem|p2a: Alakazam|Focus Sash
|-damage|p2a: Alakazam|1/100
|move|p2a: Alakazam|Encore|p1a: Gyarados
|-start|p1a: Gyarados|Encore
|
|-weather|Sandstorm|[upkeep]
|-damage|p1a: Gyarados|69/100|[from] Sandstorm
|-heal|p1a: Gyarados|76/100|[from] item: Leftovers
|upkeep
|turn|17
|
|t:|1708161110
|switch|p1a: Uxie|Uxie|100/100
|-damage|p1a: Uxie|88/100|[from] Stealth Rock
|switch|p2a: Jellicent|Jellicent, F|88/100
|-damage|p2a: Jellicent|76/100|[from] Stealth Rock
|-item|p2a: Jellicent|Air Balloon
|
|-weather|Sandstorm|[upkeep]
|-damage|p1a: Uxie|82/100|[from] Sandstorm
|-damage|p2a: Jellicent|69/100|[from] Sandstorm
|upkeep
|turn|18
|
|t:|1708161115
|move|p1a: Uxie|Thunder Wave|p2a: Jellicent
|-status|p2a: Jellicent|par
|move|p2a: Jellicent|Taunt|p1a: Uxie
|-start|p1a: Uxie|move: Taunt
|
|-weather|Sandstorm|[upkeep]
|-damage|p1a: Uxie|76/100|[from] Sandstorm
|-damage|p2a: Jellicent|63/100 par|[from] Sandstorm
|upkeep
|turn|19
|
|t:|1708161122
|switch|p1a: Haxorus|Haxorus, F|31/100
|-damage|p1a: Haxorus|19/100|[from] Stealth Rock
|-ability|p1a: Haxorus|Mold Breaker
|cant|p2a: Jellicent|par
|
|-weather|Sandstorm|[upkeep]
|-damage|p1a: Haxorus|12/100|[from] Sandstorm
|-damage|p2a: Jellicent|57/100 par|[from] Sandstorm
|upkeep
|turn|20
|
|t:|1708161128
|move|p1a: Haxorus|Dragon Claw|p2a: Jellicent
|-damage|p2a: Jellicent|0 fnt
|-enditem|p2a: Jellicent|Air Balloon
|faint|p2a: Jellicent
|
|-weather|Sandstorm|[upkeep]
|-damage|p1a: Haxorus|6/100|[from] Sandstorm
|-sideend|p1: gamerno1|move: Light Screen
|upkeep
|
|t:|1708161141
|switch|p2a: Tyranitar|Tyranitar, F|88/100
|-damage|p2a: Tyranitar|76/100|[from] Stealth Rock
|turn|21
|
|t:|1708161147
|move|p2a: Tyranitar|Crunch|p1a: Haxorus
|-crit|p1a: Haxorus
|-damage|p1a: Haxorus|0 fnt
|faint|p1a: Haxorus
|
|-weather|Sandstorm|[upkeep]
|upkeep
|
|t:|1708161150
|switch|p1a: Uxie|Uxie|76/100
|-damage|p1a: Uxie|63/100|[from] Stealth Rock
|turn|22
|
|t:|1708161161
|move|p2a: Tyranitar|Crunch|p1a: Uxie
|-supereffective|p1a: Uxie
|-damage|p1a: Uxie|17/100
|move|p1a: Uxie|Reflect|p1a: Uxie
|-sidestart|p1: gamerno1|Reflect
|
|-weather|Sandstorm|[upkeep]
|-damage|p1a: Uxie|11/100|[from] Sandstorm
|upkeep
|turn|23
|
|t:|1708161167
|switch|p2a: Alakazam|Alakazam, M|1/100
|move|p1a: Uxie|Light Screen|p1a: Uxie
|-sidestart|p1: gamerno1|move: Light Screen
|
|-weather|Sandstorm|[upkeep]
|-damage|p1a: Uxie|4/100|[from] Sandstorm
|upkeep
|turn|24
|
|t:|1708161176
|move|p2a: Alakazam|Encore|p1a: Uxie
|-start|p1a: Uxie|Encore
|move|p1a: Uxie|Light Screen||[still]
|-fail|p1a: Uxie
|
|-weather|Sandstorm|[upkeep]
|-damage|p1a: Uxie|0 fnt|[from] Sandstorm
|faint|p1a: Uxie
|upkeep
|
|t:|1708161180
|switch|p1a: Mamoswine|Mamoswine, M|58/100
|-damage|p1a: Mamoswine|46/100|[from] Stealth Rock
|turn|25
|
|t:|1708161186
|move|p1a: Mamoswine|Ice Shard|p2a: Alakazam
|-damage|p2a: Alakazam|0 fnt
|faint|p2a: Alakazam
|-damage|p1a: Mamoswine|36/100|[from] item: Life Orb
|
|-weather|Sandstorm|[upkeep]
|upkeep
|inactive|Lsc29 has 120 seconds left.
|inactive|Lsc29 has 90 seconds left.
|
|t:|1708161251
|switch|p2a: Landorus|Landorus-Therian, M|88/100
|-damage|p2a: Landorus|76/100|[from] Stealth Rock
|-ability|p2a: Landorus|Intimidate|boost
|-unboost|p1a: Mamoswine|atk|1
|turn|26
|inactive|gamerno1 has 120 seconds left.
|
|t:|1708161283
|switch|p2a: Tyranitar|Tyranitar, F|76/100
|-damage|p2a: Tyranitar|64/100|[from] Stealth Rock
|move|p1a: Mamoswine|Ice Shard|p2a: Tyranitar
|-damage|p2a: Tyranitar|45/100
|-damage|p1a: Mamoswine|26/100|[from] item: Life Orb
|
|-weather|Sandstorm|[upkeep]
|upkeep
|turn|27
|inactive|Lsc29 has 90 seconds left.
|
|t:|1708161303
|switch|p2a: Landorus|Landorus-Therian, M|76/100
|-damage|p2a: Landorus|63/100|[from] Stealth Rock
|-ability|p2a: Landorus|Intimidate|boost
|-unboost|p1a: Mamoswine|atk|1
|move|p1a: Mamoswine|Earthquake|p2a: Landorus
|-immune|p2a: Landorus
|
|-weather|Sandstorm|[upkeep]
|upkeep
|turn|28
|
|t:|1708161309
|move|p2a: Landorus|U-turn|p1a: Mamoswine
|-damage|p1a: Mamoswine|10/100
|
|t:|1708161311
|switch|p2a: Tyranitar|Tyranitar, F|45/100|[from] U-turn
|-damage|p2a: Tyranitar|32/100|[from] Stealth Rock
|move|p1a: Mamoswine|Icicle Crash|p2a: Tyranitar
|-damage|p2a: Tyranitar|5/100
|-damage|p1a: Mamoswine|0 fnt|[from] item: Life Orb
|faint|p1a: Mamoswine
|
|-weather|Sandstorm|[upkeep]
|upkeep
|
|t:|1708161320
|switch|p1a: Gyarados|Gyarados, F|76/100
|-damage|p1a: Gyarados|51/100|[from] Stealth Rock
|turn|29
|
|t:|1708161325
|move|p2a: Tyranitar|Crunch|p1a: Gyarados
|-damage|p1a: Gyarados|26/100
|move|p1a: Gyarados|Waterfall|p2a: Tyranitar
|-supereffective|p2a: Tyranitar
|-damage|p2a: Tyranitar|0 fnt
|faint|p2a: Tyranitar
|-ability|p1a: Gyarados|Moxie|boost
|-boost|p1a: Gyarados|atk|1
|
|-weather|Sandstorm|[upkeep]
|-damage|p1a: Gyarados|20/100|[from] Sandstorm
|-heal|p1a: Gyarados|26/100|[from] item: Leftovers
|-sideend|p1: gamerno1|Reflect
|upkeep
|
|t:|1708161328
|switch|p2a: Landorus|Landorus-Therian, M|63/100
|-damage|p2a: Landorus|51/100|[from] Stealth Rock
|-ability|p2a: Landorus|Intimidate|boost
|-unboost|p1a: Gyarados|atk|1
|turn|30
|
|t:|1708161335
|move|p2a: Landorus|U-turn|p1a: Gyarados
|-resisted|p1a: Gyarados
|-damage|p1a: Gyarados|10/100
|move|p1a: Gyarados|Waterfall|p2a: Landorus
|-supereffective|p2a: Landorus
|-damage|p2a: Landorus|0 fnt
|faint|p2a: Landorus
|-ability|p1a: Gyarados|Moxie|boost
|-boost|p1a: Gyarados|atk|1
|
|win|gamerno1
|raw|gamerno1's rating: 1464 &rarr; <strong>1491</strong><br />(+27 for winning)
|raw|Lsc29's rating: 1596 &rarr; <strong>1569</strong><br />(-27 for losing)
|l|☆Lsc29
|player|p2|
