|j|☆HIV transmission
|j|‽Dahlia Mmph
|player|p1|HIV transmission|lady-gen4|1365
|player|p2|Dahlia Mmph|dahlia|1316
|teamsize|p1|6
|teamsize|p2|6
|gametype|singles
|gen|5
|tier|[Gen 5] OU
|rated|
|clearpoke
|poke|p1|Politoed, M|item
|poke|p1|Keldeo|item
|poke|p1|Thundurus-Therian, M|item
|poke|p1|Tornadus, M|item
|poke|p1|Excadrill, M|item
|poke|p1|Ferrothorn, F|item
|poke|p2|Alakazam, F|item
|poke|p2|Jellicent, F|item
|poke|p2|Skarmory, F|item
|poke|p2|Jirachi|item
|poke|p2|Latios, M|item
|poke|p2|Latias, F|item
|rule|Species Clause: Limit one of each Pokémon
|rule|OHKO Clause: OHKO moves are banned
|rule|Moody Clause: Moody is banned
|rule|Evasion Moves Clause: Evasion moves are banned
|rule|Endless Battle Clause: Forcing endless battles is banned
|rule|HP Percentage Mod: HP is shown in percentages
|rule|Evasion Abilities Clause: Evasion abilities are banned
|rule|Baton Pass Clause: Limit one Baton Passer, can't pass Spe and other stats simultaneously
|rule|Sleep Clause: Sleep-inducing moves are banned
|rule|Swagger Clause: Swagger is banned
|teampreview
|inactive|Battle timer is ON: inactive players will automatically lose when time's up. (requested by HIV transmission)
|inactive|Dahlia Mmph has 120 seconds left.
|
|start
|switch|p1a: Politoed|Politoed, M|100/100
|switch|p2a: Skarmory|Skarmory, F|100/100
|-weather|RainDance|[from] ability: Drizzle|[of] p1a: Politoed
|turn|1
|
|switch|p1a: Thundurus|Thundurus-Therian, M|100/100
|move|p2a: Skarmory|Stealth Rock|p1a: Thundurus
|-sidestart|p1: HIV transmission|move: Stealth Rock
|
|-weather|RainDance|[upkeep]
|upkeep
|turn|2
|
|move|p1a: Thundurus|Thunder|p2a: Skarmory
|-supereffective|p2a: Skarmory
|-ability|p2a: Skarmory|Sturdy
|-damage|p2a: Skarmory|1/100
|-damage|p1a: Thundurus|91/100|[from] item: Life Orb
|move|p2a: Skarmory|Spikes|p1a: Thundurus
|-sidestart|p1: HIV transmission|Spikes
|
|-weather|RainDance|[upkeep]
|upkeep
|turn|3
|-enditem|p2a: Skarmory|Custap Berry|[eat]
|-activate|p2a: Skarmory|item: Custap Berry|[consumed]
|
|move|p2a: Skarmory|Spikes|p1a: Thundurus
|-sidestart|p1: HIV transmission|Spikes
|move|p1a: Thundurus|Agility|p1a: Thundurus
|-boost|p1a: Thundurus|spe|2
|
|-weather|RainDance|[upkeep]
|upkeep
|turn|4
|
|move|p1a: Thundurus|Thunder|p2a: Skarmory
|-supereffective|p2a: Skarmory
|-damage|p2a: Skarmory|0 fnt
|-damage|p1a: Thundurus|81/100|[from] item: Life Orb
|faint|p2a: Skarmory
|
|-weather|RainDance|[upkeep]
|upkeep
|
|switch|p2a: Alakazam|Alakazam, F|100/100
|turn|5
|
|move|p1a: Thundurus|Thunder|p2a: Alakazam
|-enditem|p2a: Alakazam|Focus Sash
|-damage|p2a: Alakazam|1/100
|-status|p2a: Alakazam|par
|-damage|p1a: Thundurus|71/100|[from] item: Life Orb
|cant|p2a: Alakazam|par
|
|-weather|RainDance|[upkeep]
|upkeep
|turn|6
|
|move|p1a: Thundurus|Thunder|p2a: Alakazam
|-damage|p2a: Alakazam|0 fnt
|-damage|p1a: Thundurus|62/100|[from] item: Life Orb
|faint|p2a: Alakazam
|
|-weather|RainDance|[upkeep]
|upkeep
|
|switch|p2a: Latios|Latios, M|100/100
|turn|7
|
|move|p1a: Thundurus|Hidden Power|p2a: Latios
|-supereffective|p2a: Latios
|-damage|p2a: Latios|25/100
|-damage|p1a: Thundurus|52/100|[from] item: Life Orb
|move|p2a: Latios|Surf|p1a: Thundurus
|-damage|p1a: Thundurus|0 fnt
|faint|p1a: Thundurus
|
|-weather|RainDance|[upkeep]
|-status|p2a: Latios|brn|[from] item: Flame Orb
|upkeep
|
|switch|p1a: Ferrothorn|Ferrothorn, F|100/100
|-damage|p1a: Ferrothorn|94/100|[from] Stealth Rock
|-damage|p1a: Ferrothorn|78/100|[from] Spikes
|turn|8
|
|move|p2a: Latios|Trick|p1a: Ferrothorn
|-activate|p2a: Latios|move: Trick|[of] p1a: Ferrothorn
|-item|p1a: Ferrothorn|Flame Orb|[from] move: Trick
|-item|p2a: Latios|Leftovers|[from] move: Trick
|move|p1a: Ferrothorn|Knock Off|p2a: Latios
|-supereffective|p2a: Latios
|-damage|p2a: Latios|13/100 brn
|-enditem|p2a: Latios|Leftovers|[from] move: Knock Off|[of] p1a: Ferrothorn
|
|-weather|RainDance|[upkeep]
|-damage|p2a: Latios|1/100 brn|[from] brn
|-status|p1a: Ferrothorn|brn|[from] item: Flame Orb
|upkeep
|turn|9
|
|move|p2a: Latios|Draco Meteor|p1a: Ferrothorn
|-resisted|p1a: Ferrothorn
|-damage|p1a: Ferrothorn|54/100 brn
|-unboost|p2a: Latios|spa|2
|move|p1a: Ferrothorn|Stealth Rock|p2a: Latios
|-sidestart|p2: Dahlia Mmph|move: Stealth Rock
|
|-weather|RainDance|[upkeep]
|-damage|p2a: Latios|0 fnt|[from] brn
|faint|p2a: Latios
|-damage|p1a: Ferrothorn|41/100 brn|[from] brn
|upkeep
|
|switch|p2a: Jellicent|Jellicent, F|100/100
|-damage|p2a: Jellicent|88/100|[from] Stealth Rock
|turn|10
|
|move|p2a: Jellicent|Night Shade|p1a: Ferrothorn
|-damage|p1a: Ferrothorn|13/100 brn
|move|p1a: Ferrothorn|Knock Off|p2a: Jellicent
|-supereffective|p2a: Jellicent
|-damage|p2a: Jellicent|84/100
|-enditem|p2a: Jellicent|Leftovers|[from] move: Knock Off|[of] p1a: Ferrothorn
|
|-weather|RainDance|[upkeep]
|-damage|p1a: Ferrothorn|0 fnt|[from] brn
|faint|p1a: Ferrothorn
|upkeep
|
|switch|p1a: Tornadus|Tornadus, M|100/100
|-damage|p1a: Tornadus|76/100|[from] Stealth Rock
|turn|11
|
|switch|p2a: Jirachi|Jirachi|100/100
|-damage|p2a: Jirachi|94/100|[from] Stealth Rock
|move|p1a: Tornadus|Hurricane|p2a: Jirachi
|-resisted|p2a: Jirachi
|-damage|p2a: Jirachi|47/100
|
|-weather|RainDance|[upkeep]
|upkeep
|turn|12
|
|move|p2a: Jirachi|Iron Head|p1a: Tornadus
|-damage|p1a: Tornadus|21/100
|cant|p1a: Tornadus|flinch
|
|-weather|RainDance|[upkeep]
|upkeep
|turn|13
|
|switch|p1a: Excadrill|Excadrill, M|100/100
|-damage|p1a: Excadrill|97/100|[from] Stealth Rock
|-damage|p1a: Excadrill|81/100|[from] Spikes
|-ability|p1a: Excadrill|Mold Breaker
|move|p2a: Jirachi|Iron Head|p1a: Excadrill
|-resisted|p1a: Excadrill
|-damage|p1a: Excadrill|55/100
|
|-weather|RainDance|[upkeep]
|-heal|p1a: Excadrill|61/100|[from] item: Leftovers
|upkeep
|turn|14
|
|move|p1a: Excadrill|Protect|p1a: Excadrill
|-singleturn|p1a: Excadrill|Protect
|move|p2a: Jirachi|Iron Head|p1a: Excadrill
|-activate|p1a: Excadrill|move: Protect
|
|-weather|RainDance|[upkeep]
|-heal|p1a: Excadrill|67/100|[from] item: Leftovers
|upkeep
|turn|15
|
|switch|p2a: Jellicent|Jellicent, F|84/100
|-damage|p2a: Jellicent|72/100|[from] Stealth Rock
|move|p1a: Excadrill|Earthquake|p2a: Jellicent
|-damage|p2a: Jellicent|29/100
|
|-weather|RainDance|[upkeep]
|-heal|p1a: Excadrill|73/100|[from] item: Leftovers
|upkeep
|turn|16
|
|move|p1a: Excadrill|Earthquake|p2a: Jellicent
|-damage|p2a: Jellicent|0 fnt
|faint|p2a: Jellicent
|
|-weather|RainDance|[upkeep]
|-heal|p1a: Excadrill|79/100|[from] item: Leftovers
|upkeep
|
|switch|p2a: Latias|Latias, F|100/100
|-damage|p2a: Latias|88/100|[from] Stealth Rock
|turn|17
|
|switch|p1a: Politoed|Politoed, M|100/100
|-damage|p1a: Politoed|88/100|[from] Stealth Rock
|-damage|p1a: Politoed|71/100|[from] Spikes
|move|p2a: Latias|Calm Mind|p2a: Latias
|-boost|p2a: Latias|spa|1
|-boost|p2a: Latias|spd|1
|
|-weather|RainDance|[upkeep]
|-heal|p2a: Latias|94/100|[from] item: Leftovers
|-heal|p1a: Politoed|78/100|[from] item: Leftovers
|upkeep
|turn|18
|
|move|p2a: Latias|Dragon Pulse|p1a: Politoed
|-damage|p1a: Politoed|31/100
|move|p1a: Politoed|Toxic|p2a: Latias
|-status|p2a: Latias|tox
|
|-weather|RainDance|[upkeep]
|-heal|p2a: Latias|99/100 tox|[from] item: Leftovers
|-heal|p1a: Politoed|37/100|[from] item: Leftovers
|-damage|p2a: Latias|94/100 tox|[from] psn
|upkeep
|turn|19
|
|move|p2a: Latias|Calm Mind|p2a: Latias
|-boost|p2a: Latias|spa|1
|-boost|p2a: Latias|spd|1
|move|p1a: Politoed|Ice Beam|p2a: Latias
|-supereffective|p2a: Latias
|-damage|p2a: Latias|78/100 tox
|
|-weather|RainDance|[upkeep]
|-heal|p2a: Latias|84/100 tox|[from] item: Leftovers
|-heal|p1a: Politoed|43/100|[from] item: Leftovers
|-damage|p2a: Latias|72/100 tox|[from] psn
|upkeep
|turn|20
|
|move|p1a: Politoed|Protect|p1a: Politoed
|-singleturn|p1a: Politoed|Protect
|move|p2a: Latias|Dragon Pulse|p1a: Politoed
|-activate|p1a: Politoed|move: Protect
|
|-weather|RainDance|[upkeep]
|-heal|p2a: Latias|78/100 tox|[from] item: Leftovers
|-heal|p1a: Politoed|49/100|[from] item: Leftovers
|-damage|p2a: Latias|59/100 tox|[from] psn
|upkeep
|turn|21
|
|move|p2a: Latias|Dragon Pulse|p1a: Politoed
|-damage|p1a: Politoed|0 fnt
|faint|p1a: Politoed
|
|-weather|RainDance|[upkeep]
|-heal|p2a: Latias|66/100 tox|[from] item: Leftovers
|-damage|p2a: Latias|41/100 tox|[from] psn
|upkeep
|
|switch|p1a: Excadrill|Excadrill, M|79/100
|-damage|p1a: Excadrill|63/100|[from] Spikes
|-damage|p1a: Excadrill|60/100|[from] Stealth Rock
|-ability|p1a: Excadrill|Mold Breaker
|turn|22
|
|move|p1a: Excadrill|Protect|p1a: Excadrill
|-singleturn|p1a: Excadrill|Protect
|move|p2a: Latias|Dragon Pulse|p1a: Excadrill
|-activate|p1a: Excadrill|move: Protect
|
|-weather|RainDance|[upkeep]
|-heal|p2a: Latias|47/100 tox|[from] item: Leftovers
|-heal|p1a: Excadrill|66/100|[from] item: Leftovers
|-damage|p2a: Latias|17/100 tox|[from] psn
|upkeep
|turn|23
|
|move|p2a: Latias|Dragon Pulse|p1a: Excadrill
|-resisted|p1a: Excadrill
|-damage|p1a: Excadrill|21/100
|move|p1a: Excadrill|Rapid Spin|p2a: Latias
|-damage|p2a: Latias|8/100 tox
|-sideend|p1: HIV transmission|Spikes|[from] move: Rapid Spin|[of] p1a: Excadrill
|-sideend|p1: HIV transmission|Stealth Rock|[from] move: Rapid Spin|[of] p1a: Excadrill
|
|-weather|RainDance|[upkeep]
|-heal|p2a: Latias|15/100 tox|[from] item: Leftovers
|-heal|p1a: Excadrill|27/100|[from] item: Leftovers
|-damage|p2a: Latias|0 fnt|[from] psn
|faint|p2a: Latias
|upkeep
|
|switch|p2a: Jirachi|Jirachi|47/100
|-damage|p2a: Jirachi|41/100|[from] Stealth Rock
|turn|24
|
|move|p1a: Excadrill|Protect|p1a: Excadrill
|-singleturn|p1a: Excadrill|Protect
|move|p2a: Jirachi|Iron Head|p1a: Excadrill
|-activate|p1a: Excadrill|move: Protect
|
|-weather|RainDance|[upkeep]
|-heal|p1a: Excadrill|33/100|[from] item: Leftovers
|upkeep
|turn|25
|
|move|p2a: Jirachi|Iron Head|p1a: Excadrill
|-resisted|p1a: Excadrill
|-damage|p1a: Excadrill|9/100
|move|p1a: Excadrill|Earthquake|p2a: Jirachi
|-supereffective|p2a: Jirachi
|-damage|p2a: Jirachi|0 fnt
|faint|p2a: Jirachi
|
|win|HIV transmission
|l|‽Dahlia Mmph
|raw|HIV transmission's rating: 1333 &rarr; <strong>1352</strong><br />(+19 for winning)
|raw|Dahlia Mmph's rating: 1316 &rarr; <strong>1297</strong><br />(-19 for losing)
