|j|☆kobepayne
|j|☆melonsodacafe
|player|p1|kobepayne|dahlia|1611
|player|p2|melonsodacafe|elesa|1452
|teamsize|p1|6
|teamsize|p2|6
|gametype|singles
|gen|5
|tier|[Gen 5] OU
|rated|
|clearpoke
|poke|p1|Tyranitar, M|item
|poke|p1|Garchomp, F|item
|poke|p1|Rotom-Wash|item
|poke|p1|Landorus-Therian, M|item
|poke|p1|Ferrothorn, F|item
|poke|p1|Alakazam, F|item
|poke|p2|Landorus-Therian, M|item
|poke|p2|Latios, M|item
|poke|p2|Keldeo|item
|poke|p2|Thundurus-Therian, M|item
|poke|p2|Ferrothorn, F|item
|poke|p2|Tyranitar, F|item
|rule|Species Clause: Limit one of each Pokémon
|rule|OHKO Clause: OHKO moves are banned
|rule|Moody Clause: Moody is banned
|rule|Evasion Moves Clause: Evasion moves are banned
|rule|Endless Battle Clause: Forcing endless battles is banned
|rule|HP Percentage Mod: HP is shown in percentages
|rule|Evasion Abilities Clause: Evasion abilities are banned
|rule|Baton Pass Clause: Limit one Baton Passer, can't pass Spe and other stats simultaneously
|rule|Sleep Clause: Sleep-inducing moves are banned
|rule|Swagger Clause: Swagger is banned
|teampreview
|inactive|Battle timer is ON: inactive players will automatically lose when time's up. (requested by melonsodacafe)
|j| Chefshouse
|
|start
|switch|p1a: Landorus|Landorus-Therian, M|100/100
|switch|p2a: Landorus|Landorus-Therian, M, shiny|100/100
|-ability|p1a: Landorus|Intimidate|boost
|-unboost|p2a: Landorus|atk|1
|-ability|p2a: Landorus|Intimidate|boost
|-unboost|p1a: Landorus|atk|1
|turn|1
|
|move|p1a: Landorus|Hidden Power|p2a: Landorus
|-supereffective|p2a: Landorus
|-damage|p2a: Landorus|32/100
|-enditem|p2a: Landorus|Sitrus Berry|[eat]
|-heal|p2a: Landorus|57/100|[from] item: Sitrus Berry
|move|p2a: Landorus|U-turn|p1a: Landorus
|-resisted|p1a: Landorus
|-damage|p1a: Landorus|95/100
|inactive|melonsodacafe has 120 seconds left.
|
|switch|p2a: Keldeo|Keldeo|100/100|[from]move: U-turn
|
|upkeep
|turn|2
|
|switch|p1a: Ferrothorn|Ferrothorn, F|100/100
|move|p2a: Keldeo|Secret Sword|p1a: Ferrothorn
|-supereffective|p1a: Ferrothorn
|-damage|p1a: Ferrothorn|43/100
|
|-heal|p1a: Ferrothorn|49/100|[from] item: Leftovers
|upkeep
|turn|3
|
|switch|p1a: Landorus|Landorus-Therian, M|95/100
|-ability|p1a: Landorus|Intimidate|boost
|-unboost|p2a: Keldeo|atk|1
|move|p2a: Keldeo|Secret Sword|p1a: Landorus
|-resisted|p1a: Landorus
|-damage|p1a: Landorus|77/100
|
|upkeep
|turn|4
|
|switch|p2a: Landorus|Landorus-Therian, M, shiny|57/100
|-ability|p2a: Landorus|Intimidate|boost
|-unboost|p1a: Landorus|atk|1
|move|p1a: Landorus|U-turn|p2a: Landorus
|-resisted|p2a: Landorus
|-damage|p2a: Landorus|52/100
|
|switch|p1a: Ferrothorn|Ferrothorn, F|49/100|[from]move: U-turn
|
|-heal|p1a: Ferrothorn|55/100|[from] item: Leftovers
|upkeep
|turn|5
|
|move|p2a: Landorus|Earthquake|p1a: Ferrothorn
|-damage|p1a: Ferrothorn|25/100
|move|p1a: Ferrothorn|Spikes|p2a: Landorus
|-sidestart|p2: melonsodacafe|Spikes
|
|-heal|p1a: Ferrothorn|31/100|[from] item: Leftovers
|upkeep
|turn|6
|
|switch|p1a: Rotom|Rotom-Wash|100/100
|move|p2a: Landorus|Stealth Rock|p1a: Rotom
|-sidestart|p1: kobepayne|move: Stealth Rock
|
|upkeep
|turn|7
|
|switch|p2a: Thundurus|Thundurus-Therian, M, shiny|100/100
|move|p1a: Rotom|Will-O-Wisp|p2a: Thundurus|[miss]
|-miss|p1a: Rotom|p2a: Thundurus
|
|upkeep
|turn|8
|
|move|p2a: Thundurus|Focus Blast|p1a: Rotom
|-damage|p1a: Rotom|67/100
|move|p1a: Rotom|Pain Split|p2a: Thundurus
|-sethp|p2a: Thundurus|82/100|[from] move: Pain Split|[silent]
|-sethp|p1a: Rotom|87/100|[from] move: Pain Split
|
|-heal|p1a: Rotom|93/100|[from] item: Leftovers
|upkeep
|turn|9
|
|switch|p2a: Latios|Latios, M, shiny|100/100
|move|p1a: Rotom|Will-O-Wisp|p2a: Latios
|-status|p2a: Latios|brn
|
|-heal|p1a: Rotom|99/100|[from] item: Leftovers
|-damage|p2a: Latios|88/100 brn|[from] brn
|upkeep
|turn|10
|
|switch|p2a: Keldeo|Keldeo|100/100
|-damage|p2a: Keldeo|88/100|[from] Spikes
|switch|p1a: Tyranitar|Tyranitar, M|100/100
|-damage|p1a: Tyranitar|88/100|[from] Stealth Rock
|-weather|Sandstorm|[from] ability: Sand Stream|[of] p1a: Tyranitar
|
|-weather|Sandstorm|[upkeep]
|-damage|p2a: Keldeo|82/100|[from] Sandstorm
|upkeep
|turn|11
|
|switch|p1a: Ferrothorn|Ferrothorn, F|31/100
|-damage|p1a: Ferrothorn|25/100|[from] Stealth Rock
|move|p2a: Keldeo|Scald|p1a: Ferrothorn
|-resisted|p1a: Ferrothorn
|-damage|p1a: Ferrothorn|10/100
|-status|p1a: Ferrothorn|brn
|
|-weather|Sandstorm|[upkeep]
|-damage|p2a: Keldeo|76/100|[from] Sandstorm
|-heal|p1a: Ferrothorn|17/100 brn|[from] item: Leftovers
|-damage|p1a: Ferrothorn|4/100 brn|[from] brn
|upkeep
|turn|12
|
|switch|p1a: Rotom|Rotom-Wash|99/100
|-damage|p1a: Rotom|86/100|[from] Stealth Rock
|move|p2a: Keldeo|Scald|p1a: Rotom
|-resisted|p1a: Rotom
|-damage|p1a: Rotom|69/100
|-status|p1a: Rotom|brn
|
|-weather|Sandstorm|[upkeep]
|-damage|p2a: Keldeo|70/100|[from] Sandstorm
|-damage|p1a: Rotom|63/100 brn|[from] Sandstorm
|-heal|p1a: Rotom|69/100 brn|[from] item: Leftovers
|-damage|p1a: Rotom|57/100 brn|[from] brn
|upkeep
|turn|13
|
|switch|p2a: Latios|Latios, M, shiny|88/100 brn
|move|p1a: Rotom|Volt Switch|p2a: Latios
|-resisted|p2a: Latios
|-damage|p2a: Latios|75/100 brn
|
|switch|p1a: Tyranitar|Tyranitar, M|88/100|[from]move: Volt Switch
|-damage|p1a: Tyranitar|76/100|[from] Stealth Rock
|
|-weather|Sandstorm|[upkeep]
|-damage|p2a: Latios|69/100 brn|[from] Sandstorm
|-damage|p2a: Latios|56/100 brn|[from] brn
|upkeep
|turn|14
|
|move|p2a: Latios|Draco Meteor|p1a: Tyranitar
|-damage|p1a: Tyranitar|29/100
|-unboost|p2a: Latios|spa|2
|move|p1a: Tyranitar|Crunch|p2a: Latios
|-supereffective|p2a: Latios
|-damage|p2a: Latios|0 fnt
|faint|p2a: Latios
|
|-weather|Sandstorm|[upkeep]
|upkeep
|
|switch|p2a: Keldeo|Keldeo|70/100
|-damage|p2a: Keldeo|57/100|[from] Spikes
|turn|15
|
|switch|p1a: Ferrothorn|Ferrothorn, F|4/100 brn
|-damage|p1a: Ferrothorn|0 fnt|[from] Stealth Rock
|faint|p1a: Ferrothorn
|move|p2a: Keldeo|Secret Sword|p1: Ferrothorn|[notarget]
|-fail|p2a: Keldeo
|
|-weather|Sandstorm|[upkeep]
|-damage|p2a: Keldeo|51/100|[from] Sandstorm
|upkeep
|
|switch|p1a: Alakazam|Alakazam, F|100/100
|turn|16
|
|switch|p1a: Garchomp|Garchomp, F|100/100
|-damage|p1a: Garchomp|94/100|[from] Stealth Rock
|switch|p2a: Landorus|Landorus-Therian, M, shiny|52/100
|-ability|p2a: Landorus|Intimidate|boost
|-unboost|p1a: Garchomp|atk|1
|
|-weather|Sandstorm|[upkeep]
|upkeep
|turn|17
|
|move|p1a: Garchomp|Draco Meteor|p2a: Landorus
|-damage|p2a: Landorus|0 fnt
|-unboost|p1a: Garchomp|spa|2
|-damage|p1a: Garchomp|85/100|[from] item: Life Orb
|faint|p2a: Landorus
|
|-weather|Sandstorm|[upkeep]
|upkeep
|
|switch|p2a: Thundurus|Thundurus-Therian, M, shiny|82/100
|turn|18
|
|switch|p1a: Tyranitar|Tyranitar, M|29/100
|-damage|p1a: Tyranitar|16/100|[from] Stealth Rock
|move|p2a: Thundurus|Thunderbolt|p1a: Tyranitar
|-damage|p1a: Tyranitar|0 fnt
|faint|p1a: Tyranitar
|
|-weather|Sandstorm|[upkeep]
|-damage|p2a: Thundurus|76/100|[from] Sandstorm
|upkeep
|
|switch|p1a: Garchomp|Garchomp, F|85/100
|-damage|p1a: Garchomp|78/100|[from] Stealth Rock
|turn|19
|inactive|melonsodacafe has 120 seconds left.
|inactive|melonsodacafe has 90 seconds left.
|
|switch|p2a: Ferrothorn|Ferrothorn, F, shiny|100/100
|-damage|p2a: Ferrothorn|88/100|[from] Spikes
|move|p1a: Garchomp|Stealth Rock|p2a: Ferrothorn
|-sidestart|p2: melonsodacafe|move: Stealth Rock
|
|-weather|Sandstorm|[upkeep]
|-heal|p2a: Ferrothorn|94/100|[from] item: Leftovers
|upkeep
|turn|20
|inactive|melonsodacafe has 90 seconds left.
|
|move|p2a: Ferrothorn|Protect|p2a: Ferrothorn
|-singleturn|p2a: Ferrothorn|Protect
|move|p1a: Garchomp|Fire Blast|p2a: Ferrothorn
|-activate|p2a: Ferrothorn|move: Protect
|
|-weather|Sandstorm|[upkeep]
|-heal|p2a: Ferrothorn|99/100|[from] item: Leftovers
|upkeep
|turn|21
|inactive|melonsodacafe has 60 seconds left.
|
|switch|p2a: Keldeo|Keldeo|51/100
|-damage|p2a: Keldeo|39/100|[from] Spikes
|-damage|p2a: Keldeo|32/100|[from] Stealth Rock
|move|p1a: Garchomp|Fire Blast|p2a: Keldeo
|-resisted|p2a: Keldeo
|-damage|p2a: Keldeo|9/100
|-damage|p1a: Garchomp|69/100|[from] item: Life Orb
|
|-weather|Sandstorm|[upkeep]
|-damage|p2a: Keldeo|2/100|[from] Sandstorm
|upkeep
|turn|22
|inactive|melonsodacafe has 60 seconds left.
|inactive|kobepayne has 120 seconds left.
|inactive|kobepayne has 90 seconds left.
|
|switch|p1a: Rotom|Rotom-Wash|57/100 brn
|-damage|p1a: Rotom|44/100 brn|[from] Stealth Rock
|move|p2a: Keldeo|Secret Sword|p1a: Rotom
|-damage|p1a: Rotom|0 fnt
|faint|p1a: Rotom
|
|-weather|Sandstorm|[upkeep]
|-damage|p2a: Keldeo|0 fnt|[from] Sandstorm
|faint|p2a: Keldeo
|upkeep
|
|switch|p2a: Thundurus|Thundurus-Therian, M, shiny|76/100
|switch|p1a: Garchomp|Garchomp, F|69/100
|-damage|p2a: Thundurus|52/100|[from] Stealth Rock
|-damage|p1a: Garchomp|62/100|[from] Stealth Rock
|turn|23
|
|switch|p1a: Alakazam|Alakazam, F|100/100
|move|p2a: Thundurus|Hidden Power|p1a: Alakazam
|-crit|p1a: Alakazam
|-damage|p1a: Alakazam|15/100
|
|-weather|Sandstorm|[upkeep]
|-damage|p2a: Thundurus|46/100|[from] Sandstorm
|upkeep
|turn|24
|
|move|p2a: Thundurus|Hidden Power|p1a: Alakazam
|-damage|p1a: Alakazam|0 fnt
|faint|p1a: Alakazam
|
|-weather|Sandstorm|[upkeep]
|-damage|p2a: Thundurus|40/100|[from] Sandstorm
|upkeep
|c|☆kobepayne|nice crit
|
|switch|p1a: Landorus|Landorus-Therian, M|77/100
|-damage|p1a: Landorus|65/100|[from] Stealth Rock
|-ability|p1a: Landorus|Intimidate|boost
|-unboost|p2a: Thundurus|atk|1
|turn|25
|
|move|p2a: Thundurus|Hidden Power|p1a: Landorus
|-supereffective|p1a: Landorus
|-damage|p1a: Landorus|0 fnt
|faint|p1a: Landorus
|
|-weather|Sandstorm|[upkeep]
|-damage|p2a: Thundurus|34/100|[from] Sandstorm
|upkeep
|
|switch|p1a: Garchomp|Garchomp, F|62/100
|-damage|p1a: Garchomp|56/100|[from] Stealth Rock
|turn|26
|
|move|p2a: Thundurus|Hidden Power|p1a: Garchomp
|-supereffective|p1a: Garchomp
|-damage|p1a: Garchomp|0 fnt
|faint|p1a: Garchomp
|
|win|melonsodacafe
|raw|kobepayne's rating: 1611 &rarr; <strong>1582</strong><br />(-29 for losing)
|raw|melonsodacafe's rating: 1452 &rarr; <strong>1481</strong><br />(+29 for winning)
|l|☆kobepayne
|c|☆melonsodacafe|gg
