|j|☆Loominthreat
|j|☆FiestaFord
|player|p1|Loominthreat|1|1321
|player|p2|FiestaFord|gentleman-gen4|1463
|teamsize|p1|6
|teamsize|p2|6
|gametype|singles
|gen|5
|tier|[Gen 5] OU
|rated|
|rule|Sleep Clause Mod: Limit one foe put to sleep
|rule|Species Clause: Limit one of each Pokémon
|rule|OHKO Clause: OHKO moves are banned
|rule|Moody Clause: Moody is banned
|rule|Evasion Moves Clause: Evasion moves are banned
|rule|Endless Battle Clause: Forcing endless battles is banned
|rule|HP Percentage Mod: HP is shown in percentages
|rule|Evasion Abilities Clause: Evasion abilities are banned
|rule|Baton Pass Clause: Limit one Baton Passer, can't pass Spe and other stats simultaneously
|rule|Swagger Clause: Swagger is banned
|clearpoke
|poke|p1|Landorus-Therian, M|item
|poke|p1|Tyranitar, F|item
|poke|p1|Heatran, M|item
|poke|p1|Rotom-Wash|item
|poke|p1|Ferrothorn, M|item
|poke|p1|Mew|item
|poke|p2|Tyranitar, F|item
|poke|p2|Heatran, F|item
|poke|p2|Starmie|item
|poke|p2|Breloom, F|item
|poke|p2|Skarmory, M|item
|poke|p2|Landorus-Therian, M|item
|teampreview
|inactive|Battle timer is ON: inactive players will automatically lose when time's up. (requested by FiestaFord)
|inactive|Loominthreat has 120 seconds left.
|inactive|Loominthreat has 90 seconds left.
|inactive|Loominthreat has 60 seconds left.
|
|start
|switch|p1a: Rotom|Rotom-Wash|100/100
|switch|p2a: Breloom|Breloom, F|100/100
|turn|1
|inactive|Loominthreat has 120 seconds left.
|
|switch|p1a: Mew|Mew|100/100
|move|p2a: Breloom|Protect||[still]
|-fail|p2a: Breloom
|
|-status|p2a: Breloom|tox|[from] item: Toxic Orb
|upkeep
|turn|2
|
|switch|p2a: Heatran|Heatran, F|100/100
|move|p1a: Mew|Taunt|p2a: Heatran
|-start|p2a: Heatran|move: Taunt
|
|upkeep
|turn|3
|
|switch|p1a: Heatran|Heatran, M|100/100
|switch|p2a: Breloom|Breloom, F|100/100 tox
|
|upkeep
|turn|4
|inactive|Loominthreat has 120 seconds left.
|
|switch|p1a: Mew|Mew|100/100
|switch|p2a: Heatran|Heatran, F|100/100
|
|upkeep
|turn|5
|
|move|p1a: Mew|Taunt|p2a: Heatran
|-start|p2a: Heatran|move: Taunt
|cant|p2a: Heatran|move: Taunt|Stealth Rock
|
|upkeep
|turn|6
|
|switch|p1a: Heatran|Heatran, M|100/100
|move|p2a: Heatran|Lava Plume|p1a: Heatran
|-start|p1a: Heatran|ability: Flash Fire
|
|upkeep
|turn|7
|inactive|Loominthreat has 120 seconds left.
|
|-end|p1a: Heatran|ability: Flash Fire|[silent]
|switch|p1a: Landorus|Landorus-Therian, M|100/100
|-ability|p1a: Landorus|Intimidate|boost
|-unboost|p2a: Heatran|atk|1
|move|p2a: Heatran|Earth Power|p1a: Landorus
|-immune|p1a: Landorus
|
|-end|p2a: Heatran|move: Taunt
|upkeep
|turn|8
|inactive|Loominthreat has 120 seconds left.
|
|move|p2a: Heatran|Protect|p2a: Heatran
|-singleturn|p2a: Heatran|Protect
|move|p1a: Landorus|Stealth Rock|p2a: Heatran
|-sidestart|p2: FiestaFord|move: Stealth Rock
|
|upkeep
|turn|9
|
|switch|p2a: Skarmory|Skarmory, M|100/100
|-damage|p2a: Skarmory|88/100|[from] Stealth Rock
|move|p1a: Landorus|U-turn|p2a: Skarmory
|-resisted|p2a: Skarmory
|-damage|p2a: Skarmory|85/100
|-damage|p1a: Landorus|84/100|[from] item: Rocky Helmet|[of] p2a: Skarmory
|inactive|Loominthreat has 120 seconds left.
|
|switch|p1a: Heatran|Heatran, M|100/100|[from]move: U-turn
|
|upkeep
|turn|10
|
|switch|p1a: Tyranitar|Tyranitar, F|100/100
|-weather|Sandstorm|[from] ability: Sand Stream|[of] p1a: Tyranitar
|switch|p2a: Starmie|Starmie|100/100
|-damage|p2a: Starmie|88/100|[from] Stealth Rock
|
|-weather|Sandstorm|[upkeep]
|-damage|p2a: Starmie|82/100|[from] Sandstorm
|-heal|p2a: Starmie|88/100|[from] item: Leftovers
|upkeep
|turn|11
|inactive|Loominthreat has 120 seconds left.
|j| ZachimationsYT
|
|move|p1a: Tyranitar|Crunch|p2a: Starmie
|-supereffective|p2a: Starmie
|-crit|p2a: Starmie
|-damage|p2a: Starmie|0 fnt
|faint|p2a: Starmie
|
|-weather|Sandstorm|[upkeep]
|upkeep
|
|switch|p2a: Heatran|Heatran, F|100/100
|-damage|p2a: Heatran|88/100|[from] Stealth Rock
|turn|12
|l| ZachimationsYT
|inactive|Loominthreat has 120 seconds left.
|
|switch|p1a: Landorus|Landorus-Therian, M|84/100
|-ability|p1a: Landorus|Intimidate|boost
|-unboost|p2a: Heatran|atk|1
|move|p2a: Heatran|Stealth Rock|p1a: Landorus
|-sidestart|p1: Loominthreat|move: Stealth Rock
|
|-weather|Sandstorm|[upkeep]
|-heal|p1a: Landorus|90/100|[from] item: Leftovers
|-heal|p2a: Heatran|94/100|[from] item: Leftovers
|upkeep
|turn|13
|
|switch|p2a: Skarmory|Skarmory, M|85/100
|-damage|p2a: Skarmory|72/100|[from] Stealth Rock
|move|p1a: Landorus|Earthquake|p2a: Skarmory
|-immune|p2a: Skarmory
|
|-weather|Sandstorm|[upkeep]
|-heal|p1a: Landorus|96/100|[from] item: Leftovers
|upkeep
|turn|14
|
|switch|p1a: Rotom|Rotom-Wash|100/100
|-damage|p1a: Rotom|88/100|[from] Stealth Rock
|move|p2a: Skarmory|Spikes|p1a: Rotom
|-sidestart|p1: Loominthreat|Spikes
|
|-weather|Sandstorm|[upkeep]
|-damage|p1a: Rotom|82/100|[from] Sandstorm
|-heal|p1a: Rotom|88/100|[from] item: Leftovers
|upkeep
|turn|15
|
|switch|p2a: Breloom|Breloom, F|100/100 tox
|-damage|p2a: Breloom|94/100 tox|[from] Stealth Rock
|move|p1a: Rotom|Volt Switch|p2a: Breloom
|-resisted|p2a: Breloom
|-damage|p2a: Breloom|80/100 tox
|
|switch|p1a: Mew|Mew|100/100|[from]move: Volt Switch
|-damage|p1a: Mew|88/100|[from] Stealth Rock
|-damage|p1a: Mew|76/100|[from] Spikes
|
|-weather|Sandstorm|[upkeep]
|-damage|p1a: Mew|70/100|[from] Sandstorm
|-damage|p2a: Breloom|73/100 tox|[from] Sandstorm
|-heal|p1a: Mew|76/100|[from] item: Leftovers
|-heal|p2a: Breloom|86/100 tox|[from] ability: Poison Heal
|upkeep
|turn|16
|inactive|Loominthreat has 120 seconds left.
|
|switch|p1a: Landorus|Landorus-Therian, M|96/100
|-damage|p1a: Landorus|84/100|[from] Stealth Rock
|-ability|p1a: Landorus|Intimidate|boost
|-unboost|p2a: Breloom|atk|1
|move|p2a: Breloom|Protect||[still]
|-fail|p2a: Breloom
|
|-weather|Sandstorm|[upkeep]
|-damage|p2a: Breloom|80/100 tox|[from] Sandstorm
|-heal|p1a: Landorus|90/100|[from] item: Leftovers
|-heal|p2a: Breloom|92/100 tox|[from] ability: Poison Heal
|upkeep
|turn|17
|
|switch|p2a: Skarmory|Skarmory, M|72/100
|-damage|p2a: Skarmory|60/100|[from] Stealth Rock
|move|p1a: Landorus|U-turn|p2a: Skarmory
|-resisted|p2a: Skarmory
|-damage|p2a: Skarmory|57/100
|-damage|p1a: Landorus|73/100|[from] item: Rocky Helmet|[of] p2a: Skarmory
|
|switch|p1a: Rotom|Rotom-Wash|88/100|[from]move: U-turn
|-damage|p1a: Rotom|76/100|[from] Stealth Rock
|
|-weather|Sandstorm|[upkeep]
|-damage|p1a: Rotom|70/100|[from] Sandstorm
|-heal|p1a: Rotom|76/100|[from] item: Leftovers
|upkeep
|turn|18
|
|switch|p2a: Breloom|Breloom, F|92/100 tox
|-damage|p2a: Breloom|86/100 tox|[from] Stealth Rock
|move|p1a: Rotom|Volt Switch|p2a: Breloom
|-resisted|p2a: Breloom
|-damage|p2a: Breloom|73/100 tox
|
|switch|p1a: Mew|Mew|76/100|[from]move: Volt Switch
|-damage|p1a: Mew|63/100|[from] Spikes
|-damage|p1a: Mew|51/100|[from] Stealth Rock
|
|-weather|Sandstorm|[upkeep]
|-damage|p1a: Mew|45/100|[from] Sandstorm
|-damage|p2a: Breloom|66/100 tox|[from] Sandstorm
|-heal|p1a: Mew|51/100|[from] item: Leftovers
|-heal|p2a: Breloom|79/100 tox|[from] ability: Poison Heal
|upkeep
|turn|19
|
|switch|p2a: Heatran|Heatran, F|94/100
|-damage|p2a: Heatran|82/100|[from] Stealth Rock
|move|p1a: Mew|Psychic|p2a: Heatran
|-resisted|p2a: Heatran
|-damage|p2a: Heatran|73/100
|
|-weather|Sandstorm|[upkeep]
|-damage|p1a: Mew|45/100|[from] Sandstorm
|-heal|p1a: Mew|51/100|[from] item: Leftovers
|-heal|p2a: Heatran|79/100|[from] item: Leftovers
|upkeep
|turn|20
|
|move|p1a: Mew|Soft-Boiled|p1a: Mew
|-heal|p1a: Mew|100/100
|move|p2a: Heatran|Lava Plume|p1a: Mew
|-crit|p1a: Mew
|-damage|p1a: Mew|36/100
|
|-weather|Sandstorm|[upkeep]
|-damage|p1a: Mew|30/100|[from] Sandstorm
|-heal|p1a: Mew|36/100|[from] item: Leftovers
|-heal|p2a: Heatran|86/100|[from] item: Leftovers
|upkeep
|turn|21
|
|move|p1a: Mew|Soft-Boiled|p1a: Mew
|-heal|p1a: Mew|86/100
|move|p2a: Heatran|Lava Plume|p1a: Mew
|-damage|p1a: Mew|54/100
|-status|p1a: Mew|brn
|-activate|p1a: Mew|ability: Synchronize
|-immune|p2a: Heatran
|
|-weather|Sandstorm|[upkeep]
|-damage|p1a: Mew|48/100 brn|[from] Sandstorm
|-heal|p1a: Mew|54/100 brn|[from] item: Leftovers
|-heal|p2a: Heatran|92/100|[from] item: Leftovers
|-damage|p1a: Mew|42/100 brn|[from] brn
|upkeep
|turn|22
|
|move|p1a: Mew|Soft-Boiled|p1a: Mew
|-heal|p1a: Mew|92/100 brn
|move|p2a: Heatran|Lava Plume|p1a: Mew
|-crit|p1a: Mew
|-damage|p1a: Mew|24/100 brn
|
|-weather|Sandstorm|[upkeep]
|-damage|p1a: Mew|18/100 brn|[from] Sandstorm
|-heal|p1a: Mew|24/100 brn|[from] item: Leftovers
|-heal|p2a: Heatran|98/100|[from] item: Leftovers
|-damage|p1a: Mew|12/100 brn|[from] brn
|upkeep
|turn|23
|
|move|p1a: Mew|Soft-Boiled|p1a: Mew
|-heal|p1a: Mew|62/100 brn
|move|p2a: Heatran|Lava Plume|p1a: Mew
|-damage|p1a: Mew|28/100 brn
|
|-weather|Sandstorm|[upkeep]
|-damage|p1a: Mew|22/100 brn|[from] Sandstorm
|-heal|p1a: Mew|28/100 brn|[from] item: Leftovers
|-heal|p2a: Heatran|100/100|[from] item: Leftovers
|-damage|p1a: Mew|16/100 brn|[from] brn
|upkeep
|turn|24
|
|move|p1a: Mew|Soft-Boiled|p1a: Mew
|-heal|p1a: Mew|66/100 brn
|move|p2a: Heatran|Lava Plume|p1a: Mew
|-damage|p1a: Mew|35/100 brn
|
|-weather|Sandstorm|[upkeep]
|-damage|p1a: Mew|29/100 brn|[from] Sandstorm
|-heal|p1a: Mew|35/100 brn|[from] item: Leftovers
|-damage|p1a: Mew|22/100 brn|[from] brn
|upkeep
|turn|25
|
|move|p1a: Mew|Soft-Boiled|p1a: Mew
|-heal|p1a: Mew|72/100 brn
|move|p2a: Heatran|Lava Plume|p1a: Mew
|-damage|p1a: Mew|43/100 brn
|
|-weather|Sandstorm|[upkeep]
|-damage|p1a: Mew|37/100 brn|[from] Sandstorm
|-heal|p1a: Mew|43/100 brn|[from] item: Leftovers
|-damage|p1a: Mew|31/100 brn|[from] brn
|upkeep
|turn|26
|j| apesh!t
|
|move|p1a: Mew|Soft-Boiled|p1a: Mew
|-heal|p1a: Mew|81/100 brn
|move|p2a: Heatran|Lava Plume|p1a: Mew
|-damage|p1a: Mew|50/100 brn
|
|-weather|Sandstorm|[upkeep]
|-damage|p1a: Mew|44/100 brn|[from] Sandstorm
|-heal|p1a: Mew|50/100 brn|[from] item: Leftovers
|-damage|p1a: Mew|38/100 brn|[from] brn
|upkeep
|turn|27
|
|move|p1a: Mew|Soft-Boiled|p1a: Mew
|-heal|p1a: Mew|88/100 brn
|move|p2a: Heatran|Lava Plume|p1a: Mew
|-damage|p1a: Mew|55/100 brn
|
|-weather|Sandstorm|[upkeep]
|-damage|p1a: Mew|49/100 brn|[from] Sandstorm
|-heal|p1a: Mew|55/100 brn|[from] item: Leftovers
|-damage|p1a: Mew|43/100 brn|[from] brn
|upkeep
|turn|28
|
|move|p1a: Mew|Soft-Boiled|p1a: Mew
|-heal|p1a: Mew|93/100 brn
|move|p2a: Heatran|Lava Plume|p1a: Mew
|-damage|p1a: Mew|61/100 brn
|
|-weather|Sandstorm|[upkeep]
|-damage|p1a: Mew|55/100 brn|[from] Sandstorm
|-heal|p1a: Mew|61/100 brn|[from] item: Leftovers
|-damage|p1a: Mew|49/100 brn|[from] brn
|upkeep
|turn|29
|
|move|p1a: Mew|Soft-Boiled|p1a: Mew
|-heal|p1a: Mew|99/100 brn
|move|p2a: Heatran|Earth Power|p1a: Mew
|-damage|p1a: Mew|77/100 brn
|
|-weather|Sandstorm|[upkeep]
|-damage|p1a: Mew|71/100 brn|[from] Sandstorm
|-heal|p1a: Mew|77/100 brn|[from] item: Leftovers
|-damage|p1a: Mew|65/100 brn|[from] brn
|upkeep
|turn|30
|l| apesh!t
|
|move|p1a: Mew|Taunt|p2a: Heatran
|-start|p2a: Heatran|move: Taunt
|move|p2a: Heatran|Lava Plume|p1a: Mew
|-damage|p1a: Mew|36/100 brn
|
|-weather|Sandstorm|[upkeep]
|-damage|p1a: Mew|30/100 brn|[from] Sandstorm
|-heal|p1a: Mew|36/100 brn|[from] item: Leftovers
|-damage|p1a: Mew|24/100 brn|[from] brn
|upkeep
|turn|31
|
|move|p1a: Mew|Soft-Boiled|p1a: Mew
|-heal|p1a: Mew|74/100 brn
|move|p2a: Heatran|Lava Plume|p1a: Mew
|-damage|p1a: Mew|44/100 brn
|
|-weather|Sandstorm|[upkeep]
|-damage|p1a: Mew|38/100 brn|[from] Sandstorm
|-heal|p1a: Mew|44/100 brn|[from] item: Leftovers
|-damage|p1a: Mew|31/100 brn|[from] brn
|upkeep
|turn|32
|
|move|p1a: Mew|Soft-Boiled|p1a: Mew
|-heal|p1a: Mew|81/100 brn
|move|p2a: Heatran|Earth Power|p1a: Mew
|-damage|p1a: Mew|59/100 brn
|
|-weather|Sandstorm|[upkeep]
|-damage|p1a: Mew|52/100 brn|[from] Sandstorm
|-heal|p1a: Mew|59/100 brn|[from] item: Leftovers
|-damage|p1a: Mew|46/100 brn|[from] brn
|-end|p2a: Heatran|move: Taunt
|upkeep
|turn|33
|
|move|p1a: Mew|Soft-Boiled|p1a: Mew
|-heal|p1a: Mew|96/100 brn
|move|p2a: Heatran|Lava Plume|p1a: Mew
|-damage|p1a: Mew|67/100 brn
|
|-weather|Sandstorm|[upkeep]
|-damage|p1a: Mew|61/100 brn|[from] Sandstorm
|-heal|p1a: Mew|67/100 brn|[from] item: Leftovers
|-damage|p1a: Mew|55/100 brn|[from] brn
|upkeep
|turn|34
|
|move|p1a: Mew|Soft-Boiled|p1a: Mew
|-heal|p1a: Mew|100/100 brn
|move|p2a: Heatran|Earth Power|p1a: Mew
|-damage|p1a: Mew|76/100 brn
|
|-weather|Sandstorm|[upkeep]
|-damage|p1a: Mew|70/100 brn|[from] Sandstorm
|-heal|p1a: Mew|76/100 brn|[from] item: Leftovers
|-damage|p1a: Mew|63/100 brn|[from] brn
|upkeep
|turn|35
|
|switch|p1a: Rotom|Rotom-Wash|76/100
|-damage|p1a: Rotom|64/100|[from] Stealth Rock
|move|p2a: Heatran|Lava Plume|p1a: Rotom
|-resisted|p1a: Rotom
|-damage|p1a: Rotom|49/100
|
|-weather|Sandstorm|[upkeep]
|-damage|p1a: Rotom|43/100|[from] Sandstorm
|-heal|p1a: Rotom|49/100|[from] item: Leftovers
|upkeep
|turn|36
|j| ZachimationsYT
|
|move|p1a: Rotom|Pain Split|p2a: Heatran
|-sethp|p2a: Heatran|70/100|[from] move: Pain Split|[silent]
|-sethp|p1a: Rotom|88/100|[from] move: Pain Split
|move|p2a: Heatran|Lava Plume|p1a: Rotom
|-resisted|p1a: Rotom
|-damage|p1a: Rotom|74/100
|
|-weather|Sandstorm|[upkeep]
|-damage|p1a: Rotom|68/100|[from] Sandstorm
|-heal|p1a: Rotom|74/100|[from] item: Leftovers
|-heal|p2a: Heatran|76/100|[from] item: Leftovers
|upkeep
|turn|37
|l| ZachimationsYT
|
|switch|p2a: Breloom|Breloom, F|79/100 tox
|-damage|p2a: Breloom|73/100 tox|[from] Stealth Rock
|move|p1a: Rotom|Volt Switch|p2a: Breloom
|-resisted|p2a: Breloom
|-damage|p2a: Breloom|60/100 tox
|
|switch|p1a: Mew|Mew|63/100 brn|[from]move: Volt Switch
|-damage|p1a: Mew|51/100 brn|[from] Stealth Rock
|-damage|p1a: Mew|39/100 brn|[from] Spikes
|
|-weather|Sandstorm|[upkeep]
|-damage|p1a: Mew|33/100 brn|[from] Sandstorm
|-damage|p2a: Breloom|53/100 tox|[from] Sandstorm
|-heal|p1a: Mew|39/100 brn|[from] item: Leftovers
|-damage|p1a: Mew|26/100 brn|[from] brn
|-heal|p2a: Breloom|66/100 tox|[from] ability: Poison Heal
|upkeep
|turn|38
|
|switch|p2a: Heatran|Heatran, F|76/100
|-damage|p2a: Heatran|63/100|[from] Stealth Rock
|move|p1a: Mew|Soft-Boiled|p1a: Mew
|-heal|p1a: Mew|77/100 brn
|
|-weather|Sandstorm|[upkeep]
|-damage|p1a: Mew|71/100 brn|[from] Sandstorm
|-heal|p1a: Mew|77/100 brn|[from] item: Leftovers
|-heal|p2a: Heatran|70/100|[from] item: Leftovers
|-damage|p1a: Mew|64/100 brn|[from] brn
|upkeep
|turn|39
|
|switch|p1a: Heatran|Heatran, M|100/100
|-damage|p1a: Heatran|88/100|[from] Spikes
|-damage|p1a: Heatran|76/100|[from] Stealth Rock
|move|p2a: Heatran|Lava Plume|p1a: Heatran
|-start|p1a: Heatran|ability: Flash Fire
|
|-weather|Sandstorm|[upkeep]
|-heal|p1a: Heatran|82/100|[from] item: Leftovers
|-heal|p2a: Heatran|76/100|[from] item: Leftovers
|upkeep
|turn|40
|
|move|p1a: Heatran|Protect|p1a: Heatran
|-singleturn|p1a: Heatran|Protect
|move|p2a: Heatran|Earth Power|p1a: Heatran
|-activate|p1a: Heatran|move: Protect
|
|-weather|Sandstorm|[upkeep]
|-heal|p1a: Heatran|88/100|[from] item: Leftovers
|-heal|p2a: Heatran|82/100|[from] item: Leftovers
|upkeep
|turn|41
|
|move|p2a: Heatran|Earth Power|p1a: Heatran
|-supereffective|p1a: Heatran
|-damage|p1a: Heatran|12/100
|move|p1a: Heatran|Roar|p2a: Heatran
|drag|p2a: Skarmory|Skarmory, M|57/100
|-damage|p2a: Skarmory|44/100|[from] Stealth Rock
|
|-weather|Sandstorm|[upkeep]
|-heal|p1a: Heatran|19/100|[from] item: Leftovers
|upkeep
|turn|42
|
|switch|p2a: Heatran|Heatran, F|82/100
|-damage|p2a: Heatran|70/100|[from] Stealth Rock
|move|p1a: Heatran|Roar|p2a: Heatran
|drag|p2a: Skarmory|Skarmory, M|44/100
|-damage|p2a: Skarmory|32/100|[from] Stealth Rock
|
|-weather|Sandstorm|[upkeep]
|-heal|p1a: Heatran|25/100|[from] item: Leftovers
|upkeep
|turn|43
|
|switch|p2a: Heatran|Heatran, F|70/100
|-damage|p2a: Heatran|57/100|[from] Stealth Rock
|move|p1a: Heatran|Lava Plume|p2a: Heatran
|-start|p2a: Heatran|ability: Flash Fire
|
|-weather|Sandstorm|[upkeep]
|-heal|p1a: Heatran|31/100|[from] item: Leftovers
|-heal|p2a: Heatran|63/100|[from] item: Leftovers
|upkeep
|turn|44
|
|-end|p1a: Heatran|ability: Flash Fire|[silent]
|switch|p1a: Landorus|Landorus-Therian, M|73/100
|-damage|p1a: Landorus|61/100|[from] Stealth Rock
|-ability|p1a: Landorus|Intimidate|boost
|-unboost|p2a: Heatran|atk|1
|move|p2a: Heatran|Earth Power|p1a: Landorus
|-immune|p1a: Landorus
|
|-weather|Sandstorm|[upkeep]
|-heal|p1a: Landorus|67/100|[from] item: Leftovers
|-heal|p2a: Heatran|70/100|[from] item: Leftovers
|upkeep
|turn|45
|
|-end|p2a: Heatran|ability: Flash Fire|[silent]
|switch|p2a: Landorus|Landorus-Therian, M|100/100
|-damage|p2a: Landorus|88/100|[from] Stealth Rock
|-ability|p2a: Landorus|Intimidate|boost
|-unboost|p1a: Landorus|atk|1
|move|p1a: Landorus|Hidden Power|p2a: Landorus
|-supereffective|p2a: Landorus
|-damage|p2a: Landorus|0 fnt
|faint|p2a: Landorus
|
|-weather|Sandstorm|[upkeep]
|-heal|p1a: Landorus|73/100|[from] item: Leftovers
|upkeep
|
|switch|p2a: Skarmory|Skarmory, M|32/100
|-damage|p2a: Skarmory|20/100|[from] Stealth Rock
|turn|46
|
|switch|p1a: Rotom|Rotom-Wash|74/100
|-damage|p1a: Rotom|62/100|[from] Stealth Rock
|move|p2a: Skarmory|Roost|p2a: Skarmory
|-heal|p2a: Skarmory|70/100
|-singleturn|p2a: Skarmory|move: Roost
|
|-weather|Sandstorm|[upkeep]
|-damage|p1a: Rotom|56/100|[from] Sandstorm
|-heal|p1a: Rotom|62/100|[from] item: Leftovers
|upkeep
|turn|47
|
|switch|p2a: Breloom|Breloom, F|66/100 tox
|-damage|p2a: Breloom|60/100 tox|[from] Stealth Rock
|move|p1a: Rotom|Volt Switch|p2a: Breloom
|-resisted|p2a: Breloom
|-damage|p2a: Breloom|45/100 tox
|
|switch|p1a: Mew|Mew|64/100 brn|[from]move: Volt Switch
|-damage|p1a: Mew|52/100 brn|[from] Spikes
|-damage|p1a: Mew|40/100 brn|[from] Stealth Rock
|
|-weather|Sandstorm|[upkeep]
|-damage|p1a: Mew|34/100 brn|[from] Sandstorm
|-damage|p2a: Breloom|39/100 tox|[from] Sandstorm
|-heal|p1a: Mew|40/100 brn|[from] item: Leftovers
|-damage|p1a: Mew|27/100 brn|[from] brn
|-heal|p2a: Breloom|52/100 tox|[from] ability: Poison Heal
|upkeep
|turn|48
|
|move|p2a: Breloom|Protect|p2a: Breloom
|-singleturn|p2a: Breloom|Protect
|move|p1a: Mew|Soft-Boiled|p1a: Mew
|-heal|p1a: Mew|77/100 brn
|
|-weather|Sandstorm|[upkeep]
|-damage|p1a: Mew|71/100 brn|[from] Sandstorm
|-damage|p2a: Breloom|45/100 tox|[from] Sandstorm
|-heal|p1a: Mew|77/100 brn|[from] item: Leftovers
|-damage|p1a: Mew|65/100 brn|[from] brn
|-heal|p2a: Breloom|58/100 tox|[from] ability: Poison Heal
|upkeep
|turn|49
|
|switch|p1a: Tyranitar|Tyranitar, F|100/100
|-damage|p1a: Tyranitar|88/100|[from] Stealth Rock
|-damage|p1a: Tyranitar|76/100|[from] Spikes
|switch|p2a: Heatran|Heatran, F|70/100
|-damage|p2a: Heatran|57/100|[from] Stealth Rock
|
|-weather|Sandstorm|[upkeep]
|-heal|p2a: Heatran|63/100|[from] item: Leftovers
|upkeep
|turn|50
|
|move|p2a: Heatran|Protect|p2a: Heatran
|-singleturn|p2a: Heatran|Protect
|move|p1a: Tyranitar|Superpower|p2a: Heatran
|-activate|p2a: Heatran|move: Protect
|
|-weather|Sandstorm|[upkeep]
|-heal|p2a: Heatran|70/100|[from] item: Leftovers
|upkeep
|turn|51
|
|switch|p1a: Rotom|Rotom-Wash|62/100
|-damage|p1a: Rotom|49/100|[from] Stealth Rock
|switch|p2a: Skarmory|Skarmory, M|70/100
|-damage|p2a: Skarmory|58/100|[from] Stealth Rock
|
|-weather|Sandstorm|[upkeep]
|-damage|p1a: Rotom|43/100|[from] Sandstorm
|-heal|p1a: Rotom|49/100|[from] item: Leftovers
|upkeep
|turn|52
|
|switch|p2a: Breloom|Breloom, F|58/100 tox
|-damage|p2a: Breloom|52/100 tox|[from] Stealth Rock
|move|p1a: Rotom|Volt Switch|p2a: Breloom
|-resisted|p2a: Breloom
|-damage|p2a: Breloom|39/100 tox
|
|switch|p1a: Landorus|Landorus-Therian, M|73/100|[from]move: Volt Switch
|-damage|p1a: Landorus|61/100|[from] Stealth Rock
|-ability|p1a: Landorus|Intimidate|boost
|-unboost|p2a: Breloom|atk|1
|
|-weather|Sandstorm|[upkeep]
|-damage|p2a: Breloom|33/100 tox|[from] Sandstorm
|-heal|p1a: Landorus|67/100|[from] item: Leftovers
|-heal|p2a: Breloom|45/100 tox|[from] ability: Poison Heal
|upkeep
|turn|53
|
|move|p2a: Breloom|Protect|p2a: Breloom
|-singleturn|p2a: Breloom|Protect
|move|p1a: Landorus|U-turn|p2a: Breloom
|-activate|p2a: Breloom|move: Protect
|
|-weather|Sandstorm|[upkeep]
|-damage|p2a: Breloom|39/100 tox|[from] Sandstorm
|-heal|p1a: Landorus|73/100|[from] item: Leftovers
|-heal|p2a: Breloom|51/100 tox|[from] ability: Poison Heal
|upkeep
|turn|54
|
|switch|p2a: Skarmory|Skarmory, M|58/100
|-damage|p2a: Skarmory|45/100|[from] Stealth Rock
|move|p1a: Landorus|U-turn|p2a: Skarmory
|-resisted|p2a: Skarmory
|-damage|p2a: Skarmory|42/100
|-damage|p1a: Landorus|56/100|[from] item: Rocky Helmet|[of] p2a: Skarmory
|
|switch|p1a: Rotom|Rotom-Wash|49/100|[from]move: U-turn
|-damage|p1a: Rotom|37/100|[from] Stealth Rock
|
|-weather|Sandstorm|[upkeep]
|-damage|p1a: Rotom|31/100|[from] Sandstorm
|-heal|p1a: Rotom|37/100|[from] item: Leftovers
|upkeep
|turn|55
|
|switch|p2a: Breloom|Breloom, F|51/100 tox
|-damage|p2a: Breloom|45/100 tox|[from] Stealth Rock
|move|p1a: Rotom|Volt Switch|p2a: Breloom
|-resisted|p2a: Breloom
|-damage|p2a: Breloom|32/100 tox
|
|switch|p1a: Landorus|Landorus-Therian, M|56/100|[from]move: Volt Switch
|-damage|p1a: Landorus|44/100|[from] Stealth Rock
|-ability|p1a: Landorus|Intimidate|boost
|-unboost|p2a: Breloom|atk|1
|
|-weather|Sandstorm|[upkeep]
|-damage|p2a: Breloom|25/100 tox|[from] Sandstorm
|-heal|p1a: Landorus|50/100|[from] item: Leftovers
|-heal|p2a: Breloom|38/100 tox|[from] ability: Poison Heal
|upkeep
|turn|56
|
|move|p2a: Breloom|Protect|p2a: Breloom
|-singleturn|p2a: Breloom|Protect
|move|p1a: Landorus|Hidden Power|p2a: Breloom
|-activate|p2a: Breloom|move: Protect
|
|-weather|Sandstorm|[upkeep]
|-damage|p2a: Breloom|32/100 tox|[from] Sandstorm
|-heal|p1a: Landorus|56/100|[from] item: Leftovers
|-heal|p2a: Breloom|44/100 tox|[from] ability: Poison Heal
|upkeep
|turn|57
|
|switch|p2a: Tyranitar|Tyranitar, F|100/100
|-damage|p2a: Tyranitar|88/100|[from] Stealth Rock
|move|p1a: Landorus|U-turn|p2a: Tyranitar
|-supereffective|p2a: Tyranitar
|-damage|p2a: Tyranitar|51/100
|
|switch|p1a: Tyranitar|Tyranitar, F|76/100|[from]move: U-turn
|-damage|p1a: Tyranitar|64/100|[from] Stealth Rock
|-damage|p1a: Tyranitar|51/100|[from] Spikes
|
|-weather|Sandstorm|[upkeep]
|upkeep
|turn|58
|
|move|p1a: Tyranitar|Superpower|p2a: Tyranitar
|-supereffective|p2a: Tyranitar
|-enditem|p2a: Tyranitar|Chople Berry|[eat]
|-enditem|p2a: Tyranitar|Chople Berry|[weaken]
|-damage|p2a: Tyranitar|0 fnt
|-unboost|p1a: Tyranitar|atk|1
|-unboost|p1a: Tyranitar|def|1
|faint|p2a: Tyranitar
|
|-weather|Sandstorm|[upkeep]
|upkeep
|
|switch|p2a: Skarmory|Skarmory, M|42/100
|-damage|p2a: Skarmory|30/100|[from] Stealth Rock
|turn|59
|
|switch|p1a: Rotom|Rotom-Wash|37/100
|-damage|p1a: Rotom|25/100|[from] Stealth Rock
|move|p2a: Skarmory|Roost|p2a: Skarmory
|-heal|p2a: Skarmory|80/100
|-singleturn|p2a: Skarmory|move: Roost
|
|-weather|Sandstorm|[upkeep]
|-damage|p1a: Rotom|19/100|[from] Sandstorm
|-heal|p1a: Rotom|25/100|[from] item: Leftovers
|upkeep
|turn|60
|
|move|p1a: Rotom|Pain Split|p2a: Skarmory
|-sethp|p2a: Skarmory|51/100|[from] move: Pain Split|[silent]
|-sethp|p1a: Rotom|56/100|[from] move: Pain Split
|move|p2a: Skarmory|Roost|p2a: Skarmory
|-heal|p2a: Skarmory|100/100
|-singleturn|p2a: Skarmory|move: Roost
|
|-weather|Sandstorm|[upkeep]
|-damage|p1a: Rotom|50/100|[from] Sandstorm
|-heal|p1a: Rotom|56/100|[from] item: Leftovers
|upkeep
|turn|61
|
|move|p1a: Rotom|Hydro Pump|p2a: Skarmory
|-damage|p2a: Skarmory|54/100
|move|p2a: Skarmory|Roost|p2a: Skarmory
|-heal|p2a: Skarmory|100/100
|-singleturn|p2a: Skarmory|move: Roost
|
|-weather|Sandstorm|[upkeep]
|-damage|p1a: Rotom|50/100|[from] Sandstorm
|-heal|p1a: Rotom|56/100|[from] item: Leftovers
|upkeep
|turn|62
|
|switch|p2a: Breloom|Breloom, F|44/100 tox
|-damage|p2a: Breloom|38/100 tox|[from] Stealth Rock
|move|p1a: Rotom|Pain Split|p2a: Breloom
|-sethp|p2a: Breloom|45/100 tox|[from] move: Pain Split|[silent]
|-sethp|p1a: Rotom|48/100|[from] move: Pain Split
|
|-weather|Sandstorm|[upkeep]
|-damage|p1a: Rotom|42/100|[from] Sandstorm
|-damage|p2a: Breloom|39/100 tox|[from] Sandstorm
|-heal|p1a: Rotom|48/100|[from] item: Leftovers
|-heal|p2a: Breloom|52/100 tox|[from] ability: Poison Heal
|upkeep
|turn|63
|
|switch|p1a: Mew|Mew|65/100 brn
|-damage|p1a: Mew|53/100 brn|[from] Stealth Rock
|-damage|p1a: Mew|40/100 brn|[from] Spikes
|move|p2a: Breloom|Bulk Up|p2a: Breloom
|-boost|p2a: Breloom|atk|1
|-boost|p2a: Breloom|def|1
|
|-weather|Sandstorm|[upkeep]
|-damage|p1a: Mew|34/100 brn|[from] Sandstorm
|-damage|p2a: Breloom|45/100 tox|[from] Sandstorm
|-heal|p1a: Mew|40/100 brn|[from] item: Leftovers
|-damage|p1a: Mew|28/100 brn|[from] brn
|-heal|p2a: Breloom|58/100 tox|[from] ability: Poison Heal
|upkeep
|turn|64
|
|move|p2a: Breloom|Protect|p2a: Breloom
|-singleturn|p2a: Breloom|Protect
|move|p1a: Mew|Psychic|p2a: Breloom
|-activate|p2a: Breloom|move: Protect
|
|-weather|Sandstorm|[upkeep]
|-damage|p1a: Mew|22/100 brn|[from] Sandstorm
|-damage|p2a: Breloom|52/100 tox|[from] Sandstorm
|-heal|p1a: Mew|28/100 brn|[from] item: Leftovers
|-damage|p1a: Mew|16/100 brn|[from] brn
|-heal|p2a: Breloom|64/100 tox|[from] ability: Poison Heal
|upkeep
|turn|65
|
|switch|p2a: Heatran|Heatran, F|70/100
|-damage|p2a: Heatran|57/100|[from] Stealth Rock
|move|p1a: Mew|Psychic|p2a: Heatran
|-resisted|p2a: Heatran
|-damage|p2a: Heatran|47/100
|
|-weather|Sandstorm|[upkeep]
|-damage|p1a: Mew|10/100 brn|[from] Sandstorm
|-heal|p1a: Mew|16/100 brn|[from] item: Leftovers
|-heal|p2a: Heatran|53/100|[from] item: Leftovers
|-damage|p1a: Mew|3/100 brn|[from] brn
|upkeep
|turn|66
|
|move|p1a: Mew|Taunt|p2a: Heatran
|-start|p2a: Heatran|move: Taunt
|move|p2a: Heatran|Lava Plume|p1a: Mew
|-damage|p1a: Mew|0 fnt
|faint|p1a: Mew
|
|-weather|Sandstorm|[upkeep]
|-heal|p2a: Heatran|59/100|[from] item: Leftovers
|upkeep
|
|switch|p1a: Landorus|Landorus-Therian, M|56/100
|-damage|p1a: Landorus|44/100|[from] Stealth Rock
|-ability|p1a: Landorus|Intimidate|boost
|-unboost|p2a: Heatran|atk|1
|turn|67
|
|switch|p1a: Ferrothorn|Ferrothorn, M|100/100
|-damage|p1a: Ferrothorn|94/100|[from] Stealth Rock
|-damage|p1a: Ferrothorn|82/100|[from] Spikes
|switch|p2a: Skarmory|Skarmory, M|100/100
|-damage|p2a: Skarmory|88/100|[from] Stealth Rock
|
|-weather|Sandstorm|[upkeep]
|-heal|p1a: Ferrothorn|88/100|[from] item: Leftovers
|upkeep
|turn|68
|
|switch|p2a: Heatran|Heatran, F|59/100
|-damage|p2a: Heatran|47/100|[from] Stealth Rock
|move|p1a: Ferrothorn|Spikes|p2a: Heatran
|-sidestart|p2: FiestaFord|Spikes
|
|-weather|Sandstorm|[upkeep]
|-heal|p2a: Heatran|53/100|[from] item: Leftovers
|-heal|p1a: Ferrothorn|94/100|[from] item: Leftovers
|upkeep
|turn|69
|
|move|p1a: Ferrothorn|Protect|p1a: Ferrothorn
|-singleturn|p1a: Ferrothorn|Protect
|move|p2a: Heatran|Lava Plume|p1a: Ferrothorn
|-activate|p1a: Ferrothorn|move: Protect
|
|-weather|Sandstorm|[upkeep]
|-heal|p2a: Heatran|59/100|[from] item: Leftovers
|-heal|p1a: Ferrothorn|100/100|[from] item: Leftovers
|upkeep
|turn|70
|
|switch|p1a: Tyranitar|Tyranitar, F|51/100
|-damage|p1a: Tyranitar|39/100|[from] Spikes
|-damage|p1a: Tyranitar|27/100|[from] Stealth Rock
|move|p2a: Heatran|Lava Plume|p1a: Tyranitar
|-resisted|p1a: Tyranitar
|-damage|p1a: Tyranitar|14/100
|
|-weather|Sandstorm|[upkeep]
|-heal|p2a: Heatran|65/100|[from] item: Leftovers
|upkeep
|turn|71
|
|move|p2a: Heatran|Protect|p2a: Heatran
|-singleturn|p2a: Heatran|Protect
|move|p1a: Tyranitar|Superpower|p2a: Heatran
|-activate|p2a: Heatran|move: Protect
|
|-weather|Sandstorm|[upkeep]
|-heal|p2a: Heatran|72/100|[from] item: Leftovers
|upkeep
|turn|72
|
|switch|p2a: Skarmory|Skarmory, M|88/100
|-damage|p2a: Skarmory|76/100|[from] Stealth Rock
|move|p1a: Tyranitar|Superpower|p2a: Skarmory
|-damage|p2a: Skarmory|46/100
|-damage|p1a: Tyranitar|0 fnt|[from] item: Rocky Helmet|[of] p2a: Skarmory
|faint|p1a: Tyranitar
|
|-weather|Sandstorm|[upkeep]
|upkeep
|
|switch|p1a: Ferrothorn|Ferrothorn, M|100/100
|-damage|p1a: Ferrothorn|94/100|[from] Stealth Rock
|-damage|p1a: Ferrothorn|82/100|[from] Spikes
|turn|73
|
|move|p2a: Skarmory|Roost|p2a: Skarmory
|-heal|p2a: Skarmory|96/100
|-singleturn|p2a: Skarmory|move: Roost
|move|p1a: Ferrothorn|Spikes|p2a: Skarmory
|-sidestart|p2: FiestaFord|Spikes
|
|-weather|Sandstorm|[upkeep]
|-heal|p1a: Ferrothorn|88/100|[from] item: Leftovers
|upkeep
|turn|74
|
|move|p2a: Skarmory|Spikes|p1a: Ferrothorn
|-sidestart|p1: Loominthreat|Spikes
|move|p1a: Ferrothorn|Spikes|p2a: Skarmory
|-sidestart|p2: FiestaFord|Spikes
|
|-weather|Sandstorm|[upkeep]
|-heal|p1a: Ferrothorn|94/100|[from] item: Leftovers
|upkeep
|turn|75
|
|move|p2a: Skarmory|Spikes|p1a: Ferrothorn
|-sidestart|p1: Loominthreat|Spikes
|move|p1a: Ferrothorn|Leech Seed|p2a: Skarmory
|-start|p2a: Skarmory|move: Leech Seed
|
|-weather|Sandstorm|[upkeep]
|-heal|p1a: Ferrothorn|100/100|[from] item: Leftovers
|-damage|p2a: Skarmory|84/100|[from] Leech Seed|[of] p1a: Ferrothorn
|upkeep
|turn|76
|
|switch|p2a: Heatran|Heatran, F|72/100
|-damage|p2a: Heatran|47/100|[from] Spikes
|-damage|p2a: Heatran|34/100|[from] Stealth Rock
|switch|p1a: Landorus|Landorus-Therian, M|44/100
|-damage|p1a: Landorus|31/100|[from] Stealth Rock
|-ability|p1a: Landorus|Intimidate|boost
|-unboost|p2a: Heatran|atk|1
|
|-weather|Sandstorm|[upkeep]
|-heal|p1a: Landorus|37/100|[from] item: Leftovers
|-heal|p2a: Heatran|40/100|[from] item: Leftovers
|upkeep
|turn|77
|
|switch|p2a: Skarmory|Skarmory, M|84/100
|-damage|p2a: Skarmory|71/100|[from] Stealth Rock
|move|p1a: Landorus|Earthquake|p2a: Skarmory
|-immune|p2a: Skarmory
|
|-weather|Sandstorm|[upkeep]
|-heal|p1a: Landorus|43/100|[from] item: Leftovers
|upkeep
|turn|78
|
|switch|p1a: Ferrothorn|Ferrothorn, M|100/100
|-damage|p1a: Ferrothorn|94/100|[from] Stealth Rock
|-damage|p1a: Ferrothorn|69/100|[from] Spikes
|move|p2a: Skarmory|Drill Peck|p1a: Ferrothorn
|-damage|p1a: Ferrothorn|53/100
|-damage|p2a: Skarmory|59/100|[from] ability: Iron Barbs|[of] p1a: Ferrothorn
|
|-weather|Sandstorm|[upkeep]
|-heal|p1a: Ferrothorn|59/100|[from] item: Leftovers
|upkeep
|turn|79
|
|switch|p2a: Breloom|Breloom, F|64/100 tox
|-damage|p2a: Breloom|39/100 tox|[from] Spikes
|-damage|p2a: Breloom|33/100 tox|[from] Stealth Rock
|move|p1a: Ferrothorn|Leech Seed|p2a: Breloom
|-immune|p2a: Breloom
|
|-weather|Sandstorm|[upkeep]
|-damage|p2a: Breloom|27/100 tox|[from] Sandstorm
|-heal|p1a: Ferrothorn|66/100|[from] item: Leftovers
|-heal|p2a: Breloom|39/100 tox|[from] ability: Poison Heal
|upkeep
|turn|80
|
|switch|p1a: Heatran|Heatran, M|31/100
|-damage|p1a: Heatran|6/100|[from] Spikes
|-damage|p1a: Heatran|0 fnt|[from] Stealth Rock
|faint|p1a: Heatran
|move|p2a: Breloom|Bulk Up|p2a: Breloom
|-boost|p2a: Breloom|atk|1
|-boost|p2a: Breloom|def|1
|
|-weather|Sandstorm|[upkeep]
|-damage|p2a: Breloom|33/100 tox|[from] Sandstorm
|-heal|p2a: Breloom|45/100 tox|[from] ability: Poison Heal
|upkeep
|
|switch|p1a: Landorus|Landorus-Therian, M|43/100
|-damage|p1a: Landorus|31/100|[from] Stealth Rock
|-ability|p1a: Landorus|Intimidate|boost
|-unboost|p2a: Breloom|atk|1
|turn|81
|
|move|p2a: Breloom|Protect|p2a: Breloom
|-singleturn|p2a: Breloom|Protect
|move|p1a: Landorus|Hidden Power|p2a: Breloom
|-activate|p2a: Breloom|move: Protect
|
|-weather|Sandstorm|[upkeep]
|-damage|p2a: Breloom|39/100 tox|[from] Sandstorm
|-heal|p1a: Landorus|37/100|[from] item: Leftovers
|-heal|p2a: Breloom|52/100 tox|[from] ability: Poison Heal
|upkeep
|turn|82
|
|switch|p2a: Skarmory|Skarmory, M|59/100
|-damage|p2a: Skarmory|47/100|[from] Stealth Rock
|move|p1a: Landorus|Hidden Power|p2a: Skarmory
|-damage|p2a: Skarmory|27/100
|
|-weather|Sandstorm|[upkeep]
|-heal|p1a: Landorus|43/100|[from] item: Leftovers
|upkeep
|turn|83
|
|switch|p1a: Rotom|Rotom-Wash|48/100
|-damage|p1a: Rotom|36/100|[from] Stealth Rock
|move|p2a: Skarmory|Roost|p2a: Skarmory
|-heal|p2a: Skarmory|77/100
|-singleturn|p2a: Skarmory|move: Roost
|
|-weather|Sandstorm|[upkeep]
|-damage|p1a: Rotom|30/100|[from] Sandstorm
|-heal|p1a: Rotom|36/100|[from] item: Leftovers
|upkeep
|turn|84
|
|move|p1a: Rotom|Hydro Pump|p2a: Skarmory
|-damage|p2a: Skarmory|29/100
|move|p2a: Skarmory|Whirlwind|p1a: Rotom
|drag|p1a: Ferrothorn|Ferrothorn, M|66/100
|-damage|p1a: Ferrothorn|41/100|[from] Spikes
|-damage|p1a: Ferrothorn|34/100|[from] Stealth Rock
|
|-weather|Sandstorm|[upkeep]
|-heal|p1a: Ferrothorn|41/100|[from] item: Leftovers
|upkeep
|turn|85
|
|switch|p1a: Rotom|Rotom-Wash|36/100
|-damage|p1a: Rotom|24/100|[from] Stealth Rock
|move|p2a: Skarmory|Whirlwind|p1a: Rotom
|drag|p1a: Ferrothorn|Ferrothorn, M|41/100
|-damage|p1a: Ferrothorn|34/100|[from] Stealth Rock
|-damage|p1a: Ferrothorn|9/100|[from] Spikes
|
|-weather|Sandstorm|[upkeep]
|-heal|p1a: Ferrothorn|16/100|[from] item: Leftovers
|upkeep
|turn|86
|
|move|p2a: Skarmory|Drill Peck|p1a: Ferrothorn
|-damage|p1a: Ferrothorn|0 fnt
|-damage|p2a: Skarmory|17/100|[from] ability: Iron Barbs|[of] p1a: Ferrothorn
|faint|p1a: Ferrothorn
|
|-weather|Sandstorm|[upkeep]
|upkeep
|
|switch|p1a: Landorus|Landorus-Therian, M|43/100
|-damage|p1a: Landorus|31/100|[from] Stealth Rock
|-ability|p1a: Landorus|Intimidate|boost
|-unboost|p2a: Skarmory|atk|1
|turn|87
|
|move|p1a: Landorus|Hidden Power|p2a: Skarmory
|-damage|p2a: Skarmory|0 fnt
|faint|p2a: Skarmory
|
|-weather|Sandstorm|[upkeep]
|-heal|p1a: Landorus|37/100|[from] item: Leftovers
|upkeep
|
|switch|p2a: Breloom|Breloom, F|52/100 tox
|-damage|p2a: Breloom|45/100 tox|[from] Stealth Rock
|-damage|p2a: Breloom|20/100 tox|[from] Spikes
|turn|88
|
|move|p1a: Landorus|Hidden Power|p2a: Breloom
|-supereffective|p2a: Breloom
|-damage|p2a: Breloom|0 fnt
|faint|p2a: Breloom
|
|-weather|Sandstorm|[upkeep]
|-heal|p1a: Landorus|43/100|[from] item: Leftovers
|upkeep
|c|☆Loominthreat|gg
|-message|FiestaFord forfeited.
|
|win|Loominthreat
|l|☆FiestaFord
|raw|Loominthreat's rating: 1321 &rarr; <strong>1348</strong><br />(+27 for winning)
|raw|FiestaFord's rating: 1463 &rarr; <strong>1435</strong><br />(-28 for losing)
|c|☆Loominthreat|what a mu
