|j|van the man
|j|BKC
|player|p1|van the man|226
|player|p2|BKC|#bkc
|gametype|singles
|gen|5
|tier|[Gen 5] OU
|rated
|seed|
|rule|Evasion Abilities Clause: Evasion abilities are banned
|rule|Baton Pass Clause: Limit one Baton Passer, can't pass Spe and other stats simultaneously
|rule|Swagger Clause: Swagger is banned
|clearpoke
|poke|p1|Scizor, M|item
|poke|p1|Tyranitar, F|item
|poke|p1|Terrakion|item
|poke|p1|Rotom-Wash|item
|poke|p1|Latias, F|item
|poke|p1|Conkeldurr, F|item
|poke|p2|Tyranitar, M|item
|poke|p2|Skarmory, F|item
|poke|p2|Mew, shiny|item
|poke|p2|Reuniclus, M, shiny|item
|poke|p2|Amoonguss, M, shiny|item
|poke|p2|Keldeo|item
|rule|Sleep Clause Mod: Limit one foe put to sleep
|rule|Species Clause: Limit one of each Pokémon
|rule|OHKO Clause: OHKO moves are banned
|rule|Moody Clause: Moody is banned
|rule|Evasion Moves Clause: Evasion moves are banned
|rule|Endless Battle Clause: Forcing endless battles is banned
|rule|HP Percentage Mod: HP is shown in percentages
|teampreview
|choice||
|
|start
|switch|p1a: Conkeldurr|Conkeldurr, F|100/100
|switch|p2a: Amoonguss|Amoonguss, M, shiny|100/100
|turn|1
|c|★van the man|oh fuck lol
|c|★BKC|tru
|c|★van the man|wasnt paying attention
|choice||
|
|move|p1a: Conkeldurr|Ice Punch|p2a: Amoonguss
|-supereffective|p2a: Amoonguss
|-damage|p2a: Amoonguss|8/100
|-damage|p1a: Conkeldurr|91/100|[from] item: Life Orb
|move|p2a: Amoonguss|Spore|p1a: Conkeldurr
|-status|p1a: Conkeldurr|slp
|
|-heal|p2a: Amoonguss|14/100|[from] item: Black Sludge
|turn|2
|choice||
|
|switch|p1a: Tyranitar|Tyranitar, F|100/100
|-weather|Sandstorm|[from] ability: Sand Stream|[of] p1a: Tyranitar
|switch|p2a: Keldeo|Keldeo|100/100
|
|-weather|Sandstorm|[upkeep]
|-damage|p2a: Keldeo|94/100|[from] sandstorm
|turn|3
|choice||
|
|switch|p2a: Tyranitar|Tyranitar, M|100/100
|switch|p1a: Latias|Latias, F|100/100
|
|-weather|Sandstorm|[upkeep]
|-damage|p1a: Latias|94/100|[from] sandstorm
|-heal|p1a: Latias|100/100|[from] item: Leftovers
|turn|4
|choice||
|
|move|p1a: Latias|Thunder Wave|p2a: Tyranitar
|-status|p2a: Tyranitar|par
|move|p2a: Tyranitar|Pursuit|p1a: Latias
|-supereffective|p1a: Latias
|-damage|p1a: Latias|56/100
|
|-weather|Sandstorm|[upkeep]
|-damage|p1a: Latias|50/100|[from] sandstorm
|-heal|p1a: Latias|56/100|[from] item: Leftovers
|turn|5
|choice||
|
|move|p1a: Latias|Recover|p1a: Latias
|-heal|p1a: Latias|100/100
|cant|p2a: Tyranitar|par
|
|-weather|Sandstorm|[upkeep]
|-damage|p1a: Latias|94/100|[from] sandstorm
|-heal|p1a: Latias|100/100|[from] item: Leftovers
|turn|6
|choice||
|
|move|p1a: Latias|Surf|p2a: Tyranitar
|-supereffective|p2a: Tyranitar
|-damage|p2a: Tyranitar|74/100 par
|cant|p2a: Tyranitar|par
|
|-weather|Sandstorm|[upkeep]
|-damage|p1a: Latias|94/100|[from] sandstorm
|-heal|p1a: Latias|100/100|[from] item: Leftovers
|turn|7
|choice||
|
|switch|p1a: Terrakion|Terrakion|100/100
|cant|p2a: Tyranitar|par
|
|-weather|Sandstorm|[upkeep]
|turn|8
|c|★BKC|lol
|c|★BKC|jesus
|choice||
|
|switch|p2a: Reuniclus|Reuniclus, M, shiny|100/100
|move|p1a: Terrakion|Close Combat|p2a: Reuniclus
|-resisted|p2a: Reuniclus
|-damage|p2a: Reuniclus|67/100
|-unboost|p1a: Terrakion|def|1
|-unboost|p1a: Terrakion|spd|1
|
|-weather|Sandstorm|[upkeep]
|-heal|p2a: Reuniclus|74/100|[from] item: Leftovers
|turn|9
|choice||
|
|switch|p1a: Scizor|Scizor, M|100/100
|switch|p2a: Mew|Mew, shiny|100/100
|
|-weather|Sandstorm|[upkeep]
|-damage|p2a: Mew|94/100|[from] sandstorm
|-heal|p2a: Mew|100/100|[from] item: Leftovers
|turn|10
|choice||
|
|switch|p1a: Rotom|Rotom-Wash|100/100
|move|p2a: Mew|Will-O-Wisp|p1a: Rotom
|-status|p1a: Rotom|brn
|
|-weather|Sandstorm|[upkeep]
|-damage|p2a: Mew|94/100|[from] sandstorm
|-damage|p1a: Rotom|95/100 brn|[from] sandstorm
|-heal|p2a: Mew|100/100|[from] item: Leftovers
|-heal|p1a: Rotom|100/100 brn|[from] item: Leftovers
|-damage|p1a: Rotom|88/100 brn|[from] brn
|turn|11
|choice||
|
|switch|p2a: Amoonguss|Amoonguss, M, shiny|47/100
|move|p1a: Rotom|Volt Switch|p2a: Amoonguss
|-resisted|p2a: Amoonguss
|-damage|p2a: Amoonguss|35/100
|choice||
|
|switch|p1a: Tyranitar|Tyranitar, F|100/100
|
|-weather|Sandstorm|[upkeep]
|-damage|p2a: Amoonguss|29/100|[from] sandstorm
|-heal|p2a: Amoonguss|35/100|[from] item: Black Sludge
|turn|12
|choice||
|
|switch|p2a: Skarmory|Skarmory, F|100/100
|move|p1a: Tyranitar|Crunch|p2a: Skarmory
|-resisted|p2a: Skarmory
|-damage|p2a: Skarmory|89/100
|-damage|p1a: Tyranitar|84/100|[from] item: Rocky Helmet|[of] p2a: Skarmory
|
|-weather|Sandstorm|[upkeep]
|turn|13
|choice||
|
|move|p2a: Skarmory|Spikes|p1a: Tyranitar
|-sidestart|p1: van the man|Spikes
|move|p1a: Tyranitar|Stealth Rock|p2a: Skarmory
|-sidestart|p2: BKC|move: Stealth Rock
|
|-weather|Sandstorm|[upkeep]
|turn|14
|choice||
|
|switch|p1a: Rotom|Rotom-Wash|88/100 brn
|move|p2a: Skarmory|Spikes|p1a: Rotom
|-sidestart|p1: van the man|Spikes
|
|-weather|Sandstorm|[upkeep]
|-damage|p1a: Rotom|82/100 brn|[from] sandstorm
|-heal|p1a: Rotom|88/100 brn|[from] item: Leftovers
|-damage|p1a: Rotom|76/100 brn|[from] brn
|turn|15
|choice||
|
|move|p1a: Rotom|Hidden Power|p2a: Skarmory
|-supereffective|p2a: Skarmory
|-damage|p2a: Skarmory|45/100
|move|p2a: Skarmory|Roost|p2a: Skarmory
|-heal|p2a: Skarmory|95/100
|
|-weather|Sandstorm|[upkeep]
|-damage|p1a: Rotom|70/100 brn|[from] sandstorm
|-heal|p1a: Rotom|76/100 brn|[from] item: Leftovers
|-damage|p1a: Rotom|64/100 brn|[from] brn
|turn|16
|choice||
|
|move|p1a: Rotom|Volt Switch|p2a: Skarmory
|-supereffective|p2a: Skarmory
|-damage|p2a: Skarmory|22/100
|choice||
|
|switch|p1a: Terrakion|Terrakion|100/100
|-damage|p1a: Terrakion|84/100|[from] Spikes
|move|p2a: Skarmory|Roost|p2a: Skarmory
|-heal|p2a: Skarmory|72/100
|
|-weather|Sandstorm|[upkeep]
|turn|17
|choice||
|
|move|p1a: Terrakion|Stone Edge|p2a: Skarmory|[miss]
|-miss|p1a: Terrakion|p2a: Skarmory
|move|p2a: Skarmory|Roost|p2a: Skarmory
|-heal|p2a: Skarmory|100/100
|
|-weather|Sandstorm|[upkeep]
|turn|18
|choice||
|
|move|p1a: Terrakion|Stone Edge|p2a: Skarmory
|-crit|p2a: Skarmory
|-ability|p2a: Skarmory|Sturdy
|-damage|p2a: Skarmory|1/100
|move|p2a: Skarmory|Roost|p2a: Skarmory
|-heal|p2a: Skarmory|51/100
|
|-weather|Sandstorm|[upkeep]
|turn|19
|j|pdla
|choice||
|
|move|p1a: Terrakion|Stone Edge|p2a: Skarmory
|-damage|p2a: Skarmory|0 fnt
|faint|p2a: Skarmory
|
|-weather|Sandstorm|[upkeep]
|choice||
|
|switch|p2a: Keldeo|Keldeo|94/100
|-damage|p2a: Keldeo|88/100|[from] Stealth Rock
|turn|20
|choice||
|
|switch|p2a: Tyranitar|Tyranitar, M|74/100 par
|-damage|p2a: Tyranitar|61/100 par|[from] Stealth Rock
|switch|p1a: Latias|Latias, F|100/100
|
|-weather|Sandstorm|[upkeep]
|-damage|p1a: Latias|94/100|[from] sandstorm
|-heal|p1a: Latias|100/100|[from] item: Leftovers
|turn|21
|choice||
|
|move|p1a: Latias|Surf|p2a: Tyranitar
|-supereffective|p2a: Tyranitar
|-crit|p2a: Tyranitar
|-damage|p2a: Tyranitar|9/100 par
|cant|p2a: Tyranitar|par
|
|-weather|Sandstorm|[upkeep]
|-damage|p1a: Latias|94/100|[from] sandstorm
|-heal|p1a: Latias|100/100|[from] item: Leftovers
|turn|22
|c|★BKC|oh my god
|c|★van the man|spanked
|choice||
|
|switch|p2a: Mew|Mew, shiny|100/100
|-damage|p2a: Mew|88/100|[from] Stealth Rock
|move|p1a: Latias|Surf|p2a: Mew
|-damage|p2a: Mew|68/100
|
|-weather|Sandstorm|[upkeep]
|-damage|p1a: Latias|94/100|[from] sandstorm
|-damage|p2a: Mew|62/100|[from] sandstorm
|-heal|p1a: Latias|100/100|[from] item: Leftovers
|-heal|p2a: Mew|68/100|[from] item: Leftovers
|turn|23
|c|★BKC|lol stfu
|choice||
|
|switch|p1a: Rotom|Rotom-Wash|64/100 brn
|move|p2a: Mew|Soft-Boiled|p2a: Mew
|-heal|p2a: Mew|100/100
|
|-weather|Sandstorm|[upkeep]
|-damage|p2a: Mew|94/100|[from] sandstorm
|-damage|p1a: Rotom|58/100 brn|[from] sandstorm
|-heal|p2a: Mew|100/100|[from] item: Leftovers
|-heal|p1a: Rotom|64/100 brn|[from] item: Leftovers
|-damage|p1a: Rotom|52/100 brn|[from] brn
|turn|24
|choice||
|
|move|p2a: Mew|Taunt|p1a: Rotom
|-start|p1a: Rotom|move: Taunt
|cant|p1a: Rotom|move: Taunt|Thunder Wave
|
|-weather|Sandstorm|[upkeep]
|-damage|p2a: Mew|94/100|[from] sandstorm
|-damage|p1a: Rotom|46/100 brn|[from] sandstorm
|-heal|p2a: Mew|100/100|[from] item: Leftovers
|-heal|p1a: Rotom|52/100 brn|[from] item: Leftovers
|-damage|p1a: Rotom|40/100 brn|[from] brn
|turn|25
|choice||
|
|move|p2a: Mew|Ice Beam|p1a: Rotom
|-resisted|p1a: Rotom
|-damage|p1a: Rotom|27/100 brn
|move|p1a: Rotom|Volt Switch|p2a: Mew
|-damage|p2a: Mew|73/100
|choice||
|
|switch|p1a: Conkeldurr|Conkeldurr, F|91/100 slp
|-damage|p1a: Conkeldurr|74/100 slp|[from] Spikes
|
|-weather|Sandstorm|[upkeep]
|-damage|p2a: Mew|67/100|[from] sandstorm
|-damage|p1a: Conkeldurr|68/100 slp|[from] sandstorm
|-heal|p2a: Mew|73/100|[from] item: Leftovers
|turn|26
|choice||
|
|move|p2a: Mew|Ice Beam|p1a: Conkeldurr
|-damage|p1a: Conkeldurr|46/100 slp
|cant|p1a: Conkeldurr|slp
|
|-weather|Sandstorm|[upkeep]
|-damage|p2a: Mew|67/100|[from] sandstorm
|-damage|p1a: Conkeldurr|40/100 slp|[from] sandstorm
|-heal|p2a: Mew|73/100|[from] item: Leftovers
|turn|27
|j|SweetPosho
|choice||
|
|move|p2a: Mew|Ice Beam|p1a: Conkeldurr
|-damage|p1a: Conkeldurr|14/100 slp
|cant|p1a: Conkeldurr|slp
|
|-weather|Sandstorm|[upkeep]
|-damage|p2a: Mew|67/100|[from] sandstorm
|-damage|p1a: Conkeldurr|8/100 slp|[from] sandstorm
|-heal|p2a: Mew|73/100|[from] item: Leftovers
|turn|28
|choice||
|
|cant|p1a: Conkeldurr|slp
|move|p2a: Mew|Ice Beam|p1a: Conkeldurr
|-damage|p1a: Conkeldurr|0 fnt
|faint|p1a: Conkeldurr
|
|-weather|Sandstorm|[upkeep]
|-damage|p2a: Mew|67/100|[from] sandstorm
|-heal|p2a: Mew|73/100|[from] item: Leftovers
|choice||
|
|switch|p1a: Latias|Latias, F|100/100
|turn|29
|choice||
|
|move|p1a: Latias|Thunder Wave|p2a: Mew
|-status|p2a: Mew|par
|-activate|p2a: Mew|ability: Synchronize
|-status|p1a: Latias|par
|move|p2a: Mew|Soft-Boiled|p2a: Mew
|-heal|p2a: Mew|100/100 par
|
|-weather|Sandstorm|[upkeep]
|-damage|p1a: Latias|94/100 par|[from] sandstorm
|-damage|p2a: Mew|94/100 par|[from] sandstorm
|-heal|p1a: Latias|100/100 par|[from] item: Leftovers
|-heal|p2a: Mew|100/100 par|[from] item: Leftovers
|turn|30
|choice||
|
|switch|p1a: Rotom|Rotom-Wash|27/100 brn
|move|p2a: Mew|Soft-Boiled|p2a: Mew
|-fail|p2a: Mew
|
|-weather|Sandstorm|[upkeep]
|-damage|p1a: Rotom|21/100 brn|[from] sandstorm
|-damage|p2a: Mew|94/100 par|[from] sandstorm
|-heal|p1a: Rotom|27/100 brn|[from] item: Leftovers
|-heal|p2a: Mew|100/100 par|[from] item: Leftovers
|-damage|p1a: Rotom|15/100 brn|[from] brn
|turn|31
|choice||
|
|switch|p2a: Tyranitar|Tyranitar, M|9/100 par
|-damage|p2a: Tyranitar|0 fnt|[from] Stealth Rock
|faint|p2a: Tyranitar
|move|p1a: Rotom|Hydro Pump|p2: Tyranitar|[notarget]
|-notarget
|
|-weather|Sandstorm|[upkeep]
|-damage|p1a: Rotom|9/100 brn|[from] sandstorm
|-heal|p1a: Rotom|15/100 brn|[from] item: Leftovers
|-damage|p1a: Rotom|3/100 brn|[from] brn
|choice||
|
|switch|p2a: Keldeo|Keldeo|88/100
|-damage|p2a: Keldeo|82/100|[from] Stealth Rock
|turn|32
|choice||
|
|switch|p1a: Latias|Latias, F|100/100 par
|move|p2a: Keldeo|Surf|p1a: Latias
|-resisted|p1a: Latias
|-damage|p1a: Latias|80/100 par
|
|-weather|Sandstorm|[upkeep]
|-damage|p2a: Keldeo|76/100|[from] sandstorm
|-damage|p1a: Latias|74/100 par|[from] sandstorm
|-heal|p1a: Latias|80/100 par|[from] item: Leftovers
|turn|33
|choice||
|
|switch|p2a: Mew|Mew, shiny|100/100 par
|-damage|p2a: Mew|88/100 par|[from] Stealth Rock
|move|p1a: Latias|Recover|p1a: Latias
|-heal|p1a: Latias|100/100 par
|
|-weather|Sandstorm|[upkeep]
|-damage|p1a: Latias|94/100 par|[from] sandstorm
|-damage|p2a: Mew|82/100 par|[from] sandstorm
|-heal|p1a: Latias|100/100 par|[from] item: Leftovers
|-heal|p2a: Mew|88/100 par|[from] item: Leftovers
|turn|34
|choice||
|
|switch|p1a: Scizor|Scizor, M|100/100
|-damage|p1a: Scizor|84/100|[from] Spikes
|move|p2a: Mew|Ice Beam|p1a: Scizor
|-resisted|p1a: Scizor
|-damage|p1a: Scizor|73/100
|
|-weather|Sandstorm|[upkeep]
|-damage|p2a: Mew|82/100 par|[from] sandstorm
|-heal|p1a: Scizor|79/100|[from] item: Leftovers
|-heal|p2a: Mew|88/100 par|[from] item: Leftovers
|turn|35
|choice||
|
|move|p1a: Scizor|U-turn|p2a: Mew
|-supereffective|p2a: Mew
|-damage|p2a: Mew|38/100 par
|choice||
|
|switch|p1a: Tyranitar|Tyranitar, F|84/100
|-damage|p1a: Tyranitar|67/100|[from] Spikes
|cant|p2a: Mew|par
|
|-weather|Sandstorm|[upkeep]
|-damage|p2a: Mew|32/100 par|[from] sandstorm
|-heal|p2a: Mew|38/100 par|[from] item: Leftovers
|turn|36
|choice||
|
|switch|p2a: Keldeo|Keldeo|76/100
|-damage|p2a: Keldeo|70/100|[from] Stealth Rock
|move|p1a: Tyranitar|Crunch|p2a: Keldeo
|-resisted|p2a: Keldeo
|-damage|p2a: Keldeo|49/100
|-ability|p2a: Keldeo|Justified|boost
|-boost|p2a: Keldeo|atk|1
|
|-weather|Sandstorm|[upkeep]
|-damage|p2a: Keldeo|43/100|[from] sandstorm
|turn|37
|j|dice
|choice||
|
|switch|p2a: Reuniclus|Reuniclus, M, shiny|74/100
|switch|p1a: Rotom|Rotom-Wash|3/100 brn
|
|-weather|Sandstorm|[upkeep]
|-damage|p1a: Rotom|0 fnt|[from] sandstorm
|-heal|p2a: Reuniclus|80/100|[from] item: Leftovers
|faint|p1a: Rotom
|choice||
|
|switch|p1a: Scizor|Scizor, M|79/100
|-damage|p1a: Scizor|62/100|[from] Spikes
|turn|38
|choice||
|
|move|p1a: Scizor|Swords Dance|p1a: Scizor
|-boost|p1a: Scizor|atk|2
|move|p2a: Reuniclus|Calm Mind|p2a: Reuniclus
|-boost|p2a: Reuniclus|spa|1
|-boost|p2a: Reuniclus|spd|1
|
|-weather|Sandstorm|[upkeep]
|-heal|p1a: Scizor|68/100|[from] item: Leftovers
|-heal|p2a: Reuniclus|86/100|[from] item: Leftovers
|turn|39
|choice||
|
|switch|p2a: Mew|Mew, shiny|38/100 par
|-damage|p2a: Mew|26/100 par|[from] Stealth Rock
|move|p1a: Scizor|U-turn|p2a: Mew
|-supereffective|p2a: Mew
|-damage|p2a: Mew|0 fnt
|faint|p2a: Mew
|choice||
|
|switch|p1a: Tyranitar|Tyranitar, F|67/100
|-damage|p1a: Tyranitar|51/100|[from] Spikes
|
|-weather|Sandstorm|[upkeep]
|choice||
|
|switch|p2a: Keldeo|Keldeo|43/100
|-damage|p2a: Keldeo|37/100|[from] Stealth Rock
|turn|40
|choice||
|
|switch|p2a: Reuniclus|Reuniclus, M, shiny|86/100
|move|p1a: Tyranitar|Crunch|p2a: Reuniclus
|-supereffective|p2a: Reuniclus
|-damage|p2a: Reuniclus|39/100
|-unboost|p2a: Reuniclus|def|1
|
|-weather|Sandstorm|[upkeep]
|-heal|p2a: Reuniclus|45/100|[from] item: Leftovers
|turn|41
|c|★BKC|ok good work gary
|c|★BKC|youre lucky as fuck
|c|★van the man|lmao
|-message|BKC forfeited.
|
|win|van the man
|player|p1
|player|p2
|l|BKC
|l|van the man
|raw|van the man's rating: 1462 &rarr; <strong>1485</strong><br />(+23 for winning)
|raw|BKC's rating: 1511 &rarr; <strong>1489</strong><br />(-22 for losing)
|l|dice