|j|☆Cubavision
|j|☆Bkcheese
|t:|1745021017
|gametype|singles
|player|p1|Cubavision|musician|1277
|player|p2|Bkcheese|266|1356
|teamsize|p1|6
|teamsize|p2|6
|gen|5
|tier|[Gen 5] OU
|rated|
|rule|Species Clause: Limit one of each Pokémon
|rule|OHKO Clause: OHKO moves are banned
|rule|Moody Clause: Moody is banned
|rule|Evasion Items Clause: Evasion items are banned
|rule|Evasion Moves Clause: Evasion moves are banned
|rule|Endless Battle Clause: Forcing endless battles is banned
|rule|HP Percentage Mod: HP is shown in percentages
|rule|Evasion Abilities Clause: Evasion abilities are banned
|rule|Sleep Moves Clause: Sleep-inducing moves are banned
|rule|Swagger Clause: Swagger is banned
|rule|Baton Pass Stat Clause: No Baton Passer may have a way to boost its stats
|clearpoke
|poke|p1|Tyranitar, M|item
|poke|p1|Amoonguss, F|item
|poke|p1|Excadrill, F|item
|poke|p1|Keldeo|item
|poke|p1|Gliscor, M|item
|poke|p1|Mamoswine, M|item
|poke|p2|Tyranitar, F|item
|poke|p2|Excadrill, F|item
|poke|p2|Jirachi|item
|poke|p2|Landorus-Therian, M|item
|poke|p2|Reuniclus, F|item
|poke|p2|Jellicent, M|item
|teampreview
|l|☆Bkcheese
|player|p2|
|inactive|Battle timer is ON: inactive players will automatically lose when time's up. (requested by Cubavision)
|j|☆Bkcheese
|inactive|Bkcheese reconnected and has 150 seconds left.
|player|p2|Bkcheese|266|
|
|t:|1745021062
|start
|switch|p1a: Mamoswine|Mamoswine, M|100/100
|switch|p2a: Landorus|Landorus-Therian, M|100/100
|-ability|p2a: Landorus|Intimidate|boost
|-unboost|p1a: Mamoswine|atk|1
|turn|1
|
|t:|1745021083
|switch|p2a: Jellicent|Jellicent, M|100/100
|move|p1a: Mamoswine|Icicle Crash|p2a: Jellicent
|-resisted|p2a: Jellicent
|-crit|p2a: Jellicent
|-damage|p2a: Jellicent|56/100
|
|-heal|p2a: Jellicent|62/100|[from] item: Leftovers
|upkeep
|turn|2
|
|t:|1745021093
|switch|p1a: Amoonguss|Amoonguss, F|100/100
|move|p2a: Jellicent|Will-O-Wisp|p1a: Amoonguss
|-status|p1a: Amoonguss|brn
|
|-heal|p2a: Jellicent|68/100|[from] item: Leftovers
|-damage|p1a: Amoonguss|88/100 brn|[from] brn
|upkeep
|turn|3
|
|t:|1745021106
|move|p2a: Jellicent|Taunt|p1a: Amoonguss
|-start|p1a: Amoonguss|move: Taunt
|cant|p1a: Amoonguss|move: Taunt|Stun Spore
|
|-heal|p2a: Jellicent|74/100|[from] item: Leftovers
|-heal|p1a: Amoonguss|94/100 brn|[from] item: Black Sludge
|-damage|p1a: Amoonguss|82/100 brn|[from] brn
|upkeep
|turn|4
|inactive|Bkcheese has 120 seconds left.
|
|t:|1745021136
|switch|p2a: Excadrill|Excadrill, F|100/100
|move|p1a: Amoonguss|Giga Drain|p2a: Excadrill
|-damage|p2a: Excadrill|72/100
|-heal|p1a: Amoonguss|94/100 brn|[from] drain|[of] p2a: Excadrill
|
|-heal|p1a: Amoonguss|99/100 brn|[from] item: Black Sludge
|-damage|p1a: Amoonguss|88/100 brn|[from] brn
|upkeep
|turn|5
|
|t:|1745021151
|switch|p1a: Gliscor|Gliscor, M|100/100
|move|p2a: Excadrill|Swords Dance|p2a: Excadrill
|-boost|p2a: Excadrill|atk|2
|
|-status|p1a: Gliscor|tox|[from] item: Toxic Orb
|upkeep
|turn|6
|inactive|Bkcheese has 120 seconds left.
|
|t:|1745021179
|move|p2a: Excadrill|Iron Head|p1a: Gliscor
|-damage|p1a: Gliscor|44/100 tox
|cant|p1a: Gliscor|flinch
|
|-heal|p1a: Gliscor|57/100 tox|[from] ability: Poison Heal
|upkeep
|turn|7
|inactive|Bkcheese has 120 seconds left.
|
|t:|1745021190
|move|p2a: Excadrill|Swords Dance|p2a: Excadrill
|-boost|p2a: Excadrill|atk|2
|move|p1a: Gliscor|Earthquake|p2a: Excadrill
|-supereffective|p2a: Excadrill
|-damage|p2a: Excadrill|0 fnt
|faint|p2a: Excadrill
|
|-heal|p1a: Gliscor|69/100 tox|[from] ability: Poison Heal
|upkeep
|inactive|Bkcheese has 120 seconds left.
|
|t:|1745021203
|switch|p2a: Landorus|Landorus-Therian, M|100/100
|-ability|p2a: Landorus|Intimidate|boost
|-unboost|p1a: Gliscor|atk|1
|turn|8
|inactive|Bkcheese has 120 seconds left.
|
|t:|1745021218
|move|p2a: Landorus|Substitute|p2a: Landorus
|-start|p2a: Landorus|Substitute
|-damage|p2a: Landorus|76/100
|move|p1a: Gliscor|Stealth Rock|p2a: Landorus
|-sidestart|p2: Bkcheese|move: Stealth Rock
|
|-heal|p2a: Landorus|82/100|[from] item: Leftovers
|-heal|p1a: Gliscor|82/100 tox|[from] ability: Poison Heal
|upkeep
|turn|9
|
|t:|1745021229
|switch|p1a: Keldeo|Keldeo|100/100
|move|p2a: Landorus|Smack Down|p1a: Keldeo
|-resisted|p1a: Keldeo
|-damage|p1a: Keldeo|89/100
|
|-heal|p1a: Keldeo|95/100|[from] item: Leftovers
|-heal|p2a: Landorus|88/100|[from] item: Leftovers
|upkeep
|turn|10
|
|t:|1745021235
|move|p1a: Keldeo|Scald|p2a: Landorus
|-supereffective|p2a: Landorus
|-end|p2a: Landorus|Substitute
|move|p2a: Landorus|Earthquake|p1a: Keldeo
|-damage|p1a: Keldeo|32/100
|
|-heal|p1a: Keldeo|38/100|[from] item: Leftovers
|-heal|p2a: Landorus|94/100|[from] item: Leftovers
|upkeep
|turn|11
|
|t:|1745021250
|switch|p1a: Tyranitar|Tyranitar, M|100/100
|-weather|Sandstorm|[from] ability: Sand Stream|[of] p1a: Tyranitar
|switch|p2a: Jellicent|Jellicent, M|74/100
|-damage|p2a: Jellicent|62/100|[from] Stealth Rock
|
|-weather|Sandstorm|[upkeep]
|-damage|p2a: Jellicent|56/100|[from] Sandstorm
|-heal|p2a: Jellicent|62/100|[from] item: Leftovers
|upkeep
|turn|12
|
|t:|1745021264
|move|p2a: Jellicent|Will-O-Wisp|p1a: Tyranitar
|-status|p1a: Tyranitar|brn
|move|p1a: Tyranitar|Crunch|p2a: Jellicent
|-supereffective|p2a: Jellicent
|-damage|p2a: Jellicent|25/100
|
|-weather|Sandstorm|[upkeep]
|-damage|p2a: Jellicent|18/100|[from] Sandstorm
|-heal|p2a: Jellicent|25/100|[from] item: Leftovers
|-damage|p1a: Tyranitar|88/100 brn|[from] brn
|upkeep
|turn|13
|
|t:|1745021270
|move|p2a: Jellicent|Recover|p2a: Jellicent
|-heal|p2a: Jellicent|75/100
|move|p1a: Tyranitar|Thunder Wave|p2a: Jellicent
|-status|p2a: Jellicent|par
|
|-weather|Sandstorm|[upkeep]
|-damage|p2a: Jellicent|68/100 par|[from] Sandstorm
|-heal|p2a: Jellicent|75/100 par|[from] item: Leftovers
|-damage|p1a: Tyranitar|76/100 brn|[from] brn
|upkeep
|turn|14
|
|t:|1745021281
|-activate|p2a: Jellicent|move: Pursuit
|move|p1a: Tyranitar|Pursuit|p2a: Jellicent|[from] Pursuit
|-supereffective|p2a: Jellicent
|-damage|p2a: Jellicent|40/100 par
|switch|p2a: Landorus|Landorus-Therian, M|94/100
|-damage|p2a: Landorus|81/100|[from] Stealth Rock
|-ability|p2a: Landorus|Intimidate|boost
|-unboost|p1a: Tyranitar|atk|1
|
|-weather|Sandstorm|[upkeep]
|-heal|p2a: Landorus|87/100|[from] item: Leftovers
|-damage|p1a: Tyranitar|63/100 brn|[from] brn
|upkeep
|turn|15
|inactive|Cubavision has 120 seconds left.
|
|t:|1745021311
|switch|p1a: Keldeo|Keldeo|38/100
|move|p2a: Landorus|Substitute|p2a: Landorus
|-start|p2a: Landorus|Substitute
|-damage|p2a: Landorus|63/100
|
|-weather|Sandstorm|[upkeep]
|-damage|p1a: Keldeo|32/100|[from] Sandstorm
|-heal|p1a: Keldeo|38/100|[from] item: Leftovers
|-heal|p2a: Landorus|69/100|[from] item: Leftovers
|upkeep
|turn|16
|l|☆Bkcheese
|inactive|Bkcheese disconnected and has a minute to reconnect!
|player|p2|
|inactive|Bkcheese has 30 seconds to reconnect!
|inactive|Bkcheese has 20 seconds to reconnect!
|inactive|Bkcheese has 15 seconds to reconnect!
|j|☆Bkcheese
|inactive|Bkcheese reconnected and has 90 seconds left.
|player|p2|Bkcheese|266|
|
|t:|1745021381
|move|p1a: Keldeo|Scald|p2a: Landorus
|-supereffective|p2a: Landorus
|-end|p2a: Landorus|Substitute
|move|p2a: Landorus|Earthquake|p1a: Keldeo
|-damage|p1a: Keldeo|0 fnt
|faint|p1a: Keldeo
|
|-weather|Sandstorm|[upkeep]
|-heal|p2a: Landorus|74/100|[from] item: Leftovers
|upkeep
|
|t:|1745021389
|switch|p1a: Mamoswine|Mamoswine, M|100/100
|turn|17
|
|t:|1745021397
|switch|p2a: Jellicent|Jellicent, M|40/100 par
|-damage|p2a: Jellicent|28/100 par|[from] Stealth Rock
|move|p1a: Mamoswine|Icicle Crash|p2a: Jellicent
|-resisted|p2a: Jellicent
|-damage|p2a: Jellicent|3/100 par
|
|-weather|Sandstorm|[upkeep]
|-damage|p2a: Jellicent|0 fnt|[from] Sandstorm
|faint|p2a: Jellicent
|upkeep
|
|t:|1745021400
|switch|p2a: Jirachi|Jirachi|100/100
|-damage|p2a: Jirachi|94/100|[from] Stealth Rock
|turn|18
|
|t:|1745021414
|move|p2a: Jirachi|Iron Head|p1a: Mamoswine
|-supereffective|p1a: Mamoswine
|-damage|p1a: Mamoswine|19/100
|cant|p1a: Mamoswine|flinch
|
|-weather|Sandstorm|[upkeep]
|-heal|p1a: Mamoswine|25/100|[from] item: Leftovers
|upkeep
|turn|19
|
|t:|1745021437
|switch|p1a: Gliscor|Gliscor, M|82/100 tox
|move|p2a: Jirachi|Iron Head|p1a: Gliscor
|-damage|p1a: Gliscor|60/100 tox
|
|-weather|Sandstorm|[upkeep]
|-heal|p1a: Gliscor|73/100 tox|[from] ability: Poison Heal
|upkeep
|turn|20
|
|t:|1745021442
|switch|p2a: Landorus|Landorus-Therian, M|74/100
|-damage|p2a: Landorus|62/100|[from] Stealth Rock
|-ability|p2a: Landorus|Intimidate|boost
|-unboost|p1a: Gliscor|atk|1
|move|p1a: Gliscor|Knock Off|p2a: Landorus
|-damage|p2a: Landorus|59/100
|-enditem|p2a: Landorus|Leftovers|[from] move: Knock Off|[of] p1a: Gliscor
|
|-weather|Sandstorm|[upkeep]
|-heal|p1a: Gliscor|85/100 tox|[from] ability: Poison Heal
|upkeep
|turn|21
|
|t:|1745021453
|switch|p1a: Amoonguss|Amoonguss, F|100/100 brn
|move|p2a: Landorus|Substitute|p2a: Landorus
|-start|p2a: Landorus|Substitute
|-damage|p2a: Landorus|34/100
|
|-weather|Sandstorm|[upkeep]
|-damage|p1a: Amoonguss|94/100 brn|[from] Sandstorm
|-heal|p1a: Amoonguss|100/100 brn|[from] item: Black Sludge
|-damage|p1a: Amoonguss|88/100 brn|[from] brn
|upkeep
|turn|22
|
|t:|1745021458
|move|p2a: Landorus|Earthquake|p1a: Amoonguss
|-damage|p1a: Amoonguss|47/100 brn
|move|p1a: Amoonguss|Giga Drain|p2a: Landorus
|-end|p2a: Landorus|Substitute
|-heal|p1a: Amoonguss|56/100 brn|[from] drain|[of] p2a: Landorus
|
|-weather|Sandstorm|[upkeep]
|-damage|p1a: Amoonguss|50/100 brn|[from] Sandstorm
|-heal|p1a: Amoonguss|56/100 brn|[from] item: Black Sludge
|-damage|p1a: Amoonguss|44/100 brn|[from] brn
|upkeep
|turn|23
|
|t:|1745021469
|move|p2a: Landorus|Hidden Power|p1a: Amoonguss
|-supereffective|p1a: Amoonguss
|-damage|p1a: Amoonguss|10/100 brn
|move|p1a: Amoonguss|Giga Drain|p2a: Landorus
|-damage|p2a: Landorus|0 fnt
|-heal|p1a: Amoonguss|23/100 brn|[from] drain|[of] p2a: Landorus
|faint|p2a: Landorus
|
|-weather|Sandstorm|[upkeep]
|-damage|p1a: Amoonguss|16/100 brn|[from] Sandstorm
|-heal|p1a: Amoonguss|23/100 brn|[from] item: Black Sludge
|-damage|p1a: Amoonguss|10/100 brn|[from] brn
|upkeep
|
|t:|1745021474
|switch|p2a: Tyranitar|Tyranitar, F|100/100
|-damage|p2a: Tyranitar|88/100|[from] Stealth Rock
|turn|24
|
|t:|1745021482
|move|p2a: Tyranitar|Pursuit|p1a: Amoonguss
|-damage|p1a: Amoonguss|0 fnt
|faint|p1a: Amoonguss
|
|-weather|Sandstorm|[upkeep]
|upkeep
|
|t:|1745021488
|switch|p1a: Excadrill|Excadrill, F|100/100
|turn|25
|
|t:|1745021493
|move|p1a: Excadrill|Earthquake|p2a: Tyranitar
|-supereffective|p2a: Tyranitar
|-damage|p2a: Tyranitar|0 fnt
|faint|p2a: Tyranitar
|
|-weather|Sandstorm|[upkeep]
|upkeep
|
|t:|1745021496
|switch|p2a: Reuniclus|Reuniclus, F|100/100
|turn|26
|
|t:|1745021500
|move|p1a: Excadrill|Earthquake|p2a: Reuniclus
|-damage|p2a: Reuniclus|44/100
|move|p2a: Reuniclus|Calm Mind|p2a: Reuniclus
|-boost|p2a: Reuniclus|spa|1
|-boost|p2a: Reuniclus|spd|1
|
|-weather|Sandstorm|[upkeep]
|-heal|p2a: Reuniclus|50/100|[from] item: Leftovers
|upkeep
|turn|27
|
|t:|1745021505
|move|p1a: Excadrill|Earthquake|p2a: Reuniclus
|-damage|p2a: Reuniclus|0 fnt
|faint|p2a: Reuniclus
|
|-weather|Sandstorm|[upkeep]
|upkeep
|l|☆Bkcheese
|inactive|Bkcheese disconnected and has a minute to reconnect!
|player|p2|
|inactive|Bkcheese has 30 seconds to reconnect!
|inactive|Bkcheese has 20 seconds to reconnect!
|inactive|Bkcheese has 15 seconds to reconnect!
|inactive|Bkcheese has 10 seconds to reconnect!
|inactive|Bkcheese has 5 seconds to reconnect!
|-message|Bkcheese lost due to inactivity.
|
|win|Cubavision
|raw|Cubavision's rating: 1277 &rarr; <strong>1308</strong><br />(+31 for winning)
|raw|Bkcheese's rating: 1356 &rarr; <strong>1332</strong><br />(-24 for losing)
