|j|‽xingqiba
|j|☆big ups pal
|t:|1706190497
|gametype|singles
|player|p1|xingqiba|265|1327
|player|p2|big ups pal|miku-ground|1376
|teamsize|p1|6
|teamsize|p2|6
|gen|5
|tier|[Gen 5] OU
|rated|
|rule|Species Clause: Limit one of each Pokémon
|rule|OHKO Clause: OHKO moves are banned
|rule|Moody Clause: Moody is banned
|rule|Evasion Items Clause: Evasion items are banned
|rule|Evasion Moves Clause: Evasion moves are banned
|rule|Endless Battle Clause: Forcing endless battles is banned
|rule|HP Percentage Mod: HP is shown in percentages
|rule|Evasion Abilities Clause: Evasion abilities are banned
|rule|Sleep Moves Clause: Sleep-inducing moves are banned
|rule|Swagger Clause: Swagger is banned
|rule|Baton Pass Stat Clause: No Baton Passer may have a way to boost its stats
|clearpoke
|poke|p1|Skarmory, F|item
|poke|p1|Infernape, F|item
|poke|p1|Staraptor, M|item
|poke|p1|Lucario, M|item
|poke|p1|Alakazam, F|item
|poke|p1|Jellicent, M|item
|poke|p2|Politoed, M|item
|poke|p2|Breloom, M|item
|poke|p2|Latios, M|item
|poke|p2|Tentacruel, F|item
|poke|p2|Mamoswine, M|item
|poke|p2|Bronzong|item
|teampreview
|inactive|Battle timer is ON: inactive players will automatically lose when time's up. (requested by xingqiba)
|inactive|big ups pal has 120 seconds left.
|inactive|big ups pal has 90 seconds left.
|
|t:|1706190566
|start
|switch|p1a: Skarmory|Skarmory, F, shiny|100/100
|switch|p2a: Bronzong|Bronzong|100/100
|turn|1
|
|t:|1706190576
|move|p1a: Skarmory|Taunt|p2a: Bronzong
|-start|p2a: Bronzong|move: Taunt
|cant|p2a: Bronzong|move: Taunt|Stealth Rock
|
|upkeep
|turn|2
|
|t:|1706190585
|switch|p2a: Tentacruel|Tentacruel, F|100/100
|move|p1a: Skarmory|Stealth Rock|p2a: Tentacruel
|-sidestart|p2: big ups pal|move: Stealth Rock
|
|upkeep
|turn|3
|
|t:|1706190592
|switch|p1a: Jellicent|Jellicent, M, shiny|100/100
|move|p2a: Tentacruel|Scald|p1a: Jellicent
|-immune|p1a: Jellicent|[from] ability: Water Absorb
|
|upkeep
|turn|4
|
|t:|1706190608
|move|p1a: Jellicent|Trick|p2a: Tentacruel
|-activate|p1a: Jellicent|move: Trick|[of] p2a: Tentacruel
|-item|p2a: Tentacruel|Choice Scarf|[from] move: Trick
|-item|p1a: Jellicent|Black Sludge|[from] move: Trick
|move|p2a: Tentacruel|Toxic|p1a: Jellicent
|-status|p1a: Jellicent|tox
|
|-damage|p1a: Jellicent|88/100 tox|[from] item: Black Sludge
|-damage|p1a: Jellicent|82/100 tox|[from] psn
|upkeep
|turn|5
|
|t:|1706190621
|switch|p1a: Skarmory|Skarmory, F, shiny|100/100
|move|p2a: Tentacruel|Toxic|p1a: Skarmory
|-immune|p1a: Skarmory
|
|upkeep
|turn|6
|
|t:|1706190643
|switch|p2a: Politoed|Politoed, M|100/100
|-damage|p2a: Politoed|88/100|[from] Stealth Rock
|-weather|RainDance|[from] ability: Drizzle|[of] p2a: Politoed
|move|p1a: Skarmory|Spikes|p2a: Politoed
|-sidestart|p2: big ups pal|Spikes
|
|-weather|RainDance|[upkeep]
|-heal|p2a: Politoed|94/100|[from] item: Leftovers
|upkeep
|turn|7
|
|t:|1706190659
|move|p2a: Politoed|Protect|p2a: Politoed
|-singleturn|p2a: Politoed|Protect
|move|p1a: Skarmory|Spikes|p2a: Politoed
|-sidestart|p2: big ups pal|Spikes
|
|-weather|RainDance|[upkeep]
|-heal|p2a: Politoed|100/100|[from] item: Leftovers
|upkeep
|turn|8
|
|t:|1706190668
|move|p1a: Skarmory|Spikes|p2a: Politoed
|-sidestart|p2: big ups pal|Spikes
|move|p2a: Politoed|Scald|p1a: Skarmory
|-damage|p1a: Skarmory|33/100
|
|-weather|RainDance|[upkeep]
|upkeep
|turn|9
|
|t:|1706190676
|move|p1a: Skarmory|Brave Bird|p2a: Politoed
|-damage|p2a: Politoed|64/100
|-damage|p1a: Skarmory|16/100|[from] Recoil
|move|p2a: Politoed|Scald|p1a: Skarmory
|-damage|p1a: Skarmory|0 fnt
|faint|p1a: Skarmory
|
|-weather|RainDance|[upkeep]
|-heal|p2a: Politoed|70/100|[from] item: Leftovers
|upkeep
|
|t:|1706190700
|switch|p1a: Staraptor|Staraptor, M, shiny|100/100
|turn|10
|
|t:|1706190709
|move|p2a: Politoed|Protect|p2a: Politoed
|-singleturn|p2a: Politoed|Protect
|move|p1a: Staraptor|Double-Edge|p2a: Politoed
|-activate|p2a: Politoed|move: Protect
|
|-weather|RainDance|[upkeep]
|-heal|p2a: Politoed|76/100|[from] item: Leftovers
|upkeep
|turn|11
|
|t:|1706190718
|switch|p2a: Bronzong|Bronzong|100/100
|-damage|p2a: Bronzong|94/100|[from] Stealth Rock
|move|p1a: Staraptor|Double-Edge|p2a: Bronzong
|-resisted|p2a: Bronzong
|-damage|p2a: Bronzong|68/100
|-damage|p1a: Staraptor|91/100|[from] Recoil
|
|-weather|RainDance|[upkeep]
|-heal|p2a: Bronzong|74/100|[from] item: Leftovers
|upkeep
|turn|12
|
|t:|1706190741
|switch|p1a: Lucario|Lucario, M, shiny|100/100
|move|p2a: Bronzong|Stealth Rock|p1a: Lucario
|-sidestart|p1: xingqiba|move: Stealth Rock
|
|-weather|RainDance|[upkeep]
|-heal|p2a: Bronzong|80/100|[from] item: Leftovers
|upkeep
|turn|13
|
|t:|1706190750
|move|p1a: Lucario|Swords Dance|p1a: Lucario
|-boost|p1a: Lucario|atk|2
|move|p2a: Bronzong|Earthquake|p1a: Lucario
|-supereffective|p1a: Lucario
|-damage|p1a: Lucario|29/100
|
|-weather|RainDance|[upkeep]
|-heal|p2a: Bronzong|86/100|[from] item: Leftovers
|upkeep
|turn|14
|
|t:|1706190770
|move|p1a: Lucario|Close Combat|p2a: Bronzong
|-damage|p2a: Bronzong|0 fnt
|-unboost|p1a: Lucario|def|1
|-unboost|p1a: Lucario|spd|1
|faint|p2a: Bronzong
|-damage|p1a: Lucario|19/100|[from] item: Life Orb
|
|-weather|RainDance|[upkeep]
|upkeep
|
|t:|1706190774
|switch|p2a: Mamoswine|Mamoswine, M|100/100
|-damage|p2a: Mamoswine|88/100|[from] Stealth Rock
|-damage|p2a: Mamoswine|63/100|[from] Spikes
|turn|15
|
|t:|1706190784
|move|p1a: Lucario|Extreme Speed|p2a: Mamoswine
|-damage|p2a: Mamoswine|0 fnt
|faint|p2a: Mamoswine
|-damage|p1a: Lucario|9/100|[from] item: Life Orb
|
|-weather|RainDance|[upkeep]
|upkeep
|
|t:|1706190799
|switch|p2a: Breloom|Breloom, M, shiny|100/100
|-damage|p2a: Breloom|94/100|[from] Stealth Rock
|-damage|p2a: Breloom|69/100|[from] Spikes
|turn|16
|
|t:|1706190805
|move|p1a: Lucario|Extreme Speed|p2a: Breloom
|-damage|p2a: Breloom|0 fnt
|faint|p2a: Breloom
|-damage|p1a: Lucario|0 fnt|[from] item: Life Orb
|faint|p1a: Lucario
|
|-weather|RainDance|[upkeep]
|upkeep
|inactive|big ups pal has 120 seconds left.
|
|t:|1706190839
|switch|p1a: Staraptor|Staraptor, M, shiny|91/100
|switch|p2a: Tentacruel|Tentacruel, F|100/100
|-damage|p1a: Staraptor|66/100|[from] Stealth Rock
|-damage|p2a: Tentacruel|88/100|[from] Stealth Rock
|-damage|p2a: Tentacruel|63/100|[from] Spikes
|turn|17
|
|t:|1706190853
|move|p2a: Tentacruel|Protect|p2a: Tentacruel
|-singleturn|p2a: Tentacruel|Protect
|move|p1a: Staraptor|Brave Bird|p2a: Tentacruel
|-activate|p2a: Tentacruel|move: Protect
|
|-weather|RainDance|[upkeep]
|-heal|p2a: Tentacruel|69/100|[from] ability: Rain Dish
|upkeep
|turn|18
|
|t:|1706190862
|switch|p2a: Politoed|Politoed, M|76/100
|-damage|p2a: Politoed|64/100|[from] Stealth Rock
|-damage|p2a: Politoed|39/100|[from] Spikes
|move|p1a: Staraptor|Brave Bird|p2a: Politoed
|-crit|p2a: Politoed
|-damage|p2a: Politoed|0 fnt
|faint|p2a: Politoed
|-damage|p1a: Staraptor|50/100|[from] Recoil
|
|-weather|RainDance|[upkeep]
|upkeep
|
|t:|1706190865
|switch|p2a: Latios|Latios, M|100/100
|-damage|p2a: Latios|88/100|[from] Stealth Rock
|turn|19
|
|t:|1706190878
|move|p2a: Latios|Thunder|p1a: Staraptor
|-supereffective|p1a: Staraptor
|-damage|p1a: Staraptor|0 fnt
|faint|p1a: Staraptor
|
|-weather|RainDance|[upkeep]
|upkeep
|
|t:|1706190886
|switch|p1a: Alakazam|Alakazam, F, shiny|100/100
|turn|20
|
|t:|1706190892
|move|p2a: Latios|Thunder|p1a: Alakazam
|-damage|p1a: Alakazam|36/100
|move|p1a: Alakazam|Shadow Ball|p2a: Latios
|-supereffective|p2a: Latios
|-damage|p2a: Latios|31/100
|
|-weather|RainDance|[upkeep]
|upkeep
|turn|21
|
|t:|1706190903
|move|p2a: Latios|Thunder|p1a: Alakazam
|-damage|p1a: Alakazam|0 fnt
|faint|p1a: Alakazam
|
|-weather|RainDance|[upkeep]
|upkeep
|
|t:|1706190910
|switch|p1a: Infernape|Infernape, F, shiny|100/100
|-damage|p1a: Infernape|88/100|[from] Stealth Rock
|turn|22
|
|t:|1706190919
|switch|p2a: Tentacruel|Tentacruel, F|69/100
|-damage|p2a: Tentacruel|57/100|[from] Stealth Rock
|-damage|p2a: Tentacruel|32/100|[from] Spikes
|move|p1a: Infernape|Close Combat|p2a: Tentacruel
|-resisted|p2a: Tentacruel
|-damage|p2a: Tentacruel|0 fnt
|-unboost|p1a: Infernape|def|1
|-unboost|p1a: Infernape|spd|1
|faint|p2a: Tentacruel
|-damage|p1a: Infernape|78/100|[from] item: Life Orb
|
|-weather|RainDance|[upkeep]
|upkeep
|
|t:|1706190934
|switch|p2a: Latios|Latios, M|31/100
|-damage|p2a: Latios|19/100|[from] Stealth Rock
|turn|23
|
|t:|1706190941
|move|p1a: Infernape|Mach Punch|p2a: Latios
|-resisted|p2a: Latios
|-damage|p2a: Latios|6/100
|-damage|p1a: Infernape|68/100|[from] item: Life Orb
|move|p2a: Latios|Thunder|p1a: Infernape
|-damage|p1a: Infernape|0 fnt
|faint|p1a: Infernape
|
|-weather|RainDance|[upkeep]
|upkeep
|
|t:|1706190951
|switch|p1a: Jellicent|Jellicent, M, shiny|82/100 tox
|-damage|p1a: Jellicent|70/100 tox|[from] Stealth Rock
|turn|24
|
|t:|1706190956
|move|p2a: Latios|Thunder|p1a: Jellicent
|-supereffective|p1a: Jellicent
|-damage|p1a: Jellicent|0 fnt
|faint|p1a: Jellicent
|
|win|big ups pal
|raw|xingqiba's rating: 1327 &rarr; <strong>1310</strong><br />(-17 for losing)
|raw|big ups pal's rating: 1376 &rarr; <strong>1393</strong><br />(+17 for winning)
|l|‽xingqiba
|player|p1|
