|j|☆dfdsfdfdafa
|j|☆muhola
|player|p1|dfdsfdfdafa|266
|player|p2|muhola|102
|teamsize|p1|6
|teamsize|p2|6
|gametype|singles
|gen|5
|tier|[Gen 5] OU
|rated|
|rule|Sleep Clause Mod: Limit one foe put to sleep
|rule|Species Clause: Limit one of each Pokémon
|rule|OHKO Clause: OHKO moves are banned
|rule|Moody Clause: Moody is banned
|rule|Evasion Moves Clause: Evasion moves are banned
|rule|Endless Battle Clause: Forcing endless battles is banned
|rule|HP Percentage Mod: HP is shown in percentages
|rule|Evasion Abilities Clause: Evasion abilities are banned
|rule|Baton Pass Clause: Limit one Baton Passer, can't pass Spe and other stats simultaneously
|rule|Swagger Clause: Swagger is banned
|clearpoke
|poke|p1|Tyranitar, M|item
|poke|p1|Landorus-Therian, M|item
|poke|p1|Heatran, F|item
|poke|p1|Mew|item
|poke|p1|Breloom, F|item
|poke|p1|Starmie|item
|poke|p2|Jirachi|item
|poke|p2|Dragonite, M|item
|poke|p2|Rotom-Wash|item
|poke|p2|Landorus-Therian, M|item
|poke|p2|Gengar, F|item
|poke|p2|Infernape, F|item
|teampreview
|inactive|Battle timer is ON: inactive players will automatically lose when time's up. (requested by dfdsfdfdafa)
|
|start
|switch|p1a: Landorus|Landorus-Therian, M|100/100
|switch|p2a: Landorus|Landorus-Therian, M|100/100
|-ability|p2a: Landorus|Intimidate|boost
|-unboost|p1a: Landorus|atk|1
|-ability|p1a: Landorus|Intimidate|boost
|-unboost|p2a: Landorus|atk|1
|turn|1
|
|move|p2a: Landorus|Hidden Power|p1a: Landorus
|-supereffective|p1a: Landorus
|-damage|p1a: Landorus|12/100
|move|p1a: Landorus|U-turn|p2a: Landorus
|-resisted|p2a: Landorus
|-damage|p2a: Landorus|89/100
|
|switch|p1a: Tyranitar|Tyranitar, M|100/100
|-weather|Sandstorm|[from] ability: Sand Stream|[of] p1a: Tyranitar
|
|-weather|Sandstorm|[upkeep]
|upkeep
|turn|2
|
|switch|p2a: Jirachi|Jirachi|100/100
|move|p1a: Tyranitar|Stealth Rock|p2a: Jirachi
|-sidestart|p2: muhola|move: Stealth Rock
|
|-weather|Sandstorm|[upkeep]
|upkeep
|turn|3
|
|switch|p1a: Heatran|Heatran, F|100/100
|move|p2a: Jirachi|Body Slam|p1a: Heatran
|-resisted|p1a: Heatran
|-damage|p1a: Heatran|92/100
|-status|p1a: Heatran|par
|
|-weather|Sandstorm|[upkeep]
|-heal|p1a: Heatran|98/100 par|[from] item: Leftovers
|upkeep
|turn|4
|
|switch|p2a: Rotom|Rotom-Wash|100/100
|-damage|p2a: Rotom|88/100|[from] Stealth Rock
|move|p1a: Heatran|Lava Plume|p2a: Rotom
|-resisted|p2a: Rotom
|-damage|p2a: Rotom|70/100
|
|-weather|Sandstorm|[upkeep]
|-damage|p2a: Rotom|65/100|[from] Sandstorm
|-heal|p1a: Heatran|100/100 par|[from] item: Leftovers
|upkeep
|turn|5
|
|switch|p1a: Breloom|Breloom, F|100/100
|move|p2a: Rotom|Hydro Pump|p1a: Breloom|[miss]
|-miss|p2a: Rotom|p1a: Breloom
|
|-weather|Sandstorm|[upkeep]
|-damage|p2a: Rotom|59/100|[from] Sandstorm
|-damage|p1a: Breloom|94/100|[from] Sandstorm
|-status|p1a: Breloom|tox|[from] item: Toxic Orb
|upkeep
|turn|6
|
|switch|p2a: Dragonite|Dragonite, M|100/100
|-damage|p2a: Dragonite|76/100|[from] Stealth Rock
|move|p1a: Breloom|Spore|p2a: Dragonite
|-status|p2a: Dragonite|slp
|-enditem|p2a: Dragonite|Lum Berry|[eat]
|-curestatus|p2a: Dragonite|slp|[msg]
|
|-weather|Sandstorm|[upkeep]
|-damage|p2a: Dragonite|70/100|[from] Sandstorm
|-damage|p1a: Breloom|88/100 tox|[from] Sandstorm
|-heal|p1a: Breloom|100/100 tox|[from] ability: Poison Heal
|upkeep
|turn|7
|
|switch|p1a: Mew|Mew|100/100
|move|p2a: Dragonite|Outrage|p1a: Mew
|-damage|p1a: Mew|57/100
|
|-weather|Sandstorm|[upkeep]
|-damage|p1a: Mew|50/100|[from] Sandstorm
|-damage|p2a: Dragonite|63/100|[from] Sandstorm
|-heal|p1a: Mew|57/100|[from] item: Leftovers
|upkeep
|turn|8
|
|move|p1a: Mew|Ice Beam|p2a: Dragonite
|-supereffective|p2a: Dragonite
|-damage|p2a: Dragonite|0 fnt
|faint|p2a: Dragonite
|
|-weather|Sandstorm|[upkeep]
|-damage|p1a: Mew|50/100|[from] Sandstorm
|-heal|p1a: Mew|57/100|[from] item: Leftovers
|upkeep
|
|switch|p2a: Landorus|Landorus-Therian, M|89/100
|-damage|p2a: Landorus|76/100|[from] Stealth Rock
|-ability|p2a: Landorus|Intimidate|boost
|-unboost|p1a: Mew|atk|1
|turn|9
|
|move|p2a: Landorus|U-turn|p1a: Mew
|-supereffective|p1a: Mew
|-damage|p1a: Mew|24/100
|
|switch|p2a: Jirachi|Jirachi|100/100
|-damage|p2a: Jirachi|94/100|[from] Stealth Rock
|move|p1a: Mew|Soft-Boiled|p1a: Mew
|-heal|p1a: Mew|74/100
|
|-weather|Sandstorm|[upkeep]
|-damage|p1a: Mew|67/100|[from] Sandstorm
|-heal|p1a: Mew|74/100|[from] item: Leftovers
|-heal|p2a: Jirachi|100/100|[from] item: Leftovers
|upkeep
|turn|10
|
|switch|p1a: Heatran|Heatran, F|100/100 par
|move|p2a: Jirachi|Wish|p2a: Jirachi
|
|-weather|Sandstorm|[upkeep]
|upkeep
|turn|11
|
|switch|p2a: Infernape|Infernape, F|100/100
|-damage|p2a: Infernape|88/100|[from] Stealth Rock
|move|p1a: Heatran|Toxic|p2a: Infernape
|-status|p2a: Infernape|tox
|
|-weather|Sandstorm|[upkeep]
|-damage|p2a: Infernape|82/100 tox|[from] Sandstorm
|-heal|p2a: Infernape|100/100 tox|[from] move: Wish|[wisher] Jirachi
|-damage|p2a: Infernape|94/100 tox|[from] psn
|upkeep
|turn|12
|
|switch|p1a: Starmie|Starmie|100/100
|move|p2a: Infernape|U-turn|p1a: Starmie
|-supereffective|p1a: Starmie
|-damage|p1a: Starmie|45/100
|
|switch|p2a: Landorus|Landorus-Therian, M|76/100
|-damage|p2a: Landorus|64/100|[from] Stealth Rock
|-ability|p2a: Landorus|Intimidate|boost
|-unboost|p1a: Starmie|atk|1
|
|-weather|Sandstorm|[upkeep]
|-damage|p1a: Starmie|39/100|[from] Sandstorm
|-heal|p1a: Starmie|45/100|[from] item: Leftovers
|upkeep
|turn|13
|
|switch|p1a: Breloom|Breloom, F|100/100 tox
|move|p2a: Landorus|U-turn|p1a: Breloom
|-damage|p1a: Breloom|68/100 tox
|
|switch|p2a: Gengar|Gengar, F|100/100
|-damage|p2a: Gengar|88/100|[from] Stealth Rock
|
|-weather|Sandstorm|[upkeep]
|-damage|p2a: Gengar|82/100|[from] Sandstorm
|-damage|p1a: Breloom|62/100 tox|[from] Sandstorm
|-heal|p2a: Gengar|88/100|[from] item: Black Sludge
|-heal|p1a: Breloom|75/100 tox|[from] ability: Poison Heal
|upkeep
|turn|14
|
|move|p1a: Breloom|Protect|p1a: Breloom
|-singleturn|p1a: Breloom|Protect
|move|p2a: Gengar|Substitute|p2a: Gengar
|-start|p2a: Gengar|Substitute
|-damage|p2a: Gengar|63/100
|
|-weather|Sandstorm|[upkeep]
|-damage|p2a: Gengar|57/100|[from] Sandstorm
|-damage|p1a: Breloom|68/100 tox|[from] Sandstorm
|-heal|p2a: Gengar|63/100|[from] item: Black Sludge
|-heal|p1a: Breloom|81/100 tox|[from] ability: Poison Heal
|upkeep
|turn|15
|
|switch|p1a: Tyranitar|Tyranitar, M|100/100
|move|p2a: Gengar|Shadow Ball|p1a: Tyranitar
|-resisted|p1a: Tyranitar
|-damage|p1a: Tyranitar|91/100
|
|-weather|Sandstorm|[upkeep]
|-damage|p2a: Gengar|57/100|[from] Sandstorm
|-heal|p2a: Gengar|63/100|[from] item: Black Sludge
|upkeep
|turn|16
|
|move|p2a: Gengar|Focus Blast|p1a: Tyranitar
|-supereffective|p1a: Tyranitar
|-enditem|p1a: Tyranitar|Chople Berry|[eat]
|-enditem|p1a: Tyranitar|Chople Berry|[weaken]
|-damage|p1a: Tyranitar|58/100
|move|p1a: Tyranitar|Crunch|p2a: Gengar
|-supereffective|p2a: Gengar
|-end|p2a: Gengar|Substitute
|
|-weather|Sandstorm|[upkeep]
|-damage|p2a: Gengar|57/100|[from] Sandstorm
|-heal|p2a: Gengar|63/100|[from] item: Black Sludge
|upkeep
|turn|17
|
|move|p2a: Gengar|Substitute|p2a: Gengar
|-start|p2a: Gengar|Substitute
|-damage|p2a: Gengar|38/100
|move|p1a: Tyranitar|Pursuit|p2a: Gengar
|-supereffective|p2a: Gengar
|-end|p2a: Gengar|Substitute
|
|-weather|Sandstorm|[upkeep]
|-damage|p2a: Gengar|32/100|[from] Sandstorm
|-heal|p2a: Gengar|38/100|[from] item: Black Sludge
|upkeep
|turn|18
|
|move|p2a: Gengar|Focus Blast|p1a: Tyranitar
|-supereffective|p1a: Tyranitar
|-damage|p1a: Tyranitar|0 fnt
|faint|p1a: Tyranitar
|
|-weather|Sandstorm|[upkeep]
|-damage|p2a: Gengar|32/100|[from] Sandstorm
|-heal|p2a: Gengar|38/100|[from] item: Black Sludge
|upkeep
|
|switch|p1a: Starmie|Starmie|45/100
|turn|19
|
|move|p1a: Starmie|Psyshock|p2a: Gengar
|-supereffective|p2a: Gengar
|-damage|p2a: Gengar|0 fnt
|faint|p2a: Gengar
|
|-weather|Sandstorm|[upkeep]
|-damage|p1a: Starmie|39/100|[from] Sandstorm
|-heal|p1a: Starmie|45/100|[from] item: Leftovers
|upkeep
|
|switch|p2a: Landorus|Landorus-Therian, M|64/100
|-damage|p2a: Landorus|52/100|[from] Stealth Rock
|-ability|p2a: Landorus|Intimidate|boost
|-unboost|p1a: Starmie|atk|1
|turn|20
|
|switch|p1a: Breloom|Breloom, F|81/100 tox
|move|p2a: Landorus|U-turn|p1a: Breloom
|-damage|p1a: Breloom|48/100 tox
|
|switch|p2a: Infernape|Infernape, F|94/100 tox
|-damage|p2a: Infernape|82/100 tox|[from] Stealth Rock
|
|-weather|Sandstorm|[upkeep]
|-damage|p2a: Infernape|76/100 tox|[from] Sandstorm
|-damage|p1a: Breloom|42/100 tox|[from] Sandstorm
|-damage|p2a: Infernape|70/100 tox|[from] psn
|-heal|p1a: Breloom|54/100 tox|[from] ability: Poison Heal
|upkeep
|turn|21
|
|move|p1a: Breloom|Protect|p1a: Breloom
|-singleturn|p1a: Breloom|Protect
|move|p2a: Infernape|U-turn|p1a: Breloom
|-activate|p1a: Breloom|move: Protect
|
|-weather|Sandstorm|[upkeep]
|-damage|p2a: Infernape|64/100 tox|[from] Sandstorm
|-damage|p1a: Breloom|48/100 tox|[from] Sandstorm
|-damage|p2a: Infernape|51/100 tox|[from] psn
|-heal|p1a: Breloom|60/100 tox|[from] ability: Poison Heal
|upkeep
|turn|22
|
|move|p2a: Infernape|Overheat|p1a: Breloom
|-supereffective|p1a: Breloom
|-damage|p1a: Breloom|0 fnt
|-unboost|p2a: Infernape|spa|2
|faint|p1a: Breloom
|
|-weather|Sandstorm|[upkeep]
|-damage|p2a: Infernape|45/100 tox|[from] Sandstorm
|-damage|p2a: Infernape|27/100 tox|[from] psn
|upkeep
|
|switch|p1a: Landorus|Landorus-Therian, M|12/100
|-ability|p1a: Landorus|Intimidate|boost
|-unboost|p2a: Infernape|atk|1
|turn|23
|
|move|p1a: Landorus|U-turn|p2a: Infernape
|-resisted|p2a: Infernape
|-damage|p2a: Infernape|15/100 tox
|
|switch|p1a: Starmie|Starmie|45/100
|move|p2a: Infernape|Hidden Power|p1a: Starmie
|-resisted|p1a: Starmie
|-damage|p1a: Starmie|39/100
|
|-weather|Sandstorm|[upkeep]
|-damage|p1a: Starmie|33/100|[from] Sandstorm
|-damage|p2a: Infernape|9/100 tox|[from] Sandstorm
|-heal|p1a: Starmie|39/100|[from] item: Leftovers
|-damage|p2a: Infernape|0 fnt|[from] psn
|upkeep
|faint|p2a: Infernape
|
|switch|p2a: Jirachi|Jirachi|100/100
|-damage|p2a: Jirachi|94/100|[from] Stealth Rock
|turn|24
|
|switch|p1a: Heatran|Heatran, F|100/100 par
|move|p2a: Jirachi|Stealth Rock|p1a: Heatran
|-sidestart|p1: dfdsfdfdafa|move: Stealth Rock
|
|-weather|Sandstorm|[upkeep]
|-heal|p2a: Jirachi|100/100|[from] item: Leftovers
|upkeep
|turn|25
|
|move|p2a: Jirachi|Wish|p2a: Jirachi
|cant|p1a: Heatran|par
|
|-weather|Sandstorm|[upkeep]
|upkeep
|turn|26
|
|switch|p2a: Landorus|Landorus-Therian, M|52/100
|-damage|p2a: Landorus|40/100|[from] Stealth Rock
|-ability|p2a: Landorus|Intimidate|boost
|-unboost|p1a: Heatran|atk|1
|move|p1a: Heatran|Lava Plume|p2a: Landorus
|-damage|p2a: Landorus|0 fnt
|faint|p2a: Landorus
|
|-weather|Sandstorm|[upkeep]
|upkeep
|
|switch|p2a: Rotom|Rotom-Wash|59/100
|-damage|p2a: Rotom|46/100|[from] Stealth Rock
|turn|27
|
|move|p2a: Rotom|Hydro Pump|p1a: Heatran
|-supereffective|p1a: Heatran
|-damage|p1a: Heatran|0 fnt
|faint|p1a: Heatran
|
|-weather|Sandstorm|[upkeep]
|-damage|p2a: Rotom|40/100|[from] Sandstorm
|upkeep
|
|switch|p1a: Mew|Mew|74/100
|-damage|p1a: Mew|61/100|[from] Stealth Rock
|turn|28
|
|move|p1a: Mew|Will-O-Wisp|p2a: Rotom
|-status|p2a: Rotom|brn
|move|p2a: Rotom|Hydro Pump|p1a: Mew
|-damage|p1a: Mew|0 fnt
|faint|p1a: Mew
|
|-weather|Sandstorm|[upkeep]
|-damage|p2a: Rotom|34/100 brn|[from] Sandstorm
|-damage|p2a: Rotom|22/100 brn|[from] brn
|upkeep
|
|switch|p1a: Starmie|Starmie|39/100
|-damage|p1a: Starmie|27/100|[from] Stealth Rock
|turn|29
|
|move|p1a: Starmie|Recover|p1a: Starmie
|-heal|p1a: Starmie|77/100
|move|p2a: Rotom|Hydro Pump|p1a: Starmie|[miss]
|-miss|p2a: Rotom|p1a: Starmie
|
|-weather|Sandstorm|[upkeep]
|-damage|p1a: Starmie|71/100|[from] Sandstorm
|-damage|p2a: Rotom|16/100 brn|[from] Sandstorm
|-heal|p1a: Starmie|77/100|[from] item: Leftovers
|-damage|p2a: Rotom|4/100 brn|[from] brn
|upkeep
|turn|30
|
|move|p1a: Starmie|Rapid Spin|p2a: Rotom
|-damage|p2a: Rotom|1/100 brn
|-sideend|p1: dfdsfdfdafa|Stealth Rock|[from] move: Rapid Spin|[of] p1a: Starmie
|move|p2a: Rotom|Hydro Pump|p1a: Starmie
|-resisted|p1a: Starmie
|-crit|p1a: Starmie
|-damage|p1a: Starmie|0 fnt
|faint|p1a: Starmie
|
|-weather|Sandstorm|[upkeep]
|-damage|p2a: Rotom|0 fnt|[from] Sandstorm
|upkeep
|faint|p2a: Rotom
|c|☆muhola|yikes
|c|☆muhola|but i think u win anyway
|
|switch|p1a: Landorus|Landorus-Therian, M|12/100
|switch|p2a: Jirachi|Jirachi|100/100
|-ability|p1a: Landorus|Intimidate|boost
|-unboost|p2a: Jirachi|atk|1
|-damage|p2a: Jirachi|94/100|[from] Stealth Rock
|turn|31
|
|move|p1a: Landorus|Earthquake|p2a: Jirachi
|-supereffective|p2a: Jirachi
|-damage|p2a: Jirachi|20/100
|move|p2a: Jirachi|Body Slam|p1a: Landorus
|-damage|p1a: Landorus|0 fnt
|faint|p1a: Landorus
|
|win|muhola
|raw|dfdsfdfdafa's rating: 1375 &rarr; <strong>1349</strong><br />(-26 for losing)
|raw|muhola's rating: 1280 &rarr; <strong>1312</strong><br />(+32 for winning)
|l|☆dfdsfdfdafa
|c|☆muhola|guess not
|c|☆muhola|gg
