|j|☆Onlyusemebladee
|j|☆el janitor
|t:|1707364820
|gametype|singles
|player|p1|Onlyusemebladee|erika-gen2|1480
|player|p2|el janitor|101|1512
|teamsize|p1|6
|teamsize|p2|6
|gen|5
|tier|[Gen 5] OU
|rated|
|rule|Species Clause: Limit one of each Pokémon
|rule|OHKO Clause: OHKO moves are banned
|rule|Moody Clause: Moody is banned
|rule|Evasion Items Clause: Evasion items are banned
|rule|Evasion Moves Clause: Evasion moves are banned
|rule|Endless Battle Clause: Forcing endless battles is banned
|rule|HP Percentage Mod: HP is shown in percentages
|rule|Evasion Abilities Clause: Evasion abilities are banned
|rule|Sleep Moves Clause: Sleep-inducing moves are banned
|rule|Swagger Clause: Swagger is banned
|rule|Baton Pass Stat Clause: No Baton Passer may have a way to boost its stats
|clearpoke
|poke|p1|Keldeo|item
|poke|p1|Tyranitar, F|item
|poke|p1|Latios, M|item
|poke|p1|Ferrothorn, F|item
|poke|p1|Alakazam, M|item
|poke|p1|Landorus-Therian, M|item
|poke|p2|Mamoswine, M|item
|poke|p2|Abomasnow, M|item
|poke|p2|Forretress, F|item
|poke|p2|Kyurem-Black|item
|poke|p2|Breloom, M|item
|poke|p2|Mandibuzz, F|item
|teampreview
|inactive|Battle timer is ON: inactive players will automatically lose when time's up. (requested by el janitor)
|inactive|Onlyusemebladee also wants the timer to be on.
|
|t:|1707364833
|start
|switch|p1a: Keldeo|Keldeo|100/100
|switch|p2a: Breloom|Breloom, M|100/100
|turn|1
|
|t:|1707364847
|switch|p1a: Latios|Latios, M|100/100
|switch|p2a: Abomasnow|Abomasnow, M|100/100
|-weather|Hail|[from] ability: Snow Warning|[of] p2a: Abomasnow
|
|-weather|Hail|[upkeep]
|-damage|p1a: Latios|95/100|[from] Hail
|upkeep
|turn|2
|
|t:|1707364858
|switch|p1a: Tyranitar|Tyranitar, F|100/100
|-weather|Sandstorm|[from] ability: Sand Stream|[of] p1a: Tyranitar
|switch|p2a: Forretress|Forretress, F|100/100
|
|-weather|Sandstorm|[upkeep]
|upkeep
|turn|3
|
|t:|1707364865
|move|p1a: Tyranitar|Flamethrower|p2a: Forretress
|-supereffective|p2a: Forretress
|-damage|p2a: Forretress|18/100
|move|p2a: Forretress|Toxic Spikes|p1a: Tyranitar
|-sidestart|p1: Onlyusemebladee|move: Toxic Spikes
|
|-weather|Sandstorm|[upkeep]
|-heal|p2a: Forretress|24/100|[from] item: Leftovers
|upkeep
|turn|4
|
|t:|1707364876
|-activate|p2a: Forretress|move: Pursuit
|move|p1a: Tyranitar|Pursuit|p2a: Forretress|[from]Pursuit
|-resisted|p2a: Forretress
|-crit|p2a: Forretress
|-damage|p2a: Forretress|0 fnt
|faint|p2a: Forretress
|-hint|A Pokemon can't switch between when it runs out of HP and when it faints
|
|-weather|Sandstorm|[upkeep]
|upkeep
|
|t:|1707364882
|switch|p2a: Breloom|Breloom, M|100/100
|turn|5
|
|t:|1707364887
|switch|p1a: Latios|Latios, M|95/100
|move|p2a: Breloom|Bullet Seed|p1a: Latios
|-resisted|p1a: Latios
|-damage|p1a: Latios|74/100
|-resisted|p1a: Latios
|-damage|p1a: Latios|52/100
|-resisted|p1a: Latios
|-damage|p1a: Latios|31/100
|-hitcount|p1a: Latios|3
|
|-weather|Sandstorm|[upkeep]
|-damage|p1a: Latios|25/100|[from] Sandstorm
|-damage|p2a: Breloom|94/100|[from] Sandstorm
|upkeep
|turn|6
|
|t:|1707364897
|switch|p2a: Abomasnow|Abomasnow, M|100/100
|-weather|Hail|[from] ability: Snow Warning|[of] p2a: Abomasnow
|move|p1a: Latios|Trick|p2a: Abomasnow
|-activate|p1a: Latios|move: Trick|[of] p2a: Abomasnow
|-item|p2a: Abomasnow|Choice Scarf|[from] move: Trick
|-item|p1a: Latios|Leftovers|[from] move: Trick
|
|-weather|Hail|[upkeep]
|-damage|p1a: Latios|19/100|[from] Hail
|-heal|p1a: Latios|25/100|[from] item: Leftovers
|upkeep
|turn|7
|
|t:|1707364903
|switch|p1a: Ferrothorn|Ferrothorn, F|100/100
|move|p2a: Abomasnow|Wood Hammer|p1a: Ferrothorn
|-resisted|p1a: Ferrothorn
|-damage|p1a: Ferrothorn|93/100
|-damage|p2a: Abomasnow|88/100|[from] ability: Iron Barbs|[of] p1a: Ferrothorn
|-damage|p2a: Abomasnow|86/100|[from] Recoil
|
|-weather|Hail|[upkeep]
|-damage|p1a: Ferrothorn|87/100|[from] Hail
|upkeep
|turn|8
|
|t:|1707364922
|switch|p2a: Breloom|Breloom, M|94/100
|switch|p1a: Alakazam|Alakazam, M|100/100
|-status|p1a: Alakazam|psn
|
|-weather|Hail|[upkeep]
|-damage|p2a: Breloom|88/100|[from] Hail
|upkeep
|turn|9
|
|t:|1707364929
|switch|p2a: Mandibuzz|Mandibuzz, F|100/100
|move|p1a: Alakazam|Psychic|p2a: Mandibuzz
|-immune|p2a: Mandibuzz
|
|-weather|Hail|[upkeep]
|upkeep
|turn|10
|
|t:|1707364935
|switch|p1a: Landorus|Landorus-Therian, M|100/100
|-ability|p1a: Landorus|Intimidate|boost
|-unboost|p2a: Mandibuzz|atk|1
|move|p2a: Mandibuzz|U-turn|p1a: Landorus
|-resisted|p1a: Landorus
|-damage|p1a: Landorus|97/100
|
|t:|1707364949
|switch|p2a: Mamoswine|Mamoswine, M|100/100|[from] U-turn
|
|-weather|Hail|[upkeep]
|-damage|p1a: Landorus|91/100|[from] Hail
|-heal|p1a: Landorus|97/100|[from] item: Leftovers
|upkeep
|turn|11
|
|t:|1707364969
|move|p1a: Landorus|U-turn|p2a: Mamoswine
|-damage|p2a: Mamoswine|74/100
|
|t:|1707364978
|switch|p1a: Ferrothorn|Ferrothorn, F|87/100|[from] U-turn
|move|p2a: Mamoswine|Icicle Crash|p1a: Ferrothorn
|-damage|p1a: Ferrothorn|56/100
|
|-weather|Hail|[upkeep]
|-damage|p1a: Ferrothorn|50/100|[from] Hail
|upkeep
|turn|12
|
|t:|1707364999
|switch|p2a: Breloom|Breloom, M|88/100
|move|p1a: Ferrothorn|Gyro Ball|p2a: Breloom
|-damage|p2a: Breloom|10/100
|
|-weather|Hail|[upkeep]
|-damage|p2a: Breloom|4/100|[from] Hail
|-damage|p1a: Ferrothorn|44/100|[from] Hail
|upkeep
|turn|13
|
|t:|1707365012
|move|p2a: Breloom|Superpower|p1a: Ferrothorn
|-supereffective|p1a: Ferrothorn
|-damage|p1a: Ferrothorn|0 fnt
|-unboost|p2a: Breloom|atk|1
|-unboost|p2a: Breloom|def|1
|-damage|p2a: Breloom|0 fnt|[from] ability: Iron Barbs|[of] p1a: Ferrothorn
|faint|p2a: Breloom
|faint|p1a: Ferrothorn
|
|-weather|Hail|[upkeep]
|upkeep
|
|t:|1707365027
|switch|p2a: Kyurem|Kyurem-Black|100/100
|switch|p1a: Latios|Latios, M|25/100
|-ability|p2a: Kyurem|Teravolt
|turn|14
|
|t:|1707365031
|switch|p2a: Abomasnow|Abomasnow, M|86/100
|move|p1a: Latios|Draco Meteor|p2a: Abomasnow|[miss]
|-miss|p1a: Latios|p2a: Abomasnow
|
|-weather|Hail|[upkeep]
|-damage|p1a: Latios|19/100|[from] Hail
|-heal|p1a: Latios|25/100|[from] item: Leftovers
|upkeep
|turn|15
|
|t:|1707365040
|switch|p2a: Mamoswine|Mamoswine, M|74/100
|move|p1a: Latios|Draco Meteor|p2a: Mamoswine
|-damage|p2a: Mamoswine|0 fnt
|-unboost|p1a: Latios|spa|2
|faint|p2a: Mamoswine
|
|-weather|Hail|[upkeep]
|-damage|p1a: Latios|19/100|[from] Hail
|-heal|p1a: Latios|25/100|[from] item: Leftovers
|upkeep
|
|t:|1707365048
|switch|p2a: Mandibuzz|Mandibuzz, F|100/100
|turn|16
|
|t:|1707365067
|switch|p1a: Landorus|Landorus-Therian, M|97/100
|-ability|p1a: Landorus|Intimidate|boost
|-unboost|p2a: Mandibuzz|atk|1
|move|p2a: Mandibuzz|U-turn|p1a: Landorus
|-resisted|p1a: Landorus
|-damage|p1a: Landorus|94/100
|
|t:|1707365072
|switch|p2a: Kyurem|Kyurem-Black|100/100|[from] U-turn
|-ability|p2a: Kyurem|Teravolt
|
|-weather|Hail|[upkeep]
|-damage|p1a: Landorus|87/100|[from] Hail
|-heal|p1a: Landorus|94/100|[from] item: Leftovers
|upkeep
|turn|17
|
|t:|1707365079
|move|p2a: Kyurem|Ice Beam|p1a: Landorus
|-supereffective|p1a: Landorus
|-damage|p1a: Landorus|0 fnt
|faint|p1a: Landorus
|
|-weather|Hail|[upkeep]
|upkeep
|
|t:|1707365083
|switch|p1a: Latios|Latios, M|25/100
|turn|18
|
|t:|1707365086
|switch|p2a: Abomasnow|Abomasnow, M|86/100
|move|p1a: Latios|Draco Meteor|p2a: Abomasnow
|-damage|p2a: Abomasnow|22/100
|-unboost|p1a: Latios|spa|2
|
|-weather|Hail|[upkeep]
|-damage|p1a: Latios|19/100|[from] Hail
|-heal|p1a: Latios|25/100|[from] item: Leftovers
|upkeep
|turn|19
|
|t:|1707365092
|switch|p1a: Tyranitar|Tyranitar, F|100/100
|-status|p1a: Tyranitar|psn
|-weather|Sandstorm|[from] ability: Sand Stream|[of] p1a: Tyranitar
|move|p2a: Abomasnow|Ice Shard|p1a: Tyranitar
|-damage|p1a: Tyranitar|88/100 psn
|
|-weather|Sandstorm|[upkeep]
|-damage|p2a: Abomasnow|16/100|[from] Sandstorm
|-damage|p1a: Tyranitar|76/100 psn|[from] psn
|upkeep
|turn|20
|
|t:|1707365095
|-activate|p2a: Abomasnow|move: Pursuit
|move|p1a: Tyranitar|Pursuit|p2a: Abomasnow|[from]Pursuit
|-damage|p2a: Abomasnow|0 fnt
|faint|p2a: Abomasnow
|-hint|A Pokemon can't switch between when it runs out of HP and when it faints
|
|-weather|Sandstorm|[upkeep]
|-damage|p1a: Tyranitar|64/100 psn|[from] psn
|upkeep
|
|t:|1707365099
|switch|p2a: Mandibuzz|Mandibuzz, F|100/100
|turn|21
|
|t:|1707365103
|move|p2a: Mandibuzz|U-turn|p1a: Tyranitar
|-supereffective|p1a: Tyranitar
|-damage|p1a: Tyranitar|46/100 psn
|
|t:|1707365105
|switch|p2a: Kyurem|Kyurem-Black|100/100|[from] U-turn
|-ability|p2a: Kyurem|Teravolt
|move|p1a: Tyranitar|Thunder Wave|p2a: Kyurem
|-status|p2a: Kyurem|par
|
|-weather|Sandstorm|[upkeep]
|-damage|p2a: Kyurem|94/100 par|[from] Sandstorm
|-heal|p2a: Kyurem|100/100 par|[from] item: Leftovers
|-damage|p1a: Tyranitar|34/100 psn|[from] psn
|upkeep
|turn|22
|
|t:|1707365117
|move|p1a: Tyranitar|Crunch|p2a: Kyurem
|-damage|p2a: Kyurem|65/100 par
|cant|p2a: Kyurem|par
|
|-weather|Sandstorm|[upkeep]
|-damage|p2a: Kyurem|59/100 par|[from] Sandstorm
|-heal|p2a: Kyurem|65/100 par|[from] item: Leftovers
|-damage|p1a: Tyranitar|21/100 psn|[from] psn
|upkeep
|turn|23
|
|t:|1707365122
|switch|p2a: Mandibuzz|Mandibuzz, F|100/100
|move|p1a: Tyranitar|Crunch|p2a: Mandibuzz
|-resisted|p2a: Mandibuzz
|-damage|p2a: Mandibuzz|88/100
|
|-weather|Sandstorm|[upkeep]
|-heal|p2a: Mandibuzz|94/100|[from] item: Leftovers
|-damage|p1a: Tyranitar|9/100 psn|[from] psn
|upkeep
|turn|24
|
|t:|1707365148
|move|p2a: Mandibuzz|Protect|p2a: Mandibuzz
|-singleturn|p2a: Mandibuzz|Protect
|move|p1a: Tyranitar|Thunder Wave|p2a: Mandibuzz
|-activate|p2a: Mandibuzz|move: Protect
|
|-weather|Sandstorm|[upkeep]
|-heal|p2a: Mandibuzz|100/100|[from] item: Leftovers
|-damage|p1a: Tyranitar|0 fnt|[from] psn
|faint|p1a: Tyranitar
|upkeep
|
|t:|1707365157
|switch|p1a: Keldeo|Keldeo|100/100
|-status|p1a: Keldeo|psn
|turn|25
|
|t:|1707365164
|move|p1a: Keldeo|Scald|p2a: Mandibuzz
|-damage|p2a: Mandibuzz|68/100
|move|p2a: Mandibuzz|Roost|p2a: Mandibuzz
|-heal|p2a: Mandibuzz|100/100
|-singleturn|p2a: Mandibuzz|move: Roost
|
|-weather|Sandstorm|[upkeep]
|-damage|p1a: Keldeo|94/100 psn|[from] Sandstorm
|-heal|p1a: Keldeo|100/100 psn|[from] item: Leftovers
|-damage|p1a: Keldeo|88/100 psn|[from] psn
|upkeep
|turn|26
|
|t:|1707365168
|move|p2a: Mandibuzz|Protect|p2a: Mandibuzz
|-singleturn|p2a: Mandibuzz|Protect
|move|p1a: Keldeo|Scald|p2a: Mandibuzz
|-activate|p2a: Mandibuzz|move: Protect
|
|-weather|Sandstorm|[upkeep]
|-damage|p1a: Keldeo|82/100 psn|[from] Sandstorm
|-heal|p1a: Keldeo|88/100 psn|[from] item: Leftovers
|-damage|p1a: Keldeo|76/100 psn|[from] psn
|upkeep
|turn|27
|
|t:|1707365171
|move|p1a: Keldeo|Scald|p2a: Mandibuzz
|-crit|p2a: Mandibuzz
|-damage|p2a: Mandibuzz|27/100
|move|p2a: Mandibuzz|Foul Play|p1a: Keldeo
|-resisted|p1a: Keldeo
|-damage|p1a: Keldeo|65/100 psn
|-ability|p1a: Keldeo|Justified|boost
|-boost|p1a: Keldeo|atk|1
|
|-weather|Sandstorm|[upkeep]
|-damage|p1a: Keldeo|59/100 psn|[from] Sandstorm
|-heal|p1a: Keldeo|65/100 psn|[from] item: Leftovers
|-heal|p2a: Mandibuzz|34/100|[from] item: Leftovers
|-damage|p1a: Keldeo|53/100 psn|[from] psn
|upkeep
|turn|28
|
|t:|1707365179
|move|p2a: Mandibuzz|Protect|p2a: Mandibuzz
|-singleturn|p2a: Mandibuzz|Protect
|move|p1a: Keldeo|Secret Sword|p2a: Mandibuzz
|-activate|p2a: Mandibuzz|move: Protect
|
|-weather|Sandstorm|[upkeep]
|-damage|p1a: Keldeo|46/100 psn|[from] Sandstorm
|-heal|p1a: Keldeo|53/100 psn|[from] item: Leftovers
|-heal|p2a: Mandibuzz|40/100|[from] item: Leftovers
|-damage|p1a: Keldeo|40/100 psn|[from] psn
|upkeep
|turn|29
|
|t:|1707365185
|move|p1a: Keldeo|Secret Sword|p2a: Mandibuzz
|-damage|p2a: Mandibuzz|14/100
|move|p2a: Mandibuzz|Roost|p2a: Mandibuzz
|-heal|p2a: Mandibuzz|64/100
|-singleturn|p2a: Mandibuzz|move: Roost
|
|-weather|Sandstorm|[upkeep]
|-damage|p1a: Keldeo|34/100 psn|[from] Sandstorm
|-heal|p1a: Keldeo|40/100 psn|[from] item: Leftovers
|-heal|p2a: Mandibuzz|70/100|[from] item: Leftovers
|-damage|p1a: Keldeo|28/100 psn|[from] psn
|upkeep
|turn|30
|
|t:|1707365201
|move|p1a: Keldeo|Scald|p2a: Mandibuzz
|-damage|p2a: Mandibuzz|35/100
|move|p2a: Mandibuzz|Roost|p2a: Mandibuzz
|-heal|p2a: Mandibuzz|85/100
|-singleturn|p2a: Mandibuzz|move: Roost
|
|-weather|Sandstorm|[upkeep]
|-damage|p1a: Keldeo|22/100 psn|[from] Sandstorm
|-heal|p1a: Keldeo|28/100 psn|[from] item: Leftovers
|-heal|p2a: Mandibuzz|91/100|[from] item: Leftovers
|-damage|p1a: Keldeo|15/100 psn|[from] psn
|upkeep
|turn|31
|
|t:|1707365206
|move|p2a: Mandibuzz|Protect|p2a: Mandibuzz
|-singleturn|p2a: Mandibuzz|Protect
|move|p1a: Keldeo|Scald|p2a: Mandibuzz
|-activate|p2a: Mandibuzz|move: Protect
|
|-weather|Sandstorm|[upkeep]
|-damage|p1a: Keldeo|9/100 psn|[from] Sandstorm
|-heal|p1a: Keldeo|15/100 psn|[from] item: Leftovers
|-heal|p2a: Mandibuzz|97/100|[from] item: Leftovers
|-damage|p1a: Keldeo|3/100 psn|[from] psn
|upkeep
|turn|32
|
|t:|1707365227
|switch|p2a: Kyurem|Kyurem-Black|65/100 par
|-ability|p2a: Kyurem|Teravolt
|move|p1a: Keldeo|Secret Sword|p2a: Kyurem
|-supereffective|p2a: Kyurem
|-damage|p2a: Kyurem|0 fnt
|faint|p2a: Kyurem
|
|-weather|Sandstorm|[upkeep]
|-damage|p1a: Keldeo|0 fnt|[from] Sandstorm
|faint|p1a: Keldeo
|upkeep
|
|t:|1707365234
|switch|p1a: Latios|Latios, M|25/100
|switch|p2a: Mandibuzz|Mandibuzz, F|97/100
|turn|33
|
|t:|1707365243
|move|p1a: Latios|Draco Meteor|p2a: Mandibuzz
|-damage|p2a: Mandibuzz|38/100
|-unboost|p1a: Latios|spa|2
|move|p2a: Mandibuzz|Foul Play|p1a: Latios
|-supereffective|p1a: Latios
|-damage|p1a: Latios|0 fnt
|faint|p1a: Latios
|
|-weather|Sandstorm|[upkeep]
|-heal|p2a: Mandibuzz|44/100|[from] item: Leftovers
|upkeep
|
|t:|1707365247
|switch|p1a: Alakazam|Alakazam, M|100/100 psn
|turn|34
|
|t:|1707365252
|move|p2a: Mandibuzz|Protect|p2a: Mandibuzz
|-singleturn|p2a: Mandibuzz|Protect
|move|p1a: Alakazam|Hidden Power|p2a: Mandibuzz
|-activate|p2a: Mandibuzz|move: Protect
|
|-weather|Sandstorm|[upkeep]
|-heal|p2a: Mandibuzz|50/100|[from] item: Leftovers
|upkeep
|turn|35
|
|t:|1707365257
|move|p1a: Alakazam|Hidden Power|p2a: Mandibuzz
|-damage|p2a: Mandibuzz|28/100
|move|p2a: Mandibuzz|Roost|p2a: Mandibuzz
|-heal|p2a: Mandibuzz|78/100
|-singleturn|p2a: Mandibuzz|move: Roost
|
|-weather|Sandstorm|[upkeep]
|-heal|p2a: Mandibuzz|84/100|[from] item: Leftovers
|upkeep
|turn|36
|
|t:|1707365261
|move|p2a: Mandibuzz|Protect|p2a: Mandibuzz
|-singleturn|p2a: Mandibuzz|Protect
|move|p1a: Alakazam|Shadow Ball|p2a: Mandibuzz
|-activate|p2a: Mandibuzz|move: Protect
|
|-weather|Sandstorm|[upkeep]
|-heal|p2a: Mandibuzz|90/100|[from] item: Leftovers
|upkeep
|turn|37
|
|t:|1707365263
|move|p1a: Alakazam|Shadow Ball|p2a: Mandibuzz
|-resisted|p2a: Mandibuzz
|-damage|p2a: Mandibuzz|78/100
|move|p2a: Mandibuzz|Foul Play|p1a: Alakazam
|-supereffective|p1a: Alakazam
|-damage|p1a: Alakazam|29/100 psn
|
|-weather|Sandstorm|[upkeep]
|-heal|p2a: Mandibuzz|84/100|[from] item: Leftovers
|upkeep
|turn|38
|
|t:|1707365267
|move|p1a: Alakazam|Hidden Power|p2a: Mandibuzz
|-damage|p2a: Mandibuzz|62/100
|move|p2a: Mandibuzz|Foul Play|p1a: Alakazam
|-supereffective|p1a: Alakazam
|-damage|p1a: Alakazam|0 fnt
|faint|p1a: Alakazam
|
|win|el janitor
|raw|Onlyusemebladee's rating: 1480 &rarr; <strong>1462</strong><br />(-18 for losing)
|raw|el janitor's rating: 1512 &rarr; <strong>1530</strong><br />(+18 for winning)
|l|☆Onlyusemebladee
|player|p1|
|c|☆el janitor|this thing is phat
|c|☆el janitor|gyat
