|j|☆josephine baker
|j|☆574rm4n
|t:|1717588874
|gametype|singles
|player|p1|josephine baker|lady-gen4|1494
|player|p2|574rm4n|iris-gen5bw2|1445
|teamsize|p1|6
|teamsize|p2|6
|gen|5
|tier|[Gen 5] OU
|rated|
|rule|Species Clause: Limit one of each Pokémon
|rule|OHKO Clause: OHKO moves are banned
|rule|Moody Clause: Moody is banned
|rule|Evasion Items Clause: Evasion items are banned
|rule|Evasion Moves Clause: Evasion moves are banned
|rule|Endless Battle Clause: Forcing endless battles is banned
|rule|HP Percentage Mod: HP is shown in percentages
|rule|Evasion Abilities Clause: Evasion abilities are banned
|rule|Sleep Moves Clause: Sleep-inducing moves are banned
|rule|Swagger Clause: Swagger is banned
|rule|Baton Pass Stat Clause: No Baton Passer may have a way to boost its stats
|clearpoke
|poke|p1|Reuniclus, M|item
|poke|p1|Alakazam, F|item
|poke|p1|Latios, M|item
|poke|p1|Skarmory, M|item
|poke|p1|Tyranitar, M|item
|poke|p1|Jellicent, M|item
|poke|p2|Landorus-Therian, M|item
|poke|p2|Rotom-Wash|item
|poke|p2|Tyranitar, M|item
|poke|p2|Keldeo-Resolute|item
|poke|p2|Celebi|item
|poke|p2|Excadrill, M|item
|teampreview
|j| chimp29
|inactive|Battle timer is ON: inactive players will automatically lose when time's up. (requested by 574rm4n)
|
|t:|1717588943
|start
|switch|p1a: Alakazam|Alakazam, F|100/100
|switch|p2a: Rotom|Rotom-Wash|100/100
|turn|1
|
|t:|1717588953
|switch|p2a: Celebi|Celebi|100/100
|move|p1a: Alakazam|Focus Blast|p2a: Celebi
|-resisted|p2a: Celebi
|-crit|p2a: Celebi
|-damage|p2a: Celebi|64/100
|-unboost|p2a: Celebi|spd|1
|
|-heal|p2a: Celebi|70/100|[from] item: Leftovers
|upkeep
|turn|2
|
|t:|1717588964
|switch|p2a: Tyranitar|Tyranitar, M|100/100
|-weather|Sandstorm|[from] ability: Sand Stream|[of] p2a: Tyranitar
|move|p1a: Alakazam|Signal Beam|p2a: Tyranitar
|-supereffective|p2a: Tyranitar
|-damage|p2a: Tyranitar|70/100
|
|-weather|Sandstorm|[upkeep]
|upkeep
|turn|3
|
|t:|1717588968
|move|p1a: Alakazam|Focus Blast|p2a: Tyranitar
|-supereffective|p2a: Tyranitar
|-enditem|p2a: Tyranitar|Chople Berry|[eat]
|-enditem|p2a: Tyranitar|Chople Berry|[weaken]
|-damage|p2a: Tyranitar|15/100
|move|p2a: Tyranitar|Crunch|p1a: Alakazam
|-supereffective|p1a: Alakazam
|-damage|p1a: Alakazam|0 fnt
|faint|p1a: Alakazam
|
|-weather|Sandstorm|[upkeep]
|upkeep
|
|t:|1717588981
|switch|p1a: Skarmory|Skarmory, M|100/100
|turn|4
|
|t:|1717588989
|switch|p2a: Excadrill|Excadrill, M|100/100
|move|p1a: Skarmory|Stealth Rock|p2a: Excadrill
|-sidestart|p2: 574rm4n|move: Stealth Rock
|
|-weather|Sandstorm|[upkeep]
|upkeep
|turn|5
|
|t:|1717588996
|move|p2a: Excadrill|Earthquake|p1a: Skarmory
|-immune|p1a: Skarmory
|move|p1a: Skarmory|Spikes|p2a: Excadrill
|-sidestart|p2: 574rm4n|Spikes
|
|-weather|Sandstorm|[upkeep]
|upkeep
|turn|6
|
|t:|1717589000
|switch|p1a: Jellicent|Jellicent, M|100/100
|move|p2a: Excadrill|Earthquake|p1a: Jellicent
|-damage|p1a: Jellicent|37/100
|-enditem|p1a: Jellicent|Sitrus Berry|[eat]
|-heal|p1a: Jellicent|62/100|[from] item: Sitrus Berry
|
|-weather|Sandstorm|[upkeep]
|-damage|p1a: Jellicent|56/100|[from] Sandstorm
|upkeep
|turn|7
|
|t:|1717589029
|switch|p1a: Skarmory|Skarmory, M|100/100
|move|p2a: Excadrill|Earthquake|p1a: Skarmory
|-immune|p1a: Skarmory
|
|-weather|Sandstorm|[upkeep]
|upkeep
|turn|8
|
|t:|1717589036
|move|p2a: Excadrill|Rapid Spin|p1a: Skarmory
|-resisted|p1a: Skarmory
|-damage|p1a: Skarmory|98/100
|-sideend|p2: 574rm4n|Spikes|[from] move: Rapid Spin|[of] p2a: Excadrill
|-sideend|p2: 574rm4n|Stealth Rock|[from] move: Rapid Spin|[of] p2a: Excadrill
|move|p1a: Skarmory|Brave Bird|p2a: Excadrill
|-resisted|p2a: Excadrill
|-damage|p2a: Excadrill|75/100
|-damage|p1a: Skarmory|88/100|[from] Recoil
|
|-weather|Sandstorm|[upkeep]
|-heal|p2a: Excadrill|81/100|[from] item: Leftovers
|-heal|p1a: Skarmory|94/100|[from] item: Leftovers
|upkeep
|turn|9
|
|t:|1717589042
|move|p2a: Excadrill|Swords Dance|p2a: Excadrill
|-boost|p2a: Excadrill|atk|2
|move|p1a: Skarmory|Stealth Rock|p2a: Excadrill
|-sidestart|p2: 574rm4n|move: Stealth Rock
|
|-weather|Sandstorm|[upkeep]
|-heal|p2a: Excadrill|87/100|[from] item: Leftovers
|-heal|p1a: Skarmory|99/100|[from] item: Leftovers
|upkeep
|turn|10
|
|t:|1717589048
|move|p2a: Excadrill|Rapid Spin|p1a: Skarmory
|-resisted|p1a: Skarmory
|-damage|p1a: Skarmory|95/100
|-sideend|p2: 574rm4n|Stealth Rock|[from] move: Rapid Spin|[of] p2a: Excadrill
|move|p1a: Skarmory|Brave Bird|p2a: Excadrill
|-resisted|p2a: Excadrill
|-damage|p2a: Excadrill|64/100
|-damage|p1a: Skarmory|86/100|[from] Recoil
|
|-weather|Sandstorm|[upkeep]
|-heal|p2a: Excadrill|70/100|[from] item: Leftovers
|-heal|p1a: Skarmory|92/100|[from] item: Leftovers
|upkeep
|turn|11
|
|t:|1717589073
|move|p2a: Excadrill|Iron Head|p1a: Skarmory
|-resisted|p1a: Skarmory
|-damage|p1a: Skarmory|52/100
|move|p1a: Skarmory|Brave Bird|p2a: Excadrill
|-resisted|p2a: Excadrill
|-crit|p2a: Excadrill
|-damage|p2a: Excadrill|18/100
|-damage|p1a: Skarmory|33/100|[from] Recoil
|
|-weather|Sandstorm|[upkeep]
|-heal|p2a: Excadrill|24/100|[from] item: Leftovers
|-heal|p1a: Skarmory|39/100|[from] item: Leftovers
|upkeep
|turn|12
|
|t:|1717589085
|switch|p1a: Jellicent|Jellicent, M|56/100
|move|p2a: Excadrill|Iron Head|p1a: Jellicent
|-resisted|p1a: Jellicent
|-damage|p1a: Jellicent|9/100
|
|-weather|Sandstorm|[upkeep]
|-damage|p1a: Jellicent|2/100|[from] Sandstorm
|-heal|p2a: Excadrill|31/100|[from] item: Leftovers
|upkeep
|turn|13
|
|t:|1717589090
|move|p2a: Excadrill|Iron Head|p1a: Jellicent
|-resisted|p1a: Jellicent
|-damage|p1a: Jellicent|0 fnt
|faint|p1a: Jellicent
|
|-weather|Sandstorm|[upkeep]
|-heal|p2a: Excadrill|37/100|[from] item: Leftovers
|upkeep
|
|t:|1717589092
|switch|p1a: Latios|Latios, M|100/100
|turn|14
|j| radaty
|
|t:|1717589120
|switch|p2a: Rotom|Rotom-Wash|100/100
|move|p1a: Latios|Draco Meteor|p2a: Rotom
|-damage|p2a: Rotom|22/100
|-unboost|p1a: Latios|spa|2
|
|-weather|Sandstorm|[upkeep]
|-damage|p1a: Latios|95/100|[from] Sandstorm
|-damage|p2a: Rotom|16/100|[from] Sandstorm
|-heal|p2a: Rotom|22/100|[from] item: Leftovers
|upkeep
|turn|15
|inactive|josephine baker has 120 seconds left.
|inactive|josephine baker has 90 seconds left.
|
|t:|1717589187
|switch|p1a: Reuniclus|Reuniclus, M|100/100
|switch|p2a: Celebi|Celebi|70/100
|
|-weather|Sandstorm|[upkeep]
|-damage|p2a: Celebi|64/100|[from] Sandstorm
|-heal|p2a: Celebi|70/100|[from] item: Leftovers
|upkeep
|turn|16
|
|t:|1717589197
|switch|p1a: Skarmory|Skarmory, M|39/100
|move|p2a: Celebi|Baton Pass|p2a: Celebi
|
|t:|1717589199
|switch|p2a: Rotom|Rotom-Wash|22/100|[from] Baton Pass
|
|-weather|Sandstorm|[upkeep]
|-damage|p2a: Rotom|16/100|[from] Sandstorm
|-heal|p2a: Rotom|22/100|[from] item: Leftovers
|-heal|p1a: Skarmory|45/100|[from] item: Leftovers
|upkeep
|turn|17
|inactive|josephine baker has 90 seconds left.
|
|t:|1717589217
|switch|p1a: Latios|Latios, M|95/100
|move|p2a: Rotom|Volt Switch|p1a: Latios
|-resisted|p1a: Latios
|-damage|p1a: Latios|82/100
|
|t:|1717589226
|switch|p2a: Landorus|Landorus-Therian, M|100/100|[from] Volt Switch
|-ability|p2a: Landorus|Intimidate|boost
|-unboost|p1a: Latios|atk|1
|
|-weather|Sandstorm|[upkeep]
|-damage|p1a: Latios|76/100|[from] Sandstorm
|upkeep
|turn|18
|inactive|josephine baker has 90 seconds left.
|
|t:|1717589248
|switch|p1a: Skarmory|Skarmory, M|45/100
|move|p2a: Landorus|U-turn|p1a: Skarmory
|-resisted|p1a: Skarmory
|-damage|p1a: Skarmory|39/100
|inactive|574rm4n has 120 seconds left.
|
|t:|1717589283
|switch|p2a: Rotom|Rotom-Wash|22/100|[from] U-turn
|
|-weather|Sandstorm|[upkeep]
|-damage|p2a: Rotom|16/100|[from] Sandstorm
|-heal|p2a: Rotom|22/100|[from] item: Leftovers
|-heal|p1a: Skarmory|45/100|[from] item: Leftovers
|upkeep
|turn|19
|
|t:|1717589297
|switch|p1a: Latios|Latios, M|76/100
|move|p2a: Rotom|Volt Switch|p1a: Latios
|-resisted|p1a: Latios
|-damage|p1a: Latios|64/100
|
|t:|1717589301
|switch|p2a: Landorus|Landorus-Therian, M|100/100|[from] Volt Switch
|-ability|p2a: Landorus|Intimidate|boost
|-unboost|p1a: Latios|atk|1
|
|-weather|Sandstorm|[upkeep]
|-damage|p1a: Latios|58/100|[from] Sandstorm
|upkeep
|turn|20
|inactive|josephine baker has 90 seconds left.
|
|t:|1717589309
|switch|p1a: Skarmory|Skarmory, M|45/100
|move|p2a: Landorus|U-turn|p1a: Skarmory
|-resisted|p1a: Skarmory
|-damage|p1a: Skarmory|40/100
|
|t:|1717589312
|switch|p2a: Rotom|Rotom-Wash|22/100|[from] U-turn
|
|-weather|Sandstorm|[upkeep]
|-damage|p2a: Rotom|16/100|[from] Sandstorm
|-heal|p2a: Rotom|22/100|[from] item: Leftovers
|-heal|p1a: Skarmory|46/100|[from] item: Leftovers
|upkeep
|turn|21
|j| Excaliburn88tests
|inactive|josephine baker has 90 seconds left.
|
|t:|1717589356
|switch|p1a: Latios|Latios, M|58/100
|move|p2a: Rotom|Volt Switch|p1a: Latios
|-resisted|p1a: Latios
|-damage|p1a: Latios|44/100
|
|t:|1717589359
|switch|p2a: Landorus|Landorus-Therian, M|100/100|[from] Volt Switch
|-ability|p2a: Landorus|Intimidate|boost
|-unboost|p1a: Latios|atk|1
|
|-weather|Sandstorm|[upkeep]
|-damage|p1a: Latios|38/100|[from] Sandstorm
|upkeep
|turn|22
|
|t:|1717589365
|move|p1a: Latios|Draco Meteor|p2a: Landorus
|-damage|p2a: Landorus|0 fnt
|-unboost|p1a: Latios|spa|2
|faint|p2a: Landorus
|
|-weather|Sandstorm|[upkeep]
|-damage|p1a: Latios|32/100|[from] Sandstorm
|upkeep
|inactive|574rm4n has 120 seconds left.
|
|t:|1717589396
|switch|p2a: Excadrill|Excadrill, M|37/100
|turn|23
|inactive|574rm4n has 120 seconds left.
|inactive|josephine baker has 60 seconds left.
|inactive|josephine baker has 30 seconds left.
|
|t:|1717589463
|switch|p1a: Skarmory|Skarmory, M|46/100
|move|p2a: Excadrill|Swords Dance|p2a: Excadrill
|-boost|p2a: Excadrill|atk|2
|
|-weather|Sandstorm|[upkeep]
|-heal|p2a: Excadrill|43/100|[from] item: Leftovers
|-heal|p1a: Skarmory|52/100|[from] item: Leftovers
|upkeep
|turn|24
|
|t:|1717589468
|move|p2a: Excadrill|Iron Head|p1a: Skarmory
|-resisted|p1a: Skarmory
|-damage|p1a: Skarmory|11/100
|move|p1a: Skarmory|Roost|p1a: Skarmory
|-heal|p1a: Skarmory|61/100
|-singleturn|p1a: Skarmory|move: Roost
|
|-weather|Sandstorm|[upkeep]
|-heal|p2a: Excadrill|49/100|[from] item: Leftovers
|-heal|p1a: Skarmory|67/100|[from] item: Leftovers
|upkeep
|turn|25
|
|t:|1717589478
|move|p2a: Excadrill|Iron Head|p1a: Skarmory
|-resisted|p1a: Skarmory
|-crit|p1a: Skarmory
|-damage|p1a: Skarmory|0 fnt
|faint|p1a: Skarmory
|
|-weather|Sandstorm|[upkeep]
|-heal|p2a: Excadrill|56/100|[from] item: Leftovers
|upkeep
|
|t:|1717589482
|switch|p1a: Latios|Latios, M|32/100
|turn|26
|
|t:|1717589497
|switch|p2a: Rotom|Rotom-Wash|22/100
|move|p1a: Latios|Draco Meteor|p2a: Rotom
|-damage|p2a: Rotom|0 fnt
|-unboost|p1a: Latios|spa|2
|faint|p2a: Rotom
|
|-weather|Sandstorm|[upkeep]
|-damage|p1a: Latios|26/100|[from] Sandstorm
|upkeep
|
|t:|1717589505
|switch|p2a: Celebi|Celebi|70/100
|turn|27
|
|t:|1717589512
|move|p1a: Latios|Draco Meteor|p2a: Celebi
|-damage|p2a: Celebi|49/100
|-unboost|p1a: Latios|spa|2
|move|p2a: Celebi|Stealth Rock|p1a: Latios
|-sidestart|p1: josephine baker|move: Stealth Rock
|
|-weather|Sandstorm|[upkeep]
|-damage|p1a: Latios|20/100|[from] Sandstorm
|-damage|p2a: Celebi|42/100|[from] Sandstorm
|-heal|p2a: Celebi|49/100|[from] item: Leftovers
|upkeep
|turn|28
|
|t:|1717589517
|switch|p1a: Tyranitar|Tyranitar, M|100/100
|-damage|p1a: Tyranitar|88/100|[from] Stealth Rock
|move|p2a: Celebi|Baton Pass|p2a: Celebi
|
|t:|1717589521
|switch|p2a: Keldeo|Keldeo-Resolute|100/100|[from] Baton Pass
|
|-weather|Sandstorm|[upkeep]
|-damage|p2a: Keldeo|94/100|[from] Sandstorm
|upkeep
|turn|29
|
|t:|1717589524
|move|p2a: Keldeo|Surf|p1a: Tyranitar
|-supereffective|p1a: Tyranitar
|-damage|p1a: Tyranitar|15/100
|move|p1a: Tyranitar|Thunder Wave|p2a: Keldeo
|-status|p2a: Keldeo|par
|
|-weather|Sandstorm|[upkeep]
|-damage|p2a: Keldeo|88/100 par|[from] Sandstorm
|upkeep
|turn|30
|
|t:|1717589531
|move|p1a: Tyranitar|Superpower|p2a: Keldeo
|-damage|p2a: Keldeo|39/100 par
|-unboost|p1a: Tyranitar|atk|1
|-unboost|p1a: Tyranitar|def|1
|move|p2a: Keldeo|Surf|p1a: Tyranitar
|-supereffective|p1a: Tyranitar
|-damage|p1a: Tyranitar|0 fnt
|faint|p1a: Tyranitar
|
|-weather|Sandstorm|[upkeep]
|-damage|p2a: Keldeo|33/100 par|[from] Sandstorm
|upkeep
|
|t:|1717589540
|switch|p1a: Reuniclus|Reuniclus, M|100/100
|turn|31
|inactive|josephine baker has 60 seconds left.
|
|t:|1717589575
|move|p1a: Reuniclus|Calm Mind|p1a: Reuniclus
|-boost|p1a: Reuniclus|spa|1
|-boost|p1a: Reuniclus|spd|1
|move|p2a: Keldeo|Surf|p1a: Reuniclus
|-damage|p1a: Reuniclus|56/100
|
|-weather|Sandstorm|[upkeep]
|-damage|p2a: Keldeo|27/100 par|[from] Sandstorm
|-heal|p1a: Reuniclus|62/100|[from] item: Leftovers
|upkeep
|turn|32
|
|t:|1717589586
|switch|p2a: Excadrill|Excadrill, M|56/100
|move|p1a: Reuniclus|Recover|p1a: Reuniclus
|-heal|p1a: Reuniclus|100/100
|
|-weather|Sandstorm|[upkeep]
|-heal|p2a: Excadrill|62/100|[from] item: Leftovers
|upkeep
|turn|33
|
|t:|1717589590
|move|p2a: Excadrill|Iron Head|p1a: Reuniclus
|-damage|p1a: Reuniclus|67/100
|move|p1a: Reuniclus|Focus Blast|p2a: Excadrill
|-supereffective|p2a: Excadrill
|-damage|p2a: Excadrill|0 fnt
|faint|p2a: Excadrill
|
|-weather|Sandstorm|[upkeep]
|-heal|p1a: Reuniclus|73/100|[from] item: Leftovers
|upkeep
|
|t:|1717589597
|switch|p2a: Tyranitar|Tyranitar, M|15/100
|turn|34
|inactive|josephine baker has 60 seconds left.
|
|t:|1717589607
|move|p2a: Tyranitar|Crunch|p1a: Reuniclus
|-supereffective|p1a: Reuniclus
|-damage|p1a: Reuniclus|17/100
|move|p1a: Reuniclus|Focus Blast|p2a: Tyranitar
|-supereffective|p2a: Tyranitar
|-damage|p2a: Tyranitar|0 fnt
|faint|p2a: Tyranitar
|
|-weather|Sandstorm|[upkeep]
|-heal|p1a: Reuniclus|23/100|[from] item: Leftovers
|upkeep
|inactive|574rm4n has 120 seconds left.
|
|t:|1717589655
|switch|p2a: Keldeo|Keldeo-Resolute|27/100 par
|turn|35
|
|t:|1717589662
|move|p1a: Reuniclus|Psychic|p2a: Keldeo
|-supereffective|p2a: Keldeo
|-damage|p2a: Keldeo|0 fnt
|faint|p2a: Keldeo
|
|-weather|Sandstorm|[upkeep]
|-heal|p1a: Reuniclus|29/100|[from] item: Leftovers
|upkeep
|
|t:|1717589667
|switch|p2a: Celebi|Celebi|49/100
|turn|36
|
|t:|1717589671
|move|p2a: Celebi|Recover|p2a: Celebi
|-heal|p2a: Celebi|99/100
|move|p1a: Reuniclus|Recover|p1a: Reuniclus
|-heal|p1a: Reuniclus|79/100
|
|-weather|Sandstorm|[upkeep]
|-damage|p2a: Celebi|93/100|[from] Sandstorm
|-heal|p2a: Celebi|99/100|[from] item: Leftovers
|-heal|p1a: Reuniclus|85/100|[from] item: Leftovers
|upkeep
|turn|37
|inactive|574rm4n has 120 seconds left.
|
|t:|1717589690
|move|p2a: Celebi|Psychic|p1a: Reuniclus
|-resisted|p1a: Reuniclus
|-damage|p1a: Reuniclus|75/100
|move|p1a: Reuniclus|Calm Mind|p1a: Reuniclus
|-boost|p1a: Reuniclus|spa|1
|-boost|p1a: Reuniclus|spd|1
|
|-weather|Sandstorm|[upkeep]
|-damage|p2a: Celebi|93/100|[from] Sandstorm
|-heal|p2a: Celebi|99/100|[from] item: Leftovers
|-heal|p1a: Reuniclus|82/100|[from] item: Leftovers
|upkeep
|turn|38
|-message|574rm4n forfeited.
|
|win|josephine baker
|raw|josephine baker's rating: 1494 &rarr; <strong>1511</strong><br />(+17 for winning)
|raw|574rm4n's rating: 1445 &rarr; <strong>1428</strong><br />(-17 for losing)
|l|☆574rm4n
|player|p2|
|l|☆josephine baker
|player|p1|
|j|☆574rm4n
|player|p2|574rm4n|iris-gen5bw2|
