|j|☆OhJoy11
|j|☆Yoloboy9000
|player|p1|OhJoy11|260
|player|p2|Yoloboy9000|1
|teamsize|p1|6
|teamsize|p2|6
|gametype|singles
|gen|5
|tier|[Gen 5] OU
|rated|
|rule|Sleep Clause Mod: Limit one foe put to sleep
|rule|Species Clause: Limit one of each Pokémon
|rule|OHKO Clause: OHKO moves are banned
|rule|Moody Clause: Moody is banned
|rule|Evasion Moves Clause: Evasion moves are banned
|rule|Endless Battle Clause: Forcing endless battles is banned
|rule|HP Percentage Mod: HP is shown in percentages
|rule|Evasion Abilities Clause: Evasion abilities are banned
|rule|Baton Pass Clause: Limit one Baton Passer, can't pass Spe and other stats simultaneously
|rule|Swagger Clause: Swagger is banned
|clearpoke
|poke|p1|Tyranitar, M|item
|poke|p1|Garchomp, F|item
|poke|p1|Landorus-Therian, M|item
|poke|p1|Ferrothorn, F|item
|poke|p1|Starmie|item
|poke|p1|Alakazam, F|item
|poke|p2|Tyranitar, M|item
|poke|p2|Magnezone|item
|poke|p2|Terrakion|item
|poke|p2|Latios, M|item
|poke|p2|Scizor, F|item
|poke|p2|Landorus-Therian, M|item
|teampreview
|inactive|Battle timer is ON: inactive players will automatically lose when time's up. (requested by OhJoy11)
|
|start
|switch|p1a: Garchomp|Garchomp, F|100/100
|switch|p2a: Bron Bron|Landorus-Therian, M|100/100
|-ability|p2a: Bron Bron|Intimidate|boost
|-unboost|p1a: Garchomp|atk|1
|turn|1
|
|switch|p1a: Ferrothorn|Ferrothorn, F|100/100
|move|p2a: Bron Bron|Hidden Power|p1a: Ferrothorn
|-damage|p1a: Ferrothorn|87/100
|
|-heal|p1a: Ferrothorn|93/100|[from] item: Leftovers
|upkeep
|turn|2
|
|move|p2a: Bron Bron|U-turn|p1a: Ferrothorn
|-damage|p1a: Ferrothorn|72/100
|-damage|p2a: Bron Bron|88/100|[from] ability: Iron Barbs|[of] p1a: Ferrothorn
|
|switch|p2a: Ray Allen|Magnezone|100/100
|move|p1a: Ferrothorn|Spikes|p2a: Ray Allen
|-sidestart|p2: Yoloboy9000|Spikes
|
|-heal|p1a: Ferrothorn|78/100|[from] item: Leftovers
|upkeep
|turn|3
|
|move|p2a: Ray Allen|Substitute|p2a: Ray Allen
|-start|p2a: Ray Allen|Substitute
|-damage|p2a: Ray Allen|76/100
|move|p1a: Ferrothorn|Leech Seed||[still]
|-fail|p1a: Ferrothorn
|
|-heal|p2a: Ray Allen|82/100|[from] item: Leftovers
|-heal|p1a: Ferrothorn|84/100|[from] item: Leftovers
|upkeep
|turn|4
|
|move|p2a: Ray Allen|Charge Beam|p1a: Ferrothorn|[miss]
|-miss|p2a: Ray Allen|p1a: Ferrothorn
|move|p1a: Ferrothorn|Spikes|p2a: Ray Allen
|-sidestart|p2: Yoloboy9000|Spikes
|
|-heal|p2a: Ray Allen|88/100|[from] item: Leftovers
|-heal|p1a: Ferrothorn|90/100|[from] item: Leftovers
|upkeep
|turn|5
|
|move|p2a: Ray Allen|Charge Beam|p1a: Ferrothorn
|-resisted|p1a: Ferrothorn
|-crit|p1a: Ferrothorn
|-damage|p1a: Ferrothorn|72/100
|-boost|p2a: Ray Allen|spa|1
|move|p1a: Ferrothorn|Gyro Ball|p2a: Ray Allen
|-resisted|p2a: Ray Allen
|-activate|p2a: Ray Allen|Substitute|[damage]
|
|-heal|p2a: Ray Allen|94/100|[from] item: Leftovers
|-heal|p1a: Ferrothorn|78/100|[from] item: Leftovers
|upkeep
|turn|6
|
|move|p2a: Ray Allen|Charge Beam|p1a: Ferrothorn
|-resisted|p1a: Ferrothorn
|-damage|p1a: Ferrothorn|63/100
|move|p1a: Ferrothorn|Power Whip|p2a: Ray Allen
|-resisted|p2a: Ray Allen
|-end|p2a: Ray Allen|Substitute
|
|-heal|p2a: Ray Allen|99/100|[from] item: Leftovers
|-heal|p1a: Ferrothorn|69/100|[from] item: Leftovers
|upkeep
|turn|7
|
|move|p2a: Ray Allen|Substitute|p2a: Ray Allen
|-start|p2a: Ray Allen|Substitute
|-damage|p2a: Ray Allen|75/100
|move|p1a: Ferrothorn|Power Whip|p2a: Ray Allen|[miss]
|-miss|p1a: Ferrothorn|p2a: Ray Allen
|
|-heal|p2a: Ray Allen|81/100|[from] item: Leftovers
|-heal|p1a: Ferrothorn|75/100|[from] item: Leftovers
|upkeep
|turn|8
|
|move|p2a: Ray Allen|Charge Beam|p1a: Ferrothorn|[miss]
|-miss|p2a: Ray Allen|p1a: Ferrothorn
|move|p1a: Ferrothorn|Power Whip|p2a: Ray Allen
|-resisted|p2a: Ray Allen
|-activate|p2a: Ray Allen|Substitute|[damage]
|
|-heal|p2a: Ray Allen|87/100|[from] item: Leftovers
|-heal|p1a: Ferrothorn|81/100|[from] item: Leftovers
|upkeep
|turn|9
|
|move|p2a: Ray Allen|Charge Beam|p1a: Ferrothorn
|-resisted|p1a: Ferrothorn
|-damage|p1a: Ferrothorn|66/100
|move|p1a: Ferrothorn|Spikes|p2a: Ray Allen
|-sidestart|p2: Yoloboy9000|Spikes
|
|-heal|p2a: Ray Allen|93/100|[from] item: Leftovers
|-heal|p1a: Ferrothorn|72/100|[from] item: Leftovers
|upkeep
|turn|10
|
|move|p2a: Ray Allen|Charge Beam|p1a: Ferrothorn
|-resisted|p1a: Ferrothorn
|-damage|p1a: Ferrothorn|58/100
|-boost|p2a: Ray Allen|spa|1
|move|p1a: Ferrothorn|Gyro Ball|p2a: Ray Allen
|-resisted|p2a: Ray Allen
|-end|p2a: Ray Allen|Substitute
|
|-heal|p2a: Ray Allen|99/100|[from] item: Leftovers
|-heal|p1a: Ferrothorn|64/100|[from] item: Leftovers
|upkeep
|turn|11
|
|move|p2a: Ray Allen|Substitute|p2a: Ray Allen
|-start|p2a: Ray Allen|Substitute
|-damage|p2a: Ray Allen|74/100
|move|p1a: Ferrothorn|Gyro Ball|p2a: Ray Allen
|-resisted|p2a: Ray Allen
|-activate|p2a: Ray Allen|Substitute|[damage]
|
|-heal|p2a: Ray Allen|80/100|[from] item: Leftovers
|-heal|p1a: Ferrothorn|70/100|[from] item: Leftovers
|upkeep
|turn|12
|
|move|p2a: Ray Allen|Hidden Power|p1a: Ferrothorn
|-supereffective|p1a: Ferrothorn
|-damage|p1a: Ferrothorn|0 fnt
|faint|p1a: Ferrothorn
|
|-heal|p2a: Ray Allen|86/100|[from] item: Leftovers
|upkeep
|
|switch|p1a: Alakazam|Alakazam, F|100/100
|turn|13
|
|move|p1a: Alakazam|Psychic|p2a: Ray Allen
|-resisted|p2a: Ray Allen
|-end|p2a: Ray Allen|Substitute
|move|p2a: Ray Allen|Flash Cannon|p1a: Alakazam
|-enditem|p1a: Alakazam|Focus Sash
|-damage|p1a: Alakazam|1/100
|
|-heal|p2a: Ray Allen|92/100|[from] item: Leftovers
|upkeep
|turn|14
|
|move|p1a: Alakazam|Shadow Ball|p2a: Ray Allen
|-resisted|p2a: Ray Allen
|-damage|p2a: Ray Allen|73/100
|move|p2a: Ray Allen|Substitute|p2a: Ray Allen
|-start|p2a: Ray Allen|Substitute
|-damage|p2a: Ray Allen|48/100
|
|-heal|p2a: Ray Allen|54/100|[from] item: Leftovers
|upkeep
|turn|15
|
|move|p1a: Alakazam|Encore|p2a: Ray Allen
|-start|p2a: Ray Allen|Encore
|move|p2a: Ray Allen|Substitute|p2a: Ray Allen
|-fail|p2a: Ray Allen|move: Substitute
|
|-heal|p2a: Ray Allen|60/100|[from] item: Leftovers
|upkeep
|turn|16
|
|move|p1a: Alakazam|Focus Blast|p2a: Ray Allen
|-supereffective|p2a: Ray Allen
|-end|p2a: Ray Allen|Substitute
|move|p2a: Ray Allen|Substitute|p2a: Ray Allen
|-start|p2a: Ray Allen|Substitute
|-damage|p2a: Ray Allen|35/100
|
|-heal|p2a: Ray Allen|41/100|[from] item: Leftovers
|upkeep
|turn|17
|
|move|p1a: Alakazam|Focus Blast|p2a: Ray Allen
|-supereffective|p2a: Ray Allen
|-crit|p2a: Ray Allen
|-end|p2a: Ray Allen|Substitute
|move|p2a: Ray Allen|Substitute|p2a: Ray Allen
|-start|p2a: Ray Allen|Substitute
|-damage|p2a: Ray Allen|16/100
|
|-heal|p2a: Ray Allen|22/100|[from] item: Leftovers
|-end|p2a: Ray Allen|Encore
|upkeep
|turn|18
|
|move|p1a: Alakazam|Encore|p2a: Ray Allen
|-start|p2a: Ray Allen|Encore
|move|p2a: Ray Allen|Substitute|p2a: Ray Allen
|-fail|p2a: Ray Allen|move: Substitute
|
|-heal|p2a: Ray Allen|28/100|[from] item: Leftovers
|upkeep
|turn|19
|
|move|p1a: Alakazam|Focus Blast|p2a: Ray Allen
|-supereffective|p2a: Ray Allen
|-end|p2a: Ray Allen|Substitute
|move|p2a: Ray Allen|Substitute|p2a: Ray Allen
|-start|p2a: Ray Allen|Substitute
|-damage|p2a: Ray Allen|4/100
|
|-heal|p2a: Ray Allen|10/100|[from] item: Leftovers
|upkeep
|turn|20
|
|move|p1a: Alakazam|Focus Blast|p2a: Ray Allen
|-supereffective|p2a: Ray Allen
|-end|p2a: Ray Allen|Substitute
|move|p2a: Ray Allen|Substitute|p2a: Ray Allen
|-fail|p2a: Ray Allen|move: Substitute|[weak]
|
|-heal|p2a: Ray Allen|16/100|[from] item: Leftovers
|-end|p2a: Ray Allen|Encore
|upkeep
|turn|21
|
|move|p1a: Alakazam|Encore|p2a: Ray Allen
|-start|p2a: Ray Allen|Encore
|move|p2a: Ray Allen|Substitute|p2a: Ray Allen
|-fail|p2a: Ray Allen|move: Substitute|[weak]
|
|-heal|p2a: Ray Allen|22/100|[from] item: Leftovers
|upkeep
|turn|22
|
|move|p1a: Alakazam|Psychic|p2a: Ray Allen
|-resisted|p2a: Ray Allen
|-damage|p2a: Ray Allen|0 fnt
|faint|p2a: Ray Allen
|
|upkeep
|
|switch|p2a: Miller|Scizor, F, shiny|100/100
|-damage|p2a: Miller|76/100|[from] Spikes
|turn|23
|
|switch|p1a: Garchomp|Garchomp, F|100/100
|move|p2a: Miller|U-turn|p1a: Garchomp
|-damage|p1a: Garchomp|41/100
|-damage|p2a: Miller|63/100|[from] ability: Rough Skin|[of] p1a: Garchomp
|
|switch|p2a: Bron Bron|Landorus-Therian, M|88/100
|-ability|p2a: Bron Bron|Intimidate|boost
|-unboost|p1a: Garchomp|atk|1
|
|upkeep
|turn|24
|
|switch|p1a: Starmie|Starmie|100/100
|move|p2a: Bron Bron|Earthquake|p1a: Starmie
|-damage|p1a: Starmie|30/100
|
|-heal|p1a: Starmie|36/100|[from] item: Leftovers
|upkeep
|turn|25
|
|switch|p2a: Pat Riely|Tyranitar, M|100/100
|-damage|p2a: Pat Riely|76/100|[from] Spikes
|-weather|Sandstorm|[from] ability: Sand Stream|[of] p2a: Pat Riely
|move|p1a: Starmie|Ice Beam|p2a: Pat Riely
|-damage|p2a: Pat Riely|67/100
|
|-weather|Sandstorm|[upkeep]
|-damage|p1a: Starmie|30/100|[from] Sandstorm
|-heal|p1a: Starmie|36/100|[from] item: Leftovers
|-heal|p2a: Pat Riely|73/100|[from] item: Leftovers
|upkeep
|turn|26
|
|move|p1a: Starmie|Scald|p2a: Pat Riely
|-supereffective|p2a: Pat Riely
|-damage|p2a: Pat Riely|48/100
|move|p2a: Pat Riely|Pursuit|p1a: Starmie
|-supereffective|p1a: Starmie
|-damage|p1a: Starmie|0 fnt
|faint|p1a: Starmie
|
|-weather|Sandstorm|[upkeep]
|-heal|p2a: Pat Riely|54/100|[from] item: Leftovers
|upkeep
|
|switch|p1a: Alakazam|Alakazam, F|1/100
|turn|27
|
|move|p1a: Alakazam|Focus Blast|p2a: Pat Riely
|-supereffective|p2a: Pat Riely
|-damage|p2a: Pat Riely|0 fnt
|faint|p2a: Pat Riely
|
|-weather|Sandstorm|[upkeep]
|upkeep
|
|switch|p2a: Miller|Scizor, F, shiny|63/100
|-damage|p2a: Miller|39/100|[from] Spikes
|turn|28
|
|switch|p1a: Landorus|Landorus-Therian, M|100/100
|-ability|p1a: Landorus|Intimidate|boost
|-unboost|p2a: Miller|atk|1
|move|p2a: Miller|Bullet Punch|p1a: Landorus
|-damage|p1a: Landorus|61/100
|
|-weather|Sandstorm|[upkeep]
|upkeep
|turn|29
|
|move|p2a: Miller|Bullet Punch|p1a: Landorus
|-damage|p1a: Landorus|22/100
|move|p1a: Landorus|U-turn|p2a: Miller
|-resisted|p2a: Miller
|-damage|p2a: Miller|25/100
|
|switch|p1a: Garchomp|Garchomp, F|41/100
|
|-weather|Sandstorm|[upkeep]
|upkeep
|turn|30
|
|move|p2a: Miller|Bullet Punch|p1a: Garchomp
|-damage|p1a: Garchomp|6/100
|-damage|p2a: Miller|13/100|[from] ability: Rough Skin|[of] p1a: Garchomp
|move|p1a: Garchomp|Earthquake|p2a: Miller
|-damage|p2a: Miller|0 fnt
|faint|p2a: Miller
|
|-weather|Sandstorm|[upkeep]
|upkeep
|
|switch|p2a: D.Wade|Terrakion|100/100
|-damage|p2a: D.Wade|76/100|[from] Spikes
|turn|31
|
|move|p2a: D.Wade|Close Combat|p1a: Garchomp
|-damage|p1a: Garchomp|0 fnt
|-damage|p2a: D.Wade|63/100|[from] ability: Rough Skin|[of] p1a: Garchomp
|-unboost|p2a: D.Wade|def|1
|-unboost|p2a: D.Wade|spd|1
|faint|p1a: Garchomp
|
|-weather|Sandstorm|[upkeep]
|upkeep
|
|switch|p1a: Alakazam|Alakazam, F|1/100
|turn|32
|
|move|p2a: D.Wade|Close Combat|p1a: Alakazam
|-resisted|p1a: Alakazam
|-damage|p1a: Alakazam|0 fnt
|-unboost|p2a: D.Wade|def|1
|-unboost|p2a: D.Wade|spd|1
|faint|p1a: Alakazam
|
|-weather|Sandstorm|[upkeep]
|upkeep
|
|switch|p1a: Landorus|Landorus-Therian, M|22/100
|-ability|p1a: Landorus|Intimidate|boost
|-unboost|p2a: D.Wade|atk|1
|turn|33
|
|switch|p2a: Bron Bron|Landorus-Therian, M|88/100
|-ability|p2a: Bron Bron|Intimidate|boost
|-unboost|p1a: Landorus|atk|1
|move|p1a: Landorus|U-turn|p2a: Bron Bron
|-resisted|p2a: Bron Bron
|-damage|p2a: Bron Bron|80/100
|
|switch|p1a: Tyranitar|Tyranitar, M|100/100
|
|-weather|Sandstorm|[upkeep]
|upkeep
|turn|34
|
|move|p2a: Bron Bron|Earthquake|p1a: Tyranitar
|-supereffective|p1a: Tyranitar
|-damage|p1a: Tyranitar|0 fnt
|faint|p1a: Tyranitar
|
|-weather|Sandstorm|[upkeep]
|upkeep
|c|☆OhJoy11|gg
|-message|OhJoy11 forfeited.
|
|win|Yoloboy9000
|l|☆OhJoy11
|raw|OhJoy11's rating: 1411 &rarr; <strong>1390</strong><br />(-21 for losing)
|raw|Yoloboy9000's rating: 1391 &rarr; <strong>1412</strong><br />(+21 for winning)
