|j|☆Claude's Journey
|j|☆SattleBimulator
|t:|1746032377
|gametype|singles
|player|p1|Claude's Journey|lass-gen1rb|1413
|player|p2|SattleBimulator|265|1400
|teamsize|p1|6
|teamsize|p2|6
|gen|5
|tier|[Gen 5] OU
|rated|
|rule|Species Clause: Limit one of each Pokémon
|rule|OHKO Clause: OHKO moves are banned
|rule|Moody Clause: Moody is banned
|rule|Evasion Items Clause: Evasion items are banned
|rule|Evasion Moves Clause: Evasion moves are banned
|rule|Endless Battle Clause: Forcing endless battles is banned
|rule|HP Percentage Mod: HP is shown in percentages
|rule|Evasion Abilities Clause: Evasion abilities are banned
|rule|Sleep Moves Clause: Sleep-inducing moves are banned
|rule|Swagger Clause: Swagger is banned
|rule|Baton Pass Stat Clause: No Baton Passer may have a way to boost its stats
|clearpoke
|poke|p1|Tyranitar, F|item
|poke|p1|Forretress, M|item
|poke|p1|Zapdos|item
|poke|p1|Alakazam, M|item
|poke|p1|Seismitoad, F|item
|poke|p1|Hydreigon, M|item
|poke|p2|Excadrill, M|item
|poke|p2|Garchomp, M|item
|poke|p2|Tyranitar, M|item
|poke|p2|Scizor, M|item
|poke|p2|Skarmory, M|item
|poke|p2|Gengar, F|item
|teampreview
|inactive|Battle timer is ON: inactive players will automatically lose when time's up. (requested by SattleBimulator)
|inactive|SattleBimulator has 120 seconds left.
|
|t:|1746032411
|start
|switch|p1a: Zapdos|Zapdos|100/100
|switch|p2a: Skarmory|Skarmory, M|100/100
|-ability|p1a: Zapdos|Pressure
|turn|1
|
|t:|1746032419
|move|p1a: Zapdos|Volt Switch|p2a: Skarmory
|-supereffective|p2a: Skarmory
|-damage|p2a: Skarmory|25/100
|
|t:|1746032421
|switch|p1a: Forretress|Forretress, M|100/100|[from] Volt Switch
|move|p2a: Skarmory|Stealth Rock|p1a: Forretress
|-sidestart|p1: Claude's Journey|move: Stealth Rock
|
|upkeep
|turn|2
|
|t:|1746032431
|switch|p1a: Tyranitar|Tyranitar, F|100/100
|-damage|p1a: Tyranitar|88/100|[from] Stealth Rock
|-weather|Sandstorm|[from] ability: Sand Stream|[of] p1a: Tyranitar
|move|p2a: Skarmory|Spikes|p1a: Tyranitar
|-sidestart|p1: Claude's Journey|Spikes
|
|-weather|Sandstorm|[upkeep]
|upkeep
|turn|3
|
|t:|1746032434
|switch|p1a: Forretress|Forretress, M|100/100
|-damage|p1a: Forretress|88/100|[from] Stealth Rock
|-damage|p1a: Forretress|76/100|[from] Spikes
|move|p2a: Skarmory|Spikes|p1a: Forretress
|-sidestart|p1: Claude's Journey|Spikes
|
|-weather|Sandstorm|[upkeep]
|-heal|p1a: Forretress|82/100|[from] item: Leftovers
|upkeep
|turn|4
|
|t:|1746032436
|switch|p2a: Gengar|Gengar, F|100/100
|move|p1a: Forretress|Rapid Spin|p2a: Gengar
|-immune|p2a: Gengar
|
|-weather|Sandstorm|[upkeep]
|-damage|p2a: Gengar|94/100|[from] Sandstorm
|-heal|p1a: Forretress|88/100|[from] item: Leftovers
|upkeep
|turn|5
|
|t:|1746032439
|move|p2a: Gengar|Focus Blast|p1a: Forretress
|-damage|p1a: Forretress|23/100
|move|p1a: Forretress|Spikes|p2a: Gengar
|-sidestart|p2: SattleBimulator|Spikes
|
|-weather|Sandstorm|[upkeep]
|-damage|p2a: Gengar|88/100|[from] Sandstorm
|-heal|p1a: Forretress|29/100|[from] item: Leftovers
|upkeep
|turn|6
|
|t:|1746032444
|move|p2a: Gengar|Focus Blast|p1a: Forretress|[miss]
|-miss|p2a: Gengar|p1a: Forretress
|move|p1a: Forretress|Spikes|p2a: Gengar
|-sidestart|p2: SattleBimulator|Spikes
|
|-weather|Sandstorm|[upkeep]
|-damage|p2a: Gengar|82/100|[from] Sandstorm
|-heal|p1a: Forretress|35/100|[from] item: Leftovers
|upkeep
|turn|7
|
|t:|1746032449
|move|p2a: Gengar|Focus Blast|p1a: Forretress|[miss]
|-miss|p2a: Gengar|p1a: Forretress
|move|p1a: Forretress|Spikes|p2a: Gengar
|-sidestart|p2: SattleBimulator|Spikes
|
|-weather|Sandstorm|[upkeep]
|-damage|p2a: Gengar|76/100|[from] Sandstorm
|-heal|p1a: Forretress|41/100|[from] item: Leftovers
|upkeep
|turn|8
|
|t:|1746032452
|move|p2a: Gengar|Focus Blast|p1a: Forretress
|-damage|p1a: Forretress|0 fnt
|faint|p1a: Forretress
|
|-weather|Sandstorm|[upkeep]
|-damage|p2a: Gengar|70/100|[from] Sandstorm
|upkeep
|
|t:|1746032460
|switch|p1a: Tyranitar|Tyranitar, F|88/100
|-damage|p1a: Tyranitar|76/100|[from] Stealth Rock
|-damage|p1a: Tyranitar|59/100|[from] Spikes
|turn|9
|
|t:|1746032463
|move|p2a: Gengar|Focus Blast|p1a: Tyranitar
|-supereffective|p1a: Tyranitar
|-enditem|p1a: Tyranitar|Chople Berry|[eat]
|-enditem|p1a: Tyranitar|Chople Berry|[weaken]
|-damage|p1a: Tyranitar|23/100
|move|p1a: Tyranitar|Pursuit|p2a: Gengar
|-supereffective|p2a: Gengar
|-damage|p2a: Gengar|0 fnt
|faint|p2a: Gengar
|
|-weather|Sandstorm|[upkeep]
|upkeep
|
|t:|1746032470
|switch|p2a: Skarmory|Skarmory, M|25/100
|turn|10
|
|t:|1746032473
|move|p2a: Skarmory|Spikes|p1a: Tyranitar
|-sidestart|p1: Claude's Journey|Spikes
|move|p1a: Tyranitar|Rock Slide|p2a: Skarmory|[miss]
|-miss|p1a: Tyranitar|p2a: Skarmory
|
|-weather|Sandstorm|[upkeep]
|upkeep
|turn|11
|
|t:|1746032477
|move|p2a: Skarmory|Brave Bird|p1a: Tyranitar
|-resisted|p1a: Tyranitar
|-damage|p1a: Tyranitar|11/100
|-damage|p2a: Skarmory|20/100|[from] Recoil
|move|p1a: Tyranitar|Rock Slide|p2a: Skarmory
|-damage|p2a: Skarmory|0 fnt
|faint|p2a: Skarmory
|
|-weather|Sandstorm|[upkeep]
|upkeep
|
|t:|1746032480
|switch|p2a: Excadrill|Excadrill, M|100/100
|-ability|p2a: Excadrill|Mold Breaker
|-item|p2a: Excadrill|Air Balloon
|turn|12
|
|t:|1746032495
|move|p2a: Excadrill|Rapid Spin|p1a: Tyranitar
|-resisted|p1a: Tyranitar
|-damage|p1a: Tyranitar|8/100
|-sideend|p2: SattleBimulator|Spikes|[from] move: Rapid Spin|[of] p2a: Excadrill
|move|p1a: Tyranitar|Crunch|p2a: Excadrill
|-resisted|p2a: Excadrill
|-damage|p2a: Excadrill|76/100
|-enditem|p2a: Excadrill|Air Balloon
|
|-weather|Sandstorm|[upkeep]
|upkeep
|turn|13
|
|t:|1746032499
|move|p2a: Excadrill|Iron Head|p1a: Tyranitar
|-supereffective|p1a: Tyranitar
|-damage|p1a: Tyranitar|0 fnt
|faint|p1a: Tyranitar
|
|-weather|Sandstorm|[upkeep]
|upkeep
|
|t:|1746032507
|switch|p1a: Hydreigon|Hydreigon, M|100/100
|-damage|p1a: Hydreigon|88/100|[from] Stealth Rock
|turn|14
|
|t:|1746032510
|switch|p2a: Tyranitar|Tyranitar, M|100/100
|move|p1a: Hydreigon|Fire Blast|p2a: Tyranitar
|-resisted|p2a: Tyranitar
|-damage|p2a: Tyranitar|86/100
|-damage|p1a: Hydreigon|78/100|[from] item: Life Orb
|
|-weather|Sandstorm|[upkeep]
|-damage|p1a: Hydreigon|72/100|[from] Sandstorm
|upkeep
|turn|15
|
|t:|1746032515
|move|p1a: Hydreigon|Superpower|p2a: Tyranitar
|-supereffective|p2a: Tyranitar
|-enditem|p2a: Tyranitar|Chople Berry|[eat]
|-enditem|p2a: Tyranitar|Chople Berry|[weaken]
|-damage|p2a: Tyranitar|25/100
|-unboost|p1a: Hydreigon|atk|1
|-unboost|p1a: Hydreigon|def|1
|-damage|p1a: Hydreigon|62/100|[from] item: Life Orb
|move|p2a: Tyranitar|Pursuit|p1a: Hydreigon
|-resisted|p1a: Hydreigon
|-damage|p1a: Hydreigon|42/100
|
|-weather|Sandstorm|[upkeep]
|-damage|p1a: Hydreigon|36/100|[from] Sandstorm
|upkeep
|turn|16
|
|t:|1746032522
|move|p1a: Hydreigon|Draco Meteor|p2a: Tyranitar|[miss]
|-miss|p1a: Hydreigon|p2a: Tyranitar
|move|p2a: Tyranitar|Pursuit|p1a: Hydreigon
|-resisted|p1a: Hydreigon
|-damage|p1a: Hydreigon|16/100
|
|-weather|Sandstorm|[upkeep]
|-damage|p1a: Hydreigon|10/100|[from] Sandstorm
|upkeep
|turn|17
|
|t:|1746032526
|move|p1a: Hydreigon|Draco Meteor|p2a: Tyranitar
|-damage|p2a: Tyranitar|0 fnt
|-unboost|p1a: Hydreigon|spa|2
|faint|p2a: Tyranitar
|-damage|p1a: Hydreigon|0 fnt|[from] item: Life Orb
|faint|p1a: Hydreigon
|
|-weather|Sandstorm|[upkeep]
|upkeep
|
|t:|1746032533
|switch|p1a: Seismitoad|Seismitoad, F|100/100
|switch|p2a: Excadrill|Excadrill, M|76/100
|-ability|p2a: Excadrill|Mold Breaker
|-damage|p1a: Seismitoad|94/100|[from] Stealth Rock
|-damage|p1a: Seismitoad|70/100|[from] Spikes
|turn|18
|
|t:|1746032537
|move|p2a: Excadrill|Earthquake|p1a: Seismitoad
|-damage|p1a: Seismitoad|33/100
|move|p1a: Seismitoad|Scald|p2a: Excadrill
|-supereffective|p2a: Excadrill
|-damage|p2a: Excadrill|12/100
|
|-weather|Sandstorm|[upkeep]
|-heal|p1a: Seismitoad|39/100|[from] item: Leftovers
|upkeep
|turn|19
|
|t:|1746032542
|move|p2a: Excadrill|Earthquake|p1a: Seismitoad
|-damage|p1a: Seismitoad|4/100
|move|p1a: Seismitoad|Scald|p2a: Excadrill
|-supereffective|p2a: Excadrill
|-crit|p2a: Excadrill
|-damage|p2a: Excadrill|0 fnt
|faint|p2a: Excadrill
|
|-weather|Sandstorm|[upkeep]
|-heal|p1a: Seismitoad|10/100|[from] item: Leftovers
|upkeep
|
|t:|1746032549
|switch|p2a: Scizor|Scizor, M|100/100
|turn|20
|
|t:|1746032553
|move|p2a: Scizor|Bullet Punch|p1a: Seismitoad
|-resisted|p1a: Seismitoad
|-damage|p1a: Seismitoad|0 fnt
|faint|p1a: Seismitoad
|-damage|p2a: Scizor|91/100|[from] item: Life Orb
|
|-weather|Sandstorm|[upkeep]
|upkeep
|
|t:|1746032556
|switch|p1a: Zapdos|Zapdos|100/100
|-damage|p1a: Zapdos|76/100|[from] Stealth Rock
|-ability|p1a: Zapdos|Pressure
|turn|21
|
|t:|1746032560
|move|p2a: Scizor|Bullet Punch|p1a: Zapdos
|-resisted|p1a: Zapdos
|-damage|p1a: Zapdos|60/100
|-damage|p2a: Scizor|81/100|[from] item: Life Orb
|move|p1a: Zapdos|Hidden Power|p2a: Scizor
|-resisted|p2a: Scizor
|-damage|p2a: Scizor|66/100
|
|-weather|Sandstorm|[upkeep]
|-damage|p1a: Zapdos|54/100|[from] Sandstorm
|-heal|p1a: Zapdos|60/100|[from] item: Leftovers
|upkeep
|turn|22
|
|t:|1746032563
|move|p1a: Zapdos|Heat Wave|p2a: Scizor
|-supereffective|p2a: Scizor
|-damage|p2a: Scizor|0 fnt
|faint|p2a: Scizor
|
|-weather|Sandstorm|[upkeep]
|-damage|p1a: Zapdos|54/100|[from] Sandstorm
|-heal|p1a: Zapdos|60/100|[from] item: Leftovers
|upkeep
|
|t:|1746032565
|switch|p2a: Garchomp|Garchomp, M|100/100
|turn|23
|
|t:|1746032568
|move|p2a: Garchomp|Outrage|p1a: Zapdos
|-damage|p1a: Zapdos|12/100
|move|p1a: Zapdos|Hidden Power|p2a: Garchomp
|-supereffective|p2a: Garchomp
|-damage|p2a: Garchomp|10/100
|
|-weather|Sandstorm|[upkeep]
|-damage|p1a: Zapdos|6/100|[from] Sandstorm
|-heal|p1a: Zapdos|12/100|[from] item: Leftovers
|upkeep
|turn|24
|
|t:|1746032570
|move|p2a: Garchomp|Outrage|p1a: Zapdos|[from] lockedmove
|-damage|p1a: Zapdos|0 fnt
|faint|p1a: Zapdos
|
|-weather|Sandstorm|[upkeep]
|upkeep
|
|t:|1746032571
|switch|p1a: Alakazam|Alakazam, M|100/100
|turn|25
|
|t:|1746032573
|move|p2a: Garchomp|Outrage|p1a: Alakazam|[from] lockedmove
|-enditem|p1a: Alakazam|Focus Sash
|-damage|p1a: Alakazam|1/100
|-start|p2a: Garchomp|confusion|[fatigue]
|move|p1a: Alakazam|Hidden Power|p2a: Garchomp
|-supereffective|p2a: Garchomp
|-damage|p2a: Garchomp|0 fnt
|faint|p2a: Garchomp
|
|win|Claude's Journey
|raw|Claude&apos;s Journey's rating: 1413 &rarr; <strong>1432</strong><br />(+19 for winning)
|raw|SattleBimulator's rating: 1400 &rarr; <strong>1381</strong><br />(-19 for losing)
|l|☆SattleBimulator
|player|p2|
|l|☆Claude's Journey
|player|p1|
|j|☆Claude's Journey
|player|p1|Claude's Journey|lass-gen1rb|
