|j|☆refsunpersons
|j|☆Fat white girl hot
|player|p1|refsunpersons|15
|player|p2|Fat white girl hot|1
|teamsize|p1|6
|teamsize|p2|6
|gametype|singles
|gen|5
|tier|[Gen 5] OU
|rated|
|rule|Sleep Clause Mod: Limit one foe put to sleep
|rule|Species Clause: Limit one of each Pokémon
|rule|OHKO Clause: OHKO moves are banned
|rule|Moody Clause: Moody is banned
|rule|Evasion Moves Clause: Evasion moves are banned
|rule|Endless Battle Clause: Forcing endless battles is banned
|rule|HP Percentage Mod: HP is shown in percentages
|rule|Evasion Abilities Clause: Evasion abilities are banned
|rule|Baton Pass Clause: Limit one Baton Passer, can't pass Spe and other stats simultaneously
|rule|Swagger Clause: Swagger is banned
|clearpoke
|poke|p1|Ninetales, F|item
|poke|p1|Jirachi|item
|poke|p1|Haxorus, F|item
|poke|p1|Porygon2|item
|poke|p1|Donphan, M|item
|poke|p1|Volcarona, F|item
|poke|p2|Politoed, F|item
|poke|p2|Ferrothorn, M|item
|poke|p2|Jellicent, F|item
|poke|p2|Garchomp, M|item
|poke|p2|Forretress, F|item
|poke|p2|Zapdos|item
|teampreview
|
|start
|switch|p1a: PC-98|Jirachi|100/100
|switch|p2a: Garchomp|Garchomp, M|100/100
|turn|1
|j| Vanteline
|
|switch|p1a: assembler|Donphan, M|100/100
|move|p2a: Garchomp|Stealth Rock|p1a: assembler
|-sidestart|p1: refsunpersons|move: Stealth Rock
|
|upkeep
|turn|2
|
|move|p2a: Garchomp|Aqua Tail|p1a: assembler|[miss]
|-miss|p2a: Garchomp|p1a: assembler
|move|p1a: assembler|Stealth Rock|p2a: Garchomp
|-sidestart|p2: Fat white girl hot|move: Stealth Rock
|
|upkeep
|turn|3
|
|switch|p1a: Free BASIC|Porygon2|100/100
|-damage|p1a: Free BASIC|88/100|[from] Stealth Rock
|-ability|p1a: Free BASIC|Rough Skin|[from] ability: Trace|[of] p2a: Garchomp
|move|p2a: Garchomp|Aqua Tail|p1a: Free BASIC
|-damage|p1a: Free BASIC|68/100
|-damage|p2a: Garchomp|88/100|[from] ability: Rough Skin|[of] p1a: Free BASIC
|
|upkeep
|turn|4
|
|move|p2a: Garchomp|Swords Dance|p2a: Garchomp
|-boost|p2a: Garchomp|atk|2
|move|p1a: Free BASIC|Ice Beam|p2a: Garchomp
|-supereffective|p2a: Garchomp
|-damage|p2a: Garchomp|0
|faint|p2a: Garchomp
|
|upkeep
|
|switch|p2a: Forretress|Forretress, F|100/100
|-damage|p2a: Forretress|88/100|[from] Stealth Rock
|turn|5
|
|switch|p1a: PC-98|Jirachi|100/100
|-damage|p1a: PC-98|94/100|[from] Stealth Rock
|move|p2a: Forretress|Toxic Spikes|p1a: PC-98
|-sidestart|p1: refsunpersons|move: Toxic Spikes
|
|-heal|p2a: Forretress|94/100|[from] item: Leftovers
|upkeep
|turn|6
|
|move|p1a: PC-98|Calm Mind|p1a: PC-98
|-boost|p1a: PC-98|spa|1
|-boost|p1a: PC-98|spd|1
|move|p2a: Forretress|Toxic Spikes|p1a: PC-98
|-sidestart|p1: refsunpersons|move: Toxic Spikes
|
|-heal|p2a: Forretress|100/100|[from] item: Leftovers
|upkeep
|turn|7
|
|move|p1a: PC-98|Thunder|p2a: Forretress|[miss]
|-miss|p1a: PC-98|p2a: Forretress
|move|p2a: Forretress|Rapid Spin|p1a: PC-98
|-resisted|p1a: PC-98
|-damage|p1a: PC-98|92/100
|-sideend|p2: Fat white girl hot|Stealth Rock|[from] move: Rapid Spin|[of] p2a: Forretress
|
|upkeep
|turn|8
|
|move|p1a: PC-98|Thunder|p2a: Forretress|[miss]
|-miss|p1a: PC-98|p2a: Forretress
|move|p2a: Forretress|Volt Switch|p1a: PC-98
|-damage|p1a: PC-98|85/100
|
|switch|p2a: Ferrothorn|Ferrothorn, M|100/100
|
|upkeep
|turn|9
|
|move|p1a: PC-98|Hidden Power|p2a: Ferrothorn
|-supereffective|p2a: Ferrothorn
|-damage|p2a: Ferrothorn|47/100
|move|p2a: Ferrothorn|Curse|p2a: Ferrothorn
|-unboost|p2a: Ferrothorn|spe|1
|-boost|p2a: Ferrothorn|atk|1
|-boost|p2a: Ferrothorn|def|1
|
|-heal|p2a: Ferrothorn|54/100|[from] item: Leftovers
|upkeep
|turn|10
|
|move|p1a: PC-98|Hidden Power|p2a: Ferrothorn
|-supereffective|p2a: Ferrothorn
|-damage|p2a: Ferrothorn|0
|faint|p2a: Ferrothorn
|
|upkeep
|
|switch|p2a: Politoed|Politoed, F|100/100
|-weather|RainDance|[from] ability: Drizzle|[of] p2a: Politoed
|turn|11
|
|move|p2a: Politoed|Perish Song|p2a: Politoed
|-start|p1a: PC-98|perish3|[silent]
|-start|p2a: Politoed|perish3|[silent]
|-fieldactivate|move: Perish Song
|move|p1a: PC-98|Thunder|p2a: Politoed
|-supereffective|p2a: Politoed
|-damage|p2a: Politoed|0
|faint|p2a: Politoed
|
|-weather|RainDance|[upkeep]
|-start|p1a: PC-98|perish3
|upkeep
|
|switch|p2a: Forretress|Forretress, F|100/100
|turn|12
|
|move|p1a: PC-98|Thunder|p2a: Forretress
|-damage|p2a: Forretress|30/100
|move|p2a: Forretress|Volt Switch|p1a: PC-98
|-damage|p1a: PC-98|78/100
|
|switch|p2a: Zapdos|Zapdos|100/100
|-ability|p2a: Zapdos|Pressure
|
|-weather|RainDance|[upkeep]
|-start|p1a: PC-98|perish2
|upkeep
|turn|13
|
|switch|p2a: Forretress|Forretress, F|30/100
|move|p1a: PC-98|Thunder|p2a: Forretress
|-damage|p2a: Forretress|0
|faint|p2a: Forretress
|
|-weather|RainDance|[upkeep]
|-start|p1a: PC-98|perish1
|upkeep
|
|switch|p2a: Zapdos|Zapdos|100/100
|-ability|p2a: Zapdos|Pressure
|turn|14
|
|switch|p1a: Heartbreak|Ninetales, F, shiny|100/100
|-damage|p1a: Heartbreak|76/100|[from] Stealth Rock
|-weather|SunnyDay|[from] ability: Drought|[of] p1a: Heartbreak
|-item|p1a: Heartbreak|Air Balloon
|move|p2a: Zapdos|Substitute|p2a: Zapdos
|-start|p2a: Zapdos|Substitute
|-damage|p2a: Zapdos|76/100
|
|-weather|SunnyDay|[upkeep]
|-heal|p2a: Zapdos|82/100|[from] item: Leftovers
|upkeep
|turn|15
|
|move|p1a: Heartbreak|Hidden Power|p2a: Zapdos
|-supereffective|p2a: Zapdos
|-crit|p2a: Zapdos
|-end|p2a: Zapdos|Substitute
|move|p2a: Zapdos|Thunder|p1a: Heartbreak|[miss]
|-miss|p2a: Zapdos|p1a: Heartbreak
|
|-weather|SunnyDay|[upkeep]
|-heal|p2a: Zapdos|88/100|[from] item: Leftovers
|upkeep
|turn|16
|
|move|p1a: Heartbreak|Fire Blast|p2a: Zapdos
|-damage|p2a: Zapdos|31/100
|move|p2a: Zapdos|Thunder|p1a: Heartbreak|[miss]
|-miss|p2a: Zapdos|p1a: Heartbreak
|
|-weather|SunnyDay|[upkeep]
|-heal|p2a: Zapdos|37/100|[from] item: Leftovers
|upkeep
|turn|17
|c|☆Fat white girl hot|Jesus
|c|☆refsunpersons|IDK man
|c|☆Fat white girl hot|This shitkid is so fucking luck
|c|☆Fat white girl hot|Piss off
|-message|Fat white girl hot forfeited.
|
|win|refsunpersons
|l|☆Fat white girl hot
|raw|refsunpersons's rating: 1382 &rarr; <strong>1401</strong><br />(+19 for winning)
|raw|Fat white girl hot's rating: 1359 &rarr; <strong>1341</strong><br />(-18 for losing)
