|j|☆LeafStoned
|j|☆bwc mario104
|t:|1714787218
|gametype|singles
|player|p1|LeafStoned|266|1362
|player|p2|bwc mario104|lucas|1243
|teamsize|p1|6
|teamsize|p2|6
|gen|5
|tier|[Gen 5] OU
|rated|
|rule|Species Clause: Limit one of each Pokémon
|rule|OHKO Clause: OHKO moves are banned
|rule|Moody Clause: Moody is banned
|rule|Evasion Items Clause: Evasion items are banned
|rule|Evasion Moves Clause: Evasion moves are banned
|rule|Endless Battle Clause: Forcing endless battles is banned
|rule|HP Percentage Mod: HP is shown in percentages
|rule|Evasion Abilities Clause: Evasion abilities are banned
|rule|Sleep Moves Clause: Sleep-inducing moves are banned
|rule|Swagger Clause: Swagger is banned
|rule|Baton Pass Stat Clause: No Baton Passer may have a way to boost its stats
|clearpoke
|poke|p1|Politoed, F|item
|poke|p1|Thundurus-Therian, M|item
|poke|p1|Scizor, F|item
|poke|p1|Latios, M|item
|poke|p1|Tentacruel, F|item
|poke|p1|Ferrothorn, M|item
|poke|p2|Chansey, F|item
|poke|p2|Cresselia, F|item
|poke|p2|Ninetales, F|item
|poke|p2|Volcarona, M|item
|poke|p2|Donphan, M|item
|poke|p2|Heatran, M|item
|teampreview
|inactive|Battle timer is ON: inactive players will automatically lose when time's up. (requested by bwc mario104)
|
|t:|1714787229
|start
|switch|p1a: Gideon|Tentacruel, F|100/100
|switch|p2a: Cresselia|Cresselia, F|100/100
|turn|1
|
|t:|1714787233
|move|p1a: Gideon|Substitute|p1a: Gideon
|-start|p1a: Gideon|Substitute
|-damage|p1a: Gideon|76/100
|move|p2a: Cresselia|Thunder Wave||[still]
|-fail|p2a: Cresselia
|
|-heal|p1a: Gideon|82/100|[from] item: Black Sludge
|upkeep
|turn|2
|
|t:|1714787237
|move|p1a: Gideon|Scald|p2a: Cresselia
|-damage|p2a: Cresselia|86/100
|-status|p2a: Cresselia|brn
|move|p2a: Cresselia|Psyshock|p1a: Gideon
|-supereffective|p1a: Gideon
|-end|p1a: Gideon|Substitute
|
|-heal|p1a: Gideon|88/100|[from] item: Black Sludge
|-heal|p2a: Cresselia|92/100 brn|[from] item: Leftovers
|-damage|p2a: Cresselia|79/100 brn|[from] brn
|upkeep
|turn|3
|
|t:|1714787256
|switch|p1a: Roberta|Politoed, F|100/100
|-weather|RainDance|[from] ability: Drizzle|[of] p1a: Roberta
|move|p2a: Cresselia|Psyshock|p1a: Roberta
|-damage|p1a: Roberta|81/100
|
|-weather|RainDance|[upkeep]
|-heal|p2a: Cresselia|85/100 brn|[from] item: Leftovers
|-heal|p1a: Roberta|87/100|[from] item: Leftovers
|-damage|p2a: Cresselia|73/100 brn|[from] brn
|upkeep
|turn|4
|
|t:|1714787261
|switch|p1a: Jerrick|Ferrothorn, M|100/100
|move|p2a: Cresselia|Thunder Wave|p1a: Jerrick
|-status|p1a: Jerrick|par
|
|-weather|RainDance|[upkeep]
|-heal|p2a: Cresselia|79/100 brn|[from] item: Leftovers
|-damage|p2a: Cresselia|67/100 brn|[from] brn
|upkeep
|turn|5
|
|t:|1714787283
|switch|p2a: Ninetales|Ninetales, F|100/100
|-weather|SunnyDay|[from] ability: Drought|[of] p2a: Ninetales
|move|p1a: Jerrick|Knock Off|p2a: Ninetales
|-damage|p2a: Ninetales|96/100
|-enditem|p2a: Ninetales|Leftovers|[from] move: Knock Off|[of] p1a: Jerrick
|
|-weather|SunnyDay|[upkeep]
|upkeep
|turn|6
|
|t:|1714787289
|switch|p1a: Roberta|Politoed, F|87/100
|-weather|RainDance|[from] ability: Drizzle|[of] p1a: Roberta
|move|p2a: Ninetales|Will-O-Wisp|p1a: Roberta
|-status|p1a: Roberta|brn
|
|-weather|RainDance|[upkeep]
|-heal|p1a: Roberta|93/100 brn|[from] item: Leftovers
|-damage|p1a: Roberta|81/100 brn|[from] brn
|upkeep
|turn|7
|
|t:|1714787303
|switch|p2a: Chansey|Chansey, F|100/100
|switch|p1a: Gordon|Scizor, F|100/100
|
|-weather|RainDance|[upkeep]
|upkeep
|turn|8
|inactive|bwc mario104 has 120 seconds left.
|
|t:|1714787336
|move|p1a: Gordon|U-turn|p2a: Chansey
|-damage|p2a: Chansey|64/100
|
|t:|1714787340
|switch|p1a: Jerrick|Ferrothorn, M|100/100 par|[from] U-turn
|move|p2a: Chansey|Stealth Rock|p1a: Jerrick
|-sidestart|p1: LeafStoned|move: Stealth Rock
|
|-weather|RainDance|[upkeep]
|upkeep
|turn|9
|
|t:|1714787345
|switch|p2a: Ninetales|Ninetales, F|96/100
|-weather|SunnyDay|[from] ability: Drought|[of] p2a: Ninetales
|move|p1a: Jerrick|Stealth Rock|p2a: Ninetales
|-sidestart|p2: bwc mario104|move: Stealth Rock
|
|-weather|SunnyDay|[upkeep]
|upkeep
|turn|10
|
|t:|1714787352
|switch|p1a: Roberta|Politoed, F|81/100 brn
|-damage|p1a: Roberta|69/100 brn|[from] Stealth Rock
|-weather|RainDance|[from] ability: Drizzle|[of] p1a: Roberta
|move|p2a: Ninetales|Flamethrower|p1a: Roberta
|-resisted|p1a: Roberta
|-damage|p1a: Roberta|63/100 brn
|
|-weather|RainDance|[upkeep]
|-heal|p1a: Roberta|69/100 brn|[from] item: Leftovers
|-damage|p1a: Roberta|56/100 brn|[from] brn
|upkeep
|turn|11
|
|t:|1714787374
|switch|p2a: Chansey|Chansey, F|64/100
|-damage|p2a: Chansey|51/100|[from] Stealth Rock
|switch|p1a: Gideon|Tentacruel, F|88/100
|-damage|p1a: Gideon|75/100|[from] Stealth Rock
|
|-weather|RainDance|[upkeep]
|-heal|p1a: Gideon|81/100|[from] ability: Rain Dish
|-heal|p1a: Gideon|88/100|[from] item: Black Sludge
|upkeep
|turn|12
|
|t:|1714787383
|move|p1a: Gideon|Substitute|p1a: Gideon
|-start|p1a: Gideon|Substitute
|-damage|p1a: Gideon|63/100
|move|p2a: Chansey|Soft-Boiled|p2a: Chansey
|-heal|p2a: Chansey|100/100
|
|-weather|RainDance|[upkeep]
|-heal|p1a: Gideon|69/100|[from] ability: Rain Dish
|-heal|p1a: Gideon|75/100|[from] item: Black Sludge
|upkeep
|turn|13
|
|t:|1714787388
|move|p1a: Gideon|Protect|p1a: Gideon
|-singleturn|p1a: Gideon|Protect
|move|p2a: Chansey|Seismic Toss|p1a: Gideon
|-activate|p1a: Gideon|move: Protect
|
|-weather|RainDance|[upkeep]
|-heal|p1a: Gideon|81/100|[from] ability: Rain Dish
|-heal|p1a: Gideon|87/100|[from] item: Black Sludge
|upkeep
|turn|14
|
|t:|1714787401
|move|p1a: Gideon|Rapid Spin|p2a: Chansey
|-damage|p2a: Chansey|99/100
|-sideend|p1: LeafStoned|Stealth Rock|[from] move: Rapid Spin|[of] p1a: Gideon
|move|p2a: Chansey|Seismic Toss|p1a: Gideon
|-end|p1a: Gideon|Substitute
|
|-weather|RainDance|[upkeep]
|-heal|p1a: Gideon|93/100|[from] ability: Rain Dish
|-heal|p1a: Gideon|99/100|[from] item: Black Sludge
|upkeep
|turn|15
|
|t:|1714787405
|switch|p1a: Jerrick|Ferrothorn, M|100/100 par
|move|p2a: Chansey|Seismic Toss|p1a: Jerrick
|-damage|p1a: Jerrick|72/100 par
|-damage|p2a: Chansey|86/100|[from] ability: Iron Barbs|[of] p1a: Jerrick
|
|-weather|RainDance|[upkeep]
|-heal|p1a: Jerrick|78/100 par|[from] item: Leftovers
|upkeep
|turn|16
|
|t:|1714787436
|switch|p2a: Heatran|Heatran, M|100/100
|-damage|p2a: Heatran|88/100|[from] Stealth Rock
|move|p1a: Jerrick|Spikes|p2a: Heatran
|-sidestart|p2: bwc mario104|Spikes
|
|-weather|RainDance|[upkeep]
|-heal|p2a: Heatran|94/100|[from] item: Leftovers
|-heal|p1a: Jerrick|84/100 par|[from] item: Leftovers
|upkeep
|turn|17
|
|t:|1714787451
|switch|p1a: Gideon|Tentacruel, F|99/100
|move|p2a: Heatran|Magma Storm|p1a: Gideon
|-resisted|p1a: Gideon
|-damage|p1a: Gideon|88/100
|-activate|p1a: Gideon|move: Magma Storm|[of] p2a: Heatran
|
|-weather|RainDance|[upkeep]
|-heal|p1a: Gideon|94/100|[from] ability: Rain Dish
|-heal|p1a: Gideon|99/100|[from] item: Black Sludge
|-heal|p2a: Heatran|100/100|[from] item: Leftovers
|-damage|p1a: Gideon|94/100|[from] move: Magma Storm|[partiallytrapped]
|upkeep
|turn|18
|
|t:|1714787456
|move|p1a: Gideon|Scald|p2a: Heatran
|-supereffective|p2a: Heatran
|-damage|p2a: Heatran|41/100
|move|p2a: Heatran|Sunny Day|p2a: Heatran
|-weather|SunnyDay
|
|-weather|SunnyDay|[upkeep]
|-heal|p1a: Gideon|99/100|[from] item: Black Sludge
|-heal|p2a: Heatran|47/100|[from] item: Leftovers
|-damage|p1a: Gideon|94/100|[from] move: Magma Storm|[partiallytrapped]
|upkeep
|turn|19
|
|t:|1714787464
|move|p1a: Gideon|Protect|p1a: Gideon
|-singleturn|p1a: Gideon|Protect
|move|p2a: Heatran|Earth Power|p1a: Gideon
|-activate|p1a: Gideon|move: Protect
|
|-weather|SunnyDay|[upkeep]
|-heal|p1a: Gideon|99/100|[from] item: Black Sludge
|-heal|p2a: Heatran|53/100|[from] item: Leftovers
|-damage|p1a: Gideon|94/100|[from] move: Magma Storm|[partiallytrapped]
|upkeep
|turn|20
|
|t:|1714787469
|move|p1a: Gideon|Substitute|p1a: Gideon
|-start|p1a: Gideon|Substitute
|-damage|p1a: Gideon|69/100
|move|p2a: Heatran|Earth Power|p1a: Gideon
|-supereffective|p1a: Gideon
|-end|p1a: Gideon|Substitute
|
|-weather|SunnyDay|[upkeep]
|-heal|p1a: Gideon|75/100|[from] item: Black Sludge
|-heal|p2a: Heatran|60/100|[from] item: Leftovers
|upkeep
|turn|21
|
|t:|1714787474
|move|p1a: Gideon|Protect|p1a: Gideon
|-singleturn|p1a: Gideon|Protect
|move|p2a: Heatran|Earth Power|p1a: Gideon
|-activate|p1a: Gideon|move: Protect
|
|-weather|SunnyDay|[upkeep]
|-heal|p1a: Gideon|81/100|[from] item: Black Sludge
|-heal|p2a: Heatran|66/100|[from] item: Leftovers
|upkeep
|turn|22
|
|t:|1714787479
|switch|p1a: Roberta|Politoed, F|56/100 brn
|-weather|RainDance|[from] ability: Drizzle|[of] p1a: Roberta
|move|p2a: Heatran|Earth Power|p1a: Roberta
|-damage|p1a: Roberta|31/100 brn
|
|-weather|RainDance|[upkeep]
|-heal|p2a: Heatran|72/100|[from] item: Leftovers
|-heal|p1a: Roberta|37/100 brn|[from] item: Leftovers
|-damage|p1a: Roberta|25/100 brn|[from] brn
|upkeep
|turn|23
|
|t:|1714787488
|move|p2a: Heatran|Earth Power|p1a: Roberta
|-damage|p1a: Roberta|0 fnt
|faint|p1a: Roberta
|
|-weather|RainDance|[upkeep]
|-heal|p2a: Heatran|78/100|[from] item: Leftovers
|upkeep
|
|t:|1714787493
|switch|p1a: Zelda|Thundurus-Therian, M|100/100
|turn|24
|
|t:|1714787498
|switch|p2a: Ninetales|Ninetales, F|96/100
|-damage|p2a: Ninetales|72/100|[from] Stealth Rock
|-damage|p2a: Ninetales|59/100|[from] Spikes
|-weather|SunnyDay|[from] ability: Drought|[of] p2a: Ninetales
|move|p1a: Zelda|Focus Blast|p2a: Ninetales
|-damage|p2a: Ninetales|18/100
|
|-weather|SunnyDay|[upkeep]
|upkeep
|turn|25
|
|t:|1714787505
|move|p1a: Zelda|Substitute|p1a: Zelda
|-start|p1a: Zelda|Substitute
|-damage|p1a: Zelda|76/100
|move|p2a: Ninetales|Flamethrower|p1a: Zelda
|-end|p1a: Zelda|Substitute
|
|-weather|SunnyDay|[upkeep]
|-heal|p1a: Zelda|82/100|[from] item: Leftovers
|upkeep
|turn|26
|
|t:|1714787512
|switch|p1a: Gideon|Tentacruel, F|81/100
|move|p2a: Ninetales|Flamethrower|p1a: Gideon
|-resisted|p1a: Gideon
|-damage|p1a: Gideon|65/100
|-status|p1a: Gideon|brn
|
|-weather|SunnyDay|[upkeep]
|-heal|p1a: Gideon|71/100 brn|[from] item: Black Sludge
|-damage|p1a: Gideon|59/100 brn|[from] brn
|upkeep
|turn|27
|
|t:|1714787519
|move|p1a: Gideon|Scald|p2a: Ninetales
|-supereffective|p2a: Ninetales
|-damage|p2a: Ninetales|0 fnt
|faint|p2a: Ninetales
|
|-weather|SunnyDay|[upkeep]
|-heal|p1a: Gideon|65/100 brn|[from] item: Black Sludge
|-damage|p1a: Gideon|53/100 brn|[from] brn
|upkeep
|
|t:|1714787526
|switch|p2a: Donphan|Donphan, M|100/100
|-damage|p2a: Donphan|94/100|[from] Stealth Rock
|-damage|p2a: Donphan|82/100|[from] Spikes
|turn|28
|
|t:|1714787529
|move|p1a: Gideon|Scald|p2a: Donphan
|-supereffective|p2a: Donphan
|-damage|p2a: Donphan|54/100
|move|p2a: Donphan|Rapid Spin|p1a: Gideon
|-damage|p1a: Gideon|46/100 brn
|-sideend|p2: bwc mario104|Spikes|[from] move: Rapid Spin|[of] p2a: Donphan
|-sideend|p2: bwc mario104|Stealth Rock|[from] move: Rapid Spin|[of] p2a: Donphan
|
|-weather|SunnyDay|[upkeep]
|-heal|p1a: Gideon|52/100 brn|[from] item: Black Sludge
|-heal|p2a: Donphan|60/100|[from] item: Leftovers
|-damage|p1a: Gideon|40/100 brn|[from] brn
|upkeep
|turn|29
|
|t:|1714787536
|move|p1a: Gideon|Scald|p2a: Donphan
|-supereffective|p2a: Donphan
|-damage|p2a: Donphan|32/100
|move|p2a: Donphan|Earthquake|p1a: Gideon
|-supereffective|p1a: Gideon
|-damage|p1a: Gideon|0 fnt
|faint|p1a: Gideon
|
|-weather|SunnyDay|[upkeep]
|-heal|p2a: Donphan|38/100|[from] item: Leftovers
|upkeep
|
|t:|1714787540
|switch|p1a: Jerrick|Ferrothorn, M|84/100 par
|turn|30
|
|t:|1714787544
|switch|p2a: Volcarona|Volcarona, M|100/100
|move|p1a: Jerrick|Stealth Rock|p2a: Volcarona
|-sidestart|p2: bwc mario104|move: Stealth Rock
|
|-weather|SunnyDay|[upkeep]
|-heal|p1a: Jerrick|90/100 par|[from] item: Leftovers
|upkeep
|turn|31
|
|t:|1714787553
|switch|p1a: Mikhail|Latios, M|100/100
|move|p2a: Volcarona|Quiver Dance|p2a: Volcarona
|-boost|p2a: Volcarona|spa|1
|-boost|p2a: Volcarona|spd|1
|-boost|p2a: Volcarona|spe|1
|
|-weather|SunnyDay|[upkeep]
|upkeep
|turn|32
|
|t:|1714787556
|move|p1a: Mikhail|Trick|p2a: Volcarona
|-activate|p1a: Mikhail|move: Trick|[of] p2a: Volcarona
|-item|p2a: Volcarona|Choice Scarf|[from] move: Trick
|-item|p1a: Mikhail|Leftovers|[from] move: Trick
|move|p2a: Volcarona|Bug Buzz|p1a: Mikhail
|-supereffective|p1a: Mikhail
|-damage|p1a: Mikhail|0 fnt
|faint|p1a: Mikhail
|
|-weather|SunnyDay|[upkeep]
|upkeep
|
|t:|1714787560
|switch|p1a: Zelda|Thundurus-Therian, M|82/100
|turn|33
|
|t:|1714787564
|move|p2a: Volcarona|Bug Buzz|p1a: Zelda
|-resisted|p1a: Zelda
|-damage|p1a: Zelda|47/100
|move|p1a: Zelda|Thunder|p2a: Volcarona
|-damage|p2a: Volcarona|60/100
|
|-weather|SunnyDay|[upkeep]
|-heal|p1a: Zelda|53/100|[from] item: Leftovers
|upkeep
|turn|34
|
|t:|1714787569
|move|p2a: Volcarona|Bug Buzz|p1a: Zelda
|-resisted|p1a: Zelda
|-damage|p1a: Zelda|15/100
|move|p1a: Zelda|Thunder|p2a: Volcarona
|-damage|p2a: Volcarona|17/100
|
|-weather|SunnyDay|[upkeep]
|-heal|p1a: Zelda|21/100|[from] item: Leftovers
|upkeep
|turn|35
|
|t:|1714787577
|move|p2a: Volcarona|Bug Buzz|p1a: Zelda
|-resisted|p1a: Zelda
|-damage|p1a: Zelda|0 fnt
|faint|p1a: Zelda
|
|-weather|SunnyDay|[upkeep]
|upkeep
|
|t:|1714787579
|switch|p1a: Jerrick|Ferrothorn, M|90/100 par
|turn|36
|
|t:|1714787592
|move|p2a: Volcarona|Bug Buzz|p1a: Jerrick
|-damage|p1a: Jerrick|51/100 par
|move|p1a: Jerrick|Power Whip|p2a: Volcarona
|-resisted|p2a: Volcarona
|-damage|p2a: Volcarona|9/100
|
|-weather|SunnyDay|[upkeep]
|-heal|p1a: Jerrick|57/100 par|[from] item: Leftovers
|upkeep
|turn|37
|
|t:|1714787597
|move|p2a: Volcarona|Bug Buzz|p1a: Jerrick
|-damage|p1a: Jerrick|16/100 par
|move|p1a: Jerrick|Power Whip|p2a: Volcarona
|-resisted|p2a: Volcarona
|-damage|p2a: Volcarona|0 fnt
|faint|p2a: Volcarona
|
|-weather|SunnyDay|[upkeep]
|-heal|p1a: Jerrick|22/100 par|[from] item: Leftovers
|upkeep
|
|t:|1714787603
|switch|p2a: Heatran|Heatran, M|78/100
|-damage|p2a: Heatran|66/100|[from] Stealth Rock
|turn|38
|
|t:|1714787625
|move|p2a: Heatran|Magma Storm|p1a: Jerrick
|-supereffective|p1a: Jerrick
|-damage|p1a: Jerrick|0 fnt
|faint|p1a: Jerrick
|
|-weather|SunnyDay|[upkeep]
|-heal|p2a: Heatran|72/100|[from] item: Leftovers
|upkeep
|
|t:|1714787626
|switch|p1a: Gordon|Scizor, F|100/100
|turn|39
|inactive|bwc mario104 has 120 seconds left.
|
|t:|1714787665
|switch|p2a: Cresselia|Cresselia, F|67/100 brn
|-damage|p2a: Cresselia|54/100 brn|[from] Stealth Rock
|move|p1a: Gordon|Superpower|p2a: Cresselia
|-resisted|p2a: Cresselia
|-damage|p2a: Cresselia|39/100 brn
|-unboost|p1a: Gordon|atk|1
|-unboost|p1a: Gordon|def|1
|
|-weather|SunnyDay|[upkeep]
|-heal|p2a: Cresselia|45/100 brn|[from] item: Leftovers
|-damage|p2a: Cresselia|32/100 brn|[from] brn
|upkeep
|turn|40
|inactive|bwc mario104 has 120 seconds left.
|
|t:|1714787672
|move|p2a: Cresselia|Thunder Wave|p1a: Gordon
|-status|p1a: Gordon|par
|move|p1a: Gordon|Superpower|p2a: Cresselia
|-resisted|p2a: Cresselia
|-damage|p2a: Cresselia|21/100 brn
|-unboost|p1a: Gordon|atk|1
|-unboost|p1a: Gordon|def|1
|
|-weather|SunnyDay|[upkeep]
|-heal|p2a: Cresselia|27/100 brn|[from] item: Leftovers
|-damage|p2a: Cresselia|15/100 brn|[from] brn
|upkeep
|turn|41
|
|t:|1714787675
|move|p2a: Cresselia|Moonlight|p2a: Cresselia
|-heal|p2a: Cresselia|82/100 brn
|cant|p1a: Gordon|par
|
|-weather|SunnyDay|[upkeep]
|-heal|p2a: Cresselia|88/100 brn|[from] item: Leftovers
|-damage|p2a: Cresselia|75/100 brn|[from] brn
|upkeep
|turn|42
|-message|LeafStoned forfeited.
|
|win|bwc mario104
|raw|LeafStoned's rating: 1362 &rarr; <strong>1337</strong><br />(-25 for losing)
|raw|bwc mario104's rating: 1272 &rarr; <strong>1303</strong><br />(+31 for winning)
|l|☆LeafStoned
|player|p1|
