|j|☆ImaginewasTaken
|j|☆BookofConke
|t:|1725219008
|gametype|singles
|player|p1|ImaginewasTaken|n|1414
|player|p2|BookofConke|silver-masters|1499
|teamsize|p1|6
|teamsize|p2|6
|gen|5
|tier|[Gen 5] OU
|rated|
|rule|Species Clause: Limit one of each Pokémon
|rule|OHKO Clause: OHKO moves are banned
|rule|Moody Clause: Moody is banned
|rule|Evasion Items Clause: Evasion items are banned
|rule|Evasion Moves Clause: Evasion moves are banned
|rule|Endless Battle Clause: Forcing endless battles is banned
|rule|HP Percentage Mod: HP is shown in percentages
|rule|Evasion Abilities Clause: Evasion abilities are banned
|rule|Sleep Moves Clause: Sleep-inducing moves are banned
|rule|Swagger Clause: Swagger is banned
|rule|Baton Pass Stat Clause: No Baton Passer may have a way to boost its stats
|clearpoke
|poke|p1|Politoed, F|item
|poke|p1|Breloom, F|item
|poke|p1|Tentacruel, M|item
|poke|p1|Ferrothorn, F|item
|poke|p1|Latios, M|item
|poke|p1|Thundurus-Therian, M|item
|poke|p2|Abomasnow, M|item
|poke|p2|Garchomp, M|item
|poke|p2|Jirachi|item
|poke|p2|Kyurem-Black|item
|poke|p2|Latios, M|item
|poke|p2|Starmie|item
|teampreview
|
|t:|1725219031
|start
|switch|p1a: RIP Freaky-Sand|Ferrothorn, F|100/100
|switch|p2a: Kyurem|Kyurem-Black|100/100
|-ability|p2a: Kyurem|Teravolt
|turn|1
|
|t:|1725219040
|move|p2a: Kyurem|Substitute|p2a: Kyurem
|-start|p2a: Kyurem|Substitute
|-damage|p2a: Kyurem|76/100
|move|p1a: RIP Freaky-Sand|Gyro Ball|p2a: Kyurem
|-supereffective|p2a: Kyurem
|-end|p2a: Kyurem|Substitute
|
|upkeep
|turn|2
|
|t:|1725219054
|move|p2a: Kyurem|Freeze Shock||[still]
|-prepare|p2a: Kyurem|Freeze Shock
|-enditem|p2a: Kyurem|Power Herb
|-anim|p2a: Kyurem|Freeze Shock|p1a: RIP Freaky-Sand
|-damage|p1a: RIP Freaky-Sand|37/100
|move|p1a: RIP Freaky-Sand|Gyro Ball|p2a: Kyurem
|-supereffective|p2a: Kyurem
|-damage|p2a: Kyurem|0 fnt
|faint|p2a: Kyurem
|
|-heal|p1a: RIP Freaky-Sand|43/100|[from] item: Leftovers
|upkeep
|
|t:|1725219083
|switch|p2a: Abomasnow|Abomasnow, M|100/100
|-weather|Hail|[from] ability: Snow Warning|[of] p2a: Abomasnow
|turn|3
|
|t:|1725219090
|move|p2a: Abomasnow|Hidden Power|p1a: RIP Freaky-Sand
|-supereffective|p1a: RIP Freaky-Sand
|-damage|p1a: RIP Freaky-Sand|0 fnt
|faint|p1a: RIP Freaky-Sand
|
|-weather|Hail|[upkeep]
|upkeep
|
|t:|1725219094
|switch|p1a: The Toed|Politoed, F|100/100
|-weather|RainDance|[from] ability: Drizzle|[of] p1a: The Toed
|turn|4
|j| Neighthan Trainer
|
|t:|1725219103
|switch|p2a: Latios|Latios, M|100/100
|move|p1a: The Toed|Protect||[still]
|-fail|p1a: The Toed
|
|-weather|RainDance|[upkeep]
|upkeep
|turn|5
|inactive|Battle timer is ON: inactive players will automatically lose when time's up. (requested by ImaginewasTaken)
|
|t:|1725219119
|move|p2a: Latios|Calm Mind|p2a: Latios
|-boost|p2a: Latios|spa|1
|-boost|p2a: Latios|spd|1
|move|p1a: The Toed|Toxic|p2a: Latios
|-status|p2a: Latios|tox
|
|-weather|RainDance|[upkeep]
|-damage|p2a: Latios|95/100 tox|[from] psn
|upkeep
|turn|6
|
|t:|1725219131
|move|p2a: Latios|Draco Meteor|p1a: The Toed
|-damage|p1a: The Toed|6/100
|-unboost|p2a: Latios|spa|2
|-enditem|p2a: Latios|White Herb
|-clearnegativeboost|p2a: Latios|[silent]
|move|p1a: The Toed|Encore|p2a: Latios
|-start|p2a: Latios|Encore
|
|-weather|RainDance|[upkeep]
|-heal|p1a: The Toed|12/100|[from] item: Leftovers
|-damage|p2a: Latios|83/100 tox|[from] psn
|upkeep
|turn|7
|
|t:|1725219142
|move|p1a: The Toed|Protect|p1a: The Toed
|-singleturn|p1a: The Toed|Protect
|move|p2a: Latios|Draco Meteor|p1a: The Toed
|-activate|p1a: The Toed|move: Protect
|
|-weather|RainDance|[upkeep]
|-heal|p1a: The Toed|18/100|[from] item: Leftovers
|-damage|p2a: Latios|65/100 tox|[from] psn
|upkeep
|turn|8
|
|t:|1725219150
|switch|p1a: Tentacruel|Tentacruel, M|100/100
|move|p2a: Latios|Draco Meteor|p1a: Tentacruel
|-damage|p1a: Tentacruel|44/100
|-unboost|p2a: Latios|spa|2
|
|-weather|RainDance|[upkeep]
|-heal|p1a: Tentacruel|50/100|[from] ability: Rain Dish
|-heal|p1a: Tentacruel|56/100|[from] item: Black Sludge
|-damage|p2a: Latios|41/100 tox|[from] psn
|upkeep
|turn|9
|
|t:|1725219167
|switch|p2a: Garchomp|Garchomp, M|100/100
|move|p1a: Tentacruel|Toxic|p2a: Garchomp
|-status|p2a: Garchomp|tox
|
|-weather|RainDance|[upkeep]
|-heal|p1a: Tentacruel|62/100|[from] ability: Rain Dish
|-heal|p1a: Tentacruel|68/100|[from] item: Black Sludge
|-damage|p2a: Garchomp|94/100 tox|[from] psn
|upkeep
|turn|10
|j| twice ty
|inactive|BookofConke has 120 seconds left.
|c|☆ImaginewasTaken|why are people
|c|☆ImaginewasTaken|joining this
|inactive|BookofConke has 90 seconds left.
|
|t:|1725219241
|move|p1a: Tentacruel|Protect|p1a: Tentacruel
|-singleturn|p1a: Tentacruel|Protect
|move|p2a: Garchomp|Outrage|p1a: Tentacruel
|-activate|p1a: Tentacruel|move: Protect
|
|-weather|RainDance|[upkeep]
|-heal|p1a: Tentacruel|74/100|[from] ability: Rain Dish
|-heal|p1a: Tentacruel|80/100|[from] item: Black Sludge
|-damage|p2a: Garchomp|82/100 tox|[from] psn
|upkeep
|turn|11
|
|t:|1725219262
|move|p2a: Garchomp|Outrage|p1a: Tentacruel
|-damage|p1a: Tentacruel|0 fnt
|faint|p1a: Tentacruel
|
|-weather|RainDance|[upkeep]
|-damage|p2a: Garchomp|64/100 tox|[from] psn
|upkeep
|
|t:|1725219266
|switch|p1a: Latios|Latios, M|100/100
|turn|12
|
|t:|1725219272
|move|p1a: Latios|Dragon Pulse|p2a: Garchomp
|-supereffective|p2a: Garchomp
|-damage|p2a: Garchomp|0 fnt
|faint|p2a: Garchomp
|
|-weather|RainDance|[upkeep]
|upkeep
|
|t:|1725219277
|switch|p2a: Jirachi|Jirachi|100/100
|turn|13
|inactive|BookofConke has 90 seconds left.
|
|t:|1725219283
|switch|p1a: MY GOAT RAAAHHHH|Breloom, F|100/100
|move|p2a: Jirachi|U-turn|p1a: MY GOAT RAAAHHHH
|-damage|p1a: MY GOAT RAAAHHHH|81/100
|inactive|BookofConke has 90 seconds left.
|
|t:|1725219300
|switch|p2a: Latios|Latios, M|41/100 tox|[from] U-turn
|
|-weather|RainDance|[upkeep]
|-damage|p2a: Latios|35/100 tox|[from] psn
|-status|p1a: MY GOAT RAAAHHHH|tox|[from] item: Toxic Orb
|upkeep
|turn|14
|
|t:|1725219310
|move|p1a: MY GOAT RAAAHHHH|Protect|p1a: MY GOAT RAAAHHHH
|-singleturn|p1a: MY GOAT RAAAHHHH|Protect
|move|p2a: Latios|Draco Meteor|p1a: MY GOAT RAAAHHHH
|-activate|p1a: MY GOAT RAAAHHHH|move: Protect
|
|-weather|RainDance|[upkeep]
|-damage|p2a: Latios|23/100 tox|[from] psn
|-heal|p1a: MY GOAT RAAAHHHH|93/100 tox|[from] ability: Poison Heal
|upkeep
|turn|15
|inactive|BookofConke has 90 seconds left.
|
|t:|1725219320
|move|p1a: MY GOAT RAAAHHHH|Protect|p1a: MY GOAT RAAAHHHH
|-singleturn|p1a: MY GOAT RAAAHHHH|Protect
|move|p2a: Latios|Draco Meteor|p1a: MY GOAT RAAAHHHH
|-activate|p1a: MY GOAT RAAAHHHH|move: Protect
|
|-weather|RainDance|[upkeep]
|-damage|p2a: Latios|5/100 tox|[from] psn
|-heal|p1a: MY GOAT RAAAHHHH|100/100 tox|[from] ability: Poison Heal
|upkeep
|turn|16
|
|t:|1725219329
|move|p1a: MY GOAT RAAAHHHH|Protect|p1a: MY GOAT RAAAHHHH
|-singleturn|p1a: MY GOAT RAAAHHHH|Protect
|move|p2a: Latios|Draco Meteor|p1a: MY GOAT RAAAHHHH
|-activate|p1a: MY GOAT RAAAHHHH|move: Protect
|
|-weather|RainDance|[upkeep]
|-damage|p2a: Latios|0 fnt|[from] psn
|faint|p2a: Latios
|upkeep
|c|☆BookofConke|Nice
|c|☆ImaginewasTaken|zamn
|c|☆ImaginewasTaken|Im sorry
|inactive|BookofConke has 90 seconds left.
|inactive|BookofConke has 60 seconds left.
|
|t:|1725219371
|switch|p2a: Abomasnow|Abomasnow, M|100/100
|-weather|Hail|[from] ability: Snow Warning|[of] p2a: Abomasnow
|turn|17
|inactive|BookofConke has 60 seconds left.
|
|t:|1725219382
|move|p2a: Abomasnow|Blizzard|p1a: MY GOAT RAAAHHHH
|-supereffective|p1a: MY GOAT RAAAHHHH
|-damage|p1a: MY GOAT RAAAHHHH|0 fnt
|faint|p1a: MY GOAT RAAAHHHH
|
|-weather|Hail|[upkeep]
|upkeep
|
|t:|1725219386
|switch|p1a: The Toed|Politoed, F|18/100
|-weather|RainDance|[from] ability: Drizzle|[of] p1a: The Toed
|turn|18
|
|t:|1725219399
|switch|p2a: Starmie|Starmie|100/100
|-item|p2a: Starmie|Air Balloon
|move|p1a: The Toed|Scald|p2a: Starmie
|-resisted|p2a: Starmie
|-damage|p2a: Starmie|73/100
|-status|p2a: Starmie|brn
|-enditem|p2a: Starmie|Air Balloon
|
|-weather|RainDance|[upkeep]
|-heal|p1a: The Toed|24/100|[from] item: Leftovers
|-damage|p2a: Starmie|60/100 brn|[from] brn
|upkeep
|turn|19
|l| twice ty
|
|t:|1725219413
|switch|p1a: OHKO??? ZAMN!!!|Thundurus-Therian, M|100/100
|move|p2a: Starmie|Hydro Pump|p1a: OHKO??? ZAMN!!!
|-damage|p1a: OHKO??? ZAMN!!!|0 fnt
|faint|p1a: OHKO??? ZAMN!!!
|
|-weather|RainDance|[upkeep]
|-damage|p2a: Starmie|48/100 brn|[from] brn
|upkeep
|c|☆ImaginewasTaken|wow
|c|☆ImaginewasTaken|alr
|c|☆ImaginewasTaken|gg
|j| twice ty
|
|t:|1725219428
|switch|p1a: Latios|Latios, M|100/100
|turn|20
|
|t:|1725219433
|move|p1a: Latios|Dragon Pulse|p2a: Starmie
|-damage|p2a: Starmie|0 fnt
|faint|p2a: Starmie
|
|-weather|RainDance|[upkeep]
|upkeep
|inactive|BookofConke has 90 seconds left.
|
|t:|1725219441
|switch|p2a: Jirachi|Jirachi|100/100
|turn|21
|
|t:|1725219445
|move|p1a: Latios|Dragon Pulse|p2a: Jirachi
|-resisted|p2a: Jirachi
|-damage|p2a: Jirachi|86/100
|move|p2a: Jirachi|U-turn|p1a: Latios
|-supereffective|p1a: Latios
|-damage|p1a: Latios|59/100
|
|t:|1725219449
|switch|p2a: Abomasnow|Abomasnow, M|100/100|[from] U-turn
|-weather|Hail|[from] ability: Snow Warning|[of] p2a: Abomasnow
|
|-weather|Hail|[upkeep]
|-damage|p1a: Latios|53/100|[from] Hail
|upkeep
|turn|22
|l| twice ty
|
|t:|1725219456
|switch|p2a: Jirachi|Jirachi|86/100
|move|p1a: Latios|Dragon Pulse|p2a: Jirachi
|-resisted|p2a: Jirachi
|-damage|p2a: Jirachi|70/100
|
|-weather|Hail|[upkeep]
|-damage|p1a: Latios|47/100|[from] Hail
|-damage|p2a: Jirachi|64/100|[from] Hail
|-heal|p2a: Jirachi|70/100|[from] item: Leftovers
|upkeep
|turn|23
|
|t:|1725219468
|switch|p1a: The Toed|Politoed, F|24/100
|-weather|RainDance|[from] ability: Drizzle|[of] p1a: The Toed
|move|p2a: Jirachi|U-turn|p1a: The Toed
|-damage|p1a: The Toed|11/100
|
|t:|1725219473
|switch|p2a: Abomasnow|Abomasnow, M|100/100|[from] U-turn
|-weather|Hail|[from] ability: Snow Warning|[of] p2a: Abomasnow
|
|-weather|Hail|[upkeep]
|-damage|p1a: The Toed|5/100|[from] Hail
|-heal|p1a: The Toed|11/100|[from] item: Leftovers
|upkeep
|turn|24
|
|t:|1725219490
|move|p2a: Abomasnow|Blizzard|p1a: The Toed
|-resisted|p1a: The Toed
|-damage|p1a: The Toed|0 fnt
|faint|p1a: The Toed
|
|-weather|Hail|[upkeep]
|upkeep
|
|t:|1725219493
|switch|p1a: Latios|Latios, M|47/100
|turn|25
|
|t:|1725219501
|switch|p2a: Jirachi|Jirachi|70/100
|move|p1a: Latios|Draco Meteor|p2a: Jirachi
|-resisted|p2a: Jirachi
|-damage|p2a: Jirachi|45/100
|-unboost|p1a: Latios|spa|2
|
|-weather|Hail|[upkeep]
|-damage|p1a: Latios|41/100|[from] Hail
|-damage|p2a: Jirachi|39/100|[from] Hail
|-heal|p2a: Jirachi|45/100|[from] item: Leftovers
|upkeep
|turn|26
|-message|ImaginewasTaken forfeited.
|
|win|BookofConke
|raw|ImaginewasTaken's rating: 1414 &rarr; <strong>1399</strong><br />(-15 for losing)
|raw|BookofConke's rating: 1499 &rarr; <strong>1514</strong><br />(+15 for winning)
|l|☆ImaginewasTaken
|player|p1|
