|j|☆AstroMigui
|j|☆bxh318916
|t:|1730280177
|gametype|singles
|player|p1|AstroMigui|169|1384
|player|p2|bxh318916|steven|1349
|teamsize|p1|6
|teamsize|p2|6
|gen|5
|tier|[Gen 5] OU
|rated|
|rule|Species Clause: Limit one of each Pokémon
|rule|OHKO Clause: OHKO moves are banned
|rule|Moody Clause: Moody is banned
|rule|Evasion Items Clause: Evasion items are banned
|rule|Evasion Moves Clause: Evasion moves are banned
|rule|Endless Battle Clause: Forcing endless battles is banned
|rule|HP Percentage Mod: HP is shown in percentages
|rule|Evasion Abilities Clause: Evasion abilities are banned
|rule|Sleep Moves Clause: Sleep-inducing moves are banned
|rule|Swagger Clause: Swagger is banned
|rule|Baton Pass Stat Clause: No Baton Passer may have a way to boost its stats
|clearpoke
|poke|p1|Jirachi|item
|poke|p1|Garchomp, F|item
|poke|p1|Dragonite, M|item
|poke|p1|Latios, M|item
|poke|p1|Magnezone|item
|poke|p1|Gyarados, M|item
|poke|p2|Tyranitar, M|item
|poke|p2|Keldeo|item
|poke|p2|Garchomp, F|item
|poke|p2|Zapdos|item
|poke|p2|Scizor, M|item
|poke|p2|Starmie|item
|teampreview
|
|t:|1730280202
|start
|switch|p1a: Jirachi|Jirachi|100/100
|switch|p2a: Garchomp|Garchomp, F|100/100
|turn|1
|
|t:|1730280216
|move|p2a: Garchomp|Stealth Rock|p1a: Jirachi
|-sidestart|p1: AstroMigui|move: Stealth Rock
|move|p1a: Jirachi|Icy Wind|p2a: Garchomp
|-supereffective|p2a: Garchomp
|-damage|p2a: Garchomp|50/100
|-unboost|p2a: Garchomp|spe|1
|
|upkeep
|turn|2
|
|t:|1730280227
|switch|p2a: Scizor|Scizor, M|100/100
|move|p1a: Jirachi|Icy Wind|p2a: Scizor
|-resisted|p2a: Scizor
|-damage|p2a: Scizor|92/100
|-unboost|p2a: Scizor|spe|1
|
|-heal|p2a: Scizor|98/100|[from] item: Leftovers
|upkeep
|turn|3
|
|t:|1730280238
|move|p1a: Jirachi|U-turn|p2a: Scizor
|-resisted|p2a: Scizor
|-damage|p2a: Scizor|93/100
|
|t:|1730280242
|switch|p1a: Magnezone|Magnezone|100/100|[from] U-turn
|-damage|p1a: Magnezone|94/100|[from] Stealth Rock
|-item|p1a: Magnezone|Air Balloon
|move|p2a: Scizor|Swords Dance|p2a: Scizor
|-boost|p2a: Scizor|atk|2
|
|-heal|p2a: Scizor|99/100|[from] item: Leftovers
|upkeep
|turn|4
|
|t:|1730280254
|move|p2a: Scizor|Bullet Punch|p1a: Magnezone
|-resisted|p1a: Magnezone
|-damage|p1a: Magnezone|80/100
|-enditem|p1a: Magnezone|Air Balloon
|move|p1a: Magnezone|Hidden Power|p2a: Scizor
|-supereffective|p2a: Scizor
|-damage|p2a: Scizor|0 fnt
|faint|p2a: Scizor
|
|upkeep
|
|t:|1730280271
|switch|p2a: Garchomp|Garchomp, F|50/100
|turn|5
|
|t:|1730280291
|switch|p1a: Gyarados|Gyarados, M|100/100
|-damage|p1a: Gyarados|76/100|[from] Stealth Rock
|move|p2a: Garchomp|Stone Edge|p1a: Gyarados
|-supereffective|p1a: Gyarados
|-damage|p1a: Gyarados|0 fnt
|faint|p1a: Gyarados
|
|upkeep
|
|t:|1730280310
|switch|p1a: Jirachi|Jirachi|100/100
|-damage|p1a: Jirachi|94/100|[from] Stealth Rock
|turn|6
|
|t:|1730280317
|switch|p2a: Starmie|Starmie|100/100
|move|p1a: Jirachi|Stealth Rock|p2a: Starmie
|-sidestart|p2: bxh318916|move: Stealth Rock
|
|upkeep
|turn|7
|
|t:|1730280324
|move|p2a: Starmie|Thunder Wave|p1a: Jirachi
|-status|p1a: Jirachi|par
|cant|p1a: Jirachi|par
|
|upkeep
|turn|8
|
|t:|1730280330
|move|p2a: Starmie|Rapid Spin|p1a: Jirachi
|-resisted|p1a: Jirachi
|-damage|p1a: Jirachi|93/100 par
|-sideend|p2: bxh318916|Stealth Rock|[from] move: Rapid Spin|[of] p2a: Starmie
|move|p1a: Jirachi|Thunder|p2a: Starmie|[miss]
|-miss|p1a: Jirachi|p2a: Starmie
|
|upkeep
|turn|9
|
|t:|1730280348
|switch|p2a: Garchomp|Garchomp, F|50/100
|move|p1a: Jirachi|Thunder|p2a: Garchomp
|-immune|p2a: Garchomp
|
|upkeep
|turn|10
|
|t:|1730280357
|move|p2a: Garchomp|Earthquake|p1a: Jirachi
|-supereffective|p1a: Jirachi
|-enditem|p1a: Jirachi|Shuca Berry|[eat]
|-enditem|p1a: Jirachi|Shuca Berry|[weaken]
|-damage|p1a: Jirachi|49/100 par
|move|p1a: Jirachi|Icy Wind|p2a: Garchomp
|-supereffective|p2a: Garchomp
|-damage|p2a: Garchomp|0 fnt
|faint|p2a: Garchomp
|
|upkeep
|
|t:|1730280369
|switch|p2a: Tyranitar|Tyranitar, M|100/100
|-weather|Sandstorm|[from] ability: Sand Stream|[of] p2a: Tyranitar
|turn|11
|
|t:|1730280382
|move|p2a: Tyranitar|Crunch|p1a: Jirachi
|-damage|p1a: Jirachi|0 fnt
|faint|p1a: Jirachi
|
|-weather|Sandstorm|[upkeep]
|upkeep
|
|t:|1730280397
|switch|p1a: Garchomp|Garchomp, F|100/100
|-damage|p1a: Garchomp|94/100|[from] Stealth Rock
|turn|12
|
|t:|1730280405
|switch|p2a: Zapdos|Zapdos|100/100
|-ability|p2a: Zapdos|Pressure
|move|p1a: Garchomp|Dual Chop|p2a: Zapdos
|-damage|p2a: Zapdos|80/100
|-damage|p2a: Zapdos|57/100
|-hitcount|p2a: Zapdos|2
|
|-weather|Sandstorm|[upkeep]
|-damage|p2a: Zapdos|51/100|[from] Sandstorm
|-heal|p2a: Zapdos|57/100|[from] item: Leftovers
|upkeep
|turn|13
|
|t:|1730280418
|move|p1a: Garchomp|Dual Chop|p2a: Zapdos
|-damage|p2a: Zapdos|36/100
|-damage|p2a: Zapdos|14/100
|-hitcount|p2a: Zapdos|2
|move|p2a: Zapdos|Roost|p2a: Zapdos
|-heal|p2a: Zapdos|64/100
|-singleturn|p2a: Zapdos|move: Roost
|
|-weather|Sandstorm|[upkeep]
|-damage|p2a: Zapdos|58/100|[from] Sandstorm
|-heal|p2a: Zapdos|64/100|[from] item: Leftovers
|upkeep
|turn|14
|
|t:|1730280434
|move|p1a: Garchomp|Dual Chop|p2a: Zapdos
|-damage|p2a: Zapdos|44/100
|-damage|p2a: Zapdos|23/100
|-hitcount|p2a: Zapdos|2
|move|p2a: Zapdos|Roost|p2a: Zapdos
|-heal|p2a: Zapdos|73/100
|-singleturn|p2a: Zapdos|move: Roost
|
|-weather|Sandstorm|[upkeep]
|-damage|p2a: Zapdos|67/100|[from] Sandstorm
|-heal|p2a: Zapdos|73/100|[from] item: Leftovers
|upkeep
|turn|15
|
|t:|1730280448
|move|p1a: Garchomp|Dual Chop|p2a: Zapdos
|-damage|p2a: Zapdos|49/100
|-damage|p2a: Zapdos|29/100
|-hitcount|p2a: Zapdos|2
|move|p2a: Zapdos|Roost|p2a: Zapdos
|-heal|p2a: Zapdos|80/100
|-singleturn|p2a: Zapdos|move: Roost
|
|-weather|Sandstorm|[upkeep]
|-damage|p2a: Zapdos|74/100|[from] Sandstorm
|-heal|p2a: Zapdos|80/100|[from] item: Leftovers
|upkeep
|turn|16
|
|t:|1730280461
|switch|p1a: Latios|Latios, M|100/100
|-damage|p1a: Latios|88/100|[from] Stealth Rock
|move|p2a: Zapdos|Roost|p2a: Zapdos
|-heal|p2a: Zapdos|100/100
|-singleturn|p2a: Zapdos|move: Roost
|
|-weather|Sandstorm|[upkeep]
|-damage|p1a: Latios|82/100|[from] Sandstorm
|-damage|p2a: Zapdos|94/100|[from] Sandstorm
|-heal|p2a: Zapdos|100/100|[from] item: Leftovers
|upkeep
|turn|17
|
|t:|1730280474
|switch|p2a: Tyranitar|Tyranitar, M|100/100
|move|p1a: Latios|Draco Meteor|p2a: Tyranitar
|-damage|p2a: Tyranitar|37/100
|-unboost|p1a: Latios|spa|2
|
|-weather|Sandstorm|[upkeep]
|-damage|p1a: Latios|76/100|[from] Sandstorm
|upkeep
|turn|18
|
|t:|1730280485
|move|p1a: Latios|Draco Meteor|p2a: Tyranitar
|-damage|p2a: Tyranitar|7/100
|-unboost|p1a: Latios|spa|2
|move|p2a: Tyranitar|Crunch|p1a: Latios
|-supereffective|p1a: Latios
|-damage|p1a: Latios|0 fnt
|faint|p1a: Latios
|
|-weather|Sandstorm|[upkeep]
|upkeep
|
|t:|1730280498
|switch|p1a: Magnezone|Magnezone|80/100
|-damage|p1a: Magnezone|74/100|[from] Stealth Rock
|turn|19
|
|t:|1730280508
|move|p1a: Magnezone|Thunderbolt|p2a: Tyranitar
|-damage|p2a: Tyranitar|0 fnt
|faint|p2a: Tyranitar
|
|-weather|Sandstorm|[upkeep]
|upkeep
|
|t:|1730280515
|switch|p2a: Zapdos|Zapdos|100/100
|-ability|p2a: Zapdos|Pressure
|turn|20
|
|t:|1730280524
|move|p2a: Zapdos|Heat Wave|p1a: Magnezone|[miss]
|-miss|p2a: Zapdos|p1a: Magnezone
|move|p1a: Magnezone|Thunderbolt|p2a: Zapdos
|-damage|p2a: Zapdos|63/100
|
|-weather|Sandstorm|[upkeep]
|-damage|p2a: Zapdos|57/100|[from] Sandstorm
|-heal|p2a: Zapdos|63/100|[from] item: Leftovers
|upkeep
|turn|21
|
|t:|1730280535
|move|p2a: Zapdos|Roost|p2a: Zapdos
|-heal|p2a: Zapdos|100/100
|-singleturn|p2a: Zapdos|move: Roost
|move|p1a: Magnezone|Volt Switch|p2a: Zapdos
|-resisted|p2a: Zapdos
|-damage|p2a: Zapdos|87/100
|
|t:|1730280541
|switch|p1a: Dragonite|Dragonite, M|100/100|[from] Volt Switch
|-damage|p1a: Dragonite|76/100|[from] Stealth Rock
|
|-weather|Sandstorm|[upkeep]
|-damage|p1a: Dragonite|70/100|[from] Sandstorm
|-damage|p2a: Zapdos|81/100|[from] Sandstorm
|-heal|p2a: Zapdos|87/100|[from] item: Leftovers
|upkeep
|turn|22
|
|t:|1730280553
|move|p1a: Dragonite|Ice Punch|p2a: Zapdos
|-supereffective|p2a: Zapdos
|-damage|p2a: Zapdos|0 fnt
|faint|p2a: Zapdos
|
|-weather|Sandstorm|[upkeep]
|-damage|p1a: Dragonite|63/100|[from] Sandstorm
|upkeep
|
|t:|1730280562
|switch|p2a: Starmie|Starmie|100/100
|turn|23
|
|t:|1730280567
|switch|p1a: Magnezone|Magnezone|74/100
|-damage|p1a: Magnezone|68/100|[from] Stealth Rock
|move|p2a: Starmie|Scald|p1a: Magnezone
|-damage|p1a: Magnezone|33/100
|
|-weather|Sandstorm|[upkeep]
|-damage|p2a: Starmie|94/100|[from] Sandstorm
|-heal|p2a: Starmie|100/100|[from] item: Leftovers
|upkeep
|turn|24
|
|t:|1730280578
|move|p2a: Starmie|Scald|p1a: Magnezone
|-damage|p1a: Magnezone|0 fnt
|faint|p1a: Magnezone
|
|-weather|Sandstorm|[upkeep]
|-damage|p2a: Starmie|94/100|[from] Sandstorm
|-heal|p2a: Starmie|100/100|[from] item: Leftovers
|upkeep
|
|t:|1730280595
|switch|p1a: Dragonite|Dragonite, M|63/100
|-damage|p1a: Dragonite|39/100|[from] Stealth Rock
|turn|25
|
|t:|1730280610
|move|p1a: Dragonite|Extreme Speed|p2a: Starmie
|-damage|p2a: Starmie|48/100
|move|p2a: Starmie|Scald|p1a: Dragonite
|-resisted|p1a: Dragonite
|-damage|p1a: Dragonite|25/100
|
|-weather|Sandstorm|[upkeep]
|-damage|p2a: Starmie|42/100|[from] Sandstorm
|-damage|p1a: Dragonite|19/100|[from] Sandstorm
|-heal|p2a: Starmie|48/100|[from] item: Leftovers
|upkeep
|turn|26
|
|t:|1730280624
|move|p1a: Dragonite|Extreme Speed|p2a: Starmie
|-damage|p2a: Starmie|0 fnt
|faint|p2a: Starmie
|
|-weather|Sandstorm|[upkeep]
|-damage|p1a: Dragonite|13/100|[from] Sandstorm
|upkeep
|
|t:|1730280632
|switch|p2a: Keldeo|Keldeo|100/100
|turn|27
|
|t:|1730280638
|move|p1a: Dragonite|Extreme Speed|p2a: Keldeo
|-damage|p2a: Keldeo|48/100
|move|p2a: Keldeo|Scald|p1a: Dragonite
|-resisted|p1a: Dragonite
|-crit|p1a: Dragonite
|-damage|p1a: Dragonite|0 fnt
|faint|p1a: Dragonite
|
|-weather|Sandstorm|[upkeep]
|-damage|p2a: Keldeo|42/100|[from] Sandstorm
|-heal|p2a: Keldeo|48/100|[from] item: Leftovers
|upkeep
|
|t:|1730280644
|switch|p1a: Garchomp|Garchomp, F|94/100
|-damage|p1a: Garchomp|88/100|[from] Stealth Rock
|turn|28
|
|t:|1730280654
|move|p1a: Garchomp|Outrage|p2a: Keldeo
|-damage|p2a: Keldeo|0 fnt
|faint|p2a: Keldeo
|
|win|AstroMigui
|raw|AstroMigui's rating: 1384 &rarr; <strong>1402</strong><br />(+18 for winning)
|raw|bxh318916's rating: 1349 &rarr; <strong>1331</strong><br />(-18 for losing)
|c|☆AstroMigui|gg
|l|☆bxh318916
|player|p2|
