|j|bmy
|j|lyonsolo
|player|p1|bmy|274
|player|p2|lyonsolo|2
|gametype|singles
|gen|5
|tier|[Gen 5] OU
|rated
|seed|52112,57372,47334,25881
|rule|Evasion Abilities Clause: Evasion abilities are banned
|rule|Baton Pass Clause: Limit one Baton Passer, can't pass Spe and other stats simultaneously
|rule|Swagger Clause: Swagger is banned
|clearpoke
|poke|p1|Latias, F|item
|poke|p1|Ferrothorn, F|item
|poke|p1|Starmie|item
|poke|p1|Gliscor, F|item
|poke|p1|Tyranitar, F|item
|poke|p1|Heatran, M|item
|poke|p2|Amoonguss, M|item
|poke|p2|Tyranitar, F|item
|poke|p2|Landorus-Therian, M|item
|poke|p2|Starmie|item
|poke|p2|Scizor, F|item
|poke|p2|Terrakion|item
|rule|Sleep Clause Mod: Limit one foe put to sleep
|rule|Species Clause: Limit one of each Pokémon
|rule|OHKO Clause: OHKO moves are banned
|rule|Moody Clause: Moody is banned
|rule|Evasion Moves Clause: Evasion moves are banned
|rule|Endless Battle Clause: Forcing endless battles is banned
|rule|HP Percentage Mod: HP is shown in percentages
|teampreview
|choice|team 4, team 2, team 3, team 1, team 5, team 6|team 3, team 2, team 1, team 4, team 5, team 6
|
|start
|switch|p1a: Gliscor|Gliscor, F|301/301
|switch|p2a: Landorus|Landorus-Therian, M|319/319
|-ability|p2a: Landorus|Intimidate|boost
|-unboost|p1a: Gliscor|atk|1
|turn|1
|choice|switch 2|move uturn
|
|switch|p1a: Ferrothorn|Ferrothorn, F|352/352
|move|p2a: Landorus|U-turn|p1a: Ferrothorn
|-crit|p1a: Ferrothorn
|-damage|p1a: Ferrothorn|214/352
|-damage|p2a: Landorus|280/319|[from] ability: Iron Barbs|[of] p1a: Ferrothorn
|choice||switch 6
|
|switch|p2a: Terrakion|Terrakion|323/323
|
|-heal|p1a: Ferrothorn|236/352|[from] item: Leftovers
|upkeep
|turn|2
|choice|switch 3|move substitute
|
|switch|p1a: Starmie|Starmie|324/324
|move|p2a: Terrakion|Substitute|p2a: Terrakion
|-start|p2a: Terrakion|Substitute
|-damage|p2a: Terrakion|243/323
|
|upkeep
|turn|3
|choice|move scald|move stoneedge
|
|move|p1a: Starmie|Scald|p2a: Terrakion
|-supereffective|p2a: Terrakion
|-end|p2a: Terrakion|Substitute
|move|p2a: Terrakion|Stone Edge|p1a: Starmie
|-enditem|p2a: Terrakion|Rock Gem|[from] gem|[move] Stone Edge
|-damage|p1a: Starmie|26/324
|
|-heal|p1a: Starmie|46/324|[from] item: Leftovers
|upkeep
|turn|4
|choice|move recover|switch 3
|
|switch|p2a: Amoonguss|Amoonguss, M|423/423
|move|p1a: Starmie|Recover|p1a: Starmie
|-heal|p1a: Starmie|208/324
|
|-heal|p1a: Starmie|228/324|[from] item: Leftovers
|upkeep
|turn|5
|choice|move recover|move spore
|
|move|p1a: Starmie|Recover|p1a: Starmie
|-heal|p1a: Starmie|324/324
|move|p2a: Amoonguss|Spore|p1a: Starmie
|-status|p1a: Starmie|slp
|
|upkeep
|turn|6
|choice|switch 3|move spore
|
|-curestatus|p1a: Starmie|slp|[from] ability: Natural Cure
|switch|p1a: Ferrothorn|Ferrothorn, F|236/352
|move|p2a: Amoonguss|Spore|p1a: Ferrothorn
|-status|p1a: Ferrothorn|slp
|
|-heal|p1a: Ferrothorn|258/352 slp|[from] item: Leftovers
|upkeep
|turn|7
|j|Future Colours
|choice|switch 2|switch 2
|
|switch|p2a: Tyranitar|Tyranitar, F|403/403
|-weather|Sandstorm|[from] ability: Sand Stream|[of] p2a: Tyranitar
|switch|p1a: Gliscor|Gliscor, F|301/301
|
|-weather|Sandstorm|[upkeep]
|-status|p1a: Gliscor|tox|[from] item: Toxic Orb
|upkeep
|turn|8
|l|Future Colours
|choice|move substitute|move icebeam
|
|move|p1a: Gliscor|Substitute|p1a: Gliscor
|-start|p1a: Gliscor|Substitute
|-damage|p1a: Gliscor|226/301 tox
|move|p2a: Tyranitar|Ice Beam|p1a: Gliscor
|-supereffective|p1a: Gliscor
|-crit|p1a: Gliscor
|-end|p1a: Gliscor|Substitute
|
|-weather|Sandstorm|[upkeep]
|-heal|p1a: Gliscor|263/301 tox|[from] ability: Poison Heal
|upkeep
|turn|9
|choice|switch 5|move stealthrock
|
|switch|p1a: Tyranitar|Tyranitar, F|404/404
|move|p2a: Tyranitar|Stealth Rock|p1a: Tyranitar
|-sidestart|p1: bmy|move: Stealth Rock
|
|-weather|Sandstorm|[upkeep]
|upkeep
|turn|10
|choice|move stealthrock|switch 6
|
|switch|p2a: Landorus|Landorus-Therian, M|280/319
|-ability|p2a: Landorus|Intimidate|boost
|-unboost|p1a: Tyranitar|atk|1
|move|p1a: Tyranitar|Stealth Rock|p2a: Landorus
|-sidestart|p2: lyonsolo|move: Stealth Rock
|
|-weather|Sandstorm|[upkeep]
|upkeep
|turn|11
|choice|move stoneedge|move uturn
|
|move|p2a: Landorus|U-turn|p1a: Tyranitar
|-supereffective|p1a: Tyranitar
|-damage|p1a: Tyranitar|230/404
|choice||switch 3
|
|switch|p2a: Terrakion|Terrakion|243/323
|-damage|p2a: Terrakion|223/323|[from] Stealth Rock
|move|p1a: Tyranitar|Stone Edge|p2a: Terrakion|[miss]
|-miss|p1a: Tyranitar|p2a: Terrakion
|
|-weather|Sandstorm|[upkeep]
|upkeep
|turn|12
|choice|switch 5|move closecombat
|
|switch|p1a: Gliscor|Gliscor, F|263/301 tox
|-damage|p1a: Gliscor|226/301 tox|[from] Stealth Rock
|move|p2a: Terrakion|Close Combat|p1a: Gliscor
|-resisted|p1a: Gliscor
|-damage|p1a: Gliscor|145/301 tox
|-unboost|p2a: Terrakion|def|1
|-unboost|p2a: Terrakion|spd|1
|
|-weather|Sandstorm|[upkeep]
|-heal|p1a: Gliscor|182/301 tox|[from] ability: Poison Heal
|upkeep
|turn|13
|choice|move earthquake|switch 2
|
|switch|p2a: Amoonguss|Amoonguss, M|423/423
|-damage|p2a: Amoonguss|371/423|[from] Stealth Rock
|move|p1a: Gliscor|Earthquake|p2a: Amoonguss
|-crit|p2a: Amoonguss
|-damage|p2a: Amoonguss|64/423
|
|-weather|Sandstorm|[upkeep]
|-damage|p2a: Amoonguss|38/423|[from] sandstorm
|-heal|p2a: Amoonguss|64/423|[from] item: Black Sludge
|-heal|p1a: Gliscor|219/301 tox|[from] ability: Poison Heal
|upkeep
|turn|14
|choice|move icefang|switch 3
|
|switch|p2a: Landorus|Landorus-Therian, M|280/319
|-damage|p2a: Landorus|241/319|[from] Stealth Rock
|-ability|p2a: Landorus|Intimidate|boost
|-unboost|p1a: Gliscor|atk|1
|move|p1a: Gliscor|Ice Fang|p2a: Landorus
|-supereffective|p2a: Landorus
|-damage|p2a: Landorus|45/319
|
|-weather|Sandstorm|[upkeep]
|-heal|p1a: Gliscor|256/301 tox|[from] ability: Poison Heal
|upkeep
|turn|15
|choice|switch 6|move explosion
|
|switch|p1a: Heatran|Heatran, M|386/386
|-damage|p1a: Heatran|338/386|[from] Stealth Rock
|move|p2a: Landorus|Explosion|p1a: Heatran
|-resisted|p1a: Heatran
|-crit|p1a: Heatran
|-damage|p1a: Heatran|44/386
|faint|p2a: Landorus
|
|-weather|Sandstorm|[upkeep]
|-heal|p1a: Heatran|68/386|[from] item: Leftovers
|upkeep
|choice||switch 4
|
|switch|p2a: Starmie|Starmie|323/323
|-damage|p2a: Starmie|283/323|[from] Stealth Rock
|turn|16
|choice|move toxic|move scald
|
|move|p2a: Starmie|Scald|p1a: Heatran
|-supereffective|p1a: Heatran
|-damage|p1a: Heatran|0 fnt
|faint|p1a: Heatran
|
|-weather|Sandstorm|[upkeep]
|-damage|p2a: Starmie|263/323|[from] sandstorm
|-heal|p2a: Starmie|283/323|[from] item: Leftovers
|upkeep
|choice|switch 5|
|
|switch|p1a: Tyranitar|Tyranitar, F|230/404
|-damage|p1a: Tyranitar|180/404|[from] Stealth Rock
|turn|17
|choice|move crunch|move scald
|
|move|p2a: Starmie|Scald|p1a: Tyranitar
|-supereffective|p1a: Tyranitar
|-damage|p1a: Tyranitar|90/404
|move|p1a: Tyranitar|Crunch|p2a: Starmie
|-supereffective|p2a: Starmie
|-damage|p2a: Starmie|1/323
|-unboost|p2a: Starmie|def|1
|
|-weather|Sandstorm|[upkeep]
|-damage|p2a: Starmie|0 fnt|[from] sandstorm
|upkeep
|faint|p2a: Starmie
|choice||switch 5
|
|switch|p2a: Scizor|Scizor, F|319/319
|-damage|p2a: Scizor|280/319|[from] Stealth Rock
|turn|18
|choice|move stoneedge|move bulletpunch
|
|move|p2a: Scizor|Bullet Punch|p1a: Tyranitar
|-supereffective|p1a: Tyranitar
|-crit|p1a: Tyranitar
|-damage|p1a: Tyranitar|0 fnt
|faint|p1a: Tyranitar
|
|-weather|Sandstorm|[upkeep]
|upkeep
|choice|switch 6|
|
|switch|p1a: Gliscor|Gliscor, F|256/301 tox
|-damage|p1a: Gliscor|219/301 tox|[from] Stealth Rock
|turn|19
|choice|move earthquake|move bulletpunch
|
|move|p2a: Scizor|Bullet Punch|p1a: Gliscor
|-damage|p1a: Gliscor|68/301 tox
|move|p1a: Gliscor|Earthquake|p2a: Scizor
|-damage|p2a: Scizor|136/319
|
|-weather|Sandstorm|[upkeep]
|-heal|p1a: Gliscor|105/301 tox|[from] ability: Poison Heal
|upkeep
|turn|20
|choice|switch 3|move bulletpunch
|
|switch|p1a: Starmie|Starmie|324/324
|-damage|p1a: Starmie|284/324|[from] Stealth Rock
|move|p2a: Scizor|Bullet Punch|p1a: Starmie
|-resisted|p1a: Starmie
|-damage|p1a: Starmie|195/324
|
|-weather|Sandstorm|[upkeep]
|-damage|p1a: Starmie|175/324|[from] sandstorm
|-heal|p1a: Starmie|195/324|[from] item: Leftovers
|upkeep
|turn|21
|choice|move scald|switch 3
|
|switch|p2a: Amoonguss|Amoonguss, M|205/423
|-damage|p2a: Amoonguss|153/423|[from] Stealth Rock
|move|p1a: Starmie|Scald|p2a: Amoonguss
|-resisted|p2a: Amoonguss
|-damage|p2a: Amoonguss|96/423
|
|-weather|Sandstorm|[upkeep]
|-damage|p1a: Starmie|175/324|[from] sandstorm
|-damage|p2a: Amoonguss|70/423|[from] sandstorm
|-heal|p1a: Starmie|195/324|[from] item: Leftovers
|-heal|p2a: Amoonguss|96/423|[from] item: Black Sludge
|upkeep
|turn|22
|choice|move rapidspin|move gigadrain
|
|move|p1a: Starmie|Rapid Spin|p2a: Amoonguss
|-damage|p2a: Amoonguss|85/423
|-sideend|p1: bmy|Stealth Rock|[from] move: Rapid Spin|[of] p1a: Starmie
|move|p2a: Amoonguss|Giga Drain|p1a: Starmie
|-supereffective|p1a: Starmie
|-damage|p1a: Starmie|3/324
|-heal|p2a: Amoonguss|181/423|[from] drain|[of] p1a: Starmie
|
|-weather|Sandstorm|[upkeep]
|-damage|p1a: Starmie|0 fnt|[from] sandstorm
|-damage|p2a: Amoonguss|155/423|[from] sandstorm
|-heal|p2a: Amoonguss|181/423|[from] item: Black Sludge
|upkeep
|faint|p1a: Starmie
|choice|switch 4|
|
|switch|p1a: Latias|Latias, F|364/364
|turn|23
|choice|move calmmind|switch 6
|
|switch|p2a: Tyranitar|Tyranitar, F|403/403
|-damage|p2a: Tyranitar|353/403|[from] Stealth Rock
|move|p1a: Latias|Calm Mind|p1a: Latias
|-boost|p1a: Latias|spa|1
|-boost|p1a: Latias|spd|1
|
|-weather|Sandstorm|[upkeep]
|-damage|p1a: Latias|342/364|[from] sandstorm
|-heal|p1a: Latias|364/364|[from] item: Leftovers
|-heal|p2a: Tyranitar|378/403|[from] item: Leftovers
|upkeep
|turn|24
|choice|move dragonpulse|move crunch
|
|move|p1a: Latias|Dragon Pulse|p2a: Tyranitar
|-crit|p2a: Tyranitar
|-damage|p2a: Tyranitar|164/403
|move|p2a: Tyranitar|Crunch|p1a: Latias
|-supereffective|p1a: Latias
|-damage|p1a: Latias|58/364
|
|-weather|Sandstorm|[upkeep]
|-damage|p1a: Latias|36/364|[from] sandstorm
|-heal|p1a: Latias|58/364|[from] item: Leftovers
|-heal|p2a: Tyranitar|189/403|[from] item: Leftovers
|upkeep
|turn|25
|choice|move dragonpulse|move crunch
|
|move|p1a: Latias|Dragon Pulse|p2a: Tyranitar
|-damage|p2a: Tyranitar|78/403
|move|p2a: Tyranitar|Crunch|p1a: Latias
|-supereffective|p1a: Latias
|-damage|p1a: Latias|0 fnt
|faint|p1a: Latias
|
|-weather|Sandstorm|[upkeep]
|-heal|p2a: Tyranitar|103/403|[from] item: Leftovers
|upkeep
|choice|switch 3|
|
|switch|p1a: Gliscor|Gliscor, F|105/301 tox
|turn|26
|choice|move earthquake|move icebeam
|
|move|p1a: Gliscor|Earthquake|p2a: Tyranitar
|-supereffective|p2a: Tyranitar
|-damage|p2a: Tyranitar|0 fnt
|faint|p2a: Tyranitar
|
|-weather|Sandstorm|[upkeep]
|-heal|p1a: Gliscor|142/301 tox|[from] ability: Poison Heal
|upkeep
|choice||switch 3
|
|switch|p2a: Scizor|Scizor, F|136/319
|-damage|p2a: Scizor|97/319|[from] Stealth Rock
|turn|27
|choice|switch 2|move bulletpunch
|
|switch|p1a: Ferrothorn|Ferrothorn, F|258/352 slp
|move|p2a: Scizor|Bullet Punch|p1a: Ferrothorn
|-resisted|p1a: Ferrothorn
|-damage|p1a: Ferrothorn|188/352 slp
|-damage|p2a: Scizor|58/319|[from] ability: Iron Barbs|[of] p1a: Ferrothorn
|
|-weather|Sandstorm|[upkeep]
|-heal|p1a: Ferrothorn|210/352 slp|[from] item: Leftovers
|upkeep
|turn|28
|choice|move gyroball|switch 6
|
|switch|p2a: Amoonguss|Amoonguss, M|322/423
|-damage|p2a: Amoonguss|270/423|[from] Stealth Rock
|cant|p1a: Ferrothorn|slp
|
|-weather|Sandstorm|[upkeep]
|-damage|p2a: Amoonguss|244/423|[from] sandstorm
|-heal|p2a: Amoonguss|270/423|[from] item: Black Sludge
|-heal|p1a: Ferrothorn|232/352 slp|[from] item: Leftovers
|upkeep
|turn|29
|choice|move gyroball|move hiddenpower
|
|move|p2a: Amoonguss|Hidden Power|p1a: Ferrothorn
|-supereffective|p1a: Ferrothorn
|-damage|p1a: Ferrothorn|72/352 slp
|-curestatus|p1a: Ferrothorn|slp|[msg]
|move|p1a: Ferrothorn|Gyro Ball|p2a: Amoonguss
|-damage|p2a: Amoonguss|198/423
|
|-weather|Sandstorm|[upkeep]
|-damage|p2a: Amoonguss|172/423|[from] sandstorm
|-heal|p2a: Amoonguss|198/423|[from] item: Black Sludge
|-heal|p1a: Ferrothorn|94/352|[from] item: Leftovers
|upkeep
|turn|30
|choice|move leechseed|move hiddenpower
|
|move|p2a: Amoonguss|Hidden Power|p1a: Ferrothorn
|-supereffective|p1a: Ferrothorn
|-damage|p1a: Ferrothorn|0 fnt
|faint|p1a: Ferrothorn
|
|-weather|Sandstorm|[upkeep]
|-damage|p2a: Amoonguss|172/423|[from] sandstorm
|-heal|p2a: Amoonguss|198/423|[from] item: Black Sludge
|upkeep
|choice|switch 2|
|
|switch|p1a: Gliscor|Gliscor, F|142/301 tox
|turn|31
|choice|move substitute|move gigadrain
|
|move|p1a: Gliscor|Substitute|p1a: Gliscor
|-start|p1a: Gliscor|Substitute
|-damage|p1a: Gliscor|67/301 tox
|move|p2a: Amoonguss|Giga Drain|p1a: Gliscor
|-end|p1a: Gliscor|Substitute
|-heal|p2a: Amoonguss|236/423|[from] drain|[of] p1a: Gliscor
|
|-weather|Sandstorm|[upkeep]
|-damage|p2a: Amoonguss|210/423|[from] sandstorm
|-heal|p2a: Amoonguss|236/423|[from] item: Black Sludge
|-heal|p1a: Gliscor|104/301 tox|[from] ability: Poison Heal
|upkeep
|turn|32
|choice|move icefang|move gigadrain
|
|move|p1a: Gliscor|Ice Fang|p2a: Amoonguss
|-supereffective|p2a: Amoonguss
|-damage|p2a: Amoonguss|86/423
|move|p2a: Amoonguss|Giga Drain|p1a: Gliscor
|-crit|p1a: Gliscor
|-damage|p1a: Gliscor|0 fnt
|-heal|p2a: Amoonguss|138/423|[from] drain|[of] p1a: Gliscor
|faint|p1a: Gliscor
|
|win|lyonsolo
|l|bmy
|raw|bmy's rating: 1564 &rarr; <strong>1529</strong><br />(-35 for losing)
|raw|lyonsolo's rating: 1249 &rarr; <strong>1292</strong><br />(+43 for winning)