|j|☆Bnzuko
|j|☆the alchemist 67
|t:|1730283117
|gametype|singles
|player|p1|Bnzuko|blackbelt-gen4|1448
|player|p2|the alchemist 67|rood|1370
|teamsize|p1|6
|teamsize|p2|6
|gen|5
|tier|[Gen 5] OU
|rated|
|rule|Species Clause: Limit one of each Pokémon
|rule|OHKO Clause: OHKO moves are banned
|rule|Moody Clause: Moody is banned
|rule|Evasion Items Clause: Evasion items are banned
|rule|Evasion Moves Clause: Evasion moves are banned
|rule|Endless Battle Clause: Forcing endless battles is banned
|rule|HP Percentage Mod: HP is shown in percentages
|rule|Evasion Abilities Clause: Evasion abilities are banned
|rule|Sleep Moves Clause: Sleep-inducing moves are banned
|rule|Swagger Clause: Swagger is banned
|rule|Baton Pass Stat Clause: No Baton Passer may have a way to boost its stats
|clearpoke
|poke|p1|Landorus-Therian, M|item
|poke|p1|Thundurus-Therian, M|item
|poke|p1|Heatran, F|item
|poke|p1|Jirachi|item
|poke|p1|Garchomp, F|item
|poke|p1|Conkeldurr, F|item
|poke|p2|Haxorus, F|item
|poke|p2|Magnezone|item
|poke|p2|Mamoswine, M|item
|poke|p2|Latios, M|item
|poke|p2|Garchomp, M|item
|poke|p2|Politoed, F|item
|teampreview
|inactive|Battle timer is ON: inactive players will automatically lose when time's up. (requested by Bnzuko)
|
|t:|1730283130
|start
|switch|p1a: Landorus|Landorus-Therian, M|100/100
|switch|p2a: Politoed|Politoed, F|100/100
|-weather|RainDance|[from] ability: Drizzle|[of] p2a: Politoed
|-ability|p1a: Landorus|Intimidate|boost
|-unboost|p2a: Politoed|atk|1
|turn|1
|
|t:|1730283133
|move|p2a: Politoed|Ice Beam|p1a: Landorus
|-supereffective|p1a: Landorus
|-crit|p1a: Landorus
|-enditem|p1a: Landorus|Focus Sash
|-damage|p1a: Landorus|1/100
|move|p1a: Landorus|Stealth Rock|p2a: Politoed
|-sidestart|p2: the alchemist 67|move: Stealth Rock
|
|-weather|RainDance|[upkeep]
|upkeep
|turn|2
|
|t:|1730283141
|switch|p1a: Jirachi|Jirachi, shiny|100/100
|move|p2a: Politoed|Ice Beam|p1a: Jirachi
|-resisted|p1a: Jirachi
|-damage|p1a: Jirachi|89/100
|
|-weather|RainDance|[upkeep]
|upkeep
|turn|3
|
|t:|1730283144
|switch|p2a: Magnezone|Magnezone|100/100
|-damage|p2a: Magnezone|94/100|[from] Stealth Rock
|-item|p2a: Magnezone|Air Balloon
|move|p1a: Jirachi|U-turn|p2a: Magnezone
|-resisted|p2a: Magnezone
|-damage|p2a: Magnezone|83/100
|-enditem|p2a: Magnezone|Air Balloon
|
|t:|1730283155
|switch|p1a: Garchomp|Garchomp, F|100/100|[from] U-turn
|
|-weather|RainDance|[upkeep]
|upkeep
|turn|4
|
|t:|1730283161
|switch|p2a: Latios|Latios, M|100/100
|-damage|p2a: Latios|88/100|[from] Stealth Rock
|move|p1a: Garchomp|Substitute|p1a: Garchomp
|-start|p1a: Garchomp|Substitute
|-damage|p1a: Garchomp|76/100
|
|-weather|RainDance|[upkeep]
|-heal|p1a: Garchomp|82/100|[from] item: Leftovers
|upkeep
|turn|5
|
|t:|1730283166
|switch|p2a: Magnezone|Magnezone|83/100
|-damage|p2a: Magnezone|77/100|[from] Stealth Rock
|move|p1a: Garchomp|Dragon Rush|p2a: Magnezone
|-resisted|p2a: Magnezone
|-damage|p2a: Magnezone|49/100
|
|-weather|RainDance|[upkeep]
|-heal|p1a: Garchomp|88/100|[from] item: Leftovers
|upkeep
|turn|6
|
|t:|1730283172
|move|p1a: Garchomp|Hone Claws|p1a: Garchomp
|-boost|p1a: Garchomp|atk|1
|-boost|p1a: Garchomp|accuracy|1
|move|p2a: Magnezone|Flash Cannon|p1a: Garchomp
|-end|p1a: Garchomp|Substitute
|
|-weather|RainDance|[upkeep]
|-heal|p1a: Garchomp|94/100|[from] item: Leftovers
|upkeep
|turn|7
|
|t:|1730283178
|move|p1a: Garchomp|Dragon Rush|p2a: Magnezone
|-resisted|p2a: Magnezone
|-damage|p2a: Magnezone|12/100
|move|p2a: Magnezone|Flash Cannon|p1a: Garchomp
|-damage|p1a: Garchomp|38/100
|-unboost|p1a: Garchomp|spd|1
|
|-weather|RainDance|[upkeep]
|-heal|p1a: Garchomp|44/100|[from] item: Leftovers
|upkeep
|turn|8
|
|t:|1730283184
|move|p1a: Garchomp|Dragon Rush|p2a: Magnezone
|-resisted|p2a: Magnezone
|-damage|p2a: Magnezone|0 fnt
|faint|p2a: Magnezone
|
|-weather|RainDance|[upkeep]
|-heal|p1a: Garchomp|51/100|[from] item: Leftovers
|upkeep
|
|t:|1730283197
|switch|p2a: Latios|Latios, M|88/100
|-damage|p2a: Latios|76/100|[from] Stealth Rock
|turn|9
|
|t:|1730283204
|switch|p1a: Landorus|Landorus-Therian, M|1/100
|-ability|p1a: Landorus|Intimidate|boost
|-unboost|p2a: Latios|atk|1
|move|p2a: Latios|Surf|p1a: Landorus
|-supereffective|p1a: Landorus
|-damage|p1a: Landorus|0 fnt
|faint|p1a: Landorus
|-damage|p2a: Latios|66/100|[from] item: Life Orb
|
|-weather|RainDance|[upkeep]
|upkeep
|
|t:|1730283210
|switch|p1a: Jirachi|Jirachi, shiny|89/100
|turn|10
|
|t:|1730283213
|move|p1a: Jirachi|U-turn|p2a: Latios
|-supereffective|p2a: Latios
|-damage|p2a: Latios|11/100
|
|t:|1730283222
|switch|p1a: Garchomp|Garchomp, F|51/100|[from] U-turn
|move|p2a: Latios|Surf|p1a: Garchomp
|-damage|p1a: Garchomp|0 fnt
|faint|p1a: Garchomp
|-damage|p2a: Latios|1/100|[from] item: Life Orb
|
|-weather|RainDance|[upkeep]
|upkeep
|
|t:|1730283225
|switch|p1a: Jirachi|Jirachi, shiny|89/100
|turn|11
|
|t:|1730283237
|switch|p2a: Politoed|Politoed, F|100/100
|-damage|p2a: Politoed|88/100|[from] Stealth Rock
|move|p1a: Jirachi|U-turn|p2a: Politoed
|-damage|p2a: Politoed|61/100
|
|t:|1730283249
|switch|p1a: Thundurus|Thundurus-Therian, M|100/100|[from] U-turn
|
|-weather|RainDance|[upkeep]
|upkeep
|turn|12
|
|t:|1730283252
|move|p2a: Politoed|Hydro Pump|p1a: Thundurus
|-damage|p1a: Thundurus|5/100
|move|p1a: Thundurus|Thunderbolt|p2a: Politoed
|-supereffective|p2a: Politoed
|-damage|p2a: Politoed|0 fnt
|faint|p2a: Politoed
|
|-weather|RainDance|[upkeep]
|-heal|p1a: Thundurus|11/100|[from] item: Leftovers
|upkeep
|
|t:|1730283266
|switch|p2a: Haxorus|Haxorus, F|100/100
|-damage|p2a: Haxorus|88/100|[from] Stealth Rock
|-ability|p2a: Haxorus|Mold Breaker
|turn|13
|
|t:|1730283269
|move|p1a: Thundurus|Hidden Power|p2a: Haxorus
|-supereffective|p2a: Haxorus
|-crit|p2a: Haxorus
|-damage|p2a: Haxorus|0 fnt
|faint|p2a: Haxorus
|
|-weather|RainDance|[upkeep]
|-heal|p1a: Thundurus|17/100|[from] item: Leftovers
|upkeep
|
|t:|1730283275
|switch|p2a: Mamoswine|Mamoswine, M|100/100
|-damage|p2a: Mamoswine|88/100|[from] Stealth Rock
|turn|14
|
|t:|1730283279
|move|p1a: Thundurus|Focus Blast|p2a: Mamoswine
|-supereffective|p2a: Mamoswine
|-damage|p2a: Mamoswine|0 fnt
|faint|p2a: Mamoswine
|
|-weather|RainDance|[upkeep]
|-heal|p1a: Thundurus|23/100|[from] item: Leftovers
|upkeep
|
|t:|1730283281
|switch|p2a: Garchomp|Garchomp, M|100/100
|-damage|p2a: Garchomp|94/100|[from] Stealth Rock
|turn|15
|
|t:|1730283283
|move|p2a: Garchomp|Outrage|p1a: Thundurus
|-damage|p1a: Thundurus|0 fnt
|faint|p1a: Thundurus
|
|-weather|RainDance|[upkeep]
|upkeep
|
|t:|1730283286
|switch|p1a: Jirachi|Jirachi, shiny|89/100
|turn|16
|
|t:|1730283288
|move|p2a: Garchomp|Outrage|p1a: Jirachi|[from]lockedmove
|-resisted|p1a: Jirachi
|-damage|p1a: Jirachi|59/100
|move|p1a: Jirachi|Ice Punch|p2a: Garchomp
|-supereffective|p2a: Garchomp
|-damage|p2a: Garchomp|14/100
|-damage|p1a: Jirachi|47/100|[from] ability: Rough Skin|[of] p2a: Garchomp
|
|-weather|RainDance|[upkeep]
|upkeep
|turn|17
|
|t:|1730283293
|move|p2a: Garchomp|Outrage|p1a: Jirachi|[from]lockedmove
|-resisted|p1a: Jirachi
|-damage|p1a: Jirachi|17/100
|-start|p2a: Garchomp|confusion|[fatigue]
|move|p1a: Jirachi|Ice Punch|p2a: Garchomp
|-supereffective|p2a: Garchomp
|-damage|p2a: Garchomp|0 fnt
|-damage|p1a: Jirachi|5/100|[from] ability: Rough Skin|[of] p2a: Garchomp
|faint|p2a: Garchomp
|
|-weather|RainDance|[upkeep]
|upkeep
|
|t:|1730283297
|switch|p2a: Latios|Latios, M|1/100
|-damage|p2a: Latios|0 fnt|[from] Stealth Rock
|faint|p2a: Latios
|
|win|Bnzuko
|raw|Bnzuko's rating: 1448 &rarr; <strong>1464</strong><br />(+16 for winning)
|raw|the alchemist 67's rating: 1370 &rarr; <strong>1354</strong><br />(-16 for losing)
