|j|Stads
|j|jhktvcuyktgf
|player|p1|Stads|46
|player|p2|jhktvcuyktgf|1
|gametype|singles
|gen|5
|tier|[Gen 5] OU
|rated
|seed|
|rule|Evasion Abilities Clause: Evasion abilities are banned
|rule|Baton Pass Clause: Limit one Baton Passer, can't pass Spe and other stats simultaneously
|rule|Swagger Clause: Swagger is banned
|clearpoke
|poke|p1|Politoed, F|item
|poke|p1|Ferrothorn, M|item
|poke|p1|Tentacruel, F|item
|poke|p1|Landorus-Therian, M|item
|poke|p1|Scizor, M|item
|poke|p1|Thundurus-Therian, M|item
|poke|p2|Celebi|item
|poke|p2|Politoed, M|item
|poke|p2|Excadrill, F|item
|poke|p2|Volcarona, M|item
|poke|p2|Starmie|item
|poke|p2|Ferrothorn, F|item
|rule|Sleep Clause Mod: Limit one foe put to sleep
|rule|Species Clause: Limit one of each Pokémon
|rule|OHKO Clause: OHKO moves are banned
|rule|Moody Clause: Moody is banned
|rule|Evasion Moves Clause: Evasion moves are banned
|rule|Endless Battle Clause: Forcing endless battles is banned
|rule|HP Percentage Mod: HP is shown in percentages
|teampreview
|choice||
|
|start
|switch|p1a: Landorus|Landorus-Therian, M|100/100
|switch|p2a: Volcarona|Volcarona, M|100/100
|-ability|p1a: Landorus|Intimidate|boost
|-unboost|p2a: Volcarona|atk|1
|turn|1
|choice||
|
|switch|p2a: Ferrothorn|Ferrothorn, F|100/100
|move|p1a: Landorus|Stealth Rock|p2a: Ferrothorn
|-sidestart|p2: jhktvcuyktgf|move: Stealth Rock
|
|turn|2
|choice||
|
|move|p1a: Landorus|Earthquake|p2a: Ferrothorn
|-damage|p2a: Ferrothorn|67/100
|move|p2a: Ferrothorn|Stealth Rock|p1a: Landorus
|-sidestart|p1: Stads|move: Stealth Rock
|
|-heal|p2a: Ferrothorn|74/100|[from] item: Leftovers
|turn|3
|choice||
|
|move|p1a: Landorus|Earthquake|p2a: Ferrothorn
|-damage|p2a: Ferrothorn|41/100
|move|p2a: Ferrothorn|Spikes|p1a: Landorus
|-sidestart|p1: Stads|Spikes
|
|-heal|p2a: Ferrothorn|47/100|[from] item: Leftovers
|turn|4
|choice||
|
|switch|p2a: Celebi|Celebi|100/100
|-damage|p2a: Celebi|88/100|[from] Stealth Rock
|move|p1a: Landorus|Earthquake|p2a: Celebi
|-resisted|p2a: Celebi
|-damage|p2a: Celebi|69/100
|
|-heal|p2a: Celebi|75/100|[from] item: Leftovers
|turn|5
|choice||
|
|switch|p2a: Ferrothorn|Ferrothorn, F|47/100
|-damage|p2a: Ferrothorn|41/100|[from] Stealth Rock
|move|p1a: Landorus|U-turn|p2a: Ferrothorn
|-damage|p2a: Ferrothorn|26/100
|-damage|p1a: Landorus|88/100|[from] ability: Iron Barbs|[of] p2a: Ferrothorn
|choice||
|
|switch|p1a: Thundurus|Thundurus-Therian, M|100/100
|-damage|p1a: Thundurus|76/100|[from] Stealth Rock
|
|-heal|p1a: Thundurus|82/100|[from] item: Leftovers
|-heal|p2a: Ferrothorn|33/100|[from] item: Leftovers
|turn|6
|choice||
|
|move|p1a: Thundurus|Nasty Plot|p1a: Thundurus
|-boost|p1a: Thundurus|spa|2
|move|p2a: Ferrothorn|Thunder Wave|p1a: Thundurus
|-heal|p1a: Thundurus|100/100|[from] ability: Volt Absorb|[of] p2a: Ferrothorn
|
|-heal|p2a: Ferrothorn|39/100|[from] item: Leftovers
|turn|7
|choice||
|
|move|p1a: Thundurus|Nasty Plot|p1a: Thundurus
|-boost|p1a: Thundurus|spa|2
|move|p2a: Ferrothorn|Power Whip|p1a: Thundurus
|-resisted|p1a: Thundurus
|-damage|p1a: Thundurus|75/100
|
|-heal|p1a: Thundurus|81/100|[from] item: Leftovers
|-heal|p2a: Ferrothorn|45/100|[from] item: Leftovers
|turn|8
|choice||
|
|move|p1a: Thundurus|Agility|p1a: Thundurus
|-boost|p1a: Thundurus|spe|2
|move|p2a: Ferrothorn|Power Whip|p1a: Thundurus
|-resisted|p1a: Thundurus
|-damage|p1a: Thundurus|56/100
|
|-heal|p1a: Thundurus|62/100|[from] item: Leftovers
|-heal|p2a: Ferrothorn|51/100|[from] item: Leftovers
|turn|9
|choice||
|
|move|p1a: Thundurus|Hidden Power|p2a: Ferrothorn
|-damage|p2a: Ferrothorn|0 fnt
|faint|p2a: Ferrothorn
|
|-heal|p1a: Thundurus|68/100|[from] item: Leftovers
|choice||
|
|switch|p2a: Excadrill|Excadrill, F|100/100
|-damage|p2a: Excadrill|97/100|[from] Stealth Rock
|-item|p2a: Excadrill|Air Balloon
|turn|10
|choice||
|
|move|p1a: Thundurus|Hidden Power|p2a: Excadrill
|-damage|p2a: Excadrill|0 fnt
|-enditem|p2a: Excadrill|Air Balloon
|faint|p2a: Excadrill
|
|-heal|p1a: Thundurus|74/100|[from] item: Leftovers
|c|★jhktvcuyktgf|well
|c|★jhktvcuyktgf|gg
|c|★jhktvcuyktgf|or w/e
|-message|jhktvcuyktgf lost due to inactivity.
|
|win|Stads
|player|p1
|player|p2
|raw|Stads's rating: 1338 &rarr; <strong>1357</strong><br />(+19 for winning)
|raw|jhktvcuyktgf's rating: 1329 &rarr; <strong>1309</strong><br />(-20 for losing)
|l|Stads
|l|jhktvcuyktgf