|join|deluks917 gen5
|join|Tokyo Tom
|player|p1|deluks917 gen5|23
|player|p2|Tokyo Tom|26
|gametype|singles
|gen|5
|tier|[Gen 5] OU
|rated
|rule|Evasion Abilities Clause: Evasion abilities are banned
|clearpoke
|poke|p1|Stoutland, F
|poke|p1|Hippowdon, F
|poke|p1|Reuniclus, M
|poke|p1|Latias, F
|poke|p1|Skarmory, F
|poke|p1|Jellicent, M
|poke|p2|Heracross, F
|poke|p2|Politoed, M
|poke|p2|Ferrothorn, F
|poke|p2|Gengar, M
|poke|p2|Starmie
|poke|p2|Tornadus, M
|rule|Sleep Clause Mod: Limit one foe put to sleep
|rule|Species Clause: Limit one of each Pokémon
|rule|OHKO Clause: OHKO moves are banned
|rule|Moody Clause: Moody is banned
|rule|Evasion Moves Clause: Evasion moves are banned
|rule|Endless Battle Clause: Forcing endless battles is banned
|rule|HP Percentage Mod: HP is shown in percentages
|teampreview
|join|sugarhigh
|c|★deluks917 gen5|gl friend
|c|★Tokyo Tom|HF man
|c| sugarhigh|nice torn check ._.
|
|start
|switch|p1a: Hippowdon|Hippowdon, F|420/420
|switch|p2a: Gengar|Gengar, M|261/261
|-weather|Sandstorm|[from] ability: Sand Stream|[of] p1a: Hippowdon
|turn|1
|
|move|p2a: Gengar|Shadow Ball|p1a: Hippowdon
|-damage|p1a: Hippowdon|208/420
|-damage|p2a: Gengar|235/261|[from] item: Life Orb
|move|p1a: Hippowdon|Stealth Rock|p2a: Gengar
|-sidestart|p2: Tokyo Tom|move: Stealth Rock
|
|-weather|Sandstorm|[upkeep]
|-damage|p2a: Gengar|219/261|[from] sandstorm
|-heal|p1a: Hippowdon|234/420|[from] item: Leftovers
|turn|2
|c| sugarhigh|is this literally aromacity
|c| sugarhigh|with a reun insted
|c| sugarhigh|._.
|
|switch|p2a: Ferrothorn|Ferrothorn, F|352/352
|-damage|p2a: Ferrothorn|330/352|[from] Stealth Rock
|switch|p1a: Skarmory|Skarmory, F|334/334
|
|-weather|Sandstorm|[upkeep]
|-heal|p2a: Ferrothorn|352/352|[from] item: Leftovers
|turn|3
|
|move|p1a: Skarmory|Spikes|p2a: Ferrothorn
|-sidestart|p2: Tokyo Tom|Spikes
|move|p2a: Ferrothorn|Stealth Rock|p1a: Skarmory
|-sidestart|p1: deluks917 gen5|move: Stealth Rock
|
|-weather|Sandstorm|[upkeep]
|turn|4
|c|★deluks917 gen5|alot of teams are similar lol only so much makes sense
|
|move|p2a: Ferrothorn|Spikes|p1a: Skarmory
|-sidestart|p1: deluks917 gen5|Spikes
|move|p1a: Skarmory|Whirlwind|p2a: Ferrothorn
|drag|p2a: Heracross|Heracross, F|301/301
|-damage|p2a: Heracross|264/301|[from] Stealth Rock
|-damage|p2a: Heracross|227/301|[from] Spikes
|
|-weather|Sandstorm|[upkeep]
|-damage|p2a: Heracross|209/301|[from] sandstorm
|turn|5
|
|switch|p2a: Tornadus|Tornadus, M|299/299
|-damage|p2a: Tornadus|225/299|[from] Stealth Rock
|move|p1a: Skarmory|Spikes|p2a: Tornadus
|-sidestart|p2: Tokyo Tom|Spikes
|
|-weather|Sandstorm|[upkeep]
|-damage|p2a: Tornadus|207/299|[from] sandstorm
|turn|6
|join|TheGary2346
|
|move|p2a: Tornadus|Hurricane|p1a: Skarmory
|-resisted|p1a: Skarmory
|-damage|p1a: Skarmory|186/334
|move|p1a: Skarmory|Toxic|p2a: Tornadus|[miss]
|-miss|p1a: Skarmory|p2a: Tornadus
|
|-weather|Sandstorm|[upkeep]
|-damage|p2a: Tornadus|189/299|[from] sandstorm
|-heal|p1a: Skarmory|206/334|[from] item: Leftovers
|turn|7
|
|switch|p2a: Gengar|Gengar, M|219/261
|-damage|p2a: Gengar|187/261|[from] Stealth Rock
|move|p1a: Skarmory|Roost|p1a: Skarmory
|-heal|p1a: Skarmory|334/334
|
|-weather|Sandstorm|[upkeep]
|-damage|p2a: Gengar|171/261|[from] sandstorm
|turn|8
|
|move|p2a: Gengar|Thunder|p1a: Skarmory|[miss]
|-miss|p2a: Gengar|p1a: Skarmory
|move|p1a: Skarmory|Whirlwind|p2a: Gengar
|drag|p2a: Tornadus|Tornadus, M|189/299
|-damage|p2a: Tornadus|115/299|[from] Stealth Rock
|
|-weather|Sandstorm|[upkeep]
|-damage|p2a: Tornadus|97/299|[from] sandstorm
|turn|9
|
|move|p2a: Tornadus|U-turn|p1a: Skarmory
|-resisted|p1a: Skarmory
|-damage|p1a: Skarmory|325/334
|
|switch|p2a: Politoed|Politoed, M|321/321
|-damage|p2a: Politoed|281/321|[from] Stealth Rock
|-damage|p2a: Politoed|228/321|[from] Spikes
|-weather|RainDance|[from] ability: Drizzle|[of] p2a: Politoed
|move|p1a: Skarmory|Roost|p1a: Skarmory
|-heal|p1a: Skarmory|334/334
|
|-weather|RainDance|[upkeep]
|turn|10
|
|switch|p2a: Gengar|Gengar, M|171/261
|-damage|p2a: Gengar|139/261|[from] Stealth Rock
|switch|p1a: Latias|Latias, F|364/364
|-damage|p1a: Latias|319/364|[from] Stealth Rock
|
|-weather|RainDance|[upkeep]
|-heal|p1a: Latias|341/364|[from] item: Leftovers
|turn|11
|
|move|p2a: Gengar|Shadow Ball|p1a: Latias
|-supereffective|p1a: Latias
|-damage|p1a: Latias|26/364
|-damage|p2a: Gengar|113/261|[from] item: Life Orb
|move|p1a: Latias|Dragon Pulse|p2a: Gengar
|-damage|p2a: Gengar|0 fnt
|faint|p2a: Gengar
|
|-weather|RainDance|[upkeep]
|-heal|p1a: Latias|48/364|[from] item: Leftovers
|
|switch|p2a: Starmie|Starmie|261/261
|-damage|p2a: Starmie|229/261|[from] Stealth Rock
|-damage|p2a: Starmie|186/261|[from] Spikes
|turn|12
|join|The DragonKnight
|
|switch|p1a: Hippowdon|Hippowdon, F|234/420
|-damage|p1a: Hippowdon|208/420|[from] Stealth Rock
|-damage|p1a: Hippowdon|156/420|[from] Spikes
|-weather|Sandstorm|[from] ability: Sand Stream|[of] p1a: Hippowdon
|move|p2a: Starmie|Thunder|p1a: Hippowdon
|-immune|p1a: Hippowdon|[msg]
|
|-weather|Sandstorm|[upkeep]
|-damage|p2a: Starmie|170/261|[from] sandstorm
|-heal|p1a: Hippowdon|182/420|[from] item: Leftovers
|turn|13
|
|switch|p1a: Jellicent|Jellicent, M|404/404
|-damage|p1a: Jellicent|354/404|[from] Stealth Rock
|-damage|p1a: Jellicent|304/404|[from] Spikes
|move|p2a: Starmie|Thunder|p1a: Jellicent
|-supereffective|p1a: Jellicent
|-damage|p1a: Jellicent|0 fnt
|-damage|p2a: Starmie|144/261|[from] item: Life Orb
|faint|p1a: Jellicent
|
|-weather|Sandstorm|[upkeep]
|-damage|p2a: Starmie|128/261|[from] sandstorm
|
|switch|p1a: Stoutland|Stoutland, F|311/311
|-damage|p1a: Stoutland|273/311|[from] Spikes
|-damage|p1a: Stoutland|235/311|[from] Stealth Rock
|turn|14
|c|★Tokyo Tom|50/50
|
|move|p1a: Stoutland|Pursuit|p2a: Starmie|[from]Pursuit
|-supereffective|p2a: Starmie
|-damage|p2a: Starmie|0 fnt
|faint|p2a: Starmie
|
|-weather|Sandstorm|[upkeep]
|c|★deluks917 gen5|stoutland mad powerful imo
|
|switch|p2a: Ferrothorn|Ferrothorn, F|352/352
|-damage|p2a: Ferrothorn|294/352|[from] Spikes
|-damage|p2a: Ferrothorn|272/352|[from] Stealth Rock
|turn|15
|
|switch|p1a: Hippowdon|Hippowdon, F|182/420
|-damage|p1a: Hippowdon|130/420|[from] Spikes
|-damage|p1a: Hippowdon|104/420|[from] Stealth Rock
|switch|p2a: Politoed|Politoed, M|228/321
|-damage|p2a: Politoed|175/321|[from] Spikes
|-damage|p2a: Politoed|135/321|[from] Stealth Rock
|-weather|RainDance|[from] ability: Drizzle|[of] p2a: Politoed
|
|-weather|RainDance|[upkeep]
|-heal|p1a: Hippowdon|130/420|[from] item: Leftovers
|turn|16
|
|switch|p1a: Latias|Latias, F|48/364
|-damage|p1a: Latias|3/364|[from] Stealth Rock
|move|p2a: Politoed|Hydro Pump|p1a: Latias
|-resisted|p1a: Latias
|-damage|p1a: Latias|0 fnt
|faint|p1a: Latias
|
|-weather|RainDance|[upkeep]
|
|switch|p1a: Hippowdon|Hippowdon, F|130/420
|-damage|p1a: Hippowdon|78/420|[from] Spikes
|-damage|p1a: Hippowdon|52/420|[from] Stealth Rock
|-weather|Sandstorm|[from] ability: Sand Stream|[of] p1a: Hippowdon
|turn|17
|
|move|p2a: Politoed|Hydro Pump|p1a: Hippowdon
|-supereffective|p1a: Hippowdon
|-damage|p1a: Hippowdon|0 fnt
|faint|p1a: Hippowdon
|
|-weather|Sandstorm|[upkeep]
|-damage|p2a: Politoed|115/321|[from] sandstorm
|
|switch|p1a: Stoutland|Stoutland, F|235/311
|-damage|p1a: Stoutland|197/311|[from] Stealth Rock
|-damage|p1a: Stoutland|159/311|[from] Spikes
|turn|18
|
|switch|p2a: Ferrothorn|Ferrothorn, F|272/352
|-damage|p2a: Ferrothorn|250/352|[from] Stealth Rock
|-damage|p2a: Ferrothorn|192/352|[from] Spikes
|move|p1a: Stoutland|Superpower|p2a: Ferrothorn
|-supereffective|p2a: Ferrothorn
|-damage|p2a: Ferrothorn|0 fnt
|-damage|p1a: Stoutland|121/311|[from] ability: Iron Barbs|[of] p2a: Ferrothorn
|-unboost|p1a: Stoutland|atk|1
|-unboost|p1a: Stoutland|def|1
|faint|p2a: Ferrothorn
|
|-weather|Sandstorm|[upkeep]
|
|switch|p2a: Politoed|Politoed, M|115/321
|-damage|p2a: Politoed|62/321|[from] Spikes
|-damage|p2a: Politoed|22/321|[from] Stealth Rock
|-weather|RainDance|[from] ability: Drizzle|[of] p2a: Politoed
|turn|19
|
|move|p2a: Politoed|Hydro Pump|p1a: Stoutland
|-damage|p1a: Stoutland|0 fnt
|faint|p1a: Stoutland
|
|-weather|RainDance|[upkeep]
|
|switch|p1a: Reuniclus|Reuniclus, M|424/424
|turn|20
|
|move|p2a: Politoed|Hydro Pump|p1a: Reuniclus
|-damage|p1a: Reuniclus|150/424
|move|p1a: Reuniclus|Psyshock|p2a: Politoed
|-damage|p2a: Politoed|0 fnt
|faint|p2a: Politoed
|
|-weather|RainDance|[upkeep]
|-heal|p1a: Reuniclus|176/424|[from] item: Leftovers
|
|switch|p2a: Tornadus|Tornadus, M|97/299
|-damage|p2a: Tornadus|23/299|[from] Stealth Rock
|turn|21
|join|Usatoday
|
|move|p2a: Tornadus|Hurricane|p1a: Reuniclus
|-damage|p1a: Reuniclus|0 fnt
|faint|p1a: Reuniclus
|
|-weather|RainDance|[upkeep]
|
|switch|p1a: Skarmory|Skarmory, F|334/334
|-damage|p1a: Skarmory|293/334|[from] Stealth Rock
|turn|22
|leave|Usatoday
|
|move|p2a: Tornadus|Hurricane|p1a: Skarmory
|-resisted|p1a: Skarmory
|-damage|p1a: Skarmory|163/334
|move|p1a: Skarmory|Toxic|p2a: Tornadus
|-status|p2a: Tornadus|tox
|
|-weather|RainDance|[upkeep]
|-heal|p1a: Skarmory|183/334|[from] item: Leftovers
|-damage|p2a: Tornadus|5/299 tox|[from] psn
|turn|23
|
|move|p2a: Tornadus|Hurricane|p1a: Skarmory
|-resisted|p1a: Skarmory
|-damage|p1a: Skarmory|45/334
|-start|p1a: Skarmory|confusion
|-activate|p1a: Skarmory|confusion
|move|p1a: Skarmory|Roost|p1a: Skarmory
|-heal|p1a: Skarmory|212/334
|
|-weather|RainDance|[upkeep]
|-heal|p1a: Skarmory|232/334|[from] item: Leftovers
|-damage|p2a: Tornadus|0 fnt|[from] psn
|faint|p2a: Tornadus
|
|switch|p2a: Heracross|Heracross, F|209/301
|-damage|p2a: Heracross|159/301|[from] Spikes
|-damage|p2a: Heracross|122/301|[from] Stealth Rock
|turn|24
|
|move|p2a: Heracross|Close Combat|p1a: Skarmory
|-damage|p1a: Skarmory|72/334
|-unboost|p2a: Heracross|def|1
|-unboost|p2a: Heracross|spd|1
|-activate|p1a: Skarmory|confusion
|move|p1a: Skarmory|Roost|p1a: Skarmory
|-heal|p1a: Skarmory|239/334
|
|-weather|RainDance|[upkeep]
|-heal|p1a: Skarmory|259/334|[from] item: Leftovers
|turn|25
|
|move|p2a: Heracross|Close Combat|p1a: Skarmory
|-damage|p1a: Skarmory|97/334
|-unboost|p2a: Heracross|def|1
|-unboost|p2a: Heracross|spd|1
|-activate|p1a: Skarmory|confusion
|-damage|p1a: Skarmory|83/334|[from] confusion
|
|-weather|RainDance|[upkeep]
|-heal|p1a: Skarmory|103/334|[from] item: Leftovers
|turn|26
|
|move|p2a: Heracross|Close Combat|p1a: Skarmory
|-damage|p1a: Skarmory|0 fnt
|-unboost|p2a: Heracross|def|1
|-unboost|p2a: Heracross|spd|1
|faint|p1a: Skarmory
|-boost|p2a: Heracross|atk|1|[from] ability: Moxie
|
|win|Tokyo Tom
|raw|Ladder updating...
|c|★deluks917 gen5|gg
|raw|deluks917 gen5's rating: 1425 &rarr; <strong>1405</strong><br />(-20 for losing)
|raw|Tokyo Tom's rating: 1415 &rarr; <strong>1435</strong><br />(+20 for winning)
|c|★Tokyo Tom|GG, sorry for the hax