|j|☆Franco J
|j|☆strictsceptile1
|t:|1710174358
|gametype|singles
|player|p1|Franco J|n|1312
|player|p2|strictsceptile1|170|1314
|teamsize|p1|6
|teamsize|p2|6
|gen|5
|tier|[Gen 5] OU
|rated|
|rule|Species Clause: Limit one of each Pokémon
|rule|OHKO Clause: OHKO moves are banned
|rule|Moody Clause: Moody is banned
|rule|Evasion Items Clause: Evasion items are banned
|rule|Evasion Moves Clause: Evasion moves are banned
|rule|Endless Battle Clause: Forcing endless battles is banned
|rule|HP Percentage Mod: HP is shown in percentages
|rule|Evasion Abilities Clause: Evasion abilities are banned
|rule|Sleep Moves Clause: Sleep-inducing moves are banned
|rule|Swagger Clause: Swagger is banned
|rule|Baton Pass Stat Clause: No Baton Passer may have a way to boost its stats
|clearpoke
|poke|p1|Lucario, M|item
|poke|p1|Sigilyph, F|item
|poke|p1|Skarmory, M|item
|poke|p1|Gengar, F|item
|poke|p1|Tyranitar, M|item
|poke|p1|Gastrodon, M|item
|poke|p2|Terrakion|item
|poke|p2|Starmie|item
|poke|p2|Dragonite, M|item
|poke|p2|Scizor, M|item
|poke|p2|Breloom, F|item
|poke|p2|Latios, M|item
|teampreview
|inactive|Battle timer is ON: inactive players will automatically lose when time's up. (requested by Franco J)
|
|t:|1710174377
|start
|switch|p1a: Skarmory|Skarmory, M|100/100
|switch|p2a: Terrakion|Terrakion|100/100
|turn|1
|c|☆strictsceptile1|GlHf
|
|t:|1710174384
|move|p2a: Terrakion|Taunt|p1a: Skarmory
|-start|p1a: Skarmory|move: Taunt
|cant|p1a: Skarmory|move: Taunt|Stealth Rock
|
|upkeep
|turn|2
|
|t:|1710174387
|move|p2a: Terrakion|Stealth Rock|p1a: Skarmory
|-sidestart|p1: Franco J|move: Stealth Rock
|move|p1a: Skarmory|Brave Bird|p2a: Terrakion
|-damage|p2a: Terrakion|45/100
|-damage|p1a: Skarmory|79/100|[from] Recoil
|
|upkeep
|turn|3
|
|t:|1710174392
|move|p2a: Terrakion|Close Combat|p1a: Skarmory
|-damage|p1a: Skarmory|23/100
|-unboost|p2a: Terrakion|def|1
|-unboost|p2a: Terrakion|spd|1
|move|p1a: Skarmory|Brave Bird|p2a: Terrakion
|-damage|p2a: Terrakion|0 fnt
|faint|p2a: Terrakion
|-damage|p1a: Skarmory|6/100|[from] Recoil
|
|-end|p1a: Skarmory|move: Taunt
|upkeep
|
|t:|1710174400
|switch|p2a: Breloom|Breloom, F|100/100
|turn|4
|
|t:|1710174409
|switch|p1a: Gengar|Gengar, F|100/100
|-damage|p1a: Gengar|88/100|[from] Stealth Rock
|switch|p2a: Starmie|Starmie|100/100
|-item|p2a: Starmie|Air Balloon
|
|-heal|p1a: Gengar|94/100|[from] item: Black Sludge
|upkeep
|turn|5
|
|t:|1710174414
|move|p2a: Starmie|Hydro Pump|p1a: Gengar
|-damage|p1a: Gengar|16/100
|move|p1a: Gengar|Shadow Ball|p2a: Starmie
|-supereffective|p2a: Starmie
|-damage|p2a: Starmie|0 fnt
|-enditem|p2a: Starmie|Air Balloon
|faint|p2a: Starmie
|
|-heal|p1a: Gengar|22/100|[from] item: Black Sludge
|upkeep
|
|t:|1710174421
|switch|p2a: Scizor|Scizor, M|100/100
|turn|6
|
|t:|1710174429
|switch|p1a: Gastrodon|Gastrodon, M|100/100
|-damage|p1a: Gastrodon|94/100|[from] Stealth Rock
|move|p2a: Scizor|Swords Dance|p2a: Scizor
|-boost|p2a: Scizor|atk|2
|
|-heal|p1a: Gastrodon|100/100|[from] item: Leftovers
|upkeep
|turn|7
|
|t:|1710174435
|move|p2a: Scizor|Superpower|p1a: Gastrodon
|-damage|p1a: Gastrodon|27/100
|-unboost|p2a: Scizor|atk|1
|-unboost|p2a: Scizor|def|1
|-damage|p2a: Scizor|91/100|[from] item: Life Orb
|move|p1a: Gastrodon|Scald|p2a: Scizor
|-damage|p2a: Scizor|56/100
|
|-heal|p1a: Gastrodon|34/100|[from] item: Leftovers
|upkeep
|turn|8
|
|t:|1710174443
|move|p1a: Gastrodon|Protect|p1a: Gastrodon
|-singleturn|p1a: Gastrodon|Protect
|move|p2a: Scizor|Pursuit|p1a: Gastrodon
|-activate|p1a: Gastrodon|move: Protect
|
|-heal|p1a: Gastrodon|40/100|[from] item: Leftovers
|upkeep
|turn|9
|
|t:|1710174445
|move|p2a: Scizor|Pursuit|p1a: Gastrodon
|-damage|p1a: Gastrodon|9/100
|-damage|p2a: Scizor|46/100|[from] item: Life Orb
|move|p1a: Gastrodon|Scald|p2a: Scizor
|-damage|p2a: Scizor|12/100
|
|-heal|p1a: Gastrodon|16/100|[from] item: Leftovers
|upkeep
|turn|10
|
|t:|1710174449
|move|p2a: Scizor|Bullet Punch|p1a: Gastrodon
|-resisted|p1a: Gastrodon
|-damage|p1a: Gastrodon|0 fnt
|faint|p1a: Gastrodon
|-damage|p2a: Scizor|3/100|[from] item: Life Orb
|
|upkeep
|
|t:|1710174454
|switch|p1a: Lucario|Lucario, M|100/100
|-damage|p1a: Lucario|98/100|[from] Stealth Rock
|turn|11
|
|t:|1710174458
|move|p1a: Lucario|Extreme Speed|p2a: Scizor
|-resisted|p2a: Scizor
|-damage|p2a: Scizor|0 fnt
|faint|p2a: Scizor
|-damage|p1a: Lucario|88/100|[from] item: Life Orb
|
|upkeep
|
|t:|1710174466
|switch|p2a: Breloom|Breloom, F|100/100
|turn|12
|
|t:|1710174469
|switch|p1a: Skarmory|Skarmory, M|6/100
|-damage|p1a: Skarmory|0 fnt|[from] Stealth Rock
|faint|p1a: Skarmory
|move|p2a: Breloom|Low Sweep|p1: Skarmory|[notarget]
|-fail|p2a: Breloom
|
|upkeep
|
|t:|1710174476
|switch|p1a: Sigilyph|Sigilyph, F|100/100
|turn|13
|
|t:|1710174485
|move|p1a: Sigilyph|Air Slash|p2a: Breloom
|-supereffective|p2a: Breloom
|-damage|p2a: Breloom|0 fnt
|faint|p2a: Breloom
|
|upkeep
|
|t:|1710174490
|switch|p2a: Latios|Latios, M|100/100
|turn|14
|
|t:|1710174496
|move|p2a: Latios|Draco Meteor|p1a: Sigilyph
|-enditem|p1a: Sigilyph|Focus Sash
|-damage|p1a: Sigilyph|1/100
|-unboost|p2a: Latios|spa|2
|-damage|p2a: Latios|91/100|[from] item: Life Orb
|move|p1a: Sigilyph|Thunder Wave|p2a: Latios
|-status|p2a: Latios|par
|
|upkeep
|turn|15
|
|t:|1710174510
|move|p1a: Sigilyph|Ice Beam|p2a: Latios
|-supereffective|p2a: Latios
|-crit|p2a: Latios
|-damage|p2a: Latios|0 fnt
|faint|p2a: Latios
|
|upkeep
|
|t:|1710174513
|switch|p2a: Dragonite|Dragonite, M|100/100
|turn|16
|
|t:|1710174517
|move|p1a: Sigilyph|Air Slash|p2a: Dragonite
|-damage|p2a: Dragonite|84/100
|move|p2a: Dragonite|Dragon Dance|p2a: Dragonite
|-boost|p2a: Dragonite|atk|1
|-boost|p2a: Dragonite|spe|1
|
|upkeep
|turn|17
|
|t:|1710174524
|move|p2a: Dragonite|Extreme Speed|p1a: Sigilyph
|-damage|p1a: Sigilyph|0 fnt
|faint|p1a: Sigilyph
|
|upkeep
|
|t:|1710174526
|switch|p1a: Tyranitar|Tyranitar, M|100/100
|-damage|p1a: Tyranitar|88/100|[from] Stealth Rock
|-weather|Sandstorm|[from] ability: Sand Stream|[of] p1a: Tyranitar
|turn|18
|
|t:|1710174532
|move|p2a: Dragonite|Outrage|p1a: Tyranitar
|-damage|p1a: Tyranitar|9/100
|move|p1a: Tyranitar|Thunder Wave|p2a: Dragonite
|-status|p2a: Dragonite|par
|-enditem|p2a: Dragonite|Lum Berry|[eat]
|-curestatus|p2a: Dragonite|par|[msg]
|
|-weather|Sandstorm|[upkeep]
|-damage|p2a: Dragonite|78/100|[from] Sandstorm
|upkeep
|turn|19
|
|t:|1710174539
|move|p2a: Dragonite|Outrage|p1a: Tyranitar|[from]lockedmove
|-damage|p1a: Tyranitar|0 fnt
|faint|p1a: Tyranitar
|
|-weather|Sandstorm|[upkeep]
|-damage|p2a: Dragonite|72/100|[from] Sandstorm
|upkeep
|
|t:|1710174541
|switch|p1a: Gengar|Gengar, F|22/100
|-damage|p1a: Gengar|10/100|[from] Stealth Rock
|turn|20
|
|t:|1710174544
|move|p2a: Dragonite|Outrage|p1a: Gengar|[from]lockedmove
|-damage|p1a: Gengar|0 fnt
|faint|p1a: Gengar
|-start|p2a: Dragonite|confusion|[fatigue]
|
|-weather|Sandstorm|[upkeep]
|-damage|p2a: Dragonite|66/100|[from] Sandstorm
|upkeep
|
|t:|1710174547
|switch|p1a: Lucario|Lucario, M|88/100
|-damage|p1a: Lucario|85/100|[from] Stealth Rock
|turn|21
|
|t:|1710174552
|-activate|p2a: Dragonite|confusion
|move|p2a: Dragonite|Fire Punch|p1a: Lucario
|-supereffective|p1a: Lucario
|-damage|p1a: Lucario|0 fnt
|faint|p1a: Lucario
|
|win|strictsceptile1
|raw|Franco J's rating: 1312 &rarr; <strong>1292</strong><br />(-20 for losing)
|raw|strictsceptile1's rating: 1314 &rarr; <strong>1334</strong><br />(+20 for winning)
|l|☆Franco J
|player|p1|
|c|☆strictsceptile1|GG
