|j|☆Imedetong
|j|☆erme mor 9
|player|p1|Imedetong|134|1337
|player|p2|erme mor 9|oak-gen1|1378
|teamsize|p1|6
|teamsize|p2|6
|gametype|singles
|gen|5
|tier|[Gen 5] OU
|rated|
|clearpoke
|poke|p1|Breloom, M|item
|poke|p1|Alakazam, M|item
|poke|p1|Garchomp, M|item
|poke|p1|Froslass, F|item
|poke|p1|Scizor, F|item
|poke|p1|Keldeo|item
|poke|p2|Metagross|item
|poke|p2|Azelf|item
|poke|p2|Haxorus, M|item
|poke|p2|Cloyster, F|item
|poke|p2|Magnezone|item
|poke|p2|Latios, M|item
|rule|Species Clause: Limit one of each Pokémon
|rule|OHKO Clause: OHKO moves are banned
|rule|Moody Clause: Moody is banned
|rule|Evasion Moves Clause: Evasion moves are banned
|rule|Endless Battle Clause: Forcing endless battles is banned
|rule|HP Percentage Mod: HP is shown in percentages
|rule|Evasion Abilities Clause: Evasion abilities are banned
|rule|Baton Pass Clause: Limit one Baton Passer, can't pass Spe and other stats simultaneously
|rule|Sleep Clause: Sleep-inducing moves are banned
|rule|Swagger Clause: Swagger is banned
|teampreview
|inactive|Battle timer is ON: inactive players will automatically lose when time's up. (requested by Imedetong)
|
|start
|switch|p1a: Scizor|Scizor, F|100/100
|switch|p2a: Azelf|Azelf, shiny|100/100
|turn|1
|
|move|p2a: Azelf|Reflect|p2a: Azelf
|-sidestart|p2: erme mor 9|Reflect
|move|p1a: Scizor|U-turn|p2a: Azelf
|-supereffective|p2a: Azelf
|-damage|p2a: Azelf|32/100
|
|switch|p1a: Stache man|Alakazam, M|100/100|[from]move: U-turn
|
|upkeep
|turn|2
|
|move|p1a: Stache man|Shadow Ball|p2a: Azelf
|-supereffective|p2a: Azelf
|-damage|p2a: Azelf|0 fnt
|faint|p2a: Azelf
|
|upkeep
|
|switch|p2a: Metagross|Metagross, shiny|100/100
|turn|3
|
|move|p1a: Stache man|Shadow Ball|p2a: Metagross
|-damage|p2a: Metagross|65/100
|move|p2a: Metagross|Meteor Mash|p1a: Stache man
|-enditem|p1a: Stache man|Focus Sash
|-damage|p1a: Stache man|1/100
|-damage|p2a: Metagross|55/100|[from] item: Life Orb
|
|upkeep
|turn|4
|
|move|p1a: Stache man|Shadow Ball|p2a: Metagross
|-damage|p2a: Metagross|20/100
|move|p2a: Metagross|Agility|p2a: Metagross
|-boost|p2a: Metagross|spe|2
|
|upkeep
|turn|5
|
|move|p2a: Metagross|Earthquake|p1a: Stache man
|-damage|p1a: Stache man|0 fnt
|-damage|p2a: Metagross|10/100|[from] item: Life Orb
|faint|p1a: Stache man
|
|upkeep
|
|switch|p1a: Mumlass|Froslass, F|100/100
|turn|6
|
|move|p2a: Metagross|Meteor Mash|p1a: Mumlass
|-supereffective|p1a: Mumlass
|-enditem|p1a: Mumlass|Focus Sash
|-damage|p1a: Mumlass|1/100
|-start|p2a: Metagross|Disable|Meteor Mash|[from] ability: Cursed Body|[of] p1a: Mumlass
|-damage|p2a: Metagross|0 fnt|[from] item: Life Orb
|faint|p2a: Metagross
|move|p1a: Mumlass|Spikes|p2: Metagross
|-sidestart|p2: erme mor 9|Spikes
|
|upkeep
|
|switch|p2a: Cloyster|Cloyster, F, shiny|100/100
|-damage|p2a: Cloyster|88/100|[from] Spikes
|turn|7
|
|move|p1a: Mumlass|Taunt|p2a: Cloyster
|-start|p2a: Cloyster|move: Taunt
|cant|p2a: Cloyster|move: Taunt|Shell Smash
|
|upkeep
|turn|8
|
|move|p2a: Cloyster|Ice Shard|p1a: Mumlass
|-resisted|p1a: Mumlass
|-damage|p1a: Mumlass|0 fnt
|-start|p2a: Cloyster|Disable|Ice Shard|[from] ability: Cursed Body|[of] p1a: Mumlass
|faint|p1a: Mumlass
|
|-sideend|p2: erme mor 9|Reflect
|upkeep
|
|switch|p1a: Keldeo|Keldeo|100/100
|turn|9
|
|switch|p2a: Latios|Latios, M, shiny|100/100
|move|p1a: Keldeo|Calm Mind|p1a: Keldeo
|-boost|p1a: Keldeo|spa|1
|-boost|p1a: Keldeo|spd|1
|
|upkeep
|turn|10
|
|move|p1a: Keldeo|Hidden Power|p2a: Latios
|-supereffective|p2a: Latios
|-damage|p2a: Latios|18/100
|move|p2a: Latios|Dragon Dance|p2a: Latios
|-boost|p2a: Latios|atk|1
|-boost|p2a: Latios|spe|1
|
|upkeep
|turn|11
|
|switch|p1a: Breloom|Breloom, M|100/100
|move|p2a: Latios|Earthquake|p1a: Breloom
|-enditem|p2a: Latios|Ground Gem|[from] gem
|-resisted|p1a: Breloom
|-damage|p1a: Breloom|58/100
|
|-status|p1a: Breloom|tox|[from] item: Toxic Orb
|upkeep
|turn|12
|
|move|p1a: Breloom|Protect|p1a: Breloom
|-singleturn|p1a: Breloom|Protect
|move|p2a: Latios|Dragon Claw|p1a: Breloom
|-activate|p1a: Breloom|move: Protect
|
|-heal|p1a: Breloom|70/100 tox|[from] ability: Poison Heal
|upkeep
|turn|13
|
|switch|p1a: Scizor|Scizor, F|100/100
|move|p2a: Latios|Dragon Claw|p1a: Scizor
|-resisted|p1a: Scizor
|-damage|p1a: Scizor|71/100
|
|upkeep
|turn|14
|
|move|p2a: Latios|Earthquake|p1a: Scizor
|-damage|p1a: Scizor|26/100
|move|p1a: Scizor|U-turn|p2a: Latios
|-supereffective|p2a: Latios
|-damage|p2a: Latios|0 fnt
|faint|p2a: Latios
|
|switch|p1a: Breloom|Breloom, M|70/100 tox|[from]move: U-turn
|
|-heal|p1a: Breloom|83/100 tox|[from] ability: Poison Heal
|upkeep
|inactive|erme mor 9 has 120 seconds left.
|
|switch|p2a: Haxorus|Haxorus, M, shiny|100/100
|-damage|p2a: Haxorus|88/100|[from] Spikes
|turn|15
|
|move|p2a: Haxorus|Dragon Dance|p2a: Haxorus
|-boost|p2a: Haxorus|atk|1
|-boost|p2a: Haxorus|spe|1
|move|p1a: Breloom|Bulk Up|p1a: Breloom
|-boost|p1a: Breloom|atk|1
|-boost|p1a: Breloom|def|1
|
|-heal|p1a: Breloom|95/100 tox|[from] ability: Poison Heal
|upkeep
|turn|16
|
|move|p2a: Haxorus|Outrage|p1a: Breloom
|-damage|p1a: Breloom|0 fnt
|faint|p1a: Breloom
|
|upkeep
|
|switch|p1a: Scizor|Scizor, F|26/100
|turn|17
|
|move|p1a: Scizor|Bullet Punch|p2a: Haxorus
|-damage|p2a: Haxorus|19/100
|move|p2a: Haxorus|Outrage|p1a: Scizor|[from]lockedmove
|-resisted|p1a: Scizor
|-damage|p1a: Scizor|0 fnt
|-start|p2a: Haxorus|confusion|[fatigue]
|faint|p1a: Scizor
|-enditem|p2a: Haxorus|Lum Berry|[eat]
|-end|p2a: Haxorus|confusion
|
|upkeep
|
|switch|p1a: Didier|Garchomp, M|100/100
|turn|18
|
|move|p2a: Haxorus|Dragon Dance|p2a: Haxorus
|-boost|p2a: Haxorus|atk|1
|-boost|p2a: Haxorus|spe|1
|move|p1a: Didier|Stealth Rock|p2a: Haxorus
|-sidestart|p2: erme mor 9|move: Stealth Rock
|
|upkeep
|turn|19
|
|move|p2a: Haxorus|Outrage|p1a: Didier
|-supereffective|p1a: Didier
|-damage|p1a: Didier|0 fnt
|-damage|p2a: Haxorus|7/100|[from] ability: Rough Skin|[of] p1a: Didier
|faint|p1a: Didier
|
|upkeep
|
|switch|p1a: Keldeo|Keldeo|100/100
|turn|20
|
|move|p2a: Haxorus|Outrage|p1a: Keldeo|[from]lockedmove
|-damage|p1a: Keldeo|0 fnt
|-start|p2a: Haxorus|confusion|[fatigue]
|faint|p1a: Keldeo
|
|win|erme mor 9
|j| Albert Kesselring
|l|☆erme mor 9
|l|☆Imedetong
|raw|Imedetong's rating: 1337 &rarr; <strong>1321</strong><br />(-16 for losing)
|raw|erme mor 9's rating: 1394 &rarr; <strong>1410</strong><br />(+16 for winning)
