|j|☆Hans Bloodsmith
|j|‽I love Neco Arc
|t:|1730652097
|gametype|singles
|player|p1|Hans Bloodsmith|plasmagrunt|1314
|player|p2|I love Neco Arc|pokemonranger|1354
|teamsize|p1|6
|teamsize|p2|6
|gen|5
|tier|[Gen 5] OU
|rated|
|rule|Species Clause: Limit one of each Pokémon
|rule|OHKO Clause: OHKO moves are banned
|rule|Moody Clause: Moody is banned
|rule|Evasion Items Clause: Evasion items are banned
|rule|Evasion Moves Clause: Evasion moves are banned
|rule|Endless Battle Clause: Forcing endless battles is banned
|rule|HP Percentage Mod: HP is shown in percentages
|rule|Evasion Abilities Clause: Evasion abilities are banned
|rule|Sleep Moves Clause: Sleep-inducing moves are banned
|rule|Swagger Clause: Swagger is banned
|rule|Baton Pass Stat Clause: No Baton Passer may have a way to boost its stats
|clearpoke
|poke|p1|Volcarona, M|item
|poke|p1|Hydreigon, M|item
|poke|p1|Mamoswine, M|item
|poke|p1|Magnezone|item
|poke|p1|Toxicroak, F|item
|poke|p1|Politoed, M|item
|poke|p2|Slowbro, M|item
|poke|p2|Tyranitar, M|item
|poke|p2|Scizor, M|item
|poke|p2|Garchomp, F|item
|poke|p2|Magnezone|item
|poke|p2|Latios, M|item
|teampreview
|inactive|Battle timer is ON: inactive players will automatically lose when time's up. (requested by I love Neco Arc)
|inactive|Hans Bloodsmith also wants the timer to be on.
|
|t:|1730652113
|start
|switch|p1a: Hannibal|Hydreigon, M|100/100
|switch|p2a: Latios|Latios, M|100/100
|turn|1
|
|t:|1730652123
|switch|p2a: Tyranitar|Tyranitar, M|100/100
|-weather|Sandstorm|[from] ability: Sand Stream|[of] p2a: Tyranitar
|move|p1a: Hannibal|U-turn|p2a: Tyranitar
|-supereffective|p2a: Tyranitar
|-damage|p2a: Tyranitar|76/100
|
|t:|1730652131
|switch|p1a: Francis|Politoed, M|100/100|[from] U-turn
|-weather|RainDance|[from] ability: Drizzle|[of] p1a: Francis
|
|-weather|RainDance|[upkeep]
|upkeep
|turn|2
|
|t:|1730652140
|switch|p2a: Slowbro|Slowbro, M|100/100
|move|p1a: Francis|Hydro Pump|p2a: Slowbro
|-resisted|p2a: Slowbro
|-damage|p2a: Slowbro|40/100
|
|-weather|RainDance|[upkeep]
|-heal|p2a: Slowbro|46/100|[from] item: Leftovers
|upkeep
|turn|3
|
|t:|1730652164
|switch|p2a: Tyranitar|Tyranitar, M|76/100
|-weather|Sandstorm|[from] ability: Sand Stream|[of] p2a: Tyranitar
|move|p1a: Francis|Hydro Pump|p2a: Tyranitar
|-supereffective|p2a: Tyranitar
|-damage|p2a: Tyranitar|0 fnt
|faint|p2a: Tyranitar
|
|-weather|Sandstorm|[upkeep]
|-damage|p1a: Francis|94/100|[from] Sandstorm
|upkeep
|inactive|I love Neco Arc has 120 seconds left.
|
|t:|1730652180
|switch|p2a: Latios|Latios, M|100/100
|turn|4
|
|t:|1730652187
|switch|p1a: Stein|Magnezone|100/100
|move|p2a: Latios|Draco Meteor|p1a: Stein
|-resisted|p1a: Stein
|-damage|p1a: Stein|34/100
|-unboost|p2a: Latios|spa|2
|-damage|p2a: Latios|91/100|[from] item: Life Orb
|
|-weather|Sandstorm|[upkeep]
|-damage|p2a: Latios|85/100|[from] Sandstorm
|-heal|p1a: Stein|40/100|[from] item: Leftovers
|upkeep
|turn|5
|
|t:|1730652193
|move|p2a: Latios|Hidden Power|p1a: Stein
|-supereffective|p1a: Stein
|-damage|p1a: Stein|0 fnt
|faint|p1a: Stein
|-damage|p2a: Latios|75/100|[from] item: Life Orb
|
|-weather|Sandstorm|[upkeep]
|-damage|p2a: Latios|69/100|[from] Sandstorm
|upkeep
|
|t:|1730652207
|switch|p1a: Francis|Politoed, M|94/100
|-weather|RainDance|[from] ability: Drizzle|[of] p1a: Francis
|turn|6
|
|t:|1730652217
|move|p2a: Latios|Thunderbolt|p1a: Francis
|-supereffective|p1a: Francis
|-damage|p1a: Francis|50/100
|-damage|p2a: Latios|59/100|[from] item: Life Orb
|move|p1a: Francis|Hydro Pump|p2a: Latios
|-resisted|p2a: Latios
|-damage|p2a: Latios|0 fnt
|faint|p2a: Latios
|
|-weather|RainDance|[upkeep]
|upkeep
|
|t:|1730652232
|switch|p2a: Magnezone|Magnezone|100/100
|-item|p2a: Magnezone|Air Balloon
|turn|7
|
|t:|1730652237
|move|p1a: Francis|Hydro Pump|p2a: Magnezone
|-damage|p2a: Magnezone|0 fnt
|-enditem|p2a: Magnezone|Air Balloon
|faint|p2a: Magnezone
|
|-weather|RainDance|[upkeep]
|upkeep
|
|t:|1730652243
|switch|p2a: Garchomp|Garchomp, F|100/100
|turn|8
|
|t:|1730652246
|move|p2a: Garchomp|Earthquake|p1a: Francis
|-crit|p1a: Francis
|-damage|p1a: Francis|0 fnt
|faint|p1a: Francis
|
|-weather|RainDance|[upkeep]
|upkeep
|
|t:|1730652256
|switch|p1a: Klaus|Mamoswine, M|100/100
|turn|9
|
|t:|1730652264
|switch|p2a: Slowbro|Slowbro, M|79/100
|move|p1a: Klaus|Ice Shard|p2a: Slowbro
|-resisted|p2a: Slowbro
|-damage|p2a: Slowbro|71/100
|
|-weather|RainDance|[upkeep]
|-heal|p2a: Slowbro|77/100|[from] item: Leftovers
|upkeep
|turn|10
|
|t:|1730652273
|switch|p1a: Verona|Toxicroak, F|100/100
|move|p2a: Slowbro|Toxic|p1a: Verona
|-immune|p1a: Verona
|
|-weather|RainDance|[upkeep]
|-heal|p2a: Slowbro|83/100|[from] item: Leftovers
|upkeep
|turn|11
|
|t:|1730652281
|switch|p1a: Hannibal|Hydreigon, M|100/100
|move|p2a: Slowbro|Psyshock|p1a: Hannibal
|-immune|p1a: Hannibal
|
|-weather|RainDance|[upkeep]
|-heal|p2a: Slowbro|89/100|[from] item: Leftovers
|upkeep
|turn|12
|
|t:|1730652289
|move|p1a: Hannibal|Dark Pulse|p2a: Slowbro
|-supereffective|p2a: Slowbro
|-damage|p2a: Slowbro|5/100
|move|p2a: Slowbro|Psyshock|p1a: Hannibal
|-immune|p1a: Hannibal
|
|-weather|RainDance|[upkeep]
|-heal|p2a: Slowbro|11/100|[from] item: Leftovers
|upkeep
|turn|13
|
|t:|1730652294
|switch|p2a: Scizor|Scizor, M|100/100
|move|p1a: Hannibal|Dark Pulse|p2a: Scizor
|-resisted|p2a: Scizor
|-damage|p2a: Scizor|70/100
|
|-weather|RainDance|[upkeep]
|upkeep
|turn|14
|
|t:|1730652301
|switch|p1a: Verona|Toxicroak, F|100/100
|move|p2a: Scizor|U-turn|p1a: Verona
|-resisted|p1a: Verona
|-crit|p1a: Verona
|-damage|p1a: Verona|56/100
|
|t:|1730652314
|switch|p2a: Garchomp|Garchomp, F|100/100|[from] U-turn
|
|-weather|RainDance|[upkeep]
|-heal|p1a: Verona|68/100|[from] ability: Dry Skin
|upkeep
|turn|15
|
|t:|1730652319
|move|p1a: Verona|Sucker Punch|p2a: Garchomp
|-damage|p2a: Garchomp|64/100
|-damage|p1a: Verona|56/100|[from] ability: Rough Skin|[of] p2a: Garchomp
|-damage|p1a: Verona|46/100|[from] item: Life Orb
|move|p2a: Garchomp|Dragon Claw|p1a: Verona
|-damage|p1a: Verona|0 fnt
|faint|p1a: Verona
|
|-weather|RainDance|[upkeep]
|upkeep
|
|t:|1730652331
|switch|p1a: Hannibal|Hydreigon, M|100/100
|turn|16
|
|t:|1730652333
|move|p2a: Garchomp|Dragon Claw|p1a: Hannibal
|-supereffective|p1a: Hannibal
|-damage|p1a: Hannibal|8/100
|move|p1a: Hannibal|Draco Meteor|p2a: Garchomp
|-supereffective|p2a: Garchomp
|-damage|p2a: Garchomp|0 fnt
|-unboost|p1a: Hannibal|spa|2
|faint|p2a: Garchomp
|
|-weather|RainDance|[upkeep]
|upkeep
|
|t:|1730652339
|switch|p2a: Scizor|Scizor, M|70/100
|turn|17
|
|t:|1730652344
|switch|p1a: Dante|Volcarona, M|100/100
|move|p2a: Scizor|Bullet Punch|p1a: Dante
|-resisted|p1a: Dante
|-damage|p1a: Dante|61/100
|
|-weather|RainDance|[upkeep]
|upkeep
|turn|18
|
|t:|1730652350
|move|p2a: Scizor|Bullet Punch|p1a: Dante
|-resisted|p1a: Dante
|-damage|p1a: Dante|24/100
|-status|p2a: Scizor|brn|[from] ability: Flame Body|[of] p1a: Dante
|-enditem|p1a: Dante|Sitrus Berry|[eat]
|-heal|p1a: Dante|49/100|[from] item: Sitrus Berry
|move|p1a: Dante|Quiver Dance|p1a: Dante
|-boost|p1a: Dante|spa|1
|-boost|p1a: Dante|spd|1
|-boost|p1a: Dante|spe|1
|
|-weather|RainDance|[upkeep]
|-damage|p2a: Scizor|58/100 brn|[from] brn
|upkeep
|turn|19
|
|t:|1730652356
|move|p2a: Scizor|Bullet Punch|p1a: Dante
|-resisted|p1a: Dante
|-damage|p1a: Dante|28/100
|move|p1a: Dante|Fiery Dance|p2a: Scizor
|-supereffective|p2a: Scizor
|-damage|p2a: Scizor|0 fnt
|faint|p2a: Scizor
|
|-weather|RainDance|[upkeep]
|upkeep
|
|t:|1730652359
|switch|p2a: Slowbro|Slowbro, M|44/100
|turn|20
|
|t:|1730652362
|move|p1a: Dante|Bug Buzz|p2a: Slowbro
|-supereffective|p2a: Slowbro
|-damage|p2a: Slowbro|0 fnt
|faint|p2a: Slowbro
|
|win|Hans Bloodsmith
|raw|Hans Bloodsmith's rating: 1314 &rarr; <strong>1336</strong><br />(+22 for winning)
|raw|I love Neco Arc's rating: 1354 &rarr; <strong>1332</strong><br />(-22 for losing)
|l|‽I love Neco Arc
|player|p2|
|c|☆Hans Bloodsmith|Gg
