|uhtml|medal-msg|<div class="broadcast-blue">Curious what those medals under the avatar are? PS now has Ladder Seasons! For more information, check out the <a href="https://www.smogon.com/forums/threads/3740067/">thread on Smogon.</a></div>
|uhtml|medal-msg|<div class="broadcast-blue">Curious what those medals under the avatar are? PS now has Ladder Seasons! For more information, check out the <a href="https://www.smogon.com/forums/threads/3740067/">thread on Smogon.</a></div>
|j|☆Darkortex
|j|‽Latios220044
|t:|1712379295
|gametype|singles
|player|p1|Darkortex|hilbert|1443
|player|p2|Latios220044|sycamore|1421
|teamsize|p1|6
|teamsize|p2|6
|gen|5
|tier|[Gen 5] OU
|rated|
|rule|Species Clause: Limit one of each Pokémon
|rule|OHKO Clause: OHKO moves are banned
|rule|Moody Clause: Moody is banned
|rule|Evasion Items Clause: Evasion items are banned
|rule|Evasion Moves Clause: Evasion moves are banned
|rule|Endless Battle Clause: Forcing endless battles is banned
|rule|HP Percentage Mod: HP is shown in percentages
|rule|Evasion Abilities Clause: Evasion abilities are banned
|rule|Sleep Moves Clause: Sleep-inducing moves are banned
|rule|Swagger Clause: Swagger is banned
|rule|Baton Pass Stat Clause: No Baton Passer may have a way to boost its stats
|clearpoke
|poke|p1|Ninetales, M|item
|poke|p1|Chansey, F|item
|poke|p1|Cresselia, F|item
|poke|p1|Excadrill, M|item
|poke|p1|Xatu, F|item
|poke|p1|Volcarona, F|item
|poke|p2|Latios, M|item
|poke|p2|Scizor, M|item
|poke|p2|Keldeo-Resolute|item
|poke|p2|Thundurus-Therian, M|item
|poke|p2|Politoed, F|item
|poke|p2|Tentacruel, F|item
|teampreview
|inactive|Battle timer is ON: inactive players will automatically lose when time's up. (requested by Darkortex)
|inactive|Latios220044 has 120 seconds left.
|
|t:|1712379328
|start
|switch|p1a: Chansey|Chansey, F|100/100
|switch|p2a: Politoed|Politoed, F, shiny|100/100
|-weather|RainDance|[from] ability: Drizzle|[of] p2a: Politoed
|turn|1
|
|t:|1712379337
|switch|p2a: Scizor|Scizor, M|100/100
|move|p1a: Chansey|Stealth Rock|p2a: Scizor
|-sidestart|p2: Latios220044|move: Stealth Rock
|
|-weather|RainDance|[upkeep]
|upkeep
|turn|2
|
|t:|1712379342
|switch|p1a: Ninetales|Ninetales, M|100/100
|-weather|SunnyDay|[from] ability: Drought|[of] p1a: Ninetales
|move|p2a: Scizor|U-turn|p1a: Ninetales
|-resisted|p1a: Ninetales
|-damage|p1a: Ninetales|66/100
|
|t:|1712379348
|switch|p2a: Politoed|Politoed, F, shiny|100/100|[from] U-turn
|-damage|p2a: Politoed|88/100|[from] Stealth Rock
|-weather|RainDance|[from] ability: Drizzle|[of] p2a: Politoed
|
|-weather|RainDance|[upkeep]
|-heal|p1a: Ninetales|72/100|[from] item: Leftovers
|upkeep
|turn|3
|
|t:|1712379354
|switch|p2a: Tentacruel|Tentacruel, F|100/100
|-damage|p2a: Tentacruel|88/100|[from] Stealth Rock
|move|p1a: Ninetales|Protect||[still]
|-fail|p1a: Ninetales
|
|-weather|RainDance|[upkeep]
|-heal|p2a: Tentacruel|94/100|[from] ability: Rain Dish
|-heal|p1a: Ninetales|78/100|[from] item: Leftovers
|-heal|p2a: Tentacruel|99/100|[from] item: Black Sludge
|upkeep
|turn|4
|
|t:|1712379357
|move|p1a: Ninetales|Will-O-Wisp|p2a: Tentacruel
|-status|p2a: Tentacruel|brn
|move|p2a: Tentacruel|Rapid Spin|p1a: Ninetales
|-damage|p1a: Ninetales|77/100
|-sideend|p2: Latios220044|Stealth Rock|[from] move: Rapid Spin|[of] p2a: Tentacruel
|
|-weather|RainDance|[upkeep]
|-heal|p2a: Tentacruel|100/100 brn|[from] ability: Rain Dish
|-heal|p1a: Ninetales|83/100|[from] item: Leftovers
|-damage|p2a: Tentacruel|88/100 brn|[from] brn
|upkeep
|turn|5
|
|t:|1712379362
|switch|p1a: Chansey|Chansey, F|100/100
|move|p2a: Tentacruel|Scald|p1a: Chansey
|-damage|p1a: Chansey|90/100
|
|-weather|RainDance|[upkeep]
|-heal|p2a: Tentacruel|94/100 brn|[from] ability: Rain Dish
|-heal|p2a: Tentacruel|99/100 brn|[from] item: Black Sludge
|-damage|p2a: Tentacruel|88/100 brn|[from] brn
|upkeep
|turn|6
|
|t:|1712379367
|switch|p2a: Keldeo|Keldeo-Resolute|100/100
|move|p1a: Chansey|Stealth Rock|p2a: Keldeo
|-sidestart|p2: Latios220044|move: Stealth Rock
|
|-weather|RainDance|[upkeep]
|upkeep
|turn|7
|
|t:|1712379372
|move|p2a: Keldeo|Hydro Pump|p1a: Chansey|[miss]
|-miss|p2a: Keldeo|p1a: Chansey
|move|p1a: Chansey|Soft-Boiled|p1a: Chansey
|-heal|p1a: Chansey|100/100
|
|-weather|RainDance|[upkeep]
|upkeep
|turn|8
|
|t:|1712379379
|switch|p2a: Tentacruel|Tentacruel, F|88/100 brn
|-damage|p2a: Tentacruel|75/100 brn|[from] Stealth Rock
|move|p1a: Chansey|Toxic||[still]
|-fail|p1a: Chansey
|
|-weather|RainDance|[upkeep]
|-heal|p2a: Tentacruel|82/100 brn|[from] ability: Rain Dish
|-heal|p2a: Tentacruel|88/100 brn|[from] item: Black Sludge
|-damage|p2a: Tentacruel|75/100 brn|[from] brn
|upkeep
|turn|9
|
|t:|1712379381
|switch|p1a: Ninetales|Ninetales, M|83/100
|-weather|SunnyDay|[from] ability: Drought|[of] p1a: Ninetales
|move|p2a: Tentacruel|Rapid Spin|p1a: Ninetales
|-damage|p1a: Ninetales|81/100
|-sideend|p2: Latios220044|Stealth Rock|[from] move: Rapid Spin|[of] p2a: Tentacruel
|
|-weather|SunnyDay|[upkeep]
|-heal|p1a: Ninetales|87/100|[from] item: Leftovers
|-heal|p2a: Tentacruel|81/100 brn|[from] item: Black Sludge
|-damage|p2a: Tentacruel|69/100 brn|[from] brn
|upkeep
|turn|10
|
|t:|1712379386
|switch|p1a: Chansey|Chansey, F|100/100
|switch|p2a: Politoed|Politoed, F, shiny|88/100
|-weather|RainDance|[from] ability: Drizzle|[of] p2a: Politoed
|
|-weather|RainDance|[upkeep]
|upkeep
|turn|11
|
|t:|1712379389
|switch|p2a: Keldeo|Keldeo-Resolute|100/100
|switch|p1a: Ninetales|Ninetales, M|87/100
|-weather|SunnyDay|[from] ability: Drought|[of] p1a: Ninetales
|
|-weather|SunnyDay|[upkeep]
|-heal|p1a: Ninetales|93/100|[from] item: Leftovers
|upkeep
|turn|12
|
|t:|1712379396
|move|p2a: Keldeo|Hydro Pump|p1a: Ninetales
|-supereffective|p1a: Ninetales
|-damage|p1a: Ninetales|4/100
|move|p1a: Ninetales|Will-O-Wisp|p2a: Keldeo
|-status|p2a: Keldeo|brn
|
|-weather|SunnyDay|[upkeep]
|-heal|p1a: Ninetales|10/100|[from] item: Leftovers
|-damage|p2a: Keldeo|88/100 brn|[from] brn
|upkeep
|turn|13
|
|t:|1712379403
|switch|p2a: Thundurus|Thundurus-Therian, M|100/100
|move|p1a: Ninetales|Protect||[still]
|-fail|p1a: Ninetales
|
|-weather|SunnyDay|[upkeep]
|-heal|p1a: Ninetales|16/100|[from] item: Leftovers
|upkeep
|turn|14
|
|t:|1712379408
|move|p1a: Ninetales|Protect|p1a: Ninetales
|-singleturn|p1a: Ninetales|Protect
|move|p2a: Thundurus|Hidden Power|p1a: Ninetales
|-activate|p1a: Ninetales|move: Protect
|
|-weather|SunnyDay|[upkeep]
|-heal|p1a: Ninetales|22/100|[from] item: Leftovers
|upkeep
|turn|15
|
|t:|1712379412
|switch|p2a: Politoed|Politoed, F, shiny|88/100
|-weather|RainDance|[from] ability: Drizzle|[of] p2a: Politoed
|switch|p1a: Chansey|Chansey, F|100/100
|
|-weather|RainDance|[upkeep]
|upkeep
|turn|16
|
|t:|1712379418
|move|p2a: Politoed|Scald|p1a: Chansey
|-damage|p1a: Chansey|76/100
|move|p1a: Chansey|Stealth Rock|p2a: Politoed
|-sidestart|p2: Latios220044|move: Stealth Rock
|
|-weather|RainDance|[upkeep]
|upkeep
|turn|17
|
|t:|1712379422
|switch|p2a: Tentacruel|Tentacruel, F|69/100 brn
|-damage|p2a: Tentacruel|57/100 brn|[from] Stealth Rock
|move|p1a: Chansey|Toxic||[still]
|-fail|p1a: Chansey
|
|-weather|RainDance|[upkeep]
|-heal|p2a: Tentacruel|63/100 brn|[from] ability: Rain Dish
|-heal|p2a: Tentacruel|69/100 brn|[from] item: Black Sludge
|-damage|p2a: Tentacruel|56/100 brn|[from] brn
|upkeep
|turn|18
|
|t:|1712379428
|switch|p1a: Ninetales|Ninetales, M|22/100
|-weather|SunnyDay|[from] ability: Drought|[of] p1a: Ninetales
|move|p2a: Tentacruel|Rapid Spin|p1a: Ninetales
|-damage|p1a: Ninetales|21/100
|-sideend|p2: Latios220044|Stealth Rock|[from] move: Rapid Spin|[of] p2a: Tentacruel
|
|-weather|SunnyDay|[upkeep]
|-heal|p1a: Ninetales|27/100|[from] item: Leftovers
|-heal|p2a: Tentacruel|62/100 brn|[from] item: Black Sludge
|-damage|p2a: Tentacruel|50/100 brn|[from] brn
|upkeep
|turn|19
|
|t:|1712379433
|switch|p1a: Chansey|Chansey, F|76/100
|move|p2a: Tentacruel|Scald|p1a: Chansey
|-damage|p1a: Chansey|73/100
|
|-weather|SunnyDay|[upkeep]
|-heal|p2a: Tentacruel|56/100 brn|[from] item: Black Sludge
|-damage|p2a: Tentacruel|44/100 brn|[from] brn
|upkeep
|turn|20
|
|t:|1712379436
|move|p2a: Tentacruel|Toxic Spikes|p1a: Chansey
|-sidestart|p1: Darkortex|move: Toxic Spikes
|move|p1a: Chansey|Stealth Rock|p2a: Tentacruel
|-sidestart|p2: Latios220044|move: Stealth Rock
|
|-weather|SunnyDay|[upkeep]
|-heal|p2a: Tentacruel|50/100 brn|[from] item: Black Sludge
|-damage|p2a: Tentacruel|37/100 brn|[from] brn
|upkeep
|turn|21
|
|t:|1712379441
|switch|p1a: Excadrill|Excadrill, M|100/100
|-ability|p1a: Excadrill|Mold Breaker
|move|p2a: Tentacruel|Rapid Spin|p1a: Excadrill
|-resisted|p1a: Excadrill
|-damage|p1a: Excadrill|99/100
|-sideend|p2: Latios220044|Stealth Rock|[from] move: Rapid Spin|[of] p2a: Tentacruel
|
|-weather|SunnyDay|[upkeep]
|-heal|p1a: Excadrill|100/100|[from] item: Leftovers
|-heal|p2a: Tentacruel|43/100 brn|[from] item: Black Sludge
|-damage|p2a: Tentacruel|31/100 brn|[from] brn
|upkeep
|turn|22
|
|t:|1712379446
|switch|p2a: Keldeo|Keldeo-Resolute|88/100 brn
|move|p1a: Excadrill|Rapid Spin|p2a: Keldeo
|-damage|p2a: Keldeo|79/100 brn
|-sideend|p1: Darkortex|Toxic Spikes|[from] move: Rapid Spin|[of] p1a: Excadrill
|
|-weather|SunnyDay|[upkeep]
|-damage|p2a: Keldeo|66/100 brn|[from] brn
|upkeep
|turn|23
|
|t:|1712379453
|move|p1a: Excadrill|Protect|p1a: Excadrill
|-singleturn|p1a: Excadrill|Protect
|move|p2a: Keldeo|Secret Sword|p1a: Excadrill
|-activate|p1a: Excadrill|move: Protect
|
|-weather|SunnyDay|[upkeep]
|-damage|p2a: Keldeo|54/100 brn|[from] brn
|upkeep
|turn|24
|
|t:|1712379458
|switch|p1a: Xatu|Xatu, F|100/100
|move|p2a: Keldeo|Secret Sword|p1a: Xatu
|-resisted|p1a: Xatu
|-damage|p1a: Xatu|85/100
|
|-weather|SunnyDay|[upkeep]
|-damage|p2a: Keldeo|41/100 brn|[from] brn
|upkeep
|turn|25
|
|t:|1712379463
|switch|p2a: Politoed|Politoed, F, shiny|88/100
|-weather|RainDance|[from] ability: Drizzle|[of] p2a: Politoed
|move|p1a: Xatu|U-turn|p2a: Politoed
|-damage|p2a: Politoed|71/100
|
|t:|1712379466
|switch|p1a: Ninetales|Ninetales, M|27/100|[from] U-turn
|-weather|SunnyDay|[from] ability: Drought|[of] p1a: Ninetales
|
|-weather|SunnyDay|[upkeep]
|-heal|p1a: Ninetales|33/100|[from] item: Leftovers
|upkeep
|turn|26
|
|t:|1712379475
|switch|p1a: Chansey|Chansey, F|73/100
|move|p2a: Politoed|Scald|p1a: Chansey
|-damage|p1a: Chansey|66/100
|-status|p1a: Chansey|brn
|
|-weather|SunnyDay|[upkeep]
|-damage|p1a: Chansey|53/100 brn|[from] brn
|upkeep
|turn|27
|
|t:|1712379478
|switch|p2a: Scizor|Scizor, M|100/100
|move|p1a: Chansey|Stealth Rock|p2a: Scizor
|-sidestart|p2: Latios220044|move: Stealth Rock
|
|-weather|SunnyDay|[upkeep]
|-damage|p1a: Chansey|41/100 brn|[from] brn
|upkeep
|turn|28
|
|t:|1712379481
|move|p2a: Scizor|U-turn|p1a: Chansey
|-damage|p1a: Chansey|0 fnt
|faint|p1a: Chansey
|
|t:|1712379486
|switch|p2a: Politoed|Politoed, F, shiny|71/100|[from] U-turn
|-damage|p2a: Politoed|59/100|[from] Stealth Rock
|-weather|RainDance|[from] ability: Drizzle|[of] p2a: Politoed
|
|-weather|RainDance|[upkeep]
|upkeep
|
|t:|1712379489
|switch|p1a: Ninetales|Ninetales, M|33/100
|-weather|SunnyDay|[from] ability: Drought|[of] p1a: Ninetales
|turn|29
|
|t:|1712379501
|switch|p1a: Volcarona|Volcarona, F|100/100
|switch|p2a: Latios|Latios, M|100/100
|-damage|p2a: Latios|88/100|[from] Stealth Rock
|
|-weather|SunnyDay|[upkeep]
|upkeep
|turn|30
|
|t:|1712379510
|switch|p1a: Excadrill|Excadrill, M|100/100
|-ability|p1a: Excadrill|Mold Breaker
|move|p2a: Latios|Draco Meteor|p1a: Excadrill
|-resisted|p1a: Excadrill
|-damage|p1a: Excadrill|41/100
|-unboost|p2a: Latios|spa|2
|
|-weather|SunnyDay|[upkeep]
|-heal|p1a: Excadrill|47/100|[from] item: Leftovers
|upkeep
|turn|31
|
|t:|1712379517
|switch|p2a: Thundurus|Thundurus-Therian, M|100/100
|-damage|p2a: Thundurus|75/100|[from] Stealth Rock
|move|p1a: Excadrill|Iron Head|p2a: Thundurus
|-resisted|p2a: Thundurus
|-damage|p2a: Thundurus|39/100
|
|-weather|SunnyDay|[upkeep]
|-heal|p1a: Excadrill|53/100|[from] item: Leftovers
|upkeep
|turn|32
|
|t:|1712379537
|switch|p2a: Scizor|Scizor, M|100/100
|-damage|p2a: Scizor|88/100|[from] Stealth Rock
|switch|p1a: Cresselia|Cresselia, F|100/100
|
|-weather|SunnyDay|[upkeep]
|upkeep
|turn|33
|
|t:|1712379558
|move|p1a: Cresselia|Skill Swap|p2a: Scizor
|-activate|p1a: Cresselia|move: Skill Swap|Technician|Levitate|[of] p2a: Scizor
|-endability|p1a: Cresselia|Levitate|[from] move: Skill Swap
|-endability|p2a: Scizor|Technician|[from] move: Skill Swap
|move|p2a: Scizor|U-turn|p1a: Cresselia
|-supereffective|p1a: Cresselia
|-damage|p1a: Cresselia|36/100
|
|t:|1712379566
|switch|p2a: Tentacruel|Tentacruel, F|31/100 brn|[from] U-turn
|-damage|p2a: Tentacruel|19/100 brn|[from] Stealth Rock
|
|-weather|SunnyDay|[upkeep]
|-heal|p2a: Tentacruel|25/100 brn|[from] item: Black Sludge
|-heal|p1a: Cresselia|42/100|[from] item: Leftovers
|-damage|p2a: Tentacruel|12/100 brn|[from] brn
|upkeep
|turn|34
|
|t:|1712379573
|switch|p1a: Volcarona|Volcarona, F|100/100
|move|p2a: Tentacruel|Rapid Spin|p1a: Volcarona
|-damage|p1a: Volcarona|99/100
|-sideend|p2: Latios220044|Stealth Rock|[from] move: Rapid Spin|[of] p2a: Tentacruel
|
|-weather|SunnyDay|[upkeep]
|-heal|p2a: Tentacruel|18/100 brn|[from] item: Black Sludge
|-damage|p2a: Tentacruel|6/100 brn|[from] brn
|upkeep
|turn|35
|
|t:|1712379577
|move|p1a: Volcarona|Quiver Dance|p1a: Volcarona
|-boost|p1a: Volcarona|spa|1
|-boost|p1a: Volcarona|spd|1
|-boost|p1a: Volcarona|spe|1
|move|p2a: Tentacruel|Scald|p1a: Volcarona
|-supereffective|p1a: Volcarona
|-crit|p1a: Volcarona
|-damage|p1a: Volcarona|56/100
|
|-weather|SunnyDay|[upkeep]
|-heal|p2a: Tentacruel|12/100 brn|[from] item: Black Sludge
|-damage|p2a: Tentacruel|0 fnt|[from] brn
|faint|p2a: Tentacruel
|upkeep
|
|t:|1712379588
|switch|p2a: Politoed|Politoed, F, shiny|59/100
|-weather|RainDance|[from] ability: Drizzle|[of] p2a: Politoed
|turn|36
|
|t:|1712379593
|switch|p2a: Scizor|Scizor, M|88/100
|move|p1a: Volcarona|Bug Buzz|p2a: Scizor
|-resisted|p2a: Scizor
|-damage|p2a: Scizor|43/100
|
|-weather|RainDance|[upkeep]
|upkeep
|turn|37
|
|t:|1712379600
|move|p2a: Scizor|Bullet Punch|p1a: Volcarona
|-resisted|p1a: Volcarona
|-damage|p1a: Volcarona|21/100
|move|p1a: Volcarona|Roost|p1a: Volcarona
|-heal|p1a: Volcarona|71/100
|-singleturn|p1a: Volcarona|move: Roost
|
|-weather|RainDance|[upkeep]
|upkeep
|turn|38
|
|t:|1712379608
|switch|p2a: Thundurus|Thundurus-Therian, M|39/100
|move|p1a: Volcarona|Roost|p1a: Volcarona
|-heal|p1a: Volcarona|100/100
|-singleturn|p1a: Volcarona|move: Roost
|
|-weather|RainDance|[upkeep]
|upkeep
|turn|39
|
|t:|1712379610
|move|p2a: Thundurus|Thunder|p1a: Volcarona
|-damage|p1a: Volcarona|57/100
|move|p1a: Volcarona|Flamethrower|p2a: Thundurus
|-damage|p2a: Thundurus|0 fnt
|faint|p2a: Thundurus
|
|-weather|RainDance|[upkeep]
|upkeep
|
|t:|1712379616
|switch|p2a: Keldeo|Keldeo-Resolute|41/100 brn
|turn|40
|
|t:|1712379619
|move|p1a: Volcarona|Bug Buzz|p2a: Keldeo
|-resisted|p2a: Keldeo
|-damage|p2a: Keldeo|1/100 brn
|move|p2a: Keldeo|Scald|p1a: Volcarona
|-supereffective|p1a: Volcarona
|-damage|p1a: Volcarona|0 fnt
|faint|p1a: Volcarona
|
|-weather|RainDance|[upkeep]
|-damage|p2a: Keldeo|0 fnt|[from] brn
|faint|p2a: Keldeo
|upkeep
|
|t:|1712379631
|switch|p2a: Latios|Latios, M|88/100
|switch|p1a: Ninetales|Ninetales, M|33/100
|-weather|SunnyDay|[from] ability: Drought|[of] p1a: Ninetales
|turn|41
|
|t:|1712379636
|move|p1a: Ninetales|Protect|p1a: Ninetales
|-singleturn|p1a: Ninetales|Protect
|move|p2a: Latios|Psychic|p1a: Ninetales
|-activate|p1a: Ninetales|move: Protect
|
|-weather|SunnyDay|[upkeep]
|-heal|p1a: Ninetales|39/100|[from] item: Leftovers
|upkeep
|turn|42
|
|t:|1712379639
|switch|p1a: Cresselia|Cresselia, F|42/100
|move|p2a: Latios|Psychic|p1a: Cresselia
|-resisted|p1a: Cresselia
|-damage|p1a: Cresselia|21/100
|
|-weather|SunnyDay|[upkeep]
|-heal|p1a: Cresselia|28/100|[from] item: Leftovers
|upkeep
|turn|43
|
|t:|1712379645
|move|p2a: Latios|Psychic|p1a: Cresselia
|-resisted|p1a: Cresselia
|-damage|p1a: Cresselia|7/100
|move|p1a: Cresselia|Moonlight|p1a: Cresselia
|-heal|p1a: Cresselia|74/100
|
|-weather|SunnyDay|[upkeep]
|-heal|p1a: Cresselia|80/100|[from] item: Leftovers
|upkeep
|turn|44
|
|t:|1712379652
|switch|p2a: Politoed|Politoed, F, shiny|59/100
|-weather|RainDance|[from] ability: Drizzle|[of] p2a: Politoed
|move|p1a: Cresselia|Psyshock|p2a: Politoed
|-damage|p2a: Politoed|31/100
|
|-weather|RainDance|[upkeep]
|-heal|p1a: Cresselia|86/100|[from] item: Leftovers
|upkeep
|turn|45
|
|t:|1712379655
|switch|p1a: Ninetales|Ninetales, M|39/100
|-weather|SunnyDay|[from] ability: Drought|[of] p1a: Ninetales
|move|p2a: Politoed|Scald|p1a: Ninetales
|-supereffective|p1a: Ninetales
|-damage|p1a: Ninetales|0 fnt
|faint|p1a: Ninetales
|
|-weather|SunnyDay|[upkeep]
|upkeep
|
|t:|1712379662
|switch|p1a: Excadrill|Excadrill, M|53/100
|-ability|p1a: Excadrill|Mold Breaker
|turn|46
|
|t:|1712379677
|switch|p2a: Latios|Latios, M|88/100
|move|p1a: Excadrill|Earthquake|p2a: Latios
|-crit|p2a: Latios
|-damage|p2a: Latios|0 fnt
|faint|p2a: Latios
|
|-weather|SunnyDay|[upkeep]
|-heal|p1a: Excadrill|59/100|[from] item: Leftovers
|upkeep
|
|t:|1712379680
|switch|p2a: Politoed|Politoed, F, shiny|31/100
|-weather|RainDance|[from] ability: Drizzle|[of] p2a: Politoed
|turn|47
|
|t:|1712379682
|move|p2a: Politoed|Scald|p1a: Excadrill
|-supereffective|p1a: Excadrill
|-damage|p1a: Excadrill|0 fnt
|faint|p1a: Excadrill
|
|-weather|RainDance|[upkeep]
|upkeep
|
|t:|1712379690
|switch|p1a: Cresselia|Cresselia, F|86/100
|turn|48
|
|t:|1712379693
|move|p2a: Politoed|Scald|p1a: Cresselia
|-damage|p1a: Cresselia|41/100
|move|p1a: Cresselia|Psyshock|p2a: Politoed
|-damage|p2a: Politoed|3/100
|
|-weather|RainDance|[upkeep]
|-heal|p1a: Cresselia|47/100|[from] item: Leftovers
|upkeep
|turn|49
|
|t:|1712379698
|move|p2a: Politoed|Scald|p1a: Cresselia
|-damage|p1a: Cresselia|1/100
|-status|p1a: Cresselia|brn
|move|p1a: Cresselia|Psyshock|p2a: Politoed
|-crit|p2a: Politoed
|-damage|p2a: Politoed|0 fnt
|faint|p2a: Politoed
|
|-weather|RainDance|[upkeep]
|-heal|p1a: Cresselia|7/100 brn|[from] item: Leftovers
|-damage|p1a: Cresselia|0 fnt|[from] brn
|faint|p1a: Cresselia
|upkeep
|
|t:|1712379700
|switch|p2a: Scizor|Scizor, M|43/100
|switch|p1a: Xatu|Xatu, F|85/100
|turn|50
|
|t:|1712379704
|move|p2a: Scizor|Bullet Punch|p1a: Xatu
|-damage|p1a: Xatu|32/100
|-damage|p2a: Scizor|27/100|[from] item: Rocky Helmet|[of] p1a: Xatu
|move|p1a: Xatu|Reflect|p1a: Xatu
|-sidestart|p1: Darkortex|Reflect
|
|-weather|RainDance|[upkeep]
|upkeep
|turn|51
|
|t:|1712379706
|move|p2a: Scizor|Bullet Punch|p1a: Xatu
|-damage|p1a: Xatu|8/100
|-damage|p2a: Scizor|10/100|[from] item: Rocky Helmet|[of] p1a: Xatu
|move|p1a: Xatu|Roost|p1a: Xatu
|-heal|p1a: Xatu|58/100
|-singleturn|p1a: Xatu|move: Roost
|
|-weather|RainDance|[upkeep]
|upkeep
|turn|52
|
|t:|1712379709
|move|p2a: Scizor|Bullet Punch|p1a: Xatu
|-crit|p1a: Xatu
|-damage|p1a: Xatu|0 fnt
|-damage|p2a: Scizor|0 fnt|[from] item: Rocky Helmet|[of] p1a: Xatu
|faint|p2a: Scizor
|faint|p1a: Xatu
|
|win|Darkortex
|raw|Darkortex's rating: 1443 &rarr; <strong>1462</strong><br />(+19 for winning)
|raw|Latios220044's rating: 1421 &rarr; <strong>1402</strong><br />(-19 for losing)
|c|☆Darkortex|Big Stall wins again
|l|‽Latios220044
|player|p2|
