|j|☆leoperi99
|j|☆Compota
|t:|1707940534
|gametype|singles
|player|p1|leoperi99|roxie-masters|1489
|player|p2|Compota|preschooler|1381
|teamsize|p1|6
|teamsize|p2|6
|gen|5
|tier|[Gen 5] OU
|rated|
|rule|Species Clause: Limit one of each Pokémon
|rule|OHKO Clause: OHKO moves are banned
|rule|Moody Clause: Moody is banned
|rule|Evasion Items Clause: Evasion items are banned
|rule|Evasion Moves Clause: Evasion moves are banned
|rule|Endless Battle Clause: Forcing endless battles is banned
|rule|HP Percentage Mod: HP is shown in percentages
|rule|Evasion Abilities Clause: Evasion abilities are banned
|rule|Sleep Moves Clause: Sleep-inducing moves are banned
|rule|Swagger Clause: Swagger is banned
|rule|Baton Pass Stat Clause: No Baton Passer may have a way to boost its stats
|clearpoke
|poke|p1|Zapdos|item
|poke|p1|Tyranitar, M|item
|poke|p1|Excadrill, F|item
|poke|p1|Latios, M|item
|poke|p1|Garchomp, M|item
|poke|p1|Slowbro, M|item
|poke|p2|Ferrothorn, F|item
|poke|p2|Medicham, F|item
|poke|p2|Hydreigon, M|item
|poke|p2|Heatran, F|item
|poke|p2|Blastoise, F|item
|poke|p2|Terrakion|item
|teampreview
|l|☆Compota
|player|p2|
|inactive|Battle timer is ON: inactive players will automatically lose when time's up. (requested by leoperi99)
|j|☆Compota
|inactive|Compota reconnected and has 145 seconds left.
|player|p2|Compota|preschooler
|j| SKT T1 Motherfaker
|
|t:|1707940566
|start
|switch|p1a: Slowbro|Slowbro, M, shiny|100/100
|switch|p2a: Ferrothorn|Ferrothorn, F|100/100
|turn|1
|
|t:|1707940574
|move|p1a: Slowbro|Scald|p2a: Ferrothorn
|-resisted|p2a: Ferrothorn
|-damage|p2a: Ferrothorn|91/100
|move|p2a: Ferrothorn|Leech Seed|p1a: Slowbro
|-start|p1a: Slowbro|move: Leech Seed
|
|-heal|p2a: Ferrothorn|97/100|[from] item: Leftovers
|-damage|p1a: Slowbro|88/100|[from] Leech Seed|[of] p2a: Ferrothorn
|-heal|p2a: Ferrothorn|100/100|[silent]
|upkeep
|turn|2
|
|t:|1707940582
|switch|p1a: Zapdos|Zapdos, shiny|100/100
|-ability|p1a: Zapdos|Pressure
|move|p2a: Ferrothorn|Stealth Rock|p1a: Zapdos
|-sidestart|p1: leoperi99|move: Stealth Rock
|
|upkeep
|turn|3
|l|☆Compota
|inactive|Compota disconnected and has a minute to reconnect!
|player|p2|
|j|☆Compota
|inactive|Compota reconnected and has 135 seconds left.
|player|p2|Compota|preschooler
|n|☆Compota|compota
|
|t:|1707940603
|switch|p2a: Heatran|Heatran, F|100/100
|-item|p2a: Heatran|Air Balloon
|move|p1a: Zapdos|Volt Switch|p2a: Heatran
|-damage|p2a: Heatran|61/100
|-enditem|p2a: Heatran|Air Balloon
|
|t:|1707940610
|switch|p1a: Garchomp|Garchomp, M, shiny|100/100|[from] Volt Switch
|-damage|p1a: Garchomp|94/100|[from] Stealth Rock
|
|upkeep
|turn|4
|
|t:|1707940617
|switch|p2a: Ferrothorn|Ferrothorn, F|100/100
|move|p1a: Garchomp|Earthquake|p2a: Ferrothorn
|-damage|p2a: Ferrothorn|70/100
|
|-heal|p2a: Ferrothorn|76/100|[from] item: Leftovers
|upkeep
|turn|5
|
|t:|1707940624
|switch|p1a: Excadrill|Excadrill, F, shiny|100/100
|-damage|p1a: Excadrill|97/100|[from] Stealth Rock
|move|p2a: Ferrothorn|Leech Seed|p1a: Excadrill
|-start|p1a: Excadrill|move: Leech Seed
|
|-heal|p1a: Excadrill|100/100|[from] item: Leftovers
|-heal|p2a: Ferrothorn|82/100|[from] item: Leftovers
|-damage|p1a: Excadrill|88/100|[from] Leech Seed|[of] p2a: Ferrothorn
|-heal|p2a: Ferrothorn|95/100|[silent]
|upkeep
|turn|6
|
|t:|1707940636
|move|p2a: Ferrothorn|Protect|p2a: Ferrothorn
|-singleturn|p2a: Ferrothorn|Protect
|move|p1a: Excadrill|Rapid Spin|p2a: Ferrothorn
|-activate|p2a: Ferrothorn|move: Protect
|
|-heal|p1a: Excadrill|94/100|[from] item: Leftovers
|-heal|p2a: Ferrothorn|100/100|[from] item: Leftovers
|-damage|p1a: Excadrill|82/100|[from] Leech Seed|[of] p2a: Ferrothorn
|upkeep
|turn|7
|
|t:|1707940645
|move|p1a: Excadrill|Swords Dance|p1a: Excadrill
|-boost|p1a: Excadrill|atk|2
|move|p2a: Ferrothorn|Gyro Ball|p1a: Excadrill
|-resisted|p1a: Excadrill
|-damage|p1a: Excadrill|47/100
|
|-heal|p1a: Excadrill|53/100|[from] item: Leftovers
|-damage|p1a: Excadrill|41/100|[from] Leech Seed|[of] p2a: Ferrothorn
|upkeep
|turn|8
|
|t:|1707940653
|move|p2a: Ferrothorn|Protect|p2a: Ferrothorn
|-singleturn|p2a: Ferrothorn|Protect
|move|p1a: Excadrill|Earthquake|p2a: Ferrothorn
|-activate|p2a: Ferrothorn|move: Protect
|
|-heal|p1a: Excadrill|47/100|[from] item: Leftovers
|-damage|p1a: Excadrill|34/100|[from] Leech Seed|[of] p2a: Ferrothorn
|upkeep
|turn|9
|
|t:|1707940662
|switch|p2a: Hydreigon|Hydreigon, M|100/100
|move|p1a: Excadrill|Earthquake|p2a: Hydreigon
|-immune|p2a: Hydreigon|[from] ability: Levitate
|
|-heal|p1a: Excadrill|41/100|[from] item: Leftovers
|-damage|p1a: Excadrill|28/100|[from] Leech Seed|[of] p2a: Hydreigon
|upkeep
|turn|10
|
|t:|1707940672
|switch|p1a: Tyranitar|Tyranitar, M, shiny|100/100
|-damage|p1a: Tyranitar|88/100|[from] Stealth Rock
|-weather|Sandstorm|[from] ability: Sand Stream|[of] p1a: Tyranitar
|move|p2a: Hydreigon|Dark Pulse|p1a: Tyranitar
|-resisted|p1a: Tyranitar
|-crit|p1a: Tyranitar
|-damage|p1a: Tyranitar|68/100
|
|-weather|Sandstorm|[upkeep]
|-damage|p2a: Hydreigon|94/100|[from] Sandstorm
|upkeep
|turn|11
|
|t:|1707940683
|switch|p2a: Ferrothorn|Ferrothorn, F|100/100
|move|p1a: Tyranitar|Stealth Rock|p2a: Ferrothorn
|-sidestart|p2: Compota|move: Stealth Rock
|
|-weather|Sandstorm|[upkeep]
|upkeep
|turn|12
|
|t:|1707940689
|switch|p1a: Excadrill|Excadrill, F, shiny|28/100
|-damage|p1a: Excadrill|25/100|[from] Stealth Rock
|move|p2a: Ferrothorn|Gyro Ball|p1a: Excadrill
|-resisted|p1a: Excadrill
|-damage|p1a: Excadrill|0 fnt
|faint|p1a: Excadrill
|
|-weather|Sandstorm|[upkeep]
|upkeep
|
|t:|1707940694
|switch|p1a: Zapdos|Zapdos, shiny|100/100
|-damage|p1a: Zapdos|76/100|[from] Stealth Rock
|-ability|p1a: Zapdos|Pressure
|turn|13
|
|t:|1707940700
|switch|p2a: Heatran|Heatran, F|61/100
|-damage|p2a: Heatran|49/100|[from] Stealth Rock
|move|p1a: Zapdos|Heat Wave|p2a: Heatran
|-start|p2a: Heatran|ability: Flash Fire
|
|-weather|Sandstorm|[upkeep]
|-damage|p1a: Zapdos|69/100|[from] Sandstorm
|-heal|p1a: Zapdos|76/100|[from] item: Leftovers
|upkeep
|turn|14
|
|t:|1707940710
|move|p1a: Zapdos|Volt Switch|p2a: Heatran
|-damage|p2a: Heatran|13/100
|
|t:|1707940735
|switch|p1a: Tyranitar|Tyranitar, M, shiny|68/100|[from] Volt Switch
|-damage|p1a: Tyranitar|55/100|[from] Stealth Rock
|move|p2a: Heatran|Magma Storm|p1a: Tyranitar
|-resisted|p1a: Tyranitar
|-damage|p1a: Tyranitar|36/100
|-activate|p1a: Tyranitar|move: Magma Storm|[of] p2a: Heatran
|
|-weather|Sandstorm|[upkeep]
|-damage|p1a: Tyranitar|30/100|[from] move: Magma Storm|[partiallytrapped]
|upkeep
|turn|15
|
|t:|1707940746
|move|p2a: Heatran|Hidden Power|p1a: Tyranitar
|-supereffective|p1a: Tyranitar
|-enditem|p1a: Tyranitar|Chople Berry|[eat]
|-enditem|p1a: Tyranitar|Chople Berry|[weaken]
|-damage|p1a: Tyranitar|7/100
|move|p1a: Tyranitar|Rock Slide|p2a: Heatran
|-damage|p2a: Heatran|0 fnt
|faint|p2a: Heatran
|
|-weather|Sandstorm|[upkeep]
|upkeep
|
|t:|1707940766
|switch|p2a: Ferrothorn|Ferrothorn, F|100/100
|-damage|p2a: Ferrothorn|94/100|[from] Stealth Rock
|turn|16
|
|t:|1707940771
|move|p1a: Tyranitar|Crunch|p2a: Ferrothorn
|-resisted|p2a: Ferrothorn
|-damage|p2a: Ferrothorn|81/100
|-damage|p1a: Tyranitar|0 fnt|[from] ability: Iron Barbs|[of] p2a: Ferrothorn
|faint|p1a: Tyranitar
|move|p2a: Ferrothorn|Gyro Ball|p1: Tyranitar|[notarget]
|-fail|p2a: Ferrothorn
|
|-weather|Sandstorm|[upkeep]
|-heal|p2a: Ferrothorn|88/100|[from] item: Leftovers
|upkeep
|
|t:|1707940775
|switch|p1a: Zapdos|Zapdos, shiny|76/100
|-damage|p1a: Zapdos|51/100|[from] Stealth Rock
|-ability|p1a: Zapdos|Pressure
|turn|17
|
|t:|1707940789
|move|p2a: Ferrothorn|Protect|p2a: Ferrothorn
|-singleturn|p2a: Ferrothorn|Protect
|move|p1a: Zapdos|Roost|p1a: Zapdos
|-heal|p1a: Zapdos|100/100
|-singleturn|p1a: Zapdos|move: Roost
|
|-weather|Sandstorm|[upkeep]
|-damage|p1a: Zapdos|94/100|[from] Sandstorm
|-heal|p1a: Zapdos|100/100|[from] item: Leftovers
|-heal|p2a: Ferrothorn|94/100|[from] item: Leftovers
|upkeep
|turn|18
|
|t:|1707940801
|switch|p2a: Blastoise|Blastoise, F|100/100
|-damage|p2a: Blastoise|88/100|[from] Stealth Rock
|move|p1a: Zapdos|Heat Wave|p2a: Blastoise
|-resisted|p2a: Blastoise
|-damage|p2a: Blastoise|75/100
|
|-weather|Sandstorm|[upkeep]
|-damage|p1a: Zapdos|94/100|[from] Sandstorm
|-damage|p2a: Blastoise|69/100|[from] Sandstorm
|-heal|p1a: Zapdos|100/100|[from] item: Leftovers
|-heal|p2a: Blastoise|75/100|[from] item: Leftovers
|upkeep
|turn|19
|
|t:|1707940813
|move|p1a: Zapdos|Volt Switch|p2a: Blastoise
|-supereffective|p2a: Blastoise
|-damage|p2a: Blastoise|22/100
|
|t:|1707940817
|switch|p1a: Latios|Latios, M, shiny|100/100|[from] Volt Switch
|-damage|p1a: Latios|88/100|[from] Stealth Rock
|move|p2a: Blastoise|Rapid Spin|p1a: Latios
|-crit|p1a: Latios
|-damage|p1a: Latios|80/100
|-sideend|p2: Compota|Stealth Rock|[from] move: Rapid Spin|[of] p2a: Blastoise
|
|-weather|Sandstorm|[upkeep]
|-damage|p1a: Latios|74/100|[from] Sandstorm
|-damage|p2a: Blastoise|16/100|[from] Sandstorm
|-heal|p2a: Blastoise|22/100|[from] item: Leftovers
|upkeep
|turn|20
|
|t:|1707940828
|move|p1a: Latios|Draco Meteor|p2a: Blastoise
|-damage|p2a: Blastoise|0 fnt
|-unboost|p1a: Latios|spa|2
|faint|p2a: Blastoise
|
|-weather|Sandstorm|[upkeep]
|-damage|p1a: Latios|68/100|[from] Sandstorm
|upkeep
|
|t:|1707940847
|switch|p2a: Hydreigon|Hydreigon, M|94/100
|turn|21
|inactive|leoperi99 has 120 seconds left.
|
|t:|1707940900
|move|p2a: Hydreigon|Dark Pulse|p1a: Latios
|-supereffective|p1a: Latios
|-damage|p1a: Latios|0 fnt
|faint|p1a: Latios
|
|-weather|Sandstorm|[upkeep]
|-damage|p2a: Hydreigon|88/100|[from] Sandstorm
|upkeep
|
|t:|1707940907
|switch|p1a: Garchomp|Garchomp, M, shiny|94/100
|-damage|p1a: Garchomp|88/100|[from] Stealth Rock
|turn|22
|
|t:|1707940915
|switch|p2a: Ferrothorn|Ferrothorn, F|94/100
|move|p1a: Garchomp|Dual Chop|p2a: Ferrothorn
|-resisted|p2a: Ferrothorn
|-damage|p2a: Ferrothorn|88/100
|-damage|p1a: Garchomp|76/100|[from] ability: Iron Barbs|[of] p2a: Ferrothorn
|-resisted|p2a: Ferrothorn
|-crit|p2a: Ferrothorn
|-damage|p2a: Ferrothorn|75/100
|-damage|p1a: Garchomp|64/100|[from] ability: Iron Barbs|[of] p2a: Ferrothorn
|-hitcount|p2a: Ferrothorn|2
|
|-weather|Sandstorm|[upkeep]
|-heal|p2a: Ferrothorn|81/100|[from] item: Leftovers
|upkeep
|turn|23
|
|t:|1707940927
|switch|p1a: Zapdos|Zapdos, shiny|100/100
|-damage|p1a: Zapdos|76/100|[from] Stealth Rock
|-ability|p1a: Zapdos|Pressure
|move|p2a: Ferrothorn|Leech Seed|p1a: Zapdos|[miss]
|-miss|p2a: Ferrothorn|p1a: Zapdos
|
|-weather|Sandstorm|[upkeep]
|-damage|p1a: Zapdos|69/100|[from] Sandstorm
|-heal|p1a: Zapdos|76/100|[from] item: Leftovers
|-heal|p2a: Ferrothorn|87/100|[from] item: Leftovers
|upkeep
|turn|24
|inactive|leoperi99 has 120 seconds left.
|
|t:|1707940947
|move|p1a: Zapdos|Heat Wave|p2a: Ferrothorn
|-supereffective|p2a: Ferrothorn
|-damage|p2a: Ferrothorn|0 fnt
|faint|p2a: Ferrothorn
|
|-weather|Sandstorm|[upkeep]
|-damage|p1a: Zapdos|69/100|[from] Sandstorm
|-heal|p1a: Zapdos|76/100|[from] item: Leftovers
|upkeep
|
|t:|1707940957
|switch|p2a: Medicham|Medicham, F|100/100
|turn|25
|inactive|leoperi99 has 120 seconds left.
|
|t:|1707940976
|move|p2a: Medicham|Fake Out|p1a: Zapdos
|-damage|p1a: Zapdos|46/100
|-damage|p2a: Medicham|91/100|[from] item: Life Orb
|cant|p1a: Zapdos|flinch
|
|-weather|Sandstorm|[upkeep]
|-damage|p1a: Zapdos|40/100|[from] Sandstorm
|-damage|p2a: Medicham|84/100|[from] Sandstorm
|-heal|p1a: Zapdos|46/100|[from] item: Leftovers
|upkeep
|turn|26
|
|t:|1707940986
|move|p1a: Zapdos|Volt Switch|p2a: Medicham
|-damage|p2a: Medicham|23/100
|inactive|leoperi99 has 120 seconds left.
|
|t:|1707940994
|switch|p1a: Slowbro|Slowbro, M, shiny|100/100|[from] Volt Switch
|-damage|p1a: Slowbro|88/100|[from] Stealth Rock
|move|p2a: Medicham|Ice Punch|p1a: Slowbro
|-resisted|p1a: Slowbro
|-damage|p1a: Slowbro|74/100
|-damage|p2a: Medicham|7/100|[from] item: Rocky Helmet|[of] p1a: Slowbro
|-damage|p2a: Medicham|0 fnt|[from] item: Life Orb
|faint|p2a: Medicham
|
|-weather|Sandstorm|[upkeep]
|-damage|p1a: Slowbro|68/100|[from] Sandstorm
|upkeep
|
|t:|1707941012
|switch|p2a: Terrakion|Terrakion|100/100
|turn|27
|inactive|leoperi99 has 120 seconds left.
|
|t:|1707941030
|switch|p1a: Zapdos|Zapdos, shiny|46/100
|-damage|p1a: Zapdos|21/100|[from] Stealth Rock
|-ability|p1a: Zapdos|Pressure
|move|p2a: Terrakion|X-Scissor|p1a: Zapdos
|-resisted|p1a: Zapdos
|-damage|p1a: Zapdos|4/100
|
|-weather|Sandstorm|[upkeep]
|-damage|p1a: Zapdos|0 fnt|[from] Sandstorm
|faint|p1a: Zapdos
|upkeep
|inactive|leoperi99 has 120 seconds left.
|
|t:|1707941037
|switch|p1a: Slowbro|Slowbro, M, shiny|100/100
|-damage|p1a: Slowbro|88/100|[from] Stealth Rock
|turn|28
|
|t:|1707941044
|move|p2a: Terrakion|X-Scissor|p1a: Slowbro
|-supereffective|p1a: Slowbro
|-damage|p1a: Slowbro|49/100
|-damage|p2a: Terrakion|84/100|[from] item: Rocky Helmet|[of] p1a: Slowbro
|move|p1a: Slowbro|Scald|p2a: Terrakion
|-supereffective|p2a: Terrakion
|-damage|p2a: Terrakion|41/100
|
|-weather|Sandstorm|[upkeep]
|-damage|p1a: Slowbro|43/100|[from] Sandstorm
|upkeep
|turn|29
|
|t:|1707941055
|move|p2a: Terrakion|X-Scissor|p1a: Slowbro
|-supereffective|p1a: Slowbro
|-damage|p1a: Slowbro|4/100
|-damage|p2a: Terrakion|24/100|[from] item: Rocky Helmet|[of] p1a: Slowbro
|move|p1a: Slowbro|Ice Beam|p2a: Terrakion
|-damage|p2a: Terrakion|6/100
|
|-weather|Sandstorm|[upkeep]
|-damage|p1a: Slowbro|0 fnt|[from] Sandstorm
|faint|p1a: Slowbro
|upkeep
|
|t:|1707941058
|switch|p1a: Garchomp|Garchomp, M, shiny|64/100
|-damage|p1a: Garchomp|57/100|[from] Stealth Rock
|turn|30
|
|t:|1707941067
|move|p1a: Garchomp|Outrage|p2a: Terrakion
|-damage|p2a: Terrakion|0 fnt
|faint|p2a: Terrakion
|
|-weather|Sandstorm|[upkeep]
|upkeep
|
|t:|1707941072
|switch|p2a: Hydreigon|Hydreigon, M|88/100
|turn|31
|
|t:|1707941076
|move|p1a: Garchomp|Outrage|p2a: Hydreigon|[from]lockedmove
|-supereffective|p2a: Hydreigon
|-damage|p2a: Hydreigon|0 fnt
|faint|p2a: Hydreigon
|
|win|leoperi99
|raw|leoperi99's rating: 1489 &rarr; <strong>1503</strong><br />(+14 for winning)
|raw|Compota's rating: 1381 &rarr; <strong>1367</strong><br />(-14 for losing)
|c|☆leoperi99|gg
|l|☆leoperi99
|player|p1|
