|raw|<div class="broadcast-red"><strong>This battle is invite-only!</strong><br />Users must be rank + or invited with <code>/invite</code> to join</div>
|j|☆chroerus
|j|☆BlitzkriegArcanine
|player|p1|chroerus|164
|player|p2|BlitzkriegArcanine|25
|teamsize|p1|6
|teamsize|p2|6
|gametype|singles
|gen|5
|tier|[Gen 5] OU
|rated|
|rule|Sleep Clause Mod: Limit one foe put to sleep
|rule|Species Clause: Limit one of each Pokémon
|rule|OHKO Clause: OHKO moves are banned
|rule|Moody Clause: Moody is banned
|rule|Evasion Moves Clause: Evasion moves are banned
|rule|Endless Battle Clause: Forcing endless battles is banned
|rule|HP Percentage Mod: HP is shown in percentages
|rule|Evasion Abilities Clause: Evasion abilities are banned
|rule|Baton Pass Clause: Limit one Baton Passer, can't pass Spe and other stats simultaneously
|rule|Swagger Clause: Swagger is banned
|clearpoke
|poke|p1|Alakazam, M|item
|poke|p1|Skarmory, F|item
|poke|p1|Tyranitar, F|item
|poke|p1|Heatran, M|item
|poke|p1|Landorus-Therian, M|item
|poke|p1|Amoonguss, F|item
|poke|p2|Politoed, M|item
|poke|p2|Ferrothorn, M|item
|poke|p2|Gengar, M|item
|poke|p2|Dragonite, M|item
|poke|p2|Feraligatr, M|item
|poke|p2|Scizor, M|item
|teampreview
|inactive|Battle timer is ON: inactive players will automatically lose when time's up. (requested by chroerus)
|inactive|BlitzkriegArcanine has 135 seconds left.
|inactive|chroerus has 135 seconds left.
|
|start
|switch|p1a: Landorus|Landorus-Therian, M|100/100
|switch|p2a: Gengar|Gengar, M|100/100
|-ability|p1a: Landorus|Intimidate|boost
|-unboost|p2a: Gengar|atk|1
|turn|1
|
|switch|p1a: Heatran|Heatran, M|100/100
|move|p2a: Gengar|Focus Blast|p1a: Heatran
|-supereffective|p1a: Heatran
|-damage|p1a: Heatran|32/100
|-damage|p2a: Gengar|91/100|[from] item: Life Orb
|
|-heal|p1a: Heatran|38/100|[from] item: Leftovers
|upkeep
|turn|2
|
|move|p1a: Heatran|Protect|p1a: Heatran
|-singleturn|p1a: Heatran|Protect
|move|p2a: Gengar|Focus Blast|p1a: Heatran
|-activate|p1a: Heatran|move: Protect
|
|-heal|p1a: Heatran|45/100|[from] item: Leftovers
|upkeep
|turn|3
|
|switch|p1a: Amoonguss|Amoonguss, F|100/100
|move|p2a: Gengar|Focus Blast|p1a: Amoonguss
|-resisted|p1a: Amoonguss
|-damage|p1a: Amoonguss|84/100
|-damage|p2a: Gengar|81/100|[from] item: Life Orb
|
|-heal|p1a: Amoonguss|90/100|[from] item: Black Sludge
|upkeep
|turn|4
|
|move|p2a: Gengar|Substitute|p2a: Gengar
|-start|p2a: Gengar|Substitute
|-damage|p2a: Gengar|56/100
|move|p1a: Amoonguss|Spore|p2a: Gengar
|-fail|p2a: Gengar
|
|-heal|p1a: Amoonguss|96/100|[from] item: Black Sludge
|upkeep
|turn|5
|
|switch|p1a: Skarmory|Skarmory, F|100/100
|move|p2a: Gengar|Shadow Ball|p1a: Skarmory
|-resisted|p1a: Skarmory
|-damage|p1a: Skarmory|73/100
|-damage|p2a: Gengar|46/100|[from] item: Life Orb
|
|upkeep
|turn|6
|
|move|p2a: Gengar|Thunder|p1a: Skarmory
|-supereffective|p1a: Skarmory
|-damage|p1a: Skarmory|0 fnt
|-damage|p2a: Gengar|36/100|[from] item: Life Orb
|faint|p1a: Skarmory
|
|upkeep
|
|switch|p1a: Amoonguss|Amoonguss, F|100/100
|turn|7
|
|move|p2a: Gengar|Shadow Ball|p1a: Amoonguss
|-damage|p1a: Amoonguss|67/100
|-damage|p2a: Gengar|26/100|[from] item: Life Orb
|move|p1a: Amoonguss|Giga Drain|p2a: Gengar
|-resisted|p2a: Gengar
|-activate|p2a: Gengar|Substitute|[damage]
|-heal|p1a: Amoonguss|72/100|[from] drain|[of] p2a: Gengar
|
|-heal|p1a: Amoonguss|78/100|[from] item: Black Sludge
|upkeep
|turn|8
|inactive|BlitzkriegArcanine has 135 seconds left.
|
|move|p2a: Gengar|Shadow Ball|p1a: Amoonguss
|-damage|p1a: Amoonguss|45/100
|-damage|p2a: Gengar|16/100|[from] item: Life Orb
|move|p1a: Amoonguss|Giga Drain|p2a: Gengar
|-resisted|p2a: Gengar
|-end|p2a: Gengar|Substitute
|-heal|p1a: Amoonguss|46/100|[from] drain|[of] p2a: Gengar
|
|-heal|p1a: Amoonguss|52/100|[from] item: Black Sludge
|upkeep
|turn|9
|
|move|p2a: Gengar|Focus Blast|p1a: Amoonguss
|-resisted|p1a: Amoonguss
|-damage|p1a: Amoonguss|34/100
|-damage|p2a: Gengar|6/100|[from] item: Life Orb
|move|p1a: Amoonguss|Spore|p2a: Gengar
|-status|p2a: Gengar|slp
|
|-heal|p1a: Amoonguss|40/100|[from] item: Black Sludge
|upkeep
|turn|10
|
|switch|p2a: Politoed|Politoed, M, shiny|100/100
|-weather|RainDance|[from] ability: Drizzle|[of] p2a: Politoed
|switch|p1a: Landorus|Landorus-Therian, M|100/100
|-ability|p1a: Landorus|Intimidate|boost
|-unboost|p2a: Politoed|atk|1
|
|-weather|RainDance|[upkeep]
|upkeep
|turn|11
|
|move|p1a: Landorus|U-turn|p2a: Politoed
|-damage|p2a: Politoed|69/100
|
|switch|p1a: Tyranitar|Tyranitar, F|100/100
|-weather|Sandstorm|[from] ability: Sand Stream|[of] p1a: Tyranitar
|move|p2a: Politoed|Hydro Pump|p1a: Tyranitar
|-enditem|p2a: Politoed|Water Gem|[from] gem|[move] Hydro Pump
|-supereffective|p1a: Tyranitar
|-damage|p1a: Tyranitar|26/100
|
|-weather|Sandstorm|[upkeep]
|-damage|p2a: Politoed|63/100|[from] sandstorm
|upkeep
|turn|12
|
|switch|p1a: Amoonguss|Amoonguss, F|73/100
|move|p2a: Politoed|Hydro Pump|p1a: Amoonguss
|-resisted|p1a: Amoonguss
|-damage|p1a: Amoonguss|54/100
|
|-weather|Sandstorm|[upkeep]
|-damage|p2a: Politoed|57/100|[from] sandstorm
|-damage|p1a: Amoonguss|48/100|[from] sandstorm
|-heal|p1a: Amoonguss|54/100|[from] item: Black Sludge
|upkeep
|turn|13
|
|switch|p2a: Gengar|Gengar, M|6/100 slp
|switch|p1a: Heatran|Heatran, M|45/100
|
|-weather|Sandstorm|[upkeep]
|-damage|p2a: Gengar|0 fnt|[from] sandstorm
|-heal|p1a: Heatran|51/100|[from] item: Leftovers
|upkeep
|faint|p2a: Gengar
|inactive|BlitzkriegArcanine has 135 seconds left.
|
|switch|p2a: Politoed|Politoed, M, shiny|57/100
|-weather|RainDance|[from] ability: Drizzle|[of] p2a: Politoed
|turn|14
|
|move|p1a: Heatran|Protect|p1a: Heatran
|-singleturn|p1a: Heatran|Protect
|move|p2a: Politoed|Hydro Pump|p1a: Heatran
|-activate|p1a: Heatran|move: Protect
|
|-weather|RainDance|[upkeep]
|-heal|p1a: Heatran|57/100|[from] item: Leftovers
|upkeep
|turn|15
|
|switch|p1a: Amoonguss|Amoonguss, F|87/100
|move|p2a: Politoed|Hypnosis|p1a: Amoonguss|[miss]
|-miss|p2a: Politoed|p1a: Amoonguss
|
|-weather|RainDance|[upkeep]
|-heal|p1a: Amoonguss|93/100|[from] item: Black Sludge
|upkeep
|turn|16
|
|move|p2a: Politoed|Hypnosis|p1a: Amoonguss
|-status|p1a: Amoonguss|slp
|cant|p1a: Amoonguss|slp
|
|-weather|RainDance|[upkeep]
|-heal|p1a: Amoonguss|99/100 slp|[from] item: Black Sludge
|upkeep
|turn|17
|
|switch|p2a: Dragonite|Dragonite, M|100/100
|cant|p1a: Amoonguss|slp
|move|p1a: Amoonguss|Sleep Talk|p1a: Amoonguss
|move|p1a: Amoonguss|Spore|p2a: Dragonite|[from]Sleep Talk
|-status|p2a: Dragonite|slp
|
|-weather|RainDance|[upkeep]
|-heal|p1a: Amoonguss|100/100 slp|[from] item: Black Sludge
|upkeep
|turn|18
|
|switch|p1a: Tyranitar|Tyranitar, F|26/100
|-weather|Sandstorm|[from] ability: Sand Stream|[of] p1a: Tyranitar
|cant|p2a: Dragonite|slp
|move|p2a: Dragonite|Sleep Talk|p2a: Dragonite
|move|p2a: Dragonite|Extreme Speed|p1a: Tyranitar|[from]Sleep Talk
|-resisted|p1a: Tyranitar
|-damage|p1a: Tyranitar|7/100
|
|-weather|Sandstorm|[upkeep]
|-damage|p2a: Dragonite|94/100 slp|[from] sandstorm
|upkeep
|turn|19
|
|switch|p1a: Landorus|Landorus-Therian, M|100/100
|-ability|p1a: Landorus|Intimidate|boost
|-unboost|p2a: Dragonite|atk|1
|-curestatus|p2a: Dragonite|slp|[msg]
|move|p2a: Dragonite|Sleep Talk|p2a: Dragonite
|-fail|p2a: Dragonite
|
|-weather|Sandstorm|[upkeep]
|-damage|p2a: Dragonite|88/100|[from] sandstorm
|upkeep
|turn|20
|
|switch|p1a: Heatran|Heatran, M|57/100
|switch|p2a: Ferrothorn|Ferrothorn, M|100/100
|
|-weather|Sandstorm|[upkeep]
|-heal|p1a: Heatran|63/100|[from] item: Leftovers
|upkeep
|turn|21
|
|move|p1a: Heatran|Stealth Rock|p2a: Ferrothorn
|-sidestart|p2: BlitzkriegArcanine|move: Stealth Rock
|move|p2a: Ferrothorn|Stealth Rock|p1a: Heatran
|-sidestart|p1: chroerus|move: Stealth Rock
|
|-weather|Sandstorm|[upkeep]
|-heal|p1a: Heatran|70/100|[from] item: Leftovers
|upkeep
|turn|22
|
|switch|p2a: Dragonite|Dragonite, M|88/100
|-damage|p2a: Dragonite|63/100|[from] Stealth Rock
|move|p1a: Heatran|Earth Power|p2a: Dragonite
|-immune|p2a: Dragonite|[msg]
|
|-weather|Sandstorm|[upkeep]
|-damage|p2a: Dragonite|57/100|[from] sandstorm
|-heal|p1a: Heatran|76/100|[from] item: Leftovers
|upkeep
|turn|23
|
|move|p1a: Heatran|Protect|p1a: Heatran
|-singleturn|p1a: Heatran|Protect
|move|p2a: Dragonite|Superpower|p1a: Heatran
|-activate|p1a: Heatran|move: Protect
|
|-weather|Sandstorm|[upkeep]
|-damage|p2a: Dragonite|51/100|[from] sandstorm
|-heal|p1a: Heatran|82/100|[from] item: Leftovers
|upkeep
|turn|24
|
|switch|p1a: Amoonguss|Amoonguss, F|100/100 slp
|-damage|p1a: Amoonguss|88/100 slp|[from] Stealth Rock
|move|p2a: Dragonite|Superpower|p1a: Amoonguss
|-resisted|p1a: Amoonguss
|-damage|p1a: Amoonguss|51/100 slp
|-unboost|p2a: Dragonite|atk|1
|-unboost|p2a: Dragonite|def|1
|
|-weather|Sandstorm|[upkeep]
|-damage|p2a: Dragonite|45/100|[from] sandstorm
|-damage|p1a: Amoonguss|45/100 slp|[from] sandstorm
|-heal|p1a: Amoonguss|51/100 slp|[from] item: Black Sludge
|upkeep
|turn|25
|
|move|p2a: Dragonite|Superpower|p1a: Amoonguss
|-resisted|p1a: Amoonguss
|-damage|p1a: Amoonguss|30/100 slp
|-unboost|p2a: Dragonite|atk|1
|-unboost|p2a: Dragonite|def|1
|cant|p1a: Amoonguss|slp
|move|p1a: Amoonguss|Sleep Talk|p1a: Amoonguss
|move|p1a: Amoonguss|Spore|p2a: Dragonite|[from]Sleep Talk
|-status|p2a: Dragonite|slp
|
|-weather|Sandstorm|[upkeep]
|-damage|p2a: Dragonite|39/100 slp|[from] sandstorm
|-damage|p1a: Amoonguss|23/100 slp|[from] sandstorm
|-heal|p1a: Amoonguss|30/100 slp|[from] item: Black Sludge
|upkeep
|turn|26
|
|switch|p2a: Politoed|Politoed, M, shiny|57/100
|-damage|p2a: Politoed|45/100|[from] Stealth Rock
|-weather|RainDance|[from] ability: Drizzle|[of] p2a: Politoed
|switch|p1a: Alakazam|Alakazam, M|100/100
|
|-weather|RainDance|[upkeep]
|upkeep
|turn|27
|
|switch|p1a: Amoonguss|Amoonguss, F|63/100 slp
|-damage|p1a: Amoonguss|50/100 slp|[from] Stealth Rock
|switch|p2a: Ferrothorn|Ferrothorn, M|100/100
|-damage|p2a: Ferrothorn|94/100|[from] Stealth Rock
|
|-weather|RainDance|[upkeep]
|-heal|p1a: Amoonguss|56/100 slp|[from] item: Black Sludge
|upkeep
|turn|28
|
|switch|p1a: Heatran|Heatran, M|82/100
|-damage|p1a: Heatran|70/100|[from] Stealth Rock
|switch|p2a: Scizor|Scizor, M|100/100
|-damage|p2a: Scizor|88/100|[from] Stealth Rock
|
|-weather|RainDance|[upkeep]
|-heal|p1a: Heatran|76/100|[from] item: Leftovers
|upkeep
|turn|29
|inactive|chroerus has 135 seconds left.
|
|move|p1a: Heatran|Protect|p1a: Heatran
|-singleturn|p1a: Heatran|Protect
|move|p2a: Scizor|Superpower|p1a: Heatran
|-activate|p1a: Heatran|move: Protect
|
|-weather|RainDance|[upkeep]
|-heal|p1a: Heatran|82/100|[from] item: Leftovers
|upkeep
|turn|30
|
|switch|p1a: Amoonguss|Amoonguss, F|90/100 slp
|-damage|p1a: Amoonguss|77/100 slp|[from] Stealth Rock
|move|p2a: Scizor|Superpower|p1a: Amoonguss
|-resisted|p1a: Amoonguss
|-damage|p1a: Amoonguss|50/100 slp
|-unboost|p2a: Scizor|atk|1
|-unboost|p2a: Scizor|def|1
|-damage|p2a: Scizor|78/100|[from] item: Life Orb
|
|-weather|RainDance|[upkeep]
|-heal|p1a: Amoonguss|56/100 slp|[from] item: Black Sludge
|upkeep
|turn|31
|
|switch|p1a: Landorus|Landorus-Therian, M|100/100
|-damage|p1a: Landorus|88/100|[from] Stealth Rock
|-ability|p1a: Landorus|Intimidate|boost
|-unboost|p2a: Scizor|atk|1
|move|p2a: Scizor|Swords Dance|p2a: Scizor
|-boost|p2a: Scizor|atk|2
|
|-weather|RainDance|[upkeep]
|upkeep
|turn|32
|inactive|BlitzkriegArcanine has 135 seconds left.
|inactive|chroerus has 135 seconds left.
|inactive|BlitzkriegArcanine has 120 seconds left.
|inactive|chroerus has 120 seconds left.
|l|☆chroerus
|inactive|chroerus disconnected and has a minute to reconnect!
|player|p1|
|j|☆chroerus
|inactive|chroerus reconnected and has 105 seconds left.
|player|p1|chroerus|164
|inactive|chroerus has 90 seconds left.
|
|switch|p2a: Politoed|Politoed, M, shiny|45/100
|-damage|p2a: Politoed|32/100|[from] Stealth Rock
|move|p1a: Landorus|Superpower|p2a: Politoed
|-damage|p2a: Politoed|0 fnt
|-unboost|p1a: Landorus|atk|1
|-unboost|p1a: Landorus|def|1
|faint|p2a: Politoed
|
|-weather|RainDance|[upkeep]
|upkeep
|
|switch|p2a: Feraligatr|Feraligatr, M|100/100
|-damage|p2a: Feraligatr|88/100|[from] Stealth Rock
|turn|33
|
|move|p1a: Landorus|Superpower|p2a: Feraligatr
|-damage|p2a: Feraligatr|61/100
|-unboost|p1a: Landorus|atk|1
|-unboost|p1a: Landorus|def|1
|move|p2a: Feraligatr|Swords Dance|p2a: Feraligatr
|-boost|p2a: Feraligatr|atk|2
|
|-weather|RainDance|[upkeep]
|upkeep
|turn|34
|
|switch|p1a: Tyranitar|Tyranitar, F|7/100
|-damage|p1a: Tyranitar|0 fnt|[from] Stealth Rock
|faint|p1a: Tyranitar
|move|p2a: Feraligatr|Aqua Jet|p1: Tyranitar|[notarget]
|-notarget
|
|-weather|RainDance|[upkeep]
|upkeep
|inactive|chroerus has 135 seconds left.
|inactive|chroerus has 120 seconds left.
|
|switch|p1a: Amoonguss|Amoonguss, F|89/100 slp
|-damage|p1a: Amoonguss|77/100 slp|[from] Stealth Rock
|turn|35
|inactive|BlitzkriegArcanine has 135 seconds left.
|inactive|BlitzkriegArcanine has 120 seconds left.
|inactive|BlitzkriegArcanine has 105 seconds left.
|inactive|BlitzkriegArcanine has 90 seconds left.
|
|move|p2a: Feraligatr|Waterfall|p1a: Amoonguss
|-resisted|p1a: Amoonguss
|-damage|p1a: Amoonguss|11/100 slp
|cant|p1a: Amoonguss|slp
|move|p1a: Amoonguss|Sleep Talk|p1a: Amoonguss
|move|p1a: Amoonguss|Giga Drain|p2a: Feraligatr|[from]Sleep Talk
|-supereffective|p2a: Feraligatr
|-damage|p2a: Feraligatr|7/100
|-heal|p1a: Amoonguss|33/100 slp|[from] drain|[of] p2a: Feraligatr
|
|-weather|RainDance|[upkeep]
|-heal|p1a: Amoonguss|39/100 slp|[from] item: Black Sludge
|upkeep
|turn|36
|
|move|p2a: Feraligatr|Waterfall|p1a: Amoonguss
|-resisted|p1a: Amoonguss
|-damage|p1a: Amoonguss|0 fnt
|faint|p1a: Amoonguss
|
|-weather|RainDance|[upkeep]
|upkeep
|
|switch|p1a: Alakazam|Alakazam, M|100/100
|turn|37
|
|move|p2a: Feraligatr|Aqua Jet|p1a: Alakazam
|-enditem|p1a: Alakazam|Focus Sash
|-damage|p1a: Alakazam|1/100
|move|p1a: Alakazam|Psychic|p2a: Feraligatr
|-damage|p2a: Feraligatr|0 fnt
|faint|p2a: Feraligatr
|
|-weather|RainDance|[upkeep]
|upkeep
|inactive|BlitzkriegArcanine has 135 seconds left.
|inactive|BlitzkriegArcanine has 120 seconds left.
|inactive|BlitzkriegArcanine has 105 seconds left.
|
|switch|p2a: Scizor|Scizor, M|78/100
|-damage|p2a: Scizor|66/100|[from] Stealth Rock
|turn|38
|
|move|p2a: Scizor|Bullet Punch|p1a: Alakazam
|-damage|p1a: Alakazam|0 fnt
|-damage|p2a: Scizor|56/100|[from] item: Life Orb
|faint|p1a: Alakazam
|
|-weather|RainDance|[upkeep]
|upkeep
|
|switch|p1a: Landorus|Landorus-Therian, M|88/100
|-damage|p1a: Landorus|76/100|[from] Stealth Rock
|-ability|p1a: Landorus|Intimidate|boost
|-unboost|p2a: Scizor|atk|1
|turn|39
|inactive|chroerus has 135 seconds left.
|
|switch|p2a: Dragonite|Dragonite, M|39/100 slp
|-damage|p2a: Dragonite|14/100 slp|[from] Stealth Rock
|move|p1a: Landorus|U-turn|p2a: Dragonite
|-resisted|p2a: Dragonite
|-damage|p2a: Dragonite|0 fnt
|faint|p2a: Dragonite
|
|switch|p1a: Heatran|Heatran, M|82/100
|-damage|p1a: Heatran|70/100|[from] Stealth Rock
|
|-weather|RainDance|[upkeep]
|-heal|p1a: Heatran|76/100|[from] item: Leftovers
|upkeep
|
|switch|p2a: Scizor|Scizor, M|56/100
|-damage|p2a: Scizor|43/100|[from] Stealth Rock
|turn|40
|inactive|chroerus has 135 seconds left.
|inactive|chroerus has 120 seconds left.
|inactive|chroerus has 105 seconds left.
|inactive|chroerus has 90 seconds left.
|inactive|chroerus has 75 seconds left.
|l|☆chroerus
|inactive|chroerus disconnected and has a minute to reconnect!
|player|p1|
|inactive|BlitzkriegArcanine has 135 seconds left.
|j|☆chroerus
|inactive|chroerus reconnected.
|player|p1|chroerus|164
|inactive|BlitzkriegArcanine has 120 seconds left.
|inactive|chroerus has 60 seconds left.
|inactive|BlitzkriegArcanine has 105 seconds left.
|inactive|BlitzkriegArcanine has 90 seconds left.
|
|switch|p1a: Landorus|Landorus-Therian, M|76/100
|-damage|p1a: Landorus|64/100|[from] Stealth Rock
|-ability|p1a: Landorus|Intimidate|boost
|-unboost|p2a: Scizor|atk|1
|move|p2a: Scizor|Swords Dance|p2a: Scizor
|-boost|p2a: Scizor|atk|2
|
|-weather|RainDance|[upkeep]
|upkeep
|turn|41
|
|switch|p1a: Heatran|Heatran, M|76/100
|-damage|p1a: Heatran|63/100|[from] Stealth Rock
|move|p2a: Scizor|Superpower|p1a: Heatran
|-supereffective|p1a: Heatran
|-damage|p1a: Heatran|0 fnt
|-unboost|p2a: Scizor|atk|1
|-unboost|p2a: Scizor|def|1
|-damage|p2a: Scizor|33/100|[from] item: Life Orb
|faint|p1a: Heatran
|
|-weather|RainDance|[upkeep]
|upkeep
|
|switch|p1a: Landorus|Landorus-Therian, M|64/100
|-damage|p1a: Landorus|52/100|[from] Stealth Rock
|-ability|p1a: Landorus|Intimidate|boost
|-unboost|p2a: Scizor|atk|1
|turn|42
|
|move|p2a: Scizor|Bullet Punch|p1a: Landorus
|-damage|p1a: Landorus|17/100
|-damage|p2a: Scizor|23/100|[from] item: Life Orb
|move|p1a: Landorus|Earthquake|p2a: Scizor
|-damage|p2a: Scizor|0 fnt
|faint|p2a: Scizor
|
|-weather|RainDance|[upkeep]
|upkeep
|
|switch|p2a: Ferrothorn|Ferrothorn, M|94/100
|-damage|p2a: Ferrothorn|88/100|[from] Stealth Rock
|turn|43
|c|☆BlitzkriegArcanine|gg man
|
|move|p1a: Landorus|Earthquake|p2a: Ferrothorn
|-damage|p2a: Ferrothorn|51/100
|move|p2a: Ferrothorn|Gyro Ball|p1a: Landorus
|-damage|p1a: Landorus|0 fnt
|faint|p1a: Landorus
|
|win|BlitzkriegArcanine
|raw|chroerus's rating: 1508 &rarr; <strong>1478</strong><br />(-30 for losing)
|raw|BlitzkriegArcanine's rating: 1307 &rarr; <strong>1337</strong><br />(+30 for winning)
|l|☆chroerus
|c|☆BlitzkriegArcanine|/log BlitzkriegArcanine made this room public.
