|j|☆Lesqueegee
|j|☆dr.jeckyl
|t:|1718488309
|gametype|singles
|player|p1|Lesqueegee|bianca|1316
|player|p2|dr.jeckyl|169|1489
|teamsize|p1|6
|teamsize|p2|6
|gen|5
|tier|[Gen 5] OU
|rated|
|rule|Species Clause: Limit one of each Pokémon
|rule|OHKO Clause: OHKO moves are banned
|rule|Moody Clause: Moody is banned
|rule|Evasion Items Clause: Evasion items are banned
|rule|Evasion Moves Clause: Evasion moves are banned
|rule|Endless Battle Clause: Forcing endless battles is banned
|rule|HP Percentage Mod: HP is shown in percentages
|rule|Evasion Abilities Clause: Evasion abilities are banned
|rule|Sleep Moves Clause: Sleep-inducing moves are banned
|rule|Swagger Clause: Swagger is banned
|rule|Baton Pass Stat Clause: No Baton Passer may have a way to boost its stats
|clearpoke
|poke|p1|Tyranitar, M|item
|poke|p1|Reuniclus, M|item
|poke|p1|Skarmory, M|item
|poke|p1|Garchomp, M|item
|poke|p1|Jellicent, M|item
|poke|p1|Heatran, F|item
|poke|p2|Politoed, M|item
|poke|p2|Starmie|item
|poke|p2|Thundurus-Therian, M|item
|poke|p2|Excadrill, M|item
|poke|p2|Latios, M|item
|poke|p2|Ferrothorn, F|item
|teampreview
|inactive|Battle timer is ON: inactive players will automatically lose when time's up. (requested by Lesqueegee)
|inactive|Lesqueegee has 120 seconds left.
|
|t:|1718488340
|start
|switch|p1a: Jellicent|Jellicent, M|100/100
|switch|p2a: Ferrothorn|Ferrothorn, F|100/100
|-item|p1a: Jellicent|Air Balloon
|turn|1
|
|t:|1718488347
|move|p1a: Jellicent|Will-O-Wisp|p2a: Ferrothorn
|-status|p2a: Ferrothorn|brn
|move|p2a: Ferrothorn|Spikes|p1a: Jellicent
|-sidestart|p1: Lesqueegee|Spikes
|
|-damage|p2a: Ferrothorn|88/100 brn|[from] brn
|upkeep
|turn|2
|
|t:|1718488352
|move|p1a: Jellicent|Taunt|p2a: Ferrothorn
|-start|p2a: Ferrothorn|move: Taunt
|cant|p2a: Ferrothorn|move: Taunt|Spikes
|
|-heal|p2a: Ferrothorn|94/100 brn|[from] item: Leftovers
|-damage|p2a: Ferrothorn|82/100 brn|[from] brn
|upkeep
|turn|3
|
|t:|1718488354
|move|p1a: Jellicent|Scald|p2a: Ferrothorn
|-resisted|p2a: Ferrothorn
|-damage|p2a: Ferrothorn|74/100 brn
|move|p2a: Ferrothorn|Power Whip|p1a: Jellicent
|-supereffective|p1a: Jellicent
|-damage|p1a: Jellicent|73/100
|-enditem|p1a: Jellicent|Air Balloon
|
|-heal|p2a: Ferrothorn|80/100 brn|[from] item: Leftovers
|-damage|p2a: Ferrothorn|68/100 brn|[from] brn
|upkeep
|turn|4
|
|t:|1718488361
|move|p1a: Jellicent|Scald|p2a: Ferrothorn
|-resisted|p2a: Ferrothorn
|-damage|p2a: Ferrothorn|60/100 brn
|move|p2a: Ferrothorn|Power Whip|p1a: Jellicent
|-supereffective|p1a: Jellicent
|-damage|p1a: Jellicent|40/100
|
|-heal|p2a: Ferrothorn|66/100 brn|[from] item: Leftovers
|-damage|p2a: Ferrothorn|54/100 brn|[from] brn
|-end|p2a: Ferrothorn|move: Taunt
|upkeep
|turn|5
|
|t:|1718488369
|switch|p2a: Politoed|Politoed, M|100/100
|-weather|RainDance|[from] ability: Drizzle|[of] p2a: Politoed
|move|p1a: Jellicent|Taunt|p2a: Politoed
|-start|p2a: Politoed|move: Taunt
|
|-weather|RainDance|[upkeep]
|upkeep
|turn|6
|
|t:|1718488373
|switch|p2a: Ferrothorn|Ferrothorn, F|54/100 brn
|move|p1a: Jellicent|Recover|p1a: Jellicent
|-heal|p1a: Jellicent|90/100
|
|-weather|RainDance|[upkeep]
|-heal|p2a: Ferrothorn|60/100 brn|[from] item: Leftovers
|-damage|p2a: Ferrothorn|48/100 brn|[from] brn
|upkeep
|turn|7
|
|t:|1718488378
|move|p1a: Jellicent|Scald|p2a: Ferrothorn
|-resisted|p2a: Ferrothorn
|-damage|p2a: Ferrothorn|37/100 brn
|move|p2a: Ferrothorn|Power Whip|p1a: Jellicent
|-supereffective|p1a: Jellicent
|-crit|p1a: Jellicent
|-damage|p1a: Jellicent|25/100
|
|-weather|RainDance|[upkeep]
|-heal|p2a: Ferrothorn|43/100 brn|[from] item: Leftovers
|-damage|p2a: Ferrothorn|30/100 brn|[from] brn
|upkeep
|turn|8
|
|t:|1718488387
|move|p1a: Jellicent|Recover|p1a: Jellicent
|-heal|p1a: Jellicent|75/100
|move|p2a: Ferrothorn|Spikes|p1a: Jellicent
|-sidestart|p1: Lesqueegee|Spikes
|
|-weather|RainDance|[upkeep]
|-heal|p2a: Ferrothorn|36/100 brn|[from] item: Leftovers
|-damage|p2a: Ferrothorn|24/100 brn|[from] brn
|upkeep
|turn|9
|
|t:|1718488389
|move|p1a: Jellicent|Taunt|p2a: Ferrothorn
|-start|p2a: Ferrothorn|move: Taunt
|move|p2a: Ferrothorn|Power Whip|p1a: Jellicent
|-supereffective|p1a: Jellicent
|-damage|p1a: Jellicent|47/100
|
|-weather|RainDance|[upkeep]
|-heal|p2a: Ferrothorn|30/100 brn|[from] item: Leftovers
|-damage|p2a: Ferrothorn|18/100 brn|[from] brn
|upkeep
|turn|10
|
|t:|1718488392
|switch|p2a: Politoed|Politoed, M|100/100
|move|p1a: Jellicent|Recover|p1a: Jellicent
|-heal|p1a: Jellicent|97/100
|
|-weather|RainDance|[upkeep]
|upkeep
|turn|11
|
|t:|1718488401
|switch|p1a: Tyranitar|Tyranitar, M|100/100
|-damage|p1a: Tyranitar|84/100|[from] Spikes
|-weather|Sandstorm|[from] ability: Sand Stream|[of] p1a: Tyranitar
|move|p2a: Politoed|Toxic|p1a: Tyranitar
|-status|p1a: Tyranitar|tox
|
|-weather|Sandstorm|[upkeep]
|-damage|p2a: Politoed|94/100|[from] Sandstorm
|-heal|p2a: Politoed|100/100|[from] item: Leftovers
|-damage|p1a: Tyranitar|78/100 tox|[from] psn
|upkeep
|turn|12
|
|t:|1718488413
|switch|p1a: Heatran|Heatran, F|100/100
|-damage|p1a: Heatran|84/100|[from] Spikes
|move|p2a: Politoed|Protect||[still]
|-fail|p2a: Politoed
|
|-weather|Sandstorm|[upkeep]
|-damage|p2a: Politoed|94/100|[from] Sandstorm
|-heal|p1a: Heatran|90/100|[from] item: Leftovers
|-heal|p2a: Politoed|100/100|[from] item: Leftovers
|upkeep
|turn|13
|
|t:|1718488425
|switch|p2a: Ferrothorn|Ferrothorn, F|18/100 brn
|move|p1a: Heatran|Toxic||[still]
|-fail|p1a: Heatran
|
|-weather|Sandstorm|[upkeep]
|-heal|p1a: Heatran|96/100|[from] item: Leftovers
|-heal|p2a: Ferrothorn|24/100 brn|[from] item: Leftovers
|-damage|p2a: Ferrothorn|12/100 brn|[from] brn
|upkeep
|turn|14
|
|t:|1718488430
|move|p1a: Heatran|Lava Plume|p2a: Ferrothorn
|-supereffective|p2a: Ferrothorn
|-damage|p2a: Ferrothorn|0 fnt
|faint|p2a: Ferrothorn
|
|-weather|Sandstorm|[upkeep]
|-heal|p1a: Heatran|100/100|[from] item: Leftovers
|upkeep
|
|t:|1718488439
|switch|p2a: Starmie|Starmie|100/100
|turn|15
|
|t:|1718488443
|switch|p1a: Jellicent|Jellicent, M|97/100
|-damage|p1a: Jellicent|80/100|[from] Spikes
|move|p2a: Starmie|Hydro Pump|p1a: Jellicent
|-heal|p1a: Jellicent|100/100|[from] ability: Water Absorb|[of] p2a: Starmie
|
|-weather|Sandstorm|[upkeep]
|-damage|p2a: Starmie|94/100|[from] Sandstorm
|-damage|p1a: Jellicent|94/100|[from] Sandstorm
|upkeep
|turn|16
|
|t:|1718488451
|switch|p2a: Politoed|Politoed, M|100/100
|-weather|RainDance|[from] ability: Drizzle|[of] p2a: Politoed
|move|p1a: Jellicent|Scald|p2a: Politoed
|-resisted|p2a: Politoed
|-damage|p2a: Politoed|83/100
|
|-weather|RainDance|[upkeep]
|-heal|p2a: Politoed|89/100|[from] item: Leftovers
|upkeep
|turn|17
|
|t:|1718488457
|switch|p1a: Reuniclus|Reuniclus, M|100/100
|move|p2a: Politoed|Toxic|p1a: Reuniclus
|-status|p1a: Reuniclus|tox
|
|-weather|RainDance|[upkeep]
|-heal|p2a: Politoed|96/100|[from] item: Leftovers
|upkeep
|turn|18
|
|t:|1718488464
|move|p2a: Politoed|Perish Song|p2a: Politoed
|-start|p1a: Reuniclus|perish3|[silent]
|-start|p2a: Politoed|perish3|[silent]
|-fieldactivate|move: Perish Song
|move|p1a: Reuniclus|Focus Blast|p2a: Politoed
|-damage|p2a: Politoed|67/100
|
|-weather|RainDance|[upkeep]
|-heal|p2a: Politoed|73/100|[from] item: Leftovers
|-start|p2a: Politoed|perish3
|-start|p1a: Reuniclus|perish3
|upkeep
|turn|19
|
|t:|1718488469
|switch|p2a: Excadrill|Excadrill, M|100/100
|-ability|p2a: Excadrill|Mold Breaker
|move|p1a: Reuniclus|Calm Mind|p1a: Reuniclus
|-boost|p1a: Reuniclus|spa|1
|-boost|p1a: Reuniclus|spd|1
|
|-weather|RainDance|[upkeep]
|-start|p1a: Reuniclus|perish2
|upkeep
|turn|20
|
|t:|1718488474
|move|p2a: Excadrill|Stealth Rock|p1a: Reuniclus
|-sidestart|p1: Lesqueegee|move: Stealth Rock
|move|p1a: Reuniclus|Focus Blast|p2a: Excadrill
|-supereffective|p2a: Excadrill
|-damage|p2a: Excadrill|31/100
|-unboost|p2a: Excadrill|spd|1
|
|-weather|RainDance|[upkeep]
|-heal|p2a: Excadrill|37/100|[from] item: Leftovers
|-start|p1a: Reuniclus|perish1
|upkeep
|turn|21
|
|t:|1718488482
|switch|p2a: Thundurus|Thundurus-Therian, M|100/100
|switch|p1a: Skarmory|Skarmory, M|100/100
|-damage|p1a: Skarmory|88/100|[from] Stealth Rock
|
|-weather|RainDance|[upkeep]
|-heal|p1a: Skarmory|94/100|[from] item: Leftovers
|upkeep
|turn|22
|
|t:|1718488485
|move|p2a: Thundurus|Hidden Power|p1a: Skarmory
|-damage|p1a: Skarmory|71/100
|move|p1a: Skarmory|Whirlwind|p2a: Thundurus
|drag|p2a: Latios|Latios, M|100/100
|
|-weather|RainDance|[upkeep]
|-heal|p1a: Skarmory|77/100|[from] item: Leftovers
|upkeep
|turn|23
|
|t:|1718488492
|move|p2a: Latios|Surf|p1a: Skarmory
|-damage|p1a: Skarmory|34/100
|move|p1a: Skarmory|Brave Bird|p2a: Latios
|-crit|p2a: Latios
|-damage|p2a: Latios|14/100
|-damage|p1a: Skarmory|8/100|[from] Recoil
|
|-weather|RainDance|[upkeep]
|-heal|p1a: Skarmory|14/100|[from] item: Leftovers
|upkeep
|turn|24
|
|t:|1718488499
|move|p2a: Latios|Surf|p1a: Skarmory
|-damage|p1a: Skarmory|0 fnt
|faint|p1a: Skarmory
|
|-weather|RainDance|[upkeep]
|upkeep
|
|t:|1718488500
|switch|p1a: Tyranitar|Tyranitar, M|78/100 tox
|-damage|p1a: Tyranitar|61/100 tox|[from] Spikes
|-damage|p1a: Tyranitar|49/100 tox|[from] Stealth Rock
|-weather|Sandstorm|[from] ability: Sand Stream|[of] p1a: Tyranitar
|turn|25
|
|t:|1718488506
|move|p2a: Latios|Surf|p1a: Tyranitar
|-supereffective|p1a: Tyranitar
|-damage|p1a: Tyranitar|5/100 tox
|move|p1a: Tyranitar|Pursuit|p2a: Latios
|-supereffective|p2a: Latios
|-damage|p2a: Latios|0 fnt
|faint|p2a: Latios
|
|-weather|Sandstorm|[upkeep]
|-damage|p1a: Tyranitar|0 fnt|[from] psn
|faint|p1a: Tyranitar
|upkeep
|
|t:|1718488518
|switch|p2a: Politoed|Politoed, M|73/100
|switch|p1a: Garchomp|Garchomp, M|100/100
|-damage|p1a: Garchomp|84/100|[from] Spikes
|-damage|p1a: Garchomp|78/100|[from] Stealth Rock
|-weather|RainDance|[from] ability: Drizzle|[of] p2a: Politoed
|turn|26
|
|t:|1718488539
|move|p1a: Garchomp|Outrage|p2a: Politoed
|-damage|p2a: Politoed|0 fnt
|faint|p2a: Politoed
|
|-weather|RainDance|[upkeep]
|upkeep
|
|t:|1718488552
|switch|p2a: Starmie|Starmie|94/100
|turn|27
|
|t:|1718488554
|move|p2a: Starmie|Ice Beam|p1a: Garchomp
|-supereffective|p1a: Garchomp
|-damage|p1a: Garchomp|0 fnt
|faint|p1a: Garchomp
|
|-weather|RainDance|[upkeep]
|upkeep
|
|t:|1718488564
|switch|p1a: Jellicent|Jellicent, M|94/100
|-damage|p1a: Jellicent|78/100|[from] Spikes
|-damage|p1a: Jellicent|65/100|[from] Stealth Rock
|turn|28
|
|t:|1718488568
|switch|p2a: Excadrill|Excadrill, M|37/100
|-ability|p2a: Excadrill|Mold Breaker
|move|p1a: Jellicent|Scald|p2a: Excadrill
|-supereffective|p2a: Excadrill
|-damage|p2a: Excadrill|0 fnt
|faint|p2a: Excadrill
|
|-weather|RainDance|[upkeep]
|upkeep
|
|t:|1718488573
|switch|p2a: Thundurus|Thundurus-Therian, M|100/100
|turn|29
|
|t:|1718488576
|move|p2a: Thundurus|Thunder|p1a: Jellicent
|-supereffective|p1a: Jellicent
|-damage|p1a: Jellicent|0 fnt
|faint|p1a: Jellicent
|
|-weather|RainDance|[upkeep]
|upkeep
|
|t:|1718488579
|switch|p1a: Heatran|Heatran, F|100/100
|-damage|p1a: Heatran|84/100|[from] Spikes
|-damage|p1a: Heatran|71/100|[from] Stealth Rock
|turn|30
|
|t:|1718488583
|move|p2a: Thundurus|Thunder|p1a: Heatran
|-damage|p1a: Heatran|31/100
|move|p1a: Heatran|Toxic|p2a: Thundurus
|-status|p2a: Thundurus|tox
|
|-weather|RainDance|[upkeep]
|-heal|p1a: Heatran|37/100|[from] item: Leftovers
|-damage|p2a: Thundurus|94/100 tox|[from] psn
|upkeep
|turn|31
|
|t:|1718488588
|move|p1a: Heatran|Protect|p1a: Heatran
|-singleturn|p1a: Heatran|Protect
|move|p2a: Thundurus|Thunder|p1a: Heatran
|-activate|p1a: Heatran|move: Protect
|
|-weather|RainDance|[upkeep]
|-heal|p1a: Heatran|44/100|[from] item: Leftovers
|-damage|p2a: Thundurus|82/100 tox|[from] psn
|upkeep
|turn|32
|
|t:|1718488590
|move|p1a: Heatran|Protect|p1a: Heatran
|-singleturn|p1a: Heatran|Protect
|move|p2a: Thundurus|Thunder|p1a: Heatran
|-activate|p1a: Heatran|move: Protect
|
|-weather|RainDance|[upkeep]
|-heal|p1a: Heatran|50/100|[from] item: Leftovers
|-damage|p2a: Thundurus|64/100 tox|[from] psn
|upkeep
|turn|33
|
|t:|1718488593
|move|p2a: Thundurus|Thunder|p1a: Heatran
|-damage|p1a: Heatran|9/100
|move|p1a: Heatran|Lava Plume|p2a: Thundurus
|-damage|p2a: Thundurus|40/100 tox
|
|-weather|RainDance|[upkeep]
|-heal|p1a: Heatran|15/100|[from] item: Leftovers
|-damage|p2a: Thundurus|16/100 tox|[from] psn
|upkeep
|turn|34
|
|t:|1718488599
|switch|p2a: Starmie|Starmie|94/100
|move|p1a: Heatran|Toxic|p2a: Starmie
|-status|p2a: Starmie|tox
|
|-weather|RainDance|[upkeep]
|-heal|p1a: Heatran|21/100|[from] item: Leftovers
|-damage|p2a: Starmie|88/100 tox|[from] psn
|upkeep
|turn|35
|
|t:|1718488603
|move|p1a: Heatran|Protect|p1a: Heatran
|-singleturn|p1a: Heatran|Protect
|move|p2a: Starmie|Hydro Pump|p1a: Heatran
|-activate|p1a: Heatran|move: Protect
|
|-weather|RainDance|[upkeep]
|-heal|p1a: Heatran|28/100|[from] item: Leftovers
|-damage|p2a: Starmie|76/100 tox|[from] psn
|upkeep
|turn|36
|
|t:|1718488605
|move|p1a: Heatran|Protect|p1a: Heatran
|-singleturn|p1a: Heatran|Protect
|move|p2a: Starmie|Hydro Pump|p1a: Heatran
|-activate|p1a: Heatran|move: Protect
|
|-weather|RainDance|[upkeep]
|-heal|p1a: Heatran|34/100|[from] item: Leftovers
|-damage|p2a: Starmie|58/100 tox|[from] psn
|upkeep
|turn|37
|
|t:|1718488608
|move|p1a: Heatran|Protect|p1a: Heatran
|-singleturn|p1a: Heatran|Protect
|move|p2a: Starmie|Hydro Pump|p1a: Heatran
|-activate|p1a: Heatran|move: Protect
|
|-weather|RainDance|[upkeep]
|-heal|p1a: Heatran|40/100|[from] item: Leftovers
|-damage|p2a: Starmie|33/100 tox|[from] psn
|upkeep
|turn|38
|
|t:|1718488609
|move|p1a: Heatran|Protect|p1a: Heatran
|-singleturn|p1a: Heatran|Protect
|move|p2a: Starmie|Hydro Pump|p1a: Heatran
|-activate|p1a: Heatran|move: Protect
|
|-weather|RainDance|[upkeep]
|-heal|p1a: Heatran|46/100|[from] item: Leftovers
|-damage|p2a: Starmie|2/100 tox|[from] psn
|upkeep
|turn|39
|
|t:|1718488614
|move|p1a: Heatran|Protect||[still]
|-fail|p1a: Heatran
|move|p2a: Starmie|Hydro Pump|p1a: Heatran
|-supereffective|p1a: Heatran
|-damage|p1a: Heatran|0 fnt
|faint|p1a: Heatran
|
|-weather|RainDance|[upkeep]
|-damage|p2a: Starmie|0 fnt|[from] psn
|faint|p2a: Starmie
|upkeep
|
|t:|1718488617
|switch|p2a: Thundurus|Thundurus-Therian, M|16/100 tox
|switch|p1a: Reuniclus|Reuniclus, M|100/100 tox
|turn|40
|
|t:|1718488620
|move|p2a: Thundurus|Thunder|p1a: Reuniclus
|-damage|p1a: Reuniclus|33/100 tox
|move|p1a: Reuniclus|Recover|p1a: Reuniclus
|-heal|p1a: Reuniclus|83/100 tox
|
|-weather|RainDance|[upkeep]
|-heal|p1a: Reuniclus|89/100 tox|[from] item: Leftovers
|-damage|p2a: Thundurus|10/100 tox|[from] psn
|upkeep
|turn|41
|
|t:|1718488626
|move|p2a: Thundurus|Thunder|p1a: Reuniclus
|-damage|p1a: Reuniclus|24/100 tox
|move|p1a: Reuniclus|Recover|p1a: Reuniclus
|-heal|p1a: Reuniclus|74/100 tox
|
|-weather|RainDance|[upkeep]
|-heal|p1a: Reuniclus|80/100 tox|[from] item: Leftovers
|-damage|p2a: Thundurus|0 fnt|[from] psn
|faint|p2a: Thundurus
|
|win|Lesqueegee
|upkeep
|raw|Lesqueegee's rating: 1316 &rarr; <strong>1345</strong><br />(+29 for winning)
|raw|dr.jeckyl's rating: 1489 &rarr; <strong>1460</strong><br />(-29 for losing)
|l|☆dr.jeckyl
|player|p2|
