|j|☆Darkortex
|j|☆TheRareCandyDealer
|player|p1|Darkortex|hilbert-dueldisk|1502
|player|p2|TheRareCandyDealer|dragontamer|1417
|teamsize|p1|6
|teamsize|p2|6
|gametype|singles
|gen|5
|tier|[Gen 5] OU
|rated|
|clearpoke
|poke|p1|Garchomp, M|item
|poke|p1|Dragonite, M|item
|poke|p1|Magnezone|item
|poke|p1|Latios, M|item
|poke|p1|Scizor, F|item
|poke|p1|Starmie|item
|poke|p2|Throh, M|item
|poke|p2|Lucario, F|item
|poke|p2|Gengar, M|item
|poke|p2|Ferrothorn, M|item
|poke|p2|Starmie|item
|poke|p2|Garchomp, M|item
|rule|Species Clause: Limit one of each Pokémon
|rule|OHKO Clause: OHKO moves are banned
|rule|Moody Clause: Moody is banned
|rule|Evasion Moves Clause: Evasion moves are banned
|rule|Endless Battle Clause: Forcing endless battles is banned
|rule|HP Percentage Mod: HP is shown in percentages
|rule|Evasion Abilities Clause: Evasion abilities are banned
|rule|Baton Pass Clause: Limit one Baton Passer, can't pass Spe and other stats simultaneously
|rule|Sleep Clause: Sleep-inducing moves are banned
|rule|Swagger Clause: Swagger is banned
|teampreview
|inactive|Battle timer is ON: inactive players will automatically lose when time's up. (requested by Darkortex)
|
|start
|switch|p1a: Garchomp|Garchomp, M|100/100
|switch|p2a: Gengar|Gengar, M|100/100
|turn|1
|
|move|p2a: Gengar|Icy Wind|p1a: Garchomp
|-supereffective|p1a: Garchomp
|-enditem|p1a: Garchomp|Yache Berry|[eat]
|-enditem|p1a: Garchomp|Yache Berry|[weaken]
|-damage|p1a: Garchomp|32/100
|-unboost|p1a: Garchomp|spe|1
|move|p1a: Garchomp|Stealth Rock|p2a: Gengar
|-sidestart|p2: TheRareCandyDealer|move: Stealth Rock
|
|upkeep
|turn|2
|
|switch|p1a: Scizor|Scizor, F|100/100
|move|p2a: Gengar|Icy Wind|p1a: Scizor
|-resisted|p1a: Scizor
|-damage|p1a: Scizor|84/100
|-unboost|p1a: Scizor|spe|1
|
|upkeep
|turn|3
|
|move|p2a: Gengar|Icy Wind|p1a: Scizor
|-resisted|p1a: Scizor
|-damage|p1a: Scizor|66/100
|-unboost|p1a: Scizor|spe|1
|move|p1a: Scizor|Pursuit|p2a: Gengar
|-supereffective|p2a: Gengar
|-damage|p2a: Gengar|0 fnt
|faint|p2a: Gengar
|
|upkeep
|
|switch|p2a: Throh|Throh, M|100/100
|-damage|p2a: Throh|94/100|[from] Stealth Rock
|turn|4
|
|switch|p1a: Latios|Latios, M|100/100
|move|p2a: Throh|Bulk Up|p2a: Throh
|-boost|p2a: Throh|atk|1
|-boost|p2a: Throh|def|1
|
|-heal|p2a: Throh|100/100|[from] item: Leftovers
|upkeep
|turn|5
|
|move|p1a: Latios|Draco Meteor|p2a: Throh
|-damage|p2a: Throh|40/100
|-unboost|p1a: Latios|spa|2
|move|p2a: Throh|Ice Punch|p1a: Latios
|-supereffective|p1a: Latios
|-damage|p1a: Latios|3/100
|
|-heal|p2a: Throh|46/100|[from] item: Leftovers
|upkeep
|turn|6
|
|switch|p1a: Scizor|Scizor, F|66/100
|switch|p2a: Ferrothorn|Ferrothorn, M|100/100
|-damage|p2a: Ferrothorn|94/100|[from] Stealth Rock
|
|-heal|p2a: Ferrothorn|100/100|[from] item: Leftovers
|upkeep
|turn|7
|
|move|p1a: Scizor|U-turn|p2a: Ferrothorn
|-damage|p2a: Ferrothorn|63/100
|-damage|p1a: Scizor|54/100|[from] ability: Iron Barbs|[of] p2a: Ferrothorn
|
|switch|p1a: Magnezone|Magnezone|100/100|[from]move: U-turn
|-item|p1a: Magnezone|Air Balloon
|move|p2a: Ferrothorn|Stealth Rock|p1a: Magnezone
|-sidestart|p1: Darkortex|move: Stealth Rock
|
|-heal|p2a: Ferrothorn|69/100|[from] item: Leftovers
|upkeep
|turn|8
|
|move|p1a: Magnezone|Hidden Power|p2a: Ferrothorn
|-supereffective|p2a: Ferrothorn
|-damage|p2a: Ferrothorn|0 fnt
|faint|p2a: Ferrothorn
|
|upkeep
|
|switch|p2a: Lucario|Lucario, F|100/100
|-damage|p2a: Lucario|98/100|[from] Stealth Rock
|turn|9
|
|move|p2a: Lucario|Swords Dance|p2a: Lucario
|-boost|p2a: Lucario|atk|2
|move|p1a: Magnezone|Hidden Power|p2a: Lucario
|-supereffective|p2a: Lucario
|-damage|p2a: Lucario|13/100
|
|upkeep
|turn|10
|
|move|p2a: Lucario|Close Combat|p1a: Magnezone
|-supereffective|p1a: Magnezone
|-damage|p1a: Magnezone|0 fnt
|-unboost|p2a: Lucario|def|1
|-unboost|p2a: Lucario|spd|1
|-enditem|p1a: Magnezone|Air Balloon
|-damage|p2a: Lucario|3/100|[from] item: Life Orb
|faint|p1a: Magnezone
|
|upkeep
|
|switch|p1a: Scizor|Scizor, F|54/100
|-damage|p1a: Scizor|41/100|[from] Stealth Rock
|turn|11
|
|move|p2a: Lucario|Extreme Speed|p1a: Scizor
|-resisted|p1a: Scizor
|-damage|p1a: Scizor|3/100
|-damage|p2a: Lucario|0 fnt|[from] item: Life Orb
|faint|p2a: Lucario
|move|p1a: Scizor|Bullet Punch|p2: Lucario|[notarget]
|-fail|p1a: Scizor
|
|upkeep
|
|switch|p2a: Starmie|Starmie|100/100
|-damage|p2a: Starmie|88/100|[from] Stealth Rock
|turn|12
|
|move|p1a: Scizor|Bullet Punch|p2a: Starmie
|-resisted|p2a: Starmie
|-damage|p2a: Starmie|47/100
|move|p2a: Starmie|Rapid Spin|p1a: Scizor
|-resisted|p1a: Scizor
|-damage|p1a: Scizor|2/100
|-sideend|p2: TheRareCandyDealer|Stealth Rock|[from] move: Rapid Spin|[of] p2a: Starmie
|
|-heal|p2a: Starmie|53/100|[from] item: Leftovers
|upkeep
|turn|13
|
|move|p1a: Scizor|Bullet Punch|p2a: Starmie
|-resisted|p2a: Starmie
|-damage|p2a: Starmie|18/100
|move|p2a: Starmie|Thunderbolt|p1a: Scizor
|-damage|p1a: Scizor|0 fnt
|faint|p1a: Scizor
|
|-heal|p2a: Starmie|24/100|[from] item: Leftovers
|upkeep
|
|switch|p1a: Garchomp|Garchomp, M|32/100
|-damage|p1a: Garchomp|26/100|[from] Stealth Rock
|turn|14
|
|move|p2a: Starmie|Ice Beam|p1a: Garchomp
|-supereffective|p1a: Garchomp
|-damage|p1a: Garchomp|0 fnt
|faint|p1a: Garchomp
|
|-heal|p2a: Starmie|30/100|[from] item: Leftovers
|upkeep
|
|switch|p1a: Starmie|Starmie|100/100
|-damage|p1a: Starmie|88/100|[from] Stealth Rock
|turn|15
|
|move|p2a: Starmie|Thunderbolt|p1a: Starmie
|-supereffective|p1a: Starmie
|-crit|p1a: Starmie
|-damage|p1a: Starmie|0 fnt
|faint|p1a: Starmie
|
|-heal|p2a: Starmie|36/100|[from] item: Leftovers
|upkeep
|
|switch|p1a: Dragonite|Dragonite, M|100/100
|-damage|p1a: Dragonite|76/100|[from] Stealth Rock
|turn|16
|
|move|p1a: Dragonite|Extreme Speed|p2a: Starmie
|-damage|p2a: Starmie|0 fnt
|faint|p2a: Starmie
|
|upkeep
|
|switch|p2a: Garchomp|Garchomp, M|100/100
|turn|17
|
|switch|p1a: Latios|Latios, M|3/100
|-damage|p1a: Latios|0 fnt|[from] Stealth Rock
|faint|p1a: Latios
|move|p2a: Garchomp|Outrage|p1: Latios|[notarget]
|-fail|p2a: Garchomp
|
|upkeep
|c|☆TheRareCandyDealer|gg
|
|switch|p1a: Dragonite|Dragonite, M|76/100
|-damage|p1a: Dragonite|51/100|[from] Stealth Rock
|turn|18
|
|move|p2a: Garchomp|Outrage|p1a: Dragonite
|-supereffective|p1a: Dragonite
|-damage|p1a: Dragonite|0 fnt
|-damage|p2a: Garchomp|91/100|[from] item: Life Orb
|faint|p1a: Dragonite
|
|win|TheRareCandyDealer
|raw|Darkortex's rating: 1502 &rarr; <strong>1477</strong><br />(-25 for losing)
|raw|TheRareCandyDealer's rating: 1417 &rarr; <strong>1442</strong><br />(+25 for winning)
|l|☆Darkortex
