|j|‽meacae
|j|☆Gh0st of Perdition
|player|p1|meacae|265|1339
|player|p2|Gh0st of Perdition|gentleman-gen1rb|1542
|teamsize|p1|6
|teamsize|p2|6
|gametype|singles
|gen|5
|tier|[Gen 5] OU
|rated|
|clearpoke
|poke|p1|Scizor, M|item
|poke|p1|Breloom, F|item
|poke|p1|Starmie|item
|poke|p1|Volcarona, F|item
|poke|p1|Garchomp, M|item
|poke|p1|Salamence, M|item
|poke|p2|Hippowdon, F|item
|poke|p2|Magnezone|item
|poke|p2|Excadrill, M|item
|poke|p2|Aerodactyl, F|item
|poke|p2|Amoonguss, M|item
|poke|p2|Skarmory, F|item
|rule|Species Clause: Limit one of each Pokémon
|rule|OHKO Clause: OHKO moves are banned
|rule|Moody Clause: Moody is banned
|rule|Evasion Moves Clause: Evasion moves are banned
|rule|Endless Battle Clause: Forcing endless battles is banned
|rule|HP Percentage Mod: HP is shown in percentages
|rule|Evasion Abilities Clause: Evasion abilities are banned
|rule|Baton Pass Clause: Limit one Baton Passer, can't pass Spe and other stats simultaneously
|rule|Sleep Clause: Sleep-inducing moves are banned
|rule|Swagger Clause: Swagger is banned
|teampreview
|
|start
|switch|p1a: Starmie|Starmie|100/100
|switch|p2a: Hippowdon|Hippowdon, F|100/100
|-weather|Sandstorm|[from] ability: Sand Stream|[of] p2a: Hippowdon
|turn|1
|inactive|Battle timer is ON: inactive players will automatically lose when time's up. (requested by meacae)
|
|switch|p2a: Amoonguss|Amoonguss, M, shiny|100/100
|move|p1a: Starmie|Ice Beam|p2a: Amoonguss
|-supereffective|p2a: Amoonguss
|-damage|p2a: Amoonguss|50/100
|-enditem|p2a: Amoonguss|Sitrus Berry|[eat]
|-heal|p2a: Amoonguss|75/100|[from] item: Sitrus Berry
|-damage|p1a: Starmie|91/100|[from] item: Life Orb
|
|-weather|Sandstorm|[upkeep]
|-damage|p1a: Starmie|84/100|[from] Sandstorm
|-damage|p2a: Amoonguss|69/100|[from] Sandstorm
|upkeep
|turn|2
|
|switch|p1a: Garchomp|Garchomp, M|100/100
|move|p2a: Amoonguss|Sludge Bomb|p1a: Garchomp
|-resisted|p1a: Garchomp
|-damage|p1a: Garchomp|83/100
|-status|p1a: Garchomp|psn
|
|-weather|Sandstorm|[upkeep]
|-damage|p2a: Amoonguss|63/100|[from] Sandstorm
|-damage|p1a: Garchomp|71/100 psn|[from] psn
|upkeep
|turn|3
|
|switch|p2a: Hippowdon|Hippowdon, F|100/100
|move|p1a: Garchomp|Stealth Rock|p2a: Hippowdon
|-sidestart|p2: Gh0st of Perdition|move: Stealth Rock
|
|-weather|Sandstorm|[upkeep]
|-damage|p1a: Garchomp|58/100 psn|[from] psn
|upkeep
|turn|4
|
|switch|p1a: Starmie|Starmie|84/100
|move|p2a: Hippowdon|Earthquake|p1a: Starmie
|-damage|p1a: Starmie|31/100
|
|-weather|Sandstorm|[upkeep]
|-damage|p1a: Starmie|25/100|[from] Sandstorm
|upkeep
|turn|5
|
|switch|p2a: Amoonguss|Amoonguss, M, shiny|96/100
|-damage|p2a: Amoonguss|83/100|[from] Stealth Rock
|move|p1a: Starmie|Hydro Pump|p2a: Amoonguss
|-resisted|p2a: Amoonguss
|-damage|p2a: Amoonguss|62/100
|-damage|p1a: Starmie|15/100|[from] item: Life Orb
|
|-weather|Sandstorm|[upkeep]
|-damage|p1a: Starmie|9/100|[from] Sandstorm
|-damage|p2a: Amoonguss|55/100|[from] Sandstorm
|upkeep
|turn|6
|
|switch|p2a: Magnezone|Magnezone|100/100
|-damage|p2a: Magnezone|94/100|[from] Stealth Rock
|move|p1a: Starmie|Hydro Pump|p2a: Magnezone
|-damage|p2a: Magnezone|8/100
|-damage|p1a: Starmie|0 fnt|[from] item: Life Orb
|faint|p1a: Starmie
|
|-weather|Sandstorm|[upkeep]
|upkeep
|
|switch|p1a: Breloom|Breloom, F|100/100
|turn|7
|
|move|p1a: Breloom|Mach Punch|p2a: Magnezone
|-supereffective|p2a: Magnezone
|-damage|p2a: Magnezone|0 fnt
|faint|p2a: Magnezone
|
|-weather|Sandstorm|[upkeep]
|-damage|p1a: Breloom|94/100|[from] Sandstorm
|upkeep
|
|switch|p2a: Amoonguss|Amoonguss, M, shiny|89/100
|-damage|p2a: Amoonguss|76/100|[from] Stealth Rock
|turn|8
|
|switch|p2a: Skarmory|Skarmory, F|100/100
|-damage|p2a: Skarmory|88/100|[from] Stealth Rock
|move|p1a: Breloom|Natural Gift|p2a: Skarmory
|-damage|p2a: Skarmory|68/100
|
|-weather|Sandstorm|[upkeep]
|-damage|p1a: Breloom|88/100|[from] Sandstorm
|upkeep
|turn|9
|
|move|p1a: Breloom|Low Sweep|p2a: Skarmory
|-damage|p2a: Skarmory|38/100
|-unboost|p2a: Skarmory|spe|1
|-damage|p1a: Breloom|72/100|[from] item: Rocky Helmet|[of] p2a: Skarmory
|move|p2a: Skarmory|Roost|p2a: Skarmory
|-heal|p2a: Skarmory|88/100
|-singleturn|p2a: Skarmory|move: Roost
|
|-weather|Sandstorm|[upkeep]
|-damage|p1a: Breloom|66/100|[from] Sandstorm
|upkeep
|turn|10
|
|switch|p1a: Volcarona|Volcarona, F|100/100
|move|p2a: Skarmory|Spikes|p1a: Volcarona
|-sidestart|p1: meacae|Spikes
|
|-weather|Sandstorm|[upkeep]
|-damage|p1a: Volcarona|94/100|[from] Sandstorm
|upkeep
|turn|11
|
|switch|p2a: Aerodactyl|Aerodactyl, F|100/100
|-damage|p2a: Aerodactyl|76/100|[from] Stealth Rock
|-ability|p2a: Aerodactyl|Pressure
|move|p1a: Volcarona|Fire Blast|p2a: Aerodactyl|[miss]
|-miss|p1a: Volcarona|p2a: Aerodactyl
|
|-weather|Sandstorm|[upkeep]
|-damage|p1a: Volcarona|88/100|[from] Sandstorm
|-heal|p2a: Aerodactyl|82/100|[from] item: Leftovers
|upkeep
|turn|12
|
|switch|p1a: Scizor|Scizor, M|100/100
|-damage|p1a: Scizor|88/100|[from] Spikes
|move|p2a: Aerodactyl|Rock Slide|p1a: Scizor
|-damage|p1a: Scizor|51/100
|
|-weather|Sandstorm|[upkeep]
|-heal|p2a: Aerodactyl|88/100|[from] item: Leftovers
|upkeep
|turn|13
|
|move|p2a: Aerodactyl|Rock Slide|p1a: Scizor
|-damage|p1a: Scizor|15/100
|move|p1a: Scizor|Swords Dance|p1a: Scizor
|-boost|p1a: Scizor|atk|2
|
|-weather|Sandstorm|[upkeep]
|-heal|p2a: Aerodactyl|94/100|[from] item: Leftovers
|upkeep
|turn|14
|
|switch|p2a: Excadrill|Excadrill, M|100/100
|-damage|p2a: Excadrill|98/100|[from] Stealth Rock
|-ability|p2a: Excadrill|Mold Breaker
|move|p1a: Scizor|Superpower|p2a: Excadrill
|-supereffective|p2a: Excadrill
|-damage|p2a: Excadrill|0 fnt
|-unboost|p1a: Scizor|atk|1
|-unboost|p1a: Scizor|def|1
|-damage|p1a: Scizor|5/100|[from] item: Life Orb
|faint|p2a: Excadrill
|
|-weather|Sandstorm|[upkeep]
|upkeep
|
|switch|p2a: Hippowdon|Hippowdon, F|100/100
|-damage|p2a: Hippowdon|94/100|[from] Stealth Rock
|turn|15
|
|move|p1a: Scizor|Swords Dance|p1a: Scizor
|-boost|p1a: Scizor|atk|2
|move|p2a: Hippowdon|Slack Off|p2a: Hippowdon
|-heal|p2a: Hippowdon|100/100
|
|-weather|Sandstorm|[upkeep]
|upkeep
|turn|16
|
|switch|p2a: Skarmory|Skarmory, F|88/100
|-damage|p2a: Skarmory|76/100|[from] Stealth Rock
|move|p1a: Scizor|Bug Bite|p2a: Skarmory
|-resisted|p2a: Skarmory
|-damage|p2a: Skarmory|54/100
|-damage|p1a: Scizor|0 fnt|[from] item: Rocky Helmet|[of] p2a: Skarmory
|faint|p1a: Scizor
|
|-weather|Sandstorm|[upkeep]
|upkeep
|
|switch|p1a: Salamence|Salamence, M|100/100
|turn|17
|
|switch|p2a: Hippowdon|Hippowdon, F|100/100
|-damage|p2a: Hippowdon|94/100|[from] Stealth Rock
|move|p1a: Salamence|Flamethrower|p2a: Hippowdon
|-damage|p2a: Hippowdon|69/100
|
|-weather|Sandstorm|[upkeep]
|-damage|p1a: Salamence|94/100|[from] Sandstorm
|-heal|p2a: Hippowdon|75/100|[from] item: Leftovers
|upkeep
|turn|18
|
|switch|p1a: Volcarona|Volcarona, F|88/100
|-damage|p1a: Volcarona|76/100|[from] Spikes
|move|p2a: Hippowdon|Stealth Rock|p1a: Volcarona
|-sidestart|p1: meacae|move: Stealth Rock
|
|-weather|Sandstorm|[upkeep]
|-damage|p1a: Volcarona|70/100|[from] Sandstorm
|-heal|p2a: Hippowdon|82/100|[from] item: Leftovers
|upkeep
|turn|19
|inactive|meacae has 120 seconds left.
|inactive|meacae has 90 seconds left.
|
|switch|p2a: Aerodactyl|Aerodactyl, F|94/100
|-damage|p2a: Aerodactyl|69/100|[from] Stealth Rock
|-ability|p2a: Aerodactyl|Pressure
|move|p1a: Volcarona|Quiver Dance|p1a: Volcarona
|-boost|p1a: Volcarona|spa|1
|-boost|p1a: Volcarona|spd|1
|-boost|p1a: Volcarona|spe|1
|
|-weather|Sandstorm|[upkeep]
|-damage|p1a: Volcarona|64/100|[from] Sandstorm
|-heal|p2a: Aerodactyl|75/100|[from] item: Leftovers
|upkeep
|turn|20
|inactive|meacae has 90 seconds left.
|
|move|p1a: Volcarona|Giga Drain|p2a: Aerodactyl
|-damage|p2a: Aerodactyl|42/100
|-heal|p1a: Volcarona|81/100|[from] drain|[of] p2a: Aerodactyl
|move|p2a: Aerodactyl|Rock Slide|p1a: Volcarona
|-supereffective|p1a: Volcarona
|-damage|p1a: Volcarona|0 fnt
|faint|p1a: Volcarona
|
|-weather|Sandstorm|[upkeep]
|-heal|p2a: Aerodactyl|48/100|[from] item: Leftovers
|upkeep
|inactive|meacae has 90 seconds left.
|
|switch|p1a: Breloom|Breloom, F|66/100
|-damage|p1a: Breloom|53/100|[from] Spikes
|-damage|p1a: Breloom|47/100|[from] Stealth Rock
|turn|21
|
|move|p2a: Aerodactyl|Rock Slide|p1a: Breloom
|-resisted|p1a: Breloom
|-damage|p1a: Breloom|24/100
|cant|p1a: Breloom|flinch
|
|-weather|Sandstorm|[upkeep]
|-damage|p1a: Breloom|18/100|[from] Sandstorm
|-heal|p2a: Aerodactyl|54/100|[from] item: Leftovers
|upkeep
|turn|22
|
|switch|p2a: Skarmory|Skarmory, F|54/100
|-damage|p2a: Skarmory|42/100|[from] Stealth Rock
|move|p1a: Breloom|Bullet Seed|p2a: Skarmory
|-resisted|p2a: Skarmory
|-damage|p2a: Skarmory|39/100
|-resisted|p2a: Skarmory
|-damage|p2a: Skarmory|36/100
|-hitcount|p2a: Skarmory|2
|
|-weather|Sandstorm|[upkeep]
|-damage|p1a: Breloom|12/100|[from] Sandstorm
|upkeep
|turn|23
|
|move|p1a: Breloom|Low Sweep|p2a: Skarmory
|-damage|p2a: Skarmory|6/100
|-unboost|p2a: Skarmory|spe|1
|-damage|p1a: Breloom|0 fnt|[from] item: Rocky Helmet|[of] p2a: Skarmory
|faint|p1a: Breloom
|move|p2a: Skarmory|Roost|p2a: Skarmory
|-heal|p2a: Skarmory|56/100
|-singleturn|p2a: Skarmory|move: Roost
|
|-weather|Sandstorm|[upkeep]
|upkeep
|
|switch|p1a: Salamence|Salamence, M|94/100
|-damage|p1a: Salamence|70/100|[from] Stealth Rock
|turn|24
|
|move|p1a: Salamence|Dragon Dance|p1a: Salamence
|-boost|p1a: Salamence|atk|1
|-boost|p1a: Salamence|spe|1
|move|p2a: Skarmory|Brave Bird|p1a: Salamence
|-damage|p1a: Salamence|34/100
|-damage|p2a: Skarmory|44/100|[from] Recoil
|
|-weather|Sandstorm|[upkeep]
|-damage|p1a: Salamence|28/100|[from] Sandstorm
|upkeep
|turn|25
|inactive|meacae has 120 seconds left.
|
|switch|p2a: Aerodactyl|Aerodactyl, F|54/100
|-damage|p2a: Aerodactyl|29/100|[from] Stealth Rock
|-ability|p2a: Aerodactyl|Pressure
|move|p1a: Salamence|Flamethrower|p2a: Aerodactyl
|-resisted|p2a: Aerodactyl
|-damage|p2a: Aerodactyl|19/100
|
|-weather|Sandstorm|[upkeep]
|-damage|p1a: Salamence|22/100|[from] Sandstorm
|-heal|p2a: Aerodactyl|25/100|[from] item: Leftovers
|upkeep
|turn|26
|inactive|meacae has 120 seconds left.
|
|switch|p2a: Skarmory|Skarmory, F|44/100
|-damage|p2a: Skarmory|32/100|[from] Stealth Rock
|move|p1a: Salamence|Dragon Claw|p2a: Skarmory
|-enditem|p1a: Salamence|Dragon Gem|[from] gem
|-resisted|p2a: Skarmory
|-damage|p2a: Skarmory|1/100
|-damage|p1a: Salamence|5/100|[from] item: Rocky Helmet|[of] p2a: Skarmory
|
|-weather|Sandstorm|[upkeep]
|-damage|p1a: Salamence|0 fnt|[from] Sandstorm
|faint|p1a: Salamence
|upkeep
|inactive|meacae has 120 seconds left.
|-message|meacae forfeited.
|
|win|Gh0st of Perdition
|l|‽meacae
|raw|meacae's rating: 1339 &rarr; <strong>1329</strong><br />(-10 for losing)
|raw|Gh0st of Perdition's rating: 1542 &rarr; <strong>1552</strong><br />(+10 for winning)
