|j|☆1994hfll2018
|j|☆OhJoy11
|player|p1|1994hfll2018|cyrus|1345
|player|p2|OhJoy11|cynthia-gen4|1639
|teamsize|p1|6
|teamsize|p2|6
|gametype|singles
|gen|5
|tier|[Gen 5] OU
|rated|
|clearpoke
|poke|p1|Skarmory, M|item
|poke|p1|Gastrodon-East, M|item
|poke|p1|Chansey, F|item
|poke|p1|Hydreigon, M|item
|poke|p1|Landorus-Therian, M|item
|poke|p1|Latios, M|item
|poke|p2|Tyranitar, M|item
|poke|p2|Landorus-Therian, M|item
|poke|p2|Garchomp, F|item
|poke|p2|Rotom-Wash|item
|poke|p2|Jirachi|item
|poke|p2|Keldeo|item
|rule|Species Clause: Limit one of each Pokémon
|rule|OHKO Clause: OHKO moves are banned
|rule|Moody Clause: Moody is banned
|rule|Evasion Moves Clause: Evasion moves are banned
|rule|Endless Battle Clause: Forcing endless battles is banned
|rule|HP Percentage Mod: HP is shown in percentages
|rule|Evasion Abilities Clause: Evasion abilities are banned
|rule|Baton Pass Clause: Limit one Baton Passer, can't pass Spe and other stats simultaneously
|rule|Sleep Clause: Sleep-inducing moves are banned
|rule|Swagger Clause: Swagger is banned
|teampreview
|inactive|Battle timer is ON: inactive players will automatically lose when time's up. (requested by OhJoy11)
|
|start
|switch|p1a: Latios|Latios, M|100/100
|switch|p2a: Jirachi|Jirachi|100/100
|turn|1
|
|switch|p2a: Tyranitar|Tyranitar, M|100/100
|-weather|Sandstorm|[from] ability: Sand Stream|[of] p2a: Tyranitar
|move|p1a: Latios|Surf|p2a: Tyranitar
|-supereffective|p2a: Tyranitar
|-damage|p2a: Tyranitar|44/100
|
|-weather|Sandstorm|[upkeep]
|-damage|p1a: Latios|95/100|[from] Sandstorm
|upkeep
|turn|2
|
|move|p2a: Tyranitar|Crunch|p1a: Latios
|-supereffective|p1a: Latios
|-damage|p1a: Latios|0 fnt
|faint|p1a: Latios
|
|-weather|Sandstorm|[upkeep]
|upkeep
|
|switch|p1a: Landorus|Landorus-Therian, M|100/100
|-ability|p1a: Landorus|Intimidate|boost
|-unboost|p2a: Tyranitar|atk|1
|turn|3
|
|switch|p2a: Rotom|Rotom-Wash|100/100
|move|p1a: Landorus|U-turn|p2a: Rotom
|-damage|p2a: Rotom|72/100
|
|switch|p1a: Gastrodon|Gastrodon-East, M|100/100|[from]move: U-turn
|
|-weather|Sandstorm|[upkeep]
|-damage|p2a: Rotom|66/100|[from] Sandstorm
|-heal|p2a: Rotom|72/100|[from] item: Leftovers
|upkeep
|turn|4
|
|switch|p2a: Jirachi|Jirachi|100/100
|move|p1a: Gastrodon|Toxic|p2a: Jirachi|[miss]
|-miss|p1a: Gastrodon|p2a: Jirachi
|
|-weather|Sandstorm|[upkeep]
|upkeep
|turn|5
|
|move|p2a: Jirachi|Calm Mind|p2a: Jirachi
|-boost|p2a: Jirachi|spa|1
|-boost|p2a: Jirachi|spd|1
|move|p1a: Gastrodon|Scald|p2a: Jirachi
|-damage|p2a: Jirachi|84/100
|
|-weather|Sandstorm|[upkeep]
|-heal|p2a: Jirachi|90/100|[from] item: Leftovers
|upkeep
|turn|6
|
|switch|p1a: Chansey|Chansey, F|100/100
|move|p2a: Jirachi|Grass Knot|p1a: Chansey
|-crit|p1a: Chansey
|-damage|p1a: Chansey|86/100
|
|-weather|Sandstorm|[upkeep]
|-damage|p1a: Chansey|80/100|[from] Sandstorm
|-heal|p2a: Jirachi|97/100|[from] item: Leftovers
|upkeep
|turn|7
|
|switch|p2a: Landorus|Landorus-Therian, M|100/100
|-ability|p2a: Landorus|Intimidate|boost
|-unboost|p1a: Chansey|atk|1
|move|p1a: Chansey|Thunder Wave|p2a: Landorus
|-immune|p2a: Landorus
|
|-weather|Sandstorm|[upkeep]
|-damage|p1a: Chansey|74/100|[from] Sandstorm
|upkeep
|turn|8
|
|switch|p1a: Skarmory|Skarmory, M|100/100
|move|p2a: Landorus|Stealth Rock|p1a: Skarmory
|-sidestart|p1: 1994hfll2018|move: Stealth Rock
|
|-weather|Sandstorm|[upkeep]
|upkeep
|turn|9
|
|move|p2a: Landorus|U-turn|p1a: Skarmory
|-resisted|p1a: Skarmory
|-damage|p1a: Skarmory|98/100
|-damage|p2a: Landorus|84/100|[from] item: Rocky Helmet|[of] p1a: Skarmory
|
|switch|p2a: Rotom|Rotom-Wash|72/100|[from]move: U-turn
|move|p1a: Skarmory|Stealth Rock|p2a: Rotom
|-sidestart|p2: OhJoy11|move: Stealth Rock
|
|-weather|Sandstorm|[upkeep]
|-damage|p2a: Rotom|66/100|[from] Sandstorm
|-heal|p2a: Rotom|72/100|[from] item: Leftovers
|upkeep
|turn|10
|
|switch|p1a: Gastrodon|Gastrodon-East, M|100/100
|-damage|p1a: Gastrodon|94/100|[from] Stealth Rock
|move|p2a: Rotom|Volt Switch|p1a: Gastrodon
|-immune|p1a: Gastrodon
|
|-weather|Sandstorm|[upkeep]
|-damage|p2a: Rotom|66/100|[from] Sandstorm
|-heal|p2a: Rotom|72/100|[from] item: Leftovers
|-heal|p1a: Gastrodon|100/100|[from] item: Leftovers
|upkeep
|turn|11
|
|move|p2a: Rotom|Will-O-Wisp|p1a: Gastrodon
|-status|p1a: Gastrodon|brn
|move|p1a: Gastrodon|Toxic|p2a: Rotom
|-status|p2a: Rotom|tox
|
|-weather|Sandstorm|[upkeep]
|-damage|p2a: Rotom|66/100 tox|[from] Sandstorm
|-heal|p2a: Rotom|72/100 tox|[from] item: Leftovers
|-damage|p2a: Rotom|66/100 tox|[from] psn
|-damage|p1a: Gastrodon|88/100 brn|[from] brn
|upkeep
|turn|12
|
|switch|p2a: Jirachi|Jirachi|97/100
|-damage|p2a: Jirachi|90/100|[from] Stealth Rock
|move|p1a: Gastrodon|Scald|p2a: Jirachi
|-crit|p2a: Jirachi
|-damage|p2a: Jirachi|43/100
|
|-weather|Sandstorm|[upkeep]
|-heal|p2a: Jirachi|49/100|[from] item: Leftovers
|-heal|p1a: Gastrodon|94/100 brn|[from] item: Leftovers
|-damage|p1a: Gastrodon|82/100 brn|[from] brn
|upkeep
|turn|13
|
|switch|p2a: Garchomp|Garchomp, F|100/100
|-damage|p2a: Garchomp|94/100|[from] Stealth Rock
|switch|p1a: Chansey|Chansey, F|74/100
|-damage|p1a: Chansey|61/100|[from] Stealth Rock
|
|-weather|Sandstorm|[upkeep]
|-damage|p1a: Chansey|55/100|[from] Sandstorm
|upkeep
|turn|14
|
|switch|p2a: Keldeo|Keldeo|100/100
|-damage|p2a: Keldeo|94/100|[from] Stealth Rock
|move|p1a: Chansey|Soft-Boiled|p1a: Chansey
|-heal|p1a: Chansey|100/100
|
|-weather|Sandstorm|[upkeep]
|-damage|p2a: Keldeo|88/100|[from] Sandstorm
|-damage|p1a: Chansey|94/100|[from] Sandstorm
|upkeep
|turn|15
|
|move|p2a: Keldeo|Secret Sword|p1a: Chansey
|-enditem|p2a: Keldeo|Fighting Gem|[from] gem
|-supereffective|p1a: Chansey
|-damage|p1a: Chansey|0 fnt
|faint|p1a: Chansey
|
|-weather|Sandstorm|[upkeep]
|-damage|p2a: Keldeo|82/100|[from] Sandstorm
|upkeep
|
|switch|p1a: Gastrodon|Gastrodon-East, M|82/100 brn
|-damage|p1a: Gastrodon|76/100 brn|[from] Stealth Rock
|turn|16
|
|move|p2a: Keldeo|Calm Mind|p2a: Keldeo
|-boost|p2a: Keldeo|spa|1
|-boost|p2a: Keldeo|spd|1
|move|p1a: Gastrodon|Scald|p2a: Keldeo
|-resisted|p2a: Keldeo
|-damage|p2a: Keldeo|73/100
|-status|p2a: Keldeo|brn
|
|-weather|Sandstorm|[upkeep]
|-damage|p2a: Keldeo|66/100 brn|[from] Sandstorm
|-heal|p1a: Gastrodon|82/100 brn|[from] item: Leftovers
|-damage|p2a: Keldeo|54/100 brn|[from] brn
|-damage|p1a: Gastrodon|69/100 brn|[from] brn
|upkeep
|turn|17
|
|move|p2a: Keldeo|Secret Sword|p1a: Gastrodon
|-damage|p1a: Gastrodon|13/100 brn
|move|p1a: Gastrodon|Recover|p1a: Gastrodon
|-heal|p1a: Gastrodon|63/100 brn
|
|-weather|Sandstorm|[upkeep]
|-damage|p2a: Keldeo|48/100 brn|[from] Sandstorm
|-heal|p1a: Gastrodon|69/100 brn|[from] item: Leftovers
|-damage|p2a: Keldeo|35/100 brn|[from] brn
|-damage|p1a: Gastrodon|56/100 brn|[from] brn
|upkeep
|turn|18
|
|move|p2a: Keldeo|Secret Sword|p1a: Gastrodon
|-damage|p1a: Gastrodon|4/100 brn
|move|p1a: Gastrodon|Recover|p1a: Gastrodon
|-heal|p1a: Gastrodon|54/100 brn
|
|-weather|Sandstorm|[upkeep]
|-damage|p2a: Keldeo|29/100 brn|[from] Sandstorm
|-heal|p1a: Gastrodon|60/100 brn|[from] item: Leftovers
|-damage|p2a: Keldeo|17/100 brn|[from] brn
|-damage|p1a: Gastrodon|48/100 brn|[from] brn
|upkeep
|turn|19
|
|move|p2a: Keldeo|Secret Sword|p1a: Gastrodon
|-crit|p1a: Gastrodon
|-damage|p1a: Gastrodon|0 fnt
|faint|p1a: Gastrodon
|
|-weather|Sandstorm|[upkeep]
|-damage|p2a: Keldeo|11/100 brn|[from] Sandstorm
|-damage|p2a: Keldeo|0 fnt|[from] brn
|faint|p2a: Keldeo
|upkeep
|
|switch|p2a: Landorus|Landorus-Therian, M|84/100
|switch|p1a: Landorus|Landorus-Therian, M|100/100
|-damage|p1a: Landorus|88/100|[from] Stealth Rock
|-ability|p1a: Landorus|Intimidate|boost
|-unboost|p2a: Landorus|atk|1
|-damage|p2a: Landorus|72/100|[from] Stealth Rock
|-ability|p2a: Landorus|Intimidate|boost
|-unboost|p1a: Landorus|atk|1
|turn|20
|
|move|p1a: Landorus|U-turn|p2a: Landorus
|-resisted|p2a: Landorus
|-damage|p2a: Landorus|65/100
|
|switch|p1a: Skarmory|Skarmory, M|98/100|[from]move: U-turn
|-damage|p1a: Skarmory|85/100|[from] Stealth Rock
|move|p2a: Landorus|Hidden Power|p1a: Skarmory
|-damage|p1a: Skarmory|63/100
|
|-weather|Sandstorm|[upkeep]
|-heal|p2a: Landorus|71/100|[from] item: Leftovers
|upkeep
|turn|21
|
|switch|p2a: Rotom|Rotom-Wash|66/100 tox
|-damage|p2a: Rotom|53/100 tox|[from] Stealth Rock
|move|p1a: Skarmory|Roost|p1a: Skarmory
|-heal|p1a: Skarmory|100/100
|-singleturn|p1a: Skarmory|move: Roost
|
|-weather|Sandstorm|[upkeep]
|-damage|p2a: Rotom|47/100 tox|[from] Sandstorm
|-heal|p2a: Rotom|53/100 tox|[from] item: Leftovers
|-damage|p2a: Rotom|47/100 tox|[from] psn
|upkeep
|turn|22
|
|move|p2a: Rotom|Will-O-Wisp|p1a: Skarmory
|-status|p1a: Skarmory|brn
|move|p1a: Skarmory|Whirlwind|p2a: Rotom
|drag|p2a: Jirachi|Jirachi|49/100
|-damage|p2a: Jirachi|43/100|[from] Stealth Rock
|
|-weather|Sandstorm|[upkeep]
|-heal|p2a: Jirachi|49/100|[from] item: Leftovers
|-damage|p1a: Skarmory|88/100 brn|[from] brn
|upkeep
|turn|23
|
|switch|p1a: Hydreigon|Hydreigon, M|100/100
|-damage|p1a: Hydreigon|88/100|[from] Stealth Rock
|move|p2a: Jirachi|Hidden Power|p1a: Hydreigon
|-resisted|p1a: Hydreigon
|-damage|p1a: Hydreigon|76/100
|
|-weather|Sandstorm|[upkeep]
|-damage|p1a: Hydreigon|70/100|[from] Sandstorm
|-heal|p2a: Jirachi|55/100|[from] item: Leftovers
|upkeep
|turn|24
|
|switch|p2a: Rotom|Rotom-Wash|47/100 tox
|-damage|p2a: Rotom|35/100 tox|[from] Stealth Rock
|move|p1a: Hydreigon|Flamethrower|p2a: Rotom
|-resisted|p2a: Rotom
|-damage|p2a: Rotom|14/100 tox
|-damage|p1a: Hydreigon|60/100|[from] item: Life Orb
|
|-weather|Sandstorm|[upkeep]
|-damage|p1a: Hydreigon|54/100|[from] Sandstorm
|-damage|p2a: Rotom|7/100 tox|[from] Sandstorm
|-heal|p2a: Rotom|14/100 tox|[from] item: Leftovers
|-damage|p2a: Rotom|7/100 tox|[from] psn
|upkeep
|turn|25
|
|move|p1a: Hydreigon|Roost|p1a: Hydreigon
|-heal|p1a: Hydreigon|100/100
|-singleturn|p1a: Hydreigon|move: Roost
|move|p2a: Rotom|Hydro Pump|p1a: Hydreigon
|-resisted|p1a: Hydreigon
|-damage|p1a: Hydreigon|77/100
|
|-weather|Sandstorm|[upkeep]
|-damage|p1a: Hydreigon|70/100|[from] Sandstorm
|-damage|p2a: Rotom|1/100 tox|[from] Sandstorm
|-heal|p2a: Rotom|7/100 tox|[from] item: Leftovers
|-damage|p2a: Rotom|0 fnt|[from] psn
|faint|p2a: Rotom
|upkeep
|
|switch|p2a: Tyranitar|Tyranitar, M|44/100
|-damage|p2a: Tyranitar|32/100|[from] Stealth Rock
|turn|26
|
|switch|p1a: Skarmory|Skarmory, M|88/100 brn
|-damage|p1a: Skarmory|76/100 brn|[from] Stealth Rock
|move|p2a: Tyranitar|Ice Beam|p1a: Skarmory
|-damage|p1a: Skarmory|47/100 brn
|
|-weather|Sandstorm|[upkeep]
|-damage|p1a: Skarmory|35/100 brn|[from] brn
|upkeep
|turn|27
|
|move|p2a: Tyranitar|Ice Beam|p1a: Skarmory
|-damage|p1a: Skarmory|6/100 brn
|move|p1a: Skarmory|Roost|p1a: Skarmory
|-heal|p1a: Skarmory|56/100 brn
|-singleturn|p1a: Skarmory|move: Roost
|
|-weather|Sandstorm|[upkeep]
|-damage|p1a: Skarmory|44/100 brn|[from] brn
|upkeep
|turn|28
|
|switch|p2a: Jirachi|Jirachi|55/100
|-damage|p2a: Jirachi|49/100|[from] Stealth Rock
|move|p1a: Skarmory|Roost|p1a: Skarmory
|-heal|p1a: Skarmory|94/100 brn
|-singleturn|p1a: Skarmory|move: Roost
|
|-weather|Sandstorm|[upkeep]
|-heal|p2a: Jirachi|55/100|[from] item: Leftovers
|-damage|p1a: Skarmory|81/100 brn|[from] brn
|upkeep
|turn|29
|
|switch|p1a: Landorus|Landorus-Therian, M|88/100
|-damage|p1a: Landorus|76/100|[from] Stealth Rock
|-ability|p1a: Landorus|Intimidate|boost
|-unboost|p2a: Jirachi|atk|1
|move|p2a: Jirachi|Psychic|p1a: Landorus
|-damage|p1a: Landorus|20/100
|-unboost|p1a: Landorus|spd|1
|
|-weather|Sandstorm|[upkeep]
|-heal|p2a: Jirachi|61/100|[from] item: Leftovers
|upkeep
|turn|30
|
|switch|p2a: Landorus|Landorus-Therian, M|71/100
|-damage|p2a: Landorus|59/100|[from] Stealth Rock
|-ability|p2a: Landorus|Intimidate|boost
|-unboost|p1a: Landorus|atk|1
|move|p1a: Landorus|U-turn|p2a: Landorus
|-resisted|p2a: Landorus
|-damage|p2a: Landorus|52/100
|
|switch|p1a: Hydreigon|Hydreigon, M|70/100|[from]move: U-turn
|-damage|p1a: Hydreigon|58/100|[from] Stealth Rock
|
|-weather|Sandstorm|[upkeep]
|-damage|p1a: Hydreigon|52/100|[from] Sandstorm
|-heal|p2a: Landorus|58/100|[from] item: Leftovers
|upkeep
|turn|31
|
|move|p1a: Hydreigon|Draco Meteor|p2a: Landorus
|-damage|p2a: Landorus|0 fnt
|-unboost|p1a: Hydreigon|spa|2
|-damage|p1a: Hydreigon|42/100|[from] item: Life Orb
|faint|p2a: Landorus
|
|-weather|Sandstorm|[upkeep]
|-damage|p1a: Hydreigon|36/100|[from] Sandstorm
|upkeep
|
|switch|p2a: Garchomp|Garchomp, F|94/100
|-damage|p2a: Garchomp|88/100|[from] Stealth Rock
|turn|32
|inactive|1994hfll2018 has 120 seconds left.
|
|move|p2a: Garchomp|Substitute|p2a: Garchomp
|-start|p2a: Garchomp|Substitute
|-damage|p2a: Garchomp|63/100
|move|p1a: Hydreigon|Draco Meteor|p2a: Garchomp
|-supereffective|p2a: Garchomp
|-end|p2a: Garchomp|Substitute
|-unboost|p1a: Hydreigon|spa|2
|-damage|p1a: Hydreigon|26/100|[from] item: Life Orb
|
|-weather|Sandstorm|[upkeep]
|-damage|p1a: Hydreigon|20/100|[from] Sandstorm
|upkeep
|turn|33
|
|move|p2a: Garchomp|Substitute|p2a: Garchomp
|-start|p2a: Garchomp|Substitute
|-damage|p2a: Garchomp|38/100
|move|p1a: Hydreigon|Draco Meteor|p2a: Garchomp
|-supereffective|p2a: Garchomp
|-end|p2a: Garchomp|Substitute
|-unboost|p1a: Hydreigon|spa|2
|-damage|p1a: Hydreigon|10/100|[from] item: Life Orb
|
|-weather|Sandstorm|[upkeep]
|-damage|p1a: Hydreigon|4/100|[from] Sandstorm
|upkeep
|turn|34
|inactive|1994hfll2018 has 90 seconds left.
|
|switch|p1a: Skarmory|Skarmory, M|81/100 brn
|-damage|p1a: Skarmory|69/100 brn|[from] Stealth Rock
|move|p2a: Garchomp|Outrage|p1a: Skarmory
|-resisted|p1a: Skarmory
|-crit|p1a: Skarmory
|-damage|p1a: Skarmory|30/100 brn
|-damage|p2a: Garchomp|22/100|[from] item: Rocky Helmet|[of] p1a: Skarmory
|
|-weather|Sandstorm|[upkeep]
|-damage|p1a: Skarmory|17/100 brn|[from] brn
|upkeep
|turn|35
|inactive|1994hfll2018 has 90 seconds left.
|
|move|p2a: Garchomp|Outrage|p1a: Skarmory|[from]lockedmove
|-resisted|p1a: Skarmory
|-damage|p1a: Skarmory|0 fnt
|-damage|p2a: Garchomp|5/100|[from] item: Rocky Helmet|[of] p1a: Skarmory
|faint|p1a: Skarmory
|
|-weather|Sandstorm|[upkeep]
|upkeep
|inactive|1994hfll2018 has 90 seconds left.
|
|switch|p1a: Landorus|Landorus-Therian, M|20/100
|-damage|p1a: Landorus|8/100|[from] Stealth Rock
|-ability|p1a: Landorus|Intimidate|boost
|-unboost|p2a: Garchomp|atk|1
|turn|36
|
|move|p1a: Landorus|Earthquake|p2a: Garchomp
|-damage|p2a: Garchomp|0 fnt
|faint|p2a: Garchomp
|
|-weather|Sandstorm|[upkeep]
|upkeep
|
|switch|p2a: Tyranitar|Tyranitar, M|32/100
|-damage|p2a: Tyranitar|20/100|[from] Stealth Rock
|turn|37
|
|move|p1a: Landorus|Earthquake|p2a: Tyranitar
|-supereffective|p2a: Tyranitar
|-crit|p2a: Tyranitar
|-damage|p2a: Tyranitar|0 fnt
|faint|p2a: Tyranitar
|
|-weather|Sandstorm|[upkeep]
|upkeep
|
|switch|p2a: Jirachi|Jirachi|61/100
|-damage|p2a: Jirachi|55/100|[from] Stealth Rock
|turn|38
|c|☆OhJoy11|gg
|
|move|p1a: Landorus|Earthquake|p2a: Jirachi
|-supereffective|p2a: Jirachi
|-damage|p2a: Jirachi|0 fnt
|faint|p2a: Jirachi
|
|win|1994hfll2018
|raw|1994hfll2018's rating: 1345 &rarr; <strong>1379</strong><br />(+34 for winning)
|raw|OhJoy11's rating: 1639 &rarr; <strong>1605</strong><br />(-34 for losing)
