|j|☆affksl
|j|☆Not Bulit
|t:|1736880443
|gametype|singles
|player|p1|affksl|101|1522
|player|p2|Not Bulit|veteranf|1367
|teamsize|p1|6
|teamsize|p2|6
|gen|5
|tier|[Gen 5] OU
|rated|
|rule|Species Clause: Limit one of each Pokémon
|rule|OHKO Clause: OHKO moves are banned
|rule|Moody Clause: Moody is banned
|rule|Evasion Items Clause: Evasion items are banned
|rule|Evasion Moves Clause: Evasion moves are banned
|rule|Endless Battle Clause: Forcing endless battles is banned
|rule|HP Percentage Mod: HP is shown in percentages
|rule|Evasion Abilities Clause: Evasion abilities are banned
|rule|Sleep Moves Clause: Sleep-inducing moves are banned
|rule|Swagger Clause: Swagger is banned
|rule|Baton Pass Stat Clause: No Baton Passer may have a way to boost its stats
|clearpoke
|poke|p1|Bronzong|item
|poke|p1|Jellicent, F|item
|poke|p1|Reuniclus, M|item
|poke|p1|Gallade, M|item
|poke|p1|Conkeldurr, F|item
|poke|p1|Dragonite, M|item
|poke|p2|Tyranitar, F|item
|poke|p2|Gastrodon, M|item
|poke|p2|Skarmory, M|item
|poke|p2|Heatran, F|item
|poke|p2|Reuniclus, F|item
|poke|p2|Latias, F|item
|teampreview
|
|t:|1736880464
|start
|switch|p1a: Bronzong|Bronzong|100/100
|switch|p2a: Perplexity|Reuniclus, F|100/100
|turn|1
|
|t:|1736880476
|move|p2a: Perplexity|Calm Mind|p2a: Perplexity
|-boost|p2a: Perplexity|spa|1
|-boost|p2a: Perplexity|spd|1
|move|p1a: Bronzong|Stealth Rock|p2a: Perplexity
|-sidestart|p2: Not Bulit|move: Stealth Rock
|
|upkeep
|turn|2
|
|t:|1736880482
|move|p2a: Perplexity|Calm Mind|p2a: Perplexity
|-boost|p2a: Perplexity|spa|1
|-boost|p2a: Perplexity|spd|1
|move|p1a: Bronzong|Trick Room|p1a: Bronzong
|-fieldstart|move: Trick Room|[of] p1a: Bronzong
|
|upkeep
|turn|3
|
|t:|1736880487
|move|p1a: Bronzong|Explosion|p2a: Perplexity
|-damage|p2a: Perplexity|51/100
|faint|p1a: Bronzong
|move|p2a: Perplexity|Calm Mind|p2a: Perplexity
|-boost|p2a: Perplexity|spa|1
|-boost|p2a: Perplexity|spd|1
|
|-heal|p2a: Perplexity|57/100|[from] item: Leftovers
|upkeep
|
|t:|1736880498
|switch|p1a: Dragonite|Dragonite, M|100/100
|turn|4
|
|t:|1736880502
|move|p2a: Perplexity|Recover|p2a: Perplexity
|-heal|p2a: Perplexity|100/100
|move|p1a: Dragonite|Outrage|p2a: Perplexity
|-damage|p2a: Perplexity|26/100
|
|-heal|p2a: Perplexity|32/100|[from] item: Leftovers
|upkeep
|turn|5
|
|t:|1736880512
|switch|p2a: Empathy|Skarmory, M|100/100
|-damage|p2a: Empathy|88/100|[from] Stealth Rock
|move|p1a: Dragonite|Outrage|p2a: Empathy|[from] lockedmove
|-resisted|p2a: Empathy
|-damage|p2a: Empathy|55/100
|-damage|p1a: Dragonite|84/100|[from] item: Rocky Helmet|[of] p2a: Empathy
|
|upkeep
|turn|6
|
|t:|1736880515
|move|p2a: Empathy|Spikes|p1a: Dragonite
|-sidestart|p1: affksl|Spikes
|move|p1a: Dragonite|Outrage|p2a: Empathy|[from] lockedmove
|-resisted|p2a: Empathy
|-damage|p2a: Empathy|25/100
|-damage|p1a: Dragonite|67/100|[from] item: Rocky Helmet|[of] p2a: Empathy
|-start|p1a: Dragonite|confusion|[fatigue]
|
|-fieldend|move: Trick Room
|upkeep
|turn|7
|
|t:|1736880523
|-activate|p1a: Dragonite|confusion
|move|p1a: Dragonite|Outrage|p2a: Empathy
|-resisted|p2a: Empathy
|-damage|p2a: Empathy|0 fnt
|-damage|p1a: Dragonite|50/100|[from] item: Rocky Helmet|[of] p2a: Empathy
|faint|p2a: Empathy
|
|upkeep
|
|t:|1736880529
|switch|p2a: Devotion|Latias, F|100/100
|-damage|p2a: Devotion|88/100|[from] Stealth Rock
|turn|8
|
|t:|1736880533
|move|p2a: Devotion|Draco Meteor|p1a: Dragonite
|-supereffective|p1a: Dragonite
|-crit|p1a: Dragonite
|-damage|p1a: Dragonite|0 fnt
|-unboost|p2a: Devotion|spa|2
|faint|p1a: Dragonite
|
|-heal|p2a: Devotion|94/100|[from] item: Leftovers
|upkeep
|
|t:|1736880541
|switch|p1a: Gallade|Gallade, M|100/100
|-damage|p1a: Gallade|88/100|[from] Spikes
|turn|9
|
|t:|1736880547
|move|p2a: Devotion|Thunder Wave|p1a: Gallade
|-status|p1a: Gallade|par
|move|p1a: Gallade|Trick Room|p1a: Gallade
|-fieldstart|move: Trick Room|[of] p1a: Gallade
|
|-heal|p2a: Devotion|100/100|[from] item: Leftovers
|upkeep
|turn|10
|
|t:|1736880552
|switch|p2a: Perplexity|Reuniclus, F|32/100
|move|p1a: Gallade|Ice Punch|p2a: Perplexity
|-crit|p2a: Perplexity
|-damage|p2a: Perplexity|0 fnt
|faint|p2a: Perplexity
|-damage|p1a: Gallade|78/100 par|[from] item: Life Orb
|
|upkeep
|
|t:|1736880557
|switch|p2a: Flexibility|Gastrodon, M|100/100
|-damage|p2a: Flexibility|94/100|[from] Stealth Rock
|turn|11
|
|t:|1736880560
|move|p1a: Gallade|Leaf Blade|p2a: Flexibility
|-supereffective|p2a: Flexibility
|-damage|p2a: Flexibility|0 fnt
|faint|p2a: Flexibility
|-damage|p1a: Gallade|68/100 par|[from] item: Life Orb
|
|upkeep
|
|t:|1736880565
|switch|p2a: Devotion|Latias, F|100/100
|-damage|p2a: Devotion|88/100|[from] Stealth Rock
|turn|12
|
|t:|1736880568
|cant|p1a: Gallade|par
|move|p2a: Devotion|Recover|p2a: Devotion
|-heal|p2a: Devotion|100/100
|
|upkeep
|turn|13
|
|t:|1736880572
|move|p1a: Gallade|Ice Punch|p2a: Devotion
|-supereffective|p2a: Devotion
|-damage|p2a: Devotion|21/100
|-damage|p1a: Gallade|58/100 par|[from] item: Life Orb
|move|p2a: Devotion|Recover|p2a: Devotion
|-heal|p2a: Devotion|71/100
|
|-heal|p2a: Devotion|77/100|[from] item: Leftovers
|-fieldend|move: Trick Room
|upkeep
|turn|14
|
|t:|1736880575
|move|p2a: Devotion|Draco Meteor|p1a: Gallade
|-damage|p1a: Gallade|4/100 par
|-unboost|p2a: Devotion|spa|2
|move|p1a: Gallade|Ice Punch|p2a: Devotion
|-supereffective|p2a: Devotion
|-damage|p2a: Devotion|0 fnt
|faint|p2a: Devotion
|-damage|p1a: Gallade|0 fnt|[from] item: Life Orb
|faint|p1a: Gallade
|
|upkeep
|
|t:|1736880585
|switch|p2a: Intensity|Heatran, F|100/100
|switch|p1a: Conkeldurr|Conkeldurr, F|100/100
|-damage|p2a: Intensity|88/100|[from] Stealth Rock
|-damage|p1a: Conkeldurr|88/100|[from] Spikes
|turn|15
|
|t:|1736880593
|switch|p1a: Reuniclus|Reuniclus, M|100/100
|move|p2a: Intensity|Fire Blast|p1a: Reuniclus
|-damage|p1a: Reuniclus|40/100
|
|upkeep
|turn|16
|
|t:|1736880595
|move|p2a: Intensity|Fire Blast|p1a: Reuniclus
|-damage|p1a: Reuniclus|0 fnt
|faint|p1a: Reuniclus
|
|upkeep
|
|t:|1736880598
|switch|p1a: Jellicent|Jellicent, F|100/100
|-item|p1a: Jellicent|Air Balloon
|turn|17
|
|t:|1736880600
|switch|p2a: Perpetuity|Tyranitar, F, shiny|100/100
|-damage|p2a: Perpetuity|88/100|[from] Stealth Rock
|-weather|Sandstorm|[from] ability: Sand Stream|[of] p2a: Perpetuity
|move|p1a: Jellicent|Trick Room|p1a: Jellicent
|-fieldstart|move: Trick Room|[of] p1a: Jellicent
|
|-weather|Sandstorm|[upkeep]
|-damage|p1a: Jellicent|94/100|[from] Sandstorm
|upkeep
|turn|18
|
|t:|1736880606
|move|p1a: Jellicent|Surf|p2a: Perpetuity
|-supereffective|p2a: Perpetuity
|-damage|p2a: Perpetuity|49/100
|move|p2a: Perpetuity|Pursuit|p1a: Jellicent
|-supereffective|p1a: Jellicent
|-damage|p1a: Jellicent|50/100
|-enditem|p1a: Jellicent|Air Balloon
|
|-weather|Sandstorm|[upkeep]
|-damage|p1a: Jellicent|44/100|[from] Sandstorm
|upkeep
|turn|19
|
|t:|1736880611
|move|p1a: Jellicent|Surf|p2a: Perpetuity
|-supereffective|p2a: Perpetuity
|-damage|p2a: Perpetuity|10/100
|move|p2a: Perpetuity|Crunch|p1a: Jellicent
|-supereffective|p1a: Jellicent
|-damage|p1a: Jellicent|0 fnt
|faint|p1a: Jellicent
|
|-weather|Sandstorm|[upkeep]
|upkeep
|
|t:|1736880614
|switch|p1a: Conkeldurr|Conkeldurr, F|88/100
|-damage|p1a: Conkeldurr|76/100|[from] Spikes
|turn|20
|
|t:|1736880618
|move|p1a: Conkeldurr|Mach Punch|p2a: Perpetuity
|-supereffective|p2a: Perpetuity
|-enditem|p2a: Perpetuity|Chople Berry|[eat]
|-enditem|p2a: Perpetuity|Chople Berry|[weaken]
|-damage|p2a: Perpetuity|0 fnt
|faint|p2a: Perpetuity
|-damage|p1a: Conkeldurr|66/100|[from] item: Life Orb
|
|-weather|Sandstorm|[upkeep]
|-damage|p1a: Conkeldurr|60/100|[from] Sandstorm
|upkeep
|
|t:|1736880621
|switch|p2a: Intensity|Heatran, F|88/100
|-damage|p2a: Intensity|76/100|[from] Stealth Rock
|turn|21
|
|t:|1736880626
|move|p1a: Conkeldurr|Drain Punch|p2a: Intensity
|-supereffective|p2a: Intensity
|-damage|p2a: Intensity|0 fnt
|-heal|p1a: Conkeldurr|95/100|[from] drain|[of] p2a: Intensity
|faint|p2a: Intensity
|-damage|p1a: Conkeldurr|85/100|[from] item: Life Orb
|
|win|affksl
|raw|affksl's rating: 1522 &rarr; <strong>1534</strong><br />(+12 for winning)
|raw|Not Bulit's rating: 1367 &rarr; <strong>1355</strong><br />(-12 for losing)
|l|☆Not Bulit
|player|p2|
