|j|☆Amir
|j|☆porrompompom
|player|p1|Amir|skierf|1499
|player|p2|porrompompom|169|1534
|teamsize|p1|6
|teamsize|p2|6
|gametype|singles
|gen|5
|tier|[Gen 5] OU
|rated|
|clearpoke
|poke|p1|Politoed, F|item
|poke|p1|Breloom, F|item
|poke|p1|Tentacruel, F|item
|poke|p1|Ferrothorn, F|item
|poke|p1|Thundurus-Therian, M|item
|poke|p1|Latios, M|item
|poke|p2|Mew|item
|poke|p2|Hydreigon, M|item
|poke|p2|Landorus-Therian, M|item
|poke|p2|Ferrothorn, M|item
|poke|p2|Porygon2|item
|poke|p2|Starmie|item
|rule|Species Clause: Limit one of each Pokémon
|rule|OHKO Clause: OHKO moves are banned
|rule|Moody Clause: Moody is banned
|rule|Evasion Moves Clause: Evasion moves are banned
|rule|Endless Battle Clause: Forcing endless battles is banned
|rule|HP Percentage Mod: HP is shown in percentages
|rule|Evasion Abilities Clause: Evasion abilities are banned
|rule|Baton Pass Clause: Limit one Baton Passer, can't pass Spe and other stats simultaneously
|rule|Sleep Clause: Sleep-inducing moves are banned
|rule|Swagger Clause: Swagger is banned
|teampreview
|inactive|Battle timer is ON: inactive players will automatically lose when time's up. (requested by porrompompom)
|j| p ce q
|inactive|Amir has 120 seconds left.
|
|start
|switch|p1a: Ferrothorn|Ferrothorn, F|100/100
|switch|p2a: Starmie|Starmie|100/100
|turn|1
|
|switch|p2a: Ferrothorn|Ferrothorn, M|100/100
|move|p1a: Ferrothorn|Stealth Rock|p2a: Ferrothorn
|-sidestart|p2: porrompompom|move: Stealth Rock
|
|upkeep
|turn|2
|
|move|p2a: Ferrothorn|Stealth Rock|p1a: Ferrothorn
|-sidestart|p1: Amir|move: Stealth Rock
|move|p1a: Ferrothorn|Knock Off|p2a: Ferrothorn
|-resisted|p2a: Ferrothorn
|-damage|p2a: Ferrothorn|99/100
|-damage|p1a: Ferrothorn|88/100|[from] ability: Iron Barbs|[of] p2a: Ferrothorn
|-enditem|p2a: Ferrothorn|Leftovers|[from] move: Knock Off|[of] p1a: Ferrothorn
|
|-heal|p1a: Ferrothorn|94/100|[from] item: Leftovers
|upkeep
|turn|3
|
|move|p2a: Ferrothorn|Spikes|p1a: Ferrothorn
|-sidestart|p1: Amir|Spikes
|move|p1a: Ferrothorn|Spikes|p2a: Ferrothorn
|-sidestart|p2: porrompompom|Spikes
|
|-heal|p1a: Ferrothorn|100/100|[from] item: Leftovers
|upkeep
|turn|4
|
|move|p2a: Ferrothorn|Spikes|p1a: Ferrothorn
|-sidestart|p1: Amir|Spikes
|move|p1a: Ferrothorn|Spikes|p2a: Ferrothorn
|-sidestart|p2: porrompompom|Spikes
|
|upkeep
|turn|5
|
|move|p2a: Ferrothorn|Spikes|p1a: Ferrothorn
|-sidestart|p1: Amir|Spikes
|move|p1a: Ferrothorn|Spikes|p2a: Ferrothorn
|-sidestart|p2: porrompompom|Spikes
|
|upkeep
|turn|6
|
|move|p2a: Ferrothorn|Spikes||[still]
|-fail|p2a: Ferrothorn
|move|p1a: Ferrothorn|Spikes||[still]
|-fail|p1a: Ferrothorn
|
|upkeep
|turn|7
|
|move|p2a: Ferrothorn|Spikes||[still]
|-fail|p2a: Ferrothorn
|move|p1a: Ferrothorn|Knock Off|p2a: Ferrothorn
|-resisted|p2a: Ferrothorn
|-damage|p2a: Ferrothorn|98/100
|-damage|p1a: Ferrothorn|88/100|[from] ability: Iron Barbs|[of] p2a: Ferrothorn
|
|-heal|p1a: Ferrothorn|94/100|[from] item: Leftovers
|upkeep
|turn|8
|
|move|p2a: Ferrothorn|Spikes||[still]
|-fail|p2a: Ferrothorn
|move|p1a: Ferrothorn|Knock Off|p2a: Ferrothorn
|-resisted|p2a: Ferrothorn
|-damage|p2a: Ferrothorn|96/100
|-damage|p1a: Ferrothorn|82/100|[from] ability: Iron Barbs|[of] p2a: Ferrothorn
|
|-heal|p1a: Ferrothorn|88/100|[from] item: Leftovers
|upkeep
|turn|9
|
|switch|p2a: Starmie|Starmie|100/100
|-damage|p2a: Starmie|88/100|[from] Stealth Rock
|-damage|p2a: Starmie|63/100|[from] Spikes
|move|p1a: Ferrothorn|Spikes||[still]
|-fail|p1a: Ferrothorn
|
|-heal|p2a: Starmie|70/100|[from] item: Leftovers
|-heal|p1a: Ferrothorn|94/100|[from] item: Leftovers
|upkeep
|turn|10
|
|move|p2a: Starmie|Rapid Spin|p1a: Ferrothorn
|-resisted|p1a: Ferrothorn
|-damage|p1a: Ferrothorn|93/100
|-damage|p2a: Starmie|57/100|[from] ability: Iron Barbs|[of] p1a: Ferrothorn
|-sideend|p2: porrompompom|Spikes|[from] move: Rapid Spin|[of] p2a: Starmie
|-sideend|p2: porrompompom|Stealth Rock|[from] move: Rapid Spin|[of] p2a: Starmie
|move|p1a: Ferrothorn|Knock Off|p2a: Starmie
|-supereffective|p2a: Starmie
|-damage|p2a: Starmie|46/100
|-enditem|p2a: Starmie|Leftovers|[from] move: Knock Off|[of] p1a: Ferrothorn
|
|-heal|p1a: Ferrothorn|99/100|[from] item: Leftovers
|upkeep
|turn|11
|
|move|p2a: Starmie|Recover|p2a: Starmie
|-heal|p2a: Starmie|96/100
|move|p1a: Ferrothorn|Stealth Rock|p2a: Starmie
|-sidestart|p2: porrompompom|move: Stealth Rock
|
|-heal|p1a: Ferrothorn|100/100|[from] item: Leftovers
|upkeep
|turn|12
|
|move|p2a: Starmie|Rapid Spin|p1a: Ferrothorn
|-resisted|p1a: Ferrothorn
|-damage|p1a: Ferrothorn|99/100
|-damage|p2a: Starmie|84/100|[from] ability: Iron Barbs|[of] p1a: Ferrothorn
|-sideend|p2: porrompompom|Stealth Rock|[from] move: Rapid Spin|[of] p2a: Starmie
|move|p1a: Ferrothorn|Spikes|p2a: Starmie
|-sidestart|p2: porrompompom|Spikes
|
|-heal|p1a: Ferrothorn|100/100|[from] item: Leftovers
|upkeep
|turn|13
|
|move|p2a: Starmie|Scald|p1a: Ferrothorn
|-resisted|p1a: Ferrothorn
|-crit|p1a: Ferrothorn
|-damage|p1a: Ferrothorn|83/100
|move|p1a: Ferrothorn|Stealth Rock|p2a: Starmie
|-sidestart|p2: porrompompom|move: Stealth Rock
|
|-heal|p1a: Ferrothorn|89/100|[from] item: Leftovers
|upkeep
|turn|14
|
|switch|p1a: Latios|Latios, M|100/100
|-damage|p1a: Latios|88/100|[from] Stealth Rock
|move|p2a: Starmie|Rapid Spin|p1a: Latios
|-damage|p1a: Latios|85/100
|-sideend|p2: porrompompom|Spikes|[from] move: Rapid Spin|[of] p2a: Starmie
|-sideend|p2: porrompompom|Stealth Rock|[from] move: Rapid Spin|[of] p2a: Starmie
|
|upkeep
|turn|15
|j|+cz
|
|switch|p2a: Ferrothorn|Ferrothorn, M|96/100
|move|p1a: Latios|Trick|p2a: Ferrothorn
|-activate|p1a: Latios|move: Trick|[of] p2a: Ferrothorn
|-item|p2a: Ferrothorn|Choice Scarf|[from] move: Trick
|-enditem|p1a: Latios|Choice Scarf|[silent]|[from] move: Trick
|
|upkeep
|turn|16
|
|switch|p1a: Ferrothorn|Ferrothorn, F|89/100
|-damage|p1a: Ferrothorn|64/100|[from] Spikes
|-damage|p1a: Ferrothorn|58/100|[from] Stealth Rock
|move|p2a: Ferrothorn|Power Whip|p1a: Ferrothorn
|-resisted|p1a: Ferrothorn
|-damage|p1a: Ferrothorn|51/100
|-damage|p2a: Ferrothorn|84/100|[from] ability: Iron Barbs|[of] p1a: Ferrothorn
|
|-heal|p1a: Ferrothorn|58/100|[from] item: Leftovers
|upkeep
|turn|17
|
|switch|p2a: Starmie|Starmie|84/100
|move|p1a: Ferrothorn|Stealth Rock|p2a: Starmie
|-sidestart|p2: porrompompom|move: Stealth Rock
|
|-heal|p1a: Ferrothorn|64/100|[from] item: Leftovers
|upkeep
|turn|18
|
|move|p2a: Starmie|Rapid Spin|p1a: Ferrothorn
|-resisted|p1a: Ferrothorn
|-damage|p1a: Ferrothorn|63/100
|-damage|p2a: Starmie|71/100|[from] ability: Iron Barbs|[of] p1a: Ferrothorn
|-sideend|p2: porrompompom|Stealth Rock|[from] move: Rapid Spin|[of] p2a: Starmie
|move|p1a: Ferrothorn|Spikes|p2a: Starmie
|-sidestart|p2: porrompompom|Spikes
|
|-heal|p1a: Ferrothorn|69/100|[from] item: Leftovers
|upkeep
|turn|19
|
|switch|p1a: Latios|Latios, M|85/100
|-damage|p1a: Latios|72/100|[from] Stealth Rock
|move|p2a: Starmie|Scald|p1a: Latios
|-resisted|p1a: Latios
|-damage|p1a: Latios|58/100
|-status|p1a: Latios|brn
|
|-damage|p1a: Latios|46/100 brn|[from] brn
|upkeep
|turn|20
|
|switch|p2a: Ferrothorn|Ferrothorn, M|84/100
|-damage|p2a: Ferrothorn|72/100|[from] Spikes
|move|p1a: Latios|Draco Meteor|p2a: Ferrothorn
|-resisted|p2a: Ferrothorn
|-damage|p2a: Ferrothorn|46/100
|-unboost|p1a: Latios|spa|2
|
|-damage|p1a: Latios|34/100 brn|[from] brn
|upkeep
|turn|21
|
|move|p1a: Latios|Roost|p1a: Latios
|-heal|p1a: Latios|84/100 brn
|-singleturn|p1a: Latios|move: Roost
|move|p2a: Ferrothorn|Power Whip|p1a: Latios
|-resisted|p1a: Latios
|-damage|p1a: Latios|56/100 brn
|
|-damage|p1a: Latios|44/100 brn|[from] brn
|upkeep
|turn|22
|
|switch|p2a: Starmie|Starmie|71/100
|-damage|p2a: Starmie|59/100|[from] Spikes
|move|p1a: Latios|Roost|p1a: Latios
|-heal|p1a: Latios|94/100 brn
|-singleturn|p1a: Latios|move: Roost
|
|-damage|p1a: Latios|82/100 brn|[from] brn
|upkeep
|turn|23
|
|move|p2a: Starmie|Rapid Spin|p1a: Latios
|-damage|p1a: Latios|78/100 brn
|-sideend|p2: porrompompom|Spikes|[from] move: Rapid Spin|[of] p2a: Starmie
|move|p1a: Latios|Draco Meteor|p2a: Starmie|[miss]
|-miss|p1a: Latios|p2a: Starmie
|
|-damage|p1a: Latios|66/100 brn|[from] brn
|upkeep
|turn|24
|
|switch|p1a: Politoed|Politoed, F|100/100
|-damage|p1a: Politoed|75/100|[from] Spikes
|-damage|p1a: Politoed|63/100|[from] Stealth Rock
|-weather|RainDance|[from] ability: Drizzle|[of] p1a: Politoed
|move|p2a: Starmie|Recover|p2a: Starmie
|-heal|p2a: Starmie|100/100
|
|-weather|RainDance|[upkeep]
|-heal|p1a: Politoed|69/100|[from] item: Leftovers
|upkeep
|turn|25
|
|move|p2a: Starmie|Scald|p1a: Politoed
|-resisted|p1a: Politoed
|-damage|p1a: Politoed|51/100
|move|p1a: Politoed|Toxic|p2a: Starmie
|-status|p2a: Starmie|tox
|
|-weather|RainDance|[upkeep]
|-heal|p1a: Politoed|57/100|[from] item: Leftovers
|-damage|p2a: Starmie|94/100 tox|[from] psn
|upkeep
|turn|26
|
|move|p1a: Politoed|Protect|p1a: Politoed
|-singleturn|p1a: Politoed|Protect
|move|p2a: Starmie|Toxic|p1a: Politoed
|-activate|p1a: Politoed|move: Protect
|
|-weather|RainDance|[upkeep]
|-heal|p1a: Politoed|64/100|[from] item: Leftovers
|-damage|p2a: Starmie|82/100 tox|[from] psn
|upkeep
|turn|27
|
|switch|p1a: Tentacruel|Tentacruel, F|100/100
|-damage|p1a: Tentacruel|76/100|[from] Spikes
|-damage|p1a: Tentacruel|63/100|[from] Stealth Rock
|move|p2a: Starmie|Scald|p1a: Tentacruel
|-resisted|p1a: Tentacruel
|-damage|p1a: Tentacruel|48/100
|
|-weather|RainDance|[upkeep]
|-heal|p1a: Tentacruel|54/100|[from] ability: Rain Dish
|-heal|p1a: Tentacruel|60/100|[from] item: Black Sludge
|-damage|p2a: Starmie|63/100 tox|[from] psn
|upkeep
|turn|28
|
|switch|p2a: Landorus|Landorus-Therian, M|100/100
|-ability|p2a: Landorus|Intimidate|boost
|-unboost|p1a: Tentacruel|atk|1
|move|p1a: Tentacruel|Rapid Spin|p2a: Landorus
|-damage|p2a: Landorus|98/100
|-sideend|p1: Amir|Spikes|[from] move: Rapid Spin|[of] p1a: Tentacruel
|-sideend|p1: Amir|Stealth Rock|[from] move: Rapid Spin|[of] p1a: Tentacruel
|
|-weather|RainDance|[upkeep]
|-heal|p1a: Tentacruel|66/100|[from] ability: Rain Dish
|-heal|p1a: Tentacruel|72/100|[from] item: Black Sludge
|upkeep
|turn|29
|
|move|p1a: Tentacruel|Protect|p1a: Tentacruel
|-singleturn|p1a: Tentacruel|Protect
|move|p2a: Landorus|U-turn|p1a: Tentacruel
|-activate|p1a: Tentacruel|move: Protect
|
|-weather|RainDance|[upkeep]
|-heal|p1a: Tentacruel|78/100|[from] ability: Rain Dish
|-heal|p1a: Tentacruel|84/100|[from] item: Black Sludge
|upkeep
|turn|30
|
|move|p2a: Landorus|U-turn|p1a: Tentacruel
|-resisted|p1a: Tentacruel
|-damage|p1a: Tentacruel|70/100
|
|switch|p2a: Starmie|Starmie|63/100|[from]move: U-turn
|move|p1a: Tentacruel|Scald|p2a: Starmie
|-resisted|p2a: Starmie
|-damage|p2a: Starmie|42/100
|
|-weather|RainDance|[upkeep]
|-heal|p1a: Tentacruel|77/100|[from] ability: Rain Dish
|-heal|p1a: Tentacruel|83/100|[from] item: Black Sludge
|upkeep
|turn|31
|
|move|p2a: Starmie|Recover|p2a: Starmie
|-heal|p2a: Starmie|92/100
|move|p1a: Tentacruel|Sludge Bomb|p2a: Starmie
|-crit|p2a: Starmie
|-damage|p2a: Starmie|32/100
|
|-weather|RainDance|[upkeep]
|-heal|p1a: Tentacruel|89/100|[from] ability: Rain Dish
|-heal|p1a: Tentacruel|95/100|[from] item: Black Sludge
|upkeep
|turn|32
|
|move|p2a: Starmie|Recover|p2a: Starmie
|-heal|p2a: Starmie|83/100
|move|p1a: Tentacruel|Sludge Bomb|p2a: Starmie
|-damage|p2a: Starmie|52/100
|
|-weather|RainDance|[upkeep]
|-heal|p1a: Tentacruel|100/100|[from] ability: Rain Dish
|upkeep
|turn|33
|
|move|p2a: Starmie|Scald|p1a: Tentacruel
|-resisted|p1a: Tentacruel
|-damage|p1a: Tentacruel|83/100
|-status|p1a: Tentacruel|brn
|move|p1a: Tentacruel|Sludge Bomb|p2a: Starmie
|-damage|p2a: Starmie|21/100
|
|-weather|RainDance|[upkeep]
|-heal|p1a: Tentacruel|89/100 brn|[from] ability: Rain Dish
|-heal|p1a: Tentacruel|96/100 brn|[from] item: Black Sludge
|-damage|p1a: Tentacruel|83/100 brn|[from] brn
|upkeep
|turn|34
|
|switch|p1a: Ferrothorn|Ferrothorn, F|69/100
|move|p2a: Starmie|Recover|p2a: Starmie
|-heal|p2a: Starmie|71/100
|
|-weather|RainDance|[upkeep]
|-heal|p1a: Ferrothorn|75/100|[from] item: Leftovers
|upkeep
|turn|35
|
|move|p2a: Starmie|Recover|p2a: Starmie
|-heal|p2a: Starmie|100/100
|move|p1a: Ferrothorn|Stealth Rock|p2a: Starmie
|-sidestart|p2: porrompompom|move: Stealth Rock
|
|-weather|RainDance|[upkeep]
|-heal|p1a: Ferrothorn|81/100|[from] item: Leftovers
|upkeep
|turn|36
|
|switch|p1a: Breloom|Breloom, F|100/100
|move|p2a: Starmie|Rapid Spin|p1a: Breloom
|-damage|p1a: Breloom|97/100
|-sideend|p2: porrompompom|Stealth Rock|[from] move: Rapid Spin|[of] p2a: Starmie
|
|-weather|RainDance|[upkeep]
|-status|p1a: Breloom|tox|[from] item: Toxic Orb
|upkeep
|turn|37
|
|switch|p2a: Landorus|Landorus-Therian, M|98/100
|-ability|p2a: Landorus|Intimidate|boost
|-unboost|p1a: Breloom|atk|1
|move|p1a: Breloom|Facade|p2a: Landorus
|-damage|p2a: Landorus|63/100
|
|-weather|RainDance|[upkeep]
|-heal|p1a: Breloom|100/100 tox|[from] ability: Poison Heal
|upkeep
|turn|38
|
|move|p1a: Breloom|Protect|p1a: Breloom
|-singleturn|p1a: Breloom|Protect
|move|p2a: Landorus|U-turn|p1a: Breloom
|-activate|p1a: Breloom|move: Protect
|
|-weather|RainDance|[upkeep]
|upkeep
|turn|39
|
|move|p2a: Landorus|U-turn|p1a: Breloom
|-damage|p1a: Breloom|64/100 tox
|
|switch|p2a: Starmie|Starmie|100/100|[from]move: U-turn
|move|p1a: Breloom|Facade|p2a: Starmie
|-damage|p2a: Starmie|62/100
|
|-weather|RainDance|[upkeep]
|-heal|p1a: Breloom|76/100 tox|[from] ability: Poison Heal
|upkeep
|turn|40
|
|move|p1a: Breloom|Protect|p1a: Breloom
|-singleturn|p1a: Breloom|Protect
|move|p2a: Starmie|Scald|p1a: Breloom
|-activate|p1a: Breloom|move: Protect
|
|-weather|RainDance|[upkeep]
|-heal|p1a: Breloom|89/100 tox|[from] ability: Poison Heal
|upkeep
|turn|41
|
|switch|p2a: Landorus|Landorus-Therian, M|63/100
|-ability|p2a: Landorus|Intimidate|boost
|-unboost|p1a: Breloom|atk|1
|move|p1a: Breloom|Swords Dance|p1a: Breloom
|-boost|p1a: Breloom|atk|2
|
|-weather|RainDance|[upkeep]
|-heal|p1a: Breloom|100/100 tox|[from] ability: Poison Heal
|upkeep
|turn|42
|
|move|p1a: Breloom|Protect|p1a: Breloom
|-singleturn|p1a: Breloom|Protect
|move|p2a: Landorus|Hidden Power|p1a: Breloom
|-activate|p1a: Breloom|move: Protect
|
|-weather|RainDance|[upkeep]
|upkeep
|turn|43
|
|switch|p1a: Politoed|Politoed, F|64/100
|move|p2a: Landorus|Hidden Power|p1a: Politoed
|-resisted|p1a: Politoed
|-damage|p1a: Politoed|56/100
|
|-weather|RainDance|[upkeep]
|-heal|p1a: Politoed|63/100|[from] item: Leftovers
|upkeep
|turn|44
|
|switch|p2a: Starmie|Starmie|62/100
|move|p1a: Politoed|Toxic|p2a: Starmie|[miss]
|-miss|p1a: Politoed|p2a: Starmie
|
|-weather|RainDance|[upkeep]
|-heal|p1a: Politoed|69/100|[from] item: Leftovers
|upkeep
|turn|45
|
|move|p1a: Politoed|Protect|p1a: Politoed
|-singleturn|p1a: Politoed|Protect
|move|p2a: Starmie|Toxic|p1a: Politoed
|-activate|p1a: Politoed|move: Protect
|
|-weather|RainDance|[upkeep]
|-heal|p1a: Politoed|75/100|[from] item: Leftovers
|upkeep
|turn|46
|
|switch|p1a: Ferrothorn|Ferrothorn, F|81/100
|move|p2a: Starmie|Scald|p1a: Ferrothorn
|-resisted|p1a: Ferrothorn
|-damage|p1a: Ferrothorn|68/100
|
|-weather|RainDance|[upkeep]
|-heal|p1a: Ferrothorn|74/100|[from] item: Leftovers
|upkeep
|turn|47
|
|switch|p2a: Mew|Mew|100/100
|switch|p1a: Breloom|Breloom, F|100/100 tox
|
|-weather|RainDance|[upkeep]
|upkeep
|turn|48
|
|switch|p1a: Thundurus|Thundurus-Therian, M|100/100
|move|p2a: Mew|Calm Mind|p2a: Mew
|-boost|p2a: Mew|spa|1
|-boost|p2a: Mew|spd|1
|
|-weather|RainDance|[upkeep]
|upkeep
|turn|49
|
|move|p2a: Mew|Calm Mind|p2a: Mew
|-boost|p2a: Mew|spa|1
|-boost|p2a: Mew|spd|1
|move|p1a: Thundurus|Thunder|p2a: Mew
|-crit|p2a: Mew
|-damage|p2a: Mew|0 fnt
|faint|p2a: Mew
|
|-weather|RainDance|[upkeep]
|upkeep
|c|☆porrompompom|sigh
|c|☆Amir|oof
|-message|porrompompom forfeited.
|
|win|Amir
|l|☆porrompompom
|l|☆Amir
|raw|Amir's rating: 1500 &rarr; <strong>1522</strong><br />(+22 for winning)
|raw|porrompompom's rating: 1534 &rarr; <strong>1512</strong><br />(-22 for losing)
|j|☆porrompompom
|player|p2|porrompompom|169
