|j|☆blackkaiser
|j|☆Samurott7777777
|player|p1|blackkaiser|266|1356
|player|p2|Samurott7777777|169|1308
|teamsize|p1|6
|teamsize|p2|6
|gametype|singles
|gen|5
|tier|[Gen 5] OU
|rated|
|rule|Sleep Clause Mod: Limit one foe put to sleep
|rule|Species Clause: Limit one of each Pokémon
|rule|OHKO Clause: OHKO moves are banned
|rule|Moody Clause: Moody is banned
|rule|Evasion Moves Clause: Evasion moves are banned
|rule|Endless Battle Clause: Forcing endless battles is banned
|rule|HP Percentage Mod: HP is shown in percentages
|rule|Evasion Abilities Clause: Evasion abilities are banned
|rule|Baton Pass Clause: Limit one Baton Passer, can't pass Spe and other stats simultaneously
|rule|Swagger Clause: Swagger is banned
|clearpoke
|poke|p1|Hippowdon, M|item
|poke|p1|Ferrothorn, M|item
|poke|p1|Jellicent, F|item
|poke|p1|Latios, M|item
|poke|p1|Garchomp, M|item
|poke|p1|Scizor, F|item
|poke|p2|Politoed, F|item
|poke|p2|Keldeo-Resolute|item
|poke|p2|Ferrothorn, F|item
|poke|p2|Magnezone|item
|poke|p2|Salamence, F|item
|poke|p2|Excadrill, F|item
|teampreview
|j| MikeyTapsa
|inactive|Battle timer is ON: inactive players will automatically lose when time's up. (requested by blackkaiser)
|c| MikeyTapsa|sun zo
|l| MikeyTapsa
|c|☆Samurott7777777|?
|
|start
|switch|p1a: Latios|Latios, M, shiny|100/100
|switch|p2a: Ferrothorn|Ferrothorn, F|100/100
|turn|1
|
|move|p1a: Latios|Trick|p2a: Ferrothorn
|-activate|p1a: Latios|move: Trick|[of] p2a: Ferrothorn
|-item|p2a: Ferrothorn|Choice Specs|[from] move: Trick
|-item|p1a: Latios|Leftovers|[from] move: Trick
|move|p2a: Ferrothorn|Stealth Rock|p1a: Latios
|-sidestart|p1: blackkaiser|move: Stealth Rock
|
|upkeep
|turn|2
|
|switch|p2a: Keldeo|Keldeo-Resolute|100/100
|move|p1a: Latios|Psyshock|p2a: Keldeo
|-supereffective|p2a: Keldeo
|-damage|p2a: Keldeo|0 fnt
|faint|p2a: Keldeo
|
|upkeep
|
|switch|p2a: Magnezone|Magnezone|100/100
|turn|3
|
|move|p1a: Latios|Surf|p2a: Magnezone
|-damage|p2a: Magnezone|57/100
|move|p2a: Magnezone|Substitute|p2a: Magnezone
|-start|p2a: Magnezone|Substitute
|-damage|p2a: Magnezone|32/100
|
|-heal|p2a: Magnezone|38/100|[from] item: Leftovers
|upkeep
|turn|4
|
|move|p1a: Latios|Surf|p2a: Magnezone
|-end|p2a: Magnezone|Substitute
|move|p2a: Magnezone|Hidden Power|p1a: Latios
|-supereffective|p1a: Latios
|-damage|p1a: Latios|51/100
|
|-heal|p1a: Latios|57/100|[from] item: Leftovers
|-heal|p2a: Magnezone|44/100|[from] item: Leftovers
|upkeep
|turn|5
|
|move|p1a: Latios|Surf|p2a: Magnezone
|-damage|p2a: Magnezone|0 fnt
|faint|p2a: Magnezone
|
|-heal|p1a: Latios|63/100|[from] item: Leftovers
|upkeep
|
|switch|p2a: Salamence|Salamence, F|100/100
|turn|6
|
|switch|p2a: Ferrothorn|Ferrothorn, F|100/100
|move|p1a: Latios|Draco Meteor|p2a: Ferrothorn
|-resisted|p2a: Ferrothorn
|-crit|p2a: Ferrothorn
|-damage|p2a: Ferrothorn|45/100
|-unboost|p1a: Latios|spa|2
|
|-heal|p1a: Latios|69/100|[from] item: Leftovers
|upkeep
|turn|7
|
|switch|p1a: Hippowdon|Hippowdon, M|100/100
|-damage|p1a: Hippowdon|94/100|[from] Stealth Rock
|-weather|Sandstorm|[from] ability: Sand Stream|[of] p1a: Hippowdon
|move|p2a: Ferrothorn|Leech Seed|p1a: Hippowdon
|-start|p1a: Hippowdon|move: Leech Seed
|
|-weather|Sandstorm|[upkeep]
|-heal|p1a: Hippowdon|100/100|[from] item: Leftovers
|-damage|p1a: Hippowdon|88/100|[from] Leech Seed|[of] p2a: Ferrothorn
|-heal|p2a: Ferrothorn|60/100|[silent]
|upkeep
|turn|8
|
|switch|p2a: Politoed|Politoed, F, shiny|100/100
|-weather|RainDance|[from] ability: Drizzle|[of] p2a: Politoed
|move|p1a: Hippowdon|Stealth Rock|p2a: Politoed
|-sidestart|p2: Samurott7777777|move: Stealth Rock
|
|-weather|RainDance|[upkeep]
|-heal|p1a: Hippowdon|94/100|[from] item: Leftovers
|-damage|p1a: Hippowdon|82/100|[from] Leech Seed|[of] p2a: Politoed
|upkeep
|turn|9
|
|switch|p1a: Ferrothorn|Ferrothorn, M|100/100
|-damage|p1a: Ferrothorn|95/100|[from] Stealth Rock
|move|p2a: Politoed|Perish Song|p2a: Politoed
|-start|p1a: Ferrothorn|perish3|[silent]
|-start|p2a: Politoed|perish3|[silent]
|-fieldactivate|move: Perish Song
|
|-weather|RainDance|[upkeep]
|-start|p2a: Politoed|perish3
|-start|p1a: Ferrothorn|perish3
|upkeep
|turn|10
|
|move|p2a: Politoed|Hypnosis|p1a: Ferrothorn|[miss]
|-miss|p2a: Politoed|p1a: Ferrothorn
|move|p1a: Ferrothorn|Spikes|p2a: Politoed
|-sidestart|p2: Samurott7777777|Spikes
|
|-weather|RainDance|[upkeep]
|-start|p2a: Politoed|perish2
|-start|p1a: Ferrothorn|perish2
|upkeep
|turn|11
|
|move|p2a: Politoed|Hypnosis|p1a: Ferrothorn|[miss]
|-miss|p2a: Politoed|p1a: Ferrothorn
|move|p1a: Ferrothorn|Thunder Wave|p2a: Politoed
|-status|p2a: Politoed|par
|
|-weather|RainDance|[upkeep]
|-start|p1a: Ferrothorn|perish1
|-start|p2a: Politoed|perish1
|upkeep
|turn|12
|
|switch|p1a: Latios|Latios, M, shiny|69/100
|-damage|p1a: Latios|57/100|[from] Stealth Rock
|move|p2a: Politoed|Hypnosis|p1a: Latios
|-status|p1a: Latios|slp|[from] move: Hypnosis
|
|-weather|RainDance|[upkeep]
|-heal|p1a: Latios|63/100 slp|[from] item: Leftovers
|-start|p2a: Politoed|perish0
|upkeep
|faint|p2a: Politoed
|
|switch|p2a: Salamence|Salamence, F|100/100
|-damage|p2a: Salamence|76/100|[from] Stealth Rock
|turn|13
|
|switch|p1a: Hippowdon|Hippowdon, M|82/100
|-damage|p1a: Hippowdon|76/100|[from] Stealth Rock
|-weather|Sandstorm|[from] ability: Sand Stream|[of] p1a: Hippowdon
|move|p2a: Salamence|Dragon Dance|p2a: Salamence
|-boost|p2a: Salamence|atk|1
|-boost|p2a: Salamence|spe|1
|
|-weather|Sandstorm|[upkeep]
|-damage|p2a: Salamence|70/100|[from] Sandstorm
|-heal|p1a: Hippowdon|82/100|[from] item: Leftovers
|upkeep
|turn|14
|
|switch|p1a: Ferrothorn|Ferrothorn, M|95/100
|-damage|p1a: Ferrothorn|89/100|[from] Stealth Rock
|move|p2a: Salamence|Outrage|p1a: Ferrothorn
|-resisted|p1a: Ferrothorn
|-damage|p1a: Ferrothorn|61/100
|-damage|p2a: Salamence|57/100|[from] ability: Iron Barbs|[of] p1a: Ferrothorn
|-damage|p2a: Salamence|41/100|[from] item: Rocky Helmet|[of] p1a: Ferrothorn
|
|-weather|Sandstorm|[upkeep]
|-damage|p2a: Salamence|35/100|[from] Sandstorm
|upkeep
|turn|15
|
|move|p2a: Salamence|Outrage|p1a: Ferrothorn|[from]lockedmove
|-resisted|p1a: Ferrothorn
|-damage|p1a: Ferrothorn|31/100
|-damage|p2a: Salamence|22/100|[from] ability: Iron Barbs|[of] p1a: Ferrothorn
|-damage|p2a: Salamence|6/100|[from] item: Rocky Helmet|[of] p1a: Ferrothorn
|move|p1a: Ferrothorn|Spikes|p2a: Salamence
|-sidestart|p2: Samurott7777777|Spikes
|
|-weather|Sandstorm|[upkeep]
|-damage|p2a: Salamence|0 fnt|[from] Sandstorm
|faint|p2a: Salamence
|upkeep
|
|switch|p2a: Ferrothorn|Ferrothorn, F|60/100
|-damage|p2a: Ferrothorn|43/100|[from] Spikes
|-damage|p2a: Ferrothorn|37/100|[from] Stealth Rock
|turn|16
|
|move|p1a: Ferrothorn|Thunder Wave|p2a: Ferrothorn
|-status|p2a: Ferrothorn|par
|move|p2a: Ferrothorn|Power Whip|p1a: Ferrothorn
|-resisted|p1a: Ferrothorn
|-damage|p1a: Ferrothorn|25/100
|-damage|p2a: Ferrothorn|25/100 par|[from] ability: Iron Barbs|[of] p1a: Ferrothorn
|-damage|p2a: Ferrothorn|8/100 par|[from] item: Rocky Helmet|[of] p1a: Ferrothorn
|
|-weather|Sandstorm|[upkeep]
|upkeep
|turn|17
|
|move|p1a: Ferrothorn|Spikes|p2a: Ferrothorn
|-sidestart|p2: Samurott7777777|Spikes
|move|p2a: Ferrothorn|Power Whip|p1a: Ferrothorn
|-resisted|p1a: Ferrothorn
|-damage|p1a: Ferrothorn|19/100
|-damage|p2a: Ferrothorn|0 fnt|[from] ability: Iron Barbs|[of] p1a: Ferrothorn
|faint|p2a: Ferrothorn
|
|-weather|Sandstorm|[upkeep]
|upkeep
|c|☆Samurott7777777|gg
|
|switch|p2a: Excadrill|Excadrill, F|100/100
|-damage|p2a: Excadrill|97/100|[from] Stealth Rock
|-damage|p2a: Excadrill|73/100|[from] Spikes
|-ability|p2a: Excadrill|Mold Breaker
|turn|18
|
|switch|p1a: Garchomp|Garchomp, M|100/100
|-damage|p1a: Garchomp|94/100|[from] Stealth Rock
|move|p2a: Excadrill|Earthquake|p1a: Garchomp
|-damage|p1a: Garchomp|48/100
|
|-weather|Sandstorm|[upkeep]
|-heal|p2a: Excadrill|79/100|[from] item: Leftovers
|upkeep
|turn|19
|
|move|p1a: Garchomp|Earthquake|p2a: Excadrill
|-supereffective|p2a: Excadrill
|-damage|p2a: Excadrill|0 fnt
|-damage|p1a: Garchomp|38/100|[from] item: Life Orb
|faint|p2a: Excadrill
|
|win|blackkaiser
|l|☆Samurott7777777
|raw|blackkaiser's rating: 1364 &rarr; <strong>1382</strong><br />(+18 for winning)
|raw|Samurott7777777's rating: 1318 &rarr; <strong>1301</strong><br />(-17 for losing)
