|j|☆juderocks5
|j|☆BUMBACLAAT
|player|p1|juderocks5|153
|player|p2|BUMBACLAAT|69
|teamsize|p1|6
|teamsize|p2|6
|gametype|singles
|gen|5
|tier|[Gen 5] OU
|rated|
|rule|Sleep Clause Mod: Limit one foe put to sleep
|rule|Species Clause: Limit one of each Pokémon
|rule|OHKO Clause: OHKO moves are banned
|rule|Moody Clause: Moody is banned
|rule|Evasion Moves Clause: Evasion moves are banned
|rule|Endless Battle Clause: Forcing endless battles is banned
|rule|HP Percentage Mod: HP is shown in percentages
|rule|Evasion Abilities Clause: Evasion abilities are banned
|rule|Baton Pass Clause: Limit one Baton Passer, can't pass Spe and other stats simultaneously
|rule|Swagger Clause: Swagger is banned
|clearpoke
|poke|p1|Salamence, M|item
|poke|p1|Volcarona, M|item
|poke|p1|Heatran, F|item
|poke|p1|Forretress, F|item
|poke|p1|Ninetales, M|item
|poke|p1|Machamp, M|item
|poke|p2|Garchomp, M|item
|poke|p2|Thundurus-Therian, M|item
|poke|p2|Starmie|item
|poke|p2|Politoed, M|item
|poke|p2|Zoroark, M|item
|poke|p2|Skarmory, F|item
|teampreview
|
|start
|switch|p1a: Machamp|Machamp, M|100/100
|switch|p2a: Thundurus|Thundurus-Therian, M|100/100
|turn|1
|
|switch|p1a: Forretress|Forretress, F|100/100
|move|p2a: Thundurus|Volt Switch|p1a: Forretress
|-crit|p1a: Forretress
|-ability|p1a: Forretress|Sturdy
|-damage|p1a: Forretress|1/100
|j| Vanteline
|
|switch|p2a: Garchomp|Garchomp, M|100/100|[from]move: Volt Switch
|
|-heal|p1a: Forretress|7/100|[from] item: Leftovers
|upkeep
|turn|2
|inactive|Battle timer is ON: inactive players will automatically lose when time's up. (requested by BUMBACLAAT)
|
|move|p2a: Garchomp|Substitute|p2a: Garchomp
|-start|p2a: Garchomp|Substitute
|-damage|p2a: Garchomp|76/100
|move|p1a: Forretress|Toxic Spikes|p2a: Garchomp
|-sidestart|p2: BUMBACLAAT|move: Toxic Spikes
|
|-heal|p2a: Garchomp|82/100|[from] item: Leftovers
|-heal|p1a: Forretress|13/100|[from] item: Leftovers
|upkeep
|turn|3
|
|move|p2a: Garchomp|Aqua Tail|p1a: Forretress
|-crit|p1a: Forretress
|-damage|p1a: Forretress|0 fnt
|faint|p1a: Forretress
|
|-heal|p2a: Garchomp|88/100|[from] item: Leftovers
|upkeep
|
|switch|p1a: Heatran|Heatran, F|100/100
|-item|p1a: Heatran|Air Balloon
|turn|4
|
|move|p2a: Garchomp|Swords Dance|p2a: Garchomp
|-boost|p2a: Garchomp|atk|2
|move|p1a: Heatran|Dragon Pulse|p2a: Garchomp
|-supereffective|p2a: Garchomp
|-end|p2a: Garchomp|Substitute
|
|-heal|p2a: Garchomp|94/100|[from] item: Leftovers
|upkeep
|turn|5
|
|move|p2a: Garchomp|Substitute|p2a: Garchomp
|-start|p2a: Garchomp|Substitute
|-damage|p2a: Garchomp|69/100
|move|p1a: Heatran|Dragon Pulse|p2a: Garchomp
|-supereffective|p2a: Garchomp
|-end|p2a: Garchomp|Substitute
|
|-heal|p2a: Garchomp|75/100|[from] item: Leftovers
|upkeep
|turn|6
|
|move|p2a: Garchomp|Aqua Tail|p1a: Heatran
|-supereffective|p1a: Heatran
|-damage|p1a: Heatran|0 fnt
|-enditem|p1a: Heatran|Air Balloon
|faint|p1a: Heatran
|
|-heal|p2a: Garchomp|81/100|[from] item: Leftovers
|upkeep
|
|switch|p1a: Ninetales|Ninetales, M|100/100
|-weather|SunnyDay|[from] ability: Drought|[of] p1a: Ninetales
|turn|7
|c|☆juderocks5|oops
|c|☆juderocks5|oh well
|
|move|p2a: Garchomp|Dragon Claw|p1a: Ninetales
|-damage|p1a: Ninetales|20/100
|move|p1a: Ninetales|Roar|p2a: Garchomp
|drag|p2a: Thundurus|Thundurus-Therian, M|100/100
|
|-weather|SunnyDay|[upkeep]
|-heal|p1a: Ninetales|26/100|[from] item: Leftovers
|upkeep
|turn|8
|
|move|p2a: Thundurus|Volt Switch|p1a: Ninetales
|-damage|p1a: Ninetales|0 fnt
|faint|p1a: Ninetales
|
|switch|p2a: Politoed|Politoed, M, shiny|100/100|[from]move: Volt Switch
|-status|p2a: Politoed|psn
|-weather|RainDance|[from] ability: Drizzle|[of] p2a: Politoed
|
|-weather|RainDance|[upkeep]
|-damage|p2a: Politoed|88/100 psn|[from] psn
|upkeep
|
|switch|p1a: Machamp|Machamp, M|100/100
|turn|9
|
|move|p2a: Politoed|Hypnosis|p1a: Machamp
|-status|p1a: Machamp|slp
|-enditem|p1a: Machamp|Lum Berry|[eat]
|-curestatus|p1a: Machamp|slp|[msg]
|move|p1a: Machamp|Dynamic Punch|p2a: Politoed
|-damage|p2a: Politoed|27/100 psn
|-start|p2a: Politoed|confusion
|
|-weather|RainDance|[upkeep]
|-heal|p2a: Politoed|33/100 psn|[from] item: Leftovers
|-damage|p2a: Politoed|21/100 psn|[from] psn
|upkeep
|turn|10
|
|-activate|p2a: Politoed|confusion
|-damage|p2a: Politoed|15/100 psn|[from] confusion
|move|p1a: Machamp|Dynamic Punch|p2a: Politoed
|-crit|p2a: Politoed
|-damage|p2a: Politoed|0 fnt
|faint|p2a: Politoed
|
|-weather|RainDance|[upkeep]
|upkeep
|
|switch|p2a: Starmie|Starmie, shiny|100/100
|-status|p2a: Starmie|psn
|turn|11
|
|move|p2a: Starmie|Psychic|p1a: Machamp
|-supereffective|p1a: Machamp
|-damage|p1a: Machamp|31/100
|move|p1a: Machamp|Payback|p2a: Starmie
|-supereffective|p2a: Starmie
|-damage|p2a: Starmie|7/100 psn
|
|-weather|RainDance|[upkeep]
|-heal|p2a: Starmie|13/100 psn|[from] item: Leftovers
|-damage|p2a: Starmie|0 fnt|[from] psn
|faint|p2a: Starmie
|upkeep
|
|switch|p2a: Thundurus|Thundurus-Therian, M|100/100
|turn|12
|
|move|p2a: Thundurus|Thunder|p1a: Machamp
|-damage|p1a: Machamp|0 fnt
|faint|p1a: Machamp
|
|-weather|RainDance|[upkeep]
|upkeep
|
|switch|p1a: Salamence|Salamence, M|100/100
|turn|13
|
|move|p2a: Thundurus|Thunder|p1a: Salamence
|-damage|p1a: Salamence|15/100
|move|p1a: Salamence|Stone Edge|p2a: Thundurus|[miss]
|-miss|p1a: Salamence|p2a: Thundurus
|
|-weather|RainDance|[upkeep]
|upkeep
|turn|14
|c|☆juderocks5|ouch
|c|☆juderocks5|game
|
|move|p2a: Thundurus|Thunder|p1a: Salamence
|-damage|p1a: Salamence|0 fnt
|faint|p1a: Salamence
|
|-weather|RainDance|[upkeep]
|upkeep
|
|switch|p1a: Volcarona|Volcarona, M|100/100
|turn|15
|
|move|p2a: Thundurus|Thunder|p1a: Volcarona
|-damage|p1a: Volcarona|28/100
|move|p1a: Volcarona|Quiver Dance|p1a: Volcarona
|-boost|p1a: Volcarona|spa|1
|-boost|p1a: Volcarona|spd|1
|-boost|p1a: Volcarona|spe|1
|
|-weather|RainDance|[upkeep]
|-heal|p1a: Volcarona|34/100|[from] item: Leftovers
|upkeep
|turn|16
|
|move|p2a: Thundurus|Thunder|p1a: Volcarona
|-damage|p1a: Volcarona|0 fnt
|faint|p1a: Volcarona
|
|win|BUMBACLAAT
|raw|juderocks5's rating: 1336 &rarr; <strong>1319</strong><br />(-17 for losing)
|raw|BUMBACLAAT's rating: 1394 &rarr; <strong>1411</strong><br />(+17 for winning)
|l|☆juderocks5
