|j|☆anglemort33
|j|‽nidiedi
|t:|1724311903
|gametype|singles
|player|p1|anglemort33|265|1325
|player|p2|nidiedi|2|1457
|teamsize|p1|6
|teamsize|p2|6
|gen|5
|tier|[Gen 5] OU
|rated|
|rule|Species Clause: Limit one of each Pokémon
|rule|OHKO Clause: OHKO moves are banned
|rule|Moody Clause: Moody is banned
|rule|Evasion Items Clause: Evasion items are banned
|rule|Evasion Moves Clause: Evasion moves are banned
|rule|Endless Battle Clause: Forcing endless battles is banned
|rule|HP Percentage Mod: HP is shown in percentages
|rule|Evasion Abilities Clause: Evasion abilities are banned
|rule|Sleep Moves Clause: Sleep-inducing moves are banned
|rule|Swagger Clause: Swagger is banned
|rule|Baton Pass Stat Clause: No Baton Passer may have a way to boost its stats
|clearpoke
|poke|p1|Tyranitar, F|item
|poke|p1|Skarmory, M|item
|poke|p1|Jellicent, F|item
|poke|p1|Latios, M|item
|poke|p1|Alakazam, F|item
|poke|p1|Gliscor, M|item
|poke|p2|Volcarona, F|item
|poke|p2|Salamence, M|item
|poke|p2|Xatu, F|item
|poke|p2|Ninetales, F|item
|poke|p2|Excadrill, F|item
|poke|p2|Heatran, M|item
|teampreview
|inactive|Battle timer is ON: inactive players will automatically lose when time's up. (requested by nidiedi)
|inactive|nidiedi has 120 seconds left.
|inactive|nidiedi has 90 seconds left.
|
|t:|1724311981
|start
|switch|p1a: Wokege|Latios, M|100/100
|switch|p2a: Xatu|Xatu, F|100/100
|turn|1
|
|t:|1724312001
|switch|p2a: Excadrill|Excadrill, F|100/100
|-ability|p2a: Excadrill|Mold Breaker
|move|p1a: Wokege|Surf|p2a: Excadrill
|-supereffective|p2a: Excadrill
|-damage|p2a: Excadrill|48/100
|
|-heal|p2a: Excadrill|54/100|[from] item: Leftovers
|upkeep
|turn|2
|
|t:|1724312022
|move|p2a: Excadrill|Protect|p2a: Excadrill
|-singleturn|p2a: Excadrill|Protect
|move|p1a: Wokege|Surf|p2a: Excadrill
|-activate|p2a: Excadrill|move: Protect
|
|-heal|p2a: Excadrill|60/100|[from] item: Leftovers
|upkeep
|turn|3
|
|t:|1724312026
|switch|p2a: Ninetales|Ninetales, F|100/100
|-weather|SunnyDay|[from] ability: Drought|[of] p2a: Ninetales
|move|p1a: Wokege|Surf|p2a: Ninetales
|-supereffective|p2a: Ninetales
|-damage|p2a: Ninetales|68/100
|-enditem|p2a: Ninetales|Eject Button
|
|t:|1724312042
|switch|p2a: Volcarona|Volcarona, F|100/100
|
|-weather|SunnyDay|[upkeep]
|upkeep
|turn|4
|
|t:|1724312052
|move|p1a: Wokege|Draco Meteor|p2a: Volcarona
|-damage|p2a: Volcarona|25/100
|-unboost|p1a: Wokege|spa|2
|move|p2a: Volcarona|Giga Drain|p1a: Wokege
|-resisted|p1a: Wokege
|-damage|p1a: Wokege|87/100
|-heal|p2a: Volcarona|32/100|[from] drain|[of] p1a: Wokege
|
|-weather|SunnyDay|[upkeep]
|upkeep
|turn|5
|
|t:|1724312081
|move|p1a: Wokege|Draco Meteor|p2a: Volcarona|[miss]
|-miss|p1a: Wokege|p2a: Volcarona
|move|p2a: Volcarona|Giga Drain|p1a: Wokege
|-resisted|p1a: Wokege
|-damage|p1a: Wokege|71/100
|-heal|p2a: Volcarona|38/100|[from] drain|[of] p1a: Wokege
|
|-weather|SunnyDay|[upkeep]
|upkeep
|turn|6
|inactive|nidiedi has 120 seconds left.
|
|t:|1724312111
|move|p1a: Wokege|Draco Meteor|p2a: Volcarona
|-damage|p2a: Volcarona|6/100
|-unboost|p1a: Wokege|spa|2
|move|p2a: Volcarona|Giga Drain|p1a: Wokege
|-resisted|p1a: Wokege
|-crit|p1a: Wokege
|-damage|p1a: Wokege|40/100
|-heal|p2a: Volcarona|20/100|[from] drain|[of] p1a: Wokege
|
|-weather|SunnyDay|[upkeep]
|upkeep
|turn|7
|inactive|anglemort33 has 120 seconds left.
|
|t:|1724312140
|switch|p2a: Excadrill|Excadrill, F|60/100
|-ability|p2a: Excadrill|Mold Breaker
|move|p1a: Wokege|Recover|p1a: Wokege
|-heal|p1a: Wokege|90/100
|
|-weather|SunnyDay|[upkeep]
|-heal|p2a: Excadrill|66/100|[from] item: Leftovers
|upkeep
|turn|8
|
|t:|1724312157
|switch|p1a: ICANT|Gliscor, M|100/100
|move|p2a: Excadrill|Stealth Rock|p1a: ICANT
|-sidestart|p1: anglemort33|move: Stealth Rock
|
|-weather|SunnyDay|[upkeep]
|-heal|p2a: Excadrill|72/100|[from] item: Leftovers
|-status|p1a: ICANT|tox|[from] item: Toxic Orb
|upkeep
|turn|9
|
|t:|1724312165
|switch|p2a: Xatu|Xatu, F|100/100
|move|p1a: ICANT|U-turn|p2a: Xatu
|-damage|p2a: Xatu|86/100
|-damage|p1a: ICANT|84/100 tox|[from] item: Rocky Helmet|[of] p2a: Xatu
|
|t:|1724312187
|switch|p1a: Bedge|Tyranitar, F|100/100|[from] U-turn
|-damage|p1a: Bedge|88/100|[from] Stealth Rock
|-weather|Sandstorm|[from] ability: Sand Stream|[of] p1a: Bedge
|
|-weather|Sandstorm|[upkeep]
|-damage|p2a: Xatu|80/100|[from] Sandstorm
|upkeep
|turn|10
|inactive|nidiedi has 120 seconds left.
|
|t:|1724312195
|move|p2a: Xatu|Reflect|p2a: Xatu
|-sidestart|p2: nidiedi|Reflect
|move|p1a: Bedge|Crunch|p2a: Xatu
|-supereffective|p2a: Xatu
|-damage|p2a: Xatu|38/100
|-damage|p1a: Bedge|72/100|[from] item: Rocky Helmet|[of] p2a: Xatu
|
|-weather|Sandstorm|[upkeep]
|-damage|p2a: Xatu|32/100|[from] Sandstorm
|upkeep
|turn|11
|
|t:|1724312204
|move|p2a: Xatu|Roost|p2a: Xatu
|-heal|p2a: Xatu|82/100
|-singleturn|p2a: Xatu|move: Roost
|move|p1a: Bedge|Pursuit|p2a: Xatu
|-supereffective|p2a: Xatu
|-damage|p2a: Xatu|63/100
|-damage|p1a: Bedge|55/100|[from] item: Rocky Helmet|[of] p2a: Xatu
|
|-weather|Sandstorm|[upkeep]
|-damage|p2a: Xatu|57/100|[from] Sandstorm
|upkeep
|turn|12
|inactive|nidiedi has 120 seconds left.
|
|t:|1724312227
|move|p2a: Xatu|U-turn|p1a: Bedge
|-supereffective|p1a: Bedge
|-damage|p1a: Bedge|35/100
|inactive|nidiedi has 120 seconds left.
|
|t:|1724312233
|switch|p2a: Ninetales|Ninetales, F|68/100|[from] U-turn
|-weather|SunnyDay|[from] ability: Drought|[of] p2a: Ninetales
|move|p1a: Bedge|Crunch|p2a: Ninetales
|-damage|p2a: Ninetales|44/100
|
|-weather|SunnyDay|[upkeep]
|upkeep
|turn|13
|inactive|anglemort33 has 120 seconds left.
|inactive|nidiedi has 120 seconds left.
|
|t:|1724312261
|switch|p1a: OkaygeBusiness|Jellicent, F|100/100
|-damage|p1a: OkaygeBusiness|88/100|[from] Stealth Rock
|move|p2a: Ninetales|Solar Beam||[still]
|-prepare|p2a: Ninetales|Solar Beam
|-anim|p2a: Ninetales|Solar Beam|p1a: OkaygeBusiness
|-supereffective|p1a: OkaygeBusiness
|-damage|p1a: OkaygeBusiness|49/100
|
|-weather|SunnyDay|[upkeep]
|-heal|p1a: OkaygeBusiness|56/100|[from] item: Leftovers
|upkeep
|turn|14
|inactive|nidiedi has 120 seconds left.
|inactive|nidiedi has 90 seconds left.
|
|t:|1724312296
|switch|p2a: Volcarona|Volcarona, F|20/100
|move|p1a: OkaygeBusiness|Night Shade|p2a: Volcarona
|-damage|p2a: Volcarona|0 fnt
|faint|p2a: Volcarona
|
|-weather|SunnyDay|[upkeep]
|-heal|p1a: OkaygeBusiness|62/100|[from] item: Leftovers
|-sideend|p2: nidiedi|Reflect
|upkeep
|inactive|nidiedi has 90 seconds left.
|
|t:|1724312310
|switch|p2a: Xatu|Xatu, F|57/100
|turn|15
|inactive|anglemort33 has 90 seconds left.
|
|t:|1724312334
|move|p2a: Xatu|Roost|p2a: Xatu
|-heal|p2a: Xatu|100/100
|-singleturn|p2a: Xatu|move: Roost
|move|p1a: OkaygeBusiness|Night Shade|p2a: Xatu
|-damage|p2a: Xatu|70/100
|
|-weather|SunnyDay|[upkeep]
|-heal|p1a: OkaygeBusiness|68/100|[from] item: Leftovers
|upkeep
|turn|16
|
|t:|1724312342
|move|p2a: Xatu|Night Shade|p1a: OkaygeBusiness
|-damage|p1a: OkaygeBusiness|43/100
|move|p1a: OkaygeBusiness|Night Shade|p2a: Xatu
|-damage|p2a: Xatu|40/100
|
|-weather|SunnyDay|[upkeep]
|-heal|p1a: OkaygeBusiness|49/100|[from] item: Leftovers
|upkeep
|turn|17
|
|t:|1724312353
|move|p2a: Xatu|Night Shade|p1a: OkaygeBusiness
|-damage|p1a: OkaygeBusiness|25/100
|move|p1a: OkaygeBusiness|Recover|p1a: OkaygeBusiness
|-heal|p1a: OkaygeBusiness|75/100
|
|-weather|SunnyDay|[upkeep]
|-heal|p1a: OkaygeBusiness|81/100|[from] item: Leftovers
|upkeep
|turn|18
|
|t:|1724312363
|move|p2a: Xatu|Roost|p2a: Xatu
|-heal|p2a: Xatu|91/100
|-singleturn|p2a: Xatu|move: Roost
|move|p1a: OkaygeBusiness|Night Shade|p2a: Xatu
|-damage|p2a: Xatu|61/100
|
|-weather|SunnyDay|[upkeep]
|-heal|p1a: OkaygeBusiness|87/100|[from] item: Leftovers
|upkeep
|turn|19
|inactive|anglemort33 has 90 seconds left.
|
|t:|1724312388
|switch|p1a: ICANT|Gliscor, M|84/100 tox
|-damage|p1a: ICANT|72/100 tox|[from] Stealth Rock
|move|p2a: Xatu|Night Shade|p1a: ICANT
|-damage|p1a: ICANT|43/100 tox
|
|-weather|SunnyDay|[upkeep]
|-heal|p1a: ICANT|56/100 tox|[from] ability: Poison Heal
|upkeep
|turn|20
|inactive|anglemort33 has 90 seconds left.
|
|t:|1724312401
|move|p1a: ICANT|Protect|p1a: ICANT
|-singleturn|p1a: ICANT|Protect
|move|p2a: Xatu|Reflect|p2a: Xatu
|-sidestart|p2: nidiedi|Reflect
|
|-weather|SunnyDay|[upkeep]
|-heal|p1a: ICANT|68/100 tox|[from] ability: Poison Heal
|upkeep
|turn|21
|inactive|anglemort33 has 90 seconds left.
|
|t:|1724312408
|move|p2a: Xatu|Night Shade|p1a: ICANT
|-damage|p1a: ICANT|40/100 tox
|move|p1a: ICANT|U-turn|p2a: Xatu
|-damage|p2a: Xatu|52/100
|-damage|p1a: ICANT|23/100 tox|[from] item: Rocky Helmet|[of] p2a: Xatu
|
|t:|1724312412
|switch|p1a: Wokege|Latios, M|90/100|[from] U-turn
|-damage|p1a: Wokege|78/100|[from] Stealth Rock
|
|-weather|SunnyDay|[upkeep]
|upkeep
|turn|22
|inactive|nidiedi has 120 seconds left.
|
|t:|1724312440
|switch|p2a: Heatran|Heatran, M|100/100
|-item|p2a: Heatran|Air Balloon
|move|p1a: Wokege|Draco Meteor|p2a: Heatran
|-resisted|p2a: Heatran
|-damage|p2a: Heatran|66/100
|-unboost|p1a: Wokege|spa|2
|-enditem|p2a: Heatran|Air Balloon
|
|-weather|SunnyDay|[upkeep]
|upkeep
|turn|23
|inactive|anglemort33 has 90 seconds left.
|inactive|nidiedi has 90 seconds left.
|
|t:|1724312466
|switch|p1a: OkaygeBusiness|Jellicent, F|87/100
|-damage|p1a: OkaygeBusiness|75/100|[from] Stealth Rock
|move|p2a: Heatran|Hidden Power|p1a: OkaygeBusiness
|-resisted|p1a: OkaygeBusiness
|-damage|p1a: OkaygeBusiness|65/100
|
|-weather|SunnyDay|[upkeep]
|-heal|p1a: OkaygeBusiness|71/100|[from] item: Leftovers
|upkeep
|turn|24
|inactive|nidiedi has 90 seconds left.
|inactive|anglemort33 has 90 seconds left.
|
|t:|1724312477
|move|p2a: Heatran|Flamethrower|p1a: OkaygeBusiness
|-resisted|p1a: OkaygeBusiness
|-damage|p1a: OkaygeBusiness|35/100
|move|p1a: OkaygeBusiness|Night Shade|p2a: Heatran
|-damage|p2a: Heatran|35/100
|
|-weather|SunnyDay|[upkeep]
|-heal|p1a: OkaygeBusiness|41/100|[from] item: Leftovers
|-sideend|p2: nidiedi|Reflect
|upkeep
|turn|25
|inactive|nidiedi has 90 seconds left.
|inactive|anglemort33 has 90 seconds left.
|
|t:|1724312489
|move|p2a: Heatran|Flamethrower|p1a: OkaygeBusiness
|-resisted|p1a: OkaygeBusiness
|-damage|p1a: OkaygeBusiness|9/100
|move|p1a: OkaygeBusiness|Recover|p1a: OkaygeBusiness
|-heal|p1a: OkaygeBusiness|59/100
|
|-weather|SunnyDay|[upkeep]
|-heal|p1a: OkaygeBusiness|65/100|[from] item: Leftovers
|upkeep
|turn|26
|
|t:|1724312498
|move|p2a: Heatran|Flamethrower|p1a: OkaygeBusiness
|-resisted|p1a: OkaygeBusiness
|-damage|p1a: OkaygeBusiness|30/100
|move|p1a: OkaygeBusiness|Recover|p1a: OkaygeBusiness
|-heal|p1a: OkaygeBusiness|80/100
|
|-weather|SunnyDay|[upkeep]
|-heal|p1a: OkaygeBusiness|87/100|[from] item: Leftovers
|upkeep
|turn|27
|inactive|nidiedi has 90 seconds left.
|
|t:|1724312522
|switch|p2a: Xatu|Xatu, F|52/100
|move|p1a: OkaygeBusiness|Night Shade|p2a: Xatu
|-damage|p2a: Xatu|22/100
|
|-weather|SunnyDay|[upkeep]
|-heal|p1a: OkaygeBusiness|93/100|[from] item: Leftovers
|upkeep
|turn|28
|inactive|nidiedi has 90 seconds left.
|
|t:|1724312539
|switch|p1a: Wokege|Latios, M|78/100
|-damage|p1a: Wokege|65/100|[from] Stealth Rock
|move|p2a: Xatu|U-turn|p1a: Wokege
|-supereffective|p1a: Wokege
|-damage|p1a: Wokege|30/100
|inactive|nidiedi has 90 seconds left.
|
|t:|1724312550
|switch|p2a: Salamence|Salamence, M|100/100|[from] U-turn
|
|-weather|SunnyDay|[upkeep]
|upkeep
|turn|29
|inactive|nidiedi has 90 seconds left.
|
|t:|1724312557
|switch|p1a: KEKW|Skarmory, M|100/100
|-damage|p1a: KEKW|88/100|[from] Stealth Rock
|move|p2a: Salamence|Thunder Fang|p1a: KEKW
|-supereffective|p1a: KEKW
|-damage|p1a: KEKW|49/100
|
|-weather|SunnyDay|[upkeep]
|-heal|p1a: KEKW|55/100|[from] item: Leftovers
|upkeep
|turn|30
|inactive|nidiedi has 90 seconds left.
|
|t:|1724312573
|switch|p2a: Ninetales|Ninetales, F|44/100
|move|p1a: KEKW|Roost|p1a: KEKW
|-heal|p1a: KEKW|100/100
|-singleturn|p1a: KEKW|move: Roost
|
|-weather|SunnyDay|[upkeep]
|upkeep
|turn|31
|inactive|nidiedi has 90 seconds left.
|inactive|anglemort33 has 90 seconds left.
|inactive|nidiedi has 60 seconds left.
|
|t:|1724312637
|switch|p1a: OkaygeBusiness|Jellicent, F|93/100
|-damage|p1a: OkaygeBusiness|80/100|[from] Stealth Rock
|move|p2a: Ninetales|Flamethrower|p1a: OkaygeBusiness
|-resisted|p1a: OkaygeBusiness
|-crit|p1a: OkaygeBusiness
|-damage|p1a: OkaygeBusiness|44/100
|
|-weather|SunnyDay|[upkeep]
|-heal|p1a: OkaygeBusiness|51/100|[from] item: Leftovers
|upkeep
|turn|32
|
|t:|1724312655
|move|p2a: Ninetales|Solar Beam||[still]
|-prepare|p2a: Ninetales|Solar Beam
|-anim|p2a: Ninetales|Solar Beam|p1a: OkaygeBusiness
|-supereffective|p1a: OkaygeBusiness
|-damage|p1a: OkaygeBusiness|15/100
|move|p1a: OkaygeBusiness|Recover|p1a: OkaygeBusiness
|-heal|p1a: OkaygeBusiness|65/100
|
|-weather|SunnyDay|[upkeep]
|-heal|p1a: OkaygeBusiness|71/100|[from] item: Leftovers
|upkeep
|turn|33
|inactive|nidiedi has 60 seconds left.
|
|t:|1724312672
|move|p2a: Ninetales|Will-O-Wisp|p1a: OkaygeBusiness
|-status|p1a: OkaygeBusiness|brn
|move|p1a: OkaygeBusiness|Night Shade|p2a: Ninetales
|-damage|p2a: Ninetales|16/100
|
|-weather|SunnyDay|[upkeep]
|-heal|p1a: OkaygeBusiness|77/100 brn|[from] item: Leftovers
|-damage|p1a: OkaygeBusiness|65/100 brn|[from] brn
|upkeep
|turn|34
|inactive|nidiedi has 60 seconds left.
|
|t:|1724312693
|switch|p2a: Salamence|Salamence, M|100/100
|move|p1a: OkaygeBusiness|Night Shade|p2a: Salamence
|-damage|p2a: Salamence|71/100
|
|-weather|SunnyDay|[upkeep]
|-heal|p1a: OkaygeBusiness|71/100 brn|[from] item: Leftovers
|-damage|p1a: OkaygeBusiness|59/100 brn|[from] brn
|upkeep
|turn|35
|inactive|anglemort33 has 60 seconds left.
|
|t:|1724312721
|switch|p1a: KEKW|Skarmory, M|100/100
|-damage|p1a: KEKW|88/100|[from] Stealth Rock
|move|p2a: Salamence|Thunder Fang|p1a: KEKW
|-supereffective|p1a: KEKW
|-damage|p1a: KEKW|47/100
|
|-weather|SunnyDay|[upkeep]
|-heal|p1a: KEKW|53/100|[from] item: Leftovers
|upkeep
|turn|36
|inactive|anglemort33 has 60 seconds left.
|inactive|nidiedi has 30 seconds left.
|
|t:|1724312759
|switch|p2a: Ninetales|Ninetales, F|16/100
|move|p1a: KEKW|Brave Bird|p2a: Ninetales
|-damage|p2a: Ninetales|0 fnt
|faint|p2a: Ninetales
|-damage|p1a: KEKW|48/100|[from] Recoil
|
|-weather|SunnyDay|[upkeep]
|-heal|p1a: KEKW|54/100|[from] item: Leftovers
|upkeep
|inactive|nidiedi has 30 seconds left.
|
|t:|1724312764
|switch|p2a: Heatran|Heatran, M|35/100
|turn|37
|inactive|nidiedi has 30 seconds left.
|
|t:|1724312776
|switch|p1a: Bedge|Tyranitar, F|35/100
|-damage|p1a: Bedge|23/100|[from] Stealth Rock
|-weather|Sandstorm|[from] ability: Sand Stream|[of] p1a: Bedge
|move|p2a: Heatran|Flame Charge|p1a: Bedge
|-resisted|p1a: Bedge
|-damage|p1a: Bedge|17/100
|-boost|p2a: Heatran|spe|1
|
|-weather|Sandstorm|[upkeep]
|upkeep
|turn|38
|
|t:|1724312793
|move|p2a: Heatran|Earth Power|p1a: Bedge
|-supereffective|p1a: Bedge
|-damage|p1a: Bedge|0 fnt
|faint|p1a: Bedge
|
|-weather|Sandstorm|[upkeep]
|upkeep
|
|t:|1724312805
|switch|p1a: Wokege|Latios, M|30/100
|-damage|p1a: Wokege|18/100|[from] Stealth Rock
|turn|39
|
|t:|1724312809
|move|p2a: Heatran|Hidden Power|p1a: Wokege
|-supereffective|p1a: Wokege
|-damage|p1a: Wokege|0 fnt
|faint|p1a: Wokege
|
|-weather|Sandstorm|[upkeep]
|upkeep
|inactive|anglemort33 has 30 seconds left.
|
|t:|1724312833
|switch|p1a: OkaygeBusiness|Jellicent, F|59/100 brn
|-damage|p1a: OkaygeBusiness|46/100 brn|[from] Stealth Rock
|turn|40
|inactive|nidiedi has 60 seconds left.
|
|t:|1724312846
|switch|p2a: Salamence|Salamence, M|71/100
|move|p1a: OkaygeBusiness|Night Shade|p2a: Salamence
|-damage|p2a: Salamence|42/100
|
|-weather|Sandstorm|[upkeep]
|-damage|p2a: Salamence|36/100|[from] Sandstorm
|-damage|p1a: OkaygeBusiness|40/100 brn|[from] Sandstorm
|-heal|p1a: OkaygeBusiness|46/100 brn|[from] item: Leftovers
|-damage|p1a: OkaygeBusiness|34/100 brn|[from] brn
|upkeep
|turn|41
|inactive|nidiedi has 60 seconds left.
|inactive|anglemort33 has 30 seconds left.
|
|t:|1724312862
|switch|p1a: ICANT|Gliscor, M|23/100 tox
|-damage|p1a: ICANT|11/100 tox|[from] Stealth Rock
|move|p2a: Salamence|Dragon Claw|p1a: ICANT
|-damage|p1a: ICANT|0 fnt
|faint|p1a: ICANT
|-ability|p2a: Salamence|Moxie|boost
|-boost|p2a: Salamence|atk|1
|
|-weather|Sandstorm|[upkeep]
|-damage|p2a: Salamence|30/100|[from] Sandstorm
|upkeep
|inactive|anglemort33 has 30 seconds left.
|inactive|anglemort33 has 20 seconds left.
|
|t:|1724312882
|switch|p1a: KEKW|Skarmory, M|54/100
|-damage|p1a: KEKW|42/100|[from] Stealth Rock
|turn|42
|inactive|anglemort33 has 30 seconds left this turn.
|inactive|anglemort33 has 20 seconds left.
|inactive|nidiedi has 60 seconds left.
|
|t:|1724312892
|switch|p2a: Heatran|Heatran, M|35/100
|move|p1a: KEKW|Roost|p1a: KEKW
|-heal|p1a: KEKW|92/100
|-singleturn|p1a: KEKW|move: Roost
|
|-weather|Sandstorm|[upkeep]
|-heal|p1a: KEKW|98/100|[from] item: Leftovers
|upkeep
|turn|43
|inactive|anglemort33 has 30 seconds left this turn.
|inactive|anglemort33 has 20 seconds left.
|inactive|nidiedi has 60 seconds left.
|
|t:|1724312904
|move|p2a: Heatran|Flame Charge|p1a: KEKW
|-supereffective|p1a: KEKW
|-damage|p1a: KEKW|75/100
|-boost|p2a: Heatran|spe|1
|move|p1a: KEKW|Whirlwind|p2a: Heatran
|drag|p2a: Salamence|Salamence, M|30/100
|
|-weather|Sandstorm|[upkeep]
|-damage|p2a: Salamence|23/100|[from] Sandstorm
|-heal|p1a: KEKW|81/100|[from] item: Leftovers
|upkeep
|turn|44
|inactive|anglemort33 has 30 seconds left this turn.
|inactive|anglemort33 has 20 seconds left.
|inactive|nidiedi has 60 seconds left.
|
|t:|1724312918
|move|p2a: Salamence|Thunder Fang|p1a: KEKW
|-supereffective|p1a: KEKW
|-damage|p1a: KEKW|44/100
|move|p1a: KEKW|Brave Bird|p2a: Salamence
|-damage|p2a: Salamence|0 fnt
|faint|p2a: Salamence
|-damage|p1a: KEKW|36/100|[from] Recoil
|
|-weather|Sandstorm|[upkeep]
|-heal|p1a: KEKW|42/100|[from] item: Leftovers
|upkeep
|inactive|anglemort33 has 25 seconds left this turn.
|inactive|nidiedi has 60 seconds left.
|
|t:|1724312925
|switch|p2a: Heatran|Heatran, M|35/100
|turn|45
|inactive|anglemort33 has 30 seconds left.
|inactive|nidiedi has 60 seconds left.
|
|t:|1724312937
|move|p2a: Heatran|Flamethrower|p1a: KEKW
|-supereffective|p1a: KEKW
|-damage|p1a: KEKW|0 fnt
|faint|p1a: KEKW
|
|-weather|Sandstorm|[upkeep]
|upkeep
|inactive|anglemort33 has 30 seconds left this turn.
|inactive|anglemort33 has 20 seconds left.
|
|t:|1724312952
|switch|p1a: Starege|Alakazam, F|100/100
|turn|46
|inactive|anglemort33 has 30 seconds left this turn.
|inactive|nidiedi has 60 seconds left.
|
|t:|1724312969
|move|p1a: Starege|Focus Blast|p2a: Heatran
|-supereffective|p2a: Heatran
|-damage|p2a: Heatran|0 fnt
|faint|p2a: Heatran
|
|-weather|Sandstorm|[upkeep]
|upkeep
|inactive|anglemort33 has 30 seconds left this turn.
|inactive|nidiedi has 60 seconds left.
|
|t:|1724312975
|switch|p2a: Excadrill|Excadrill, F|72/100
|-ability|p2a: Excadrill|Mold Breaker
|turn|47
|
|t:|1724312983
|move|p2a: Excadrill|Protect|p2a: Excadrill
|-singleturn|p2a: Excadrill|Protect
|move|p1a: Starege|Focus Blast|p2a: Excadrill
|-activate|p2a: Excadrill|move: Protect
|
|-weather|Sandstorm|[upkeep]
|-heal|p2a: Excadrill|78/100|[from] item: Leftovers
|upkeep
|turn|48
|inactive|nidiedi has 60 seconds left.
|
|t:|1724313010
|move|p1a: Starege|Focus Blast|p2a: Excadrill|[miss]
|-miss|p1a: Starege|p2a: Excadrill
|move|p2a: Excadrill|Earthquake|p1a: Starege
|-enditem|p1a: Starege|Focus Sash
|-damage|p1a: Starege|1/100
|
|-weather|Sandstorm|[upkeep]
|-heal|p2a: Excadrill|84/100|[from] item: Leftovers
|upkeep
|turn|49
|
|t:|1724313018
|move|p2a: Excadrill|Protect|p2a: Excadrill
|-singleturn|p2a: Excadrill|Protect
|move|p1a: Starege|Focus Blast|p2a: Excadrill
|-activate|p2a: Excadrill|move: Protect
|
|-weather|Sandstorm|[upkeep]
|-heal|p2a: Excadrill|90/100|[from] item: Leftovers
|upkeep
|turn|50
|
|t:|1724313029
|switch|p2a: Xatu|Xatu, F|22/100
|move|p1a: Starege|Focus Blast|p2a: Xatu
|-resisted|p2a: Xatu
|-damage|p2a: Xatu|8/100
|
|-weather|Sandstorm|[upkeep]
|-damage|p2a: Xatu|2/100|[from] Sandstorm
|upkeep
|turn|51
|
|t:|1724313037
|move|p1a: Starege|Hidden Power|p2a: Xatu
|-supereffective|p2a: Xatu
|-damage|p2a: Xatu|0 fnt
|faint|p2a: Xatu
|
|-weather|Sandstorm|[upkeep]
|upkeep
|
|t:|1724313039
|switch|p2a: Excadrill|Excadrill, F|90/100
|-ability|p2a: Excadrill|Mold Breaker
|turn|52
|
|t:|1724313047
|move|p2a: Excadrill|Protect|p2a: Excadrill
|-singleturn|p2a: Excadrill|Protect
|move|p1a: Starege|Focus Blast|p2a: Excadrill
|-activate|p2a: Excadrill|move: Protect
|
|-weather|Sandstorm|[upkeep]
|-heal|p2a: Excadrill|96/100|[from] item: Leftovers
|upkeep
|turn|53
|inactive|nidiedi has 90 seconds left.
|
|t:|1724313052
|move|p1a: Starege|Focus Blast|p2a: Excadrill
|-supereffective|p2a: Excadrill
|-damage|p2a: Excadrill|26/100
|move|p2a: Excadrill|Earthquake|p1a: Starege
|-damage|p1a: Starege|0 fnt
|faint|p1a: Starege
|
|-weather|Sandstorm|[upkeep]
|-heal|p2a: Excadrill|32/100|[from] item: Leftovers
|upkeep
|
|t:|1724313061
|switch|p1a: OkaygeBusiness|Jellicent, F|34/100 brn
|-damage|p1a: OkaygeBusiness|22/100 brn|[from] Stealth Rock
|turn|54
|
|t:|1724313066
|move|p2a: Excadrill|Earthquake|p1a: OkaygeBusiness
|-damage|p1a: OkaygeBusiness|0 fnt
|faint|p1a: OkaygeBusiness
|
|win|nidiedi
|raw|anglemort33's rating: 1325 &rarr; <strong>1312</strong><br />(-13 for losing)
|raw|nidiedi's rating: 1457 &rarr; <strong>1470</strong><br />(+13 for winning)
|c|☆anglemort33|Ggs
