|join|Draigon
|join|immatureprick
|player|p1|Draigon|80
|player|p2|immatureprick|121
|gametype|singles
|gen|5
|tier|[Gen 5] OU
|rated
|rule|Evasion Abilities Clause: Evasion abilities are banned
|clearpoke
|poke|p1|Tyranitar, F
|poke|p1|Gliscor, F
|poke|p1|Rotom-Wash
|poke|p1|Scizor, M
|poke|p1|Mamoswine, M
|poke|p1|Garchomp, M
|poke|p2|Politoed, F, shiny
|poke|p2|Gliscor, F, shiny
|poke|p2|Tentacruel, F, shiny
|poke|p2|Chansey, F
|poke|p2|Ferrothorn, F, shiny
|poke|p2|Bronzong, shiny
|rule|Sleep Clause Mod: Limit one foe put to sleep
|rule|Species Clause: Limit one of each Pokemon
|rule|OHKO Clause: OHKO moves are banned
|rule|Moody Clause: Moody is banned
|rule|Evasion Moves Clause: Evasion moves are banned
|rule|Endless Battle Clause: Forcing endless battles is banned.
|rule|HP Percentage Mod: HP is reported as percentages
|teampreview
|
|start
|switch|p1a: Rotom-Wash|Rotom-Wash|304/304
|switch|p2a: Politoed|Politoed, F, shiny|384/384
|-weather|RainDance|[from] ability: Drizzle|[of] p2a: Politoed
|turn|1
|
|move|p1a: Rotom-Wash|Will-O-Wisp|p2a: Politoed
|-status|p2a: Politoed|brn
|move|p2a: Politoed|Toxic|p1a: Rotom-Wash
|-status|p1a: Rotom-Wash|tox
|
|-weather|RainDance|[upkeep]
|-damage|p1a: Rotom-Wash|285/304 tox|[from] psn
|-damage|p2a: Politoed|336/384 brn|[from] brn
|turn|2
|
|switch|p2a: Bronzong|Bronzong, shiny|338/338
|move|p1a: Rotom-Wash|Will-O-Wisp|p2a: Bronzong
|-status|p2a: Bronzong|brn
|
|-weather|RainDance|[upkeep]
|-heal|p1a: Rotom-Wash|304/304 tox|[from] item: Leftovers
|-damage|p1a: Rotom-Wash|266/304 tox|[from] psn
|-damage|p2a: Bronzong|296/338 brn|[from] brn
|turn|3
|
|move|p1a: Rotom-Wash|Volt Switch|p2a: Bronzong
|-damage|p2a: Bronzong|235/338 brn
|
|switch|p1a: Tyranitar|Tyranitar, F|404/404
|-weather|Sandstorm|[from] ability: Sand Stream|[of] p1a: Tyranitar
|move|p2a: Bronzong|Stealth Rock|p1a: Tyranitar
|-sidestart|p1: Draigon|move: Stealth Rock
|
|-weather|Sandstorm|[upkeep]
|-heal|p2a: Bronzong|256/338 brn|[from] item: Leftovers
|-damage|p2a: Bronzong|214/338 brn|[from] brn
|turn|4
|
|move|p1a: Tyranitar|Stealth Rock|p2a: Bronzong
|-sidestart|p2: immatureprick|move: Stealth Rock
|move|p2a: Bronzong|Toxic|p1a: Tyranitar|[miss]
|-miss|p2a: Bronzong|p1a: Tyranitar
|
|-weather|Sandstorm|[upkeep]
|-heal|p2a: Bronzong|235/338 brn|[from] item: Leftovers
|-damage|p2a: Bronzong|193/338 brn|[from] brn
|turn|5
|
|switch|p2a: Gliscor|Gliscor, F, shiny|354/354
|-damage|p2a: Gliscor|310/354|[from] Stealth Rock
|move|p1a: Tyranitar|Fire Blast|p2a: Gliscor|[miss]
|-miss|p1a: Tyranitar|p2a: Gliscor
|
|-weather|Sandstorm|[upkeep]
|-status|p2a: Gliscor|tox|[from] item: Toxic Orb
|turn|6
|
|switch|p2a: Politoed|Politoed, F, shiny|336/384 brn
|-damage|p2a: Politoed|288/384 brn|[from] Stealth Rock
|-weather|RainDance|[from] ability: Drizzle|[of] p2a: Politoed
|switch|p1a: Gliscor|Gliscor, F|354/354
|-damage|p1a: Gliscor|310/354|[from] Stealth Rock
|
|-weather|RainDance|[upkeep]
|-heal|p2a: Politoed|312/384 brn|[from] item: Leftovers
|-damage|p2a: Politoed|264/384 brn|[from] brn
|-status|p1a: Gliscor|tox|[from] item: Toxic Orb
|turn|7
|
|move|p1a: Gliscor|Protect|p1a: Gliscor
|-singleturn|p1a: Gliscor|Protect
|move|p2a: Politoed|Scald|p1a: Gliscor
|-activate|p1a: Gliscor|Protect
|
|-weather|RainDance|[upkeep]
|-heal|p2a: Politoed|288/384 brn|[from] item: Leftovers
|-heal|p1a: Gliscor|354/354 tox|[from] ability: Poison Heal
|-damage|p2a: Politoed|240/384 brn|[from] brn
|turn|8
|
|switch|p1a: Rotom-Wash|Rotom-Wash|266/304 tox
|-damage|p1a: Rotom-Wash|228/304 tox|[from] Stealth Rock
|switch|p2a: Ferrothorn|Ferrothorn, F, shiny|351/351
|-damage|p2a: Ferrothorn|330/351|[from] Stealth Rock
|
|-weather|RainDance|[upkeep]
|-heal|p1a: Rotom-Wash|247/304 tox|[from] item: Leftovers
|-heal|p2a: Ferrothorn|351/351|[from] item: Leftovers
|-damage|p1a: Rotom-Wash|228/304 tox|[from] psn
|turn|9
|
|switch|p2a: Gliscor|Gliscor, F, shiny|310/354 tox
|-damage|p2a: Gliscor|266/354 tox|[from] Stealth Rock
|move|p1a: Rotom-Wash|Will-O-Wisp|p2a: Gliscor|[miss]
|-miss|p1a: Rotom-Wash|p2a: Gliscor
|
|-weather|RainDance|[upkeep]
|-heal|p1a: Rotom-Wash|247/304 tox|[from] item: Leftovers
|-heal|p2a: Gliscor|310/354 tox|[from] ability: Poison Heal
|-damage|p1a: Rotom-Wash|209/304 tox|[from] psn
|turn|10
|
|move|p2a: Gliscor|Protect|p2a: Gliscor
|-singleturn|p2a: Gliscor|Protect
|move|p1a: Rotom-Wash|Pain Split|p2a: Gliscor
|-activate|p2a: Gliscor|Protect
|
|-weather|RainDance|[upkeep]
|-heal|p1a: Rotom-Wash|228/304 tox|[from] item: Leftovers
|-heal|p2a: Gliscor|354/354 tox|[from] ability: Poison Heal
|-damage|p1a: Rotom-Wash|171/304 tox|[from] psn
|turn|11
|
|switch|p2a: Bronzong|Bronzong, shiny|193/338 brn
|-damage|p2a: Bronzong|172/338 brn|[from] Stealth Rock
|move|p1a: Rotom-Wash|Volt Switch|p2a: Bronzong
|-damage|p2a: Bronzong|117/338 brn
|
|switch|p1a: Scizor|Scizor, M|344/344
|-damage|p1a: Scizor|301/344|[from] Stealth Rock
|
|-weather|RainDance|[upkeep]
|-heal|p2a: Bronzong|138/338 brn|[from] item: Leftovers
|-damage|p2a: Bronzong|96/338 brn|[from] brn
|turn|12
|
|move|p1a: Scizor|Pursuit|p2a: Bronzong|[from]Pursuit
|-damage|p2a: Bronzong|0 fnt
|faint|p2a: Bronzong
|
|-weather|RainDance|[upkeep]
|
|switch|p2a: Tentacruel|Tentacruel, F, shiny|364/364
|-damage|p2a: Tentacruel|319/364|[from] Stealth Rock
|turn|13
|
|switch|p1a: Rotom-Wash|Rotom-Wash|171/304 tox
|-damage|p1a: Rotom-Wash|133/304 tox|[from] Stealth Rock
|move|p2a: Tentacruel|Scald|p1a: Rotom-Wash
|-resisted|p1a: Rotom-Wash
|-damage|p1a: Rotom-Wash|92/304 tox
|
|-weather|RainDance|[upkeep]
|-heal|p2a: Tentacruel|341/364|[from] ability: Rain Dish
|-heal|p2a: Tentacruel|363/364|[from] item: Black Sludge
|-heal|p1a: Rotom-Wash|111/304 tox|[from] item: Leftovers
|-damage|p1a: Rotom-Wash|92/304 tox|[from] psn
|turn|14
|
|move|p2a: Tentacruel|Protect|p2a: Tentacruel
|-singleturn|p2a: Tentacruel|Protect
|move|p1a: Rotom-Wash|Pain Split|p2a: Tentacruel
|-activate|p2a: Tentacruel|Protect
|
|-weather|RainDance|[upkeep]
|-heal|p2a: Tentacruel|364/364|[from] ability: Rain Dish
|-heal|p1a: Rotom-Wash|111/304 tox|[from] item: Leftovers
|-damage|p1a: Rotom-Wash|73/304 tox|[from] psn
|turn|15
|
|switch|p2a: Politoed|Politoed, F, shiny|240/384 brn
|-damage|p2a: Politoed|192/384 brn|[from] Stealth Rock
|move|p1a: Rotom-Wash|Pain Split|p2a: Politoed
|-sethp|p2a: Politoed|132/384 brn|p1a: Rotom-Wash|132/304 tox|[from] move: Pain Split
|
|-weather|RainDance|[upkeep]
|-heal|p1a: Rotom-Wash|151/304 tox|[from] item: Leftovers
|-heal|p2a: Politoed|156/384 brn|[from] item: Leftovers
|-damage|p1a: Rotom-Wash|94/304 tox|[from] psn
|-damage|p2a: Politoed|108/384 brn|[from] brn
|turn|16
|
|move|p2a: Politoed|Protect|p2a: Politoed
|-singleturn|p2a: Politoed|Protect
|move|p1a: Rotom-Wash|Volt Switch|p2a: Politoed
|-activate|p2a: Politoed|Protect
|
|-weather|RainDance|[upkeep]
|-heal|p1a: Rotom-Wash|113/304 tox|[from] item: Leftovers
|-heal|p2a: Politoed|132/384 brn|[from] item: Leftovers
|-damage|p1a: Rotom-Wash|37/304 tox|[from] psn
|-damage|p2a: Politoed|84/384 brn|[from] brn
|turn|17
|
|switch|p1a: Tyranitar|Tyranitar, F|404/404
|-damage|p1a: Tyranitar|354/404|[from] Stealth Rock
|-weather|Sandstorm|[from] ability: Sand Stream|[of] p1a: Tyranitar
|switch|p2a: Gliscor|Gliscor, F, shiny|354/354 tox
|-damage|p2a: Gliscor|310/354 tox|[from] Stealth Rock
|
|-weather|Sandstorm|[upkeep]
|-heal|p1a: Tyranitar|379/404|[from] item: Leftovers
|-heal|p2a: Gliscor|354/354 tox|[from] ability: Poison Heal
|turn|18
|
|switch|p2a: Chansey|Chansey, F|704/704
|-damage|p2a: Chansey|616/704|[from] Stealth Rock
|switch|p1a: Gliscor|Gliscor, F|354/354 tox
|-damage|p1a: Gliscor|310/354 tox|[from] Stealth Rock
|
|-weather|Sandstorm|[upkeep]
|-damage|p2a: Chansey|572/704|[from] sandstorm
|-heal|p1a: Gliscor|354/354 tox|[from] ability: Poison Heal
|turn|19
|
|switch|p1a: Scizor|Scizor, M|301/344
|-damage|p1a: Scizor|258/344|[from] Stealth Rock
|move|p2a: Chansey|Wish|p2a: Chansey
|
|-weather|Sandstorm|[upkeep]
|-damage|p2a: Chansey|528/704|[from] sandstorm
|turn|20
|
|move|p1a: Scizor|Superpower|p2a: Chansey
|-crit|p2a: Chansey
|-supereffective|p2a: Chansey
|-damage|p2a: Chansey|0 fnt
|-unboost|p1a: Scizor|atk|1
|-unboost|p1a: Scizor|def|1
|faint|p2a: Chansey
|
|-weather|Sandstorm|[upkeep]
|
|switch|p2a: Politoed|Politoed, F, shiny|84/384 brn
|-damage|p2a: Politoed|36/384 brn|[from] Stealth Rock
|-weather|RainDance|[from] ability: Drizzle|[of] p2a: Politoed
|turn|21
|chat|immatureprick|unlucky me,oh well
|
|switch|p1a: Rotom-Wash|Rotom-Wash|37/304 tox
|-damage|p1a: Rotom-Wash|0 fnt|[from] Stealth Rock
|faint|p1a: Rotom-Wash
|switch|p2a: Tentacruel|Tentacruel, F, shiny|364/364
|-damage|p2a: Tentacruel|319/364|[from] Stealth Rock
|
|-weather|RainDance|[upkeep]
|-heal|p2a: Tentacruel|341/364|[from] ability: Rain Dish
|-heal|p2a: Tentacruel|363/364|[from] item: Black Sludge
|
|switch|p1a: Garchomp|Garchomp, M|357/357
|-damage|p1a: Garchomp|335/357|[from] Stealth Rock
|turn|22
|
|switch|p2a: Gliscor|Gliscor, F, shiny|354/354 tox
|-damage|p2a: Gliscor|310/354 tox|[from] Stealth Rock
|move|p1a: Garchomp|Earthquake|p2a: Gliscor
|-immune|p2a: Gliscor|[msg]
|
|-weather|RainDance|[upkeep]
|-heal|p2a: Gliscor|354/354 tox|[from] ability: Poison Heal
|turn|23
|
|switch|p1a: Gliscor|Gliscor, F|354/354 tox
|-damage|p1a: Gliscor|310/354 tox|[from] Stealth Rock
|move|p2a: Gliscor|Ice Fang|p1a: Gliscor
|-supereffective|p1a: Gliscor
|-damage|p1a: Gliscor|178/354 tox
|
|-weather|RainDance|[upkeep]
|-heal|p1a: Gliscor|222/354 tox|[from] ability: Poison Heal
|turn|24
|
|move|p1a: Gliscor|Protect|p1a: Gliscor
|-singleturn|p1a: Gliscor|Protect
|move|p2a: Gliscor|Ice Fang|p1a: Gliscor
|-activate|p1a: Gliscor|Protect
|
|-weather|RainDance|[upkeep]
|-heal|p1a: Gliscor|266/354 tox|[from] ability: Poison Heal
|turn|25
|
|switch|p1a: Mamoswine|Mamoswine, M|424/424
|-damage|p1a: Mamoswine|371/424|[from] Stealth Rock
|move|p2a: Gliscor|Earthquake|p1a: Mamoswine
|-damage|p1a: Mamoswine|232/424
|
|-weather|RainDance|[upkeep]
|turn|26
|
|switch|p2a: Ferrothorn|Ferrothorn, F, shiny|351/351
|-damage|p2a: Ferrothorn|330/351|[from] Stealth Rock
|move|p1a: Mamoswine|Earthquake|p2a: Ferrothorn
|-damage|p2a: Ferrothorn|116/351
|-damage|p1a: Mamoswine|190/424|[from] item: Life Orb
|
|-weather|RainDance|[upkeep]
|-heal|p2a: Ferrothorn|137/351|[from] item: Leftovers
|turn|27
|
|switch|p2a: Gliscor|Gliscor, F, shiny|354/354 tox
|-damage|p2a: Gliscor|310/354 tox|[from] Stealth Rock
|move|p1a: Mamoswine|Earthquake|p2a: Gliscor
|-immune|p2a: Gliscor|[msg]
|
|-weather|RainDance|[upkeep]
|-heal|p2a: Gliscor|354/354 tox|[from] ability: Poison Heal
|turn|28
|
|move|p2a: Gliscor|Protect|p2a: Gliscor
|-singleturn|p2a: Gliscor|Protect
|move|p1a: Mamoswine|Earthquake|p2a: Gliscor
|-immune|p2a: Gliscor|[msg]
|
|-weather|RainDance|[upkeep]
|turn|29
|
|move|p1a: Mamoswine|Ice Shard|p2a: Gliscor
|-supereffective|p2a: Gliscor
|-damage|p2a: Gliscor|84/354 tox
|-damage|p1a: Mamoswine|148/424|[from] item: Life Orb
|move|p2a: Gliscor|Substitute|p2a: Gliscor
|-fail|p2a: Gliscor|move: Substitute|[weak]
|
|-weather|RainDance|[upkeep]
|-heal|p2a: Gliscor|128/354 tox|[from] ability: Poison Heal
|turn|30
|
|move|p2a: Gliscor|Protect|p2a: Gliscor
|-singleturn|p2a: Gliscor|Protect
|move|p1a: Mamoswine|Earthquake|p2a: Gliscor
|-immune|p2a: Gliscor|[msg]
|
|-weather|RainDance|[upkeep]
|-heal|p2a: Gliscor|172/354 tox|[from] ability: Poison Heal
|turn|31
|
|switch|p2a: Tentacruel|Tentacruel, F, shiny|363/364
|-damage|p2a: Tentacruel|318/364|[from] Stealth Rock
|move|p1a: Mamoswine|Earthquake|p2a: Tentacruel
|-supereffective|p2a: Tentacruel
|-damage|p2a: Tentacruel|0 fnt
|-damage|p1a: Mamoswine|106/424|[from] item: Life Orb
|faint|p2a: Tentacruel
|
|-weather|RainDance|[upkeep]
|
|switch|p2a: Politoed|Politoed, F, shiny|36/384 brn
|-damage|p2a: Politoed|0 fnt|[from] Stealth Rock
|faint|p2a: Politoed
|
|switch|p2a: Ferrothorn|Ferrothorn, F, shiny|137/351
|-damage|p2a: Ferrothorn|116/351|[from] Stealth Rock
|turn|32
|
|switch|p2a: Gliscor|Gliscor, F, shiny|172/354 tox
|-damage|p2a: Gliscor|128/354 tox|[from] Stealth Rock
|move|p1a: Mamoswine|Earthquake|p2a: Gliscor
|-immune|p2a: Gliscor|[msg]
|
|-weather|RainDance|[upkeep]
|-heal|p2a: Gliscor|172/354 tox|[from] ability: Poison Heal
|turn|33
|
|move|p2a: Gliscor|Protect|p2a: Gliscor
|-singleturn|p2a: Gliscor|Protect
|move|p1a: Mamoswine|Ice Shard|p2a: Gliscor
|-activate|p2a: Gliscor|Protect
|
|-weather|RainDance|[upkeep]
|-heal|p2a: Gliscor|216/354 tox|[from] ability: Poison Heal
|turn|34
|
|move|p1a: Mamoswine|Ice Shard|p2a: Gliscor
|-supereffective|p2a: Gliscor
|-damage|p2a: Gliscor|0 fnt
|-damage|p1a: Mamoswine|64/424|[from] item: Life Orb
|faint|p2a: Gliscor
|
|-weather|RainDance|[upkeep]
|chat|Draigon|gg
|chat|immatureprick|you will have to wait a little before you win,ok bro?
|chat|Draigon|ok
|
|switch|p2a: Ferrothorn|Ferrothorn, F, shiny|116/351
|-damage|p2a: Ferrothorn|95/351|[from] Stealth Rock
|turn|35
|
|move|p1a: Mamoswine|Earthquake|p2a: Ferrothorn
|-damage|p2a: Ferrothorn|0 fnt
|-damage|p1a: Mamoswine|22/424|[from] item: Life Orb
|faint|p2a: Ferrothorn
|
|win|Draigon
|raw|Ladder updating...
|raw|Draigon's rating: 1468 &rarr; <strong>1488</strong><br />(+20 for winning)
|raw|immatureprick's rating: 1455 &rarr; <strong>1436</strong><br />(-19 for losing)
|chat|immatureprick|noob
|chat|Draigon|how?