|j|☆daddy_days2
|j|☆Novice by Nature
|t:|1739577488
|gametype|singles
|player|p1|daddy_days2|hugh|1383
|player|p2|Novice by Nature|yellow|1330
|teamsize|p1|6
|teamsize|p2|6
|gen|5
|tier|[Gen 5] OU
|rated|
|rule|Species Clause: Limit one of each Pokémon
|rule|OHKO Clause: OHKO moves are banned
|rule|Moody Clause: Moody is banned
|rule|Evasion Items Clause: Evasion items are banned
|rule|Evasion Moves Clause: Evasion moves are banned
|rule|Endless Battle Clause: Forcing endless battles is banned
|rule|HP Percentage Mod: HP is shown in percentages
|rule|Evasion Abilities Clause: Evasion abilities are banned
|rule|Sleep Moves Clause: Sleep-inducing moves are banned
|rule|Swagger Clause: Swagger is banned
|rule|Baton Pass Stat Clause: No Baton Passer may have a way to boost its stats
|clearpoke
|poke|p1|Kyurem-Black|item
|poke|p1|Garchomp, M|item
|poke|p1|Conkeldurr, F|item
|poke|p1|Starmie|item
|poke|p1|Bisharp, F|item
|poke|p1|Scyther, M|item
|poke|p2|Garchomp, M|item
|poke|p2|Volcarona, F|item
|poke|p2|Dragonite, M|item
|poke|p2|Breloom, M|item
|poke|p2|Starmie|item
|poke|p2|Scizor, M|item
|teampreview
|inactive|Battle timer is ON: inactive players will automatically lose when time's up. (requested by daddy_days2)
|inactive|Novice by Nature has 120 seconds left.
|
|t:|1739577576
|start
|switch|p1a: Painkiller|Garchomp, M|100/100
|switch|p2a: Garchomp|Garchomp, M|100/100
|turn|1
|
|t:|1739577582
|move|p2a: Garchomp|Stealth Rock|p1a: Painkiller
|-sidestart|p1: daddy_days2|move: Stealth Rock
|move|p1a: Painkiller|Stealth Rock|p2a: Garchomp
|-sidestart|p2: Novice by Nature|move: Stealth Rock
|
|upkeep
|turn|2
|
|t:|1739577588
|move|p2a: Garchomp|Earthquake|p1a: Painkiller
|-damage|p1a: Painkiller|70/100
|move|p1a: Painkiller|Dragon Tail|p2a: Garchomp
|-supereffective|p2a: Garchomp
|-damage|p2a: Garchomp|45/100
|-damage|p1a: Painkiller|58/100|[from] ability: Rough Skin|[of] p2a: Garchomp
|drag|p2a: Breloom|Breloom, M|100/100
|-damage|p2a: Breloom|94/100|[from] Stealth Rock
|
|upkeep
|turn|3
|
|t:|1739577600
|move|p2a: Breloom|Bullet Seed|p1a: Painkiller
|-damage|p1a: Painkiller|41/100
|-crit|p1a: Painkiller
|-damage|p1a: Painkiller|6/100
|-damage|p1a: Painkiller|0 fnt
|faint|p1a: Painkiller
|-hitcount|p1: Painkiller|3
|-damage|p2a: Breloom|84/100|[from] item: Life Orb
|
|upkeep
|
|t:|1739577612
|switch|p1a: Starlight|Starmie|100/100
|-damage|p1a: Starlight|88/100|[from] Stealth Rock
|turn|4
|
|t:|1739577619
|switch|p2a: Scizor|Scizor, M|100/100
|-damage|p2a: Scizor|88/100|[from] Stealth Rock
|move|p1a: Starlight|Rapid Spin|p2a: Scizor
|-resisted|p2a: Scizor
|-damage|p2a: Scizor|86/100
|-sideend|p1: daddy_days2|Stealth Rock|[from] move: Rapid Spin|[of] p1a: Starlight
|
|-heal|p1a: Starlight|94/100|[from] item: Leftovers
|upkeep
|turn|5
|
|t:|1739577633
|move|p1a: Starlight|Hydro Pump|p2a: Scizor
|-damage|p2a: Scizor|25/100
|move|p2a: Scizor|Pursuit|p1a: Starlight
|-supereffective|p1a: Starlight
|-damage|p1a: Starlight|22/100
|-damage|p2a: Scizor|15/100|[from] item: Life Orb
|
|-heal|p1a: Starlight|28/100|[from] item: Leftovers
|upkeep
|turn|6
|
|t:|1739577644
|switch|p1a: Adolf|Bisharp, F|100/100
|-item|p1a: Adolf|Air Balloon
|move|p2a: Scizor|Bullet Punch|p1a: Adolf
|-resisted|p1a: Adolf
|-damage|p1a: Adolf|77/100
|-enditem|p1a: Adolf|Air Balloon
|-damage|p2a: Scizor|5/100|[from] item: Life Orb
|
|upkeep
|turn|7
|
|t:|1739577654
|move|p2a: Scizor|Bullet Punch|p1a: Adolf
|-resisted|p1a: Adolf
|-damage|p1a: Adolf|52/100
|-damage|p2a: Scizor|0 fnt|[from] item: Life Orb
|faint|p2a: Scizor
|move|p1a: Adolf|Sucker Punch|p2: Scizor|[notarget]
|-fail|p1a: Adolf
|
|upkeep
|
|t:|1739577664
|switch|p2a: Breloom|Breloom, M|84/100
|-damage|p2a: Breloom|78/100|[from] Stealth Rock
|turn|8
|
|t:|1739577668
|switch|p1a: Blade|Scyther, M|100/100
|move|p2a: Breloom|Low Sweep|p1a: Blade
|-resisted|p1a: Blade
|-damage|p1a: Blade|76/100
|-unboost|p1a: Blade|spe|1
|-damage|p2a: Breloom|68/100|[from] item: Life Orb
|
|upkeep
|turn|9
|
|t:|1739577683
|switch|p2a: Garchomp|Garchomp, M|45/100
|-damage|p2a: Garchomp|39/100|[from] Stealth Rock
|move|p1a: Blade|U-turn|p2a: Garchomp
|-damage|p2a: Garchomp|2/100
|-damage|p1a: Blade|63/100|[from] ability: Rough Skin|[of] p2a: Garchomp
|
|t:|1739577706
|switch|p1a: Starlight|Starmie|28/100|[from] U-turn
|
|-heal|p1a: Starlight|34/100|[from] item: Leftovers
|upkeep
|turn|10
|
|t:|1739577713
|move|p1a: Starlight|Rapid Spin|p2a: Garchomp
|-damage|p2a: Garchomp|0 fnt
|-damage|p1a: Starlight|22/100|[from] ability: Rough Skin|[of] p2a: Garchomp
|faint|p2a: Garchomp
|
|-heal|p1a: Starlight|28/100|[from] item: Leftovers
|upkeep
|
|t:|1739577716
|switch|p2a: Starmie|Starmie|100/100
|-damage|p2a: Starmie|88/100|[from] Stealth Rock
|-item|p2a: Starmie|Air Balloon
|turn|11
|
|t:|1739577725
|move|p1a: Starlight|Psyshock|p2a: Starmie
|-resisted|p2a: Starmie
|-damage|p2a: Starmie|66/100
|-enditem|p2a: Starmie|Air Balloon
|move|p2a: Starmie|Rapid Spin|p1a: Starlight
|-damage|p1a: Starlight|23/100
|-sideend|p2: Novice by Nature|Stealth Rock|[from] move: Rapid Spin|[of] p2a: Starmie
|
|-heal|p1a: Starlight|29/100|[from] item: Leftovers
|upkeep
|turn|12
|
|t:|1739577738
|switch|p1a: Adolf|Bisharp, F|52/100
|move|p2a: Starmie|Thunderbolt|p1a: Adolf
|-damage|p1a: Adolf|0 fnt
|faint|p1a: Adolf
|
|upkeep
|
|t:|1739577746
|switch|p1a: Blade|Scyther, M|63/100
|turn|13
|
|t:|1739577750
|move|p1a: Blade|U-turn|p2a: Starmie
|-supereffective|p2a: Starmie
|-damage|p2a: Starmie|0 fnt
|faint|p2a: Starmie
|
|t:|1739577762
|switch|p1a: Starlight|Starmie|29/100|[from] U-turn
|
|-heal|p1a: Starlight|35/100|[from] item: Leftovers
|upkeep
|
|t:|1739577771
|switch|p2a: Dragonite|Dragonite, M|100/100
|turn|14
|
|t:|1739577774
|move|p1a: Starlight|Thunder Wave|p2a: Dragonite
|-status|p2a: Dragonite|par
|-enditem|p2a: Dragonite|Lum Berry|[eat]
|-curestatus|p2a: Dragonite|par|[msg]
|move|p2a: Dragonite|Dragon Dance|p2a: Dragonite
|-boost|p2a: Dragonite|atk|1
|-boost|p2a: Dragonite|spe|1
|
|-heal|p1a: Starlight|41/100|[from] item: Leftovers
|upkeep
|turn|15
|
|t:|1739577786
|move|p2a: Dragonite|Extreme Speed|p1a: Starlight
|-damage|p1a: Starlight|0 fnt
|faint|p1a: Starlight
|
|upkeep
|
|t:|1739577794
|switch|p1a: Shrekster|Conkeldurr, F|100/100
|turn|16
|
|t:|1739577803
|move|p2a: Dragonite|Outrage|p1a: Shrekster
|-damage|p1a: Shrekster|16/100
|move|p1a: Shrekster|Ice Punch|p2a: Dragonite
|-supereffective|p2a: Dragonite
|-damage|p2a: Dragonite|27/100
|
|-heal|p1a: Shrekster|23/100|[from] item: Leftovers
|upkeep
|turn|17
|
|t:|1739577815
|move|p1a: Shrekster|Mach Punch|p2a: Dragonite
|-resisted|p2a: Dragonite
|-damage|p2a: Dragonite|12/100
|move|p2a: Dragonite|Outrage|p1a: Shrekster|[from] lockedmove
|-damage|p1a: Shrekster|0 fnt
|faint|p1a: Shrekster
|
|upkeep
|
|t:|1739577824
|switch|p1a: Blade|Scyther, M|63/100
|turn|18
|
|t:|1739577827
|move|p1a: Blade|Aerial Ace|p2a: Dragonite
|-damage|p2a: Dragonite|0 fnt
|faint|p2a: Dragonite
|
|upkeep
|
|t:|1739577830
|switch|p2a: Volcarona|Volcarona, F|100/100
|turn|19
|
|t:|1739577836
|move|p1a: Blade|Aerial Ace|p2a: Volcarona
|-supereffective|p2a: Volcarona
|-damage|p2a: Volcarona|0 fnt
|-status|p1a: Blade|brn|[from] ability: Flame Body|[of] p2a: Volcarona
|faint|p2a: Volcarona
|
|-damage|p1a: Blade|51/100 brn|[from] brn
|upkeep
|
|t:|1739577840
|switch|p2a: Breloom|Breloom, M|68/100
|turn|20
|
|t:|1739577846
|move|p1a: Blade|Aerial Ace|p2a: Breloom
|-supereffective|p2a: Breloom
|-crit|p2a: Breloom
|-damage|p2a: Breloom|0 fnt
|faint|p2a: Breloom
|
|win|daddy_days2
|raw|daddy_days2's rating: 1383 &rarr; <strong>1400</strong><br />(+17 for winning)
|raw|Novice by Nature's rating: 1330 &rarr; <strong>1313</strong><br />(-17 for losing)
|l|☆Novice by Nature
|player|p2|
|c|☆daddy_days2|gg
