|j|☆LurkingGenius
|j|☆leoperi99
|t:|1711137822
|gametype|singles
|player|p1|LurkingGenius|2|1379
|player|p2|leoperi99|red-gen2|1333
|teamsize|p1|6
|teamsize|p2|6
|gen|5
|tier|[Gen 5] OU
|rated|
|rule|Species Clause: Limit one of each Pokémon
|rule|OHKO Clause: OHKO moves are banned
|rule|Moody Clause: Moody is banned
|rule|Evasion Items Clause: Evasion items are banned
|rule|Evasion Moves Clause: Evasion moves are banned
|rule|Endless Battle Clause: Forcing endless battles is banned
|rule|HP Percentage Mod: HP is shown in percentages
|rule|Evasion Abilities Clause: Evasion abilities are banned
|rule|Sleep Moves Clause: Sleep-inducing moves are banned
|rule|Swagger Clause: Swagger is banned
|rule|Baton Pass Stat Clause: No Baton Passer may have a way to boost its stats
|clearpoke
|poke|p1|Garchomp, M|item
|poke|p1|Volcarona, F|item
|poke|p1|Dragonite, M|item
|poke|p1|Breloom, M|item
|poke|p1|Starmie|item
|poke|p1|Scizor, F|item
|poke|p2|Abomasnow, F|item
|poke|p2|Donphan, F|item
|poke|p2|Kyurem|item
|poke|p2|Slowking, F|item
|poke|p2|Skarmory, M|item
|poke|p2|Latios, M|item
|teampreview
|inactive|Battle timer is ON: inactive players will automatically lose when time's up. (requested by LurkingGenius)
|inactive|LurkingGenius has 120 seconds left.
|inactive|leoperi99 has 120 seconds left.
|
|t:|1711137866
|start
|switch|p1a: Volcarona|Volcarona, F|100/100
|switch|p2a: Donphan|Donphan, F|100/100
|turn|1
|
|t:|1711137884
|switch|p1a: Starmie|Starmie|100/100
|-item|p1a: Starmie|Air Balloon
|move|p2a: Donphan|Stealth Rock|p1a: Starmie
|-sidestart|p1: LurkingGenius|move: Stealth Rock
|
|upkeep
|turn|2
|
|t:|1711137896
|switch|p2a: Abomasnow|Abomasnow, F, shiny|100/100
|-weather|Hail|[from] ability: Snow Warning|[of] p2a: Abomasnow
|move|p1a: Starmie|Rapid Spin|p2a: Abomasnow
|-damage|p2a: Abomasnow|98/100
|-sideend|p1: LurkingGenius|Stealth Rock|[from] move: Rapid Spin|[of] p1a: Starmie
|
|-weather|Hail|[upkeep]
|-damage|p1a: Starmie|94/100|[from] Hail
|-heal|p2a: Abomasnow|100/100|[from] item: Leftovers
|upkeep
|turn|3
|
|t:|1711137920
|switch|p1a: Breloom|Breloom, M|100/100
|move|p2a: Abomasnow|Giga Drain|p1a: Breloom
|-resisted|p1a: Breloom
|-damage|p1a: Breloom|70/100
|
|-weather|Hail|[upkeep]
|-damage|p1a: Breloom|64/100|[from] Hail
|upkeep
|turn|4
|
|t:|1711137925
|switch|p2a: Skarmory|Skarmory, M|100/100
|move|p1a: Breloom|Low Sweep|p2a: Skarmory
|-damage|p2a: Skarmory|62/100
|-unboost|p2a: Skarmory|spe|1
|
|-weather|Hail|[upkeep]
|-damage|p1a: Breloom|58/100|[from] Hail
|-damage|p2a: Skarmory|56/100|[from] Hail
|-heal|p2a: Skarmory|62/100|[from] item: Leftovers
|upkeep
|turn|5
|
|t:|1711137932
|switch|p1a: Volcarona|Volcarona, F|100/100
|move|p2a: Skarmory|Roost|p2a: Skarmory
|-heal|p2a: Skarmory|100/100
|-singleturn|p2a: Skarmory|move: Roost
|
|-weather|Hail|[upkeep]
|-damage|p1a: Volcarona|94/100|[from] Hail
|-damage|p2a: Skarmory|95/100|[from] Hail
|-heal|p2a: Skarmory|100/100|[from] item: Leftovers
|upkeep
|turn|6
|
|t:|1711137937
|move|p1a: Volcarona|Fiery Dance|p2a: Skarmory
|-supereffective|p2a: Skarmory
|-crit|p2a: Skarmory
|-ability|p2a: Skarmory|Sturdy
|-damage|p2a: Skarmory|1/100
|-boost|p1a: Volcarona|spa|1
|move|p2a: Skarmory|Brave Bird|p1a: Volcarona
|-supereffective|p1a: Volcarona
|-damage|p1a: Volcarona|0 fnt
|faint|p1a: Volcarona
|-damage|p2a: Skarmory|0 fnt|[from] Recoil
|faint|p2a: Skarmory
|
|-weather|Hail|[upkeep]
|upkeep
|
|t:|1711137949
|switch|p1a: Breloom|Breloom, M|58/100
|switch|p2a: Abomasnow|Abomasnow, F, shiny|100/100
|turn|7
|
|t:|1711137952
|move|p2a: Abomasnow|Protect|p2a: Abomasnow
|-singleturn|p2a: Abomasnow|Protect
|move|p1a: Breloom|Mach Punch|p2a: Abomasnow
|-activate|p2a: Abomasnow|move: Protect
|
|-weather|Hail|[upkeep]
|-damage|p1a: Breloom|52/100|[from] Hail
|upkeep
|turn|8
|
|t:|1711137963
|switch|p1a: Scizor|Scizor, F|100/100
|switch|p2a: Latios|Latios, M|100/100
|
|-weather|Hail|[upkeep]
|-damage|p2a: Latios|95/100|[from] Hail
|-damage|p1a: Scizor|94/100|[from] Hail
|upkeep
|turn|9
|
|t:|1711137970
|move|p2a: Latios|Trick|p1a: Scizor
|-activate|p2a: Latios|move: Trick|[of] p1a: Scizor
|-item|p1a: Scizor|Choice Scarf|[from] move: Trick
|-item|p2a: Latios|Life Orb|[from] move: Trick
|move|p1a: Scizor|Pursuit|p2a: Latios
|-supereffective|p2a: Latios
|-damage|p2a: Latios|30/100
|
|-weather|Hail|[upkeep]
|-damage|p2a: Latios|24/100|[from] Hail
|-damage|p1a: Scizor|88/100|[from] Hail
|upkeep
|turn|10
|
|t:|1711137974
|move|p2a: Latios|Draco Meteor|p1a: Scizor
|-resisted|p1a: Scizor
|-damage|p1a: Scizor|18/100
|-unboost|p2a: Latios|spa|2
|-damage|p2a: Latios|14/100|[from] item: Life Orb
|move|p1a: Scizor|Pursuit|p2a: Latios
|-supereffective|p2a: Latios
|-damage|p2a: Latios|0 fnt
|faint|p2a: Latios
|
|-weather|Hail|[upkeep]
|-damage|p1a: Scizor|12/100|[from] Hail
|upkeep
|
|t:|1711137995
|switch|p2a: Donphan|Donphan, F|100/100
|turn|11
|
|t:|1711137998
|switch|p1a: Starmie|Starmie|94/100
|-item|p1a: Starmie|Air Balloon
|move|p2a: Donphan|Stealth Rock|p1a: Starmie
|-sidestart|p1: LurkingGenius|move: Stealth Rock
|
|-weather|Hail|[upkeep]
|-damage|p1a: Starmie|88/100|[from] Hail
|-damage|p2a: Donphan|94/100|[from] Hail
|-heal|p2a: Donphan|100/100|[from] item: Leftovers
|upkeep
|turn|12
|
|t:|1711138002
|switch|p2a: Abomasnow|Abomasnow, F, shiny|100/100
|move|p1a: Starmie|Rapid Spin|p2a: Abomasnow
|-damage|p2a: Abomasnow|98/100
|-sideend|p1: LurkingGenius|Stealth Rock|[from] move: Rapid Spin|[of] p1a: Starmie
|
|-weather|Hail|[upkeep]
|-damage|p1a: Starmie|82/100|[from] Hail
|-heal|p2a: Abomasnow|100/100|[from] item: Leftovers
|upkeep
|turn|13
|
|t:|1711138022
|switch|p1a: Scizor|Scizor, F|12/100
|move|p2a: Abomasnow|Blizzard|p1a: Scizor
|-resisted|p1a: Scizor
|-damage|p1a: Scizor|0 fnt
|faint|p1a: Scizor
|
|-weather|Hail|[upkeep]
|upkeep
|
|t:|1711138026
|switch|p1a: Breloom|Breloom, M|52/100
|turn|14
|
|t:|1711138031
|switch|p2a: Slowking|Slowking, F, shiny|100/100
|move|p1a: Breloom|Mach Punch|p2a: Slowking
|-resisted|p2a: Slowking
|-damage|p2a: Slowking|79/100
|
|-weather|Hail|[upkeep]
|-damage|p1a: Breloom|46/100|[from] Hail
|-damage|p2a: Slowking|73/100|[from] Hail
|-heal|p2a: Slowking|79/100|[from] item: Leftovers
|upkeep
|turn|15
|
|t:|1711138036
|switch|p1a: Garchomp|Garchomp, M|100/100
|move|p2a: Slowking|Psychic|p1a: Garchomp
|-damage|p1a: Garchomp|65/100
|
|-weather|Hail|[upkeep]
|-damage|p1a: Garchomp|59/100|[from] Hail
|-damage|p2a: Slowking|73/100|[from] Hail
|-heal|p2a: Slowking|79/100|[from] item: Leftovers
|upkeep
|turn|16
|
|t:|1711138040
|switch|p2a: Donphan|Donphan, F|100/100
|move|p1a: Garchomp|Stealth Rock|p2a: Donphan
|-sidestart|p2: leoperi99|move: Stealth Rock
|
|-weather|Hail|[upkeep]
|-damage|p1a: Garchomp|53/100|[from] Hail
|-damage|p2a: Donphan|94/100|[from] Hail
|-heal|p2a: Donphan|100/100|[from] item: Leftovers
|upkeep
|turn|17
|
|t:|1711138049
|move|p1a: Garchomp|Dragon Claw|p2a: Donphan
|-damage|p2a: Donphan|69/100
|move|p2a: Donphan|Rapid Spin|p1a: Garchomp
|-damage|p1a: Garchomp|47/100
|-damage|p2a: Donphan|57/100|[from] ability: Rough Skin|[of] p1a: Garchomp
|-sideend|p2: leoperi99|Stealth Rock|[from] move: Rapid Spin|[of] p2a: Donphan
|
|-weather|Hail|[upkeep]
|-damage|p1a: Garchomp|41/100|[from] Hail
|-damage|p2a: Donphan|50/100|[from] Hail
|-heal|p2a: Donphan|57/100|[from] item: Leftovers
|upkeep
|turn|18
|
|t:|1711138054
|move|p1a: Garchomp|Stealth Rock|p2a: Donphan
|-sidestart|p2: leoperi99|move: Stealth Rock
|move|p2a: Donphan|Stealth Rock|p1a: Garchomp
|-sidestart|p1: LurkingGenius|move: Stealth Rock
|
|-weather|Hail|[upkeep]
|-damage|p1a: Garchomp|34/100|[from] Hail
|-damage|p2a: Donphan|50/100|[from] Hail
|-heal|p2a: Donphan|57/100|[from] item: Leftovers
|upkeep
|turn|19
|
|t:|1711138057
|move|p1a: Garchomp|Dragon Claw|p2a: Donphan
|-damage|p2a: Donphan|26/100
|move|p2a: Donphan|Rapid Spin|p1a: Garchomp
|-damage|p1a: Garchomp|28/100
|-damage|p2a: Donphan|14/100|[from] ability: Rough Skin|[of] p1a: Garchomp
|-sideend|p2: leoperi99|Stealth Rock|[from] move: Rapid Spin|[of] p2a: Donphan
|
|-weather|Hail|[upkeep]
|-damage|p1a: Garchomp|22/100|[from] Hail
|-damage|p2a: Donphan|8/100|[from] Hail
|-heal|p2a: Donphan|14/100|[from] item: Leftovers
|upkeep
|turn|20
|
|t:|1711138072
|move|p1a: Garchomp|Stealth Rock|p2a: Donphan
|-sidestart|p2: leoperi99|move: Stealth Rock
|move|p2a: Donphan|Earthquake|p1a: Garchomp
|-damage|p1a: Garchomp|0 fnt
|faint|p1a: Garchomp
|
|-weather|Hail|[upkeep]
|-damage|p2a: Donphan|8/100|[from] Hail
|-heal|p2a: Donphan|14/100|[from] item: Leftovers
|upkeep
|
|t:|1711138074
|switch|p1a: Starmie|Starmie|82/100
|-damage|p1a: Starmie|70/100|[from] Stealth Rock
|-item|p1a: Starmie|Air Balloon
|turn|21
|
|t:|1711138077
|move|p1a: Starmie|Rapid Spin|p2a: Donphan
|-damage|p2a: Donphan|12/100
|-sideend|p1: LurkingGenius|Stealth Rock|[from] move: Rapid Spin|[of] p1a: Starmie
|move|p2a: Donphan|Rapid Spin|p1a: Starmie
|-damage|p1a: Starmie|60/100
|-enditem|p1a: Starmie|Air Balloon
|-sideend|p2: leoperi99|Stealth Rock|[from] move: Rapid Spin|[of] p2a: Donphan
|
|-weather|Hail|[upkeep]
|-damage|p1a: Starmie|53/100|[from] Hail
|-damage|p2a: Donphan|5/100|[from] Hail
|-heal|p2a: Donphan|12/100|[from] item: Leftovers
|upkeep
|turn|22
|
|t:|1711138080
|move|p1a: Starmie|Ice Beam|p2a: Donphan
|-supereffective|p2a: Donphan
|-damage|p2a: Donphan|0 fnt
|faint|p2a: Donphan
|
|-weather|Hail|[upkeep]
|-damage|p1a: Starmie|47/100|[from] Hail
|upkeep
|
|t:|1711138085
|switch|p2a: Abomasnow|Abomasnow, F, shiny|100/100
|turn|23
|
|t:|1711138087
|move|p1a: Starmie|Thunderbolt|p2a: Abomasnow
|-resisted|p2a: Abomasnow
|-damage|p2a: Abomasnow|86/100
|move|p2a: Abomasnow|Giga Drain|p1a: Starmie
|-supereffective|p1a: Starmie
|-damage|p1a: Starmie|0 fnt
|-heal|p2a: Abomasnow|100/100|[from] drain|[of] p1a: Starmie
|faint|p1a: Starmie
|
|-weather|Hail|[upkeep]
|upkeep
|
|t:|1711138090
|switch|p1a: Dragonite|Dragonite, M|100/100
|turn|24
|
|t:|1711138094
|move|p1a: Dragonite|Fire Punch|p2a: Abomasnow
|-supereffective|p2a: Abomasnow
|-damage|p2a: Abomasnow|0 fnt
|faint|p2a: Abomasnow
|
|-weather|Hail|[upkeep]
|-damage|p1a: Dragonite|94/100|[from] Hail
|-heal|p1a: Dragonite|100/100|[from] item: Leftovers
|upkeep
|
|t:|1711138096
|switch|p2a: Latios but cooler|Kyurem, shiny|100/100
|-ability|p2a: Latios but cooler|Pressure
|turn|25
|
|t:|1711138112
|move|p2a: Latios but cooler|Blizzard|p1a: Dragonite
|-supereffective|p1a: Dragonite
|-damage|p1a: Dragonite|0 fnt
|faint|p1a: Dragonite
|
|-weather|Hail|[upkeep]
|upkeep
|
|t:|1711138114
|switch|p1a: Breloom|Breloom, M|46/100
|turn|26
|
|t:|1711138116
|move|p1a: Breloom|Mach Punch|p2a: Latios but cooler
|-supereffective|p2a: Latios but cooler
|-damage|p2a: Latios but cooler|5/100
|move|p2a: Latios but cooler|Blizzard|p1a: Breloom
|-supereffective|p1a: Breloom
|-damage|p1a: Breloom|0 fnt
|faint|p1a: Breloom
|
|win|leoperi99
|raw|LurkingGenius's rating: 1379 &rarr; <strong>1356</strong><br />(-23 for losing)
|raw|leoperi99's rating: 1333 &rarr; <strong>1356</strong><br />(+23 for winning)
|c|☆leoperi99|gg
|c|☆leoperi99|choice band?
|l|☆LurkingGenius
|player|p1|
