|j|☆refsunpersons(...)
|j|☆Roballo
|player|p1|refsunpersons(...)|bruno-gen3
|player|p2|Roballo|53
|teamsize|p1|6
|teamsize|p2|6
|gametype|singles
|gen|5
|tier|[Gen 5] OU
|rated|
|rule|Sleep Clause Mod: Limit one foe put to sleep
|rule|Species Clause: Limit one of each Pokémon
|rule|OHKO Clause: OHKO moves are banned
|rule|Moody Clause: Moody is banned
|rule|Evasion Moves Clause: Evasion moves are banned
|rule|Endless Battle Clause: Forcing endless battles is banned
|rule|HP Percentage Mod: HP is shown in percentages
|rule|Evasion Abilities Clause: Evasion abilities are banned
|rule|Baton Pass Clause: Limit one Baton Passer, can't pass Spe and other stats simultaneously
|rule|Swagger Clause: Swagger is banned
|clearpoke
|poke|p1|Politoed, M|item
|poke|p1|Ferrothorn, F|item
|poke|p1|Keldeo|item
|poke|p1|Tentacruel, M|item
|poke|p1|Scizor, M|item
|poke|p1|Latias, F|item
|poke|p2|Politoed, F|item
|poke|p2|Skarmory, F|item
|poke|p2|Ferrothorn, F|item
|poke|p2|Tentacruel, M|item
|poke|p2|Chansey, F|item
|poke|p2|Gliscor, M|item
|teampreview
|c|☆refsunpersons(...)|gl hf
|c|☆Roballo|gl
|
|start
|switch|p1a: GOD HAND SLAN|Ferrothorn, F|100/100
|switch|p2a: Ferrothorn|Ferrothorn, F|100/100
|turn|1
|
|move|p2a: Ferrothorn|Stealth Rock|p1a: GOD HAND SLAN
|-sidestart|p1: refsunpersons(...)|move: Stealth Rock
|move|p1a: GOD HAND SLAN|Spikes|p2a: Ferrothorn
|-sidestart|p2: Roballo|Spikes
|
|upkeep
|turn|2
|
|switch|p2a: Gliscor|Gliscor, M|100/100
|move|p1a: GOD HAND SLAN|Stealth Rock|p2a: Gliscor
|-sidestart|p2: Roballo|move: Stealth Rock
|
|-status|p2a: Gliscor|tox|[from] item: Toxic Orb
|upkeep
|turn|3
|
|switch|p1a: Cupcakes|Keldeo|100/100
|-damage|p1a: Cupcakes|94/100|[from] Stealth Rock
|move|p2a: Gliscor|Substitute|p2a: Gliscor
|-start|p2a: Gliscor|Substitute
|-damage|p2a: Gliscor|76/100 tox
|
|-heal|p2a: Gliscor|88/100 tox|[from] ability: Poison Heal
|upkeep
|turn|4
|
|switch|p1a: TORMENTOR OBELISK|Tentacruel, M|100/100
|-damage|p1a: TORMENTOR OBELISK|88/100|[from] Stealth Rock
|move|p2a: Gliscor|Toxic|p1a: TORMENTOR OBELISK
|-immune|p1a: TORMENTOR OBELISK
|
|-heal|p1a: TORMENTOR OBELISK|94/100|[from] item: Black Sludge
|-heal|p2a: Gliscor|100/100 tox|[from] ability: Poison Heal
|upkeep
|turn|5
|
|switch|p1a: Slugcat|Politoed, M|100/100
|-damage|p1a: Slugcat|88/100|[from] Stealth Rock
|-weather|RainDance|[from] ability: Drizzle|[of] p1a: Slugcat
|move|p2a: Gliscor|Earthquake|p1a: Slugcat
|-damage|p1a: Slugcat|61/100
|
|-weather|RainDance|[upkeep]
|-heal|p1a: Slugcat|67/100|[from] item: Leftovers
|upkeep
|turn|6
|
|move|p1a: Slugcat|Protect|p1a: Slugcat
|-singleturn|p1a: Slugcat|Protect
|move|p2a: Gliscor|Toxic|p1a: Slugcat
|-activate|p1a: Slugcat|move: Protect
|
|-weather|RainDance|[upkeep]
|-heal|p1a: Slugcat|73/100|[from] item: Leftovers
|upkeep
|turn|7
|
|move|p2a: Gliscor|Toxic|p1a: Slugcat
|-status|p1a: Slugcat|tox
|move|p1a: Slugcat|Scald|p2a: Gliscor
|-supereffective|p2a: Gliscor
|-end|p2a: Gliscor|Substitute
|
|-weather|RainDance|[upkeep]
|-heal|p1a: Slugcat|79/100 tox|[from] item: Leftovers
|-damage|p1a: Slugcat|73/100 tox|[from] psn
|upkeep
|turn|8
|
|switch|p2a: Tentacruel|Tentacruel, M|100/100
|-damage|p2a: Tentacruel|88/100|[from] Stealth Rock
|-damage|p2a: Tentacruel|76/100|[from] Spikes
|switch|p1a: TORMENTOR OBELISK|Tentacruel, M|94/100
|-damage|p1a: TORMENTOR OBELISK|82/100|[from] Stealth Rock
|
|-weather|RainDance|[upkeep]
|-heal|p1a: TORMENTOR OBELISK|88/100|[from] ability: Rain Dish
|-heal|p2a: Tentacruel|82/100|[from] ability: Rain Dish
|-heal|p1a: TORMENTOR OBELISK|94/100|[from] item: Black Sludge
|-heal|p2a: Tentacruel|88/100|[from] item: Leftovers
|upkeep
|turn|9
|
|move|p1a: TORMENTOR OBELISK|Scald|p2a: Tentacruel
|-resisted|p2a: Tentacruel
|-damage|p2a: Tentacruel|74/100
|-status|p2a: Tentacruel|brn
|move|p2a: Tentacruel|Rapid Spin|p1a: TORMENTOR OBELISK
|-damage|p1a: TORMENTOR OBELISK|93/100
|-sideend|p2: Roballo|Spikes|[from] move: Rapid Spin|[of] p2a: Tentacruel
|-sideend|p2: Roballo|Stealth Rock|[from] move: Rapid Spin|[of] p2a: Tentacruel
|
|-weather|RainDance|[upkeep]
|-heal|p1a: TORMENTOR OBELISK|99/100|[from] ability: Rain Dish
|-heal|p2a: Tentacruel|80/100 brn|[from] ability: Rain Dish
|-heal|p1a: TORMENTOR OBELISK|100/100|[from] item: Black Sludge
|-heal|p2a: Tentacruel|86/100 brn|[from] item: Leftovers
|-damage|p2a: Tentacruel|74/100 brn|[from] brn
|upkeep
|turn|10
|
|switch|p1a: GOD HAND SLAN|Ferrothorn, F|100/100
|-damage|p1a: GOD HAND SLAN|94/100|[from] Stealth Rock
|move|p2a: Tentacruel|Scald|p1a: GOD HAND SLAN
|-resisted|p1a: GOD HAND SLAN
|-damage|p1a: GOD HAND SLAN|83/100
|
|-weather|RainDance|[upkeep]
|-heal|p2a: Tentacruel|80/100 brn|[from] ability: Rain Dish
|-heal|p2a: Tentacruel|86/100 brn|[from] item: Leftovers
|-heal|p1a: GOD HAND SLAN|89/100|[from] item: Leftovers
|-damage|p2a: Tentacruel|74/100 brn|[from] brn
|upkeep
|turn|11
|
|move|p2a: Tentacruel|Scald|p1a: GOD HAND SLAN
|-resisted|p1a: GOD HAND SLAN
|-damage|p1a: GOD HAND SLAN|77/100
|move|p1a: GOD HAND SLAN|Power Whip|p2a: Tentacruel
|-damage|p2a: Tentacruel|41/100 brn
|
|-weather|RainDance|[upkeep]
|-heal|p2a: Tentacruel|47/100 brn|[from] ability: Rain Dish
|-heal|p2a: Tentacruel|53/100 brn|[from] item: Leftovers
|-heal|p1a: GOD HAND SLAN|84/100|[from] item: Leftovers
|-damage|p2a: Tentacruel|41/100 brn|[from] brn
|upkeep
|turn|12
|
|switch|p2a: Chansey|Chansey, F|100/100
|move|p1a: GOD HAND SLAN|Stealth Rock|p2a: Chansey
|-sidestart|p2: Roballo|move: Stealth Rock
|
|-weather|RainDance|[upkeep]
|-heal|p1a: GOD HAND SLAN|90/100|[from] item: Leftovers
|upkeep
|turn|13
|
|move|p2a: Chansey|Aromatherapy|p2a: Chansey
|-activate|p2a: Chansey|move: Aromatherapy
|-curestatus|p2: Gliscor|tox|[msg]
|-curestatus|p2: Tentacruel|brn|[msg]
|move|p1a: GOD HAND SLAN|Spikes|p2a: Chansey
|-sidestart|p2: Roballo|Spikes
|
|-weather|RainDance|[upkeep]
|-heal|p1a: GOD HAND SLAN|96/100|[from] item: Leftovers
|upkeep
|turn|14
|
|switch|p2a: Tentacruel|Tentacruel, M|41/100
|-damage|p2a: Tentacruel|29/100|[from] Stealth Rock
|-damage|p2a: Tentacruel|16/100|[from] Spikes
|switch|p1a: MYSTERIOUS GF X|Scizor, M|100/100
|-damage|p1a: MYSTERIOUS GF X|88/100|[from] Stealth Rock
|
|-weather|RainDance|[upkeep]
|-heal|p2a: Tentacruel|22/100|[from] ability: Rain Dish
|-heal|p2a: Tentacruel|28/100|[from] item: Leftovers
|upkeep
|turn|15
|
|move|p2a: Tentacruel|Scald|p1a: MYSTERIOUS GF X
|-damage|p1a: MYSTERIOUS GF X|40/100
|-status|p1a: MYSTERIOUS GF X|brn
|-enditem|p1a: MYSTERIOUS GF X|Lum Berry|[eat]
|-curestatus|p1a: MYSTERIOUS GF X|brn|[msg]
|move|p1a: MYSTERIOUS GF X|Swords Dance|p1a: MYSTERIOUS GF X
|-boost|p1a: MYSTERIOUS GF X|atk|2
|
|-weather|RainDance|[upkeep]
|-heal|p2a: Tentacruel|34/100|[from] ability: Rain Dish
|-heal|p2a: Tentacruel|40/100|[from] item: Leftovers
|upkeep
|turn|16
|
|move|p2a: Tentacruel|Protect|p2a: Tentacruel
|-singleturn|p2a: Tentacruel|Protect
|move|p1a: MYSTERIOUS GF X|Bullet Punch|p2a: Tentacruel
|-activate|p2a: Tentacruel|move: Protect
|
|-weather|RainDance|[upkeep]
|-heal|p2a: Tentacruel|46/100|[from] ability: Rain Dish
|-heal|p2a: Tentacruel|52/100|[from] item: Leftovers
|upkeep
|turn|17
|
|move|p1a: MYSTERIOUS GF X|Bullet Punch|p2a: Tentacruel
|-resisted|p2a: Tentacruel
|-damage|p2a: Tentacruel|21/100
|move|p2a: Tentacruel|Scald|p1a: MYSTERIOUS GF X
|-damage|p1a: MYSTERIOUS GF X|0 fnt
|faint|p1a: MYSTERIOUS GF X
|
|-weather|RainDance|[upkeep]
|-heal|p2a: Tentacruel|27/100|[from] ability: Rain Dish
|-heal|p2a: Tentacruel|33/100|[from] item: Leftovers
|upkeep
|
|switch|p1a: GOD HAND SLAN|Ferrothorn, F|96/100
|-damage|p1a: GOD HAND SLAN|90/100|[from] Stealth Rock
|turn|18
|
|move|p2a: Tentacruel|Rapid Spin|p1a: GOD HAND SLAN
|-resisted|p1a: GOD HAND SLAN
|-damage|p1a: GOD HAND SLAN|89/100
|-damage|p2a: Tentacruel|21/100|[from] ability: Iron Barbs|[of] p1a: GOD HAND SLAN
|-sideend|p2: Roballo|Spikes|[from] move: Rapid Spin|[of] p2a: Tentacruel
|-sideend|p2: Roballo|Stealth Rock|[from] move: Rapid Spin|[of] p2a: Tentacruel
|move|p1a: GOD HAND SLAN|Spikes|p2a: Tentacruel
|-sidestart|p2: Roballo|Spikes
|
|-weather|RainDance|[upkeep]
|-heal|p2a: Tentacruel|27/100|[from] ability: Rain Dish
|-heal|p2a: Tentacruel|33/100|[from] item: Leftovers
|-heal|p1a: GOD HAND SLAN|95/100|[from] item: Leftovers
|upkeep
|turn|19
|
|move|p2a: Tentacruel|Scald|p1a: GOD HAND SLAN
|-resisted|p1a: GOD HAND SLAN
|-damage|p1a: GOD HAND SLAN|83/100
|move|p1a: GOD HAND SLAN|Power Whip|p2a: Tentacruel
|-crit|p2a: Tentacruel
|-damage|p2a: Tentacruel|0 fnt
|faint|p2a: Tentacruel
|
|-weather|RainDance|[upkeep]
|-heal|p1a: GOD HAND SLAN|90/100|[from] item: Leftovers
|upkeep
|
|switch|p2a: Gliscor|Gliscor, M|100/100
|turn|20
|
|move|p2a: Gliscor|Substitute|p2a: Gliscor
|-start|p2a: Gliscor|Substitute
|-damage|p2a: Gliscor|76/100
|move|p1a: GOD HAND SLAN|Gyro Ball|p2a: Gliscor
|-end|p2a: Gliscor|Substitute
|
|-weather|RainDance|[upkeep]
|-heal|p1a: GOD HAND SLAN|96/100|[from] item: Leftovers
|-status|p2a: Gliscor|tox|[from] item: Toxic Orb
|upkeep
|turn|21
|
|move|p2a: Gliscor|Substitute|p2a: Gliscor
|-start|p2a: Gliscor|Substitute
|-damage|p2a: Gliscor|51/100 tox
|move|p1a: GOD HAND SLAN|Power Whip|p2a: Gliscor
|-crit|p2a: Gliscor
|-end|p2a: Gliscor|Substitute
|
|-weather|RainDance|[upkeep]
|-heal|p1a: GOD HAND SLAN|100/100|[from] item: Leftovers
|-heal|p2a: Gliscor|63/100 tox|[from] ability: Poison Heal
|upkeep
|turn|22
|
|move|p2a: Gliscor|Earthquake|p1a: GOD HAND SLAN
|-damage|p1a: GOD HAND SLAN|79/100
|move|p1a: GOD HAND SLAN|Power Whip|p2a: Gliscor
|-damage|p2a: Gliscor|39/100 tox
|
|-weather|RainDance|[upkeep]
|-heal|p1a: GOD HAND SLAN|85/100|[from] item: Leftovers
|-heal|p2a: Gliscor|51/100 tox|[from] ability: Poison Heal
|upkeep
|turn|23
|
|move|p2a: Gliscor|Protect|p2a: Gliscor
|-singleturn|p2a: Gliscor|Protect
|move|p1a: GOD HAND SLAN|Gyro Ball|p2a: Gliscor
|-activate|p2a: Gliscor|move: Protect
|
|-weather|RainDance|[upkeep]
|-heal|p1a: GOD HAND SLAN|92/100|[from] item: Leftovers
|-heal|p2a: Gliscor|63/100 tox|[from] ability: Poison Heal
|upkeep
|turn|24
|
|move|p2a: Gliscor|Earthquake|p1a: GOD HAND SLAN
|-damage|p1a: GOD HAND SLAN|69/100
|move|p1a: GOD HAND SLAN|Gyro Ball|p2a: Gliscor
|-damage|p2a: Gliscor|38/100 tox
|
|-weather|RainDance|[upkeep]
|-heal|p1a: GOD HAND SLAN|75/100|[from] item: Leftovers
|-heal|p2a: Gliscor|50/100 tox|[from] ability: Poison Heal
|upkeep
|turn|25
|
|move|p2a: Gliscor|Earthquake|p1a: GOD HAND SLAN
|-damage|p1a: GOD HAND SLAN|52/100
|move|p1a: GOD HAND SLAN|Stealth Rock|p2a: Gliscor
|-sidestart|p2: Roballo|move: Stealth Rock
|
|-weather|RainDance|[upkeep]
|-heal|p1a: GOD HAND SLAN|59/100|[from] item: Leftovers
|-heal|p2a: Gliscor|63/100 tox|[from] ability: Poison Heal
|upkeep
|turn|26
|
|move|p2a: Gliscor|Substitute|p2a: Gliscor
|-start|p2a: Gliscor|Substitute
|-damage|p2a: Gliscor|38/100 tox
|move|p1a: GOD HAND SLAN|Gyro Ball|p2a: Gliscor
|-crit|p2a: Gliscor
|-end|p2a: Gliscor|Substitute
|
|-weather|RainDance|[upkeep]
|-heal|p1a: GOD HAND SLAN|65/100|[from] item: Leftovers
|-heal|p2a: Gliscor|50/100 tox|[from] ability: Poison Heal
|upkeep
|turn|27
|
|move|p2a: Gliscor|Protect|p2a: Gliscor
|-singleturn|p2a: Gliscor|Protect
|move|p1a: GOD HAND SLAN|Gyro Ball|p2a: Gliscor
|-activate|p2a: Gliscor|move: Protect
|
|-weather|RainDance|[upkeep]
|-heal|p1a: GOD HAND SLAN|71/100|[from] item: Leftovers
|-heal|p2a: Gliscor|63/100 tox|[from] ability: Poison Heal
|upkeep
|turn|28
|
|move|p2a: Gliscor|Earthquake|p1a: GOD HAND SLAN
|-damage|p1a: GOD HAND SLAN|50/100
|move|p1a: GOD HAND SLAN|Gyro Ball|p2a: Gliscor
|-damage|p2a: Gliscor|37/100 tox
|
|-weather|RainDance|[upkeep]
|-heal|p1a: GOD HAND SLAN|56/100|[from] item: Leftovers
|-heal|p2a: Gliscor|49/100 tox|[from] ability: Poison Heal
|upkeep
|turn|29
|
|switch|p1a: TORMENTOR OBELISK|Tentacruel, M|100/100
|-damage|p1a: TORMENTOR OBELISK|88/100|[from] Stealth Rock
|move|p2a: Gliscor|Protect||[still]
|-fail|p2a: Gliscor
|
|-weather|RainDance|[upkeep]
|-heal|p1a: TORMENTOR OBELISK|94/100|[from] ability: Rain Dish
|-heal|p1a: TORMENTOR OBELISK|99/100|[from] item: Black Sludge
|-heal|p2a: Gliscor|62/100 tox|[from] ability: Poison Heal
|upkeep
|turn|30
|
|switch|p2a: Ferrothorn|Ferrothorn, F|100/100
|-damage|p2a: Ferrothorn|88/100|[from] Spikes
|-damage|p2a: Ferrothorn|82/100|[from] Stealth Rock
|move|p1a: TORMENTOR OBELISK|Scald|p2a: Ferrothorn
|-resisted|p2a: Ferrothorn
|-damage|p2a: Ferrothorn|71/100
|
|-weather|RainDance|[upkeep]
|-heal|p1a: TORMENTOR OBELISK|100/100|[from] ability: Rain Dish
|-heal|p2a: Ferrothorn|77/100|[from] item: Leftovers
|upkeep
|turn|31
|
|move|p1a: TORMENTOR OBELISK|Scald|p2a: Ferrothorn
|-resisted|p2a: Ferrothorn
|-crit|p2a: Ferrothorn
|-damage|p2a: Ferrothorn|56/100
|move|p2a: Ferrothorn|Leech Seed|p1a: TORMENTOR OBELISK
|-start|p1a: TORMENTOR OBELISK|move: Leech Seed
|
|-weather|RainDance|[upkeep]
|-heal|p2a: Ferrothorn|62/100|[from] item: Leftovers
|-damage|p1a: TORMENTOR OBELISK|88/100|[from] Leech Seed|[of] p2a: Ferrothorn
|-heal|p2a: Ferrothorn|75/100|[silent]
|upkeep
|turn|32
|
|switch|p1a: GOD HAND SLAN|Ferrothorn, F|56/100
|-damage|p1a: GOD HAND SLAN|50/100|[from] Stealth Rock
|move|p2a: Ferrothorn|Protect||[still]
|-fail|p2a: Ferrothorn
|
|-weather|RainDance|[upkeep]
|-heal|p2a: Ferrothorn|81/100|[from] item: Leftovers
|-heal|p1a: GOD HAND SLAN|56/100|[from] item: Leftovers
|upkeep
|turn|33
|
|switch|p2a: Skarmory|Skarmory, F|100/100
|-damage|p2a: Skarmory|88/100|[from] Stealth Rock
|move|p1a: GOD HAND SLAN|Spikes|p2a: Skarmory
|-sidestart|p2: Roballo|Spikes
|
|-weather|RainDance|[upkeep]
|-heal|p1a: GOD HAND SLAN|62/100|[from] item: Leftovers
|upkeep
|turn|34
|
|switch|p1a: TORMENTOR OBELISK|Tentacruel, M|88/100
|-damage|p1a: TORMENTOR OBELISK|76/100|[from] Stealth Rock
|move|p2a: Skarmory|Spikes|p1a: TORMENTOR OBELISK
|-sidestart|p1: refsunpersons(...)|Spikes
|
|-weather|RainDance|[upkeep]
|-heal|p1a: TORMENTOR OBELISK|82/100|[from] ability: Rain Dish
|-heal|p1a: TORMENTOR OBELISK|88/100|[from] item: Black Sludge
|upkeep
|turn|35
|
|switch|p2a: Ferrothorn|Ferrothorn, F|81/100
|-damage|p2a: Ferrothorn|64/100|[from] Spikes
|-damage|p2a: Ferrothorn|58/100|[from] Stealth Rock
|move|p1a: TORMENTOR OBELISK|Rapid Spin|p2a: Ferrothorn
|-resisted|p2a: Ferrothorn
|-damage|p2a: Ferrothorn|57/100
|-damage|p1a: TORMENTOR OBELISK|75/100|[from] ability: Iron Barbs|[of] p2a: Ferrothorn
|-sideend|p1: refsunpersons(...)|Spikes|[from] move: Rapid Spin|[of] p1a: TORMENTOR OBELISK
|-sideend|p1: refsunpersons(...)|Stealth Rock|[from] move: Rapid Spin|[of] p1a: TORMENTOR OBELISK
|
|-weather|RainDance|[upkeep]
|-heal|p1a: TORMENTOR OBELISK|81/100|[from] ability: Rain Dish
|-heal|p1a: TORMENTOR OBELISK|88/100|[from] item: Black Sludge
|-heal|p2a: Ferrothorn|64/100|[from] item: Leftovers
|upkeep
|turn|36
|
|move|p1a: TORMENTOR OBELISK|Scald|p2a: Ferrothorn
|-resisted|p2a: Ferrothorn
|-damage|p2a: Ferrothorn|52/100
|move|p2a: Ferrothorn|Power Whip|p1a: TORMENTOR OBELISK
|-damage|p1a: TORMENTOR OBELISK|45/100
|
|-weather|RainDance|[upkeep]
|-heal|p1a: TORMENTOR OBELISK|51/100|[from] ability: Rain Dish
|-heal|p1a: TORMENTOR OBELISK|57/100|[from] item: Black Sludge
|-heal|p2a: Ferrothorn|58/100|[from] item: Leftovers
|upkeep
|turn|37
|
|move|p1a: TORMENTOR OBELISK|Protect|p1a: TORMENTOR OBELISK
|-singleturn|p1a: TORMENTOR OBELISK|Protect
|move|p2a: Ferrothorn|Power Whip|p1a: TORMENTOR OBELISK
|-activate|p1a: TORMENTOR OBELISK|move: Protect
|
|-weather|RainDance|[upkeep]
|-heal|p1a: TORMENTOR OBELISK|63/100|[from] ability: Rain Dish
|-heal|p1a: TORMENTOR OBELISK|69/100|[from] item: Black Sludge
|-heal|p2a: Ferrothorn|64/100|[from] item: Leftovers
|upkeep
|turn|38
|
|move|p1a: TORMENTOR OBELISK|Scald|p2a: Ferrothorn
|-resisted|p2a: Ferrothorn
|-damage|p2a: Ferrothorn|53/100
|move|p2a: Ferrothorn|Stealth Rock|p1a: TORMENTOR OBELISK
|-sidestart|p1: refsunpersons(...)|move: Stealth Rock
|
|-weather|RainDance|[upkeep]
|-heal|p1a: TORMENTOR OBELISK|75/100|[from] ability: Rain Dish
|-heal|p1a: TORMENTOR OBELISK|81/100|[from] item: Black Sludge
|-heal|p2a: Ferrothorn|59/100|[from] item: Leftovers
|upkeep
|turn|39
|
|move|p2a: Ferrothorn|Protect|p2a: Ferrothorn
|-singleturn|p2a: Ferrothorn|Protect
|move|p1a: TORMENTOR OBELISK|Scald|p2a: Ferrothorn
|-activate|p2a: Ferrothorn|move: Protect
|
|-weather|RainDance|[upkeep]
|-heal|p1a: TORMENTOR OBELISK|88/100|[from] ability: Rain Dish
|-heal|p1a: TORMENTOR OBELISK|94/100|[from] item: Black Sludge
|-heal|p2a: Ferrothorn|66/100|[from] item: Leftovers
|upkeep
|turn|40
|
|move|p1a: TORMENTOR OBELISK|Scald|p2a: Ferrothorn
|-resisted|p2a: Ferrothorn
|-damage|p2a: Ferrothorn|55/100
|-status|p2a: Ferrothorn|brn
|move|p2a: Ferrothorn|Power Whip|p1a: TORMENTOR OBELISK
|-crit|p1a: TORMENTOR OBELISK
|-damage|p1a: TORMENTOR OBELISK|51/100
|
|-weather|RainDance|[upkeep]
|-heal|p1a: TORMENTOR OBELISK|57/100|[from] ability: Rain Dish
|-heal|p1a: TORMENTOR OBELISK|63/100|[from] item: Black Sludge
|-heal|p2a: Ferrothorn|61/100 brn|[from] item: Leftovers
|-damage|p2a: Ferrothorn|49/100 brn|[from] brn
|upkeep
|turn|41
|
|move|p1a: TORMENTOR OBELISK|Toxic Spikes|p2a: Ferrothorn
|-sidestart|p2: Roballo|move: Toxic Spikes
|move|p2a: Ferrothorn|Leech Seed|p1a: TORMENTOR OBELISK
|-start|p1a: TORMENTOR OBELISK|move: Leech Seed
|
|-weather|RainDance|[upkeep]
|-heal|p1a: TORMENTOR OBELISK|69/100|[from] ability: Rain Dish
|-heal|p1a: TORMENTOR OBELISK|75/100|[from] item: Black Sludge
|-heal|p2a: Ferrothorn|55/100 brn|[from] item: Leftovers
|-damage|p1a: TORMENTOR OBELISK|62/100|[from] Leech Seed|[of] p2a: Ferrothorn
|-heal|p2a: Ferrothorn|68/100 brn|[silent]
|-damage|p2a: Ferrothorn|55/100 brn|[from] brn
|upkeep
|turn|42
|
|move|p2a: Ferrothorn|Protect|p2a: Ferrothorn
|-singleturn|p2a: Ferrothorn|Protect
|move|p1a: TORMENTOR OBELISK|Toxic Spikes|p2a: Ferrothorn
|-sidestart|p2: Roballo|move: Toxic Spikes
|
|-weather|RainDance|[upkeep]
|-heal|p1a: TORMENTOR OBELISK|69/100|[from] ability: Rain Dish
|-heal|p1a: TORMENTOR OBELISK|75/100|[from] item: Black Sludge
|-heal|p2a: Ferrothorn|61/100 brn|[from] item: Leftovers
|-damage|p1a: TORMENTOR OBELISK|62/100|[from] Leech Seed|[of] p2a: Ferrothorn
|-heal|p2a: Ferrothorn|74/100 brn|[silent]
|-damage|p2a: Ferrothorn|62/100 brn|[from] brn
|upkeep
|turn|43
|
|switch|p1a: GOD HAND SLAN|Ferrothorn, F|62/100
|-damage|p1a: GOD HAND SLAN|56/100|[from] Stealth Rock
|move|p2a: Ferrothorn|Power Whip|p1a: GOD HAND SLAN
|-resisted|p1a: GOD HAND SLAN
|-crit|p1a: GOD HAND SLAN
|-damage|p1a: GOD HAND SLAN|49/100
|-damage|p2a: Ferrothorn|49/100 brn|[from] ability: Iron Barbs|[of] p1a: GOD HAND SLAN
|
|-weather|RainDance|[upkeep]
|-heal|p2a: Ferrothorn|55/100 brn|[from] item: Leftovers
|-heal|p1a: GOD HAND SLAN|55/100|[from] item: Leftovers
|-damage|p2a: Ferrothorn|43/100 brn|[from] brn
|upkeep
|turn|44
|
|switch|p2a: Gliscor|Gliscor, M|62/100 tox
|-damage|p2a: Gliscor|49/100 tox|[from] Stealth Rock
|move|p1a: GOD HAND SLAN|Spikes|p2a: Gliscor
|-sidestart|p2: Roballo|Spikes
|
|-weather|RainDance|[upkeep]
|-heal|p1a: GOD HAND SLAN|62/100|[from] item: Leftovers
|-heal|p2a: Gliscor|62/100 tox|[from] ability: Poison Heal
|upkeep
|turn|45
|
|move|p2a: Gliscor|Substitute|p2a: Gliscor
|-start|p2a: Gliscor|Substitute
|-damage|p2a: Gliscor|37/100 tox
|move|p1a: GOD HAND SLAN|Power Whip|p2a: Gliscor
|-activate|p2a: Gliscor|Substitute|[damage]
|
|-weather|RainDance|[upkeep]
|-heal|p1a: GOD HAND SLAN|68/100|[from] item: Leftovers
|-heal|p2a: Gliscor|49/100 tox|[from] ability: Poison Heal
|upkeep
|turn|46
|
|move|p2a: Gliscor|Earthquake|p1a: GOD HAND SLAN
|-damage|p1a: GOD HAND SLAN|44/100
|move|p1a: GOD HAND SLAN|Power Whip|p2a: Gliscor
|-end|p2a: Gliscor|Substitute
|
|-weather|RainDance|[upkeep]
|-heal|p1a: GOD HAND SLAN|50/100|[from] item: Leftovers
|-heal|p2a: Gliscor|62/100 tox|[from] ability: Poison Heal
|upkeep
|turn|47
|
|move|p2a: Gliscor|Substitute|p2a: Gliscor
|-start|p2a: Gliscor|Substitute
|-damage|p2a: Gliscor|37/100 tox
|move|p1a: GOD HAND SLAN|Gyro Ball|p2a: Gliscor
|-end|p2a: Gliscor|Substitute
|
|-weather|RainDance|[upkeep]
|-heal|p1a: GOD HAND SLAN|56/100|[from] item: Leftovers
|-heal|p2a: Gliscor|49/100 tox|[from] ability: Poison Heal
|upkeep
|turn|48
|
|switch|p1a: Cupcakes|Keldeo|94/100
|-damage|p1a: Cupcakes|88/100|[from] Stealth Rock
|move|p2a: Gliscor|Protect||[still]
|-fail|p2a: Gliscor
|
|-weather|RainDance|[upkeep]
|-heal|p2a: Gliscor|62/100 tox|[from] ability: Poison Heal
|upkeep
|turn|49
|-message|Roballo forfeited.
|
|win|refsunpersons(...)
|l|☆Roballo
|raw|refsunpersons(...)'s rating: 1431 &rarr; <strong>1447</strong><br />(+16 for winning)
|raw|Roballo's rating: 1358 &rarr; <strong>1343</strong><br />(-15 for losing)
