|j|☆leoperi99
|j|☆misADVised
|t:|1715979400
|gametype|singles
|player|p1|leoperi99|juggler-gen2|1443
|player|p2|misADVised|barry|1438
|teamsize|p1|6
|teamsize|p2|6
|gen|5
|tier|[Gen 5] OU
|rated|
|rule|Species Clause: Limit one of each Pokémon
|rule|OHKO Clause: OHKO moves are banned
|rule|Moody Clause: Moody is banned
|rule|Evasion Items Clause: Evasion items are banned
|rule|Evasion Moves Clause: Evasion moves are banned
|rule|Endless Battle Clause: Forcing endless battles is banned
|rule|HP Percentage Mod: HP is shown in percentages
|rule|Evasion Abilities Clause: Evasion abilities are banned
|rule|Sleep Moves Clause: Sleep-inducing moves are banned
|rule|Swagger Clause: Swagger is banned
|rule|Baton Pass Stat Clause: No Baton Passer may have a way to boost its stats
|clearpoke
|poke|p1|Mamoswine, F|item
|poke|p1|Breloom, F|item
|poke|p1|Tornadus, M|item
|poke|p1|Scizor, F|item
|poke|p1|Tentacruel, M|item
|poke|p1|Politoed, M|item
|poke|p2|Politoed, F|item
|poke|p2|Ferrothorn, F|item
|poke|p2|Tentacruel, M|item
|poke|p2|Keldeo-Resolute|item
|poke|p2|Latios, M|item
|poke|p2|Thundurus-Therian, M|item
|teampreview
|inactive|Battle timer is ON: inactive players will automatically lose when time's up. (requested by misADVised)
|
|t:|1715979423
|start
|switch|p1a: Breloom|Breloom, F|100/100
|switch|p2a: Ferrothorn|Ferrothorn, F|100/100
|turn|1
|
|t:|1715979434
|switch|p2a: Politoed|Politoed, F|100/100
|-weather|RainDance|[from] ability: Drizzle|[of] p2a: Politoed
|move|p1a: Breloom|Substitute|p1a: Breloom
|-start|p1a: Breloom|Substitute
|-damage|p1a: Breloom|75/100
|
|-weather|RainDance|[upkeep]
|-status|p1a: Breloom|tox|[from] item: Toxic Orb
|upkeep
|turn|2
|
|t:|1715979437
|move|p2a: Politoed|Encore|p1a: Breloom
|-start|p1a: Breloom|Encore
|move|p1a: Breloom|Substitute|p1a: Breloom
|-fail|p1a: Breloom|move: Substitute
|
|-weather|RainDance|[upkeep]
|-heal|p1a: Breloom|88/100 tox|[from] ability: Poison Heal
|upkeep
|turn|3
|
|t:|1715979449
|switch|p2a: Thundurus|Thundurus-Therian, M|100/100
|move|p1a: Breloom|Substitute|p1a: Breloom
|-fail|p1a: Breloom|move: Substitute
|
|-weather|RainDance|[upkeep]
|-heal|p1a: Breloom|100/100 tox|[from] ability: Poison Heal
|upkeep
|turn|4
|
|t:|1715979454
|move|p2a: Thundurus|Substitute|p2a: Thundurus
|-start|p2a: Thundurus|Substitute
|-damage|p2a: Thundurus|76/100
|move|p1a: Breloom|Substitute|p1a: Breloom
|-fail|p1a: Breloom|move: Substitute
|
|-weather|RainDance|[upkeep]
|-heal|p2a: Thundurus|82/100|[from] item: Leftovers
|-end|p1a: Breloom|Encore
|upkeep
|turn|5
|
|t:|1715979457
|-singleturn|p1a: Breloom|move: Focus Punch
|move|p2a: Thundurus|Hidden Power|p1a: Breloom
|-supereffective|p1a: Breloom
|-crit|p1a: Breloom
|-end|p1a: Breloom|Substitute
|move|p1a: Breloom|Focus Punch|p2a: Thundurus
|-resisted|p2a: Thundurus
|-end|p2a: Thundurus|Substitute
|
|-weather|RainDance|[upkeep]
|-heal|p2a: Thundurus|88/100|[from] item: Leftovers
|upkeep
|turn|6
|
|t:|1715979468
|move|p2a: Thundurus|Substitute|p2a: Thundurus
|-start|p2a: Thundurus|Substitute
|-damage|p2a: Thundurus|63/100
|move|p1a: Breloom|Stun Spore||[still]
|-fail|p1a: Breloom
|
|-weather|RainDance|[upkeep]
|-heal|p2a: Thundurus|69/100|[from] item: Leftovers
|upkeep
|turn|7
|
|t:|1715979477
|switch|p1a: Tornadus|Tornadus, M|100/100
|move|p2a: Thundurus|Hidden Power|p1a: Tornadus
|-supereffective|p1a: Tornadus
|-damage|p1a: Tornadus|28/100
|
|-weather|RainDance|[upkeep]
|-heal|p2a: Thundurus|75/100|[from] item: Leftovers
|upkeep
|turn|8
|
|t:|1715979487
|move|p1a: Tornadus|U-turn|p2a: Thundurus
|-resisted|p2a: Thundurus
|-activate|p2a: Thundurus|Substitute|[damage]
|
|t:|1715979489
|switch|p1a: Politoed|Politoed, M|100/100|[from] U-turn
|move|p2a: Thundurus|Thunder|p1a: Politoed
|-supereffective|p1a: Politoed
|-damage|p1a: Politoed|0 fnt
|faint|p1a: Politoed
|
|-weather|RainDance|[upkeep]
|-heal|p2a: Thundurus|81/100|[from] item: Leftovers
|upkeep
|
|t:|1715979490
|switch|p1a: Scizor|Scizor, F, shiny|100/100
|turn|9
|
|t:|1715979496
|move|p1a: Scizor|U-turn|p2a: Thundurus
|-resisted|p2a: Thundurus
|-end|p2a: Thundurus|Substitute
|
|t:|1715979498
|switch|p1a: Mamoswine|Mamoswine, F, shiny|100/100|[from] U-turn
|move|p2a: Thundurus|Thunder|p1a: Mamoswine
|-immune|p1a: Mamoswine
|
|-weather|RainDance|[upkeep]
|-heal|p2a: Thundurus|88/100|[from] item: Leftovers
|upkeep
|turn|10
|
|t:|1715979504
|switch|p2a: Ferrothorn|Ferrothorn, F|100/100
|move|p1a: Mamoswine|Ice Shard|p2a: Ferrothorn
|-damage|p2a: Ferrothorn|76/100
|
|-weather|RainDance|[upkeep]
|-heal|p2a: Ferrothorn|82/100|[from] item: Leftovers
|upkeep
|turn|11
|
|t:|1715979508
|switch|p1a: Breloom|Breloom, F|100/100 tox
|move|p2a: Ferrothorn|Stealth Rock|p1a: Breloom
|-sidestart|p1: leoperi99|move: Stealth Rock
|
|-weather|RainDance|[upkeep]
|-heal|p2a: Ferrothorn|88/100|[from] item: Leftovers
|upkeep
|turn|12
|
|t:|1715979512
|move|p1a: Breloom|Substitute|p1a: Breloom
|-start|p1a: Breloom|Substitute
|-damage|p1a: Breloom|75/100 tox
|move|p2a: Ferrothorn|Gyro Ball|p1a: Breloom
|-end|p1a: Breloom|Substitute
|
|-weather|RainDance|[upkeep]
|-heal|p2a: Ferrothorn|95/100|[from] item: Leftovers
|-heal|p1a: Breloom|88/100 tox|[from] ability: Poison Heal
|upkeep
|turn|13
|
|t:|1715979516
|move|p1a: Breloom|Substitute|p1a: Breloom
|-start|p1a: Breloom|Substitute
|-damage|p1a: Breloom|63/100 tox
|move|p2a: Ferrothorn|Gyro Ball|p1a: Breloom
|-end|p1a: Breloom|Substitute
|
|-weather|RainDance|[upkeep]
|-heal|p2a: Ferrothorn|100/100|[from] item: Leftovers
|-heal|p1a: Breloom|75/100 tox|[from] ability: Poison Heal
|upkeep
|turn|14
|
|t:|1715979521
|move|p1a: Breloom|Substitute|p1a: Breloom
|-start|p1a: Breloom|Substitute
|-damage|p1a: Breloom|50/100 tox
|move|p2a: Ferrothorn|Gyro Ball|p1a: Breloom
|-end|p1a: Breloom|Substitute
|
|-weather|RainDance|[upkeep]
|-heal|p1a: Breloom|63/100 tox|[from] ability: Poison Heal
|upkeep
|turn|15
|
|t:|1715979524
|move|p1a: Breloom|Substitute|p1a: Breloom
|-start|p1a: Breloom|Substitute
|-damage|p1a: Breloom|38/100 tox
|move|p2a: Ferrothorn|Gyro Ball|p1a: Breloom
|-end|p1a: Breloom|Substitute
|
|-weather|RainDance|[upkeep]
|-heal|p1a: Breloom|50/100 tox|[from] ability: Poison Heal
|upkeep
|turn|16
|
|t:|1715979526
|move|p1a: Breloom|Substitute|p1a: Breloom
|-start|p1a: Breloom|Substitute
|-damage|p1a: Breloom|25/100 tox
|move|p2a: Ferrothorn|Gyro Ball|p1a: Breloom
|-end|p1a: Breloom|Substitute
|
|-weather|RainDance|[upkeep]
|-heal|p1a: Breloom|38/100 tox|[from] ability: Poison Heal
|upkeep
|turn|17
|
|t:|1715979528
|move|p1a: Breloom|Protect|p1a: Breloom
|-singleturn|p1a: Breloom|Protect
|move|p2a: Ferrothorn|Gyro Ball|p1a: Breloom
|-activate|p1a: Breloom|move: Protect
|
|-weather|RainDance|[upkeep]
|-heal|p1a: Breloom|50/100 tox|[from] ability: Poison Heal
|upkeep
|turn|18
|
|t:|1715979530
|move|p1a: Breloom|Substitute|p1a: Breloom
|-start|p1a: Breloom|Substitute
|-damage|p1a: Breloom|25/100 tox
|move|p2a: Ferrothorn|Gyro Ball|p1a: Breloom
|-end|p1a: Breloom|Substitute
|
|-weather|RainDance|[upkeep]
|-heal|p1a: Breloom|38/100 tox|[from] ability: Poison Heal
|upkeep
|turn|19
|
|t:|1715979534
|switch|p2a: Keldeo|Keldeo-Resolute|100/100
|move|p1a: Breloom|Protect||[still]
|-fail|p1a: Breloom
|
|-weather|RainDance|[upkeep]
|-heal|p1a: Breloom|50/100 tox|[from] ability: Poison Heal
|upkeep
|turn|20
|
|t:|1715979559
|switch|p1a: Tentacruel|Tentacruel, M, shiny|100/100
|-damage|p1a: Tentacruel|88/100|[from] Stealth Rock
|move|p2a: Keldeo|Secret Sword|p1a: Tentacruel
|-resisted|p1a: Tentacruel
|-damage|p1a: Tentacruel|62/100
|
|-weather|RainDance|[upkeep]
|-heal|p1a: Tentacruel|68/100|[from] ability: Rain Dish
|-heal|p1a: Tentacruel|74/100|[from] item: Black Sludge
|upkeep
|turn|21
|
|t:|1715979564
|switch|p2a: Politoed|Politoed, F|100/100
|move|p1a: Tentacruel|Rapid Spin|p2a: Politoed
|-crit|p2a: Politoed
|-damage|p2a: Politoed|94/100
|-sideend|p1: leoperi99|Stealth Rock|[from] move: Rapid Spin|[of] p1a: Tentacruel
|
|-weather|RainDance|[upkeep]
|-heal|p1a: Tentacruel|80/100|[from] ability: Rain Dish
|-heal|p1a: Tentacruel|86/100|[from] item: Black Sludge
|-heal|p2a: Politoed|100/100|[from] item: Leftovers
|upkeep
|turn|22
|
|t:|1715979571
|move|p1a: Tentacruel|Toxic|p2a: Politoed
|-status|p2a: Politoed|tox
|move|p2a: Politoed|Scald|p1a: Tentacruel
|-resisted|p1a: Tentacruel
|-damage|p1a: Tentacruel|71/100
|
|-weather|RainDance|[upkeep]
|-heal|p1a: Tentacruel|77/100|[from] ability: Rain Dish
|-heal|p1a: Tentacruel|83/100|[from] item: Black Sludge
|-damage|p2a: Politoed|94/100 tox|[from] psn
|upkeep
|turn|23
|
|t:|1715979573
|switch|p1a: Breloom|Breloom, F|50/100 tox
|move|p2a: Politoed|Refresh|p2a: Politoed
|-curestatus|p2a: Politoed|tox|[msg]
|
|-weather|RainDance|[upkeep]
|-heal|p2a: Politoed|100/100|[from] item: Leftovers
|-heal|p1a: Breloom|63/100 tox|[from] ability: Poison Heal
|upkeep
|turn|24
|
|t:|1715979589
|move|p2a: Politoed|Scald|p1a: Breloom
|-resisted|p1a: Breloom
|-damage|p1a: Breloom|35/100 tox
|move|p1a: Breloom|Stun Spore|p2a: Politoed
|-status|p2a: Politoed|par
|
|-weather|RainDance|[upkeep]
|-heal|p1a: Breloom|47/100 tox|[from] ability: Poison Heal
|upkeep
|turn|25
|
|t:|1715979597
|move|p1a: Breloom|Substitute|p1a: Breloom
|-start|p1a: Breloom|Substitute
|-damage|p1a: Breloom|22/100 tox
|move|p2a: Politoed|Encore|p1a: Breloom
|-start|p1a: Breloom|Encore
|
|-weather|RainDance|[upkeep]
|-heal|p1a: Breloom|35/100 tox|[from] ability: Poison Heal
|upkeep
|turn|26
|
|t:|1715979600
|switch|p2a: Thundurus|Thundurus-Therian, M|88/100
|move|p1a: Breloom|Substitute|p1a: Breloom
|-fail|p1a: Breloom|move: Substitute
|
|-weather|RainDance|[upkeep]
|-heal|p2a: Thundurus|94/100|[from] item: Leftovers
|-heal|p1a: Breloom|47/100 tox|[from] ability: Poison Heal
|upkeep
|turn|27
|
|t:|1715979607
|switch|p1a: Mamoswine|Mamoswine, F, shiny|100/100
|move|p2a: Thundurus|Substitute|p2a: Thundurus
|-start|p2a: Thundurus|Substitute
|-damage|p2a: Thundurus|69/100
|
|-weather|RainDance|[upkeep]
|-heal|p2a: Thundurus|75/100|[from] item: Leftovers
|upkeep
|turn|28
|
|t:|1715979611
|move|p1a: Mamoswine|Ice Shard|p2a: Thundurus
|-supereffective|p2a: Thundurus
|-end|p2a: Thundurus|Substitute
|move|p2a: Thundurus|Focus Blast|p1a: Mamoswine
|-supereffective|p1a: Mamoswine
|-crit|p1a: Mamoswine
|-damage|p1a: Mamoswine|0 fnt
|faint|p1a: Mamoswine
|
|-weather|RainDance|[upkeep]
|-heal|p2a: Thundurus|81/100|[from] item: Leftovers
|upkeep
|
|t:|1715979614
|switch|p1a: Tornadus|Tornadus, M|28/100
|turn|29
|
|t:|1715979621
|switch|p2a: Politoed|Politoed, F|100/100 par
|move|p1a: Tornadus|Hurricane|p2a: Politoed
|-damage|p2a: Politoed|30/100 par
|
|-weather|RainDance|[upkeep]
|-heal|p2a: Politoed|36/100 par|[from] item: Leftovers
|upkeep
|turn|30
|
|t:|1715979625
|move|p1a: Tornadus|Hurricane|p2a: Politoed
|-crit|p2a: Politoed
|-damage|p2a: Politoed|0 fnt
|faint|p2a: Politoed
|
|-weather|RainDance|[upkeep]
|upkeep
|
|t:|1715979629
|switch|p2a: Keldeo|Keldeo-Resolute|100/100
|turn|31
|
|t:|1715979632
|switch|p1a: Tentacruel|Tentacruel, M, shiny|83/100
|move|p2a: Keldeo|Surf|p1a: Tentacruel
|-resisted|p1a: Tentacruel
|-damage|p1a: Tentacruel|51/100
|
|-weather|RainDance|[upkeep]
|-heal|p1a: Tentacruel|57/100|[from] ability: Rain Dish
|-heal|p1a: Tentacruel|63/100|[from] item: Black Sludge
|upkeep
|turn|32
|
|t:|1715979640
|switch|p2a: Tentacruel|Tentacruel, M|100/100
|move|p1a: Tentacruel|Scald|p2a: Tentacruel
|-resisted|p2a: Tentacruel
|-damage|p2a: Tentacruel|87/100
|
|-weather|RainDance|[upkeep]
|-heal|p2a: Tentacruel|93/100|[from] ability: Rain Dish
|-heal|p1a: Tentacruel|69/100|[from] ability: Rain Dish
|-heal|p1a: Tentacruel|75/100|[from] item: Black Sludge
|-heal|p2a: Tentacruel|99/100|[from] item: Black Sludge
|upkeep
|turn|33
|
|t:|1715979643
|move|p2a: Tentacruel|Scald|p1a: Tentacruel
|-resisted|p1a: Tentacruel
|-damage|p1a: Tentacruel|61/100
|-status|p1a: Tentacruel|brn
|move|p1a: Tentacruel|Scald|p2a: Tentacruel
|-resisted|p2a: Tentacruel
|-damage|p2a: Tentacruel|86/100
|
|-weather|RainDance|[upkeep]
|-heal|p2a: Tentacruel|92/100|[from] ability: Rain Dish
|-heal|p1a: Tentacruel|67/100 brn|[from] ability: Rain Dish
|-heal|p2a: Tentacruel|98/100|[from] item: Black Sludge
|-heal|p1a: Tentacruel|73/100 brn|[from] item: Black Sludge
|-damage|p1a: Tentacruel|61/100 brn|[from] brn
|upkeep
|turn|34
|
|t:|1715979646
|switch|p1a: Breloom|Breloom, F|47/100 tox
|move|p2a: Tentacruel|Protect||[still]
|-fail|p2a: Tentacruel
|
|-weather|RainDance|[upkeep]
|-heal|p2a: Tentacruel|100/100|[from] ability: Rain Dish
|-heal|p1a: Breloom|60/100 tox|[from] ability: Poison Heal
|upkeep
|turn|35
|
|t:|1715979649
|move|p2a: Tentacruel|Scald|p1a: Breloom
|-resisted|p1a: Breloom
|-damage|p1a: Breloom|33/100 tox
|move|p1a: Breloom|Substitute|p1a: Breloom
|-start|p1a: Breloom|Substitute
|-damage|p1a: Breloom|8/100 tox
|
|-weather|RainDance|[upkeep]
|-heal|p1a: Breloom|20/100 tox|[from] ability: Poison Heal
|upkeep
|turn|36
|
|t:|1715979652
|move|p1a: Breloom|Protect|p1a: Breloom
|-singleturn|p1a: Breloom|Protect
|move|p2a: Tentacruel|Scald|p1a: Breloom
|-activate|p1a: Breloom|move: Protect
|
|-weather|RainDance|[upkeep]
|-heal|p1a: Breloom|33/100 tox|[from] ability: Poison Heal
|upkeep
|turn|37
|
|t:|1715979654
|move|p2a: Tentacruel|Scald|p1a: Breloom
|-resisted|p1a: Breloom
|-end|p1a: Breloom|Substitute
|move|p1a: Breloom|Stun Spore|p2a: Tentacruel
|-status|p2a: Tentacruel|par
|
|-weather|RainDance|[upkeep]
|-heal|p1a: Breloom|45/100 tox|[from] ability: Poison Heal
|upkeep
|turn|38
|
|t:|1715979656
|move|p1a: Breloom|Substitute|p1a: Breloom
|-start|p1a: Breloom|Substitute
|-damage|p1a: Breloom|20/100 tox
|cant|p2a: Tentacruel|par
|
|-weather|RainDance|[upkeep]
|-heal|p1a: Breloom|33/100 tox|[from] ability: Poison Heal
|upkeep
|turn|39
|
|t:|1715979658
|move|p1a: Breloom|Protect|p1a: Breloom
|-singleturn|p1a: Breloom|Protect
|move|p2a: Tentacruel|Scald|p1a: Breloom
|-activate|p1a: Breloom|move: Protect
|
|-weather|RainDance|[upkeep]
|-heal|p1a: Breloom|45/100 tox|[from] ability: Poison Heal
|upkeep
|turn|40
|
|t:|1715979659
|-singleturn|p1a: Breloom|move: Focus Punch
|move|p2a: Tentacruel|Scald|p1a: Breloom
|-resisted|p1a: Breloom
|-end|p1a: Breloom|Substitute
|move|p1a: Breloom|Focus Punch|p2a: Tentacruel
|-resisted|p2a: Tentacruel
|-damage|p2a: Tentacruel|40/100 par
|
|-weather|RainDance|[upkeep]
|-heal|p2a: Tentacruel|47/100 par|[from] ability: Rain Dish
|-heal|p2a: Tentacruel|53/100 par|[from] item: Black Sludge
|-heal|p1a: Breloom|58/100 tox|[from] ability: Poison Heal
|upkeep
|turn|41
|
|t:|1715979664
|switch|p2a: Keldeo|Keldeo-Resolute|100/100
|-singleturn|p1a: Breloom|move: Focus Punch
|move|p1a: Breloom|Focus Punch|p2a: Keldeo
|-damage|p2a: Keldeo|0 fnt
|faint|p2a: Keldeo
|
|-weather|RainDance|[upkeep]
|-heal|p1a: Breloom|70/100 tox|[from] ability: Poison Heal
|upkeep
|
|t:|1715979667
|switch|p2a: Latios|Latios, M|100/100
|turn|42
|
|t:|1715979672
|move|p1a: Breloom|Protect|p1a: Breloom
|-singleturn|p1a: Breloom|Protect
|move|p2a: Latios|Dragon Pulse|p1a: Breloom
|-activate|p1a: Breloom|move: Protect
|
|-weather|RainDance|[upkeep]
|-heal|p1a: Breloom|83/100 tox|[from] ability: Poison Heal
|upkeep
|turn|43
|
|t:|1715979676
|switch|p1a: Scizor|Scizor, F, shiny|100/100
|move|p2a: Latios|Dragon Pulse|p1a: Scizor
|-resisted|p1a: Scizor
|-damage|p1a: Scizor|53/100
|
|-weather|RainDance|[upkeep]
|upkeep
|turn|44
|
|t:|1715979680
|switch|p2a: Ferrothorn|Ferrothorn, F|100/100
|move|p1a: Scizor|U-turn|p2a: Ferrothorn
|-damage|p2a: Ferrothorn|75/100
|-damage|p1a: Scizor|41/100|[from] ability: Iron Barbs|[of] p2a: Ferrothorn
|
|t:|1715979683
|switch|p1a: Breloom|Breloom, F|83/100 tox|[from] U-turn
|
|-weather|RainDance|[upkeep]
|-heal|p2a: Ferrothorn|81/100|[from] item: Leftovers
|-heal|p1a: Breloom|95/100 tox|[from] ability: Poison Heal
|upkeep
|turn|45
|
|t:|1715979689
|move|p1a: Breloom|Substitute|p1a: Breloom
|-start|p1a: Breloom|Substitute
|-damage|p1a: Breloom|70/100 tox
|move|p2a: Ferrothorn|Stealth Rock|p1a: Breloom
|-sidestart|p1: leoperi99|move: Stealth Rock
|
|-weather|RainDance|[upkeep]
|-heal|p2a: Ferrothorn|87/100|[from] item: Leftovers
|-heal|p1a: Breloom|83/100 tox|[from] ability: Poison Heal
|upkeep
|turn|46
|
|t:|1715979692
|move|p1a: Breloom|Protect|p1a: Breloom
|-singleturn|p1a: Breloom|Protect
|move|p2a: Ferrothorn|Gyro Ball|p1a: Breloom
|-activate|p1a: Breloom|move: Protect
|
|-weather|RainDance|[upkeep]
|-heal|p2a: Ferrothorn|94/100|[from] item: Leftovers
|-heal|p1a: Breloom|95/100 tox|[from] ability: Poison Heal
|upkeep
|turn|47
|
|t:|1715979695
|-singleturn|p1a: Breloom|move: Focus Punch
|move|p2a: Ferrothorn|Spikes|p1a: Breloom
|-sidestart|p1: leoperi99|Spikes
|move|p1a: Breloom|Focus Punch|p2a: Ferrothorn
|-supereffective|p2a: Ferrothorn
|-damage|p2a: Ferrothorn|0 fnt
|-damage|p1a: Breloom|83/100 tox|[from] ability: Iron Barbs|[of] p2a: Ferrothorn
|faint|p2a: Ferrothorn
|
|-weather|RainDance|[upkeep]
|-heal|p1a: Breloom|95/100 tox|[from] ability: Poison Heal
|upkeep
|
|t:|1715979701
|switch|p2a: Thundurus|Thundurus-Therian, M|81/100
|turn|48
|
|t:|1715979703
|-singleturn|p1a: Breloom|move: Focus Punch
|move|p2a: Thundurus|Hidden Power|p1a: Breloom
|-supereffective|p1a: Breloom
|-end|p1a: Breloom|Substitute
|move|p1a: Breloom|Focus Punch|p2a: Thundurus
|-resisted|p2a: Thundurus
|-damage|p2a: Thundurus|23/100
|
|-weather|RainDance|[upkeep]
|-heal|p2a: Thundurus|29/100|[from] item: Leftovers
|-heal|p1a: Breloom|100/100 tox|[from] ability: Poison Heal
|upkeep
|turn|49
|
|t:|1715979712
|-singleturn|p1a: Breloom|move: Focus Punch
|move|p2a: Thundurus|Substitute|p2a: Thundurus
|-start|p2a: Thundurus|Substitute
|-damage|p2a: Thundurus|4/100
|move|p1a: Breloom|Focus Punch|p2a: Thundurus
|-resisted|p2a: Thundurus
|-end|p2a: Thundurus|Substitute
|
|-weather|RainDance|[upkeep]
|-heal|p2a: Thundurus|10/100|[from] item: Leftovers
|upkeep
|turn|50
|
|t:|1715979715
|move|p2a: Thundurus|Hidden Power|p1a: Breloom
|-supereffective|p1a: Breloom
|-damage|p1a: Breloom|11/100 tox
|move|p1a: Breloom|Stun Spore|p2a: Thundurus
|-status|p2a: Thundurus|par
|
|-weather|RainDance|[upkeep]
|-heal|p2a: Thundurus|16/100 par|[from] item: Leftovers
|-heal|p1a: Breloom|24/100 tox|[from] ability: Poison Heal
|upkeep
|turn|51
|
|t:|1715979720
|move|p1a: Breloom|Protect|p1a: Breloom
|-singleturn|p1a: Breloom|Protect
|move|p2a: Thundurus|Hidden Power|p1a: Breloom
|-activate|p1a: Breloom|move: Protect
|
|-weather|RainDance|[upkeep]
|-heal|p2a: Thundurus|23/100 par|[from] item: Leftovers
|-heal|p1a: Breloom|36/100 tox|[from] ability: Poison Heal
|upkeep
|turn|52
|
|t:|1715979722
|move|p1a: Breloom|Substitute|p1a: Breloom
|-start|p1a: Breloom|Substitute
|-damage|p1a: Breloom|11/100 tox
|cant|p2a: Thundurus|par
|
|-weather|RainDance|[upkeep]
|-heal|p2a: Thundurus|29/100 par|[from] item: Leftovers
|-heal|p1a: Breloom|24/100 tox|[from] ability: Poison Heal
|upkeep
|turn|53
|
|t:|1715979724
|-singleturn|p1a: Breloom|move: Focus Punch
|move|p2a: Thundurus|Hidden Power|p1a: Breloom
|-supereffective|p1a: Breloom
|-end|p1a: Breloom|Substitute
|move|p1a: Breloom|Focus Punch|p2a: Thundurus
|-resisted|p2a: Thundurus
|-damage|p2a: Thundurus|0 fnt
|faint|p2a: Thundurus
|
|-weather|RainDance|[upkeep]
|-heal|p1a: Breloom|36/100 tox|[from] ability: Poison Heal
|upkeep
|
|t:|1715979728
|switch|p2a: Latios|Latios, M|100/100
|turn|54
|
|t:|1715979730
|move|p1a: Breloom|Protect|p1a: Breloom
|-singleturn|p1a: Breloom|Protect
|move|p2a: Latios|Dragon Pulse|p1a: Breloom
|-activate|p1a: Breloom|move: Protect
|
|-weather|RainDance|[upkeep]
|-heal|p1a: Breloom|49/100 tox|[from] ability: Poison Heal
|upkeep
|turn|55
|
|t:|1715979732
|move|p2a: Latios|Dragon Pulse|p1a: Breloom
|-damage|p1a: Breloom|0 fnt
|faint|p1a: Breloom
|
|-weather|RainDance|[upkeep]
|upkeep
|
|t:|1715979739
|switch|p1a: Tentacruel|Tentacruel, M, shiny|61/100 brn
|-damage|p1a: Tentacruel|49/100 brn|[from] Stealth Rock
|-damage|p1a: Tentacruel|36/100 brn|[from] Spikes
|turn|56
|
|t:|1715979742
|move|p1a: Tentacruel|Protect|p1a: Tentacruel
|-singleturn|p1a: Tentacruel|Protect
|move|p2a: Latios|Dragon Pulse|p1a: Tentacruel
|-activate|p1a: Tentacruel|move: Protect
|
|-weather|RainDance|[upkeep]
|-heal|p1a: Tentacruel|42/100 brn|[from] ability: Rain Dish
|-heal|p1a: Tentacruel|48/100 brn|[from] item: Black Sludge
|-damage|p1a: Tentacruel|36/100 brn|[from] brn
|upkeep
|turn|57
|
|t:|1715979744
|move|p2a: Latios|Dragon Pulse|p1a: Tentacruel
|-damage|p1a: Tentacruel|0 fnt
|faint|p1a: Tentacruel
|
|-weather|RainDance|[upkeep]
|upkeep
|
|t:|1715979747
|switch|p1a: Scizor|Scizor, F, shiny|41/100
|-damage|p1a: Scizor|28/100|[from] Stealth Rock
|-damage|p1a: Scizor|16/100|[from] Spikes
|turn|58
|
|t:|1715979750
|move|p1a: Scizor|Pursuit|p2a: Latios
|-supereffective|p2a: Latios
|-damage|p2a: Latios|39/100
|move|p2a: Latios|Dragon Pulse|p1a: Scizor
|-resisted|p1a: Scizor
|-damage|p1a: Scizor|0 fnt
|faint|p1a: Scizor
|
|-weather|RainDance|[upkeep]
|upkeep
|
|t:|1715979753
|switch|p1a: Tornadus|Tornadus, M|28/100
|-damage|p1a: Tornadus|3/100|[from] Stealth Rock
|turn|59
|
|t:|1715979757
|move|p1a: Tornadus|Hurricane|p2a: Latios
|-crit|p2a: Latios
|-damage|p2a: Latios|0 fnt
|faint|p2a: Latios
|
|-weather|RainDance|[upkeep]
|upkeep
|
|t:|1715979759
|switch|p2a: Tentacruel|Tentacruel, M|53/100 par
|turn|60
|
|t:|1715979761
|move|p1a: Tornadus|Hurricane|p2a: Tentacruel
|-damage|p2a: Tentacruel|0 fnt
|faint|p2a: Tentacruel
|
|win|leoperi99
|raw|leoperi99's rating: 1443 &rarr; <strong>1463</strong><br />(+20 for winning)
|raw|misADVised's rating: 1438 &rarr; <strong>1418</strong><br />(-20 for losing)
|c|☆leoperi99|gg
|c|☆misADVised|gg
