|j|☆kobepayne
|j|‽Neimei
|player|p1|kobepayne|dahlia|1559
|player|p2|Neimei|elesa|1429
|teamsize|p1|6
|teamsize|p2|6
|gametype|singles
|gen|5
|tier|[Gen 5] OU
|rated|
|clearpoke
|poke|p1|Tyranitar, M|item
|poke|p1|Garchomp, M|item
|poke|p1|Rotom-Wash|item
|poke|p1|Landorus-Therian, M|item
|poke|p1|Ferrothorn, M|item
|poke|p1|Alakazam, F|item
|poke|p2|Tyranitar, M|item
|poke|p2|Gliscor, M|item
|poke|p2|Magnezone|item
|poke|p2|Excadrill, M|item
|poke|p2|Celebi|item
|poke|p2|Gyarados, F|item
|rule|Species Clause: Limit one of each Pokémon
|rule|OHKO Clause: OHKO moves are banned
|rule|Moody Clause: Moody is banned
|rule|Evasion Moves Clause: Evasion moves are banned
|rule|Endless Battle Clause: Forcing endless battles is banned
|rule|HP Percentage Mod: HP is shown in percentages
|rule|Evasion Abilities Clause: Evasion abilities are banned
|rule|Baton Pass Clause: Limit one Baton Passer, can't pass Spe and other stats simultaneously
|rule|Sleep Clause: Sleep-inducing moves are banned
|rule|Swagger Clause: Swagger is banned
|teampreview
|inactive|Battle timer is ON: inactive players will automatically lose when time's up. (requested by kobepayne)
|
|start
|switch|p1a: Garchomp|Garchomp, M|100/100
|switch|p2a: Tyranitar|Tyranitar, M|100/100
|-weather|Sandstorm|[from] ability: Sand Stream|[of] p2a: Tyranitar
|turn|1
|
|switch|p1a: Rotom|Rotom-Wash|100/100
|move|p2a: Tyranitar|Stealth Rock|p1a: Rotom
|-sidestart|p1: kobepayne|move: Stealth Rock
|
|-weather|Sandstorm|[upkeep]
|-damage|p1a: Rotom|95/100|[from] Sandstorm
|-heal|p1a: Rotom|100/100|[from] item: Leftovers
|upkeep
|turn|2
|
|move|p1a: Rotom|Will-O-Wisp|p2a: Tyranitar
|-status|p2a: Tyranitar|brn
|move|p2a: Tyranitar|Pursuit|p1a: Rotom
|-damage|p1a: Rotom|90/100
|
|-weather|Sandstorm|[upkeep]
|-damage|p1a: Rotom|84/100|[from] Sandstorm
|-heal|p1a: Rotom|90/100|[from] item: Leftovers
|-damage|p2a: Tyranitar|88/100 brn|[from] brn
|upkeep
|turn|3
|
|switch|p2a: Celebi|Celebi|100/100
|move|p1a: Rotom|Hydro Pump|p2a: Celebi|[miss]
|-miss|p1a: Rotom|p2a: Celebi
|
|-weather|Sandstorm|[upkeep]
|-damage|p2a: Celebi|94/100|[from] Sandstorm
|-damage|p1a: Rotom|84/100|[from] Sandstorm
|-heal|p2a: Celebi|100/100|[from] item: Leftovers
|-heal|p1a: Rotom|90/100|[from] item: Leftovers
|upkeep
|turn|4
|
|switch|p1a: Landorus|Landorus-Therian, M|100/100
|-damage|p1a: Landorus|88/100|[from] Stealth Rock
|-ability|p1a: Landorus|Intimidate|boost
|-unboost|p2a: Celebi|atk|1
|move|p2a: Celebi|Substitute|p2a: Celebi
|-start|p2a: Celebi|Substitute
|-damage|p2a: Celebi|75/100
|
|-weather|Sandstorm|[upkeep]
|-damage|p2a: Celebi|69/100|[from] Sandstorm
|-heal|p2a: Celebi|75/100|[from] item: Leftovers
|upkeep
|turn|5
|
|move|p1a: Landorus|U-turn|p2a: Celebi
|-supereffective|p2a: Celebi
|-end|p2a: Celebi|Substitute
|
|switch|p1a: Tyranitar|Tyranitar, M|100/100|[from]move: U-turn
|-damage|p1a: Tyranitar|88/100|[from] Stealth Rock
|move|p2a: Celebi|Substitute|p2a: Celebi
|-start|p2a: Celebi|Substitute
|-damage|p2a: Celebi|50/100
|
|-weather|Sandstorm|[upkeep]
|-damage|p2a: Celebi|44/100|[from] Sandstorm
|-heal|p2a: Celebi|50/100|[from] item: Leftovers
|upkeep
|turn|6
|
|move|p2a: Celebi|Baton Pass|p2a: Celebi
|
|switch|p2a: Excadrill|Excadrill, M|100/100|[from]move: Baton Pass
|-ability|p2a: Excadrill|Mold Breaker
|move|p1a: Tyranitar|Crunch|p2a: Excadrill
|-resisted|p2a: Excadrill
|-end|p2a: Excadrill|Substitute
|
|-weather|Sandstorm|[upkeep]
|upkeep
|turn|7
|
|switch|p1a: Landorus|Landorus-Therian, M|88/100
|-damage|p1a: Landorus|76/100|[from] Stealth Rock
|-ability|p1a: Landorus|Intimidate|boost
|-unboost|p2a: Excadrill|atk|1
|move|p2a: Excadrill|Iron Head|p1a: Landorus
|-damage|p1a: Landorus|58/100
|
|-weather|Sandstorm|[upkeep]
|upkeep
|turn|8
|
|switch|p1a: Garchomp|Garchomp, M|100/100
|-damage|p1a: Garchomp|94/100|[from] Stealth Rock
|switch|p2a: Gyarados|Gyarados, F|100/100
|-ability|p2a: Gyarados|Intimidate|boost
|-unboost|p1a: Garchomp|atk|1
|
|-weather|Sandstorm|[upkeep]
|-damage|p2a: Gyarados|94/100|[from] Sandstorm
|-heal|p2a: Gyarados|100/100|[from] item: Leftovers
|upkeep
|turn|9
|
|switch|p1a: Rotom|Rotom-Wash|90/100
|-damage|p1a: Rotom|78/100|[from] Stealth Rock
|move|p2a: Gyarados|Dragon Dance|p2a: Gyarados
|-boost|p2a: Gyarados|atk|1
|-boost|p2a: Gyarados|spe|1
|
|-weather|Sandstorm|[upkeep]
|-damage|p2a: Gyarados|94/100|[from] Sandstorm
|-damage|p1a: Rotom|72/100|[from] Sandstorm
|-heal|p2a: Gyarados|100/100|[from] item: Leftovers
|-heal|p1a: Rotom|78/100|[from] item: Leftovers
|upkeep
|turn|10
|
|switch|p2a: Excadrill|Excadrill, M|100/100
|-ability|p2a: Excadrill|Mold Breaker
|move|p1a: Rotom|Volt Switch|p2a: Excadrill
|-immune|p2a: Excadrill
|
|-weather|Sandstorm|[upkeep]
|-damage|p1a: Rotom|72/100|[from] Sandstorm
|-heal|p1a: Rotom|78/100|[from] item: Leftovers
|upkeep
|turn|11
|
|switch|p1a: Landorus|Landorus-Therian, M|58/100
|-damage|p1a: Landorus|46/100|[from] Stealth Rock
|-ability|p1a: Landorus|Intimidate|boost
|-unboost|p2a: Excadrill|atk|1
|move|p2a: Excadrill|Earthquake|p1a: Landorus
|-immune|p1a: Landorus
|
|-weather|Sandstorm|[upkeep]
|upkeep
|turn|12
|
|move|p2a: Excadrill|Protect|p2a: Excadrill
|-singleturn|p2a: Excadrill|Protect
|move|p1a: Landorus|U-turn|p2a: Excadrill
|-activate|p2a: Excadrill|move: Protect
|
|-weather|Sandstorm|[upkeep]
|upkeep
|turn|13
|
|move|p1a: Landorus|U-turn|p2a: Excadrill
|-resisted|p2a: Excadrill
|-damage|p2a: Excadrill|85/100
|
|switch|p1a: Garchomp|Garchomp, M|94/100|[from]move: U-turn
|-damage|p1a: Garchomp|88/100|[from] Stealth Rock
|move|p2a: Excadrill|Earthquake|p1a: Garchomp
|-damage|p1a: Garchomp|58/100
|
|-weather|Sandstorm|[upkeep]
|-heal|p2a: Excadrill|91/100|[from] item: Leftovers
|upkeep
|turn|14
|
|move|p1a: Garchomp|Stealth Rock|p2a: Excadrill
|-sidestart|p2: Neimei|move: Stealth Rock
|move|p2a: Excadrill|Rapid Spin|p1a: Garchomp
|-damage|p1a: Garchomp|53/100
|-damage|p2a: Excadrill|79/100|[from] ability: Rough Skin|[of] p1a: Garchomp
|-sideend|p2: Neimei|Stealth Rock|[from] move: Rapid Spin|[of] p2a: Excadrill
|
|-weather|Sandstorm|[upkeep]
|-heal|p2a: Excadrill|85/100|[from] item: Leftovers
|upkeep
|turn|15
|
|move|p1a: Garchomp|Stealth Rock|p2a: Excadrill
|-sidestart|p2: Neimei|move: Stealth Rock
|move|p2a: Excadrill|Rapid Spin|p1a: Garchomp
|-damage|p1a: Garchomp|49/100
|-damage|p2a: Excadrill|73/100|[from] ability: Rough Skin|[of] p1a: Garchomp
|-sideend|p2: Neimei|Stealth Rock|[from] move: Rapid Spin|[of] p2a: Excadrill
|
|-weather|Sandstorm|[upkeep]
|-heal|p2a: Excadrill|79/100|[from] item: Leftovers
|upkeep
|turn|16
|
|switch|p2a: Gyarados|Gyarados, F|100/100
|-ability|p2a: Gyarados|Intimidate|boost
|-unboost|p1a: Garchomp|atk|1
|move|p1a: Garchomp|Stealth Rock|p2a: Gyarados
|-sidestart|p2: Neimei|move: Stealth Rock
|
|-weather|Sandstorm|[upkeep]
|-damage|p2a: Gyarados|94/100|[from] Sandstorm
|-heal|p2a: Gyarados|100/100|[from] item: Leftovers
|upkeep
|turn|17
|
|switch|p1a: Rotom|Rotom-Wash|78/100
|-damage|p1a: Rotom|66/100|[from] Stealth Rock
|switch|p2a: Excadrill|Excadrill, M|79/100
|-damage|p2a: Excadrill|76/100|[from] Stealth Rock
|-ability|p2a: Excadrill|Mold Breaker
|
|-weather|Sandstorm|[upkeep]
|-damage|p1a: Rotom|60/100|[from] Sandstorm
|-heal|p2a: Excadrill|82/100|[from] item: Leftovers
|-heal|p1a: Rotom|66/100|[from] item: Leftovers
|upkeep
|turn|18
|
|switch|p1a: Landorus|Landorus-Therian, M|46/100
|-damage|p1a: Landorus|34/100|[from] Stealth Rock
|-ability|p1a: Landorus|Intimidate|boost
|-unboost|p2a: Excadrill|atk|1
|move|p2a: Excadrill|Rapid Spin|p1a: Landorus
|-damage|p1a: Landorus|30/100
|-sideend|p2: Neimei|Stealth Rock|[from] move: Rapid Spin|[of] p2a: Excadrill
|
|-weather|Sandstorm|[upkeep]
|-heal|p2a: Excadrill|88/100|[from] item: Leftovers
|upkeep
|turn|19
|
|switch|p1a: Garchomp|Garchomp, M|49/100
|-damage|p1a: Garchomp|43/100|[from] Stealth Rock
|switch|p2a: Gliscor|Gliscor, M|100/100
|
|-weather|Sandstorm|[upkeep]
|upkeep
|turn|20
|
|move|p1a: Garchomp|Draco Meteor|p2a: Gliscor
|-damage|p2a: Gliscor|0 fnt
|-unboost|p1a: Garchomp|spa|2
|-damage|p1a: Garchomp|33/100|[from] item: Life Orb
|faint|p2a: Gliscor
|
|-weather|Sandstorm|[upkeep]
|upkeep
|
|switch|p2a: Gyarados|Gyarados, F|100/100
|-ability|p2a: Gyarados|Intimidate|boost
|-unboost|p1a: Garchomp|atk|1
|turn|21
|
|switch|p1a: Rotom|Rotom-Wash|66/100
|-damage|p1a: Rotom|54/100|[from] Stealth Rock
|move|p2a: Gyarados|Dragon Dance|p2a: Gyarados
|-boost|p2a: Gyarados|atk|1
|-boost|p2a: Gyarados|spe|1
|
|-weather|Sandstorm|[upkeep]
|-damage|p2a: Gyarados|94/100|[from] Sandstorm
|-damage|p1a: Rotom|48/100|[from] Sandstorm
|-heal|p2a: Gyarados|100/100|[from] item: Leftovers
|-heal|p1a: Rotom|54/100|[from] item: Leftovers
|upkeep
|turn|22
|
|move|p2a: Gyarados|Substitute|p2a: Gyarados
|-start|p2a: Gyarados|Substitute
|-damage|p2a: Gyarados|76/100
|move|p1a: Rotom|Volt Switch|p2a: Gyarados
|-supereffective|p2a: Gyarados
|-end|p2a: Gyarados|Substitute
|
|switch|p1a: Landorus|Landorus-Therian, M|30/100|[from]move: Volt Switch
|-damage|p1a: Landorus|17/100|[from] Stealth Rock
|-ability|p1a: Landorus|Intimidate|boost
|-unboost|p2a: Gyarados|atk|1
|
|-weather|Sandstorm|[upkeep]
|-damage|p2a: Gyarados|69/100|[from] Sandstorm
|-heal|p2a: Gyarados|76/100|[from] item: Leftovers
|upkeep
|turn|23
|
|switch|p2a: Excadrill|Excadrill, M|88/100
|-ability|p2a: Excadrill|Mold Breaker
|move|p1a: Landorus|Stone Edge|p2a: Excadrill
|-resisted|p2a: Excadrill
|-damage|p2a: Excadrill|78/100
|
|-weather|Sandstorm|[upkeep]
|-heal|p2a: Excadrill|84/100|[from] item: Leftovers
|upkeep
|turn|24
|
|switch|p1a: Ferrothorn|Ferrothorn, M|100/100
|-damage|p1a: Ferrothorn|94/100|[from] Stealth Rock
|switch|p2a: Magnezone|Magnezone|100/100
|
|-weather|Sandstorm|[upkeep]
|-heal|p1a: Ferrothorn|100/100|[from] item: Leftovers
|upkeep
|turn|25
|j| qeod
|
|move|p2a: Magnezone|Substitute|p2a: Magnezone
|-start|p2a: Magnezone|Substitute
|-damage|p2a: Magnezone|76/100
|move|p1a: Ferrothorn|Spikes|p2a: Magnezone
|-sidestart|p2: Neimei|Spikes
|
|-weather|Sandstorm|[upkeep]
|-heal|p2a: Magnezone|82/100|[from] item: Leftovers
|upkeep
|turn|26
|
|move|p2a: Magnezone|Charge Beam|p1a: Ferrothorn
|-resisted|p1a: Ferrothorn
|-crit|p1a: Ferrothorn
|-damage|p1a: Ferrothorn|83/100
|move|p1a: Ferrothorn|Spikes|p2a: Magnezone
|-sidestart|p2: Neimei|Spikes
|
|-weather|Sandstorm|[upkeep]
|-heal|p2a: Magnezone|88/100|[from] item: Leftovers
|-heal|p1a: Ferrothorn|89/100|[from] item: Leftovers
|upkeep
|turn|27
|
|move|p2a: Magnezone|Charge Beam|p1a: Ferrothorn
|-resisted|p1a: Ferrothorn
|-damage|p1a: Ferrothorn|80/100
|-boost|p2a: Magnezone|spa|1
|move|p1a: Ferrothorn|Power Whip|p2a: Magnezone
|-resisted|p2a: Magnezone
|-activate|p2a: Magnezone|Substitute|[damage]
|
|-weather|Sandstorm|[upkeep]
|-heal|p2a: Magnezone|94/100|[from] item: Leftovers
|-heal|p1a: Ferrothorn|86/100|[from] item: Leftovers
|upkeep
|turn|28
|
|move|p2a: Magnezone|Charge Beam|p1a: Ferrothorn
|-resisted|p1a: Ferrothorn
|-damage|p1a: Ferrothorn|73/100
|-boost|p2a: Magnezone|spa|1
|move|p1a: Ferrothorn|Power Whip|p2a: Magnezone
|-resisted|p2a: Magnezone
|-end|p2a: Magnezone|Substitute
|
|-weather|Sandstorm|[upkeep]
|-heal|p2a: Magnezone|99/100|[from] item: Leftovers
|-heal|p1a: Ferrothorn|79/100|[from] item: Leftovers
|upkeep
|turn|29
|
|move|p2a: Magnezone|Substitute|p2a: Magnezone
|-start|p2a: Magnezone|Substitute
|-damage|p2a: Magnezone|75/100
|move|p1a: Ferrothorn|Power Whip|p2a: Magnezone
|-resisted|p2a: Magnezone
|-activate|p2a: Magnezone|Substitute|[damage]
|
|-weather|Sandstorm|[upkeep]
|-heal|p2a: Magnezone|81/100|[from] item: Leftovers
|-heal|p1a: Ferrothorn|86/100|[from] item: Leftovers
|upkeep
|turn|30
|
|move|p2a: Magnezone|Thunderbolt|p1a: Ferrothorn
|-resisted|p1a: Ferrothorn
|-damage|p1a: Ferrothorn|53/100
|move|p1a: Ferrothorn|Spikes|p2a: Magnezone
|-sidestart|p2: Neimei|Spikes
|
|-weather|Sandstorm|[upkeep]
|-heal|p2a: Magnezone|87/100|[from] item: Leftovers
|-heal|p1a: Ferrothorn|59/100|[from] item: Leftovers
|upkeep
|turn|31
|
|move|p2a: Magnezone|Charge Beam|p1a: Ferrothorn
|-resisted|p1a: Ferrothorn
|-damage|p1a: Ferrothorn|40/100
|-boost|p2a: Magnezone|spa|1
|move|p1a: Ferrothorn|Power Whip|p2a: Magnezone|[miss]
|-miss|p1a: Ferrothorn|p2a: Magnezone
|
|-weather|Sandstorm|[upkeep]
|-heal|p2a: Magnezone|93/100|[from] item: Leftovers
|-heal|p1a: Ferrothorn|46/100|[from] item: Leftovers
|upkeep
|turn|32
|
|move|p2a: Magnezone|Thunderbolt|p1a: Ferrothorn
|-resisted|p1a: Ferrothorn
|-damage|p1a: Ferrothorn|2/100
|move|p1a: Ferrothorn|Power Whip|p2a: Magnezone
|-resisted|p2a: Magnezone
|-end|p2a: Magnezone|Substitute
|
|-weather|Sandstorm|[upkeep]
|-heal|p2a: Magnezone|99/100|[from] item: Leftovers
|-heal|p1a: Ferrothorn|8/100|[from] item: Leftovers
|upkeep
|turn|33
|
|move|p2a: Magnezone|Substitute|p2a: Magnezone
|-start|p2a: Magnezone|Substitute
|-damage|p2a: Magnezone|74/100
|move|p1a: Ferrothorn|Power Whip|p2a: Magnezone
|-resisted|p2a: Magnezone
|-activate|p2a: Magnezone|Substitute|[damage]
|
|-weather|Sandstorm|[upkeep]
|-heal|p2a: Magnezone|80/100|[from] item: Leftovers
|-heal|p1a: Ferrothorn|14/100|[from] item: Leftovers
|upkeep
|turn|34
|
|move|p2a: Magnezone|Charge Beam|p1a: Ferrothorn
|-resisted|p1a: Ferrothorn
|-damage|p1a: Ferrothorn|0 fnt
|faint|p1a: Ferrothorn
|
|-weather|Sandstorm|[upkeep]
|-heal|p2a: Magnezone|86/100|[from] item: Leftovers
|upkeep
|
|switch|p1a: Tyranitar|Tyranitar, M|88/100
|-damage|p1a: Tyranitar|76/100|[from] Stealth Rock
|turn|35
|
|move|p2a: Magnezone|Thunderbolt|p1a: Tyranitar
|-damage|p1a: Tyranitar|13/100
|move|p1a: Tyranitar|Crunch|p2a: Magnezone
|-resisted|p2a: Magnezone
|-end|p2a: Magnezone|Substitute
|
|-weather|Sandstorm|[upkeep]
|-heal|p2a: Magnezone|92/100|[from] item: Leftovers
|upkeep
|turn|36
|
|move|p2a: Magnezone|Substitute|p2a: Magnezone
|-start|p2a: Magnezone|Substitute
|-damage|p2a: Magnezone|67/100
|move|p1a: Tyranitar|Superpower|p2a: Magnezone
|-supereffective|p2a: Magnezone
|-end|p2a: Magnezone|Substitute
|-unboost|p1a: Tyranitar|atk|1
|-unboost|p1a: Tyranitar|def|1
|
|-weather|Sandstorm|[upkeep]
|-heal|p2a: Magnezone|73/100|[from] item: Leftovers
|upkeep
|turn|37
|
|move|p2a: Magnezone|Substitute|p2a: Magnezone
|-start|p2a: Magnezone|Substitute
|-damage|p2a: Magnezone|49/100
|move|p1a: Tyranitar|Crunch|p2a: Magnezone
|-resisted|p2a: Magnezone
|-activate|p2a: Magnezone|Substitute|[damage]
|
|-weather|Sandstorm|[upkeep]
|-heal|p2a: Magnezone|55/100|[from] item: Leftovers
|upkeep
|turn|38
|
|move|p2a: Magnezone|Hidden Power|p1a: Tyranitar
|-damage|p1a: Tyranitar|0 fnt
|faint|p1a: Tyranitar
|
|-weather|Sandstorm|[upkeep]
|-heal|p2a: Magnezone|61/100|[from] item: Leftovers
|upkeep
|
|switch|p1a: Landorus|Landorus-Therian, M|17/100
|-damage|p1a: Landorus|5/100|[from] Stealth Rock
|-ability|p1a: Landorus|Intimidate|boost
|-immune|p2a: Magnezone
|turn|39
|
|move|p1a: Landorus|Earthquake|p2a: Magnezone
|-supereffective|p2a: Magnezone
|-end|p2a: Magnezone|Substitute
|move|p2a: Magnezone|Substitute|p2a: Magnezone
|-start|p2a: Magnezone|Substitute
|-damage|p2a: Magnezone|36/100
|
|-weather|Sandstorm|[upkeep]
|-heal|p2a: Magnezone|42/100|[from] item: Leftovers
|upkeep
|turn|40
|l| qeod
|
|move|p1a: Landorus|Earthquake|p2a: Magnezone
|-supereffective|p2a: Magnezone
|-end|p2a: Magnezone|Substitute
|move|p2a: Magnezone|Hidden Power|p1a: Landorus
|-supereffective|p1a: Landorus
|-damage|p1a: Landorus|0 fnt
|faint|p1a: Landorus
|
|-weather|Sandstorm|[upkeep]
|-heal|p2a: Magnezone|48/100|[from] item: Leftovers
|upkeep
|
|switch|p1a: Garchomp|Garchomp, M|33/100
|-damage|p1a: Garchomp|27/100|[from] Stealth Rock
|turn|41
|
|move|p1a: Garchomp|Earthquake|p2a: Magnezone
|-supereffective|p2a: Magnezone
|-damage|p2a: Magnezone|0 fnt
|-damage|p1a: Garchomp|17/100|[from] item: Life Orb
|faint|p2a: Magnezone
|
|-weather|Sandstorm|[upkeep]
|upkeep
|
|switch|p2a: Gyarados|Gyarados, F|76/100
|-ability|p2a: Gyarados|Intimidate|boost
|-unboost|p1a: Garchomp|atk|1
|turn|42
|
|switch|p1a: Rotom|Rotom-Wash|54/100
|-damage|p1a: Rotom|41/100|[from] Stealth Rock
|switch|p2a: Excadrill|Excadrill, M|84/100
|-damage|p2a: Excadrill|59/100|[from] Spikes
|-ability|p2a: Excadrill|Mold Breaker
|
|-weather|Sandstorm|[upkeep]
|-damage|p1a: Rotom|35/100|[from] Sandstorm
|-heal|p2a: Excadrill|65/100|[from] item: Leftovers
|-heal|p1a: Rotom|41/100|[from] item: Leftovers
|upkeep
|turn|43
|
|move|p2a: Excadrill|Earthquake|p1a: Rotom
|-supereffective|p1a: Rotom
|-damage|p1a: Rotom|0 fnt
|faint|p1a: Rotom
|
|-weather|Sandstorm|[upkeep]
|-heal|p2a: Excadrill|71/100|[from] item: Leftovers
|upkeep
|
|switch|p1a: Garchomp|Garchomp, M|17/100
|-damage|p1a: Garchomp|11/100|[from] Stealth Rock
|turn|44
|
|move|p2a: Excadrill|Protect|p2a: Excadrill
|-singleturn|p2a: Excadrill|Protect
|move|p1a: Garchomp|Stealth Rock|p2a: Excadrill
|-sidestart|p2: Neimei|move: Stealth Rock
|
|-weather|Sandstorm|[upkeep]
|-heal|p2a: Excadrill|77/100|[from] item: Leftovers
|upkeep
|turn|45
|
|move|p1a: Garchomp|Fire Blast|p2a: Excadrill
|-supereffective|p2a: Excadrill
|-damage|p2a: Excadrill|0 fnt
|-damage|p1a: Garchomp|1/100|[from] item: Life Orb
|faint|p2a: Excadrill
|
|-weather|Sandstorm|[upkeep]
|upkeep
|
|switch|p2a: Celebi|Celebi|50/100
|-damage|p2a: Celebi|25/100|[from] Spikes
|-damage|p2a: Celebi|13/100|[from] Stealth Rock
|turn|46
|
|move|p1a: Garchomp|Fire Blast|p2a: Celebi
|-supereffective|p2a: Celebi
|-damage|p2a: Celebi|0 fnt
|-damage|p1a: Garchomp|0 fnt|[from] item: Life Orb
|faint|p2a: Celebi
|faint|p1a: Garchomp
|
|-weather|Sandstorm|[upkeep]
|upkeep
|
|switch|p1a: Alakazam|Alakazam, F|100/100
|switch|p2a: Gyarados|Gyarados, F|76/100
|-damage|p2a: Gyarados|51/100|[from] Stealth Rock
|-ability|p2a: Gyarados|Intimidate|boost
|-unboost|p1a: Alakazam|atk|1
|turn|47
|
|move|p1a: Alakazam|Psychic|p2a: Gyarados
|-damage|p2a: Gyarados|0 fnt
|faint|p2a: Gyarados
|
|-weather|Sandstorm|[upkeep]
|upkeep
|
|switch|p2a: Tyranitar|Tyranitar, M|88/100 brn
|-damage|p2a: Tyranitar|63/100 brn|[from] Spikes
|-damage|p2a: Tyranitar|51/100 brn|[from] Stealth Rock
|turn|48
|
|move|p1a: Alakazam|Substitute|p1a: Alakazam
|-start|p1a: Alakazam|Substitute
|-damage|p1a: Alakazam|76/100
|move|p2a: Tyranitar|Crunch|p1a: Alakazam
|-supereffective|p1a: Alakazam
|-end|p1a: Alakazam|Substitute
|
|-weather|Sandstorm|[upkeep]
|-damage|p2a: Tyranitar|38/100 brn|[from] brn
|upkeep
|turn|49
|
|move|p1a: Alakazam|Substitute|p1a: Alakazam
|-start|p1a: Alakazam|Substitute
|-damage|p1a: Alakazam|51/100
|move|p2a: Tyranitar|Crunch|p1a: Alakazam
|-supereffective|p1a: Alakazam
|-end|p1a: Alakazam|Substitute
|
|-weather|Sandstorm|[upkeep]
|-damage|p2a: Tyranitar|26/100 brn|[from] brn
|upkeep
|turn|50
|
|move|p1a: Alakazam|Grass Knot|p2a: Tyranitar
|-supereffective|p2a: Tyranitar
|-damage|p2a: Tyranitar|0 fnt
|faint|p2a: Tyranitar
|
|win|kobepayne
|raw|kobepayne's rating: 1559 &rarr; <strong>1572</strong><br />(+13 for winning)
|raw|Neimei's rating: 1429 &rarr; <strong>1416</strong><br />(-13 for losing)
|l|‽Neimei
