|j|☆sandwichmanguy
|j|☆torinoko city
|t:|1724687030
|gametype|singles
|player|p1|sandwichmanguy|lucas|1395
|player|p2|torinoko city|miku-flying|1374
|teamsize|p1|6
|teamsize|p2|6
|gen|5
|tier|[Gen 5] OU
|rated|
|rule|Species Clause: Limit one of each Pokémon
|rule|OHKO Clause: OHKO moves are banned
|rule|Moody Clause: Moody is banned
|rule|Evasion Items Clause: Evasion items are banned
|rule|Evasion Moves Clause: Evasion moves are banned
|rule|Endless Battle Clause: Forcing endless battles is banned
|rule|HP Percentage Mod: HP is shown in percentages
|rule|Evasion Abilities Clause: Evasion abilities are banned
|rule|Sleep Moves Clause: Sleep-inducing moves are banned
|rule|Swagger Clause: Swagger is banned
|rule|Baton Pass Stat Clause: No Baton Passer may have a way to boost its stats
|clearpoke
|poke|p1|Ferrothorn, M|item
|poke|p1|Politoed, F|item
|poke|p1|Chansey, F|item
|poke|p1|Blastoise, M|item
|poke|p1|Keldeo|item
|poke|p1|Landorus-Therian, M|item
|poke|p2|Tyranitar, F|item
|poke|p2|Landorus-Therian, M|item
|poke|p2|Excadrill, F|item
|poke|p2|Terrakion|item
|poke|p2|Celebi|item
|poke|p2|Rotom-Wash|item
|teampreview
|inactive|Battle timer is ON: inactive players will automatically lose when time's up. (requested by torinoko city)
|c|☆sandwichmanguy|gl
|c|☆torinoko city|gl
|inactive|sandwichmanguy has 120 seconds left.
|inactive|torinoko city has 120 seconds left.
|
|t:|1724687075
|start
|switch|p1a: Chansey|Chansey, F|100/100
|switch|p2a: Landorus|Landorus-Therian, M|100/100
|-ability|p2a: Landorus|Intimidate|boost
|-unboost|p1a: Chansey|atk|1
|turn|1
|
|t:|1724687078
|move|p2a: Landorus|Stealth Rock|p1a: Chansey
|-sidestart|p1: sandwichmanguy|move: Stealth Rock
|move|p1a: Chansey|Stealth Rock|p2a: Landorus
|-sidestart|p2: torinoko city|move: Stealth Rock
|
|upkeep
|turn|2
|
|t:|1724687082
|move|p2a: Landorus|U-turn|p1a: Chansey
|-damage|p1a: Chansey|86/100
|
|t:|1724687088
|switch|p2a: Excadrill|Excadrill, F|100/100|[from] U-turn
|-damage|p2a: Excadrill|97/100|[from] Stealth Rock
|move|p1a: Chansey|Seismic Toss|p2a: Excadrill
|-damage|p2a: Excadrill|70/100
|
|upkeep
|turn|3
|
|t:|1724687094
|switch|p2a: Rotom|Rotom-Wash|100/100
|-damage|p2a: Rotom|88/100|[from] Stealth Rock
|switch|p1a: Landorus|Landorus-Therian, M|100/100
|-damage|p1a: Landorus|88/100|[from] Stealth Rock
|-ability|p1a: Landorus|Intimidate|boost
|-unboost|p2a: Rotom|atk|1
|
|upkeep
|turn|4
|
|t:|1724687099
|move|p2a: Rotom|Trick|p1a: Landorus
|-activate|p2a: Rotom|move: Trick|[of] p1a: Landorus
|-item|p1a: Landorus|Choice Scarf|[from] move: Trick
|-item|p2a: Rotom|Choice Scarf|[from] move: Trick
|move|p1a: Landorus|U-turn|p2a: Rotom
|-damage|p2a: Rotom|55/100
|
|t:|1724687126
|switch|p1a: Ferrothorn|Ferrothorn, M|100/100|[from] U-turn
|-damage|p1a: Ferrothorn|94/100|[from] Stealth Rock
|
|-heal|p1a: Ferrothorn|100/100|[from] item: Leftovers
|upkeep
|turn|5
|
|t:|1724687131
|move|p2a: Rotom|Volt Switch|p1a: Ferrothorn
|-resisted|p1a: Ferrothorn
|-damage|p1a: Ferrothorn|88/100
|
|t:|1724687133
|switch|p2a: Celebi|Celebi|100/100|[from] Volt Switch
|-damage|p2a: Celebi|88/100|[from] Stealth Rock
|move|p1a: Ferrothorn|Power Whip|p2a: Celebi|[miss]
|-miss|p1a: Ferrothorn|p2a: Celebi
|
|-heal|p2a: Celebi|94/100|[from] item: Leftovers
|-heal|p1a: Ferrothorn|94/100|[from] item: Leftovers
|upkeep
|turn|6
|
|t:|1724687135
|move|p2a: Celebi|Substitute|p2a: Celebi
|-start|p2a: Celebi|Substitute
|-damage|p2a: Celebi|69/100
|move|p1a: Ferrothorn|Knock Off|p2a: Celebi
|-supereffective|p2a: Celebi
|-activate|p2a: Celebi|Substitute|[damage]
|
|-heal|p2a: Celebi|76/100|[from] item: Leftovers
|-heal|p1a: Ferrothorn|99/100|[from] item: Leftovers
|upkeep
|turn|7
|
|t:|1724687139
|move|p2a: Celebi|Psychic|p1a: Ferrothorn
|-resisted|p1a: Ferrothorn
|-damage|p1a: Ferrothorn|88/100
|move|p1a: Ferrothorn|Power Whip|p2a: Celebi|[miss]
|-miss|p1a: Ferrothorn|p2a: Celebi
|
|-heal|p2a: Celebi|82/100|[from] item: Leftovers
|-heal|p1a: Ferrothorn|94/100|[from] item: Leftovers
|upkeep
|turn|8
|
|t:|1724687142
|move|p2a: Celebi|Psychic|p1a: Ferrothorn
|-resisted|p1a: Ferrothorn
|-damage|p1a: Ferrothorn|83/100
|move|p1a: Ferrothorn|Spikes|p2a: Celebi
|-sidestart|p2: torinoko city|Spikes
|
|-heal|p2a: Celebi|88/100|[from] item: Leftovers
|-heal|p1a: Ferrothorn|89/100|[from] item: Leftovers
|upkeep
|turn|9
|
|t:|1724687146
|move|p2a: Celebi|Baton Pass|p2a: Celebi
|
|t:|1724687148
|switch|p2a: Landorus|Landorus-Therian, M|100/100|[from] Baton Pass
|-damage|p2a: Landorus|88/100|[from] Stealth Rock
|-ability|p2a: Landorus|Intimidate|boost
|-unboost|p1a: Ferrothorn|atk|1
|move|p1a: Ferrothorn|Power Whip|p2a: Landorus
|-end|p2a: Landorus|Substitute
|
|-heal|p1a: Ferrothorn|95/100|[from] item: Leftovers
|upkeep
|turn|10
|
|t:|1724687157
|move|p2a: Landorus|Hidden Power|p1a: Ferrothorn
|-damage|p1a: Ferrothorn|83/100
|move|p1a: Ferrothorn|Leech Seed|p2a: Landorus
|-start|p2a: Landorus|move: Leech Seed
|
|-heal|p1a: Ferrothorn|89/100|[from] item: Leftovers
|-damage|p2a: Landorus|76/100|[from] Leech Seed|[of] p1a: Ferrothorn
|-heal|p1a: Ferrothorn|100/100|[silent]
|upkeep
|turn|11
|
|t:|1724687162
|move|p2a: Landorus|U-turn|p1a: Ferrothorn
|-damage|p1a: Ferrothorn|88/100
|-damage|p2a: Landorus|63/100|[from] ability: Iron Barbs|[of] p1a: Ferrothorn
|
|t:|1724687164
|switch|p2a: Terrakion|Terrakion|100/100|[from] U-turn
|-damage|p2a: Terrakion|94/100|[from] Stealth Rock
|-damage|p2a: Terrakion|82/100|[from] Spikes
|move|p1a: Ferrothorn|Knock Off|p2a: Terrakion
|-resisted|p2a: Terrakion
|-damage|p2a: Terrakion|80/100
|-ability|p2a: Terrakion|Justified|boost
|-boost|p2a: Terrakion|atk|1
|-enditem|p2a: Terrakion|Expert Belt|[from] move: Knock Off|[of] p1a: Ferrothorn
|
|-heal|p1a: Ferrothorn|94/100|[from] item: Leftovers
|upkeep
|turn|12
|
|t:|1724687175
|switch|p1a: Landorus|Landorus-Therian, M|88/100
|-damage|p1a: Landorus|76/100|[from] Stealth Rock
|-ability|p1a: Landorus|Intimidate|boost
|-unboost|p2a: Terrakion|atk|1
|move|p2a: Terrakion|Stone Edge|p1a: Landorus
|-damage|p1a: Landorus|18/100
|
|upkeep
|turn|13
|
|t:|1724687181
|switch|p2a: Rotom|Rotom-Wash|55/100
|-damage|p2a: Rotom|43/100|[from] Stealth Rock
|move|p1a: Landorus|U-turn|p2a: Rotom
|-damage|p2a: Rotom|7/100
|
|t:|1724687204
|switch|p1a: Blastoise|Blastoise, M|100/100|[from] U-turn
|-damage|p1a: Blastoise|88/100|[from] Stealth Rock
|
|-heal|p1a: Blastoise|94/100|[from] item: Leftovers
|upkeep
|turn|14
|
|t:|1724687207
|move|p2a: Rotom|Trick|p1a: Blastoise
|-activate|p2a: Rotom|move: Trick|[of] p1a: Blastoise
|-item|p1a: Blastoise|Choice Scarf|[from] move: Trick
|-item|p2a: Rotom|Leftovers|[from] move: Trick
|move|p1a: Blastoise|Rapid Spin|p2a: Rotom
|-damage|p2a: Rotom|3/100
|-sideend|p1: sandwichmanguy|Stealth Rock|[from] move: Rapid Spin|[of] p1a: Blastoise
|
|-heal|p2a: Rotom|9/100|[from] item: Leftovers
|upkeep
|turn|15
|
|t:|1724687215
|switch|p1a: Landorus|Landorus-Therian, M|18/100
|-ability|p1a: Landorus|Intimidate|boost
|-unboost|p2a: Rotom|atk|1
|move|p2a: Rotom|Trick|p1a: Landorus
|-activate|p2a: Rotom|move: Trick|[of] p1a: Landorus
|-item|p1a: Landorus|Leftovers|[from] move: Trick
|-item|p2a: Rotom|Choice Scarf|[from] move: Trick
|
|-heal|p1a: Landorus|24/100|[from] item: Leftovers
|upkeep
|turn|16
|
|t:|1724687221
|move|p2a: Rotom|Trick|p1a: Landorus
|-activate|p2a: Rotom|move: Trick|[of] p1a: Landorus
|-item|p1a: Landorus|Choice Scarf|[from] move: Trick
|-item|p2a: Rotom|Leftovers|[from] move: Trick
|move|p1a: Landorus|U-turn|p2a: Rotom
|-damage|p2a: Rotom|0 fnt
|faint|p2a: Rotom
|
|t:|1724687228
|switch|p1a: Politoed|Politoed, F|100/100|[from] U-turn
|-weather|RainDance|[from] ability: Drizzle|[of] p1a: Politoed
|
|-weather|RainDance|[upkeep]
|upkeep
|
|t:|1724687231
|switch|p2a: Celebi|Celebi|88/100
|-damage|p2a: Celebi|76/100|[from] Stealth Rock
|-damage|p2a: Celebi|63/100|[from] Spikes
|turn|17
|
|t:|1724687240
|move|p2a: Celebi|Substitute|p2a: Celebi
|-start|p2a: Celebi|Substitute
|-damage|p2a: Celebi|38/100
|move|p1a: Politoed|Hydro Pump|p2a: Celebi
|-resisted|p2a: Celebi
|-end|p2a: Celebi|Substitute
|
|-weather|RainDance|[upkeep]
|-heal|p2a: Celebi|45/100|[from] item: Leftovers
|upkeep
|turn|18
|
|t:|1724687245
|move|p2a: Celebi|Recover|p2a: Celebi
|-heal|p2a: Celebi|95/100
|move|p1a: Politoed|Toxic|p2a: Celebi
|-status|p2a: Celebi|tox
|
|-weather|RainDance|[upkeep]
|-heal|p2a: Celebi|100/100 tox|[from] item: Leftovers
|-damage|p2a: Celebi|94/100 tox|[from] psn
|upkeep
|turn|19
|
|t:|1724687249
|move|p2a: Celebi|Substitute|p2a: Celebi
|-start|p2a: Celebi|Substitute
|-damage|p2a: Celebi|69/100 tox
|move|p1a: Politoed|Hydro Pump|p2a: Celebi
|-resisted|p2a: Celebi
|-end|p2a: Celebi|Substitute
|
|-weather|RainDance|[upkeep]
|-heal|p2a: Celebi|76/100 tox|[from] item: Leftovers
|-damage|p2a: Celebi|63/100 tox|[from] psn
|upkeep
|turn|20
|
|t:|1724687253
|move|p2a: Celebi|Psychic|p1a: Politoed
|-damage|p1a: Politoed|71/100
|move|p1a: Politoed|Hydro Pump|p2a: Celebi|[miss]
|-miss|p1a: Politoed|p2a: Celebi
|
|-weather|RainDance|[upkeep]
|-heal|p2a: Celebi|69/100 tox|[from] item: Leftovers
|-damage|p2a: Celebi|51/100 tox|[from] psn
|upkeep
|turn|21
|
|t:|1724687256
|move|p2a: Celebi|Baton Pass|p2a: Celebi
|
|t:|1724687260
|-curestatus|p2a: Celebi|tox|[from] ability: Natural Cure
|switch|p2a: Tyranitar|Tyranitar, F|100/100|[from] Baton Pass
|-damage|p2a: Tyranitar|88/100|[from] Stealth Rock
|-damage|p2a: Tyranitar|76/100|[from] Spikes
|-weather|Sandstorm|[from] ability: Sand Stream|[of] p2a: Tyranitar
|move|p1a: Politoed|Hydro Pump|p2a: Tyranitar|[miss]
|-miss|p1a: Politoed|p2a: Tyranitar
|
|-weather|Sandstorm|[upkeep]
|-damage|p1a: Politoed|65/100|[from] Sandstorm
|upkeep
|turn|22
|
|t:|1724687267
|move|p1a: Politoed|Hydro Pump|p2a: Tyranitar
|-supereffective|p2a: Tyranitar
|-damage|p2a: Tyranitar|22/100
|move|p2a: Tyranitar|Crunch|p1a: Politoed
|-damage|p1a: Politoed|16/100
|
|-weather|Sandstorm|[upkeep]
|-damage|p1a: Politoed|10/100|[from] Sandstorm
|upkeep
|turn|23
|
|t:|1724687272
|switch|p2a: Celebi|Celebi|51/100
|-damage|p2a: Celebi|38/100|[from] Stealth Rock
|-damage|p2a: Celebi|26/100|[from] Spikes
|move|p1a: Politoed|Rest|p1a: Politoed
|-status|p1a: Politoed|slp|[from] move: Rest
|-heal|p1a: Politoed|100/100 slp|[silent]
|-enditem|p1a: Politoed|Chesto Berry|[eat]
|-curestatus|p1a: Politoed|slp|[msg]
|
|-weather|Sandstorm|[upkeep]
|-damage|p2a: Celebi|20/100|[from] Sandstorm
|-damage|p1a: Politoed|94/100|[from] Sandstorm
|-heal|p2a: Celebi|26/100|[from] item: Leftovers
|upkeep
|turn|24
|
|t:|1724687277
|switch|p1a: Landorus|Landorus-Therian, M|24/100
|-ability|p1a: Landorus|Intimidate|boost
|-unboost|p2a: Celebi|atk|1
|move|p2a: Celebi|Recover|p2a: Celebi
|-heal|p2a: Celebi|76/100
|
|-weather|Sandstorm|[upkeep]
|-damage|p2a: Celebi|70/100|[from] Sandstorm
|-heal|p2a: Celebi|76/100|[from] item: Leftovers
|upkeep
|turn|25
|
|t:|1724687298
|switch|p2a: Landorus|Landorus-Therian, M|63/100
|-damage|p2a: Landorus|51/100|[from] Stealth Rock
|-ability|p2a: Landorus|Intimidate|boost
|-unboost|p1a: Landorus|atk|1
|move|p1a: Landorus|U-turn|p2a: Landorus
|-resisted|p2a: Landorus
|-damage|p2a: Landorus|42/100
|
|t:|1724687303
|switch|p1a: Politoed|Politoed, F|94/100|[from] U-turn
|-weather|RainDance|[from] ability: Drizzle|[of] p1a: Politoed
|
|-weather|RainDance|[upkeep]
|upkeep
|turn|26
|
|t:|1724687306
|switch|p1a: Blastoise|Blastoise, M|94/100
|move|p2a: Landorus|Earthquake|p1a: Blastoise
|-damage|p1a: Blastoise|63/100
|
|-weather|RainDance|[upkeep]
|-heal|p1a: Blastoise|70/100|[from] ability: Rain Dish
|upkeep
|turn|27
|
|t:|1724687312
|switch|p2a: Celebi|Celebi|76/100
|-damage|p2a: Celebi|64/100|[from] Stealth Rock
|-damage|p2a: Celebi|51/100|[from] Spikes
|move|p1a: Blastoise|Rapid Spin|p2a: Celebi
|-damage|p2a: Celebi|49/100
|
|-weather|RainDance|[upkeep]
|-heal|p1a: Blastoise|76/100|[from] ability: Rain Dish
|-heal|p2a: Celebi|55/100|[from] item: Leftovers
|upkeep
|turn|28
|
|t:|1724687318
|switch|p1a: Landorus|Landorus-Therian, M|24/100
|-ability|p1a: Landorus|Intimidate|boost
|-unboost|p2a: Celebi|atk|1
|move|p2a: Celebi|Substitute|p2a: Celebi
|-start|p2a: Celebi|Substitute
|-damage|p2a: Celebi|30/100
|
|-weather|RainDance|[upkeep]
|-heal|p2a: Celebi|36/100|[from] item: Leftovers
|upkeep
|turn|29
|
|t:|1724687321
|move|p1a: Landorus|U-turn|p2a: Celebi
|-supereffective|p2a: Celebi
|-end|p2a: Celebi|Substitute
|
|t:|1724687331
|switch|p1a: Keldeo|Keldeo|100/100|[from] U-turn
|move|p2a: Celebi|Substitute|p2a: Celebi
|-start|p2a: Celebi|Substitute
|-damage|p2a: Celebi|12/100
|
|-weather|RainDance|[upkeep]
|-heal|p2a: Celebi|18/100|[from] item: Leftovers
|upkeep
|turn|30
|
|t:|1724687334
|move|p1a: Keldeo|Calm Mind|p1a: Keldeo
|-boost|p1a: Keldeo|spa|1
|-boost|p1a: Keldeo|spd|1
|move|p2a: Celebi|Recover|p2a: Celebi
|-heal|p2a: Celebi|68/100
|
|-weather|RainDance|[upkeep]
|-heal|p2a: Celebi|74/100|[from] item: Leftovers
|upkeep
|turn|31
|
|t:|1724687339
|move|p1a: Keldeo|Hidden Power|p2a: Celebi
|-supereffective|p2a: Celebi
|-end|p2a: Celebi|Substitute
|move|p2a: Celebi|Baton Pass|p2a: Celebi
|
|t:|1724687344
|switch|p2a: Tyranitar|Tyranitar, F|22/100|[from] Baton Pass
|-damage|p2a: Tyranitar|9/100|[from] Stealth Rock
|-damage|p2a: Tyranitar|0 fnt|[from] Spikes
|faint|p2a: Tyranitar
|
|-weather|RainDance|[upkeep]
|upkeep
|
|t:|1724687345
|switch|p2a: Terrakion|Terrakion|80/100
|-damage|p2a: Terrakion|74/100|[from] Stealth Rock
|-damage|p2a: Terrakion|62/100|[from] Spikes
|turn|32
|
|t:|1724687350
|move|p2a: Terrakion|Close Combat|p1a: Keldeo
|-damage|p1a: Keldeo|44/100
|-unboost|p2a: Terrakion|def|1
|-unboost|p2a: Terrakion|spd|1
|move|p1a: Keldeo|Secret Sword|p2a: Terrakion
|-supereffective|p2a: Terrakion
|-damage|p2a: Terrakion|0 fnt
|faint|p2a: Terrakion
|
|-weather|RainDance|[upkeep]
|-heal|p1a: Keldeo|50/100|[from] item: Leftovers
|upkeep
|
|t:|1724687355
|switch|p2a: Celebi|Celebi|74/100
|-damage|p2a: Celebi|62/100|[from] Stealth Rock
|-damage|p2a: Celebi|49/100|[from] Spikes
|turn|33
|
|t:|1724687359
|move|p1a: Keldeo|Calm Mind|p1a: Keldeo
|-boost|p1a: Keldeo|spa|1
|-boost|p1a: Keldeo|spd|1
|move|p2a: Celebi|Psychic|p1a: Keldeo
|-supereffective|p1a: Keldeo
|-damage|p1a: Keldeo|21/100
|
|-weather|RainDance|[upkeep]
|-heal|p1a: Keldeo|27/100|[from] item: Leftovers
|-heal|p2a: Celebi|56/100|[from] item: Leftovers
|upkeep
|turn|34
|
|t:|1724687366
|move|p1a: Keldeo|Hidden Power|p2a: Celebi
|-supereffective|p2a: Celebi
|-crit|p2a: Celebi
|-damage|p2a: Celebi|0 fnt
|faint|p2a: Celebi
|
|-weather|RainDance|[upkeep]
|-heal|p1a: Keldeo|34/100|[from] item: Leftovers
|upkeep
|-message|torinoko city forfeited.
|
|win|sandwichmanguy
|raw|sandwichmanguy's rating: 1395 &rarr; <strong>1414</strong><br />(+19 for winning)
|raw|torinoko city's rating: 1374 &rarr; <strong>1355</strong><br />(-19 for losing)
