|j|☆Gh0st of Perdition
|j|☆Alolan Fries
|player|p1|Gh0st of Perdition|guitarist-gen4|1533
|player|p2|Alolan Fries|lucas|1396
|teamsize|p1|6
|teamsize|p2|6
|gametype|singles
|gen|5
|tier|[Gen 5] OU
|rated|
|clearpoke
|poke|p1|Tyranitar, F|item
|poke|p1|Landorus-Therian, M|item
|poke|p1|Terrakion|item
|poke|p1|Excadrill, F|item
|poke|p1|Breloom, M|item
|poke|p1|Rotom-Wash|item
|poke|p2|Tyranitar, F|item
|poke|p2|Gastrodon, F|item
|poke|p2|Ferrothorn, F|item
|poke|p2|Excadrill, M|item
|poke|p2|Reuniclus, M|item
|poke|p2|Landorus-Therian, M|item
|rule|Species Clause: Limit one of each Pokémon
|rule|OHKO Clause: OHKO moves are banned
|rule|Moody Clause: Moody is banned
|rule|Evasion Moves Clause: Evasion moves are banned
|rule|Endless Battle Clause: Forcing endless battles is banned
|rule|HP Percentage Mod: HP is shown in percentages
|rule|Evasion Abilities Clause: Evasion abilities are banned
|rule|Baton Pass Clause: Limit one Baton Passer, can't pass Spe and other stats simultaneously
|rule|Sleep Clause: Sleep-inducing moves are banned
|rule|Swagger Clause: Swagger is banned
|teampreview
|
|start
|switch|p1a: Rotom|Rotom-Wash|100/100
|switch|p2a: Ferrothorn|Ferrothorn, F|100/100
|turn|1
|
|move|p1a: Rotom|Will-O-Wisp|p2a: Ferrothorn
|-status|p2a: Ferrothorn|brn
|move|p2a: Ferrothorn|Stealth Rock|p1a: Rotom
|-sidestart|p1: Gh0st of Perdition|move: Stealth Rock
|
|-damage|p2a: Ferrothorn|88/100 brn|[from] brn
|upkeep
|turn|2
|
|move|p1a: Rotom|Volt Switch|p2a: Ferrothorn
|-resisted|p2a: Ferrothorn
|-damage|p2a: Ferrothorn|79/100 brn
|
|switch|p1a: Excadrill|Excadrill, F|100/100|[from]move: Volt Switch
|-damage|p1a: Excadrill|97/100|[from] Stealth Rock
|move|p2a: Ferrothorn|Knock Off|p1a: Excadrill
|-resisted|p1a: Excadrill
|-damage|p1a: Excadrill|96/100
|-enditem|p1a: Excadrill|Leftovers|[from] move: Knock Off|[of] p2a: Ferrothorn
|
|-heal|p2a: Ferrothorn|85/100 brn|[from] item: Leftovers
|-damage|p2a: Ferrothorn|73/100 brn|[from] brn
|upkeep
|turn|3
|
|switch|p2a: Gastrodon|Gastrodon, F|100/100
|move|p1a: Excadrill|Rapid Spin|p2a: Gastrodon
|-crit|p2a: Gastrodon
|-damage|p2a: Gastrodon|90/100
|-sideend|p1: Gh0st of Perdition|Stealth Rock|[from] move: Rapid Spin|[of] p1a: Excadrill
|
|-heal|p2a: Gastrodon|96/100|[from] item: Leftovers
|upkeep
|turn|4
|
|switch|p1a: Rotom|Rotom-Wash|100/100
|move|p2a: Gastrodon|Scald|p1a: Rotom
|-resisted|p1a: Rotom
|-damage|p1a: Rotom|90/100
|
|-heal|p1a: Rotom|96/100|[from] item: Leftovers
|-heal|p2a: Gastrodon|100/100|[from] item: Leftovers
|upkeep
|turn|5
|
|switch|p1a: Breloom|Breloom, M|100/100
|switch|p2a: Ferrothorn|Ferrothorn, F|73/100 brn
|
|-heal|p2a: Ferrothorn|79/100 brn|[from] item: Leftovers
|-damage|p2a: Ferrothorn|66/100 brn|[from] brn
|-status|p1a: Breloom|tox|[from] item: Toxic Orb
|upkeep
|turn|6
|
|switch|p2a: Landorus|Landorus-Therian, M|100/100
|-ability|p2a: Landorus|Intimidate|boost
|-unboost|p1a: Breloom|atk|1
|move|p1a: Breloom|Swords Dance|p1a: Breloom
|-boost|p1a: Breloom|atk|2
|
|upkeep
|turn|7
|
|move|p1a: Breloom|Protect|p1a: Breloom
|-singleturn|p1a: Breloom|Protect
|move|p2a: Landorus|U-turn|p1a: Breloom
|-activate|p1a: Breloom|move: Protect
|
|upkeep
|turn|8
|
|move|p2a: Landorus|U-turn|p1a: Breloom
|-damage|p1a: Breloom|65/100 tox
|
|switch|p2a: Reuniclus|Reuniclus, M|100/100|[from]move: U-turn
|move|p1a: Breloom|Facade|p2a: Reuniclus
|-damage|p2a: Reuniclus|52/100
|
|-heal|p2a: Reuniclus|58/100|[from] item: Leftovers
|-heal|p1a: Breloom|77/100 tox|[from] ability: Poison Heal
|upkeep
|turn|9
|
|switch|p1a: Tyranitar|Tyranitar, F|100/100
|-weather|Sandstorm|[from] ability: Sand Stream|[of] p1a: Tyranitar
|move|p2a: Reuniclus|Recover|p2a: Reuniclus
|-heal|p2a: Reuniclus|100/100
|
|-weather|Sandstorm|[upkeep]
|upkeep
|turn|10
|
|switch|p2a: Landorus|Landorus-Therian, M|100/100
|-ability|p2a: Landorus|Intimidate|boost
|-unboost|p1a: Tyranitar|atk|1
|move|p1a: Tyranitar|Crunch|p2a: Landorus
|-damage|p2a: Landorus|69/100
|
|-weather|Sandstorm|[upkeep]
|upkeep
|turn|11
|
|switch|p1a: Landorus|Landorus-Therian, M|100/100
|-ability|p1a: Landorus|Intimidate|boost
|-unboost|p2a: Landorus|atk|1
|move|p2a: Landorus|U-turn|p1a: Landorus
|-resisted|p1a: Landorus
|-crit|p1a: Landorus
|-damage|p1a: Landorus|73/100
|-damage|p2a: Landorus|52/100|[from] item: Rocky Helmet|[of] p1a: Landorus
|
|switch|p2a: Gastrodon|Gastrodon, F|100/100|[from]move: U-turn
|
|-weather|Sandstorm|[upkeep]
|upkeep
|turn|12
|
|move|p1a: Landorus|U-turn|p2a: Gastrodon
|-damage|p2a: Gastrodon|85/100
|
|switch|p1a: Breloom|Breloom, M|77/100 tox|[from]move: U-turn
|move|p2a: Gastrodon|Ice Beam|p1a: Breloom
|-supereffective|p1a: Breloom
|-damage|p1a: Breloom|29/100 tox
|
|-weather|Sandstorm|[upkeep]
|-damage|p1a: Breloom|22/100 tox|[from] Sandstorm
|-heal|p2a: Gastrodon|91/100|[from] item: Leftovers
|-heal|p1a: Breloom|35/100 tox|[from] ability: Poison Heal
|upkeep
|turn|13
|
|move|p1a: Breloom|Drain Punch|p2a: Gastrodon
|-damage|p2a: Gastrodon|66/100
|-heal|p1a: Breloom|51/100 tox|[from] drain|[of] p2a: Gastrodon
|move|p2a: Gastrodon|Scald|p1a: Breloom
|-resisted|p1a: Breloom
|-damage|p1a: Breloom|36/100 tox
|
|-weather|Sandstorm|[upkeep]
|-damage|p1a: Breloom|30/100 tox|[from] Sandstorm
|-heal|p2a: Gastrodon|72/100|[from] item: Leftovers
|-heal|p1a: Breloom|43/100 tox|[from] ability: Poison Heal
|upkeep
|turn|14
|
|move|p1a: Breloom|Protect|p1a: Breloom
|-singleturn|p1a: Breloom|Protect
|move|p2a: Gastrodon|Ice Beam|p1a: Breloom
|-activate|p1a: Breloom|move: Protect
|
|-weather|Sandstorm|[upkeep]
|-damage|p1a: Breloom|36/100 tox|[from] Sandstorm
|-heal|p2a: Gastrodon|79/100|[from] item: Leftovers
|-heal|p1a: Breloom|49/100 tox|[from] ability: Poison Heal
|upkeep
|turn|15
|
|switch|p1a: Terrakion|Terrakion|100/100
|move|p2a: Gastrodon|Ice Beam|p1a: Terrakion
|-damage|p1a: Terrakion|84/100
|
|-weather|Sandstorm|[upkeep]
|-heal|p2a: Gastrodon|85/100|[from] item: Leftovers
|upkeep
|turn|16
|
|switch|p2a: Ferrothorn|Ferrothorn, F|66/100 brn
|move|p1a: Terrakion|Close Combat|p2a: Ferrothorn
|-supereffective|p2a: Ferrothorn
|-damage|p2a: Ferrothorn|0 fnt
|-unboost|p1a: Terrakion|def|1
|-unboost|p1a: Terrakion|spd|1
|-damage|p1a: Terrakion|71/100|[from] ability: Iron Barbs|[of] p2a: Ferrothorn
|faint|p2a: Ferrothorn
|
|-weather|Sandstorm|[upkeep]
|upkeep
|
|switch|p2a: Landorus|Landorus-Therian, M|52/100
|-ability|p2a: Landorus|Intimidate|boost
|-unboost|p1a: Terrakion|atk|1
|turn|17
|
|switch|p1a: Rotom|Rotom-Wash|96/100
|move|p2a: Landorus|Hidden Power|p1a: Rotom
|-resisted|p1a: Rotom
|-damage|p1a: Rotom|90/100
|
|-weather|Sandstorm|[upkeep]
|-damage|p1a: Rotom|84/100|[from] Sandstorm
|-heal|p1a: Rotom|90/100|[from] item: Leftovers
|upkeep
|turn|18
|
|switch|p2a: Reuniclus|Reuniclus, M|100/100
|move|p1a: Rotom|Will-O-Wisp|p2a: Reuniclus
|-status|p2a: Reuniclus|brn
|
|-weather|Sandstorm|[upkeep]
|-damage|p1a: Rotom|84/100|[from] Sandstorm
|-heal|p1a: Rotom|90/100|[from] item: Leftovers
|upkeep
|turn|19
|
|switch|p2a: Excadrill|Excadrill, M|100/100
|-ability|p2a: Excadrill|Mold Breaker
|move|p1a: Rotom|Volt Switch|p2a: Excadrill
|-immune|p2a: Excadrill
|
|-weather|Sandstorm|[upkeep]
|-damage|p1a: Rotom|84/100|[from] Sandstorm
|-heal|p1a: Rotom|90/100|[from] item: Leftovers
|upkeep
|turn|20
|
|switch|p1a: Landorus|Landorus-Therian, M|73/100
|-ability|p1a: Landorus|Intimidate|boost
|-unboost|p2a: Excadrill|atk|1
|move|p2a: Excadrill|Toxic|p1a: Landorus|[miss]
|-miss|p2a: Excadrill|p1a: Landorus
|
|-weather|Sandstorm|[upkeep]
|upkeep
|turn|21
|
|move|p1a: Landorus|Stealth Rock|p2a: Excadrill
|-sidestart|p2: Alolan Fries|move: Stealth Rock
|move|p2a: Excadrill|Toxic|p1a: Landorus
|-status|p1a: Landorus|tox
|
|-weather|Sandstorm|[upkeep]
|-damage|p1a: Landorus|67/100 tox|[from] psn
|upkeep
|turn|22
|
|switch|p1a: Terrakion|Terrakion|71/100
|move|p2a: Excadrill|Protect||[still]
|-fail|p2a: Excadrill
|
|-weather|Sandstorm|[upkeep]
|upkeep
|turn|23
|
|move|p2a: Excadrill|Protect|p2a: Excadrill
|-singleturn|p2a: Excadrill|Protect
|move|p1a: Terrakion|Close Combat|p2a: Excadrill
|-activate|p2a: Excadrill|move: Protect
|
|-weather|Sandstorm|[upkeep]
|upkeep
|turn|24
|
|move|p1a: Terrakion|Close Combat|p2a: Excadrill
|-supereffective|p2a: Excadrill
|-damage|p2a: Excadrill|0 fnt
|-unboost|p1a: Terrakion|def|1
|-unboost|p1a: Terrakion|spd|1
|faint|p2a: Excadrill
|
|-weather|Sandstorm|[upkeep]
|upkeep
|-message|Alolan Fries forfeited.
|
|win|Gh0st of Perdition
|l|☆Alolan Fries
|raw|Gh0st of Perdition's rating: 1533 &rarr; <strong>1545</strong><br />(+12 for winning)
|raw|Alolan Fries's rating: 1396 &rarr; <strong>1383</strong><br />(-13 for losing)
