|j|☆Cinema Staff Fan
|j|☆CringLord!
|t:|1742046038
|gametype|singles
|player|p1|Cinema Staff Fan|iris|1392
|player|p2|CringLord!|wallace|1511
|teamsize|p1|6
|teamsize|p2|6
|gen|5
|tier|[Gen 5] OU
|rated|
|rule|Species Clause: Limit one of each Pokémon
|rule|OHKO Clause: OHKO moves are banned
|rule|Moody Clause: Moody is banned
|rule|Evasion Items Clause: Evasion items are banned
|rule|Evasion Moves Clause: Evasion moves are banned
|rule|Endless Battle Clause: Forcing endless battles is banned
|rule|HP Percentage Mod: HP is shown in percentages
|rule|Evasion Abilities Clause: Evasion abilities are banned
|rule|Sleep Moves Clause: Sleep-inducing moves are banned
|rule|Swagger Clause: Swagger is banned
|rule|Baton Pass Stat Clause: No Baton Passer may have a way to boost its stats
|clearpoke
|poke|p1|Landorus-Therian, M|item
|poke|p1|Rotom-Wash|item
|poke|p1|Starmie|item
|poke|p1|Tyranitar, M|item
|poke|p1|Conkeldurr, M|item
|poke|p1|Alakazam, F|item
|poke|p2|Politoed, F|item
|poke|p2|Thundurus-Therian, M|item
|poke|p2|Mamoswine, M|item
|poke|p2|Tentacruel, M|item
|poke|p2|Ferrothorn, F|item
|poke|p2|Keldeo|item
|teampreview
|inactive|Battle timer is ON: inactive players will automatically lose when time's up. (requested by Cinema Staff Fan)
|
|t:|1742046091
|start
|switch|p1a: Conkeldurr|Conkeldurr, M|100/100
|switch|p2a: Ferrothorn|Ferrothorn, F|100/100
|turn|1
|
|t:|1742046096
|switch|p2a: Politoed|Politoed, F|100/100
|-weather|RainDance|[from] ability: Drizzle|[of] p2a: Politoed
|move|p1a: Conkeldurr|Drain Punch|p2a: Politoed
|-damage|p2a: Politoed|48/100
|-damage|p1a: Conkeldurr|91/100|[from] item: Life Orb
|
|-weather|RainDance|[upkeep]
|-heal|p2a: Politoed|54/100|[from] item: Leftovers
|upkeep
|turn|2
|
|t:|1742046109
|switch|p2a: Thundurus|Thundurus-Therian, M|100/100
|move|p1a: Conkeldurr|Thunder Punch|p2a: Thundurus
|-immune|p2a: Thundurus|[from] ability: Volt Absorb
|
|-weather|RainDance|[upkeep]
|upkeep
|turn|3
|
|t:|1742046121
|move|p2a: Thundurus|U-turn|p1a: Conkeldurr
|-resisted|p1a: Conkeldurr
|-damage|p1a: Conkeldurr|83/100
|
|t:|1742046127
|switch|p2a: Keldeo|Keldeo|100/100|[from] U-turn
|move|p1a: Conkeldurr|Ice Punch|p2a: Keldeo
|-resisted|p2a: Keldeo
|-damage|p2a: Keldeo|74/100
|-damage|p1a: Conkeldurr|73/100|[from] item: Life Orb
|
|-weather|RainDance|[upkeep]
|upkeep
|turn|4
|
|t:|1742046139
|switch|p1a: Rotom|Rotom-Wash|100/100
|move|p2a: Keldeo|Hydro Pump|p1a: Rotom
|-resisted|p1a: Rotom
|-damage|p1a: Rotom|51/100
|
|-weather|RainDance|[upkeep]
|-heal|p1a: Rotom|57/100|[from] item: Leftovers
|upkeep
|turn|5
|
|t:|1742046151
|switch|p2a: Thundurus|Thundurus-Therian, M|100/100
|move|p1a: Rotom|Pain Split|p2a: Thundurus
|-sethp|p2a: Thundurus|79/100|[from] move: Pain Split|[silent]
|-sethp|p1a: Rotom|79/100|[from] move: Pain Split
|
|-weather|RainDance|[upkeep]
|-heal|p2a: Thundurus|85/100|[from] item: Leftovers
|-heal|p1a: Rotom|85/100|[from] item: Leftovers
|upkeep
|turn|6
|
|t:|1742046157
|move|p2a: Thundurus|Thunder|p1a: Rotom
|-damage|p1a: Rotom|16/100
|move|p1a: Rotom|Hydro Pump|p2a: Thundurus
|-crit|p2a: Thundurus
|-damage|p2a: Thundurus|0 fnt
|faint|p2a: Thundurus
|
|-weather|RainDance|[upkeep]
|-heal|p1a: Rotom|22/100|[from] item: Leftovers
|upkeep
|
|t:|1742046161
|switch|p2a: Keldeo|Keldeo|74/100
|turn|7
|
|t:|1742046164
|move|p2a: Keldeo|Surf|p1a: Rotom
|-resisted|p1a: Rotom
|-damage|p1a: Rotom|0 fnt
|faint|p1a: Rotom
|
|-weather|RainDance|[upkeep]
|upkeep
|
|t:|1742046172
|switch|p1a: Starmie|Starmie|100/100
|-item|p1a: Starmie|Air Balloon
|turn|8
|
|t:|1742046177
|switch|p2a: Ferrothorn|Ferrothorn, F|100/100
|switch|p1a: Conkeldurr|Conkeldurr, M|73/100
|
|-weather|RainDance|[upkeep]
|upkeep
|turn|9
|inactive|CringLord! has 120 seconds left.
|
|t:|1742046219
|switch|p2a: Tentacruel|Tentacruel, M|100/100
|move|p1a: Conkeldurr|Drain Punch|p2a: Tentacruel
|-resisted|p2a: Tentacruel
|-damage|p2a: Tentacruel|55/100
|-heal|p1a: Conkeldurr|95/100|[from] drain|[of] p2a: Tentacruel
|-damage|p1a: Conkeldurr|85/100|[from] item: Life Orb
|
|-weather|RainDance|[upkeep]
|-heal|p2a: Tentacruel|61/100|[from] ability: Rain Dish
|-heal|p2a: Tentacruel|67/100|[from] item: Black Sludge
|upkeep
|turn|10
|
|t:|1742046228
|move|p2a: Tentacruel|Protect|p2a: Tentacruel
|-singleturn|p2a: Tentacruel|Protect
|move|p1a: Conkeldurr|Drain Punch|p2a: Tentacruel
|-activate|p2a: Tentacruel|move: Protect
|
|-weather|RainDance|[upkeep]
|-heal|p2a: Tentacruel|73/100|[from] ability: Rain Dish
|-heal|p2a: Tentacruel|80/100|[from] item: Black Sludge
|upkeep
|turn|11
|
|t:|1742046237
|move|p2a: Tentacruel|Scald|p1a: Conkeldurr
|-crit|p1a: Conkeldurr
|-damage|p1a: Conkeldurr|12/100
|move|p1a: Conkeldurr|Thunder Punch|p2a: Tentacruel
|-supereffective|p2a: Tentacruel
|-damage|p2a: Tentacruel|0 fnt
|faint|p2a: Tentacruel
|-damage|p1a: Conkeldurr|2/100|[from] item: Life Orb
|
|-weather|RainDance|[upkeep]
|upkeep
|
|t:|1742046247
|switch|p2a: Keldeo|Keldeo|74/100
|turn|12
|
|t:|1742046251
|move|p1a: Conkeldurr|Mach Punch|p2a: Keldeo
|-damage|p2a: Keldeo|31/100
|-damage|p1a: Conkeldurr|0 fnt|[from] item: Life Orb
|faint|p1a: Conkeldurr
|move|p2a: Keldeo|Surf|p1: Conkeldurr|[notarget]
|-fail|p2a: Keldeo
|
|-weather|RainDance|[upkeep]
|upkeep
|
|t:|1742046277
|switch|p1a: Starmie|Starmie|100/100
|-item|p1a: Starmie|Air Balloon
|turn|13
|
|t:|1742046283
|switch|p2a: Ferrothorn|Ferrothorn, F|100/100
|move|p1a: Starmie|Thunderbolt|p2a: Ferrothorn
|-resisted|p2a: Ferrothorn
|-damage|p2a: Ferrothorn|89/100
|
|-weather|RainDance|[upkeep]
|upkeep
|turn|14
|j| Officer Furgal
|
|t:|1742046295
|switch|p1a: Tyranitar|Tyranitar, M|100/100
|-weather|Sandstorm|[from] ability: Sand Stream|[of] p1a: Tyranitar
|move|p2a: Ferrothorn|Power Whip|p1a: Tyranitar
|-supereffective|p1a: Tyranitar
|-damage|p1a: Tyranitar|43/100
|
|-weather|Sandstorm|[upkeep]
|upkeep
|turn|15
|l| Officer Furgal
|
|t:|1742046307
|switch|p2a: Politoed|Politoed, F|54/100
|-weather|RainDance|[from] ability: Drizzle|[of] p2a: Politoed
|move|p1a: Tyranitar|Superpower|p2a: Politoed
|-damage|p2a: Politoed|24/100
|-unboost|p1a: Tyranitar|atk|1
|-unboost|p1a: Tyranitar|def|1
|
|-weather|RainDance|[upkeep]
|-heal|p2a: Politoed|30/100|[from] item: Leftovers
|upkeep
|turn|16
|
|t:|1742046319
|move|p2a: Politoed|Scald|p1a: Tyranitar
|-supereffective|p1a: Tyranitar
|-damage|p1a: Tyranitar|0 fnt
|faint|p1a: Tyranitar
|
|-weather|RainDance|[upkeep]
|-heal|p2a: Politoed|37/100|[from] item: Leftovers
|upkeep
|
|t:|1742046329
|switch|p1a: Landorus|Landorus-Therian, M|100/100
|-ability|p1a: Landorus|Intimidate|boost
|-unboost|p2a: Politoed|atk|1
|turn|17
|
|t:|1742046335
|move|p2a: Politoed|Protect|p2a: Politoed
|-singleturn|p2a: Politoed|Protect
|move|p1a: Landorus|Earthquake|p2a: Politoed
|-activate|p2a: Politoed|move: Protect
|
|-weather|RainDance|[upkeep]
|-heal|p2a: Politoed|43/100|[from] item: Leftovers
|upkeep
|turn|18
|
|t:|1742046338
|move|p1a: Landorus|Earthquake|p2a: Politoed
|-damage|p2a: Politoed|0 fnt
|faint|p2a: Politoed
|
|-weather|RainDance|[upkeep]
|upkeep
|
|t:|1742046354
|switch|p2a: Keldeo|Keldeo|31/100
|turn|19
|
|t:|1742046360
|switch|p1a: Starmie|Starmie|100/100
|-item|p1a: Starmie|Air Balloon
|move|p2a: Keldeo|Surf|p1a: Starmie
|-resisted|p1a: Starmie
|-damage|p1a: Starmie|49/100
|-enditem|p1a: Starmie|Air Balloon
|
|-weather|RainDance|[upkeep]
|upkeep
|turn|20
|
|t:|1742046364
|move|p2a: Keldeo|Surf|p1a: Starmie
|-resisted|p1a: Starmie
|-damage|p1a: Starmie|0 fnt
|faint|p1a: Starmie
|
|-weather|RainDance|[upkeep]
|upkeep
|
|t:|1742046369
|switch|p1a: Alakazam|Alakazam, F|100/100
|turn|21
|
|t:|1742046372
|move|p2a: Keldeo|Surf|p1a: Alakazam
|-enditem|p1a: Alakazam|Focus Sash
|-damage|p1a: Alakazam|1/100
|move|p1a: Alakazam|Focus Blast|p2a: Keldeo|[miss]
|-miss|p1a: Alakazam|p2a: Keldeo
|
|-weather|RainDance|[upkeep]
|upkeep
|turn|22
|
|t:|1742046375
|move|p2a: Keldeo|Surf|p1a: Alakazam
|-damage|p1a: Alakazam|0 fnt
|faint|p1a: Alakazam
|
|-weather|RainDance|[upkeep]
|upkeep
|
|t:|1742046377
|switch|p1a: Landorus|Landorus-Therian, M|100/100
|-ability|p1a: Landorus|Intimidate|boost
|-unboost|p2a: Keldeo|atk|1
|turn|23
|
|t:|1742046379
|move|p2a: Keldeo|Surf|p1a: Landorus
|-supereffective|p1a: Landorus
|-damage|p1a: Landorus|0 fnt
|faint|p1a: Landorus
|
|win|CringLord!
|raw|Cinema Staff Fan's rating: 1392 &rarr; <strong>1379</strong><br />(-13 for losing)
|raw|CringLord!'s rating: 1511 &rarr; <strong>1524</strong><br />(+13 for winning)
|c|☆CringLord!|gg
|l|☆Cinema Staff Fan
|player|p1|
