|j|☆sunraku2
|j|☆lord txde
|t:|1715117711
|gametype|singles
|player|p1|sunraku2|1|1347
|player|p2|lord txde|170|1411
|teamsize|p1|6
|teamsize|p2|6
|gen|5
|tier|[Gen 5] OU
|rated|
|rule|Species Clause: Limit one of each Pokémon
|rule|OHKO Clause: OHKO moves are banned
|rule|Moody Clause: Moody is banned
|rule|Evasion Items Clause: Evasion items are banned
|rule|Evasion Moves Clause: Evasion moves are banned
|rule|Endless Battle Clause: Forcing endless battles is banned
|rule|HP Percentage Mod: HP is shown in percentages
|rule|Evasion Abilities Clause: Evasion abilities are banned
|rule|Sleep Moves Clause: Sleep-inducing moves are banned
|rule|Swagger Clause: Swagger is banned
|rule|Baton Pass Stat Clause: No Baton Passer may have a way to boost its stats
|clearpoke
|poke|p1|Abomasnow, M|item
|poke|p1|Starmie|item
|poke|p1|Kyurem|item
|poke|p1|Jirachi|item
|poke|p1|Dragonite, M|item
|poke|p1|Volcarona, F|item
|poke|p2|Hydreigon, F|item
|poke|p2|Scizor, F|item
|poke|p2|Rotom-Wash|item
|poke|p2|Landorus-Therian, M|item
|poke|p2|Alakazam, F|item
|poke|p2|Froslass, F|item
|teampreview
|
|t:|1715117733
|start
|switch|p1a: Kyurem|Kyurem|100/100
|switch|p2a: Froslass|Froslass, F|100/100
|-ability|p1a: Kyurem|Pressure
|turn|1
|inactive|Battle timer is ON: inactive players will automatically lose when time's up. (requested by lord txde)
|
|t:|1715117739
|move|p2a: Froslass|Spikes|p1a: Kyurem
|-sidestart|p1: sunraku2|Spikes
|move|p1a: Kyurem|Draco Meteor|p2a: Froslass
|-enditem|p2a: Froslass|Focus Sash
|-damage|p2a: Froslass|1/100
|-unboost|p1a: Kyurem|spa|2
|
|upkeep
|turn|2
|
|t:|1715117769
|switch|p2a: Scizor|Scizor, F|100/100
|switch|p1a: Jirachi|Jirachi|100/100
|-damage|p1a: Jirachi|88/100|[from] Spikes
|
|-heal|p1a: Jirachi|94/100|[from] item: Leftovers
|upkeep
|turn|3
|
|t:|1715117777
|move|p1a: Jirachi|Stealth Rock|p2a: Scizor
|-sidestart|p2: lord txde|move: Stealth Rock
|move|p2a: Scizor|U-turn|p1a: Jirachi
|-damage|p1a: Jirachi|46/100
|
|t:|1715117797
|switch|p2a: Landorus|Landorus-Therian, M|100/100|[from] U-turn
|-damage|p2a: Landorus|88/100|[from] Stealth Rock
|-ability|p2a: Landorus|Intimidate|boost
|-unboost|p1a: Jirachi|atk|1
|
|-heal|p1a: Jirachi|52/100|[from] item: Leftovers
|upkeep
|turn|4
|
|t:|1715117806
|move|p2a: Landorus|Stealth Rock|p1a: Jirachi
|-sidestart|p1: sunraku2|move: Stealth Rock
|move|p1a: Jirachi|Icy Wind|p2a: Landorus
|-supereffective|p2a: Landorus
|-crit|p2a: Landorus
|-damage|p2a: Landorus|0 fnt
|faint|p2a: Landorus
|
|-heal|p1a: Jirachi|58/100|[from] item: Leftovers
|upkeep
|
|t:|1715117818
|switch|p2a: Hydreigon|Hydreigon, F|100/100
|-damage|p2a: Hydreigon|88/100|[from] Stealth Rock
|turn|5
|
|t:|1715117825
|move|p2a: Hydreigon|Fire Blast|p1a: Jirachi|[miss]
|-miss|p2a: Hydreigon|p1a: Jirachi
|move|p1a: Jirachi|Icy Wind|p2a: Hydreigon
|-supereffective|p2a: Hydreigon
|-damage|p2a: Hydreigon|57/100
|-unboost|p2a: Hydreigon|spe|1
|
|-heal|p1a: Jirachi|64/100|[from] item: Leftovers
|upkeep
|turn|6
|
|t:|1715117846
|move|p1a: Jirachi|Icy Wind|p2a: Hydreigon
|-supereffective|p2a: Hydreigon
|-crit|p2a: Hydreigon
|-damage|p2a: Hydreigon|1/100
|-unboost|p2a: Hydreigon|spe|1
|move|p2a: Hydreigon|Roost|p2a: Hydreigon
|-heal|p2a: Hydreigon|52/100
|-singleturn|p2a: Hydreigon|move: Roost
|
|-heal|p1a: Jirachi|71/100|[from] item: Leftovers
|upkeep
|turn|7
|
|t:|1715117860
|move|p1a: Jirachi|Icy Wind|p2a: Hydreigon
|-supereffective|p2a: Hydreigon
|-damage|p2a: Hydreigon|24/100
|-unboost|p2a: Hydreigon|spe|1
|move|p2a: Hydreigon|Fire Blast|p1a: Jirachi
|-supereffective|p1a: Jirachi
|-damage|p1a: Jirachi|0 fnt
|faint|p1a: Jirachi
|-damage|p2a: Hydreigon|15/100|[from] item: Life Orb
|
|upkeep
|
|t:|1715117874
|switch|p1a: Starmie|Starmie|100/100
|-damage|p1a: Starmie|88/100|[from] Stealth Rock
|-item|p1a: Starmie|Air Balloon
|turn|8
|
|t:|1715117878
|switch|p2a: Froslass|Froslass, F|1/100
|-damage|p2a: Froslass|0 fnt|[from] Stealth Rock
|faint|p2a: Froslass
|move|p1a: Starmie|Rapid Spin|p2: Froslass|[notarget]
|-fail|p1a: Starmie
|
|upkeep
|
|t:|1715117879
|switch|p2a: Rotom|Rotom-Wash|100/100
|-damage|p2a: Rotom|88/100|[from] Stealth Rock
|turn|9
|
|t:|1715117889
|move|p2a: Rotom|Volt Switch|p1a: Starmie
|-supereffective|p1a: Starmie
|-damage|p1a: Starmie|0 fnt
|-enditem|p1a: Starmie|Air Balloon
|faint|p1a: Starmie
|
|t:|1715117895
|switch|p2a: Alakazam|Alakazam, F|100/100|[from] Volt Switch
|
|upkeep
|
|t:|1715117901
|switch|p1a: Dragonite|Dragonite, M|100/100
|-damage|p1a: Dragonite|76/100|[from] Stealth Rock
|turn|10
|
|t:|1715117908
|move|p1a: Dragonite|Extreme Speed|p2a: Alakazam
|-damage|p2a: Alakazam|18/100
|move|p2a: Alakazam|Hidden Power|p1a: Dragonite
|-supereffective|p1a: Dragonite
|-damage|p1a: Dragonite|0 fnt
|faint|p1a: Dragonite
|
|upkeep
|
|t:|1715117921
|switch|p1a: Abomasnow|Abomasnow, M, shiny|100/100
|-damage|p1a: Abomasnow|88/100|[from] Spikes
|-damage|p1a: Abomasnow|63/100|[from] Stealth Rock
|-weather|Hail|[from] ability: Snow Warning|[of] p1a: Abomasnow
|turn|11
|
|t:|1715117927
|switch|p2a: Hydreigon|Hydreigon, F|15/100
|-damage|p2a: Hydreigon|2/100|[from] Stealth Rock
|move|p1a: Abomasnow|Blizzard|p2a: Hydreigon
|-supereffective|p2a: Hydreigon
|-damage|p2a: Hydreigon|0 fnt
|faint|p2a: Hydreigon
|
|-weather|Hail|[upkeep]
|upkeep
|
|t:|1715117929
|switch|p2a: Scizor|Scizor, F|100/100
|-damage|p2a: Scizor|88/100|[from] Stealth Rock
|turn|12
|
|t:|1715117942
|move|p2a: Scizor|U-turn|p1a: Abomasnow
|-supereffective|p1a: Abomasnow
|-crit|p1a: Abomasnow
|-damage|p1a: Abomasnow|0 fnt
|faint|p1a: Abomasnow
|
|t:|1715117952
|switch|p2a: Alakazam|Alakazam, F|18/100|[from] U-turn
|
|-weather|Hail|[upkeep]
|upkeep
|j| ImStephen
|l| ImStephen
|inactive|sunraku2 has 120 seconds left.
|
|t:|1715117983
|switch|p1a: Volcarona|Volcarona, F|100/100
|-damage|p1a: Volcarona|88/100|[from] Spikes
|-damage|p1a: Volcarona|38/100|[from] Stealth Rock
|turn|13
|
|t:|1715117986
|move|p2a: Alakazam|Psychic|p1a: Volcarona
|-damage|p1a: Volcarona|0 fnt
|faint|p1a: Volcarona
|
|-weather|Hail|[upkeep]
|upkeep
|
|t:|1715117990
|switch|p1a: Kyurem|Kyurem|100/100
|-damage|p1a: Kyurem|88/100|[from] Spikes
|-damage|p1a: Kyurem|63/100|[from] Stealth Rock
|-ability|p1a: Kyurem|Pressure
|turn|14
|
|t:|1715117994
|move|p2a: Alakazam|Focus Blast|p1a: Kyurem|[miss]
|-miss|p2a: Alakazam|p1a: Kyurem
|move|p1a: Kyurem|Blizzard|p2a: Alakazam
|-damage|p2a: Alakazam|0 fnt
|faint|p2a: Alakazam
|
|-weather|Hail|[upkeep]
|upkeep
|
|t:|1715117995
|switch|p2a: Scizor|Scizor, F|88/100
|-damage|p2a: Scizor|76/100|[from] Stealth Rock
|turn|15
|
|t:|1715117997
|move|p2a: Scizor|Bullet Punch|p1a: Kyurem
|-supereffective|p1a: Kyurem
|-damage|p1a: Kyurem|0 fnt
|faint|p1a: Kyurem
|
|win|lord txde
|raw|sunraku2's rating: 1347 &rarr; <strong>1331</strong><br />(-16 for losing)
|raw|lord txde's rating: 1411 &rarr; <strong>1427</strong><br />(+16 for winning)
