|j|☆x0vr
|j|☆bwcbestbytest
|t:|1715848790
|gametype|singles
|player|p1|x0vr|elesa|1280
|player|p2|bwcbestbytest|lucas|1641
|teamsize|p1|6
|teamsize|p2|6
|gen|5
|tier|[Gen 5] OU
|rated|
|rule|Species Clause: Limit one of each Pokémon
|rule|OHKO Clause: OHKO moves are banned
|rule|Moody Clause: Moody is banned
|rule|Evasion Items Clause: Evasion items are banned
|rule|Evasion Moves Clause: Evasion moves are banned
|rule|Endless Battle Clause: Forcing endless battles is banned
|rule|HP Percentage Mod: HP is shown in percentages
|rule|Evasion Abilities Clause: Evasion abilities are banned
|rule|Sleep Moves Clause: Sleep-inducing moves are banned
|rule|Swagger Clause: Swagger is banned
|rule|Baton Pass Stat Clause: No Baton Passer may have a way to boost its stats
|clearpoke
|poke|p1|Latios, M|item
|poke|p1|Tyranitar, F|item
|poke|p1|Landorus-Therian, M|item
|poke|p1|Magnezone|item
|poke|p1|Jellicent, F|item
|poke|p1|Ferrothorn, M|item
|poke|p2|Tyranitar, M|item
|poke|p2|Skarmory, F|item
|poke|p2|Alakazam, M|item
|poke|p2|Gliscor, F|item
|poke|p2|Latios, M|item
|poke|p2|Rotom-Wash|item
|teampreview
|inactive|Battle timer is ON: inactive players will automatically lose when time's up. (requested by x0vr)
|
|t:|1715848822
|start
|switch|p1a: Landorus|Landorus-Therian, M, shiny|100/100
|switch|p2a: Gliscor|Gliscor, F|100/100
|-ability|p1a: Landorus|Intimidate|boost
|-unboost|p2a: Gliscor|atk|1
|turn|1
|
|t:|1715848828
|move|p1a: Landorus|Hidden Power|p2a: Gliscor
|-supereffective|p2a: Gliscor
|-damage|p2a: Gliscor|36/100
|move|p2a: Gliscor|Stealth Rock|p1a: Landorus
|-sidestart|p1: x0vr|move: Stealth Rock
|
|-status|p2a: Gliscor|tox|[from] item: Toxic Orb
|upkeep
|turn|2
|
|t:|1715848832
|move|p2a: Gliscor|Protect|p2a: Gliscor
|-singleturn|p2a: Gliscor|Protect
|move|p1a: Landorus|Hidden Power|p2a: Gliscor
|-activate|p2a: Gliscor|move: Protect
|
|-heal|p2a: Gliscor|49/100 tox|[from] ability: Poison Heal
|upkeep
|turn|3
|
|t:|1715848836
|switch|p2a: Rotom|Rotom-Wash|100/100
|move|p1a: Landorus|Hidden Power|p2a: Rotom
|-resisted|p2a: Rotom
|-damage|p2a: Rotom|91/100
|
|upkeep
|turn|4
|
|t:|1715848847
|switch|p1a: Magnezone|Magnezone, shiny|100/100
|-damage|p1a: Magnezone|94/100|[from] Stealth Rock
|-item|p1a: Magnezone|Air Balloon
|move|p2a: Rotom|Volt Switch|p1a: Magnezone
|-resisted|p1a: Magnezone
|-damage|p1a: Magnezone|79/100
|-enditem|p1a: Magnezone|Air Balloon
|
|t:|1715848852
|switch|p2a: Gliscor|Gliscor, F|49/100 tox|[from] Volt Switch
|
|-heal|p2a: Gliscor|61/100 tox|[from] ability: Poison Heal
|upkeep
|turn|5
|
|t:|1715848864
|switch|p1a: Ferrothorn|Ferrothorn, M|100/100
|-damage|p1a: Ferrothorn|94/100|[from] Stealth Rock
|move|p2a: Gliscor|U-turn|p1a: Ferrothorn
|-damage|p1a: Ferrothorn|82/100
|-damage|p2a: Gliscor|49/100 tox|[from] ability: Iron Barbs|[of] p1a: Ferrothorn
|inactive|bwcbestbytest has 120 seconds left.
|
|t:|1715848915
|switch|p2a: Skarmory|Skarmory, F|100/100|[from] U-turn
|
|-heal|p1a: Ferrothorn|89/100|[from] item: Leftovers
|upkeep
|turn|6
|
|t:|1715848923
|move|p2a: Skarmory|Spikes|p1a: Ferrothorn
|-sidestart|p1: x0vr|Spikes
|move|p1a: Ferrothorn|Stealth Rock|p2a: Skarmory
|-sidestart|p2: bwcbestbytest|move: Stealth Rock
|
|-heal|p1a: Ferrothorn|95/100|[from] item: Leftovers
|upkeep
|turn|7
|
|t:|1715848929
|move|p1a: Ferrothorn|Thunder Wave|p2a: Skarmory
|-status|p2a: Skarmory|par
|move|p2a: Skarmory|Whirlwind|p1a: Ferrothorn
|drag|p1a: Latios|Latios, M, shiny|100/100
|-damage|p1a: Latios|88/100|[from] Stealth Rock
|
|upkeep
|turn|8
|
|t:|1715848933
|switch|p1a: Magnezone|Magnezone, shiny|79/100
|-damage|p1a: Magnezone|73/100|[from] Stealth Rock
|-damage|p1a: Magnezone|60/100|[from] Spikes
|cant|p2a: Skarmory|par
|
|upkeep
|turn|9
|
|t:|1715848941
|move|p1a: Magnezone|Thunderbolt|p2a: Skarmory
|-supereffective|p2a: Skarmory
|-ability|p2a: Skarmory|Sturdy
|-damage|p2a: Skarmory|1/100 par
|cant|p2a: Skarmory|par
|
|-heal|p2a: Skarmory|7/100 par|[from] item: Leftovers
|upkeep
|turn|10
|
|t:|1715848954
|move|p1a: Magnezone|Hidden Power|p2a: Skarmory
|-supereffective|p2a: Skarmory
|-damage|p2a: Skarmory|0 fnt
|faint|p2a: Skarmory
|
|upkeep
|
|t:|1715848957
|switch|p2a: Gliscor|Gliscor, F|49/100 tox
|-damage|p2a: Gliscor|36/100 tox|[from] Stealth Rock
|turn|11
|
|t:|1715848970
|switch|p1a: Landorus|Landorus-Therian, M, shiny|100/100
|-damage|p1a: Landorus|88/100|[from] Stealth Rock
|-ability|p1a: Landorus|Intimidate|boost
|-unboost|p2a: Gliscor|atk|1
|move|p2a: Gliscor|Earthquake|p1a: Landorus
|-immune|p1a: Landorus
|
|-heal|p2a: Gliscor|49/100 tox|[from] ability: Poison Heal
|upkeep
|turn|12
|
|t:|1715848983
|move|p2a: Gliscor|Protect|p2a: Gliscor
|-singleturn|p2a: Gliscor|Protect
|move|p1a: Landorus|U-turn|p2a: Gliscor
|-activate|p2a: Gliscor|move: Protect
|
|-heal|p2a: Gliscor|61/100 tox|[from] ability: Poison Heal
|upkeep
|turn|13
|
|t:|1715848990
|move|p1a: Landorus|U-turn|p2a: Gliscor
|-resisted|p2a: Gliscor
|-damage|p2a: Gliscor|52/100 tox
|
|t:|1715849009
|switch|p1a: Latios|Latios, M, shiny|88/100|[from] U-turn
|-damage|p1a: Latios|76/100|[from] Stealth Rock
|move|p2a: Gliscor|U-turn|p1a: Latios
|-supereffective|p1a: Latios
|-damage|p1a: Latios|50/100
|
|t:|1715849015
|switch|p2a: Tyranitar|Tyranitar, M|100/100|[from] U-turn
|-damage|p2a: Tyranitar|88/100|[from] Stealth Rock
|-weather|Sandstorm|[from] ability: Sand Stream|[of] p2a: Tyranitar
|
|-weather|Sandstorm|[upkeep]
|-damage|p1a: Latios|44/100|[from] Sandstorm
|upkeep
|turn|14
|
|t:|1715849033
|move|p1a: Latios|Draco Meteor|p2a: Tyranitar
|-damage|p2a: Tyranitar|34/100
|-unboost|p1a: Latios|spa|2
|move|p2a: Tyranitar|Pursuit|p1a: Latios
|-supereffective|p1a: Latios
|-damage|p1a: Latios|0 fnt
|faint|p1a: Latios
|
|-weather|Sandstorm|[upkeep]
|upkeep
|inactive|x0vr has 120 seconds left.
|
|t:|1715849059
|switch|p1a: Jellicent|Jellicent, F, shiny|100/100
|-damage|p1a: Jellicent|88/100|[from] Stealth Rock
|-damage|p1a: Jellicent|76/100|[from] Spikes
|turn|15
|
|t:|1715849064
|move|p2a: Tyranitar|Crunch|p1a: Jellicent
|-supereffective|p1a: Jellicent
|-damage|p1a: Jellicent|0 fnt
|faint|p1a: Jellicent
|
|-weather|Sandstorm|[upkeep]
|upkeep
|
|t:|1715849072
|switch|p1a: Landorus|Landorus-Therian, M, shiny|88/100
|-damage|p1a: Landorus|76/100|[from] Stealth Rock
|-ability|p1a: Landorus|Intimidate|boost
|-unboost|p2a: Tyranitar|atk|1
|turn|16
|
|t:|1715849094
|move|p1a: Landorus|U-turn|p2a: Tyranitar
|-supereffective|p2a: Tyranitar
|-damage|p2a: Tyranitar|0 fnt
|faint|p2a: Tyranitar
|
|t:|1715849104
|switch|p1a: Ferrothorn|Ferrothorn, M|95/100|[from] U-turn
|-damage|p1a: Ferrothorn|89/100|[from] Stealth Rock
|-damage|p1a: Ferrothorn|76/100|[from] Spikes
|
|-weather|Sandstorm|[upkeep]
|-heal|p1a: Ferrothorn|82/100|[from] item: Leftovers
|upkeep
|inactive|bwcbestbytest has 120 seconds left.
|
|t:|1715849141
|switch|p2a: Rotom|Rotom-Wash|91/100
|-damage|p2a: Rotom|79/100|[from] Stealth Rock
|turn|17
|
|t:|1715849146
|move|p2a: Rotom|Will-O-Wisp|p1a: Ferrothorn|[miss]
|-miss|p2a: Rotom|p1a: Ferrothorn
|move|p1a: Ferrothorn|Leech Seed|p2a: Rotom
|-start|p2a: Rotom|move: Leech Seed
|
|-weather|Sandstorm|[upkeep]
|-damage|p2a: Rotom|73/100|[from] Sandstorm
|-heal|p1a: Ferrothorn|89/100|[from] item: Leftovers
|-damage|p2a: Rotom|61/100|[from] Leech Seed|[of] p1a: Ferrothorn
|-heal|p1a: Ferrothorn|99/100|[silent]
|upkeep
|turn|18
|
|t:|1715849155
|move|p2a: Rotom|Will-O-Wisp|p1a: Ferrothorn|[miss]
|-miss|p2a: Rotom|p1a: Ferrothorn
|move|p1a: Ferrothorn|Power Whip|p2a: Rotom
|-supereffective|p2a: Rotom
|-damage|p2a: Rotom|0 fnt
|faint|p2a: Rotom
|
|-weather|Sandstorm|[upkeep]
|-heal|p1a: Ferrothorn|100/100|[from] item: Leftovers
|upkeep
|inactive|bwcbestbytest has 120 seconds left.
|
|t:|1715849167
|switch|p2a: Alakazam|Alakazam, M|100/100
|turn|19
|
|t:|1715849171
|switch|p2a: Gliscor|Gliscor, F|52/100 tox
|-damage|p2a: Gliscor|39/100 tox|[from] Stealth Rock
|move|p1a: Ferrothorn|Thunder Wave|p2a: Gliscor
|-immune|p2a: Gliscor
|
|-weather|Sandstorm|[upkeep]
|-heal|p2a: Gliscor|52/100 tox|[from] ability: Poison Heal
|upkeep
|turn|20
|
|t:|1715849178
|move|p2a: Gliscor|Protect|p2a: Gliscor
|-singleturn|p2a: Gliscor|Protect
|move|p1a: Ferrothorn|Leech Seed|p2a: Gliscor
|-activate|p2a: Gliscor|move: Protect
|
|-weather|Sandstorm|[upkeep]
|-heal|p2a: Gliscor|64/100 tox|[from] ability: Poison Heal
|upkeep
|turn|21
|
|t:|1715849182
|move|p2a: Gliscor|Earthquake|p1a: Ferrothorn
|-damage|p1a: Ferrothorn|77/100
|move|p1a: Ferrothorn|Leech Seed|p2a: Gliscor
|-start|p2a: Gliscor|move: Leech Seed
|
|-weather|Sandstorm|[upkeep]
|-heal|p1a: Ferrothorn|83/100|[from] item: Leftovers
|-damage|p2a: Gliscor|52/100 tox|[from] Leech Seed|[of] p1a: Ferrothorn
|-heal|p1a: Ferrothorn|95/100|[silent]
|-heal|p2a: Gliscor|64/100 tox|[from] ability: Poison Heal
|upkeep
|turn|22
|
|t:|1715849188
|move|p2a: Gliscor|Earthquake|p1a: Ferrothorn
|-damage|p1a: Ferrothorn|72/100
|move|p1a: Ferrothorn|Power Whip|p2a: Gliscor
|-damage|p2a: Gliscor|32/100 tox
|
|-weather|Sandstorm|[upkeep]
|-heal|p1a: Ferrothorn|79/100|[from] item: Leftovers
|-damage|p2a: Gliscor|19/100 tox|[from] Leech Seed|[of] p1a: Ferrothorn
|-heal|p1a: Ferrothorn|91/100|[silent]
|-heal|p2a: Gliscor|32/100 tox|[from] ability: Poison Heal
|upkeep
|turn|23
|
|t:|1715849204
|switch|p2a: Latios|Latios, M|100/100
|-damage|p2a: Latios|88/100|[from] Stealth Rock
|move|p1a: Ferrothorn|Power Whip|p2a: Latios
|-resisted|p2a: Latios
|-damage|p2a: Latios|64/100
|
|-weather|Sandstorm|[upkeep]
|-damage|p2a: Latios|58/100|[from] Sandstorm
|-heal|p1a: Ferrothorn|97/100|[from] item: Leftovers
|upkeep
|turn|24
|
|t:|1715849210
|move|p2a: Latios|Trick|p1a: Ferrothorn
|-activate|p2a: Latios|move: Trick|[of] p1a: Ferrothorn
|-item|p1a: Ferrothorn|Choice Scarf|[from] move: Trick
|-item|p2a: Latios|Leftovers|[from] move: Trick
|move|p1a: Ferrothorn|Thunder Wave|p2a: Latios
|-status|p2a: Latios|par
|
|-weather|Sandstorm|[upkeep]
|-damage|p2a: Latios|52/100 par|[from] Sandstorm
|-heal|p2a: Latios|58/100 par|[from] item: Leftovers
|upkeep
|turn|25
|
|t:|1715849221
|switch|p1a: Tyranitar|Tyranitar, F, shiny|100/100
|-damage|p1a: Tyranitar|88/100|[from] Stealth Rock
|-damage|p1a: Tyranitar|76/100|[from] Spikes
|move|p2a: Latios|Surf|p1a: Tyranitar
|-supereffective|p1a: Tyranitar
|-damage|p1a: Tyranitar|41/100
|
|-weather|Sandstorm|[upkeep]
|-damage|p2a: Latios|52/100 par|[from] Sandstorm
|-heal|p2a: Latios|58/100 par|[from] item: Leftovers
|upkeep
|turn|26
|
|t:|1715849231
|move|p1a: Tyranitar|Pursuit|p2a: Latios
|-supereffective|p2a: Latios
|-damage|p2a: Latios|2/100 par
|cant|p2a: Latios|par
|
|-weather|Sandstorm|[upkeep]
|-damage|p2a: Latios|0 fnt|[from] Sandstorm
|faint|p2a: Latios
|upkeep
|
|t:|1715849239
|switch|p2a: Gliscor|Gliscor, F|32/100 tox
|-damage|p2a: Gliscor|19/100 tox|[from] Stealth Rock
|turn|27
|
|t:|1715849245
|move|p2a: Gliscor|Protect|p2a: Gliscor
|-singleturn|p2a: Gliscor|Protect
|move|p1a: Tyranitar|Ice Beam|p2a: Gliscor
|-activate|p2a: Gliscor|move: Protect
|
|-weather|Sandstorm|[upkeep]
|-heal|p2a: Gliscor|32/100 tox|[from] ability: Poison Heal
|upkeep
|turn|28
|
|t:|1715849248
|move|p2a: Gliscor|Earthquake|p1a: Tyranitar
|-supereffective|p1a: Tyranitar
|-damage|p1a: Tyranitar|0 fnt
|faint|p1a: Tyranitar
|
|-weather|Sandstorm|[upkeep]
|-heal|p2a: Gliscor|44/100 tox|[from] ability: Poison Heal
|upkeep
|
|t:|1715849252
|switch|p1a: Landorus|Landorus-Therian, M, shiny|76/100
|-damage|p1a: Landorus|64/100|[from] Stealth Rock
|-ability|p1a: Landorus|Intimidate|boost
|-unboost|p2a: Gliscor|atk|1
|turn|29
|
|t:|1715849255
|move|p2a: Gliscor|Protect|p2a: Gliscor
|-singleturn|p2a: Gliscor|Protect
|move|p1a: Landorus|Hidden Power|p2a: Gliscor
|-activate|p2a: Gliscor|move: Protect
|
|-weather|Sandstorm|[upkeep]
|-heal|p2a: Gliscor|57/100 tox|[from] ability: Poison Heal
|upkeep
|turn|30
|
|t:|1715849272
|switch|p2a: Alakazam|Alakazam, M|100/100
|move|p1a: Landorus|Hidden Power|p2a: Alakazam
|-damage|p2a: Alakazam|65/100
|
|-weather|Sandstorm|[upkeep]
|upkeep
|turn|31
|
|t:|1715849278
|switch|p1a: Ferrothorn|Ferrothorn, M|97/100
|-damage|p1a: Ferrothorn|91/100|[from] Stealth Rock
|-damage|p1a: Ferrothorn|79/100|[from] Spikes
|move|p2a: Alakazam|Psychic|p1a: Ferrothorn
|-resisted|p1a: Ferrothorn
|-damage|p1a: Ferrothorn|60/100
|
|-weather|Sandstorm|[upkeep]
|upkeep
|turn|32
|
|t:|1715849305
|move|p2a: Alakazam|Hidden Power|p1a: Ferrothorn
|-supereffective|p1a: Ferrothorn
|-damage|p1a: Ferrothorn|0 fnt
|faint|p1a: Ferrothorn
|
|-weather|Sandstorm|[upkeep]
|upkeep
|
|t:|1715849309
|switch|p1a: Landorus|Landorus-Therian, M, shiny|64/100
|-damage|p1a: Landorus|51/100|[from] Stealth Rock
|-ability|p1a: Landorus|Intimidate|boost
|-unboost|p2a: Alakazam|atk|1
|turn|33
|
|t:|1715849328
|switch|p2a: Gliscor|Gliscor, F|57/100 tox
|-damage|p2a: Gliscor|44/100 tox|[from] Stealth Rock
|move|p1a: Landorus|U-turn|p2a: Gliscor
|-resisted|p2a: Gliscor
|-damage|p2a: Gliscor|34/100 tox
|
|t:|1715849334
|switch|p1a: Magnezone|Magnezone, shiny|60/100|[from] U-turn
|-damage|p1a: Magnezone|54/100|[from] Stealth Rock
|-damage|p1a: Magnezone|42/100|[from] Spikes
|
|-weather|Sandstorm|[upkeep]
|-heal|p2a: Gliscor|47/100 tox|[from] ability: Poison Heal
|upkeep
|turn|34
|
|t:|1715849354
|switch|p1a: Landorus|Landorus-Therian, M, shiny|51/100
|-damage|p1a: Landorus|39/100|[from] Stealth Rock
|-ability|p1a: Landorus|Intimidate|boost
|-unboost|p2a: Gliscor|atk|1
|move|p2a: Gliscor|Earthquake|p1a: Landorus
|-immune|p1a: Landorus
|
|-weather|Sandstorm|[upkeep]
|-heal|p2a: Gliscor|59/100 tox|[from] ability: Poison Heal
|upkeep
|turn|35
|
|t:|1715849362
|move|p2a: Gliscor|Protect|p2a: Gliscor
|-singleturn|p2a: Gliscor|Protect
|move|p1a: Landorus|Hidden Power|p2a: Gliscor
|-activate|p2a: Gliscor|move: Protect
|
|-weather|Sandstorm|[upkeep]
|-heal|p2a: Gliscor|72/100 tox|[from] ability: Poison Heal
|upkeep
|turn|36
|inactive|bwcbestbytest has 120 seconds left.
|inactive|bwcbestbytest has 90 seconds left.
|
|t:|1715849424
|move|p1a: Landorus|Hidden Power|p2a: Gliscor
|-supereffective|p2a: Gliscor
|-damage|p2a: Gliscor|5/100 tox
|move|p2a: Gliscor|U-turn|p1a: Landorus
|-resisted|p1a: Landorus
|-damage|p1a: Landorus|34/100
|
|t:|1715849427
|switch|p2a: Alakazam|Alakazam, M|65/100|[from] U-turn
|
|-weather|Sandstorm|[upkeep]
|upkeep
|turn|37
|
|t:|1715849442
|switch|p1a: Magnezone|Magnezone, shiny|42/100
|-damage|p1a: Magnezone|36/100|[from] Stealth Rock
|-damage|p1a: Magnezone|24/100|[from] Spikes
|move|p2a: Alakazam|Psychic|p1a: Magnezone
|-resisted|p1a: Magnezone
|-damage|p1a: Magnezone|0 fnt
|faint|p1a: Magnezone
|
|-weather|Sandstorm|[upkeep]
|upkeep
|
|t:|1715849448
|switch|p1a: Landorus|Landorus-Therian, M, shiny|34/100
|-damage|p1a: Landorus|21/100|[from] Stealth Rock
|-ability|p1a: Landorus|Intimidate|boost
|-unboost|p2a: Alakazam|atk|1
|turn|38
|
|t:|1715849451
|move|p1a: Landorus|U-turn|p2a: Alakazam
|-supereffective|p2a: Alakazam
|-damage|p2a: Alakazam|0 fnt
|faint|p2a: Alakazam
|
|-weather|Sandstorm|[upkeep]
|upkeep
|-message|bwcbestbytest forfeited.
|
|win|x0vr
|raw|x0vr's rating: 1280 &rarr; <strong>1324</strong><br />(+44 for winning)
|raw|bwcbestbytest's rating: 1641 &rarr; <strong>1605</strong><br />(-36 for losing)
|l|☆bwcbestbytest
|player|p2|
