|j|☆Stoonley
|j|☆sidemens
|t:|1703350344
|gametype|singles
|player|p1|Stoonley|266|1339
|player|p2|sidemens|shauntal|1355
|teamsize|p1|6
|teamsize|p2|6
|gen|5
|tier|[Gen 5] OU
|rated|
|rule|Species Clause: Limit one of each Pokémon
|rule|OHKO Clause: OHKO moves are banned
|rule|Moody Clause: Moody is banned
|rule|Evasion Items Clause: Evasion items are banned
|rule|Evasion Moves Clause: Evasion moves are banned
|rule|Endless Battle Clause: Forcing endless battles is banned
|rule|HP Percentage Mod: HP is shown in percentages
|rule|Evasion Abilities Clause: Evasion abilities are banned
|rule|Sleep Moves Clause: Sleep-inducing moves are banned
|rule|Swagger Clause: Swagger is banned
|rule|Baton Pass Stat Clause: No Baton Passer may have a way to boost its stats
|clearpoke
|poke|p1|Jirachi|item
|poke|p1|Magnezone|item
|poke|p1|Kyurem-Black|item
|poke|p1|Latios, M|item
|poke|p1|Garchomp, F|item
|poke|p1|Reuniclus, F|item
|poke|p2|Staraptor, M|item
|poke|p2|Porygon-Z|item
|poke|p2|Meloetta|item
|poke|p2|Forretress, F|item
|poke|p2|Magnezone|item
|poke|p2|Kingdra, M|item
|teampreview
|inactive|Battle timer is ON: inactive players will automatically lose when time's up. (requested by Stoonley)
|
|t:|1703350355
|start
|switch|p1a: Jirachi|Jirachi|100/100
|switch|p2a: Staraptor|Staraptor, M|100/100
|turn|1
|
|t:|1703350359
|move|p2a: Staraptor|U-turn|p1a: Jirachi
|-damage|p1a: Jirachi|71/100
|
|t:|1703350366
|switch|p2a: Forretress|Forretress, F|100/100|[from] U-turn
|move|p1a: Jirachi|Stealth Rock|p2a: Forretress
|-sidestart|p2: sidemens|move: Stealth Rock
|
|-heal|p1a: Jirachi|77/100|[from] item: Leftovers
|upkeep
|turn|2
|
|t:|1703350369
|move|p1a: Jirachi|U-turn|p2a: Forretress
|-resisted|p2a: Forretress
|-damage|p2a: Forretress|96/100
|
|t:|1703350371
|switch|p1a: Magnezone|Magnezone, shiny|100/100|[from] U-turn
|-item|p1a: Magnezone|Air Balloon
|move|p2a: Forretress|Stealth Rock|p1a: Magnezone
|-sidestart|p1: Stoonley|move: Stealth Rock
|
|-heal|p2a: Forretress|100/100|[from] item: Leftovers
|upkeep
|turn|3
|
|t:|1703350374
|move|p1a: Magnezone|Hidden Power|p2a: Forretress
|-supereffective|p2a: Forretress
|-ability|p2a: Forretress|Sturdy
|-damage|p2a: Forretress|1/100
|move|p2a: Forretress|Rapid Spin|p1a: Magnezone
|-resisted|p1a: Magnezone
|-damage|p1a: Magnezone|98/100
|-enditem|p1a: Magnezone|Air Balloon
|-sideend|p2: sidemens|Stealth Rock|[from] move: Rapid Spin|[of] p2a: Forretress
|
|-heal|p2a: Forretress|7/100|[from] item: Leftovers
|upkeep
|turn|4
|
|t:|1703350376
|move|p1a: Magnezone|Hidden Power|p2a: Forretress
|-supereffective|p2a: Forretress
|-damage|p2a: Forretress|0 fnt
|faint|p2a: Forretress
|
|upkeep
|
|t:|1703350385
|switch|p2a: Meloetta|Meloetta|100/100
|turn|5
|
|t:|1703350392
|switch|p1a: Latios|Latios, M|100/100
|-damage|p1a: Latios|88/100|[from] Stealth Rock
|move|p2a: Meloetta|Calm Mind|p2a: Meloetta
|-boost|p2a: Meloetta|spa|1
|-boost|p2a: Meloetta|spd|1
|
|upkeep
|turn|6
|
|t:|1703350395
|move|p1a: Latios|Draco Meteor|p2a: Meloetta
|-damage|p2a: Meloetta|62/100
|-unboost|p1a: Latios|spa|2
|move|p2a: Meloetta|Shadow Ball|p1a: Latios
|-supereffective|p1a: Latios
|-damage|p1a: Latios|0 fnt
|faint|p1a: Latios
|-damage|p2a: Meloetta|52/100|[from] item: Life Orb
|
|upkeep
|
|t:|1703350399
|switch|p1a: Garchomp|Garchomp, F|100/100
|-damage|p1a: Garchomp|94/100|[from] Stealth Rock
|turn|7
|
|t:|1703350402
|switch|p2a: Staraptor|Staraptor, M|100/100
|move|p1a: Garchomp|Earthquake|p2a: Staraptor
|-immune|p2a: Staraptor
|
|upkeep
|turn|8
|
|t:|1703350411
|move|p1a: Garchomp|Substitute|p1a: Garchomp
|-start|p1a: Garchomp|Substitute
|-damage|p1a: Garchomp|69/100
|move|p2a: Staraptor|Brave Bird|p1a: Garchomp
|-end|p1a: Garchomp|Substitute
|-damage|p2a: Staraptor|91/100|[from] Recoil|[of] p1a: Garchomp
|
|upkeep
|turn|9
|
|t:|1703350415
|move|p1a: Garchomp|Outrage|p2a: Staraptor
|-damage|p2a: Staraptor|6/100
|move|p2a: Staraptor|Brave Bird|p1a: Garchomp
|-damage|p1a: Garchomp|0 fnt
|-damage|p2a: Staraptor|0 fnt|[from] ability: Rough Skin|[of] p1a: Garchomp
|faint|p2a: Staraptor
|faint|p1a: Garchomp
|
|upkeep
|
|t:|1703350421
|switch|p1a: Jirachi|Jirachi|77/100
|switch|p2a: Magnezone|Magnezone|100/100
|-damage|p1a: Jirachi|71/100|[from] Stealth Rock
|turn|10
|
|t:|1703350427
|move|p2a: Magnezone|Thunder Wave|p1a: Jirachi
|-status|p1a: Jirachi|par
|move|p1a: Jirachi|U-turn|p2a: Magnezone
|-resisted|p2a: Magnezone
|-damage|p2a: Magnezone|91/100
|
|t:|1703350429
|switch|p1a: Magnezone|Magnezone, shiny|98/100|[from] U-turn
|-damage|p1a: Magnezone|92/100|[from] Stealth Rock
|
|upkeep
|turn|11
|
|t:|1703350434
|move|p2a: Magnezone|Thunder Wave|p1a: Magnezone
|-status|p1a: Magnezone|par
|cant|p1a: Magnezone|par
|
|upkeep
|turn|12
|
|t:|1703350443
|move|p2a: Magnezone|Thunderbolt|p1a: Magnezone
|-resisted|p1a: Magnezone
|-damage|p1a: Magnezone|59/100 par
|cant|p1a: Magnezone|par
|
|upkeep
|turn|13
|
|t:|1703350447
|move|p2a: Magnezone|Thunderbolt|p1a: Magnezone
|-resisted|p1a: Magnezone
|-damage|p1a: Magnezone|25/100 par
|move|p1a: Magnezone|Hidden Power|p2a: Magnezone
|-supereffective|p2a: Magnezone
|-damage|p2a: Magnezone|14/100
|
|upkeep
|turn|14
|
|t:|1703350449
|move|p2a: Magnezone|Thunderbolt|p1a: Magnezone
|-resisted|p1a: Magnezone
|-damage|p1a: Magnezone|0 fnt
|faint|p1a: Magnezone
|
|upkeep
|
|t:|1703350451
|switch|p1a: Kyurem|Kyurem-Black|100/100
|-damage|p1a: Kyurem|76/100|[from] Stealth Rock
|-ability|p1a: Kyurem|Teravolt
|turn|15
|
|t:|1703350457
|move|p1a: Kyurem|Dragon Claw|p2a: Magnezone
|-resisted|p2a: Magnezone
|-damage|p2a: Magnezone|0 fnt
|faint|p2a: Magnezone
|
|upkeep
|
|t:|1703350461
|switch|p2a: Porygon-Z|Porygon-Z|100/100
|turn|16
|
|t:|1703350465
|switch|p1a: Jirachi|Jirachi|71/100 par
|-damage|p1a: Jirachi|65/100 par|[from] Stealth Rock
|move|p2a: Porygon-Z|Tri Attack|p1a: Jirachi
|-resisted|p1a: Jirachi
|-damage|p1a: Jirachi|39/100 par
|
|-heal|p1a: Jirachi|45/100 par|[from] item: Leftovers
|upkeep
|turn|17
|
|t:|1703350472
|switch|p2a: Kingdra|Kingdra, M|100/100
|move|p1a: Jirachi|U-turn|p2a: Kingdra
|-damage|p2a: Kingdra|80/100
|
|t:|1703350475
|switch|p1a: Reuniclus|Reuniclus, F, shiny|100/100|[from] U-turn
|
|upkeep
|turn|18
|
|t:|1703350479
|move|p2a: Kingdra|Dragon Dance|p2a: Kingdra
|-boost|p2a: Kingdra|atk|1
|-boost|p2a: Kingdra|spe|1
|move|p1a: Reuniclus|Trick Room|p1a: Reuniclus
|-fieldstart|move: Trick Room|[of] p1a: Reuniclus
|
|upkeep
|turn|19
|
|t:|1703350482
|move|p1a: Reuniclus|Psychic|p2a: Kingdra
|-damage|p2a: Kingdra|0 fnt
|faint|p2a: Kingdra
|
|upkeep
|
|t:|1703350485
|switch|p2a: Porygon-Z|Porygon-Z|100/100
|turn|20
|
|t:|1703350506
|move|p1a: Reuniclus|Psychic|p2a: Porygon-Z
|-damage|p2a: Porygon-Z|8/100
|move|p2a: Porygon-Z|Tri Attack|p1a: Reuniclus
|-damage|p1a: Reuniclus|24/100
|
|upkeep
|turn|21
|
|t:|1703350510
|move|p1a: Reuniclus|Psychic|p2a: Porygon-Z
|-damage|p2a: Porygon-Z|0 fnt
|faint|p2a: Porygon-Z
|
|upkeep
|
|t:|1703350512
|switch|p2a: Meloetta|Meloetta|52/100
|turn|22
|
|t:|1703350516
|move|p1a: Reuniclus|Psychic|p2a: Meloetta
|-resisted|p2a: Meloetta
|-damage|p2a: Meloetta|23/100
|move|p2a: Meloetta|Calm Mind|p2a: Meloetta
|-boost|p2a: Meloetta|spa|1
|-boost|p2a: Meloetta|spd|1
|
|-fieldend|move: Trick Room
|upkeep
|turn|23
|
|t:|1703350518
|move|p2a: Meloetta|Shadow Ball|p1a: Reuniclus
|-supereffective|p1a: Reuniclus
|-damage|p1a: Reuniclus|0 fnt
|faint|p1a: Reuniclus
|-damage|p2a: Meloetta|13/100|[from] item: Life Orb
|
|upkeep
|
|t:|1703350521
|switch|p1a: Kyurem|Kyurem-Black|76/100
|-damage|p1a: Kyurem|51/100|[from] Stealth Rock
|-ability|p1a: Kyurem|Teravolt
|turn|24
|
|t:|1703350523
|move|p2a: Meloetta|Psychic|p1a: Kyurem
|-damage|p1a: Kyurem|0 fnt
|faint|p1a: Kyurem
|-damage|p2a: Meloetta|3/100|[from] item: Life Orb
|
|upkeep
|
|t:|1703350525
|switch|p1a: Jirachi|Jirachi|45/100 par
|-damage|p1a: Jirachi|39/100 par|[from] Stealth Rock
|turn|25
|
|t:|1703350527
|move|p2a: Meloetta|Focus Blast|p1a: Jirachi
|-damage|p1a: Jirachi|0 fnt
|faint|p1a: Jirachi
|-damage|p2a: Meloetta|0 fnt|[from] item: Life Orb
|faint|p2a: Meloetta
|
|win|sidemens
|raw|Stoonley's rating: 1339 &rarr; <strong>1320</strong><br />(-19 for losing)
|raw|sidemens's rating: 1355 &rarr; <strong>1374</strong><br />(+19 for winning)
