|j|☆YouHurtYourWhat
|j|☆av2336
|t:|1716493755
|gametype|singles
|player|p1|YouHurtYourWhat|veteran|1294
|player|p2|av2336|pokemaniac-gen3rs|1350
|teamsize|p1|6
|teamsize|p2|6
|gen|5
|tier|[Gen 5] OU
|rated|
|rule|Species Clause: Limit one of each Pokémon
|rule|OHKO Clause: OHKO moves are banned
|rule|Moody Clause: Moody is banned
|rule|Evasion Items Clause: Evasion items are banned
|rule|Evasion Moves Clause: Evasion moves are banned
|rule|Endless Battle Clause: Forcing endless battles is banned
|rule|HP Percentage Mod: HP is shown in percentages
|rule|Evasion Abilities Clause: Evasion abilities are banned
|rule|Sleep Moves Clause: Sleep-inducing moves are banned
|rule|Swagger Clause: Swagger is banned
|rule|Baton Pass Stat Clause: No Baton Passer may have a way to boost its stats
|clearpoke
|poke|p1|Magnezone|item
|poke|p1|Bisharp, M|item
|poke|p1|Kyurem-Black|item
|poke|p1|Salamence, F|item
|poke|p1|Starmie|item
|poke|p1|Garchomp, F|item
|poke|p2|Bronzong|item
|poke|p2|Gallade, M|item
|poke|p2|Jellicent, M|item
|poke|p2|Conkeldurr, M|item
|poke|p2|Reuniclus, M|item
|poke|p2|Dragonite, M|item
|teampreview
|inactive|Battle timer is ON: inactive players will automatically lose when time's up. (requested by av2336)
|inactive|YouHurtYourWhat has 120 seconds left.
|inactive|YouHurtYourWhat has 90 seconds left.
|
|t:|1716493838
|start
|switch|p1a: Garchomp|Garchomp, F|100/100
|switch|p2a: Bronzong|Bronzong|100/100
|turn|1
|inactive|av2336 has 120 seconds left.
|
|t:|1716493868
|move|p1a: Garchomp|Stealth Rock|p2a: Bronzong
|-sidestart|p2: av2336|move: Stealth Rock
|move|p2a: Bronzong|Stealth Rock|p1a: Garchomp
|-sidestart|p1: YouHurtYourWhat|move: Stealth Rock
|
|upkeep
|turn|2
|inactive|YouHurtYourWhat has 120 seconds left.
|
|t:|1716493904
|move|p1a: Garchomp|Swords Dance|p1a: Garchomp
|-boost|p1a: Garchomp|atk|2
|move|p2a: Bronzong|Trick Room|p2a: Bronzong
|-fieldstart|move: Trick Room|[of] p2a: Bronzong
|
|upkeep
|turn|3
|inactive|YouHurtYourWhat has 120 seconds left.
|
|t:|1716493915
|move|p2a: Bronzong|Explosion|p1a: Garchomp
|-damage|p1a: Garchomp|31/100
|faint|p2a: Bronzong
|move|p1a: Garchomp|Outrage|p2: Bronzong|[notarget]
|-fail|p1a: Garchomp
|
|upkeep
|
|t:|1716493924
|switch|p2a: Conkeldurr|Conkeldurr, M|100/100
|-damage|p2a: Conkeldurr|94/100|[from] Stealth Rock
|turn|4
|
|t:|1716493930
|move|p2a: Conkeldurr|Ice Punch|p1a: Garchomp
|-supereffective|p1a: Garchomp
|-damage|p1a: Garchomp|0 fnt
|-damage|p2a: Conkeldurr|82/100|[from] ability: Rough Skin|[of] p1a: Garchomp
|faint|p1a: Garchomp
|-damage|p2a: Conkeldurr|72/100|[from] item: Life Orb
|
|upkeep
|
|t:|1716493939
|switch|p1a: Starmie|Starmie|100/100
|-damage|p1a: Starmie|88/100|[from] Stealth Rock
|-item|p1a: Starmie|Air Balloon
|turn|5
|
|t:|1716493960
|move|p2a: Conkeldurr|Thunder Punch|p1a: Starmie
|-supereffective|p1a: Starmie
|-damage|p1a: Starmie|0 fnt
|-enditem|p1a: Starmie|Air Balloon
|faint|p1a: Starmie
|-damage|p2a: Conkeldurr|62/100|[from] item: Life Orb
|
|upkeep
|
|t:|1716493974
|switch|p1a: Magnezone|Magnezone|100/100
|-damage|p1a: Magnezone|94/100|[from] Stealth Rock
|-item|p1a: Magnezone|Air Balloon
|turn|6
|
|t:|1716493993
|move|p2a: Conkeldurr|Drain Punch|p1a: Magnezone
|-supereffective|p1a: Magnezone
|-damage|p1a: Magnezone|0 fnt
|-heal|p2a: Conkeldurr|94/100|[from] drain|[of] p1a: Magnezone
|-enditem|p1a: Magnezone|Air Balloon
|faint|p1a: Magnezone
|-damage|p2a: Conkeldurr|84/100|[from] item: Life Orb
|
|-fieldend|move: Trick Room
|upkeep
|
|t:|1716493998
|switch|p1a: Salamence|Salamence, F|100/100
|-damage|p1a: Salamence|76/100|[from] Stealth Rock
|turn|7
|
|t:|1716494001
|move|p1a: Salamence|Outrage|p2a: Conkeldurr
|-damage|p2a: Conkeldurr|29/100
|move|p2a: Conkeldurr|Ice Punch|p1a: Salamence
|-supereffective|p1a: Salamence
|-damage|p1a: Salamence|0 fnt
|faint|p1a: Salamence
|-damage|p2a: Conkeldurr|19/100|[from] item: Life Orb
|
|upkeep
|
|t:|1716494005
|switch|p1a: Bisharp|Bisharp, M|100/100
|-damage|p1a: Bisharp|95/100|[from] Stealth Rock
|turn|8
|
|t:|1716494010
|move|p1a: Bisharp|Sucker Punch|p2a: Conkeldurr
|-resisted|p2a: Conkeldurr
|-damage|p2a: Conkeldurr|0 fnt
|faint|p2a: Conkeldurr
|-damage|p1a: Bisharp|85/100|[from] item: Life Orb
|
|upkeep
|j| AggregateDemand
|
|t:|1716494029
|switch|p2a: Dragonite|Dragonite, M|100/100
|-damage|p2a: Dragonite|76/100|[from] Stealth Rock
|turn|9
|
|t:|1716494037
|move|p2a: Dragonite|Fire Punch|p1a: Bisharp
|-supereffective|p1a: Bisharp
|-damage|p1a: Bisharp|0 fnt
|faint|p1a: Bisharp
|
|upkeep
|
|t:|1716494039
|switch|p1a: Kyurem|Kyurem-Black|100/100
|-damage|p1a: Kyurem|76/100|[from] Stealth Rock
|-ability|p1a: Kyurem|Teravolt
|turn|10
|
|t:|1716494043
|move|p1a: Kyurem|Outrage|p2a: Dragonite
|-supereffective|p2a: Dragonite
|-damage|p2a: Dragonite|0 fnt
|faint|p2a: Dragonite
|
|upkeep
|
|t:|1716494046
|switch|p2a: Reuniclus|Reuniclus, M|100/100
|turn|11
|
|t:|1716494049
|move|p1a: Kyurem|Outrage|p2a: Reuniclus|[from]lockedmove
|-damage|p2a: Reuniclus|0 fnt
|faint|p2a: Reuniclus
|-start|p1a: Kyurem|confusion|[fatigue]
|
|upkeep
|inactive|av2336 has 120 seconds left.
|
|t:|1716494081
|switch|p2a: Jellicent|Jellicent, M|100/100
|-damage|p2a: Jellicent|88/100|[from] Stealth Rock
|-item|p2a: Jellicent|Air Balloon
|turn|12
|inactive|YouHurtYourWhat has 120 seconds left.
|inactive|YouHurtYourWhat has 90 seconds left.
|
|t:|1716494143
|-activate|p1a: Kyurem|confusion
|move|p1a: Kyurem|Outrage|p2a: Jellicent
|-damage|p2a: Jellicent|0 fnt
|-enditem|p2a: Jellicent|Air Balloon
|faint|p2a: Jellicent
|
|upkeep
|
|t:|1716494153
|switch|p2a: Gallade|Gallade, M|100/100
|-damage|p2a: Gallade|94/100|[from] Stealth Rock
|turn|13
|
|t:|1716494155
|-activate|p1a: Kyurem|confusion
|move|p1a: Kyurem|Outrage|p2a: Gallade|[from]lockedmove
|-damage|p2a: Gallade|0 fnt
|faint|p2a: Gallade
|
|win|YouHurtYourWhat
|raw|YouHurtYourWhat's rating: 1294 &rarr; <strong>1327</strong><br />(+33 for winning)
|raw|av2336's rating: 1412 &rarr; <strong>1385</strong><br />(-27 for losing)
|l|☆YouHurtYourWhat
|player|p1|
