|j|☆phosphor
|j|☆Franco J
|t:|1724189767
|gametype|singles
|player|p1|phosphor|#phosphor|1359
|player|p2|Franco J|n|1337
|teamsize|p1|6
|teamsize|p2|6
|gen|5
|tier|[Gen 5] OU
|rated|
|rule|Species Clause: Limit one of each Pokémon
|rule|OHKO Clause: OHKO moves are banned
|rule|Moody Clause: Moody is banned
|rule|Evasion Items Clause: Evasion items are banned
|rule|Evasion Moves Clause: Evasion moves are banned
|rule|Endless Battle Clause: Forcing endless battles is banned
|rule|HP Percentage Mod: HP is shown in percentages
|rule|Evasion Abilities Clause: Evasion abilities are banned
|rule|Sleep Moves Clause: Sleep-inducing moves are banned
|rule|Swagger Clause: Swagger is banned
|rule|Baton Pass Stat Clause: No Baton Passer may have a way to boost its stats
|clearpoke
|poke|p1|Tyranitar, F|item
|poke|p1|Landorus-Therian, M|item
|poke|p1|Excadrill, F|item
|poke|p1|Celebi|item
|poke|p1|Milotic, M|item
|poke|p1|Cresselia, F|item
|poke|p2|Lucario, M|item
|poke|p2|Sigilyph, F|item
|poke|p2|Skarmory, M|item
|poke|p2|Gengar, F|item
|poke|p2|Tyranitar, M|item
|poke|p2|Gastrodon, M|item
|teampreview
|c|☆phosphor|Gl hf
|inactive|Battle timer is ON: inactive players will automatically lose when time's up. (requested by Franco J)
|
|t:|1724189790
|start
|switch|p1a: Landorus|Landorus-Therian, M|100/100
|switch|p2a: Skarmory|Skarmory, M|100/100
|-ability|p1a: Landorus|Intimidate|boost
|-unboost|p2a: Skarmory|atk|1
|turn|1
|
|t:|1724189802
|move|p1a: Landorus|Swords Dance|p1a: Landorus
|-boost|p1a: Landorus|atk|2
|move|p2a: Skarmory|Stealth Rock|p1a: Landorus
|-sidestart|p1: phosphor|move: Stealth Rock
|
|upkeep
|turn|2
|
|t:|1724189808
|move|p1a: Landorus|Hidden Power|p2a: Skarmory
|-damage|p2a: Skarmory|73/100
|move|p2a: Skarmory|Spikes|p1a: Landorus
|-sidestart|p1: phosphor|Spikes
|
|upkeep
|turn|3
|
|t:|1724189817
|move|p1a: Landorus|Superpower|p2a: Skarmory
|-damage|p2a: Skarmory|0 fnt
|-unboost|p1a: Landorus|atk|1
|-unboost|p1a: Landorus|def|1
|faint|p2a: Skarmory
|
|upkeep
|
|t:|1724189821
|switch|p2a: Sigilyph|Sigilyph, F|100/100
|turn|4
|
|t:|1724189835
|switch|p1a: Tyranitar|Tyranitar, F|100/100
|-damage|p1a: Tyranitar|88/100|[from] Stealth Rock
|-damage|p1a: Tyranitar|76/100|[from] Spikes
|-weather|Sandstorm|[from] ability: Sand Stream|[of] p1a: Tyranitar
|move|p2a: Sigilyph|Ice Beam|p1a: Tyranitar
|-damage|p1a: Tyranitar|64/100
|
|-weather|Sandstorm|[upkeep]
|upkeep
|turn|5
|
|t:|1724189845
|move|p2a: Sigilyph|Thunder Wave|p1a: Tyranitar
|-status|p1a: Tyranitar|par
|move|p1a: Tyranitar|Crunch|p2a: Sigilyph
|-supereffective|p2a: Sigilyph
|-enditem|p2a: Sigilyph|Focus Sash
|-damage|p2a: Sigilyph|1/100
|-unboost|p2a: Sigilyph|def|1
|
|-weather|Sandstorm|[upkeep]
|upkeep
|turn|6
|
|t:|1724189861
|-activate|p2a: Sigilyph|move: Pursuit
|move|p1a: Tyranitar|Pursuit|p2a: Sigilyph|[from]Pursuit
|-supereffective|p2a: Sigilyph
|-damage|p2a: Sigilyph|0 fnt
|faint|p2a: Sigilyph
|-hint|A Pokemon can't switch between when it runs out of HP and when it faints
|
|-weather|Sandstorm|[upkeep]
|upkeep
|
|t:|1724189867
|switch|p2a: Lucario|Lucario, M|100/100
|turn|7
|
|t:|1724189877
|switch|p1a: Landorus|Landorus-Therian, M|100/100
|-damage|p1a: Landorus|88/100|[from] Stealth Rock
|-ability|p1a: Landorus|Intimidate|boost
|-unboost|p2a: Lucario|atk|1
|move|p2a: Lucario|Close Combat|p1a: Landorus
|-resisted|p1a: Landorus
|-damage|p1a: Landorus|57/100
|-unboost|p2a: Lucario|def|1
|-unboost|p2a: Lucario|spd|1
|-damage|p2a: Lucario|91/100|[from] item: Life Orb
|
|-weather|Sandstorm|[upkeep]
|upkeep
|turn|8
|
|t:|1724189882
|switch|p2a: Gastrodon|Gastrodon, M|100/100
|move|p1a: Landorus|Earthquake|p2a: Gastrodon
|-damage|p2a: Gastrodon|62/100
|
|-weather|Sandstorm|[upkeep]
|-heal|p2a: Gastrodon|68/100|[from] item: Leftovers
|upkeep
|turn|9
|
|t:|1724189895
|switch|p1a: Celebi|Celebi|100/100
|-damage|p1a: Celebi|88/100|[from] Stealth Rock
|-damage|p1a: Celebi|76/100|[from] Spikes
|move|p2a: Gastrodon|Ice Beam|p1a: Celebi
|-supereffective|p1a: Celebi
|-damage|p1a: Celebi|50/100
|
|-weather|Sandstorm|[upkeep]
|-damage|p1a: Celebi|44/100|[from] Sandstorm
|-heal|p1a: Celebi|50/100|[from] item: Leftovers
|-heal|p2a: Gastrodon|74/100|[from] item: Leftovers
|upkeep
|turn|10
|
|t:|1724189905
|switch|p2a: Gengar|Gengar, F|100/100
|move|p1a: Celebi|Recover|p1a: Celebi
|-heal|p1a: Celebi|100/100
|
|-weather|Sandstorm|[upkeep]
|-damage|p2a: Gengar|94/100|[from] Sandstorm
|-damage|p1a: Celebi|94/100|[from] Sandstorm
|-heal|p2a: Gengar|100/100|[from] item: Black Sludge
|-heal|p1a: Celebi|100/100|[from] item: Leftovers
|upkeep
|turn|11
|
|t:|1724189913
|switch|p1a: Milotic|Milotic, M|100/100
|-damage|p1a: Milotic|88/100|[from] Stealth Rock
|-damage|p1a: Milotic|76/100|[from] Spikes
|move|p2a: Gengar|Substitute|p2a: Gengar
|-start|p2a: Gengar|Substitute
|-damage|p2a: Gengar|75/100
|
|-weather|Sandstorm|[upkeep]
|-damage|p2a: Gengar|69/100|[from] Sandstorm
|-damage|p1a: Milotic|70/100|[from] Sandstorm
|-heal|p2a: Gengar|75/100|[from] item: Black Sludge
|-heal|p1a: Milotic|76/100|[from] item: Leftovers
|upkeep
|turn|12
|
|t:|1724189921
|move|p2a: Gengar|Thunder|p1a: Milotic
|-supereffective|p1a: Milotic
|-damage|p1a: Milotic|13/100
|-status|p1a: Milotic|par
|move|p1a: Milotic|Scald|p2a: Gengar
|-end|p2a: Gengar|Substitute
|
|-weather|Sandstorm|[upkeep]
|-damage|p2a: Gengar|69/100|[from] Sandstorm
|-damage|p1a: Milotic|7/100 par|[from] Sandstorm
|-heal|p2a: Gengar|75/100|[from] item: Black Sludge
|-heal|p1a: Milotic|13/100 par|[from] item: Leftovers
|upkeep
|turn|13
|
|t:|1724189928
|move|p2a: Gengar|Substitute|p2a: Gengar
|-start|p2a: Gengar|Substitute
|-damage|p2a: Gengar|50/100
|move|p1a: Milotic|Scald|p2a: Gengar
|-end|p2a: Gengar|Substitute
|
|-weather|Sandstorm|[upkeep]
|-damage|p2a: Gengar|44/100|[from] Sandstorm
|-damage|p1a: Milotic|7/100 par|[from] Sandstorm
|-heal|p2a: Gengar|50/100|[from] item: Black Sludge
|-heal|p1a: Milotic|13/100 par|[from] item: Leftovers
|upkeep
|turn|14
|
|t:|1724189933
|move|p2a: Gengar|Substitute|p2a: Gengar
|-start|p2a: Gengar|Substitute
|-damage|p2a: Gengar|25/100
|move|p1a: Milotic|Scald|p2a: Gengar
|-end|p2a: Gengar|Substitute
|
|-weather|Sandstorm|[upkeep]
|-damage|p2a: Gengar|19/100|[from] Sandstorm
|-damage|p1a: Milotic|7/100 par|[from] Sandstorm
|-heal|p2a: Gengar|25/100|[from] item: Black Sludge
|-heal|p1a: Milotic|13/100 par|[from] item: Leftovers
|upkeep
|turn|15
|
|t:|1724189938
|move|p2a: Gengar|Shadow Ball|p1a: Milotic
|-damage|p1a: Milotic|0 fnt
|faint|p1a: Milotic
|
|-weather|Sandstorm|[upkeep]
|-damage|p2a: Gengar|19/100|[from] Sandstorm
|-heal|p2a: Gengar|25/100|[from] item: Black Sludge
|upkeep
|
|t:|1724189941
|switch|p1a: Tyranitar|Tyranitar, F|64/100 par
|-damage|p1a: Tyranitar|51/100 par|[from] Stealth Rock
|-damage|p1a: Tyranitar|39/100 par|[from] Spikes
|turn|16
|
|t:|1724189944
|move|p2a: Gengar|Focus Blast|p1a: Tyranitar
|-supereffective|p1a: Tyranitar
|-enditem|p1a: Tyranitar|Chople Berry|[eat]
|-enditem|p1a: Tyranitar|Chople Berry|[weaken]
|-damage|p1a: Tyranitar|4/100 par
|cant|p1a: Tyranitar|par
|
|-weather|Sandstorm|[upkeep]
|-damage|p2a: Gengar|19/100|[from] Sandstorm
|-heal|p2a: Gengar|25/100|[from] item: Black Sludge
|upkeep
|turn|17
|
|t:|1724189950
|move|p2a: Gengar|Shadow Ball|p1a: Tyranitar
|-resisted|p1a: Tyranitar
|-damage|p1a: Tyranitar|0 fnt
|faint|p1a: Tyranitar
|
|-weather|Sandstorm|[upkeep]
|-damage|p2a: Gengar|19/100|[from] Sandstorm
|-heal|p2a: Gengar|25/100|[from] item: Black Sludge
|upkeep
|
|t:|1724189952
|switch|p1a: Cresselia|Cresselia, F|100/100
|-damage|p1a: Cresselia|88/100|[from] Stealth Rock
|turn|18
|
|t:|1724189955
|move|p2a: Gengar|Shadow Ball|p1a: Cresselia
|-supereffective|p1a: Cresselia
|-damage|p1a: Cresselia|37/100
|move|p1a: Cresselia|Ice Beam|p2a: Gengar
|-damage|p2a: Gengar|0 fnt
|faint|p2a: Gengar
|
|-weather|Sandstorm|[upkeep]
|-damage|p1a: Cresselia|31/100|[from] Sandstorm
|-heal|p1a: Cresselia|37/100|[from] item: Leftovers
|upkeep
|
|t:|1724189960
|switch|p2a: Lucario|Lucario, M|91/100
|turn|19
|
|t:|1724189968
|switch|p1a: Landorus|Landorus-Therian, M|57/100
|-damage|p1a: Landorus|45/100|[from] Stealth Rock
|-ability|p1a: Landorus|Intimidate|boost
|-unboost|p2a: Lucario|atk|1
|move|p2a: Lucario|Crunch|p1a: Landorus
|-damage|p1a: Landorus|15/100
|-unboost|p1a: Landorus|def|1
|-damage|p2a: Lucario|81/100|[from] item: Life Orb
|
|-weather|Sandstorm|[upkeep]
|upkeep
|turn|20
|
|t:|1724189972
|move|p2a: Lucario|Extreme Speed|p1a: Landorus
|-damage|p1a: Landorus|0 fnt
|faint|p1a: Landorus
|-damage|p2a: Lucario|71/100|[from] item: Life Orb
|
|-weather|Sandstorm|[upkeep]
|upkeep
|
|t:|1724189974
|switch|p1a: Excadrill|Excadrill, F|100/100
|-damage|p1a: Excadrill|97/100|[from] Stealth Rock
|-damage|p1a: Excadrill|85/100|[from] Spikes
|turn|21
|
|t:|1724189986
|switch|p2a: Gastrodon|Gastrodon, M|74/100
|move|p1a: Excadrill|Earthquake|p2a: Gastrodon
|-damage|p2a: Gastrodon|23/100
|
|-weather|Sandstorm|[upkeep]
|-heal|p1a: Excadrill|91/100|[from] item: Leftovers
|-heal|p2a: Gastrodon|29/100|[from] item: Leftovers
|upkeep
|turn|22
|
|t:|1724189992
|move|p1a: Excadrill|Earthquake|p2a: Gastrodon
|-damage|p2a: Gastrodon|0 fnt
|faint|p2a: Gastrodon
|
|-weather|Sandstorm|[upkeep]
|-heal|p1a: Excadrill|97/100|[from] item: Leftovers
|upkeep
|
|t:|1724189996
|switch|p2a: Lucario|Lucario, M|71/100
|turn|23
|
|t:|1724190000
|move|p1a: Excadrill|Earthquake|p2a: Lucario
|-supereffective|p2a: Lucario
|-damage|p2a: Lucario|0 fnt
|faint|p2a: Lucario
|
|-weather|Sandstorm|[upkeep]
|-heal|p1a: Excadrill|100/100|[from] item: Leftovers
|upkeep
|-message|Franco J forfeited.
|
|win|phosphor
|raw|phosphor's rating: 1359 &rarr; <strong>1378</strong><br />(+19 for winning)
|raw|Franco J's rating: 1337 &rarr; <strong>1318</strong><br />(-19 for losing)
|l|☆Franco J
|player|p2|
