|j|☆Ditto The Hoe
|j|☆Sobcay el rey
|player|p1|Ditto The Hoe|266|1343
|player|p2|Sobcay el rey|hiker-gen4|1377
|teamsize|p1|6
|teamsize|p2|6
|gametype|singles
|gen|5
|tier|[Gen 5] OU
|rated|
|rule|Species Clause: Limit one of each Pokémon
|rule|OHKO Clause: OHKO moves are banned
|rule|Moody Clause: Moody is banned
|rule|Evasion Moves Clause: Evasion moves are banned
|rule|Endless Battle Clause: Forcing endless battles is banned
|rule|HP Percentage Mod: HP is shown in percentages
|rule|Evasion Abilities Clause: Evasion abilities are banned
|rule|Baton Pass Clause: Limit one Baton Passer, can't pass Spe and other stats simultaneously
|rule|Sleep Clause: Sleep-inducing moves are banned
|rule|Swagger Clause: Swagger is banned
|clearpoke
|poke|p1|Azelf|item
|poke|p1|Garchomp, M|item
|poke|p1|Breloom, F|item
|poke|p1|Scizor, F|item
|poke|p1|Dragonite, M|item
|poke|p1|Salamence, M|item
|poke|p2|Tyranitar, F|item
|poke|p2|Scizor, F|item
|poke|p2|Starmie|item
|poke|p2|Breloom, M|item
|poke|p2|Thundurus-Therian, M|item
|poke|p2|Lucario, M|item
|teampreview
|inactive|Battle timer is ON: inactive players will automatically lose when time's up. (requested by Sobcay el rey)
|inactive|Ditto The Hoe has 120 seconds left.
|c|☆Ditto The Hoe|glhf
|
|start
|switch|p1a: Azelf|Azelf|100/100
|switch|p2a: Tyranitar|Tyranitar, F|100/100
|-weather|Sandstorm|[from] ability: Sand Stream|[of] p2a: Tyranitar
|turn|1
|
|move|p1a: Azelf|Stealth Rock|p2a: Tyranitar
|-sidestart|p2: Sobcay el rey|move: Stealth Rock
|move|p2a: Tyranitar|Stealth Rock|p1a: Azelf
|-sidestart|p1: Ditto The Hoe|move: Stealth Rock
|
|-weather|Sandstorm|[upkeep]
|-damage|p1a: Azelf|94/100|[from] Sandstorm
|upkeep
|turn|2
|
|move|p1a: Azelf|Explosion|p2a: Tyranitar
|-resisted|p2a: Tyranitar
|-crit|p2a: Tyranitar
|-damage|p2a: Tyranitar|44/100
|faint|p1a: Azelf
|move|p2a: Tyranitar|Pursuit|p1: Azelf|[notarget]
|-fail|p2a: Tyranitar
|
|-weather|Sandstorm|[upkeep]
|upkeep
|
|switch|p1a: Garchomp|Garchomp, M|100/100
|-damage|p1a: Garchomp|94/100|[from] Stealth Rock
|turn|3
|
|switch|p2a: Scizor|Scizor, F|100/100
|-damage|p2a: Scizor|88/100|[from] Stealth Rock
|move|p1a: Garchomp|Substitute|p1a: Garchomp
|-start|p1a: Garchomp|Substitute
|-damage|p1a: Garchomp|69/100
|
|-weather|Sandstorm|[upkeep]
|upkeep
|turn|4
|
|move|p2a: Scizor|Bullet Punch|p1a: Garchomp
|-end|p1a: Garchomp|Substitute
|move|p1a: Garchomp|Swords Dance|p1a: Garchomp
|-boost|p1a: Garchomp|atk|2
|
|-weather|Sandstorm|[upkeep]
|upkeep
|turn|5
|
|move|p2a: Scizor|Bullet Punch|p1a: Garchomp
|-damage|p1a: Garchomp|15/100
|-damage|p2a: Scizor|76/100|[from] ability: Rough Skin|[of] p1a: Garchomp
|move|p1a: Garchomp|Earthquake|p2a: Scizor
|-damage|p2a: Scizor|0 fnt
|faint|p2a: Scizor
|
|-weather|Sandstorm|[upkeep]
|upkeep
|
|switch|p2a: Starmie|Starmie|100/100
|-damage|p2a: Starmie|88/100|[from] Stealth Rock
|turn|6
|
|move|p2a: Starmie|Psyshock|p1a: Garchomp
|-damage|p1a: Garchomp|0 fnt
|faint|p1a: Garchomp
|
|-weather|Sandstorm|[upkeep]
|-damage|p2a: Starmie|82/100|[from] Sandstorm
|-heal|p2a: Starmie|88/100|[from] item: Leftovers
|upkeep
|
|switch|p1a: Salamence|Salamence, M|100/100
|-damage|p1a: Salamence|76/100|[from] Stealth Rock
|turn|7
|
|move|p1a: Salamence|Outrage|p2a: Starmie
|-damage|p2a: Starmie|6/100
|move|p2a: Starmie|Rapid Spin|p1a: Salamence
|-damage|p1a: Salamence|72/100
|-sideend|p2: Sobcay el rey|Stealth Rock|[from] move: Rapid Spin|[of] p2a: Starmie
|
|-weather|Sandstorm|[upkeep]
|-damage|p1a: Salamence|66/100|[from] Sandstorm
|-damage|p2a: Starmie|0 fnt|[from] Sandstorm
|faint|p2a: Starmie
|upkeep
|
|switch|p2a: Tyranitar|Tyranitar, F|44/100
|turn|8
|
|move|p1a: Salamence|Outrage|p2a: Tyranitar|[from]lockedmove
|-damage|p2a: Tyranitar|0 fnt
|-start|p1a: Salamence|confusion|[fatigue]
|faint|p2a: Tyranitar
|-ability|p1a: Salamence|Moxie|boost
|-boost|p1a: Salamence|atk|1
|
|-weather|Sandstorm|[upkeep]
|-damage|p1a: Salamence|60/100|[from] Sandstorm
|upkeep
|
|switch|p2a: Lucario|Lucario, M|100/100
|turn|9
|
|switch|p1a: Scizor|Scizor, F|100/100
|-damage|p1a: Scizor|88/100|[from] Stealth Rock
|move|p2a: Lucario|Swords Dance|p2a: Lucario
|-boost|p2a: Lucario|atk|2
|
|-weather|Sandstorm|[upkeep]
|upkeep
|turn|10
|
|move|p1a: Scizor|Bullet Punch|p2a: Lucario
|-resisted|p2a: Lucario
|-damage|p2a: Lucario|73/100
|move|p2a: Lucario|Close Combat|p1a: Scizor
|-damage|p1a: Scizor|0 fnt
|-unboost|p2a: Lucario|def|1
|-unboost|p2a: Lucario|spd|1
|faint|p1a: Scizor
|
|-weather|Sandstorm|[upkeep]
|upkeep
|
|switch|p1a: Breloom|Breloom, F|100/100
|-damage|p1a: Breloom|94/100|[from] Stealth Rock
|turn|11
|
|move|p2a: Lucario|Extreme Speed|p1a: Breloom
|-damage|p1a: Breloom|21/100
|move|p1a: Breloom|Mach Punch|p2a: Lucario
|-enditem|p1a: Breloom|Fighting Gem|[from] gem|[move] Mach Punch
|-supereffective|p2a: Lucario
|-damage|p2a: Lucario|0 fnt
|faint|p2a: Lucario
|
|-weather|Sandstorm|[upkeep]
|-damage|p1a: Breloom|15/100|[from] Sandstorm
|upkeep
|
|switch|p2a: Thundurus|Thundurus-Therian, M|100/100
|turn|12
|
|move|p1a: Breloom|Mach Punch|p2a: Thundurus
|-resisted|p2a: Thundurus
|-damage|p2a: Thundurus|79/100
|move|p2a: Thundurus|Agility|p2a: Thundurus
|-boost|p2a: Thundurus|spe|2
|
|-weather|Sandstorm|[upkeep]
|-damage|p2a: Thundurus|73/100|[from] Sandstorm
|-damage|p1a: Breloom|9/100|[from] Sandstorm
|-heal|p2a: Thundurus|79/100|[from] item: Leftovers
|upkeep
|turn|13
|
|move|p1a: Breloom|Mach Punch|p2a: Thundurus
|-resisted|p2a: Thundurus
|-damage|p2a: Thundurus|58/100
|move|p2a: Thundurus|Hidden Power|p1a: Breloom
|-supereffective|p1a: Breloom
|-damage|p1a: Breloom|0 fnt
|faint|p1a: Breloom
|
|-weather|Sandstorm|[upkeep]
|-damage|p2a: Thundurus|52/100|[from] Sandstorm
|-heal|p2a: Thundurus|58/100|[from] item: Leftovers
|upkeep
|
|switch|p1a: Dragonite|Dragonite, M|100/100
|-damage|p1a: Dragonite|76/100|[from] Stealth Rock
|turn|14
|
|move|p1a: Dragonite|Extreme Speed|p2a: Thundurus
|-damage|p2a: Thundurus|14/100
|move|p2a: Thundurus|Hidden Power|p1a: Dragonite
|-supereffective|p1a: Dragonite
|-damage|p1a: Dragonite|0 fnt
|faint|p1a: Dragonite
|
|-weather|Sandstorm|[upkeep]
|-damage|p2a: Thundurus|8/100|[from] Sandstorm
|-heal|p2a: Thundurus|14/100|[from] item: Leftovers
|upkeep
|
|switch|p1a: Salamence|Salamence, M|60/100
|-damage|p1a: Salamence|35/100|[from] Stealth Rock
|turn|15
|c|☆Ditto The Hoe|gg wp
|
|move|p2a: Thundurus|Hidden Power|p1a: Salamence
|-supereffective|p1a: Salamence
|-damage|p1a: Salamence|0 fnt
|faint|p1a: Salamence
|
|win|Sobcay el rey
|raw|Ditto The Hoe's rating: 1343 &rarr; <strong>1325</strong><br />(-18 for losing)
|raw|Sobcay el rey's rating: 1377 &rarr; <strong>1395</strong><br />(+18 for winning)
