|j|☆Almm41
|j|☆GrinchsBankAccount
|player|p1|Almm41|medium|1385
|player|p2|GrinchsBankAccount|clemont|1279
|teamsize|p1|6
|teamsize|p2|6
|gametype|singles
|gen|5
|tier|[Gen 5] OU
|rated|
|clearpoke
|poke|p1|Tyranitar, F|item
|poke|p1|Ferrothorn, M|item
|poke|p1|Rotom-Wash|item
|poke|p1|Gliscor, F|item
|poke|p1|Latios, M|item
|poke|p1|Mienshao, M|item
|poke|p2|Sableye, M|item
|poke|p2|Clefable, F|item
|poke|p2|Ferrothorn, M|item
|poke|p2|Darmanitan, F|item
|poke|p2|Blastoise, M|item
|poke|p2|Gengar, F|item
|rule|Species Clause: Limit one of each Pokémon
|rule|OHKO Clause: OHKO moves are banned
|rule|Moody Clause: Moody is banned
|rule|Evasion Moves Clause: Evasion moves are banned
|rule|Endless Battle Clause: Forcing endless battles is banned
|rule|HP Percentage Mod: HP is shown in percentages
|rule|Evasion Abilities Clause: Evasion abilities are banned
|rule|Baton Pass Clause: Limit one Baton Passer, can't pass Spe and other stats simultaneously
|rule|Sleep Clause: Sleep-inducing moves are banned
|rule|Swagger Clause: Swagger is banned
|teampreview
|inactive|Battle timer is ON: inactive players will automatically lose when time's up. (requested by GrinchsBankAccount)
|
|start
|switch|p1a: Tyranitar|Tyranitar, F|100/100
|switch|p2a: Darmanitan|Darmanitan, F|100/100
|-weather|Sandstorm|[from] ability: Sand Stream|[of] p1a: Tyranitar
|turn|1
|
|switch|p1a: Gliscor|Gliscor, F|100/100
|move|p2a: Darmanitan|U-turn|p1a: Gliscor
|-resisted|p1a: Gliscor
|-damage|p1a: Gliscor|93/100
|
|switch|p2a: Clefable|Clefable, F|100/100|[from]move: U-turn
|
|-weather|Sandstorm|[upkeep]
|-status|p1a: Gliscor|tox|[from] item: Toxic Orb
|upkeep
|turn|2
|
|move|p1a: Gliscor|Taunt|p2a: Clefable
|-start|p2a: Clefable|move: Taunt
|move|p2a: Clefable|Hyper Voice|p1a: Gliscor
|-damage|p1a: Gliscor|30/100 tox
|
|-weather|Sandstorm|[upkeep]
|-heal|p1a: Gliscor|42/100 tox|[from] ability: Poison Heal
|upkeep
|turn|3
|
|move|p1a: Gliscor|Protect|p1a: Gliscor
|-singleturn|p1a: Gliscor|Protect
|move|p2a: Clefable|Hyper Voice|p1a: Gliscor
|-activate|p1a: Gliscor|move: Protect
|
|-weather|Sandstorm|[upkeep]
|-heal|p1a: Gliscor|55/100 tox|[from] ability: Poison Heal
|upkeep
|turn|4
|
|switch|p1a: Tyranitar|Tyranitar, F|100/100
|move|p2a: Clefable|Hyper Voice|p1a: Tyranitar
|-resisted|p1a: Tyranitar
|-damage|p1a: Tyranitar|89/100
|
|-weather|Sandstorm|[upkeep]
|-end|p2a: Clefable|move: Taunt
|upkeep
|turn|5
|
|switch|p2a: Sableye|Sableye, M|100/100
|move|p1a: Tyranitar|Stealth Rock|p2a: Sableye
|-sidestart|p2: GrinchsBankAccount|move: Stealth Rock
|
|-weather|Sandstorm|[upkeep]
|-damage|p2a: Sableye|95/100|[from] Sandstorm
|upkeep
|turn|6
|
|switch|p1a: Gliscor|Gliscor, F|55/100 tox
|move|p2a: Sableye|Will-O-Wisp||[still]
|-fail|p2a: Sableye
|
|-weather|Sandstorm|[upkeep]
|-damage|p2a: Sableye|89/100|[from] Sandstorm
|-heal|p1a: Gliscor|67/100 tox|[from] ability: Poison Heal
|upkeep
|turn|7
|
|move|p2a: Sableye|Taunt|p1a: Gliscor
|-start|p1a: Gliscor|move: Taunt
|move|p1a: Gliscor|Earthquake|p2a: Sableye
|-damage|p2a: Sableye|51/100
|
|-weather|Sandstorm|[upkeep]
|-damage|p2a: Sableye|45/100|[from] Sandstorm
|-heal|p1a: Gliscor|80/100 tox|[from] ability: Poison Heal
|upkeep
|turn|8
|
|move|p2a: Sableye|Recover|p2a: Sableye
|-heal|p2a: Sableye|95/100
|move|p1a: Gliscor|Earthquake|p2a: Sableye
|-damage|p2a: Sableye|60/100
|
|-weather|Sandstorm|[upkeep]
|-damage|p2a: Sableye|54/100|[from] Sandstorm
|-heal|p1a: Gliscor|92/100 tox|[from] ability: Poison Heal
|upkeep
|turn|9
|
|switch|p2a: Clefable|Clefable, F|100/100
|move|p1a: Gliscor|Earthquake|p2a: Clefable
|-damage|p2a: Clefable|69/100
|
|-weather|Sandstorm|[upkeep]
|-heal|p1a: Gliscor|100/100 tox|[from] ability: Poison Heal
|-end|p1a: Gliscor|move: Taunt
|upkeep
|turn|10
|
|move|p1a: Gliscor|Taunt|p2a: Clefable
|-start|p2a: Clefable|move: Taunt
|move|p2a: Clefable|Hyper Voice|p1a: Gliscor
|-damage|p1a: Gliscor|42/100 tox
|
|-weather|Sandstorm|[upkeep]
|-heal|p1a: Gliscor|54/100 tox|[from] ability: Poison Heal
|upkeep
|turn|11
|
|switch|p1a: Tyranitar|Tyranitar, F|89/100
|move|p2a: Clefable|Hyper Voice|p1a: Tyranitar
|-resisted|p1a: Tyranitar
|-damage|p1a: Tyranitar|78/100
|
|-weather|Sandstorm|[upkeep]
|upkeep
|turn|12
|
|move|p2a: Clefable|Hidden Power|p1a: Tyranitar
|-supereffective|p1a: Tyranitar
|-damage|p1a: Tyranitar|52/100
|move|p1a: Tyranitar|Crunch|p2a: Clefable
|-damage|p2a: Clefable|31/100
|
|-weather|Sandstorm|[upkeep]
|-end|p2a: Clefable|move: Taunt
|upkeep
|turn|13
|
|move|p2a: Clefable|Soft-Boiled|p2a: Clefable
|-heal|p2a: Clefable|81/100
|move|p1a: Tyranitar|Crunch|p2a: Clefable
|-damage|p2a: Clefable|40/100
|
|-weather|Sandstorm|[upkeep]
|upkeep
|turn|14
|
|move|p2a: Clefable|Hidden Power|p1a: Tyranitar
|-supereffective|p1a: Tyranitar
|-damage|p1a: Tyranitar|29/100
|move|p1a: Tyranitar|Superpower|p2a: Clefable
|-supereffective|p2a: Clefable
|-damage|p2a: Clefable|0 fnt
|-unboost|p1a: Tyranitar|atk|1
|-unboost|p1a: Tyranitar|def|1
|faint|p2a: Clefable
|
|-weather|Sandstorm|[upkeep]
|upkeep
|
|switch|p2a: Darmanitan|Darmanitan, F|100/100
|-damage|p2a: Darmanitan|76/100|[from] Stealth Rock
|turn|15
|
|switch|p1a: Ferrothorn|Ferrothorn, M|100/100
|move|p2a: Darmanitan|Flare Blitz|p1a: Ferrothorn
|-supereffective|p1a: Ferrothorn
|-damage|p1a: Ferrothorn|0 fnt
|-damage|p2a: Darmanitan|63/100|[from] ability: Iron Barbs|[of] p1a: Ferrothorn
|-damage|p2a: Darmanitan|30/100|[from] Recoil
|faint|p1a: Ferrothorn
|
|-weather|Sandstorm|[upkeep]
|-damage|p2a: Darmanitan|24/100|[from] Sandstorm
|upkeep
|
|switch|p1a: Mienshao|Mienshao, M|100/100
|turn|16
|
|switch|p2a: Sableye|Sableye, M|54/100
|-damage|p2a: Sableye|42/100|[from] Stealth Rock
|move|p1a: Mienshao|U-turn|p2a: Sableye
|-damage|p2a: Sableye|16/100
|-damage|p1a: Mienshao|84/100|[from] item: Rocky Helmet|[of] p2a: Sableye
|
|switch|p1a: Latios|Latios, M|100/100|[from]move: U-turn
|
|-weather|Sandstorm|[upkeep]
|-damage|p1a: Latios|95/100|[from] Sandstorm
|-damage|p2a: Sableye|10/100|[from] Sandstorm
|upkeep
|turn|17
|
|switch|p1a: Gliscor|Gliscor, F|54/100 tox
|move|p2a: Sableye|Will-O-Wisp|p1a: Gliscor|[miss]
|-miss|p2a: Sableye|p1a: Gliscor
|
|-weather|Sandstorm|[upkeep]
|-damage|p2a: Sableye|4/100|[from] Sandstorm
|-heal|p1a: Gliscor|67/100 tox|[from] ability: Poison Heal
|upkeep
|turn|18
|
|move|p2a: Sableye|Recover|p2a: Sableye
|-heal|p2a: Sableye|55/100
|move|p1a: Gliscor|Earthquake|p2a: Sableye
|-damage|p2a: Sableye|22/100
|
|-weather|Sandstorm|[upkeep]
|-damage|p2a: Sableye|16/100|[from] Sandstorm
|-heal|p1a: Gliscor|79/100 tox|[from] ability: Poison Heal
|upkeep
|turn|19
|
|switch|p1a: Rotom|Rotom-Wash|100/100
|move|p2a: Sableye|Recover|p2a: Sableye
|-heal|p2a: Sableye|66/100
|
|-weather|Sandstorm|[upkeep]
|-damage|p1a: Rotom|95/100|[from] Sandstorm
|-damage|p2a: Sableye|60/100|[from] Sandstorm
|-heal|p1a: Rotom|100/100|[from] item: Leftovers
|upkeep
|turn|20
|
|move|p2a: Sableye|Will-O-Wisp|p1a: Rotom|[miss]
|-miss|p2a: Sableye|p1a: Rotom
|move|p1a: Rotom|Volt Switch|p2a: Sableye
|-damage|p2a: Sableye|26/100
|
|switch|p1a: Latios|Latios, M|95/100|[from]move: Volt Switch
|
|-weather|Sandstorm|[upkeep]
|-damage|p1a: Latios|89/100|[from] Sandstorm
|-damage|p2a: Sableye|20/100|[from] Sandstorm
|upkeep
|turn|21
|
|move|p2a: Sableye|Will-O-Wisp|p1a: Latios
|-status|p1a: Latios|brn
|move|p1a: Latios|Dragon Pulse|p2a: Sableye
|-damage|p2a: Sableye|0 fnt
|faint|p2a: Sableye
|
|-weather|Sandstorm|[upkeep]
|-damage|p1a: Latios|83/100 brn|[from] Sandstorm
|-damage|p1a: Latios|70/100 brn|[from] brn
|upkeep
|
|switch|p2a: Gengar|Gengar, F|100/100
|-damage|p2a: Gengar|88/100|[from] Stealth Rock
|turn|22
|
|switch|p1a: Tyranitar|Tyranitar, F|29/100
|move|p2a: Gengar|Shadow Ball|p1a: Tyranitar
|-resisted|p1a: Tyranitar
|-damage|p1a: Tyranitar|20/100
|-unboost|p1a: Tyranitar|spd|1
|
|-weather|Sandstorm|[upkeep]
|-damage|p2a: Gengar|82/100|[from] Sandstorm
|upkeep
|turn|23
|
|move|p2a: Gengar|Focus Blast|p1a: Tyranitar
|-supereffective|p1a: Tyranitar
|-enditem|p1a: Tyranitar|Chople Berry|[eat]
|-enditem|p1a: Tyranitar|Chople Berry|[weaken]
|-damage|p1a: Tyranitar|0 fnt
|faint|p1a: Tyranitar
|
|-weather|Sandstorm|[upkeep]
|-damage|p2a: Gengar|76/100|[from] Sandstorm
|upkeep
|
|switch|p1a: Rotom|Rotom-Wash|100/100
|turn|24
|
|switch|p2a: Ferrothorn|Ferrothorn, M|100/100
|-damage|p2a: Ferrothorn|94/100|[from] Stealth Rock
|move|p1a: Rotom|Volt Switch|p2a: Ferrothorn
|-resisted|p2a: Ferrothorn
|-damage|p2a: Ferrothorn|82/100
|
|switch|p1a: Gliscor|Gliscor, F|79/100 tox|[from]move: Volt Switch
|
|-weather|Sandstorm|[upkeep]
|-heal|p2a: Ferrothorn|89/100|[from] item: Leftovers
|-heal|p1a: Gliscor|91/100 tox|[from] ability: Poison Heal
|upkeep
|turn|25
|
|switch|p2a: Blastoise|Blastoise, M|100/100
|-damage|p2a: Blastoise|88/100|[from] Stealth Rock
|move|p1a: Gliscor|Taunt|p2a: Blastoise
|-start|p2a: Blastoise|move: Taunt
|
|-weather|Sandstorm|[upkeep]
|-damage|p2a: Blastoise|82/100|[from] Sandstorm
|-heal|p1a: Gliscor|100/100 tox|[from] ability: Poison Heal
|upkeep
|turn|26
|
|switch|p1a: Rotom|Rotom-Wash|100/100
|move|p2a: Blastoise|Rapid Spin|p1a: Rotom
|-crit|p1a: Rotom
|-damage|p1a: Rotom|93/100
|-sideend|p2: GrinchsBankAccount|Stealth Rock|[from] move: Rapid Spin|[of] p2a: Blastoise
|
|-weather|Sandstorm|[upkeep]
|-damage|p1a: Rotom|87/100|[from] Sandstorm
|-damage|p2a: Blastoise|76/100|[from] Sandstorm
|-heal|p1a: Rotom|93/100|[from] item: Leftovers
|upkeep
|turn|27
|
|move|p1a: Rotom|Volt Switch|p2a: Blastoise
|-supereffective|p2a: Blastoise
|-enditem|p2a: Blastoise|Wacan Berry|[eat]
|-enditem|p2a: Blastoise|Wacan Berry|[weaken]
|-damage|p2a: Blastoise|58/100
|
|switch|p1a: Latios|Latios, M|70/100 brn|[from]move: Volt Switch
|move|p2a: Blastoise|Ice Beam|p1a: Latios
|-supereffective|p1a: Latios
|-damage|p1a: Latios|32/100 brn
|
|-weather|Sandstorm|[upkeep]
|-damage|p1a: Latios|26/100 brn|[from] Sandstorm
|-damage|p2a: Blastoise|51/100|[from] Sandstorm
|-damage|p1a: Latios|13/100 brn|[from] brn
|-end|p2a: Blastoise|move: Taunt
|upkeep
|turn|28
|
|switch|p1a: Gliscor|Gliscor, F|100/100 tox
|switch|p2a: Darmanitan|Darmanitan, F|24/100
|
|-weather|Sandstorm|[upkeep]
|-damage|p2a: Darmanitan|18/100|[from] Sandstorm
|upkeep
|turn|29
|
|move|p1a: Gliscor|Protect|p1a: Gliscor
|-singleturn|p1a: Gliscor|Protect
|move|p2a: Darmanitan|U-turn|p1a: Gliscor
|-activate|p1a: Gliscor|move: Protect
|
|-weather|Sandstorm|[upkeep]
|-damage|p2a: Darmanitan|12/100|[from] Sandstorm
|upkeep
|turn|30
|
|move|p2a: Darmanitan|U-turn|p1a: Gliscor
|-resisted|p1a: Gliscor
|-crit|p1a: Gliscor
|-damage|p1a: Gliscor|85/100 tox
|
|switch|p2a: Blastoise|Blastoise, M|51/100|[from]move: U-turn
|move|p1a: Gliscor|Taunt|p2a: Blastoise
|-start|p2a: Blastoise|move: Taunt
|
|-weather|Sandstorm|[upkeep]
|-damage|p2a: Blastoise|45/100|[from] Sandstorm
|-heal|p1a: Gliscor|97/100 tox|[from] ability: Poison Heal
|upkeep
|turn|31
|
|move|p1a: Gliscor|Protect|p1a: Gliscor
|-singleturn|p1a: Gliscor|Protect
|move|p2a: Blastoise|Scald|p1a: Gliscor
|-activate|p1a: Gliscor|move: Protect
|
|-weather|Sandstorm|[upkeep]
|-damage|p2a: Blastoise|39/100|[from] Sandstorm
|-heal|p1a: Gliscor|100/100 tox|[from] ability: Poison Heal
|upkeep
|turn|32
|
|switch|p1a: Rotom|Rotom-Wash|93/100
|move|p2a: Blastoise|Scald|p1a: Rotom
|-resisted|p1a: Rotom
|-crit|p1a: Rotom
|-damage|p1a: Rotom|74/100
|-status|p1a: Rotom|brn
|
|-weather|Sandstorm|[upkeep]
|-damage|p1a: Rotom|68/100 brn|[from] Sandstorm
|-damage|p2a: Blastoise|33/100|[from] Sandstorm
|-heal|p1a: Rotom|74/100 brn|[from] item: Leftovers
|-damage|p1a: Rotom|62/100 brn|[from] brn
|-end|p2a: Blastoise|move: Taunt
|upkeep
|turn|33
|
|switch|p2a: Ferrothorn|Ferrothorn, M|89/100
|move|p1a: Rotom|Volt Switch|p2a: Ferrothorn
|-resisted|p2a: Ferrothorn
|-damage|p2a: Ferrothorn|77/100
|
|switch|p1a: Gliscor|Gliscor, F|100/100 tox|[from]move: Volt Switch
|
|-weather|Sandstorm|[upkeep]
|-heal|p2a: Ferrothorn|83/100|[from] item: Leftovers
|upkeep
|turn|34
|
|move|p1a: Gliscor|Taunt|p2a: Ferrothorn
|-start|p2a: Ferrothorn|move: Taunt
|cant|p2a: Ferrothorn|move: Taunt|Leech Seed
|
|-weather|Sandstorm|[upkeep]
|-heal|p2a: Ferrothorn|90/100|[from] item: Leftovers
|upkeep
|turn|35
|
|switch|p2a: Gengar|Gengar, F|76/100
|move|p1a: Gliscor|Earthquake|p2a: Gengar
|-immune|p2a: Gengar|[from] ability: Levitate
|
|-weather|Sandstorm|[upkeep]
|-damage|p2a: Gengar|70/100|[from] Sandstorm
|upkeep
|turn|36
|
|move|p2a: Gengar|Shadow Ball|p1a: Gliscor
|-damage|p1a: Gliscor|46/100 tox
|-unboost|p1a: Gliscor|spd|1
|move|p1a: Gliscor|Taunt|p2a: Gengar
|-start|p2a: Gengar|move: Taunt
|
|-weather|Sandstorm|[upkeep]
|-damage|p2a: Gengar|64/100|[from] Sandstorm
|-heal|p1a: Gliscor|59/100 tox|[from] ability: Poison Heal
|upkeep
|turn|37
|
|move|p1a: Gliscor|Protect|p1a: Gliscor
|-singleturn|p1a: Gliscor|Protect
|move|p2a: Gengar|Shadow Ball|p1a: Gliscor
|-activate|p1a: Gliscor|move: Protect
|
|-weather|Sandstorm|[upkeep]
|-damage|p2a: Gengar|58/100|[from] Sandstorm
|-heal|p1a: Gliscor|71/100 tox|[from] ability: Poison Heal
|upkeep
|turn|38
|
|switch|p1a: Latios|Latios, M|13/100 brn
|move|p2a: Gengar|Shadow Ball|p1a: Latios
|-supereffective|p1a: Latios
|-damage|p1a: Latios|0 fnt
|faint|p1a: Latios
|
|-weather|Sandstorm|[upkeep]
|-damage|p2a: Gengar|51/100|[from] Sandstorm
|upkeep
|
|switch|p1a: Mienshao|Mienshao, M|100/100
|turn|39
|
|switch|p2a: Darmanitan|Darmanitan, F|12/100
|move|p1a: Mienshao|Rock Slide|p2a: Darmanitan
|-supereffective|p2a: Darmanitan
|-damage|p2a: Darmanitan|0 fnt
|faint|p2a: Darmanitan
|
|-weather|Sandstorm|[upkeep]
|-damage|p1a: Mienshao|95/100|[from] Sandstorm
|upkeep
|
|switch|p2a: Ferrothorn|Ferrothorn, M|90/100
|turn|40
|
|switch|p1a: Rotom|Rotom-Wash|62/100 brn
|move|p2a: Ferrothorn|Leech Seed|p1a: Rotom
|-start|p1a: Rotom|move: Leech Seed
|
|-weather|Sandstorm|[upkeep]
|-damage|p1a: Rotom|56/100 brn|[from] Sandstorm
|-heal|p1a: Rotom|62/100 brn|[from] item: Leftovers
|-heal|p2a: Ferrothorn|96/100|[from] item: Leftovers
|-damage|p1a: Rotom|50/100 brn|[from] Leech Seed|[of] p2a: Ferrothorn
|-heal|p2a: Ferrothorn|100/100|[silent]
|-damage|p1a: Rotom|37/100 brn|[from] brn
|upkeep
|turn|41
|
|move|p1a: Rotom|Will-O-Wisp|p2a: Ferrothorn
|-status|p2a: Ferrothorn|brn
|move|p2a: Ferrothorn|Power Whip|p1a: Rotom
|-supereffective|p1a: Rotom
|-damage|p1a: Rotom|0 fnt
|faint|p1a: Rotom
|
|-weather|Sandstorm|[upkeep]
|-damage|p2a: Ferrothorn|88/100 brn|[from] brn
|upkeep
|
|switch|p1a: Gliscor|Gliscor, F|71/100 tox
|turn|42
|
|switch|p2a: Blastoise|Blastoise, M|33/100
|move|p1a: Gliscor|Taunt|p2a: Blastoise
|-start|p2a: Blastoise|move: Taunt
|
|-weather|Sandstorm|[upkeep]
|-damage|p2a: Blastoise|27/100|[from] Sandstorm
|-heal|p1a: Gliscor|84/100 tox|[from] ability: Poison Heal
|upkeep
|turn|43
|
|move|p1a: Gliscor|Protect|p1a: Gliscor
|-singleturn|p1a: Gliscor|Protect
|move|p2a: Blastoise|Ice Beam|p1a: Gliscor
|-activate|p1a: Gliscor|move: Protect
|
|-weather|Sandstorm|[upkeep]
|-damage|p2a: Blastoise|21/100|[from] Sandstorm
|-heal|p1a: Gliscor|96/100 tox|[from] ability: Poison Heal
|upkeep
|turn|44
|
|move|p1a: Gliscor|Earthquake|p2a: Blastoise
|-damage|p2a: Blastoise|0 fnt
|faint|p2a: Blastoise
|
|-weather|Sandstorm|[upkeep]
|-heal|p1a: Gliscor|100/100 tox|[from] ability: Poison Heal
|upkeep
|
|switch|p2a: Gengar|Gengar, F|51/100
|turn|45
|
|move|p2a: Gengar|Shadow Ball|p1a: Gliscor
|-damage|p1a: Gliscor|48/100 tox
|move|p1a: Gliscor|Ice Fang|p2a: Gengar
|-damage|p2a: Gengar|23/100
|
|-weather|Sandstorm|[upkeep]
|-damage|p2a: Gengar|17/100|[from] Sandstorm
|-heal|p1a: Gliscor|60/100 tox|[from] ability: Poison Heal
|upkeep
|turn|46
|
|move|p1a: Gliscor|Protect|p1a: Gliscor
|-singleturn|p1a: Gliscor|Protect
|move|p2a: Gengar|Shadow Ball|p1a: Gliscor
|-activate|p1a: Gliscor|move: Protect
|
|-weather|Sandstorm|[upkeep]
|-damage|p2a: Gengar|11/100|[from] Sandstorm
|-heal|p1a: Gliscor|73/100 tox|[from] ability: Poison Heal
|upkeep
|turn|47
|
|move|p2a: Gengar|Shadow Ball|p1a: Gliscor
|-crit|p1a: Gliscor
|-damage|p1a: Gliscor|0 fnt
|faint|p1a: Gliscor
|
|-weather|Sandstorm|[upkeep]
|-damage|p2a: Gengar|5/100|[from] Sandstorm
|upkeep
|
|switch|p1a: Mienshao|Mienshao, M|100/100
|turn|48
|
|switch|p2a: Ferrothorn|Ferrothorn, M|88/100 brn
|move|p1a: Mienshao|Hidden Power|p2a: Ferrothorn
|-damage|p2a: Ferrothorn|73/100 brn
|
|-weather|Sandstorm|[upkeep]
|-damage|p1a: Mienshao|95/100|[from] Sandstorm
|-heal|p2a: Ferrothorn|79/100 brn|[from] item: Leftovers
|-damage|p2a: Ferrothorn|67/100 brn|[from] brn
|upkeep
|turn|49
|
|move|p1a: Mienshao|Hidden Power|p2a: Ferrothorn
|-damage|p2a: Ferrothorn|52/100 brn
|move|p2a: Ferrothorn|Leech Seed|p1a: Mienshao
|-start|p1a: Mienshao|move: Leech Seed
|
|-weather|Sandstorm|[upkeep]
|-damage|p1a: Mienshao|89/100|[from] Sandstorm
|-heal|p2a: Ferrothorn|59/100 brn|[from] item: Leftovers
|-damage|p1a: Mienshao|77/100|[from] Leech Seed|[of] p2a: Ferrothorn
|-heal|p2a: Ferrothorn|68/100 brn|[silent]
|-damage|p2a: Ferrothorn|56/100 brn|[from] brn
|upkeep
|turn|50
|-message|Almm41 forfeited.
|
|win|GrinchsBankAccount
|l|☆Almm41
|raw|Almm41's rating: 1385 &rarr; <strong>1359</strong><br />(-26 for losing)
|raw|GrinchsBankAccount's rating: 1279 &rarr; <strong>1312</strong><br />(+33 for winning)
