|j|☆sidis
|j|☆minutemaid13
|t:|1707537418
|gametype|singles
|player|p1|sidis|iris-gen5bw2|1410
|player|p2|minutemaid13|1|1335
|teamsize|p1|6
|teamsize|p2|6
|gen|5
|tier|[Gen 5] OU
|rated|
|rule|Species Clause: Limit one of each Pokémon
|rule|OHKO Clause: OHKO moves are banned
|rule|Moody Clause: Moody is banned
|rule|Evasion Items Clause: Evasion items are banned
|rule|Evasion Moves Clause: Evasion moves are banned
|rule|Endless Battle Clause: Forcing endless battles is banned
|rule|HP Percentage Mod: HP is shown in percentages
|rule|Evasion Abilities Clause: Evasion abilities are banned
|rule|Sleep Moves Clause: Sleep-inducing moves are banned
|rule|Swagger Clause: Swagger is banned
|rule|Baton Pass Stat Clause: No Baton Passer may have a way to boost its stats
|clearpoke
|poke|p1|Latios, M|item
|poke|p1|Gyarados, M|item
|poke|p1|Mamoswine, M|item
|poke|p1|Reuniclus, F|item
|poke|p1|Rotom-Wash|item
|poke|p1|Starmie|item
|poke|p2|Skarmory, M|item
|poke|p2|Chansey, F|item
|poke|p2|Celebi|mail
|poke|p2|Alakazam, F|item
|poke|p2|Gliscor, F|item
|poke|p2|Keldeo|item
|teampreview
|inactive|Battle timer is ON: inactive players will automatically lose when time's up. (requested by sidis)
|
|t:|1707537437
|start
|switch|p1a: Mamoswine|Mamoswine, M|100/100
|switch|p2a: Alakazam|Alakazam, F|100/100
|turn|1
|
|t:|1707537443
|move|p2a: Alakazam|Focus Blast|p1a: Mamoswine
|-supereffective|p1a: Mamoswine
|-enditem|p1a: Mamoswine|Focus Sash
|-damage|p1a: Mamoswine|1/100
|-unboost|p1a: Mamoswine|spd|1
|move|p1a: Mamoswine|Icicle Crash|p2a: Alakazam
|-enditem|p2a: Alakazam|Focus Sash
|-damage|p2a: Alakazam|1/100
|
|upkeep
|turn|2
|
|t:|1707537453
|switch|p2a: Keldeo|Keldeo|100/100
|move|p1a: Mamoswine|Stealth Rock|p2a: Keldeo
|-sidestart|p2: minutemaid13|move: Stealth Rock
|
|upkeep
|turn|3
|
|t:|1707537456
|switch|p1a: Starmie|Starmie|100/100
|move|p2a: Keldeo|Secret Sword|p1a: Starmie
|-resisted|p1a: Starmie
|-damage|p1a: Starmie|56/100
|-damage|p2a: Keldeo|91/100|[from] item: Life Orb
|
|upkeep
|turn|4
|
|t:|1707537465
|move|p1a: Starmie|Psyshock|p2a: Keldeo
|-supereffective|p2a: Keldeo
|-crit|p2a: Keldeo
|-damage|p2a: Keldeo|0 fnt
|faint|p2a: Keldeo
|-damage|p1a: Starmie|46/100|[from] item: Life Orb
|
|upkeep
|
|t:|1707537471
|switch|p2a: Alakazam|Alakazam, F|1/100
|turn|5
|
|t:|1707537474
|switch|p1a: Rotom|Rotom-Wash|100/100
|move|p2a: Alakazam|Shadow Ball|p1a: Rotom
|-damage|p1a: Rotom|78/100
|-unboost|p1a: Rotom|spd|1
|
|-heal|p1a: Rotom|84/100|[from] item: Leftovers
|upkeep
|turn|6
|
|t:|1707537479
|switch|p2a: Chansey|Chansey, F|100/100
|-damage|p2a: Chansey|88/100|[from] Stealth Rock
|move|p1a: Rotom|Volt Switch|p2a: Chansey
|-damage|p2a: Chansey|82/100
|
|t:|1707537505
|switch|p1a: Gyarados|Gyarados, M|100/100|[from] Volt Switch
|-ability|p1a: Gyarados|Intimidate|boost
|-unboost|p2a: Chansey|atk|1
|
|upkeep
|turn|7
|
|t:|1707537518
|switch|p2a: Skarmory|Skarmory, M|100/100
|-damage|p2a: Skarmory|88/100|[from] Stealth Rock
|move|p1a: Gyarados|Substitute|p1a: Gyarados
|-start|p1a: Gyarados|Substitute
|-damage|p1a: Gyarados|76/100
|
|-heal|p1a: Gyarados|82/100|[from] item: Leftovers
|upkeep
|turn|8
|
|t:|1707537535
|move|p1a: Gyarados|Waterfall|p2a: Skarmory
|-damage|p2a: Skarmory|59/100
|move|p2a: Skarmory|Spikes|p1a: Gyarados
|-sidestart|p1: sidis|Spikes
|
|-heal|p1a: Gyarados|88/100|[from] item: Leftovers
|upkeep
|turn|9
|
|t:|1707537539
|move|p1a: Gyarados|Dragon Dance|p1a: Gyarados
|-boost|p1a: Gyarados|atk|1
|-boost|p1a: Gyarados|spe|1
|move|p2a: Skarmory|Roost|p2a: Skarmory
|-heal|p2a: Skarmory|100/100
|-singleturn|p2a: Skarmory|move: Roost
|
|-heal|p1a: Gyarados|94/100|[from] item: Leftovers
|upkeep
|turn|10
|
|t:|1707537541
|move|p1a: Gyarados|Waterfall|p2a: Skarmory
|-damage|p2a: Skarmory|54/100
|move|p2a: Skarmory|Spikes|p1a: Gyarados
|-sidestart|p1: sidis|Spikes
|
|-heal|p1a: Gyarados|99/100|[from] item: Leftovers
|upkeep
|turn|11
|
|t:|1707537546
|move|p1a: Gyarados|Dragon Dance|p1a: Gyarados
|-boost|p1a: Gyarados|atk|1
|-boost|p1a: Gyarados|spe|1
|move|p2a: Skarmory|Roost|p2a: Skarmory
|-heal|p2a: Skarmory|100/100
|-singleturn|p2a: Skarmory|move: Roost
|
|-heal|p1a: Gyarados|100/100|[from] item: Leftovers
|upkeep
|turn|12
|
|t:|1707537548
|move|p1a: Gyarados|Waterfall|p2a: Skarmory
|-damage|p2a: Skarmory|37/100
|move|p2a: Skarmory|Whirlwind|p1a: Gyarados
|drag|p1a: Latios|Latios, M|100/100
|
|upkeep
|turn|13
|
|t:|1707537554
|switch|p2a: Celebi|Celebi|100/100
|-damage|p2a: Celebi|88/100|[from] Stealth Rock
|move|p1a: Latios|Ice Beam|p2a: Celebi
|-supereffective|p2a: Celebi
|-damage|p2a: Celebi|47/100
|-damage|p1a: Latios|91/100|[from] item: Life Orb
|
|upkeep
|turn|14
|
|t:|1707537561
|move|p1a: Latios|Dragon Dance|p1a: Latios
|-boost|p1a: Latios|atk|1
|-boost|p1a: Latios|spe|1
|move|p2a: Celebi|Recover|p2a: Celebi
|-heal|p2a: Celebi|97/100
|
|upkeep
|turn|15
|
|t:|1707537570
|move|p1a: Latios|Outrage|p2a: Celebi
|-damage|p2a: Celebi|8/100
|-damage|p1a: Latios|81/100|[from] item: Life Orb
|move|p2a: Celebi|U-turn|p1a: Latios
|-supereffective|p1a: Latios
|-damage|p1a: Latios|33/100
|
|t:|1707537577
|switch|p2a: Alakazam|Alakazam, F|1/100|[from] U-turn
|
|upkeep
|turn|16
|
|t:|1707537579
|move|p1a: Latios|Outrage|p2a: Alakazam|[from]lockedmove
|-damage|p2a: Alakazam|0 fnt
|faint|p2a: Alakazam
|-damage|p1a: Latios|23/100|[from] item: Life Orb
|-start|p1a: Latios|confusion|[fatigue]
|
|upkeep
|
|t:|1707537597
|switch|p2a: Chansey|Chansey, F|82/100
|-damage|p2a: Chansey|70/100|[from] Stealth Rock
|turn|17
|
|t:|1707537599
|-activate|p1a: Latios|confusion
|-damage|p1a: Latios|0 fnt|[from] confusion
|faint|p1a: Latios
|move|p2a: Chansey|Seismic Toss|p1: Latios|[notarget]
|-fail|p2a: Chansey
|
|upkeep
|
|t:|1707537609
|switch|p1a: Starmie|Starmie|46/100
|-damage|p1a: Starmie|29/100|[from] Spikes
|turn|18
|
|t:|1707537619
|move|p1a: Starmie|Rapid Spin|p2a: Chansey
|-damage|p2a: Chansey|64/100
|-sideend|p1: sidis|Spikes|[from] move: Rapid Spin|[of] p1a: Starmie
|-damage|p1a: Starmie|19/100|[from] item: Life Orb
|move|p2a: Chansey|Seismic Toss|p1a: Starmie
|-damage|p1a: Starmie|0 fnt
|faint|p1a: Starmie
|
|upkeep
|
|t:|1707537621
|switch|p1a: Mamoswine|Mamoswine, M|1/100
|turn|19
|
|t:|1707537624
|move|p1a: Mamoswine|Icicle Crash|p2a: Chansey
|-damage|p2a: Chansey|0 fnt
|faint|p2a: Chansey
|
|upkeep
|
|t:|1707537630
|switch|p2a: Skarmory|Skarmory, M|37/100
|-damage|p2a: Skarmory|24/100|[from] Stealth Rock
|turn|20
|
|t:|1707537634
|move|p1a: Mamoswine|Icicle Crash|p2a: Skarmory
|-damage|p2a: Skarmory|0 fnt
|faint|p2a: Skarmory
|
|upkeep
|
|t:|1707537643
|switch|p2a: Gliscor|Gliscor, F, shiny|100/100
|-damage|p2a: Gliscor|88/100|[from] Stealth Rock
|turn|21
|
|t:|1707537646
|move|p2a: Gliscor|Protect|p2a: Gliscor
|-singleturn|p2a: Gliscor|Protect
|move|p1a: Mamoswine|Ice Shard|p2a: Gliscor
|-activate|p2a: Gliscor|move: Protect
|
|-status|p2a: Gliscor|tox|[from] item: Toxic Orb
|upkeep
|turn|22
|
|t:|1707537650
|move|p1a: Mamoswine|Ice Shard|p2a: Gliscor
|-supereffective|p2a: Gliscor
|-damage|p2a: Gliscor|30/100 tox
|move|p2a: Gliscor|U-turn|p1a: Mamoswine
|-damage|p1a: Mamoswine|0 fnt
|faint|p1a: Mamoswine
|
|t:|1707537653
|switch|p2a: Celebi|Celebi|8/100|[from] U-turn
|-damage|p2a: Celebi|0 fnt|[from] Stealth Rock
|faint|p2a: Celebi
|
|upkeep
|-message|minutemaid13 forfeited.
|
|win|sidis
|raw|sidis's rating: 1410 &rarr; <strong>1426</strong><br />(+16 for winning)
|raw|minutemaid13's rating: 1335 &rarr; <strong>1319</strong><br />(-16 for losing)
|l|☆sidis
|player|p1|
