|j|☆LuluDzn
|j|☆ImpedanceisFutile
|player|p1|LuluDzn|140
|player|p2|ImpedanceisFutile|147
|teamsize|p1|6
|teamsize|p2|6
|gametype|singles
|gen|5
|tier|[Gen 5] OU
|rated|
|rule|Sleep Clause Mod: Limit one foe put to sleep
|rule|Species Clause: Limit one of each Pokémon
|rule|OHKO Clause: OHKO moves are banned
|rule|Moody Clause: Moody is banned
|rule|Evasion Moves Clause: Evasion moves are banned
|rule|Endless Battle Clause: Forcing endless battles is banned
|rule|HP Percentage Mod: HP is shown in percentages
|rule|Evasion Abilities Clause: Evasion abilities are banned
|rule|Baton Pass Clause: Limit one Baton Passer, can't pass Spe and other stats simultaneously
|rule|Swagger Clause: Swagger is banned
|clearpoke
|poke|p1|Skarmory, F|item
|poke|p1|Alakazam, M|item
|poke|p1|Tyranitar, M|item
|poke|p1|Garchomp, M|item
|poke|p1|Keldeo|item
|poke|p1|Amoonguss, F|item
|poke|p2|Volcarona, F|item
|poke|p2|Forretress, M|item
|poke|p2|Garchomp, F|item
|poke|p2|Tangrowth, F|item
|poke|p2|Slowking, M|item
|poke|p2|Tyranitar, F|item
|teampreview
|c|☆ImpedanceisFutile|hf
|c|☆LuluDzn|hf
|
|start
|switch|p1a: Tyranitar|Tyranitar, M|100/100
|switch|p2a: Tangrowth|Tangrowth, F|100/100
|-weather|Sandstorm|[from] ability: Sand Stream|[of] p1a: Tyranitar
|turn|1
|
|switch|p1a: Amoonguss|Amoonguss, F|100/100
|move|p2a: Tangrowth|Sleep Powder|p1a: Amoonguss
|-status|p1a: Amoonguss|slp
|
|-weather|Sandstorm|[upkeep]
|-damage|p2a: Tangrowth|94/100|[from] Sandstorm
|-damage|p1a: Amoonguss|94/100 slp|[from] Sandstorm
|-heal|p1a: Amoonguss|100/100 slp|[from] item: Black Sludge
|upkeep
|turn|2
|
|move|p2a: Tangrowth|Knock Off|p1a: Amoonguss
|-damage|p1a: Amoonguss|96/100 slp
|-enditem|p1a: Amoonguss|Black Sludge|[from] move: Knock Off|[of] p2a: Tangrowth
|cant|p1a: Amoonguss|slp
|move|p1a: Amoonguss|Sleep Talk|p1a: Amoonguss
|move|p1a: Amoonguss|Clear Smog|p2a: Tangrowth|[from]Sleep Talk
|-supereffective|p2a: Tangrowth
|-damage|p2a: Tangrowth|50/100
|-clearboost|p2a: Tangrowth
|
|-weather|Sandstorm|[upkeep]
|-damage|p2a: Tangrowth|43/100|[from] Sandstorm
|-damage|p1a: Amoonguss|90/100 slp|[from] Sandstorm
|upkeep
|turn|3
|
|switch|p2a: Slowking|Slowking, M|100/100
|-curestatus|p1a: Amoonguss|slp|[msg]
|move|p1a: Amoonguss|Sleep Talk||[still]
|-fail|p1a: Amoonguss
|
|-weather|Sandstorm|[upkeep]
|-damage|p2a: Slowking|94/100|[from] Sandstorm
|-damage|p1a: Amoonguss|84/100|[from] Sandstorm
|-heal|p2a: Slowking|100/100|[from] item: Leftovers
|upkeep
|turn|4
|
|switch|p2a: Garchomp|Garchomp, F|100/100
|move|p1a: Amoonguss|Spore|p2a: Garchomp
|-status|p2a: Garchomp|slp
|
|-weather|Sandstorm|[upkeep]
|-damage|p1a: Amoonguss|78/100|[from] Sandstorm
|upkeep
|turn|5
|
|switch|p2a: Tyranitar|Tyranitar, F|100/100
|switch|p1a: Skarmory|Skarmory, F|100/100
|
|-weather|Sandstorm|[upkeep]
|upkeep
|turn|6
|
|switch|p1a: Keldeo|Keldeo|100/100
|move|p2a: Tyranitar|Stealth Rock|p1a: Keldeo
|-sidestart|p1: LuluDzn|move: Stealth Rock
|
|-weather|Sandstorm|[upkeep]
|-damage|p1a: Keldeo|94/100|[from] Sandstorm
|upkeep
|turn|7
|
|switch|p2a: Slowking|Slowking, M|100/100
|move|p1a: Keldeo|Hydro Pump|p2a: Slowking|[miss]
|-miss|p1a: Keldeo|p2a: Slowking
|
|-weather|Sandstorm|[upkeep]
|-damage|p1a: Keldeo|88/100|[from] Sandstorm
|-damage|p2a: Slowking|94/100|[from] Sandstorm
|-heal|p2a: Slowking|100/100|[from] item: Leftovers
|upkeep
|turn|8
|
|switch|p1a: Amoonguss|Amoonguss, F|100/100
|-damage|p1a: Amoonguss|88/100|[from] Stealth Rock
|move|p2a: Slowking|Scald|p1a: Amoonguss
|-resisted|p1a: Amoonguss
|-damage|p1a: Amoonguss|79/100
|
|-weather|Sandstorm|[upkeep]
|-damage|p2a: Slowking|94/100|[from] Sandstorm
|-damage|p1a: Amoonguss|72/100|[from] Sandstorm
|-heal|p2a: Slowking|100/100|[from] item: Leftovers
|upkeep
|turn|9
|
|move|p1a: Amoonguss|Giga Drain|p2a: Slowking
|-supereffective|p2a: Slowking
|-damage|p2a: Slowking|65/100
|-heal|p1a: Amoonguss|88/100|[from] drain|[of] p2a: Slowking
|move|p2a: Slowking|Psyshock|p1a: Amoonguss
|-supereffective|p1a: Amoonguss
|-damage|p1a: Amoonguss|34/100
|
|-weather|Sandstorm|[upkeep]
|-damage|p2a: Slowking|59/100|[from] Sandstorm
|-damage|p1a: Amoonguss|27/100|[from] Sandstorm
|-heal|p2a: Slowking|65/100|[from] item: Leftovers
|upkeep
|turn|10
|
|switch|p1a: Skarmory|Skarmory, F|100/100
|-damage|p1a: Skarmory|88/100|[from] Stealth Rock
|switch|p2a: Tyranitar|Tyranitar, F|100/100
|
|-weather|Sandstorm|[upkeep]
|-heal|p1a: Skarmory|94/100|[from] item: Leftovers
|upkeep
|turn|11
|
|switch|p1a: Tyranitar|Tyranitar, M|100/100
|-damage|p1a: Tyranitar|88/100|[from] Stealth Rock
|switch|p2a: Forretress|Forretress, M|100/100
|
|-weather|Sandstorm|[upkeep]
|upkeep
|turn|12
|
|move|p1a: Tyranitar|Fire Blast|p2a: Forretress
|-supereffective|p2a: Forretress
|-ability|p2a: Forretress|Sturdy
|-damage|p2a: Forretress|1/100
|move|p2a: Forretress|Rapid Spin|p1a: Tyranitar
|-resisted|p1a: Tyranitar
|-damage|p1a: Tyranitar|87/100
|
|-weather|Sandstorm|[upkeep]
|-heal|p2a: Forretress|7/100|[from] item: Leftovers
|upkeep
|turn|13
|
|move|p1a: Tyranitar|Pursuit|p2a: Forretress
|-resisted|p2a: Forretress
|-damage|p2a: Forretress|2/100
|move|p2a: Forretress|Rapid Spin|p1a: Tyranitar
|-resisted|p1a: Tyranitar
|-damage|p1a: Tyranitar|85/100
|
|-weather|Sandstorm|[upkeep]
|-heal|p2a: Forretress|8/100|[from] item: Leftovers
|upkeep
|turn|14
|
|move|p1a: Tyranitar|Crunch|p2a: Forretress
|-resisted|p2a: Forretress
|-damage|p2a: Forretress|0 fnt
|faint|p2a: Forretress
|
|-weather|Sandstorm|[upkeep]
|upkeep
|
|switch|p2a: Volcarona|Volcarona, F|100/100
|turn|15
|
|switch|p1a: Garchomp|Garchomp, M|100/100
|-damage|p1a: Garchomp|94/100|[from] Stealth Rock
|move|p2a: Volcarona|Quiver Dance|p2a: Volcarona
|-boost|p2a: Volcarona|spa|1
|-boost|p2a: Volcarona|spd|1
|-boost|p2a: Volcarona|spe|1
|
|-weather|Sandstorm|[upkeep]
|-damage|p2a: Volcarona|94/100|[from] Sandstorm
|upkeep
|turn|16
|
|switch|p2a: Tangrowth|Tangrowth, F|77/100
|move|p1a: Garchomp|Rock Slide|p2a: Tangrowth
|-crit|p2a: Tangrowth
|-damage|p2a: Tangrowth|48/100
|
|-weather|Sandstorm|[upkeep]
|-damage|p2a: Tangrowth|41/100|[from] Sandstorm
|upkeep
|turn|17
|
|switch|p1a: Amoonguss|Amoonguss, F|61/100
|-damage|p1a: Amoonguss|48/100|[from] Stealth Rock
|switch|p2a: Volcarona|Volcarona, F|94/100
|
|-weather|Sandstorm|[upkeep]
|-damage|p2a: Volcarona|88/100|[from] Sandstorm
|-damage|p1a: Amoonguss|42/100|[from] Sandstorm
|upkeep
|turn|18
|
|switch|p1a: Garchomp|Garchomp, M|94/100
|-damage|p1a: Garchomp|88/100|[from] Stealth Rock
|move|p2a: Volcarona|Bug Buzz|p1a: Garchomp
|-enditem|p2a: Volcarona|Bug Gem|[from] gem|[move] Bug Buzz
|-damage|p1a: Garchomp|4/100
|
|-weather|Sandstorm|[upkeep]
|-damage|p2a: Volcarona|82/100|[from] Sandstorm
|upkeep
|turn|19
|
|switch|p2a: Tangrowth|Tangrowth, F|75/100
|move|p1a: Garchomp|Outrage|p2a: Tangrowth
|-damage|p2a: Tangrowth|40/100
|-damage|p1a: Garchomp|0 fnt|[from] item: Rocky Helmet|[of] p2a: Tangrowth
|faint|p1a: Garchomp
|-formechange|p1a: Garchomp|Garchomp|
|
|-weather|Sandstorm|[upkeep]
|-damage|p2a: Tangrowth|34/100|[from] Sandstorm
|upkeep
|
|switch|p1a: Alakazam|Alakazam, M|100/100
|turn|20
|
|switch|p2a: Slowking|Slowking, M|99/100
|move|p1a: Alakazam|Psychic|p2a: Slowking
|-resisted|p2a: Slowking
|-damage|p2a: Slowking|76/100
|
|-weather|Sandstorm|[upkeep]
|-damage|p2a: Slowking|70/100|[from] Sandstorm
|-heal|p2a: Slowking|76/100|[from] item: Leftovers
|upkeep
|turn|21
|
|move|p1a: Alakazam|Shadow Ball|p2a: Slowking
|-supereffective|p2a: Slowking
|-damage|p2a: Slowking|22/100
|move|p2a: Slowking|Scald|p1a: Alakazam
|-crit|p1a: Alakazam
|-damage|p1a: Alakazam|14/100
|-status|p1a: Alakazam|brn
|
|-weather|Sandstorm|[upkeep]
|-damage|p2a: Slowking|16/100|[from] Sandstorm
|-heal|p2a: Slowking|22/100|[from] item: Leftovers
|upkeep
|turn|22
|
|switch|p2a: Tyranitar|Tyranitar, F|100/100
|move|p1a: Alakazam|Shadow Ball|p2a: Tyranitar
|-resisted|p2a: Tyranitar
|-damage|p2a: Tyranitar|93/100
|
|-weather|Sandstorm|[upkeep]
|upkeep
|turn|23
|
|move|p1a: Alakazam|Focus Blast|p2a: Tyranitar
|-supereffective|p2a: Tyranitar
|-enditem|p2a: Tyranitar|Chople Berry|[eat]
|-enditem|p2a: Tyranitar|Chople Berry|[weaken]
|-damage|p2a: Tyranitar|48/100
|move|p2a: Tyranitar|Pursuit|p1a: Alakazam
|-supereffective|p1a: Alakazam
|-damage|p1a: Alakazam|0 fnt
|faint|p1a: Alakazam
|
|-weather|Sandstorm|[upkeep]
|upkeep
|
|switch|p1a: Tyranitar|Tyranitar, M|85/100
|-damage|p1a: Tyranitar|73/100|[from] Stealth Rock
|turn|24
|
|switch|p2a: Volcarona|Volcarona, F|82/100
|move|p1a: Tyranitar|Stealth Rock|p2a: Volcarona
|-sidestart|p2: ImpedanceisFutile|move: Stealth Rock
|
|-weather|Sandstorm|[upkeep]
|-damage|p2a: Volcarona|76/100|[from] Sandstorm
|upkeep
|turn|25
|
|switch|p1a: Keldeo|Keldeo|88/100
|-damage|p1a: Keldeo|82/100|[from] Stealth Rock
|move|p2a: Volcarona|Quiver Dance|p2a: Volcarona
|-boost|p2a: Volcarona|spa|1
|-boost|p2a: Volcarona|spd|1
|-boost|p2a: Volcarona|spe|1
|
|-weather|Sandstorm|[upkeep]
|-damage|p2a: Volcarona|70/100|[from] Sandstorm
|-damage|p1a: Keldeo|76/100|[from] Sandstorm
|upkeep
|turn|26
|
|move|p2a: Volcarona|Giga Drain|p1a: Keldeo
|-supereffective|p1a: Keldeo
|-damage|p1a: Keldeo|0 fnt
|-heal|p2a: Volcarona|100/100|[from] drain|[of] p1a: Keldeo
|faint|p1a: Keldeo
|
|-weather|Sandstorm|[upkeep]
|-damage|p2a: Volcarona|94/100|[from] Sandstorm
|upkeep
|
|switch|p1a: Tyranitar|Tyranitar, M|73/100
|-damage|p1a: Tyranitar|60/100|[from] Stealth Rock
|turn|27
|-message|LuluDzn forfeited.
|
|win|ImpedanceisFutile
|l|☆LuluDzn
|raw|LuluDzn's rating: 1382 &rarr; <strong>1359</strong><br />(-23 for losing)
|raw|ImpedanceisFutile's rating: 1321 &rarr; <strong>1345</strong><br />(+24 for winning)
