|j|☆Invisible Enemy
|j|☆bad big bratt
|player|p1|Invisible Enemy|52
|player|p2|bad big bratt|137
|teamsize|p1|6
|teamsize|p2|6
|gametype|singles
|gen|5
|tier|[Gen 5] OU
|rated|
|rule|Sleep Clause Mod: Limit one foe put to sleep
|rule|Species Clause: Limit one of each Pokémon
|rule|OHKO Clause: OHKO moves are banned
|rule|Moody Clause: Moody is banned
|rule|Evasion Moves Clause: Evasion moves are banned
|rule|Endless Battle Clause: Forcing endless battles is banned
|rule|HP Percentage Mod: HP is shown in percentages
|rule|Evasion Abilities Clause: Evasion abilities are banned
|rule|Baton Pass Clause: Limit one Baton Passer, can't pass Spe and other stats simultaneously
|rule|Swagger Clause: Swagger is banned
|clearpoke
|poke|p1|Mienshao, F|item
|poke|p1|Tyranitar, F|item
|poke|p1|Salamence, M|item
|poke|p1|Excadrill, M|item
|poke|p1|Tangrowth, M|item
|poke|p1|Slowking, F|item
|poke|p2|Mienshao, M|item
|poke|p2|Tyranitar, F|item
|poke|p2|Skarmory, F|item
|poke|p2|Amoonguss, M|item
|poke|p2|Gliscor, M|item
|poke|p2|Alakazam, M|item
|teampreview
|inactive|Battle timer is ON: inactive players will automatically lose when time's up. (requested by bad big bratt)
|
|start
|switch|p1a: Mienshao|Mienshao, F|100/100
|switch|p2a: Mienshao|Mienshao, M|100/100
|turn|1
|
|switch|p2a: Skarmory|Skarmory, F|100/100
|move|p1a: Mienshao|High Jump Kick|p2a: Skarmory
|-crit|p2a: Skarmory
|-damage|p2a: Skarmory|20/100
|-damage|p1a: Mienshao|84/100|[from] item: Rocky Helmet|[of] p2a: Skarmory
|
|upkeep
|turn|2
|c|☆bad big bratt|aha. going for ties and critting
|c|☆bad big bratt|shouldnt have expected much from a ladder sniper
|c|☆bad big bratt|shit screams virginity
|
|switch|p2a: Gliscor|Gliscor, M|100/100
|move|p1a: Mienshao|High Jump Kick|p2a: Gliscor
|-resisted|p2a: Gliscor
|-damage|p2a: Gliscor|77/100
|
|-status|p2a: Gliscor|tox|[from] item: Toxic Orb
|upkeep
|turn|3
|
|switch|p1a: Salamence|Salamence, M|100/100
|-ability|p1a: Salamence|Intimidate|boost
|-unboost|p2a: Gliscor|atk|1
|move|p2a: Gliscor|Toxic|p1a: Salamence|[miss]
|-miss|p2a: Gliscor|p1a: Salamence
|
|-heal|p2a: Gliscor|89/100 tox|[from] ability: Poison Heal
|upkeep
|turn|4
|c|☆bad big bratt|yeah, get laid kiddo
|
|switch|p2a: Tyranitar|Tyranitar, F|100/100
|-weather|Sandstorm|[from] ability: Sand Stream|[of] p2a: Tyranitar
|move|p1a: Salamence|Draco Meteor|p2a: Tyranitar
|-crit|p2a: Tyranitar
|-damage|p2a: Tyranitar|4/100
|-unboost|p1a: Salamence|spa|2
|
|-weather|Sandstorm|[upkeep]
|-damage|p1a: Salamence|94/100|[from] Sandstorm
|upkeep
|turn|5
|c|☆bad big bratt|lmao. good thing you cant hax through ya virginity
|
|switch|p1a: Mienshao|Mienshao, F|100/100
|move|p2a: Tyranitar|Stealth Rock|p1a: Mienshao
|-sidestart|p1: Invisible Enemy|move: Stealth Rock
|
|-weather|Sandstorm|[upkeep]
|-damage|p1a: Mienshao|95/100|[from] Sandstorm
|upkeep
|turn|6
|
|move|p1a: Mienshao|U-turn|p2a: Tyranitar
|-supereffective|p2a: Tyranitar
|-damage|p2a: Tyranitar|0 fnt
|faint|p2a: Tyranitar
|
|switch|p1a: Excadrill|Excadrill, M|100/100
|-damage|p1a: Excadrill|98/100|[from] Stealth Rock
|
|-weather|Sandstorm|[upkeep]
|upkeep
|
|switch|p2a: Mienshao|Mienshao, M|100/100
|turn|7
|
|switch|p1a: Slowking|Slowking, F|100/100
|-damage|p1a: Slowking|88/100|[from] Stealth Rock
|move|p2a: Mienshao|High Jump Kick|p1a: Slowking
|-resisted|p1a: Slowking
|-damage|p1a: Slowking|48/100
|
|-weather|Sandstorm|[upkeep]
|-damage|p2a: Mienshao|95/100|[from] Sandstorm
|-damage|p1a: Slowking|42/100|[from] Sandstorm
|-heal|p1a: Slowking|48/100|[from] item: Leftovers
|upkeep
|turn|8
|
|switch|p2a: Amoonguss|Amoonguss, M|100/100
|move|p1a: Slowking|Psyshock|p2a: Amoonguss
|-supereffective|p2a: Amoonguss
|-damage|p2a: Amoonguss|31/100
|
|-weather|Sandstorm|[upkeep]
|-damage|p1a: Slowking|42/100|[from] Sandstorm
|-damage|p2a: Amoonguss|24/100|[from] Sandstorm
|-heal|p1a: Slowking|48/100|[from] item: Leftovers
|-heal|p2a: Amoonguss|31/100|[from] item: Black Sludge
|upkeep
|turn|9
|
|switch|p2a: Skarmory|Skarmory, F|20/100
|move|p1a: Slowking|Psyshock|p2a: Skarmory
|-resisted|p2a: Skarmory
|-damage|p2a: Skarmory|10/100
|
|-weather|Sandstorm|[upkeep]
|-damage|p1a: Slowking|42/100|[from] Sandstorm
|-heal|p1a: Slowking|48/100|[from] item: Leftovers
|upkeep
|turn|10
|
|move|p1a: Slowking|Fire Blast|p2a: Skarmory
|-supereffective|p2a: Skarmory
|-damage|p2a: Skarmory|0 fnt
|faint|p2a: Skarmory
|
|-weather|Sandstorm|[upkeep]
|-damage|p1a: Slowking|42/100|[from] Sandstorm
|-heal|p1a: Slowking|48/100|[from] item: Leftovers
|upkeep
|
|switch|p2a: Mienshao|Mienshao, M|95/100
|turn|11
|
|switch|p1a: Tangrowth|Tangrowth, M|100/100
|-damage|p1a: Tangrowth|88/100|[from] Stealth Rock
|move|p2a: Mienshao|U-turn|p1a: Tangrowth
|-supereffective|p1a: Tangrowth
|-damage|p1a: Tangrowth|62/100
|-damage|p2a: Mienshao|78/100|[from] item: Rocky Helmet|[of] p1a: Tangrowth
|
|switch|p2a: Alakazam|Alakazam, M|100/100
|
|-weather|Sandstorm|[upkeep]
|-damage|p1a: Tangrowth|56/100|[from] Sandstorm
|upkeep
|turn|12
|
|switch|p1a: Tyranitar|Tyranitar, F|100/100
|-damage|p1a: Tyranitar|88/100|[from] Stealth Rock
|move|p2a: Alakazam|Signal Beam|p1a: Tyranitar
|-supereffective|p1a: Tyranitar
|-damage|p1a: Tyranitar|63/100
|
|-weather|Sandstorm|[upkeep]
|upkeep
|turn|13
|
|move|p2a: Alakazam|Focus Blast|p1a: Tyranitar|[miss]
|-miss|p2a: Alakazam|p1a: Tyranitar
|move|p1a: Tyranitar|Crunch|p2a: Alakazam
|-supereffective|p2a: Alakazam
|-enditem|p2a: Alakazam|Focus Sash
|-damage|p2a: Alakazam|1/100
|
|-weather|Sandstorm|[upkeep]
|upkeep
|turn|14
|
|move|p2a: Alakazam|Focus Blast|p1a: Tyranitar
|-supereffective|p1a: Tyranitar
|-enditem|p1a: Tyranitar|Chople Berry|[eat]
|-enditem|p1a: Tyranitar|Chople Berry|[weaken]
|-damage|p1a: Tyranitar|25/100
|move|p1a: Tyranitar|Crunch|p2a: Alakazam
|-supereffective|p2a: Alakazam
|-damage|p2a: Alakazam|0 fnt
|faint|p2a: Alakazam
|
|-weather|Sandstorm|[upkeep]
|upkeep
|c|☆bad big bratt|yeah. im tired of these trash players haxing everybody
|c|☆bad big bratt|go play a tour
|c|☆Invisible Enemy|blablabla
|
|switch|p2a: Mienshao|Mienshao, M|78/100
|turn|15
|c|☆Invisible Enemy|you have no idea what tours i've played my man.
|c|☆bad big bratt|dont even bother replying. i mute all the bad virgins on ladder
|c|☆Invisible Enemy|i've played tours you'll never ever play :]
|inactive|Invisible Enemy has 120 seconds left.
|
|move|p2a: Mienshao|U-turn|p1a: Tyranitar
|-supereffective|p1a: Tyranitar
|-damage|p1a: Tyranitar|0 fnt
|faint|p1a: Tyranitar
|
|switch|p2a: Gliscor|Gliscor, M|89/100 tox
|
|-weather|Sandstorm|[upkeep]
|-heal|p2a: Gliscor|100/100 tox|[from] ability: Poison Heal
|upkeep
|
|switch|p1a: Salamence|Salamence, M|94/100
|-damage|p1a: Salamence|70/100|[from] Stealth Rock
|-ability|p1a: Salamence|Intimidate|boost
|-unboost|p2a: Gliscor|atk|1
|turn|16
|
|move|p2a: Gliscor|Protect|p2a: Gliscor
|-singleturn|p2a: Gliscor|Protect
|move|p1a: Salamence|Hydro Pump|p2a: Gliscor
|-activate|p2a: Gliscor|move: Protect
|
|-weather|Sandstorm|[upkeep]
|-damage|p1a: Salamence|64/100|[from] Sandstorm
|upkeep
|turn|17
|
|switch|p2a: Amoonguss|Amoonguss, M|64/100
|move|p1a: Salamence|Hydro Pump|p2a: Amoonguss
|-resisted|p2a: Amoonguss
|-damage|p2a: Amoonguss|44/100
|
|-weather|Sandstorm|[upkeep]
|-damage|p1a: Salamence|58/100|[from] Sandstorm
|-damage|p2a: Amoonguss|38/100|[from] Sandstorm
|-heal|p2a: Amoonguss|44/100|[from] item: Black Sludge
|upkeep
|turn|18
|
|switch|p1a: Tangrowth|Tangrowth, M|89/100
|-damage|p1a: Tangrowth|76/100|[from] Stealth Rock
|move|p2a: Amoonguss|Spore|p1a: Tangrowth
|-status|p1a: Tangrowth|slp
|
|-weather|Sandstorm|[upkeep]
|-damage|p1a: Tangrowth|70/100 slp|[from] Sandstorm
|-damage|p2a: Amoonguss|38/100|[from] Sandstorm
|-heal|p2a: Amoonguss|44/100|[from] item: Black Sludge
|upkeep
|turn|19
|
|switch|p1a: Excadrill|Excadrill, M|98/100
|-damage|p1a: Excadrill|95/100|[from] Stealth Rock
|move|p2a: Amoonguss|Hidden Power|p1a: Excadrill
|-supereffective|p1a: Excadrill
|-crit|p1a: Excadrill
|-damage|p1a: Excadrill|12/100
|
|-weather|Sandstorm|[upkeep]
|-damage|p2a: Amoonguss|38/100|[from] Sandstorm
|-heal|p2a: Amoonguss|44/100|[from] item: Black Sludge
|upkeep
|turn|20
|
|switch|p2a: Gliscor|Gliscor, M|100/100 tox
|move|p1a: Excadrill|Iron Head|p2a: Gliscor
|-damage|p2a: Gliscor|55/100 tox
|
|-weather|Sandstorm|[upkeep]
|-heal|p2a: Gliscor|68/100 tox|[from] ability: Poison Heal
|upkeep
|turn|21
|
|move|p2a: Gliscor|Protect|p2a: Gliscor
|-singleturn|p2a: Gliscor|Protect
|move|p1a: Excadrill|Iron Head|p2a: Gliscor
|-activate|p2a: Gliscor|move: Protect
|
|-weather|Sandstorm|[upkeep]
|-heal|p2a: Gliscor|80/100 tox|[from] ability: Poison Heal
|upkeep
|turn|22
|
|switch|p1a: Salamence|Salamence, M|58/100
|-damage|p1a: Salamence|33/100|[from] Stealth Rock
|-ability|p1a: Salamence|Intimidate|boost
|-unboost|p2a: Gliscor|atk|1
|move|p2a: Gliscor|Earthquake|p1a: Salamence
|-immune|p1a: Salamence|[msg]
|
|-weather|Sandstorm|[upkeep]
|-damage|p1a: Salamence|27/100|[from] Sandstorm
|-heal|p2a: Gliscor|93/100 tox|[from] ability: Poison Heal
|upkeep
|turn|23
|
|move|p2a: Gliscor|Protect|p2a: Gliscor
|-singleturn|p2a: Gliscor|Protect
|move|p1a: Salamence|Draco Meteor|p2a: Gliscor
|-activate|p2a: Gliscor|move: Protect
|
|-weather|Sandstorm|[upkeep]
|-damage|p1a: Salamence|21/100|[from] Sandstorm
|-heal|p2a: Gliscor|100/100 tox|[from] ability: Poison Heal
|upkeep
|turn|24
|
|move|p1a: Salamence|Draco Meteor|p2a: Gliscor
|-damage|p2a: Gliscor|0 fnt
|-unboost|p1a: Salamence|spa|2
|faint|p2a: Gliscor
|
|-weather|Sandstorm|[upkeep]
|-damage|p1a: Salamence|15/100|[from] Sandstorm
|upkeep
|
|switch|p2a: Mienshao|Mienshao, M|78/100
|turn|25
|
|move|p2a: Mienshao|High Jump Kick|p1a: Salamence
|-resisted|p1a: Salamence
|-damage|p1a: Salamence|0 fnt
|faint|p1a: Salamence
|
|-weather|Sandstorm|[upkeep]
|-damage|p2a: Mienshao|72/100|[from] Sandstorm
|upkeep
|
|switch|p1a: Slowking|Slowking, F|81/100
|-damage|p1a: Slowking|69/100|[from] Stealth Rock
|turn|26
|
|move|p2a: Mienshao|High Jump Kick|p1a: Slowking
|-resisted|p1a: Slowking
|-damage|p1a: Slowking|30/100
|move|p1a: Slowking|Psyshock|p2a: Mienshao
|-supereffective|p2a: Mienshao
|-damage|p2a: Mienshao|0 fnt
|faint|p2a: Mienshao
|
|-weather|Sandstorm|[upkeep]
|-damage|p1a: Slowking|24/100|[from] Sandstorm
|-heal|p1a: Slowking|30/100|[from] item: Leftovers
|upkeep
|c|☆bad big bratt|no justice
|c|☆bad big bratt|enjoy that virginity.
|-message|bad big bratt forfeited.
|
|win|Invisible Enemy
|l|☆bad big bratt
|raw|Invisible Enemy's rating: 1482 &rarr; <strong>1500</strong><br />(+18 for winning)
|raw|bad big bratt's rating: 1443 &rarr; <strong>1425</strong><br />(-18 for losing)
