|j|☆Gabyy
|j|☆Crimsonbacon38
|t:|1726872093
|gametype|singles
|player|p1|Gabyy|roxanne|1341
|player|p2|Crimsonbacon38|barry|1424
|teamsize|p1|6
|teamsize|p2|6
|gen|5
|tier|[Gen 5] OU
|rated|
|rule|Species Clause: Limit one of each Pokémon
|rule|OHKO Clause: OHKO moves are banned
|rule|Moody Clause: Moody is banned
|rule|Evasion Items Clause: Evasion items are banned
|rule|Evasion Moves Clause: Evasion moves are banned
|rule|Endless Battle Clause: Forcing endless battles is banned
|rule|HP Percentage Mod: HP is shown in percentages
|rule|Evasion Abilities Clause: Evasion abilities are banned
|rule|Sleep Moves Clause: Sleep-inducing moves are banned
|rule|Swagger Clause: Swagger is banned
|rule|Baton Pass Stat Clause: No Baton Passer may have a way to boost its stats
|clearpoke
|poke|p1|Forretress, F|item
|poke|p1|Scizor, M|item
|poke|p1|Dragonite, M|item
|poke|p1|Victini|item
|poke|p1|Latias, F|item
|poke|p1|Jellicent, F|item
|poke|p2|Abomasnow, F|item
|poke|p2|Garchomp, M|item
|poke|p2|Forretress, F|item
|poke|p2|Latios, M|item
|poke|p2|Scizor, F|item
|poke|p2|Reuniclus, M|item
|teampreview
|
|t:|1726872099
|start
|switch|p1a: Forretress|Forretress, F|100/100
|switch|p2a: Abomasnow|Abomasnow, F|100/100
|-weather|Hail|[from] ability: Snow Warning|[of] p2a: Abomasnow
|turn|1
|c|☆Crimsonbacon38|Glhf
|
|t:|1726872110
|switch|p2a: Garchomp|Garchomp, M|100/100
|move|p1a: Forretress|Stealth Rock|p2a: Garchomp
|-sidestart|p2: Crimsonbacon38|move: Stealth Rock
|
|-weather|Hail|[upkeep]
|-damage|p2a: Garchomp|94/100|[from] Hail
|-damage|p1a: Forretress|95/100|[from] Hail
|-heal|p2a: Garchomp|100/100|[from] item: Leftovers
|upkeep
|turn|2
|
|t:|1726872118
|move|p2a: Garchomp|Stealth Rock|p1a: Forretress
|-sidestart|p1: Gabyy|move: Stealth Rock
|move|p1a: Forretress|Spikes|p2a: Garchomp
|-sidestart|p2: Crimsonbacon38|Spikes
|
|-weather|Hail|[upkeep]
|-damage|p2a: Garchomp|94/100|[from] Hail
|-damage|p1a: Forretress|89/100|[from] Hail
|-heal|p2a: Garchomp|100/100|[from] item: Leftovers
|upkeep
|turn|3
|
|t:|1726872127
|move|p2a: Garchomp|Swords Dance|p2a: Garchomp
|-boost|p2a: Garchomp|atk|2
|move|p1a: Forretress|Explosion|p2a: Garchomp
|-damage|p2a: Garchomp|20/100
|faint|p1a: Forretress
|
|-weather|Hail|[upkeep]
|-damage|p2a: Garchomp|14/100|[from] Hail
|-heal|p2a: Garchomp|20/100|[from] item: Leftovers
|upkeep
|
|t:|1726872152
|switch|p1a: Jellicent|Jellicent, F|100/100
|-damage|p1a: Jellicent|88/100|[from] Stealth Rock
|turn|4
|
|t:|1726872156
|move|p1a: Jellicent|Hydro Pump|p2a: Garchomp
|-damage|p2a: Garchomp|0 fnt
|faint|p2a: Garchomp
|
|-weather|Hail|[upkeep]
|-damage|p1a: Jellicent|82/100|[from] Hail
|upkeep
|
|t:|1726872168
|switch|p2a: Scizor|Scizor, F|100/100
|-damage|p2a: Scizor|88/100|[from] Stealth Rock
|-damage|p2a: Scizor|76/100|[from] Spikes
|turn|5
|
|t:|1726872173
|move|p1a: Jellicent|Hydro Pump|p2a: Scizor
|-damage|p2a: Scizor|4/100
|move|p2a: Scizor|Pursuit|p1a: Jellicent
|-supereffective|p1a: Jellicent
|-damage|p1a: Jellicent|0 fnt
|faint|p1a: Jellicent
|
|-weather|Hail|[upkeep]
|-damage|p2a: Scizor|0 fnt|[from] Hail
|faint|p2a: Scizor
|upkeep
|
|t:|1726872197
|switch|p1a: Scizor|Scizor, M|100/100
|switch|p2a: Forretress|Forretress, F|100/100
|-damage|p1a: Scizor|88/100|[from] Stealth Rock
|-damage|p2a: Forretress|88/100|[from] Stealth Rock
|-damage|p2a: Forretress|76/100|[from] Spikes
|turn|6
|
|t:|1726872212
|move|p1a: Scizor|U-turn|p2a: Forretress
|-resisted|p2a: Forretress
|-crit|p2a: Forretress
|-damage|p2a: Forretress|31/100
|
|t:|1726872216
|switch|p1a: Victini|Victini|100/100|[from] U-turn
|-damage|p1a: Victini|76/100|[from] Stealth Rock
|move|p2a: Forretress|Rapid Spin|p1a: Victini
|-damage|p1a: Victini|71/100
|-sideend|p2: Crimsonbacon38|Spikes|[from] move: Rapid Spin|[of] p2a: Forretress
|-sideend|p2: Crimsonbacon38|Stealth Rock|[from] move: Rapid Spin|[of] p2a: Forretress
|
|-weather|Hail|[upkeep]
|-damage|p1a: Victini|65/100|[from] Hail
|-heal|p2a: Forretress|38/100|[from] item: Leftovers
|upkeep
|turn|7
|
|t:|1726872227
|switch|p2a: Latios|Latios, M|100/100
|move|p1a: Victini|Blue Flare|p2a: Latios
|-resisted|p2a: Latios
|-damage|p2a: Latios|69/100
|
|-weather|Hail|[upkeep]
|-damage|p2a: Latios|63/100|[from] Hail
|-damage|p1a: Victini|59/100|[from] Hail
|upkeep
|turn|8
|
|t:|1726872237
|move|p2a: Latios|Surf|p1a: Victini
|-supereffective|p1a: Victini
|-damage|p1a: Victini|0 fnt
|faint|p1a: Victini
|
|-weather|Hail|[upkeep]
|-damage|p2a: Latios|57/100|[from] Hail
|upkeep
|
|t:|1726872245
|switch|p1a: Latias|Latias, F|100/100
|-damage|p1a: Latias|88/100|[from] Stealth Rock
|turn|9
|
|t:|1726872249
|switch|p2a: Forretress|Forretress, F|38/100
|move|p1a: Latias|Draco Meteor|p2a: Forretress
|-resisted|p2a: Forretress
|-damage|p2a: Forretress|6/100
|-unboost|p1a: Latias|spa|2
|
|-weather|Hail|[upkeep]
|-damage|p1a: Latias|82/100|[from] Hail
|-heal|p2a: Forretress|12/100|[from] item: Leftovers
|upkeep
|turn|10
|
|t:|1726872259
|move|p1a: Latias|Draco Meteor|p2a: Forretress
|-resisted|p2a: Forretress
|-damage|p2a: Forretress|0 fnt
|-unboost|p1a: Latias|spa|2
|faint|p2a: Forretress
|
|-weather|Hail|[upkeep]
|-damage|p1a: Latias|76/100|[from] Hail
|upkeep
|
|t:|1726872261
|switch|p2a: Reuniclus|Reuniclus, M|100/100
|turn|11
|
|t:|1726872268
|switch|p1a: Scizor|Scizor, M|88/100
|-damage|p1a: Scizor|76/100|[from] Stealth Rock
|move|p2a: Reuniclus|Calm Mind|p2a: Reuniclus
|-boost|p2a: Reuniclus|spa|1
|-boost|p2a: Reuniclus|spd|1
|
|-weather|Hail|[upkeep]
|-damage|p1a: Scizor|70/100|[from] Hail
|upkeep
|turn|12
|
|t:|1726872276
|move|p1a: Scizor|U-turn|p2a: Reuniclus
|-supereffective|p2a: Reuniclus
|-damage|p2a: Reuniclus|17/100
|
|t:|1726872282
|switch|p1a: Latias|Latias, F|76/100|[from] U-turn
|-damage|p1a: Latias|64/100|[from] Stealth Rock
|move|p2a: Reuniclus|Focus Blast|p1a: Latias
|-resisted|p1a: Latias
|-damage|p1a: Latias|40/100
|
|-weather|Hail|[upkeep]
|-damage|p1a: Latias|34/100|[from] Hail
|-heal|p2a: Reuniclus|23/100|[from] item: Leftovers
|upkeep
|turn|13
|
|t:|1726872293
|move|p1a: Latias|Draco Meteor|p2a: Reuniclus
|-damage|p2a: Reuniclus|0 fnt
|-unboost|p1a: Latias|spa|2
|faint|p2a: Reuniclus
|
|-weather|Hail|[upkeep]
|-damage|p1a: Latias|28/100|[from] Hail
|upkeep
|
|t:|1726872298
|switch|p2a: Abomasnow|Abomasnow, F|100/100
|turn|14
|
|t:|1726872304
|move|p1a: Latias|Draco Meteor|p2a: Abomasnow
|-damage|p2a: Abomasnow|64/100
|-unboost|p1a: Latias|spa|2
|move|p2a: Abomasnow|Leech Seed|p1a: Latias
|-start|p1a: Latias|move: Leech Seed
|
|-weather|Hail|[upkeep]
|-damage|p1a: Latias|22/100|[from] Hail
|-damage|p1a: Latias|10/100|[from] Leech Seed|[of] p2a: Abomasnow
|-heal|p2a: Abomasnow|74/100|[silent]
|upkeep
|turn|15
|
|t:|1726872317
|move|p1a: Latias|Draco Meteor|p2a: Abomasnow
|-damage|p2a: Abomasnow|49/100
|-unboost|p1a: Latias|spa|2
|move|p2a: Abomasnow|Ice Beam|p1a: Latias
|-supereffective|p1a: Latias
|-damage|p1a: Latias|0 fnt
|faint|p1a: Latias
|
|-weather|Hail|[upkeep]
|upkeep
|
|t:|1726872326
|switch|p1a: Scizor|Scizor, M|70/100
|-damage|p1a: Scizor|57/100|[from] Stealth Rock
|turn|16
|
|t:|1726872330
|move|p1a: Scizor|Bullet Punch|p2a: Abomasnow
|-supereffective|p2a: Abomasnow
|-crit|p2a: Abomasnow
|-damage|p2a: Abomasnow|0 fnt
|faint|p2a: Abomasnow
|
|-weather|Hail|[upkeep]
|-damage|p1a: Scizor|51/100|[from] Hail
|upkeep
|
|t:|1726872332
|switch|p2a: Latios|Latios, M|57/100
|turn|17
|
|t:|1726872338
|move|p1a: Scizor|Bullet Punch|p2a: Latios
|-damage|p2a: Latios|0 fnt
|faint|p2a: Latios
|
|win|Gabyy
|raw|Gabyy's rating: 1341 &rarr; <strong>1366</strong><br />(+25 for winning)
|raw|Crimsonbacon38's rating: 1424 &rarr; <strong>1399</strong><br />(-25 for losing)
|c|☆Crimsonbacon38|gg
