|j|☆Rinamarokirurai!
|j|☆CG12
|t:|1704837541
|gametype|singles
|player|p1|Rinamarokirurai!|lyra|1334
|player|p2|CG12|101|1480
|teamsize|p1|6
|teamsize|p2|6
|gen|5
|tier|[Gen 5] OU
|rated|
|rule|Species Clause: Limit one of each Pokémon
|rule|OHKO Clause: OHKO moves are banned
|rule|Moody Clause: Moody is banned
|rule|Evasion Items Clause: Evasion items are banned
|rule|Evasion Moves Clause: Evasion moves are banned
|rule|Endless Battle Clause: Forcing endless battles is banned
|rule|HP Percentage Mod: HP is shown in percentages
|rule|Evasion Abilities Clause: Evasion abilities are banned
|rule|Sleep Moves Clause: Sleep-inducing moves are banned
|rule|Swagger Clause: Swagger is banned
|rule|Baton Pass Stat Clause: No Baton Passer may have a way to boost its stats
|clearpoke
|poke|p1|Tyranitar, F|item
|poke|p1|Gliscor, M|item
|poke|p1|Ferrothorn, M|item
|poke|p1|Magnezone|item
|poke|p1|Latios, M|item
|poke|p1|Terrakion|item
|poke|p2|Tyranitar, M|item
|poke|p2|Latios, M|item
|poke|p2|Landorus-Therian, M|item
|poke|p2|Ferrothorn, M|item
|poke|p2|Alakazam, F|item
|poke|p2|Reuniclus, M|item
|teampreview
|inactive|Battle timer is ON: inactive players will automatically lose when time's up. (requested by Rinamarokirurai!)
|inactive|Rinamarokirurai! has 120 seconds left.
|inactive|CG12 has 120 seconds left.
|
|t:|1704837591
|start
|switch|p1a: Gliscor|Gliscor, M|100/100
|switch|p2a: Reuniclus|Reuniclus, M, shiny|100/100
|turn|1
|
|t:|1704837598
|switch|p1a: Tyranitar|Tyranitar, F|100/100
|-weather|Sandstorm|[from] ability: Sand Stream|[of] p1a: Tyranitar
|move|p2a: Reuniclus|Calm Mind|p2a: Reuniclus
|-boost|p2a: Reuniclus|spa|1
|-boost|p2a: Reuniclus|spd|1
|
|-weather|Sandstorm|[upkeep]
|upkeep
|turn|2
|
|t:|1704837601
|move|p1a: Tyranitar|Thunder Wave|p2a: Reuniclus
|-status|p2a: Reuniclus|par
|move|p2a: Reuniclus|Focus Blast|p1a: Tyranitar
|-supereffective|p1a: Tyranitar
|-enditem|p1a: Tyranitar|Chople Berry|[eat]
|-enditem|p1a: Tyranitar|Chople Berry|[weaken]
|-damage|p1a: Tyranitar|62/100
|
|-weather|Sandstorm|[upkeep]
|upkeep
|turn|3
|
|t:|1704837606
|move|p1a: Tyranitar|Crunch|p2a: Reuniclus
|-supereffective|p2a: Reuniclus
|-damage|p2a: Reuniclus|50/100 par
|cant|p2a: Reuniclus|par
|
|-weather|Sandstorm|[upkeep]
|-heal|p2a: Reuniclus|57/100 par|[from] item: Leftovers
|upkeep
|turn|4
|
|t:|1704837610
|move|p1a: Tyranitar|Crunch|p2a: Reuniclus
|-supereffective|p2a: Reuniclus
|-damage|p2a: Reuniclus|7/100 par
|move|p2a: Reuniclus|Recover|p2a: Reuniclus
|-heal|p2a: Reuniclus|57/100 par
|
|-weather|Sandstorm|[upkeep]
|-heal|p2a: Reuniclus|63/100 par|[from] item: Leftovers
|upkeep
|turn|5
|
|t:|1704837615
|move|p1a: Tyranitar|Crunch|p2a: Reuniclus
|-supereffective|p2a: Reuniclus
|-damage|p2a: Reuniclus|12/100 par
|move|p2a: Reuniclus|Recover|p2a: Reuniclus
|-heal|p2a: Reuniclus|62/100 par
|
|-weather|Sandstorm|[upkeep]
|-heal|p2a: Reuniclus|68/100 par|[from] item: Leftovers
|upkeep
|turn|6
|
|t:|1704837625
|move|p1a: Tyranitar|Crunch|p2a: Reuniclus
|-supereffective|p2a: Reuniclus
|-damage|p2a: Reuniclus|19/100 par
|cant|p2a: Reuniclus|par
|
|-weather|Sandstorm|[upkeep]
|-heal|p2a: Reuniclus|25/100 par|[from] item: Leftovers
|upkeep
|turn|7
|
|t:|1704837631
|move|p1a: Tyranitar|Pursuit|p2a: Reuniclus
|-supereffective|p2a: Reuniclus
|-damage|p2a: Reuniclus|0 fnt
|faint|p2a: Reuniclus
|
|-weather|Sandstorm|[upkeep]
|upkeep
|
|t:|1704837637
|switch|p2a: Landorus|Landorus-Therian, M|100/100
|-ability|p2a: Landorus|Intimidate|boost
|-unboost|p1a: Tyranitar|atk|1
|turn|8
|
|t:|1704837641
|switch|p1a: Gliscor|Gliscor, M|100/100
|move|p2a: Landorus|Stealth Rock|p1a: Gliscor
|-sidestart|p1: Rinamarokirurai!|move: Stealth Rock
|
|-weather|Sandstorm|[upkeep]
|-status|p1a: Gliscor|tox|[from] item: Toxic Orb
|upkeep
|turn|9
|
|t:|1704837645
|move|p2a: Landorus|Hidden Power|p1a: Gliscor
|-supereffective|p1a: Gliscor
|-damage|p1a: Gliscor|50/100 tox
|move|p1a: Gliscor|Swords Dance|p1a: Gliscor
|-boost|p1a: Gliscor|atk|2
|
|-weather|Sandstorm|[upkeep]
|-heal|p1a: Gliscor|63/100 tox|[from] ability: Poison Heal
|upkeep
|turn|10
|
|t:|1704837652
|move|p1a: Gliscor|Protect|p1a: Gliscor
|-singleturn|p1a: Gliscor|Protect
|move|p2a: Landorus|Hidden Power|p1a: Gliscor
|-activate|p1a: Gliscor|move: Protect
|
|-weather|Sandstorm|[upkeep]
|-heal|p1a: Gliscor|75/100 tox|[from] ability: Poison Heal
|upkeep
|turn|11
|
|t:|1704837654
|move|p2a: Landorus|Hidden Power|p1a: Gliscor
|-supereffective|p1a: Gliscor
|-damage|p1a: Gliscor|22/100 tox
|move|p1a: Gliscor|Ice Fang|p2a: Landorus
|-supereffective|p2a: Landorus
|-damage|p2a: Landorus|0 fnt
|faint|p2a: Landorus
|
|-weather|Sandstorm|[upkeep]
|-heal|p1a: Gliscor|35/100 tox|[from] ability: Poison Heal
|upkeep
|
|t:|1704837662
|switch|p2a: Alakazam|Alakazam, F|100/100
|turn|12
|
|t:|1704837671
|move|p2a: Alakazam|Hidden Power|p1a: Gliscor
|-supereffective|p1a: Gliscor
|-damage|p1a: Gliscor|0 fnt
|faint|p1a: Gliscor
|
|-weather|Sandstorm|[upkeep]
|upkeep
|
|t:|1704837678
|switch|p1a: Latios|Latios, M|100/100
|-damage|p1a: Latios|88/100|[from] Stealth Rock
|turn|13
|
|t:|1704837686
|switch|p2a: Tyranitar|Tyranitar, M|100/100
|move|p1a: Latios|Trick|p2a: Tyranitar
|-activate|p1a: Latios|move: Trick|[of] p2a: Tyranitar
|-item|p2a: Tyranitar|Choice Scarf|[from] move: Trick
|-item|p1a: Latios|Chople Berry|[from] move: Trick
|
|-weather|Sandstorm|[upkeep]
|-damage|p1a: Latios|82/100|[from] Sandstorm
|upkeep
|turn|14
|
|t:|1704837692
|move|p1a: Latios|Surf|p2a: Tyranitar
|-supereffective|p2a: Tyranitar
|-damage|p2a: Tyranitar|70/100
|move|p2a: Tyranitar|Pursuit|p1a: Latios
|-supereffective|p1a: Latios
|-crit|p1a: Latios
|-damage|p1a: Latios|0 fnt
|faint|p1a: Latios
|
|-weather|Sandstorm|[upkeep]
|upkeep
|
|t:|1704837700
|switch|p1a: Magnezone|Magnezone|100/100
|-damage|p1a: Magnezone|94/100|[from] Stealth Rock
|turn|15
|
|t:|1704837710
|move|p1a: Magnezone|Substitute|p1a: Magnezone
|-start|p1a: Magnezone|Substitute
|-damage|p1a: Magnezone|70/100
|move|p2a: Tyranitar|Pursuit|p1a: Magnezone
|-resisted|p1a: Magnezone
|-activate|p1a: Magnezone|Substitute|[damage]
|
|-weather|Sandstorm|[upkeep]
|-heal|p1a: Magnezone|76/100|[from] item: Leftovers
|upkeep
|turn|16
|
|t:|1704837723
|switch|p2a: Latios|Latios, M|100/100
|move|p1a: Magnezone|Charge Beam|p2a: Latios|[miss]
|-miss|p1a: Magnezone|p2a: Latios
|
|-weather|Sandstorm|[upkeep]
|-damage|p2a: Latios|95/100|[from] Sandstorm
|-heal|p1a: Magnezone|82/100|[from] item: Leftovers
|upkeep
|turn|17
|
|t:|1704837730
|move|p2a: Latios|Dragon Pulse|p1a: Magnezone
|-resisted|p1a: Magnezone
|-end|p1a: Magnezone|Substitute
|move|p1a: Magnezone|Hidden Power|p2a: Latios
|-supereffective|p2a: Latios
|-damage|p2a: Latios|39/100
|
|-weather|Sandstorm|[upkeep]
|-damage|p2a: Latios|33/100|[from] Sandstorm
|-heal|p1a: Magnezone|88/100|[from] item: Leftovers
|upkeep
|turn|18
|
|t:|1704837734
|switch|p2a: Tyranitar|Tyranitar, M|70/100
|move|p1a: Magnezone|Substitute|p1a: Magnezone
|-start|p1a: Magnezone|Substitute
|-damage|p1a: Magnezone|63/100
|
|-weather|Sandstorm|[upkeep]
|-heal|p1a: Magnezone|69/100|[from] item: Leftovers
|upkeep
|turn|19
|
|t:|1704837740
|move|p1a: Magnezone|Thunderbolt|p2a: Tyranitar
|-damage|p2a: Tyranitar|48/100
|-status|p2a: Tyranitar|par
|cant|p2a: Tyranitar|par
|
|-weather|Sandstorm|[upkeep]
|-heal|p1a: Magnezone|75/100|[from] item: Leftovers
|upkeep
|turn|20
|
|t:|1704837753
|move|p1a: Magnezone|Thunderbolt|p2a: Tyranitar
|-damage|p2a: Tyranitar|25/100 par
|move|p2a: Tyranitar|Superpower|p1a: Magnezone
|-supereffective|p1a: Magnezone
|-end|p1a: Magnezone|Substitute
|-unboost|p2a: Tyranitar|atk|1
|-unboost|p2a: Tyranitar|def|1
|
|-weather|Sandstorm|[upkeep]
|-heal|p1a: Magnezone|81/100|[from] item: Leftovers
|upkeep
|turn|21
|
|t:|1704837760
|move|p1a: Magnezone|Substitute|p1a: Magnezone
|-start|p1a: Magnezone|Substitute
|-damage|p1a: Magnezone|56/100
|cant|p2a: Tyranitar|par
|
|-weather|Sandstorm|[upkeep]
|-heal|p1a: Magnezone|62/100|[from] item: Leftovers
|upkeep
|turn|22
|
|t:|1704837765
|move|p1a: Magnezone|Thunderbolt|p2a: Tyranitar
|-damage|p2a: Tyranitar|2/100 par
|move|p2a: Tyranitar|Superpower|p1a: Magnezone
|-supereffective|p1a: Magnezone
|-end|p1a: Magnezone|Substitute
|-unboost|p2a: Tyranitar|atk|1
|-unboost|p2a: Tyranitar|def|1
|
|-weather|Sandstorm|[upkeep]
|-heal|p1a: Magnezone|68/100|[from] item: Leftovers
|upkeep
|turn|23
|
|t:|1704837770
|move|p1a: Magnezone|Substitute|p1a: Magnezone
|-start|p1a: Magnezone|Substitute
|-damage|p1a: Magnezone|43/100
|cant|p2a: Tyranitar|par
|
|-weather|Sandstorm|[upkeep]
|-heal|p1a: Magnezone|49/100|[from] item: Leftovers
|upkeep
|turn|24
|
|t:|1704837773
|move|p1a: Magnezone|Thunderbolt|p2a: Tyranitar
|-damage|p2a: Tyranitar|0 fnt
|faint|p2a: Tyranitar
|
|-weather|Sandstorm|[upkeep]
|-heal|p1a: Magnezone|55/100|[from] item: Leftovers
|upkeep
|
|t:|1704837786
|switch|p2a: Latios|Latios, M|33/100
|turn|25
|
|t:|1704837788
|move|p2a: Latios|Dragon Pulse|p1a: Magnezone
|-resisted|p1a: Magnezone
|-end|p1a: Magnezone|Substitute
|move|p1a: Magnezone|Hidden Power|p2a: Latios
|-supereffective|p2a: Latios
|-damage|p2a: Latios|0 fnt
|faint|p2a: Latios
|
|-weather|Sandstorm|[upkeep]
|-heal|p1a: Magnezone|61/100|[from] item: Leftovers
|upkeep
|
|t:|1704837793
|switch|p2a: Alakazam|Alakazam, F|100/100
|turn|26
|
|t:|1704837801
|switch|p1a: Tyranitar|Tyranitar, F|62/100
|-damage|p1a: Tyranitar|50/100|[from] Stealth Rock
|move|p2a: Alakazam|Focus Blast|p1a: Tyranitar
|-supereffective|p1a: Tyranitar
|-damage|p1a: Tyranitar|0 fnt
|faint|p1a: Tyranitar
|
|-weather|Sandstorm|[upkeep]
|upkeep
|
|t:|1704837803
|switch|p1a: Ferrothorn|Ferrothorn, M|100/100
|-damage|p1a: Ferrothorn|94/100|[from] Stealth Rock
|turn|27
|
|t:|1704837817
|switch|p2a: Ferrothorn|Ferrothorn, M|100/100
|move|p1a: Ferrothorn|Gyro Ball|p2a: Ferrothorn
|-resisted|p2a: Ferrothorn
|-damage|p2a: Ferrothorn|98/100
|-damage|p1a: Ferrothorn|82/100|[from] ability: Iron Barbs|[of] p2a: Ferrothorn
|
|-weather|Sandstorm|[upkeep]
|-heal|p2a: Ferrothorn|100/100|[from] item: Leftovers
|upkeep
|turn|28
|
|t:|1704837828
|switch|p2a: Alakazam|Alakazam, F|100/100
|move|p1a: Ferrothorn|Stealth Rock|p2a: Alakazam
|-sidestart|p2: CG12|move: Stealth Rock
|
|-weather|Sandstorm|[upkeep]
|upkeep
|turn|29
|
|t:|1704837831
|move|p2a: Alakazam|Focus Blast|p1a: Ferrothorn|[miss]
|-miss|p2a: Alakazam|p1a: Ferrothorn
|move|p1a: Ferrothorn|Gyro Ball|p2a: Alakazam
|-enditem|p2a: Alakazam|Focus Sash
|-damage|p2a: Alakazam|1/100
|
|-weather|Sandstorm|[upkeep]
|upkeep
|turn|30
|
|t:|1704837834
|move|p2a: Alakazam|Focus Blast|p1a: Ferrothorn
|-supereffective|p1a: Ferrothorn
|-enditem|p1a: Ferrothorn|Chople Berry|[eat]
|-enditem|p1a: Ferrothorn|Chople Berry|[weaken]
|-damage|p1a: Ferrothorn|50/100
|move|p1a: Ferrothorn|Gyro Ball|p2a: Alakazam
|-damage|p2a: Alakazam|0 fnt
|faint|p2a: Alakazam
|
|-weather|Sandstorm|[upkeep]
|upkeep
|-message|CG12 forfeited.
|
|win|Rinamarokirurai!
|raw|Rinamarokirurai!'s rating: 1334 &rarr; <strong>1362</strong><br />(+28 for winning)
|raw|CG12's rating: 1480 &rarr; <strong>1452</strong><br />(-28 for losing)
|l|☆CG12
|player|p2|
