|j|☆aioso
|j|☆Xalvadore
|t:|1741407575
|gametype|singles
|player|p1|aioso|265|1445
|player|p2|Xalvadore|265|1327
|teamsize|p1|6
|teamsize|p2|6
|gen|5
|tier|[Gen 5] OU
|rated|
|rule|Species Clause: Limit one of each Pokémon
|rule|OHKO Clause: OHKO moves are banned
|rule|Moody Clause: Moody is banned
|rule|Evasion Items Clause: Evasion items are banned
|rule|Evasion Moves Clause: Evasion moves are banned
|rule|Endless Battle Clause: Forcing endless battles is banned
|rule|HP Percentage Mod: HP is shown in percentages
|rule|Evasion Abilities Clause: Evasion abilities are banned
|rule|Sleep Moves Clause: Sleep-inducing moves are banned
|rule|Swagger Clause: Swagger is banned
|rule|Baton Pass Stat Clause: No Baton Passer may have a way to boost its stats
|clearpoke
|poke|p1|Gengar, M|item
|poke|p1|Ninetales, M|item
|poke|p1|Gliscor, M|item
|poke|p1|Heatran, M|item
|poke|p1|Gastrodon, M|item
|poke|p1|Thundurus-Therian, M|item
|poke|p2|Tyranitar, F|item
|poke|p2|Rotom-Wash|item
|poke|p2|Celebi|item
|poke|p2|Skarmory, F|item
|poke|p2|Garchomp, F|item
|poke|p2|Heatran, M|item
|teampreview
|
|t:|1741407619
|start
|switch|p1a: Heatran|Heatran, M|100/100
|switch|p2a: Heatran|Heatran, M|100/100
|turn|1
|
|t:|1741407648
|move|p1a: Heatran|Earth Power|p2a: Heatran
|-supereffective|p2a: Heatran
|-damage|p2a: Heatran|4/100
|-unboost|p2a: Heatran|spd|1
|move|p2a: Heatran|Earth Power|p1a: Heatran
|-supereffective|p1a: Heatran
|-damage|p1a: Heatran|0 fnt
|faint|p1a: Heatran
|
|-heal|p2a: Heatran|10/100|[from] item: Leftovers
|upkeep
|
|t:|1741407658
|switch|p1a: Thundurus|Thundurus-Therian, M|100/100
|turn|2
|
|t:|1741407682
|move|p1a: Thundurus|Thunderbolt|p2a: Heatran
|-damage|p2a: Heatran|0 fnt
|faint|p2a: Heatran
|
|upkeep
|
|t:|1741407687
|switch|p2a: Rotom|Rotom-Wash|100/100
|turn|3
|
|t:|1741407691
|switch|p1a: Ninetales|Ninetales, M|100/100
|-weather|SunnyDay|[from] ability: Drought|[of] p1a: Ninetales
|move|p2a: Rotom|Hydro Pump|p1a: Ninetales
|-supereffective|p1a: Ninetales
|-damage|p1a: Ninetales|45/100
|
|-weather|SunnyDay|[upkeep]
|-heal|p1a: Ninetales|51/100|[from] item: Leftovers
|upkeep
|turn|4
|
|t:|1741407699
|switch|p2a: Tyranitar|Tyranitar, F|100/100
|-weather|Sandstorm|[from] ability: Sand Stream|[of] p2a: Tyranitar
|move|p1a: Ninetales|Protect||[still]
|-fail|p1a: Ninetales
|
|-weather|Sandstorm|[upkeep]
|-damage|p1a: Ninetales|45/100|[from] Sandstorm
|-heal|p1a: Ninetales|51/100|[from] item: Leftovers
|upkeep
|turn|5
|
|t:|1741407704
|move|p1a: Ninetales|Will-O-Wisp|p2a: Tyranitar|[miss]
|-miss|p1a: Ninetales|p2a: Tyranitar
|move|p2a: Tyranitar|Pursuit|p1a: Ninetales
|-damage|p1a: Ninetales|14/100
|
|-weather|Sandstorm|[upkeep]
|-damage|p1a: Ninetales|8/100|[from] Sandstorm
|-heal|p1a: Ninetales|14/100|[from] item: Leftovers
|upkeep
|turn|6
|
|t:|1741407710
|switch|p2a: Rotom|Rotom-Wash|100/100
|move|p1a: Ninetales|Will-O-Wisp|p2a: Rotom
|-status|p2a: Rotom|brn
|
|-weather|Sandstorm|[upkeep]
|-damage|p2a: Rotom|94/100 brn|[from] Sandstorm
|-damage|p1a: Ninetales|8/100|[from] Sandstorm
|-heal|p1a: Ninetales|14/100|[from] item: Leftovers
|-damage|p2a: Rotom|82/100 brn|[from] brn
|upkeep
|turn|7
|
|t:|1741407713
|move|p1a: Ninetales|Protect|p1a: Ninetales
|-singleturn|p1a: Ninetales|Protect
|move|p2a: Rotom|Hidden Power|p1a: Ninetales
|-activate|p1a: Ninetales|move: Protect
|
|-weather|Sandstorm|[upkeep]
|-damage|p2a: Rotom|76/100 brn|[from] Sandstorm
|-damage|p1a: Ninetales|8/100|[from] Sandstorm
|-heal|p1a: Ninetales|14/100|[from] item: Leftovers
|-damage|p2a: Rotom|64/100 brn|[from] brn
|upkeep
|turn|8
|
|t:|1741407717
|move|p2a: Rotom|Hidden Power|p1a: Ninetales
|-resisted|p1a: Ninetales
|-damage|p1a: Ninetales|3/100
|move|p1a: Ninetales|Sunny Day|p1a: Ninetales
|-weather|SunnyDay
|
|-weather|SunnyDay|[upkeep]
|-heal|p1a: Ninetales|9/100|[from] item: Leftovers
|-damage|p2a: Rotom|51/100 brn|[from] brn
|upkeep
|turn|9
|
|t:|1741407732
|switch|p2a: Tyranitar|Tyranitar, F|100/100
|-weather|Sandstorm|[from] ability: Sand Stream|[of] p2a: Tyranitar
|switch|p1a: Gliscor|Gliscor, M|100/100
|
|-weather|Sandstorm|[upkeep]
|-status|p1a: Gliscor|tox|[from] item: Toxic Orb
|upkeep
|turn|10
|
|t:|1741407738
|switch|p2a: Celebi|Celebi|100/100
|move|p1a: Gliscor|Earthquake|p2a: Celebi
|-resisted|p2a: Celebi
|-damage|p2a: Celebi|87/100
|
|-weather|Sandstorm|[upkeep]
|-damage|p2a: Celebi|81/100|[from] Sandstorm
|-heal|p2a: Celebi|87/100|[from] item: Leftovers
|upkeep
|turn|11
|
|t:|1741407743
|move|p2a: Celebi|Psychic|p1a: Gliscor
|-damage|p1a: Gliscor|66/100 tox
|move|p1a: Gliscor|Stealth Rock|p2a: Celebi
|-sidestart|p2: Xalvadore|move: Stealth Rock
|
|-weather|Sandstorm|[upkeep]
|-damage|p2a: Celebi|81/100|[from] Sandstorm
|-heal|p2a: Celebi|87/100|[from] item: Leftovers
|-heal|p1a: Gliscor|79/100 tox|[from] ability: Poison Heal
|upkeep
|turn|12
|
|t:|1741407748
|move|p1a: Gliscor|Protect|p1a: Gliscor
|-singleturn|p1a: Gliscor|Protect
|move|p2a: Celebi|U-turn|p1a: Gliscor
|-activate|p1a: Gliscor|move: Protect
|
|-weather|Sandstorm|[upkeep]
|-damage|p2a: Celebi|81/100|[from] Sandstorm
|-heal|p2a: Celebi|87/100|[from] item: Leftovers
|-heal|p1a: Gliscor|91/100 tox|[from] ability: Poison Heal
|upkeep
|turn|13
|
|t:|1741407751
|switch|p2a: Skarmory|Skarmory, F|100/100
|-damage|p2a: Skarmory|88/100|[from] Stealth Rock
|move|p1a: Gliscor|Knock Off|p2a: Skarmory
|-resisted|p2a: Skarmory
|-damage|p2a: Skarmory|87/100
|-enditem|p2a: Skarmory|Leftovers|[from] move: Knock Off|[of] p1a: Gliscor
|
|-weather|Sandstorm|[upkeep]
|-heal|p1a: Gliscor|100/100 tox|[from] ability: Poison Heal
|upkeep
|turn|14
|
|t:|1741407755
|switch|p1a: Ninetales|Ninetales, M|9/100
|-weather|SunnyDay|[from] ability: Drought|[of] p1a: Ninetales
|move|p2a: Skarmory|Spikes|p1a: Ninetales
|-sidestart|p1: aioso|Spikes
|
|-weather|SunnyDay|[upkeep]
|-heal|p1a: Ninetales|15/100|[from] item: Leftovers
|upkeep
|turn|15
|
|t:|1741407762
|move|p1a: Ninetales|Flamethrower|p2a: Skarmory
|-supereffective|p2a: Skarmory
|-crit|p2a: Skarmory
|-damage|p2a: Skarmory|0 fnt
|faint|p2a: Skarmory
|
|-weather|SunnyDay|[upkeep]
|-heal|p1a: Ninetales|21/100|[from] item: Leftovers
|upkeep
|
|t:|1741407768
|switch|p2a: Tyranitar|Tyranitar, F|100/100
|-damage|p2a: Tyranitar|88/100|[from] Stealth Rock
|-weather|Sandstorm|[from] ability: Sand Stream|[of] p2a: Tyranitar
|turn|16
|
|t:|1741407772
|move|p1a: Ninetales|Protect|p1a: Ninetales
|-singleturn|p1a: Ninetales|Protect
|move|p2a: Tyranitar|Crunch|p1a: Ninetales
|-activate|p1a: Ninetales|move: Protect
|
|-weather|Sandstorm|[upkeep]
|-damage|p1a: Ninetales|15/100|[from] Sandstorm
|-heal|p1a: Ninetales|21/100|[from] item: Leftovers
|upkeep
|turn|17
|
|t:|1741407781
|move|p1a: Ninetales|Will-O-Wisp|p2a: Tyranitar|[miss]
|-miss|p1a: Ninetales|p2a: Tyranitar
|move|p2a: Tyranitar|Crunch|p1a: Ninetales
|-damage|p1a: Ninetales|0 fnt
|faint|p1a: Ninetales
|
|-weather|Sandstorm|[upkeep]
|upkeep
|
|t:|1741407793
|switch|p1a: Gliscor|Gliscor, M|100/100 tox
|turn|18
|
|t:|1741407805
|switch|p2a: Celebi|Celebi|87/100
|-damage|p2a: Celebi|75/100|[from] Stealth Rock
|move|p1a: Gliscor|Earthquake|p2a: Celebi
|-resisted|p2a: Celebi
|-damage|p2a: Celebi|60/100
|
|-weather|Sandstorm|[upkeep]
|-damage|p2a: Celebi|54/100|[from] Sandstorm
|-heal|p2a: Celebi|60/100|[from] item: Leftovers
|upkeep
|turn|19
|
|t:|1741407811
|move|p2a: Celebi|U-turn|p1a: Gliscor
|-resisted|p1a: Gliscor
|-damage|p1a: Gliscor|96/100 tox
|
|t:|1741407813
|switch|p2a: Rotom|Rotom-Wash|51/100 brn|[from] U-turn
|-damage|p2a: Rotom|39/100 brn|[from] Stealth Rock
|move|p1a: Gliscor|Knock Off|p2a: Rotom
|-damage|p2a: Rotom|33/100 brn
|-enditem|p2a: Rotom|Choice Scarf|[from] move: Knock Off|[of] p1a: Gliscor
|
|-weather|Sandstorm|[upkeep]
|-damage|p2a: Rotom|27/100 brn|[from] Sandstorm
|-heal|p1a: Gliscor|100/100 tox|[from] ability: Poison Heal
|-damage|p2a: Rotom|14/100 brn|[from] brn
|upkeep
|turn|20
|
|t:|1741407825
|move|p1a: Gliscor|Protect|p1a: Gliscor
|-singleturn|p1a: Gliscor|Protect
|move|p2a: Rotom|Hydro Pump|p1a: Gliscor
|-activate|p1a: Gliscor|move: Protect
|
|-weather|Sandstorm|[upkeep]
|-damage|p2a: Rotom|8/100 brn|[from] Sandstorm
|-damage|p2a: Rotom|0 fnt|[from] brn
|faint|p2a: Rotom
|upkeep
|
|t:|1741407829
|switch|p2a: Garchomp|Garchomp, F|100/100
|-damage|p2a: Garchomp|94/100|[from] Stealth Rock
|turn|21
|
|t:|1741407835
|move|p2a: Garchomp|Swords Dance|p2a: Garchomp
|-boost|p2a: Garchomp|atk|2
|move|p1a: Gliscor|Earthquake|p2a: Garchomp
|-damage|p2a: Garchomp|63/100
|
|-weather|Sandstorm|[upkeep]
|upkeep
|turn|22
|
|t:|1741407840
|move|p2a: Garchomp|Dragon Claw|p1a: Gliscor
|-damage|p1a: Gliscor|46/100 tox
|move|p1a: Gliscor|Earthquake|p2a: Garchomp
|-damage|p2a: Garchomp|28/100
|
|-weather|Sandstorm|[upkeep]
|-heal|p1a: Gliscor|58/100 tox|[from] ability: Poison Heal
|upkeep
|turn|23
|
|t:|1741407854
|move|p2a: Garchomp|Outrage|p1a: Gliscor
|-damage|p1a: Gliscor|0 fnt
|faint|p1a: Gliscor
|
|-weather|Sandstorm|[upkeep]
|upkeep
|
|t:|1741407857
|switch|p1a: Gengar|Gengar, M|100/100
|turn|24
|
|t:|1741407870
|move|p1a: Gengar|Shadow Ball|p2a: Garchomp
|-damage|p2a: Garchomp|0 fnt
|faint|p2a: Garchomp
|
|-weather|Sandstorm|[upkeep]
|-damage|p1a: Gengar|94/100|[from] Sandstorm
|-heal|p1a: Gengar|100/100|[from] item: Black Sludge
|upkeep
|
|t:|1741407872
|switch|p2a: Tyranitar|Tyranitar, F|88/100
|-damage|p2a: Tyranitar|76/100|[from] Stealth Rock
|turn|25
|
|t:|1741407879
|move|p1a: Gengar|Will-O-Wisp|p2a: Tyranitar|[miss]
|-miss|p1a: Gengar|p2a: Tyranitar
|move|p2a: Tyranitar|Pursuit|p1a: Gengar
|-supereffective|p1a: Gengar
|-damage|p1a: Gengar|0 fnt
|faint|p1a: Gengar
|
|-weather|Sandstorm|[upkeep]
|upkeep
|c|☆aioso|this ttar man
|c|☆aioso|3 wisps
|
|t:|1741407892
|switch|p1a: Gastrodon|Gastrodon, M|100/100
|-damage|p1a: Gastrodon|88/100|[from] Spikes
|turn|26
|inactive|Battle timer is ON: inactive players will automatically lose when time's up. (requested by Xalvadore)
|
|t:|1741407901
|switch|p2a: Celebi|Celebi|60/100
|-damage|p2a: Celebi|48/100|[from] Stealth Rock
|move|p1a: Gastrodon|Ice Beam|p2a: Celebi
|-supereffective|p2a: Celebi
|-damage|p2a: Celebi|24/100
|
|-weather|Sandstorm|[upkeep]
|-damage|p2a: Celebi|18/100|[from] Sandstorm
|-heal|p2a: Celebi|24/100|[from] item: Leftovers
|-heal|p1a: Gastrodon|94/100|[from] item: Leftovers
|upkeep
|turn|27
|c|☆Xalvadore|She's the goddess
|
|t:|1741407917
|move|p2a: Celebi|Psychic|p1a: Gastrodon
|-damage|p1a: Gastrodon|66/100
|move|p1a: Gastrodon|Toxic|p2a: Celebi
|-status|p2a: Celebi|tox
|
|-weather|Sandstorm|[upkeep]
|-damage|p2a: Celebi|18/100 tox|[from] Sandstorm
|-heal|p2a: Celebi|24/100 tox|[from] item: Leftovers
|-heal|p1a: Gastrodon|73/100|[from] item: Leftovers
|-damage|p2a: Celebi|18/100 tox|[from] psn
|upkeep
|turn|28
|
|t:|1741407922
|switch|p1a: Thundurus|Thundurus-Therian, M|100/100
|move|p2a: Celebi|Psychic|p1a: Thundurus
|-damage|p1a: Thundurus|59/100
|
|-weather|Sandstorm|[upkeep]
|-damage|p1a: Thundurus|53/100|[from] Sandstorm
|-damage|p2a: Celebi|12/100 tox|[from] Sandstorm
|-heal|p1a: Thundurus|59/100|[from] item: Leftovers
|-heal|p2a: Celebi|18/100 tox|[from] item: Leftovers
|-damage|p2a: Celebi|6/100 tox|[from] psn
|upkeep
|turn|29
|
|t:|1741407927
|move|p1a: Thundurus|Hidden Power|p2a: Celebi
|-supereffective|p2a: Celebi
|-damage|p2a: Celebi|0 fnt
|faint|p2a: Celebi
|
|-weather|Sandstorm|[upkeep]
|-damage|p1a: Thundurus|53/100|[from] Sandstorm
|-heal|p1a: Thundurus|59/100|[from] item: Leftovers
|upkeep
|c|☆Xalvadore|It didn't have Giga Drain
|
|t:|1741407936
|switch|p2a: Tyranitar|Tyranitar, F|76/100
|-damage|p2a: Tyranitar|63/100|[from] Stealth Rock
|turn|30
|
|t:|1741407940
|move|p1a: Thundurus|Grass Knot|p2a: Tyranitar
|-supereffective|p2a: Tyranitar
|-damage|p2a: Tyranitar|11/100
|move|p2a: Tyranitar|Crunch|p1a: Thundurus
|-damage|p1a: Thundurus|0 fnt
|faint|p1a: Thundurus
|
|-weather|Sandstorm|[upkeep]
|upkeep
|
|t:|1741407945
|switch|p1a: Gastrodon|Gastrodon, M|73/100
|-damage|p1a: Gastrodon|60/100|[from] Spikes
|turn|31
|
|t:|1741407947
|move|p2a: Tyranitar|Crunch|p1a: Gastrodon
|-damage|p1a: Gastrodon|9/100
|move|p1a: Gastrodon|Scald|p2a: Tyranitar
|-supereffective|p2a: Tyranitar
|-crit|p2a: Tyranitar
|-damage|p2a: Tyranitar|0 fnt
|faint|p2a: Tyranitar
|
|win|aioso
|raw|aioso's rating: 1445 &rarr; <strong>1458</strong><br />(+13 for winning)
|raw|Xalvadore's rating: 1327 &rarr; <strong>1314</strong><br />(-13 for losing)
|c|☆Xalvadore|GG
|l|☆aioso
|player|p1|
