|j|☆Twink goddess
|j|☆baixiaohen
|t:|1747153483
|gametype|singles
|player|p1|Twink goddess|dawn-gen4pt|1366
|player|p2|baixiaohen|n|1403
|teamsize|p1|6
|teamsize|p2|6
|gen|5
|tier|[Gen 5] OU
|rated|
|rule|Species Clause: Limit one of each Pokémon
|rule|OHKO Clause: OHKO moves are banned
|rule|Moody Clause: Moody is banned
|rule|Evasion Items Clause: Evasion items are banned
|rule|Evasion Moves Clause: Evasion moves are banned
|rule|Endless Battle Clause: Forcing endless battles is banned
|rule|HP Percentage Mod: HP is shown in percentages
|rule|Evasion Abilities Clause: Evasion abilities are banned
|rule|Sleep Moves Clause: Sleep-inducing moves are banned
|rule|Swagger Clause: Swagger is banned
|rule|Baton Pass Stat Clause: No Baton Passer may have a way to boost its stats
|clearpoke
|poke|p1|Jirachi|item
|poke|p1|Landorus-Therian, M|item
|poke|p1|Garchomp, M|item
|poke|p1|Tyranitar, M|item
|poke|p1|Latios, M|item
|poke|p1|Rotom-Wash|item
|poke|p2|Latios, M|item
|poke|p2|Jirachi|item
|poke|p2|Starmie|item
|poke|p2|Dragonite, M|item
|poke|p2|Mamoswine, F|item
|poke|p2|Rotom-Wash|item
|teampreview
|inactive|Battle timer is ON: inactive players will automatically lose when time's up. (requested by baixiaohen)
|
|t:|1747153491
|start
|switch|p1a: Garchomp|Garchomp, M|100/100
|switch|p2a: Rotom|Rotom-Wash|100/100
|turn|1
|inactive|Twink goddess has 120 seconds left.
|
|t:|1747153531
|switch|p1a: Latios|Latios, M|100/100
|move|p2a: Rotom|Trick|p1a: Latios
|-activate|p2a: Rotom|move: Trick|[of] p1a: Latios
|-item|p1a: Latios|Choice Scarf|[from] move: Trick
|-item|p2a: Rotom|Choice Specs|[from] move: Trick
|
|upkeep
|turn|2
|j| Ferrispoke
|
|t:|1747153555
|move|p1a: Latios|Trick|p2a: Rotom
|-activate|p1a: Latios|move: Trick|[of] p2a: Rotom
|-item|p2a: Rotom|Choice Scarf|[from] move: Trick
|-item|p1a: Latios|Choice Specs|[from] move: Trick
|move|p2a: Rotom|Volt Switch|p1a: Latios
|-resisted|p1a: Latios
|-damage|p1a: Latios|87/100
|
|t:|1747153578
|switch|p2a: Jirachi|Jirachi|100/100|[from] Volt Switch
|
|upkeep
|turn|3
|
|t:|1747153586
|switch|p1a: Landorus|Landorus-Therian, M|100/100
|-ability|p1a: Landorus|Intimidate|boost
|-unboost|p2a: Jirachi|atk|1
|move|p2a: Jirachi|Body Slam|p1a: Landorus
|-damage|p1a: Landorus|87/100
|-status|p1a: Landorus|par
|
|upkeep
|turn|4
|
|t:|1747153614
|move|p2a: Jirachi|Stealth Rock|p1a: Landorus
|-sidestart|p1: Twink goddess|move: Stealth Rock
|move|p1a: Landorus|U-turn|p2a: Jirachi
|-damage|p2a: Jirachi|80/100
|
|t:|1747153619
|switch|p1a: Garchomp|Garchomp, M|100/100|[from] U-turn
|-damage|p1a: Garchomp|94/100|[from] Stealth Rock
|
|-heal|p2a: Jirachi|86/100|[from] item: Leftovers
|upkeep
|turn|5
|
|t:|1747153627
|move|p1a: Garchomp|Stealth Rock|p2a: Jirachi
|-sidestart|p2: baixiaohen|move: Stealth Rock
|move|p2a: Jirachi|Body Slam|p1a: Garchomp
|-crit|p1a: Garchomp
|-damage|p1a: Garchomp|53/100
|-status|p1a: Garchomp|par
|-damage|p2a: Jirachi|74/100|[from] ability: Rough Skin|[of] p1a: Garchomp
|
|-heal|p2a: Jirachi|80/100|[from] item: Leftovers
|upkeep
|turn|6
|
|t:|1747153647
|switch|p2a: Rotom|Rotom-Wash|100/100
|-damage|p2a: Rotom|88/100|[from] Stealth Rock
|move|p1a: Garchomp|Earthquake|p2a: Rotom
|-immune|p2a: Rotom|[from] ability: Levitate
|
|upkeep
|turn|7
|
|t:|1747153659
|move|p2a: Rotom|Trick|p1a: Garchomp
|-activate|p2a: Rotom|move: Trick|[of] p1a: Garchomp
|-item|p1a: Garchomp|Choice Scarf|[from] move: Trick
|-item|p2a: Rotom|Life Orb|[from] move: Trick
|move|p1a: Garchomp|Draco Meteor|p2a: Rotom
|-damage|p2a: Rotom|39/100
|-unboost|p1a: Garchomp|spa|2
|
|upkeep
|turn|8
|
|t:|1747153682
|switch|p1a: Latios|Latios, M|87/100
|-damage|p1a: Latios|75/100|[from] Stealth Rock
|move|p2a: Rotom|Hydro Pump|p1a: Latios
|-resisted|p1a: Latios
|-damage|p1a: Latios|45/100
|-damage|p2a: Rotom|29/100|[from] item: Life Orb
|
|upkeep
|turn|9
|inactive|Twink goddess has 90 seconds left.
|
|t:|1747153704
|switch|p2a: Jirachi|Jirachi|80/100
|-damage|p2a: Jirachi|74/100|[from] Stealth Rock
|move|p1a: Latios|Draco Meteor|p2a: Jirachi
|-resisted|p2a: Jirachi
|-damage|p2a: Jirachi|38/100
|-unboost|p1a: Latios|spa|2
|
|-heal|p2a: Jirachi|45/100|[from] item: Leftovers
|upkeep
|turn|10
|inactive|Twink goddess has 90 seconds left.
|
|t:|1747153722
|switch|p1a: Landorus|Landorus-Therian, M|87/100 par
|-damage|p1a: Landorus|74/100 par|[from] Stealth Rock
|-ability|p1a: Landorus|Intimidate|boost
|-unboost|p2a: Jirachi|atk|1
|move|p2a: Jirachi|Wish|p2a: Jirachi
|
|-heal|p2a: Jirachi|51/100|[from] item: Leftovers
|upkeep
|turn|11
|inactive|Twink goddess has 90 seconds left.
|
|t:|1747153744
|move|p2a: Jirachi|Iron Head|p1a: Landorus
|-damage|p1a: Landorus|53/100 par
|cant|p1a: Landorus|par
|
|-heal|p2a: Jirachi|100/100|[from] move: Wish|[wisher] Jirachi
|upkeep
|turn|12
|
|t:|1747153766
|move|p2a: Jirachi|Wish|p2a: Jirachi
|cant|p1a: Landorus|par
|
|upkeep
|turn|13
|
|t:|1747153782
|switch|p2a: Mamoswine|Mamoswine, F|100/100
|-damage|p2a: Mamoswine|88/100|[from] Stealth Rock
|switch|p1a: Jirachi|Jirachi|100/100
|-damage|p1a: Jirachi|94/100|[from] Stealth Rock
|
|-heal|p2a: Mamoswine|100/100|[from] move: Wish|[wisher] Jirachi
|upkeep
|turn|14
|
|t:|1747153796
|switch|p2a: Jirachi|Jirachi|100/100
|-damage|p2a: Jirachi|94/100|[from] Stealth Rock
|move|p1a: Jirachi|Iron Head|p2a: Jirachi
|-resisted|p2a: Jirachi
|-damage|p2a: Jirachi|79/100
|
|-heal|p2a: Jirachi|85/100|[from] item: Leftovers
|upkeep
|turn|15
|
|t:|1747153804
|move|p1a: Jirachi|Fire Punch|p2a: Jirachi
|-supereffective|p2a: Jirachi
|-damage|p2a: Jirachi|40/100
|move|p2a: Jirachi|Wish|p2a: Jirachi
|
|-heal|p2a: Jirachi|46/100|[from] item: Leftovers
|upkeep
|turn|16
|
|t:|1747153809
|move|p1a: Jirachi|Fire Punch|p2a: Jirachi
|-supereffective|p2a: Jirachi
|-damage|p2a: Jirachi|0 fnt
|faint|p2a: Jirachi
|
|upkeep
|
|t:|1747153816
|switch|p2a: Starmie|Starmie|100/100
|-damage|p2a: Starmie|88/100|[from] Stealth Rock
|turn|17
|inactive|Twink goddess has 90 seconds left.
|
|t:|1747153826
|switch|p1a: Rotom|Rotom-Wash|100/100
|-damage|p1a: Rotom|88/100|[from] Stealth Rock
|move|p2a: Starmie|Rapid Spin|p1a: Rotom
|-damage|p1a: Rotom|84/100
|-sideend|p2: baixiaohen|Stealth Rock|[from] move: Rapid Spin|[of] p2a: Starmie
|-damage|p2a: Starmie|78/100|[from] item: Life Orb
|
|-heal|p1a: Rotom|90/100|[from] item: Leftovers
|upkeep
|turn|18
|inactive|Twink goddess has 90 seconds left.
|
|t:|1747153860
|switch|p2a: Mamoswine|Mamoswine, F|100/100
|move|p1a: Rotom|Volt Switch|p2a: Mamoswine
|-immune|p2a: Mamoswine
|
|-heal|p1a: Rotom|96/100|[from] item: Leftovers
|upkeep
|turn|19
|
|t:|1747153865
|switch|p2a: Latios|Latios, M|100/100
|move|p1a: Rotom|Hydro Pump|p2a: Latios
|-resisted|p2a: Latios
|-damage|p2a: Latios|71/100
|
|-heal|p1a: Rotom|100/100|[from] item: Leftovers
|upkeep
|turn|20
|
|t:|1747153879
|switch|p1a: Tyranitar|Tyranitar, M|100/100
|-damage|p1a: Tyranitar|88/100|[from] Stealth Rock
|-weather|Sandstorm|[from] ability: Sand Stream|[of] p1a: Tyranitar
|move|p2a: Latios|Grass Knot|p1a: Tyranitar
|-supereffective|p1a: Tyranitar
|-damage|p1a: Tyranitar|32/100
|
|-weather|Sandstorm|[upkeep]
|-damage|p2a: Latios|65/100|[from] Sandstorm
|upkeep
|turn|21
|
|t:|1747153896
|switch|p2a: Starmie|Starmie|78/100
|switch|p1a: Jirachi|Jirachi|94/100
|-damage|p1a: Jirachi|88/100|[from] Stealth Rock
|
|-weather|Sandstorm|[upkeep]
|-damage|p2a: Starmie|72/100|[from] Sandstorm
|upkeep
|turn|22
|inactive|Twink goddess has 90 seconds left.
|
|t:|1747153907
|move|p2a: Starmie|Surf|p1a: Jirachi
|-damage|p1a: Jirachi|36/100
|-damage|p2a: Starmie|62/100|[from] item: Life Orb
|move|p1a: Jirachi|Thunder|p2a: Starmie|[miss]
|-miss|p1a: Jirachi|p2a: Starmie
|
|-weather|Sandstorm|[upkeep]
|-damage|p2a: Starmie|56/100|[from] Sandstorm
|upkeep
|turn|23
|inactive|Twink goddess has 90 seconds left.
|
|t:|1747153914
|switch|p1a: Rotom|Rotom-Wash|100/100
|-damage|p1a: Rotom|88/100|[from] Stealth Rock
|move|p2a: Starmie|Surf|p1a: Rotom
|-resisted|p1a: Rotom
|-damage|p1a: Rotom|57/100
|-damage|p2a: Starmie|46/100|[from] item: Life Orb
|
|-weather|Sandstorm|[upkeep]
|-damage|p2a: Starmie|40/100|[from] Sandstorm
|-damage|p1a: Rotom|51/100|[from] Sandstorm
|-heal|p1a: Rotom|57/100|[from] item: Leftovers
|upkeep
|turn|24
|inactive|Twink goddess has 90 seconds left.
|
|t:|1747153930
|move|p2a: Starmie|Thunder|p1a: Rotom
|-damage|p1a: Rotom|2/100
|-status|p1a: Rotom|par
|-damage|p2a: Starmie|30/100|[from] item: Life Orb
|move|p1a: Rotom|Hydro Pump|p2a: Starmie|[miss]
|-miss|p1a: Rotom|p2a: Starmie
|
|-weather|Sandstorm|[upkeep]
|-damage|p2a: Starmie|24/100|[from] Sandstorm
|-damage|p1a: Rotom|0 fnt|[from] Sandstorm
|faint|p1a: Rotom
|upkeep
|
|t:|1747153944
|switch|p1a: Jirachi|Jirachi|36/100
|-damage|p1a: Jirachi|30/100|[from] Stealth Rock
|turn|25
|
|t:|1747153948
|move|p2a: Starmie|Surf|p1a: Jirachi
|-crit|p1a: Jirachi
|-damage|p1a: Jirachi|0 fnt
|faint|p1a: Jirachi
|-damage|p2a: Starmie|14/100|[from] item: Life Orb
|
|-weather|Sandstorm|[upkeep]
|-damage|p2a: Starmie|8/100|[from] Sandstorm
|upkeep
|inactive|Twink goddess has 90 seconds left.
|
|t:|1747153955
|switch|p1a: Latios|Latios, M|45/100
|-damage|p1a: Latios|32/100|[from] Stealth Rock
|turn|26
|
|t:|1747153959
|move|p2a: Starmie|Ice Beam|p1a: Latios
|-supereffective|p1a: Latios
|-damage|p1a: Latios|0 fnt
|faint|p1a: Latios
|-damage|p2a: Starmie|0 fnt|[from] item: Life Orb
|faint|p2a: Starmie
|
|-weather|Sandstorm|[upkeep]
|upkeep
|
|t:|1747153976
|switch|p2a: Mamoswine|Mamoswine, F|100/100
|switch|p1a: Landorus|Landorus-Therian, M|53/100 par
|-damage|p1a: Landorus|41/100 par|[from] Stealth Rock
|-ability|p1a: Landorus|Intimidate|boost
|-unboost|p2a: Mamoswine|atk|1
|turn|27
|
|t:|1747153982
|move|p2a: Mamoswine|Icicle Spear|p1a: Landorus
|-supereffective|p1a: Landorus
|-damage|p1a: Landorus|0 fnt
|faint|p1a: Landorus
|-hitcount|p1: Landorus|1
|-damage|p2a: Mamoswine|91/100|[from] item: Life Orb
|
|-weather|Sandstorm|[upkeep]
|upkeep
|
|t:|1747153987
|switch|p1a: Tyranitar|Tyranitar, M|32/100
|-damage|p1a: Tyranitar|20/100|[from] Stealth Rock
|turn|28
|
|t:|1747153991
|move|p2a: Mamoswine|Earthquake|p1a: Tyranitar
|-supereffective|p1a: Tyranitar
|-damage|p1a: Tyranitar|0 fnt
|faint|p1a: Tyranitar
|-damage|p2a: Mamoswine|81/100|[from] item: Life Orb
|
|-weather|Sandstorm|[upkeep]
|upkeep
|
|t:|1747153993
|switch|p1a: Garchomp|Garchomp, M|53/100 par
|-damage|p1a: Garchomp|47/100 par|[from] Stealth Rock
|turn|29
|c|☆Twink goddess|gg
|
|t:|1747154002
|move|p2a: Mamoswine|Icicle Spear|p1a: Garchomp
|-supereffective|p1a: Garchomp
|-damage|p1a: Garchomp|0 fnt
|faint|p1a: Garchomp
|-hitcount|p1: Garchomp|1
|-damage|p2a: Mamoswine|71/100|[from] item: Life Orb
|
|win|baixiaohen
|raw|Twink goddess's rating: 1366 &rarr; <strong>1348</strong><br />(-18 for losing)
|raw|baixiaohen's rating: 1403 &rarr; <strong>1421</strong><br />(+18 for winning)
|c| Ferrispoke|(⊙﹏⊙)
|l|☆Twink goddess
|player|p1|
