|j|☆ksksjsnsn
|j|☆SwordIsBored
|t:|1730037388
|gametype|singles
|player|p1|ksksjsnsn|policeman-gen4|1258
|player|p2|SwordIsBored|gardenia-masters|1431
|teamsize|p1|6
|teamsize|p2|6
|gen|5
|tier|[Gen 5] OU
|rated|
|rule|Species Clause: Limit one of each Pokémon
|rule|OHKO Clause: OHKO moves are banned
|rule|Moody Clause: Moody is banned
|rule|Evasion Items Clause: Evasion items are banned
|rule|Evasion Moves Clause: Evasion moves are banned
|rule|Endless Battle Clause: Forcing endless battles is banned
|rule|HP Percentage Mod: HP is shown in percentages
|rule|Evasion Abilities Clause: Evasion abilities are banned
|rule|Sleep Moves Clause: Sleep-inducing moves are banned
|rule|Swagger Clause: Swagger is banned
|rule|Baton Pass Stat Clause: No Baton Passer may have a way to boost its stats
|clearpoke
|poke|p1|Tyranitar, M|item
|poke|p1|Suicune|item
|poke|p1|Jellicent, F|item
|poke|p1|Rhyperior, M|item
|poke|p1|Reuniclus, M|item
|poke|p1|Scolipede, F|item
|poke|p2|Lucario, M|item
|poke|p2|Aerodactyl, M|item
|poke|p2|Starmie|item
|poke|p2|Dragonite, M|item
|poke|p2|Jirachi|item
|poke|p2|Conkeldurr, M|item
|teampreview
|j| SKT T1 Motherfaker
|
|t:|1730037419
|start
|switch|p1a: Scolipede|Scolipede, F|100/100
|switch|p2a: Aerodactyl|Aerodactyl, M|100/100
|-ability|p2a: Aerodactyl|Pressure
|turn|1
|
|t:|1730037449
|move|p2a: Aerodactyl|Taunt|p1a: Scolipede
|-start|p1a: Scolipede|move: Taunt
|cant|p1a: Scolipede|move: Taunt|Spikes
|
|upkeep
|turn|2
|inactive|Battle timer is ON: inactive players will automatically lose when time's up. (requested by SwordIsBored)
|
|t:|1730037454
|move|p2a: Aerodactyl|Stealth Rock|p1a: Scolipede
|-sidestart|p1: ksksjsnsn|move: Stealth Rock
|move|p1a: Scolipede|Megahorn|p2a: Aerodactyl
|-resisted|p2a: Aerodactyl
|-damage|p2a: Aerodactyl|62/100
|
|upkeep
|turn|3
|
|t:|1730037459
|move|p2a: Aerodactyl|Rock Slide|p1a: Scolipede
|-supereffective|p1a: Scolipede
|-damage|p1a: Scolipede|8/100
|move|p1a: Scolipede|Megahorn|p2a: Aerodactyl
|-resisted|p2a: Aerodactyl
|-damage|p2a: Aerodactyl|5/100
|
|-end|p1a: Scolipede|move: Taunt
|upkeep
|turn|4
|
|t:|1730037468
|move|p2a: Aerodactyl|Earthquake|p1a: Scolipede
|-damage|p1a: Scolipede|0 fnt
|faint|p1a: Scolipede
|
|upkeep
|
|t:|1730037489
|switch|p1a: Rhyperior|Rhyperior, M|100/100
|-damage|p1a: Rhyperior|94/100|[from] Stealth Rock
|turn|5
|
|t:|1730037493
|move|p2a: Aerodactyl|Earthquake|p1a: Rhyperior
|-supereffective|p1a: Rhyperior
|-damage|p1a: Rhyperior|68/100
|move|p1a: Rhyperior|Stealth Rock|p2a: Aerodactyl
|-sidestart|p2: SwordIsBored|move: Stealth Rock
|
|upkeep
|turn|6
|
|t:|1730037500
|move|p2a: Aerodactyl|Earthquake|p1a: Rhyperior
|-supereffective|p1a: Rhyperior
|-damage|p1a: Rhyperior|44/100
|move|p1a: Rhyperior|Rock Blast|p2a: Aerodactyl|[miss]
|-miss|p1a: Rhyperior|p2a: Aerodactyl
|
|upkeep
|turn|7
|
|t:|1730037505
|move|p2a: Aerodactyl|Earthquake|p1a: Rhyperior
|-supereffective|p1a: Rhyperior
|-damage|p1a: Rhyperior|18/100
|move|p1a: Rhyperior|Ice Punch|p2a: Aerodactyl
|-supereffective|p2a: Aerodactyl
|-crit|p2a: Aerodactyl
|-damage|p2a: Aerodactyl|0 fnt
|faint|p2a: Aerodactyl
|
|upkeep
|
|t:|1730037510
|switch|p2a: Conkeldurr|Conkeldurr, M|100/100
|-damage|p2a: Conkeldurr|94/100|[from] Stealth Rock
|turn|8
|
|t:|1730037517
|move|p1a: Rhyperior|Earthquake|p2a: Conkeldurr
|-damage|p2a: Conkeldurr|50/100
|move|p2a: Conkeldurr|Bulk Up|p2a: Conkeldurr
|-boost|p2a: Conkeldurr|atk|1
|-boost|p2a: Conkeldurr|def|1
|
|-heal|p2a: Conkeldurr|56/100|[from] item: Leftovers
|upkeep
|turn|9
|inactive|SwordIsBored has 120 seconds left.
|
|t:|1730037554
|move|p1a: Rhyperior|Earthquake|p2a: Conkeldurr
|-damage|p2a: Conkeldurr|23/100
|move|p2a: Conkeldurr|Drain Punch|p1a: Rhyperior
|-supereffective|p1a: Rhyperior
|-damage|p1a: Rhyperior|0 fnt
|-heal|p2a: Conkeldurr|32/100|[from] drain|[of] p1a: Rhyperior
|faint|p1a: Rhyperior
|
|-heal|p2a: Conkeldurr|38/100|[from] item: Leftovers
|upkeep
|inactive|ksksjsnsn has 120 seconds left.
|inactive|ksksjsnsn has 90 seconds left.
|
|t:|1730037630
|switch|p1a: Reuniclus|Reuniclus, M|100/100
|turn|10
|inactive|SwordIsBored has 120 seconds left.
|
|t:|1730037641
|move|p1a: Reuniclus|Acid Armor|p1a: Reuniclus
|-boost|p1a: Reuniclus|def|2
|move|p2a: Conkeldurr|Payback|p1a: Reuniclus
|-supereffective|p1a: Reuniclus
|-damage|p1a: Reuniclus|67/100
|-damage|p2a: Conkeldurr|21/100|[from] item: Rocky Helmet|[of] p1a: Reuniclus
|
|-heal|p2a: Conkeldurr|28/100|[from] item: Leftovers
|upkeep
|turn|11
|inactive|ksksjsnsn has 90 seconds left.
|inactive|SwordIsBored has 120 seconds left.
|
|t:|1730037659
|move|p1a: Reuniclus|Shadow Ball|p2a: Conkeldurr
|-crit|p2a: Conkeldurr
|-damage|p2a: Conkeldurr|0 fnt
|faint|p2a: Conkeldurr
|
|upkeep
|
|t:|1730037670
|switch|p2a: Dragonite|Dragonite, M|100/100
|-damage|p2a: Dragonite|76/100|[from] Stealth Rock
|turn|12
|
|t:|1730037674
|move|p2a: Dragonite|Dragon Dance|p2a: Dragonite
|-boost|p2a: Dragonite|atk|1
|-boost|p2a: Dragonite|spe|1
|move|p1a: Reuniclus|Acid Armor|p1a: Reuniclus
|-boost|p1a: Reuniclus|def|2
|
|-heal|p2a: Dragonite|82/100|[from] item: Leftovers
|upkeep
|turn|13
|
|t:|1730037680
|move|p2a: Dragonite|Dragon Dance|p2a: Dragonite
|-boost|p2a: Dragonite|atk|1
|-boost|p2a: Dragonite|spe|1
|move|p1a: Reuniclus|Acid Armor|p1a: Reuniclus
|-boost|p1a: Reuniclus|def|2
|
|-heal|p2a: Dragonite|88/100|[from] item: Leftovers
|upkeep
|turn|14
|
|t:|1730037682
|move|p2a: Dragonite|Outrage|p1a: Reuniclus
|-damage|p1a: Reuniclus|42/100
|-damage|p2a: Dragonite|71/100|[from] item: Rocky Helmet|[of] p1a: Reuniclus
|move|p1a: Reuniclus|Shadow Ball|p2a: Dragonite
|-damage|p2a: Dragonite|47/100
|
|-heal|p2a: Dragonite|53/100|[from] item: Leftovers
|upkeep
|turn|15
|
|t:|1730037692
|move|p2a: Dragonite|Outrage|p1a: Reuniclus|[from]lockedmove
|-damage|p1a: Reuniclus|17/100
|-damage|p2a: Dragonite|37/100|[from] item: Rocky Helmet|[of] p1a: Reuniclus
|move|p1a: Reuniclus|Recover|p1a: Reuniclus
|-heal|p1a: Reuniclus|67/100
|
|-heal|p2a: Dragonite|43/100|[from] item: Leftovers
|upkeep
|turn|16
|inactive|ksksjsnsn has 120 seconds left.
|
|t:|1730037700
|move|p2a: Dragonite|Outrage|p1a: Reuniclus|[from]lockedmove
|-damage|p1a: Reuniclus|39/100
|-damage|p2a: Dragonite|26/100|[from] item: Rocky Helmet|[of] p1a: Reuniclus
|-start|p2a: Dragonite|confusion|[fatigue]
|move|p1a: Reuniclus|Calm Mind|p1a: Reuniclus
|-boost|p1a: Reuniclus|spa|1
|-boost|p1a: Reuniclus|spd|1
|
|-heal|p2a: Dragonite|32/100|[from] item: Leftovers
|upkeep
|turn|17
|
|t:|1730037704
|-activate|p2a: Dragonite|confusion
|-damage|p2a: Dragonite|0 fnt|[from] confusion
|faint|p2a: Dragonite
|move|p1a: Reuniclus|Shadow Ball|p2: Dragonite|[notarget]
|-fail|p1a: Reuniclus
|
|upkeep
|
|t:|1730037716
|switch|p2a: Jirachi|Jirachi|100/100
|-damage|p2a: Jirachi|94/100|[from] Stealth Rock
|turn|18
|
|t:|1730037719
|move|p2a: Jirachi|Iron Head|p1a: Reuniclus
|-damage|p1a: Reuniclus|31/100
|-damage|p2a: Jirachi|78/100|[from] item: Rocky Helmet|[of] p1a: Reuniclus
|cant|p1a: Reuniclus|flinch
|
|upkeep
|turn|19
|
|t:|1730037723
|move|p2a: Jirachi|Iron Head|p1a: Reuniclus
|-damage|p1a: Reuniclus|25/100
|-damage|p2a: Jirachi|61/100|[from] item: Rocky Helmet|[of] p1a: Reuniclus
|cant|p1a: Reuniclus|flinch
|
|upkeep
|turn|20
|
|t:|1730037727
|move|p2a: Jirachi|Iron Head|p1a: Reuniclus
|-damage|p1a: Reuniclus|17/100
|-damage|p2a: Jirachi|44/100|[from] item: Rocky Helmet|[of] p1a: Reuniclus
|move|p1a: Reuniclus|Recover|p1a: Reuniclus
|-heal|p1a: Reuniclus|67/100
|
|upkeep
|turn|21
|
|t:|1730037731
|move|p2a: Jirachi|Iron Head|p1a: Reuniclus
|-damage|p1a: Reuniclus|61/100
|-damage|p2a: Jirachi|28/100|[from] item: Rocky Helmet|[of] p1a: Reuniclus
|move|p1a: Reuniclus|Recover|p1a: Reuniclus
|-heal|p1a: Reuniclus|100/100
|
|upkeep
|turn|22
|
|t:|1730037735
|move|p2a: Jirachi|Iron Head|p1a: Reuniclus
|-damage|p1a: Reuniclus|93/100
|-damage|p2a: Jirachi|11/100|[from] item: Rocky Helmet|[of] p1a: Reuniclus
|cant|p1a: Reuniclus|flinch
|
|upkeep
|turn|23
|
|t:|1730037739
|move|p2a: Jirachi|Iron Head|p1a: Reuniclus
|-damage|p1a: Reuniclus|86/100
|-damage|p2a: Jirachi|0 fnt|[from] item: Rocky Helmet|[of] p1a: Reuniclus
|faint|p2a: Jirachi
|cant|p1a: Reuniclus|flinch
|
|upkeep
|
|t:|1730037741
|switch|p2a: Lucario|Lucario, M|100/100
|-damage|p2a: Lucario|98/100|[from] Stealth Rock
|turn|24
|
|t:|1730037747
|move|p2a: Lucario|Swords Dance|p2a: Lucario
|-boost|p2a: Lucario|atk|2
|move|p1a: Reuniclus|Shadow Ball|p2a: Lucario
|-resisted|p2a: Lucario
|-damage|p2a: Lucario|71/100
|
|upkeep
|turn|25
|
|t:|1730037757
|move|p2a: Lucario|Swords Dance|p2a: Lucario
|-boost|p2a: Lucario|atk|2
|move|p1a: Reuniclus|Shadow Ball|p2a: Lucario
|-resisted|p2a: Lucario
|-damage|p2a: Lucario|45/100
|-unboost|p2a: Lucario|spd|1
|
|upkeep
|turn|26
|
|t:|1730037765
|move|p2a: Lucario|Crunch|p1a: Reuniclus
|-supereffective|p1a: Reuniclus
|-damage|p1a: Reuniclus|47/100
|-damage|p2a: Lucario|29/100|[from] item: Rocky Helmet|[of] p1a: Reuniclus
|-damage|p2a: Lucario|19/100|[from] item: Life Orb
|move|p1a: Reuniclus|Shadow Ball|p2a: Lucario
|-resisted|p2a: Lucario
|-damage|p2a: Lucario|0 fnt
|faint|p2a: Lucario
|
|upkeep
|
|t:|1730037767
|switch|p2a: Starmie|Starmie|100/100
|-damage|p2a: Starmie|88/100|[from] Stealth Rock
|-item|p2a: Starmie|Air Balloon
|turn|27
|
|t:|1730037773
|move|p2a: Starmie|Ice Beam|p1a: Reuniclus
|-damage|p1a: Reuniclus|32/100
|-status|p1a: Reuniclus|frz
|cant|p1a: Reuniclus|frz
|
|upkeep
|turn|28
|
|t:|1730037778
|move|p2a: Starmie|Hydro Pump|p1a: Reuniclus
|-damage|p1a: Reuniclus|0 fnt
|faint|p1a: Reuniclus
|
|upkeep
|
|t:|1730037782
|switch|p1a: Tyranitar|Tyranitar, M|100/100
|-damage|p1a: Tyranitar|88/100|[from] Stealth Rock
|-weather|Sandstorm|[from] ability: Sand Stream|[of] p1a: Tyranitar
|turn|29
|
|t:|1730037785
|move|p1a: Tyranitar|Crunch|p2a: Starmie
|-supereffective|p2a: Starmie
|-damage|p2a: Starmie|0 fnt
|-enditem|p2a: Starmie|Air Balloon
|faint|p2a: Starmie
|
|win|ksksjsnsn
|raw|ksksjsnsn's rating: 1258 &rarr; <strong>1295</strong><br />(+37 for winning)
|raw|SwordIsBored's rating: 1431 &rarr; <strong>1402</strong><br />(-29 for losing)
|l|☆SwordIsBored
|player|p2|
