|j|☆HydreigonSpammer
|j|☆takingnoteskinda
|t:|1736615266
|gametype|singles
|player|p1|HydreigonSpammer|iris|1309
|player|p2|takingnoteskinda|#bltxiskeledirges|1462
|teamsize|p1|6
|teamsize|p2|6
|gen|5
|tier|[Gen 5] OU
|rated|
|rule|Species Clause: Limit one of each Pokémon
|rule|OHKO Clause: OHKO moves are banned
|rule|Moody Clause: Moody is banned
|rule|Evasion Items Clause: Evasion items are banned
|rule|Evasion Moves Clause: Evasion moves are banned
|rule|Endless Battle Clause: Forcing endless battles is banned
|rule|HP Percentage Mod: HP is shown in percentages
|rule|Evasion Abilities Clause: Evasion abilities are banned
|rule|Sleep Moves Clause: Sleep-inducing moves are banned
|rule|Swagger Clause: Swagger is banned
|rule|Baton Pass Stat Clause: No Baton Passer may have a way to boost its stats
|clearpoke
|poke|p1|Keldeo-Resolute|item
|poke|p1|Latios, M|item
|poke|p1|Bisharp, M|item
|poke|p1|Landorus-Therian, M|item
|poke|p1|Hydreigon, F|item
|poke|p1|Heatran, M|item
|poke|p2|Garchomp, M|item
|poke|p2|Froslass, F|item
|poke|p2|Volcarona, M|item
|poke|p2|Dragonite, M|item
|poke|p2|Starmie|item
|poke|p2|Scizor, M|item
|teampreview
|inactive|Battle timer is ON: inactive players will automatically lose when time's up. (requested by takingnoteskinda)
|inactive|takingnoteskinda has 120 seconds left.
|
|t:|1736615343
|start
|switch|p1a: Landorus|Landorus-Therian, M|100/100
|switch|p2a: Garchomp|Garchomp, M|100/100
|-ability|p1a: Landorus|Intimidate|boost
|-unboost|p2a: Garchomp|atk|1
|turn|1
|
|t:|1736615361
|move|p1a: Landorus|Earthquake|p2a: Garchomp
|-damage|p2a: Garchomp|41/100
|move|p2a: Garchomp|Stealth Rock|p1a: Landorus
|-sidestart|p1: HydreigonSpammer|move: Stealth Rock
|
|upkeep
|turn|2
|
|t:|1736615377
|switch|p1a: Keldeo|Keldeo-Resolute|100/100
|-damage|p1a: Keldeo|94/100|[from] Stealth Rock
|switch|p2a: Starmie|Starmie|100/100
|-item|p2a: Starmie|Air Balloon
|
|upkeep
|turn|3
|
|t:|1736615388
|move|p2a: Starmie|Thunderbolt|p1a: Keldeo
|-supereffective|p1a: Keldeo
|-damage|p1a: Keldeo|27/100
|move|p1a: Keldeo|Hidden Power|p2a: Starmie
|-supereffective|p2a: Starmie
|-damage|p2a: Starmie|0 fnt
|-enditem|p2a: Starmie|Air Balloon
|faint|p2a: Starmie
|
|upkeep
|
|t:|1736615394
|switch|p2a: Froslass|Froslass, F|100/100
|turn|4
|
|t:|1736615401
|move|p2a: Froslass|Spikes|p1a: Keldeo
|-sidestart|p1: HydreigonSpammer|Spikes
|move|p1a: Keldeo|Hidden Power|p2a: Froslass
|-supereffective|p2a: Froslass
|-enditem|p2a: Froslass|Focus Sash
|-damage|p2a: Froslass|1/100
|
|upkeep
|turn|5
|
|t:|1736615411
|move|p2a: Froslass|Destiny Bond|p2a: Froslass
|-singlemove|p2a: Froslass|Destiny Bond
|move|p1a: Keldeo|Hidden Power|p2a: Froslass
|-supereffective|p2a: Froslass
|-crit|p2a: Froslass
|-damage|p2a: Froslass|0 fnt
|faint|p2a: Froslass
|-activate|p2a: Froslass|move: Destiny Bond
|faint|p1a: Keldeo
|
|upkeep
|
|t:|1736615421
|switch|p2a: Garchomp|Garchomp, M|41/100
|switch|p1a: Heatran|Heatran, M|100/100
|-damage|p1a: Heatran|88/100|[from] Stealth Rock
|-item|p1a: Heatran|Air Balloon
|turn|6
|
|t:|1736615425
|move|p2a: Garchomp|Outrage|p1a: Heatran
|-resisted|p1a: Heatran
|-damage|p1a: Heatran|58/100
|-enditem|p1a: Heatran|Air Balloon
|move|p1a: Heatran|Stealth Rock|p2a: Garchomp
|-sidestart|p2: takingnoteskinda|move: Stealth Rock
|
|upkeep
|turn|7
|
|t:|1736615429
|move|p2a: Garchomp|Outrage|p1a: Heatran|[from]lockedmove
|-resisted|p1a: Heatran
|-crit|p1a: Heatran
|-damage|p1a: Heatran|0 fnt
|faint|p1a: Heatran
|
|upkeep
|
|t:|1736615448
|switch|p1a: Latios|Latios, M|100/100
|-damage|p1a: Latios|88/100|[from] Stealth Rock
|turn|8
|
|t:|1736615452
|move|p1a: Latios|Psychic|p2a: Garchomp
|-crit|p2a: Garchomp
|-damage|p2a: Garchomp|0 fnt
|faint|p2a: Garchomp
|
|-heal|p1a: Latios|94/100|[from] item: Leftovers
|upkeep
|inactive|takingnoteskinda has 120 seconds left.
|
|t:|1736615487
|switch|p2a: Scizor|Scizor, M|100/100
|-damage|p2a: Scizor|88/100|[from] Stealth Rock
|turn|9
|
|t:|1736615491
|move|p1a: Latios|Hidden Power|p2a: Scizor
|-supereffective|p2a: Scizor
|-damage|p2a: Scizor|0 fnt
|faint|p2a: Scizor
|
|-heal|p1a: Latios|99/100|[from] item: Leftovers
|upkeep
|
|t:|1736615499
|switch|p2a: Volcarona|Volcarona, M|100/100
|-damage|p2a: Volcarona|51/100|[from] Stealth Rock
|turn|10
|
|t:|1736615506
|move|p1a: Latios|Surf|p2a: Volcarona
|-supereffective|p2a: Volcarona
|-damage|p2a: Volcarona|0 fnt
|faint|p2a: Volcarona
|
|-heal|p1a: Latios|100/100|[from] item: Leftovers
|upkeep
|
|t:|1736615511
|switch|p2a: Dragonite|Dragonite, M|100/100
|-damage|p2a: Dragonite|76/100|[from] Stealth Rock
|turn|11
|
|t:|1736615516
|move|p1a: Latios|Draco Meteor|p2a: Dragonite
|-supereffective|p2a: Dragonite
|-damage|p2a: Dragonite|0 fnt
|-unboost|p1a: Latios|spa|2
|faint|p2a: Dragonite
|
|win|HydreigonSpammer
|raw|HydreigonSpammer's rating: 1309 &rarr; <strong>1337</strong><br />(+28 for winning)
|raw|takingnoteskinda's rating: 1462 &rarr; <strong>1434</strong><br />(-28 for losing)
