|j|☆Silexius
|j|☆emre mor 9
|t:|1710670978
|gametype|singles
|player|p1|Silexius|1|1375
|player|p2|emre mor 9|acetrainer-gen4dp|1328
|teamsize|p1|6
|teamsize|p2|6
|gen|5
|tier|[Gen 5] OU
|rated|
|rule|Species Clause: Limit one of each Pokémon
|rule|OHKO Clause: OHKO moves are banned
|rule|Moody Clause: Moody is banned
|rule|Evasion Items Clause: Evasion items are banned
|rule|Evasion Moves Clause: Evasion moves are banned
|rule|Endless Battle Clause: Forcing endless battles is banned
|rule|HP Percentage Mod: HP is shown in percentages
|rule|Evasion Abilities Clause: Evasion abilities are banned
|rule|Sleep Moves Clause: Sleep-inducing moves are banned
|rule|Swagger Clause: Swagger is banned
|rule|Baton Pass Stat Clause: No Baton Passer may have a way to boost its stats
|clearpoke
|poke|p1|Politoed, M|item
|poke|p1|Ferrothorn, M|item
|poke|p1|Tentacruel, M|item
|poke|p1|Moltres|item
|poke|p1|Kyurem-Black|item
|poke|p1|Thundurus-Therian, M|item
|poke|p2|Seismitoad, M|item
|poke|p2|Excadrill, M|item
|poke|p2|Tyranitar, M|item
|poke|p2|Gliscor, F|item
|poke|p2|Latios, M|item
|poke|p2|Ferrothorn, M|item
|teampreview
|inactive|Battle timer is ON: inactive players will automatically lose when time's up. (requested by Silexius)
|
|t:|1710670993
|start
|switch|p1a: Ferrothorn|Ferrothorn, M|100/100
|switch|p2a: Seismitoad|Seismitoad, M|100/100
|turn|1
|
|t:|1710670997
|move|p2a: Seismitoad|Stealth Rock|p1a: Ferrothorn
|-sidestart|p1: Silexius|move: Stealth Rock
|move|p1a: Ferrothorn|Power Whip|p2a: Seismitoad|[miss]
|-miss|p1a: Ferrothorn|p2a: Seismitoad
|
|upkeep
|turn|2
|
|t:|1710671002
|switch|p2a: Ferrothorn|Ferrothorn, M|100/100
|move|p1a: Ferrothorn|Stealth Rock|p2a: Ferrothorn
|-sidestart|p2: emre mor 9|move: Stealth Rock
|
|upkeep
|turn|3
|
|t:|1710671006
|move|p2a: Ferrothorn|Knock Off|p1a: Ferrothorn
|-resisted|p1a: Ferrothorn
|-damage|p1a: Ferrothorn|99/100
|-damage|p2a: Ferrothorn|88/100|[from] ability: Iron Barbs|[of] p1a: Ferrothorn
|-enditem|p1a: Ferrothorn|Rawst Berry|[from] move: Knock Off|[of] p2a: Ferrothorn
|move|p1a: Ferrothorn|Spikes|p2a: Ferrothorn
|-sidestart|p2: emre mor 9|Spikes
|
|-heal|p2a: Ferrothorn|94/100|[from] item: Leftovers
|upkeep
|turn|4
|
|t:|1710671009
|move|p2a: Ferrothorn|Spikes|p1a: Ferrothorn
|-sidestart|p1: Silexius|Spikes
|move|p1a: Ferrothorn|Spikes|p2a: Ferrothorn
|-sidestart|p2: emre mor 9|Spikes
|
|-heal|p2a: Ferrothorn|100/100|[from] item: Leftovers
|upkeep
|turn|5
|
|t:|1710671011
|move|p2a: Ferrothorn|Spikes|p1a: Ferrothorn
|-sidestart|p1: Silexius|Spikes
|move|p1a: Ferrothorn|Spikes|p2a: Ferrothorn
|-sidestart|p2: emre mor 9|Spikes
|
|upkeep
|turn|6
|
|t:|1710671016
|switch|p1a: Tentacruel|Tentacruel, M|100/100
|-damage|p1a: Tentacruel|88/100|[from] Stealth Rock
|-damage|p1a: Tentacruel|72/100|[from] Spikes
|move|p2a: Ferrothorn|Spikes|p1a: Tentacruel
|-sidestart|p1: Silexius|Spikes
|
|-heal|p1a: Tentacruel|78/100|[from] item: Black Sludge
|upkeep
|turn|7
|
|t:|1710671019
|move|p1a: Tentacruel|Rapid Spin|p2a: Ferrothorn
|-resisted|p2a: Ferrothorn
|-damage|p2a: Ferrothorn|99/100
|-damage|p1a: Tentacruel|65/100|[from] ability: Iron Barbs|[of] p2a: Ferrothorn
|-sideend|p1: Silexius|Spikes|[from] move: Rapid Spin|[of] p1a: Tentacruel
|-sideend|p1: Silexius|Stealth Rock|[from] move: Rapid Spin|[of] p1a: Tentacruel
|move|p2a: Ferrothorn|Knock Off|p1a: Tentacruel
|-damage|p1a: Tentacruel|60/100
|-enditem|p1a: Tentacruel|Black Sludge|[from] move: Knock Off|[of] p2a: Ferrothorn
|
|-heal|p2a: Ferrothorn|100/100|[from] item: Leftovers
|upkeep
|turn|8
|
|t:|1710671028
|switch|p1a: Politoed|Politoed, M|100/100
|-weather|RainDance|[from] ability: Drizzle|[of] p1a: Politoed
|move|p2a: Ferrothorn|Leech Seed|p1a: Politoed
|-start|p1a: Politoed|move: Leech Seed
|
|-weather|RainDance|[upkeep]
|-damage|p1a: Politoed|88/100|[from] Leech Seed|[of] p2a: Ferrothorn
|upkeep
|turn|9
|
|t:|1710671032
|switch|p1a: Moltres|Moltres|100/100
|-ability|p1a: Moltres|Pressure
|move|p2a: Ferrothorn|Knock Off|p1a: Moltres
|-damage|p1a: Moltres|95/100
|-enditem|p1a: Moltres|Life Orb|[from] move: Knock Off|[of] p2a: Ferrothorn
|
|-weather|RainDance|[upkeep]
|upkeep
|turn|10
|
|t:|1710671039
|switch|p2a: Latios|Latios, M|100/100
|-damage|p2a: Latios|88/100|[from] Stealth Rock
|move|p1a: Moltres|Agility|p1a: Moltres
|-boost|p1a: Moltres|spe|2
|
|-weather|RainDance|[upkeep]
|upkeep
|turn|11
|
|t:|1710671044
|move|p1a: Moltres|Hurricane|p2a: Latios
|-damage|p2a: Latios|14/100
|move|p2a: Latios|Trick|p1a: Moltres
|-activate|p2a: Latios|move: Trick|[of] p1a: Moltres
|-item|p1a: Moltres|Choice Specs|[from] move: Trick
|-enditem|p2a: Latios|Choice Specs|[silent]|[from] move: Trick
|
|-weather|RainDance|[upkeep]
|upkeep
|turn|12
|
|t:|1710671052
|switch|p2a: Tyranitar|Tyranitar, M|100/100
|-damage|p2a: Tyranitar|88/100|[from] Stealth Rock
|-damage|p2a: Tyranitar|63/100|[from] Spikes
|-weather|Sandstorm|[from] ability: Sand Stream|[of] p2a: Tyranitar
|move|p1a: Moltres|Hurricane|p2a: Tyranitar
|-resisted|p2a: Tyranitar
|-damage|p2a: Tyranitar|43/100
|-start|p2a: Tyranitar|confusion
|
|-weather|Sandstorm|[upkeep]
|-damage|p1a: Moltres|89/100|[from] Sandstorm
|upkeep
|turn|13
|
|t:|1710671059
|move|p1a: Moltres|Hurricane|p2a: Tyranitar
|-resisted|p2a: Tyranitar
|-damage|p2a: Tyranitar|22/100
|-activate|p2a: Tyranitar|confusion
|move|p2a: Tyranitar|Pursuit|p1a: Moltres
|-damage|p1a: Moltres|67/100
|
|-weather|Sandstorm|[upkeep]
|-damage|p1a: Moltres|61/100|[from] Sandstorm
|upkeep
|turn|14
|
|t:|1710671062
|move|p1a: Moltres|Hurricane|p2a: Tyranitar|[miss]
|-miss|p1a: Moltres|p2a: Tyranitar
|-activate|p2a: Tyranitar|confusion
|move|p2a: Tyranitar|Rock Slide|p1a: Moltres
|-supereffective|p1a: Moltres
|-damage|p1a: Moltres|0 fnt
|faint|p1a: Moltres
|
|-weather|Sandstorm|[upkeep]
|upkeep
|
|t:|1710671066
|switch|p1a: Politoed|Politoed, M|88/100
|-weather|RainDance|[from] ability: Drizzle|[of] p1a: Politoed
|turn|15
|
|t:|1710671071
|switch|p1a: Ferrothorn|Ferrothorn, M|99/100
|switch|p2a: Seismitoad|Seismitoad, M|100/100
|-damage|p2a: Seismitoad|94/100|[from] Stealth Rock
|-damage|p2a: Seismitoad|70/100|[from] Spikes
|
|-weather|RainDance|[upkeep]
|-heal|p2a: Seismitoad|76/100|[from] item: Leftovers
|upkeep
|turn|16
|
|t:|1710671075
|switch|p2a: Excadrill|Excadrill, M|100/100
|-damage|p2a: Excadrill|97/100|[from] Stealth Rock
|-damage|p2a: Excadrill|73/100|[from] Spikes
|move|p1a: Ferrothorn|Power Whip|p2a: Excadrill|[miss]
|-miss|p1a: Ferrothorn|p2a: Excadrill
|
|-weather|RainDance|[upkeep]
|-heal|p2a: Excadrill|79/100|[from] item: Leftovers
|upkeep
|turn|17
|
|t:|1710671078
|move|p2a: Excadrill|Rapid Spin|p1a: Ferrothorn
|-resisted|p1a: Ferrothorn
|-crit|p1a: Ferrothorn
|-damage|p1a: Ferrothorn|94/100
|-damage|p2a: Excadrill|66/100|[from] ability: Iron Barbs|[of] p1a: Ferrothorn
|-sideend|p2: emre mor 9|Spikes|[from] move: Rapid Spin|[of] p2a: Excadrill
|-sideend|p2: emre mor 9|Stealth Rock|[from] move: Rapid Spin|[of] p2a: Excadrill
|move|p1a: Ferrothorn|Power Whip|p2a: Excadrill
|-damage|p2a: Excadrill|10/100
|
|-weather|RainDance|[upkeep]
|-heal|p2a: Excadrill|17/100|[from] item: Leftovers
|upkeep
|turn|18
|
|t:|1710671083
|switch|p2a: Latios|Latios, M|14/100
|move|p1a: Ferrothorn|Stealth Rock|p2a: Latios
|-sidestart|p2: emre mor 9|move: Stealth Rock
|
|-weather|RainDance|[upkeep]
|upkeep
|turn|19
|
|t:|1710671085
|move|p2a: Latios|Trick||[still]
|-fail|p2a: Latios
|move|p1a: Ferrothorn|Gyro Ball|p2a: Latios
|-damage|p2a: Latios|0 fnt
|faint|p2a: Latios
|
|-weather|RainDance|[upkeep]
|upkeep
|
|t:|1710671102
|switch|p2a: Gliscor|Gliscor, F|100/100
|-damage|p2a: Gliscor|88/100|[from] Stealth Rock
|turn|20
|
|t:|1710671106
|move|p2a: Gliscor|Taunt|p1a: Ferrothorn
|-start|p1a: Ferrothorn|move: Taunt
|cant|p1a: Ferrothorn|move: Taunt|Spikes
|
|-weather|RainDance|[upkeep]
|-status|p2a: Gliscor|tox|[from] item: Toxic Orb
|upkeep
|turn|21
|
|t:|1710671112
|switch|p1a: Politoed|Politoed, M|88/100
|move|p2a: Gliscor|Knock Off|p1a: Politoed
|-damage|p1a: Politoed|84/100
|-enditem|p1a: Politoed|Chesto Berry|[from] move: Knock Off|[of] p2a: Gliscor
|
|-weather|RainDance|[upkeep]
|-heal|p2a: Gliscor|100/100 tox|[from] ability: Poison Heal
|upkeep
|turn|22
|
|t:|1710671117
|switch|p2a: Seismitoad|Seismitoad, M|76/100
|-damage|p2a: Seismitoad|70/100|[from] Stealth Rock
|move|p1a: Politoed|Scald|p2a: Seismitoad
|-heal|p2a: Seismitoad|94/100|[from] ability: Water Absorb|[of] p1a: Politoed
|
|-weather|RainDance|[upkeep]
|-heal|p2a: Seismitoad|100/100|[from] item: Leftovers
|upkeep
|turn|23
|
|t:|1710671121
|switch|p1a: Ferrothorn|Ferrothorn, M|94/100
|move|p2a: Seismitoad|Stealth Rock|p1a: Ferrothorn
|-sidestart|p1: Silexius|move: Stealth Rock
|
|-weather|RainDance|[upkeep]
|upkeep
|turn|24
|
|t:|1710671124
|switch|p2a: Ferrothorn|Ferrothorn, M|100/100
|-damage|p2a: Ferrothorn|94/100|[from] Stealth Rock
|move|p1a: Ferrothorn|Spikes|p2a: Ferrothorn
|-sidestart|p2: emre mor 9|Spikes
|
|-weather|RainDance|[upkeep]
|-heal|p2a: Ferrothorn|100/100|[from] item: Leftovers
|upkeep
|turn|25
|
|t:|1710671129
|move|p2a: Ferrothorn|Spikes|p1a: Ferrothorn
|-sidestart|p1: Silexius|Spikes
|move|p1a: Ferrothorn|Spikes|p2a: Ferrothorn
|-sidestart|p2: emre mor 9|Spikes
|
|-weather|RainDance|[upkeep]
|upkeep
|turn|26
|
|t:|1710671131
|move|p2a: Ferrothorn|Spikes|p1a: Ferrothorn
|-sidestart|p1: Silexius|Spikes
|move|p1a: Ferrothorn|Spikes|p2a: Ferrothorn
|-sidestart|p2: emre mor 9|Spikes
|
|-weather|RainDance|[upkeep]
|upkeep
|turn|27
|
|t:|1710671138
|switch|p1a: Tentacruel|Tentacruel, M|60/100
|-damage|p1a: Tentacruel|47/100|[from] Stealth Rock
|-damage|p1a: Tentacruel|31/100|[from] Spikes
|move|p2a: Ferrothorn|Power Whip|p1a: Tentacruel
|-damage|p1a: Tentacruel|0 fnt
|faint|p1a: Tentacruel
|
|-weather|RainDance|[upkeep]
|upkeep
|
|t:|1710671146
|switch|p1a: Thundurus|Thundurus-Therian, M|100/100
|-damage|p1a: Thundurus|75/100|[from] Stealth Rock
|turn|28
|
|t:|1710671155
|move|p1a: Thundurus|Nasty Plot|p1a: Thundurus
|-boost|p1a: Thundurus|spa|2
|move|p2a: Ferrothorn|Knock Off|p1a: Thundurus
|-damage|p1a: Thundurus|68/100
|-enditem|p1a: Thundurus|Leftovers|[from] move: Knock Off|[of] p2a: Ferrothorn
|
|-weather|RainDance|[upkeep]
|upkeep
|turn|29
|
|t:|1710671171
|move|p1a: Thundurus|Focus Blast|p2a: Ferrothorn
|-supereffective|p2a: Ferrothorn
|-damage|p2a: Ferrothorn|0 fnt
|faint|p2a: Ferrothorn
|
|-weather|RainDance|[upkeep]
|upkeep
|
|t:|1710671174
|switch|p2a: Seismitoad|Seismitoad, M|100/100
|-damage|p2a: Seismitoad|94/100|[from] Stealth Rock
|-damage|p2a: Seismitoad|70/100|[from] Spikes
|turn|30
|
|t:|1710671179
|move|p2a: Seismitoad|Protect|p2a: Seismitoad
|-singleturn|p2a: Seismitoad|Protect
|move|p1a: Thundurus|Focus Blast|p2a: Seismitoad
|-activate|p2a: Seismitoad|move: Protect
|
|-weather|RainDance|[upkeep]
|-heal|p2a: Seismitoad|76/100|[from] item: Leftovers
|upkeep
|turn|31
|
|t:|1710671181
|move|p1a: Thundurus|Focus Blast|p2a: Seismitoad
|-damage|p2a: Seismitoad|0 fnt
|faint|p2a: Seismitoad
|
|-weather|RainDance|[upkeep]
|upkeep
|
|t:|1710671192
|switch|p2a: Gliscor|Gliscor, F|100/100 tox
|-damage|p2a: Gliscor|88/100 tox|[from] Stealth Rock
|turn|32
|
|t:|1710671198
|move|p1a: Thundurus|Hidden Power|p2a: Gliscor
|-supereffective|p2a: Gliscor
|-damage|p2a: Gliscor|0 fnt
|faint|p2a: Gliscor
|
|-weather|RainDance|[upkeep]
|upkeep
|
|t:|1710671200
|switch|p2a: Excadrill|Excadrill, M|17/100
|-damage|p2a: Excadrill|13/100|[from] Stealth Rock
|-damage|p2a: Excadrill|0 fnt|[from] Spikes
|faint|p2a: Excadrill
|
|t:|1710671202
|switch|p2a: Tyranitar|Tyranitar, M|22/100
|-damage|p2a: Tyranitar|9/100|[from] Stealth Rock
|-damage|p2a: Tyranitar|0 fnt|[from] Spikes
|faint|p2a: Tyranitar
|
|win|Silexius
|raw|Silexius's rating: 1375 &rarr; <strong>1392</strong><br />(+17 for winning)
|raw|emre mor 9's rating: 1328 &rarr; <strong>1311</strong><br />(-17 for losing)
