|j|☆Garchomplte
|j|☆Xulla
|player|p1|Garchomplte|brock|1427
|player|p2|Xulla|lass|1281
|teamsize|p1|6
|teamsize|p2|6
|gametype|singles
|gen|5
|tier|[Gen 5] OU
|rated|
|clearpoke
|poke|p1|Kyurem-Black|item
|poke|p1|Hippowdon, M|item
|poke|p1|Forretress, M|item
|poke|p1|Jellicent, F|item
|poke|p1|Umbreon, F|item
|poke|p1|Magnezone|item
|poke|p2|Politoed, M|item
|poke|p2|Ferrothorn, M|item
|poke|p2|Latios, M|item
|poke|p2|Jirachi|item
|poke|p2|Alomomola, F|item
|poke|p2|Blissey, F|item
|rule|Species Clause: Limit one of each Pokémon
|rule|OHKO Clause: OHKO moves are banned
|rule|Moody Clause: Moody is banned
|rule|Evasion Moves Clause: Evasion moves are banned
|rule|Endless Battle Clause: Forcing endless battles is banned
|rule|HP Percentage Mod: HP is shown in percentages
|rule|Evasion Abilities Clause: Evasion abilities are banned
|rule|Baton Pass Clause: Limit one Baton Passer, can't pass Spe and other stats simultaneously
|rule|Sleep Clause: Sleep-inducing moves are banned
|rule|Swagger Clause: Swagger is banned
|teampreview
|
|start
|switch|p1a: Magnezone|Magnezone|100/100
|switch|p2a: Politoed|Politoed, M|100/100
|-weather|RainDance|[from] ability: Drizzle|[of] p2a: Politoed
|turn|1
|
|switch|p2a: Jirachi|Jirachi|100/100
|move|p1a: Magnezone|Volt Switch|p2a: Jirachi
|-damage|p2a: Jirachi|57/100
|
|switch|p1a: Kyurem|Kyurem-Black|100/100|[from]move: Volt Switch
|-ability|p1a: Kyurem|Teravolt
|
|-weather|RainDance|[upkeep]
|-heal|p2a: Jirachi|63/100|[from] item: Leftovers
|upkeep
|turn|2
|
|switch|p2a: Ferrothorn|Ferrothorn, M|100/100
|move|p1a: Kyurem|Earth Power|p2a: Ferrothorn
|-damage|p2a: Ferrothorn|68/100
|-damage|p1a: Kyurem|91/100|[from] item: Life Orb
|
|-weather|RainDance|[upkeep]
|-heal|p2a: Ferrothorn|74/100|[from] item: Leftovers
|upkeep
|turn|3
|
|switch|p1a: Magnezone|Magnezone|100/100
|move|p2a: Ferrothorn|Leech Seed|p1a: Magnezone
|-start|p1a: Magnezone|move: Leech Seed
|
|-weather|RainDance|[upkeep]
|-heal|p2a: Ferrothorn|81/100|[from] item: Leftovers
|-damage|p1a: Magnezone|88/100|[from] Leech Seed|[of] p2a: Ferrothorn
|-heal|p2a: Ferrothorn|91/100|[silent]
|upkeep
|turn|4
|
|move|p1a: Magnezone|Hidden Power|p2a: Ferrothorn
|-supereffective|p2a: Ferrothorn
|-damage|p2a: Ferrothorn|38/100
|move|p2a: Ferrothorn|Power Whip|p1a: Magnezone
|-resisted|p1a: Magnezone
|-damage|p1a: Magnezone|69/100
|
|-weather|RainDance|[upkeep]
|-heal|p2a: Ferrothorn|45/100|[from] item: Leftovers
|-damage|p1a: Magnezone|56/100|[from] Leech Seed|[of] p2a: Ferrothorn
|-heal|p2a: Ferrothorn|54/100|[silent]
|upkeep
|turn|5
|
|move|p2a: Ferrothorn|Protect|p2a: Ferrothorn
|-singleturn|p2a: Ferrothorn|Protect
|move|p1a: Magnezone|Hidden Power|p2a: Ferrothorn
|-activate|p2a: Ferrothorn|move: Protect
|
|-weather|RainDance|[upkeep]
|-heal|p2a: Ferrothorn|61/100|[from] item: Leftovers
|-damage|p1a: Magnezone|44/100|[from] Leech Seed|[of] p2a: Ferrothorn
|-heal|p2a: Ferrothorn|71/100|[silent]
|upkeep
|turn|6
|
|move|p2a: Ferrothorn|Protect|p2a: Ferrothorn
|-singleturn|p2a: Ferrothorn|Protect
|move|p1a: Magnezone|Hidden Power|p2a: Ferrothorn
|-activate|p2a: Ferrothorn|move: Protect
|
|-weather|RainDance|[upkeep]
|-heal|p2a: Ferrothorn|77/100|[from] item: Leftovers
|-damage|p1a: Magnezone|31/100|[from] Leech Seed|[of] p2a: Ferrothorn
|-heal|p2a: Ferrothorn|87/100|[silent]
|upkeep
|turn|7
|
|move|p1a: Magnezone|Hidden Power|p2a: Ferrothorn
|-supereffective|p2a: Ferrothorn
|-damage|p2a: Ferrothorn|37/100
|move|p2a: Ferrothorn|Power Whip|p1a: Magnezone
|-resisted|p1a: Magnezone
|-damage|p1a: Magnezone|9/100
|
|-weather|RainDance|[upkeep]
|-heal|p2a: Ferrothorn|43/100|[from] item: Leftovers
|-damage|p1a: Magnezone|0 fnt|[from] Leech Seed|[of] p2a: Ferrothorn
|-heal|p2a: Ferrothorn|50/100|[silent]
|faint|p1a: Magnezone
|upkeep
|
|switch|p1a: Kyurem|Kyurem-Black|91/100
|-ability|p1a: Kyurem|Teravolt
|turn|8
|
|move|p2a: Ferrothorn|Protect|p2a: Ferrothorn
|-singleturn|p2a: Ferrothorn|Protect
|move|p1a: Kyurem|Ice Beam|p2a: Ferrothorn
|-activate|p2a: Ferrothorn|move: Protect
|
|-weather|RainDance|[upkeep]
|-heal|p2a: Ferrothorn|56/100|[from] item: Leftovers
|upkeep
|turn|9
|
|move|p1a: Kyurem|Ice Beam|p2a: Ferrothorn
|-damage|p2a: Ferrothorn|7/100
|-damage|p1a: Kyurem|81/100|[from] item: Life Orb
|move|p2a: Ferrothorn|Stealth Rock|p1a: Kyurem
|-sidestart|p1: Garchomplte|move: Stealth Rock
|
|-weather|RainDance|[upkeep]
|-heal|p2a: Ferrothorn|14/100|[from] item: Leftovers
|upkeep
|turn|10
|
|switch|p1a: Forretress|Forretress, M|100/100
|-damage|p1a: Forretress|88/100|[from] Stealth Rock
|move|p2a: Ferrothorn|Protect||[still]
|-fail|p2a: Ferrothorn
|
|-weather|RainDance|[upkeep]
|-heal|p2a: Ferrothorn|20/100|[from] item: Leftovers
|-heal|p1a: Forretress|94/100|[from] item: Leftovers
|upkeep
|turn|11
|
|move|p2a: Ferrothorn|Leech Seed|p1a: Forretress
|-start|p1a: Forretress|move: Leech Seed
|move|p1a: Forretress|Volt Switch|p2a: Ferrothorn
|-resisted|p2a: Ferrothorn
|-damage|p2a: Ferrothorn|16/100
|
|switch|p1a: Kyurem|Kyurem-Black|81/100|[from]move: Volt Switch
|-damage|p1a: Kyurem|56/100|[from] Stealth Rock
|-ability|p1a: Kyurem|Teravolt
|
|-weather|RainDance|[upkeep]
|-heal|p2a: Ferrothorn|22/100|[from] item: Leftovers
|upkeep
|turn|12
|inactive|Battle timer is ON: inactive players will automatically lose when time's up. (requested by Garchomplte)
|
|switch|p2a: Jirachi|Jirachi|63/100
|move|p1a: Kyurem|Ice Beam|p2a: Jirachi
|-resisted|p2a: Jirachi
|-damage|p2a: Jirachi|34/100
|-damage|p1a: Kyurem|46/100|[from] item: Life Orb
|
|-weather|RainDance|[upkeep]
|-heal|p2a: Jirachi|41/100|[from] item: Leftovers
|upkeep
|turn|13
|
|move|p1a: Kyurem|Earth Power|p2a: Jirachi
|-supereffective|p2a: Jirachi
|-damage|p2a: Jirachi|0 fnt
|-damage|p1a: Kyurem|36/100|[from] item: Life Orb
|faint|p2a: Jirachi
|
|-weather|RainDance|[upkeep]
|upkeep
|
|switch|p2a: Alomomola|Alomomola, F|100/100
|turn|14
|
|switch|p1a: Jellicent|Jellicent, F|100/100
|-damage|p1a: Jellicent|88/100|[from] Stealth Rock
|move|p2a: Alomomola|Calm Mind|p2a: Alomomola
|-boost|p2a: Alomomola|spa|1
|-boost|p2a: Alomomola|spd|1
|
|-weather|RainDance|[upkeep]
|-heal|p1a: Jellicent|94/100|[from] item: Leftovers
|upkeep
|turn|15
|
|move|p2a: Alomomola|Toxic|p1a: Jellicent
|-status|p1a: Jellicent|tox
|move|p1a: Jellicent|Toxic|p2a: Alomomola
|-status|p2a: Alomomola|tox
|
|-weather|RainDance|[upkeep]
|-activate|p2a: Alomomola|ability: Hydration
|-curestatus|p2a: Alomomola|tox|[msg]
|-heal|p1a: Jellicent|100/100 tox|[from] item: Leftovers
|-damage|p1a: Jellicent|94/100 tox|[from] psn
|upkeep
|turn|16
|
|switch|p1a: Hippowdon|Hippowdon, M|100/100
|-damage|p1a: Hippowdon|94/100|[from] Stealth Rock
|-weather|Sandstorm|[from] ability: Sand Stream|[of] p1a: Hippowdon
|move|p2a: Alomomola|Calm Mind|p2a: Alomomola
|-boost|p2a: Alomomola|spa|1
|-boost|p2a: Alomomola|spd|1
|
|-weather|Sandstorm|[upkeep]
|-damage|p2a: Alomomola|94/100|[from] Sandstorm
|-heal|p2a: Alomomola|100/100|[from] item: Leftovers
|-heal|p1a: Hippowdon|100/100|[from] item: Leftovers
|upkeep
|turn|17
|
|switch|p1a: Jellicent|Jellicent, F|94/100 tox
|-damage|p1a: Jellicent|82/100 tox|[from] Stealth Rock
|move|p2a: Alomomola|Scald|p1a: Jellicent
|-heal|p1a: Jellicent|100/100 tox|[from] ability: Water Absorb|[of] p2a: Alomomola
|
|-weather|Sandstorm|[upkeep]
|-damage|p2a: Alomomola|94/100|[from] Sandstorm
|-damage|p1a: Jellicent|94/100 tox|[from] Sandstorm
|-heal|p2a: Alomomola|100/100|[from] item: Leftovers
|-heal|p1a: Jellicent|100/100 tox|[from] item: Leftovers
|-damage|p1a: Jellicent|94/100 tox|[from] psn
|upkeep
|turn|18
|
|switch|p2a: Ferrothorn|Ferrothorn, M|22/100
|move|p1a: Jellicent|Toxic|p2a: Ferrothorn|[miss]
|-miss|p1a: Jellicent|p2a: Ferrothorn
|
|-weather|Sandstorm|[upkeep]
|-damage|p1a: Jellicent|88/100 tox|[from] Sandstorm
|-heal|p1a: Jellicent|94/100 tox|[from] item: Leftovers
|-heal|p2a: Ferrothorn|28/100|[from] item: Leftovers
|-damage|p1a: Jellicent|82/100 tox|[from] psn
|upkeep
|turn|19
|
|switch|p1a: Hippowdon|Hippowdon, M|100/100
|-damage|p1a: Hippowdon|94/100|[from] Stealth Rock
|move|p2a: Ferrothorn|Power Whip|p1a: Hippowdon|[miss]
|-miss|p2a: Ferrothorn|p1a: Hippowdon
|
|-weather|Sandstorm|[upkeep]
|-heal|p1a: Hippowdon|100/100|[from] item: Leftovers
|-heal|p2a: Ferrothorn|35/100|[from] item: Leftovers
|upkeep
|turn|20
|
|move|p2a: Ferrothorn|Protect|p2a: Ferrothorn
|-singleturn|p2a: Ferrothorn|Protect
|move|p1a: Hippowdon|Stealth Rock|p2a: Ferrothorn
|-sidestart|p2: Xulla|move: Stealth Rock
|
|-weather|Sandstorm|[upkeep]
|-heal|p2a: Ferrothorn|41/100|[from] item: Leftovers
|upkeep
|turn|21
|
|move|p1a: Hippowdon|Earthquake|p2a: Ferrothorn
|-damage|p2a: Ferrothorn|14/100
|move|p2a: Ferrothorn|Power Whip|p1a: Hippowdon
|-supereffective|p1a: Hippowdon
|-damage|p1a: Hippowdon|56/100
|
|-weather|Sandstorm|[upkeep]
|-heal|p1a: Hippowdon|62/100|[from] item: Leftovers
|-heal|p2a: Ferrothorn|20/100|[from] item: Leftovers
|upkeep
|turn|22
|
|switch|p2a: Latios|Latios, M, shiny|100/100
|-damage|p2a: Latios|88/100|[from] Stealth Rock
|move|p1a: Hippowdon|Earthquake|p2a: Latios
|-immune|p2a: Latios|[from] ability: Levitate
|
|-weather|Sandstorm|[upkeep]
|-damage|p2a: Latios|82/100|[from] Sandstorm
|-heal|p1a: Hippowdon|69/100|[from] item: Leftovers
|upkeep
|turn|23
|
|switch|p1a: Umbreon|Umbreon, F|100/100
|-damage|p1a: Umbreon|88/100|[from] Stealth Rock
|move|p2a: Latios|Surf|p1a: Umbreon
|-damage|p1a: Umbreon|66/100
|-damage|p2a: Latios|72/100|[from] item: Life Orb
|
|-weather|Sandstorm|[upkeep]
|-damage|p2a: Latios|66/100|[from] Sandstorm
|-damage|p1a: Umbreon|60/100|[from] Sandstorm
|-heal|p1a: Umbreon|66/100|[from] item: Leftovers
|upkeep
|turn|24
|
|switch|p2a: Politoed|Politoed, M|100/100
|-damage|p2a: Politoed|88/100|[from] Stealth Rock
|-weather|RainDance|[from] ability: Drizzle|[of] p2a: Politoed
|move|p1a: Umbreon|Protect||[still]
|-fail|p1a: Umbreon
|
|-weather|RainDance|[upkeep]
|-heal|p1a: Umbreon|72/100|[from] item: Leftovers
|upkeep
|turn|25
|
|move|p2a: Politoed|Focus Blast|p1a: Umbreon
|-supereffective|p1a: Umbreon
|-damage|p1a: Umbreon|18/100
|move|p1a: Umbreon|Wish|p1a: Umbreon
|
|-weather|RainDance|[upkeep]
|-heal|p1a: Umbreon|24/100|[from] item: Leftovers
|upkeep
|turn|26
|
|switch|p2a: Ferrothorn|Ferrothorn, M|20/100
|-damage|p2a: Ferrothorn|14/100|[from] Stealth Rock
|move|p1a: Umbreon|Protect||[still]
|-fail|p1a: Umbreon
|
|-weather|RainDance|[upkeep]
|-heal|p1a: Umbreon|74/100|[from] move: Wish|[wisher] Umbreon
|-heal|p1a: Umbreon|80/100|[from] item: Leftovers
|-heal|p2a: Ferrothorn|20/100|[from] item: Leftovers
|upkeep
|turn|27
|
|switch|p1a: Hippowdon|Hippowdon, M|69/100
|-damage|p1a: Hippowdon|62/100|[from] Stealth Rock
|-weather|Sandstorm|[from] ability: Sand Stream|[of] p1a: Hippowdon
|move|p2a: Ferrothorn|Leech Seed|p1a: Hippowdon
|-start|p1a: Hippowdon|move: Leech Seed
|
|-weather|Sandstorm|[upkeep]
|-heal|p1a: Hippowdon|69/100|[from] item: Leftovers
|-heal|p2a: Ferrothorn|26/100|[from] item: Leftovers
|-damage|p1a: Hippowdon|56/100|[from] Leech Seed|[of] p2a: Ferrothorn
|-heal|p2a: Ferrothorn|41/100|[silent]
|upkeep
|turn|28
|
|switch|p1a: Forretress|Forretress, M|94/100
|-damage|p1a: Forretress|82/100|[from] Stealth Rock
|move|p2a: Ferrothorn|Protect||[still]
|-fail|p2a: Ferrothorn
|
|-weather|Sandstorm|[upkeep]
|-heal|p2a: Ferrothorn|47/100|[from] item: Leftovers
|-heal|p1a: Forretress|88/100|[from] item: Leftovers
|upkeep
|turn|29
|
|move|p1a: Forretress|Spikes|p2a: Ferrothorn
|-sidestart|p2: Xulla|Spikes
|move|p2a: Ferrothorn|Power Whip|p1a: Forretress
|-resisted|p1a: Forretress
|-damage|p1a: Forretress|83/100
|
|-weather|Sandstorm|[upkeep]
|-heal|p2a: Ferrothorn|53/100|[from] item: Leftovers
|-heal|p1a: Forretress|89/100|[from] item: Leftovers
|upkeep
|turn|30
|
|switch|p2a: Blissey|Blissey, F, shiny|100/100
|-damage|p2a: Blissey|88/100|[from] Spikes
|-damage|p2a: Blissey|76/100|[from] Stealth Rock
|move|p1a: Forretress|Spikes|p2a: Blissey
|-sidestart|p2: Xulla|Spikes
|
|-weather|Sandstorm|[upkeep]
|-damage|p2a: Blissey|69/100|[from] Sandstorm
|-heal|p2a: Blissey|76/100|[from] item: Leftovers
|-heal|p1a: Forretress|95/100|[from] item: Leftovers
|upkeep
|turn|31
|
|switch|p1a: Umbreon|Umbreon, F|80/100
|-damage|p1a: Umbreon|67/100|[from] Stealth Rock
|move|p2a: Blissey|Soft-Boiled|p2a: Blissey
|-heal|p2a: Blissey|100/100
|
|-weather|Sandstorm|[upkeep]
|-damage|p1a: Umbreon|61/100|[from] Sandstorm
|-damage|p2a: Blissey|94/100|[from] Sandstorm
|-heal|p1a: Umbreon|67/100|[from] item: Leftovers
|-heal|p2a: Blissey|100/100|[from] item: Leftovers
|upkeep
|turn|32
|
|move|p1a: Umbreon|Wish|p1a: Umbreon
|move|p2a: Blissey|Seismic Toss|p1a: Umbreon
|-damage|p1a: Umbreon|42/100
|
|-weather|Sandstorm|[upkeep]
|-damage|p1a: Umbreon|36/100|[from] Sandstorm
|-damage|p2a: Blissey|94/100|[from] Sandstorm
|-heal|p1a: Umbreon|42/100|[from] item: Leftovers
|-heal|p2a: Blissey|100/100|[from] item: Leftovers
|upkeep
|turn|33
|
|switch|p2a: Ferrothorn|Ferrothorn, M|53/100
|-damage|p2a: Ferrothorn|37/100|[from] Spikes
|-damage|p2a: Ferrothorn|31/100|[from] Stealth Rock
|move|p1a: Umbreon|Protect||[still]
|-fail|p1a: Umbreon
|
|-weather|Sandstorm|[upkeep]
|-damage|p1a: Umbreon|36/100|[from] Sandstorm
|-heal|p1a: Umbreon|86/100|[from] move: Wish|[wisher] Umbreon
|-heal|p1a: Umbreon|92/100|[from] item: Leftovers
|-heal|p2a: Ferrothorn|37/100|[from] item: Leftovers
|upkeep
|turn|34
|
|move|p1a: Umbreon|Wish|p1a: Umbreon
|move|p2a: Ferrothorn|Leech Seed|p1a: Umbreon
|-start|p1a: Umbreon|move: Leech Seed
|
|-weather|Sandstorm|[upkeep]
|-damage|p1a: Umbreon|86/100|[from] Sandstorm
|-heal|p1a: Umbreon|92/100|[from] item: Leftovers
|-heal|p2a: Ferrothorn|43/100|[from] item: Leftovers
|-damage|p1a: Umbreon|79/100|[from] Leech Seed|[of] p2a: Ferrothorn
|-heal|p2a: Ferrothorn|57/100|[silent]
|upkeep
|turn|35
|
|switch|p1a: Kyurem|Kyurem-Black|36/100
|-damage|p1a: Kyurem|11/100|[from] Stealth Rock
|-ability|p1a: Kyurem|Teravolt
|move|p2a: Ferrothorn|Power Whip|p1a: Kyurem
|-resisted|p1a: Kyurem
|-damage|p1a: Kyurem|0 fnt
|faint|p1a: Kyurem
|
|-weather|Sandstorm|[upkeep]
|-heal|p2a: Ferrothorn|63/100|[from] item: Leftovers
|upkeep
|
|switch|p1a: Forretress|Forretress, M|95/100
|-damage|p1a: Forretress|83/100|[from] Stealth Rock
|turn|36
|
|switch|p2a: Politoed|Politoed, M|88/100
|-damage|p2a: Politoed|71/100|[from] Spikes
|-damage|p2a: Politoed|59/100|[from] Stealth Rock
|-weather|RainDance|[from] ability: Drizzle|[of] p2a: Politoed
|move|p1a: Forretress|Spikes|p2a: Politoed
|-sidestart|p2: Xulla|Spikes
|
|-weather|RainDance|[upkeep]
|-heal|p1a: Forretress|89/100|[from] item: Leftovers
|upkeep
|turn|37
|
|switch|p1a: Jellicent|Jellicent, F|82/100 tox
|-damage|p1a: Jellicent|70/100 tox|[from] Stealth Rock
|move|p2a: Politoed|Hidden Power|p1a: Jellicent
|-supereffective|p1a: Jellicent
|-crit|p1a: Jellicent
|-damage|p1a: Jellicent|0 fnt
|faint|p1a: Jellicent
|
|-weather|RainDance|[upkeep]
|upkeep
|
|switch|p1a: Hippowdon|Hippowdon, M|56/100
|-damage|p1a: Hippowdon|50/100|[from] Stealth Rock
|-weather|Sandstorm|[from] ability: Sand Stream|[of] p1a: Hippowdon
|turn|38
|
|switch|p2a: Ferrothorn|Ferrothorn, M|63/100
|-damage|p2a: Ferrothorn|57/100|[from] Stealth Rock
|-damage|p2a: Ferrothorn|32/100|[from] Spikes
|move|p1a: Hippowdon|Ice Fang|p2a: Ferrothorn
|-damage|p2a: Ferrothorn|21/100
|-damage|p1a: Hippowdon|38/100|[from] ability: Iron Barbs|[of] p2a: Ferrothorn
|-status|p2a: Ferrothorn|frz
|
|-weather|Sandstorm|[upkeep]
|-heal|p1a: Hippowdon|44/100|[from] item: Leftovers
|-heal|p2a: Ferrothorn|27/100 frz|[from] item: Leftovers
|upkeep
|turn|39
|
|cant|p2a: Ferrothorn|frz
|move|p1a: Hippowdon|Slack Off|p1a: Hippowdon
|-heal|p1a: Hippowdon|94/100
|
|-weather|Sandstorm|[upkeep]
|-heal|p1a: Hippowdon|99/100|[from] item: Leftovers
|-heal|p2a: Ferrothorn|34/100 frz|[from] item: Leftovers
|upkeep
|turn|40
|
|move|p1a: Hippowdon|Earthquake|p2a: Ferrothorn
|-damage|p2a: Ferrothorn|10/100 frz
|cant|p2a: Ferrothorn|frz
|
|-weather|Sandstorm|[upkeep]
|-heal|p1a: Hippowdon|100/100|[from] item: Leftovers
|-heal|p2a: Ferrothorn|16/100 frz|[from] item: Leftovers
|upkeep
|turn|41
|
|cant|p2a: Ferrothorn|frz
|move|p1a: Hippowdon|Earthquake|p2a: Ferrothorn
|-damage|p2a: Ferrothorn|0 fnt
|faint|p2a: Ferrothorn
|
|-weather|Sandstorm|[upkeep]
|upkeep
|
|switch|p2a: Blissey|Blissey, F, shiny|100/100
|-damage|p2a: Blissey|88/100|[from] Stealth Rock
|-damage|p2a: Blissey|63/100|[from] Spikes
|turn|42
|
|move|p1a: Hippowdon|Earthquake|p2a: Blissey
|-damage|p2a: Blissey|30/100
|move|p2a: Blissey|Counter|p1a: Hippowdon
|-damage|p1a: Hippowdon|0 fnt
|faint|p1a: Hippowdon
|
|-weather|Sandstorm|[upkeep]
|-damage|p2a: Blissey|24/100|[from] Sandstorm
|-heal|p2a: Blissey|30/100|[from] item: Leftovers
|upkeep
|
|switch|p1a: Forretress|Forretress, M|89/100
|-damage|p1a: Forretress|77/100|[from] Stealth Rock
|turn|43
|
|move|p2a: Blissey|Soft-Boiled|p2a: Blissey
|-heal|p2a: Blissey|80/100
|move|p1a: Forretress|Gyro Ball|p2a: Blissey
|-damage|p2a: Blissey|66/100
|
|-weather|Sandstorm|[upkeep]
|-damage|p2a: Blissey|60/100|[from] Sandstorm
|-heal|p2a: Blissey|66/100|[from] item: Leftovers
|-heal|p1a: Forretress|83/100|[from] item: Leftovers
|upkeep
|turn|44
|
|move|p2a: Blissey|Soft-Boiled|p2a: Blissey
|-heal|p2a: Blissey|100/100
|move|p1a: Forretress|Volt Switch|p2a: Blissey
|-damage|p2a: Blissey|97/100
|
|switch|p1a: Umbreon|Umbreon, F|79/100|[from]move: Volt Switch
|-damage|p1a: Umbreon|67/100|[from] Stealth Rock
|
|-weather|Sandstorm|[upkeep]
|-damage|p1a: Umbreon|61/100|[from] Sandstorm
|-damage|p2a: Blissey|90/100|[from] Sandstorm
|-heal|p1a: Umbreon|67/100|[from] item: Leftovers
|-heal|p2a: Blissey|97/100|[from] item: Leftovers
|upkeep
|turn|45
|
|switch|p2a: Politoed|Politoed, M|59/100
|-damage|p2a: Politoed|34/100|[from] Spikes
|-damage|p2a: Politoed|21/100|[from] Stealth Rock
|-weather|RainDance|[from] ability: Drizzle|[of] p2a: Politoed
|move|p1a: Umbreon|Protect||[still]
|-fail|p1a: Umbreon
|
|-weather|RainDance|[upkeep]
|-heal|p1a: Umbreon|73/100|[from] item: Leftovers
|upkeep
|turn|46
|
|move|p1a: Umbreon|Protect|p1a: Umbreon
|-singleturn|p1a: Umbreon|Protect
|move|p2a: Politoed|Hydro Pump|p1a: Umbreon
|-activate|p1a: Umbreon|move: Protect
|
|-weather|RainDance|[upkeep]
|-heal|p1a: Umbreon|79/100|[from] item: Leftovers
|upkeep
|turn|47
|
|move|p2a: Politoed|Hydro Pump|p1a: Umbreon
|-damage|p1a: Umbreon|14/100
|move|p1a: Umbreon|Wish|p1a: Umbreon
|
|-weather|RainDance|[upkeep]
|-heal|p1a: Umbreon|20/100|[from] item: Leftovers
|upkeep
|turn|48
|
|switch|p2a: Alomomola|Alomomola, F|100/100
|-damage|p2a: Alomomola|88/100|[from] Stealth Rock
|-damage|p2a: Alomomola|63/100|[from] Spikes
|move|p1a: Umbreon|Protect||[still]
|-fail|p1a: Umbreon
|
|-weather|RainDance|[upkeep]
|-heal|p1a: Umbreon|70/100|[from] move: Wish|[wisher] Umbreon
|-heal|p2a: Alomomola|69/100|[from] item: Leftovers
|-heal|p1a: Umbreon|76/100|[from] item: Leftovers
|upkeep
|turn|49
|
|move|p2a: Alomomola|Toxic|p1a: Umbreon
|-status|p1a: Umbreon|tox
|-activate|p1a: Umbreon|ability: Synchronize
|-status|p2a: Alomomola|tox
|move|p1a: Umbreon|Foul Play|p2a: Alomomola
|-damage|p2a: Alomomola|58/100 tox
|
|-weather|RainDance|[upkeep]
|-activate|p2a: Alomomola|ability: Hydration
|-curestatus|p2a: Alomomola|tox|[msg]
|-heal|p2a: Alomomola|65/100|[from] item: Leftovers
|-heal|p1a: Umbreon|82/100 tox|[from] item: Leftovers
|-damage|p1a: Umbreon|76/100 tox|[from] psn
|upkeep
|turn|50
|
|move|p2a: Alomomola|Calm Mind|p2a: Alomomola
|-boost|p2a: Alomomola|spa|1
|-boost|p2a: Alomomola|spd|1
|move|p1a: Umbreon|Foul Play|p2a: Alomomola
|-damage|p2a: Alomomola|52/100
|
|-weather|RainDance|[upkeep]
|-heal|p2a: Alomomola|59/100|[from] item: Leftovers
|-heal|p1a: Umbreon|82/100 tox|[from] item: Leftovers
|-damage|p1a: Umbreon|70/100 tox|[from] psn
|upkeep
|turn|51
|-message|Garchomplte forfeited.
|
|win|Xulla
|l|☆Garchomplte
|raw|Garchomplte's rating: 1433 &rarr; <strong>1405</strong><br />(-28 for losing)
|raw|Xulla's rating: 1282 &rarr; <strong>1317</strong><br />(+35 for winning)
