|j|☆BWR Mario18
|j|☆Pineapple8081
|t:|1719431415
|gametype|singles
|player|p1|BWR Mario18|red-gen2|1332
|player|p2|Pineapple8081|veteranf|1328
|teamsize|p1|6
|teamsize|p2|6
|gen|5
|tier|[Gen 5] OU
|rated|
|rule|Species Clause: Limit one of each Pokémon
|rule|OHKO Clause: OHKO moves are banned
|rule|Moody Clause: Moody is banned
|rule|Evasion Items Clause: Evasion items are banned
|rule|Evasion Moves Clause: Evasion moves are banned
|rule|Endless Battle Clause: Forcing endless battles is banned
|rule|HP Percentage Mod: HP is shown in percentages
|rule|Evasion Abilities Clause: Evasion abilities are banned
|rule|Sleep Moves Clause: Sleep-inducing moves are banned
|rule|Swagger Clause: Swagger is banned
|rule|Baton Pass Stat Clause: No Baton Passer may have a way to boost its stats
|clearpoke
|poke|p1|Tyranitar, F|item
|poke|p1|Landorus-Therian, M|item
|poke|p1|Excadrill, M|item
|poke|p1|Reuniclus, M|item
|poke|p1|Slowbro, M|item
|poke|p1|Terrakion|item
|poke|p2|Tyranitar, M|item
|poke|p2|Skarmory, F|item
|poke|p2|Alakazam, M|item
|poke|p2|Landorus-Therian, M|item
|poke|p2|Latios, M|item
|poke|p2|Rotom-Wash|item
|teampreview
|inactive|Battle timer is ON: inactive players will automatically lose when time's up. (requested by Pineapple8081)
|
|t:|1719431439
|start
|switch|p1a: Reuniclus|Reuniclus, M|100/100
|switch|p2a: Landorus|Landorus-Therian, M|100/100
|-ability|p2a: Landorus|Intimidate|boost
|-unboost|p1a: Reuniclus|atk|1
|turn|1
|inactive|BWR Mario18 has 120 seconds left.
|j| ouck the same
|j| Neighthan Trainer
|
|t:|1719431497
|switch|p1a: Landorus|Landorus-Therian, M|100/100
|-ability|p1a: Landorus|Intimidate|boost
|-unboost|p2a: Landorus|atk|1
|move|p2a: Landorus|U-turn|p1a: Landorus
|-resisted|p1a: Landorus
|-damage|p1a: Landorus|94/100
|
|t:|1719431503
|switch|p2a: Alakazam|Alakazam, M|100/100|[from] U-turn
|
|-heal|p1a: Landorus|99/100|[from] item: Leftovers
|upkeep
|turn|2
|
|t:|1719431515
|switch|p1a: Reuniclus|Reuniclus, M|100/100
|move|p2a: Alakazam|Hidden Power|p1a: Reuniclus
|-damage|p1a: Reuniclus|84/100
|
|upkeep
|turn|3
|inactive|BWR Mario18 has 90 seconds left.
|
|t:|1719431543
|switch|p2a: Tyranitar|Tyranitar, M|100/100
|-weather|Sandstorm|[from] ability: Sand Stream|[of] p2a: Tyranitar
|move|p1a: Reuniclus|Thunder Wave|p2a: Tyranitar
|-status|p2a: Tyranitar|par
|
|-weather|Sandstorm|[upkeep]
|upkeep
|turn|4
|inactive|BWR Mario18 has 90 seconds left.
|l| ouck the same
|
|t:|1719431555
|-activate|p1a: Reuniclus|move: Pursuit
|move|p2a: Tyranitar|Pursuit|p1a: Reuniclus|[from]Pursuit
|-supereffective|p1a: Reuniclus
|-damage|p1a: Reuniclus|5/100
|switch|p1a: Terrakion|Terrakion|100/100
|
|-weather|Sandstorm|[upkeep]
|upkeep
|turn|5
|inactive|BWR Mario18 has 90 seconds left.
|
|t:|1719431561
|switch|p2a: Skarmory|Skarmory, F|100/100
|move|p1a: Terrakion|Close Combat|p2a: Skarmory
|-damage|p2a: Skarmory|25/100
|-unboost|p1a: Terrakion|def|1
|-unboost|p1a: Terrakion|spd|1
|
|-weather|Sandstorm|[upkeep]
|-heal|p2a: Skarmory|31/100|[from] item: Leftovers
|upkeep
|turn|6
|
|t:|1719431569
|switch|p1a: Landorus|Landorus-Therian, M|99/100
|-ability|p1a: Landorus|Intimidate|boost
|-unboost|p2a: Skarmory|atk|1
|move|p2a: Skarmory|Roost|p2a: Skarmory
|-heal|p2a: Skarmory|81/100
|-singleturn|p2a: Skarmory|move: Roost
|
|-weather|Sandstorm|[upkeep]
|-heal|p1a: Landorus|100/100|[from] item: Leftovers
|-heal|p2a: Skarmory|87/100|[from] item: Leftovers
|upkeep
|turn|7
|
|t:|1719431573
|move|p1a: Landorus|Stealth Rock|p2a: Skarmory
|-sidestart|p2: Pineapple8081|move: Stealth Rock
|move|p2a: Skarmory|Spikes|p1a: Landorus
|-sidestart|p1: BWR Mario18|Spikes
|
|-weather|Sandstorm|[upkeep]
|-heal|p2a: Skarmory|93/100|[from] item: Leftovers
|upkeep
|turn|8
|
|t:|1719431578
|move|p1a: Landorus|U-turn|p2a: Skarmory
|-resisted|p2a: Skarmory
|-damage|p2a: Skarmory|89/100
|
|t:|1719431587
|switch|p1a: Excadrill|Excadrill, M|100/100|[from] U-turn
|-damage|p1a: Excadrill|88/100|[from] Spikes
|move|p2a: Skarmory|Spikes|p1a: Excadrill
|-sidestart|p1: BWR Mario18|Spikes
|
|-weather|Sandstorm|[upkeep]
|-heal|p1a: Excadrill|94/100|[from] item: Leftovers
|-heal|p2a: Skarmory|95/100|[from] item: Leftovers
|upkeep
|turn|9
|
|t:|1719431594
|switch|p2a: Landorus|Landorus-Therian, M|100/100
|-damage|p2a: Landorus|88/100|[from] Stealth Rock
|-ability|p2a: Landorus|Intimidate|boost
|-unboost|p1a: Excadrill|atk|1
|move|p1a: Excadrill|Rapid Spin|p2a: Landorus
|-damage|p2a: Landorus|85/100
|-sideend|p1: BWR Mario18|Spikes|[from] move: Rapid Spin|[of] p1a: Excadrill
|
|-weather|Sandstorm|[upkeep]
|-heal|p1a: Excadrill|99/100|[from] item: Leftovers
|-heal|p2a: Landorus|91/100|[from] item: Leftovers
|upkeep
|turn|10
|inactive|BWR Mario18 has 120 seconds left.
|
|t:|1719431602
|switch|p1a: Landorus|Landorus-Therian, M|100/100
|-ability|p1a: Landorus|Intimidate|boost
|-unboost|p2a: Landorus|atk|1
|move|p2a: Landorus|Stealth Rock|p1a: Landorus
|-sidestart|p1: BWR Mario18|move: Stealth Rock
|
|-weather|Sandstorm|[upkeep]
|-heal|p2a: Landorus|97/100|[from] item: Leftovers
|upkeep
|turn|11
|
|t:|1719431607
|move|p2a: Landorus|U-turn|p1a: Landorus
|-resisted|p1a: Landorus
|-damage|p1a: Landorus|94/100
|
|t:|1719431609
|switch|p2a: Rotom|Rotom-Wash|100/100|[from] U-turn
|-damage|p2a: Rotom|88/100|[from] Stealth Rock
|move|p1a: Landorus|U-turn|p2a: Rotom
|-damage|p2a: Rotom|70/100
|
|t:|1719431623
|switch|p1a: Terrakion|Terrakion|100/100|[from] U-turn
|-damage|p1a: Terrakion|94/100|[from] Stealth Rock
|
|-weather|Sandstorm|[upkeep]
|-damage|p2a: Rotom|63/100|[from] Sandstorm
|upkeep
|turn|12
|
|t:|1719431627
|move|p1a: Terrakion|Close Combat|p2a: Rotom
|-damage|p2a: Rotom|0 fnt
|-unboost|p1a: Terrakion|def|1
|-unboost|p1a: Terrakion|spd|1
|faint|p2a: Rotom
|
|-weather|Sandstorm|[upkeep]
|upkeep
|
|t:|1719431632
|switch|p2a: Alakazam|Alakazam, M|100/100
|turn|13
|inactive|BWR Mario18 has 120 seconds left.
|inactive|BWR Mario18 has 90 seconds left.
|inactive|BWR Mario18 has 60 seconds left.
|
|t:|1719431736
|switch|p1a: Excadrill|Excadrill, M|99/100
|-damage|p1a: Excadrill|97/100|[from] Stealth Rock
|move|p2a: Alakazam|Focus Blast|p1a: Excadrill
|-supereffective|p1a: Excadrill
|-damage|p1a: Excadrill|0 fnt
|faint|p1a: Excadrill
|
|-weather|Sandstorm|[upkeep]
|upkeep
|
|t:|1719431750
|switch|p1a: Slowbro|Slowbro, M|100/100
|-damage|p1a: Slowbro|88/100|[from] Stealth Rock
|turn|14
|
|t:|1719431752
|move|p2a: Alakazam|Shadow Ball|p1a: Slowbro
|-supereffective|p1a: Slowbro
|-damage|p1a: Slowbro|39/100
|move|p1a: Slowbro|Scald|p2a: Alakazam
|-damage|p2a: Alakazam|58/100
|
|-weather|Sandstorm|[upkeep]
|-damage|p1a: Slowbro|33/100|[from] Sandstorm
|-heal|p1a: Slowbro|39/100|[from] item: Leftovers
|upkeep
|turn|15
|inactive|BWR Mario18 has 60 seconds left.
|
|t:|1719431760
|switch|p1a: Reuniclus|Reuniclus, M|5/100
|move|p2a: Alakazam|Shadow Ball|p1a: Reuniclus
|-supereffective|p1a: Reuniclus
|-damage|p1a: Reuniclus|0 fnt
|faint|p1a: Reuniclus
|
|-weather|Sandstorm|[upkeep]
|upkeep
|
|t:|1719431763
|switch|p1a: Tyranitar|Tyranitar, F|100/100
|-damage|p1a: Tyranitar|88/100|[from] Stealth Rock
|turn|16
|
|t:|1719431768
|move|p2a: Alakazam|Focus Blast|p1a: Tyranitar|[miss]
|-miss|p2a: Alakazam|p1a: Tyranitar
|move|p1a: Tyranitar|Pursuit|p2a: Alakazam
|-supereffective|p2a: Alakazam
|-damage|p2a: Alakazam|0 fnt
|faint|p2a: Alakazam
|
|-weather|Sandstorm|[upkeep]
|upkeep
|
|t:|1719431773
|switch|p2a: Landorus|Landorus-Therian, M|97/100
|-damage|p2a: Landorus|85/100|[from] Stealth Rock
|-ability|p2a: Landorus|Intimidate|boost
|-unboost|p1a: Tyranitar|atk|1
|turn|17
|j| srghk
|l| srghk
|
|t:|1719431781
|switch|p1a: Landorus|Landorus-Therian, M|94/100
|-damage|p1a: Landorus|82/100|[from] Stealth Rock
|-ability|p1a: Landorus|Intimidate|boost
|-unboost|p2a: Landorus|atk|1
|move|p2a: Landorus|U-turn|p1a: Landorus
|-resisted|p1a: Landorus
|-damage|p1a: Landorus|76/100
|
|t:|1719431790
|switch|p2a: Latios|Latios, M|100/100|[from] U-turn
|-damage|p2a: Latios|88/100|[from] Stealth Rock
|
|-weather|Sandstorm|[upkeep]
|-damage|p2a: Latios|82/100|[from] Sandstorm
|-heal|p1a: Landorus|82/100|[from] item: Leftovers
|upkeep
|turn|18
|
|t:|1719431797
|move|p2a: Latios|Surf|p1a: Landorus
|-supereffective|p1a: Landorus
|-damage|p1a: Landorus|0 fnt
|faint|p1a: Landorus
|
|-weather|Sandstorm|[upkeep]
|-damage|p2a: Latios|76/100|[from] Sandstorm
|upkeep
|
|t:|1719431799
|switch|p1a: Tyranitar|Tyranitar, F|88/100
|-damage|p1a: Tyranitar|76/100|[from] Stealth Rock
|turn|19
|
|t:|1719431815
|move|p1a: Tyranitar|Pursuit|p2a: Latios
|-supereffective|p2a: Latios
|-damage|p2a: Latios|14/100
|move|p2a: Latios|Surf|p1a: Tyranitar
|-supereffective|p1a: Tyranitar
|-damage|p1a: Tyranitar|11/100
|
|-weather|Sandstorm|[upkeep]
|-damage|p2a: Latios|8/100|[from] Sandstorm
|upkeep
|turn|20
|
|t:|1719431820
|move|p1a: Tyranitar|Pursuit|p2a: Latios
|-supereffective|p2a: Latios
|-damage|p2a: Latios|0 fnt
|faint|p2a: Latios
|
|-weather|Sandstorm|[upkeep]
|upkeep
|
|t:|1719431824
|switch|p2a: Skarmory|Skarmory, F|95/100
|-damage|p2a: Skarmory|82/100|[from] Stealth Rock
|turn|21
|
|t:|1719431831
|switch|p1a: Slowbro|Slowbro, M|73/100
|-damage|p1a: Slowbro|60/100|[from] Stealth Rock
|move|p2a: Skarmory|Spikes|p1a: Slowbro
|-sidestart|p1: BWR Mario18|Spikes
|
|-weather|Sandstorm|[upkeep]
|-damage|p1a: Slowbro|54/100|[from] Sandstorm
|-heal|p2a: Skarmory|88/100|[from] item: Leftovers
|-heal|p1a: Slowbro|60/100|[from] item: Leftovers
|upkeep
|turn|22
|
|t:|1719431841
|move|p2a: Skarmory|Spikes|p1a: Slowbro
|-sidestart|p1: BWR Mario18|Spikes
|move|p1a: Slowbro|Slack Off|p1a: Slowbro
|-heal|p1a: Slowbro|100/100
|
|-weather|Sandstorm|[upkeep]
|-damage|p1a: Slowbro|94/100|[from] Sandstorm
|-heal|p2a: Skarmory|94/100|[from] item: Leftovers
|-heal|p1a: Slowbro|100/100|[from] item: Leftovers
|upkeep
|turn|23
|
|t:|1719431848
|move|p2a: Skarmory|Spikes|p1a: Slowbro
|-sidestart|p1: BWR Mario18|Spikes
|move|p1a: Slowbro|Flamethrower|p2a: Skarmory
|-supereffective|p2a: Skarmory
|-damage|p2a: Skarmory|54/100
|
|-weather|Sandstorm|[upkeep]
|-damage|p1a: Slowbro|94/100|[from] Sandstorm
|-heal|p2a: Skarmory|60/100|[from] item: Leftovers
|-heal|p1a: Slowbro|100/100|[from] item: Leftovers
|upkeep
|turn|24
|inactive|BWR Mario18 has 120 seconds left.
|
|t:|1719431855
|switch|p1a: Tyranitar|Tyranitar, F|11/100
|-damage|p1a: Tyranitar|0 fnt|[from] Stealth Rock
|faint|p1a: Tyranitar
|move|p2a: Skarmory|Whirlwind|p1: Tyranitar|[notarget]
|-fail|p2a: Skarmory
|
|-weather|Sandstorm|[upkeep]
|-heal|p2a: Skarmory|66/100|[from] item: Leftovers
|upkeep
|inactive|BWR Mario18 has 120 seconds left.
|
|t:|1719431863
|switch|p1a: Terrakion|Terrakion|94/100
|-damage|p1a: Terrakion|88/100|[from] Stealth Rock
|-damage|p1a: Terrakion|63/100|[from] Spikes
|turn|25
|
|t:|1719431865
|move|p1a: Terrakion|Close Combat|p2a: Skarmory
|-damage|p2a: Skarmory|1/100
|-unboost|p1a: Terrakion|def|1
|-unboost|p1a: Terrakion|spd|1
|move|p2a: Skarmory|Roost|p2a: Skarmory
|-heal|p2a: Skarmory|51/100
|-singleturn|p2a: Skarmory|move: Roost
|
|-weather|Sandstorm|[upkeep]
|-heal|p2a: Skarmory|57/100|[from] item: Leftovers
|upkeep
|turn|26
|
|t:|1719431870
|switch|p2a: Landorus|Landorus-Therian, M|85/100
|-damage|p2a: Landorus|73/100|[from] Stealth Rock
|-ability|p2a: Landorus|Intimidate|boost
|-unboost|p1a: Terrakion|atk|1
|move|p1a: Terrakion|Close Combat|p2a: Landorus
|-resisted|p2a: Landorus
|-damage|p2a: Landorus|50/100
|-unboost|p1a: Terrakion|def|1
|-unboost|p1a: Terrakion|spd|1
|
|-weather|Sandstorm|[upkeep]
|-heal|p2a: Landorus|57/100|[from] item: Leftovers
|upkeep
|turn|27
|
|t:|1719431881
|switch|p1a: Slowbro|Slowbro, M|100/100
|-damage|p1a: Slowbro|88/100|[from] Stealth Rock
|-damage|p1a: Slowbro|63/100|[from] Spikes
|move|p2a: Landorus|Earthquake|p1a: Slowbro
|-damage|p1a: Slowbro|33/100
|
|-weather|Sandstorm|[upkeep]
|-damage|p1a: Slowbro|27/100|[from] Sandstorm
|-heal|p2a: Landorus|63/100|[from] item: Leftovers
|-heal|p1a: Slowbro|33/100|[from] item: Leftovers
|upkeep
|turn|28
|
|t:|1719431895
|move|p2a: Landorus|U-turn|p1a: Slowbro
|-supereffective|p1a: Slowbro
|-damage|p1a: Slowbro|5/100
|
|t:|1719431898
|switch|p2a: Tyranitar|Tyranitar, M|100/100 par|[from] U-turn
|-damage|p2a: Tyranitar|88/100 par|[from] Stealth Rock
|move|p1a: Slowbro|Slack Off|p1a: Slowbro
|-heal|p1a: Slowbro|55/100
|
|-weather|Sandstorm|[upkeep]
|-damage|p1a: Slowbro|49/100|[from] Sandstorm
|-heal|p1a: Slowbro|55/100|[from] item: Leftovers
|upkeep
|turn|29
|
|t:|1719431903
|move|p1a: Slowbro|Scald|p2a: Tyranitar
|-supereffective|p2a: Tyranitar
|-damage|p2a: Tyranitar|62/100 par
|move|p2a: Tyranitar|Pursuit|p1a: Slowbro
|-supereffective|p1a: Slowbro
|-damage|p1a: Slowbro|27/100
|
|-weather|Sandstorm|[upkeep]
|-damage|p1a: Slowbro|21/100|[from] Sandstorm
|-heal|p1a: Slowbro|27/100|[from] item: Leftovers
|upkeep
|turn|30
|
|t:|1719431920
|switch|p1a: Terrakion|Terrakion|63/100
|-damage|p1a: Terrakion|57/100|[from] Stealth Rock
|-damage|p1a: Terrakion|32/100|[from] Spikes
|move|p2a: Tyranitar|Crunch|p1a: Terrakion
|-resisted|p1a: Terrakion
|-damage|p1a: Terrakion|8/100
|-ability|p1a: Terrakion|Justified|boost
|-boost|p1a: Terrakion|atk|1
|
|-weather|Sandstorm|[upkeep]
|upkeep
|turn|31
|
|t:|1719431929
|switch|p2a: Skarmory|Skarmory, F|57/100
|-damage|p2a: Skarmory|45/100|[from] Stealth Rock
|move|p1a: Terrakion|Stone Edge|p2a: Skarmory
|-damage|p2a: Skarmory|0 fnt
|faint|p2a: Skarmory
|
|-weather|Sandstorm|[upkeep]
|upkeep
|
|t:|1719431931
|switch|p2a: Landorus|Landorus-Therian, M|63/100
|-damage|p2a: Landorus|50/100|[from] Stealth Rock
|-ability|p2a: Landorus|Intimidate|boost
|-unboost|p1a: Terrakion|atk|1
|turn|32
|
|t:|1719431935
|move|p1a: Terrakion|Stone Edge|p2a: Landorus
|-damage|p2a: Landorus|0 fnt
|faint|p2a: Landorus
|
|-weather|Sandstorm|[upkeep]
|upkeep
|
|t:|1719431938
|switch|p2a: Tyranitar|Tyranitar, M|62/100 par
|-damage|p2a: Tyranitar|50/100 par|[from] Stealth Rock
|turn|33
|
|t:|1719431941
|move|p1a: Terrakion|Stone Edge|p2a: Tyranitar
|-damage|p2a: Tyranitar|0 fnt
|faint|p2a: Tyranitar
|
|win|BWR Mario18
|raw|BWR Mario18's rating: 1332 &rarr; <strong>1352</strong><br />(+20 for winning)
|raw|Pineapple8081's rating: 1328 &rarr; <strong>1308</strong><br />(-20 for losing)
|c|☆BWR Mario18|Gg
