|j|☆Testo junkie
|j|☆lijkjlkjlkjlkjlk
|t:|1725201018
|gametype|singles
|player|p1|Testo junkie|aromalady|1519
|player|p2|lijkjlkjlkjlkjlk|bugcatcher-gen4dp|1421
|teamsize|p1|6
|teamsize|p2|6
|gen|5
|tier|[Gen 5] OU
|rated|
|rule|Species Clause: Limit one of each Pokémon
|rule|OHKO Clause: OHKO moves are banned
|rule|Moody Clause: Moody is banned
|rule|Evasion Items Clause: Evasion items are banned
|rule|Evasion Moves Clause: Evasion moves are banned
|rule|Endless Battle Clause: Forcing endless battles is banned
|rule|HP Percentage Mod: HP is shown in percentages
|rule|Evasion Abilities Clause: Evasion abilities are banned
|rule|Sleep Moves Clause: Sleep-inducing moves are banned
|rule|Swagger Clause: Swagger is banned
|rule|Baton Pass Stat Clause: No Baton Passer may have a way to boost its stats
|clearpoke
|poke|p1|Abomasnow, M|item
|poke|p1|Starmie|item
|poke|p1|Heatran, F|item
|poke|p1|Kyurem|item
|poke|p1|Landorus-Therian, M|item
|poke|p1|Reuniclus, M|item
|poke|p2|Bronzong|item
|poke|p2|Porygon2|item
|poke|p2|Reuniclus, M|item
|poke|p2|Chandelure, M|item
|poke|p2|Crawdaunt, F|item
|poke|p2|Terrakion|item
|teampreview
|l|☆lijkjlkjlkjlkjlk
|player|p2|
|j|☆lijkjlkjlkjlkjlk
|player|p2|lijkjlkjlkjlkjlk|bugcatcher-gen4dp|
|
|t:|1725201065
|start
|switch|p1a: Fimbulvetr|Abomasnow, M|100/100
|switch|p2a: Bronzong|Bronzong|100/100
|-weather|Hail|[from] ability: Snow Warning|[of] p1a: Fimbulvetr
|turn|1
|
|t:|1725201076
|switch|p1a: Perseide|Starmie|100/100
|move|p2a: Bronzong|Trick Room|p2a: Bronzong
|-fieldstart|move: Trick Room|[of] p2a: Bronzong
|
|-weather|Hail|[upkeep]
|-damage|p2a: Bronzong|94/100|[from] Hail
|-damage|p1a: Perseide|94/100|[from] Hail
|-heal|p1a: Perseide|100/100|[from] item: Leftovers
|upkeep
|turn|2
|
|t:|1725201114
|switch|p2a: Reuniclus|Reuniclus, M|100/100
|move|p1a: Perseide|Recover||[still]
|-fail|p1a: Perseide|heal
|
|-weather|Hail|[upkeep]
|-damage|p1a: Perseide|94/100|[from] Hail
|-heal|p1a: Perseide|100/100|[from] item: Leftovers
|upkeep
|turn|3
|
|t:|1725201142
|switch|p1a: Valyria|Heatran, F|100/100
|move|p2a: Reuniclus|Shadow Ball|p1a: Valyria
|-resisted|p1a: Valyria
|-damage|p1a: Valyria|88/100
|
|-weather|Hail|[upkeep]
|-damage|p1a: Valyria|82/100|[from] Hail
|-heal|p1a: Valyria|88/100|[from] item: Leftovers
|upkeep
|turn|4
|
|t:|1725201156
|switch|p1a: Solomon|Reuniclus, M|100/100
|move|p2a: Reuniclus|Focus Blast|p1a: Solomon
|-resisted|p1a: Solomon
|-damage|p1a: Solomon|79/100
|
|-weather|Hail|[upkeep]
|-status|p1a: Solomon|brn|[from] item: Flame Orb
|upkeep
|turn|5
|
|t:|1725201162
|switch|p1a: Viserion|Kyurem|100/100
|-ability|p1a: Viserion|Pressure
|move|p2a: Reuniclus|Shadow Ball|p1a: Viserion
|-crit|p1a: Viserion
|-damage|p1a: Viserion|36/100
|
|-weather|Hail|[upkeep]
|-fieldend|move: Trick Room
|upkeep
|turn|6
|
|t:|1725201167
|switch|p2a: Bronzong|Bronzong|94/100
|move|p1a: Viserion|Blizzard|p2a: Bronzong
|-resisted|p2a: Bronzong
|-damage|p2a: Bronzong|54/100
|
|-weather|Hail|[upkeep]
|-damage|p2a: Bronzong|48/100|[from] Hail
|upkeep
|turn|7
|
|t:|1725201171
|move|p1a: Viserion|Blizzard|p2a: Bronzong
|-resisted|p2a: Bronzong
|-damage|p2a: Bronzong|9/100
|move|p2a: Bronzong|Trick Room|p2a: Bronzong
|-fieldstart|move: Trick Room|[of] p2a: Bronzong
|
|-weather|Hail|[upkeep]
|-damage|p2a: Bronzong|3/100|[from] Hail
|upkeep
|turn|8
|
|t:|1725201181
|switch|p1a: Perseide|Starmie|100/100
|move|p2a: Bronzong|Stealth Rock|p1a: Perseide
|-sidestart|p1: Testo junkie|move: Stealth Rock
|
|-weather|Hail|[upkeep]
|-damage|p2a: Bronzong|0 fnt|[from] Hail
|-damage|p1a: Perseide|94/100|[from] Hail
|faint|p2a: Bronzong
|-heal|p1a: Perseide|100/100|[from] item: Leftovers
|upkeep
|
|t:|1725201203
|switch|p2a: Crawdaunt|Crawdaunt, F|100/100
|turn|9
|
|t:|1725201209
|switch|p1a: Valyria|Heatran, F|88/100
|-damage|p1a: Valyria|75/100|[from] Stealth Rock
|move|p2a: Crawdaunt|Crunch|p1a: Valyria
|-resisted|p1a: Valyria
|-damage|p1a: Valyria|40/100
|
|-weather|Hail|[upkeep]
|-damage|p2a: Crawdaunt|95/100|[from] Hail
|-damage|p1a: Valyria|34/100|[from] Hail
|-heal|p1a: Valyria|40/100|[from] item: Leftovers
|upkeep
|turn|10
|
|t:|1725201241
|switch|p2a: Reuniclus|Reuniclus, M|100/100
|switch|p1a: Fimbulvetr|Abomasnow, M|100/100
|-damage|p1a: Fimbulvetr|75/100|[from] Stealth Rock
|
|-weather|Hail|[upkeep]
|-heal|p1a: Fimbulvetr|82/100|[from] item: Leftovers
|upkeep
|turn|11
|
|t:|1725201247
|switch|p1a: Perseide|Starmie|100/100
|-damage|p1a: Perseide|88/100|[from] Stealth Rock
|move|p2a: Reuniclus|Focus Blast|p1a: Perseide|[miss]
|-miss|p2a: Reuniclus|p1a: Perseide
|
|-weather|Hail|[upkeep]
|-damage|p1a: Perseide|82/100|[from] Hail
|-heal|p1a: Perseide|88/100|[from] item: Leftovers
|-fieldend|move: Trick Room
|upkeep
|turn|12
|
|t:|1725201252
|move|p1a: Perseide|Rapid Spin|p2a: Reuniclus
|-damage|p2a: Reuniclus|98/100
|-sideend|p1: Testo junkie|Stealth Rock|[from] move: Rapid Spin|[of] p1a: Perseide
|move|p2a: Reuniclus|Trick Room|p2a: Reuniclus
|-fieldstart|move: Trick Room|[of] p2a: Reuniclus
|
|-weather|Hail|[upkeep]
|-damage|p1a: Perseide|82/100|[from] Hail
|-heal|p1a: Perseide|88/100|[from] item: Leftovers
|upkeep
|turn|13
|
|t:|1725201256
|switch|p1a: Fimbulvetr|Abomasnow, M|82/100
|move|p2a: Reuniclus|Shadow Ball|p1a: Fimbulvetr
|-damage|p1a: Fimbulvetr|48/100
|
|-weather|Hail|[upkeep]
|-heal|p1a: Fimbulvetr|54/100|[from] item: Leftovers
|upkeep
|turn|14
|
|t:|1725201259
|move|p1a: Fimbulvetr|Protect|p1a: Fimbulvetr
|-singleturn|p1a: Fimbulvetr|Protect
|move|p2a: Reuniclus|Focus Blast|p1a: Fimbulvetr
|-activate|p1a: Fimbulvetr|move: Protect
|
|-weather|Hail|[upkeep]
|-heal|p1a: Fimbulvetr|60/100|[from] item: Leftovers
|upkeep
|turn|15
|
|t:|1725201269
|switch|p1a: Valyria|Heatran, F|40/100
|move|p2a: Reuniclus|Shadow Ball|p1a: Valyria
|-resisted|p1a: Valyria
|-damage|p1a: Valyria|27/100
|
|-weather|Hail|[upkeep]
|-damage|p1a: Valyria|21/100|[from] Hail
|-heal|p1a: Valyria|27/100|[from] item: Leftovers
|upkeep
|turn|16
|
|t:|1725201272
|move|p2a: Reuniclus|Focus Blast|p1a: Valyria
|-supereffective|p1a: Valyria
|-damage|p1a: Valyria|0 fnt
|faint|p1a: Valyria
|
|-weather|Hail|[upkeep]
|-fieldend|move: Trick Room
|upkeep
|
|t:|1725201275
|switch|p1a: Viserion|Kyurem|36/100
|-ability|p1a: Viserion|Pressure
|turn|17
|
|t:|1725201286
|move|p1a: Viserion|Blizzard|p2a: Reuniclus
|-damage|p2a: Reuniclus|30/100
|move|p2a: Reuniclus|Trick Room|p2a: Reuniclus
|-fieldstart|move: Trick Room|[of] p2a: Reuniclus
|
|-weather|Hail|[upkeep]
|upkeep
|turn|18
|
|t:|1725201294
|switch|p1a: Perseide|Starmie|88/100
|move|p2a: Reuniclus|Psyshock|p1a: Perseide
|-resisted|p1a: Perseide
|-damage|p1a: Perseide|59/100
|
|-weather|Hail|[upkeep]
|-damage|p1a: Perseide|53/100|[from] Hail
|-heal|p1a: Perseide|59/100|[from] item: Leftovers
|upkeep
|turn|19
|
|t:|1725201297
|move|p2a: Reuniclus|Shadow Ball|p1a: Perseide
|-supereffective|p1a: Perseide
|-damage|p1a: Perseide|0 fnt
|faint|p1a: Perseide
|
|-weather|Hail|[upkeep]
|upkeep
|
|t:|1725201300
|switch|p1a: Fimbulvetr|Abomasnow, M|60/100
|turn|20
|
|t:|1725201305
|move|p1a: Fimbulvetr|Protect|p1a: Fimbulvetr
|-singleturn|p1a: Fimbulvetr|Protect
|move|p2a: Reuniclus|Focus Blast|p1a: Fimbulvetr
|-activate|p1a: Fimbulvetr|move: Protect
|
|-weather|Hail|[upkeep]
|-heal|p1a: Fimbulvetr|66/100|[from] item: Leftovers
|upkeep
|turn|21
|
|t:|1725201310
|move|p1a: Fimbulvetr|Protect||[still]
|-fail|p1a: Fimbulvetr
|move|p2a: Reuniclus|Psyshock|p1a: Fimbulvetr
|-damage|p1a: Fimbulvetr|5/100
|
|-weather|Hail|[upkeep]
|-heal|p1a: Fimbulvetr|11/100|[from] item: Leftovers
|-fieldend|move: Trick Room
|upkeep
|turn|22
|
|t:|1725201319
|move|p1a: Fimbulvetr|Wood Hammer|p2a: Reuniclus
|-damage|p2a: Reuniclus|0 fnt
|faint|p2a: Reuniclus
|-damage|p1a: Fimbulvetr|0 fnt|[from] Recoil
|faint|p1a: Fimbulvetr
|
|-weather|Hail|[upkeep]
|upkeep
|
|t:|1725201337
|switch|p1a: Viserion|Kyurem|36/100
|switch|p2a: Terrakion|Terrakion|100/100
|-ability|p1a: Viserion|Pressure
|turn|23
|
|t:|1725201341
|switch|p1a: Cichol|Landorus-Therian, M|100/100
|-ability|p1a: Cichol|Intimidate|boost
|-unboost|p2a: Terrakion|atk|1
|move|p2a: Terrakion|Close Combat|p1a: Cichol
|-resisted|p1a: Cichol
|-damage|p1a: Cichol|77/100
|-unboost|p2a: Terrakion|def|1
|-unboost|p2a: Terrakion|spd|1
|
|-weather|Hail|[upkeep]
|-damage|p2a: Terrakion|94/100|[from] Hail
|-damage|p1a: Cichol|71/100|[from] Hail
|upkeep
|turn|24
|
|t:|1725201345
|switch|p2a: Porygon2|Porygon2|100/100
|-ability|p2a: Porygon2|Download|boost
|-boost|p2a: Porygon2|spa|1
|move|p1a: Cichol|U-turn|p2a: Porygon2
|-damage|p2a: Porygon2|82/100
|
|t:|1725201348
|switch|p1a: Viserion|Kyurem|36/100|[from] U-turn
|-ability|p1a: Viserion|Pressure
|
|-weather|Hail|[upkeep]
|-damage|p2a: Porygon2|76/100|[from] Hail
|upkeep
|turn|25
|
|t:|1725201356
|move|p1a: Viserion|Draco Meteor|p2a: Porygon2
|-crit|p2a: Porygon2
|-damage|p2a: Porygon2|0 fnt
|-unboost|p1a: Viserion|spa|2
|faint|p2a: Porygon2
|
|-weather|Hail|[upkeep]
|upkeep
|
|t:|1725201362
|switch|p2a: Chandelure|Chandelure, M|100/100
|-item|p2a: Chandelure|Air Balloon
|turn|26
|
|t:|1725201364
|move|p1a: Viserion|Draco Meteor|p2a: Chandelure|[miss]
|-miss|p1a: Viserion|p2a: Chandelure
|move|p2a: Chandelure|Trick Room|p2a: Chandelure
|-fieldstart|move: Trick Room|[of] p2a: Chandelure
|
|-weather|Hail|[upkeep]
|-damage|p2a: Chandelure|94/100|[from] Hail
|upkeep
|turn|27
|
|t:|1725201374
|move|p2a: Chandelure|Shadow Ball|p1a: Viserion
|-damage|p1a: Viserion|0 fnt
|faint|p1a: Viserion
|
|-weather|Hail|[upkeep]
|-damage|p2a: Chandelure|88/100|[from] Hail
|upkeep
|
|t:|1725201377
|switch|p1a: Cichol|Landorus-Therian, M|71/100
|-ability|p1a: Cichol|Intimidate|boost
|-unboost|p2a: Chandelure|atk|1
|turn|28
|
|t:|1725201380
|move|p2a: Chandelure|Fire Blast|p1a: Cichol
|-damage|p1a: Cichol|0 fnt
|faint|p1a: Cichol
|
|-weather|Hail|[upkeep]
|-damage|p2a: Chandelure|82/100|[from] Hail
|upkeep
|
|t:|1725201383
|switch|p1a: Solomon|Reuniclus, M|79/100 brn
|turn|29
|
|t:|1725201385
|move|p1a: Solomon|Recover|p1a: Solomon
|-heal|p1a: Solomon|100/100 brn
|move|p2a: Chandelure|Shadow Ball|p1a: Solomon
|-supereffective|p1a: Solomon
|-damage|p1a: Solomon|1/100 brn
|
|-weather|Hail|[upkeep]
|-damage|p2a: Chandelure|76/100|[from] Hail
|upkeep
|turn|30
|
|t:|1725201388
|move|p1a: Solomon|Psyshock|p2a: Chandelure
|-damage|p2a: Chandelure|38/100
|-enditem|p2a: Chandelure|Air Balloon
|move|p2a: Chandelure|Shadow Ball|p1a: Solomon
|-supereffective|p1a: Solomon
|-damage|p1a: Solomon|0 fnt
|faint|p1a: Solomon
|
|win|lijkjlkjlkjlkjlk
|raw|Testo junkie's rating: 1519 &rarr; <strong>1494</strong><br />(-25 for losing)
|raw|lijkjlkjlkjlkjlk's rating: 1421 &rarr; <strong>1446</strong><br />(+25 for winning)
