|j|☆Crimsonbacon38
|j|☆WeR#4Hay!
|t:|1722641541
|gametype|singles
|player|p1|Crimsonbacon38|barry|1467
|player|p2|WeR#4Hay!|102|1511
|teamsize|p1|6
|teamsize|p2|6
|gen|5
|tier|[Gen 5] OU
|rated|
|rule|Species Clause: Limit one of each Pokémon
|rule|OHKO Clause: OHKO moves are banned
|rule|Moody Clause: Moody is banned
|rule|Evasion Items Clause: Evasion items are banned
|rule|Evasion Moves Clause: Evasion moves are banned
|rule|Endless Battle Clause: Forcing endless battles is banned
|rule|HP Percentage Mod: HP is shown in percentages
|rule|Evasion Abilities Clause: Evasion abilities are banned
|rule|Sleep Moves Clause: Sleep-inducing moves are banned
|rule|Swagger Clause: Swagger is banned
|rule|Baton Pass Stat Clause: No Baton Passer may have a way to boost its stats
|clearpoke
|poke|p1|Ferrothorn, F|item
|poke|p1|Politoed, F|item
|poke|p1|Keldeo|item
|poke|p1|Latios, M|item
|poke|p1|Garchomp, M|item
|poke|p1|Starmie|item
|poke|p2|Tyranitar, M|item
|poke|p2|Reuniclus, F|item
|poke|p2|Skarmory, F|item
|poke|p2|Latias, F|item
|poke|p2|Heatran, M|item
|poke|p2|Gastrodon, F|item
|teampreview
|
|t:|1722641577
|start
|switch|p1a: Politoed|Politoed, F|100/100
|switch|p2a: Eda Clawthorne|Latias, F|100/100
|-weather|RainDance|[from] ability: Drizzle|[of] p1a: Politoed
|turn|1
|
|t:|1722641583
|switch|p1a: Ferrothorn|Ferrothorn, F|100/100
|switch|p2a: Amity Blight|Reuniclus, F|100/100
|
|-weather|RainDance|[upkeep]
|upkeep
|turn|2
|
|t:|1722641594
|move|p2a: Amity Blight|Calm Mind|p2a: Amity Blight
|-boost|p2a: Amity Blight|spa|1
|-boost|p2a: Amity Blight|spd|1
|move|p1a: Ferrothorn|Power Whip|p2a: Amity Blight
|-damage|p2a: Amity Blight|44/100
|
|-weather|RainDance|[upkeep]
|-heal|p2a: Amity Blight|50/100|[from] item: Leftovers
|upkeep
|turn|3
|c|☆WeR#4Hay!|No fucking way
|c|☆WeR#4Hay!|CB Ferro just for Reun
|c|☆Crimsonbacon38|Not just for reun
|c|☆Crimsonbacon38|Reun is nice tho
|c|☆WeR#4Hay!|If you'd pardon the pun, rain teams in general are so washed.
|c|☆WeR#4Hay!|But that is actually a cool Ferro set
|c|☆Crimsonbacon38|Thank you
|
|t:|1722641707
|move|p2a: Amity Blight|Recover|p2a: Amity Blight
|-heal|p2a: Amity Blight|99/100
|move|p1a: Ferrothorn|Power Whip|p2a: Amity Blight
|-crit|p2a: Amity Blight
|-damage|p2a: Amity Blight|0 fnt
|faint|p2a: Amity Blight
|
|-weather|RainDance|[upkeep]
|upkeep
|
|t:|1722641718
|switch|p2a: Luz Noceda|Skarmory, F|100/100
|turn|4
|c|☆Crimsonbacon38|OHOHO MANNNN
|
|t:|1722641743
|switch|p1a: Politoed|Politoed, F|100/100
|move|p2a: Luz Noceda|Brave Bird|p1a: Politoed
|-damage|p1a: Politoed|54/100
|-damage|p2a: Luz Noceda|85/100|[from] Recoil
|
|-weather|RainDance|[upkeep]
|upkeep
|turn|5
|
|t:|1722641750
|switch|p2a: Wi-*dies to leaf*|Gastrodon, F|100/100
|move|p1a: Politoed|Surf|p2a: Wi-*dies to leaf*
|-ability|p2a: Wi-*dies to leaf*|Storm Drain|boost
|-boost|p2a: Wi-*dies to leaf*|spa|1
|
|-weather|RainDance|[upkeep]
|upkeep
|turn|6
|
|t:|1722641753
|switch|p1a: Ferrothorn|Ferrothorn, F|100/100
|move|p2a: Wi-*dies to leaf*|Scald|p1a: Ferrothorn
|-resisted|p1a: Ferrothorn
|-damage|p1a: Ferrothorn|75/100
|-status|p1a: Ferrothorn|brn
|
|-weather|RainDance|[upkeep]
|-damage|p1a: Ferrothorn|63/100 brn|[from] brn
|upkeep
|turn|7
|
|t:|1722641773
|switch|p2a: Luz Noceda|Skarmory, F|85/100
|move|p1a: Ferrothorn|Spikes|p2a: Luz Noceda
|-sidestart|p2: WeR#4Hay!|Spikes
|
|-weather|RainDance|[upkeep]
|-damage|p1a: Ferrothorn|50/100 brn|[from] brn
|upkeep
|turn|8
|
|t:|1722641785
|move|p2a: Luz Noceda|Roost|p2a: Luz Noceda
|-heal|p2a: Luz Noceda|100/100
|-singleturn|p2a: Luz Noceda|move: Roost
|move|p1a: Ferrothorn|Spikes|p2a: Luz Noceda
|-sidestart|p2: WeR#4Hay!|Spikes
|
|-weather|RainDance|[upkeep]
|-damage|p1a: Ferrothorn|38/100 brn|[from] brn
|upkeep
|turn|9
|
|t:|1722641788
|move|p2a: Luz Noceda|Spikes|p1a: Ferrothorn
|-sidestart|p1: Crimsonbacon38|Spikes
|move|p1a: Ferrothorn|Spikes|p2a: Luz Noceda
|-sidestart|p2: WeR#4Hay!|Spikes
|
|-weather|RainDance|[upkeep]
|-damage|p1a: Ferrothorn|25/100 brn|[from] brn
|upkeep
|turn|10
|
|t:|1722641791
|switch|p1a: Starmie|Starmie|100/100
|-item|p1a: Starmie|Air Balloon
|move|p2a: Luz Noceda|Whirlwind|p1a: Starmie
|drag|p1a: Ferrothorn|Ferrothorn, F|25/100 brn
|-damage|p1a: Ferrothorn|13/100 brn|[from] Spikes
|
|-weather|RainDance|[upkeep]
|-damage|p1a: Ferrothorn|0 fnt|[from] brn
|faint|p1a: Ferrothorn
|upkeep
|
|t:|1722641797
|switch|p1a: Starmie|Starmie|100/100
|-item|p1a: Starmie|Air Balloon
|turn|11
|
|t:|1722641806
|move|p1a: Starmie|Thunder|p2a: Luz Noceda
|-supereffective|p2a: Luz Noceda
|-damage|p2a: Luz Noceda|11/100
|move|p2a: Luz Noceda|Brave Bird|p1a: Starmie
|-damage|p1a: Starmie|48/100
|-enditem|p1a: Starmie|Air Balloon
|-damage|p2a: Luz Noceda|0 fnt|[from] Recoil
|faint|p2a: Luz Noceda
|
|-weather|RainDance|[upkeep]
|upkeep
|
|t:|1722641821
|switch|p2a: Wi-*dies to leaf*|Gastrodon, F|100/100
|-damage|p2a: Wi-*dies to leaf*|76/100|[from] Spikes
|turn|12
|c|☆Crimsonbacon38|If band Ferro catches a para gyro ball turns into 150 base power against every Mon in the tier
|
|t:|1722641847
|switch|p1a: Garchomp|Garchomp, M|100/100
|-damage|p1a: Garchomp|88/100|[from] Spikes
|move|p2a: Wi-*dies to leaf*|Earth Power|p1a: Garchomp
|-damage|p1a: Garchomp|58/100
|
|-weather|RainDance|[upkeep]
|-heal|p1a: Garchomp|64/100|[from] item: Leftovers
|-heal|p2a: Wi-*dies to leaf*|82/100|[from] item: Leftovers
|upkeep
|turn|13
|
|t:|1722641853
|move|p1a: Garchomp|Stealth Rock|p2a: Wi-*dies to leaf*
|-sidestart|p2: WeR#4Hay!|move: Stealth Rock
|move|p2a: Wi-*dies to leaf*|Scald|p1a: Garchomp
|-crit|p1a: Garchomp
|-damage|p1a: Garchomp|0 fnt
|faint|p1a: Garchomp
|
|-weather|RainDance|[upkeep]
|-heal|p2a: Wi-*dies to leaf*|88/100|[from] item: Leftovers
|upkeep
|
|t:|1722641868
|switch|p1a: Keldeo|Keldeo|100/100
|-damage|p1a: Keldeo|88/100|[from] Spikes
|turn|14
|
|t:|1722641878
|switch|p2a: Eda Clawthorne|Latias, F|100/100
|-damage|p2a: Eda Clawthorne|88/100|[from] Stealth Rock
|move|p1a: Keldeo|Calm Mind|p1a: Keldeo
|-boost|p1a: Keldeo|spa|1
|-boost|p1a: Keldeo|spd|1
|
|-weather|RainDance|[upkeep]
|-heal|p2a: Eda Clawthorne|94/100|[from] item: Leftovers
|upkeep
|turn|15
|
|t:|1722641883
|move|p2a: Eda Clawthorne|Thunder Wave|p1a: Keldeo
|-status|p1a: Keldeo|par
|-enditem|p1a: Keldeo|Lum Berry|[eat]
|-curestatus|p1a: Keldeo|par|[msg]
|move|p1a: Keldeo|Hidden Power|p2a: Eda Clawthorne
|-supereffective|p2a: Eda Clawthorne
|-damage|p2a: Eda Clawthorne|31/100
|
|-weather|RainDance|[upkeep]
|-heal|p2a: Eda Clawthorne|37/100|[from] item: Leftovers
|upkeep
|turn|16
|
|t:|1722641894
|move|p2a: Eda Clawthorne|Thunder Wave|p1a: Keldeo
|-status|p1a: Keldeo|par
|move|p1a: Keldeo|Hidden Power|p2a: Eda Clawthorne
|-supereffective|p2a: Eda Clawthorne
|-damage|p2a: Eda Clawthorne|0 fnt
|faint|p2a: Eda Clawthorne
|
|-weather|RainDance|[upkeep]
|upkeep
|
|t:|1722641913
|switch|p2a: Hunter Wittebane|Heatran, M|100/100
|-damage|p2a: Hunter Wittebane|76/100|[from] Spikes
|-damage|p2a: Hunter Wittebane|63/100|[from] Stealth Rock
|turn|17
|
|t:|1722641918
|move|p2a: Hunter Wittebane|Earth Power|p1a: Keldeo
|-damage|p1a: Keldeo|66/100 par
|move|p1a: Keldeo|Surf|p2a: Hunter Wittebane
|-supereffective|p2a: Hunter Wittebane
|-damage|p2a: Hunter Wittebane|0 fnt
|faint|p2a: Hunter Wittebane
|
|-weather|RainDance|[upkeep]
|upkeep
|
|t:|1722641923
|switch|p2a: Wi-*dies to leaf*|Gastrodon, F|88/100
|-damage|p2a: Wi-*dies to leaf*|63/100|[from] Spikes
|-damage|p2a: Wi-*dies to leaf*|57/100|[from] Stealth Rock
|turn|18
|
|t:|1722641929
|move|p2a: Wi-*dies to leaf*|Earth Power|p1a: Keldeo
|-damage|p1a: Keldeo|44/100 par
|cant|p1a: Keldeo|par
|
|-weather|RainDance|[upkeep]
|-heal|p2a: Wi-*dies to leaf*|63/100|[from] item: Leftovers
|upkeep
|turn|19
|
|t:|1722641932
|move|p2a: Wi-*dies to leaf*|Earth Power|p1a: Keldeo
|-damage|p1a: Keldeo|21/100 par
|cant|p1a: Keldeo|par
|
|-weather|RainDance|[upkeep]
|-heal|p2a: Wi-*dies to leaf*|69/100|[from] item: Leftovers
|upkeep
|turn|20
|
|t:|1722641935
|move|p2a: Wi-*dies to leaf*|Earth Power|p1a: Keldeo
|-damage|p1a: Keldeo|0 fnt
|faint|p1a: Keldeo
|
|-weather|RainDance|[upkeep]
|-heal|p2a: Wi-*dies to leaf*|75/100|[from] item: Leftovers
|upkeep
|
|t:|1722641951
|switch|p1a: Politoed|Politoed, F|54/100
|-damage|p1a: Politoed|41/100|[from] Spikes
|turn|21
|
|t:|1722641955
|move|p1a: Politoed|Encore|p2a: Wi-*dies to leaf*
|-start|p2a: Wi-*dies to leaf*|Encore
|move|p2a: Wi-*dies to leaf*|Earth Power|p1a: Politoed
|-damage|p1a: Politoed|13/100
|
|-weather|RainDance|[upkeep]
|-heal|p2a: Wi-*dies to leaf*|81/100|[from] item: Leftovers
|upkeep
|turn|22
|
|t:|1722641960
|switch|p1a: Latios|Latios, M|100/100
|move|p2a: Wi-*dies to leaf*|Earth Power|p1a: Latios
|-immune|p1a: Latios|[from] ability: Levitate
|
|-weather|RainDance|[upkeep]
|-heal|p2a: Wi-*dies to leaf*|87/100|[from] item: Leftovers
|upkeep
|turn|23
|
|t:|1722641963
|move|p1a: Latios|Draco Meteor|p2a: Wi-*dies to leaf*
|-damage|p2a: Wi-*dies to leaf*|23/100
|-unboost|p1a: Latios|spa|2
|move|p2a: Wi-*dies to leaf*|Earth Power|p1a: Latios
|-immune|p1a: Latios|[from] ability: Levitate
|
|-weather|RainDance|[upkeep]
|-heal|p2a: Wi-*dies to leaf*|29/100|[from] item: Leftovers
|-end|p2a: Wi-*dies to leaf*|Encore
|upkeep
|turn|24
|
|t:|1722641968
|move|p1a: Latios|Draco Meteor|p2a: Wi-*dies to leaf*
|-damage|p2a: Wi-*dies to leaf*|0 fnt
|-unboost|p1a: Latios|spa|2
|faint|p2a: Wi-*dies to leaf*
|
|-weather|RainDance|[upkeep]
|upkeep
|
|t:|1722641973
|switch|p2a: Gus Porter|Tyranitar, M|100/100
|-damage|p2a: Gus Porter|76/100|[from] Spikes
|-damage|p2a: Gus Porter|63/100|[from] Stealth Rock
|-weather|Sandstorm|[from] ability: Sand Stream|[of] p2a: Gus Porter
|turn|25
|
|t:|1722641981
|move|p1a: Latios|Draco Meteor|p2a: Gus Porter
|-damage|p2a: Gus Porter|51/100
|-unboost|p1a: Latios|spa|2
|move|p2a: Gus Porter|Pursuit|p1a: Latios
|-supereffective|p1a: Latios
|-damage|p1a: Latios|47/100
|
|-weather|Sandstorm|[upkeep]
|-damage|p1a: Latios|41/100|[from] Sandstorm
|upkeep
|turn|26
|
|t:|1722641984
|move|p1a: Latios|Draco Meteor|p2a: Gus Porter
|-damage|p2a: Gus Porter|42/100
|move|p2a: Gus Porter|Pursuit|p1a: Latios
|-supereffective|p1a: Latios
|-damage|p1a: Latios|0 fnt
|faint|p1a: Latios
|
|-weather|Sandstorm|[upkeep]
|upkeep
|
|t:|1722641988
|switch|p1a: Politoed|Politoed, F|13/100
|-damage|p1a: Politoed|0 fnt|[from] Spikes
|faint|p1a: Politoed
|
|t:|1722641990
|switch|p1a: Starmie|Starmie|48/100
|-damage|p1a: Starmie|35/100|[from] Spikes
|turn|27
|
|t:|1722641992
|move|p1a: Starmie|Hydro Pump|p2a: Gus Porter
|-supereffective|p2a: Gus Porter
|-damage|p2a: Gus Porter|0 fnt
|faint|p2a: Gus Porter
|
|win|Crimsonbacon38
|raw|Crimsonbacon38's rating: 1467 &rarr; <strong>1490</strong><br />(+23 for winning)
|raw|WeR#4Hay!'s rating: 1511 &rarr; <strong>1488</strong><br />(-23 for losing)
|c|☆WeR#4Hay!|gg
|c|☆Crimsonbacon38|gg
|c|☆Crimsonbacon38|Do you want the Ferro set?
|l|☆Crimsonbacon38
|player|p1|
|j|☆Crimsonbacon38
|player|p1|Crimsonbacon38|barry|
|c|☆WeR#4Hay!|sure
|c|☆Crimsonbacon38|!showset 1
|c| Crimsonbacon38|/raw <div class="infobox">Ferrothorn (F) @ Choice Band  <br />Ability: Iron Barbs  <br />EVs: 252 HP &#x2f; 252 Atk &#x2f; 4 SpD  <br />Brave Nature  <br />IVs: 0 Spe  <br />- Spikes  <br />- Gyro Ball  <br />- Power Whip  <br />- Explosion  <br /><br /></div>
|c|☆Crimsonbacon38|That set is fucking crazy bro
|c|☆WeR#4Hay!|cool
|c|☆WeR#4Hay!|thanks
|c|☆Crimsonbacon38|Yuh
|c|☆Crimsonbacon38|deuces
