|j|☆luponyero
|j|☆Primary Trout
|t:|1748374018
|gametype|singles
|player|p1|luponyero|102|1334
|player|p2|Primary Trout|marshal|1446
|teamsize|p1|6
|teamsize|p2|6
|gen|5
|tier|[Gen 5] OU
|rated|
|rule|Species Clause: Limit one of each Pokémon
|rule|OHKO Clause: OHKO moves are banned
|rule|Moody Clause: Moody is banned
|rule|Evasion Items Clause: Evasion items are banned
|rule|Evasion Moves Clause: Evasion moves are banned
|rule|Endless Battle Clause: Forcing endless battles is banned
|rule|HP Percentage Mod: HP is shown in percentages
|rule|Evasion Abilities Clause: Evasion abilities are banned
|rule|Sleep Moves Clause: Sleep-inducing moves are banned
|rule|Swagger Clause: Swagger is banned
|rule|Baton Pass Stat Clause: No Baton Passer may have a way to boost its stats
|clearpoke
|poke|p1|Gliscor, F|item
|poke|p1|Gyarados, F|item
|poke|p1|Celebi|item
|poke|p1|Heatran, F|item
|poke|p1|Espeon, F|item
|poke|p1|Keldeo|item
|poke|p2|Politoed, M|item
|poke|p2|Basculin, F|item
|poke|p2|Latias, F|item
|poke|p2|Terrakion|item
|poke|p2|Scizor, M|item
|poke|p2|Thundurus-Therian, M|item
|teampreview
|inactive|Battle timer is ON: inactive players will automatically lose when time's up. (requested by Primary Trout)
|inactive|luponyero has 120 seconds left.
|
|t:|1748374051
|start
|switch|p1a: Celebi|Celebi|100/100
|switch|p2a: Terrakion|Terrakion|100/100
|turn|1
|
|t:|1748374062
|switch|p1a: Gyarados|Gyarados, F|100/100
|-ability|p1a: Gyarados|Intimidate|boost
|-unboost|p2a: Terrakion|atk|1
|move|p2a: Terrakion|Stealth Rock|p1a: Gyarados
|-sidestart|p1: luponyero|move: Stealth Rock
|
|upkeep
|turn|2
|
|t:|1748374075
|switch|p1a: Gliscor|Gliscor, F|100/100
|-damage|p1a: Gliscor|88/100|[from] Stealth Rock
|move|p2a: Terrakion|Stone Edge|p1a: Gliscor
|-damage|p1a: Gliscor|45/100
|-damage|p2a: Terrakion|91/100|[from] item: Life Orb
|
|-status|p1a: Gliscor|tox|[from] item: Toxic Orb
|upkeep
|turn|3
|
|t:|1748374084
|switch|p2a: Politoed|Politoed, M|100/100
|-weather|RainDance|[from] ability: Drizzle|[of] p2a: Politoed
|move|p1a: Gliscor|Earthquake|p2a: Politoed
|-damage|p2a: Politoed|68/100
|
|-weather|RainDance|[upkeep]
|-heal|p2a: Politoed|75/100|[from] item: Leftovers
|-heal|p1a: Gliscor|58/100 tox|[from] ability: Poison Heal
|upkeep
|turn|4
|
|t:|1748374095
|switch|p1a: Celebi|Celebi|100/100
|-damage|p1a: Celebi|88/100|[from] Stealth Rock
|move|p2a: Politoed|Ice Beam|p1a: Celebi
|-supereffective|p1a: Celebi
|-damage|p1a: Celebi|61/100
|
|-weather|RainDance|[upkeep]
|-heal|p1a: Celebi|68/100|[from] item: Leftovers
|-heal|p2a: Politoed|81/100|[from] item: Leftovers
|upkeep
|turn|5
|
|t:|1748374099
|switch|p2a: Scizor|Scizor, M|100/100
|move|p1a: Celebi|Stealth Rock|p2a: Scizor
|-sidestart|p2: Primary Trout|move: Stealth Rock
|
|-weather|RainDance|[upkeep]
|-heal|p1a: Celebi|74/100|[from] item: Leftovers
|upkeep
|turn|6
|
|t:|1748374105
|-activate|p1a: Celebi|move: Pursuit
|move|p2a: Scizor|Pursuit|p1a: Celebi|[from] Pursuit
|-supereffective|p1a: Celebi
|-damage|p1a: Celebi|24/100
|switch|p1a: Heatran|Heatran, F|100/100
|-damage|p1a: Heatran|88/100|[from] Stealth Rock
|
|-weather|RainDance|[upkeep]
|-heal|p1a: Heatran|94/100|[from] item: Leftovers
|upkeep
|turn|7
|
|t:|1748374109
|move|p1a: Heatran|Will-O-Wisp|p2a: Scizor
|-status|p2a: Scizor|brn
|move|p2a: Scizor|Superpower|p1a: Heatran
|-supereffective|p1a: Heatran
|-damage|p1a: Heatran|58/100
|-unboost|p2a: Scizor|atk|1
|-unboost|p2a: Scizor|def|1
|
|-weather|RainDance|[upkeep]
|-heal|p1a: Heatran|64/100|[from] item: Leftovers
|-damage|p2a: Scizor|88/100 brn|[from] brn
|upkeep
|turn|8
|
|t:|1748374120
|switch|p2a: Basculin|Basculin, F|100/100
|-damage|p2a: Basculin|88/100|[from] Stealth Rock
|move|p1a: Heatran|Will-O-Wisp|p2a: Basculin
|-status|p2a: Basculin|brn
|
|-weather|RainDance|[upkeep]
|-heal|p1a: Heatran|71/100|[from] item: Leftovers
|-damage|p2a: Basculin|76/100 brn|[from] brn
|upkeep
|turn|9
|
|t:|1748374130
|move|p1a: Heatran|Protect|p1a: Heatran
|-singleturn|p1a: Heatran|Protect
|move|p2a: Basculin|Waterfall|p1a: Heatran
|-activate|p1a: Heatran|move: Protect
|
|-weather|RainDance|[upkeep]
|-heal|p1a: Heatran|77/100|[from] item: Leftovers
|-damage|p2a: Basculin|63/100 brn|[from] brn
|upkeep
|turn|10
|
|t:|1748374138
|switch|p1a: Celebi|Celebi|24/100
|-damage|p1a: Celebi|12/100|[from] Stealth Rock
|move|p2a: Basculin|Waterfall|p1a: Celebi
|-resisted|p1a: Celebi
|-damage|p1a: Celebi|0 fnt
|faint|p1a: Celebi
|
|-weather|RainDance|[upkeep]
|-damage|p2a: Basculin|51/100 brn|[from] brn
|upkeep
|
|t:|1748374159
|switch|p1a: Keldeo|Keldeo|100/100
|-damage|p1a: Keldeo|94/100|[from] Stealth Rock
|turn|11
|
|t:|1748374168
|switch|p2a: Latias|Latias, F|100/100
|-damage|p2a: Latias|88/100|[from] Stealth Rock
|move|p1a: Keldeo|Secret Sword|p2a: Latias
|-resisted|p2a: Latias
|-damage|p2a: Latias|58/100
|-damage|p1a: Keldeo|84/100|[from] item: Life Orb
|
|-weather|RainDance|[upkeep]
|-heal|p2a: Latias|65/100|[from] item: Leftovers
|upkeep
|turn|12
|
|t:|1748374187
|switch|p1a: Espeon|Espeon, F|100/100
|-damage|p1a: Espeon|88/100|[from] Stealth Rock
|move|p2a: Latias|Thunder|p1a: Espeon
|-damage|p1a: Espeon|50/100
|-status|p1a: Espeon|par
|
|-weather|RainDance|[upkeep]
|-heal|p2a: Latias|71/100|[from] item: Leftovers
|upkeep
|turn|13
|
|t:|1748374197
|move|p2a: Latias|Dragon Pulse|p1a: Espeon
|-damage|p1a: Espeon|3/100 par
|cant|p1a: Espeon|par
|
|-weather|RainDance|[upkeep]
|-heal|p2a: Latias|77/100|[from] item: Leftovers
|upkeep
|turn|14
|
|t:|1748374203
|move|p2a: Latias|Thunder|p1a: Espeon
|-crit|p1a: Espeon
|-damage|p1a: Espeon|0 fnt
|faint|p1a: Espeon
|
|-weather|RainDance|[upkeep]
|-heal|p2a: Latias|83/100|[from] item: Leftovers
|upkeep
|
|t:|1748374224
|switch|p1a: Heatran|Heatran, F|77/100
|-damage|p1a: Heatran|64/100|[from] Stealth Rock
|turn|15
|
|t:|1748374228
|switch|p2a: Basculin|Basculin, F|51/100 brn
|-damage|p2a: Basculin|38/100 brn|[from] Stealth Rock
|move|p1a: Heatran|Protect||[still]
|-fail|p1a: Heatran
|
|-weather|RainDance|[upkeep]
|-heal|p1a: Heatran|71/100|[from] item: Leftovers
|-damage|p2a: Basculin|26/100 brn|[from] brn
|upkeep
|turn|16
|
|t:|1748374233
|switch|p2a: Terrakion|Terrakion|91/100
|-damage|p2a: Terrakion|84/100|[from] Stealth Rock
|move|p1a: Heatran|Protect||[still]
|-fail|p1a: Heatran
|
|-weather|RainDance|[upkeep]
|-heal|p1a: Heatran|77/100|[from] item: Leftovers
|upkeep
|turn|17
|
|t:|1748374240
|switch|p1a: Gliscor|Gliscor, F|58/100 tox
|-damage|p1a: Gliscor|45/100 tox|[from] Stealth Rock
|move|p2a: Terrakion|Close Combat|p1a: Gliscor
|-resisted|p1a: Gliscor
|-damage|p1a: Gliscor|8/100 tox
|-unboost|p2a: Terrakion|def|1
|-unboost|p2a: Terrakion|spd|1
|-damage|p2a: Terrakion|74/100|[from] item: Life Orb
|
|-weather|RainDance|[upkeep]
|-heal|p1a: Gliscor|20/100 tox|[from] ability: Poison Heal
|upkeep
|turn|18
|
|t:|1748374246
|move|p2a: Terrakion|Close Combat|p1a: Gliscor
|-resisted|p1a: Gliscor
|-damage|p1a: Gliscor|0 fnt
|-unboost|p2a: Terrakion|def|1
|-unboost|p2a: Terrakion|spd|1
|faint|p1a: Gliscor
|-damage|p2a: Terrakion|65/100|[from] item: Life Orb
|
|-weather|RainDance|[upkeep]
|upkeep
|
|t:|1748374249
|switch|p1a: Gyarados|Gyarados, F|100/100
|-damage|p1a: Gyarados|75/100|[from] Stealth Rock
|-ability|p1a: Gyarados|Intimidate|boost
|-unboost|p2a: Terrakion|atk|1
|turn|19
|
|t:|1748374253
|move|p2a: Terrakion|Stone Edge|p1a: Gyarados
|-supereffective|p1a: Gyarados
|-crit|p1a: Gyarados
|-damage|p1a: Gyarados|0 fnt
|faint|p1a: Gyarados
|-damage|p2a: Terrakion|55/100|[from] item: Life Orb
|
|-weather|RainDance|[upkeep]
|upkeep
|-message|luponyero forfeited.
|
|win|Primary Trout
|raw|luponyero's rating: 1334 &rarr; <strong>1320</strong><br />(-14 for losing)
|raw|Primary Trout's rating: 1446 &rarr; <strong>1460</strong><br />(+14 for winning)
|l|☆luponyero
|player|p1|
