|j|☆picocat
|j|☆CertamenMeum
|t:|1731074327
|gametype|singles
|player|p1|picocat|musician|1367
|player|p2|CertamenMeum|fisherman-gen4|1474
|teamsize|p1|6
|teamsize|p2|6
|gen|5
|tier|[Gen 5] OU
|rated|
|rule|Species Clause: Limit one of each Pokémon
|rule|OHKO Clause: OHKO moves are banned
|rule|Moody Clause: Moody is banned
|rule|Evasion Items Clause: Evasion items are banned
|rule|Evasion Moves Clause: Evasion moves are banned
|rule|Endless Battle Clause: Forcing endless battles is banned
|rule|HP Percentage Mod: HP is shown in percentages
|rule|Evasion Abilities Clause: Evasion abilities are banned
|rule|Sleep Moves Clause: Sleep-inducing moves are banned
|rule|Swagger Clause: Swagger is banned
|rule|Baton Pass Stat Clause: No Baton Passer may have a way to boost its stats
|clearpoke
|poke|p1|Tyranitar, F|item
|poke|p1|Reuniclus, F|item
|poke|p1|Clefable, F|item
|poke|p1|Skarmory, F|item
|poke|p1|Latias, F|item
|poke|p1|Gliscor, M|item
|poke|p2|Forretress, F|item
|poke|p2|Dragonite, M|item
|poke|p2|Scizor, F|item
|poke|p2|Rotom-Wash|item
|poke|p2|Ferrothorn, M|item
|poke|p2|Landorus-Therian, M|item
|teampreview
|inactive|Battle timer is ON: inactive players will automatically lose when time's up. (requested by CertamenMeum)
|
|t:|1731074339
|start
|switch|p1a: Tyranitar|Tyranitar, F|100/100
|switch|p2a: フォレトス|Forretress, F, shiny|100/100
|-weather|Sandstorm|[from] ability: Sand Stream|[of] p1a: Tyranitar
|turn|1
|
|t:|1731074351
|switch|p1a: Gliscor|Gliscor, M|100/100
|move|p2a: フォレトス|Stealth Rock|p1a: Gliscor
|-sidestart|p1: picocat|move: Stealth Rock
|
|-weather|Sandstorm|[upkeep]
|-status|p1a: Gliscor|tox|[from] item: Toxic Orb
|upkeep
|turn|2
|
|t:|1731074359
|move|p1a: Gliscor|Taunt|p2a: フォレトス
|-start|p2a: フォレトス|move: Taunt
|cant|p2a: フォレトス|move: Taunt|Spikes
|
|-weather|Sandstorm|[upkeep]
|upkeep
|turn|3
|
|t:|1731074365
|switch|p2a: ロトム|Rotom-Wash, shiny|100/100
|move|p1a: Gliscor|Earthquake|p2a: ロトム
|-immune|p2a: ロトム|[from] ability: Levitate
|
|-weather|Sandstorm|[upkeep]
|-damage|p2a: ロトム|94/100|[from] Sandstorm
|upkeep
|turn|4
|
|t:|1731074376
|move|p1a: Gliscor|Protect|p1a: Gliscor
|-singleturn|p1a: Gliscor|Protect
|move|p2a: ロトム|Hydro Pump|p1a: Gliscor
|-activate|p1a: Gliscor|move: Protect
|
|-weather|Sandstorm|[upkeep]
|-damage|p2a: ロトム|88/100|[from] Sandstorm
|upkeep
|turn|5
|
|t:|1731074386
|switch|p2a: ランドロス|Landorus-Therian, M|100/100
|-ability|p2a: ランドロス|Intimidate|boost
|-unboost|p1a: Gliscor|atk|1
|switch|p1a: Clefable|Clefable, F|100/100
|
|-weather|Sandstorm|[upkeep]
|upkeep
|turn|6
|
|t:|1731074396
|move|p2a: ランドロス|U-turn|p1a: Clefable
|-damage|p1a: Clefable|69/100
|
|t:|1731074403
|switch|p2a: フォレトス|Forretress, F, shiny|100/100|[from] U-turn
|move|p1a: Clefable|Ice Beam|p2a: フォレトス
|-resisted|p2a: フォレトス
|-crit|p2a: フォレトス
|-damage|p2a: フォレトス|75/100
|
|-weather|Sandstorm|[upkeep]
|-heal|p1a: Clefable|75/100|[from] item: Leftovers
|upkeep
|turn|7
|
|t:|1731074414
|move|p1a: Clefable|Knock Off|p2a: フォレトス
|-resisted|p2a: フォレトス
|-crit|p2a: フォレトス
|-damage|p2a: フォレトス|73/100
|-enditem|p2a: フォレトス|Custap Berry|[from] move: Knock Off|[of] p1a: Clefable
|move|p2a: フォレトス|Spikes|p1a: Clefable
|-sidestart|p1: picocat|Spikes
|
|-weather|Sandstorm|[upkeep]
|-heal|p1a: Clefable|81/100|[from] item: Leftovers
|upkeep
|turn|8
|
|t:|1731074422
|switch|p1a: Gliscor|Gliscor, M|100/100 tox
|-damage|p1a: Gliscor|88/100 tox|[from] Stealth Rock
|move|p2a: フォレトス|Spikes|p1a: Gliscor
|-sidestart|p1: picocat|Spikes
|
|-weather|Sandstorm|[upkeep]
|-heal|p1a: Gliscor|100/100 tox|[from] ability: Poison Heal
|upkeep
|turn|9
|
|t:|1731074441
|move|p1a: Gliscor|Stealth Rock|p2a: フォレトス
|-sidestart|p2: CertamenMeum|move: Stealth Rock
|move|p2a: フォレトス|Explosion|p1a: Gliscor
|-damage|p1a: Gliscor|53/100 tox
|faint|p2a: フォレトス
|
|-weather|Sandstorm|[upkeep]
|-heal|p1a: Gliscor|66/100 tox|[from] ability: Poison Heal
|upkeep
|
|t:|1731074449
|switch|p2a: ロトム|Rotom-Wash, shiny|88/100
|-damage|p2a: ロトム|76/100|[from] Stealth Rock
|turn|10
|
|t:|1731074453
|move|p1a: Gliscor|Protect|p1a: Gliscor
|-singleturn|p1a: Gliscor|Protect
|move|p2a: ロトム|Hydro Pump|p1a: Gliscor
|-activate|p1a: Gliscor|move: Protect
|
|-weather|Sandstorm|[upkeep]
|-damage|p2a: ロトム|70/100|[from] Sandstorm
|-heal|p1a: Gliscor|78/100 tox|[from] ability: Poison Heal
|upkeep
|turn|11
|
|t:|1731074473
|move|p2a: ロトム|Hydro Pump|p1a: Gliscor
|-supereffective|p1a: Gliscor
|-crit|p1a: Gliscor
|-damage|p1a: Gliscor|0 fnt
|faint|p1a: Gliscor
|
|-weather|Sandstorm|[upkeep]
|-damage|p2a: ロトム|63/100|[from] Sandstorm
|upkeep
|
|t:|1731074483
|switch|p1a: Latias|Latias, F|100/100
|-damage|p1a: Latias|88/100|[from] Stealth Rock
|turn|12
|
|t:|1731074492
|switch|p2a: ランドロス|Landorus-Therian, M|100/100
|-damage|p2a: ランドロス|88/100|[from] Stealth Rock
|-ability|p2a: ランドロス|Intimidate|boost
|-unboost|p1a: Latias|atk|1
|move|p1a: Latias|Thunder Wave|p2a: ランドロス
|-immune|p2a: ランドロス
|
|-weather|Sandstorm|[upkeep]
|-damage|p1a: Latias|82/100|[from] Sandstorm
|upkeep
|turn|13
|
|t:|1731074502
|switch|p1a: Skarmory|Skarmory, F|100/100
|-damage|p1a: Skarmory|88/100|[from] Stealth Rock
|move|p2a: ランドロス|U-turn|p1a: Skarmory
|-resisted|p1a: Skarmory
|-damage|p1a: Skarmory|83/100
|-damage|p2a: ランドロス|72/100|[from] item: Rocky Helmet|[of] p1a: Skarmory
|
|t:|1731074507
|switch|p2a: ロトム|Rotom-Wash, shiny|63/100|[from] U-turn
|-damage|p2a: ロトム|51/100|[from] Stealth Rock
|
|-weather|Sandstorm|[upkeep]
|-damage|p2a: ロトム|45/100|[from] Sandstorm
|upkeep
|turn|14
|
|t:|1731074518
|switch|p1a: Clefable|Clefable, F|81/100
|move|p2a: ロトム|Volt Switch|p1a: Clefable
|-damage|p1a: Clefable|48/100
|
|t:|1731074524
|switch|p2a: ハッサム|Scizor, F|100/100|[from] Volt Switch
|-damage|p2a: ハッサム|88/100|[from] Stealth Rock
|
|-weather|Sandstorm|[upkeep]
|-heal|p1a: Clefable|54/100|[from] item: Leftovers
|upkeep
|turn|15
|
|t:|1731074539
|switch|p1a: Skarmory|Skarmory, F|83/100
|-damage|p1a: Skarmory|71/100|[from] Stealth Rock
|move|p2a: ハッサム|U-turn|p1a: Skarmory
|-resisted|p1a: Skarmory
|-damage|p1a: Skarmory|59/100
|-damage|p2a: ハッサム|71/100|[from] item: Rocky Helmet|[of] p1a: Skarmory
|
|t:|1731074544
|switch|p2a: ロトム|Rotom-Wash, shiny|45/100|[from] U-turn
|-damage|p2a: ロトム|32/100|[from] Stealth Rock
|
|-weather|Sandstorm|[upkeep]
|-damage|p2a: ロトム|26/100|[from] Sandstorm
|upkeep
|turn|16
|
|t:|1731074560
|switch|p1a: Tyranitar|Tyranitar, F|100/100
|-damage|p1a: Tyranitar|88/100|[from] Stealth Rock
|-damage|p1a: Tyranitar|71/100|[from] Spikes
|move|p2a: ロトム|Volt Switch|p1a: Tyranitar
|-damage|p1a: Tyranitar|48/100
|
|t:|1731074572
|switch|p2a: ランドロス|Landorus-Therian, M|72/100|[from] Volt Switch
|-damage|p2a: ランドロス|59/100|[from] Stealth Rock
|-ability|p2a: ランドロス|Intimidate|boost
|-unboost|p1a: Tyranitar|atk|1
|
|-weather|Sandstorm|[upkeep]
|upkeep
|turn|17
|
|t:|1731074586
|move|p2a: ランドロス|U-turn|p1a: Tyranitar
|-supereffective|p1a: Tyranitar
|-damage|p1a: Tyranitar|5/100
|
|t:|1731074593
|switch|p2a: ナットレイ|Ferrothorn, M|100/100|[from] U-turn
|-damage|p2a: ナットレイ|94/100|[from] Stealth Rock
|move|p1a: Tyranitar|Crunch|p2a: ナットレイ
|-resisted|p2a: ナットレイ
|-damage|p2a: ナットレイ|84/100
|-damage|p1a: Tyranitar|0 fnt|[from] ability: Iron Barbs|[of] p2a: ナットレイ
|faint|p1a: Tyranitar
|
|-weather|Sandstorm|[upkeep]
|-heal|p2a: ナットレイ|90/100|[from] item: Leftovers
|upkeep
|
|t:|1731074610
|switch|p1a: Skarmory|Skarmory, F|59/100
|-damage|p1a: Skarmory|47/100|[from] Stealth Rock
|turn|18
|
|t:|1731074617
|move|p1a: Skarmory|Spikes|p2a: ナットレイ
|-sidestart|p2: CertamenMeum|Spikes
|move|p2a: ナットレイ|Leech Seed|p1a: Skarmory
|-start|p1a: Skarmory|move: Leech Seed
|
|-weather|Sandstorm|[upkeep]
|-heal|p2a: ナットレイ|97/100|[from] item: Leftovers
|-damage|p1a: Skarmory|34/100|[from] Leech Seed|[of] p2a: ナットレイ
|-heal|p2a: ナットレイ|100/100|[silent]
|upkeep
|turn|19
|
|t:|1731074626
|switch|p2a: ロトム|Rotom-Wash, shiny|26/100
|-damage|p2a: ロトム|14/100|[from] Stealth Rock
|move|p1a: Skarmory|Roost|p1a: Skarmory
|-heal|p1a: Skarmory|84/100
|-singleturn|p1a: Skarmory|move: Roost
|
|-weather|Sandstorm|[upkeep]
|-damage|p2a: ロトム|8/100|[from] Sandstorm
|-damage|p1a: Skarmory|72/100|[from] Leech Seed|[of] p2a: ロトム
|-heal|p2a: ロトム|24/100|[silent]
|upkeep
|turn|20
|
|t:|1731074639
|switch|p1a: Reuniclus|Reuniclus, F|100/100
|move|p2a: ロトム|Volt Switch|p1a: Reuniclus
|-crit|p1a: Reuniclus
|-damage|p1a: Reuniclus|9/100
|
|t:|1731074645
|switch|p2a: ハッサム|Scizor, F|71/100|[from] Volt Switch
|-damage|p2a: ハッサム|59/100|[from] Stealth Rock
|-damage|p2a: ハッサム|47/100|[from] Spikes
|
|-weather|Sandstorm|[upkeep]
|-heal|p1a: Reuniclus|15/100|[from] item: Leftovers
|upkeep
|turn|21
|
|t:|1731074655
|move|p2a: ハッサム|Pursuit|p1a: Reuniclus
|-supereffective|p1a: Reuniclus
|-damage|p1a: Reuniclus|0 fnt
|faint|p1a: Reuniclus
|
|-weather|Sandstorm|[upkeep]
|upkeep
|
|t:|1731074667
|switch|p1a: Skarmory|Skarmory, F|72/100
|-damage|p1a: Skarmory|60/100|[from] Stealth Rock
|turn|22
|
|t:|1731074680
|switch|p2a: ロトム|Rotom-Wash, shiny|24/100
|-damage|p2a: ロトム|12/100|[from] Stealth Rock
|move|p1a: Skarmory|Whirlwind|p2a: ロトム
|drag|p2a: ハッサム|Scizor, F|47/100
|-damage|p2a: ハッサム|34/100|[from] Stealth Rock
|-damage|p2a: ハッサム|22/100|[from] Spikes
|
|-weather|Sandstorm|[upkeep]
|upkeep
|turn|23
|
|t:|1731074689
|move|p2a: ハッサム|Superpower|p1a: Skarmory
|-damage|p1a: Skarmory|12/100
|-unboost|p2a: ハッサム|atk|1
|-unboost|p2a: ハッサム|def|1
|-damage|p2a: ハッサム|5/100|[from] item: Rocky Helmet|[of] p1a: Skarmory
|move|p1a: Skarmory|Roost|p1a: Skarmory
|-heal|p1a: Skarmory|62/100
|-singleturn|p1a: Skarmory|move: Roost
|
|-weather|Sandstorm|[upkeep]
|upkeep
|turn|24
|
|t:|1731074702
|switch|p2a: ランドロス|Landorus-Therian, M|59/100
|-damage|p2a: ランドロス|47/100|[from] Stealth Rock
|-ability|p2a: ランドロス|Intimidate|boost
|-unboost|p1a: Skarmory|atk|1
|move|p1a: Skarmory|Roost|p1a: Skarmory
|-heal|p1a: Skarmory|100/100
|-singleturn|p1a: Skarmory|move: Roost
|
|-weather|Sandstorm|[upkeep]
|upkeep
|turn|25
|
|t:|1731074715
|move|p2a: ランドロス|U-turn|p1a: Skarmory
|-resisted|p1a: Skarmory
|-damage|p1a: Skarmory|96/100
|-damage|p2a: ランドロス|31/100|[from] item: Rocky Helmet|[of] p1a: Skarmory
|
|t:|1731074725
|switch|p2a: ナットレイ|Ferrothorn, M|100/100|[from] U-turn
|-damage|p2a: ナットレイ|94/100|[from] Stealth Rock
|-damage|p2a: ナットレイ|82/100|[from] Spikes
|move|p1a: Skarmory|Spikes|p2a: ナットレイ
|-sidestart|p2: CertamenMeum|Spikes
|
|-weather|Sandstorm|[upkeep]
|-heal|p2a: ナットレイ|88/100|[from] item: Leftovers
|upkeep
|turn|26
|
|t:|1731074751
|move|p2a: ナットレイ|Leech Seed|p1a: Skarmory
|-start|p1a: Skarmory|move: Leech Seed
|move|p1a: Skarmory|Whirlwind|p2a: ナットレイ
|drag|p2a: カイリュー|Dragonite, M|100/100
|-damage|p2a: カイリュー|76/100|[from] Stealth Rock
|
|-weather|Sandstorm|[upkeep]
|-damage|p2a: カイリュー|70/100|[from] Sandstorm
|-damage|p1a: Skarmory|84/100|[from] Leech Seed|[of] p2a: カイリュー
|-heal|p2a: カイリュー|82/100|[silent]
|upkeep
|turn|27
|
|t:|1731074766
|move|p2a: カイリュー|Dragon Dance|p2a: カイリュー
|-boost|p2a: カイリュー|atk|1
|-boost|p2a: カイリュー|spe|1
|move|p1a: Skarmory|Whirlwind|p2a: カイリュー
|drag|p2a: ランドロス|Landorus-Therian, M|31/100
|-damage|p2a: ランドロス|18/100|[from] Stealth Rock
|-ability|p2a: ランドロス|Intimidate|boost
|-unboost|p1a: Skarmory|atk|1
|
|-weather|Sandstorm|[upkeep]
|-damage|p1a: Skarmory|71/100|[from] Leech Seed|[of] p2a: ランドロス
|-heal|p2a: ランドロス|31/100|[silent]
|upkeep
|turn|28
|
|t:|1731074789
|switch|p1a: Clefable|Clefable, F|54/100
|move|p2a: ランドロス|U-turn|p1a: Clefable
|-damage|p1a: Clefable|24/100
|
|t:|1731074800
|switch|p2a: カイリュー|Dragonite, M|82/100|[from] U-turn
|-damage|p2a: カイリュー|57/100|[from] Stealth Rock
|
|-weather|Sandstorm|[upkeep]
|-damage|p2a: カイリュー|51/100|[from] Sandstorm
|-heal|p1a: Clefable|30/100|[from] item: Leftovers
|upkeep
|turn|29
|
|t:|1731074807
|move|p2a: カイリュー|Dragon Dance|p2a: カイリュー
|-boost|p2a: カイリュー|atk|1
|-boost|p2a: カイリュー|spe|1
|move|p1a: Clefable|Ice Beam|p2a: カイリュー
|-supereffective|p2a: カイリュー
|-damage|p2a: カイリュー|0 fnt
|faint|p2a: カイリュー
|
|-weather|Sandstorm|[upkeep]
|-heal|p1a: Clefable|36/100|[from] item: Leftovers
|upkeep
|
|t:|1731074814
|switch|p2a: ランドロス|Landorus-Therian, M|31/100
|-damage|p2a: ランドロス|19/100|[from] Stealth Rock
|-ability|p2a: ランドロス|Intimidate|boost
|-unboost|p1a: Clefable|atk|1
|turn|30
|
|t:|1731074821
|switch|p1a: Skarmory|Skarmory, F|71/100
|-damage|p1a: Skarmory|59/100|[from] Stealth Rock
|move|p2a: ランドロス|Superpower|p1a: Skarmory
|-damage|p1a: Skarmory|23/100
|-unboost|p2a: ランドロス|atk|1
|-unboost|p2a: ランドロス|def|1
|-damage|p2a: ランドロス|2/100|[from] item: Rocky Helmet|[of] p1a: Skarmory
|
|-weather|Sandstorm|[upkeep]
|upkeep
|turn|31
|inactive|picocat has 120 seconds left.
|
|t:|1731074857
|switch|p2a: ロトム|Rotom-Wash, shiny|12/100
|-damage|p2a: ロトム|0 fnt|[from] Stealth Rock
|faint|p2a: ロトム
|switch|p1a: Latias|Latias, F|82/100
|-damage|p1a: Latias|70/100|[from] Stealth Rock
|
|-weather|Sandstorm|[upkeep]
|-damage|p1a: Latias|64/100|[from] Sandstorm
|upkeep
|
|t:|1731074862
|switch|p2a: ハッサム|Scizor, F|5/100
|-damage|p2a: ハッサム|0 fnt|[from] Stealth Rock
|faint|p2a: ハッサム
|
|t:|1731074864
|switch|p2a: ランドロス|Landorus-Therian, M|2/100
|-damage|p2a: ランドロス|0 fnt|[from] Stealth Rock
|faint|p2a: ランドロス
|
|t:|1731074866
|switch|p2a: ナットレイ|Ferrothorn, M|88/100
|-damage|p2a: ナットレイ|82/100|[from] Stealth Rock
|-damage|p2a: ナットレイ|65/100|[from] Spikes
|turn|32
|
|t:|1731074880
|move|p1a: Latias|Thunder Wave|p2a: ナットレイ
|-status|p2a: ナットレイ|par
|move|p2a: ナットレイ|Leech Seed|p1a: Latias
|-start|p1a: Latias|move: Leech Seed
|
|-weather|Sandstorm|[upkeep]
|-damage|p1a: Latias|58/100|[from] Sandstorm
|-heal|p2a: ナットレイ|72/100 par|[from] item: Leftovers
|-damage|p1a: Latias|46/100|[from] Leech Seed|[of] p2a: ナットレイ
|-heal|p2a: ナットレイ|82/100 par|[silent]
|upkeep
|turn|33
|
|t:|1731074890
|switch|p1a: Clefable|Clefable, F|36/100
|move|p2a: ナットレイ|Curse|p2a: ナットレイ
|-unboost|p2a: ナットレイ|spe|1
|-boost|p2a: ナットレイ|atk|1
|-boost|p2a: ナットレイ|def|1
|
|-weather|Sandstorm|[upkeep]
|-heal|p1a: Clefable|42/100|[from] item: Leftovers
|-heal|p2a: ナットレイ|88/100 par|[from] item: Leftovers
|upkeep
|turn|34
|
|t:|1731074901
|move|p1a: Clefable|Soft-Boiled|p1a: Clefable
|-heal|p1a: Clefable|92/100
|move|p2a: ナットレイ|Gyro Ball|p1a: Clefable
|-damage|p1a: Clefable|4/100
|
|-weather|Sandstorm|[upkeep]
|-heal|p1a: Clefable|10/100|[from] item: Leftovers
|-heal|p2a: ナットレイ|95/100 par|[from] item: Leftovers
|upkeep
|turn|35
|
|t:|1731074914
|move|p1a: Clefable|Knock Off|p2a: ナットレイ
|-resisted|p2a: ナットレイ
|-damage|p2a: ナットレイ|94/100 par
|-enditem|p2a: ナットレイ|Leftovers|[from] move: Knock Off|[of] p1a: Clefable
|move|p2a: ナットレイ|Curse|p2a: ナットレイ
|-unboost|p2a: ナットレイ|spe|1
|-boost|p2a: ナットレイ|atk|1
|-boost|p2a: ナットレイ|def|1
|
|-weather|Sandstorm|[upkeep]
|-heal|p1a: Clefable|16/100|[from] item: Leftovers
|upkeep
|turn|36
|
|t:|1731074926
|move|p1a: Clefable|Ice Beam|p2a: ナットレイ
|-damage|p2a: ナットレイ|82/100 par
|cant|p2a: ナットレイ|par
|
|-weather|Sandstorm|[upkeep]
|-heal|p1a: Clefable|22/100|[from] item: Leftovers
|upkeep
|turn|37
|
|t:|1731074932
|move|p1a: Clefable|Ice Beam|p2a: ナットレイ
|-damage|p2a: ナットレイ|70/100 par
|move|p2a: ナットレイ|Curse|p2a: ナットレイ
|-unboost|p2a: ナットレイ|spe|1
|-boost|p2a: ナットレイ|atk|1
|-boost|p2a: ナットレイ|def|1
|
|-weather|Sandstorm|[upkeep]
|-heal|p1a: Clefable|28/100|[from] item: Leftovers
|upkeep
|turn|38
|
|t:|1731074940
|move|p1a: Clefable|Ice Beam|p2a: ナットレイ
|-damage|p2a: ナットレイ|57/100 par
|move|p2a: ナットレイ|Gyro Ball|p1a: Clefable
|-damage|p1a: Clefable|0 fnt
|faint|p1a: Clefable
|
|-weather|Sandstorm|[upkeep]
|upkeep
|
|t:|1731074953
|switch|p1a: Latias|Latias, F|46/100
|-damage|p1a: Latias|34/100|[from] Stealth Rock
|turn|39
|
|t:|1731074958
|move|p1a: Latias|Draco Meteor|p2a: ナットレイ
|-resisted|p2a: ナットレイ
|-damage|p2a: ナットレイ|37/100 par
|-unboost|p1a: Latias|spa|2
|move|p2a: ナットレイ|Leech Seed|p1a: Latias|[miss]
|-miss|p2a: ナットレイ|p1a: Latias
|
|-weather|Sandstorm|[upkeep]
|-damage|p1a: Latias|28/100|[from] Sandstorm
|upkeep
|turn|40
|
|t:|1731074968
|switch|p1a: Skarmory|Skarmory, F|23/100
|-damage|p1a: Skarmory|11/100|[from] Stealth Rock
|cant|p2a: ナットレイ|par
|
|-weather|Sandstorm|[upkeep]
|upkeep
|turn|41
|
|t:|1731074975
|move|p1a: Skarmory|Roost|p1a: Skarmory
|-heal|p1a: Skarmory|61/100
|-singleturn|p1a: Skarmory|move: Roost
|move|p2a: ナットレイ|Leech Seed|p1a: Skarmory
|-start|p1a: Skarmory|move: Leech Seed
|
|-weather|Sandstorm|[upkeep]
|-damage|p1a: Skarmory|49/100|[from] Leech Seed|[of] p2a: ナットレイ
|-heal|p2a: ナットレイ|49/100 par|[silent]
|upkeep
|turn|42
|
|t:|1731074988
|switch|p1a: Latias|Latias, F|28/100
|-damage|p1a: Latias|15/100|[from] Stealth Rock
|move|p2a: ナットレイ|Leech Seed|p1a: Latias
|-start|p1a: Latias|move: Leech Seed
|
|-weather|Sandstorm|[upkeep]
|-damage|p1a: Latias|9/100|[from] Sandstorm
|-damage|p1a: Latias|0 fnt|[from] Leech Seed|[of] p2a: ナットレイ
|-heal|p2a: ナットレイ|57/100 par|[silent]
|faint|p1a: Latias
|upkeep
|
|t:|1731074999
|switch|p1a: Skarmory|Skarmory, F|49/100
|-damage|p1a: Skarmory|36/100|[from] Stealth Rock
|turn|43
|-message|picocat forfeited.
|
|win|CertamenMeum
|raw|picocat's rating: 1367 &rarr; <strong>1353</strong><br />(-14 for losing)
|raw|CertamenMeum's rating: 1474 &rarr; <strong>1488</strong><br />(+14 for winning)
|l|☆picocat
|player|p1|
