|j|☆chomp29
|j|☆Clawdia Chauchat
|t:|1738498323
|gametype|singles
|player|p1|chomp29|lucas|1511
|player|p2|Clawdia Chauchat|winona|1386
|teamsize|p1|6
|teamsize|p2|6
|gen|5
|tier|[Gen 5] OU
|rated|
|rule|Species Clause: Limit one of each Pokémon
|rule|OHKO Clause: OHKO moves are banned
|rule|Moody Clause: Moody is banned
|rule|Evasion Items Clause: Evasion items are banned
|rule|Evasion Moves Clause: Evasion moves are banned
|rule|Endless Battle Clause: Forcing endless battles is banned
|rule|HP Percentage Mod: HP is shown in percentages
|rule|Evasion Abilities Clause: Evasion abilities are banned
|rule|Sleep Moves Clause: Sleep-inducing moves are banned
|rule|Swagger Clause: Swagger is banned
|rule|Baton Pass Stat Clause: No Baton Passer may have a way to boost its stats
|clearpoke
|poke|p1|Politoed, F|item
|poke|p1|Starmie|item
|poke|p1|Thundurus-Therian, M|item
|poke|p1|Dragonite, F|item
|poke|p1|Ferrothorn, M|item
|poke|p1|Keldeo|item
|poke|p2|Heatran, M|item
|poke|p2|Skarmory, F|item
|poke|p2|Starmie|item
|poke|p2|Jirachi|item
|poke|p2|Garchomp, M|item
|poke|p2|Jellicent, F|item
|teampreview
|c|☆chomp29|Gl
|c|☆Clawdia Chauchat|u2!
|inactive|Battle timer is ON: inactive players will automatically lose when time's up. (requested by chomp29)
|inactive|Clawdia Chauchat also wants the timer to be on.
|
|t:|1738498387
|start
|switch|p1a: Politoed|Politoed, F, shiny|100/100
|switch|p2a: Skarmory|Skarmory, F|100/100
|-weather|RainDance|[from] ability: Drizzle|[of] p1a: Politoed
|turn|1
|
|t:|1738498398
|move|p2a: Skarmory|Stealth Rock|p1a: Politoed
|-sidestart|p1: chomp29|move: Stealth Rock
|move|p1a: Politoed|Scald|p2a: Skarmory
|-ability|p2a: Skarmory|Sturdy
|-damage|p2a: Skarmory|1/100
|
|-weather|RainDance|[upkeep]
|upkeep
|turn|2
|-enditem|p2a: Skarmory|Custap Berry|[eat]
|-activate|p2a: Skarmory|item: Custap Berry|[consumed]
|
|t:|1738498402
|switch|p1a: Starmie|Starmie, shiny|100/100
|-damage|p1a: Starmie|88/100|[from] Stealth Rock
|move|p2a: Skarmory|Spikes|p1a: Starmie
|-sidestart|p1: chomp29|Spikes
|
|-weather|RainDance|[upkeep]
|upkeep
|turn|3
|
|t:|1738498407
|switch|p2a: Jellicent|Jellicent, F|100/100
|move|p1a: Starmie|Thunder|p2a: Jellicent
|-supereffective|p2a: Jellicent
|-enditem|p2a: Jellicent|Wacan Berry|[eat]
|-enditem|p2a: Jellicent|Wacan Berry|[weaken]
|-damage|p2a: Jellicent|51/100
|-damage|p1a: Starmie|78/100|[from] item: Life Orb
|
|-weather|RainDance|[upkeep]
|upkeep
|turn|4
|
|t:|1738498433
|switch|p2a: Skarmory|Skarmory, F|1/100
|move|p1a: Starmie|Thunder|p2a: Skarmory
|-supereffective|p2a: Skarmory
|-damage|p2a: Skarmory|0 fnt
|faint|p2a: Skarmory
|-damage|p1a: Starmie|68/100|[from] item: Life Orb
|
|-weather|RainDance|[upkeep]
|upkeep
|
|t:|1738498446
|switch|p2a: Garchomp|Garchomp, M|100/100
|turn|5
|
|t:|1738498450
|switch|p1a: Ferrothorn|Ferrothorn, M|100/100
|-damage|p1a: Ferrothorn|94/100|[from] Stealth Rock
|-damage|p1a: Ferrothorn|82/100|[from] Spikes
|move|p2a: Garchomp|Outrage|p1a: Ferrothorn
|-resisted|p1a: Ferrothorn
|-damage|p1a: Ferrothorn|62/100
|-damage|p2a: Garchomp|88/100|[from] ability: Iron Barbs|[of] p1a: Ferrothorn
|
|-weather|RainDance|[upkeep]
|-heal|p1a: Ferrothorn|68/100|[from] item: Leftovers
|upkeep
|turn|6
|
|t:|1738498464
|move|p2a: Garchomp|Outrage|p1a: Ferrothorn|[from] lockedmove
|-resisted|p1a: Ferrothorn
|-damage|p1a: Ferrothorn|50/100
|-damage|p2a: Garchomp|76/100|[from] ability: Iron Barbs|[of] p1a: Ferrothorn
|-start|p2a: Garchomp|confusion|[fatigue]
|move|p1a: Ferrothorn|Leech Seed|p2a: Garchomp
|-start|p2a: Garchomp|move: Leech Seed
|
|-weather|RainDance|[upkeep]
|-heal|p1a: Ferrothorn|56/100|[from] item: Leftovers
|-damage|p2a: Garchomp|64/100|[from] Leech Seed|[of] p1a: Ferrothorn
|-heal|p1a: Ferrothorn|69/100|[silent]
|upkeep
|turn|7
|
|t:|1738498489
|switch|p2a: Heatran|Heatran, M|100/100
|move|p1a: Ferrothorn|Leech Seed|p2a: Heatran
|-start|p2a: Heatran|move: Leech Seed
|
|-weather|RainDance|[upkeep]
|-heal|p1a: Ferrothorn|75/100|[from] item: Leftovers
|-damage|p2a: Heatran|88/100|[from] Leech Seed|[of] p1a: Ferrothorn
|-heal|p1a: Ferrothorn|89/100|[silent]
|upkeep
|turn|8
|
|t:|1738498502
|switch|p2a: Jirachi|Jirachi|100/100
|switch|p1a: Politoed|Politoed, F, shiny|100/100
|-damage|p1a: Politoed|88/100|[from] Stealth Rock
|-damage|p1a: Politoed|76/100|[from] Spikes
|
|-weather|RainDance|[upkeep]
|upkeep
|turn|9
|
|t:|1738498518
|switch|p1a: Thundurus|Thundurus-Therian, M|100/100
|-damage|p1a: Thundurus|76/100|[from] Stealth Rock
|move|p2a: Jirachi|U-turn|p1a: Thundurus
|-resisted|p1a: Thundurus
|-damage|p1a: Thundurus|61/100
|
|t:|1738498521
|switch|p2a: Starmie|Starmie|100/100|[from] U-turn
|
|-weather|RainDance|[upkeep]
|upkeep
|turn|10
|
|t:|1738498529
|switch|p1a: Ferrothorn|Ferrothorn, M|89/100
|-damage|p1a: Ferrothorn|83/100|[from] Stealth Rock
|-damage|p1a: Ferrothorn|70/100|[from] Spikes
|move|p2a: Starmie|Surf|p1a: Ferrothorn
|-resisted|p1a: Ferrothorn
|-damage|p1a: Ferrothorn|29/100
|-damage|p2a: Starmie|91/100|[from] item: Life Orb
|
|-weather|RainDance|[upkeep]
|-heal|p1a: Ferrothorn|35/100|[from] item: Leftovers
|upkeep
|turn|11
|inactive|Clawdia Chauchat has 120 seconds left.
|
|t:|1738498565
|move|p2a: Starmie|Ice Beam|p1a: Ferrothorn
|-damage|p1a: Ferrothorn|9/100
|-damage|p2a: Starmie|81/100|[from] item: Life Orb
|move|p1a: Ferrothorn|Spikes|p2a: Starmie
|-sidestart|p2: Clawdia Chauchat|Spikes
|
|-weather|RainDance|[upkeep]
|-heal|p1a: Ferrothorn|15/100|[from] item: Leftovers
|upkeep
|turn|12
|
|t:|1738498570
|move|p2a: Starmie|Ice Beam|p1a: Ferrothorn
|-damage|p1a: Ferrothorn|0 fnt
|faint|p1a: Ferrothorn
|-damage|p2a: Starmie|71/100|[from] item: Life Orb
|
|-weather|RainDance|[upkeep]
|upkeep
|
|t:|1738498582
|switch|p1a: Keldeo|Keldeo|100/100
|-damage|p1a: Keldeo|94/100|[from] Stealth Rock
|-damage|p1a: Keldeo|82/100|[from] Spikes
|turn|13
|
|t:|1738498586
|move|p1a: Keldeo|Hydro Pump|p2a: Starmie
|-resisted|p2a: Starmie
|-damage|p2a: Starmie|0 fnt
|faint|p2a: Starmie
|
|-weather|RainDance|[upkeep]
|upkeep
|
|t:|1738498588
|switch|p2a: Jellicent|Jellicent, F|51/100
|-damage|p2a: Jellicent|39/100|[from] Spikes
|turn|14
|
|t:|1738498597
|switch|p1a: Starmie|Starmie, shiny|68/100
|-damage|p1a: Starmie|56/100|[from] Stealth Rock
|-damage|p1a: Starmie|44/100|[from] Spikes
|move|p2a: Jellicent|Will-O-Wisp|p1a: Starmie
|-status|p1a: Starmie|brn
|
|-weather|RainDance|[upkeep]
|-damage|p1a: Starmie|32/100 brn|[from] brn
|upkeep
|turn|15
|
|t:|1738498613
|move|p1a: Starmie|Thunder|p2a: Jellicent
|-supereffective|p2a: Jellicent
|-damage|p2a: Jellicent|0 fnt
|faint|p2a: Jellicent
|-damage|p1a: Starmie|22/100 brn|[from] item: Life Orb
|
|-weather|RainDance|[upkeep]
|-damage|p1a: Starmie|9/100 brn|[from] brn
|upkeep
|
|t:|1738498615
|switch|p2a: Garchomp|Garchomp, M|64/100
|-damage|p2a: Garchomp|51/100|[from] Spikes
|turn|16
|
|t:|1738498619
|move|p2a: Garchomp|Outrage|p1a: Starmie
|-damage|p1a: Starmie|0 fnt
|faint|p1a: Starmie
|
|-weather|RainDance|[upkeep]
|upkeep
|inactive|chomp29 has 120 seconds left.
|inactive|chomp29 has 90 seconds left.
|
|t:|1738498681
|switch|p1a: Keldeo|Keldeo|82/100
|-damage|p1a: Keldeo|76/100|[from] Stealth Rock
|-damage|p1a: Keldeo|64/100|[from] Spikes
|turn|17
|
|t:|1738498684
|move|p2a: Garchomp|Outrage|p1a: Keldeo|[from] lockedmove
|-damage|p1a: Keldeo|3/100
|-start|p2a: Garchomp|confusion|[fatigue]
|move|p1a: Keldeo|Surf|p2a: Garchomp
|-damage|p2a: Garchomp|0 fnt
|faint|p2a: Garchomp
|
|-weather|RainDance|[upkeep]
|upkeep
|
|t:|1738498687
|switch|p2a: Jirachi|Jirachi|100/100
|-damage|p2a: Jirachi|88/100|[from] Spikes
|turn|18
|
|t:|1738498691
|move|p2a: Jirachi|Iron Head|p1a: Keldeo
|-resisted|p1a: Keldeo
|-damage|p1a: Keldeo|0 fnt
|faint|p1a: Keldeo
|
|-weather|RainDance|[upkeep]
|upkeep
|inactive|chomp29 has 90 seconds left.
|inactive|chomp29 has 60 seconds left.
|
|t:|1738498763
|switch|p1a: Politoed|Politoed, F, shiny|76/100
|-damage|p1a: Politoed|64/100|[from] Stealth Rock
|-damage|p1a: Politoed|51/100|[from] Spikes
|turn|19
|
|t:|1738498787
|switch|p2a: Heatran|Heatran, M|88/100
|-damage|p2a: Heatran|76/100|[from] Spikes
|move|p1a: Politoed|Hydro Pump|p2a: Heatran
|-supereffective|p2a: Heatran
|-damage|p2a: Heatran|0 fnt
|faint|p2a: Heatran
|
|-weather|RainDance|[upkeep]
|upkeep
|
|t:|1738498788
|switch|p2a: Jirachi|Jirachi|88/100
|-damage|p2a: Jirachi|76/100|[from] Spikes
|turn|20
|
|t:|1738498796
|move|p2a: Jirachi|Iron Head|p1a: Politoed
|-resisted|p1a: Politoed
|-damage|p1a: Politoed|33/100
|cant|p1a: Politoed|flinch
|
|-weather|RainDance|[upkeep]
|upkeep
|turn|21
|
|t:|1738498816
|move|p2a: Jirachi|Iron Head|p1a: Politoed
|-resisted|p1a: Politoed
|-damage|p1a: Politoed|15/100
|move|p1a: Politoed|Hydro Pump|p2a: Jirachi
|-damage|p2a: Jirachi|0 fnt
|faint|p2a: Jirachi
|
|win|chomp29
|raw|chomp29's rating: 1511 &rarr; <strong>1524</strong><br />(+13 for winning)
|raw|Clawdia Chauchat's rating: 1391 &rarr; <strong>1378</strong><br />(-13 for losing)
|c|☆Clawdia Chauchat|gg
|l|☆Clawdia Chauchat
|player|p2|
|c|☆chomp29|Gg
