|j|☆spliffdiff
|j|☆lijkjlkjlkjlkjlk
|t:|1725029731
|gametype|singles
|player|p1|spliffdiff|scientist-gen4|1334
|player|p2|lijkjlkjlkjlkjlk|bugcatcher-gen4dp|1460
|teamsize|p1|6
|teamsize|p2|6
|gen|5
|tier|[Gen 5] OU
|rated|
|rule|Species Clause: Limit one of each Pokémon
|rule|OHKO Clause: OHKO moves are banned
|rule|Moody Clause: Moody is banned
|rule|Evasion Items Clause: Evasion items are banned
|rule|Evasion Moves Clause: Evasion moves are banned
|rule|Endless Battle Clause: Forcing endless battles is banned
|rule|HP Percentage Mod: HP is shown in percentages
|rule|Evasion Abilities Clause: Evasion abilities are banned
|rule|Sleep Moves Clause: Sleep-inducing moves are banned
|rule|Swagger Clause: Swagger is banned
|rule|Baton Pass Stat Clause: No Baton Passer may have a way to boost its stats
|clearpoke
|poke|p1|Terrakion|item
|poke|p1|Garchomp, F|item
|poke|p1|Keldeo-Resolute|item
|poke|p1|Conkeldurr, M|item
|poke|p1|Honchkrow, M|item
|poke|p1|Gengar, M|item
|poke|p2|Bronzong|item
|poke|p2|Porygon2|item
|poke|p2|Reuniclus, M|item
|poke|p2|Chandelure, M|item
|poke|p2|Crawdaunt, F|item
|poke|p2|Terrakion|item
|teampreview
|inactive|Battle timer is ON: inactive players will automatically lose when time's up. (requested by spliffdiff)
|c|☆spliffdiff|How about
|c|☆spliffdiff|you don’t use trick room ?
|inactive|spliffdiff has 120 seconds left.
|
|t:|1725029772
|start
|switch|p1a: Terrakion|Terrakion|100/100
|switch|p2a: Bronzong|Bronzong|100/100
|turn|1
|c|☆lijkjlkjlkjlkjlk|how about you use trick room
|c|☆lijkjlkjlkjlkjlk|then u could be 1400
|
|t:|1725029799
|move|p1a: Terrakion|Taunt|p2a: Bronzong
|-start|p2a: Bronzong|move: Taunt
|-enditem|p2a: Bronzong|Mental Herb
|-end|p2a: Bronzong|move: Taunt
|move|p2a: Bronzong|Trick Room|p2a: Bronzong
|-fieldstart|move: Trick Room|[of] p2a: Bronzong
|
|upkeep
|turn|2
|c|☆spliffdiff|How about
|inactive|spliffdiff has 120 seconds left.
|c|☆spliffdiff|you don’t take stuff so much to heart ?
|
|t:|1725029838
|move|p2a: Bronzong|Stealth Rock|p1a: Terrakion
|-sidestart|p1: spliffdiff|move: Stealth Rock
|move|p1a: Terrakion|Stealth Rock|p2a: Bronzong
|-sidestart|p2: lijkjlkjlkjlkjlk|move: Stealth Rock
|
|upkeep
|turn|3
|
|t:|1725029844
|move|p2a: Bronzong|Gyro Ball|p1a: Terrakion
|-supereffective|p1a: Terrakion
|-damage|p1a: Terrakion|17/100
|move|p1a: Terrakion|Close Combat|p2a: Bronzong
|-damage|p2a: Bronzong|56/100
|-unboost|p1a: Terrakion|def|1
|-unboost|p1a: Terrakion|spd|1
|
|upkeep
|turn|4
|
|t:|1725029856
|move|p2a: Bronzong|Gyro Ball|p1a: Terrakion
|-supereffective|p1a: Terrakion
|-damage|p1a: Terrakion|0 fnt
|faint|p1a: Terrakion
|
|upkeep
|
|t:|1725029863
|switch|p1a: Conkeldurr|Conkeldurr, M|100/100
|-damage|p1a: Conkeldurr|94/100|[from] Stealth Rock
|turn|5
|
|t:|1725029893
|move|p2a: Bronzong|Explosion|p1a: Conkeldurr
|-damage|p1a: Conkeldurr|57/100
|faint|p2a: Bronzong
|move|p1a: Conkeldurr|Drain Punch|p2: Bronzong|[notarget]
|-fail|p1a: Conkeldurr
|
|-fieldend|move: Trick Room
|upkeep
|inactive|lijkjlkjlkjlkjlk has 120 seconds left.
|
|t:|1725029909
|switch|p2a: Chandelure|Chandelure, M|100/100
|-damage|p2a: Chandelure|76/100|[from] Stealth Rock
|-item|p2a: Chandelure|Air Balloon
|turn|6
|
|t:|1725029919
|switch|p1a: Garchomp|Garchomp, F|100/100
|-damage|p1a: Garchomp|94/100|[from] Stealth Rock
|move|p2a: Chandelure|Fire Blast|p1a: Garchomp
|-resisted|p1a: Garchomp
|-damage|p1a: Garchomp|56/100
|
|upkeep
|turn|7
|inactive|lijkjlkjlkjlkjlk has 120 seconds left.
|
|t:|1725029951
|move|p1a: Garchomp|Rock Slide|p2a: Chandelure|[miss]
|-miss|p1a: Garchomp|p2a: Chandelure
|move|p2a: Chandelure|Trick Room|p2a: Chandelure
|-fieldstart|move: Trick Room|[of] p2a: Chandelure
|
|upkeep
|turn|8
|
|t:|1725029960
|switch|p2a: Porygon2|Porygon2|100/100
|-damage|p2a: Porygon2|88/100|[from] Stealth Rock
|-ability|p2a: Porygon2|Download|boost
|-boost|p2a: Porygon2|spa|1
|move|p1a: Garchomp|Rock Slide|p2a: Porygon2
|-damage|p2a: Porygon2|70/100
|
|upkeep
|turn|9
|
|t:|1725029968
|switch|p1a: Keldeo|Keldeo-Resolute|100/100
|-damage|p1a: Keldeo|94/100|[from] Stealth Rock
|move|p2a: Porygon2|Ice Beam|p1a: Keldeo
|-resisted|p1a: Keldeo
|-damage|p1a: Keldeo|71/100
|
|upkeep
|turn|10
|
|t:|1725029974
|move|p2a: Porygon2|Thunder|p1a: Keldeo
|-supereffective|p1a: Keldeo
|-damage|p1a: Keldeo|0 fnt
|faint|p1a: Keldeo
|
|upkeep
|
|t:|1725029978
|switch|p1a: Conkeldurr|Conkeldurr, M|57/100
|-damage|p1a: Conkeldurr|51/100|[from] Stealth Rock
|turn|11
|
|t:|1725029984
|switch|p2a: Chandelure|Chandelure, M|76/100
|-damage|p2a: Chandelure|51/100|[from] Stealth Rock
|-item|p2a: Chandelure|Air Balloon
|move|p1a: Conkeldurr|Ice Punch|p2a: Chandelure
|-resisted|p2a: Chandelure
|-damage|p2a: Chandelure|35/100
|-enditem|p2a: Chandelure|Air Balloon
|
|-fieldend|move: Trick Room
|upkeep
|turn|12
|
|t:|1725029997
|switch|p1a: Garchomp|Garchomp, F|56/100
|-damage|p1a: Garchomp|49/100|[from] Stealth Rock
|move|p2a: Chandelure|Fire Blast|p1a: Garchomp
|-resisted|p1a: Garchomp
|-damage|p1a: Garchomp|10/100
|
|upkeep
|turn|13
|
|t:|1725030006
|move|p1a: Garchomp|Outrage|p2a: Chandelure
|-damage|p2a: Chandelure|0 fnt
|faint|p2a: Chandelure
|
|upkeep
|
|t:|1725030009
|switch|p2a: Terrakion|Terrakion|100/100
|-damage|p2a: Terrakion|94/100|[from] Stealth Rock
|turn|14
|
|t:|1725030013
|move|p2a: Terrakion|Close Combat|p1a: Garchomp
|-damage|p1a: Garchomp|0 fnt
|-unboost|p2a: Terrakion|def|1
|-unboost|p2a: Terrakion|spd|1
|-damage|p2a: Terrakion|82/100|[from] ability: Rough Skin|[of] p1a: Garchomp
|faint|p1a: Garchomp
|
|upkeep
|
|t:|1725030025
|switch|p1a: Conkeldurr|Conkeldurr, M|51/100
|-damage|p1a: Conkeldurr|45/100|[from] Stealth Rock
|turn|15
|
|t:|1725030028
|switch|p1a: Honchkrow|Honchkrow, M|100/100
|-damage|p1a: Honchkrow|75/100|[from] Stealth Rock
|move|p2a: Terrakion|Close Combat|p1a: Honchkrow
|-damage|p1a: Honchkrow|0 fnt
|-unboost|p2a: Terrakion|def|1
|-unboost|p2a: Terrakion|spd|1
|faint|p1a: Honchkrow
|
|upkeep
|
|t:|1725030037
|switch|p1a: Conkeldurr|Conkeldurr, M|45/100
|-damage|p1a: Conkeldurr|38/100|[from] Stealth Rock
|turn|16
|
|t:|1725030039
|move|p2a: Terrakion|Close Combat|p1a: Conkeldurr
|-damage|p1a: Conkeldurr|0 fnt
|-unboost|p2a: Terrakion|def|1
|-unboost|p2a: Terrakion|spd|1
|faint|p1a: Conkeldurr
|
|upkeep
|
|t:|1725030044
|switch|p1a: Gengar|Gengar, M|100/100
|-damage|p1a: Gengar|88/100|[from] Stealth Rock
|turn|17
|
|t:|1725030050
|switch|p2a: Porygon2|Porygon2|70/100
|-damage|p2a: Porygon2|57/100|[from] Stealth Rock
|-ability|p2a: Porygon2|Download|boost
|-boost|p2a: Porygon2|atk|1
|move|p1a: Gengar|Shadow Ball|p2a: Porygon2
|-immune|p2a: Porygon2
|
|upkeep
|turn|18
|
|t:|1725030061
|move|p1a: Gengar|Thunderbolt|p2a: Porygon2
|-damage|p2a: Porygon2|37/100
|move|p2a: Porygon2|Ice Beam|p1a: Gengar
|-damage|p1a: Gengar|39/100
|
|upkeep
|turn|19
|
|t:|1725030067
|move|p1a: Gengar|Destiny Bond|p1a: Gengar
|-singlemove|p1a: Gengar|Destiny Bond
|move|p2a: Porygon2|Ice Beam|p1a: Gengar
|-damage|p1a: Gengar|0 fnt
|faint|p1a: Gengar
|-activate|p1a: Gengar|move: Destiny Bond
|faint|p2a: Porygon2
|
|win|lijkjlkjlkjlkjlk
|raw|spliffdiff's rating: 1334 &rarr; <strong>1322</strong><br />(-12 for losing)
|raw|lijkjlkjlkjlkjlk's rating: 1480 &rarr; <strong>1492</strong><br />(+12 for winning)
|c|☆lijkjlkjlkjlkjlk|ggwp
