|j|☆stonya
|j|☆night bliz
|t:|1724174580
|gametype|singles
|player|p1|stonya|169|1400
|player|p2|night bliz|dragontamer-gen3|1497
|teamsize|p1|6
|teamsize|p2|6
|gen|5
|tier|[Gen 5] OU
|rated|
|rule|Species Clause: Limit one of each Pokémon
|rule|OHKO Clause: OHKO moves are banned
|rule|Moody Clause: Moody is banned
|rule|Evasion Items Clause: Evasion items are banned
|rule|Evasion Moves Clause: Evasion moves are banned
|rule|Endless Battle Clause: Forcing endless battles is banned
|rule|HP Percentage Mod: HP is shown in percentages
|rule|Evasion Abilities Clause: Evasion abilities are banned
|rule|Sleep Moves Clause: Sleep-inducing moves are banned
|rule|Swagger Clause: Swagger is banned
|rule|Baton Pass Stat Clause: No Baton Passer may have a way to boost its stats
|clearpoke
|poke|p1|Tyranitar, M|item
|poke|p1|Magnezone|item
|poke|p1|Terrakion|item
|poke|p1|Latios, M|item
|poke|p1|Scizor, F|item
|poke|p1|Landorus-Therian, M|item
|poke|p2|Hippowdon, M|item
|poke|p2|Ferrothorn, M|item
|poke|p2|Magnezone|item
|poke|p2|Latios, M|item
|poke|p2|Excadrill, F|item
|poke|p2|Reuniclus, F|item
|teampreview
|inactive|Battle timer is ON: inactive players will automatically lose when time's up. (requested by night bliz)
|
|t:|1724174633
|start
|switch|p1a: Bron Bron|Landorus-Therian, M|100/100
|switch|p2a: Hippowdon|Hippowdon, M|100/100
|-ability|p1a: Bron Bron|Intimidate|boost
|-unboost|p2a: Hippowdon|atk|1
|-weather|Sandstorm|[from] ability: Sand Stream|[of] p2a: Hippowdon
|turn|1
|
|t:|1724174636
|move|p1a: Bron Bron|Toxic|p2a: Hippowdon
|-status|p2a: Hippowdon|tox
|move|p2a: Hippowdon|Stealth Rock|p1a: Bron Bron
|-sidestart|p1: stonya|move: Stealth Rock
|
|-weather|Sandstorm|[upkeep]
|-damage|p2a: Hippowdon|94/100 tox|[from] psn
|upkeep
|turn|2
|
|t:|1724174641
|switch|p1a: Pat Riely|Tyranitar, M|100/100
|-damage|p1a: Pat Riely|88/100|[from] Stealth Rock
|switch|p2a: Ferrothorn|Ferrothorn, M|100/100
|
|-weather|Sandstorm|[upkeep]
|-heal|p1a: Pat Riely|94/100|[from] item: Leftovers
|upkeep
|turn|3
|
|t:|1724174646
|switch|p2a: Hippowdon|Hippowdon, M|94/100 tox
|move|p1a: Pat Riely|Stealth Rock|p2a: Hippowdon
|-sidestart|p2: night bliz|move: Stealth Rock
|
|-weather|Sandstorm|[upkeep]
|-heal|p1a: Pat Riely|100/100|[from] item: Leftovers
|-heal|p2a: Hippowdon|100/100 tox|[from] item: Leftovers
|-damage|p2a: Hippowdon|94/100 tox|[from] psn
|upkeep
|turn|4
|
|t:|1724174652
|move|p1a: Pat Riely|Ice Beam|p2a: Hippowdon
|-supereffective|p2a: Hippowdon
|-damage|p2a: Hippowdon|60/100 tox
|move|p2a: Hippowdon|Whirlwind|p1a: Pat Riely
|drag|p1a: Ray Allen|Magnezone|100/100
|-damage|p1a: Ray Allen|94/100|[from] Stealth Rock
|
|-weather|Sandstorm|[upkeep]
|-heal|p1a: Ray Allen|100/100|[from] item: Leftovers
|-heal|p2a: Hippowdon|66/100 tox|[from] item: Leftovers
|-damage|p2a: Hippowdon|53/100 tox|[from] psn
|upkeep
|turn|5
|
|t:|1724174655
|switch|p1a: Bron Bron|Landorus-Therian, M|100/100
|-damage|p1a: Bron Bron|88/100|[from] Stealth Rock
|-ability|p1a: Bron Bron|Intimidate|boost
|-unboost|p2a: Hippowdon|atk|1
|move|p2a: Hippowdon|Slack Off|p2a: Hippowdon
|-heal|p2a: Hippowdon|100/100 tox
|
|-weather|Sandstorm|[upkeep]
|-damage|p2a: Hippowdon|82/100 tox|[from] psn
|upkeep
|turn|6
|
|t:|1724174662
|switch|p2a: Reuniclus|Reuniclus, F|100/100
|move|p1a: Bron Bron|U-turn|p2a: Reuniclus
|-supereffective|p2a: Reuniclus
|-damage|p2a: Reuniclus|50/100
|
|t:|1724174664
|switch|p1a: Miller|Scizor, F, shiny|100/100|[from] U-turn
|-damage|p1a: Miller|88/100|[from] Stealth Rock
|
|-weather|Sandstorm|[upkeep]
|-heal|p2a: Reuniclus|56/100|[from] item: Leftovers
|upkeep
|turn|7
|
|t:|1724174667
|switch|p2a: Ferrothorn|Ferrothorn, M|100/100
|-damage|p2a: Ferrothorn|94/100|[from] Stealth Rock
|move|p1a: Miller|U-turn|p2a: Ferrothorn
|-crit|p2a: Ferrothorn
|-damage|p2a: Ferrothorn|11/100
|-damage|p1a: Miller|76/100|[from] ability: Iron Barbs|[of] p2a: Ferrothorn
|
|t:|1724174669
|switch|p1a: Ray Allen|Magnezone|100/100|[from] U-turn
|-damage|p1a: Ray Allen|94/100|[from] Stealth Rock
|
|-weather|Sandstorm|[upkeep]
|-heal|p1a: Ray Allen|100/100|[from] item: Leftovers
|-heal|p2a: Ferrothorn|17/100|[from] item: Leftovers
|upkeep
|turn|8
|
|t:|1724174672
|move|p2a: Ferrothorn|Protect|p2a: Ferrothorn
|-singleturn|p2a: Ferrothorn|Protect
|move|p1a: Ray Allen|Substitute|p1a: Ray Allen
|-start|p1a: Ray Allen|Substitute
|-damage|p1a: Ray Allen|76/100
|
|-weather|Sandstorm|[upkeep]
|-heal|p1a: Ray Allen|82/100|[from] item: Leftovers
|-heal|p2a: Ferrothorn|23/100|[from] item: Leftovers
|upkeep
|turn|9
|
|t:|1724174674
|move|p2a: Ferrothorn|Protect|p2a: Ferrothorn
|-singleturn|p2a: Ferrothorn|Protect
|move|p1a: Ray Allen|Charge Beam|p2a: Ferrothorn
|-activate|p2a: Ferrothorn|move: Protect
|
|-weather|Sandstorm|[upkeep]
|-heal|p1a: Ray Allen|88/100|[from] item: Leftovers
|-heal|p2a: Ferrothorn|29/100|[from] item: Leftovers
|upkeep
|turn|10
|
|t:|1724174677
|move|p1a: Ray Allen|Charge Beam|p2a: Ferrothorn
|-resisted|p2a: Ferrothorn
|-crit|p2a: Ferrothorn
|-damage|p2a: Ferrothorn|11/100
|-boost|p1a: Ray Allen|spa|1
|move|p2a: Ferrothorn|Power Whip|p1a: Ray Allen
|-resisted|p1a: Ray Allen
|-activate|p1a: Ray Allen|Substitute|[damage]
|
|-weather|Sandstorm|[upkeep]
|-heal|p1a: Ray Allen|94/100|[from] item: Leftovers
|-heal|p2a: Ferrothorn|18/100|[from] item: Leftovers
|upkeep
|turn|11
|
|t:|1724174682
|move|p1a: Ray Allen|Charge Beam|p2a: Ferrothorn
|-resisted|p2a: Ferrothorn
|-damage|p2a: Ferrothorn|2/100
|-boost|p1a: Ray Allen|spa|1
|move|p2a: Ferrothorn|Power Whip|p1a: Ray Allen
|-resisted|p1a: Ray Allen
|-end|p1a: Ray Allen|Substitute
|
|-weather|Sandstorm|[upkeep]
|-heal|p1a: Ray Allen|99/100|[from] item: Leftovers
|-heal|p2a: Ferrothorn|8/100|[from] item: Leftovers
|upkeep
|turn|12
|
|t:|1724174688
|move|p1a: Ray Allen|Substitute|p1a: Ray Allen
|-start|p1a: Ray Allen|Substitute
|-damage|p1a: Ray Allen|75/100
|move|p2a: Ferrothorn|Spikes|p1a: Ray Allen
|-sidestart|p1: stonya|Spikes
|
|-weather|Sandstorm|[upkeep]
|-heal|p1a: Ray Allen|81/100|[from] item: Leftovers
|-heal|p2a: Ferrothorn|14/100|[from] item: Leftovers
|upkeep
|turn|13
|
|t:|1724174690
|move|p1a: Ray Allen|Charge Beam|p2a: Ferrothorn
|-resisted|p2a: Ferrothorn
|-damage|p2a: Ferrothorn|0 fnt
|-boost|p1a: Ray Allen|spa|1
|faint|p2a: Ferrothorn
|
|-weather|Sandstorm|[upkeep]
|-heal|p1a: Ray Allen|87/100|[from] item: Leftovers
|upkeep
|
|t:|1724174693
|switch|p2a: Latios|Latios, M|100/100
|-damage|p2a: Latios|88/100|[from] Stealth Rock
|turn|14
|
|t:|1724174696
|move|p2a: Latios|Surf|p1a: Ray Allen
|-end|p1a: Ray Allen|Substitute
|move|p1a: Ray Allen|Flash Cannon|p2a: Latios
|-crit|p2a: Latios
|-damage|p2a: Latios|0 fnt
|faint|p2a: Latios
|
|-weather|Sandstorm|[upkeep]
|-heal|p1a: Ray Allen|93/100|[from] item: Leftovers
|upkeep
|
|t:|1724174701
|switch|p2a: Excadrill|Excadrill, F|100/100
|-damage|p2a: Excadrill|97/100|[from] Stealth Rock
|turn|15
|
|t:|1724174712
|switch|p1a: Bron Bron|Landorus-Therian, M|88/100
|-damage|p1a: Bron Bron|76/100|[from] Stealth Rock
|-ability|p1a: Bron Bron|Intimidate|boost
|-unboost|p2a: Excadrill|atk|1
|move|p2a: Excadrill|Earthquake|p1a: Bron Bron
|-immune|p1a: Bron Bron
|
|-weather|Sandstorm|[upkeep]
|upkeep
|turn|16
|
|t:|1724174717
|switch|p2a: Hippowdon|Hippowdon, M|82/100 tox
|-damage|p2a: Hippowdon|76/100 tox|[from] Stealth Rock
|move|p1a: Bron Bron|Earthquake|p2a: Hippowdon
|-damage|p2a: Hippowdon|38/100 tox
|
|-weather|Sandstorm|[upkeep]
|-heal|p2a: Hippowdon|45/100 tox|[from] item: Leftovers
|-damage|p2a: Hippowdon|38/100 tox|[from] psn
|upkeep
|turn|17
|
|t:|1724174720
|move|p1a: Bron Bron|Earthquake|p2a: Hippowdon
|-damage|p2a: Hippowdon|0 fnt
|faint|p2a: Hippowdon
|
|-weather|Sandstorm|[upkeep]
|upkeep
|
|t:|1724174722
|switch|p2a: Reuniclus|Reuniclus, F|56/100
|turn|18
|
|t:|1724174726
|move|p1a: Bron Bron|U-turn|p2a: Reuniclus
|-supereffective|p2a: Reuniclus
|-damage|p2a: Reuniclus|4/100
|
|t:|1724174729
|switch|p1a: Miller|Scizor, F, shiny|76/100|[from] U-turn
|-damage|p1a: Miller|64/100|[from] Stealth Rock
|-damage|p1a: Miller|52/100|[from] Spikes
|move|p2a: Reuniclus|Thunder|p1a: Miller|[miss]
|-miss|p2a: Reuniclus|p1a: Miller
|
|-weather|Sandstorm|[upkeep]
|-heal|p2a: Reuniclus|10/100|[from] item: Leftovers
|upkeep
|turn|19
|
|t:|1724174736
|move|p1a: Miller|U-turn|p2a: Reuniclus
|-supereffective|p2a: Reuniclus
|-damage|p2a: Reuniclus|0 fnt
|faint|p2a: Reuniclus
|
|t:|1724174738
|switch|p1a: D.Wade|Terrakion|100/100|[from] U-turn
|-damage|p1a: D.Wade|94/100|[from] Stealth Rock
|-damage|p1a: D.Wade|82/100|[from] Spikes
|
|-weather|Sandstorm|[upkeep]
|upkeep
|
|t:|1724174742
|switch|p2a: Excadrill|Excadrill, F|97/100
|-damage|p2a: Excadrill|94/100|[from] Stealth Rock
|turn|20
|
|t:|1724174746
|move|p1a: D.Wade|Close Combat|p2a: Excadrill
|-supereffective|p2a: Excadrill
|-damage|p2a: Excadrill|0 fnt
|-unboost|p1a: D.Wade|def|1
|-unboost|p1a: D.Wade|spd|1
|faint|p2a: Excadrill
|
|-weather|Sandstorm|[upkeep]
|upkeep
|-message|night bliz forfeited.
|
|win|stonya
|raw|stonya's rating: 1400 &rarr; <strong>1425</strong><br />(+25 for winning)
|raw|night bliz's rating: 1497 &rarr; <strong>1472</strong><br />(-25 for losing)
|l|☆night bliz
|player|p2|
