|j|☆DJJL
|j|☆pikapip1010
|t:|1747965657
|gametype|singles
|player|p1|DJJL|2|1313
|player|p2|pikapip1010|101|1359
|teamsize|p1|6
|teamsize|p2|6
|gen|5
|tier|[Gen 5] OU
|rated|
|rule|Species Clause: Limit one of each Pokémon
|rule|OHKO Clause: OHKO moves are banned
|rule|Moody Clause: Moody is banned
|rule|Evasion Items Clause: Evasion items are banned
|rule|Evasion Moves Clause: Evasion moves are banned
|rule|Endless Battle Clause: Forcing endless battles is banned
|rule|HP Percentage Mod: HP is shown in percentages
|rule|Evasion Abilities Clause: Evasion abilities are banned
|rule|Sleep Moves Clause: Sleep-inducing moves are banned
|rule|Swagger Clause: Swagger is banned
|rule|Baton Pass Stat Clause: No Baton Passer may have a way to boost its stats
|clearpoke
|poke|p1|Politoed, M|item
|poke|p1|Dragonite, M|item
|poke|p1|Rotom-Wash|item
|poke|p1|Ferrothorn, F|item
|poke|p1|Magnezone|item
|poke|p1|Xatu, M|item
|poke|p2|Politoed, F|item
|poke|p2|Scizor, M|item
|poke|p2|Ferrothorn, F|item
|poke|p2|Keldeo|item
|poke|p2|Starmie|item
|poke|p2|Thundurus-Therian, M|item
|teampreview
|inactive|Battle timer is ON: inactive players will automatically lose when time's up. (requested by DJJL)
|
|t:|1747965681
|start
|switch|p1a: Rotom|Rotom-Wash|100/100
|switch|p2a: Scizor|Scizor, M|100/100
|turn|1
|
|t:|1747965706
|switch|p2a: Politoed|Politoed, F, shiny|100/100
|-weather|RainDance|[from] ability: Drizzle|[of] p2a: Politoed
|move|p1a: Rotom|Volt Switch|p2a: Politoed
|-supereffective|p2a: Politoed
|-damage|p2a: Politoed|46/100
|
|t:|1747965715
|switch|p1a: Ferrothorn|Ferrothorn, F|100/100|[from] Volt Switch
|
|-weather|RainDance|[upkeep]
|-heal|p2a: Politoed|52/100|[from] item: Leftovers
|upkeep
|turn|2
|inactive|pikapip1010 has 120 seconds left.
|
|t:|1747965743
|switch|p2a: Ferrothorn|Ferrothorn, F|100/100
|move|p1a: Ferrothorn|Stealth Rock|p2a: Ferrothorn
|-sidestart|p2: pikapip1010|move: Stealth Rock
|
|-weather|RainDance|[upkeep]
|upkeep
|turn|3
|
|t:|1747965751
|switch|p1a: Xatu|Xatu, M|100/100
|move|p2a: Ferrothorn|Gyro Ball|p1a: Xatu
|-crit|p1a: Xatu
|-damage|p1a: Xatu|11/100
|
|-weather|RainDance|[upkeep]
|upkeep
|turn|4
|
|t:|1747965760
|switch|p1a: Magnezone|Magnezone|100/100
|move|p2a: Ferrothorn|Stealth Rock|p1a: Magnezone
|-sidestart|p1: DJJL|move: Stealth Rock
|
|-weather|RainDance|[upkeep]
|upkeep
|turn|5
|
|t:|1747965767
|move|p1a: Magnezone|Substitute|p1a: Magnezone
|-start|p1a: Magnezone|Substitute
|-damage|p1a: Magnezone|76/100
|move|p2a: Ferrothorn|Spikes|p1a: Magnezone
|-sidestart|p1: DJJL|Spikes
|
|-weather|RainDance|[upkeep]
|-heal|p1a: Magnezone|82/100|[from] item: Leftovers
|upkeep
|turn|6
|
|t:|1747965776
|move|p1a: Magnezone|Iron Defense|p1a: Magnezone
|-boost|p1a: Magnezone|def|2
|move|p2a: Ferrothorn|Power Whip|p1a: Magnezone
|-resisted|p1a: Magnezone
|-activate|p1a: Magnezone|Substitute|[damage]
|
|-weather|RainDance|[upkeep]
|-heal|p1a: Magnezone|88/100|[from] item: Leftovers
|upkeep
|turn|7
|
|t:|1747965786
|move|p1a: Magnezone|Iron Defense|p1a: Magnezone
|-boost|p1a: Magnezone|def|2
|move|p2a: Ferrothorn|Power Whip|p1a: Magnezone
|-resisted|p1a: Magnezone
|-activate|p1a: Magnezone|Substitute|[damage]
|
|-weather|RainDance|[upkeep]
|-heal|p1a: Magnezone|94/100|[from] item: Leftovers
|upkeep
|turn|8
|
|t:|1747965796
|move|p1a: Magnezone|Iron Defense|p1a: Magnezone
|-boost|p1a: Magnezone|def|2
|move|p2a: Ferrothorn|Spikes|p1a: Magnezone
|-sidestart|p1: DJJL|Spikes
|
|-weather|RainDance|[upkeep]
|-heal|p1a: Magnezone|99/100|[from] item: Leftovers
|upkeep
|turn|9
|
|t:|1747965804
|move|p1a: Magnezone|Charge Beam|p2a: Ferrothorn
|-resisted|p2a: Ferrothorn
|-damage|p2a: Ferrothorn|93/100
|move|p2a: Ferrothorn|Spikes|p1a: Magnezone
|-sidestart|p1: DJJL|Spikes
|
|-weather|RainDance|[upkeep]
|-heal|p1a: Magnezone|100/100|[from] item: Leftovers
|upkeep
|turn|10
|
|t:|1747965813
|move|p1a: Magnezone|Charge Beam|p2a: Ferrothorn
|-resisted|p2a: Ferrothorn
|-crit|p2a: Ferrothorn
|-damage|p2a: Ferrothorn|77/100
|-boost|p1a: Magnezone|spa|1
|move|p2a: Ferrothorn|Power Whip|p1a: Magnezone
|-resisted|p1a: Magnezone
|-activate|p1a: Magnezone|Substitute|[damage]
|
|-weather|RainDance|[upkeep]
|upkeep
|turn|11
|
|t:|1747965824
|move|p1a: Magnezone|Charge Beam|p2a: Ferrothorn
|-resisted|p2a: Ferrothorn
|-damage|p2a: Ferrothorn|66/100
|-boost|p1a: Magnezone|spa|1
|move|p2a: Ferrothorn|Power Whip|p1a: Magnezone
|-resisted|p1a: Magnezone
|-activate|p1a: Magnezone|Substitute|[damage]
|
|-weather|RainDance|[upkeep]
|upkeep
|turn|12
|j| Anirban2001
|
|t:|1747965851
|move|p1a: Magnezone|Charge Beam|p2a: Ferrothorn
|-resisted|p2a: Ferrothorn
|-damage|p2a: Ferrothorn|50/100
|-boost|p1a: Magnezone|spa|1
|move|p2a: Ferrothorn|Power Whip|p1a: Magnezone
|-resisted|p1a: Magnezone
|-end|p1a: Magnezone|Substitute
|
|-weather|RainDance|[upkeep]
|upkeep
|turn|13
|inactive|pikapip1010 has 120 seconds left.
|
|t:|1747965879
|move|p1a: Magnezone|Substitute|p1a: Magnezone
|-start|p1a: Magnezone|Substitute
|-damage|p1a: Magnezone|76/100
|move|p2a: Ferrothorn|Power Whip|p1a: Magnezone|[miss]
|-miss|p2a: Ferrothorn|p1a: Magnezone
|
|-weather|RainDance|[upkeep]
|-heal|p1a: Magnezone|82/100|[from] item: Leftovers
|upkeep
|turn|14
|
|t:|1747965889
|move|p1a: Magnezone|Charge Beam|p2a: Ferrothorn
|-resisted|p2a: Ferrothorn
|-damage|p2a: Ferrothorn|31/100
|-boost|p1a: Magnezone|spa|1
|move|p2a: Ferrothorn|Power Whip|p1a: Magnezone
|-resisted|p1a: Magnezone
|-activate|p1a: Magnezone|Substitute|[damage]
|
|-weather|RainDance|[upkeep]
|-heal|p1a: Magnezone|88/100|[from] item: Leftovers
|upkeep
|turn|15
|inactive|pikapip1010 has 120 seconds left.
|
|t:|1747965907
|move|p1a: Magnezone|Charge Beam|p2a: Ferrothorn|[miss]
|-miss|p1a: Magnezone|p2a: Ferrothorn
|move|p2a: Ferrothorn|Power Whip|p1a: Magnezone
|-resisted|p1a: Magnezone
|-activate|p1a: Magnezone|Substitute|[damage]
|
|-weather|RainDance|[upkeep]
|-heal|p1a: Magnezone|94/100|[from] item: Leftovers
|upkeep
|turn|16
|
|t:|1747965917
|move|p1a: Magnezone|Charge Beam|p2a: Ferrothorn
|-resisted|p2a: Ferrothorn
|-damage|p2a: Ferrothorn|8/100
|-boost|p1a: Magnezone|spa|1
|move|p2a: Ferrothorn|Power Whip|p1a: Magnezone
|-resisted|p1a: Magnezone
|-crit|p1a: Magnezone
|-end|p1a: Magnezone|Substitute
|
|-weather|RainDance|[upkeep]
|-heal|p1a: Magnezone|99/100|[from] item: Leftovers
|upkeep
|turn|17
|
|t:|1747965930
|move|p1a: Magnezone|Substitute|p1a: Magnezone
|-start|p1a: Magnezone|Substitute
|-damage|p1a: Magnezone|75/100
|move|p2a: Ferrothorn|Power Whip|p1a: Magnezone
|-resisted|p1a: Magnezone
|-activate|p1a: Magnezone|Substitute|[damage]
|
|-weather|RainDance|[upkeep]
|-heal|p1a: Magnezone|82/100|[from] item: Leftovers
|upkeep
|turn|18
|
|t:|1747965939
|move|p1a: Magnezone|Charge Beam|p2a: Ferrothorn
|-resisted|p2a: Ferrothorn
|-crit|p2a: Ferrothorn
|-damage|p2a: Ferrothorn|0 fnt
|faint|p2a: Ferrothorn
|
|-weather|RainDance|[upkeep]
|-heal|p1a: Magnezone|88/100|[from] item: Leftovers
|upkeep
|
|t:|1747965950
|switch|p2a: Thundurus|Thundurus-Therian, M|100/100
|-damage|p2a: Thundurus|75/100|[from] Stealth Rock
|turn|19
|
|t:|1747965954
|move|p2a: Thundurus|Thunder|p1a: Magnezone
|-resisted|p1a: Magnezone
|-end|p1a: Magnezone|Substitute
|move|p1a: Magnezone|Flash Cannon|p2a: Thundurus
|-resisted|p2a: Thundurus
|-damage|p2a: Thundurus|0 fnt
|faint|p2a: Thundurus
|
|-weather|RainDance|[upkeep]
|-heal|p1a: Magnezone|94/100|[from] item: Leftovers
|upkeep
|
|t:|1747965965
|switch|p2a: Keldeo|Keldeo|100/100
|-damage|p2a: Keldeo|94/100|[from] Stealth Rock
|turn|20
|
|t:|1747965979
|switch|p1a: Xatu|Xatu, M|11/100
|-damage|p1a: Xatu|0 fnt|[from] Stealth Rock
|faint|p1a: Xatu
|move|p2a: Keldeo|Hydro Pump|p1: Xatu|[notarget]
|-fail|p2a: Keldeo
|
|-weather|RainDance|[upkeep]
|upkeep
|
|t:|1747965991
|switch|p1a: Politoed|Politoed, M|100/100
|-damage|p1a: Politoed|88/100|[from] Stealth Rock
|-damage|p1a: Politoed|63/100|[from] Spikes
|turn|21
|
|t:|1747966002
|move|p2a: Keldeo|Hydro Pump|p1a: Politoed
|-resisted|p1a: Politoed
|-damage|p1a: Politoed|23/100
|move|p1a: Politoed|Toxic|p2a: Keldeo
|-status|p2a: Keldeo|tox
|
|-weather|RainDance|[upkeep]
|-heal|p1a: Politoed|29/100|[from] item: Leftovers
|-damage|p2a: Keldeo|88/100 tox|[from] psn
|upkeep
|turn|22
|
|t:|1747966013
|move|p1a: Politoed|Protect|p1a: Politoed
|-singleturn|p1a: Politoed|Protect
|move|p2a: Keldeo|Hydro Pump|p1a: Politoed
|-activate|p1a: Politoed|move: Protect
|
|-weather|RainDance|[upkeep]
|-heal|p1a: Politoed|35/100|[from] item: Leftovers
|-damage|p2a: Keldeo|76/100 tox|[from] psn
|upkeep
|turn|23
|
|t:|1747966024
|switch|p1a: Ferrothorn|Ferrothorn, F|100/100
|-damage|p1a: Ferrothorn|94/100|[from] Stealth Rock
|-damage|p1a: Ferrothorn|69/100|[from] Spikes
|move|p2a: Keldeo|Hydro Pump|p1a: Ferrothorn|[miss]
|-miss|p2a: Keldeo|p1a: Ferrothorn
|
|-weather|RainDance|[upkeep]
|-heal|p1a: Ferrothorn|75/100|[from] item: Leftovers
|-damage|p2a: Keldeo|57/100 tox|[from] psn
|upkeep
|turn|24
|
|t:|1747966040
|switch|p2a: Scizor|Scizor, M|100/100
|-damage|p2a: Scizor|88/100|[from] Stealth Rock
|move|p1a: Ferrothorn|Power Whip|p2a: Scizor
|-resisted|p2a: Scizor
|-damage|p2a: Scizor|76/100
|
|-weather|RainDance|[upkeep]
|-heal|p1a: Ferrothorn|82/100|[from] item: Leftovers
|upkeep
|turn|25
|
|t:|1747966058
|move|p2a: Scizor|U-turn|p1a: Ferrothorn
|-damage|p1a: Ferrothorn|45/100
|-damage|p2a: Scizor|64/100|[from] ability: Iron Barbs|[of] p1a: Ferrothorn
|
|t:|1747966065
|switch|p2a: Starmie|Starmie, shiny|100/100|[from] U-turn
|-damage|p2a: Starmie|88/100|[from] Stealth Rock
|-item|p2a: Starmie|Air Balloon
|move|p1a: Ferrothorn|Knock Off|p2a: Starmie
|-supereffective|p2a: Starmie
|-damage|p2a: Starmie|73/100
|-enditem|p2a: Starmie|Air Balloon
|
|-weather|RainDance|[upkeep]
|-heal|p1a: Ferrothorn|51/100|[from] item: Leftovers
|upkeep
|turn|26
|
|t:|1747966079
|move|p2a: Starmie|Rapid Spin|p1a: Ferrothorn
|-resisted|p1a: Ferrothorn
|-damage|p1a: Ferrothorn|50/100
|-damage|p2a: Starmie|61/100|[from] ability: Iron Barbs|[of] p1a: Ferrothorn
|-sideend|p2: pikapip1010|Stealth Rock|[from] move: Rapid Spin|[of] p2a: Starmie
|move|p1a: Ferrothorn|Gyro Ball|p2a: Starmie
|-resisted|p2a: Starmie
|-damage|p2a: Starmie|27/100
|
|-weather|RainDance|[upkeep]
|-heal|p1a: Ferrothorn|57/100|[from] item: Leftovers
|upkeep
|turn|27
|
|t:|1747966091
|switch|p2a: Scizor|Scizor, M|64/100
|move|p1a: Ferrothorn|Stealth Rock|p2a: Scizor
|-sidestart|p2: pikapip1010|move: Stealth Rock
|
|-weather|RainDance|[upkeep]
|-heal|p1a: Ferrothorn|63/100|[from] item: Leftovers
|upkeep
|turn|28
|
|t:|1747966099
|move|p2a: Scizor|Superpower|p1a: Ferrothorn
|-supereffective|p1a: Ferrothorn
|-damage|p1a: Ferrothorn|0 fnt
|-unboost|p2a: Scizor|atk|1
|-unboost|p2a: Scizor|def|1
|-damage|p2a: Scizor|51/100|[from] ability: Iron Barbs|[of] p1a: Ferrothorn
|faint|p1a: Ferrothorn
|
|-weather|RainDance|[upkeep]
|upkeep
|inactive|DJJL has 120 seconds left.
|
|t:|1747966113
|switch|p1a: Rotom|Rotom-Wash|100/100
|-damage|p1a: Rotom|88/100|[from] Stealth Rock
|turn|29
|
|t:|1747966127
|switch|p2a: Starmie|Starmie, shiny|27/100
|-damage|p2a: Starmie|15/100|[from] Stealth Rock
|move|p1a: Rotom|Volt Switch|p2a: Starmie
|-supereffective|p2a: Starmie
|-damage|p2a: Starmie|0 fnt
|faint|p2a: Starmie
|inactive|DJJL has 120 seconds left.
|
|t:|1747966146
|switch|p1a: Magnezone|Magnezone|94/100|[from] Volt Switch
|-damage|p1a: Magnezone|88/100|[from] Stealth Rock
|-damage|p1a: Magnezone|63/100|[from] Spikes
|
|-weather|RainDance|[upkeep]
|-heal|p1a: Magnezone|69/100|[from] item: Leftovers
|upkeep
|
|t:|1747966152
|switch|p2a: Keldeo|Keldeo|57/100 tox
|-damage|p2a: Keldeo|51/100 tox|[from] Stealth Rock
|turn|30
|inactive|DJJL has 120 seconds left.
|
|t:|1747966159
|move|p2a: Keldeo|Secret Sword|p1a: Magnezone
|-supereffective|p1a: Magnezone
|-damage|p1a: Magnezone|0 fnt
|faint|p1a: Magnezone
|
|-weather|RainDance|[upkeep]
|-damage|p2a: Keldeo|45/100 tox|[from] psn
|upkeep
|
|t:|1747966170
|switch|p1a: Politoed|Politoed, M|35/100
|-damage|p1a: Politoed|23/100|[from] Stealth Rock
|-damage|p1a: Politoed|0 fnt|[from] Spikes
|faint|p1a: Politoed
|
|t:|1747966177
|switch|p1a: Dragonite|Dragonite, M|100/100
|-damage|p1a: Dragonite|76/100|[from] Stealth Rock
|turn|31
|
|t:|1747966192
|move|p2a: Keldeo|Secret Sword|p1a: Dragonite
|-resisted|p1a: Dragonite
|-damage|p1a: Dragonite|50/100
|move|p1a: Dragonite|Dragon Dance|p1a: Dragonite
|-boost|p1a: Dragonite|atk|1
|-boost|p1a: Dragonite|spe|1
|
|-weather|RainDance|[upkeep]
|-damage|p2a: Keldeo|32/100 tox|[from] psn
|upkeep
|turn|32
|
|t:|1747966215
|move|p2a: Keldeo|Secret Sword|p1a: Dragonite
|-resisted|p1a: Dragonite
|-damage|p1a: Dragonite|26/100
|move|p1a: Dragonite|Dragon Dance|p1a: Dragonite
|-boost|p1a: Dragonite|atk|1
|-boost|p1a: Dragonite|spe|1
|
|-weather|RainDance|[upkeep]
|-damage|p2a: Keldeo|14/100 tox|[from] psn
|upkeep
|turn|33
|
|t:|1747966226
|move|p2a: Keldeo|Secret Sword|p1a: Dragonite
|-resisted|p1a: Dragonite
|-damage|p1a: Dragonite|1/100
|move|p1a: Dragonite|Dragon Claw|p2a: Keldeo
|-damage|p2a: Keldeo|0 fnt
|faint|p2a: Keldeo
|
|-weather|RainDance|[upkeep]
|upkeep
|
|t:|1747966239
|switch|p2a: Scizor|Scizor, M|51/100
|-damage|p2a: Scizor|39/100|[from] Stealth Rock
|turn|34
|
|t:|1747966244
|switch|p2a: Politoed|Politoed, F, shiny|52/100
|-damage|p2a: Politoed|40/100|[from] Stealth Rock
|move|p1a: Dragonite|Extreme Speed|p2a: Politoed
|-damage|p2a: Politoed|0 fnt
|faint|p2a: Politoed
|
|-weather|RainDance|[upkeep]
|upkeep
|-message|pikapip1010 forfeited.
|
|win|DJJL
|raw|DJJL's rating: 1313 &rarr; <strong>1336</strong><br />(+23 for winning)
|raw|pikapip1010's rating: 1359 &rarr; <strong>1336</strong><br />(-23 for losing)
|l|☆pikapip1010
|player|p2|
|l|☆DJJL
|player|p1|
|l| Anirban2001
