|inactive|Battle timer is ON: inactive players will automatically lose when time's up.
|j|☆unpersons
|j|☆Invisible Enemy
|player|p1|unpersons|123
|player|p2|Invisible Enemy|52
|teamsize|p1|6
|teamsize|p2|6
|gametype|singles
|gen|5
|tier|[Gen 5] OU
|rated|
|rule|Sleep Clause Mod: Limit one foe put to sleep
|rule|Species Clause: Limit one of each Pokémon
|rule|OHKO Clause: OHKO moves are banned
|rule|Moody Clause: Moody is banned
|rule|Evasion Moves Clause: Evasion moves are banned
|rule|Endless Battle Clause: Forcing endless battles is banned
|rule|HP Percentage Mod: HP is shown in percentages
|rule|Evasion Abilities Clause: Evasion abilities are banned
|rule|Baton Pass Clause: Limit one Baton Passer, can't pass Spe and other stats simultaneously
|rule|Swagger Clause: Swagger is banned
|clearpoke
|poke|p1|Politoed, F|item
|poke|p1|Ferrothorn, F|item
|poke|p1|Xatu, F|item
|poke|p1|Magnezone|item
|poke|p1|Salamence, F|item
|poke|p1|Latias, F|item
|poke|p2|Tyranitar, F|item
|poke|p2|Magnezone|item
|poke|p2|Landorus-Therian, M|item
|poke|p2|Snorlax, F|item
|poke|p2|Slowbro, F|item
|poke|p2|Amoonguss, F|item
|teampreview
|c|☆unpersons|gl hf
|c|☆Invisible Enemy|hf !
|
|start
|switch|p1a: BAYAG KILLER|Xatu, F|100/100
|switch|p2a: Magnezone|Magnezone|100/100
|turn|1
|
|switch|p1a: BETLOG ASSASSIN|Magnezone|100/100
|move|p2a: Magnezone|Hidden Power|p1a: BETLOG ASSASSIN
|-supereffective|p1a: BETLOG ASSASSIN
|-damage|p1a: BETLOG ASSASSIN|28/100
|
|upkeep
|turn|2
|
|move|p1a: BETLOG ASSASSIN|Hidden Power|p2a: Magnezone
|-supereffective|p2a: Magnezone
|-damage|p2a: Magnezone|0 fnt
|faint|p2a: Magnezone
|
|upkeep
|
|switch|p2a: Snorlax|Snorlax, F|100/100
|turn|3
|
|switch|p1a: BOBBY PACQUIAO|Salamence, F|100/100
|-ability|p1a: BOBBY PACQUIAO|Intimidate|boost
|-unboost|p2a: Snorlax|atk|1
|move|p2a: Snorlax|Body Slam|p1a: BOBBY PACQUIAO
|-damage|p1a: BOBBY PACQUIAO|61/100
|
|upkeep
|turn|4
|
|switch|p2a: Slowbro|Slowbro, F|100/100
|move|p1a: BOBBY PACQUIAO|Dragon Dance|p1a: BOBBY PACQUIAO
|-boost|p1a: BOBBY PACQUIAO|atk|1
|-boost|p1a: BOBBY PACQUIAO|spe|1
|
|upkeep
|turn|5
|
|move|p1a: BOBBY PACQUIAO|Outrage|p2a: Slowbro
|-damage|p2a: Slowbro|42/100
|-damage|p1a: BOBBY PACQUIAO|45/100|[from] item: Rocky Helmet|[of] p2a: Slowbro
|move|p2a: Slowbro|Ice Beam|p1a: BOBBY PACQUIAO
|-supereffective|p1a: BOBBY PACQUIAO
|-enditem|p1a: BOBBY PACQUIAO|Yache Berry|[eat]
|-enditem|p1a: BOBBY PACQUIAO|Yache Berry|[weaken]
|-damage|p1a: BOBBY PACQUIAO|0 fnt
|faint|p1a: BOBBY PACQUIAO
|
|upkeep
|
|switch|p1a: PAMBANSANGBLOWBLOW|Ferrothorn, F|100/100
|turn|6
|
|move|p2a: Slowbro|Fire Blast|p1a: PAMBANSANGBLOWBLOW
|-supereffective|p1a: PAMBANSANGBLOWBLOW
|-damage|p1a: PAMBANSANGBLOWBLOW|27/100
|move|p1a: PAMBANSANGBLOWBLOW|Spikes|p2a: Slowbro
|-sidestart|p2: Invisible Enemy|Spikes
|
|-heal|p1a: PAMBANSANGBLOWBLOW|33/100|[from] item: Leftovers
|upkeep
|turn|7
|
|switch|p1a: BITLUG PANTSER|Latias, F|100/100
|move|p2a: Slowbro|Fire Blast|p1a: BITLUG PANTSER
|-resisted|p1a: BITLUG PANTSER
|-damage|p1a: BITLUG PANTSER|91/100
|-status|p1a: BITLUG PANTSER|brn
|
|-heal|p1a: BITLUG PANTSER|97/100 brn|[from] item: Leftovers
|-damage|p1a: BITLUG PANTSER|85/100 brn|[from] brn
|upkeep
|turn|8
|
|switch|p1a: SNIPER NG BETLUG|Politoed, F|100/100
|-weather|RainDance|[from] ability: Drizzle|[of] p1a: SNIPER NG BETLUG
|switch|p2a: Snorlax|Snorlax, F|100/100
|-damage|p2a: Snorlax|88/100|[from] Spikes
|
|-weather|RainDance|[upkeep]
|upkeep
|turn|9
|
|move|p1a: SNIPER NG BETLUG|Ice Beam|p2a: Snorlax
|-damage|p2a: Snorlax|80/100
|move|p2a: Snorlax|Body Slam|p1a: SNIPER NG BETLUG
|-damage|p1a: SNIPER NG BETLUG|44/100
|
|-weather|RainDance|[upkeep]
|upkeep
|turn|10
|
|switch|p1a: PAMBANSANGBLOWBLOW|Ferrothorn, F|33/100
|move|p2a: Snorlax|Fire Punch|p1a: PAMBANSANGBLOWBLOW
|-supereffective|p1a: PAMBANSANGBLOWBLOW
|-damage|p1a: PAMBANSANGBLOWBLOW|0 fnt
|-damage|p2a: Snorlax|68/100|[from] ability: Iron Barbs|[of] p1a: PAMBANSANGBLOWBLOW
|faint|p1a: PAMBANSANGBLOWBLOW
|
|-weather|RainDance|[upkeep]
|upkeep
|
|switch|p1a: SNIPER NG BETLUG|Politoed, F|44/100
|turn|11
|
|switch|p2a: Amoonguss|Amoonguss, F|100/100
|-damage|p2a: Amoonguss|88/100|[from] Spikes
|move|p1a: SNIPER NG BETLUG|Surf|p2a: Amoonguss
|-resisted|p2a: Amoonguss
|-damage|p2a: Amoonguss|68/100
|
|-weather|RainDance|[upkeep]
|-heal|p2a: Amoonguss|75/100|[from] item: Leftovers
|upkeep
|turn|12
|
|switch|p1a: BAYAG KILLER|Xatu, F|100/100
|switch|p2a: Tyranitar|Tyranitar, F|100/100
|-damage|p2a: Tyranitar|88/100|[from] Spikes
|-weather|Sandstorm|[from] ability: Sand Stream|[of] p2a: Tyranitar
|
|-weather|Sandstorm|[upkeep]
|-damage|p1a: BAYAG KILLER|95/100|[from] Sandstorm
|upkeep
|turn|13
|
|move|p2a: Tyranitar|Dragon Dance|p2a: Tyranitar
|-boost|p2a: Tyranitar|atk|1
|-boost|p2a: Tyranitar|spe|1
|move|p1a: BAYAG KILLER|Night Shade|p2a: Tyranitar
|-damage|p2a: Tyranitar|59/100
|
|-weather|Sandstorm|[upkeep]
|-damage|p1a: BAYAG KILLER|89/100|[from] Sandstorm
|upkeep
|turn|14
|
|move|p2a: Tyranitar|Dragon Dance|p2a: Tyranitar
|-boost|p2a: Tyranitar|atk|1
|-boost|p2a: Tyranitar|spe|1
|move|p1a: BAYAG KILLER|Toxic|p2a: Tyranitar
|-status|p2a: Tyranitar|tox
|
|-weather|Sandstorm|[upkeep]
|-damage|p1a: BAYAG KILLER|83/100|[from] Sandstorm
|-damage|p2a: Tyranitar|53/100 tox|[from] psn
|upkeep
|turn|15
|
|move|p2a: Tyranitar|Crunch|p1a: BAYAG KILLER
|-supereffective|p1a: BAYAG KILLER
|-damage|p1a: BAYAG KILLER|0 fnt
|-damage|p2a: Tyranitar|36/100 tox|[from] item: Rocky Helmet|[of] p1a: BAYAG KILLER
|faint|p1a: BAYAG KILLER
|
|-weather|Sandstorm|[upkeep]
|-damage|p2a: Tyranitar|24/100 tox|[from] psn
|upkeep
|
|switch|p1a: SNIPER NG BETLUG|Politoed, F|44/100
|-weather|RainDance|[from] ability: Drizzle|[of] p1a: SNIPER NG BETLUG
|turn|16
|
|switch|p1a: BETLOG ASSASSIN|Magnezone|28/100
|move|p2a: Tyranitar|Crunch|p1a: BETLOG ASSASSIN
|-resisted|p1a: BETLOG ASSASSIN
|-crit|p1a: BETLOG ASSASSIN
|-damage|p1a: BETLOG ASSASSIN|0 fnt
|faint|p1a: BETLOG ASSASSIN
|
|-weather|RainDance|[upkeep]
|-damage|p2a: Tyranitar|5/100 tox|[from] psn
|upkeep
|j| Breadboots
|
|switch|p1a: SNIPER NG BETLUG|Politoed, F|44/100
|turn|17
|
|move|p2a: Tyranitar|Crunch|p1a: SNIPER NG BETLUG
|-damage|p1a: SNIPER NG BETLUG|0 fnt
|faint|p1a: SNIPER NG BETLUG
|
|-weather|RainDance|[upkeep]
|-damage|p2a: Tyranitar|0 fnt|[from] psn
|upkeep
|faint|p2a: Tyranitar
|
|switch|p1a: BITLUG PANTSER|Latias, F|85/100 brn
|switch|p2a: Snorlax|Snorlax, F|68/100
|-damage|p2a: Snorlax|55/100|[from] Spikes
|turn|18
|
|move|p1a: BITLUG PANTSER|Calm Mind|p1a: BITLUG PANTSER
|-boost|p1a: BITLUG PANTSER|spa|1
|-boost|p1a: BITLUG PANTSER|spd|1
|move|p2a: Snorlax|Body Slam|p1a: BITLUG PANTSER
|-damage|p1a: BITLUG PANTSER|41/100 brn
|
|-weather|RainDance|[upkeep]
|-heal|p1a: BITLUG PANTSER|47/100 brn|[from] item: Leftovers
|-damage|p1a: BITLUG PANTSER|34/100 brn|[from] brn
|upkeep
|turn|19
|
|move|p1a: BITLUG PANTSER|Roost|p1a: BITLUG PANTSER
|-heal|p1a: BITLUG PANTSER|84/100 brn
|move|p2a: Snorlax|Body Slam|p1a: BITLUG PANTSER
|-damage|p1a: BITLUG PANTSER|36/100 brn
|
|-weather|RainDance|[upkeep]
|-heal|p1a: BITLUG PANTSER|42/100 brn|[from] item: Leftovers
|-damage|p1a: BITLUG PANTSER|29/100 brn|[from] brn
|upkeep
|turn|20
|c|☆unpersons|gg
|
|move|p1a: BITLUG PANTSER|Dragon Pulse|p2a: Snorlax
|-damage|p2a: Snorlax|27/100
|move|p2a: Snorlax|Body Slam|p1a: BITLUG PANTSER
|-damage|p1a: BITLUG PANTSER|0 fnt
|faint|p1a: BITLUG PANTSER
|
|win|Invisible Enemy
|raw|unpersons's rating: 1372 &rarr; <strong>1358</strong><br />(-14 for losing)
|raw|Invisible Enemy's rating: 1489 &rarr; <strong>1503</strong><br />(+14 for winning)
|c|☆Invisible Enemy|Gg
|l|☆unpersons
|l| Breadboots
