|join|iloveyoulongtime
|join|dtw
|player|p1|iloveyoulongtime|265
|player|p2|dtw|102
|gametype|singles
|gen|5
|tier|[Gen 5] OU
|rated
|rule|Evasion Abilities Clause: Evasion abilities are banned
|clearpoke
|poke|p1|Ninetales, F
|poke|p1|Garchomp, M
|poke|p1|Dugtrio, M
|poke|p1|Venusaur, M
|poke|p1|Espeon, F
|poke|p1|Dragonite, M
|poke|p2|Lucario, F
|poke|p2|Gengar, M
|poke|p2|Tyranitar, M
|poke|p2|Breloom, F
|poke|p2|Keldeo
|poke|p2|Skarmory, F
|rule|Sleep Clause Mod: Limit one foe put to sleep
|rule|Species Clause: Limit one of each Pokemon
|rule|OHKO Clause: OHKO moves are banned
|rule|Moody Clause: Moody is banned
|rule|Evasion Moves Clause: Evasion moves are banned
|rule|Endless Battle Clause: Forcing endless battles is banned.
|rule|HP Percentage Mod: HP is reported as percentages
|teampreview
|
|start
|switch|p1a: Big D|Dugtrio, M|211/211
|switch|p2a: Breloom|Breloom, F|261/261
|turn|1
|
|switch|p1a: Cutie|Espeon, F|307/307
|move|p2a: Breloom|Bullet Seed|p1a: Cutie
|-damage|p1a: Cutie|174/307
|-damage|p1a: Cutie|26/307
|-damage|p1a: Cutie|0 fnt
|-hitcount|p1a: Cutie|3
|-damage|p2a: Breloom|235/261|[from] item: Life Orb
|faint|p1a: Cutie
|
|
|switch|p1a: Mozilla|Ninetales, F|350/350
|-weather|SunnyDay|[from] ability: Drought|[of] p1a: Mozilla
|turn|2
|
|switch|p2a: Skarmory|Skarmory, F|334/334
|move|p1a: Mozilla|Will-O-Wisp|p2a: Skarmory
|-status|p2a: Skarmory|brn
|
|-weather|SunnyDay|[upkeep]
|-damage|p2a: Skarmory|293/334 brn|[from] brn
|turn|3
|
|switch|p2a: Gengar|Gengar, M|261/261
|move|p1a: Mozilla|Overheat|p2a: Gengar
|-damage|p2a: Gengar|8/261
|-unboost|p1a: Mozilla|spa|2
|
|-weather|SunnyDay|[upkeep]
|turn|4
|
|move|p2a: Gengar|Shadow Ball|p1a: Mozilla
|-damage|p1a: Mozilla|250/350
|-unboost|p1a: Mozilla|spd|1
|move|p1a: Mozilla|Overheat|p2a: Gengar
|-damage|p2a: Gengar|0 fnt
|-unboost|p1a: Mozilla|spa|2
|faint|p2a: Gengar
|
|-weather|SunnyDay|[upkeep]
|-heal|p1a: Mozilla|271/350|[from] item: Leftovers
|
|switch|p2a: Skarmory|Skarmory, F|293/334 brn
|turn|5
|
|move|p2a: Skarmory|Stealth Rock|p1a: Mozilla
|-sidestart|p1: iloveyoulongtime|move: Stealth Rock
|move|p1a: Mozilla|Overheat|p2a: Skarmory
|-supereffective|p2a: Skarmory
|-damage|p2a: Skarmory|117/334 brn
|-unboost|p1a: Mozilla|spa|2
|
|-weather|SunnyDay|[upkeep]
|-heal|p1a: Mozilla|292/350|[from] item: Leftovers
|-damage|p2a: Skarmory|76/334 brn|[from] brn
|turn|6
|-enditem|p2a: Skarmory|Custap Berry|[eat]
|-activate|p2a: Skarmory|Custap Berry
|
|switch|p1a: Gronkowski|Garchomp, M|358/358
|-damage|p1a: Gronkowski|336/358|[from] Stealth Rock
|move|p2a: Skarmory|Spikes|p1a: Gronkowski
|-sidestart|p1: iloveyoulongtime|Spikes
|
|-weather|SunnyDay|[upkeep]
|-damage|p2a: Skarmory|35/334 brn|[from] brn
|turn|7
|
|move|p1a: Gronkowski|Dual Chop|p2a: Skarmory
|-resisted|p2a: Skarmory
|-damage|p2a: Skarmory|9/334 brn
|-resisted|p2a: Skarmory
|-damage|p2a: Skarmory|0 fnt
|-hitcount|p2a: Skarmory|2
|faint|p2a: Skarmory
|
|-weather|SunnyDay|[upkeep]
|
|switch|p2a: Keldeo|Keldeo|323/323
|turn|8
|
|switch|p1a: Hulk|Venusaur, M|320/320
|-damage|p1a: Hulk|280/320|[from] Spikes
|-damage|p1a: Hulk|240/320|[from] Stealth Rock
|move|p2a: Keldeo|Icy Wind|p1a: Hulk
|-supereffective|p1a: Hulk
|-damage|p1a: Hulk|68/320
|-unboost|p1a: Hulk|spe|1
|-damage|p2a: Keldeo|291/323|[from] item: Life Orb
|
|-weather|SunnyDay|[upkeep]
|turn|9
|
|switch|p2a: Lucario|Lucario, F|281/281
|move|p1a: Hulk|Giga Drain|p2a: Lucario
|-resisted|p2a: Lucario
|-damage|p2a: Lucario|184/281
|-heal|p1a: Hulk|117/320|[from] drain|[of] p2a: Lucario
|-damage|p1a: Hulk|85/320|[from] item: Life Orb
|
|-weather|SunnyDay|[upkeep]
|turn|10
|
|switch|p1a: Gronkowski|Garchomp, M|336/358
|-damage|p1a: Gronkowski|292/358|[from] Spikes
|-damage|p1a: Gronkowski|270/358|[from] Stealth Rock
|move|p2a: Lucario|Extreme Speed|p1a: Gronkowski
|-damage|p1a: Gronkowski|140/358
|-damage|p2a: Lucario|149/281|[from] ability: Rough Skin|[of] p1a: Gronkowski
|-damage|p2a: Lucario|121/281|[from] item: Life Orb
|
|-weather|SunnyDay|[upkeep]
|turn|11
|
|move|p2a: Lucario|Extreme Speed|p1a: Gronkowski
|-damage|p1a: Gronkowski|20/358
|-damage|p2a: Lucario|86/281|[from] ability: Rough Skin|[of] p1a: Gronkowski
|-damage|p2a: Lucario|58/281|[from] item: Life Orb
|move|p1a: Gronkowski|Fire Fang|p2a: Lucario
|-supereffective|p2a: Lucario
|-damage|p2a: Lucario|0 fnt
|faint|p2a: Lucario
|
|-weather|SunnyDay|[upkeep]
|
|switch|p2a: Tyranitar|Tyranitar, M|341/341
|-weather|Sandstorm|[from] ability: Sand Stream|[of] p2a: Tyranitar
|turn|12
|
|move|p1a: Gronkowski|Fire Fang|p2a: Tyranitar
|-resisted|p2a: Tyranitar
|-damage|p2a: Tyranitar|308/341
|move|p2a: Tyranitar|Crunch|p1a: Gronkowski
|-damage|p1a: Gronkowski|0 fnt
|-damage|p2a: Tyranitar|266/341|[from] ability: Rough Skin|[of] p1a: Gronkowski
|faint|p1a: Gronkowski
|
|-weather|Sandstorm|[upkeep]
|
|switch|p1a: Big D|Dugtrio, M|211/211
|-damage|p1a: Big D|185/211|[from] Spikes
|-damage|p1a: Big D|172/211|[from] Stealth Rock
|turn|13
|
|move|p2a: Tyranitar|Crunch|p1a: Big D
|-damage|p1a: Big D|0 fnt
|faint|p1a: Big D
|
|-weather|Sandstorm|[upkeep]
|
|switch|p1a: Mozilla|Ninetales, F|292/350
|-damage|p1a: Mozilla|249/350|[from] Spikes
|-damage|p1a: Mozilla|162/350|[from] Stealth Rock
|-weather|SunnyDay|[from] ability: Drought|[of] p1a: Mozilla
|turn|14
|
|move|p2a: Tyranitar|Crunch|p1a: Mozilla
|-damage|p1a: Mozilla|0 fnt
|faint|p1a: Mozilla
|
|-weather|SunnyDay|[upkeep]
|
|switch|p1a: Hulk|Venusaur, M|85/320
|-damage|p1a: Hulk|45/320|[from] Spikes
|-damage|p1a: Hulk|5/320|[from] Stealth Rock
|turn|15
|
|move|p1a: Hulk|Giga Drain|p2a: Tyranitar
|-supereffective|p2a: Tyranitar
|-damage|p2a: Tyranitar|0 fnt
|-heal|p1a: Hulk|138/320|[from] drain|[of] p2a: Tyranitar
|-damage|p1a: Hulk|106/320|[from] item: Life Orb
|faint|p2a: Tyranitar
|
|-weather|SunnyDay|[upkeep]
|
|switch|p2a: Breloom|Breloom, F|235/261
|turn|16
|
|move|p2a: Breloom|Mach Punch|p1a: Hulk
|-resisted|p1a: Hulk
|-damage|p1a: Hulk|19/320
|-damage|p2a: Breloom|209/261|[from] item: Life Orb
|move|p1a: Hulk|Hidden Power|p2a: Breloom
|-supereffective|p2a: Breloom
|-damage|p2a: Breloom|0 fnt
|-damage|p1a: Hulk|0 fnt|[from] item: Life Orb
|faint|p2a: Breloom
|faint|p1a: Hulk
|
|-weather|SunnyDay|[upkeep]
|
|switch|p2a: Keldeo|Keldeo|291/323
|switch|p1a: Dragonite|Dragonite, M|349/349
|-damage|p1a: Dragonite|262/349|[from] Stealth Rock
|turn|17
|
|move|p2a: Keldeo|Icy Wind|p1a: Dragonite
|-supereffective|p1a: Dragonite
|-damage|p1a: Dragonite|0 fnt
|-damage|p2a: Keldeo|259/323|[from] item: Life Orb
|faint|p1a: Dragonite
|
|win|dtw
|raw|Ladder updating...
|chat|dtw|gg
|raw|iloveyoulongtime's rating: 1471 &rarr; <strong>1447</strong><br />(-24 for losing)
|raw|dtw's rating: 1391 &rarr; <strong>1415</strong><br />(+24 for winning)