|j|☆Le Girondin
|j|☆yuwdqsa
|t:|1701535099
|gametype|singles
|player|p1|Le Girondin|aromalady|1366
|player|p2|yuwdqsa|lucas|1319
|teamsize|p1|6
|teamsize|p2|6
|gen|5
|tier|[Gen 5] OU
|rated|
|rule|Species Clause: Limit one of each Pokémon
|rule|OHKO Clause: OHKO moves are banned
|rule|Moody Clause: Moody is banned
|rule|Evasion Items Clause: Evasion items are banned
|rule|Evasion Moves Clause: Evasion moves are banned
|rule|Endless Battle Clause: Forcing endless battles is banned
|rule|HP Percentage Mod: HP is shown in percentages
|rule|Evasion Abilities Clause: Evasion abilities are banned
|rule|Sleep Moves Clause: Sleep-inducing moves are banned
|rule|Swagger Clause: Swagger is banned
|rule|Baton Pass Stat Clause: No Baton Passer may have a way to boost its stats
|clearpoke
|poke|p1|Excadrill, M|item
|poke|p1|Ferrothorn, M|item
|poke|p1|Jellicent, M|item
|poke|p1|Rotom-Wash|item
|poke|p1|Hippowdon, M|item
|poke|p1|Crobat, M|item
|poke|p2|Landorus-Therian, M|item
|poke|p2|Sceptile, M|item
|poke|p2|Rotom-Wash|item
|poke|p2|Excadrill, F|item
|poke|p2|Tyranitar, M|item
|poke|p2|Infernape, M|item
|teampreview
|c|☆Le Girondin|bon après-midi et bonne chance
|
|t:|1701535148
|start
|switch|p1a: Crobat|Crobat, M|100/100
|switch|p2a: Infernape|Infernape, M|100/100
|turn|1
|
|t:|1701535175
|move|p1a: Crobat|Taunt|p2a: Infernape
|-start|p2a: Infernape|move: Taunt
|move|p2a: Infernape|Thunder Punch|p1a: Crobat
|-supereffective|p1a: Crobat
|-damage|p1a: Crobat|10/100
|-damage|p2a: Infernape|91/100|[from] item: Life Orb
|
|upkeep
|turn|2
|
|t:|1701535184
|switch|p2a: Tyranitar|Tyranitar, M|100/100
|-weather|Sandstorm|[from] ability: Sand Stream|[of] p2a: Tyranitar
|move|p1a: Crobat|Brave Bird|p2a: Tyranitar
|-resisted|p2a: Tyranitar
|-damage|p2a: Tyranitar|77/100
|-damage|p1a: Crobat|0 fnt|[from] Recoil
|faint|p1a: Crobat
|
|-weather|Sandstorm|[upkeep]
|upkeep
|
|t:|1701535198
|switch|p1a: Excadrill|Excadrill, M|100/100
|-item|p1a: Excadrill|Air Balloon
|turn|3
|
|t:|1701535215
|switch|p1a: Rotom|Rotom-Wash|100/100
|switch|p2a: Landorus|Landorus-Therian, M|100/100
|-ability|p2a: Landorus|Intimidate|boost
|-unboost|p1a: Rotom|atk|1
|
|-weather|Sandstorm|[upkeep]
|-damage|p1a: Rotom|94/100|[from] Sandstorm
|upkeep
|turn|4
|
|t:|1701535293
|move|p1a: Rotom|Will-O-Wisp|p2a: Landorus
|-status|p2a: Landorus|brn
|move|p2a: Landorus|U-turn|p1a: Rotom
|-damage|p1a: Rotom|75/100
|
|t:|1701535300
|switch|p2a: Tyranitar|Tyranitar, M|77/100|[from] U-turn
|
|-weather|Sandstorm|[upkeep]
|-damage|p1a: Rotom|69/100|[from] Sandstorm
|upkeep
|turn|5
|
|t:|1701535310
|switch|p2a: Infernape|Infernape, M|91/100
|move|p1a: Rotom|Will-O-Wisp|p2a: Infernape
|-immune|p2a: Infernape
|
|-weather|Sandstorm|[upkeep]
|-damage|p1a: Rotom|62/100|[from] Sandstorm
|-damage|p2a: Infernape|84/100|[from] Sandstorm
|upkeep
|turn|6
|
|t:|1701535322
|switch|p1a: Hippowdon|Hippowdon, M|100/100
|move|p2a: Infernape|Thunder Punch|p1a: Hippowdon
|-immune|p1a: Hippowdon
|
|-weather|Sandstorm|[upkeep]
|-damage|p2a: Infernape|78/100|[from] Sandstorm
|upkeep
|turn|7
|
|t:|1701535331
|move|p2a: Infernape|U-turn|p1a: Hippowdon
|-damage|p1a: Hippowdon|87/100
|-damage|p2a: Infernape|68/100|[from] item: Life Orb
|
|t:|1701535343
|switch|p2a: Rotom|Rotom-Wash|100/100|[from] U-turn
|move|p1a: Hippowdon|Stealth Rock|p2a: Rotom
|-sidestart|p2: yuwdqsa|move: Stealth Rock
|
|-weather|Sandstorm|[upkeep]
|-damage|p2a: Rotom|94/100|[from] Sandstorm
|-heal|p2a: Rotom|100/100|[from] item: Leftovers
|-heal|p1a: Hippowdon|93/100|[from] item: Leftovers
|upkeep
|turn|8
|
|t:|1701535375
|move|p2a: Rotom|Will-O-Wisp|p1a: Hippowdon
|-status|p1a: Hippowdon|brn
|move|p1a: Hippowdon|Earthquake|p2a: Rotom
|-immune|p2a: Rotom|[from] ability: Levitate
|
|-weather|Sandstorm|[upkeep]
|-damage|p2a: Rotom|94/100|[from] Sandstorm
|-heal|p2a: Rotom|100/100|[from] item: Leftovers
|-heal|p1a: Hippowdon|99/100 brn|[from] item: Leftovers
|-damage|p1a: Hippowdon|87/100 brn|[from] brn
|upkeep
|turn|9
|
|t:|1701535404
|move|p2a: Rotom|Hydro Pump|p1a: Hippowdon
|-supereffective|p1a: Hippowdon
|-damage|p1a: Hippowdon|0 fnt
|faint|p1a: Hippowdon
|
|-weather|Sandstorm|[upkeep]
|-damage|p2a: Rotom|94/100|[from] Sandstorm
|-heal|p2a: Rotom|100/100|[from] item: Leftovers
|upkeep
|
|t:|1701535411
|switch|p1a: Ferrothorn|Ferrothorn, M|100/100
|turn|10
|inactive|Battle timer is ON: inactive players will automatically lose when time's up. (requested by Le Girondin)
|inactive|yuwdqsa has 120 seconds left.
|c|☆Le Girondin|tu prends trop de temps
|c|☆Le Girondin|Avez-vous oublié que la machine à laver était allumée?
|inactive|yuwdqsa has 90 seconds left.
|inactive|yuwdqsa has 60 seconds left.
|inactive|yuwdqsa has 30 seconds left.
|inactive|yuwdqsa has 20 seconds left.
|inactive|yuwdqsa has 15 seconds left.
|inactive|yuwdqsa has 10 seconds left.
|inactive|yuwdqsa has 5 seconds left.
|-message|yuwdqsa lost due to inactivity.
|
|win|Le Girondin
|raw|Le Girondin's rating: 1366 &rarr; <strong>1383</strong><br />(+17 for winning)
|raw|yuwdqsa's rating: 1319 &rarr; <strong>1302</strong><br />(-17 for losing)
