|j|☆Poo420
|j|☆minutemaid13
|t:|1707398359
|gametype|singles
|player|p1|Poo420|265|1429
|player|p2|minutemaid13|101|1351
|teamsize|p1|6
|teamsize|p2|6
|gen|5
|tier|[Gen 5] OU
|rated|
|rule|Species Clause: Limit one of each Pokémon
|rule|OHKO Clause: OHKO moves are banned
|rule|Moody Clause: Moody is banned
|rule|Evasion Items Clause: Evasion items are banned
|rule|Evasion Moves Clause: Evasion moves are banned
|rule|Endless Battle Clause: Forcing endless battles is banned
|rule|HP Percentage Mod: HP is shown in percentages
|rule|Evasion Abilities Clause: Evasion abilities are banned
|rule|Sleep Moves Clause: Sleep-inducing moves are banned
|rule|Swagger Clause: Swagger is banned
|rule|Baton Pass Stat Clause: No Baton Passer may have a way to boost its stats
|clearpoke
|poke|p1|Garchomp, F|item
|poke|p1|Volcarona, M|item
|poke|p1|Dragonite, M|item
|poke|p1|Breloom, M|item
|poke|p1|Starmie|item
|poke|p1|Scizor, M|item
|poke|p2|Skarmory, M|item
|poke|p2|Blissey, F|item
|poke|p2|Celebi|item
|poke|p2|Alakazam, M|item
|poke|p2|Heatran, F|item
|poke|p2|Keldeo|item
|teampreview
|inactive|Battle timer is ON: inactive players will automatically lose when time's up. (requested by Poo420)
|
|t:|1707398374
|start
|switch|p1a: Garchomp|Garchomp, F|100/100
|switch|p2a: Keldeo|Keldeo|100/100
|turn|1
|
|t:|1707398378
|move|p2a: Keldeo|Icy Wind|p1a: Garchomp
|-supereffective|p1a: Garchomp
|-enditem|p1a: Garchomp|Focus Sash
|-damage|p1a: Garchomp|1/100
|-unboost|p1a: Garchomp|spe|1
|move|p1a: Garchomp|Stealth Rock|p2a: Keldeo
|-sidestart|p2: minutemaid13|move: Stealth Rock
|
|upkeep
|turn|2
|
|t:|1707398385
|move|p2a: Keldeo|Icy Wind|p1a: Garchomp
|-supereffective|p1a: Garchomp
|-damage|p1a: Garchomp|0 fnt
|faint|p1a: Garchomp
|
|upkeep
|
|t:|1707398413
|switch|p1a: Breloom|Breloom, M|100/100
|turn|3
|
|t:|1707398420
|switch|p2a: Skarmory|Skarmory, M|100/100
|-damage|p2a: Skarmory|88/100|[from] Stealth Rock
|move|p1a: Breloom|Bullet Seed|p2a: Skarmory
|-resisted|p2a: Skarmory
|-damage|p2a: Skarmory|84/100
|-resisted|p2a: Skarmory
|-damage|p2a: Skarmory|80/100
|-hitcount|p2a: Skarmory|2
|-damage|p1a: Breloom|91/100|[from] item: Life Orb
|
|-heal|p2a: Skarmory|86/100|[from] item: Leftovers
|upkeep
|turn|4
|
|t:|1707398429
|move|p1a: Breloom|Low Sweep|p2a: Skarmory
|-damage|p2a: Skarmory|49/100
|-unboost|p2a: Skarmory|spe|1
|-damage|p1a: Breloom|81/100|[from] item: Life Orb
|move|p2a: Skarmory|Spikes|p1a: Breloom
|-sidestart|p1: Poo420|Spikes
|
|-heal|p2a: Skarmory|55/100|[from] item: Leftovers
|upkeep
|turn|5
|
|t:|1707398436
|move|p1a: Breloom|Low Sweep|p2a: Skarmory
|-damage|p2a: Skarmory|17/100
|-unboost|p2a: Skarmory|spe|1
|-damage|p1a: Breloom|71/100|[from] item: Life Orb
|move|p2a: Skarmory|Spikes|p1a: Breloom
|-sidestart|p1: Poo420|Spikes
|
|-heal|p2a: Skarmory|23/100|[from] item: Leftovers
|upkeep
|turn|6
|
|t:|1707398447
|switch|p2a: Celebi|Celebi|100/100
|-damage|p2a: Celebi|88/100|[from] Stealth Rock
|move|p1a: Breloom|Low Sweep|p2a: Celebi
|-resisted|p2a: Celebi
|-damage|p2a: Celebi|59/100
|-unboost|p2a: Celebi|spe|1
|-damage|p1a: Breloom|61/100|[from] item: Life Orb
|
|-heal|p2a: Celebi|65/100|[from] item: Leftovers
|upkeep
|turn|7
|
|t:|1707398465
|move|p1a: Breloom|Low Sweep|p2a: Celebi
|-resisted|p2a: Celebi
|-damage|p2a: Celebi|35/100
|-unboost|p2a: Celebi|spe|1
|-damage|p1a: Breloom|51/100|[from] item: Life Orb
|move|p2a: Celebi|Thunder Wave|p1a: Breloom
|-status|p1a: Breloom|par
|
|-heal|p2a: Celebi|41/100|[from] item: Leftovers
|upkeep
|turn|8
|
|t:|1707398468
|move|p2a: Celebi|Recover|p2a: Celebi
|-heal|p2a: Celebi|92/100
|move|p1a: Breloom|Low Sweep|p2a: Celebi
|-resisted|p2a: Celebi
|-damage|p2a: Celebi|62/100
|-unboost|p2a: Celebi|spe|1
|-damage|p1a: Breloom|41/100 par|[from] item: Life Orb
|
|-heal|p2a: Celebi|68/100|[from] item: Leftovers
|upkeep
|turn|9
|
|t:|1707398471
|move|p2a: Celebi|Recover|p2a: Celebi
|-heal|p2a: Celebi|100/100
|move|p1a: Breloom|Low Sweep|p2a: Celebi
|-resisted|p2a: Celebi
|-damage|p2a: Celebi|72/100
|-unboost|p2a: Celebi|spe|1
|-damage|p1a: Breloom|31/100 par|[from] item: Life Orb
|
|-heal|p2a: Celebi|78/100|[from] item: Leftovers
|upkeep
|turn|10
|
|t:|1707398485
|move|p2a: Celebi|Giga Drain|p1a: Breloom
|-resisted|p1a: Breloom
|-damage|p1a: Breloom|8/100 par
|-heal|p2a: Celebi|86/100|[from] drain|[of] p1a: Breloom
|move|p1a: Breloom|Low Sweep|p2a: Celebi
|-resisted|p2a: Celebi
|-damage|p2a: Celebi|57/100
|-unboost|p2a: Celebi|spe|1
|-damage|p1a: Breloom|0 fnt|[from] item: Life Orb
|faint|p1a: Breloom
|
|-heal|p2a: Celebi|63/100|[from] item: Leftovers
|upkeep
|
|t:|1707398503
|switch|p1a: Starmie|Starmie|100/100
|-item|p1a: Starmie|Air Balloon
|turn|11
|
|t:|1707398507
|move|p1a: Starmie|Ice Beam|p2a: Celebi
|-supereffective|p2a: Celebi
|-damage|p2a: Celebi|28/100
|move|p2a: Celebi|Giga Drain|p1a: Starmie
|-supereffective|p1a: Starmie
|-damage|p1a: Starmie|22/100
|-heal|p2a: Celebi|53/100|[from] drain|[of] p1a: Starmie
|-enditem|p1a: Starmie|Air Balloon
|
|-heal|p2a: Celebi|60/100|[from] item: Leftovers
|upkeep
|turn|12
|
|t:|1707398511
|move|p1a: Starmie|Ice Beam|p2a: Celebi
|-supereffective|p2a: Celebi
|-damage|p2a: Celebi|24/100
|move|p2a: Celebi|Giga Drain|p1a: Starmie
|-supereffective|p1a: Starmie
|-damage|p1a: Starmie|0 fnt
|-heal|p2a: Celebi|31/100|[from] drain|[of] p1a: Starmie
|faint|p1a: Starmie
|
|-heal|p2a: Celebi|37/100|[from] item: Leftovers
|upkeep
|
|t:|1707398525
|switch|p1a: Scizor|Scizor, M|100/100
|-damage|p1a: Scizor|84/100|[from] Spikes
|turn|13
|
|t:|1707398540
|move|p1a: Scizor|Swords Dance|p1a: Scizor
|-boost|p1a: Scizor|atk|2
|move|p2a: Celebi|Thunder Wave|p1a: Scizor
|-status|p1a: Scizor|par
|
|-heal|p2a: Celebi|44/100|[from] item: Leftovers
|upkeep
|turn|14
|
|t:|1707398552
|move|p2a: Celebi|Earth Power|p1a: Scizor
|-damage|p1a: Scizor|53/100 par
|cant|p1a: Scizor|par
|
|-heal|p2a: Celebi|50/100|[from] item: Leftovers
|upkeep
|turn|15
|
|t:|1707398557
|-activate|p2a: Celebi|move: Pursuit
|move|p1a: Scizor|Pursuit|p2a: Celebi|[from]Pursuit
|-supereffective|p2a: Celebi
|-damage|p2a: Celebi|0 fnt
|faint|p2a: Celebi
|-damage|p1a: Scizor|43/100 par|[from] item: Life Orb
|-hint|A Pokemon can't switch between when it runs out of HP and when it faints
|
|upkeep
|
|t:|1707398564
|switch|p2a: Skarmory|Skarmory, M|23/100
|-damage|p2a: Skarmory|11/100|[from] Stealth Rock
|turn|16
|
|t:|1707398574
|move|p1a: Scizor|Bullet Punch|p2a: Skarmory
|-resisted|p2a: Skarmory
|-damage|p2a: Skarmory|0 fnt
|faint|p2a: Skarmory
|-damage|p1a: Scizor|33/100 par|[from] item: Life Orb
|
|upkeep
|
|t:|1707398577
|switch|p2a: Heatran|Heatran, F|100/100
|-damage|p2a: Heatran|88/100|[from] Stealth Rock
|turn|17
|
|t:|1707398580
|move|p2a: Heatran|Lava Plume|p1a: Scizor
|-supereffective|p1a: Scizor
|-damage|p1a: Scizor|0 fnt
|faint|p1a: Scizor
|
|-heal|p2a: Heatran|94/100|[from] item: Leftovers
|upkeep
|
|t:|1707398595
|switch|p1a: Dragonite|Dragonite, M|100/100
|turn|18
|
|t:|1707398601
|move|p1a: Dragonite|Dragon Dance|p1a: Dragonite
|-boost|p1a: Dragonite|atk|1
|-boost|p1a: Dragonite|spe|1
|move|p2a: Heatran|Toxic|p1a: Dragonite
|-status|p1a: Dragonite|tox
|-enditem|p1a: Dragonite|Lum Berry|[eat]
|-curestatus|p1a: Dragonite|tox|[msg]
|
|-heal|p2a: Heatran|100/100|[from] item: Leftovers
|upkeep
|turn|19
|
|t:|1707398613
|switch|p2a: Blissey|Blissey, F|100/100
|-damage|p2a: Blissey|88/100|[from] Stealth Rock
|move|p1a: Dragonite|Dragon Dance|p1a: Dragonite
|-boost|p1a: Dragonite|atk|1
|-boost|p1a: Dragonite|spe|1
|
|-heal|p2a: Blissey|94/100|[from] item: Leftovers
|upkeep
|turn|20
|
|t:|1707398621
|move|p1a: Dragonite|Extreme Speed|p2a: Blissey
|-damage|p2a: Blissey|0 fnt
|faint|p2a: Blissey
|
|upkeep
|
|t:|1707398627
|switch|p2a: Keldeo|Keldeo|100/100
|-damage|p2a: Keldeo|94/100|[from] Stealth Rock
|turn|21
|
|t:|1707398630
|move|p1a: Dragonite|Extreme Speed|p2a: Keldeo
|-damage|p2a: Keldeo|20/100
|move|p2a: Keldeo|Icy Wind|p1a: Dragonite
|-supereffective|p1a: Dragonite
|-damage|p1a: Dragonite|50/100
|-unboost|p1a: Dragonite|spe|1
|
|upkeep
|turn|22
|
|t:|1707398634
|move|p1a: Dragonite|Extreme Speed|p2a: Keldeo
|-damage|p2a: Keldeo|0 fnt
|faint|p2a: Keldeo
|
|upkeep
|
|t:|1707398635
|switch|p2a: Alakazam|Alakazam, M|100/100
|turn|23
|
|t:|1707398640
|move|p1a: Dragonite|Extreme Speed|p2a: Alakazam
|-enditem|p2a: Alakazam|Focus Sash
|-damage|p2a: Alakazam|1/100
|move|p2a: Alakazam|Hidden Power|p1a: Dragonite
|-supereffective|p1a: Dragonite
|-damage|p1a: Dragonite|0 fnt
|faint|p1a: Dragonite
|
|upkeep
|
|t:|1707398644
|switch|p1a: Volcarona|Volcarona, M|100/100
|-damage|p1a: Volcarona|84/100|[from] Spikes
|turn|24
|
|t:|1707398652
|move|p2a: Alakazam|Psyshock|p1a: Volcarona
|-damage|p1a: Volcarona|25/100
|move|p1a: Volcarona|Quiver Dance|p1a: Volcarona
|-boost|p1a: Volcarona|spa|1
|-boost|p1a: Volcarona|spd|1
|-boost|p1a: Volcarona|spe|1
|
|upkeep
|turn|25
|
|t:|1707398657
|move|p1a: Volcarona|Bug Buzz|p2a: Alakazam
|-supereffective|p2a: Alakazam
|-damage|p2a: Alakazam|0 fnt
|faint|p2a: Alakazam
|
|upkeep
|
|t:|1707398659
|switch|p2a: Heatran|Heatran, F|100/100
|-damage|p2a: Heatran|88/100|[from] Stealth Rock
|turn|26
|
|t:|1707398662
|move|p1a: Volcarona|Bug Buzz|p2a: Heatran
|-resisted|p2a: Heatran
|-damage|p2a: Heatran|74/100
|move|p2a: Heatran|Lava Plume|p1a: Volcarona
|-damage|p1a: Volcarona|4/100
|
|-heal|p2a: Heatran|80/100|[from] item: Leftovers
|upkeep
|turn|27
|
|t:|1707398665
|move|p1a: Volcarona|Bug Buzz|p2a: Heatran
|-resisted|p2a: Heatran
|-damage|p2a: Heatran|66/100
|move|p2a: Heatran|Lava Plume|p1a: Volcarona
|-damage|p1a: Volcarona|0 fnt
|faint|p1a: Volcarona
|
|win|minutemaid13
|raw|Poo420's rating: 1429 &rarr; <strong>1405</strong><br />(-24 for losing)
|raw|minutemaid13's rating: 1351 &rarr; <strong>1375</strong><br />(+24 for winning)
