|j|☆MartyParty776
|j|☆TheetumThoor
|player|p1|MartyParty776|254|1335
|player|p2|TheetumThoor|102|1310
|teamsize|p1|6
|teamsize|p2|6
|gametype|singles
|gen|5
|tier|[Gen 5] OU
|rated|
|rule|Sleep Clause Mod: Limit one foe put to sleep
|rule|Species Clause: Limit one of each Pokémon
|rule|OHKO Clause: OHKO moves are banned
|rule|Moody Clause: Moody is banned
|rule|Evasion Moves Clause: Evasion moves are banned
|rule|Endless Battle Clause: Forcing endless battles is banned
|rule|HP Percentage Mod: HP is shown in percentages
|rule|Evasion Abilities Clause: Evasion abilities are banned
|rule|Baton Pass Clause: Limit one Baton Passer, can't pass Spe and other stats simultaneously
|rule|Swagger Clause: Swagger is banned
|clearpoke
|poke|p1|Alakazam, M|item
|poke|p1|Magnezone|item
|poke|p1|Tyranitar, F|item
|poke|p1|Landorus-Therian, M|item
|poke|p1|Keldeo-Resolute|item
|poke|p1|Ferrothorn, F|item
|poke|p2|Garchomp, M|item
|poke|p2|Hippowdon, M|item
|poke|p2|Starmie|item
|poke|p2|Breloom, F|item
|poke|p2|Jirachi|item
|poke|p2|Latios, M|item
|teampreview
|
|start
|switch|p1a: Keldeo|Keldeo-Resolute|100/100
|switch|p2a: Hippowdon|Hippowdon, M|100/100
|-weather|Sandstorm|[from] ability: Sand Stream|[of] p2a: Hippowdon
|turn|1
|inactive|Battle timer is ON: inactive players will automatically lose when time's up. (requested by TheetumThoor)
|
|switch|p2a: Jirachi|Jirachi|100/100
|move|p1a: Keldeo|Hydro Pump|p2a: Jirachi|[miss]
|-miss|p1a: Keldeo|p2a: Jirachi
|
|-weather|Sandstorm|[upkeep]
|-damage|p1a: Keldeo|94/100|[from] Sandstorm
|upkeep
|turn|2
|
|switch|p1a: Magnezone|Magnezone, shiny|100/100
|switch|p2a: Starmie|Starmie|100/100
|
|-weather|Sandstorm|[upkeep]
|-damage|p2a: Starmie|94/100|[from] Sandstorm
|upkeep
|turn|3
|
|switch|p2a: Hippowdon|Hippowdon, M|100/100
|switch|p1a: Keldeo|Keldeo-Resolute|94/100
|
|-weather|Sandstorm|[upkeep]
|-damage|p1a: Keldeo|88/100|[from] Sandstorm
|upkeep
|turn|4
|
|switch|p2a: Starmie|Starmie|94/100
|move|p1a: Keldeo|Hydro Pump|p2a: Starmie|[miss]
|-miss|p1a: Keldeo|p2a: Starmie
|
|-weather|Sandstorm|[upkeep]
|-damage|p2a: Starmie|88/100|[from] Sandstorm
|-damage|p1a: Keldeo|82/100|[from] Sandstorm
|upkeep
|turn|5
|c|☆TheetumThoor|lol
|
|switch|p1a: Ferrothorn|Ferrothorn, F|100/100
|move|p2a: Starmie|Thunderbolt|p1a: Ferrothorn
|-resisted|p1a: Ferrothorn
|-damage|p1a: Ferrothorn|81/100
|-damage|p2a: Starmie|78/100|[from] item: Life Orb
|
|-weather|Sandstorm|[upkeep]
|-damage|p2a: Starmie|72/100|[from] Sandstorm
|upkeep
|turn|6
|
|switch|p2a: Hippowdon|Hippowdon, M|100/100
|move|p1a: Ferrothorn|Gyro Ball|p2a: Hippowdon
|-crit|p2a: Hippowdon
|-damage|p2a: Hippowdon|67/100
|-damage|p1a: Ferrothorn|64/100|[from] item: Rocky Helmet|[of] p2a: Hippowdon
|
|-weather|Sandstorm|[upkeep]
|upkeep
|turn|7
|
|move|p2a: Hippowdon|Stealth Rock|p1a: Ferrothorn
|-sidestart|p1: MartyParty776|move: Stealth Rock
|move|p1a: Ferrothorn|Power Whip|p2a: Hippowdon
|-supereffective|p2a: Hippowdon
|-damage|p2a: Hippowdon|14/100
|-damage|p1a: Ferrothorn|48/100|[from] item: Rocky Helmet|[of] p2a: Hippowdon
|
|-weather|Sandstorm|[upkeep]
|upkeep
|turn|8
|
|switch|p2a: Breloom|Breloom, F|100/100
|move|p1a: Ferrothorn|Stealth Rock|p2a: Breloom
|-sidestart|p2: TheetumThoor|move: Stealth Rock
|
|-weather|Sandstorm|[upkeep]
|-damage|p2a: Breloom|94/100|[from] Sandstorm
|-status|p2a: Breloom|tox|[from] item: Toxic Orb
|upkeep
|turn|9
|
|move|p2a: Breloom|Spore|p1a: Ferrothorn
|-status|p1a: Ferrothorn|slp|[from] move: Spore
|cant|p1a: Ferrothorn|slp
|
|-weather|Sandstorm|[upkeep]
|-damage|p2a: Breloom|88/100 tox|[from] Sandstorm
|-heal|p2a: Breloom|100/100 tox|[from] ability: Poison Heal
|upkeep
|turn|10
|
|switch|p2a: Latios|Latios, M|100/100
|-damage|p2a: Latios|88/100|[from] Stealth Rock
|switch|p1a: Landorus|Landorus-Therian, M, shiny|100/100
|-damage|p1a: Landorus|88/100|[from] Stealth Rock
|-ability|p1a: Landorus|Intimidate|boost
|-unboost|p2a: Latios|atk|1
|
|-weather|Sandstorm|[upkeep]
|-damage|p2a: Latios|82/100|[from] Sandstorm
|upkeep
|turn|11
|
|move|p1a: Landorus|U-turn|p2a: Latios
|-supereffective|p2a: Latios
|-damage|p2a: Latios|14/100
|
|switch|p1a: Ferrothorn|Ferrothorn, F|48/100 slp|[from]move: U-turn
|-damage|p1a: Ferrothorn|42/100 slp|[from] Stealth Rock
|move|p2a: Latios|Draco Meteor|p1a: Ferrothorn
|-resisted|p1a: Ferrothorn
|-damage|p1a: Ferrothorn|0 fnt
|-unboost|p2a: Latios|spa|2
|faint|p1a: Ferrothorn
|
|-weather|Sandstorm|[upkeep]
|-damage|p2a: Latios|8/100|[from] Sandstorm
|upkeep
|
|switch|p1a: Landorus|Landorus-Therian, M, shiny|88/100
|-damage|p1a: Landorus|76/100|[from] Stealth Rock
|-ability|p1a: Landorus|Intimidate|boost
|-unboost|p2a: Latios|atk|1
|turn|12
|
|move|p1a: Landorus|U-turn|p2a: Latios
|-supereffective|p2a: Latios
|-damage|p2a: Latios|0 fnt
|faint|p2a: Latios
|
|switch|p1a: Keldeo|Keldeo-Resolute|82/100|[from]move: U-turn
|-damage|p1a: Keldeo|76/100|[from] Stealth Rock
|
|-weather|Sandstorm|[upkeep]
|-damage|p1a: Keldeo|70/100|[from] Sandstorm
|upkeep
|
|switch|p2a: Starmie|Starmie|72/100
|-damage|p2a: Starmie|60/100|[from] Stealth Rock
|turn|13
|
|move|p2a: Starmie|Hydro Pump|p1a: Keldeo
|-resisted|p1a: Keldeo
|-damage|p1a: Keldeo|29/100
|-damage|p2a: Starmie|50/100|[from] item: Life Orb
|move|p1a: Keldeo|Hidden Power|p2a: Starmie
|-supereffective|p2a: Starmie
|-damage|p2a: Starmie|0 fnt
|faint|p2a: Starmie
|
|-weather|Sandstorm|[upkeep]
|-damage|p1a: Keldeo|23/100|[from] Sandstorm
|upkeep
|
|switch|p2a: Jirachi|Jirachi|100/100
|-damage|p2a: Jirachi|94/100|[from] Stealth Rock
|turn|14
|
|switch|p1a: Magnezone|Magnezone, shiny|100/100
|-damage|p1a: Magnezone|94/100|[from] Stealth Rock
|move|p2a: Jirachi|Body Slam|p1a: Magnezone
|-resisted|p1a: Magnezone
|-damage|p1a: Magnezone|85/100
|-status|p1a: Magnezone|par
|
|-weather|Sandstorm|[upkeep]
|-heal|p2a: Jirachi|100/100|[from] item: Leftovers
|upkeep
|turn|15
|
|move|p2a: Jirachi|Hidden Power|p1a: Magnezone
|-supereffective|p1a: Magnezone
|-damage|p1a: Magnezone|4/100 par
|move|p1a: Magnezone|Hidden Power|p2a: Jirachi
|-supereffective|p2a: Jirachi
|-crit|p2a: Jirachi
|-damage|p2a: Jirachi|13/100
|
|-weather|Sandstorm|[upkeep]
|-heal|p2a: Jirachi|20/100|[from] item: Leftovers
|upkeep
|turn|16
|
|move|p2a: Jirachi|Wish|p2a: Jirachi
|move|p1a: Magnezone|Hidden Power|p2a: Jirachi
|-supereffective|p2a: Jirachi
|-damage|p2a: Jirachi|0 fnt
|faint|p2a: Jirachi
|
|-weather|Sandstorm|[upkeep]
|upkeep
|
|switch|p2a: Hippowdon|Hippowdon, M|14/100
|-damage|p2a: Hippowdon|8/100|[from] Stealth Rock
|turn|17
|
|move|p2a: Hippowdon|Slack Off|p2a: Hippowdon
|-heal|p2a: Hippowdon|58/100
|move|p1a: Magnezone|Hidden Power|p2a: Hippowdon
|-damage|p2a: Hippowdon|16/100
|
|-weather|Sandstorm|[upkeep]
|-heal|p2a: Hippowdon|64/100|[from] move: Wish|[wisher] Jirachi
|upkeep
|turn|18
|
|switch|p1a: Landorus|Landorus-Therian, M, shiny|76/100
|-damage|p1a: Landorus|63/100|[from] Stealth Rock
|-ability|p1a: Landorus|Intimidate|boost
|-unboost|p2a: Hippowdon|atk|1
|move|p2a: Hippowdon|Ice Fang|p1a: Landorus
|-supereffective|p1a: Landorus
|-damage|p1a: Landorus|10/100
|
|-weather|Sandstorm|[upkeep]
|upkeep
|turn|19
|
|move|p1a: Landorus|Grass Knot|p2a: Hippowdon
|-supereffective|p2a: Hippowdon
|-damage|p2a: Hippowdon|0 fnt
|-damage|p1a: Landorus|0 fnt|[from] item: Rocky Helmet|[of] p2a: Hippowdon
|faint|p1a: Landorus
|faint|p2a: Hippowdon
|
|-weather|Sandstorm|[upkeep]
|upkeep
|inactive|TheetumThoor has 120 seconds left.
|
|switch|p1a: Alakazam|Alakazam, M|100/100
|switch|p2a: Breloom|Breloom, F|100/100 tox
|-damage|p2a: Breloom|94/100 tox|[from] Stealth Rock
|turn|20
|
|move|p1a: Alakazam|Psychic|p2a: Breloom
|-supereffective|p2a: Breloom
|-damage|p2a: Breloom|0 fnt
|faint|p2a: Breloom
|
|-weather|Sandstorm|[upkeep]
|upkeep
|
|switch|p2a: Garchomp|Garchomp, M|100/100
|-damage|p2a: Garchomp|94/100|[from] Stealth Rock
|turn|21
|
|move|p2a: Garchomp|Earthquake|p1a: Alakazam
|-enditem|p1a: Alakazam|Focus Sash
|-damage|p1a: Alakazam|1/100
|move|p1a: Alakazam|Psychic|p2a: Garchomp
|-damage|p2a: Garchomp|35/100
|
|-weather|Sandstorm|[upkeep]
|upkeep
|turn|22
|
|move|p2a: Garchomp|Earthquake|p1a: Alakazam
|-damage|p1a: Alakazam|0 fnt
|faint|p1a: Alakazam
|
|-weather|Sandstorm|[upkeep]
|upkeep
|
|switch|p1a: Tyranitar|Tyranitar, F|100/100
|-damage|p1a: Tyranitar|88/100|[from] Stealth Rock
|turn|23
|
|move|p2a: Garchomp|Earthquake|p1a: Tyranitar
|-supereffective|p1a: Tyranitar
|-damage|p1a: Tyranitar|5/100
|move|p1a: Tyranitar|Crunch|p2a: Garchomp
|-damage|p2a: Garchomp|0 fnt
|-damage|p1a: Tyranitar|0 fnt|[from] ability: Rough Skin|[of] p2a: Garchomp
|faint|p1a: Tyranitar
|faint|p2a: Garchomp
|
|win|MartyParty776
|c|☆TheetumThoor|gg
|c|☆MartyParty776|gg
|raw|MartyParty776's rating: 1335 &rarr; <strong>1354</strong><br />(+19 for winning)
|raw|TheetumThoor's rating: 1316 &rarr; <strong>1297</strong><br />(-19 for losing)
