|j|☆Coronet077
|j|☆kgcdthbvv
|t:|1701567382
|gametype|singles
|player|p1|Coronet077|fisherman-gen4|1412
|player|p2|kgcdthbvv|266|1376
|teamsize|p1|6
|teamsize|p2|6
|gen|5
|tier|[Gen 5] OU
|rated|
|rule|Species Clause: Limit one of each Pokémon
|rule|OHKO Clause: OHKO moves are banned
|rule|Moody Clause: Moody is banned
|rule|Evasion Items Clause: Evasion items are banned
|rule|Evasion Moves Clause: Evasion moves are banned
|rule|Endless Battle Clause: Forcing endless battles is banned
|rule|HP Percentage Mod: HP is shown in percentages
|rule|Evasion Abilities Clause: Evasion abilities are banned
|rule|Sleep Moves Clause: Sleep-inducing moves are banned
|rule|Swagger Clause: Swagger is banned
|rule|Baton Pass Stat Clause: No Baton Passer may have a way to boost its stats
|clearpoke
|poke|p1|Politoed, M|item
|poke|p1|Ferrothorn, M|item
|poke|p1|Tentacruel, F|item
|poke|p1|Latios, M|item
|poke|p1|Keldeo|item
|poke|p1|Thundurus-Therian, M|item
|poke|p2|Politoed, M|item
|poke|p2|Toxicroak, M|item
|poke|p2|Rotom-Wash|item
|poke|p2|Latios, M|item
|poke|p2|Scizor, F|item
|poke|p2|Excadrill, M|item
|teampreview
|inactive|Battle timer is ON: inactive players will automatically lose when time's up. (requested by kgcdthbvv)
|
|t:|1701567397
|start
|switch|p1a: Ferrothorn|Ferrothorn, M|100/100
|switch|p2a: Politoed|Politoed, M|100/100
|-weather|RainDance|[from] ability: Drizzle|[of] p2a: Politoed
|turn|1
|
|t:|1701567405
|switch|p2a: Toxicroak|Toxicroak, M|100/100
|move|p1a: Ferrothorn|Knock Off|p2a: Toxicroak
|-resisted|p2a: Toxicroak
|-damage|p2a: Toxicroak|98/100
|-enditem|p2a: Toxicroak|Shuca Berry|[from] move: Knock Off|[of] p1a: Ferrothorn
|
|-weather|RainDance|[upkeep]
|-heal|p2a: Toxicroak|100/100|[from] ability: Dry Skin
|upkeep
|turn|2
|
|t:|1701567419
|switch|p1a: Thundurus|Thundurus-Therian, M|100/100
|move|p2a: Toxicroak|Substitute|p2a: Toxicroak
|-start|p2a: Toxicroak|Substitute
|-damage|p2a: Toxicroak|76/100
|
|-weather|RainDance|[upkeep]
|-heal|p2a: Toxicroak|88/100|[from] ability: Dry Skin
|upkeep
|turn|3
|
|t:|1701567428
|move|p1a: Thundurus|Thunder|p2a: Toxicroak
|-end|p2a: Toxicroak|Substitute
|move|p2a: Toxicroak|Ice Punch|p1a: Thundurus
|-supereffective|p1a: Thundurus
|-damage|p1a: Thundurus|30/100
|
|-weather|RainDance|[upkeep]
|-heal|p2a: Toxicroak|100/100|[from] ability: Dry Skin
|-heal|p1a: Thundurus|37/100|[from] item: Leftovers
|upkeep
|turn|4
|inactive|kgcdthbvv has 120 seconds left.
|
|t:|1701567475
|switch|p2a: Politoed|Politoed, M|100/100
|move|p1a: Thundurus|Thunder|p2a: Politoed
|-supereffective|p2a: Politoed
|-damage|p2a: Politoed|0 fnt
|faint|p2a: Politoed
|
|-weather|RainDance|[upkeep]
|-heal|p1a: Thundurus|43/100|[from] item: Leftovers
|upkeep
|inactive|kgcdthbvv has 90 seconds left.
|
|t:|1701567496
|switch|p2a: Latios|Latios, M|100/100
|turn|5
|inactive|kgcdthbvv has 90 seconds left.
|
|t:|1701567510
|switch|p1a: Ferrothorn|Ferrothorn, M|100/100
|move|p2a: Latios|Dragon Pulse|p1a: Ferrothorn
|-resisted|p1a: Ferrothorn
|-damage|p1a: Ferrothorn|83/100
|
|-weather|RainDance|[upkeep]
|-heal|p1a: Ferrothorn|90/100|[from] item: Leftovers
|upkeep
|turn|6
|
|t:|1701567520
|switch|p2a: Toxicroak|Toxicroak, M|100/100
|move|p1a: Ferrothorn|Gyro Ball|p2a: Toxicroak
|-damage|p2a: Toxicroak|45/100
|
|-weather|RainDance|[upkeep]
|-heal|p2a: Toxicroak|58/100|[from] ability: Dry Skin
|-heal|p1a: Ferrothorn|96/100|[from] item: Leftovers
|upkeep
|turn|7
|
|t:|1701567531
|switch|p1a: Politoed|Politoed, M, shiny|100/100
|move|p2a: Toxicroak|Drain Punch|p1a: Politoed
|-damage|p1a: Politoed|70/100
|-heal|p2a: Toxicroak|74/100|[from] drain|[of] p1a: Politoed
|
|-weather|RainDance|[upkeep]
|-heal|p2a: Toxicroak|86/100|[from] ability: Dry Skin
|-heal|p1a: Politoed|76/100|[from] item: Leftovers
|upkeep
|turn|8
|
|t:|1701567543
|switch|p2a: Rotom|Rotom-Wash|100/100
|move|p1a: Politoed|Encore||[still]
|-fail|p1a: Politoed
|
|-weather|RainDance|[upkeep]
|-heal|p1a: Politoed|83/100|[from] item: Leftovers
|upkeep
|turn|9
|
|t:|1701567553
|move|p1a: Politoed|Protect|p1a: Politoed
|-singleturn|p1a: Politoed|Protect
|move|p2a: Rotom|Hydro Pump|p1a: Politoed
|-activate|p1a: Politoed|move: Protect
|
|-weather|RainDance|[upkeep]
|-heal|p1a: Politoed|89/100|[from] item: Leftovers
|upkeep
|turn|10
|
|t:|1701567562
|switch|p2a: Toxicroak|Toxicroak, M|86/100
|switch|p1a: Ferrothorn|Ferrothorn, M|96/100
|
|-weather|RainDance|[upkeep]
|-heal|p2a: Toxicroak|99/100|[from] ability: Dry Skin
|-heal|p1a: Ferrothorn|100/100|[from] item: Leftovers
|upkeep
|turn|11
|
|t:|1701567574
|switch|p1a: Politoed|Politoed, M, shiny|89/100
|move|p2a: Toxicroak|Substitute|p2a: Toxicroak
|-start|p2a: Toxicroak|Substitute
|-damage|p2a: Toxicroak|74/100
|
|-weather|RainDance|[upkeep]
|-heal|p2a: Toxicroak|86/100|[from] ability: Dry Skin
|-heal|p1a: Politoed|95/100|[from] item: Leftovers
|upkeep
|turn|12
|
|t:|1701567585
|move|p2a: Toxicroak|Drain Punch|p1a: Politoed
|-damage|p1a: Politoed|64/100
|-heal|p2a: Toxicroak|100/100|[from] drain|[of] p1a: Politoed
|move|p1a: Politoed|Encore|p2a: Toxicroak
|-start|p2a: Toxicroak|Encore
|
|-weather|RainDance|[upkeep]
|-heal|p1a: Politoed|70/100|[from] item: Leftovers
|upkeep
|turn|13
|
|t:|1701567595
|switch|p1a: Latios|Latios, M|100/100
|move|p2a: Toxicroak|Drain Punch|p1a: Latios
|-resisted|p1a: Latios
|-damage|p1a: Latios|74/100
|
|-weather|RainDance|[upkeep]
|upkeep
|turn|14
|
|t:|1701567603
|switch|p1a: Tentacruel|Tentacruel, F|100/100
|move|p2a: Toxicroak|Drain Punch|p1a: Tentacruel
|-resisted|p1a: Tentacruel
|-damage|p1a: Tentacruel|79/100
|
|-weather|RainDance|[upkeep]
|-heal|p1a: Tentacruel|85/100|[from] ability: Rain Dish
|-heal|p1a: Tentacruel|91/100|[from] item: Black Sludge
|upkeep
|turn|15
|inactive|kgcdthbvv has 120 seconds left.
|
|t:|1701567614
|move|p1a: Tentacruel|Protect|p1a: Tentacruel
|-singleturn|p1a: Tentacruel|Protect
|move|p2a: Toxicroak|Drain Punch|p1a: Tentacruel
|-activate|p1a: Tentacruel|move: Protect
|
|-weather|RainDance|[upkeep]
|-heal|p1a: Tentacruel|97/100|[from] ability: Rain Dish
|-heal|p1a: Tentacruel|100/100|[from] item: Black Sludge
|-end|p2a: Toxicroak|Encore
|upkeep
|turn|16
|inactive|kgcdthbvv has 120 seconds left.
|
|t:|1701567625
|switch|p1a: Latios|Latios, M|74/100
|move|p2a: Toxicroak|Drain Punch|p1a: Latios
|-resisted|p1a: Latios
|-damage|p1a: Latios|48/100
|
|-weather|RainDance|[upkeep]
|upkeep
|turn|17
|inactive|kgcdthbvv has 120 seconds left.
|
|t:|1701567634
|move|p1a: Latios|Dragon Pulse|p2a: Toxicroak
|-end|p2a: Toxicroak|Substitute
|move|p2a: Toxicroak|Ice Punch|p1a: Latios
|-supereffective|p1a: Latios
|-damage|p1a: Latios|0 fnt
|faint|p1a: Latios
|
|-weather|RainDance|[upkeep]
|upkeep
|
|t:|1701567643
|switch|p1a: Thundurus|Thundurus-Therian, M|43/100
|turn|18
|
|t:|1701567647
|switch|p2a: Excadrill|Excadrill, M|100/100
|-ability|p2a: Excadrill|Mold Breaker
|move|p1a: Thundurus|Thunder|p2a: Excadrill
|-immune|p2a: Excadrill
|
|-weather|RainDance|[upkeep]
|-heal|p1a: Thundurus|49/100|[from] item: Leftovers
|upkeep
|turn|19
|inactive|kgcdthbvv has 120 seconds left.
|
|t:|1701567679
|move|p1a: Thundurus|Protect|p1a: Thundurus
|-singleturn|p1a: Thundurus|Protect
|move|p2a: Excadrill|Rock Slide|p1a: Thundurus
|-activate|p1a: Thundurus|move: Protect
|
|-weather|RainDance|[upkeep]
|-heal|p1a: Thundurus|55/100|[from] item: Leftovers
|upkeep
|turn|20
|inactive|kgcdthbvv has 120 seconds left.
|
|t:|1701567690
|move|p1a: Thundurus|Focus Blast|p2a: Excadrill
|-supereffective|p2a: Excadrill
|-damage|p2a: Excadrill|21/100
|move|p2a: Excadrill|Stealth Rock|p1a: Thundurus
|-sidestart|p1: Coronet077|move: Stealth Rock
|
|-weather|RainDance|[upkeep]
|-heal|p1a: Thundurus|61/100|[from] item: Leftovers
|-heal|p2a: Excadrill|27/100|[from] item: Leftovers
|upkeep
|turn|21
|inactive|kgcdthbvv has 120 seconds left.
|
|t:|1701567702
|move|p1a: Thundurus|Focus Blast|p2a: Excadrill
|-supereffective|p2a: Excadrill
|-damage|p2a: Excadrill|0 fnt
|faint|p2a: Excadrill
|
|-weather|RainDance|[upkeep]
|-heal|p1a: Thundurus|68/100|[from] item: Leftovers
|upkeep
|inactive|kgcdthbvv has 120 seconds left.
|
|t:|1701567716
|switch|p2a: Latios|Latios, M|100/100
|turn|22
|inactive|kgcdthbvv has 120 seconds left.
|
|t:|1701567725
|switch|p1a: Ferrothorn|Ferrothorn, M|100/100
|-damage|p1a: Ferrothorn|94/100|[from] Stealth Rock
|move|p2a: Latios|Draco Meteor|p1a: Ferrothorn
|-resisted|p1a: Ferrothorn
|-damage|p1a: Ferrothorn|66/100
|-unboost|p2a: Latios|spa|2
|
|-weather|RainDance|[upkeep]
|-heal|p1a: Ferrothorn|72/100|[from] item: Leftovers
|upkeep
|turn|23
|inactive|kgcdthbvv has 120 seconds left.
|
|t:|1701567739
|switch|p2a: Scizor|Scizor, F|100/100
|move|p1a: Ferrothorn|Stealth Rock|p2a: Scizor
|-sidestart|p2: kgcdthbvv|move: Stealth Rock
|
|-weather|RainDance|[upkeep]
|-heal|p1a: Ferrothorn|79/100|[from] item: Leftovers
|upkeep
|turn|24
|
|t:|1701567748
|move|p2a: Scizor|U-turn|p1a: Ferrothorn
|-damage|p1a: Ferrothorn|40/100
|-damage|p2a: Scizor|88/100|[from] ability: Iron Barbs|[of] p1a: Ferrothorn
|
|t:|1701567753
|switch|p2a: Toxicroak|Toxicroak, M|100/100|[from] U-turn
|-damage|p2a: Toxicroak|94/100|[from] Stealth Rock
|move|p1a: Ferrothorn|Knock Off|p2a: Toxicroak
|-resisted|p2a: Toxicroak
|-damage|p2a: Toxicroak|91/100
|
|-weather|RainDance|[upkeep]
|-heal|p2a: Toxicroak|100/100|[from] ability: Dry Skin
|-heal|p1a: Ferrothorn|47/100|[from] item: Leftovers
|upkeep
|turn|25
|
|t:|1701567766
|move|p2a: Toxicroak|Substitute|p2a: Toxicroak
|-start|p2a: Toxicroak|Substitute
|-damage|p2a: Toxicroak|76/100
|move|p1a: Ferrothorn|Gyro Ball|p2a: Toxicroak
|-end|p2a: Toxicroak|Substitute
|
|-weather|RainDance|[upkeep]
|-heal|p2a: Toxicroak|88/100|[from] ability: Dry Skin
|-heal|p1a: Ferrothorn|53/100|[from] item: Leftovers
|upkeep
|turn|26
|
|t:|1701567776
|move|p2a: Toxicroak|Substitute|p2a: Toxicroak
|-start|p2a: Toxicroak|Substitute
|-damage|p2a: Toxicroak|63/100
|move|p1a: Ferrothorn|Gyro Ball|p2a: Toxicroak
|-end|p2a: Toxicroak|Substitute
|
|-weather|RainDance|[upkeep]
|-heal|p2a: Toxicroak|76/100|[from] ability: Dry Skin
|-heal|p1a: Ferrothorn|59/100|[from] item: Leftovers
|upkeep
|turn|27
|
|t:|1701567789
|move|p2a: Toxicroak|Drain Punch|p1a: Ferrothorn
|-supereffective|p1a: Ferrothorn
|-damage|p1a: Ferrothorn|13/100
|-heal|p2a: Toxicroak|98/100|[from] drain|[of] p1a: Ferrothorn
|-damage|p2a: Toxicroak|85/100|[from] ability: Iron Barbs|[of] p1a: Ferrothorn
|move|p1a: Ferrothorn|Gyro Ball|p2a: Toxicroak
|-damage|p2a: Toxicroak|30/100
|
|-weather|RainDance|[upkeep]
|-heal|p2a: Toxicroak|43/100|[from] ability: Dry Skin
|-heal|p1a: Ferrothorn|19/100|[from] item: Leftovers
|upkeep
|turn|28
|
|t:|1701567803
|move|p2a: Toxicroak|Drain Punch|p1a: Ferrothorn
|-supereffective|p1a: Ferrothorn
|-damage|p1a: Ferrothorn|0 fnt
|-heal|p2a: Toxicroak|52/100|[from] drain|[of] p1a: Ferrothorn
|-damage|p2a: Toxicroak|39/100|[from] ability: Iron Barbs|[of] p1a: Ferrothorn
|faint|p1a: Ferrothorn
|
|-weather|RainDance|[upkeep]
|-heal|p2a: Toxicroak|52/100|[from] ability: Dry Skin
|upkeep
|
|t:|1701567807
|switch|p1a: Thundurus|Thundurus-Therian, M|68/100
|-damage|p1a: Thundurus|43/100|[from] Stealth Rock
|turn|29
|
|t:|1701567826
|switch|p2a: Scizor|Scizor, F|88/100
|-damage|p2a: Scizor|75/100|[from] Stealth Rock
|move|p1a: Thundurus|Thunder|p2a: Scizor
|-damage|p2a: Scizor|0 fnt
|faint|p2a: Scizor
|
|-weather|RainDance|[upkeep]
|-heal|p1a: Thundurus|49/100|[from] item: Leftovers
|upkeep
|inactive|kgcdthbvv has 120 seconds left.
|
|t:|1701567842
|switch|p2a: Rotom|Rotom-Wash|100/100
|-damage|p2a: Rotom|88/100|[from] Stealth Rock
|turn|30
|
|t:|1701567848
|move|p1a: Thundurus|Protect|p1a: Thundurus
|-singleturn|p1a: Thundurus|Protect
|move|p2a: Rotom|Volt Switch|p1a: Thundurus
|-activate|p1a: Thundurus|move: Protect
|
|-weather|RainDance|[upkeep]
|-heal|p1a: Thundurus|55/100|[from] item: Leftovers
|upkeep
|turn|31
|
|t:|1701567857
|move|p2a: Rotom|Volt Switch|p1a: Thundurus
|-heal|p1a: Thundurus|80/100|[from] ability: Volt Absorb|[of] p2a: Rotom
|move|p1a: Thundurus|Thunder|p2a: Rotom
|-damage|p2a: Rotom|1/100
|
|-weather|RainDance|[upkeep]
|-heal|p1a: Thundurus|86/100|[from] item: Leftovers
|upkeep
|turn|32
|-message|kgcdthbvv forfeited.
|
|win|Coronet077
|raw|Coronet077's rating: 1412 &rarr; <strong>1430</strong><br />(+18 for winning)
|raw|kgcdthbvv's rating: 1376 &rarr; <strong>1358</strong><br />(-18 for losing)
|l|☆kgcdthbvv
