|j|☆LTEZ No 41 st
|j|‽myrridin
|player|p1|LTEZ No 41 st|170
|player|p2|myrridin|265
|teamsize|p1|6
|teamsize|p2|6
|gametype|singles
|gen|5
|tier|[Gen 5] OU
|rated|
|rule|Sleep Clause Mod: Limit one foe put to sleep
|rule|Species Clause: Limit one of each Pokémon
|rule|OHKO Clause: OHKO moves are banned
|rule|Moody Clause: Moody is banned
|rule|Evasion Moves Clause: Evasion moves are banned
|rule|Endless Battle Clause: Forcing endless battles is banned
|rule|HP Percentage Mod: HP is shown in percentages
|rule|Evasion Abilities Clause: Evasion abilities are banned
|rule|Baton Pass Clause: Limit one Baton Passer, can't pass Spe and other stats simultaneously
|rule|Swagger Clause: Swagger is banned
|clearpoke
|poke|p1|Tyranitar, M|item
|poke|p1|Skarmory, M|item
|poke|p1|Gliscor, M|item
|poke|p1|Jellicent, M|item
|poke|p1|Alakazam, M|item
|poke|p1|Terrakion|item
|poke|p2|Ninetales, F|item
|poke|p2|Magnezone|item
|poke|p2|Kyurem-Black|item
|poke|p2|Dragonite, M|item
|poke|p2|Salamence, M|item
|poke|p2|Excadrill, F|item
|teampreview
|
|start
|switch|p1a: Tyranitar|Tyranitar, M|100/100
|switch|p2a: Excadrill|Excadrill, F|100/100
|-ability|p2a: Excadrill|Mold Breaker
|-weather|Sandstorm|[from] ability: Sand Stream|[of] p1a: Tyranitar
|turn|1
|inactive|Battle timer is ON: inactive players will automatically lose when time's up. (requested by myrridin)
|
|switch|p1a: Gliscor|Gliscor, M|100/100
|move|p2a: Excadrill|Stealth Rock|p1a: Gliscor
|-sidestart|p1: LTEZ No 41 st|move: Stealth Rock
|
|-weather|Sandstorm|[upkeep]
|-status|p1a: Gliscor|tox|[from] item: Toxic Orb
|upkeep
|turn|2
|
|switch|p2a: Kyurem|Kyurem-Black|100/100
|-ability|p2a: Kyurem|Teravolt
|move|p1a: Gliscor|Ice Fang|p2a: Kyurem
|-damage|p2a: Kyurem|87/100
|
|-weather|Sandstorm|[upkeep]
|-damage|p2a: Kyurem|81/100|[from] Sandstorm
|upkeep
|turn|3
|
|move|p1a: Gliscor|Protect|p1a: Gliscor
|-singleturn|p1a: Gliscor|Protect
|move|p2a: Kyurem|Outrage|p1a: Gliscor
|-activate|p1a: Gliscor|move: Protect
|
|-weather|Sandstorm|[upkeep]
|-damage|p2a: Kyurem|75/100|[from] Sandstorm
|upkeep
|turn|4
|
|switch|p1a: Skarmory|Skarmory, M|100/100
|-damage|p1a: Skarmory|88/100|[from] Stealth Rock
|move|p2a: Kyurem|Outrage|p1a: Skarmory
|-resisted|p1a: Skarmory
|-crit|p1a: Skarmory
|-damage|p1a: Skarmory|0 fnt
|faint|p1a: Skarmory
|
|-weather|Sandstorm|[upkeep]
|-damage|p2a: Kyurem|69/100|[from] Sandstorm
|upkeep
|
|switch|p1a: Terrakion|Terrakion|100/100
|-damage|p1a: Terrakion|94/100|[from] Stealth Rock
|turn|5
|
|move|p1a: Terrakion|Close Combat|p2a: Kyurem
|-supereffective|p2a: Kyurem
|-damage|p2a: Kyurem|0 fnt
|-unboost|p1a: Terrakion|def|1
|-unboost|p1a: Terrakion|spd|1
|faint|p2a: Kyurem
|
|-weather|Sandstorm|[upkeep]
|upkeep
|
|switch|p2a: Dragonite|Dragonite, M|100/100
|turn|6
|
|switch|p1a: Alakazam|Alakazam, M|100/100
|move|p2a: Dragonite|Dragon Dance|p2a: Dragonite
|-boost|p2a: Dragonite|atk|1
|-boost|p2a: Dragonite|spe|1
|
|-weather|Sandstorm|[upkeep]
|-damage|p2a: Dragonite|94/100|[from] Sandstorm
|upkeep
|turn|7
|
|move|p2a: Dragonite|Extreme Speed|p1a: Alakazam
|-enditem|p1a: Alakazam|Focus Sash
|-damage|p1a: Alakazam|1/100
|move|p1a: Alakazam|Hidden Power|p2a: Dragonite
|-supereffective|p2a: Dragonite
|-damage|p2a: Dragonite|0 fnt
|faint|p2a: Dragonite
|
|-weather|Sandstorm|[upkeep]
|upkeep
|
|switch|p2a: Salamence|Salamence, M|100/100
|turn|8
|
|move|p2a: Salamence|Outrage|p1a: Alakazam
|-damage|p1a: Alakazam|0 fnt
|faint|p1a: Alakazam
|-ability|p2a: Salamence|Moxie|boost
|-boost|p2a: Salamence|atk|1
|
|-weather|Sandstorm|[upkeep]
|-damage|p2a: Salamence|94/100|[from] Sandstorm
|upkeep
|
|switch|p1a: Terrakion|Terrakion|94/100
|-damage|p1a: Terrakion|88/100|[from] Stealth Rock
|turn|9
|
|move|p1a: Terrakion|Stone Edge|p2a: Salamence|[miss]
|-miss|p1a: Terrakion|p2a: Salamence
|move|p2a: Salamence|Outrage|p1a: Terrakion|[from]lockedmove
|-damage|p1a: Terrakion|0 fnt
|faint|p1a: Terrakion
|-ability|p2a: Salamence|Moxie|boost
|-boost|p2a: Salamence|atk|1
|
|-weather|Sandstorm|[upkeep]
|-damage|p2a: Salamence|88/100|[from] Sandstorm
|upkeep
|
|switch|p1a: Gliscor|Gliscor, M|100/100 tox
|-damage|p1a: Gliscor|88/100 tox|[from] Stealth Rock
|turn|10
|
|move|p1a: Gliscor|Protect|p1a: Gliscor
|-singleturn|p1a: Gliscor|Protect
|move|p2a: Salamence|Outrage|p1a: Gliscor|[from]lockedmove
|-activate|p1a: Gliscor|move: Protect
|-start|p2a: Salamence|confusion|[fatigue]
|
|-weather|Sandstorm|[upkeep]
|-damage|p2a: Salamence|82/100|[from] Sandstorm
|-heal|p1a: Gliscor|100/100 tox|[from] ability: Poison Heal
|upkeep
|turn|11
|
|-activate|p2a: Salamence|confusion
|move|p2a: Salamence|Outrage|p1a: Gliscor
|-damage|p1a: Gliscor|30/100 tox
|move|p1a: Gliscor|Ice Fang|p2a: Salamence
|-supereffective|p2a: Salamence
|-damage|p2a: Salamence|13/100
|
|-weather|Sandstorm|[upkeep]
|-damage|p2a: Salamence|7/100|[from] Sandstorm
|-heal|p1a: Gliscor|43/100 tox|[from] ability: Poison Heal
|upkeep
|turn|12
|
|move|p1a: Gliscor|Protect|p1a: Gliscor
|-singleturn|p1a: Gliscor|Protect
|-end|p2a: Salamence|confusion
|move|p2a: Salamence|Outrage|p1a: Gliscor|[from]lockedmove
|-activate|p1a: Gliscor|move: Protect
|-start|p2a: Salamence|confusion|[fatigue]
|
|-weather|Sandstorm|[upkeep]
|-damage|p2a: Salamence|1/100|[from] Sandstorm
|-heal|p1a: Gliscor|55/100 tox|[from] ability: Poison Heal
|upkeep
|turn|13
|
|switch|p1a: Jellicent|Jellicent, M|100/100
|-damage|p1a: Jellicent|88/100|[from] Stealth Rock
|-activate|p2a: Salamence|confusion
|-damage|p2a: Salamence|0 fnt|[from] confusion
|faint|p2a: Salamence
|
|-weather|Sandstorm|[upkeep]
|-damage|p1a: Jellicent|82/100|[from] Sandstorm
|-heal|p1a: Jellicent|88/100|[from] item: Leftovers
|upkeep
|l|☆LTEZ No 41 st
|inactive|LTEZ No 41 st disconnected and has a minute to reconnect!
|player|p1|
|
|switch|p2a: Magnezone|Magnezone|100/100
|-item|p2a: Magnezone|Air Balloon
|turn|14
|inactive|LTEZ No 41 st has 30 seconds to reconnect!
|inactive|LTEZ No 41 st has 20 seconds to reconnect!
|inactive|LTEZ No 41 st has 15 seconds to reconnect!
|inactive|LTEZ No 41 st has 10 seconds to reconnect!
|inactive|LTEZ No 41 st has 5 seconds to reconnect!
|j|☆LTEZ No 41 st
|inactive|LTEZ No 41 st reconnected and has 95 seconds left.
|player|p1|LTEZ No 41 st|170
|inactive|LTEZ No 41 st has 90 seconds left.
|
|switch|p1a: Tyranitar|Tyranitar, M|100/100
|-damage|p1a: Tyranitar|88/100|[from] Stealth Rock
|move|p2a: Magnezone|Thunderbolt|p1a: Tyranitar
|-damage|p1a: Tyranitar|68/100
|-status|p1a: Tyranitar|par
|
|-weather|Sandstorm|[upkeep]
|upkeep
|turn|15
|
|move|p2a: Magnezone|Flash Cannon|p1a: Tyranitar
|-supereffective|p1a: Tyranitar
|-damage|p1a: Tyranitar|36/100 par
|move|p1a: Tyranitar|Superpower|p2a: Magnezone
|-supereffective|p2a: Magnezone
|-crit|p2a: Magnezone
|-damage|p2a: Magnezone|0 fnt
|-enditem|p2a: Magnezone|Air Balloon
|-unboost|p1a: Tyranitar|atk|1
|-unboost|p1a: Tyranitar|def|1
|faint|p2a: Magnezone
|
|-weather|Sandstorm|[upkeep]
|upkeep
|
|switch|p2a: Excadrill|Excadrill, F|100/100
|-ability|p2a: Excadrill|Mold Breaker
|turn|16
|
|switch|p2a: Ninetales|Ninetales, F|100/100
|-weather|SunnyDay|[from] ability: Drought|[of] p2a: Ninetales
|switch|p1a: Jellicent|Jellicent, M|88/100
|-damage|p1a: Jellicent|76/100|[from] Stealth Rock
|
|-weather|SunnyDay|[upkeep]
|-heal|p1a: Jellicent|82/100|[from] item: Leftovers
|upkeep
|turn|17
|
|move|p2a: Ninetales|Will-O-Wisp|p1a: Jellicent
|-status|p1a: Jellicent|brn
|move|p1a: Jellicent|Night Shade|p2a: Ninetales
|-damage|p2a: Ninetales|72/100
|
|-weather|SunnyDay|[upkeep]
|-heal|p2a: Ninetales|78/100|[from] item: Leftovers
|-heal|p1a: Jellicent|88/100 brn|[from] item: Leftovers
|-damage|p1a: Jellicent|76/100 brn|[from] brn
|upkeep
|turn|18
|
|move|p2a: Ninetales|Flamethrower|p1a: Jellicent
|-resisted|p1a: Jellicent
|-damage|p1a: Jellicent|59/100 brn
|move|p1a: Jellicent|Recover|p1a: Jellicent
|-heal|p1a: Jellicent|100/100 brn
|
|-weather|SunnyDay|[upkeep]
|-heal|p2a: Ninetales|84/100|[from] item: Leftovers
|-damage|p1a: Jellicent|88/100 brn|[from] brn
|upkeep
|turn|19
|
|move|p2a: Ninetales|Protect|p2a: Ninetales
|-singleturn|p2a: Ninetales|Protect
|move|p1a: Jellicent|Night Shade|p2a: Ninetales
|-activate|p2a: Ninetales|move: Protect
|
|-weather|SunnyDay|[upkeep]
|-heal|p2a: Ninetales|90/100|[from] item: Leftovers
|-heal|p1a: Jellicent|94/100 brn|[from] item: Leftovers
|-damage|p1a: Jellicent|82/100 brn|[from] brn
|upkeep
|turn|20
|
|move|p2a: Ninetales|Flamethrower|p1a: Jellicent
|-resisted|p1a: Jellicent
|-damage|p1a: Jellicent|65/100 brn
|move|p1a: Jellicent|Night Shade|p2a: Ninetales
|-damage|p2a: Ninetales|61/100
|
|-weather|SunnyDay|[upkeep]
|-heal|p2a: Ninetales|67/100|[from] item: Leftovers
|-heal|p1a: Jellicent|71/100 brn|[from] item: Leftovers
|-damage|p1a: Jellicent|59/100 brn|[from] brn
|upkeep
|turn|21
|
|move|p2a: Ninetales|Flamethrower|p1a: Jellicent
|-resisted|p1a: Jellicent
|-damage|p1a: Jellicent|42/100 brn
|move|p1a: Jellicent|Recover|p1a: Jellicent
|-heal|p1a: Jellicent|92/100 brn
|
|-weather|SunnyDay|[upkeep]
|-heal|p2a: Ninetales|73/100|[from] item: Leftovers
|-heal|p1a: Jellicent|98/100 brn|[from] item: Leftovers
|-damage|p1a: Jellicent|86/100 brn|[from] brn
|upkeep
|turn|22
|
|move|p2a: Ninetales|Flamethrower|p1a: Jellicent
|-resisted|p1a: Jellicent
|-damage|p1a: Jellicent|70/100 brn
|move|p1a: Jellicent|Night Shade|p2a: Ninetales
|-damage|p2a: Ninetales|45/100
|
|-weather|SunnyDay|[upkeep]
|-heal|p2a: Ninetales|51/100|[from] item: Leftovers
|-heal|p1a: Jellicent|76/100 brn|[from] item: Leftovers
|-damage|p1a: Jellicent|64/100 brn|[from] brn
|upkeep
|turn|23
|
|move|p2a: Ninetales|Protect|p2a: Ninetales
|-singleturn|p2a: Ninetales|Protect
|move|p1a: Jellicent|Recover|p1a: Jellicent
|-heal|p1a: Jellicent|100/100 brn
|
|-weather|SunnyDay|[upkeep]
|-heal|p2a: Ninetales|57/100|[from] item: Leftovers
|-damage|p1a: Jellicent|88/100 brn|[from] brn
|upkeep
|turn|24
|
|switch|p2a: Excadrill|Excadrill, F|100/100
|-ability|p2a: Excadrill|Mold Breaker
|move|p1a: Jellicent|Night Shade|p2a: Excadrill
|-damage|p2a: Excadrill|73/100
|
|-weather|SunnyDay|[upkeep]
|-heal|p2a: Excadrill|79/100|[from] item: Leftovers
|-heal|p1a: Jellicent|94/100 brn|[from] item: Leftovers
|-damage|p1a: Jellicent|82/100 brn|[from] brn
|upkeep
|turn|25
|
|switch|p2a: Ninetales|Ninetales, F|57/100
|move|p1a: Jellicent|Will-O-Wisp|p2a: Ninetales|[miss]
|-miss|p1a: Jellicent|p2a: Ninetales
|
|-weather|SunnyDay|[upkeep]
|-heal|p2a: Ninetales|63/100|[from] item: Leftovers
|-heal|p1a: Jellicent|88/100 brn|[from] item: Leftovers
|-damage|p1a: Jellicent|76/100 brn|[from] brn
|upkeep
|turn|26
|
|move|p2a: Ninetales|Flamethrower|p1a: Jellicent
|-resisted|p1a: Jellicent
|-damage|p1a: Jellicent|59/100 brn
|move|p1a: Jellicent|Recover|p1a: Jellicent
|-heal|p1a: Jellicent|100/100 brn
|
|-weather|SunnyDay|[upkeep]
|-heal|p2a: Ninetales|69/100|[from] item: Leftovers
|-damage|p1a: Jellicent|88/100 brn|[from] brn
|upkeep
|turn|27
|
|move|p2a: Ninetales|Protect|p2a: Ninetales
|-singleturn|p2a: Ninetales|Protect
|move|p1a: Jellicent|Night Shade|p2a: Ninetales
|-activate|p2a: Ninetales|move: Protect
|
|-weather|SunnyDay|[upkeep]
|-heal|p2a: Ninetales|75/100|[from] item: Leftovers
|-heal|p1a: Jellicent|94/100 brn|[from] item: Leftovers
|-damage|p1a: Jellicent|82/100 brn|[from] brn
|upkeep
|turn|28
|
|move|p2a: Ninetales|Flamethrower|p1a: Jellicent
|-resisted|p1a: Jellicent
|-damage|p1a: Jellicent|66/100 brn
|move|p1a: Jellicent|Night Shade|p2a: Ninetales
|-damage|p2a: Ninetales|46/100
|
|-weather|SunnyDay|[upkeep]
|-heal|p2a: Ninetales|52/100|[from] item: Leftovers
|-heal|p1a: Jellicent|72/100 brn|[from] item: Leftovers
|-damage|p1a: Jellicent|60/100 brn|[from] brn
|upkeep
|turn|29
|
|move|p2a: Ninetales|Flamethrower|p1a: Jellicent
|-resisted|p1a: Jellicent
|-damage|p1a: Jellicent|43/100 brn
|move|p1a: Jellicent|Recover|p1a: Jellicent
|-heal|p1a: Jellicent|93/100 brn
|
|-weather|SunnyDay|[upkeep]
|-heal|p2a: Ninetales|58/100|[from] item: Leftovers
|-heal|p1a: Jellicent|99/100 brn|[from] item: Leftovers
|-damage|p1a: Jellicent|87/100 brn|[from] brn
|upkeep
|turn|30
|
|move|p2a: Ninetales|Protect|p2a: Ninetales
|-singleturn|p2a: Ninetales|Protect
|move|p1a: Jellicent|Taunt|p2a: Ninetales
|-activate|p2a: Ninetales|move: Protect
|
|-weather|SunnyDay|[upkeep]
|-heal|p2a: Ninetales|64/100|[from] item: Leftovers
|-heal|p1a: Jellicent|93/100 brn|[from] item: Leftovers
|-damage|p1a: Jellicent|81/100 brn|[from] brn
|upkeep
|turn|31
|
|move|p2a: Ninetales|Flamethrower|p1a: Jellicent
|-resisted|p1a: Jellicent
|-damage|p1a: Jellicent|64/100 brn
|move|p1a: Jellicent|Night Shade|p2a: Ninetales
|-damage|p2a: Ninetales|35/100
|
|-weather|SunnyDay|[upkeep]
|-heal|p2a: Ninetales|41/100|[from] item: Leftovers
|-heal|p1a: Jellicent|70/100 brn|[from] item: Leftovers
|-damage|p1a: Jellicent|58/100 brn|[from] brn
|upkeep
|turn|32
|
|move|p2a: Ninetales|Flamethrower|p1a: Jellicent
|-resisted|p1a: Jellicent
|-damage|p1a: Jellicent|42/100 brn
|move|p1a: Jellicent|Recover|p1a: Jellicent
|-heal|p1a: Jellicent|92/100 brn
|
|-weather|SunnyDay|[upkeep]
|-heal|p2a: Ninetales|47/100|[from] item: Leftovers
|-heal|p1a: Jellicent|99/100 brn|[from] item: Leftovers
|-damage|p1a: Jellicent|86/100 brn|[from] brn
|upkeep
|turn|33
|
|move|p2a: Ninetales|Flamethrower|p1a: Jellicent
|-resisted|p1a: Jellicent
|-damage|p1a: Jellicent|68/100 brn
|move|p1a: Jellicent|Will-O-Wisp|p2a: Ninetales
|-immune|p2a: Ninetales
|
|-weather|SunnyDay|[upkeep]
|-heal|p2a: Ninetales|54/100|[from] item: Leftovers
|-heal|p1a: Jellicent|74/100 brn|[from] item: Leftovers
|-damage|p1a: Jellicent|62/100 brn|[from] brn
|upkeep
|turn|34
|
|move|p2a: Ninetales|Flamethrower|p1a: Jellicent
|-resisted|p1a: Jellicent
|-damage|p1a: Jellicent|46/100 brn
|move|p1a: Jellicent|Recover|p1a: Jellicent
|-heal|p1a: Jellicent|96/100 brn
|
|-weather|SunnyDay|[upkeep]
|-heal|p2a: Ninetales|60/100|[from] item: Leftovers
|-heal|p1a: Jellicent|100/100 brn|[from] item: Leftovers
|-damage|p1a: Jellicent|88/100 brn|[from] brn
|upkeep
|turn|35
|
|switch|p1a: Tyranitar|Tyranitar, M|36/100 par
|-damage|p1a: Tyranitar|24/100 par|[from] Stealth Rock
|-weather|Sandstorm|[from] ability: Sand Stream|[of] p1a: Tyranitar
|move|p2a: Ninetales|Protect||[still]
|-fail|p2a: Ninetales
|
|-weather|Sandstorm|[upkeep]
|-damage|p2a: Ninetales|54/100|[from] Sandstorm
|-heal|p2a: Ninetales|60/100|[from] item: Leftovers
|upkeep
|turn|36
|
|switch|p2a: Excadrill|Excadrill, F|79/100
|-ability|p2a: Excadrill|Mold Breaker
|move|p1a: Tyranitar|Superpower|p2a: Excadrill
|-supereffective|p2a: Excadrill
|-damage|p2a: Excadrill|0 fnt
|-unboost|p1a: Tyranitar|atk|1
|-unboost|p1a: Tyranitar|def|1
|faint|p2a: Excadrill
|
|-weather|Sandstorm|[upkeep]
|upkeep
|
|switch|p2a: Ninetales|Ninetales, F|60/100
|-weather|SunnyDay|[from] ability: Drought|[of] p2a: Ninetales
|turn|37
|
|switch|p1a: Jellicent|Jellicent, M|88/100 brn
|-damage|p1a: Jellicent|76/100 brn|[from] Stealth Rock
|move|p2a: Ninetales|Flamethrower|p1a: Jellicent
|-resisted|p1a: Jellicent
|-damage|p1a: Jellicent|61/100 brn
|
|-weather|SunnyDay|[upkeep]
|-heal|p2a: Ninetales|66/100|[from] item: Leftovers
|-heal|p1a: Jellicent|67/100 brn|[from] item: Leftovers
|-damage|p1a: Jellicent|54/100 brn|[from] brn
|upkeep
|turn|38
|-message|myrridin forfeited.
|
|win|LTEZ No 41 st
|l|‽myrridin
|raw|LTEZ No 41 st's rating: 1599 &rarr; <strong>1607</strong><br />(+8 for winning)
|raw|myrridin's rating: 1341 &rarr; <strong>1333</strong><br />(-8 for losing)
|l|☆LTEZ No 41 st
