|j|☆leoperi99
|j|☆affksl1
|t:|1717093652
|gametype|singles
|player|p1|leoperi99|sage-gen2jp|1492
|player|p2|affksl1|pokemaniac-gen3rs|1544
|teamsize|p1|6
|teamsize|p2|6
|gen|5
|tier|[Gen 5] OU
|rated|
|rule|Species Clause: Limit one of each Pokémon
|rule|OHKO Clause: OHKO moves are banned
|rule|Moody Clause: Moody is banned
|rule|Evasion Items Clause: Evasion items are banned
|rule|Evasion Moves Clause: Evasion moves are banned
|rule|Endless Battle Clause: Forcing endless battles is banned
|rule|HP Percentage Mod: HP is shown in percentages
|rule|Evasion Abilities Clause: Evasion abilities are banned
|rule|Sleep Moves Clause: Sleep-inducing moves are banned
|rule|Swagger Clause: Swagger is banned
|rule|Baton Pass Stat Clause: No Baton Passer may have a way to boost its stats
|clearpoke
|poke|p1|Politoed, M|item
|poke|p1|Reuniclus, M|item
|poke|p1|Chansey, F|item
|poke|p1|Gliscor, M|item
|poke|p1|Ferrothorn, F|item
|poke|p1|Tentacruel, F|item
|poke|p2|Bronzong|item
|poke|p2|Gallade, M|item
|poke|p2|Jellicent, M|item
|poke|p2|Conkeldurr, F|item
|poke|p2|Reuniclus, M|item
|poke|p2|Dragonite, M|item
|teampreview
|inactive|Battle timer is ON: inactive players will automatically lose when time's up. (requested by affksl1)
|inactive|leoperi99 has 120 seconds left.
|
|t:|1717093703
|start
|switch|p1a: Politoed|Politoed, M, shiny|100/100
|switch|p2a: Bronzong|Bronzong|100/100
|-weather|RainDance|[from] ability: Drizzle|[of] p1a: Politoed
|turn|1
|j| 2x2real
|
|t:|1717093713
|move|p1a: Politoed|Scald|p2a: Bronzong
|-damage|p2a: Bronzong|66/100
|move|p2a: Bronzong|Trick Room|p2a: Bronzong
|-fieldstart|move: Trick Room|[of] p2a: Bronzong
|
|-weather|RainDance|[upkeep]
|upkeep
|turn|2
|
|t:|1717093718
|switch|p1a: Ferrothorn|Ferrothorn, F|100/100
|move|p2a: Bronzong|Stealth Rock|p1a: Ferrothorn
|-sidestart|p1: leoperi99|move: Stealth Rock
|
|-weather|RainDance|[upkeep]
|upkeep
|turn|3
|
|t:|1717093730
|switch|p2a: Conkeldurr|Conkeldurr, F|100/100
|move|p1a: Ferrothorn|Knock Off|p2a: Conkeldurr
|-resisted|p2a: Conkeldurr
|-damage|p2a: Conkeldurr|99/100
|-enditem|p2a: Conkeldurr|Life Orb|[from] move: Knock Off|[of] p1a: Ferrothorn
|
|-weather|RainDance|[upkeep]
|upkeep
|turn|4
|
|t:|1717093742
|switch|p1a: Reuniclus|Reuniclus, M|100/100
|move|p2a: Conkeldurr|Ice Punch|p1a: Reuniclus
|-damage|p1a: Reuniclus|75/100
|
|-weather|RainDance|[upkeep]
|-heal|p1a: Reuniclus|81/100|[from] item: Leftovers
|upkeep
|turn|5
|
|t:|1717093750
|switch|p2a: Bronzong|Bronzong|66/100
|move|p1a: Reuniclus|Recover|p1a: Reuniclus
|-heal|p1a: Reuniclus|100/100
|
|-weather|RainDance|[upkeep]
|-fieldend|move: Trick Room
|upkeep
|turn|6
|
|t:|1717093762
|move|p1a: Reuniclus|Calm Mind|p1a: Reuniclus
|-boost|p1a: Reuniclus|spa|1
|-boost|p1a: Reuniclus|spd|1
|move|p2a: Bronzong|Trick|p1a: Reuniclus
|-activate|p2a: Bronzong|move: Trick|[of] p1a: Reuniclus
|-item|p1a: Reuniclus|Mental Herb|[from] move: Trick
|-item|p2a: Bronzong|Leftovers|[from] move: Trick
|
|-weather|RainDance|[upkeep]
|-heal|p2a: Bronzong|72/100|[from] item: Leftovers
|upkeep
|turn|7
|
|t:|1717093778
|move|p1a: Reuniclus|Calm Mind|p1a: Reuniclus
|-boost|p1a: Reuniclus|spa|1
|-boost|p1a: Reuniclus|spd|1
|move|p2a: Bronzong|Explosion|p1a: Reuniclus
|-crit|p1a: Reuniclus
|-damage|p1a: Reuniclus|0 fnt
|faint|p2a: Bronzong
|faint|p1a: Reuniclus
|
|-weather|RainDance|[upkeep]
|upkeep
|
|t:|1717093793
|switch|p1a: Tentacruel|Tentacruel, F|100/100
|switch|p2a: Jellicent|Jellicent, M|100/100
|-damage|p1a: Tentacruel|88/100|[from] Stealth Rock
|-item|p2a: Jellicent|Air Balloon
|turn|8
|
|t:|1717093799
|switch|p2a: Reuniclus|Reuniclus, M|100/100
|move|p1a: Tentacruel|Toxic Spikes|p2a: Reuniclus
|-sidestart|p2: affksl1|move: Toxic Spikes
|
|-weather|RainDance|[upkeep]
|-heal|p1a: Tentacruel|94/100|[from] ability: Rain Dish
|-heal|p1a: Tentacruel|99/100|[from] item: Black Sludge
|upkeep
|turn|9
|
|t:|1717093804
|move|p1a: Tentacruel|Rapid Spin|p2a: Reuniclus
|-damage|p2a: Reuniclus|98/100
|-sideend|p1: leoperi99|Stealth Rock|[from] move: Rapid Spin|[of] p1a: Tentacruel
|move|p2a: Reuniclus|Psychic|p1a: Tentacruel
|-supereffective|p1a: Tentacruel
|-damage|p1a: Tentacruel|0 fnt
|faint|p1a: Tentacruel
|
|-weather|RainDance|[upkeep]
|upkeep
|
|t:|1717093813
|switch|p1a: Gliscor|Gliscor, M|100/100
|turn|10
|
|t:|1717093819
|move|p1a: Gliscor|Swords Dance|p1a: Gliscor
|-boost|p1a: Gliscor|atk|2
|move|p2a: Reuniclus|Trick Room|p2a: Reuniclus
|-fieldstart|move: Trick Room|[of] p2a: Reuniclus
|
|-weather|RainDance|[upkeep]
|-status|p1a: Gliscor|tox|[from] item: Toxic Orb
|upkeep
|turn|11
|
|t:|1717093824
|switch|p2a: Jellicent|Jellicent, M|100/100
|-item|p2a: Jellicent|Air Balloon
|move|p1a: Gliscor|Earthquake|p2a: Jellicent
|-immune|p2a: Jellicent
|
|-weather|RainDance|[upkeep]
|upkeep
|turn|12
|
|t:|1717093827
|move|p1a: Gliscor|Protect|p1a: Gliscor
|-singleturn|p1a: Gliscor|Protect
|move|p2a: Jellicent|Ice Beam|p1a: Gliscor
|-activate|p1a: Gliscor|move: Protect
|
|-weather|RainDance|[upkeep]
|upkeep
|turn|13
|
|t:|1717093829
|switch|p1a: Ferrothorn|Ferrothorn, F|100/100
|move|p2a: Jellicent|Ice Beam|p1a: Ferrothorn
|-crit|p1a: Ferrothorn
|-damage|p1a: Ferrothorn|67/100
|
|-weather|RainDance|[upkeep]
|-heal|p1a: Ferrothorn|73/100|[from] item: Leftovers
|upkeep
|turn|14
|
|t:|1717093834
|switch|p2a: Conkeldurr|Conkeldurr, F|99/100
|-status|p2a: Conkeldurr|psn
|move|p1a: Ferrothorn|Power Whip|p2a: Conkeldurr
|-damage|p2a: Conkeldurr|64/100 psn
|
|-weather|RainDance|[upkeep]
|-heal|p1a: Ferrothorn|79/100|[from] item: Leftovers
|-damage|p2a: Conkeldurr|52/100 psn|[from] psn
|-fieldend|move: Trick Room
|upkeep
|turn|15
|
|t:|1717093842
|switch|p1a: Politoed|Politoed, M, shiny|100/100
|move|p2a: Conkeldurr|Drain Punch|p1a: Politoed
|-damage|p1a: Politoed|42/100
|-heal|p2a: Conkeldurr|78/100 psn|[from] drain|[of] p1a: Politoed
|
|-weather|RainDance|[upkeep]
|-damage|p2a: Conkeldurr|65/100 psn|[from] psn
|upkeep
|turn|16
|
|t:|1717093849
|move|p1a: Politoed|Surf|p2a: Conkeldurr
|-damage|p2a: Conkeldurr|16/100 psn
|move|p2a: Conkeldurr|Drain Punch|p1a: Politoed
|-damage|p1a: Politoed|0 fnt
|-heal|p2a: Conkeldurr|35/100 psn|[from] drain|[of] p1a: Politoed
|faint|p1a: Politoed
|
|-weather|RainDance|[upkeep]
|-damage|p2a: Conkeldurr|22/100 psn|[from] psn
|upkeep
|
|t:|1717093851
|switch|p1a: Gliscor|Gliscor, M|100/100 tox
|turn|17
|
|t:|1717093859
|switch|p2a: Jellicent|Jellicent, M|100/100
|-item|p2a: Jellicent|Air Balloon
|move|p1a: Gliscor|Protect||[still]
|-fail|p1a: Gliscor
|
|-weather|RainDance|[upkeep]
|upkeep
|turn|18
|
|t:|1717093888
|switch|p1a: Ferrothorn|Ferrothorn, F|79/100
|switch|p2a: Dragonite|Dragonite, M|100/100
|
|-weather|RainDance|[upkeep]
|-heal|p1a: Ferrothorn|85/100|[from] item: Leftovers
|upkeep
|turn|19
|inactive|leoperi99 has 120 seconds left.
|
|t:|1717093930
|move|p2a: Dragonite|Superpower|p1a: Ferrothorn
|-supereffective|p1a: Ferrothorn
|-damage|p1a: Ferrothorn|0 fnt
|-unboost|p2a: Dragonite|atk|1
|-unboost|p2a: Dragonite|def|1
|-damage|p2a: Dragonite|88/100|[from] ability: Iron Barbs|[of] p1a: Ferrothorn
|faint|p1a: Ferrothorn
|
|-weather|RainDance|[upkeep]
|upkeep
|
|t:|1717093932
|switch|p1a: Gliscor|Gliscor, M|100/100 tox
|turn|20
|inactive|leoperi99 has 120 seconds left.
|-message|leoperi99 forfeited.
|
|win|affksl1
|raw|leoperi99's rating: 1492 &rarr; <strong>1475</strong><br />(-17 for losing)
|raw|affksl1's rating: 1544 &rarr; <strong>1561</strong><br />(+17 for winning)
|l|☆leoperi99
|player|p1|
