|j|☆el janitor
|j|☆palworld_is_god
|t:|1707264698
|gametype|singles
|player|p1|el janitor|265|1409
|player|p2|palworld_is_god|102|1495
|teamsize|p1|6
|teamsize|p2|6
|gen|5
|tier|[Gen 5] OU
|rated|
|rule|Species Clause: Limit one of each Pokémon
|rule|OHKO Clause: OHKO moves are banned
|rule|Moody Clause: Moody is banned
|rule|Evasion Items Clause: Evasion items are banned
|rule|Evasion Moves Clause: Evasion moves are banned
|rule|Endless Battle Clause: Forcing endless battles is banned
|rule|HP Percentage Mod: HP is shown in percentages
|rule|Evasion Abilities Clause: Evasion abilities are banned
|rule|Sleep Moves Clause: Sleep-inducing moves are banned
|rule|Swagger Clause: Swagger is banned
|rule|Baton Pass Stat Clause: No Baton Passer may have a way to boost its stats
|clearpoke
|poke|p1|Dragonite, M|item
|poke|p1|Politoed, M|item
|poke|p1|Tentacruel, F|item
|poke|p1|Breloom, M|item
|poke|p1|Jirachi|item
|poke|p1|Mamoswine, M|item
|poke|p2|Jirachi|item
|poke|p2|Alakazam, M|item
|poke|p2|Ferrothorn, F|item
|poke|p2|Reuniclus, M|item
|poke|p2|Rotom-Wash|item
|poke|p2|Excadrill, F|item
|teampreview
|inactive|Battle timer is ON: inactive players will automatically lose when time's up. (requested by palworld_is_god)
|inactive|el janitor also wants the timer to be on.
|
|t:|1707264724
|start
|switch|p1a: Breloom|Breloom, M|100/100
|switch|p2a: Rotom|Rotom-Wash|100/100
|turn|1
|
|t:|1707264738
|move|p2a: Rotom|Thunder Wave|p1a: Breloom
|-status|p1a: Breloom|par
|move|p1a: Breloom|Bullet Seed|p2a: Rotom
|-supereffective|p2a: Rotom
|-damage|p2a: Rotom|15/100
|-supereffective|p2a: Rotom
|-damage|p2a: Rotom|0 fnt
|faint|p2a: Rotom
|-hitcount|p2: Rotom|2
|
|upkeep
|
|t:|1707264752
|switch|p2a: Alakazam|Alakazam, M|100/100
|turn|2
|
|t:|1707264758
|switch|p1a: Jirachi|Jirachi|100/100
|move|p2a: Alakazam|Thunder Wave|p1a: Jirachi
|-status|p1a: Jirachi|par
|
|upkeep
|turn|3
|
|t:|1707264764
|switch|p2a: Excadrill|Excadrill, F|100/100
|-ability|p2a: Excadrill|Mold Breaker
|-item|p2a: Excadrill|Air Balloon
|move|p1a: Jirachi|U-turn|p2a: Excadrill
|-resisted|p2a: Excadrill
|-damage|p2a: Excadrill|88/100
|-enditem|p2a: Excadrill|Air Balloon
|inactive|el janitor has 120 seconds left.
|
|t:|1707264798
|switch|p1a: Tentacruel|Tentacruel, F|100/100|[from] U-turn
|
|upkeep
|turn|4
|
|t:|1707264815
|switch|p1a: Dragonite|Dragonite, M|100/100
|switch|p2a: Ferrothorn|Ferrothorn, F|100/100
|
|upkeep
|turn|5
|
|t:|1707264825
|move|p1a: Dragonite|Substitute|p1a: Dragonite
|-start|p1a: Dragonite|Substitute
|-damage|p1a: Dragonite|76/100
|move|p2a: Ferrothorn|Gyro Ball|p1a: Dragonite
|-crit|p1a: Dragonite
|-end|p1a: Dragonite|Substitute
|
|-heal|p1a: Dragonite|82/100|[from] item: Leftovers
|upkeep
|turn|6
|
|t:|1707264834
|move|p1a: Dragonite|Substitute|p1a: Dragonite
|-start|p1a: Dragonite|Substitute
|-damage|p1a: Dragonite|57/100
|move|p2a: Ferrothorn|Gyro Ball|p1a: Dragonite
|-end|p1a: Dragonite|Substitute
|
|-heal|p1a: Dragonite|63/100|[from] item: Leftovers
|upkeep
|turn|7
|
|t:|1707264840
|switch|p1a: Breloom|Breloom, M|100/100 par
|move|p2a: Ferrothorn|Gyro Ball|p1a: Breloom
|-damage|p1a: Breloom|81/100 par
|
|upkeep
|turn|8
|
|t:|1707264853
|switch|p2a: Reuniclus|Reuniclus, M|100/100
|cant|p1a: Breloom|par
|
|upkeep
|turn|9
|
|t:|1707264859
|switch|p1a: Jirachi|Jirachi|100/100 par
|move|p2a: Reuniclus|Psyshock|p1a: Jirachi
|-resisted|p1a: Jirachi
|-damage|p1a: Jirachi|93/100 par
|
|-heal|p1a: Jirachi|99/100 par|[from] item: Leftovers
|upkeep
|turn|10
|inactive|palworld_is_god has 120 seconds left.
|
|t:|1707264908
|switch|p2a: Excadrill|Excadrill, F|88/100
|-ability|p2a: Excadrill|Mold Breaker
|move|p1a: Jirachi|U-turn|p2a: Excadrill
|-resisted|p2a: Excadrill
|-damage|p2a: Excadrill|77/100
|j| OUKU Ferrari
|
|t:|1707264924
|switch|p1a: Tentacruel|Tentacruel, F|100/100|[from] U-turn
|
|upkeep
|turn|11
|
|t:|1707264928
|move|p1a: Tentacruel|Scald|p2a: Excadrill
|-supereffective|p2a: Excadrill
|-damage|p2a: Excadrill|13/100
|move|p2a: Excadrill|Earthquake|p1a: Tentacruel
|-supereffective|p1a: Tentacruel
|-damage|p1a: Tentacruel|0 fnt
|faint|p1a: Tentacruel
|
|upkeep
|
|t:|1707264956
|switch|p1a: Politoed|Politoed, M, shiny|100/100
|-weather|RainDance|[from] ability: Drizzle|[of] p1a: Politoed
|turn|12
|
|t:|1707264962
|switch|p2a: Ferrothorn|Ferrothorn, F|100/100
|move|p1a: Politoed|Scald|p2a: Ferrothorn
|-resisted|p2a: Ferrothorn
|-damage|p2a: Ferrothorn|87/100
|
|-weather|RainDance|[upkeep]
|-heal|p2a: Ferrothorn|93/100|[from] item: Leftovers
|upkeep
|turn|13
|
|t:|1707264970
|switch|p1a: Jirachi|Jirachi|99/100 par
|move|p2a: Ferrothorn|Stealth Rock|p1a: Jirachi
|-sidestart|p1: el janitor|move: Stealth Rock
|
|-weather|RainDance|[upkeep]
|-heal|p1a: Jirachi|100/100 par|[from] item: Leftovers
|-heal|p2a: Ferrothorn|99/100|[from] item: Leftovers
|upkeep
|turn|14
|
|t:|1707264984
|switch|p2a: Excadrill|Excadrill, F|13/100
|-ability|p2a: Excadrill|Mold Breaker
|move|p1a: Jirachi|U-turn|p2a: Excadrill
|-resisted|p2a: Excadrill
|-damage|p2a: Excadrill|1/100
|
|t:|1707265006
|switch|p1a: Mamoswine|Mamoswine, M|100/100|[from] U-turn
|-damage|p1a: Mamoswine|88/100|[from] Stealth Rock
|
|-weather|RainDance|[upkeep]
|upkeep
|turn|15
|
|t:|1707265011
|move|p1a: Mamoswine|Ice Shard|p2a: Excadrill
|-damage|p2a: Excadrill|0 fnt
|faint|p2a: Excadrill
|
|-weather|RainDance|[upkeep]
|upkeep
|
|t:|1707265017
|switch|p2a: Jirachi|Jirachi|100/100
|turn|16
|
|t:|1707265020
|move|p2a: Jirachi|Iron Head|p1a: Mamoswine
|-supereffective|p1a: Mamoswine
|-damage|p1a: Mamoswine|8/100
|move|p1a: Mamoswine|Earthquake|p2a: Jirachi
|-supereffective|p2a: Jirachi
|-damage|p2a: Jirachi|0 fnt
|faint|p2a: Jirachi
|
|-weather|RainDance|[upkeep]
|upkeep
|
|t:|1707265030
|switch|p2a: Ferrothorn|Ferrothorn, F|99/100
|turn|17
|
|t:|1707265037
|switch|p2a: Reuniclus|Reuniclus, M|100/100
|move|p1a: Mamoswine|Superpower|p2a: Reuniclus
|-resisted|p2a: Reuniclus
|-damage|p2a: Reuniclus|85/100
|-unboost|p1a: Mamoswine|atk|1
|-unboost|p1a: Mamoswine|def|1
|
|-weather|RainDance|[upkeep]
|-heal|p2a: Reuniclus|91/100|[from] item: Leftovers
|upkeep
|turn|18
|
|t:|1707265046
|move|p1a: Mamoswine|Icicle Crash|p2a: Reuniclus
|-damage|p2a: Reuniclus|68/100
|move|p2a: Reuniclus|Recover|p2a: Reuniclus
|-heal|p2a: Reuniclus|100/100
|
|-weather|RainDance|[upkeep]
|upkeep
|turn|19
|
|t:|1707265052
|switch|p1a: Jirachi|Jirachi|100/100 par
|-damage|p1a: Jirachi|94/100 par|[from] Stealth Rock
|move|p2a: Reuniclus|Calm Mind|p2a: Reuniclus
|-boost|p2a: Reuniclus|spa|1
|-boost|p2a: Reuniclus|spd|1
|
|-weather|RainDance|[upkeep]
|-heal|p1a: Jirachi|100/100 par|[from] item: Leftovers
|upkeep
|turn|20
|
|t:|1707265062
|move|p2a: Reuniclus|Calm Mind|p2a: Reuniclus
|-boost|p2a: Reuniclus|spa|1
|-boost|p2a: Reuniclus|spd|1
|move|p1a: Jirachi|Thunder|p2a: Reuniclus
|-damage|p2a: Reuniclus|88/100
|
|-weather|RainDance|[upkeep]
|-heal|p2a: Reuniclus|94/100|[from] item: Leftovers
|upkeep
|turn|21
|
|t:|1707265069
|move|p2a: Reuniclus|Calm Mind|p2a: Reuniclus
|-boost|p2a: Reuniclus|spa|1
|-boost|p2a: Reuniclus|spd|1
|cant|p1a: Jirachi|par
|
|-weather|RainDance|[upkeep]
|-heal|p2a: Reuniclus|99/100|[from] item: Leftovers
|upkeep
|turn|22
|
|t:|1707265076
|move|p2a: Reuniclus|Hidden Power|p1a: Jirachi
|-damage|p1a: Jirachi|68/100 par
|cant|p1a: Jirachi|par
|
|-weather|RainDance|[upkeep]
|-heal|p2a: Reuniclus|100/100|[from] item: Leftovers
|-heal|p1a: Jirachi|75/100 par|[from] item: Leftovers
|upkeep
|turn|23
|
|t:|1707265083
|move|p2a: Reuniclus|Calm Mind|p2a: Reuniclus
|-boost|p2a: Reuniclus|spa|1
|-boost|p2a: Reuniclus|spd|1
|cant|p1a: Jirachi|par
|
|-weather|RainDance|[upkeep]
|-heal|p1a: Jirachi|81/100 par|[from] item: Leftovers
|upkeep
|turn|24
|
|t:|1707265094
|move|p2a: Reuniclus|Hidden Power|p1a: Jirachi
|-damage|p1a: Jirachi|47/100 par
|move|p1a: Jirachi|Thunder|p2a: Reuniclus
|-damage|p2a: Reuniclus|92/100
|-status|p2a: Reuniclus|par
|
|-weather|RainDance|[upkeep]
|-heal|p1a: Jirachi|53/100 par|[from] item: Leftovers
|-heal|p2a: Reuniclus|98/100 par|[from] item: Leftovers
|upkeep
|turn|25
|
|t:|1707265106
|move|p1a: Jirachi|Iron Head|p2a: Reuniclus
|-crit|p2a: Reuniclus
|-damage|p2a: Reuniclus|62/100 par
|move|p2a: Reuniclus|Psyshock|p1a: Jirachi
|-resisted|p1a: Jirachi
|-damage|p1a: Jirachi|33/100 par
|
|-weather|RainDance|[upkeep]
|-heal|p1a: Jirachi|39/100 par|[from] item: Leftovers
|-heal|p2a: Reuniclus|68/100 par|[from] item: Leftovers
|upkeep
|turn|26
|
|t:|1707265116
|switch|p2a: Ferrothorn|Ferrothorn, F|99/100
|move|p1a: Jirachi|Iron Head|p2a: Ferrothorn
|-resisted|p2a: Ferrothorn
|-damage|p2a: Ferrothorn|90/100
|-damage|p1a: Jirachi|27/100 par|[from] ability: Iron Barbs|[of] p2a: Ferrothorn
|
|-weather|RainDance|[upkeep]
|-heal|p1a: Jirachi|33/100 par|[from] item: Leftovers
|-heal|p2a: Ferrothorn|96/100|[from] item: Leftovers
|upkeep
|turn|27
|c|☆el janitor|how is rachi always the one getting haxxed
|
|t:|1707265139
|switch|p1a: Mamoswine|Mamoswine, M|8/100
|-damage|p1a: Mamoswine|0 fnt|[from] Stealth Rock
|faint|p1a: Mamoswine
|move|p2a: Ferrothorn|Knock Off|p1: Mamoswine|[notarget]
|-fail|p2a: Ferrothorn
|
|-weather|RainDance|[upkeep]
|-heal|p2a: Ferrothorn|100/100|[from] item: Leftovers
|upkeep
|
|t:|1707265141
|switch|p1a: Breloom|Breloom, M|81/100 par
|-damage|p1a: Breloom|75/100 par|[from] Stealth Rock
|turn|28
|l| OUKU Ferrari
|
|t:|1707265157
|switch|p2a: Reuniclus|Reuniclus, M|68/100 par
|move|p1a: Breloom|Superpower|p2a: Reuniclus
|-resisted|p2a: Reuniclus
|-damage|p2a: Reuniclus|32/100 par
|-unboost|p1a: Breloom|atk|1
|-unboost|p1a: Breloom|def|1
|
|-weather|RainDance|[upkeep]
|-heal|p2a: Reuniclus|38/100 par|[from] item: Leftovers
|upkeep
|turn|29
|
|t:|1707265166
|switch|p1a: Jirachi|Jirachi|33/100 par
|-damage|p1a: Jirachi|27/100 par|[from] Stealth Rock
|move|p2a: Reuniclus|Recover|p2a: Reuniclus
|-heal|p2a: Reuniclus|88/100 par
|
|-weather|RainDance|[upkeep]
|-heal|p1a: Jirachi|33/100 par|[from] item: Leftovers
|-heal|p2a: Reuniclus|95/100 par|[from] item: Leftovers
|upkeep
|turn|30
|
|t:|1707265178
|switch|p1a: Breloom|Breloom, M|75/100 par
|-damage|p1a: Breloom|69/100 par|[from] Stealth Rock
|move|p2a: Reuniclus|Psyshock|p1a: Breloom
|-supereffective|p1a: Breloom
|-damage|p1a: Breloom|0 fnt
|faint|p1a: Breloom
|
|-weather|RainDance|[upkeep]
|-heal|p2a: Reuniclus|100/100 par|[from] item: Leftovers
|upkeep
|
|t:|1707265184
|switch|p1a: Politoed|Politoed, M, shiny|100/100
|-damage|p1a: Politoed|88/100|[from] Stealth Rock
|turn|31
|
|t:|1707265190
|move|p1a: Politoed|Encore|p2a: Reuniclus
|-start|p2a: Reuniclus|Encore
|move|p2a: Reuniclus|Psyshock|p1a: Politoed
|-damage|p1a: Politoed|64/100
|
|-weather|RainDance|[upkeep]
|-heal|p1a: Politoed|70/100|[from] item: Leftovers
|upkeep
|turn|32
|
|t:|1707265196
|switch|p1a: Dragonite|Dragonite, M|63/100
|-damage|p1a: Dragonite|38/100|[from] Stealth Rock
|switch|p2a: Ferrothorn|Ferrothorn, F|100/100
|
|-weather|RainDance|[upkeep]
|-heal|p1a: Dragonite|45/100|[from] item: Leftovers
|upkeep
|turn|33
|
|t:|1707265209
|move|p1a: Dragonite|Roost|p1a: Dragonite
|-heal|p1a: Dragonite|95/100
|-singleturn|p1a: Dragonite|move: Roost
|move|p2a: Ferrothorn|Thunder Wave|p1a: Dragonite
|-status|p1a: Dragonite|par
|
|-weather|RainDance|[upkeep]
|-heal|p1a: Dragonite|100/100 par|[from] item: Leftovers
|upkeep
|turn|34
|
|t:|1707265221
|switch|p2a: Alakazam|Alakazam, M|100/100
|cant|p1a: Dragonite|par
|
|-weather|RainDance|[upkeep]
|upkeep
|turn|35
|
|t:|1707265226
|move|p2a: Alakazam|Hidden Power|p1a: Dragonite
|-supereffective|p1a: Dragonite
|-damage|p1a: Dragonite|55/100 par
|move|p1a: Dragonite|Dragon Claw|p2a: Alakazam
|-damage|p2a: Alakazam|16/100
|
|-weather|RainDance|[upkeep]
|-heal|p1a: Dragonite|61/100 par|[from] item: Leftovers
|upkeep
|turn|36
|
|t:|1707265239
|switch|p1a: Jirachi|Jirachi|33/100 par
|-damage|p1a: Jirachi|27/100 par|[from] Stealth Rock
|move|p2a: Alakazam|Hidden Power|p1a: Jirachi
|-resisted|p1a: Jirachi
|-damage|p1a: Jirachi|19/100 par
|
|-weather|RainDance|[upkeep]
|-heal|p1a: Jirachi|25/100 par|[from] item: Leftovers
|upkeep
|turn|37
|
|t:|1707265248
|move|p2a: Alakazam|Focus Blast|p1a: Jirachi
|-damage|p1a: Jirachi|0 fnt
|faint|p1a: Jirachi
|
|-weather|RainDance|[upkeep]
|upkeep
|
|t:|1707265251
|switch|p1a: Politoed|Politoed, M, shiny|70/100
|-damage|p1a: Politoed|58/100|[from] Stealth Rock
|turn|38
|
|t:|1707265268
|move|p2a: Alakazam|Thunder Wave|p1a: Politoed
|-status|p1a: Politoed|par
|move|p1a: Politoed|Scald|p2a: Alakazam
|-damage|p2a: Alakazam|0 fnt
|faint|p2a: Alakazam
|
|-weather|RainDance|[upkeep]
|-heal|p1a: Politoed|64/100 par|[from] item: Leftovers
|upkeep
|
|t:|1707265277
|switch|p2a: Reuniclus|Reuniclus, M|100/100 par
|turn|39
|
|t:|1707265284
|move|p1a: Politoed|Scald|p2a: Reuniclus
|-damage|p2a: Reuniclus|63/100 par
|cant|p2a: Reuniclus|par
|
|-weather|RainDance|[upkeep]
|-heal|p1a: Politoed|70/100 par|[from] item: Leftovers
|-heal|p2a: Reuniclus|69/100 par|[from] item: Leftovers
|upkeep
|turn|40
|
|t:|1707265293
|switch|p2a: Ferrothorn|Ferrothorn, F|100/100
|move|p1a: Politoed|Scald|p2a: Ferrothorn
|-resisted|p2a: Ferrothorn
|-damage|p2a: Ferrothorn|87/100
|-status|p2a: Ferrothorn|brn
|
|-weather|RainDance|[upkeep]
|-heal|p1a: Politoed|76/100 par|[from] item: Leftovers
|-heal|p2a: Ferrothorn|93/100 brn|[from] item: Leftovers
|-damage|p2a: Ferrothorn|81/100 brn|[from] brn
|upkeep
|turn|41
|
|t:|1707265307
|move|p1a: Politoed|Refresh|p1a: Politoed
|-curestatus|p1a: Politoed|par|[msg]
|move|p2a: Ferrothorn|Knock Off|p1a: Politoed
|-damage|p1a: Politoed|74/100
|-enditem|p1a: Politoed|Leftovers|[from] move: Knock Off|[of] p2a: Ferrothorn
|
|-weather|RainDance|[upkeep]
|-heal|p2a: Ferrothorn|87/100 brn|[from] item: Leftovers
|-damage|p2a: Ferrothorn|75/100 brn|[from] brn
|upkeep
|turn|42
|
|t:|1707265318
|switch|p1a: Dragonite|Dragonite, M|61/100 par
|-damage|p1a: Dragonite|36/100 par|[from] Stealth Rock
|switch|p2a: Reuniclus|Reuniclus, M|69/100 par
|
|-weather|RainDance|[upkeep]
|-heal|p1a: Dragonite|42/100 par|[from] item: Leftovers
|-heal|p2a: Reuniclus|75/100 par|[from] item: Leftovers
|upkeep
|turn|43
|
|t:|1707265327
|move|p1a: Dragonite|Roost|p1a: Dragonite
|-heal|p1a: Dragonite|92/100 par
|-singleturn|p1a: Dragonite|move: Roost
|cant|p2a: Reuniclus|par
|
|-weather|RainDance|[upkeep]
|-heal|p1a: Dragonite|99/100 par|[from] item: Leftovers
|-heal|p2a: Reuniclus|81/100 par|[from] item: Leftovers
|upkeep
|turn|44
|
|t:|1707265335
|switch|p1a: Politoed|Politoed, M, shiny|74/100
|-damage|p1a: Politoed|62/100|[from] Stealth Rock
|move|p2a: Reuniclus|Calm Mind|p2a: Reuniclus
|-boost|p2a: Reuniclus|spa|1
|-boost|p2a: Reuniclus|spd|1
|
|-weather|RainDance|[upkeep]
|-heal|p2a: Reuniclus|88/100 par|[from] item: Leftovers
|upkeep
|turn|45
|
|t:|1707265344
|move|p1a: Politoed|Encore|p2a: Reuniclus
|-start|p2a: Reuniclus|Encore
|move|p2a: Reuniclus|Calm Mind|p2a: Reuniclus
|-boost|p2a: Reuniclus|spa|1
|-boost|p2a: Reuniclus|spd|1
|
|-weather|RainDance|[upkeep]
|-heal|p2a: Reuniclus|94/100 par|[from] item: Leftovers
|upkeep
|turn|46
|
|t:|1707265351
|move|p1a: Politoed|Scald|p2a: Reuniclus
|-damage|p2a: Reuniclus|77/100 par
|move|p2a: Reuniclus|Calm Mind|p2a: Reuniclus
|-boost|p2a: Reuniclus|spa|1
|-boost|p2a: Reuniclus|spd|1
|
|-weather|RainDance|[upkeep]
|-heal|p2a: Reuniclus|84/100 par|[from] item: Leftovers
|upkeep
|turn|47
|
|t:|1707265359
|switch|p2a: Ferrothorn|Ferrothorn, F|75/100 brn
|move|p1a: Politoed|Scald|p2a: Ferrothorn
|-resisted|p2a: Ferrothorn
|-damage|p2a: Ferrothorn|61/100 brn
|
|-weather|RainDance|[upkeep]
|-heal|p2a: Ferrothorn|67/100 brn|[from] item: Leftovers
|-damage|p2a: Ferrothorn|55/100 brn|[from] brn
|upkeep
|turn|48
|
|t:|1707265373
|move|p1a: Politoed|Protect|p1a: Politoed
|-singleturn|p1a: Politoed|Protect
|move|p2a: Ferrothorn|Thunder Wave|p1a: Politoed
|-activate|p1a: Politoed|move: Protect
|
|-weather|RainDance|[upkeep]
|-heal|p2a: Ferrothorn|61/100 brn|[from] item: Leftovers
|-damage|p2a: Ferrothorn|49/100 brn|[from] brn
|upkeep
|turn|49
|
|t:|1707265382
|move|p1a: Politoed|Encore|p2a: Ferrothorn
|-start|p2a: Ferrothorn|Encore
|move|p2a: Ferrothorn|Thunder Wave|p1a: Politoed
|-status|p1a: Politoed|par
|
|-weather|RainDance|[upkeep]
|-heal|p2a: Ferrothorn|55/100 brn|[from] item: Leftovers
|-damage|p2a: Ferrothorn|42/100 brn|[from] brn
|upkeep
|turn|50
|
|t:|1707265389
|switch|p2a: Reuniclus|Reuniclus, M|84/100 par
|cant|p1a: Politoed|par
|
|-weather|RainDance|[upkeep]
|-heal|p2a: Reuniclus|90/100 par|[from] item: Leftovers
|upkeep
|turn|51
|
|t:|1707265395
|cant|p1a: Politoed|par
|cant|p2a: Reuniclus|par
|
|-weather|RainDance|[upkeep]
|-heal|p2a: Reuniclus|96/100 par|[from] item: Leftovers
|upkeep
|turn|52
|
|t:|1707265400
|move|p1a: Politoed|Refresh|p1a: Politoed
|-curestatus|p1a: Politoed|par|[msg]
|move|p2a: Reuniclus|Psyshock|p1a: Politoed
|-damage|p1a: Politoed|38/100
|
|-weather|RainDance|[upkeep]
|-heal|p2a: Reuniclus|100/100 par|[from] item: Leftovers
|upkeep
|turn|53
|
|t:|1707265407
|move|p1a: Politoed|Scald|p2a: Reuniclus
|-damage|p2a: Reuniclus|63/100 par
|move|p2a: Reuniclus|Psyshock|p1a: Politoed
|-damage|p1a: Politoed|12/100
|
|-weather|RainDance|[upkeep]
|-heal|p2a: Reuniclus|69/100 par|[from] item: Leftovers
|upkeep
|turn|54
|
|t:|1707265414
|move|p1a: Politoed|Scald|p2a: Reuniclus
|-damage|p2a: Reuniclus|36/100 par
|cant|p2a: Reuniclus|par
|
|-weather|RainDance|[upkeep]
|-heal|p2a: Reuniclus|42/100 par|[from] item: Leftovers
|upkeep
|turn|55
|
|t:|1707265423
|move|p1a: Politoed|Encore|p2a: Reuniclus
|-start|p2a: Reuniclus|Encore
|move|p2a: Reuniclus|Psyshock|p1a: Politoed
|-damage|p1a: Politoed|0 fnt
|faint|p1a: Politoed
|
|-weather|RainDance|[upkeep]
|-heal|p2a: Reuniclus|48/100 par|[from] item: Leftovers
|upkeep
|
|t:|1707265424
|switch|p1a: Dragonite|Dragonite, M|99/100 par
|-damage|p1a: Dragonite|74/100 par|[from] Stealth Rock
|turn|56
|
|t:|1707265433
|cant|p1a: Dragonite|par
|move|p2a: Reuniclus|Psyshock|p1a: Dragonite
|-damage|p1a: Dragonite|44/100 par
|
|-weather|RainDance|[upkeep]
|-heal|p1a: Dragonite|50/100 par|[from] item: Leftovers
|-heal|p2a: Reuniclus|54/100 par|[from] item: Leftovers
|upkeep
|turn|57
|
|t:|1707265442
|move|p1a: Dragonite|Dragon Dance|p1a: Dragonite
|-boost|p1a: Dragonite|atk|1
|-boost|p1a: Dragonite|spe|1
|move|p2a: Reuniclus|Psyshock|p1a: Dragonite
|-damage|p1a: Dragonite|23/100 par
|
|-weather|RainDance|[upkeep]
|-heal|p1a: Dragonite|29/100 par|[from] item: Leftovers
|-heal|p2a: Reuniclus|60/100 par|[from] item: Leftovers
|-end|p2a: Reuniclus|Encore
|upkeep
|turn|58
|
|t:|1707265452
|move|p1a: Dragonite|Substitute|p1a: Dragonite
|-start|p1a: Dragonite|Substitute
|-damage|p1a: Dragonite|4/100 par
|move|p2a: Reuniclus|Calm Mind|p2a: Reuniclus
|-boost|p2a: Reuniclus|spa|1
|-boost|p2a: Reuniclus|spd|1
|
|-weather|RainDance|[upkeep]
|-heal|p1a: Dragonite|10/100 par|[from] item: Leftovers
|-heal|p2a: Reuniclus|66/100 par|[from] item: Leftovers
|upkeep
|turn|59
|
|t:|1707265460
|move|p1a: Dragonite|Dragon Claw|p2a: Reuniclus
|-damage|p2a: Reuniclus|30/100 par
|cant|p2a: Reuniclus|par
|
|-weather|RainDance|[upkeep]
|-heal|p1a: Dragonite|16/100 par|[from] item: Leftovers
|-heal|p2a: Reuniclus|36/100 par|[from] item: Leftovers
|upkeep
|turn|60
|
|t:|1707265468
|move|p1a: Dragonite|Roost|p1a: Dragonite
|-heal|p1a: Dragonite|66/100 par
|-singleturn|p1a: Dragonite|move: Roost
|cant|p2a: Reuniclus|par
|
|-weather|RainDance|[upkeep]
|-heal|p1a: Dragonite|73/100 par|[from] item: Leftovers
|-heal|p2a: Reuniclus|42/100 par|[from] item: Leftovers
|upkeep
|turn|61
|
|t:|1707265477
|move|p1a: Dragonite|Dragon Claw|p2a: Reuniclus
|-damage|p2a: Reuniclus|3/100 par
|move|p2a: Reuniclus|Recover|p2a: Reuniclus
|-heal|p2a: Reuniclus|53/100 par
|
|-weather|RainDance|[upkeep]
|-heal|p1a: Dragonite|79/100 par|[from] item: Leftovers
|-heal|p2a: Reuniclus|59/100 par|[from] item: Leftovers
|upkeep
|turn|62
|
|t:|1707265485
|move|p1a: Dragonite|Dragon Dance|p1a: Dragonite
|-boost|p1a: Dragonite|atk|1
|-boost|p1a: Dragonite|spe|1
|move|p2a: Reuniclus|Psyshock|p1a: Dragonite
|-end|p1a: Dragonite|Substitute
|
|-weather|RainDance|[upkeep]
|-heal|p1a: Dragonite|85/100 par|[from] item: Leftovers
|-heal|p2a: Reuniclus|66/100 par|[from] item: Leftovers
|upkeep
|turn|63
|
|t:|1707265494
|move|p1a: Dragonite|Substitute|p1a: Dragonite
|-start|p1a: Dragonite|Substitute
|-damage|p1a: Dragonite|60/100 par
|move|p2a: Reuniclus|Psyshock|p1a: Dragonite
|-end|p1a: Dragonite|Substitute
|
|-weather|RainDance|[upkeep]
|-heal|p1a: Dragonite|66/100 par|[from] item: Leftovers
|-heal|p2a: Reuniclus|72/100 par|[from] item: Leftovers
|upkeep
|turn|64
|
|t:|1707265503
|cant|p1a: Dragonite|par
|move|p2a: Reuniclus|Psyshock|p1a: Dragonite
|-damage|p1a: Dragonite|22/100 par
|
|-weather|RainDance|[upkeep]
|-heal|p1a: Dragonite|28/100 par|[from] item: Leftovers
|-heal|p2a: Reuniclus|78/100 par|[from] item: Leftovers
|upkeep
|turn|65
|
|t:|1707265510
|move|p1a: Dragonite|Roost|p1a: Dragonite
|-heal|p1a: Dragonite|78/100 par
|-singleturn|p1a: Dragonite|move: Roost
|move|p2a: Reuniclus|Psyshock|p1a: Dragonite
|-damage|p1a: Dragonite|36/100 par
|
|-weather|RainDance|[upkeep]
|-heal|p1a: Dragonite|42/100 par|[from] item: Leftovers
|-heal|p2a: Reuniclus|84/100 par|[from] item: Leftovers
|upkeep
|turn|66
|
|t:|1707265519
|move|p1a: Dragonite|Roost|p1a: Dragonite
|-heal|p1a: Dragonite|92/100 par
|-singleturn|p1a: Dragonite|move: Roost
|move|p2a: Reuniclus|Psyshock|p1a: Dragonite
|-damage|p1a: Dragonite|49/100 par
|
|-weather|RainDance|[upkeep]
|-heal|p1a: Dragonite|56/100 par|[from] item: Leftovers
|-heal|p2a: Reuniclus|90/100 par|[from] item: Leftovers
|upkeep
|turn|67
|
|t:|1707265528
|move|p1a: Dragonite|Roost|p1a: Dragonite
|-heal|p1a: Dragonite|100/100 par
|-singleturn|p1a: Dragonite|move: Roost
|move|p2a: Reuniclus|Psyshock|p1a: Dragonite
|-damage|p1a: Dragonite|81/100 par
|
|-weather|RainDance|[upkeep]
|-heal|p1a: Dragonite|87/100 par|[from] item: Leftovers
|-heal|p2a: Reuniclus|96/100 par|[from] item: Leftovers
|upkeep
|turn|68
|
|t:|1707265537
|move|p1a: Dragonite|Dragon Dance|p1a: Dragonite
|-boost|p1a: Dragonite|atk|1
|-boost|p1a: Dragonite|spe|1
|move|p2a: Reuniclus|Calm Mind|p2a: Reuniclus
|-boost|p2a: Reuniclus|spa|1
|-boost|p2a: Reuniclus|spd|1
|
|-weather|RainDance|[upkeep]
|-heal|p1a: Dragonite|94/100 par|[from] item: Leftovers
|-heal|p2a: Reuniclus|100/100 par|[from] item: Leftovers
|upkeep
|turn|69
|
|t:|1707265546
|move|p1a: Dragonite|Dragon Claw|p2a: Reuniclus
|-crit|p2a: Reuniclus
|-damage|p2a: Reuniclus|0 fnt
|faint|p2a: Reuniclus
|
|-weather|RainDance|[upkeep]
|-heal|p1a: Dragonite|99/100 par|[from] item: Leftovers
|upkeep
|-message|palworld_is_god forfeited.
|
|win|el janitor
|raw|el janitor's rating: 1409 &rarr; <strong>1434</strong><br />(+25 for winning)
|raw|palworld_is_god's rating: 1495 &rarr; <strong>1470</strong><br />(-25 for losing)
|l|☆palworld_is_god
|player|p2|
