|j|☆RaiyanGotNo3DS
|j|☆baixiaohen
|t:|1739904933
|gametype|singles
|player|p1|RaiyanGotNo3DS|swimmer-gen4|1291
|player|p2|baixiaohen|steven|1379
|teamsize|p1|6
|teamsize|p2|6
|gen|5
|tier|[Gen 5] OU
|rated|
|rule|Species Clause: Limit one of each Pokémon
|rule|OHKO Clause: OHKO moves are banned
|rule|Moody Clause: Moody is banned
|rule|Evasion Items Clause: Evasion items are banned
|rule|Evasion Moves Clause: Evasion moves are banned
|rule|Endless Battle Clause: Forcing endless battles is banned
|rule|HP Percentage Mod: HP is shown in percentages
|rule|Evasion Abilities Clause: Evasion abilities are banned
|rule|Sleep Moves Clause: Sleep-inducing moves are banned
|rule|Swagger Clause: Swagger is banned
|rule|Baton Pass Stat Clause: No Baton Passer may have a way to boost its stats
|clearpoke
|poke|p1|Druddigon, M|item
|poke|p1|Koffing, F|item
|poke|p1|Weezing, F|item
|poke|p1|Dratini, F|item
|poke|p1|Dragonair, M|item
|poke|p1|Dragonite, M|item
|poke|p2|Jirachi|item
|poke|p2|Scizor, F|item
|poke|p2|Celebi|item
|poke|p2|Gyarados, F|item
|poke|p2|Heatran, M|item
|poke|p2|Starmie|item
|teampreview
|inactive|Battle timer is ON: inactive players will automatically lose when time's up. (requested by RaiyanGotNo3DS)
|
|t:|1739904946
|start
|switch|p1a: Druddigon|Druddigon, M|100/100
|switch|p2a: Jirachi|Jirachi, shiny|100/100
|turn|1
|
|t:|1739904951
|move|p2a: Jirachi|Iron Head|p1a: Druddigon
|-damage|p1a: Druddigon|68/100
|-damage|p2a: Jirachi|88/100|[from] ability: Rough Skin|[of] p1a: Druddigon
|-damage|p2a: Jirachi|72/100|[from] item: Rocky Helmet|[of] p1a: Druddigon
|move|p1a: Druddigon|Glare|p2a: Jirachi
|-status|p2a: Jirachi|par
|
|upkeep
|turn|2
|
|t:|1739904958
|move|p2a: Jirachi|Iron Head|p1a: Druddigon
|-damage|p1a: Druddigon|38/100
|-damage|p2a: Jirachi|59/100 par|[from] ability: Rough Skin|[of] p1a: Druddigon
|-damage|p2a: Jirachi|43/100 par|[from] item: Rocky Helmet|[of] p1a: Druddigon
|cant|p1a: Druddigon|flinch
|
|upkeep
|turn|3
|
|t:|1739904965
|cant|p2a: Jirachi|par
|move|p1a: Druddigon|Stealth Rock|p2a: Jirachi
|-sidestart|p2: baixiaohen|move: Stealth Rock
|
|upkeep
|turn|4
|
|t:|1739904969
|move|p2a: Jirachi|Iron Head|p1a: Druddigon
|-damage|p1a: Druddigon|8/100
|-damage|p2a: Jirachi|30/100 par|[from] ability: Rough Skin|[of] p1a: Druddigon
|-damage|p2a: Jirachi|14/100 par|[from] item: Rocky Helmet|[of] p1a: Druddigon
|cant|p1a: Druddigon|flinch
|
|upkeep
|turn|5
|
|t:|1739904977
|switch|p1a: Koffing|Koffing, F|100/100
|move|p2a: Jirachi|Iron Head|p1a: Koffing
|-damage|p1a: Koffing|73/100
|
|upkeep
|turn|6
|
|t:|1739904984
|move|p2a: Jirachi|Iron Head|p1a: Koffing
|-damage|p1a: Koffing|47/100
|cant|p1a: Koffing|flinch
|
|upkeep
|turn|7
|
|t:|1739904988
|move|p2a: Jirachi|Iron Head|p1a: Koffing
|-damage|p1a: Koffing|20/100
|move|p1a: Koffing|Memento|p2a: Jirachi
|-unboost|p2a: Jirachi|atk|2
|-unboost|p2a: Jirachi|spa|2
|faint|p1a: Koffing
|
|upkeep
|
|t:|1739904992
|switch|p1a: Dragonite|Dragonite, M|100/100
|turn|8
|
|t:|1739904996
|move|p1a: Dragonite|Dragon Dance|p1a: Dragonite
|-boost|p1a: Dragonite|atk|1
|-boost|p1a: Dragonite|spe|1
|move|p2a: Jirachi|Iron Head|p1a: Dragonite
|-damage|p1a: Dragonite|91/100
|
|upkeep
|turn|9
|
|t:|1739905000
|switch|p2a: Heatran|Heatran, M, shiny|100/100
|-damage|p2a: Heatran|88/100|[from] Stealth Rock
|move|p1a: Dragonite|Dragon Dance|p1a: Dragonite
|-boost|p1a: Dragonite|atk|1
|-boost|p1a: Dragonite|spe|1
|
|-heal|p2a: Heatran|94/100|[from] item: Leftovers
|upkeep
|turn|10
|
|t:|1739905006
|move|p1a: Dragonite|Earthquake|p2a: Heatran
|-supereffective|p2a: Heatran
|-damage|p2a: Heatran|0 fnt
|faint|p2a: Heatran
|
|upkeep
|
|t:|1739905025
|switch|p2a: Gyarados|Gyarados, F, shiny|100/100
|-damage|p2a: Gyarados|75/100|[from] Stealth Rock
|-ability|p2a: Gyarados|Intimidate|boost
|-unboost|p1a: Dragonite|atk|1
|turn|11
|
|t:|1739905031
|move|p1a: Dragonite|Outrage|p2a: Gyarados
|-damage|p2a: Gyarados|0 fnt
|faint|p2a: Gyarados
|
|upkeep
|
|t:|1739905036
|switch|p2a: Jirachi|Jirachi, shiny|14/100 par
|-damage|p2a: Jirachi|8/100 par|[from] Stealth Rock
|turn|12
|
|t:|1739905039
|move|p1a: Dragonite|Outrage|p2a: Jirachi|[from] lockedmove
|-resisted|p2a: Jirachi
|-damage|p2a: Jirachi|0 fnt
|faint|p2a: Jirachi
|
|upkeep
|
|t:|1739905042
|switch|p2a: Scizor|Scizor, F|100/100
|-damage|p2a: Scizor|88/100|[from] Stealth Rock
|turn|13
|
|t:|1739905044
|move|p1a: Dragonite|Outrage|p2a: Scizor|[from] lockedmove
|-resisted|p2a: Scizor
|-crit|p2a: Scizor
|-damage|p2a: Scizor|0 fnt
|faint|p2a: Scizor
|-start|p1a: Dragonite|confusion|[fatigue]
|-enditem|p1a: Dragonite|Lum Berry|[eat]
|-end|p1a: Dragonite|confusion
|
|upkeep
|l|☆baixiaohen
|inactive|baixiaohen disconnected and has a minute to reconnect!
|player|p2|
|c|☆RaiyanGotNo3DS|gg
|c|☆RaiyanGotNo3DS|lmaaooo
|j|☆baixiaohen
|inactive|baixiaohen reconnected and has 130 seconds left.
|player|p2|baixiaohen|steven|
|-message|baixiaohen forfeited.
|
|win|RaiyanGotNo3DS
|raw|RaiyanGotNo3DS's rating: 1291 &rarr; <strong>1322</strong><br />(+31 for winning)
|raw|baixiaohen's rating: 1379 &rarr; <strong>1354</strong><br />(-25 for losing)
|l|☆baixiaohen
|player|p2|
|j|☆baixiaohen
|player|p2|baixiaohen|steven|
|l|☆baixiaohen
|player|p2|
