|j|☆leoperi99
|j|☆mello ss
|t:|1746223251
|gametype|singles
|player|p1|leoperi99|#nucliistarabias|1422
|player|p2|mello ss|unknown|1408
|teamsize|p1|6
|teamsize|p2|6
|gen|5
|tier|[Gen 5] OU
|rated|
|rule|Species Clause: Limit one of each Pokémon
|rule|OHKO Clause: OHKO moves are banned
|rule|Moody Clause: Moody is banned
|rule|Evasion Items Clause: Evasion items are banned
|rule|Evasion Moves Clause: Evasion moves are banned
|rule|Endless Battle Clause: Forcing endless battles is banned
|rule|HP Percentage Mod: HP is shown in percentages
|rule|Evasion Abilities Clause: Evasion abilities are banned
|rule|Sleep Moves Clause: Sleep-inducing moves are banned
|rule|Swagger Clause: Swagger is banned
|rule|Baton Pass Stat Clause: No Baton Passer may have a way to boost its stats
|clearpoke
|poke|p1|Starmie|item
|poke|p1|Garchomp, M|item
|poke|p1|Bronzong|item
|poke|p1|Magnezone|item
|poke|p1|Jirachi|item
|poke|p1|Kyurem-Black|item
|poke|p2|Heatran, F|item
|poke|p2|Ninetales, M|item
|poke|p2|Cresselia, F|item
|poke|p2|Forretress, F|item
|poke|p2|Volcarona, M|item
|poke|p2|Chansey, F|item
|teampreview
|
|t:|1746223266
|start
|switch|p1a: Garchomp|Garchomp, M|100/100
|switch|p2a: Heatran|Heatran, F, shiny|100/100
|-item|p2a: Heatran|Air Balloon
|turn|1
|
|t:|1746223279
|move|p1a: Garchomp|Dragon Claw|p2a: Heatran
|-resisted|p2a: Heatran
|-damage|p2a: Heatran|79/100
|-enditem|p2a: Heatran|Air Balloon
|move|p2a: Heatran|Magma Storm|p1a: Garchomp|[miss]
|-miss|p2a: Heatran|p1a: Garchomp
|
|upkeep
|turn|2
|
|t:|1746223286
|move|p1a: Garchomp|Substitute|p1a: Garchomp
|-start|p1a: Garchomp|Substitute
|-damage|p1a: Garchomp|76/100
|move|p2a: Heatran|Hidden Power|p1a: Garchomp
|-supereffective|p1a: Garchomp
|-end|p1a: Garchomp|Substitute
|
|upkeep
|turn|3
|
|t:|1746223289
|switch|p2a: Cresselia|Cresselia, F|100/100
|move|p1a: Garchomp|Earthquake|p2a: Cresselia
|-immune|p2a: Cresselia|[from] ability: Levitate
|
|upkeep
|turn|4
|
|t:|1746223293
|switch|p1a: Jirachi|Jirachi|100/100
|switch|p2a: Ninetales|Ninetales, M, shiny|100/100
|-weather|SunnyDay|[from] ability: Drought|[of] p2a: Ninetales
|
|-weather|SunnyDay|[upkeep]
|upkeep
|turn|5
|
|t:|1746223298
|move|p2a: Ninetales|Fire Spin|p1a: Jirachi
|-supereffective|p1a: Jirachi
|-damage|p1a: Jirachi|81/100
|-activate|p1a: Jirachi|move: Fire Spin|[of] p2a: Ninetales
|move|p1a: Jirachi|Stealth Rock|p2a: Ninetales
|-sidestart|p2: mello ss|move: Stealth Rock
|
|-weather|SunnyDay|[upkeep]
|-heal|p1a: Jirachi|87/100|[from] item: Leftovers
|-damage|p1a: Jirachi|81/100|[from] move: Fire Spin|[partiallytrapped]
|upkeep
|turn|6
|
|t:|1746223303
|move|p2a: Ninetales|Protect|p2a: Ninetales
|-singleturn|p2a: Ninetales|Protect
|move|p1a: Jirachi|U-turn|p2a: Ninetales
|-activate|p2a: Ninetales|move: Protect
|
|-weather|SunnyDay|[upkeep]
|-heal|p1a: Jirachi|87/100|[from] item: Leftovers
|-damage|p1a: Jirachi|81/100|[from] move: Fire Spin|[partiallytrapped]
|upkeep
|turn|7
|
|t:|1746223308
|move|p2a: Ninetales|Fire Spin|p1a: Jirachi|[miss]
|-miss|p2a: Ninetales|p1a: Jirachi
|move|p1a: Jirachi|U-turn|p2a: Ninetales
|-resisted|p2a: Ninetales
|-damage|p2a: Ninetales|90/100
|
|t:|1746223311
|switch|p1a: Garchomp|Garchomp, M|76/100|[from] U-turn
|
|-weather|SunnyDay|[upkeep]
|-heal|p2a: Ninetales|96/100|[from] item: Leftovers
|upkeep
|turn|8
|
|t:|1746223326
|switch|p2a: Cresselia|Cresselia, F|100/100
|-damage|p2a: Cresselia|88/100|[from] Stealth Rock
|move|p1a: Garchomp|Swords Dance|p1a: Garchomp
|-boost|p1a: Garchomp|atk|2
|
|-weather|SunnyDay|[upkeep]
|-heal|p2a: Cresselia|94/100|[from] item: Leftovers
|upkeep
|turn|9
|
|t:|1746223330
|move|p1a: Garchomp|Dragon Claw|p2a: Cresselia
|-damage|p2a: Cresselia|49/100
|move|p2a: Cresselia|Ice Beam|p1a: Garchomp
|-supereffective|p1a: Garchomp
|-damage|p1a: Garchomp|2/100
|-enditem|p1a: Garchomp|Salac Berry|[eat]
|-boost|p1a: Garchomp|spe|1|[from] item: Salac Berry
|
|-weather|SunnyDay|[upkeep]
|-heal|p2a: Cresselia|55/100|[from] item: Leftovers
|upkeep
|turn|10
|
|t:|1746223339
|move|p1a: Garchomp|Swords Dance|p1a: Garchomp
|-boost|p1a: Garchomp|atk|2
|move|p2a: Cresselia|Moonlight|p2a: Cresselia
|-heal|p2a: Cresselia|100/100
|
|-weather|SunnyDay|[upkeep]
|upkeep
|turn|11
|
|t:|1746223342
|move|p1a: Garchomp|Dragon Claw|p2a: Cresselia
|-damage|p2a: Cresselia|42/100
|move|p2a: Cresselia|Ice Beam|p1a: Garchomp
|-supereffective|p1a: Garchomp
|-damage|p1a: Garchomp|0 fnt
|faint|p1a: Garchomp
|
|-weather|SunnyDay|[upkeep]
|-heal|p2a: Cresselia|48/100|[from] item: Leftovers
|upkeep
|
|t:|1746223349
|switch|p1a: Kyurem|Kyurem-Black|100/100
|-ability|p1a: Kyurem|Teravolt
|turn|12
|inactive|Battle timer is ON: inactive players will automatically lose when time's up. (requested by leoperi99)
|
|t:|1746223404
|switch|p2a: Heatran|Heatran, F, shiny|79/100
|-damage|p2a: Heatran|67/100|[from] Stealth Rock
|move|p1a: Kyurem|Outrage|p2a: Heatran
|-resisted|p2a: Heatran
|-damage|p2a: Heatran|30/100
|
|-weather|SunnyDay|[upkeep]
|upkeep
|turn|13
|
|t:|1746223431
|move|p2a: Heatran|Protect|p2a: Heatran
|-singleturn|p2a: Heatran|Protect
|move|p1a: Kyurem|Outrage|p2a: Heatran|[from] lockedmove
|-activate|p2a: Heatran|move: Protect
|-start|p1a: Kyurem|confusion|[fatigue]
|
|-weather|SunnyDay|[upkeep]
|upkeep
|turn|14
|
|t:|1746223439
|switch|p1a: Jirachi|Jirachi|81/100
|move|p2a: Heatran|Magma Storm|p1a: Jirachi|[miss]
|-miss|p2a: Heatran|p1a: Jirachi
|
|-weather|SunnyDay|[upkeep]
|-heal|p1a: Jirachi|87/100|[from] item: Leftovers
|upkeep
|turn|15
|
|t:|1746223443
|move|p2a: Heatran|Magma Storm|p1a: Jirachi
|-supereffective|p1a: Jirachi
|-damage|p1a: Jirachi|0 fnt
|faint|p1a: Jirachi
|
|-weather|SunnyDay|[upkeep]
|upkeep
|
|t:|1746223453
|switch|p1a: Kyurem|Kyurem-Black|100/100
|-ability|p1a: Kyurem|Teravolt
|turn|16
|
|t:|1746223455
|move|p2a: Heatran|Protect|p2a: Heatran
|-singleturn|p2a: Heatran|Protect
|move|p1a: Kyurem|Outrage|p2a: Heatran
|-activate|p2a: Heatran|move: Protect
|
|-weather|SunnyDay|[upkeep]
|upkeep
|turn|17
|
|t:|1746223466
|move|p1a: Kyurem|Outrage|p2a: Heatran
|-resisted|p2a: Heatran
|-damage|p2a: Heatran|0 fnt
|faint|p2a: Heatran
|
|-weather|SunnyDay|[upkeep]
|upkeep
|
|t:|1746223469
|switch|p2a: Forretress|Forretress, F, shiny|100/100
|-damage|p2a: Forretress|88/100|[from] Stealth Rock
|turn|18
|
|t:|1746223471
|move|p1a: Kyurem|Outrage|p2a: Forretress|[from] lockedmove
|-resisted|p2a: Forretress
|-damage|p2a: Forretress|63/100
|-start|p1a: Kyurem|confusion|[fatigue]
|move|p2a: Forretress|Rapid Spin|p1a: Kyurem
|-damage|p1a: Kyurem|97/100
|-sideend|p2: mello ss|Stealth Rock|[from] move: Rapid Spin|[of] p2a: Forretress
|
|-weather|SunnyDay|[upkeep]
|-heal|p2a: Forretress|69/100|[from] item: Leftovers
|upkeep
|turn|19
|-message|leoperi99 forfeited.
|
|win|mello ss
|raw|leoperi99's rating: 1422 &rarr; <strong>1401</strong><br />(-21 for losing)
|raw|mello ss's rating: 1408 &rarr; <strong>1429</strong><br />(+21 for winning)
|l|☆leoperi99
|player|p1|
