|j|☆kobepayne
|j|☆cristobalgvera
|player|p1|kobepayne|dahlia|1580
|player|p2|cristobalgvera|169|1259
|teamsize|p1|6
|teamsize|p2|6
|gametype|singles
|gen|5
|tier|[Gen 5] OU
|rated|
|clearpoke
|poke|p1|Tyranitar, M|item
|poke|p1|Garchomp, F|item
|poke|p1|Rotom-Wash|item
|poke|p1|Landorus-Therian, M|item
|poke|p1|Ferrothorn, F|item
|poke|p1|Alakazam, M|item
|poke|p2|Gengar, M|item
|poke|p2|Cofagrigus, F|item
|poke|p2|Chansey, F|item
|poke|p2|Scizor, M|item
|poke|p2|Starmie|item
|poke|p2|Conkeldurr, M|item
|rule|Species Clause: Limit one of each Pokémon
|rule|OHKO Clause: OHKO moves are banned
|rule|Moody Clause: Moody is banned
|rule|Evasion Moves Clause: Evasion moves are banned
|rule|Endless Battle Clause: Forcing endless battles is banned
|rule|HP Percentage Mod: HP is shown in percentages
|rule|Evasion Abilities Clause: Evasion abilities are banned
|rule|Baton Pass Clause: Limit one Baton Passer, can't pass Spe and other stats simultaneously
|rule|Sleep Clause: Sleep-inducing moves are banned
|rule|Swagger Clause: Swagger is banned
|teampreview
|inactive|Battle timer is ON: inactive players will automatically lose when time's up. (requested by kobepayne)
|
|start
|switch|p1a: Landorus|Landorus-Therian, M|100/100
|switch|p2a: Bob Marley|Chansey, F, shiny|100/100
|-ability|p1a: Landorus|Intimidate|boost
|-unboost|p2a: Bob Marley|atk|1
|turn|1
|
|move|p1a: Landorus|U-turn|p2a: Bob Marley
|-crit|p2a: Bob Marley
|-damage|p2a: Bob Marley|71/100
|
|switch|p1a: Garchomp|Garchomp, F|100/100|[from]move: U-turn
|move|p2a: Bob Marley|Toxic|p1a: Garchomp
|-status|p1a: Garchomp|tox
|
|-damage|p1a: Garchomp|94/100 tox|[from] psn
|upkeep
|turn|2
|
|switch|p2a: The Nerfed One|Cofagrigus, F, shiny|100/100
|move|p1a: Garchomp|Stealth Rock|p2a: The Nerfed One
|-sidestart|p2: cristobalgvera|move: Stealth Rock
|
|-damage|p1a: Garchomp|82/100 tox|[from] psn
|upkeep
|turn|3
|
|switch|p1a: Ferrothorn|Ferrothorn, F|100/100
|move|p2a: The Nerfed One|Will-O-Wisp|p1a: Ferrothorn
|-status|p1a: Ferrothorn|brn
|
|-damage|p1a: Ferrothorn|88/100 brn|[from] brn
|upkeep
|turn|4
|
|switch|p2a: Bad day at work|Conkeldurr, M|100/100
|-damage|p2a: Bad day at work|94/100|[from] Stealth Rock
|move|p1a: Ferrothorn|Knock Off|p2a: Bad day at work
|-resisted|p2a: Bad day at work
|-damage|p2a: Bad day at work|93/100
|-enditem|p2a: Bad day at work|Flame Orb|[from] move: Knock Off|[of] p1a: Ferrothorn
|
|-heal|p1a: Ferrothorn|94/100 brn|[from] item: Leftovers
|-damage|p1a: Ferrothorn|82/100 brn|[from] brn
|upkeep
|turn|5
|
|switch|p1a: Landorus|Landorus-Therian, M|100/100
|-ability|p1a: Landorus|Intimidate|boost
|-unboost|p2a: Bad day at work|atk|1
|move|p2a: Bad day at work|Drain Punch|p1a: Landorus
|-resisted|p1a: Landorus
|-damage|p1a: Landorus|88/100
|-heal|p2a: Bad day at work|99/100|[from] drain|[of] p1a: Landorus
|
|upkeep
|turn|6
|
|move|p1a: Landorus|U-turn|p2a: Bad day at work
|-resisted|p2a: Bad day at work
|-damage|p2a: Bad day at work|90/100
|
|switch|p1a: Rotom|Rotom-Wash|100/100|[from]move: U-turn
|move|p2a: Bad day at work|Ice Punch|p1a: Rotom
|-resisted|p1a: Rotom
|-damage|p1a: Rotom|91/100
|-status|p1a: Rotom|frz
|
|-heal|p1a: Rotom|97/100 frz|[from] item: Leftovers
|upkeep
|turn|7
|j| Otaku Ronny
|
|switch|p2a: The Nerfed One|Cofagrigus, F, shiny|100/100
|-damage|p2a: The Nerfed One|88/100|[from] Stealth Rock
|cant|p1a: Rotom|frz
|
|-heal|p1a: Rotom|100/100 frz|[from] item: Leftovers
|-heal|p2a: The Nerfed One|94/100|[from] item: Leftovers
|upkeep
|turn|8
|
|switch|p1a: Tyranitar|Tyranitar, M|100/100
|-weather|Sandstorm|[from] ability: Sand Stream|[of] p1a: Tyranitar
|move|p2a: The Nerfed One|Hex|p1a: Tyranitar
|-resisted|p1a: Tyranitar
|-damage|p1a: Tyranitar|97/100
|
|-weather|Sandstorm|[upkeep]
|-damage|p2a: The Nerfed One|88/100|[from] Sandstorm
|-heal|p2a: The Nerfed One|94/100|[from] item: Leftovers
|upkeep
|turn|9
|
|move|p1a: Tyranitar|Crunch|p2a: The Nerfed One
|-supereffective|p2a: The Nerfed One
|-damage|p2a: The Nerfed One|45/100
|-activate|p2a: The Nerfed One|ability: Mummy|Sand Stream|[of] p1a: Tyranitar
|move|p2a: The Nerfed One|Will-O-Wisp|p1a: Tyranitar|[miss]
|-miss|p2a: The Nerfed One|p1a: Tyranitar
|
|-weather|Sandstorm|[upkeep]
|-damage|p2a: The Nerfed One|39/100|[from] Sandstorm
|-heal|p2a: The Nerfed One|45/100|[from] item: Leftovers
|upkeep
|turn|10
|c|☆cristobalgvera|xd
|c|☆kobepayne|Rotom is frozen solid!
|
|-activate|p2a: The Nerfed One|move: Pursuit
|move|p1a: Tyranitar|Pursuit|p2a: The Nerfed One|[from]Pursuit
|-supereffective|p2a: The Nerfed One
|-damage|p2a: The Nerfed One|0 fnt
|-hint|A Pokemon can't switch between when it runs out of HP and when it faints
|faint|p2a: The Nerfed One
|
|-weather|Sandstorm|[upkeep]
|upkeep
|
|switch|p2a: Cell|Scizor, M, shiny|100/100
|-damage|p2a: Cell|88/100|[from] Stealth Rock
|turn|11
|
|switch|p1a: Landorus|Landorus-Therian, M|88/100
|-ability|p1a: Landorus|Intimidate|boost
|-unboost|p2a: Cell|atk|1
|move|p2a: Cell|U-turn|p1a: Landorus
|-resisted|p1a: Landorus
|-damage|p1a: Landorus|70/100
|
|switch|p2a: Moonmie|Starmie|100/100|[from]move: U-turn
|-damage|p2a: Moonmie|88/100|[from] Stealth Rock
|
|-weather|Sandstorm|[upkeep]
|-damage|p2a: Moonmie|82/100|[from] Sandstorm
|upkeep
|turn|12
|
|move|p1a: Landorus|U-turn|p2a: Moonmie
|-supereffective|p2a: Moonmie
|-damage|p2a: Moonmie|17/100
|
|switch|p1a: Ferrothorn|Ferrothorn, F|82/100 brn|[from]move: U-turn
|move|p2a: Moonmie|Rapid Spin|p1a: Ferrothorn
|-resisted|p1a: Ferrothorn
|-damage|p1a: Ferrothorn|80/100 brn
|-damage|p2a: Moonmie|5/100|[from] ability: Iron Barbs|[of] p1a: Ferrothorn
|-sideend|p2: cristobalgvera|Stealth Rock|[from] move: Rapid Spin|[of] p2a: Moonmie
|-damage|p2a: Moonmie|0 fnt|[from] item: Life Orb
|faint|p2a: Moonmie
|
|-weather|Sandstorm|[upkeep]
|-heal|p1a: Ferrothorn|87/100 brn|[from] item: Leftovers
|-damage|p1a: Ferrothorn|74/100 brn|[from] brn
|upkeep
|j| iMeridian
|
|switch|p2a: Cell|Scizor, M, shiny|88/100
|turn|13
|l| Otaku Ronny
|
|move|p2a: Cell|U-turn|p1a: Ferrothorn
|-damage|p1a: Ferrothorn|33/100 brn
|-damage|p2a: Cell|75/100|[from] ability: Iron Barbs|[of] p1a: Ferrothorn
|
|switch|p2a: Bad day at work|Conkeldurr, M|90/100|[from]move: U-turn
|move|p1a: Ferrothorn|Spikes|p2a: Bad day at work
|-sidestart|p2: cristobalgvera|Spikes
|
|-weather|Sandstorm|[upkeep]
|-damage|p2a: Bad day at work|84/100|[from] Sandstorm
|-heal|p1a: Ferrothorn|39/100 brn|[from] item: Leftovers
|-damage|p1a: Ferrothorn|27/100 brn|[from] brn
|upkeep
|turn|14
|
|switch|p1a: Rotom|Rotom-Wash|100/100 frz
|move|p2a: Bad day at work|Ice Punch|p1a: Rotom
|-resisted|p1a: Rotom
|-damage|p1a: Rotom|85/100 frz
|
|-weather|Sandstorm|[upkeep]
|-damage|p1a: Rotom|79/100 frz|[from] Sandstorm
|-damage|p2a: Bad day at work|78/100|[from] Sandstorm
|-heal|p1a: Rotom|85/100 frz|[from] item: Leftovers
|upkeep
|turn|15
|
|cant|p1a: Rotom|frz
|move|p2a: Bad day at work|Drain Punch|p1a: Rotom
|-damage|p1a: Rotom|37/100 frz
|-heal|p2a: Bad day at work|95/100|[from] drain|[of] p1a: Rotom
|
|-weather|Sandstorm|[upkeep]
|-damage|p1a: Rotom|31/100 frz|[from] Sandstorm
|-damage|p2a: Bad day at work|89/100|[from] Sandstorm
|-heal|p1a: Rotom|37/100 frz|[from] item: Leftovers
|upkeep
|turn|16
|
|cant|p1a: Rotom|frz
|move|p2a: Bad day at work|Drain Punch|p1a: Rotom
|-crit|p1a: Rotom
|-damage|p1a: Rotom|0 fnt
|-heal|p2a: Bad day at work|100/100|[from] drain|[of] p1a: Rotom
|faint|p1a: Rotom
|
|-weather|Sandstorm|[upkeep]
|-damage|p2a: Bad day at work|94/100|[from] Sandstorm
|upkeep
|
|switch|p1a: Alakazam|Alakazam, M|100/100
|turn|17
|
|switch|p2a: Bob Marley|Chansey, F, shiny|71/100
|-damage|p2a: Bob Marley|58/100|[from] Spikes
|move|p1a: Alakazam|Psychic|p2a: Bob Marley
|-damage|p2a: Bob Marley|38/100
|
|-weather|Sandstorm|[upkeep]
|-damage|p2a: Bob Marley|32/100|[from] Sandstorm
|upkeep
|turn|18
|
|switch|p1a: Garchomp|Garchomp, F|82/100 tox
|move|p2a: Bob Marley|Soft-Boiled|p2a: Bob Marley
|-heal|p2a: Bob Marley|82/100
|
|-weather|Sandstorm|[upkeep]
|-damage|p2a: Bob Marley|76/100|[from] Sandstorm
|-damage|p1a: Garchomp|76/100 tox|[from] psn
|upkeep
|turn|19
|
|move|p1a: Garchomp|Stealth Rock|p2a: Bob Marley
|-sidestart|p2: cristobalgvera|move: Stealth Rock
|move|p2a: Bob Marley|Soft-Boiled|p2a: Bob Marley
|-heal|p2a: Bob Marley|100/100
|
|-weather|Sandstorm|[upkeep]
|-damage|p2a: Bob Marley|94/100|[from] Sandstorm
|-damage|p1a: Garchomp|64/100 tox|[from] psn
|upkeep
|turn|20
|
|move|p1a: Garchomp|Earthquake|p2a: Bob Marley
|-crit|p2a: Bob Marley
|-damage|p2a: Bob Marley|17/100
|-damage|p1a: Garchomp|54/100 tox|[from] item: Life Orb
|move|p2a: Bob Marley|Stealth Rock|p1a: Garchomp
|-sidestart|p1: kobepayne|move: Stealth Rock
|
|-weather|Sandstorm|[upkeep]
|-damage|p2a: Bob Marley|10/100|[from] Sandstorm
|-damage|p1a: Garchomp|35/100 tox|[from] psn
|upkeep
|turn|21
|c|☆cristobalgvera|xd
|
|switch|p2a: The Motherfucker|Gengar, M|100/100
|-damage|p2a: The Motherfucker|88/100|[from] Stealth Rock
|move|p1a: Garchomp|Earthquake|p2a: The Motherfucker
|-immune|p2a: The Motherfucker|[from] ability: Levitate
|
|-weather|Sandstorm|[upkeep]
|-damage|p2a: The Motherfucker|82/100|[from] Sandstorm
|-heal|p2a: The Motherfucker|88/100|[from] item: Black Sludge
|-damage|p1a: Garchomp|11/100 tox|[from] psn
|upkeep
|turn|22
|j| slowbropam
|
|switch|p1a: Ferrothorn|Ferrothorn, F|27/100 brn
|-damage|p1a: Ferrothorn|20/100 brn|[from] Stealth Rock
|move|p2a: The Motherfucker|Protect||[still]
|-fail|p2a: The Motherfucker
|
|-weather|Sandstorm|[upkeep]
|-damage|p2a: The Motherfucker|82/100|[from] Sandstorm
|-heal|p2a: The Motherfucker|88/100|[from] item: Black Sludge
|-heal|p1a: Ferrothorn|27/100 brn|[from] item: Leftovers
|-damage|p1a: Ferrothorn|14/100 brn|[from] brn
|upkeep
|turn|23
|
|switch|p1a: Landorus|Landorus-Therian, M|70/100
|-damage|p1a: Landorus|58/100|[from] Stealth Rock
|-ability|p1a: Landorus|Intimidate|boost
|-unboost|p2a: The Motherfucker|atk|1
|move|p2a: The Motherfucker|Hex|p1a: Landorus
|-damage|p1a: Landorus|28/100
|
|-weather|Sandstorm|[upkeep]
|-damage|p2a: The Motherfucker|82/100|[from] Sandstorm
|-heal|p2a: The Motherfucker|88/100|[from] item: Black Sludge
|upkeep
|turn|24
|
|switch|p1a: Tyranitar|Tyranitar, M|97/100
|-damage|p1a: Tyranitar|84/100|[from] Stealth Rock
|move|p2a: The Motherfucker|Protect||[still]
|-fail|p2a: The Motherfucker
|
|-weather|Sandstorm|[upkeep]
|-damage|p2a: The Motherfucker|82/100|[from] Sandstorm
|-heal|p2a: The Motherfucker|88/100|[from] item: Black Sludge
|upkeep
|turn|25
|
|move|p2a: The Motherfucker|Destiny Bond|p2a: The Motherfucker
|-singlemove|p2a: The Motherfucker|Destiny Bond
|move|p1a: Tyranitar|Crunch|p2a: The Motherfucker
|-supereffective|p2a: The Motherfucker
|-damage|p2a: The Motherfucker|0 fnt
|faint|p2a: The Motherfucker
|-activate|p2a: The Motherfucker|move: Destiny Bond
|faint|p1a: Tyranitar
|
|-weather|Sandstorm|[upkeep]
|upkeep
|inactive|kobepayne has 120 seconds left.
|
|switch|p2a: Cell|Scizor, M, shiny|75/100
|switch|p1a: Landorus|Landorus-Therian, M|28/100
|-damage|p1a: Landorus|15/100|[from] Stealth Rock
|-ability|p1a: Landorus|Intimidate|boost
|-unboost|p2a: Cell|atk|1
|-damage|p2a: Cell|63/100|[from] Spikes
|-damage|p2a: Cell|50/100|[from] Stealth Rock
|turn|26
|
|switch|p1a: Ferrothorn|Ferrothorn, F|14/100 brn
|-damage|p1a: Ferrothorn|8/100 brn|[from] Stealth Rock
|move|p2a: Cell|Bullet Punch|p1a: Ferrothorn
|-resisted|p1a: Ferrothorn
|-damage|p1a: Ferrothorn|0 fnt
|-damage|p2a: Cell|38/100|[from] ability: Iron Barbs|[of] p1a: Ferrothorn
|faint|p1a: Ferrothorn
|
|-weather|Sandstorm|[upkeep]
|upkeep
|j| Otaku Ronny
|inactive|kobepayne has 120 seconds left.
|inactive|kobepayne has 90 seconds left.
|
|switch|p1a: Alakazam|Alakazam, M|100/100
|turn|27
|
|move|p2a: Cell|Bullet Punch|p1a: Alakazam
|-damage|p1a: Alakazam|19/100
|move|p1a: Alakazam|Psychic|p2a: Cell
|-resisted|p2a: Cell
|-damage|p2a: Cell|0 fnt
|faint|p2a: Cell
|
|-weather|Sandstorm|[upkeep]
|upkeep
|
|switch|p2a: Bad day at work|Conkeldurr, M|94/100
|-damage|p2a: Bad day at work|82/100|[from] Spikes
|-damage|p2a: Bad day at work|76/100|[from] Stealth Rock
|turn|28
|inactive|kobepayne has 90 seconds left.
|
|switch|p1a: Landorus|Landorus-Therian, M|15/100
|-damage|p1a: Landorus|3/100|[from] Stealth Rock
|-ability|p1a: Landorus|Intimidate|boost
|-unboost|p2a: Bad day at work|atk|1
|move|p2a: Bad day at work|Mach Punch|p1a: Landorus
|-resisted|p1a: Landorus
|-damage|p1a: Landorus|0 fnt
|faint|p1a: Landorus
|
|-weather|Sandstorm|[upkeep]
|-damage|p2a: Bad day at work|70/100|[from] Sandstorm
|upkeep
|
|switch|p1a: Alakazam|Alakazam, M|19/100
|turn|29
|c|☆cristobalgvera|gg
|c|☆kobepayne|gg
|
|switch|p2a: Bob Marley|Chansey, F, shiny|10/100
|-damage|p2a: Bob Marley|0 fnt|[from] Stealth Rock
|faint|p2a: Bob Marley
|move|p1a: Alakazam|Psychic|p2: Bob Marley|[notarget]
|-fail|p1a: Alakazam
|
|-weather|Sandstorm|[upkeep]
|upkeep
|
|switch|p2a: Bad day at work|Conkeldurr, M|70/100
|-damage|p2a: Bad day at work|58/100|[from] Spikes
|-damage|p2a: Bad day at work|52/100|[from] Stealth Rock
|turn|30
|
|switch|p1a: Garchomp|Garchomp, F|11/100 tox
|-damage|p1a: Garchomp|4/100 tox|[from] Stealth Rock
|move|p2a: Bad day at work|Mach Punch|p1a: Garchomp
|-damage|p1a: Garchomp|0 fnt
|-damage|p2a: Bad day at work|39/100|[from] ability: Rough Skin|[of] p1a: Garchomp
|faint|p1a: Garchomp
|
|-weather|Sandstorm|[upkeep]
|-damage|p2a: Bad day at work|33/100|[from] Sandstorm
|upkeep
|
|switch|p1a: Alakazam|Alakazam, M|19/100
|turn|31
|
|move|p2a: Bad day at work|Mach Punch|p1a: Alakazam
|-resisted|p1a: Alakazam
|-crit|p1a: Alakazam
|-damage|p1a: Alakazam|0 fnt
|faint|p1a: Alakazam
|
|win|cristobalgvera
|raw|kobepayne's rating: 1580 &rarr; <strong>1545</strong><br />(-35 for losing)
|raw|cristobalgvera's rating: 1259 &rarr; <strong>1302</strong><br />(+43 for winning)
|l|☆kobepayne
|l|☆cristobalgvera
|l| Otaku Ronny
|l| slowbropam
