|j|☆anglemort33
|j|☆wattinculo
|t:|1727990390
|gametype|singles
|player|p1|anglemort33|2|1402
|player|p2|wattinculo|2|1329
|teamsize|p1|6
|teamsize|p2|6
|gen|5
|tier|[Gen 5] OU
|rated|
|rule|Species Clause: Limit one of each Pokémon
|rule|OHKO Clause: OHKO moves are banned
|rule|Moody Clause: Moody is banned
|rule|Evasion Items Clause: Evasion items are banned
|rule|Evasion Moves Clause: Evasion moves are banned
|rule|Endless Battle Clause: Forcing endless battles is banned
|rule|HP Percentage Mod: HP is shown in percentages
|rule|Evasion Abilities Clause: Evasion abilities are banned
|rule|Sleep Moves Clause: Sleep-inducing moves are banned
|rule|Swagger Clause: Swagger is banned
|rule|Baton Pass Stat Clause: No Baton Passer may have a way to boost its stats
|clearpoke
|poke|p1|Tyranitar, M|item
|poke|p1|Skarmory, M|item
|poke|p1|Jellicent, M|item
|poke|p1|Latios, M|item
|poke|p1|Alakazam, F|item
|poke|p1|Gliscor, F|item
|poke|p2|Alakazam, F|item
|poke|p2|Ferrothorn, M|item
|poke|p2|Landorus-Therian, M|item
|poke|p2|Mamoswine, M|item
|poke|p2|Latios, M|item
|poke|p2|Tentacruel, F|item
|teampreview
|inactive|Battle timer is ON: inactive players will automatically lose when time's up. (requested by wattinculo)
|
|t:|1727990418
|start
|switch|p1a: Jellicent|Jellicent, M|100/100
|switch|p2a: Landorus|Landorus-Therian, M|100/100
|-ability|p2a: Landorus|Intimidate|boost
|-unboost|p1a: Jellicent|atk|1
|turn|1
|inactive|wattinculo has 120 seconds left.
|inactive|wattinculo has 90 seconds left.
|inactive|wattinculo has 60 seconds left.
|inactive|wattinculo has 30 seconds left.
|
|t:|1727990541
|move|p2a: Landorus|U-turn|p1a: Jellicent
|-resisted|p1a: Jellicent
|-damage|p1a: Jellicent|88/100
|inactive|wattinculo has 30 seconds left.
|
|t:|1727990549
|switch|p2a: Tentacruel|Tentacruel, F|100/100|[from] U-turn
|move|p1a: Jellicent|Will-O-Wisp|p2a: Tentacruel
|-status|p2a: Tentacruel|brn
|
|-heal|p1a: Jellicent|94/100|[from] item: Leftovers
|-damage|p2a: Tentacruel|88/100 brn|[from] brn
|upkeep
|turn|2
|inactive|anglemort33 has 120 seconds left.
|
|t:|1727990580
|move|p2a: Tentacruel|Scald|p1a: Jellicent
|-heal|p1a: Jellicent|100/100|[from] ability: Water Absorb|[of] p2a: Tentacruel
|move|p1a: Jellicent|Taunt|p2a: Tentacruel
|-start|p2a: Tentacruel|move: Taunt
|
|-heal|p2a: Tentacruel|94/100 brn|[from] item: Black Sludge
|-damage|p2a: Tentacruel|82/100 brn|[from] brn
|upkeep
|turn|3
|
|t:|1727990590
|switch|p2a: Latios|Latios, M|100/100
|move|p1a: Jellicent|Will-O-Wisp|p2a: Latios|[miss]
|-miss|p1a: Jellicent|p2a: Latios
|
|upkeep
|turn|4
|inactive|anglemort33 has 120 seconds left.
|
|t:|1727990621
|switch|p1a: Tyranitar|Tyranitar, M|100/100
|-weather|Sandstorm|[from] ability: Sand Stream|[of] p1a: Tyranitar
|move|p2a: Latios|Trick|p1a: Tyranitar
|-activate|p2a: Latios|move: Trick|[of] p1a: Tyranitar
|-item|p1a: Tyranitar|Choice Specs|[from] move: Trick
|-item|p2a: Latios|Chople Berry|[from] move: Trick
|
|-weather|Sandstorm|[upkeep]
|-damage|p2a: Latios|95/100|[from] Sandstorm
|upkeep
|turn|5
|
|t:|1727990629
|move|p2a: Latios|Surf|p1a: Tyranitar
|-supereffective|p1a: Tyranitar
|-damage|p1a: Tyranitar|66/100
|move|p1a: Tyranitar|Pursuit|p2a: Latios
|-supereffective|p2a: Latios
|-damage|p2a: Latios|34/100
|
|-weather|Sandstorm|[upkeep]
|-damage|p2a: Latios|28/100|[from] Sandstorm
|upkeep
|turn|6
|
|t:|1727990633
|move|p2a: Latios|Surf|p1a: Tyranitar
|-supereffective|p1a: Tyranitar
|-damage|p1a: Tyranitar|31/100
|move|p1a: Tyranitar|Pursuit|p2a: Latios
|-supereffective|p2a: Latios
|-damage|p2a: Latios|0 fnt
|faint|p2a: Latios
|
|-weather|Sandstorm|[upkeep]
|upkeep
|
|t:|1727990641
|switch|p2a: Ferrothorn|Ferrothorn, M|100/100
|turn|7
|inactive|anglemort33 has 120 seconds left.
|
|t:|1727990670
|switch|p1a: Jellicent|Jellicent, M|100/100
|move|p2a: Ferrothorn|Stealth Rock|p1a: Jellicent
|-sidestart|p1: anglemort33|move: Stealth Rock
|
|-weather|Sandstorm|[upkeep]
|-damage|p1a: Jellicent|94/100|[from] Sandstorm
|-heal|p1a: Jellicent|100/100|[from] item: Leftovers
|upkeep
|turn|8
|
|t:|1727990674
|move|p1a: Jellicent|Will-O-Wisp|p2a: Ferrothorn
|-status|p2a: Ferrothorn|brn
|move|p2a: Ferrothorn|Power Whip|p1a: Jellicent
|-supereffective|p1a: Jellicent
|-damage|p1a: Jellicent|62/100
|
|-weather|Sandstorm|[upkeep]
|-damage|p1a: Jellicent|56/100|[from] Sandstorm
|-heal|p1a: Jellicent|62/100|[from] item: Leftovers
|-damage|p2a: Ferrothorn|88/100 brn|[from] brn
|upkeep
|turn|9
|
|t:|1727990681
|move|p1a: Jellicent|Taunt|p2a: Ferrothorn
|-start|p2a: Ferrothorn|move: Taunt
|cant|p2a: Ferrothorn|move: Taunt|Spikes
|
|-weather|Sandstorm|[upkeep]
|-damage|p1a: Jellicent|56/100|[from] Sandstorm
|-heal|p1a: Jellicent|62/100|[from] item: Leftovers
|-heal|p2a: Ferrothorn|94/100 brn|[from] item: Leftovers
|-damage|p2a: Ferrothorn|82/100 brn|[from] brn
|upkeep
|turn|10
|
|t:|1727990693
|move|p1a: Jellicent|Recover|p1a: Jellicent
|-heal|p1a: Jellicent|100/100
|move|p2a: Ferrothorn|Power Whip|p1a: Jellicent
|-supereffective|p1a: Jellicent
|-damage|p1a: Jellicent|58/100
|
|-weather|Sandstorm|[upkeep]
|-damage|p1a: Jellicent|52/100|[from] Sandstorm
|-heal|p1a: Jellicent|58/100|[from] item: Leftovers
|-heal|p2a: Ferrothorn|88/100 brn|[from] item: Leftovers
|-damage|p2a: Ferrothorn|75/100 brn|[from] brn
|upkeep
|turn|11
|
|t:|1727990696
|switch|p2a: Tentacruel|Tentacruel, F|82/100 brn
|move|p1a: Jellicent|Recover|p1a: Jellicent
|-heal|p1a: Jellicent|100/100
|
|-weather|Sandstorm|[upkeep]
|-damage|p2a: Tentacruel|76/100 brn|[from] Sandstorm
|-damage|p1a: Jellicent|94/100|[from] Sandstorm
|-heal|p2a: Tentacruel|82/100 brn|[from] item: Black Sludge
|-heal|p1a: Jellicent|100/100|[from] item: Leftovers
|-damage|p2a: Tentacruel|69/100 brn|[from] brn
|upkeep
|turn|12
|
|t:|1727990704
|switch|p1a: Gliscor|Gliscor, F|100/100
|-damage|p1a: Gliscor|88/100|[from] Stealth Rock
|move|p2a: Tentacruel|Toxic|p1a: Gliscor
|-status|p1a: Gliscor|tox
|
|-weather|Sandstorm|[upkeep]
|-damage|p2a: Tentacruel|63/100 brn|[from] Sandstorm
|-heal|p2a: Tentacruel|69/100 brn|[from] item: Black Sludge
|-heal|p1a: Gliscor|100/100 tox|[from] ability: Poison Heal
|-damage|p2a: Tentacruel|57/100 brn|[from] brn
|upkeep
|turn|13
|
|t:|1727990714
|move|p2a: Tentacruel|Scald|p1a: Gliscor
|-supereffective|p1a: Gliscor
|-damage|p1a: Gliscor|54/100 tox
|move|p1a: Gliscor|Earthquake|p2a: Tentacruel
|-supereffective|p2a: Tentacruel
|-damage|p2a: Tentacruel|0 fnt
|faint|p2a: Tentacruel
|
|-weather|Sandstorm|[upkeep]
|-heal|p1a: Gliscor|67/100 tox|[from] ability: Poison Heal
|upkeep
|
|t:|1727990717
|switch|p2a: Mamoswine|Mamoswine, M|100/100
|turn|14
|
|t:|1727990721
|move|p1a: Gliscor|Protect|p1a: Gliscor
|-singleturn|p1a: Gliscor|Protect
|move|p2a: Mamoswine|Icicle Crash|p1a: Gliscor
|-activate|p1a: Gliscor|move: Protect
|
|-weather|Sandstorm|[upkeep]
|-heal|p1a: Gliscor|79/100 tox|[from] ability: Poison Heal
|upkeep
|turn|15
|
|t:|1727990724
|switch|p1a: Tyranitar|Tyranitar, M|31/100
|-damage|p1a: Tyranitar|19/100|[from] Stealth Rock
|move|p2a: Mamoswine|Icicle Crash|p1a: Tyranitar
|-damage|p1a: Tyranitar|0 fnt
|faint|p1a: Tyranitar
|
|-weather|Sandstorm|[upkeep]
|upkeep
|
|t:|1727990730
|switch|p1a: Latios|Latios, M|100/100
|-damage|p1a: Latios|88/100|[from] Stealth Rock
|turn|16
|
|t:|1727990733
|switch|p2a: Ferrothorn|Ferrothorn, M|75/100 brn
|move|p1a: Latios|Draco Meteor|p2a: Ferrothorn
|-resisted|p2a: Ferrothorn
|-damage|p2a: Ferrothorn|53/100 brn
|-unboost|p1a: Latios|spa|2
|
|-weather|Sandstorm|[upkeep]
|-damage|p1a: Latios|82/100|[from] Sandstorm
|-heal|p2a: Ferrothorn|60/100 brn|[from] item: Leftovers
|-damage|p2a: Ferrothorn|47/100 brn|[from] brn
|upkeep
|turn|17
|
|t:|1727990761
|move|p1a: Latios|Hidden Power|p2a: Ferrothorn
|-supereffective|p2a: Ferrothorn
|-crit|p2a: Ferrothorn
|-damage|p2a: Ferrothorn|0 fnt
|faint|p2a: Ferrothorn
|
|-weather|Sandstorm|[upkeep]
|-damage|p1a: Latios|76/100|[from] Sandstorm
|upkeep
|
|t:|1727990765
|switch|p2a: Mamoswine|Mamoswine, M|100/100
|turn|18
|
|t:|1727990771
|switch|p1a: Gliscor|Gliscor, F|79/100 tox
|-damage|p1a: Gliscor|67/100 tox|[from] Stealth Rock
|move|p2a: Mamoswine|Icicle Crash|p1a: Gliscor
|-supereffective|p1a: Gliscor
|-damage|p1a: Gliscor|0 fnt
|faint|p1a: Gliscor
|
|-weather|Sandstorm|[upkeep]
|upkeep
|
|t:|1727990776
|switch|p1a: Alakazam|Alakazam, F|100/100
|turn|19
|
|t:|1727990780
|switch|p2a: Alakazam|Alakazam, F|100/100
|move|p1a: Alakazam|Grass Knot|p2a: Alakazam
|-damage|p2a: Alakazam|69/100
|
|-weather|Sandstorm|[upkeep]
|upkeep
|turn|20
|
|t:|1727990805
|switch|p1a: Skarmory|Skarmory, M|100/100
|-damage|p1a: Skarmory|88/100|[from] Stealth Rock
|move|p2a: Alakazam|Psychic|p1a: Skarmory
|-resisted|p1a: Skarmory
|-damage|p1a: Skarmory|68/100
|
|-weather|Sandstorm|[upkeep]
|-heal|p1a: Skarmory|74/100|[from] item: Leftovers
|upkeep
|turn|21
|
|t:|1727990808
|move|p2a: Alakazam|Focus Blast|p1a: Skarmory|[miss]
|-miss|p2a: Alakazam|p1a: Skarmory
|move|p1a: Skarmory|Brave Bird|p2a: Alakazam
|-damage|p2a: Alakazam|0 fnt
|faint|p2a: Alakazam
|-damage|p1a: Skarmory|56/100|[from] Recoil
|
|-weather|Sandstorm|[upkeep]
|-heal|p1a: Skarmory|62/100|[from] item: Leftovers
|upkeep
|
|t:|1727990812
|switch|p2a: Mamoswine|Mamoswine, M|100/100
|turn|22
|inactive|anglemort33 has 120 seconds left.
|
|t:|1727990853
|move|p2a: Mamoswine|Icicle Crash|p1a: Skarmory|[miss]
|-miss|p2a: Mamoswine|p1a: Skarmory
|move|p1a: Skarmory|Brave Bird|p2a: Mamoswine
|-damage|p2a: Mamoswine|59/100
|-damage|p1a: Skarmory|48/100|[from] Recoil
|
|-weather|Sandstorm|[upkeep]
|-heal|p1a: Skarmory|53/100|[from] item: Leftovers
|upkeep
|turn|23
|
|t:|1727990856
|move|p2a: Mamoswine|Icicle Crash|p1a: Skarmory
|-damage|p1a: Skarmory|10/100
|move|p1a: Skarmory|Brave Bird|p2a: Mamoswine
|-damage|p2a: Mamoswine|18/100
|-damage|p1a: Skarmory|0 fnt|[from] Recoil
|faint|p1a: Skarmory
|
|-weather|Sandstorm|[upkeep]
|upkeep
|
|t:|1727990861
|switch|p1a: Alakazam|Alakazam, F|100/100
|turn|24
|
|t:|1727990867
|switch|p2a: Landorus|Landorus-Therian, M|100/100
|-ability|p2a: Landorus|Intimidate|boost
|-unboost|p1a: Alakazam|atk|1
|move|p1a: Alakazam|Grass Knot|p2a: Landorus
|-damage|p2a: Landorus|61/100
|
|-weather|Sandstorm|[upkeep]
|upkeep
|turn|25
|
|t:|1727990869
|move|p2a: Landorus|U-turn|p1a: Alakazam
|-supereffective|p1a: Alakazam
|-enditem|p1a: Alakazam|Focus Sash
|-damage|p1a: Alakazam|1/100
|
|t:|1727990875
|switch|p2a: Mamoswine|Mamoswine, M|18/100|[from] U-turn
|move|p1a: Alakazam|Hidden Power|p2a: Mamoswine
|-crit|p2a: Mamoswine
|-damage|p2a: Mamoswine|0 fnt
|faint|p2a: Mamoswine
|
|-weather|Sandstorm|[upkeep]
|upkeep
|
|t:|1727990877
|switch|p2a: Landorus|Landorus-Therian, M|61/100
|-ability|p2a: Landorus|Intimidate|boost
|-unboost|p1a: Alakazam|atk|1
|turn|26
|
|t:|1727990885
|move|p2a: Landorus|Stone Edge|p1a: Alakazam
|-crit|p1a: Alakazam
|-damage|p1a: Alakazam|0 fnt
|faint|p1a: Alakazam
|
|-weather|Sandstorm|[upkeep]
|upkeep
|-message|wattinculo forfeited.
|
|win|anglemort33
|raw|anglemort33's rating: 1402 &rarr; <strong>1418</strong><br />(+16 for winning)
|raw|wattinculo's rating: 1329 &rarr; <strong>1313</strong><br />(-16 for losing)
|l|☆wattinculo
|player|p2|
