|j|☆testbwou
|j|☆ghosted by brizz
|t:|1708002405
|gametype|singles
|player|p1|testbwou|266|1349
|player|p2|ghosted by brizz|mina-lgpe|1618
|teamsize|p1|6
|teamsize|p2|6
|gen|5
|tier|[Gen 5] OU
|rated|
|rule|Species Clause: Limit one of each Pokémon
|rule|OHKO Clause: OHKO moves are banned
|rule|Moody Clause: Moody is banned
|rule|Evasion Items Clause: Evasion items are banned
|rule|Evasion Moves Clause: Evasion moves are banned
|rule|Endless Battle Clause: Forcing endless battles is banned
|rule|HP Percentage Mod: HP is shown in percentages
|rule|Evasion Abilities Clause: Evasion abilities are banned
|rule|Sleep Moves Clause: Sleep-inducing moves are banned
|rule|Swagger Clause: Swagger is banned
|rule|Baton Pass Stat Clause: No Baton Passer may have a way to boost its stats
|clearpoke
|poke|p1|Riolu, M|item
|poke|p1|Forretress, M|item
|poke|p1|Shedinja|item
|poke|p1|Politoed, F|item
|poke|p1|Gengar, M|item
|poke|p1|Starmie|item
|poke|p2|Politoed, F|item
|poke|p2|Excadrill, M|item
|poke|p2|Vaporeon, F|item
|poke|p2|Scizor, F|item
|poke|p2|Gyarados, F|item
|poke|p2|Latias, F|item
|teampreview
|inactive|Battle timer is ON: inactive players will automatically lose when time's up. (requested by testbwou)
|inactive|ghosted by brizz has 120 seconds left.
|
|t:|1708002442
|start
|switch|p1a: Forretress|Forretress, M|100/100
|switch|p2a: Excadrill|Excadrill, M|100/100
|-ability|p2a: Excadrill|Mold Breaker
|turn|1
|
|t:|1708002448
|move|p2a: Excadrill|Stealth Rock|p1a: Forretress
|-sidestart|p1: testbwou|move: Stealth Rock
|move|p1a: Forretress|Stealth Rock|p2a: Excadrill
|-sidestart|p2: ghosted by brizz|move: Stealth Rock
|
|upkeep
|turn|2
|
|t:|1708002450
|move|p2a: Excadrill|Rapid Spin|p1a: Forretress
|-resisted|p1a: Forretress
|-damage|p1a: Forretress|97/100
|-sideend|p2: ghosted by brizz|Stealth Rock|[from] move: Rapid Spin|[of] p2a: Excadrill
|move|p1a: Forretress|Rapid Spin|p2a: Excadrill
|-resisted|p2a: Excadrill
|-damage|p2a: Excadrill|98/100
|-sideend|p1: testbwou|Stealth Rock|[from] move: Rapid Spin|[of] p1a: Forretress
|
|upkeep
|turn|3
|
|t:|1708002452
|move|p2a: Excadrill|Stealth Rock|p1a: Forretress
|-sidestart|p1: testbwou|move: Stealth Rock
|move|p1a: Forretress|Stealth Rock|p2a: Excadrill
|-sidestart|p2: ghosted by brizz|move: Stealth Rock
|
|upkeep
|turn|4
|
|t:|1708002456
|move|p2a: Excadrill|Earthquake|p1a: Forretress
|-damage|p1a: Forretress|48/100
|move|p1a: Forretress|Rapid Spin|p2a: Excadrill
|-resisted|p2a: Excadrill
|-damage|p2a: Excadrill|96/100
|-sideend|p1: testbwou|Stealth Rock|[from] move: Rapid Spin|[of] p1a: Forretress
|
|upkeep
|turn|5
|
|t:|1708002459
|move|p2a: Excadrill|Stealth Rock|p1a: Forretress
|-sidestart|p1: testbwou|move: Stealth Rock
|move|p1a: Forretress|Rapid Spin|p2a: Excadrill
|-resisted|p2a: Excadrill
|-damage|p2a: Excadrill|93/100
|-sideend|p1: testbwou|Stealth Rock|[from] move: Rapid Spin|[of] p1a: Forretress
|
|upkeep
|turn|6
|
|t:|1708002465
|move|p2a: Excadrill|Rapid Spin|p1a: Forretress
|-resisted|p1a: Forretress
|-damage|p1a: Forretress|44/100
|-sideend|p2: ghosted by brizz|Stealth Rock|[from] move: Rapid Spin|[of] p2a: Excadrill
|move|p1a: Forretress|Rapid Spin|p2a: Excadrill
|-resisted|p2a: Excadrill
|-damage|p2a: Excadrill|90/100
|
|upkeep
|turn|7
|
|t:|1708002470
|move|p2a: Excadrill|Stealth Rock|p1a: Forretress
|-sidestart|p1: testbwou|move: Stealth Rock
|move|p1a: Forretress|Stealth Rock|p2a: Excadrill
|-sidestart|p2: ghosted by brizz|move: Stealth Rock
|
|upkeep
|turn|8
|
|t:|1708002472
|move|p2a: Excadrill|Earthquake|p1a: Forretress
|-damage|p1a: Forretress|0 fnt
|faint|p1a: Forretress
|
|upkeep
|
|t:|1708002475
|switch|p1a: Politoed|Politoed, F|100/100
|-damage|p1a: Politoed|88/100|[from] Stealth Rock
|-weather|RainDance|[from] ability: Drizzle|[of] p1a: Politoed
|turn|9
|
|t:|1708002479
|switch|p2a: Vaporeon|Vaporeon, F|100/100
|-damage|p2a: Vaporeon|88/100|[from] Stealth Rock
|move|p1a: Politoed|Surf|p2a: Vaporeon
|-resisted|p2a: Vaporeon
|-damage|p2a: Vaporeon|71/100
|
|-weather|RainDance|[upkeep]
|-heal|p2a: Vaporeon|77/100|[from] item: Leftovers
|upkeep
|turn|10
|
|t:|1708002483
|switch|p1a: Starmie|Starmie|100/100
|-damage|p1a: Starmie|88/100|[from] Stealth Rock
|move|p2a: Vaporeon|Aqua Ring|p2a: Vaporeon
|-start|p2a: Vaporeon|Aqua Ring
|
|-weather|RainDance|[upkeep]
|-heal|p2a: Vaporeon|83/100|[from] item: Leftovers
|-heal|p2a: Vaporeon|89/100|[from] Aqua Ring
|upkeep
|turn|11
|
|t:|1708002487
|move|p1a: Starmie|Rapid Spin|p2a: Vaporeon
|-damage|p2a: Vaporeon|85/100
|-sideend|p1: testbwou|Stealth Rock|[from] move: Rapid Spin|[of] p1a: Starmie
|-damage|p1a: Starmie|78/100|[from] item: Life Orb
|move|p2a: Vaporeon|Substitute|p2a: Vaporeon
|-start|p2a: Vaporeon|Substitute
|-damage|p2a: Vaporeon|61/100
|
|-weather|RainDance|[upkeep]
|-heal|p2a: Vaporeon|67/100|[from] item: Leftovers
|-heal|p2a: Vaporeon|73/100|[from] Aqua Ring
|upkeep
|turn|12
|inactive|ghosted by brizz has 120 seconds left.
|
|t:|1708002533
|switch|p1a: Riolu|Riolu, M|100/100
|move|p2a: Vaporeon|Baton Pass|p2a: Vaporeon
|
|t:|1708002545
|switch|p2a: Excadrill|Excadrill, M|90/100|[from] Baton Pass
|-damage|p2a: Excadrill|87/100|[from] Stealth Rock
|-ability|p2a: Excadrill|Mold Breaker
|
|-weather|RainDance|[upkeep]
|-heal|p2a: Excadrill|93/100|[from] Aqua Ring
|upkeep
|turn|13
|
|t:|1708002558
|switch|p1a: Gengar|Gengar, M|100/100
|move|p2a: Excadrill|Rapid Spin|p1a: Gengar
|-immune|p1a: Gengar
|
|-weather|RainDance|[upkeep]
|-heal|p2a: Excadrill|99/100|[from] Aqua Ring
|upkeep
|turn|14
|
|t:|1708002563
|move|p1a: Gengar|Focus Blast|p2a: Excadrill|[miss]
|-miss|p1a: Gengar|p2a: Excadrill
|move|p2a: Excadrill|Earthquake|p1a: Gengar
|-supereffective|p1a: Gengar
|-damage|p1a: Gengar|0 fnt
|faint|p1a: Gengar
|
|-weather|RainDance|[upkeep]
|-heal|p2a: Excadrill|100/100|[from] Aqua Ring
|upkeep
|
|t:|1708002569
|switch|p1a: Starmie|Starmie|78/100
|turn|15
|
|t:|1708002582
|move|p1a: Starmie|Surf|p2a: Excadrill
|-supereffective|p2a: Excadrill
|-end|p2a: Excadrill|Substitute
|-damage|p1a: Starmie|68/100|[from] item: Life Orb
|move|p2a: Excadrill|Rapid Spin|p1a: Starmie
|-damage|p1a: Starmie|55/100
|-sideend|p2: ghosted by brizz|Stealth Rock|[from] move: Rapid Spin|[of] p2a: Excadrill
|
|-weather|RainDance|[upkeep]
|upkeep
|turn|16
|
|t:|1708002587
|switch|p2a: Vaporeon|Vaporeon, F|73/100
|move|p1a: Starmie|Surf|p2a: Vaporeon
|-resisted|p2a: Vaporeon
|-damage|p2a: Vaporeon|49/100
|-damage|p1a: Starmie|45/100|[from] item: Life Orb
|
|-weather|RainDance|[upkeep]
|-heal|p2a: Vaporeon|55/100|[from] item: Leftovers
|upkeep
|turn|17
|
|t:|1708002593
|move|p1a: Starmie|Thunder|p2a: Vaporeon
|-supereffective|p2a: Vaporeon
|-damage|p2a: Vaporeon|1/100
|-status|p2a: Vaporeon|par
|-damage|p1a: Starmie|35/100|[from] item: Life Orb
|move|p2a: Vaporeon|Scald|p1a: Starmie
|-resisted|p1a: Starmie
|-damage|p1a: Starmie|4/100
|
|-weather|RainDance|[upkeep]
|-activate|p2a: Vaporeon|ability: Hydration
|-curestatus|p2a: Vaporeon|par|[msg]
|-heal|p2a: Vaporeon|7/100|[from] item: Leftovers
|upkeep
|turn|18
|
|t:|1708002600
|move|p1a: Starmie|Surf|p2a: Vaporeon
|-resisted|p2a: Vaporeon
|-damage|p2a: Vaporeon|0 fnt
|faint|p2a: Vaporeon
|-damage|p1a: Starmie|0 fnt|[from] item: Life Orb
|faint|p1a: Starmie
|
|-weather|RainDance|[upkeep]
|upkeep
|
|t:|1708002604
|switch|p1a: Riolu|Riolu, M|100/100
|switch|p2a: Excadrill|Excadrill, M|100/100
|-ability|p2a: Excadrill|Mold Breaker
|turn|19
|
|t:|1708002609
|move|p2a: Excadrill|Stealth Rock|p1a: Riolu
|-sidestart|p1: testbwou|move: Stealth Rock
|move|p1a: Riolu|Earthquake|p2a: Excadrill
|-supereffective|p2a: Excadrill
|-damage|p2a: Excadrill|31/100
|
|-weather|RainDance|[upkeep]
|upkeep
|turn|20
|
|t:|1708002614
|switch|p2a: Latias|Latias, F|100/100
|move|p1a: Riolu|Copycat|p1a: Riolu
|move|p1a: Riolu|Earthquake|p2a: Latias|[from]move: Copycat
|-immune|p2a: Latias|[from] ability: Levitate
|
|-weather|RainDance|[upkeep]
|upkeep
|turn|21
|
|t:|1708002624
|move|p2a: Latias|Psyshock|p1a: Riolu
|-supereffective|p1a: Riolu
|-enditem|p1a: Riolu|Focus Sash
|-damage|p1a: Riolu|1/100
|move|p1a: Riolu|Drain Punch|p2a: Latias
|-resisted|p2a: Latias
|-damage|p2a: Latias|89/100
|-heal|p1a: Riolu|11/100|[from] drain|[of] p2a: Latias
|-damage|p1a: Riolu|0 fnt|[from] item: Rocky Helmet|[of] p2a: Latias
|faint|p1a: Riolu
|
|-weather|RainDance|[upkeep]
|upkeep
|
|t:|1708002630
|switch|p1a: Politoed|Politoed, F|88/100
|-damage|p1a: Politoed|76/100|[from] Stealth Rock
|turn|22
|
|t:|1708002636
|move|p1a: Politoed|Ice Beam|p2a: Latias
|-supereffective|p2a: Latias
|-damage|p2a: Latias|52/100
|move|p2a: Latias|Thunder Wave|p1a: Politoed
|-status|p1a: Politoed|par
|
|-weather|RainDance|[upkeep]
|upkeep
|turn|23
|
|t:|1708002639
|move|p2a: Latias|Roost|p2a: Latias
|-heal|p2a: Latias|100/100
|-singleturn|p2a: Latias|move: Roost
|move|p1a: Politoed|Ice Beam|p2a: Latias
|-supereffective|p2a: Latias
|-damage|p2a: Latias|60/100
|
|-weather|RainDance|[upkeep]
|upkeep
|turn|24
|-message|testbwou forfeited.
|
|win|ghosted by brizz
|raw|testbwou's rating: 1349 &rarr; <strong>1342</strong><br />(-7 for losing)
|raw|ghosted by brizz's rating: 1618 &rarr; <strong>1625</strong><br />(+7 for winning)
|l|☆testbwou
|player|p1|
