|join|d007
|join|kemonter
|player|p1|d007|61
|player|p2|kemonter|34
|gametype|singles
|gen|5
|tier|[Gen 5] OU
|rated
|rule|Evasion Abilities Clause: Evasion abilities are banned
|clearpoke
|poke|p1|Reuniclus, F
|poke|p1|Conkeldurr, M
|poke|p1|Jellicent, M
|poke|p1|Cloyster, F
|poke|p1|Heatran, F
|poke|p1|Lucario, F
|poke|p2|Starmie
|poke|p2|Thundurus-Therian, M
|poke|p2|Terrakion
|poke|p2|Garchomp, M
|poke|p2|Jirachi
|poke|p2|Breloom, M
|rule|Sleep Clause Mod: Limit one foe put to sleep
|rule|Species Clause: Limit one of each Pokemon
|rule|OHKO Clause: OHKO moves are banned
|rule|Moody Clause: Moody is banned
|rule|Evasion Moves Clause: Evasion moves are banned
|rule|Endless Battle Clause: Forcing endless battles is banned.
|rule|HP Percentage Mod: HP is reported as percentages
|teampreview
|
|start
|switch|p1a: Heatran|Heatran, F|323/323
|switch|p2a: Breaker 2|Breloom, M|261/261
|-item|p1a: Heatran|Air Balloon
|turn|1
|
|move|p1a: Heatran|Hidden Power|p2a: Breaker 2
|-supereffective|p2a: Breaker 2
|-enditem|p2a: Breaker 2|Focus Sash
|-damage|p2a: Breaker 2|1/261
|move|p2a: Breaker 2|Low Sweep|p1a: Heatran
|-supereffective|p1a: Heatran
|-damage|p1a: Heatran|27/323
|-enditem|p1a: Heatran|Air Balloon
|-unboost|p1a: Heatran|spe|1
|
|turn|2
|
|move|p2a: Breaker 2|Spore|p1a: Heatran
|-status|p1a: Heatran|slp
|cant|p1a: Heatran|slp
|
|turn|3
|
|switch|p1a: Reuniclus|Reuniclus, F|424/424
|move|p2a: Breaker 2|Low Sweep|p1a: Reuniclus
|-resisted|p1a: Reuniclus
|-damage|p1a: Reuniclus|353/424
|-unboost|p1a: Reuniclus|spe|1
|
|-heal|p1a: Reuniclus|379/424|[from] item: Leftovers
|turn|4
|
|move|p2a: Breaker 2|Bullet Seed|p1a: Reuniclus
|-damage|p1a: Reuniclus|318/424
|-damage|p1a: Reuniclus|258/424
|-damage|p1a: Reuniclus|201/424
|-hitcount|p1a: Reuniclus|3
|move|p1a: Reuniclus|Hidden Power|p2a: Breaker 2
|-damage|p2a: Breaker 2|0 fnt
|faint|p2a: Breaker 2
|
|-heal|p1a: Reuniclus|227/424|[from] item: Leftovers
|
|switch|p2a: Sweeper|Thundurus-Therian, M|331/331
|turn|5
|
|move|p2a: Sweeper|Nasty Plot|p2a: Sweeper
|-boost|p2a: Sweeper|spa|2
|move|p1a: Reuniclus|Calm Mind|p1a: Reuniclus
|-boost|p1a: Reuniclus|spa|1
|-boost|p1a: Reuniclus|spd|1
|
|-heal|p1a: Reuniclus|253/424|[from] item: Leftovers
|turn|6
|
|move|p2a: Sweeper|Thunderbolt|p1a: Reuniclus
|-damage|p1a: Reuniclus|0 fnt
|faint|p1a: Reuniclus
|
|
|switch|p1a: Lucario|Lucario, F|281/281
|turn|7
|
|move|p1a: Lucario|Extreme Speed|p2a: Sweeper
|-crit|p2a: Sweeper
|-damage|p2a: Sweeper|24/331
|-damage|p1a: Lucario|253/281|[from] item: Life Orb
|move|p2a: Sweeper|Thunderbolt|p1a: Lucario
|-damage|p1a: Lucario|0 fnt
|faint|p1a: Lucario
|
|-heal|p2a: Sweeper|44/331|[from] item: Leftovers
|
|switch|p1a: Conkeldurr|Conkeldurr, M|414/414
|turn|8
|
|move|p1a: Conkeldurr|Mach Punch|p2a: Sweeper
|-resisted|p2a: Sweeper
|-damage|p2a: Sweeper|0 fnt
|faint|p2a: Sweeper
|
|-status|p1a: Conkeldurr|tox|[from] item: Toxic Orb
|
|switch|p2a: Lead|Jirachi|343/343
|turn|9
|
|switch|p1a: Heatran|Heatran, F|27/323 slp
|move|p2a: Lead|Stealth Rock|p1a: Heatran
|-sidestart|p1: d007|move: Stealth Rock
|
|turn|10
|
|move|p2a: Lead|Grass Knot|p1a: Heatran
|-resisted|p1a: Heatran
|-damage|p1a: Heatran|0 fnt
|faint|p1a: Heatran
|
|
|switch|p1a: Conkeldurr|Conkeldurr, M|414/414 tox
|-damage|p1a: Conkeldurr|389/414 tox|[from] Stealth Rock
|turn|11
|
|switch|p2a: Utility|Starmie|261/261
|move|p1a: Conkeldurr|Drain Punch|p2a: Utility
|-resisted|p2a: Utility
|-damage|p2a: Utility|137/261
|-heal|p1a: Conkeldurr|414/414 tox|[from] drain|[of] p2a: Utility
|
|-damage|p1a: Conkeldurr|389/414 tox|[from] psn
|turn|12
|
|move|p2a: Utility|Hydro Pump|p1a: Conkeldurr
|-damage|p1a: Conkeldurr|76/414 tox
|-damage|p2a: Utility|111/261|[from] item: Life Orb
|move|p1a: Conkeldurr|Drain Punch|p2a: Utility
|-resisted|p2a: Utility
|-damage|p2a: Utility|0 fnt
|-heal|p1a: Conkeldurr|132/414 tox|[from] drain|[of] p2a: Utility
|faint|p2a: Utility
|
|-damage|p1a: Conkeldurr|82/414 tox|[from] psn
|
|switch|p2a: Breaker 1|Terrakion|322/322
|turn|13
|
|move|p1a: Conkeldurr|Mach Punch|p2a: Breaker 1
|-crit|p2a: Breaker 1
|-supereffective|p2a: Breaker 1
|-damage|p2a: Breaker 1|0 fnt
|faint|p2a: Breaker 1
|
|-damage|p1a: Conkeldurr|7/414 tox|[from] psn
|
|switch|p2a: Lead|Jirachi|343/343
|turn|14
|
|move|p1a: Conkeldurr|Mach Punch|p2a: Lead
|-crit|p2a: Lead
|-damage|p2a: Lead|73/343
|move|p2a: Lead|Grass Knot|p1a: Conkeldurr
|-damage|p1a: Conkeldurr|0 fnt
|faint|p1a: Conkeldurr
|
|chat|kemonter|nice.
|
|switch|p1a: Jellicent|Jellicent, M|382/382
|-damage|p1a: Jellicent|335/382|[from] Stealth Rock
|turn|15
|
|move|p2a: Lead|Grass Knot|p1a: Jellicent
|-supereffective|p1a: Jellicent
|-damage|p1a: Jellicent|173/382
|move|p1a: Jellicent|Scald|p2a: Lead
|-damage|p2a: Lead|0 fnt
|faint|p2a: Lead
|
|-heal|p1a: Jellicent|196/382|[from] item: Leftovers
|
|switch|p2a: Speed|Garchomp, M|360/360
|turn|16
|
|move|p2a: Speed|Substitute|p2a: Speed
|-start|p2a: Speed|Substitute
|-damage|p2a: Speed|270/360
|move|p1a: Jellicent|Scald|p2a: Speed
|-end|p2a: Speed|Substitute
|
|-heal|p1a: Jellicent|219/382|[from] item: Leftovers
|turn|17
|chat|kemonter|rofl
|
|move|p2a: Speed|Swords Dance|p2a: Speed
|-boost|p2a: Speed|atk|2
|move|p1a: Jellicent|Scald|p2a: Speed
|-damage|p2a: Speed|173/360
|-status|p2a: Speed|brn
|
|-heal|p1a: Jellicent|242/382|[from] item: Leftovers
|-damage|p2a: Speed|128/360 brn|[from] brn
|turn|18
|chat|kemonter|this nigga wouldve lost in turn 5
|chat|kemonter|gg faggot
|chat|d007|:]
|
|move|p2a: Speed|Outrage|p1a: Jellicent
|-damage|p1a: Jellicent|0 fnt
|faint|p1a: Jellicent
|
|-damage|p2a: Speed|83/360 brn|[from] brn
|
|switch|p1a: Cloyster|Cloyster, F|304/304
|-damage|p1a: Cloyster|228/304|[from] Stealth Rock
|-enditem|p2a: Speed|Salac Berry|[eat]
|-boost|p2a: Speed|spe|1|[from] item: Salac Berry
|turn|19
|
|move|p2a: Speed|Outrage|p1a: Cloyster
|-damage|p1a: Cloyster|126/304
|move|p1a: Cloyster|Icicle Spear|p2a: Speed
|-supereffective|p2a: Speed
|-damage|p2a: Speed|0 fnt
|-hitcount|p2a: Speed|1
|faint|p2a: Speed
|
|win|d007
|raw|Ladder updating...
|raw|d007's rating: 1423 &rarr; <strong>1440</strong><br />(+17 for winning)
|raw|kemonter's rating: 1369 &rarr; <strong>1352</strong><br />(-17 for losing)
|chat|kemonter|lucky fuck boy
|leave|kemonter
|player|p2