|j|☆daddy_days
|j|☆HydreigonSpammer
|t:|1736419493
|gametype|singles
|player|p1|daddy_days|hugh|1315
|player|p2|HydreigonSpammer|iris|1463
|teamsize|p1|6
|teamsize|p2|6
|gen|5
|tier|[Gen 5] OU
|rated|
|rule|Species Clause: Limit one of each Pokémon
|rule|OHKO Clause: OHKO moves are banned
|rule|Moody Clause: Moody is banned
|rule|Evasion Items Clause: Evasion items are banned
|rule|Evasion Moves Clause: Evasion moves are banned
|rule|Endless Battle Clause: Forcing endless battles is banned
|rule|HP Percentage Mod: HP is shown in percentages
|rule|Evasion Abilities Clause: Evasion abilities are banned
|rule|Sleep Moves Clause: Sleep-inducing moves are banned
|rule|Swagger Clause: Swagger is banned
|rule|Baton Pass Stat Clause: No Baton Passer may have a way to boost its stats
|clearpoke
|poke|p1|Scyther, M|item
|poke|p1|Alakazam, M|item
|poke|p1|Starmie|item
|poke|p1|Garchomp, M|item
|poke|p1|Kyurem-Black|item
|poke|p1|Gyarados, M|item
|poke|p2|Terrakion|item
|poke|p2|Kyurem-Black|item
|poke|p2|Keldeo|item
|poke|p2|Jirachi|item
|poke|p2|Lucario, M|item
|poke|p2|Scrafty, M|item
|teampreview
|
|t:|1736419502
|start
|switch|p1a: Painful|Garchomp, M|100/100
|switch|p2a: Terrakion|Terrakion|100/100
|turn|1
|
|t:|1736419511
|move|p2a: Terrakion|Hidden Power|p1a: Painful
|-supereffective|p1a: Painful
|-damage|p1a: Painful|42/100
|move|p1a: Painful|Stealth Rock|p2a: Terrakion
|-sidestart|p2: HydreigonSpammer|move: Stealth Rock
|
|upkeep
|turn|2
|
|t:|1736419526
|switch|p1a: Starmie|Starmie|100/100
|move|p2a: Terrakion|Hidden Power|p1a: Starmie
|-resisted|p1a: Starmie
|-damage|p1a: Starmie|90/100
|
|-heal|p1a: Starmie|96/100|[from] item: Leftovers
|upkeep
|turn|3
|
|t:|1736419538
|switch|p2a: Jirachi|Jirachi|100/100
|-damage|p2a: Jirachi|94/100|[from] Stealth Rock
|move|p1a: Starmie|Thunder Wave|p2a: Jirachi
|-status|p2a: Jirachi|par
|
|-heal|p1a: Starmie|100/100|[from] item: Leftovers
|-heal|p2a: Jirachi|100/100 par|[from] item: Leftovers
|upkeep
|turn|4
|
|t:|1736419549
|switch|p1a: Painful|Garchomp, M|42/100
|move|p2a: Jirachi|U-turn|p1a: Painful
|-damage|p1a: Painful|32/100
|-damage|p2a: Jirachi|88/100 par|[from] ability: Rough Skin|[of] p1a: Painful
|-damage|p2a: Jirachi|71/100 par|[from] item: Rocky Helmet|[of] p1a: Painful
|
|t:|1736419556
|switch|p2a: Scrafty|Scrafty, M|100/100|[from] U-turn
|-damage|p2a: Scrafty|94/100|[from] Stealth Rock
|
|-heal|p2a: Scrafty|100/100|[from] item: Leftovers
|upkeep
|turn|5
|
|t:|1736419565
|move|p2a: Scrafty|Dragon Dance|p2a: Scrafty
|-boost|p2a: Scrafty|atk|1
|-boost|p2a: Scrafty|spe|1
|move|p1a: Painful|Dragon Tail|p2a: Scrafty
|-damage|p2a: Scrafty|78/100
|drag|p2a: Lucario|Lucario, M|100/100
|-damage|p2a: Lucario|98/100|[from] Stealth Rock
|
|upkeep
|turn|6
|
|t:|1736419582
|move|p2a: Lucario|Bullet Punch|p1a: Painful
|-damage|p1a: Painful|18/100
|-damage|p2a: Lucario|85/100|[from] ability: Rough Skin|[of] p1a: Painful
|-damage|p2a: Lucario|69/100|[from] item: Rocky Helmet|[of] p1a: Painful
|-damage|p2a: Lucario|59/100|[from] item: Life Orb
|move|p1a: Painful|Earthquake|p2a: Lucario
|-supereffective|p2a: Lucario
|-damage|p2a: Lucario|0 fnt
|faint|p2a: Lucario
|
|upkeep
|
|t:|1736419587
|switch|p2a: Keldeo|Keldeo|100/100
|-damage|p2a: Keldeo|94/100|[from] Stealth Rock
|turn|7
|
|t:|1736419600
|switch|p1a: Starmie|Starmie|100/100
|move|p2a: Keldeo|Hidden Power|p1a: Starmie
|-supereffective|p1a: Starmie
|-damage|p1a: Starmie|45/100
|
|-heal|p1a: Starmie|51/100|[from] item: Leftovers
|-heal|p2a: Keldeo|100/100|[from] item: Leftovers
|upkeep
|turn|8
|
|t:|1736419623
|switch|p2a: Jirachi|Jirachi|71/100 par
|-damage|p2a: Jirachi|65/100 par|[from] Stealth Rock
|move|p1a: Starmie|Thunderbolt|p2a: Jirachi
|-damage|p2a: Jirachi|51/100 par
|
|-heal|p1a: Starmie|57/100|[from] item: Leftovers
|-heal|p2a: Jirachi|57/100 par|[from] item: Leftovers
|upkeep
|turn|9
|
|t:|1736419639
|switch|p1a: Painful|Garchomp, M|18/100
|switch|p2a: Keldeo|Keldeo|100/100
|-damage|p2a: Keldeo|94/100|[from] Stealth Rock
|
|-heal|p2a: Keldeo|100/100|[from] item: Leftovers
|upkeep
|turn|10
|
|t:|1736419649
|switch|p1a: Starmie|Starmie|57/100
|move|p2a: Keldeo|Substitute|p2a: Keldeo
|-start|p2a: Keldeo|Substitute
|-damage|p2a: Keldeo|76/100
|
|-heal|p1a: Starmie|63/100|[from] item: Leftovers
|-heal|p2a: Keldeo|82/100|[from] item: Leftovers
|upkeep
|turn|11
|
|t:|1736419660
|move|p1a: Starmie|Thunderbolt|p2a: Keldeo
|-supereffective|p2a: Keldeo
|-end|p2a: Keldeo|Substitute
|move|p2a: Keldeo|Calm Mind|p2a: Keldeo
|-boost|p2a: Keldeo|spa|1
|-boost|p2a: Keldeo|spd|1
|
|-heal|p1a: Starmie|70/100|[from] item: Leftovers
|-heal|p2a: Keldeo|88/100|[from] item: Leftovers
|upkeep
|turn|12
|
|t:|1736419670
|move|p1a: Starmie|Thunderbolt|p2a: Keldeo
|-supereffective|p2a: Keldeo
|-damage|p2a: Keldeo|52/100
|move|p2a: Keldeo|Hidden Power|p1a: Starmie
|-supereffective|p1a: Starmie
|-damage|p1a: Starmie|0 fnt
|faint|p1a: Starmie
|
|-heal|p2a: Keldeo|58/100|[from] item: Leftovers
|upkeep
|
|t:|1736419681
|switch|p1a: Alakazam|Alakazam, M|100/100
|turn|13
|
|t:|1736419687
|switch|p2a: Jirachi|Jirachi|57/100 par
|-damage|p2a: Jirachi|51/100 par|[from] Stealth Rock
|move|p1a: Alakazam|Psyshock|p2a: Jirachi
|-resisted|p2a: Jirachi
|-damage|p2a: Jirachi|42/100 par
|
|-heal|p2a: Jirachi|48/100 par|[from] item: Leftovers
|upkeep
|turn|14
|
|t:|1736419700
|switch|p1a: Painful|Garchomp, M|18/100
|switch|p2a: Terrakion|Terrakion|100/100
|-damage|p2a: Terrakion|94/100|[from] Stealth Rock
|
|upkeep
|turn|15
|
|t:|1736419717
|move|p1a: Painful|Endure|p1a: Painful
|-singleturn|p1a: Painful|move: Endure
|move|p2a: Terrakion|Stealth Rock|p1a: Painful
|-sidestart|p1: daddy_days|move: Stealth Rock
|
|upkeep
|turn|16
|
|t:|1736419725
|move|p2a: Terrakion|Hidden Power|p1a: Painful
|-supereffective|p1a: Painful
|-damage|p1a: Painful|0 fnt
|faint|p1a: Painful
|
|upkeep
|
|t:|1736419733
|switch|p1a: Alakazam|Alakazam, M|100/100
|turn|17
|
|t:|1736419745
|move|p1a: Alakazam|Psyshock|p2a: Terrakion
|-supereffective|p2a: Terrakion
|-damage|p2a: Terrakion|0 fnt
|faint|p2a: Terrakion
|
|upkeep
|
|t:|1736419754
|switch|p2a: Jirachi|Jirachi|48/100 par
|-damage|p2a: Jirachi|42/100 par|[from] Stealth Rock
|turn|18
|
|t:|1736419759
|move|p1a: Alakazam|Shadow Ball|p2a: Jirachi
|-damage|p2a: Jirachi|22/100 par
|move|p2a: Jirachi|U-turn|p1a: Alakazam
|-supereffective|p1a: Alakazam
|-damage|p1a: Alakazam|17/100
|
|t:|1736419765
|switch|p2a: Kyurem|Kyurem-Black|100/100|[from] U-turn
|-damage|p2a: Kyurem|76/100|[from] Stealth Rock
|-ability|p2a: Kyurem|Teravolt
|
|upkeep
|turn|19
|
|t:|1736419784
|move|p2a: Kyurem|Dragon Claw|p1a: Alakazam
|-damage|p1a: Alakazam|0 fnt
|faint|p1a: Alakazam
|
|upkeep
|
|t:|1736419789
|switch|p1a: Gyarados|Gyarados, M|100/100
|-damage|p1a: Gyarados|76/100|[from] Stealth Rock
|-ability|p1a: Gyarados|Intimidate|boost
|-unboost|p2a: Kyurem|atk|1
|turn|20
|
|t:|1736419796
|move|p2a: Kyurem|Dragon Claw|p1a: Gyarados
|-damage|p1a: Gyarados|31/100
|move|p1a: Gyarados|Dragon Dance|p1a: Gyarados
|-boost|p1a: Gyarados|atk|1
|-boost|p1a: Gyarados|spe|1
|
|upkeep
|turn|21
|
|t:|1736419805
|move|p2a: Kyurem|Dragon Claw|p1a: Gyarados
|-damage|p1a: Gyarados|0 fnt
|faint|p1a: Gyarados
|
|upkeep
|-message|daddy_days forfeited.
|
|win|HydreigonSpammer
|raw|daddy_days's rating: 1315 &rarr; <strong>1303</strong><br />(-12 for losing)
|raw|HydreigonSpammer's rating: 1463 &rarr; <strong>1475</strong><br />(+12 for winning)
|l|☆daddy_days
|player|p1|
