|j|☆Bkcheese
|j|☆Plavns
|t:|1738951954
|gametype|singles
|player|p1|Bkcheese|170|1368
|player|p2|Plavns|102|1308
|teamsize|p1|6
|teamsize|p2|6
|gen|5
|tier|[Gen 5] OU
|rated|
|rule|Species Clause: Limit one of each Pokémon
|rule|OHKO Clause: OHKO moves are banned
|rule|Moody Clause: Moody is banned
|rule|Evasion Items Clause: Evasion items are banned
|rule|Evasion Moves Clause: Evasion moves are banned
|rule|Endless Battle Clause: Forcing endless battles is banned
|rule|HP Percentage Mod: HP is shown in percentages
|rule|Evasion Abilities Clause: Evasion abilities are banned
|rule|Sleep Moves Clause: Sleep-inducing moves are banned
|rule|Swagger Clause: Swagger is banned
|rule|Baton Pass Stat Clause: No Baton Passer may have a way to boost its stats
|clearpoke
|poke|p1|Kyurem-Black|item
|poke|p1|Garchomp, M|item
|poke|p1|Infernape, M|item
|poke|p1|Salamence, M|item
|poke|p1|Magnezone|item
|poke|p1|Jirachi|item
|poke|p2|Politoed, F|item
|poke|p2|Keldeo|item
|poke|p2|Latios, M|item
|poke|p2|Kyurem-Black|item
|poke|p2|Dragonite, F|item
|poke|p2|Raikou|item
|teampreview
|inactive|Battle timer is ON: inactive players will automatically lose when time's up. (requested by Plavns)
|
|t:|1738951969
|start
|switch|p1a: Infernape|Infernape, M|100/100
|switch|p2a: Dragonite|Dragonite, F|100/100
|turn|1
|c|☆Plavns|You have a good username
|
|t:|1738951989
|move|p1a: Infernape|Stealth Rock|p2a: Dragonite
|-sidestart|p2: Plavns|move: Stealth Rock
|move|p2a: Dragonite|Dragon Dance|p2a: Dragonite
|-boost|p2a: Dragonite|atk|1
|-boost|p2a: Dragonite|spe|1
|
|upkeep
|turn|2
|
|t:|1738951993
|move|p2a: Dragonite|Dragon Dance|p2a: Dragonite
|-boost|p2a: Dragonite|atk|1
|-boost|p2a: Dragonite|spe|1
|move|p1a: Infernape|Endeavor|p2a: Dragonite
|-damage|p2a: Dragonite|91/100
|
|upkeep
|turn|3
|
|t:|1738952008
|move|p2a: Dragonite|Dragon Dance|p2a: Dragonite
|-boost|p2a: Dragonite|atk|1
|-boost|p2a: Dragonite|spe|1
|move|p1a: Infernape|Endeavor|p2a: Dragonite
|-immune|p2a: Dragonite
|
|upkeep
|turn|4
|
|t:|1738952012
|move|p2a: Dragonite|Dragon Dance|p2a: Dragonite
|-boost|p2a: Dragonite|atk|1
|-boost|p2a: Dragonite|spe|1
|move|p1a: Infernape|Taunt|p2a: Dragonite
|-start|p2a: Dragonite|move: Taunt
|
|upkeep
|turn|5
|
|t:|1738952022
|move|p2a: Dragonite|Ice Punch|p1a: Infernape
|-resisted|p1a: Infernape
|-damage|p1a: Infernape|34/100
|move|p1a: Infernape|Endeavor|p2a: Dragonite
|-damage|p2a: Dragonite|31/100
|
|upkeep
|turn|6
|
|t:|1738952039
|move|p2a: Dragonite|Ice Punch|p1a: Infernape
|-resisted|p1a: Infernape
|-damage|p1a: Infernape|0 fnt
|faint|p1a: Infernape
|
|upkeep
|
|t:|1738952051
|switch|p1a: Magnezone|Magnezone|100/100
|-item|p1a: Magnezone|Air Balloon
|turn|7
|
|t:|1738952053
|move|p2a: Dragonite|Fire Punch|p1a: Magnezone
|-supereffective|p1a: Magnezone
|-damage|p1a: Magnezone|0 fnt
|-enditem|p1a: Magnezone|Air Balloon
|faint|p1a: Magnezone
|
|-end|p2a: Dragonite|move: Taunt
|upkeep
|
|t:|1738952060
|switch|p1a: Garchomp|Garchomp, M|100/100
|turn|8
|
|t:|1738952066
|move|p1a: Garchomp|Endure|p1a: Garchomp
|-singleturn|p1a: Garchomp|move: Endure
|move|p2a: Dragonite|Ice Punch|p1a: Garchomp
|-supereffective|p1a: Garchomp
|-activate|p1a: Garchomp|move: Endure
|-damage|p1a: Garchomp|1/100
|-damage|p2a: Dragonite|19/100|[from] ability: Rough Skin|[of] p1a: Garchomp
|-enditem|p1a: Garchomp|Salac Berry|[eat]
|-boost|p1a: Garchomp|spe|1|[from] item: Salac Berry
|
|upkeep
|turn|9
|
|t:|1738952073
|move|p2a: Dragonite|Fire Punch|p1a: Garchomp
|-resisted|p1a: Garchomp
|-damage|p1a: Garchomp|0 fnt
|-damage|p2a: Dragonite|6/100|[from] ability: Rough Skin|[of] p1a: Garchomp
|faint|p1a: Garchomp
|
|upkeep
|
|t:|1738952077
|switch|p1a: Jirachi|Jirachi|100/100
|turn|10
|
|t:|1738952080
|move|p2a: Dragonite|Fire Punch|p1a: Jirachi
|-supereffective|p1a: Jirachi
|-damage|p1a: Jirachi|0 fnt
|faint|p1a: Jirachi
|
|upkeep
|
|t:|1738952083
|switch|p1a: Salamence|Salamence, M|100/100
|turn|11
|
|t:|1738952087
|move|p2a: Dragonite|Outrage|p1a: Salamence
|-supereffective|p1a: Salamence
|-damage|p1a: Salamence|0 fnt
|faint|p1a: Salamence
|
|upkeep
|
|t:|1738952088
|switch|p1a: Kyurem|Kyurem-Black|100/100
|-ability|p1a: Kyurem|Teravolt
|turn|12
|
|t:|1738952091
|move|p2a: Dragonite|Outrage|p1a: Kyurem|[from] lockedmove
|-supereffective|p1a: Kyurem
|-damage|p1a: Kyurem|0 fnt
|faint|p1a: Kyurem
|
|win|Plavns
|raw|Bkcheese's rating: 1368 &rarr; <strong>1345</strong><br />(-23 for losing)
|raw|Plavns's rating: 1308 &rarr; <strong>1331</strong><br />(+23 for winning)
|l|☆Bkcheese
|player|p1|
|c|☆Plavns|Gg
