|j|☆xpeps_10
|j|☆scanners
|t:|1748016158
|gametype|singles
|player|p1|xpeps_10|gentleman-gen4|1290
|player|p2|scanners|170|1440
|teamsize|p1|6
|teamsize|p2|6
|gen|5
|tier|[Gen 5] OU
|rated|
|rule|Species Clause: Limit one of each Pokémon
|rule|OHKO Clause: OHKO moves are banned
|rule|Moody Clause: Moody is banned
|rule|Evasion Items Clause: Evasion items are banned
|rule|Evasion Moves Clause: Evasion moves are banned
|rule|Endless Battle Clause: Forcing endless battles is banned
|rule|HP Percentage Mod: HP is shown in percentages
|rule|Evasion Abilities Clause: Evasion abilities are banned
|rule|Sleep Moves Clause: Sleep-inducing moves are banned
|rule|Swagger Clause: Swagger is banned
|rule|Baton Pass Stat Clause: No Baton Passer may have a way to boost its stats
|clearpoke
|poke|p1|Politoed, M|item
|poke|p1|Thundurus-Therian, M|item
|poke|p1|Tentacruel, F|item
|poke|p1|Ferrothorn, F|item
|poke|p1|Landorus-Therian, M|item
|poke|p1|Alakazam, M|item
|poke|p2|Politoed, M|item
|poke|p2|Thundurus-Therian, M|item
|poke|p2|Tornadus, M|item
|poke|p2|Tentacruel, F|item
|poke|p2|Ferrothorn, M|item
|poke|p2|Keldeo|item
|teampreview
|inactive|Battle timer is ON: inactive players will automatically lose when time's up. (requested by scanners)
|inactive|scanners has 120 seconds left.
|c|☆xpeps_10|Glhf
|inactive|scanners has 90 seconds left.
|inactive|scanners has 60 seconds left.
|
|t:|1748016272
|start
|switch|p1a: Thundurus|Thundurus-Therian, M|100/100
|switch|p2a: Ferrothorn|Ferrothorn, M|100/100
|turn|1
|
|t:|1748016280
|move|p1a: Thundurus|Focus Blast|p2a: Ferrothorn|[miss]
|-miss|p1a: Thundurus|p2a: Ferrothorn
|move|p2a: Ferrothorn|Stealth Rock|p1a: Thundurus
|-sidestart|p1: xpeps_10|move: Stealth Rock
|
|upkeep
|turn|2
|
|t:|1748016284
|switch|p2a: Thundurus|Thundurus-Therian, M|100/100
|move|p1a: Thundurus|Focus Blast|p2a: Thundurus|[miss]
|-miss|p1a: Thundurus|p2a: Thundurus
|
|upkeep
|turn|3
|
|t:|1748016288
|move|p2a: Thundurus|Hidden Power|p1a: Thundurus
|-supereffective|p1a: Thundurus
|-damage|p1a: Thundurus|48/100
|-enditem|p1a: Thundurus|Sitrus Berry|[eat]
|-heal|p1a: Thundurus|73/100|[from] item: Sitrus Berry
|move|p1a: Thundurus|Hidden Power|p2a: Thundurus
|-supereffective|p2a: Thundurus
|-damage|p2a: Thundurus|24/100
|
|-heal|p2a: Thundurus|30/100|[from] item: Leftovers
|upkeep
|turn|4
|
|t:|1748016293
|move|p2a: Thundurus|Hidden Power|p1a: Thundurus
|-supereffective|p1a: Thundurus
|-damage|p1a: Thundurus|21/100
|move|p1a: Thundurus|Agility|p1a: Thundurus
|-boost|p1a: Thundurus|spe|2
|
|-heal|p2a: Thundurus|36/100|[from] item: Leftovers
|upkeep
|turn|5
|
|t:|1748016304
|switch|p2a: Keldeo|Keldeo|100/100
|move|p1a: Thundurus|Hidden Power|p2a: Keldeo
|-resisted|p2a: Keldeo
|-crit|p2a: Keldeo
|-damage|p2a: Keldeo|73/100
|
|-heal|p2a: Keldeo|80/100|[from] item: Leftovers
|upkeep
|turn|6
|
|t:|1748016306
|switch|p2a: Thundurus|Thundurus-Therian, M|36/100
|move|p1a: Thundurus|Thunder|p2a: Thundurus
|-heal|p2a: Thundurus|60/100|[from] ability: Volt Absorb|[of] p1a: Thundurus
|
|-heal|p2a: Thundurus|66/100|[from] item: Leftovers
|upkeep
|turn|7
|
|t:|1748016309
|move|p1a: Thundurus|Hidden Power|p2a: Thundurus
|-supereffective|p2a: Thundurus
|-damage|p2a: Thundurus|0 fnt
|faint|p2a: Thundurus
|
|upkeep
|
|t:|1748016319
|switch|p2a: Tornadus|Tornadus, M|100/100
|turn|8
|
|t:|1748016324
|move|p1a: Thundurus|Thunder|p2a: Tornadus
|-supereffective|p2a: Tornadus
|-damage|p2a: Tornadus|0 fnt
|faint|p2a: Tornadus
|
|upkeep
|-message|scanners forfeited.
|
|win|xpeps_10
|raw|xpeps_10's rating: 1290 &rarr; <strong>1325</strong><br />(+35 for winning)
|raw|scanners's rating: 1440 &rarr; <strong>1412</strong><br />(-28 for losing)
|l|☆scanners
|player|p2|
