|j|‽Smiletoad
|j|☆RIPKOBE24FOREVER
|player|p1|Smiletoad|ethan|1430
|player|p2|RIPKOBE24FOREVER|153|1430
|teamsize|p1|6
|teamsize|p2|6
|gametype|singles
|gen|5
|tier|[Gen 5] OU
|rated|
|clearpoke
|poke|p1|Politoed, M|item
|poke|p1|Azumarill, M|item
|poke|p1|Ferrothorn, F|item
|poke|p1|Latios, M|item
|poke|p1|Starmie|item
|poke|p1|Volcarona, F|item
|poke|p2|Politoed, F|item
|poke|p2|Tentacruel, F|item
|poke|p2|Ferrothorn, F|item
|poke|p2|Jirachi|item
|poke|p2|Landorus-Therian, M|item
|poke|p2|Volcarona, F|item
|rule|Species Clause: Limit one of each Pokémon
|rule|OHKO Clause: OHKO moves are banned
|rule|Moody Clause: Moody is banned
|rule|Evasion Moves Clause: Evasion moves are banned
|rule|Endless Battle Clause: Forcing endless battles is banned
|rule|HP Percentage Mod: HP is shown in percentages
|rule|Evasion Abilities Clause: Evasion abilities are banned
|rule|Baton Pass Clause: Limit one Baton Passer, can't pass Spe and other stats simultaneously
|rule|Sleep Clause: Sleep-inducing moves are banned
|rule|Swagger Clause: Swagger is banned
|teampreview
|
|start
|switch|p1a: Ferrothorn|Ferrothorn, F|100/100
|switch|p2a: Landorus|Landorus-Therian, M|100/100
|-ability|p2a: Landorus|Intimidate|boost
|-unboost|p1a: Ferrothorn|atk|1
|turn|1
|
|switch|p2a: Volcarona|Volcarona, F|100/100
|move|p1a: Ferrothorn|Stealth Rock|p2a: Volcarona
|-sidestart|p2: RIPKOBE24FOREVER|move: Stealth Rock
|
|upkeep
|turn|2
|
|switch|p1a: Politoed|Politoed, M|100/100
|-weather|RainDance|[from] ability: Drizzle|[of] p1a: Politoed
|move|p2a: Volcarona|Bug Buzz|p1a: Politoed
|-damage|p1a: Politoed|50/100
|
|-weather|RainDance|[upkeep]
|-heal|p1a: Politoed|57/100|[from] item: Leftovers
|upkeep
|turn|3
|
|switch|p2a: Tentacruel|Tentacruel, F|100/100
|-damage|p2a: Tentacruel|88/100|[from] Stealth Rock
|move|p1a: Politoed|Scald|p2a: Tentacruel
|-resisted|p2a: Tentacruel
|-damage|p2a: Tentacruel|68/100
|-status|p2a: Tentacruel|brn
|
|-weather|RainDance|[upkeep]
|-heal|p2a: Tentacruel|74/100 brn|[from] ability: Rain Dish
|-heal|p2a: Tentacruel|80/100 brn|[from] item: Black Sludge
|-heal|p1a: Politoed|63/100|[from] item: Leftovers
|-damage|p2a: Tentacruel|68/100 brn|[from] brn
|upkeep
|turn|4
|j| Tnx_Zenter
|
|switch|p1a: Starmie|Starmie|100/100
|move|p2a: Tentacruel|Rapid Spin|p1a: Starmie
|-damage|p1a: Starmie|99/100
|-sideend|p2: RIPKOBE24FOREVER|Stealth Rock|[from] move: Rapid Spin|[of] p2a: Tentacruel
|
|-weather|RainDance|[upkeep]
|-heal|p2a: Tentacruel|74/100 brn|[from] ability: Rain Dish
|-heal|p1a: Starmie|100/100|[from] item: Leftovers
|-heal|p2a: Tentacruel|80/100 brn|[from] item: Black Sludge
|-damage|p2a: Tentacruel|67/100 brn|[from] brn
|upkeep
|turn|5
|
|switch|p2a: Ferrothorn|Ferrothorn, F|100/100
|move|p1a: Starmie|Hydro Pump|p2a: Ferrothorn
|-resisted|p2a: Ferrothorn
|-damage|p2a: Ferrothorn|71/100
|
|-weather|RainDance|[upkeep]
|-heal|p2a: Ferrothorn|77/100|[from] item: Leftovers
|upkeep
|turn|6
|l| Tnx_Zenter
|
|switch|p1a: Azumarill|Azumarill, M|100/100
|move|p2a: Ferrothorn|Spikes|p1a: Azumarill
|-sidestart|p1: Smiletoad|Spikes
|
|-weather|RainDance|[upkeep]
|-heal|p2a: Ferrothorn|84/100|[from] item: Leftovers
|upkeep
|turn|7
|
|move|p1a: Azumarill|Waterfall|p2a: Ferrothorn
|-resisted|p2a: Ferrothorn
|-damage|p2a: Ferrothorn|55/100
|-damage|p1a: Azumarill|88/100|[from] ability: Iron Barbs|[of] p2a: Ferrothorn
|move|p2a: Ferrothorn|Power Whip|p1a: Azumarill
|-supereffective|p1a: Azumarill
|-damage|p1a: Azumarill|8/100
|
|-weather|RainDance|[upkeep]
|-heal|p2a: Ferrothorn|61/100|[from] item: Leftovers
|upkeep
|turn|8
|
|switch|p2a: Landorus|Landorus-Therian, M|100/100
|-ability|p2a: Landorus|Intimidate|boost
|-unboost|p1a: Azumarill|atk|1
|move|p1a: Azumarill|Superpower|p2a: Landorus
|-resisted|p2a: Landorus
|-damage|p2a: Landorus|88/100
|-unboost|p1a: Azumarill|atk|1
|-unboost|p1a: Azumarill|def|1
|-damage|p1a: Azumarill|0 fnt|[from] item: Rocky Helmet|[of] p2a: Landorus
|faint|p1a: Azumarill
|
|-weather|RainDance|[upkeep]
|upkeep
|
|switch|p1a: Latios|Latios, M|100/100
|turn|9
|
|switch|p2a: Jirachi|Jirachi|100/100
|move|p1a: Latios|Draco Meteor|p2a: Jirachi
|-resisted|p2a: Jirachi
|-damage|p2a: Jirachi|59/100
|-unboost|p1a: Latios|spa|2
|-damage|p1a: Latios|91/100|[from] item: Life Orb
|
|-weather|RainDance|[upkeep]
|-heal|p2a: Jirachi|65/100|[from] item: Leftovers
|upkeep
|turn|10
|
|switch|p1a: Ferrothorn|Ferrothorn, F|100/100
|-damage|p1a: Ferrothorn|88/100|[from] Spikes
|move|p2a: Jirachi|Thunder|p1a: Ferrothorn
|-resisted|p1a: Ferrothorn
|-damage|p1a: Ferrothorn|79/100
|-status|p1a: Ferrothorn|par
|
|-weather|RainDance|[upkeep]
|-heal|p2a: Jirachi|71/100|[from] item: Leftovers
|-heal|p1a: Ferrothorn|85/100 par|[from] item: Leftovers
|upkeep
|turn|11
|
|switch|p1a: Volcarona|Volcarona, F|100/100
|-damage|p1a: Volcarona|88/100|[from] Spikes
|move|p2a: Jirachi|Calm Mind|p2a: Jirachi
|-boost|p2a: Jirachi|spa|1
|-boost|p2a: Jirachi|spd|1
|
|-weather|RainDance|[upkeep]
|-heal|p1a: Volcarona|94/100|[from] item: Leftovers
|-heal|p2a: Jirachi|77/100|[from] item: Leftovers
|upkeep
|turn|12
|
|switch|p1a: Ferrothorn|Ferrothorn, F|85/100 par
|-damage|p1a: Ferrothorn|73/100 par|[from] Spikes
|move|p2a: Jirachi|Thunder|p1a: Ferrothorn
|-resisted|p1a: Ferrothorn
|-damage|p1a: Ferrothorn|59/100 par
|
|-weather|RainDance|[upkeep]
|-heal|p2a: Jirachi|83/100|[from] item: Leftovers
|-heal|p1a: Ferrothorn|65/100 par|[from] item: Leftovers
|upkeep
|turn|13
|
|move|p2a: Jirachi|Calm Mind|p2a: Jirachi
|-boost|p2a: Jirachi|spa|1
|-boost|p2a: Jirachi|spd|1
|cant|p1a: Ferrothorn|par
|
|-weather|RainDance|[upkeep]
|-heal|p2a: Jirachi|90/100|[from] item: Leftovers
|-heal|p1a: Ferrothorn|72/100 par|[from] item: Leftovers
|upkeep
|turn|14
|
|move|p2a: Jirachi|Calm Mind|p2a: Jirachi
|-boost|p2a: Jirachi|spa|1
|-boost|p2a: Jirachi|spd|1
|move|p1a: Ferrothorn|Leech Seed|p2a: Jirachi
|-start|p2a: Jirachi|move: Leech Seed
|
|-weather|RainDance|[upkeep]
|-heal|p2a: Jirachi|96/100|[from] item: Leftovers
|-heal|p1a: Ferrothorn|78/100 par|[from] item: Leftovers
|-damage|p2a: Jirachi|83/100|[from] Leech Seed|[of] p1a: Ferrothorn
|-heal|p1a: Ferrothorn|92/100 par|[silent]
|upkeep
|turn|15
|
|move|p2a: Jirachi|Calm Mind|p2a: Jirachi
|-boost|p2a: Jirachi|spa|1
|-boost|p2a: Jirachi|spd|1
|cant|p1a: Ferrothorn|par
|
|-weather|RainDance|[upkeep]
|-heal|p2a: Jirachi|90/100|[from] item: Leftovers
|-heal|p1a: Ferrothorn|98/100 par|[from] item: Leftovers
|-damage|p2a: Jirachi|77/100|[from] Leech Seed|[of] p1a: Ferrothorn
|-heal|p1a: Ferrothorn|100/100 par|[silent]
|upkeep
|turn|16
|
|move|p2a: Jirachi|Calm Mind|p2a: Jirachi
|-boost|p2a: Jirachi|spa|1
|-boost|p2a: Jirachi|spd|1
|move|p1a: Ferrothorn|Stealth Rock|p2a: Jirachi
|-sidestart|p2: RIPKOBE24FOREVER|move: Stealth Rock
|
|-weather|RainDance|[upkeep]
|-heal|p2a: Jirachi|83/100|[from] item: Leftovers
|-damage|p2a: Jirachi|71/100|[from] Leech Seed|[of] p1a: Ferrothorn
|upkeep
|turn|17
|
|switch|p1a: Politoed|Politoed, M|63/100
|-damage|p1a: Politoed|50/100|[from] Spikes
|move|p2a: Jirachi|Wish|p2a: Jirachi
|
|-weather|RainDance|[upkeep]
|-heal|p2a: Jirachi|77/100|[from] item: Leftovers
|-heal|p1a: Politoed|57/100|[from] item: Leftovers
|-damage|p2a: Jirachi|65/100|[from] Leech Seed|[of] p1a: Politoed
|-heal|p1a: Politoed|70/100|[silent]
|upkeep
|turn|18
|
|move|p2a: Jirachi|Thunder|p1a: Politoed
|-supereffective|p1a: Politoed
|-damage|p1a: Politoed|0 fnt
|faint|p1a: Politoed
|
|-weather|RainDance|[upkeep]
|-heal|p2a: Jirachi|100/100|[from] move: Wish|[wisher] Jirachi
|upkeep
|
|switch|p1a: Starmie|Starmie|100/100
|-damage|p1a: Starmie|88/100|[from] Spikes
|turn|19
|
|move|p1a: Starmie|Ice Beam|p2a: Jirachi
|-resisted|p2a: Jirachi
|-damage|p2a: Jirachi|97/100
|move|p2a: Jirachi|Thunder|p1a: Starmie
|-supereffective|p1a: Starmie
|-damage|p1a: Starmie|0 fnt
|faint|p1a: Starmie
|
|-weather|RainDance|[upkeep]
|-heal|p2a: Jirachi|100/100|[from] item: Leftovers
|upkeep
|-message|Smiletoad forfeited.
|
|win|RIPKOBE24FOREVER
|l|‽Smiletoad
|raw|Smiletoad's rating: 1430 &rarr; <strong>1410</strong><br />(-20 for losing)
|raw|RIPKOBE24FOREVER's rating: 1430 &rarr; <strong>1450</strong><br />(+20 for winning)
