|j|☆Maxfromdablock
|j|☆magialice
|t:|1715179794
|gametype|singles
|player|p1|Maxfromdablock|1|1312
|player|p2|magialice|miku-flying|1424
|teamsize|p1|6
|teamsize|p2|6
|gen|5
|tier|[Gen 5] OU
|rated|
|rule|Species Clause: Limit one of each Pokémon
|rule|OHKO Clause: OHKO moves are banned
|rule|Moody Clause: Moody is banned
|rule|Evasion Items Clause: Evasion items are banned
|rule|Evasion Moves Clause: Evasion moves are banned
|rule|Endless Battle Clause: Forcing endless battles is banned
|rule|HP Percentage Mod: HP is shown in percentages
|rule|Evasion Abilities Clause: Evasion abilities are banned
|rule|Sleep Moves Clause: Sleep-inducing moves are banned
|rule|Swagger Clause: Swagger is banned
|rule|Baton Pass Stat Clause: No Baton Passer may have a way to boost its stats
|clearpoke
|poke|p1|Ambipom, M|item
|poke|p1|Aggron, M|item
|poke|p1|Charizard, M|item
|poke|p1|Staraptor, M|item
|poke|p1|Krookodile, M|item
|poke|p1|Dragonite, M|item
|poke|p2|Abomasnow, F|item
|poke|p2|Mamoswine, M|item
|poke|p2|Cloyster, M|item
|poke|p2|Salamence, M|item
|poke|p2|Starmie|item
|poke|p2|Jirachi|item
|teampreview
|inactive|Battle timer is ON: inactive players will automatically lose when time's up. (requested by magialice)
|
|t:|1715179801
|start
|switch|p1a: Aggron|Aggron, M|100/100
|switch|p2a: Abomasnow|Abomasnow, F, shiny|100/100
|-weather|Hail|[from] ability: Snow Warning|[of] p2a: Abomasnow
|-item|p1a: Aggron|Air Balloon
|turn|1
|
|t:|1715179815
|switch|p2a: Jirachi|Jirachi|100/100
|move|p1a: Aggron|Head Smash|p2a: Jirachi
|-resisted|p2a: Jirachi
|-damage|p2a: Jirachi|71/100
|-damage|p1a: Aggron|84/100|[from] item: Rocky Helmet|[of] p2a: Jirachi
|
|-weather|Hail|[upkeep]
|-damage|p2a: Jirachi|64/100|[from] Hail
|-damage|p1a: Aggron|78/100|[from] Hail
|upkeep
|turn|2
|
|t:|1715179824
|move|p2a: Jirachi|Stealth Rock|p1a: Aggron
|-sidestart|p1: Maxfromdablock|move: Stealth Rock
|move|p1a: Aggron|Stealth Rock|p2a: Jirachi
|-sidestart|p2: magialice|move: Stealth Rock
|
|-weather|Hail|[upkeep]
|-damage|p2a: Jirachi|58/100|[from] Hail
|-damage|p1a: Aggron|72/100|[from] Hail
|upkeep
|turn|3
|j| Sol Survivor
|
|t:|1715179831
|move|p2a: Jirachi|Body Slam|p1a: Aggron
|-resisted|p1a: Aggron
|-damage|p1a: Aggron|69/100
|-enditem|p1a: Aggron|Air Balloon
|move|p1a: Aggron|Earthquake|p2a: Jirachi
|-supereffective|p2a: Jirachi
|-damage|p2a: Jirachi|8/100
|
|-weather|Hail|[upkeep]
|-damage|p2a: Jirachi|2/100|[from] Hail
|-damage|p1a: Aggron|63/100|[from] Hail
|upkeep
|turn|4
|
|t:|1715179841
|move|p2a: Jirachi|Body Slam|p1a: Aggron
|-resisted|p1a: Aggron
|-damage|p1a: Aggron|60/100
|move|p1a: Aggron|Earthquake|p2a: Jirachi
|-supereffective|p2a: Jirachi
|-damage|p2a: Jirachi|0 fnt
|faint|p2a: Jirachi
|
|-weather|Hail|[upkeep]
|-damage|p1a: Aggron|54/100|[from] Hail
|upkeep
|
|t:|1715179846
|switch|p2a: Starmie|Starmie|100/100
|-damage|p2a: Starmie|88/100|[from] Stealth Rock
|-item|p2a: Starmie|Air Balloon
|turn|5
|
|t:|1715179855
|move|p2a: Starmie|Rapid Spin|p1a: Aggron
|-resisted|p1a: Aggron
|-damage|p1a: Aggron|54/100
|-sideend|p2: magialice|Stealth Rock|[from] move: Rapid Spin|[of] p2a: Starmie
|move|p1a: Aggron|Head Smash|p2a: Starmie
|-damage|p2a: Starmie|0 fnt
|-enditem|p2a: Starmie|Air Balloon
|faint|p2a: Starmie
|
|-weather|Hail|[upkeep]
|-damage|p1a: Aggron|48/100|[from] Hail
|upkeep
|
|t:|1715179861
|switch|p2a: Mamoswine|Mamoswine, M|100/100
|turn|6
|
|t:|1715179869
|move|p2a: Mamoswine|Earthquake|p1a: Aggron
|-supereffective|p1a: Aggron
|-damage|p1a: Aggron|0 fnt
|faint|p1a: Aggron
|
|-weather|Hail|[upkeep]
|upkeep
|
|t:|1715179877
|switch|p1a: Charizard|Charizard, M|100/100
|-damage|p1a: Charizard|51/100|[from] Stealth Rock
|turn|7
|
|t:|1715179885
|switch|p2a: Salamence|Salamence, M|100/100
|move|p1a: Charizard|Sunny Day|p1a: Charizard
|-weather|SunnyDay
|
|-weather|SunnyDay|[upkeep]
|-heal|p1a: Charizard|57/100|[from] item: Leftovers
|upkeep
|turn|8
|
|t:|1715179891
|move|p2a: Salamence|Dragon Claw|p1a: Charizard
|-damage|p1a: Charizard|4/100
|move|p1a: Charizard|Roost|p1a: Charizard
|-heal|p1a: Charizard|54/100
|-singleturn|p1a: Charizard|move: Roost
|
|-weather|SunnyDay|[upkeep]
|-heal|p1a: Charizard|60/100|[from] item: Leftovers
|upkeep
|turn|9
|
|t:|1715179901
|switch|p2a: Abomasnow|Abomasnow, F, shiny|100/100
|-weather|Hail|[from] ability: Snow Warning|[of] p2a: Abomasnow
|move|p1a: Charizard|Flamethrower|p2a: Abomasnow
|-supereffective|p2a: Abomasnow
|-enditem|p2a: Abomasnow|Focus Sash
|-damage|p2a: Abomasnow|1/100
|
|-weather|Hail|[upkeep]
|-damage|p1a: Charizard|54/100|[from] Hail
|-heal|p1a: Charizard|60/100|[from] item: Leftovers
|upkeep
|turn|10
|
|t:|1715179913
|move|p1a: Charizard|Roost|p1a: Charizard
|-heal|p1a: Charizard|100/100
|-singleturn|p1a: Charizard|move: Roost
|move|p2a: Abomasnow|Blizzard|p1a: Charizard
|-resisted|p1a: Charizard
|-crit|p1a: Charizard
|-damage|p1a: Charizard|38/100
|
|-weather|Hail|[upkeep]
|-damage|p1a: Charizard|32/100|[from] Hail
|-heal|p1a: Charizard|38/100|[from] item: Leftovers
|upkeep
|turn|11
|
|t:|1715179924
|move|p1a: Charizard|Roost|p1a: Charizard
|-heal|p1a: Charizard|88/100
|-singleturn|p1a: Charizard|move: Roost
|move|p2a: Abomasnow|Earthquake|p1a: Charizard
|-supereffective|p1a: Charizard
|-damage|p1a: Charizard|37/100
|
|-weather|Hail|[upkeep]
|-damage|p1a: Charizard|31/100|[from] Hail
|-heal|p1a: Charizard|37/100|[from] item: Leftovers
|upkeep
|turn|12
|j| FavMon=Garchomp
|
|t:|1715179934
|switch|p2a: Salamence|Salamence, M|100/100
|move|p1a: Charizard|Sunny Day|p1a: Charizard
|-weather|SunnyDay
|
|-weather|SunnyDay|[upkeep]
|-heal|p1a: Charizard|43/100|[from] item: Leftovers
|upkeep
|turn|13
|
|t:|1715179943
|move|p2a: Salamence|Dragon Claw|p1a: Charizard
|-damage|p1a: Charizard|0 fnt
|faint|p1a: Charizard
|-ability|p2a: Salamence|Moxie|boost
|-boost|p2a: Salamence|atk|1
|
|-weather|SunnyDay|[upkeep]
|upkeep
|c| FavMon=Garchomp|Did you see that Cloyster is now banned in BW OU?
|c|☆magialice|no it isn't
|
|t:|1715179955
|switch|p1a: Krookodile|Krookodile, M|100/100
|-damage|p1a: Krookodile|94/100|[from] Stealth Rock
|turn|14
|c|☆magialice|you're hallucinating
|c|☆magialice|look its right there
|
|t:|1715179961
|switch|p2a: Abomasnow|Abomasnow, F, shiny|1/100
|-weather|Hail|[from] ability: Snow Warning|[of] p2a: Abomasnow
|move|p1a: Krookodile|Stone Edge|p2a: Abomasnow
|-supereffective|p2a: Abomasnow
|-crit|p2a: Abomasnow
|-damage|p2a: Abomasnow|0 fnt
|faint|p2a: Abomasnow
|-ability|p1a: Krookodile|Moxie|boost
|-boost|p1a: Krookodile|atk|1
|
|-weather|Hail|[upkeep]
|-damage|p1a: Krookodile|88/100|[from] Hail
|upkeep
|c| FavMon=Garchomp|No I am not
|
|t:|1715179964
|switch|p2a: Salamence|Salamence, M|100/100
|turn|15
|c| FavMon=Garchomp|https://www.smogon.com/forums/threads/bw-ou-cloyster.3742769/page-2#post-10105940
|
|t:|1715179973
|move|p2a: Salamence|Outrage|p1a: Krookodile
|-damage|p1a: Krookodile|3/100
|move|p1a: Krookodile|Stone Edge|p2a: Salamence
|-supereffective|p2a: Salamence
|-crit|p2a: Salamence
|-damage|p2a: Salamence|0 fnt
|faint|p2a: Salamence
|-ability|p1a: Krookodile|Moxie|boost
|-boost|p1a: Krookodile|atk|1
|
|-weather|Hail|[upkeep]
|-damage|p1a: Krookodile|0 fnt|[from] Hail
|faint|p1a: Krookodile
|upkeep
|c|☆magialice|that's not real though
|c| FavMon=Garchomp|It just happened.
|c|☆magialice|i'm using it as you can see
|c| Sol Survivor|it is going to be banned soon, is what you mean to say
|c| FavMon=Garchomp|They just haven’t implemented it yet
|
|t:|1715179992
|switch|p2a: Cloyster|Cloyster, M|100/100
|switch|p1a: Ambipom|Ambipom, M|100/100
|-damage|p1a: Ambipom|88/100|[from] Stealth Rock
|turn|16
|
|t:|1715179998
|move|p1a: Ambipom|Fake Out|p2a: Cloyster
|-damage|p2a: Cloyster|70/100
|-damage|p1a: Ambipom|78/100|[from] item: Life Orb
|cant|p2a: Cloyster|flinch
|
|-weather|Hail|[upkeep]
|-damage|p1a: Ambipom|72/100|[from] Hail
|upkeep
|turn|17
|c|☆magialice|but then why am i using it
|c| Sol Survivor|its clearly not banned NOW, otherwise it wouldnt even be useable
|
|t:|1715180008
|move|p1a: Ambipom|Low Kick|p2a: Cloyster
|-supereffective|p2a: Cloyster
|-damage|p2a: Cloyster|0 fnt
|faint|p2a: Cloyster
|-damage|p1a: Ambipom|62/100|[from] item: Life Orb
|
|-weather|Hail|[upkeep]
|-damage|p1a: Ambipom|56/100|[from] Hail
|upkeep
|
|t:|1715180012
|switch|p2a: Mamoswine|Mamoswine, M|100/100
|turn|18
|
|t:|1715180017
|move|p1a: Ambipom|U-turn|p2a: Mamoswine
|-damage|p2a: Mamoswine|72/100
|-damage|p1a: Ambipom|46/100|[from] item: Life Orb
|
|t:|1715180021
|switch|p1a: Staraptor|Staraptor, M|100/100|[from] U-turn
|-damage|p1a: Staraptor|76/100|[from] Stealth Rock
|move|p2a: Mamoswine|Icicle Crash|p1a: Staraptor
|-supereffective|p1a: Staraptor
|-damage|p1a: Staraptor|0 fnt
|faint|p1a: Staraptor
|
|-weather|Hail|[upkeep]
|upkeep
|c|☆magialice|i'm using it though
|c| FavMon=Garchomp|Because the ban is not yet implemented
|
|t:|1715180030
|switch|p1a: Ambipom|Ambipom, M|46/100
|-damage|p1a: Ambipom|33/100|[from] Stealth Rock
|turn|19
|c| Sol Survivor|so its NOT banned now then
|
|t:|1715180034
|move|p1a: Ambipom|Fake Out|p2a: Mamoswine
|-damage|p2a: Mamoswine|32/100
|-damage|p1a: Ambipom|24/100|[from] item: Life Orb
|cant|p2a: Mamoswine|flinch
|
|-weather|Hail|[upkeep]
|-damage|p1a: Ambipom|17/100|[from] Hail
|upkeep
|turn|20
|c|☆magialice|yes so cloy isn't banned
|
|t:|1715180043
|move|p2a: Mamoswine|Ice Shard|p1a: Ambipom
|-damage|p1a: Ambipom|0 fnt
|faint|p1a: Ambipom
|
|-weather|Hail|[upkeep]
|upkeep
|
|t:|1715180048
|switch|p1a: Dragonite|Dragonite, M|100/100
|-damage|p1a: Dragonite|76/100|[from] Stealth Rock
|turn|21
|c| FavMon=Garchomp|https://www.smogon.com/forums/threads/bw-ou-cloyster.3742769/page-2#post-10105940
|
|t:|1715180053
|move|p2a: Mamoswine|Ice Shard|p1a: Dragonite
|-supereffective|p1a: Dragonite
|-damage|p1a: Dragonite|0 fnt
|faint|p1a: Dragonite
|
|win|magialice
|raw|Maxfromdablock's rating: 1312 &rarr; <strong>1298</strong><br />(-14 for losing)
|raw|magialice's rating: 1424 &rarr; <strong>1438</strong><br />(+14 for winning)
|c| Sol Survivor|Yes, we know
|l|☆Maxfromdablock
|player|p1|
|c| Sol Survivor|soon
|c| Sol Survivor|soon is not now
