|j|☆Crowned Crystals ♔
|j|☆sunfish tamer
|t:|1743473121
|gametype|singles
|player|p1|Crowned Crystals ♔|265|1580
|player|p2|sunfish tamer|266|1480
|teamsize|p1|6
|teamsize|p2|6
|gen|5
|tier|[Gen 5] OU
|rated|
|rule|Species Clause: Limit one of each Pokémon
|rule|OHKO Clause: OHKO moves are banned
|rule|Moody Clause: Moody is banned
|rule|Evasion Items Clause: Evasion items are banned
|rule|Evasion Moves Clause: Evasion moves are banned
|rule|Endless Battle Clause: Forcing endless battles is banned
|rule|HP Percentage Mod: HP is shown in percentages
|rule|Evasion Abilities Clause: Evasion abilities are banned
|rule|Sleep Moves Clause: Sleep-inducing moves are banned
|rule|Swagger Clause: Swagger is banned
|rule|Baton Pass Stat Clause: No Baton Passer may have a way to boost its stats
|clearpoke
|poke|p1|Hippowdon, M|item
|poke|p1|Reuniclus, M|item
|poke|p1|Ferrothorn, F|item
|poke|p1|Latios, M|item
|poke|p1|Rotom-Wash|item
|poke|p1|Excadrill, F|item
|poke|p2|Landorus-Therian, M|item
|poke|p2|Ferrothorn, F|item
|poke|p2|Tyranitar, M|item
|poke|p2|Keldeo|item
|poke|p2|Alakazam, F|item
|poke|p2|Latios, M|item
|teampreview
|inactive|Battle timer is ON: inactive players will automatically lose when time's up. (requested by Crowned Crystals ♔)
|inactive|Crowned Crystals ♔ has 120 seconds left.
|j| chomp29
|j| soser
|
|t:|1743473160
|start
|switch|p1a: Hippowdon|Hippowdon, M|100/100
|switch|p2a: Ferrothorn|Ferrothorn, F|100/100
|-weather|Sandstorm|[from] ability: Sand Stream|[of] p1a: Hippowdon
|turn|1
|
|t:|1743473170
|switch|p1a: Reuniclus|Reuniclus, M|100/100
|move|p2a: Ferrothorn|Spikes|p1a: Reuniclus
|-sidestart|p1: Crowned Crystals ♔|Spikes
|
|-weather|Sandstorm|[upkeep]
|upkeep
|turn|2
|
|t:|1743473182
|switch|p2a: Tyranitar|Tyranitar, M|100/100
|move|p1a: Reuniclus|Thunder Wave|p2a: Tyranitar
|-status|p2a: Tyranitar|par
|
|-weather|Sandstorm|[upkeep]
|upkeep
|turn|3
|
|t:|1743473190
|switch|p1a: Hippowdon|Hippowdon, M|100/100
|-damage|p1a: Hippowdon|88/100|[from] Spikes
|move|p2a: Tyranitar|Crunch|p1a: Hippowdon
|-damage|p1a: Hippowdon|58/100
|
|-weather|Sandstorm|[upkeep]
|-heal|p1a: Hippowdon|64/100|[from] item: Leftovers
|upkeep
|turn|4
|
|t:|1743473193
|switch|p2a: Ferrothorn|Ferrothorn, F|100/100
|move|p1a: Hippowdon|Stealth Rock|p2a: Ferrothorn
|-sidestart|p2: sunfish tamer|move: Stealth Rock
|
|-weather|Sandstorm|[upkeep]
|-heal|p1a: Hippowdon|70/100|[from] item: Leftovers
|upkeep
|turn|5
|
|t:|1743473198
|switch|p1a: Ferrothorn|Ferrothorn, F|100/100
|-damage|p1a: Ferrothorn|88/100|[from] Spikes
|move|p2a: Ferrothorn|Spikes|p1a: Ferrothorn
|-sidestart|p1: Crowned Crystals ♔|Spikes
|
|-weather|Sandstorm|[upkeep]
|-heal|p1a: Ferrothorn|94/100|[from] item: Leftovers
|upkeep
|turn|6
|
|t:|1743473202
|move|p1a: Ferrothorn|Knock Off|p2a: Ferrothorn
|-resisted|p2a: Ferrothorn
|-damage|p2a: Ferrothorn|99/100
|-damage|p1a: Ferrothorn|82/100|[from] ability: Iron Barbs|[of] p2a: Ferrothorn
|-enditem|p2a: Ferrothorn|Lum Berry|[from] move: Knock Off|[of] p1a: Ferrothorn
|move|p2a: Ferrothorn|Knock Off|p1a: Ferrothorn
|-resisted|p1a: Ferrothorn
|-damage|p1a: Ferrothorn|80/100
|-damage|p2a: Ferrothorn|86/100|[from] ability: Iron Barbs|[of] p1a: Ferrothorn
|-enditem|p1a: Ferrothorn|Leftovers|[from] move: Knock Off|[of] p2a: Ferrothorn
|
|-weather|Sandstorm|[upkeep]
|upkeep
|turn|7
|
|t:|1743473209
|move|p1a: Ferrothorn|Spikes|p2a: Ferrothorn
|-sidestart|p2: sunfish tamer|Spikes
|move|p2a: Ferrothorn|Spikes|p1a: Ferrothorn
|-sidestart|p1: Crowned Crystals ♔|Spikes
|
|-weather|Sandstorm|[upkeep]
|upkeep
|turn|8
|
|t:|1743473221
|switch|p2a: Alakazam|Alakazam, F|100/100
|move|p1a: Ferrothorn|Leech Seed|p2a: Alakazam
|-start|p2a: Alakazam|move: Leech Seed
|
|-weather|Sandstorm|[upkeep]
|upkeep
|turn|9
|
|t:|1743473232
|switch|p1a: Rotom|Rotom-Wash|100/100
|move|p2a: Alakazam|Hidden Power|p1a: Rotom
|-resisted|p1a: Rotom
|-damage|p1a: Rotom|86/100
|
|-weather|Sandstorm|[upkeep]
|-damage|p1a: Rotom|80/100|[from] Sandstorm
|-heal|p1a: Rotom|86/100|[from] item: Leftovers
|upkeep
|turn|10
|
|t:|1743473242
|switch|p2a: Ferrothorn|Ferrothorn, F|86/100
|-damage|p2a: Ferrothorn|80/100|[from] Stealth Rock
|-damage|p2a: Ferrothorn|68/100|[from] Spikes
|move|p1a: Rotom|Volt Switch|p2a: Ferrothorn
|-resisted|p2a: Ferrothorn
|-damage|p2a: Ferrothorn|59/100
|
|t:|1743473252
|switch|p1a: Latios|Latios, M|100/100|[from] Volt Switch
|
|-weather|Sandstorm|[upkeep]
|-damage|p1a: Latios|95/100|[from] Sandstorm
|upkeep
|turn|11
|
|t:|1743473261
|move|p1a: Latios|Calm Mind|p1a: Latios
|-boost|p1a: Latios|spa|1
|-boost|p1a: Latios|spd|1
|move|p2a: Ferrothorn|Gyro Ball|p1a: Latios
|-damage|p1a: Latios|22/100
|
|-weather|Sandstorm|[upkeep]
|-damage|p1a: Latios|16/100|[from] Sandstorm
|upkeep
|turn|12
|
|t:|1743473273
|move|p1a: Latios|Hidden Power|p2a: Ferrothorn
|-supereffective|p2a: Ferrothorn
|-damage|p2a: Ferrothorn|12/100
|move|p2a: Ferrothorn|Gyro Ball|p1a: Latios
|-damage|p1a: Latios|0 fnt
|faint|p1a: Latios
|
|-weather|Sandstorm|[upkeep]
|upkeep
|
|t:|1743473277
|switch|p1a: Excadrill|Excadrill, F|100/100
|-damage|p1a: Excadrill|76/100|[from] Spikes
|turn|13
|
|t:|1743473280
|move|p1a: Excadrill|Rapid Spin|p2a: Ferrothorn
|-resisted|p2a: Ferrothorn
|-damage|p2a: Ferrothorn|10/100
|-damage|p1a: Excadrill|63/100|[from] ability: Iron Barbs|[of] p2a: Ferrothorn
|-sideend|p1: Crowned Crystals ♔|Spikes|[from] move: Rapid Spin|[of] p1a: Excadrill
|move|p2a: Ferrothorn|Power Whip|p1a: Excadrill|[miss]
|-miss|p2a: Ferrothorn|p1a: Excadrill
|
|-weather|Sandstorm|[upkeep]
|upkeep
|turn|14
|
|t:|1743473290
|switch|p1a: Hippowdon|Hippowdon, M|70/100
|switch|p2a: Landorus|Landorus-Therian, M|100/100
|-damage|p2a: Landorus|88/100|[from] Stealth Rock
|-ability|p2a: Landorus|Intimidate|boost
|-unboost|p1a: Hippowdon|atk|1
|
|-weather|Sandstorm|[upkeep]
|-heal|p2a: Landorus|94/100|[from] item: Leftovers
|-heal|p1a: Hippowdon|76/100|[from] item: Leftovers
|upkeep
|turn|15
|
|t:|1743473299
|switch|p1a: Rotom|Rotom-Wash|86/100
|move|p2a: Landorus|Stealth Rock|p1a: Rotom
|-sidestart|p1: Crowned Crystals ♔|move: Stealth Rock
|
|-weather|Sandstorm|[upkeep]
|-damage|p1a: Rotom|80/100|[from] Sandstorm
|-heal|p2a: Landorus|99/100|[from] item: Leftovers
|-heal|p1a: Rotom|86/100|[from] item: Leftovers
|upkeep
|turn|16
|
|t:|1743473306
|move|p2a: Landorus|U-turn|p1a: Rotom
|-damage|p1a: Rotom|67/100
|
|t:|1743473308
|switch|p2a: Ferrothorn|Ferrothorn, F|10/100|[from] U-turn
|-damage|p2a: Ferrothorn|3/100|[from] Stealth Rock
|-damage|p2a: Ferrothorn|0 fnt|[from] Spikes
|faint|p2a: Ferrothorn
|move|p1a: Rotom|Volt Switch|p2: Ferrothorn|[notarget]
|-fail|p1a: Rotom
|
|-weather|Sandstorm|[upkeep]
|-damage|p1a: Rotom|61/100|[from] Sandstorm
|-heal|p1a: Rotom|67/100|[from] item: Leftovers
|upkeep
|
|t:|1743473326
|switch|p2a: Tyranitar|Tyranitar, M|100/100 par
|-damage|p2a: Tyranitar|88/100 par|[from] Stealth Rock
|-damage|p2a: Tyranitar|76/100 par|[from] Spikes
|turn|17
|
|t:|1743473343
|move|p1a: Rotom|Hydro Pump|p2a: Tyranitar|[miss]
|-miss|p1a: Rotom|p2a: Tyranitar
|cant|p2a: Tyranitar|par
|
|-weather|Sandstorm|[upkeep]
|-damage|p1a: Rotom|61/100|[from] Sandstorm
|-heal|p1a: Rotom|67/100|[from] item: Leftovers
|upkeep
|turn|18
|
|t:|1743473350
|move|p1a: Rotom|Volt Switch|p2a: Tyranitar
|-damage|p2a: Tyranitar|63/100 par
|
|t:|1743473356
|switch|p1a: Hippowdon|Hippowdon, M|76/100|[from] Volt Switch
|-damage|p1a: Hippowdon|70/100|[from] Stealth Rock
|move|p2a: Tyranitar|Crunch|p1a: Hippowdon
|-damage|p1a: Hippowdon|43/100
|
|-weather|Sandstorm|[upkeep]
|-heal|p1a: Hippowdon|49/100|[from] item: Leftovers
|upkeep
|turn|19
|
|t:|1743473362
|switch|p2a: Latios|Latios, M|100/100
|-damage|p2a: Latios|88/100|[from] Stealth Rock
|move|p1a: Hippowdon|Slack Off|p1a: Hippowdon
|-heal|p1a: Hippowdon|99/100
|
|-weather|Sandstorm|[upkeep]
|-damage|p2a: Latios|82/100|[from] Sandstorm
|-heal|p1a: Hippowdon|100/100|[from] item: Leftovers
|upkeep
|turn|20
|
|t:|1743473375
|move|p2a: Latios|Trick|p1a: Hippowdon
|-activate|p2a: Latios|move: Trick|[of] p1a: Hippowdon
|-item|p1a: Hippowdon|Choice Scarf|[from] move: Trick
|-item|p2a: Latios|Leftovers|[from] move: Trick
|move|p1a: Hippowdon|Rock Slide|p2a: Latios
|-crit|p2a: Latios
|-damage|p2a: Latios|30/100
|
|-weather|Sandstorm|[upkeep]
|-damage|p2a: Latios|24/100|[from] Sandstorm
|-heal|p2a: Latios|30/100|[from] item: Leftovers
|upkeep
|turn|21
|
|t:|1743473382
|switch|p2a: Keldeo|Keldeo|100/100
|-damage|p2a: Keldeo|94/100|[from] Stealth Rock
|-damage|p2a: Keldeo|82/100|[from] Spikes
|move|p1a: Hippowdon|Rock Slide|p2a: Keldeo
|-resisted|p2a: Keldeo
|-damage|p2a: Keldeo|72/100
|
|-weather|Sandstorm|[upkeep]
|-damage|p2a: Keldeo|66/100|[from] Sandstorm
|-heal|p2a: Keldeo|72/100|[from] item: Leftovers
|upkeep
|turn|22
|
|t:|1743473394
|switch|p1a: Rotom|Rotom-Wash|67/100
|-damage|p1a: Rotom|55/100|[from] Stealth Rock
|move|p2a: Keldeo|Scald|p1a: Rotom
|-resisted|p1a: Rotom
|-damage|p1a: Rotom|34/100
|
|-weather|Sandstorm|[upkeep]
|-damage|p2a: Keldeo|66/100|[from] Sandstorm
|-damage|p1a: Rotom|28/100|[from] Sandstorm
|-heal|p2a: Keldeo|72/100|[from] item: Leftovers
|-heal|p1a: Rotom|34/100|[from] item: Leftovers
|upkeep
|turn|23
|inactive|Crowned Crystals ♔ has 120 seconds left.
|inactive|Crowned Crystals ♔ has 90 seconds left.
|
|t:|1743473482
|switch|p1a: Reuniclus|Reuniclus, M|100/100
|move|p2a: Keldeo|Secret Sword|p1a: Reuniclus
|-resisted|p1a: Reuniclus
|-damage|p1a: Reuniclus|84/100
|
|-weather|Sandstorm|[upkeep]
|-damage|p2a: Keldeo|66/100|[from] Sandstorm
|-heal|p2a: Keldeo|72/100|[from] item: Leftovers
|upkeep
|turn|24
|
|t:|1743473489
|switch|p2a: Tyranitar|Tyranitar, M|63/100 par
|-damage|p2a: Tyranitar|51/100 par|[from] Stealth Rock
|-damage|p2a: Tyranitar|38/100 par|[from] Spikes
|move|p1a: Reuniclus|Psyshock|p2a: Tyranitar
|-immune|p2a: Tyranitar
|
|-weather|Sandstorm|[upkeep]
|upkeep
|turn|25
|
|t:|1743473495
|-activate|p1a: Reuniclus|move: Pursuit
|move|p2a: Tyranitar|Pursuit|p1a: Reuniclus|[from] Pursuit
|-supereffective|p1a: Reuniclus
|-damage|p1a: Reuniclus|28/100
|-damage|p2a: Tyranitar|22/100 par|[from] item: Rocky Helmet|[of] p1a: Reuniclus
|switch|p1a: Ferrothorn|Ferrothorn, F|80/100
|-damage|p1a: Ferrothorn|74/100|[from] Stealth Rock
|
|-weather|Sandstorm|[upkeep]
|upkeep
|turn|26
|
|t:|1743473505
|switch|p1a: Hippowdon|Hippowdon, M|100/100
|-damage|p1a: Hippowdon|94/100|[from] Stealth Rock
|move|p2a: Tyranitar|Fire Blast|p1a: Hippowdon
|-damage|p1a: Hippowdon|74/100
|
|-weather|Sandstorm|[upkeep]
|upkeep
|turn|27
|
|t:|1743473519
|switch|p2a: Landorus|Landorus-Therian, M|99/100
|-damage|p2a: Landorus|88/100|[from] Stealth Rock
|-ability|p2a: Landorus|Intimidate|boost
|-unboost|p1a: Hippowdon|atk|1
|move|p1a: Hippowdon|Rock Slide|p2a: Landorus
|-damage|p2a: Landorus|76/100
|
|-weather|Sandstorm|[upkeep]
|-heal|p2a: Landorus|82/100|[from] item: Leftovers
|upkeep
|turn|28
|
|t:|1743473544
|switch|p1a: Rotom|Rotom-Wash|34/100
|-damage|p1a: Rotom|21/100|[from] Stealth Rock
|move|p2a: Landorus|U-turn|p1a: Rotom
|-damage|p1a: Rotom|3/100
|
|t:|1743473551
|switch|p2a: Alakazam|Alakazam, F|100/100|[from] U-turn
|
|-weather|Sandstorm|[upkeep]
|-damage|p1a: Rotom|0 fnt|[from] Sandstorm
|faint|p1a: Rotom
|upkeep
|
|t:|1743473557
|switch|p1a: Excadrill|Excadrill, F|63/100
|-damage|p1a: Excadrill|60/100|[from] Stealth Rock
|turn|29
|
|t:|1743473564
|move|p1a: Excadrill|Iron Head|p2a: Alakazam
|-damage|p2a: Alakazam|0 fnt
|faint|p2a: Alakazam
|
|-weather|Sandstorm|[upkeep]
|upkeep
|
|t:|1743473567
|switch|p2a: Keldeo|Keldeo|72/100
|-damage|p2a: Keldeo|66/100|[from] Stealth Rock
|-damage|p2a: Keldeo|53/100|[from] Spikes
|turn|30
|inactive|Crowned Crystals ♔ has 90 seconds left.
|
|t:|1743473601
|move|p1a: Excadrill|Iron Head|p2a: Keldeo
|-resisted|p2a: Keldeo
|-damage|p2a: Keldeo|20/100
|cant|p2a: Keldeo|flinch
|
|-weather|Sandstorm|[upkeep]
|-damage|p2a: Keldeo|14/100|[from] Sandstorm
|-heal|p2a: Keldeo|20/100|[from] item: Leftovers
|upkeep
|turn|31
|
|t:|1743473612
|switch|p2a: Landorus|Landorus-Therian, M|82/100
|-damage|p2a: Landorus|70/100|[from] Stealth Rock
|-ability|p2a: Landorus|Intimidate|boost
|-unboost|p1a: Excadrill|atk|1
|move|p1a: Excadrill|Iron Head|p2a: Landorus
|-damage|p2a: Landorus|34/100
|
|-weather|Sandstorm|[upkeep]
|-heal|p2a: Landorus|40/100|[from] item: Leftovers
|upkeep
|turn|32
|
|t:|1743473623
|switch|p1a: Hippowdon|Hippowdon, M|74/100
|-damage|p1a: Hippowdon|68/100|[from] Stealth Rock
|move|p2a: Landorus|Earthquake|p1a: Hippowdon
|-damage|p1a: Hippowdon|35/100
|
|-weather|Sandstorm|[upkeep]
|-heal|p2a: Landorus|46/100|[from] item: Leftovers
|upkeep
|turn|33
|
|t:|1743473633
|move|p2a: Landorus|Hidden Power|p1a: Hippowdon
|-supereffective|p1a: Hippowdon
|-damage|p1a: Hippowdon|10/100
|move|p1a: Hippowdon|Rock Slide|p2a: Landorus
|-damage|p2a: Landorus|26/100
|
|-weather|Sandstorm|[upkeep]
|-heal|p2a: Landorus|32/100|[from] item: Leftovers
|upkeep
|turn|34
|
|t:|1743473637
|move|p2a: Landorus|Hidden Power|p1a: Hippowdon
|-supereffective|p1a: Hippowdon
|-damage|p1a: Hippowdon|0 fnt
|faint|p1a: Hippowdon
|
|-weather|Sandstorm|[upkeep]
|-heal|p2a: Landorus|38/100|[from] item: Leftovers
|upkeep
|inactive|Crowned Crystals ♔ has 90 seconds left.
|
|t:|1743473648
|switch|p1a: Excadrill|Excadrill, F|60/100
|-damage|p1a: Excadrill|57/100|[from] Stealth Rock
|turn|35
|
|t:|1743473657
|switch|p2a: Keldeo|Keldeo|20/100
|-damage|p2a: Keldeo|14/100|[from] Stealth Rock
|-damage|p2a: Keldeo|1/100|[from] Spikes
|move|p1a: Excadrill|Iron Head|p2a: Keldeo
|-resisted|p2a: Keldeo
|-damage|p2a: Keldeo|0 fnt
|faint|p2a: Keldeo
|
|-weather|Sandstorm|[upkeep]
|upkeep
|
|t:|1743473659
|switch|p2a: Landorus|Landorus-Therian, M|38/100
|-damage|p2a: Landorus|26/100|[from] Stealth Rock
|-ability|p2a: Landorus|Intimidate|boost
|-unboost|p1a: Excadrill|atk|1
|turn|36
|
|t:|1743473665
|move|p1a: Excadrill|Iron Head|p2a: Landorus
|-damage|p2a: Landorus|0 fnt
|faint|p2a: Landorus
|
|-weather|Sandstorm|[upkeep]
|upkeep
|
|t:|1743473668
|switch|p2a: Latios|Latios, M|30/100
|-damage|p2a: Latios|18/100|[from] Stealth Rock
|turn|37
|inactive|Crowned Crystals ♔ has 120 seconds left.
|
|t:|1743473673
|move|p1a: Excadrill|Iron Head|p2a: Latios
|-damage|p2a: Latios|0 fnt
|faint|p2a: Latios
|
|-weather|Sandstorm|[upkeep]
|upkeep
|
|t:|1743473675
|switch|p2a: Tyranitar|Tyranitar, M|22/100 par
|-damage|p2a: Tyranitar|9/100 par|[from] Stealth Rock
|-damage|p2a: Tyranitar|0 fnt|[from] Spikes
|faint|p2a: Tyranitar
|
|win|Crowned Crystals ♔
|raw|Crowned Crystals ♔'s rating: 1580 &rarr; <strong>1594</strong><br />(+14 for winning)
|raw|sunfish tamer's rating: 1480 &rarr; <strong>1466</strong><br />(-14 for losing)
|l|☆sunfish tamer
|player|p2|
|c| soser|this might be the funniest game I've ever seen
|l| soser
|l| chomp29
|c|☆Crowned Crystals ♔|/log Crowned Crystals ♔ made this room public.
