|j|☆Bluey5413
|j|☆Tangyz
|t:|1743833939
|gametype|singles
|player|p1|Bluey5413|sabrina|1419
|player|p2|Tangyz|shadowtriad|1361
|teamsize|p1|6
|teamsize|p2|6
|gen|5
|tier|[Gen 5] OU
|rated|
|rule|Species Clause: Limit one of each Pokémon
|rule|OHKO Clause: OHKO moves are banned
|rule|Moody Clause: Moody is banned
|rule|Evasion Items Clause: Evasion items are banned
|rule|Evasion Moves Clause: Evasion moves are banned
|rule|Endless Battle Clause: Forcing endless battles is banned
|rule|HP Percentage Mod: HP is shown in percentages
|rule|Evasion Abilities Clause: Evasion abilities are banned
|rule|Sleep Moves Clause: Sleep-inducing moves are banned
|rule|Swagger Clause: Swagger is banned
|rule|Baton Pass Stat Clause: No Baton Passer may have a way to boost its stats
|clearpoke
|poke|p1|Abomasnow, F|item
|poke|p1|Kyurem-Black|item
|poke|p1|Magnezone|item
|poke|p1|Latios, M|item
|poke|p1|Jirachi|item
|poke|p1|Garchomp, F|item
|poke|p2|Politoed, M|item
|poke|p2|Latios, M|item
|poke|p2|Ferrothorn, M|item
|poke|p2|Keldeo|item
|poke|p2|Excadrill, M|item
|poke|p2|Thundurus-Therian, M|item
|teampreview
|inactive|Battle timer is ON: inactive players will automatically lose when time's up. (requested by Tangyz)
|inactive|Bluey5413 also wants the timer to be on.
|inactive|Tangyz has 120 seconds left.
|
|t:|1743833989
|start
|switch|p1a: Kyurem|Kyurem-Black|100/100
|switch|p2a: Thundurus|Thundurus-Therian, M, shiny|100/100
|-ability|p1a: Kyurem|Teravolt
|turn|1
|
|t:|1743834003
|switch|p2a: Ferrothorn|Ferrothorn, M|100/100
|move|p1a: Kyurem|Outrage|p2a: Ferrothorn
|-resisted|p2a: Ferrothorn
|-damage|p2a: Ferrothorn|51/100
|-damage|p1a: Kyurem|88/100|[from] ability: Iron Barbs|[of] p2a: Ferrothorn
|
|upkeep
|turn|2
|
|t:|1743834010
|move|p1a: Kyurem|Outrage|p2a: Ferrothorn|[from] lockedmove
|-resisted|p2a: Ferrothorn
|-damage|p2a: Ferrothorn|1/100
|-damage|p1a: Kyurem|76/100|[from] ability: Iron Barbs|[of] p2a: Ferrothorn
|move|p2a: Ferrothorn|Gyro Ball|p1a: Kyurem
|-supereffective|p1a: Kyurem
|-damage|p1a: Kyurem|0 fnt
|faint|p1a: Kyurem
|
|upkeep
|
|t:|1743834015
|switch|p1a: Magnezone|Magnezone|100/100
|-item|p1a: Magnezone|Air Balloon
|turn|3
|
|t:|1743834018
|move|p1a: Magnezone|Hidden Power|p2a: Ferrothorn
|-supereffective|p2a: Ferrothorn
|-damage|p2a: Ferrothorn|0 fnt
|faint|p2a: Ferrothorn
|
|upkeep
|
|t:|1743834026
|switch|p2a: Politoed|Politoed, M, shiny|100/100
|-weather|RainDance|[from] ability: Drizzle|[of] p2a: Politoed
|turn|4
|
|t:|1743834029
|switch|p2a: Thundurus|Thundurus-Therian, M, shiny|100/100
|move|p1a: Magnezone|Thunderbolt|p2a: Thundurus
|-immune|p2a: Thundurus|[from] ability: Volt Absorb
|
|-weather|RainDance|[upkeep]
|upkeep
|turn|5
|
|t:|1743834035
|switch|p1a: Obamasnow|Abomasnow, F|100/100
|-weather|Hail|[from] ability: Snow Warning|[of] p1a: Obamasnow
|move|p2a: Thundurus|Focus Blast|p1a: Obamasnow
|-supereffective|p1a: Obamasnow
|-enditem|p1a: Obamasnow|Chople Berry|[eat]
|-enditem|p1a: Obamasnow|Chople Berry|[weaken]
|-damage|p1a: Obamasnow|39/100
|
|-weather|Hail|[upkeep]
|-damage|p2a: Thundurus|94/100|[from] Hail
|-heal|p2a: Thundurus|100/100|[from] item: Leftovers
|upkeep
|turn|6
|
|t:|1743834044
|switch|p1a: Jirachi|Jirachi|100/100
|move|p2a: Thundurus|Focus Blast|p1a: Jirachi
|-damage|p1a: Jirachi|64/100
|
|-weather|Hail|[upkeep]
|-damage|p2a: Thundurus|94/100|[from] Hail
|-damage|p1a: Jirachi|58/100|[from] Hail
|-heal|p2a: Thundurus|100/100|[from] item: Leftovers
|upkeep
|turn|7
|
|t:|1743834048
|switch|p2a: Politoed|Politoed, M, shiny|100/100
|-weather|RainDance|[from] ability: Drizzle|[of] p2a: Politoed
|move|p1a: Jirachi|Stealth Rock|p2a: Politoed
|-sidestart|p2: Tangyz|move: Stealth Rock
|
|-weather|RainDance|[upkeep]
|upkeep
|turn|8
|
|t:|1743834053
|move|p1a: Jirachi|Healing Wish|p1a: Jirachi
|faint|p1a: Jirachi
|move|p2a: Politoed|Scald|p1: Jirachi|[notarget]
|-fail|p2a: Politoed
|
|-weather|RainDance|[upkeep]
|upkeep
|
|t:|1743834056
|switch|p1a: Obamasnow|Abomasnow, F|39/100
|-heal|p1a: Obamasnow|100/100|[from] move: Healing Wish
|-weather|Hail|[from] ability: Snow Warning|[of] p1a: Obamasnow
|turn|9
|
|t:|1743834060
|move|p2a: Politoed|Protect|p2a: Politoed
|-singleturn|p2a: Politoed|Protect
|move|p1a: Obamasnow|Wood Hammer|p2a: Politoed
|-activate|p2a: Politoed|move: Protect
|
|-weather|Hail|[upkeep]
|-damage|p2a: Politoed|94/100|[from] Hail
|-heal|p2a: Politoed|100/100|[from] item: Leftovers
|upkeep
|turn|10
|j| baixiaohen
|
|t:|1743834067
|switch|p2a: Latios|Latios, M, shiny|100/100
|-damage|p2a: Latios|88/100|[from] Stealth Rock
|move|p1a: Obamasnow|Wood Hammer|p2a: Latios
|-resisted|p2a: Latios
|-damage|p2a: Latios|61/100
|-damage|p1a: Obamasnow|92/100|[from] Recoil
|
|-weather|Hail|[upkeep]
|-damage|p2a: Latios|55/100|[from] Hail
|upkeep
|turn|11
|j| tyrash
|
|t:|1743834074
|move|p1a: Obamasnow|Ice Shard|p2a: Latios
|-supereffective|p2a: Latios
|-damage|p2a: Latios|15/100
|move|p2a: Latios|Draco Meteor|p1a: Obamasnow
|-damage|p1a: Obamasnow|0 fnt
|-unboost|p2a: Latios|spa|2
|faint|p1a: Obamasnow
|
|-weather|Hail|[upkeep]
|-damage|p2a: Latios|9/100|[from] Hail
|upkeep
|
|t:|1743834083
|switch|p1a: Latios|Latios, M|100/100
|turn|12
|
|t:|1743834094
|move|p2a: Latios|Draco Meteor|p1a: Latios
|-supereffective|p1a: Latios
|-damage|p1a: Latios|0 fnt
|-unboost|p2a: Latios|spa|2
|faint|p1a: Latios
|
|-weather|Hail|[upkeep]
|-damage|p2a: Latios|3/100|[from] Hail
|upkeep
|
|t:|1743834103
|switch|p1a: Garchomp|Garchomp, F|100/100
|turn|13
|
|t:|1743834110
|move|p1a: Garchomp|Dual Chop|p2a: Latios
|-supereffective|p2a: Latios
|-damage|p2a: Latios|0 fnt
|faint|p2a: Latios
|-hitcount|p2: Latios|1
|
|-weather|Hail|[upkeep]
|-damage|p1a: Garchomp|94/100|[from] Hail
|upkeep
|
|t:|1743834114
|switch|p2a: Politoed|Politoed, M, shiny|100/100
|-damage|p2a: Politoed|88/100|[from] Stealth Rock
|-weather|RainDance|[from] ability: Drizzle|[of] p2a: Politoed
|turn|14
|
|t:|1743834118
|switch|p1a: Magnezone|Magnezone|100/100
|-item|p1a: Magnezone|Air Balloon
|move|p2a: Politoed|Scald|p1a: Magnezone
|-damage|p1a: Magnezone|51/100
|-enditem|p1a: Magnezone|Air Balloon
|
|-weather|RainDance|[upkeep]
|-heal|p2a: Politoed|94/100|[from] item: Leftovers
|upkeep
|turn|15
|
|t:|1743834123
|switch|p1a: Garchomp|Garchomp, F|94/100
|switch|p2a: Thundurus|Thundurus-Therian, M, shiny|100/100
|-damage|p2a: Thundurus|76/100|[from] Stealth Rock
|
|-weather|RainDance|[upkeep]
|-heal|p2a: Thundurus|82/100|[from] item: Leftovers
|upkeep
|turn|16
|
|t:|1743834138
|switch|p2a: Politoed|Politoed, M, shiny|94/100
|-damage|p2a: Politoed|82/100|[from] Stealth Rock
|move|p1a: Garchomp|Dual Chop|p2a: Politoed
|-damage|p2a: Politoed|64/100
|-damage|p2a: Politoed|48/100
|-hitcount|p2a: Politoed|2
|
|-weather|RainDance|[upkeep]
|-heal|p2a: Politoed|54/100|[from] item: Leftovers
|upkeep
|turn|17
|
|t:|1743834145
|switch|p1a: Magnezone|Magnezone|51/100
|move|p2a: Politoed|Scald|p1a: Magnezone
|-damage|p1a: Magnezone|3/100
|
|-weather|RainDance|[upkeep]
|-heal|p2a: Politoed|60/100|[from] item: Leftovers
|upkeep
|turn|18
|
|t:|1743834151
|move|p1a: Magnezone|Sunny Day|p1a: Magnezone
|-weather|SunnyDay
|move|p2a: Politoed|Scald|p1a: Magnezone
|-damage|p1a: Magnezone|0 fnt
|faint|p1a: Magnezone
|
|-weather|SunnyDay|[upkeep]
|-heal|p2a: Politoed|66/100|[from] item: Leftovers
|upkeep
|
|t:|1743834156
|switch|p1a: Garchomp|Garchomp, F|94/100
|turn|19
|
|t:|1743834161
|switch|p2a: Excadrill|Excadrill, M|100/100
|-damage|p2a: Excadrill|97/100|[from] Stealth Rock
|-ability|p2a: Excadrill|Mold Breaker
|move|p1a: Garchomp|Outrage|p2a: Excadrill
|-resisted|p2a: Excadrill
|-damage|p2a: Excadrill|55/100
|
|-weather|SunnyDay|[upkeep]
|upkeep
|turn|20
|
|t:|1743834169
|move|p1a: Garchomp|Outrage|p2a: Excadrill|[from] lockedmove
|-resisted|p2a: Excadrill
|-damage|p2a: Excadrill|9/100
|move|p2a: Excadrill|Earthquake|p1a: Garchomp
|-damage|p1a: Garchomp|36/100
|
|-weather|SunnyDay|[upkeep]
|upkeep
|turn|21
|
|t:|1743834171
|move|p1a: Garchomp|Outrage|p2a: Excadrill|[from] lockedmove
|-resisted|p2a: Excadrill
|-crit|p2a: Excadrill
|-damage|p2a: Excadrill|0 fnt
|faint|p2a: Excadrill
|-start|p1a: Garchomp|confusion|[fatigue]
|
|-weather|SunnyDay|[upkeep]
|upkeep
|
|t:|1743834174
|switch|p2a: Politoed|Politoed, M, shiny|66/100
|-damage|p2a: Politoed|54/100|[from] Stealth Rock
|-weather|RainDance|[from] ability: Drizzle|[of] p2a: Politoed
|turn|22
|
|t:|1743834176
|-activate|p1a: Garchomp|confusion
|move|p1a: Garchomp|Outrage|p2a: Politoed
|-damage|p2a: Politoed|5/100
|move|p2a: Politoed|Scald|p1a: Garchomp
|-damage|p1a: Garchomp|0 fnt
|faint|p1a: Garchomp
|
|win|Tangyz
|raw|Bluey5413's rating: 1419 &rarr; <strong>1396</strong><br />(-23 for losing)
|raw|Tangyz's rating: 1361 &rarr; <strong>1384</strong><br />(+23 for winning)
|c|☆Bluey5413|gg
|c|☆Tangyz|gg
|l|☆Bluey5413
|player|p1|
