|j|☆Bronzongsunderbell
|j|☆TheSMZ
|t:|1746402259
|gametype|singles
|player|p1|Bronzongsunderbell|1|1412
|player|p2|TheSMZ|red|1406
|teamsize|p1|6
|teamsize|p2|6
|gen|5
|tier|[Gen 5] OU
|rated|
|rule|Species Clause: Limit one of each Pokémon
|rule|OHKO Clause: OHKO moves are banned
|rule|Moody Clause: Moody is banned
|rule|Evasion Items Clause: Evasion items are banned
|rule|Evasion Moves Clause: Evasion moves are banned
|rule|Endless Battle Clause: Forcing endless battles is banned
|rule|HP Percentage Mod: HP is shown in percentages
|rule|Evasion Abilities Clause: Evasion abilities are banned
|rule|Sleep Moves Clause: Sleep-inducing moves are banned
|rule|Swagger Clause: Swagger is banned
|rule|Baton Pass Stat Clause: No Baton Passer may have a way to boost its stats
|clearpoke
|poke|p1|Cryogonal|item
|poke|p1|Rotom-Heat|item
|poke|p1|Keldeo-Resolute|item
|poke|p1|Dragonite, M|item
|poke|p1|Jirachi|item
|poke|p1|Garchomp, F|item
|poke|p2|Garchomp, M|item
|poke|p2|Dragonite, F|item
|poke|p2|Magnezone|item
|poke|p2|Latios, M|item
|poke|p2|Kyurem-Black|item
|poke|p2|Excadrill, M|item
|teampreview
|inactive|Battle timer is ON: inactive players will automatically lose when time's up. (requested by TheSMZ)
|
|t:|1746402291
|start
|switch|p1a: Garchomp|Garchomp, F|100/100
|switch|p2a: Latios|Latios, M|100/100
|turn|1
|
|t:|1746402305
|switch|p1a: Jirachi|Jirachi|100/100
|move|p2a: Latios|Dragon Pulse|p1a: Jirachi
|-resisted|p1a: Jirachi
|-damage|p1a: Jirachi|65/100
|
|upkeep
|turn|2
|
|t:|1746402310
|move|p1a: Jirachi|U-turn|p2a: Latios
|-supereffective|p2a: Latios
|-damage|p2a: Latios|51/100
|
|t:|1746402315
|switch|p1a: Cryogonal|Cryogonal|100/100|[from] U-turn
|move|p2a: Latios|Dragon Pulse|p1a: Cryogonal
|-crit|p1a: Cryogonal
|-damage|p1a: Cryogonal|0 fnt
|faint|p1a: Cryogonal
|
|upkeep
|c|☆Bronzongsunderbell|100% crit rate it seems
|
|t:|1746402332
|switch|p1a: Jirachi|Jirachi|65/100
|turn|3
|c|☆TheSMZ|I guess so
|c|☆Bronzongsunderbell|Yeah seems so.
|c|☆TheSMZ|btw, I wanna know, why are you using cryognoal?
|inactive|TheSMZ has 120 seconds left.
|
|t:|1746402363
|move|p1a: Jirachi|Iron Head|p2a: Latios
|-damage|p2a: Latios|8/100
|move|p2a: Latios|Dragon Pulse|p1a: Jirachi
|-resisted|p1a: Jirachi
|-damage|p1a: Jirachi|32/100
|
|upkeep
|turn|4
|inactive|Bronzongsunderbell has 120 seconds left.
|c|☆Bronzongsunderbell|Bc it’s good when you don’t get haxed out of the game
|c|☆TheSMZ|how is it good?
|
|t:|1746402407
|move|p1a: Jirachi|Iron Head|p2a: Latios
|-damage|p2a: Latios|0 fnt
|faint|p2a: Latios
|
|upkeep
|
|t:|1746402411
|switch|p2a: Magnezone|Magnezone|100/100
|-item|p2a: Magnezone|Air Balloon
|turn|5
|
|t:|1746402415
|move|p1a: Jirachi|Iron Head|p2a: Magnezone
|-resisted|p2a: Magnezone
|-damage|p2a: Magnezone|94/100
|-enditem|p2a: Magnezone|Air Balloon
|cant|p2a: Magnezone|flinch
|
|upkeep
|turn|6
|
|t:|1746402421
|move|p1a: Jirachi|Iron Head|p2a: Magnezone
|-resisted|p2a: Magnezone
|-damage|p2a: Magnezone|88/100
|cant|p2a: Magnezone|flinch
|
|upkeep
|turn|7
|
|t:|1746402426
|move|p1a: Jirachi|Iron Head|p2a: Magnezone
|-resisted|p2a: Magnezone
|-damage|p2a: Magnezone|83/100
|cant|p2a: Magnezone|flinch
|
|upkeep
|turn|8
|
|t:|1746402430
|move|p1a: Jirachi|Iron Head|p2a: Magnezone
|-resisted|p2a: Magnezone
|-damage|p2a: Magnezone|76/100
|move|p2a: Magnezone|Hidden Power|p1a: Jirachi
|-supereffective|p1a: Jirachi
|-damage|p1a: Jirachi|0 fnt
|faint|p1a: Jirachi
|
|upkeep
|
|t:|1746402449
|switch|p1a: Keldeo|Keldeo-Resolute|100/100
|turn|9
|
|t:|1746402455
|move|p1a: Keldeo|Secret Sword|p2a: Magnezone
|-supereffective|p2a: Magnezone
|-damage|p2a: Magnezone|1/100
|move|p2a: Magnezone|Thunderbolt|p1a: Keldeo
|-supereffective|p1a: Keldeo
|-damage|p1a: Keldeo|0 fnt
|faint|p1a: Keldeo
|
|upkeep
|
|t:|1746402471
|switch|p1a: Dragonite|Dragonite, M|100/100
|turn|10
|
|t:|1746402474
|move|p1a: Dragonite|Dragon Dance|p1a: Dragonite
|-boost|p1a: Dragonite|atk|1
|-boost|p1a: Dragonite|spe|1
|move|p2a: Magnezone|Thunder Wave|p1a: Dragonite
|-status|p1a: Dragonite|par
|-enditem|p1a: Dragonite|Lum Berry|[eat]
|-curestatus|p1a: Dragonite|par|[msg]
|
|upkeep
|turn|11
|
|t:|1746402483
|move|p1a: Dragonite|Extreme Speed|p2a: Magnezone
|-resisted|p2a: Magnezone
|-damage|p2a: Magnezone|0 fnt
|faint|p2a: Magnezone
|
|upkeep
|
|t:|1746402490
|switch|p2a: Garchomp|Garchomp, M|100/100
|turn|12
|
|t:|1746402501
|move|p2a: Garchomp|Dual Chop|p1a: Dragonite|[miss]
|-miss|p2a: Garchomp|p1a: Dragonite
|move|p1a: Dragonite|Outrage|p2a: Garchomp
|-supereffective|p2a: Garchomp
|-damage|p2a: Garchomp|0 fnt
|-damage|p1a: Dragonite|88/100|[from] ability: Rough Skin|[of] p2a: Garchomp
|faint|p2a: Garchomp
|
|upkeep
|
|t:|1746402510
|switch|p2a: Dragonite|Dragonite, F|100/100
|turn|13
|
|t:|1746402517
|move|p1a: Dragonite|Outrage|p2a: Dragonite|[from] lockedmove
|-supereffective|p2a: Dragonite
|-crit|p2a: Dragonite
|-damage|p2a: Dragonite|0 fnt
|faint|p2a: Dragonite
|
|upkeep
|
|t:|1746402525
|switch|p2a: Kyurem|Kyurem-Black|100/100
|-ability|p2a: Kyurem|Teravolt
|turn|14
|
|t:|1746402529
|move|p2a: Kyurem|Outrage|p1a: Dragonite
|-supereffective|p1a: Dragonite
|-damage|p1a: Dragonite|0 fnt
|faint|p1a: Dragonite
|
|upkeep
|
|t:|1746402532
|switch|p1a: Garchomp|Garchomp, F|100/100
|turn|15
|
|t:|1746402536
|move|p2a: Kyurem|Outrage|p1a: Garchomp|[from] lockedmove
|-supereffective|p1a: Garchomp
|-enditem|p1a: Garchomp|Focus Sash
|-damage|p1a: Garchomp|1/100
|-damage|p2a: Kyurem|88/100|[from] ability: Rough Skin|[of] p1a: Garchomp
|move|p1a: Garchomp|Draco Meteor|p2a: Kyurem
|-supereffective|p2a: Kyurem
|-crit|p2a: Kyurem
|-damage|p2a: Kyurem|0 fnt
|-unboost|p1a: Garchomp|spa|2
|faint|p2a: Kyurem
|
|upkeep
|
|t:|1746402548
|switch|p2a: Excadrill|Excadrill, M|100/100
|-ability|p2a: Excadrill|Mold Breaker
|turn|16
|
|t:|1746402552
|move|p1a: Garchomp|Earthquake|p2a: Excadrill
|-supereffective|p2a: Excadrill
|-damage|p2a: Excadrill|0 fnt
|faint|p2a: Excadrill
|
|win|Bronzongsunderbell
|raw|Bronzongsunderbell's rating: 1412 &rarr; <strong>1432</strong><br />(+20 for winning)
|raw|TheSMZ's rating: 1406 &rarr; <strong>1386</strong><br />(-20 for losing)
|c|☆TheSMZ|gg
|l|☆TheSMZ
|player|p2|
|c|☆Bronzongsunderbell|Cryogonal
