|j|☆torte le magic
|j|☆decision makers
|t:|1749277657
|gametype|singles
|player|p1|torte le magic|elesa-masters|1402
|player|p2|decision makers|265|1532
|teamsize|p1|6
|teamsize|p2|6
|gen|5
|tier|[Gen 5] OU
|rated|
|rule|Species Clause: Limit one of each Pokémon
|rule|OHKO Clause: OHKO moves are banned
|rule|Moody Clause: Moody is banned
|rule|Evasion Items Clause: Evasion items are banned
|rule|Evasion Moves Clause: Evasion moves are banned
|rule|Endless Battle Clause: Forcing endless battles is banned
|rule|HP Percentage Mod: HP is shown in percentages
|rule|Evasion Abilities Clause: Evasion abilities are banned
|rule|Sleep Moves Clause: Sleep-inducing moves are banned
|rule|Swagger Clause: Swagger is banned
|rule|Baton Pass Stat Clause: No Baton Passer may have a way to boost its stats
|clearpoke
|poke|p1|Landorus-Therian, M|item
|poke|p1|Celebi|item
|poke|p1|Scizor, M|item
|poke|p1|Forretress, M|item
|poke|p1|Keldeo-Resolute|item
|poke|p1|Mew|item
|poke|p2|Rotom-Wash|item
|poke|p2|Skarmory, M|item
|poke|p2|Reuniclus, M|item
|poke|p2|Amoonguss, F|item
|poke|p2|Tyranitar, M|item
|poke|p2|Terrakion|item
|teampreview
|inactive|Battle timer is ON: inactive players will automatically lose when time's up. (requested by decision makers)
|c|☆torte le magic|gl hf
|c|☆decision makers|hf
|inactive|decision makers has 120 seconds left.
|
|t:|1749277693
|start
|switch|p1a: Mew|Mew|100/100
|switch|p2a: Rotom|Rotom-Wash|100/100
|turn|1
|
|t:|1749277697
|move|p1a: Mew|Taunt|p2a: Rotom
|-start|p2a: Rotom|move: Taunt
|cant|p2a: Rotom|move: Taunt|Will-O-Wisp
|
|upkeep
|turn|2
|
|t:|1749277705
|move|p1a: Mew|Night Shade|p2a: Rotom
|-damage|p2a: Rotom|68/100
|move|p2a: Rotom|Volt Switch|p1a: Mew
|-damage|p1a: Mew|80/100
|
|t:|1749277712
|switch|p2a: Tyranitar|Tyranitar, M, shiny|100/100|[from] Volt Switch
|-weather|Sandstorm|[from] ability: Sand Stream|[of] p2a: Tyranitar
|
|-weather|Sandstorm|[upkeep]
|-damage|p1a: Mew|74/100|[from] Sandstorm
|-heal|p1a: Mew|80/100|[from] item: Leftovers
|upkeep
|turn|3
|
|t:|1749277715
|move|p1a: Mew|Will-O-Wisp|p2a: Tyranitar
|-status|p2a: Tyranitar|brn
|move|p2a: Tyranitar|Crunch|p1a: Mew
|-supereffective|p1a: Mew
|-damage|p1a: Mew|52/100
|
|-weather|Sandstorm|[upkeep]
|-damage|p1a: Mew|46/100|[from] Sandstorm
|-heal|p1a: Mew|52/100|[from] item: Leftovers
|-damage|p2a: Tyranitar|88/100 brn|[from] brn
|upkeep
|turn|4
|
|t:|1749277725
|switch|p2a: Rotom|Rotom-Wash|68/100
|move|p1a: Mew|Taunt|p2a: Rotom
|-start|p2a: Rotom|move: Taunt
|
|-weather|Sandstorm|[upkeep]
|-damage|p1a: Mew|46/100|[from] Sandstorm
|-damage|p2a: Rotom|61/100|[from] Sandstorm
|-heal|p1a: Mew|52/100|[from] item: Leftovers
|-heal|p2a: Rotom|68/100|[from] item: Leftovers
|upkeep
|turn|5
|
|t:|1749277736
|move|p1a: Mew|Roost|p1a: Mew
|-heal|p1a: Mew|100/100
|-singleturn|p1a: Mew|move: Roost
|move|p2a: Rotom|Volt Switch|p1a: Mew
|-damage|p1a: Mew|77/100
|
|t:|1749277745
|switch|p2a: Amoonguss|Amoonguss, F, shiny|100/100|[from] Volt Switch
|
|-weather|Sandstorm|[upkeep]
|-damage|p1a: Mew|71/100|[from] Sandstorm
|-damage|p2a: Amoonguss|94/100|[from] Sandstorm
|-heal|p1a: Mew|77/100|[from] item: Leftovers
|-heal|p2a: Amoonguss|100/100|[from] item: Black Sludge
|upkeep
|turn|6
|
|t:|1749277757
|switch|p1a: Forretress|Forretress, M|100/100
|move|p2a: Amoonguss|Sludge Bomb|p1a: Forretress
|-immune|p1a: Forretress
|
|-weather|Sandstorm|[upkeep]
|-damage|p2a: Amoonguss|94/100|[from] Sandstorm
|-heal|p2a: Amoonguss|100/100|[from] item: Black Sludge
|upkeep
|turn|7
|
|t:|1749277766
|switch|p2a: Skarmory|Skarmory, M|100/100
|switch|p1a: Celebi|Celebi|100/100
|
|-weather|Sandstorm|[upkeep]
|-damage|p1a: Celebi|94/100|[from] Sandstorm
|-heal|p1a: Celebi|100/100|[from] item: Leftovers
|upkeep
|turn|8
|
|t:|1749277770
|switch|p1a: Forretress|Forretress, M|100/100
|move|p2a: Skarmory|Spikes|p1a: Forretress
|-sidestart|p1: torte le magic|Spikes
|
|-weather|Sandstorm|[upkeep]
|upkeep
|turn|9
|
|t:|1749277774
|move|p2a: Skarmory|Brave Bird|p1a: Forretress
|-damage|p1a: Forretress|83/100
|-damage|p2a: Skarmory|94/100|[from] Recoil
|move|p1a: Forretress|Spikes|p2a: Skarmory
|-sidestart|p2: decision makers|Spikes
|
|-weather|Sandstorm|[upkeep]
|-heal|p2a: Skarmory|99/100|[from] item: Leftovers
|-heal|p1a: Forretress|89/100|[from] item: Leftovers
|upkeep
|turn|10
|
|t:|1749277784
|switch|p2a: Rotom|Rotom-Wash|68/100
|move|p1a: Forretress|Rapid Spin|p2a: Rotom
|-crit|p2a: Rotom
|-damage|p2a: Rotom|59/100
|-sideend|p1: torte le magic|Spikes|[from] move: Rapid Spin|[of] p1a: Forretress
|
|-weather|Sandstorm|[upkeep]
|-damage|p2a: Rotom|52/100|[from] Sandstorm
|-heal|p2a: Rotom|59/100|[from] item: Leftovers
|-heal|p1a: Forretress|95/100|[from] item: Leftovers
|upkeep
|turn|11
|
|t:|1749277786
|switch|p1a: Celebi|Celebi|100/100
|move|p2a: Rotom|Volt Switch|p1a: Celebi
|-resisted|p1a: Celebi
|-damage|p1a: Celebi|92/100
|
|t:|1749277798
|switch|p2a: Terrakion|Terrakion, shiny|100/100|[from] Volt Switch
|-damage|p2a: Terrakion|88/100|[from] Spikes
|
|-weather|Sandstorm|[upkeep]
|-damage|p1a: Celebi|86/100|[from] Sandstorm
|-heal|p1a: Celebi|92/100|[from] item: Leftovers
|upkeep
|turn|12
|
|t:|1749277807
|switch|p1a: Landorus|Landorus-Therian, M|100/100
|-ability|p1a: Landorus|Intimidate|boost
|-unboost|p2a: Terrakion|atk|1
|move|p2a: Terrakion|X-Scissor|p1a: Landorus
|-resisted|p1a: Landorus
|-damage|p1a: Landorus|92/100
|
|-weather|Sandstorm|[upkeep]
|-heal|p1a: Landorus|98/100|[from] item: Leftovers
|upkeep
|turn|13
|
|t:|1749277822
|switch|p2a: Skarmory|Skarmory, M|99/100
|move|p1a: Landorus|Stealth Rock|p2a: Skarmory
|-sidestart|p2: decision makers|move: Stealth Rock
|
|-weather|Sandstorm|[upkeep]
|-heal|p1a: Landorus|100/100|[from] item: Leftovers
|-heal|p2a: Skarmory|100/100|[from] item: Leftovers
|upkeep
|turn|14
|
|t:|1749277827
|move|p1a: Landorus|Knock Off|p2a: Skarmory
|-resisted|p2a: Skarmory
|-damage|p2a: Skarmory|98/100
|-enditem|p2a: Skarmory|Leftovers|[from] move: Knock Off|[of] p1a: Landorus
|move|p2a: Skarmory|Spikes|p1a: Landorus
|-sidestart|p1: torte le magic|Spikes
|
|-weather|Sandstorm|[upkeep]
|upkeep
|turn|15
|c|☆decision makers|lad is so rigged I swear
|
|t:|1749277854
|switch|p1a: Mew|Mew|77/100
|-damage|p1a: Mew|65/100|[from] Spikes
|move|p2a: Skarmory|Spikes|p1a: Mew
|-sidestart|p1: torte le magic|Spikes
|
|-weather|Sandstorm|[upkeep]
|-damage|p1a: Mew|59/100|[from] Sandstorm
|-heal|p1a: Mew|65/100|[from] item: Leftovers
|upkeep
|turn|16
|c|☆torte le magic|Yeah this is rough
|
|t:|1749277877
|switch|p2a: Tyranitar|Tyranitar, M, shiny|88/100 brn
|-damage|p2a: Tyranitar|76/100 brn|[from] Spikes
|-damage|p2a: Tyranitar|64/100 brn|[from] Stealth Rock
|move|p1a: Mew|Taunt|p2a: Tyranitar
|-start|p2a: Tyranitar|move: Taunt
|
|-weather|Sandstorm|[upkeep]
|-damage|p1a: Mew|59/100|[from] Sandstorm
|-heal|p1a: Mew|65/100|[from] item: Leftovers
|-damage|p2a: Tyranitar|51/100 brn|[from] brn
|upkeep
|turn|17
|c|☆decision makers|using for the first time this thing
|c|☆decision makers|facing stall break mew
|c|☆decision makers|lol
|
|t:|1749277896
|switch|p2a: Amoonguss|Amoonguss, F, shiny|100/100
|-damage|p2a: Amoonguss|88/100|[from] Spikes
|-damage|p2a: Amoonguss|75/100|[from] Stealth Rock
|move|p1a: Mew|Roost|p1a: Mew
|-heal|p1a: Mew|100/100
|-singleturn|p1a: Mew|move: Roost
|
|-weather|Sandstorm|[upkeep]
|-damage|p1a: Mew|94/100|[from] Sandstorm
|-damage|p2a: Amoonguss|69/100|[from] Sandstorm
|-heal|p1a: Mew|100/100|[from] item: Leftovers
|-heal|p2a: Amoonguss|75/100|[from] item: Black Sludge
|upkeep
|turn|18
|
|t:|1749277906
|switch|p1a: Forretress|Forretress, M|95/100
|-damage|p1a: Forretress|78/100|[from] Spikes
|move|p2a: Amoonguss|Stun Spore|p1a: Forretress
|-status|p1a: Forretress|par
|
|-weather|Sandstorm|[upkeep]
|-damage|p2a: Amoonguss|69/100|[from] Sandstorm
|-heal|p2a: Amoonguss|75/100|[from] item: Black Sludge
|-heal|p1a: Forretress|85/100 par|[from] item: Leftovers
|upkeep
|turn|19
|
|t:|1749277911
|switch|p2a: Reuniclus|Reuniclus, M, shiny|100/100
|move|p1a: Forretress|Rapid Spin|p2a: Reuniclus
|-damage|p2a: Reuniclus|97/100
|-sideend|p1: torte le magic|Spikes|[from] move: Rapid Spin|[of] p1a: Forretress
|
|-weather|Sandstorm|[upkeep]
|-heal|p2a: Reuniclus|100/100|[from] item: Leftovers
|-heal|p1a: Forretress|91/100 par|[from] item: Leftovers
|upkeep
|turn|20
|
|t:|1749277921
|switch|p1a: Mew|Mew|100/100
|move|p2a: Reuniclus|Calm Mind|p2a: Reuniclus
|-boost|p2a: Reuniclus|spa|1
|-boost|p2a: Reuniclus|spd|1
|
|-weather|Sandstorm|[upkeep]
|-damage|p1a: Mew|94/100|[from] Sandstorm
|-heal|p1a: Mew|100/100|[from] item: Leftovers
|upkeep
|turn|21
|
|t:|1749277924
|move|p1a: Mew|Night Shade|p2a: Reuniclus
|-damage|p2a: Reuniclus|77/100
|move|p2a: Reuniclus|Psyshock|p1a: Mew
|-resisted|p1a: Mew
|-damage|p1a: Mew|83/100
|
|-weather|Sandstorm|[upkeep]
|-damage|p1a: Mew|77/100|[from] Sandstorm
|-heal|p1a: Mew|83/100|[from] item: Leftovers
|-heal|p2a: Reuniclus|83/100|[from] item: Leftovers
|upkeep
|turn|22
|
|t:|1749277931
|move|p1a: Mew|Taunt|p2a: Reuniclus
|-start|p2a: Reuniclus|move: Taunt
|move|p2a: Reuniclus|Psyshock|p1a: Mew
|-resisted|p1a: Mew
|-crit|p1a: Mew
|-damage|p1a: Mew|49/100
|
|-weather|Sandstorm|[upkeep]
|-damage|p1a: Mew|43/100|[from] Sandstorm
|-heal|p1a: Mew|49/100|[from] item: Leftovers
|-heal|p2a: Reuniclus|89/100|[from] item: Leftovers
|upkeep
|turn|23
|
|t:|1749277933
|move|p1a: Mew|Roost|p1a: Mew
|-heal|p1a: Mew|99/100
|-singleturn|p1a: Mew|move: Roost
|move|p2a: Reuniclus|Psyshock|p1a: Mew
|-resisted|p1a: Mew
|-damage|p1a: Mew|83/100
|
|-weather|Sandstorm|[upkeep]
|-damage|p1a: Mew|76/100|[from] Sandstorm
|-heal|p1a: Mew|83/100|[from] item: Leftovers
|-heal|p2a: Reuniclus|95/100|[from] item: Leftovers
|upkeep
|turn|24
|
|t:|1749277937
|move|p1a: Mew|Night Shade|p2a: Reuniclus
|-damage|p2a: Reuniclus|72/100
|move|p2a: Reuniclus|Psyshock|p1a: Mew
|-resisted|p1a: Mew
|-damage|p1a: Mew|65/100
|
|-weather|Sandstorm|[upkeep]
|-damage|p1a: Mew|59/100|[from] Sandstorm
|-heal|p1a: Mew|65/100|[from] item: Leftovers
|-heal|p2a: Reuniclus|78/100|[from] item: Leftovers
|-end|p2a: Reuniclus|move: Taunt
|upkeep
|turn|25
|
|t:|1749277942
|move|p1a: Mew|Taunt|p2a: Reuniclus
|-start|p2a: Reuniclus|move: Taunt
|cant|p2a: Reuniclus|move: Taunt|Calm Mind
|
|-weather|Sandstorm|[upkeep]
|-damage|p1a: Mew|59/100|[from] Sandstorm
|-heal|p1a: Mew|65/100|[from] item: Leftovers
|-heal|p2a: Reuniclus|84/100|[from] item: Leftovers
|upkeep
|turn|26
|-message|decision makers forfeited.
|
|win|torte le magic
|raw|torte le magic's rating: 1402 &rarr; <strong>1429</strong><br />(+27 for winning)
|raw|decision makers's rating: 1532 &rarr; <strong>1505</strong><br />(-27 for losing)
|l|☆decision makers
|player|p2|
