|j|☆Rain Deathless
|j|☆Shad Yamino
|t:|1598227167
|player|p1|Rain Deathless|acetrainer-gen4dp|1384
|player|p2|Shad Yamino|flint|1339
|teamsize|p1|6
|teamsize|p2|6
|gametype|singles
|gen|5
|tier|[Gen 5] OU
|rated|
|clearpoke
|poke|p1|Politoed, M|item
|poke|p1|Jirachi|item
|poke|p1|Excadrill, F|item
|poke|p1|Keldeo-Resolute|item
|poke|p1|Starmie|item
|poke|p1|Dragonite, M|item
|poke|p2|Scizor, F|item
|poke|p2|Latios, M|item
|poke|p2|Breloom, F|item
|poke|p2|Excadrill, M|item
|poke|p2|Rotom-Wash|item
|poke|p2|Landorus-Therian, M|item
|rule|Species Clause: Limit one of each Pokémon
|rule|OHKO Clause: OHKO moves are banned
|rule|Moody Clause: Moody is banned
|rule|Evasion Moves Clause: Evasion moves are banned
|rule|Endless Battle Clause: Forcing endless battles is banned
|rule|HP Percentage Mod: HP is shown in percentages
|rule|Evasion Abilities Clause: Evasion abilities are banned
|rule|Baton Pass Clause: Limit one Baton Passer, can't pass Spe and other stats simultaneously
|rule|Sleep Clause: Sleep-inducing moves are banned
|rule|Swagger Clause: Swagger is banned
|teampreview
|c|☆Rain Deathless|hm
|c|☆Rain Deathless|sand team without sand
|
|t:|1598227199
|start
|switch|p1a: Rachi|Jirachi|100/100
|switch|p2a: Rotom|Rotom-Wash|100/100
|turn|1
|
|t:|1598227210
|move|p1a: Rachi|Substitute|p1a: Rachi
|-start|p1a: Rachi|Substitute
|-damage|p1a: Rachi|75/100
|move|p2a: Rotom|Volt Switch|p1a: Rachi
|-end|p1a: Rachi|Substitute
|
|t:|1598227218
|switch|p2a: Landorus|Landorus-Therian, M|100/100|[from]move: Volt Switch
|-ability|p2a: Landorus|Intimidate|boost
|-unboost|p1a: Rachi|atk|1
|
|-heal|p1a: Rachi|82/100|[from] item: Leftovers
|upkeep
|turn|2
|c|☆Rain Deathless|yep u turn me
|
|t:|1598227230
|switch|p1a: Dragoon|Dragonite, M|100/100
|move|p2a: Landorus|U-turn|p1a: Dragoon
|-resisted|p1a: Dragoon
|-damage|p1a: Dragoon|94/100
|
|t:|1598227248
|switch|p2a: Latios|Latios, M|100/100|[from]move: U-turn
|
|-heal|p1a: Dragoon|99/100|[from] item: Leftovers
|upkeep
|turn|3
|
|t:|1598227257
|switch|p1a: Rachi|Jirachi|82/100
|move|p2a: Latios|Draco Meteor|p1a: Rachi
|-resisted|p1a: Rachi
|-crit|p1a: Rachi
|-damage|p1a: Rachi|1/100
|-unboost|p2a: Latios|spa|2
|-damage|p2a: Latios|91/100|[from] item: Life Orb
|
|-heal|p1a: Rachi|7/100|[from] item: Leftovers
|upkeep
|turn|4
|
|t:|1598227268
|move|p2a: Latios|Draco Meteor|p1a: Rachi
|-resisted|p1a: Rachi
|-damage|p1a: Rachi|0 fnt
|-unboost|p2a: Latios|spa|2
|-damage|p2a: Latios|81/100|[from] item: Life Orb
|faint|p1a: Rachi
|
|upkeep
|c|☆Rain Deathless|gg
|
|t:|1598227275
|switch|p1a: Prince|Politoed, M, shiny|100/100
|-weather|RainDance|[from] ability: Drizzle|[of] p1a: Prince
|turn|5
|
|t:|1598227282
|switch|p2a: Rotom|Rotom-Wash|100/100
|switch|p1a: Dragoon|Dragonite, M|99/100
|
|-weather|RainDance|[upkeep]
|-heal|p1a: Dragoon|100/100|[from] item: Leftovers
|upkeep
|turn|6
|
|t:|1598227288
|move|p2a: Rotom|Trick|p1a: Dragoon
|-activate|p2a: Rotom|move: Trick|[of] p1a: Dragoon
|-item|p1a: Dragoon|Choice Specs|[from] move: Trick
|-item|p2a: Rotom|Leftovers|[from] move: Trick
|move|p1a: Dragoon|Substitute|p1a: Dragoon
|-start|p1a: Dragoon|Substitute
|-damage|p1a: Dragoon|75/100
|
|-weather|RainDance|[upkeep]
|upkeep
|turn|7
|c|☆Rain Deathless|GG
|c|☆Rain Deathless|lol
|c|☆Rain Deathless|nuts
|-message|Rain Deathless forfeited.
|
|win|Shad Yamino
|l|☆Rain Deathless
|raw|Rain Deathless's rating: 1384 &rarr; <strong>1361</strong><br />(-23 for losing)
|raw|Shad Yamino's rating: 1339 &rarr; <strong>1361</strong><br />(+22 for winning)
