|j|☆Lancer MK
|j|☆LTEZ Kellogs
|player|p1|Lancer MK|tucker-gen3
|player|p2|LTEZ Kellogs|pokemonbreeder-gen3
|teamsize|p1|6
|teamsize|p2|6
|gametype|singles
|gen|5
|tier|[Gen 5] OU
|rated|
|rule|Sleep Clause Mod: Limit one foe put to sleep
|rule|Species Clause: Limit one of each Pokémon
|rule|OHKO Clause: OHKO moves are banned
|rule|Moody Clause: Moody is banned
|rule|Evasion Moves Clause: Evasion moves are banned
|rule|Endless Battle Clause: Forcing endless battles is banned
|rule|HP Percentage Mod: HP is shown in percentages
|rule|Evasion Abilities Clause: Evasion abilities are banned
|rule|Baton Pass Clause: Limit one Baton Passer, can't pass Spe and other stats simultaneously
|rule|Swagger Clause: Swagger is banned
|clearpoke
|poke|p1|Landorus-Therian, M|item
|poke|p1|Breloom, F|item
|poke|p1|Conkeldurr, F|item
|poke|p1|Cloyster, M|item
|poke|p1|Espeon, F|item
|poke|p1|Empoleon, M|item
|poke|p2|Excadrill, M|item
|poke|p2|Terrakion|item
|poke|p2|Tyranitar, F|item
|poke|p2|Rotom-Wash|item
|poke|p2|Amoonguss, M|item
|poke|p2|Skarmory, M|item
|teampreview
|
|start
|switch|p1a: Landorus|Landorus-Therian, M|100/100
|switch|p2a: Rotom|Rotom-Wash|100/100
|-ability|p1a: Landorus|Intimidate|boost
|-unboost|p2a: Rotom|atk|1
|turn|1
|
|move|p1a: Landorus|Explosion|p2a: Rotom
|-damage|p2a: Rotom|5/100
|faint|p1a: Landorus
|move|p2a: Rotom|Hydro Pump|p1: Landorus|[notarget]
|-fail|p2a: Rotom
|
|-heal|p2a: Rotom|11/100|[from] item: Leftovers
|upkeep
|
|switch|p1a: Espeon|Espeon, F|100/100
|turn|2
|
|switch|p2a: Tyranitar|Tyranitar, F|100/100
|-weather|Sandstorm|[from] ability: Sand Stream|[of] p2a: Tyranitar
|move|p1a: Espeon|Reflect|p1a: Espeon
|-sidestart|p1: Lancer MK|Reflect
|
|-weather|Sandstorm|[upkeep]
|-damage|p1a: Espeon|94/100|[from] Sandstorm
|upkeep
|turn|3
|
|move|p1a: Espeon|Light Screen|p1a: Espeon
|-sidestart|p1: Lancer MK|move: Light Screen
|move|p2a: Tyranitar|Crunch|p1a: Espeon
|-supereffective|p1a: Espeon
|-damage|p1a: Espeon|33/100
|
|-weather|Sandstorm|[upkeep]
|-damage|p1a: Espeon|27/100|[from] Sandstorm
|upkeep
|turn|4
|
|move|p1a: Espeon|Baton Pass|p1a: Espeon
|inactive|Battle timer is ON: inactive players will automatically lose when time's up. (requested by Lancer MK)
|
|switch|p1a: Conkeldurr|Conkeldurr, F|100/100
|move|p2a: Tyranitar|Crunch|p1a: Conkeldurr
|-resisted|p1a: Conkeldurr
|-damage|p1a: Conkeldurr|91/100
|
|-weather|Sandstorm|[upkeep]
|-damage|p1a: Conkeldurr|85/100|[from] Sandstorm
|-status|p1a: Conkeldurr|brn|[from] item: Flame Orb
|upkeep
|turn|5
|
|switch|p2a: Rotom|Rotom-Wash|11/100
|move|p1a: Conkeldurr|Drain Punch|p2a: Rotom
|-damage|p2a: Rotom|0 fnt
|-heal|p1a: Conkeldurr|89/100 brn|[from] drain|[of] p2a: Rotom
|faint|p2a: Rotom
|
|-weather|Sandstorm|[upkeep]
|-damage|p1a: Conkeldurr|83/100 brn|[from] Sandstorm
|-damage|p1a: Conkeldurr|71/100 brn|[from] brn
|upkeep
|inactive|LTEZ Kellogs has 120 seconds left.
|
|switch|p2a: Skarmory|Skarmory, M|100/100
|turn|6
|
|move|p1a: Conkeldurr|Drain Punch|p2a: Skarmory
|-damage|p2a: Skarmory|47/100
|-heal|p1a: Conkeldurr|94/100 brn|[from] drain|[of] p2a: Skarmory
|move|p2a: Skarmory|Whirlwind|p1a: Conkeldurr
|drag|p1a: Cloyster|Cloyster, M|100/100
|
|-weather|Sandstorm|[upkeep]
|-damage|p1a: Cloyster|94/100|[from] Sandstorm
|-heal|p2a: Skarmory|53/100|[from] item: Leftovers
|upkeep
|turn|7
|inactive|LTEZ Kellogs has 120 seconds left.
|
|switch|p1a: Conkeldurr|Conkeldurr, F|94/100 brn
|move|p2a: Skarmory|Whirlwind|p1a: Conkeldurr
|drag|p1a: Espeon|Espeon, F|27/100
|
|-weather|Sandstorm|[upkeep]
|-damage|p1a: Espeon|21/100|[from] Sandstorm
|-heal|p2a: Skarmory|60/100|[from] item: Leftovers
|upkeep
|turn|8
|
|move|p1a: Espeon|Baton Pass|p1a: Espeon
|
|switch|p1a: Conkeldurr|Conkeldurr, F|94/100 brn
|move|p2a: Skarmory|Whirlwind|p1a: Conkeldurr
|drag|p1a: Cloyster|Cloyster, M|94/100
|
|-weather|Sandstorm|[upkeep]
|-damage|p1a: Cloyster|88/100|[from] Sandstorm
|-heal|p2a: Skarmory|66/100|[from] item: Leftovers
|upkeep
|turn|9
|
|move|p1a: Cloyster|Icicle Spear|p2a: Skarmory
|-damage|p2a: Skarmory|57/100
|-damage|p2a: Skarmory|49/100
|-damage|p2a: Skarmory|42/100
|-damage|p2a: Skarmory|33/100
|-damage|p2a: Skarmory|25/100
|-hitcount|p2a: Skarmory|5
|move|p2a: Skarmory|Whirlwind|p1a: Cloyster
|drag|p1a: Empoleon|Empoleon, M|100/100
|
|-weather|Sandstorm|[upkeep]
|-heal|p2a: Skarmory|31/100|[from] item: Leftovers
|-sideend|p1: Lancer MK|Reflect
|upkeep
|turn|10
|
|switch|p2a: Amoonguss|Amoonguss, M|100/100
|move|p1a: Empoleon|Surf|p2a: Amoonguss
|-resisted|p2a: Amoonguss
|-damage|p2a: Amoonguss|79/100
|-damage|p1a: Empoleon|91/100|[from] item: Life Orb
|
|-weather|Sandstorm|[upkeep]
|-damage|p2a: Amoonguss|73/100|[from] Sandstorm
|-heal|p2a: Amoonguss|79/100|[from] item: Black Sludge
|-sideend|p1: Lancer MK|move: Light Screen
|upkeep
|turn|11
|
|switch|p1a: Espeon|Espeon, F|21/100
|move|p2a: Amoonguss|Giga Drain|p1a: Espeon
|-damage|p1a: Espeon|0 fnt
|-heal|p2a: Amoonguss|87/100|[from] drain|[of] p1a: Espeon
|faint|p1a: Espeon
|
|-weather|Sandstorm|[upkeep]
|-damage|p2a: Amoonguss|81/100|[from] Sandstorm
|-heal|p2a: Amoonguss|87/100|[from] item: Black Sludge
|upkeep
|
|switch|p1a: Cloyster|Cloyster, M|88/100
|turn|12
|
|move|p1a: Cloyster|Icicle Spear|p2a: Amoonguss
|-supereffective|p2a: Amoonguss
|-damage|p2a: Amoonguss|65/100
|-supereffective|p2a: Amoonguss
|-damage|p2a: Amoonguss|44/100
|-supereffective|p2a: Amoonguss
|-damage|p2a: Amoonguss|20/100
|-supereffective|p2a: Amoonguss
|-damage|p2a: Amoonguss|0 fnt
|-hitcount|p2a: Amoonguss|4
|faint|p2a: Amoonguss
|
|-weather|Sandstorm|[upkeep]
|-damage|p1a: Cloyster|82/100|[from] Sandstorm
|upkeep
|
|switch|p2a: Terrakion|Terrakion|100/100
|turn|13
|
|move|p1a: Cloyster|Ice Shard|p2a: Terrakion
|-damage|p2a: Terrakion|82/100
|move|p2a: Terrakion|Close Combat|p1a: Cloyster
|-supereffective|p1a: Cloyster
|-damage|p1a: Cloyster|0 fnt
|-unboost|p2a: Terrakion|def|1
|-unboost|p2a: Terrakion|spd|1
|faint|p1a: Cloyster
|
|-weather|Sandstorm|[upkeep]
|upkeep
|
|switch|p1a: Conkeldurr|Conkeldurr, F|94/100 brn
|turn|14
|
|switch|p2a: Skarmory|Skarmory, M|31/100
|move|p1a: Conkeldurr|Mach Punch|p2a: Skarmory
|-damage|p2a: Skarmory|5/100
|
|-weather|Sandstorm|[upkeep]
|-damage|p1a: Conkeldurr|88/100 brn|[from] Sandstorm
|-heal|p2a: Skarmory|11/100|[from] item: Leftovers
|-damage|p1a: Conkeldurr|76/100 brn|[from] brn
|upkeep
|turn|15
|
|move|p1a: Conkeldurr|Mach Punch|p2a: Skarmory
|-damage|p2a: Skarmory|0 fnt
|faint|p2a: Skarmory
|
|-weather|Sandstorm|[upkeep]
|-damage|p1a: Conkeldurr|70/100 brn|[from] Sandstorm
|-damage|p1a: Conkeldurr|58/100 brn|[from] brn
|upkeep
|
|switch|p2a: Excadrill|Excadrill, M|100/100
|-ability|p2a: Excadrill|Mold Breaker
|turn|16
|
|move|p1a: Conkeldurr|Mach Punch|p2a: Excadrill
|-supereffective|p2a: Excadrill
|-damage|p2a: Excadrill|0 fnt
|faint|p2a: Excadrill
|
|-weather|Sandstorm|[upkeep]
|-damage|p1a: Conkeldurr|52/100 brn|[from] Sandstorm
|-damage|p1a: Conkeldurr|39/100 brn|[from] brn
|upkeep
|
|switch|p2a: Terrakion|Terrakion|82/100
|turn|17
|c|☆Lancer MK|conkeldurr is so good
|
|move|p2a: Terrakion|Quick Attack|p1a: Conkeldurr
|-damage|p1a: Conkeldurr|18/100 brn
|move|p1a: Conkeldurr|Mach Punch|p2a: Terrakion
|-supereffective|p2a: Terrakion
|-damage|p2a: Terrakion|4/100
|
|-weather|Sandstorm|[upkeep]
|-damage|p1a: Conkeldurr|12/100 brn|[from] Sandstorm
|-damage|p1a: Conkeldurr|0 fnt|[from] brn
|faint|p1a: Conkeldurr
|upkeep
|
|switch|p1a: Breloom|Breloom, F|100/100
|turn|18
|
|switch|p2a: Tyranitar|Tyranitar, F|100/100
|move|p1a: Breloom|Mach Punch|p2a: Tyranitar
|-enditem|p1a: Breloom|Fighting Gem|[from] gem|[move] Mach Punch
|-supereffective|p2a: Tyranitar
|-enditem|p2a: Tyranitar|Chople Berry|[eat]
|-enditem|p2a: Tyranitar|Chople Berry|[weaken]
|-damage|p2a: Tyranitar|22/100
|
|-weather|Sandstorm|[upkeep]
|-damage|p1a: Breloom|94/100|[from] Sandstorm
|upkeep
|turn|19
|
|move|p1a: Breloom|Mach Punch|p2a: Tyranitar
|-supereffective|p2a: Tyranitar
|-damage|p2a: Tyranitar|0 fnt
|faint|p2a: Tyranitar
|
|-weather|Sandstorm|[upkeep]
|-damage|p1a: Breloom|88/100|[from] Sandstorm
|upkeep
|
|switch|p2a: Terrakion|Terrakion|4/100
|turn|20
|
|move|p1a: Breloom|Mach Punch|p2a: Terrakion
|-supereffective|p2a: Terrakion
|-damage|p2a: Terrakion|0 fnt
|faint|p2a: Terrakion
|
|win|Lancer MK
|raw|Lancer MK's rating: 1276 &rarr; <strong>1309</strong><br />(+33 for winning)
|raw|LTEZ Kellogs's rating: 1395 &rarr; <strong>1368</strong><br />(-27 for losing)
