|j|☆anglemort33
|j|☆Xyzzy 1
|t:|1731243833
|gametype|singles
|player|p1|anglemort33|101|1305
|player|p2|Xyzzy 1|skier|1327
|teamsize|p1|6
|teamsize|p2|6
|gen|5
|tier|[Gen 5] OU
|rated|
|rule|Species Clause: Limit one of each Pokémon
|rule|OHKO Clause: OHKO moves are banned
|rule|Moody Clause: Moody is banned
|rule|Evasion Items Clause: Evasion items are banned
|rule|Evasion Moves Clause: Evasion moves are banned
|rule|Endless Battle Clause: Forcing endless battles is banned
|rule|HP Percentage Mod: HP is shown in percentages
|rule|Evasion Abilities Clause: Evasion abilities are banned
|rule|Sleep Moves Clause: Sleep-inducing moves are banned
|rule|Swagger Clause: Swagger is banned
|rule|Baton Pass Stat Clause: No Baton Passer may have a way to boost its stats
|clearpoke
|poke|p1|Tyranitar, M|item
|poke|p1|Skarmory, F|item
|poke|p1|Jellicent, F|item
|poke|p1|Latios, M|item
|poke|p1|Alakazam, M|item
|poke|p1|Gliscor, M|item
|poke|p2|Tyranitar, M|item
|poke|p2|Heatran, F|item
|poke|p2|Rotom-Wash|item
|poke|p2|Breloom, M|item
|poke|p2|Skarmory, M|item
|poke|p2|Alakazam, M|item
|teampreview
|inactive|Battle timer is ON: inactive players will automatically lose when time's up. (requested by Xyzzy 1)
|inactive|Xyzzy 1 has 120 seconds left.
|inactive|Xyzzy 1 has 90 seconds left.
|
|t:|1731243918
|start
|switch|p1a: Tyranitar|Tyranitar, M|100/100
|switch|p2a: Breloom|Breloom, M, shiny|100/100
|-weather|Sandstorm|[from] ability: Sand Stream|[of] p1a: Tyranitar
|turn|1
|inactive|Xyzzy 1 has 120 seconds left.
|
|t:|1731243947
|switch|p2a: Heatran|Heatran, F|100/100
|move|p1a: Tyranitar|Thunder Wave|p2a: Heatran
|-status|p2a: Heatran|par
|
|-weather|Sandstorm|[upkeep]
|upkeep
|turn|2
|inactive|Xyzzy 1 has 120 seconds left.
|
|t:|1731243954
|move|p1a: Tyranitar|Superpower|p2a: Heatran
|-supereffective|p2a: Heatran
|-damage|p2a: Heatran|17/100 par
|-unboost|p1a: Tyranitar|atk|1
|-unboost|p1a: Tyranitar|def|1
|move|p2a: Heatran|Substitute|p2a: Heatran
|-fail|p2a: Heatran|move: Substitute|[weak]
|
|-weather|Sandstorm|[upkeep]
|-heal|p2a: Heatran|24/100 par|[from] item: Leftovers
|upkeep
|turn|3
|
|t:|1731243964
|cant|p2a: Heatran|par
|move|p1a: Tyranitar|Superpower|p2a: Heatran
|-supereffective|p2a: Heatran
|-damage|p2a: Heatran|0 fnt
|-unboost|p1a: Tyranitar|atk|1
|-unboost|p1a: Tyranitar|def|1
|faint|p2a: Heatran
|
|-weather|Sandstorm|[upkeep]
|upkeep
|
|t:|1731243968
|switch|p2a: Breloom|Breloom, M, shiny|100/100
|turn|4
|
|t:|1731243974
|move|p2a: Breloom|Seed Bomb|p1a: Tyranitar
|-supereffective|p1a: Tyranitar
|-damage|p1a: Tyranitar|0 fnt
|faint|p1a: Tyranitar
|
|-weather|Sandstorm|[upkeep]
|-damage|p2a: Breloom|94/100|[from] Sandstorm
|-status|p2a: Breloom|tox|[from] item: Toxic Orb
|upkeep
|
|t:|1731243979
|switch|p1a: Skarmory|Skarmory, F|100/100
|turn|5
|
|t:|1731244002
|switch|p2a: Skarmory|Skarmory, M, shiny|100/100
|move|p1a: Skarmory|Brave Bird|p2a: Skarmory
|-resisted|p2a: Skarmory
|-damage|p2a: Skarmory|88/100
|-damage|p1a: Skarmory|96/100|[from] Recoil
|
|-weather|Sandstorm|[upkeep]
|-heal|p1a: Skarmory|100/100|[from] item: Leftovers
|-heal|p2a: Skarmory|94/100|[from] item: Leftovers
|upkeep
|turn|6
|
|t:|1731244027
|move|p2a: Skarmory|Spikes|p1a: Skarmory
|-sidestart|p1: anglemort33|Spikes
|move|p1a: Skarmory|Spikes|p2a: Skarmory
|-sidestart|p2: Xyzzy 1|Spikes
|
|-weather|Sandstorm|[upkeep]
|-heal|p2a: Skarmory|99/100|[from] item: Leftovers
|upkeep
|turn|7
|
|t:|1731244038
|switch|p1a: Gliscor|Gliscor, M|100/100
|move|p2a: Skarmory|Spikes|p1a: Gliscor
|-sidestart|p1: anglemort33|Spikes
|
|-weather|Sandstorm|[upkeep]
|-heal|p2a: Skarmory|100/100|[from] item: Leftovers
|-status|p1a: Gliscor|tox|[from] item: Toxic Orb
|upkeep
|turn|8
|
|t:|1731244043
|switch|p2a: Breloom|Breloom, M, shiny|94/100 tox
|-damage|p2a: Breloom|82/100 tox|[from] Spikes
|move|p1a: Gliscor|Stealth Rock|p2a: Breloom
|-sidestart|p2: Xyzzy 1|move: Stealth Rock
|
|-weather|Sandstorm|[upkeep]
|-damage|p2a: Breloom|75/100 tox|[from] Sandstorm
|-heal|p2a: Breloom|88/100 tox|[from] ability: Poison Heal
|upkeep
|turn|9
|
|t:|1731244057
|move|p1a: Gliscor|U-turn|p2a: Breloom
|-damage|p2a: Breloom|69/100 tox
|
|t:|1731244061
|switch|p1a: Skarmory|Skarmory, F|100/100|[from] U-turn
|move|p2a: Breloom|Drain Punch|p1a: Skarmory
|-damage|p1a: Skarmory|75/100
|-heal|p2a: Breloom|83/100 tox|[from] drain|[of] p1a: Skarmory
|
|-weather|Sandstorm|[upkeep]
|-damage|p2a: Breloom|76/100 tox|[from] Sandstorm
|-heal|p1a: Skarmory|81/100|[from] item: Leftovers
|-heal|p2a: Breloom|89/100 tox|[from] ability: Poison Heal
|upkeep
|turn|10
|
|t:|1731244072
|switch|p2a: Skarmory|Skarmory, M, shiny|100/100
|-damage|p2a: Skarmory|88/100|[from] Stealth Rock
|move|p1a: Skarmory|Brave Bird|p2a: Skarmory
|-resisted|p2a: Skarmory
|-damage|p2a: Skarmory|75/100
|-damage|p1a: Skarmory|77/100|[from] Recoil
|
|-weather|Sandstorm|[upkeep]
|-heal|p1a: Skarmory|83/100|[from] item: Leftovers
|-heal|p2a: Skarmory|81/100|[from] item: Leftovers
|upkeep
|turn|11
|
|t:|1731244080
|move|p1a: Skarmory|Spikes|p2a: Skarmory
|-sidestart|p2: Xyzzy 1|Spikes
|move|p2a: Skarmory|Spikes|p1a: Skarmory
|-sidestart|p1: anglemort33|Spikes
|
|-weather|Sandstorm|[upkeep]
|-heal|p2a: Skarmory|87/100|[from] item: Leftovers
|-heal|p1a: Skarmory|89/100|[from] item: Leftovers
|upkeep
|turn|12
|
|t:|1731244085
|move|p1a: Skarmory|Spikes|p2a: Skarmory
|-sidestart|p2: Xyzzy 1|Spikes
|move|p2a: Skarmory|Whirlwind|p1a: Skarmory
|drag|p1a: Jellicent|Jellicent, F|100/100
|-damage|p1a: Jellicent|76/100|[from] Spikes
|
|-weather|Sandstorm|[upkeep]
|-damage|p1a: Jellicent|69/100|[from] Sandstorm
|-heal|p1a: Jellicent|76/100|[from] item: Leftovers
|-heal|p2a: Skarmory|93/100|[from] item: Leftovers
|upkeep
|turn|13
|
|t:|1731244102
|switch|p2a: Breloom|Breloom, M, shiny|89/100 tox
|-damage|p2a: Breloom|64/100 tox|[from] Spikes
|-damage|p2a: Breloom|58/100 tox|[from] Stealth Rock
|move|p1a: Jellicent|Night Shade|p2a: Breloom
|-damage|p2a: Breloom|26/100 tox
|
|-weather|Sandstorm|[upkeep]
|-damage|p1a: Jellicent|69/100|[from] Sandstorm
|-damage|p2a: Breloom|20/100 tox|[from] Sandstorm
|-heal|p1a: Jellicent|76/100|[from] item: Leftovers
|-heal|p2a: Breloom|33/100 tox|[from] ability: Poison Heal
|upkeep
|turn|14
|
|t:|1731244111
|switch|p1a: Skarmory|Skarmory, F|89/100
|move|p2a: Breloom|Drain Punch|p1a: Skarmory
|-damage|p1a: Skarmory|64/100
|-heal|p2a: Breloom|45/100 tox|[from] drain|[of] p1a: Skarmory
|
|-weather|Sandstorm|[upkeep]
|-damage|p2a: Breloom|39/100 tox|[from] Sandstorm
|-heal|p1a: Skarmory|70/100|[from] item: Leftovers
|-heal|p2a: Breloom|52/100 tox|[from] ability: Poison Heal
|upkeep
|turn|15
|
|t:|1731244118
|move|p2a: Breloom|Protect|p2a: Breloom
|-singleturn|p2a: Breloom|Protect
|move|p1a: Skarmory|Brave Bird|p2a: Breloom
|-activate|p2a: Breloom|move: Protect
|
|-weather|Sandstorm|[upkeep]
|-damage|p2a: Breloom|45/100 tox|[from] Sandstorm
|-heal|p1a: Skarmory|76/100|[from] item: Leftovers
|-heal|p2a: Breloom|58/100 tox|[from] ability: Poison Heal
|upkeep
|turn|16
|
|t:|1731244125
|switch|p2a: Skarmory|Skarmory, M, shiny|93/100
|-damage|p2a: Skarmory|80/100|[from] Stealth Rock
|move|p1a: Skarmory|Brave Bird|p2a: Skarmory
|-resisted|p2a: Skarmory
|-damage|p2a: Skarmory|67/100
|-damage|p1a: Skarmory|72/100|[from] Recoil
|
|-weather|Sandstorm|[upkeep]
|-heal|p1a: Skarmory|78/100|[from] item: Leftovers
|-heal|p2a: Skarmory|73/100|[from] item: Leftovers
|upkeep
|turn|17
|
|t:|1731244130
|move|p2a: Skarmory|Roost|p2a: Skarmory
|-heal|p2a: Skarmory|100/100
|-singleturn|p2a: Skarmory|move: Roost
|move|p1a: Skarmory|Whirlwind|p2a: Skarmory
|drag|p2a: Rotom|Rotom-Wash, shiny|100/100
|-damage|p2a: Rotom|88/100|[from] Stealth Rock
|
|-weather|Sandstorm|[upkeep]
|-damage|p2a: Rotom|82/100|[from] Sandstorm
|-heal|p2a: Rotom|88/100|[from] item: Leftovers
|-heal|p1a: Skarmory|84/100|[from] item: Leftovers
|upkeep
|turn|18
|
|t:|1731244136
|move|p2a: Rotom|Hydro Pump|p1a: Skarmory|[miss]
|-miss|p2a: Rotom|p1a: Skarmory
|move|p1a: Skarmory|Roost|p1a: Skarmory
|-heal|p1a: Skarmory|100/100
|-singleturn|p1a: Skarmory|move: Roost
|
|-weather|Sandstorm|[upkeep]
|-damage|p2a: Rotom|82/100|[from] Sandstorm
|-heal|p2a: Rotom|88/100|[from] item: Leftovers
|upkeep
|turn|19
|
|t:|1731244149
|move|p2a: Rotom|Will-O-Wisp|p1a: Skarmory|[miss]
|-miss|p2a: Rotom|p1a: Skarmory
|move|p1a: Skarmory|Roost||[still]
|-fail|p1a: Skarmory|heal
|
|-weather|Sandstorm|[upkeep]
|-damage|p2a: Rotom|82/100|[from] Sandstorm
|-heal|p2a: Rotom|88/100|[from] item: Leftovers
|upkeep
|turn|20
|
|t:|1731244171
|switch|p1a: Latios|Latios, M|100/100
|move|p2a: Rotom|Hydro Pump|p1a: Latios|[miss]
|-miss|p2a: Rotom|p1a: Latios
|
|-weather|Sandstorm|[upkeep]
|-damage|p1a: Latios|95/100|[from] Sandstorm
|-damage|p2a: Rotom|82/100|[from] Sandstorm
|-heal|p2a: Rotom|88/100|[from] item: Leftovers
|upkeep
|turn|21
|c|☆Xyzzy 1|Lmao
|inactive|anglemort33 has 120 seconds left.
|
|t:|1731244191
|switch|p2a: Skarmory|Skarmory, M, shiny|100/100
|-damage|p2a: Skarmory|88/100|[from] Stealth Rock
|move|p1a: Latios|Surf|p2a: Skarmory
|-damage|p2a: Skarmory|60/100
|
|-weather|Sandstorm|[upkeep]
|-damage|p1a: Latios|89/100|[from] Sandstorm
|-heal|p2a: Skarmory|66/100|[from] item: Leftovers
|upkeep
|turn|22
|
|t:|1731244200
|move|p1a: Latios|Hidden Power|p2a: Skarmory
|-supereffective|p2a: Skarmory
|-damage|p2a: Skarmory|21/100
|move|p2a: Skarmory|Whirlwind|p1a: Latios
|drag|p1a: Gliscor|Gliscor, M|100/100 tox
|
|-weather|Sandstorm|[upkeep]
|-heal|p2a: Skarmory|27/100|[from] item: Leftovers
|upkeep
|turn|23
|inactive|anglemort33 has 120 seconds left.
|inactive|anglemort33 has 90 seconds left.
|
|t:|1731244254
|switch|p1a: Jellicent|Jellicent, F|76/100
|-damage|p1a: Jellicent|51/100|[from] Spikes
|move|p2a: Skarmory|Roost|p2a: Skarmory
|-heal|p2a: Skarmory|77/100
|-singleturn|p2a: Skarmory|move: Roost
|
|-weather|Sandstorm|[upkeep]
|-damage|p1a: Jellicent|45/100|[from] Sandstorm
|-heal|p1a: Jellicent|51/100|[from] item: Leftovers
|-heal|p2a: Skarmory|83/100|[from] item: Leftovers
|upkeep
|turn|24
|
|t:|1731244263
|switch|p2a: Breloom|Breloom, M, shiny|58/100 tox
|-damage|p2a: Breloom|33/100 tox|[from] Spikes
|-damage|p2a: Breloom|27/100 tox|[from] Stealth Rock
|move|p1a: Jellicent|Will-O-Wisp|p2a: Breloom|[miss]
|-miss|p1a: Jellicent|p2a: Breloom
|
|-weather|Sandstorm|[upkeep]
|-damage|p1a: Jellicent|45/100|[from] Sandstorm
|-damage|p2a: Breloom|20/100 tox|[from] Sandstorm
|-heal|p1a: Jellicent|51/100|[from] item: Leftovers
|-heal|p2a: Breloom|33/100 tox|[from] ability: Poison Heal
|upkeep
|turn|25
|
|t:|1731244273
|switch|p1a: Skarmory|Skarmory, F|100/100
|move|p2a: Breloom|Seed Bomb|p1a: Skarmory
|-resisted|p1a: Skarmory
|-damage|p1a: Skarmory|94/100
|
|-weather|Sandstorm|[upkeep]
|-damage|p2a: Breloom|27/100 tox|[from] Sandstorm
|-heal|p1a: Skarmory|99/100|[from] item: Leftovers
|-heal|p2a: Breloom|39/100 tox|[from] ability: Poison Heal
|upkeep
|turn|26
|
|t:|1731244280
|move|p2a: Breloom|Protect|p2a: Breloom
|-singleturn|p2a: Breloom|Protect
|move|p1a: Skarmory|Whirlwind|p2a: Breloom
|-activate|p2a: Breloom|move: Protect
|
|-weather|Sandstorm|[upkeep]
|-damage|p2a: Breloom|33/100 tox|[from] Sandstorm
|-heal|p1a: Skarmory|100/100|[from] item: Leftovers
|-heal|p2a: Breloom|45/100 tox|[from] ability: Poison Heal
|upkeep
|turn|27
|
|t:|1731244286
|switch|p2a: Skarmory|Skarmory, M, shiny|83/100
|-damage|p2a: Skarmory|71/100|[from] Stealth Rock
|move|p1a: Skarmory|Brave Bird|p2a: Skarmory
|-resisted|p2a: Skarmory
|-damage|p2a: Skarmory|58/100
|-damage|p1a: Skarmory|96/100|[from] Recoil
|
|-weather|Sandstorm|[upkeep]
|-heal|p2a: Skarmory|64/100|[from] item: Leftovers
|-heal|p1a: Skarmory|100/100|[from] item: Leftovers
|upkeep
|turn|28
|
|t:|1731244290
|move|p2a: Skarmory|Roost|p2a: Skarmory
|-heal|p2a: Skarmory|100/100
|-singleturn|p2a: Skarmory|move: Roost
|move|p1a: Skarmory|Whirlwind|p2a: Skarmory
|drag|p2a: Tyranitar|Tyranitar, M|100/100
|-damage|p2a: Tyranitar|76/100|[from] Spikes
|-damage|p2a: Tyranitar|63/100|[from] Stealth Rock
|
|-weather|Sandstorm|[upkeep]
|upkeep
|turn|29
|inactive|anglemort33 has 120 seconds left.
|
|t:|1731244310
|move|p2a: Tyranitar|Stealth Rock|p1a: Skarmory
|-sidestart|p1: anglemort33|move: Stealth Rock
|move|p1a: Skarmory|Whirlwind|p2a: Tyranitar
|drag|p2a: Skarmory|Skarmory, M, shiny|100/100
|-damage|p2a: Skarmory|88/100|[from] Stealth Rock
|
|-weather|Sandstorm|[upkeep]
|-heal|p2a: Skarmory|94/100|[from] item: Leftovers
|upkeep
|turn|30
|
|t:|1731244315
|move|p1a: Skarmory|Whirlwind|p2a: Skarmory
|drag|p2a: Breloom|Breloom, M, shiny|45/100 tox
|-damage|p2a: Breloom|20/100 tox|[from] Spikes
|-damage|p2a: Breloom|14/100 tox|[from] Stealth Rock
|
|-weather|Sandstorm|[upkeep]
|-damage|p2a: Breloom|8/100 tox|[from] Sandstorm
|-heal|p2a: Breloom|20/100 tox|[from] ability: Poison Heal
|upkeep
|turn|31
|
|t:|1731244318
|move|p2a: Breloom|Protect|p2a: Breloom
|-singleturn|p2a: Breloom|Protect
|move|p1a: Skarmory|Brave Bird|p2a: Breloom
|-activate|p2a: Breloom|move: Protect
|
|-weather|Sandstorm|[upkeep]
|-damage|p2a: Breloom|14/100 tox|[from] Sandstorm
|-heal|p2a: Breloom|27/100 tox|[from] ability: Poison Heal
|upkeep
|turn|32
|
|t:|1731244330
|move|p2a: Breloom|Protect||[still]
|-fail|p2a: Breloom
|move|p1a: Skarmory|Brave Bird|p2a: Breloom
|-supereffective|p2a: Breloom
|-crit|p2a: Breloom
|-damage|p2a: Breloom|0 fnt
|faint|p2a: Breloom
|-damage|p1a: Skarmory|92/100|[from] Recoil
|
|-weather|Sandstorm|[upkeep]
|-heal|p1a: Skarmory|98/100|[from] item: Leftovers
|upkeep
|
|t:|1731244337
|switch|p2a: Rotom|Rotom-Wash, shiny|88/100
|-damage|p2a: Rotom|75/100|[from] Stealth Rock
|turn|33
|inactive|anglemort33 has 120 seconds left.
|
|t:|1731244368
|move|p2a: Rotom|Will-O-Wisp|p1a: Skarmory|[miss]
|-miss|p2a: Rotom|p1a: Skarmory
|move|p1a: Skarmory|Whirlwind|p2a: Rotom
|drag|p2a: Alakazam|Alakazam, M|100/100
|
|-weather|Sandstorm|[upkeep]
|-heal|p1a: Skarmory|100/100|[from] item: Leftovers
|upkeep
|turn|34
|
|t:|1731244377
|switch|p2a: Skarmory|Skarmory, M, shiny|94/100
|-damage|p2a: Skarmory|82/100|[from] Stealth Rock
|move|p1a: Skarmory|Brave Bird|p2a: Skarmory
|-resisted|p2a: Skarmory
|-damage|p2a: Skarmory|68/100
|-damage|p1a: Skarmory|96/100|[from] Recoil
|
|-weather|Sandstorm|[upkeep]
|-heal|p1a: Skarmory|100/100|[from] item: Leftovers
|-heal|p2a: Skarmory|74/100|[from] item: Leftovers
|upkeep
|turn|35
|
|t:|1731244379
|move|p2a: Skarmory|Roost|p2a: Skarmory
|-heal|p2a: Skarmory|100/100
|-singleturn|p2a: Skarmory|move: Roost
|move|p1a: Skarmory|Whirlwind|p2a: Skarmory
|drag|p2a: Rotom|Rotom-Wash, shiny|75/100
|-damage|p2a: Rotom|63/100|[from] Stealth Rock
|
|-weather|Sandstorm|[upkeep]
|-damage|p2a: Rotom|57/100|[from] Sandstorm
|-heal|p2a: Rotom|63/100|[from] item: Leftovers
|upkeep
|turn|36
|
|t:|1731244385
|move|p2a: Rotom|Will-O-Wisp|p1a: Skarmory|[miss]
|-miss|p2a: Rotom|p1a: Skarmory
|move|p1a: Skarmory|Whirlwind|p2a: Rotom
|drag|p2a: Skarmory|Skarmory, M, shiny|100/100
|-damage|p2a: Skarmory|88/100|[from] Stealth Rock
|
|-weather|Sandstorm|[upkeep]
|-heal|p2a: Skarmory|94/100|[from] item: Leftovers
|upkeep
|turn|37
|c|☆Xyzzy 1|Bruh
|
|t:|1731244394
|move|p1a: Skarmory|Whirlwind|p2a: Skarmory
|drag|p2a: Tyranitar|Tyranitar, M|63/100
|-damage|p2a: Tyranitar|38/100|[from] Spikes
|-damage|p2a: Tyranitar|26/100|[from] Stealth Rock
|
|-weather|Sandstorm|[upkeep]
|upkeep
|turn|38
|
|t:|1731244403
|move|p2a: Tyranitar|Superpower|p1a: Skarmory
|-damage|p1a: Skarmory|70/100
|-unboost|p2a: Tyranitar|atk|1
|-unboost|p2a: Tyranitar|def|1
|move|p1a: Skarmory|Whirlwind|p2a: Tyranitar
|drag|p2a: Alakazam|Alakazam, M|100/100
|
|-weather|Sandstorm|[upkeep]
|-heal|p1a: Skarmory|76/100|[from] item: Leftovers
|upkeep
|turn|39
|
|t:|1731244408
|switch|p2a: Rotom|Rotom-Wash, shiny|63/100
|-damage|p2a: Rotom|50/100|[from] Stealth Rock
|move|p1a: Skarmory|Brave Bird|p2a: Rotom
|-resisted|p2a: Rotom
|-damage|p2a: Rotom|38/100
|-damage|p1a: Skarmory|72/100|[from] Recoil
|
|-weather|Sandstorm|[upkeep]
|-damage|p2a: Rotom|31/100|[from] Sandstorm
|-heal|p2a: Rotom|38/100|[from] item: Leftovers
|-heal|p1a: Skarmory|78/100|[from] item: Leftovers
|upkeep
|turn|40
|
|t:|1731244418
|move|p2a: Rotom|Pain Split|p1a: Skarmory
|-sethp|p1a: Skarmory|56/100|[from] move: Pain Split|[silent]
|-sethp|p2a: Rotom|61/100|[from] move: Pain Split
|move|p1a: Skarmory|Whirlwind|p2a: Rotom
|drag|p2a: Tyranitar|Tyranitar, M|26/100
|-damage|p2a: Tyranitar|1/100|[from] Spikes
|-damage|p2a: Tyranitar|0 fnt|[from] Stealth Rock
|faint|p2a: Tyranitar
|
|-weather|Sandstorm|[upkeep]
|-heal|p1a: Skarmory|62/100|[from] item: Leftovers
|upkeep
|
|t:|1731244426
|switch|p2a: Rotom|Rotom-Wash, shiny|61/100
|-damage|p2a: Rotom|49/100|[from] Stealth Rock
|turn|41
|j| nightsuwu
|
|t:|1731244435
|move|p2a: Rotom|Volt Switch|p1a: Skarmory
|-supereffective|p1a: Skarmory
|-damage|p1a: Skarmory|19/100
|
|t:|1731244440
|switch|p2a: Skarmory|Skarmory, M, shiny|94/100|[from] Volt Switch
|-damage|p2a: Skarmory|82/100|[from] Stealth Rock
|move|p1a: Skarmory|Roost|p1a: Skarmory
|-heal|p1a: Skarmory|69/100
|-singleturn|p1a: Skarmory|move: Roost
|
|-weather|Sandstorm|[upkeep]
|-heal|p1a: Skarmory|75/100|[from] item: Leftovers
|-heal|p2a: Skarmory|88/100|[from] item: Leftovers
|upkeep
|turn|42
|
|t:|1731244444
|move|p1a: Skarmory|Whirlwind|p2a: Skarmory
|drag|p2a: Alakazam|Alakazam, M|100/100
|
|-weather|Sandstorm|[upkeep]
|-heal|p1a: Skarmory|81/100|[from] item: Leftovers
|upkeep
|turn|43
|
|t:|1731244446
|switch|p2a: Rotom|Rotom-Wash, shiny|49/100
|-damage|p2a: Rotom|36/100|[from] Stealth Rock
|move|p1a: Skarmory|Brave Bird|p2a: Rotom
|-resisted|p2a: Rotom
|-damage|p2a: Rotom|22/100
|-damage|p1a: Skarmory|76/100|[from] Recoil
|
|-weather|Sandstorm|[upkeep]
|-damage|p2a: Rotom|15/100|[from] Sandstorm
|-heal|p2a: Rotom|22/100|[from] item: Leftovers
|-heal|p1a: Skarmory|82/100|[from] item: Leftovers
|upkeep
|turn|44
|
|t:|1731244453
|move|p2a: Rotom|Pain Split|p1a: Skarmory
|-sethp|p1a: Skarmory|51/100|[from] move: Pain Split|[silent]
|-sethp|p2a: Rotom|56/100|[from] move: Pain Split
|move|p1a: Skarmory|Whirlwind|p2a: Rotom
|drag|p2a: Alakazam|Alakazam, M|100/100
|
|-weather|Sandstorm|[upkeep]
|-heal|p1a: Skarmory|57/100|[from] item: Leftovers
|upkeep
|turn|45
|
|t:|1731244457
|switch|p2a: Rotom|Rotom-Wash, shiny|56/100
|-damage|p2a: Rotom|43/100|[from] Stealth Rock
|move|p1a: Skarmory|Brave Bird|p2a: Rotom
|-resisted|p2a: Rotom
|-damage|p2a: Rotom|29/100
|-damage|p1a: Skarmory|53/100|[from] Recoil
|
|-weather|Sandstorm|[upkeep]
|-damage|p2a: Rotom|23/100|[from] Sandstorm
|-heal|p2a: Rotom|29/100|[from] item: Leftovers
|-heal|p1a: Skarmory|59/100|[from] item: Leftovers
|upkeep
|turn|46
|
|t:|1731244480
|move|p2a: Rotom|Pain Split|p1a: Skarmory
|-sethp|p1a: Skarmory|42/100|[from] move: Pain Split|[silent]
|-sethp|p2a: Rotom|47/100|[from] move: Pain Split
|move|p1a: Skarmory|Roost|p1a: Skarmory
|-heal|p1a: Skarmory|92/100
|-singleturn|p1a: Skarmory|move: Roost
|
|-weather|Sandstorm|[upkeep]
|-damage|p2a: Rotom|40/100|[from] Sandstorm
|-heal|p2a: Rotom|47/100|[from] item: Leftovers
|-heal|p1a: Skarmory|98/100|[from] item: Leftovers
|upkeep
|turn|47
|
|t:|1731244489
|move|p2a: Rotom|Pain Split|p1a: Skarmory
|-sethp|p1a: Skarmory|70/100|[from] move: Pain Split|[silent]
|-sethp|p2a: Rotom|77/100|[from] move: Pain Split
|move|p1a: Skarmory|Brave Bird|p2a: Rotom
|-resisted|p2a: Rotom
|-damage|p2a: Rotom|63/100
|-damage|p1a: Skarmory|66/100|[from] Recoil
|
|-weather|Sandstorm|[upkeep]
|-damage|p2a: Rotom|56/100|[from] Sandstorm
|-heal|p2a: Rotom|63/100|[from] item: Leftovers
|-heal|p1a: Skarmory|72/100|[from] item: Leftovers
|upkeep
|turn|48
|
|t:|1731244494
|move|p2a: Rotom|Will-O-Wisp|p1a: Skarmory|[miss]
|-miss|p2a: Rotom|p1a: Skarmory
|move|p1a: Skarmory|Roost|p1a: Skarmory
|-heal|p1a: Skarmory|100/100
|-singleturn|p1a: Skarmory|move: Roost
|
|-weather|Sandstorm|[upkeep]
|-damage|p2a: Rotom|56/100|[from] Sandstorm
|-heal|p2a: Rotom|63/100|[from] item: Leftovers
|upkeep
|turn|49
|c|☆Xyzzy 1|That’s 4
|c|☆Xyzzy 1|And the pump
|
|t:|1731244512
|move|p2a: Rotom|Pain Split|p1a: Skarmory
|-sethp|p1a: Skarmory|79/100|[from] move: Pain Split|[silent]
|-sethp|p2a: Rotom|86/100|[from] move: Pain Split
|move|p1a: Skarmory|Whirlwind|p2a: Rotom
|drag|p2a: Alakazam|Alakazam, M|100/100
|
|-weather|Sandstorm|[upkeep]
|-heal|p1a: Skarmory|85/100|[from] item: Leftovers
|upkeep
|turn|50
|
|t:|1731244517
|switch|p2a: Skarmory|Skarmory, M, shiny|88/100
|-damage|p2a: Skarmory|76/100|[from] Stealth Rock
|move|p1a: Skarmory|Brave Bird|p2a: Skarmory
|-resisted|p2a: Skarmory
|-damage|p2a: Skarmory|63/100
|-damage|p1a: Skarmory|80/100|[from] Recoil
|
|-weather|Sandstorm|[upkeep]
|-heal|p2a: Skarmory|69/100|[from] item: Leftovers
|-heal|p1a: Skarmory|86/100|[from] item: Leftovers
|upkeep
|turn|51
|
|t:|1731244519
|move|p2a: Skarmory|Roost|p2a: Skarmory
|-heal|p2a: Skarmory|100/100
|-singleturn|p2a: Skarmory|move: Roost
|move|p1a: Skarmory|Whirlwind|p2a: Skarmory
|drag|p2a: Rotom|Rotom-Wash, shiny|86/100
|-damage|p2a: Rotom|74/100|[from] Stealth Rock
|
|-weather|Sandstorm|[upkeep]
|-damage|p2a: Rotom|68/100|[from] Sandstorm
|-heal|p2a: Rotom|74/100|[from] item: Leftovers
|-heal|p1a: Skarmory|92/100|[from] item: Leftovers
|upkeep
|turn|52
|
|t:|1731244524
|move|p2a: Rotom|Will-O-Wisp|p1a: Skarmory
|-status|p1a: Skarmory|brn
|move|p1a: Skarmory|Whirlwind|p2a: Rotom
|drag|p2a: Alakazam|Alakazam, M|100/100
|
|-weather|Sandstorm|[upkeep]
|-heal|p1a: Skarmory|98/100 brn|[from] item: Leftovers
|-damage|p1a: Skarmory|86/100 brn|[from] brn
|upkeep
|turn|53
|
|t:|1731244527
|switch|p2a: Skarmory|Skarmory, M, shiny|100/100
|-damage|p2a: Skarmory|88/100|[from] Stealth Rock
|move|p1a: Skarmory|Brave Bird|p2a: Skarmory
|-resisted|p2a: Skarmory
|-damage|p2a: Skarmory|82/100
|-damage|p1a: Skarmory|84/100 brn|[from] Recoil
|
|-weather|Sandstorm|[upkeep]
|-heal|p1a: Skarmory|90/100 brn|[from] item: Leftovers
|-heal|p2a: Skarmory|88/100|[from] item: Leftovers
|-damage|p1a: Skarmory|78/100 brn|[from] brn
|upkeep
|turn|54
|
|t:|1731244532
|move|p1a: Skarmory|Whirlwind|p2a: Skarmory
|drag|p2a: Alakazam|Alakazam, M|100/100
|
|-weather|Sandstorm|[upkeep]
|-heal|p1a: Skarmory|84/100 brn|[from] item: Leftovers
|-damage|p1a: Skarmory|71/100 brn|[from] brn
|upkeep
|turn|55
|
|t:|1731244541
|switch|p2a: Skarmory|Skarmory, M, shiny|88/100
|-damage|p2a: Skarmory|76/100|[from] Stealth Rock
|move|p1a: Skarmory|Brave Bird|p2a: Skarmory
|-resisted|p2a: Skarmory
|-damage|p2a: Skarmory|69/100
|-damage|p1a: Skarmory|69/100 brn|[from] Recoil
|
|-weather|Sandstorm|[upkeep]
|-heal|p2a: Skarmory|75/100|[from] item: Leftovers
|-heal|p1a: Skarmory|75/100 brn|[from] item: Leftovers
|-damage|p1a: Skarmory|63/100 brn|[from] brn
|upkeep
|turn|56
|
|t:|1731244554
|move|p1a: Skarmory|Whirlwind|p2a: Skarmory
|drag|p2a: Alakazam|Alakazam, M|100/100
|
|-weather|Sandstorm|[upkeep]
|-heal|p1a: Skarmory|69/100 brn|[from] item: Leftovers
|-damage|p1a: Skarmory|56/100 brn|[from] brn
|upkeep
|turn|57
|
|t:|1731244557
|switch|p2a: Skarmory|Skarmory, M, shiny|75/100
|-damage|p2a: Skarmory|62/100|[from] Stealth Rock
|move|p1a: Skarmory|Brave Bird|p2a: Skarmory
|-resisted|p2a: Skarmory
|-damage|p2a: Skarmory|56/100
|-damage|p1a: Skarmory|54/100 brn|[from] Recoil
|
|-weather|Sandstorm|[upkeep]
|-heal|p1a: Skarmory|60/100 brn|[from] item: Leftovers
|-heal|p2a: Skarmory|62/100|[from] item: Leftovers
|-damage|p1a: Skarmory|48/100 brn|[from] brn
|upkeep
|turn|58
|
|t:|1731244559
|move|p1a: Skarmory|Roost|p1a: Skarmory
|-heal|p1a: Skarmory|98/100 brn
|-singleturn|p1a: Skarmory|move: Roost
|move|p2a: Skarmory|Roost|p2a: Skarmory
|-heal|p2a: Skarmory|100/100
|-singleturn|p2a: Skarmory|move: Roost
|
|-weather|Sandstorm|[upkeep]
|-heal|p1a: Skarmory|100/100 brn|[from] item: Leftovers
|-damage|p1a: Skarmory|88/100 brn|[from] brn
|upkeep
|turn|59
|
|t:|1731244561
|move|p2a: Skarmory|Whirlwind|p1a: Skarmory
|drag|p1a: Alakazam|Alakazam, M|100/100
|
|-weather|Sandstorm|[upkeep]
|upkeep
|turn|60
|
|t:|1731244570
|switch|p1a: Skarmory|Skarmory, F|88/100 brn
|-damage|p1a: Skarmory|76/100 brn|[from] Stealth Rock
|move|p2a: Skarmory|Brave Bird|p1a: Skarmory
|-resisted|p1a: Skarmory
|-damage|p1a: Skarmory|62/100 brn
|-damage|p2a: Skarmory|96/100|[from] Recoil
|
|-weather|Sandstorm|[upkeep]
|-heal|p1a: Skarmory|68/100 brn|[from] item: Leftovers
|-heal|p2a: Skarmory|100/100|[from] item: Leftovers
|-damage|p1a: Skarmory|55/100 brn|[from] brn
|upkeep
|turn|61
|
|t:|1731244589
|move|p1a: Skarmory|Roost|p1a: Skarmory
|-heal|p1a: Skarmory|100/100 brn
|-singleturn|p1a: Skarmory|move: Roost
|move|p2a: Skarmory|Whirlwind|p1a: Skarmory
|drag|p1a: Jellicent|Jellicent, F|51/100
|-damage|p1a: Jellicent|26/100|[from] Spikes
|-damage|p1a: Jellicent|14/100|[from] Stealth Rock
|
|-weather|Sandstorm|[upkeep]
|-damage|p1a: Jellicent|7/100|[from] Sandstorm
|-heal|p1a: Jellicent|14/100|[from] item: Leftovers
|upkeep
|turn|62
|inactive|Xyzzy 1 has 120 seconds left.
|
|t:|1731244631
|move|p1a: Jellicent|Recover|p1a: Jellicent
|-heal|p1a: Jellicent|64/100
|move|p2a: Skarmory|Whirlwind|p1a: Jellicent
|drag|p1a: Skarmory|Skarmory, F|100/100 brn
|-damage|p1a: Skarmory|88/100 brn|[from] Stealth Rock
|
|-weather|Sandstorm|[upkeep]
|-heal|p1a: Skarmory|94/100 brn|[from] item: Leftovers
|-damage|p1a: Skarmory|82/100 brn|[from] brn
|upkeep
|turn|63
|
|t:|1731244636
|move|p2a: Skarmory|Whirlwind|p1a: Skarmory
|drag|p1a: Latios|Latios, M|89/100
|-damage|p1a: Latios|76/100|[from] Stealth Rock
|
|-weather|Sandstorm|[upkeep]
|-damage|p1a: Latios|70/100|[from] Sandstorm
|upkeep
|turn|64
|
|t:|1731244645
|move|p1a: Latios|Hidden Power|p2a: Skarmory
|-supereffective|p2a: Skarmory
|-damage|p2a: Skarmory|53/100
|move|p2a: Skarmory|Roost|p2a: Skarmory
|-heal|p2a: Skarmory|100/100
|-singleturn|p2a: Skarmory|move: Roost
|
|-weather|Sandstorm|[upkeep]
|-damage|p1a: Latios|64/100|[from] Sandstorm
|upkeep
|turn|65
|
|t:|1731244651
|move|p1a: Latios|Hidden Power|p2a: Skarmory
|-supereffective|p2a: Skarmory
|-crit|p2a: Skarmory
|-damage|p2a: Skarmory|14/100
|move|p2a: Skarmory|Whirlwind|p1a: Latios
|drag|p1a: Skarmory|Skarmory, F|82/100 brn
|-damage|p1a: Skarmory|70/100 brn|[from] Stealth Rock
|
|-weather|Sandstorm|[upkeep]
|-heal|p2a: Skarmory|20/100|[from] item: Leftovers
|-heal|p1a: Skarmory|76/100 brn|[from] item: Leftovers
|-damage|p1a: Skarmory|63/100 brn|[from] brn
|upkeep
|turn|66
|
|t:|1731244661
|move|p2a: Skarmory|Roost|p2a: Skarmory
|-heal|p2a: Skarmory|70/100
|-singleturn|p2a: Skarmory|move: Roost
|move|p1a: Skarmory|Whirlwind|p2a: Skarmory
|drag|p2a: Rotom|Rotom-Wash, shiny|74/100
|-damage|p2a: Rotom|61/100|[from] Stealth Rock
|
|-weather|Sandstorm|[upkeep]
|-damage|p2a: Rotom|55/100|[from] Sandstorm
|-heal|p2a: Rotom|61/100|[from] item: Leftovers
|-heal|p1a: Skarmory|69/100 brn|[from] item: Leftovers
|-damage|p1a: Skarmory|57/100 brn|[from] brn
|upkeep
|turn|67
|
|t:|1731244666
|move|p2a: Rotom|Volt Switch|p1a: Skarmory
|-supereffective|p1a: Skarmory
|-damage|p1a: Skarmory|6/100 brn
|
|t:|1731244672
|switch|p2a: Skarmory|Skarmory, M, shiny|70/100|[from] Volt Switch
|-damage|p2a: Skarmory|58/100|[from] Stealth Rock
|move|p1a: Skarmory|Roost|p1a: Skarmory
|-heal|p1a: Skarmory|56/100 brn
|-singleturn|p1a: Skarmory|move: Roost
|
|-weather|Sandstorm|[upkeep]
|-heal|p1a: Skarmory|62/100 brn|[from] item: Leftovers
|-heal|p2a: Skarmory|64/100|[from] item: Leftovers
|-damage|p1a: Skarmory|50/100 brn|[from] brn
|upkeep
|turn|68
|
|t:|1731244682
|move|p1a: Skarmory|Roost|p1a: Skarmory
|-heal|p1a: Skarmory|99/100 brn
|-singleturn|p1a: Skarmory|move: Roost
|move|p2a: Skarmory|Whirlwind|p1a: Skarmory
|drag|p1a: Alakazam|Alakazam, M|100/100
|
|-weather|Sandstorm|[upkeep]
|-heal|p2a: Skarmory|70/100|[from] item: Leftovers
|upkeep
|turn|69
|
|t:|1731244686
|switch|p1a: Skarmory|Skarmory, F|99/100 brn
|-damage|p1a: Skarmory|88/100 brn|[from] Stealth Rock
|move|p2a: Skarmory|Whirlwind|p1a: Skarmory
|drag|p1a: Latios|Latios, M|64/100
|-damage|p1a: Latios|52/100|[from] Stealth Rock
|
|-weather|Sandstorm|[upkeep]
|-damage|p1a: Latios|46/100|[from] Sandstorm
|-heal|p2a: Skarmory|76/100|[from] item: Leftovers
|upkeep
|turn|70
|
|t:|1731244695
|move|p1a: Latios|Recover|p1a: Latios
|-heal|p1a: Latios|96/100
|move|p2a: Skarmory|Roost|p2a: Skarmory
|-heal|p2a: Skarmory|100/100
|-singleturn|p2a: Skarmory|move: Roost
|
|-weather|Sandstorm|[upkeep]
|-damage|p1a: Latios|90/100|[from] Sandstorm
|upkeep
|turn|71
|
|t:|1731244699
|move|p1a: Latios|Hidden Power|p2a: Skarmory
|-supereffective|p2a: Skarmory
|-damage|p2a: Skarmory|53/100
|move|p2a: Skarmory|Whirlwind|p1a: Latios
|drag|p1a: Alakazam|Alakazam, M|100/100
|
|-weather|Sandstorm|[upkeep]
|-heal|p2a: Skarmory|59/100|[from] item: Leftovers
|upkeep
|turn|72
|
|t:|1731244707
|switch|p1a: Skarmory|Skarmory, F|88/100 brn
|-damage|p1a: Skarmory|75/100 brn|[from] Stealth Rock
|move|p2a: Skarmory|Brave Bird|p1a: Skarmory
|-resisted|p1a: Skarmory
|-damage|p1a: Skarmory|62/100 brn
|-damage|p2a: Skarmory|55/100|[from] Recoil
|
|-weather|Sandstorm|[upkeep]
|-heal|p1a: Skarmory|68/100 brn|[from] item: Leftovers
|-heal|p2a: Skarmory|61/100|[from] item: Leftovers
|-damage|p1a: Skarmory|56/100 brn|[from] brn
|upkeep
|turn|73
|
|t:|1731244721
|move|p1a: Skarmory|Whirlwind|p2a: Skarmory
|drag|p2a: Rotom|Rotom-Wash, shiny|61/100
|-damage|p2a: Rotom|49/100|[from] Stealth Rock
|
|-weather|Sandstorm|[upkeep]
|-damage|p2a: Rotom|43/100|[from] Sandstorm
|-heal|p2a: Rotom|49/100|[from] item: Leftovers
|-heal|p1a: Skarmory|62/100 brn|[from] item: Leftovers
|-damage|p1a: Skarmory|49/100 brn|[from] brn
|upkeep
|turn|74
|
|t:|1731244731
|move|p2a: Rotom|Volt Switch|p1a: Skarmory
|-supereffective|p1a: Skarmory
|-damage|p1a: Skarmory|6/100 brn
|
|t:|1731244735
|switch|p2a: Alakazam|Alakazam, M|100/100|[from] Volt Switch
|move|p1a: Skarmory|Roost|p1a: Skarmory
|-heal|p1a: Skarmory|56/100 brn
|-singleturn|p1a: Skarmory|move: Roost
|
|-weather|Sandstorm|[upkeep]
|-heal|p1a: Skarmory|62/100 brn|[from] item: Leftovers
|-damage|p1a: Skarmory|49/100 brn|[from] brn
|upkeep
|turn|75
|
|t:|1731244741
|switch|p2a: Skarmory|Skarmory, M, shiny|61/100
|-damage|p2a: Skarmory|48/100|[from] Stealth Rock
|move|p1a: Skarmory|Brave Bird|p2a: Skarmory
|-resisted|p2a: Skarmory
|-damage|p2a: Skarmory|42/100
|-damage|p1a: Skarmory|47/100 brn|[from] Recoil
|
|-weather|Sandstorm|[upkeep]
|-heal|p1a: Skarmory|53/100 brn|[from] item: Leftovers
|-heal|p2a: Skarmory|48/100|[from] item: Leftovers
|-damage|p1a: Skarmory|41/100 brn|[from] brn
|upkeep
|turn|76
|
|t:|1731244758
|move|p1a: Skarmory|Roost|p1a: Skarmory
|-heal|p1a: Skarmory|91/100 brn
|-singleturn|p1a: Skarmory|move: Roost
|move|p2a: Skarmory|Whirlwind|p1a: Skarmory
|drag|p1a: Latios|Latios, M|90/100
|-damage|p1a: Latios|78/100|[from] Stealth Rock
|
|-weather|Sandstorm|[upkeep]
|-damage|p1a: Latios|72/100|[from] Sandstorm
|-heal|p2a: Skarmory|54/100|[from] item: Leftovers
|upkeep
|turn|77
|
|t:|1731244763
|move|p1a: Latios|Hidden Power|p2a: Skarmory
|-supereffective|p2a: Skarmory
|-damage|p2a: Skarmory|11/100
|move|p2a: Skarmory|Roost|p2a: Skarmory
|-heal|p2a: Skarmory|61/100
|-singleturn|p2a: Skarmory|move: Roost
|
|-weather|Sandstorm|[upkeep]
|-damage|p1a: Latios|66/100|[from] Sandstorm
|-heal|p2a: Skarmory|67/100|[from] item: Leftovers
|upkeep
|turn|78
|
|t:|1731244766
|move|p1a: Latios|Hidden Power|p2a: Skarmory
|-supereffective|p2a: Skarmory
|-damage|p2a: Skarmory|21/100
|move|p2a: Skarmory|Roost|p2a: Skarmory
|-heal|p2a: Skarmory|71/100
|-singleturn|p2a: Skarmory|move: Roost
|
|-weather|Sandstorm|[upkeep]
|-damage|p1a: Latios|60/100|[from] Sandstorm
|-heal|p2a: Skarmory|77/100|[from] item: Leftovers
|upkeep
|turn|79
|
|t:|1731244770
|move|p1a: Latios|Hidden Power|p2a: Skarmory
|-supereffective|p2a: Skarmory
|-damage|p2a: Skarmory|33/100
|move|p2a: Skarmory|Whirlwind|p1a: Latios
|drag|p1a: Skarmory|Skarmory, F|91/100 brn
|-damage|p1a: Skarmory|79/100 brn|[from] Stealth Rock
|
|-weather|Sandstorm|[upkeep]
|-heal|p1a: Skarmory|85/100 brn|[from] item: Leftovers
|-heal|p2a: Skarmory|39/100|[from] item: Leftovers
|-damage|p1a: Skarmory|72/100 brn|[from] brn
|upkeep
|turn|80
|
|t:|1731244776
|move|p2a: Skarmory|Whirlwind|p1a: Skarmory
|drag|p1a: Jellicent|Jellicent, F|64/100
|-damage|p1a: Jellicent|39/100|[from] Spikes
|-damage|p1a: Jellicent|27/100|[from] Stealth Rock
|
|-weather|Sandstorm|[upkeep]
|-damage|p1a: Jellicent|20/100|[from] Sandstorm
|-heal|p1a: Jellicent|27/100|[from] item: Leftovers
|-heal|p2a: Skarmory|45/100|[from] item: Leftovers
|upkeep
|turn|81
|
|t:|1731244784
|switch|p2a: Alakazam|Alakazam, M|100/100
|move|p1a: Jellicent|Night Shade|p2a: Alakazam
|-damage|p2a: Alakazam|61/100
|
|-weather|Sandstorm|[upkeep]
|-damage|p1a: Jellicent|20/100|[from] Sandstorm
|-heal|p1a: Jellicent|27/100|[from] item: Leftovers
|upkeep
|turn|82
|
|t:|1731244793
|switch|p2a: Rotom|Rotom-Wash, shiny|49/100
|-damage|p2a: Rotom|36/100|[from] Stealth Rock
|move|p1a: Jellicent|Night Shade|p2a: Rotom
|-damage|p2a: Rotom|3/100
|
|-weather|Sandstorm|[upkeep]
|-damage|p1a: Jellicent|20/100|[from] Sandstorm
|-damage|p2a: Rotom|0 fnt|[from] Sandstorm
|faint|p2a: Rotom
|-heal|p1a: Jellicent|27/100|[from] item: Leftovers
|upkeep
|
|t:|1731244797
|switch|p2a: Alakazam|Alakazam, M|61/100
|turn|83
|
|t:|1731244799
|move|p2a: Alakazam|Grass Knot|p1a: Jellicent
|-supereffective|p1a: Jellicent
|-damage|p1a: Jellicent|0 fnt
|faint|p1a: Jellicent
|
|-weather|Sandstorm|[upkeep]
|upkeep
|
|t:|1731244816
|switch|p1a: Alakazam|Alakazam, M|100/100
|turn|84
|
|t:|1731244819
|move|p2a: Alakazam|Signal Beam|p1a: Alakazam
|-supereffective|p1a: Alakazam
|-damage|p1a: Alakazam|22/100
|move|p1a: Alakazam|Psyshock|p2a: Alakazam
|-resisted|p2a: Alakazam
|-damage|p2a: Alakazam|3/100
|
|-weather|Sandstorm|[upkeep]
|upkeep
|turn|85
|
|t:|1731244839
|move|p1a: Alakazam|Psyshock|p2a: Alakazam
|-resisted|p2a: Alakazam
|-damage|p2a: Alakazam|0 fnt
|faint|p2a: Alakazam
|
|-weather|Sandstorm|[upkeep]
|upkeep
|c|☆Xyzzy 1|I mean of course
|-message|Xyzzy 1 forfeited.
|
|win|anglemort33
|raw|anglemort33's rating: 1305 &rarr; <strong>1326</strong><br />(+21 for winning)
|raw|Xyzzy 1's rating: 1327 &rarr; <strong>1306</strong><br />(-21 for losing)
|l|☆Xyzzy 1
|player|p2|
