|j|☆Memoire
|j|☆av2336
|t:|1716493763
|gametype|singles
|player|p1|Memoire|beauty-gen2jp|1367
|player|p2|av2336|pokemaniac-gen3rs|1350
|teamsize|p1|6
|teamsize|p2|6
|gen|5
|tier|[Gen 5] OU
|rated|
|rule|Species Clause: Limit one of each Pokémon
|rule|OHKO Clause: OHKO moves are banned
|rule|Moody Clause: Moody is banned
|rule|Evasion Items Clause: Evasion items are banned
|rule|Evasion Moves Clause: Evasion moves are banned
|rule|Endless Battle Clause: Forcing endless battles is banned
|rule|HP Percentage Mod: HP is shown in percentages
|rule|Evasion Abilities Clause: Evasion abilities are banned
|rule|Sleep Moves Clause: Sleep-inducing moves are banned
|rule|Swagger Clause: Swagger is banned
|rule|Baton Pass Stat Clause: No Baton Passer may have a way to boost its stats
|clearpoke
|poke|p1|Landorus-Therian, M|item
|poke|p1|Tyranitar, F|item
|poke|p1|Latios, M|item
|poke|p1|Alakazam, M|item
|poke|p1|Excadrill, F|item
|poke|p1|Rotom-Wash|item
|poke|p2|Bronzong|item
|poke|p2|Gallade, M|item
|poke|p2|Jellicent, M|item
|poke|p2|Conkeldurr, F|item
|poke|p2|Reuniclus, M|item
|poke|p2|Dragonite, M|item
|teampreview
|inactive|Battle timer is ON: inactive players will automatically lose when time's up. (requested by av2336)
|
|t:|1716493776
|start
|switch|p1a: Landorus|Landorus-Therian, M|100/100
|switch|p2a: Bronzong|Bronzong|100/100
|-ability|p1a: Landorus|Intimidate|boost
|-unboost|p2a: Bronzong|atk|1
|turn|1
|
|t:|1716493781
|move|p1a: Landorus|U-turn|p2a: Bronzong
|-damage|p2a: Bronzong|77/100
|
|t:|1716493784
|switch|p1a: Excadrill|Excadrill, F|100/100|[from] U-turn
|move|p2a: Bronzong|Stealth Rock|p1a: Excadrill
|-sidestart|p1: Memoire|move: Stealth Rock
|
|upkeep
|turn|2
|
|t:|1716493797
|switch|p2a: Jellicent|Jellicent, M|100/100
|-item|p2a: Jellicent|Air Balloon
|move|p1a: Excadrill|Swords Dance|p1a: Excadrill
|-boost|p1a: Excadrill|atk|2
|
|upkeep
|turn|3
|
|t:|1716493799
|move|p1a: Excadrill|Iron Head|p2a: Jellicent
|-resisted|p2a: Jellicent
|-damage|p2a: Jellicent|57/100
|-enditem|p2a: Jellicent|Air Balloon
|move|p2a: Jellicent|Trick Room|p2a: Jellicent
|-fieldstart|move: Trick Room|[of] p2a: Jellicent
|
|upkeep
|turn|4
|
|t:|1716493803
|move|p2a: Jellicent|Surf|p1a: Excadrill
|-supereffective|p1a: Excadrill
|-damage|p1a: Excadrill|9/100
|move|p1a: Excadrill|Earthquake|p2a: Jellicent
|-damage|p2a: Jellicent|0 fnt
|faint|p2a: Jellicent
|
|-heal|p1a: Excadrill|15/100|[from] item: Leftovers
|upkeep
|
|t:|1716493817
|switch|p2a: Conkeldurr|Conkeldurr, F|100/100
|turn|5
|
|t:|1716493827
|move|p2a: Conkeldurr|Drain Punch|p1a: Excadrill
|-supereffective|p1a: Excadrill
|-damage|p1a: Excadrill|0 fnt
|faint|p1a: Excadrill
|-damage|p2a: Conkeldurr|91/100|[from] item: Life Orb
|
|upkeep
|
|t:|1716493829
|switch|p1a: Landorus|Landorus-Therian, M|100/100
|-damage|p1a: Landorus|88/100|[from] Stealth Rock
|-ability|p1a: Landorus|Intimidate|boost
|-unboost|p2a: Conkeldurr|atk|1
|turn|6
|
|t:|1716493833
|switch|p1a: Rotom|Rotom-Wash|100/100
|-damage|p1a: Rotom|88/100|[from] Stealth Rock
|move|p2a: Conkeldurr|Ice Punch|p1a: Rotom
|-resisted|p1a: Rotom
|-damage|p1a: Rotom|68/100
|-damage|p2a: Conkeldurr|81/100|[from] item: Life Orb
|
|upkeep
|turn|7
|
|t:|1716493837
|switch|p2a: Bronzong|Bronzong|77/100
|move|p1a: Rotom|Trick|p2a: Bronzong
|-activate|p1a: Rotom|move: Trick|[of] p2a: Bronzong
|-item|p2a: Bronzong|Choice Scarf|[from] move: Trick
|-item|p1a: Rotom|Mental Herb|[from] move: Trick
|
|-fieldend|move: Trick Room
|upkeep
|turn|8
|
|t:|1716493841
|move|p1a: Rotom|Volt Switch|p2a: Bronzong
|-damage|p2a: Bronzong|49/100
|
|t:|1716493845
|switch|p1a: Tyranitar|Tyranitar, F|100/100|[from] Volt Switch
|-damage|p1a: Tyranitar|88/100|[from] Stealth Rock
|-weather|Sandstorm|[from] ability: Sand Stream|[of] p1a: Tyranitar
|move|p2a: Bronzong|Trick|p1a: Tyranitar
|-activate|p2a: Bronzong|move: Trick|[of] p1a: Tyranitar
|-item|p1a: Tyranitar|Choice Scarf|[from] move: Trick
|-item|p2a: Bronzong|Chople Berry|[from] move: Trick
|
|-weather|Sandstorm|[upkeep]
|upkeep
|turn|9
|
|t:|1716493849
|move|p1a: Tyranitar|Stealth Rock|p2a: Bronzong
|-sidestart|p2: av2336|move: Stealth Rock
|move|p2a: Bronzong|Trick Room|p2a: Bronzong
|-fieldstart|move: Trick Room|[of] p2a: Bronzong
|
|-weather|Sandstorm|[upkeep]
|upkeep
|turn|10
|
|t:|1716493853
|switch|p1a: Rotom|Rotom-Wash|68/100
|-damage|p1a: Rotom|55/100|[from] Stealth Rock
|move|p2a: Bronzong|Explosion|p1a: Rotom
|-damage|p1a: Rotom|0 fnt
|faint|p2a: Bronzong
|faint|p1a: Rotom
|
|-weather|Sandstorm|[upkeep]
|upkeep
|
|t:|1716493857
|switch|p2a: Conkeldurr|Conkeldurr, F|81/100
|switch|p1a: Tyranitar|Tyranitar, F|88/100
|-damage|p2a: Conkeldurr|75/100|[from] Stealth Rock
|-damage|p1a: Tyranitar|76/100|[from] Stealth Rock
|turn|11
|
|t:|1716493860
|move|p2a: Conkeldurr|Drain Punch|p1a: Tyranitar
|-supereffective|p1a: Tyranitar
|-damage|p1a: Tyranitar|0 fnt
|-heal|p2a: Conkeldurr|100/100|[from] drain|[of] p1a: Tyranitar
|faint|p1a: Tyranitar
|-damage|p2a: Conkeldurr|91/100|[from] item: Life Orb
|
|-weather|Sandstorm|[upkeep]
|-damage|p2a: Conkeldurr|85/100|[from] Sandstorm
|upkeep
|
|t:|1716493862
|switch|p1a: Landorus|Landorus-Therian, M|88/100
|-damage|p1a: Landorus|76/100|[from] Stealth Rock
|-ability|p1a: Landorus|Intimidate|boost
|-unboost|p2a: Conkeldurr|atk|1
|turn|12
|
|t:|1716493866
|move|p2a: Conkeldurr|Ice Punch|p1a: Landorus
|-supereffective|p1a: Landorus
|-damage|p1a: Landorus|0 fnt
|faint|p1a: Landorus
|-damage|p2a: Conkeldurr|75/100|[from] item: Life Orb
|
|-weather|Sandstorm|[upkeep]
|-damage|p2a: Conkeldurr|69/100|[from] Sandstorm
|upkeep
|
|t:|1716493878
|switch|p1a: Alakazam|Alakazam, M|100/100
|turn|13
|
|t:|1716493882
|move|p2a: Conkeldurr|Ice Punch|p1a: Alakazam
|-damage|p1a: Alakazam|37/100
|-damage|p2a: Conkeldurr|59/100|[from] item: Life Orb
|move|p1a: Alakazam|Psychic|p2a: Conkeldurr
|-supereffective|p2a: Conkeldurr
|-damage|p2a: Conkeldurr|0 fnt
|faint|p2a: Conkeldurr
|
|-weather|Sandstorm|[upkeep]
|-fieldend|move: Trick Room
|upkeep
|
|t:|1716493887
|switch|p2a: Reuniclus|Reuniclus, M|100/100
|turn|14
|
|t:|1716493890
|move|p1a: Alakazam|Hidden Power|p2a: Reuniclus
|-damage|p2a: Reuniclus|72/100
|move|p2a: Reuniclus|Trick Room|p2a: Reuniclus
|-fieldstart|move: Trick Room|[of] p2a: Reuniclus
|
|-weather|Sandstorm|[upkeep]
|upkeep
|turn|15
|-message|Memoire forfeited.
|
|win|av2336
|raw|Memoire's rating: 1367 &rarr; <strong>1347</strong><br />(-20 for losing)
|raw|av2336's rating: 1375 &rarr; <strong>1395</strong><br />(+20 for winning)
|l|☆Memoire
|player|p1|
