|j|☆Sakkiota
|j|☆fredel
|t:|1715021763
|gametype|singles
|player|p1|Sakkiota|scientistf|1330
|player|p2|fredel|hiker-gen4|1341
|teamsize|p1|6
|teamsize|p2|6
|gen|5
|tier|[Gen 5] OU
|rated|
|rule|Species Clause: Limit one of each Pokémon
|rule|OHKO Clause: OHKO moves are banned
|rule|Moody Clause: Moody is banned
|rule|Evasion Items Clause: Evasion items are banned
|rule|Evasion Moves Clause: Evasion moves are banned
|rule|Endless Battle Clause: Forcing endless battles is banned
|rule|HP Percentage Mod: HP is shown in percentages
|rule|Evasion Abilities Clause: Evasion abilities are banned
|rule|Sleep Moves Clause: Sleep-inducing moves are banned
|rule|Swagger Clause: Swagger is banned
|rule|Baton Pass Stat Clause: No Baton Passer may have a way to boost its stats
|clearpoke
|poke|p1|Kyurem-Black|item
|poke|p1|Latios, M|item
|poke|p1|Magnezone|item
|poke|p1|Excadrill, F|item
|poke|p1|Garchomp, F|item
|poke|p1|Salamence, M|item
|poke|p2|Azelf|item
|poke|p2|Jirachi|item
|poke|p2|Togekiss, M|item
|poke|p2|Scizor, M|item
|poke|p2|Conkeldurr, F|item
|poke|p2|Volcarona, M|item
|teampreview
|inactive|Battle timer is ON: inactive players will automatically lose when time's up. (requested by Sakkiota)
|inactive|fredel also wants the timer to be on.
|
|t:|1715021774
|start
|switch|p1a: Garchomp|Garchomp, F|100/100
|switch|p2a: Volcarona|Volcarona, M|100/100
|turn|1
|
|t:|1715021783
|switch|p2a: Azelf|Azelf|100/100
|move|p1a: Garchomp|Swords Dance|p1a: Garchomp
|-boost|p1a: Garchomp|atk|2
|
|upkeep
|turn|2
|
|t:|1715021788
|move|p2a: Azelf|Stealth Rock|p1a: Garchomp
|-sidestart|p1: Sakkiota|move: Stealth Rock
|move|p1a: Garchomp|Stealth Rock|p2a: Azelf
|-sidestart|p2: fredel|move: Stealth Rock
|
|upkeep
|turn|3
|
|t:|1715021792
|move|p2a: Azelf|Psychic|p1a: Garchomp
|-damage|p1a: Garchomp|51/100
|move|p1a: Garchomp|Fire Fang|p2a: Azelf
|-damage|p2a: Azelf|35/100
|
|upkeep
|turn|4
|
|t:|1715021797
|move|p2a: Azelf|Psychic|p1a: Garchomp
|-damage|p1a: Garchomp|5/100
|move|p1a: Garchomp|Fire Fang|p2a: Azelf
|-damage|p2a: Azelf|0 fnt
|faint|p2a: Azelf
|
|upkeep
|inactive|fredel has 120 seconds left.
|
|t:|1715021837
|switch|p2a: Togekiss|Togekiss, M|100/100
|-damage|p2a: Togekiss|76/100|[from] Stealth Rock
|turn|5
|inactive|fredel has 120 seconds left.
|
|t:|1715021856
|move|p2a: Togekiss|Ancient Power|p1a: Garchomp
|-resisted|p1a: Garchomp
|-damage|p1a: Garchomp|0 fnt
|faint|p1a: Garchomp
|
|upkeep
|
|t:|1715021861
|switch|p1a: Excadrill|Excadrill, F|100/100
|-damage|p1a: Excadrill|98/100|[from] Stealth Rock
|-ability|p1a: Excadrill|Mold Breaker
|turn|6
|inactive|fredel has 120 seconds left.
|
|t:|1715021875
|move|p2a: Togekiss|Ancient Power|p1a: Excadrill
|-resisted|p1a: Excadrill
|-damage|p1a: Excadrill|94/100
|-boost|p2a: Togekiss|atk|1
|-boost|p2a: Togekiss|def|1
|-boost|p2a: Togekiss|spa|1
|-boost|p2a: Togekiss|spd|1
|-boost|p2a: Togekiss|spe|1
|move|p1a: Excadrill|Rapid Spin|p2a: Togekiss
|-damage|p2a: Togekiss|71/100
|-sideend|p1: Sakkiota|Stealth Rock|[from] move: Rapid Spin|[of] p1a: Excadrill
|
|-heal|p1a: Excadrill|99/100|[from] item: Leftovers
|upkeep
|turn|7
|inactive|fredel has 120 seconds left.
|
|t:|1715021884
|move|p2a: Togekiss|Ancient Power|p1a: Excadrill
|-resisted|p1a: Excadrill
|-damage|p1a: Excadrill|94/100
|move|p1a: Excadrill|Toxic|p2a: Togekiss
|-status|p2a: Togekiss|tox
|
|-heal|p1a: Excadrill|99/100|[from] item: Leftovers
|-damage|p2a: Togekiss|65/100 tox|[from] psn
|upkeep
|turn|8
|
|t:|1715021889
|switch|p2a: Scizor|Scizor, M|100/100
|-damage|p2a: Scizor|88/100|[from] Stealth Rock
|move|p1a: Excadrill|Protect||[still]
|-fail|p1a: Excadrill
|
|-heal|p1a: Excadrill|100/100|[from] item: Leftovers
|-heal|p2a: Scizor|94/100|[from] item: Leftovers
|upkeep
|turn|9
|
|t:|1715021898
|move|p1a: Excadrill|Earthquake|p2a: Scizor
|-damage|p2a: Scizor|52/100
|move|p2a: Scizor|Swords Dance|p2a: Scizor
|-boost|p2a: Scizor|atk|2
|
|-heal|p2a: Scizor|58/100|[from] item: Leftovers
|upkeep
|turn|10
|
|t:|1715021904
|move|p2a: Scizor|Bullet Punch|p1a: Excadrill
|-resisted|p1a: Excadrill
|-damage|p1a: Excadrill|61/100
|move|p1a: Excadrill|Earthquake|p2a: Scizor
|-damage|p2a: Scizor|10/100
|
|-heal|p1a: Excadrill|67/100|[from] item: Leftovers
|-heal|p2a: Scizor|16/100|[from] item: Leftovers
|upkeep
|turn|11
|
|t:|1715021911
|move|p2a: Scizor|Bullet Punch|p1a: Excadrill
|-resisted|p1a: Excadrill
|-damage|p1a: Excadrill|28/100
|move|p1a: Excadrill|Earthquake|p2a: Scizor
|-damage|p2a: Scizor|0 fnt
|faint|p2a: Scizor
|
|-heal|p1a: Excadrill|34/100|[from] item: Leftovers
|upkeep
|
|t:|1715021920
|switch|p2a: Togekiss|Togekiss, M|65/100 tox
|-damage|p2a: Togekiss|40/100 tox|[from] Stealth Rock
|turn|12
|
|t:|1715021924
|move|p1a: Excadrill|Protect|p1a: Excadrill
|-singleturn|p1a: Excadrill|Protect
|move|p2a: Togekiss|Heat Wave|p1a: Excadrill
|-activate|p1a: Excadrill|move: Protect
|
|-heal|p1a: Excadrill|40/100|[from] item: Leftovers
|-damage|p2a: Togekiss|34/100 tox|[from] psn
|upkeep
|turn|13
|
|t:|1715021934
|move|p2a: Togekiss|Heat Wave|p1a: Excadrill
|-supereffective|p1a: Excadrill
|-damage|p1a: Excadrill|0 fnt
|faint|p1a: Excadrill
|
|-damage|p2a: Togekiss|22/100 tox|[from] psn
|upkeep
|
|t:|1715021943
|switch|p1a: Salamence|Salamence, M|100/100
|turn|14
|
|t:|1715021947
|move|p2a: Togekiss|Heat Wave|p1a: Salamence
|-resisted|p1a: Salamence
|-damage|p1a: Salamence|81/100
|move|p1a: Salamence|Dragon Dance|p1a: Salamence
|-boost|p1a: Salamence|atk|1
|-boost|p1a: Salamence|spe|1
|
|-heal|p1a: Salamence|87/100|[from] item: Leftovers
|-damage|p2a: Togekiss|4/100 tox|[from] psn
|upkeep
|turn|15
|
|t:|1715021952
|move|p1a: Salamence|Dragon Dance|p1a: Salamence
|-boost|p1a: Salamence|atk|1
|-boost|p1a: Salamence|spe|1
|move|p2a: Togekiss|Heat Wave|p1a: Salamence
|-resisted|p1a: Salamence
|-damage|p1a: Salamence|68/100
|-status|p1a: Salamence|brn
|
|-heal|p1a: Salamence|74/100 brn|[from] item: Leftovers
|-damage|p2a: Togekiss|0 fnt|[from] psn
|faint|p2a: Togekiss
|-damage|p1a: Salamence|62/100 brn|[from] brn
|upkeep
|
|t:|1715021960
|switch|p2a: Conkeldurr|Conkeldurr, F|100/100
|-damage|p2a: Conkeldurr|94/100|[from] Stealth Rock
|turn|16
|
|t:|1715021965
|move|p1a: Salamence|Outrage|p2a: Conkeldurr
|-damage|p2a: Conkeldurr|36/100
|move|p2a: Conkeldurr|Bulk Up|p2a: Conkeldurr
|-boost|p2a: Conkeldurr|atk|1
|-boost|p2a: Conkeldurr|def|1
|
|-heal|p1a: Salamence|68/100 brn|[from] item: Leftovers
|-heal|p2a: Conkeldurr|43/100|[from] item: Leftovers
|-damage|p1a: Salamence|55/100 brn|[from] brn
|upkeep
|turn|17
|
|t:|1715021973
|move|p1a: Salamence|Outrage|p2a: Conkeldurr|[from]lockedmove
|-crit|p2a: Conkeldurr
|-damage|p2a: Conkeldurr|0 fnt
|faint|p2a: Conkeldurr
|-ability|p1a: Salamence|Moxie|boost
|-boost|p1a: Salamence|atk|1
|-start|p1a: Salamence|confusion|[fatigue]
|
|-heal|p1a: Salamence|61/100 brn|[from] item: Leftovers
|-damage|p1a: Salamence|49/100 brn|[from] brn
|upkeep
|
|t:|1715021979
|switch|p2a: Volcarona|Volcarona, M|100/100
|-damage|p2a: Volcarona|51/100|[from] Stealth Rock
|turn|18
|
|t:|1715021985
|-activate|p1a: Salamence|confusion
|-damage|p1a: Salamence|8/100 brn|[from] confusion
|move|p2a: Volcarona|Quiver Dance|p2a: Volcarona
|-boost|p2a: Volcarona|spa|1
|-boost|p2a: Volcarona|spd|1
|-boost|p2a: Volcarona|spe|1
|
|-heal|p1a: Salamence|14/100 brn|[from] item: Leftovers
|-damage|p1a: Salamence|2/100 brn|[from] brn
|upkeep
|turn|19
|
|t:|1715021991
|-activate|p1a: Salamence|confusion
|move|p1a: Salamence|Earthquake|p2a: Volcarona
|-damage|p2a: Volcarona|0 fnt
|faint|p2a: Volcarona
|-ability|p1a: Salamence|Moxie|boost
|-boost|p1a: Salamence|atk|1
|
|-heal|p1a: Salamence|8/100 brn|[from] item: Leftovers
|-damage|p1a: Salamence|0 fnt|[from] brn
|faint|p1a: Salamence
|upkeep
|
|t:|1715021995
|switch|p1a: Magnezone|Magnezone|100/100
|switch|p2a: Jirachi|Jirachi|100/100
|-damage|p2a: Jirachi|94/100|[from] Stealth Rock
|turn|20
|
|t:|1715022001
|move|p2a: Jirachi|Iron Head|p1a: Magnezone
|-resisted|p1a: Magnezone
|-damage|p1a: Magnezone|91/100
|cant|p1a: Magnezone|flinch
|
|upkeep
|turn|21
|
|t:|1715022005
|move|p2a: Jirachi|Iron Head|p1a: Magnezone
|-resisted|p1a: Magnezone
|-damage|p1a: Magnezone|82/100
|move|p1a: Magnezone|Hidden Power|p2a: Jirachi
|-supereffective|p2a: Jirachi
|-damage|p2a: Jirachi|34/100
|-damage|p1a: Magnezone|72/100|[from] item: Life Orb
|
|upkeep
|turn|22
|
|t:|1715022007
|move|p2a: Jirachi|Iron Head|p1a: Magnezone
|-resisted|p1a: Magnezone
|-damage|p1a: Magnezone|64/100
|move|p1a: Magnezone|Hidden Power|p2a: Jirachi
|-supereffective|p2a: Jirachi
|-damage|p2a: Jirachi|0 fnt
|faint|p2a: Jirachi
|-damage|p1a: Magnezone|54/100|[from] item: Life Orb
|
|win|Sakkiota
|raw|Sakkiota's rating: 1330 &rarr; <strong>1351</strong><br />(+21 for winning)
|raw|fredel's rating: 1341 &rarr; <strong>1320</strong><br />(-21 for losing)
