|j|☆porrompompom
|j|☆The Daisuke
|player|p1|porrompompom|169
|player|p2|The Daisuke|152
|teamsize|p1|6
|teamsize|p2|6
|gametype|singles
|gen|5
|tier|[Gen 5] OU
|rated|
|rule|Sleep Clause Mod: Limit one foe put to sleep
|rule|Species Clause: Limit one of each Pokémon
|rule|OHKO Clause: OHKO moves are banned
|rule|Moody Clause: Moody is banned
|rule|Evasion Moves Clause: Evasion moves are banned
|rule|Endless Battle Clause: Forcing endless battles is banned
|rule|HP Percentage Mod: HP is shown in percentages
|rule|Evasion Abilities Clause: Evasion abilities are banned
|rule|Baton Pass Clause: Limit one Baton Passer, can't pass Spe and other stats simultaneously
|rule|Swagger Clause: Swagger is banned
|clearpoke
|poke|p1|Latias, F|item
|poke|p1|Landorus-Therian, M|item
|poke|p1|Politoed, F|item
|poke|p1|Tentacruel, F|item
|poke|p1|Jirachi|item
|poke|p1|Ferrothorn, M|item
|poke|p2|Politoed, M|item
|poke|p2|Tentacruel, M|item
|poke|p2|Ferrothorn, M|item
|poke|p2|Celebi|item
|poke|p2|Landorus-Therian, M|item
|poke|p2|Terrakion|item
|teampreview
|
|start
|switch|p1a: Politoed|Politoed, F|100/100
|switch|p2a: Landorus|Landorus-Therian, M|100/100
|-ability|p2a: Landorus|Intimidate|boost
|-unboost|p1a: Politoed|atk|1
|-weather|RainDance|[from] ability: Drizzle|[of] p1a: Politoed
|turn|1
|inactive|Battle timer is ON: inactive players will automatically lose when time's up. (requested by The Daisuke)
|
|move|p2a: Landorus|U-turn|p1a: Politoed
|-damage|p1a: Politoed|81/100
|
|switch|p2a: Celebi|Celebi|100/100
|move|p1a: Politoed|Scald|p2a: Celebi
|-resisted|p2a: Celebi
|-damage|p2a: Celebi|89/100
|-status|p2a: Celebi|brn
|
|-weather|RainDance|[upkeep]
|-heal|p2a: Celebi|95/100 brn|[from] item: Leftovers
|-heal|p1a: Politoed|87/100|[from] item: Leftovers
|-damage|p2a: Celebi|82/100 brn|[from] brn
|upkeep
|turn|2
|
|switch|p1a: Landorus|Landorus-Therian, M|100/100
|-ability|p1a: Landorus|Intimidate|boost
|-unboost|p2a: Celebi|atk|1
|move|p2a: Celebi|Stealth Rock|p1a: Landorus
|-sidestart|p1: porrompompom|move: Stealth Rock
|
|-weather|RainDance|[upkeep]
|-heal|p2a: Celebi|89/100 brn|[from] item: Leftovers
|-damage|p2a: Celebi|76/100 brn|[from] brn
|upkeep
|turn|3
|
|switch|p2a: Ferrothorn|Ferrothorn, M|100/100
|move|p1a: Landorus|Stealth Rock|p2a: Ferrothorn
|-sidestart|p2: The Daisuke|move: Stealth Rock
|
|-weather|RainDance|[upkeep]
|upkeep
|turn|4
|
|move|p1a: Landorus|U-turn|p2a: Ferrothorn
|-damage|p2a: Ferrothorn|87/100
|-damage|p1a: Landorus|88/100|[from] ability: Iron Barbs|[of] p2a: Ferrothorn
|
|switch|p1a: Jirachi|Jirachi|100/100
|-damage|p1a: Jirachi|94/100|[from] Stealth Rock
|move|p2a: Ferrothorn|Spikes|p1a: Jirachi
|-sidestart|p1: porrompompom|Spikes
|
|-weather|RainDance|[upkeep]
|-heal|p1a: Jirachi|100/100|[from] item: Leftovers
|-heal|p2a: Ferrothorn|93/100|[from] item: Leftovers
|upkeep
|turn|5
|
|switch|p2a: Landorus|Landorus-Therian, M|100/100
|-damage|p2a: Landorus|88/100|[from] Stealth Rock
|-ability|p2a: Landorus|Intimidate|boost
|-unboost|p1a: Jirachi|atk|1
|move|p1a: Jirachi|Substitute|p1a: Jirachi
|-start|p1a: Jirachi|Substitute
|-damage|p1a: Jirachi|75/100
|
|-weather|RainDance|[upkeep]
|-heal|p1a: Jirachi|82/100|[from] item: Leftovers
|upkeep
|turn|6
|
|move|p2a: Landorus|Earthquake|p1a: Jirachi
|-supereffective|p1a: Jirachi
|-end|p1a: Jirachi|Substitute
|move|p1a: Jirachi|Thunder|p2a: Landorus
|-immune|p2a: Landorus
|
|-weather|RainDance|[upkeep]
|-heal|p1a: Jirachi|88/100|[from] item: Leftovers
|upkeep
|turn|7
|
|switch|p1a: Latias|Latias, F|100/100
|-damage|p1a: Latias|88/100|[from] Stealth Rock
|move|p2a: Landorus|Earthquake|p1a: Latias
|-immune|p1a: Latias|[from] ability: Levitate
|
|-weather|RainDance|[upkeep]
|-heal|p1a: Latias|94/100|[from] item: Leftovers
|upkeep
|turn|8
|
|switch|p2a: Ferrothorn|Ferrothorn, M|93/100
|-damage|p2a: Ferrothorn|87/100|[from] Stealth Rock
|move|p1a: Latias|Substitute|p1a: Latias
|-start|p1a: Latias|Substitute
|-damage|p1a: Latias|69/100
|
|-weather|RainDance|[upkeep]
|-heal|p1a: Latias|75/100|[from] item: Leftovers
|-heal|p2a: Ferrothorn|93/100|[from] item: Leftovers
|upkeep
|turn|9
|
|move|p1a: Latias|Roost|p1a: Latias
|-heal|p1a: Latias|100/100
|-singleturn|p1a: Latias|move: Roost
|move|p2a: Ferrothorn|Gyro Ball|p1a: Latias
|-end|p1a: Latias|Substitute
|
|-weather|RainDance|[upkeep]
|-heal|p2a: Ferrothorn|99/100|[from] item: Leftovers
|upkeep
|turn|10
|
|move|p1a: Latias|Substitute|p1a: Latias
|-start|p1a: Latias|Substitute
|-damage|p1a: Latias|76/100
|move|p2a: Ferrothorn|Leech Seed||[still]
|-fail|p2a: Ferrothorn
|
|-weather|RainDance|[upkeep]
|-heal|p1a: Latias|82/100|[from] item: Leftovers
|-heal|p2a: Ferrothorn|100/100|[from] item: Leftovers
|upkeep
|turn|11
|
|move|p1a: Latias|Roost|p1a: Latias
|-heal|p1a: Latias|100/100
|-singleturn|p1a: Latias|move: Roost
|move|p2a: Ferrothorn|Spikes|p1a: Latias
|-sidestart|p1: porrompompom|Spikes
|
|-weather|RainDance|[upkeep]
|upkeep
|turn|12
|
|move|p1a: Latias|Calm Mind|p1a: Latias
|-boost|p1a: Latias|spa|1
|-boost|p1a: Latias|spd|1
|move|p2a: Ferrothorn|Gyro Ball|p1a: Latias
|-end|p1a: Latias|Substitute
|
|-weather|RainDance|[upkeep]
|upkeep
|turn|13
|
|switch|p1a: Tentacruel|Tentacruel, F|100/100
|-damage|p1a: Tentacruel|88/100|[from] Stealth Rock
|-damage|p1a: Tentacruel|71/100|[from] Spikes
|move|p2a: Ferrothorn|Gyro Ball|p1a: Tentacruel
|-resisted|p1a: Tentacruel
|-damage|p1a: Tentacruel|40/100
|
|-weather|RainDance|[upkeep]
|-heal|p1a: Tentacruel|46/100|[from] ability: Rain Dish
|-heal|p1a: Tentacruel|52/100|[from] item: Black Sludge
|upkeep
|turn|14
|
|move|p1a: Tentacruel|Protect|p1a: Tentacruel
|-singleturn|p1a: Tentacruel|Protect
|move|p2a: Ferrothorn|Leech Seed|p1a: Tentacruel
|-activate|p1a: Tentacruel|move: Protect
|
|-weather|RainDance|[upkeep]
|-heal|p1a: Tentacruel|58/100|[from] ability: Rain Dish
|-heal|p1a: Tentacruel|64/100|[from] item: Black Sludge
|upkeep
|turn|15
|
|move|p1a: Tentacruel|Rapid Spin|p2a: Ferrothorn
|-resisted|p2a: Ferrothorn
|-damage|p2a: Ferrothorn|99/100
|-damage|p1a: Tentacruel|52/100|[from] ability: Iron Barbs|[of] p2a: Ferrothorn
|-sideend|p1: porrompompom|Spikes|[from] move: Rapid Spin|[of] p1a: Tentacruel
|-sideend|p1: porrompompom|Stealth Rock|[from] move: Rapid Spin|[of] p1a: Tentacruel
|move|p2a: Ferrothorn|Leech Seed|p1a: Tentacruel
|-start|p1a: Tentacruel|move: Leech Seed
|
|-weather|RainDance|[upkeep]
|-heal|p1a: Tentacruel|58/100|[from] ability: Rain Dish
|-heal|p1a: Tentacruel|64/100|[from] item: Black Sludge
|-heal|p2a: Ferrothorn|100/100|[from] item: Leftovers
|-damage|p1a: Tentacruel|51/100|[from] Leech Seed|[of] p2a: Ferrothorn
|upkeep
|turn|16
|
|move|p1a: Tentacruel|Rapid Spin|p2a: Ferrothorn
|-resisted|p2a: Ferrothorn
|-damage|p2a: Ferrothorn|99/100
|-damage|p1a: Tentacruel|39/100|[from] ability: Iron Barbs|[of] p2a: Ferrothorn
|-end|p1a: Tentacruel|Leech Seed|[from] move: Rapid Spin|[of] p1a: Tentacruel
|move|p2a: Ferrothorn|Leech Seed|p1a: Tentacruel
|-start|p1a: Tentacruel|move: Leech Seed
|
|-weather|RainDance|[upkeep]
|-heal|p1a: Tentacruel|45/100|[from] ability: Rain Dish
|-heal|p1a: Tentacruel|51/100|[from] item: Black Sludge
|-heal|p2a: Ferrothorn|100/100|[from] item: Leftovers
|-damage|p1a: Tentacruel|39/100|[from] Leech Seed|[of] p2a: Ferrothorn
|upkeep
|turn|17
|
|switch|p1a: Jirachi|Jirachi|88/100
|move|p2a: Ferrothorn|Gyro Ball|p1a: Jirachi
|-resisted|p1a: Jirachi
|-damage|p1a: Jirachi|69/100
|
|-weather|RainDance|[upkeep]
|-heal|p1a: Jirachi|75/100|[from] item: Leftovers
|upkeep
|turn|18
|
|switch|p1a: Tentacruel|Tentacruel, F|39/100
|switch|p2a: Landorus|Landorus-Therian, M|88/100
|-damage|p2a: Landorus|76/100|[from] Stealth Rock
|-ability|p2a: Landorus|Intimidate|boost
|-unboost|p1a: Tentacruel|atk|1
|
|-weather|RainDance|[upkeep]
|-heal|p1a: Tentacruel|45/100|[from] ability: Rain Dish
|-heal|p1a: Tentacruel|51/100|[from] item: Black Sludge
|upkeep
|turn|19
|
|switch|p2a: Celebi|Celebi|76/100
|-damage|p2a: Celebi|64/100|[from] Stealth Rock
|move|p1a: Tentacruel|Protect||[still]
|-fail|p1a: Tentacruel
|
|-weather|RainDance|[upkeep]
|-heal|p1a: Tentacruel|57/100|[from] ability: Rain Dish
|-heal|p1a: Tentacruel|63/100|[from] item: Black Sludge
|-heal|p2a: Celebi|70/100|[from] item: Leftovers
|upkeep
|turn|20
|
|switch|p1a: Jirachi|Jirachi|75/100
|move|p2a: Celebi|Stealth Rock|p1a: Jirachi
|-sidestart|p1: porrompompom|move: Stealth Rock
|
|-weather|RainDance|[upkeep]
|-heal|p1a: Jirachi|81/100|[from] item: Leftovers
|-heal|p2a: Celebi|76/100|[from] item: Leftovers
|upkeep
|turn|21
|
|move|p1a: Jirachi|Substitute|p1a: Jirachi
|-start|p1a: Jirachi|Substitute
|-damage|p1a: Jirachi|56/100
|move|p2a: Celebi|U-turn|p1a: Jirachi
|-activate|p1a: Jirachi|Substitute|[damage]
|
|switch|p2a: Tentacruel|Tentacruel, M, shiny|100/100
|-damage|p2a: Tentacruel|88/100|[from] Stealth Rock
|
|-weather|RainDance|[upkeep]
|-heal|p2a: Tentacruel|94/100|[from] ability: Rain Dish
|-heal|p1a: Jirachi|63/100|[from] item: Leftovers
|-heal|p2a: Tentacruel|99/100|[from] item: Black Sludge
|upkeep
|turn|22
|
|move|p1a: Jirachi|Calm Mind|p1a: Jirachi
|-boost|p1a: Jirachi|spa|1
|-boost|p1a: Jirachi|spd|1
|move|p2a: Tentacruel|Rapid Spin|p1a: Jirachi
|-resisted|p1a: Jirachi
|-activate|p1a: Jirachi|Substitute|[damage]
|-sideend|p2: The Daisuke|Stealth Rock|[from] move: Rapid Spin|[of] p2a: Tentacruel
|
|-weather|RainDance|[upkeep]
|-heal|p2a: Tentacruel|100/100|[from] ability: Rain Dish
|-heal|p1a: Jirachi|69/100|[from] item: Leftovers
|upkeep
|turn|23
|
|move|p1a: Jirachi|Calm Mind|p1a: Jirachi
|-boost|p1a: Jirachi|spa|1
|-boost|p1a: Jirachi|spd|1
|move|p2a: Tentacruel|Scald|p1a: Jirachi
|-end|p1a: Jirachi|Substitute
|
|-weather|RainDance|[upkeep]
|-heal|p1a: Jirachi|75/100|[from] item: Leftovers
|upkeep
|turn|24
|
|switch|p2a: Landorus|Landorus-Therian, M|76/100
|-ability|p2a: Landorus|Intimidate|boost
|-unboost|p1a: Jirachi|atk|1
|move|p1a: Jirachi|Substitute|p1a: Jirachi
|-start|p1a: Jirachi|Substitute
|-damage|p1a: Jirachi|50/100
|
|-weather|RainDance|[upkeep]
|-heal|p1a: Jirachi|56/100|[from] item: Leftovers
|upkeep
|turn|25
|
|move|p2a: Landorus|U-turn|p1a: Jirachi
|-activate|p1a: Jirachi|Substitute|[damage]
|
|switch|p2a: Celebi|Celebi|76/100
|move|p1a: Jirachi|Psyshock|p2a: Celebi
|-resisted|p2a: Celebi
|-damage|p2a: Celebi|54/100
|
|-weather|RainDance|[upkeep]
|-heal|p1a: Jirachi|62/100|[from] item: Leftovers
|-heal|p2a: Celebi|60/100|[from] item: Leftovers
|upkeep
|turn|26
|
|switch|p1a: Tentacruel|Tentacruel, F|63/100
|-damage|p1a: Tentacruel|51/100|[from] Stealth Rock
|move|p2a: Celebi|U-turn|p1a: Tentacruel
|-resisted|p1a: Tentacruel
|-damage|p1a: Tentacruel|42/100
|
|switch|p2a: Landorus|Landorus-Therian, M|76/100
|-ability|p2a: Landorus|Intimidate|boost
|-unboost|p1a: Tentacruel|atk|1
|
|-weather|RainDance|[upkeep]
|-heal|p1a: Tentacruel|48/100|[from] ability: Rain Dish
|-heal|p1a: Tentacruel|55/100|[from] item: Black Sludge
|upkeep
|turn|27
|
|switch|p1a: Latias|Latias, F|100/100
|-damage|p1a: Latias|88/100|[from] Stealth Rock
|move|p2a: Landorus|Earthquake|p1a: Latias
|-immune|p1a: Latias|[from] ability: Levitate
|
|-weather|RainDance|[upkeep]
|-heal|p1a: Latias|94/100|[from] item: Leftovers
|upkeep
|turn|28
|
|switch|p2a: Celebi|Celebi|60/100
|switch|p1a: Tentacruel|Tentacruel, F|55/100
|-damage|p1a: Tentacruel|42/100|[from] Stealth Rock
|
|-weather|RainDance|[upkeep]
|-heal|p1a: Tentacruel|48/100|[from] ability: Rain Dish
|-heal|p1a: Tentacruel|54/100|[from] item: Black Sludge
|-heal|p2a: Celebi|66/100|[from] item: Leftovers
|upkeep
|turn|29
|
|move|p1a: Tentacruel|Rapid Spin|p2a: Celebi
|-damage|p2a: Celebi|64/100
|-sideend|p1: porrompompom|Stealth Rock|[from] move: Rapid Spin|[of] p1a: Tentacruel
|move|p2a: Celebi|Psychic|p1a: Tentacruel
|-supereffective|p1a: Tentacruel
|-damage|p1a: Tentacruel|4/100
|
|-weather|RainDance|[upkeep]
|-heal|p1a: Tentacruel|10/100|[from] ability: Rain Dish
|-heal|p1a: Tentacruel|17/100|[from] item: Black Sludge
|-heal|p2a: Celebi|70/100|[from] item: Leftovers
|upkeep
|turn|30
|
|move|p1a: Tentacruel|Toxic Spikes|p2a: Celebi
|-sidestart|p2: The Daisuke|move: Toxic Spikes
|move|p2a: Celebi|Stealth Rock|p1a: Tentacruel
|-sidestart|p1: porrompompom|move: Stealth Rock
|
|-weather|RainDance|[upkeep]
|-heal|p1a: Tentacruel|23/100|[from] ability: Rain Dish
|-heal|p1a: Tentacruel|29/100|[from] item: Black Sludge
|-heal|p2a: Celebi|76/100|[from] item: Leftovers
|upkeep
|turn|31
|
|move|p1a: Tentacruel|Protect|p1a: Tentacruel
|-singleturn|p1a: Tentacruel|Protect
|move|p2a: Celebi|Psychic|p1a: Tentacruel
|-activate|p1a: Tentacruel|move: Protect
|
|-weather|RainDance|[upkeep]
|-heal|p1a: Tentacruel|35/100|[from] ability: Rain Dish
|-heal|p1a: Tentacruel|41/100|[from] item: Black Sludge
|-heal|p2a: Celebi|82/100|[from] item: Leftovers
|upkeep
|turn|32
|
|move|p1a: Tentacruel|Rapid Spin|p2a: Celebi
|-damage|p2a: Celebi|80/100
|-sideend|p1: porrompompom|Stealth Rock|[from] move: Rapid Spin|[of] p1a: Tentacruel
|move|p2a: Celebi|U-turn|p1a: Tentacruel
|-resisted|p1a: Tentacruel
|-damage|p1a: Tentacruel|32/100
|
|switch|p2a: Landorus|Landorus-Therian, M|76/100
|-ability|p2a: Landorus|Intimidate|boost
|-unboost|p1a: Tentacruel|atk|1
|
|-weather|RainDance|[upkeep]
|-heal|p1a: Tentacruel|38/100|[from] ability: Rain Dish
|-heal|p1a: Tentacruel|44/100|[from] item: Black Sludge
|upkeep
|turn|33
|
|move|p1a: Tentacruel|Protect|p1a: Tentacruel
|-singleturn|p1a: Tentacruel|Protect
|move|p2a: Landorus|U-turn|p1a: Tentacruel
|-activate|p1a: Tentacruel|move: Protect
|
|-weather|RainDance|[upkeep]
|-heal|p1a: Tentacruel|50/100|[from] ability: Rain Dish
|-heal|p1a: Tentacruel|56/100|[from] item: Black Sludge
|upkeep
|turn|34
|j| perpetual roaming
|
|move|p1a: Tentacruel|Protect|p1a: Tentacruel
|-singleturn|p1a: Tentacruel|Protect
|move|p2a: Landorus|U-turn|p1a: Tentacruel
|-activate|p1a: Tentacruel|move: Protect
|
|-weather|RainDance|[upkeep]
|-heal|p1a: Tentacruel|62/100|[from] ability: Rain Dish
|-heal|p1a: Tentacruel|68/100|[from] item: Black Sludge
|upkeep
|turn|35
|
|switch|p1a: Ferrothorn|Ferrothorn, M|100/100
|move|p2a: Landorus|U-turn|p1a: Ferrothorn
|-damage|p1a: Ferrothorn|85/100
|-damage|p2a: Landorus|64/100|[from] ability: Iron Barbs|[of] p1a: Ferrothorn
|
|switch|p2a: Tentacruel|Tentacruel, M, shiny|100/100
|-sideend|p2: The Daisuke|move: Toxic Spikes|[of] p2a: Tentacruel
|
|-weather|RainDance|[upkeep]
|-heal|p1a: Ferrothorn|91/100|[from] item: Leftovers
|upkeep
|turn|36
|
|switch|p1a: Politoed|Politoed, F|87/100
|move|p2a: Tentacruel|Scald|p1a: Politoed
|-resisted|p1a: Politoed
|-damage|p1a: Politoed|72/100
|
|-weather|RainDance|[upkeep]
|-heal|p1a: Politoed|78/100|[from] item: Leftovers
|upkeep
|turn|37
|
|move|p2a: Tentacruel|Toxic|p1a: Politoed
|-status|p1a: Politoed|tox
|move|p1a: Politoed|Scald|p2a: Tentacruel
|-resisted|p2a: Tentacruel
|-damage|p2a: Tentacruel|85/100
|-status|p2a: Tentacruel|brn
|
|-weather|RainDance|[upkeep]
|-heal|p2a: Tentacruel|91/100 brn|[from] ability: Rain Dish
|-heal|p2a: Tentacruel|97/100 brn|[from] item: Black Sludge
|-heal|p1a: Politoed|84/100 tox|[from] item: Leftovers
|-damage|p2a: Tentacruel|85/100 brn|[from] brn
|-damage|p1a: Politoed|78/100 tox|[from] psn
|upkeep
|turn|38
|
|switch|p2a: Celebi|Celebi|80/100
|move|p1a: Politoed|Refresh|p1a: Politoed
|-curestatus|p1a: Politoed|tox|[msg]
|
|-weather|RainDance|[upkeep]
|-heal|p2a: Celebi|86/100|[from] item: Leftovers
|-heal|p1a: Politoed|84/100|[from] item: Leftovers
|upkeep
|turn|39
|
|switch|p1a: Landorus|Landorus-Therian, M|88/100
|-ability|p1a: Landorus|Intimidate|boost
|-unboost|p2a: Celebi|atk|1
|move|p2a: Celebi|Stealth Rock|p1a: Landorus
|-sidestart|p1: porrompompom|move: Stealth Rock
|
|-weather|RainDance|[upkeep]
|-heal|p1a: Landorus|94/100|[from] item: Leftovers
|-heal|p2a: Celebi|92/100|[from] item: Leftovers
|upkeep
|turn|40
|
|move|p1a: Landorus|Stealth Rock|p2a: Celebi
|-sidestart|p2: The Daisuke|move: Stealth Rock
|move|p2a: Celebi|U-turn|p1a: Landorus
|-resisted|p1a: Landorus
|-damage|p1a: Landorus|90/100
|
|switch|p2a: Politoed|Politoed, M|100/100
|-damage|p2a: Politoed|88/100|[from] Stealth Rock
|
|-weather|RainDance|[upkeep]
|-heal|p1a: Landorus|96/100|[from] item: Leftovers
|-heal|p2a: Politoed|94/100|[from] item: Leftovers
|upkeep
|turn|41
|
|move|p1a: Landorus|U-turn|p2a: Politoed
|-damage|p2a: Politoed|78/100
|
|switch|p1a: Politoed|Politoed, F|84/100
|-damage|p1a: Politoed|71/100|[from] Stealth Rock
|move|p2a: Politoed|Scald|p1a: Politoed
|-resisted|p1a: Politoed
|-damage|p1a: Politoed|55/100
|
|-weather|RainDance|[upkeep]
|-heal|p1a: Politoed|61/100|[from] item: Leftovers
|-heal|p2a: Politoed|84/100|[from] item: Leftovers
|upkeep
|turn|42
|
|move|p2a: Politoed|Protect|p2a: Politoed
|-singleturn|p2a: Politoed|Protect
|move|p1a: Politoed|Toxic|p2a: Politoed
|-activate|p2a: Politoed|move: Protect
|
|-weather|RainDance|[upkeep]
|-heal|p1a: Politoed|67/100|[from] item: Leftovers
|-heal|p2a: Politoed|90/100|[from] item: Leftovers
|upkeep
|turn|43
|
|switch|p2a: Celebi|Celebi|92/100
|-damage|p2a: Celebi|80/100|[from] Stealth Rock
|move|p1a: Politoed|Toxic|p2a: Celebi
|-status|p2a: Celebi|tox
|
|-weather|RainDance|[upkeep]
|-heal|p2a: Celebi|86/100 tox|[from] item: Leftovers
|-heal|p1a: Politoed|73/100|[from] item: Leftovers
|-damage|p2a: Celebi|80/100 tox|[from] psn
|upkeep
|turn|44
|
|move|p1a: Politoed|Protect|p1a: Politoed
|-singleturn|p1a: Politoed|Protect
|move|p2a: Celebi|U-turn|p1a: Politoed
|-activate|p1a: Politoed|move: Protect
|
|-weather|RainDance|[upkeep]
|-heal|p2a: Celebi|86/100 tox|[from] item: Leftovers
|-heal|p1a: Politoed|79/100|[from] item: Leftovers
|-damage|p2a: Celebi|74/100 tox|[from] psn
|upkeep
|turn|45
|
|move|p2a: Celebi|Psychic|p1a: Politoed
|-damage|p1a: Politoed|52/100
|move|p1a: Politoed|Scald|p2a: Celebi
|-resisted|p2a: Celebi
|-damage|p2a: Celebi|62/100 tox
|
|-weather|RainDance|[upkeep]
|-heal|p2a: Celebi|68/100 tox|[from] item: Leftovers
|-heal|p1a: Politoed|58/100|[from] item: Leftovers
|-damage|p2a: Celebi|49/100 tox|[from] psn
|upkeep
|turn|46
|
|move|p2a: Celebi|Recover|p2a: Celebi
|-heal|p2a: Celebi|99/100 tox
|move|p1a: Politoed|Scald|p2a: Celebi
|-resisted|p2a: Celebi
|-damage|p2a: Celebi|88/100 tox
|
|-weather|RainDance|[upkeep]
|-heal|p2a: Celebi|94/100 tox|[from] item: Leftovers
|-heal|p1a: Politoed|64/100|[from] item: Leftovers
|-damage|p2a: Celebi|70/100 tox|[from] psn
|upkeep
|turn|47
|
|-curestatus|p2a: Celebi|tox|[from] ability: Natural Cure
|switch|p2a: Ferrothorn|Ferrothorn, M|100/100
|-damage|p2a: Ferrothorn|94/100|[from] Stealth Rock
|move|p1a: Politoed|Protect||[still]
|-fail|p1a: Politoed
|
|-weather|RainDance|[upkeep]
|-heal|p1a: Politoed|70/100|[from] item: Leftovers
|-heal|p2a: Ferrothorn|100/100|[from] item: Leftovers
|upkeep
|turn|48
|
|move|p1a: Politoed|Scald|p2a: Ferrothorn
|-resisted|p2a: Ferrothorn
|-crit|p2a: Ferrothorn
|-damage|p2a: Ferrothorn|72/100
|move|p2a: Ferrothorn|Leech Seed|p1a: Politoed
|-start|p1a: Politoed|move: Leech Seed
|
|-weather|RainDance|[upkeep]
|-heal|p1a: Politoed|76/100|[from] item: Leftovers
|-heal|p2a: Ferrothorn|78/100|[from] item: Leftovers
|-damage|p1a: Politoed|64/100|[from] Leech Seed|[of] p2a: Ferrothorn
|-heal|p2a: Ferrothorn|91/100|[silent]
|upkeep
|turn|49
|
|switch|p1a: Tentacruel|Tentacruel, F|68/100
|-damage|p1a: Tentacruel|56/100|[from] Stealth Rock
|move|p2a: Ferrothorn|Spikes|p1a: Tentacruel
|-sidestart|p1: porrompompom|Spikes
|
|-weather|RainDance|[upkeep]
|-heal|p1a: Tentacruel|62/100|[from] ability: Rain Dish
|-heal|p1a: Tentacruel|68/100|[from] item: Black Sludge
|-heal|p2a: Ferrothorn|98/100|[from] item: Leftovers
|upkeep
|turn|50
|
|move|p1a: Tentacruel|Rapid Spin|p2a: Ferrothorn
|-resisted|p2a: Ferrothorn
|-damage|p2a: Ferrothorn|97/100
|-damage|p1a: Tentacruel|56/100|[from] ability: Iron Barbs|[of] p2a: Ferrothorn
|-sideend|p1: porrompompom|Spikes|[from] move: Rapid Spin|[of] p1a: Tentacruel
|-sideend|p1: porrompompom|Stealth Rock|[from] move: Rapid Spin|[of] p1a: Tentacruel
|move|p2a: Ferrothorn|Leech Seed|p1a: Tentacruel
|-start|p1a: Tentacruel|move: Leech Seed
|
|-weather|RainDance|[upkeep]
|-heal|p1a: Tentacruel|62/100|[from] ability: Rain Dish
|-heal|p1a: Tentacruel|68/100|[from] item: Black Sludge
|-heal|p2a: Ferrothorn|100/100|[from] item: Leftovers
|-damage|p1a: Tentacruel|55/100|[from] Leech Seed|[of] p2a: Ferrothorn
|upkeep
|turn|51
|
|switch|p2a: Celebi|Celebi|70/100
|-damage|p2a: Celebi|57/100|[from] Stealth Rock
|move|p1a: Tentacruel|Scald|p2a: Celebi
|-resisted|p2a: Celebi
|-damage|p2a: Celebi|46/100
|
|-weather|RainDance|[upkeep]
|-heal|p1a: Tentacruel|61/100|[from] ability: Rain Dish
|-heal|p1a: Tentacruel|68/100|[from] item: Black Sludge
|-heal|p2a: Celebi|52/100|[from] item: Leftovers
|-damage|p1a: Tentacruel|55/100|[from] Leech Seed|[of] p2a: Celebi
|-heal|p2a: Celebi|63/100|[silent]
|upkeep
|turn|52
|
|switch|p1a: Landorus|Landorus-Therian, M|96/100
|-ability|p1a: Landorus|Intimidate|boost
|-unboost|p2a: Celebi|atk|1
|move|p2a: Celebi|Stealth Rock|p1a: Landorus
|-sidestart|p1: porrompompom|move: Stealth Rock
|
|-weather|RainDance|[upkeep]
|-heal|p1a: Landorus|100/100|[from] item: Leftovers
|-heal|p2a: Celebi|69/100|[from] item: Leftovers
|upkeep
|turn|53
|
|switch|p2a: Landorus|Landorus-Therian, M|64/100
|-damage|p2a: Landorus|52/100|[from] Stealth Rock
|-ability|p2a: Landorus|Intimidate|boost
|-unboost|p1a: Landorus|atk|1
|move|p1a: Landorus|U-turn|p2a: Landorus
|-resisted|p2a: Landorus
|-damage|p2a: Landorus|43/100
|
|switch|p1a: Ferrothorn|Ferrothorn, M|91/100
|-damage|p1a: Ferrothorn|85/100|[from] Stealth Rock
|
|-weather|RainDance|[upkeep]
|-heal|p1a: Ferrothorn|91/100|[from] item: Leftovers
|upkeep
|turn|54
|
|switch|p2a: Celebi|Celebi|69/100
|-damage|p2a: Celebi|57/100|[from] Stealth Rock
|move|p1a: Ferrothorn|Spikes|p2a: Celebi
|-sidestart|p2: The Daisuke|Spikes
|
|-weather|RainDance|[upkeep]
|-heal|p2a: Celebi|63/100|[from] item: Leftovers
|-heal|p1a: Ferrothorn|97/100|[from] item: Leftovers
|upkeep
|turn|55
|
|move|p2a: Celebi|Recover|p2a: Celebi
|-heal|p2a: Celebi|100/100
|move|p1a: Ferrothorn|Spikes|p2a: Celebi
|-sidestart|p2: The Daisuke|Spikes
|
|-weather|RainDance|[upkeep]
|-heal|p1a: Ferrothorn|100/100|[from] item: Leftovers
|upkeep
|turn|56
|
|switch|p2a: Ferrothorn|Ferrothorn, M|100/100
|-damage|p2a: Ferrothorn|94/100|[from] Stealth Rock
|-damage|p2a: Ferrothorn|78/100|[from] Spikes
|move|p1a: Ferrothorn|Power Whip|p2a: Ferrothorn
|-resisted|p2a: Ferrothorn
|-damage|p2a: Ferrothorn|72/100
|-damage|p1a: Ferrothorn|88/100|[from] ability: Iron Barbs|[of] p2a: Ferrothorn
|
|-weather|RainDance|[upkeep]
|-heal|p1a: Ferrothorn|94/100|[from] item: Leftovers
|-heal|p2a: Ferrothorn|78/100|[from] item: Leftovers
|upkeep
|turn|57
|
|switch|p1a: Tentacruel|Tentacruel, F|55/100
|-damage|p1a: Tentacruel|43/100|[from] Stealth Rock
|move|p2a: Ferrothorn|Spikes|p1a: Tentacruel
|-sidestart|p1: porrompompom|Spikes
|
|-weather|RainDance|[upkeep]
|-heal|p1a: Tentacruel|49/100|[from] ability: Rain Dish
|-heal|p1a: Tentacruel|55/100|[from] item: Black Sludge
|-heal|p2a: Ferrothorn|84/100|[from] item: Leftovers
|upkeep
|turn|58
|
|move|p1a: Tentacruel|Protect|p1a: Tentacruel
|-singleturn|p1a: Tentacruel|Protect
|move|p2a: Ferrothorn|Leech Seed|p1a: Tentacruel
|-activate|p1a: Tentacruel|move: Protect
|
|-weather|RainDance|[upkeep]
|-heal|p1a: Tentacruel|61/100|[from] ability: Rain Dish
|-heal|p1a: Tentacruel|67/100|[from] item: Black Sludge
|-heal|p2a: Ferrothorn|91/100|[from] item: Leftovers
|upkeep
|turn|59
|
|move|p1a: Tentacruel|Rapid Spin|p2a: Ferrothorn
|-resisted|p2a: Ferrothorn
|-damage|p2a: Ferrothorn|90/100
|-damage|p1a: Tentacruel|55/100|[from] ability: Iron Barbs|[of] p2a: Ferrothorn
|-sideend|p1: porrompompom|Spikes|[from] move: Rapid Spin|[of] p1a: Tentacruel
|-sideend|p1: porrompompom|Stealth Rock|[from] move: Rapid Spin|[of] p1a: Tentacruel
|move|p2a: Ferrothorn|Leech Seed|p1a: Tentacruel
|-start|p1a: Tentacruel|move: Leech Seed
|
|-weather|RainDance|[upkeep]
|-heal|p1a: Tentacruel|61/100|[from] ability: Rain Dish
|-heal|p1a: Tentacruel|67/100|[from] item: Black Sludge
|-heal|p2a: Ferrothorn|96/100|[from] item: Leftovers
|-damage|p1a: Tentacruel|54/100|[from] Leech Seed|[of] p2a: Ferrothorn
|-heal|p2a: Ferrothorn|100/100|[silent]
|upkeep
|turn|60
|
|switch|p1a: Jirachi|Jirachi|62/100
|move|p2a: Ferrothorn|Spikes|p1a: Jirachi
|-sidestart|p1: porrompompom|Spikes
|
|-weather|RainDance|[upkeep]
|-heal|p1a: Jirachi|69/100|[from] item: Leftovers
|upkeep
|turn|61
|
|switch|p2a: Celebi|Celebi|100/100
|-damage|p2a: Celebi|88/100|[from] Stealth Rock
|-damage|p2a: Celebi|72/100|[from] Spikes
|move|p1a: Jirachi|Substitute|p1a: Jirachi
|-start|p1a: Jirachi|Substitute
|-damage|p1a: Jirachi|44/100
|
|-weather|RainDance|[upkeep]
|-heal|p1a: Jirachi|50/100|[from] item: Leftovers
|-heal|p2a: Celebi|78/100|[from] item: Leftovers
|upkeep
|turn|62
|-message|The Daisuke forfeited.
|
|win|porrompompom
|l|☆The Daisuke
|raw|porrompompom's rating: 1619 &rarr; <strong>1630</strong><br />(+11 for winning)
|raw|The Daisuke's rating: 1462 &rarr; <strong>1450</strong><br />(-12 for losing)
