|j|☆Lt Lobotomy38
|j|☆Croaset
|t:|1707853514
|gametype|singles
|player|p1|Lt Lobotomy38|102|1348
|player|p2|Croaset|elesa|1435
|teamsize|p1|6
|teamsize|p2|6
|gen|5
|tier|[Gen 5] OU
|rated|
|rule|Species Clause: Limit one of each Pokémon
|rule|OHKO Clause: OHKO moves are banned
|rule|Moody Clause: Moody is banned
|rule|Evasion Items Clause: Evasion items are banned
|rule|Evasion Moves Clause: Evasion moves are banned
|rule|Endless Battle Clause: Forcing endless battles is banned
|rule|HP Percentage Mod: HP is shown in percentages
|rule|Evasion Abilities Clause: Evasion abilities are banned
|rule|Sleep Moves Clause: Sleep-inducing moves are banned
|rule|Swagger Clause: Swagger is banned
|rule|Baton Pass Stat Clause: No Baton Passer may have a way to boost its stats
|clearpoke
|poke|p1|Celebi|item
|poke|p1|Ferrothorn, F|item
|poke|p1|Terrakion|item
|poke|p1|Alakazam, F|item
|poke|p1|Heatran, M|item
|poke|p1|Scizor, F|item
|poke|p2|Politoed, F|item
|poke|p2|Tentacruel, F|item
|poke|p2|Ferrothorn, F|item
|poke|p2|Scizor, M|item
|poke|p2|Virizion|item
|poke|p2|Toxicroak, M|item
|teampreview
|
|t:|1707853539
|start
|switch|p1a: Celebi|Celebi|100/100
|switch|p2a: Politoed|Politoed, F, shiny|100/100
|-weather|RainDance|[from] ability: Drizzle|[of] p2a: Politoed
|turn|1
|
|t:|1707853545
|move|p1a: Celebi|Thunder Wave|p2a: Politoed
|-status|p2a: Politoed|par
|move|p2a: Politoed|Toxic|p1a: Celebi
|-status|p1a: Celebi|tox
|
|-weather|RainDance|[upkeep]
|-damage|p1a: Celebi|94/100 tox|[from] psn
|upkeep
|turn|2
|inactive|Battle timer is ON: inactive players will automatically lose when time's up. (requested by Lt Lobotomy38)
|
|t:|1707853561
|-curestatus|p1a: Celebi|tox|[from] ability: Natural Cure
|switch|p1a: Scizor|Scizor, F|100/100
|switch|p2a: Ferrothorn|Ferrothorn, F, shiny|100/100
|
|-weather|RainDance|[upkeep]
|upkeep
|turn|3
|
|t:|1707853568
|switch|p1a: Heatran|Heatran, M|100/100
|-item|p1a: Heatran|Air Balloon
|switch|p2a: Tentacruel|Tentacruel, F|100/100
|
|-weather|RainDance|[upkeep]
|upkeep
|turn|4
|
|t:|1707853578
|switch|p1a: Celebi|Celebi|94/100
|move|p2a: Tentacruel|Scald|p1a: Celebi
|-resisted|p1a: Celebi
|-damage|p1a: Celebi|79/100
|
|-weather|RainDance|[upkeep]
|-heal|p1a: Celebi|85/100|[from] item: Leftovers
|upkeep
|turn|5
|
|t:|1707853585
|switch|p2a: Scizor|Scizor, M|100/100
|move|p1a: Celebi|Psychic|p2a: Scizor
|-resisted|p2a: Scizor
|-damage|p2a: Scizor|75/100
|
|-weather|RainDance|[upkeep]
|-heal|p1a: Celebi|91/100|[from] item: Leftovers
|upkeep
|turn|6
|
|t:|1707853589
|move|p1a: Celebi|Hidden Power|p2a: Scizor
|-supereffective|p2a: Scizor
|-damage|p2a: Scizor|28/100
|move|p2a: Scizor|U-turn|p1a: Celebi
|-supereffective|p1a: Celebi
|-damage|p1a: Celebi|0 fnt
|faint|p1a: Celebi
|
|t:|1707853604
|switch|p2a: Tentacruel|Tentacruel, F|100/100|[from] U-turn
|
|-weather|RainDance|[upkeep]
|upkeep
|
|t:|1707853609
|switch|p1a: Alakazam|Alakazam, F|100/100
|turn|7
|
|t:|1707853617
|move|p2a: Tentacruel|Protect|p2a: Tentacruel
|-singleturn|p2a: Tentacruel|Protect
|move|p1a: Alakazam|Focus Blast|p2a: Tentacruel
|-activate|p2a: Tentacruel|move: Protect
|
|-weather|RainDance|[upkeep]
|upkeep
|turn|8
|
|t:|1707853634
|switch|p2a: Politoed|Politoed, F, shiny|100/100 par
|move|p1a: Alakazam|Focus Blast|p2a: Politoed|[miss]
|-miss|p1a: Alakazam|p2a: Politoed
|
|-weather|RainDance|[upkeep]
|upkeep
|turn|9
|
|t:|1707853643
|switch|p1a: Ferrothorn|Ferrothorn, F|100/100
|move|p2a: Politoed|Scald|p1a: Ferrothorn
|-resisted|p1a: Ferrothorn
|-crit|p1a: Ferrothorn
|-damage|p1a: Ferrothorn|67/100
|-status|p1a: Ferrothorn|brn
|
|-weather|RainDance|[upkeep]
|-heal|p1a: Ferrothorn|74/100 brn|[from] item: Leftovers
|-damage|p1a: Ferrothorn|61/100 brn|[from] brn
|upkeep
|turn|10
|
|t:|1707853658
|switch|p2a: Virizion|Virizion|100/100
|move|p1a: Ferrothorn|Spikes|p2a: Virizion
|-sidestart|p2: Croaset|Spikes
|
|-weather|RainDance|[upkeep]
|-heal|p1a: Ferrothorn|67/100 brn|[from] item: Leftovers
|-damage|p1a: Ferrothorn|55/100 brn|[from] brn
|upkeep
|turn|11
|
|t:|1707853669
|move|p2a: Virizion|Calm Mind|p2a: Virizion
|-boost|p2a: Virizion|spa|1
|-boost|p2a: Virizion|spd|1
|move|p1a: Ferrothorn|Spikes|p2a: Virizion
|-sidestart|p2: Croaset|Spikes
|
|-weather|RainDance|[upkeep]
|-heal|p1a: Ferrothorn|61/100 brn|[from] item: Leftovers
|-damage|p1a: Ferrothorn|49/100 brn|[from] brn
|upkeep
|turn|12
|
|t:|1707853678
|move|p2a: Virizion|Calm Mind|p2a: Virizion
|-boost|p2a: Virizion|spa|1
|-boost|p2a: Virizion|spd|1
|move|p1a: Ferrothorn|Gyro Ball|p2a: Virizion
|-damage|p2a: Virizion|68/100
|
|-weather|RainDance|[upkeep]
|-heal|p2a: Virizion|74/100|[from] item: Leftovers
|-heal|p1a: Ferrothorn|55/100 brn|[from] item: Leftovers
|-damage|p1a: Ferrothorn|42/100 brn|[from] brn
|upkeep
|turn|13
|
|t:|1707853682
|move|p2a: Virizion|Focus Blast|p1a: Ferrothorn
|-supereffective|p1a: Ferrothorn
|-damage|p1a: Ferrothorn|0 fnt
|faint|p1a: Ferrothorn
|
|-weather|RainDance|[upkeep]
|-heal|p2a: Virizion|80/100|[from] item: Leftovers
|upkeep
|
|t:|1707853687
|switch|p1a: Alakazam|Alakazam, F|100/100
|turn|14
|
|t:|1707853690
|move|p1a: Alakazam|Psyshock|p2a: Virizion
|-supereffective|p2a: Virizion
|-damage|p2a: Virizion|0 fnt
|faint|p2a: Virizion
|
|-weather|RainDance|[upkeep]
|upkeep
|
|t:|1707853707
|switch|p2a: Scizor|Scizor, M|28/100
|-damage|p2a: Scizor|11/100|[from] Spikes
|turn|15
|
|t:|1707853718
|switch|p1a: Scizor|Scizor, F|100/100
|move|p2a: Scizor|Bullet Punch|p1a: Scizor
|-resisted|p1a: Scizor
|-damage|p1a: Scizor|73/100
|
|-weather|RainDance|[upkeep]
|-heal|p1a: Scizor|80/100|[from] item: Leftovers
|upkeep
|turn|16
|
|t:|1707853729
|switch|p2a: Tentacruel|Tentacruel, F|100/100
|-damage|p2a: Tentacruel|84/100|[from] Spikes
|move|p1a: Scizor|U-turn|p2a: Tentacruel
|-resisted|p2a: Tentacruel
|-damage|p2a: Tentacruel|65/100
|
|t:|1707853736
|switch|p1a: Alakazam|Alakazam, F|100/100|[from] U-turn
|
|-weather|RainDance|[upkeep]
|-heal|p2a: Tentacruel|71/100|[from] ability: Rain Dish
|-heal|p2a: Tentacruel|77/100|[from] item: Black Sludge
|upkeep
|turn|17
|
|t:|1707853739
|move|p2a: Tentacruel|Protect|p2a: Tentacruel
|-singleturn|p2a: Tentacruel|Protect
|move|p1a: Alakazam|Psyshock|p2a: Tentacruel
|-activate|p2a: Tentacruel|move: Protect
|
|-weather|RainDance|[upkeep]
|-heal|p2a: Tentacruel|83/100|[from] ability: Rain Dish
|-heal|p2a: Tentacruel|90/100|[from] item: Black Sludge
|upkeep
|turn|18
|
|t:|1707853742
|switch|p2a: Ferrothorn|Ferrothorn, F, shiny|100/100
|-damage|p2a: Ferrothorn|84/100|[from] Spikes
|move|p1a: Alakazam|Psyshock|p2a: Ferrothorn
|-resisted|p2a: Ferrothorn
|-damage|p2a: Ferrothorn|68/100
|
|-weather|RainDance|[upkeep]
|-heal|p2a: Ferrothorn|74/100|[from] item: Leftovers
|upkeep
|turn|19
|
|t:|1707853751
|switch|p1a: Heatran|Heatran, M|100/100
|-item|p1a: Heatran|Air Balloon
|move|p2a: Ferrothorn|Knock Off|p1a: Heatran
|-resisted|p1a: Heatran
|-damage|p1a: Heatran|98/100
|-enditem|p1a: Heatran|Air Balloon
|
|-weather|RainDance|[upkeep]
|-heal|p2a: Ferrothorn|80/100|[from] item: Leftovers
|upkeep
|turn|20
|
|t:|1707853769
|switch|p2a: Tentacruel|Tentacruel, F|90/100
|-damage|p2a: Tentacruel|73/100|[from] Spikes
|move|p1a: Heatran|Earth Power|p2a: Tentacruel
|-supereffective|p2a: Tentacruel
|-damage|p2a: Tentacruel|18/100
|
|-weather|RainDance|[upkeep]
|-heal|p2a: Tentacruel|24/100|[from] ability: Rain Dish
|-heal|p2a: Tentacruel|30/100|[from] item: Black Sludge
|upkeep
|turn|21
|
|t:|1707853782
|move|p2a: Tentacruel|Scald|p1a: Heatran
|-supereffective|p1a: Heatran
|-damage|p1a: Heatran|39/100
|move|p1a: Heatran|Earth Power|p2a: Tentacruel
|-supereffective|p2a: Tentacruel
|-damage|p2a: Tentacruel|0 fnt
|faint|p2a: Tentacruel
|
|-weather|RainDance|[upkeep]
|upkeep
|
|t:|1707853790
|switch|p2a: Toxicroak|Toxicroak, M|100/100
|-damage|p2a: Toxicroak|84/100|[from] Spikes
|turn|22
|
|t:|1707853794
|move|p2a: Toxicroak|Drain Punch|p1a: Heatran
|-supereffective|p1a: Heatran
|-damage|p1a: Heatran|0 fnt
|-heal|p2a: Toxicroak|100/100|[from] drain|[of] p1a: Heatran
|faint|p1a: Heatran
|
|-weather|RainDance|[upkeep]
|upkeep
|
|t:|1707853799
|switch|p1a: Alakazam|Alakazam, F|100/100
|turn|23
|
|t:|1707853802
|switch|p2a: Scizor|Scizor, M|11/100
|-damage|p2a: Scizor|0 fnt|[from] Spikes
|faint|p2a: Scizor
|move|p1a: Alakazam|Psyshock|p2: Scizor|[notarget]
|-fail|p1a: Alakazam
|
|-weather|RainDance|[upkeep]
|upkeep
|
|t:|1707853806
|switch|p2a: Politoed|Politoed, F, shiny|100/100 par
|-damage|p2a: Politoed|84/100 par|[from] Spikes
|turn|24
|
|t:|1707853812
|switch|p1a: Scizor|Scizor, F|80/100
|move|p2a: Politoed|Scald|p1a: Scizor
|-damage|p1a: Scizor|33/100
|
|-weather|RainDance|[upkeep]
|-heal|p1a: Scizor|39/100|[from] item: Leftovers
|-heal|p2a: Politoed|90/100 par|[from] item: Leftovers
|upkeep
|turn|25
|
|t:|1707853823
|-activate|p2a: Politoed|move: Pursuit
|move|p1a: Scizor|Pursuit|p2a: Politoed|[from]Pursuit
|-damage|p2a: Politoed|68/100 par
|switch|p2a: Toxicroak|Toxicroak, M|100/100
|-damage|p2a: Toxicroak|84/100|[from] Spikes
|
|-weather|RainDance|[upkeep]
|-heal|p2a: Toxicroak|96/100|[from] ability: Dry Skin
|-heal|p2a: Toxicroak|100/100|[from] item: Black Sludge
|-heal|p1a: Scizor|45/100|[from] item: Leftovers
|upkeep
|turn|26
|
|t:|1707853834
|move|p1a: Scizor|Bullet Punch|p2a: Toxicroak
|-damage|p2a: Toxicroak|73/100
|move|p2a: Toxicroak|Substitute|p2a: Toxicroak
|-start|p2a: Toxicroak|Substitute
|-damage|p2a: Toxicroak|48/100
|
|-weather|RainDance|[upkeep]
|-heal|p2a: Toxicroak|60/100|[from] ability: Dry Skin
|-heal|p2a: Toxicroak|66/100|[from] item: Black Sludge
|-heal|p1a: Scizor|51/100|[from] item: Leftovers
|upkeep
|turn|27
|
|t:|1707853838
|move|p1a: Scizor|Bullet Punch|p2a: Toxicroak
|-end|p2a: Toxicroak|Substitute
|move|p2a: Toxicroak|Bulk Up|p2a: Toxicroak
|-boost|p2a: Toxicroak|atk|1
|-boost|p2a: Toxicroak|def|1
|
|-weather|RainDance|[upkeep]
|-heal|p2a: Toxicroak|79/100|[from] ability: Dry Skin
|-heal|p2a: Toxicroak|85/100|[from] item: Black Sludge
|-heal|p1a: Scizor|57/100|[from] item: Leftovers
|upkeep
|turn|28
|
|t:|1707853849
|move|p2a: Toxicroak|Substitute|p2a: Toxicroak
|-start|p2a: Toxicroak|Substitute
|-damage|p2a: Toxicroak|60/100
|move|p1a: Scizor|Swords Dance|p1a: Scizor
|-boost|p1a: Scizor|atk|2
|
|-weather|RainDance|[upkeep]
|-heal|p2a: Toxicroak|73/100|[from] ability: Dry Skin
|-heal|p2a: Toxicroak|79/100|[from] item: Black Sludge
|-heal|p1a: Scizor|64/100|[from] item: Leftovers
|upkeep
|turn|29
|
|t:|1707853853
|move|p1a: Scizor|Bullet Punch|p2a: Toxicroak
|-end|p2a: Toxicroak|Substitute
|move|p2a: Toxicroak|Bulk Up|p2a: Toxicroak
|-boost|p2a: Toxicroak|atk|1
|-boost|p2a: Toxicroak|def|1
|
|-weather|RainDance|[upkeep]
|-heal|p2a: Toxicroak|91/100|[from] ability: Dry Skin
|-heal|p2a: Toxicroak|98/100|[from] item: Black Sludge
|-heal|p1a: Scizor|70/100|[from] item: Leftovers
|upkeep
|turn|30
|
|t:|1707853859
|move|p2a: Toxicroak|Substitute|p2a: Toxicroak
|-start|p2a: Toxicroak|Substitute
|-damage|p2a: Toxicroak|73/100
|move|p1a: Scizor|Swords Dance|p1a: Scizor
|-boost|p1a: Scizor|atk|2
|
|-weather|RainDance|[upkeep]
|-heal|p2a: Toxicroak|85/100|[from] ability: Dry Skin
|-heal|p2a: Toxicroak|91/100|[from] item: Black Sludge
|-heal|p1a: Scizor|76/100|[from] item: Leftovers
|upkeep
|turn|31
|
|t:|1707853862
|move|p1a: Scizor|Bullet Punch|p2a: Toxicroak
|-end|p2a: Toxicroak|Substitute
|move|p2a: Toxicroak|Bulk Up|p2a: Toxicroak
|-boost|p2a: Toxicroak|atk|1
|-boost|p2a: Toxicroak|def|1
|
|-weather|RainDance|[upkeep]
|-heal|p2a: Toxicroak|100/100|[from] ability: Dry Skin
|-heal|p1a: Scizor|82/100|[from] item: Leftovers
|upkeep
|turn|32
|
|t:|1707853865
|move|p1a: Scizor|Bullet Punch|p2a: Toxicroak
|-damage|p2a: Toxicroak|65/100
|move|p2a: Toxicroak|Substitute|p2a: Toxicroak
|-start|p2a: Toxicroak|Substitute
|-damage|p2a: Toxicroak|40/100
|
|-weather|RainDance|[upkeep]
|-heal|p2a: Toxicroak|53/100|[from] ability: Dry Skin
|-heal|p2a: Toxicroak|59/100|[from] item: Black Sludge
|-heal|p1a: Scizor|88/100|[from] item: Leftovers
|upkeep
|turn|33
|
|t:|1707853867
|move|p1a: Scizor|Bullet Punch|p2a: Toxicroak
|-crit|p2a: Toxicroak
|-end|p2a: Toxicroak|Substitute
|move|p2a: Toxicroak|Bulk Up|p2a: Toxicroak
|-boost|p2a: Toxicroak|atk|1
|-boost|p2a: Toxicroak|def|1
|
|-weather|RainDance|[upkeep]
|-heal|p2a: Toxicroak|72/100|[from] ability: Dry Skin
|-heal|p2a: Toxicroak|78/100|[from] item: Black Sludge
|-heal|p1a: Scizor|94/100|[from] item: Leftovers
|upkeep
|turn|34
|
|t:|1707853871
|move|p1a: Scizor|Bullet Punch|p2a: Toxicroak
|-damage|p2a: Toxicroak|49/100
|move|p2a: Toxicroak|Substitute|p2a: Toxicroak
|-start|p2a: Toxicroak|Substitute
|-damage|p2a: Toxicroak|24/100
|
|-weather|RainDance|[upkeep]
|-heal|p2a: Toxicroak|36/100|[from] ability: Dry Skin
|-heal|p2a: Toxicroak|42/100|[from] item: Black Sludge
|-heal|p1a: Scizor|99/100|[from] item: Leftovers
|upkeep
|turn|35
|
|t:|1707853873
|move|p1a: Scizor|Bullet Punch|p2a: Toxicroak
|-end|p2a: Toxicroak|Substitute
|move|p2a: Toxicroak|Bulk Up|p2a: Toxicroak
|-boost|p2a: Toxicroak|atk|1
|-boost|p2a: Toxicroak|def|1
|
|-weather|RainDance|[upkeep]
|-heal|p2a: Toxicroak|55/100|[from] ability: Dry Skin
|-heal|p2a: Toxicroak|61/100|[from] item: Black Sludge
|-heal|p1a: Scizor|100/100|[from] item: Leftovers
|upkeep
|turn|36
|
|t:|1707853878
|move|p1a: Scizor|Bullet Punch|p2a: Toxicroak
|-damage|p2a: Toxicroak|36/100
|move|p2a: Toxicroak|Substitute|p2a: Toxicroak
|-start|p2a: Toxicroak|Substitute
|-damage|p2a: Toxicroak|12/100
|
|-weather|RainDance|[upkeep]
|-heal|p2a: Toxicroak|24/100|[from] ability: Dry Skin
|-heal|p2a: Toxicroak|30/100|[from] item: Black Sludge
|upkeep
|turn|37
|
|t:|1707853881
|move|p1a: Scizor|Bullet Punch|p2a: Toxicroak
|-crit|p2a: Toxicroak
|-end|p2a: Toxicroak|Substitute
|move|p2a: Toxicroak|Bulk Up|p2a: Toxicroak
|-boost|p2a: Toxicroak|atk|1
|-boost|p2a: Toxicroak|def|1
|
|-weather|RainDance|[upkeep]
|-heal|p2a: Toxicroak|43/100|[from] ability: Dry Skin
|-heal|p2a: Toxicroak|49/100|[from] item: Black Sludge
|upkeep
|turn|38
|
|t:|1707853886
|move|p1a: Scizor|Bullet Punch|p2a: Toxicroak
|-damage|p2a: Toxicroak|26/100
|move|p2a: Toxicroak|Substitute|p2a: Toxicroak
|-start|p2a: Toxicroak|Substitute
|-damage|p2a: Toxicroak|1/100
|
|-weather|RainDance|[upkeep]
|-heal|p2a: Toxicroak|13/100|[from] ability: Dry Skin
|-heal|p2a: Toxicroak|20/100|[from] item: Black Sludge
|upkeep
|turn|39
|
|t:|1707853892
|move|p1a: Scizor|Bullet Punch|p2a: Toxicroak
|-activate|p2a: Toxicroak|Substitute|[damage]
|move|p2a: Toxicroak|Drain Punch|p1a: Scizor
|-damage|p1a: Scizor|1/100
|-heal|p2a: Toxicroak|66/100|[from] drain|[of] p1a: Scizor
|
|-weather|RainDance|[upkeep]
|-heal|p2a: Toxicroak|79/100|[from] ability: Dry Skin
|-heal|p2a: Toxicroak|85/100|[from] item: Black Sludge
|-heal|p1a: Scizor|7/100|[from] item: Leftovers
|upkeep
|turn|40
|
|t:|1707853896
|move|p1a: Scizor|Bullet Punch|p2a: Toxicroak
|-end|p2a: Toxicroak|Substitute
|move|p2a: Toxicroak|Substitute|p2a: Toxicroak
|-start|p2a: Toxicroak|Substitute
|-damage|p2a: Toxicroak|60/100
|
|-weather|RainDance|[upkeep]
|-heal|p2a: Toxicroak|72/100|[from] ability: Dry Skin
|-heal|p2a: Toxicroak|79/100|[from] item: Black Sludge
|-heal|p1a: Scizor|13/100|[from] item: Leftovers
|upkeep
|turn|41
|
|t:|1707853901
|move|p1a: Scizor|Bullet Punch|p2a: Toxicroak
|-activate|p2a: Toxicroak|Substitute|[damage]
|move|p2a: Toxicroak|Drain Punch|p1a: Scizor
|-damage|p1a: Scizor|0 fnt
|-heal|p2a: Toxicroak|85/100|[from] drain|[of] p1a: Scizor
|faint|p1a: Scizor
|
|-weather|RainDance|[upkeep]
|-heal|p2a: Toxicroak|97/100|[from] ability: Dry Skin
|-heal|p2a: Toxicroak|100/100|[from] item: Black Sludge
|upkeep
|
|t:|1707853907
|switch|p1a: Terrakion|Terrakion|100/100
|turn|42
|
|t:|1707853910
|move|p1a: Terrakion|Earthquake|p2a: Toxicroak
|-supereffective|p2a: Toxicroak
|-end|p2a: Toxicroak|Substitute
|move|p2a: Toxicroak|Substitute|p2a: Toxicroak
|-start|p2a: Toxicroak|Substitute
|-damage|p2a: Toxicroak|76/100
|
|-weather|RainDance|[upkeep]
|-heal|p2a: Toxicroak|88/100|[from] ability: Dry Skin
|-heal|p2a: Toxicroak|94/100|[from] item: Black Sludge
|upkeep
|turn|43
|
|t:|1707853913
|move|p1a: Terrakion|Earthquake|p2a: Toxicroak
|-supereffective|p2a: Toxicroak
|-end|p2a: Toxicroak|Substitute
|move|p2a: Toxicroak|Drain Punch|p1a: Terrakion
|-supereffective|p1a: Terrakion
|-crit|p1a: Terrakion
|-damage|p1a: Terrakion|0 fnt
|-heal|p2a: Toxicroak|100/100|[from] drain|[of] p1a: Terrakion
|faint|p1a: Terrakion
|
|-weather|RainDance|[upkeep]
|upkeep
|
|t:|1707853915
|switch|p1a: Alakazam|Alakazam, F|100/100
|turn|44
|
|t:|1707853917
|move|p1a: Alakazam|Psyshock|p2a: Toxicroak
|-supereffective|p2a: Toxicroak
|-damage|p2a: Toxicroak|44/100
|move|p2a: Toxicroak|Drain Punch|p1a: Alakazam
|-resisted|p1a: Alakazam
|-enditem|p1a: Alakazam|Focus Sash
|-damage|p1a: Alakazam|1/100
|-heal|p2a: Toxicroak|78/100|[from] drain|[of] p1a: Alakazam
|
|-weather|RainDance|[upkeep]
|-heal|p2a: Toxicroak|90/100|[from] ability: Dry Skin
|-heal|p2a: Toxicroak|97/100|[from] item: Black Sludge
|upkeep
|turn|45
|
|t:|1707853920
|move|p1a: Alakazam|Psyshock|p2a: Toxicroak
|-supereffective|p2a: Toxicroak
|-damage|p2a: Toxicroak|35/100
|move|p2a: Toxicroak|Drain Punch|p1a: Alakazam
|-resisted|p1a: Alakazam
|-damage|p1a: Alakazam|0 fnt
|-heal|p2a: Toxicroak|35/100|[from] drain|[of] p1a: Alakazam
|faint|p1a: Alakazam
|
|win|Croaset
|raw|Lt Lobotomy38's rating: 1348 &rarr; <strong>1333</strong><br />(-15 for losing)
|raw|Croaset's rating: 1435 &rarr; <strong>1450</strong><br />(+15 for winning)
|l|☆Lt Lobotomy38
|player|p1|
