|j|☆ha6ha6
|j|☆ksksjsnsn
|t:|1731078753
|gametype|singles
|player|p1|ha6ha6|steven|1344
|player|p2|ksksjsnsn|102|1427
|teamsize|p1|6
|teamsize|p2|6
|gen|5
|tier|[Gen 5] OU
|rated|
|rule|Species Clause: Limit one of each Pokémon
|rule|OHKO Clause: OHKO moves are banned
|rule|Moody Clause: Moody is banned
|rule|Evasion Items Clause: Evasion items are banned
|rule|Evasion Moves Clause: Evasion moves are banned
|rule|Endless Battle Clause: Forcing endless battles is banned
|rule|HP Percentage Mod: HP is shown in percentages
|rule|Evasion Abilities Clause: Evasion abilities are banned
|rule|Sleep Moves Clause: Sleep-inducing moves are banned
|rule|Swagger Clause: Swagger is banned
|rule|Baton Pass Stat Clause: No Baton Passer may have a way to boost its stats
|clearpoke
|poke|p1|Breloom, F|item
|poke|p1|Dragonite, M|item
|poke|p1|Garchomp, F|item
|poke|p1|Starmie|item
|poke|p1|Scizor, F|item
|poke|p1|Volcarona, F|item
|poke|p2|Garchomp, M|item
|poke|p2|Breloom, F|item
|poke|p2|Dragonite, M|item
|poke|p2|Scizor, M|item
|poke|p2|Volcarona, M|item
|poke|p2|Starmie|item
|teampreview
|inactive|Battle timer is ON: inactive players will automatically lose when time's up. (requested by ha6ha6)
|
|t:|1731078763
|start
|switch|p1a: Garchomp|Garchomp, F|100/100
|switch|p2a: 龙傲天|Dragonite, M|100/100
|turn|1
|
|t:|1731078774
|move|p1a: Garchomp|Outrage|p2a: 龙傲天
|-supereffective|p2a: 龙傲天
|-damage|p2a: 龙傲天|18/100
|move|p2a: 龙傲天|Draco Meteor|p1a: Garchomp
|-supereffective|p1a: Garchomp
|-damage|p1a: Garchomp|0 fnt
|-unboost|p2a: 龙傲天|spa|2
|faint|p1a: Garchomp
|-damage|p2a: 龙傲天|8/100|[from] item: Life Orb
|
|upkeep
|
|t:|1731078791
|switch|p1a: Dragonite|Dragonite, M|100/100
|turn|2
|
|t:|1731078799
|move|p2a: 龙傲天|Extreme Speed|p1a: Dragonite
|-damage|p1a: Dragonite|84/100
|-damage|p2a: 龙傲天|0 fnt|[from] item: Life Orb
|faint|p2a: 龙傲天
|move|p1a: Dragonite|Extreme Speed|p2: 龙傲天|[notarget]
|-fail|p1a: Dragonite
|
|-heal|p1a: Dragonite|90/100|[from] item: Leftovers
|upkeep
|inactive|ksksjsnsn has 120 seconds left.
|
|t:|1731078830
|switch|p2a: 快给牢大降温|Starmie|100/100
|turn|3
|inactive|ksksjsnsn has 120 seconds left.
|
|t:|1731078841
|switch|p1a: Scizor|Scizor, F|100/100
|move|p2a: 快给牢大降温|Ice Beam|p1a: Scizor
|-resisted|p1a: Scizor
|-damage|p1a: Scizor|66/100
|-status|p1a: Scizor|frz
|
|upkeep
|turn|4
|inactive|ksksjsnsn has 120 seconds left.
|
|t:|1731078854
|switch|p2a: 我是牢大 燃起来了|Volcarona, M|100/100
|cant|p1a: Scizor|frz
|
|upkeep
|turn|5
|
|t:|1731078862
|switch|p1a: Breloom|Breloom, F|100/100
|move|p2a: 我是牢大 燃起来了|Bug Buzz|p1a: Breloom
|-enditem|p1a: Breloom|Focus Sash
|-damage|p1a: Breloom|1/100
|
|upkeep
|turn|6
|
|t:|1731078868
|move|p2a: 我是牢大 燃起来了|Bug Buzz|p1a: Breloom
|-damage|p1a: Breloom|0 fnt
|faint|p1a: Breloom
|
|upkeep
|
|t:|1731078871
|switch|p1a: Starmie|Starmie|100/100
|turn|7
|
|t:|1731078884
|switch|p2a: 爱打篮球|Breloom, F|100/100
|move|p1a: Starmie|Surf|p2a: 爱打篮球
|-resisted|p2a: 爱打篮球
|-damage|p2a: 爱打篮球|27/100
|-damage|p1a: Starmie|91/100|[from] item: Life Orb
|
|upkeep
|turn|8
|c|☆ha6ha6|lucky dog
|
|t:|1731078894
|move|p2a: 爱打篮球|Mach Punch|p1a: Starmie
|-resisted|p1a: Starmie
|-damage|p1a: Starmie|51/100
|move|p1a: Starmie|Ice Beam|p2a: 爱打篮球
|-supereffective|p2a: 爱打篮球
|-damage|p2a: 爱打篮球|0 fnt
|faint|p2a: 爱打篮球
|-damage|p1a: Starmie|41/100|[from] item: Life Orb
|
|upkeep
|
|t:|1731078912
|switch|p2a: 龙傲地|Garchomp, M|100/100
|turn|9
|
|t:|1731078921
|move|p2a: 龙傲地|Outrage|p1a: Starmie
|-damage|p1a: Starmie|0 fnt
|faint|p1a: Starmie
|
|upkeep
|
|t:|1731078928
|switch|p1a: Scizor|Scizor, F|66/100 frz
|turn|10
|
|t:|1731078930
|cant|p1a: Scizor|frz
|move|p2a: 龙傲地|Outrage|p1a: Scizor|[from]lockedmove
|-resisted|p1a: Scizor
|-damage|p1a: Scizor|37/100 frz
|-start|p2a: 龙傲地|confusion|[fatigue]
|
|upkeep
|turn|11
|
|t:|1731078934
|switch|p2a: 我是牢大 燃起来了|Volcarona, M|100/100
|cant|p1a: Scizor|frz
|
|upkeep
|turn|12
|
|t:|1731078951
|-curestatus|p1a: Scizor|frz|[msg]
|move|p1a: Scizor|Bullet Punch|p2a: 我是牢大 燃起来了
|-resisted|p2a: 我是牢大 燃起来了
|-damage|p2a: 我是牢大 燃起来了|65/100
|-damage|p1a: Scizor|27/100|[from] item: Life Orb
|move|p2a: 我是牢大 燃起来了|Flamethrower|p1a: Scizor
|-supereffective|p1a: Scizor
|-damage|p1a: Scizor|0 fnt
|faint|p1a: Scizor
|
|upkeep
|
|t:|1731078957
|switch|p1a: Dragonite|Dragonite, M|90/100
|turn|13
|
|t:|1731078980
|switch|p2a: 龙傲地|Garchomp, M|100/100
|move|p1a: Dragonite|Draco Meteor|p2a: 龙傲地
|-supereffective|p2a: 龙傲地
|-damage|p2a: 龙傲地|0 fnt
|-unboost|p1a: Dragonite|spa|2
|faint|p2a: 龙傲地
|
|-heal|p1a: Dragonite|96/100|[from] item: Leftovers
|upkeep
|
|t:|1731078985
|switch|p2a: 快给牢大降温|Starmie|100/100
|turn|14
|
|t:|1731078992
|move|p1a: Dragonite|Extreme Speed|p2a: 快给牢大降温
|-damage|p2a: 快给牢大降温|66/100
|move|p2a: 快给牢大降温|Ice Beam|p1a: Dragonite
|-supereffective|p1a: Dragonite
|-damage|p1a: Dragonite|0 fnt
|faint|p1a: Dragonite
|
|upkeep
|
|t:|1731078996
|switch|p1a: Volcarona|Volcarona, F|100/100
|turn|15
|
|t:|1731079021
|move|p2a: 快给牢大降温|Ice Beam|p1a: Volcarona
|-resisted|p1a: Volcarona
|-damage|p1a: Volcarona|78/100
|move|p1a: Volcarona|Quiver Dance|p1a: Volcarona
|-boost|p1a: Volcarona|spa|1
|-boost|p1a: Volcarona|spd|1
|-boost|p1a: Volcarona|spe|1
|
|-heal|p1a: Volcarona|84/100|[from] item: Leftovers
|upkeep
|turn|16
|
|t:|1731079037
|move|p1a: Volcarona|Quiver Dance|p1a: Volcarona
|-boost|p1a: Volcarona|spa|1
|-boost|p1a: Volcarona|spd|1
|-boost|p1a: Volcarona|spe|1
|move|p2a: 快给牢大降温|Ice Beam|p1a: Volcarona
|-resisted|p1a: Volcarona
|-damage|p1a: Volcarona|72/100
|-status|p1a: Volcarona|frz
|
|-heal|p1a: Volcarona|78/100 frz|[from] item: Leftovers
|upkeep
|turn|17
|
|t:|1731079042
|switch|p2a: 我是牢大 燃起来了|Volcarona, M|65/100
|cant|p1a: Volcarona|frz
|
|-heal|p1a: Volcarona|84/100 frz|[from] item: Leftovers
|upkeep
|turn|18
|
|t:|1731079059
|switch|p2a: 快给牢大降温|Starmie|66/100
|cant|p1a: Volcarona|frz
|
|-heal|p1a: Volcarona|90/100 frz|[from] item: Leftovers
|upkeep
|turn|19
|
|t:|1731079065
|cant|p1a: Volcarona|frz
|move|p2a: 快给牢大降温|Hydro Pump|p1a: Volcarona|[miss]
|-miss|p2a: 快给牢大降温|p1a: Volcarona
|
|-heal|p1a: Volcarona|96/100 frz|[from] item: Leftovers
|upkeep
|turn|20
|c|☆ha6ha6|666
|
|t:|1731079072
|cant|p1a: Volcarona|frz
|move|p2a: 快给牢大降温|Hydro Pump|p1a: Volcarona
|-supereffective|p1a: Volcarona
|-damage|p1a: Volcarona|0 fnt
|faint|p1a: Volcarona
|
|win|ksksjsnsn
|raw|ha6ha6's rating: 1317 &rarr; <strong>1303</strong><br />(-14 for losing)
|raw|ksksjsnsn's rating: 1427 &rarr; <strong>1441</strong><br />(+14 for winning)
|c|☆ha6ha6|gouyun
|c|☆ksksjsnsn|ez
|c|☆ha6ha6|ugly
|c|☆ksksjsnsn|国人
|c|☆ksksjsnsn|别骂了
