|j|☆ReallyFunTeams
|j|‽vustyfans
|t:|1725029941
|gametype|singles
|player|p1|ReallyFunTeams|fisherman-gen4|1445
|player|p2|vustyfans|170|1612
|teamsize|p1|6
|teamsize|p2|6
|gen|5
|tier|[Gen 5] OU
|rated|
|rule|Species Clause: Limit one of each Pokémon
|rule|OHKO Clause: OHKO moves are banned
|rule|Moody Clause: Moody is banned
|rule|Evasion Items Clause: Evasion items are banned
|rule|Evasion Moves Clause: Evasion moves are banned
|rule|Endless Battle Clause: Forcing endless battles is banned
|rule|HP Percentage Mod: HP is shown in percentages
|rule|Evasion Abilities Clause: Evasion abilities are banned
|rule|Sleep Moves Clause: Sleep-inducing moves are banned
|rule|Swagger Clause: Swagger is banned
|rule|Baton Pass Stat Clause: No Baton Passer may have a way to boost its stats
|clearpoke
|poke|p1|Forretress, M|item
|poke|p1|Dragonite, M|item
|poke|p1|Scizor, M|item
|poke|p1|Rotom-Wash|item
|poke|p1|Ferrothorn, F|item
|poke|p1|Alakazam, F|item
|poke|p2|Tyranitar, M|item
|poke|p2|Latias, F|item
|poke|p2|Rotom-Wash|item
|poke|p2|Alakazam, M|item
|poke|p2|Landorus-Therian, M|item
|poke|p2|Excadrill, F|item
|teampreview
|inactive|Battle timer is ON: inactive players will automatically lose when time's up. (requested by ReallyFunTeams)
|
|t:|1725029954
|start
|switch|p1a: Forretress|Forretress, M, shiny|100/100
|switch|p2a: Tyranitar|Tyranitar, M|100/100
|-weather|Sandstorm|[from] ability: Sand Stream|[of] p2a: Tyranitar
|turn|1
|
|t:|1725029960
|move|p2a: Tyranitar|Stealth Rock|p1a: Forretress
|-sidestart|p1: ReallyFunTeams|move: Stealth Rock
|move|p1a: Forretress|Stealth Rock|p2a: Tyranitar
|-sidestart|p2: vustyfans|move: Stealth Rock
|
|-weather|Sandstorm|[upkeep]
|upkeep
|turn|2
|
|t:|1725029969
|move|p2a: Tyranitar|Crunch|p1a: Forretress
|-resisted|p1a: Forretress
|-damage|p1a: Forretress|84/100
|move|p1a: Forretress|Rapid Spin|p2a: Tyranitar
|-resisted|p2a: Tyranitar
|-damage|p2a: Tyranitar|98/100
|-sideend|p1: ReallyFunTeams|Stealth Rock|[from] move: Rapid Spin|[of] p1a: Forretress
|
|-weather|Sandstorm|[upkeep]
|upkeep
|turn|3
|
|t:|1725029975
|move|p2a: Tyranitar|Stealth Rock|p1a: Forretress
|-sidestart|p1: ReallyFunTeams|move: Stealth Rock
|move|p1a: Forretress|Spikes|p2a: Tyranitar
|-sidestart|p2: vustyfans|Spikes
|
|-weather|Sandstorm|[upkeep]
|upkeep
|turn|4
|
|t:|1725029980
|move|p2a: Tyranitar|Crunch|p1a: Forretress
|-resisted|p1a: Forretress
|-crit|p1a: Forretress
|-damage|p1a: Forretress|51/100
|move|p1a: Forretress|Rapid Spin|p2a: Tyranitar
|-resisted|p2a: Tyranitar
|-damage|p2a: Tyranitar|96/100
|-sideend|p1: ReallyFunTeams|Stealth Rock|[from] move: Rapid Spin|[of] p1a: Forretress
|
|-weather|Sandstorm|[upkeep]
|upkeep
|turn|5
|
|t:|1725029988
|move|p2a: Tyranitar|Stealth Rock|p1a: Forretress
|-sidestart|p1: ReallyFunTeams|move: Stealth Rock
|move|p1a: Forretress|Spikes|p2a: Tyranitar
|-sidestart|p2: vustyfans|Spikes
|
|-weather|Sandstorm|[upkeep]
|upkeep
|turn|6
|
|t:|1725029993
|move|p2a: Tyranitar|Crunch|p1a: Forretress
|-resisted|p1a: Forretress
|-damage|p1a: Forretress|33/100
|move|p1a: Forretress|Rapid Spin|p2a: Tyranitar
|-resisted|p2a: Tyranitar
|-crit|p2a: Tyranitar
|-damage|p2a: Tyranitar|91/100
|-sideend|p1: ReallyFunTeams|Stealth Rock|[from] move: Rapid Spin|[of] p1a: Forretress
|
|-weather|Sandstorm|[upkeep]
|upkeep
|turn|7
|
|t:|1725030000
|move|p2a: Tyranitar|Stealth Rock|p1a: Forretress
|-sidestart|p1: ReallyFunTeams|move: Stealth Rock
|move|p1a: Forretress|Spikes|p2a: Tyranitar
|-sidestart|p2: vustyfans|Spikes
|
|-weather|Sandstorm|[upkeep]
|upkeep
|turn|8
|
|t:|1725030007
|move|p2a: Tyranitar|Superpower|p1a: Forretress
|-damage|p1a: Forretress|0 fnt
|-unboost|p2a: Tyranitar|atk|1
|-unboost|p2a: Tyranitar|def|1
|faint|p1a: Forretress
|
|-weather|Sandstorm|[upkeep]
|upkeep
|
|t:|1725030014
|switch|p1a: Scizor|Scizor, M|100/100
|-damage|p1a: Scizor|88/100|[from] Stealth Rock
|turn|9
|
|t:|1725030017
|switch|p2a: Landorus|Landorus-Therian, M|100/100
|-damage|p2a: Landorus|88/100|[from] Stealth Rock
|-ability|p2a: Landorus|Intimidate|boost
|-unboost|p1a: Scizor|atk|1
|move|p1a: Scizor|U-turn|p2a: Landorus
|-resisted|p2a: Landorus
|-damage|p2a: Landorus|73/100
|
|t:|1725030038
|switch|p1a: Alakazam|Alakazam, F|100/100|[from] U-turn
|
|-weather|Sandstorm|[upkeep]
|upkeep
|turn|10
|
|t:|1725030042
|move|p2a: Landorus|U-turn|p1a: Alakazam
|-supereffective|p1a: Alakazam
|-enditem|p1a: Alakazam|Focus Sash
|-damage|p1a: Alakazam|1/100
|
|t:|1725030046
|switch|p2a: Tyranitar|Tyranitar, M|91/100|[from] U-turn
|-damage|p2a: Tyranitar|79/100|[from] Stealth Rock
|-damage|p2a: Tyranitar|54/100|[from] Spikes
|move|p1a: Alakazam|Hidden Power|p2a: Tyranitar
|-damage|p2a: Tyranitar|42/100
|
|-weather|Sandstorm|[upkeep]
|upkeep
|turn|11
|
|t:|1725030055
|move|p1a: Alakazam|Focus Blast|p2a: Tyranitar|[miss]
|-miss|p1a: Alakazam|p2a: Tyranitar
|move|p2a: Tyranitar|Pursuit|p1a: Alakazam
|-supereffective|p1a: Alakazam
|-damage|p1a: Alakazam|0 fnt
|faint|p1a: Alakazam
|
|-weather|Sandstorm|[upkeep]
|upkeep
|
|t:|1725030064
|switch|p1a: Scizor|Scizor, M|88/100
|-damage|p1a: Scizor|76/100|[from] Stealth Rock
|turn|12
|
|t:|1725030068
|move|p1a: Scizor|U-turn|p2a: Tyranitar
|-supereffective|p2a: Tyranitar
|-damage|p2a: Tyranitar|0 fnt
|faint|p2a: Tyranitar
|
|t:|1725030073
|switch|p1a: Rotom|Rotom-Wash, shiny|100/100|[from] U-turn
|-damage|p1a: Rotom|88/100|[from] Stealth Rock
|
|-weather|Sandstorm|[upkeep]
|-damage|p1a: Rotom|82/100|[from] Sandstorm
|upkeep
|
|t:|1725030081
|switch|p2a: Excadrill|Excadrill, F|100/100
|-damage|p2a: Excadrill|97/100|[from] Stealth Rock
|-damage|p2a: Excadrill|73/100|[from] Spikes
|turn|13
|
|t:|1725030085
|move|p2a: Excadrill|Protect|p2a: Excadrill
|-singleturn|p2a: Excadrill|Protect
|move|p1a: Rotom|Hydro Pump|p2a: Excadrill
|-activate|p2a: Excadrill|move: Protect
|
|-weather|Sandstorm|[upkeep]
|-damage|p1a: Rotom|76/100|[from] Sandstorm
|-heal|p2a: Excadrill|79/100|[from] item: Leftovers
|upkeep
|turn|14
|
|t:|1725030093
|switch|p2a: Latias|Latias, F|100/100
|-damage|p2a: Latias|88/100|[from] Stealth Rock
|move|p1a: Rotom|Hydro Pump|p2a: Latias
|-resisted|p2a: Latias
|-damage|p2a: Latias|54/100
|
|-weather|Sandstorm|[upkeep]
|-damage|p2a: Latias|48/100|[from] Sandstorm
|-damage|p1a: Rotom|70/100|[from] Sandstorm
|upkeep
|turn|15
|
|t:|1725030111
|switch|p1a: Ferrothorn|Ferrothorn, F|100/100
|-damage|p1a: Ferrothorn|94/100|[from] Stealth Rock
|move|p2a: Latias|Thunder Wave|p1a: Ferrothorn
|-status|p1a: Ferrothorn|par
|
|-weather|Sandstorm|[upkeep]
|-damage|p2a: Latias|42/100|[from] Sandstorm
|-heal|p1a: Ferrothorn|100/100 par|[from] item: Leftovers
|upkeep
|turn|16
|
|t:|1725030122
|move|p2a: Latias|Recover|p2a: Latias
|-heal|p2a: Latias|92/100
|cant|p1a: Ferrothorn|par
|
|-weather|Sandstorm|[upkeep]
|-damage|p2a: Latias|86/100|[from] Sandstorm
|upkeep
|turn|17
|
|t:|1725030128
|move|p2a: Latias|Ice Beam|p1a: Ferrothorn
|-damage|p1a: Ferrothorn|84/100 par
|move|p1a: Ferrothorn|Curse|p1a: Ferrothorn
|-unboost|p1a: Ferrothorn|spe|1
|-boost|p1a: Ferrothorn|atk|1
|-boost|p1a: Ferrothorn|def|1
|
|-weather|Sandstorm|[upkeep]
|-damage|p2a: Latias|80/100|[from] Sandstorm
|-heal|p1a: Ferrothorn|91/100 par|[from] item: Leftovers
|upkeep
|turn|18
|
|t:|1725030137
|switch|p2a: Alakazam|Alakazam, M|100/100
|move|p1a: Ferrothorn|Gyro Ball|p2a: Alakazam
|-enditem|p2a: Alakazam|Focus Sash
|-damage|p2a: Alakazam|1/100
|
|-weather|Sandstorm|[upkeep]
|-heal|p1a: Ferrothorn|97/100 par|[from] item: Leftovers
|upkeep
|turn|19
|
|t:|1725030146
|move|p2a: Alakazam|Focus Blast|p1a: Ferrothorn|[miss]
|-miss|p2a: Alakazam|p1a: Ferrothorn
|move|p1a: Ferrothorn|Gyro Ball|p2a: Alakazam
|-damage|p2a: Alakazam|0 fnt
|faint|p2a: Alakazam
|
|-weather|Sandstorm|[upkeep]
|-heal|p1a: Ferrothorn|100/100 par|[from] item: Leftovers
|upkeep
|
|t:|1725030152
|switch|p2a: Excadrill|Excadrill, F|79/100
|-damage|p2a: Excadrill|76/100|[from] Stealth Rock
|-damage|p2a: Excadrill|51/100|[from] Spikes
|turn|20
|
|t:|1725030157
|move|p2a: Excadrill|Substitute|p2a: Excadrill
|-start|p2a: Excadrill|Substitute
|-damage|p2a: Excadrill|26/100
|move|p1a: Ferrothorn|Gyro Ball|p2a: Excadrill
|-resisted|p2a: Excadrill
|-end|p2a: Excadrill|Substitute
|
|-weather|Sandstorm|[upkeep]
|-heal|p2a: Excadrill|32/100|[from] item: Leftovers
|upkeep
|turn|21
|
|t:|1725030164
|move|p2a: Excadrill|Protect|p2a: Excadrill
|-singleturn|p2a: Excadrill|Protect
|move|p1a: Ferrothorn|Gyro Ball|p2a: Excadrill
|-activate|p2a: Excadrill|move: Protect
|
|-weather|Sandstorm|[upkeep]
|-heal|p2a: Excadrill|38/100|[from] item: Leftovers
|upkeep
|turn|22
|
|t:|1725030171
|move|p2a: Excadrill|Substitute|p2a: Excadrill
|-start|p2a: Excadrill|Substitute
|-damage|p2a: Excadrill|13/100
|move|p1a: Ferrothorn|Gyro Ball|p2a: Excadrill
|-resisted|p2a: Excadrill
|-end|p2a: Excadrill|Substitute
|
|-weather|Sandstorm|[upkeep]
|-heal|p2a: Excadrill|19/100|[from] item: Leftovers
|upkeep
|turn|23
|
|t:|1725030180
|move|p2a: Excadrill|Protect|p2a: Excadrill
|-singleturn|p2a: Excadrill|Protect
|cant|p1a: Ferrothorn|par
|
|-weather|Sandstorm|[upkeep]
|-heal|p2a: Excadrill|25/100|[from] item: Leftovers
|upkeep
|turn|24
|
|t:|1725030186
|move|p2a: Excadrill|Earthquake|p1a: Ferrothorn
|-damage|p1a: Ferrothorn|64/100 par
|move|p1a: Ferrothorn|Gyro Ball|p2a: Excadrill
|-resisted|p2a: Excadrill
|-damage|p2a: Excadrill|0 fnt
|faint|p2a: Excadrill
|
|-weather|Sandstorm|[upkeep]
|-heal|p1a: Ferrothorn|71/100 par|[from] item: Leftovers
|upkeep
|
|t:|1725030197
|switch|p2a: Latias|Latias, F|80/100
|-damage|p2a: Latias|67/100|[from] Stealth Rock
|turn|25
|
|t:|1725030201
|move|p2a: Latias|Ice Beam|p1a: Ferrothorn
|-damage|p1a: Ferrothorn|57/100 par
|move|p1a: Ferrothorn|Leech Seed|p2a: Latias
|-start|p2a: Latias|move: Leech Seed
|
|-weather|Sandstorm|[upkeep]
|-damage|p2a: Latias|61/100|[from] Sandstorm
|-heal|p1a: Ferrothorn|63/100 par|[from] item: Leftovers
|-damage|p2a: Latias|49/100|[from] Leech Seed|[of] p1a: Ferrothorn
|-heal|p1a: Ferrothorn|76/100 par|[silent]
|upkeep
|turn|26
|-message|vustyfans forfeited.
|
|win|ReallyFunTeams
|raw|ReallyFunTeams's rating: 1445 &rarr; <strong>1474</strong><br />(+29 for winning)
|raw|vustyfans's rating: 1612 &rarr; <strong>1583</strong><br />(-29 for losing)
|l|‽vustyfans
|player|p2|
