|j|‽gerregegeger
|j|☆Liam ☉ Nee-san
|player|p1|gerregegeger|pokemonbreeder-gen4|1426
|player|p2|Liam ☉ Nee-san|10|1397
|teamsize|p1|6
|teamsize|p2|6
|gametype|singles
|gen|5
|tier|[Gen 5] OU
|rated|
|clearpoke
|poke|p1|Jirachi|item
|poke|p1|Tyranitar, M|item
|poke|p1|Skarmory, M|item
|poke|p1|Gastrodon, F|item
|poke|p1|Landorus-Therian, M|item
|poke|p1|Breloom, F|item
|poke|p2|Landorus-Therian, M|item
|poke|p2|Garchomp, F|item
|poke|p2|Ferrothorn, F|item
|poke|p2|Jellicent, M|item
|poke|p2|Jirachi|item
|poke|p2|Alakazam, F|item
|rule|Species Clause: Limit one of each Pokémon
|rule|OHKO Clause: OHKO moves are banned
|rule|Moody Clause: Moody is banned
|rule|Evasion Moves Clause: Evasion moves are banned
|rule|Endless Battle Clause: Forcing endless battles is banned
|rule|HP Percentage Mod: HP is shown in percentages
|rule|Evasion Abilities Clause: Evasion abilities are banned
|rule|Baton Pass Clause: Limit one Baton Passer, can't pass Spe and other stats simultaneously
|rule|Sleep Clause: Sleep-inducing moves are banned
|rule|Swagger Clause: Swagger is banned
|teampreview
|inactive|Battle timer is ON: inactive players will automatically lose when time's up. (requested by gerregegeger)
|
|start
|switch|p1a: Tyranitar|Tyranitar, M|100/100
|switch|p2a: Alakazam|Alakazam, F|100/100
|-weather|Sandstorm|[from] ability: Sand Stream|[of] p1a: Tyranitar
|turn|1
|
|switch|p2a: cocky helmet|Landorus-Therian, M|100/100
|-ability|p2a: cocky helmet|Intimidate|boost
|-unboost|p1a: Tyranitar|atk|1
|move|p1a: Tyranitar|Stealth Rock|p2a: cocky helmet
|-sidestart|p2: Liam ☉ Nee-san|move: Stealth Rock
|
|-weather|Sandstorm|[upkeep]
|upkeep
|turn|2
|
|switch|p1a: Skarmory|Skarmory, M|100/100
|move|p2a: cocky helmet|U-turn|p1a: Skarmory
|-resisted|p1a: Skarmory
|-damage|p1a: Skarmory|97/100
|-damage|p2a: cocky helmet|84/100|[from] item: Rocky Helmet|[of] p1a: Skarmory
|
|switch|p2a: Lefties|Jellicent, M|100/100|[from]move: U-turn
|-damage|p2a: Lefties|88/100|[from] Stealth Rock
|
|-weather|Sandstorm|[upkeep]
|-damage|p2a: Lefties|82/100|[from] Sandstorm
|-heal|p2a: Lefties|88/100|[from] item: Leftovers
|upkeep
|turn|3
|
|move|p1a: Skarmory|Spikes|p2a: Lefties
|-sidestart|p2: Liam ☉ Nee-san|Spikes
|move|p2a: Lefties|Will-O-Wisp|p1a: Skarmory|[miss]
|-miss|p2a: Lefties|p1a: Skarmory
|
|-weather|Sandstorm|[upkeep]
|-damage|p2a: Lefties|82/100|[from] Sandstorm
|-heal|p2a: Lefties|88/100|[from] item: Leftovers
|upkeep
|turn|4
|
|move|p1a: Skarmory|Taunt|p2a: Lefties
|-start|p2a: Lefties|move: Taunt
|cant|p2a: Lefties|move: Taunt|Will-O-Wisp
|
|-weather|Sandstorm|[upkeep]
|-damage|p2a: Lefties|82/100|[from] Sandstorm
|-heal|p2a: Lefties|88/100|[from] item: Leftovers
|upkeep
|turn|5
|
|switch|p1a: Gastrodon|Gastrodon, F|100/100
|move|p2a: Lefties|Scald|p1a: Gastrodon
|-ability|p1a: Gastrodon|Storm Drain|boost
|-boost|p1a: Gastrodon|spa|1
|
|-weather|Sandstorm|[upkeep]
|-damage|p2a: Lefties|82/100|[from] Sandstorm
|-heal|p2a: Lefties|88/100|[from] item: Leftovers
|upkeep
|turn|6
|
|switch|p2a: Leftoverture|Ferrothorn, F|100/100
|-damage|p2a: Leftoverture|94/100|[from] Stealth Rock
|-damage|p2a: Leftoverture|82/100|[from] Spikes
|move|p1a: Gastrodon|Earthquake|p2a: Leftoverture
|-damage|p2a: Leftoverture|60/100
|
|-weather|Sandstorm|[upkeep]
|-heal|p2a: Leftoverture|67/100|[from] item: Leftovers
|upkeep
|turn|7
|
|switch|p1a: Breloom|Breloom, F|100/100
|move|p2a: Leftoverture|Knock Off|p1a: Breloom
|-resisted|p1a: Breloom
|-damage|p1a: Breloom|97/100
|-enditem|p1a: Breloom|Toxic Orb|[from] move: Knock Off|[of] p2a: Leftoverture
|
|-weather|Sandstorm|[upkeep]
|-damage|p1a: Breloom|91/100|[from] Sandstorm
|-heal|p2a: Leftoverture|73/100|[from] item: Leftovers
|upkeep
|turn|8
|c|☆Liam ☉ Nee-san|ah
|c|☆Liam ☉ Nee-san|so nice
|
|switch|p1a: Skarmory|Skarmory, M|97/100
|switch|p2a: cocky helmet|Landorus-Therian, M|84/100
|-damage|p2a: cocky helmet|72/100|[from] Stealth Rock
|-ability|p2a: cocky helmet|Intimidate|boost
|-unboost|p1a: Skarmory|atk|1
|
|-weather|Sandstorm|[upkeep]
|upkeep
|turn|9
|
|switch|p2a: Lefties|Jellicent, M|88/100
|-damage|p2a: Lefties|76/100|[from] Stealth Rock
|-damage|p2a: Lefties|63/100|[from] Spikes
|move|p1a: Skarmory|Spikes|p2a: Lefties
|-sidestart|p2: Liam ☉ Nee-san|Spikes
|
|-weather|Sandstorm|[upkeep]
|-damage|p2a: Lefties|57/100|[from] Sandstorm
|-heal|p2a: Lefties|63/100|[from] item: Leftovers
|upkeep
|turn|10
|
|move|p1a: Skarmory|Taunt|p2a: Lefties
|-start|p2a: Lefties|move: Taunt
|move|p2a: Lefties|Scald|p1a: Skarmory
|-damage|p1a: Skarmory|65/100
|-status|p1a: Skarmory|brn
|
|-weather|Sandstorm|[upkeep]
|-damage|p2a: Lefties|57/100|[from] Sandstorm
|-heal|p2a: Lefties|63/100|[from] item: Leftovers
|-damage|p1a: Skarmory|53/100 brn|[from] brn
|upkeep
|turn|11
|c|☆Liam ☉ Nee-san|ah
|c|☆Liam ☉ Nee-san|nice as well
|
|switch|p1a: Tyranitar|Tyranitar, M|100/100
|switch|p2a: Leftoverture|Ferrothorn, F|73/100
|-damage|p2a: Leftoverture|67/100|[from] Stealth Rock
|-damage|p2a: Leftoverture|50/100|[from] Spikes
|
|-weather|Sandstorm|[upkeep]
|-heal|p2a: Leftoverture|56/100|[from] item: Leftovers
|upkeep
|turn|12
|
|switch|p2a: cocky helmet|Landorus-Therian, M|72/100
|-damage|p2a: cocky helmet|59/100|[from] Stealth Rock
|-ability|p2a: cocky helmet|Intimidate|boost
|-unboost|p1a: Tyranitar|atk|1
|move|p1a: Tyranitar|Fire Blast|p2a: cocky helmet
|-damage|p2a: cocky helmet|22/100
|
|-weather|Sandstorm|[upkeep]
|upkeep
|turn|13
|
|switch|p1a: Landorus|Landorus-Therian, M|100/100
|-ability|p1a: Landorus|Intimidate|boost
|-unboost|p2a: cocky helmet|atk|1
|move|p2a: cocky helmet|Superpower|p1a: Landorus
|-resisted|p1a: Landorus
|-damage|p1a: Landorus|82/100
|-unboost|p2a: cocky helmet|atk|1
|-unboost|p2a: cocky helmet|def|1
|
|-weather|Sandstorm|[upkeep]
|upkeep
|turn|14
|
|switch|p2a: Leftoverture|Ferrothorn, F|56/100
|-damage|p2a: Leftoverture|40/100|[from] Spikes
|-damage|p2a: Leftoverture|34/100|[from] Stealth Rock
|move|p1a: Landorus|U-turn|p2a: Leftoverture
|-damage|p2a: Leftoverture|14/100
|-damage|p1a: Landorus|70/100|[from] ability: Iron Barbs|[of] p2a: Leftoverture
|
|switch|p1a: Tyranitar|Tyranitar, M|100/100|[from]move: U-turn
|
|-weather|Sandstorm|[upkeep]
|-heal|p2a: Leftoverture|20/100|[from] item: Leftovers
|upkeep
|turn|15
|inactive|Liam ☉ Nee-san has 120 seconds left.
|
|move|p1a: Tyranitar|Low Kick|p2a: Leftoverture
|-supereffective|p2a: Leftoverture
|-damage|p2a: Leftoverture|0 fnt
|-damage|p1a: Tyranitar|88/100|[from] ability: Iron Barbs|[of] p2a: Leftoverture
|faint|p2a: Leftoverture
|
|-weather|Sandstorm|[upkeep]
|upkeep
|inactive|Liam ☉ Nee-san has 120 seconds left.
|
|switch|p2a: cocky helmet|Landorus-Therian, M|22/100
|-damage|p2a: cocky helmet|10/100|[from] Stealth Rock
|-ability|p2a: cocky helmet|Intimidate|boost
|-unboost|p1a: Tyranitar|atk|1
|turn|16
|
|switch|p1a: Skarmory|Skarmory, M|53/100 brn
|move|p2a: cocky helmet|Hidden Power|p1a: Skarmory
|-damage|p1a: Skarmory|29/100 brn
|
|-weather|Sandstorm|[upkeep]
|-damage|p1a: Skarmory|17/100 brn|[from] brn
|upkeep
|turn|17
|
|switch|p1a: Jirachi|Jirachi|100/100
|move|p2a: cocky helmet|Hidden Power|p1a: Jirachi
|-resisted|p1a: Jirachi
|-damage|p1a: Jirachi|93/100
|
|-weather|Sandstorm|[upkeep]
|-heal|p1a: Jirachi|99/100|[from] item: Leftovers
|upkeep
|turn|18
|
|switch|p2a: Fast shark|Garchomp, F|100/100
|-damage|p2a: Fast shark|84/100|[from] Spikes
|-damage|p2a: Fast shark|78/100|[from] Stealth Rock
|move|p1a: Jirachi|Hidden Power|p2a: Fast shark
|-supereffective|p2a: Fast shark
|-damage|p2a: Fast shark|4/100
|
|-weather|Sandstorm|[upkeep]
|-heal|p1a: Jirachi|100/100|[from] item: Leftovers
|upkeep
|turn|19
|
|switch|p1a: Skarmory|Skarmory, M|17/100 brn
|move|p2a: Fast shark|Outrage|p1a: Skarmory
|-resisted|p1a: Skarmory
|-damage|p1a: Skarmory|0 fnt
|-damage|p2a: Fast shark|0 fnt|[from] item: Rocky Helmet|[of] p1a: Skarmory
|faint|p2a: Fast shark
|faint|p1a: Skarmory
|
|-weather|Sandstorm|[upkeep]
|upkeep
|
|switch|p2a: Alakazam|Alakazam, F|100/100
|switch|p1a: Landorus|Landorus-Therian, M|70/100
|-ability|p1a: Landorus|Intimidate|boost
|-unboost|p2a: Alakazam|atk|1
|turn|20
|
|move|p1a: Landorus|U-turn|p2a: Alakazam
|-supereffective|p2a: Alakazam
|-enditem|p2a: Alakazam|Focus Sash
|-damage|p2a: Alakazam|1/100
|
|switch|p1a: Breloom|Breloom, F|91/100|[from]move: U-turn
|move|p2a: Alakazam|Hidden Power|p1a: Breloom
|-supereffective|p1a: Breloom
|-damage|p1a: Breloom|38/100
|
|-weather|Sandstorm|[upkeep]
|-damage|p1a: Breloom|32/100|[from] Sandstorm
|upkeep
|turn|21
|
|switch|p1a: Jirachi|Jirachi|100/100
|move|p2a: Alakazam|Hidden Power|p1a: Jirachi
|-resisted|p1a: Jirachi
|-damage|p1a: Jirachi|90/100
|
|-weather|Sandstorm|[upkeep]
|-heal|p1a: Jirachi|96/100|[from] item: Leftovers
|upkeep
|turn|22
|
|switch|p2a: cocky helmet|Landorus-Therian, M|10/100
|-damage|p2a: cocky helmet|0 fnt|[from] Stealth Rock
|faint|p2a: cocky helmet
|move|p1a: Jirachi|Hidden Power|p2: cocky helmet|[notarget]
|-fail|p1a: Jirachi
|
|-weather|Sandstorm|[upkeep]
|-heal|p1a: Jirachi|100/100|[from] item: Leftovers
|upkeep
|
|switch|p2a: Lefties|Jellicent, M|63/100
|-damage|p2a: Lefties|51/100|[from] Stealth Rock
|-damage|p2a: Lefties|34/100|[from] Spikes
|turn|23
|
|move|p1a: Jirachi|Thunderbolt|p2a: Lefties
|-supereffective|p2a: Lefties
|-damage|p2a: Lefties|0 fnt
|faint|p2a: Lefties
|
|-weather|Sandstorm|[upkeep]
|upkeep
|-message|Liam ☉ Nee-san forfeited.
|
|win|gerregegeger
|l|☆Liam ☉ Nee-san
|raw|gerregegeger's rating: 1426 &rarr; <strong>1443</strong><br />(+17 for winning)
|raw|Liam ☉ Nee-san's rating: 1371 &rarr; <strong>1354</strong><br />(-17 for losing)
