|j|☆eminemlovesmen
|j|☆HydreigonSpammer
|t:|1734787652
|gametype|singles
|player|p1|eminemlovesmen|ninjaboy|1474
|player|p2|HydreigonSpammer|veteranf|1438
|teamsize|p1|6
|teamsize|p2|6
|gen|5
|tier|[Gen 5] OU
|rated|
|rule|Species Clause: Limit one of each Pokémon
|rule|OHKO Clause: OHKO moves are banned
|rule|Moody Clause: Moody is banned
|rule|Evasion Items Clause: Evasion items are banned
|rule|Evasion Moves Clause: Evasion moves are banned
|rule|Endless Battle Clause: Forcing endless battles is banned
|rule|HP Percentage Mod: HP is shown in percentages
|rule|Evasion Abilities Clause: Evasion abilities are banned
|rule|Sleep Moves Clause: Sleep-inducing moves are banned
|rule|Swagger Clause: Swagger is banned
|rule|Baton Pass Stat Clause: No Baton Passer may have a way to boost its stats
|clearpoke
|poke|p1|Blissey, F|item
|poke|p1|Excadrill, M|item
|poke|p1|Jellicent, F|item
|poke|p1|Tyranitar, F|item
|poke|p1|Landorus-Therian, M|item
|poke|p1|Terrakion|item
|poke|p2|Froslass, F|item
|poke|p2|Latios, M|item
|poke|p2|Scizor, M|item
|poke|p2|Garchomp, M|item
|poke|p2|Alakazam, F|item
|poke|p2|Dragonite, M|item
|teampreview
|inactive|Battle timer is ON: inactive players will automatically lose when time's up. (requested by eminemlovesmen)
|
|t:|1734787680
|start
|switch|p1a: Tyranitar|Tyranitar, F|100/100
|switch|p2a: Froslass|Froslass, F|100/100
|-weather|Sandstorm|[from] ability: Sand Stream|[of] p1a: Tyranitar
|turn|1
|j| Blaise BWOU
|
|t:|1734787690
|move|p2a: Froslass|Spikes|p1a: Tyranitar
|-sidestart|p1: eminemlovesmen|Spikes
|move|p1a: Tyranitar|Pursuit|p2a: Froslass
|-supereffective|p2a: Froslass
|-enditem|p2a: Froslass|Colbur Berry|[eat]
|-enditem|p2a: Froslass|Colbur Berry|[weaken]
|-damage|p2a: Froslass|71/100
|
|-weather|Sandstorm|[upkeep]
|-damage|p2a: Froslass|65/100|[from] Sandstorm
|upkeep
|turn|2
|
|t:|1734787702
|move|p2a: Froslass|Destiny Bond|p2a: Froslass
|-singlemove|p2a: Froslass|Destiny Bond
|move|p1a: Tyranitar|Thunder Wave|p2a: Froslass
|-status|p2a: Froslass|par
|
|-weather|Sandstorm|[upkeep]
|-damage|p2a: Froslass|59/100 par|[from] Sandstorm
|upkeep
|turn|3
|
|t:|1734787708
|move|p1a: Tyranitar|Pursuit|p2a: Froslass
|-supereffective|p2a: Froslass
|-damage|p2a: Froslass|0 fnt
|faint|p2a: Froslass
|-activate|p2a: Froslass|move: Destiny Bond
|faint|p1a: Tyranitar
|
|-weather|Sandstorm|[upkeep]
|upkeep
|
|t:|1734787726
|switch|p2a: Alakazam|Alakazam, F|100/100
|switch|p1a: Excadrill|Excadrill, M|100/100
|-damage|p1a: Excadrill|88/100|[from] Spikes
|turn|4
|
|t:|1734787739
|move|p2a: Alakazam|Focus Blast|p1a: Excadrill
|-supereffective|p1a: Excadrill
|-damage|p1a: Excadrill|0 fnt
|faint|p1a: Excadrill
|
|-weather|Sandstorm|[upkeep]
|upkeep
|
|t:|1734787746
|switch|p1a: Blissey|Blissey, F|100/100
|-damage|p1a: Blissey|88/100|[from] Spikes
|turn|5
|
|t:|1734787752
|switch|p2a: Garchomp|Garchomp, M|100/100
|move|p1a: Blissey|Stealth Rock|p2a: Garchomp
|-sidestart|p2: HydreigonSpammer|move: Stealth Rock
|
|-weather|Sandstorm|[upkeep]
|-damage|p1a: Blissey|82/100|[from] Sandstorm
|-heal|p1a: Blissey|88/100|[from] item: Leftovers
|upkeep
|turn|6
|
|t:|1734787767
|switch|p1a: Landorus|Landorus-Therian, M|100/100
|-ability|p1a: Landorus|Intimidate|boost
|-unboost|p2a: Garchomp|atk|1
|move|p2a: Garchomp|Stealth Rock|p1a: Landorus
|-sidestart|p1: eminemlovesmen|move: Stealth Rock
|
|-weather|Sandstorm|[upkeep]
|upkeep
|turn|7
|
|t:|1734787787
|move|p1a: Landorus|U-turn|p2a: Garchomp
|-damage|p2a: Garchomp|73/100
|-damage|p1a: Landorus|88/100|[from] ability: Rough Skin|[of] p2a: Garchomp
|
|t:|1734787794
|switch|p1a: Blissey|Blissey, F|88/100|[from] U-turn
|-damage|p1a: Blissey|76/100|[from] Spikes
|-damage|p1a: Blissey|63/100|[from] Stealth Rock
|move|p2a: Garchomp|Swords Dance|p2a: Garchomp
|-boost|p2a: Garchomp|atk|2
|
|-weather|Sandstorm|[upkeep]
|-damage|p1a: Blissey|57/100|[from] Sandstorm
|-heal|p1a: Blissey|63/100|[from] item: Leftovers
|upkeep
|turn|8
|-message|eminemlovesmen forfeited.
|
|win|HydreigonSpammer
|raw|eminemlovesmen's rating: 1474 &rarr; <strong>1452</strong><br />(-22 for losing)
|raw|HydreigonSpammer's rating: 1438 &rarr; <strong>1460</strong><br />(+22 for winning)
|l|☆eminemlovesmen
|player|p1|
