|j|‽BVRZUM
|j|☆Profesor Turo
|t:|1710774732
|gametype|singles
|player|p1|BVRZUM|hilbert|1371
|player|p2|Profesor Turo|turo-ai|1330
|teamsize|p1|6
|teamsize|p2|6
|gen|5
|tier|[Gen 5] OU
|rated|
|rule|Species Clause: Limit one of each Pokémon
|rule|OHKO Clause: OHKO moves are banned
|rule|Moody Clause: Moody is banned
|rule|Evasion Items Clause: Evasion items are banned
|rule|Evasion Moves Clause: Evasion moves are banned
|rule|Endless Battle Clause: Forcing endless battles is banned
|rule|HP Percentage Mod: HP is shown in percentages
|rule|Evasion Abilities Clause: Evasion abilities are banned
|rule|Sleep Moves Clause: Sleep-inducing moves are banned
|rule|Swagger Clause: Swagger is banned
|rule|Baton Pass Stat Clause: No Baton Passer may have a way to boost its stats
|clearpoke
|poke|p1|Aerodactyl, F|item
|poke|p1|Latios, M|item
|poke|p1|Cloyster, M|item
|poke|p1|Excadrill, F|item
|poke|p1|Thundurus-Therian, M|item
|poke|p1|Volcarona, F|item
|poke|p2|Alakazam, M|item
|poke|p2|Omastar, M|item
|poke|p2|Heracross, M|item
|poke|p2|Latios, M|item
|poke|p2|Volcarona, F|item
|poke|p2|Yanmega, M|item
|teampreview
|inactive|Battle timer is ON: inactive players will automatically lose when time's up. (requested by Profesor Turo)
|
|t:|1710774754
|start
|switch|p1a: Aerodactyl|Aerodactyl, F|100/100
|switch|p2a: Lord Helix|Omastar, M|100/100
|-ability|p1a: Aerodactyl|Pressure
|turn|1
|
|t:|1710774772
|move|p1a: Aerodactyl|Taunt|p2a: Lord Helix
|-start|p2a: Lord Helix|move: Taunt
|move|p2a: Lord Helix|Ancient Power|p1a: Aerodactyl
|-supereffective|p1a: Aerodactyl
|-damage|p1a: Aerodactyl|17/100
|
|upkeep
|turn|2
|inactive|BVRZUM has 120 seconds left.
|
|t:|1710774810
|move|p1a: Aerodactyl|Earthquake|p2a: Lord Helix
|-supereffective|p2a: Lord Helix
|-damage|p2a: Lord Helix|36/100
|-ability|p2a: Lord Helix|Weak Armor|boost
|-unboost|p2a: Lord Helix|def|1
|-boost|p2a: Lord Helix|spe|1
|move|p2a: Lord Helix|Ancient Power|p1a: Aerodactyl
|-supereffective|p1a: Aerodactyl
|-damage|p1a: Aerodactyl|0 fnt
|faint|p1a: Aerodactyl
|
|upkeep
|
|t:|1710774814
|switch|p1a: Excadrill|Excadrill, F|100/100
|-ability|p1a: Excadrill|Mold Breaker
|turn|3
|
|t:|1710774830
|move|p1a: Excadrill|Iron Head|p2a: Lord Helix
|-damage|p2a: Lord Helix|0 fnt
|faint|p2a: Lord Helix
|
|upkeep
|
|t:|1710774837
|switch|p2a: Matchup Moth|Volcarona, F|100/100
|turn|4
|
|t:|1710774843
|switch|p1a: Cloyster|Cloyster, M|100/100
|move|p2a: Matchup Moth|Quiver Dance|p2a: Matchup Moth
|-boost|p2a: Matchup Moth|spa|1
|-boost|p2a: Matchup Moth|spd|1
|-boost|p2a: Matchup Moth|spe|1
|
|upkeep
|turn|5
|
|t:|1710774851
|move|p2a: Matchup Moth|Fiery Dance|p1a: Cloyster
|-enditem|p1a: Cloyster|Focus Sash
|-damage|p1a: Cloyster|1/100
|-boost|p2a: Matchup Moth|spa|1
|move|p1a: Cloyster|Shell Smash|p1a: Cloyster
|-unboost|p1a: Cloyster|def|1
|-unboost|p1a: Cloyster|spd|1
|-boost|p1a: Cloyster|atk|2
|-boost|p1a: Cloyster|spa|2
|-boost|p1a: Cloyster|spe|2
|
|upkeep
|turn|6
|
|t:|1710774877
|move|p2a: Matchup Moth|Fiery Dance|p1a: Cloyster
|-damage|p1a: Cloyster|0 fnt
|faint|p1a: Cloyster
|
|upkeep
|
|t:|1710774881
|switch|p1a: Excadrill|Excadrill, F|100/100
|-ability|p1a: Excadrill|Mold Breaker
|turn|7
|
|t:|1710774884
|move|p2a: Matchup Moth|Fiery Dance|p1a: Excadrill
|-supereffective|p1a: Excadrill
|-damage|p1a: Excadrill|0 fnt
|faint|p1a: Excadrill
|
|upkeep
|
|t:|1710774889
|switch|p1a: Latios|Latios, M|100/100
|turn|8
|
|t:|1710774897
|move|p2a: Matchup Moth|Quiver Dance|p2a: Matchup Moth
|-boost|p2a: Matchup Moth|spa|1
|-boost|p2a: Matchup Moth|spd|1
|-boost|p2a: Matchup Moth|spe|1
|move|p1a: Latios|Memento|p2a: Matchup Moth
|-unboost|p2a: Matchup Moth|atk|2
|-unboost|p2a: Matchup Moth|spa|2
|faint|p1a: Latios
|
|upkeep
|
|t:|1710774901
|switch|p1a: Volcarona|Volcarona, F|100/100
|turn|9
|-message|BVRZUM forfeited.
|
|win|Profesor Turo
|raw|BVRZUM's rating: 1371 &rarr; <strong>1349</strong><br />(-22 for losing)
|raw|Profesor Turo's rating: 1330 &rarr; <strong>1352</strong><br />(+22 for winning)
|l|‽BVRZUM
|player|p1|
