|j|☆ill
|j|☆AwolfnamedSun
|player|p1|ill|grimsley|1337
|player|p2|AwolfnamedSun|zinzolin|1310
|teamsize|p1|6
|teamsize|p2|6
|gametype|singles
|gen|5
|tier|[Gen 5] OU
|rated|
|rule|Species Clause: Limit one of each Pokémon
|rule|OHKO Clause: OHKO moves are banned
|rule|Moody Clause: Moody is banned
|rule|Evasion Moves Clause: Evasion moves are banned
|rule|Endless Battle Clause: Forcing endless battles is banned
|rule|HP Percentage Mod: HP is shown in percentages
|rule|Evasion Abilities Clause: Evasion abilities are banned
|rule|Baton Pass Clause: Limit one Baton Passer, can't pass Spe and other stats simultaneously
|rule|Sleep Clause: Sleep-inducing moves are banned
|rule|Swagger Clause: Swagger is banned
|clearpoke
|poke|p1|Terrakion|item
|poke|p1|Politoed, M|item
|poke|p1|Jirachi|item
|poke|p1|Tornadus, M|item
|poke|p1|Keldeo-Resolute|item
|poke|p1|Latios, M|item
|poke|p2|Dragonite, F|item
|poke|p2|Victini|item
|poke|p2|Togekiss, M|item
|poke|p2|Alakazam, M|item
|poke|p2|Ferrothorn, F|item
|poke|p2|Keldeo-Resolute|item
|teampreview
|
|start
|switch|p1a: Terrakion|Terrakion|100/100
|switch|p2a: Dragonite|Dragonite, F, shiny|100/100
|turn|1
|
|move|p1a: Terrakion|Rock Slide|p2a: Dragonite
|-supereffective|p2a: Dragonite
|-damage|p2a: Dragonite|59/100
|move|p2a: Dragonite|Earthquake|p1a: Terrakion
|-supereffective|p1a: Terrakion
|-damage|p1a: Terrakion|3/100
|
|upkeep
|turn|2
|
|move|p2a: Dragonite|Extreme Speed|p1a: Terrakion
|-resisted|p1a: Terrakion
|-damage|p1a: Terrakion|0 fnt
|faint|p1a: Terrakion
|
|upkeep
|
|switch|p1a: Politoed|Politoed, M|100/100
|-weather|RainDance|[from] ability: Drizzle|[of] p1a: Politoed
|turn|3
|
|move|p1a: Politoed|Ice Beam|p2a: Dragonite
|-supereffective|p2a: Dragonite
|-damage|p2a: Dragonite|0 fnt
|faint|p2a: Dragonite
|
|-weather|RainDance|[upkeep]
|upkeep
|
|switch|p2a: Ferrothorn|Ferrothorn, F, shiny|100/100
|turn|4
|
|switch|p1a: Jirachi|Jirachi|100/100
|move|p2a: Ferrothorn|Stealth Rock|p1a: Jirachi
|-sidestart|p1: ill|move: Stealth Rock
|
|-weather|RainDance|[upkeep]
|upkeep
|turn|5
|
|move|p1a: Jirachi|Calm Mind|p1a: Jirachi
|-boost|p1a: Jirachi|spa|1
|-boost|p1a: Jirachi|spd|1
|move|p2a: Ferrothorn|Knock Off|p1a: Jirachi
|-damage|p1a: Jirachi|96/100
|-enditem|p1a: Jirachi|Leftovers|[from] move: Knock Off|[of] p2a: Ferrothorn
|
|-weather|RainDance|[upkeep]
|upkeep
|turn|6
|
|switch|p2a: Victini|Victini|100/100
|move|p1a: Jirachi|Calm Mind|p1a: Jirachi
|-boost|p1a: Jirachi|spa|1
|-boost|p1a: Jirachi|spd|1
|
|-weather|RainDance|[upkeep]
|upkeep
|turn|7
|
|move|p2a: Victini|V-create|p1a: Jirachi
|-supereffective|p1a: Jirachi
|-damage|p1a: Jirachi|43/100
|-unboost|p2a: Victini|spe|1
|-unboost|p2a: Victini|def|1
|-unboost|p2a: Victini|spd|1
|move|p1a: Jirachi|Water Pulse|p2a: Victini
|-supereffective|p2a: Victini
|-damage|p2a: Victini|0 fnt
|faint|p2a: Victini
|
|-weather|RainDance|[upkeep]
|upkeep
|
|switch|p2a: Togekiss|Togekiss, M|100/100
|turn|8
|
|move|p2a: Togekiss|Air Slash|p1a: Jirachi
|-resisted|p1a: Jirachi
|-damage|p1a: Jirachi|34/100
|cant|p1a: Jirachi|flinch
|
|-weather|RainDance|[upkeep]
|upkeep
|turn|9
|
|move|p2a: Togekiss|Air Slash|p1a: Jirachi|[miss]
|-miss|p2a: Togekiss|p1a: Jirachi
|move|p1a: Jirachi|Thunder|p2a: Togekiss
|-supereffective|p2a: Togekiss
|-damage|p2a: Togekiss|0 fnt
|faint|p2a: Togekiss
|
|-weather|RainDance|[upkeep]
|upkeep
|
|switch|p2a: Alakazam|Alakazam, M, shiny|100/100
|turn|10
|
|move|p2a: Alakazam|Shadow Ball|p1a: Jirachi
|-damage|p1a: Jirachi|22/100
|move|p1a: Jirachi|Thunder|p2a: Alakazam
|-damage|p2a: Alakazam|22/100
|
|-weather|RainDance|[upkeep]
|upkeep
|turn|11
|
|move|p2a: Alakazam|Shadow Ball|p1a: Jirachi
|-damage|p1a: Jirachi|10/100
|-unboost|p1a: Jirachi|spd|1
|move|p1a: Jirachi|Thunder|p2a: Alakazam
|-damage|p2a: Alakazam|0 fnt
|faint|p2a: Alakazam
|
|-weather|RainDance|[upkeep]
|upkeep
|-message|AwolfnamedSun forfeited.
|
|win|ill
|l|☆AwolfnamedSun
|raw|ill's rating: 1337 &rarr; <strong>1356</strong><br />(+19 for winning)
|raw|AwolfnamedSun's rating: 1310 &rarr; <strong>1292</strong><br />(-18 for losing)
