|j|☆Zukob1
|j|☆lady_dimitrescu_2
|t:|1729963282
|gametype|singles
|player|p1|Zukob1|gambler|1322
|player|p2|lady_dimitrescu_2|shadowtriad|1313
|teamsize|p1|6
|teamsize|p2|6
|gen|5
|tier|[Gen 5] OU
|rated|
|rule|Species Clause: Limit one of each Pokémon
|rule|OHKO Clause: OHKO moves are banned
|rule|Moody Clause: Moody is banned
|rule|Evasion Items Clause: Evasion items are banned
|rule|Evasion Moves Clause: Evasion moves are banned
|rule|Endless Battle Clause: Forcing endless battles is banned
|rule|HP Percentage Mod: HP is shown in percentages
|rule|Evasion Abilities Clause: Evasion abilities are banned
|rule|Sleep Moves Clause: Sleep-inducing moves are banned
|rule|Swagger Clause: Swagger is banned
|rule|Baton Pass Stat Clause: No Baton Passer may have a way to boost its stats
|clearpoke
|poke|p1|Tyranitar, M|item
|poke|p1|Starmie|item
|poke|p1|Scizor, F|item
|poke|p1|Celebi|item
|poke|p1|Keldeo|item
|poke|p1|Landorus-Therian, M|item
|poke|p2|Kyurem-Black|item
|poke|p2|Magnezone|item
|poke|p2|Hydreigon, M|item
|poke|p2|Garchomp, M|item
|poke|p2|Starmie|item
|poke|p2|Heatran, M|item
|teampreview
|inactive|Battle timer is ON: inactive players will automatically lose when time's up. (requested by Zukob1)
|inactive|lady_dimitrescu_2 has 120 seconds left.
|
|t:|1729963331
|start
|switch|p1a: Landorus|Landorus-Therian, M|100/100
|switch|p2a: Hydreigon|Hydreigon, M|100/100
|-ability|p1a: Landorus|Intimidate|boost
|-unboost|p2a: Hydreigon|atk|1
|turn|1
|
|t:|1729963349
|switch|p1a: Celebi|Celebi|100/100
|move|p2a: Hydreigon|Draco Meteor|p1a: Celebi
|-crit|p1a: Celebi
|-damage|p1a: Celebi|0 fnt
|-unboost|p2a: Hydreigon|spa|2
|faint|p1a: Celebi
|
|upkeep
|
|t:|1729963360
|switch|p1a: Scizor|Scizor, F|100/100
|turn|2
|
|t:|1729963380
|switch|p2a: Heatran|Heatran, M|100/100
|-item|p2a: Heatran|Air Balloon
|move|p1a: Scizor|U-turn|p2a: Heatran
|-resisted|p2a: Heatran
|-damage|p2a: Heatran|87/100
|-enditem|p2a: Heatran|Air Balloon
|
|t:|1729963387
|switch|p1a: Landorus|Landorus-Therian, M|100/100|[from] U-turn
|-ability|p1a: Landorus|Intimidate|boost
|-unboost|p2a: Heatran|atk|1
|
|upkeep
|turn|3
|
|t:|1729963394
|move|p2a: Heatran|Lava Plume|p1a: Landorus
|-damage|p1a: Landorus|51/100
|-status|p1a: Landorus|brn
|move|p1a: Landorus|U-turn|p2a: Heatran
|-resisted|p2a: Heatran
|-crit|p2a: Heatran
|-damage|p2a: Heatran|81/100
|
|t:|1729963404
|switch|p1a: Keldeo|Keldeo|100/100|[from] U-turn
|
|upkeep
|turn|4
|
|t:|1729963410
|switch|p2a: Starmie|Starmie|100/100
|move|p1a: Keldeo|Secret Sword|p2a: Starmie
|-resisted|p2a: Starmie
|-damage|p2a: Starmie|74/100
|
|-heal|p2a: Starmie|81/100|[from] item: Leftovers
|upkeep
|turn|5
|
|t:|1729963416
|switch|p1a: Tyranitar|Tyranitar, M|100/100
|-weather|Sandstorm|[from] ability: Sand Stream|[of] p1a: Tyranitar
|move|p2a: Starmie|Scald|p1a: Tyranitar
|-supereffective|p1a: Tyranitar
|-damage|p1a: Tyranitar|66/100
|
|-weather|Sandstorm|[upkeep]
|-damage|p2a: Starmie|74/100|[from] Sandstorm
|-heal|p2a: Starmie|81/100|[from] item: Leftovers
|upkeep
|turn|6
|
|t:|1729963423
|move|p1a: Tyranitar|Crunch|p2a: Starmie
|-supereffective|p2a: Starmie
|-damage|p2a: Starmie|0 fnt
|faint|p2a: Starmie
|
|-weather|Sandstorm|[upkeep]
|upkeep
|
|t:|1729963452
|switch|p2a: Heatran|Heatran, M|81/100
|turn|7
|
|t:|1729963464
|switch|p1a: Keldeo|Keldeo|100/100
|switch|p2a: Hydreigon|Hydreigon, M|100/100
|
|-weather|Sandstorm|[upkeep]
|-damage|p1a: Keldeo|94/100|[from] Sandstorm
|-damage|p2a: Hydreigon|94/100|[from] Sandstorm
|-heal|p1a: Keldeo|100/100|[from] item: Leftovers
|upkeep
|turn|8
|
|t:|1729963471
|switch|p2a: Heatran|Heatran, M|81/100
|move|p1a: Keldeo|Protect||[still]
|-fail|p1a: Keldeo
|
|-weather|Sandstorm|[upkeep]
|-damage|p1a: Keldeo|94/100|[from] Sandstorm
|-heal|p1a: Keldeo|100/100|[from] item: Leftovers
|upkeep
|turn|9
|
|t:|1729963476
|move|p1a: Keldeo|Secret Sword|p2a: Heatran
|-supereffective|p2a: Heatran
|-damage|p2a: Heatran|0 fnt
|faint|p2a: Heatran
|
|-weather|Sandstorm|[upkeep]
|-damage|p1a: Keldeo|94/100|[from] Sandstorm
|-heal|p1a: Keldeo|100/100|[from] item: Leftovers
|upkeep
|
|t:|1729963481
|switch|p2a: Garchomp|Garchomp, M|100/100
|turn|10
|
|t:|1729963491
|switch|p1a: Landorus|Landorus-Therian, M|51/100 brn
|-ability|p1a: Landorus|Intimidate|boost
|-unboost|p2a: Garchomp|atk|1
|move|p2a: Garchomp|Dragon Claw|p1a: Landorus
|-damage|p1a: Landorus|32/100 brn
|
|-weather|Sandstorm|[upkeep]
|-heal|p1a: Landorus|38/100 brn|[from] item: Leftovers
|-damage|p1a: Landorus|25/100 brn|[from] brn
|upkeep
|turn|11
|
|t:|1729963503
|switch|p2a: Kyurem|Kyurem-Black|100/100
|-ability|p2a: Kyurem|Teravolt
|move|p1a: Landorus|Stealth Rock|p2a: Kyurem
|-sidestart|p2: lady_dimitrescu_2|move: Stealth Rock
|
|-weather|Sandstorm|[upkeep]
|-damage|p2a: Kyurem|94/100|[from] Sandstorm
|-heal|p1a: Landorus|31/100 brn|[from] item: Leftovers
|-damage|p1a: Landorus|19/100 brn|[from] brn
|upkeep
|turn|12
|
|t:|1729963511
|move|p2a: Kyurem|Ice Beam|p1a: Landorus
|-supereffective|p1a: Landorus
|-damage|p1a: Landorus|0 fnt
|faint|p1a: Landorus
|-damage|p2a: Kyurem|84/100|[from] item: Life Orb
|
|-weather|Sandstorm|[upkeep]
|-damage|p2a: Kyurem|78/100|[from] Sandstorm
|upkeep
|
|t:|1729963517
|switch|p1a: Keldeo|Keldeo|100/100
|turn|13
|
|t:|1729963528
|move|p1a: Keldeo|Secret Sword|p2a: Kyurem
|-supereffective|p2a: Kyurem
|-crit|p2a: Kyurem
|-damage|p2a: Kyurem|0 fnt
|faint|p2a: Kyurem
|
|-weather|Sandstorm|[upkeep]
|-damage|p1a: Keldeo|94/100|[from] Sandstorm
|-heal|p1a: Keldeo|100/100|[from] item: Leftovers
|upkeep
|
|t:|1729963531
|switch|p2a: Garchomp|Garchomp, M|100/100
|-damage|p2a: Garchomp|94/100|[from] Stealth Rock
|turn|14
|
|t:|1729963536
|move|p1a: Keldeo|Protect|p1a: Keldeo
|-singleturn|p1a: Keldeo|Protect
|move|p2a: Garchomp|Earthquake|p1a: Keldeo
|-activate|p1a: Keldeo|move: Protect
|
|-weather|Sandstorm|[upkeep]
|-damage|p1a: Keldeo|94/100|[from] Sandstorm
|-heal|p1a: Keldeo|100/100|[from] item: Leftovers
|upkeep
|turn|15
|
|t:|1729963540
|move|p2a: Garchomp|Earthquake|p1a: Keldeo
|-crit|p1a: Keldeo
|-damage|p1a: Keldeo|0 fnt
|faint|p1a: Keldeo
|
|-weather|Sandstorm|[upkeep]
|upkeep
|c|☆Zukob1|Nah for real
|
|t:|1729963559
|switch|p1a: Scizor|Scizor, F|100/100
|turn|16
|
|t:|1729963565
|move|p2a: Garchomp|Earthquake|p1a: Scizor
|-damage|p1a: Scizor|45/100
|move|p1a: Scizor|Superpower|p2a: Garchomp
|-crit|p2a: Garchomp
|-damage|p2a: Garchomp|0 fnt
|-unboost|p1a: Scizor|atk|1
|-unboost|p1a: Scizor|def|1
|-damage|p1a: Scizor|32/100|[from] ability: Rough Skin|[of] p2a: Garchomp
|faint|p2a: Garchomp
|
|-weather|Sandstorm|[upkeep]
|upkeep
|
|t:|1729963578
|switch|p2a: Hydreigon|Hydreigon, M|94/100
|-damage|p2a: Hydreigon|82/100|[from] Stealth Rock
|turn|17
|
|t:|1729963603
|switch|p1a: Starmie|Starmie|100/100
|move|p2a: Hydreigon|Dark Pulse|p1a: Starmie
|-supereffective|p1a: Starmie
|-damage|p1a: Starmie|0 fnt
|faint|p1a: Starmie
|
|-weather|Sandstorm|[upkeep]
|-damage|p2a: Hydreigon|76/100|[from] Sandstorm
|upkeep
|
|t:|1729963605
|switch|p1a: Tyranitar|Tyranitar, M|66/100
|turn|18
|
|t:|1729963616
|move|p1a: Tyranitar|Earthquake|p2a: Hydreigon
|-immune|p2a: Hydreigon|[from] ability: Levitate
|move|p2a: Hydreigon|Dark Pulse|p1a: Tyranitar
|-resisted|p1a: Tyranitar
|-damage|p1a: Tyranitar|45/100
|
|-weather|Sandstorm|[upkeep]
|-damage|p2a: Hydreigon|70/100|[from] Sandstorm
|upkeep
|turn|19
|
|t:|1729963624
|switch|p1a: Scizor|Scizor, F|32/100
|switch|p2a: Magnezone|Magnezone|100/100
|-damage|p2a: Magnezone|94/100|[from] Stealth Rock
|-item|p2a: Magnezone|Air Balloon
|
|-weather|Sandstorm|[upkeep]
|upkeep
|turn|20
|
|t:|1729963634
|move|p2a: Magnezone|Thunderbolt|p1a: Scizor
|-damage|p1a: Scizor|0 fnt
|faint|p1a: Scizor
|
|-weather|Sandstorm|[upkeep]
|upkeep
|-message|Zukob1 forfeited.
|
|win|lady_dimitrescu_2
|raw|Zukob1's rating: 1322 &rarr; <strong>1301</strong><br />(-21 for losing)
|raw|lady_dimitrescu_2's rating: 1313 &rarr; <strong>1334</strong><br />(+21 for winning)
|l|☆Zukob1
|player|p1|
