|j|‽daddy_days2
|j|☆ChrisCross1990
|t:|1746445278
|gametype|singles
|player|p1|daddy_days2|170|1456
|player|p2|ChrisCross1990|266|1348
|teamsize|p1|6
|teamsize|p2|6
|gen|5
|tier|[Gen 5] OU
|rated|
|rule|Species Clause: Limit one of each Pokémon
|rule|OHKO Clause: OHKO moves are banned
|rule|Moody Clause: Moody is banned
|rule|Evasion Items Clause: Evasion items are banned
|rule|Evasion Moves Clause: Evasion moves are banned
|rule|Endless Battle Clause: Forcing endless battles is banned
|rule|HP Percentage Mod: HP is shown in percentages
|rule|Evasion Abilities Clause: Evasion abilities are banned
|rule|Sleep Moves Clause: Sleep-inducing moves are banned
|rule|Swagger Clause: Swagger is banned
|rule|Baton Pass Stat Clause: No Baton Passer may have a way to boost its stats
|clearpoke
|poke|p1|Kyurem-Black|item
|poke|p1|Garchomp, F|item
|poke|p1|Conkeldurr, M|item
|poke|p1|Starmie|item
|poke|p1|Bisharp, F|item
|poke|p1|Scyther, M|item
|poke|p2|Conkeldurr, F|item
|poke|p2|Excadrill, F|item
|poke|p2|Landorus-Therian, M|item
|poke|p2|Thundurus-Therian, M|item
|poke|p2|Heatran, M|item
|poke|p2|Jirachi|item
|teampreview
|inactive|Battle timer is ON: inactive players will automatically lose when time's up. (requested by ChrisCross1990)
|
|t:|1746445293
|start
|switch|p1a: Bisharp|Bisharp, F|100/100
|switch|p2a: Thundurus|Thundurus-Therian, M|100/100
|-item|p1a: Bisharp|Air Balloon
|turn|1
|
|t:|1746445301
|move|p2a: Thundurus|Volt Switch|p1a: Bisharp
|-damage|p1a: Bisharp|50/100
|-enditem|p1a: Bisharp|Air Balloon
|
|t:|1746445311
|switch|p2a: Conkeldurr|Conkeldurr, F|100/100|[from] Volt Switch
|move|p1a: Bisharp|Night Slash|p2a: Conkeldurr
|-resisted|p2a: Conkeldurr
|-damage|p2a: Conkeldurr|82/100
|
|-heal|p2a: Conkeldurr|88/100|[from] item: Leftovers
|upkeep
|turn|2
|
|t:|1746445323
|switch|p1a: Garchomp|Garchomp, F|100/100
|move|p2a: Conkeldurr|Drain Punch|p1a: Garchomp
|-damage|p1a: Garchomp|65/100
|-heal|p2a: Conkeldurr|100/100|[from] drain|[of] p1a: Garchomp
|-damage|p2a: Conkeldurr|88/100|[from] ability: Rough Skin|[of] p1a: Garchomp
|-damage|p2a: Conkeldurr|72/100|[from] item: Rocky Helmet|[of] p1a: Garchomp
|
|-heal|p2a: Conkeldurr|78/100|[from] item: Leftovers
|upkeep
|turn|3
|
|t:|1746445344
|move|p1a: Garchomp|Stealth Rock|p2a: Conkeldurr
|-sidestart|p2: ChrisCross1990|move: Stealth Rock
|move|p2a: Conkeldurr|Ice Punch|p1a: Garchomp
|-supereffective|p1a: Garchomp
|-damage|p1a: Garchomp|0 fnt
|-damage|p2a: Conkeldurr|65/100|[from] ability: Rough Skin|[of] p1a: Garchomp
|-damage|p2a: Conkeldurr|49/100|[from] item: Rocky Helmet|[of] p1a: Garchomp
|faint|p1a: Garchomp
|
|-heal|p2a: Conkeldurr|55/100|[from] item: Leftovers
|upkeep
|
|t:|1746445353
|switch|p1a: Conkeldurr|Conkeldurr, M|100/100
|turn|4
|
|t:|1746445370
|switch|p2a: Thundurus|Thundurus-Therian, M|100/100
|-damage|p2a: Thundurus|76/100|[from] Stealth Rock
|move|p1a: Conkeldurr|Drain Punch|p2a: Thundurus
|-resisted|p2a: Thundurus
|-crit|p2a: Thundurus
|-damage|p2a: Thundurus|0 fnt
|faint|p2a: Thundurus
|
|upkeep
|
|t:|1746445384
|switch|p2a: Jirachi|Jirachi|100/100
|-damage|p2a: Jirachi|94/100|[from] Stealth Rock
|turn|5
|
|t:|1746445388
|move|p2a: Jirachi|Zen Headbutt|p1a: Conkeldurr
|-supereffective|p1a: Conkeldurr
|-damage|p1a: Conkeldurr|54/100
|move|p1a: Conkeldurr|Drain Punch|p2a: Jirachi
|-damage|p2a: Jirachi|47/100
|-heal|p1a: Conkeldurr|81/100|[from] drain|[of] p2a: Jirachi
|
|-heal|p1a: Conkeldurr|87/100|[from] item: Leftovers
|upkeep
|turn|6
|
|t:|1746445397
|move|p2a: Jirachi|Zen Headbutt|p1a: Conkeldurr
|-supereffective|p1a: Conkeldurr
|-damage|p1a: Conkeldurr|47/100
|cant|p1a: Conkeldurr|flinch
|
|-heal|p1a: Conkeldurr|53/100|[from] item: Leftovers
|upkeep
|turn|7
|
|t:|1746445403
|move|p2a: Jirachi|Zen Headbutt|p1a: Conkeldurr
|-supereffective|p1a: Conkeldurr
|-damage|p1a: Conkeldurr|8/100
|move|p1a: Conkeldurr|Drain Punch|p2a: Jirachi
|-crit|p2a: Jirachi
|-damage|p2a: Jirachi|0 fnt
|-heal|p1a: Conkeldurr|35/100|[from] drain|[of] p2a: Jirachi
|faint|p2a: Jirachi
|
|-heal|p1a: Conkeldurr|41/100|[from] item: Leftovers
|upkeep
|
|t:|1746445410
|switch|p2a: Landorus|Landorus-Therian, M|100/100
|-damage|p2a: Landorus|88/100|[from] Stealth Rock
|-ability|p2a: Landorus|Intimidate|boost
|-unboost|p1a: Conkeldurr|atk|1
|turn|8
|
|t:|1746445416
|move|p2a: Landorus|Earthquake|p1a: Conkeldurr
|-damage|p1a: Conkeldurr|0 fnt
|faint|p1a: Conkeldurr
|
|upkeep
|
|t:|1746445423
|switch|p1a: Kyurem|Kyurem-Black|100/100
|-ability|p1a: Kyurem|Teravolt
|turn|9
|
|t:|1746445436
|switch|p2a: Excadrill|Excadrill, F|100/100
|-damage|p2a: Excadrill|97/100|[from] Stealth Rock
|-ability|p2a: Excadrill|Mold Breaker
|move|p1a: Kyurem|Dragon Claw|p2a: Excadrill
|-resisted|p2a: Excadrill
|-damage|p2a: Excadrill|33/100
|
|upkeep
|turn|10
|
|t:|1746445446
|switch|p1a: Starmie|Starmie|100/100
|move|p2a: Excadrill|Iron Head|p1a: Starmie
|-resisted|p1a: Starmie
|-damage|p1a: Starmie|76/100
|
|-heal|p1a: Starmie|82/100|[from] item: Leftovers
|upkeep
|turn|11
|
|t:|1746445462
|switch|p2a: Conkeldurr|Conkeldurr, F|55/100
|-damage|p2a: Conkeldurr|49/100|[from] Stealth Rock
|move|p1a: Starmie|Hydro Pump|p2a: Conkeldurr
|-damage|p2a: Conkeldurr|0 fnt
|faint|p2a: Conkeldurr
|
|-heal|p1a: Starmie|88/100|[from] item: Leftovers
|upkeep
|
|t:|1746445473
|switch|p2a: Landorus|Landorus-Therian, M|88/100
|-damage|p2a: Landorus|76/100|[from] Stealth Rock
|-ability|p2a: Landorus|Intimidate|boost
|-unboost|p1a: Starmie|atk|1
|turn|12
|
|t:|1746445482
|switch|p1a: Scyther|Scyther, M|100/100
|move|p2a: Landorus|Earthquake|p1a: Scyther
|-immune|p1a: Scyther
|
|upkeep
|turn|13
|
|t:|1746445496
|switch|p2a: Heatran|Heatran, M|100/100
|-damage|p2a: Heatran|88/100|[from] Stealth Rock
|move|p1a: Scyther|U-turn|p2a: Heatran
|-resisted|p2a: Heatran
|-crit|p2a: Heatran
|-damage|p2a: Heatran|73/100
|
|t:|1746445504
|switch|p1a: Starmie|Starmie|88/100|[from] U-turn
|
|-heal|p1a: Starmie|94/100|[from] item: Leftovers
|upkeep
|turn|14
|
|t:|1746445511
|move|p1a: Starmie|Hydro Pump|p2a: Heatran
|-supereffective|p2a: Heatran
|-damage|p2a: Heatran|4/100
|move|p2a: Heatran|Hidden Power|p1a: Starmie
|-supereffective|p1a: Starmie
|-damage|p1a: Starmie|0 fnt
|faint|p1a: Starmie
|
|upkeep
|
|t:|1746445525
|switch|p1a: Scyther|Scyther, M|100/100
|turn|15
|
|t:|1746445530
|move|p1a: Scyther|U-turn|p2a: Heatran
|-resisted|p2a: Heatran
|-damage|p2a: Heatran|0 fnt
|faint|p2a: Heatran
|
|t:|1746445535
|switch|p1a: Bisharp|Bisharp, F|50/100|[from] U-turn
|
|upkeep
|
|t:|1746445543
|switch|p2a: Landorus|Landorus-Therian, M|76/100
|-damage|p2a: Landorus|64/100|[from] Stealth Rock
|-ability|p2a: Landorus|Intimidate|boost
|-unboost|p1a: Bisharp|atk|1
|-ability|p1a: Bisharp|Defiant|boost
|-boost|p1a: Bisharp|atk|2
|turn|16
|
|t:|1746445550
|move|p1a: Bisharp|Sucker Punch|p2a: Landorus
|-damage|p2a: Landorus|0 fnt
|faint|p2a: Landorus
|
|upkeep
|
|t:|1746445553
|switch|p2a: Excadrill|Excadrill, F|33/100
|-damage|p2a: Excadrill|30/100|[from] Stealth Rock
|-ability|p2a: Excadrill|Mold Breaker
|turn|17
|-message|ChrisCross1990 forfeited.
|
|win|daddy_days2
|raw|daddy_days2's rating: 1456 &rarr; <strong>1470</strong><br />(+14 for winning)
|raw|ChrisCross1990's rating: 1348 &rarr; <strong>1334</strong><br />(-14 for losing)
|l|☆ChrisCross1990
|player|p2|
