|uhtml|medal-msg|<div class="broadcast-blue">Curious what those medals under the avatar are? PS now has Ladder Seasons! For more information, check out the <a href="https://www.smogon.com/forums/threads/3740067/">thread on Smogon.</a></div>
|uhtml|medal-msg|<div class="broadcast-blue">Curious what those medals under the avatar are? PS now has Ladder Seasons! For more information, check out the <a href="https://www.smogon.com/forums/threads/3740067/">thread on Smogon.</a></div>
|j|☆misADVised
|j|☆ms breadner
|t:|1713549348
|gametype|singles
|player|p1|misADVised|barry|1318
|player|p2|ms breadner|2|1375
|teamsize|p1|6
|teamsize|p2|6
|gen|5
|tier|[Gen 5] OU
|rated|
|rule|Species Clause: Limit one of each Pokémon
|rule|OHKO Clause: OHKO moves are banned
|rule|Moody Clause: Moody is banned
|rule|Evasion Items Clause: Evasion items are banned
|rule|Evasion Moves Clause: Evasion moves are banned
|rule|Endless Battle Clause: Forcing endless battles is banned
|rule|HP Percentage Mod: HP is shown in percentages
|rule|Evasion Abilities Clause: Evasion abilities are banned
|rule|Sleep Moves Clause: Sleep-inducing moves are banned
|rule|Swagger Clause: Swagger is banned
|rule|Baton Pass Stat Clause: No Baton Passer may have a way to boost its stats
|clearpoke
|poke|p1|Magnezone|item
|poke|p1|Jirachi|item
|poke|p1|Kyurem-Black|item
|poke|p1|Latios, M|item
|poke|p1|Garchomp, M|item
|poke|p1|Dragonite, M|item
|poke|p2|Tyranitar, F|item
|poke|p2|Terrakion|item
|poke|p2|Rotom-Wash|item
|poke|p2|Heatran, F|item
|poke|p2|Latios, M|item
|poke|p2|Landorus-Therian, M|item
|teampreview
|inactive|Battle timer is ON: inactive players will automatically lose when time's up. (requested by misADVised)
|j| CertamenMeum
|
|t:|1713549380
|start
|switch|p1a: Garchomp|Garchomp, M|100/100
|switch|p2a: Heatran|Heatran, F|100/100
|-item|p2a: Heatran|Air Balloon
|turn|1
|
|t:|1713549391
|move|p1a: Garchomp|Dragon Claw|p2a: Heatran
|-resisted|p2a: Heatran
|-damage|p2a: Heatran|80/100
|-enditem|p2a: Heatran|Air Balloon
|move|p2a: Heatran|Hidden Power|p1a: Garchomp
|-supereffective|p1a: Garchomp
|-crit|p1a: Garchomp
|-damage|p1a: Garchomp|0 fnt
|faint|p1a: Garchomp
|
|upkeep
|inactive|misADVised has 120 seconds left.
|
|t:|1713549417
|switch|p1a: Kyurem|Kyurem-Black|100/100
|-ability|p1a: Kyurem|Teravolt
|turn|2
|
|t:|1713549425
|move|p1a: Kyurem|Outrage|p2a: Heatran
|-resisted|p2a: Heatran
|-damage|p2a: Heatran|13/100
|move|p2a: Heatran|Fire Blast|p1a: Kyurem
|-damage|p1a: Kyurem|42/100
|
|upkeep
|turn|3
|
|t:|1713549434
|move|p1a: Kyurem|Outrage|p2a: Heatran|[from]lockedmove
|-resisted|p2a: Heatran
|-damage|p2a: Heatran|0 fnt
|faint|p2a: Heatran
|
|upkeep
|
|t:|1713549440
|switch|p2a: Landorus|Landorus-Therian, M|100/100
|-ability|p2a: Landorus|Intimidate|boost
|-unboost|p1a: Kyurem|atk|1
|turn|4
|
|t:|1713549444
|move|p2a: Landorus|Earthquake|p1a: Kyurem
|-damage|p1a: Kyurem|0 fnt
|faint|p1a: Kyurem
|
|upkeep
|
|t:|1713549455
|switch|p1a: Magnezone|Magnezone|100/100
|-item|p1a: Magnezone|Air Balloon
|turn|5
|
|t:|1713549466
|switch|p2a: Rotom|Rotom-Wash|100/100
|move|p1a: Magnezone|Magnet Rise|p1a: Magnezone
|-start|p1a: Magnezone|Magnet Rise
|
|upkeep
|turn|6
|
|t:|1713549479
|move|p1a: Magnezone|Thunderbolt|p2a: Rotom
|-damage|p2a: Rotom|55/100
|-status|p2a: Rotom|par
|move|p2a: Rotom|Will-O-Wisp|p1a: Magnezone
|-status|p1a: Magnezone|brn
|
|-heal|p2a: Rotom|61/100 par|[from] item: Leftovers
|-damage|p1a: Magnezone|88/100 brn|[from] brn
|upkeep
|turn|7
|
|t:|1713549490
|move|p1a: Magnezone|Thunderbolt|p2a: Rotom
|-damage|p2a: Rotom|19/100 par
|move|p2a: Rotom|Pain Split|p1a: Magnezone
|-sethp|p1a: Magnezone|54/100 brn|[from] move: Pain Split|[silent]
|-sethp|p2a: Rotom|50/100 par|[from] move: Pain Split
|
|-heal|p2a: Rotom|56/100 par|[from] item: Leftovers
|-damage|p1a: Magnezone|42/100 brn|[from] brn
|upkeep
|turn|8
|
|t:|1713549499
|move|p1a: Magnezone|Thunderbolt|p2a: Rotom
|-damage|p2a: Rotom|15/100 par
|move|p2a: Rotom|Hydro Pump|p1a: Magnezone
|-damage|p1a: Magnezone|0 fnt
|-enditem|p1a: Magnezone|Air Balloon
|faint|p1a: Magnezone
|
|-heal|p2a: Rotom|21/100 par|[from] item: Leftovers
|upkeep
|inactive|misADVised has 120 seconds left.
|
|t:|1713549552
|switch|p1a: Jirachi|Jirachi|100/100
|turn|9
|
|t:|1713549562
|move|p1a: Jirachi|Thunder|p2a: Rotom|[miss]
|-miss|p1a: Jirachi|p2a: Rotom
|cant|p2a: Rotom|par
|
|-heal|p2a: Rotom|27/100 par|[from] item: Leftovers
|upkeep
|turn|10
|
|t:|1713549569
|move|p1a: Jirachi|Thunder|p2a: Rotom
|-crit|p2a: Rotom
|-damage|p2a: Rotom|0 fnt
|faint|p2a: Rotom
|
|upkeep
|
|t:|1713549582
|switch|p2a: Terrakion|Terrakion|100/100
|turn|11
|inactive|misADVised has 120 seconds left.
|
|t:|1713549599
|move|p2a: Terrakion|Close Combat|p1a: Jirachi
|-damage|p1a: Jirachi|49/100
|-unboost|p2a: Terrakion|def|1
|-unboost|p2a: Terrakion|spd|1
|move|p1a: Jirachi|Icy Wind|p2a: Terrakion
|-damage|p2a: Terrakion|77/100
|-unboost|p2a: Terrakion|spe|1
|
|-heal|p1a: Jirachi|55/100|[from] item: Leftovers
|upkeep
|turn|12
|
|t:|1713549610
|move|p2a: Terrakion|Stone Edge|p1a: Jirachi
|-resisted|p1a: Jirachi
|-damage|p1a: Jirachi|33/100
|move|p1a: Jirachi|Stealth Rock|p2a: Terrakion
|-sidestart|p2: ms breadner|move: Stealth Rock
|
|-heal|p1a: Jirachi|39/100|[from] item: Leftovers
|upkeep
|turn|13
|
|t:|1713549618
|move|p2a: Terrakion|Close Combat|p1a: Jirachi
|-crit|p1a: Jirachi
|-damage|p1a: Jirachi|0 fnt
|-unboost|p2a: Terrakion|def|1
|-unboost|p2a: Terrakion|spd|1
|faint|p1a: Jirachi
|
|upkeep
|
|t:|1713549627
|switch|p1a: Dragonite|Dragonite, M|100/100
|turn|14
|
|t:|1713549641
|move|p1a: Dragonite|Earthquake|p2a: Terrakion
|-supereffective|p2a: Terrakion
|-damage|p2a: Terrakion|0 fnt
|faint|p2a: Terrakion
|
|upkeep
|
|t:|1713549650
|switch|p2a: Tyranitar|Tyranitar, F|100/100
|-damage|p2a: Tyranitar|88/100|[from] Stealth Rock
|-weather|Sandstorm|[from] ability: Sand Stream|[of] p2a: Tyranitar
|turn|15
|
|t:|1713549659
|switch|p2a: Landorus|Landorus-Therian, M|100/100
|-damage|p2a: Landorus|88/100|[from] Stealth Rock
|-ability|p2a: Landorus|Intimidate|boost
|-unboost|p1a: Dragonite|atk|1
|move|p1a: Dragonite|Earthquake|p2a: Landorus
|-immune|p2a: Landorus
|
|-weather|Sandstorm|[upkeep]
|-damage|p1a: Dragonite|94/100|[from] Sandstorm
|upkeep
|turn|16
|
|t:|1713549678
|switch|p1a: Latios|Latios, M|100/100
|move|p2a: Landorus|Hidden Power|p1a: Latios
|-supereffective|p1a: Latios
|-damage|p1a: Latios|67/100
|
|-weather|Sandstorm|[upkeep]
|-damage|p1a: Latios|61/100|[from] Sandstorm
|upkeep
|turn|17
|
|t:|1713549689
|move|p1a: Latios|Surf|p2a: Landorus
|-supereffective|p2a: Landorus
|-crit|p2a: Landorus
|-damage|p2a: Landorus|0 fnt
|faint|p2a: Landorus
|
|-weather|Sandstorm|[upkeep]
|-damage|p1a: Latios|55/100|[from] Sandstorm
|upkeep
|
|t:|1713549696
|switch|p2a: Latios|Latios, M|100/100
|-damage|p2a: Latios|88/100|[from] Stealth Rock
|turn|18
|
|t:|1713549702
|move|p1a: Latios|Surf|p2a: Latios
|-resisted|p2a: Latios
|-damage|p2a: Latios|70/100
|move|p2a: Latios|Draco Meteor|p1a: Latios
|-supereffective|p1a: Latios
|-damage|p1a: Latios|0 fnt
|-unboost|p2a: Latios|spa|2
|faint|p1a: Latios
|
|-weather|Sandstorm|[upkeep]
|-damage|p2a: Latios|64/100|[from] Sandstorm
|upkeep
|
|t:|1713549707
|switch|p1a: Dragonite|Dragonite, M|94/100
|turn|19
|
|t:|1713549718
|move|p2a: Latios|Draco Meteor|p1a: Dragonite
|-supereffective|p1a: Dragonite
|-enditem|p1a: Dragonite|Haban Berry|[eat]
|-enditem|p1a: Dragonite|Haban Berry|[weaken]
|-damage|p1a: Dragonite|40/100
|-unboost|p2a: Latios|spa|2
|move|p1a: Dragonite|Dragon Dance|p1a: Dragonite
|-boost|p1a: Dragonite|atk|1
|-boost|p1a: Dragonite|spe|1
|
|-weather|Sandstorm|[upkeep]
|-damage|p1a: Dragonite|34/100|[from] Sandstorm
|-damage|p2a: Latios|58/100|[from] Sandstorm
|upkeep
|turn|20
|
|t:|1713549742
|move|p1a: Dragonite|Extreme Speed|p2a: Latios
|-damage|p2a: Latios|0 fnt
|faint|p2a: Latios
|
|-weather|Sandstorm|[upkeep]
|-damage|p1a: Dragonite|28/100|[from] Sandstorm
|upkeep
|
|t:|1713549748
|switch|p2a: Tyranitar|Tyranitar, F|88/100
|-damage|p2a: Tyranitar|76/100|[from] Stealth Rock
|turn|21
|
|t:|1713549759
|move|p1a: Dragonite|Earthquake|p2a: Tyranitar
|-supereffective|p2a: Tyranitar
|-damage|p2a: Tyranitar|0 fnt
|faint|p2a: Tyranitar
|
|win|misADVised
|raw|misADVised's rating: 1318 &rarr; <strong>1341</strong><br />(+23 for winning)
|raw|ms breadner's rating: 1375 &rarr; <strong>1352</strong><br />(-23 for losing)
|l|☆ms breadner
|player|p2|
