|j|☆nov.rain
|j|☆The Terra Helix
|t:|1737945251
|gametype|singles
|player|p1|nov.rain|170|1403
|player|p2|The Terra Helix|hugh|1264
|teamsize|p1|6
|teamsize|p2|6
|gen|5
|tier|[Gen 5] OU
|rated|
|rule|Species Clause: Limit one of each Pokémon
|rule|OHKO Clause: OHKO moves are banned
|rule|Moody Clause: Moody is banned
|rule|Evasion Items Clause: Evasion items are banned
|rule|Evasion Moves Clause: Evasion moves are banned
|rule|Endless Battle Clause: Forcing endless battles is banned
|rule|HP Percentage Mod: HP is shown in percentages
|rule|Evasion Abilities Clause: Evasion abilities are banned
|rule|Sleep Moves Clause: Sleep-inducing moves are banned
|rule|Swagger Clause: Swagger is banned
|rule|Baton Pass Stat Clause: No Baton Passer may have a way to boost its stats
|clearpoke
|poke|p1|Tyranitar, F|item
|poke|p1|Landorus-Therian, M|item
|poke|p1|Scizor, F|item
|poke|p1|Ferrothorn, M|item
|poke|p1|Mienshao, F|item
|poke|p1|Rotom-Wash|item
|poke|p2|Latias, F|item
|poke|p2|Gliscor, F|item
|poke|p2|Skarmory, M|item
|poke|p2|Blissey, F|item
|poke|p2|Gastrodon, F|item
|poke|p2|Bronzong|item
|teampreview
|
|t:|1737945263
|start
|switch|p1a: Balls|Ferrothorn, M, shiny|100/100
|switch|p2a: Gliscor|Gliscor, F, shiny|100/100
|turn|1
|
|t:|1737945265
|move|p2a: Gliscor|Protect|p2a: Gliscor
|-singleturn|p2a: Gliscor|Protect
|move|p1a: Balls|Stealth Rock|p2a: Gliscor
|-sidestart|p2: The Terra Helix|move: Stealth Rock
|
|-status|p2a: Gliscor|tox|[from] item: Toxic Orb
|upkeep
|turn|2
|inactive|Battle timer is ON: inactive players will automatically lose when time's up. (requested by nov.rain)
|
|t:|1737945273
|switch|p1a: Dir-T Laund-Ri|Rotom-Wash|100/100
|move|p2a: Gliscor|Stealth Rock|p1a: Dir-T Laund-Ri
|-sidestart|p1: nov.rain|move: Stealth Rock
|
|upkeep
|turn|3
|
|t:|1737945276
|switch|p2a: Gastrodon|Gastrodon, F|100/100
|-damage|p2a: Gastrodon|94/100|[from] Stealth Rock
|move|p1a: Dir-T Laund-Ri|Hydro Pump|p2a: Gastrodon
|-ability|p2a: Gastrodon|Storm Drain|boost
|-boost|p2a: Gastrodon|spa|1
|
|-heal|p2a: Gastrodon|100/100|[from] item: Leftovers
|upkeep
|turn|4
|
|t:|1737945284
|switch|p1a: Balls|Ferrothorn, M, shiny|100/100
|-damage|p1a: Balls|94/100|[from] Stealth Rock
|move|p2a: Gastrodon|Scald|p1a: Balls
|-resisted|p1a: Balls
|-damage|p1a: Balls|77/100
|
|upkeep
|turn|5
|
|t:|1737945291
|switch|p2a: Gliscor|Gliscor, F, shiny|100/100 tox
|-damage|p2a: Gliscor|88/100 tox|[from] Stealth Rock
|move|p1a: Balls|Power Whip|p2a: Gliscor
|-damage|p2a: Gliscor|62/100 tox
|
|-heal|p2a: Gliscor|75/100 tox|[from] ability: Poison Heal
|upkeep
|turn|6
|
|t:|1737945295
|switch|p1a: Dir-T Laund-Ri|Rotom-Wash|100/100
|-damage|p1a: Dir-T Laund-Ri|88/100|[from] Stealth Rock
|move|p2a: Gliscor|Knock Off|p1a: Dir-T Laund-Ri
|-damage|p1a: Dir-T Laund-Ri|81/100
|-enditem|p1a: Dir-T Laund-Ri|Choice Scarf|[from] move: Knock Off|[of] p2a: Gliscor
|
|-heal|p2a: Gliscor|87/100 tox|[from] ability: Poison Heal
|upkeep
|turn|7
|
|t:|1737945314
|move|p2a: Gliscor|Protect|p2a: Gliscor
|-singleturn|p2a: Gliscor|Protect
|move|p1a: Dir-T Laund-Ri|Hidden Power|p2a: Gliscor
|-activate|p2a: Gliscor|move: Protect
|
|-heal|p2a: Gliscor|99/100 tox|[from] ability: Poison Heal
|upkeep
|turn|8
|
|t:|1737945323
|switch|p2a: Swordance unfair|Blissey, F|100/100
|-damage|p2a: Swordance unfair|88/100|[from] Stealth Rock
|move|p1a: Dir-T Laund-Ri|Trick|p2a: Swordance unfair
|-activate|p1a: Dir-T Laund-Ri|move: Trick|[of] p2a: Swordance unfair
|-enditem|p2a: Swordance unfair|Leftovers|[silent]|[from] move: Trick
|-item|p1a: Dir-T Laund-Ri|Leftovers|[from] move: Trick
|
|-heal|p1a: Dir-T Laund-Ri|88/100|[from] item: Leftovers
|upkeep
|turn|9
|
|t:|1737945333
|move|p1a: Dir-T Laund-Ri|Volt Switch|p2a: Swordance unfair
|-damage|p2a: Swordance unfair|79/100
|
|t:|1737945340
|switch|p1a: Balls|Ferrothorn, M, shiny|77/100|[from] Volt Switch
|-damage|p1a: Balls|71/100|[from] Stealth Rock
|move|p2a: Swordance unfair|Toxic|p1a: Balls
|-immune|p1a: Balls
|
|upkeep
|turn|10
|
|t:|1737945350
|switch|p2a: Skarmory|Skarmory, M|100/100
|-damage|p2a: Skarmory|88/100|[from] Stealth Rock
|move|p1a: Balls|Gyro Ball|p2a: Skarmory
|-resisted|p2a: Skarmory
|-damage|p2a: Skarmory|77/100
|
|-heal|p2a: Skarmory|83/100|[from] item: Leftovers
|upkeep
|turn|11
|
|t:|1737945358
|move|p2a: Skarmory|Spikes|p1a: Balls
|-sidestart|p1: nov.rain|Spikes
|move|p1a: Balls|Thunder Wave|p2a: Skarmory
|-status|p2a: Skarmory|par
|
|-heal|p2a: Skarmory|89/100 par|[from] item: Leftovers
|upkeep
|turn|12
|
|t:|1737945363
|switch|p1a: Dir-T Laund-Ri|Rotom-Wash|88/100
|-damage|p1a: Dir-T Laund-Ri|75/100|[from] Stealth Rock
|move|p2a: Skarmory|Spikes|p1a: Dir-T Laund-Ri
|-sidestart|p1: nov.rain|Spikes
|
|-heal|p1a: Dir-T Laund-Ri|81/100|[from] item: Leftovers
|-heal|p2a: Skarmory|95/100 par|[from] item: Leftovers
|upkeep
|turn|13
|
|t:|1737945367
|switch|p2a: Gastrodon|Gastrodon, F|100/100
|-damage|p2a: Gastrodon|94/100|[from] Stealth Rock
|move|p1a: Dir-T Laund-Ri|Volt Switch|p2a: Gastrodon
|-immune|p2a: Gastrodon
|
|-heal|p1a: Dir-T Laund-Ri|88/100|[from] item: Leftovers
|-heal|p2a: Gastrodon|100/100|[from] item: Leftovers
|upkeep
|turn|14
|
|t:|1737945373
|move|p2a: Gastrodon|Protect|p2a: Gastrodon
|-singleturn|p2a: Gastrodon|Protect
|move|p1a: Dir-T Laund-Ri|Hidden Power|p2a: Gastrodon
|-activate|p2a: Gastrodon|move: Protect
|
|-heal|p1a: Dir-T Laund-Ri|94/100|[from] item: Leftovers
|upkeep
|turn|15
|
|t:|1737945375
|switch|p2a: Swordance unfair|Blissey, F|79/100
|-damage|p2a: Swordance unfair|66/100|[from] Stealth Rock
|move|p1a: Dir-T Laund-Ri|Hidden Power|p2a: Swordance unfair
|-damage|p2a: Swordance unfair|60/100
|
|-heal|p1a: Dir-T Laund-Ri|99/100|[from] item: Leftovers
|upkeep
|turn|16
|
|t:|1737945380
|switch|p1a: Balls|Ferrothorn, M, shiny|71/100
|-damage|p1a: Balls|65/100|[from] Stealth Rock
|-damage|p1a: Balls|48/100|[from] Spikes
|move|p2a: Swordance unfair|Soft-Boiled|p2a: Swordance unfair
|-heal|p2a: Swordance unfair|100/100
|
|upkeep
|turn|17
|
|t:|1737945392
|switch|p2a: Skarmory|Skarmory, M|95/100 par
|-damage|p2a: Skarmory|83/100 par|[from] Stealth Rock
|move|p1a: Balls|Thunder Wave|p2a: Skarmory
|-fail|p2a: Skarmory|par
|
|-heal|p2a: Skarmory|89/100 par|[from] item: Leftovers
|upkeep
|turn|18
|
|t:|1737945399
|switch|p1a: Dir-T Laund-Ri|Rotom-Wash|99/100
|-damage|p1a: Dir-T Laund-Ri|88/100|[from] Stealth Rock
|move|p2a: Skarmory|Spikes|p1a: Dir-T Laund-Ri
|-sidestart|p1: nov.rain|Spikes
|
|-heal|p1a: Dir-T Laund-Ri|94/100|[from] item: Leftovers
|-heal|p2a: Skarmory|95/100 par|[from] item: Leftovers
|upkeep
|turn|19
|
|t:|1737945402
|switch|p2a: Swordance unfair|Blissey, F|100/100
|-damage|p2a: Swordance unfair|88/100|[from] Stealth Rock
|move|p1a: Dir-T Laund-Ri|Hidden Power|p2a: Swordance unfair
|-damage|p2a: Swordance unfair|82/100
|
|-heal|p1a: Dir-T Laund-Ri|99/100|[from] item: Leftovers
|upkeep
|turn|20
|
|t:|1737945408
|move|p1a: Dir-T Laund-Ri|Volt Switch|p2a: Swordance unfair
|-damage|p2a: Swordance unfair|71/100
|
|t:|1737945419
|switch|p1a: Original Sin|Mienshao, F, shiny|100/100|[from] Volt Switch
|-damage|p1a: Original Sin|94/100|[from] Stealth Rock
|-damage|p1a: Original Sin|69/100|[from] Spikes
|move|p2a: Swordance unfair|Soft-Boiled|p2a: Swordance unfair
|-heal|p2a: Swordance unfair|100/100
|
|upkeep
|turn|21
|
|t:|1737945427
|switch|p2a: Gliscor|Gliscor, F, shiny|99/100 tox
|-damage|p2a: Gliscor|87/100 tox|[from] Stealth Rock
|move|p1a: Original Sin|High Jump Kick|p2a: Gliscor
|-resisted|p2a: Gliscor
|-damage|p2a: Gliscor|69/100 tox
|
|-heal|p2a: Gliscor|81/100 tox|[from] ability: Poison Heal
|upkeep
|turn|22
|
|t:|1737945455
|switch|p1a: Dir-T Laund-Ri|Rotom-Wash|99/100
|-damage|p1a: Dir-T Laund-Ri|88/100|[from] Stealth Rock
|move|p2a: Gliscor|Protect||[still]
|-fail|p2a: Gliscor
|
|-heal|p1a: Dir-T Laund-Ri|94/100|[from] item: Leftovers
|-heal|p2a: Gliscor|94/100 tox|[from] ability: Poison Heal
|upkeep
|turn|23
|
|t:|1737945462
|switch|p2a: Swordance unfair|Blissey, F|100/100
|-damage|p2a: Swordance unfair|88/100|[from] Stealth Rock
|move|p1a: Dir-T Laund-Ri|Volt Switch|p2a: Swordance unfair
|-damage|p2a: Swordance unfair|78/100
|
|t:|1737945467
|switch|p1a: Original Sin|Mienshao, F, shiny|100/100|[from] Volt Switch
|-damage|p1a: Original Sin|94/100|[from] Stealth Rock
|-damage|p1a: Original Sin|69/100|[from] Spikes
|
|upkeep
|turn|24
|
|t:|1737945471
|switch|p2a: Gliscor|Gliscor, F, shiny|94/100 tox
|-damage|p2a: Gliscor|81/100 tox|[from] Stealth Rock
|move|p1a: Original Sin|U-turn|p2a: Gliscor
|-resisted|p2a: Gliscor
|-damage|p2a: Gliscor|74/100 tox
|
|t:|1737945477
|switch|p1a: Dir-T Laund-Ri|Rotom-Wash|94/100|[from] U-turn
|-damage|p1a: Dir-T Laund-Ri|81/100|[from] Stealth Rock
|
|-heal|p1a: Dir-T Laund-Ri|88/100|[from] item: Leftovers
|-heal|p2a: Gliscor|87/100 tox|[from] ability: Poison Heal
|upkeep
|turn|25
|
|t:|1737945482
|move|p2a: Gliscor|Protect|p2a: Gliscor
|-singleturn|p2a: Gliscor|Protect
|move|p1a: Dir-T Laund-Ri|Hidden Power|p2a: Gliscor
|-activate|p2a: Gliscor|move: Protect
|
|-heal|p1a: Dir-T Laund-Ri|94/100|[from] item: Leftovers
|-heal|p2a: Gliscor|99/100 tox|[from] ability: Poison Heal
|upkeep
|turn|26
|
|t:|1737945486
|switch|p2a: Swordance unfair|Blissey, F|78/100
|-damage|p2a: Swordance unfair|66/100|[from] Stealth Rock
|move|p1a: Dir-T Laund-Ri|Volt Switch|p2a: Swordance unfair
|-damage|p2a: Swordance unfair|56/100
|
|t:|1737945490
|switch|p1a: Original Sin|Mienshao, F, shiny|100/100|[from] Volt Switch
|-damage|p1a: Original Sin|94/100|[from] Stealth Rock
|-damage|p1a: Original Sin|69/100|[from] Spikes
|
|upkeep
|turn|27
|
|t:|1737945495
|switch|p2a: Skarmory|Skarmory, M|95/100 par
|-damage|p2a: Skarmory|82/100 par|[from] Stealth Rock
|move|p1a: Original Sin|Drain Punch|p2a: Skarmory
|-damage|p2a: Skarmory|59/100 par
|-heal|p1a: Original Sin|83/100|[from] drain|[of] p2a: Skarmory
|
|-heal|p2a: Skarmory|65/100 par|[from] item: Leftovers
|upkeep
|turn|28
|
|t:|1737945509
|switch|p1a: Fyrita|Scizor, F|100/100
|-damage|p1a: Fyrita|88/100|[from] Stealth Rock
|-damage|p1a: Fyrita|63/100|[from] Spikes
|cant|p2a: Skarmory|par
|
|-heal|p2a: Skarmory|71/100 par|[from] item: Leftovers
|upkeep
|turn|29
|
|t:|1737945513
|move|p1a: Fyrita|Roost|p1a: Fyrita
|-heal|p1a: Fyrita|100/100
|-singleturn|p1a: Fyrita|move: Roost
|move|p2a: Skarmory|Whirlwind|p1a: Fyrita
|drag|p1a: Original Sin|Mienshao, F, shiny|100/100
|-damage|p1a: Original Sin|94/100|[from] Stealth Rock
|-damage|p1a: Original Sin|69/100|[from] Spikes
|
|-heal|p2a: Skarmory|77/100 par|[from] item: Leftovers
|upkeep
|turn|30
|
|t:|1737945517
|move|p1a: Original Sin|U-turn|p2a: Skarmory
|-resisted|p2a: Skarmory
|-damage|p2a: Skarmory|74/100 par
|
|t:|1737945523
|switch|p1a: Ol' Puss|Landorus-Therian, M|100/100|[from] U-turn
|-damage|p1a: Ol' Puss|88/100|[from] Stealth Rock
|-ability|p1a: Ol' Puss|Intimidate|boost
|-unboost|p2a: Skarmory|atk|1
|move|p2a: Skarmory|Brave Bird|p1a: Ol' Puss
|-damage|p1a: Ol' Puss|62/100
|-damage|p2a: Skarmory|66/100 par|[from] Recoil
|
|-heal|p2a: Skarmory|72/100 par|[from] item: Leftovers
|upkeep
|turn|31
|
|t:|1737945530
|switch|p2a: Gastrodon|Gastrodon, F|100/100
|-damage|p2a: Gastrodon|94/100|[from] Stealth Rock
|move|p1a: Ol' Puss|U-turn|p2a: Gastrodon
|-damage|p2a: Gastrodon|72/100
|inactive|nov.rain has 120 seconds left.
|
|t:|1737945568
|switch|p1a: Dir-T Laund-Ri|Rotom-Wash|94/100|[from] U-turn
|-damage|p1a: Dir-T Laund-Ri|81/100|[from] Stealth Rock
|
|-heal|p1a: Dir-T Laund-Ri|88/100|[from] item: Leftovers
|-heal|p2a: Gastrodon|78/100|[from] item: Leftovers
|upkeep
|turn|32
|inactive|nov.rain has 120 seconds left.
|
|t:|1737945573
|switch|p2a: Swordance unfair|Blissey, F|56/100
|-damage|p2a: Swordance unfair|43/100|[from] Stealth Rock
|move|p1a: Dir-T Laund-Ri|Hidden Power|p2a: Swordance unfair
|-damage|p2a: Swordance unfair|37/100
|
|-heal|p1a: Dir-T Laund-Ri|94/100|[from] item: Leftovers
|upkeep
|turn|33
|
|t:|1737945577
|move|p1a: Dir-T Laund-Ri|Hidden Power|p2a: Swordance unfair
|-damage|p2a: Swordance unfair|30/100
|move|p2a: Swordance unfair|Soft-Boiled|p2a: Swordance unfair
|-heal|p2a: Swordance unfair|80/100
|
|-heal|p1a: Dir-T Laund-Ri|99/100|[from] item: Leftovers
|upkeep
|turn|34
|
|t:|1737945584
|switch|p1a: Balls|Ferrothorn, M, shiny|48/100
|-damage|p1a: Balls|42/100|[from] Stealth Rock
|-damage|p1a: Balls|17/100|[from] Spikes
|move|p2a: Swordance unfair|Toxic|p1a: Balls
|-immune|p1a: Balls
|
|upkeep
|turn|35
|
|t:|1737945590
|move|p2a: Swordance unfair|Seismic Toss|p1a: Balls
|-damage|p1a: Balls|0 fnt
|-damage|p2a: Swordance unfair|68/100|[from] ability: Iron Barbs|[of] p1a: Balls
|-damage|p2a: Swordance unfair|51/100|[from] item: Rocky Helmet|[of] p1a: Balls
|faint|p1a: Balls
|
|upkeep
|
|t:|1737945595
|switch|p1a: Original Sin|Mienshao, F, shiny|100/100
|-damage|p1a: Original Sin|94/100|[from] Stealth Rock
|-damage|p1a: Original Sin|69/100|[from] Spikes
|turn|36
|
|t:|1737945601
|switch|p2a: Gliscor|Gliscor, F, shiny|99/100 tox
|-damage|p2a: Gliscor|87/100 tox|[from] Stealth Rock
|move|p1a: Original Sin|High Jump Kick|p2a: Gliscor
|-resisted|p2a: Gliscor
|-damage|p2a: Gliscor|68/100 tox
|
|-heal|p2a: Gliscor|81/100 tox|[from] ability: Poison Heal
|upkeep
|turn|37
|
|t:|1737945618
|switch|p1a: Dir-T Laund-Ri|Rotom-Wash|99/100
|-damage|p1a: Dir-T Laund-Ri|88/100|[from] Stealth Rock
|move|p2a: Gliscor|Protect||[still]
|-fail|p2a: Gliscor
|
|-heal|p1a: Dir-T Laund-Ri|94/100|[from] item: Leftovers
|-heal|p2a: Gliscor|93/100 tox|[from] ability: Poison Heal
|upkeep
|turn|38
|
|t:|1737945631
|switch|p2a: Gastrodon|Gastrodon, F|78/100
|-damage|p2a: Gastrodon|72/100|[from] Stealth Rock
|move|p1a: Dir-T Laund-Ri|Hydro Pump|p2a: Gastrodon
|-ability|p2a: Gastrodon|Storm Drain|boost
|-boost|p2a: Gastrodon|spa|1
|
|-heal|p1a: Dir-T Laund-Ri|99/100|[from] item: Leftovers
|-heal|p2a: Gastrodon|78/100|[from] item: Leftovers
|upkeep
|turn|39
|
|t:|1737945635
|switch|p2a: Swordance unfair|Blissey, F|51/100
|-damage|p2a: Swordance unfair|38/100|[from] Stealth Rock
|move|p1a: Dir-T Laund-Ri|Trick|p2a: Swordance unfair
|-activate|p1a: Dir-T Laund-Ri|move: Trick|[of] p2a: Swordance unfair
|-item|p2a: Swordance unfair|Leftovers|[from] move: Trick
|-enditem|p1a: Dir-T Laund-Ri|Leftovers|[silent]|[from] move: Trick
|
|-heal|p2a: Swordance unfair|45/100|[from] item: Leftovers
|upkeep
|turn|40
|
|t:|1737945640
|move|p1a: Dir-T Laund-Ri|Volt Switch|p2a: Swordance unfair
|-damage|p2a: Swordance unfair|36/100
|
|t:|1737945645
|switch|p1a: Original Sin|Mienshao, F, shiny|100/100|[from] Volt Switch
|-damage|p1a: Original Sin|94/100|[from] Stealth Rock
|-damage|p1a: Original Sin|69/100|[from] Spikes
|move|p2a: Swordance unfair|Soft-Boiled|p2a: Swordance unfair
|-heal|p2a: Swordance unfair|86/100
|
|-heal|p2a: Swordance unfair|92/100|[from] item: Leftovers
|upkeep
|turn|41
|
|t:|1737945653
|switch|p2a: Gliscor|Gliscor, F, shiny|93/100 tox
|-damage|p2a: Gliscor|81/100 tox|[from] Stealth Rock
|move|p1a: Original Sin|U-turn|p2a: Gliscor
|-resisted|p2a: Gliscor
|-damage|p2a: Gliscor|74/100 tox
|
|t:|1737945663
|switch|p1a: Dir-T Laund-Ri|Rotom-Wash|99/100|[from] U-turn
|-damage|p1a: Dir-T Laund-Ri|88/100|[from] Stealth Rock
|
|-heal|p2a: Gliscor|86/100 tox|[from] ability: Poison Heal
|upkeep
|turn|42
|
|t:|1737945667
|move|p2a: Gliscor|Protect|p2a: Gliscor
|-singleturn|p2a: Gliscor|Protect
|move|p1a: Dir-T Laund-Ri|Hidden Power|p2a: Gliscor
|-activate|p2a: Gliscor|move: Protect
|
|-heal|p2a: Gliscor|99/100 tox|[from] ability: Poison Heal
|upkeep
|turn|43
|
|t:|1737945671
|switch|p2a: Swordance unfair|Blissey, F|92/100
|-damage|p2a: Swordance unfair|79/100|[from] Stealth Rock
|move|p1a: Dir-T Laund-Ri|Volt Switch|p2a: Swordance unfair
|-damage|p2a: Swordance unfair|69/100
|
|t:|1737945675
|switch|p1a: Original Sin|Mienshao, F, shiny|100/100|[from] Volt Switch
|-damage|p1a: Original Sin|94/100|[from] Stealth Rock
|-damage|p1a: Original Sin|69/100|[from] Spikes
|
|-heal|p2a: Swordance unfair|75/100|[from] item: Leftovers
|upkeep
|turn|44
|
|t:|1737945678
|switch|p2a: Gliscor|Gliscor, F, shiny|99/100 tox
|-damage|p2a: Gliscor|86/100 tox|[from] Stealth Rock
|move|p1a: Original Sin|Drain Punch|p2a: Gliscor
|-resisted|p2a: Gliscor
|-damage|p2a: Gliscor|74/100 tox
|-heal|p1a: Original Sin|77/100|[from] drain|[of] p2a: Gliscor
|
|-heal|p2a: Gliscor|86/100 tox|[from] ability: Poison Heal
|upkeep
|turn|45
|
|t:|1737945692
|switch|p1a: Dir-T Laund-Ri|Rotom-Wash|88/100
|-damage|p1a: Dir-T Laund-Ri|75/100|[from] Stealth Rock
|move|p2a: Gliscor|Knock Off|p1a: Dir-T Laund-Ri
|-damage|p1a: Dir-T Laund-Ri|69/100
|
|-heal|p2a: Gliscor|99/100 tox|[from] ability: Poison Heal
|upkeep
|turn|46
|
|t:|1737945699
|switch|p2a: Swordance unfair|Blissey, F|75/100
|-damage|p2a: Swordance unfair|63/100|[from] Stealth Rock
|move|p1a: Dir-T Laund-Ri|Hydro Pump|p2a: Swordance unfair
|-damage|p2a: Swordance unfair|47/100
|
|-heal|p2a: Swordance unfair|53/100|[from] item: Leftovers
|upkeep
|turn|47
|
|t:|1737945706
|move|p1a: Dir-T Laund-Ri|Volt Switch|p2a: Swordance unfair
|-damage|p2a: Swordance unfair|43/100
|
|t:|1737945717
|switch|p1a: Tina|Tyranitar, F, shiny|100/100|[from] Volt Switch
|-damage|p1a: Tina|88/100|[from] Stealth Rock
|-damage|p1a: Tina|63/100|[from] Spikes
|-weather|Sandstorm|[from] ability: Sand Stream|[of] p1a: Tina
|move|p2a: Swordance unfair|Toxic|p1a: Tina
|-status|p1a: Tina|tox
|
|-weather|Sandstorm|[upkeep]
|-damage|p2a: Swordance unfair|36/100|[from] Sandstorm
|-heal|p2a: Swordance unfair|43/100|[from] item: Leftovers
|-damage|p1a: Tina|57/100 tox|[from] psn
|upkeep
|turn|48
|
|t:|1737945728
|switch|p2a: Skarmory|Skarmory, M|72/100 par
|-damage|p2a: Skarmory|59/100 par|[from] Stealth Rock
|move|p1a: Tina|Crunch|p2a: Skarmory
|-resisted|p2a: Skarmory
|-damage|p2a: Skarmory|48/100 par
|
|-weather|Sandstorm|[upkeep]
|-heal|p2a: Skarmory|53/100 par|[from] item: Leftovers
|-damage|p1a: Tina|44/100 tox|[from] psn
|upkeep
|turn|49
|
|t:|1737945742
|switch|p1a: Original Sin|Mienshao, F, shiny|100/100
|-damage|p1a: Original Sin|94/100|[from] Stealth Rock
|-damage|p1a: Original Sin|69/100|[from] Spikes
|move|p2a: Skarmory|Roost|p2a: Skarmory
|-heal|p2a: Skarmory|100/100 par
|-singleturn|p2a: Skarmory|move: Roost
|
|-weather|Sandstorm|[upkeep]
|-damage|p1a: Original Sin|63/100|[from] Sandstorm
|upkeep
|turn|50
|
|t:|1737945747
|move|p1a: Original Sin|Drain Punch|p2a: Skarmory
|-damage|p2a: Skarmory|78/100 par
|-heal|p1a: Original Sin|77/100|[from] drain|[of] p2a: Skarmory
|move|p2a: Skarmory|Brave Bird|p1a: Original Sin
|-supereffective|p1a: Original Sin
|-damage|p1a: Original Sin|0 fnt
|faint|p1a: Original Sin
|-damage|p2a: Skarmory|57/100 par|[from] Recoil
|
|-weather|Sandstorm|[upkeep]
|-heal|p2a: Skarmory|63/100 par|[from] item: Leftovers
|upkeep
|
|t:|1737945755
|switch|p1a: Dir-T Laund-Ri|Rotom-Wash|69/100
|-damage|p1a: Dir-T Laund-Ri|57/100|[from] Stealth Rock
|turn|51
|
|t:|1737945764
|switch|p2a: Gastrodon|Gastrodon, F|78/100
|-damage|p2a: Gastrodon|72/100|[from] Stealth Rock
|move|p1a: Dir-T Laund-Ri|Volt Switch|p2a: Gastrodon
|-immune|p2a: Gastrodon
|
|-weather|Sandstorm|[upkeep]
|-damage|p1a: Dir-T Laund-Ri|50/100|[from] Sandstorm
|-heal|p2a: Gastrodon|78/100|[from] item: Leftovers
|upkeep
|turn|52
|
|t:|1737945769
|switch|p2a: Swordance unfair|Blissey, F|43/100
|-damage|p2a: Swordance unfair|30/100|[from] Stealth Rock
|move|p1a: Dir-T Laund-Ri|Trick|p2a: Swordance unfair
|-activate|p1a: Dir-T Laund-Ri|move: Trick|[of] p2a: Swordance unfair
|-enditem|p2a: Swordance unfair|Leftovers|[silent]|[from] move: Trick
|-item|p1a: Dir-T Laund-Ri|Leftovers|[from] move: Trick
|
|-weather|Sandstorm|[upkeep]
|-damage|p1a: Dir-T Laund-Ri|44/100|[from] Sandstorm
|-damage|p2a: Swordance unfair|24/100|[from] Sandstorm
|-heal|p1a: Dir-T Laund-Ri|50/100|[from] item: Leftovers
|upkeep
|turn|53
|
|t:|1737945773
|move|p1a: Dir-T Laund-Ri|Hydro Pump|p2a: Swordance unfair|[miss]
|-miss|p1a: Dir-T Laund-Ri|p2a: Swordance unfair
|move|p2a: Swordance unfair|Soft-Boiled|p2a: Swordance unfair
|-heal|p2a: Swordance unfair|74/100
|
|-weather|Sandstorm|[upkeep]
|-damage|p1a: Dir-T Laund-Ri|44/100|[from] Sandstorm
|-damage|p2a: Swordance unfair|68/100|[from] Sandstorm
|-heal|p1a: Dir-T Laund-Ri|50/100|[from] item: Leftovers
|upkeep
|turn|54
|-message|nov.rain forfeited.
|
|win|The Terra Helix
|raw|nov.rain's rating: 1403 &rarr; <strong>1375</strong><br />(-28 for losing)
|raw|The Terra Helix's rating: 1264 &rarr; <strong>1299</strong><br />(+35 for winning)
|l|☆nov.rain
|player|p1|
