|join|ashiemore
|join|N3CTRO FR
|player|p1|ashiemore|168
|player|p2|N3CTRO FR|45
|gametype|singles
|gen|5
|tier|[Gen 5] OU
|rated
|rule|Evasion Abilities Clause: Evasion abilities are banned
|clearpoke
|poke|p1|Politoed, F
|poke|p1|Ferrothorn, F
|poke|p1|Keldeo-Resolute
|poke|p1|Scizor, F
|poke|p1|Landorus-Therian, M
|poke|p1|Gyarados, M
|poke|p2|Politoed, M, shiny
|poke|p2|Thundurus-Therian, M, shiny
|poke|p2|Toxicroak, F, shiny
|poke|p2|Ludicolo, F, shiny
|poke|p2|Jirachi
|poke|p2|Tornadus, M, shiny
|rule|Sleep Clause Mod: Limit one foe put to sleep
|rule|Species Clause: Limit one of each Pokemon
|rule|OHKO Clause: OHKO moves are banned
|rule|Moody Clause: Moody is banned
|rule|Evasion Moves Clause: Evasion moves are banned
|rule|Endless Battle Clause: Forcing endless battles is banned.
|rule|HP Percentage Mod: HP is reported as percentages
|teampreview
|
|start
|switch|p1a: Landorus-Therian|Landorus-Therian, M|320/320
|switch|p2a: Jiraichier|Jirachi|398/398
|-ability|p1a: Landorus-Therian|Intimidate|[of] p2a: Jiraichier
|-unboost|p2a: Jiraichier|atk|1
|turn|1
|
|move|p1a: Landorus-Therian|Earthquake|p2a: Jiraichier
|-supereffective|p2a: Jiraichier
|-damage|p2a: Jiraichier|102/398
|move|p2a: Jiraichier|Stealth Rock|p1a: Landorus-Therian
|-sidestart|p1: ashiemore|move: Stealth Rock
|
|-heal|p2a: Jiraichier|126/398|[from] item: Leftovers
|turn|2
|
|switch|p1a: Scizor|Scizor, F|344/344
|-damage|p1a: Scizor|301/344|[from] Stealth Rock
|switch|p2a: Genie de Lalampe|Tornadus, M, shiny|300/300
|
|turn|3
|
|switch|p2a: Grenouille|Politoed, M, shiny|383/383
|-weather|RainDance|[from] ability: Drizzle|[of] p2a: Grenouille
|switch|p1a: Politoed|Politoed, F|384/384
|-damage|p1a: Politoed|336/384|[from] Stealth Rock
|
|-weather|RainDance|[upkeep]
|turn|4
|
|switch|p1a: Scizor|Scizor, F|301/344
|-damage|p1a: Scizor|258/344|[from] Stealth Rock
|move|p2a: Grenouille|Psychic|p1a: Scizor
|-resisted|p1a: Scizor
|-damage|p1a: Scizor|220/344
|
|-weather|RainDance|[upkeep]
|turn|5
|
|move|p2a: Grenouille|Hydro Pump|p1a: Scizor
|-damage|p1a: Scizor|0 fnt
|faint|p1a: Scizor
|
|-weather|RainDance|[upkeep]
|
|switch|p1a: Ferrothorn|Ferrothorn, F|352/352
|-damage|p1a: Ferrothorn|330/352|[from] Stealth Rock
|turn|6
|
|move|p2a: Grenouille|Perish Song|p2a: Grenouille
|-fieldactivate|move: Perish Song
|move|p1a: Ferrothorn|Thunder Wave|p2a: Grenouille
|-status|p2a: Grenouille|par
|
|-start|p1a: Ferrothorn|perish3
|-start|p2a: Grenouille|perish3
|-weather|RainDance|[upkeep]
|-heal|p1a: Ferrothorn|352/352|[from] item: Leftovers
|turn|7
|
|switch|p2a: Crapeau|Toxicroak, F, shiny|308/308
|move|p1a: Ferrothorn|Power Whip|p2a: Crapeau
|-resisted|p2a: Crapeau
|-damage|p2a: Crapeau|221/308
|
|-start|p1a: Ferrothorn|perish2
|-weather|RainDance|[upkeep]
|-heal|p2a: Crapeau|259/308|[from] ability: Dry Skin
|-heal|p2a: Crapeau|278/308|[from] item: Black Sludge
|turn|8
|
|move|p2a: Crapeau|Substitute|p2a: Crapeau
|-start|p2a: Crapeau|Substitute
|-damage|p2a: Crapeau|201/308
|move|p1a: Ferrothorn|Power Whip|p2a: Crapeau|[miss]
|-miss|p1a: Ferrothorn|p2a: Crapeau
|
|-start|p1a: Ferrothorn|perish1
|-weather|RainDance|[upkeep]
|-heal|p2a: Crapeau|239/308|[from] ability: Dry Skin
|-heal|p2a: Crapeau|258/308|[from] item: Black Sludge
|turn|9
|
|move|p2a: Crapeau|Swords Dance|p2a: Crapeau
|-boost|p2a: Crapeau|atk|2
|move|p1a: Ferrothorn|Power Whip|p2a: Crapeau
|-crit|p2a: Crapeau
|-resisted|p2a: Crapeau
|-end|p2a: Crapeau|Substitute
|
|-start|p1a: Ferrothorn|perish0
|-weather|RainDance|[upkeep]
|-heal|p2a: Crapeau|296/308|[from] ability: Dry Skin
|-heal|p2a: Crapeau|308/308|[from] item: Black Sludge
|faint|p1a: Ferrothorn
|
|switch|p1a: Landorus-Therian|Landorus-Therian, M|320/320
|-damage|p1a: Landorus-Therian|280/320|[from] Stealth Rock
|-ability|p1a: Landorus-Therian|Intimidate|[of] p2a: Crapeau
|-unboost|p2a: Crapeau|atk|1
|turn|10
|
|switch|p2a: Grenouille|Politoed, M, shiny|383/383 par
|move|p1a: Landorus-Therian|Earthquake|p2a: Grenouille
|-damage|p2a: Grenouille|152/383 par
|
|-weather|RainDance|[upkeep]
|-heal|p2a: Grenouille|175/383 par|[from] item: Leftovers
|turn|11
|
|switch|p1a: Keldeo-Resolute|Keldeo-Resolute|323/323
|-damage|p1a: Keldeo-Resolute|303/323|[from] Stealth Rock
|move|p2a: Grenouille|Ice Beam|p1a: Keldeo-Resolute
|-crit|p1a: Keldeo-Resolute
|-resisted|p1a: Keldeo-Resolute
|-damage|p1a: Keldeo-Resolute|230/323
|-status|p1a: Keldeo-Resolute|frz
|
|-weather|RainDance|[upkeep]
|-heal|p1a: Keldeo-Resolute|250/323 frz|[from] item: Leftovers
|-heal|p2a: Grenouille|198/383 par|[from] item: Leftovers
|turn|12
|
|cant|p1a: Keldeo-Resolute|frz
|move|p2a: Grenouille|Psychic|p1a: Keldeo-Resolute
|-supereffective|p1a: Keldeo-Resolute
|-damage|p1a: Keldeo-Resolute|104/323 frz
|
|-weather|RainDance|[upkeep]
|-heal|p1a: Keldeo-Resolute|124/323 frz|[from] item: Leftovers
|-heal|p2a: Grenouille|221/383 par|[from] item: Leftovers
|turn|13
|
|cant|p1a: Keldeo-Resolute|frz
|move|p2a: Grenouille|Psychic|p1a: Keldeo-Resolute
|-supereffective|p1a: Keldeo-Resolute
|-damage|p1a: Keldeo-Resolute|0 fnt
|faint|p1a: Keldeo-Resolute
|
|-weather|RainDance|[upkeep]
|-heal|p2a: Grenouille|244/383 par|[from] item: Leftovers
|-message|ashiemore forfeited.
|
|win|N3CTRO FR
|raw|Ladder updating...
|leave|ashiemore
|player|p1
|raw|ashiemore's rating: 1446 &rarr; <strong>1420</strong><br />(-26 for losing)
|raw|N3CTRO FR's rating: 1351 &rarr; <strong>1376</strong><br />(+25 for winning)