|j|☆porrompompom
|j|☆top cat
|player|p1|porrompompom|2|1561
|player|p2|top cat|2|1404
|teamsize|p1|6
|teamsize|p2|6
|gametype|singles
|gen|5
|tier|[Gen 5] OU
|rated|
|clearpoke
|poke|p1|Politoed, M|item
|poke|p1|Jirachi|item
|poke|p1|Tangrowth, M|item
|poke|p1|Tentacruel, M|item
|poke|p1|Quagsire, F|item
|poke|p1|Latias, F|item
|poke|p2|Politoed, F|item
|poke|p2|Thundurus-Therian, M|item
|poke|p2|Tentacruel, M|item
|poke|p2|Keldeo|item
|poke|p2|Latios, M|item
|poke|p2|Ferrothorn, F|item
|rule|Species Clause: Limit one of each Pokémon
|rule|OHKO Clause: OHKO moves are banned
|rule|Moody Clause: Moody is banned
|rule|Evasion Moves Clause: Evasion moves are banned
|rule|Endless Battle Clause: Forcing endless battles is banned
|rule|HP Percentage Mod: HP is shown in percentages
|rule|Evasion Abilities Clause: Evasion abilities are banned
|rule|Baton Pass Clause: Limit one Baton Passer, can't pass Spe and other stats simultaneously
|rule|Sleep Clause: Sleep-inducing moves are banned
|rule|Swagger Clause: Swagger is banned
|teampreview
|inactive|Battle timer is ON: inactive players will automatically lose when time's up. (requested by porrompompom)
|
|start
|switch|p1a: Latias|Latias, F|100/100
|switch|p2a: Latios|Latios, M|100/100
|turn|1
|
|switch|p1a: Jirachi|Jirachi|100/100
|move|p2a: Latios|Trick|p1a: Jirachi
|-activate|p2a: Latios|move: Trick|[of] p1a: Jirachi
|-item|p1a: Jirachi|Choice Specs|[from] move: Trick
|-item|p2a: Latios|Leftovers|[from] move: Trick
|
|upkeep
|turn|2
|inactive|top cat has 120 seconds left.
|
|switch|p2a: Tentacruel|Tentacruel, M|100/100
|move|p1a: Jirachi|Stealth Rock|p2a: Tentacruel
|-sidestart|p2: top cat|move: Stealth Rock
|
|upkeep
|turn|3
|
|switch|p1a: Politoed|Politoed, M|100/100
|-weather|RainDance|[from] ability: Drizzle|[of] p1a: Politoed
|move|p2a: Tentacruel|Rapid Spin|p1a: Politoed
|-damage|p1a: Politoed|98/100
|-sideend|p2: top cat|Stealth Rock|[from] move: Rapid Spin|[of] p2a: Tentacruel
|
|-weather|RainDance|[upkeep]
|-heal|p1a: Politoed|100/100|[from] item: Leftovers
|upkeep
|turn|4
|inactive|top cat has 120 seconds left.
|
|switch|p2a: Politoed|Politoed, F|100/100
|move|p1a: Politoed|Scald|p2a: Politoed
|-resisted|p2a: Politoed
|-damage|p2a: Politoed|86/100
|
|-weather|RainDance|[upkeep]
|-heal|p2a: Politoed|92/100|[from] item: Leftovers
|upkeep
|turn|5
|inactive|top cat has 120 seconds left.
|
|move|p2a: Politoed|Scald|p1a: Politoed
|-resisted|p1a: Politoed
|-damage|p1a: Politoed|83/100
|move|p1a: Politoed|Toxic|p2a: Politoed
|-status|p2a: Politoed|tox
|
|-weather|RainDance|[upkeep]
|-heal|p2a: Politoed|98/100 tox|[from] item: Leftovers
|-heal|p1a: Politoed|89/100|[from] item: Leftovers
|-damage|p2a: Politoed|92/100 tox|[from] psn
|upkeep
|turn|6
|
|move|p1a: Politoed|Protect|p1a: Politoed
|-singleturn|p1a: Politoed|Protect
|move|p2a: Politoed|Scald|p1a: Politoed
|-activate|p1a: Politoed|move: Protect
|
|-weather|RainDance|[upkeep]
|-heal|p2a: Politoed|98/100 tox|[from] item: Leftovers
|-heal|p1a: Politoed|95/100|[from] item: Leftovers
|-damage|p2a: Politoed|86/100 tox|[from] psn
|upkeep
|turn|7
|
|move|p2a: Politoed|Encore|p1a: Politoed
|-start|p1a: Politoed|Encore
|move|p1a: Politoed|Protect||[still]
|-fail|p1a: Politoed
|
|-weather|RainDance|[upkeep]
|-heal|p2a: Politoed|92/100 tox|[from] item: Leftovers
|-heal|p1a: Politoed|100/100|[from] item: Leftovers
|-damage|p2a: Politoed|74/100 tox|[from] psn
|upkeep
|turn|8
|
|switch|p2a: Thundurus|Thundurus-Therian, M|100/100
|switch|p1a: Tangrowth|Tangrowth, M|100/100
|
|-weather|RainDance|[upkeep]
|upkeep
|turn|9
|
|switch|p1a: Latias|Latias, F|100/100
|move|p2a: Thundurus|Substitute|p2a: Thundurus
|-start|p2a: Thundurus|Substitute
|-damage|p2a: Thundurus|76/100
|
|-weather|RainDance|[upkeep]
|-heal|p2a: Thundurus|82/100|[from] item: Leftovers
|upkeep
|turn|10
|
|move|p1a: Latias|Calm Mind|p1a: Latias
|-boost|p1a: Latias|spa|1
|-boost|p1a: Latias|spd|1
|move|p2a: Thundurus|Thunder|p1a: Latias
|-resisted|p1a: Latias
|-damage|p1a: Latias|84/100
|
|-weather|RainDance|[upkeep]
|-heal|p1a: Latias|90/100|[from] item: Leftovers
|-heal|p2a: Thundurus|88/100|[from] item: Leftovers
|upkeep
|turn|11
|
|move|p1a: Latias|Dragon Pulse|p2a: Thundurus
|-end|p2a: Thundurus|Substitute
|move|p2a: Thundurus|Hidden Power|p1a: Latias
|-supereffective|p1a: Latias
|-damage|p1a: Latias|64/100
|
|-weather|RainDance|[upkeep]
|-heal|p1a: Latias|70/100|[from] item: Leftovers
|-heal|p2a: Thundurus|94/100|[from] item: Leftovers
|upkeep
|turn|12
|
|switch|p2a: Ferrothorn|Ferrothorn, F|100/100
|move|p1a: Latias|Roost|p1a: Latias
|-heal|p1a: Latias|100/100
|-singleturn|p1a: Latias|move: Roost
|
|-weather|RainDance|[upkeep]
|upkeep
|turn|13
|
|switch|p1a: Tangrowth|Tangrowth, M|100/100
|move|p2a: Ferrothorn|Gyro Ball|p1a: Tangrowth
|-damage|p1a: Tangrowth|85/100
|-damage|p2a: Ferrothorn|84/100|[from] item: Rocky Helmet|[of] p1a: Tangrowth
|
|-weather|RainDance|[upkeep]
|-heal|p2a: Ferrothorn|90/100|[from] item: Leftovers
|upkeep
|turn|14
|
|switch|p1a: Tentacruel|Tentacruel, M|100/100
|move|p2a: Ferrothorn|Stealth Rock|p1a: Tentacruel
|-sidestart|p1: porrompompom|move: Stealth Rock
|
|-weather|RainDance|[upkeep]
|-heal|p2a: Ferrothorn|97/100|[from] item: Leftovers
|upkeep
|turn|15
|
|move|p1a: Tentacruel|Substitute|p1a: Tentacruel
|-start|p1a: Tentacruel|Substitute
|-damage|p1a: Tentacruel|76/100
|move|p2a: Ferrothorn|Knock Off|p1a: Tentacruel
|-activate|p1a: Tentacruel|Substitute|[damage]
|
|-weather|RainDance|[upkeep]
|-heal|p1a: Tentacruel|82/100|[from] ability: Rain Dish
|-heal|p1a: Tentacruel|88/100|[from] item: Leftovers
|-heal|p2a: Ferrothorn|100/100|[from] item: Leftovers
|upkeep
|turn|16
|
|switch|p2a: Thundurus|Thundurus-Therian, M|94/100
|move|p1a: Tentacruel|Rapid Spin|p2a: Thundurus
|-damage|p2a: Thundurus|91/100
|-sideend|p1: porrompompom|Stealth Rock|[from] move: Rapid Spin|[of] p1a: Tentacruel
|
|-weather|RainDance|[upkeep]
|-heal|p1a: Tentacruel|94/100|[from] ability: Rain Dish
|-heal|p1a: Tentacruel|99/100|[from] item: Leftovers
|-heal|p2a: Thundurus|97/100|[from] item: Leftovers
|upkeep
|turn|17
|
|move|p1a: Tentacruel|Toxic|p2a: Thundurus
|-status|p2a: Thundurus|tox
|move|p2a: Thundurus|Thunder|p1a: Tentacruel
|-supereffective|p1a: Tentacruel
|-end|p1a: Tentacruel|Substitute
|
|-weather|RainDance|[upkeep]
|-heal|p1a: Tentacruel|100/100|[from] ability: Rain Dish
|-heal|p2a: Thundurus|100/100 tox|[from] item: Leftovers
|-damage|p2a: Thundurus|94/100 tox|[from] psn
|upkeep
|turn|18
|
|switch|p2a: Latios|Latios, M|100/100
|move|p1a: Tentacruel|Substitute|p1a: Tentacruel
|-start|p1a: Tentacruel|Substitute
|-damage|p1a: Tentacruel|76/100
|
|-weather|RainDance|[upkeep]
|-heal|p1a: Tentacruel|82/100|[from] ability: Rain Dish
|-heal|p1a: Tentacruel|88/100|[from] item: Leftovers
|upkeep
|turn|19
|
|move|p2a: Latios|Dragon Pulse|p1a: Tentacruel
|-end|p1a: Tentacruel|Substitute
|move|p1a: Tentacruel|Toxic|p2a: Latios
|-status|p2a: Latios|tox
|
|-weather|RainDance|[upkeep]
|-heal|p1a: Tentacruel|94/100|[from] ability: Rain Dish
|-heal|p1a: Tentacruel|99/100|[from] item: Leftovers
|-damage|p2a: Latios|95/100 tox|[from] psn
|upkeep
|turn|20
|
|move|p2a: Latios|Dragon Pulse|p1a: Tentacruel
|-damage|p1a: Tentacruel|63/100
|move|p1a: Tentacruel|Substitute|p1a: Tentacruel
|-start|p1a: Tentacruel|Substitute
|-damage|p1a: Tentacruel|38/100
|
|-weather|RainDance|[upkeep]
|-heal|p1a: Tentacruel|44/100|[from] ability: Rain Dish
|-heal|p2a: Latios|100/100 tox|[from] item: Leftovers
|-heal|p1a: Tentacruel|50/100|[from] item: Leftovers
|-damage|p2a: Latios|89/100 tox|[from] psn
|upkeep
|turn|21
|
|move|p2a: Latios|Dragon Pulse|p1a: Tentacruel
|-end|p1a: Tentacruel|Substitute
|move|p1a: Tentacruel|Scald|p2a: Latios
|-resisted|p2a: Latios
|-damage|p2a: Latios|71/100 tox
|
|-weather|RainDance|[upkeep]
|-heal|p1a: Tentacruel|56/100|[from] ability: Rain Dish
|-heal|p2a: Latios|77/100 tox|[from] item: Leftovers
|-heal|p1a: Tentacruel|62/100|[from] item: Leftovers
|-damage|p2a: Latios|59/100 tox|[from] psn
|upkeep
|turn|22
|
|switch|p2a: Ferrothorn|Ferrothorn, F|100/100
|switch|p1a: Jirachi|Jirachi|100/100
|
|-weather|RainDance|[upkeep]
|upkeep
|turn|23
|
|move|p1a: Jirachi|Stealth Rock|p2a: Ferrothorn
|-sidestart|p2: top cat|move: Stealth Rock
|move|p2a: Ferrothorn|Stealth Rock|p1a: Jirachi
|-sidestart|p1: porrompompom|move: Stealth Rock
|
|-weather|RainDance|[upkeep]
|upkeep
|turn|24
|
|switch|p1a: Tangrowth|Tangrowth, M|100/100
|-damage|p1a: Tangrowth|88/100|[from] Stealth Rock
|move|p2a: Ferrothorn|Spikes|p1a: Tangrowth
|-sidestart|p1: porrompompom|Spikes
|
|-weather|RainDance|[upkeep]
|upkeep
|turn|25
|
|switch|p1a: Tentacruel|Tentacruel, M|62/100
|-damage|p1a: Tentacruel|50/100|[from] Spikes
|-damage|p1a: Tentacruel|37/100|[from] Stealth Rock
|move|p2a: Ferrothorn|Knock Off|p1a: Tentacruel
|-damage|p1a: Tentacruel|32/100
|-enditem|p1a: Tentacruel|Leftovers|[from] move: Knock Off|[of] p2a: Ferrothorn
|
|-weather|RainDance|[upkeep]
|-heal|p1a: Tentacruel|38/100|[from] ability: Rain Dish
|upkeep
|turn|26
|
|move|p1a: Tentacruel|Substitute|p1a: Tentacruel
|-start|p1a: Tentacruel|Substitute
|-damage|p1a: Tentacruel|13/100
|move|p2a: Ferrothorn|Gyro Ball|p1a: Tentacruel
|-resisted|p1a: Tentacruel
|-end|p1a: Tentacruel|Substitute
|
|-weather|RainDance|[upkeep]
|-heal|p1a: Tentacruel|19/100|[from] ability: Rain Dish
|upkeep
|turn|27
|
|move|p1a: Tentacruel|Rapid Spin|p2a: Ferrothorn
|-resisted|p2a: Ferrothorn
|-damage|p2a: Ferrothorn|99/100
|-damage|p1a: Tentacruel|6/100|[from] ability: Iron Barbs|[of] p2a: Ferrothorn
|-sideend|p1: porrompompom|Spikes|[from] move: Rapid Spin|[of] p1a: Tentacruel
|-sideend|p1: porrompompom|Stealth Rock|[from] move: Rapid Spin|[of] p1a: Tentacruel
|move|p2a: Ferrothorn|Gyro Ball|p1a: Tentacruel
|-resisted|p1a: Tentacruel
|-damage|p1a: Tentacruel|0 fnt
|faint|p1a: Tentacruel
|
|-weather|RainDance|[upkeep]
|-heal|p2a: Ferrothorn|100/100|[from] item: Leftovers
|upkeep
|
|switch|p1a: Tangrowth|Tangrowth, M|100/100
|turn|28
|
|move|p1a: Tangrowth|Focus Blast|p2a: Ferrothorn
|-supereffective|p2a: Ferrothorn
|-damage|p2a: Ferrothorn|64/100
|move|p2a: Ferrothorn|Stealth Rock|p1a: Tangrowth
|-sidestart|p1: porrompompom|move: Stealth Rock
|
|-weather|RainDance|[upkeep]
|-heal|p2a: Ferrothorn|70/100|[from] item: Leftovers
|upkeep
|turn|29
|
|move|p1a: Tangrowth|Focus Blast|p2a: Ferrothorn|[miss]
|-miss|p1a: Tangrowth|p2a: Ferrothorn
|move|p2a: Ferrothorn|Spikes|p1a: Tangrowth
|-sidestart|p1: porrompompom|Spikes
|
|-weather|RainDance|[upkeep]
|-heal|p2a: Ferrothorn|76/100|[from] item: Leftovers
|upkeep
|turn|30
|
|move|p1a: Tangrowth|Stun Spore|p2a: Ferrothorn
|-status|p2a: Ferrothorn|par
|move|p2a: Ferrothorn|Spikes|p1a: Tangrowth
|-sidestart|p1: porrompompom|Spikes
|
|-weather|RainDance|[upkeep]
|-heal|p2a: Ferrothorn|82/100 par|[from] item: Leftovers
|upkeep
|turn|31
|
|move|p1a: Tangrowth|Focus Blast|p2a: Ferrothorn|[miss]
|-miss|p1a: Tangrowth|p2a: Ferrothorn
|move|p2a: Ferrothorn|Spikes|p1a: Tangrowth
|-sidestart|p1: porrompompom|Spikes
|
|-weather|RainDance|[upkeep]
|-heal|p2a: Ferrothorn|89/100 par|[from] item: Leftovers
|upkeep
|turn|32
|
|switch|p1a: Politoed|Politoed, M|100/100
|-damage|p1a: Politoed|76/100|[from] Spikes
|-damage|p1a: Politoed|63/100|[from] Stealth Rock
|switch|p2a: Tentacruel|Tentacruel, M|100/100
|-damage|p2a: Tentacruel|88/100|[from] Stealth Rock
|
|-weather|RainDance|[upkeep]
|-heal|p2a: Tentacruel|94/100|[from] ability: Rain Dish
|-heal|p2a: Tentacruel|100/100|[from] item: Black Sludge
|-heal|p1a: Politoed|69/100|[from] item: Leftovers
|upkeep
|turn|33
|
|move|p2a: Tentacruel|Toxic|p1a: Politoed
|-status|p1a: Politoed|tox
|move|p1a: Politoed|Scald|p2a: Tentacruel
|-resisted|p2a: Tentacruel
|-crit|p2a: Tentacruel
|-damage|p2a: Tentacruel|67/100
|
|-weather|RainDance|[upkeep]
|-heal|p2a: Tentacruel|73/100|[from] ability: Rain Dish
|-heal|p2a: Tentacruel|80/100|[from] item: Black Sludge
|-heal|p1a: Politoed|75/100 tox|[from] item: Leftovers
|-damage|p1a: Politoed|69/100 tox|[from] psn
|upkeep
|turn|34
|
|move|p2a: Tentacruel|Rapid Spin|p1a: Politoed
|-damage|p1a: Politoed|67/100 tox
|-sideend|p2: top cat|Stealth Rock|[from] move: Rapid Spin|[of] p2a: Tentacruel
|move|p1a: Politoed|Refresh|p1a: Politoed
|-curestatus|p1a: Politoed|tox|[msg]
|
|-weather|RainDance|[upkeep]
|-heal|p2a: Tentacruel|86/100|[from] ability: Rain Dish
|-heal|p2a: Tentacruel|92/100|[from] item: Black Sludge
|-heal|p1a: Politoed|73/100|[from] item: Leftovers
|upkeep
|turn|35
|
|move|p2a: Tentacruel|Toxic|p1a: Politoed
|-status|p1a: Politoed|tox
|move|p1a: Politoed|Scald|p2a: Tentacruel
|-resisted|p2a: Tentacruel
|-damage|p2a: Tentacruel|76/100
|
|-weather|RainDance|[upkeep]
|-heal|p2a: Tentacruel|82/100|[from] ability: Rain Dish
|-heal|p2a: Tentacruel|88/100|[from] item: Black Sludge
|-heal|p1a: Politoed|79/100 tox|[from] item: Leftovers
|-damage|p1a: Politoed|73/100 tox|[from] psn
|upkeep
|turn|36
|inactive|top cat has 120 seconds left.
|
|move|p2a: Tentacruel|Scald|p1a: Politoed
|-resisted|p1a: Politoed
|-damage|p1a: Politoed|58/100 tox
|move|p1a: Politoed|Refresh|p1a: Politoed
|-curestatus|p1a: Politoed|tox|[msg]
|
|-weather|RainDance|[upkeep]
|-heal|p2a: Tentacruel|95/100|[from] ability: Rain Dish
|-heal|p2a: Tentacruel|100/100|[from] item: Black Sludge
|-heal|p1a: Politoed|64/100|[from] item: Leftovers
|upkeep
|turn|37
|inactive|top cat has 90 seconds left.
|
|switch|p2a: Ferrothorn|Ferrothorn, F|89/100 par
|move|p1a: Politoed|Protect||[still]
|-fail|p1a: Politoed
|
|-weather|RainDance|[upkeep]
|-heal|p1a: Politoed|70/100|[from] item: Leftovers
|-heal|p2a: Ferrothorn|95/100 par|[from] item: Leftovers
|upkeep
|turn|38
|inactive|top cat has 90 seconds left.
|
|move|p1a: Politoed|Protect|p1a: Politoed
|-singleturn|p1a: Politoed|Protect
|move|p2a: Ferrothorn|Gyro Ball|p1a: Politoed
|-activate|p1a: Politoed|move: Protect
|
|-weather|RainDance|[upkeep]
|-heal|p1a: Politoed|76/100|[from] item: Leftovers
|-heal|p2a: Ferrothorn|100/100 par|[from] item: Leftovers
|upkeep
|turn|39
|inactive|top cat has 90 seconds left.
|
|switch|p2a: Tentacruel|Tentacruel, M|100/100
|move|p1a: Politoed|Scald|p2a: Tentacruel
|-resisted|p2a: Tentacruel
|-damage|p2a: Tentacruel|86/100
|
|-weather|RainDance|[upkeep]
|-heal|p2a: Tentacruel|92/100|[from] ability: Rain Dish
|-heal|p2a: Tentacruel|98/100|[from] item: Black Sludge
|-heal|p1a: Politoed|82/100|[from] item: Leftovers
|upkeep
|turn|40
|inactive|top cat has 90 seconds left.
|
|move|p1a: Politoed|Protect|p1a: Politoed
|-singleturn|p1a: Politoed|Protect
|move|p2a: Tentacruel|Toxic|p1a: Politoed
|-activate|p1a: Politoed|move: Protect
|
|-weather|RainDance|[upkeep]
|-heal|p2a: Tentacruel|100/100|[from] ability: Rain Dish
|-heal|p1a: Politoed|88/100|[from] item: Leftovers
|upkeep
|turn|41
|inactive|top cat has 90 seconds left.
|
|switch|p2a: Ferrothorn|Ferrothorn, F|100/100 par
|move|p1a: Politoed|Scald|p2a: Ferrothorn
|-resisted|p2a: Ferrothorn
|-damage|p2a: Ferrothorn|90/100 par
|
|-weather|RainDance|[upkeep]
|-heal|p1a: Politoed|94/100|[from] item: Leftovers
|-heal|p2a: Ferrothorn|96/100 par|[from] item: Leftovers
|upkeep
|turn|42
|inactive|top cat has 90 seconds left.
|
|switch|p1a: Jirachi|Jirachi|100/100
|-damage|p1a: Jirachi|76/100|[from] Spikes
|-damage|p1a: Jirachi|69/100|[from] Stealth Rock
|cant|p2a: Ferrothorn|par
|
|-weather|RainDance|[upkeep]
|-heal|p2a: Ferrothorn|100/100 par|[from] item: Leftovers
|upkeep
|turn|43
|c|☆porrompompom|heheh
|inactive|top cat has 90 seconds left.
|c|☆top cat|unlucky for you
|c|☆top cat|i was hitting knock off lol
|
|switch|p2a: Tentacruel|Tentacruel, M|100/100
|move|p1a: Jirachi|Wish|p1a: Jirachi
|
|-weather|RainDance|[upkeep]
|upkeep
|turn|44
|inactive|top cat has 90 seconds left.
|c|☆porrompompom|o rly
|
|switch|p1a: Latias|Latias, F|100/100
|-damage|p1a: Latias|88/100|[from] Stealth Rock
|move|p2a: Tentacruel|Toxic|p1a: Latias
|-status|p1a: Latias|tox
|
|-weather|RainDance|[upkeep]
|-heal|p1a: Latias|100/100 tox|[from] move: Wish|[wisher] Jirachi
|-damage|p1a: Latias|94/100 tox|[from] psn
|upkeep
|turn|45
|
|switch|p2a: Ferrothorn|Ferrothorn, F|100/100 par
|move|p1a: Latias|Refresh|p1a: Latias
|-curestatus|p1a: Latias|tox|[msg]
|
|-weather|RainDance|[upkeep]
|-heal|p1a: Latias|100/100|[from] item: Leftovers
|upkeep
|turn|46
|inactive|top cat has 60 seconds left.
|c|☆top cat|double refresh ._.
|c|☆top cat|in for a long one
|
|switch|p1a: Tangrowth|Tangrowth, M|100/100
|-damage|p1a: Tangrowth|76/100|[from] Spikes
|-damage|p1a: Tangrowth|63/100|[from] Stealth Rock
|switch|p2a: Tentacruel|Tentacruel, M|100/100
|
|-weather|RainDance|[upkeep]
|upkeep
|turn|47
|
|switch|p1a: Latias|Latias, F|100/100
|-damage|p1a: Latias|88/100|[from] Stealth Rock
|move|p2a: Tentacruel|Scald|p1a: Latias
|-resisted|p1a: Latias
|-damage|p1a: Latias|76/100
|
|-weather|RainDance|[upkeep]
|-heal|p1a: Latias|82/100|[from] item: Leftovers
|upkeep
|turn|48
|inactive|top cat has 60 seconds left.
|
|move|p1a: Latias|Calm Mind|p1a: Latias
|-boost|p1a: Latias|spa|1
|-boost|p1a: Latias|spd|1
|move|p2a: Tentacruel|Toxic|p1a: Latias
|-status|p1a: Latias|tox
|
|-weather|RainDance|[upkeep]
|-heal|p1a: Latias|88/100 tox|[from] item: Leftovers
|-damage|p1a: Latias|82/100 tox|[from] psn
|upkeep
|turn|49
|inactive|top cat has 60 seconds left.
|
|switch|p2a: Ferrothorn|Ferrothorn, F|100/100 par
|move|p1a: Latias|Refresh|p1a: Latias
|-curestatus|p1a: Latias|tox|[msg]
|
|-weather|RainDance|[upkeep]
|-heal|p1a: Latias|88/100|[from] item: Leftovers
|upkeep
|turn|50
|inactive|top cat has 60 seconds left.
|
|switch|p1a: Jirachi|Jirachi|69/100
|-damage|p1a: Jirachi|45/100|[from] Spikes
|-damage|p1a: Jirachi|38/100|[from] Stealth Rock
|cant|p2a: Ferrothorn|par
|
|-weather|RainDance|[upkeep]
|upkeep
|turn|51
|j| Halocene
|c|☆porrompompom|is this some kind of joke
|
|switch|p2a: Tentacruel|Tentacruel, M|100/100
|move|p1a: Jirachi|Wish|p1a: Jirachi
|
|-weather|RainDance|[upkeep]
|upkeep
|turn|52
|
|move|p2a: Tentacruel|Toxic|p1a: Jirachi
|-immune|p1a: Jirachi
|move|p1a: Jirachi|Wish||[still]
|-fail|p1a: Jirachi
|
|-weather|RainDance|[upkeep]
|-heal|p1a: Jirachi|88/100|[from] move: Wish|[wisher] Jirachi
|upkeep
|turn|53
|inactive|top cat has 60 seconds left.
|
|switch|p2a: Latios|Latios, M|59/100 tox
|move|p1a: Jirachi|Wish|p1a: Jirachi
|
|-weather|RainDance|[upkeep]
|-heal|p2a: Latios|65/100 tox|[from] item: Leftovers
|-damage|p2a: Latios|59/100 tox|[from] psn
|upkeep
|turn|54
|inactive|top cat has 60 seconds left.
|
|move|p2a: Latios|Draco Meteor|p1a: Jirachi
|-resisted|p1a: Jirachi
|-damage|p1a: Jirachi|64/100
|-unboost|p2a: Latios|spa|2
|move|p1a: Jirachi|Wish||[still]
|-fail|p1a: Jirachi
|
|-weather|RainDance|[upkeep]
|-heal|p1a: Jirachi|100/100|[from] move: Wish|[wisher] Jirachi
|-heal|p2a: Latios|65/100 tox|[from] item: Leftovers
|-damage|p2a: Latios|53/100 tox|[from] psn
|upkeep
|turn|55
|
|switch|p2a: Thundurus|Thundurus-Therian, M|94/100 tox
|move|p1a: Jirachi|Wish|p1a: Jirachi
|
|-weather|RainDance|[upkeep]
|-heal|p2a: Thundurus|100/100 tox|[from] item: Leftovers
|-damage|p2a: Thundurus|94/100 tox|[from] psn
|upkeep
|turn|56
|
|switch|p2a: Tentacruel|Tentacruel, M|100/100
|switch|p1a: Latias|Latias, F|88/100
|-damage|p1a: Latias|75/100|[from] Stealth Rock
|
|-weather|RainDance|[upkeep]
|-heal|p1a: Latias|100/100|[from] move: Wish|[wisher] Jirachi
|upkeep
|turn|57
|inactive|top cat has 60 seconds left.
|
|move|p1a: Latias|Calm Mind|p1a: Latias
|-boost|p1a: Latias|spa|1
|-boost|p1a: Latias|spd|1
|move|p2a: Tentacruel|Toxic|p1a: Latias
|-status|p1a: Latias|tox
|
|-weather|RainDance|[upkeep]
|-damage|p1a: Latias|94/100 tox|[from] psn
|upkeep
|turn|58
|
|switch|p2a: Ferrothorn|Ferrothorn, F|100/100 par
|move|p1a: Latias|Refresh|p1a: Latias
|-curestatus|p1a: Latias|tox|[msg]
|
|-weather|RainDance|[upkeep]
|-heal|p1a: Latias|100/100|[from] item: Leftovers
|upkeep
|turn|59
|
|switch|p2a: Keldeo|Keldeo|100/100
|move|p1a: Latias|Calm Mind|p1a: Latias
|-boost|p1a: Latias|spa|1
|-boost|p1a: Latias|spd|1
|
|-weather|RainDance|[upkeep]
|upkeep
|turn|60
|-message|top cat forfeited.
|
|win|porrompompom
|l|☆top cat
|raw|porrompompom's rating: 1561 &rarr; <strong>1573</strong><br />(+12 for winning)
|raw|top cat's rating: 1404 &rarr; <strong>1392</strong><br />(-12 for losing)
