|j|☆sidis
|j|☆Yokao893
|t:|1707534117
|gametype|singles
|player|p1|sidis|iris-gen5bw2|1386
|player|p2|Yokao893|hilbert|1508
|teamsize|p1|6
|teamsize|p2|6
|gen|5
|tier|[Gen 5] OU
|rated|
|rule|Species Clause: Limit one of each Pokémon
|rule|OHKO Clause: OHKO moves are banned
|rule|Moody Clause: Moody is banned
|rule|Evasion Items Clause: Evasion items are banned
|rule|Evasion Moves Clause: Evasion moves are banned
|rule|Endless Battle Clause: Forcing endless battles is banned
|rule|HP Percentage Mod: HP is shown in percentages
|rule|Evasion Abilities Clause: Evasion abilities are banned
|rule|Sleep Moves Clause: Sleep-inducing moves are banned
|rule|Swagger Clause: Swagger is banned
|rule|Baton Pass Stat Clause: No Baton Passer may have a way to boost its stats
|clearpoke
|poke|p1|Volcarona, M|item
|poke|p1|Landorus-Therian, M|item
|poke|p1|Mamoswine, F|item
|poke|p1|Starmie|item
|poke|p1|Latios, M|item
|poke|p1|Gengar, M|item
|poke|p2|Ninetales, F|item
|poke|p2|Victini|item
|poke|p2|Xatu, M|item
|poke|p2|Cresselia, F|item
|poke|p2|Excadrill, M|item
|poke|p2|Chansey, F|item
|teampreview
|inactive|Battle timer is ON: inactive players will automatically lose when time's up. (requested by Yokao893)
|
|t:|1707534137
|start
|switch|p1a: Volcarona|Volcarona, M|100/100
|switch|p2a: Hare Onna|Ninetales, F|100/100
|-weather|SunnyDay|[from] ability: Drought|[of] p2a: Hare Onna
|turn|1
|
|t:|1707534159
|switch|p1a: Gengar|Gengar, M|100/100
|switch|p2a: Egg|Chansey, F|100/100
|
|-weather|SunnyDay|[upkeep]
|upkeep
|turn|2
|
|t:|1707534165
|move|p1a: Gengar|Trick|p2a: Egg
|-activate|p1a: Gengar|move: Trick|[of] p2a: Egg
|-item|p2a: Egg|Choice Scarf|[from] move: Trick
|-item|p1a: Gengar|Eviolite|[from] move: Trick
|move|p2a: Egg|Thunder Wave|p1a: Gengar
|-status|p1a: Gengar|par
|
|-weather|SunnyDay|[upkeep]
|upkeep
|turn|3
|
|t:|1707534174
|switch|p2a: Boota|Excadrill, M|100/100
|-ability|p2a: Boota|Mold Breaker
|switch|p1a: Landorus|Landorus-Therian, M|100/100
|-ability|p1a: Landorus|Intimidate|boost
|-unboost|p2a: Boota|atk|1
|
|-weather|SunnyDay|[upkeep]
|upkeep
|turn|4
|
|t:|1707534178
|switch|p2a: Horus|Xatu, M|100/100
|move|p1a: Landorus|Gravity|p1a: Landorus
|-fieldstart|move: Gravity
|
|-weather|SunnyDay|[upkeep]
|upkeep
|turn|5
|
|t:|1707534180
|move|p1a: Landorus|Earthquake|p2a: Horus
|-damage|p2a: Horus|46/100
|move|p2a: Horus|Reflect|p2a: Horus
|-sidestart|p2: Yokao893|Reflect
|
|-weather|SunnyDay|[upkeep]
|upkeep
|turn|6
|
|t:|1707534185
|switch|p1a: Volcarona|Volcarona, M|100/100
|move|p2a: Horus|Roost|p2a: Horus
|-heal|p2a: Horus|96/100
|-singleturn|p2a: Horus|move: Roost
|
|-weather|SunnyDay|[upkeep]
|upkeep
|turn|7
|
|t:|1707534187
|move|p1a: Volcarona|Quiver Dance|p1a: Volcarona
|-boost|p1a: Volcarona|spa|1
|-boost|p1a: Volcarona|spd|1
|-boost|p1a: Volcarona|spe|1
|move|p2a: Horus|U-turn|p1a: Volcarona
|-resisted|p1a: Volcarona
|-damage|p1a: Volcarona|90/100
|-status|p2a: Horus|brn|[from] ability: Flame Body|[of] p1a: Volcarona
|
|t:|1707534193
|switch|p2a: Lucky 7|Victini|100/100|[from] U-turn
|
|-weather|SunnyDay|[upkeep]
|upkeep
|turn|8
|
|t:|1707534201
|switch|p1a: Gengar|Gengar, M|100/100 par
|move|p2a: Lucky 7|V-create|p1a: Gengar
|-damage|p1a: Gengar|0 fnt
|-unboost|p2a: Lucky 7|spe|1
|-unboost|p2a: Lucky 7|def|1
|-unboost|p2a: Lucky 7|spd|1
|faint|p1a: Gengar
|
|-weather|SunnyDay|[upkeep]
|-fieldend|move: Gravity
|upkeep
|
|t:|1707534205
|switch|p1a: Landorus|Landorus-Therian, M|100/100
|-ability|p1a: Landorus|Intimidate|boost
|-unboost|p2a: Lucky 7|atk|1
|turn|9
|
|t:|1707534210
|switch|p2a: Horus|Xatu, M|96/100 brn
|move|p1a: Landorus|Gravity|p1a: Landorus
|-fieldstart|move: Gravity
|
|-weather|SunnyDay|[upkeep]
|-damage|p2a: Horus|83/100 brn|[from] brn
|-sideend|p2: Yokao893|Reflect
|upkeep
|turn|10
|
|t:|1707534212
|move|p1a: Landorus|Explosion|p2a: Horus
|-damage|p2a: Horus|0 fnt
|faint|p1a: Landorus
|faint|p2a: Horus
|
|-weather|SunnyDay|[upkeep]
|upkeep
|j| SKT T1 Motherfaker
|
|t:|1707534232
|switch|p1a: Starmie|Starmie|100/100
|switch|p2a: Lucky 7|Victini|100/100
|turn|11
|
|t:|1707534236
|move|p2a: Lucky 7|Bolt Strike|p1a: Starmie
|-supereffective|p1a: Starmie
|-damage|p1a: Starmie|0 fnt
|faint|p1a: Starmie
|
|-weather|SunnyDay|[upkeep]
|upkeep
|
|t:|1707534238
|switch|p1a: Mamoswine|Mamoswine, F|100/100
|turn|12
|
|t:|1707534241
|switch|p2a: Moon Prescence|Cresselia, F|100/100
|move|p1a: Mamoswine|Earthquake|p2a: Moon Prescence
|-damage|p2a: Moon Prescence|62/100
|
|-weather|SunnyDay|[upkeep]
|-heal|p2a: Moon Prescence|68/100|[from] item: Leftovers
|upkeep
|turn|13
|
|t:|1707534252
|switch|p1a: Latios|Latios, M|100/100
|move|p2a: Moon Prescence|Toxic|p1a: Latios
|-status|p1a: Latios|tox
|
|-weather|SunnyDay|[upkeep]
|-heal|p2a: Moon Prescence|74/100|[from] item: Leftovers
|-damage|p1a: Latios|95/100 tox|[from] psn
|-fieldend|move: Gravity
|upkeep
|turn|14
|
|t:|1707534258
|switch|p2a: Egg|Chansey, F|100/100
|move|p1a: Latios|Calm Mind|p1a: Latios
|-boost|p1a: Latios|spa|1
|-boost|p1a: Latios|spd|1
|
|-weather|SunnyDay|[upkeep]
|-heal|p1a: Latios|100/100 tox|[from] item: Leftovers
|-damage|p1a: Latios|89/100 tox|[from] psn
|upkeep
|turn|15
|-message|sidis forfeited.
|
|win|Yokao893
|raw|sidis's rating: 1386 &rarr; <strong>1373</strong><br />(-13 for losing)
|raw|Yokao893's rating: 1508 &rarr; <strong>1521</strong><br />(+13 for winning)
|l|☆sidis
|player|p1|
|l|☆Yokao893
|player|p2|
