|j|☆CringLord!
|j|☆yokeer
|t:|1716791390
|gametype|singles
|player|p1|CringLord!|caitlin|1440
|player|p2|yokeer|janine|1585
|teamsize|p1|6
|teamsize|p2|6
|gen|5
|tier|[Gen 5] OU
|rated|
|rule|Species Clause: Limit one of each Pokémon
|rule|OHKO Clause: OHKO moves are banned
|rule|Moody Clause: Moody is banned
|rule|Evasion Items Clause: Evasion items are banned
|rule|Evasion Moves Clause: Evasion moves are banned
|rule|Endless Battle Clause: Forcing endless battles is banned
|rule|HP Percentage Mod: HP is shown in percentages
|rule|Evasion Abilities Clause: Evasion abilities are banned
|rule|Sleep Moves Clause: Sleep-inducing moves are banned
|rule|Swagger Clause: Swagger is banned
|rule|Baton Pass Stat Clause: No Baton Passer may have a way to boost its stats
|clearpoke
|poke|p1|Skarmory, M|item
|poke|p1|Gliscor, F|item
|poke|p1|Gastrodon, M|item
|poke|p1|Latios, M|item
|poke|p1|Tyranitar, F|item
|poke|p1|Alakazam, F|item
|poke|p2|Magnezone|item
|poke|p2|Scizor, F|item
|poke|p2|Garchomp, F|item
|poke|p2|Latios, M|item
|poke|p2|Dragonite, M|item
|poke|p2|Jirachi|item
|teampreview
|inactive|Battle timer is ON: inactive players will automatically lose when time's up. (requested by yokeer)
|
|t:|1716791430
|start
|switch|p1a: Gliscor|Gliscor, F|100/100
|switch|p2a: Garchomp|Garchomp, F|100/100
|turn|1
|
|t:|1716791433
|move|p2a: Garchomp|Swords Dance|p2a: Garchomp
|-boost|p2a: Garchomp|atk|2
|move|p1a: Gliscor|Stealth Rock|p2a: Garchomp
|-sidestart|p2: yokeer|move: Stealth Rock
|
|-status|p1a: Gliscor|tox|[from] item: Toxic Orb
|upkeep
|turn|2
|
|t:|1716791441
|switch|p1a: Skarmory|Skarmory, M|100/100
|move|p2a: Garchomp|Outrage|p1a: Skarmory
|-resisted|p1a: Skarmory
|-damage|p1a: Skarmory|51/100
|-damage|p2a: Garchomp|84/100|[from] item: Rocky Helmet|[of] p1a: Skarmory
|
|upkeep
|turn|3
|
|t:|1716791451
|switch|p1a: Tyranitar|Tyranitar, F|100/100
|-weather|Sandstorm|[from] ability: Sand Stream|[of] p1a: Tyranitar
|move|p2a: Garchomp|Outrage|p1a: Tyranitar|[from]lockedmove
|-damage|p1a: Tyranitar|6/100
|-start|p2a: Garchomp|confusion|[fatigue]
|
|-weather|Sandstorm|[upkeep]
|upkeep
|turn|4
|
|t:|1716791463
|switch|p2a: Jirachi|Jirachi|100/100
|-damage|p2a: Jirachi|94/100|[from] Stealth Rock
|move|p1a: Tyranitar|Fire Blast|p2a: Jirachi
|-supereffective|p2a: Jirachi
|-damage|p2a: Jirachi|47/100
|
|-weather|Sandstorm|[upkeep]
|upkeep
|turn|5
|
|t:|1716791468
|switch|p1a: Gliscor|Gliscor, F|100/100 tox
|move|p2a: Jirachi|U-turn|p1a: Gliscor
|-resisted|p1a: Gliscor
|-damage|p1a: Gliscor|93/100 tox
|
|t:|1716791473
|switch|p2a: Garchomp|Garchomp, F|84/100|[from] U-turn
|-damage|p2a: Garchomp|78/100|[from] Stealth Rock
|
|-weather|Sandstorm|[upkeep]
|-heal|p1a: Gliscor|100/100 tox|[from] ability: Poison Heal
|upkeep
|turn|6
|
|t:|1716791483
|move|p2a: Garchomp|Stealth Rock|p1a: Gliscor
|-sidestart|p1: CringLord!|move: Stealth Rock
|move|p1a: Gliscor|Earthquake|p2a: Garchomp
|-damage|p2a: Garchomp|46/100
|
|-weather|Sandstorm|[upkeep]
|upkeep
|turn|7
|
|t:|1716791489
|move|p2a: Garchomp|Swords Dance|p2a: Garchomp
|-boost|p2a: Garchomp|atk|2
|move|p1a: Gliscor|Earthquake|p2a: Garchomp
|-damage|p2a: Garchomp|10/100
|
|-weather|Sandstorm|[upkeep]
|upkeep
|turn|8
|
|t:|1716791497
|switch|p1a: Tyranitar|Tyranitar, F|6/100
|-damage|p1a: Tyranitar|0 fnt|[from] Stealth Rock
|faint|p1a: Tyranitar
|move|p2a: Garchomp|Outrage|p1: Tyranitar|[notarget]
|-fail|p2a: Garchomp
|
|-weather|Sandstorm|[upkeep]
|upkeep
|
|t:|1716791500
|switch|p1a: Alakazam|Alakazam, F|100/100
|turn|9
|
|t:|1716791502
|move|p1a: Alakazam|Psychic|p2a: Garchomp
|-damage|p2a: Garchomp|0 fnt
|faint|p2a: Garchomp
|
|-weather|Sandstorm|[upkeep]
|upkeep
|
|t:|1716791514
|switch|p2a: Jirachi|Jirachi|47/100
|-damage|p2a: Jirachi|41/100|[from] Stealth Rock
|turn|10
|
|t:|1716791519
|switch|p1a: Gliscor|Gliscor, F|100/100 tox
|-damage|p1a: Gliscor|88/100 tox|[from] Stealth Rock
|move|p2a: Jirachi|U-turn|p1a: Gliscor
|-resisted|p1a: Gliscor
|-damage|p1a: Gliscor|81/100 tox
|
|t:|1716791524
|switch|p2a: Latios|Latios, M|100/100|[from] U-turn
|-damage|p2a: Latios|88/100|[from] Stealth Rock
|
|-weather|Sandstorm|[upkeep]
|-damage|p2a: Latios|82/100|[from] Sandstorm
|-heal|p1a: Gliscor|93/100 tox|[from] ability: Poison Heal
|upkeep
|turn|11
|
|t:|1716791529
|move|p1a: Gliscor|Protect|p1a: Gliscor
|-singleturn|p1a: Gliscor|Protect
|move|p2a: Latios|Draco Meteor|p1a: Gliscor
|-activate|p1a: Gliscor|move: Protect
|
|-weather|Sandstorm|[upkeep]
|-damage|p2a: Latios|76/100|[from] Sandstorm
|-heal|p1a: Gliscor|100/100 tox|[from] ability: Poison Heal
|upkeep
|turn|12
|
|t:|1716791540
|move|p2a: Latios|Draco Meteor|p1a: Gliscor
|-damage|p1a: Gliscor|9/100 tox
|-unboost|p2a: Latios|spa|2
|move|p1a: Gliscor|Knock Off|p2a: Latios
|-supereffective|p2a: Latios
|-damage|p2a: Latios|64/100
|-enditem|p2a: Latios|Choice Specs|[from] move: Knock Off|[of] p1a: Gliscor
|
|-weather|Sandstorm|[upkeep]
|-damage|p2a: Latios|58/100|[from] Sandstorm
|-heal|p1a: Gliscor|22/100 tox|[from] ability: Poison Heal
|upkeep
|turn|13
|
|t:|1716791551
|move|p1a: Gliscor|Protect|p1a: Gliscor
|-singleturn|p1a: Gliscor|Protect
|move|p2a: Latios|Draco Meteor|p1a: Gliscor
|-activate|p1a: Gliscor|move: Protect
|
|-weather|Sandstorm|[upkeep]
|-damage|p2a: Latios|52/100|[from] Sandstorm
|-heal|p1a: Gliscor|34/100 tox|[from] ability: Poison Heal
|upkeep
|turn|14
|
|t:|1716791562
|switch|p2a: Magnezone|Magnezone|100/100
|-damage|p2a: Magnezone|94/100|[from] Stealth Rock
|-item|p2a: Magnezone|Air Balloon
|switch|p1a: Gastrodon|Gastrodon, M|100/100
|-damage|p1a: Gastrodon|94/100|[from] Stealth Rock
|
|-weather|Sandstorm|[upkeep]
|-heal|p1a: Gastrodon|100/100|[from] item: Leftovers
|upkeep
|turn|15
|
|t:|1716791574
|move|p2a: Magnezone|Flash Cannon|p1a: Gastrodon
|-resisted|p1a: Gastrodon
|-crit|p1a: Gastrodon
|-damage|p1a: Gastrodon|61/100
|move|p1a: Gastrodon|Scald|p2a: Magnezone
|-damage|p2a: Magnezone|59/100
|-enditem|p2a: Magnezone|Air Balloon
|
|-weather|Sandstorm|[upkeep]
|-heal|p1a: Gastrodon|67/100|[from] item: Leftovers
|upkeep
|turn|16
|
|t:|1716791578
|move|p2a: Magnezone|Flash Cannon|p1a: Gastrodon
|-resisted|p1a: Gastrodon
|-damage|p1a: Gastrodon|47/100
|move|p1a: Gastrodon|Scald|p2a: Magnezone
|-crit|p2a: Magnezone
|-damage|p2a: Magnezone|0 fnt
|faint|p2a: Magnezone
|
|-weather|Sandstorm|[upkeep]
|-heal|p1a: Gastrodon|54/100|[from] item: Leftovers
|upkeep
|
|t:|1716791580
|switch|p2a: Scizor|Scizor, F|100/100
|-damage|p2a: Scizor|88/100|[from] Stealth Rock
|turn|17
|
|t:|1716791584
|move|p2a: Scizor|Swords Dance|p2a: Scizor
|-boost|p2a: Scizor|atk|2
|move|p1a: Gastrodon|Scald|p2a: Scizor
|-damage|p2a: Scizor|49/100
|
|-weather|Sandstorm|[upkeep]
|-heal|p1a: Gastrodon|60/100|[from] item: Leftovers
|upkeep
|turn|18
|inactive|yokeer has 120 seconds left.
|
|t:|1716791634
|move|p2a: Scizor|Superpower|p1a: Gastrodon
|-damage|p1a: Gastrodon|0 fnt
|-unboost|p2a: Scizor|atk|1
|-unboost|p2a: Scizor|def|1
|faint|p1a: Gastrodon
|-damage|p2a: Scizor|40/100|[from] item: Life Orb
|
|-weather|Sandstorm|[upkeep]
|upkeep
|
|t:|1716791652
|switch|p1a: Alakazam|Alakazam, F|100/100
|turn|19
|
|t:|1716791656
|move|p2a: Scizor|Bullet Punch|p1a: Alakazam
|-enditem|p1a: Alakazam|Focus Sash
|-damage|p1a: Alakazam|1/100
|-damage|p2a: Scizor|30/100|[from] item: Life Orb
|move|p1a: Alakazam|Hidden Power|p2a: Scizor
|-supereffective|p2a: Scizor
|-damage|p2a: Scizor|0 fnt
|faint|p2a: Scizor
|
|-weather|Sandstorm|[upkeep]
|upkeep
|inactive|yokeer has 90 seconds left.
|
|t:|1716791694
|switch|p2a: Jirachi|Jirachi|41/100
|-damage|p2a: Jirachi|35/100|[from] Stealth Rock
|turn|20
|inactive|yokeer has 90 seconds left.
|
|t:|1716791703
|switch|p1a: Skarmory|Skarmory, M|51/100
|-damage|p1a: Skarmory|39/100|[from] Stealth Rock
|move|p2a: Jirachi|U-turn|p1a: Skarmory
|-resisted|p1a: Skarmory
|-damage|p1a: Skarmory|35/100
|-damage|p2a: Jirachi|19/100|[from] item: Rocky Helmet|[of] p1a: Skarmory
|
|t:|1716791706
|switch|p2a: Latios|Latios, M|52/100|[from] U-turn
|-damage|p2a: Latios|40/100|[from] Stealth Rock
|
|-weather|Sandstorm|[upkeep]
|-damage|p2a: Latios|34/100|[from] Sandstorm
|upkeep
|turn|21
|
|t:|1716791712
|move|p2a: Latios|Draco Meteor|p1a: Skarmory
|-resisted|p1a: Skarmory
|-damage|p1a: Skarmory|0 fnt
|-unboost|p2a: Latios|spa|2
|faint|p1a: Skarmory
|
|-weather|Sandstorm|[upkeep]
|-damage|p2a: Latios|28/100|[from] Sandstorm
|upkeep
|
|t:|1716791726
|switch|p1a: Latios|Latios, M|100/100
|-damage|p1a: Latios|88/100|[from] Stealth Rock
|turn|22
|
|t:|1716791731
|move|p1a: Latios|Dragon Pulse|p2a: Latios
|-supereffective|p2a: Latios
|-crit|p2a: Latios
|-damage|p2a: Latios|0 fnt
|faint|p2a: Latios
|
|-weather|Sandstorm|[upkeep]
|-damage|p1a: Latios|82/100|[from] Sandstorm
|upkeep
|
|t:|1716791733
|switch|p2a: Jirachi|Jirachi|19/100
|-damage|p2a: Jirachi|13/100|[from] Stealth Rock
|turn|23
|
|t:|1716791736
|move|p1a: Latios|Dragon Pulse|p2a: Jirachi
|-resisted|p2a: Jirachi
|-damage|p2a: Jirachi|0 fnt
|faint|p2a: Jirachi
|
|-weather|Sandstorm|[upkeep]
|-damage|p1a: Latios|76/100|[from] Sandstorm
|upkeep
|
|t:|1716791737
|switch|p2a: Dragonite|Dragonite, M|100/100
|-damage|p2a: Dragonite|76/100|[from] Stealth Rock
|turn|24
|
|t:|1716791740
|move|p2a: Dragonite|Extreme Speed|p1a: Latios
|-damage|p1a: Latios|31/100
|move|p1a: Latios|Dragon Pulse|p2a: Dragonite
|-supereffective|p2a: Dragonite
|-damage|p2a: Dragonite|0 fnt
|faint|p2a: Dragonite
|
|win|CringLord!
|raw|CringLord!'s rating: 1440 &rarr; <strong>1468</strong><br />(+28 for winning)
|raw|yokeer's rating: 1585 &rarr; <strong>1557</strong><br />(-28 for losing)
|l|☆yokeer
|player|p2|
