|join|coacoacream
|join|Pythagorean Python
|player|p1|coacoacream|76
|player|p2|Pythagorean Python|265
|gametype|singles
|gen|5
|tier|[Gen 5] OU
|rated
|rule|Evasion Abilities Clause: Evasion abilities are banned
|clearpoke
|poke|p1|Politoed, F
|poke|p1|Tentacruel, M
|poke|p1|Quagsire, F
|poke|p1|Dragonite, F
|poke|p1|Chansey, F
|poke|p1|Ferrothorn, F
|poke|p2|Skarmory, F
|poke|p2|Blissey, F
|poke|p2|Hippowdon, F
|poke|p2|Alakazam, M
|poke|p2|Terrakion
|poke|p2|Starmie
|rule|Sleep Clause Mod: Limit one foe put to sleep
|rule|Species Clause: Limit one of each Pokemon
|rule|OHKO Clause: OHKO moves are banned
|rule|Moody Clause: Moody is banned
|rule|Evasion Moves Clause: Evasion moves are banned
|rule|Endless Battle Clause: Forcing endless battles is banned.
|rule|HP Percentage Mod: HP is reported as percentages
|teampreview
|
|start
|switch|p1a: Deeper Than Rap|Ferrothorn, F|352/352
|switch|p2a: Alakazam|Alakazam, M|252/252
|turn|1
|
|move|p2a: Alakazam|Hidden Power|p1a: Deeper Than Rap
|-supereffective|p1a: Deeper Than Rap
|-damage|p1a: Deeper Than Rap|0 fnt
|faint|p1a: Deeper Than Rap
|
|
|switch|p1a: Port of Miami|Politoed, F|383/383
|-weather|RainDance|[from] ability: Drizzle|[of] p1a: Port of Miami
|turn|2
|
|move|p2a: Alakazam|Psychic|p1a: Port of Miami
|-damage|p1a: Port of Miami|179/383
|move|p1a: Port of Miami|Scald|p2a: Alakazam
|-damage|p2a: Alakazam|90/252
|
|-weather|RainDance|[upkeep]
|-heal|p1a: Port of Miami|202/383|[from] item: Leftovers
|turn|3
|
|move|p1a: Port of Miami|Protect|p1a: Port of Miami
|-singleturn|p1a: Port of Miami|Protect
|move|p2a: Alakazam|Psychic|p1a: Port of Miami
|-activate|p1a: Port of Miami|Protect
|
|-weather|RainDance|[upkeep]
|-heal|p1a: Port of Miami|225/383|[from] item: Leftovers
|turn|4
|
|switch|p2a: Blissey|Blissey, F|714/714
|switch|p1a: GFID|Chansey, F|701/701
|
|-weather|RainDance|[upkeep]
|turn|5
|
|switch|p2a: Hippowdon|Hippowdon, F|420/420
|-weather|Sandstorm|[from] ability: Sand Stream|[of] p2a: Hippowdon
|move|p1a: GFID|Toxic|p2a: Hippowdon
|-status|p2a: Hippowdon|tox
|
|-weather|Sandstorm|[upkeep]
|-damage|p1a: GFID|658/701|[from] sandstorm
|-damage|p2a: Hippowdon|394/420 tox|[from] psn
|turn|6
|
|switch|p1a: Port of Miami|Politoed, F|225/383
|-weather|RainDance|[from] ability: Drizzle|[of] p1a: Port of Miami
|move|p2a: Hippowdon|Stealth Rock|p1a: Port of Miami
|-sidestart|p1: coacoacream|move: Stealth Rock
|
|-weather|RainDance|[upkeep]
|-heal|p1a: Port of Miami|248/383|[from] item: Leftovers
|-heal|p2a: Hippowdon|420/420 tox|[from] item: Leftovers
|-damage|p2a: Hippowdon|368/420 tox|[from] psn
|turn|7
|
|switch|p2a: Blissey|Blissey, F|714/714
|move|p1a: Port of Miami|Scald|p2a: Blissey
|-damage|p2a: Blissey|608/714
|
|-weather|RainDance|[upkeep]
|-heal|p1a: Port of Miami|271/383|[from] item: Leftovers
|-heal|p2a: Blissey|652/714|[from] item: Leftovers
|turn|8
|
|switch|p1a: Trilla|Tentacruel, M|364/364
|-damage|p1a: Trilla|319/364|[from] Stealth Rock
|move|p2a: Blissey|Seismic Toss|p1a: Trilla
|-damage|p1a: Trilla|219/364
|
|-weather|RainDance|[upkeep]
|-heal|p1a: Trilla|241/364|[from] ability: Rain Dish
|-heal|p1a: Trilla|263/364|[from] item: Black Sludge
|-heal|p2a: Blissey|696/714|[from] item: Leftovers
|turn|9
|
|move|p1a: Trilla|Rapid Spin|p2a: Blissey
|-damage|p2a: Blissey|677/714
|-sideend|p1: coacoacream|Stealth Rock|[from] move: Rapid Spin|[of] p1a: Trilla
|move|p2a: Blissey|Thunder Wave|p1a: Trilla
|-status|p1a: Trilla|par
|
|-weather|RainDance|[upkeep]
|-heal|p1a: Trilla|285/364 par|[from] ability: Rain Dish
|-heal|p2a: Blissey|714/714|[from] item: Leftovers
|-heal|p1a: Trilla|307/364 par|[from] item: Black Sludge
|turn|10
|
|move|p2a: Blissey|Seismic Toss|p1a: Trilla
|-damage|p1a: Trilla|207/364 par
|move|p1a: Trilla|Toxic|p2a: Blissey
|-status|p2a: Blissey|tox
|
|-weather|RainDance|[upkeep]
|-heal|p1a: Trilla|229/364 par|[from] ability: Rain Dish
|-heal|p1a: Trilla|251/364 par|[from] item: Black Sludge
|-damage|p2a: Blissey|670/714 tox|[from] psn
|turn|11
|
|move|p2a: Blissey|Seismic Toss|p1a: Trilla
|-damage|p1a: Trilla|151/364 par
|move|p1a: Trilla|Scald|p2a: Blissey
|-damage|p2a: Blissey|580/714 tox
|
|-weather|RainDance|[upkeep]
|-heal|p1a: Trilla|173/364 par|[from] ability: Rain Dish
|-heal|p2a: Blissey|624/714 tox|[from] item: Leftovers
|-heal|p1a: Trilla|195/364 par|[from] item: Black Sludge
|-damage|p2a: Blissey|536/714 tox|[from] psn
|turn|12
|
|move|p1a: Trilla|Protect|p1a: Trilla
|-singleturn|p1a: Trilla|Protect
|move|p2a: Blissey|Seismic Toss|p1a: Trilla
|-activate|p1a: Trilla|Protect
|
|-weather|RainDance|[upkeep]
|-heal|p1a: Trilla|217/364 par|[from] ability: Rain Dish
|-heal|p2a: Blissey|580/714 tox|[from] item: Leftovers
|-heal|p1a: Trilla|239/364 par|[from] item: Black Sludge
|-damage|p2a: Blissey|448/714 tox|[from] psn
|turn|13
|
|move|p2a: Blissey|Seismic Toss|p1a: Trilla
|-damage|p1a: Trilla|139/364 par
|move|p1a: Trilla|Scald|p2a: Blissey
|-damage|p2a: Blissey|358/714 tox
|
|-weather|RainDance|[upkeep]
|-heal|p1a: Trilla|161/364 par|[from] ability: Rain Dish
|-heal|p2a: Blissey|402/714 tox|[from] item: Leftovers
|-heal|p1a: Trilla|183/364 par|[from] item: Black Sludge
|-damage|p2a: Blissey|226/714 tox|[from] psn
|turn|14
|
|move|p1a: Trilla|Protect|p1a: Trilla
|-singleturn|p1a: Trilla|Protect
|move|p2a: Blissey|Soft-Boiled|p2a: Blissey
|-heal|p2a: Blissey|583/714 tox
|
|-weather|RainDance|[upkeep]
|-heal|p1a: Trilla|205/364 par|[from] ability: Rain Dish
|-heal|p2a: Blissey|627/714 tox|[from] item: Leftovers
|-heal|p1a: Trilla|227/364 par|[from] item: Black Sludge
|-damage|p2a: Blissey|407/714 tox|[from] psn
|turn|15
|
|switch|p2a: Hippowdon|Hippowdon, F|368/420 tox
|-weather|Sandstorm|[from] ability: Sand Stream|[of] p2a: Hippowdon
|move|p1a: Trilla|Scald|p2a: Hippowdon
|-supereffective|p2a: Hippowdon
|-damage|p2a: Hippowdon|164/420 tox
|
|-weather|Sandstorm|[upkeep]
|-damage|p1a: Trilla|205/364 par|[from] sandstorm
|-heal|p2a: Hippowdon|190/420 tox|[from] item: Leftovers
|-heal|p1a: Trilla|227/364 par|[from] item: Black Sludge
|-damage|p2a: Hippowdon|164/420 tox|[from] psn
|turn|16
|
|move|p2a: Hippowdon|Earthquake|p1a: Trilla
|-supereffective|p1a: Trilla
|-damage|p1a: Trilla|0 fnt
|faint|p1a: Trilla
|
|-weather|Sandstorm|[upkeep]
|-heal|p2a: Hippowdon|190/420 tox|[from] item: Leftovers
|-damage|p2a: Hippowdon|138/420 tox|[from] psn
|
|switch|p1a: Port of Miami|Politoed, F|271/383
|-weather|RainDance|[from] ability: Drizzle|[of] p1a: Port of Miami
|turn|17
|
|switch|p2a: Blissey|Blissey, F|407/714
|move|p1a: Port of Miami|Scald|p2a: Blissey
|-damage|p2a: Blissey|305/714
|-status|p2a: Blissey|brn
|
|-weather|RainDance|[upkeep]
|-heal|p1a: Port of Miami|294/383|[from] item: Leftovers
|-heal|p2a: Blissey|349/714 brn|[from] item: Leftovers
|-damage|p2a: Blissey|260/714 brn|[from] brn
|turn|18
|
|move|p1a: Port of Miami|Protect|p1a: Port of Miami
|-singleturn|p1a: Port of Miami|Protect
|move|p2a: Blissey|Soft-Boiled|p2a: Blissey
|-heal|p2a: Blissey|617/714 brn
|
|-weather|RainDance|[upkeep]
|-heal|p1a: Port of Miami|317/383|[from] item: Leftovers
|-heal|p2a: Blissey|661/714 brn|[from] item: Leftovers
|-damage|p2a: Blissey|572/714 brn|[from] brn
|turn|19
|
|switch|p1a: Teflon Don|Dragonite, F|386/386
|move|p2a: Blissey|Seismic Toss|p1a: Teflon Don
|-damage|p1a: Teflon Don|286/386
|
|-weather|RainDance|[upkeep]
|-heal|p1a: Teflon Don|310/386|[from] item: Leftovers
|-heal|p2a: Blissey|616/714 brn|[from] item: Leftovers
|-damage|p2a: Blissey|527/714 brn|[from] brn
|turn|20
|
|move|p2a: Blissey|Thunder Wave|p1a: Teflon Don
|-status|p1a: Teflon Don|par
|cant|p1a: Teflon Don|par
|
|-weather|RainDance|[upkeep]
|-heal|p2a: Blissey|571/714 brn|[from] item: Leftovers
|-heal|p1a: Teflon Don|334/386 par|[from] item: Leftovers
|-damage|p2a: Blissey|482/714 brn|[from] brn
|turn|21
|
|switch|p2a: Skarmory|Skarmory, F|334/334
|move|p1a: Teflon Don|Dragon Tail|p2a: Skarmory|[miss]
|-miss|p1a: Teflon Don|p2a: Skarmory
|
|-weather|RainDance|[upkeep]
|-heal|p1a: Teflon Don|358/386 par|[from] item: Leftovers
|turn|22
|
|move|p2a: Skarmory|Spikes|p1a: Teflon Don
|-sidestart|p1: coacoacream|Spikes
|cant|p1a: Teflon Don|par
|
|-weather|RainDance|[upkeep]
|-heal|p1a: Teflon Don|382/386 par|[from] item: Leftovers
|turn|23
|
|move|p2a: Skarmory|Spikes|p1a: Teflon Don
|-sidestart|p1: coacoacream|Spikes
|cant|p1a: Teflon Don|par
|
|-weather|RainDance|[upkeep]
|-heal|p1a: Teflon Don|386/386 par|[from] item: Leftovers
|turn|24
|
|move|p2a: Skarmory|Spikes|p1a: Teflon Don
|-sidestart|p1: coacoacream|Spikes
|cant|p1a: Teflon Don|par
|
|-weather|RainDance|[upkeep]
|turn|25
|
|move|p1a: Teflon Don|Thunder|p2a: Skarmory
|-supereffective|p2a: Skarmory
|-damage|p2a: Skarmory|62/334
|move|p2a: Skarmory|Whirlwind|p1a: Teflon Don
|drag|p1a: GFID|Chansey, F|658/701
|-damage|p1a: GFID|483/701|[from] Spikes
|
|-weather|RainDance|[upkeep]
|-heal|p2a: Skarmory|82/334|[from] item: Leftovers
|turn|26
|
|move|p2a: Skarmory|Roost|p2a: Skarmory
|-heal|p2a: Skarmory|249/334
|move|p1a: GFID|Seismic Toss|p2a: Skarmory
|-damage|p2a: Skarmory|149/334
|
|-weather|RainDance|[upkeep]
|-heal|p2a: Skarmory|169/334|[from] item: Leftovers
|turn|27
|
|move|p2a: Skarmory|Roost|p2a: Skarmory
|-heal|p2a: Skarmory|334/334
|move|p1a: GFID|Seismic Toss|p2a: Skarmory
|-damage|p2a: Skarmory|234/334
|
|-weather|RainDance|[upkeep]
|-heal|p2a: Skarmory|254/334|[from] item: Leftovers
|turn|28
|
|move|p1a: GFID|Wish|p1a: GFID
|move|p2a: Skarmory|Whirlwind|p1a: GFID
|drag|p1a: Port of Miami|Politoed, F|317/383
|-damage|p1a: Port of Miami|222/383|[from] Spikes
|
|-weather|RainDance|[upkeep]
|-heal|p1a: Port of Miami|245/383|[from] item: Leftovers
|-heal|p2a: Skarmory|274/334|[from] item: Leftovers
|turn|29
|
|switch|p2a: Blissey|Blissey, F|482/714
|move|p1a: Port of Miami|Scald|p2a: Blissey
|-damage|p2a: Blissey|382/714
|
|-weather|RainDance|[upkeep]
|-heal|p1a: Port of Miami|383/383|[from] move: Wish|[wisher] GFID
|-heal|p2a: Blissey|426/714|[from] item: Leftovers
|turn|30
|
|switch|p1a: Teflon Don|Dragonite, F|386/386 par
|switch|p2a: Hippowdon|Hippowdon, F|138/420 tox
|-weather|Sandstorm|[from] ability: Sand Stream|[of] p2a: Hippowdon
|
|-weather|Sandstorm|[upkeep]
|-damage|p1a: Teflon Don|362/386 par|[from] sandstorm
|-heal|p2a: Hippowdon|164/420 tox|[from] item: Leftovers
|-heal|p1a: Teflon Don|386/386 par|[from] item: Leftovers
|-damage|p2a: Hippowdon|138/420 tox|[from] psn
|turn|31
|
|move|p2a: Hippowdon|Slack Off|p2a: Hippowdon
|-heal|p2a: Hippowdon|348/420 tox
|move|p1a: Teflon Don|Dragon Tail|p2a: Hippowdon
|-damage|p2a: Hippowdon|296/420 tox
|drag|p2a: Skarmory|Skarmory, F|274/334
|
|-weather|Sandstorm|[upkeep]
|-damage|p1a: Teflon Don|362/386 par|[from] sandstorm
|-heal|p2a: Skarmory|294/334|[from] item: Leftovers
|-heal|p1a: Teflon Don|386/386 par|[from] item: Leftovers
|turn|32
|
|move|p2a: Skarmory|Whirlwind|p1a: Teflon Don
|drag|p1a: GFID|Chansey, F|483/701
|-damage|p1a: GFID|308/701|[from] Spikes
|
|-weather|Sandstorm|[upkeep]
|-damage|p1a: GFID|265/701|[from] sandstorm
|-heal|p2a: Skarmory|314/334|[from] item: Leftovers
|turn|33
|
|switch|p2a: Hippowdon|Hippowdon, F|296/420 tox
|move|p1a: GFID|Soft-Boiled|p1a: GFID
|-heal|p1a: GFID|616/701
|
|-weather|Sandstorm|[upkeep]
|-damage|p1a: GFID|573/701|[from] sandstorm
|-heal|p2a: Hippowdon|322/420 tox|[from] item: Leftovers
|-damage|p2a: Hippowdon|296/420 tox|[from] psn
|turn|34
|join|Apedingo
|
|move|p1a: GFID|Seismic Toss|p2a: Hippowdon
|-damage|p2a: Hippowdon|196/420 tox
|move|p2a: Hippowdon|Stealth Rock|p1a: GFID
|-sidestart|p1: coacoacream|move: Stealth Rock
|
|-weather|Sandstorm|[upkeep]
|-damage|p1a: GFID|530/701|[from] sandstorm
|-heal|p2a: Hippowdon|222/420 tox|[from] item: Leftovers
|-damage|p2a: Hippowdon|170/420 tox|[from] psn
|turn|35
|
|move|p1a: GFID|Seismic Toss|p2a: Hippowdon
|-damage|p2a: Hippowdon|70/420 tox
|move|p2a: Hippowdon|Slack Off|p2a: Hippowdon
|-heal|p2a: Hippowdon|280/420 tox
|
|-weather|Sandstorm|[upkeep]
|-damage|p1a: GFID|487/701|[from] sandstorm
|-heal|p2a: Hippowdon|306/420 tox|[from] item: Leftovers
|-damage|p2a: Hippowdon|228/420 tox|[from] psn
|turn|36
|
|move|p1a: GFID|Seismic Toss|p2a: Hippowdon
|-damage|p2a: Hippowdon|128/420 tox
|move|p2a: Hippowdon|Slack Off|p2a: Hippowdon
|-heal|p2a: Hippowdon|338/420 tox
|
|-weather|Sandstorm|[upkeep]
|-damage|p1a: GFID|444/701|[from] sandstorm
|-heal|p2a: Hippowdon|364/420 tox|[from] item: Leftovers
|-damage|p2a: Hippowdon|260/420 tox|[from] psn
|turn|37
|
|switch|p2a: Skarmory|Skarmory, F|314/334
|move|p1a: GFID|Seismic Toss|p2a: Skarmory
|-damage|p2a: Skarmory|214/334
|
|-weather|Sandstorm|[upkeep]
|-damage|p1a: GFID|401/701|[from] sandstorm
|-heal|p2a: Skarmory|234/334|[from] item: Leftovers
|turn|38
|
|move|p1a: GFID|Wish|p1a: GFID
|move|p2a: Skarmory|Whirlwind|p1a: GFID
|drag|p1a: Teflon Don|Dragonite, F|386/386 par
|-damage|p1a: Teflon Don|290/386 par|[from] Stealth Rock
|
|-weather|Sandstorm|[upkeep]
|-damage|p1a: Teflon Don|266/386 par|[from] sandstorm
|-heal|p2a: Skarmory|254/334|[from] item: Leftovers
|-heal|p1a: Teflon Don|290/386 par|[from] item: Leftovers
|turn|39
|
|cant|p1a: Teflon Don|par
|move|p2a: Skarmory|Whirlwind|p1a: Teflon Don
|drag|p1a: GFID|Chansey, F|401/701
|-damage|p1a: GFID|314/701|[from] Stealth Rock
|-damage|p1a: GFID|139/701|[from] Spikes
|
|-weather|Sandstorm|[upkeep]
|-damage|p1a: GFID|96/701|[from] sandstorm
|-heal|p1a: GFID|446/701|[from] move: Wish|[wisher] GFID
|-heal|p2a: Skarmory|274/334|[from] item: Leftovers
|turn|40
|
|move|p1a: GFID|Soft-Boiled|p1a: GFID
|-heal|p1a: GFID|701/701
|move|p2a: Skarmory|Whirlwind|p1a: GFID
|drag|p1a: Teflon Don|Dragonite, F|290/386 par
|-damage|p1a: Teflon Don|194/386 par|[from] Stealth Rock
|
|-weather|Sandstorm|[upkeep]
|-damage|p1a: Teflon Don|170/386 par|[from] sandstorm
|-heal|p2a: Skarmory|294/334|[from] item: Leftovers
|-heal|p1a: Teflon Don|194/386 par|[from] item: Leftovers
|turn|41
|
|move|p1a: Teflon Don|Roost|p1a: Teflon Don
|-heal|p1a: Teflon Don|386/386 par
|move|p2a: Skarmory|Whirlwind|p1a: Teflon Don
|drag|p1a: Port of Miami|Politoed, F|383/383
|-damage|p1a: Port of Miami|336/383|[from] Stealth Rock
|-damage|p1a: Port of Miami|241/383|[from] Spikes
|-weather|RainDance|[from] ability: Drizzle|[of] p1a: Port of Miami
|
|-weather|RainDance|[upkeep]
|-heal|p1a: Port of Miami|264/383|[from] item: Leftovers
|-heal|p2a: Skarmory|314/334|[from] item: Leftovers
|turn|42
|
|switch|p2a: Blissey|Blissey, F|426/714
|move|p1a: Port of Miami|Scald|p2a: Blissey
|-damage|p2a: Blissey|309/714
|-status|p2a: Blissey|brn
|
|-weather|RainDance|[upkeep]
|-heal|p1a: Port of Miami|287/383|[from] item: Leftovers
|-heal|p2a: Blissey|353/714 brn|[from] item: Leftovers
|-damage|p2a: Blissey|264/714 brn|[from] brn
|turn|43
|
|move|p1a: Port of Miami|Protect|p1a: Port of Miami
|-singleturn|p1a: Port of Miami|Protect
|move|p2a: Blissey|Soft-Boiled|p2a: Blissey
|-heal|p2a: Blissey|621/714 brn
|
|-weather|RainDance|[upkeep]
|-heal|p1a: Port of Miami|310/383|[from] item: Leftovers
|-heal|p2a: Blissey|665/714 brn|[from] item: Leftovers
|-damage|p2a: Blissey|576/714 brn|[from] brn
|turn|44
|
|switch|p1a: Teflon Don|Dragonite, F|386/386 par
|-damage|p1a: Teflon Don|290/386 par|[from] Stealth Rock
|switch|p2a: Hippowdon|Hippowdon, F|260/420 tox
|-weather|Sandstorm|[from] ability: Sand Stream|[of] p2a: Hippowdon
|
|-weather|Sandstorm|[upkeep]
|-damage|p1a: Teflon Don|266/386 par|[from] sandstorm
|-heal|p2a: Hippowdon|286/420 tox|[from] item: Leftovers
|-heal|p1a: Teflon Don|290/386 par|[from] item: Leftovers
|-damage|p2a: Hippowdon|260/420 tox|[from] psn
|turn|45
|
|move|p2a: Hippowdon|Slack Off|p2a: Hippowdon
|-heal|p2a: Hippowdon|420/420 tox
|cant|p1a: Teflon Don|par
|
|-weather|Sandstorm|[upkeep]
|-damage|p1a: Teflon Don|266/386 par|[from] sandstorm
|-heal|p1a: Teflon Don|290/386 par|[from] item: Leftovers
|-damage|p2a: Hippowdon|368/420 tox|[from] psn
|turn|46
|
|switch|p2a: Skarmory|Skarmory, F|314/334
|cant|p1a: Teflon Don|par
|
|-weather|Sandstorm|[upkeep]
|-damage|p1a: Teflon Don|266/386 par|[from] sandstorm
|-heal|p2a: Skarmory|334/334|[from] item: Leftovers
|-heal|p1a: Teflon Don|290/386 par|[from] item: Leftovers
|turn|47
|
|move|p1a: Teflon Don|Roost|p1a: Teflon Don
|-heal|p1a: Teflon Don|386/386 par
|move|p2a: Skarmory|Whirlwind|p1a: Teflon Don
|drag|p1a: Mastermind|Quagsire, F|393/393
|-damage|p1a: Mastermind|295/393|[from] Spikes
|-damage|p1a: Mastermind|271/393|[from] Stealth Rock
|
|-weather|Sandstorm|[upkeep]
|-heal|p1a: Mastermind|295/393|[from] item: Leftovers
|turn|48
|
|move|p1a: Mastermind|Scald|p2a: Skarmory
|-damage|p2a: Skarmory|243/334
|-status|p2a: Skarmory|brn
|move|p2a: Skarmory|Whirlwind|p1a: Mastermind
|drag|p1a: GFID|Chansey, F|701/701
|-damage|p1a: GFID|526/701|[from] Spikes
|-damage|p1a: GFID|439/701|[from] Stealth Rock
|
|-weather|Sandstorm|[upkeep]
|-damage|p1a: GFID|396/701|[from] sandstorm
|-heal|p2a: Skarmory|263/334 brn|[from] item: Leftovers
|-damage|p2a: Skarmory|222/334 brn|[from] brn
|turn|49
|
|move|p1a: GFID|Soft-Boiled|p1a: GFID
|-heal|p1a: GFID|701/701
|move|p2a: Skarmory|Whirlwind|p1a: GFID
|drag|p1a: Port of Miami|Politoed, F|310/383
|-damage|p1a: Port of Miami|263/383|[from] Stealth Rock
|-damage|p1a: Port of Miami|168/383|[from] Spikes
|-weather|RainDance|[from] ability: Drizzle|[of] p1a: Port of Miami
|
|-weather|RainDance|[upkeep]
|-heal|p1a: Port of Miami|191/383|[from] item: Leftovers
|-heal|p2a: Skarmory|242/334 brn|[from] item: Leftovers
|-damage|p2a: Skarmory|201/334 brn|[from] brn
|turn|50
|
|switch|p2a: Blissey|Blissey, F|576/714
|move|p1a: Port of Miami|Toxic|p2a: Blissey
|-status|p2a: Blissey|tox
|
|-weather|RainDance|[upkeep]
|-heal|p1a: Port of Miami|214/383|[from] item: Leftovers
|-heal|p2a: Blissey|620/714 tox|[from] item: Leftovers
|-damage|p2a: Blissey|576/714 tox|[from] psn
|turn|51
|
|move|p1a: Port of Miami|Scald|p2a: Blissey
|-damage|p2a: Blissey|468/714 tox
|move|p2a: Blissey|Seismic Toss|p1a: Port of Miami
|-damage|p1a: Port of Miami|114/383
|
|-weather|RainDance|[upkeep]
|-heal|p1a: Port of Miami|137/383|[from] item: Leftovers
|-heal|p2a: Blissey|512/714 tox|[from] item: Leftovers
|-damage|p2a: Blissey|424/714 tox|[from] psn
|turn|52
|
|move|p1a: Port of Miami|Protect|p1a: Port of Miami
|-singleturn|p1a: Port of Miami|Protect
|move|p2a: Blissey|Seismic Toss|p1a: Port of Miami
|-activate|p1a: Port of Miami|Protect
|
|-weather|RainDance|[upkeep]
|-heal|p1a: Port of Miami|160/383|[from] item: Leftovers
|-heal|p2a: Blissey|468/714 tox|[from] item: Leftovers
|-damage|p2a: Blissey|336/714 tox|[from] psn
|turn|53
|
|switch|p1a: Teflon Don|Dragonite, F|386/386 par
|-damage|p1a: Teflon Don|290/386 par|[from] Stealth Rock
|move|p2a: Blissey|Soft-Boiled|p2a: Blissey
|-heal|p2a: Blissey|693/714 tox
|
|-weather|RainDance|[upkeep]
|-heal|p2a: Blissey|714/714 tox|[from] item: Leftovers
|-heal|p1a: Teflon Don|314/386 par|[from] item: Leftovers
|-damage|p2a: Blissey|538/714 tox|[from] psn
|turn|54
|
|switch|p2a: Hippowdon|Hippowdon, F|368/420 tox
|-weather|Sandstorm|[from] ability: Sand Stream|[of] p2a: Hippowdon
|move|p1a: Teflon Don|Hurricane|p2a: Hippowdon
|-damage|p2a: Hippowdon|181/420 tox
|-start|p2a: Hippowdon|confusion
|
|-weather|Sandstorm|[upkeep]
|-damage|p1a: Teflon Don|290/386 par|[from] sandstorm
|-heal|p2a: Hippowdon|207/420 tox|[from] item: Leftovers
|-heal|p1a: Teflon Don|314/386 par|[from] item: Leftovers
|-damage|p2a: Hippowdon|181/420 tox|[from] psn
|turn|55
|
|switch|p2a: Blissey|Blissey, F|538/714
|move|p1a: Teflon Don|Dragon Tail|p2a: Blissey
|-damage|p2a: Blissey|391/714
|drag|p2a: Hippowdon|Hippowdon, F|181/420 tox
|
|-weather|Sandstorm|[upkeep]
|-damage|p1a: Teflon Don|290/386 par|[from] sandstorm
|-heal|p2a: Hippowdon|207/420 tox|[from] item: Leftovers
|-heal|p1a: Teflon Don|314/386 par|[from] item: Leftovers
|-damage|p2a: Hippowdon|181/420 tox|[from] psn
|turn|56
|
|move|p2a: Hippowdon|Slack Off|p2a: Hippowdon
|-heal|p2a: Hippowdon|391/420 tox
|move|p1a: Teflon Don|Dragon Tail|p2a: Hippowdon
|-damage|p2a: Hippowdon|339/420 tox
|drag|p2a: Skarmory|Skarmory, F|201/334 brn
|
|-weather|Sandstorm|[upkeep]
|-damage|p1a: Teflon Don|290/386 par|[from] sandstorm
|-heal|p2a: Skarmory|221/334 brn|[from] item: Leftovers
|-heal|p1a: Teflon Don|314/386 par|[from] item: Leftovers
|-damage|p2a: Skarmory|180/334 brn|[from] brn
|turn|57
|
|move|p1a: Teflon Don|Thunder|p2a: Skarmory
|-supereffective|p2a: Skarmory
|-damage|p2a: Skarmory|0 fnt
|faint|p2a: Skarmory
|
|-weather|Sandstorm|[upkeep]
|-damage|p1a: Teflon Don|290/386 par|[from] sandstorm
|-heal|p1a: Teflon Don|314/386 par|[from] item: Leftovers
|
|switch|p2a: Terrakion|Terrakion|324/324
|turn|58
|
|move|p2a: Terrakion|Stone Edge|p1a: Teflon Don
|-supereffective|p1a: Teflon Don
|-damage|p1a: Teflon Don|0 fnt
|-damage|p2a: Terrakion|292/324|[from] item: Life Orb
|faint|p1a: Teflon Don
|
|-weather|Sandstorm|[upkeep]
|
|switch|p1a: Mastermind|Quagsire, F|295/393
|-damage|p1a: Mastermind|197/393|[from] Spikes
|-damage|p1a: Mastermind|173/393|[from] Stealth Rock
|turn|59
|
|switch|p2a: Blissey|Blissey, F|391/714
|move|p1a: Mastermind|Earthquake|p2a: Blissey
|-damage|p2a: Blissey|214/714
|
|-weather|Sandstorm|[upkeep]
|-damage|p2a: Blissey|170/714|[from] sandstorm
|-heal|p2a: Blissey|214/714|[from] item: Leftovers
|-heal|p1a: Mastermind|197/393|[from] item: Leftovers
|turn|60
|
|move|p2a: Blissey|Soft-Boiled|p2a: Blissey
|-heal|p2a: Blissey|571/714
|move|p1a: Mastermind|Recover|p1a: Mastermind
|-heal|p1a: Mastermind|393/393
|
|-weather|Sandstorm|[upkeep]
|-damage|p2a: Blissey|527/714|[from] sandstorm
|-heal|p2a: Blissey|571/714|[from] item: Leftovers
|turn|61
|
|move|p2a: Blissey|Seismic Toss|p1a: Mastermind
|-damage|p1a: Mastermind|293/393
|move|p1a: Mastermind|Earthquake|p2a: Blissey
|-damage|p2a: Blissey|369/714
|
|-weather|Sandstorm|[upkeep]
|-damage|p2a: Blissey|325/714|[from] sandstorm
|-heal|p2a: Blissey|369/714|[from] item: Leftovers
|-heal|p1a: Mastermind|317/393|[from] item: Leftovers
|turn|62
|
|move|p2a: Blissey|Soft-Boiled|p2a: Blissey
|-heal|p2a: Blissey|714/714
|move|p1a: Mastermind|Toxic|p2a: Blissey
|-status|p2a: Blissey|tox
|
|-weather|Sandstorm|[upkeep]
|-damage|p2a: Blissey|670/714 tox|[from] sandstorm
|-heal|p2a: Blissey|714/714 tox|[from] item: Leftovers
|-heal|p1a: Mastermind|341/393|[from] item: Leftovers
|-damage|p2a: Blissey|670/714 tox|[from] psn
|turn|63
|
|switch|p2a: Hippowdon|Hippowdon, F|339/420 tox
|move|p1a: Mastermind|Earthquake|p2a: Hippowdon
|-damage|p2a: Hippowdon|267/420 tox
|
|-weather|Sandstorm|[upkeep]
|-heal|p2a: Hippowdon|293/420 tox|[from] item: Leftovers
|-heal|p1a: Mastermind|365/393|[from] item: Leftovers
|-damage|p2a: Hippowdon|267/420 tox|[from] psn
|turn|64
|
|move|p2a: Hippowdon|Toxic|p1a: Mastermind
|-status|p1a: Mastermind|tox
|move|p1a: Mastermind|Scald|p2a: Hippowdon
|-supereffective|p2a: Hippowdon
|-damage|p2a: Hippowdon|99/420 tox
|
|-weather|Sandstorm|[upkeep]
|-heal|p2a: Hippowdon|125/420 tox|[from] item: Leftovers
|-heal|p1a: Mastermind|389/393 tox|[from] item: Leftovers
|-damage|p2a: Hippowdon|73/420 tox|[from] psn
|-damage|p1a: Mastermind|365/393 tox|[from] psn
|turn|65
|
|move|p2a: Hippowdon|Slack Off|p2a: Hippowdon
|-heal|p2a: Hippowdon|283/420 tox
|move|p1a: Mastermind|Earthquake|p2a: Hippowdon
|-damage|p2a: Hippowdon|213/420 tox
|
|-weather|Sandstorm|[upkeep]
|-heal|p2a: Hippowdon|239/420 tox|[from] item: Leftovers
|-heal|p1a: Mastermind|389/393 tox|[from] item: Leftovers
|-damage|p2a: Hippowdon|161/420 tox|[from] psn
|-damage|p1a: Mastermind|341/393 tox|[from] psn
|turn|66
|
|move|p2a: Hippowdon|Slack Off|p2a: Hippowdon
|-heal|p2a: Hippowdon|371/420 tox
|move|p1a: Mastermind|Scald|p2a: Hippowdon
|-supereffective|p2a: Hippowdon
|-damage|p2a: Hippowdon|183/420 tox
|
|-weather|Sandstorm|[upkeep]
|-heal|p2a: Hippowdon|209/420 tox|[from] item: Leftovers
|-heal|p1a: Mastermind|365/393 tox|[from] item: Leftovers
|-damage|p2a: Hippowdon|105/420 tox|[from] psn
|-damage|p1a: Mastermind|293/393 tox|[from] psn
|turn|67
|
|move|p2a: Hippowdon|Slack Off|p2a: Hippowdon
|-heal|p2a: Hippowdon|315/420 tox
|move|p1a: Mastermind|Scald|p2a: Hippowdon
|-supereffective|p2a: Hippowdon
|-damage|p2a: Hippowdon|147/420 tox
|
|-weather|Sandstorm|[upkeep]
|-heal|p2a: Hippowdon|173/420 tox|[from] item: Leftovers
|-heal|p1a: Mastermind|317/393 tox|[from] item: Leftovers
|-damage|p2a: Hippowdon|43/420 tox|[from] psn
|-damage|p1a: Mastermind|221/393 tox|[from] psn
|turn|68
|
|move|p2a: Hippowdon|Earthquake|p1a: Mastermind
|-damage|p1a: Mastermind|113/393 tox
|move|p1a: Mastermind|Scald|p2a: Hippowdon
|-supereffective|p2a: Hippowdon
|-damage|p2a: Hippowdon|0 fnt
|faint|p2a: Hippowdon
|
|-weather|Sandstorm|[upkeep]
|-heal|p1a: Mastermind|137/393 tox|[from] item: Leftovers
|-damage|p1a: Mastermind|17/393 tox|[from] psn
|
|switch|p2a: Terrakion|Terrakion|292/324
|turn|69
|
|move|p2a: Terrakion|Earthquake|p1a: Mastermind
|-damage|p1a: Mastermind|0 fnt
|-damage|p2a: Terrakion|260/324|[from] item: Life Orb
|faint|p1a: Mastermind
|
|-weather|Sandstorm|[upkeep]
|
|switch|p1a: Port of Miami|Politoed, F|160/383
|-damage|p1a: Port of Miami|113/383|[from] Stealth Rock
|-damage|p1a: Port of Miami|18/383|[from] Spikes
|-weather|RainDance|[from] ability: Drizzle|[of] p1a: Port of Miami
|turn|70
|
|move|p2a: Terrakion|Earthquake|p1a: Port of Miami
|-damage|p1a: Port of Miami|0 fnt
|-damage|p2a: Terrakion|228/324|[from] item: Life Orb
|faint|p1a: Port of Miami
|
|-weather|RainDance|[upkeep]
|
|switch|p1a: GFID|Chansey, F|701/701
|-damage|p1a: GFID|614/701|[from] Stealth Rock
|-damage|p1a: GFID|439/701|[from] Spikes
|turn|71
|
|move|p2a: Terrakion|Close Combat|p1a: GFID
|-supereffective|p1a: GFID
|-damage|p1a: GFID|0 fnt
|-unboost|p2a: Terrakion|def|1
|-unboost|p2a: Terrakion|spd|1
|-damage|p2a: Terrakion|196/324|[from] item: Life Orb
|faint|p1a: GFID
|
|win|Pythagorean Python
|raw|Ladder updating...
|raw|coacoacream's rating: 1315 &rarr; <strong>1294</strong><br />(-21 for losing)
|raw|Pythagorean Python's rating: 1298 &rarr; <strong>1324</strong><br />(+26 for winning)
|leave|coacoacream
|player|p1