|uhtml|medal-msg|<div class="broadcast-blue">Curious what those medals under the avatar are? PS now has Ladder Seasons! For more information, check out the <a href="https://www.smogon.com/forums/threads/3740067/">thread on Smogon.</a></div>
|uhtml|medal-msg|<div class="broadcast-blue">Curious what those medals under the avatar are? PS now has Ladder Seasons! For more information, check out the <a href="https://www.smogon.com/forums/threads/3740067/">thread on Smogon.</a></div>
|j|☆Jellium
|j|☆snof2
|t:|1713902128
|gametype|singles
|player|p1|Jellium|scientist-gen4|1481
|player|p2|snof2|1|1437
|teamsize|p1|6
|teamsize|p2|6
|gen|5
|tier|[Gen 5] OU
|rated|
|rule|Species Clause: Limit one of each Pokémon
|rule|OHKO Clause: OHKO moves are banned
|rule|Moody Clause: Moody is banned
|rule|Evasion Items Clause: Evasion items are banned
|rule|Evasion Moves Clause: Evasion moves are banned
|rule|Endless Battle Clause: Forcing endless battles is banned
|rule|HP Percentage Mod: HP is shown in percentages
|rule|Evasion Abilities Clause: Evasion abilities are banned
|rule|Sleep Moves Clause: Sleep-inducing moves are banned
|rule|Swagger Clause: Swagger is banned
|rule|Baton Pass Stat Clause: No Baton Passer may have a way to boost its stats
|clearpoke
|poke|p1|Garchomp, F|item
|poke|p1|Volcarona, M|item
|poke|p1|Dragonite, M|item
|poke|p1|Breloom, M|item
|poke|p1|Starmie|item
|poke|p1|Scizor, F|item
|poke|p2|Politoed, F|item
|poke|p2|Ferrothorn, F|item
|poke|p2|Thundurus-Therian, M|item
|poke|p2|Latios, M|item
|poke|p2|Gengar, M|item
|poke|p2|Keldeo|item
|teampreview
|
|t:|1713902178
|start
|switch|p1a: Garchomp|Garchomp, F|100/100
|switch|p2a: Thundurus|Thundurus-Therian, M|100/100
|turn|1
|
|t:|1713902184
|move|p1a: Garchomp|Outrage|p2a: Thundurus
|-damage|p2a: Thundurus|21/100
|move|p2a: Thundurus|Hidden Power|p1a: Garchomp
|-supereffective|p1a: Garchomp
|-enditem|p1a: Garchomp|Focus Sash
|-damage|p1a: Garchomp|1/100
|
|-heal|p2a: Thundurus|27/100|[from] item: Leftovers
|upkeep
|turn|2
|
|t:|1713902187
|switch|p2a: Ferrothorn|Ferrothorn, F|100/100
|move|p1a: Garchomp|Outrage|p2a: Ferrothorn|[from]lockedmove
|-resisted|p2a: Ferrothorn
|-damage|p2a: Ferrothorn|76/100
|-damage|p1a: Garchomp|0 fnt|[from] ability: Iron Barbs|[of] p2a: Ferrothorn
|faint|p1a: Garchomp
|
|-heal|p2a: Ferrothorn|82/100|[from] item: Leftovers
|upkeep
|
|t:|1713902212
|switch|p1a: Volcarona|Volcarona, M|100/100
|turn|3
|
|t:|1713902217
|move|p1a: Volcarona|Quiver Dance|p1a: Volcarona
|-boost|p1a: Volcarona|spa|1
|-boost|p1a: Volcarona|spd|1
|-boost|p1a: Volcarona|spe|1
|move|p2a: Ferrothorn|Leech Seed|p1a: Volcarona
|-start|p1a: Volcarona|move: Leech Seed
|
|-heal|p2a: Ferrothorn|89/100|[from] item: Leftovers
|-damage|p1a: Volcarona|88/100|[from] Leech Seed|[of] p2a: Ferrothorn
|-heal|p2a: Ferrothorn|99/100|[silent]
|upkeep
|turn|4
|
|t:|1713902223
|switch|p2a: Politoed|Politoed, F|100/100
|-weather|RainDance|[from] ability: Drizzle|[of] p2a: Politoed
|move|p1a: Volcarona|Fire Blast|p2a: Politoed
|-resisted|p2a: Politoed
|-damage|p2a: Politoed|77/100
|-status|p2a: Politoed|brn
|
|-weather|RainDance|[upkeep]
|-heal|p2a: Politoed|83/100 brn|[from] item: Leftovers
|-damage|p1a: Volcarona|75/100|[from] Leech Seed|[of] p2a: Politoed
|-heal|p2a: Politoed|94/100 brn|[silent]
|-damage|p2a: Politoed|81/100 brn|[from] brn
|upkeep
|turn|5
|
|t:|1713902230
|move|p1a: Volcarona|Bug Buzz|p2a: Politoed
|-damage|p2a: Politoed|3/100 brn
|move|p2a: Politoed|Encore|p1a: Volcarona
|-start|p1a: Volcarona|Encore
|
|-weather|RainDance|[upkeep]
|-heal|p2a: Politoed|9/100 brn|[from] item: Leftovers
|-damage|p1a: Volcarona|63/100|[from] Leech Seed|[of] p2a: Politoed
|-heal|p2a: Politoed|20/100 brn|[silent]
|-damage|p2a: Politoed|8/100 brn|[from] brn
|upkeep
|turn|6
|
|t:|1713902242
|switch|p2a: Gengar|Gengar, M|100/100
|move|p1a: Volcarona|Bug Buzz|p2a: Gengar
|-resisted|p2a: Gengar
|-damage|p2a: Gengar|59/100
|
|-weather|RainDance|[upkeep]
|-heal|p2a: Gengar|65/100|[from] item: Black Sludge
|-damage|p1a: Volcarona|50/100|[from] Leech Seed|[of] p2a: Gengar
|-heal|p2a: Gengar|81/100|[silent]
|upkeep
|turn|7
|
|t:|1713902250
|move|p1a: Volcarona|Bug Buzz|p2a: Gengar
|-resisted|p2a: Gengar
|-damage|p2a: Gengar|43/100
|move|p2a: Gengar|Substitute|p2a: Gengar
|-start|p2a: Gengar|Substitute
|-damage|p2a: Gengar|18/100
|
|-weather|RainDance|[upkeep]
|-heal|p2a: Gengar|24/100|[from] item: Black Sludge
|-damage|p1a: Volcarona|38/100|[from] Leech Seed|[of] p2a: Gengar
|-heal|p2a: Gengar|40/100|[silent]
|upkeep
|turn|8
|
|t:|1713902255
|move|p1a: Volcarona|Bug Buzz|p2a: Gengar
|-resisted|p2a: Gengar
|-end|p2a: Gengar|Substitute
|move|p2a: Gengar|Shadow Ball|p1a: Volcarona
|-damage|p1a: Volcarona|10/100
|-unboost|p1a: Volcarona|spd|1
|
|-weather|RainDance|[upkeep]
|-heal|p2a: Gengar|46/100|[from] item: Black Sludge
|-damage|p1a: Volcarona|0 fnt|[from] Leech Seed|[of] p2a: Gengar
|-heal|p2a: Gengar|58/100|[silent]
|faint|p1a: Volcarona
|upkeep
|
|t:|1713902282
|switch|p1a: Scizor|Scizor, F|100/100
|turn|9
|
|t:|1713902289
|move|p2a: Gengar|Will-O-Wisp|p1a: Scizor
|-status|p1a: Scizor|brn
|move|p1a: Scizor|Swords Dance|p1a: Scizor
|-boost|p1a: Scizor|atk|2
|
|-weather|RainDance|[upkeep]
|-heal|p2a: Gengar|64/100|[from] item: Black Sludge
|-damage|p1a: Scizor|88/100 brn|[from] brn
|upkeep
|turn|10
|
|t:|1713902301
|switch|p2a: Politoed|Politoed, F|8/100 brn
|move|p1a: Scizor|Bullet Punch|p2a: Politoed
|-resisted|p2a: Politoed
|-damage|p2a: Politoed|0 fnt
|faint|p2a: Politoed
|-damage|p1a: Scizor|78/100 brn|[from] item: Life Orb
|
|-weather|RainDance|[upkeep]
|-damage|p1a: Scizor|66/100 brn|[from] brn
|upkeep
|
|t:|1713902310
|switch|p2a: Ferrothorn|Ferrothorn, F|99/100
|turn|11
|
|t:|1713902311
|move|p1a: Scizor|Superpower|p2a: Ferrothorn
|-supereffective|p2a: Ferrothorn
|-damage|p2a: Ferrothorn|8/100
|-unboost|p1a: Scizor|atk|1
|-unboost|p1a: Scizor|def|1
|-damage|p1a: Scizor|53/100 brn|[from] ability: Iron Barbs|[of] p2a: Ferrothorn
|-damage|p1a: Scizor|44/100 brn|[from] item: Life Orb
|move|p2a: Ferrothorn|Stealth Rock|p1a: Scizor
|-sidestart|p1: Jellium|move: Stealth Rock
|
|-weather|RainDance|[upkeep]
|-heal|p2a: Ferrothorn|14/100|[from] item: Leftovers
|-damage|p1a: Scizor|31/100 brn|[from] brn
|upkeep
|turn|12
|
|t:|1713902331
|move|p1a: Scizor|Superpower|p2a: Ferrothorn
|-supereffective|p2a: Ferrothorn
|-damage|p2a: Ferrothorn|0 fnt
|-unboost|p1a: Scizor|atk|1
|-unboost|p1a: Scizor|def|1
|-damage|p1a: Scizor|19/100 brn|[from] ability: Iron Barbs|[of] p2a: Ferrothorn
|faint|p2a: Ferrothorn
|-damage|p1a: Scizor|9/100 brn|[from] item: Life Orb
|
|-weather|RainDance|[upkeep]
|-damage|p1a: Scizor|0 fnt|[from] brn
|faint|p1a: Scizor
|upkeep
|
|t:|1713902381
|switch|p1a: Starmie|Starmie|100/100
|switch|p2a: Gengar|Gengar, M|64/100
|-damage|p1a: Starmie|88/100|[from] Stealth Rock
|-item|p1a: Starmie|Air Balloon
|turn|13
|j| twice ty
|
|t:|1713902416
|move|p1a: Starmie|Hydro Pump|p2a: Gengar
|-damage|p2a: Gengar|0 fnt
|faint|p2a: Gengar
|
|-weather|RainDance|[upkeep]
|upkeep
|
|t:|1713902418
|switch|p2a: Thundurus|Thundurus-Therian, M|27/100
|turn|14
|
|t:|1713902437
|move|p1a: Starmie|Ice Beam|p2a: Thundurus
|-supereffective|p2a: Thundurus
|-damage|p2a: Thundurus|0 fnt
|faint|p2a: Thundurus
|
|-weather|RainDance|[upkeep]
|upkeep
|
|t:|1713902453
|switch|p2a: Latios|Latios, M|100/100
|turn|15
|
|t:|1713902457
|move|p1a: Starmie|Rapid Spin|p2a: Latios
|-damage|p2a: Latios|95/100
|-sideend|p1: Jellium|Stealth Rock|[from] move: Rapid Spin|[of] p1a: Starmie
|move|p2a: Latios|Calm Mind|p2a: Latios
|-boost|p2a: Latios|spa|1
|-boost|p2a: Latios|spd|1
|
|-weather|RainDance|[upkeep]
|upkeep
|turn|16
|
|t:|1713902463
|move|p1a: Starmie|Ice Beam|p2a: Latios
|-supereffective|p2a: Latios
|-damage|p2a: Latios|57/100
|move|p2a: Latios|Calm Mind|p2a: Latios
|-boost|p2a: Latios|spa|1
|-boost|p2a: Latios|spd|1
|
|-weather|RainDance|[upkeep]
|upkeep
|turn|17
|
|t:|1713902466
|move|p1a: Starmie|Ice Beam|p2a: Latios
|-supereffective|p2a: Latios
|-damage|p2a: Latios|27/100
|move|p2a: Latios|Recover|p2a: Latios
|-heal|p2a: Latios|77/100
|
|-weather|RainDance|[upkeep]
|upkeep
|turn|18
|
|t:|1713902469
|move|p1a: Starmie|Ice Beam|p2a: Latios
|-supereffective|p2a: Latios
|-damage|p2a: Latios|49/100
|move|p2a: Latios|Calm Mind|p2a: Latios
|-boost|p2a: Latios|spa|1
|-boost|p2a: Latios|spd|1
|
|-weather|RainDance|[upkeep]
|upkeep
|turn|19
|
|t:|1713902471
|move|p1a: Starmie|Ice Beam|p2a: Latios
|-supereffective|p2a: Latios
|-damage|p2a: Latios|25/100
|move|p2a: Latios|Recover|p2a: Latios
|-heal|p2a: Latios|75/100
|
|-weather|RainDance|[upkeep]
|upkeep
|turn|20
|
|t:|1713902473
|move|p1a: Starmie|Ice Beam|p2a: Latios
|-supereffective|p2a: Latios
|-damage|p2a: Latios|51/100
|move|p2a: Latios|Recover|p2a: Latios
|-heal|p2a: Latios|100/100
|
|-weather|RainDance|[upkeep]
|upkeep
|turn|21
|
|t:|1713902479
|move|p1a: Starmie|Ice Beam|p2a: Latios
|-supereffective|p2a: Latios
|-damage|p2a: Latios|77/100
|move|p2a: Latios|Calm Mind|p2a: Latios
|-boost|p2a: Latios|spa|1
|-boost|p2a: Latios|spd|1
|
|-weather|RainDance|[upkeep]
|upkeep
|turn|22
|
|t:|1713902481
|move|p1a: Starmie|Ice Beam|p2a: Latios
|-supereffective|p2a: Latios
|-damage|p2a: Latios|59/100
|-status|p2a: Latios|frz
|cant|p2a: Latios|frz
|
|-weather|RainDance|[upkeep]
|upkeep
|turn|23
|
|t:|1713902484
|switch|p1a: Dragonite|Dragonite, M|100/100
|cant|p2a: Latios|frz
|
|-weather|RainDance|[upkeep]
|upkeep
|turn|24
|
|t:|1713902487
|cant|p2a: Latios|frz
|move|p1a: Dragonite|Dragon Dance|p1a: Dragonite
|-boost|p1a: Dragonite|atk|1
|-boost|p1a: Dragonite|spe|1
|
|-weather|RainDance|[upkeep]
|upkeep
|turn|25
|c|☆Jellium|yeah
|c|☆Jellium|that's why you can't go for full boost
|
|t:|1713902498
|move|p1a: Dragonite|Outrage|p2a: Latios
|-supereffective|p2a: Latios
|-damage|p2a: Latios|0 fnt
|faint|p2a: Latios
|
|-weather|RainDance|[upkeep]
|upkeep
|c|☆snof2|lil bro is so proud of himself lmao
|c|☆Jellium|other possibility was crit, 1/16 + 1/10 chance per CM/recover
|c|☆snof2|i wasnt going for full boost i was going for +4 because thats the math i needed to win with 3 dracos
|c|☆snof2|but thanks for the lecture
|-message|snof2 forfeited.
|
|win|Jellium
|raw|Jellium's rating: 1481 &rarr; <strong>1498</strong><br />(+17 for winning)
|raw|snof2's rating: 1437 &rarr; <strong>1420</strong><br />(-17 for losing)
|l|☆snof2
|player|p2|
