|j|☆HydreigonSpammer
|j|☆Bkcheese
|t:|1736565889
|gametype|singles
|player|p1|HydreigonSpammer|iris|1430
|player|p2|Bkcheese|1|1398
|teamsize|p1|6
|teamsize|p2|6
|gen|5
|tier|[Gen 5] OU
|rated|
|rule|Species Clause: Limit one of each Pokémon
|rule|OHKO Clause: OHKO moves are banned
|rule|Moody Clause: Moody is banned
|rule|Evasion Items Clause: Evasion items are banned
|rule|Evasion Moves Clause: Evasion moves are banned
|rule|Endless Battle Clause: Forcing endless battles is banned
|rule|HP Percentage Mod: HP is shown in percentages
|rule|Evasion Abilities Clause: Evasion abilities are banned
|rule|Sleep Moves Clause: Sleep-inducing moves are banned
|rule|Swagger Clause: Swagger is banned
|rule|Baton Pass Stat Clause: No Baton Passer may have a way to boost its stats
|clearpoke
|poke|p1|Tyranitar, M|item
|poke|p1|Landorus-Therian, M|item
|poke|p1|Garchomp, M|item
|poke|p1|Latios, M|item
|poke|p1|Jirachi|item
|poke|p1|Hydreigon, F|item
|poke|p2|Gyarados, F|item
|poke|p2|Politoed, F|item
|poke|p2|Alakazam, M|item
|poke|p2|Ferrothorn, M|item
|poke|p2|Latios, M|item
|poke|p2|Excadrill, M|item
|teampreview
|inactive|Battle timer is ON: inactive players will automatically lose when time's up. (requested by Bkcheese)
|
|t:|1736565992
|start
|switch|p1a: Latios|Latios, M|100/100
|switch|p2a: Politoed|Politoed, F|100/100
|-weather|RainDance|[from] ability: Drizzle|[of] p2a: Politoed
|turn|1
|inactive|HydreigonSpammer has 120 seconds left.
|inactive|HydreigonSpammer has 90 seconds left.
|
|t:|1736566053
|switch|p2a: Ferrothorn|Ferrothorn, M|100/100
|move|p1a: Latios|Draco Meteor|p2a: Ferrothorn
|-resisted|p2a: Ferrothorn
|-damage|p2a: Ferrothorn|61/100
|-unboost|p1a: Latios|spa|2
|
|-weather|RainDance|[upkeep]
|-heal|p2a: Ferrothorn|67/100|[from] item: Leftovers
|upkeep
|turn|2
|inactive|HydreigonSpammer has 90 seconds left.
|
|t:|1736566071
|switch|p1a: Garchomp|Garchomp, M|100/100
|move|p2a: Ferrothorn|Stealth Rock|p1a: Garchomp
|-sidestart|p1: HydreigonSpammer|move: Stealth Rock
|
|-weather|RainDance|[upkeep]
|-heal|p2a: Ferrothorn|73/100|[from] item: Leftovers
|upkeep
|turn|3
|
|t:|1736566077
|move|p1a: Garchomp|Stealth Rock|p2a: Ferrothorn
|-sidestart|p2: Bkcheese|move: Stealth Rock
|move|p2a: Ferrothorn|Spikes|p1a: Garchomp
|-sidestart|p1: HydreigonSpammer|Spikes
|
|-weather|RainDance|[upkeep]
|-heal|p2a: Ferrothorn|79/100|[from] item: Leftovers
|upkeep
|turn|4
|j| gtsmncn
|
|t:|1736566083
|switch|p1a: Latios|Latios, M|100/100
|-damage|p1a: Latios|88/100|[from] Stealth Rock
|move|p2a: Ferrothorn|Endeavor|p1a: Latios
|-immune|p1a: Latios
|
|-weather|RainDance|[upkeep]
|-heal|p2a: Ferrothorn|85/100|[from] item: Leftovers
|upkeep
|turn|5
|
|t:|1736566090
|move|p1a: Latios|Trick|p2a: Ferrothorn
|-activate|p1a: Latios|move: Trick|[of] p2a: Ferrothorn
|-item|p2a: Ferrothorn|Choice Specs|[from] move: Trick
|-item|p1a: Latios|Leftovers|[from] move: Trick
|move|p2a: Ferrothorn|Spikes|p1a: Latios
|-sidestart|p1: HydreigonSpammer|Spikes
|
|-weather|RainDance|[upkeep]
|-heal|p1a: Latios|94/100|[from] item: Leftovers
|upkeep
|turn|6
|
|t:|1736566096
|move|p1a: Latios|Surf|p2a: Ferrothorn
|-resisted|p2a: Ferrothorn
|-damage|p2a: Ferrothorn|69/100
|move|p2a: Ferrothorn|Spikes|p1a: Latios
|-sidestart|p1: HydreigonSpammer|Spikes
|
|-weather|RainDance|[upkeep]
|-heal|p1a: Latios|99/100|[from] item: Leftovers
|upkeep
|turn|7
|
|t:|1736566101
|move|p1a: Latios|Psyshock|p2a: Ferrothorn
|-resisted|p2a: Ferrothorn
|-damage|p2a: Ferrothorn|53/100
|move|p2a: Ferrothorn|Spikes||[still]
|-fail|p2a: Ferrothorn
|
|-weather|RainDance|[upkeep]
|-heal|p1a: Latios|100/100|[from] item: Leftovers
|upkeep
|turn|8
|inactive|HydreigonSpammer has 120 seconds left.
|
|t:|1736566112
|move|p1a: Latios|Draco Meteor|p2a: Ferrothorn
|-resisted|p2a: Ferrothorn
|-damage|p2a: Ferrothorn|26/100
|-unboost|p1a: Latios|spa|2
|move|p2a: Ferrothorn|Spikes||[still]
|-fail|p2a: Ferrothorn
|
|-weather|RainDance|[upkeep]
|upkeep
|turn|9
|inactive|HydreigonSpammer has 120 seconds left.
|
|t:|1736566122
|switch|p1a: Landorus|Landorus-Therian, M|100/100
|-damage|p1a: Landorus|88/100|[from] Stealth Rock
|-ability|p1a: Landorus|Intimidate|boost
|-unboost|p2a: Ferrothorn|atk|1
|move|p2a: Ferrothorn|Spikes||[still]
|-fail|p2a: Ferrothorn
|
|-weather|RainDance|[upkeep]
|upkeep
|turn|10
|
|t:|1736566129
|move|p1a: Landorus|Earthquake|p2a: Ferrothorn
|-damage|p2a: Ferrothorn|0 fnt
|faint|p2a: Ferrothorn
|
|-weather|RainDance|[upkeep]
|upkeep
|
|t:|1736566135
|switch|p2a: Gyarados|Gyarados, F|100/100
|-damage|p2a: Gyarados|76/100|[from] Stealth Rock
|turn|11
|
|t:|1736566145
|switch|p1a: Hydreigon|Hydreigon, F, shiny|100/100
|-damage|p1a: Hydreigon|88/100|[from] Stealth Rock
|move|p2a: Gyarados|Waterfall|p1a: Hydreigon
|-resisted|p1a: Hydreigon
|-damage|p1a: Hydreigon|53/100
|
|-weather|RainDance|[upkeep]
|-heal|p1a: Hydreigon|59/100|[from] item: Leftovers
|upkeep
|turn|12
|
|t:|1736566155
|move|p2a: Gyarados|Waterfall|p1a: Hydreigon
|-resisted|p1a: Hydreigon
|-damage|p1a: Hydreigon|22/100
|move|p1a: Hydreigon|Dark Pulse|p2a: Gyarados
|-damage|p2a: Gyarados|37/100
|
|-weather|RainDance|[upkeep]
|-heal|p1a: Hydreigon|29/100|[from] item: Leftovers
|upkeep
|turn|13
|
|t:|1736566167
|move|p2a: Gyarados|Waterfall|p1a: Hydreigon
|-resisted|p1a: Hydreigon
|-crit|p1a: Hydreigon
|-damage|p1a: Hydreigon|0 fnt
|faint|p1a: Hydreigon
|-ability|p2a: Gyarados|Moxie|boost
|-boost|p2a: Gyarados|atk|1
|
|-weather|RainDance|[upkeep]
|upkeep
|
|t:|1736566183
|switch|p1a: Garchomp|Garchomp, M|100/100
|-damage|p1a: Garchomp|94/100|[from] Stealth Rock
|-damage|p1a: Garchomp|69/100|[from] Spikes
|turn|14
|
|t:|1736566189
|move|p1a: Garchomp|Dragon Claw|p2a: Gyarados
|-damage|p2a: Gyarados|0 fnt
|faint|p2a: Gyarados
|
|-weather|RainDance|[upkeep]
|upkeep
|
|t:|1736566193
|switch|p2a: Politoed|Politoed, F|100/100
|-damage|p2a: Politoed|88/100|[from] Stealth Rock
|turn|15
|
|t:|1736566202
|switch|p1a: Latios|Latios, M|100/100
|-damage|p1a: Latios|88/100|[from] Stealth Rock
|move|p2a: Politoed|Scald|p1a: Latios
|-resisted|p1a: Latios
|-damage|p1a: Latios|45/100
|
|-weather|RainDance|[upkeep]
|-heal|p1a: Latios|50/100|[from] item: Leftovers
|upkeep
|turn|16
|
|t:|1736566215
|switch|p2a: Excadrill|Excadrill, M|100/100
|-damage|p2a: Excadrill|97/100|[from] Stealth Rock
|-ability|p2a: Excadrill|Mold Breaker
|move|p1a: Latios|Psyshock|p2a: Excadrill
|-resisted|p2a: Excadrill
|-damage|p2a: Excadrill|68/100
|
|-weather|RainDance|[upkeep]
|-heal|p1a: Latios|56/100|[from] item: Leftovers
|upkeep
|turn|17
|
|t:|1736566231
|switch|p1a: Landorus|Landorus-Therian, M|88/100
|-damage|p1a: Landorus|76/100|[from] Stealth Rock
|-ability|p1a: Landorus|Intimidate|boost
|-unboost|p2a: Excadrill|atk|1
|move|p2a: Excadrill|Iron Head|p1a: Landorus
|-damage|p1a: Landorus|38/100
|
|-weather|RainDance|[upkeep]
|upkeep
|turn|18
|
|t:|1736566247
|move|p1a: Landorus|Earthquake|p2a: Excadrill
|-supereffective|p2a: Excadrill
|-damage|p2a: Excadrill|0 fnt
|faint|p2a: Excadrill
|
|-weather|RainDance|[upkeep]
|upkeep
|
|t:|1736566253
|switch|p2a: Latios|Latios, M|100/100
|-damage|p2a: Latios|88/100|[from] Stealth Rock
|turn|19
|
|t:|1736566270
|switch|p1a: Latios|Latios, M|56/100
|-damage|p1a: Latios|44/100|[from] Stealth Rock
|move|p2a: Latios|Surf|p1a: Latios
|-resisted|p1a: Latios
|-damage|p1a: Latios|17/100
|
|-weather|RainDance|[upkeep]
|-heal|p1a: Latios|23/100|[from] item: Leftovers
|upkeep
|turn|20
|
|t:|1736566284
|move|p2a: Latios|Surf|p1a: Latios
|-resisted|p1a: Latios
|-damage|p1a: Latios|0 fnt
|faint|p1a: Latios
|
|-weather|RainDance|[upkeep]
|upkeep
|
|t:|1736566291
|switch|p1a: Tyranitar|Tyranitar, M|100/100
|-damage|p1a: Tyranitar|88/100|[from] Stealth Rock
|-damage|p1a: Tyranitar|63/100|[from] Spikes
|-weather|Sandstorm|[from] ability: Sand Stream|[of] p1a: Tyranitar
|turn|21
|
|t:|1736566296
|move|p2a: Latios|Surf|p1a: Tyranitar
|-supereffective|p1a: Tyranitar
|-crit|p1a: Tyranitar
|-damage|p1a: Tyranitar|6/100
|move|p1a: Tyranitar|Crunch|p2a: Latios
|-supereffective|p2a: Latios
|-damage|p2a: Latios|0 fnt
|faint|p2a: Latios
|
|-weather|Sandstorm|[upkeep]
|upkeep
|
|t:|1736566307
|switch|p2a: Politoed|Politoed, F|88/100
|-damage|p2a: Politoed|76/100|[from] Stealth Rock
|-weather|RainDance|[from] ability: Drizzle|[of] p2a: Politoed
|turn|22
|
|t:|1736566313
|move|p2a: Politoed|Scald|p1a: Tyranitar
|-supereffective|p1a: Tyranitar
|-damage|p1a: Tyranitar|0 fnt
|faint|p1a: Tyranitar
|
|-weather|RainDance|[upkeep]
|upkeep
|
|t:|1736566322
|switch|p1a: Landorus|Landorus-Therian, M|38/100
|-damage|p1a: Landorus|26/100|[from] Stealth Rock
|-ability|p1a: Landorus|Intimidate|boost
|-unboost|p2a: Politoed|atk|1
|turn|23
|
|t:|1736566324
|move|p1a: Landorus|Earthquake|p2a: Politoed
|-crit|p2a: Politoed
|-damage|p2a: Politoed|0 fnt
|faint|p2a: Politoed
|
|-weather|RainDance|[upkeep]
|upkeep
|
|t:|1736566326
|switch|p2a: Alakazam|Alakazam, M|100/100
|turn|24
|c|☆HydreigonSpammer|gg
|
|t:|1736566332
|move|p1a: Landorus|Earthquake|p2a: Alakazam
|-enditem|p2a: Alakazam|Focus Sash
|-damage|p2a: Alakazam|1/100
|move|p2a: Alakazam|Hidden Power|p1a: Landorus
|-supereffective|p1a: Landorus
|-damage|p1a: Landorus|0 fnt
|faint|p1a: Landorus
|
|-weather|RainDance|[upkeep]
|upkeep
|
|t:|1736566334
|switch|p1a: Garchomp|Garchomp, M|69/100
|-damage|p1a: Garchomp|63/100|[from] Stealth Rock
|-damage|p1a: Garchomp|38/100|[from] Spikes
|turn|25
|
|t:|1736566336
|move|p1a: Garchomp|Earthquake|p2a: Alakazam
|-damage|p2a: Alakazam|0 fnt
|faint|p2a: Alakazam
|
|win|HydreigonSpammer
|raw|HydreigonSpammer's rating: 1430 &rarr; <strong>1448</strong><br />(+18 for winning)
|raw|Bkcheese's rating: 1398 &rarr; <strong>1380</strong><br />(-18 for losing)
