|uhtml|medal-msg|<div class="broadcast-blue">Curious what those medals under the avatar are? PS now has Ladder Seasons! For more information, check out the <a href="https://www.smogon.com/forums/threads/3740067/">thread on Smogon.</a></div>
|uhtml|medal-msg|<div class="broadcast-blue">Curious what those medals under the avatar are? PS now has Ladder Seasons! For more information, check out the <a href="https://www.smogon.com/forums/threads/3740067/">thread on Smogon.</a></div>
|j|☆WeR#4Hay!
|j|☆leoperi99
|t:|1712523725
|gametype|singles
|player|p1|WeR#4Hay!|169|1483
|player|p2|leoperi99|juggler-gen2|1448
|teamsize|p1|6
|teamsize|p2|6
|gen|5
|tier|[Gen 5] OU
|rated|
|rule|Species Clause: Limit one of each Pokémon
|rule|OHKO Clause: OHKO moves are banned
|rule|Moody Clause: Moody is banned
|rule|Evasion Items Clause: Evasion items are banned
|rule|Evasion Moves Clause: Evasion moves are banned
|rule|Endless Battle Clause: Forcing endless battles is banned
|rule|HP Percentage Mod: HP is shown in percentages
|rule|Evasion Abilities Clause: Evasion abilities are banned
|rule|Sleep Moves Clause: Sleep-inducing moves are banned
|rule|Swagger Clause: Swagger is banned
|rule|Baton Pass Stat Clause: No Baton Passer may have a way to boost its stats
|clearpoke
|poke|p1|Tyranitar, F|item
|poke|p1|Keldeo-Resolute|item
|poke|p1|Latios, M|item
|poke|p1|Landorus-Therian, M|item
|poke|p1|Clefable, F|item
|poke|p1|Ferrothorn, M|item
|poke|p2|Meloetta|item
|poke|p2|Celebi|item
|poke|p2|Skarmory, M|item
|poke|p2|Tyranitar, F|item
|poke|p2|Landorus-Therian, M|item
|poke|p2|Excadrill, M|item
|teampreview
|inactive|Battle timer is ON: inactive players will automatically lose when time's up. (requested by leoperi99)
|
|t:|1712523746
|start
|switch|p1a: Mia Goth|Clefable, F|100/100
|switch|p2a: KingLion-Therian|Landorus-Therian, M, shiny|100/100
|-ability|p2a: KingLion-Therian|Intimidate|boost
|-unboost|p1a: Mia Goth|atk|1
|turn|1
|
|t:|1712523756
|switch|p1a: Alfred Molina|Ferrothorn, M|100/100
|move|p2a: KingLion-Therian|U-turn|p1a: Alfred Molina
|-damage|p1a: Alfred Molina|85/100
|-damage|p2a: KingLion-Therian|88/100|[from] ability: Iron Barbs|[of] p1a: Alfred Molina
|
|t:|1712523770
|switch|p2a: Celeblissey|Celebi|100/100|[from] U-turn
|
|-heal|p1a: Alfred Molina|91/100|[from] item: Leftovers
|upkeep
|turn|2
|
|t:|1712523775
|switch|p1a: DaVineJoyRandolph|Tyranitar, F|100/100
|-weather|Sandstorm|[from] ability: Sand Stream|[of] p1a: DaVineJoyRandolph
|move|p2a: Celeblissey|Stealth Rock|p1a: DaVineJoyRandolph
|-sidestart|p1: WeR#4Hay!|move: Stealth Rock
|
|-weather|Sandstorm|[upkeep]
|-damage|p2a: Celeblissey|94/100|[from] Sandstorm
|-heal|p2a: Celeblissey|100/100|[from] item: Leftovers
|upkeep
|turn|3
|
|t:|1712523784
|-activate|p2a: Celeblissey|move: Pursuit
|move|p1a: DaVineJoyRandolph|Pursuit|p2a: Celeblissey|[from]Pursuit
|-supereffective|p2a: Celeblissey
|-damage|p2a: Celeblissey|27/100
|switch|p2a: KingLion-Therian|Landorus-Therian, M, shiny|88/100
|-ability|p2a: KingLion-Therian|Intimidate|boost
|-unboost|p1a: DaVineJoyRandolph|atk|1
|
|-weather|Sandstorm|[upkeep]
|upkeep
|turn|4
|
|t:|1712523793
|switch|p1a: Simon Pegg|Landorus-Therian, M|100/100
|-damage|p1a: Simon Pegg|88/100|[from] Stealth Rock
|-ability|p1a: Simon Pegg|Intimidate|boost
|-unboost|p2a: KingLion-Therian|atk|1
|move|p2a: KingLion-Therian|U-turn|p1a: Simon Pegg
|-resisted|p1a: Simon Pegg
|-damage|p1a: Simon Pegg|80/100
|
|t:|1712523797
|switch|p2a: Ferrothorn.|Skarmory, M, shiny|100/100|[from] U-turn
|
|-weather|Sandstorm|[upkeep]
|upkeep
|turn|5
|
|t:|1712523800
|move|p1a: Simon Pegg|U-turn|p2a: Ferrothorn.
|-resisted|p2a: Ferrothorn.
|-damage|p2a: Ferrothorn.|97/100
|
|t:|1712523804
|switch|p1a: Mia Goth|Clefable, F|100/100|[from] U-turn
|move|p2a: Ferrothorn.|Spikes|p1a: Mia Goth
|-sidestart|p1: WeR#4Hay!|Spikes
|
|-weather|Sandstorm|[upkeep]
|-heal|p2a: Ferrothorn.|100/100|[from] item: Leftovers
|upkeep
|turn|6
|
|t:|1712523808
|switch|p2a: Celeblissey|Celebi|27/100
|move|p1a: Mia Goth|Flamethrower|p2a: Celeblissey
|-supereffective|p2a: Celeblissey
|-damage|p2a: Celeblissey|5/100
|
|-weather|Sandstorm|[upkeep]
|-damage|p2a: Celeblissey|0 fnt|[from] Sandstorm
|faint|p2a: Celeblissey
|upkeep
|
|t:|1712523813
|switch|p2a: Whats ur fav song|Meloetta|100/100
|turn|7
|
|t:|1712523828
|switch|p1a: Simon Pegg|Landorus-Therian, M|80/100
|-damage|p1a: Simon Pegg|68/100|[from] Stealth Rock
|-ability|p1a: Simon Pegg|Intimidate|boost
|-unboost|p2a: Whats ur fav song|atk|1
|move|p2a: Whats ur fav song|Relic Song|p1a: Simon Pegg
|-crit|p1a: Simon Pegg
|-damage|p1a: Simon Pegg|0 fnt
|faint|p1a: Simon Pegg
|-formechange|p2a: Whats ur fav song|Meloetta-Pirouette|[msg]
|
|-weather|Sandstorm|[upkeep]
|-damage|p2a: Whats ur fav song|94/100|[from] Sandstorm
|-heal|p2a: Whats ur fav song|100/100|[from] item: Leftovers
|upkeep
|inactive|WeR#4Hay! has 120 seconds left.
|
|t:|1712523853
|switch|p1a: Alfred Molina|Ferrothorn, M|91/100
|-damage|p1a: Alfred Molina|85/100|[from] Stealth Rock
|-damage|p1a: Alfred Molina|72/100|[from] Spikes
|turn|8
|inactive|WeR#4Hay! has 120 seconds left.
|
|t:|1712523859
|move|p2a: Whats ur fav song|Close Combat|p1a: Alfred Molina
|-supereffective|p1a: Alfred Molina
|-damage|p1a: Alfred Molina|21/100
|-unboost|p2a: Whats ur fav song|def|1
|-unboost|p2a: Whats ur fav song|spd|1
|-damage|p2a: Whats ur fav song|88/100|[from] ability: Iron Barbs|[of] p1a: Alfred Molina
|move|p1a: Alfred Molina|Spikes|p2a: Whats ur fav song
|-sidestart|p2: leoperi99|Spikes
|
|-weather|Sandstorm|[upkeep]
|-damage|p2a: Whats ur fav song|82/100|[from] Sandstorm
|-heal|p2a: Whats ur fav song|88/100|[from] item: Leftovers
|-heal|p1a: Alfred Molina|27/100|[from] item: Leftovers
|upkeep
|turn|9
|inactive|WeR#4Hay! has 120 seconds left.
|
|t:|1712523876
|switch|p2a: You know the drill|Excadrill, M|100/100
|-damage|p2a: You know the drill|88/100|[from] Spikes
|move|p1a: Alfred Molina|Knock Off|p2a: You know the drill
|-resisted|p2a: You know the drill
|-damage|p2a: You know the drill|85/100
|-enditem|p2a: You know the drill|Leftovers|[from] move: Knock Off|[of] p1a: Alfred Molina
|
|-weather|Sandstorm|[upkeep]
|-heal|p1a: Alfred Molina|34/100|[from] item: Leftovers
|upkeep
|turn|10
|inactive|WeR#4Hay! has 120 seconds left.
|
|t:|1712523888
|move|p2a: You know the drill|Rapid Spin|p1a: Alfred Molina
|-resisted|p1a: Alfred Molina
|-damage|p1a: Alfred Molina|31/100
|-damage|p2a: You know the drill|73/100|[from] ability: Iron Barbs|[of] p1a: Alfred Molina
|-sideend|p2: leoperi99|Spikes|[from] move: Rapid Spin|[of] p2a: You know the drill
|move|p1a: Alfred Molina|Stealth Rock|p2a: You know the drill
|-sidestart|p2: leoperi99|move: Stealth Rock
|
|-weather|Sandstorm|[upkeep]
|-heal|p1a: Alfred Molina|38/100|[from] item: Leftovers
|upkeep
|turn|11
|
|t:|1712523894
|move|p2a: You know the drill|Rapid Spin|p1a: Alfred Molina
|-resisted|p1a: Alfred Molina
|-damage|p1a: Alfred Molina|35/100
|-damage|p2a: You know the drill|60/100|[from] ability: Iron Barbs|[of] p1a: Alfred Molina
|-sideend|p2: leoperi99|Stealth Rock|[from] move: Rapid Spin|[of] p2a: You know the drill
|move|p1a: Alfred Molina|Stealth Rock|p2a: You know the drill
|-sidestart|p2: leoperi99|move: Stealth Rock
|
|-weather|Sandstorm|[upkeep]
|-heal|p1a: Alfred Molina|41/100|[from] item: Leftovers
|upkeep
|turn|12
|
|t:|1712523900
|move|p2a: You know the drill|Rapid Spin|p1a: Alfred Molina
|-resisted|p1a: Alfred Molina
|-damage|p1a: Alfred Molina|39/100
|-damage|p2a: You know the drill|48/100|[from] ability: Iron Barbs|[of] p1a: Alfred Molina
|-sideend|p2: leoperi99|Stealth Rock|[from] move: Rapid Spin|[of] p2a: You know the drill
|move|p1a: Alfred Molina|Power Whip|p2a: You know the drill
|-damage|p2a: You know the drill|0 fnt
|faint|p2a: You know the drill
|
|-weather|Sandstorm|[upkeep]
|-heal|p1a: Alfred Molina|45/100|[from] item: Leftovers
|upkeep
|
|t:|1712523903
|switch|p2a: Psychics Please :)|Tyranitar, F, shiny|100/100
|turn|13
|inactive|WeR#4Hay! has 120 seconds left.
|
|t:|1712523931
|move|p2a: Psychics Please :)|Fire Blast|p1a: Alfred Molina
|-supereffective|p1a: Alfred Molina
|-damage|p1a: Alfred Molina|0 fnt
|faint|p1a: Alfred Molina
|
|-weather|Sandstorm|[upkeep]
|upkeep
|
|t:|1712523933
|switch|p1a: Butterscotch|Keldeo-Resolute|100/100
|-damage|p1a: Butterscotch|94/100|[from] Stealth Rock
|-damage|p1a: Butterscotch|82/100|[from] Spikes
|turn|14
|j|+Marshmallon
|
|t:|1712523943
|switch|p2a: Ferrothorn.|Skarmory, M, shiny|100/100
|move|p1a: Butterscotch|Hydro Pump|p2a: Ferrothorn.
|-damage|p2a: Ferrothorn.|16/100
|
|-weather|Sandstorm|[upkeep]
|-damage|p1a: Butterscotch|76/100|[from] Sandstorm
|-heal|p1a: Butterscotch|82/100|[from] item: Leftovers
|-heal|p2a: Ferrothorn.|22/100|[from] item: Leftovers
|upkeep
|turn|15
|
|t:|1712523949
|move|p1a: Butterscotch|Scald|p2a: Ferrothorn.
|-damage|p2a: Ferrothorn.|0 fnt
|faint|p2a: Ferrothorn.
|
|-weather|Sandstorm|[upkeep]
|-damage|p1a: Butterscotch|76/100|[from] Sandstorm
|-heal|p1a: Butterscotch|82/100|[from] item: Leftovers
|upkeep
|
|t:|1712523951
|switch|p2a: Whats ur fav song|Meloetta|88/100
|turn|16
|
|t:|1712523954
|move|p1a: Butterscotch|Hydro Pump|p2a: Whats ur fav song|[miss]
|-miss|p1a: Butterscotch|p2a: Whats ur fav song
|move|p2a: Whats ur fav song|Relic Song|p1a: Butterscotch
|-damage|p1a: Butterscotch|48/100
|-formechange|p2a: Whats ur fav song|Meloetta-Pirouette|[msg]
|
|-weather|Sandstorm|[upkeep]
|-damage|p2a: Whats ur fav song|82/100|[from] Sandstorm
|-damage|p1a: Butterscotch|42/100|[from] Sandstorm
|-heal|p2a: Whats ur fav song|88/100|[from] item: Leftovers
|-heal|p1a: Butterscotch|48/100|[from] item: Leftovers
|upkeep
|turn|17
|c|☆WeR#4Hay!|fuck...
|inactive|WeR#4Hay! has 120 seconds left.
|c|☆leoperi99|lets dance
|c|☆WeR#4Hay!|Fighting Meloetta is so fast
|c|☆leoperi99|ikr
|c|☆WeR#4Hay!|I can't help but wonder why it isn't used more
|c|☆WeR#4Hay!|my team is weak asf to it, lol
|c|☆leoperi99|its a hard mon
|inactive|WeR#4Hay! has 90 seconds left.
|c|☆leoperi99|to make work
|
|t:|1712524024
|switch|p1a: Mia Goth|Clefable, F|100/100
|move|p2a: Whats ur fav song|Close Combat|p1a: Mia Goth
|-supereffective|p1a: Mia Goth
|-damage|p1a: Mia Goth|0 fnt
|-unboost|p2a: Whats ur fav song|def|1
|-unboost|p2a: Whats ur fav song|spd|1
|faint|p1a: Mia Goth
|
|-weather|Sandstorm|[upkeep]
|-damage|p2a: Whats ur fav song|82/100|[from] Sandstorm
|-heal|p2a: Whats ur fav song|88/100|[from] item: Leftovers
|upkeep
|c|☆leoperi99|but also has good defensive profile
|
|t:|1712524041
|switch|p1a: Duncan Wedderburn|Latios, M|100/100
|-damage|p1a: Duncan Wedderburn|88/100|[from] Stealth Rock
|turn|18
|c|☆leoperi99|before transforming
|
|t:|1712524071
|move|p2a: Whats ur fav song|U-turn|p1a: Duncan Wedderburn
|-supereffective|p1a: Duncan Wedderburn
|-damage|p1a: Duncan Wedderburn|22/100
|
|t:|1712524074
|switch|p2a: Psychics Please :)|Tyranitar, F, shiny|100/100|[from] U-turn
|move|p1a: Duncan Wedderburn|Surf|p2a: Psychics Please :)
|-supereffective|p2a: Psychics Please :)
|-damage|p2a: Psychics Please :)|55/100
|
|-weather|Sandstorm|[upkeep]
|-damage|p1a: Duncan Wedderburn|16/100|[from] Sandstorm
|upkeep
|turn|19
|
|t:|1712524078
|move|p1a: Duncan Wedderburn|Surf|p2a: Psychics Please :)
|-supereffective|p2a: Psychics Please :)
|-damage|p2a: Psychics Please :)|9/100
|move|p2a: Psychics Please :)|Pursuit|p1a: Duncan Wedderburn
|-supereffective|p1a: Duncan Wedderburn
|-crit|p1a: Duncan Wedderburn
|-damage|p1a: Duncan Wedderburn|0 fnt
|faint|p1a: Duncan Wedderburn
|
|-weather|Sandstorm|[upkeep]
|upkeep
|inactive|WeR#4Hay! has 90 seconds left.
|
|t:|1712524091
|switch|p1a: DaVineJoyRandolph|Tyranitar, F|100/100
|-damage|p1a: DaVineJoyRandolph|88/100|[from] Stealth Rock
|-damage|p1a: DaVineJoyRandolph|76/100|[from] Spikes
|turn|20
|
|t:|1712524094
|move|p1a: DaVineJoyRandolph|Pursuit|p2a: Psychics Please :)
|-resisted|p2a: Psychics Please :)
|-damage|p2a: Psychics Please :)|1/100
|move|p2a: Psychics Please :)|Crunch|p1a: DaVineJoyRandolph
|-resisted|p1a: DaVineJoyRandolph
|-damage|p1a: DaVineJoyRandolph|62/100
|
|-weather|Sandstorm|[upkeep]
|upkeep
|turn|21
|-message|WeR#4Hay! forfeited.
|
|win|leoperi99
|raw|WeR#4Hay!'s rating: 1483 &rarr; <strong>1461</strong><br />(-22 for losing)
|raw|leoperi99's rating: 1448 &rarr; <strong>1470</strong><br />(+22 for winning)
|l|☆WeR#4Hay!
|player|p1|
|c|☆leoperi99|gg
