|j|☆Bearded FOUGE
|j|☆refsunpersons
|player|p1|Bearded FOUGE|274
|player|p2|refsunpersons|123
|teamsize|p1|6
|teamsize|p2|6
|gametype|singles
|gen|5
|tier|[Gen 5] OU
|rated|
|rule|Sleep Clause Mod: Limit one foe put to sleep
|rule|Species Clause: Limit one of each Pokémon
|rule|OHKO Clause: OHKO moves are banned
|rule|Moody Clause: Moody is banned
|rule|Evasion Moves Clause: Evasion moves are banned
|rule|Endless Battle Clause: Forcing endless battles is banned
|rule|HP Percentage Mod: HP is shown in percentages
|rule|Evasion Abilities Clause: Evasion abilities are banned
|rule|Baton Pass Clause: Limit one Baton Passer, can't pass Spe and other stats simultaneously
|rule|Swagger Clause: Swagger is banned
|clearpoke
|poke|p1|Tyranitar, M|item
|poke|p1|Excadrill, M|item
|poke|p1|Terrakion|item
|poke|p1|Rotom-Wash|item
|poke|p1|Landorus-Therian, M|item
|poke|p1|Latios, M|item
|poke|p2|Tyranitar, F|item
|poke|p2|Landorus-Therian, M|item
|poke|p2|Latios, M|item
|poke|p2|Ferrothorn, M|item
|poke|p2|Alakazam, M|item
|poke|p2|Excadrill, F|item
|teampreview
|c|☆refsunpersons|gl hf
|c|☆Bearded FOUGE|u too
|inactive|Battle timer is ON: inactive players will automatically lose when time's up. (requested by Bearded FOUGE)
|
|start
|switch|p1a: Rotom|Rotom-Wash|100/100
|switch|p2a: Ferrothorn|Ferrothorn, M|100/100
|turn|1
|
|move|p1a: Rotom|Will-O-Wisp|p2a: Ferrothorn
|-status|p2a: Ferrothorn|brn
|move|p2a: Ferrothorn|Power Whip|p1a: Rotom
|-supereffective|p1a: Rotom
|-damage|p1a: Rotom|59/100
|
|-heal|p1a: Rotom|65/100|[from] item: Leftovers
|-damage|p2a: Ferrothorn|88/100 brn|[from] brn
|upkeep
|turn|2
|
|move|p1a: Rotom|Volt Switch|p2a: Ferrothorn
|-resisted|p2a: Ferrothorn
|-damage|p2a: Ferrothorn|80/100 brn
|
|switch|p1a: Terrakion|Terrakion|100/100
|move|p2a: Ferrothorn|Spikes|p1a: Terrakion
|-sidestart|p1: Bearded FOUGE|Spikes
|
|-heal|p2a: Ferrothorn|86/100 brn|[from] item: Leftovers
|-damage|p2a: Ferrothorn|74/100 brn|[from] brn
|upkeep
|turn|3
|
|switch|p2a: Landorus|Landorus-Therian, M|100/100
|-ability|p2a: Landorus|Intimidate|boost
|-unboost|p1a: Terrakion|atk|1
|move|p1a: Terrakion|Close Combat|p2a: Landorus
|-resisted|p2a: Landorus
|-damage|p2a: Landorus|63/100
|-unboost|p1a: Terrakion|def|1
|-unboost|p1a: Terrakion|spd|1
|
|upkeep
|turn|4
|
|switch|p1a: Landorus|Landorus-Therian, M|100/100
|-ability|p1a: Landorus|Intimidate|boost
|-unboost|p2a: Landorus|atk|1
|move|p2a: Landorus|Superpower|p1a: Landorus
|-resisted|p1a: Landorus
|-damage|p1a: Landorus|84/100
|-unboost|p2a: Landorus|atk|1
|-unboost|p2a: Landorus|def|1
|
|upkeep
|turn|5
|
|switch|p2a: Ferrothorn|Ferrothorn, M|74/100 brn
|move|p1a: Landorus|U-turn|p2a: Ferrothorn
|-damage|p2a: Ferrothorn|52/100 brn
|-damage|p1a: Landorus|72/100|[from] ability: Iron Barbs|[of] p2a: Ferrothorn
|
|switch|p1a: Terrakion|Terrakion|100/100
|-damage|p1a: Terrakion|88/100|[from] Spikes
|
|-heal|p2a: Ferrothorn|59/100 brn|[from] item: Leftovers
|-damage|p2a: Ferrothorn|46/100 brn|[from] brn
|upkeep
|turn|6
|
|move|p1a: Terrakion|Close Combat|p2a: Ferrothorn
|-supereffective|p2a: Ferrothorn
|-damage|p2a: Ferrothorn|0 fnt
|-damage|p1a: Terrakion|76/100|[from] ability: Iron Barbs|[of] p2a: Ferrothorn
|-unboost|p1a: Terrakion|def|1
|-unboost|p1a: Terrakion|spd|1
|faint|p2a: Ferrothorn
|
|upkeep
|
|switch|p2a: Latios|Latios, M|100/100
|turn|7
|
|switch|p1a: Tyranitar|Tyranitar, M|100/100
|-damage|p1a: Tyranitar|88/100|[from] Spikes
|-weather|Sandstorm|[from] ability: Sand Stream|[of] p1a: Tyranitar
|move|p2a: Latios|Surf|p1a: Tyranitar
|-supereffective|p1a: Tyranitar
|-damage|p1a: Tyranitar|40/100
|
|-weather|Sandstorm|[upkeep]
|-damage|p2a: Latios|95/100|[from] Sandstorm
|upkeep
|turn|8
|
|move|p2a: Latios|Surf|p1a: Tyranitar
|-supereffective|p1a: Tyranitar
|-damage|p1a: Tyranitar|0 fnt
|faint|p1a: Tyranitar
|
|-weather|Sandstorm|[upkeep]
|-damage|p2a: Latios|89/100|[from] Sandstorm
|upkeep
|
|switch|p1a: Latios|Latios, M|100/100
|turn|9
|
|switch|p2a: Tyranitar|Tyranitar, F|100/100
|switch|p1a: Terrakion|Terrakion|76/100
|-damage|p1a: Terrakion|63/100|[from] Spikes
|
|-weather|Sandstorm|[upkeep]
|upkeep
|turn|10
|
|switch|p2a: Landorus|Landorus-Therian, M|63/100
|-ability|p2a: Landorus|Intimidate|boost
|-unboost|p1a: Terrakion|atk|1
|move|p1a: Terrakion|Close Combat|p2a: Landorus
|-resisted|p2a: Landorus
|-damage|p2a: Landorus|29/100
|-unboost|p1a: Terrakion|def|1
|-unboost|p1a: Terrakion|spd|1
|
|-weather|Sandstorm|[upkeep]
|upkeep
|turn|11
|
|switch|p1a: Rotom|Rotom-Wash|65/100
|move|p2a: Landorus|Hidden Power|p1a: Rotom
|-resisted|p1a: Rotom
|-damage|p1a: Rotom|56/100
|
|-weather|Sandstorm|[upkeep]
|-damage|p1a: Rotom|50/100|[from] Sandstorm
|-heal|p1a: Rotom|56/100|[from] item: Leftovers
|upkeep
|turn|12
|
|move|p2a: Landorus|Hidden Power|p1a: Rotom
|-resisted|p1a: Rotom
|-damage|p1a: Rotom|48/100
|move|p1a: Rotom|Thunder Wave|p2a: Landorus
|-immune|p2a: Landorus
|
|-weather|Sandstorm|[upkeep]
|-damage|p1a: Rotom|42/100|[from] Sandstorm
|-heal|p1a: Rotom|48/100|[from] item: Leftovers
|upkeep
|turn|13
|
|switch|p2a: Latios|Latios, M|89/100
|move|p1a: Rotom|Volt Switch|p2a: Latios
|-resisted|p2a: Latios
|-damage|p2a: Latios|76/100
|
|switch|p1a: Excadrill|Excadrill, M|100/100
|-damage|p1a: Excadrill|88/100|[from] Spikes
|
|-weather|Sandstorm|[upkeep]
|-damage|p2a: Latios|70/100|[from] Sandstorm
|upkeep
|turn|14
|
|switch|p2a: Excadrill|Excadrill, F|100/100
|-item|p2a: Excadrill|Air Balloon
|move|p1a: Excadrill|Iron Head|p2a: Excadrill
|-resisted|p2a: Excadrill
|-damage|p2a: Excadrill|60/100
|-enditem|p2a: Excadrill|Air Balloon
|
|-weather|Sandstorm|[upkeep]
|upkeep
|turn|15
|
|switch|p1a: Rotom|Rotom-Wash|48/100
|switch|p2a: Latios|Latios, M|70/100
|
|-weather|Sandstorm|[upkeep]
|-damage|p2a: Latios|64/100|[from] Sandstorm
|-damage|p1a: Rotom|42/100|[from] Sandstorm
|-heal|p1a: Rotom|48/100|[from] item: Leftovers
|upkeep
|turn|16
|
|move|p2a: Latios|Draco Meteor|p1a: Rotom
|-damage|p1a: Rotom|0 fnt
|-unboost|p2a: Latios|spa|2
|faint|p1a: Rotom
|
|-weather|Sandstorm|[upkeep]
|-damage|p2a: Latios|58/100|[from] Sandstorm
|upkeep
|
|switch|p1a: Excadrill|Excadrill, M|88/100
|-damage|p1a: Excadrill|76/100|[from] Spikes
|turn|17
|inactive|refsunpersons has 120 seconds left.
|
|switch|p2a: Excadrill|Excadrill, F|60/100
|move|p1a: Excadrill|Iron Head|p2a: Excadrill
|-resisted|p2a: Excadrill
|-damage|p2a: Excadrill|17/100
|
|-weather|Sandstorm|[upkeep]
|upkeep
|turn|18
|
|move|p1a: Excadrill|Iron Head|p2a: Excadrill
|-resisted|p2a: Excadrill
|-damage|p2a: Excadrill|0 fnt
|faint|p2a: Excadrill
|
|-weather|Sandstorm|[upkeep]
|upkeep
|
|switch|p2a: Landorus|Landorus-Therian, M|29/100
|-ability|p2a: Landorus|Intimidate|boost
|-unboost|p1a: Excadrill|atk|1
|turn|19
|
|switch|p1a: Landorus|Landorus-Therian, M|72/100
|-ability|p1a: Landorus|Intimidate|boost
|-unboost|p2a: Landorus|atk|1
|move|p2a: Landorus|Hidden Power|p1a: Landorus
|-supereffective|p1a: Landorus
|-damage|p1a: Landorus|0 fnt
|faint|p1a: Landorus
|
|-weather|Sandstorm|[upkeep]
|upkeep
|
|switch|p1a: Terrakion|Terrakion|63/100
|-damage|p1a: Terrakion|51/100|[from] Spikes
|turn|20
|inactive|refsunpersons has 120 seconds left.
|
|switch|p2a: Alakazam|Alakazam, M|100/100
|move|p1a: Terrakion|Close Combat|p2a: Alakazam
|-resisted|p2a: Alakazam
|-enditem|p2a: Alakazam|Focus Sash
|-damage|p2a: Alakazam|1/100
|-unboost|p1a: Terrakion|def|1
|-unboost|p1a: Terrakion|spd|1
|
|-weather|Sandstorm|[upkeep]
|upkeep
|turn|21
|
|switch|p1a: Excadrill|Excadrill, M|76/100
|-damage|p1a: Excadrill|64/100|[from] Spikes
|move|p2a: Alakazam|Focus Blast|p1a: Excadrill
|-supereffective|p1a: Excadrill
|-damage|p1a: Excadrill|0 fnt
|faint|p1a: Excadrill
|
|-weather|Sandstorm|[upkeep]
|upkeep
|
|switch|p1a: Latios|Latios, M|100/100
|turn|22
|
|move|p2a: Alakazam|Shadow Ball|p1a: Latios
|-supereffective|p1a: Latios
|-damage|p1a: Latios|42/100
|-unboost|p1a: Latios|spd|1
|move|p1a: Latios|Draco Meteor|p2a: Alakazam
|-damage|p2a: Alakazam|0 fnt
|-unboost|p1a: Latios|spa|2
|faint|p2a: Alakazam
|
|-weather|Sandstorm|[upkeep]
|-damage|p1a: Latios|36/100|[from] Sandstorm
|upkeep
|
|switch|p2a: Tyranitar|Tyranitar, F|100/100
|turn|23
|-message|Bearded FOUGE forfeited.
|
|win|refsunpersons
|l|☆Bearded FOUGE
|raw|Bearded FOUGE's rating: 1309 &rarr; <strong>1294</strong><br />(-15 for losing)
|raw|refsunpersons's rating: 1408 &rarr; <strong>1422</strong><br />(+14 for winning)
