|j|☆firelit nights
|j|☆Legend Davy
|player|p1|firelit nights|26|1541
|player|p2|Legend Davy|168|1433
|teamsize|p1|6
|teamsize|p2|6
|gametype|singles
|gen|5
|tier|[Gen 5] OU
|rated|
|rule|Sleep Clause Mod: Limit one foe put to sleep
|rule|Species Clause: Limit one of each Pokémon
|rule|OHKO Clause: OHKO moves are banned
|rule|Moody Clause: Moody is banned
|rule|Evasion Moves Clause: Evasion moves are banned
|rule|Endless Battle Clause: Forcing endless battles is banned
|rule|HP Percentage Mod: HP is shown in percentages
|rule|Evasion Abilities Clause: Evasion abilities are banned
|rule|Baton Pass Clause: Limit one Baton Passer, can't pass Spe and other stats simultaneously
|rule|Swagger Clause: Swagger is banned
|clearpoke
|poke|p1|Tyranitar, F|item
|poke|p1|Victini|item
|poke|p1|Excadrill, M|item
|poke|p1|Rotom-Wash|item
|poke|p1|Ferrothorn, F|item
|poke|p1|Latios, M|item
|poke|p2|Blissey, F|item
|poke|p2|Gliscor, M|item
|poke|p2|Ferrothorn, M|item
|poke|p2|Tentacruel, M|item
|poke|p2|Politoed, M|item
|poke|p2|Jirachi|item
|teampreview
|c|☆firelit nights|gl hf
|c|☆Legend Davy|you too
|
|start
|switch|p1a: Rotom|Rotom-Wash|100/100
|switch|p2a: Politoed|Politoed, M|100/100
|-weather|RainDance|[from] ability: Drizzle|[of] p2a: Politoed
|turn|1
|
|move|p2a: Politoed|Protect|p2a: Politoed
|-singleturn|p2a: Politoed|Protect
|move|p1a: Rotom|Volt Switch|p2a: Politoed
|-activate|p2a: Politoed|move: Protect
|
|-weather|RainDance|[upkeep]
|upkeep
|turn|2
|
|switch|p2a: Ferrothorn|Ferrothorn, M|100/100
|move|p1a: Rotom|Volt Switch|p2a: Ferrothorn
|-resisted|p2a: Ferrothorn
|-damage|p2a: Ferrothorn|93/100
|
|switch|p1a: Tyranitar|Tyranitar, F|100/100|[from]move: Volt Switch
|-weather|Sandstorm|[from] ability: Sand Stream|[of] p1a: Tyranitar
|
|-weather|Sandstorm|[upkeep]
|upkeep
|turn|3
|j| Aquaman42
|
|switch|p2a: Gliscor|Gliscor, M|100/100
|move|p1a: Tyranitar|Superpower|p2a: Gliscor
|-resisted|p2a: Gliscor
|-damage|p2a: Gliscor|89/100
|-unboost|p1a: Tyranitar|atk|1
|-unboost|p1a: Tyranitar|def|1
|
|-weather|Sandstorm|[upkeep]
|-status|p2a: Gliscor|tox|[from] item: Toxic Orb
|upkeep
|turn|4
|
|switch|p1a: Rotom|Rotom-Wash|100/100
|move|p2a: Gliscor|Substitute|p2a: Gliscor
|-start|p2a: Gliscor|Substitute
|-damage|p2a: Gliscor|64/100 tox
|
|-weather|Sandstorm|[upkeep]
|-damage|p1a: Rotom|94/100|[from] Sandstorm
|-heal|p1a: Rotom|100/100|[from] item: Leftovers
|-heal|p2a: Gliscor|76/100 tox|[from] ability: Poison Heal
|upkeep
|turn|5
|
|move|p2a: Gliscor|Protect|p2a: Gliscor
|-singleturn|p2a: Gliscor|Protect
|move|p1a: Rotom|Pain Split|p2a: Gliscor
|-activate|p2a: Gliscor|move: Protect
|
|-weather|Sandstorm|[upkeep]
|-damage|p1a: Rotom|94/100|[from] Sandstorm
|-heal|p1a: Rotom|100/100|[from] item: Leftovers
|-heal|p2a: Gliscor|89/100 tox|[from] ability: Poison Heal
|upkeep
|turn|6
|
|move|p2a: Gliscor|Ice Fang|p1a: Rotom
|-resisted|p1a: Rotom
|-damage|p1a: Rotom|95/100
|move|p1a: Rotom|Hydro Pump|p2a: Gliscor
|-supereffective|p2a: Gliscor
|-end|p2a: Gliscor|Substitute
|
|-weather|Sandstorm|[upkeep]
|-damage|p1a: Rotom|88/100|[from] Sandstorm
|-heal|p1a: Rotom|95/100|[from] item: Leftovers
|-heal|p2a: Gliscor|100/100 tox|[from] ability: Poison Heal
|upkeep
|turn|7
|
|switch|p1a: Ferrothorn|Ferrothorn, F|100/100
|move|p2a: Gliscor|Substitute|p2a: Gliscor
|-start|p2a: Gliscor|Substitute
|-damage|p2a: Gliscor|76/100 tox
|
|-weather|Sandstorm|[upkeep]
|-heal|p2a: Gliscor|88/100 tox|[from] ability: Poison Heal
|upkeep
|turn|8
|
|switch|p2a: Ferrothorn|Ferrothorn, M|93/100
|move|p1a: Ferrothorn|Spikes|p2a: Ferrothorn
|-sidestart|p2: Legend Davy|Spikes
|
|-weather|Sandstorm|[upkeep]
|upkeep
|turn|9
|
|switch|p1a: Victini|Victini|100/100
|move|p2a: Ferrothorn|Spikes|p1a: Victini
|-sidestart|p1: firelit nights|Spikes
|
|-weather|Sandstorm|[upkeep]
|-damage|p1a: Victini|94/100|[from] Sandstorm
|upkeep
|turn|10
|
|switch|p2a: Politoed|Politoed, M|100/100
|-damage|p2a: Politoed|88/100|[from] Spikes
|-weather|RainDance|[from] ability: Drizzle|[of] p2a: Politoed
|move|p1a: Victini|Bolt Strike|p2a: Politoed
|-supereffective|p2a: Politoed
|-damage|p2a: Politoed|28/100
|
|-weather|RainDance|[upkeep]
|-heal|p2a: Politoed|34/100|[from] item: Leftovers
|upkeep
|turn|11
|
|switch|p1a: Rotom|Rotom-Wash|95/100
|switch|p2a: Gliscor|Gliscor, M|88/100 tox
|
|-weather|RainDance|[upkeep]
|-heal|p1a: Rotom|100/100|[from] item: Leftovers
|-heal|p2a: Gliscor|100/100 tox|[from] ability: Poison Heal
|upkeep
|turn|12
|
|move|p2a: Gliscor|Substitute|p2a: Gliscor
|-start|p2a: Gliscor|Substitute
|-damage|p2a: Gliscor|76/100 tox
|move|p1a: Rotom|Volt Switch|p2a: Gliscor
|-immune|p2a: Gliscor
|
|-weather|RainDance|[upkeep]
|-heal|p2a: Gliscor|88/100 tox|[from] ability: Poison Heal
|upkeep
|turn|13
|
|move|p2a: Gliscor|Earthquake|p1a: Rotom
|-immune|p1a: Rotom|[from] ability: Levitate
|move|p1a: Rotom|Pain Split||[still]
|-fail|p1a: Rotom
|
|-weather|RainDance|[upkeep]
|-heal|p2a: Gliscor|100/100 tox|[from] ability: Poison Heal
|upkeep
|turn|14
|
|move|p2a: Gliscor|Earthquake|p1a: Rotom
|-immune|p1a: Rotom|[from] ability: Levitate
|move|p1a: Rotom|Pain Split||[still]
|-fail|p1a: Rotom
|
|-weather|RainDance|[upkeep]
|upkeep
|turn|15
|
|move|p2a: Gliscor|Earthquake|p1a: Rotom
|-immune|p1a: Rotom|[from] ability: Levitate
|move|p1a: Rotom|Pain Split||[still]
|-fail|p1a: Rotom
|
|-weather|RainDance|[upkeep]
|upkeep
|turn|16
|
|move|p2a: Gliscor|Ice Fang|p1a: Rotom
|-resisted|p1a: Rotom
|-damage|p1a: Rotom|95/100
|move|p1a: Rotom|Volt Switch|p2a: Gliscor
|-immune|p2a: Gliscor
|
|-weather|RainDance|[upkeep]
|-heal|p1a: Rotom|100/100|[from] item: Leftovers
|upkeep
|turn|17
|
|move|p2a: Gliscor|Earthquake|p1a: Rotom
|-immune|p1a: Rotom|[from] ability: Levitate
|move|p1a: Rotom|Pain Split||[still]
|-fail|p1a: Rotom
|
|-weather|RainDance|[upkeep]
|upkeep
|turn|18
|
|move|p2a: Gliscor|Ice Fang|p1a: Rotom
|-resisted|p1a: Rotom
|-damage|p1a: Rotom|95/100
|move|p1a: Rotom|Pain Split||[still]
|-fail|p1a: Rotom
|
|-weather|RainDance|[upkeep]
|-heal|p1a: Rotom|100/100|[from] item: Leftovers
|upkeep
|turn|19
|j| insulae
|
|move|p2a: Gliscor|Ice Fang|p1a: Rotom
|-resisted|p1a: Rotom
|-damage|p1a: Rotom|94/100
|move|p1a: Rotom|Volt Switch|p2a: Gliscor
|-immune|p2a: Gliscor
|
|-weather|RainDance|[upkeep]
|-heal|p1a: Rotom|100/100|[from] item: Leftovers
|upkeep
|turn|20
|
|move|p2a: Gliscor|Ice Fang|p1a: Rotom
|-resisted|p1a: Rotom
|-damage|p1a: Rotom|94/100
|move|p1a: Rotom|Volt Switch|p2a: Gliscor
|-immune|p2a: Gliscor
|
|-weather|RainDance|[upkeep]
|-heal|p1a: Rotom|100/100|[from] item: Leftovers
|upkeep
|turn|21
|
|move|p2a: Gliscor|Ice Fang|p1a: Rotom
|-resisted|p1a: Rotom
|-damage|p1a: Rotom|94/100
|move|p1a: Rotom|Volt Switch|p2a: Gliscor
|-immune|p2a: Gliscor
|
|-weather|RainDance|[upkeep]
|-heal|p1a: Rotom|100/100|[from] item: Leftovers
|upkeep
|turn|22
|
|move|p2a: Gliscor|Ice Fang|p1a: Rotom
|-resisted|p1a: Rotom
|-damage|p1a: Rotom|95/100
|move|p1a: Rotom|Volt Switch|p2a: Gliscor
|-immune|p2a: Gliscor
|
|-weather|RainDance|[upkeep]
|-heal|p1a: Rotom|100/100|[from] item: Leftovers
|upkeep
|turn|23
|
|move|p2a: Gliscor|Substitute|p2a: Gliscor
|-fail|p2a: Gliscor|move: Substitute
|move|p1a: Rotom|Pain Split||[still]
|-fail|p1a: Rotom
|
|-weather|RainDance|[upkeep]
|upkeep
|turn|24
|
|move|p2a: Gliscor|Earthquake|p1a: Rotom
|-immune|p1a: Rotom|[from] ability: Levitate
|move|p1a: Rotom|Pain Split||[still]
|-fail|p1a: Rotom
|
|-weather|RainDance|[upkeep]
|upkeep
|turn|25
|
|move|p2a: Gliscor|Ice Fang|p1a: Rotom
|-resisted|p1a: Rotom
|-damage|p1a: Rotom|94/100
|move|p1a: Rotom|Pain Split||[still]
|-fail|p1a: Rotom
|
|-weather|RainDance|[upkeep]
|-heal|p1a: Rotom|100/100|[from] item: Leftovers
|upkeep
|turn|26
|
|move|p2a: Gliscor|Ice Fang|p1a: Rotom
|-resisted|p1a: Rotom
|-crit|p1a: Rotom
|-damage|p1a: Rotom|89/100
|move|p1a: Rotom|Pain Split||[still]
|-fail|p1a: Rotom
|
|-weather|RainDance|[upkeep]
|-heal|p1a: Rotom|95/100|[from] item: Leftovers
|upkeep
|turn|27
|
|move|p2a: Gliscor|Ice Fang|p1a: Rotom
|-resisted|p1a: Rotom
|-damage|p1a: Rotom|89/100
|cant|p1a: Rotom|flinch
|
|-weather|RainDance|[upkeep]
|-heal|p1a: Rotom|95/100|[from] item: Leftovers
|upkeep
|turn|28
|
|move|p2a: Gliscor|Ice Fang|p1a: Rotom
|-resisted|p1a: Rotom
|-damage|p1a: Rotom|90/100
|move|p1a: Rotom|Pain Split||[still]
|-fail|p1a: Rotom
|
|-weather|RainDance|[upkeep]
|-heal|p1a: Rotom|96/100|[from] item: Leftovers
|upkeep
|turn|29
|
|move|p2a: Gliscor|Ice Fang|p1a: Rotom
|-resisted|p1a: Rotom
|-damage|p1a: Rotom|89/100
|-status|p1a: Rotom|frz
|cant|p1a: Rotom|frz
|
|-weather|RainDance|[upkeep]
|-heal|p1a: Rotom|96/100 frz|[from] item: Leftovers
|upkeep
|turn|30
|
|move|p2a: Gliscor|Earthquake|p1a: Rotom
|-immune|p1a: Rotom|[from] ability: Levitate
|cant|p1a: Rotom|frz
|
|-weather|RainDance|[upkeep]
|-heal|p1a: Rotom|100/100 frz|[from] item: Leftovers
|upkeep
|turn|31
|
|switch|p2a: Ferrothorn|Ferrothorn, M|93/100
|-damage|p2a: Ferrothorn|80/100|[from] Spikes
|cant|p1a: Rotom|frz
|
|-weather|RainDance|[upkeep]
|upkeep
|turn|32
|
|-curestatus|p1a: Rotom|frz|[msg]
|move|p1a: Rotom|Will-O-Wisp|p2a: Ferrothorn
|-status|p2a: Ferrothorn|brn
|move|p2a: Ferrothorn|Spikes|p1a: Rotom
|-sidestart|p1: firelit nights|Spikes
|
|-weather|RainDance|[upkeep]
|-damage|p2a: Ferrothorn|68/100 brn|[from] brn
|upkeep
|turn|33
|c| Aquaman42|he can pp stall you
|
|move|p1a: Rotom|Volt Switch|p2a: Ferrothorn
|-resisted|p2a: Ferrothorn
|-damage|p2a: Ferrothorn|61/100 brn
|
|switch|p1a: Excadrill|Excadrill, M|100/100|[from]move: Volt Switch
|-damage|p1a: Excadrill|84/100|[from] Spikes
|-ability|p1a: Excadrill|Mold Breaker
|move|p2a: Ferrothorn|Leech Seed|p1a: Excadrill
|-start|p1a: Excadrill|move: Leech Seed
|
|-weather|RainDance|[upkeep]
|-heal|p1a: Excadrill|90/100|[from] item: Leftovers
|-damage|p1a: Excadrill|78/100|[from] Leech Seed|[of] p2a: Ferrothorn
|-heal|p2a: Ferrothorn|75/100 brn|[silent]
|-damage|p2a: Ferrothorn|63/100 brn|[from] brn
|upkeep
|turn|34
|c| Aquaman42|best thing you can do with gliscor is hope for a freeze
|
|move|p1a: Excadrill|Rapid Spin|p2a: Ferrothorn
|-resisted|p2a: Ferrothorn
|-damage|p2a: Ferrothorn|60/100 brn
|-damage|p1a: Excadrill|65/100|[from] ability: Iron Barbs|[of] p2a: Ferrothorn
|-damage|p1a: Excadrill|49/100|[from] item: Rocky Helmet|[of] p2a: Ferrothorn
|-end|p1a: Excadrill|Leech Seed|[from] move: Rapid Spin|[of] p1a: Excadrill
|-sideend|p1: firelit nights|Spikes|[from] move: Rapid Spin|[of] p1a: Excadrill
|move|p2a: Ferrothorn|Spikes|p1a: Excadrill
|-sidestart|p1: firelit nights|Spikes
|
|-weather|RainDance|[upkeep]
|-heal|p1a: Excadrill|55/100|[from] item: Leftovers
|-damage|p2a: Ferrothorn|48/100 brn|[from] brn
|upkeep
|turn|35
|
|switch|p2a: Gliscor|Gliscor, M|100/100 tox
|move|p1a: Excadrill|Stealth Rock|p2a: Gliscor
|-sidestart|p2: Legend Davy|move: Stealth Rock
|
|-weather|RainDance|[upkeep]
|-heal|p1a: Excadrill|61/100|[from] item: Leftovers
|upkeep
|turn|36
|
|switch|p1a: Rotom|Rotom-Wash|100/100
|move|p2a: Gliscor|Ice Fang|p1a: Rotom
|-resisted|p1a: Rotom
|-damage|p1a: Rotom|95/100
|
|-weather|RainDance|[upkeep]
|-heal|p1a: Rotom|100/100|[from] item: Leftovers
|upkeep
|turn|37
|
|switch|p2a: Blissey|Blissey, F|100/100
|-damage|p2a: Blissey|88/100|[from] Spikes
|-damage|p2a: Blissey|76/100|[from] Stealth Rock
|move|p1a: Rotom|Will-O-Wisp|p2a: Blissey
|-status|p2a: Blissey|brn
|
|-weather|RainDance|[upkeep]
|-heal|p2a: Blissey|82/100 brn|[from] item: Leftovers
|-damage|p2a: Blissey|69/100 brn|[from] brn
|upkeep
|turn|38
|
|move|p1a: Rotom|Volt Switch|p2a: Blissey
|-damage|p2a: Blissey|59/100 brn
|
|switch|p1a: Excadrill|Excadrill, M|61/100|[from]move: Volt Switch
|-damage|p1a: Excadrill|49/100|[from] Spikes
|-ability|p1a: Excadrill|Mold Breaker
|move|p2a: Blissey|Toxic|p1a: Excadrill
|-immune|p1a: Excadrill
|
|-weather|RainDance|[upkeep]
|-heal|p1a: Excadrill|55/100|[from] item: Leftovers
|-heal|p2a: Blissey|65/100 brn|[from] item: Leftovers
|-damage|p2a: Blissey|53/100 brn|[from] brn
|upkeep
|turn|39
|
|switch|p2a: Gliscor|Gliscor, M|100/100 tox
|-damage|p2a: Gliscor|88/100 tox|[from] Stealth Rock
|move|p1a: Excadrill|Rapid Spin|p2a: Gliscor
|-damage|p2a: Gliscor|84/100 tox
|-sideend|p1: firelit nights|Spikes|[from] move: Rapid Spin|[of] p1a: Excadrill
|
|-weather|RainDance|[upkeep]
|-heal|p1a: Excadrill|61/100|[from] item: Leftovers
|-heal|p2a: Gliscor|96/100 tox|[from] ability: Poison Heal
|upkeep
|turn|40
|
|switch|p2a: Blissey|Blissey, F|53/100
|-damage|p2a: Blissey|40/100|[from] Spikes
|-damage|p2a: Blissey|28/100|[from] Stealth Rock
|switch|p1a: Rotom|Rotom-Wash|100/100
|
|-weather|RainDance|[upkeep]
|-heal|p2a: Blissey|34/100|[from] item: Leftovers
|upkeep
|turn|41
|
|move|p1a: Rotom|Volt Switch|p2a: Blissey
|-damage|p2a: Blissey|24/100
|
|switch|p1a: Tyranitar|Tyranitar, F|100/100|[from]move: Volt Switch
|-weather|Sandstorm|[from] ability: Sand Stream|[of] p1a: Tyranitar
|move|p2a: Blissey|Soft-Boiled|p2a: Blissey
|-heal|p2a: Blissey|74/100
|
|-weather|Sandstorm|[upkeep]
|-damage|p2a: Blissey|68/100|[from] Sandstorm
|-heal|p2a: Blissey|74/100|[from] item: Leftovers
|upkeep
|turn|42
|
|switch|p2a: Gliscor|Gliscor, M|96/100 tox
|-damage|p2a: Gliscor|84/100 tox|[from] Stealth Rock
|move|p1a: Tyranitar|Superpower|p2a: Gliscor
|-resisted|p2a: Gliscor
|-damage|p2a: Gliscor|71/100 tox
|-unboost|p1a: Tyranitar|atk|1
|-unboost|p1a: Tyranitar|def|1
|
|-weather|Sandstorm|[upkeep]
|-heal|p2a: Gliscor|83/100 tox|[from] ability: Poison Heal
|upkeep
|turn|43
|
|switch|p2a: Tentacruel|Tentacruel, M|100/100
|-damage|p2a: Tentacruel|88/100|[from] Spikes
|-damage|p2a: Tentacruel|76/100|[from] Stealth Rock
|switch|p1a: Rotom|Rotom-Wash|100/100
|
|-weather|Sandstorm|[upkeep]
|-damage|p2a: Tentacruel|70/100|[from] Sandstorm
|-damage|p1a: Rotom|94/100|[from] Sandstorm
|-heal|p2a: Tentacruel|76/100|[from] item: Black Sludge
|-heal|p1a: Rotom|100/100|[from] item: Leftovers
|upkeep
|turn|44
|
|switch|p2a: Gliscor|Gliscor, M|83/100 tox
|-damage|p2a: Gliscor|71/100 tox|[from] Stealth Rock
|move|p1a: Rotom|Will-O-Wisp||[still]
|-fail|p1a: Rotom
|
|-weather|Sandstorm|[upkeep]
|-damage|p1a: Rotom|94/100|[from] Sandstorm
|-heal|p1a: Rotom|100/100|[from] item: Leftovers
|-heal|p2a: Gliscor|83/100 tox|[from] ability: Poison Heal
|upkeep
|turn|45
|l| Aquaman42
|
|move|p2a: Gliscor|Protect|p2a: Gliscor
|-singleturn|p2a: Gliscor|Protect
|move|p1a: Rotom|Pain Split|p2a: Gliscor
|-activate|p2a: Gliscor|move: Protect
|
|-weather|Sandstorm|[upkeep]
|-damage|p1a: Rotom|94/100|[from] Sandstorm
|-heal|p1a: Rotom|100/100|[from] item: Leftovers
|-heal|p2a: Gliscor|95/100 tox|[from] ability: Poison Heal
|upkeep
|turn|46
|
|move|p2a: Gliscor|Substitute|p2a: Gliscor
|-start|p2a: Gliscor|Substitute
|-damage|p2a: Gliscor|71/100 tox
|move|p1a: Rotom|Volt Switch|p2a: Gliscor
|-immune|p2a: Gliscor
|
|-weather|Sandstorm|[upkeep]
|-damage|p1a: Rotom|94/100|[from] Sandstorm
|-heal|p1a: Rotom|100/100|[from] item: Leftovers
|-heal|p2a: Gliscor|83/100 tox|[from] ability: Poison Heal
|upkeep
|turn|47
|
|move|p2a: Gliscor|Ice Fang|p1a: Rotom
|-resisted|p1a: Rotom
|-damage|p1a: Rotom|95/100
|cant|p1a: Rotom|flinch
|
|-weather|Sandstorm|[upkeep]
|-damage|p1a: Rotom|88/100|[from] Sandstorm
|-heal|p1a: Rotom|95/100|[from] item: Leftovers
|-heal|p2a: Gliscor|95/100 tox|[from] ability: Poison Heal
|upkeep
|turn|48
|
|move|p2a: Gliscor|Ice Fang|p1a: Rotom
|-resisted|p1a: Rotom
|-damage|p1a: Rotom|88/100
|move|p1a: Rotom|Pain Split||[still]
|-fail|p1a: Rotom
|
|-weather|Sandstorm|[upkeep]
|-damage|p1a: Rotom|82/100|[from] Sandstorm
|-heal|p1a: Rotom|88/100|[from] item: Leftovers
|-heal|p2a: Gliscor|100/100 tox|[from] ability: Poison Heal
|upkeep
|turn|49
|
|move|p2a: Gliscor|Ice Fang|p1a: Rotom
|-resisted|p1a: Rotom
|-damage|p1a: Rotom|82/100
|move|p1a: Rotom|Pain Split||[still]
|-fail|p1a: Rotom
|
|-weather|Sandstorm|[upkeep]
|-damage|p1a: Rotom|75/100|[from] Sandstorm
|-heal|p1a: Rotom|82/100|[from] item: Leftovers
|upkeep
|turn|50
|
|move|p2a: Gliscor|Ice Fang|p1a: Rotom
|-resisted|p1a: Rotom
|-damage|p1a: Rotom|76/100
|move|p1a: Rotom|Pain Split||[still]
|-fail|p1a: Rotom
|
|-weather|Sandstorm|[upkeep]
|-damage|p1a: Rotom|70/100|[from] Sandstorm
|-heal|p1a: Rotom|76/100|[from] item: Leftovers
|upkeep
|turn|51
|
|move|p2a: Gliscor|Ice Fang|p1a: Rotom
|-resisted|p1a: Rotom
|-damage|p1a: Rotom|70/100
|move|p1a: Rotom|Pain Split||[still]
|-fail|p1a: Rotom
|
|-weather|Sandstorm|[upkeep]
|-damage|p1a: Rotom|64/100|[from] Sandstorm
|-heal|p1a: Rotom|70/100|[from] item: Leftovers
|upkeep
|turn|52
|
|move|p2a: Gliscor|Ice Fang|p1a: Rotom|[miss]
|-miss|p2a: Gliscor|p1a: Rotom
|move|p1a: Rotom|Pain Split||[still]
|-fail|p1a: Rotom
|
|-weather|Sandstorm|[upkeep]
|-damage|p1a: Rotom|64/100|[from] Sandstorm
|-heal|p1a: Rotom|70/100|[from] item: Leftovers
|upkeep
|turn|53
|
|move|p2a: Gliscor|Ice Fang|p1a: Rotom
|-resisted|p1a: Rotom
|-damage|p1a: Rotom|64/100
|-status|p1a: Rotom|frz
|cant|p1a: Rotom|frz
|
|-weather|Sandstorm|[upkeep]
|-damage|p1a: Rotom|58/100 frz|[from] Sandstorm
|-heal|p1a: Rotom|64/100 frz|[from] item: Leftovers
|upkeep
|turn|54
|
|switch|p2a: Tentacruel|Tentacruel, M|76/100
|-damage|p2a: Tentacruel|63/100|[from] Stealth Rock
|-damage|p2a: Tentacruel|51/100|[from] Spikes
|-curestatus|p1a: Rotom|frz|[msg]
|move|p1a: Rotom|Will-O-Wisp|p2a: Tentacruel
|-status|p2a: Tentacruel|brn
|
|-weather|Sandstorm|[upkeep]
|-damage|p2a: Tentacruel|45/100 brn|[from] Sandstorm
|-damage|p1a: Rotom|58/100|[from] Sandstorm
|-heal|p2a: Tentacruel|51/100 brn|[from] item: Black Sludge
|-heal|p1a: Rotom|64/100|[from] item: Leftovers
|-damage|p2a: Tentacruel|39/100 brn|[from] brn
|upkeep
|turn|55
|
|switch|p2a: Gliscor|Gliscor, M|100/100 tox
|-damage|p2a: Gliscor|88/100 tox|[from] Stealth Rock
|move|p1a: Rotom|Volt Switch|p2a: Gliscor
|-immune|p2a: Gliscor
|
|-weather|Sandstorm|[upkeep]
|-damage|p1a: Rotom|58/100|[from] Sandstorm
|-heal|p1a: Rotom|64/100|[from] item: Leftovers
|-heal|p2a: Gliscor|100/100 tox|[from] ability: Poison Heal
|upkeep
|turn|56
|
|move|p2a: Gliscor|Substitute|p2a: Gliscor
|-start|p2a: Gliscor|Substitute
|-damage|p2a: Gliscor|76/100 tox
|move|p1a: Rotom|Pain Split||[still]
|-fail|p1a: Rotom
|
|-weather|Sandstorm|[upkeep]
|-damage|p1a: Rotom|58/100|[from] Sandstorm
|-heal|p1a: Rotom|64/100|[from] item: Leftovers
|-heal|p2a: Gliscor|88/100 tox|[from] ability: Poison Heal
|upkeep
|turn|57
|
|move|p2a: Gliscor|Ice Fang|p1a: Rotom
|-resisted|p1a: Rotom
|-damage|p1a: Rotom|58/100
|cant|p1a: Rotom|flinch
|
|-weather|Sandstorm|[upkeep]
|-damage|p1a: Rotom|52/100|[from] Sandstorm
|-heal|p1a: Rotom|58/100|[from] item: Leftovers
|-heal|p2a: Gliscor|100/100 tox|[from] ability: Poison Heal
|upkeep
|turn|58
|
|move|p2a: Gliscor|Protect|p2a: Gliscor
|-singleturn|p2a: Gliscor|Protect
|move|p1a: Rotom|Pain Split|p2a: Gliscor
|-activate|p2a: Gliscor|move: Protect
|
|-weather|Sandstorm|[upkeep]
|-damage|p1a: Rotom|52/100|[from] Sandstorm
|-heal|p1a: Rotom|58/100|[from] item: Leftovers
|upkeep
|turn|59
|
|switch|p2a: Jirachi|Jirachi|100/100
|-damage|p2a: Jirachi|94/100|[from] Stealth Rock
|-damage|p2a: Jirachi|82/100|[from] Spikes
|move|p1a: Rotom|Pain Split|p2a: Jirachi
|-sethp|p2a: Jirachi|63/100|[from] move: Pain Split|[silent]
|-sethp|p1a: Rotom|83/100|[from] move: Pain Split
|
|-weather|Sandstorm|[upkeep]
|-damage|p1a: Rotom|77/100|[from] Sandstorm
|-heal|p2a: Jirachi|69/100|[from] item: Leftovers
|-heal|p1a: Rotom|83/100|[from] item: Leftovers
|upkeep
|turn|60
|
|switch|p1a: Excadrill|Excadrill, M|61/100
|-ability|p1a: Excadrill|Mold Breaker
|move|p2a: Jirachi|Substitute|p2a: Jirachi
|-start|p2a: Jirachi|Substitute
|-damage|p2a: Jirachi|44/100
|
|-weather|Sandstorm|[upkeep]
|-heal|p2a: Jirachi|50/100|[from] item: Leftovers
|-heal|p1a: Excadrill|67/100|[from] item: Leftovers
|upkeep
|turn|61
|
|move|p2a: Jirachi|Water Pulse|p1a: Excadrill
|-supereffective|p1a: Excadrill
|-damage|p1a: Excadrill|47/100
|-start|p1a: Excadrill|confusion
|-activate|p1a: Excadrill|confusion
|-damage|p1a: Excadrill|33/100|[from] confusion
|
|-weather|Sandstorm|[upkeep]
|-heal|p2a: Jirachi|56/100|[from] item: Leftovers
|-heal|p1a: Excadrill|39/100|[from] item: Leftovers
|upkeep
|turn|62
|
|move|p2a: Jirachi|Water Pulse|p1a: Excadrill
|-supereffective|p1a: Excadrill
|-damage|p1a: Excadrill|16/100
|-activate|p1a: Excadrill|confusion
|-damage|p1a: Excadrill|2/100|[from] confusion
|
|-weather|Sandstorm|[upkeep]
|-heal|p2a: Jirachi|63/100|[from] item: Leftovers
|-heal|p1a: Excadrill|8/100|[from] item: Leftovers
|upkeep
|turn|63
|
|-end|p1a: Excadrill|confusion
|move|p1a: Excadrill|Protect|p1a: Excadrill
|-singleturn|p1a: Excadrill|Protect
|move|p2a: Jirachi|Water Pulse|p1a: Excadrill
|-activate|p1a: Excadrill|move: Protect
|
|-weather|Sandstorm|[upkeep]
|-heal|p2a: Jirachi|69/100|[from] item: Leftovers
|-heal|p1a: Excadrill|15/100|[from] item: Leftovers
|upkeep
|turn|64
|
|switch|p1a: Tyranitar|Tyranitar, F|100/100
|move|p2a: Jirachi|Calm Mind|p2a: Jirachi
|-boost|p2a: Jirachi|spa|1
|-boost|p2a: Jirachi|spd|1
|
|-weather|Sandstorm|[upkeep]
|-heal|p2a: Jirachi|75/100|[from] item: Leftovers
|upkeep
|turn|65
|j| Aquaman42
|
|move|p2a: Jirachi|Water Pulse|p1a: Tyranitar
|-supereffective|p1a: Tyranitar
|-damage|p1a: Tyranitar|80/100
|-start|p1a: Tyranitar|confusion
|-activate|p1a: Tyranitar|confusion
|move|p1a: Tyranitar|Crunch|p2a: Jirachi
|-end|p2a: Jirachi|Substitute
|
|-weather|Sandstorm|[upkeep]
|-heal|p2a: Jirachi|81/100|[from] item: Leftovers
|upkeep
|turn|66
|
|move|p2a: Jirachi|Substitute|p2a: Jirachi
|-start|p2a: Jirachi|Substitute
|-damage|p2a: Jirachi|56/100
|-activate|p1a: Tyranitar|confusion
|move|p1a: Tyranitar|Crunch|p2a: Jirachi
|-end|p2a: Jirachi|Substitute
|
|-weather|Sandstorm|[upkeep]
|-heal|p2a: Jirachi|62/100|[from] item: Leftovers
|upkeep
|turn|67
|
|move|p2a: Jirachi|Substitute|p2a: Jirachi
|-start|p2a: Jirachi|Substitute
|-damage|p2a: Jirachi|37/100
|-activate|p1a: Tyranitar|confusion
|-damage|p1a: Tyranitar|69/100|[from] confusion
|
|-weather|Sandstorm|[upkeep]
|-heal|p2a: Jirachi|44/100|[from] item: Leftovers
|upkeep
|turn|68
|
|move|p2a: Jirachi|Thunder|p1a: Tyranitar
|-damage|p1a: Tyranitar|49/100
|-end|p1a: Tyranitar|confusion
|move|p1a: Tyranitar|Crunch|p2a: Jirachi
|-end|p2a: Jirachi|Substitute
|
|-weather|Sandstorm|[upkeep]
|-heal|p2a: Jirachi|50/100|[from] item: Leftovers
|upkeep
|turn|69
|
|move|p2a: Jirachi|Thunder|p1a: Tyranitar|[miss]
|-miss|p2a: Jirachi|p1a: Tyranitar
|move|p1a: Tyranitar|Crunch|p2a: Jirachi
|-damage|p2a: Jirachi|12/100
|
|-weather|Sandstorm|[upkeep]
|-heal|p2a: Jirachi|18/100|[from] item: Leftovers
|upkeep
|turn|70
|
|move|p2a: Jirachi|Thunder|p1a: Tyranitar
|-crit|p1a: Tyranitar
|-damage|p1a: Tyranitar|12/100
|-status|p1a: Tyranitar|par
|cant|p1a: Tyranitar|par
|
|-weather|Sandstorm|[upkeep]
|-heal|p2a: Jirachi|24/100|[from] item: Leftovers
|upkeep
|turn|71
|
|move|p2a: Jirachi|Water Pulse|p1a: Tyranitar
|-supereffective|p1a: Tyranitar
|-damage|p1a: Tyranitar|0 fnt
|faint|p1a: Tyranitar
|
|-weather|Sandstorm|[upkeep]
|-heal|p2a: Jirachi|30/100|[from] item: Leftovers
|upkeep
|
|switch|p1a: Victini|Victini|94/100
|turn|72
|
|switch|p2a: Politoed|Politoed, M|34/100
|-damage|p2a: Politoed|21/100|[from] Stealth Rock
|-damage|p2a: Politoed|9/100|[from] Spikes
|-weather|RainDance|[from] ability: Drizzle|[of] p2a: Politoed
|move|p1a: Victini|V-create|p2a: Politoed
|-resisted|p2a: Politoed
|-damage|p2a: Politoed|0 fnt
|-unboost|p1a: Victini|spe|1
|-unboost|p1a: Victini|def|1
|-unboost|p1a: Victini|spd|1
|faint|p2a: Politoed
|
|-weather|RainDance|[upkeep]
|upkeep
|
|switch|p2a: Tentacruel|Tentacruel, M|39/100 brn
|-damage|p2a: Tentacruel|26/100 brn|[from] Stealth Rock
|-damage|p2a: Tentacruel|14/100 brn|[from] Spikes
|turn|73
|
|move|p1a: Victini|V-create|p2a: Tentacruel
|-resisted|p2a: Tentacruel
|-damage|p2a: Tentacruel|0 fnt
|-unboost|p1a: Victini|spe|1
|-unboost|p1a: Victini|def|1
|-unboost|p1a: Victini|spd|1
|faint|p2a: Tentacruel
|
|-weather|RainDance|[upkeep]
|upkeep
|c|☆Legend Davy|hmmm
|
|switch|p2a: Gliscor|Gliscor, M|100/100 tox
|-damage|p2a: Gliscor|88/100 tox|[from] Stealth Rock
|turn|74
|
|switch|p1a: Rotom|Rotom-Wash|83/100
|switch|p2a: Ferrothorn|Ferrothorn, M|48/100 brn
|-damage|p2a: Ferrothorn|36/100 brn|[from] Spikes
|-damage|p2a: Ferrothorn|30/100 brn|[from] Stealth Rock
|
|-weather|RainDance|[upkeep]
|-heal|p1a: Rotom|90/100|[from] item: Leftovers
|-damage|p2a: Ferrothorn|18/100 brn|[from] brn
|upkeep
|turn|75
|
|move|p1a: Rotom|Volt Switch|p2a: Ferrothorn
|-resisted|p2a: Ferrothorn
|-damage|p2a: Ferrothorn|9/100 brn
|
|switch|p1a: Excadrill|Excadrill, M|15/100|[from]move: Volt Switch
|-ability|p1a: Excadrill|Mold Breaker
|move|p2a: Ferrothorn|Spikes|p1a: Excadrill
|-sidestart|p1: firelit nights|Spikes
|
|-weather|RainDance|[upkeep]
|-heal|p1a: Excadrill|21/100|[from] item: Leftovers
|-damage|p2a: Ferrothorn|0 fnt|[from] brn
|faint|p2a: Ferrothorn
|upkeep
|c| Aquaman42|firelit knows the team, i have battled with him a lot of times
|
|switch|p2a: Gliscor|Gliscor, M|88/100 tox
|-damage|p2a: Gliscor|76/100 tox|[from] Stealth Rock
|turn|76
|c|☆firelit nights|it's not just knowing the team
|
|switch|p1a: Rotom|Rotom-Wash|90/100
|move|p2a: Gliscor|Ice Fang|p1a: Rotom
|-resisted|p1a: Rotom
|-damage|p1a: Rotom|84/100
|
|-weather|RainDance|[upkeep]
|-heal|p1a: Rotom|90/100|[from] item: Leftovers
|-heal|p2a: Gliscor|88/100 tox|[from] ability: Poison Heal
|upkeep
|turn|77
|c|☆Legend Davy|I could have played this one better
|c|☆Legend Davy|I'm aware
|
|move|p2a: Gliscor|Substitute|p2a: Gliscor
|-start|p2a: Gliscor|Substitute
|-damage|p2a: Gliscor|63/100 tox
|move|p1a: Rotom|Volt Switch|p2a: Gliscor
|-immune|p2a: Gliscor
|
|-weather|RainDance|[upkeep]
|-heal|p1a: Rotom|96/100|[from] item: Leftovers
|-heal|p2a: Gliscor|76/100 tox|[from] ability: Poison Heal
|upkeep
|turn|78
|
|move|p2a: Gliscor|Ice Fang|p1a: Rotom
|-resisted|p1a: Rotom
|-damage|p1a: Rotom|90/100
|move|p1a: Rotom|Volt Switch|p2a: Gliscor
|-immune|p2a: Gliscor
|
|-weather|RainDance|[upkeep]
|-heal|p1a: Rotom|96/100|[from] item: Leftovers
|-heal|p2a: Gliscor|88/100 tox|[from] ability: Poison Heal
|upkeep
|turn|79
|
|move|p2a: Gliscor|Ice Fang|p1a: Rotom
|-resisted|p1a: Rotom
|-damage|p1a: Rotom|90/100
|cant|p1a: Rotom|flinch
|
|-weather|RainDance|[upkeep]
|-heal|p1a: Rotom|96/100|[from] item: Leftovers
|-heal|p2a: Gliscor|100/100 tox|[from] ability: Poison Heal
|upkeep
|turn|80
|
|move|p2a: Gliscor|Protect|p2a: Gliscor
|-singleturn|p2a: Gliscor|Protect
|move|p1a: Rotom|Volt Switch|p2a: Gliscor
|-immune|p2a: Gliscor
|
|-weather|RainDance|[upkeep]
|-heal|p1a: Rotom|100/100|[from] item: Leftovers
|upkeep
|turn|81
|c|☆firelit nights|you can still win
|c|☆Legend Davy|I know that too XD
|
|move|p2a: Gliscor|Protect||[still]
|-fail|p2a: Gliscor
|move|p1a: Rotom|Hydro Pump|p2a: Gliscor|[miss]
|-miss|p1a: Rotom|p2a: Gliscor
|
|-weather|RainDance|[upkeep]
|upkeep
|turn|82
|
|move|p2a: Gliscor|Earthquake|p1a: Rotom
|-immune|p1a: Rotom|[from] ability: Levitate
|move|p1a: Rotom|Will-O-Wisp||[still]
|-fail|p1a: Rotom
|
|-weather|RainDance|[upkeep]
|upkeep
|turn|83
|
|move|p2a: Gliscor|Protect|p2a: Gliscor
|-singleturn|p2a: Gliscor|Protect
|move|p1a: Rotom|Will-O-Wisp|p2a: Gliscor
|-activate|p2a: Gliscor|move: Protect
|
|-weather|RainDance|[upkeep]
|upkeep
|turn|84
|
|switch|p2a: Blissey|Blissey, F|74/100
|-damage|p2a: Blissey|62/100|[from] Spikes
|-damage|p2a: Blissey|50/100|[from] Stealth Rock
|move|p1a: Rotom|Pain Split|p2a: Blissey
|-sethp|p2a: Blissey|46/100|[from] move: Pain Split|[silent]
|-sethp|p1a: Rotom|100/100|[from] move: Pain Split
|
|-weather|RainDance|[upkeep]
|-heal|p2a: Blissey|52/100|[from] item: Leftovers
|upkeep
|turn|85
|
|move|p1a: Rotom|Volt Switch|p2a: Blissey
|-damage|p2a: Blissey|43/100
|
|switch|p1a: Ferrothorn|Ferrothorn, F|100/100|[from]move: Volt Switch
|-damage|p1a: Ferrothorn|88/100|[from] Spikes
|move|p2a: Blissey|Seismic Toss|p1a: Ferrothorn
|-damage|p1a: Ferrothorn|60/100
|-damage|p2a: Blissey|30/100|[from] ability: Iron Barbs|[of] p1a: Ferrothorn
|
|-weather|RainDance|[upkeep]
|-heal|p2a: Blissey|36/100|[from] item: Leftovers
|-heal|p1a: Ferrothorn|66/100|[from] item: Leftovers
|upkeep
|turn|86
|
|move|p2a: Blissey|Stealth Rock|p1a: Ferrothorn
|-sidestart|p1: firelit nights|move: Stealth Rock
|move|p1a: Ferrothorn|Leech Seed|p2a: Blissey
|-start|p2a: Blissey|move: Leech Seed
|
|-weather|RainDance|[upkeep]
|-heal|p2a: Blissey|43/100|[from] item: Leftovers
|-heal|p1a: Ferrothorn|72/100|[from] item: Leftovers
|-damage|p2a: Blissey|30/100|[from] Leech Seed|[of] p1a: Ferrothorn
|-heal|p1a: Ferrothorn|97/100|[silent]
|upkeep
|turn|87
|
|move|p2a: Blissey|Soft-Boiled|p2a: Blissey
|-heal|p2a: Blissey|80/100
|move|p1a: Ferrothorn|Power Whip|p2a: Blissey
|-damage|p2a: Blissey|44/100
|
|-weather|RainDance|[upkeep]
|-heal|p2a: Blissey|50/100|[from] item: Leftovers
|-heal|p1a: Ferrothorn|100/100|[from] item: Leftovers
|-damage|p2a: Blissey|37/100|[from] Leech Seed|[of] p1a: Ferrothorn
|upkeep
|turn|88
|
|switch|p1a: Excadrill|Excadrill, M|21/100
|-damage|p1a: Excadrill|18/100|[from] Stealth Rock
|-damage|p1a: Excadrill|5/100|[from] Spikes
|-ability|p1a: Excadrill|Mold Breaker
|move|p2a: Blissey|Soft-Boiled|p2a: Blissey
|-heal|p2a: Blissey|87/100
|
|-weather|RainDance|[upkeep]
|-heal|p1a: Excadrill|11/100|[from] item: Leftovers
|-heal|p2a: Blissey|94/100|[from] item: Leftovers
|-damage|p2a: Blissey|81/100|[from] Leech Seed|[of] p1a: Excadrill
|-heal|p1a: Excadrill|33/100|[silent]
|upkeep
|turn|89
|
|switch|p2a: Gliscor|Gliscor, M|100/100 tox
|-damage|p2a: Gliscor|88/100 tox|[from] Stealth Rock
|move|p1a: Excadrill|Rapid Spin|p2a: Gliscor
|-damage|p2a: Gliscor|84/100 tox
|-sideend|p1: firelit nights|Spikes|[from] move: Rapid Spin|[of] p1a: Excadrill
|-sideend|p1: firelit nights|Stealth Rock|[from] move: Rapid Spin|[of] p1a: Excadrill
|
|-weather|RainDance|[upkeep]
|-heal|p1a: Excadrill|39/100|[from] item: Leftovers
|-heal|p2a: Gliscor|97/100 tox|[from] ability: Poison Heal
|upkeep
|turn|90
|
|switch|p2a: Jirachi|Jirachi|30/100
|-damage|p2a: Jirachi|24/100|[from] Stealth Rock
|-damage|p2a: Jirachi|12/100|[from] Spikes
|move|p1a: Excadrill|Protect||[still]
|-fail|p1a: Excadrill
|
|-weather|RainDance|[upkeep]
|-heal|p2a: Jirachi|18/100|[from] item: Leftovers
|-heal|p1a: Excadrill|45/100|[from] item: Leftovers
|upkeep
|turn|91
|
|move|p2a: Jirachi|Water Pulse|p1a: Excadrill
|-supereffective|p1a: Excadrill
|-damage|p1a: Excadrill|12/100
|move|p1a: Excadrill|Earthquake|p2a: Jirachi
|-supereffective|p2a: Jirachi
|-damage|p2a: Jirachi|0 fnt
|faint|p2a: Jirachi
|
|-weather|RainDance|[upkeep]
|-heal|p1a: Excadrill|18/100|[from] item: Leftovers
|upkeep
|-message|Legend Davy forfeited.
|
|win|firelit nights
|l|☆Legend Davy
|l|☆firelit nights
|raw|firelit nights's rating: 1541 &rarr; <strong>1555</strong><br />(+14 for winning)
|raw|Legend Davy's rating: 1441 &rarr; <strong>1426</strong><br />(-15 for losing)
|l| insulae
|l| Aquaman42
|j| insulae
