|j|☆BW LORDD MOONMAN
|j|‽lilou in badeanzug
|t:|1707398836
|gametype|singles
|player|p1|BW LORDD MOONMAN|lucas|1526
|player|p2|lilou in badeanzug|2|1400
|teamsize|p1|6
|teamsize|p2|6
|gen|5
|tier|[Gen 5] OU
|rated|
|rule|Species Clause: Limit one of each Pokémon
|rule|OHKO Clause: OHKO moves are banned
|rule|Moody Clause: Moody is banned
|rule|Evasion Items Clause: Evasion items are banned
|rule|Evasion Moves Clause: Evasion moves are banned
|rule|Endless Battle Clause: Forcing endless battles is banned
|rule|HP Percentage Mod: HP is shown in percentages
|rule|Evasion Abilities Clause: Evasion abilities are banned
|rule|Sleep Moves Clause: Sleep-inducing moves are banned
|rule|Swagger Clause: Swagger is banned
|rule|Baton Pass Stat Clause: No Baton Passer may have a way to boost its stats
|clearpoke
|poke|p1|Blissey, F|item
|poke|p1|Excadrill, M|item
|poke|p1|Tyranitar, M|item
|poke|p1|Slowbro, M|item
|poke|p1|Latios, M|item
|poke|p1|Zapdos|item
|poke|p2|Latios, M|item
|poke|p2|Gliscor, M|item
|poke|p2|Jellicent, M|item
|poke|p2|Forretress, M|item
|poke|p2|Reuniclus, F|item
|poke|p2|Chansey, F|item
|teampreview
|
|t:|1707398851
|start
|switch|p1a: Tyranitar|Tyranitar, M|100/100
|switch|p2a: Gliscor|Gliscor, M|100/100
|-weather|Sandstorm|[from] ability: Sand Stream|[of] p1a: Tyranitar
|turn|1
|
|t:|1707398857
|move|p2a: Gliscor|Protect|p2a: Gliscor
|-singleturn|p2a: Gliscor|Protect
|move|p1a: Tyranitar|Ice Punch|p2a: Gliscor
|-activate|p2a: Gliscor|move: Protect
|
|-weather|Sandstorm|[upkeep]
|-status|p2a: Gliscor|tox|[from] item: Toxic Orb
|upkeep
|turn|2
|
|t:|1707398867
|switch|p1a: Zapdos|Zapdos|100/100
|-ability|p1a: Zapdos|Pressure
|switch|p2a: Chansey|Chansey, F|100/100
|
|-weather|Sandstorm|[upkeep]
|-damage|p1a: Zapdos|94/100|[from] Sandstorm
|-damage|p2a: Chansey|94/100|[from] Sandstorm
|-heal|p1a: Zapdos|100/100|[from] item: Leftovers
|upkeep
|turn|3
|
|t:|1707398869
|move|p1a: Zapdos|Volt Switch|p2a: Chansey
|-damage|p2a: Chansey|86/100
|
|t:|1707398871
|switch|p1a: Excadrill|Excadrill, M|100/100|[from] Volt Switch
|move|p2a: Chansey|Stealth Rock|p1a: Excadrill
|-sidestart|p1: BW LORDD MOONMAN|move: Stealth Rock
|
|-weather|Sandstorm|[upkeep]
|-damage|p2a: Chansey|80/100|[from] Sandstorm
|upkeep
|turn|4
|
|t:|1707398874
|switch|p2a: Gliscor|Gliscor, M|100/100 tox
|move|p1a: Excadrill|Swords Dance|p1a: Excadrill
|-boost|p1a: Excadrill|atk|2
|
|-weather|Sandstorm|[upkeep]
|upkeep
|turn|5
|
|t:|1707398878
|move|p1a: Excadrill|Iron Head|p2a: Gliscor
|-damage|p2a: Gliscor|26/100 tox
|move|p2a: Gliscor|Earthquake|p1a: Excadrill
|-supereffective|p1a: Excadrill
|-damage|p1a: Excadrill|25/100
|
|-weather|Sandstorm|[upkeep]
|-heal|p1a: Excadrill|31/100|[from] item: Leftovers
|-heal|p2a: Gliscor|39/100 tox|[from] ability: Poison Heal
|upkeep
|turn|6
|
|t:|1707398885
|switch|p2a: Forretress|Forretress, M|100/100
|move|p1a: Excadrill|Iron Head|p2a: Forretress
|-resisted|p2a: Forretress
|-damage|p2a: Forretress|72/100
|
|-weather|Sandstorm|[upkeep]
|-heal|p1a: Excadrill|37/100|[from] item: Leftovers
|-heal|p2a: Forretress|78/100|[from] item: Leftovers
|upkeep
|turn|7
|
|t:|1707398890
|switch|p2a: Latios|Latios, M|100/100
|move|p1a: Excadrill|Earthquake|p2a: Latios
|-immune|p2a: Latios|[from] ability: Levitate
|
|-weather|Sandstorm|[upkeep]
|-damage|p2a: Latios|95/100|[from] Sandstorm
|-heal|p1a: Excadrill|43/100|[from] item: Leftovers
|upkeep
|turn|8
|
|t:|1707398898
|switch|p2a: Gliscor|Gliscor, M|39/100 tox
|switch|p1a: Blissey|Blissey, F|100/100
|-damage|p1a: Blissey|88/100|[from] Stealth Rock
|
|-weather|Sandstorm|[upkeep]
|-damage|p1a: Blissey|82/100|[from] Sandstorm
|-heal|p1a: Blissey|88/100|[from] item: Leftovers
|-heal|p2a: Gliscor|51/100 tox|[from] ability: Poison Heal
|upkeep
|turn|9
|
|t:|1707398902
|move|p2a: Gliscor|Swords Dance|p2a: Gliscor
|-boost|p2a: Gliscor|atk|2
|move|p1a: Blissey|Stealth Rock|p2a: Gliscor
|-sidestart|p2: lilou in badeanzug|move: Stealth Rock
|
|-weather|Sandstorm|[upkeep]
|-damage|p1a: Blissey|82/100|[from] Sandstorm
|-heal|p1a: Blissey|88/100|[from] item: Leftovers
|-heal|p2a: Gliscor|64/100 tox|[from] ability: Poison Heal
|upkeep
|turn|10
|
|t:|1707398907
|switch|p1a: Zapdos|Zapdos|100/100
|-damage|p1a: Zapdos|75/100|[from] Stealth Rock
|-ability|p1a: Zapdos|Pressure
|move|p2a: Gliscor|Earthquake|p1a: Zapdos
|-immune|p1a: Zapdos
|
|-weather|Sandstorm|[upkeep]
|-damage|p1a: Zapdos|69/100|[from] Sandstorm
|-heal|p1a: Zapdos|75/100|[from] item: Leftovers
|-heal|p2a: Gliscor|76/100 tox|[from] ability: Poison Heal
|upkeep
|turn|11
|
|t:|1707398910
|move|p2a: Gliscor|Protect|p2a: Gliscor
|-singleturn|p2a: Gliscor|Protect
|move|p1a: Zapdos|Hidden Power|p2a: Gliscor
|-activate|p2a: Gliscor|move: Protect
|
|-weather|Sandstorm|[upkeep]
|-damage|p1a: Zapdos|69/100|[from] Sandstorm
|-heal|p1a: Zapdos|75/100|[from] item: Leftovers
|-heal|p2a: Gliscor|89/100 tox|[from] ability: Poison Heal
|upkeep
|turn|12
|
|t:|1707398915
|switch|p2a: Reuniclus|Reuniclus, F|100/100
|move|p1a: Zapdos|Volt Switch|p2a: Reuniclus
|-damage|p2a: Reuniclus|73/100
|
|t:|1707398919
|switch|p1a: Tyranitar|Tyranitar, M|100/100|[from] Volt Switch
|-damage|p1a: Tyranitar|88/100|[from] Stealth Rock
|
|-weather|Sandstorm|[upkeep]
|-heal|p2a: Reuniclus|79/100|[from] item: Leftovers
|upkeep
|turn|13
|
|t:|1707398923
|move|p1a: Tyranitar|Crunch|p2a: Reuniclus
|-supereffective|p2a: Reuniclus
|-damage|p2a: Reuniclus|22/100
|move|p2a: Reuniclus|Recover|p2a: Reuniclus
|-heal|p2a: Reuniclus|72/100
|
|-weather|Sandstorm|[upkeep]
|-heal|p2a: Reuniclus|78/100|[from] item: Leftovers
|upkeep
|turn|14
|
|t:|1707398934
|switch|p1a: Excadrill|Excadrill, M|43/100
|-damage|p1a: Excadrill|40/100|[from] Stealth Rock
|move|p2a: Reuniclus|Recover|p2a: Reuniclus
|-heal|p2a: Reuniclus|100/100
|
|-weather|Sandstorm|[upkeep]
|-heal|p1a: Excadrill|46/100|[from] item: Leftovers
|upkeep
|turn|15
|
|t:|1707398949
|switch|p2a: Gliscor|Gliscor, M|89/100 tox
|-damage|p2a: Gliscor|76/100 tox|[from] Stealth Rock
|move|p1a: Excadrill|Earthquake|p2a: Gliscor
|-immune|p2a: Gliscor
|
|-weather|Sandstorm|[upkeep]
|-heal|p1a: Excadrill|53/100|[from] item: Leftovers
|-heal|p2a: Gliscor|89/100 tox|[from] ability: Poison Heal
|upkeep
|turn|16
|
|t:|1707398963
|switch|p2a: Latios|Latios, M|95/100
|-damage|p2a: Latios|82/100|[from] Stealth Rock
|move|p1a: Excadrill|Iron Head|p2a: Latios
|-damage|p2a: Latios|5/100
|
|-weather|Sandstorm|[upkeep]
|-damage|p2a: Latios|0 fnt|[from] Sandstorm
|faint|p2a: Latios
|-heal|p1a: Excadrill|59/100|[from] item: Leftovers
|upkeep
|
|t:|1707398969
|switch|p2a: Gliscor|Gliscor, M|89/100 tox
|-damage|p2a: Gliscor|76/100 tox|[from] Stealth Rock
|turn|17
|
|t:|1707398974
|switch|p1a: Slowbro|Slowbro, M|100/100
|-damage|p1a: Slowbro|88/100|[from] Stealth Rock
|move|p2a: Gliscor|Ice Fang|p1a: Slowbro
|-resisted|p1a: Slowbro
|-damage|p1a: Slowbro|84/100
|-damage|p2a: Gliscor|60/100 tox|[from] item: Rocky Helmet|[of] p1a: Slowbro
|
|-weather|Sandstorm|[upkeep]
|-damage|p1a: Slowbro|78/100|[from] Sandstorm
|-heal|p2a: Gliscor|72/100 tox|[from] ability: Poison Heal
|upkeep
|turn|18
|
|t:|1707398991
|move|p2a: Gliscor|Protect|p2a: Gliscor
|-singleturn|p2a: Gliscor|Protect
|move|p1a: Slowbro|Ice Beam|p2a: Gliscor
|-activate|p2a: Gliscor|move: Protect
|
|-weather|Sandstorm|[upkeep]
|-damage|p1a: Slowbro|72/100|[from] Sandstorm
|-heal|p2a: Gliscor|85/100 tox|[from] ability: Poison Heal
|upkeep
|turn|19
|
|t:|1707398995
|switch|p2a: Reuniclus|Reuniclus, F|100/100
|move|p1a: Slowbro|Ice Beam|p2a: Reuniclus
|-damage|p2a: Reuniclus|82/100
|
|-weather|Sandstorm|[upkeep]
|-damage|p1a: Slowbro|65/100|[from] Sandstorm
|-heal|p2a: Reuniclus|88/100|[from] item: Leftovers
|upkeep
|turn|20
|
|t:|1707399001
|move|p2a: Reuniclus|Calm Mind|p2a: Reuniclus
|-boost|p2a: Reuniclus|spa|1
|-boost|p2a: Reuniclus|spd|1
|move|p1a: Slowbro|Thunder Wave|p2a: Reuniclus
|-status|p2a: Reuniclus|par
|
|-weather|Sandstorm|[upkeep]
|-damage|p1a: Slowbro|59/100|[from] Sandstorm
|-heal|p2a: Reuniclus|94/100 par|[from] item: Leftovers
|upkeep
|turn|21
|
|t:|1707399011
|switch|p1a: Latios|Latios, M|100/100
|-damage|p1a: Latios|88/100|[from] Stealth Rock
|move|p2a: Reuniclus|Hidden Power|p1a: Latios
|-supereffective|p1a: Latios
|-damage|p1a: Latios|26/100
|
|-weather|Sandstorm|[upkeep]
|-damage|p1a: Latios|20/100|[from] Sandstorm
|-heal|p2a: Reuniclus|99/100 par|[from] item: Leftovers
|upkeep
|turn|22
|
|t:|1707399019
|switch|p2a: Chansey|Chansey, F|80/100
|-damage|p2a: Chansey|68/100|[from] Stealth Rock
|move|p1a: Latios|Trick|p2a: Chansey
|-activate|p1a: Latios|move: Trick|[of] p2a: Chansey
|-item|p2a: Chansey|Choice Specs|[from] move: Trick
|-item|p1a: Latios|Eviolite|[from] move: Trick
|
|-weather|Sandstorm|[upkeep]
|-damage|p1a: Latios|14/100|[from] Sandstorm
|-damage|p2a: Chansey|62/100|[from] Sandstorm
|upkeep
|turn|23
|
|t:|1707399022
|move|p1a: Latios|Psyshock|p2a: Chansey
|-damage|p2a: Chansey|25/100
|move|p2a: Chansey|Soft-Boiled|p2a: Chansey
|-heal|p2a: Chansey|75/100
|
|-weather|Sandstorm|[upkeep]
|-damage|p1a: Latios|8/100|[from] Sandstorm
|-damage|p2a: Chansey|69/100|[from] Sandstorm
|upkeep
|turn|24
|
|t:|1707399026
|switch|p1a: Excadrill|Excadrill, M|59/100
|-damage|p1a: Excadrill|56/100|[from] Stealth Rock
|move|p2a: Chansey|Soft-Boiled|p2a: Chansey
|-heal|p2a: Chansey|100/100
|
|-weather|Sandstorm|[upkeep]
|-damage|p2a: Chansey|94/100|[from] Sandstorm
|-heal|p1a: Excadrill|62/100|[from] item: Leftovers
|upkeep
|turn|25
|
|t:|1707399028
|switch|p2a: Gliscor|Gliscor, M|85/100 tox
|-damage|p2a: Gliscor|72/100 tox|[from] Stealth Rock
|move|p1a: Excadrill|Rapid Spin|p2a: Gliscor
|-damage|p2a: Gliscor|68/100 tox
|-sideend|p1: BW LORDD MOONMAN|Stealth Rock|[from] move: Rapid Spin|[of] p1a: Excadrill
|
|-weather|Sandstorm|[upkeep]
|-heal|p1a: Excadrill|68/100|[from] item: Leftovers
|-heal|p2a: Gliscor|81/100 tox|[from] ability: Poison Heal
|upkeep
|turn|26
|
|t:|1707399036
|switch|p1a: Slowbro|Slowbro, M|93/100
|switch|p2a: Reuniclus|Reuniclus, F|99/100 par
|
|-weather|Sandstorm|[upkeep]
|-damage|p1a: Slowbro|87/100|[from] Sandstorm
|-heal|p2a: Reuniclus|100/100 par|[from] item: Leftovers
|upkeep
|turn|27
|
|t:|1707399041
|switch|p1a: Excadrill|Excadrill, M|68/100
|move|p2a: Reuniclus|Thunder|p1a: Excadrill
|-immune|p1a: Excadrill
|
|-weather|Sandstorm|[upkeep]
|-heal|p1a: Excadrill|74/100|[from] item: Leftovers
|upkeep
|turn|28
|
|t:|1707399044
|switch|p2a: Gliscor|Gliscor, M|81/100 tox
|-damage|p2a: Gliscor|68/100 tox|[from] Stealth Rock
|move|p1a: Excadrill|Iron Head|p2a: Gliscor
|-damage|p2a: Gliscor|31/100 tox
|
|-weather|Sandstorm|[upkeep]
|-heal|p1a: Excadrill|80/100|[from] item: Leftovers
|-heal|p2a: Gliscor|43/100 tox|[from] ability: Poison Heal
|upkeep
|turn|29
|
|t:|1707399049
|switch|p1a: Slowbro|Slowbro, M|100/100
|move|p2a: Gliscor|Earthquake|p1a: Slowbro
|-damage|p1a: Slowbro|83/100
|
|-weather|Sandstorm|[upkeep]
|-damage|p1a: Slowbro|77/100|[from] Sandstorm
|-heal|p2a: Gliscor|56/100 tox|[from] ability: Poison Heal
|upkeep
|turn|30
|
|t:|1707399058
|move|p2a: Gliscor|Protect|p2a: Gliscor
|-singleturn|p2a: Gliscor|Protect
|move|p1a: Slowbro|Ice Beam|p2a: Gliscor
|-activate|p2a: Gliscor|move: Protect
|
|-weather|Sandstorm|[upkeep]
|-damage|p1a: Slowbro|71/100|[from] Sandstorm
|-heal|p2a: Gliscor|68/100 tox|[from] ability: Poison Heal
|upkeep
|turn|31
|
|t:|1707399062
|switch|p2a: Reuniclus|Reuniclus, F|100/100 par
|move|p1a: Slowbro|Ice Beam|p2a: Reuniclus
|-damage|p2a: Reuniclus|79/100 par
|
|-weather|Sandstorm|[upkeep]
|-damage|p1a: Slowbro|64/100|[from] Sandstorm
|-heal|p2a: Reuniclus|85/100 par|[from] item: Leftovers
|upkeep
|turn|32
|
|t:|1707399067
|switch|p2a: Gliscor|Gliscor, M|68/100 tox
|-damage|p2a: Gliscor|56/100 tox|[from] Stealth Rock
|move|p1a: Slowbro|Ice Beam|p2a: Gliscor
|-supereffective|p2a: Gliscor
|-damage|p2a: Gliscor|0 fnt
|faint|p2a: Gliscor
|
|-weather|Sandstorm|[upkeep]
|-damage|p1a: Slowbro|58/100|[from] Sandstorm
|upkeep
|-message|lilou in badeanzug forfeited.
|
|win|BW LORDD MOONMAN
|raw|BW LORDD MOONMAN's rating: 1526 &rarr; <strong>1539</strong><br />(+13 for winning)
|raw|lilou in badeanzug's rating: 1400 &rarr; <strong>1387</strong><br />(-13 for losing)
|l|‽lilou in badeanzug
|player|p2|
