|j|‽rahzagoul
|j|☆porrompompom
|player|p1|rahzagoul|bruno-gen3|1343
|player|p2|porrompompom|1|1422
|teamsize|p1|6
|teamsize|p2|6
|gametype|singles
|gen|5
|tier|[Gen 5] OU
|rated|
|rule|Sleep Clause Mod: Limit one foe put to sleep
|rule|Species Clause: Limit one of each Pokémon
|rule|OHKO Clause: OHKO moves are banned
|rule|Moody Clause: Moody is banned
|rule|Evasion Moves Clause: Evasion moves are banned
|rule|Endless Battle Clause: Forcing endless battles is banned
|rule|HP Percentage Mod: HP is shown in percentages
|rule|Evasion Abilities Clause: Evasion abilities are banned
|rule|Baton Pass Clause: Limit one Baton Passer, can't pass Spe and other stats simultaneously
|rule|Swagger Clause: Swagger is banned
|clearpoke
|poke|p1|Rotom-Wash|item
|poke|p1|Tyranitar, F|item
|poke|p1|Latios, M|item
|poke|p1|Reuniclus, F|item
|poke|p1|Ferrothorn, F|item
|poke|p1|Landorus-Therian, M|item
|poke|p2|Jirachi|item
|poke|p2|Amoonguss, M|item
|poke|p2|Togekiss, M|item
|poke|p2|Tentacruel, F|item
|poke|p2|Politoed, M|item
|poke|p2|Landorus-Therian, M|item
|teampreview
|
|start
|switch|p1a: Rotom|Rotom-Wash|100/100
|switch|p2a: Amoonguss|Amoonguss, M|100/100
|turn|1
|
|move|p1a: Rotom|Volt Switch|p2a: Amoonguss
|-resisted|p2a: Amoonguss
|-damage|p2a: Amoonguss|92/100
|
|switch|p1a: Latios|Latios, M|100/100|[from]move: Volt Switch
|move|p2a: Amoonguss|Stun Spore|p1a: Latios
|-status|p1a: Latios|par
|
|-heal|p2a: Amoonguss|98/100|[from] item: Black Sludge
|upkeep
|turn|2
|
|switch|p2a: Jirachi|Jirachi|100/100
|switch|p1a: Ferrothorn|Ferrothorn, F|100/100
|
|upkeep
|turn|3
|
|switch|p2a: Landorus|Landorus-Therian, M|100/100
|-ability|p2a: Landorus|Intimidate|boost
|-unboost|p1a: Ferrothorn|atk|1
|move|p1a: Ferrothorn|Spikes|p2a: Landorus
|-sidestart|p2: porrompompom|Spikes
|
|upkeep
|turn|4
|
|move|p2a: Landorus|Stealth Rock|p1a: Ferrothorn
|-sidestart|p1: rahzagoul|move: Stealth Rock
|move|p1a: Ferrothorn|Spikes|p2a: Landorus
|-sidestart|p2: porrompompom|Spikes
|
|upkeep
|turn|5
|
|switch|p2a: Tentacruel|Tentacruel, F|100/100
|-damage|p2a: Tentacruel|84/100|[from] Spikes
|move|p1a: Ferrothorn|Leech Seed|p2a: Tentacruel
|-start|p2a: Tentacruel|move: Leech Seed
|
|-heal|p2a: Tentacruel|90/100|[from] item: Black Sludge
|-damage|p2a: Tentacruel|78/100|[from] Leech Seed|[of] p1a: Ferrothorn
|upkeep
|turn|6
|
|move|p2a: Tentacruel|Rapid Spin|p1a: Ferrothorn
|-resisted|p1a: Ferrothorn
|-damage|p1a: Ferrothorn|99/100
|-damage|p2a: Tentacruel|65/100|[from] ability: Iron Barbs|[of] p1a: Ferrothorn
|-end|p2a: Tentacruel|Leech Seed|[from] move: Rapid Spin|[of] p2a: Tentacruel
|-sideend|p2: porrompompom|Spikes|[from] move: Rapid Spin|[of] p2a: Tentacruel
|move|p1a: Ferrothorn|Knock Off|p2a: Tentacruel
|-damage|p2a: Tentacruel|62/100
|-enditem|p2a: Tentacruel|Black Sludge|[from] move: Knock Off|[of] p1a: Ferrothorn
|
|-heal|p1a: Ferrothorn|100/100|[from] item: Leftovers
|upkeep
|turn|7
|
|move|p2a: Tentacruel|Scald|p1a: Ferrothorn
|-resisted|p1a: Ferrothorn
|-damage|p1a: Ferrothorn|93/100
|-status|p1a: Ferrothorn|brn
|move|p1a: Ferrothorn|Spikes|p2a: Tentacruel
|-sidestart|p2: porrompompom|Spikes
|
|-heal|p1a: Ferrothorn|99/100 brn|[from] item: Leftovers
|-damage|p1a: Ferrothorn|86/100 brn|[from] brn
|upkeep
|turn|8
|
|move|p2a: Tentacruel|Substitute|p2a: Tentacruel
|-start|p2a: Tentacruel|Substitute
|-damage|p2a: Tentacruel|37/100
|move|p1a: Ferrothorn|Leech Seed||[still]
|-fail|p1a: Ferrothorn
|
|-heal|p1a: Ferrothorn|93/100 brn|[from] item: Leftovers
|-damage|p1a: Ferrothorn|80/100 brn|[from] brn
|upkeep
|turn|9
|
|switch|p1a: Tyranitar|Tyranitar, F|100/100
|-damage|p1a: Tyranitar|88/100|[from] Stealth Rock
|-weather|Sandstorm|[from] ability: Sand Stream|[of] p1a: Tyranitar
|move|p2a: Tentacruel|Scald|p1a: Tyranitar
|-supereffective|p1a: Tyranitar
|-damage|p1a: Tyranitar|70/100
|
|-weather|Sandstorm|[upkeep]
|-damage|p2a: Tentacruel|31/100|[from] Sandstorm
|upkeep
|turn|10
|
|switch|p1a: Reuniclus|Reuniclus, F|100/100
|move|p2a: Tentacruel|Scald|p1a: Reuniclus
|-damage|p1a: Reuniclus|78/100
|
|-weather|Sandstorm|[upkeep]
|-damage|p2a: Tentacruel|25/100|[from] Sandstorm
|-heal|p1a: Reuniclus|84/100|[from] item: Leftovers
|upkeep
|turn|11
|
|switch|p1a: Rotom|Rotom-Wash|100/100
|-damage|p1a: Rotom|88/100|[from] Stealth Rock
|move|p2a: Tentacruel|Rapid Spin|p1a: Rotom
|-damage|p1a: Rotom|86/100
|-sideend|p2: porrompompom|Spikes|[from] move: Rapid Spin|[of] p2a: Tentacruel
|
|-weather|Sandstorm|[upkeep]
|-damage|p2a: Tentacruel|19/100|[from] Sandstorm
|-damage|p1a: Rotom|80/100|[from] Sandstorm
|-heal|p1a: Rotom|86/100|[from] item: Leftovers
|upkeep
|turn|12
|
|switch|p2a: Amoonguss|Amoonguss, M|100/100
|move|p1a: Rotom|Volt Switch|p2a: Amoonguss
|-resisted|p2a: Amoonguss
|-damage|p2a: Amoonguss|92/100
|
|switch|p1a: Tyranitar|Tyranitar, F|70/100|[from]move: Volt Switch
|-damage|p1a: Tyranitar|57/100|[from] Stealth Rock
|
|-weather|Sandstorm|[upkeep]
|-damage|p2a: Amoonguss|86/100|[from] Sandstorm
|-heal|p2a: Amoonguss|92/100|[from] item: Black Sludge
|upkeep
|turn|13
|
|switch|p2a: Landorus|Landorus-Therian, M|100/100
|-ability|p2a: Landorus|Intimidate|boost
|-unboost|p1a: Tyranitar|atk|1
|move|p1a: Tyranitar|Stealth Rock|p2a: Landorus
|-sidestart|p2: porrompompom|move: Stealth Rock
|
|-weather|Sandstorm|[upkeep]
|upkeep
|turn|14
|
|switch|p2a: Politoed|Politoed, M|100/100
|-damage|p2a: Politoed|88/100|[from] Stealth Rock
|-weather|RainDance|[from] ability: Drizzle|[of] p2a: Politoed
|switch|p1a: Rotom|Rotom-Wash|86/100
|-damage|p1a: Rotom|73/100|[from] Stealth Rock
|
|-weather|RainDance|[upkeep]
|-heal|p1a: Rotom|79/100|[from] item: Leftovers
|upkeep
|turn|15
|
|move|p2a: Politoed|Hypnosis|p1a: Rotom
|-status|p1a: Rotom|slp|[from] move: Hypnosis
|cant|p1a: Rotom|slp
|
|-weather|RainDance|[upkeep]
|-heal|p1a: Rotom|85/100 slp|[from] item: Leftovers
|upkeep
|turn|16
|
|switch|p2a: Amoonguss|Amoonguss, M|100/100
|-damage|p2a: Amoonguss|88/100|[from] Stealth Rock
|cant|p1a: Rotom|slp
|
|-weather|RainDance|[upkeep]
|-heal|p1a: Rotom|91/100 slp|[from] item: Leftovers
|-heal|p2a: Amoonguss|94/100|[from] item: Black Sludge
|upkeep
|turn|17
|
|cant|p1a: Rotom|slp
|move|p2a: Amoonguss|Giga Drain|p1a: Rotom
|-supereffective|p1a: Rotom
|-damage|p1a: Rotom|54/100 slp
|-heal|p2a: Amoonguss|100/100|[from] drain|[of] p1a: Rotom
|
|-weather|RainDance|[upkeep]
|-heal|p1a: Rotom|60/100 slp|[from] item: Leftovers
|upkeep
|turn|18
|
|-curestatus|p1a: Rotom|slp|[msg]
|move|p1a: Rotom|Volt Switch|p2a: Amoonguss
|-resisted|p2a: Amoonguss
|-damage|p2a: Amoonguss|92/100
|
|switch|p1a: Ferrothorn|Ferrothorn, F|80/100 brn|[from]move: Volt Switch
|-damage|p1a: Ferrothorn|74/100 brn|[from] Stealth Rock
|move|p2a: Amoonguss|Spore||[still]
|-fail|p2a: Amoonguss
|
|-weather|RainDance|[upkeep]
|-heal|p2a: Amoonguss|98/100|[from] item: Black Sludge
|-heal|p1a: Ferrothorn|80/100 brn|[from] item: Leftovers
|-damage|p1a: Ferrothorn|68/100 brn|[from] brn
|upkeep
|turn|19
|
|switch|p2a: Tentacruel|Tentacruel, F|19/100
|-damage|p2a: Tentacruel|6/100|[from] Stealth Rock
|move|p1a: Ferrothorn|Power Whip|p2a: Tentacruel
|-damage|p2a: Tentacruel|0 fnt
|faint|p2a: Tentacruel
|
|-weather|RainDance|[upkeep]
|-heal|p1a: Ferrothorn|74/100 brn|[from] item: Leftovers
|-damage|p1a: Ferrothorn|61/100 brn|[from] brn
|upkeep
|
|switch|p2a: Togekiss|Togekiss, M|100/100
|-damage|p2a: Togekiss|76/100|[from] Stealth Rock
|turn|20
|
|switch|p1a: Rotom|Rotom-Wash|60/100
|-damage|p1a: Rotom|47/100|[from] Stealth Rock
|move|p2a: Togekiss|Air Slash|p1a: Rotom
|-resisted|p1a: Rotom
|-damage|p1a: Rotom|35/100
|
|-weather|RainDance|[upkeep]
|-heal|p2a: Togekiss|82/100|[from] item: Leftovers
|-heal|p1a: Rotom|41/100|[from] item: Leftovers
|upkeep
|turn|21
|
|switch|p2a: Amoonguss|Amoonguss, M|100/100
|-damage|p2a: Amoonguss|88/100|[from] Stealth Rock
|move|p1a: Rotom|Pain Split|p2a: Amoonguss
|-sethp|p2a: Amoonguss|59/100|[from] move: Pain Split|[silent]
|-sethp|p1a: Rotom|83/100|[from] move: Pain Split
|
|-weather|RainDance|[upkeep]
|-heal|p1a: Rotom|89/100|[from] item: Leftovers
|-heal|p2a: Amoonguss|65/100|[from] item: Black Sludge
|upkeep
|turn|22
|
|move|p1a: Rotom|Will-O-Wisp|p2a: Amoonguss|[miss]
|-miss|p1a: Rotom|p2a: Amoonguss
|move|p2a: Amoonguss|Stun Spore|p1a: Rotom
|-status|p1a: Rotom|par
|
|-weather|RainDance|[upkeep]
|-heal|p2a: Amoonguss|71/100|[from] item: Black Sludge
|-heal|p1a: Rotom|95/100 par|[from] item: Leftovers
|upkeep
|turn|23
|
|move|p2a: Amoonguss|Giga Drain|p1a: Rotom
|-supereffective|p1a: Rotom
|-damage|p1a: Rotom|56/100 par
|-heal|p2a: Amoonguss|85/100|[from] drain|[of] p1a: Rotom
|move|p1a: Rotom|Volt Switch|p2a: Amoonguss
|-resisted|p2a: Amoonguss
|-damage|p2a: Amoonguss|76/100
|
|switch|p1a: Ferrothorn|Ferrothorn, F|61/100 brn|[from]move: Volt Switch
|-damage|p1a: Ferrothorn|55/100 brn|[from] Stealth Rock
|
|-weather|RainDance|[upkeep]
|-heal|p2a: Amoonguss|82/100|[from] item: Black Sludge
|-heal|p1a: Ferrothorn|61/100 brn|[from] item: Leftovers
|-damage|p1a: Ferrothorn|49/100 brn|[from] brn
|upkeep
|turn|24
|
|switch|p2a: Landorus|Landorus-Therian, M|100/100
|-damage|p2a: Landorus|88/100|[from] Stealth Rock
|-ability|p2a: Landorus|Intimidate|boost
|-unboost|p1a: Ferrothorn|atk|1
|move|p1a: Ferrothorn|Spikes|p2a: Landorus
|-sidestart|p2: porrompompom|Spikes
|
|-weather|RainDance|[upkeep]
|-heal|p2a: Landorus|94/100|[from] item: Leftovers
|-heal|p1a: Ferrothorn|55/100 brn|[from] item: Leftovers
|-damage|p1a: Ferrothorn|43/100 brn|[from] brn
|upkeep
|turn|25
|
|move|p2a: Landorus|Earthquake|p1a: Ferrothorn
|-damage|p1a: Ferrothorn|14/100 brn
|move|p1a: Ferrothorn|Spikes|p2a: Landorus
|-sidestart|p2: porrompompom|Spikes
|
|-weather|RainDance|[upkeep]
|-heal|p2a: Landorus|99/100|[from] item: Leftovers
|-heal|p1a: Ferrothorn|20/100 brn|[from] item: Leftovers
|-damage|p1a: Ferrothorn|7/100 brn|[from] brn
|upkeep
|turn|26
|
|move|p2a: Landorus|Earthquake|p1a: Ferrothorn
|-damage|p1a: Ferrothorn|0 fnt
|faint|p1a: Ferrothorn
|
|-weather|RainDance|[upkeep]
|-heal|p2a: Landorus|100/100|[from] item: Leftovers
|upkeep
|
|switch|p1a: Reuniclus|Reuniclus, F|84/100
|turn|27
|
|switch|p2a: Jirachi|Jirachi|100/100
|-damage|p2a: Jirachi|84/100|[from] Spikes
|-damage|p2a: Jirachi|78/100|[from] Stealth Rock
|move|p1a: Reuniclus|Recover|p1a: Reuniclus
|-heal|p1a: Reuniclus|100/100
|
|-weather|RainDance|[upkeep]
|-heal|p2a: Jirachi|84/100|[from] item: Leftovers
|upkeep
|turn|28
|
|move|p2a: Jirachi|Body Slam|p1a: Reuniclus
|-damage|p1a: Reuniclus|87/100
|-status|p1a: Reuniclus|par
|move|p1a: Reuniclus|Thunder|p2a: Jirachi
|-damage|p2a: Jirachi|63/100
|-status|p2a: Jirachi|par
|
|-weather|RainDance|[upkeep]
|-heal|p2a: Jirachi|69/100 par|[from] item: Leftovers
|-heal|p1a: Reuniclus|93/100 par|[from] item: Leftovers
|upkeep
|turn|29
|
|move|p2a: Jirachi|Iron Head|p1a: Reuniclus
|-damage|p1a: Reuniclus|75/100 par
|move|p1a: Reuniclus|Calm Mind|p1a: Reuniclus
|-boost|p1a: Reuniclus|spa|1
|-boost|p1a: Reuniclus|spd|1
|
|-weather|RainDance|[upkeep]
|-heal|p2a: Jirachi|75/100 par|[from] item: Leftovers
|-heal|p1a: Reuniclus|81/100 par|[from] item: Leftovers
|upkeep
|turn|30
|
|move|p2a: Jirachi|Iron Head|p1a: Reuniclus
|-damage|p1a: Reuniclus|60/100 par
|move|p1a: Reuniclus|Thunder|p2a: Jirachi
|-crit|p2a: Jirachi
|-damage|p2a: Jirachi|15/100 par
|
|-weather|RainDance|[upkeep]
|-heal|p2a: Jirachi|21/100 par|[from] item: Leftovers
|-heal|p1a: Reuniclus|66/100 par|[from] item: Leftovers
|upkeep
|turn|31
|
|move|p2a: Jirachi|Iron Head|p1a: Reuniclus
|-damage|p1a: Reuniclus|48/100 par
|cant|p1a: Reuniclus|flinch
|
|-weather|RainDance|[upkeep]
|-heal|p2a: Jirachi|27/100 par|[from] item: Leftovers
|-heal|p1a: Reuniclus|55/100 par|[from] item: Leftovers
|upkeep
|turn|32
|
|move|p2a: Jirachi|Iron Head|p1a: Reuniclus
|-damage|p1a: Reuniclus|35/100 par
|cant|p1a: Reuniclus|flinch
|
|-weather|RainDance|[upkeep]
|-heal|p2a: Jirachi|33/100 par|[from] item: Leftovers
|-heal|p1a: Reuniclus|41/100 par|[from] item: Leftovers
|upkeep
|turn|33
|
|move|p2a: Jirachi|Iron Head|p1a: Reuniclus
|-damage|p1a: Reuniclus|23/100 par
|move|p1a: Reuniclus|Recover|p1a: Reuniclus
|-heal|p1a: Reuniclus|73/100 par
|
|-weather|RainDance|[upkeep]
|-heal|p2a: Jirachi|39/100 par|[from] item: Leftovers
|-heal|p1a: Reuniclus|79/100 par|[from] item: Leftovers
|upkeep
|turn|34
|
|cant|p2a: Jirachi|par
|move|p1a: Reuniclus|Thunder|p2a: Jirachi
|-damage|p2a: Jirachi|11/100 par
|
|-weather|RainDance|[upkeep]
|-heal|p2a: Jirachi|17/100 par|[from] item: Leftovers
|-heal|p1a: Reuniclus|85/100 par|[from] item: Leftovers
|upkeep
|turn|35
|
|move|p2a: Jirachi|Iron Head|p1a: Reuniclus
|-damage|p1a: Reuniclus|66/100 par
|cant|p1a: Reuniclus|par
|
|-weather|RainDance|[upkeep]
|-heal|p2a: Jirachi|23/100 par|[from] item: Leftovers
|-heal|p1a: Reuniclus|72/100 par|[from] item: Leftovers
|upkeep
|turn|36
|
|move|p2a: Jirachi|Iron Head|p1a: Reuniclus
|-damage|p1a: Reuniclus|51/100 par
|cant|p1a: Reuniclus|flinch
|
|-weather|RainDance|[upkeep]
|-heal|p2a: Jirachi|30/100 par|[from] item: Leftovers
|-heal|p1a: Reuniclus|57/100 par|[from] item: Leftovers
|upkeep
|turn|37
|
|move|p2a: Jirachi|Wish|p2a: Jirachi
|move|p1a: Reuniclus|Recover|p1a: Reuniclus
|-heal|p1a: Reuniclus|100/100 par
|
|-weather|RainDance|[upkeep]
|-heal|p2a: Jirachi|36/100 par|[from] item: Leftovers
|upkeep
|turn|38
|
|move|p2a: Jirachi|Protect|p2a: Jirachi
|-singleturn|p2a: Jirachi|Protect
|cant|p1a: Reuniclus|par
|
|-weather|RainDance|[upkeep]
|-heal|p2a: Jirachi|86/100 par|[from] move: Wish|[wisher] Jirachi
|-heal|p2a: Jirachi|92/100 par|[from] item: Leftovers
|upkeep
|turn|39
|
|move|p2a: Jirachi|Iron Head|p1a: Reuniclus
|-damage|p1a: Reuniclus|80/100 par
|cant|p1a: Reuniclus|flinch
|
|-weather|RainDance|[upkeep]
|-heal|p2a: Jirachi|98/100 par|[from] item: Leftovers
|-heal|p1a: Reuniclus|87/100 par|[from] item: Leftovers
|upkeep
|turn|40
|
|move|p2a: Jirachi|Iron Head|p1a: Reuniclus
|-damage|p1a: Reuniclus|67/100 par
|cant|p1a: Reuniclus|flinch
|
|-weather|RainDance|[upkeep]
|-heal|p2a: Jirachi|100/100 par|[from] item: Leftovers
|-heal|p1a: Reuniclus|74/100 par|[from] item: Leftovers
|upkeep
|turn|41
|
|move|p2a: Jirachi|Iron Head|p1a: Reuniclus
|-damage|p1a: Reuniclus|56/100 par
|cant|p1a: Reuniclus|flinch
|
|-weather|RainDance|[upkeep]
|-heal|p1a: Reuniclus|62/100 par|[from] item: Leftovers
|upkeep
|turn|42
|
|move|p2a: Jirachi|Iron Head|p1a: Reuniclus
|-damage|p1a: Reuniclus|42/100 par
|cant|p1a: Reuniclus|flinch
|
|-weather|RainDance|[upkeep]
|-heal|p1a: Reuniclus|48/100 par|[from] item: Leftovers
|upkeep
|turn|43
|
|switch|p2a: Politoed|Politoed, M|88/100
|-damage|p2a: Politoed|72/100|[from] Spikes
|-damage|p2a: Politoed|59/100|[from] Stealth Rock
|move|p1a: Reuniclus|Recover|p1a: Reuniclus
|-heal|p1a: Reuniclus|98/100 par
|
|-weather|RainDance|[upkeep]
|-heal|p1a: Reuniclus|100/100 par|[from] item: Leftovers
|upkeep
|turn|44
|
|move|p2a: Politoed|Encore|p1a: Reuniclus
|-start|p1a: Reuniclus|Encore
|move|p1a: Reuniclus|Recover||[still]
|-fail|p1a: Reuniclus
|
|-weather|RainDance|[upkeep]
|upkeep
|turn|45
|
|switch|p2a: Togekiss|Togekiss, M|82/100
|-damage|p2a: Togekiss|57/100|[from] Stealth Rock
|switch|p1a: Tyranitar|Tyranitar, F|57/100
|-damage|p1a: Tyranitar|45/100|[from] Stealth Rock
|-weather|Sandstorm|[from] ability: Sand Stream|[of] p1a: Tyranitar
|
|-weather|Sandstorm|[upkeep]
|-damage|p2a: Togekiss|51/100|[from] Sandstorm
|-heal|p2a: Togekiss|57/100|[from] item: Leftovers
|upkeep
|turn|46
|
|move|p2a: Togekiss|Roost|p2a: Togekiss
|-heal|p2a: Togekiss|100/100
|-singleturn|p2a: Togekiss|move: Roost
|move|p1a: Tyranitar|Crunch|p2a: Togekiss
|-damage|p2a: Togekiss|64/100
|
|-weather|Sandstorm|[upkeep]
|-damage|p2a: Togekiss|58/100|[from] Sandstorm
|-heal|p2a: Togekiss|64/100|[from] item: Leftovers
|upkeep
|turn|47
|
|switch|p1a: Rotom|Rotom-Wash|56/100 par
|-damage|p1a: Rotom|43/100 par|[from] Stealth Rock
|move|p2a: Togekiss|Roost|p2a: Togekiss
|-heal|p2a: Togekiss|100/100
|-singleturn|p2a: Togekiss|move: Roost
|
|-weather|Sandstorm|[upkeep]
|-damage|p2a: Togekiss|94/100|[from] Sandstorm
|-damage|p1a: Rotom|37/100 par|[from] Sandstorm
|-heal|p2a: Togekiss|100/100|[from] item: Leftovers
|-heal|p1a: Rotom|43/100 par|[from] item: Leftovers
|upkeep
|turn|48
|
|switch|p2a: Jirachi|Jirachi|100/100 par
|-damage|p2a: Jirachi|94/100 par|[from] Stealth Rock
|-damage|p2a: Jirachi|78/100 par|[from] Spikes
|move|p1a: Rotom|Pain Split|p2a: Jirachi
|-sethp|p2a: Jirachi|55/100 par|[from] move: Pain Split|[silent]
|-sethp|p1a: Rotom|73/100 par|[from] move: Pain Split
|
|-weather|Sandstorm|[upkeep]
|-damage|p1a: Rotom|67/100 par|[from] Sandstorm
|-heal|p2a: Jirachi|61/100 par|[from] item: Leftovers
|-heal|p1a: Rotom|73/100 par|[from] item: Leftovers
|upkeep
|turn|49
|
|cant|p2a: Jirachi|par
|cant|p1a: Rotom|par
|
|-weather|Sandstorm|[upkeep]
|-damage|p1a: Rotom|67/100 par|[from] Sandstorm
|-heal|p2a: Jirachi|67/100 par|[from] item: Leftovers
|-heal|p1a: Rotom|73/100 par|[from] item: Leftovers
|upkeep
|turn|50
|
|move|p2a: Jirachi|Wish|p2a: Jirachi
|move|p1a: Rotom|Volt Switch|p2a: Jirachi
|-damage|p2a: Jirachi|51/100 par
|
|switch|p1a: Landorus|Landorus-Therian, M|100/100|[from]move: Volt Switch
|-damage|p1a: Landorus|88/100|[from] Stealth Rock
|-ability|p1a: Landorus|Intimidate|boost
|-unboost|p2a: Jirachi|atk|1
|
|-weather|Sandstorm|[upkeep]
|-heal|p2a: Jirachi|57/100 par|[from] item: Leftovers
|upkeep
|turn|51
|
|switch|p2a: Togekiss|Togekiss, M|100/100
|-damage|p2a: Togekiss|76/100|[from] Stealth Rock
|move|p1a: Landorus|Earthquake|p2a: Togekiss
|-immune|p2a: Togekiss
|
|-weather|Sandstorm|[upkeep]
|-damage|p2a: Togekiss|69/100|[from] Sandstorm
|-heal|p2a: Togekiss|100/100|[from] move: Wish|[wisher] Jirachi
|upkeep
|turn|52
|
|switch|p1a: Rotom|Rotom-Wash|73/100 par
|-damage|p1a: Rotom|61/100 par|[from] Stealth Rock
|move|p2a: Togekiss|Nasty Plot|p2a: Togekiss
|-boost|p2a: Togekiss|spa|2
|
|-weather|Sandstorm|[upkeep]
|-damage|p2a: Togekiss|94/100|[from] Sandstorm
|-damage|p1a: Rotom|55/100 par|[from] Sandstorm
|-heal|p2a: Togekiss|100/100|[from] item: Leftovers
|-heal|p1a: Rotom|61/100 par|[from] item: Leftovers
|upkeep
|turn|53
|
|move|p2a: Togekiss|Air Slash|p1a: Rotom
|-resisted|p1a: Rotom
|-damage|p1a: Rotom|37/100 par
|cant|p1a: Rotom|flinch
|
|-weather|Sandstorm|[upkeep]
|-damage|p2a: Togekiss|94/100|[from] Sandstorm
|-damage|p1a: Rotom|31/100 par|[from] Sandstorm
|-heal|p2a: Togekiss|100/100|[from] item: Leftovers
|-heal|p1a: Rotom|37/100 par|[from] item: Leftovers
|upkeep
|turn|54
|
|move|p2a: Togekiss|Air Slash|p1a: Rotom
|-resisted|p1a: Rotom
|-damage|p1a: Rotom|13/100 par
|cant|p1a: Rotom|flinch
|
|-weather|Sandstorm|[upkeep]
|-damage|p2a: Togekiss|94/100|[from] Sandstorm
|-damage|p1a: Rotom|7/100 par|[from] Sandstorm
|-heal|p2a: Togekiss|100/100|[from] item: Leftovers
|-heal|p1a: Rotom|13/100 par|[from] item: Leftovers
|upkeep
|turn|55
|
|move|p2a: Togekiss|Air Slash|p1a: Rotom
|-resisted|p1a: Rotom
|-damage|p1a: Rotom|0 fnt
|faint|p1a: Rotom
|
|-weather|Sandstorm|[upkeep]
|-damage|p2a: Togekiss|94/100|[from] Sandstorm
|-heal|p2a: Togekiss|100/100|[from] item: Leftovers
|upkeep
|-message|rahzagoul forfeited.
|
|win|porrompompom
|l|‽rahzagoul
|raw|rahzagoul's rating: 1343 &rarr; <strong>1327</strong><br />(-16 for losing)
|raw|porrompompom's rating: 1422 &rarr; <strong>1438</strong><br />(+16 for winning)
