|j|☆jamielee20
|j|☆Esurient
|t:|1734048868
|gametype|singles
|player|p1|jamielee20|2|1333
|player|p2|Esurient|169|1346
|teamsize|p1|6
|teamsize|p2|6
|gen|5
|tier|[Gen 5] OU
|rated|
|rule|Species Clause: Limit one of each Pokémon
|rule|OHKO Clause: OHKO moves are banned
|rule|Moody Clause: Moody is banned
|rule|Evasion Items Clause: Evasion items are banned
|rule|Evasion Moves Clause: Evasion moves are banned
|rule|Endless Battle Clause: Forcing endless battles is banned
|rule|HP Percentage Mod: HP is shown in percentages
|rule|Evasion Abilities Clause: Evasion abilities are banned
|rule|Sleep Moves Clause: Sleep-inducing moves are banned
|rule|Swagger Clause: Swagger is banned
|rule|Baton Pass Stat Clause: No Baton Passer may have a way to boost its stats
|clearpoke
|poke|p1|Tyranitar, M|item
|poke|p1|Excadrill, F|item
|poke|p1|Landorus-Therian, M|item
|poke|p1|Latios, M|item
|poke|p1|Ferrothorn, M|item
|poke|p1|Rotom-Wash|item
|poke|p2|Hydreigon, F|item
|poke|p2|Dragonite, M|item
|poke|p2|Garchomp, F|item
|poke|p2|Tyranitar, M|item
|poke|p2|Terrakion|item
|poke|p2|Magnezone|item
|teampreview
|c|☆jamielee20|This will be a close game
|c|☆jamielee20|Glhf
|
|t:|1734048905
|start
|switch|p1a: Landorus|Landorus-Therian, M|100/100
|switch|p2a: Hydreigon|Hydreigon, F|100/100
|-ability|p1a: Landorus|Intimidate|boost
|-unboost|p2a: Hydreigon|atk|1
|turn|1
|
|t:|1734048911
|move|p1a: Landorus|U-turn|p2a: Hydreigon
|-supereffective|p2a: Hydreigon
|-damage|p2a: Hydreigon|44/100
|
|t:|1734048913
|switch|p1a: Tyranitar|Tyranitar, M|100/100|[from] U-turn
|-weather|Sandstorm|[from] ability: Sand Stream|[of] p1a: Tyranitar
|move|p2a: Hydreigon|Draco Meteor|p1a: Tyranitar
|-damage|p1a: Tyranitar|47/100
|-unboost|p2a: Hydreigon|spa|2
|
|-weather|Sandstorm|[upkeep]
|-damage|p2a: Hydreigon|38/100|[from] Sandstorm
|upkeep
|turn|2
|
|t:|1734048923
|-activate|p2a: Hydreigon|move: Pursuit
|move|p1a: Tyranitar|Pursuit|p2a: Hydreigon|[from]Pursuit
|-resisted|p2a: Hydreigon
|-damage|p2a: Hydreigon|13/100
|switch|p2a: Terrakion|Terrakion|100/100
|
|-weather|Sandstorm|[upkeep]
|upkeep
|turn|3
|
|t:|1734048931
|move|p2a: Terrakion|Stone Edge|p1a: Tyranitar
|-damage|p1a: Tyranitar|0 fnt
|faint|p1a: Tyranitar
|
|-weather|Sandstorm|[upkeep]
|upkeep
|
|t:|1734048935
|switch|p1a: Landorus|Landorus-Therian, M|100/100
|-ability|p1a: Landorus|Intimidate|boost
|-unboost|p2a: Terrakion|atk|1
|turn|4
|
|t:|1734048939
|switch|p2a: Magnezone|Magnezone|100/100
|move|p1a: Landorus|Stealth Rock|p2a: Magnezone
|-sidestart|p2: Esurient|move: Stealth Rock
|
|-weather|Sandstorm|[upkeep]
|upkeep
|turn|5
|
|t:|1734048945
|switch|p1a: Rotom|Rotom-Wash, shiny|100/100
|move|p2a: Magnezone|Substitute|p2a: Magnezone
|-start|p2a: Magnezone|Substitute
|-damage|p2a: Magnezone|76/100
|
|-weather|Sandstorm|[upkeep]
|-damage|p1a: Rotom|94/100|[from] Sandstorm
|-heal|p1a: Rotom|100/100|[from] item: Leftovers
|upkeep
|turn|6
|
|t:|1734048954
|move|p2a: Magnezone|Thunderbolt|p1a: Rotom
|-damage|p1a: Rotom|53/100
|move|p1a: Rotom|Hydro Pump|p2a: Magnezone
|-end|p2a: Magnezone|Substitute
|
|-weather|Sandstorm|[upkeep]
|-damage|p1a: Rotom|47/100|[from] Sandstorm
|-heal|p1a: Rotom|53/100|[from] item: Leftovers
|upkeep
|turn|7
|
|t:|1734048963
|move|p2a: Magnezone|Substitute|p2a: Magnezone
|-start|p2a: Magnezone|Substitute
|-damage|p2a: Magnezone|51/100
|move|p1a: Rotom|Volt Switch|p2a: Magnezone
|-resisted|p2a: Magnezone
|-activate|p2a: Magnezone|Substitute|[damage]
|
|t:|1734048971
|switch|p1a: Excadrill|Excadrill, F, shiny|100/100|[from] Volt Switch
|
|-weather|Sandstorm|[upkeep]
|upkeep
|turn|8
|
|t:|1734048976
|move|p1a: Excadrill|Earthquake|p2a: Magnezone
|-supereffective|p2a: Magnezone
|-crit|p2a: Magnezone
|-end|p2a: Magnezone|Substitute
|move|p2a: Magnezone|Hidden Power|p1a: Excadrill
|-damage|p1a: Excadrill|72/100
|
|-weather|Sandstorm|[upkeep]
|-heal|p1a: Excadrill|78/100|[from] item: Leftovers
|upkeep
|turn|9
|
|t:|1734048984
|switch|p2a: Hydreigon|Hydreigon, F|13/100
|-damage|p2a: Hydreigon|1/100|[from] Stealth Rock
|move|p1a: Excadrill|Earthquake|p2a: Hydreigon
|-immune|p2a: Hydreigon|[from] ability: Levitate
|
|-weather|Sandstorm|[upkeep]
|-damage|p2a: Hydreigon|0 fnt|[from] Sandstorm
|faint|p2a: Hydreigon
|-heal|p1a: Excadrill|84/100|[from] item: Leftovers
|upkeep
|
|t:|1734048986
|switch|p2a: Terrakion|Terrakion|100/100
|-damage|p2a: Terrakion|94/100|[from] Stealth Rock
|turn|10
|
|t:|1734048997
|switch|p1a: Landorus|Landorus-Therian, M|100/100
|-ability|p1a: Landorus|Intimidate|boost
|-unboost|p2a: Terrakion|atk|1
|move|p2a: Terrakion|Close Combat|p1a: Landorus
|-resisted|p1a: Landorus
|-damage|p1a: Landorus|67/100
|-unboost|p2a: Terrakion|def|1
|-unboost|p2a: Terrakion|spd|1
|
|-weather|Sandstorm|[upkeep]
|upkeep
|turn|11
|
|t:|1734049006
|switch|p2a: Dragonite|Dragonite, M|100/100
|-damage|p2a: Dragonite|76/100|[from] Stealth Rock
|move|p1a: Landorus|Earthquake|p2a: Dragonite
|-immune|p2a: Dragonite
|
|-weather|Sandstorm|[upkeep]
|-damage|p2a: Dragonite|70/100|[from] Sandstorm
|upkeep
|turn|12
|
|t:|1734049014
|switch|p1a: Ferrothorn|Ferrothorn, M|100/100
|move|p2a: Dragonite|Superpower|p1a: Ferrothorn
|-supereffective|p1a: Ferrothorn
|-damage|p1a: Ferrothorn|9/100
|-unboost|p2a: Dragonite|atk|1
|-unboost|p2a: Dragonite|def|1
|-damage|p2a: Dragonite|57/100|[from] ability: Iron Barbs|[of] p1a: Ferrothorn
|
|-weather|Sandstorm|[upkeep]
|-damage|p2a: Dragonite|51/100|[from] Sandstorm
|upkeep
|turn|13
|
|t:|1734049025
|switch|p2a: Magnezone|Magnezone|51/100
|-damage|p2a: Magnezone|44/100|[from] Stealth Rock
|switch|p1a: Landorus|Landorus-Therian, M|67/100
|-ability|p1a: Landorus|Intimidate|boost
|-unboost|p2a: Magnezone|atk|1
|
|-weather|Sandstorm|[upkeep]
|upkeep
|turn|14
|
|t:|1734049033
|move|p1a: Landorus|Earthquake|p2a: Magnezone
|-supereffective|p2a: Magnezone
|-damage|p2a: Magnezone|0 fnt
|faint|p2a: Magnezone
|
|-weather|Sandstorm|[upkeep]
|upkeep
|
|t:|1734049044
|switch|p2a: Garchomp|Garchomp, F|100/100
|-damage|p2a: Garchomp|94/100|[from] Stealth Rock
|turn|15
|
|t:|1734049053
|switch|p1a: Rotom|Rotom-Wash, shiny|53/100
|move|p2a: Garchomp|Swords Dance|p2a: Garchomp
|-boost|p2a: Garchomp|atk|2
|
|-weather|Sandstorm|[upkeep]
|-damage|p1a: Rotom|47/100|[from] Sandstorm
|-heal|p1a: Rotom|53/100|[from] item: Leftovers
|upkeep
|turn|16
|j| Zetious
|
|t:|1734049061
|move|p2a: Garchomp|Substitute|p2a: Garchomp
|-start|p2a: Garchomp|Substitute
|-damage|p2a: Garchomp|69/100
|move|p1a: Rotom|Will-O-Wisp||[still]
|-fail|p1a: Rotom
|
|-weather|Sandstorm|[upkeep]
|-damage|p1a: Rotom|47/100|[from] Sandstorm
|-heal|p1a: Rotom|53/100|[from] item: Leftovers
|upkeep
|turn|17
|
|t:|1734049069
|move|p2a: Garchomp|Dual Chop|p1a: Rotom
|-damage|p1a: Rotom|8/100
|-damage|p1a: Rotom|0 fnt
|faint|p1a: Rotom
|-hitcount|p1: Rotom|2
|
|-weather|Sandstorm|[upkeep]
|upkeep
|
|t:|1734049076
|switch|p1a: Landorus|Landorus-Therian, M|67/100
|-ability|p1a: Landorus|Intimidate|boost
|-immune|p2a: Garchomp
|turn|18
|
|t:|1734049082
|move|p1a: Landorus|U-turn|p2a: Garchomp
|-end|p2a: Garchomp|Substitute
|
|t:|1734049085
|switch|p1a: Ferrothorn|Ferrothorn, M|9/100|[from] U-turn
|move|p2a: Garchomp|Substitute|p2a: Garchomp
|-start|p2a: Garchomp|Substitute
|-damage|p2a: Garchomp|44/100
|
|-weather|Sandstorm|[upkeep]
|upkeep
|turn|19
|
|t:|1734049092
|move|p2a: Garchomp|Earthquake|p1a: Ferrothorn
|-damage|p1a: Ferrothorn|0 fnt
|faint|p1a: Ferrothorn
|
|-weather|Sandstorm|[upkeep]
|upkeep
|
|t:|1734049097
|switch|p1a: Landorus|Landorus-Therian, M|67/100
|-ability|p1a: Landorus|Intimidate|boost
|-immune|p2a: Garchomp
|turn|20
|
|t:|1734049101
|move|p1a: Landorus|Earthquake|p2a: Garchomp
|-end|p2a: Garchomp|Substitute
|move|p2a: Garchomp|Substitute|p2a: Garchomp
|-start|p2a: Garchomp|Substitute
|-damage|p2a: Garchomp|20/100
|-enditem|p2a: Garchomp|Salac Berry|[eat]
|-boost|p2a: Garchomp|spe|1|[from] item: Salac Berry
|
|-weather|Sandstorm|[upkeep]
|upkeep
|turn|21
|
|t:|1734049109
|move|p2a: Garchomp|Dual Chop|p1a: Landorus
|-damage|p1a: Landorus|26/100
|-damage|p1a: Landorus|0 fnt
|faint|p1a: Landorus
|-hitcount|p1: Landorus|2
|
|-weather|Sandstorm|[upkeep]
|upkeep
|
|t:|1734049116
|switch|p1a: Latios|Latios, M, shiny|100/100
|turn|22
|
|t:|1734049119
|move|p1a: Latios|Surf|p2a: Garchomp
|-end|p2a: Garchomp|Substitute
|move|p2a: Garchomp|Dual Chop|p1a: Latios
|-supereffective|p1a: Latios
|-damage|p1a: Latios|0 fnt
|faint|p1a: Latios
|-hitcount|p1: Latios|1
|
|-weather|Sandstorm|[upkeep]
|upkeep
|
|t:|1734049127
|switch|p1a: Excadrill|Excadrill, F, shiny|84/100
|turn|23
|
|t:|1734049130
|move|p1a: Excadrill|Protect|p1a: Excadrill
|-singleturn|p1a: Excadrill|Protect
|move|p2a: Garchomp|Earthquake|p1a: Excadrill
|-activate|p1a: Excadrill|move: Protect
|
|-weather|Sandstorm|[upkeep]
|-heal|p1a: Excadrill|91/100|[from] item: Leftovers
|upkeep
|turn|24
|
|t:|1734049137
|move|p2a: Garchomp|Earthquake|p1a: Excadrill
|-supereffective|p1a: Excadrill
|-damage|p1a: Excadrill|0 fnt
|faint|p1a: Excadrill
|
|win|Esurient
|raw|jamielee20's rating: 1333 &rarr; <strong>1314</strong><br />(-19 for losing)
|raw|Esurient's rating: 1346 &rarr; <strong>1365</strong><br />(+19 for winning)
|c|☆Esurient|gg
