|j|☆jaundice 12
|j|☆Emo Birb
|player|p1|jaundice 12|policeman|1336
|player|p2|Emo Birb|emmet|1369
|teamsize|p1|6
|teamsize|p2|6
|gametype|singles
|gen|5
|tier|[Gen 5] OU
|rated|
|clearpoke
|poke|p1|Mamoswine, M|item
|poke|p1|Latios, M|item
|poke|p1|Scizor, F|item
|poke|p1|Kyurem-Black|item
|poke|p1|Salamence, M|item
|poke|p1|Magnezone|item
|poke|p2|Politoed, F|item
|poke|p2|Tornadus, M|item
|poke|p2|Starmie|item
|poke|p2|Latios, M|item
|poke|p2|Ferrothorn, F|item
|poke|p2|Keldeo|item
|rule|Species Clause: Limit one of each Pokémon
|rule|OHKO Clause: OHKO moves are banned
|rule|Moody Clause: Moody is banned
|rule|Evasion Moves Clause: Evasion moves are banned
|rule|Endless Battle Clause: Forcing endless battles is banned
|rule|HP Percentage Mod: HP is shown in percentages
|rule|Evasion Abilities Clause: Evasion abilities are banned
|rule|Baton Pass Clause: Limit one Baton Passer, can't pass Spe and other stats simultaneously
|rule|Sleep Clause: Sleep-inducing moves are banned
|rule|Swagger Clause: Swagger is banned
|teampreview
|
|start
|switch|p1a: Scizor|Scizor, F|100/100
|switch|p2a: Starmie|Starmie|100/100
|turn|1
|
|move|p2a: Starmie|Hydro Pump|p1a: Scizor|[miss]
|-miss|p2a: Starmie|p1a: Scizor
|move|p1a: Scizor|U-turn|p2a: Starmie
|-supereffective|p2a: Starmie
|-damage|p2a: Starmie|0 fnt
|faint|p2a: Starmie
|
|switch|p1a: Mamoswine|Mamoswine, M|100/100|[from]move: U-turn
|
|upkeep
|
|switch|p2a: Keldeo|Keldeo|100/100
|turn|2
|
|move|p2a: Keldeo|Surf|p1a: Mamoswine
|-supereffective|p1a: Mamoswine
|-enditem|p1a: Mamoswine|Focus Sash
|-damage|p1a: Mamoswine|1/100
|move|p1a: Mamoswine|Endeavor|p2a: Keldeo
|-damage|p2a: Keldeo|1/100
|
|upkeep
|turn|3
|
|move|p1a: Mamoswine|Ice Shard|p2a: Keldeo
|-resisted|p2a: Keldeo
|-damage|p2a: Keldeo|0 fnt
|faint|p2a: Keldeo
|
|upkeep
|
|switch|p2a: Latios|Latios, M|100/100
|turn|4
|
|move|p1a: Mamoswine|Ice Shard|p2a: Latios
|-supereffective|p2a: Latios
|-damage|p2a: Latios|41/100
|move|p2a: Latios|Surf|p1a: Mamoswine
|-supereffective|p1a: Mamoswine
|-damage|p1a: Mamoswine|0 fnt
|faint|p1a: Mamoswine
|
|upkeep
|
|switch|p1a: Salamence|Salamence, M|100/100
|turn|5
|
|switch|p1a: Magnezone|Magnezone|100/100
|switch|p2a: Politoed|Politoed, F|100/100
|-weather|RainDance|[from] ability: Drizzle|[of] p2a: Politoed
|
|-weather|RainDance|[upkeep]
|upkeep
|turn|6
|
|switch|p2a: Ferrothorn|Ferrothorn, F|100/100
|move|p1a: Magnezone|Thunderbolt|p2a: Ferrothorn
|-resisted|p2a: Ferrothorn
|-damage|p2a: Ferrothorn|70/100
|
|-weather|RainDance|[upkeep]
|-heal|p2a: Ferrothorn|76/100|[from] item: Leftovers
|upkeep
|turn|7
|
|switch|p1a: Scizor|Scizor, F|100/100
|move|p2a: Ferrothorn|Stealth Rock|p1a: Scizor
|-sidestart|p1: jaundice 12|move: Stealth Rock
|
|-weather|RainDance|[upkeep]
|-heal|p2a: Ferrothorn|82/100|[from] item: Leftovers
|upkeep
|turn|8
|
|move|p1a: Scizor|Superpower|p2a: Ferrothorn
|-supereffective|p2a: Ferrothorn
|-damage|p2a: Ferrothorn|0 fnt
|-unboost|p1a: Scizor|atk|1
|-unboost|p1a: Scizor|def|1
|-damage|p1a: Scizor|88/100|[from] ability: Iron Barbs|[of] p2a: Ferrothorn
|faint|p2a: Ferrothorn
|
|-weather|RainDance|[upkeep]
|upkeep
|
|switch|p2a: Tornadus|Tornadus, M|100/100
|turn|9
|
|switch|p1a: Magnezone|Magnezone|100/100
|-damage|p1a: Magnezone|94/100|[from] Stealth Rock
|move|p2a: Tornadus|Hurricane|p1a: Magnezone
|-resisted|p1a: Magnezone
|-damage|p1a: Magnezone|70/100
|-start|p1a: Magnezone|confusion
|
|-weather|RainDance|[upkeep]
|upkeep
|turn|10
|
|move|p2a: Tornadus|Focus Blast|p1a: Magnezone
|-supereffective|p1a: Magnezone
|-damage|p1a: Magnezone|0 fnt
|faint|p1a: Magnezone
|
|-weather|RainDance|[upkeep]
|upkeep
|
|switch|p1a: Salamence|Salamence, M|100/100
|-damage|p1a: Salamence|76/100|[from] Stealth Rock
|turn|11
|
|move|p2a: Tornadus|Tailwind|p2a: Tornadus
|-sidestart|p2: Emo Birb|move: Tailwind
|move|p1a: Salamence|Outrage|p2a: Tornadus
|-damage|p2a: Tornadus|7/100
|
|-weather|RainDance|[upkeep]
|upkeep
|turn|12
|
|move|p2a: Tornadus|Hurricane|p1a: Salamence
|-damage|p1a: Salamence|0 fnt
|faint|p1a: Salamence
|
|-weather|RainDance|[upkeep]
|upkeep
|
|switch|p1a: Scizor|Scizor, F|88/100
|-damage|p1a: Scizor|76/100|[from] Stealth Rock
|turn|13
|
|switch|p2a: Politoed|Politoed, F|100/100
|move|p1a: Scizor|Quick Attack|p2a: Politoed
|-damage|p2a: Politoed|61/100
|
|-weather|RainDance|[upkeep]
|upkeep
|turn|14
|
|switch|p1a: Latios|Latios, M|100/100
|-damage|p1a: Latios|88/100|[from] Stealth Rock
|move|p2a: Politoed|Hydro Pump|p1a: Latios
|-resisted|p1a: Latios
|-damage|p1a: Latios|28/100
|
|-weather|RainDance|[upkeep]
|-sideend|p2: Emo Birb|move: Tailwind
|upkeep
|turn|15
|
|move|p1a: Latios|Draco Meteor|p2a: Politoed
|-damage|p2a: Politoed|0 fnt
|-unboost|p1a: Latios|spa|2
|faint|p2a: Politoed
|
|-weather|RainDance|[upkeep]
|upkeep
|
|switch|p2a: Tornadus|Tornadus, M|7/100
|turn|16
|
|move|p2a: Tornadus|Hurricane|p1a: Latios
|-damage|p1a: Latios|0 fnt
|faint|p1a: Latios
|
|-weather|RainDance|[upkeep]
|upkeep
|
|switch|p1a: Scizor|Scizor, F|76/100
|-damage|p1a: Scizor|64/100|[from] Stealth Rock
|turn|17
|
|move|p2a: Tornadus|Tailwind|p2a: Tornadus
|-sidestart|p2: Emo Birb|move: Tailwind
|move|p1a: Scizor|Quick Attack|p2a: Tornadus
|-damage|p2a: Tornadus|0 fnt
|faint|p2a: Tornadus
|
|-weather|RainDance|[upkeep]
|upkeep
|
|switch|p2a: Latios|Latios, M|41/100
|turn|18
|
|move|p1a: Scizor|Quick Attack|p2a: Latios
|-damage|p2a: Latios|0 fnt
|faint|p2a: Latios
|
|win|jaundice 12
|l|☆Emo Birb
|raw|jaundice 12's rating: 1336 &rarr; <strong>1358</strong><br />(+22 for winning)
|raw|Emo Birb's rating: 1369 &rarr; <strong>1347</strong><br />(-22 for losing)
