|j|☆LonzoMadeKuz
|j|☆Fr1dz
|player|p1|LonzoMadeKuz|50|1510
|player|p2|Fr1dz|scientist-gen4|1253
|teamsize|p1|6
|teamsize|p2|6
|gametype|singles
|gen|5
|tier|[Gen 5] OU
|rated|
|clearpoke
|poke|p1|Dragonite, M|item
|poke|p1|Lucario, M|item
|poke|p1|Magnezone|item
|poke|p1|Terrakion|item
|poke|p1|Latios, M|item
|poke|p1|Kingdra, F|item
|poke|p2|Scizor, M|item
|poke|p2|Cofagrigus, M|item
|poke|p2|Porygon2|item
|poke|p2|Salamence, M|item
|poke|p2|Rotom-Wash|item
|poke|p2|Lucario, M|item
|rule|Species Clause: Limit one of each Pokémon
|rule|OHKO Clause: OHKO moves are banned
|rule|Moody Clause: Moody is banned
|rule|Evasion Moves Clause: Evasion moves are banned
|rule|Endless Battle Clause: Forcing endless battles is banned
|rule|HP Percentage Mod: HP is shown in percentages
|rule|Evasion Abilities Clause: Evasion abilities are banned
|rule|Baton Pass Clause: Limit one Baton Passer, can't pass Spe and other stats simultaneously
|rule|Sleep Clause: Sleep-inducing moves are banned
|rule|Swagger Clause: Swagger is banned
|teampreview
|
|start
|switch|p1a: Terrakion|Terrakion|100/100
|switch|p2a: Rotom|Rotom-Wash|100/100
|turn|1
|inactive|Battle timer is ON: inactive players will automatically lose when time's up. (requested by LonzoMadeKuz)
|
|move|p1a: Terrakion|Stealth Rock|p2a: Rotom
|-sidestart|p2: Fr1dz|move: Stealth Rock
|move|p2a: Rotom|Will-O-Wisp|p1a: Terrakion|[miss]
|-miss|p2a: Rotom|p1a: Terrakion
|
|upkeep
|turn|2
|
|move|p1a: Terrakion|Close Combat|p2a: Rotom
|-damage|p2a: Rotom|54/100
|-unboost|p1a: Terrakion|def|1
|-unboost|p1a: Terrakion|spd|1
|move|p2a: Rotom|Will-O-Wisp|p1a: Terrakion
|-status|p1a: Terrakion|brn
|
|-heal|p2a: Rotom|60/100|[from] item: Leftovers
|-damage|p1a: Terrakion|88/100 brn|[from] brn
|upkeep
|turn|3
|
|move|p2a: Rotom|Protect|p2a: Rotom
|-singleturn|p2a: Rotom|Protect
|move|p1a: Terrakion|Taunt|p2a: Rotom
|-activate|p2a: Rotom|move: Protect
|
|-heal|p2a: Rotom|66/100|[from] item: Leftovers
|-damage|p1a: Terrakion|76/100 brn|[from] brn
|upkeep
|turn|4
|
|move|p1a: Terrakion|Close Combat|p2a: Rotom
|-damage|p2a: Rotom|40/100
|-unboost|p1a: Terrakion|def|1
|-unboost|p1a: Terrakion|spd|1
|move|p2a: Rotom|Hydro Pump|p1a: Terrakion|[miss]
|-miss|p2a: Rotom|p1a: Terrakion
|
|-heal|p2a: Rotom|46/100|[from] item: Leftovers
|-damage|p1a: Terrakion|63/100 brn|[from] brn
|upkeep
|turn|5
|
|move|p2a: Rotom|Protect|p2a: Rotom
|-singleturn|p2a: Rotom|Protect
|move|p1a: Terrakion|Close Combat|p2a: Rotom
|-activate|p2a: Rotom|move: Protect
|
|-heal|p2a: Rotom|52/100|[from] item: Leftovers
|-damage|p1a: Terrakion|51/100 brn|[from] brn
|upkeep
|turn|6
|
|switch|p2a: Cofagrigus|Cofagrigus, M|100/100
|-damage|p2a: Cofagrigus|88/100|[from] Stealth Rock
|move|p1a: Terrakion|Stone Edge|p2a: Cofagrigus
|-damage|p2a: Cofagrigus|67/100
|
|-heal|p2a: Cofagrigus|73/100|[from] item: Leftovers
|-damage|p1a: Terrakion|39/100 brn|[from] brn
|upkeep
|turn|7
|
|move|p1a: Terrakion|Taunt|p2a: Cofagrigus
|-start|p2a: Cofagrigus|move: Taunt
|cant|p2a: Cofagrigus|move: Taunt|Trick Room
|
|-heal|p2a: Cofagrigus|79/100|[from] item: Leftovers
|-damage|p1a: Terrakion|26/100 brn|[from] brn
|upkeep
|turn|8
|
|move|p1a: Terrakion|Stone Edge|p2a: Cofagrigus
|-damage|p2a: Cofagrigus|58/100
|move|p2a: Cofagrigus|Hidden Power|p1a: Terrakion
|-supereffective|p1a: Terrakion
|-damage|p1a: Terrakion|0 fnt
|faint|p1a: Terrakion
|
|-heal|p2a: Cofagrigus|64/100|[from] item: Leftovers
|upkeep
|
|switch|p1a: Latios|Latios, M|100/100
|turn|9
|
|move|p1a: Latios|Draco Meteor|p2a: Cofagrigus
|-damage|p2a: Cofagrigus|0 fnt
|-unboost|p1a: Latios|spa|2
|faint|p2a: Cofagrigus
|
|upkeep
|
|switch|p2a: Scizor|Scizor, M|100/100
|-damage|p2a: Scizor|88/100|[from] Stealth Rock
|turn|10
|
|move|p1a: Latios|Draco Meteor|p2a: Scizor
|-resisted|p2a: Scizor
|-damage|p2a: Scizor|55/100
|-unboost|p1a: Latios|spa|2
|move|p2a: Scizor|Swords Dance|p2a: Scizor
|-boost|p2a: Scizor|atk|2
|
|-heal|p2a: Scizor|62/100|[from] item: Leftovers
|upkeep
|turn|11
|
|switch|p1a: Magnezone|Magnezone|100/100
|move|p2a: Scizor|Superpower|p1a: Magnezone
|-supereffective|p1a: Magnezone
|-damage|p1a: Magnezone|0 fnt
|-unboost|p2a: Scizor|atk|1
|-unboost|p2a: Scizor|def|1
|faint|p1a: Magnezone
|
|-heal|p2a: Scizor|68/100|[from] item: Leftovers
|upkeep
|
|switch|p1a: Lucario|Lucario, M|100/100
|turn|12
|
|move|p2a: Scizor|Bullet Punch|p1a: Lucario
|-resisted|p1a: Lucario
|-damage|p1a: Lucario|57/100
|move|p1a: Lucario|Close Combat|p2a: Scizor
|-damage|p2a: Scizor|0 fnt
|-unboost|p1a: Lucario|def|1
|-unboost|p1a: Lucario|spd|1
|-damage|p1a: Lucario|47/100|[from] item: Life Orb
|faint|p2a: Scizor
|
|upkeep
|inactive|Fr1dz has 120 seconds left.
|
|switch|p2a: Salamence|Salamence, M|100/100
|-damage|p2a: Salamence|76/100|[from] Stealth Rock
|-ability|p2a: Salamence|Intimidate|boost
|-unboost|p1a: Lucario|atk|1
|turn|13
|
|move|p1a: Lucario|Extreme Speed|p2a: Salamence
|-damage|p2a: Salamence|44/100
|-damage|p1a: Lucario|37/100|[from] item: Life Orb
|move|p2a: Salamence|Dragon Dance|p2a: Salamence
|-boost|p2a: Salamence|atk|1
|-boost|p2a: Salamence|spe|1
|
|-heal|p2a: Salamence|50/100|[from] item: Leftovers
|upkeep
|turn|14
|
|move|p1a: Lucario|Extreme Speed|p2a: Salamence
|-damage|p2a: Salamence|18/100
|-damage|p1a: Lucario|27/100|[from] item: Life Orb
|move|p2a: Salamence|Flamethrower|p1a: Lucario
|-supereffective|p1a: Lucario
|-damage|p1a: Lucario|0 fnt
|faint|p1a: Lucario
|
|-heal|p2a: Salamence|24/100|[from] item: Leftovers
|upkeep
|
|switch|p1a: Dragonite|Dragonite, M|100/100
|turn|15
|
|move|p1a: Dragonite|Extreme Speed|p2a: Salamence
|-damage|p2a: Salamence|0 fnt
|faint|p2a: Salamence
|
|upkeep
|
|switch|p2a: Porygon2|Porygon2|100/100
|-damage|p2a: Porygon2|88/100|[from] Stealth Rock
|-ability|p2a: Porygon2|Multiscale|[from] ability: Trace|[of] p1a: Dragonite
|turn|16
|
|switch|p1a: Latios|Latios, M|100/100
|move|p2a: Porygon2|Trick Room|p2a: Porygon2
|-fieldstart|move: Trick Room|[of] p2a: Porygon2
|
|-heal|p2a: Porygon2|94/100|[from] item: Leftovers
|upkeep
|turn|17
|
|move|p2a: Porygon2|Ice Beam|p1a: Latios
|-supereffective|p1a: Latios
|-crit|p1a: Latios
|-damage|p1a: Latios|0 fnt
|faint|p1a: Latios
|
|-heal|p2a: Porygon2|100/100|[from] item: Leftovers
|upkeep
|
|switch|p1a: Kingdra|Kingdra, F|100/100
|turn|18
|
|move|p2a: Porygon2|Thunderbolt|p1a: Kingdra
|-damage|p1a: Kingdra|66/100
|move|p1a: Kingdra|Waterfall|p2a: Porygon2
|-damage|p2a: Porygon2|84/100
|
|-heal|p2a: Porygon2|90/100|[from] item: Leftovers
|upkeep
|turn|19
|
|move|p2a: Porygon2|Ice Beam|p1a: Kingdra
|-damage|p1a: Kingdra|32/100
|move|p1a: Kingdra|Waterfall|p2a: Porygon2
|-damage|p2a: Porygon2|53/100
|
|-heal|p2a: Porygon2|60/100|[from] item: Leftovers
|upkeep
|turn|20
|
|move|p2a: Porygon2|Recover|p2a: Porygon2
|-heal|p2a: Porygon2|100/100
|move|p1a: Kingdra|Waterfall|p2a: Porygon2
|-damage|p2a: Porygon2|82/100
|
|-heal|p2a: Porygon2|88/100|[from] item: Leftovers
|-fieldend|move: Trick Room
|upkeep
|turn|21
|
|move|p1a: Kingdra|Waterfall|p2a: Porygon2
|-damage|p2a: Porygon2|49/100
|move|p2a: Porygon2|Trick Room|p2a: Porygon2
|-fieldstart|move: Trick Room|[of] p2a: Porygon2
|
|-heal|p2a: Porygon2|55/100|[from] item: Leftovers
|upkeep
|turn|22
|
|move|p2a: Porygon2|Recover|p2a: Porygon2
|-heal|p2a: Porygon2|100/100
|move|p1a: Kingdra|Waterfall|p2a: Porygon2
|-damage|p2a: Porygon2|83/100
|
|-heal|p2a: Porygon2|90/100|[from] item: Leftovers
|upkeep
|turn|23
|
|move|p2a: Porygon2|Ice Beam|p1a: Kingdra
|-damage|p1a: Kingdra|0 fnt
|faint|p1a: Kingdra
|
|-heal|p2a: Porygon2|96/100|[from] item: Leftovers
|upkeep
|
|switch|p1a: Dragonite|Dragonite, M|100/100
|turn|24
|
|move|p2a: Porygon2|Ice Beam|p1a: Dragonite
|-supereffective|p1a: Dragonite
|-damage|p1a: Dragonite|41/100
|move|p1a: Dragonite|Dragon Dance|p1a: Dragonite
|-boost|p1a: Dragonite|atk|1
|-boost|p1a: Dragonite|spe|1
|
|-heal|p2a: Porygon2|100/100|[from] item: Leftovers
|upkeep
|turn|25
|-message|LonzoMadeKuz forfeited.
|
|win|Fr1dz
|l|☆LonzoMadeKuz
|raw|LonzoMadeKuz's rating: 1511 &rarr; <strong>1478</strong><br />(-33 for losing)
|raw|Fr1dz's rating: 1253 &rarr; <strong>1294</strong><br />(+41 for winning)
