|j|☆daddy_days2
|j|‽GreatDG
|t:|1746372552
|gametype|singles
|player|p1|daddy_days2|benga|1373
|player|p2|GreatDG|riley|1427
|teamsize|p1|6
|teamsize|p2|6
|gen|5
|tier|[Gen 5] OU
|rated|
|rule|Species Clause: Limit one of each Pokémon
|rule|OHKO Clause: OHKO moves are banned
|rule|Moody Clause: Moody is banned
|rule|Evasion Items Clause: Evasion items are banned
|rule|Evasion Moves Clause: Evasion moves are banned
|rule|Endless Battle Clause: Forcing endless battles is banned
|rule|HP Percentage Mod: HP is shown in percentages
|rule|Evasion Abilities Clause: Evasion abilities are banned
|rule|Sleep Moves Clause: Sleep-inducing moves are banned
|rule|Swagger Clause: Swagger is banned
|rule|Baton Pass Stat Clause: No Baton Passer may have a way to boost its stats
|clearpoke
|poke|p1|Kyurem-Black|item
|poke|p1|Garchomp, M|item
|poke|p1|Conkeldurr, F|item
|poke|p1|Starmie|item
|poke|p1|Bisharp, M|item
|poke|p1|Scyther, M|item
|poke|p2|Scizor, F|item
|poke|p2|Salamence, M|item
|poke|p2|Gyarados, F|item
|poke|p2|Volcarona, F|item
|poke|p2|Breloom, M|item
|poke|p2|Mamoswine, F|item
|teampreview
|inactive|Battle timer is ON: inactive players will automatically lose when time's up. (requested by GreatDG)
|inactive|daddy_days2 has 120 seconds left.
|
|t:|1746372593
|start
|switch|p1a: Painkiller|Garchomp, M|100/100
|switch|p2a: Mamoswine|Mamoswine, F|100/100
|turn|1
|
|t:|1746372617
|move|p2a: Mamoswine|Stealth Rock|p1a: Painkiller
|-sidestart|p1: daddy_days2|move: Stealth Rock
|move|p1a: Painkiller|Stealth Rock|p2a: Mamoswine
|-sidestart|p2: GreatDG|move: Stealth Rock
|
|upkeep
|turn|2
|
|t:|1746372626
|switch|p1a: Starlight|Starmie|100/100
|-damage|p1a: Starlight|88/100|[from] Stealth Rock
|move|p2a: Mamoswine|Ice Shard|p1a: Starlight
|-resisted|p1a: Starlight
|-crit|p1a: Starlight
|-damage|p1a: Starlight|64/100
|
|-heal|p1a: Starlight|70/100|[from] item: Leftovers
|upkeep
|turn|3
|
|t:|1746372648
|move|p1a: Starlight|Hydro Pump|p2a: Mamoswine
|-supereffective|p2a: Mamoswine
|-enditem|p2a: Mamoswine|Focus Sash
|-damage|p2a: Mamoswine|1/100
|move|p2a: Mamoswine|Earthquake|p1a: Starlight
|-damage|p1a: Starlight|12/100
|
|-heal|p1a: Starlight|18/100|[from] item: Leftovers
|upkeep
|turn|4
|
|t:|1746372664
|move|p1a: Starlight|Rapid Spin|p2a: Mamoswine
|-damage|p2a: Mamoswine|0 fnt
|-sideend|p1: daddy_days2|Stealth Rock|[from] move: Rapid Spin|[of] p1a: Starlight
|faint|p2a: Mamoswine
|
|-heal|p1a: Starlight|24/100|[from] item: Leftovers
|upkeep
|
|t:|1746372680
|switch|p2a: Scizor|Scizor, F|100/100
|-damage|p2a: Scizor|88/100|[from] Stealth Rock
|turn|5
|
|t:|1746372685
|switch|p1a: Painkiller|Garchomp, M|100/100
|move|p2a: Scizor|Bullet Punch|p1a: Painkiller
|-damage|p1a: Painkiller|69/100
|-damage|p2a: Scizor|75/100|[from] ability: Rough Skin|[of] p1a: Painkiller
|-damage|p2a: Scizor|59/100|[from] item: Rocky Helmet|[of] p1a: Painkiller
|
|upkeep
|turn|6
|
|t:|1746372710
|switch|p2a: Gyarados|Gyarados, F|100/100
|-damage|p2a: Gyarados|76/100|[from] Stealth Rock
|-ability|p2a: Gyarados|Intimidate|boost
|-unboost|p1a: Painkiller|atk|1
|move|p1a: Painkiller|Dragon Tail|p2a: Gyarados
|-damage|p2a: Gyarados|57/100
|drag|p2a: Breloom|Breloom, M|100/100
|-damage|p2a: Breloom|94/100|[from] Stealth Rock
|
|upkeep
|turn|7
|
|t:|1746372737
|switch|p1a: Blade|Scyther, M|100/100
|move|p2a: Breloom|Swords Dance|p2a: Breloom
|-boost|p2a: Breloom|atk|2
|
|upkeep
|turn|8
|
|t:|1746372744
|switch|p2a: Gyarados|Gyarados, F|57/100
|-damage|p2a: Gyarados|32/100|[from] Stealth Rock
|-ability|p2a: Gyarados|Intimidate|boost
|-unboost|p1a: Blade|atk|1
|move|p1a: Blade|Aerial Ace|p2a: Gyarados
|-damage|p2a: Gyarados|0 fnt
|faint|p2a: Gyarados
|
|upkeep
|
|t:|1746372762
|switch|p2a: Volcarona|Volcarona, F|100/100
|-damage|p2a: Volcarona|50/100|[from] Stealth Rock
|turn|9
|
|t:|1746372771
|move|p1a: Blade|Aerial Ace|p2a: Volcarona
|-supereffective|p2a: Volcarona
|-damage|p2a: Volcarona|0 fnt
|faint|p2a: Volcarona
|
|upkeep
|
|t:|1746372776
|switch|p2a: Salamence|Salamence, M|100/100
|-damage|p2a: Salamence|76/100|[from] Stealth Rock
|turn|10
|
|t:|1746372784
|switch|p1a: Starlight|Starmie|24/100
|move|p2a: Salamence|Outrage|p1a: Starlight
|-damage|p1a: Starlight|0 fnt
|faint|p1a: Starlight
|-ability|p2a: Salamence|Moxie|boost
|-boost|p2a: Salamence|atk|1
|
|upkeep
|
|t:|1746372797
|switch|p1a: Painkiller|Garchomp, M|69/100
|turn|11
|
|t:|1746372816
|move|p1a: Painkiller|Endure|p1a: Painkiller
|-singleturn|p1a: Painkiller|move: Endure
|move|p2a: Salamence|Outrage|p1a: Painkiller|[from] lockedmove
|-supereffective|p1a: Painkiller
|-crit|p1a: Painkiller
|-activate|p1a: Painkiller|move: Endure
|-damage|p1a: Painkiller|1/100
|-damage|p2a: Salamence|63/100|[from] ability: Rough Skin|[of] p1a: Painkiller
|-damage|p2a: Salamence|47/100|[from] item: Rocky Helmet|[of] p1a: Painkiller
|
|upkeep
|turn|12
|
|t:|1746372827
|switch|p1a: Insane Dwayne|Kyurem-Black|100/100
|-ability|p1a: Insane Dwayne|Teravolt
|move|p2a: Salamence|Outrage|p1a: Insane Dwayne|[from] lockedmove
|-supereffective|p1a: Insane Dwayne
|-damage|p1a: Insane Dwayne|0 fnt
|faint|p1a: Insane Dwayne
|-ability|p2a: Salamence|Moxie|boost
|-boost|p2a: Salamence|atk|1
|-start|p2a: Salamence|confusion|[fatigue]
|
|upkeep
|
|t:|1746372839
|switch|p1a: Painkiller|Garchomp, M|1/100
|turn|13
|
|t:|1746372847
|move|p1a: Painkiller|Endure|p1a: Painkiller
|-singleturn|p1a: Painkiller|move: Endure
|-activate|p2a: Salamence|confusion
|-damage|p2a: Salamence|10/100|[from] confusion
|
|upkeep
|turn|14
|
|t:|1746372855
|move|p1a: Painkiller|Endure|p1a: Painkiller
|-singleturn|p1a: Painkiller|move: Endure
|-activate|p2a: Salamence|confusion
|move|p2a: Salamence|Outrage|p1a: Painkiller
|-supereffective|p1a: Painkiller
|-activate|p1a: Painkiller|move: Endure
|-damage|p1a: Painkiller|1/100
|-damage|p2a: Salamence|0 fnt|[from] ability: Rough Skin|[of] p1a: Painkiller
|faint|p2a: Salamence
|
|upkeep
|
|t:|1746372861
|switch|p2a: Breloom|Breloom, M|94/100
|-damage|p2a: Breloom|88/100|[from] Stealth Rock
|turn|15
|
|t:|1746372870
|switch|p1a: Adolf|Bisharp, M|100/100
|-item|p1a: Adolf|Air Balloon
|move|p2a: Breloom|Rock Tomb|p1a: Adolf|[miss]
|-miss|p2a: Breloom|p1a: Adolf
|
|upkeep
|turn|16
|
|t:|1746372892
|move|p2a: Breloom|Mach Punch|p1a: Adolf
|-supereffective|p1a: Adolf
|-damage|p1a: Adolf|0 fnt
|-enditem|p1a: Adolf|Air Balloon
|faint|p1a: Adolf
|-damage|p2a: Breloom|78/100|[from] item: Life Orb
|
|upkeep
|
|t:|1746372900
|switch|p1a: Blade|Scyther, M|100/100
|turn|17
|
|t:|1746372920
|move|p1a: Blade|Aerial Ace|p2a: Breloom
|-supereffective|p2a: Breloom
|-damage|p2a: Breloom|0 fnt
|faint|p2a: Breloom
|
|upkeep
|
|t:|1746372922
|switch|p2a: Scizor|Scizor, F|59/100
|-damage|p2a: Scizor|46/100|[from] Stealth Rock
|turn|18
|
|t:|1746372929
|move|p2a: Scizor|Bullet Punch|p1a: Blade
|-crit|p1a: Blade
|-damage|p1a: Blade|0 fnt
|faint|p1a: Blade
|
|upkeep
|
|t:|1746372935
|switch|p1a: Painkiller|Garchomp, M|1/100
|turn|19
|
|t:|1746372939
|move|p2a: Scizor|Bullet Punch|p1a: Painkiller
|-damage|p1a: Painkiller|0 fnt
|-damage|p2a: Scizor|34/100|[from] ability: Rough Skin|[of] p1a: Painkiller
|-damage|p2a: Scizor|17/100|[from] item: Rocky Helmet|[of] p1a: Painkiller
|faint|p1a: Painkiller
|
|upkeep
|
|t:|1746372946
|switch|p1a: Shrekster|Conkeldurr, F|100/100
|turn|20
|
|t:|1746372952
|move|p2a: Scizor|Bullet Punch|p1a: Shrekster
|-damage|p1a: Shrekster|61/100
|move|p1a: Shrekster|Mach Punch|p2a: Scizor
|-damage|p2a: Scizor|0 fnt
|faint|p2a: Scizor
|
|win|daddy_days2
|raw|daddy_days2's rating: 1373 &rarr; <strong>1397</strong><br />(+24 for winning)
|raw|GreatDG's rating: 1446 &rarr; <strong>1422</strong><br />(-24 for losing)
