|j|☆120gitanes/day
|j|☆Quick
|player|p1|120gitanes/day|9
|player|p2|Quick|80
|teamsize|p1|6
|teamsize|p2|6
|gametype|singles
|gen|5
|tier|[Gen 5] OU
|rated|
|rule|Sleep Clause Mod: Limit one foe put to sleep
|rule|Species Clause: Limit one of each Pokémon
|rule|OHKO Clause: OHKO moves are banned
|rule|Moody Clause: Moody is banned
|rule|Evasion Moves Clause: Evasion moves are banned
|rule|Endless Battle Clause: Forcing endless battles is banned
|rule|HP Percentage Mod: HP is shown in percentages
|rule|Evasion Abilities Clause: Evasion abilities are banned
|rule|Baton Pass Clause: Limit one Baton Passer, can't pass Spe and other stats simultaneously
|rule|Swagger Clause: Swagger is banned
|clearpoke
|poke|p1|Dragonite, M|item
|poke|p1|Jirachi|item
|poke|p1|Excadrill, M|item
|poke|p1|Salamence, F|item
|poke|p1|Breloom, M|item
|poke|p1|Tornadus, M|item
|poke|p2|Alakazam, F|item
|poke|p2|Garchomp, M|item
|poke|p2|Ferrothorn, M|item
|poke|p2|Landorus-Therian, M|item
|poke|p2|Jellicent, M|item
|poke|p2|Tyranitar, M|item
|teampreview
|
|start
|switch|p1a: Dragonite|Dragonite, M|100/100
|switch|p2a: Tyranitar|Tyranitar, M|100/100
|-weather|Sandstorm|[from] ability: Sand Stream|[of] p2a: Tyranitar
|turn|1
|
|move|p2a: Tyranitar|Stealth Rock|p1a: Dragonite
|-sidestart|p1: 120gitanes/day|move: Stealth Rock
|move|p1a: Dragonite|Draco Meteor|p2a: Tyranitar
|-enditem|p1a: Dragonite|Dragon Gem|[from] gem|[move] Draco Meteor
|-damage|p2a: Tyranitar|42/100
|-unboost|p1a: Dragonite|spa|2
|
|-weather|Sandstorm|[upkeep]
|-damage|p1a: Dragonite|94/100|[from] Sandstorm
|upkeep
|turn|2
|
|move|p2a: Tyranitar|Crunch|p1a: Dragonite
|-damage|p1a: Dragonite|50/100
|move|p1a: Dragonite|Superpower|p2a: Tyranitar
|-supereffective|p2a: Tyranitar
|-damage|p2a: Tyranitar|0
|-unboost|p1a: Dragonite|atk|1
|-unboost|p1a: Dragonite|def|1
|faint|p2a: Tyranitar
|
|-weather|Sandstorm|[upkeep]
|-damage|p1a: Dragonite|44/100|[from] Sandstorm
|upkeep
|
|switch|p2a: Alakazam|Alakazam, F|100/100
|turn|3
|
|move|p1a: Dragonite|Extreme Speed|p2a: Alakazam
|-damage|p2a: Alakazam|50/100
|move|p2a: Alakazam|Psychic|p1a: Dragonite
|-damage|p1a: Dragonite|0
|faint|p1a: Dragonite
|
|-weather|Sandstorm|[upkeep]
|upkeep
|
|switch|p1a: Excadrill|Excadrill, M, shiny|100/100
|-damage|p1a: Excadrill|97/100|[from] Stealth Rock
|-item|p1a: Excadrill|Air Balloon
|turn|4
|
|move|p1a: Excadrill|Earthquake|p2a: Alakazam
|-damage|p2a: Alakazam|0
|faint|p2a: Alakazam
|
|-weather|Sandstorm|[upkeep]
|upkeep
|
|switch|p2a: Landorus|Landorus-Therian, M|100/100
|-ability|p2a: Landorus|Intimidate|boost
|-unboost|p1a: Excadrill|atk|1
|turn|5
|
|switch|p1a: Tornadus|Tornadus, M|100/100
|-damage|p1a: Tornadus|76/100|[from] Stealth Rock
|move|p2a: Landorus|U-turn|p1a: Tornadus
|-resisted|p1a: Tornadus
|-damage|p1a: Tornadus|56/100
|
|switch|p2a: Jellicent|Jellicent, M, shiny|100/100
|
|-weather|Sandstorm|[upkeep]
|-damage|p1a: Tornadus|50/100|[from] Sandstorm
|-damage|p2a: Jellicent|94/100|[from] Sandstorm
|-heal|p2a: Jellicent|100/100|[from] item: Leftovers
|upkeep
|turn|6
|
|switch|p1a: Jirachi|Jirachi|100/100
|-damage|p1a: Jirachi|94/100|[from] Stealth Rock
|move|p2a: Jellicent|Scald|p1a: Jirachi
|-damage|p1a: Jirachi|70/100
|-status|p1a: Jirachi|brn
|
|-weather|Sandstorm|[upkeep]
|-damage|p2a: Jellicent|94/100|[from] Sandstorm
|-heal|p2a: Jellicent|100/100|[from] item: Leftovers
|-damage|p1a: Jirachi|58/100 brn|[from] brn
|upkeep
|turn|7
|inactive|Battle timer is ON: inactive players will automatically lose when time's up. (requested by 120gitanes/day)
|
|move|p1a: Jirachi|Stealth Rock|p2a: Jellicent
|-sidestart|p2: Quick|move: Stealth Rock
|move|p2a: Jellicent|Taunt|p1a: Jirachi
|-start|p1a: Jirachi|move: Taunt
|
|-weather|Sandstorm|[upkeep]
|-damage|p2a: Jellicent|94/100|[from] Sandstorm
|-heal|p2a: Jellicent|100/100|[from] item: Leftovers
|-damage|p1a: Jirachi|46/100 brn|[from] brn
|upkeep
|turn|8
|inactive|120gitanes/day has 135 seconds left.
|
|move|p1a: Jirachi|Thunder|p2a: Jellicent|[miss]
|-miss|p1a: Jirachi|p2a: Jellicent
|move|p2a: Jellicent|Scald|p1a: Jirachi
|-damage|p1a: Jirachi|21/100 brn
|
|-weather|Sandstorm|[upkeep]
|-damage|p2a: Jellicent|94/100|[from] Sandstorm
|-heal|p2a: Jellicent|100/100|[from] item: Leftovers
|-damage|p1a: Jirachi|9/100 brn|[from] brn
|upkeep
|turn|9
|
|move|p1a: Jirachi|Hidden Power|p2a: Jellicent
|-resisted|p2a: Jellicent
|-damage|p2a: Jellicent|91/100
|move|p2a: Jellicent|Recover|p2a: Jellicent
|-heal|p2a: Jellicent|100/100
|
|-weather|Sandstorm|[upkeep]
|-damage|p2a: Jellicent|94/100|[from] Sandstorm
|-heal|p2a: Jellicent|100/100|[from] item: Leftovers
|-damage|p1a: Jirachi|0 brn|[from] brn
|upkeep
|faint|p1a: Jirachi
|
|switch|p1a: Breloom|Breloom, M|100/100
|-damage|p1a: Breloom|94/100|[from] Stealth Rock
|turn|10
|
|switch|p2a: Ferrothorn|Ferrothorn, M|100/100
|-damage|p2a: Ferrothorn|95/100|[from] Stealth Rock
|move|p1a: Breloom|Spore|p2a: Ferrothorn
|-status|p2a: Ferrothorn|slp
|
|-weather|Sandstorm|[upkeep]
|-damage|p1a: Breloom|88/100|[from] Sandstorm
|-heal|p2a: Ferrothorn|100/100 slp|[from] item: Leftovers
|upkeep
|turn|11
|
|-singleturn|p1a: Breloom|move: Focus Punch
|switch|p2a: Landorus|Landorus-Therian, M|100/100
|-damage|p2a: Landorus|88/100|[from] Stealth Rock
|-ability|p2a: Landorus|Intimidate|boost
|-unboost|p1a: Breloom|atk|1
|move|p1a: Breloom|Focus Punch|p2a: Landorus
|-enditem|p1a: Breloom|Fighting Gem|[from] gem|[move] Focus Punch
|-resisted|p2a: Landorus
|-damage|p2a: Landorus|35/100
|
|-weather|Sandstorm|[upkeep]
|-damage|p1a: Breloom|82/100|[from] Sandstorm
|upkeep
|turn|12
|inactive|120gitanes/day has 135 seconds left.
|
|switch|p1a: Excadrill|Excadrill, M, shiny|97/100
|-damage|p1a: Excadrill|94/100|[from] Stealth Rock
|-item|p1a: Excadrill|Air Balloon
|move|p2a: Landorus|U-turn|p1a: Excadrill
|-resisted|p1a: Excadrill
|-damage|p1a: Excadrill|76/100
|-enditem|p1a: Excadrill|Air Balloon
|
|switch|p2a: Garchomp|Garchomp, M|100/100
|-damage|p2a: Garchomp|94/100|[from] Stealth Rock
|
|-weather|Sandstorm|[upkeep]
|upkeep
|turn|13
|
|move|p1a: Excadrill|Earthquake|p2a: Garchomp
|-damage|p2a: Garchomp|45/100
|move|p2a: Garchomp|Fire Fang|p1a: Excadrill
|-supereffective|p1a: Excadrill
|-crit|p1a: Excadrill
|-damage|p1a: Excadrill|0
|faint|p1a: Excadrill
|
|-weather|Sandstorm|[upkeep]
|upkeep
|
|switch|p1a: Tornadus|Tornadus, M|50/100
|-damage|p1a: Tornadus|25/100|[from] Stealth Rock
|turn|14
|
|move|p1a: Tornadus|Icy Wind|p2a: Garchomp
|-supereffective|p2a: Garchomp
|-damage|p2a: Garchomp|0
|-damage|p1a: Tornadus|16/100|[from] item: Life Orb
|faint|p2a: Garchomp
|
|-weather|Sandstorm|[upkeep]
|-damage|p1a: Tornadus|10/100|[from] Sandstorm
|upkeep
|
|switch|p2a: Jellicent|Jellicent, M, shiny|100/100
|-damage|p2a: Jellicent|88/100|[from] Stealth Rock
|turn|15
|
|move|p1a: Tornadus|Hurricane|p2a: Jellicent
|-damage|p2a: Jellicent|18/100
|-start|p2a: Jellicent|confusion
|-damage|p1a: Tornadus|0|[from] item: Life Orb
|faint|p1a: Tornadus
|-activate|p2a: Jellicent|confusion
|-damage|p2a: Jellicent|13/100|[from] confusion
|
|-weather|Sandstorm|[upkeep]
|-damage|p2a: Jellicent|7/100|[from] Sandstorm
|-heal|p2a: Jellicent|13/100|[from] item: Leftovers
|upkeep
|
|switch|p1a: Breloom|Breloom, M|82/100
|-damage|p1a: Breloom|76/100|[from] Stealth Rock
|turn|16
|
|move|p1a: Breloom|Bullet Seed|p2a: Jellicent
|-supereffective|p2a: Jellicent
|-damage|p2a: Jellicent|0
|-hitcount|p2a: Jellicent|1
|faint|p2a: Jellicent
|
|-weather|Sandstorm|[upkeep]
|-damage|p1a: Breloom|70/100|[from] Sandstorm
|upkeep
|
|switch|p2a: Landorus|Landorus-Therian, M|35/100
|-damage|p2a: Landorus|22/100|[from] Stealth Rock
|-ability|p2a: Landorus|Intimidate|boost
|-unboost|p1a: Breloom|atk|1
|turn|17
|
|move|p1a: Breloom|Mach Punch|p2a: Landorus
|-resisted|p2a: Landorus
|-damage|p2a: Landorus|9/100
|move|p2a: Landorus|Hidden Power|p1a: Breloom
|-supereffective|p1a: Breloom
|-damage|p1a: Breloom|0
|faint|p1a: Breloom
|
|-weather|Sandstorm|[upkeep]
|upkeep
|
|switch|p1a: Salamence|Salamence, F|100/100
|-damage|p1a: Salamence|76/100|[from] Stealth Rock
|turn|18
|
|move|p1a: Salamence|Fire Blast|p2a: Landorus
|-damage|p2a: Landorus|0
|faint|p2a: Landorus
|-ability|p1a: Salamence|Moxie|boost
|-boost|p1a: Salamence|atk|1
|
|-weather|Sandstorm|[upkeep]
|-damage|p1a: Salamence|70/100|[from] Sandstorm
|upkeep
|
|switch|p2a: Ferrothorn|Ferrothorn, M|100/100 slp
|-damage|p2a: Ferrothorn|95/100 slp|[from] Stealth Rock
|turn|19
|
|cant|p2a: Ferrothorn|slp
|move|p1a: Salamence|Fire Blast|p2a: Ferrothorn|[miss]
|-miss|p1a: Salamence|p2a: Ferrothorn
|
|-weather|Sandstorm|[upkeep]
|-damage|p1a: Salamence|64/100|[from] Sandstorm
|-heal|p2a: Ferrothorn|100/100 slp|[from] item: Leftovers
|upkeep
|turn|20
|
|-curestatus|p2a: Ferrothorn|slp|[msg]
|move|p2a: Ferrothorn|Protect|p2a: Ferrothorn
|-singleturn|p2a: Ferrothorn|Protect
|move|p1a: Salamence|Fire Blast|p2a: Ferrothorn
|-activate|p2a: Ferrothorn|move: Protect
|
|-weather|Sandstorm|[upkeep]
|-damage|p1a: Salamence|58/100|[from] Sandstorm
|upkeep
|turn|21
|
|move|p1a: Salamence|Fire Blast|p2a: Ferrothorn
|-supereffective|p2a: Ferrothorn
|-damage|p2a: Ferrothorn|18/100
|-status|p2a: Ferrothorn|brn
|move|p2a: Ferrothorn|Gyro Ball|p1a: Salamence
|-damage|p1a: Salamence|29/100
|
|-weather|Sandstorm|[upkeep]
|-damage|p1a: Salamence|23/100|[from] Sandstorm
|-heal|p2a: Ferrothorn|24/100 brn|[from] item: Leftovers
|-damage|p2a: Ferrothorn|12/100 brn|[from] brn
|upkeep
|turn|22
|c|☆120gitanes/day|hahaha
|c|☆120gitanes/day|what a match :)
|inactive|120gitanes/day has 135 seconds left.
|
|move|p1a: Salamence|Fire Blast|p2a: Ferrothorn|[miss]
|-miss|p1a: Salamence|p2a: Ferrothorn
|move|p2a: Ferrothorn|Gyro Ball|p1a: Salamence
|-damage|p1a: Salamence|0
|faint|p1a: Salamence
|
|win|Quick
|c|☆Quick|ikr
|raw|120gitanes&#x2f;day's rating: 1381 &rarr; <strong>1359</strong><br />(-22 for losing)
|raw|Quick's rating: 1351 &rarr; <strong>1372</strong><br />(+21 for winning)
|c|☆Quick|gg
|c|☆120gitanes/day|gg
|l|☆120gitanes/day
