|j|☆blackkaiser
|j|☆gameisgame4
|player|p1|blackkaiser|101|1486
|player|p2|gameisgame4|anabel|1312
|teamsize|p1|6
|teamsize|p2|6
|gametype|singles
|gen|5
|tier|[Gen 5] OU
|rated|
|rule|Sleep Clause Mod: Limit one foe put to sleep
|rule|Species Clause: Limit one of each Pokémon
|rule|OHKO Clause: OHKO moves are banned
|rule|Moody Clause: Moody is banned
|rule|Evasion Moves Clause: Evasion moves are banned
|rule|Endless Battle Clause: Forcing endless battles is banned
|rule|HP Percentage Mod: HP is shown in percentages
|rule|Evasion Abilities Clause: Evasion abilities are banned
|rule|Baton Pass Clause: Limit one Baton Passer, can't pass Spe and other stats simultaneously
|rule|Swagger Clause: Swagger is banned
|clearpoke
|poke|p1|Hippowdon, M|item
|poke|p1|Ferrothorn, M|item
|poke|p1|Jellicent, F|item
|poke|p1|Latios, M|item
|poke|p1|Garchomp, M|item
|poke|p1|Scizor, F|item
|poke|p2|Kyurem|item
|poke|p2|Politoed, F|item
|poke|p2|Landorus-Therian, M|item
|poke|p2|Celebi|item
|poke|p2|Tentacruel, F|item
|poke|p2|Jirachi|item
|teampreview
|inactive|Battle timer is ON: inactive players will automatically lose when time's up. (requested by gameisgame4)
|
|start
|switch|p1a: Latios|Latios, M, shiny|100/100
|switch|p2a: Landorus|Landorus-Therian, M|100/100
|-ability|p2a: Landorus|Intimidate|boost
|-unboost|p1a: Latios|atk|1
|turn|1
|
|switch|p1a: Ferrothorn|Ferrothorn, M|100/100
|switch|p2a: Jirachi|Jirachi|100/100
|
|upkeep
|turn|2
|
|switch|p2a: Landorus|Landorus-Therian, M|100/100
|-ability|p2a: Landorus|Intimidate|boost
|-unboost|p1a: Ferrothorn|atk|1
|move|p1a: Ferrothorn|Spikes|p2a: Landorus
|-sidestart|p2: gameisgame4|Spikes
|
|upkeep
|turn|3
|
|move|p2a: Landorus|Stealth Rock|p1a: Ferrothorn
|-sidestart|p1: blackkaiser|move: Stealth Rock
|move|p1a: Ferrothorn|Leech Seed|p2a: Landorus
|-start|p2a: Landorus|move: Leech Seed
|
|-damage|p2a: Landorus|88/100|[from] Leech Seed|[of] p1a: Ferrothorn
|upkeep
|turn|4
|
|switch|p2a: Politoed|Politoed, F|100/100
|-damage|p2a: Politoed|88/100|[from] Spikes
|-weather|RainDance|[from] ability: Drizzle|[of] p2a: Politoed
|move|p1a: Ferrothorn|Spikes|p2a: Politoed
|-sidestart|p2: gameisgame4|Spikes
|
|-weather|RainDance|[upkeep]
|upkeep
|turn|5
|
|switch|p2a: Tentacruel|Tentacruel, F|100/100
|-damage|p2a: Tentacruel|84/100|[from] Spikes
|move|p1a: Ferrothorn|Power Whip|p2a: Tentacruel
|-damage|p2a: Tentacruel|59/100
|
|-weather|RainDance|[upkeep]
|-heal|p2a: Tentacruel|65/100|[from] ability: Rain Dish
|-heal|p2a: Tentacruel|71/100|[from] item: Black Sludge
|upkeep
|turn|6
|
|switch|p1a: Jellicent|Jellicent, F|100/100
|-damage|p1a: Jellicent|88/100|[from] Stealth Rock
|move|p2a: Tentacruel|Toxic Spikes|p1a: Jellicent
|-sidestart|p1: blackkaiser|move: Toxic Spikes
|
|-weather|RainDance|[upkeep]
|-heal|p2a: Tentacruel|77/100|[from] ability: Rain Dish
|-heal|p2a: Tentacruel|83/100|[from] item: Black Sludge
|-heal|p1a: Jellicent|94/100|[from] item: Leftovers
|upkeep
|turn|7
|
|move|p2a: Tentacruel|Protect|p2a: Tentacruel
|-singleturn|p2a: Tentacruel|Protect
|move|p1a: Jellicent|Will-O-Wisp|p2a: Tentacruel
|-activate|p2a: Tentacruel|move: Protect
|
|-weather|RainDance|[upkeep]
|-heal|p2a: Tentacruel|89/100|[from] ability: Rain Dish
|-heal|p2a: Tentacruel|95/100|[from] item: Black Sludge
|-heal|p1a: Jellicent|100/100|[from] item: Leftovers
|upkeep
|turn|8
|
|move|p2a: Tentacruel|Toxic Spikes|p1a: Jellicent
|-sidestart|p1: blackkaiser|move: Toxic Spikes
|move|p1a: Jellicent|Will-O-Wisp|p2a: Tentacruel|[miss]
|-miss|p1a: Jellicent|p2a: Tentacruel
|
|-weather|RainDance|[upkeep]
|-heal|p2a: Tentacruel|100/100|[from] ability: Rain Dish
|upkeep
|turn|9
|
|switch|p2a: Celebi|Celebi|100/100
|-damage|p2a: Celebi|84/100|[from] Spikes
|move|p1a: Jellicent|Will-O-Wisp|p2a: Celebi
|-status|p2a: Celebi|brn
|
|-weather|RainDance|[upkeep]
|-heal|p2a: Celebi|90/100 brn|[from] item: Leftovers
|-damage|p2a: Celebi|78/100 brn|[from] brn
|upkeep
|turn|10
|
|switch|p2a: Tentacruel|Tentacruel, F|100/100
|-damage|p2a: Tentacruel|84/100|[from] Spikes
|switch|p1a: Ferrothorn|Ferrothorn, M|100/100
|-damage|p1a: Ferrothorn|95/100|[from] Stealth Rock
|
|-weather|RainDance|[upkeep]
|-heal|p2a: Tentacruel|90/100|[from] ability: Rain Dish
|-heal|p2a: Tentacruel|96/100|[from] item: Black Sludge
|upkeep
|turn|11
|
|switch|p1a: Jellicent|Jellicent, F|100/100
|-status|p1a: Jellicent|tox
|-damage|p1a: Jellicent|88/100 tox|[from] Stealth Rock
|move|p2a: Tentacruel|Rapid Spin|p1a: Jellicent
|-immune|p1a: Jellicent
|
|-weather|RainDance|[upkeep]
|-heal|p2a: Tentacruel|100/100|[from] ability: Rain Dish
|-heal|p1a: Jellicent|94/100 tox|[from] item: Leftovers
|-damage|p1a: Jellicent|88/100 tox|[from] psn
|upkeep
|turn|12
|
|switch|p1a: Hippowdon|Hippowdon, M|100/100
|-damage|p1a: Hippowdon|94/100|[from] Stealth Rock
|-status|p1a: Hippowdon|tox
|-weather|Sandstorm|[from] ability: Sand Stream|[of] p1a: Hippowdon
|move|p2a: Tentacruel|Protect||[still]
|-fail|p2a: Tentacruel
|
|-weather|Sandstorm|[upkeep]
|-damage|p2a: Tentacruel|94/100|[from] Sandstorm
|-heal|p2a: Tentacruel|100/100|[from] item: Black Sludge
|-heal|p1a: Hippowdon|100/100 tox|[from] item: Leftovers
|-damage|p1a: Hippowdon|94/100 tox|[from] psn
|upkeep
|turn|13
|
|switch|p1a: Jellicent|Jellicent, F|88/100 tox
|-damage|p1a: Jellicent|76/100 tox|[from] Stealth Rock
|move|p2a: Tentacruel|Rapid Spin|p1a: Jellicent
|-immune|p1a: Jellicent
|
|-weather|Sandstorm|[upkeep]
|-damage|p2a: Tentacruel|94/100|[from] Sandstorm
|-damage|p1a: Jellicent|69/100 tox|[from] Sandstorm
|-heal|p2a: Tentacruel|100/100|[from] item: Black Sludge
|-heal|p1a: Jellicent|76/100 tox|[from] item: Leftovers
|-damage|p1a: Jellicent|69/100 tox|[from] psn
|upkeep
|turn|14
|
|switch|p2a: Kyurem|Kyurem|100/100
|-damage|p2a: Kyurem|84/100|[from] Spikes
|-ability|p2a: Kyurem|Pressure
|move|p1a: Jellicent|Recover|p1a: Jellicent
|-heal|p1a: Jellicent|100/100 tox
|
|-weather|Sandstorm|[upkeep]
|-damage|p2a: Kyurem|78/100|[from] Sandstorm
|-damage|p1a: Jellicent|94/100 tox|[from] Sandstorm
|-heal|p2a: Kyurem|84/100|[from] item: Leftovers
|-heal|p1a: Jellicent|100/100 tox|[from] item: Leftovers
|-damage|p1a: Jellicent|88/100 tox|[from] psn
|upkeep
|turn|15
|
|switch|p1a: Scizor|Scizor, F|100/100
|-damage|p1a: Scizor|88/100|[from] Stealth Rock
|move|p2a: Kyurem|Substitute|p2a: Kyurem
|-start|p2a: Kyurem|Substitute
|-damage|p2a: Kyurem|59/100
|
|-weather|Sandstorm|[upkeep]
|-damage|p2a: Kyurem|53/100|[from] Sandstorm
|-heal|p2a: Kyurem|59/100|[from] item: Leftovers
|upkeep
|turn|16
|
|move|p1a: Scizor|Bullet Punch|p2a: Kyurem
|-supereffective|p2a: Kyurem
|-end|p2a: Kyurem|Substitute
|move|p2a: Kyurem|Roost|p2a: Kyurem
|-heal|p2a: Kyurem|100/100
|-singleturn|p2a: Kyurem|move: Roost
|
|-weather|Sandstorm|[upkeep]
|-damage|p2a: Kyurem|94/100|[from] Sandstorm
|-heal|p2a: Kyurem|100/100|[from] item: Leftovers
|upkeep
|turn|17
|
|switch|p2a: Jirachi|Jirachi|100/100
|-damage|p2a: Jirachi|84/100|[from] Spikes
|move|p1a: Scizor|Bullet Punch|p2a: Jirachi
|-resisted|p2a: Jirachi
|-damage|p2a: Jirachi|61/100
|
|-weather|Sandstorm|[upkeep]
|-heal|p2a: Jirachi|68/100|[from] item: Leftovers
|upkeep
|turn|18
|
|switch|p1a: Hippowdon|Hippowdon, M|94/100 tox
|-damage|p1a: Hippowdon|88/100 tox|[from] Stealth Rock
|move|p2a: Jirachi|Wish|p2a: Jirachi
|
|-weather|Sandstorm|[upkeep]
|-heal|p2a: Jirachi|74/100|[from] item: Leftovers
|-heal|p1a: Hippowdon|94/100 tox|[from] item: Leftovers
|-damage|p1a: Hippowdon|88/100 tox|[from] psn
|upkeep
|turn|19
|
|move|p2a: Jirachi|Iron Head|p1a: Hippowdon
|-damage|p1a: Hippowdon|72/100 tox
|cant|p1a: Hippowdon|flinch
|
|-weather|Sandstorm|[upkeep]
|-heal|p2a: Jirachi|100/100|[from] move: Wish|[wisher] Jirachi
|-heal|p1a: Hippowdon|79/100 tox|[from] item: Leftovers
|-damage|p1a: Hippowdon|66/100 tox|[from] psn
|upkeep
|turn|20
|
|move|p2a: Jirachi|Iron Head|p1a: Hippowdon
|-damage|p1a: Hippowdon|52/100 tox
|move|p1a: Hippowdon|Stealth Rock|p2a: Jirachi
|-sidestart|p2: gameisgame4|move: Stealth Rock
|
|-weather|Sandstorm|[upkeep]
|-heal|p1a: Hippowdon|58/100 tox|[from] item: Leftovers
|-damage|p1a: Hippowdon|39/100 tox|[from] psn
|upkeep
|turn|21
|
|switch|p1a: Ferrothorn|Ferrothorn, M|95/100
|-damage|p1a: Ferrothorn|89/100|[from] Stealth Rock
|move|p2a: Jirachi|Iron Head|p1a: Ferrothorn
|-resisted|p1a: Ferrothorn
|-damage|p1a: Ferrothorn|80/100
|-damage|p2a: Jirachi|88/100|[from] ability: Iron Barbs|[of] p1a: Ferrothorn
|-damage|p2a: Jirachi|72/100|[from] item: Rocky Helmet|[of] p1a: Ferrothorn
|
|-weather|Sandstorm|[upkeep]
|-heal|p2a: Jirachi|78/100|[from] item: Leftovers
|upkeep
|turn|22
|
|move|p2a: Jirachi|Wish|p2a: Jirachi
|move|p1a: Ferrothorn|Leech Seed|p2a: Jirachi
|-start|p2a: Jirachi|move: Leech Seed
|
|-weather|Sandstorm|[upkeep]
|-heal|p2a: Jirachi|84/100|[from] item: Leftovers
|-damage|p2a: Jirachi|72/100|[from] Leech Seed|[of] p1a: Ferrothorn
|-heal|p1a: Ferrothorn|94/100|[silent]
|upkeep
|turn|23
|
|switch|p2a: Politoed|Politoed, F|88/100
|-damage|p2a: Politoed|76/100|[from] Stealth Rock
|-damage|p2a: Politoed|59/100|[from] Spikes
|-weather|RainDance|[from] ability: Drizzle|[of] p2a: Politoed
|move|p1a: Ferrothorn|Thunder Wave|p2a: Politoed
|-status|p2a: Politoed|par
|
|-weather|RainDance|[upkeep]
|-heal|p2a: Politoed|100/100 par|[from] move: Wish|[wisher] Jirachi
|upkeep
|turn|24
|
|switch|p2a: Jirachi|Jirachi|72/100
|-damage|p2a: Jirachi|55/100|[from] Spikes
|-damage|p2a: Jirachi|49/100|[from] Stealth Rock
|move|p1a: Ferrothorn|Leech Seed|p2a: Jirachi|[miss]
|-miss|p1a: Ferrothorn|p2a: Jirachi
|
|-weather|RainDance|[upkeep]
|-heal|p2a: Jirachi|55/100|[from] item: Leftovers
|upkeep
|turn|25
|
|move|p2a: Jirachi|Protect|p2a: Jirachi
|-singleturn|p2a: Jirachi|Protect
|move|p1a: Ferrothorn|Thunder Wave|p2a: Jirachi
|-activate|p2a: Jirachi|move: Protect
|
|-weather|RainDance|[upkeep]
|-heal|p2a: Jirachi|61/100|[from] item: Leftovers
|upkeep
|turn|26
|
|move|p2a: Jirachi|Wish|p2a: Jirachi
|move|p1a: Ferrothorn|Thunder Wave|p2a: Jirachi
|-status|p2a: Jirachi|par
|
|-weather|RainDance|[upkeep]
|-heal|p2a: Jirachi|67/100 par|[from] item: Leftovers
|upkeep
|turn|27
|
|switch|p2a: Tentacruel|Tentacruel, F|100/100
|-damage|p2a: Tentacruel|84/100|[from] Spikes
|-damage|p2a: Tentacruel|72/100|[from] Stealth Rock
|move|p1a: Ferrothorn|Spikes|p2a: Tentacruel
|-sidestart|p2: gameisgame4|Spikes
|
|-weather|RainDance|[upkeep]
|-heal|p2a: Tentacruel|78/100|[from] ability: Rain Dish
|-heal|p2a: Tentacruel|100/100|[from] move: Wish|[wisher] Jirachi
|upkeep
|turn|28
|
|switch|p1a: Jellicent|Jellicent, F|88/100 tox
|-damage|p1a: Jellicent|76/100 tox|[from] Stealth Rock
|move|p2a: Tentacruel|Rapid Spin|p1a: Jellicent
|-immune|p1a: Jellicent
|
|-weather|RainDance|[upkeep]
|-heal|p1a: Jellicent|82/100 tox|[from] item: Leftovers
|-damage|p1a: Jellicent|76/100 tox|[from] psn
|upkeep
|turn|29
|
|move|p2a: Tentacruel|Rapid Spin|p1a: Jellicent
|-immune|p1a: Jellicent
|move|p1a: Jellicent|Will-O-Wisp|p2a: Tentacruel|[miss]
|-miss|p1a: Jellicent|p2a: Tentacruel
|
|-weather|RainDance|[upkeep]
|-heal|p1a: Jellicent|82/100 tox|[from] item: Leftovers
|-damage|p1a: Jellicent|69/100 tox|[from] psn
|upkeep
|turn|30
|
|move|p2a: Tentacruel|Protect|p2a: Tentacruel
|-singleturn|p2a: Tentacruel|Protect
|move|p1a: Jellicent|Recover|p1a: Jellicent
|-heal|p1a: Jellicent|100/100 tox
|
|-weather|RainDance|[upkeep]
|-damage|p1a: Jellicent|82/100 tox|[from] psn
|upkeep
|turn|31
|
|move|p2a: Tentacruel|Rapid Spin|p1a: Jellicent
|-immune|p1a: Jellicent
|move|p1a: Jellicent|Will-O-Wisp|p2a: Tentacruel|[miss]
|-miss|p1a: Jellicent|p2a: Tentacruel
|
|-weather|RainDance|[upkeep]
|-heal|p1a: Jellicent|88/100 tox|[from] item: Leftovers
|-damage|p1a: Jellicent|63/100 tox|[from] psn
|upkeep
|turn|32
|
|move|p2a: Tentacruel|Protect|p2a: Tentacruel
|-singleturn|p2a: Tentacruel|Protect
|move|p1a: Jellicent|Will-O-Wisp|p2a: Tentacruel
|-activate|p2a: Tentacruel|move: Protect
|
|-weather|RainDance|[upkeep]
|-heal|p1a: Jellicent|69/100 tox|[from] item: Leftovers
|-damage|p1a: Jellicent|38/100 tox|[from] psn
|upkeep
|turn|33
|
|move|p2a: Tentacruel|Rapid Spin|p1a: Jellicent
|-immune|p1a: Jellicent
|move|p1a: Jellicent|Will-O-Wisp|p2a: Tentacruel
|-status|p2a: Tentacruel|brn
|
|-weather|RainDance|[upkeep]
|-heal|p1a: Jellicent|45/100 tox|[from] item: Leftovers
|-damage|p2a: Tentacruel|88/100 brn|[from] brn
|-damage|p1a: Jellicent|7/100 tox|[from] psn
|upkeep
|turn|34
|
|move|p2a: Tentacruel|Rapid Spin|p1a: Jellicent
|-immune|p1a: Jellicent
|move|p1a: Jellicent|Recover|p1a: Jellicent
|-heal|p1a: Jellicent|58/100 tox
|
|-weather|RainDance|[upkeep]
|-heal|p2a: Tentacruel|94/100 brn|[from] ability: Rain Dish
|-heal|p2a: Tentacruel|99/100 brn|[from] item: Black Sludge
|-heal|p1a: Jellicent|64/100 tox|[from] item: Leftovers
|-damage|p2a: Tentacruel|88/100 brn|[from] brn
|-damage|p1a: Jellicent|20/100 tox|[from] psn
|upkeep
|turn|35
|
|move|p2a: Tentacruel|Rapid Spin|p1a: Jellicent
|-immune|p1a: Jellicent
|move|p1a: Jellicent|Recover|p1a: Jellicent
|-heal|p1a: Jellicent|70/100 tox
|
|-weather|RainDance|[upkeep]
|-heal|p2a: Tentacruel|94/100 brn|[from] ability: Rain Dish
|-heal|p2a: Tentacruel|99/100 brn|[from] item: Black Sludge
|-heal|p1a: Jellicent|77/100 tox|[from] item: Leftovers
|-damage|p2a: Tentacruel|88/100 brn|[from] brn
|-damage|p1a: Jellicent|27/100 tox|[from] psn
|upkeep
|turn|36
|
|move|p2a: Tentacruel|Rapid Spin|p1a: Jellicent
|-immune|p1a: Jellicent
|move|p1a: Jellicent|Shadow Ball|p2a: Tentacruel
|-damage|p2a: Tentacruel|69/100 brn
|-unboost|p2a: Tentacruel|spd|1
|
|-weather|RainDance|[upkeep]
|-heal|p2a: Tentacruel|75/100 brn|[from] ability: Rain Dish
|-heal|p2a: Tentacruel|81/100 brn|[from] item: Black Sludge
|-heal|p1a: Jellicent|33/100 tox|[from] item: Leftovers
|-damage|p2a: Tentacruel|69/100 brn|[from] brn
|-damage|p1a: Jellicent|0 fnt|[from] psn
|faint|p1a: Jellicent
|upkeep
|
|switch|p1a: Garchomp|Garchomp, M|100/100
|-status|p1a: Garchomp|tox
|-damage|p1a: Garchomp|94/100 tox|[from] Stealth Rock
|turn|37
|
|switch|p2a: Landorus|Landorus-Therian, M|88/100
|-damage|p2a: Landorus|76/100|[from] Stealth Rock
|-ability|p2a: Landorus|Intimidate|boost
|-unboost|p1a: Garchomp|atk|1
|move|p1a: Garchomp|Earthquake|p2a: Landorus
|-immune|p2a: Landorus
|
|-weather|RainDance|[upkeep]
|-heal|p2a: Landorus|82/100|[from] item: Leftovers
|-damage|p1a: Garchomp|88/100 tox|[from] psn
|upkeep
|turn|38
|
|move|p1a: Garchomp|Draco Meteor|p2a: Landorus
|-damage|p2a: Landorus|8/100
|-unboost|p1a: Garchomp|spa|2
|-damage|p1a: Garchomp|78/100 tox|[from] item: Life Orb
|move|p2a: Landorus|Hidden Power|p1a: Garchomp
|-supereffective|p1a: Garchomp
|-damage|p1a: Garchomp|0 fnt
|faint|p1a: Garchomp
|
|-weather|RainDance|[upkeep]
|-heal|p2a: Landorus|14/100|[from] item: Leftovers
|upkeep
|
|switch|p1a: Hippowdon|Hippowdon, M|39/100 tox
|-damage|p1a: Hippowdon|33/100 tox|[from] Stealth Rock
|-weather|Sandstorm|[from] ability: Sand Stream|[of] p1a: Hippowdon
|turn|39
|
|move|p2a: Landorus|Earthquake|p1a: Hippowdon
|-damage|p1a: Hippowdon|7/100 tox
|move|p1a: Hippowdon|Slack Off|p1a: Hippowdon
|-heal|p1a: Hippowdon|57/100 tox
|
|-weather|Sandstorm|[upkeep]
|-heal|p2a: Landorus|20/100|[from] item: Leftovers
|-heal|p1a: Hippowdon|64/100 tox|[from] item: Leftovers
|-damage|p1a: Hippowdon|57/100 tox|[from] psn
|upkeep
|turn|40
|
|move|p2a: Landorus|Earthquake|p1a: Hippowdon
|-damage|p1a: Hippowdon|33/100 tox
|move|p1a: Hippowdon|Slack Off|p1a: Hippowdon
|-heal|p1a: Hippowdon|83/100 tox
|
|-weather|Sandstorm|[upkeep]
|-heal|p2a: Landorus|26/100|[from] item: Leftovers
|-heal|p1a: Hippowdon|89/100 tox|[from] item: Leftovers
|-damage|p1a: Hippowdon|77/100 tox|[from] psn
|upkeep
|turn|41
|
|move|p2a: Landorus|Earthquake|p1a: Hippowdon
|-damage|p1a: Hippowdon|51/100 tox
|move|p1a: Hippowdon|Roar|p2a: Landorus
|drag|p2a: Tentacruel|Tentacruel, F|69/100 brn
|-damage|p2a: Tentacruel|44/100 brn|[from] Spikes
|-damage|p2a: Tentacruel|32/100 brn|[from] Stealth Rock
|
|-weather|Sandstorm|[upkeep]
|-damage|p2a: Tentacruel|25/100 brn|[from] Sandstorm
|-heal|p2a: Tentacruel|32/100 brn|[from] item: Black Sludge
|-heal|p1a: Hippowdon|57/100 tox|[from] item: Leftovers
|-damage|p2a: Tentacruel|19/100 brn|[from] brn
|-damage|p1a: Hippowdon|38/100 tox|[from] psn
|upkeep
|turn|42
|
|switch|p1a: Ferrothorn|Ferrothorn, M|94/100
|-damage|p1a: Ferrothorn|88/100|[from] Stealth Rock
|move|p2a: Tentacruel|Rapid Spin|p1a: Ferrothorn
|-resisted|p1a: Ferrothorn
|-damage|p1a: Ferrothorn|88/100
|-damage|p2a: Tentacruel|7/100 brn|[from] ability: Iron Barbs|[of] p1a: Ferrothorn
|-damage|p2a: Tentacruel|0 fnt|[from] item: Rocky Helmet|[of] p1a: Ferrothorn
|faint|p2a: Tentacruel
|
|-weather|Sandstorm|[upkeep]
|upkeep
|
|switch|p2a: Kyurem|Kyurem|100/100
|-damage|p2a: Kyurem|76/100|[from] Stealth Rock
|-damage|p2a: Kyurem|51/100|[from] Spikes
|-ability|p2a: Kyurem|Pressure
|turn|43
|
|switch|p1a: Scizor|Scizor, F|88/100
|-damage|p1a: Scizor|76/100|[from] Stealth Rock
|move|p2a: Kyurem|Substitute|p2a: Kyurem
|-start|p2a: Kyurem|Substitute
|-damage|p2a: Kyurem|26/100
|
|-weather|Sandstorm|[upkeep]
|-damage|p2a: Kyurem|20/100|[from] Sandstorm
|-heal|p2a: Kyurem|26/100|[from] item: Leftovers
|upkeep
|turn|44
|
|move|p1a: Scizor|Bullet Punch|p2a: Kyurem
|-supereffective|p2a: Kyurem
|-end|p2a: Kyurem|Substitute
|move|p2a: Kyurem|Roost|p2a: Kyurem
|-heal|p2a: Kyurem|76/100
|-singleturn|p2a: Kyurem|move: Roost
|
|-weather|Sandstorm|[upkeep]
|-damage|p2a: Kyurem|70/100|[from] Sandstorm
|-heal|p2a: Kyurem|76/100|[from] item: Leftovers
|upkeep
|turn|45
|
|switch|p2a: Jirachi|Jirachi|67/100 par
|-damage|p2a: Jirachi|42/100 par|[from] Spikes
|-damage|p2a: Jirachi|36/100 par|[from] Stealth Rock
|move|p1a: Scizor|Bullet Punch|p2a: Jirachi
|-resisted|p2a: Jirachi
|-damage|p2a: Jirachi|13/100 par
|
|-weather|Sandstorm|[upkeep]
|-heal|p2a: Jirachi|19/100 par|[from] item: Leftovers
|upkeep
|turn|46
|
|move|p2a: Jirachi|Protect|p2a: Jirachi
|-singleturn|p2a: Jirachi|Protect
|move|p1a: Scizor|Bullet Punch|p2a: Jirachi
|-activate|p2a: Jirachi|move: Protect
|
|-weather|Sandstorm|[upkeep]
|-heal|p2a: Jirachi|25/100 par|[from] item: Leftovers
|upkeep
|turn|47
|
|move|p1a: Scizor|Bullet Punch|p2a: Jirachi
|-resisted|p2a: Jirachi
|-damage|p2a: Jirachi|4/100 par
|move|p2a: Jirachi|Wish|p2a: Jirachi
|
|-weather|Sandstorm|[upkeep]
|-heal|p2a: Jirachi|11/100 par|[from] item: Leftovers
|upkeep
|turn|48
|
|cant|p2a: Jirachi|par
|move|p1a: Scizor|Bullet Punch|p2a: Jirachi
|-resisted|p2a: Jirachi
|-damage|p2a: Jirachi|0 fnt
|faint|p2a: Jirachi
|
|-weather|Sandstorm|[upkeep]
|upkeep
|
|switch|p2a: Politoed|Politoed, F|100/100 par
|-damage|p2a: Politoed|88/100 par|[from] Stealth Rock
|-damage|p2a: Politoed|63/100 par|[from] Spikes
|-weather|RainDance|[from] ability: Drizzle|[of] p2a: Politoed
|turn|49
|
|switch|p1a: Hippowdon|Hippowdon, M|38/100 tox
|-damage|p1a: Hippowdon|32/100 tox|[from] Stealth Rock
|-weather|Sandstorm|[from] ability: Sand Stream|[of] p1a: Hippowdon
|move|p2a: Politoed|Scald|p1a: Hippowdon
|-supereffective|p1a: Hippowdon
|-damage|p1a: Hippowdon|0 fnt
|faint|p1a: Hippowdon
|
|-weather|Sandstorm|[upkeep]
|-damage|p2a: Politoed|57/100 par|[from] Sandstorm
|upkeep
|
|switch|p1a: Latios|Latios, M, shiny|100/100
|-damage|p1a: Latios|88/100|[from] Stealth Rock
|turn|50
|
|move|p1a: Latios|Psyshock|p2a: Politoed
|-damage|p2a: Politoed|0 fnt
|faint|p2a: Politoed
|
|-weather|Sandstorm|[upkeep]
|-damage|p1a: Latios|82/100|[from] Sandstorm
|upkeep
|
|switch|p2a: Celebi|Celebi|78/100
|-damage|p2a: Celebi|65/100|[from] Stealth Rock
|-damage|p2a: Celebi|40/100|[from] Spikes
|turn|51
|
|switch|p1a: Scizor|Scizor, F|76/100
|-damage|p1a: Scizor|64/100|[from] Stealth Rock
|move|p2a: Celebi|Nasty Plot|p2a: Celebi
|-boost|p2a: Celebi|spa|2
|
|-weather|Sandstorm|[upkeep]
|-damage|p2a: Celebi|34/100|[from] Sandstorm
|-heal|p2a: Celebi|40/100|[from] item: Leftovers
|upkeep
|turn|52
|
|move|p1a: Scizor|Bullet Punch|p2a: Celebi
|-damage|p2a: Celebi|0 fnt
|faint|p2a: Celebi
|
|-weather|Sandstorm|[upkeep]
|upkeep
|-message|gameisgame4 forfeited.
|
|win|blackkaiser
|l|☆gameisgame4
|raw|blackkaiser's rating: 1498 &rarr; <strong>1508</strong><br />(+10 for winning)
|raw|gameisgame4's rating: 1312 &rarr; <strong>1302</strong><br />(-10 for losing)
