|j|dice
|j|FNH
|player|p1|dice|230
|player|p2|FNH|272
|gametype|singles
|gen|5
|tier|[Gen 5] OU
|rated
|seed|
|rule|Evasion Abilities Clause: Evasion abilities are banned
|rule|Baton Pass Clause: Limit one Baton Passer, can't pass Spe and other stats simultaneously
|rule|Swagger Clause: Swagger is banned
|clearpoke
|poke|p1|Tyranitar, M|item
|poke|p1|Terrakion|item
|poke|p1|Landorus-Therian, M|item
|poke|p1|Excadrill, F|item
|poke|p1|Amoonguss, M, shiny|item
|poke|p1|Slowbro, F, shiny|item
|poke|p2|Kingdra, F|item
|poke|p2|Breloom, F|item
|poke|p2|Heatran, F|item
|poke|p2|Jirachi|item
|poke|p2|Landorus-Therian, M|item
|poke|p2|Latios, M|item
|rule|Sleep Clause Mod: Limit one foe put to sleep
|rule|Species Clause: Limit one of each Pokémon
|rule|OHKO Clause: OHKO moves are banned
|rule|Moody Clause: Moody is banned
|rule|Evasion Moves Clause: Evasion moves are banned
|rule|Endless Battle Clause: Forcing endless battles is banned
|rule|HP Percentage Mod: HP is shown in percentages
|teampreview
|c|★FNH|hahah
|c|★FNH|gl hf
|choice||
|
|start
|switch|p1a: Landorus|Landorus-Therian, M|100/100
|switch|p2a: Landorus|Landorus-Therian, M|100/100
|-ability|p2a: Landorus|Intimidate|boost
|-unboost|p1a: Landorus|atk|1
|-ability|p1a: Landorus|Intimidate|boost
|-unboost|p2a: Landorus|atk|1
|turn|1
|choice||
|
|switch|p1a: Slowbro|Slowbro, F, shiny|100/100
|move|p2a: Landorus|U-turn|p1a: Slowbro
|-supereffective|p1a: Slowbro
|-damage|p1a: Slowbro|80/100
|-damage|p2a: Landorus|84/100|[from] item: Rocky Helmet|[of] p1a: Slowbro
|choice||
|
|switch|p2a: Breloom|Breloom, F|100/100
|
|turn|2
|choice||
|
|switch|p1a: Amoonguss|Amoonguss, M, shiny|100/100
|move|p2a: Breloom|Spore|p1a: Amoonguss
|-status|p1a: Amoonguss|slp
|
|turn|3
|choice||
|
|switch|p2a: Latios|Latios, M|100/100
|cant|p1a: Amoonguss|slp
|move|p1a: Amoonguss|Sleep Talk|p1a: Amoonguss
|move|p1a: Amoonguss|Giga Drain|p2a: Latios|[from]Sleep Talk
|-resisted|p2a: Latios
|-damage|p2a: Latios|89/100
|
|turn|4
|choice||
|
|switch|p2a: Landorus|Landorus-Therian, M|84/100
|-ability|p2a: Landorus|Intimidate|boost
|-unboost|p1a: Amoonguss|atk|1
|switch|p1a: Tyranitar|Tyranitar, M|100/100
|-weather|Sandstorm|[from] ability: Sand Stream|[of] p1a: Tyranitar
|
|-weather|Sandstorm|[upkeep]
|turn|5
|choice||
|
|switch|p1a: Slowbro|Slowbro, F, shiny|100/100
|move|p2a: Landorus|U-turn|p1a: Slowbro
|-supereffective|p1a: Slowbro
|-damage|p1a: Slowbro|68/100
|-damage|p2a: Landorus|67/100|[from] item: Rocky Helmet|[of] p1a: Slowbro
|choice||
|
|switch|p2a: Jirachi|Jirachi|100/100
|
|-weather|Sandstorm|[upkeep]
|-damage|p1a: Slowbro|62/100|[from] Sandstorm
|turn|6
|choice||
|
|move|p2a: Jirachi|Substitute|p2a: Jirachi
|-start|p2a: Jirachi|Substitute
|-damage|p2a: Jirachi|76/100
|move|p1a: Slowbro|Fire Blast|p2a: Jirachi|[miss]
|-miss|p1a: Slowbro|p2a: Jirachi
|
|-weather|Sandstorm|[upkeep]
|-damage|p1a: Slowbro|56/100|[from] Sandstorm
|-heal|p2a: Jirachi|82/100|[from] item: Leftovers
|turn|7
|choice||
|
|move|p2a: Jirachi|Thunderbolt|p1a: Slowbro
|-supereffective|p1a: Slowbro
|-damage|p1a: Slowbro|0 fnt
|faint|p1a: Slowbro
|
|-weather|Sandstorm|[upkeep]
|-heal|p2a: Jirachi|88/100|[from] item: Leftovers
|choice||
|
|switch|p1a: Excadrill|Excadrill, F|100/100
|turn|8
|choice||
|
|move|p1a: Excadrill|Earthquake|p2a: Jirachi
|-supereffective|p2a: Jirachi
|-end|p2a: Jirachi|Substitute
|move|p2a: Jirachi|Icy Wind|p1a: Excadrill
|-damage|p1a: Excadrill|78/100
|-unboost|p1a: Excadrill|spe|1
|
|-weather|Sandstorm|[upkeep]
|-heal|p2a: Jirachi|94/100|[from] item: Leftovers
|turn|9
|choice||
|
|switch|p1a: Tyranitar|Tyranitar, M|100/100
|switch|p2a: Landorus|Landorus-Therian, M|67/100
|-ability|p2a: Landorus|Intimidate|boost
|-unboost|p1a: Tyranitar|atk|1
|
|-weather|Sandstorm|[upkeep]
|turn|10
|choice||
|
|move|p2a: Landorus|U-turn|p1a: Tyranitar
|-supereffective|p1a: Tyranitar
|-damage|p1a: Tyranitar|59/100
|choice||
|
|switch|p2a: Breloom|Breloom, F|100/100
|move|p1a: Tyranitar|Stealth Rock|p2a: Breloom
|-sidestart|p2: FNH|move: Stealth Rock
|
|-weather|Sandstorm|[upkeep]
|-damage|p2a: Breloom|94/100|[from] Sandstorm
|turn|11
|j|Lord Angeallen
|choice||
|
|switch|p1a: Amoonguss|Amoonguss, M, shiny|100/100 slp
|move|p2a: Breloom|Bullet Seed|p1a: Amoonguss
|-resisted|p1a: Amoonguss
|-crit|p1a: Amoonguss
|-damage|p1a: Amoonguss|90/100 slp
|-resisted|p1a: Amoonguss
|-damage|p1a: Amoonguss|85/100 slp
|-resisted|p1a: Amoonguss
|-damage|p1a: Amoonguss|80/100 slp
|-hitcount|p1a: Amoonguss|3
|
|-weather|Sandstorm|[upkeep]
|-damage|p2a: Breloom|88/100|[from] Sandstorm
|-damage|p1a: Amoonguss|74/100 slp|[from] Sandstorm
|-heal|p1a: Amoonguss|80/100 slp|[from] item: Leftovers
|turn|12
|choice||
|
|switch|p2a: Heatran|Heatran, F|100/100
|-damage|p2a: Heatran|88/100|[from] Stealth Rock
|cant|p1a: Amoonguss|slp
|move|p1a: Amoonguss|Sleep Talk|p1a: Amoonguss
|move|p1a: Amoonguss|Spore|p2a: Heatran|[from]Sleep Talk
|-status|p2a: Heatran|slp
|
|-weather|Sandstorm|[upkeep]
|-damage|p1a: Amoonguss|74/100 slp|[from] Sandstorm
|-heal|p2a: Heatran|94/100 slp|[from] item: Leftovers
|-heal|p1a: Amoonguss|80/100 slp|[from] item: Leftovers
|turn|13
|j|Brooklynboii59
|choice||
|
|switch|p2a: Jirachi|Jirachi|94/100
|-damage|p2a: Jirachi|88/100|[from] Stealth Rock
|switch|p1a: Terrakion|Terrakion|100/100
|
|-weather|Sandstorm|[upkeep]
|-heal|p2a: Jirachi|94/100|[from] item: Leftovers
|turn|14
|choice||
|
|switch|p2a: Landorus|Landorus-Therian, M|67/100
|-damage|p2a: Landorus|55/100|[from] Stealth Rock
|-ability|p2a: Landorus|Intimidate|boost
|-unboost|p1a: Terrakion|atk|1
|move|p1a: Terrakion|Close Combat|p2a: Landorus
|-resisted|p2a: Landorus
|-damage|p2a: Landorus|16/100
|-unboost|p1a: Terrakion|def|1
|-unboost|p1a: Terrakion|spd|1
|
|-weather|Sandstorm|[upkeep]
|turn|15
|choice||
|
|switch|p1a: Amoonguss|Amoonguss, M, shiny|100/100 slp
|move|p2a: Landorus|Hidden Power|p1a: Amoonguss
|-supereffective|p1a: Amoonguss
|-damage|p1a: Amoonguss|75/100 slp
|
|-weather|Sandstorm|[upkeep]
|-damage|p1a: Amoonguss|69/100 slp|[from] Sandstorm
|-heal|p1a: Amoonguss|75/100 slp|[from] item: Leftovers
|turn|16
|choice||
|
|switch|p2a: Jirachi|Jirachi|94/100
|-damage|p2a: Jirachi|88/100|[from] Stealth Rock
|switch|p1a: Terrakion|Terrakion|100/100
|
|-weather|Sandstorm|[upkeep]
|-heal|p2a: Jirachi|94/100|[from] item: Leftovers
|turn|17
|choice||
|
|switch|p2a: Landorus|Landorus-Therian, M|16/100
|-damage|p2a: Landorus|3/100|[from] Stealth Rock
|-ability|p2a: Landorus|Intimidate|boost
|-unboost|p1a: Terrakion|atk|1
|move|p1a: Terrakion|Close Combat|p2a: Landorus
|-resisted|p2a: Landorus
|-damage|p2a: Landorus|0 fnt
|-unboost|p1a: Terrakion|def|1
|-unboost|p1a: Terrakion|spd|1
|faint|p2a: Landorus
|
|-weather|Sandstorm|[upkeep]
|choice||
|
|switch|p2a: Latios|Latios, M|89/100
|-damage|p2a: Latios|77/100|[from] Stealth Rock
|turn|18
|j|OM's Funbot28
|choice||
|
|switch|p1a: Amoonguss|Amoonguss, M, shiny|100/100 slp
|move|p2a: Latios|Surf|p1a: Amoonguss
|-resisted|p1a: Amoonguss
|-crit|p1a: Amoonguss
|-damage|p1a: Amoonguss|66/100 slp
|-damage|p2a: Latios|67/100|[from] item: Life Orb
|
|-weather|Sandstorm|[upkeep]
|-damage|p2a: Latios|61/100|[from] Sandstorm
|-damage|p1a: Amoonguss|60/100 slp|[from] Sandstorm
|-heal|p1a: Amoonguss|66/100 slp|[from] item: Leftovers
|turn|19
|choice||
|
|switch|p1a: Tyranitar|Tyranitar, M|59/100
|move|p2a: Latios|Surf|p1a: Tyranitar
|-supereffective|p1a: Tyranitar
|-damage|p1a: Tyranitar|14/100
|-damage|p2a: Latios|51/100|[from] item: Life Orb
|
|-weather|Sandstorm|[upkeep]
|-damage|p2a: Latios|45/100|[from] Sandstorm
|turn|20
|choice||
|
|move|p2a: Latios|Surf|p1a: Tyranitar
|-supereffective|p1a: Tyranitar
|-damage|p1a: Tyranitar|0 fnt
|-damage|p2a: Latios|35/100|[from] item: Life Orb
|faint|p1a: Tyranitar
|
|-weather|Sandstorm|[upkeep]
|-damage|p2a: Latios|29/100|[from] Sandstorm
|choice||
|
|switch|p1a: Excadrill|Excadrill, F|78/100
|turn|21
|choice||
|
|switch|p2a: Heatran|Heatran, F|94/100 slp
|-damage|p2a: Heatran|82/100 slp|[from] Stealth Rock
|move|p1a: Excadrill|Rock Slide|p2a: Heatran
|-damage|p2a: Heatran|50/100 slp
|
|-weather|Sandstorm|[upkeep]
|-heal|p2a: Heatran|56/100 slp|[from] item: Leftovers
|turn|22
|choice||
|
|switch|p1a: Landorus|Landorus-Therian, M|100/100
|-ability|p1a: Landorus|Intimidate|boost
|-unboost|p2a: Heatran|atk|1
|switch|p2a: Breloom|Breloom, F|88/100
|-damage|p2a: Breloom|82/100|[from] Stealth Rock
|
|-weather|Sandstorm|[upkeep]
|-damage|p2a: Breloom|76/100|[from] Sandstorm
|turn|23
|choice||
|
|move|p1a: Landorus|Hidden Power|p2a: Breloom
|-supereffective|p2a: Breloom
|-damage|p2a: Breloom|23/100
|move|p2a: Breloom|Bullet Seed|p1a: Landorus
|-damage|p1a: Landorus|77/100
|-damage|p1a: Landorus|52/100
|-damage|p1a: Landorus|27/100
|-damage|p1a: Landorus|1/100
|-hitcount|p1a: Landorus|4
|
|-weather|Sandstorm|[upkeep]
|-damage|p2a: Breloom|17/100|[from] Sandstorm
|turn|24
|choice||
|
|switch|p1a: Amoonguss|Amoonguss, M, shiny|99/100 slp
|move|p2a: Breloom|Mach Punch|p1a: Amoonguss
|-enditem|p2a: Breloom|Fighting Gem|[from] gem|[move] Mach Punch
|-resisted|p1a: Amoonguss
|-damage|p1a: Amoonguss|77/100 slp
|
|-weather|Sandstorm|[upkeep]
|-damage|p2a: Breloom|11/100|[from] Sandstorm
|-damage|p1a: Amoonguss|71/100 slp|[from] Sandstorm
|-heal|p1a: Amoonguss|77/100 slp|[from] item: Leftovers
|turn|25
|choice||
|
|move|p2a: Breloom|Mach Punch|p1a: Amoonguss
|-resisted|p1a: Amoonguss
|-damage|p1a: Amoonguss|61/100 slp
|cant|p1a: Amoonguss|slp
|move|p1a: Amoonguss|Sleep Talk|p1a: Amoonguss
|move|p1a: Amoonguss|Giga Drain|p2a: Breloom|[from]Sleep Talk
|-resisted|p2a: Breloom
|-damage|p2a: Breloom|0 fnt
|-heal|p1a: Amoonguss|64/100 slp|[from] drain|[of] p2a: Breloom
|faint|p2a: Breloom
|
|-weather|Sandstorm|[upkeep]
|-damage|p1a: Amoonguss|58/100 slp|[from] Sandstorm
|-heal|p1a: Amoonguss|64/100 slp|[from] item: Leftovers
|c| OM's Funbot28|lol sleep talk ammongus
|choice||
|
|switch|p2a: Jirachi|Jirachi|94/100
|-damage|p2a: Jirachi|88/100|[from] Stealth Rock
|turn|26
|choice||
|
|switch|p1a: Excadrill|Excadrill, F|78/100
|move|p2a: Jirachi|Substitute|p2a: Jirachi
|-start|p2a: Jirachi|Substitute
|-damage|p2a: Jirachi|63/100
|
|-weather|Sandstorm|[upkeep]
|-heal|p2a: Jirachi|69/100|[from] item: Leftovers
|turn|27
|choice||
|
|move|p1a: Excadrill|Earthquake|p2a: Jirachi
|-supereffective|p2a: Jirachi
|-end|p2a: Jirachi|Substitute
|move|p2a: Jirachi|Icy Wind|p1a: Excadrill
|-damage|p1a: Excadrill|57/100
|-unboost|p1a: Excadrill|spe|1
|
|-weather|Sandstorm|[upkeep]
|-heal|p2a: Jirachi|75/100|[from] item: Leftovers
|turn|28
|choice||
|
|switch|p2a: Latios|Latios, M|29/100
|-damage|p2a: Latios|17/100|[from] Stealth Rock
|move|p1a: Excadrill|Earthquake|p2a: Latios
|-immune|p2a: Latios|[msg]|[from] ability: Levitate
|
|-weather|Sandstorm|[upkeep]
|-damage|p2a: Latios|11/100|[from] Sandstorm
|turn|29
|choice||
|
|switch|p1a: Landorus|Landorus-Therian, M|1/100
|-ability|p1a: Landorus|Intimidate|boost
|-unboost|p2a: Latios|atk|1
|move|p2a: Latios|Roost|p2a: Latios
|-heal|p2a: Latios|61/100
|
|-weather|Sandstorm|[upkeep]
|-damage|p2a: Latios|55/100|[from] Sandstorm
|turn|30
|c| OM's Funbot28|wait its not mold breaker
|choice||
|
|switch|p1a: Amoonguss|Amoonguss, M, shiny|98/100 slp
|move|p2a: Latios|Psyshock|p1a: Amoonguss
|-supereffective|p1a: Amoonguss
|-crit|p1a: Amoonguss
|-damage|p1a: Amoonguss|0 fnt
|-damage|p2a: Latios|45/100|[from] item: Life Orb
|faint|p1a: Amoonguss
|
|-weather|Sandstorm|[upkeep]
|-damage|p2a: Latios|39/100|[from] Sandstorm
|choice||
|
|switch|p1a: Excadrill|Excadrill, F|57/100
|turn|31
|choice||
|
|switch|p1a: Landorus|Landorus-Therian, M|1/100
|-ability|p1a: Landorus|Intimidate|boost
|-unboost|p2a: Latios|atk|1
|switch|p2a: Heatran|Heatran, F|56/100 slp
|-damage|p2a: Heatran|44/100 slp|[from] Stealth Rock
|
|-weather|Sandstorm|[upkeep]
|-heal|p2a: Heatran|50/100 slp|[from] item: Leftovers
|turn|32
|choice||
|
|move|p1a: Landorus|Gravity|p1a: Landorus
|-fieldstart|move: Gravity
|cant|p2a: Heatran|slp
|
|-weather|Sandstorm|[upkeep]
|-heal|p2a: Heatran|56/100 slp|[from] item: Leftovers
|turn|33
|choice||
|
|switch|p2a: Kingdra|Kingdra, F|100/100
|-damage|p2a: Kingdra|88/100|[from] Stealth Rock
|move|p1a: Landorus|Earthquake|p2a: Kingdra
|-damage|p2a: Kingdra|4/100
|
|-weather|Sandstorm|[upkeep]
|-damage|p2a: Kingdra|0 fnt|[from] Sandstorm
|faint|p2a: Kingdra
|c| OM's Funbot28|oh so ur gravity
|c|★FNH|oh fuck
|c|★FNH|gg
|choice||
|
|switch|p2a: Latios|Latios, M|39/100
|-damage|p2a: Latios|27/100|[from] Stealth Rock
|turn|34
|c|★FNH|i thought
|c|★FNH|rp
|c|★FNH|on that turn
|choice||
|
|move|p2a: Latios|Surf|p1a: Landorus
|-supereffective|p1a: Landorus
|-damage|p1a: Landorus|0 fnt
|-damage|p2a: Latios|17/100|[from] item: Life Orb
|faint|p1a: Landorus
|
|-weather|Sandstorm|[upkeep]
|-damage|p2a: Latios|11/100|[from] Sandstorm
|choice||
|
|switch|p1a: Excadrill|Excadrill, F|57/100
|turn|35
|choice||
|
|move|p1a: Excadrill|Earthquake|p2a: Latios
|-damage|p2a: Latios|0 fnt
|faint|p2a: Latios
|
|-weather|Sandstorm|[upkeep]
|choice||
|
|switch|p2a: Heatran|Heatran, F|56/100 slp
|-damage|p2a: Heatran|44/100 slp|[from] Stealth Rock
|turn|36
|choice||
|
|move|p1a: Excadrill|Earthquake|p2a: Heatran
|-supereffective|p2a: Heatran
|-damage|p2a: Heatran|0 fnt
|faint|p2a: Heatran
|
|-weather|Sandstorm|[upkeep]
|-fieldend|move: Gravity
|c|★dice|gg
|choice||
|
|switch|p2a: Jirachi|Jirachi|75/100
|-damage|p2a: Jirachi|69/100|[from] Stealth Rock
|turn|37
|c|★FNH|i thought i did well until the end
|c|★FNH|maybe not
|choice||
|
|move|p1a: Excadrill|Earthquake|p2a: Jirachi
|-supereffective|p2a: Jirachi
|-damage|p2a: Jirachi|0 fnt
|faint|p2a: Jirachi
|
|win|dice
|player|p1
|player|p2
|l|Brooklynboii59
|raw|dice's rating: 1422 &rarr; <strong>1437</strong><br />(+15 for winning)
|raw|FNH's rating: 1335 &rarr; <strong>1320</strong><br />(-15 for losing)
|l|FNH
|l|OM's Funbot28