|j|☆LeafStoned
|j|☆el janitor
|t:|1727618357
|gametype|singles
|player|p1|LeafStoned|2|1416
|player|p2|el janitor|1|1435
|teamsize|p1|6
|teamsize|p2|6
|gen|5
|tier|[Gen 5] OU
|rated|
|rule|Species Clause: Limit one of each Pokémon
|rule|OHKO Clause: OHKO moves are banned
|rule|Moody Clause: Moody is banned
|rule|Evasion Items Clause: Evasion items are banned
|rule|Evasion Moves Clause: Evasion moves are banned
|rule|Endless Battle Clause: Forcing endless battles is banned
|rule|HP Percentage Mod: HP is shown in percentages
|rule|Evasion Abilities Clause: Evasion abilities are banned
|rule|Sleep Moves Clause: Sleep-inducing moves are banned
|rule|Swagger Clause: Swagger is banned
|rule|Baton Pass Stat Clause: No Baton Passer may have a way to boost its stats
|clearpoke
|poke|p1|Scrafty, F|item
|poke|p1|Latios, M|item
|poke|p1|Landorus-Therian, M|item
|poke|p1|Aerodactyl, F|item
|poke|p1|Starmie|item
|poke|p1|Volcarona, F|item
|poke|p2|Politoed, F|item
|poke|p2|Landorus-Therian, M|item
|poke|p2|Tentacruel, M|item
|poke|p2|Toxicroak, F|item
|poke|p2|Tornadus, M|item
|poke|p2|Ferrothorn, F|item
|teampreview
|inactive|Battle timer is ON: inactive players will automatically lose when time's up. (requested by el janitor)
|inactive|LeafStoned has 120 seconds left.
|inactive|el janitor has 120 seconds left.
|
|t:|1727618406
|start
|switch|p1a: Aerodactyl|Aerodactyl, F|100/100
|switch|p2a: Politoed|Politoed, F|100/100
|-ability|p1a: Aerodactyl|Pressure
|-weather|RainDance|[from] ability: Drizzle|[of] p2a: Politoed
|turn|1
|
|t:|1727618412
|move|p1a: Aerodactyl|Stealth Rock|p2a: Politoed
|-sidestart|p2: el janitor|move: Stealth Rock
|move|p2a: Politoed|Scald|p1a: Aerodactyl
|-supereffective|p1a: Aerodactyl
|-enditem|p1a: Aerodactyl|Focus Sash
|-damage|p1a: Aerodactyl|1/100
|
|-weather|RainDance|[upkeep]
|upkeep
|turn|2
|
|t:|1727618418
|switch|p1a: Latios|Latios, M|100/100
|move|p2a: Politoed|Scald|p1a: Latios
|-resisted|p1a: Latios
|-damage|p1a: Latios|83/100
|-status|p1a: Latios|brn
|
|-weather|RainDance|[upkeep]
|-damage|p1a: Latios|71/100 brn|[from] brn
|upkeep
|turn|3
|
|t:|1727618420
|move|p2a: Politoed|Protect|p2a: Politoed
|-singleturn|p2a: Politoed|Protect
|move|p1a: Latios|Light Screen|p1a: Latios
|-sidestart|p1: LeafStoned|move: Light Screen
|
|-weather|RainDance|[upkeep]
|-damage|p1a: Latios|59/100 brn|[from] brn
|upkeep
|turn|4
|
|t:|1727618424
|move|p1a: Latios|Reflect|p1a: Latios
|-sidestart|p1: LeafStoned|Reflect
|move|p2a: Politoed|Encore|p1a: Latios
|-start|p1a: Latios|Encore
|
|-weather|RainDance|[upkeep]
|-damage|p1a: Latios|46/100 brn|[from] brn
|upkeep
|turn|5
|
|t:|1727618445
|switch|p1a: Aerodactyl|Aerodactyl, F|1/100
|-ability|p1a: Aerodactyl|Pressure
|move|p2a: Politoed|Scald|p1a: Aerodactyl
|-supereffective|p1a: Aerodactyl
|-crit|p1a: Aerodactyl
|-damage|p1a: Aerodactyl|0 fnt
|faint|p1a: Aerodactyl
|
|-weather|RainDance|[upkeep]
|upkeep
|
|t:|1727618450
|switch|p1a: Volcarona|Volcarona, F|100/100
|turn|6
|
|t:|1727618456
|move|p1a: Volcarona|Giga Drain|p2a: Politoed
|-supereffective|p2a: Politoed
|-damage|p2a: Politoed|50/100
|move|p2a: Politoed|Encore|p1a: Volcarona
|-start|p1a: Volcarona|Encore
|
|-weather|RainDance|[upkeep]
|-heal|p2a: Politoed|56/100|[from] item: Leftovers
|upkeep
|turn|7
|
|t:|1727618467
|switch|p1a: Scrafty|Scrafty, F|100/100
|switch|p2a: Tentacruel|Tentacruel, M|100/100
|-damage|p2a: Tentacruel|88/100|[from] Stealth Rock
|
|-weather|RainDance|[upkeep]
|-heal|p2a: Tentacruel|94/100|[from] ability: Rain Dish
|-heal|p2a: Tentacruel|99/100|[from] item: Black Sludge
|upkeep
|turn|8
|
|t:|1727618476
|move|p2a: Tentacruel|Rapid Spin|p1a: Scrafty
|-damage|p1a: Scrafty|99/100
|-sideend|p2: el janitor|Stealth Rock|[from] move: Rapid Spin|[of] p2a: Tentacruel
|move|p1a: Scrafty|Dragon Dance|p1a: Scrafty
|-boost|p1a: Scrafty|atk|1
|-boost|p1a: Scrafty|spe|1
|
|-weather|RainDance|[upkeep]
|-heal|p2a: Tentacruel|100/100|[from] ability: Rain Dish
|upkeep
|turn|9
|
|t:|1727618487
|switch|p2a: Landorus|Landorus-Therian, M|100/100
|-ability|p2a: Landorus|Intimidate|boost
|-unboost|p1a: Scrafty|atk|1
|move|p1a: Scrafty|Dragon Dance|p1a: Scrafty
|-boost|p1a: Scrafty|atk|1
|-boost|p1a: Scrafty|spe|1
|
|-weather|RainDance|[upkeep]
|upkeep
|turn|10
|
|t:|1727618491
|move|p1a: Scrafty|Ice Punch|p2a: Landorus
|-supereffective|p2a: Landorus
|-damage|p2a: Landorus|0 fnt
|faint|p2a: Landorus
|
|-weather|RainDance|[upkeep]
|-sideend|p1: LeafStoned|move: Light Screen
|upkeep
|
|t:|1727618499
|switch|p2a: Politoed|Politoed, F|56/100
|turn|11
|
|t:|1727618505
|move|p1a: Scrafty|Drain Punch|p2a: Politoed
|-damage|p2a: Politoed|18/100
|-heal|p1a: Scrafty|100/100|[from] drain|[of] p2a: Politoed
|move|p2a: Politoed|Encore|p1a: Scrafty
|-start|p1a: Scrafty|Encore
|
|-weather|RainDance|[upkeep]
|-heal|p2a: Politoed|25/100|[from] item: Leftovers
|-sideend|p1: LeafStoned|Reflect
|upkeep
|turn|12
|
|t:|1727618519
|move|p1a: Scrafty|Drain Punch|p2a: Politoed
|-damage|p2a: Politoed|0 fnt
|faint|p2a: Politoed
|
|-weather|RainDance|[upkeep]
|upkeep
|
|t:|1727618521
|switch|p2a: Tornadus|Tornadus, M|100/100
|turn|13
|
|t:|1727618530
|move|p1a: Scrafty|Drain Punch|p2a: Tornadus
|-resisted|p2a: Tornadus
|-damage|p2a: Tornadus|63/100
|move|p2a: Tornadus|Hurricane|p1a: Scrafty
|-supereffective|p1a: Scrafty
|-damage|p1a: Scrafty|0 fnt
|faint|p1a: Scrafty
|
|-weather|RainDance|[upkeep]
|upkeep
|
|t:|1727618536
|switch|p1a: Latios|Latios, M|46/100 brn
|turn|14
|
|t:|1727618539
|move|p2a: Tornadus|Hurricane|p1a: Latios
|-damage|p1a: Latios|0 fnt
|faint|p1a: Latios
|
|-weather|RainDance|[upkeep]
|upkeep
|
|t:|1727618543
|switch|p1a: Starmie|Starmie|100/100
|turn|15
|
|t:|1727618547
|move|p2a: Tornadus|Hurricane|p1a: Starmie
|-damage|p1a: Starmie|0 fnt
|faint|p1a: Starmie
|
|-weather|RainDance|[upkeep]
|upkeep
|
|t:|1727618549
|switch|p1a: Landorus|Landorus-Therian, M|100/100
|-ability|p1a: Landorus|Intimidate|boost
|-unboost|p2a: Tornadus|atk|1
|turn|16
|
|t:|1727618552
|move|p2a: Tornadus|Hurricane|p1a: Landorus
|-damage|p1a: Landorus|0 fnt
|faint|p1a: Landorus
|
|-weather|RainDance|[upkeep]
|upkeep
|
|t:|1727618554
|switch|p1a: Volcarona|Volcarona, F|100/100
|turn|17
|
|t:|1727618555
|move|p2a: Tornadus|Hurricane|p1a: Volcarona
|-supereffective|p1a: Volcarona
|-damage|p1a: Volcarona|0 fnt
|faint|p1a: Volcarona
|
|win|el janitor
|raw|LeafStoned's rating: 1416 &rarr; <strong>1397</strong><br />(-19 for losing)
|raw|el janitor's rating: 1435 &rarr; <strong>1454</strong><br />(+19 for winning)
|c|☆el janitor|gg
|c|☆LeafStoned|Wow gg
|c|☆el janitor|specs btw
|c|☆LeafStoned|Yea I totally forgot I needed to check that
|c|☆LeafStoned|shoulda saved lati
|c|☆el janitor|lati took 88 prob
|c|☆LeafStoned|Lati is max hp btw
|c|☆el janitor|ah then 50 ig
|l|☆LeafStoned
|player|p1|
