|j|☆FiestaFord
|j|☆E65
|player|p1|FiestaFord|lucas|1674
|player|p2|E65|ingo|1404
|teamsize|p1|6
|teamsize|p2|6
|gametype|singles
|gen|5
|tier|[Gen 5] OU
|rated|
|rule|Species Clause: Limit one of each Pokémon
|rule|OHKO Clause: OHKO moves are banned
|rule|Moody Clause: Moody is banned
|rule|Evasion Moves Clause: Evasion moves are banned
|rule|Endless Battle Clause: Forcing endless battles is banned
|rule|HP Percentage Mod: HP is shown in percentages
|rule|Evasion Abilities Clause: Evasion abilities are banned
|rule|Baton Pass Clause: Limit one Baton Passer, can't pass Spe and other stats simultaneously
|rule|Sleep Clause: Sleep-inducing moves are banned
|rule|Swagger Clause: Swagger is banned
|clearpoke
|poke|p1|Politoed, F|item
|poke|p1|Latios, M|item
|poke|p1|Ferrothorn, M|item
|poke|p1|Keldeo|item
|poke|p1|Landorus-Therian, M|item
|poke|p1|Tentacruel, M|item
|poke|p2|Politoed, F|item
|poke|p2|Toxicroak, M|item
|poke|p2|Starmie|item
|poke|p2|Ferrothorn, M|item
|poke|p2|Thundurus-Therian, M|item
|poke|p2|Landorus-Therian, M|item
|teampreview
|inactive|Battle timer is ON: inactive players will automatically lose when time's up. (requested by FiestaFord)
|
|start
|switch|p1a: Landorus|Landorus-Therian, M|100/100
|switch|p2a: Politoed|Politoed, F|100/100
|-ability|p1a: Landorus|Intimidate|boost
|-unboost|p2a: Politoed|atk|1
|-weather|RainDance|[from] ability: Drizzle|[of] p2a: Politoed
|turn|1
|
|move|p1a: Landorus|U-turn|p2a: Politoed
|-damage|p2a: Politoed|69/100
|
|switch|p1a: Tentacruel|Tentacruel, M|100/100|[from]move: U-turn
|move|p2a: Politoed|Focus Blast|p1a: Tentacruel
|-resisted|p1a: Tentacruel
|-crit|p1a: Tentacruel
|-damage|p1a: Tentacruel|56/100
|
|-weather|RainDance|[upkeep]
|-heal|p1a: Tentacruel|62/100|[from] ability: Rain Dish
|-heal|p1a: Tentacruel|68/100|[from] item: Black Sludge
|upkeep
|turn|2
|
|switch|p2a: Toxicroak|Toxicroak, M|100/100
|move|p1a: Tentacruel|Toxic Spikes|p2a: Toxicroak
|-sidestart|p2: E65|move: Toxic Spikes
|
|-weather|RainDance|[upkeep]
|-heal|p1a: Tentacruel|74/100|[from] ability: Rain Dish
|-heal|p1a: Tentacruel|80/100|[from] item: Black Sludge
|upkeep
|turn|3
|
|switch|p1a: Politoed|Politoed, F|100/100
|move|p2a: Toxicroak|Substitute|p2a: Toxicroak
|-start|p2a: Toxicroak|Substitute
|-damage|p2a: Toxicroak|75/100
|
|-weather|RainDance|[upkeep]
|-heal|p2a: Toxicroak|88/100|[from] ability: Dry Skin
|-heal|p2a: Toxicroak|94/100|[from] item: Black Sludge
|upkeep
|turn|4
|
|-singleturn|p2a: Toxicroak|move: Focus Punch
|move|p1a: Politoed|Encore|p2a: Toxicroak
|-start|p2a: Toxicroak|Encore
|move|p2a: Toxicroak|Substitute|p2a: Toxicroak
|-fail|p2a: Toxicroak|move: Substitute
|
|-weather|RainDance|[upkeep]
|-heal|p2a: Toxicroak|100/100|[from] ability: Dry Skin
|upkeep
|turn|5
|
|move|p2a: Toxicroak|Substitute|p2a: Toxicroak
|-fail|p2a: Toxicroak|move: Substitute
|move|p1a: Politoed|Scald|p2a: Toxicroak
|-immune|p2a: Toxicroak|[from] ability: Dry Skin
|
|-weather|RainDance|[upkeep]
|upkeep
|turn|6
|
|move|p2a: Toxicroak|Substitute|p2a: Toxicroak
|-fail|p2a: Toxicroak|move: Substitute
|move|p1a: Politoed|Scald|p2a: Toxicroak
|-immune|p2a: Toxicroak|[from] ability: Dry Skin
|
|-weather|RainDance|[upkeep]
|-end|p2a: Toxicroak|Encore
|upkeep
|turn|7
|
|move|p2a: Toxicroak|Toxic|p1a: Politoed
|-status|p1a: Politoed|tox
|move|p1a: Politoed|Encore|p2a: Toxicroak
|-start|p2a: Toxicroak|Encore
|
|-weather|RainDance|[upkeep]
|-damage|p1a: Politoed|94/100 tox|[from] psn
|upkeep
|turn|8
|
|switch|p2a: Ferrothorn|Ferrothorn, M|100/100
|switch|p1a: Ferrothorn|Ferrothorn, M|100/100
|
|-weather|RainDance|[upkeep]
|upkeep
|turn|9
|inactive|E65 has 120 seconds left.
|l|☆E65
|inactive|E65 disconnected and has a minute to reconnect!
|player|p2|
|j|☆E65
|inactive|E65 reconnected and has 95 seconds left.
|player|p2|E65|ingo
|inactive|E65 has 90 seconds left.
|
|switch|p2a: Toxicroak|Toxicroak, M|100/100
|-sideend|p2: E65|move: Toxic Spikes|[of] p2a: Toxicroak
|move|p1a: Ferrothorn|Knock Off|p2a: Toxicroak
|-resisted|p2a: Toxicroak
|-crit|p2a: Toxicroak
|-damage|p2a: Toxicroak|94/100
|-enditem|p2a: Toxicroak|Black Sludge|[from] move: Knock Off|[of] p1a: Ferrothorn
|
|-weather|RainDance|[upkeep]
|-heal|p2a: Toxicroak|100/100|[from] ability: Dry Skin
|upkeep
|turn|10
|inactive|E65 has 90 seconds left.
|
|-singleturn|p2a: Toxicroak|move: Focus Punch
|move|p1a: Ferrothorn|Power Whip|p2a: Toxicroak
|-resisted|p2a: Toxicroak
|-damage|p2a: Toxicroak|73/100
|cant|p2a: Toxicroak|Focus Punch|Focus Punch
|
|-weather|RainDance|[upkeep]
|-heal|p2a: Toxicroak|85/100|[from] ability: Dry Skin
|upkeep
|turn|11
|
|switch|p1a: Landorus|Landorus-Therian, M|100/100
|-ability|p1a: Landorus|Intimidate|boost
|-unboost|p2a: Toxicroak|atk|1
|move|p2a: Toxicroak|Substitute|p2a: Toxicroak
|-start|p2a: Toxicroak|Substitute
|-damage|p2a: Toxicroak|60/100
|
|-weather|RainDance|[upkeep]
|-heal|p2a: Toxicroak|72/100|[from] ability: Dry Skin
|upkeep
|turn|12
|
|-singleturn|p2a: Toxicroak|move: Focus Punch
|move|p1a: Landorus|U-turn|p2a: Toxicroak
|-resisted|p2a: Toxicroak
|-activate|p2a: Toxicroak|Substitute|[damage]
|
|switch|p1a: Tentacruel|Tentacruel, M|80/100|[from]move: U-turn
|move|p2a: Toxicroak|Focus Punch|p1a: Tentacruel
|-resisted|p1a: Tentacruel
|-damage|p1a: Tentacruel|52/100
|
|-weather|RainDance|[upkeep]
|-heal|p1a: Tentacruel|58/100|[from] ability: Rain Dish
|-heal|p2a: Toxicroak|85/100|[from] ability: Dry Skin
|-heal|p1a: Tentacruel|65/100|[from] item: Black Sludge
|upkeep
|turn|13
|
|move|p1a: Tentacruel|Protect|p1a: Tentacruel
|-singleturn|p1a: Tentacruel|Protect
|move|p2a: Toxicroak|Ice Punch|p1a: Tentacruel
|-activate|p1a: Tentacruel|move: Protect
|
|-weather|RainDance|[upkeep]
|-heal|p1a: Tentacruel|71/100|[from] ability: Rain Dish
|-heal|p2a: Toxicroak|97/100|[from] ability: Dry Skin
|-heal|p1a: Tentacruel|77/100|[from] item: Black Sludge
|upkeep
|turn|14
|
|switch|p2a: Thundurus|Thundurus-Therian, M|100/100
|move|p1a: Tentacruel|Toxic Spikes|p2a: Thundurus
|-sidestart|p2: E65|move: Toxic Spikes
|
|-weather|RainDance|[upkeep]
|-heal|p1a: Tentacruel|83/100|[from] ability: Rain Dish
|-heal|p1a: Tentacruel|89/100|[from] item: Black Sludge
|upkeep
|turn|15
|
|switch|p1a: Landorus|Landorus-Therian, M|100/100
|-ability|p1a: Landorus|Intimidate|boost
|-unboost|p2a: Thundurus|atk|1
|move|p2a: Thundurus|Thunder|p1a: Landorus
|-immune|p1a: Landorus
|
|-weather|RainDance|[upkeep]
|upkeep
|turn|16
|
|move|p1a: Landorus|U-turn|p2a: Thundurus
|-resisted|p2a: Thundurus
|-damage|p2a: Thundurus|80/100
|
|switch|p1a: Latios|Latios, M|100/100|[from]move: U-turn
|move|p2a: Thundurus|Hidden Power|p1a: Latios
|-supereffective|p1a: Latios
|-damage|p1a: Latios|42/100
|
|-weather|RainDance|[upkeep]
|-heal|p2a: Thundurus|86/100|[from] item: Leftovers
|upkeep
|turn|17
|
|switch|p1a: Keldeo|Keldeo|100/100
|switch|p2a: Ferrothorn|Ferrothorn, M|100/100
|
|-weather|RainDance|[upkeep]
|upkeep
|turn|18
|
|switch|p2a: Toxicroak|Toxicroak, M|97/100
|-sideend|p2: E65|move: Toxic Spikes|[of] p2a: Toxicroak
|move|p1a: Keldeo|Secret Sword|p2a: Toxicroak
|-resisted|p2a: Toxicroak
|-damage|p2a: Toxicroak|67/100
|
|-weather|RainDance|[upkeep]
|-heal|p2a: Toxicroak|79/100|[from] ability: Dry Skin
|upkeep
|turn|19
|inactive|E65 has 120 seconds left.
|
|switch|p2a: Thundurus|Thundurus-Therian, M|86/100
|move|p1a: Keldeo|Substitute|p1a: Keldeo
|-start|p1a: Keldeo|Substitute
|-damage|p1a: Keldeo|76/100
|
|-weather|RainDance|[upkeep]
|-heal|p1a: Keldeo|82/100|[from] item: Leftovers
|-heal|p2a: Thundurus|92/100|[from] item: Leftovers
|upkeep
|turn|20
|inactive|E65 has 120 seconds left.
|
|switch|p2a: Toxicroak|Toxicroak, M|79/100
|move|p1a: Keldeo|Scald|p2a: Toxicroak
|-heal|p2a: Toxicroak|100/100|[from] ability: Dry Skin|[of] p1a: Keldeo
|
|-weather|RainDance|[upkeep]
|-heal|p1a: Keldeo|88/100|[from] item: Leftovers
|upkeep
|turn|21
|inactive|E65 has 120 seconds left.
|
|move|p1a: Keldeo|Calm Mind|p1a: Keldeo
|-boost|p1a: Keldeo|spa|1
|-boost|p1a: Keldeo|spd|1
|move|p2a: Toxicroak|Substitute|p2a: Toxicroak
|-start|p2a: Toxicroak|Substitute
|-damage|p2a: Toxicroak|75/100
|
|-weather|RainDance|[upkeep]
|-heal|p2a: Toxicroak|88/100|[from] ability: Dry Skin
|-heal|p1a: Keldeo|94/100|[from] item: Leftovers
|upkeep
|turn|22
|
|-singleturn|p2a: Toxicroak|move: Focus Punch
|move|p1a: Keldeo|Secret Sword|p2a: Toxicroak
|-resisted|p2a: Toxicroak
|-end|p2a: Toxicroak|Substitute
|move|p2a: Toxicroak|Focus Punch|p1a: Keldeo
|-end|p1a: Keldeo|Substitute
|
|-weather|RainDance|[upkeep]
|-heal|p2a: Toxicroak|99/100|[from] ability: Dry Skin
|-heal|p1a: Keldeo|100/100|[from] item: Leftovers
|upkeep
|turn|23
|
|move|p1a: Keldeo|Secret Sword|p2a: Toxicroak
|-resisted|p2a: Toxicroak
|-damage|p2a: Toxicroak|54/100
|move|p2a: Toxicroak|Toxic|p1a: Keldeo
|-status|p1a: Keldeo|tox
|
|-weather|RainDance|[upkeep]
|-heal|p2a: Toxicroak|66/100|[from] ability: Dry Skin
|-damage|p1a: Keldeo|94/100 tox|[from] psn
|upkeep
|turn|24
|inactive|E65 has 120 seconds left.
|
|switch|p2a: Starmie|Starmie|100/100
|move|p1a: Keldeo|Scald|p2a: Starmie
|-resisted|p2a: Starmie
|-damage|p2a: Starmie|36/100
|
|-weather|RainDance|[upkeep]
|-heal|p1a: Keldeo|100/100 tox|[from] item: Leftovers
|-damage|p1a: Keldeo|88/100 tox|[from] psn
|upkeep
|turn|25
|
|switch|p2a: Toxicroak|Toxicroak, M|66/100
|move|p1a: Keldeo|Secret Sword|p2a: Toxicroak
|-resisted|p2a: Toxicroak
|-damage|p2a: Toxicroak|24/100
|
|-weather|RainDance|[upkeep]
|-heal|p2a: Toxicroak|36/100|[from] ability: Dry Skin
|-heal|p1a: Keldeo|94/100 tox|[from] item: Leftovers
|-damage|p1a: Keldeo|76/100 tox|[from] psn
|upkeep
|turn|26
|
|move|p1a: Keldeo|Secret Sword|p2a: Toxicroak
|-resisted|p2a: Toxicroak
|-damage|p2a: Toxicroak|0 fnt
|faint|p2a: Toxicroak
|
|-weather|RainDance|[upkeep]
|-heal|p1a: Keldeo|82/100 tox|[from] item: Leftovers
|-damage|p1a: Keldeo|57/100 tox|[from] psn
|upkeep
|
|switch|p2a: Starmie|Starmie|36/100
|turn|27
|
|switch|p1a: Ferrothorn|Ferrothorn, M|100/100
|move|p2a: Starmie|Thunder|p1a: Ferrothorn
|-resisted|p1a: Ferrothorn
|-damage|p1a: Ferrothorn|83/100
|-status|p1a: Ferrothorn|par
|
|-weather|RainDance|[upkeep]
|-heal|p1a: Ferrothorn|89/100 par|[from] item: Leftovers
|upkeep
|turn|28
|inactive|E65 has 120 seconds left.
|
|switch|p2a: Thundurus|Thundurus-Therian, M|92/100
|move|p1a: Ferrothorn|Power Whip|p2a: Thundurus|[miss]
|-miss|p1a: Ferrothorn|p2a: Thundurus
|
|-weather|RainDance|[upkeep]
|-heal|p2a: Thundurus|98/100|[from] item: Leftovers
|-heal|p1a: Ferrothorn|96/100 par|[from] item: Leftovers
|upkeep
|turn|29
|inactive|E65 has 120 seconds left.
|
|move|p2a: Thundurus|Nasty Plot|p2a: Thundurus
|-boost|p2a: Thundurus|spa|2
|cant|p1a: Ferrothorn|par
|
|-weather|RainDance|[upkeep]
|-heal|p2a: Thundurus|100/100|[from] item: Leftovers
|-heal|p1a: Ferrothorn|100/100 par|[from] item: Leftovers
|upkeep
|turn|30
|
|move|p2a: Thundurus|Focus Blast|p1a: Ferrothorn|[miss]
|-miss|p2a: Thundurus|p1a: Ferrothorn
|cant|p1a: Ferrothorn|par
|
|-weather|RainDance|[upkeep]
|upkeep
|turn|31
|
|switch|p1a: Politoed|Politoed, F|94/100 tox
|move|p2a: Thundurus|Focus Blast|p1a: Politoed
|-damage|p1a: Politoed|23/100 tox
|
|-weather|RainDance|[upkeep]
|-heal|p1a: Politoed|29/100 tox|[from] item: Leftovers
|-damage|p1a: Politoed|23/100 tox|[from] psn
|upkeep
|turn|32
|
|move|p2a: Thundurus|Thunder|p1a: Politoed
|-supereffective|p1a: Politoed
|-damage|p1a: Politoed|0 fnt
|faint|p1a: Politoed
|
|-weather|RainDance|[upkeep]
|upkeep
|
|switch|p1a: Latios|Latios, M|42/100
|turn|33
|
|switch|p2a: Ferrothorn|Ferrothorn, M|100/100
|move|p1a: Latios|Draco Meteor|p2a: Ferrothorn
|-resisted|p2a: Ferrothorn
|-damage|p2a: Ferrothorn|66/100
|-unboost|p1a: Latios|spa|2
|
|-weather|RainDance|[upkeep]
|-heal|p2a: Ferrothorn|72/100|[from] item: Leftovers
|upkeep
|turn|34
|
|switch|p1a: Tentacruel|Tentacruel, M|89/100
|move|p2a: Ferrothorn|Stealth Rock|p1a: Tentacruel
|-sidestart|p1: FiestaFord|move: Stealth Rock
|
|-weather|RainDance|[upkeep]
|-heal|p1a: Tentacruel|95/100|[from] ability: Rain Dish
|-heal|p1a: Tentacruel|100/100|[from] item: Black Sludge
|-heal|p2a: Ferrothorn|78/100|[from] item: Leftovers
|upkeep
|turn|35
|
|switch|p2a: Thundurus|Thundurus-Therian, M|100/100
|move|p1a: Tentacruel|Scald|p2a: Thundurus
|-damage|p2a: Thundurus|54/100
|
|-weather|RainDance|[upkeep]
|-heal|p2a: Thundurus|60/100|[from] item: Leftovers
|upkeep
|turn|36
|
|switch|p1a: Landorus|Landorus-Therian, M|100/100
|-damage|p1a: Landorus|88/100|[from] Stealth Rock
|-ability|p1a: Landorus|Intimidate|boost
|-unboost|p2a: Thundurus|atk|1
|move|p2a: Thundurus|Thunder|p1a: Landorus
|-immune|p1a: Landorus
|
|-weather|RainDance|[upkeep]
|-heal|p2a: Thundurus|66/100|[from] item: Leftovers
|upkeep
|turn|37
|
|switch|p2a: Politoed|Politoed, F|69/100
|move|p1a: Landorus|U-turn|p2a: Politoed
|-damage|p2a: Politoed|40/100
|
|switch|p1a: Tentacruel|Tentacruel, M|100/100|[from]move: U-turn
|-damage|p1a: Tentacruel|88/100|[from] Stealth Rock
|
|-weather|RainDance|[upkeep]
|-heal|p1a: Tentacruel|94/100|[from] ability: Rain Dish
|-heal|p1a: Tentacruel|100/100|[from] item: Black Sludge
|upkeep
|turn|38
|j| FSD19329
|
|switch|p2a: Ferrothorn|Ferrothorn, M|78/100
|move|p1a: Tentacruel|Scald|p2a: Ferrothorn
|-resisted|p2a: Ferrothorn
|-damage|p2a: Ferrothorn|67/100
|
|-weather|RainDance|[upkeep]
|-heal|p2a: Ferrothorn|74/100|[from] item: Leftovers
|upkeep
|turn|39
|
|move|p1a: Tentacruel|Scald|p2a: Ferrothorn
|-resisted|p2a: Ferrothorn
|-crit|p2a: Ferrothorn
|-damage|p2a: Ferrothorn|53/100
|move|p2a: Ferrothorn|Knock Off|p1a: Tentacruel
|-damage|p1a: Tentacruel|95/100
|-enditem|p1a: Tentacruel|Black Sludge|[from] move: Knock Off|[of] p2a: Ferrothorn
|
|-weather|RainDance|[upkeep]
|-heal|p1a: Tentacruel|100/100|[from] ability: Rain Dish
|-heal|p2a: Ferrothorn|59/100|[from] item: Leftovers
|upkeep
|turn|40
|
|move|p1a: Tentacruel|Scald|p2a: Ferrothorn
|-resisted|p2a: Ferrothorn
|-damage|p2a: Ferrothorn|49/100
|-status|p2a: Ferrothorn|brn
|move|p2a: Ferrothorn|Thunder Wave|p1a: Tentacruel
|-status|p1a: Tentacruel|par
|
|-weather|RainDance|[upkeep]
|-heal|p2a: Ferrothorn|55/100 brn|[from] item: Leftovers
|-damage|p2a: Ferrothorn|43/100 brn|[from] brn
|upkeep
|turn|41
|c| FSD19329|Hi any of you guys down for a quick gen5 ou double??
|
|move|p2a: Ferrothorn|Power Whip|p1a: Tentacruel
|-damage|p1a: Tentacruel|80/100 par
|move|p1a: Tentacruel|Scald|p2a: Ferrothorn
|-resisted|p2a: Ferrothorn
|-damage|p2a: Ferrothorn|32/100 brn
|
|-weather|RainDance|[upkeep]
|-heal|p1a: Tentacruel|86/100 par|[from] ability: Rain Dish
|-heal|p2a: Ferrothorn|38/100 brn|[from] item: Leftovers
|-damage|p2a: Ferrothorn|26/100 brn|[from] brn
|upkeep
|turn|42
|
|move|p2a: Ferrothorn|Power Whip|p1a: Tentacruel
|-damage|p1a: Tentacruel|62/100 par
|move|p1a: Tentacruel|Scald|p2a: Ferrothorn
|-resisted|p2a: Ferrothorn
|-damage|p2a: Ferrothorn|15/100 brn
|
|-weather|RainDance|[upkeep]
|-heal|p1a: Tentacruel|68/100 par|[from] ability: Rain Dish
|-heal|p2a: Ferrothorn|21/100 brn|[from] item: Leftovers
|-damage|p2a: Ferrothorn|8/100 brn|[from] brn
|upkeep
|turn|43
|
|move|p2a: Ferrothorn|Power Whip|p1a: Tentacruel
|-damage|p1a: Tentacruel|48/100 par
|move|p1a: Tentacruel|Rapid Spin|p2a: Ferrothorn
|-resisted|p2a: Ferrothorn
|-damage|p2a: Ferrothorn|8/100 brn
|-damage|p1a: Tentacruel|36/100 par|[from] ability: Iron Barbs|[of] p2a: Ferrothorn
|-sideend|p1: FiestaFord|Stealth Rock|[from] move: Rapid Spin|[of] p1a: Tentacruel
|
|-weather|RainDance|[upkeep]
|-heal|p1a: Tentacruel|42/100 par|[from] ability: Rain Dish
|-heal|p2a: Ferrothorn|14/100 brn|[from] item: Leftovers
|-damage|p2a: Ferrothorn|1/100 brn|[from] brn
|upkeep
|turn|44
|
|move|p2a: Ferrothorn|Power Whip|p1a: Tentacruel
|-damage|p1a: Tentacruel|20/100 par
|move|p1a: Tentacruel|Rapid Spin|p2a: Ferrothorn
|-resisted|p2a: Ferrothorn
|-crit|p2a: Ferrothorn
|-damage|p2a: Ferrothorn|0 fnt
|-damage|p1a: Tentacruel|8/100 par|[from] ability: Iron Barbs|[of] p2a: Ferrothorn
|faint|p2a: Ferrothorn
|
|-weather|RainDance|[upkeep]
|-heal|p1a: Tentacruel|14/100 par|[from] ability: Rain Dish
|upkeep
|
|switch|p2a: Starmie|Starmie|36/100
|turn|45
|
|switch|p1a: Ferrothorn|Ferrothorn, M|100/100 par
|move|p2a: Starmie|Thunder|p1a: Ferrothorn
|-resisted|p1a: Ferrothorn
|-damage|p1a: Ferrothorn|85/100 par
|
|-weather|RainDance|[upkeep]
|-heal|p1a: Ferrothorn|91/100 par|[from] item: Leftovers
|upkeep
|turn|46
|
|switch|p2a: Thundurus|Thundurus-Therian, M|66/100
|cant|p1a: Ferrothorn|par
|
|-weather|RainDance|[upkeep]
|-heal|p2a: Thundurus|72/100|[from] item: Leftovers
|-heal|p1a: Ferrothorn|97/100 par|[from] item: Leftovers
|upkeep
|turn|47
|
|switch|p1a: Keldeo|Keldeo|57/100 tox
|move|p2a: Thundurus|Focus Blast|p1a: Keldeo
|-damage|p1a: Keldeo|6/100 tox
|
|-weather|RainDance|[upkeep]
|-heal|p1a: Keldeo|12/100 tox|[from] item: Leftovers
|-heal|p2a: Thundurus|78/100|[from] item: Leftovers
|-damage|p1a: Keldeo|6/100 tox|[from] psn
|upkeep
|turn|48
|
|switch|p1a: Landorus|Landorus-Therian, M|88/100
|-ability|p1a: Landorus|Intimidate|boost
|-unboost|p2a: Thundurus|atk|1
|switch|p2a: Politoed|Politoed, F|40/100
|
|-weather|RainDance|[upkeep]
|upkeep
|turn|49
|
|switch|p2a: Landorus|Landorus-Therian, M|100/100
|-ability|p2a: Landorus|Intimidate|boost
|-unboost|p1a: Landorus|atk|1
|move|p1a: Landorus|Earthquake|p2a: Landorus
|-immune|p2a: Landorus
|
|-weather|RainDance|[upkeep]
|upkeep
|turn|50
|inactive|E65 has 120 seconds left.
|
|switch|p1a: Tentacruel|Tentacruel, M|14/100 par
|move|p2a: Landorus|U-turn|p1a: Tentacruel
|-resisted|p1a: Tentacruel
|-damage|p1a: Tentacruel|0 fnt
|faint|p1a: Tentacruel
|inactive|E65 has 120 seconds left.
|
|switch|p2a: Starmie|Starmie|36/100|[from]move: U-turn
|
|-weather|RainDance|[upkeep]
|upkeep
|
|switch|p1a: Landorus|Landorus-Therian, M|88/100
|-ability|p1a: Landorus|Intimidate|boost
|-unboost|p2a: Starmie|atk|1
|turn|51
|
|switch|p2a: Landorus|Landorus-Therian, M|100/100
|-ability|p2a: Landorus|Intimidate|boost
|-unboost|p1a: Landorus|atk|1
|move|p1a: Landorus|U-turn|p2a: Landorus
|-resisted|p2a: Landorus
|-damage|p2a: Landorus|89/100
|
|switch|p1a: Ferrothorn|Ferrothorn, M|97/100 par|[from]move: U-turn
|
|-weather|RainDance|[upkeep]
|-heal|p1a: Ferrothorn|100/100 par|[from] item: Leftovers
|upkeep
|turn|52
|
|move|p2a: Landorus|Superpower|p1a: Ferrothorn
|-supereffective|p1a: Ferrothorn
|-damage|p1a: Ferrothorn|44/100 par
|-damage|p2a: Landorus|77/100|[from] ability: Iron Barbs|[of] p1a: Ferrothorn
|-unboost|p2a: Landorus|atk|1
|-unboost|p2a: Landorus|def|1
|move|p1a: Ferrothorn|Power Whip|p2a: Landorus
|-damage|p2a: Landorus|9/100
|
|-weather|RainDance|[upkeep]
|-heal|p1a: Ferrothorn|50/100 par|[from] item: Leftovers
|upkeep
|turn|53
|
|switch|p2a: Thundurus|Thundurus-Therian, M|78/100
|move|p1a: Ferrothorn|Stealth Rock|p2a: Thundurus
|-sidestart|p2: E65|move: Stealth Rock
|
|-weather|RainDance|[upkeep]
|-heal|p2a: Thundurus|84/100|[from] item: Leftovers
|-heal|p1a: Ferrothorn|56/100 par|[from] item: Leftovers
|upkeep
|turn|54
|
|move|p2a: Thundurus|Focus Blast|p1a: Ferrothorn|[miss]
|-miss|p2a: Thundurus|p1a: Ferrothorn
|move|p1a: Ferrothorn|Power Whip|p2a: Thundurus
|-resisted|p2a: Thundurus
|-damage|p2a: Thundurus|56/100
|
|-weather|RainDance|[upkeep]
|-heal|p2a: Thundurus|62/100|[from] item: Leftovers
|-heal|p1a: Ferrothorn|62/100 par|[from] item: Leftovers
|upkeep
|turn|55
|
|move|p2a: Thundurus|Focus Blast|p1a: Ferrothorn|[miss]
|-miss|p2a: Thundurus|p1a: Ferrothorn
|move|p1a: Ferrothorn|Power Whip|p2a: Thundurus
|-resisted|p2a: Thundurus
|-crit|p2a: Thundurus
|-damage|p2a: Thundurus|0 fnt
|faint|p2a: Thundurus
|
|-weather|RainDance|[upkeep]
|-heal|p1a: Ferrothorn|69/100 par|[from] item: Leftovers
|upkeep
|c|☆E65|wtf
|-message|E65 forfeited.
|
|win|FiestaFord
|l|☆E65
|raw|FiestaFord's rating: 1674 &rarr; <strong>1681</strong><br />(+7 for winning)
|raw|E65's rating: 1405 &rarr; <strong>1398</strong><br />(-7 for losing)
|c| FSD19329|Hi anyone down for a quick gen 5 double ou??
