|j|☆ksksjsnsn
|j|☆repinho2711
|t:|1727941614
|gametype|singles
|player|p1|ksksjsnsn|policeman-gen4|1258
|player|p2|repinho2711|ethan|1404
|teamsize|p1|6
|teamsize|p2|6
|gen|5
|tier|[Gen 5] OU
|rated|
|rule|Species Clause: Limit one of each Pokémon
|rule|OHKO Clause: OHKO moves are banned
|rule|Moody Clause: Moody is banned
|rule|Evasion Items Clause: Evasion items are banned
|rule|Evasion Moves Clause: Evasion moves are banned
|rule|Endless Battle Clause: Forcing endless battles is banned
|rule|HP Percentage Mod: HP is shown in percentages
|rule|Evasion Abilities Clause: Evasion abilities are banned
|rule|Sleep Moves Clause: Sleep-inducing moves are banned
|rule|Swagger Clause: Swagger is banned
|rule|Baton Pass Stat Clause: No Baton Passer may have a way to boost its stats
|clearpoke
|poke|p1|Politoed, M|item
|poke|p1|Empoleon, M|item
|poke|p1|Starmie|item
|poke|p1|Lanturn, M|item
|poke|p1|Lapras, F|item
|poke|p1|Gyarados, M|item
|poke|p2|Dragonite, M|item
|poke|p2|Gyarados, M|item
|poke|p2|Espeon, M|item
|poke|p2|Scizor, M|item
|poke|p2|Donphan, M|item
|poke|p2|Porygon-Z|item
|teampreview
|inactive|Battle timer is ON: inactive players will automatically lose when time's up. (requested by repinho2711)
|
|t:|1727941624
|start
|switch|p1a: 宇智波刚|Empoleon, M|100/100
|switch|p2a: Dragonite|Dragonite, M, shiny|100/100
|turn|1
|j| SKT T1 Motherfaker
|
|t:|1727941631
|move|p2a: Dragonite|Superpower|p1a: 宇智波刚
|-supereffective|p1a: 宇智波刚
|-damage|p1a: 宇智波刚|13/100
|-unboost|p2a: Dragonite|atk|1
|-unboost|p2a: Dragonite|def|1
|-enditem|p1a: 宇智波刚|Petaya Berry|[eat]
|-boost|p1a: 宇智波刚|spa|1|[from] item: Petaya Berry
|move|p1a: 宇智波刚|Substitute|p1a: 宇智波刚
|-fail|p1a: 宇智波刚|move: Substitute|[weak]
|
|upkeep
|turn|2
|
|t:|1727941639
|move|p2a: Dragonite|Superpower|p1a: 宇智波刚
|-supereffective|p1a: 宇智波刚
|-damage|p1a: 宇智波刚|0 fnt
|-unboost|p2a: Dragonite|atk|1
|-unboost|p2a: Dragonite|def|1
|faint|p1a: 宇智波刚
|
|upkeep
|
|t:|1727941645
|switch|p1a: 盖欧卡-lite|Politoed, M, shiny|100/100
|-weather|RainDance|[from] ability: Drizzle|[of] p1a: 盖欧卡-lite
|turn|3
|
|t:|1727941653
|move|p2a: Dragonite|Hurricane|p1a: 盖欧卡-lite
|-damage|p1a: 盖欧卡-lite|48/100
|-start|p1a: 盖欧卡-lite|confusion
|-activate|p1a: 盖欧卡-lite|confusion
|move|p1a: 盖欧卡-lite|Ice Beam|p2a: Dragonite
|-supereffective|p2a: Dragonite
|-damage|p2a: Dragonite|0 fnt
|faint|p2a: Dragonite
|
|-weather|RainDance|[upkeep]
|upkeep
|
|t:|1727941665
|switch|p2a: Porygon-Z|Porygon-Z|100/100
|turn|4
|
|t:|1727941667
|move|p2a: Porygon-Z|Tri Attack|p1a: 盖欧卡-lite
|-damage|p1a: 盖欧卡-lite|0 fnt
|faint|p1a: 盖欧卡-lite
|
|-weather|RainDance|[upkeep]
|upkeep
|
|t:|1727941683
|switch|p1a: *基拉祈*|Starmie, shiny|100/100
|turn|5
|
|t:|1727941687
|move|p1a: *基拉祈*|Hydro Pump|p2a: Porygon-Z
|-damage|p2a: Porygon-Z|0 fnt
|faint|p2a: Porygon-Z
|
|-weather|RainDance|[upkeep]
|upkeep
|
|t:|1727941692
|switch|p2a: Gyarados|Gyarados, M, shiny|100/100
|-ability|p2a: Gyarados|Intimidate|boost
|-unboost|p1a: *基拉祈*|atk|1
|turn|6
|
|t:|1727941696
|switch|p1a: 龙傲海|Lapras, F|100/100
|move|p2a: Gyarados|Dragon Dance|p2a: Gyarados
|-boost|p2a: Gyarados|atk|1
|-boost|p2a: Gyarados|spe|1
|
|-weather|RainDance|[upkeep]
|upkeep
|turn|7
|
|t:|1727941699
|move|p2a: Gyarados|Earthquake|p1a: 龙傲海
|-damage|p1a: 龙傲海|61/100
|move|p1a: 龙傲海|Curse|p1a: 龙傲海
|-unboost|p1a: 龙傲海|spe|1
|-boost|p1a: 龙傲海|atk|1
|-boost|p1a: 龙傲海|def|1
|
|-weather|RainDance|[upkeep]
|-heal|p1a: 龙傲海|67/100|[from] item: Leftovers
|upkeep
|turn|8
|
|t:|1727941706
|move|p2a: Gyarados|Dragon Dance|p2a: Gyarados
|-boost|p2a: Gyarados|atk|1
|-boost|p2a: Gyarados|spe|1
|move|p1a: 龙傲海|Curse|p1a: 龙傲海
|-unboost|p1a: 龙傲海|spe|1
|-boost|p1a: 龙傲海|atk|1
|-boost|p1a: 龙傲海|def|1
|
|-weather|RainDance|[upkeep]
|-heal|p1a: 龙傲海|73/100|[from] item: Leftovers
|upkeep
|turn|9
|
|t:|1727941711
|move|p2a: Gyarados|Earthquake|p1a: 龙傲海
|-damage|p1a: 龙傲海|47/100
|move|p1a: 龙傲海|Curse|p1a: 龙傲海
|-unboost|p1a: 龙傲海|spe|1
|-boost|p1a: 龙傲海|atk|1
|-boost|p1a: 龙傲海|def|1
|
|-weather|RainDance|[upkeep]
|-heal|p1a: 龙傲海|53/100|[from] item: Leftovers
|upkeep
|turn|10
|
|t:|1727941717
|move|p2a: Gyarados|Earthquake|p1a: 龙傲海
|-damage|p1a: 龙傲海|33/100
|move|p1a: 龙傲海|Curse|p1a: 龙傲海
|-unboost|p1a: 龙傲海|spe|1
|-boost|p1a: 龙傲海|atk|1
|-boost|p1a: 龙傲海|def|1
|
|-weather|RainDance|[upkeep]
|-heal|p1a: 龙傲海|40/100|[from] item: Leftovers
|upkeep
|turn|11
|
|t:|1727941721
|move|p2a: Gyarados|Earthquake|p1a: 龙傲海
|-damage|p1a: 龙傲海|24/100
|move|p1a: 龙傲海|Rest|p1a: 龙傲海
|-status|p1a: 龙傲海|slp|[from] move: Rest
|-heal|p1a: 龙傲海|100/100 slp|[silent]
|
|-weather|RainDance|[upkeep]
|-activate|p1a: 龙傲海|ability: Hydration
|-curestatus|p1a: 龙傲海|slp|[msg]
|upkeep
|turn|12
|
|t:|1727941726
|move|p2a: Gyarados|Earthquake|p1a: 龙傲海
|-damage|p1a: 龙傲海|84/100
|move|p1a: 龙傲海|Waterfall|p2a: Gyarados
|-resisted|p2a: Gyarados
|-damage|p2a: Gyarados|36/100
|
|-weather|RainDance|[upkeep]
|-heal|p1a: 龙傲海|91/100|[from] item: Leftovers
|upkeep
|turn|13
|
|t:|1727941731
|move|p2a: Gyarados|Earthquake|p1a: 龙傲海
|-damage|p1a: 龙傲海|74/100
|move|p1a: 龙傲海|Waterfall|p2a: Gyarados
|-resisted|p2a: Gyarados
|-damage|p2a: Gyarados|0 fnt
|faint|p2a: Gyarados
|
|-weather|RainDance|[upkeep]
|-heal|p1a: 龙傲海|81/100|[from] item: Leftovers
|upkeep
|
|t:|1727941734
|switch|p2a: Espeon|Espeon, M|100/100
|turn|14
|
|t:|1727941736
|move|p2a: Espeon|Grass Knot|p1a: 龙傲海
|-supereffective|p1a: 龙傲海
|-damage|p1a: 龙傲海|11/100
|move|p1a: 龙傲海|Waterfall|p2a: Espeon
|-damage|p2a: Espeon|0 fnt
|faint|p2a: Espeon
|
|-weather|RainDance|[upkeep]
|-heal|p1a: 龙傲海|17/100|[from] item: Leftovers
|upkeep
|
|t:|1727941740
|switch|p2a: Scizor|Scizor, M, shiny|100/100
|turn|15
|
|t:|1727941742
|move|p2a: Scizor|Bug Bite|p1a: 龙傲海
|-damage|p1a: 龙傲海|1/100
|-damage|p2a: Scizor|91/100|[from] item: Life Orb
|move|p1a: 龙傲海|Rest|p1a: 龙傲海
|-status|p1a: 龙傲海|slp|[from] move: Rest
|-heal|p1a: 龙傲海|100/100 slp|[silent]
|
|-weather|RainDance|[upkeep]
|-activate|p1a: 龙傲海|ability: Hydration
|-curestatus|p1a: 龙傲海|slp|[msg]
|upkeep
|turn|16
|-message|repinho2711 forfeited.
|
|win|ksksjsnsn
|raw|ksksjsnsn's rating: 1258 &rarr; <strong>1293</strong><br />(+35 for winning)
|raw|repinho2711's rating: 1404 &rarr; <strong>1376</strong><br />(-28 for losing)
|l|☆repinho2711
|player|p2|
|l|☆ksksjsnsn
|player|p1|
