|j|☆Frrf
|j|☆porrompompom
|player|p1|Frrf|1
|player|p2|porrompompom|102
|teamsize|p1|6
|teamsize|p2|6
|gametype|singles
|gen|5
|tier|[Gen 5] OU
|rated|
|rule|Sleep Clause Mod: Limit one foe put to sleep
|rule|Species Clause: Limit one of each Pokémon
|rule|OHKO Clause: OHKO moves are banned
|rule|Moody Clause: Moody is banned
|rule|Evasion Moves Clause: Evasion moves are banned
|rule|Endless Battle Clause: Forcing endless battles is banned
|rule|HP Percentage Mod: HP is shown in percentages
|rule|Evasion Abilities Clause: Evasion abilities are banned
|rule|Baton Pass Clause: Limit one Baton Passer, can't pass Spe and other stats simultaneously
|rule|Swagger Clause: Swagger is banned
|clearpoke
|poke|p1|Landorus-Therian, M|item
|poke|p1|Mew|item
|poke|p1|Gastrodon, M|item
|poke|p1|Ferrothorn, F|item
|poke|p1|Latios, M|item
|poke|p1|Tyranitar, F|item
|poke|p2|Abomasnow, M|item
|poke|p2|Starmie|item
|poke|p2|Heatran, M|item
|poke|p2|Kyurem|item
|poke|p2|Landorus-Therian, M|item
|poke|p2|Reuniclus, M|item
|teampreview
|
|start
|switch|p1a: hang em high|Ferrothorn, F|100/100
|switch|p2a: Reuniclus|Reuniclus, M|100/100
|turn|1
|
|move|p2a: Reuniclus|Trick|p1a: hang em high
|-activate|p2a: Reuniclus|move: Trick|[of] p1a: hang em high
|-item|p1a: hang em high|Flame Orb|[from] move: Trick
|-item|p2a: Reuniclus|Leftovers|[from] move: Trick
|move|p1a: hang em high|Spikes|p2a: Reuniclus
|-sidestart|p2: porrompompom|Spikes
|
|-status|p1a: hang em high|brn|[from] item: Flame Orb
|upkeep
|turn|2
|
|switch|p2a: Heatran|Heatran, M|100/100
|-damage|p2a: Heatran|88/100|[from] Spikes
|move|p1a: hang em high|Spikes|p2a: Heatran
|-sidestart|p2: porrompompom|Spikes
|
|-heal|p2a: Heatran|94/100|[from] item: Leftovers
|-damage|p1a: hang em high|88/100 brn|[from] brn
|upkeep
|turn|3
|
|switch|p1a: chill out|Gastrodon, M|100/100
|move|p2a: Heatran|Stealth Rock|p1a: chill out
|-sidestart|p1: Frrf|move: Stealth Rock
|
|-heal|p2a: Heatran|100/100|[from] item: Leftovers
|upkeep
|turn|4
|
|switch|p2a: Reuniclus|Reuniclus, M|100/100
|move|p1a: chill out|Toxic|p2a: Reuniclus|[miss]
|-miss|p1a: chill out|p2a: Reuniclus
|
|upkeep
|turn|5
|j| veryfasttosin
|
|switch|p1a: blood gulch|Tyranitar, F|100/100
|-damage|p1a: blood gulch|88/100|[from] Stealth Rock
|-weather|Sandstorm|[from] ability: Sand Stream|[of] p1a: blood gulch
|move|p2a: Reuniclus|Psyshock|p1a: blood gulch
|-immune|p1a: blood gulch
|
|-weather|Sandstorm|[upkeep]
|upkeep
|turn|6
|
|switch|p2a: Heatran|Heatran, M|100/100
|-damage|p2a: Heatran|84/100|[from] Spikes
|move|p1a: blood gulch|Crunch|p2a: Heatran
|-resisted|p2a: Heatran
|-damage|p2a: Heatran|65/100
|
|-weather|Sandstorm|[upkeep]
|-heal|p2a: Heatran|71/100|[from] item: Leftovers
|upkeep
|turn|7
|
|move|p2a: Heatran|Will-O-Wisp|p1a: blood gulch
|-status|p1a: blood gulch|brn
|move|p1a: blood gulch|Superpower|p2a: Heatran
|-supereffective|p2a: Heatran
|-damage|p2a: Heatran|29/100
|-unboost|p1a: blood gulch|atk|1
|-unboost|p1a: blood gulch|def|1
|
|-weather|Sandstorm|[upkeep]
|-heal|p2a: Heatran|35/100|[from] item: Leftovers
|-damage|p1a: blood gulch|76/100 brn|[from] brn
|upkeep
|turn|8
|
|switch|p2a: Starmie|Starmie|100/100
|-damage|p2a: Starmie|84/100|[from] Spikes
|move|p1a: blood gulch|Stealth Rock|p2a: Starmie
|-sidestart|p2: porrompompom|move: Stealth Rock
|
|-weather|Sandstorm|[upkeep]
|-damage|p2a: Starmie|78/100|[from] Sandstorm
|-heal|p2a: Starmie|84/100|[from] item: Leftovers
|-damage|p1a: blood gulch|64/100 brn|[from] brn
|upkeep
|turn|9
|
|move|p2a: Starmie|Rapid Spin|p1a: blood gulch
|-resisted|p1a: blood gulch
|-damage|p1a: blood gulch|61/100 brn
|-sideend|p2: porrompompom|Spikes|[from] move: Rapid Spin|[of] p2a: Starmie
|-sideend|p2: porrompompom|Stealth Rock|[from] move: Rapid Spin|[of] p2a: Starmie
|move|p1a: blood gulch|Crunch|p2a: Starmie
|-supereffective|p2a: Starmie
|-damage|p2a: Starmie|43/100
|
|-weather|Sandstorm|[upkeep]
|-damage|p2a: Starmie|37/100|[from] Sandstorm
|-heal|p2a: Starmie|43/100|[from] item: Leftovers
|-damage|p1a: blood gulch|49/100 brn|[from] brn
|upkeep
|turn|10
|
|move|p2a: Starmie|Recover|p2a: Starmie
|-heal|p2a: Starmie|93/100
|move|p1a: blood gulch|Stealth Rock|p2a: Starmie
|-sidestart|p2: porrompompom|move: Stealth Rock
|
|-weather|Sandstorm|[upkeep]
|-damage|p2a: Starmie|87/100|[from] Sandstorm
|-heal|p2a: Starmie|93/100|[from] item: Leftovers
|-damage|p1a: blood gulch|37/100 brn|[from] brn
|upkeep
|turn|11
|
|move|p2a: Starmie|Rapid Spin|p1a: blood gulch
|-resisted|p1a: blood gulch
|-damage|p1a: blood gulch|35/100 brn
|-sideend|p2: porrompompom|Stealth Rock|[from] move: Rapid Spin|[of] p2a: Starmie
|move|p1a: blood gulch|Crunch|p2a: Starmie
|-supereffective|p2a: Starmie
|-damage|p2a: Starmie|54/100
|
|-weather|Sandstorm|[upkeep]
|-damage|p2a: Starmie|48/100|[from] Sandstorm
|-heal|p2a: Starmie|54/100|[from] item: Leftovers
|-damage|p1a: blood gulch|22/100 brn|[from] brn
|upkeep
|turn|12
|
|move|p2a: Starmie|Scald|p1a: blood gulch
|-supereffective|p1a: blood gulch
|-damage|p1a: blood gulch|0 fnt
|faint|p1a: blood gulch
|
|-weather|Sandstorm|[upkeep]
|-damage|p2a: Starmie|48/100|[from] Sandstorm
|-heal|p2a: Starmie|54/100|[from] item: Leftovers
|upkeep
|
|switch|p1a: derelict|Landorus-Therian, M|100/100
|-damage|p1a: derelict|88/100|[from] Stealth Rock
|-ability|p1a: derelict|Intimidate|boost
|-unboost|p2a: Starmie|atk|1
|turn|13
|
|switch|p2a: Abomasnow|Abomasnow, M|100/100
|-weather|Hail|[from] ability: Snow Warning|[of] p2a: Abomasnow
|move|p1a: derelict|U-turn|p2a: Abomasnow
|-supereffective|p2a: Abomasnow
|-damage|p2a: Abomasnow|33/100
|
|switch|p1a: sidewinder|Latios, M|100/100
|-damage|p1a: sidewinder|88/100|[from] Stealth Rock
|
|-weather|Hail|[upkeep]
|-damage|p1a: sidewinder|82/100|[from] Hail
|-heal|p2a: Abomasnow|40/100|[from] item: Leftovers
|upkeep
|turn|14
|
|move|p2a: Abomasnow|Protect|p2a: Abomasnow
|-singleturn|p2a: Abomasnow|Protect
|move|p1a: sidewinder|Draco Meteor|p2a: Abomasnow
|-activate|p2a: Abomasnow|move: Protect
|
|-weather|Hail|[upkeep]
|-damage|p1a: sidewinder|76/100|[from] Hail
|-heal|p2a: Abomasnow|46/100|[from] item: Leftovers
|upkeep
|turn|15
|
|switch|p1a: derelict|Landorus-Therian, M|88/100
|-damage|p1a: derelict|76/100|[from] Stealth Rock
|-ability|p1a: derelict|Intimidate|boost
|-unboost|p2a: Abomasnow|atk|1
|move|p2a: Abomasnow|Ice Shard|p1a: derelict
|-supereffective|p1a: derelict
|-damage|p1a: derelict|22/100
|
|-weather|Hail|[upkeep]
|-damage|p1a: derelict|16/100|[from] Hail
|-heal|p2a: Abomasnow|52/100|[from] item: Leftovers
|upkeep
|turn|16
|-message|Frrf forfeited.
|
|win|porrompompom
|l|☆Frrf
|raw|Frrf's rating: 1350 &rarr; <strong>1341</strong><br />(-9 for losing)
|raw|porrompompom's rating: 1566 &rarr; <strong>1575</strong><br />(+9 for winning)
