|j|☆574rm4n
|j|☆CertamenMeum
|t:|1716598571
|gametype|singles
|player|p1|574rm4n|brock-gen2|1439
|player|p2|CertamenMeum|blue|1510
|teamsize|p1|6
|teamsize|p2|6
|gen|5
|tier|[Gen 5] OU
|rated|
|rule|Species Clause: Limit one of each Pokémon
|rule|OHKO Clause: OHKO moves are banned
|rule|Moody Clause: Moody is banned
|rule|Evasion Items Clause: Evasion items are banned
|rule|Evasion Moves Clause: Evasion moves are banned
|rule|Endless Battle Clause: Forcing endless battles is banned
|rule|HP Percentage Mod: HP is shown in percentages
|rule|Evasion Abilities Clause: Evasion abilities are banned
|rule|Sleep Moves Clause: Sleep-inducing moves are banned
|rule|Swagger Clause: Swagger is banned
|rule|Baton Pass Stat Clause: No Baton Passer may have a way to boost its stats
|clearpoke
|poke|p1|Tyranitar, M|item
|poke|p1|Gliscor, F|item
|poke|p1|Slowbro, F|item
|poke|p1|Amoonguss, F|item
|poke|p1|Terrakion|item
|poke|p1|Excadrill, M|item
|poke|p2|Dragonite, M|item
|poke|p2|Scizor, F|item
|poke|p2|Forretress, F|item
|poke|p2|Ferrothorn, F|item
|poke|p2|Alakazam, F|item
|poke|p2|Rotom-Wash|item
|teampreview
|inactive|Battle timer is ON: inactive players will automatically lose when time's up. (requested by CertamenMeum)
|inactive|574rm4n has 120 seconds left.
|c|☆574rm4n|hf
|c|☆CertamenMeum|u2
|inactive|574rm4n has 90 seconds left.
|
|t:|1716598644
|start
|switch|p1a: Tyranitar|Tyranitar, M|100/100
|switch|p2a: Dragonite|Dragonite, M|100/100
|-weather|Sandstorm|[from] ability: Sand Stream|[of] p1a: Tyranitar
|turn|1
|
|t:|1716598651
|switch|p1a: Slowbro|Slowbro, F|100/100
|move|p2a: Dragonite|Dragon Dance|p2a: Dragonite
|-boost|p2a: Dragonite|atk|1
|-boost|p2a: Dragonite|spe|1
|
|-weather|Sandstorm|[upkeep]
|-damage|p2a: Dragonite|94/100|[from] Sandstorm
|-damage|p1a: Slowbro|94/100|[from] Sandstorm
|-heal|p1a: Slowbro|100/100|[from] item: Leftovers
|upkeep
|turn|2
|
|t:|1716598660
|move|p2a: Dragonite|Outrage|p1a: Slowbro
|-damage|p1a: Slowbro|44/100
|move|p1a: Slowbro|Ice Beam|p2a: Dragonite
|-supereffective|p2a: Dragonite
|-damage|p2a: Dragonite|0 fnt
|faint|p2a: Dragonite
|
|-weather|Sandstorm|[upkeep]
|-damage|p1a: Slowbro|38/100|[from] Sandstorm
|-heal|p1a: Slowbro|44/100|[from] item: Leftovers
|upkeep
|
|t:|1716598677
|switch|p2a: Scizor|Scizor, F|100/100
|turn|3
|
|t:|1716598681
|-activate|p1a: Slowbro|move: Pursuit
|move|p2a: Scizor|Pursuit|p1a: Slowbro|[from]Pursuit
|-supereffective|p1a: Slowbro
|-damage|p1a: Slowbro|0 fnt
|faint|p1a: Slowbro
|-hint|A Pokemon can't switch between when it runs out of HP and when it faints
|
|-weather|Sandstorm|[upkeep]
|upkeep
|inactive|574rm4n has 120 seconds left.
|
|t:|1716598716
|switch|p1a: Amoonguss|Amoonguss, F|100/100
|turn|4
|
|t:|1716598720
|switch|p2a: Rotom|Rotom-Wash, shiny|100/100
|move|p1a: Amoonguss|Stun Spore|p2a: Rotom|[miss]
|-miss|p1a: Amoonguss|p2a: Rotom
|
|-weather|Sandstorm|[upkeep]
|-damage|p2a: Rotom|94/100|[from] Sandstorm
|-damage|p1a: Amoonguss|94/100|[from] Sandstorm
|-heal|p1a: Amoonguss|100/100|[from] item: Black Sludge
|upkeep
|turn|5
|
|t:|1716598746
|move|p2a: Rotom|Volt Switch|p1a: Amoonguss
|-resisted|p1a: Amoonguss
|-damage|p1a: Amoonguss|77/100
|
|t:|1716598751
|switch|p2a: Scizor|Scizor, F|100/100|[from] Volt Switch
|move|p1a: Amoonguss|Giga Drain|p2a: Scizor
|-resisted|p2a: Scizor
|-damage|p2a: Scizor|93/100
|-heal|p1a: Amoonguss|79/100|[from] drain|[of] p2a: Scizor
|
|-weather|Sandstorm|[upkeep]
|-damage|p1a: Amoonguss|73/100|[from] Sandstorm
|-heal|p1a: Amoonguss|79/100|[from] item: Black Sludge
|upkeep
|turn|6
|
|t:|1716598765
|switch|p1a: Gliscor|Gliscor, F|100/100
|move|p2a: Scizor|U-turn|p1a: Gliscor
|-resisted|p1a: Gliscor
|-damage|p1a: Gliscor|80/100
|
|t:|1716598776
|switch|p2a: Forretress|Forretress, F|100/100|[from] U-turn
|
|-weather|Sandstorm|[upkeep]
|-status|p1a: Gliscor|tox|[from] item: Toxic Orb
|upkeep
|turn|7
|
|t:|1716598781
|move|p1a: Gliscor|Taunt|p2a: Forretress
|-start|p2a: Forretress|move: Taunt
|cant|p2a: Forretress|move: Taunt|Stealth Rock
|
|-weather|Sandstorm|[upkeep]
|-heal|p1a: Gliscor|92/100 tox|[from] ability: Poison Heal
|upkeep
|turn|8
|
|t:|1716598792
|move|p1a: Gliscor|Knock Off|p2a: Forretress
|-resisted|p2a: Forretress
|-damage|p2a: Forretress|98/100
|-enditem|p2a: Forretress|Custap Berry|[from] move: Knock Off|[of] p1a: Gliscor
|move|p2a: Forretress|Rapid Spin|p1a: Gliscor
|-damage|p1a: Gliscor|87/100 tox
|
|-weather|Sandstorm|[upkeep]
|-heal|p1a: Gliscor|99/100 tox|[from] ability: Poison Heal
|upkeep
|turn|9
|
|t:|1716598800
|move|p1a: Gliscor|Earthquake|p2a: Forretress
|-damage|p2a: Forretress|68/100
|move|p2a: Forretress|Rapid Spin|p1a: Gliscor
|-damage|p1a: Gliscor|96/100 tox
|
|-weather|Sandstorm|[upkeep]
|-heal|p1a: Gliscor|100/100 tox|[from] ability: Poison Heal
|-end|p2a: Forretress|move: Taunt
|upkeep
|turn|10
|
|t:|1716598809
|switch|p2a: Rotom|Rotom-Wash, shiny|94/100
|move|p1a: Gliscor|Taunt|p2a: Rotom
|-start|p2a: Rotom|move: Taunt
|
|-weather|Sandstorm|[upkeep]
|-damage|p2a: Rotom|88/100|[from] Sandstorm
|upkeep
|turn|11
|
|t:|1716598815
|move|p1a: Gliscor|Protect|p1a: Gliscor
|-singleturn|p1a: Gliscor|Protect
|move|p2a: Rotom|Hydro Pump|p1a: Gliscor
|-activate|p1a: Gliscor|move: Protect
|
|-weather|Sandstorm|[upkeep]
|-damage|p2a: Rotom|82/100|[from] Sandstorm
|upkeep
|turn|12
|
|t:|1716598823
|switch|p1a: Amoonguss|Amoonguss, F|100/100
|move|p2a: Rotom|Hydro Pump|p1a: Amoonguss
|-resisted|p1a: Amoonguss
|-damage|p1a: Amoonguss|56/100
|
|-weather|Sandstorm|[upkeep]
|-damage|p2a: Rotom|76/100|[from] Sandstorm
|-damage|p1a: Amoonguss|50/100|[from] Sandstorm
|-heal|p1a: Amoonguss|56/100|[from] item: Black Sludge
|-end|p2a: Rotom|move: Taunt
|upkeep
|turn|13
|
|t:|1716598835
|move|p2a: Rotom|Hydro Pump|p1a: Amoonguss
|-resisted|p1a: Amoonguss
|-damage|p1a: Amoonguss|12/100
|move|p1a: Amoonguss|Hidden Power|p2a: Rotom
|-resisted|p2a: Rotom
|-damage|p2a: Rotom|66/100
|
|-weather|Sandstorm|[upkeep]
|-damage|p2a: Rotom|60/100|[from] Sandstorm
|-damage|p1a: Amoonguss|5/100|[from] Sandstorm
|-heal|p1a: Amoonguss|12/100|[from] item: Black Sludge
|upkeep
|turn|14
|
|t:|1716598852
|switch|p1a: Tyranitar|Tyranitar, M|100/100
|move|p2a: Rotom|Hydro Pump|p1a: Tyranitar
|-supereffective|p1a: Tyranitar
|-damage|p1a: Tyranitar|12/100
|
|-weather|Sandstorm|[upkeep]
|-damage|p2a: Rotom|53/100|[from] Sandstorm
|upkeep
|turn|15
|
|t:|1716598860
|move|p2a: Rotom|Hydro Pump|p1a: Tyranitar
|-supereffective|p1a: Tyranitar
|-damage|p1a: Tyranitar|0 fnt
|faint|p1a: Tyranitar
|
|-weather|Sandstorm|[upkeep]
|-damage|p2a: Rotom|47/100|[from] Sandstorm
|upkeep
|
|t:|1716598865
|switch|p1a: Amoonguss|Amoonguss, F|45/100
|turn|16
|
|t:|1716598869
|move|p2a: Rotom|Hydro Pump|p1a: Amoonguss
|-resisted|p1a: Amoonguss
|-damage|p1a: Amoonguss|7/100
|move|p1a: Amoonguss|Giga Drain|p2a: Rotom
|-supereffective|p2a: Rotom
|-crit|p2a: Rotom
|-damage|p2a: Rotom|0 fnt
|-heal|p1a: Amoonguss|20/100|[from] drain|[of] p2a: Rotom
|faint|p2a: Rotom
|
|-weather|Sandstorm|[upkeep]
|-damage|p1a: Amoonguss|14/100|[from] Sandstorm
|-heal|p1a: Amoonguss|20/100|[from] item: Black Sludge
|upkeep
|
|t:|1716598880
|switch|p2a: Scizor|Scizor, F|93/100
|turn|17
|
|t:|1716598888
|-activate|p1a: Amoonguss|move: Pursuit
|move|p2a: Scizor|Pursuit|p1a: Amoonguss|[from]Pursuit
|-damage|p1a: Amoonguss|0 fnt
|faint|p1a: Amoonguss
|-hint|A Pokemon can't switch between when it runs out of HP and when it faints
|
|-weather|Sandstorm|[upkeep]
|upkeep
|
|t:|1716598901
|switch|p1a: Terrakion|Terrakion|100/100
|turn|18
|
|t:|1716598905
|switch|p2a: Forretress|Forretress, F|68/100
|move|p1a: Terrakion|Close Combat|p2a: Forretress
|-damage|p2a: Forretress|0 fnt
|-unboost|p1a: Terrakion|def|1
|-unboost|p1a: Terrakion|spd|1
|faint|p2a: Forretress
|
|-weather|Sandstorm|[upkeep]
|upkeep
|
|t:|1716598914
|switch|p2a: Alakazam|Alakazam, F|100/100
|turn|19
|
|t:|1716598922
|switch|p1a: Gliscor|Gliscor, F|100/100 tox
|move|p2a: Alakazam|Psychic|p1a: Gliscor
|-damage|p1a: Gliscor|50/100 tox
|
|-weather|Sandstorm|[upkeep]
|-heal|p1a: Gliscor|63/100 tox|[from] ability: Poison Heal
|upkeep
|turn|20
|
|t:|1716598933
|move|p1a: Gliscor|Protect|p1a: Gliscor
|-singleturn|p1a: Gliscor|Protect
|move|p2a: Alakazam|Psychic|p1a: Gliscor
|-activate|p1a: Gliscor|move: Protect
|
|-weather|Sandstorm|[upkeep]
|-heal|p1a: Gliscor|75/100 tox|[from] ability: Poison Heal
|upkeep
|turn|21
|
|t:|1716598957
|move|p2a: Alakazam|Hidden Power|p1a: Gliscor
|-supereffective|p1a: Gliscor
|-damage|p1a: Gliscor|0 fnt
|faint|p1a: Gliscor
|
|-weather|Sandstorm|[upkeep]
|upkeep
|
|t:|1716598965
|switch|p1a: Excadrill|Excadrill, M|100/100
|turn|22
|
|t:|1716598970
|switch|p2a: Ferrothorn|Ferrothorn, F|100/100
|move|p1a: Excadrill|Iron Head|p2a: Ferrothorn
|-resisted|p2a: Ferrothorn
|-damage|p2a: Ferrothorn|79/100
|-damage|p1a: Excadrill|88/100|[from] ability: Iron Barbs|[of] p2a: Ferrothorn
|
|-weather|Sandstorm|[upkeep]
|-heal|p1a: Excadrill|94/100|[from] item: Leftovers
|-heal|p2a: Ferrothorn|85/100|[from] item: Leftovers
|upkeep
|turn|23
|
|t:|1716598979
|move|p1a: Excadrill|Swords Dance|p1a: Excadrill
|-boost|p1a: Excadrill|atk|2
|move|p2a: Ferrothorn|Leech Seed|p1a: Excadrill
|-start|p1a: Excadrill|move: Leech Seed
|
|-weather|Sandstorm|[upkeep]
|-heal|p1a: Excadrill|99/100|[from] item: Leftovers
|-heal|p2a: Ferrothorn|91/100|[from] item: Leftovers
|-damage|p1a: Excadrill|88/100|[from] Leech Seed|[of] p2a: Ferrothorn
|-heal|p2a: Ferrothorn|100/100|[silent]
|upkeep
|turn|24
|
|t:|1716598988
|move|p1a: Excadrill|Earthquake|p2a: Ferrothorn
|-damage|p2a: Ferrothorn|0 fnt
|faint|p2a: Ferrothorn
|
|-weather|Sandstorm|[upkeep]
|-heal|p1a: Excadrill|94/100|[from] item: Leftovers
|upkeep
|
|t:|1716598994
|switch|p2a: Alakazam|Alakazam, F|100/100
|turn|25
|
|t:|1716598998
|move|p2a: Alakazam|Focus Blast|p1a: Excadrill|[miss]
|-miss|p2a: Alakazam|p1a: Excadrill
|move|p1a: Excadrill|Earthquake|p2a: Alakazam
|-enditem|p2a: Alakazam|Focus Sash
|-damage|p2a: Alakazam|1/100
|
|-weather|Sandstorm|[upkeep]
|-heal|p1a: Excadrill|99/100|[from] item: Leftovers
|-damage|p1a: Excadrill|87/100|[from] Leech Seed|[of] p2a: Alakazam
|-heal|p2a: Alakazam|19/100|[silent]
|upkeep
|turn|26
|
|t:|1716599014
|move|p2a: Alakazam|Focus Blast|p1a: Excadrill
|-supereffective|p1a: Excadrill
|-damage|p1a: Excadrill|0 fnt
|faint|p1a: Excadrill
|
|-weather|Sandstorm|[upkeep]
|upkeep
|c|☆574rm4n|gg
|
|t:|1716599021
|switch|p1a: Terrakion|Terrakion|100/100
|turn|27
|c|☆CertamenMeum|gg
|
|t:|1716599026
|move|p2a: Alakazam|Psychic|p1a: Terrakion
|-supereffective|p1a: Terrakion
|-damage|p1a: Terrakion|28/100
|move|p1a: Terrakion|Stone Edge|p2a: Alakazam
|-damage|p2a: Alakazam|0 fnt
|faint|p2a: Alakazam
|
|-weather|Sandstorm|[upkeep]
|upkeep
|
|t:|1716599034
|switch|p2a: Scizor|Scizor, F|93/100
|turn|28
|
|t:|1716599036
|move|p2a: Scizor|Bullet Punch|p1a: Terrakion
|-supereffective|p1a: Terrakion
|-damage|p1a: Terrakion|0 fnt
|faint|p1a: Terrakion
|
|win|CertamenMeum
|raw|574rm4n's rating: 1439 &rarr; <strong>1423</strong><br />(-16 for losing)
|raw|CertamenMeum's rating: 1510 &rarr; <strong>1526</strong><br />(+16 for winning)
