|join|SandStall #1 Redux
|join|Gurkendrache
|player|p1|SandStall #1 Redux|249
|player|p2|Gurkendrache|97
|gametype|singles
|gen|5
|tier|[Gen 5] OU
|rated
|rule|Evasion Abilities Clause: Evasion abilities are banned
|clearpoke
|poke|p1|Landorus-Therian, M
|poke|p1|Heatran, F
|poke|p1|Celebi
|poke|p1|Forretress, M
|poke|p1|Tyranitar, M
|poke|p1|Jellicent, F
|poke|p2|Landorus-Therian, M
|poke|p2|Tyranitar, M
|poke|p2|Ferrothorn, F
|poke|p2|Terrakion
|poke|p2|Jirachi
|poke|p2|Slowking, M
|rule|Sleep Clause Mod: Limit one foe put to sleep
|rule|Species Clause: Limit one of each Pokémon
|rule|OHKO Clause: OHKO moves are banned
|rule|Moody Clause: Moody is banned
|rule|Evasion Moves Clause: Evasion moves are banned
|rule|Endless Battle Clause: Forcing endless battles is banned
|rule|HP Percentage Mod: HP is shown in percentages
|teampreview
|c|★Gurkendrache|gl
|c|★SandStall #1 Redux|you too
|
|start
|switch|p1a: Forretress|Forretress, M|354/354
|switch|p2a: Slowking|Slowking, M|394/394
|turn|1
|
|switch|p1a: Jellicent|Jellicent, F|404/404
|move|p2a: Slowking|Fire Blast|p1a: Jellicent
|-resisted|p1a: Jellicent
|-damage|p1a: Jellicent|357/404
|
|-heal|p1a: Jellicent|382/404|[from] item: Leftovers
|turn|2
|
|switch|p2a: Jirachi|Jirachi|342/342
|move|p1a: Jellicent|Will-O-Wisp|p2a: Jirachi|[miss]
|-miss|p1a: Jellicent|p2a: Jirachi
|
|-heal|p1a: Jellicent|404/404|[from] item: Leftovers
|turn|3
|join|ashiemore
|
|move|p2a: Jirachi|Grass Knot|p1a: Jellicent
|-supereffective|p1a: Jellicent
|-damage|p1a: Jellicent|188/404
|move|p1a: Jellicent|Will-O-Wisp|p2a: Jirachi
|-status|p2a: Jirachi|brn
|
|-heal|p1a: Jellicent|213/404|[from] item: Leftovers
|-damage|p2a: Jirachi|300/342 brn|[from] brn
|turn|4
|
|switch|p2a: Terrakion|Terrakion|323/323
|switch|p1a: Forretress|Forretress, M|354/354
|
|turn|5
|
|switch|p1a: Landorus-Therian|Landorus-Therian, M|381/381
|-ability|p1a: Landorus-Therian|Intimidate|[of] p2a: Terrakion
|-unboost|p2a: Terrakion|atk|1
|move|p2a: Terrakion|Swords Dance|p2a: Terrakion
|-boost|p2a: Terrakion|atk|2
|
|turn|6
|
|move|p2a: Terrakion|Stone Edge|p1a: Landorus-Therian|[miss]
|-miss|p2a: Terrakion|p1a: Landorus-Therian
|move|p1a: Landorus-Therian|Earthquake|p2a: Terrakion
|-supereffective|p2a: Terrakion
|-damage|p2a: Terrakion|0 fnt
|faint|p2a: Terrakion
|
|join|Blue53
|c|★SandStall #1 Redux|sry :(
|c|★Gurkendrache|Its fine :)
|
|switch|p2a: Landorus-Therian|Landorus-Therian, M|381/381
|-ability|p2a: Landorus-Therian|Intimidate|[of] p1a: Landorus-Therian
|-unboost|p1a: Landorus-Therian|atk|1
|turn|7
|
|switch|p1a: Forretress|Forretress, M|354/354
|move|p2a: Landorus-Therian|U-turn|p1a: Forretress
|-resisted|p1a: Forretress
|-damage|p1a: Forretress|332/354
|
|switch|p2a: Jirachi|Jirachi|300/342 brn
|
|-heal|p2a: Jirachi|321/342 brn|[from] item: Leftovers
|-heal|p1a: Forretress|354/354|[from] item: Leftovers
|-damage|p2a: Jirachi|279/342 brn|[from] brn
|turn|8
|c| Blue53|someone git on g1 ou 
|c| Blue53|on po
|c| Blue53|y/n
|c|★Gurkendrache|n
|c| Blue53|: [
|c|★Gurkendrache|g1 is gay:D
|
|move|p2a: Jirachi|Hidden Power|p1a: Forretress
|-supereffective|p1a: Forretress
|-activate|p1a: Forretress|Sturdy
|-damage|p1a: Forretress|1/354
|move|p1a: Forretress|Spikes|p2a: Jirachi
|-sidestart|p2: Gurkendrache|Spikes
|
|-heal|p2a: Jirachi|300/342 brn|[from] item: Leftovers
|-heal|p1a: Forretress|23/354|[from] item: Leftovers
|-damage|p2a: Jirachi|258/342 brn|[from] brn
|turn|9
|
|switch|p2a: Landorus-Therian|Landorus-Therian, M|381/381
|-ability|p2a: Landorus-Therian|Intimidate|[of] p1a: Forretress
|-unboost|p1a: Forretress|atk|1
|switch|p1a: Heatran|Heatran, F|385/385
|
|turn|10
|
|move|p2a: Landorus-Therian|Stealth Rock|p1a: Heatran
|-sidestart|p1: SandStall #1 Redux|move: Stealth Rock
|move|p1a: Heatran|Toxic|p2a: Landorus-Therian
|-status|p2a: Landorus-Therian|tox
|
|-damage|p2a: Landorus-Therian|358/381 tox|[from] psn
|turn|11
|
|switch|p1a: Forretress|Forretress, M|23/354
|-damage|p1a: Forretress|0 fnt|[from] Stealth Rock
|faint|p1a: Forretress
|move|p2a: Landorus-Therian|Hidden Power|p1: Forretress|[notarget]
|-notarget
|
|-heal|p2a: Landorus-Therian|381/381 tox|[from] item: Leftovers
|-damage|p2a: Landorus-Therian|335/381 tox|[from] psn
|
|switch|p1a: Landorus-Therian|Landorus-Therian, M|381/381
|-damage|p1a: Landorus-Therian|334/381|[from] Stealth Rock
|-ability|p1a: Landorus-Therian|Intimidate|[of] p2a: Landorus-Therian
|-unboost|p2a: Landorus-Therian|atk|1
|turn|12
|
|move|p1a: Landorus-Therian|Hidden Power|p2a: Landorus-Therian
|-supereffective|p2a: Landorus-Therian
|-damage|p2a: Landorus-Therian|23/381 tox
|move|p2a: Landorus-Therian|Hidden Power|p1a: Landorus-Therian
|-supereffective|p1a: Landorus-Therian
|-damage|p1a: Landorus-Therian|6/381
|
|-heal|p1a: Landorus-Therian|29/381|[from] item: Leftovers
|-heal|p2a: Landorus-Therian|46/381 tox|[from] item: Leftovers
|-damage|p2a: Landorus-Therian|0 fnt|[from] psn
|faint|p2a: Landorus-Therian
|c|★SandStall #1 Redux|264?
|
|switch|p2a: Slowking|Slowking, M|394/394
|-damage|p2a: Slowking|345/394|[from] Spikes
|turn|13
|
|move|p1a: Landorus-Therian|Stealth Rock|p2a: Slowking
|-sidestart|p2: Gurkendrache|move: Stealth Rock
|move|p2a: Slowking|Fire Blast|p1a: Landorus-Therian|[miss]
|-miss|p2a: Slowking|p1a: Landorus-Therian
|
|-heal|p1a: Landorus-Therian|52/381|[from] item: Leftovers
|-heal|p2a: Slowking|369/394|[from] item: Leftovers
|turn|14
|c|★Gurkendrache|oh shit havent seen that u havent send rocks out yet :D
|
|move|p1a: Landorus-Therian|Earthquake|p2a: Slowking
|-damage|p2a: Slowking|201/394
|move|p2a: Slowking|Scald|p1a: Landorus-Therian
|-supereffective|p1a: Landorus-Therian
|-damage|p1a: Landorus-Therian|0 fnt
|faint|p1a: Landorus-Therian
|
|-heal|p2a: Slowking|225/394|[from] item: Leftovers
|
|switch|p1a: Jellicent|Jellicent, F|213/404
|-damage|p1a: Jellicent|163/404|[from] Stealth Rock
|turn|15
|
|switch|p2a: Tyranitar|Tyranitar, M|342/342
|-damage|p2a: Tyranitar|300/342|[from] Stealth Rock
|-damage|p2a: Tyranitar|258/342|[from] Spikes
|-weather|Sandstorm|[from] ability: Sand Stream|[of] p2a: Tyranitar
|move|p1a: Jellicent|Recover|p1a: Jellicent
|-heal|p1a: Jellicent|365/404
|
|-weather|Sandstorm|[upkeep]
|-damage|p1a: Jellicent|340/404|[from] sandstorm
|-heal|p1a: Jellicent|365/404|[from] item: Leftovers
|turn|16
|
|switch|p1a: Tyranitar|Tyranitar, M|342/342
|-damage|p1a: Tyranitar|300/342|[from] Stealth Rock
|move|p2a: Tyranitar|Crunch|p1a: Tyranitar
|-resisted|p1a: Tyranitar
|-damage|p1a: Tyranitar|227/342
|-unboost|p1a: Tyranitar|def|1
|
|-weather|Sandstorm|[upkeep]
|turn|17
|
|switch|p2a: Slowking|Slowking, M|356/394
|-damage|p2a: Slowking|307/394|[from] Spikes
|-damage|p2a: Slowking|258/394|[from] Stealth Rock
|move|p1a: Tyranitar|Crunch|p2a: Slowking
|-supereffective|p2a: Slowking
|-damage|p2a: Slowking|0 fnt
|faint|p2a: Slowking
|
|-weather|Sandstorm|[upkeep]
|
|switch|p2a: Ferrothorn|Ferrothorn, F|352/352
|-damage|p2a: Ferrothorn|308/352|[from] Spikes
|-damage|p2a: Ferrothorn|286/352|[from] Stealth Rock
|turn|18
|
|switch|p1a: Heatran|Heatran, F|385/385
|-damage|p1a: Heatran|337/385|[from] Stealth Rock
|switch|p2a: Tyranitar|Tyranitar, M|258/342
|-damage|p2a: Tyranitar|216/342|[from] Spikes
|-damage|p2a: Tyranitar|174/342|[from] Stealth Rock
|
|-weather|Sandstorm|[upkeep]
|-heal|p1a: Heatran|361/385|[from] item: Leftovers
|turn|19
|
|switch|p1a: Jellicent|Jellicent, F|365/404
|-damage|p1a: Jellicent|315/404|[from] Stealth Rock
|move|p2a: Tyranitar|Superpower|p1a: Jellicent
|-immune|p1a: Jellicent|[msg]
|
|-weather|Sandstorm|[upkeep]
|-damage|p1a: Jellicent|290/404|[from] sandstorm
|-heal|p1a: Jellicent|315/404|[from] item: Leftovers
|turn|20
|
|switch|p2a: Jirachi|Jirachi|258/342 brn
|-damage|p2a: Jirachi|216/342 brn|[from] Spikes
|-damage|p2a: Jirachi|195/342 brn|[from] Stealth Rock
|move|p1a: Jellicent|Will-O-Wisp|p2a: Jirachi|[miss]
|-miss|p1a: Jellicent|p2a: Jirachi
|
|-weather|Sandstorm|[upkeep]
|-damage|p1a: Jellicent|290/404|[from] sandstorm
|-heal|p2a: Jirachi|216/342 brn|[from] item: Leftovers
|-heal|p1a: Jellicent|315/404|[from] item: Leftovers
|-damage|p2a: Jirachi|174/342 brn|[from] brn
|turn|21
|
|switch|p2a: Tyranitar|Tyranitar, M|174/342
|-damage|p2a: Tyranitar|132/342|[from] Spikes
|-damage|p2a: Tyranitar|90/342|[from] Stealth Rock
|switch|p1a: Heatran|Heatran, F|361/385
|-damage|p1a: Heatran|313/385|[from] Stealth Rock
|
|-weather|Sandstorm|[upkeep]
|-heal|p1a: Heatran|337/385|[from] item: Leftovers
|turn|22
|
|switch|p1a: Tyranitar|Tyranitar, M|227/342
|-damage|p1a: Tyranitar|185/342|[from] Stealth Rock
|move|p2a: Tyranitar|Superpower|p1a: Tyranitar
|-supereffective|p1a: Tyranitar
|-damage|p1a: Tyranitar|0 fnt
|-unboost|p2a: Tyranitar|atk|1
|-unboost|p2a: Tyranitar|def|1
|faint|p1a: Tyranitar
|
|-weather|Sandstorm|[upkeep]
|
|switch|p1a: Celebi|Celebi|404/404
|-damage|p1a: Celebi|354/404|[from] Stealth Rock
|turn|23
|
|switch|p2a: Ferrothorn|Ferrothorn, F|286/352
|-damage|p2a: Ferrothorn|264/352|[from] Stealth Rock
|-damage|p2a: Ferrothorn|220/352|[from] Spikes
|move|p1a: Celebi|U-turn|p2a: Ferrothorn
|-damage|p2a: Ferrothorn|187/352
|-damage|p1a: Celebi|304/404|[from] ability: Iron Barbs|[of] p2a: Ferrothorn
|
|switch|p1a: Heatran|Heatran, F|337/385
|-damage|p1a: Heatran|289/385|[from] Stealth Rock
|
|-weather|Sandstorm|[upkeep]
|-heal|p1a: Heatran|313/385|[from] item: Leftovers
|-heal|p2a: Ferrothorn|209/352|[from] item: Leftovers
|turn|24
|
|switch|p2a: Jirachi|Jirachi|174/342 brn
|-damage|p2a: Jirachi|132/342 brn|[from] Spikes
|-damage|p2a: Jirachi|111/342 brn|[from] Stealth Rock
|move|p1a: Heatran|Lava Plume|p2a: Jirachi
|-supereffective|p2a: Jirachi
|-damage|p2a: Jirachi|0 fnt
|faint|p2a: Jirachi
|
|-weather|Sandstorm|[upkeep]
|-heal|p1a: Heatran|337/385|[from] item: Leftovers
|
|switch|p2a: Tyranitar|Tyranitar, M|90/342
|-damage|p2a: Tyranitar|48/342|[from] Stealth Rock
|-damage|p2a: Tyranitar|6/342|[from] Spikes
|turn|25
|
|switch|p1a: Jellicent|Jellicent, F|315/404
|-damage|p1a: Jellicent|265/404|[from] Stealth Rock
|move|p2a: Tyranitar|Crunch|p1a: Jellicent
|-supereffective|p1a: Jellicent
|-damage|p1a: Jellicent|0 fnt
|faint|p1a: Jellicent
|
|-weather|Sandstorm|[upkeep]
|
|switch|p1a: Heatran|Heatran, F|337/385
|-damage|p1a: Heatran|289/385|[from] Stealth Rock
|turn|26
|
|move|p2a: Tyranitar|Crunch|p1a: Heatran
|-resisted|p1a: Heatran
|-damage|p1a: Heatran|219/385
|move|p1a: Heatran|Lava Plume|p2a: Tyranitar
|-resisted|p2a: Tyranitar
|-damage|p2a: Tyranitar|0 fnt
|faint|p2a: Tyranitar
|
|-weather|Sandstorm|[upkeep]
|-heal|p1a: Heatran|243/385|[from] item: Leftovers
|c|★Gurkendrache|gg
|c|★SandStall #1 Redux|gg
|
|switch|p2a: Ferrothorn|Ferrothorn, F|209/352
|-damage|p2a: Ferrothorn|165/352|[from] Spikes
|-damage|p2a: Ferrothorn|143/352|[from] Stealth Rock
|turn|27
|
|move|p1a: Heatran|Lava Plume|p2a: Ferrothorn
|-supereffective|p2a: Ferrothorn
|-damage|p2a: Ferrothorn|0 fnt
|faint|p2a: Ferrothorn
|
|win|SandStall #1 Redux
|raw|Ladder updating...
|raw|SandStall #1 Redux's rating: 1399 &rarr; <strong>1421</strong><br />(+22 for winning)
|raw|Gurkendrache's rating: 1430 &rarr; <strong>1409</strong><br />(-21 for losing)
|leave|Gurkendrache
|player|p2
|leave|SandStall #1 Redux
|player|p1
|join|SandStall #1 Redux