|j|☆Nalorium
|j|☆Rylora
|t:|1597965323
|player|p1|Nalorium|169|1640
|player|p2|Rylora|mira|1336
|teamsize|p1|6
|teamsize|p2|6
|gametype|singles
|gen|5
|tier|[Gen 5] OU
|rated|
|clearpoke
|poke|p1|Tyranitar, F|item
|poke|p1|Jellicent, F|item
|poke|p1|Ferrothorn, M|item
|poke|p1|Excadrill, F|item
|poke|p1|Alakazam, M|item
|poke|p1|Gliscor, F|item
|poke|p2|Weavile, M|item
|poke|p2|Celebi|item
|poke|p2|Salamence, F|item
|poke|p2|Keldeo|item
|poke|p2|Chandelure, M|item
|poke|p2|Landorus-Therian, M|item
|rule|Species Clause: Limit one of each Pokémon
|rule|OHKO Clause: OHKO moves are banned
|rule|Moody Clause: Moody is banned
|rule|Evasion Moves Clause: Evasion moves are banned
|rule|Endless Battle Clause: Forcing endless battles is banned
|rule|HP Percentage Mod: HP is shown in percentages
|rule|Evasion Abilities Clause: Evasion abilities are banned
|rule|Baton Pass Clause: Limit one Baton Passer, can't pass Spe and other stats simultaneously
|rule|Sleep Clause: Sleep-inducing moves are banned
|rule|Swagger Clause: Swagger is banned
|teampreview
|
|t:|1597965333
|start
|switch|p1a: Gliscor|Gliscor, F|100/100
|switch|p2a: Weavile|Weavile, M|100/100
|-ability|p2a: Weavile|Pressure
|turn|1
|inactive|Battle timer is ON: inactive players will automatically lose when time's up. (requested by Rylora)
|
|t:|1597965345
|move|p1a: Gliscor|Protect|p1a: Gliscor
|-singleturn|p1a: Gliscor|Protect
|move|p2a: Weavile|Swords Dance|p2a: Weavile
|-boost|p2a: Weavile|atk|2
|
|-status|p1a: Gliscor|tox|[from] item: Toxic Orb
|upkeep
|turn|2
|
|t:|1597965352
|switch|p1a: Tyranitar|Tyranitar, F|100/100
|-weather|Sandstorm|[from] ability: Sand Stream|[of] p1a: Tyranitar
|move|p2a: Weavile|Ice Shard|p1a: Tyranitar
|-damage|p1a: Tyranitar|60/100
|-damage|p2a: Weavile|91/100|[from] item: Life Orb
|
|-weather|Sandstorm|[upkeep]
|-damage|p2a: Weavile|84/100|[from] Sandstorm
|upkeep
|turn|3
|
|t:|1597965362
|move|p2a: Weavile|Low Kick|p1a: Tyranitar
|-supereffective|p1a: Tyranitar
|-crit|p1a: Tyranitar
|-enditem|p1a: Tyranitar|Chople Berry|[eat]
|-enditem|p1a: Tyranitar|Chople Berry|[weaken]
|-damage|p1a: Tyranitar|0 fnt
|-damage|p2a: Weavile|75/100|[from] item: Life Orb
|faint|p1a: Tyranitar
|
|-weather|Sandstorm|[upkeep]
|-damage|p2a: Weavile|68/100|[from] Sandstorm
|upkeep
|
|t:|1597965365
|switch|p1a: Alakazam|Alakazam, M|100/100
|turn|4
|c|☆Rylora|no
|j| ImTryingMyBestOk?
|
|t:|1597965374
|move|p2a: Weavile|Night Slash|p1a: Alakazam
|-supereffective|p1a: Alakazam
|-enditem|p1a: Alakazam|Focus Sash
|-damage|p1a: Alakazam|1/100
|-damage|p2a: Weavile|59/100|[from] item: Life Orb
|move|p1a: Alakazam|Focus Blast|p2a: Weavile
|-supereffective|p2a: Weavile
|-crit|p2a: Weavile
|-damage|p2a: Weavile|0 fnt
|faint|p2a: Weavile
|
|-weather|Sandstorm|[upkeep]
|upkeep
|
|t:|1597965388
|switch|p2a: Chandelure|Chandelure, M|100/100
|turn|5
|
|t:|1597965395
|switch|p1a: Gliscor|Gliscor, F|100/100 tox
|move|p2a: Chandelure|Fire Blast|p1a: Gliscor
|-damage|p1a: Gliscor|39/100 tox
|
|-weather|Sandstorm|[upkeep]
|-damage|p2a: Chandelure|94/100|[from] Sandstorm
|-heal|p1a: Gliscor|51/100 tox|[from] ability: Poison Heal
|upkeep
|turn|6
|
|t:|1597965404
|move|p1a: Gliscor|Protect|p1a: Gliscor
|-singleturn|p1a: Gliscor|Protect
|move|p2a: Chandelure|Fire Blast|p1a: Gliscor
|-activate|p1a: Gliscor|move: Protect
|
|-weather|Sandstorm|[upkeep]
|-damage|p2a: Chandelure|88/100|[from] Sandstorm
|-heal|p1a: Gliscor|63/100 tox|[from] ability: Poison Heal
|upkeep
|turn|7
|
|t:|1597965412
|switch|p1a: Jellicent|Jellicent, F|100/100
|move|p2a: Chandelure|Fire Blast|p1a: Jellicent
|-resisted|p1a: Jellicent
|-damage|p1a: Jellicent|75/100
|
|-weather|Sandstorm|[upkeep]
|-damage|p2a: Chandelure|82/100|[from] Sandstorm
|-damage|p1a: Jellicent|68/100|[from] Sandstorm
|-heal|p1a: Jellicent|75/100|[from] item: Leftovers
|upkeep
|turn|8
|
|t:|1597965428
|switch|p2a: Celebi|Celebi|100/100
|move|p1a: Jellicent|Taunt|p2a: Celebi
|-start|p2a: Celebi|move: Taunt
|
|-weather|Sandstorm|[upkeep]
|-damage|p2a: Celebi|94/100|[from] Sandstorm
|-damage|p1a: Jellicent|68/100|[from] Sandstorm
|-heal|p2a: Celebi|100/100|[from] item: Leftovers
|-heal|p1a: Jellicent|75/100|[from] item: Leftovers
|upkeep
|turn|9
|
|t:|1597965441
|switch|p1a: Ferrothorn|Ferrothorn, M|100/100
|move|p2a: Celebi|Giga Drain|p1a: Ferrothorn
|-resisted|p1a: Ferrothorn
|-damage|p1a: Ferrothorn|95/100
|
|-weather|Sandstorm|[upkeep]
|-damage|p2a: Celebi|94/100|[from] Sandstorm
|-heal|p2a: Celebi|100/100|[from] item: Leftovers
|-heal|p1a: Ferrothorn|100/100|[from] item: Leftovers
|upkeep
|turn|10
|
|t:|1597965453
|switch|p2a: Chandelure|Chandelure, M|82/100
|move|p1a: Ferrothorn|Knock Off|p2a: Chandelure
|-supereffective|p2a: Chandelure
|-damage|p2a: Chandelure|68/100
|-enditem|p2a: Chandelure|Choice Scarf|[from] move: Knock Off|[of] p1a: Ferrothorn
|
|-weather|Sandstorm|[upkeep]
|-damage|p2a: Chandelure|62/100|[from] Sandstorm
|upkeep
|turn|11
|
|t:|1597965469
|switch|p1a: Gliscor|Gliscor, F|63/100 tox
|move|p2a: Chandelure|Fire Blast|p1a: Gliscor
|-damage|p1a: Gliscor|4/100 tox
|
|-weather|Sandstorm|[upkeep]
|-damage|p2a: Chandelure|56/100|[from] Sandstorm
|-heal|p1a: Gliscor|16/100 tox|[from] ability: Poison Heal
|upkeep
|turn|12
|
|t:|1597965480
|move|p1a: Gliscor|Protect|p1a: Gliscor
|-singleturn|p1a: Gliscor|Protect
|move|p2a: Chandelure|Shadow Ball|p1a: Gliscor
|-activate|p1a: Gliscor|move: Protect
|
|-weather|Sandstorm|[upkeep]
|-damage|p2a: Chandelure|50/100|[from] Sandstorm
|-heal|p1a: Gliscor|29/100 tox|[from] ability: Poison Heal
|upkeep
|turn|13
|
|t:|1597965490
|move|p1a: Gliscor|Protect|p1a: Gliscor
|-singleturn|p1a: Gliscor|Protect
|move|p2a: Chandelure|Fire Blast|p1a: Gliscor
|-activate|p1a: Gliscor|move: Protect
|
|-weather|Sandstorm|[upkeep]
|-damage|p2a: Chandelure|44/100|[from] Sandstorm
|-heal|p1a: Gliscor|41/100 tox|[from] ability: Poison Heal
|upkeep
|turn|14
|
|t:|1597965499
|move|p2a: Chandelure|Fire Blast|p1a: Gliscor
|-damage|p1a: Gliscor|0 fnt
|faint|p1a: Gliscor
|
|-weather|Sandstorm|[upkeep]
|-damage|p2a: Chandelure|38/100|[from] Sandstorm
|upkeep
|
|t:|1597965502
|switch|p1a: Alakazam|Alakazam, M|1/100
|turn|15
|
|t:|1597965524
|move|p1a: Alakazam|Psychic|p2a: Chandelure
|-damage|p2a: Chandelure|0 fnt
|faint|p2a: Chandelure
|
|-weather|Sandstorm|[upkeep]
|upkeep
|
|t:|1597965531
|switch|p2a: Celebi|Celebi|100/100
|turn|16
|
|t:|1597965540
|switch|p1a: Ferrothorn|Ferrothorn, M|100/100
|move|p2a: Celebi|Giga Drain|p1a: Ferrothorn
|-resisted|p1a: Ferrothorn
|-damage|p1a: Ferrothorn|95/100
|
|-weather|Sandstorm|[upkeep]
|-damage|p2a: Celebi|94/100|[from] Sandstorm
|-heal|p2a: Celebi|100/100|[from] item: Leftovers
|-heal|p1a: Ferrothorn|100/100|[from] item: Leftovers
|upkeep
|turn|17
|
|t:|1597965550
|move|p2a: Celebi|Nasty Plot|p2a: Celebi
|-boost|p2a: Celebi|spa|2
|move|p1a: Ferrothorn|Knock Off|p2a: Celebi
|-supereffective|p2a: Celebi
|-damage|p2a: Celebi|91/100
|-enditem|p2a: Celebi|Leftovers|[from] move: Knock Off|[of] p1a: Ferrothorn
|
|-weather|Sandstorm|[upkeep]
|-damage|p2a: Celebi|85/100|[from] Sandstorm
|upkeep
|turn|18
|c|☆Rylora|no
|
|t:|1597965564
|move|p2a: Celebi|Baton Pass|p2a: Celebi
|
|t:|1597965566
|switch|p2a: Keldeo|Keldeo|100/100|[from]move: Baton Pass
|move|p1a: Ferrothorn|Gyro Ball|p2a: Keldeo
|-resisted|p2a: Keldeo
|-damage|p2a: Keldeo|73/100
|
|-weather|Sandstorm|[upkeep]
|-damage|p2a: Keldeo|66/100|[from] Sandstorm
|upkeep
|turn|19
|c|☆Rylora|gp
|
|t:|1597965583
|switch|p1a: Jellicent|Jellicent, F|75/100
|move|p2a: Keldeo|Secret Sword|p1a: Jellicent
|-immune|p1a: Jellicent
|
|-weather|Sandstorm|[upkeep]
|-damage|p2a: Keldeo|60/100|[from] Sandstorm
|-damage|p1a: Jellicent|68/100|[from] Sandstorm
|-heal|p1a: Jellicent|75/100|[from] item: Leftovers
|upkeep
|turn|20
|
|t:|1597965594
|switch|p2a: Celebi|Celebi|85/100
|move|p1a: Jellicent|Taunt|p2a: Celebi
|-start|p2a: Celebi|move: Taunt
|
|-weather|Sandstorm|[upkeep]
|-damage|p2a: Celebi|79/100|[from] Sandstorm
|-damage|p1a: Jellicent|68/100|[from] Sandstorm
|-heal|p1a: Jellicent|75/100|[from] item: Leftovers
|upkeep
|turn|21
|
|t:|1597965604
|switch|p2a: Keldeo|Keldeo|60/100
|switch|p1a: Ferrothorn|Ferrothorn, M|100/100
|
|-weather|Sandstorm|[upkeep]
|-damage|p2a: Keldeo|54/100|[from] Sandstorm
|upkeep
|turn|22
|
|t:|1597965622
|switch|p2a: Celebi|Celebi|79/100
|switch|p1a: Jellicent|Jellicent, F|75/100
|
|-weather|Sandstorm|[upkeep]
|-damage|p2a: Celebi|73/100|[from] Sandstorm
|-damage|p1a: Jellicent|68/100|[from] Sandstorm
|-heal|p1a: Jellicent|75/100|[from] item: Leftovers
|upkeep
|turn|23
|c|☆Rylora|reset
|
|t:|1597965635
|switch|p1a: Ferrothorn|Ferrothorn, M|100/100
|move|p2a: Celebi|Nasty Plot|p2a: Celebi
|-boost|p2a: Celebi|spa|2
|
|-weather|Sandstorm|[upkeep]
|-damage|p2a: Celebi|67/100|[from] Sandstorm
|upkeep
|turn|24
|c|☆Rylora|eheh
|
|t:|1597965650
|move|p2a: Celebi|Psychic|p1a: Ferrothorn
|-resisted|p1a: Ferrothorn
|-damage|p1a: Ferrothorn|71/100
|move|p1a: Ferrothorn|Gyro Ball|p2a: Celebi
|-damage|p2a: Celebi|17/100
|
|-weather|Sandstorm|[upkeep]
|-damage|p2a: Celebi|11/100|[from] Sandstorm
|-heal|p1a: Ferrothorn|77/100|[from] item: Leftovers
|upkeep
|turn|25
|inactive|Rylora has 120 seconds left.
|
|t:|1597965675
|move|p2a: Celebi|Psychic|p1a: Ferrothorn
|-resisted|p1a: Ferrothorn
|-damage|p1a: Ferrothorn|50/100
|move|p1a: Ferrothorn|Gyro Ball|p2a: Celebi
|-damage|p2a: Celebi|0 fnt
|faint|p2a: Celebi
|
|-weather|Sandstorm|[upkeep]
|-heal|p1a: Ferrothorn|56/100|[from] item: Leftovers
|upkeep
|inactive|Rylora has 120 seconds left.
|
|t:|1597965683
|switch|p2a: Salamence|Salamence, F|100/100
|turn|26
|
|t:|1597965687
|move|p2a: Salamence|Dragon Dance|p2a: Salamence
|-boost|p2a: Salamence|atk|1
|-boost|p2a: Salamence|spe|1
|move|p1a: Ferrothorn|Gyro Ball|p2a: Salamence
|-damage|p2a: Salamence|43/100
|
|-weather|Sandstorm|[upkeep]
|-damage|p2a: Salamence|37/100|[from] Sandstorm
|-heal|p1a: Ferrothorn|62/100|[from] item: Leftovers
|upkeep
|turn|27
|j| IIIFlareIII
|
|t:|1597965697
|switch|p1a: Excadrill|Excadrill, F|100/100
|move|p2a: Salamence|Earthquake|p1a: Excadrill
|-supereffective|p1a: Excadrill
|-damage|p1a: Excadrill|0 fnt
|faint|p1a: Excadrill
|-ability|p2a: Salamence|Moxie|boost
|-boost|p2a: Salamence|atk|1
|
|-weather|Sandstorm|[upkeep]
|-damage|p2a: Salamence|31/100|[from] Sandstorm
|upkeep
|
|t:|1597965702
|switch|p1a: Jellicent|Jellicent, F|75/100
|turn|28
|c|☆Rylora|oofff
|
|t:|1597965713
|move|p2a: Salamence|Substitute|p2a: Salamence
|-start|p2a: Salamence|Substitute
|-damage|p2a: Salamence|6/100
|move|p1a: Jellicent|Night Shade|p2a: Salamence
|-end|p2a: Salamence|Substitute
|
|-weather|Sandstorm|[upkeep]
|-damage|p2a: Salamence|0 fnt|[from] Sandstorm
|-damage|p1a: Jellicent|68/100|[from] Sandstorm
|faint|p2a: Salamence
|-heal|p1a: Jellicent|75/100|[from] item: Leftovers
|upkeep
|c|☆Rylora|ooff
|c|☆Rylora|u win
|inactive|Rylora has 120 seconds left.
|c|☆Rylora|gg
|
|t:|1597965736
|switch|p2a: Landorus|Landorus-Therian, M|100/100
|-ability|p2a: Landorus|Intimidate|boost
|-unboost|p1a: Jellicent|atk|1
|turn|29
|
|t:|1597965748
|move|p2a: Landorus|U-turn|p1a: Jellicent
|-resisted|p1a: Jellicent
|-damage|p1a: Jellicent|57/100
|
|t:|1597965752
|switch|p2a: Keldeo|Keldeo|54/100|[from]move: U-turn
|move|p1a: Jellicent|Recover|p1a: Jellicent
|-heal|p1a: Jellicent|100/100
|
|-weather|Sandstorm|[upkeep]
|-damage|p2a: Keldeo|48/100|[from] Sandstorm
|-damage|p1a: Jellicent|94/100|[from] Sandstorm
|-heal|p1a: Jellicent|100/100|[from] item: Leftovers
|upkeep
|turn|30
|
|t:|1597965762
|move|p2a: Keldeo|Calm Mind|p2a: Keldeo
|-boost|p2a: Keldeo|spa|1
|-boost|p2a: Keldeo|spd|1
|move|p1a: Jellicent|Recover||[still]
|-fail|p1a: Jellicent|heal
|
|-weather|Sandstorm|[upkeep]
|-damage|p2a: Keldeo|42/100|[from] Sandstorm
|-damage|p1a: Jellicent|94/100|[from] Sandstorm
|-heal|p1a: Jellicent|100/100|[from] item: Leftovers
|upkeep
|turn|31
|
|t:|1597965771
|switch|p1a: Ferrothorn|Ferrothorn, M|62/100
|move|p2a: Keldeo|Calm Mind|p2a: Keldeo
|-boost|p2a: Keldeo|spa|1
|-boost|p2a: Keldeo|spd|1
|
|-weather|Sandstorm|[upkeep]
|-damage|p2a: Keldeo|35/100|[from] Sandstorm
|-heal|p1a: Ferrothorn|68/100|[from] item: Leftovers
|upkeep
|turn|32
|
|t:|1597965782
|switch|p1a: Jellicent|Jellicent, F|100/100
|move|p2a: Keldeo|Secret Sword|p1a: Jellicent
|-immune|p1a: Jellicent
|
|-weather|Sandstorm|[upkeep]
|-damage|p2a: Keldeo|29/100|[from] Sandstorm
|-damage|p1a: Jellicent|94/100|[from] Sandstorm
|-heal|p1a: Jellicent|100/100|[from] item: Leftovers
|upkeep
|turn|33
|
|t:|1597965792
|move|p2a: Keldeo|Icy Wind|p1a: Jellicent
|-resisted|p1a: Jellicent
|-crit|p1a: Jellicent
|-damage|p1a: Jellicent|58/100
|-unboost|p1a: Jellicent|spe|1
|-damage|p2a: Keldeo|19/100|[from] item: Life Orb
|move|p1a: Jellicent|Night Shade|p2a: Keldeo
|-damage|p2a: Keldeo|0 fnt
|faint|p2a: Keldeo
|
|-weather|Sandstorm|[upkeep]
|-damage|p1a: Jellicent|51/100|[from] Sandstorm
|-heal|p1a: Jellicent|58/100|[from] item: Leftovers
|upkeep
|c|☆Rylora|ehehehehheehehehe
|
|t:|1597965809
|switch|p2a: Landorus|Landorus-Therian, M|100/100
|-ability|p2a: Landorus|Intimidate|boost
|-unboost|p1a: Jellicent|atk|1
|turn|34
|
|t:|1597965816
|move|p2a: Landorus|Earthquake|p1a: Jellicent
|-crit|p1a: Jellicent
|-damage|p1a: Jellicent|0 fnt
|faint|p1a: Jellicent
|
|-weather|Sandstorm|[upkeep]
|upkeep
|
|t:|1597965820
|switch|p1a: Ferrothorn|Ferrothorn, M|68/100
|turn|35
|
|t:|1597965823
|move|p2a: Landorus|Earthquake|p1a: Ferrothorn
|-damage|p1a: Ferrothorn|9/100
|move|p1a: Ferrothorn|Knock Off|p2a: Landorus
|-damage|p2a: Landorus|95/100
|-enditem|p2a: Landorus|Choice Band|[from] move: Knock Off|[of] p1a: Ferrothorn
|
|-weather|Sandstorm|[upkeep]
|-heal|p1a: Ferrothorn|16/100|[from] item: Leftovers
|upkeep
|turn|36
|
|t:|1597965834
|move|p2a: Landorus|Earthquake|p1a: Ferrothorn
|-damage|p1a: Ferrothorn|0 fnt
|faint|p1a: Ferrothorn
|
|-weather|Sandstorm|[upkeep]
|upkeep
|
|t:|1597965838
|switch|p1a: Alakazam|Alakazam, M|1/100
|turn|37
|
|t:|1597965841
|move|p1a: Alakazam|Hidden Power|p2a: Landorus
|-supereffective|p2a: Landorus
|-damage|p2a: Landorus|0 fnt
|faint|p2a: Landorus
|
|win|Nalorium
|c|☆Rylora|gg
|l|☆Rylora
|l| ImTryingMyBestOk?
|raw|Nalorium's rating: 1641 &rarr; <strong>1647</strong><br />(+6 for winning)
|raw|Rylora's rating: 1336 &rarr; <strong>1330</strong><br />(-6 for losing)
