|j|☆Esurient
|j|☆yoloboy9000
|player|p1|Esurient|80|1315
|player|p2|yoloboy9000|1|1332
|teamsize|p1|6
|teamsize|p2|6
|gametype|singles
|gen|5
|tier|[Gen 5] OU
|rated|
|rule|Sleep Clause Mod: Limit one foe put to sleep
|rule|Species Clause: Limit one of each Pokémon
|rule|OHKO Clause: OHKO moves are banned
|rule|Moody Clause: Moody is banned
|rule|Evasion Moves Clause: Evasion moves are banned
|rule|Endless Battle Clause: Forcing endless battles is banned
|rule|HP Percentage Mod: HP is shown in percentages
|rule|Evasion Abilities Clause: Evasion abilities are banned
|rule|Baton Pass Clause: Limit one Baton Passer, can't pass Spe and other stats simultaneously
|rule|Swagger Clause: Swagger is banned
|clearpoke
|poke|p1|Magnezone|item
|poke|p1|Tyranitar, F|item
|poke|p1|Ferrothorn, F|item
|poke|p1|Alakazam, M|item
|poke|p1|Landorus-Therian, M|item
|poke|p1|Keldeo-Resolute|item
|poke|p2|Tyranitar, M|item
|poke|p2|Magnezone|item
|poke|p2|Terrakion|item
|poke|p2|Latios, M|item
|poke|p2|Scizor, F|item
|poke|p2|Landorus-Therian, M|item
|teampreview
|
|start
|switch|p1a: Landorus|Landorus-Therian, M, shiny|100/100
|switch|p2a: Bron Bron|Landorus-Therian, M|100/100
|-ability|p1a: Landorus|Intimidate|boost
|-unboost|p2a: Bron Bron|atk|1
|-ability|p2a: Bron Bron|Intimidate|boost
|-unboost|p1a: Landorus|atk|1
|turn|1
|
|move|p1a: Landorus|Hidden Power|p2a: Bron Bron
|-supereffective|p2a: Bron Bron
|-damage|p2a: Bron Bron|10/100
|move|p2a: Bron Bron|Hidden Power|p1a: Landorus
|-supereffective|p1a: Landorus
|-damage|p1a: Landorus|0 fnt
|faint|p1a: Landorus
|
|upkeep
|
|switch|p1a: Tyranitar|Tyranitar, F|100/100
|-weather|Sandstorm|[from] ability: Sand Stream|[of] p1a: Tyranitar
|turn|2
|
|move|p1a: Tyranitar|Pursuit|p2a: Bron Bron
|-damage|p2a: Bron Bron|0 fnt
|faint|p2a: Bron Bron
|
|-weather|Sandstorm|[upkeep]
|upkeep
|
|switch|p2a: Miller|Scizor, F, shiny|100/100
|turn|3
|
|switch|p1a: Magnezone|Magnezone, shiny|100/100
|move|p2a: Miller|U-turn|p1a: Magnezone
|-resisted|p1a: Magnezone
|-damage|p1a: Magnezone|68/100
|
|switch|p2a: D.Wade|Terrakion|100/100|[from]move: U-turn
|
|-weather|Sandstorm|[upkeep]
|upkeep
|turn|4
|
|switch|p1a: Ferrothorn|Ferrothorn, F|100/100
|move|p2a: D.Wade|Close Combat|p1a: Ferrothorn
|-supereffective|p1a: Ferrothorn
|-enditem|p1a: Ferrothorn|Chople Berry|[eat]
|-enditem|p1a: Ferrothorn|Chople Berry|[weaken]
|-damage|p1a: Ferrothorn|57/100
|-damage|p2a: D.Wade|88/100|[from] ability: Iron Barbs|[of] p1a: Ferrothorn
|-unboost|p2a: D.Wade|def|1
|-unboost|p2a: D.Wade|spd|1
|
|-weather|Sandstorm|[upkeep]
|upkeep
|turn|5
|
|switch|p2a: Miller|Scizor, F, shiny|100/100
|move|p1a: Ferrothorn|Gyro Ball|p2a: Miller
|-resisted|p2a: Miller
|-damage|p2a: Miller|79/100
|
|-weather|Sandstorm|[upkeep]
|upkeep
|turn|6
|
|move|p2a: Miller|U-turn|p1a: Ferrothorn
|-damage|p1a: Ferrothorn|16/100
|-damage|p2a: Miller|66/100|[from] ability: Iron Barbs|[of] p1a: Ferrothorn
|
|switch|p2a: Ray Allen|Magnezone|100/100|[from]move: U-turn
|move|p1a: Ferrothorn|Explosion|p2a: Ray Allen
|-resisted|p2a: Ray Allen
|-damage|p2a: Ray Allen|68/100
|faint|p1a: Ferrothorn
|
|-weather|Sandstorm|[upkeep]
|-heal|p2a: Ray Allen|74/100|[from] item: Leftovers
|upkeep
|
|switch|p1a: Keldeo|Keldeo-Resolute|100/100
|turn|7
|
|move|p1a: Keldeo|Secret Sword|p2a: Ray Allen
|-supereffective|p2a: Ray Allen
|-damage|p2a: Ray Allen|0 fnt
|faint|p2a: Ray Allen
|
|-weather|Sandstorm|[upkeep]
|-damage|p1a: Keldeo|94/100|[from] Sandstorm
|upkeep
|
|switch|p2a: Bosh|Latios, M, shiny|100/100
|turn|8
|
|switch|p2a: D.Wade|Terrakion|88/100
|switch|p1a: Magnezone|Magnezone, shiny|68/100
|
|-weather|Sandstorm|[upkeep]
|upkeep
|turn|9
|
|move|p2a: D.Wade|Close Combat|p1a: Magnezone
|-supereffective|p1a: Magnezone
|-damage|p1a: Magnezone|0 fnt
|-unboost|p2a: D.Wade|def|1
|-unboost|p2a: D.Wade|spd|1
|faint|p1a: Magnezone
|
|-weather|Sandstorm|[upkeep]
|upkeep
|
|switch|p1a: Alakazam|Alakazam, M|100/100
|turn|10
|
|switch|p2a: Pat Riely|Tyranitar, M|100/100
|move|p1a: Alakazam|Focus Blast|p2a: Pat Riely
|-supereffective|p2a: Pat Riely
|-damage|p2a: Pat Riely|23/100
|
|-weather|Sandstorm|[upkeep]
|-heal|p2a: Pat Riely|29/100|[from] item: Leftovers
|upkeep
|turn|11
|
|move|p1a: Alakazam|Energy Ball|p2a: Pat Riely
|-supereffective|p2a: Pat Riely
|-damage|p2a: Pat Riely|6/100
|move|p2a: Pat Riely|Pursuit|p1a: Alakazam
|-supereffective|p1a: Alakazam
|-crit|p1a: Alakazam
|-enditem|p1a: Alakazam|Focus Sash
|-damage|p1a: Alakazam|1/100
|
|-weather|Sandstorm|[upkeep]
|-heal|p2a: Pat Riely|12/100|[from] item: Leftovers
|upkeep
|turn|12
|
|move|p1a: Alakazam|Energy Ball|p2a: Pat Riely
|-supereffective|p2a: Pat Riely
|-damage|p2a: Pat Riely|0 fnt
|faint|p2a: Pat Riely
|
|-weather|Sandstorm|[upkeep]
|upkeep
|
|switch|p2a: Miller|Scizor, F, shiny|66/100
|turn|13
|
|move|p2a: Miller|Bullet Punch|p1a: Alakazam
|-damage|p1a: Alakazam|0 fnt
|faint|p1a: Alakazam
|
|-weather|Sandstorm|[upkeep]
|upkeep
|
|switch|p1a: Keldeo|Keldeo-Resolute|94/100
|turn|14
|
|move|p2a: Miller|Bullet Punch|p1a: Keldeo
|-resisted|p1a: Keldeo
|-damage|p1a: Keldeo|64/100
|move|p1a: Keldeo|Secret Sword|p2a: Miller
|-damage|p2a: Miller|1/100
|
|-weather|Sandstorm|[upkeep]
|-damage|p1a: Keldeo|58/100|[from] Sandstorm
|upkeep
|turn|15
|
|switch|p2a: Bosh|Latios, M, shiny|100/100
|move|p1a: Keldeo|Secret Sword|p2a: Bosh
|-resisted|p2a: Bosh
|-damage|p2a: Bosh|53/100
|
|-weather|Sandstorm|[upkeep]
|-damage|p2a: Bosh|47/100|[from] Sandstorm
|-damage|p1a: Keldeo|52/100|[from] Sandstorm
|upkeep
|turn|16
|
|move|p2a: Bosh|Energy Ball|p1a: Keldeo
|-supereffective|p1a: Keldeo
|-damage|p1a: Keldeo|0 fnt
|faint|p1a: Keldeo
|
|-weather|Sandstorm|[upkeep]
|-damage|p2a: Bosh|41/100|[from] Sandstorm
|upkeep
|
|switch|p1a: Tyranitar|Tyranitar, F|100/100
|turn|17
|-message|Esurient forfeited.
|
|win|yoloboy9000
|l|☆Esurient
|raw|Esurient's rating: 1315 &rarr; <strong>1296</strong><br />(-19 for losing)
|raw|yoloboy9000's rating: 1333 &rarr; <strong>1352</strong><br />(+19 for winning)
