|j|☆repinho2711
|j|☆el janitor
|t:|1728577127
|gametype|singles
|player|p1|repinho2711|ethan|1450
|player|p2|el janitor|101|1399
|teamsize|p1|6
|teamsize|p2|6
|gen|5
|tier|[Gen 5] OU
|rated|
|rule|Species Clause: Limit one of each Pokémon
|rule|OHKO Clause: OHKO moves are banned
|rule|Moody Clause: Moody is banned
|rule|Evasion Items Clause: Evasion items are banned
|rule|Evasion Moves Clause: Evasion moves are banned
|rule|Endless Battle Clause: Forcing endless battles is banned
|rule|HP Percentage Mod: HP is shown in percentages
|rule|Evasion Abilities Clause: Evasion abilities are banned
|rule|Sleep Moves Clause: Sleep-inducing moves are banned
|rule|Swagger Clause: Swagger is banned
|rule|Baton Pass Stat Clause: No Baton Passer may have a way to boost its stats
|clearpoke
|poke|p1|Scizor, M|item
|poke|p1|Donphan, M|item
|poke|p1|Virizion|item
|poke|p1|Milotic, M|item
|poke|p1|Dragonite, M|item
|poke|p1|Espeon, M|item
|poke|p2|Politoed, M|item
|poke|p2|Landorus-Therian, M|item
|poke|p2|Tentacruel, M|item
|poke|p2|Toxicroak, M|item
|poke|p2|Tornadus, M|item
|poke|p2|Ferrothorn, F|item
|teampreview
|inactive|Battle timer is ON: inactive players will automatically lose when time's up. (requested by repinho2711)
|
|t:|1728577140
|start
|switch|p1a: Virizion|Virizion|100/100
|switch|p2a: Politoed|Politoed, M|100/100
|-weather|RainDance|[from] ability: Drizzle|[of] p2a: Politoed
|turn|1
|
|t:|1728577144
|move|p1a: Virizion|Leaf Blade|p2a: Politoed
|-supereffective|p2a: Politoed
|-damage|p2a: Politoed|42/100
|move|p2a: Politoed|Encore|p1a: Virizion
|-start|p1a: Virizion|Encore
|
|-weather|RainDance|[upkeep]
|-heal|p2a: Politoed|48/100|[from] item: Leftovers
|upkeep
|turn|2
|
|t:|1728577158
|switch|p1a: Milotic|Milotic, M|100/100
|switch|p2a: Tornadus|Tornadus, M|100/100
|
|-weather|RainDance|[upkeep]
|upkeep
|turn|3
|
|t:|1728577161
|move|p2a: Tornadus|Hurricane|p1a: Milotic
|-damage|p1a: Milotic|41/100
|-start|p1a: Milotic|confusion
|-activate|p1a: Milotic|confusion
|-damage|p1a: Milotic|34/100|[from] confusion
|
|-weather|RainDance|[upkeep]
|-heal|p1a: Milotic|40/100|[from] item: Leftovers
|upkeep
|turn|4
|
|t:|1728577166
|move|p2a: Tornadus|Hurricane|p1a: Milotic
|-damage|p1a: Milotic|0 fnt
|faint|p1a: Milotic
|
|-weather|RainDance|[upkeep]
|upkeep
|
|t:|1728577169
|switch|p1a: Dragonite|Dragonite, M|100/100
|turn|5
|
|t:|1728577172
|switch|p2a: Landorus|Landorus-Therian, M|100/100
|-ability|p2a: Landorus|Intimidate|boost
|-unboost|p1a: Dragonite|atk|1
|move|p1a: Dragonite|Dragon Dance|p1a: Dragonite
|-boost|p1a: Dragonite|atk|1
|-boost|p1a: Dragonite|spe|1
|
|-weather|RainDance|[upkeep]
|upkeep
|turn|6
|
|t:|1728577175
|move|p2a: Landorus|Hidden Power|p1a: Dragonite
|-supereffective|p1a: Dragonite
|-damage|p1a: Dragonite|65/100
|move|p1a: Dragonite|Dragon Dance|p1a: Dragonite
|-boost|p1a: Dragonite|atk|1
|-boost|p1a: Dragonite|spe|1
|
|-weather|RainDance|[upkeep]
|upkeep
|turn|7
|
|t:|1728577177
|move|p1a: Dragonite|Outrage|p2a: Landorus
|-damage|p2a: Landorus|0 fnt
|faint|p2a: Landorus
|
|-weather|RainDance|[upkeep]
|upkeep
|
|t:|1728577181
|switch|p2a: Ferrothorn|Ferrothorn, F|100/100
|turn|8
|
|t:|1728577183
|move|p1a: Dragonite|Outrage|p2a: Ferrothorn|[from]lockedmove
|-resisted|p2a: Ferrothorn
|-damage|p2a: Ferrothorn|60/100
|-damage|p1a: Dragonite|52/100|[from] ability: Iron Barbs|[of] p2a: Ferrothorn
|-start|p1a: Dragonite|confusion|[fatigue]
|-enditem|p1a: Dragonite|Lum Berry|[eat]
|-end|p1a: Dragonite|confusion
|move|p2a: Ferrothorn|Gyro Ball|p1a: Dragonite
|-damage|p1a: Dragonite|2/100
|
|-weather|RainDance|[upkeep]
|-heal|p2a: Ferrothorn|67/100|[from] item: Leftovers
|upkeep
|turn|9
|
|t:|1728577194
|move|p1a: Dragonite|Fire Punch|p2a: Ferrothorn
|-supereffective|p2a: Ferrothorn
|-damage|p2a: Ferrothorn|6/100
|-damage|p1a: Dragonite|0 fnt|[from] ability: Iron Barbs|[of] p2a: Ferrothorn
|faint|p1a: Dragonite
|move|p2a: Ferrothorn|Spikes|p1: Dragonite
|-sidestart|p1: repinho2711|Spikes
|
|-weather|RainDance|[upkeep]
|-heal|p2a: Ferrothorn|13/100|[from] item: Leftovers
|upkeep
|
|t:|1728577198
|switch|p1a: Donphan|Donphan, M|100/100
|-damage|p1a: Donphan|88/100|[from] Spikes
|turn|10
|
|t:|1728577209
|move|p1a: Donphan|Stealth Rock|p2a: Ferrothorn
|-sidestart|p2: el janitor|move: Stealth Rock
|move|p2a: Ferrothorn|Leech Seed|p1a: Donphan|[miss]
|-miss|p2a: Ferrothorn|p1a: Donphan
|
|-weather|RainDance|[upkeep]
|-heal|p1a: Donphan|94/100|[from] item: Leftovers
|-heal|p2a: Ferrothorn|19/100|[from] item: Leftovers
|upkeep
|turn|11
|
|t:|1728577214
|move|p1a: Donphan|Earthquake|p2a: Ferrothorn
|-damage|p2a: Ferrothorn|0 fnt
|faint|p2a: Ferrothorn
|
|-weather|RainDance|[upkeep]
|-heal|p1a: Donphan|100/100|[from] item: Leftovers
|upkeep
|
|t:|1728577220
|switch|p2a: Politoed|Politoed, M|48/100
|-damage|p2a: Politoed|36/100|[from] Stealth Rock
|turn|12
|
|t:|1728577223
|switch|p1a: Virizion|Virizion|100/100
|-damage|p1a: Virizion|88/100|[from] Spikes
|move|p2a: Politoed|Scald|p1a: Virizion
|-resisted|p1a: Virizion
|-damage|p1a: Virizion|72/100
|
|-weather|RainDance|[upkeep]
|-heal|p2a: Politoed|42/100|[from] item: Leftovers
|upkeep
|turn|13
|
|t:|1728577230
|switch|p2a: Tentacruel|Tentacruel, M|100/100
|-damage|p2a: Tentacruel|88/100|[from] Stealth Rock
|move|p1a: Virizion|Leaf Blade|p2a: Tentacruel
|-damage|p2a: Tentacruel|43/100
|
|-weather|RainDance|[upkeep]
|-heal|p2a: Tentacruel|49/100|[from] ability: Rain Dish
|-heal|p2a: Tentacruel|55/100|[from] item: Black Sludge
|upkeep
|turn|14
|
|t:|1728577234
|move|p1a: Virizion|Swords Dance|p1a: Virizion
|-boost|p1a: Virizion|atk|2
|move|p2a: Tentacruel|Rapid Spin|p1a: Virizion
|-damage|p1a: Virizion|68/100
|-sideend|p2: el janitor|Stealth Rock|[from] move: Rapid Spin|[of] p2a: Tentacruel
|
|-weather|RainDance|[upkeep]
|-heal|p2a: Tentacruel|61/100|[from] ability: Rain Dish
|-heal|p2a: Tentacruel|67/100|[from] item: Black Sludge
|upkeep
|turn|15
|
|t:|1728577244
|move|p1a: Virizion|Swords Dance|p1a: Virizion
|-boost|p1a: Virizion|atk|2
|move|p2a: Tentacruel|Toxic Spikes|p1a: Virizion
|-sidestart|p1: repinho2711|move: Toxic Spikes
|
|-weather|RainDance|[upkeep]
|-heal|p2a: Tentacruel|73/100|[from] ability: Rain Dish
|-heal|p2a: Tentacruel|79/100|[from] item: Black Sludge
|upkeep
|turn|16
|
|t:|1728577247
|move|p1a: Virizion|Leaf Blade|p2a: Tentacruel
|-damage|p2a: Tentacruel|0 fnt
|faint|p2a: Tentacruel
|
|-weather|RainDance|[upkeep]
|upkeep
|
|t:|1728577249
|switch|p2a: Tornadus|Tornadus, M|100/100
|turn|17
|
|t:|1728577251
|move|p2a: Tornadus|Hurricane|p1a: Virizion
|-supereffective|p1a: Virizion
|-damage|p1a: Virizion|0 fnt
|faint|p1a: Virizion
|
|-weather|RainDance|[upkeep]
|upkeep
|
|t:|1728577253
|switch|p1a: Scizor|Scizor, M|100/100
|-damage|p1a: Scizor|88/100|[from] Spikes
|turn|18
|
|t:|1728577257
|move|p1a: Scizor|Bullet Punch|p2a: Tornadus
|-damage|p2a: Tornadus|16/100
|move|p2a: Tornadus|Hurricane|p1a: Scizor
|-damage|p1a: Scizor|0 fnt
|faint|p1a: Scizor
|
|-weather|RainDance|[upkeep]
|upkeep
|
|t:|1728577260
|switch|p1a: Donphan|Donphan, M|100/100
|-damage|p1a: Donphan|88/100|[from] Spikes
|-status|p1a: Donphan|psn
|turn|19
|
|t:|1728577269
|switch|p2a: Toxicroak|Toxicroak, M|100/100
|move|p1a: Donphan|Earthquake|p2a: Toxicroak
|-supereffective|p2a: Toxicroak
|-damage|p2a: Toxicroak|0 fnt
|faint|p2a: Toxicroak
|
|-weather|RainDance|[upkeep]
|-heal|p1a: Donphan|94/100 psn|[from] item: Leftovers
|-damage|p1a: Donphan|82/100 psn|[from] psn
|upkeep
|
|t:|1728577272
|switch|p2a: Politoed|Politoed, M|42/100
|turn|20
|
|t:|1728577274
|switch|p1a: Espeon|Espeon, M|100/100
|-damage|p1a: Espeon|88/100|[from] Spikes
|-status|p1a: Espeon|psn
|move|p2a: Politoed|Scald|p1a: Espeon
|-damage|p1a: Espeon|35/100 psn
|
|-weather|RainDance|[upkeep]
|-heal|p1a: Espeon|41/100 psn|[from] item: Leftovers
|-heal|p2a: Politoed|48/100|[from] item: Leftovers
|-damage|p1a: Espeon|29/100 psn|[from] psn
|upkeep
|turn|21
|
|t:|1728577278
|move|p2a: Politoed|Protect|p2a: Politoed
|-singleturn|p2a: Politoed|Protect
|move|p1a: Espeon|Psychic|p2a: Politoed
|-activate|p2a: Politoed|move: Protect
|
|-weather|RainDance|[upkeep]
|-heal|p1a: Espeon|34/100 psn|[from] item: Leftovers
|-heal|p2a: Politoed|55/100|[from] item: Leftovers
|-damage|p1a: Espeon|22/100 psn|[from] psn
|upkeep
|turn|22
|
|t:|1728577288
|switch|p2a: Tornadus|Tornadus, M|16/100
|move|p1a: Espeon|Grass Knot|p2a: Tornadus
|-resisted|p2a: Tornadus
|-damage|p2a: Tornadus|0 fnt
|faint|p2a: Tornadus
|
|-weather|RainDance|[upkeep]
|-heal|p1a: Espeon|28/100 psn|[from] item: Leftovers
|-damage|p1a: Espeon|16/100 psn|[from] psn
|upkeep
|
|t:|1728577290
|switch|p2a: Politoed|Politoed, M|55/100
|turn|23
|
|t:|1728577295
|move|p2a: Politoed|Protect|p2a: Politoed
|-singleturn|p2a: Politoed|Protect
|move|p1a: Espeon|Grass Knot|p2a: Politoed
|-activate|p2a: Politoed|move: Protect
|
|-weather|RainDance|[upkeep]
|-heal|p1a: Espeon|22/100 psn|[from] item: Leftovers
|-heal|p2a: Politoed|61/100|[from] item: Leftovers
|-damage|p1a: Espeon|10/100 psn|[from] psn
|upkeep
|turn|24
|
|t:|1728577306
|move|p2a: Politoed|Protect||[still]
|-fail|p2a: Politoed
|move|p1a: Espeon|Grass Knot|p2a: Politoed
|-supereffective|p2a: Politoed
|-damage|p2a: Politoed|22/100
|
|-weather|RainDance|[upkeep]
|-heal|p1a: Espeon|16/100 psn|[from] item: Leftovers
|-heal|p2a: Politoed|29/100|[from] item: Leftovers
|-damage|p1a: Espeon|3/100 psn|[from] psn
|upkeep
|turn|25
|
|t:|1728577310
|move|p2a: Politoed|Protect|p2a: Politoed
|-singleturn|p2a: Politoed|Protect
|move|p1a: Espeon|Psychic|p2a: Politoed
|-activate|p2a: Politoed|move: Protect
|
|-weather|RainDance|[upkeep]
|-heal|p1a: Espeon|9/100 psn|[from] item: Leftovers
|-heal|p2a: Politoed|35/100|[from] item: Leftovers
|-damage|p1a: Espeon|0 fnt|[from] psn
|faint|p1a: Espeon
|upkeep
|
|t:|1728577311
|switch|p1a: Donphan|Donphan, M|82/100 psn
|-damage|p1a: Donphan|69/100 psn|[from] Spikes
|turn|26
|
|t:|1728577314
|move|p2a: Politoed|Scald|p1a: Donphan
|-supereffective|p1a: Donphan
|-damage|p1a: Donphan|0 fnt
|faint|p1a: Donphan
|
|win|el janitor
|raw|repinho2711's rating: 1450 &rarr; <strong>1427</strong><br />(-23 for losing)
|raw|el janitor's rating: 1399 &rarr; <strong>1422</strong><br />(+23 for winning)
|l|☆repinho2711
|player|p1|
|c|☆el janitor|gg
