|j|☆hgfjhds
|j|☆infiniteline
|player|p1|hgfjhds|170|1668
|player|p2|infiniteline|170|1447
|teamsize|p1|6
|teamsize|p2|6
|gametype|singles
|gen|5
|tier|[Gen 5] OU
|rated|
|clearpoke
|poke|p1|Skarmory, M|item
|poke|p1|Gengar, M|item
|poke|p1|Garchomp, M|item
|poke|p1|Keldeo-Resolute|item
|poke|p1|Scizor, M|item
|poke|p1|Dragonite, M|item
|poke|p2|Politoed, F|item
|poke|p2|Keldeo|item
|poke|p2|Kyurem|item
|poke|p2|Scizor, M|item
|poke|p2|Tentacruel, M|item
|poke|p2|Landorus-Therian, M|item
|rule|Species Clause: Limit one of each Pokémon
|rule|OHKO Clause: OHKO moves are banned
|rule|Moody Clause: Moody is banned
|rule|Evasion Moves Clause: Evasion moves are banned
|rule|Endless Battle Clause: Forcing endless battles is banned
|rule|HP Percentage Mod: HP is shown in percentages
|rule|Evasion Abilities Clause: Evasion abilities are banned
|rule|Baton Pass Clause: Limit one Baton Passer, can't pass Spe and other stats simultaneously
|rule|Sleep Clause: Sleep-inducing moves are banned
|rule|Swagger Clause: Swagger is banned
|teampreview
|c|☆infiniteline|hf
|c|☆hgfjhds|u2
|inactive|Battle timer is ON: inactive players will automatically lose when time's up. (requested by hgfjhds)
|
|start
|switch|p1a: Skarmory|Skarmory, M|100/100
|switch|p2a: night tempo|Kyurem|100/100
|-ability|p2a: night tempo|Pressure
|turn|1
|
|move|p2a: night tempo|Ice Beam|p1a: Skarmory
|-damage|p1a: Skarmory|8/100
|move|p1a: Skarmory|Stealth Rock|p2a: night tempo
|-sidestart|p2: infiniteline|move: Stealth Rock
|
|upkeep
|turn|2
|inactive|infiniteline has 120 seconds left.
|-enditem|p1a: Skarmory|Custap Berry|[eat]
|-activate|p1a: Skarmory|item: Custap Berry|[consumed]
|
|move|p1a: Skarmory|Spikes|p2a: night tempo
|-sidestart|p2: infiniteline|Spikes
|move|p2a: night tempo|Ice Beam|p1a: Skarmory
|-damage|p1a: Skarmory|0 fnt
|faint|p1a: Skarmory
|
|upkeep
|
|switch|p1a: Keldeo|Keldeo-Resolute|100/100
|turn|3
|inactive|infiniteline has 120 seconds left.
|
|move|p1a: Keldeo|Calm Mind|p1a: Keldeo
|-boost|p1a: Keldeo|spa|1
|-boost|p1a: Keldeo|spd|1
|move|p2a: night tempo|Ice Beam|p1a: Keldeo
|-resisted|p1a: Keldeo
|-damage|p1a: Keldeo|72/100
|-status|p1a: Keldeo|frz
|
|upkeep
|turn|4
|
|cant|p1a: Keldeo|frz
|move|p2a: night tempo|Ice Beam|p1a: Keldeo
|-resisted|p1a: Keldeo
|-crit|p1a: Keldeo
|-damage|p1a: Keldeo|0 fnt
|faint|p1a: Keldeo
|
|upkeep
|
|switch|p1a: Scizor|Scizor, M|100/100
|turn|5
|
|switch|p2a: vantage|Landorus-Therian, M|100/100
|-damage|p2a: vantage|88/100|[from] Stealth Rock
|-ability|p2a: vantage|Intimidate|boost
|-unboost|p1a: Scizor|atk|1
|move|p1a: Scizor|U-turn|p2a: vantage
|-resisted|p2a: vantage
|-damage|p2a: vantage|73/100
|
|switch|p1a: Gengar|Gengar, M|100/100|[from]move: U-turn
|
|-heal|p2a: vantage|79/100|[from] item: Leftovers
|upkeep
|turn|6
|
|switch|p2a: crazy for you|Politoed, F|100/100
|-damage|p2a: crazy for you|88/100|[from] Spikes
|-damage|p2a: crazy for you|76/100|[from] Stealth Rock
|-weather|RainDance|[from] ability: Drizzle|[of] p2a: crazy for you
|move|p1a: Gengar|Will-O-Wisp|p2a: crazy for you|[miss]
|-miss|p1a: Gengar|p2a: crazy for you
|
|-weather|RainDance|[upkeep]
|-heal|p2a: crazy for you|82/100|[from] item: Leftovers
|upkeep
|turn|7
|
|move|p1a: Gengar|Substitute|p1a: Gengar
|-start|p1a: Gengar|Substitute
|-damage|p1a: Gengar|76/100
|move|p2a: crazy for you|Scald|p1a: Gengar
|-end|p1a: Gengar|Substitute
|
|-weather|RainDance|[upkeep]
|-heal|p1a: Gengar|82/100|[from] item: Black Sludge
|-heal|p2a: crazy for you|88/100|[from] item: Leftovers
|upkeep
|turn|8
|j| AmaiHakai
|
|switch|p1a: Dragonite|Dragonite, M|100/100
|move|p2a: crazy for you|Scald|p1a: Dragonite
|-resisted|p1a: Dragonite
|-damage|p1a: Dragonite|91/100
|-status|p1a: Dragonite|brn
|-enditem|p1a: Dragonite|Lum Berry|[eat]
|-curestatus|p1a: Dragonite|brn|[msg]
|
|-weather|RainDance|[upkeep]
|-heal|p2a: crazy for you|94/100|[from] item: Leftovers
|upkeep
|turn|9
|
|move|p1a: Dragonite|Dragon Dance|p1a: Dragonite
|-boost|p1a: Dragonite|atk|1
|-boost|p1a: Dragonite|spe|1
|move|p2a: crazy for you|Encore|p1a: Dragonite
|-start|p1a: Dragonite|Encore
|
|-weather|RainDance|[upkeep]
|-heal|p2a: crazy for you|99/100|[from] item: Leftovers
|upkeep
|turn|10
|
|switch|p1a: Scizor|Scizor, M|100/100
|switch|p2a: night tempo|Kyurem|100/100
|-damage|p2a: night tempo|75/100|[from] Stealth Rock
|-damage|p2a: night tempo|63/100|[from] Spikes
|-ability|p2a: night tempo|Pressure
|
|-weather|RainDance|[upkeep]
|upkeep
|turn|11
|
|move|p2a: night tempo|Ice Beam|p1a: Scizor
|-resisted|p1a: Scizor
|-damage|p1a: Scizor|67/100
|move|p1a: Scizor|U-turn|p2a: night tempo
|-damage|p2a: night tempo|4/100
|
|switch|p1a: Garchomp|Garchomp, M|100/100|[from]move: U-turn
|
|-weather|RainDance|[upkeep]
|upkeep
|turn|12
|
|move|p1a: Garchomp|Earthquake|p2a: night tempo
|-damage|p2a: night tempo|0 fnt
|faint|p2a: night tempo
|
|-weather|RainDance|[upkeep]
|upkeep
|
|switch|p2a: vantage|Landorus-Therian, M|79/100
|-damage|p2a: vantage|66/100|[from] Stealth Rock
|-ability|p2a: vantage|Intimidate|boost
|-unboost|p1a: Garchomp|atk|1
|turn|13
|
|switch|p1a: Gengar|Gengar, M|82/100
|move|p2a: vantage|Stealth Rock|p1a: Gengar
|-sidestart|p1: hgfjhds|move: Stealth Rock
|
|-weather|RainDance|[upkeep]
|-heal|p1a: Gengar|88/100|[from] item: Black Sludge
|-heal|p2a: vantage|72/100|[from] item: Leftovers
|upkeep
|turn|14
|
|move|p1a: Gengar|Substitute|p1a: Gengar
|-start|p1a: Gengar|Substitute
|-damage|p1a: Gengar|63/100
|move|p2a: vantage|U-turn|p1a: Gengar
|-resisted|p1a: Gengar
|-activate|p1a: Gengar|Substitute|[damage]
|
|switch|p2a: the two of us|Tentacruel, M|100/100|[from]move: U-turn
|-damage|p2a: the two of us|88/100|[from] Spikes
|-damage|p2a: the two of us|76/100|[from] Stealth Rock
|
|-weather|RainDance|[upkeep]
|-heal|p2a: the two of us|82/100|[from] ability: Rain Dish
|-heal|p1a: Gengar|70/100|[from] item: Black Sludge
|-heal|p2a: the two of us|88/100|[from] item: Black Sludge
|upkeep
|turn|15
|
|move|p1a: Gengar|Will-O-Wisp|p2a: the two of us|[miss]
|-miss|p1a: Gengar|p2a: the two of us
|move|p2a: the two of us|Scald|p1a: Gengar
|-end|p1a: Gengar|Substitute
|
|-weather|RainDance|[upkeep]
|-heal|p2a: the two of us|94/100|[from] ability: Rain Dish
|-heal|p1a: Gengar|76/100|[from] item: Black Sludge
|-heal|p2a: the two of us|99/100|[from] item: Black Sludge
|upkeep
|turn|16
|
|switch|p1a: Garchomp|Garchomp, M|100/100
|-damage|p1a: Garchomp|94/100|[from] Stealth Rock
|move|p2a: the two of us|Scald|p1a: Garchomp
|-damage|p1a: Garchomp|55/100
|-status|p1a: Garchomp|brn
|
|-weather|RainDance|[upkeep]
|-heal|p2a: the two of us|100/100|[from] ability: Rain Dish
|-damage|p1a: Garchomp|43/100 brn|[from] brn
|upkeep
|turn|17
|
|move|p1a: Garchomp|Earthquake|p2a: the two of us
|-supereffective|p2a: the two of us
|-damage|p2a: the two of us|37/100
|move|p2a: the two of us|Rapid Spin|p1a: Garchomp
|-damage|p1a: Garchomp|40/100 brn
|-damage|p2a: the two of us|24/100|[from] ability: Rough Skin|[of] p1a: Garchomp
|-sideend|p2: infiniteline|Spikes|[from] move: Rapid Spin|[of] p2a: the two of us
|-sideend|p2: infiniteline|Stealth Rock|[from] move: Rapid Spin|[of] p2a: the two of us
|
|-weather|RainDance|[upkeep]
|-heal|p2a: the two of us|30/100|[from] ability: Rain Dish
|-heal|p2a: the two of us|36/100|[from] item: Black Sludge
|-damage|p1a: Garchomp|28/100 brn|[from] brn
|upkeep
|turn|18
|c|☆hgfjhds|yeah
|
|move|p1a: Garchomp|Outrage|p2a: the two of us
|-damage|p2a: the two of us|0 fnt
|faint|p2a: the two of us
|
|-weather|RainDance|[upkeep]
|-damage|p1a: Garchomp|15/100 brn|[from] brn
|upkeep
|-enditem|p1a: Garchomp|Salac Berry|[eat]
|-boost|p1a: Garchomp|spe|1|[from] item: Salac Berry
|c|☆infiniteline|v lucky lol
|c|☆infiniteline|sorry
|c|☆hgfjhds|idk what im supposed to do about this
|
|switch|p2a: lady in red|Scizor, M|100/100
|turn|19
|-message|hgfjhds forfeited.
|
|win|infiniteline
|l|☆hgfjhds
|raw|hgfjhds's rating: 1674 &rarr; <strong>1643</strong><br />(-31 for losing)
|raw|infiniteline's rating: 1447 &rarr; <strong>1479</strong><br />(+32 for winning)
