|j|☆maizhelun2000
|j|☆lazyhrpseal
|t:|1750065152
|gametype|singles
|player|p1|maizhelun2000|janitor|1335
|player|p2|lazyhrpseal|preschoolerf|1445
|teamsize|p1|6
|teamsize|p2|6
|gen|5
|tier|[Gen 5] OU
|rated|
|rule|Species Clause: Limit one of each Pokémon
|rule|OHKO Clause: OHKO moves are banned
|rule|Moody Clause: Moody is banned
|rule|Evasion Items Clause: Evasion items are banned
|rule|Evasion Moves Clause: Evasion moves are banned
|rule|Endless Battle Clause: Forcing endless battles is banned
|rule|HP Percentage Mod: HP is shown in percentages
|rule|Evasion Abilities Clause: Evasion abilities are banned
|rule|Sleep Moves Clause: Sleep-inducing moves are banned
|rule|Swagger Clause: Swagger is banned
|rule|Baton Pass Stat Clause: No Baton Passer may have a way to boost its stats
|clearpoke
|poke|p1|Hippowdon, F|item
|poke|p1|Alakazam, F|item
|poke|p1|Latios, M|item
|poke|p1|Clefable, F|item
|poke|p1|Skarmory, M|item
|poke|p1|Jellicent, F|item
|poke|p2|Forretress, M|item
|poke|p2|Xatu, F|item
|poke|p2|Blissey, F|item
|poke|p2|Jellicent, M|item
|poke|p2|Gliscor, F|item
|poke|p2|Ditto|item
|teampreview
|
|t:|1750065167
|start
|switch|p1a: Latios|Latios, M|100/100
|switch|p2a: Blissey|Blissey, F|100/100
|turn|1
|
|t:|1750065170
|switch|p2a: Ditto|Ditto|100/100
|-transform|p2a: Ditto|p1a: Latios|[from] ability: Imposter
|move|p1a: Latios|Trick|p2a: Ditto
|-activate|p1a: Latios|move: Trick|[of] p2a: Ditto
|-item|p2a: Ditto|Choice Specs|[from] move: Trick
|-item|p1a: Latios|Choice Scarf|[from] move: Trick
|
|upkeep
|turn|2
|j| im noob dont worry
|
|t:|1750065185
|switch|p2a: Blissey|Blissey, F|100/100
|move|p1a: Latios|Draco Meteor|p2a: Blissey
|-damage|p2a: Blissey|75/100
|-unboost|p1a: Latios|spa|2
|
|-heal|p2a: Blissey|81/100|[from] item: Leftovers
|upkeep
|turn|3
|
|t:|1750065191
|switch|p1a: Clefable|Clefable, F|100/100
|move|p2a: Blissey|Stealth Rock|p1a: Clefable
|-sidestart|p1: maizhelun2000|move: Stealth Rock
|
|-heal|p2a: Blissey|88/100|[from] item: Leftovers
|upkeep
|turn|4
|
|t:|1750065199
|move|p1a: Clefable|Knock Off|p2a: Blissey
|-damage|p2a: Blissey|85/100
|-enditem|p2a: Blissey|Leftovers|[from] move: Knock Off|[of] p1a: Clefable
|move|p2a: Blissey|Thunder Wave|p1a: Clefable
|-status|p1a: Clefable|par
|
|upkeep
|turn|5
|
|t:|1750065205
|move|p2a: Blissey|Seismic Toss|p1a: Clefable
|-damage|p1a: Clefable|75/100 par
|move|p1a: Clefable|Knock Off|p2a: Blissey
|-damage|p2a: Blissey|82/100
|
|-heal|p1a: Clefable|81/100 par|[from] item: Leftovers
|upkeep
|turn|6
|
|t:|1750065208
|move|p2a: Blissey|Seismic Toss|p1a: Clefable
|-damage|p1a: Clefable|56/100 par
|cant|p1a: Clefable|par
|
|-heal|p1a: Clefable|62/100 par|[from] item: Leftovers
|upkeep
|turn|7
|
|t:|1750065211
|move|p2a: Blissey|Seismic Toss|p1a: Clefable
|-damage|p1a: Clefable|37/100 par
|cant|p1a: Clefable|par
|
|-heal|p1a: Clefable|43/100 par|[from] item: Leftovers
|upkeep
|turn|8
|
|t:|1750065214
|move|p2a: Blissey|Seismic Toss|p1a: Clefable
|-damage|p1a: Clefable|17/100 par
|move|p1a: Clefable|Soft-Boiled|p1a: Clefable
|-heal|p1a: Clefable|67/100 par
|
|-heal|p1a: Clefable|73/100 par|[from] item: Leftovers
|upkeep
|turn|9
|
|t:|1750065217
|move|p2a: Blissey|Seismic Toss|p1a: Clefable
|-damage|p1a: Clefable|48/100 par
|move|p1a: Clefable|Soft-Boiled|p1a: Clefable
|-heal|p1a: Clefable|98/100 par
|
|-heal|p1a: Clefable|100/100 par|[from] item: Leftovers
|upkeep
|turn|10
|
|t:|1750065221
|switch|p1a: Jellicent|Jellicent, F|100/100
|-damage|p1a: Jellicent|88/100|[from] Stealth Rock
|move|p2a: Blissey|Seismic Toss|p1a: Jellicent
|-immune|p1a: Jellicent
|
|-heal|p1a: Jellicent|94/100|[from] item: Leftovers
|upkeep
|turn|11
|
|t:|1750065229
|move|p1a: Jellicent|Taunt|p2a: Blissey
|-start|p2a: Blissey|move: Taunt
|cant|p2a: Blissey|move: Taunt|Thunder Wave
|
|-heal|p1a: Jellicent|100/100|[from] item: Leftovers
|upkeep
|turn|12
|
|t:|1750065234
|move|p1a: Jellicent|Will-O-Wisp|p2a: Blissey|[miss]
|-miss|p1a: Jellicent|p2a: Blissey
|move|p2a: Blissey|Seismic Toss|p1a: Jellicent
|-immune|p1a: Jellicent
|
|upkeep
|turn|13
|inactive|Battle timer is ON: inactive players will automatically lose when time's up. (requested by lazyhrpseal)
|
|t:|1750065252
|switch|p2a: Xatu|Xatu, F|100/100
|move|p1a: Jellicent|Taunt|p2a: Xatu
|move|p2a: Xatu|Taunt|p1a: Jellicent|[from] ability: Magic Bounce
|-start|p1a: Jellicent|move: Taunt
|
|upkeep
|turn|14
|
|t:|1750065259
|switch|p1a: Clefable|Clefable, F|100/100 par
|move|p2a: Xatu|Toxic||[still]
|-fail|p2a: Xatu
|
|upkeep
|turn|15
|
|t:|1750065264
|switch|p2a: Blissey|Blissey, F|82/100
|move|p1a: Clefable|Knock Off|p2a: Blissey
|-damage|p2a: Blissey|80/100
|
|upkeep
|turn|16
|
|t:|1750065276
|move|p2a: Blissey|Seismic Toss|p1a: Clefable
|-damage|p1a: Clefable|75/100 par
|move|p1a: Clefable|Knock Off|p2a: Blissey
|-damage|p2a: Blissey|77/100
|
|-heal|p1a: Clefable|81/100 par|[from] item: Leftovers
|upkeep
|turn|17
|
|t:|1750065279
|move|p2a: Blissey|Seismic Toss|p1a: Clefable
|-damage|p1a: Clefable|56/100 par
|move|p1a: Clefable|Thunder Wave|p2a: Blissey
|-status|p2a: Blissey|par
|
|-heal|p1a: Clefable|62/100 par|[from] item: Leftovers
|upkeep
|turn|18
|
|t:|1750065284
|move|p1a: Clefable|Soft-Boiled|p1a: Clefable
|-heal|p1a: Clefable|100/100 par
|move|p2a: Blissey|Seismic Toss|p1a: Clefable
|-damage|p1a: Clefable|75/100 par
|
|-heal|p1a: Clefable|81/100 par|[from] item: Leftovers
|upkeep
|turn|19
|
|t:|1750065290
|switch|p1a: Jellicent|Jellicent, F|100/100
|-damage|p1a: Jellicent|88/100|[from] Stealth Rock
|move|p2a: Blissey|Seismic Toss|p1a: Jellicent
|-immune|p1a: Jellicent
|
|-heal|p1a: Jellicent|94/100|[from] item: Leftovers
|upkeep
|turn|20
|
|t:|1750065295
|move|p1a: Jellicent|Taunt|p2a: Blissey
|-start|p2a: Blissey|move: Taunt
|cant|p2a: Blissey|move: Taunt|Thunder Wave
|
|-heal|p1a: Jellicent|100/100|[from] item: Leftovers
|upkeep
|turn|21
|
|t:|1750065299
|-curestatus|p2a: Blissey|par|[from] ability: Natural Cure
|switch|p2a: Xatu|Xatu, F|100/100
|move|p1a: Jellicent|Night Shade|p2a: Xatu
|-damage|p2a: Xatu|71/100
|
|upkeep
|turn|22
|
|t:|1750065305
|switch|p1a: Clefable|Clefable, F|81/100 par
|move|p2a: Xatu|Toxic||[still]
|-fail|p2a: Xatu
|
|-heal|p1a: Clefable|87/100 par|[from] item: Leftovers
|upkeep
|turn|23
|
|t:|1750065311
|switch|p2a: Blissey|Blissey, F|77/100
|move|p1a: Clefable|Ice Beam|p2a: Blissey
|-damage|p2a: Blissey|70/100
|
|-heal|p1a: Clefable|93/100 par|[from] item: Leftovers
|upkeep
|turn|24
|
|t:|1750065314
|move|p2a: Blissey|Seismic Toss|p1a: Clefable
|-damage|p1a: Clefable|68/100 par
|move|p1a: Clefable|Thunder Wave|p2a: Blissey
|-status|p2a: Blissey|par
|
|-heal|p1a: Clefable|74/100 par|[from] item: Leftovers
|upkeep
|turn|25
|
|t:|1750065321
|move|p1a: Clefable|Ice Beam|p2a: Blissey
|-damage|p2a: Blissey|63/100 par
|move|p2a: Blissey|Seismic Toss|p1a: Clefable
|-damage|p1a: Clefable|49/100 par
|
|-heal|p1a: Clefable|55/100 par|[from] item: Leftovers
|upkeep
|turn|26
|
|t:|1750065325
|-curestatus|p2a: Blissey|par|[from] ability: Natural Cure
|switch|p2a: Gliscor|Gliscor, F|100/100
|move|p1a: Clefable|Soft-Boiled|p1a: Clefable
|-heal|p1a: Clefable|100/100 par
|
|-status|p2a: Gliscor|tox|[from] item: Toxic Orb
|upkeep
|turn|27
|
|t:|1750065329
|switch|p2a: Blissey|Blissey, F|63/100
|move|p1a: Clefable|Ice Beam|p2a: Blissey
|-damage|p2a: Blissey|56/100
|
|upkeep
|turn|28
|
|t:|1750065333
|move|p2a: Blissey|Soft-Boiled|p2a: Blissey
|-heal|p2a: Blissey|100/100
|move|p1a: Clefable|Thunder Wave|p2a: Blissey
|-status|p2a: Blissey|par
|
|upkeep
|turn|29
|
|t:|1750065339
|move|p1a: Clefable|Knock Off|p2a: Blissey
|-damage|p2a: Blissey|98/100 par
|move|p2a: Blissey|Seismic Toss|p1a: Clefable
|-damage|p1a: Clefable|75/100 par
|
|-heal|p1a: Clefable|81/100 par|[from] item: Leftovers
|upkeep
|turn|30
|
|t:|1750065348
|switch|p1a: Jellicent|Jellicent, F|100/100
|-damage|p1a: Jellicent|88/100|[from] Stealth Rock
|move|p2a: Blissey|Stealth Rock||[still]
|-fail|p2a: Blissey
|
|-heal|p1a: Jellicent|94/100|[from] item: Leftovers
|upkeep
|turn|31
|
|t:|1750065352
|move|p1a: Jellicent|Taunt|p2a: Blissey
|-start|p2a: Blissey|move: Taunt
|cant|p2a: Blissey|move: Taunt|Thunder Wave
|
|-heal|p1a: Jellicent|100/100|[from] item: Leftovers
|upkeep
|turn|32
|
|t:|1750065356
|-curestatus|p2a: Blissey|par|[from] ability: Natural Cure
|switch|p2a: Gliscor|Gliscor, F|100/100 tox
|move|p1a: Jellicent|Night Shade|p2a: Gliscor
|-damage|p2a: Gliscor|72/100 tox
|
|-heal|p2a: Gliscor|85/100 tox|[from] ability: Poison Heal
|upkeep
|turn|33
|
|t:|1750065363
|switch|p2a: Jellicent|Jellicent, M|100/100
|switch|p1a: Skarmory|Skarmory, M|100/100
|-damage|p1a: Skarmory|88/100|[from] Stealth Rock
|
|-heal|p1a: Skarmory|94/100|[from] item: Leftovers
|upkeep
|turn|34
|
|t:|1750065370
|switch|p1a: Clefable|Clefable, F|81/100 par
|switch|p2a: Xatu|Xatu, F|71/100
|
|-heal|p1a: Clefable|87/100 par|[from] item: Leftovers
|upkeep
|turn|35
|inactive|lazyhrpseal has 120 seconds left.
|inactive|lazyhrpseal has 90 seconds left.
|
|t:|1750065451
|switch|p2a: Blissey|Blissey, F|98/100
|move|p1a: Clefable|Knock Off|p2a: Blissey
|-crit|p2a: Blissey
|-damage|p2a: Blissey|92/100
|
|-heal|p1a: Clefable|93/100 par|[from] item: Leftovers
|upkeep
|turn|36
|
|t:|1750065455
|move|p2a: Blissey|Stealth Rock||[still]
|-fail|p2a: Blissey
|cant|p1a: Clefable|par
|
|-heal|p1a: Clefable|99/100 par|[from] item: Leftovers
|upkeep
|turn|37
|
|t:|1750065459
|move|p2a: Blissey|Stealth Rock||[still]
|-fail|p2a: Blissey
|move|p1a: Clefable|Thunder Wave|p2a: Blissey
|-status|p2a: Blissey|par
|
|-heal|p1a: Clefable|100/100 par|[from] item: Leftovers
|upkeep
|turn|38
|
|t:|1750065464
|move|p1a: Clefable|Knock Off|p2a: Blissey
|-damage|p2a: Blissey|89/100 par
|move|p2a: Blissey|Stealth Rock||[still]
|-fail|p2a: Blissey
|
|upkeep
|turn|39
|
|t:|1750065469
|switch|p1a: Jellicent|Jellicent, F|100/100
|-damage|p1a: Jellicent|88/100|[from] Stealth Rock
|move|p2a: Blissey|Stealth Rock||[still]
|-fail|p2a: Blissey
|
|-heal|p1a: Jellicent|94/100|[from] item: Leftovers
|upkeep
|turn|40
|
|t:|1750065477
|-curestatus|p2a: Blissey|par|[from] ability: Natural Cure
|switch|p2a: Gliscor|Gliscor, F|85/100 tox
|move|p1a: Jellicent|Taunt|p2a: Gliscor
|-start|p2a: Gliscor|move: Taunt
|
|-heal|p1a: Jellicent|100/100|[from] item: Leftovers
|-heal|p2a: Gliscor|97/100 tox|[from] ability: Poison Heal
|upkeep
|turn|41
|inactive|lazyhrpseal has 120 seconds left.
|
|t:|1750065488
|switch|p2a: Blissey|Blissey, F|89/100
|move|p1a: Jellicent|Night Shade|p2a: Blissey
|-immune|p2a: Blissey
|
|upkeep
|turn|42
|
|t:|1750065490
|switch|p2a: Gliscor|Gliscor, F|97/100 tox
|move|p1a: Jellicent|Taunt|p2a: Gliscor
|-start|p2a: Gliscor|move: Taunt
|
|-heal|p2a: Gliscor|100/100 tox|[from] ability: Poison Heal
|upkeep
|turn|43
|
|t:|1750065495
|switch|p2a: Blissey|Blissey, F|89/100
|move|p1a: Jellicent|Will-O-Wisp|p2a: Blissey
|-status|p2a: Blissey|brn
|
|-damage|p2a: Blissey|77/100 brn|[from] brn
|upkeep
|turn|44
|
|t:|1750065504
|switch|p1a: Skarmory|Skarmory, M|94/100
|-damage|p1a: Skarmory|82/100|[from] Stealth Rock
|-curestatus|p2a: Blissey|brn|[from] ability: Natural Cure
|switch|p2a: Gliscor|Gliscor, F|100/100 tox
|
|-heal|p1a: Skarmory|88/100|[from] item: Leftovers
|upkeep
|turn|45
|
|t:|1750065508
|switch|p2a: Xatu|Xatu, F|71/100
|move|p1a: Skarmory|Whirlwind|p2a: Xatu
|move|p2a: Xatu|Whirlwind|p1a: Skarmory|[from] ability: Magic Bounce
|drag|p1a: Latios|Latios, M|100/100
|-damage|p1a: Latios|88/100|[from] Stealth Rock
|
|upkeep
|turn|46
|
|t:|1750065514
|switch|p2a: Blissey|Blissey, F|77/100
|move|p1a: Latios|Trick|p2a: Blissey
|-activate|p1a: Latios|move: Trick|[of] p2a: Blissey
|-item|p2a: Blissey|Choice Scarf|[from] move: Trick
|-enditem|p1a: Latios|Choice Scarf|[silent]|[from] move: Trick
|
|upkeep
|turn|47
|
|t:|1750065523
|switch|p1a: Clefable|Clefable, F|100/100 par
|move|p2a: Blissey|Seismic Toss|p1a: Clefable
|-damage|p1a: Clefable|75/100 par
|
|-heal|p1a: Clefable|81/100 par|[from] item: Leftovers
|upkeep
|turn|48
|l| im noob dont worry
|
|t:|1750065537
|move|p2a: Blissey|Seismic Toss|p1a: Clefable
|-damage|p1a: Clefable|56/100 par
|move|p1a: Clefable|Thunder Wave|p2a: Blissey
|-status|p2a: Blissey|par
|
|-heal|p1a: Clefable|62/100 par|[from] item: Leftovers
|upkeep
|turn|49
|
|t:|1750065546
|move|p2a: Blissey|Seismic Toss|p1a: Clefable
|-damage|p1a: Clefable|37/100 par
|move|p1a: Clefable|Soft-Boiled|p1a: Clefable
|-heal|p1a: Clefable|87/100 par
|
|-heal|p1a: Clefable|93/100 par|[from] item: Leftovers
|upkeep
|turn|50
|
|t:|1750065550
|switch|p1a: Jellicent|Jellicent, F|100/100
|-damage|p1a: Jellicent|88/100|[from] Stealth Rock
|cant|p2a: Blissey|par
|
|-heal|p1a: Jellicent|94/100|[from] item: Leftovers
|upkeep
|turn|51
|
|t:|1750065555
|-curestatus|p2a: Blissey|par|[from] ability: Natural Cure
|switch|p2a: Xatu|Xatu, F|71/100
|move|p1a: Jellicent|Night Shade|p2a: Xatu
|-damage|p2a: Xatu|41/100
|
|-heal|p1a: Jellicent|100/100|[from] item: Leftovers
|upkeep
|turn|52
|
|t:|1750065558
|move|p2a: Xatu|Roost|p2a: Xatu
|-heal|p2a: Xatu|91/100
|-singleturn|p2a: Xatu|move: Roost
|move|p1a: Jellicent|Night Shade|p2a: Xatu
|-damage|p2a: Xatu|61/100
|
|upkeep
|turn|53
|
|t:|1750065569
|move|p2a: Xatu|Toxic|p1a: Jellicent
|-status|p1a: Jellicent|tox
|move|p1a: Jellicent|Night Shade|p2a: Xatu
|-damage|p2a: Xatu|31/100
|
|-damage|p1a: Jellicent|94/100 tox|[from] psn
|upkeep
|turn|54
|
|t:|1750065580
|switch|p1a: Clefable|Clefable, F|93/100 par
|move|p2a: Xatu|Roost|p2a: Xatu
|-heal|p2a: Xatu|81/100
|-singleturn|p2a: Xatu|move: Roost
|
|-heal|p1a: Clefable|99/100 par|[from] item: Leftovers
|upkeep
|turn|55
|
|t:|1750065585
|switch|p2a: Blissey|Blissey, F|77/100
|move|p1a: Clefable|Ice Beam|p2a: Blissey
|-damage|p2a: Blissey|69/100
|
|-heal|p1a: Clefable|100/100 par|[from] item: Leftovers
|upkeep
|turn|56
|
|t:|1750065588
|switch|p1a: Jellicent|Jellicent, F|94/100 tox
|-damage|p1a: Jellicent|82/100 tox|[from] Stealth Rock
|move|p2a: Blissey|Stealth Rock||[still]
|-fail|p2a: Blissey
|
|-heal|p1a: Jellicent|88/100 tox|[from] item: Leftovers
|-damage|p1a: Jellicent|82/100 tox|[from] psn
|upkeep
|turn|57
|
|t:|1750065592
|switch|p2a: Gliscor|Gliscor, F|100/100 tox
|move|p1a: Jellicent|Taunt|p2a: Gliscor
|-start|p2a: Gliscor|move: Taunt
|
|-heal|p1a: Jellicent|88/100 tox|[from] item: Leftovers
|-damage|p1a: Jellicent|76/100 tox|[from] psn
|upkeep
|turn|58
|
|t:|1750065601
|switch|p2a: Xatu|Xatu, F|81/100
|switch|p1a: Hippowdon|Hippowdon, F|100/100
|-damage|p1a: Hippowdon|94/100|[from] Stealth Rock
|-weather|Sandstorm|[from] ability: Sand Stream|[of] p1a: Hippowdon
|
|-weather|Sandstorm|[upkeep]
|-damage|p2a: Xatu|75/100|[from] Sandstorm
|-heal|p1a: Hippowdon|100/100|[from] item: Leftovers
|upkeep
|turn|59
|
|t:|1750065605
|move|p2a: Xatu|Toxic|p1a: Hippowdon
|-status|p1a: Hippowdon|tox
|move|p1a: Hippowdon|Rock Slide|p2a: Xatu
|-supereffective|p2a: Xatu
|-damage|p2a: Xatu|36/100
|
|-weather|Sandstorm|[upkeep]
|-damage|p2a: Xatu|30/100|[from] Sandstorm
|-damage|p1a: Hippowdon|94/100 tox|[from] psn
|upkeep
|turn|60
|
|t:|1750065609
|move|p2a: Xatu|Roost|p2a: Xatu
|-heal|p2a: Xatu|80/100
|-singleturn|p2a: Xatu|move: Roost
|move|p1a: Hippowdon|Earthquake|p2a: Xatu
|-crit|p2a: Xatu
|-damage|p2a: Xatu|0 fnt
|faint|p2a: Xatu
|
|-weather|Sandstorm|[upkeep]
|-heal|p1a: Hippowdon|100/100 tox|[from] item: Leftovers
|-damage|p1a: Hippowdon|88/100 tox|[from] psn
|upkeep
|
|t:|1750065618
|switch|p2a: Forretress|Forretress, M|100/100
|turn|61
|
|t:|1750065627
|move|p1a: Hippowdon|Stealth Rock|p2a: Forretress
|-sidestart|p2: lazyhrpseal|move: Stealth Rock
|move|p2a: Forretress|Spikes|p1a: Hippowdon
|-sidestart|p1: maizhelun2000|Spikes
|
|-weather|Sandstorm|[upkeep]
|-heal|p1a: Hippowdon|94/100 tox|[from] item: Leftovers
|-damage|p1a: Hippowdon|76/100 tox|[from] psn
|upkeep
|turn|62
|
|t:|1750065637
|switch|p1a: Clefable|Clefable, F|100/100 par
|move|p2a: Forretress|Rapid Spin|p1a: Clefable
|-damage|p1a: Clefable|96/100 par
|-sideend|p2: lazyhrpseal|Stealth Rock|[from] move: Rapid Spin|[of] p2a: Forretress
|
|-weather|Sandstorm|[upkeep]
|-heal|p1a: Clefable|100/100 par|[from] item: Leftovers
|upkeep
|turn|63
|
|t:|1750065640
|switch|p2a: Blissey|Blissey, F|69/100
|move|p1a: Clefable|Thunder Wave|p2a: Blissey
|-status|p2a: Blissey|par
|
|-weather|Sandstorm|[upkeep]
|-damage|p2a: Blissey|63/100 par|[from] Sandstorm
|upkeep
|turn|64
|
|t:|1750065646
|switch|p1a: Skarmory|Skarmory, M|88/100
|-damage|p1a: Skarmory|76/100|[from] Stealth Rock
|cant|p2a: Blissey|par
|
|-weather|Sandstorm|[upkeep]
|-damage|p2a: Blissey|57/100 par|[from] Sandstorm
|-heal|p1a: Skarmory|82/100|[from] item: Leftovers
|upkeep
|turn|65
|
|t:|1750065650
|-curestatus|p2a: Blissey|par|[from] ability: Natural Cure
|switch|p2a: Forretress|Forretress, M|100/100
|move|p1a: Skarmory|Whirlwind|p2a: Forretress
|drag|p2a: Ditto|Ditto|100/100
|-transform|p2a: Ditto|p1a: Skarmory|[from] ability: Imposter
|
|-weather|Sandstorm|[upkeep]
|-heal|p1a: Skarmory|88/100|[from] item: Leftovers
|upkeep
|turn|66
|
|t:|1750065658
|switch|p2a: Forretress|Forretress, M|100/100
|move|p1a: Skarmory|Spikes|p2a: Forretress
|-sidestart|p2: lazyhrpseal|Spikes
|
|-weather|Sandstorm|[upkeep]
|-heal|p1a: Skarmory|94/100|[from] item: Leftovers
|upkeep
|turn|67
|
|t:|1750065662
|move|p1a: Skarmory|Spikes|p2a: Forretress
|-sidestart|p2: lazyhrpseal|Spikes
|move|p2a: Forretress|Rapid Spin|p1a: Skarmory
|-resisted|p1a: Skarmory
|-damage|p1a: Skarmory|92/100
|-sideend|p2: lazyhrpseal|Spikes|[from] move: Rapid Spin|[of] p2a: Forretress
|
|-weather|Sandstorm|[upkeep]
|-heal|p1a: Skarmory|98/100|[from] item: Leftovers
|upkeep
|turn|68
|
|t:|1750065666
|move|p2a: Forretress|Spikes|p1a: Skarmory
|-sidestart|p1: maizhelun2000|Spikes
|move|p1a: Skarmory|Whirlwind|p2a: Forretress
|drag|p2a: Ditto|Ditto|100/100
|-transform|p2a: Ditto|p1a: Skarmory|[from] ability: Imposter
|
|-weather|Sandstorm|[upkeep]
|-heal|p1a: Skarmory|100/100|[from] item: Leftovers
|upkeep
|turn|69
|
|t:|1750065669
|switch|p2a: Forretress|Forretress, M|100/100
|move|p1a: Skarmory|Spikes|p2a: Forretress
|-sidestart|p2: lazyhrpseal|Spikes
|
|-weather|Sandstorm|[upkeep]
|upkeep
|turn|70
|
|t:|1750065679
|move|p1a: Skarmory|Brave Bird|p2a: Forretress
|-damage|p2a: Forretress|83/100
|-damage|p1a: Skarmory|94/100|[from] Recoil
|move|p2a: Forretress|Rapid Spin|p1a: Skarmory
|-resisted|p1a: Skarmory
|-damage|p1a: Skarmory|93/100
|-sideend|p2: lazyhrpseal|Spikes|[from] move: Rapid Spin|[of] p2a: Forretress
|
|-weather|Sandstorm|[upkeep]
|-heal|p1a: Skarmory|99/100|[from] item: Leftovers
|-heal|p2a: Forretress|89/100|[from] item: Leftovers
|upkeep
|turn|71
|
|t:|1750065686
|move|p2a: Forretress|Spikes|p1a: Skarmory
|-sidestart|p1: maizhelun2000|Spikes
|move|p1a: Skarmory|Whirlwind|p2a: Forretress
|drag|p2a: Ditto|Ditto|100/100
|-transform|p2a: Ditto|p1a: Skarmory|[from] ability: Imposter
|
|-weather|Sandstorm|[upkeep]
|-heal|p1a: Skarmory|100/100|[from] item: Leftovers
|upkeep
|turn|72
|
|t:|1750065689
|switch|p2a: Forretress|Forretress, M|89/100
|move|p1a: Skarmory|Spikes|p2a: Forretress
|-sidestart|p2: lazyhrpseal|Spikes
|
|-weather|Sandstorm|[upkeep]
|-heal|p2a: Forretress|95/100|[from] item: Leftovers
|upkeep
|turn|73
|
|t:|1750065697
|switch|p1a: Jellicent|Jellicent, F|76/100 tox
|-damage|p1a: Jellicent|63/100 tox|[from] Stealth Rock
|-damage|p1a: Jellicent|38/100 tox|[from] Spikes
|move|p2a: Forretress|Rapid Spin|p1a: Jellicent
|-immune|p1a: Jellicent
|
|-weather|Sandstorm|[upkeep]
|-damage|p1a: Jellicent|32/100 tox|[from] Sandstorm
|-heal|p1a: Jellicent|38/100 tox|[from] item: Leftovers
|-heal|p2a: Forretress|100/100|[from] item: Leftovers
|-damage|p1a: Jellicent|32/100 tox|[from] psn
|upkeep
|turn|74
|
|t:|1750065704
|switch|p2a: Gliscor|Gliscor, F|100/100 tox
|move|p1a: Jellicent|Recover|p1a: Jellicent
|-heal|p1a: Jellicent|82/100 tox
|
|-weather|Sandstorm|[upkeep]
|-damage|p1a: Jellicent|76/100 tox|[from] Sandstorm
|-heal|p1a: Jellicent|82/100 tox|[from] item: Leftovers
|-damage|p1a: Jellicent|70/100 tox|[from] psn
|upkeep
|turn|75
|
|t:|1750065708
|move|p2a: Gliscor|Swords Dance|p2a: Gliscor
|-boost|p2a: Gliscor|atk|2
|move|p1a: Jellicent|Recover|p1a: Jellicent
|-heal|p1a: Jellicent|100/100 tox
|
|-weather|Sandstorm|[upkeep]
|-damage|p1a: Jellicent|94/100 tox|[from] Sandstorm
|-heal|p1a: Jellicent|100/100 tox|[from] item: Leftovers
|-damage|p1a: Jellicent|82/100 tox|[from] psn
|upkeep
|turn|76
|
|t:|1750065714
|switch|p1a: Skarmory|Skarmory, M|100/100
|-damage|p1a: Skarmory|88/100|[from] Stealth Rock
|move|p2a: Gliscor|Ice Fang|p1a: Skarmory
|-damage|p1a: Skarmory|68/100
|
|-weather|Sandstorm|[upkeep]
|-heal|p1a: Skarmory|74/100|[from] item: Leftovers
|upkeep
|turn|77
|
|t:|1750065718
|move|p2a: Gliscor|Ice Fang|p1a: Skarmory
|-damage|p1a: Skarmory|53/100
|move|p1a: Skarmory|Whirlwind|p2a: Gliscor
|drag|p2a: Forretress|Forretress, M|100/100
|-damage|p2a: Forretress|88/100|[from] Spikes
|
|-weather|Sandstorm|[upkeep]
|-heal|p1a: Skarmory|59/100|[from] item: Leftovers
|-heal|p2a: Forretress|94/100|[from] item: Leftovers
|upkeep
|turn|78
|
|t:|1750065721
|move|p1a: Skarmory|Roost|p1a: Skarmory
|-heal|p1a: Skarmory|100/100
|-singleturn|p1a: Skarmory|move: Roost
|move|p2a: Forretress|Rapid Spin|p1a: Skarmory
|-resisted|p1a: Skarmory
|-damage|p1a: Skarmory|99/100
|-sideend|p2: lazyhrpseal|Spikes|[from] move: Rapid Spin|[of] p2a: Forretress
|
|-weather|Sandstorm|[upkeep]
|-heal|p1a: Skarmory|100/100|[from] item: Leftovers
|-heal|p2a: Forretress|100/100|[from] item: Leftovers
|upkeep
|turn|79
|
|t:|1750065732
|switch|p1a: Clefable|Clefable, F|100/100 par
|move|p2a: Forretress|Spikes||[still]
|-fail|p2a: Forretress
|
|-weather|Sandstorm|[upkeep]
|upkeep
|turn|80
|
|t:|1750065737
|switch|p2a: Blissey|Blissey, F|57/100
|move|p1a: Clefable|Thunder Wave|p2a: Blissey
|-status|p2a: Blissey|par
|
|-weather|Sandstorm|[upkeep]
|-damage|p2a: Blissey|51/100 par|[from] Sandstorm
|upkeep
|turn|81
|
|t:|1750065741
|switch|p1a: Jellicent|Jellicent, F|82/100 tox
|-damage|p1a: Jellicent|69/100 tox|[from] Stealth Rock
|-damage|p1a: Jellicent|45/100 tox|[from] Spikes
|move|p2a: Blissey|Soft-Boiled|p2a: Blissey
|-heal|p2a: Blissey|100/100 par
|
|-weather|Sandstorm|[upkeep]
|-damage|p1a: Jellicent|38/100 tox|[from] Sandstorm
|-damage|p2a: Blissey|94/100 par|[from] Sandstorm
|-heal|p1a: Jellicent|45/100 tox|[from] item: Leftovers
|-damage|p1a: Jellicent|38/100 tox|[from] psn
|upkeep
|turn|82
|
|t:|1750065745
|-curestatus|p2a: Blissey|par|[from] ability: Natural Cure
|switch|p2a: Gliscor|Gliscor, F|100/100 tox
|move|p1a: Jellicent|Recover|p1a: Jellicent
|-heal|p1a: Jellicent|89/100 tox
|
|-weather|Sandstorm|[upkeep]
|-damage|p1a: Jellicent|82/100 tox|[from] Sandstorm
|-heal|p1a: Jellicent|89/100 tox|[from] item: Leftovers
|-damage|p1a: Jellicent|76/100 tox|[from] psn
|upkeep
|turn|83
|
|t:|1750065751
|switch|p1a: Skarmory|Skarmory, M|100/100
|-damage|p1a: Skarmory|88/100|[from] Stealth Rock
|move|p2a: Gliscor|Swords Dance|p2a: Gliscor
|-boost|p2a: Gliscor|atk|2
|
|-weather|Sandstorm|[upkeep]
|-heal|p1a: Skarmory|94/100|[from] item: Leftovers
|upkeep
|turn|84
|
|t:|1750065757
|move|p2a: Gliscor|Ice Fang|p1a: Skarmory
|-damage|p1a: Skarmory|73/100
|move|p1a: Skarmory|Spikes|p2a: Gliscor
|-sidestart|p2: lazyhrpseal|Spikes
|
|-weather|Sandstorm|[upkeep]
|-heal|p1a: Skarmory|79/100|[from] item: Leftovers
|upkeep
|turn|85
|
|t:|1750065762
|move|p2a: Gliscor|Swords Dance|p2a: Gliscor
|-boost|p2a: Gliscor|atk|2
|move|p1a: Skarmory|Whirlwind|p2a: Gliscor
|drag|p2a: Ditto|Ditto|100/100
|-damage|p2a: Ditto|88/100|[from] Spikes
|-transform|p2a: Ditto|p1a: Skarmory|[from] ability: Imposter
|
|-weather|Sandstorm|[upkeep]
|-heal|p1a: Skarmory|85/100|[from] item: Leftovers
|upkeep
|turn|86
|
|t:|1750065771
|switch|p2a: Forretress|Forretress, M|100/100
|-damage|p2a: Forretress|88/100|[from] Spikes
|move|p1a: Skarmory|Whirlwind|p2a: Forretress
|drag|p2a: Ditto|Ditto|88/100
|-damage|p2a: Ditto|76/100|[from] Spikes
|-transform|p2a: Ditto|p1a: Skarmory|[from] ability: Imposter
|
|-weather|Sandstorm|[upkeep]
|-heal|p1a: Skarmory|91/100|[from] item: Leftovers
|upkeep
|turn|87
|
|t:|1750065776
|move|p2a: Ditto|Roost|p2a: Ditto
|-heal|p2a: Ditto|100/100
|-singleturn|p2a: Ditto|move: Roost
|move|p1a: Skarmory|Whirlwind|p2a: Ditto
|drag|p2a: Forretress|Forretress, M|88/100
|-damage|p2a: Forretress|76/100|[from] Spikes
|
|-weather|Sandstorm|[upkeep]
|-heal|p1a: Skarmory|97/100|[from] item: Leftovers
|-heal|p2a: Forretress|82/100|[from] item: Leftovers
|upkeep
|turn|88
|
|t:|1750065790
|move|p2a: Forretress|Rapid Spin|p1a: Skarmory
|-resisted|p1a: Skarmory
|-damage|p1a: Skarmory|95/100
|-sideend|p2: lazyhrpseal|Spikes|[from] move: Rapid Spin|[of] p2a: Forretress
|move|p1a: Skarmory|Whirlwind|p2a: Forretress
|drag|p2a: Gliscor|Gliscor, F|100/100 tox
|
|-weather|Sandstorm|[upkeep]
|-heal|p1a: Skarmory|100/100|[from] item: Leftovers
|upkeep
|turn|89
|
|t:|1750065793
|switch|p2a: Forretress|Forretress, M|82/100
|move|p1a: Skarmory|Spikes|p2a: Forretress
|-sidestart|p2: lazyhrpseal|Spikes
|
|-weather|Sandstorm|[upkeep]
|-heal|p2a: Forretress|88/100|[from] item: Leftovers
|upkeep
|turn|90
|
|t:|1750065797
|move|p2a: Forretress|Rapid Spin|p1a: Skarmory
|-resisted|p1a: Skarmory
|-damage|p1a: Skarmory|99/100
|-sideend|p2: lazyhrpseal|Spikes|[from] move: Rapid Spin|[of] p2a: Forretress
|move|p1a: Skarmory|Whirlwind|p2a: Forretress
|drag|p2a: Blissey|Blissey, F|94/100
|
|-weather|Sandstorm|[upkeep]
|-damage|p2a: Blissey|88/100|[from] Sandstorm
|-heal|p1a: Skarmory|100/100|[from] item: Leftovers
|upkeep
|turn|91
|
|t:|1750065802
|switch|p2a: Forretress|Forretress, M|88/100
|switch|p1a: Hippowdon|Hippowdon, F|76/100 tox
|-damage|p1a: Hippowdon|70/100 tox|[from] Stealth Rock
|-damage|p1a: Hippowdon|45/100 tox|[from] Spikes
|
|-weather|Sandstorm|[upkeep]
|-heal|p1a: Hippowdon|51/100 tox|[from] item: Leftovers
|-heal|p2a: Forretress|94/100|[from] item: Leftovers
|-damage|p1a: Hippowdon|45/100 tox|[from] psn
|upkeep
|turn|92
|
|t:|1750065810
|move|p1a: Hippowdon|Slack Off|p1a: Hippowdon
|-heal|p1a: Hippowdon|95/100 tox
|move|p2a: Forretress|Earthquake|p1a: Hippowdon
|-damage|p1a: Hippowdon|80/100 tox
|
|-weather|Sandstorm|[upkeep]
|-heal|p1a: Hippowdon|86/100 tox|[from] item: Leftovers
|-heal|p2a: Forretress|100/100|[from] item: Leftovers
|-damage|p1a: Hippowdon|74/100 tox|[from] psn
|upkeep
|turn|93
|
|t:|1750065820
|switch|p1a: Skarmory|Skarmory, M|100/100
|-damage|p1a: Skarmory|88/100|[from] Stealth Rock
|move|p2a: Forretress|Earthquake|p1a: Skarmory
|-immune|p1a: Skarmory
|
|-weather|Sandstorm|[upkeep]
|-heal|p1a: Skarmory|94/100|[from] item: Leftovers
|upkeep
|turn|94
|
|t:|1750065828
|switch|p2a: Jellicent|Jellicent, M|100/100
|move|p1a: Skarmory|Whirlwind|p2a: Jellicent
|drag|p2a: Ditto|Ditto|100/100
|-transform|p2a: Ditto|p1a: Skarmory|[from] ability: Imposter
|
|-weather|Sandstorm|[upkeep]
|-heal|p1a: Skarmory|99/100|[from] item: Leftovers
|upkeep
|turn|95
|
|t:|1750065833
|switch|p2a: Forretress|Forretress, M|100/100
|move|p1a: Skarmory|Spikes|p2a: Forretress
|-sidestart|p2: lazyhrpseal|Spikes
|
|-weather|Sandstorm|[upkeep]
|-heal|p1a: Skarmory|100/100|[from] item: Leftovers
|upkeep
|turn|96
|
|t:|1750065840
|switch|p1a: Jellicent|Jellicent, F|76/100 tox
|-damage|p1a: Jellicent|64/100 tox|[from] Stealth Rock
|-damage|p1a: Jellicent|39/100 tox|[from] Spikes
|move|p2a: Forretress|Rapid Spin|p1a: Jellicent
|-immune|p1a: Jellicent
|
|-weather|Sandstorm|[upkeep]
|-damage|p1a: Jellicent|33/100 tox|[from] Sandstorm
|-heal|p1a: Jellicent|39/100 tox|[from] item: Leftovers
|-damage|p1a: Jellicent|33/100 tox|[from] psn
|upkeep
|turn|97
|
|t:|1750065845
|switch|p2a: Gliscor|Gliscor, F|100/100 tox
|move|p1a: Jellicent|Recover|p1a: Jellicent
|-heal|p1a: Jellicent|83/100 tox
|
|-weather|Sandstorm|[upkeep]
|-damage|p1a: Jellicent|77/100 tox|[from] Sandstorm
|-heal|p1a: Jellicent|83/100 tox|[from] item: Leftovers
|-damage|p1a: Jellicent|70/100 tox|[from] psn
|upkeep
|turn|98
|
|t:|1750065849
|switch|p1a: Skarmory|Skarmory, M|100/100
|-damage|p1a: Skarmory|88/100|[from] Stealth Rock
|move|p2a: Gliscor|Swords Dance|p2a: Gliscor
|-boost|p2a: Gliscor|atk|2
|
|-weather|Sandstorm|[upkeep]
|-heal|p1a: Skarmory|94/100|[from] item: Leftovers
|upkeep
|turn|99
|j| im noob dont worry
|
|t:|1750065855
|move|p2a: Gliscor|Ice Fang|p1a: Skarmory
|-damage|p1a: Skarmory|72/100
|-status|p1a: Skarmory|frz
|cant|p1a: Skarmory|frz
|
|-weather|Sandstorm|[upkeep]
|-heal|p1a: Skarmory|78/100 frz|[from] item: Leftovers
|upkeep
|turn|100
|
|t:|1750065859
|move|p2a: Gliscor|Swords Dance|p2a: Gliscor
|-boost|p2a: Gliscor|atk|2
|cant|p1a: Skarmory|frz
|
|-weather|Sandstorm|[upkeep]
|-heal|p1a: Skarmory|84/100 frz|[from] item: Leftovers
|upkeep
|turn|101
|
|t:|1750065862
|move|p2a: Gliscor|Swords Dance|p2a: Gliscor
|-boost|p2a: Gliscor|atk|2
|cant|p1a: Skarmory|frz
|
|-weather|Sandstorm|[upkeep]
|-heal|p1a: Skarmory|90/100 frz|[from] item: Leftovers
|upkeep
|turn|102
|
|t:|1750065866
|move|p2a: Gliscor|Facade|p1a: Skarmory
|-resisted|p1a: Skarmory
|-damage|p1a: Skarmory|47/100 frz
|-curestatus|p1a: Skarmory|frz|[msg]
|move|p1a: Skarmory|Whirlwind|p2a: Gliscor
|drag|p2a: Forretress|Forretress, M|100/100
|-damage|p2a: Forretress|88/100|[from] Spikes
|
|-weather|Sandstorm|[upkeep]
|-heal|p1a: Skarmory|53/100|[from] item: Leftovers
|-heal|p2a: Forretress|94/100|[from] item: Leftovers
|upkeep
|turn|103
|
|t:|1750065871
|move|p1a: Skarmory|Roost|p1a: Skarmory
|-heal|p1a: Skarmory|100/100
|-singleturn|p1a: Skarmory|move: Roost
|move|p2a: Forretress|Rapid Spin|p1a: Skarmory
|-resisted|p1a: Skarmory
|-crit|p1a: Skarmory
|-damage|p1a: Skarmory|97/100
|-sideend|p2: lazyhrpseal|Spikes|[from] move: Rapid Spin|[of] p2a: Forretress
|
|-weather|Sandstorm|[upkeep]
|-heal|p1a: Skarmory|100/100|[from] item: Leftovers
|-heal|p2a: Forretress|100/100|[from] item: Leftovers
|upkeep
|turn|104
|
|t:|1750065876
|move|p1a: Skarmory|Brave Bird|p2a: Forretress
|-damage|p2a: Forretress|82/100
|-damage|p1a: Skarmory|94/100|[from] Recoil
|move|p2a: Forretress|Spikes||[still]
|-fail|p2a: Forretress
|
|-weather|Sandstorm|[upkeep]
|-heal|p1a: Skarmory|99/100|[from] item: Leftovers
|-heal|p2a: Forretress|88/100|[from] item: Leftovers
|upkeep
|turn|105
|
|t:|1750065887
|move|p1a: Skarmory|Brave Bird|p2a: Forretress
|-damage|p2a: Forretress|70/100
|-damage|p1a: Skarmory|94/100|[from] Recoil
|move|p2a: Forretress|Spikes||[still]
|-fail|p2a: Forretress
|
|-weather|Sandstorm|[upkeep]
|-heal|p1a: Skarmory|99/100|[from] item: Leftovers
|-heal|p2a: Forretress|76/100|[from] item: Leftovers
|upkeep
|turn|106
|
|t:|1750065891
|move|p1a: Skarmory|Brave Bird|p2a: Forretress
|-damage|p2a: Forretress|59/100
|-damage|p1a: Skarmory|93/100|[from] Recoil
|move|p2a: Forretress|Spikes||[still]
|-fail|p2a: Forretress
|
|-weather|Sandstorm|[upkeep]
|-heal|p1a: Skarmory|99/100|[from] item: Leftovers
|-heal|p2a: Forretress|65/100|[from] item: Leftovers
|upkeep
|turn|107
|l| im noob dont worry
|
|t:|1750065896
|switch|p2a: Ditto|Ditto|100/100
|-transform|p2a: Ditto|p1a: Skarmory|[from] ability: Imposter
|move|p1a: Skarmory|Brave Bird|p2a: Ditto
|-resisted|p2a: Ditto
|-damage|p2a: Ditto|85/100
|-damage|p1a: Skarmory|95/100|[from] Recoil
|
|-weather|Sandstorm|[upkeep]
|-heal|p1a: Skarmory|100/100|[from] item: Leftovers
|upkeep
|turn|108
|
|t:|1750065900
|move|p2a: Ditto|Roost|p2a: Ditto
|-heal|p2a: Ditto|100/100
|-singleturn|p2a: Ditto|move: Roost
|move|p1a: Skarmory|Spikes|p2a: Ditto
|-sidestart|p2: lazyhrpseal|Spikes
|
|-weather|Sandstorm|[upkeep]
|upkeep
|turn|109
|
|t:|1750065903
|switch|p2a: Forretress|Forretress, M|65/100
|-damage|p2a: Forretress|52/100|[from] Spikes
|move|p1a: Skarmory|Spikes|p2a: Forretress
|-sidestart|p2: lazyhrpseal|Spikes
|
|-weather|Sandstorm|[upkeep]
|-heal|p2a: Forretress|59/100|[from] item: Leftovers
|upkeep
|turn|110
|
|t:|1750065905
|move|p1a: Skarmory|Brave Bird|p2a: Forretress
|-damage|p2a: Forretress|38/100
|-damage|p1a: Skarmory|93/100|[from] Recoil
|move|p2a: Forretress|Rapid Spin|p1a: Skarmory
|-resisted|p1a: Skarmory
|-damage|p1a: Skarmory|92/100
|-sideend|p2: lazyhrpseal|Spikes|[from] move: Rapid Spin|[of] p2a: Forretress
|
|-weather|Sandstorm|[upkeep]
|-heal|p1a: Skarmory|98/100|[from] item: Leftovers
|-heal|p2a: Forretress|45/100|[from] item: Leftovers
|upkeep
|turn|111
|
|t:|1750065909
|switch|p2a: Jellicent|Jellicent, M|100/100
|move|p1a: Skarmory|Brave Bird|p2a: Jellicent
|-damage|p2a: Jellicent|74/100
|-damage|p1a: Skarmory|87/100|[from] Recoil
|
|-weather|Sandstorm|[upkeep]
|-damage|p2a: Jellicent|68/100|[from] Sandstorm
|-heal|p1a: Skarmory|93/100|[from] item: Leftovers
|-heal|p2a: Jellicent|74/100|[from] item: Leftovers
|upkeep
|turn|112
|
|t:|1750065916
|switch|p1a: Clefable|Clefable, F|100/100 par
|move|p2a: Jellicent|Will-O-Wisp||[still]
|-fail|p2a: Jellicent
|
|-weather|Sandstorm|[upkeep]
|-damage|p2a: Jellicent|68/100|[from] Sandstorm
|-heal|p2a: Jellicent|74/100|[from] item: Leftovers
|upkeep
|turn|113
|
|t:|1750065921
|switch|p2a: Blissey|Blissey, F|88/100
|cant|p1a: Clefable|par
|
|-weather|Sandstorm|[upkeep]
|-damage|p2a: Blissey|82/100|[from] Sandstorm
|upkeep
|turn|114
|
|t:|1750065925
|move|p2a: Blissey|Seismic Toss|p1a: Clefable
|-damage|p1a: Clefable|75/100 par
|move|p1a: Clefable|Thunder Wave|p2a: Blissey
|-status|p2a: Blissey|par
|
|-weather|Sandstorm|[upkeep]
|-damage|p2a: Blissey|76/100 par|[from] Sandstorm
|-heal|p1a: Clefable|81/100 par|[from] item: Leftovers
|upkeep
|turn|115
|
|t:|1750065930
|-curestatus|p2a: Blissey|par|[from] ability: Natural Cure
|switch|p2a: Gliscor|Gliscor, F|100/100 tox
|move|p1a: Clefable|Thunder Wave|p2a: Gliscor
|-immune|p2a: Gliscor
|
|-weather|Sandstorm|[upkeep]
|-heal|p1a: Clefable|87/100 par|[from] item: Leftovers
|upkeep
|turn|116
|
|t:|1750065933
|switch|p2a: Blissey|Blissey, F|76/100
|move|p1a: Clefable|Ice Beam|p2a: Blissey
|-damage|p2a: Blissey|69/100
|
|-weather|Sandstorm|[upkeep]
|-damage|p2a: Blissey|63/100|[from] Sandstorm
|-heal|p1a: Clefable|93/100 par|[from] item: Leftovers
|upkeep
|turn|117
|
|t:|1750065940
|move|p2a: Blissey|Stealth Rock||[still]
|-fail|p2a: Blissey
|move|p1a: Clefable|Thunder Wave|p2a: Blissey
|-status|p2a: Blissey|par
|
|-weather|Sandstorm|[upkeep]
|-damage|p2a: Blissey|57/100 par|[from] Sandstorm
|-heal|p1a: Clefable|99/100 par|[from] item: Leftovers
|upkeep
|turn|118
|
|t:|1750065950
|-curestatus|p2a: Blissey|par|[from] ability: Natural Cure
|switch|p2a: Ditto|Ditto|100/100
|-transform|p2a: Ditto|p1a: Clefable|[from] ability: Imposter
|cant|p1a: Clefable|par
|
|-weather|Sandstorm|[upkeep]
|-heal|p1a: Clefable|100/100 par|[from] item: Leftovers
|upkeep
|turn|119
|
|t:|1750065960
|switch|p2a: Blissey|Blissey, F|57/100
|switch|p1a: Alakazam|Alakazam, F|100/100
|
|-weather|Sandstorm|[upkeep]
|-damage|p2a: Blissey|51/100|[from] Sandstorm
|upkeep
|turn|120
|
|t:|1750065963
|move|p1a: Alakazam|Psyshock|p2a: Blissey
|-damage|p2a: Blissey|14/100
|move|p2a: Blissey|Soft-Boiled|p2a: Blissey
|-heal|p2a: Blissey|64/100
|
|-weather|Sandstorm|[upkeep]
|-damage|p2a: Blissey|58/100|[from] Sandstorm
|upkeep
|turn|121
|
|t:|1750065982
|switch|p2a: Ditto|Ditto|100/100
|-transform|p2a: Ditto|p1a: Alakazam|[from] ability: Imposter
|move|p1a: Alakazam|Psyshock|p2a: Ditto
|-resisted|p2a: Ditto
|-damage|p2a: Ditto|57/100
|
|-weather|Sandstorm|[upkeep]
|upkeep
|turn|122
|
|t:|1750065990
|move|p2a: Ditto|Signal Beam|p1a: Alakazam
|-supereffective|p1a: Alakazam
|-enditem|p1a: Alakazam|Focus Sash
|-damage|p1a: Alakazam|1/100
|move|p1a: Alakazam|Signal Beam|p2a: Ditto
|-supereffective|p2a: Ditto
|-damage|p2a: Ditto|0 fnt
|faint|p2a: Ditto
|
|-weather|Sandstorm|[upkeep]
|upkeep
|
|t:|1750065993
|switch|p2a: Blissey|Blissey, F|58/100
|turn|123
|
|t:|1750065997
|switch|p1a: Jellicent|Jellicent, F|70/100 tox
|-damage|p1a: Jellicent|58/100 tox|[from] Stealth Rock
|-damage|p1a: Jellicent|33/100 tox|[from] Spikes
|move|p2a: Blissey|Seismic Toss|p1a: Jellicent
|-immune|p1a: Jellicent
|
|-weather|Sandstorm|[upkeep]
|-damage|p2a: Blissey|51/100|[from] Sandstorm
|-damage|p1a: Jellicent|27/100 tox|[from] Sandstorm
|-heal|p1a: Jellicent|33/100 tox|[from] item: Leftovers
|-damage|p1a: Jellicent|27/100 tox|[from] psn
|upkeep
|turn|124
|
|t:|1750066000
|switch|p2a: Gliscor|Gliscor, F|100/100 tox
|move|p1a: Jellicent|Recover|p1a: Jellicent
|-heal|p1a: Jellicent|77/100 tox
|
|-weather|Sandstorm|[upkeep]
|-damage|p1a: Jellicent|71/100 tox|[from] Sandstorm
|-heal|p1a: Jellicent|77/100 tox|[from] item: Leftovers
|-damage|p1a: Jellicent|65/100 tox|[from] psn
|upkeep
|turn|125
|
|t:|1750066004
|switch|p1a: Skarmory|Skarmory, M|93/100
|-damage|p1a: Skarmory|81/100|[from] Stealth Rock
|move|p2a: Gliscor|Swords Dance|p2a: Gliscor
|-boost|p2a: Gliscor|atk|2
|
|-weather|Sandstorm|[upkeep]
|-heal|p1a: Skarmory|87/100|[from] item: Leftovers
|upkeep
|turn|126
|
|t:|1750066006
|move|p2a: Gliscor|Ice Fang|p1a: Skarmory
|-damage|p1a: Skarmory|63/100
|move|p1a: Skarmory|Whirlwind|p2a: Gliscor
|drag|p2a: Blissey|Blissey, F|51/100
|
|-weather|Sandstorm|[upkeep]
|-damage|p2a: Blissey|45/100|[from] Sandstorm
|-heal|p1a: Skarmory|69/100|[from] item: Leftovers
|upkeep
|turn|127
|
|t:|1750066011
|move|p2a: Blissey|Soft-Boiled|p2a: Blissey
|-heal|p2a: Blissey|95/100
|move|p1a: Skarmory|Roost|p1a: Skarmory
|-heal|p1a: Skarmory|100/100
|-singleturn|p1a: Skarmory|move: Roost
|
|-weather|Sandstorm|[upkeep]
|-damage|p2a: Blissey|89/100|[from] Sandstorm
|upkeep
|turn|128
|
|t:|1750066014
|switch|p2a: Gliscor|Gliscor, F|100/100 tox
|move|p1a: Skarmory|Spikes|p2a: Gliscor
|-sidestart|p2: lazyhrpseal|Spikes
|
|-weather|Sandstorm|[upkeep]
|upkeep
|turn|129
|
|t:|1750066016
|move|p2a: Gliscor|Swords Dance|p2a: Gliscor
|-boost|p2a: Gliscor|atk|2
|move|p1a: Skarmory|Spikes|p2a: Gliscor
|-sidestart|p2: lazyhrpseal|Spikes
|
|-weather|Sandstorm|[upkeep]
|upkeep
|turn|130
|
|t:|1750066019
|move|p2a: Gliscor|Ice Fang|p1a: Skarmory
|-damage|p1a: Skarmory|77/100
|move|p1a: Skarmory|Whirlwind|p2a: Gliscor
|drag|p2a: Jellicent|Jellicent, M|74/100
|-damage|p2a: Jellicent|58/100|[from] Spikes
|
|-weather|Sandstorm|[upkeep]
|-damage|p2a: Jellicent|51/100|[from] Sandstorm
|-heal|p1a: Skarmory|83/100|[from] item: Leftovers
|-heal|p2a: Jellicent|58/100|[from] item: Leftovers
|upkeep
|turn|131
|
|t:|1750066025
|move|p2a: Jellicent|Recover|p2a: Jellicent
|-heal|p2a: Jellicent|100/100
|move|p1a: Skarmory|Whirlwind|p2a: Jellicent
|drag|p2a: Gliscor|Gliscor, F|100/100 tox
|
|-weather|Sandstorm|[upkeep]
|-heal|p1a: Skarmory|89/100|[from] item: Leftovers
|upkeep
|turn|132
|
|t:|1750066028
|move|p2a: Gliscor|Ice Fang|p1a: Skarmory
|-damage|p1a: Skarmory|78/100
|move|p1a: Skarmory|Brave Bird|p2a: Gliscor
|-damage|p2a: Gliscor|76/100 tox
|-damage|p1a: Skarmory|69/100|[from] Recoil
|
|-weather|Sandstorm|[upkeep]
|-heal|p1a: Skarmory|75/100|[from] item: Leftovers
|-heal|p2a: Gliscor|88/100 tox|[from] ability: Poison Heal
|upkeep
|turn|133
|
|t:|1750066031
|move|p2a: Gliscor|Ice Fang|p1a: Skarmory
|-damage|p1a: Skarmory|65/100
|cant|p1a: Skarmory|flinch
|
|-weather|Sandstorm|[upkeep]
|-heal|p1a: Skarmory|71/100|[from] item: Leftovers
|-heal|p2a: Gliscor|100/100 tox|[from] ability: Poison Heal
|upkeep
|turn|134
|
|t:|1750066036
|move|p2a: Gliscor|Ice Fang|p1a: Skarmory
|-damage|p1a: Skarmory|60/100
|cant|p1a: Skarmory|flinch
|
|-weather|Sandstorm|[upkeep]
|-heal|p1a: Skarmory|66/100|[from] item: Leftovers
|upkeep
|turn|135
|
|t:|1750066045
|move|p2a: Gliscor|Ice Fang|p1a: Skarmory
|-damage|p1a: Skarmory|55/100
|move|p1a: Skarmory|Spikes|p2a: Gliscor
|-sidestart|p2: lazyhrpseal|Spikes
|
|-weather|Sandstorm|[upkeep]
|-heal|p1a: Skarmory|61/100|[from] item: Leftovers
|upkeep
|turn|136
|
|t:|1750066048
|move|p2a: Gliscor|Ice Fang|p1a: Skarmory
|-damage|p1a: Skarmory|49/100
|move|p1a: Skarmory|Roost|p1a: Skarmory
|-heal|p1a: Skarmory|99/100
|-singleturn|p1a: Skarmory|move: Roost
|
|-weather|Sandstorm|[upkeep]
|-heal|p1a: Skarmory|100/100|[from] item: Leftovers
|upkeep
|turn|137
|
|t:|1750066054
|move|p2a: Gliscor|Ice Fang|p1a: Skarmory
|-damage|p1a: Skarmory|90/100
|cant|p1a: Skarmory|flinch
|
|-weather|Sandstorm|[upkeep]
|-heal|p1a: Skarmory|96/100|[from] item: Leftovers
|upkeep
|turn|138
|
|t:|1750066070
|move|p2a: Gliscor|Ice Fang|p1a: Skarmory
|-damage|p1a: Skarmory|84/100
|cant|p1a: Skarmory|flinch
|
|-weather|Sandstorm|[upkeep]
|-heal|p1a: Skarmory|90/100|[from] item: Leftovers
|upkeep
|turn|139
|
|t:|1750066079
|move|p2a: Gliscor|Ice Fang|p1a: Skarmory
|-damage|p1a: Skarmory|80/100
|move|p1a: Skarmory|Whirlwind|p2a: Gliscor
|drag|p2a: Jellicent|Jellicent, M|100/100
|-damage|p2a: Jellicent|75/100|[from] Spikes
|
|-weather|Sandstorm|[upkeep]
|-damage|p2a: Jellicent|69/100|[from] Sandstorm
|-heal|p1a: Skarmory|86/100|[from] item: Leftovers
|-heal|p2a: Jellicent|75/100|[from] item: Leftovers
|upkeep
|turn|140
|
|t:|1750066090
|switch|p1a: Clefable|Clefable, F|100/100 par
|move|p2a: Jellicent|Taunt|p1a: Clefable
|-start|p1a: Clefable|move: Taunt
|
|-weather|Sandstorm|[upkeep]
|-damage|p2a: Jellicent|69/100|[from] Sandstorm
|-heal|p2a: Jellicent|75/100|[from] item: Leftovers
|upkeep
|turn|141
|
|t:|1750066094
|switch|p2a: Forretress|Forretress, M|45/100
|-damage|p2a: Forretress|20/100|[from] Spikes
|move|p1a: Clefable|Ice Beam|p2a: Forretress
|-resisted|p2a: Forretress
|-damage|p2a: Forretress|7/100
|
|-weather|Sandstorm|[upkeep]
|-heal|p2a: Forretress|13/100|[from] item: Leftovers
|upkeep
|turn|142
|
|t:|1750066098
|move|p2a: Forretress|Rapid Spin|p1a: Clefable
|-damage|p1a: Clefable|96/100 par
|-sideend|p2: lazyhrpseal|Spikes|[from] move: Rapid Spin|[of] p2a: Forretress
|cant|p1a: Clefable|par
|
|-weather|Sandstorm|[upkeep]
|-heal|p2a: Forretress|19/100|[from] item: Leftovers
|-heal|p1a: Clefable|100/100 par|[from] item: Leftovers
|-end|p1a: Clefable|move: Taunt
|upkeep
|turn|143
|
|t:|1750066103
|switch|p2a: Gliscor|Gliscor, F|100/100 tox
|cant|p1a: Clefable|par
|
|-weather|Sandstorm|[upkeep]
|upkeep
|turn|144
|inactive|maizhelun2000 has 120 seconds left.
|
|t:|1750066136
|switch|p2a: Blissey|Blissey, F|89/100
|cant|p1a: Clefable|par
|
|-weather|Sandstorm|[upkeep]
|-damage|p2a: Blissey|83/100|[from] Sandstorm
|upkeep
|turn|145
|
|t:|1750066143
|move|p2a: Blissey|Seismic Toss|p1a: Clefable
|-damage|p1a: Clefable|75/100 par
|cant|p1a: Clefable|par
|
|-weather|Sandstorm|[upkeep]
|-damage|p2a: Blissey|77/100|[from] Sandstorm
|-heal|p1a: Clefable|81/100 par|[from] item: Leftovers
|upkeep
|turn|146
|
|t:|1750066147
|switch|p2a: Gliscor|Gliscor, F|100/100 tox
|move|p1a: Clefable|Thunder Wave|p2a: Gliscor
|-immune|p2a: Gliscor
|
|-weather|Sandstorm|[upkeep]
|-heal|p1a: Clefable|87/100 par|[from] item: Leftovers
|upkeep
|turn|147
|
|t:|1750066149
|switch|p2a: Blissey|Blissey, F|77/100
|move|p1a: Clefable|Ice Beam|p2a: Blissey
|-damage|p2a: Blissey|70/100
|
|-weather|Sandstorm|[upkeep]
|-damage|p2a: Blissey|64/100|[from] Sandstorm
|-heal|p1a: Clefable|93/100 par|[from] item: Leftovers
|upkeep
|turn|148
|
|t:|1750066153
|move|p2a: Blissey|Seismic Toss|p1a: Clefable
|-damage|p1a: Clefable|68/100 par
|move|p1a: Clefable|Thunder Wave|p2a: Blissey
|-status|p2a: Blissey|par
|
|-weather|Sandstorm|[upkeep]
|-damage|p2a: Blissey|58/100 par|[from] Sandstorm
|-heal|p1a: Clefable|74/100 par|[from] item: Leftovers
|upkeep
|turn|149
|
|t:|1750066165
|-curestatus|p2a: Blissey|par|[from] ability: Natural Cure
|switch|p2a: Jellicent|Jellicent, M|75/100
|switch|p1a: Jellicent|Jellicent, F|65/100 tox
|-damage|p1a: Jellicent|52/100 tox|[from] Stealth Rock
|-damage|p1a: Jellicent|28/100 tox|[from] Spikes
|
|-weather|Sandstorm|[upkeep]
|-damage|p1a: Jellicent|21/100 tox|[from] Sandstorm
|-damage|p2a: Jellicent|69/100|[from] Sandstorm
|-heal|p1a: Jellicent|28/100 tox|[from] item: Leftovers
|-heal|p2a: Jellicent|75/100|[from] item: Leftovers
|-damage|p1a: Jellicent|21/100 tox|[from] psn
|upkeep
|turn|150
|
|t:|1750066169
|move|p2a: Jellicent|Shadow Ball|p1a: Jellicent
|-supereffective|p1a: Jellicent
|-damage|p1a: Jellicent|0 fnt
|faint|p1a: Jellicent
|
|-weather|Sandstorm|[upkeep]
|-damage|p2a: Jellicent|69/100|[from] Sandstorm
|-heal|p2a: Jellicent|75/100|[from] item: Leftovers
|upkeep
|
|t:|1750066175
|switch|p1a: Alakazam|Alakazam, F|1/100
|turn|151
|
|t:|1750066192
|switch|p1a: Clefable|Clefable, F|74/100 par
|move|p2a: Jellicent|Shadow Ball|p1a: Clefable
|-immune|p1a: Clefable
|
|-weather|Sandstorm|[upkeep]
|-damage|p2a: Jellicent|69/100|[from] Sandstorm
|-heal|p2a: Jellicent|75/100|[from] item: Leftovers
|-heal|p1a: Clefable|80/100 par|[from] item: Leftovers
|upkeep
|turn|152
|
|t:|1750066210
|switch|p2a: Gliscor|Gliscor, F|100/100 tox
|move|p1a: Clefable|Thunder Wave|p2a: Gliscor
|-immune|p2a: Gliscor
|
|-weather|Sandstorm|[upkeep]
|-heal|p1a: Clefable|86/100 par|[from] item: Leftovers
|upkeep
|turn|153
|
|t:|1750066213
|switch|p2a: Blissey|Blissey, F|58/100
|move|p1a: Clefable|Ice Beam|p2a: Blissey
|-damage|p2a: Blissey|50/100
|
|-weather|Sandstorm|[upkeep]
|-damage|p2a: Blissey|44/100|[from] Sandstorm
|-heal|p1a: Clefable|92/100 par|[from] item: Leftovers
|upkeep
|turn|154
|
|t:|1750066218
|switch|p1a: Alakazam|Alakazam, F|1/100
|move|p2a: Blissey|Soft-Boiled|p2a: Blissey
|-heal|p2a: Blissey|94/100
|
|-weather|Sandstorm|[upkeep]
|-damage|p2a: Blissey|88/100|[from] Sandstorm
|upkeep
|turn|155
|
|t:|1750066224
|switch|p2a: Jellicent|Jellicent, M|75/100
|move|p1a: Alakazam|Psyshock|p2a: Jellicent
|-crit|p2a: Jellicent
|-damage|p2a: Jellicent|12/100
|
|-weather|Sandstorm|[upkeep]
|-damage|p2a: Jellicent|6/100|[from] Sandstorm
|-heal|p2a: Jellicent|12/100|[from] item: Leftovers
|upkeep
|turn|156
|
|t:|1750066227
|switch|p2a: Forretress|Forretress, M|19/100
|move|p1a: Alakazam|Psyshock|p2a: Forretress
|-resisted|p2a: Forretress
|-damage|p2a: Forretress|8/100
|
|-weather|Sandstorm|[upkeep]
|-heal|p2a: Forretress|14/100|[from] item: Leftovers
|upkeep
|turn|157
|
|t:|1750066242
|switch|p1a: Skarmory|Skarmory, M|86/100
|-damage|p1a: Skarmory|74/100|[from] Stealth Rock
|switch|p2a: Jellicent|Jellicent, M|12/100
|
|-weather|Sandstorm|[upkeep]
|-damage|p2a: Jellicent|6/100|[from] Sandstorm
|-heal|p1a: Skarmory|80/100|[from] item: Leftovers
|-heal|p2a: Jellicent|12/100|[from] item: Leftovers
|upkeep
|turn|158
|
|t:|1750066253
|switch|p1a: Clefable|Clefable, F|92/100 par
|move|p2a: Jellicent|Recover|p2a: Jellicent
|-heal|p2a: Jellicent|62/100
|
|-weather|Sandstorm|[upkeep]
|-damage|p2a: Jellicent|56/100|[from] Sandstorm
|-heal|p2a: Jellicent|62/100|[from] item: Leftovers
|-heal|p1a: Clefable|98/100 par|[from] item: Leftovers
|upkeep
|turn|159
|
|t:|1750066257
|switch|p2a: Blissey|Blissey, F|88/100
|move|p1a: Clefable|Ice Beam|p2a: Blissey
|-damage|p2a: Blissey|81/100
|
|-weather|Sandstorm|[upkeep]
|-damage|p2a: Blissey|75/100|[from] Sandstorm
|-heal|p1a: Clefable|100/100 par|[from] item: Leftovers
|upkeep
|turn|160
|
|t:|1750066263
|move|p2a: Blissey|Seismic Toss|p1a: Clefable
|-damage|p1a: Clefable|75/100 par
|move|p1a: Clefable|Thunder Wave|p2a: Blissey
|-status|p2a: Blissey|par
|
|-weather|Sandstorm|[upkeep]
|-damage|p2a: Blissey|69/100 par|[from] Sandstorm
|-heal|p1a: Clefable|81/100 par|[from] item: Leftovers
|upkeep
|turn|161
|
|t:|1750066283
|-curestatus|p2a: Blissey|par|[from] ability: Natural Cure
|switch|p2a: Jellicent|Jellicent, M|62/100
|move|p1a: Clefable|Thunder Wave|p2a: Jellicent
|-status|p2a: Jellicent|par
|
|-weather|Sandstorm|[upkeep]
|-damage|p2a: Jellicent|56/100 par|[from] Sandstorm
|-heal|p2a: Jellicent|62/100 par|[from] item: Leftovers
|-heal|p1a: Clefable|87/100 par|[from] item: Leftovers
|upkeep
|turn|162
|
|t:|1750066298
|switch|p2a: Blissey|Blissey, F|69/100
|move|p1a: Clefable|Thunder Wave|p2a: Blissey
|-status|p2a: Blissey|par
|
|-weather|Sandstorm|[upkeep]
|-damage|p2a: Blissey|63/100 par|[from] Sandstorm
|-heal|p1a: Clefable|93/100 par|[from] item: Leftovers
|upkeep
|turn|163
|
|t:|1750066302
|move|p2a: Blissey|Soft-Boiled|p2a: Blissey
|-heal|p2a: Blissey|100/100 par
|cant|p1a: Clefable|par
|
|-weather|Sandstorm|[upkeep]
|-damage|p2a: Blissey|94/100 par|[from] Sandstorm
|-heal|p1a: Clefable|99/100 par|[from] item: Leftovers
|upkeep
|turn|164
|inactive|maizhelun2000 has 120 seconds left.
|
|t:|1750066330
|-curestatus|p2a: Blissey|par|[from] ability: Natural Cure
|switch|p2a: Gliscor|Gliscor, F|100/100 tox
|switch|p1a: Latios|Latios, M|88/100
|-damage|p1a: Latios|76/100|[from] Stealth Rock
|
|-weather|Sandstorm|[upkeep]
|-damage|p1a: Latios|70/100|[from] Sandstorm
|upkeep
|turn|165
|
|t:|1750066336
|switch|p2a: Blissey|Blissey, F|94/100
|move|p1a: Latios|Dragon Pulse|p2a: Blissey
|-damage|p2a: Blissey|77/100
|
|-weather|Sandstorm|[upkeep]
|-damage|p1a: Latios|64/100|[from] Sandstorm
|-damage|p2a: Blissey|71/100|[from] Sandstorm
|upkeep
|turn|166
|
|t:|1750066344
|switch|p1a: Clefable|Clefable, F|99/100 par
|move|p2a: Blissey|Seismic Toss|p1a: Clefable
|-damage|p1a: Clefable|74/100 par
|
|-weather|Sandstorm|[upkeep]
|-damage|p2a: Blissey|64/100|[from] Sandstorm
|-heal|p1a: Clefable|80/100 par|[from] item: Leftovers
|upkeep
|turn|167
|
|t:|1750066350
|switch|p2a: Jellicent|Jellicent, M|62/100 par
|move|p1a: Clefable|Thunder Wave|p2a: Jellicent
|-fail|p2a: Jellicent|par
|
|-weather|Sandstorm|[upkeep]
|-damage|p2a: Jellicent|56/100 par|[from] Sandstorm
|-heal|p2a: Jellicent|62/100 par|[from] item: Leftovers
|-heal|p1a: Clefable|86/100 par|[from] item: Leftovers
|upkeep
|turn|168
|
|t:|1750066354
|move|p2a: Jellicent|Recover|p2a: Jellicent
|-heal|p2a: Jellicent|100/100 par
|cant|p1a: Clefable|par
|
|-weather|Sandstorm|[upkeep]
|-damage|p2a: Jellicent|94/100 par|[from] Sandstorm
|-heal|p2a: Jellicent|100/100 par|[from] item: Leftovers
|-heal|p1a: Clefable|92/100 par|[from] item: Leftovers
|upkeep
|turn|169
|
|t:|1750066357
|switch|p2a: Blissey|Blissey, F|64/100
|move|p1a: Clefable|Thunder Wave|p2a: Blissey
|-status|p2a: Blissey|par
|
|-weather|Sandstorm|[upkeep]
|-damage|p2a: Blissey|58/100 par|[from] Sandstorm
|-heal|p1a: Clefable|98/100 par|[from] item: Leftovers
|upkeep
|turn|170
|
|t:|1750066361
|move|p2a: Blissey|Soft-Boiled|p2a: Blissey
|-heal|p2a: Blissey|100/100 par
|move|p1a: Clefable|Thunder Wave|p2a: Blissey
|-fail|p2a: Blissey|par
|
|-weather|Sandstorm|[upkeep]
|-damage|p2a: Blissey|94/100 par|[from] Sandstorm
|-heal|p1a: Clefable|100/100 par|[from] item: Leftovers
|upkeep
|turn|171
|inactive|maizhelun2000 has 120 seconds left.
|
|t:|1750066372
|-curestatus|p2a: Blissey|par|[from] ability: Natural Cure
|switch|p2a: Jellicent|Jellicent, M|100/100 par
|move|p1a: Clefable|Thunder Wave|p2a: Jellicent
|-fail|p2a: Jellicent|par
|
|-weather|Sandstorm|[upkeep]
|-damage|p2a: Jellicent|94/100 par|[from] Sandstorm
|-heal|p2a: Jellicent|100/100 par|[from] item: Leftovers
|upkeep
|turn|172
|inactive|maizhelun2000 has 120 seconds left.
|
|t:|1750066387
|switch|p2a: Blissey|Blissey, F|94/100
|cant|p1a: Clefable|par
|
|-weather|Sandstorm|[upkeep]
|-damage|p2a: Blissey|88/100|[from] Sandstorm
|upkeep
|turn|173
|
|t:|1750066389
|switch|p2a: Jellicent|Jellicent, M|100/100 par
|move|p1a: Clefable|Thunder Wave|p2a: Jellicent
|-fail|p2a: Jellicent|par
|
|-weather|Sandstorm|[upkeep]
|-damage|p2a: Jellicent|94/100 par|[from] Sandstorm
|-heal|p2a: Jellicent|100/100 par|[from] item: Leftovers
|upkeep
|turn|174
|
|t:|1750066393
|switch|p2a: Blissey|Blissey, F|88/100
|cant|p1a: Clefable|par
|
|-weather|Sandstorm|[upkeep]
|-damage|p2a: Blissey|82/100|[from] Sandstorm
|upkeep
|turn|175
|
|t:|1750066395
|switch|p2a: Jellicent|Jellicent, M|100/100 par
|move|p1a: Clefable|Thunder Wave|p2a: Jellicent
|-fail|p2a: Jellicent|par
|
|-weather|Sandstorm|[upkeep]
|-damage|p2a: Jellicent|94/100 par|[from] Sandstorm
|-heal|p2a: Jellicent|100/100 par|[from] item: Leftovers
|upkeep
|turn|176
|
|t:|1750066401
|switch|p2a: Blissey|Blissey, F|82/100
|move|p1a: Clefable|Thunder Wave|p2a: Blissey
|-status|p2a: Blissey|par
|
|-weather|Sandstorm|[upkeep]
|-damage|p2a: Blissey|76/100 par|[from] Sandstorm
|upkeep
|turn|177
|
|t:|1750066405
|-curestatus|p2a: Blissey|par|[from] ability: Natural Cure
|switch|p2a: Jellicent|Jellicent, M|100/100 par
|switch|p1a: Latios|Latios, M|64/100
|-damage|p1a: Latios|52/100|[from] Stealth Rock
|
|-weather|Sandstorm|[upkeep]
|-damage|p1a: Latios|46/100|[from] Sandstorm
|-damage|p2a: Jellicent|94/100 par|[from] Sandstorm
|-heal|p2a: Jellicent|100/100 par|[from] item: Leftovers
|upkeep
|turn|178
|
|t:|1750066410
|move|p1a: Latios|Trick|p2a: Jellicent
|-activate|p1a: Latios|move: Trick|[of] p2a: Jellicent
|-enditem|p2a: Jellicent|Leftovers|[silent]|[from] move: Trick
|-item|p1a: Latios|Leftovers|[from] move: Trick
|move|p2a: Jellicent|Shadow Ball|p1a: Latios
|-supereffective|p1a: Latios
|-damage|p1a: Latios|0 fnt
|faint|p1a: Latios
|
|-weather|Sandstorm|[upkeep]
|-damage|p2a: Jellicent|94/100 par|[from] Sandstorm
|upkeep
|
|t:|1750066429
|switch|p1a: Clefable|Clefable, F|100/100 par
|turn|179
|
|t:|1750066438
|switch|p2a: Blissey|Blissey, F|76/100
|move|p1a: Clefable|Thunder Wave|p2a: Blissey
|-status|p2a: Blissey|par
|
|-weather|Sandstorm|[upkeep]
|-damage|p2a: Blissey|70/100 par|[from] Sandstorm
|upkeep
|turn|180
|inactive|maizhelun2000 has 120 seconds left.
|
|t:|1750066453
|-curestatus|p2a: Blissey|par|[from] ability: Natural Cure
|switch|p2a: Jellicent|Jellicent, M|94/100 par
|switch|p1a: Skarmory|Skarmory, M|80/100
|-damage|p1a: Skarmory|67/100|[from] Stealth Rock
|
|-weather|Sandstorm|[upkeep]
|-damage|p2a: Jellicent|88/100 par|[from] Sandstorm
|-heal|p1a: Skarmory|73/100|[from] item: Leftovers
|upkeep
|turn|181
|
|t:|1750066462
|move|p1a: Skarmory|Spikes|p2a: Jellicent
|-sidestart|p2: lazyhrpseal|Spikes
|cant|p2a: Jellicent|par
|
|-weather|Sandstorm|[upkeep]
|-damage|p2a: Jellicent|82/100 par|[from] Sandstorm
|-heal|p1a: Skarmory|79/100|[from] item: Leftovers
|upkeep
|turn|182
|
|t:|1750066475
|switch|p1a: Clefable|Clefable, F|100/100 par
|move|p2a: Jellicent|Will-O-Wisp||[still]
|-fail|p2a: Jellicent
|
|-weather|Sandstorm|[upkeep]
|-damage|p2a: Jellicent|76/100 par|[from] Sandstorm
|upkeep
|turn|183
|
|t:|1750066482
|move|p2a: Jellicent|Recover|p2a: Jellicent
|-heal|p2a: Jellicent|100/100 par
|move|p1a: Clefable|Thunder Wave|p2a: Jellicent
|-fail|p2a: Jellicent|par
|
|-weather|Sandstorm|[upkeep]
|-damage|p2a: Jellicent|94/100 par|[from] Sandstorm
|upkeep
|turn|184
|
|t:|1750066488
|move|p2a: Jellicent|Taunt|p1a: Clefable
|-start|p1a: Clefable|move: Taunt
|cant|p1a: Clefable|move: Taunt|Thunder Wave
|
|-weather|Sandstorm|[upkeep]
|-damage|p2a: Jellicent|88/100 par|[from] Sandstorm
|upkeep
|turn|185
|
|t:|1750066494
|switch|p1a: Hippowdon|Hippowdon, F|74/100 tox
|-damage|p1a: Hippowdon|68/100 tox|[from] Stealth Rock
|-damage|p1a: Hippowdon|43/100 tox|[from] Spikes
|move|p2a: Jellicent|Shadow Ball|p1a: Hippowdon
|-damage|p1a: Hippowdon|26/100 tox
|-unboost|p1a: Hippowdon|spd|1
|
|-weather|Sandstorm|[upkeep]
|-damage|p2a: Jellicent|82/100 par|[from] Sandstorm
|-heal|p1a: Hippowdon|32/100 tox|[from] item: Leftovers
|-damage|p1a: Hippowdon|26/100 tox|[from] psn
|upkeep
|turn|186
|
|t:|1750066502
|switch|p2a: Gliscor|Gliscor, F|100/100 tox
|move|p1a: Hippowdon|Stealth Rock|p2a: Gliscor
|-sidestart|p2: lazyhrpseal|move: Stealth Rock
|
|-weather|Sandstorm|[upkeep]
|-heal|p1a: Hippowdon|32/100 tox|[from] item: Leftovers
|-damage|p1a: Hippowdon|20/100 tox|[from] psn
|upkeep
|turn|187
|
|t:|1750066508
|move|p2a: Gliscor|Facade|p1a: Hippowdon
|-damage|p1a: Hippowdon|0 fnt
|faint|p1a: Hippowdon
|
|-weather|Sandstorm|[upkeep]
|upkeep
|
|t:|1750066512
|switch|p1a: Skarmory|Skarmory, M|79/100
|-damage|p1a: Skarmory|67/100|[from] Stealth Rock
|turn|188
|
|t:|1750066517
|move|p2a: Gliscor|Swords Dance|p2a: Gliscor
|-boost|p2a: Gliscor|atk|2
|move|p1a: Skarmory|Roost|p1a: Skarmory
|-heal|p1a: Skarmory|100/100
|-singleturn|p1a: Skarmory|move: Roost
|
|-weather|Sandstorm|[upkeep]
|upkeep
|turn|189
|inactive|maizhelun2000 has 120 seconds left.
|
|t:|1750066524
|move|p2a: Gliscor|Ice Fang|p1a: Skarmory
|-damage|p1a: Skarmory|80/100
|move|p1a: Skarmory|Whirlwind|p2a: Gliscor
|drag|p2a: Jellicent|Jellicent, M|82/100 par
|-damage|p2a: Jellicent|70/100 par|[from] Spikes
|-damage|p2a: Jellicent|57/100 par|[from] Stealth Rock
|
|-weather|Sandstorm|[upkeep]
|-damage|p2a: Jellicent|51/100 par|[from] Sandstorm
|-heal|p1a: Skarmory|86/100|[from] item: Leftovers
|upkeep
|turn|190
|inactive|maizhelun2000 has 120 seconds left.
|
|t:|1750066532
|move|p1a: Skarmory|Brave Bird|p2a: Jellicent
|-damage|p2a: Jellicent|24/100 par
|-damage|p1a: Skarmory|75/100|[from] Recoil
|cant|p2a: Jellicent|par
|
|-weather|Sandstorm|[upkeep]
|-damage|p2a: Jellicent|17/100 par|[from] Sandstorm
|-heal|p1a: Skarmory|81/100|[from] item: Leftovers
|upkeep
|turn|191
|
|t:|1750066537
|move|p1a: Skarmory|Brave Bird|p2a: Jellicent
|-damage|p2a: Jellicent|0 fnt
|faint|p2a: Jellicent
|-damage|p1a: Skarmory|74/100|[from] Recoil
|
|-weather|Sandstorm|[upkeep]
|-heal|p1a: Skarmory|80/100|[from] item: Leftovers
|upkeep
|
|t:|1750066539
|switch|p2a: Gliscor|Gliscor, F|100/100 tox
|-damage|p2a: Gliscor|88/100 tox|[from] Stealth Rock
|turn|192
|
|t:|1750066542
|move|p2a: Gliscor|Swords Dance|p2a: Gliscor
|-boost|p2a: Gliscor|atk|2
|move|p1a: Skarmory|Whirlwind|p2a: Gliscor
|drag|p2a: Blissey|Blissey, F|70/100
|-damage|p2a: Blissey|57/100|[from] Spikes
|-damage|p2a: Blissey|45/100|[from] Stealth Rock
|
|-weather|Sandstorm|[upkeep]
|-damage|p2a: Blissey|39/100|[from] Sandstorm
|-heal|p1a: Skarmory|86/100|[from] item: Leftovers
|upkeep
|turn|193
|
|t:|1750066549
|move|p2a: Blissey|Soft-Boiled|p2a: Blissey
|-heal|p2a: Blissey|89/100
|move|p1a: Skarmory|Spikes|p2a: Blissey
|-sidestart|p2: lazyhrpseal|Spikes
|
|-weather|Sandstorm|[upkeep]
|-damage|p2a: Blissey|82/100|[from] Sandstorm
|-heal|p1a: Skarmory|92/100|[from] item: Leftovers
|upkeep
|turn|194
|
|t:|1750066554
|switch|p2a: Forretress|Forretress, M|14/100
|-damage|p2a: Forretress|0 fnt|[from] Spikes
|faint|p2a: Forretress
|move|p1a: Skarmory|Spikes|p2: Forretress
|-sidestart|p2: lazyhrpseal|Spikes
|
|-weather|Sandstorm|[upkeep]
|-heal|p1a: Skarmory|98/100|[from] item: Leftovers
|upkeep
|
|t:|1750066557
|switch|p2a: Blissey|Blissey, F|82/100
|-damage|p2a: Blissey|58/100|[from] Spikes
|-damage|p2a: Blissey|45/100|[from] Stealth Rock
|turn|195
|
|t:|1750066564
|switch|p1a: Clefable|Clefable, F|100/100 par
|move|p2a: Blissey|Thunder Wave|p1a: Clefable
|-fail|p1a: Clefable|par
|
|-weather|Sandstorm|[upkeep]
|-damage|p2a: Blissey|39/100|[from] Sandstorm
|upkeep
|turn|196
|
|t:|1750066573
|move|p2a: Blissey|Thunder Wave|p1a: Clefable
|-fail|p1a: Clefable|par
|move|p1a: Clefable|Ice Beam|p2a: Blissey
|-damage|p2a: Blissey|32/100
|
|-weather|Sandstorm|[upkeep]
|-damage|p2a: Blissey|26/100|[from] Sandstorm
|upkeep
|turn|197
|
|t:|1750066582
|move|p2a: Blissey|Thunder Wave|p1a: Clefable
|-fail|p1a: Clefable|par
|move|p1a: Clefable|Ice Beam|p2a: Blissey
|-damage|p2a: Blissey|19/100
|
|-weather|Sandstorm|[upkeep]
|-damage|p2a: Blissey|13/100|[from] Sandstorm
|upkeep
|turn|198
|
|t:|1750066584
|move|p2a: Blissey|Thunder Wave|p1a: Clefable
|-fail|p1a: Clefable|par
|move|p1a: Clefable|Ice Beam|p2a: Blissey
|-damage|p2a: Blissey|6/100
|
|-weather|Sandstorm|[upkeep]
|-damage|p2a: Blissey|0 fnt|[from] Sandstorm
|faint|p2a: Blissey
|upkeep
|
|t:|1750066586
|switch|p2a: Gliscor|Gliscor, F|88/100 tox
|-damage|p2a: Gliscor|75/100 tox|[from] Stealth Rock
|turn|199
|
|t:|1750066590
|move|p2a: Gliscor|Swords Dance|p2a: Gliscor
|-boost|p2a: Gliscor|atk|2
|move|p1a: Clefable|Ice Beam|p2a: Gliscor
|-supereffective|p2a: Gliscor
|-damage|p2a: Gliscor|6/100 tox
|
|-weather|Sandstorm|[upkeep]
|-heal|p2a: Gliscor|19/100 tox|[from] ability: Poison Heal
|upkeep
|turn|200
|
|t:|1750066593
|move|p2a: Gliscor|Facade|p1a: Clefable
|-crit|p1a: Clefable
|-damage|p1a: Clefable|0 fnt
|faint|p1a: Clefable
|
|-weather|Sandstorm|[upkeep]
|-heal|p2a: Gliscor|31/100 tox|[from] ability: Poison Heal
|upkeep
|
|t:|1750066597
|switch|p1a: Alakazam|Alakazam, F|1/100
|turn|201
|
|t:|1750066599
|move|p1a: Alakazam|Hidden Power|p2a: Gliscor
|-supereffective|p2a: Gliscor
|-damage|p2a: Gliscor|0 fnt
|faint|p2a: Gliscor
|
|win|maizhelun2000
|raw|maizhelun2000's rating: 1335 &rarr; <strong>1361</strong><br />(+26 for winning)
|raw|lazyhrpseal's rating: 1452 &rarr; <strong>1426</strong><br />(-26 for losing)
|l|☆lazyhrpseal
|player|p2|
