|j|☆Claude's Journey
|j|☆steamrat
|t:|1747801144
|gametype|singles
|player|p1|Claude's Journey|lass-gen1rb|1359
|player|p2|steamrat|170|1528
|teamsize|p1|6
|teamsize|p2|6
|gen|5
|tier|[Gen 5] OU
|rated|
|rule|Species Clause: Limit one of each Pokémon
|rule|OHKO Clause: OHKO moves are banned
|rule|Moody Clause: Moody is banned
|rule|Evasion Items Clause: Evasion items are banned
|rule|Evasion Moves Clause: Evasion moves are banned
|rule|Endless Battle Clause: Forcing endless battles is banned
|rule|HP Percentage Mod: HP is shown in percentages
|rule|Evasion Abilities Clause: Evasion abilities are banned
|rule|Sleep Moves Clause: Sleep-inducing moves are banned
|rule|Swagger Clause: Swagger is banned
|rule|Baton Pass Stat Clause: No Baton Passer may have a way to boost its stats
|clearpoke
|poke|p1|Politoed, F|item
|poke|p1|Ferrothorn, F|item
|poke|p1|Volcarona, M|item
|poke|p1|Excadrill, F|item
|poke|p1|Latios, M|item
|poke|p1|Azumarill, F|item
|poke|p2|Tyranitar, M|item
|poke|p2|Rotom-Wash|item
|poke|p2|Latios, M|item
|poke|p2|Ferrothorn, M|item
|poke|p2|Alakazam, M|item
|poke|p2|Landorus-Therian, M|item
|teampreview
|
|t:|1747801175
|start
|switch|p1a: Ferrothorn|Ferrothorn, F|100/100
|switch|p2a: Rotom|Rotom-Wash|100/100
|turn|1
|
|t:|1747801201
|move|p2a: Rotom|Hidden Power|p1a: Ferrothorn
|-supereffective|p1a: Ferrothorn
|-damage|p1a: Ferrothorn|43/100
|move|p1a: Ferrothorn|Stealth Rock|p2a: Rotom
|-sidestart|p2: steamrat|move: Stealth Rock
|
|upkeep
|turn|2
|
|t:|1747801215
|move|p2a: Rotom|Hidden Power|p1a: Ferrothorn
|-supereffective|p1a: Ferrothorn
|-damage|p1a: Ferrothorn|0 fnt
|faint|p1a: Ferrothorn
|
|upkeep
|
|t:|1747801220
|switch|p1a: Excadrill|Excadrill, F|100/100
|-ability|p1a: Excadrill|Mold Breaker
|turn|3
|
|t:|1747801226
|switch|p2a: Landorus|Landorus-Therian, M|100/100
|-damage|p2a: Landorus|88/100|[from] Stealth Rock
|-ability|p2a: Landorus|Intimidate|boost
|-unboost|p1a: Excadrill|atk|1
|switch|p1a: Politoed|Politoed, F|100/100
|-weather|RainDance|[from] ability: Drizzle|[of] p1a: Politoed
|
|-weather|RainDance|[upkeep]
|-heal|p2a: Landorus|94/100|[from] item: Leftovers
|upkeep
|turn|4
|
|t:|1747801233
|switch|p2a: Latios|Latios, M|100/100
|-damage|p2a: Latios|88/100|[from] Stealth Rock
|move|p1a: Politoed|Scald|p2a: Latios
|-resisted|p2a: Latios
|-damage|p2a: Latios|67/100
|-status|p2a: Latios|brn
|
|-weather|RainDance|[upkeep]
|-damage|p2a: Latios|54/100 brn|[from] brn
|upkeep
|turn|5
|
|t:|1747801237
|move|p1a: Politoed|Protect|p1a: Politoed
|-singleturn|p1a: Politoed|Protect
|move|p2a: Latios|Recover|p2a: Latios
|-heal|p2a: Latios|100/100 brn
|
|-weather|RainDance|[upkeep]
|-damage|p2a: Latios|88/100 brn|[from] brn
|upkeep
|turn|6
|
|t:|1747801240
|move|p2a: Latios|Psycho Shift|p1a: Politoed
|-status|p1a: Politoed|brn
|-curestatus|p2a: Latios|brn|[msg]
|move|p1a: Politoed|Scald|p2a: Latios
|-resisted|p2a: Latios
|-damage|p2a: Latios|69/100
|
|-weather|RainDance|[upkeep]
|-damage|p1a: Politoed|88/100 brn|[from] brn
|upkeep
|turn|7
|
|t:|1747801247
|move|p2a: Latios|Draco Meteor|p1a: Politoed
|-damage|p1a: Politoed|18/100 brn
|-unboost|p2a: Latios|spa|2
|move|p1a: Politoed|Encore|p2a: Latios
|-start|p2a: Latios|Encore
|
|-weather|RainDance|[upkeep]
|-heal|p1a: Politoed|25/100 brn|[from] item: Leftovers
|-damage|p1a: Politoed|12/100 brn|[from] brn
|upkeep
|turn|8
|
|t:|1747801279
|switch|p2a: Ferrothorn|Ferrothorn, M|100/100
|-damage|p2a: Ferrothorn|95/100|[from] Stealth Rock
|move|p1a: Politoed|Scald|p2a: Ferrothorn
|-resisted|p2a: Ferrothorn
|-damage|p2a: Ferrothorn|79/100
|
|-weather|RainDance|[upkeep]
|-heal|p1a: Politoed|18/100 brn|[from] item: Leftovers
|-heal|p2a: Ferrothorn|85/100|[from] item: Leftovers
|-damage|p1a: Politoed|6/100 brn|[from] brn
|upkeep
|turn|9
|
|t:|1747801287
|move|p1a: Politoed|Scald|p2a: Ferrothorn
|-resisted|p2a: Ferrothorn
|-damage|p2a: Ferrothorn|71/100
|-status|p2a: Ferrothorn|brn
|move|p2a: Ferrothorn|Spikes|p1a: Politoed
|-sidestart|p1: Claude's Journey|Spikes
|
|-weather|RainDance|[upkeep]
|-heal|p1a: Politoed|12/100 brn|[from] item: Leftovers
|-heal|p2a: Ferrothorn|77/100 brn|[from] item: Leftovers
|-damage|p1a: Politoed|0 fnt|[from] brn
|faint|p1a: Politoed
|-damage|p2a: Ferrothorn|65/100 brn|[from] brn
|upkeep
|
|t:|1747801291
|switch|p1a: Volcarona|Volcarona, M|100/100
|-damage|p1a: Volcarona|88/100|[from] Spikes
|turn|10
|
|t:|1747801292
|move|p1a: Volcarona|Quiver Dance|p1a: Volcarona
|-boost|p1a: Volcarona|spa|1
|-boost|p1a: Volcarona|spd|1
|-boost|p1a: Volcarona|spe|1
|move|p2a: Ferrothorn|Thunder Wave|p1a: Volcarona
|-status|p1a: Volcarona|par
|
|-weather|RainDance|[upkeep]
|-heal|p2a: Ferrothorn|71/100 brn|[from] item: Leftovers
|-damage|p2a: Ferrothorn|58/100 brn|[from] brn
|upkeep
|turn|11
|
|t:|1747801305
|move|p1a: Volcarona|Bug Buzz|p2a: Ferrothorn
|-damage|p2a: Ferrothorn|0 fnt
|faint|p2a: Ferrothorn
|-damage|p1a: Volcarona|78/100 par|[from] item: Life Orb
|
|-weather|RainDance|[upkeep]
|upkeep
|
|t:|1747801312
|switch|p2a: Landorus|Landorus-Therian, M|94/100
|-damage|p2a: Landorus|82/100|[from] Stealth Rock
|-ability|p2a: Landorus|Intimidate|boost
|-unboost|p1a: Volcarona|atk|1
|turn|12
|
|t:|1747801316
|move|p2a: Landorus|Earthquake|p1a: Volcarona
|-damage|p1a: Volcarona|10/100 par
|move|p1a: Volcarona|Hurricane|p2a: Landorus
|-damage|p2a: Landorus|0 fnt
|faint|p2a: Landorus
|-damage|p1a: Volcarona|0 fnt|[from] item: Life Orb
|faint|p1a: Volcarona
|
|-weather|RainDance|[upkeep]
|upkeep
|
|t:|1747801329
|switch|p1a: Azumarill|Azumarill, F|100/100
|switch|p2a: Rotom|Rotom-Wash|100/100
|-damage|p2a: Rotom|88/100|[from] Stealth Rock
|-damage|p1a: Azumarill|88/100|[from] Spikes
|turn|13
|
|t:|1747801332
|switch|p1a: Excadrill|Excadrill, F|100/100
|-damage|p1a: Excadrill|88/100|[from] Spikes
|-ability|p1a: Excadrill|Mold Breaker
|move|p2a: Rotom|Volt Switch|p1a: Excadrill
|-immune|p1a: Excadrill
|
|-weather|RainDance|[upkeep]
|-heal|p1a: Excadrill|94/100|[from] item: Leftovers
|upkeep
|turn|14
|
|t:|1747801349
|switch|p2a: Alakazam|Alakazam, M|100/100
|move|p1a: Excadrill|Earthquake|p2a: Alakazam
|-crit|p2a: Alakazam
|-damage|p2a: Alakazam|0 fnt
|faint|p2a: Alakazam
|
|-weather|RainDance|[upkeep]
|-heal|p1a: Excadrill|99/100|[from] item: Leftovers
|upkeep
|
|t:|1747801351
|switch|p2a: Rotom|Rotom-Wash|88/100
|-damage|p2a: Rotom|76/100|[from] Stealth Rock
|turn|15
|
|t:|1747801359
|move|p2a: Rotom|Hydro Pump|p1a: Excadrill
|-supereffective|p1a: Excadrill
|-damage|p1a: Excadrill|0 fnt
|faint|p1a: Excadrill
|
|-weather|RainDance|[upkeep]
|upkeep
|
|t:|1747801362
|switch|p1a: Azumarill|Azumarill, F|88/100
|-damage|p1a: Azumarill|76/100|[from] Spikes
|turn|16
|
|t:|1747801366
|switch|p2a: Latios|Latios, M|69/100
|-damage|p2a: Latios|57/100|[from] Stealth Rock
|move|p1a: Azumarill|Aqua Tail|p2a: Latios
|-resisted|p2a: Latios
|-damage|p2a: Latios|0 fnt
|faint|p2a: Latios
|
|-weather|RainDance|[upkeep]
|upkeep
|
|t:|1747801375
|switch|p2a: Rotom|Rotom-Wash|76/100
|-damage|p2a: Rotom|63/100|[from] Stealth Rock
|turn|17
|
|t:|1747801442
|switch|p1a: Latios|Latios, M|100/100
|move|p2a: Rotom|Volt Switch|p1a: Latios
|-resisted|p1a: Latios
|-damage|p1a: Latios|85/100
|
|t:|1747801443
|switch|p2a: Tyranitar|Tyranitar, M|100/100|[from] Volt Switch
|-damage|p2a: Tyranitar|88/100|[from] Stealth Rock
|-weather|Sandstorm|[from] ability: Sand Stream|[of] p2a: Tyranitar
|
|-weather|Sandstorm|[upkeep]
|-damage|p1a: Latios|79/100|[from] Sandstorm
|upkeep
|turn|18
|
|t:|1747801451
|-activate|p1a: Latios|move: Pursuit
|move|p2a: Tyranitar|Pursuit|p1a: Latios|[from] Pursuit
|-supereffective|p1a: Latios
|-enditem|p1a: Latios|Colbur Berry|[eat]
|-enditem|p1a: Latios|Colbur Berry|[weaken]
|-damage|p1a: Latios|35/100
|switch|p1a: Azumarill|Azumarill, F|76/100
|-damage|p1a: Azumarill|63/100|[from] Spikes
|
|-weather|Sandstorm|[upkeep]
|-damage|p1a: Azumarill|57/100|[from] Sandstorm
|upkeep
|turn|19
|
|t:|1747801456
|move|p1a: Azumarill|Aqua Tail|p2a: Tyranitar
|-supereffective|p2a: Tyranitar
|-damage|p2a: Tyranitar|0 fnt
|faint|p2a: Tyranitar
|
|-weather|Sandstorm|[upkeep]
|-damage|p1a: Azumarill|51/100|[from] Sandstorm
|upkeep
|
|t:|1747801458
|switch|p2a: Rotom|Rotom-Wash|63/100
|-damage|p2a: Rotom|51/100|[from] Stealth Rock
|turn|20
|
|t:|1747801530
|move|p1a: Azumarill|Aqua Jet|p2a: Rotom
|-resisted|p2a: Rotom
|-damage|p2a: Rotom|33/100
|move|p2a: Rotom|Hydro Pump|p1a: Azumarill
|-resisted|p1a: Azumarill
|-damage|p1a: Azumarill|21/100
|
|-weather|Sandstorm|[upkeep]
|-damage|p2a: Rotom|27/100|[from] Sandstorm
|-damage|p1a: Azumarill|15/100|[from] Sandstorm
|upkeep
|turn|21
|
|t:|1747801539
|move|p1a: Azumarill|Aqua Jet|p2a: Rotom
|-resisted|p2a: Rotom
|-damage|p2a: Rotom|9/100
|move|p2a: Rotom|Hydro Pump|p1a: Azumarill
|-resisted|p1a: Azumarill
|-damage|p1a: Azumarill|0 fnt
|faint|p1a: Azumarill
|
|-weather|Sandstorm|[upkeep]
|-damage|p2a: Rotom|3/100|[from] Sandstorm
|upkeep
|
|t:|1747801541
|switch|p1a: Latios|Latios, M|35/100
|turn|22
|
|t:|1747801544
|move|p2a: Rotom|Hydro Pump|p1a: Latios
|-resisted|p1a: Latios
|-damage|p1a: Latios|5/100
|move|p1a: Latios|Recover|p1a: Latios
|-heal|p1a: Latios|55/100
|
|-weather|Sandstorm|[upkeep]
|-damage|p2a: Rotom|0 fnt|[from] Sandstorm
|-damage|p1a: Latios|50/100|[from] Sandstorm
|faint|p2a: Rotom
|
|win|Claude's Journey
|raw|Claude&apos;s Journey's rating: 1359 &rarr; <strong>1388</strong><br />(+29 for winning)
|raw|steamrat's rating: 1528 &rarr; <strong>1499</strong><br />(-29 for losing)
|l|☆steamrat
|player|p2|
