|j|☆nx3 sobcay
|j|☆BW All Star
|player|p1|nx3 sobcay|1|1430
|player|p2|BW All Star|102|1296
|teamsize|p1|6
|teamsize|p2|6
|gametype|singles
|gen|5
|tier|[Gen 5] OU
|rated|
|rule|Sleep Clause Mod: Limit one foe put to sleep
|rule|Species Clause: Limit one of each Pokémon
|rule|OHKO Clause: OHKO moves are banned
|rule|Moody Clause: Moody is banned
|rule|Evasion Moves Clause: Evasion moves are banned
|rule|Endless Battle Clause: Forcing endless battles is banned
|rule|HP Percentage Mod: HP is shown in percentages
|rule|Evasion Abilities Clause: Evasion abilities are banned
|rule|Baton Pass Clause: Limit one Baton Passer, can't pass Spe and other stats simultaneously
|rule|Swagger Clause: Swagger is banned
|clearpoke
|poke|p1|Tyranitar, F|item
|poke|p1|Scizor, F|item
|poke|p1|Starmie|item
|poke|p1|Breloom, M|item
|poke|p1|Thundurus-Therian, M|item
|poke|p1|Lucario, M|item
|poke|p2|Tyranitar, M|item
|poke|p2|Landorus-Therian, M|item
|poke|p2|Heatran, F|item
|poke|p2|Mew|item
|poke|p2|Breloom, F|item
|poke|p2|Starmie|item
|teampreview
|inactive|Battle timer is ON: inactive players will automatically lose when time's up. (requested by BW All Star)
|c|☆BW All Star|hf
|
|start
|switch|p1a: Breloom|Breloom, M|100/100
|switch|p2a: Mew|Mew, shiny|100/100
|turn|1
|
|move|p2a: Mew|Taunt|p1a: Breloom
|-start|p1a: Breloom|move: Taunt
|cant|p1a: Breloom|move: Taunt|Spore
|
|upkeep
|turn|2
|
|move|p2a: Mew|Will-O-Wisp|p1a: Breloom|[miss]
|-miss|p2a: Mew|p1a: Breloom
|move|p1a: Breloom|Bullet Seed|p2a: Mew
|-damage|p2a: Mew|87/100
|-damage|p2a: Mew|73/100
|-damage|p2a: Mew|61/100
|-damage|p2a: Mew|48/100
|-hitcount|p2a: Mew|4
|
|-heal|p2a: Mew|54/100|[from] item: Leftovers
|upkeep
|turn|3
|
|switch|p1a: Starmie|Starmie|100/100
|move|p2a: Mew|Will-O-Wisp|p1a: Starmie
|-status|p1a: Starmie|brn
|
|-heal|p2a: Mew|61/100|[from] item: Leftovers
|-damage|p1a: Starmie|88/100 brn|[from] brn
|upkeep
|turn|4
|
|switch|p2a: Breloom|Breloom, F, shiny|100/100
|move|p1a: Starmie|Scald|p2a: Breloom
|-resisted|p2a: Breloom
|-damage|p2a: Breloom|86/100
|
|-heal|p1a: Starmie|94/100 brn|[from] item: Leftovers
|-damage|p1a: Starmie|82/100 brn|[from] brn
|-status|p2a: Breloom|tox|[from] item: Toxic Orb
|upkeep
|turn|5
|
|switch|p2a: Tyranitar|Tyranitar, M|100/100
|-weather|Sandstorm|[from] ability: Sand Stream|[of] p2a: Tyranitar
|move|p1a: Starmie|Psyshock|p2a: Tyranitar
|-immune|p2a: Tyranitar
|
|-weather|Sandstorm|[upkeep]
|-damage|p1a: Starmie|76/100 brn|[from] Sandstorm
|-heal|p1a: Starmie|82/100 brn|[from] item: Leftovers
|-damage|p1a: Starmie|70/100 brn|[from] brn
|upkeep
|turn|6
|
|move|p1a: Starmie|Scald|p2a: Tyranitar
|-supereffective|p2a: Tyranitar
|-damage|p2a: Tyranitar|72/100
|move|p2a: Tyranitar|Pursuit|p1a: Starmie
|-supereffective|p1a: Starmie
|-crit|p1a: Starmie
|-damage|p1a: Starmie|0 fnt
|faint|p1a: Starmie
|
|-weather|Sandstorm|[upkeep]
|upkeep
|
|switch|p1a: Lucario|Lucario, M|100/100
|turn|7
|
|switch|p2a: Starmie|Starmie, shiny|100/100
|move|p1a: Lucario|Swords Dance|p1a: Lucario
|-boost|p1a: Lucario|atk|2
|
|-weather|Sandstorm|[upkeep]
|-damage|p2a: Starmie|94/100|[from] Sandstorm
|-heal|p2a: Starmie|100/100|[from] item: Leftovers
|upkeep
|turn|8
|
|move|p1a: Lucario|Extreme Speed|p2a: Starmie
|-damage|p2a: Starmie|40/100
|move|p2a: Starmie|Scald|p1a: Lucario
|-damage|p1a: Lucario|54/100
|
|-weather|Sandstorm|[upkeep]
|-damage|p2a: Starmie|34/100|[from] Sandstorm
|-heal|p2a: Starmie|40/100|[from] item: Leftovers
|upkeep
|turn|9
|
|switch|p2a: Breloom|Breloom, F, shiny|86/100 tox
|move|p1a: Lucario|Ice Punch|p2a: Breloom
|-supereffective|p2a: Breloom
|-damage|p2a: Breloom|0 fnt
|faint|p2a: Breloom
|
|-weather|Sandstorm|[upkeep]
|upkeep
|
|switch|p2a: Landorus|Landorus-Therian, M|100/100
|-ability|p2a: Landorus|Intimidate|boost
|-unboost|p1a: Lucario|atk|1
|turn|10
|
|move|p2a: Landorus|Earthquake|p1a: Lucario
|-supereffective|p1a: Lucario
|-crit|p1a: Lucario
|-damage|p1a: Lucario|0 fnt
|faint|p1a: Lucario
|
|-weather|Sandstorm|[upkeep]
|upkeep
|
|switch|p1a: Thundurus|Thundurus-Therian, M|100/100
|turn|11
|
|switch|p2a: Tyranitar|Tyranitar, M|72/100
|move|p1a: Thundurus|Agility|p1a: Thundurus
|-boost|p1a: Thundurus|spe|2
|
|-weather|Sandstorm|[upkeep]
|-damage|p1a: Thundurus|94/100|[from] Sandstorm
|-heal|p1a: Thundurus|100/100|[from] item: Leftovers
|upkeep
|turn|12
|
|move|p1a: Thundurus|Focus Blast|p2a: Tyranitar
|-supereffective|p2a: Tyranitar
|-enditem|p2a: Tyranitar|Chople Berry|[eat]
|-enditem|p2a: Tyranitar|Chople Berry|[weaken]
|-damage|p2a: Tyranitar|23/100
|move|p2a: Tyranitar|Crunch|p1a: Thundurus
|-damage|p1a: Thundurus|43/100
|
|-weather|Sandstorm|[upkeep]
|-damage|p1a: Thundurus|37/100|[from] Sandstorm
|-heal|p1a: Thundurus|43/100|[from] item: Leftovers
|upkeep
|turn|13
|
|move|p1a: Thundurus|Thunderbolt|p2a: Tyranitar
|-damage|p2a: Tyranitar|0 fnt
|faint|p2a: Tyranitar
|
|-weather|Sandstorm|[upkeep]
|-damage|p1a: Thundurus|37/100|[from] Sandstorm
|-heal|p1a: Thundurus|43/100|[from] item: Leftovers
|upkeep
|
|switch|p2a: Heatran|Heatran, F, shiny|100/100
|turn|14
|
|move|p1a: Thundurus|Focus Blast|p2a: Heatran
|-supereffective|p2a: Heatran
|-damage|p2a: Heatran|32/100
|move|p2a: Heatran|Lava Plume|p1a: Thundurus
|-damage|p1a: Thundurus|0 fnt
|faint|p1a: Thundurus
|
|-weather|Sandstorm|[upkeep]
|-heal|p2a: Heatran|38/100|[from] item: Leftovers
|upkeep
|
|switch|p1a: Breloom|Breloom, M|100/100
|turn|15
|
|switch|p2a: Mew|Mew, shiny|61/100
|move|p1a: Breloom|Spore|p2a: Mew
|-status|p2a: Mew|slp|[from] move: Spore
|
|-weather|Sandstorm|[upkeep]
|-damage|p2a: Mew|54/100 slp|[from] Sandstorm
|-damage|p1a: Breloom|94/100|[from] Sandstorm
|-heal|p2a: Mew|61/100 slp|[from] item: Leftovers
|upkeep
|turn|16
|
|-singleturn|p1a: Breloom|move: Focus Punch
|switch|p2a: Starmie|Starmie, shiny|40/100
|move|p1a: Breloom|Focus Punch|p2a: Starmie
|-resisted|p2a: Starmie
|-damage|p2a: Starmie|0 fnt
|faint|p2a: Starmie
|
|-weather|Sandstorm|[upkeep]
|-damage|p1a: Breloom|88/100|[from] Sandstorm
|upkeep
|
|switch|p2a: Landorus|Landorus-Therian, M|100/100
|-ability|p2a: Landorus|Intimidate|boost
|-unboost|p1a: Breloom|atk|1
|turn|17
|
|switch|p1a: Scizor|Scizor, F|100/100
|move|p2a: Landorus|Earthquake|p1a: Scizor
|-damage|p1a: Scizor|41/100
|
|-weather|Sandstorm|[upkeep]
|upkeep
|turn|18
|
|move|p1a: Scizor|Bullet Punch|p2a: Landorus
|-damage|p2a: Landorus|39/100
|move|p2a: Landorus|Earthquake|p1a: Scizor
|-damage|p1a: Scizor|0 fnt
|faint|p1a: Scizor
|
|-weather|Sandstorm|[upkeep]
|upkeep
|
|switch|p1a: Breloom|Breloom, M|88/100
|turn|19
|
|switch|p2a: Heatran|Heatran, F, shiny|38/100
|move|p1a: Breloom|Mach Punch|p2a: Heatran
|-supereffective|p2a: Heatran
|-damage|p2a: Heatran|0 fnt
|faint|p2a: Heatran
|
|-weather|Sandstorm|[upkeep]
|-damage|p1a: Breloom|82/100|[from] Sandstorm
|upkeep
|
|switch|p2a: Landorus|Landorus-Therian, M|39/100
|-ability|p2a: Landorus|Intimidate|boost
|-unboost|p1a: Breloom|atk|1
|turn|20
|
|switch|p2a: Mew|Mew, shiny|61/100 slp
|move|p1a: Breloom|Bullet Seed|p2a: Mew
|-damage|p2a: Mew|52/100 slp
|-damage|p2a: Mew|43/100 slp
|-hitcount|p2a: Mew|2
|
|-weather|Sandstorm|[upkeep]
|-damage|p2a: Mew|37/100 slp|[from] Sandstorm
|-damage|p1a: Breloom|76/100|[from] Sandstorm
|-heal|p2a: Mew|43/100 slp|[from] item: Leftovers
|upkeep
|turn|21
|
|cant|p2a: Mew|slp
|move|p1a: Breloom|Bullet Seed|p2a: Mew
|-damage|p2a: Mew|34/100 slp
|-damage|p2a: Mew|26/100 slp
|-hitcount|p2a: Mew|2
|
|-weather|Sandstorm|[upkeep]
|-damage|p2a: Mew|19/100 slp|[from] Sandstorm
|-damage|p1a: Breloom|70/100|[from] Sandstorm
|-heal|p2a: Mew|26/100 slp|[from] item: Leftovers
|upkeep
|turn|22
|
|switch|p1a: Tyranitar|Tyranitar, F|100/100
|-curestatus|p2a: Mew|slp|[msg]
|move|p2a: Mew|Ice Beam|p1a: Tyranitar
|-damage|p1a: Tyranitar|90/100
|
|-weather|Sandstorm|[upkeep]
|-damage|p2a: Mew|19/100|[from] Sandstorm
|-heal|p2a: Mew|26/100|[from] item: Leftovers
|upkeep
|turn|23
|
|move|p2a: Mew|Will-O-Wisp|p1a: Tyranitar
|-status|p1a: Tyranitar|brn
|move|p1a: Tyranitar|Pursuit|p2a: Mew
|-supereffective|p2a: Mew
|-damage|p2a: Mew|13/100
|
|-weather|Sandstorm|[upkeep]
|-damage|p2a: Mew|7/100|[from] Sandstorm
|-heal|p2a: Mew|13/100|[from] item: Leftovers
|-damage|p1a: Tyranitar|77/100 brn|[from] brn
|upkeep
|turn|24
|
|move|p2a: Mew|Soft-Boiled|p2a: Mew
|-heal|p2a: Mew|63/100
|move|p1a: Tyranitar|Pursuit|p2a: Mew
|-supereffective|p2a: Mew
|-damage|p2a: Mew|50/100
|
|-weather|Sandstorm|[upkeep]
|-damage|p2a: Mew|44/100|[from] Sandstorm
|-heal|p2a: Mew|50/100|[from] item: Leftovers
|-damage|p1a: Tyranitar|65/100 brn|[from] brn
|upkeep
|turn|25
|
|move|p2a: Mew|Soft-Boiled|p2a: Mew
|-heal|p2a: Mew|100/100
|move|p1a: Tyranitar|Stealth Rock|p2a: Mew
|-sidestart|p2: BW All Star|move: Stealth Rock
|
|-weather|Sandstorm|[upkeep]
|-damage|p2a: Mew|94/100|[from] Sandstorm
|-heal|p2a: Mew|100/100|[from] item: Leftovers
|-damage|p1a: Tyranitar|52/100 brn|[from] brn
|upkeep
|turn|26
|
|move|p2a: Mew|Ice Beam|p1a: Tyranitar
|-damage|p1a: Tyranitar|43/100 brn
|move|p1a: Tyranitar|Stone Edge|p2a: Mew
|-damage|p2a: Mew|86/100
|
|-weather|Sandstorm|[upkeep]
|-damage|p2a: Mew|80/100|[from] Sandstorm
|-heal|p2a: Mew|86/100|[from] item: Leftovers
|-damage|p1a: Tyranitar|31/100 brn|[from] brn
|upkeep
|turn|27
|
|move|p2a: Mew|Ice Beam|p1a: Tyranitar
|-damage|p1a: Tyranitar|21/100 brn
|move|p1a: Tyranitar|Stone Edge|p2a: Mew
|-damage|p2a: Mew|71/100
|
|-weather|Sandstorm|[upkeep]
|-damage|p2a: Mew|65/100|[from] Sandstorm
|-heal|p2a: Mew|71/100|[from] item: Leftovers
|-damage|p1a: Tyranitar|9/100 brn|[from] brn
|upkeep
|turn|28
|c|☆BW All Star|gg
|
|move|p2a: Mew|Ice Beam|p1a: Tyranitar
|-damage|p1a: Tyranitar|0 fnt
|faint|p1a: Tyranitar
|
|-weather|Sandstorm|[upkeep]
|-damage|p2a: Mew|65/100|[from] Sandstorm
|-heal|p2a: Mew|71/100|[from] item: Leftovers
|upkeep
|
|switch|p1a: Breloom|Breloom, M|70/100
|turn|29
|
|move|p2a: Mew|Ice Beam|p1a: Breloom
|-supereffective|p1a: Breloom
|-damage|p1a: Breloom|0 fnt
|faint|p1a: Breloom
|
|win|BW All Star
|l|☆nx3 sobcay
|raw|nx3 sobcay's rating: 1416 &rarr; <strong>1390</strong><br />(-26 for losing)
|raw|BW All Star's rating: 1296 &rarr; <strong>1329</strong><br />(+33 for winning)
