|j|☆Nugget O Silver
|j|☆epiccure9
|t:|1742609913
|gametype|singles
|player|p1|Nugget O Silver|colress|1296
|player|p2|epiccure9|266|1405
|teamsize|p1|6
|teamsize|p2|6
|gen|5
|tier|[Gen 5] OU
|rated|
|rule|Species Clause: Limit one of each Pokémon
|rule|OHKO Clause: OHKO moves are banned
|rule|Moody Clause: Moody is banned
|rule|Evasion Items Clause: Evasion items are banned
|rule|Evasion Moves Clause: Evasion moves are banned
|rule|Endless Battle Clause: Forcing endless battles is banned
|rule|HP Percentage Mod: HP is shown in percentages
|rule|Evasion Abilities Clause: Evasion abilities are banned
|rule|Sleep Moves Clause: Sleep-inducing moves are banned
|rule|Swagger Clause: Swagger is banned
|rule|Baton Pass Stat Clause: No Baton Passer may have a way to boost its stats
|clearpoke
|poke|p1|Politoed, F|item
|poke|p1|Volcarona, M|item
|poke|p1|Tornadus, M|item
|poke|p1|Starmie|item
|poke|p1|Dragonite, M|item
|poke|p1|Garchomp, F|item
|poke|p2|Politoed, F|item
|poke|p2|Rotom-Wash|item
|poke|p2|Keldeo|item
|poke|p2|Ferrothorn, F|item
|poke|p2|Latios, M|item
|poke|p2|Jirachi|item
|teampreview
|inactive|Battle timer is ON: inactive players will automatically lose when time's up. (requested by Nugget O Silver)
|
|t:|1742609925
|start
|switch|p1a: Former Sea|Garchomp, F, shiny|100/100
|switch|p2a: Rotom|Rotom-Wash|100/100
|turn|1
|
|t:|1742609931
|move|p1a: Former Sea|Stealth Rock|p2a: Rotom
|-sidestart|p2: epiccure9|move: Stealth Rock
|move|p2a: Rotom|Will-O-Wisp|p1a: Former Sea
|-status|p1a: Former Sea|brn
|
|-damage|p1a: Former Sea|88/100 brn|[from] brn
|upkeep
|turn|2
|
|t:|1742609939
|move|p1a: Former Sea|Swords Dance|p1a: Former Sea
|-boost|p1a: Former Sea|atk|2
|move|p2a: Rotom|Hidden Power|p1a: Former Sea
|-supereffective|p1a: Former Sea
|-damage|p1a: Former Sea|16/100 brn
|
|-damage|p1a: Former Sea|4/100 brn|[from] brn
|upkeep
|turn|3
|
|t:|1742609946
|switch|p2a: Ferrothorn|Ferrothorn, F|100/100
|-damage|p2a: Ferrothorn|94/100|[from] Stealth Rock
|move|p1a: Former Sea|Outrage|p2a: Ferrothorn
|-resisted|p2a: Ferrothorn
|-damage|p2a: Ferrothorn|73/100
|-damage|p1a: Former Sea|0 fnt|[from] ability: Iron Barbs|[of] p2a: Ferrothorn
|faint|p1a: Former Sea
|
|-heal|p2a: Ferrothorn|79/100|[from] item: Leftovers
|upkeep
|
|t:|1742609958
|switch|p1a: Unholy Insurgency|Volcarona, M, shiny|100/100
|turn|4
|
|t:|1742609970
|switch|p2a: Politoed|Politoed, F|100/100
|-damage|p2a: Politoed|88/100|[from] Stealth Rock
|-weather|RainDance|[from] ability: Drizzle|[of] p2a: Politoed
|move|p1a: Unholy Insurgency|Quiver Dance|p1a: Unholy Insurgency
|-boost|p1a: Unholy Insurgency|spa|1
|-boost|p1a: Unholy Insurgency|spd|1
|-boost|p1a: Unholy Insurgency|spe|1
|
|-weather|RainDance|[upkeep]
|upkeep
|turn|5
|
|t:|1742609978
|switch|p2a: Keldeo|Keldeo|100/100
|-damage|p2a: Keldeo|94/100|[from] Stealth Rock
|move|p1a: Unholy Insurgency|Hurricane|p2a: Keldeo
|-supereffective|p2a: Keldeo
|-crit|p2a: Keldeo
|-damage|p2a: Keldeo|0 fnt
|faint|p2a: Keldeo
|
|-weather|RainDance|[upkeep]
|upkeep
|
|t:|1742609990
|switch|p2a: Rotom|Rotom-Wash|100/100
|-damage|p2a: Rotom|88/100|[from] Stealth Rock
|turn|6
|
|t:|1742609995
|move|p1a: Unholy Insurgency|Bug Buzz|p2a: Rotom
|-damage|p2a: Rotom|14/100
|move|p2a: Rotom|Hydro Pump|p1a: Unholy Insurgency|[miss]
|-miss|p2a: Rotom|p1a: Unholy Insurgency
|
|-weather|RainDance|[upkeep]
|-heal|p2a: Rotom|20/100|[from] item: Leftovers
|upkeep
|turn|7
|
|t:|1742610001
|move|p1a: Unholy Insurgency|Hurricane|p2a: Rotom
|-resisted|p2a: Rotom
|-damage|p2a: Rotom|0 fnt
|faint|p2a: Rotom
|
|-weather|RainDance|[upkeep]
|upkeep
|
|t:|1742610013
|switch|p2a: Latios|Latios, M|100/100
|-damage|p2a: Latios|88/100|[from] Stealth Rock
|turn|8
|
|t:|1742610016
|move|p1a: Unholy Insurgency|Bug Buzz|p2a: Latios
|-supereffective|p2a: Latios
|-damage|p2a: Latios|0 fnt
|faint|p2a: Latios
|
|-weather|RainDance|[upkeep]
|upkeep
|
|t:|1742610018
|switch|p2a: Jirachi|Jirachi|100/100
|-damage|p2a: Jirachi|94/100|[from] Stealth Rock
|turn|9
|
|t:|1742610023
|move|p1a: Unholy Insurgency|Bug Buzz|p2a: Jirachi
|-damage|p2a: Jirachi|35/100
|move|p2a: Jirachi|Thunder|p1a: Unholy Insurgency
|-damage|p1a: Unholy Insurgency|83/100
|-status|p1a: Unholy Insurgency|par
|-enditem|p1a: Unholy Insurgency|Lum Berry|[eat]
|-curestatus|p1a: Unholy Insurgency|par|[msg]
|
|-weather|RainDance|[upkeep]
|-heal|p2a: Jirachi|41/100|[from] item: Leftovers
|upkeep
|turn|10
|-message|epiccure9 forfeited.
|
|win|Nugget O Silver
|raw|Nugget O Silver's rating: 1296 &rarr; <strong>1329</strong><br />(+33 for winning)
|raw|epiccure9's rating: 1405 &rarr; <strong>1379</strong><br />(-26 for losing)
|l|☆epiccure9
|player|p2|
