|j|☆The Daisuke
|j|☆BW All Star
|player|p1|The Daisuke|152|1446
|player|p2|BW All Star|265|1421
|teamsize|p1|6
|teamsize|p2|6
|gametype|singles
|gen|5
|tier|[Gen 5] OU
|rated|
|rule|Sleep Clause Mod: Limit one foe put to sleep
|rule|Species Clause: Limit one of each Pokémon
|rule|OHKO Clause: OHKO moves are banned
|rule|Moody Clause: Moody is banned
|rule|Evasion Moves Clause: Evasion moves are banned
|rule|Endless Battle Clause: Forcing endless battles is banned
|rule|HP Percentage Mod: HP is shown in percentages
|rule|Evasion Abilities Clause: Evasion abilities are banned
|rule|Baton Pass Clause: Limit one Baton Passer, can't pass Spe and other stats simultaneously
|rule|Swagger Clause: Swagger is banned
|clearpoke
|poke|p1|Tyranitar, M|item
|poke|p1|Seismitoad, M|item
|poke|p1|Latios, M|item
|poke|p1|Tentacruel, F|item
|poke|p1|Ferrothorn, M|item
|poke|p1|Mew|item
|poke|p2|Tyranitar, M|item
|poke|p2|Landorus-Therian, M|item
|poke|p2|Heatran, F|item
|poke|p2|Mew|item
|poke|p2|Breloom, F|item
|poke|p2|Starmie|item
|teampreview
|inactive|Battle timer is ON: inactive players will automatically lose when time's up. (requested by BW All Star)
|inactive|The Daisuke has 120 seconds left.
|
|start
|switch|p1a: Mew|Mew|100/100
|switch|p2a: Breloom|Breloom, F, shiny|100/100
|turn|1
|
|move|p2a: Breloom|Protect|p2a: Breloom
|-singleturn|p2a: Breloom|Protect
|move|p1a: Mew|Taunt|p2a: Breloom
|-activate|p2a: Breloom|move: Protect
|
|-status|p2a: Breloom|tox|[from] item: Toxic Orb
|upkeep
|turn|2
|
|switch|p2a: Heatran|Heatran, F, shiny|100/100
|move|p1a: Mew|Taunt|p2a: Heatran
|-start|p2a: Heatran|move: Taunt
|
|upkeep
|turn|3
|
|switch|p1a: Latios|Latios, M|100/100
|switch|p2a: Breloom|Breloom, F, shiny|100/100 tox
|
|upkeep
|turn|4
|
|switch|p1a: Mew|Mew|100/100
|switch|p2a: Tyranitar|Tyranitar, M|100/100
|-weather|Sandstorm|[from] ability: Sand Stream|[of] p2a: Tyranitar
|
|-weather|Sandstorm|[upkeep]
|-damage|p1a: Mew|94/100|[from] Sandstorm
|-heal|p1a: Mew|100/100|[from] item: Leftovers
|upkeep
|turn|5
|
|switch|p2a: Heatran|Heatran, F, shiny|100/100
|move|p1a: Mew|Will-O-Wisp|p2a: Heatran
|-start|p2a: Heatran|ability: Flash Fire
|
|-weather|Sandstorm|[upkeep]
|-damage|p1a: Mew|94/100|[from] Sandstorm
|-heal|p1a: Mew|100/100|[from] item: Leftovers
|upkeep
|turn|6
|
|switch|p1a: Latios|Latios, M|100/100
|move|p2a: Heatran|Toxic|p1a: Latios
|-status|p1a: Latios|tox
|
|-weather|Sandstorm|[upkeep]
|-damage|p1a: Latios|95/100 tox|[from] Sandstorm
|-damage|p1a: Latios|89/100 tox|[from] psn
|upkeep
|turn|7
|
|move|p2a: Heatran|Protect|p2a: Heatran
|-singleturn|p2a: Heatran|Protect
|move|p1a: Latios|Trick|p2a: Heatran
|-activate|p2a: Heatran|move: Protect
|
|-weather|Sandstorm|[upkeep]
|-damage|p1a: Latios|83/100 tox|[from] Sandstorm
|-damage|p1a: Latios|71/100 tox|[from] psn
|upkeep
|turn|8
|
|-end|p2a: Heatran|ability: Flash Fire|[silent]
|switch|p2a: Starmie|Starmie, shiny|100/100
|move|p1a: Latios|Trick|p2a: Starmie
|-activate|p1a: Latios|move: Trick|[of] p2a: Starmie
|-item|p2a: Starmie|Choice Scarf|[from] move: Trick
|-item|p1a: Latios|Leftovers|[from] move: Trick
|
|-weather|Sandstorm|[upkeep]
|-damage|p2a: Starmie|94/100|[from] Sandstorm
|-damage|p1a: Latios|65/100 tox|[from] Sandstorm
|-heal|p1a: Latios|71/100 tox|[from] item: Leftovers
|-damage|p1a: Latios|53/100 tox|[from] psn
|upkeep
|turn|9
|
|switch|p2a: Tyranitar|Tyranitar, M|100/100
|switch|p1a: Ferrothorn|Ferrothorn, M|100/100
|
|-weather|Sandstorm|[upkeep]
|upkeep
|turn|10
|
|move|p2a: Tyranitar|Stealth Rock|p1a: Ferrothorn
|-sidestart|p1: The Daisuke|move: Stealth Rock
|move|p1a: Ferrothorn|Stealth Rock|p2a: Tyranitar
|-sidestart|p2: BW All Star|move: Stealth Rock
|
|-weather|Sandstorm|[upkeep]
|upkeep
|turn|11
|
|switch|p2a: Breloom|Breloom, F, shiny|100/100 tox
|-damage|p2a: Breloom|94/100 tox|[from] Stealth Rock
|move|p1a: Ferrothorn|Leech Seed|p2a: Breloom
|-immune|p2a: Breloom
|
|-weather|Sandstorm|[upkeep]
|-damage|p2a: Breloom|88/100 tox|[from] Sandstorm
|-heal|p2a: Breloom|100/100 tox|[from] ability: Poison Heal
|upkeep
|turn|12
|
|move|p2a: Breloom|Spore|p1a: Ferrothorn
|-status|p1a: Ferrothorn|slp|[from] move: Spore
|cant|p1a: Ferrothorn|slp
|
|-weather|Sandstorm|[upkeep]
|-damage|p2a: Breloom|94/100 tox|[from] Sandstorm
|-heal|p2a: Breloom|100/100 tox|[from] ability: Poison Heal
|upkeep
|turn|13
|
|switch|p1a: Tentacruel|Tentacruel, F|100/100
|-damage|p1a: Tentacruel|88/100|[from] Stealth Rock
|move|p2a: Breloom|Leech Seed|p1a: Tentacruel
|-start|p1a: Tentacruel|move: Leech Seed
|
|-weather|Sandstorm|[upkeep]
|-damage|p1a: Tentacruel|82/100|[from] Sandstorm
|-damage|p2a: Breloom|94/100 tox|[from] Sandstorm
|-heal|p1a: Tentacruel|88/100|[from] item: Black Sludge
|-damage|p1a: Tentacruel|76/100|[from] Leech Seed|[of] p2a: Breloom
|-heal|p2a: Breloom|100/100 tox|[silent]
|upkeep
|turn|14
|
|move|p2a: Breloom|Protect|p2a: Breloom
|-singleturn|p2a: Breloom|Protect
|move|p1a: Tentacruel|Rapid Spin|p2a: Breloom
|-activate|p2a: Breloom|move: Protect
|
|-weather|Sandstorm|[upkeep]
|-damage|p1a: Tentacruel|70/100|[from] Sandstorm
|-damage|p2a: Breloom|94/100 tox|[from] Sandstorm
|-heal|p1a: Tentacruel|76/100|[from] item: Black Sludge
|-damage|p1a: Tentacruel|63/100|[from] Leech Seed|[of] p2a: Breloom
|-heal|p2a: Breloom|100/100 tox|[silent]
|upkeep
|turn|15
|
|switch|p2a: Tyranitar|Tyranitar, M|100/100
|-damage|p2a: Tyranitar|88/100|[from] Stealth Rock
|move|p1a: Tentacruel|Rapid Spin|p2a: Tyranitar
|-resisted|p2a: Tyranitar
|-damage|p2a: Tyranitar|87/100
|-end|p1a: Tentacruel|Leech Seed|[from] move: Rapid Spin|[of] p1a: Tentacruel
|-sideend|p1: The Daisuke|Stealth Rock|[from] move: Rapid Spin|[of] p1a: Tentacruel
|
|-weather|Sandstorm|[upkeep]
|-damage|p1a: Tentacruel|57/100|[from] Sandstorm
|-heal|p1a: Tentacruel|63/100|[from] item: Black Sludge
|upkeep
|turn|16
|
|move|p1a: Tentacruel|Scald|p2a: Tyranitar
|-supereffective|p2a: Tyranitar
|-damage|p2a: Tyranitar|63/100
|move|p2a: Tyranitar|Pursuit|p1a: Tentacruel
|-damage|p1a: Tentacruel|46/100
|
|-weather|Sandstorm|[upkeep]
|-damage|p1a: Tentacruel|40/100|[from] Sandstorm
|-heal|p1a: Tentacruel|46/100|[from] item: Black Sludge
|upkeep
|turn|17
|
|switch|p2a: Breloom|Breloom, F, shiny|100/100 tox
|-damage|p2a: Breloom|94/100 tox|[from] Stealth Rock
|move|p1a: Tentacruel|Scald|p2a: Breloom
|-resisted|p2a: Breloom
|-damage|p2a: Breloom|82/100 tox
|
|-weather|Sandstorm|[upkeep]
|-damage|p1a: Tentacruel|40/100|[from] Sandstorm
|-damage|p2a: Breloom|75/100 tox|[from] Sandstorm
|-heal|p1a: Tentacruel|46/100|[from] item: Black Sludge
|-heal|p2a: Breloom|88/100 tox|[from] ability: Poison Heal
|upkeep
|turn|18
|
|switch|p1a: Mew|Mew|100/100
|switch|p2a: Starmie|Starmie, shiny|94/100
|-damage|p2a: Starmie|82/100|[from] Stealth Rock
|
|-weather|Sandstorm|[upkeep]
|-damage|p2a: Starmie|76/100|[from] Sandstorm
|-damage|p1a: Mew|94/100|[from] Sandstorm
|-heal|p1a: Mew|100/100|[from] item: Leftovers
|upkeep
|turn|19
|
|switch|p1a: Tyranitar|Tyranitar, M|100/100
|move|p2a: Starmie|Rapid Spin|p1a: Tyranitar
|-resisted|p1a: Tyranitar
|-damage|p1a: Tyranitar|99/100
|-sideend|p2: BW All Star|Stealth Rock|[from] move: Rapid Spin|[of] p2a: Starmie
|
|-weather|Sandstorm|[upkeep]
|-damage|p2a: Starmie|70/100|[from] Sandstorm
|upkeep
|turn|20
|
|-activate|p2a: Starmie|move: Pursuit
|move|p1a: Tyranitar|Pursuit|p2a: Starmie|[from]Pursuit
|-supereffective|p2a: Starmie
|-damage|p2a: Starmie|0 fnt
|-hint|A Pokemon can't switch between when it runs out of HP and when it faints
|faint|p2a: Starmie
|
|-weather|Sandstorm|[upkeep]
|upkeep
|
|switch|p2a: Tyranitar|Tyranitar, M|63/100
|turn|21
|
|switch|p1a: Seismitoad|Seismitoad, M|100/100
|move|p2a: Tyranitar|Stealth Rock|p1a: Seismitoad
|-sidestart|p1: The Daisuke|move: Stealth Rock
|
|-weather|Sandstorm|[upkeep]
|upkeep
|turn|22
|
|switch|p2a: Breloom|Breloom, F, shiny|88/100 tox
|move|p1a: Seismitoad|Scald|p2a: Breloom
|-resisted|p2a: Breloom
|-damage|p2a: Breloom|74/100 tox
|
|-weather|Sandstorm|[upkeep]
|-damage|p2a: Breloom|68/100 tox|[from] Sandstorm
|-heal|p2a: Breloom|80/100 tox|[from] ability: Poison Heal
|upkeep
|turn|23
|
|switch|p1a: Ferrothorn|Ferrothorn, M|100/100 slp
|-damage|p1a: Ferrothorn|94/100 slp|[from] Stealth Rock
|switch|p2a: Landorus|Landorus-Therian, M|100/100
|-ability|p2a: Landorus|Intimidate|boost
|-unboost|p1a: Ferrothorn|atk|1
|
|-weather|Sandstorm|[upkeep]
|-heal|p1a: Ferrothorn|100/100 slp|[from] item: Leftovers
|upkeep
|turn|24
|
|move|p2a: Landorus|U-turn|p1a: Ferrothorn
|-damage|p1a: Ferrothorn|82/100 slp
|-damage|p2a: Landorus|88/100|[from] ability: Iron Barbs|[of] p1a: Ferrothorn
|
|switch|p2a: Heatran|Heatran, F, shiny|100/100|[from]move: U-turn
|cant|p1a: Ferrothorn|slp
|
|-weather|Sandstorm|[upkeep]
|-heal|p1a: Ferrothorn|88/100 slp|[from] item: Leftovers
|upkeep
|turn|25
|
|switch|p1a: Seismitoad|Seismitoad, M|100/100
|-damage|p1a: Seismitoad|94/100|[from] Stealth Rock
|move|p2a: Heatran|Earth Power|p1a: Seismitoad
|-damage|p1a: Seismitoad|66/100
|
|-weather|Sandstorm|[upkeep]
|-heal|p1a: Seismitoad|72/100|[from] item: Leftovers
|upkeep
|turn|26
|
|switch|p2a: Breloom|Breloom, F, shiny|80/100 tox
|move|p1a: Seismitoad|Scald|p2a: Breloom
|-resisted|p2a: Breloom
|-damage|p2a: Breloom|68/100 tox
|
|-weather|Sandstorm|[upkeep]
|-damage|p2a: Breloom|61/100 tox|[from] Sandstorm
|-heal|p1a: Seismitoad|79/100|[from] item: Leftovers
|-heal|p2a: Breloom|74/100 tox|[from] ability: Poison Heal
|upkeep
|turn|27
|
|switch|p1a: Ferrothorn|Ferrothorn, M|88/100 slp
|-damage|p1a: Ferrothorn|82/100 slp|[from] Stealth Rock
|move|p2a: Breloom|Leech Seed|p1a: Ferrothorn
|-immune|p1a: Ferrothorn
|
|-weather|Sandstorm|[upkeep]
|-damage|p2a: Breloom|68/100 tox|[from] Sandstorm
|-heal|p1a: Ferrothorn|88/100 slp|[from] item: Leftovers
|-heal|p2a: Breloom|80/100 tox|[from] ability: Poison Heal
|upkeep
|turn|28
|
|switch|p2a: Heatran|Heatran, F, shiny|100/100
|cant|p1a: Ferrothorn|slp
|
|-weather|Sandstorm|[upkeep]
|-heal|p1a: Ferrothorn|94/100 slp|[from] item: Leftovers
|upkeep
|turn|29
|
|cant|p1a: Ferrothorn|slp
|move|p2a: Heatran|Lava Plume|p1a: Ferrothorn
|-supereffective|p1a: Ferrothorn
|-crit|p1a: Ferrothorn
|-damage|p1a: Ferrothorn|0 fnt
|faint|p1a: Ferrothorn
|
|-weather|Sandstorm|[upkeep]
|upkeep
|
|switch|p1a: Tyranitar|Tyranitar, M|99/100
|-damage|p1a: Tyranitar|87/100|[from] Stealth Rock
|turn|30
|
|move|p2a: Heatran|Protect|p2a: Heatran
|-singleturn|p2a: Heatran|Protect
|move|p1a: Tyranitar|Superpower|p2a: Heatran
|-activate|p2a: Heatran|move: Protect
|
|-weather|Sandstorm|[upkeep]
|upkeep
|turn|31
|
|switch|p2a: Landorus|Landorus-Therian, M|88/100
|-ability|p2a: Landorus|Intimidate|boost
|-unboost|p1a: Tyranitar|atk|1
|move|p1a: Tyranitar|Superpower|p2a: Landorus
|-resisted|p2a: Landorus
|-damage|p2a: Landorus|71/100
|-unboost|p1a: Tyranitar|atk|1
|-unboost|p1a: Tyranitar|def|1
|
|-weather|Sandstorm|[upkeep]
|upkeep
|turn|32
|-message|The Daisuke forfeited.
|
|win|BW All Star
|l|☆The Daisuke
|raw|The Daisuke's rating: 1446 &rarr; <strong>1424</strong><br />(-22 for losing)
|raw|BW All Star's rating: 1422 &rarr; <strong>1443</strong><br />(+21 for winning)
