|j|☆TheRoBo
|j|☆vvariants
|t:|1705174047
|gametype|singles
|player|p1|TheRoBo|burglar|1401
|player|p2|vvariants|lyra|1321
|teamsize|p1|6
|teamsize|p2|6
|gen|5
|tier|[Gen 5] OU
|rated|
|rule|Species Clause: Limit one of each Pokémon
|rule|OHKO Clause: OHKO moves are banned
|rule|Moody Clause: Moody is banned
|rule|Evasion Items Clause: Evasion items are banned
|rule|Evasion Moves Clause: Evasion moves are banned
|rule|Endless Battle Clause: Forcing endless battles is banned
|rule|HP Percentage Mod: HP is shown in percentages
|rule|Evasion Abilities Clause: Evasion abilities are banned
|rule|Sleep Moves Clause: Sleep-inducing moves are banned
|rule|Swagger Clause: Swagger is banned
|rule|Baton Pass Stat Clause: No Baton Passer may have a way to boost its stats
|clearpoke
|poke|p1|Garchomp, M|item
|poke|p1|Terrakion|item
|poke|p1|Starmie|item
|poke|p1|Dragonite, M|item
|poke|p1|Scizor, M|item
|poke|p1|Breloom, M|item
|poke|p2|Tyranitar, F|item
|poke|p2|Landorus-Therian, M|item
|poke|p2|Garchomp, M|item
|poke|p2|Jirachi|item
|poke|p2|Latios, M|item
|poke|p2|Rotom-Wash|item
|teampreview
|inactive|Battle timer is ON: inactive players will automatically lose when time's up. (requested by vvariants)
|
|t:|1705174069
|start
|switch|p1a: Terrakion|Terrakion|100/100
|switch|p2a: Landorus|Landorus-Therian, M|100/100
|-ability|p2a: Landorus|Intimidate|boost
|-unboost|p1a: Terrakion|atk|1
|turn|1
|
|t:|1705174077
|move|p2a: Landorus|Earthquake|p1a: Terrakion
|-supereffective|p1a: Terrakion
|-enditem|p1a: Terrakion|Focus Sash
|-damage|p1a: Terrakion|1/100
|move|p1a: Terrakion|Stealth Rock|p2a: Landorus
|-sidestart|p2: vvariants|move: Stealth Rock
|
|upkeep
|turn|2
|
|t:|1705174085
|switch|p1a: Breloom|Breloom, M|100/100
|move|p2a: Landorus|Earthquake|p1a: Breloom
|-resisted|p1a: Breloom
|-crit|p1a: Breloom
|-damage|p1a: Breloom|17/100
|
|upkeep
|turn|3
|
|t:|1705174093
|switch|p2a: Garchomp|Garchomp, M|100/100
|-damage|p2a: Garchomp|94/100|[from] Stealth Rock
|move|p1a: Breloom|Mach Punch|p2a: Garchomp
|-damage|p2a: Garchomp|41/100
|-damage|p1a: Breloom|5/100|[from] ability: Rough Skin|[of] p2a: Garchomp
|-damage|p1a: Breloom|0 fnt|[from] item: Life Orb
|faint|p1a: Breloom
|
|upkeep
|
|t:|1705174101
|switch|p1a: Terrakion|Terrakion|1/100
|turn|4
|
|t:|1705174106
|move|p1a: Terrakion|Close Combat|p2a: Garchomp
|-damage|p2a: Garchomp|0 fnt
|-unboost|p1a: Terrakion|def|1
|-unboost|p1a: Terrakion|spd|1
|-damage|p1a: Terrakion|0 fnt|[from] ability: Rough Skin|[of] p2a: Garchomp
|faint|p1a: Terrakion
|faint|p2a: Garchomp
|
|upkeep
|inactive|TheRoBo has 120 seconds left.
|
|t:|1705174143
|switch|p1a: Starmie|Starmie|100/100
|switch|p2a: Landorus|Landorus-Therian, M|100/100
|-damage|p2a: Landorus|88/100|[from] Stealth Rock
|-ability|p2a: Landorus|Intimidate|boost
|-unboost|p1a: Starmie|atk|1
|-item|p1a: Starmie|Air Balloon
|turn|5
|inactive|TheRoBo has 120 seconds left.
|
|t:|1705174149
|move|p2a: Landorus|U-turn|p1a: Starmie
|-supereffective|p1a: Starmie
|-damage|p1a: Starmie|30/100
|-enditem|p1a: Starmie|Air Balloon
|
|t:|1705174154
|switch|p2a: Rotom|Rotom-Wash|100/100|[from] U-turn
|-damage|p2a: Rotom|88/100|[from] Stealth Rock
|move|p1a: Starmie|Hydro Pump|p2a: Rotom|[miss]
|-miss|p1a: Starmie|p2a: Rotom
|
|-heal|p2a: Rotom|94/100|[from] item: Leftovers
|upkeep
|turn|6
|
|t:|1705174158
|move|p1a: Starmie|Thunder|p2a: Rotom|[miss]
|-miss|p1a: Starmie|p2a: Rotom
|move|p2a: Rotom|Volt Switch|p1a: Starmie
|-supereffective|p1a: Starmie
|-damage|p1a: Starmie|0 fnt
|faint|p1a: Starmie
|
|t:|1705174173
|switch|p2a: Tyranitar|Tyranitar, F|100/100|[from] Volt Switch
|-damage|p2a: Tyranitar|88/100|[from] Stealth Rock
|-weather|Sandstorm|[from] ability: Sand Stream|[of] p2a: Tyranitar
|
|-weather|Sandstorm|[upkeep]
|upkeep
|inactive|TheRoBo has 120 seconds left.
|inactive|TheRoBo has 90 seconds left.
|
|t:|1705174231
|switch|p1a: Garchomp|Garchomp, M|100/100
|turn|7
|
|t:|1705174241
|move|p1a: Garchomp|Swords Dance|p1a: Garchomp
|-boost|p1a: Garchomp|atk|2
|move|p2a: Tyranitar|Pursuit|p1a: Garchomp
|-damage|p1a: Garchomp|78/100
|-damage|p2a: Tyranitar|76/100|[from] ability: Rough Skin|[of] p1a: Garchomp
|
|-weather|Sandstorm|[upkeep]
|upkeep
|turn|8
|inactive|TheRoBo has 90 seconds left.
|
|t:|1705174264
|move|p1a: Garchomp|Outrage|p2a: Tyranitar
|-damage|p2a: Tyranitar|0 fnt
|faint|p2a: Tyranitar
|
|-weather|Sandstorm|[upkeep]
|upkeep
|inactive|vvariants has 120 seconds left.
|
|t:|1705174316
|switch|p2a: Latios|Latios, M|100/100
|-damage|p2a: Latios|88/100|[from] Stealth Rock
|turn|9
|inactive|TheRoBo has 90 seconds left.
|
|t:|1705174331
|move|p2a: Latios|Draco Meteor|p1a: Garchomp
|-supereffective|p1a: Garchomp
|-damage|p1a: Garchomp|0 fnt
|-unboost|p2a: Latios|spa|2
|faint|p1a: Garchomp
|
|-weather|Sandstorm|[upkeep]
|-damage|p2a: Latios|82/100|[from] Sandstorm
|upkeep
|
|t:|1705174333
|switch|p1a: Scizor|Scizor, M|100/100
|turn|10
|
|t:|1705174337
|move|p2a: Latios|Draco Meteor|p1a: Scizor
|-resisted|p1a: Scizor
|-crit|p1a: Scizor
|-damage|p1a: Scizor|0 fnt
|-unboost|p2a: Latios|spa|2
|faint|p1a: Scizor
|
|-weather|Sandstorm|[upkeep]
|-damage|p2a: Latios|76/100|[from] Sandstorm
|upkeep
|inactive|TheRoBo has 90 seconds left.
|
|t:|1705174364
|switch|p1a: Dragonite|Dragonite, M|100/100
|turn|11
|
|t:|1705174367
|move|p2a: Latios|Draco Meteor|p1a: Dragonite
|-supereffective|p1a: Dragonite
|-damage|p1a: Dragonite|65/100
|-unboost|p2a: Latios|spa|2
|move|p1a: Dragonite|Dragon Dance|p1a: Dragonite
|-boost|p1a: Dragonite|atk|1
|-boost|p1a: Dragonite|spe|1
|
|-weather|Sandstorm|[upkeep]
|-damage|p1a: Dragonite|59/100|[from] Sandstorm
|-damage|p2a: Latios|70/100|[from] Sandstorm
|upkeep
|turn|12
|
|t:|1705174373
|move|p1a: Dragonite|Dragon Dance|p1a: Dragonite
|-boost|p1a: Dragonite|atk|1
|-boost|p1a: Dragonite|spe|1
|move|p2a: Latios|Draco Meteor|p1a: Dragonite
|-supereffective|p1a: Dragonite
|-damage|p1a: Dragonite|7/100
|
|-weather|Sandstorm|[upkeep]
|-damage|p1a: Dragonite|0 fnt|[from] Sandstorm
|-damage|p2a: Latios|64/100|[from] Sandstorm
|faint|p1a: Dragonite
|
|win|vvariants
|upkeep
|raw|TheRoBo's rating: 1411 &rarr; <strong>1386</strong><br />(-25 for losing)
|raw|vvariants's rating: 1321 &rarr; <strong>1346</strong><br />(+25 for winning)
|l|☆TheRoBo
|player|p1|
