|j|☆croaset
|j|☆Franco J
|t:|1710437412
|gametype|singles
|player|p1|croaset|elesa|1330
|player|p2|Franco J|nate|1323
|teamsize|p1|6
|teamsize|p2|6
|gen|5
|tier|[Gen 5] OU
|rated|
|rule|Species Clause: Limit one of each Pokémon
|rule|OHKO Clause: OHKO moves are banned
|rule|Moody Clause: Moody is banned
|rule|Evasion Items Clause: Evasion items are banned
|rule|Evasion Moves Clause: Evasion moves are banned
|rule|Endless Battle Clause: Forcing endless battles is banned
|rule|HP Percentage Mod: HP is shown in percentages
|rule|Evasion Abilities Clause: Evasion abilities are banned
|rule|Sleep Moves Clause: Sleep-inducing moves are banned
|rule|Swagger Clause: Swagger is banned
|rule|Baton Pass Stat Clause: No Baton Passer may have a way to boost its stats
|clearpoke
|poke|p1|Tyranitar, F|item
|poke|p1|Excadrill, M|item
|poke|p1|Landorus-Therian, M|item
|poke|p1|Rotom-Wash|item
|poke|p1|Scizor, F|item
|poke|p1|Breloom, F|item
|poke|p2|Lucario, M|item
|poke|p2|Sigilyph, F|item
|poke|p2|Skarmory, M|item
|poke|p2|Gengar, F|item
|poke|p2|Tyranitar, M|item
|poke|p2|Gastrodon, M|item
|teampreview
|inactive|Battle timer is ON: inactive players will automatically lose when time's up. (requested by Franco J)
|
|t:|1710437426
|start
|switch|p1a: Scary Monsters|Landorus-Therian, M|100/100
|switch|p2a: Skarmory|Skarmory, M|100/100
|-ability|p1a: Scary Monsters|Intimidate|boost
|-unboost|p2a: Skarmory|atk|1
|turn|1
|
|t:|1710437431
|move|p1a: Scary Monsters|Stealth Rock|p2a: Skarmory
|-sidestart|p2: Franco J|move: Stealth Rock
|move|p2a: Skarmory|Stealth Rock|p1a: Scary Monsters
|-sidestart|p1: croaset|move: Stealth Rock
|
|upkeep
|turn|2
|
|t:|1710437437
|move|p1a: Scary Monsters|U-turn|p2a: Skarmory
|-resisted|p2a: Skarmory
|-damage|p2a: Skarmory|96/100
|
|t:|1710437440
|switch|p1a: Ball Breaker|Excadrill, M|100/100|[from] U-turn
|-damage|p1a: Ball Breaker|97/100|[from] Stealth Rock
|-ability|p1a: Ball Breaker|Mold Breaker
|move|p2a: Skarmory|Spikes|p1a: Ball Breaker
|-sidestart|p1: croaset|Spikes
|
|-heal|p1a: Ball Breaker|100/100|[from] item: Leftovers
|upkeep
|turn|3
|
|t:|1710437443
|move|p1a: Ball Breaker|Earthquake|p2a: Skarmory
|-immune|p2a: Skarmory
|move|p2a: Skarmory|Spikes|p1a: Ball Breaker
|-sidestart|p1: croaset|Spikes
|
|upkeep
|turn|4
|
|t:|1710437447
|switch|p2a: Karen II|Gengar, F|100/100
|-damage|p2a: Karen II|88/100|[from] Stealth Rock
|move|p1a: Ball Breaker|Earthquake|p2a: Karen II
|-supereffective|p2a: Karen II
|-damage|p2a: Karen II|0 fnt
|faint|p2a: Karen II
|
|upkeep
|
|t:|1710437453
|switch|p2a: Ne|Lucario, M|100/100
|-damage|p2a: Ne|98/100|[from] Stealth Rock
|turn|5
|inactive|croaset has 120 seconds left.
|
|t:|1710437503
|switch|p1a: Scary Monsters|Landorus-Therian, M|100/100
|-damage|p1a: Scary Monsters|88/100|[from] Stealth Rock
|-ability|p1a: Scary Monsters|Intimidate|boost
|-unboost|p2a: Ne|atk|1
|move|p2a: Ne|Close Combat|p1a: Scary Monsters
|-resisted|p1a: Scary Monsters
|-damage|p1a: Scary Monsters|64/100
|-unboost|p2a: Ne|def|1
|-unboost|p2a: Ne|spd|1
|-damage|p2a: Ne|88/100|[from] item: Life Orb
|
|-heal|p1a: Scary Monsters|70/100|[from] item: Leftovers
|upkeep
|turn|6
|
|t:|1710437523
|move|p1a: Scary Monsters|Earthquake|p2a: Ne
|-supereffective|p2a: Ne
|-damage|p2a: Ne|0 fnt
|faint|p2a: Ne
|
|-heal|p1a: Scary Monsters|76/100|[from] item: Leftovers
|upkeep
|
|t:|1710437525
|switch|p2a: Atenea|Sigilyph, F|100/100
|turn|7
|
|t:|1710437529
|move|p2a: Atenea|Ice Beam|p1a: Scary Monsters
|-supereffective|p1a: Scary Monsters
|-damage|p1a: Scary Monsters|0 fnt
|faint|p1a: Scary Monsters
|
|upkeep
|
|t:|1710437541
|switch|p1a: Heavy Weather|Tyranitar, F|100/100
|-damage|p1a: Heavy Weather|88/100|[from] Stealth Rock
|-damage|p1a: Heavy Weather|72/100|[from] Spikes
|-weather|Sandstorm|[from] ability: Sand Stream|[of] p1a: Heavy Weather
|turn|8
|
|t:|1710437548
|-activate|p2a: Atenea|move: Pursuit
|move|p1a: Heavy Weather|Pursuit|p2a: Atenea|[from]Pursuit
|-supereffective|p2a: Atenea
|-enditem|p2a: Atenea|Focus Sash
|-damage|p2a: Atenea|1/100
|switch|p2a: Gastrodon|Gastrodon, M|100/100
|-damage|p2a: Gastrodon|94/100|[from] Stealth Rock
|
|-weather|Sandstorm|[upkeep]
|-heal|p2a: Gastrodon|100/100|[from] item: Leftovers
|upkeep
|turn|9
|
|t:|1710437564
|switch|p1a: Scizor|Scizor, F|100/100
|-damage|p1a: Scizor|88/100|[from] Stealth Rock
|-damage|p1a: Scizor|72/100|[from] Spikes
|move|p2a: Gastrodon|Scald|p1a: Scizor
|-damage|p1a: Scizor|40/100
|
|-weather|Sandstorm|[upkeep]
|upkeep
|turn|10
|
|t:|1710437575
|move|p1a: Scizor|Bug Bite|p2a: Gastrodon
|-damage|p2a: Gastrodon|48/100
|move|p2a: Gastrodon|Scald|p1a: Scizor
|-damage|p1a: Scizor|11/100
|
|-weather|Sandstorm|[upkeep]
|-heal|p2a: Gastrodon|54/100|[from] item: Leftovers
|upkeep
|turn|11
|
|t:|1710437587
|move|p2a: Gastrodon|Protect|p2a: Gastrodon
|-singleturn|p2a: Gastrodon|Protect
|move|p1a: Scizor|Bug Bite|p2a: Gastrodon
|-activate|p2a: Gastrodon|move: Protect
|
|-weather|Sandstorm|[upkeep]
|-heal|p2a: Gastrodon|60/100|[from] item: Leftovers
|upkeep
|turn|12
|
|t:|1710437590
|move|p1a: Scizor|Bug Bite|p2a: Gastrodon
|-damage|p2a: Gastrodon|0 fnt
|faint|p2a: Gastrodon
|
|-weather|Sandstorm|[upkeep]
|upkeep
|
|t:|1710437594
|switch|p2a: Skarmory|Skarmory, M|96/100
|-damage|p2a: Skarmory|83/100|[from] Stealth Rock
|turn|13
|
|t:|1710437598
|switch|p1a: Ball Breaker|Excadrill, M|100/100
|-damage|p1a: Ball Breaker|97/100|[from] Stealth Rock
|-damage|p1a: Ball Breaker|81/100|[from] Spikes
|-ability|p1a: Ball Breaker|Mold Breaker
|move|p2a: Skarmory|Brave Bird|p1a: Ball Breaker
|-resisted|p1a: Ball Breaker
|-crit|p1a: Ball Breaker
|-damage|p1a: Ball Breaker|21/100
|-damage|p2a: Skarmory|57/100|[from] Recoil
|
|-weather|Sandstorm|[upkeep]
|-heal|p1a: Ball Breaker|27/100|[from] item: Leftovers
|upkeep
|turn|14
|
|t:|1710437602
|move|p1a: Ball Breaker|Rapid Spin|p2a: Skarmory
|-resisted|p2a: Skarmory
|-damage|p2a: Skarmory|54/100
|-sideend|p1: croaset|Spikes|[from] move: Rapid Spin|[of] p1a: Ball Breaker
|-sideend|p1: croaset|Stealth Rock|[from] move: Rapid Spin|[of] p1a: Ball Breaker
|move|p2a: Skarmory|Brave Bird|p1a: Ball Breaker
|-resisted|p1a: Ball Breaker
|-damage|p1a: Ball Breaker|0 fnt
|faint|p1a: Ball Breaker
|-damage|p2a: Skarmory|42/100|[from] Recoil
|
|-weather|Sandstorm|[upkeep]
|upkeep
|
|t:|1710437606
|switch|p1a: Rotom|Rotom-Wash|100/100
|turn|15
|
|t:|1710437609
|move|p2a: Skarmory|Stealth Rock|p1a: Rotom
|-sidestart|p1: croaset|move: Stealth Rock
|move|p1a: Rotom|Thunderbolt|p2a: Skarmory
|-supereffective|p2a: Skarmory
|-damage|p2a: Skarmory|0 fnt
|faint|p2a: Skarmory
|
|-weather|Sandstorm|[upkeep]
|-damage|p1a: Rotom|94/100|[from] Sandstorm
|-heal|p1a: Rotom|100/100|[from] item: Leftovers
|upkeep
|
|t:|1710437612
|switch|p2a: God|Tyranitar, M|100/100
|-damage|p2a: God|88/100|[from] Stealth Rock
|turn|16
|
|t:|1710437622
|move|p1a: Rotom|Hydro Pump|p2a: God
|-supereffective|p2a: God
|-damage|p2a: God|44/100
|move|p2a: God|Crunch|p1a: Rotom
|-damage|p1a: Rotom|55/100
|
|-weather|Sandstorm|[upkeep]
|-damage|p1a: Rotom|49/100|[from] Sandstorm
|-heal|p1a: Rotom|55/100|[from] item: Leftovers
|upkeep
|turn|17
|
|t:|1710437645
|move|p1a: Rotom|Hydro Pump|p2a: God
|-supereffective|p2a: God
|-damage|p2a: God|3/100
|move|p2a: God|Crunch|p1a: Rotom
|-damage|p1a: Rotom|13/100
|-unboost|p1a: Rotom|def|1
|
|-weather|Sandstorm|[upkeep]
|-damage|p1a: Rotom|6/100|[from] Sandstorm
|-heal|p1a: Rotom|13/100|[from] item: Leftovers
|upkeep
|turn|18
|
|t:|1710437649
|move|p1a: Rotom|Thunderbolt|p2a: God
|-crit|p2a: God
|-damage|p2a: God|0 fnt
|faint|p2a: God
|
|-weather|Sandstorm|[upkeep]
|-damage|p1a: Rotom|6/100|[from] Sandstorm
|-heal|p1a: Rotom|13/100|[from] item: Leftovers
|upkeep
|
|t:|1710437651
|switch|p2a: Atenea|Sigilyph, F|1/100
|turn|19
|
|t:|1710437654
|move|p2a: Atenea|Ice Beam|p1a: Rotom
|-resisted|p1a: Rotom
|-damage|p1a: Rotom|1/100
|move|p1a: Rotom|Thunderbolt|p2a: Atenea
|-supereffective|p2a: Atenea
|-damage|p2a: Atenea|0 fnt
|faint|p2a: Atenea
|
|win|croaset
|raw|croaset's rating: 1330 &rarr; <strong>1350</strong><br />(+20 for winning)
|raw|Franco J's rating: 1323 &rarr; <strong>1303</strong><br />(-20 for losing)
|l|☆Franco J
|player|p2|
