|join|red rover 69
|join|Pyrogon
|player|p1|red rover 69|101
|player|p2|Pyrogon|52
|gametype|singles
|gen|5
|tier|[Gen 5] OU
|rated
|rule|Evasion Abilities Clause: Evasion abilities are banned
|clearpoke
|poke|p1|Tyranitar, M
|poke|p1|Magnezone
|poke|p1|Terrakion
|poke|p1|Latios, M, shiny
|poke|p1|Scizor, M, shiny
|poke|p1|Landorus-Therian, M
|poke|p2|Politoed, M
|poke|p2|Dugtrio, M, shiny
|poke|p2|Jirachi
|poke|p2|Celebi
|poke|p2|Starmie
|poke|p2|Moltres
|rule|Sleep Clause Mod: Limit one foe put to sleep
|rule|Species Clause: Limit one of each Pokémon
|rule|OHKO Clause: OHKO moves are banned
|rule|Moody Clause: Moody is banned
|rule|Evasion Moves Clause: Evasion moves are banned
|rule|Endless Battle Clause: Forcing endless battles is banned
|rule|HP Percentage Mod: HP is shown in percentages
|teampreview
Pyrogon made this room private.
|
|start
|switch|p1a: Bron Bron|Landorus-Therian, M|382/382
|switch|p2a: Politoed|Politoed, M|321/321
|-weather|RainDance|[from] ability: Drizzle|[of] p2a: Politoed
|-ability|p1a: Bron Bron|Intimidate|[of] p2a: Politoed
|-unboost|p2a: Politoed|atk|1
|turn|1
|
|switch|p1a: Bosh|Latios, M, shiny|301/301
|move|p2a: Politoed|Hydro Pump|p1a: Bosh|[miss]
|-miss|p2a: Politoed|p1a: Bosh
|
|-weather|RainDance|[upkeep]
|turn|2
|chat|Pyrogon|ok
|
|switch|p2a: Jirachi|Jirachi|341/341
|move|p1a: Bosh|Psyshock|p2a: Jirachi
|-resisted|p2a: Jirachi
|-damage|p2a: Jirachi|308/341
|
|-weather|RainDance|[upkeep]
|turn|3
|chat|Pyrogon|ça commence
|
|switch|p1a: Bron Bron|Landorus-Therian, M|382/382
|-ability|p1a: Bron Bron|Intimidate|[of] p2a: Jirachi
|-unboost|p2a: Jirachi|atk|1
|move|p2a: Jirachi|Thunder|p1a: Bron Bron
|-immune|p1a: Bron Bron|[msg]
|
|-weather|RainDance|[upkeep]
|turn|4
|
|switch|p1a: Pat Riely|Tyranitar, M|403/403
|-weather|Sandstorm|[from] ability: Sand Stream|[of] p1a: Pat Riely
|move|p2a: Jirachi|Hidden Power|p1a: Pat Riely
|-damage|p1a: Pat Riely|366/403
|
|-weather|Sandstorm|[upkeep]
|-heal|p1a: Pat Riely|391/403|[from] item: Leftovers
|turn|5
|
|switch|p2a: Politoed|Politoed, M|321/321
|-weather|RainDance|[from] ability: Drizzle|[of] p2a: Politoed
|switch|p1a: Miller|Scizor, M, shiny|343/343
|
|-weather|RainDance|[upkeep]
|turn|6
|
|switch|p1a: Bosh|Latios, M, shiny|301/301
|move|p2a: Politoed|Hydro Pump|p1a: Bosh
|-crit|p1a: Bosh
|-resisted|p1a: Bosh
|-damage|p1a: Bosh|65/301
|
|-weather|RainDance|[upkeep]
|turn|7
|
|move|p2a: Politoed|Hydro Pump|p1a: Bosh
|-crit|p1a: Bosh
|-resisted|p1a: Bosh
|-damage|p1a: Bosh|0 fnt
|faint|p1a: Bosh
|
|-weather|RainDance|[upkeep]
|
|switch|p1a: Pat Riely|Tyranitar, M|391/403
|-weather|Sandstorm|[from] ability: Sand Stream|[of] p1a: Pat Riely
|turn|8
|
|move|p2a: Politoed|Hydro Pump|p1a: Pat Riely|[miss]
|-miss|p2a: Politoed|p1a: Pat Riely
|move|p1a: Pat Riely|Stealth Rock|p2a: Politoed
|-sidestart|p2: Pyrogon|move: Stealth Rock
|
|-weather|Sandstorm|[upkeep]
|-damage|p2a: Politoed|301/321|[from] sandstorm
|-heal|p1a: Pat Riely|403/403|[from] item: Leftovers
|turn|9
|chat|Pyrogon|ok
|
|move|p2a: Politoed|Hydro Pump|p1a: Pat Riely
|-supereffective|p1a: Pat Riely
|-damage|p1a: Pat Riely|239/403
|move|p1a: Pat Riely|Pursuit|p2a: Politoed
|-damage|p2a: Politoed|226/321
|
|-weather|Sandstorm|[upkeep]
|-damage|p2a: Politoed|206/321|[from] sandstorm
|-heal|p1a: Pat Riely|264/403|[from] item: Leftovers
|turn|10
|
|move|p2a: Politoed|Hydro Pump|p1a: Pat Riely
|-supereffective|p1a: Pat Riely
|-damage|p1a: Pat Riely|90/403
|move|p1a: Pat Riely|Pursuit|p2a: Politoed
|-damage|p2a: Politoed|131/321
|
|-weather|Sandstorm|[upkeep]
|-damage|p2a: Politoed|111/321|[from] sandstorm
|-heal|p1a: Pat Riely|115/403|[from] item: Leftovers
|turn|11
|
|switch|p1a: Miller|Scizor, M, shiny|343/343
|move|p2a: Politoed|Hydro Pump|p1a: Miller
|-damage|p1a: Miller|139/343
|
|-weather|Sandstorm|[upkeep]
|-damage|p2a: Politoed|91/321|[from] sandstorm
|turn|12
|
|move|p1a: Miller|Bullet Punch|p2a: Politoed
|-resisted|p2a: Politoed
|-damage|p2a: Politoed|0 fnt
|faint|p2a: Politoed
|
|-weather|Sandstorm|[upkeep]
|
|switch|p2a: Starmie|Starmie|323/323
|-damage|p2a: Starmie|283/323|[from] Stealth Rock
|turn|13
|
|move|p1a: Miller|Bullet Punch|p2a: Starmie
|-resisted|p2a: Starmie
|-damage|p2a: Starmie|184/323
|move|p2a: Starmie|Rapid Spin|p1a: Miller
|-resisted|p1a: Miller
|-damage|p1a: Miller|134/343
|-sideend|p2: Pyrogon|Stealth Rock|[from] move: Rapid Spin|[of] p2a: Starmie
|
|-weather|Sandstorm|[upkeep]
|-damage|p2a: Starmie|164/323|[from] sandstorm
|-heal|p2a: Starmie|184/323|[from] item: Leftovers
|turn|14
|
|switch|p1a: Pat Riely|Tyranitar, M|115/403
|move|p2a: Starmie|Recover|p2a: Starmie
|-heal|p2a: Starmie|323/323
|
|-weather|Sandstorm|[upkeep]
|-damage|p2a: Starmie|303/323|[from] sandstorm
|-heal|p2a: Starmie|323/323|[from] item: Leftovers
|-heal|p1a: Pat Riely|140/403|[from] item: Leftovers
|turn|15
|
|move|p2a: Starmie|Scald|p1a: Pat Riely
|-supereffective|p1a: Pat Riely
|-damage|p1a: Pat Riely|44/403
|move|p1a: Pat Riely|Pursuit|p2a: Starmie
|-supereffective|p2a: Starmie
|-damage|p2a: Starmie|177/323
|
|-weather|Sandstorm|[upkeep]
|-damage|p2a: Starmie|157/323|[from] sandstorm
|-heal|p2a: Starmie|177/323|[from] item: Leftovers
|-heal|p1a: Pat Riely|69/403|[from] item: Leftovers
|turn|16
|
|move|p2a: Starmie|Scald|p1a: Pat Riely
|-supereffective|p1a: Pat Riely
|-damage|p1a: Pat Riely|0 fnt
|faint|p1a: Pat Riely
|
|-weather|Sandstorm|[upkeep]
|-damage|p2a: Starmie|157/323|[from] sandstorm
|-heal|p2a: Starmie|177/323|[from] item: Leftovers
|
|switch|p1a: D.Wade|Terrakion|323/323
|turn|17
|
|switch|p2a: Jirachi|Jirachi|308/341
|move|p1a: D.Wade|Close Combat|p2a: Jirachi
|-damage|p2a: Jirachi|88/341
|-unboost|p1a: D.Wade|def|1
|-unboost|p1a: D.Wade|spd|1
|
|-weather|Sandstorm|[upkeep]
|turn|18
|
|switch|p1a: Miller|Scizor, M, shiny|134/343
|move|p2a: Jirachi|Iron Head|p1a: Miller
|-resisted|p1a: Miller
|-damage|p1a: Miller|81/343
|
|-weather|Sandstorm|[upkeep]
|turn|19
|
|move|p1a: Miller|Bullet Punch|p2a: Jirachi
|-resisted|p2a: Jirachi
|-damage|p2a: Jirachi|4/341
|move|p2a: Jirachi|Thunder|p1a: Miller|[miss]
|-miss|p2a: Jirachi|p1a: Miller
|
|-weather|Sandstorm|[upkeep]
|turn|20
|
|move|p1a: Miller|Bullet Punch|p2a: Jirachi
|-resisted|p2a: Jirachi
|-damage|p2a: Jirachi|0 fnt
|faint|p2a: Jirachi
|
|-weather|Sandstorm|[upkeep]
|
|switch|p2a: Moltres|Moltres|321/321
|-ability|p2a: Moltres|Pressure
|turn|21
|
|move|p1a: Miller|Bullet Punch|p2a: Moltres
|-resisted|p2a: Moltres
|-damage|p2a: Moltres|217/321
|move|p2a: Moltres|Fire Blast|p1a: Miller
|-supereffective|p1a: Miller
|-damage|p1a: Miller|0 fnt
|-damage|p2a: Moltres|185/321|[from] item: Life Orb
|faint|p1a: Miller
|
|-weather|Sandstorm|[upkeep]
|-damage|p2a: Moltres|165/321|[from] sandstorm
|
|switch|p1a: D.Wade|Terrakion|323/323
|turn|22
|
|move|p1a: D.Wade|Stone Edge|p2a: Moltres
|-supereffective|p2a: Moltres
|-damage|p2a: Moltres|0 fnt
|faint|p2a: Moltres
|
|-weather|Sandstorm|[upkeep]
|
|switch|p2a: Dugtrio|Dugtrio, M, shiny|201/201
|turn|23
|
|move|p1a: D.Wade|Stone Edge|p2a: Dugtrio
|-crit|p2a: Dugtrio
|-resisted|p2a: Dugtrio
|-enditem|p2a: Dugtrio|Focus Sash
|-damage|p2a: Dugtrio|1/201
|move|p2a: Dugtrio|Earthquake|p1a: D.Wade
|-supereffective|p1a: D.Wade
|-damage|p1a: D.Wade|51/323
|
|-weather|Sandstorm|[upkeep]
|turn|24
|
|switch|p2a: Celebi|Celebi|404/404
|move|p1a: D.Wade|Stone Edge|p2a: Celebi
|-damage|p2a: Celebi|235/404
|
|-weather|Sandstorm|[upkeep]
|-damage|p2a: Celebi|210/404|[from] sandstorm
|-heal|p2a: Celebi|235/404|[from] item: Leftovers
|turn|25
|
|switch|p1a: Bron Bron|Landorus-Therian, M|382/382
|-ability|p1a: Bron Bron|Intimidate|[of] p2a: Celebi
|-unboost|p2a: Celebi|atk|1
|move|p2a: Celebi|Giga Drain|p1a: Bron Bron
|-damage|p1a: Bron Bron|258/382
|-heal|p2a: Celebi|297/404|[from] drain|[of] p1a: Bron Bron
|
|-weather|Sandstorm|[upkeep]
|-damage|p2a: Celebi|272/404|[from] sandstorm
|-heal|p2a: Celebi|297/404|[from] item: Leftovers
|turn|26
|
|move|p2a: Celebi|Giga Drain|p1a: Bron Bron
|-damage|p1a: Bron Bron|140/382
|-heal|p2a: Celebi|356/404|[from] drain|[of] p1a: Bron Bron
|move|p1a: Bron Bron|U-turn|p2a: Celebi
|-crit|p2a: Celebi
|-supereffective|p2a: Celebi
|-damage|p2a: Celebi|0 fnt
|faint|p2a: Celebi
|chat|Pyrogon|biensur
|chat|Pyrogon|le crit
|
|switch|p1a: D.Wade|Terrakion|51/323
|
|-weather|Sandstorm|[upkeep]
|chat|Pyrogon|bref gg le haxx
|
|switch|p2a: Starmie|Starmie|177/323
|turn|27
|chat|red rover 69|swag
|chat|red rover 69|hahahahahahahhaahhahahahah
|chat|red rover 69|jajajajajajajajajajajajaj
|
|move|p1a: D.Wade|X-Scissor|p2a: Starmie
|-supereffective|p2a: Starmie
|-damage|p2a: Starmie|0 fnt
|faint|p2a: Starmie
|
|-weather|Sandstorm|[upkeep]
|
|switch|p2a: Dugtrio|Dugtrio, M, shiny|1/201
|turn|28
|chat|Pyrogon|pff
|chat|red rover 69|le taco?
|chat|red rover 69|le nacho?
|chat|Pyrogon|luck> skill
|-message|Pyrogon forfeited.
|
|win|red rover 69
|raw|Ladder updating...
|leave|Pyrogon
|player|p2
|raw|red rover 69's rating: 1446 &rarr; <strong>1463</strong><br />(+17 for winning)
|raw|Pyrogon's rating: 1400 &rarr; <strong>1383</strong><br />(-17 for losing)