|j|☆CollateralDamageJr
|j|‽Wallah Morgulis
|t:|1725981878
|gametype|singles
|player|p1|CollateralDamageJr|1|1298
|player|p2|Wallah Morgulis|2|1471
|teamsize|p1|6
|teamsize|p2|6
|gen|5
|tier|[Gen 5] OU
|rated|
|rule|Species Clause: Limit one of each Pokémon
|rule|OHKO Clause: OHKO moves are banned
|rule|Moody Clause: Moody is banned
|rule|Evasion Items Clause: Evasion items are banned
|rule|Evasion Moves Clause: Evasion moves are banned
|rule|Endless Battle Clause: Forcing endless battles is banned
|rule|HP Percentage Mod: HP is shown in percentages
|rule|Evasion Abilities Clause: Evasion abilities are banned
|rule|Sleep Moves Clause: Sleep-inducing moves are banned
|rule|Swagger Clause: Swagger is banned
|rule|Baton Pass Stat Clause: No Baton Passer may have a way to boost its stats
|clearpoke
|poke|p1|Roserade, F|item
|poke|p1|Bronzong|item
|poke|p1|Tentacruel, F|item
|poke|p1|Politoed, M|item
|poke|p1|Mamoswine, F|item
|poke|p1|Thundurus-Therian, M|item
|poke|p2|Tyranitar, F|item
|poke|p2|Heatran, M|item
|poke|p2|Forretress, F|item
|poke|p2|Gliscor, M|item
|poke|p2|Celebi|item
|poke|p2|Rotom-Wash|item
|teampreview
|c|☆CollateralDamageJr|glhf!
|
|t:|1725981911
|start
|switch|p1a: Roserade|Roserade, F, shiny|100/100
|switch|p2a: Heatran|Heatran, M|100/100
|turn|1
|
|t:|1725981918
|switch|p1a: Politoed|Politoed, M, shiny|100/100
|-weather|RainDance|[from] ability: Drizzle|[of] p1a: Politoed
|move|p2a: Heatran|Stealth Rock|p1a: Politoed
|-sidestart|p1: CollateralDamageJr|move: Stealth Rock
|
|-weather|RainDance|[upkeep]
|upkeep
|turn|2
|
|t:|1725981924
|switch|p2a: Celebi|Celebi|100/100
|move|p1a: Politoed|Perish Song|p1a: Politoed
|-start|p1a: Politoed|perish3|[silent]
|-start|p2a: Celebi|perish3|[silent]
|-fieldactivate|move: Perish Song
|
|-weather|RainDance|[upkeep]
|-start|p2a: Celebi|perish3
|-start|p1a: Politoed|perish3
|upkeep
|turn|3
|
|t:|1725981931
|switch|p1a: Tentacruel|Tentacruel, F, shiny|100/100
|-damage|p1a: Tentacruel|88/100|[from] Stealth Rock
|move|p2a: Celebi|Giga Drain|p1a: Tentacruel
|-damage|p1a: Tentacruel|69/100
|
|-weather|RainDance|[upkeep]
|-heal|p1a: Tentacruel|75/100|[from] ability: Rain Dish
|-heal|p1a: Tentacruel|81/100|[from] item: Black Sludge
|-start|p2a: Celebi|perish2
|upkeep
|turn|4
|
|t:|1725981939
|switch|p2a: Rotom|Rotom-Wash|100/100
|move|p1a: Tentacruel|Rapid Spin|p2a: Rotom
|-damage|p2a: Rotom|97/100
|-sideend|p1: CollateralDamageJr|Stealth Rock|[from] move: Rapid Spin|[of] p1a: Tentacruel
|
|-weather|RainDance|[upkeep]
|-heal|p1a: Tentacruel|87/100|[from] ability: Rain Dish
|-heal|p1a: Tentacruel|93/100|[from] item: Black Sludge
|upkeep
|turn|5
|
|t:|1725981951
|switch|p2a: Celebi|Celebi|100/100
|move|p1a: Tentacruel|Protect||[still]
|-fail|p1a: Tentacruel
|
|-weather|RainDance|[upkeep]
|-heal|p1a: Tentacruel|99/100|[from] ability: Rain Dish
|-heal|p1a: Tentacruel|100/100|[from] item: Black Sludge
|upkeep
|turn|6
|
|t:|1725981956
|move|p1a: Tentacruel|Toxic|p2a: Celebi
|-status|p2a: Celebi|tox
|move|p2a: Celebi|Nasty Plot|p2a: Celebi
|-boost|p2a: Celebi|spa|2
|
|-weather|RainDance|[upkeep]
|-damage|p2a: Celebi|94/100 tox|[from] psn
|upkeep
|turn|7
|
|t:|1725981961
|switch|p1a: Politoed|Politoed, M, shiny|100/100
|move|p2a: Celebi|Giga Drain|p1a: Politoed
|-supereffective|p1a: Politoed
|-damage|p1a: Politoed|17/100
|-heal|p2a: Celebi|100/100 tox|[from] drain|[of] p1a: Politoed
|
|-weather|RainDance|[upkeep]
|-heal|p1a: Politoed|23/100|[from] item: Leftovers
|-damage|p2a: Celebi|88/100 tox|[from] psn
|upkeep
|turn|8
|c|☆CollateralDamageJr|i'm a bit stupid i think
|
|t:|1725981972
|move|p1a: Politoed|Protect|p1a: Politoed
|-singleturn|p1a: Politoed|Protect
|move|p2a: Celebi|Giga Drain|p1a: Politoed
|-activate|p1a: Politoed|move: Protect
|
|-weather|RainDance|[upkeep]
|-heal|p2a: Celebi|94/100 tox|[from] item: Leftovers
|-heal|p1a: Politoed|30/100|[from] item: Leftovers
|-damage|p2a: Celebi|76/100 tox|[from] psn
|upkeep
|turn|9
|
|t:|1725981980
|switch|p1a: Bronzong|Bronzong|100/100
|move|p2a: Celebi|Giga Drain|p1a: Bronzong
|-resisted|p1a: Bronzong
|-damage|p1a: Bronzong|82/100
|-heal|p2a: Celebi|84/100 tox|[from] drain|[of] p1a: Bronzong
|
|-weather|RainDance|[upkeep]
|-heal|p2a: Celebi|90/100 tox|[from] item: Leftovers
|-heal|p1a: Bronzong|88/100|[from] item: Leftovers
|-damage|p2a: Celebi|65/100 tox|[from] psn
|upkeep
|turn|10
|
|t:|1725981984
|-curestatus|p2a: Celebi|tox|[from] ability: Natural Cure
|switch|p2a: Forretress|Forretress, F|100/100
|move|p1a: Bronzong|Shadow Ball|p2a: Forretress
|-resisted|p2a: Forretress
|-damage|p2a: Forretress|90/100
|
|-weather|RainDance|[upkeep]
|-heal|p2a: Forretress|96/100|[from] item: Leftovers
|-heal|p1a: Bronzong|94/100|[from] item: Leftovers
|upkeep
|turn|11
|
|t:|1725981991
|move|p2a: Forretress|Spikes|p1a: Bronzong
|-sidestart|p1: CollateralDamageJr|Spikes
|move|p1a: Bronzong|Stealth Rock|p2a: Forretress
|-sidestart|p2: Wallah Morgulis|move: Stealth Rock
|
|-weather|RainDance|[upkeep]
|-heal|p2a: Forretress|100/100|[from] item: Leftovers
|-heal|p1a: Bronzong|100/100|[from] item: Leftovers
|upkeep
|turn|12
|
|t:|1725981996
|switch|p1a: Thundurus|Thundurus-Therian, M|100/100
|move|p2a: Forretress|Rapid Spin|p1a: Thundurus
|-crit|p1a: Thundurus
|-damage|p1a: Thundurus|90/100
|-sideend|p2: Wallah Morgulis|Stealth Rock|[from] move: Rapid Spin|[of] p2a: Forretress
|
|-weather|RainDance|[upkeep]
|-heal|p1a: Thundurus|96/100|[from] item: Leftovers
|upkeep
|turn|13
|
|t:|1725982002
|switch|p2a: Heatran|Heatran, M|100/100
|move|p1a: Thundurus|Substitute|p1a: Thundurus
|-start|p1a: Thundurus|Substitute
|-damage|p1a: Thundurus|72/100
|
|-weather|RainDance|[upkeep]
|-heal|p1a: Thundurus|78/100|[from] item: Leftovers
|upkeep
|turn|14
|
|t:|1725982006
|move|p1a: Thundurus|Focus Blast|p2a: Heatran
|-supereffective|p2a: Heatran
|-damage|p2a: Heatran|48/100
|move|p2a: Heatran|Roar|p1a: Thundurus
|drag|p1a: Tentacruel|Tentacruel, F, shiny|100/100
|-damage|p1a: Tentacruel|88/100|[from] Spikes
|
|-weather|RainDance|[upkeep]
|-heal|p1a: Tentacruel|94/100|[from] ability: Rain Dish
|-heal|p1a: Tentacruel|100/100|[from] item: Black Sludge
|-heal|p2a: Heatran|54/100|[from] item: Leftovers
|upkeep
|turn|15
|
|t:|1725982013
|move|p2a: Heatran|Protect|p2a: Heatran
|-singleturn|p2a: Heatran|Protect
|move|p1a: Tentacruel|Scald|p2a: Heatran
|-activate|p2a: Heatran|move: Protect
|
|-weather|RainDance|[upkeep]
|-heal|p2a: Heatran|61/100|[from] item: Leftovers
|upkeep
|turn|16
|
|t:|1725982016
|switch|p2a: Celebi|Celebi|65/100
|move|p1a: Tentacruel|Rapid Spin|p2a: Celebi
|-damage|p2a: Celebi|63/100
|-sideend|p1: CollateralDamageJr|Spikes|[from] move: Rapid Spin|[of] p1a: Tentacruel
|
|-weather|RainDance|[upkeep]
|-heal|p2a: Celebi|69/100|[from] item: Leftovers
|upkeep
|turn|17
|
|t:|1725982021
|move|p1a: Tentacruel|Toxic|p2a: Celebi
|-status|p2a: Celebi|tox
|move|p2a: Celebi|Recover|p2a: Celebi
|-heal|p2a: Celebi|100/100 tox
|
|-weather|RainDance|[upkeep]
|-damage|p2a: Celebi|94/100 tox|[from] psn
|upkeep
|turn|18
|
|t:|1725982026
|-curestatus|p2a: Celebi|tox|[from] ability: Natural Cure
|switch|p2a: Rotom|Rotom-Wash|97/100
|move|p1a: Tentacruel|Scald|p2a: Rotom
|-resisted|p2a: Rotom
|-damage|p2a: Rotom|75/100
|-status|p2a: Rotom|brn
|
|-weather|RainDance|[upkeep]
|-damage|p2a: Rotom|63/100 brn|[from] brn
|upkeep
|turn|19
|
|t:|1725982029
|switch|p2a: Celebi|Celebi|94/100
|move|p1a: Tentacruel|Protect||[still]
|-fail|p1a: Tentacruel
|
|-weather|RainDance|[upkeep]
|-heal|p2a: Celebi|100/100|[from] item: Leftovers
|upkeep
|turn|20
|
|t:|1725982032
|move|p1a: Tentacruel|Scald|p2a: Celebi
|-resisted|p2a: Celebi
|-damage|p2a: Celebi|89/100
|move|p2a: Celebi|Nasty Plot|p2a: Celebi
|-boost|p2a: Celebi|spa|2
|
|-weather|RainDance|[upkeep]
|-heal|p2a: Celebi|96/100|[from] item: Leftovers
|upkeep
|turn|21
|
|t:|1725982054
|move|p1a: Tentacruel|Toxic|p2a: Celebi
|-status|p2a: Celebi|tox
|move|p2a: Celebi|Giga Drain|p1a: Tentacruel
|-damage|p1a: Tentacruel|58/100
|-heal|p2a: Celebi|100/100 tox|[from] drain|[of] p1a: Tentacruel
|
|-weather|RainDance|[upkeep]
|-heal|p1a: Tentacruel|64/100|[from] ability: Rain Dish
|-heal|p1a: Tentacruel|70/100|[from] item: Black Sludge
|-damage|p2a: Celebi|94/100 tox|[from] psn
|upkeep
|turn|22
|
|t:|1725982068
|-curestatus|p2a: Celebi|tox|[from] ability: Natural Cure
|switch|p2a: Tyranitar|Tyranitar, F|100/100
|-weather|Sandstorm|[from] ability: Sand Stream|[of] p2a: Tyranitar
|move|p1a: Tentacruel|Protect||[still]
|-fail|p1a: Tentacruel
|
|-weather|Sandstorm|[upkeep]
|-damage|p1a: Tentacruel|64/100|[from] Sandstorm
|-heal|p1a: Tentacruel|70/100|[from] item: Black Sludge
|upkeep
|turn|23
|
|t:|1725982075
|switch|p1a: Bronzong|Bronzong|100/100
|move|p2a: Tyranitar|Crunch|p1a: Bronzong
|-damage|p1a: Bronzong|43/100
|
|-weather|Sandstorm|[upkeep]
|-heal|p1a: Bronzong|49/100|[from] item: Leftovers
|upkeep
|turn|24
|
|t:|1725982093
|switch|p1a: Tentacruel|Tentacruel, F, shiny|70/100
|move|p2a: Tyranitar|Crunch|p1a: Tentacruel
|-damage|p1a: Tentacruel|0 fnt
|faint|p1a: Tentacruel
|
|-weather|Sandstorm|[upkeep]
|upkeep
|
|t:|1725982101
|switch|p1a: Mamoswine|Mamoswine, F, shiny|100/100
|turn|25
|
|t:|1725982111
|switch|p2a: Forretress|Forretress, F|100/100
|move|p1a: Mamoswine|Icicle Crash|p2a: Forretress
|-resisted|p2a: Forretress
|-damage|p2a: Forretress|79/100
|
|-weather|Sandstorm|[upkeep]
|-heal|p2a: Forretress|85/100|[from] item: Leftovers
|upkeep
|turn|26
|
|t:|1725982120
|switch|p1a: Politoed|Politoed, M, shiny|30/100
|-weather|RainDance|[from] ability: Drizzle|[of] p1a: Politoed
|move|p2a: Forretress|Spikes|p1a: Politoed
|-sidestart|p1: CollateralDamageJr|Spikes
|
|-weather|RainDance|[upkeep]
|-heal|p1a: Politoed|36/100|[from] item: Leftovers
|-heal|p2a: Forretress|91/100|[from] item: Leftovers
|upkeep
|turn|27
|
|t:|1725982125
|switch|p1a: Thundurus|Thundurus-Therian, M|78/100
|switch|p2a: Celebi|Celebi|94/100
|
|-weather|RainDance|[upkeep]
|-heal|p1a: Thundurus|84/100|[from] item: Leftovers
|-heal|p2a: Celebi|100/100|[from] item: Leftovers
|upkeep
|turn|28
|
|t:|1725982139
|move|p1a: Thundurus|Substitute|p1a: Thundurus
|-start|p1a: Thundurus|Substitute
|-damage|p1a: Thundurus|59/100
|move|p2a: Celebi|Hidden Power|p1a: Thundurus
|-supereffective|p1a: Thundurus
|-end|p1a: Thundurus|Substitute
|
|-weather|RainDance|[upkeep]
|-heal|p1a: Thundurus|65/100|[from] item: Leftovers
|upkeep
|turn|29
|
|t:|1725982147
|switch|p1a: Mamoswine|Mamoswine, F, shiny|100/100
|-damage|p1a: Mamoswine|88/100|[from] Spikes
|move|p2a: Celebi|Nasty Plot|p2a: Celebi
|-boost|p2a: Celebi|spa|2
|
|-weather|RainDance|[upkeep]
|upkeep
|turn|30
|
|t:|1725982163
|switch|p2a: Forretress|Forretress, F|91/100
|move|p1a: Mamoswine|Ice Shard|p2a: Forretress
|-resisted|p2a: Forretress
|-damage|p2a: Forretress|81/100
|
|-weather|RainDance|[upkeep]
|-heal|p2a: Forretress|87/100|[from] item: Leftovers
|upkeep
|turn|31
|
|t:|1725982168
|switch|p1a: Roserade|Roserade, F, shiny|100/100
|-damage|p1a: Roserade|88/100|[from] Spikes
|move|p2a: Forretress|Spikes|p1a: Roserade
|-sidestart|p1: CollateralDamageJr|Spikes
|
|-weather|RainDance|[upkeep]
|-heal|p1a: Roserade|94/100|[from] item: Black Sludge
|-heal|p2a: Forretress|93/100|[from] item: Leftovers
|upkeep
|turn|32
|
|t:|1725982171
|switch|p2a: Heatran|Heatran, M|61/100
|move|p1a: Roserade|Weather Ball|p2a: Heatran
|-supereffective|p2a: Heatran
|-damage|p2a: Heatran|6/100
|
|-weather|RainDance|[upkeep]
|-heal|p1a: Roserade|100/100|[from] item: Black Sludge
|-heal|p2a: Heatran|12/100|[from] item: Leftovers
|upkeep
|turn|33
|
|t:|1725982183
|move|p2a: Heatran|Protect|p2a: Heatran
|-singleturn|p2a: Heatran|Protect
|move|p1a: Roserade|Hidden Power|p2a: Heatran
|-activate|p2a: Heatran|move: Protect
|
|-weather|RainDance|[upkeep]
|-heal|p2a: Heatran|19/100|[from] item: Leftovers
|upkeep
|turn|34
|
|t:|1725982188
|switch|p2a: Celebi|Celebi|100/100
|move|p1a: Roserade|Weather Ball|p2a: Celebi
|-resisted|p2a: Celebi
|-damage|p2a: Celebi|85/100
|
|-weather|RainDance|[upkeep]
|-heal|p2a: Celebi|92/100|[from] item: Leftovers
|upkeep
|turn|35
|
|t:|1725982190
|move|p2a: Celebi|Hidden Power|p1a: Roserade
|-supereffective|p1a: Roserade
|-damage|p1a: Roserade|69/100
|move|p1a: Roserade|Hidden Power|p2a: Celebi
|-supereffective|p2a: Celebi
|-damage|p2a: Celebi|26/100
|
|-weather|RainDance|[upkeep]
|-heal|p2a: Celebi|32/100|[from] item: Leftovers
|-heal|p1a: Roserade|76/100|[from] item: Black Sludge
|upkeep
|turn|36
|
|t:|1725982197
|switch|p2a: Tyranitar|Tyranitar, F|100/100
|-weather|Sandstorm|[from] ability: Sand Stream|[of] p2a: Tyranitar
|move|p1a: Roserade|Hidden Power|p2a: Tyranitar
|-supereffective|p2a: Tyranitar
|-damage|p2a: Tyranitar|68/100
|
|-weather|Sandstorm|[upkeep]
|-damage|p1a: Roserade|69/100|[from] Sandstorm
|-heal|p1a: Roserade|76/100|[from] item: Black Sludge
|upkeep
|turn|37
|
|t:|1725982206
|move|p1a: Roserade|Protect|p1a: Roserade
|-singleturn|p1a: Roserade|Protect
|move|p2a: Tyranitar|Ice Punch|p1a: Roserade
|-activate|p1a: Roserade|move: Protect
|
|-weather|Sandstorm|[upkeep]
|-damage|p1a: Roserade|69/100|[from] Sandstorm
|-heal|p1a: Roserade|76/100|[from] item: Black Sludge
|upkeep
|turn|38
|
|t:|1725982217
|switch|p1a: Mamoswine|Mamoswine, F, shiny|88/100
|-damage|p1a: Mamoswine|71/100|[from] Spikes
|move|p2a: Tyranitar|Ice Punch|p1a: Mamoswine
|-damage|p1a: Mamoswine|47/100
|
|-weather|Sandstorm|[upkeep]
|upkeep
|turn|39
|
|t:|1725982235
|switch|p2a: Gliscor|Gliscor, M|100/100
|move|p1a: Mamoswine|Superpower|p2a: Gliscor
|-resisted|p2a: Gliscor
|-damage|p2a: Gliscor|73/100
|-unboost|p1a: Mamoswine|atk|1
|-unboost|p1a: Mamoswine|def|1
|
|-weather|Sandstorm|[upkeep]
|-status|p2a: Gliscor|tox|[from] item: Toxic Orb
|upkeep
|turn|40
|
|t:|1725982241
|switch|p1a: Bronzong|Bronzong|49/100
|move|p2a: Gliscor|Swords Dance|p2a: Gliscor
|-boost|p2a: Gliscor|atk|2
|
|-weather|Sandstorm|[upkeep]
|-heal|p1a: Bronzong|55/100|[from] item: Leftovers
|-heal|p2a: Gliscor|86/100 tox|[from] ability: Poison Heal
|upkeep
|turn|41
|
|t:|1725982260
|move|p2a: Gliscor|Facade|p1a: Bronzong
|-resisted|p1a: Bronzong
|-damage|p1a: Bronzong|31/100
|move|p1a: Bronzong|Hidden Power|p2a: Gliscor
|-supereffective|p2a: Gliscor
|-damage|p2a: Gliscor|39/100 tox
|
|-weather|Sandstorm|[upkeep]
|-heal|p1a: Bronzong|37/100|[from] item: Leftovers
|-heal|p2a: Gliscor|52/100 tox|[from] ability: Poison Heal
|upkeep
|turn|42
|
|t:|1725982273
|move|p2a: Gliscor|Protect|p2a: Gliscor
|-singleturn|p2a: Gliscor|Protect
|move|p1a: Bronzong|Hidden Power|p2a: Gliscor
|-activate|p2a: Gliscor|move: Protect
|
|-weather|Sandstorm|[upkeep]
|-heal|p1a: Bronzong|44/100|[from] item: Leftovers
|-heal|p2a: Gliscor|64/100 tox|[from] ability: Poison Heal
|upkeep
|turn|43
|
|t:|1725982284
|move|p2a: Gliscor|Facade|p1a: Bronzong
|-resisted|p1a: Bronzong
|-damage|p1a: Bronzong|18/100
|move|p1a: Bronzong|Hidden Power|p2a: Gliscor
|-supereffective|p2a: Gliscor
|-damage|p2a: Gliscor|20/100 tox
|
|-weather|Sandstorm|[upkeep]
|-heal|p1a: Bronzong|24/100|[from] item: Leftovers
|-heal|p2a: Gliscor|32/100 tox|[from] ability: Poison Heal
|upkeep
|turn|44
|
|t:|1725982293
|move|p2a: Gliscor|Facade|p1a: Bronzong
|-resisted|p1a: Bronzong
|-damage|p1a: Bronzong|0 fnt
|faint|p1a: Bronzong
|
|-weather|Sandstorm|[upkeep]
|-heal|p2a: Gliscor|45/100 tox|[from] ability: Poison Heal
|upkeep
|
|t:|1725982297
|switch|p1a: Mamoswine|Mamoswine, F, shiny|47/100
|-damage|p1a: Mamoswine|30/100|[from] Spikes
|turn|45
|
|t:|1725982314
|move|p2a: Gliscor|Protect|p2a: Gliscor
|-singleturn|p2a: Gliscor|Protect
|move|p1a: Mamoswine|Superpower|p2a: Gliscor
|-activate|p2a: Gliscor|move: Protect
|
|-weather|Sandstorm|[upkeep]
|-heal|p2a: Gliscor|57/100 tox|[from] ability: Poison Heal
|upkeep
|turn|46
|
|t:|1725982322
|switch|p1a: Politoed|Politoed, M, shiny|36/100
|-damage|p1a: Politoed|19/100|[from] Spikes
|-weather|RainDance|[from] ability: Drizzle|[of] p1a: Politoed
|move|p2a: Gliscor|Facade|p1a: Politoed
|-damage|p1a: Politoed|0 fnt
|faint|p1a: Politoed
|
|-weather|RainDance|[upkeep]
|-heal|p2a: Gliscor|70/100 tox|[from] ability: Poison Heal
|upkeep
|
|t:|1725982340
|switch|p1a: Thundurus|Thundurus-Therian, M|65/100
|turn|47
|
|t:|1725982358
|switch|p2a: Tyranitar|Tyranitar, F|68/100
|-weather|Sandstorm|[from] ability: Sand Stream|[of] p2a: Tyranitar
|move|p1a: Thundurus|Hidden Power|p2a: Tyranitar
|-damage|p2a: Tyranitar|53/100
|
|-weather|Sandstorm|[upkeep]
|-damage|p1a: Thundurus|59/100|[from] Sandstorm
|-heal|p1a: Thundurus|65/100|[from] item: Leftovers
|upkeep
|turn|48
|
|t:|1725982361
|move|p1a: Thundurus|Focus Blast|p2a: Tyranitar
|-supereffective|p2a: Tyranitar
|-damage|p2a: Tyranitar|0 fnt
|faint|p2a: Tyranitar
|
|-weather|Sandstorm|[upkeep]
|-damage|p1a: Thundurus|59/100|[from] Sandstorm
|-heal|p1a: Thundurus|65/100|[from] item: Leftovers
|upkeep
|
|t:|1725982374
|switch|p2a: Rotom|Rotom-Wash|63/100 brn
|turn|49
|
|t:|1725982386
|switch|p1a: Mamoswine|Mamoswine, F, shiny|30/100
|-damage|p1a: Mamoswine|14/100|[from] Spikes
|move|p2a: Rotom|Trick|p1a: Mamoswine
|-activate|p2a: Rotom|move: Trick|[of] p1a: Mamoswine
|-item|p1a: Mamoswine|Choice Scarf|[from] move: Trick
|-item|p2a: Rotom|Choice Band|[from] move: Trick
|
|-weather|Sandstorm|[upkeep]
|-damage|p2a: Rotom|57/100 brn|[from] Sandstorm
|-damage|p2a: Rotom|44/100 brn|[from] brn
|upkeep
|turn|50
|
|t:|1725982406
|move|p1a: Mamoswine|Icicle Crash|p2a: Rotom
|-resisted|p2a: Rotom
|-damage|p2a: Rotom|12/100 brn
|move|p2a: Rotom|Hydro Pump|p1a: Mamoswine
|-supereffective|p1a: Mamoswine
|-damage|p1a: Mamoswine|0 fnt
|faint|p1a: Mamoswine
|
|-weather|Sandstorm|[upkeep]
|-damage|p2a: Rotom|6/100 brn|[from] Sandstorm
|-damage|p2a: Rotom|0 fnt|[from] brn
|faint|p2a: Rotom
|upkeep
|
|t:|1725982426
|switch|p2a: Forretress|Forretress, F|93/100
|switch|p1a: Roserade|Roserade, F, shiny|76/100
|-damage|p1a: Roserade|59/100|[from] Spikes
|turn|51
|
|t:|1725982437
|switch|p2a: Heatran|Heatran, M|19/100
|move|p1a: Roserade|Weather Ball|p2a: Heatran
|-damage|p2a: Heatran|0 fnt
|faint|p2a: Heatran
|
|-weather|Sandstorm|[upkeep]
|-damage|p1a: Roserade|53/100|[from] Sandstorm
|-heal|p1a: Roserade|59/100|[from] item: Black Sludge
|upkeep
|
|t:|1725982446
|switch|p2a: Gliscor|Gliscor, M|70/100 tox
|turn|52
|
|t:|1725982450
|move|p2a: Gliscor|Protect|p2a: Gliscor
|-singleturn|p2a: Gliscor|Protect
|move|p1a: Roserade|Magical Leaf|p2a: Gliscor
|-activate|p2a: Gliscor|move: Protect
|
|-weather|Sandstorm|[upkeep]
|-damage|p1a: Roserade|53/100|[from] Sandstorm
|-heal|p1a: Roserade|59/100|[from] item: Black Sludge
|-heal|p2a: Gliscor|82/100 tox|[from] ability: Poison Heal
|upkeep
|turn|53
|
|t:|1725982461
|move|p2a: Gliscor|Swords Dance|p2a: Gliscor
|-boost|p2a: Gliscor|atk|2
|move|p1a: Roserade|Magical Leaf|p2a: Gliscor
|-crit|p2a: Gliscor
|-damage|p2a: Gliscor|0 fnt
|faint|p2a: Gliscor
|
|-weather|Sandstorm|[upkeep]
|-damage|p1a: Roserade|53/100|[from] Sandstorm
|-heal|p1a: Roserade|59/100|[from] item: Black Sludge
|upkeep
|
|t:|1725982466
|switch|p2a: Forretress|Forretress, F|93/100
|turn|54
|
|t:|1725982471
|switch|p1a: Thundurus|Thundurus-Therian, M|65/100
|move|p2a: Forretress|Hidden Power|p1a: Thundurus
|-supereffective|p1a: Thundurus
|-damage|p1a: Thundurus|39/100
|
|-weather|Sandstorm|[upkeep]
|-damage|p1a: Thundurus|33/100|[from] Sandstorm
|-heal|p1a: Thundurus|39/100|[from] item: Leftovers
|-heal|p2a: Forretress|99/100|[from] item: Leftovers
|upkeep
|turn|55
|
|t:|1725982480
|move|p1a: Thundurus|Thunder|p2a: Forretress
|-damage|p2a: Forretress|3/100
|-status|p2a: Forretress|par
|move|p2a: Forretress|Hidden Power|p1a: Thundurus
|-supereffective|p1a: Thundurus
|-damage|p1a: Thundurus|12/100
|
|-weather|Sandstorm|[upkeep]
|-damage|p1a: Thundurus|5/100|[from] Sandstorm
|-heal|p1a: Thundurus|12/100|[from] item: Leftovers
|-heal|p2a: Forretress|9/100 par|[from] item: Leftovers
|upkeep
|turn|56
|
|t:|1725982489
|move|p1a: Thundurus|Hidden Power|p2a: Forretress
|-resisted|p2a: Forretress
|-damage|p2a: Forretress|0 fnt
|faint|p2a: Forretress
|
|-weather|Sandstorm|[upkeep]
|-damage|p1a: Thundurus|5/100|[from] Sandstorm
|-heal|p1a: Thundurus|12/100|[from] item: Leftovers
|upkeep
|
|t:|1725982492
|switch|p2a: Celebi|Celebi|32/100
|turn|57
|
|t:|1725982495
|move|p1a: Thundurus|Hidden Power|p2a: Celebi
|-supereffective|p2a: Celebi
|-crit|p2a: Celebi
|-damage|p2a: Celebi|0 fnt
|faint|p2a: Celebi
|
|win|CollateralDamageJr
|raw|CollateralDamageJr's rating: 1298 &rarr; <strong>1333</strong><br />(+35 for winning)
|raw|Wallah Morgulis's rating: 1451 &rarr; <strong>1423</strong><br />(-28 for losing)
|l|‽Wallah Morgulis
|player|p2|
|c|☆CollateralDamageJr|gg, wp!
