|j|☆iMeridian
|j|☆testbwou
|player|p1|iMeridian|madame-gen4dp|1602
|player|p2|testbwou|170|1477
|teamsize|p1|6
|teamsize|p2|6
|gametype|singles
|gen|5
|tier|[Gen 5] OU
|rated|
|clearpoke
|poke|p1|Skarmory, F|item
|poke|p1|Abomasnow, M|item
|poke|p1|Starmie|item
|poke|p1|Weavile, M|item
|poke|p1|Jellicent, F|item
|poke|p1|Kyurem|item
|poke|p2|Garchomp, F|item
|poke|p2|Alakazam, F|item
|poke|p2|Jellicent, M|item
|poke|p2|Scizor, M|item
|poke|p2|Tyranitar, F|item
|poke|p2|Rotom-Wash|item
|rule|Species Clause: Limit one of each Pokémon
|rule|OHKO Clause: OHKO moves are banned
|rule|Moody Clause: Moody is banned
|rule|Evasion Moves Clause: Evasion moves are banned
|rule|Endless Battle Clause: Forcing endless battles is banned
|rule|HP Percentage Mod: HP is shown in percentages
|rule|Evasion Abilities Clause: Evasion abilities are banned
|rule|Baton Pass Clause: Limit one Baton Passer, can't pass Spe and other stats simultaneously
|rule|Sleep Clause: Sleep-inducing moves are banned
|rule|Swagger Clause: Swagger is banned
|teampreview
|
|start
|switch|p1a: Kyurem|Kyurem|100/100
|switch|p2a: Rotom|Rotom-Wash|100/100
|-ability|p1a: Kyurem|Pressure
|turn|1
|inactive|Battle timer is ON: inactive players will automatically lose when time's up. (requested by iMeridian)
|
|move|p1a: Kyurem|Draco Meteor|p2a: Rotom
|-damage|p2a: Rotom|1/100
|-unboost|p1a: Kyurem|spa|2
|move|p2a: Rotom|Volt Switch|p1a: Kyurem
|-resisted|p1a: Kyurem
|-damage|p1a: Kyurem|89/100
|inactive|testbwou has 120 seconds left.
|
|switch|p2a: Scizor|Scizor, M|100/100|[from]move: Volt Switch
|
|upkeep
|turn|2
|
|switch|p1a: Skarmory|Skarmory, F|100/100
|move|p2a: Scizor|U-turn|p1a: Skarmory
|-resisted|p1a: Skarmory
|-damage|p1a: Skarmory|92/100
|-damage|p2a: Scizor|84/100|[from] item: Rocky Helmet|[of] p1a: Skarmory
|
|switch|p2a: Rotom|Rotom-Wash|1/100|[from]move: U-turn
|
|-heal|p2a: Rotom|7/100|[from] item: Leftovers
|upkeep
|turn|3
|
|switch|p1a: Kyurem|Kyurem|89/100
|-ability|p1a: Kyurem|Pressure
|move|p2a: Rotom|Volt Switch|p1a: Kyurem
|-resisted|p1a: Kyurem
|-damage|p1a: Kyurem|76/100
|
|switch|p2a: Scizor|Scizor, M|84/100|[from]move: Volt Switch
|
|upkeep
|turn|4
|
|switch|p1a: Skarmory|Skarmory, F|92/100
|move|p2a: Scizor|Bullet Punch|p1a: Skarmory
|-resisted|p1a: Skarmory
|-damage|p1a: Skarmory|76/100
|-damage|p2a: Scizor|67/100|[from] item: Rocky Helmet|[of] p1a: Skarmory
|
|upkeep
|turn|5
|j| UnusuallyOffensive
|
|move|p2a: Scizor|Bullet Punch|p1a: Skarmory
|-resisted|p1a: Skarmory
|-damage|p1a: Skarmory|60/100
|-damage|p2a: Scizor|51/100|[from] item: Rocky Helmet|[of] p1a: Skarmory
|move|p1a: Skarmory|Stealth Rock|p2a: Scizor
|-sidestart|p2: testbwou|move: Stealth Rock
|
|upkeep
|turn|6
|
|switch|p2a: Rotom|Rotom-Wash|7/100
|-damage|p2a: Rotom|0 fnt|[from] Stealth Rock
|faint|p2a: Rotom
|move|p1a: Skarmory|Roost|p1a: Skarmory
|-heal|p1a: Skarmory|100/100
|-singleturn|p1a: Skarmory|move: Roost
|
|upkeep
|
|switch|p2a: Jellicent|Jellicent, M|100/100
|-damage|p2a: Jellicent|88/100|[from] Stealth Rock
|turn|7
|
|switch|p1a: Kyurem|Kyurem|76/100
|-ability|p1a: Kyurem|Pressure
|move|p2a: Jellicent|Water Spout|p1a: Kyurem
|-resisted|p1a: Kyurem
|-damage|p1a: Kyurem|37/100
|
|upkeep
|turn|8
|
|switch|p1a: Jellicent|Jellicent, F|100/100
|switch|p2a: Tyranitar|Tyranitar, F|100/100
|-damage|p2a: Tyranitar|88/100|[from] Stealth Rock
|-weather|Sandstorm|[from] ability: Sand Stream|[of] p2a: Tyranitar
|
|-weather|Sandstorm|[upkeep]
|-damage|p1a: Jellicent|94/100|[from] Sandstorm
|-heal|p1a: Jellicent|100/100|[from] item: Leftovers
|upkeep
|turn|9
|
|move|p1a: Jellicent|Will-O-Wisp|p2a: Tyranitar
|-status|p2a: Tyranitar|brn
|move|p2a: Tyranitar|Pursuit|p1a: Jellicent
|-supereffective|p1a: Jellicent
|-damage|p1a: Jellicent|80/100
|
|-weather|Sandstorm|[upkeep]
|-damage|p1a: Jellicent|74/100|[from] Sandstorm
|-heal|p1a: Jellicent|80/100|[from] item: Leftovers
|-damage|p2a: Tyranitar|76/100 brn|[from] brn
|upkeep
|turn|10
|
|move|p1a: Jellicent|Scald|p2a: Tyranitar
|-supereffective|p2a: Tyranitar
|-damage|p2a: Tyranitar|57/100 brn
|move|p2a: Tyranitar|Pursuit|p1a: Jellicent
|-supereffective|p1a: Jellicent
|-damage|p1a: Jellicent|60/100
|
|-weather|Sandstorm|[upkeep]
|-damage|p1a: Jellicent|54/100|[from] Sandstorm
|-heal|p1a: Jellicent|60/100|[from] item: Leftovers
|-damage|p2a: Tyranitar|45/100 brn|[from] brn
|upkeep
|turn|11
|l| UnusuallyOffensive
|
|switch|p2a: Jellicent|Jellicent, M|88/100
|-damage|p2a: Jellicent|75/100|[from] Stealth Rock
|move|p1a: Jellicent|Recover|p1a: Jellicent
|-heal|p1a: Jellicent|100/100
|
|-weather|Sandstorm|[upkeep]
|-damage|p1a: Jellicent|94/100|[from] Sandstorm
|-damage|p2a: Jellicent|69/100|[from] Sandstorm
|-heal|p1a: Jellicent|100/100|[from] item: Leftovers
|upkeep
|turn|12
|
|switch|p1a: Skarmory|Skarmory, F|100/100
|move|p2a: Jellicent|Shadow Ball|p1a: Skarmory
|-resisted|p1a: Skarmory
|-damage|p1a: Skarmory|66/100
|
|-weather|Sandstorm|[upkeep]
|-damage|p2a: Jellicent|63/100|[from] Sandstorm
|upkeep
|turn|13
|
|move|p1a: Skarmory|Spikes|p2a: Jellicent
|-sidestart|p2: testbwou|Spikes
|move|p2a: Jellicent|Shadow Ball|p1a: Skarmory
|-resisted|p1a: Skarmory
|-damage|p1a: Skarmory|30/100
|
|-weather|Sandstorm|[upkeep]
|-damage|p2a: Jellicent|57/100|[from] Sandstorm
|upkeep
|turn|14
|
|move|p1a: Skarmory|Roost|p1a: Skarmory
|-heal|p1a: Skarmory|80/100
|-singleturn|p1a: Skarmory|move: Roost
|move|p2a: Jellicent|Shadow Ball|p1a: Skarmory
|-resisted|p1a: Skarmory
|-damage|p1a: Skarmory|45/100
|
|-weather|Sandstorm|[upkeep]
|-damage|p2a: Jellicent|50/100|[from] Sandstorm
|upkeep
|turn|15
|
|move|p1a: Skarmory|Roost|p1a: Skarmory
|-heal|p1a: Skarmory|95/100
|-singleturn|p1a: Skarmory|move: Roost
|move|p2a: Jellicent|Shadow Ball|p1a: Skarmory
|-resisted|p1a: Skarmory
|-damage|p1a: Skarmory|62/100
|
|-weather|Sandstorm|[upkeep]
|-damage|p2a: Jellicent|44/100|[from] Sandstorm
|upkeep
|turn|16
|
|switch|p2a: Garchomp|Garchomp, F|100/100
|-damage|p2a: Garchomp|88/100|[from] Spikes
|-damage|p2a: Garchomp|82/100|[from] Stealth Rock
|move|p1a: Skarmory|Spikes|p2a: Garchomp
|-sidestart|p2: testbwou|Spikes
|
|-weather|Sandstorm|[upkeep]
|upkeep
|turn|17
|
|move|p2a: Garchomp|Fire Fang|p1a: Skarmory
|-supereffective|p1a: Skarmory
|-damage|p1a: Skarmory|37/100
|-damage|p2a: Garchomp|65/100|[from] item: Rocky Helmet|[of] p1a: Skarmory
|move|p1a: Skarmory|Roost|p1a: Skarmory
|-heal|p1a: Skarmory|87/100
|-singleturn|p1a: Skarmory|move: Roost
|
|-weather|Sandstorm|[upkeep]
|upkeep
|turn|18
|
|switch|p2a: Tyranitar|Tyranitar, F|45/100 brn
|-damage|p2a: Tyranitar|28/100 brn|[from] Spikes
|-damage|p2a: Tyranitar|16/100 brn|[from] Stealth Rock
|move|p1a: Skarmory|Spikes|p2a: Tyranitar
|-sidestart|p2: testbwou|Spikes
|
|-weather|Sandstorm|[upkeep]
|-damage|p2a: Tyranitar|4/100 brn|[from] brn
|upkeep
|turn|19
|
|move|p1a: Skarmory|Brave Bird|p2a: Tyranitar
|-resisted|p2a: Tyranitar
|-damage|p2a: Tyranitar|0 fnt
|-damage|p1a: Skarmory|86/100|[from] Recoil
|faint|p2a: Tyranitar
|
|-weather|Sandstorm|[upkeep]
|upkeep
|-message|testbwou forfeited.
|
|win|iMeridian
|l|☆testbwou
|raw|iMeridian's rating: 1607 &rarr; <strong>1620</strong><br />(+13 for winning)
|raw|testbwou's rating: 1477 &rarr; <strong>1465</strong><br />(-12 for losing)
