|j|☆DiegoBrandoTW
|j|☆Charliereall
|t:|1739133668
|gametype|singles
|player|p1|DiegoBrandoTW|youngcouple-gen4dp|1336
|player|p2|Charliereall|teamrocket|1318
|teamsize|p1|6
|teamsize|p2|6
|gen|5
|tier|[Gen 5] OU
|rated|
|rule|Species Clause: Limit one of each Pokémon
|rule|OHKO Clause: OHKO moves are banned
|rule|Moody Clause: Moody is banned
|rule|Evasion Items Clause: Evasion items are banned
|rule|Evasion Moves Clause: Evasion moves are banned
|rule|Endless Battle Clause: Forcing endless battles is banned
|rule|HP Percentage Mod: HP is shown in percentages
|rule|Evasion Abilities Clause: Evasion abilities are banned
|rule|Sleep Moves Clause: Sleep-inducing moves are banned
|rule|Swagger Clause: Swagger is banned
|rule|Baton Pass Stat Clause: No Baton Passer may have a way to boost its stats
|clearpoke
|poke|p1|Hippowdon, F|item
|poke|p1|Blissey, F|item
|poke|p1|Slowbro, M|item
|poke|p1|Gliscor, M|item
|poke|p1|Magneton|item
|poke|p1|Reuniclus, F|item
|poke|p2|Abomasnow, F|item
|poke|p2|Gliscor, M|item
|poke|p2|Excadrill, F|item
|poke|p2|Blissey, F|item
|poke|p2|Latios, M|item
|poke|p2|Reuniclus, M|item
|teampreview
|inactive|Battle timer is ON: inactive players will automatically lose when time's up. (requested by Charliereall)
|inactive|DiegoBrandoTW also wants the timer to be on.
|inactive|Charliereall has 120 seconds left.
|c|☆DiegoBrandoTW|hf!
|c|☆Charliereall|no
|c|☆Charliereall|u
|c|☆Charliereall|:3
|c|☆DiegoBrandoTW|no
|c|☆DiegoBrandoTW|YOU
|c|☆DiegoBrandoTW|:3
|c|☆Charliereall|no YOU
|c|☆Charliereall|:3
|c|☆DiegoBrandoTW|NO!
|c|☆DiegoBrandoTW|YOU!
|c|☆Charliereall|gr
|c|☆DiegoBrandoTW|:3
|c|☆Charliereall|grrr
|c|☆DiegoBrandoTW|DONT GR ME
|inactive|Charliereall has 90 seconds left.
|
|t:|1739133734
|start
|switch|p1a: Reuniclus|Reuniclus, F|100/100
|switch|p2a: Latios|Latios, M|100/100
|turn|1
|
|t:|1739133743
|switch|p1a: Blissey|Blissey, F|100/100
|move|p2a: Latios|Thunder Wave|p1a: Blissey
|-status|p1a: Blissey|par
|
|upkeep
|turn|2
|
|t:|1739133752
|switch|p2a: Excadrill|Excadrill, F|100/100
|-ability|p2a: Excadrill|Mold Breaker
|cant|p1a: Blissey|par
|
|upkeep
|turn|3
|
|t:|1739133758
|-curestatus|p1a: Blissey|par|[from] ability: Natural Cure
|switch|p1a: Gliscor|Gliscor, M|100/100
|move|p2a: Excadrill|Stealth Rock|p1a: Gliscor
|-sidestart|p1: DiegoBrandoTW|move: Stealth Rock
|
|-status|p1a: Gliscor|tox|[from] item: Toxic Orb
|upkeep
|turn|4
|
|t:|1739133772
|switch|p2a: Latios|Latios, M|100/100
|move|p1a: Gliscor|Facade|p2a: Latios
|-damage|p2a: Latios|58/100
|
|upkeep
|turn|5
|
|t:|1739133779
|move|p1a: Gliscor|Protect|p1a: Gliscor
|-singleturn|p1a: Gliscor|Protect
|move|p2a: Latios|Surf|p1a: Gliscor
|-activate|p1a: Gliscor|move: Protect
|
|upkeep
|turn|6
|
|t:|1739133786
|move|p2a: Latios|Roost|p2a: Latios
|-heal|p2a: Latios|100/100
|-singleturn|p2a: Latios|move: Roost
|move|p1a: Gliscor|Facade|p2a: Latios
|-damage|p2a: Latios|57/100
|
|upkeep
|turn|7
|
|t:|1739133794
|switch|p1a: Blissey|Blissey, F|100/100
|-damage|p1a: Blissey|88/100|[from] Stealth Rock
|move|p2a: Latios|Surf|p1a: Blissey
|-damage|p1a: Blissey|75/100
|
|-heal|p1a: Blissey|81/100|[from] item: Leftovers
|upkeep
|turn|8
|
|t:|1739133803
|switch|p2a: Gliscor|Gliscor, M|100/100
|move|p1a: Blissey|Seismic Toss|p2a: Gliscor
|-damage|p2a: Gliscor|68/100
|
|-heal|p1a: Blissey|87/100|[from] item: Leftovers
|-status|p2a: Gliscor|tox|[from] item: Toxic Orb
|upkeep
|turn|9
|
|t:|1739133811
|move|p2a: Gliscor|Knock Off|p1a: Blissey
|-damage|p1a: Blissey|83/100
|-enditem|p1a: Blissey|Leftovers|[from] move: Knock Off|[of] p2a: Gliscor
|move|p1a: Blissey|Ice Beam|p2a: Gliscor
|-supereffective|p2a: Gliscor
|-damage|p2a: Gliscor|0 fnt
|faint|p2a: Gliscor
|
|upkeep
|
|t:|1739133823
|switch|p2a: Abomasnow|Abomasnow, F|100/100
|-weather|Hail|[from] ability: Snow Warning|[of] p2a: Abomasnow
|turn|10
|
|t:|1739133831
|move|p1a: Blissey|Thunder Wave|p2a: Abomasnow
|-status|p2a: Abomasnow|par
|move|p2a: Abomasnow|Blizzard|p1a: Blissey
|-damage|p1a: Blissey|67/100
|
|-weather|Hail|[upkeep]
|-damage|p1a: Blissey|61/100|[from] Hail
|upkeep
|turn|11
|
|t:|1739133839
|switch|p1a: Magneton|Magneton|100/100
|-damage|p1a: Magneton|94/100|[from] Stealth Rock
|switch|p2a: Excadrill|Excadrill, F|100/100
|-ability|p2a: Excadrill|Mold Breaker
|
|-weather|Hail|[upkeep]
|-damage|p1a: Magneton|88/100|[from] Hail
|-damage|p2a: Excadrill|94/100|[from] Hail
|-heal|p2a: Excadrill|100/100|[from] item: Leftovers
|upkeep
|turn|12
|
|t:|1739133848
|switch|p1a: Hippowdon|Hippowdon, F|100/100
|-damage|p1a: Hippowdon|94/100|[from] Stealth Rock
|-weather|Sandstorm|[from] ability: Sand Stream|[of] p1a: Hippowdon
|move|p2a: Excadrill|Earthquake|p1a: Hippowdon
|-damage|p1a: Hippowdon|69/100
|
|-weather|Sandstorm|[upkeep]
|-heal|p1a: Hippowdon|75/100|[from] item: Leftovers
|upkeep
|turn|13
|
|t:|1739133855
|switch|p2a: Abomasnow|Abomasnow, F|100/100 par
|-weather|Hail|[from] ability: Snow Warning|[of] p2a: Abomasnow
|move|p1a: Hippowdon|Stealth Rock|p2a: Abomasnow
|-sidestart|p2: Charliereall|move: Stealth Rock
|
|-weather|Hail|[upkeep]
|-damage|p1a: Hippowdon|69/100|[from] Hail
|-heal|p1a: Hippowdon|75/100|[from] item: Leftovers
|upkeep
|turn|14
|
|t:|1739133867
|switch|p1a: Blissey|Blissey, F|61/100
|-damage|p1a: Blissey|48/100|[from] Stealth Rock
|switch|p2a: Excadrill|Excadrill, F|100/100
|-damage|p2a: Excadrill|98/100|[from] Stealth Rock
|-ability|p2a: Excadrill|Mold Breaker
|
|-weather|Hail|[upkeep]
|-damage|p2a: Excadrill|92/100|[from] Hail
|-damage|p1a: Blissey|42/100|[from] Hail
|-heal|p2a: Excadrill|98/100|[from] item: Leftovers
|upkeep
|turn|15
|
|t:|1739133881
|switch|p2a: Abomasnow|Abomasnow, F|100/100 par
|-damage|p2a: Abomasnow|76/100 par|[from] Stealth Rock
|move|p1a: Blissey|Soft-Boiled|p1a: Blissey
|-heal|p1a: Blissey|92/100
|
|-weather|Hail|[upkeep]
|-damage|p1a: Blissey|86/100|[from] Hail
|-heal|p2a: Abomasnow|82/100 par|[from] item: Leftovers
|upkeep
|turn|16
|
|t:|1739133895
|move|p1a: Blissey|Seismic Toss|p2a: Abomasnow
|-damage|p2a: Abomasnow|56/100 par
|move|p2a: Abomasnow|Blizzard|p1a: Blissey
|-damage|p1a: Blissey|70/100
|
|-weather|Hail|[upkeep]
|-damage|p1a: Blissey|63/100|[from] Hail
|-heal|p2a: Abomasnow|62/100 par|[from] item: Leftovers
|upkeep
|turn|17
|
|t:|1739133906
|move|p2a: Abomasnow|Protect|p2a: Abomasnow
|-singleturn|p2a: Abomasnow|Protect
|move|p1a: Blissey|Soft-Boiled|p1a: Blissey
|-heal|p1a: Blissey|100/100
|
|-weather|Hail|[upkeep]
|-damage|p1a: Blissey|94/100|[from] Hail
|-heal|p2a: Abomasnow|68/100 par|[from] item: Leftovers
|upkeep
|turn|18
|
|t:|1739133918
|switch|p2a: Excadrill|Excadrill, F|98/100
|-damage|p2a: Excadrill|95/100|[from] Stealth Rock
|-ability|p2a: Excadrill|Mold Breaker
|move|p1a: Blissey|Seismic Toss|p2a: Excadrill
|-damage|p2a: Excadrill|70/100
|
|-weather|Hail|[upkeep]
|-damage|p2a: Excadrill|64/100|[from] Hail
|-damage|p1a: Blissey|88/100|[from] Hail
|-heal|p2a: Excadrill|70/100|[from] item: Leftovers
|upkeep
|turn|19
|
|t:|1739133924
|switch|p1a: Gliscor|Gliscor, M|100/100 tox
|-damage|p1a: Gliscor|88/100 tox|[from] Stealth Rock
|move|p2a: Excadrill|Rapid Spin|p1a: Gliscor
|-damage|p1a: Gliscor|84/100 tox
|-sideend|p2: Charliereall|Stealth Rock|[from] move: Rapid Spin|[of] p2a: Excadrill
|
|-weather|Hail|[upkeep]
|-damage|p1a: Gliscor|77/100 tox|[from] Hail
|-damage|p2a: Excadrill|64/100|[from] Hail
|-heal|p2a: Excadrill|70/100|[from] item: Leftovers
|-heal|p1a: Gliscor|90/100 tox|[from] ability: Poison Heal
|upkeep
|turn|20
|
|t:|1739133934
|switch|p2a: Abomasnow|Abomasnow, F|68/100 par
|move|p1a: Gliscor|Facade|p2a: Abomasnow
|-damage|p2a: Abomasnow|34/100 par
|
|-weather|Hail|[upkeep]
|-damage|p1a: Gliscor|84/100 tox|[from] Hail
|-heal|p2a: Abomasnow|40/100 par|[from] item: Leftovers
|-heal|p1a: Gliscor|96/100 tox|[from] ability: Poison Heal
|upkeep
|turn|21
|
|t:|1739133960
|switch|p1a: Magneton|Magneton|88/100
|-damage|p1a: Magneton|82/100|[from] Stealth Rock
|move|p2a: Abomasnow|Blizzard|p1a: Magneton
|-resisted|p1a: Magneton
|-damage|p1a: Magneton|34/100
|
|-weather|Hail|[upkeep]
|-damage|p1a: Magneton|28/100|[from] Hail
|-heal|p2a: Abomasnow|46/100 par|[from] item: Leftovers
|upkeep
|turn|22
|
|t:|1739133968
|switch|p2a: Blissey|Blissey, F|100/100
|move|p1a: Magneton|Hidden Power|p2a: Blissey
|-damage|p2a: Blissey|92/100
|
|-weather|Hail|[upkeep]
|-damage|p1a: Magneton|22/100|[from] Hail
|-damage|p2a: Blissey|86/100|[from] Hail
|-heal|p2a: Blissey|92/100|[from] item: Leftovers
|upkeep
|turn|23
|
|t:|1739133976
|switch|p1a: Hippowdon|Hippowdon, F|75/100
|-damage|p1a: Hippowdon|69/100|[from] Stealth Rock
|-weather|Sandstorm|[from] ability: Sand Stream|[of] p1a: Hippowdon
|move|p2a: Blissey|Seismic Toss|p1a: Hippowdon
|-damage|p1a: Hippowdon|45/100
|
|-weather|Sandstorm|[upkeep]
|-damage|p2a: Blissey|86/100|[from] Sandstorm
|-heal|p2a: Blissey|92/100|[from] item: Leftovers
|-heal|p1a: Hippowdon|51/100|[from] item: Leftovers
|upkeep
|turn|24
|
|t:|1739133987
|switch|p2a: Latios|Latios, M|57/100
|move|p1a: Hippowdon|Stealth Rock|p2a: Latios
|-sidestart|p2: Charliereall|move: Stealth Rock
|
|-weather|Sandstorm|[upkeep]
|-damage|p2a: Latios|51/100|[from] Sandstorm
|-heal|p1a: Hippowdon|58/100|[from] item: Leftovers
|upkeep
|turn|25
|
|t:|1739133995
|switch|p1a: Blissey|Blissey, F|88/100
|-damage|p1a: Blissey|76/100|[from] Stealth Rock
|move|p2a: Latios|Roost|p2a: Latios
|-heal|p2a: Latios|100/100
|-singleturn|p2a: Latios|move: Roost
|
|-weather|Sandstorm|[upkeep]
|-damage|p2a: Latios|95/100|[from] Sandstorm
|-damage|p1a: Blissey|70/100|[from] Sandstorm
|upkeep
|turn|26
|
|t:|1739134002
|switch|p2a: Blissey|Blissey, F|92/100
|-damage|p2a: Blissey|80/100|[from] Stealth Rock
|move|p1a: Blissey|Seismic Toss|p2a: Blissey
|-damage|p2a: Blissey|66/100
|
|-weather|Sandstorm|[upkeep]
|-damage|p1a: Blissey|63/100|[from] Sandstorm
|-damage|p2a: Blissey|60/100|[from] Sandstorm
|-heal|p2a: Blissey|66/100|[from] item: Leftovers
|upkeep
|turn|27
|
|t:|1739134008
|switch|p1a: Gliscor|Gliscor, M|96/100 tox
|-damage|p1a: Gliscor|84/100 tox|[from] Stealth Rock
|move|p2a: Blissey|Wish|p2a: Blissey
|
|-weather|Sandstorm|[upkeep]
|-damage|p2a: Blissey|60/100|[from] Sandstorm
|-heal|p2a: Blissey|66/100|[from] item: Leftovers
|-heal|p1a: Gliscor|96/100 tox|[from] ability: Poison Heal
|upkeep
|turn|28
|
|t:|1739134019
|switch|p2a: Latios|Latios, M|95/100
|-damage|p2a: Latios|82/100|[from] Stealth Rock
|move|p1a: Gliscor|Facade|p2a: Latios
|-damage|p2a: Latios|39/100
|
|-weather|Sandstorm|[upkeep]
|-damage|p2a: Latios|33/100|[from] Sandstorm
|-heal|p2a: Latios|100/100|[from] move: Wish|[wisher] Blissey
|-heal|p1a: Gliscor|100/100 tox|[from] ability: Poison Heal
|upkeep
|turn|29
|
|t:|1739134030
|switch|p1a: Blissey|Blissey, F|63/100
|-damage|p1a: Blissey|51/100|[from] Stealth Rock
|move|p2a: Latios|Surf|p1a: Blissey
|-damage|p1a: Blissey|38/100
|
|-weather|Sandstorm|[upkeep]
|-damage|p2a: Latios|95/100|[from] Sandstorm
|-damage|p1a: Blissey|32/100|[from] Sandstorm
|upkeep
|turn|30
|
|t:|1739134040
|move|p2a: Latios|Thunder Wave|p1a: Blissey
|-status|p1a: Blissey|par
|move|p1a: Blissey|Soft-Boiled|p1a: Blissey
|-heal|p1a: Blissey|82/100 par
|
|-weather|Sandstorm|[upkeep]
|-damage|p2a: Latios|89/100|[from] Sandstorm
|-damage|p1a: Blissey|76/100 par|[from] Sandstorm
|upkeep
|turn|31
|
|t:|1739134050
|switch|p2a: Excadrill|Excadrill, F|70/100
|-damage|p2a: Excadrill|68/100|[from] Stealth Rock
|-ability|p2a: Excadrill|Mold Breaker
|move|p1a: Blissey|Thunder Wave|p2a: Excadrill
|-immune|p2a: Excadrill
|
|-weather|Sandstorm|[upkeep]
|-damage|p1a: Blissey|70/100 par|[from] Sandstorm
|-heal|p2a: Excadrill|74/100|[from] item: Leftovers
|upkeep
|turn|32
|
|t:|1739134056
|-curestatus|p1a: Blissey|par|[from] ability: Natural Cure
|switch|p1a: Gliscor|Gliscor, M|100/100 tox
|-damage|p1a: Gliscor|88/100 tox|[from] Stealth Rock
|move|p2a: Excadrill|Rapid Spin|p1a: Gliscor
|-damage|p1a: Gliscor|83/100 tox
|-sideend|p2: Charliereall|Stealth Rock|[from] move: Rapid Spin|[of] p2a: Excadrill
|
|-weather|Sandstorm|[upkeep]
|-heal|p2a: Excadrill|80/100|[from] item: Leftovers
|-heal|p1a: Gliscor|96/100 tox|[from] ability: Poison Heal
|upkeep
|turn|33
|
|t:|1739134068
|switch|p2a: Latios|Latios, M|89/100
|move|p1a: Gliscor|Swords Dance|p1a: Gliscor
|-boost|p1a: Gliscor|atk|2
|
|-weather|Sandstorm|[upkeep]
|-damage|p2a: Latios|83/100|[from] Sandstorm
|-heal|p1a: Gliscor|100/100 tox|[from] ability: Poison Heal
|upkeep
|turn|34
|
|t:|1739134074
|move|p2a: Latios|Surf|p1a: Gliscor
|-supereffective|p1a: Gliscor
|-damage|p1a: Gliscor|39/100 tox
|move|p1a: Gliscor|Facade|p2a: Latios
|-damage|p2a: Latios|0 fnt
|faint|p2a: Latios
|
|-weather|Sandstorm|[upkeep]
|-heal|p1a: Gliscor|52/100 tox|[from] ability: Poison Heal
|upkeep
|
|t:|1739134080
|switch|p2a: Abomasnow|Abomasnow, F|46/100 par
|-weather|Hail|[from] ability: Snow Warning|[of] p2a: Abomasnow
|turn|35
|
|t:|1739134091
|move|p1a: Gliscor|Protect|p1a: Gliscor
|-singleturn|p1a: Gliscor|Protect
|move|p2a: Abomasnow|Ice Shard|p1a: Gliscor
|-activate|p1a: Gliscor|move: Protect
|
|-weather|Hail|[upkeep]
|-damage|p1a: Gliscor|45/100 tox|[from] Hail
|-heal|p2a: Abomasnow|52/100 par|[from] item: Leftovers
|-heal|p1a: Gliscor|58/100 tox|[from] ability: Poison Heal
|upkeep
|turn|36
|
|t:|1739134101
|switch|p1a: Magneton|Magneton|22/100
|-damage|p1a: Magneton|15/100|[from] Stealth Rock
|move|p2a: Abomasnow|Ice Shard|p1a: Magneton
|-resisted|p1a: Magneton
|-damage|p1a: Magneton|7/100
|
|-weather|Hail|[upkeep]
|-damage|p1a: Magneton|0 fnt|[from] Hail
|faint|p1a: Magneton
|-heal|p2a: Abomasnow|58/100 par|[from] item: Leftovers
|upkeep
|
|t:|1739134107
|switch|p1a: Blissey|Blissey, F|70/100
|-damage|p1a: Blissey|57/100|[from] Stealth Rock
|turn|37
|
|t:|1739134117
|move|p1a: Blissey|Seismic Toss|p2a: Abomasnow
|-damage|p2a: Abomasnow|32/100 par
|cant|p2a: Abomasnow|par
|
|-weather|Hail|[upkeep]
|-damage|p1a: Blissey|51/100|[from] Hail
|-heal|p2a: Abomasnow|38/100 par|[from] item: Leftovers
|upkeep
|turn|38
|
|t:|1739134124
|switch|p2a: Blissey|Blissey, F|66/100
|move|p1a: Blissey|Seismic Toss|p2a: Blissey
|-damage|p2a: Blissey|52/100
|
|-weather|Hail|[upkeep]
|-damage|p1a: Blissey|45/100|[from] Hail
|-damage|p2a: Blissey|46/100|[from] Hail
|-heal|p2a: Blissey|52/100|[from] item: Leftovers
|upkeep
|turn|39
|
|t:|1739134132
|switch|p1a: Reuniclus|Reuniclus, F|100/100
|move|p2a: Blissey|Wish|p2a: Blissey
|
|-weather|Hail|[upkeep]
|-damage|p2a: Blissey|46/100|[from] Hail
|-heal|p2a: Blissey|52/100|[from] item: Leftovers
|upkeep
|turn|40
|
|t:|1739134138
|move|p2a: Blissey|Thunder Wave|p1a: Reuniclus
|-status|p1a: Reuniclus|par
|move|p1a: Reuniclus|Calm Mind|p1a: Reuniclus
|-boost|p1a: Reuniclus|spa|1
|-boost|p1a: Reuniclus|spd|1
|
|-weather|Hail|[upkeep]
|-damage|p2a: Blissey|46/100|[from] Hail
|-heal|p2a: Blissey|96/100|[from] move: Wish|[wisher] Blissey
|-heal|p2a: Blissey|100/100|[from] item: Leftovers
|upkeep
|turn|41
|
|t:|1739134149
|switch|p2a: Excadrill|Excadrill, F|80/100
|-ability|p2a: Excadrill|Mold Breaker
|move|p1a: Reuniclus|Psyshock|p2a: Excadrill
|-resisted|p2a: Excadrill
|-damage|p2a: Excadrill|47/100
|
|-weather|Hail|[upkeep]
|-damage|p2a: Excadrill|40/100|[from] Hail
|-heal|p2a: Excadrill|47/100|[from] item: Leftovers
|upkeep
|turn|42
|
|t:|1739134155
|move|p2a: Excadrill|Earthquake|p1a: Reuniclus
|-damage|p1a: Reuniclus|69/100 par
|move|p1a: Reuniclus|Focus Blast|p2a: Excadrill
|-supereffective|p2a: Excadrill
|-damage|p2a: Excadrill|0 fnt
|faint|p2a: Excadrill
|
|-weather|Hail|[upkeep]
|-heal|p1a: Reuniclus|75/100 par|[from] item: Leftovers
|upkeep
|
|t:|1739134158
|switch|p2a: Reuniclus|Reuniclus, M|100/100
|turn|43
|
|t:|1739134171
|switch|p1a: Blissey|Blissey, F|45/100
|-damage|p1a: Blissey|32/100|[from] Stealth Rock
|move|p2a: Reuniclus|Calm Mind|p2a: Reuniclus
|-boost|p2a: Reuniclus|spa|1
|-boost|p2a: Reuniclus|spd|1
|
|-weather|Hail|[upkeep]
|-damage|p1a: Blissey|26/100|[from] Hail
|upkeep
|turn|44
|
|t:|1739134183
|move|p1a: Blissey|Thunder Wave|p2a: Reuniclus
|-status|p2a: Reuniclus|par
|move|p2a: Reuniclus|Focus Blast|p1a: Blissey
|-supereffective|p1a: Blissey
|-damage|p1a: Blissey|0 fnt
|faint|p1a: Blissey
|
|-weather|Hail|[upkeep]
|upkeep
|
|t:|1739134186
|switch|p1a: Hippowdon|Hippowdon, F|58/100
|-damage|p1a: Hippowdon|51/100|[from] Stealth Rock
|-weather|Sandstorm|[from] ability: Sand Stream|[of] p1a: Hippowdon
|turn|45
|
|t:|1739134193
|move|p1a: Hippowdon|Slack Off|p1a: Hippowdon
|-heal|p1a: Hippowdon|100/100
|cant|p2a: Reuniclus|par
|
|-weather|Sandstorm|[upkeep]
|upkeep
|turn|46
|
|t:|1739134201
|move|p2a: Reuniclus|Psyshock|p1a: Hippowdon
|-damage|p1a: Hippowdon|70/100
|move|p1a: Hippowdon|Whirlwind|p2a: Reuniclus
|drag|p2a: Abomasnow|Abomasnow, F|38/100 par
|-weather|Hail|[from] ability: Snow Warning|[of] p2a: Abomasnow
|
|-weather|Hail|[upkeep]
|-damage|p1a: Hippowdon|64/100|[from] Hail
|-heal|p1a: Hippowdon|70/100|[from] item: Leftovers
|-heal|p2a: Abomasnow|44/100 par|[from] item: Leftovers
|upkeep
|turn|47
|
|t:|1739134213
|move|p1a: Hippowdon|Earthquake|p2a: Abomasnow
|-resisted|p2a: Abomasnow
|-damage|p2a: Abomasnow|23/100 par
|move|p2a: Abomasnow|Blizzard|p1a: Hippowdon
|-supereffective|p1a: Hippowdon
|-damage|p1a: Hippowdon|0 fnt
|faint|p1a: Hippowdon
|
|-weather|Hail|[upkeep]
|-heal|p2a: Abomasnow|29/100 par|[from] item: Leftovers
|upkeep
|
|t:|1739134218
|switch|p1a: Reuniclus|Reuniclus, F|75/100 par
|turn|48
|
|t:|1739134230
|switch|p2a: Reuniclus|Reuniclus, M|100/100 par
|move|p1a: Reuniclus|Focus Blast|p2a: Reuniclus
|-resisted|p2a: Reuniclus
|-damage|p2a: Reuniclus|86/100 par
|
|-weather|Hail|[upkeep]
|-heal|p2a: Reuniclus|92/100 par|[from] item: Leftovers
|-heal|p1a: Reuniclus|81/100 par|[from] item: Leftovers
|upkeep
|turn|49
|
|t:|1739134237
|switch|p1a: Gliscor|Gliscor, M|58/100 tox
|-damage|p1a: Gliscor|45/100 tox|[from] Stealth Rock
|move|p2a: Reuniclus|Calm Mind|p2a: Reuniclus
|-boost|p2a: Reuniclus|spa|1
|-boost|p2a: Reuniclus|spd|1
|
|-weather|Hail|[upkeep]
|-damage|p1a: Gliscor|39/100 tox|[from] Hail
|-heal|p2a: Reuniclus|98/100 par|[from] item: Leftovers
|-heal|p1a: Gliscor|52/100 tox|[from] ability: Poison Heal
|upkeep
|turn|50
|
|t:|1739134245
|move|p1a: Gliscor|Swords Dance|p1a: Gliscor
|-boost|p1a: Gliscor|atk|2
|move|p2a: Reuniclus|Calm Mind|p2a: Reuniclus
|-boost|p2a: Reuniclus|spa|1
|-boost|p2a: Reuniclus|spd|1
|
|-weather|Hail|[upkeep]
|-damage|p1a: Gliscor|45/100 tox|[from] Hail
|-heal|p2a: Reuniclus|100/100 par|[from] item: Leftovers
|-heal|p1a: Gliscor|58/100 tox|[from] ability: Poison Heal
|upkeep
|turn|51
|
|t:|1739134253
|move|p1a: Gliscor|Facade|p2a: Reuniclus
|-damage|p2a: Reuniclus|54/100 par
|move|p2a: Reuniclus|Psyshock|p1a: Gliscor
|-damage|p1a: Gliscor|12/100 tox
|
|-weather|Hail|[upkeep]
|-damage|p1a: Gliscor|6/100 tox|[from] Hail
|-heal|p2a: Reuniclus|60/100 par|[from] item: Leftovers
|-heal|p1a: Gliscor|18/100 tox|[from] ability: Poison Heal
|upkeep
|turn|52
|
|t:|1739134265
|move|p1a: Gliscor|Facade|p2a: Reuniclus
|-damage|p2a: Reuniclus|15/100 par
|move|p2a: Reuniclus|Psyshock|p1a: Gliscor
|-damage|p1a: Gliscor|0 fnt
|faint|p1a: Gliscor
|
|-weather|Hail|[upkeep]
|-heal|p2a: Reuniclus|21/100 par|[from] item: Leftovers
|upkeep
|
|t:|1739134269
|switch|p1a: Slowbro|Slowbro, M|100/100
|-damage|p1a: Slowbro|88/100|[from] Stealth Rock
|turn|53
|
|t:|1739134274
|move|p1a: Slowbro|Scald|p2a: Reuniclus
|-damage|p2a: Reuniclus|9/100 par
|move|p2a: Reuniclus|Recover|p2a: Reuniclus
|-heal|p2a: Reuniclus|59/100 par
|
|-weather|Hail|[upkeep]
|-damage|p1a: Slowbro|82/100|[from] Hail
|-heal|p2a: Reuniclus|65/100 par|[from] item: Leftovers
|upkeep
|turn|54
|c|☆DiegoBrandoTW|yeah
|c|☆DiegoBrandoTW|gg
|c|☆DiegoBrandoTW|had to play for para
|c|☆Charliereall|gg
|-message|DiegoBrandoTW forfeited.
|
|win|Charliereall
|raw|DiegoBrandoTW's rating: 1336 &rarr; <strong>1315</strong><br />(-21 for losing)
|raw|Charliereall's rating: 1318 &rarr; <strong>1339</strong><br />(+21 for winning)
