|j|☆chomp29
|j|☆qishilu18
|t:|1746483985
|gametype|singles
|player|p1|chomp29|lucas|1567
|player|p2|qishilu18|2|1396
|teamsize|p1|6
|teamsize|p2|6
|gen|5
|tier|[Gen 5] OU
|rated|
|rule|Species Clause: Limit one of each Pokémon
|rule|OHKO Clause: OHKO moves are banned
|rule|Moody Clause: Moody is banned
|rule|Evasion Items Clause: Evasion items are banned
|rule|Evasion Moves Clause: Evasion moves are banned
|rule|Endless Battle Clause: Forcing endless battles is banned
|rule|HP Percentage Mod: HP is shown in percentages
|rule|Evasion Abilities Clause: Evasion abilities are banned
|rule|Sleep Moves Clause: Sleep-inducing moves are banned
|rule|Swagger Clause: Swagger is banned
|rule|Baton Pass Stat Clause: No Baton Passer may have a way to boost its stats
|clearpoke
|poke|p1|Gastrodon, M|item
|poke|p1|Scizor, F|item
|poke|p1|Heatran, M|item
|poke|p1|Gliscor, F|item
|poke|p1|Starmie|item
|poke|p1|Salamence, F|item
|poke|p2|Politoed, M|item
|poke|p2|Tentacruel, M|item
|poke|p2|Ferrothorn, F|item
|poke|p2|Keldeo-Resolute|item
|poke|p2|Thundurus-Therian, M|item
|poke|p2|Latios, M|item
|teampreview
|inactive|Battle timer is ON: inactive players will automatically lose when time's up. (requested by qishilu18)
|c|☆qishilu18|vs chomp really
|c|☆qishilu18|unfair
|
|t:|1746484023
|start
|switch|p1a: Gastrodon|Gastrodon, M|100/100
|switch|p2a: Thundurus|Thundurus-Therian, M|100/100
|turn|1
|
|t:|1746484032
|switch|p1a: Heatran|Heatran, M|100/100
|move|p2a: Thundurus|Substitute|p2a: Thundurus
|-start|p2a: Thundurus|Substitute
|-damage|p2a: Thundurus|76/100
|
|-heal|p2a: Thundurus|82/100|[from] item: Leftovers
|upkeep
|turn|2
|
|t:|1746484038
|switch|p1a: Gastrodon|Gastrodon, M|100/100
|move|p2a: Thundurus|Focus Blast|p1a: Gastrodon
|-damage|p1a: Gastrodon|60/100
|-unboost|p1a: Gastrodon|spd|1
|
|-heal|p2a: Thundurus|88/100|[from] item: Leftovers
|-heal|p1a: Gastrodon|66/100|[from] item: Leftovers
|upkeep
|turn|3
|
|t:|1746484043
|move|p2a: Thundurus|Focus Blast|p1a: Gastrodon|[miss]
|-miss|p2a: Thundurus|p1a: Gastrodon
|move|p1a: Gastrodon|Recover|p1a: Gastrodon
|-heal|p1a: Gastrodon|100/100
|
|-heal|p2a: Thundurus|94/100|[from] item: Leftovers
|upkeep
|turn|4
|
|t:|1746484052
|move|p2a: Thundurus|Focus Blast|p1a: Gastrodon
|-damage|p1a: Gastrodon|35/100
|move|p1a: Gastrodon|Recover|p1a: Gastrodon
|-heal|p1a: Gastrodon|85/100
|
|-heal|p2a: Thundurus|99/100|[from] item: Leftovers
|-heal|p1a: Gastrodon|92/100|[from] item: Leftovers
|upkeep
|turn|5
|
|t:|1746484065
|switch|p2a: Ferrothorn|Ferrothorn, F|100/100
|move|p1a: Gastrodon|Recover|p1a: Gastrodon
|-heal|p1a: Gastrodon|100/100
|
|upkeep
|turn|6
|
|t:|1746484070
|move|p1a: Gastrodon|Hidden Power|p2a: Ferrothorn
|-supereffective|p2a: Ferrothorn
|-damage|p2a: Ferrothorn|60/100
|move|p2a: Ferrothorn|Stealth Rock|p1a: Gastrodon
|-sidestart|p1: chomp29|move: Stealth Rock
|
|-heal|p2a: Ferrothorn|66/100|[from] item: Leftovers
|upkeep
|turn|7
|
|t:|1746484087
|switch|p2a: Tentacruel|Tentacruel, M|100/100
|move|p1a: Gastrodon|Hidden Power|p2a: Tentacruel
|-resisted|p2a: Tentacruel
|-damage|p2a: Tentacruel|94/100
|
|-heal|p2a: Tentacruel|100/100|[from] item: Black Sludge
|upkeep
|turn|8
|
|t:|1746484100
|switch|p1a: Heatran|Heatran, M|100/100
|-damage|p1a: Heatran|88/100|[from] Stealth Rock
|move|p2a: Tentacruel|Scald|p1a: Heatran
|-supereffective|p1a: Heatran
|-damage|p1a: Heatran|54/100
|
|-heal|p1a: Heatran|60/100|[from] item: Leftovers
|upkeep
|turn|9
|
|t:|1746484107
|switch|p2a: Politoed|Politoed, M|100/100
|-weather|RainDance|[from] ability: Drizzle|[of] p2a: Politoed
|move|p1a: Heatran|Will-O-Wisp|p2a: Politoed
|-status|p2a: Politoed|brn
|
|-weather|RainDance|[upkeep]
|-heal|p1a: Heatran|66/100|[from] item: Leftovers
|-damage|p2a: Politoed|88/100 brn|[from] brn
|upkeep
|turn|10
|
|t:|1746484118
|switch|p1a: Gastrodon|Gastrodon, M|100/100
|-damage|p1a: Gastrodon|94/100|[from] Stealth Rock
|move|p2a: Politoed|Perish Song|p2a: Politoed
|-start|p1a: Gastrodon|perish3|[silent]
|-start|p2a: Politoed|perish3|[silent]
|-fieldactivate|move: Perish Song
|
|-weather|RainDance|[upkeep]
|-heal|p2a: Politoed|94/100 brn|[from] item: Leftovers
|-heal|p1a: Gastrodon|100/100|[from] item: Leftovers
|-damage|p2a: Politoed|82/100 brn|[from] brn
|-start|p2a: Politoed|perish3
|-start|p1a: Gastrodon|perish3
|upkeep
|turn|11
|
|t:|1746484136
|switch|p2a: Latios|Latios, M|100/100
|switch|p1a: Heatran|Heatran, M|66/100
|-damage|p1a: Heatran|54/100|[from] Stealth Rock
|
|-weather|RainDance|[upkeep]
|-heal|p1a: Heatran|60/100|[from] item: Leftovers
|upkeep
|turn|12
|
|t:|1746484143
|switch|p1a: Gastrodon|Gastrodon, M|100/100
|-damage|p1a: Gastrodon|94/100|[from] Stealth Rock
|move|p2a: Latios|Surf|p1a: Gastrodon
|-ability|p1a: Gastrodon|Storm Drain|boost
|-boost|p1a: Gastrodon|spa|1
|
|-weather|RainDance|[upkeep]
|-heal|p1a: Gastrodon|100/100|[from] item: Leftovers
|upkeep
|turn|13
|
|t:|1746484147
|switch|p2a: Tentacruel|Tentacruel, M|100/100
|move|p1a: Gastrodon|Scald|p2a: Tentacruel
|-resisted|p2a: Tentacruel
|-damage|p2a: Tentacruel|77/100
|
|-weather|RainDance|[upkeep]
|-heal|p2a: Tentacruel|83/100|[from] ability: Rain Dish
|-heal|p2a: Tentacruel|89/100|[from] item: Black Sludge
|upkeep
|turn|14
|
|t:|1746484150
|move|p2a: Tentacruel|Toxic|p1a: Gastrodon
|-status|p1a: Gastrodon|tox
|move|p1a: Gastrodon|Scald|p2a: Tentacruel
|-resisted|p2a: Tentacruel
|-damage|p2a: Tentacruel|65/100
|
|-weather|RainDance|[upkeep]
|-heal|p2a: Tentacruel|71/100|[from] ability: Rain Dish
|-heal|p2a: Tentacruel|77/100|[from] item: Black Sludge
|-damage|p1a: Gastrodon|94/100 tox|[from] psn
|upkeep
|turn|15
|
|t:|1746484154
|move|p2a: Tentacruel|Protect|p2a: Tentacruel
|-singleturn|p2a: Tentacruel|Protect
|move|p1a: Gastrodon|Scald|p2a: Tentacruel
|-activate|p2a: Tentacruel|move: Protect
|
|-weather|RainDance|[upkeep]
|-heal|p2a: Tentacruel|83/100|[from] ability: Rain Dish
|-heal|p2a: Tentacruel|89/100|[from] item: Black Sludge
|-heal|p1a: Gastrodon|100/100 tox|[from] item: Leftovers
|-damage|p1a: Gastrodon|88/100 tox|[from] psn
|upkeep
|turn|16
|
|t:|1746484159
|switch|p2a: Politoed|Politoed, M|82/100 brn
|move|p1a: Gastrodon|Scald|p2a: Politoed
|-resisted|p2a: Politoed
|-damage|p2a: Politoed|63/100 brn
|
|-weather|RainDance|[upkeep]
|-heal|p2a: Politoed|69/100 brn|[from] item: Leftovers
|-heal|p1a: Gastrodon|94/100 tox|[from] item: Leftovers
|-damage|p1a: Gastrodon|76/100 tox|[from] psn
|-damage|p2a: Politoed|56/100 brn|[from] brn
|upkeep
|turn|17
|
|t:|1746484175
|switch|p1a: Starmie|Starmie|100/100
|-damage|p1a: Starmie|88/100|[from] Stealth Rock
|-item|p1a: Starmie|Air Balloon
|move|p2a: Politoed|Protect||[still]
|-fail|p2a: Politoed
|
|-weather|RainDance|[upkeep]
|-heal|p2a: Politoed|62/100 brn|[from] item: Leftovers
|-damage|p2a: Politoed|50/100 brn|[from] brn
|upkeep
|turn|18
|
|t:|1746484180
|switch|p2a: Ferrothorn|Ferrothorn, F|66/100
|move|p1a: Starmie|Rapid Spin|p2a: Ferrothorn
|-resisted|p2a: Ferrothorn
|-damage|p2a: Ferrothorn|65/100
|-damage|p1a: Starmie|76/100|[from] ability: Iron Barbs|[of] p2a: Ferrothorn
|-sideend|p1: chomp29|Stealth Rock|[from] move: Rapid Spin|[of] p1a: Starmie
|
|-weather|RainDance|[upkeep]
|-heal|p2a: Ferrothorn|71/100|[from] item: Leftovers
|upkeep
|turn|19
|
|t:|1746484199
|switch|p1a: Heatran|Heatran, M|60/100
|move|p2a: Ferrothorn|Knock Off|p1a: Heatran
|-resisted|p1a: Heatran
|-damage|p1a: Heatran|58/100
|-enditem|p1a: Heatran|Leftovers|[from] move: Knock Off|[of] p2a: Ferrothorn
|
|-weather|RainDance|[upkeep]
|-heal|p2a: Ferrothorn|77/100|[from] item: Leftovers
|upkeep
|turn|20
|
|t:|1746484212
|move|p1a: Heatran|Overheat|p2a: Ferrothorn
|-supereffective|p2a: Ferrothorn
|-damage|p2a: Ferrothorn|0 fnt
|-unboost|p1a: Heatran|spa|2
|faint|p2a: Ferrothorn
|
|-weather|RainDance|[upkeep]
|upkeep
|
|t:|1746484217
|switch|p2a: Latios|Latios, M|100/100
|turn|21
|
|t:|1746484221
|move|p2a: Latios|Dragon Pulse|p1a: Heatran
|-resisted|p1a: Heatran
|-damage|p1a: Heatran|31/100
|move|p1a: Heatran|Stealth Rock|p2a: Latios
|-sidestart|p2: qishilu18|move: Stealth Rock
|
|-weather|RainDance|[upkeep]
|upkeep
|turn|22
|
|t:|1746484225
|move|p2a: Latios|Dragon Pulse|p1a: Heatran
|-resisted|p1a: Heatran
|-damage|p1a: Heatran|4/100
|move|p1a: Heatran|Will-O-Wisp|p2a: Latios|[miss]
|-miss|p1a: Heatran|p2a: Latios
|
|-weather|RainDance|[upkeep]
|upkeep
|turn|23
|
|t:|1746484232
|move|p2a: Latios|Dragon Pulse|p1a: Heatran
|-resisted|p1a: Heatran
|-damage|p1a: Heatran|0 fnt
|faint|p1a: Heatran
|
|-weather|RainDance|[upkeep]
|upkeep
|
|t:|1746484253
|switch|p1a: Scizor|Scizor, F|100/100
|turn|24
|
|t:|1746484263
|switch|p2a: Politoed|Politoed, M|50/100 brn
|-damage|p2a: Politoed|38/100 brn|[from] Stealth Rock
|switch|p1a: Starmie|Starmie|76/100
|-item|p1a: Starmie|Air Balloon
|
|-weather|RainDance|[upkeep]
|-heal|p2a: Politoed|44/100 brn|[from] item: Leftovers
|-damage|p2a: Politoed|32/100 brn|[from] brn
|upkeep
|turn|25
|
|t:|1746484275
|move|p1a: Starmie|Psychic|p2a: Politoed
|-damage|p2a: Politoed|9/100 brn
|move|p2a: Politoed|Scald|p1a: Starmie
|-resisted|p1a: Starmie
|-damage|p1a: Starmie|51/100
|-enditem|p1a: Starmie|Air Balloon
|
|-weather|RainDance|[upkeep]
|-heal|p2a: Politoed|15/100 brn|[from] item: Leftovers
|-damage|p2a: Politoed|3/100 brn|[from] brn
|upkeep
|turn|26
|
|t:|1746484291
|move|p1a: Starmie|Thunder|p2a: Politoed
|-supereffective|p2a: Politoed
|-damage|p2a: Politoed|0 fnt
|faint|p2a: Politoed
|
|-weather|RainDance|[upkeep]
|upkeep
|
|t:|1746484301
|switch|p2a: Thundurus|Thundurus-Therian, M|99/100
|-damage|p2a: Thundurus|75/100|[from] Stealth Rock
|turn|27
|
|t:|1746484318
|switch|p2a: Tentacruel|Tentacruel, M|89/100
|-damage|p2a: Tentacruel|77/100|[from] Stealth Rock
|move|p1a: Starmie|Hydro Pump|p2a: Tentacruel|[miss]
|-miss|p1a: Starmie|p2a: Tentacruel
|
|-weather|RainDance|[upkeep]
|-heal|p2a: Tentacruel|83/100|[from] ability: Rain Dish
|-heal|p2a: Tentacruel|89/100|[from] item: Black Sludge
|upkeep
|turn|28
|
|t:|1746484329
|move|p2a: Tentacruel|Protect|p2a: Tentacruel
|-singleturn|p2a: Tentacruel|Protect
|move|p1a: Starmie|Psychic|p2a: Tentacruel
|-activate|p2a: Tentacruel|move: Protect
|
|-weather|RainDance|[upkeep]
|-heal|p2a: Tentacruel|95/100|[from] ability: Rain Dish
|-heal|p2a: Tentacruel|100/100|[from] item: Black Sludge
|upkeep
|turn|29
|inactive|qishilu18 has 120 seconds left.
|
|t:|1746484350
|switch|p2a: Thundurus|Thundurus-Therian, M|75/100
|-damage|p2a: Thundurus|50/100|[from] Stealth Rock
|move|p1a: Starmie|Thunder|p2a: Thundurus
|-heal|p2a: Thundurus|75/100|[from] ability: Volt Absorb|[of] p1a: Starmie
|
|-weather|RainDance|[upkeep]
|-heal|p2a: Thundurus|81/100|[from] item: Leftovers
|upkeep
|turn|30
|
|t:|1746484358
|switch|p1a: Gastrodon|Gastrodon, M|76/100 tox
|move|p2a: Thundurus|Thunder|p1a: Gastrodon
|-immune|p1a: Gastrodon
|
|-weather|RainDance|[upkeep]
|-heal|p2a: Thundurus|88/100|[from] item: Leftovers
|-heal|p1a: Gastrodon|82/100 tox|[from] item: Leftovers
|-damage|p1a: Gastrodon|76/100 tox|[from] psn
|upkeep
|turn|31
|
|t:|1746484365
|move|p2a: Thundurus|Substitute|p2a: Thundurus
|-start|p2a: Thundurus|Substitute
|-damage|p2a: Thundurus|63/100
|move|p1a: Gastrodon|Ice Beam|p2a: Thundurus
|-supereffective|p2a: Thundurus
|-end|p2a: Thundurus|Substitute
|
|-weather|RainDance|[upkeep]
|-heal|p2a: Thundurus|69/100|[from] item: Leftovers
|-heal|p1a: Gastrodon|82/100 tox|[from] item: Leftovers
|-damage|p1a: Gastrodon|70/100 tox|[from] psn
|upkeep
|turn|32
|
|t:|1746484375
|move|p2a: Thundurus|Focus Blast|p1a: Gastrodon
|-damage|p1a: Gastrodon|26/100 tox
|move|p1a: Gastrodon|Scald|p2a: Thundurus
|-damage|p2a: Thundurus|22/100
|
|-weather|RainDance|[upkeep]
|-heal|p2a: Thundurus|29/100|[from] item: Leftovers
|-heal|p1a: Gastrodon|32/100 tox|[from] item: Leftovers
|-damage|p1a: Gastrodon|14/100 tox|[from] psn
|upkeep
|turn|33
|
|t:|1746484398
|move|p2a: Thundurus|Hidden Power|p1a: Gastrodon
|-damage|p1a: Gastrodon|0 fnt
|faint|p1a: Gastrodon
|
|-weather|RainDance|[upkeep]
|-heal|p2a: Thundurus|35/100|[from] item: Leftovers
|upkeep
|
|t:|1746484405
|switch|p1a: Starmie|Starmie|51/100
|turn|34
|
|t:|1746484419
|move|p1a: Starmie|Psychic|p2a: Thundurus
|-damage|p2a: Thundurus|0 fnt
|faint|p2a: Thundurus
|
|-weather|RainDance|[upkeep]
|upkeep
|
|t:|1746484421
|switch|p2a: Latios|Latios, M|100/100
|-damage|p2a: Latios|88/100|[from] Stealth Rock
|turn|35
|inactive|chomp29 has 120 seconds left.
|inactive|chomp29 has 90 seconds left.
|
|t:|1746484489
|switch|p1a: Scizor|Scizor, F|100/100
|move|p2a: Latios|Surf|p1a: Scizor
|-damage|p1a: Scizor|0 fnt
|faint|p1a: Scizor
|
|-weather|RainDance|[upkeep]
|upkeep
|
|t:|1746484495
|switch|p1a: Salamence|Salamence, F|100/100
|turn|36
|
|t:|1746484500
|move|p2a: Latios|Surf|p1a: Salamence
|-resisted|p1a: Salamence
|-damage|p1a: Salamence|50/100
|move|p1a: Salamence|Tailwind|p1a: Salamence
|-sidestart|p1: chomp29|move: Tailwind
|
|-weather|RainDance|[upkeep]
|upkeep
|turn|37
|
|t:|1746484507
|move|p1a: Salamence|Outrage|p2a: Latios
|-supereffective|p2a: Latios
|-damage|p2a: Latios|0 fnt
|faint|p2a: Latios
|-ability|p1a: Salamence|Moxie|boost
|-boost|p1a: Salamence|atk|1
|-damage|p1a: Salamence|40/100|[from] item: Life Orb
|
|-weather|RainDance|[upkeep]
|upkeep
|
|t:|1746484511
|switch|p2a: Keldeo|Keldeo-Resolute|100/100
|-damage|p2a: Keldeo|94/100|[from] Stealth Rock
|turn|38
|
|t:|1746484512
|move|p1a: Salamence|Outrage|p2a: Keldeo|[from] lockedmove
|-damage|p2a: Keldeo|0 fnt
|faint|p2a: Keldeo
|-ability|p1a: Salamence|Moxie|boost
|-boost|p1a: Salamence|atk|1
|-damage|p1a: Salamence|30/100|[from] item: Life Orb
|-start|p1a: Salamence|confusion|[fatigue]
|
|-weather|RainDance|[upkeep]
|upkeep
|
|t:|1746484514
|switch|p2a: Tentacruel|Tentacruel, M|100/100
|-damage|p2a: Tentacruel|88/100|[from] Stealth Rock
|turn|39
|inactive|chomp29 has 120 seconds left.
|
|t:|1746484527
|-activate|p1a: Salamence|confusion
|-damage|p1a: Salamence|0 fnt|[from] confusion
|faint|p1a: Salamence
|move|p2a: Tentacruel|Scald|p1: Salamence|[notarget]
|-fail|p2a: Tentacruel
|
|-weather|RainDance|[upkeep]
|-heal|p2a: Tentacruel|94/100|[from] ability: Rain Dish
|-heal|p2a: Tentacruel|99/100|[from] item: Black Sludge
|-sideend|p1: chomp29|move: Tailwind
|upkeep
|inactive|chomp29 has 120 seconds left.
|c|☆qishilu18|im so stupid
|inactive|chomp29 has 90 seconds left.
|
|t:|1746484579
|switch|p1a: Gliscor|Gliscor, F|100/100
|turn|40
|
|t:|1746484584
|move|p2a: Tentacruel|Scald|p1a: Gliscor
|-supereffective|p1a: Gliscor
|-crit|p1a: Gliscor
|-damage|p1a: Gliscor|0 fnt
|faint|p1a: Gliscor
|
|-weather|RainDance|[upkeep]
|-heal|p2a: Tentacruel|100/100|[from] ability: Rain Dish
|upkeep
|
|t:|1746484589
|switch|p1a: Starmie|Starmie|51/100
|turn|41
|c|☆chomp29|Digh
|inactive|chomp29 has 90 seconds left.
|c|☆chomp29|P unlucky game
|inactive|qishilu18 has 120 seconds left.
|inactive|chomp29 has 60 seconds left.
|
|t:|1746484642
|move|p1a: Starmie|Thunder|p2a: Tentacruel
|-supereffective|p2a: Tentacruel
|-damage|p2a: Tentacruel|54/100
|-status|p2a: Tentacruel|par
|cant|p2a: Tentacruel|par
|
|-weather|RainDance|[upkeep]
|-heal|p2a: Tentacruel|60/100 par|[from] ability: Rain Dish
|-heal|p2a: Tentacruel|66/100 par|[from] item: Black Sludge
|upkeep
|turn|42
|
|t:|1746484649
|move|p2a: Tentacruel|Protect|p2a: Tentacruel
|-singleturn|p2a: Tentacruel|Protect
|move|p1a: Starmie|Psychic|p2a: Tentacruel
|-activate|p2a: Tentacruel|move: Protect
|
|-weather|RainDance|[upkeep]
|-heal|p2a: Tentacruel|72/100 par|[from] ability: Rain Dish
|-heal|p2a: Tentacruel|78/100 par|[from] item: Black Sludge
|upkeep
|turn|43
|
|t:|1746484654
|move|p1a: Starmie|Psychic|p2a: Tentacruel
|-supereffective|p2a: Tentacruel
|-damage|p2a: Tentacruel|25/100 par
|-unboost|p2a: Tentacruel|spd|1
|move|p2a: Tentacruel|Scald|p1a: Starmie
|-resisted|p1a: Starmie
|-damage|p1a: Starmie|31/100
|
|-weather|RainDance|[upkeep]
|-heal|p2a: Tentacruel|31/100 par|[from] ability: Rain Dish
|-heal|p2a: Tentacruel|37/100 par|[from] item: Black Sludge
|upkeep
|turn|44
|inactive|qishilu18 has 120 seconds left.
|
|t:|1746484665
|move|p2a: Tentacruel|Protect|p2a: Tentacruel
|-singleturn|p2a: Tentacruel|Protect
|move|p1a: Starmie|Psychic|p2a: Tentacruel
|-activate|p2a: Tentacruel|move: Protect
|
|-weather|RainDance|[upkeep]
|-heal|p2a: Tentacruel|43/100 par|[from] ability: Rain Dish
|-heal|p2a: Tentacruel|49/100 par|[from] item: Black Sludge
|upkeep
|turn|45
|
|t:|1746484675
|cant|p2a: Tentacruel|par
|move|p1a: Starmie|Psychic|p2a: Tentacruel
|-supereffective|p2a: Tentacruel
|-damage|p2a: Tentacruel|0 fnt
|faint|p2a: Tentacruel
|
|win|chomp29
|raw|chomp29's rating: 1567 &rarr; <strong>1578</strong><br />(+11 for winning)
|raw|qishilu18's rating: 1396 &rarr; <strong>1385</strong><br />(-11 for losing)
|c|☆qishilu18|gg
|c|☆chomp29|Gg
|c|☆qishilu18|idk why I sacced keld
|c|☆chomp29|Yeab keld was
|c|☆chomp29|Scary
|c|☆chomp29|I uh
|c|☆chomp29|Also didnt have
|c|☆chomp29|Like im sd scz
|c|☆chomp29|But forgot
|c|☆chomp29|The sd
|c|☆chomp29|X..x
|c|☆qishilu18|lolz
|c|☆chomp29|So that crit didnt matter
|c|☆chomp29|Butinalso
|c|☆chomp29|Couldnt use jt
|c|☆chomp29|All gamr
|l|☆chomp29
|player|p1|
