|uhtml|medal-msg|<div class="broadcast-blue">Curious what those medals under the avatar are? PS now has Ladder Seasons! For more information, check out the <a href="https://www.smogon.com/forums/threads/3740067/">thread on Smogon.</a></div>
|uhtml|medal-msg|<div class="broadcast-blue">Curious what those medals under the avatar are? PS now has Ladder Seasons! For more information, check out the <a href="https://www.smogon.com/forums/threads/3740067/">thread on Smogon.</a></div>
|j|☆Dozkek
|j|☆lemonite90
|t:|1713459230
|gametype|singles
|player|p1|Dozkek|adaman|1259
|player|p2|lemonite90|170|1362
|teamsize|p1|6
|teamsize|p2|6
|gen|5
|tier|[Gen 5] OU
|rated|
|rule|Species Clause: Limit one of each Pokémon
|rule|OHKO Clause: OHKO moves are banned
|rule|Moody Clause: Moody is banned
|rule|Evasion Items Clause: Evasion items are banned
|rule|Evasion Moves Clause: Evasion moves are banned
|rule|Endless Battle Clause: Forcing endless battles is banned
|rule|HP Percentage Mod: HP is shown in percentages
|rule|Evasion Abilities Clause: Evasion abilities are banned
|rule|Sleep Moves Clause: Sleep-inducing moves are banned
|rule|Swagger Clause: Swagger is banned
|rule|Baton Pass Stat Clause: No Baton Passer may have a way to boost its stats
|clearpoke
|poke|p1|Politoed, M|item
|poke|p1|Tentacruel, F|item
|poke|p1|Ferrothorn, M|item
|poke|p1|Keldeo-Resolute|item
|poke|p1|Thundurus-Therian, M|item
|poke|p1|Latios, M|item
|poke|p2|Heatran, F|item
|poke|p2|Dragonite, M|item
|poke|p2|Gastrodon, M|item
|poke|p2|Scizor, M|item
|poke|p2|Latias, F|item
|poke|p2|Tyranitar, F|item
|teampreview
|inactive|Battle timer is ON: inactive players will automatically lose when time's up. (requested by Dozkek)
|
|t:|1713459239
|start
|switch|p1a: Politoed|Politoed, M|100/100
|switch|p2a: Tin man|Scizor, M|100/100
|-weather|RainDance|[from] ability: Drizzle|[of] p1a: Politoed
|turn|1
|
|t:|1713459250
|move|p2a: Tin man|U-turn|p1a: Politoed
|-damage|p1a: Politoed|40/100
|
|t:|1713459254
|switch|p2a: Dudlls|Latias, F|100/100|[from] U-turn
|move|p1a: Politoed|Toxic|p2a: Dudlls
|-status|p2a: Dudlls|tox
|
|-weather|RainDance|[upkeep]
|-heal|p1a: Politoed|46/100|[from] item: Leftovers
|-damage|p2a: Dudlls|95/100 tox|[from] psn
|upkeep
|turn|2
|
|t:|1713459268
|move|p1a: Politoed|Protect|p1a: Politoed
|-singleturn|p1a: Politoed|Protect
|move|p2a: Dudlls|Calm Mind|p2a: Dudlls
|-boost|p2a: Dudlls|spa|1
|-boost|p2a: Dudlls|spd|1
|
|-weather|RainDance|[upkeep]
|-heal|p2a: Dudlls|100/100 tox|[from] item: Leftovers
|-heal|p1a: Politoed|52/100|[from] item: Leftovers
|-damage|p2a: Dudlls|89/100 tox|[from] psn
|upkeep
|turn|3
|
|t:|1713459279
|switch|p1a: Ferrothorn|Ferrothorn, M|100/100
|move|p2a: Dudlls|Psychic|p1a: Ferrothorn
|-resisted|p1a: Ferrothorn
|-damage|p1a: Ferrothorn|81/100
|
|-weather|RainDance|[upkeep]
|-heal|p2a: Dudlls|95/100 tox|[from] item: Leftovers
|-heal|p1a: Ferrothorn|87/100|[from] item: Leftovers
|-damage|p2a: Dudlls|77/100 tox|[from] psn
|upkeep
|turn|4
|
|t:|1713459297
|move|p2a: Dudlls|Hidden Power|p1a: Ferrothorn
|-supereffective|p1a: Ferrothorn
|-damage|p1a: Ferrothorn|45/100
|move|p1a: Ferrothorn|Stealth Rock|p2a: Dudlls
|-sidestart|p2: lemonite90|move: Stealth Rock
|
|-weather|RainDance|[upkeep]
|-heal|p2a: Dudlls|83/100 tox|[from] item: Leftovers
|-heal|p1a: Ferrothorn|51/100|[from] item: Leftovers
|-damage|p2a: Dudlls|59/100 tox|[from] psn
|upkeep
|turn|5
|inactive|Dozkek has 120 seconds left.
|
|t:|1713459335
|switch|p2a: Heatran|Heatran, F|100/100
|-damage|p2a: Heatran|88/100|[from] Stealth Rock
|-item|p2a: Heatran|Air Balloon
|move|p1a: Ferrothorn|Spikes|p2a: Heatran
|-sidestart|p2: lemonite90|Spikes
|
|-weather|RainDance|[upkeep]
|-heal|p1a: Ferrothorn|57/100|[from] item: Leftovers
|upkeep
|turn|6
|j| Darkininha
|
|t:|1713459360
|switch|p1a: Tentacruel|Tentacruel, F|100/100
|move|p2a: Heatran|Magma Storm|p1a: Tentacruel|[miss]
|-miss|p2a: Heatran|p1a: Tentacruel
|
|-weather|RainDance|[upkeep]
|upkeep
|turn|7
|
|t:|1713459370
|switch|p2a: Gastrodon|Gastrodon, M|100/100
|-damage|p2a: Gastrodon|94/100|[from] Stealth Rock
|-damage|p2a: Gastrodon|82/100|[from] Spikes
|move|p1a: Tentacruel|Toxic|p2a: Gastrodon
|-status|p2a: Gastrodon|tox
|
|-weather|RainDance|[upkeep]
|-heal|p2a: Gastrodon|88/100 tox|[from] item: Leftovers
|-damage|p2a: Gastrodon|82/100 tox|[from] psn
|upkeep
|turn|8
|
|t:|1713459388
|switch|p2a: Tyranitar|Tyranitar, F|100/100
|-damage|p2a: Tyranitar|88/100|[from] Stealth Rock
|-damage|p2a: Tyranitar|76/100|[from] Spikes
|-weather|Sandstorm|[from] ability: Sand Stream|[of] p2a: Tyranitar
|move|p1a: Tentacruel|Protect||[still]
|-fail|p1a: Tentacruel
|
|-weather|Sandstorm|[upkeep]
|-damage|p1a: Tentacruel|94/100|[from] Sandstorm
|-heal|p1a: Tentacruel|100/100|[from] item: Black Sludge
|-heal|p2a: Tyranitar|82/100|[from] item: Leftovers
|upkeep
|turn|9
|
|t:|1713459401
|move|p1a: Tentacruel|Scald|p2a: Tyranitar
|-supereffective|p2a: Tyranitar
|-damage|p2a: Tyranitar|53/100
|move|p2a: Tyranitar|Thunder Punch|p1a: Tentacruel
|-supereffective|p1a: Tentacruel
|-damage|p1a: Tentacruel|30/100
|
|-weather|Sandstorm|[upkeep]
|-damage|p1a: Tentacruel|24/100|[from] Sandstorm
|-heal|p1a: Tentacruel|30/100|[from] item: Black Sludge
|-heal|p2a: Tyranitar|60/100|[from] item: Leftovers
|upkeep
|turn|10
|-message|lemonite90 forfeited.
|
|win|Dozkek
|raw|Dozkek's rating: 1259 &rarr; <strong>1291</strong><br />(+32 for winning)
|raw|lemonite90's rating: 1362 &rarr; <strong>1336</strong><br />(-26 for losing)
|l|☆lemonite90
|player|p2|
|l| Darkininha
