|j|☆Pilif
|j|☆hanma jack
|player|p1|Pilif|170|1409
|player|p2|hanma jack|veteran-gen4|1517
|teamsize|p1|6
|teamsize|p2|6
|gametype|singles
|gen|5
|tier|[Gen 5] OU
|rated|
|clearpoke
|poke|p1|Politoed, M|item
|poke|p1|Amoonguss, M|item
|poke|p1|Salamence, M|item
|poke|p1|Bronzong|item
|poke|p1|Tentacruel, M|item
|poke|p1|Ferrothorn, F|item
|poke|p2|Excadrill, F|item
|poke|p2|Tyranitar, M|item
|poke|p2|Landorus-Therian, M|item
|poke|p2|Tangrowth, F|item
|poke|p2|Jellicent, M|item
|poke|p2|Heatran, M|item
|rule|Species Clause: Limit one of each Pokémon
|rule|OHKO Clause: OHKO moves are banned
|rule|Moody Clause: Moody is banned
|rule|Evasion Moves Clause: Evasion moves are banned
|rule|Endless Battle Clause: Forcing endless battles is banned
|rule|HP Percentage Mod: HP is shown in percentages
|rule|Evasion Abilities Clause: Evasion abilities are banned
|rule|Baton Pass Clause: Limit one Baton Passer, can't pass Spe and other stats simultaneously
|rule|Sleep Clause: Sleep-inducing moves are banned
|rule|Swagger Clause: Swagger is banned
|teampreview
|inactive|Battle timer is ON: inactive players will automatically lose when time's up. (requested by Pilif)
|
|start
|switch|p1a: Amoonguss|Amoonguss, M|100/100
|switch|p2a: ifc yipes|Jellicent, M|100/100
|turn|1
|
|move|p2a: ifc yipes|Taunt|p1a: Amoonguss
|-start|p1a: Amoonguss|move: Taunt
|move|p1a: Amoonguss|Giga Drain|p2a: ifc yipes
|-supereffective|p2a: ifc yipes
|-damage|p2a: ifc yipes|61/100
|
|-heal|p2a: ifc yipes|68/100|[from] item: Leftovers
|upkeep
|turn|2
|
|switch|p2a: mister bubbles|Excadrill, F|100/100
|-ability|p2a: mister bubbles|Mold Breaker
|move|p1a: Amoonguss|Giga Drain|p2a: mister bubbles
|-damage|p2a: mister bubbles|74/100
|
|-heal|p2a: mister bubbles|81/100|[from] item: Leftovers
|upkeep
|turn|3
|
|switch|p1a: Ferrothorn|Ferrothorn, F|100/100
|move|p2a: mister bubbles|Stealth Rock|p1a: Ferrothorn
|-sidestart|p1: Pilif|move: Stealth Rock
|
|-heal|p2a: mister bubbles|87/100|[from] item: Leftovers
|upkeep
|turn|4
|inactive|Pilif has 120 seconds left.
|
|switch|p2a: glados|Heatran, M, shiny|100/100
|-item|p2a: glados|Air Balloon
|move|p1a: Ferrothorn|Leech Seed|p2a: glados
|-start|p2a: glados|move: Leech Seed
|
|-damage|p2a: glados|88/100|[from] Leech Seed|[of] p1a: Ferrothorn
|upkeep
|turn|5
|
|switch|p1a: Politoed|Politoed, M|100/100
|-damage|p1a: Politoed|88/100|[from] Stealth Rock
|-weather|RainDance|[from] ability: Drizzle|[of] p1a: Politoed
|move|p2a: glados|Magma Storm|p1a: Politoed
|-resisted|p1a: Politoed
|-damage|p1a: Politoed|72/100
|-activate|p1a: Politoed|move: Magma Storm|[of] p2a: glados
|
|-weather|RainDance|[upkeep]
|-damage|p2a: glados|76/100|[from] Leech Seed|[of] p1a: Politoed
|-heal|p1a: Politoed|82/100|[silent]
|-damage|p1a: Politoed|76/100|[from] move: Magma Storm|[partiallytrapped]
|upkeep
|turn|6
|j| sefyhhh
|inactive|Pilif has 120 seconds left.
|
|switch|p2a: ifc yipes|Jellicent, M|68/100
|move|p1a: Politoed|Hidden Power|p2a: ifc yipes
|-supereffective|p2a: ifc yipes
|-damage|p2a: ifc yipes|26/100
|
|-weather|RainDance|[upkeep]
|-heal|p2a: ifc yipes|32/100|[from] item: Leftovers
|upkeep
|turn|7
|inactive|Pilif has 120 seconds left.
|
|switch|p2a: big zam|Tyranitar, M|100/100
|-weather|Sandstorm|[from] ability: Sand Stream|[of] p2a: big zam
|move|p1a: Politoed|Hidden Power|p2a: big zam
|-damage|p2a: big zam|90/100
|
|-weather|Sandstorm|[upkeep]
|-damage|p1a: Politoed|70/100|[from] Sandstorm
|upkeep
|turn|8
|inactive|Pilif has 120 seconds left.
|
|-activate|p1a: Politoed|move: Pursuit
|move|p2a: big zam|Pursuit|p1a: Politoed|[from]Pursuit
|-damage|p1a: Politoed|36/100
|switch|p1a: Tentacruel|Tentacruel, M|100/100
|-damage|p1a: Tentacruel|88/100|[from] Stealth Rock
|
|-weather|Sandstorm|[upkeep]
|-damage|p1a: Tentacruel|82/100|[from] Sandstorm
|-heal|p1a: Tentacruel|88/100|[from] item: Black Sludge
|upkeep
|turn|9
|
|move|p1a: Tentacruel|Acid Spray|p2a: big zam
|-resisted|p2a: big zam
|-damage|p2a: big zam|87/100
|-unboost|p2a: big zam|spd|2
|move|p2a: big zam|Crunch|p1a: Tentacruel
|-damage|p1a: Tentacruel|50/100
|
|-weather|Sandstorm|[upkeep]
|-damage|p1a: Tentacruel|44/100|[from] Sandstorm
|-heal|p1a: Tentacruel|50/100|[from] item: Black Sludge
|upkeep
|turn|10
|
|switch|p2a: ifc yipes|Jellicent, M|32/100
|move|p1a: Tentacruel|Scald|p2a: ifc yipes
|-heal|p2a: ifc yipes|57/100|[from] ability: Water Absorb|[of] p1a: Tentacruel
|
|-weather|Sandstorm|[upkeep]
|-damage|p1a: Tentacruel|44/100|[from] Sandstorm
|-damage|p2a: ifc yipes|51/100|[from] Sandstorm
|-heal|p1a: Tentacruel|50/100|[from] item: Black Sludge
|-heal|p2a: ifc yipes|57/100|[from] item: Leftovers
|upkeep
|turn|11
|
|switch|p1a: Politoed|Politoed, M|36/100
|-damage|p1a: Politoed|24/100|[from] Stealth Rock
|-weather|RainDance|[from] ability: Drizzle|[of] p1a: Politoed
|move|p2a: ifc yipes|Will-O-Wisp|p1a: Politoed|[miss]
|-miss|p2a: ifc yipes|p1a: Politoed
|
|-weather|RainDance|[upkeep]
|-heal|p2a: ifc yipes|63/100|[from] item: Leftovers
|upkeep
|turn|12
|
|move|p2a: ifc yipes|Will-O-Wisp|p1a: Politoed
|-status|p1a: Politoed|brn
|move|p1a: Politoed|Hydro Pump|p2a: ifc yipes
|-heal|p2a: ifc yipes|88/100|[from] ability: Water Absorb|[of] p1a: Politoed
|
|-weather|RainDance|[upkeep]
|-heal|p2a: ifc yipes|94/100|[from] item: Leftovers
|-damage|p1a: Politoed|11/100 brn|[from] brn
|upkeep
|turn|13
|
|switch|p1a: Tentacruel|Tentacruel, M|50/100
|-damage|p1a: Tentacruel|38/100|[from] Stealth Rock
|move|p2a: ifc yipes|Scald|p1a: Tentacruel
|-resisted|p1a: Tentacruel
|-damage|p1a: Tentacruel|22/100
|-status|p1a: Tentacruel|brn
|
|-weather|RainDance|[upkeep]
|-heal|p1a: Tentacruel|28/100 brn|[from] ability: Rain Dish
|-heal|p1a: Tentacruel|34/100 brn|[from] item: Black Sludge
|-heal|p2a: ifc yipes|100/100|[from] item: Leftovers
|-damage|p1a: Tentacruel|22/100 brn|[from] brn
|upkeep
|turn|14
|
|move|p1a: Tentacruel|Rapid Spin|p2a: ifc yipes
|-immune|p2a: ifc yipes
|move|p2a: ifc yipes|Scald|p1a: Tentacruel
|-resisted|p1a: Tentacruel
|-damage|p1a: Tentacruel|6/100 brn
|
|-weather|RainDance|[upkeep]
|-heal|p1a: Tentacruel|12/100 brn|[from] ability: Rain Dish
|-heal|p1a: Tentacruel|18/100 brn|[from] item: Black Sludge
|-damage|p1a: Tentacruel|6/100 brn|[from] brn
|upkeep
|turn|15
|inactive|Pilif has 90 seconds left.
|
|switch|p1a: Amoonguss|Amoonguss, M|100/100
|-damage|p1a: Amoonguss|88/100|[from] Stealth Rock
|move|p2a: ifc yipes|Scald|p1a: Amoonguss
|-resisted|p1a: Amoonguss
|-damage|p1a: Amoonguss|75/100
|
|-weather|RainDance|[upkeep]
|-heal|p1a: Amoonguss|81/100|[from] item: Black Sludge
|upkeep
|turn|16
|inactive|Pilif has 90 seconds left.
|
|move|p2a: ifc yipes|Taunt|p1a: Amoonguss
|-start|p1a: Amoonguss|move: Taunt
|move|p1a: Amoonguss|Giga Drain|p2a: ifc yipes
|-supereffective|p2a: ifc yipes
|-damage|p2a: ifc yipes|60/100
|-heal|p1a: Amoonguss|99/100|[from] drain|[of] p2a: ifc yipes
|
|-weather|RainDance|[upkeep]
|-heal|p2a: ifc yipes|66/100|[from] item: Leftovers
|-heal|p1a: Amoonguss|100/100|[from] item: Black Sludge
|upkeep
|turn|17
|inactive|Pilif has 90 seconds left.
|
|switch|p2a: mister bubbles|Excadrill, F|87/100
|-ability|p2a: mister bubbles|Mold Breaker
|move|p1a: Amoonguss|Hidden Power|p2a: mister bubbles
|-supereffective|p2a: mister bubbles
|-damage|p2a: mister bubbles|53/100
|
|-weather|RainDance|[upkeep]
|-heal|p2a: mister bubbles|60/100|[from] item: Leftovers
|upkeep
|turn|18
|inactive|Pilif has 90 seconds left.
|
|switch|p1a: Ferrothorn|Ferrothorn, F|100/100
|-damage|p1a: Ferrothorn|94/100|[from] Stealth Rock
|move|p2a: mister bubbles|Earthquake|p1a: Ferrothorn
|-damage|p1a: Ferrothorn|68/100
|
|-weather|RainDance|[upkeep]
|-heal|p2a: mister bubbles|66/100|[from] item: Leftovers
|-heal|p1a: Ferrothorn|74/100|[from] item: Leftovers
|upkeep
|turn|19
|inactive|Pilif has 90 seconds left.
|
|switch|p2a: glados|Heatran, M, shiny|76/100
|-item|p2a: glados|Air Balloon
|move|p1a: Ferrothorn|Gyro Ball|p2a: glados
|-resisted|p2a: glados
|-damage|p2a: glados|63/100
|-enditem|p2a: glados|Air Balloon
|
|-weather|RainDance|[upkeep]
|-heal|p1a: Ferrothorn|80/100|[from] item: Leftovers
|upkeep
|turn|20
|
|switch|p1a: Amoonguss|Amoonguss, M|100/100
|-damage|p1a: Amoonguss|88/100|[from] Stealth Rock
|move|p2a: glados|Magma Storm|p1a: Amoonguss
|-supereffective|p1a: Amoonguss
|-crit|p1a: Amoonguss
|-damage|p1a: Amoonguss|0 fnt
|faint|p1a: Amoonguss
|
|-weather|RainDance|[upkeep]
|upkeep
|
|switch|p1a: Salamence|Salamence, M|100/100
|-damage|p1a: Salamence|76/100|[from] Stealth Rock
|turn|21
|
|switch|p2a: ifc yipes|Jellicent, M|66/100
|move|p1a: Salamence|Dragon Dance|p1a: Salamence
|-boost|p1a: Salamence|atk|1
|-boost|p1a: Salamence|spe|1
|
|-weather|RainDance|[upkeep]
|-heal|p2a: ifc yipes|72/100|[from] item: Leftovers
|upkeep
|turn|22
|
|move|p1a: Salamence|Draco Meteor|p2a: ifc yipes
|-damage|p2a: ifc yipes|4/100
|-unboost|p1a: Salamence|spa|2
|-damage|p1a: Salamence|66/100|[from] item: Life Orb
|move|p2a: ifc yipes|Will-O-Wisp|p1a: Salamence
|-status|p1a: Salamence|brn
|
|-weather|RainDance|[upkeep]
|-heal|p2a: ifc yipes|10/100|[from] item: Leftovers
|-damage|p1a: Salamence|53/100 brn|[from] brn
|upkeep
|turn|23
|inactive|hanma jack has 120 seconds left.
|
|switch|p2a: me_irl|Tangrowth, F|100/100
|move|p1a: Salamence|Outrage|p2a: me_irl
|-damage|p2a: me_irl|67/100
|-damage|p1a: Salamence|43/100 brn|[from] item: Life Orb
|
|-weather|RainDance|[upkeep]
|-heal|p2a: me_irl|74/100|[from] item: Leftovers
|-damage|p1a: Salamence|31/100 brn|[from] brn
|upkeep
|turn|24
|
|move|p1a: Salamence|Outrage|p2a: me_irl|[from]lockedmove
|-damage|p2a: me_irl|40/100
|-damage|p1a: Salamence|21/100 brn|[from] item: Life Orb
|move|p2a: me_irl|Hidden Power|p1a: Salamence
|-supereffective|p1a: Salamence
|-damage|p1a: Salamence|0 fnt
|faint|p1a: Salamence
|
|-weather|RainDance|[upkeep]
|-heal|p2a: me_irl|46/100|[from] item: Leftovers
|upkeep
|-message|Pilif forfeited.
|
|win|hanma jack
|l|☆Pilif
|raw|Pilif's rating: 1409 &rarr; <strong>1395</strong><br />(-14 for losing)
|raw|hanma jack's rating: 1517 &rarr; <strong>1531</strong><br />(+14 for winning)
