|j|☆Switchoswitch
|j|☆grizou fangirl
|player|p1|Switchoswitch|biker-gen4|1275
|player|p2|grizou fangirl|2|1418
|teamsize|p1|6
|teamsize|p2|6
|gametype|singles
|gen|5
|tier|[Gen 5] OU
|rated|
|clearpoke
|poke|p1|Magnezone|item
|poke|p1|Slowbro, M|item
|poke|p1|Blissey, F|item
|poke|p1|Claydol|item
|poke|p1|Dragonite, M|item
|poke|p1|Spiritomb, M|item
|poke|p2|Alakazam, M|item
|poke|p2|Hydreigon, F|item
|poke|p2|Tyranitar, F|item
|poke|p2|Gastrodon, M|item
|poke|p2|Skarmory, M|item
|poke|p2|Garchomp, M|item
|rule|Species Clause: Limit one of each Pokémon
|rule|OHKO Clause: OHKO moves are banned
|rule|Moody Clause: Moody is banned
|rule|Evasion Moves Clause: Evasion moves are banned
|rule|Endless Battle Clause: Forcing endless battles is banned
|rule|HP Percentage Mod: HP is shown in percentages
|rule|Evasion Abilities Clause: Evasion abilities are banned
|rule|Baton Pass Clause: Limit one Baton Passer, can't pass Spe and other stats simultaneously
|rule|Sleep Clause: Sleep-inducing moves are banned
|rule|Swagger Clause: Swagger is banned
|teampreview
|inactive|Battle timer is ON: inactive players will automatically lose when time's up. (requested by grizou fangirl)
|
|start
|switch|p1a: Spiritomb|Spiritomb, M|100/100
|switch|p2a: Garchomp|Garchomp, M|100/100
|-ability|p1a: Spiritomb|Pressure
|turn|1
|
|move|p2a: Garchomp|Stealth Rock|p1a: Spiritomb
|-sidestart|p1: Switchoswitch|move: Stealth Rock
|move|p1a: Spiritomb|Will-O-Wisp|p2a: Garchomp
|-status|p2a: Garchomp|brn
|
|-damage|p2a: Garchomp|88/100 brn|[from] brn
|upkeep
|turn|2
|
|switch|p2a: Gastrodon|Gastrodon, M|100/100
|move|p1a: Spiritomb|Foul Play|p2a: Gastrodon
|-damage|p2a: Gastrodon|81/100
|
|-heal|p2a: Gastrodon|87/100|[from] item: Leftovers
|upkeep
|turn|3
|
|move|p1a: Spiritomb|Toxic|p2a: Gastrodon
|-status|p2a: Gastrodon|tox
|move|p2a: Gastrodon|Scald|p1a: Spiritomb
|-damage|p1a: Spiritomb|80/100
|
|-heal|p1a: Spiritomb|87/100|[from] item: Leftovers
|-heal|p2a: Gastrodon|93/100 tox|[from] item: Leftovers
|-damage|p2a: Gastrodon|87/100 tox|[from] psn
|upkeep
|turn|4
|
|switch|p1a: Blissey|Blissey, F|100/100
|-damage|p1a: Blissey|88/100|[from] Stealth Rock
|move|p2a: Gastrodon|Scald|p1a: Blissey
|-damage|p1a: Blissey|81/100
|
|-heal|p1a: Blissey|87/100|[from] item: Leftovers
|-heal|p2a: Gastrodon|93/100 tox|[from] item: Leftovers
|-damage|p2a: Gastrodon|81/100 tox|[from] psn
|upkeep
|turn|5
|
|switch|p2a: Skarmory|Skarmory, M|100/100
|move|p1a: Blissey|Wish|p1a: Blissey
|
|-heal|p1a: Blissey|93/100|[from] item: Leftovers
|upkeep
|turn|6
|
|move|p2a: Skarmory|Spikes|p1a: Blissey
|-sidestart|p1: Switchoswitch|Spikes
|move|p1a: Blissey|Thunder Wave|p2a: Skarmory
|-status|p2a: Skarmory|par
|
|-heal|p1a: Blissey|100/100|[from] move: Wish|[wisher] Blissey
|upkeep
|turn|7
|
|switch|p1a: Claydol|Claydol|100/100
|-damage|p1a: Claydol|94/100|[from] Stealth Rock
|switch|p2a: Garchomp|Garchomp, M|88/100 brn
|
|-heal|p1a: Claydol|100/100|[from] item: Leftovers
|-damage|p2a: Garchomp|76/100 brn|[from] brn
|upkeep
|turn|8
|
|switch|p2a: Tyranitar|Tyranitar, F|100/100
|-weather|Sandstorm|[from] ability: Sand Stream|[of] p2a: Tyranitar
|move|p1a: Claydol|Rapid Spin|p2a: Tyranitar
|-resisted|p2a: Tyranitar
|-damage|p2a: Tyranitar|99/100
|-sideend|p1: Switchoswitch|Spikes|[from] move: Rapid Spin|[of] p1a: Claydol
|-sideend|p1: Switchoswitch|Stealth Rock|[from] move: Rapid Spin|[of] p1a: Claydol
|
|-weather|Sandstorm|[upkeep]
|upkeep
|turn|9
|
|switch|p1a: Slowbro|Slowbro, M|100/100
|move|p2a: Tyranitar|Crunch|p1a: Slowbro
|-supereffective|p1a: Slowbro
|-damage|p1a: Slowbro|46/100
|
|-weather|Sandstorm|[upkeep]
|-damage|p1a: Slowbro|40/100|[from] Sandstorm
|-heal|p1a: Slowbro|46/100|[from] item: Leftovers
|upkeep
|turn|10
|
|switch|p1a: Magnezone|Magnezone|100/100
|move|p2a: Tyranitar|Crunch|p1a: Magnezone
|-resisted|p1a: Magnezone
|-damage|p1a: Magnezone|77/100
|-unboost|p1a: Magnezone|def|1
|
|-weather|Sandstorm|[upkeep]
|-heal|p1a: Magnezone|83/100|[from] item: Leftovers
|upkeep
|turn|11
|
|switch|p2a: Gastrodon|Gastrodon, M|81/100 tox
|move|p1a: Magnezone|Substitute|p1a: Magnezone
|-start|p1a: Magnezone|Substitute
|-damage|p1a: Magnezone|58/100
|
|-weather|Sandstorm|[upkeep]
|-heal|p1a: Magnezone|64/100|[from] item: Leftovers
|-heal|p2a: Gastrodon|87/100 tox|[from] item: Leftovers
|-damage|p2a: Gastrodon|81/100 tox|[from] psn
|upkeep
|turn|12
|
|move|p1a: Magnezone|Flash Cannon|p2a: Gastrodon
|-resisted|p2a: Gastrodon
|-damage|p2a: Gastrodon|61/100 tox
|-unboost|p2a: Gastrodon|spd|1
|move|p2a: Gastrodon|Earthquake|p1a: Magnezone
|-supereffective|p1a: Magnezone
|-end|p1a: Magnezone|Substitute
|
|-weather|Sandstorm|[upkeep]
|-heal|p1a: Magnezone|70/100|[from] item: Leftovers
|-heal|p2a: Gastrodon|67/100 tox|[from] item: Leftovers
|-damage|p2a: Gastrodon|55/100 tox|[from] psn
|upkeep
|turn|13
|
|switch|p2a: Alakazam|Alakazam, M|100/100
|move|p1a: Magnezone|Substitute|p1a: Magnezone
|-start|p1a: Magnezone|Substitute
|-damage|p1a: Magnezone|45/100
|
|-weather|Sandstorm|[upkeep]
|-heal|p1a: Magnezone|51/100|[from] item: Leftovers
|upkeep
|turn|14
|
|move|p2a: Alakazam|Encore|p1a: Magnezone
|-start|p1a: Magnezone|Encore
|move|p1a: Magnezone|Substitute|p1a: Magnezone
|-fail|p1a: Magnezone|move: Substitute
|
|-weather|Sandstorm|[upkeep]
|-heal|p1a: Magnezone|57/100|[from] item: Leftovers
|upkeep
|turn|15
|
|switch|p1a: Blissey|Blissey, F|100/100
|move|p2a: Alakazam|Focus Blast|p1a: Blissey
|-supereffective|p1a: Blissey
|-damage|p1a: Blissey|75/100
|
|-weather|Sandstorm|[upkeep]
|-damage|p1a: Blissey|69/100|[from] Sandstorm
|-heal|p1a: Blissey|75/100|[from] item: Leftovers
|upkeep
|turn|16
|
|switch|p2a: Skarmory|Skarmory, M|100/100 par
|move|p1a: Blissey|Wish|p1a: Blissey
|
|-weather|Sandstorm|[upkeep]
|-damage|p1a: Blissey|69/100|[from] Sandstorm
|-heal|p1a: Blissey|75/100|[from] item: Leftovers
|upkeep
|turn|17
|
|switch|p1a: Magnezone|Magnezone|57/100
|switch|p2a: Hydreigon|Hydreigon, F|100/100
|
|-weather|Sandstorm|[upkeep]
|-damage|p2a: Hydreigon|94/100|[from] Sandstorm
|-heal|p1a: Magnezone|100/100|[from] move: Wish|[wisher] Blissey
|upkeep
|turn|18
|
|switch|p1a: Blissey|Blissey, F|75/100
|move|p2a: Hydreigon|Fire Blast|p1a: Blissey
|-damage|p1a: Blissey|58/100
|-damage|p2a: Hydreigon|84/100|[from] item: Life Orb
|
|-weather|Sandstorm|[upkeep]
|-damage|p2a: Hydreigon|78/100|[from] Sandstorm
|-damage|p1a: Blissey|52/100|[from] Sandstorm
|-heal|p1a: Blissey|58/100|[from] item: Leftovers
|upkeep
|turn|19
|
|switch|p2a: Garchomp|Garchomp, M|76/100 brn
|move|p1a: Blissey|Wish|p1a: Blissey
|
|-weather|Sandstorm|[upkeep]
|-damage|p1a: Blissey|52/100|[from] Sandstorm
|-heal|p1a: Blissey|58/100|[from] item: Leftovers
|-damage|p2a: Garchomp|63/100 brn|[from] brn
|upkeep
|turn|20
|
|move|p1a: Blissey|Protect|p1a: Blissey
|-singleturn|p1a: Blissey|Protect
|move|p2a: Garchomp|Stealth Rock|p1a: Blissey
|-sidestart|p1: Switchoswitch|move: Stealth Rock
|
|-weather|Sandstorm|[upkeep]
|-damage|p1a: Blissey|52/100|[from] Sandstorm
|-heal|p1a: Blissey|100/100|[from] move: Wish|[wisher] Blissey
|-damage|p2a: Garchomp|51/100 brn|[from] brn
|upkeep
|turn|21
|
|switch|p1a: Claydol|Claydol|100/100
|-damage|p1a: Claydol|94/100|[from] Stealth Rock
|move|p2a: Garchomp|Dragon Tail|p1a: Claydol
|-damage|p1a: Claydol|82/100
|drag|p1a: Blissey|Blissey, F|100/100
|-damage|p1a: Blissey|88/100|[from] Stealth Rock
|
|-weather|Sandstorm|[upkeep]
|-damage|p1a: Blissey|82/100|[from] Sandstorm
|-heal|p1a: Blissey|88/100|[from] item: Leftovers
|-damage|p2a: Garchomp|38/100 brn|[from] brn
|upkeep
|turn|22
|
|switch|p2a: Gastrodon|Gastrodon, M|55/100 tox
|move|p1a: Blissey|Wish|p1a: Blissey
|
|-weather|Sandstorm|[upkeep]
|-damage|p1a: Blissey|82/100|[from] Sandstorm
|-heal|p1a: Blissey|88/100|[from] item: Leftovers
|-heal|p2a: Gastrodon|61/100 tox|[from] item: Leftovers
|-damage|p2a: Gastrodon|55/100 tox|[from] psn
|upkeep
|turn|23
|inactive|Switchoswitch has 120 seconds left.
|
|move|p1a: Blissey|Seismic Toss|p2a: Gastrodon
|-damage|p2a: Gastrodon|32/100 tox
|move|p2a: Gastrodon|Recover|p2a: Gastrodon
|-heal|p2a: Gastrodon|82/100 tox
|
|-weather|Sandstorm|[upkeep]
|-damage|p1a: Blissey|82/100|[from] Sandstorm
|-heal|p1a: Blissey|100/100|[from] move: Wish|[wisher] Blissey
|-heal|p2a: Gastrodon|88/100 tox|[from] item: Leftovers
|-damage|p2a: Gastrodon|76/100 tox|[from] psn
|upkeep
|turn|24
|inactive|Switchoswitch has 120 seconds left.
|
|move|p1a: Blissey|Seismic Toss|p2a: Gastrodon
|-damage|p2a: Gastrodon|52/100 tox
|move|p2a: Gastrodon|Earthquake|p1a: Blissey
|-damage|p1a: Blissey|72/100
|
|-weather|Sandstorm|[upkeep]
|-damage|p1a: Blissey|65/100|[from] Sandstorm
|-heal|p1a: Blissey|72/100|[from] item: Leftovers
|-heal|p2a: Gastrodon|58/100 tox|[from] item: Leftovers
|-damage|p2a: Gastrodon|40/100 tox|[from] psn
|upkeep
|turn|25
|inactive|Switchoswitch has 120 seconds left.
|
|switch|p2a: Tyranitar|Tyranitar, F|99/100
|move|p1a: Blissey|Wish|p1a: Blissey
|
|-weather|Sandstorm|[upkeep]
|-damage|p1a: Blissey|65/100|[from] Sandstorm
|-heal|p1a: Blissey|72/100|[from] item: Leftovers
|upkeep
|turn|26
|inactive|Switchoswitch has 120 seconds left.
|
|switch|p1a: Spiritomb|Spiritomb, M|87/100
|-damage|p1a: Spiritomb|74/100|[from] Stealth Rock
|-ability|p1a: Spiritomb|Pressure
|move|p2a: Tyranitar|Superpower|p1a: Spiritomb
|-immune|p1a: Spiritomb
|
|-weather|Sandstorm|[upkeep]
|-damage|p1a: Spiritomb|68/100|[from] Sandstorm
|-heal|p1a: Spiritomb|100/100|[from] move: Wish|[wisher] Blissey
|upkeep
|turn|27
|inactive|Switchoswitch has 120 seconds left.
|
|switch|p2a: Skarmory|Skarmory, M|100/100 par
|move|p1a: Spiritomb|Toxic||[still]
|-fail|p1a: Spiritomb
|
|-weather|Sandstorm|[upkeep]
|-damage|p1a: Spiritomb|94/100|[from] Sandstorm
|-heal|p1a: Spiritomb|100/100|[from] item: Leftovers
|upkeep
|turn|28
|inactive|Switchoswitch has 120 seconds left.
|j|‽muhea
|
|switch|p1a: Blissey|Blissey, F|72/100
|-damage|p1a: Blissey|59/100|[from] Stealth Rock
|switch|p2a: Tyranitar|Tyranitar, F|99/100
|
|-weather|Sandstorm|[upkeep]
|-damage|p1a: Blissey|53/100|[from] Sandstorm
|-heal|p1a: Blissey|59/100|[from] item: Leftovers
|upkeep
|turn|29
|inactive|Switchoswitch has 120 seconds left.
|
|move|p1a: Blissey|Protect|p1a: Blissey
|-singleturn|p1a: Blissey|Protect
|move|p2a: Tyranitar|Superpower|p1a: Blissey
|-activate|p1a: Blissey|move: Protect
|
|-weather|Sandstorm|[upkeep]
|-damage|p1a: Blissey|53/100|[from] Sandstorm
|-heal|p1a: Blissey|59/100|[from] item: Leftovers
|upkeep
|turn|30
|
|switch|p2a: Hydreigon|Hydreigon, F|78/100
|switch|p1a: Spiritomb|Spiritomb, M|100/100
|-damage|p1a: Spiritomb|88/100|[from] Stealth Rock
|-ability|p1a: Spiritomb|Pressure
|
|-weather|Sandstorm|[upkeep]
|-damage|p2a: Hydreigon|72/100|[from] Sandstorm
|-damage|p1a: Spiritomb|82/100|[from] Sandstorm
|-heal|p1a: Spiritomb|88/100|[from] item: Leftovers
|upkeep
|turn|31
|
|move|p2a: Hydreigon|Draco Meteor|p1a: Spiritomb
|-damage|p1a: Spiritomb|3/100
|-unboost|p2a: Hydreigon|spa|2
|-damage|p2a: Hydreigon|62/100|[from] item: Life Orb
|move|p1a: Spiritomb|Toxic|p2a: Hydreigon
|-status|p2a: Hydreigon|tox
|
|-weather|Sandstorm|[upkeep]
|-damage|p2a: Hydreigon|56/100 tox|[from] Sandstorm
|-damage|p1a: Spiritomb|0 fnt|[from] Sandstorm
|faint|p1a: Spiritomb
|-damage|p2a: Hydreigon|50/100 tox|[from] psn
|upkeep
|
|switch|p1a: Magnezone|Magnezone|100/100
|-damage|p1a: Magnezone|94/100|[from] Stealth Rock
|turn|32
|
|switch|p2a: Gastrodon|Gastrodon, M|40/100 tox
|move|p1a: Magnezone|Flash Cannon|p2a: Gastrodon
|-resisted|p2a: Gastrodon
|-damage|p2a: Gastrodon|20/100 tox
|
|-weather|Sandstorm|[upkeep]
|-heal|p1a: Magnezone|100/100|[from] item: Leftovers
|-heal|p2a: Gastrodon|26/100 tox|[from] item: Leftovers
|-damage|p2a: Gastrodon|20/100 tox|[from] psn
|upkeep
|turn|33
|
|move|p1a: Magnezone|Flash Cannon|p2a: Gastrodon
|-resisted|p2a: Gastrodon
|-damage|p2a: Gastrodon|0 fnt
|faint|p2a: Gastrodon
|
|-weather|Sandstorm|[upkeep]
|upkeep
|
|switch|p2a: Hydreigon|Hydreigon, F|50/100 tox
|turn|34
|
|switch|p2a: Tyranitar|Tyranitar, F|99/100
|switch|p1a: Slowbro|Slowbro, M|79/100
|-damage|p1a: Slowbro|66/100|[from] Stealth Rock
|
|-weather|Sandstorm|[upkeep]
|-damage|p1a: Slowbro|60/100|[from] Sandstorm
|-heal|p1a: Slowbro|66/100|[from] item: Leftovers
|upkeep
|turn|35
|
|move|p2a: Tyranitar|Crunch|p1a: Slowbro
|-supereffective|p1a: Slowbro
|-damage|p1a: Slowbro|14/100
|move|p1a: Slowbro|Scald|p2a: Tyranitar
|-supereffective|p2a: Tyranitar
|-damage|p2a: Tyranitar|65/100
|-status|p2a: Tyranitar|brn
|
|-weather|Sandstorm|[upkeep]
|-damage|p1a: Slowbro|8/100|[from] Sandstorm
|-heal|p1a: Slowbro|14/100|[from] item: Leftovers
|-damage|p2a: Tyranitar|52/100 brn|[from] brn
|upkeep
|turn|36
|
|switch|p2a: Alakazam|Alakazam, M|100/100
|switch|p1a: Magnezone|Magnezone|100/100
|-damage|p1a: Magnezone|94/100|[from] Stealth Rock
|
|-weather|Sandstorm|[upkeep]
|-heal|p1a: Magnezone|100/100|[from] item: Leftovers
|upkeep
|turn|37
|
|move|p2a: Alakazam|Focus Blast|p1a: Magnezone
|-supereffective|p1a: Magnezone
|-damage|p1a: Magnezone|0 fnt
|faint|p1a: Magnezone
|
|-weather|Sandstorm|[upkeep]
|upkeep
|
|switch|p1a: Claydol|Claydol|82/100
|-damage|p1a: Claydol|76/100|[from] Stealth Rock
|turn|38
|
|move|p2a: Alakazam|Shadow Ball|p1a: Claydol
|-supereffective|p1a: Claydol
|-damage|p1a: Claydol|36/100
|move|p1a: Claydol|Rapid Spin|p2a: Alakazam
|-damage|p2a: Alakazam|91/100
|-sideend|p1: Switchoswitch|Stealth Rock|[from] move: Rapid Spin|[of] p1a: Claydol
|
|-weather|Sandstorm|[upkeep]
|-heal|p1a: Claydol|42/100|[from] item: Leftovers
|upkeep
|turn|39
|
|switch|p1a: Blissey|Blissey, F|59/100
|move|p2a: Alakazam|Shadow Ball|p1a: Blissey
|-immune|p1a: Blissey
|
|-weather|Sandstorm|[upkeep]
|-damage|p1a: Blissey|53/100|[from] Sandstorm
|-heal|p1a: Blissey|59/100|[from] item: Leftovers
|upkeep
|turn|40
|
|switch|p2a: Skarmory|Skarmory, M|100/100 par
|move|p1a: Blissey|Wish|p1a: Blissey
|
|-weather|Sandstorm|[upkeep]
|-damage|p1a: Blissey|53/100|[from] Sandstorm
|-heal|p1a: Blissey|59/100|[from] item: Leftovers
|upkeep
|turn|41
|
|switch|p1a: Dragonite|Dragonite, M|100/100
|move|p2a: Skarmory|Spikes|p1a: Dragonite
|-sidestart|p1: Switchoswitch|Spikes
|
|-weather|Sandstorm|[upkeep]
|-damage|p1a: Dragonite|94/100|[from] Sandstorm
|-heal|p1a: Dragonite|100/100|[from] move: Wish|[wisher] Blissey
|upkeep
|turn|42
|
|move|p1a: Dragonite|Dragon Dance|p1a: Dragonite
|-boost|p1a: Dragonite|atk|1
|-boost|p1a: Dragonite|spe|1
|move|p2a: Skarmory|Whirlwind|p1a: Dragonite
|drag|p1a: Claydol|Claydol|42/100
|
|-weather|Sandstorm|[upkeep]
|-heal|p1a: Claydol|49/100|[from] item: Leftovers
|upkeep
|turn|43
|
|switch|p2a: Alakazam|Alakazam, M|91/100
|move|p1a: Claydol|Rapid Spin|p2a: Alakazam
|-damage|p2a: Alakazam|82/100
|-sideend|p1: Switchoswitch|Spikes|[from] move: Rapid Spin|[of] p1a: Claydol
|
|-weather|Sandstorm|[upkeep]
|-heal|p1a: Claydol|55/100|[from] item: Leftovers
|upkeep
|turn|44
|
|move|p2a: Alakazam|Focus Blast|p1a: Claydol
|-resisted|p1a: Claydol
|-damage|p1a: Claydol|42/100
|move|p1a: Claydol|Earthquake|p2a: Alakazam
|-damage|p2a: Alakazam|15/100
|
|-weather|Sandstorm|[upkeep]
|-heal|p1a: Claydol|48/100|[from] item: Leftovers
|upkeep
|turn|45
|
|switch|p1a: Blissey|Blissey, F|59/100
|move|p2a: Alakazam|Shadow Ball|p1a: Blissey
|-immune|p1a: Blissey
|
|-weather|Sandstorm|[upkeep]
|-damage|p1a: Blissey|53/100|[from] Sandstorm
|-heal|p1a: Blissey|59/100|[from] item: Leftovers
|upkeep
|turn|46
|
|switch|p2a: Skarmory|Skarmory, M|100/100 par
|move|p1a: Blissey|Wish|p1a: Blissey
|
|-weather|Sandstorm|[upkeep]
|-damage|p1a: Blissey|53/100|[from] Sandstorm
|-heal|p1a: Blissey|59/100|[from] item: Leftovers
|upkeep
|turn|47
|
|move|p1a: Blissey|Protect|p1a: Blissey
|-singleturn|p1a: Blissey|Protect
|move|p2a: Skarmory|Spikes|p1a: Blissey
|-sidestart|p1: Switchoswitch|Spikes
|
|-weather|Sandstorm|[upkeep]
|-damage|p1a: Blissey|53/100|[from] Sandstorm
|-heal|p1a: Blissey|100/100|[from] move: Wish|[wisher] Blissey
|upkeep
|turn|48
|
|move|p1a: Blissey|Wish|p1a: Blissey
|cant|p2a: Skarmory|par
|
|-weather|Sandstorm|[upkeep]
|-damage|p1a: Blissey|94/100|[from] Sandstorm
|-heal|p1a: Blissey|100/100|[from] item: Leftovers
|upkeep
|turn|49
|
|switch|p1a: Claydol|Claydol|48/100
|cant|p2a: Skarmory|par
|
|-weather|Sandstorm|[upkeep]
|-heal|p1a: Claydol|100/100|[from] move: Wish|[wisher] Blissey
|upkeep
|turn|50
|
|move|p1a: Claydol|Rapid Spin|p2a: Skarmory
|-resisted|p2a: Skarmory
|-damage|p2a: Skarmory|99/100 par
|-sideend|p1: Switchoswitch|Spikes|[from] move: Rapid Spin|[of] p1a: Claydol
|move|p2a: Skarmory|Spikes|p1a: Claydol
|-sidestart|p1: Switchoswitch|Spikes
|
|-weather|Sandstorm|[upkeep]
|-heal|p2a: Skarmory|100/100 par|[from] item: Leftovers
|upkeep
|turn|51
|-message|grizou fangirl forfeited.
|
|win|Switchoswitch
|l|☆grizou fangirl
|raw|Switchoswitch's rating: 1275 &rarr; <strong>1310</strong><br />(+35 for winning)
|raw|grizou fangirl's rating: 1418 &rarr; <strong>1390</strong><br />(-28 for losing)
