|j|☆testbwou
|j|☆Nudged-2utango$
|t:|1708855858
|gametype|singles
|player|p1|testbwou|265|1437
|player|p2|Nudged-2utango$|101|1329
|teamsize|p1|6
|teamsize|p2|6
|gen|5
|tier|[Gen 5] OU
|rated|
|rule|Species Clause: Limit one of each Pokémon
|rule|OHKO Clause: OHKO moves are banned
|rule|Moody Clause: Moody is banned
|rule|Evasion Items Clause: Evasion items are banned
|rule|Evasion Moves Clause: Evasion moves are banned
|rule|Endless Battle Clause: Forcing endless battles is banned
|rule|HP Percentage Mod: HP is shown in percentages
|rule|Evasion Abilities Clause: Evasion abilities are banned
|rule|Sleep Moves Clause: Sleep-inducing moves are banned
|rule|Swagger Clause: Swagger is banned
|rule|Baton Pass Stat Clause: No Baton Passer may have a way to boost its stats
|clearpoke
|poke|p1|Riolu, M|item
|poke|p1|Forretress, M|item
|poke|p1|Shedinja|item
|poke|p1|Politoed, M|item
|poke|p1|Gengar, F|item
|poke|p1|Starmie|item
|poke|p2|Tyranitar, F|item
|poke|p2|Alakazam, M|item
|poke|p2|Latios, M|item
|poke|p2|Ferrothorn, F|item
|poke|p2|Keldeo|item
|poke|p2|Landorus-Therian, M|item
|teampreview
|inactive|Battle timer is ON: inactive players will automatically lose when time's up. (requested by testbwou)
|
|t:|1708855876
|start
|switch|p1a: Forretress|Forretress, M|100/100
|switch|p2a: Landorus|Landorus-Therian, M|100/100
|-ability|p2a: Landorus|Intimidate|boost
|-unboost|p1a: Forretress|atk|1
|turn|1
|j| SKT T1 Motherfaker
|
|t:|1708855888
|move|p2a: Landorus|Stealth Rock|p1a: Forretress
|-sidestart|p1: testbwou|move: Stealth Rock
|move|p1a: Forretress|Stealth Rock|p2a: Landorus
|-sidestart|p2: Nudged-2utango$|move: Stealth Rock
|
|upkeep
|turn|2
|
|t:|1708855891
|move|p2a: Landorus|Earthquake|p1a: Forretress
|-crit|p1a: Forretress
|-damage|p1a: Forretress|7/100
|move|p1a: Forretress|Rapid Spin|p2a: Landorus
|-damage|p2a: Landorus|97/100
|-sideend|p1: testbwou|Stealth Rock|[from] move: Rapid Spin|[of] p1a: Forretress
|
|-heal|p2a: Landorus|100/100|[from] item: Leftovers
|upkeep
|turn|3
|-enditem|p1a: Forretress|Custap Berry|[eat]
|-activate|p1a: Forretress|item: Custap Berry|[consumed]
|
|t:|1708855899
|move|p1a: Forretress|Spikes|p2a: Landorus
|-sidestart|p2: Nudged-2utango$|Spikes
|move|p2a: Landorus|Earthquake|p1a: Forretress
|-damage|p1a: Forretress|0 fnt
|faint|p1a: Forretress
|
|upkeep
|
|t:|1708855904
|switch|p1a: Gengar|Gengar, F|100/100
|turn|4
|
|t:|1708855907
|move|p1a: Gengar|Hidden Power|p2a: Landorus
|-supereffective|p2a: Landorus
|-damage|p2a: Landorus|0 fnt
|faint|p2a: Landorus
|-damage|p1a: Gengar|91/100|[from] item: Life Orb
|
|upkeep
|
|t:|1708855916
|switch|p2a: Alakazam|Alakazam, M|100/100
|turn|5
|
|t:|1708855920
|switch|p1a: Shedinja|Shedinja|100/100
|move|p2a: Alakazam|Psychic|p1a: Shedinja
|-immune|p1a: Shedinja|[from] ability: Wonder Guard
|
|upkeep
|turn|6
|
|t:|1708855928
|switch|p2a: Ferrothorn|Ferrothorn, F|100/100
|-damage|p2a: Ferrothorn|95/100|[from] Stealth Rock
|-damage|p2a: Ferrothorn|82/100|[from] Spikes
|move|p1a: Shedinja|X-Scissor|p2a: Ferrothorn
|-damage|p2a: Ferrothorn|55/100
|-damage|p1a: Shedinja|0 fnt|[from] ability: Iron Barbs|[of] p2a: Ferrothorn
|faint|p1a: Shedinja
|
|upkeep
|
|t:|1708855932
|switch|p1a: Gengar|Gengar, F|91/100
|turn|7
|
|t:|1708855940
|move|p1a: Gengar|Focus Blast|p2a: Ferrothorn
|-supereffective|p2a: Ferrothorn
|-damage|p2a: Ferrothorn|0 fnt
|faint|p2a: Ferrothorn
|-damage|p1a: Gengar|81/100|[from] item: Life Orb
|
|upkeep
|
|t:|1708855953
|switch|p2a: Alakazam|Alakazam, M|100/100
|turn|8
|
|t:|1708855957
|move|p2a: Alakazam|Psychic|p1a: Gengar
|-supereffective|p1a: Gengar
|-damage|p1a: Gengar|0 fnt
|faint|p1a: Gengar
|
|upkeep
|
|t:|1708855958
|switch|p1a: Riolu|Riolu, M|100/100
|turn|9
|
|t:|1708855963
|move|p2a: Alakazam|Psychic|p1a: Riolu
|-supereffective|p1a: Riolu
|-enditem|p1a: Riolu|Focus Sash
|-damage|p1a: Riolu|1/100
|-unboost|p1a: Riolu|spd|1
|move|p1a: Riolu|Roar|p2a: Alakazam
|drag|p2a: Tyranitar|Tyranitar, F|100/100
|-damage|p2a: Tyranitar|88/100|[from] Stealth Rock
|-damage|p2a: Tyranitar|76/100|[from] Spikes
|-weather|Sandstorm|[from] ability: Sand Stream|[of] p2a: Tyranitar
|
|-weather|Sandstorm|[upkeep]
|-damage|p1a: Riolu|0 fnt|[from] Sandstorm
|faint|p1a: Riolu
|upkeep
|
|t:|1708855966
|switch|p1a: Politoed|Politoed, M|100/100
|-weather|RainDance|[from] ability: Drizzle|[of] p1a: Politoed
|turn|10
|
|t:|1708855981
|move|p1a: Politoed|Surf|p2a: Tyranitar
|-supereffective|p2a: Tyranitar
|-damage|p2a: Tyranitar|0 fnt
|faint|p2a: Tyranitar
|
|-weather|RainDance|[upkeep]
|upkeep
|
|t:|1708855988
|switch|p2a: Latios|Latios, M|100/100
|-damage|p2a: Latios|88/100|[from] Stealth Rock
|turn|11
|
|t:|1708855995
|switch|p1a: Starmie|Starmie|100/100
|move|p2a: Latios|Draco Meteor|p1a: Starmie
|-damage|p1a: Starmie|0 fnt
|-unboost|p2a: Latios|spa|2
|faint|p1a: Starmie
|
|-weather|RainDance|[upkeep]
|upkeep
|
|t:|1708856003
|switch|p1a: Politoed|Politoed, M|100/100
|turn|12
|
|t:|1708856007
|move|p2a: Latios|Draco Meteor|p1a: Politoed
|-damage|p1a: Politoed|65/100
|-unboost|p2a: Latios|spa|2
|move|p1a: Politoed|Ice Beam|p2a: Latios
|-supereffective|p2a: Latios
|-damage|p2a: Latios|32/100
|
|-weather|RainDance|[upkeep]
|upkeep
|turn|13
|
|t:|1708856017
|move|p2a: Latios|Draco Meteor|p1a: Politoed
|-damage|p1a: Politoed|40/100
|-unboost|p2a: Latios|spa|2
|move|p1a: Politoed|Ice Beam|p2a: Latios
|-supereffective|p2a: Latios
|-damage|p2a: Latios|0 fnt
|faint|p2a: Latios
|
|-weather|RainDance|[upkeep]
|upkeep
|
|t:|1708856025
|switch|p2a: Alakazam|Alakazam, M|100/100
|turn|14
|
|t:|1708856028
|move|p1a: Politoed|Ice Beam|p2a: Alakazam
|-crit|p2a: Alakazam
|-damage|p2a: Alakazam|26/100
|move|p2a: Alakazam|Grass Knot|p1a: Politoed
|-supereffective|p1a: Politoed
|-damage|p1a: Politoed|0 fnt
|faint|p1a: Politoed
|
|win|Nudged-2utango$
|raw|testbwou's rating: 1437 &rarr; <strong>1411</strong><br />(-26 for losing)
|raw|Nudged-2utango$'s rating: 1329 &rarr; <strong>1355</strong><br />(+26 for winning)
|l|☆testbwou
|player|p1|
