|j|☆Blaise BWOU
|j|☆HydreigonSpammer
|t:|1735049359
|gametype|singles
|player|p1|Blaise BWOU|n|1314
|player|p2|HydreigonSpammer|janitor|1552
|teamsize|p1|6
|teamsize|p2|6
|gen|5
|tier|[Gen 5] OU
|rated|
|rule|Species Clause: Limit one of each Pokémon
|rule|OHKO Clause: OHKO moves are banned
|rule|Moody Clause: Moody is banned
|rule|Evasion Items Clause: Evasion items are banned
|rule|Evasion Moves Clause: Evasion moves are banned
|rule|Endless Battle Clause: Forcing endless battles is banned
|rule|HP Percentage Mod: HP is shown in percentages
|rule|Evasion Abilities Clause: Evasion abilities are banned
|rule|Sleep Moves Clause: Sleep-inducing moves are banned
|rule|Swagger Clause: Swagger is banned
|rule|Baton Pass Stat Clause: No Baton Passer may have a way to boost its stats
|clearpoke
|poke|p1|Azelf|item
|poke|p1|Lombre, M|item
|poke|p1|Ludicolo, M|item
|poke|p1|Magnezone|item
|poke|p1|Volcarona, F|item
|poke|p1|Starmie|item
|poke|p2|Abomasnow, F|item
|poke|p2|Mandibuzz, F|item
|poke|p2|Rotom-Wash|item
|poke|p2|Mamoswine, M|item
|poke|p2|Jirachi|item
|poke|p2|Starmie|item
|teampreview
|c|☆Blaise BWOU|hi
|c|☆HydreigonSpammer|are you a member of the BW OU council? U're pretty good
|c|☆HydreigonSpammer|gl hf
|
|t:|1735049392
|start
|switch|p1a: AB-Z|Azelf, shiny|100/100
|switch|p2a: Jirachi|Jirachi|100/100
|turn|1
|c|☆Blaise BWOU|ahah not at all
|c|☆Blaise BWOU|thx u2
|
|t:|1735049403
|move|p1a: AB-Z|Taunt|p2a: Jirachi
|-start|p2a: Jirachi|move: Taunt
|move|p2a: Jirachi|U-turn|p1a: AB-Z
|-supereffective|p1a: AB-Z
|-damage|p1a: AB-Z|61/100
|
|t:|1735049409
|switch|p2a: Mamoswine|Mamoswine, M|100/100|[from] U-turn
|
|upkeep
|turn|2
|
|t:|1735049414
|move|p2a: Mamoswine|Ice Shard|p1a: AB-Z
|-damage|p1a: AB-Z|16/100
|move|p1a: AB-Z|Taunt|p2a: Mamoswine
|-start|p2a: Mamoswine|move: Taunt
|
|upkeep
|turn|3
|
|t:|1735049419
|move|p2a: Mamoswine|Ice Shard|p1a: AB-Z
|-damage|p1a: AB-Z|0 fnt
|faint|p1a: AB-Z
|
|upkeep
|
|t:|1735049426
|switch|p1a: Britney|Volcarona, F|100/100
|turn|4
|
|t:|1735049432
|switch|p2a: Rotom|Rotom-Wash|100/100
|move|p1a: Britney|Quiver Dance|p1a: Britney
|-boost|p1a: Britney|spa|1
|-boost|p1a: Britney|spd|1
|-boost|p1a: Britney|spe|1
|
|upkeep
|turn|5
|
|t:|1735049438
|move|p1a: Britney|Bug Buzz|p2a: Rotom
|-damage|p2a: Rotom|25/100
|move|p2a: Rotom|Thunder Wave|p1a: Britney
|-status|p1a: Britney|par
|-enditem|p1a: Britney|Lum Berry|[eat]
|-curestatus|p1a: Britney|par|[msg]
|
|-heal|p2a: Rotom|31/100|[from] item: Leftovers
|upkeep
|turn|6
|
|t:|1735049443
|move|p1a: Britney|Bug Buzz|p2a: Rotom
|-damage|p2a: Rotom|0 fnt
|faint|p2a: Rotom
|
|upkeep
|
|t:|1735049448
|switch|p2a: Mandibuzz|Mandibuzz, F|100/100
|turn|7
|
|t:|1735049457
|move|p1a: Britney|Hidden Power|p2a: Mandibuzz
|-supereffective|p2a: Mandibuzz
|-crit|p2a: Mandibuzz
|-damage|p2a: Mandibuzz|17/100
|move|p2a: Mandibuzz|Brave Bird|p1a: Britney
|-supereffective|p1a: Britney
|-damage|p1a: Britney|12/100
|-damage|p2a: Mandibuzz|0 fnt|[from] Recoil
|faint|p2a: Mandibuzz
|
|upkeep
|
|t:|1735049466
|switch|p2a: Mamoswine|Mamoswine, M|100/100
|turn|8
|
|t:|1735049472
|move|p2a: Mamoswine|Ice Shard|p1a: Britney
|-resisted|p1a: Britney
|-crit|p1a: Britney
|-damage|p1a: Britney|0 fnt
|faint|p1a: Britney
|
|upkeep
|
|t:|1735049492
|switch|p1a: Mister B|Ludicolo, M|100/100
|turn|9
|
|t:|1735049496
|switch|p2a: Jirachi|Jirachi|100/100
|move|p1a: Mister B|Swords Dance|p1a: Mister B
|-boost|p1a: Mister B|atk|2
|
|upkeep
|turn|10
|
|t:|1735049501
|move|p1a: Mister B|Waterfall|p2a: Jirachi
|-damage|p2a: Jirachi|38/100
|-damage|p1a: Mister B|91/100|[from] item: Life Orb
|move|p2a: Jirachi|Body Slam|p1a: Mister B
|-damage|p1a: Mister B|60/100
|-status|p1a: Mister B|par
|
|-heal|p2a: Jirachi|45/100|[from] item: Leftovers
|upkeep
|turn|11
|
|t:|1735049507
|move|p2a: Jirachi|U-turn|p1a: Mister B
|-supereffective|p1a: Mister B
|-damage|p1a: Mister B|13/100 par
|
|t:|1735049511
|switch|p2a: Abomasnow|Abomasnow, F|100/100|[from] U-turn
|-weather|Hail|[from] ability: Snow Warning|[of] p2a: Abomasnow
|move|p1a: Mister B|Waterfall|p2a: Abomasnow
|-resisted|p2a: Abomasnow
|-damage|p2a: Abomasnow|63/100
|-damage|p1a: Mister B|3/100 par|[from] item: Life Orb
|
|-weather|Hail|[upkeep]
|-damage|p1a: Mister B|0 fnt|[from] Hail
|faint|p1a: Mister B
|-heal|p2a: Abomasnow|69/100|[from] item: Leftovers
|upkeep
|
|t:|1735049520
|switch|p1a: Mister B jr|Lombre, M|100/100
|turn|12
|
|t:|1735049526
|switch|p2a: Jirachi|Jirachi|45/100
|move|p1a: Mister B jr|Toxic|p2a: Jirachi
|-immune|p2a: Jirachi
|
|-weather|Hail|[upkeep]
|-damage|p2a: Jirachi|38/100|[from] Hail
|-damage|p1a: Mister B jr|94/100|[from] Hail
|-heal|p2a: Jirachi|45/100|[from] item: Leftovers
|upkeep
|turn|13
|
|t:|1735049531
|move|p2a: Jirachi|U-turn|p1a: Mister B jr
|-supereffective|p1a: Mister B jr
|-damage|p1a: Mister B jr|69/100
|
|t:|1735049535
|switch|p2a: Abomasnow|Abomasnow, F|69/100|[from] U-turn
|move|p1a: Mister B jr|Scald|p2a: Abomasnow
|-resisted|p2a: Abomasnow
|-damage|p2a: Abomasnow|60/100
|-status|p2a: Abomasnow|brn
|
|-weather|Hail|[upkeep]
|-damage|p1a: Mister B jr|63/100|[from] Hail
|-heal|p2a: Abomasnow|66/100 brn|[from] item: Leftovers
|-damage|p2a: Abomasnow|54/100 brn|[from] brn
|upkeep
|turn|14
|
|t:|1735049540
|move|p1a: Mister B jr|Rain Dance|p1a: Mister B jr
|-weather|RainDance
|move|p2a: Abomasnow|Blizzard|p1a: Mister B jr|[miss]
|-miss|p2a: Abomasnow|p1a: Mister B jr
|
|-weather|RainDance|[upkeep]
|-heal|p1a: Mister B jr|69/100|[from] ability: Rain Dish
|-heal|p2a: Abomasnow|60/100 brn|[from] item: Leftovers
|-damage|p2a: Abomasnow|47/100 brn|[from] brn
|upkeep
|turn|15
|
|t:|1735049548
|switch|p2a: Jirachi|Jirachi|45/100
|move|p1a: Mister B jr|Scald|p2a: Jirachi
|-damage|p2a: Jirachi|27/100
|
|-weather|RainDance|[upkeep]
|-heal|p1a: Mister B jr|75/100|[from] ability: Rain Dish
|-heal|p2a: Jirachi|33/100|[from] item: Leftovers
|upkeep
|turn|16
|
|t:|1735049567
|move|p2a: Jirachi|Body Slam|p1a: Mister B jr
|-damage|p1a: Mister B jr|60/100
|move|p1a: Mister B jr|Scald|p2a: Jirachi
|-damage|p2a: Jirachi|15/100
|-status|p2a: Jirachi|brn
|
|-weather|RainDance|[upkeep]
|-heal|p1a: Mister B jr|67/100|[from] ability: Rain Dish
|-heal|p2a: Jirachi|21/100 brn|[from] item: Leftovers
|-damage|p2a: Jirachi|9/100 brn|[from] brn
|upkeep
|turn|17
|
|t:|1735049577
|switch|p1a: Area B|Magnezone, shiny|100/100
|move|p2a: Jirachi|Body Slam|p1a: Area B
|-resisted|p1a: Area B
|-damage|p1a: Area B|96/100
|-status|p1a: Area B|par
|
|-weather|RainDance|[upkeep]
|-heal|p2a: Jirachi|15/100 brn|[from] item: Leftovers
|-damage|p2a: Jirachi|2/100 brn|[from] brn
|upkeep
|turn|18
|
|t:|1735049584
|move|p2a: Jirachi|U-turn|p1a: Area B
|-resisted|p1a: Area B
|-damage|p1a: Area B|93/100 par
|
|t:|1735049588
|switch|p2a: Abomasnow|Abomasnow, F|47/100 brn|[from] U-turn
|-weather|Hail|[from] ability: Snow Warning|[of] p2a: Abomasnow
|move|p1a: Area B|Substitute|p1a: Area B
|-start|p1a: Area B|Substitute
|-damage|p1a: Area B|68/100 par
|
|-weather|Hail|[upkeep]
|-damage|p1a: Area B|62/100 par|[from] Hail
|-heal|p2a: Abomasnow|54/100 brn|[from] item: Leftovers
|-damage|p2a: Abomasnow|41/100 brn|[from] brn
|upkeep
|turn|19
|
|t:|1735049592
|move|p2a: Abomasnow|Hidden Power|p1a: Area B
|-supereffective|p1a: Area B
|-crit|p1a: Area B
|-end|p1a: Area B|Substitute
|cant|p1a: Area B|par
|
|-weather|Hail|[upkeep]
|-damage|p1a: Area B|56/100 par|[from] Hail
|-heal|p2a: Abomasnow|47/100 brn|[from] item: Leftovers
|-damage|p2a: Abomasnow|35/100 brn|[from] brn
|upkeep
|turn|20
|
|t:|1735049603
|move|p2a: Abomasnow|Hidden Power|p1a: Area B
|-supereffective|p1a: Area B
|-damage|p1a: Area B|14/100 par
|cant|p1a: Area B|par
|
|-weather|Hail|[upkeep]
|-damage|p1a: Area B|7/100 par|[from] Hail
|-heal|p2a: Abomasnow|41/100 brn|[from] item: Leftovers
|-damage|p2a: Abomasnow|29/100 brn|[from] brn
|upkeep
|turn|21
|
|t:|1735049608
|move|p2a: Abomasnow|Hidden Power|p1a: Area B
|-supereffective|p1a: Area B
|-crit|p1a: Area B
|-damage|p1a: Area B|0 fnt
|faint|p1a: Area B
|
|-weather|Hail|[upkeep]
|-heal|p2a: Abomasnow|35/100 brn|[from] item: Leftovers
|-damage|p2a: Abomasnow|22/100 brn|[from] brn
|upkeep
|
|t:|1735049634
|switch|p1a: Beyblade|Starmie|100/100
|turn|22
|
|t:|1735049647
|switch|p2a: Jirachi|Jirachi|2/100 brn
|move|p1a: Beyblade|Ice Beam|p2a: Jirachi
|-resisted|p2a: Jirachi
|-damage|p2a: Jirachi|0 fnt
|faint|p2a: Jirachi
|
|-weather|Hail|[upkeep]
|-damage|p1a: Beyblade|94/100|[from] Hail
|upkeep
|
|t:|1735049658
|switch|p2a: Starmie|Starmie|100/100
|-item|p2a: Starmie|Air Balloon
|turn|23
|
|t:|1735049661
|move|p1a: Beyblade|Thunderbolt|p2a: Starmie
|-supereffective|p2a: Starmie
|-damage|p2a: Starmie|15/100
|-enditem|p2a: Starmie|Air Balloon
|move|p2a: Starmie|Thunderbolt|p1a: Beyblade
|-supereffective|p1a: Beyblade
|-enditem|p1a: Beyblade|Wacan Berry|[eat]
|-enditem|p1a: Beyblade|Wacan Berry|[weaken]
|-damage|p1a: Beyblade|40/100
|
|-weather|Hail|[upkeep]
|-damage|p1a: Beyblade|34/100|[from] Hail
|-damage|p2a: Starmie|9/100|[from] Hail
|upkeep
|turn|24
|
|t:|1735049668
|switch|p1a: Mister B jr|Lombre, M|67/100
|move|p2a: Starmie|Thunderbolt|p1a: Mister B jr
|-damage|p1a: Mister B jr|34/100
|
|-weather|Hail|[upkeep]
|-damage|p2a: Starmie|2/100|[from] Hail
|-damage|p1a: Mister B jr|27/100|[from] Hail
|upkeep
|turn|25
|
|t:|1735049681
|move|p2a: Starmie|Thunderbolt|p1a: Mister B jr
|-damage|p1a: Mister B jr|0 fnt
|faint|p1a: Mister B jr
|
|-weather|Hail|[upkeep]
|-damage|p2a: Starmie|0 fnt|[from] Hail
|faint|p2a: Starmie
|upkeep
|
|t:|1735049685
|switch|p2a: Mamoswine|Mamoswine, M|100/100
|switch|p1a: Beyblade|Starmie|34/100
|turn|26
|
|t:|1735049697
|move|p2a: Mamoswine|Ice Shard|p1a: Beyblade
|-resisted|p1a: Beyblade
|-damage|p1a: Beyblade|9/100
|move|p1a: Beyblade|Surf|p2a: Mamoswine
|-supereffective|p2a: Mamoswine
|-damage|p2a: Mamoswine|0 fnt
|faint|p2a: Mamoswine
|
|-weather|Hail|[upkeep]
|-damage|p1a: Beyblade|3/100|[from] Hail
|upkeep
|
|t:|1735049700
|switch|p2a: Abomasnow|Abomasnow, F|22/100 brn
|turn|27
|
|t:|1735049703
|move|p2a: Abomasnow|Protect|p2a: Abomasnow
|-singleturn|p2a: Abomasnow|Protect
|move|p1a: Beyblade|Ice Beam|p2a: Abomasnow
|-activate|p2a: Abomasnow|move: Protect
|
|-weather|Hail|[upkeep]
|-damage|p1a: Beyblade|0 fnt|[from] Hail
|faint|p1a: Beyblade
|
|win|HydreigonSpammer
|upkeep
|raw|Blaise BWOU's rating: 1314 &rarr; <strong>1306</strong><br />(-8 for losing)
|raw|HydreigonSpammer's rating: 1552 &rarr; <strong>1560</strong><br />(+8 for winning)
|c|☆HydreigonSpammer|gg
|c|☆Blaise BWOU|gg
