|j|☆Peruvius
|j|☆LadderGod1
|t:|1728128816
|gametype|singles
|player|p1|Peruvius|fennel|1382
|player|p2|LadderGod1|169|1285
|teamsize|p1|6
|teamsize|p2|6
|gen|5
|tier|[Gen 5] OU
|rated|
|rule|Species Clause: Limit one of each Pokémon
|rule|OHKO Clause: OHKO moves are banned
|rule|Moody Clause: Moody is banned
|rule|Evasion Items Clause: Evasion items are banned
|rule|Evasion Moves Clause: Evasion moves are banned
|rule|Endless Battle Clause: Forcing endless battles is banned
|rule|HP Percentage Mod: HP is shown in percentages
|rule|Evasion Abilities Clause: Evasion abilities are banned
|rule|Sleep Moves Clause: Sleep-inducing moves are banned
|rule|Swagger Clause: Swagger is banned
|rule|Baton Pass Stat Clause: No Baton Passer may have a way to boost its stats
|clearpoke
|poke|p1|Haxorus, F|item
|poke|p1|Froslass, F|item
|poke|p1|Jellicent, M|item
|poke|p1|Forretress, M|item
|poke|p1|Gengar, M|item
|poke|p1|Blissey, F|item
|poke|p2|Ferrothorn, M|item
|poke|p2|Politoed, F|item
|poke|p2|Heatran, F|item
|poke|p2|Salamence, M|item
|poke|p2|Gliscor, F|item
|poke|p2|Hydreigon, F|item
|teampreview
|inactive|Battle timer is ON: inactive players will automatically lose when time's up. (requested by Peruvius)
|
|t:|1728128843
|start
|switch|p1a: Forretress|Forretress, M|100/100
|switch|p2a: Heatran|Heatran, F|100/100
|-item|p2a: Heatran|Air Balloon
|turn|1
|
|t:|1728128862
|move|p2a: Heatran|Magma Storm|p1a: Forretress
|-supereffective|p1a: Forretress
|-ability|p1a: Forretress|Sturdy
|-damage|p1a: Forretress|1/100
|-activate|p1a: Forretress|move: Magma Storm|[of] p2a: Heatran
|move|p1a: Forretress|Stealth Rock|p2a: Heatran
|-sidestart|p2: LadderGod1|move: Stealth Rock
|
|-heal|p1a: Forretress|7/100|[from] item: Leftovers
|-damage|p1a: Forretress|1/100|[from] move: Magma Storm|[partiallytrapped]
|upkeep
|turn|2
|
|t:|1728128873
|move|p2a: Heatran|Flash Cannon|p1a: Forretress
|-resisted|p1a: Forretress
|-damage|p1a: Forretress|0 fnt
|faint|p1a: Forretress
|
|upkeep
|
|t:|1728128888
|switch|p1a: Jellicent|Jellicent, M|100/100
|turn|3
|
|t:|1728128899
|switch|p2a: Ferrothorn|Ferrothorn, M|100/100
|-damage|p2a: Ferrothorn|94/100|[from] Stealth Rock
|move|p1a: Jellicent|Scald|p2a: Ferrothorn
|-resisted|p2a: Ferrothorn
|-crit|p2a: Ferrothorn
|-damage|p2a: Ferrothorn|73/100
|
|-heal|p2a: Ferrothorn|79/100|[from] item: Leftovers
|upkeep
|turn|4
|
|t:|1728128907
|move|p1a: Jellicent|Hidden Power|p2a: Ferrothorn
|-supereffective|p2a: Ferrothorn
|-damage|p2a: Ferrothorn|29/100
|move|p2a: Ferrothorn|Stealth Rock|p1a: Jellicent
|-sidestart|p1: Peruvius|move: Stealth Rock
|
|-heal|p2a: Ferrothorn|35/100|[from] item: Leftovers
|upkeep
|turn|5
|
|t:|1728128916
|switch|p2a: Politoed|Politoed, F|100/100
|-damage|p2a: Politoed|88/100|[from] Stealth Rock
|move|p1a: Jellicent|Scald|p2a: Politoed
|-heal|p2a: Politoed|100/100|[from] ability: Water Absorb|[of] p1a: Jellicent
|
|upkeep
|turn|6
|
|t:|1728128927
|move|p2a: Politoed|Toxic|p1a: Jellicent
|-status|p1a: Jellicent|tox
|move|p1a: Jellicent|Toxic|p2a: Politoed
|-status|p2a: Politoed|tox
|
|-damage|p2a: Politoed|94/100 tox|[from] psn
|-damage|p1a: Jellicent|94/100 tox|[from] psn
|upkeep
|turn|7
|
|t:|1728128936
|switch|p2a: Heatran|Heatran, F|100/100
|-damage|p2a: Heatran|88/100|[from] Stealth Rock
|-item|p2a: Heatran|Air Balloon
|switch|p1a: Blissey|Blissey, F|100/100
|-damage|p1a: Blissey|88/100|[from] Stealth Rock
|
|-heal|p1a: Blissey|94/100|[from] item: Leftovers
|upkeep
|turn|8
|
|t:|1728128963
|switch|p2a: Salamence|Salamence, M|100/100
|-damage|p2a: Salamence|76/100|[from] Stealth Rock
|move|p1a: Blissey|Shadow Ball|p2a: Salamence
|-damage|p2a: Salamence|58/100
|
|-heal|p1a: Blissey|99/100|[from] item: Leftovers
|upkeep
|turn|9
|
|t:|1728128973
|move|p2a: Salamence|Dragon Dance|p2a: Salamence
|-boost|p2a: Salamence|atk|1
|-boost|p2a: Salamence|spe|1
|move|p1a: Blissey|Wish|p1a: Blissey
|
|-heal|p1a: Blissey|100/100|[from] item: Leftovers
|upkeep
|turn|10
|
|t:|1728128980
|move|p2a: Salamence|Dragon Claw|p1a: Blissey
|-damage|p1a: Blissey|11/100
|-damage|p2a: Salamence|48/100|[from] item: Life Orb
|move|p1a: Blissey|Shadow Ball|p2a: Salamence
|-damage|p2a: Salamence|32/100
|
|-heal|p1a: Blissey|61/100|[from] move: Wish|[wisher] Blissey
|-heal|p1a: Blissey|67/100|[from] item: Leftovers
|upkeep
|turn|11
|
|t:|1728128991
|move|p2a: Salamence|Dragon Claw|p1a: Blissey
|-damage|p1a: Blissey|0 fnt
|faint|p1a: Blissey
|-ability|p2a: Salamence|Moxie|boost
|-boost|p2a: Salamence|atk|1
|-damage|p2a: Salamence|22/100|[from] item: Life Orb
|
|upkeep
|
|t:|1728128999
|switch|p1a: Jellicent|Jellicent, M|94/100 tox
|-damage|p1a: Jellicent|82/100 tox|[from] Stealth Rock
|turn|12
|
|t:|1728129004
|move|p2a: Salamence|Dragon Claw|p1a: Jellicent
|-damage|p1a: Jellicent|0 fnt
|faint|p1a: Jellicent
|-ability|p2a: Salamence|Moxie|boost
|-boost|p2a: Salamence|atk|1
|-damage|p2a: Salamence|12/100|[from] item: Life Orb
|
|upkeep
|
|t:|1728129015
|switch|p1a: Froslass|Froslass, F|100/100
|-damage|p1a: Froslass|76/100|[from] Stealth Rock
|turn|13
|
|t:|1728129019
|move|p2a: Salamence|Dragon Claw|p1a: Froslass
|-damage|p1a: Froslass|0 fnt
|faint|p1a: Froslass
|-ability|p2a: Salamence|Moxie|boost
|-boost|p2a: Salamence|atk|1
|-damage|p2a: Salamence|2/100|[from] item: Life Orb
|
|upkeep
|
|t:|1728129030
|switch|p1a: Gengar|Gengar, M|100/100
|-damage|p1a: Gengar|88/100|[from] Stealth Rock
|turn|14
|
|t:|1728129033
|move|p2a: Salamence|Dragon Claw|p1a: Gengar
|-damage|p1a: Gengar|0 fnt
|faint|p1a: Gengar
|-ability|p2a: Salamence|Moxie|boost
|-boost|p2a: Salamence|atk|1
|-damage|p2a: Salamence|0 fnt|[from] item: Life Orb
|faint|p2a: Salamence
|
|upkeep
|
|t:|1728129040
|switch|p1a: Haxorus|Haxorus, F|100/100
|switch|p2a: Hydreigon|Hydreigon, F|100/100
|-damage|p2a: Hydreigon|88/100|[from] Stealth Rock
|-damage|p1a: Haxorus|88/100|[from] Stealth Rock
|-ability|p1a: Haxorus|Mold Breaker
|turn|15
|
|t:|1728129048
|move|p2a: Hydreigon|Draco Meteor|p1a: Haxorus
|-supereffective|p1a: Haxorus
|-damage|p1a: Haxorus|0 fnt
|-unboost|p2a: Hydreigon|spa|2
|faint|p1a: Haxorus
|
|win|LadderGod1
|raw|Peruvius's rating: 1382 &rarr; <strong>1357</strong><br />(-25 for losing)
|raw|LadderGod1's rating: 1285 &rarr; <strong>1317</strong><br />(+32 for winning)
|l|☆Peruvius
|player|p1|
