|join|Pythagorean Python
|join|samuelcheng
|player|p1|Pythagorean Python|266
|player|p2|samuelcheng|264
|gametype|singles
|gen|5
|tier|[Gen 5] OU
|rated
|rule|Evasion Abilities Clause: Evasion abilities are banned
|clearpoke
|poke|p1|Skarmory, M
|poke|p1|Blissey, F
|poke|p1|Hippowdon, F
|poke|p1|Alakazam, M
|poke|p1|Terrakion
|poke|p1|Starmie
|poke|p2|Breloom, F
|poke|p2|Terrakion
|poke|p2|Skarmory, F
|poke|p2|Latios, M
|poke|p2|Scizor, M
|poke|p2|Landorus-Therian, M
|rule|Sleep Clause Mod: Limit one foe put to sleep
|rule|Species Clause: Limit one of each Pokemon
|rule|OHKO Clause: OHKO moves are banned
|rule|Moody Clause: Moody is banned
|rule|Evasion Moves Clause: Evasion moves are banned
|rule|Endless Battle Clause: Forcing endless battles is banned.
|rule|HP Percentage Mod: HP is reported as percentages
|teampreview
|
|start
|switch|p1a: Alakazam|Alakazam, M|252/252
|switch|p2a: Skarmory|Skarmory, F|271/271
|turn|1
|
|move|p1a: Alakazam|Hidden Power|p2a: Skarmory
|-supereffective|p2a: Skarmory
|-activate|p2a: Skarmory|Sturdy
|-damage|p2a: Skarmory|1/271
|move|p2a: Skarmory|Stealth Rock|p1a: Alakazam
|-sidestart|p1: Pythagorean Python|move: Stealth Rock
|
|turn|2
|-enditem|p2a: Skarmory|Custap Berry|[eat]
|-activate|p2a: Skarmory|Custap Berry
|
|move|p2a: Skarmory|Brave Bird|p1a: Alakazam
|-damage|p1a: Alakazam|0 fnt
|-damage|p2a: Skarmory|0 fnt|[from] recoil|[of] p1a: Alakazam
|faint|p1a: Alakazam
|faint|p2a: Skarmory
|
|
|switch|p1a: Starmie|Starmie|261/261
|-damage|p1a: Starmie|229/261|[from] Stealth Rock
|switch|p2a: Landorus-Therian|Landorus-Therian, M|330/330
|-ability|p2a: Landorus-Therian|Intimidate|[of] p1a: Starmie
|-unboost|p1a: Starmie|atk|1
|turn|3
|
|switch|p2a: Scizor|Scizor, M|344/344
|move|p1a: Starmie|Ice Beam|p2a: Scizor
|-resisted|p2a: Scizor
|-damage|p2a: Scizor|291/344
|
|turn|4
|
|move|p1a: Starmie|Hydro Pump|p2a: Scizor|[miss]
|-miss|p1a: Starmie|p2a: Scizor
|move|p2a: Scizor|U-turn|p1a: Starmie
|-supereffective|p1a: Starmie
|-damage|p1a: Starmie|0 fnt
|faint|p1a: Starmie
|
|switch|p2a: Latios|Latios, M|302/302
|
|chat|Pythagorean Python|I can't remember the last time I hit a Hydro Pump with Starmie.
|
|switch|p1a: Hippowdon|Hippowdon, F|420/420
|-damage|p1a: Hippowdon|394/420|[from] Stealth Rock
|-weather|Sandstorm|[from] ability: Sand Stream|[of] p1a: Hippowdon
|turn|5
|chat|samuelcheng|haha yah I carry scald on mine now
|
|move|p2a: Latios|Surf|p1a: Hippowdon
|-crit|p1a: Hippowdon
|-supereffective|p1a: Hippowdon
|-damage|p1a: Hippowdon|0 fnt
|faint|p1a: Hippowdon
|
|-weather|Sandstorm|[upkeep]
|-damage|p2a: Latios|284/302|[from] sandstorm
|chat|samuelcheng|gave up on that move
|
|switch|p1a: Blissey|Blissey, F|714/714
|-damage|p1a: Blissey|625/714|[from] Stealth Rock
|turn|6
|
|switch|p2a: Scizor|Scizor, M|291/344
|move|p1a: Blissey|Thunder Wave|p2a: Scizor
|-status|p2a: Scizor|par
|
|-weather|Sandstorm|[upkeep]
|-damage|p1a: Blissey|581/714|[from] sandstorm
|-heal|p1a: Blissey|625/714|[from] item: Leftovers
|turn|7
|
|switch|p1a: Skarmory|Skarmory, M|334/334
|-damage|p1a: Skarmory|293/334|[from] Stealth Rock
|move|p2a: Scizor|U-turn|p1a: Skarmory
|-resisted|p1a: Skarmory
|-damage|p1a: Skarmory|262/334
|
|switch|p2a: Breloom|Breloom, F|262/262
|
|-weather|Sandstorm|[upkeep]
|-damage|p2a: Breloom|246/262|[from] sandstorm
|-heal|p1a: Skarmory|282/334|[from] item: Leftovers
|turn|8
|
|move|p2a: Breloom|Spore|p1a: Skarmory
|-status|p1a: Skarmory|slp
|cant|p1a: Skarmory|slp
|
|-weather|Sandstorm|[upkeep]
|-damage|p2a: Breloom|230/262|[from] sandstorm
|-heal|p1a: Skarmory|302/334 slp|[from] item: Leftovers
|turn|9
|
|-singleturn|p2a: Breloom|move: Focus Punch
|cant|p1a: Skarmory|slp
|move|p2a: Breloom|Focus Punch|p1a: Skarmory
|-enditem|p2a: Breloom|Fighting Gem|[from] gem|[move] Focus Punch
|-damage|p1a: Skarmory|88/334 slp
|
|-weather|Sandstorm|[upkeep]
|-damage|p2a: Breloom|214/262|[from] sandstorm
|-heal|p1a: Skarmory|108/334 slp|[from] item: Leftovers
|turn|10
|
|-singleturn|p2a: Breloom|move: Focus Punch
|-curestatus|p1a: Skarmory|slp
|move|p1a: Skarmory|Drill Peck|p2a: Breloom
|-supereffective|p2a: Breloom
|-damage|p2a: Breloom|0 fnt
|faint|p2a: Breloom
|
|-weather|Sandstorm|[upkeep]
|-heal|p1a: Skarmory|128/334|[from] item: Leftovers
|
|switch|p2a: Terrakion|Terrakion|323/323
|turn|11
|
|move|p2a: Terrakion|Close Combat|p1a: Skarmory
|-damage|p1a: Skarmory|4/334
|-unboost|p2a: Terrakion|def|1
|-unboost|p2a: Terrakion|spd|1
|move|p1a: Skarmory|Drill Peck|p2a: Terrakion
|-damage|p2a: Terrakion|202/323
|
|-weather|Sandstorm|[upkeep]
|-heal|p1a: Skarmory|24/334|[from] item: Leftovers
|turn|12
|
|move|p2a: Terrakion|Close Combat|p1a: Skarmory
|-damage|p1a: Skarmory|0 fnt
|-unboost|p2a: Terrakion|def|1
|-unboost|p2a: Terrakion|spd|1
|faint|p1a: Skarmory
|
|-weather|Sandstorm|[upkeep]
|
|switch|p1a: Terrakion|Terrakion|324/324
|-damage|p1a: Terrakion|304/324|[from] Stealth Rock
|turn|13
|
|move|p2a: Terrakion|Close Combat|p1a: Terrakion
|-supereffective|p1a: Terrakion
|-damage|p1a: Terrakion|0 fnt
|-unboost|p2a: Terrakion|def|1
|-unboost|p2a: Terrakion|spd|1
|faint|p1a: Terrakion
|
|-weather|Sandstorm|[upkeep]
|chat|samuelcheng|gg
|
|switch|p1a: Blissey|Blissey, F|625/714
|-damage|p1a: Blissey|536/714|[from] Stealth Rock
|turn|14
|chat|Pythagorean Python|gg
|
|move|p2a: Terrakion|Close Combat|p1a: Blissey
|-supereffective|p1a: Blissey
|-damage|p1a: Blissey|0 fnt
|-unboost|p2a: Terrakion|def|1
|-unboost|p2a: Terrakion|spd|1
|faint|p1a: Blissey
|
|win|samuelcheng
|raw|Ladder updating...
|raw|Pythagorean Python's rating: 1427 &rarr; <strong>1406</strong><br />(-21 for losing)
|raw|samuelcheng's rating: 1420 &rarr; <strong>1441</strong><br />(+21 for winning)
|leave|Pythagorean Python
|player|p1