|j|☆Tokyo Tower
|j|☆exodia-mdz
|player|p1|Tokyo Tower|hilbert-dueldisk|1367
|player|p2|exodia-mdz|lance-gen3|1362
|teamsize|p1|6
|teamsize|p2|6
|gametype|singles
|gen|5
|tier|[Gen 5] OU
|rated|
|clearpoke
|poke|p1|Latios, M|item
|poke|p1|Keldeo-Resolute|item
|poke|p1|Thundurus-Therian, M|item
|poke|p1|Jellicent, M|item
|poke|p1|Skarmory, F|item
|poke|p1|Excadrill, F|item
|poke|p2|Alakazam, M|item
|poke|p2|Skarmory, M|item
|poke|p2|Keldeo|item
|poke|p2|Volcarona, F|item
|poke|p2|Mamoswine, F|item
|poke|p2|Breloom, F|item
|rule|Species Clause: Limit one of each Pokémon
|rule|OHKO Clause: OHKO moves are banned
|rule|Moody Clause: Moody is banned
|rule|Evasion Moves Clause: Evasion moves are banned
|rule|Endless Battle Clause: Forcing endless battles is banned
|rule|HP Percentage Mod: HP is shown in percentages
|rule|Evasion Abilities Clause: Evasion abilities are banned
|rule|Baton Pass Clause: Limit one Baton Passer, can't pass Spe and other stats simultaneously
|rule|Sleep Clause: Sleep-inducing moves are banned
|rule|Swagger Clause: Swagger is banned
|teampreview
|
|start
|switch|p1a: Skarmory|Skarmory, F|100/100
|switch|p2a: Volcarona|Volcarona, F|100/100
|turn|1
|
|move|p2a: Volcarona|Bug Buzz|p1a: Skarmory
|-resisted|p1a: Skarmory
|-damage|p1a: Skarmory|78/100
|move|p1a: Skarmory|Stealth Rock|p2a: Volcarona
|-sidestart|p2: exodia-mdz|move: Stealth Rock
|
|upkeep
|turn|2
|
|switch|p1a: Keldeo|Keldeo-Resolute|100/100
|move|p2a: Volcarona|Fire Blast|p1a: Keldeo
|-resisted|p1a: Keldeo
|-damage|p1a: Keldeo|67/100
|-status|p1a: Keldeo|brn
|
|-damage|p1a: Keldeo|54/100 brn|[from] brn
|upkeep
|turn|3
|
|move|p1a: Keldeo|Hydro Pump|p2a: Volcarona
|-supereffective|p2a: Volcarona
|-damage|p2a: Volcarona|0 fnt
|faint|p2a: Volcarona
|
|-damage|p1a: Keldeo|42/100 brn|[from] brn
|upkeep
|
|switch|p2a: Breloom|Breloom, F|100/100
|-damage|p2a: Breloom|94/100|[from] Stealth Rock
|turn|4
|
|move|p1a: Keldeo|Icy Wind|p2a: Breloom
|-supereffective|p2a: Breloom
|-damage|p2a: Breloom|0 fnt
|faint|p2a: Breloom
|
|-damage|p1a: Keldeo|30/100 brn|[from] brn
|upkeep
|
|switch|p2a: Alakazam|Alakazam, M|100/100
|turn|5
|
|move|p2a: Alakazam|Focus Blast|p1a: Keldeo
|-damage|p1a: Keldeo|0 fnt
|faint|p1a: Keldeo
|
|upkeep
|
|switch|p1a: Jellicent|Jellicent, M|100/100
|turn|6
|
|switch|p2a: Keldeo|Keldeo|100/100
|-damage|p2a: Keldeo|94/100|[from] Stealth Rock
|move|p1a: Jellicent|Scald|p2a: Keldeo
|-resisted|p2a: Keldeo
|-damage|p2a: Keldeo|79/100
|
|upkeep
|turn|7
|
|move|p2a: Keldeo|Hidden Power|p1a: Jellicent
|-supereffective|p1a: Jellicent
|-damage|p1a: Jellicent|42/100
|move|p1a: Jellicent|Will-O-Wisp|p2a: Keldeo
|-status|p2a: Keldeo|brn
|
|-heal|p1a: Jellicent|49/100|[from] item: Leftovers
|-damage|p2a: Keldeo|67/100 brn|[from] brn
|upkeep
|turn|8
|
|switch|p2a: Mamoswine|Mamoswine, F|100/100
|-damage|p2a: Mamoswine|88/100|[from] Stealth Rock
|switch|p1a: Thundurus|Thundurus-Therian, M|100/100
|
|upkeep
|turn|9
|
|switch|p1a: Skarmory|Skarmory, F|78/100
|move|p2a: Mamoswine|Ice Shard|p1a: Skarmory
|-damage|p1a: Skarmory|53/100
|-damage|p2a: Mamoswine|78/100|[from] item: Life Orb
|
|upkeep
|turn|10
|
|move|p2a: Mamoswine|Stealth Rock|p1a: Skarmory
|-sidestart|p1: Tokyo Tower|move: Stealth Rock
|move|p1a: Skarmory|Spikes|p2a: Mamoswine
|-sidestart|p2: exodia-mdz|Spikes
|
|upkeep
|turn|11
|
|move|p2a: Mamoswine|Icicle Spear|p1a: Skarmory
|-damage|p1a: Skarmory|39/100
|-damage|p1a: Skarmory|22/100
|-damage|p1a: Skarmory|6/100
|-damage|p1a: Skarmory|0 fnt
|-hitcount|p1a: Skarmory|4
|-damage|p2a: Mamoswine|68/100|[from] item: Life Orb
|faint|p1a: Skarmory
|
|upkeep
|
|switch|p1a: Excadrill|Excadrill, F|100/100
|-damage|p1a: Excadrill|97/100|[from] Stealth Rock
|-ability|p1a: Excadrill|Mold Breaker
|turn|12
|
|switch|p2a: Skarmory|Skarmory, M|100/100
|-damage|p2a: Skarmory|88/100|[from] Stealth Rock
|move|p1a: Excadrill|Iron Head|p2a: Skarmory
|-resisted|p2a: Skarmory
|-damage|p2a: Skarmory|70/100
|
|upkeep
|turn|13
|
|switch|p1a: Thundurus|Thundurus-Therian, M|100/100
|-damage|p1a: Thundurus|76/100|[from] Stealth Rock
|switch|p2a: Alakazam|Alakazam, M|100/100
|
|-heal|p1a: Thundurus|82/100|[from] item: Leftovers
|upkeep
|turn|14
|
|switch|p2a: Mamoswine|Mamoswine, F|68/100
|-damage|p2a: Mamoswine|56/100|[from] Spikes
|-damage|p2a: Mamoswine|43/100|[from] Stealth Rock
|move|p1a: Thundurus|Thunderbolt|p2a: Mamoswine
|-immune|p2a: Mamoswine
|
|-heal|p1a: Thundurus|88/100|[from] item: Leftovers
|upkeep
|turn|15
|
|switch|p1a: Jellicent|Jellicent, M|49/100
|-damage|p1a: Jellicent|36/100|[from] Stealth Rock
|move|p2a: Mamoswine|Ice Shard|p1a: Jellicent
|-resisted|p1a: Jellicent
|-damage|p1a: Jellicent|24/100
|-damage|p2a: Mamoswine|33/100|[from] item: Life Orb
|
|-heal|p1a: Jellicent|31/100|[from] item: Leftovers
|upkeep
|turn|16
|j| sefyhhh
|
|move|p2a: Mamoswine|Earthquake|p1a: Jellicent
|-damage|p1a: Jellicent|0 fnt
|-damage|p2a: Mamoswine|23/100|[from] item: Life Orb
|faint|p1a: Jellicent
|
|upkeep
|
|switch|p1a: Excadrill|Excadrill, F|97/100
|-damage|p1a: Excadrill|94/100|[from] Stealth Rock
|-ability|p1a: Excadrill|Mold Breaker
|turn|17
|
|switch|p2a: Skarmory|Skarmory, M|70/100
|-damage|p2a: Skarmory|57/100|[from] Stealth Rock
|move|p1a: Excadrill|Iron Head|p2a: Skarmory
|-resisted|p2a: Skarmory
|-damage|p2a: Skarmory|38/100
|
|upkeep
|turn|18
|
|switch|p1a: Thundurus|Thundurus-Therian, M|88/100
|-damage|p1a: Thundurus|63/100|[from] Stealth Rock
|move|p2a: Skarmory|Roost|p2a: Skarmory
|-heal|p2a: Skarmory|88/100
|-singleturn|p2a: Skarmory|move: Roost
|
|-heal|p1a: Thundurus|69/100|[from] item: Leftovers
|upkeep
|turn|19
|
|switch|p2a: Mamoswine|Mamoswine, F|23/100
|-damage|p2a: Mamoswine|11/100|[from] Stealth Rock
|-damage|p2a: Mamoswine|0 fnt|[from] Spikes
|faint|p2a: Mamoswine
|move|p1a: Thundurus|Focus Blast|p2: Mamoswine|[notarget]
|-fail|p1a: Thundurus
|
|-heal|p1a: Thundurus|75/100|[from] item: Leftovers
|upkeep
|
|switch|p2a: Keldeo|Keldeo|67/100 brn
|-damage|p2a: Keldeo|61/100 brn|[from] Stealth Rock
|-damage|p2a: Keldeo|48/100 brn|[from] Spikes
|turn|20
|l| sefyhhh
|
|move|p2a: Keldeo|Hydro Pump|p1a: Thundurus
|-damage|p1a: Thundurus|0 fnt
|faint|p1a: Thundurus
|
|-damage|p2a: Keldeo|36/100 brn|[from] brn
|upkeep
|
|switch|p1a: Latios|Latios, M|100/100
|-damage|p1a: Latios|88/100|[from] Stealth Rock
|turn|21
|
|move|p1a: Latios|Dragon Dance|p1a: Latios
|-boost|p1a: Latios|atk|1
|-boost|p1a: Latios|spe|1
|move|p2a: Keldeo|Hydro Pump|p1a: Latios
|-resisted|p1a: Latios
|-damage|p1a: Latios|32/100
|
|-damage|p2a: Keldeo|24/100 brn|[from] brn
|upkeep
|turn|22
|
|move|p1a: Latios|Earthquake|p2a: Keldeo
|-enditem|p1a: Latios|Ground Gem|[from] gem
|-damage|p2a: Keldeo|0 fnt
|faint|p2a: Keldeo
|
|upkeep
|
|switch|p2a: Alakazam|Alakazam, M|100/100
|turn|23
|
|move|p1a: Latios|Outrage|p2a: Alakazam
|-enditem|p2a: Alakazam|Focus Sash
|-damage|p2a: Alakazam|1/100
|move|p2a: Alakazam|Shadow Ball|p1a: Latios
|-supereffective|p1a: Latios
|-damage|p1a: Latios|0 fnt
|faint|p1a: Latios
|
|upkeep
|
|switch|p1a: Excadrill|Excadrill, F|94/100
|-damage|p1a: Excadrill|91/100|[from] Stealth Rock
|-ability|p1a: Excadrill|Mold Breaker
|turn|24
|
|move|p1a: Excadrill|Rock Slide|p2a: Alakazam|[miss]
|-miss|p1a: Excadrill|p2a: Alakazam
|move|p2a: Alakazam|Focus Blast|p1a: Excadrill|[miss]
|-miss|p2a: Alakazam|p1a: Excadrill
|
|upkeep
|turn|25
|
|move|p1a: Excadrill|Rock Slide|p2a: Alakazam
|-damage|p2a: Alakazam|0 fnt
|faint|p2a: Alakazam
|
|upkeep
|
|switch|p2a: Skarmory|Skarmory, M|88/100
|-damage|p2a: Skarmory|76/100|[from] Stealth Rock
|turn|26
|
|move|p1a: Excadrill|Rock Slide|p2a: Skarmory
|-damage|p2a: Skarmory|55/100
|move|p2a: Skarmory|Roost|p2a: Skarmory
|-heal|p2a: Skarmory|100/100
|-singleturn|p2a: Skarmory|move: Roost
|
|upkeep
|turn|27
|
|move|p1a: Excadrill|Rock Slide|p2a: Skarmory
|-damage|p2a: Skarmory|77/100
|move|p2a: Skarmory|Brave Bird|p1a: Excadrill
|-resisted|p1a: Excadrill
|-damage|p1a: Excadrill|66/100
|-damage|p2a: Skarmory|68/100|[from] Recoil
|
|upkeep
|turn|28
|
|move|p1a: Excadrill|Rock Slide|p2a: Skarmory
|-damage|p2a: Skarmory|45/100
|move|p2a: Skarmory|Roost|p2a: Skarmory
|-heal|p2a: Skarmory|95/100
|-singleturn|p2a: Skarmory|move: Roost
|
|upkeep
|turn|29
|
|move|p1a: Excadrill|Rock Slide|p2a: Skarmory|[miss]
|-miss|p1a: Excadrill|p2a: Skarmory
|move|p2a: Skarmory|Roost|p2a: Skarmory
|-heal|p2a: Skarmory|100/100
|-singleturn|p2a: Skarmory|move: Roost
|
|upkeep
|turn|30
|-message|Tokyo Tower forfeited.
|
|win|exodia-mdz
|l|☆Tokyo Tower
|raw|Tokyo Tower's rating: 1379 &rarr; <strong>1358</strong><br />(-21 for losing)
|raw|exodia-mdz's rating: 1363 &rarr; <strong>1384</strong><br />(+21 for winning)
|j| Dunst
