|j|☆Icequake
|j|☆mixniite
|t:|1714243691
|gametype|singles
|player|p1|Icequake|ingo|1441
|player|p2|mixniite|janitor|1363
|teamsize|p1|6
|teamsize|p2|6
|gen|5
|tier|[Gen 5] OU
|rated|
|rule|Species Clause: Limit one of each Pokémon
|rule|OHKO Clause: OHKO moves are banned
|rule|Moody Clause: Moody is banned
|rule|Evasion Items Clause: Evasion items are banned
|rule|Evasion Moves Clause: Evasion moves are banned
|rule|Endless Battle Clause: Forcing endless battles is banned
|rule|HP Percentage Mod: HP is shown in percentages
|rule|Evasion Abilities Clause: Evasion abilities are banned
|rule|Sleep Moves Clause: Sleep-inducing moves are banned
|rule|Swagger Clause: Swagger is banned
|rule|Baton Pass Stat Clause: No Baton Passer may have a way to boost its stats
|clearpoke
|poke|p1|Tyranitar, F|item
|poke|p1|Heracross, M|item
|poke|p1|Garchomp, M|item
|poke|p1|Excadrill, F|item
|poke|p1|Reuniclus, M|item
|poke|p1|Rotom-Wash|item
|poke|p2|Ferrothorn, F|item
|poke|p2|Excadrill, F|item
|poke|p2|Politoed, M|item
|poke|p2|Dragonite, M|item
|poke|p2|Gengar, F|item
|poke|p2|Gyarados, F|item
|teampreview
|inactive|Battle timer is ON: inactive players will automatically lose when time's up. (requested by mixniite)
|
|t:|1714243720
|start
|switch|p1a: Heaven Knows|Rotom-Wash|100/100
|switch|p2a: camera obscura|Gengar, F, shiny|100/100
|turn|1
|
|t:|1714243729
|move|p2a: camera obscura|Will-O-Wisp|p1a: Heaven Knows
|-status|p1a: Heaven Knows|brn
|move|p1a: Heaven Knows|Volt Switch|p2a: camera obscura
|-damage|p2a: camera obscura|56/100
|
|t:|1714243745
|switch|p1a: Dead Machine|Heracross, M|100/100|[from] Volt Switch
|
|-heal|p2a: camera obscura|62/100|[from] item: Black Sludge
|upkeep
|turn|2
|
|t:|1714243752
|move|p2a: camera obscura|Protect|p2a: camera obscura
|-singleturn|p2a: camera obscura|Protect
|move|p1a: Dead Machine|Stone Edge|p2a: camera obscura
|-activate|p2a: camera obscura|move: Protect
|
|-heal|p2a: camera obscura|68/100|[from] item: Black Sludge
|upkeep
|turn|3
|
|t:|1714243763
|switch|p2a: the big red one|Gyarados, F, shiny|100/100
|-ability|p2a: the big red one|Intimidate|boost
|-unboost|p1a: Dead Machine|atk|1
|move|p1a: Dead Machine|Stone Edge|p2a: the big red one|[miss]
|-miss|p1a: Dead Machine|p2a: the big red one
|
|upkeep
|turn|4
|
|t:|1714243773
|move|p2a: the big red one|Dragon Dance|p2a: the big red one
|-boost|p2a: the big red one|atk|1
|-boost|p2a: the big red one|spe|1
|move|p1a: Dead Machine|Stone Edge|p2a: the big red one
|-supereffective|p2a: the big red one
|-damage|p2a: the big red one|10/100
|-enditem|p2a: the big red one|Liechi Berry|[eat]
|-boost|p2a: the big red one|atk|1|[from] item: Liechi Berry
|
|upkeep
|turn|5
|
|t:|1714243789
|switch|p1a: Torches|Garchomp, M|100/100
|move|p2a: the big red one|Aqua Tail|p1a: Torches
|-damage|p1a: Torches|10/100
|-damage|p2a: the big red one|0 fnt|[from] ability: Rough Skin|[of] p1a: Torches
|faint|p2a: the big red one
|
|upkeep
|
|t:|1714243795
|switch|p2a: camera obscura|Gengar, F, shiny|68/100
|turn|6
|
|t:|1714243799
|move|p2a: camera obscura|Protect|p2a: camera obscura
|-singleturn|p2a: camera obscura|Protect
|move|p1a: Torches|Dual Chop|p2a: camera obscura
|-activate|p2a: camera obscura|move: Protect
|
|-heal|p2a: camera obscura|74/100|[from] item: Black Sludge
|upkeep
|turn|7
|
|t:|1714243804
|switch|p1a: Dead Machine|Heracross, M|100/100
|switch|p2a: van darkholme|Ferrothorn, F|100/100
|
|upkeep
|turn|8
|
|t:|1714243808
|switch|p2a: camera obscura|Gengar, F, shiny|74/100
|move|p1a: Dead Machine|Close Combat|p2a: camera obscura
|-immune|p2a: camera obscura
|
|-heal|p2a: camera obscura|80/100|[from] item: Black Sludge
|upkeep
|turn|9
|
|t:|1714243813
|switch|p1a: Heaven Knows|Rotom-Wash|100/100 brn
|move|p2a: camera obscura|Shadow Ball|p1a: Heaven Knows
|-damage|p1a: Heaven Knows|68/100 brn
|
|-heal|p2a: camera obscura|86/100|[from] item: Black Sludge
|-heal|p1a: Heaven Knows|74/100 brn|[from] item: Leftovers
|-damage|p1a: Heaven Knows|62/100 brn|[from] brn
|upkeep
|turn|10
|
|t:|1714243816
|move|p2a: camera obscura|Protect|p2a: camera obscura
|-singleturn|p2a: camera obscura|Protect
|move|p1a: Heaven Knows|Pain Split|p2a: camera obscura
|-activate|p2a: camera obscura|move: Protect
|
|-heal|p2a: camera obscura|92/100|[from] item: Black Sludge
|-heal|p1a: Heaven Knows|68/100 brn|[from] item: Leftovers
|-damage|p1a: Heaven Knows|55/100 brn|[from] brn
|upkeep
|turn|11
|inactive|mixniite has 120 seconds left.
|inactive|mixniite has 90 seconds left.
|
|t:|1714243878
|move|p2a: camera obscura|Shadow Ball|p1a: Heaven Knows
|-damage|p1a: Heaven Knows|25/100 brn
|move|p1a: Heaven Knows|Will-O-Wisp|p2a: camera obscura
|-status|p2a: camera obscura|brn
|
|-heal|p2a: camera obscura|99/100 brn|[from] item: Black Sludge
|-heal|p1a: Heaven Knows|31/100 brn|[from] item: Leftovers
|-damage|p2a: camera obscura|86/100 brn|[from] brn
|-damage|p1a: Heaven Knows|18/100 brn|[from] brn
|upkeep
|turn|12
|
|t:|1714243886
|switch|p1a: Insignificance|Tyranitar, F|100/100
|-weather|Sandstorm|[from] ability: Sand Stream|[of] p1a: Insignificance
|move|p2a: camera obscura|Shadow Ball|p1a: Insignificance
|-resisted|p1a: Insignificance
|-damage|p1a: Insignificance|92/100
|
|-weather|Sandstorm|[upkeep]
|-damage|p2a: camera obscura|80/100 brn|[from] Sandstorm
|-heal|p2a: camera obscura|86/100 brn|[from] item: Black Sludge
|-damage|p2a: camera obscura|74/100 brn|[from] brn
|upkeep
|turn|13
|
|t:|1714243895
|move|p2a: camera obscura|Will-O-Wisp|p1a: Insignificance
|-status|p1a: Insignificance|brn
|move|p1a: Insignificance|Stealth Rock|p2a: camera obscura
|-sidestart|p2: mixniite|move: Stealth Rock
|
|-weather|Sandstorm|[upkeep]
|-damage|p2a: camera obscura|68/100 brn|[from] Sandstorm
|-heal|p2a: camera obscura|74/100 brn|[from] item: Black Sludge
|-damage|p2a: camera obscura|62/100 brn|[from] brn
|-damage|p1a: Insignificance|80/100 brn|[from] brn
|upkeep
|turn|14
|
|t:|1714243903
|move|p2a: camera obscura|Protect|p2a: camera obscura
|-singleturn|p2a: camera obscura|Protect
|move|p1a: Insignificance|Fire Blast|p2a: camera obscura
|-activate|p2a: camera obscura|move: Protect
|
|-weather|Sandstorm|[upkeep]
|-damage|p2a: camera obscura|56/100 brn|[from] Sandstorm
|-heal|p2a: camera obscura|62/100 brn|[from] item: Black Sludge
|-damage|p2a: camera obscura|50/100 brn|[from] brn
|-damage|p1a: Insignificance|67/100 brn|[from] brn
|upkeep
|turn|15
|
|t:|1714243908
|move|p2a: camera obscura|Focus Blast|p1a: Insignificance|[miss]
|-miss|p2a: camera obscura|p1a: Insignificance
|move|p1a: Insignificance|Fire Blast|p2a: camera obscura
|-damage|p2a: camera obscura|9/100 brn
|
|-weather|Sandstorm|[upkeep]
|-damage|p2a: camera obscura|3/100 brn|[from] Sandstorm
|-heal|p2a: camera obscura|9/100 brn|[from] item: Black Sludge
|-damage|p2a: camera obscura|0 fnt|[from] brn
|faint|p2a: camera obscura
|-damage|p1a: Insignificance|55/100 brn|[from] brn
|upkeep
|inactive|mixniite has 120 seconds left.
|
|t:|1714243914
|switch|p2a: mister bubbles|Excadrill, F|100/100
|-damage|p2a: mister bubbles|97/100|[from] Stealth Rock
|-ability|p2a: mister bubbles|Mold Breaker
|turn|16
|
|t:|1714243919
|switch|p1a: Torches|Garchomp, M|10/100
|move|p2a: mister bubbles|Rapid Spin|p1a: Torches
|-damage|p1a: Torches|4/100
|-damage|p2a: mister bubbles|85/100|[from] ability: Rough Skin|[of] p1a: Torches
|-sideend|p2: mixniite|Stealth Rock|[from] move: Rapid Spin|[of] p2a: mister bubbles
|
|-weather|Sandstorm|[upkeep]
|-heal|p2a: mister bubbles|91/100|[from] item: Leftovers
|upkeep
|turn|17
|
|t:|1714243936
|switch|p2a: van darkholme|Ferrothorn, F|100/100
|move|p1a: Torches|Earthquake|p2a: van darkholme
|-damage|p2a: van darkholme|59/100
|
|-weather|Sandstorm|[upkeep]
|upkeep
|turn|18
|
|t:|1714243957
|switch|p1a: Dead Machine|Heracross, M|100/100
|move|p2a: van darkholme|Stealth Rock|p1a: Dead Machine
|-sidestart|p1: Icequake|move: Stealth Rock
|
|-weather|Sandstorm|[upkeep]
|-damage|p1a: Dead Machine|95/100|[from] Sandstorm
|upkeep
|turn|19
|
|t:|1714243964
|move|p1a: Dead Machine|Close Combat|p2a: van darkholme
|-supereffective|p2a: van darkholme
|-enditem|p2a: van darkholme|Chople Berry|[eat]
|-enditem|p2a: van darkholme|Chople Berry|[weaken]
|-damage|p2a: van darkholme|0 fnt
|-unboost|p1a: Dead Machine|def|1
|-unboost|p1a: Dead Machine|spd|1
|-damage|p1a: Dead Machine|82/100|[from] ability: Iron Barbs|[of] p2a: van darkholme
|faint|p2a: van darkholme
|
|-weather|Sandstorm|[upkeep]
|-damage|p1a: Dead Machine|76/100|[from] Sandstorm
|upkeep
|inactive|mixniite has 120 seconds left.
|
|t:|1714244002
|switch|p2a: blackmore|Politoed, M|100/100
|-weather|RainDance|[from] ability: Drizzle|[of] p2a: blackmore
|turn|20
|
|t:|1714244012
|move|p2a: blackmore|Psychic|p1a: Dead Machine
|-supereffective|p1a: Dead Machine
|-damage|p1a: Dead Machine|0 fnt
|faint|p1a: Dead Machine
|
|-weather|RainDance|[upkeep]
|upkeep
|
|t:|1714244035
|switch|p1a: Insignificance|Tyranitar, F|55/100 brn
|-damage|p1a: Insignificance|43/100 brn|[from] Stealth Rock
|-weather|Sandstorm|[from] ability: Sand Stream|[of] p1a: Insignificance
|turn|21
|
|t:|1714244047
|switch|p2a: mister bubbles|Excadrill, F|91/100
|-ability|p2a: mister bubbles|Mold Breaker
|move|p1a: Insignificance|Fire Blast|p2a: mister bubbles|[miss]
|-miss|p1a: Insignificance|p2a: mister bubbles
|
|-weather|Sandstorm|[upkeep]
|-heal|p2a: mister bubbles|97/100|[from] item: Leftovers
|-damage|p1a: Insignificance|30/100 brn|[from] brn
|upkeep
|turn|22
|
|t:|1714244058
|switch|p1a: Heaven Knows|Rotom-Wash|18/100 brn
|-damage|p1a: Heaven Knows|6/100 brn|[from] Stealth Rock
|move|p2a: mister bubbles|Earthquake|p1a: Heaven Knows
|-supereffective|p1a: Heaven Knows
|-damage|p1a: Heaven Knows|0 fnt
|faint|p1a: Heaven Knows
|
|-weather|Sandstorm|[upkeep]
|-heal|p2a: mister bubbles|100/100|[from] item: Leftovers
|upkeep
|
|t:|1714244065
|switch|p1a: Darkside|Excadrill, F|100/100
|-damage|p1a: Darkside|97/100|[from] Stealth Rock
|-ability|p1a: Darkside|Mold Breaker
|turn|23
|
|t:|1714244069
|switch|p2a: blackmore|Politoed, M|100/100
|-weather|RainDance|[from] ability: Drizzle|[of] p2a: blackmore
|move|p1a: Darkside|Earthquake|p2a: blackmore
|-damage|p2a: blackmore|22/100
|
|-weather|RainDance|[upkeep]
|-heal|p1a: Darkside|100/100|[from] item: Leftovers
|upkeep
|turn|24
|
|t:|1714244076
|switch|p1a: Insignificance|Tyranitar, F|30/100 brn
|-damage|p1a: Insignificance|18/100 brn|[from] Stealth Rock
|-weather|Sandstorm|[from] ability: Sand Stream|[of] p1a: Insignificance
|move|p2a: blackmore|Hydro Pump|p1a: Insignificance
|-supereffective|p1a: Insignificance
|-damage|p1a: Insignificance|0 fnt
|faint|p1a: Insignificance
|
|-weather|Sandstorm|[upkeep]
|-damage|p2a: blackmore|16/100|[from] Sandstorm
|upkeep
|
|t:|1714244086
|switch|p1a: Like the Angel|Reuniclus, M|100/100
|turn|25
|
|t:|1714244103
|switch|p2a: mister bubbles|Excadrill, F|100/100
|-ability|p2a: mister bubbles|Mold Breaker
|move|p1a: Like the Angel|Hidden Power|p2a: mister bubbles
|-damage|p2a: mister bubbles|86/100
|
|-weather|Sandstorm|[upkeep]
|-heal|p2a: mister bubbles|93/100|[from] item: Leftovers
|upkeep
|turn|26
|inactive|mixniite has 120 seconds left.
|
|t:|1714244137
|switch|p1a: Torches|Garchomp, M|4/100
|-damage|p1a: Torches|0 fnt|[from] Stealth Rock
|faint|p1a: Torches
|move|p2a: mister bubbles|Swords Dance|p2a: mister bubbles
|-boost|p2a: mister bubbles|atk|2
|
|-weather|Sandstorm|[upkeep]
|-heal|p2a: mister bubbles|99/100|[from] item: Leftovers
|upkeep
|
|t:|1714244139
|switch|p1a: Darkside|Excadrill, F|100/100
|-damage|p1a: Darkside|97/100|[from] Stealth Rock
|-ability|p1a: Darkside|Mold Breaker
|turn|27
|
|t:|1714244145
|switch|p2a: blackmore|Politoed, M|16/100
|-weather|RainDance|[from] ability: Drizzle|[of] p2a: blackmore
|move|p1a: Darkside|Earthquake|p2a: blackmore
|-damage|p2a: blackmore|0 fnt
|faint|p2a: blackmore
|
|-weather|RainDance|[upkeep]
|-heal|p1a: Darkside|100/100|[from] item: Leftovers
|upkeep
|
|t:|1714244148
|switch|p2a: puck|Dragonite, M|100/100
|turn|28
|
|t:|1714244153
|move|p1a: Darkside|Iron Head|p2a: puck
|-damage|p2a: puck|47/100
|move|p2a: puck|Aqua Tail|p1a: Darkside
|-supereffective|p1a: Darkside
|-damage|p1a: Darkside|0 fnt
|faint|p1a: Darkside
|-damage|p2a: puck|37/100|[from] item: Life Orb
|
|-weather|RainDance|[upkeep]
|upkeep
|
|t:|1714244157
|switch|p1a: Like the Angel|Reuniclus, M|100/100
|turn|29
|
|t:|1714244163
|move|p2a: puck|Hurricane|p1a: Like the Angel
|-damage|p1a: Like the Angel|29/100
|-damage|p2a: puck|27/100|[from] item: Life Orb
|move|p1a: Like the Angel|Calm Mind|p1a: Like the Angel
|-boost|p1a: Like the Angel|spa|1
|-boost|p1a: Like the Angel|spd|1
|
|-weather|RainDance|[upkeep]
|-heal|p1a: Like the Angel|35/100|[from] item: Leftovers
|upkeep
|turn|30
|
|t:|1714244169
|move|p2a: puck|Hurricane|p1a: Like the Angel
|-damage|p1a: Like the Angel|0 fnt
|faint|p1a: Like the Angel
|-damage|p2a: puck|18/100|[from] item: Life Orb
|
|win|mixniite
|raw|Icequake's rating: 1441 &rarr; <strong>1417</strong><br />(-24 for losing)
|raw|mixniite's rating: 1363 &rarr; <strong>1387</strong><br />(+24 for winning)
|l|☆Icequake
|player|p1|
