|j|☆xR4gee
|j|☆HydreigonSpammer
|t:|1736657656
|gametype|singles
|player|p1|xR4gee|irida-masters|1314
|player|p2|HydreigonSpammer|iris|1315
|teamsize|p1|6
|teamsize|p2|6
|gen|5
|tier|[Gen 5] OU
|rated|
|rule|Species Clause: Limit one of each Pokémon
|rule|OHKO Clause: OHKO moves are banned
|rule|Moody Clause: Moody is banned
|rule|Evasion Items Clause: Evasion items are banned
|rule|Evasion Moves Clause: Evasion moves are banned
|rule|Endless Battle Clause: Forcing endless battles is banned
|rule|HP Percentage Mod: HP is shown in percentages
|rule|Evasion Abilities Clause: Evasion abilities are banned
|rule|Sleep Moves Clause: Sleep-inducing moves are banned
|rule|Swagger Clause: Swagger is banned
|rule|Baton Pass Stat Clause: No Baton Passer may have a way to boost its stats
|clearpoke
|poke|p1|Tyranitar, F|item
|poke|p1|Alakazam, F|item
|poke|p1|Latios, M|item
|poke|p1|Ferrothorn, M|item
|poke|p1|Keldeo|item
|poke|p1|Landorus-Therian, M|item
|poke|p2|Ferrothorn, M|item
|poke|p2|Landorus-Therian, M|item
|poke|p2|Tyranitar, M|item
|poke|p2|Hydreigon, F|item
|poke|p2|Rotom-Wash|item
|poke|p2|Latios, M|item
|teampreview
|
|t:|1736657668
|start
|switch|p1a: Latios|Latios, M|100/100
|switch|p2a: Rotom|Rotom-Wash|100/100
|turn|1
|
|t:|1736657679
|switch|p2a: Tyranitar|Tyranitar, M|100/100
|-weather|Sandstorm|[from] ability: Sand Stream|[of] p2a: Tyranitar
|move|p1a: Latios|Draco Meteor|p2a: Tyranitar
|-damage|p2a: Tyranitar|68/100
|-unboost|p1a: Latios|spa|2
|
|-weather|Sandstorm|[upkeep]
|-damage|p1a: Latios|95/100|[from] Sandstorm
|upkeep
|turn|2
|
|t:|1736657684
|move|p1a: Latios|Draco Meteor|p2a: Tyranitar
|-damage|p2a: Tyranitar|52/100
|-unboost|p1a: Latios|spa|2
|move|p2a: Tyranitar|Pursuit|p1a: Latios
|-supereffective|p1a: Latios
|-damage|p1a: Latios|48/100
|
|-weather|Sandstorm|[upkeep]
|-damage|p1a: Latios|42/100|[from] Sandstorm
|upkeep
|turn|3
|
|t:|1736657688
|move|p1a: Latios|Draco Meteor|p2a: Tyranitar
|-damage|p2a: Tyranitar|41/100
|-unboost|p1a: Latios|spa|2
|move|p2a: Tyranitar|Pursuit|p1a: Latios
|-supereffective|p1a: Latios
|-damage|p1a: Latios|0 fnt
|faint|p1a: Latios
|
|-weather|Sandstorm|[upkeep]
|upkeep
|
|t:|1736657692
|switch|p1a: Keldeo|Keldeo|100/100
|turn|4
|
|t:|1736657700
|move|p1a: Keldeo|Hidden Power|p2a: Tyranitar
|-crit|p2a: Tyranitar
|-damage|p2a: Tyranitar|20/100
|move|p2a: Tyranitar|Earthquake|p1a: Keldeo
|-crit|p1a: Keldeo
|-damage|p1a: Keldeo|32/100
|
|-weather|Sandstorm|[upkeep]
|-damage|p1a: Keldeo|26/100|[from] Sandstorm
|-heal|p1a: Keldeo|32/100|[from] item: Leftovers
|upkeep
|turn|5
|
|t:|1736657708
|move|p1a: Keldeo|Scald|p2a: Tyranitar
|-supereffective|p2a: Tyranitar
|-damage|p2a: Tyranitar|0 fnt
|faint|p2a: Tyranitar
|
|-weather|Sandstorm|[upkeep]
|-damage|p1a: Keldeo|26/100|[from] Sandstorm
|-heal|p1a: Keldeo|32/100|[from] item: Leftovers
|upkeep
|
|t:|1736657715
|switch|p2a: Rotom|Rotom-Wash|100/100
|turn|6
|
|t:|1736657722
|move|p1a: Keldeo|Secret Sword|p2a: Rotom
|-damage|p2a: Rotom|55/100
|move|p2a: Rotom|Volt Switch|p1a: Keldeo
|-supereffective|p1a: Keldeo
|-damage|p1a: Keldeo|0 fnt
|faint|p1a: Keldeo
|
|t:|1736657729
|switch|p2a: Landorus|Landorus-Therian, M|100/100|[from] Volt Switch
|
|-weather|Sandstorm|[upkeep]
|upkeep
|
|t:|1736657732
|switch|p1a: Ferrothorn|Ferrothorn, M|100/100
|turn|7
|
|t:|1736657735
|move|p2a: Landorus|Earthquake|p1a: Ferrothorn
|-damage|p1a: Ferrothorn|60/100
|move|p1a: Ferrothorn|Knock Off|p2a: Landorus
|-damage|p2a: Landorus|97/100
|-enditem|p2a: Landorus|Earth Plate|[from] move: Knock Off|[of] p1a: Ferrothorn
|
|-weather|Sandstorm|[upkeep]
|upkeep
|turn|8
|
|t:|1736657741
|move|p2a: Landorus|Stealth Rock|p1a: Ferrothorn
|-sidestart|p1: xR4gee|move: Stealth Rock
|move|p1a: Ferrothorn|Gyro Ball|p2a: Landorus
|-damage|p2a: Landorus|51/100
|
|-weather|Sandstorm|[upkeep]
|upkeep
|turn|9
|
|t:|1736657747
|move|p2a: Landorus|Earthquake|p1a: Ferrothorn
|-damage|p1a: Ferrothorn|29/100
|move|p1a: Ferrothorn|Gyro Ball|p2a: Landorus
|-damage|p2a: Landorus|1/100
|
|-weather|Sandstorm|[upkeep]
|upkeep
|turn|10
|
|t:|1736657752
|move|p2a: Landorus|Earthquake|p1a: Ferrothorn
|-damage|p1a: Ferrothorn|0 fnt
|faint|p1a: Ferrothorn
|
|-weather|Sandstorm|[upkeep]
|upkeep
|
|t:|1736657755
|switch|p1a: Alakazam|Alakazam, F|100/100
|turn|11
|
|t:|1736657760
|move|p1a: Alakazam|Hidden Power|p2a: Landorus
|-damage|p2a: Landorus|0 fnt
|faint|p2a: Landorus
|
|-weather|Sandstorm|[upkeep]
|upkeep
|
|t:|1736657789
|switch|p2a: Latios|Latios, M|100/100
|turn|12
|
|t:|1736657798
|move|p2a: Latios|Surf|p1a: Alakazam
|-damage|p1a: Alakazam|46/100
|move|p1a: Alakazam|Shadow Ball|p2a: Latios
|-supereffective|p2a: Latios
|-damage|p2a: Latios|30/100
|
|-weather|Sandstorm|[upkeep]
|-damage|p2a: Latios|24/100|[from] Sandstorm
|upkeep
|turn|13
|
|t:|1736657806
|switch|p2a: Rotom|Rotom-Wash|55/100
|move|p1a: Alakazam|Shadow Ball|p2a: Rotom
|-damage|p2a: Rotom|27/100
|
|-weather|Sandstorm|[upkeep]
|-damage|p2a: Rotom|21/100|[from] Sandstorm
|upkeep
|turn|14
|
|t:|1736657818
|move|p1a: Alakazam|Shadow Ball|p2a: Rotom
|-damage|p2a: Rotom|0 fnt
|faint|p2a: Rotom
|
|-weather|Sandstorm|[upkeep]
|upkeep
|
|t:|1736657825
|switch|p2a: Latios|Latios, M|24/100
|turn|15
|
|t:|1736657827
|switch|p1a: Tyranitar|Tyranitar, F|100/100
|-damage|p1a: Tyranitar|88/100|[from] Stealth Rock
|move|p2a: Latios|Surf|p1a: Tyranitar
|-supereffective|p1a: Tyranitar
|-damage|p1a: Tyranitar|58/100
|
|-weather|Sandstorm|[upkeep]
|-damage|p2a: Latios|18/100|[from] Sandstorm
|upkeep
|turn|16
|
|t:|1736657832
|move|p2a: Latios|Surf|p1a: Tyranitar
|-supereffective|p1a: Tyranitar
|-damage|p1a: Tyranitar|25/100
|move|p1a: Tyranitar|Pursuit|p2a: Latios
|-supereffective|p2a: Latios
|-damage|p2a: Latios|0 fnt
|faint|p2a: Latios
|
|-weather|Sandstorm|[upkeep]
|upkeep
|
|t:|1736657848
|switch|p2a: Hydreigon|Hydreigon, F, shiny|100/100
|turn|17
|
|t:|1736657856
|move|p2a: Hydreigon|Earthquake|p1a: Tyranitar
|-supereffective|p1a: Tyranitar
|-crit|p1a: Tyranitar
|-damage|p1a: Tyranitar|0 fnt
|faint|p1a: Tyranitar
|
|-weather|Sandstorm|[upkeep]
|-damage|p2a: Hydreigon|94/100|[from] Sandstorm
|upkeep
|
|t:|1736657859
|switch|p1a: Landorus|Landorus-Therian, M|100/100
|-damage|p1a: Landorus|88/100|[from] Stealth Rock
|-ability|p1a: Landorus|Intimidate|boost
|-unboost|p2a: Hydreigon|atk|1
|turn|18
|
|t:|1736657874
|move|p2a: Hydreigon|Draco Meteor|p1a: Landorus
|-crit|p1a: Landorus
|-damage|p1a: Landorus|0 fnt
|-unboost|p2a: Hydreigon|spa|2
|faint|p1a: Landorus
|
|-weather|Sandstorm|[upkeep]
|-damage|p2a: Hydreigon|88/100|[from] Sandstorm
|upkeep
|
|t:|1736657876
|switch|p1a: Alakazam|Alakazam, F|46/100
|turn|19
|
|t:|1736657886
|move|p1a: Alakazam|Psychic|p2a: Hydreigon
|-immune|p2a: Hydreigon
|move|p2a: Hydreigon|Dark Pulse|p1a: Alakazam
|-supereffective|p1a: Alakazam
|-damage|p1a: Alakazam|0 fnt
|faint|p1a: Alakazam
|
|win|HydreigonSpammer
|raw|xR4gee's rating: 1314 &rarr; <strong>1294</strong><br />(-20 for losing)
|raw|HydreigonSpammer's rating: 1315 &rarr; <strong>1335</strong><br />(+20 for winning)
|l|☆xR4gee
|player|p1|
|c|☆HydreigonSpammer|but focus blast?
