|j|☆CroCoeur
|j|☆HALOCENE
|player|p1|CroCoeur|blue|1357
|player|p2|HALOCENE|guitarist-gen4|1538
|teamsize|p1|6
|teamsize|p2|6
|gametype|singles
|gen|5
|tier|[Gen 5] OU
|rated|
|clearpoke
|poke|p1|Politoed, M|item
|poke|p1|Vaporeon, F|item
|poke|p1|Celebi|item
|poke|p1|Ferrothorn, M|item
|poke|p1|Latios, M|item
|poke|p1|Jirachi|item
|poke|p2|Tyranitar, M|item
|poke|p2|Landorus-Therian, M|item
|poke|p2|Terrakion|item
|poke|p2|Excadrill, F|item
|poke|p2|Breloom, M|item
|poke|p2|Rotom-Wash|item
|rule|Species Clause: Limit one of each Pokémon
|rule|OHKO Clause: OHKO moves are banned
|rule|Moody Clause: Moody is banned
|rule|Evasion Moves Clause: Evasion moves are banned
|rule|Endless Battle Clause: Forcing endless battles is banned
|rule|HP Percentage Mod: HP is shown in percentages
|rule|Evasion Abilities Clause: Evasion abilities are banned
|rule|Baton Pass Clause: Limit one Baton Passer, can't pass Spe and other stats simultaneously
|rule|Sleep Clause: Sleep-inducing moves are banned
|rule|Swagger Clause: Swagger is banned
|teampreview
|inactive|Battle timer is ON: inactive players will automatically lose when time's up. (requested by CroCoeur)
|
|start
|switch|p1a: Politoed|Politoed, M|100/100
|switch|p2a: Terrakion|Terrakion|100/100
|-weather|RainDance|[from] ability: Drizzle|[of] p1a: Politoed
|turn|1
|
|switch|p2a: Rotom|Rotom-Wash|100/100
|move|p1a: Politoed|Hydro Pump|p2a: Rotom
|-resisted|p2a: Rotom
|-damage|p2a: Rotom|72/100
|
|-weather|RainDance|[upkeep]
|-heal|p2a: Rotom|78/100|[from] item: Leftovers
|upkeep
|turn|2
|
|switch|p1a: Celebi|Celebi|100/100
|move|p2a: Rotom|Volt Switch|p1a: Celebi
|-resisted|p1a: Celebi
|-damage|p1a: Celebi|93/100
|
|switch|p2a: Landorus|Landorus-Therian, M|100/100|[from]move: Volt Switch
|-ability|p2a: Landorus|Intimidate|boost
|-unboost|p1a: Celebi|atk|1
|
|-weather|RainDance|[upkeep]
|-heal|p1a: Celebi|99/100|[from] item: Leftovers
|upkeep
|turn|3
|
|switch|p1a: Ferrothorn|Ferrothorn, M|100/100
|move|p2a: Landorus|U-turn|p1a: Ferrothorn
|-damage|p1a: Ferrothorn|85/100
|-damage|p2a: Landorus|88/100|[from] ability: Iron Barbs|[of] p1a: Ferrothorn
|
|switch|p2a: Terrakion|Terrakion|100/100|[from]move: U-turn
|
|-weather|RainDance|[upkeep]
|-heal|p1a: Ferrothorn|91/100|[from] item: Leftovers
|upkeep
|turn|4
|
|switch|p1a: Celebi|Celebi|99/100
|move|p2a: Terrakion|Close Combat|p1a: Celebi
|-resisted|p1a: Celebi
|-damage|p1a: Celebi|60/100
|-unboost|p2a: Terrakion|def|1
|-unboost|p2a: Terrakion|spd|1
|
|-weather|RainDance|[upkeep]
|-heal|p1a: Celebi|66/100|[from] item: Leftovers
|upkeep
|turn|5
|
|switch|p2a: Landorus|Landorus-Therian, M|88/100
|-ability|p2a: Landorus|Intimidate|boost
|-unboost|p1a: Celebi|atk|1
|move|p1a: Celebi|Giga Drain|p2a: Landorus
|-damage|p2a: Landorus|57/100
|-heal|p1a: Celebi|81/100|[from] drain|[of] p2a: Landorus
|
|-weather|RainDance|[upkeep]
|-heal|p1a: Celebi|87/100|[from] item: Leftovers
|upkeep
|turn|6
|
|switch|p1a: Ferrothorn|Ferrothorn, M|91/100
|move|p2a: Landorus|U-turn|p1a: Ferrothorn
|-damage|p1a: Ferrothorn|76/100
|-damage|p2a: Landorus|44/100|[from] ability: Iron Barbs|[of] p1a: Ferrothorn
|
|switch|p2a: Breloom|Breloom, M|100/100|[from]move: U-turn
|
|-weather|RainDance|[upkeep]
|-heal|p1a: Ferrothorn|82/100|[from] item: Leftovers
|-status|p2a: Breloom|tox|[from] item: Toxic Orb
|upkeep
|turn|7
|
|switch|p1a: Celebi|Celebi|87/100
|move|p2a: Breloom|Swords Dance|p2a: Breloom
|-boost|p2a: Breloom|atk|2
|
|-weather|RainDance|[upkeep]
|-heal|p1a: Celebi|94/100|[from] item: Leftovers
|upkeep
|turn|8
|
|move|p1a: Celebi|Psychic|p2a: Breloom
|-supereffective|p2a: Breloom
|-damage|p2a: Breloom|25/100 tox
|move|p2a: Breloom|Facade|p1a: Celebi
|-damage|p1a: Celebi|14/100
|
|-weather|RainDance|[upkeep]
|-heal|p1a: Celebi|20/100|[from] item: Leftovers
|-heal|p2a: Breloom|38/100 tox|[from] ability: Poison Heal
|upkeep
|turn|9
|
|switch|p2a: Tyranitar|Tyranitar, M|100/100
|-weather|Sandstorm|[from] ability: Sand Stream|[of] p2a: Tyranitar
|move|p1a: Celebi|Recover|p1a: Celebi
|-heal|p1a: Celebi|70/100
|
|-weather|Sandstorm|[upkeep]
|-damage|p1a: Celebi|64/100|[from] Sandstorm
|-heal|p1a: Celebi|70/100|[from] item: Leftovers
|upkeep
|turn|10
|
|move|p1a: Celebi|Giga Drain|p2a: Tyranitar
|-supereffective|p2a: Tyranitar
|-damage|p2a: Tyranitar|77/100
|-heal|p1a: Celebi|82/100|[from] drain|[of] p2a: Tyranitar
|move|p2a: Tyranitar|Crunch|p1a: Celebi
|-supereffective|p1a: Celebi
|-damage|p1a: Celebi|13/100
|
|-weather|Sandstorm|[upkeep]
|-damage|p1a: Celebi|7/100|[from] Sandstorm
|-heal|p1a: Celebi|13/100|[from] item: Leftovers
|upkeep
|turn|11
|
|-activate|p1a: Celebi|move: Pursuit
|move|p2a: Tyranitar|Pursuit|p1a: Celebi|[from]Pursuit
|-supereffective|p1a: Celebi
|-damage|p1a: Celebi|0 fnt
|-hint|A Pokemon can't switch between when it runs out of HP and when it faints
|faint|p1a: Celebi
|
|-weather|Sandstorm|[upkeep]
|upkeep
|
|switch|p1a: Ferrothorn|Ferrothorn, M|82/100
|turn|12
|
|move|p2a: Tyranitar|Fire Blast|p1a: Ferrothorn
|-supereffective|p1a: Ferrothorn
|-damage|p1a: Ferrothorn|5/100
|move|p1a: Ferrothorn|Power Whip|p2a: Tyranitar
|-supereffective|p2a: Tyranitar
|-damage|p2a: Tyranitar|19/100
|
|-weather|Sandstorm|[upkeep]
|-heal|p1a: Ferrothorn|11/100|[from] item: Leftovers
|upkeep
|turn|13
|j| BelgianWaffleZ_
|
|switch|p2a: Landorus|Landorus-Therian, M|44/100
|-ability|p2a: Landorus|Intimidate|boost
|-unboost|p1a: Ferrothorn|atk|1
|switch|p1a: Politoed|Politoed, M|100/100
|-weather|RainDance|[from] ability: Drizzle|[of] p1a: Politoed
|
|-weather|RainDance|[upkeep]
|upkeep
|turn|14
|
|switch|p1a: Ferrothorn|Ferrothorn, M|11/100
|move|p2a: Landorus|Stealth Rock|p1a: Ferrothorn
|-sidestart|p1: CroCoeur|move: Stealth Rock
|
|-weather|RainDance|[upkeep]
|-heal|p1a: Ferrothorn|17/100|[from] item: Leftovers
|upkeep
|turn|15
|
|move|p2a: Landorus|Earthquake|p1a: Ferrothorn
|-damage|p1a: Ferrothorn|0 fnt
|faint|p1a: Ferrothorn
|
|-weather|RainDance|[upkeep]
|upkeep
|
|switch|p1a: Jirachi|Jirachi|100/100
|-damage|p1a: Jirachi|94/100|[from] Stealth Rock
|turn|16
|
|switch|p2a: Tyranitar|Tyranitar, M|19/100
|-weather|Sandstorm|[from] ability: Sand Stream|[of] p2a: Tyranitar
|move|p1a: Jirachi|Water Pulse|p2a: Tyranitar
|-supereffective|p2a: Tyranitar
|-damage|p2a: Tyranitar|5/100
|-start|p2a: Tyranitar|confusion
|
|-weather|Sandstorm|[upkeep]
|-heal|p1a: Jirachi|100/100|[from] item: Leftovers
|upkeep
|turn|17
|
|switch|p2a: Breloom|Breloom, M|38/100 tox
|move|p1a: Jirachi|Water Pulse|p2a: Breloom
|-resisted|p2a: Breloom
|-crit|p2a: Breloom
|-damage|p2a: Breloom|22/100 tox
|
|-weather|Sandstorm|[upkeep]
|-damage|p2a: Breloom|16/100 tox|[from] Sandstorm
|-heal|p2a: Breloom|28/100 tox|[from] ability: Poison Heal
|upkeep
|turn|18
|
|move|p1a: Jirachi|Water Pulse|p2a: Breloom
|-resisted|p2a: Breloom
|-damage|p2a: Breloom|20/100 tox
|move|p2a: Breloom|Drain Punch|p1a: Jirachi
|-damage|p1a: Jirachi|69/100
|-heal|p2a: Breloom|40/100 tox|[from] drain|[of] p1a: Jirachi
|
|-weather|Sandstorm|[upkeep]
|-damage|p2a: Breloom|33/100 tox|[from] Sandstorm
|-heal|p1a: Jirachi|75/100|[from] item: Leftovers
|-heal|p2a: Breloom|46/100 tox|[from] ability: Poison Heal
|upkeep
|turn|19
|
|move|p1a: Jirachi|Water Pulse|p2a: Breloom
|-resisted|p2a: Breloom
|-damage|p2a: Breloom|37/100 tox
|-start|p2a: Breloom|confusion
|-activate|p2a: Breloom|confusion
|move|p2a: Breloom|Swords Dance|p2a: Breloom
|-boost|p2a: Breloom|atk|2
|
|-weather|Sandstorm|[upkeep]
|-damage|p2a: Breloom|31/100 tox|[from] Sandstorm
|-heal|p1a: Jirachi|81/100|[from] item: Leftovers
|-heal|p2a: Breloom|43/100 tox|[from] ability: Poison Heal
|upkeep
|turn|20
|
|move|p1a: Jirachi|Substitute|p1a: Jirachi
|-start|p1a: Jirachi|Substitute
|-damage|p1a: Jirachi|56/100
|-activate|p2a: Breloom|confusion
|-damage|p2a: Breloom|10/100 tox|[from] confusion
|
|-weather|Sandstorm|[upkeep]
|-damage|p2a: Breloom|4/100 tox|[from] Sandstorm
|-heal|p1a: Jirachi|63/100|[from] item: Leftovers
|-heal|p2a: Breloom|16/100 tox|[from] ability: Poison Heal
|upkeep
|turn|21
|
|move|p1a: Jirachi|Calm Mind|p1a: Jirachi
|-boost|p1a: Jirachi|spa|1
|-boost|p1a: Jirachi|spd|1
|-activate|p2a: Breloom|confusion
|-damage|p2a: Breloom|0 fnt|[from] confusion
|faint|p2a: Breloom
|
|-weather|Sandstorm|[upkeep]
|-heal|p1a: Jirachi|69/100|[from] item: Leftovers
|upkeep
|
|switch|p2a: Excadrill|Excadrill, F|100/100
|turn|22
|
|move|p1a: Jirachi|Water Pulse|p2a: Excadrill
|-supereffective|p2a: Excadrill
|-damage|p2a: Excadrill|43/100
|move|p2a: Excadrill|Earthquake|p1a: Jirachi
|-supereffective|p1a: Jirachi
|-end|p1a: Jirachi|Substitute
|
|-weather|Sandstorm|[upkeep]
|-heal|p1a: Jirachi|75/100|[from] item: Leftovers
|-heal|p2a: Excadrill|49/100|[from] item: Leftovers
|upkeep
|turn|23
|
|move|p1a: Jirachi|Water Pulse|p2a: Excadrill
|-supereffective|p2a: Excadrill
|-damage|p2a: Excadrill|0 fnt
|faint|p2a: Excadrill
|
|-weather|Sandstorm|[upkeep]
|-heal|p1a: Jirachi|81/100|[from] item: Leftovers
|upkeep
|
|switch|p2a: Terrakion|Terrakion|100/100
|turn|24
|inactive|CroCoeur has 120 seconds left.
|
|switch|p1a: Vaporeon|Vaporeon, F|100/100
|-damage|p1a: Vaporeon|88/100|[from] Stealth Rock
|move|p2a: Terrakion|Close Combat|p1a: Vaporeon
|-damage|p1a: Vaporeon|0 fnt
|-unboost|p2a: Terrakion|def|1
|-unboost|p2a: Terrakion|spd|1
|faint|p1a: Vaporeon
|
|-weather|Sandstorm|[upkeep]
|upkeep
|
|switch|p1a: Politoed|Politoed, M|100/100
|-damage|p1a: Politoed|88/100|[from] Stealth Rock
|-weather|RainDance|[from] ability: Drizzle|[of] p1a: Politoed
|turn|25
|
|switch|p1a: Latios|Latios, M|100/100
|-damage|p1a: Latios|88/100|[from] Stealth Rock
|switch|p2a: Rotom|Rotom-Wash|78/100
|
|-weather|RainDance|[upkeep]
|-heal|p2a: Rotom|84/100|[from] item: Leftovers
|upkeep
|turn|26
|
|switch|p2a: Landorus|Landorus-Therian, M|44/100
|-ability|p2a: Landorus|Intimidate|boost
|-unboost|p1a: Latios|atk|1
|move|p1a: Latios|Draco Meteor|p2a: Landorus
|-damage|p2a: Landorus|0 fnt
|-unboost|p1a: Latios|spa|2
|faint|p2a: Landorus
|
|-weather|RainDance|[upkeep]
|upkeep
|
|switch|p2a: Tyranitar|Tyranitar, M|5/100
|-weather|Sandstorm|[from] ability: Sand Stream|[of] p2a: Tyranitar
|turn|27
|inactive|CroCoeur has 120 seconds left.
|-enditem|p2a: Tyranitar|Custap Berry|[eat]
|-activate|p2a: Tyranitar|item: Custap Berry|[consumed]
|
|move|p2a: Tyranitar|Crunch|p1a: Latios
|-supereffective|p1a: Latios
|-damage|p1a: Latios|0 fnt
|faint|p1a: Latios
|
|-weather|Sandstorm|[upkeep]
|upkeep
|inactive|CroCoeur has 120 seconds left.
|
|switch|p1a: Politoed|Politoed, M|88/100
|-damage|p1a: Politoed|76/100|[from] Stealth Rock
|-weather|RainDance|[from] ability: Drizzle|[of] p1a: Politoed
|turn|28
|
|switch|p2a: Rotom|Rotom-Wash|84/100
|move|p1a: Politoed|Hydro Pump|p2a: Rotom
|-resisted|p2a: Rotom
|-damage|p2a: Rotom|55/100
|
|-weather|RainDance|[upkeep]
|-heal|p2a: Rotom|61/100|[from] item: Leftovers
|upkeep
|turn|29
|
|move|p1a: Politoed|Hydro Pump|p2a: Rotom
|-resisted|p2a: Rotom
|-damage|p2a: Rotom|34/100
|move|p2a: Rotom|Volt Switch|p1a: Politoed
|-supereffective|p1a: Politoed
|-damage|p1a: Politoed|20/100
|
|switch|p2a: Tyranitar|Tyranitar, M|5/100|[from]move: Volt Switch
|-weather|Sandstorm|[from] ability: Sand Stream|[of] p2a: Tyranitar
|
|-weather|Sandstorm|[upkeep]
|-damage|p1a: Politoed|14/100|[from] Sandstorm
|upkeep
|turn|30
|
|move|p1a: Politoed|Hydro Pump|p2a: Tyranitar
|-supereffective|p2a: Tyranitar
|-damage|p2a: Tyranitar|0 fnt
|faint|p2a: Tyranitar
|
|-weather|Sandstorm|[upkeep]
|-damage|p1a: Politoed|7/100|[from] Sandstorm
|upkeep
|
|switch|p2a: Terrakion|Terrakion|100/100
|turn|31
|
|move|p1a: Politoed|Hydro Pump|p2a: Terrakion
|-supereffective|p2a: Terrakion
|-damage|p2a: Terrakion|22/100
|move|p2a: Terrakion|Close Combat|p1a: Politoed
|-damage|p1a: Politoed|0 fnt
|-unboost|p2a: Terrakion|def|1
|-unboost|p2a: Terrakion|spd|1
|faint|p1a: Politoed
|
|-weather|Sandstorm|[upkeep]
|upkeep
|
|switch|p1a: Jirachi|Jirachi|81/100
|-damage|p1a: Jirachi|75/100|[from] Stealth Rock
|turn|32
|
|move|p2a: Terrakion|Close Combat|p1a: Jirachi
|-damage|p1a: Jirachi|0 fnt
|-unboost|p2a: Terrakion|def|1
|-unboost|p2a: Terrakion|spd|1
|faint|p1a: Jirachi
|
|win|HALOCENE
|c|☆HALOCENE|Gg
|l|☆CroCoeur
|raw|CroCoeur's rating: 1358 &rarr; <strong>1348</strong><br />(-10 for losing)
|raw|HALOCENE's rating: 1538 &rarr; <strong>1549</strong><br />(+11 for winning)
