|j|☆JedTheHumanoid
|j|☆affksl1
|t:|1718052790
|gametype|singles
|player|p1|JedTheHumanoid|jrtrainer-gen1rb|1413
|player|p2|affksl1|pokemaniac-gen3rs|1425
|teamsize|p1|6
|teamsize|p2|6
|gen|5
|tier|[Gen 5] OU
|rated|
|rule|Species Clause: Limit one of each Pokémon
|rule|OHKO Clause: OHKO moves are banned
|rule|Moody Clause: Moody is banned
|rule|Evasion Items Clause: Evasion items are banned
|rule|Evasion Moves Clause: Evasion moves are banned
|rule|Endless Battle Clause: Forcing endless battles is banned
|rule|HP Percentage Mod: HP is shown in percentages
|rule|Evasion Abilities Clause: Evasion abilities are banned
|rule|Sleep Moves Clause: Sleep-inducing moves are banned
|rule|Swagger Clause: Swagger is banned
|rule|Baton Pass Stat Clause: No Baton Passer may have a way to boost its stats
|clearpoke
|poke|p1|Politoed, M|item
|poke|p1|Ferrothorn, F|item
|poke|p1|Tentacruel, F|item
|poke|p1|Tornadus, M|item
|poke|p1|Latios, M|item
|poke|p1|Keldeo|item
|poke|p2|Bronzong|item
|poke|p2|Gallade, M|item
|poke|p2|Jellicent, M|item
|poke|p2|Conkeldurr, M|item
|poke|p2|Reuniclus, F|item
|poke|p2|Dragonite, M|item
|teampreview
|inactive|Battle timer is ON: inactive players will automatically lose when time's up. (requested by affksl1)
|
|t:|1718052812
|start
|switch|p1a: Politoed|Politoed, M|100/100
|switch|p2a: Bronzong|Bronzong|100/100
|-weather|RainDance|[from] ability: Drizzle|[of] p1a: Politoed
|turn|1
|
|t:|1718052817
|switch|p1a: Ferrothorn|Ferrothorn, F|100/100
|move|p2a: Bronzong|Trick Room|p2a: Bronzong
|-fieldstart|move: Trick Room|[of] p2a: Bronzong
|
|-weather|RainDance|[upkeep]
|upkeep
|turn|2
|
|t:|1718052829
|move|p1a: Ferrothorn|Knock Off|p2a: Bronzong
|-damage|p2a: Bronzong|97/100
|-enditem|p2a: Bronzong|Mental Herb|[from] move: Knock Off|[of] p1a: Ferrothorn
|move|p2a: Bronzong|Stealth Rock|p1a: Ferrothorn
|-sidestart|p1: JedTheHumanoid|move: Stealth Rock
|
|-weather|RainDance|[upkeep]
|upkeep
|turn|3
|
|t:|1718052835
|switch|p2a: Conkeldurr|Conkeldurr, M|100/100
|move|p1a: Ferrothorn|Leech Seed|p2a: Conkeldurr
|-start|p2a: Conkeldurr|move: Leech Seed
|
|-weather|RainDance|[upkeep]
|-damage|p2a: Conkeldurr|88/100|[from] Leech Seed|[of] p1a: Ferrothorn
|upkeep
|turn|4
|
|t:|1718052849
|switch|p1a: Tentacruel|Tentacruel, F|100/100
|-damage|p1a: Tentacruel|88/100|[from] Stealth Rock
|move|p2a: Conkeldurr|Drain Punch|p1a: Tentacruel
|-resisted|p1a: Tentacruel
|-damage|p1a: Tentacruel|42/100
|-heal|p2a: Conkeldurr|100/100|[from] drain|[of] p1a: Tentacruel
|-damage|p2a: Conkeldurr|91/100|[from] item: Life Orb
|
|-weather|RainDance|[upkeep]
|-heal|p1a: Tentacruel|48/100|[from] ability: Rain Dish
|-heal|p1a: Tentacruel|54/100|[from] item: Black Sludge
|-damage|p2a: Conkeldurr|78/100|[from] Leech Seed|[of] p1a: Tentacruel
|-heal|p1a: Tentacruel|68/100|[silent]
|upkeep
|turn|5
|
|t:|1718052858
|switch|p2a: Reuniclus|Reuniclus, F|100/100
|move|p1a: Tentacruel|Protect||[still]
|-fail|p1a: Tentacruel
|
|-weather|RainDance|[upkeep]
|-heal|p1a: Tentacruel|74/100|[from] ability: Rain Dish
|-heal|p1a: Tentacruel|80/100|[from] item: Black Sludge
|-fieldend|move: Trick Room
|upkeep
|turn|6
|j| Neighthan Trainer
|
|t:|1718052880
|switch|p1a: Latios|Latios, M|100/100
|-damage|p1a: Latios|88/100|[from] Stealth Rock
|move|p2a: Reuniclus|Psychic|p1a: Latios
|-resisted|p1a: Latios
|-damage|p1a: Latios|55/100
|
|-weather|RainDance|[upkeep]
|upkeep
|turn|7
|
|t:|1718052889
|switch|p2a: Bronzong|Bronzong|97/100
|move|p1a: Latios|Trick|p2a: Bronzong
|-activate|p1a: Latios|move: Trick|[of] p2a: Bronzong
|-item|p2a: Bronzong|Choice Scarf|[from] move: Trick
|-enditem|p1a: Latios|Choice Scarf|[silent]|[from] move: Trick
|
|-weather|RainDance|[upkeep]
|upkeep
|turn|8
|
|t:|1718052896
|switch|p1a: Ferrothorn|Ferrothorn, F|100/100
|-damage|p1a: Ferrothorn|94/100|[from] Stealth Rock
|move|p2a: Bronzong|Trick|p1a: Ferrothorn
|-activate|p2a: Bronzong|move: Trick|[of] p1a: Ferrothorn
|-item|p1a: Ferrothorn|Choice Scarf|[from] move: Trick
|-item|p2a: Bronzong|Leftovers|[from] move: Trick
|
|-weather|RainDance|[upkeep]
|-heal|p2a: Bronzong|100/100|[from] item: Leftovers
|upkeep
|turn|9
|
|t:|1718052901
|move|p1a: Ferrothorn|Spikes|p2a: Bronzong
|-sidestart|p2: affksl1|Spikes
|move|p2a: Bronzong|Trick Room|p2a: Bronzong
|-fieldstart|move: Trick Room|[of] p2a: Bronzong
|
|-weather|RainDance|[upkeep]
|upkeep
|turn|10
|-message|JedTheHumanoid forfeited.
|
|win|affksl1
|raw|JedTheHumanoid's rating: 1413 &rarr; <strong>1394</strong><br />(-19 for losing)
|raw|affksl1's rating: 1432 &rarr; <strong>1451</strong><br />(+19 for winning)
|l|☆JedTheHumanoid
|player|p1|
