|j|☆porrompompom
|j|☆Joppua23
|player|p1|porrompompom|10
|player|p2|Joppua23|153
|teamsize|p1|6
|teamsize|p2|6
|gametype|singles
|gen|5
|tier|[Gen 5] OU
|rated|
|rule|Sleep Clause Mod: Limit one foe put to sleep
|rule|Species Clause: Limit one of each Pokémon
|rule|OHKO Clause: OHKO moves are banned
|rule|Moody Clause: Moody is banned
|rule|Evasion Moves Clause: Evasion moves are banned
|rule|Endless Battle Clause: Forcing endless battles is banned
|rule|HP Percentage Mod: HP is shown in percentages
|rule|Evasion Abilities Clause: Evasion abilities are banned
|rule|Baton Pass Clause: Limit one Baton Passer, can't pass Spe and other stats simultaneously
|rule|Swagger Clause: Swagger is banned
|clearpoke
|poke|p1|Politoed, F|item
|poke|p1|Jirachi|item
|poke|p1|Tangrowth, F|item
|poke|p1|Tentacruel, M|item
|poke|p1|Landorus-Therian, M|item
|poke|p1|Gothitelle, M|item
|poke|p2|Alakazam, M|item
|poke|p2|Tyranitar, F|item
|poke|p2|Magnezone|item
|poke|p2|Carracosta, F|item
|poke|p2|Gliscor, M|item
|poke|p2|Excadrill, M|item
|teampreview
|
|start
|switch|p1a: Politoed|Politoed, F|100/100
|switch|p2a: Sinai|Carracosta, F|100/100
|-weather|RainDance|[from] ability: Drizzle|[of] p1a: Politoed
|turn|1
|
|switch|p1a: Tangrowth|Tangrowth, F|100/100
|move|p2a: Sinai|Shell Smash|p2a: Sinai
|-unboost|p2a: Sinai|def|1
|-unboost|p2a: Sinai|spd|1
|-boost|p2a: Sinai|atk|2
|-boost|p2a: Sinai|spa|2
|-boost|p2a: Sinai|spe|2
|
|-weather|RainDance|[upkeep]
|upkeep
|turn|2
|
|move|p2a: Sinai|Shell Smash|p2a: Sinai
|-unboost|p2a: Sinai|def|1
|-unboost|p2a: Sinai|spd|1
|-boost|p2a: Sinai|atk|2
|-boost|p2a: Sinai|spa|2
|-boost|p2a: Sinai|spe|2
|move|p1a: Tangrowth|Sleep Powder|p2a: Sinai|[miss]
|-miss|p1a: Tangrowth|p2a: Sinai
|
|-weather|RainDance|[upkeep]
|upkeep
|turn|3
|c|☆porrompompom|heheh
|
|move|p2a: Sinai|Stone Edge|p1a: Tangrowth
|-damage|p1a: Tangrowth|27/100
|move|p1a: Tangrowth|Sleep Powder|p2a: Sinai|[miss]
|-miss|p1a: Tangrowth|p2a: Sinai
|
|-weather|RainDance|[upkeep]
|upkeep
|turn|4
|c|☆porrompompom|"g"g???
|c|☆Joppua23|RNG not playing nice today.
|c|☆porrompompom|you either, i'm sorry to say
|
|switch|p1a: Landorus|Landorus-Therian, M|100/100
|-ability|p1a: Landorus|Intimidate|boost
|-unboost|p2a: Sinai|atk|1
|move|p2a: Sinai|Stone Edge|p1a: Landorus
|-damage|p1a: Landorus|0 fnt
|faint|p1a: Landorus
|
|-weather|RainDance|[upkeep]
|upkeep
|
|switch|p1a: Tangrowth|Tangrowth, F|61/100
|turn|5
|
|move|p2a: Sinai|Stone Edge|p1a: Tangrowth
|-damage|p1a: Tangrowth|0 fnt
|faint|p1a: Tangrowth
|
|-weather|RainDance|[upkeep]
|upkeep
|
|switch|p1a: Jirachi|Jirachi|100/100
|turn|6
|
|move|p2a: Sinai|Waterfall|p1a: Jirachi
|-enditem|p2a: Sinai|Water Gem|[from] gem|[move] Waterfall
|-damage|p1a: Jirachi|0 fnt
|faint|p1a: Jirachi
|
|-weather|RainDance|[upkeep]
|upkeep
|
|switch|p1a: Tentacruel|Tentacruel, M|100/100
|turn|7
|
|move|p2a: Sinai|Stone Edge|p1a: Tentacruel
|-damage|p1a: Tentacruel|0 fnt
|faint|p1a: Tentacruel
|
|-weather|RainDance|[upkeep]
|upkeep
|
|switch|p1a: Politoed|Politoed, F|100/100
|turn|8
|
|move|p2a: Sinai|Stone Edge|p1a: Politoed
|-damage|p1a: Politoed|0 fnt
|faint|p1a: Politoed
|
|-weather|RainDance|[upkeep]
|upkeep
|
|switch|p1a: Gothitelle|Gothitelle, M|100/100
|turn|9
|
|move|p2a: Sinai|Stone Edge|p1a: Gothitelle
|-damage|p1a: Gothitelle|0 fnt
|faint|p1a: Gothitelle
|
|win|Joppua23
|l|☆Joppua23
|raw|porrompompom's rating: 1484 &rarr; <strong>1456</strong><br />(-28 for losing)
|raw|Joppua23's rating: 1348 &rarr; <strong>1376</strong><br />(+28 for winning)
