|join|raichushiny
|join|Erica Arborea
|player|p1|raichushiny|163
|player|p2|Erica Arborea|157
|gametype|singles
|gen|5
|tier|[Gen 5] OU
|rated
|rule|Evasion Abilities Clause: Evasion abilities are banned
|clearpoke
|poke|p1|Jirachi
|poke|p1|Heatran, M
|poke|p1|Chansey, F
|poke|p1|Gliscor, M
|poke|p1|Starmie
|poke|p1|Dragonite, M
|poke|p2|Politoed, F, shiny
|poke|p2|Garchomp, F
|poke|p2|Dragonite, M, shiny
|poke|p2|Volcarona, M
|poke|p2|Scizor, M
|poke|p2|Starmie
|rule|Sleep Clause Mod: Limit one foe put to sleep
|rule|Species Clause: Limit one of each Pokemon
|rule|OHKO Clause: OHKO moves are banned
|rule|Moody Clause: Moody is banned
|rule|Evasion Moves Clause: Evasion moves are banned
|rule|Endless Battle Clause: Forcing endless battles is banned.
|rule|HP Percentage Mod: HP is reported as percentages
|teampreview
|chat|raichushiny|gl
|chat|raichushiny|hello?
|chat|Erica Arborea|sorry. gl
|
|start
|switch|p1a: Starmie|Starmie|261/261
|switch|p2a: Politoed|Politoed, F, shiny|384/384
|-weather|RainDance|[from] ability: Drizzle|[of] p2a: Politoed
|turn|1
|
|move|p2a: Politoed|Protect|p2a: Politoed
|-singleturn|p2a: Politoed|Protect
|move|p1a: Starmie|Thunderbolt|p2a: Politoed
|-activate|p2a: Politoed|Protect
|
|-weather|RainDance|[upkeep]
|turn|2
|
|switch|p2a: Garchomp|Garchomp, F|358/358
|move|p1a: Starmie|Scald|p2a: Garchomp
|-damage|p2a: Garchomp|163/358
|
|-weather|RainDance|[upkeep]
|turn|3
|
|move|p1a: Starmie|Scald|p2a: Garchomp
|-damage|p2a: Garchomp|0 fnt
|faint|p2a: Garchomp
|
|-weather|RainDance|[upkeep]
|
|switch|p2a: Dragonite|Dragonite, M, shiny|334/334
|turn|4
|
|move|p1a: Starmie|Psychic|p2a: Dragonite
|-damage|p2a: Dragonite|263/334
|move|p2a: Dragonite|Hurricane|p1a: Starmie
|-damage|p1a: Starmie|36/261
|
|-weather|RainDance|[upkeep]
|-heal|p2a: Dragonite|283/334|[from] item: Leftovers
|turn|5
|
|switch|p1a: Chansey|Chansey, F|641/641
|move|p2a: Dragonite|Extreme Speed|p1a: Chansey
|-damage|p1a: Chansey|523/641
|
|-weather|RainDance|[upkeep]
|-heal|p2a: Dragonite|303/334|[from] item: Leftovers
|turn|6
|
|move|p2a: Dragonite|Waterfall|p1a: Chansey
|-damage|p1a: Chansey|354/641
|move|p1a: Chansey|Thunder Wave|p2a: Dragonite
|-status|p2a: Dragonite|par
|
|-weather|RainDance|[upkeep]
|-heal|p2a: Dragonite|323/334 par|[from] item: Leftovers
|turn|7
|
|move|p1a: Chansey|Soft-Boiled|p1a: Chansey
|-heal|p1a: Chansey|641/641
|move|p2a: Dragonite|Waterfall|p1a: Chansey
|-damage|p1a: Chansey|456/641
|
|-weather|RainDance|[upkeep]
|-heal|p2a: Dragonite|334/334 par|[from] item: Leftovers
|turn|8
|
|move|p1a: Chansey|Seismic Toss|p2a: Dragonite
|-damage|p2a: Dragonite|234/334 par
|move|p2a: Dragonite|Hurricane|p1a: Chansey
|-damage|p1a: Chansey|372/641
|
|-weather|RainDance|[upkeep]
|-heal|p2a: Dragonite|254/334 par|[from] item: Leftovers
|turn|9
|
|move|p1a: Chansey|Soft-Boiled|p1a: Chansey
|-heal|p1a: Chansey|641/641
|move|p2a: Dragonite|Hurricane|p1a: Chansey
|-damage|p1a: Chansey|553/641
|
|-weather|RainDance|[upkeep]
|-heal|p2a: Dragonite|274/334 par|[from] item: Leftovers
|turn|10
|
|move|p2a: Dragonite|Hurricane|p1a: Chansey
|-damage|p1a: Chansey|465/641
|move|p1a: Chansey|Counter|p2a: Dragonite
|-fail|p2a: Dragonite
|
|-weather|RainDance|[upkeep]
|-heal|p2a: Dragonite|294/334 par|[from] item: Leftovers
|turn|11
|
|move|p1a: Chansey|Seismic Toss|p2a: Dragonite
|-damage|p2a: Dragonite|194/334 par
|cant|p2a: Dragonite|par
|
|-weather|RainDance|[upkeep]
|-heal|p2a: Dragonite|214/334 par|[from] item: Leftovers
|turn|12
|
|move|p1a: Chansey|Seismic Toss|p2a: Dragonite
|-damage|p2a: Dragonite|114/334 par
|move|p2a: Dragonite|Roost|p2a: Dragonite
|-heal|p2a: Dragonite|281/334 par
|
|-weather|RainDance|[upkeep]
|-heal|p2a: Dragonite|301/334 par|[from] item: Leftovers
|turn|13
|
|move|p1a: Chansey|Seismic Toss|p2a: Dragonite
|-damage|p2a: Dragonite|201/334 par
|cant|p2a: Dragonite|par
|
|-weather|RainDance|[upkeep]
|-heal|p2a: Dragonite|221/334 par|[from] item: Leftovers
|turn|14
|
|move|p1a: Chansey|Seismic Toss|p2a: Dragonite
|-damage|p2a: Dragonite|121/334 par
|move|p2a: Dragonite|Roost|p2a: Dragonite
|-heal|p2a: Dragonite|288/334 par
|
|-weather|RainDance|[upkeep]
|-heal|p2a: Dragonite|308/334 par|[from] item: Leftovers
|turn|15
|
|move|p1a: Chansey|Seismic Toss|p2a: Dragonite
|-damage|p2a: Dragonite|208/334 par
|move|p2a: Dragonite|Hurricane|p1a: Chansey
|-damage|p1a: Chansey|381/641
|
|-weather|RainDance|[upkeep]
|-heal|p2a: Dragonite|228/334 par|[from] item: Leftovers
|turn|16
|
|switch|p1a: Dragonite|Dragonite, M|338/338
|move|p2a: Dragonite|Hurricane|p1a: Dragonite
|-damage|p1a: Dragonite|242/338
|-start|p1a: Dragonite|confusion
|
|-weather|RainDance|[upkeep]
|-heal|p2a: Dragonite|248/334 par|[from] item: Leftovers
|turn|17
|
|-activate|p1a: Dragonite|confusion
|move|p1a: Dragonite|Outrage|p2a: Dragonite
|-supereffective|p2a: Dragonite
|-damage|p2a: Dragonite|0 fnt
|faint|p2a: Dragonite
|
|-weather|RainDance|[upkeep]
|
|switch|p2a: Politoed|Politoed, F, shiny|384/384
|turn|18
|
|-activate|p1a: Dragonite|confusion
|-damage|p1a: Dragonite|161/338|[from] confusion
|move|p2a: Politoed|Ice Beam|p1a: Dragonite
|-supereffective|p1a: Dragonite
|-damage|p1a: Dragonite|0 fnt
|faint|p1a: Dragonite
|
|-weather|RainDance|[upkeep]
|
|switch|p1a: Chansey|Chansey, F|381/641
|turn|19
|chat|Erica Arborea|why aren't chansey and blissey banned to ubers
|
|move|p2a: Politoed|Scald|p1a: Chansey
|-damage|p1a: Chansey|303/641
|move|p1a: Chansey|Soft-Boiled|p1a: Chansey
|-heal|p1a: Chansey|624/641
|
|-weather|RainDance|[upkeep]
|turn|20
|chat|raichushiny|are easy to counter
|
|move|p2a: Politoed|Scald|p1a: Chansey
|-damage|p1a: Chansey|551/641
|-status|p1a: Chansey|brn
|move|p1a: Chansey|Thunder Wave|p2a: Politoed
|-status|p2a: Politoed|par
|
|-weather|RainDance|[upkeep]
|-damage|p1a: Chansey|471/641 brn|[from] brn
|turn|21
|chat|raichushiny|gothithelle for example
|chat|raichushiny|conkeldurr, etc
|chat|raichushiny|and more boosters no problem with this
|chat|raichushiny|your garchomp possibly win wothout problem
|
|move|p1a: Chansey|Seismic Toss|p2a: Politoed
|-damage|p2a: Politoed|284/384 par
|cant|p2a: Politoed|par
|
|-weather|RainDance|[upkeep]
|-heal|p2a: Politoed|308/384 par|[from] item: Leftovers
|-damage|p1a: Chansey|391/641 brn|[from] brn
|turn|22
|chat|raichushiny|win chansey*
|
|move|p1a: Chansey|Soft-Boiled|p1a: Chansey
|-heal|p1a: Chansey|641/641 brn
|move|p2a: Politoed|Scald|p1a: Chansey
|-damage|p1a: Chansey|569/641 brn
|
|-weather|RainDance|[upkeep]
|-heal|p2a: Politoed|332/384 par|[from] item: Leftovers
|-damage|p1a: Chansey|489/641 brn|[from] brn
|turn|23
|
|move|p1a: Chansey|Seismic Toss|p2a: Politoed
|-damage|p2a: Politoed|232/384 par
|cant|p2a: Politoed|par
|
|-weather|RainDance|[upkeep]
|-heal|p2a: Politoed|256/384 par|[from] item: Leftovers
|-damage|p1a: Chansey|409/641 brn|[from] brn
|turn|24
|
|move|p1a: Chansey|Seismic Toss|p2a: Politoed
|-damage|p2a: Politoed|156/384 par
|cant|p2a: Politoed|par
|
|-weather|RainDance|[upkeep]
|-heal|p2a: Politoed|180/384 par|[from] item: Leftovers
|-damage|p1a: Chansey|329/641 brn|[from] brn
|turn|25
|
|move|p1a: Chansey|Soft-Boiled|p1a: Chansey
|-heal|p1a: Chansey|641/641 brn
|move|p2a: Politoed|Scald|p1a: Chansey
|-damage|p1a: Chansey|565/641 brn
|
|-weather|RainDance|[upkeep]
|-heal|p2a: Politoed|204/384 par|[from] item: Leftovers
|-damage|p1a: Chansey|485/641 brn|[from] brn
|turn|26
|
|move|p1a: Chansey|Seismic Toss|p2a: Politoed
|-damage|p2a: Politoed|104/384 par
|move|p2a: Politoed|Scald|p1a: Chansey
|-damage|p1a: Chansey|410/641 brn
|
|-weather|RainDance|[upkeep]
|-heal|p2a: Politoed|128/384 par|[from] item: Leftovers
|-damage|p1a: Chansey|330/641 brn|[from] brn
|turn|27
|
|move|p1a: Chansey|Seismic Toss|p2a: Politoed
|-damage|p2a: Politoed|28/384 par
|move|p2a: Politoed|Scald|p1a: Chansey
|-damage|p1a: Chansey|251/641 brn
|
|-weather|RainDance|[upkeep]
|-heal|p2a: Politoed|52/384 par|[from] item: Leftovers
|-damage|p1a: Chansey|171/641 brn|[from] brn
|turn|28
|
|move|p1a: Chansey|Soft-Boiled|p1a: Chansey
|-heal|p1a: Chansey|492/641 brn
|move|p2a: Politoed|Scald|p1a: Chansey
|-damage|p1a: Chansey|411/641 brn
|
|-weather|RainDance|[upkeep]
|-heal|p2a: Politoed|76/384 par|[from] item: Leftovers
|-damage|p1a: Chansey|331/641 brn|[from] brn
|turn|29
|
|move|p1a: Chansey|Soft-Boiled|p1a: Chansey
|-heal|p1a: Chansey|641/641 brn
|cant|p2a: Politoed|par
|
|-weather|RainDance|[upkeep]
|-heal|p2a: Politoed|100/384 par|[from] item: Leftovers
|-damage|p1a: Chansey|561/641 brn|[from] brn
|turn|30
|
|move|p2a: Politoed|Protect|p2a: Politoed
|-singleturn|p2a: Politoed|Protect
|move|p1a: Chansey|Seismic Toss|p2a: Politoed
|-activate|p2a: Politoed|Protect
|
|-weather|RainDance|[upkeep]
|-heal|p2a: Politoed|124/384 par|[from] item: Leftovers
|-damage|p1a: Chansey|481/641 brn|[from] brn
|turn|31
|
|move|p1a: Chansey|Seismic Toss|p2a: Politoed
|-damage|p2a: Politoed|24/384 par
|move|p2a: Politoed|Scald|p1a: Chansey
|-damage|p1a: Chansey|396/641 brn
|
|-weather|RainDance|[upkeep]
|-heal|p2a: Politoed|48/384 par|[from] item: Leftovers
|-damage|p1a: Chansey|316/641 brn|[from] brn
|turn|32
|
|move|p1a: Chansey|Soft-Boiled|p1a: Chansey
|-heal|p1a: Chansey|637/641 brn
|cant|p2a: Politoed|par
|
|-weather|RainDance|[upkeep]
|-heal|p2a: Politoed|72/384 par|[from] item: Leftovers
|-damage|p1a: Chansey|557/641 brn|[from] brn
|turn|33
|
|switch|p1a: Haxraichu|Jirachi|341/341
|cant|p2a: Politoed|par
|
|-weather|RainDance|[upkeep]
|-heal|p2a: Politoed|96/384 par|[from] item: Leftovers
|turn|34
|
|move|p2a: Politoed|Protect|p2a: Politoed
|-singleturn|p2a: Politoed|Protect
|move|p1a: Haxraichu|Zen Headbutt|p2a: Politoed
|-activate|p2a: Politoed|Protect
|
|-weather|RainDance|[upkeep]
|-heal|p2a: Politoed|120/384 par|[from] item: Leftovers
|turn|35
|
|move|p1a: Haxraichu|Zen Headbutt|p2a: Politoed
|-crit|p2a: Politoed
|-damage|p2a: Politoed|0 fnt
|faint|p2a: Politoed
|
|-weather|RainDance|[upkeep]
|
|switch|p2a: Volcarona|Volcarona, M|311/311
|turn|36
|
|move|p1a: Haxraichu|Zen Headbutt|p2a: Volcarona
|-crit|p2a: Volcarona
|-damage|p2a: Volcarona|0 fnt
|-status|p1a: Haxraichu|brn
|faint|p2a: Volcarona
|
|-weather|RainDance|[upkeep]
|-damage|p1a: Haxraichu|299/341 brn|[from] brn
|chat|Erica Arborea|wtf
|chat|raichushiny|sorry
|
|switch|p2a: Starmie|Starmie|323/323
|turn|37
|chat|raichushiny|adamant scarfed
|chat|Erica Arborea|it was the crit
|
|switch|p1a: Chansey|Chansey, F|557/641
|move|p2a: Starmie|Scald|p1a: Chansey
|-damage|p1a: Chansey|491/641
|
|-weather|RainDance|[upkeep]
|turn|38
|chat|Erica Arborea|why the fuck aaaaahhhh
|
|switch|p2a: Scizor|Scizor, M|344/344
|move|p1a: Chansey|Thunder Wave|p2a: Scizor
|-status|p2a: Scizor|par
|-enditem|p2a: Scizor|Lum Berry|[eat]
|-curestatus|p2a: Scizor|par
|
|-weather|RainDance|[upkeep]
|turn|39
|chat|raichushiny|burn is only hax for you
|
|switch|p1a: Gliscor|Gliscor, M|354/354
|move|p2a: Scizor|Bug Bite|p1a: Gliscor
|-resisted|p1a: Gliscor
|-damage|p1a: Gliscor|294/354
|
|-weather|RainDance|[upkeep]
|-status|p1a: Gliscor|tox|[from] item: Toxic Orb
|turn|40
|
|move|p2a: Scizor|Bullet Punch|p1a: Gliscor
|-damage|p1a: Gliscor|219/354 tox
|move|p1a: Gliscor|Taunt|p2a: Scizor
|-start|p2a: Scizor|move: Taunt
|
|-weather|RainDance|[upkeep]
|-heal|p1a: Gliscor|263/354 tox|[from] ability: Poison Heal
|turn|41
|
|move|p2a: Scizor|Bullet Punch|p1a: Gliscor
|-damage|p1a: Gliscor|194/354 tox
|move|p1a: Gliscor|Earthquake|p2a: Scizor
|-damage|p2a: Scizor|226/344
|
|-weather|RainDance|[upkeep]
|-heal|p1a: Gliscor|238/354 tox|[from] ability: Poison Heal
|turn|42
|
|move|p2a: Scizor|Bullet Punch|p1a: Gliscor
|-damage|p1a: Gliscor|160/354 tox
|move|p1a: Gliscor|Earthquake|p2a: Scizor
|-damage|p2a: Scizor|123/344
|
|-weather|RainDance|[upkeep]
|-heal|p1a: Gliscor|204/354 tox|[from] ability: Poison Heal
|turn|43
|
|move|p1a: Gliscor|Protect|p1a: Gliscor
|-singleturn|p1a: Gliscor|Protect
|move|p2a: Scizor|Bullet Punch|p1a: Gliscor
|-activate|p1a: Gliscor|Protect
|
|-weather|RainDance|[upkeep]
|-heal|p1a: Gliscor|248/354 tox|[from] ability: Poison Heal
|-end|p2a: Scizor|move: Taunt
|turn|44
|chat|Erica Arborea|you have one of the trolliest teams I've ever seen
|
|move|p2a: Scizor|Bullet Punch|p1a: Gliscor
|-damage|p1a: Gliscor|173/354 tox
|move|p1a: Gliscor|Taunt|p2a: Scizor
|-start|p2a: Scizor|move: Taunt
|
|-weather|RainDance|[upkeep]
|-heal|p1a: Gliscor|217/354 tox|[from] ability: Poison Heal
|turn|45
|chat|raichushiny|not really
|chat|raichushiny|i see a swagger team that
|chat|Erica Arborea|gliscor and jirachi put it up there
|chat|raichushiny|is more troll
|chat|raichushiny|this is a normal team
|chat|Erica Arborea|nah. swagger is nothing
|
|move|p2a: Scizor|Bullet Punch|p1a: Gliscor
|-damage|p1a: Gliscor|142/354 tox
|move|p1a: Gliscor|Earthquake|p2a: Scizor
|-damage|p2a: Scizor|5/344
|
|-weather|RainDance|[upkeep]
|-heal|p1a: Gliscor|186/354 tox|[from] ability: Poison Heal
|turn|46
|chat|raichushiny|luck yes
|
|move|p1a: Gliscor|Protect|p1a: Gliscor
|-singleturn|p1a: Gliscor|Protect
|move|p2a: Scizor|Bullet Punch|p1a: Gliscor
|-activate|p1a: Gliscor|Protect
|
|-weather|RainDance|[upkeep]
|-heal|p1a: Gliscor|230/354 tox|[from] ability: Poison Heal
|turn|47
|
|move|p2a: Scizor|Bullet Punch|p1a: Gliscor
|-damage|p1a: Gliscor|157/354 tox
|move|p1a: Gliscor|Earthquake|p2a: Scizor
|-damage|p2a: Scizor|0 fnt
|faint|p2a: Scizor
|
|-weather|RainDance|[upkeep]
|-heal|p1a: Gliscor|201/354 tox|[from] ability: Poison Heal
|
|switch|p2a: Starmie|Starmie|323/323
|turn|48
|
|move|p1a: Gliscor|Protect|p1a: Gliscor
|-singleturn|p1a: Gliscor|Protect
|move|p2a: Starmie|Scald|p1a: Gliscor
|-activate|p1a: Gliscor|Protect
|
|-weather|RainDance|[upkeep]
|-heal|p1a: Gliscor|245/354 tox|[from] ability: Poison Heal
|turn|49
|chat|raichushiny|my gliscor no has sub
|chat|raichushiny|subprotect is only troll
|
|switch|p1a: Chansey|Chansey, F|491/641
|move|p2a: Starmie|Scald|p1a: Chansey
|-damage|p1a: Chansey|421/641
|-status|p1a: Chansey|brn
|
|-weather|RainDance|[upkeep]
|-damage|p1a: Chansey|341/641 brn|[from] brn
|turn|50
|chat|Erica Arborea|fair enough
|
|move|p2a: Starmie|Scald|p1a: Chansey
|-damage|p1a: Chansey|275/641 brn
|move|p1a: Chansey|Thunder Wave|p2a: Starmie
|-status|p2a: Starmie|par
|
|-weather|RainDance|[upkeep]
|-damage|p1a: Chansey|195/641 brn|[from] brn
|turn|51
|
|move|p1a: Chansey|Soft-Boiled|p1a: Chansey
|-heal|p1a: Chansey|516/641 brn
|move|p2a: Starmie|Scald|p1a: Chansey
|-damage|p1a: Chansey|452/641 brn
|
|-weather|RainDance|[upkeep]
|-damage|p1a: Chansey|372/641 brn|[from] brn
|turn|52
|
|move|p1a: Chansey|Seismic Toss|p2a: Starmie
|-damage|p2a: Starmie|223/323 par
|move|p2a: Starmie|Thunder|p1a: Chansey
|-crit|p1a: Chansey
|-damage|p1a: Chansey|281/641 brn
|
|-weather|RainDance|[upkeep]
|-heal|p2a: Starmie|243/323 par|[from] item: Leftovers
|-damage|p1a: Chansey|201/641 brn|[from] brn
|turn|53
|
|move|p1a: Chansey|Soft-Boiled|p1a: Chansey
|-heal|p1a: Chansey|522/641 brn
|move|p2a: Starmie|Scald|p1a: Chansey
|-damage|p1a: Chansey|449/641 brn
|
|-weather|RainDance|[upkeep]
|-heal|p2a: Starmie|263/323 par|[from] item: Leftovers
|-damage|p1a: Chansey|369/641 brn|[from] brn
|turn|54
|
|move|p1a: Chansey|Seismic Toss|p2a: Starmie
|-damage|p2a: Starmie|163/323 par
|move|p2a: Starmie|Scald|p1a: Chansey
|-damage|p1a: Chansey|297/641 brn
|
|-weather|RainDance|[upkeep]
|-heal|p2a: Starmie|183/323 par|[from] item: Leftovers
|-damage|p1a: Chansey|217/641 brn|[from] brn
|turn|55
|
|move|p1a: Chansey|Soft-Boiled|p1a: Chansey
|-heal|p1a: Chansey|538/641 brn
|move|p2a: Starmie|Recover|p2a: Starmie
|-heal|p2a: Starmie|323/323 par
|
|-weather|RainDance|[upkeep]
|-damage|p1a: Chansey|458/641 brn|[from] brn
|turn|56
|chat|Erica Arborea|how much pp
|
|switch|p1a: Gliscor|Gliscor, M|245/354 tox
|cant|p2a: Starmie|par
|
|-weather|RainDance|[upkeep]
|-heal|p1a: Gliscor|289/354 tox|[from] ability: Poison Heal
|turn|57
|chat|raichushiny|finish early
|chat|raichushiny|no problem
|
|move|p1a: Gliscor|Earthquake|p2a: Starmie
|-damage|p2a: Starmie|202/323 par
|move|p2a: Starmie|Scald|p1a: Gliscor
|-supereffective|p1a: Gliscor
|-damage|p1a: Gliscor|0 fnt
|faint|p1a: Gliscor
|
|-weather|RainDance|[upkeep]
|-heal|p2a: Starmie|222/323 par|[from] item: Leftovers
|
|switch|p1a: Haxraichu|Jirachi|299/341 brn
|turn|58
|
|move|p1a: Haxraichu|Trick|p2a: Starmie
|-activate|p1a: Haxraichu|move: Trick|[of] p2a: Starmie
|-item|p2a: Starmie|Choice Scarf|[from] move: Trick
|-item|p1a: Haxraichu|Leftovers|[from] move: Trick
|cant|p2a: Starmie|par
|
|-weather|RainDance|[upkeep]
|-heal|p1a: Haxraichu|320/341 brn|[from] item: Leftovers
|-damage|p1a: Haxraichu|278/341 brn|[from] brn
|turn|59
|
|move|p1a: Haxraichu|Iron Head|p2a: Starmie
|-resisted|p2a: Starmie
|-damage|p2a: Starmie|185/323 par
|cant|p2a: Starmie|par
|
|-weather|RainDance|[upkeep]
|-heal|p1a: Haxraichu|299/341 brn|[from] item: Leftovers
|-damage|p1a: Haxraichu|257/341 brn|[from] brn
|turn|60
|chat|Erica Arborea|paraflinch is troll you must admit
|
|move|p1a: Haxraichu|Iron Head|p2a: Starmie
|-resisted|p2a: Starmie
|-damage|p2a: Starmie|151/323 par
|move|p2a: Starmie|Scald|p1a: Haxraichu
|-damage|p1a: Haxraichu|121/341 brn
|
|-weather|RainDance|[upkeep]
|-heal|p1a: Haxraichu|142/341 brn|[from] item: Leftovers
|-damage|p1a: Haxraichu|100/341 brn|[from] brn
|turn|61
|chat|raichushiny|yes
|chat|raichushiny|in jirachi 
|
|move|p1a: Haxraichu|Iron Head|p2a: Starmie
|-resisted|p2a: Starmie
|-damage|p2a: Starmie|117/323 par
|move|p2a: Starmie|Scald|p1a: Haxraichu
|-damage|p1a: Haxraichu|0 fnt
|faint|p1a: Haxraichu
|
|-weather|RainDance|[upkeep]
|
|switch|p1a: Starmie|Starmie|36/261
|turn|62
|chat|raichushiny|60% is much
|
|move|p1a: Starmie|Thunderbolt|p2a: Starmie
|-supereffective|p2a: Starmie
|-damage|p2a: Starmie|0 fnt
|faint|p2a: Starmie
|
|win|raichushiny
|raw|Ladder updating...
|chat|raichushiny|to flinch
|raw|raichushiny's rating: 1461 &rarr; <strong>1481</strong><br />(+20 for winning)
|raw|Erica Arborea's rating: 1453 &rarr; <strong>1433</strong><br />(-20 for losing)
|chat|Erica Arborea|gg
|chat|raichushiny|gg