|join|Dude321
|join|raichushiny
|player|p1|Dude321|80
|player|p2|raichushiny|163
|gametype|singles
|gen|5
|tier|[Gen 5] OU
|rated
|rule|Evasion Abilities Clause: Evasion abilities are banned
|clearpoke
|poke|p1|Dragonite, F
|poke|p1|Politoed, F
|poke|p1|Tornadus, M
|poke|p1|Starmie
|poke|p1|Jolteon, F
|poke|p1|Dugtrio, F
|poke|p2|Espeon, F
|poke|p2|Gorebyss, M
|poke|p2|Keldeo
|poke|p2|Terrakion
|poke|p2|Dragonite, M
|poke|p2|Jirachi
|rule|Sleep Clause Mod: Limit one foe put to sleep
|rule|Species Clause: Limit one of each Pokemon
|rule|OHKO Clause: OHKO moves are banned
|rule|Moody Clause: Moody is banned
|rule|Evasion Moves Clause: Evasion moves are banned
|rule|Endless Battle Clause: Forcing endless battles is banned.
|rule|HP Percentage Mod: HP is reported as percentages
|teampreview
|
|start
|switch|p1a: Politoed|Politoed, F|322/322
|switch|p2a: Great coverage|Terrakion|323/323
|-weather|RainDance|[from] ability: Drizzle|[of] p1a: Politoed
|turn|1
|
|move|p1a: Politoed|Hydro Pump|p2a: Great coverage|[miss]
|-miss|p1a: Politoed|p2a: Great coverage
|move|p2a: Great coverage|Stealth Rock|p1a: Politoed
|-sidestart|p1: Dude321|move: Stealth Rock
|
|-weather|RainDance|[upkeep]
|turn|2
|
|move|p1a: Politoed|Hydro Pump|p2a: Great coverage
|-supereffective|p2a: Great coverage
|-enditem|p2a: Great coverage|Focus Sash
|-damage|p2a: Great coverage|1/323
|move|p2a: Great coverage|Close Combat|p1a: Politoed
|-damage|p1a: Politoed|69/322
|-unboost|p2a: Great coverage|def|1
|-unboost|p2a: Great coverage|spd|1
|
|-weather|RainDance|[upkeep]
|turn|3
|
|move|p1a: Politoed|Hydro Pump|p2a: Great coverage|[miss]
|-miss|p1a: Politoed|p2a: Great coverage
|move|p2a: Great coverage|Close Combat|p1a: Politoed
|-damage|p1a: Politoed|0 fnt
|-unboost|p2a: Great coverage|def|1
|-unboost|p2a: Great coverage|spd|1
|faint|p1a: Politoed
|
|-weather|RainDance|[upkeep]
|
|switch|p1a: Dugtrio|Dugtrio, F|211/211
|-damage|p1a: Dugtrio|198/211|[from] Stealth Rock
|turn|4
|
|move|p1a: Dugtrio|Earthquake|p2a: Great coverage
|-supereffective|p2a: Great coverage
|-damage|p2a: Great coverage|0 fnt
|faint|p2a: Great coverage
|
|-weather|RainDance|[upkeep]
|
|switch|p2a: Spashbyss|Gorebyss, M|311/311
|turn|5
|
|move|p2a: Spashbyss|Shell Smash|p2a: Spashbyss
|-boost|p2a: Spashbyss|atk|2
|-boost|p2a: Spashbyss|spa|2
|-boost|p2a: Spashbyss|spe|2
|-unboost|p2a: Spashbyss|def|1
|-unboost|p2a: Spashbyss|spd|1
|-enditem|p2a: Spashbyss|White Herb
|-restoreboost|p2a: Spashbyss|[silent]
|move|p1a: Dugtrio|Earthquake|p2a: Spashbyss
|-damage|p2a: Spashbyss|206/311
|
|-weather|RainDance|[upkeep]
|turn|6
|
|move|p2a: Spashbyss|Baton Pass|p2a: Spashbyss
|
|switch|p2a: Topnite|Dragonite, M|323/323
|move|p1a: Dugtrio|Earthquake|p2a: Topnite
|-immune|p2a: Topnite|[msg]
|
|-weather|RainDance|[upkeep]
|turn|7
|
|move|p2a: Topnite|Extreme Speed|p1a: Dugtrio
|-damage|p1a: Dugtrio|0 fnt
|faint|p1a: Dugtrio
|
|-weather|RainDance|[upkeep]
|
|switch|p1a: Starmie|Starmie|261/261
|-damage|p1a: Starmie|229/261|[from] Stealth Rock
|turn|8
|
|move|p2a: Topnite|Outrage|p1a: Starmie
|-damage|p1a: Starmie|0 fnt
|faint|p1a: Starmie
|
|-weather|RainDance|[upkeep]
|
|switch|p1a: Jolteon|Jolteon, F|271/271
|-damage|p1a: Jolteon|238/271|[from] Stealth Rock
|turn|9
|
|move|p2a: Topnite|Outrage|p1a: Jolteon
|-damage|p1a: Jolteon|0 fnt
|faint|p1a: Jolteon
|
|-end|p2a: Topnite|rampage
|-start|p2a: Topnite|confusion
|-weather|RainDance|[upkeep]
|
|switch|p1a: Dragonite|Dragonite, F|386/386
|-damage|p1a: Dragonite|290/386|[from] Stealth Rock
|-enditem|p2a: Topnite|Lum Berry|[eat]
|-end|p2a: Topnite|confusion
|turn|10
|-message|Dude321 forfeited.
|
|win|raichushiny
|raw|Ladder updating...
|raw|Dude321's rating: 1344 &rarr; <strong>1336</strong><br />(-8 for losing)
|raw|raichushiny's rating: 1586 &rarr; <strong>1594</strong><br />(+8 for winning)
|leave|Dude321
|player|p1