|j|☆UnumGenus
|j|☆12345678koishi
|t:|1727382125
|gametype|singles
|player|p1|UnumGenus|fisherman-gen4|1500
|player|p2|12345678koishi|lady|1418
|teamsize|p1|6
|teamsize|p2|6
|gen|5
|tier|[Gen 5] OU
|rated|
|rule|Species Clause: Limit one of each Pokémon
|rule|OHKO Clause: OHKO moves are banned
|rule|Moody Clause: Moody is banned
|rule|Evasion Items Clause: Evasion items are banned
|rule|Evasion Moves Clause: Evasion moves are banned
|rule|Endless Battle Clause: Forcing endless battles is banned
|rule|HP Percentage Mod: HP is shown in percentages
|rule|Evasion Abilities Clause: Evasion abilities are banned
|rule|Sleep Moves Clause: Sleep-inducing moves are banned
|rule|Swagger Clause: Swagger is banned
|rule|Baton Pass Stat Clause: No Baton Passer may have a way to boost its stats
|clearpoke
|poke|p1|Terrakion|item
|poke|p1|Infernape, F|item
|poke|p1|Keldeo|item
|poke|p1|Lucario, M|item
|poke|p1|Scrafty, F|item
|poke|p1|Conkeldurr, M|item
|poke|p2|Alakazam, M|item
|poke|p2|Skarmory, F|item
|poke|p2|Gengar, M|item
|poke|p2|Lucario, M|item
|poke|p2|Magnezone|item
|poke|p2|Dragonite, M|item
|teampreview
|inactive|Battle timer is ON: inactive players will automatically lose when time's up. (requested by UnumGenus)
|
|t:|1727382131
|start
|switch|p1a: ゴウカザル|Infernape, F, shiny|100/100
|switch|p2a: Skarmory|Skarmory, F|100/100
|turn|1
|
|t:|1727382137
|move|p1a: ゴウカザル|Taunt|p2a: Skarmory
|-start|p2a: Skarmory|move: Taunt
|cant|p2a: Skarmory|move: Taunt|Stealth Rock
|
|upkeep
|turn|2
|
|t:|1727382143
|switch|p2a: Alakazam|Alakazam, M|100/100
|move|p1a: ゴウカザル|Stealth Rock|p2a: Alakazam
|-sidestart|p2: 12345678koishi|move: Stealth Rock
|
|upkeep
|turn|3
|
|t:|1727382150
|move|p2a: Alakazam|Psyshock|p1a: ゴウカザル
|-supereffective|p1a: ゴウカザル
|-enditem|p1a: ゴウカザル|Focus Sash
|-damage|p1a: ゴウカザル|1/100
|move|p1a: ゴウカザル|Fire Blast|p2a: Alakazam
|-crit|p2a: Alakazam
|-enditem|p2a: Alakazam|Focus Sash
|-damage|p2a: Alakazam|1/100
|
|upkeep
|turn|4
|
|t:|1727382160
|switch|p2a: Gengar|Gengar, M|100/100
|-damage|p2a: Gengar|88/100|[from] Stealth Rock
|move|p1a: ゴウカザル|Close Combat|p2a: Gengar
|-immune|p2a: Gengar
|
|-heal|p2a: Gengar|94/100|[from] item: Leftovers
|upkeep
|turn|5
|
|t:|1727382170
|move|p2a: Gengar|Shadow Ball|p1a: ゴウカザル
|-damage|p1a: ゴウカザル|0 fnt
|faint|p1a: ゴウカザル
|
|-heal|p2a: Gengar|100/100|[from] item: Leftovers
|upkeep
|
|t:|1727382197
|switch|p1a: テラキオン|Terrakion|100/100
|turn|6
|
|t:|1727382203
|move|p1a: テラキオン|Stone Edge|p2a: Gengar|[miss]
|-miss|p1a: テラキオン|p2a: Gengar
|move|p2a: Gengar|Focus Blast|p1a: テラキオン
|-supereffective|p1a: テラキオン
|-damage|p1a: テラキオン|0 fnt
|faint|p1a: テラキオン
|
|upkeep
|
|t:|1727382209
|switch|p1a: ケルディオ|Keldeo|100/100
|turn|7
|
|t:|1727382213
|move|p2a: Gengar|Shadow Ball|p1a: ケルディオ
|-damage|p1a: ケルディオ|61/100
|move|p1a: ケルディオ|Scald|p2a: Gengar
|-damage|p2a: Gengar|40/100
|
|-heal|p2a: Gengar|46/100|[from] item: Leftovers
|-heal|p1a: ケルディオ|68/100|[from] item: Leftovers
|upkeep
|turn|8
|
|t:|1727382227
|switch|p2a: Alakazam|Alakazam, M|1/100
|move|p1a: ケルディオ|Scald|p2a: Alakazam
|-damage|p2a: Alakazam|0 fnt
|faint|p2a: Alakazam
|
|-heal|p1a: ケルディオ|74/100|[from] item: Leftovers
|upkeep
|
|t:|1727382237
|switch|p2a: Skarmory|Skarmory, F|100/100
|-damage|p2a: Skarmory|88/100|[from] Stealth Rock
|turn|9
|
|t:|1727382244
|move|p2a: Skarmory|Spikes|p1a: ケルディオ
|-sidestart|p1: UnumGenus|Spikes
|move|p1a: ケルディオ|Substitute|p1a: ケルディオ
|-start|p1a: ケルディオ|Substitute
|-damage|p1a: ケルディオ|49/100
|
|-heal|p1a: ケルディオ|55/100|[from] item: Leftovers
|upkeep
|turn|10
|
|t:|1727382252
|move|p2a: Skarmory|Brave Bird|p1a: ケルディオ
|-supereffective|p1a: ケルディオ
|-crit|p1a: ケルディオ
|-end|p1a: ケルディオ|Substitute
|-damage|p2a: Skarmory|77/100|[from] Recoil|[of] p1a: ケルディオ
|move|p1a: ケルディオ|Scald|p2a: Skarmory
|-damage|p2a: Skarmory|23/100
|
|-heal|p1a: ケルディオ|61/100|[from] item: Leftovers
|upkeep
|turn|11
|-enditem|p2a: Skarmory|Custap Berry|[eat]
|-activate|p2a: Skarmory|item: Custap Berry|[consumed]
|
|t:|1727382263
|move|p2a: Skarmory|Brave Bird|p1a: ケルディオ
|-supereffective|p1a: ケルディオ
|-damage|p1a: ケルディオ|2/100
|-damage|p2a: Skarmory|0 fnt|[from] Recoil
|faint|p2a: Skarmory
|move|p1a: ケルディオ|Scald|p2: Skarmory|[notarget]
|-fail|p1a: ケルディオ
|
|-heal|p1a: ケルディオ|8/100|[from] item: Leftovers
|upkeep
|
|t:|1727382275
|switch|p2a: Gengar|Gengar, M|46/100
|-damage|p2a: Gengar|34/100|[from] Stealth Rock
|turn|12
|
|t:|1727382280
|move|p2a: Gengar|Shadow Ball|p1a: ケルディオ
|-damage|p1a: ケルディオ|0 fnt
|faint|p1a: ケルディオ
|
|-heal|p2a: Gengar|40/100|[from] item: Leftovers
|upkeep
|
|t:|1727382290
|switch|p1a: ズルズキン|Scrafty, F|100/100
|-damage|p1a: ズルズキン|88/100|[from] Spikes
|-ability|p1a: ズルズキン|Intimidate|boost
|-unboost|p2a: Gengar|atk|1
|turn|13
|
|t:|1727382296
|move|p2a: Gengar|Focus Blast|p1a: ズルズキン
|-supereffective|p1a: ズルズキン
|-damage|p1a: ズルズキン|0 fnt
|faint|p1a: ズルズキン
|
|-heal|p2a: Gengar|46/100|[from] item: Leftovers
|upkeep
|
|t:|1727382304
|switch|p1a: ルカリオ|Lucario, M, shiny|100/100
|-damage|p1a: ルカリオ|88/100|[from] Spikes
|turn|14
|
|t:|1727382312
|move|p2a: Gengar|Focus Blast|p1a: ルカリオ
|-supereffective|p1a: ルカリオ
|-damage|p1a: ルカリオ|0 fnt
|faint|p1a: ルカリオ
|
|-heal|p2a: Gengar|53/100|[from] item: Leftovers
|upkeep
|
|t:|1727382315
|switch|p1a: ローブシン|Conkeldurr, M|100/100
|-damage|p1a: ローブシン|88/100|[from] Spikes
|turn|15
|
|t:|1727382324
|move|p2a: Gengar|Substitute|p2a: Gengar
|-start|p2a: Gengar|Substitute
|-damage|p2a: Gengar|28/100
|move|p1a: ローブシン|Payback|p2a: Gengar
|-supereffective|p2a: Gengar
|-end|p2a: Gengar|Substitute
|
|-heal|p2a: Gengar|34/100|[from] item: Leftovers
|-heal|p1a: ローブシン|94/100|[from] item: Leftovers
|upkeep
|turn|16
|
|t:|1727382333
|move|p2a: Gengar|Shadow Ball|p1a: ローブシン
|-damage|p1a: ローブシン|56/100
|move|p1a: ローブシン|Bulk Up|p1a: ローブシン
|-boost|p1a: ローブシン|atk|1
|-boost|p1a: ローブシン|def|1
|
|-heal|p2a: Gengar|40/100|[from] item: Leftovers
|-heal|p1a: ローブシン|62/100|[from] item: Leftovers
|upkeep
|turn|17
|
|t:|1727382344
|move|p2a: Gengar|Shadow Ball|p1a: ローブシン
|-damage|p1a: ローブシン|24/100
|move|p1a: ローブシン|Payback|p2a: Gengar
|-supereffective|p2a: Gengar
|-damage|p2a: Gengar|0 fnt
|faint|p2a: Gengar
|
|-heal|p1a: ローブシン|30/100|[from] item: Leftovers
|upkeep
|
|t:|1727382354
|switch|p2a: Dragonite|Dragonite, M|100/100
|-damage|p2a: Dragonite|76/100|[from] Stealth Rock
|turn|18
|
|t:|1727382358
|move|p2a: Dragonite|Outrage|p1a: ローブシン
|-damage|p1a: ローブシン|0 fnt
|faint|p1a: ローブシン
|
|win|12345678koishi
|raw|UnumGenus's rating: 1500 &rarr; <strong>1475</strong><br />(-25 for losing)
|raw|12345678koishi's rating: 1418 &rarr; <strong>1443</strong><br />(+25 for winning)
|l|☆UnumGenus
|player|p1|
