|j|☆chuzzzi
|j|☆DiegoBrandoTW
|t:|1739213637
|gametype|singles
|player|p1|chuzzzi|dawn|1371
|player|p2|DiegoBrandoTW|youngcouple-gen4dp|1328
|teamsize|p1|6
|teamsize|p2|6
|gen|5
|tier|[Gen 5] OU
|rated|
|rule|Species Clause: Limit one of each Pokémon
|rule|OHKO Clause: OHKO moves are banned
|rule|Moody Clause: Moody is banned
|rule|Evasion Items Clause: Evasion items are banned
|rule|Evasion Moves Clause: Evasion moves are banned
|rule|Endless Battle Clause: Forcing endless battles is banned
|rule|HP Percentage Mod: HP is shown in percentages
|rule|Evasion Abilities Clause: Evasion abilities are banned
|rule|Sleep Moves Clause: Sleep-inducing moves are banned
|rule|Swagger Clause: Swagger is banned
|rule|Baton Pass Stat Clause: No Baton Passer may have a way to boost its stats
|clearpoke
|poke|p1|Hippowdon, M|item
|poke|p1|Ferrothorn, M|item
|poke|p1|Magnezone|item
|poke|p1|Latios, M|item
|poke|p1|Excadrill, M|item
|poke|p1|Reuniclus, F|item
|poke|p2|Hippowdon, F|item
|poke|p2|Blissey, F|item
|poke|p2|Slowbro, M|item
|poke|p2|Gliscor, M|item
|poke|p2|Magneton|item
|poke|p2|Reuniclus, M|item
|teampreview
|inactive|Battle timer is ON: inactive players will automatically lose when time's up. (requested by DiegoBrandoTW)
|inactive|chuzzzi also wants the timer to be on.
|
|t:|1739213651
|start
|switch|p1a: Latios|Latios, M|100/100
|switch|p2a: Magneton|Magneton|100/100
|turn|1
|
|t:|1739213664
|switch|p1a: Hippowdon|Hippowdon, M|100/100
|-weather|Sandstorm|[from] ability: Sand Stream|[of] p1a: Hippowdon
|move|p2a: Magneton|Volt Switch|p1a: Hippowdon
|-immune|p1a: Hippowdon
|
|-weather|Sandstorm|[upkeep]
|upkeep
|turn|2
|
|t:|1739213673
|switch|p2a: Hippowdon|Hippowdon, F|100/100
|switch|p1a: Reuniclus|Reuniclus, F|100/100
|
|-weather|Sandstorm|[upkeep]
|upkeep
|turn|3
|
|t:|1739213685
|switch|p1a: Latios|Latios, M|100/100
|move|p2a: Hippowdon|Whirlwind|p1a: Latios
|drag|p1a: Excadrill|Excadrill, M|100/100
|
|-weather|Sandstorm|[upkeep]
|upkeep
|turn|4
|
|t:|1739213694
|switch|p1a: Hippowdon|Hippowdon, M|100/100
|move|p2a: Hippowdon|Stealth Rock|p1a: Hippowdon
|-sidestart|p1: chuzzzi|move: Stealth Rock
|
|-weather|Sandstorm|[upkeep]
|upkeep
|turn|5
|
|t:|1739213698
|switch|p2a: Slowbro|Slowbro, M|100/100
|move|p1a: Hippowdon|Stealth Rock|p2a: Slowbro
|-sidestart|p2: DiegoBrandoTW|move: Stealth Rock
|
|-weather|Sandstorm|[upkeep]
|-damage|p2a: Slowbro|94/100|[from] Sandstorm
|upkeep
|turn|6
|
|t:|1739213702
|switch|p1a: Reuniclus|Reuniclus, F|100/100
|move|p2a: Slowbro|Scald|p1a: Reuniclus
|-damage|p1a: Reuniclus|75/100
|
|-weather|Sandstorm|[upkeep]
|-damage|p2a: Slowbro|88/100|[from] Sandstorm
|-heal|p1a: Reuniclus|82/100|[from] item: Leftovers
|upkeep
|turn|7
|
|t:|1739213705
|move|p2a: Slowbro|Thunder Wave|p1a: Reuniclus
|-status|p1a: Reuniclus|par
|move|p1a: Reuniclus|Calm Mind|p1a: Reuniclus
|-boost|p1a: Reuniclus|spa|1
|-boost|p1a: Reuniclus|spd|1
|
|-weather|Sandstorm|[upkeep]
|-damage|p2a: Slowbro|82/100|[from] Sandstorm
|-heal|p1a: Reuniclus|88/100 par|[from] item: Leftovers
|upkeep
|turn|8
|
|t:|1739213709
|switch|p2a: Blissey|Blissey, F|100/100
|-damage|p2a: Blissey|88/100|[from] Stealth Rock
|move|p1a: Reuniclus|Calm Mind|p1a: Reuniclus
|-boost|p1a: Reuniclus|spa|1
|-boost|p1a: Reuniclus|spd|1
|
|-weather|Sandstorm|[upkeep]
|-damage|p2a: Blissey|82/100|[from] Sandstorm
|-heal|p2a: Blissey|88/100|[from] item: Leftovers
|-heal|p1a: Reuniclus|94/100 par|[from] item: Leftovers
|upkeep
|turn|9
|
|t:|1739213718
|switch|p2a: Reuniclus|Reuniclus, M|100/100
|switch|p1a: Ferrothorn|Ferrothorn, M|100/100
|-damage|p1a: Ferrothorn|94/100|[from] Stealth Rock
|
|-weather|Sandstorm|[upkeep]
|-heal|p1a: Ferrothorn|100/100|[from] item: Leftovers
|upkeep
|turn|10
|
|t:|1739213727
|switch|p1a: Hippowdon|Hippowdon, M|100/100
|-damage|p1a: Hippowdon|94/100|[from] Stealth Rock
|move|p2a: Reuniclus|Focus Blast|p1a: Hippowdon
|-damage|p1a: Hippowdon|68/100
|-unboost|p1a: Hippowdon|spd|1
|
|-weather|Sandstorm|[upkeep]
|-heal|p1a: Hippowdon|74/100|[from] item: Leftovers
|upkeep
|turn|11
|
|t:|1739213737
|switch|p2a: Slowbro|Slowbro, M|100/100
|-damage|p2a: Slowbro|88/100|[from] Stealth Rock
|move|p1a: Hippowdon|Slack Off|p1a: Hippowdon
|-heal|p1a: Hippowdon|100/100
|
|-weather|Sandstorm|[upkeep]
|-damage|p2a: Slowbro|82/100|[from] Sandstorm
|upkeep
|turn|12
|
|t:|1739213743
|switch|p1a: Reuniclus|Reuniclus, F|94/100 par
|move|p2a: Slowbro|Scald|p1a: Reuniclus
|-damage|p1a: Reuniclus|67/100 par
|
|-weather|Sandstorm|[upkeep]
|-damage|p2a: Slowbro|76/100|[from] Sandstorm
|-heal|p1a: Reuniclus|74/100 par|[from] item: Leftovers
|upkeep
|turn|13
|
|t:|1739213757
|switch|p2a: Gliscor|Gliscor, M|100/100
|-damage|p2a: Gliscor|88/100|[from] Stealth Rock
|switch|p1a: Latios|Latios, M|100/100
|-damage|p1a: Latios|88/100|[from] Stealth Rock
|
|-weather|Sandstorm|[upkeep]
|-damage|p1a: Latios|82/100|[from] Sandstorm
|-status|p2a: Gliscor|tox|[from] item: Toxic Orb
|upkeep
|turn|14
|
|t:|1739213766
|move|p2a: Gliscor|Protect|p2a: Gliscor
|-singleturn|p2a: Gliscor|Protect
|move|p1a: Latios|Surf|p2a: Gliscor
|-activate|p2a: Gliscor|move: Protect
|
|-weather|Sandstorm|[upkeep]
|-damage|p1a: Latios|76/100|[from] Sandstorm
|-heal|p2a: Gliscor|100/100 tox|[from] ability: Poison Heal
|upkeep
|turn|15
|
|t:|1739213770
|switch|p1a: Excadrill|Excadrill, M|100/100
|-damage|p1a: Excadrill|97/100|[from] Stealth Rock
|move|p2a: Gliscor|Facade|p1a: Excadrill
|-resisted|p1a: Excadrill
|-damage|p1a: Excadrill|75/100
|
|-weather|Sandstorm|[upkeep]
|upkeep
|turn|16
|
|t:|1739213776
|switch|p1a: Ferrothorn|Ferrothorn, M|100/100
|-damage|p1a: Ferrothorn|94/100|[from] Stealth Rock
|move|p2a: Gliscor|Earthquake|p1a: Ferrothorn
|-damage|p1a: Ferrothorn|74/100
|
|-weather|Sandstorm|[upkeep]
|-heal|p1a: Ferrothorn|81/100|[from] item: Leftovers
|upkeep
|turn|17
|
|t:|1739213781
|move|p2a: Gliscor|Swords Dance|p2a: Gliscor
|-boost|p2a: Gliscor|atk|2
|move|p1a: Ferrothorn|Leech Seed|p2a: Gliscor
|-start|p2a: Gliscor|move: Leech Seed
|
|-weather|Sandstorm|[upkeep]
|-heal|p1a: Ferrothorn|87/100|[from] item: Leftovers
|-damage|p2a: Gliscor|88/100 tox|[from] Leech Seed|[of] p1a: Ferrothorn
|-heal|p1a: Ferrothorn|99/100|[silent]
|-heal|p2a: Gliscor|100/100 tox|[from] ability: Poison Heal
|upkeep
|turn|18
|
|t:|1739213788
|switch|p1a: Magnezone|Magnezone|100/100
|-damage|p1a: Magnezone|94/100|[from] Stealth Rock
|-item|p1a: Magnezone|Air Balloon
|move|p2a: Gliscor|Earthquake|p1a: Magnezone
|-immune|p1a: Magnezone
|
|-weather|Sandstorm|[upkeep]
|-damage|p2a: Gliscor|88/100 tox|[from] Leech Seed|[of] p1a: Magnezone
|-heal|p1a: Magnezone|100/100|[silent]
|-heal|p2a: Gliscor|100/100 tox|[from] ability: Poison Heal
|upkeep
|turn|19
|
|t:|1739213795
|move|p1a: Magnezone|Magnet Rise|p1a: Magnezone
|-start|p1a: Magnezone|Magnet Rise
|move|p2a: Gliscor|Facade|p1a: Magnezone
|-resisted|p1a: Magnezone
|-damage|p1a: Magnezone|69/100
|-enditem|p1a: Magnezone|Air Balloon
|
|-weather|Sandstorm|[upkeep]
|-damage|p2a: Gliscor|88/100 tox|[from] Leech Seed|[of] p1a: Magnezone
|-heal|p1a: Magnezone|84/100|[silent]
|-heal|p2a: Gliscor|100/100 tox|[from] ability: Poison Heal
|upkeep
|turn|20
|
|t:|1739213799
|switch|p2a: Blissey|Blissey, F|88/100
|-damage|p2a: Blissey|76/100|[from] Stealth Rock
|move|p1a: Magnezone|Hidden Power|p2a: Blissey
|-damage|p2a: Blissey|66/100
|
|-weather|Sandstorm|[upkeep]
|-damage|p2a: Blissey|60/100|[from] Sandstorm
|-heal|p2a: Blissey|66/100|[from] item: Leftovers
|upkeep
|turn|21
|
|t:|1739213805
|move|p1a: Magnezone|Thunder Wave|p2a: Blissey
|-status|p2a: Blissey|par
|move|p2a: Blissey|Thunder Wave|p1a: Magnezone
|-status|p1a: Magnezone|par
|
|-weather|Sandstorm|[upkeep]
|-damage|p2a: Blissey|60/100 par|[from] Sandstorm
|-heal|p2a: Blissey|66/100 par|[from] item: Leftovers
|upkeep
|turn|22
|
|t:|1739213809
|switch|p1a: Latios|Latios, M|76/100
|-damage|p1a: Latios|64/100|[from] Stealth Rock
|move|p2a: Blissey|Soft-Boiled|p2a: Blissey
|-heal|p2a: Blissey|100/100 par
|
|-weather|Sandstorm|[upkeep]
|-damage|p1a: Latios|58/100|[from] Sandstorm
|-damage|p2a: Blissey|94/100 par|[from] Sandstorm
|-heal|p2a: Blissey|100/100 par|[from] item: Leftovers
|upkeep
|turn|23
|
|t:|1739213812
|move|p1a: Latios|Trick|p2a: Blissey
|-activate|p1a: Latios|move: Trick|[of] p2a: Blissey
|-item|p2a: Blissey|Choice Specs|[from] move: Trick
|-item|p1a: Latios|Leftovers|[from] move: Trick
|move|p2a: Blissey|Thunder Wave|p1a: Latios
|-status|p1a: Latios|par
|
|-weather|Sandstorm|[upkeep]
|-damage|p1a: Latios|52/100 par|[from] Sandstorm
|-damage|p2a: Blissey|94/100 par|[from] Sandstorm
|-heal|p1a: Latios|58/100 par|[from] item: Leftovers
|upkeep
|turn|24
|
|t:|1739213824
|move|p1a: Latios|Recover|p1a: Latios
|-heal|p1a: Latios|100/100 par
|move|p2a: Blissey|Thunder Wave|p1a: Latios
|-fail|p1a: Latios|par
|
|-weather|Sandstorm|[upkeep]
|-damage|p1a: Latios|95/100 par|[from] Sandstorm
|-damage|p2a: Blissey|88/100 par|[from] Sandstorm
|-heal|p1a: Latios|100/100 par|[from] item: Leftovers
|upkeep
|turn|25
|
|t:|1739213829
|-curestatus|p2a: Blissey|par|[from] ability: Natural Cure
|switch|p2a: Reuniclus|Reuniclus, M|100/100
|move|p1a: Latios|Surf|p2a: Reuniclus
|-damage|p2a: Reuniclus|71/100
|
|-weather|Sandstorm|[upkeep]
|-damage|p1a: Latios|95/100 par|[from] Sandstorm
|-heal|p2a: Reuniclus|77/100|[from] item: Leftovers
|-heal|p1a: Latios|100/100 par|[from] item: Leftovers
|upkeep
|turn|26
|
|t:|1739213840
|switch|p1a: Reuniclus|Reuniclus, F|74/100 par
|move|p2a: Reuniclus|Recover|p2a: Reuniclus
|-heal|p2a: Reuniclus|100/100
|
|-weather|Sandstorm|[upkeep]
|-heal|p1a: Reuniclus|80/100 par|[from] item: Leftovers
|upkeep
|turn|27
|
|t:|1739213852
|move|p2a: Reuniclus|Calm Mind|p2a: Reuniclus
|-boost|p2a: Reuniclus|spa|1
|-boost|p2a: Reuniclus|spd|1
|move|p1a: Reuniclus|Calm Mind|p1a: Reuniclus
|-boost|p1a: Reuniclus|spa|1
|-boost|p1a: Reuniclus|spd|1
|
|-weather|Sandstorm|[upkeep]
|-heal|p1a: Reuniclus|86/100 par|[from] item: Leftovers
|upkeep
|turn|28
|
|t:|1739213854
|move|p2a: Reuniclus|Calm Mind|p2a: Reuniclus
|-boost|p2a: Reuniclus|spa|1
|-boost|p2a: Reuniclus|spd|1
|cant|p1a: Reuniclus|par
|
|-weather|Sandstorm|[upkeep]
|-heal|p1a: Reuniclus|92/100 par|[from] item: Leftovers
|upkeep
|turn|29
|
|t:|1739213856
|move|p2a: Reuniclus|Psyshock|p1a: Reuniclus
|-resisted|p1a: Reuniclus
|-damage|p1a: Reuniclus|70/100 par
|move|p1a: Reuniclus|Calm Mind|p1a: Reuniclus
|-boost|p1a: Reuniclus|spa|1
|-boost|p1a: Reuniclus|spd|1
|
|-weather|Sandstorm|[upkeep]
|-heal|p1a: Reuniclus|76/100 par|[from] item: Leftovers
|upkeep
|turn|30
|
|t:|1739213870
|move|p2a: Reuniclus|Calm Mind|p2a: Reuniclus
|-boost|p2a: Reuniclus|spa|1
|-boost|p2a: Reuniclus|spd|1
|move|p1a: Reuniclus|Recover|p1a: Reuniclus
|-heal|p1a: Reuniclus|100/100 par
|
|-weather|Sandstorm|[upkeep]
|upkeep
|turn|31
|
|t:|1739213875
|move|p2a: Reuniclus|Psyshock|p1a: Reuniclus
|-resisted|p1a: Reuniclus
|-damage|p1a: Reuniclus|72/100 par
|move|p1a: Reuniclus|Calm Mind|p1a: Reuniclus
|-boost|p1a: Reuniclus|spa|1
|-boost|p1a: Reuniclus|spd|1
|
|-weather|Sandstorm|[upkeep]
|-heal|p1a: Reuniclus|78/100 par|[from] item: Leftovers
|upkeep
|turn|32
|
|t:|1739213878
|move|p2a: Reuniclus|Psyshock|p1a: Reuniclus
|-resisted|p1a: Reuniclus
|-damage|p1a: Reuniclus|50/100 par
|move|p1a: Reuniclus|Calm Mind|p1a: Reuniclus
|-boost|p1a: Reuniclus|spa|1
|-boost|p1a: Reuniclus|spd|1
|
|-weather|Sandstorm|[upkeep]
|-heal|p1a: Reuniclus|56/100 par|[from] item: Leftovers
|upkeep
|turn|33
|
|t:|1739213882
|move|p2a: Reuniclus|Calm Mind|p2a: Reuniclus
|-boost|p2a: Reuniclus|spa|1
|-boost|p2a: Reuniclus|spd|1
|move|p1a: Reuniclus|Recover|p1a: Reuniclus
|-heal|p1a: Reuniclus|100/100 par
|
|-weather|Sandstorm|[upkeep]
|upkeep
|turn|34
|
|t:|1739213883
|move|p2a: Reuniclus|Calm Mind|p2a: Reuniclus
|-boost|p2a: Reuniclus|spa|1
|-boost|p2a: Reuniclus|spd|1
|move|p1a: Reuniclus|Calm Mind|p1a: Reuniclus
|-boost|p1a: Reuniclus|spa|1
|-boost|p1a: Reuniclus|spd|1
|
|-weather|Sandstorm|[upkeep]
|upkeep
|turn|35
|
|t:|1739213885
|move|p2a: Reuniclus|Calm Mind|p2a: Reuniclus
|-boost|p2a: Reuniclus|spa|1
|-boost|p2a: Reuniclus|spd|1
|move|p1a: Reuniclus|Calm Mind|p1a: Reuniclus
|-boost|p1a: Reuniclus|spa|1
|-boost|p1a: Reuniclus|spd|1
|
|-weather|Sandstorm|[upkeep]
|upkeep
|turn|36
|
|t:|1739213889
|move|p2a: Reuniclus|Psyshock|p1a: Reuniclus
|-resisted|p1a: Reuniclus
|-damage|p1a: Reuniclus|53/100 par
|move|p1a: Reuniclus|Thunder|p2a: Reuniclus
|-damage|p2a: Reuniclus|70/100
|
|-weather|Sandstorm|[upkeep]
|-heal|p2a: Reuniclus|76/100|[from] item: Leftovers
|-heal|p1a: Reuniclus|59/100 par|[from] item: Leftovers
|upkeep
|turn|37
|
|t:|1739213896
|move|p2a: Reuniclus|Psyshock|p1a: Reuniclus
|-resisted|p1a: Reuniclus
|-damage|p1a: Reuniclus|11/100 par
|move|p1a: Reuniclus|Recover|p1a: Reuniclus
|-heal|p1a: Reuniclus|61/100 par
|
|-weather|Sandstorm|[upkeep]
|-heal|p2a: Reuniclus|82/100|[from] item: Leftovers
|-heal|p1a: Reuniclus|67/100 par|[from] item: Leftovers
|upkeep
|turn|38
|
|t:|1739213899
|move|p2a: Reuniclus|Psyshock|p1a: Reuniclus
|-resisted|p1a: Reuniclus
|-damage|p1a: Reuniclus|19/100 par
|cant|p1a: Reuniclus|par
|
|-weather|Sandstorm|[upkeep]
|-heal|p2a: Reuniclus|88/100|[from] item: Leftovers
|-heal|p1a: Reuniclus|25/100 par|[from] item: Leftovers
|upkeep
|turn|39
|
|t:|1739213902
|move|p2a: Reuniclus|Psyshock|p1a: Reuniclus
|-resisted|p1a: Reuniclus
|-damage|p1a: Reuniclus|0 fnt
|faint|p1a: Reuniclus
|
|-weather|Sandstorm|[upkeep]
|-heal|p2a: Reuniclus|95/100|[from] item: Leftovers
|upkeep
|
|t:|1739213904
|switch|p1a: Excadrill|Excadrill, M|75/100
|-damage|p1a: Excadrill|72/100|[from] Stealth Rock
|turn|40
|
|t:|1739213906
|move|p1a: Excadrill|Iron Head|p2a: Reuniclus
|-damage|p2a: Reuniclus|49/100
|move|p2a: Reuniclus|Focus Blast|p1a: Excadrill|[miss]
|-miss|p2a: Reuniclus|p1a: Excadrill
|
|-weather|Sandstorm|[upkeep]
|-heal|p2a: Reuniclus|55/100|[from] item: Leftovers
|upkeep
|turn|41
|
|t:|1739213913
|switch|p1a: Hippowdon|Hippowdon, M|100/100
|-damage|p1a: Hippowdon|94/100|[from] Stealth Rock
|move|p2a: Reuniclus|Recover|p2a: Reuniclus
|-heal|p2a: Reuniclus|100/100
|
|-weather|Sandstorm|[upkeep]
|-heal|p1a: Hippowdon|100/100|[from] item: Leftovers
|upkeep
|turn|42
|
|t:|1739213915
|move|p2a: Reuniclus|Psyshock|p1a: Hippowdon
|-damage|p1a: Hippowdon|22/100
|move|p1a: Hippowdon|Whirlwind|p2a: Reuniclus
|drag|p2a: Hippowdon|Hippowdon, F|100/100
|-damage|p2a: Hippowdon|94/100|[from] Stealth Rock
|
|-weather|Sandstorm|[upkeep]
|-heal|p1a: Hippowdon|29/100|[from] item: Leftovers
|-heal|p2a: Hippowdon|100/100|[from] item: Leftovers
|upkeep
|turn|43
|
|t:|1739213922
|move|p2a: Hippowdon|Earthquake|p1a: Hippowdon
|-damage|p1a: Hippowdon|6/100
|move|p1a: Hippowdon|Slack Off|p1a: Hippowdon
|-heal|p1a: Hippowdon|56/100
|
|-weather|Sandstorm|[upkeep]
|-heal|p1a: Hippowdon|63/100|[from] item: Leftovers
|upkeep
|turn|44
|
|t:|1739213925
|move|p1a: Hippowdon|Slack Off|p1a: Hippowdon
|-heal|p1a: Hippowdon|100/100
|move|p2a: Hippowdon|Whirlwind|p1a: Hippowdon
|drag|p1a: Ferrothorn|Ferrothorn, M|99/100
|-damage|p1a: Ferrothorn|93/100|[from] Stealth Rock
|
|-weather|Sandstorm|[upkeep]
|-heal|p1a: Ferrothorn|99/100|[from] item: Leftovers
|upkeep
|turn|45
|
|t:|1739213930
|switch|p2a: Magneton|Magneton|100/100
|-damage|p2a: Magneton|94/100|[from] Stealth Rock
|switch|p1a: Hippowdon|Hippowdon, M|100/100
|-damage|p1a: Hippowdon|94/100|[from] Stealth Rock
|
|-weather|Sandstorm|[upkeep]
|-heal|p1a: Hippowdon|100/100|[from] item: Leftovers
|upkeep
|turn|46
|
|t:|1739213934
|switch|p2a: Slowbro|Slowbro, M|100/100
|-damage|p2a: Slowbro|88/100|[from] Stealth Rock
|move|p1a: Hippowdon|Whirlwind|p2a: Slowbro
|drag|p2a: Magneton|Magneton|94/100
|-damage|p2a: Magneton|88/100|[from] Stealth Rock
|
|-weather|Sandstorm|[upkeep]
|upkeep
|turn|47
|
|t:|1739213940
|switch|p2a: Hippowdon|Hippowdon, F|100/100
|-damage|p2a: Hippowdon|94/100|[from] Stealth Rock
|move|p1a: Hippowdon|Whirlwind|p2a: Hippowdon
|drag|p2a: Gliscor|Gliscor, M|100/100 tox
|-damage|p2a: Gliscor|88/100 tox|[from] Stealth Rock
|
|-weather|Sandstorm|[upkeep]
|-heal|p2a: Gliscor|100/100 tox|[from] ability: Poison Heal
|upkeep
|turn|48
|
|t:|1739213944
|move|p2a: Gliscor|Facade|p1a: Hippowdon
|-damage|p1a: Hippowdon|81/100
|move|p1a: Hippowdon|Whirlwind|p2a: Gliscor
|drag|p2a: Blissey|Blissey, F|88/100
|-damage|p2a: Blissey|76/100|[from] Stealth Rock
|
|-weather|Sandstorm|[upkeep]
|-damage|p2a: Blissey|70/100|[from] Sandstorm
|-heal|p1a: Hippowdon|88/100|[from] item: Leftovers
|upkeep
|turn|49
|
|t:|1739213949
|move|p2a: Blissey|Ice Beam|p1a: Hippowdon
|-supereffective|p1a: Hippowdon
|-damage|p1a: Hippowdon|46/100
|-status|p1a: Hippowdon|frz
|cant|p1a: Hippowdon|frz
|
|-weather|Sandstorm|[upkeep]
|-damage|p2a: Blissey|63/100|[from] Sandstorm
|-heal|p1a: Hippowdon|52/100 frz|[from] item: Leftovers
|upkeep
|turn|50
|
|t:|1739213951
|move|p2a: Blissey|Ice Beam|p1a: Hippowdon
|-supereffective|p1a: Hippowdon
|-damage|p1a: Hippowdon|9/100 frz
|cant|p1a: Hippowdon|frz
|
|-weather|Sandstorm|[upkeep]
|-damage|p2a: Blissey|57/100|[from] Sandstorm
|-heal|p1a: Hippowdon|15/100 frz|[from] item: Leftovers
|upkeep
|turn|51
|
|t:|1739213954
|switch|p1a: Ferrothorn|Ferrothorn, M|99/100
|-damage|p1a: Ferrothorn|93/100|[from] Stealth Rock
|move|p2a: Blissey|Ice Beam|p1a: Ferrothorn
|-damage|p1a: Ferrothorn|74/100
|
|-weather|Sandstorm|[upkeep]
|-damage|p2a: Blissey|51/100|[from] Sandstorm
|-heal|p1a: Ferrothorn|80/100|[from] item: Leftovers
|upkeep
|turn|52
|
|t:|1739213956
|switch|p2a: Magneton|Magneton|88/100
|-damage|p2a: Magneton|82/100|[from] Stealth Rock
|move|p1a: Ferrothorn|Leech Seed|p2a: Magneton|[miss]
|-miss|p1a: Ferrothorn|p2a: Magneton
|
|-weather|Sandstorm|[upkeep]
|-heal|p1a: Ferrothorn|87/100|[from] item: Leftovers
|upkeep
|turn|53
|
|t:|1739213959
|move|p2a: Magneton|Hidden Power|p1a: Ferrothorn
|-supereffective|p1a: Ferrothorn
|-damage|p1a: Ferrothorn|22/100
|move|p1a: Ferrothorn|Leech Seed|p2a: Magneton
|-start|p2a: Magneton|move: Leech Seed
|
|-weather|Sandstorm|[upkeep]
|-heal|p1a: Ferrothorn|28/100|[from] item: Leftovers
|-damage|p2a: Magneton|69/100|[from] Leech Seed|[of] p1a: Ferrothorn
|-heal|p1a: Ferrothorn|37/100|[silent]
|upkeep
|turn|54
|
|t:|1739213961
|move|p1a: Ferrothorn|Protect|p1a: Ferrothorn
|-singleturn|p1a: Ferrothorn|Protect
|move|p2a: Magneton|Hidden Power|p1a: Ferrothorn
|-activate|p1a: Ferrothorn|move: Protect
|
|-weather|Sandstorm|[upkeep]
|-heal|p1a: Ferrothorn|43/100|[from] item: Leftovers
|-damage|p2a: Magneton|57/100|[from] Leech Seed|[of] p1a: Ferrothorn
|-heal|p1a: Ferrothorn|51/100|[silent]
|upkeep
|turn|55
|
|t:|1739213963
|move|p1a: Ferrothorn|Protect||[still]
|-fail|p1a: Ferrothorn
|move|p2a: Magneton|Hidden Power|p1a: Ferrothorn
|-supereffective|p1a: Ferrothorn
|-damage|p1a: Ferrothorn|0 fnt
|faint|p1a: Ferrothorn
|
|-weather|Sandstorm|[upkeep]
|upkeep
|-message|chuzzzi forfeited.
|
|win|DiegoBrandoTW
|raw|chuzzzi's rating: 1371 &rarr; <strong>1349</strong><br />(-22 for losing)
|raw|DiegoBrandoTW's rating: 1328 &rarr; <strong>1350</strong><br />(+22 for winning)
|l|☆chuzzzi
|player|p1|
