|uhtml|medal-msg|<div class="broadcast-blue">Curious what those medals under the avatar are? PS now has Ladder Seasons! For more information, check out the <a href="https://www.smogon.com/forums/threads/3740067/">thread on Smogon.</a></div>
|uhtml|medal-msg|<div class="broadcast-blue">Curious what those medals under the avatar are? PS now has Ladder Seasons! For more information, check out the <a href="https://www.smogon.com/forums/threads/3740067/">thread on Smogon.</a></div>
|j|☆happyhitbox
|j|☆EG Jhonx
|t:|1712796005
|gametype|singles
|player|p1|happyhitbox|gambler|1373
|player|p2|EG Jhonx|#gscpl4ladderbayleefsaints|1538
|teamsize|p1|6
|teamsize|p2|6
|gen|5
|tier|[Gen 5] OU
|rated|
|rule|Species Clause: Limit one of each Pokémon
|rule|OHKO Clause: OHKO moves are banned
|rule|Moody Clause: Moody is banned
|rule|Evasion Items Clause: Evasion items are banned
|rule|Evasion Moves Clause: Evasion moves are banned
|rule|Endless Battle Clause: Forcing endless battles is banned
|rule|HP Percentage Mod: HP is shown in percentages
|rule|Evasion Abilities Clause: Evasion abilities are banned
|rule|Sleep Moves Clause: Sleep-inducing moves are banned
|rule|Swagger Clause: Swagger is banned
|rule|Baton Pass Stat Clause: No Baton Passer may have a way to boost its stats
|clearpoke
|poke|p1|Jirachi|item
|poke|p1|Seismitoad, M|item
|poke|p1|Politoed, F|item
|poke|p1|Forretress, M|item
|poke|p1|Breloom, M|item
|poke|p1|Volcarona, F|item
|poke|p2|Politoed, F|item
|poke|p2|Breloom, F|item
|poke|p2|Starmie|item
|poke|p2|Jirachi|item
|poke|p2|Thundurus-Therian, M|item
|poke|p2|Latias, F|item
|teampreview
|inactive|Battle timer is ON: inactive players will automatically lose when time's up. (requested by happyhitbox)
|j| Dark_Aura69
|inactive|EG Jhonx has 120 seconds left.
|l|☆happyhitbox
|inactive|happyhitbox disconnected and has a minute to reconnect!
|player|p1|
|j|☆happyhitbox
|inactive|happyhitbox reconnected.
|player|p1|happyhitbox|gambler|
|
|t:|1712796060
|start
|switch|p1a: Volcarona|Volcarona, F|100/100
|switch|p2a: Jirachi|Jirachi|100/100
|turn|1
|
|t:|1712796069
|move|p1a: Volcarona|Quiver Dance|p1a: Volcarona
|-boost|p1a: Volcarona|spa|1
|-boost|p1a: Volcarona|spd|1
|-boost|p1a: Volcarona|spe|1
|move|p2a: Jirachi|U-turn|p1a: Volcarona
|-resisted|p1a: Volcarona
|-damage|p1a: Volcarona|89/100
|
|t:|1712796072
|switch|p2a: Politoed|Politoed, F|100/100|[from] U-turn
|-weather|RainDance|[from] ability: Drizzle|[of] p2a: Politoed
|
|-weather|RainDance|[upkeep]
|upkeep
|turn|2
|l| Dark_Aura69
|
|t:|1712796084
|switch|p1a: Seismitoad|Seismitoad, M|100/100
|move|p2a: Politoed|Encore||[still]
|-fail|p2a: Politoed
|
|-weather|RainDance|[upkeep]
|upkeep
|turn|3
|
|t:|1712796089
|switch|p2a: Jirachi|Jirachi|100/100
|move|p1a: Seismitoad|Stealth Rock|p2a: Jirachi
|-sidestart|p2: EG Jhonx|move: Stealth Rock
|
|-weather|RainDance|[upkeep]
|upkeep
|turn|4
|
|t:|1712796093
|move|p2a: Jirachi|Stealth Rock|p1a: Seismitoad
|-sidestart|p1: happyhitbox|move: Stealth Rock
|move|p1a: Seismitoad|Earthquake|p2a: Jirachi
|-supereffective|p2a: Jirachi
|-damage|p2a: Jirachi|57/100
|
|-weather|RainDance|[upkeep]
|upkeep
|turn|5
|
|t:|1712796097
|move|p2a: Jirachi|U-turn|p1a: Seismitoad
|-damage|p1a: Seismitoad|89/100
|
|t:|1712796100
|switch|p2a: Politoed|Politoed, F|100/100|[from] U-turn
|-damage|p2a: Politoed|88/100|[from] Stealth Rock
|move|p1a: Seismitoad|Scald|p2a: Politoed
|-resisted|p2a: Politoed
|-damage|p2a: Politoed|76/100
|-status|p2a: Politoed|brn
|-enditem|p2a: Politoed|Eject Button
|
|t:|1712796103
|switch|p2a: Breloom|Breloom, F|100/100
|-damage|p2a: Breloom|94/100|[from] Stealth Rock
|
|-weather|RainDance|[upkeep]
|-heal|p1a: Seismitoad|95/100|[from] item: Leftovers
|upkeep
|turn|6
|
|t:|1712796111
|switch|p1a: Forretress|Forretress, M|100/100
|-damage|p1a: Forretress|88/100|[from] Stealth Rock
|move|p2a: Breloom|Bullet Seed|p1a: Forretress
|-resisted|p1a: Forretress
|-damage|p1a: Forretress|84/100
|-resisted|p1a: Forretress
|-damage|p1a: Forretress|79/100
|-resisted|p1a: Forretress
|-damage|p1a: Forretress|75/100
|-resisted|p1a: Forretress
|-damage|p1a: Forretress|70/100
|-resisted|p1a: Forretress
|-damage|p1a: Forretress|66/100
|-hitcount|p1a: Forretress|5
|
|-weather|RainDance|[upkeep]
|-heal|p1a: Forretress|72/100|[from] item: Leftovers
|upkeep
|turn|7
|
|t:|1712796128
|switch|p2a: Jirachi|Jirachi|57/100
|-damage|p2a: Jirachi|51/100|[from] Stealth Rock
|move|p1a: Forretress|Rapid Spin|p2a: Jirachi
|-resisted|p2a: Jirachi
|-damage|p2a: Jirachi|50/100
|-sideend|p1: happyhitbox|Stealth Rock|[from] move: Rapid Spin|[of] p1a: Forretress
|-enditem|p2a: Jirachi|Sitrus Berry|[eat]
|-heal|p2a: Jirachi|75/100|[from] item: Sitrus Berry
|
|-weather|RainDance|[upkeep]
|-heal|p1a: Forretress|78/100|[from] item: Leftovers
|upkeep
|turn|8
|
|t:|1712796142
|switch|p1a: Seismitoad|Seismitoad, M|95/100
|move|p2a: Jirachi|Stealth Rock|p1a: Seismitoad
|-sidestart|p1: happyhitbox|move: Stealth Rock
|
|-weather|RainDance|[upkeep]
|-heal|p1a: Seismitoad|100/100|[from] item: Leftovers
|upkeep
|turn|9
|
|t:|1712796147
|move|p2a: Jirachi|U-turn|p1a: Seismitoad
|-damage|p1a: Seismitoad|88/100
|
|t:|1712796149
|switch|p2a: Politoed|Politoed, F|76/100 brn|[from] U-turn
|-damage|p2a: Politoed|64/100 brn|[from] Stealth Rock
|move|p1a: Seismitoad|Earthquake|p2a: Politoed
|-damage|p2a: Politoed|34/100 brn
|
|-weather|RainDance|[upkeep]
|-heal|p1a: Seismitoad|94/100|[from] item: Leftovers
|-damage|p2a: Politoed|22/100 brn|[from] brn
|upkeep
|turn|10
|
|t:|1712796165
|move|p2a: Politoed|Thief|p1a: Seismitoad
|-damage|p1a: Seismitoad|92/100
|-enditem|p1a: Seismitoad|Leftovers|[silent]|[from] move: Thief|[of] p2a: Politoed
|-item|p2a: Politoed|Leftovers|[from] move: Thief|[of] p1a: Seismitoad
|move|p1a: Seismitoad|Refresh||[still]
|-fail|p1a: Seismitoad
|
|-weather|RainDance|[upkeep]
|-heal|p2a: Politoed|28/100 brn|[from] item: Leftovers
|-damage|p2a: Politoed|16/100 brn|[from] brn
|upkeep
|turn|11
|
|t:|1712796179
|switch|p1a: Forretress|Forretress, M|78/100
|-damage|p1a: Forretress|66/100|[from] Stealth Rock
|move|p2a: Politoed|Encore||[still]
|-fail|p2a: Politoed
|
|-weather|RainDance|[upkeep]
|-heal|p2a: Politoed|22/100 brn|[from] item: Leftovers
|-heal|p1a: Forretress|72/100|[from] item: Leftovers
|-damage|p2a: Politoed|10/100 brn|[from] brn
|upkeep
|turn|12
|
|t:|1712796185
|switch|p2a: Breloom|Breloom, F|94/100
|-damage|p2a: Breloom|88/100|[from] Stealth Rock
|switch|p1a: Seismitoad|Seismitoad, M|92/100
|-damage|p1a: Seismitoad|86/100|[from] Stealth Rock
|
|-weather|RainDance|[upkeep]
|upkeep
|turn|13
|
|t:|1712796193
|switch|p1a: Jirachi|Jirachi|100/100
|-damage|p1a: Jirachi|94/100|[from] Stealth Rock
|move|p2a: Breloom|Low Sweep|p1a: Jirachi
|-damage|p1a: Jirachi|29/100
|-unboost|p1a: Jirachi|spe|1
|
|-weather|RainDance|[upkeep]
|-heal|p1a: Jirachi|36/100|[from] item: Leftovers
|upkeep
|turn|14
|
|t:|1712796205
|switch|p1a: Forretress|Forretress, M|72/100
|-damage|p1a: Forretress|60/100|[from] Stealth Rock
|move|p2a: Breloom|Low Sweep|p1a: Forretress
|-damage|p1a: Forretress|20/100
|-unboost|p1a: Forretress|spe|1
|
|-weather|RainDance|[upkeep]
|-heal|p1a: Forretress|26/100|[from] item: Leftovers
|upkeep
|turn|15
|
|t:|1712796212
|move|p2a: Breloom|Low Sweep|p1a: Forretress
|-damage|p1a: Forretress|0 fnt
|faint|p1a: Forretress
|
|-weather|RainDance|[upkeep]
|upkeep
|
|t:|1712796216
|switch|p1a: Volcarona|Volcarona, F|89/100
|-damage|p1a: Volcarona|39/100|[from] Stealth Rock
|turn|16
|
|t:|1712796222
|switch|p2a: Politoed|Politoed, F|10/100 brn
|-damage|p2a: Politoed|0 fnt|[from] Stealth Rock
|faint|p2a: Politoed
|move|p1a: Volcarona|Flamethrower|p2: Politoed|[notarget]
|-fail|p1a: Volcarona
|
|-weather|RainDance|[upkeep]
|upkeep
|j| Dark_Aura69
|
|t:|1712796230
|switch|p2a: Latias|Latias, F|100/100
|-damage|p2a: Latias|88/100|[from] Stealth Rock
|turn|17
|
|t:|1712796233
|move|p2a: Latias|Psyshock|p1a: Volcarona
|-damage|p1a: Volcarona|0 fnt
|faint|p1a: Volcarona
|
|-weather|RainDance|[upkeep]
|upkeep
|
|t:|1712796236
|switch|p1a: Jirachi|Jirachi|36/100
|-damage|p1a: Jirachi|29/100|[from] Stealth Rock
|turn|18
|
|t:|1712796260
|switch|p2a: Thundurus|Thundurus-Therian, M|100/100
|-damage|p2a: Thundurus|76/100|[from] Stealth Rock
|move|p1a: Jirachi|Wish|p1a: Jirachi
|
|-weather|RainDance|[upkeep]
|-heal|p1a: Jirachi|36/100|[from] item: Leftovers
|upkeep
|turn|19
|
|t:|1712796270
|move|p2a: Thundurus|Thunder|p1a: Jirachi
|-damage|p1a: Jirachi|0 fnt
|faint|p1a: Jirachi
|
|-weather|RainDance|[upkeep]
|upkeep
|
|t:|1712796273
|switch|p1a: Seismitoad|Seismitoad, M|86/100
|-damage|p1a: Seismitoad|80/100|[from] Stealth Rock
|turn|20
|c|☆EG Jhonx|gg
|
|t:|1712796281
|move|p2a: Thundurus|Focus Blast|p1a: Seismitoad|[miss]
|-miss|p2a: Thundurus|p1a: Seismitoad
|move|p1a: Seismitoad|Scald|p2a: Thundurus
|-damage|p2a: Thundurus|31/100
|
|-weather|RainDance|[upkeep]
|upkeep
|turn|21
|
|t:|1712796284
|move|p2a: Thundurus|Focus Blast|p1a: Seismitoad
|-damage|p1a: Seismitoad|36/100
|move|p1a: Seismitoad|Scald|p2a: Thundurus
|-damage|p2a: Thundurus|0 fnt
|faint|p2a: Thundurus
|
|-weather|RainDance|[upkeep]
|upkeep
|
|t:|1712796290
|switch|p2a: Breloom|Breloom, F|88/100
|-damage|p2a: Breloom|82/100|[from] Stealth Rock
|turn|22
|
|t:|1712796294
|move|p2a: Breloom|Low Sweep|p1a: Seismitoad
|-damage|p1a: Seismitoad|0 fnt
|faint|p1a: Seismitoad
|
|-weather|RainDance|[upkeep]
|upkeep
|
|t:|1712796296
|switch|p1a: Breloom|Breloom, M|100/100
|-damage|p1a: Breloom|94/100|[from] Stealth Rock
|turn|23
|
|t:|1712796304
|switch|p2a: Latias|Latias, F|88/100
|-damage|p2a: Latias|76/100|[from] Stealth Rock
|move|p1a: Breloom|Mach Punch|p2a: Latias
|-resisted|p2a: Latias
|-damage|p2a: Latias|54/100
|
|-weather|RainDance|[upkeep]
|upkeep
|turn|24
|
|t:|1712796309
|switch|p1a: Politoed|Politoed, F|100/100
|-damage|p1a: Politoed|88/100|[from] Stealth Rock
|move|p2a: Latias|Psyshock|p1a: Politoed
|-damage|p1a: Politoed|47/100
|
|-weather|RainDance|[upkeep]
|upkeep
|turn|25
|
|t:|1712796317
|switch|p2a: Jirachi|Jirachi|75/100
|-damage|p2a: Jirachi|68/100|[from] Stealth Rock
|move|p1a: Politoed|Hydro Pump|p2a: Jirachi
|-damage|p2a: Jirachi|0 fnt
|faint|p2a: Jirachi
|
|-weather|RainDance|[upkeep]
|upkeep
|
|t:|1712796324
|switch|p2a: Starmie|Starmie|100/100
|-damage|p2a: Starmie|88/100|[from] Stealth Rock
|turn|26
|
|t:|1712796331
|switch|p2a: Latias|Latias, F|54/100
|-damage|p2a: Latias|42/100|[from] Stealth Rock
|move|p1a: Politoed|Hydro Pump|p2a: Latias
|-resisted|p2a: Latias
|-damage|p2a: Latias|0 fnt
|faint|p2a: Latias
|
|-weather|RainDance|[upkeep]
|upkeep
|
|t:|1712796336
|switch|p2a: Breloom|Breloom, F|82/100
|-damage|p2a: Breloom|76/100|[from] Stealth Rock
|turn|27
|
|t:|1712796342
|move|p2a: Breloom|Mach Punch|p1a: Politoed
|-crit|p1a: Politoed
|-damage|p1a: Politoed|0 fnt
|faint|p1a: Politoed
|
|-weather|RainDance|[upkeep]
|upkeep
|
|t:|1712796351
|switch|p1a: Breloom|Breloom, M|94/100
|-damage|p1a: Breloom|88/100|[from] Stealth Rock
|turn|28
|inactive|happyhitbox has 120 seconds left.
|
|t:|1712796391
|move|p2a: Breloom|Mach Punch|p1a: Breloom
|-damage|p1a: Breloom|7/100
|move|p1a: Breloom|Swords Dance|p1a: Breloom
|-boost|p1a: Breloom|atk|2
|
|-weather|RainDance|[upkeep]
|upkeep
|turn|29
|
|t:|1712796395
|move|p1a: Breloom|Mach Punch|p2a: Breloom
|-damage|p2a: Breloom|0 fnt
|faint|p2a: Breloom
|
|-weather|RainDance|[upkeep]
|upkeep
|
|t:|1712796397
|switch|p2a: Starmie|Starmie|88/100
|-damage|p2a: Starmie|76/100|[from] Stealth Rock
|turn|30
|
|t:|1712796400
|move|p1a: Breloom|Mach Punch|p2a: Starmie
|-resisted|p2a: Starmie
|-damage|p2a: Starmie|20/100
|move|p2a: Starmie|Ice Beam|p1a: Breloom
|-supereffective|p1a: Breloom
|-crit|p1a: Breloom
|-damage|p1a: Breloom|0 fnt
|faint|p1a: Breloom
|
|win|EG Jhonx
|raw|happyhitbox's rating: 1373 &rarr; <strong>1362</strong><br />(-11 for losing)
|raw|EG Jhonx's rating: 1538 &rarr; <strong>1549</strong><br />(+11 for winning)
|c|☆happyhitbox|Gg
|c|☆EG Jhonx|gg
