|j|☆LonzoMadeKuz
|j|☆Typhlito
|player|p1|LonzoMadeKuz|50|1413
|player|p2|Typhlito|#typhlito|1325
|teamsize|p1|6
|teamsize|p2|6
|gametype|singles
|gen|5
|tier|[Gen 5] OU
|rated|
|clearpoke
|poke|p1|Reuniclus, F|item
|poke|p1|Abomasnow, M|item
|poke|p1|Scizor, F|item
|poke|p1|Tentacruel, M|item
|poke|p1|Kyurem-Black|item
|poke|p1|Landorus-Therian, M|item
|poke|p2|Abomasnow, F|item
|poke|p2|Xatu, F|item
|poke|p2|Nidoqueen, F|item
|poke|p2|Weavile, F|item
|poke|p2|Reuniclus, F|item
|poke|p2|Heatran, M|item
|rule|Species Clause: Limit one of each Pokémon
|rule|OHKO Clause: OHKO moves are banned
|rule|Moody Clause: Moody is banned
|rule|Evasion Moves Clause: Evasion moves are banned
|rule|Endless Battle Clause: Forcing endless battles is banned
|rule|HP Percentage Mod: HP is shown in percentages
|rule|Evasion Abilities Clause: Evasion abilities are banned
|rule|Baton Pass Clause: Limit one Baton Passer, can't pass Spe and other stats simultaneously
|rule|Sleep Clause: Sleep-inducing moves are banned
|rule|Swagger Clause: Swagger is banned
|teampreview
|c|☆Typhlito|cool
|
|start
|switch|p1a: Scizor|Scizor, F|100/100
|switch|p2a: Xatu|Xatu, F|100/100
|turn|1
|
|switch|p1a: Tentacruel|Tentacruel, M|100/100
|move|p2a: Xatu|Heat Wave|p1a: Tentacruel|[miss]
|-miss|p2a: Xatu|p1a: Tentacruel
|
|upkeep
|turn|2
|
|move|p1a: Tentacruel|Scald|p2a: Xatu
|-damage|p2a: Xatu|70/100
|move|p2a: Xatu|U-turn|p1a: Tentacruel
|-resisted|p1a: Tentacruel
|-damage|p1a: Tentacruel|95/100
|
|switch|p2a: Reuniclus|Reuniclus, F|100/100|[from]move: U-turn
|
|-heal|p1a: Tentacruel|100/100|[from] item: Black Sludge
|upkeep
|turn|3
|
|switch|p1a: Scizor|Scizor, F|100/100
|switch|p2a: Nidoqueen|Nidoqueen, F|100/100
|
|upkeep
|turn|4
|
|switch|p1a: Kyurem|Kyurem-Black|100/100
|-ability|p1a: Kyurem|Teravolt
|move|p2a: Nidoqueen|Stealth Rock|p1a: Kyurem
|-sidestart|p1: LonzoMadeKuz|move: Stealth Rock
|
|upkeep
|turn|5
|
|switch|p2a: Heatran|Heatran, M|100/100
|move|p1a: Kyurem|Substitute|p1a: Kyurem
|-start|p1a: Kyurem|Substitute
|-damage|p1a: Kyurem|75/100
|
|-heal|p1a: Kyurem|82/100|[from] item: Leftovers
|upkeep
|turn|6
|
|move|p1a: Kyurem|Earth Power|p2a: Heatran
|-supereffective|p2a: Heatran
|-damage|p2a: Heatran|37/100
|-unboost|p2a: Heatran|spd|1
|move|p2a: Heatran|Roar|p1a: Kyurem
|drag|p1a: Reuniclus|Reuniclus, F|100/100
|
|-heal|p2a: Heatran|43/100|[from] item: Leftovers
|upkeep
|turn|7
|
|switch|p2a: Xatu|Xatu, F|70/100
|move|p1a: Reuniclus|Focus Blast|p2a: Xatu
|-resisted|p2a: Xatu
|-damage|p2a: Xatu|59/100
|
|-heal|p2a: Xatu|65/100|[from] item: Leftovers
|upkeep
|turn|8
|
|move|p2a: Xatu|U-turn|p1a: Reuniclus
|-supereffective|p1a: Reuniclus
|-damage|p1a: Reuniclus|84/100
|
|switch|p2a: Weavile|Weavile, F|100/100|[from]move: U-turn
|-ability|p2a: Weavile|Pressure
|move|p1a: Reuniclus|Calm Mind|p1a: Reuniclus
|-boost|p1a: Reuniclus|spa|1
|-boost|p1a: Reuniclus|spd|1
|
|-heal|p1a: Reuniclus|90/100|[from] item: Leftovers
|upkeep
|turn|9
|
|switch|p1a: Scizor|Scizor, F|100/100
|-damage|p1a: Scizor|88/100|[from] Stealth Rock
|move|p2a: Weavile|Night Slash|p1a: Scizor
|-resisted|p1a: Scizor
|-damage|p1a: Scizor|66/100
|-damage|p2a: Weavile|91/100|[from] item: Life Orb
|
|upkeep
|turn|10
|
|switch|p2a: Heatran|Heatran, M|43/100
|move|p1a: Scizor|U-turn|p2a: Heatran
|-resisted|p2a: Heatran
|-damage|p2a: Heatran|31/100
|
|switch|p1a: Kyurem|Kyurem-Black|82/100|[from]move: U-turn
|-damage|p1a: Kyurem|57/100|[from] Stealth Rock
|-ability|p1a: Kyurem|Teravolt
|
|-heal|p1a: Kyurem|63/100|[from] item: Leftovers
|-heal|p2a: Heatran|37/100|[from] item: Leftovers
|upkeep
|turn|11
|
|switch|p2a: Abomasnow|Abomasnow, F|100/100
|-weather|Hail|[from] ability: Snow Warning|[of] p2a: Abomasnow
|move|p1a: Kyurem|Earth Power|p2a: Abomasnow
|-resisted|p2a: Abomasnow
|-crit|p2a: Abomasnow
|-damage|p2a: Abomasnow|67/100
|
|-weather|Hail|[upkeep]
|-heal|p1a: Kyurem|69/100|[from] item: Leftovers
|upkeep
|turn|12
|
|move|p1a: Kyurem|Substitute|p1a: Kyurem
|-start|p1a: Kyurem|Substitute
|-damage|p1a: Kyurem|44/100
|move|p2a: Abomasnow|Hidden Power|p1a: Kyurem
|-activate|p1a: Kyurem|Substitute|[damage]
|
|-weather|Hail|[upkeep]
|-heal|p1a: Kyurem|50/100|[from] item: Leftovers
|upkeep
|turn|13
|
|move|p1a: Kyurem|Ice Beam|p2a: Abomasnow
|-damage|p2a: Abomasnow|16/100
|move|p2a: Abomasnow|Hidden Power|p1a: Kyurem
|-end|p1a: Kyurem|Substitute
|
|-weather|Hail|[upkeep]
|-heal|p1a: Kyurem|56/100|[from] item: Leftovers
|upkeep
|turn|14
|
|move|p1a: Kyurem|Substitute|p1a: Kyurem
|-start|p1a: Kyurem|Substitute
|-damage|p1a: Kyurem|31/100
|move|p2a: Abomasnow|Hidden Power|p1a: Kyurem
|-activate|p1a: Kyurem|Substitute|[damage]
|
|-weather|Hail|[upkeep]
|-heal|p1a: Kyurem|38/100|[from] item: Leftovers
|upkeep
|turn|15
|
|move|p2a: Abomasnow|Ice Shard|p1a: Kyurem
|-end|p1a: Kyurem|Substitute
|move|p1a: Kyurem|Ice Beam|p2a: Abomasnow
|-damage|p2a: Abomasnow|0 fnt
|faint|p2a: Abomasnow
|
|-weather|Hail|[upkeep]
|-heal|p1a: Kyurem|44/100|[from] item: Leftovers
|upkeep
|
|switch|p2a: Weavile|Weavile, F|91/100
|-ability|p2a: Weavile|Pressure
|turn|16
|
|switch|p1a: Tentacruel|Tentacruel, M|100/100
|-damage|p1a: Tentacruel|88/100|[from] Stealth Rock
|move|p2a: Weavile|Night Slash|p1a: Tentacruel
|-damage|p1a: Tentacruel|37/100
|-damage|p2a: Weavile|81/100|[from] item: Life Orb
|
|-weather|Hail|[upkeep]
|-damage|p1a: Tentacruel|31/100|[from] Hail
|-heal|p1a: Tentacruel|37/100|[from] item: Black Sludge
|upkeep
|turn|17
|
|switch|p1a: Landorus|Landorus-Therian, M|100/100
|-damage|p1a: Landorus|88/100|[from] Stealth Rock
|-ability|p1a: Landorus|Intimidate|boost
|-unboost|p2a: Weavile|atk|1
|move|p2a: Weavile|Night Slash|p1a: Landorus
|-damage|p1a: Landorus|68/100
|-damage|p2a: Weavile|64/100|[from] item: Rocky Helmet|[of] p1a: Landorus
|-damage|p2a: Weavile|54/100|[from] item: Life Orb
|
|-weather|Hail|[upkeep]
|-damage|p1a: Landorus|62/100|[from] Hail
|upkeep
|turn|18
|
|switch|p2a: Xatu|Xatu, F|65/100
|switch|p1a: Tentacruel|Tentacruel, M|37/100
|-damage|p1a: Tentacruel|24/100|[from] Stealth Rock
|
|-weather|Hail|[upkeep]
|-damage|p1a: Tentacruel|18/100|[from] Hail
|-damage|p2a: Xatu|59/100|[from] Hail
|-heal|p1a: Tentacruel|24/100|[from] item: Black Sludge
|-heal|p2a: Xatu|65/100|[from] item: Leftovers
|upkeep
|turn|19
|
|move|p1a: Tentacruel|Rapid Spin|p2a: Xatu
|-damage|p2a: Xatu|63/100
|-sideend|p1: LonzoMadeKuz|Stealth Rock|[from] move: Rapid Spin|[of] p1a: Tentacruel
|move|p2a: Xatu|Roost|p2a: Xatu
|-heal|p2a: Xatu|100/100
|-singleturn|p2a: Xatu|move: Roost
|
|-weather|Hail|[upkeep]
|-damage|p1a: Tentacruel|18/100|[from] Hail
|-damage|p2a: Xatu|94/100|[from] Hail
|-heal|p1a: Tentacruel|24/100|[from] item: Black Sludge
|-heal|p2a: Xatu|100/100|[from] item: Leftovers
|upkeep
|turn|20
|
|move|p1a: Tentacruel|Scald|p2a: Xatu
|-damage|p2a: Xatu|68/100
|-status|p2a: Xatu|brn
|move|p2a: Xatu|U-turn|p1a: Tentacruel
|-resisted|p1a: Tentacruel
|-damage|p1a: Tentacruel|21/100
|
|switch|p2a: Weavile|Weavile, F|54/100|[from]move: U-turn
|-ability|p2a: Weavile|Pressure
|
|-weather|Hail|[upkeep]
|-damage|p1a: Tentacruel|15/100|[from] Hail
|-heal|p1a: Tentacruel|21/100|[from] item: Black Sludge
|upkeep
|turn|21
|
|move|p1a: Tentacruel|Protect|p1a: Tentacruel
|-singleturn|p1a: Tentacruel|Protect
|move|p2a: Weavile|Night Slash|p1a: Tentacruel
|-activate|p1a: Tentacruel|move: Protect
|
|-weather|Hail|[upkeep]
|-damage|p1a: Tentacruel|15/100|[from] Hail
|-heal|p1a: Tentacruel|21/100|[from] item: Black Sludge
|upkeep
|turn|22
|
|switch|p1a: Landorus|Landorus-Therian, M|62/100
|-ability|p1a: Landorus|Intimidate|boost
|-unboost|p2a: Weavile|atk|1
|move|p2a: Weavile|Night Slash|p1a: Landorus
|-damage|p1a: Landorus|39/100
|-damage|p2a: Weavile|38/100|[from] item: Rocky Helmet|[of] p1a: Landorus
|-damage|p2a: Weavile|28/100|[from] item: Life Orb
|
|-weather|Hail|[upkeep]
|-damage|p1a: Landorus|33/100|[from] Hail
|upkeep
|turn|23
|
|switch|p2a: Xatu|Xatu, F|68/100 brn
|switch|p1a: Tentacruel|Tentacruel, M|21/100
|
|-weather|Hail|[upkeep]
|-damage|p1a: Tentacruel|15/100|[from] Hail
|-damage|p2a: Xatu|62/100 brn|[from] Hail
|-heal|p1a: Tentacruel|21/100|[from] item: Black Sludge
|-heal|p2a: Xatu|68/100 brn|[from] item: Leftovers
|-damage|p2a: Xatu|55/100 brn|[from] brn
|upkeep
|turn|24
|
|switch|p1a: Kyurem|Kyurem-Black|44/100
|-ability|p1a: Kyurem|Teravolt
|move|p2a: Xatu|Roost|p2a: Xatu
|-heal|p2a: Xatu|100/100 brn
|-singleturn|p2a: Xatu|move: Roost
|
|-weather|Hail|[upkeep]
|-damage|p2a: Xatu|94/100 brn|[from] Hail
|-heal|p1a: Kyurem|50/100|[from] item: Leftovers
|-heal|p2a: Xatu|100/100 brn|[from] item: Leftovers
|-damage|p2a: Xatu|88/100 brn|[from] brn
|upkeep
|turn|25
|
|move|p1a: Kyurem|Ice Beam|p2a: Xatu
|-supereffective|p2a: Xatu
|-damage|p2a: Xatu|0 fnt
|faint|p2a: Xatu
|
|-weather|Hail|[upkeep]
|-heal|p1a: Kyurem|56/100|[from] item: Leftovers
|upkeep
|
|switch|p2a: Weavile|Weavile, F|28/100
|-ability|p2a: Weavile|Pressure
|turn|26
|
|move|p2a: Weavile|Pursuit|p1a: Kyurem
|-damage|p1a: Kyurem|33/100
|-damage|p2a: Weavile|18/100|[from] item: Life Orb
|move|p1a: Kyurem|Fusion Bolt|p2a: Weavile
|-damage|p2a: Weavile|0 fnt
|faint|p2a: Weavile
|
|-weather|Hail|[upkeep]
|-heal|p1a: Kyurem|39/100|[from] item: Leftovers
|upkeep
|
|switch|p2a: Reuniclus|Reuniclus, F|100/100
|turn|27
|
|switch|p1a: Scizor|Scizor, F|66/100
|move|p2a: Reuniclus|Focus Blast|p1a: Scizor|[miss]
|-miss|p2a: Reuniclus|p1a: Scizor
|
|-weather|Hail|[upkeep]
|-damage|p1a: Scizor|60/100|[from] Hail
|upkeep
|turn|28
|
|switch|p2a: Nidoqueen|Nidoqueen, F|100/100
|move|p1a: Scizor|U-turn|p2a: Nidoqueen
|-resisted|p2a: Nidoqueen
|-damage|p2a: Nidoqueen|79/100
|
|switch|p1a: Kyurem|Kyurem-Black|39/100|[from]move: U-turn
|-ability|p1a: Kyurem|Teravolt
|
|-weather|Hail|[upkeep]
|-damage|p2a: Nidoqueen|73/100|[from] Hail
|-heal|p1a: Kyurem|45/100|[from] item: Leftovers
|-heal|p2a: Nidoqueen|79/100|[from] item: Black Sludge
|upkeep
|turn|29
|
|move|p1a: Kyurem|Ice Beam|p2a: Nidoqueen
|-supereffective|p2a: Nidoqueen
|-damage|p2a: Nidoqueen|0 fnt
|faint|p2a: Nidoqueen
|
|-weather|Hail|[upkeep]
|-heal|p1a: Kyurem|51/100|[from] item: Leftovers
|upkeep
|
|switch|p2a: Reuniclus|Reuniclus, F|100/100
|turn|30
|
|move|p1a: Kyurem|Ice Beam|p2a: Reuniclus
|-damage|p2a: Reuniclus|59/100
|move|p2a: Reuniclus|Focus Blast|p1a: Kyurem|[miss]
|-miss|p2a: Reuniclus|p1a: Kyurem
|
|-weather|Hail|[upkeep]
|-heal|p1a: Kyurem|58/100|[from] item: Leftovers
|-heal|p2a: Reuniclus|66/100|[from] item: Leftovers
|upkeep
|turn|31
|
|switch|p1a: Scizor|Scizor, F|60/100
|move|p2a: Reuniclus|Focus Blast|p1a: Scizor
|-damage|p1a: Scizor|20/100
|
|-weather|Hail|[upkeep]
|-damage|p1a: Scizor|14/100|[from] Hail
|-heal|p2a: Reuniclus|72/100|[from] item: Leftovers
|upkeep
|turn|32
|
|move|p1a: Scizor|U-turn|p2a: Reuniclus
|-supereffective|p2a: Reuniclus
|-damage|p2a: Reuniclus|0 fnt
|faint|p2a: Reuniclus
|
|switch|p1a: Kyurem|Kyurem-Black|58/100|[from]move: U-turn
|-ability|p1a: Kyurem|Teravolt
|
|-weather|Hail|[upkeep]
|-heal|p1a: Kyurem|64/100|[from] item: Leftovers
|upkeep
|c|☆Typhlito|gg
|
|switch|p2a: Heatran|Heatran, M|37/100
|turn|33
|c|☆LonzoMadeKuz|gg
|
|move|p1a: Kyurem|Earth Power|p2a: Heatran
|-supereffective|p2a: Heatran
|-damage|p2a: Heatran|0 fnt
|faint|p2a: Heatran
|
|win|LonzoMadeKuz
|raw|LonzoMadeKuz's rating: 1413 &rarr; <strong>1428</strong><br />(+15 for winning)
|raw|Typhlito's rating: 1325 &rarr; <strong>1310</strong><br />(-15 for losing)
|l|☆Typhlito
