|j|☆xpeps_10
|j|☆leoperi99
|t:|1736269946
|gametype|singles
|player|p1|xpeps_10|gentleman-gen4|1446
|player|p2|leoperi99|hala|1460
|teamsize|p1|6
|teamsize|p2|6
|gen|5
|tier|[Gen 5] OU
|rated|
|rule|Species Clause: Limit one of each Pokémon
|rule|OHKO Clause: OHKO moves are banned
|rule|Moody Clause: Moody is banned
|rule|Evasion Items Clause: Evasion items are banned
|rule|Evasion Moves Clause: Evasion moves are banned
|rule|Endless Battle Clause: Forcing endless battles is banned
|rule|HP Percentage Mod: HP is shown in percentages
|rule|Evasion Abilities Clause: Evasion abilities are banned
|rule|Sleep Moves Clause: Sleep-inducing moves are banned
|rule|Swagger Clause: Swagger is banned
|rule|Baton Pass Stat Clause: No Baton Passer may have a way to boost its stats
|clearpoke
|poke|p1|Politoed, F|item
|poke|p1|Thundurus-Therian, M|item
|poke|p1|Starmie|item
|poke|p1|Mamoswine, M|item
|poke|p1|Ferrothorn, F|item
|poke|p1|Keldeo|item
|poke|p2|Metagross|item
|poke|p2|Latios, M|item
|poke|p2|Excadrill, M|item
|poke|p2|Ferrothorn, M|item
|poke|p2|Gliscor, F|item
|poke|p2|Tyranitar, M|item
|teampreview
|inactive|Battle timer is ON: inactive players will automatically lose when time's up. (requested by xpeps_10)
|
|t:|1736270005
|start
|switch|p1a: Ferrothorn|Ferrothorn, F|100/100
|switch|p2a: Latios|Latios, M|100/100
|turn|1
|
|t:|1736270010
|switch|p2a: Ferrothorn|Ferrothorn, M|100/100
|move|p1a: Ferrothorn|Thunder Wave|p2a: Ferrothorn
|-status|p2a: Ferrothorn|par
|
|upkeep
|turn|2
|
|t:|1736270015
|move|p1a: Ferrothorn|Stealth Rock|p2a: Ferrothorn
|-sidestart|p2: leoperi99|move: Stealth Rock
|move|p2a: Ferrothorn|Stealth Rock|p1a: Ferrothorn
|-sidestart|p1: xpeps_10|move: Stealth Rock
|
|upkeep
|turn|3
|
|t:|1736270031
|switch|p1a: Thundurus|Thundurus-Therian, M|100/100
|-damage|p1a: Thundurus|75/100|[from] Stealth Rock
|move|p2a: Ferrothorn|Spikes|p1a: Thundurus
|-sidestart|p1: xpeps_10|Spikes
|
|upkeep
|turn|4
|
|t:|1736270042
|switch|p2a: Latios|Latios, M|100/100
|-damage|p2a: Latios|88/100|[from] Stealth Rock
|move|p1a: Thundurus|Focus Blast|p2a: Latios
|-resisted|p2a: Latios
|-damage|p2a: Latios|66/100
|
|upkeep
|turn|5
|
|t:|1736270051
|move|p2a: Latios|Recover|p2a: Latios
|-heal|p2a: Latios|100/100
|move|p1a: Thundurus|Hidden Power|p2a: Latios
|-supereffective|p2a: Latios
|-damage|p2a: Latios|40/100
|
|upkeep
|turn|6
|
|t:|1736270056
|move|p2a: Latios|Recover|p2a: Latios
|-heal|p2a: Latios|90/100
|move|p1a: Thundurus|Agility|p1a: Thundurus
|-boost|p1a: Thundurus|spe|2
|
|upkeep
|turn|7
|
|t:|1736270058
|move|p1a: Thundurus|Hidden Power|p2a: Latios
|-supereffective|p2a: Latios
|-damage|p2a: Latios|29/100
|move|p2a: Latios|Draco Meteor|p1a: Thundurus
|-damage|p1a: Thundurus|2/100
|-unboost|p2a: Latios|spa|2
|-enditem|p1a: Thundurus|Sitrus Berry|[eat]
|-heal|p1a: Thundurus|27/100|[from] item: Sitrus Berry
|
|upkeep
|turn|8
|
|t:|1736270073
|switch|p2a: Tyranitar|Tyranitar, M, shiny|100/100
|-damage|p2a: Tyranitar|88/100|[from] Stealth Rock
|-weather|Sandstorm|[from] ability: Sand Stream|[of] p2a: Tyranitar
|move|p1a: Thundurus|Hidden Power|p2a: Tyranitar
|-damage|p2a: Tyranitar|76/100
|
|-weather|Sandstorm|[upkeep]
|-damage|p1a: Thundurus|21/100|[from] Sandstorm
|upkeep
|turn|9
|
|t:|1736270076
|move|p1a: Thundurus|Focus Blast|p2a: Tyranitar
|-supereffective|p2a: Tyranitar
|-enditem|p2a: Tyranitar|Chople Berry|[eat]
|-enditem|p2a: Tyranitar|Chople Berry|[weaken]
|-damage|p2a: Tyranitar|37/100
|move|p2a: Tyranitar|Crunch|p1a: Thundurus
|-damage|p1a: Thundurus|0 fnt
|faint|p1a: Thundurus
|
|-weather|Sandstorm|[upkeep]
|upkeep
|
|t:|1736270083
|switch|p1a: Politoed|Politoed, F|100/100
|-damage|p1a: Politoed|88/100|[from] Stealth Rock
|-damage|p1a: Politoed|76/100|[from] Spikes
|-weather|RainDance|[from] ability: Drizzle|[of] p1a: Politoed
|turn|10
|
|t:|1736270090
|switch|p2a: Ferrothorn|Ferrothorn, M|100/100 par
|-damage|p2a: Ferrothorn|94/100 par|[from] Stealth Rock
|move|p1a: Politoed|Focus Blast|p2a: Ferrothorn
|-supereffective|p2a: Ferrothorn
|-damage|p2a: Ferrothorn|28/100 par
|
|-weather|RainDance|[upkeep]
|-heal|p2a: Ferrothorn|34/100 par|[from] item: Leftovers
|upkeep
|turn|11
|
|t:|1736270095
|switch|p2a: Gliscor|Gliscor, F|100/100
|-damage|p2a: Gliscor|88/100|[from] Stealth Rock
|move|p1a: Politoed|Focus Blast|p2a: Gliscor
|-resisted|p2a: Gliscor
|-damage|p2a: Gliscor|63/100
|
|-weather|RainDance|[upkeep]
|-status|p2a: Gliscor|tox|[from] item: Toxic Orb
|upkeep
|turn|12
|
|t:|1736270099
|switch|p1a: Starmie|Starmie|100/100
|-damage|p1a: Starmie|88/100|[from] Stealth Rock
|-item|p1a: Starmie|Air Balloon
|move|p2a: Gliscor|Protect||[still]
|-fail|p2a: Gliscor
|
|-weather|RainDance|[upkeep]
|-heal|p2a: Gliscor|75/100 tox|[from] ability: Poison Heal
|upkeep
|turn|13
|
|t:|1736270107
|move|p2a: Gliscor|Protect|p2a: Gliscor
|-singleturn|p2a: Gliscor|Protect
|move|p1a: Starmie|Ice Beam|p2a: Gliscor
|-activate|p2a: Gliscor|move: Protect
|
|-weather|RainDance|[upkeep]
|-heal|p2a: Gliscor|88/100 tox|[from] ability: Poison Heal
|upkeep
|turn|14
|
|t:|1736270111
|switch|p2a: Ferrothorn|Ferrothorn, M|34/100 par
|-damage|p2a: Ferrothorn|28/100 par|[from] Stealth Rock
|move|p1a: Starmie|Rapid Spin|p2a: Ferrothorn
|-resisted|p2a: Ferrothorn
|-damage|p2a: Ferrothorn|26/100 par
|-damage|p1a: Starmie|76/100|[from] ability: Iron Barbs|[of] p2a: Ferrothorn
|-sideend|p1: xpeps_10|Spikes|[from] move: Rapid Spin|[of] p1a: Starmie
|-sideend|p1: xpeps_10|Stealth Rock|[from] move: Rapid Spin|[of] p1a: Starmie
|
|-weather|RainDance|[upkeep]
|-heal|p2a: Ferrothorn|33/100 par|[from] item: Leftovers
|upkeep
|turn|15
|
|t:|1736270115
|move|p1a: Starmie|Ice Beam|p2a: Ferrothorn
|-damage|p2a: Ferrothorn|16/100 par
|move|p2a: Ferrothorn|Power Whip|p1a: Starmie
|-supereffective|p1a: Starmie
|-damage|p1a: Starmie|0 fnt
|-enditem|p1a: Starmie|Air Balloon
|faint|p1a: Starmie
|
|-weather|RainDance|[upkeep]
|-heal|p2a: Ferrothorn|22/100 par|[from] item: Leftovers
|upkeep
|
|t:|1736270128
|switch|p1a: Mamoswine|Mamoswine, M|100/100
|turn|16
|
|t:|1736270131
|move|p1a: Mamoswine|Substitute|p1a: Mamoswine
|-start|p1a: Mamoswine|Substitute
|-damage|p1a: Mamoswine|76/100
|cant|p2a: Ferrothorn|par
|
|-weather|RainDance|[upkeep]
|-heal|p2a: Ferrothorn|28/100 par|[from] item: Leftovers
|upkeep
|turn|17
|
|t:|1736270140
|move|p1a: Mamoswine|Earthquake|p2a: Ferrothorn
|-damage|p2a: Ferrothorn|0 fnt
|faint|p2a: Ferrothorn
|
|-weather|RainDance|[upkeep]
|upkeep
|
|t:|1736270146
|switch|p2a: Metagross|Metagross, shiny|100/100
|-damage|p2a: Metagross|94/100|[from] Stealth Rock
|turn|18
|
|t:|1736270148
|move|p1a: Mamoswine|Earthquake|p2a: Metagross
|-supereffective|p2a: Metagross
|-damage|p2a: Metagross|3/100
|move|p2a: Metagross|Meteor Mash|p1a: Mamoswine
|-supereffective|p1a: Mamoswine
|-end|p1a: Mamoswine|Substitute
|
|-weather|RainDance|[upkeep]
|upkeep
|turn|19
|
|t:|1736270153
|move|p1a: Mamoswine|Ice Shard|p2a: Metagross
|-resisted|p2a: Metagross
|-damage|p2a: Metagross|0 fnt
|faint|p2a: Metagross
|
|-weather|RainDance|[upkeep]
|upkeep
|
|t:|1736270155
|switch|p2a: Excadrill|Excadrill, M, shiny|100/100
|-damage|p2a: Excadrill|98/100|[from] Stealth Rock
|-ability|p2a: Excadrill|Mold Breaker
|turn|20
|
|t:|1736270163
|move|p1a: Mamoswine|Ice Shard|p2a: Excadrill
|-damage|p2a: Excadrill|59/100
|move|p2a: Excadrill|Substitute|p2a: Excadrill
|-start|p2a: Excadrill|Substitute
|-damage|p2a: Excadrill|34/100
|
|-weather|RainDance|[upkeep]
|-heal|p2a: Excadrill|41/100|[from] item: Leftovers
|upkeep
|turn|21
|
|t:|1736270166
|move|p1a: Mamoswine|Ice Shard|p2a: Excadrill
|-end|p2a: Excadrill|Substitute
|move|p2a: Excadrill|Iron Head|p1a: Mamoswine
|-supereffective|p1a: Mamoswine
|-crit|p1a: Mamoswine
|-damage|p1a: Mamoswine|0 fnt
|faint|p1a: Mamoswine
|
|-weather|RainDance|[upkeep]
|-heal|p2a: Excadrill|47/100|[from] item: Leftovers
|upkeep
|
|t:|1736270177
|switch|p1a: Keldeo|Keldeo|100/100
|turn|22
|
|t:|1736270182
|switch|p2a: Tyranitar|Tyranitar, M, shiny|37/100
|-damage|p2a: Tyranitar|25/100|[from] Stealth Rock
|-weather|Sandstorm|[from] ability: Sand Stream|[of] p2a: Tyranitar
|move|p1a: Keldeo|Surf|p2a: Tyranitar
|-supereffective|p2a: Tyranitar
|-damage|p2a: Tyranitar|0 fnt
|faint|p2a: Tyranitar
|
|-weather|Sandstorm|[upkeep]
|-damage|p1a: Keldeo|94/100|[from] Sandstorm
|upkeep
|
|t:|1736270184
|switch|p2a: Latios|Latios, M|29/100
|-damage|p2a: Latios|17/100|[from] Stealth Rock
|turn|23
|
|t:|1736270186
|move|p1a: Keldeo|Surf|p2a: Latios
|-resisted|p2a: Latios
|-damage|p2a: Latios|0 fnt
|faint|p2a: Latios
|
|-weather|Sandstorm|[upkeep]
|-damage|p1a: Keldeo|88/100|[from] Sandstorm
|upkeep
|
|t:|1736270189
|switch|p2a: Gliscor|Gliscor, F|88/100 tox
|-damage|p2a: Gliscor|75/100 tox|[from] Stealth Rock
|turn|24
|
|t:|1736270194
|switch|p1a: Politoed|Politoed, F|76/100
|-weather|RainDance|[from] ability: Drizzle|[of] p1a: Politoed
|move|p2a: Gliscor|Facade|p1a: Politoed
|-damage|p1a: Politoed|40/100
|
|-weather|RainDance|[upkeep]
|-heal|p2a: Gliscor|88/100 tox|[from] ability: Poison Heal
|upkeep
|turn|25
|c|☆leoperi99|2 scarfers
|c|☆xpeps_10|Nop
|
|t:|1736270201
|move|p2a: Gliscor|Protect|p2a: Gliscor
|-singleturn|p2a: Gliscor|Protect
|move|p1a: Politoed|Surf|p2a: Gliscor
|-activate|p2a: Gliscor|move: Protect
|
|-weather|RainDance|[upkeep]
|-heal|p2a: Gliscor|100/100 tox|[from] ability: Poison Heal
|upkeep
|turn|26
|c|☆leoperi99|yea it is
|c|☆xpeps_10|Only keldeo
|c|☆xpeps_10|Lol
|
|t:|1736270215
|move|p2a: Gliscor|Facade|p1a: Politoed
|-damage|p1a: Politoed|7/100
|move|p1a: Politoed|Surf|p2a: Gliscor
|-supereffective|p2a: Gliscor
|-damage|p2a: Gliscor|0 fnt
|faint|p2a: Gliscor
|
|-weather|RainDance|[upkeep]
|upkeep
|c|☆leoperi99|hm
|-message|leoperi99 forfeited.
|
|win|xpeps_10
|raw|xpeps_10's rating: 1446 &rarr; <strong>1467</strong><br />(+21 for winning)
|raw|leoperi99's rating: 1460 &rarr; <strong>1439</strong><br />(-21 for losing)
|l|☆leoperi99
|player|p2|
