|uhtml|medal-msg|<div class="broadcast-blue">Curious what those medals under the avatar are? PS now has Ladder Seasons! For more information, check out the <a href="https://www.smogon.com/forums/threads/3740067/">thread on Smogon.</a></div>
|uhtml|medal-msg|<div class="broadcast-blue">Curious what those medals under the avatar are? PS now has Ladder Seasons! For more information, check out the <a href="https://www.smogon.com/forums/threads/3740067/">thread on Smogon.</a></div>
|j|☆Boizeroni
|j|☆guap collector
|t:|1713450430
|gametype|singles
|player|p1|Boizeroni|swimmer|1480
|player|p2|guap collector|burglar|1366
|teamsize|p1|6
|teamsize|p2|6
|gen|5
|tier|[Gen 5] OU
|rated|
|rule|Species Clause: Limit one of each Pokémon
|rule|OHKO Clause: OHKO moves are banned
|rule|Moody Clause: Moody is banned
|rule|Evasion Items Clause: Evasion items are banned
|rule|Evasion Moves Clause: Evasion moves are banned
|rule|Endless Battle Clause: Forcing endless battles is banned
|rule|HP Percentage Mod: HP is shown in percentages
|rule|Evasion Abilities Clause: Evasion abilities are banned
|rule|Sleep Moves Clause: Sleep-inducing moves are banned
|rule|Swagger Clause: Swagger is banned
|rule|Baton Pass Stat Clause: No Baton Passer may have a way to boost its stats
|clearpoke
|poke|p1|Espeon, F|item
|poke|p1|Darmanitan, M|item
|poke|p1|Latios, M|item
|poke|p1|Alakazam, M|item
|poke|p1|Scizor, M|item
|poke|p1|Dugtrio, F|item
|poke|p2|Celebi|item
|poke|p2|Garchomp, F|item
|poke|p2|Excadrill, F|item
|poke|p2|Heatran, F|item
|poke|p2|Dragonite, M|item
|poke|p2|Scizor, M|item
|teampreview
|inactive|Battle timer is ON: inactive players will automatically lose when time's up. (requested by guap collector)
|
|t:|1713450443
|start
|switch|p1a: Darmanitan|Darmanitan, M|100/100
|switch|p2a: Garchomp|Garchomp, F|100/100
|turn|1
|
|t:|1713450461
|switch|p2a: Heatran|Heatran, F|100/100
|move|p1a: Darmanitan|U-turn|p2a: Heatran
|-resisted|p2a: Heatran
|-damage|p2a: Heatran|95/100
|
|t:|1713450468
|switch|p1a: Dugtrio|Dugtrio, F|100/100|[from] U-turn
|
|-heal|p2a: Heatran|100/100|[from] item: Leftovers
|upkeep
|turn|2
|
|t:|1713450476
|switch|p2a: Celebi|Celebi|100/100
|move|p1a: Dugtrio|Rock Slide|p2a: Celebi
|-damage|p2a: Celebi|82/100
|
|-heal|p2a: Celebi|88/100|[from] item: Leftovers
|upkeep
|turn|3
|
|t:|1713450484
|switch|p1a: Darmanitan|Darmanitan, M|100/100
|move|p2a: Celebi|U-turn|p1a: Darmanitan
|-resisted|p1a: Darmanitan
|-damage|p1a: Darmanitan|89/100
|inactive|guap collector has 120 seconds left.
|
|t:|1713450540
|switch|p2a: Heatran|Heatran, F|100/100|[from] U-turn
|
|upkeep
|turn|4
|
|t:|1713450549
|move|p2a: Heatran|Protect|p2a: Heatran
|-singleturn|p2a: Heatran|Protect
|move|p1a: Darmanitan|Superpower|p2a: Heatran
|-activate|p2a: Heatran|move: Protect
|
|upkeep
|turn|5
|
|t:|1713450552
|switch|p2a: Dragonite|Dragonite, M|100/100
|move|p1a: Darmanitan|Superpower|p2a: Dragonite
|-resisted|p2a: Dragonite
|-damage|p2a: Dragonite|91/100
|-unboost|p1a: Darmanitan|atk|1
|-unboost|p1a: Darmanitan|def|1
|
|-heal|p2a: Dragonite|97/100|[from] item: Leftovers
|upkeep
|turn|6
|
|t:|1713450554
|switch|p1a: Alakazam|Alakazam, M|100/100
|move|p2a: Dragonite|Substitute|p2a: Dragonite
|-start|p2a: Dragonite|Substitute
|-damage|p2a: Dragonite|73/100
|
|-heal|p2a: Dragonite|79/100|[from] item: Leftovers
|upkeep
|turn|7
|
|t:|1713450559
|move|p1a: Alakazam|Hidden Power|p2a: Dragonite
|-supereffective|p2a: Dragonite
|-end|p2a: Dragonite|Substitute
|move|p2a: Dragonite|Dragon Claw|p1a: Alakazam
|-damage|p1a: Alakazam|14/100
|
|-heal|p2a: Dragonite|85/100|[from] item: Leftovers
|upkeep
|turn|8
|
|t:|1713450562
|switch|p2a: Heatran|Heatran, F|100/100
|move|p1a: Alakazam|Hidden Power|p2a: Heatran
|-resisted|p2a: Heatran
|-damage|p2a: Heatran|96/100
|
|-heal|p2a: Heatran|100/100|[from] item: Leftovers
|upkeep
|turn|9
|
|t:|1713450564
|switch|p2a: Celebi|Celebi|88/100
|move|p1a: Alakazam|Focus Blast|p2a: Celebi
|-resisted|p2a: Celebi
|-damage|p2a: Celebi|75/100
|
|-heal|p2a: Celebi|81/100|[from] item: Leftovers
|upkeep
|turn|10
|
|t:|1713450567
|move|p1a: Alakazam|Hidden Power|p2a: Celebi
|-supereffective|p2a: Celebi
|-damage|p2a: Celebi|52/100
|move|p2a: Celebi|Thunder Wave|p1a: Alakazam
|-status|p1a: Alakazam|par
|
|-heal|p2a: Celebi|58/100|[from] item: Leftovers
|upkeep
|turn|11
|
|t:|1713450571
|move|p2a: Celebi|Recover|p2a: Celebi
|-heal|p2a: Celebi|100/100
|move|p1a: Alakazam|Hidden Power|p2a: Celebi
|-supereffective|p2a: Celebi
|-damage|p2a: Celebi|71/100
|
|-heal|p2a: Celebi|77/100|[from] item: Leftovers
|upkeep
|turn|12
|
|t:|1713450573
|move|p2a: Celebi|U-turn|p1a: Alakazam
|-supereffective|p1a: Alakazam
|-damage|p1a: Alakazam|0 fnt
|faint|p1a: Alakazam
|
|t:|1713450589
|switch|p2a: Heatran|Heatran, F|100/100|[from] U-turn
|
|upkeep
|
|t:|1713450592
|switch|p1a: Latios|Latios, M|100/100
|turn|13
|
|t:|1713450599
|move|p2a: Heatran|Protect|p2a: Heatran
|-singleturn|p2a: Heatran|Protect
|move|p1a: Latios|Surf|p2a: Heatran
|-activate|p2a: Heatran|move: Protect
|
|upkeep
|turn|14
|
|t:|1713450603
|move|p1a: Latios|Surf|p2a: Heatran
|-supereffective|p2a: Heatran
|-damage|p2a: Heatran|50/100
|-damage|p1a: Latios|91/100|[from] item: Life Orb
|move|p2a: Heatran|Toxic|p1a: Latios
|-status|p1a: Latios|tox
|
|-heal|p2a: Heatran|56/100|[from] item: Leftovers
|-damage|p1a: Latios|85/100 tox|[from] psn
|upkeep
|turn|15
|
|t:|1713450611
|move|p2a: Heatran|Protect|p2a: Heatran
|-singleturn|p2a: Heatran|Protect
|move|p1a: Latios|Surf|p2a: Heatran
|-activate|p2a: Heatran|move: Protect
|
|-heal|p2a: Heatran|62/100|[from] item: Leftovers
|-damage|p1a: Latios|73/100 tox|[from] psn
|upkeep
|turn|16
|
|t:|1713450616
|switch|p2a: Celebi|Celebi|77/100
|move|p1a: Latios|Draco Meteor|p2a: Celebi
|-damage|p2a: Celebi|19/100
|-unboost|p1a: Latios|spa|2
|-damage|p1a: Latios|63/100 tox|[from] item: Life Orb
|
|-heal|p2a: Celebi|26/100|[from] item: Leftovers
|-damage|p1a: Latios|45/100 tox|[from] psn
|upkeep
|turn|17
|
|t:|1713450627
|switch|p2a: Heatran|Heatran, F|62/100
|move|p1a: Latios|Draco Meteor|p2a: Heatran
|-resisted|p2a: Heatran
|-damage|p2a: Heatran|49/100
|-unboost|p1a: Latios|spa|2
|-damage|p1a: Latios|35/100 tox|[from] item: Life Orb
|
|-heal|p2a: Heatran|55/100|[from] item: Leftovers
|-damage|p1a: Latios|11/100 tox|[from] psn
|upkeep
|turn|18
|
|t:|1713450633
|switch|p1a: Darmanitan|Darmanitan, M|89/100
|move|p2a: Heatran|Protect||[still]
|-fail|p2a: Heatran
|
|-heal|p2a: Heatran|61/100|[from] item: Leftovers
|upkeep
|turn|19
|
|t:|1713450637
|move|p2a: Heatran|Protect|p2a: Heatran
|-singleturn|p2a: Heatran|Protect
|move|p1a: Darmanitan|Superpower|p2a: Heatran
|-activate|p2a: Heatran|move: Protect
|
|-heal|p2a: Heatran|68/100|[from] item: Leftovers
|upkeep
|turn|20
|
|t:|1713450642
|switch|p1a: Espeon|Espeon, F|100/100
|switch|p2a: Dragonite|Dragonite, M|85/100
|
|-heal|p2a: Dragonite|91/100|[from] item: Leftovers
|upkeep
|turn|21
|
|t:|1713450646
|switch|p2a: Heatran|Heatran, F|68/100
|move|p1a: Espeon|Psychic|p2a: Heatran
|-resisted|p2a: Heatran
|-damage|p2a: Heatran|53/100
|
|-heal|p2a: Heatran|60/100|[from] item: Leftovers
|upkeep
|turn|22
|
|t:|1713450655
|switch|p1a: Darmanitan|Darmanitan, M|89/100
|move|p2a: Heatran|Magma Storm|p1a: Darmanitan|[miss]
|-miss|p2a: Heatran|p1a: Darmanitan
|
|-heal|p2a: Heatran|66/100|[from] item: Leftovers
|upkeep
|turn|23
|
|t:|1713450661
|move|p2a: Heatran|Protect|p2a: Heatran
|-singleturn|p2a: Heatran|Protect
|move|p1a: Darmanitan|U-turn|p2a: Heatran
|-activate|p2a: Heatran|move: Protect
|
|-heal|p2a: Heatran|72/100|[from] item: Leftovers
|upkeep
|turn|24
|
|t:|1713450673
|move|p1a: Darmanitan|U-turn|p2a: Heatran
|-resisted|p2a: Heatran
|-damage|p2a: Heatran|66/100
|
|t:|1713450677
|switch|p1a: Latios|Latios, M|11/100 tox|[from] U-turn
|move|p2a: Heatran|Magma Storm|p1a: Latios
|-resisted|p1a: Latios
|-damage|p1a: Latios|0 fnt
|faint|p1a: Latios
|
|-heal|p2a: Heatran|72/100|[from] item: Leftovers
|upkeep
|
|t:|1713450683
|switch|p1a: Dugtrio|Dugtrio, F|100/100
|turn|25
|
|t:|1713450690
|move|p2a: Heatran|Protect|p2a: Heatran
|-singleturn|p2a: Heatran|Protect
|move|p1a: Dugtrio|Earthquake|p2a: Heatran
|-activate|p2a: Heatran|move: Protect
|
|-heal|p2a: Heatran|78/100|[from] item: Leftovers
|upkeep
|turn|26
|
|t:|1713450697
|switch|p2a: Dragonite|Dragonite, M|91/100
|move|p1a: Dugtrio|Earthquake|p2a: Dragonite
|-immune|p2a: Dragonite
|
|-heal|p2a: Dragonite|97/100|[from] item: Leftovers
|upkeep
|turn|27
|
|t:|1713450708
|move|p1a: Dugtrio|Rock Slide|p2a: Dragonite
|-supereffective|p2a: Dragonite
|-damage|p2a: Dragonite|64/100
|move|p2a: Dragonite|Dragon Dance|p2a: Dragonite
|-boost|p2a: Dragonite|atk|1
|-boost|p2a: Dragonite|spe|1
|
|-heal|p2a: Dragonite|70/100|[from] item: Leftovers
|upkeep
|turn|28
|
|t:|1713450713
|move|p2a: Dragonite|Roost|p2a: Dragonite
|-heal|p2a: Dragonite|100/100
|-singleturn|p2a: Dragonite|move: Roost
|move|p1a: Dugtrio|Rock Slide|p2a: Dragonite
|-damage|p2a: Dragonite|92/100
|
|-heal|p2a: Dragonite|98/100|[from] item: Leftovers
|upkeep
|turn|29
|
|t:|1713450721
|move|p2a: Dragonite|Substitute|p2a: Dragonite
|-start|p2a: Dragonite|Substitute
|-damage|p2a: Dragonite|73/100
|move|p1a: Dugtrio|Rock Slide|p2a: Dragonite
|-supereffective|p2a: Dragonite
|-end|p2a: Dragonite|Substitute
|
|-heal|p2a: Dragonite|80/100|[from] item: Leftovers
|upkeep
|turn|30
|
|t:|1713450724
|move|p2a: Dragonite|Substitute|p2a: Dragonite
|-start|p2a: Dragonite|Substitute
|-damage|p2a: Dragonite|55/100
|move|p1a: Dugtrio|Rock Slide|p2a: Dragonite
|-supereffective|p2a: Dragonite
|-end|p2a: Dragonite|Substitute
|
|-heal|p2a: Dragonite|61/100|[from] item: Leftovers
|upkeep
|turn|31
|
|t:|1713450726
|move|p2a: Dragonite|Roost|p2a: Dragonite
|-heal|p2a: Dragonite|100/100
|-singleturn|p2a: Dragonite|move: Roost
|move|p1a: Dugtrio|Rock Slide|p2a: Dragonite
|-damage|p2a: Dragonite|91/100
|
|-heal|p2a: Dragonite|98/100|[from] item: Leftovers
|upkeep
|turn|32
|
|t:|1713450730
|move|p2a: Dragonite|Substitute|p2a: Dragonite
|-start|p2a: Dragonite|Substitute
|-damage|p2a: Dragonite|73/100
|move|p1a: Dugtrio|Rock Slide|p2a: Dragonite
|-supereffective|p2a: Dragonite
|-end|p2a: Dragonite|Substitute
|
|-heal|p2a: Dragonite|79/100|[from] item: Leftovers
|upkeep
|turn|33
|
|t:|1713450737
|move|p2a: Dragonite|Substitute|p2a: Dragonite
|-start|p2a: Dragonite|Substitute
|-damage|p2a: Dragonite|54/100
|move|p1a: Dugtrio|Rock Slide|p2a: Dragonite
|-supereffective|p2a: Dragonite
|-end|p2a: Dragonite|Substitute
|
|-heal|p2a: Dragonite|60/100|[from] item: Leftovers
|upkeep
|turn|34
|
|t:|1713450743
|move|p2a: Dragonite|Roost|p2a: Dragonite
|-heal|p2a: Dragonite|100/100
|-singleturn|p2a: Dragonite|move: Roost
|move|p1a: Dugtrio|Earthquake|p2a: Dragonite
|-damage|p2a: Dragonite|83/100
|
|-heal|p2a: Dragonite|89/100|[from] item: Leftovers
|upkeep
|turn|35
|
|t:|1713450749
|move|p2a: Dragonite|Substitute|p2a: Dragonite
|-start|p2a: Dragonite|Substitute
|-damage|p2a: Dragonite|64/100
|move|p1a: Dugtrio|Rock Slide|p2a: Dragonite
|-supereffective|p2a: Dragonite
|-end|p2a: Dragonite|Substitute
|
|-heal|p2a: Dragonite|70/100|[from] item: Leftovers
|upkeep
|turn|36
|
|t:|1713450754
|move|p2a: Dragonite|Substitute|p2a: Dragonite
|-start|p2a: Dragonite|Substitute
|-damage|p2a: Dragonite|46/100
|move|p1a: Dugtrio|Rock Slide|p2a: Dragonite|[miss]
|-miss|p1a: Dugtrio|p2a: Dragonite
|
|-heal|p2a: Dragonite|52/100|[from] item: Leftovers
|upkeep
|turn|37
|
|t:|1713450758
|move|p2a: Dragonite|Dragon Claw|p1a: Dugtrio
|-enditem|p1a: Dugtrio|Focus Sash
|-damage|p1a: Dugtrio|1/100
|move|p1a: Dugtrio|Rock Slide|p2a: Dragonite
|-supereffective|p2a: Dragonite
|-end|p2a: Dragonite|Substitute
|
|-heal|p2a: Dragonite|58/100|[from] item: Leftovers
|upkeep
|turn|38
|
|t:|1713450761
|move|p1a: Dugtrio|Sucker Punch||[still]
|-fail|p1a: Dugtrio
|move|p2a: Dragonite|Roost|p2a: Dragonite
|-heal|p2a: Dragonite|100/100
|-singleturn|p2a: Dragonite|move: Roost
|
|upkeep
|turn|39
|
|t:|1713450764
|move|p2a: Dragonite|Substitute|p2a: Dragonite
|-start|p2a: Dragonite|Substitute
|-damage|p2a: Dragonite|76/100
|move|p1a: Dugtrio|Rock Slide|p2a: Dragonite
|-supereffective|p2a: Dragonite
|-end|p2a: Dragonite|Substitute
|
|-heal|p2a: Dragonite|82/100|[from] item: Leftovers
|upkeep
|turn|40
|
|t:|1713450768
|move|p2a: Dragonite|Substitute|p2a: Dragonite
|-start|p2a: Dragonite|Substitute
|-damage|p2a: Dragonite|57/100
|move|p1a: Dugtrio|Rock Slide|p2a: Dragonite
|-supereffective|p2a: Dragonite
|-end|p2a: Dragonite|Substitute
|
|-heal|p2a: Dragonite|63/100|[from] item: Leftovers
|upkeep
|turn|41
|
|t:|1713450771
|move|p2a: Dragonite|Roost|p2a: Dragonite
|-heal|p2a: Dragonite|100/100
|-singleturn|p2a: Dragonite|move: Roost
|move|p1a: Dugtrio|Rock Slide|p2a: Dragonite|[miss]
|-miss|p1a: Dugtrio|p2a: Dragonite
|
|upkeep
|turn|42
|
|t:|1713450774
|move|p2a: Dragonite|Substitute|p2a: Dragonite
|-start|p2a: Dragonite|Substitute
|-damage|p2a: Dragonite|76/100
|move|p1a: Dugtrio|Rock Slide|p2a: Dragonite
|-supereffective|p2a: Dragonite
|-end|p2a: Dragonite|Substitute
|
|-heal|p2a: Dragonite|82/100|[from] item: Leftovers
|upkeep
|turn|43
|
|t:|1713450779
|move|p2a: Dragonite|Roost|p2a: Dragonite
|-heal|p2a: Dragonite|100/100
|-singleturn|p2a: Dragonite|move: Roost
|move|p1a: Dugtrio|Rock Slide|p2a: Dragonite
|-damage|p2a: Dragonite|92/100
|
|-heal|p2a: Dragonite|98/100|[from] item: Leftovers
|upkeep
|turn|44
|
|t:|1713450781
|move|p2a: Dragonite|Substitute|p2a: Dragonite
|-start|p2a: Dragonite|Substitute
|-damage|p2a: Dragonite|74/100
|move|p1a: Dugtrio|Reversal|p2a: Dragonite
|-resisted|p2a: Dragonite
|-activate|p2a: Dragonite|Substitute|[damage]
|
|-heal|p2a: Dragonite|80/100|[from] item: Leftovers
|upkeep
|turn|45
|
|t:|1713450784
|move|p2a: Dragonite|Dragon Dance|p2a: Dragonite
|-boost|p2a: Dragonite|atk|1
|-boost|p2a: Dragonite|spe|1
|move|p1a: Dugtrio|Reversal|p2a: Dragonite
|-resisted|p2a: Dragonite
|-crit|p2a: Dragonite
|-end|p2a: Dragonite|Substitute
|
|-heal|p2a: Dragonite|86/100|[from] item: Leftovers
|upkeep
|turn|46
|
|t:|1713450786
|move|p2a: Dragonite|Substitute|p2a: Dragonite
|-start|p2a: Dragonite|Substitute
|-damage|p2a: Dragonite|61/100
|move|p1a: Dugtrio|Reversal|p2a: Dragonite
|-resisted|p2a: Dragonite
|-end|p2a: Dragonite|Substitute
|
|-heal|p2a: Dragonite|67/100|[from] item: Leftovers
|upkeep
|turn|47
|
|t:|1713450804
|move|p2a: Dragonite|Dragon Claw|p1a: Dugtrio
|-damage|p1a: Dugtrio|0 fnt
|faint|p1a: Dugtrio
|
|-heal|p2a: Dragonite|74/100|[from] item: Leftovers
|upkeep
|
|t:|1713450806
|switch|p1a: Scizor|Scizor, M|100/100
|turn|48
|
|t:|1713450810
|move|p2a: Dragonite|Roost|p2a: Dragonite
|-heal|p2a: Dragonite|100/100
|-singleturn|p2a: Dragonite|move: Roost
|move|p1a: Scizor|Swords Dance|p1a: Scizor
|-boost|p1a: Scizor|atk|2
|
|upkeep
|turn|49
|
|t:|1713450813
|move|p1a: Scizor|Bullet Punch|p2a: Dragonite
|-damage|p2a: Dragonite|70/100
|move|p2a: Dragonite|Dragon Claw|p1a: Scizor
|-resisted|p1a: Scizor
|-damage|p1a: Scizor|64/100
|
|-heal|p2a: Dragonite|76/100|[from] item: Leftovers
|-heal|p1a: Scizor|71/100|[from] item: Leftovers
|upkeep
|turn|50
|inactive|guap collector has 120 seconds left.
|
|t:|1713450853
|switch|p2a: Heatran|Heatran, F|78/100
|move|p1a: Scizor|Swords Dance|p1a: Scizor
|-boost|p1a: Scizor|atk|2
|
|-heal|p2a: Heatran|85/100|[from] item: Leftovers
|-heal|p1a: Scizor|77/100|[from] item: Leftovers
|upkeep
|turn|51
|inactive|Boizeroni has 120 seconds left.
|
|t:|1713450907
|switch|p2a: Celebi|Celebi|26/100
|switch|p1a: Darmanitan|Darmanitan, M|89/100
|
|-heal|p2a: Celebi|32/100|[from] item: Leftovers
|upkeep
|turn|52
|inactive|guap collector has 120 seconds left.
|
|t:|1713450913
|switch|p2a: Heatran|Heatran, F|85/100
|move|p1a: Darmanitan|U-turn|p2a: Heatran
|-resisted|p2a: Heatran
|-damage|p2a: Heatran|79/100
|
|t:|1713450915
|switch|p1a: Espeon|Espeon, F|100/100|[from] U-turn
|
|-heal|p2a: Heatran|85/100|[from] item: Leftovers
|upkeep
|turn|53
|inactive|guap collector has 120 seconds left.
|
|t:|1713450934
|switch|p2a: Celebi|Celebi|32/100
|move|p1a: Espeon|Psychic|p2a: Celebi
|-resisted|p2a: Celebi
|-damage|p2a: Celebi|18/100
|
|-heal|p2a: Celebi|24/100|[from] item: Leftovers
|upkeep
|turn|54
|
|t:|1713450939
|move|p1a: Espeon|Hidden Power|p2a: Celebi
|-supereffective|p2a: Celebi
|-damage|p2a: Celebi|0 fnt
|faint|p2a: Celebi
|
|upkeep
|
|t:|1713450953
|switch|p2a: Heatran|Heatran, F|85/100
|turn|55
|
|t:|1713450957
|switch|p1a: Darmanitan|Darmanitan, M|89/100
|move|p2a: Heatran|Magma Storm|p1a: Darmanitan
|-resisted|p1a: Darmanitan
|-damage|p1a: Darmanitan|45/100
|-activate|p1a: Darmanitan|move: Magma Storm|[of] p2a: Heatran
|
|-heal|p2a: Heatran|91/100|[from] item: Leftovers
|-damage|p1a: Darmanitan|39/100|[from] move: Magma Storm|[partiallytrapped]
|upkeep
|turn|56
|
|t:|1713450962
|move|p2a: Heatran|Protect|p2a: Heatran
|-singleturn|p2a: Heatran|Protect
|move|p1a: Darmanitan|Superpower|p2a: Heatran
|-activate|p2a: Heatran|move: Protect
|
|-heal|p2a: Heatran|97/100|[from] item: Leftovers
|-damage|p1a: Darmanitan|33/100|[from] move: Magma Storm|[partiallytrapped]
|upkeep
|turn|57
|
|t:|1713450967
|switch|p2a: Dragonite|Dragonite, M|76/100
|move|p1a: Darmanitan|Superpower|p2a: Dragonite
|-resisted|p2a: Dragonite
|-damage|p2a: Dragonite|54/100
|-unboost|p1a: Darmanitan|atk|1
|-unboost|p1a: Darmanitan|def|1
|
|-heal|p2a: Dragonite|61/100|[from] item: Leftovers
|upkeep
|turn|58
|
|t:|1713450977
|switch|p1a: Scizor|Scizor, M|77/100
|switch|p2a: Garchomp|Garchomp, F|100/100
|
|-heal|p1a: Scizor|83/100|[from] item: Leftovers
|upkeep
|turn|59
|
|t:|1713450980
|move|p2a: Garchomp|Earthquake|p1a: Scizor
|-damage|p1a: Scizor|28/100
|move|p1a: Scizor|Swords Dance|p1a: Scizor
|-boost|p1a: Scizor|atk|2
|
|-heal|p1a: Scizor|34/100|[from] item: Leftovers
|upkeep
|turn|60
|
|t:|1713450982
|move|p1a: Scizor|Bullet Punch|p2a: Garchomp
|-damage|p2a: Garchomp|37/100
|-damage|p1a: Scizor|21/100|[from] ability: Rough Skin|[of] p2a: Garchomp
|move|p2a: Garchomp|Earthquake|p1a: Scizor
|-damage|p1a: Scizor|0 fnt
|faint|p1a: Scizor
|
|upkeep
|
|t:|1713450985
|switch|p1a: Espeon|Espeon, F|100/100
|turn|61
|
|t:|1713450988
|switch|p2a: Heatran|Heatran, F|97/100
|move|p1a: Espeon|Psychic|p2a: Heatran
|-resisted|p2a: Heatran
|-damage|p2a: Heatran|82/100
|
|-heal|p2a: Heatran|88/100|[from] item: Leftovers
|upkeep
|turn|62
|
|t:|1713450993
|move|p2a: Heatran|Protect|p2a: Heatran
|-singleturn|p2a: Heatran|Protect
|move|p1a: Espeon|Psychic|p2a: Heatran
|-activate|p2a: Heatran|move: Protect
|
|-heal|p2a: Heatran|94/100|[from] item: Leftovers
|upkeep
|turn|63
|-message|Boizeroni forfeited.
|
|win|guap collector
|raw|Boizeroni's rating: 1480 &rarr; <strong>1454</strong><br />(-26 for losing)
|raw|guap collector's rating: 1366 &rarr; <strong>1392</strong><br />(+26 for winning)
|l|☆Boizeroni
|player|p1|
