|j|☆Ohheyther
|j|☆refsunpersons
|player|p1|Ohheyther|102
|player|p2|refsunpersons|142
|teamsize|p1|6
|teamsize|p2|6
|gametype|singles
|gen|5
|tier|[Gen 5] OU
|rated|
|rule|Sleep Clause Mod: Limit one foe put to sleep
|rule|Species Clause: Limit one of each Pokémon
|rule|OHKO Clause: OHKO moves are banned
|rule|Moody Clause: Moody is banned
|rule|Evasion Moves Clause: Evasion moves are banned
|rule|Endless Battle Clause: Forcing endless battles is banned
|rule|HP Percentage Mod: HP is shown in percentages
|rule|Evasion Abilities Clause: Evasion abilities are banned
|rule|Baton Pass Clause: Limit one Baton Passer, can't pass Spe and other stats simultaneously
|rule|Swagger Clause: Swagger is banned
|clearpoke
|poke|p1|Keldeo-Resolute|item
|poke|p1|Politoed, F|item
|poke|p1|Skarmory, M|item
|poke|p1|Jirachi|item
|poke|p1|Tentacruel, F|item
|poke|p1|Celebi|item
|poke|p2|Chansey, F|item
|poke|p2|Excadrill, F|item
|poke|p2|Alomomola, M|item
|poke|p2|Skarmory, F|item
|poke|p2|Amoonguss, F|item
|poke|p2|Gothitelle, M|item
|teampreview
|c|☆refsunpersons|gl hf
|
|start
|switch|p1a: Jirachi|Jirachi|100/100
|switch|p2a: Chansey|Chansey, F|100/100
|turn|1
|
|move|p1a: Jirachi|Stealth Rock|p2a: Chansey
|-sidestart|p2: refsunpersons|move: Stealth Rock
|move|p2a: Chansey|Seismic Toss|p1a: Jirachi
|-damage|p1a: Jirachi|76/100
|
|-heal|p1a: Jirachi|82/100|[from] item: Leftovers
|upkeep
|turn|2
|
|move|p1a: Jirachi|U-turn|p2a: Chansey
|-damage|p2a: Chansey|90/100
|
|switch|p1a: Politoed|Politoed, F|100/100|[from]move: U-turn
|-weather|RainDance|[from] ability: Drizzle|[of] p1a: Politoed
|move|p2a: Chansey|Stealth Rock|p1a: Politoed
|-sidestart|p1: Ohheyther|move: Stealth Rock
|
|-weather|RainDance|[upkeep]
|upkeep
|turn|3
|
|switch|p1a: Tentacruel|Tentacruel, F|100/100
|-damage|p1a: Tentacruel|88/100|[from] Stealth Rock
|switch|p2a: Amoonguss|Amoonguss, F|100/100
|-damage|p2a: Amoonguss|88/100|[from] Stealth Rock
|
|-weather|RainDance|[upkeep]
|-heal|p1a: Tentacruel|94/100|[from] ability: Rain Dish
|-heal|p1a: Tentacruel|99/100|[from] item: Black Sludge
|-heal|p2a: Amoonguss|94/100|[from] item: Black Sludge
|upkeep
|turn|4
|
|switch|p1a: Politoed|Politoed, F|100/100
|-damage|p1a: Politoed|88/100|[from] Stealth Rock
|move|p2a: Amoonguss|Spore|p1a: Politoed
|-status|p1a: Politoed|slp
|
|-weather|RainDance|[upkeep]
|-heal|p2a: Amoonguss|100/100|[from] item: Black Sludge
|upkeep
|turn|5
|
|switch|p1a: Tentacruel|Tentacruel, F|99/100
|-damage|p1a: Tentacruel|88/100|[from] Stealth Rock
|switch|p2a: Gothitelle|Gothitelle, M|100/100
|-damage|p2a: Gothitelle|88/100|[from] Stealth Rock
|
|-weather|RainDance|[upkeep]
|-heal|p1a: Tentacruel|94/100|[from] ability: Rain Dish
|-heal|p1a: Tentacruel|99/100|[from] item: Black Sludge
|upkeep
|turn|6
|
|move|p1a: Tentacruel|Protect|p1a: Tentacruel
|-singleturn|p1a: Tentacruel|Protect
|move|p2a: Gothitelle|Trick|p1a: Tentacruel
|-activate|p1a: Tentacruel|move: Protect
|
|-weather|RainDance|[upkeep]
|-heal|p1a: Tentacruel|100/100|[from] ability: Rain Dish
|upkeep
|turn|7
|
|move|p2a: Gothitelle|Trick|p1a: Tentacruel
|-activate|p2a: Gothitelle|move: Trick|[of] p1a: Tentacruel
|-item|p1a: Tentacruel|Choice Scarf|[from] move: Trick
|-item|p2a: Gothitelle|Black Sludge|[from] move: Trick
|move|p1a: Tentacruel|Scald|p2a: Gothitelle
|-damage|p2a: Gothitelle|56/100
|
|-weather|RainDance|[upkeep]
|-damage|p2a: Gothitelle|44/100|[from] item: Black Sludge
|upkeep
|turn|8
|inactive|Battle timer is ON: inactive players will automatically lose when time's up. (requested by Ohheyther)
|
|move|p1a: Tentacruel|Scald|p2a: Gothitelle
|-damage|p2a: Gothitelle|12/100
|-status|p2a: Gothitelle|brn
|move|p2a: Gothitelle|Rest|p2a: Gothitelle
|-status|p2a: Gothitelle|slp
|-heal|p2a: Gothitelle|100/100 slp|[silent]
|-status|p2a: Gothitelle|slp|[from] move: Rest
|
|-weather|RainDance|[upkeep]
|-damage|p2a: Gothitelle|88/100 slp|[from] item: Black Sludge
|upkeep
|turn|9
|
|switch|p2a: Chansey|Chansey, F|90/100
|-damage|p2a: Chansey|78/100|[from] Stealth Rock
|move|p1a: Tentacruel|Scald|p2a: Chansey
|-damage|p2a: Chansey|68/100
|-status|p2a: Chansey|brn
|
|-weather|RainDance|[upkeep]
|-damage|p2a: Chansey|56/100 brn|[from] brn
|upkeep
|turn|10
|
|switch|p1a: Skarmory|Skarmory, M|100/100
|-damage|p1a: Skarmory|88/100|[from] Stealth Rock
|move|p2a: Chansey|Soft-Boiled|p2a: Chansey
|-heal|p2a: Chansey|100/100 brn
|
|-weather|RainDance|[upkeep]
|-damage|p2a: Chansey|88/100 brn|[from] brn
|upkeep
|turn|11
|
|switch|p2a: Excadrill|Excadrill, F|100/100
|-damage|p2a: Excadrill|98/100|[from] Stealth Rock
|-ability|p2a: Excadrill|Mold Breaker
|move|p1a: Skarmory|Whirlwind|p2a: Excadrill
|drag|p2a: Amoonguss|Amoonguss, F|100/100
|-damage|p2a: Amoonguss|88/100|[from] Stealth Rock
|
|-weather|RainDance|[upkeep]
|-heal|p2a: Amoonguss|94/100|[from] item: Black Sludge
|upkeep
|turn|12
|
|switch|p1a: Keldeo|Keldeo-Resolute|100/100
|-damage|p1a: Keldeo|94/100|[from] Stealth Rock
|switch|p2a: Alomomola|Alomomola, M|100/100
|-damage|p2a: Alomomola|88/100|[from] Stealth Rock
|
|-weather|RainDance|[upkeep]
|upkeep
|turn|13
|
|switch|p1a: Celebi|Celebi|100/100
|-damage|p1a: Celebi|88/100|[from] Stealth Rock
|move|p2a: Alomomola|Protect||[still]
|-fail|p2a: Alomomola
|
|-weather|RainDance|[upkeep]
|-heal|p1a: Celebi|94/100|[from] item: Leftovers
|upkeep
|turn|14
|
|switch|p2a: Excadrill|Excadrill, F|98/100
|-damage|p2a: Excadrill|95/100|[from] Stealth Rock
|-ability|p2a: Excadrill|Mold Breaker
|move|p1a: Celebi|Giga Drain|p2a: Excadrill
|-damage|p2a: Excadrill|74/100
|-heal|p1a: Celebi|100/100|[from] drain|[of] p2a: Excadrill
|
|-weather|RainDance|[upkeep]
|-heal|p2a: Excadrill|80/100|[from] item: Leftovers
|upkeep
|turn|15
|
|move|p1a: Celebi|Giga Drain|p2a: Excadrill
|-damage|p2a: Excadrill|58/100
|move|p2a: Excadrill|Rapid Spin|p1a: Celebi
|-damage|p1a: Celebi|95/100
|-sideend|p2: refsunpersons|Stealth Rock|[from] move: Rapid Spin|[of] p2a: Excadrill
|
|-weather|RainDance|[upkeep]
|-heal|p1a: Celebi|100/100|[from] item: Leftovers
|-heal|p2a: Excadrill|64/100|[from] item: Leftovers
|upkeep
|turn|16
|l|☆refsunpersons
|inactive|refsunpersons disconnected and has a minute to reconnect!
|player|p2|
|inactive|refsunpersons has 30 seconds to reconnect!
|j|☆refsunpersons
|inactive|refsunpersons reconnected and has 105 seconds left.
|player|p2|refsunpersons|142
|
|switch|p2a: Skarmory|Skarmory, F|100/100
|move|p1a: Celebi|U-turn|p2a: Skarmory
|-resisted|p2a: Skarmory
|-damage|p2a: Skarmory|98/100
|
|switch|p1a: Keldeo|Keldeo-Resolute|94/100|[from]move: U-turn
|-damage|p1a: Keldeo|88/100|[from] Stealth Rock
|
|-weather|RainDance|[upkeep]
|upkeep
|turn|17
|
|switch|p2a: Amoonguss|Amoonguss, F|100/100
|move|p1a: Keldeo|Hydro Pump|p2a: Amoonguss|[miss]
|-miss|p1a: Keldeo|p2a: Amoonguss
|
|-weather|RainDance|[upkeep]
|upkeep
|turn|18
|
|switch|p1a: Jirachi|Jirachi|82/100
|-damage|p1a: Jirachi|76/100|[from] Stealth Rock
|switch|p2a: Skarmory|Skarmory, F|98/100
|
|-weather|RainDance|[upkeep]
|-heal|p1a: Jirachi|82/100|[from] item: Leftovers
|upkeep
|turn|19
|
|switch|p2a: Excadrill|Excadrill, F|64/100
|-ability|p2a: Excadrill|Mold Breaker
|move|p1a: Jirachi|Stealth Rock|p2a: Excadrill
|-sidestart|p2: refsunpersons|move: Stealth Rock
|
|-weather|RainDance|[upkeep]
|-heal|p2a: Excadrill|70/100|[from] item: Leftovers
|-heal|p1a: Jirachi|88/100|[from] item: Leftovers
|upkeep
|turn|20
|
|move|p2a: Excadrill|Rapid Spin|p1a: Jirachi
|-resisted|p1a: Jirachi
|-damage|p1a: Jirachi|86/100
|-sideend|p2: refsunpersons|Stealth Rock|[from] move: Rapid Spin|[of] p2a: Excadrill
|move|p1a: Jirachi|U-turn|p2a: Excadrill
|-resisted|p2a: Excadrill
|-damage|p2a: Excadrill|62/100
|
|switch|p1a: Keldeo|Keldeo-Resolute|88/100|[from]move: U-turn
|-damage|p1a: Keldeo|82/100|[from] Stealth Rock
|
|-weather|RainDance|[upkeep]
|-heal|p2a: Excadrill|68/100|[from] item: Leftovers
|upkeep
|turn|21
|
|move|p2a: Excadrill|Protect|p2a: Excadrill
|-singleturn|p2a: Excadrill|Protect
|move|p1a: Keldeo|Hydro Pump|p2a: Excadrill
|-activate|p2a: Excadrill|move: Protect
|
|-weather|RainDance|[upkeep]
|-heal|p2a: Excadrill|74/100|[from] item: Leftovers
|upkeep
|turn|22
|
|switch|p2a: Amoonguss|Amoonguss, F|100/100
|move|p1a: Keldeo|Hydro Pump|p2a: Amoonguss
|-resisted|p2a: Amoonguss
|-damage|p2a: Amoonguss|54/100
|
|-weather|RainDance|[upkeep]
|-heal|p2a: Amoonguss|60/100|[from] item: Black Sludge
|upkeep
|turn|23
|
|move|p1a: Keldeo|Hydro Pump|p2a: Amoonguss
|-resisted|p2a: Amoonguss
|-damage|p2a: Amoonguss|12/100
|move|p2a: Amoonguss|Giga Drain|p1a: Keldeo
|-supereffective|p1a: Keldeo
|-damage|p1a: Keldeo|28/100
|-heal|p2a: Amoonguss|32/100|[from] drain|[of] p1a: Keldeo
|
|-weather|RainDance|[upkeep]
|-heal|p2a: Amoonguss|38/100|[from] item: Black Sludge
|upkeep
|turn|24
|
|switch|p2a: Chansey|Chansey, F|88/100
|move|p1a: Keldeo|Hydro Pump|p2a: Chansey
|-damage|p2a: Chansey|47/100
|
|-weather|RainDance|[upkeep]
|upkeep
|turn|25
|
|switch|p1a: Tentacruel|Tentacruel, F|100/100
|-damage|p1a: Tentacruel|88/100|[from] Stealth Rock
|move|p2a: Chansey|Soft-Boiled|p2a: Chansey
|-heal|p2a: Chansey|97/100
|
|-weather|RainDance|[upkeep]
|-heal|p1a: Tentacruel|94/100|[from] ability: Rain Dish
|upkeep
|turn|26
|
|switch|p2a: Gothitelle|Gothitelle, M|88/100 slp
|move|p1a: Tentacruel|Rapid Spin|p2a: Gothitelle
|-damage|p2a: Gothitelle|85/100 slp
|-sideend|p1: Ohheyther|Stealth Rock|[from] move: Rapid Spin|[of] p1a: Tentacruel
|
|-weather|RainDance|[upkeep]
|-heal|p1a: Tentacruel|99/100|[from] ability: Rain Dish
|-damage|p2a: Gothitelle|73/100 slp|[from] item: Black Sludge
|upkeep
|turn|27
|
|move|p1a: Tentacruel|Rapid Spin|p2a: Gothitelle
|-damage|p2a: Gothitelle|70/100 slp
|cant|p2a: Gothitelle|slp
|
|-weather|RainDance|[upkeep]
|-heal|p1a: Tentacruel|100/100|[from] ability: Rain Dish
|-damage|p2a: Gothitelle|57/100 slp|[from] item: Black Sludge
|upkeep
|turn|28
|
|move|p1a: Tentacruel|Rapid Spin|p2a: Gothitelle
|-damage|p2a: Gothitelle|54/100 slp
|cant|p2a: Gothitelle|slp
|
|-weather|RainDance|[upkeep]
|-damage|p2a: Gothitelle|42/100 slp|[from] item: Black Sludge
|upkeep
|turn|29
|
|move|p1a: Tentacruel|Rapid Spin|p2a: Gothitelle
|-damage|p2a: Gothitelle|39/100 slp
|-curestatus|p2a: Gothitelle|slp|[msg]
|move|p2a: Gothitelle|Calm Mind|p2a: Gothitelle
|-boost|p2a: Gothitelle|spa|1
|-boost|p2a: Gothitelle|spd|1
|
|-weather|RainDance|[upkeep]
|-damage|p2a: Gothitelle|26/100|[from] item: Black Sludge
|upkeep
|turn|30
|
|move|p1a: Tentacruel|Rapid Spin|p2a: Gothitelle
|-damage|p2a: Gothitelle|23/100
|move|p2a: Gothitelle|Calm Mind|p2a: Gothitelle
|-boost|p2a: Gothitelle|spa|1
|-boost|p2a: Gothitelle|spd|1
|
|-weather|RainDance|[upkeep]
|-damage|p2a: Gothitelle|11/100|[from] item: Black Sludge
|upkeep
|turn|31
|
|move|p1a: Tentacruel|Rapid Spin|p2a: Gothitelle
|-damage|p2a: Gothitelle|7/100
|move|p2a: Gothitelle|Rest|p2a: Gothitelle
|-status|p2a: Gothitelle|slp
|-heal|p2a: Gothitelle|100/100 slp|[silent]
|-status|p2a: Gothitelle|slp|[from] move: Rest
|
|-weather|RainDance|[upkeep]
|-damage|p2a: Gothitelle|88/100 slp|[from] item: Black Sludge
|upkeep
|turn|32
|
|move|p1a: Tentacruel|Rapid Spin|p2a: Gothitelle
|-damage|p2a: Gothitelle|85/100 slp
|cant|p2a: Gothitelle|slp
|
|-weather|RainDance|[upkeep]
|-damage|p2a: Gothitelle|72/100 slp|[from] item: Black Sludge
|upkeep
|turn|33
|
|move|p1a: Tentacruel|Rapid Spin|p2a: Gothitelle
|-damage|p2a: Gothitelle|70/100 slp
|cant|p2a: Gothitelle|slp
|
|-weather|RainDance|[upkeep]
|-damage|p2a: Gothitelle|57/100 slp|[from] item: Black Sludge
|upkeep
|turn|34
|
|move|p1a: Tentacruel|Rapid Spin|p2a: Gothitelle
|-damage|p2a: Gothitelle|54/100 slp
|-curestatus|p2a: Gothitelle|slp|[msg]
|move|p2a: Gothitelle|Calm Mind|p2a: Gothitelle
|-boost|p2a: Gothitelle|spa|1
|-boost|p2a: Gothitelle|spd|1
|
|-weather|RainDance|[upkeep]
|-damage|p2a: Gothitelle|42/100|[from] item: Black Sludge
|upkeep
|turn|35
|
|move|p1a: Tentacruel|Rapid Spin|p2a: Gothitelle
|-damage|p2a: Gothitelle|39/100
|move|p2a: Gothitelle|Calm Mind|p2a: Gothitelle
|-boost|p2a: Gothitelle|spa|1
|-boost|p2a: Gothitelle|spd|1
|
|-weather|RainDance|[upkeep]
|-damage|p2a: Gothitelle|27/100|[from] item: Black Sludge
|upkeep
|turn|36
|
|move|p1a: Tentacruel|Rapid Spin|p2a: Gothitelle
|-damage|p2a: Gothitelle|24/100
|move|p2a: Gothitelle|Calm Mind|p2a: Gothitelle
|-boost|p2a: Gothitelle|spa|1
|-boost|p2a: Gothitelle|spd|1
|
|-weather|RainDance|[upkeep]
|-damage|p2a: Gothitelle|12/100|[from] item: Black Sludge
|upkeep
|turn|37
|
|move|p1a: Tentacruel|Rapid Spin|p2a: Gothitelle
|-damage|p2a: Gothitelle|9/100
|move|p2a: Gothitelle|Rest|p2a: Gothitelle
|-status|p2a: Gothitelle|slp
|-heal|p2a: Gothitelle|100/100 slp|[silent]
|-status|p2a: Gothitelle|slp|[from] move: Rest
|
|-weather|RainDance|[upkeep]
|-damage|p2a: Gothitelle|88/100 slp|[from] item: Black Sludge
|upkeep
|turn|38
|
|move|p1a: Tentacruel|Rapid Spin|p2a: Gothitelle
|-damage|p2a: Gothitelle|85/100 slp
|cant|p2a: Gothitelle|slp
|
|-weather|RainDance|[upkeep]
|-damage|p2a: Gothitelle|73/100 slp|[from] item: Black Sludge
|upkeep
|turn|39
|
|move|p1a: Tentacruel|Rapid Spin|p2a: Gothitelle
|-damage|p2a: Gothitelle|70/100 slp
|cant|p2a: Gothitelle|slp
|
|-weather|RainDance|[upkeep]
|-damage|p2a: Gothitelle|57/100 slp|[from] item: Black Sludge
|upkeep
|turn|40
|inactive|refsunpersons has 120 seconds left.
|
|move|p1a: Tentacruel|Rapid Spin|p2a: Gothitelle
|-damage|p2a: Gothitelle|55/100 slp
|-curestatus|p2a: Gothitelle|slp|[msg]
|move|p2a: Gothitelle|Calm Mind|p2a: Gothitelle
|-boost|p2a: Gothitelle|spa|1
|-boost|p2a: Gothitelle|spd|1
|
|-weather|RainDance|[upkeep]
|-damage|p2a: Gothitelle|42/100|[from] item: Black Sludge
|upkeep
|turn|41
|inactive|refsunpersons has 90 seconds left.
|
|move|p1a: Tentacruel|Rapid Spin|p2a: Gothitelle
|-damage|p2a: Gothitelle|39/100
|move|p2a: Gothitelle|Rest|p2a: Gothitelle
|-status|p2a: Gothitelle|slp
|-heal|p2a: Gothitelle|100/100 slp|[silent]
|-status|p2a: Gothitelle|slp|[from] move: Rest
|
|-weather|RainDance|[upkeep]
|-damage|p2a: Gothitelle|88/100 slp|[from] item: Black Sludge
|upkeep
|turn|42
|
|move|p1a: Tentacruel|Rapid Spin|p2a: Gothitelle
|-damage|p2a: Gothitelle|85/100 slp
|cant|p2a: Gothitelle|slp
|
|-weather|RainDance|[upkeep]
|-damage|p2a: Gothitelle|73/100 slp|[from] item: Black Sludge
|upkeep
|turn|43
|
|move|p1a: Tentacruel|Rapid Spin|p2a: Gothitelle
|-damage|p2a: Gothitelle|70/100 slp
|cant|p2a: Gothitelle|slp
|
|-weather|RainDance|[upkeep]
|-damage|p2a: Gothitelle|57/100 slp|[from] item: Black Sludge
|upkeep
|turn|44
|
|move|p1a: Tentacruel|Rapid Spin|p2a: Gothitelle
|-damage|p2a: Gothitelle|54/100 slp
|-curestatus|p2a: Gothitelle|slp|[msg]
|move|p2a: Gothitelle|Trick|p1a: Tentacruel
|-activate|p2a: Gothitelle|move: Trick|[of] p1a: Tentacruel
|-item|p1a: Tentacruel|Black Sludge|[from] move: Trick
|-item|p2a: Gothitelle|Choice Scarf|[from] move: Trick
|
|-weather|RainDance|[upkeep]
|upkeep
|turn|45
|
|move|p2a: Gothitelle|Psyshock|p1a: Tentacruel
|-supereffective|p1a: Tentacruel
|-damage|p1a: Tentacruel|0 fnt
|faint|p1a: Tentacruel
|
|-weather|RainDance|[upkeep]
|upkeep
|
|switch|p1a: Jirachi|Jirachi|86/100
|turn|46
|
|switch|p2a: Excadrill|Excadrill, F|74/100
|-ability|p2a: Excadrill|Mold Breaker
|move|p1a: Jirachi|U-turn|p2a: Excadrill
|-resisted|p2a: Excadrill
|-damage|p2a: Excadrill|65/100
|
|switch|p1a: Keldeo|Keldeo-Resolute|28/100|[from]move: U-turn
|
|-weather|RainDance|[upkeep]
|-heal|p2a: Excadrill|71/100|[from] item: Leftovers
|upkeep
|turn|47
|
|move|p2a: Excadrill|Protect|p2a: Excadrill
|-singleturn|p2a: Excadrill|Protect
|move|p1a: Keldeo|Hydro Pump|p2a: Excadrill
|-activate|p2a: Excadrill|move: Protect
|
|-weather|RainDance|[upkeep]
|-heal|p2a: Excadrill|77/100|[from] item: Leftovers
|upkeep
|turn|48
|
|switch|p2a: Chansey|Chansey, F|97/100
|move|p1a: Keldeo|Hydro Pump|p2a: Chansey
|-damage|p2a: Chansey|55/100
|
|-weather|RainDance|[upkeep]
|upkeep
|turn|49
|
|switch|p1a: Jirachi|Jirachi|86/100
|move|p2a: Chansey|Soft-Boiled|p2a: Chansey
|-heal|p2a: Chansey|100/100
|
|-weather|RainDance|[upkeep]
|-heal|p1a: Jirachi|92/100|[from] item: Leftovers
|upkeep
|turn|50
|
|switch|p2a: Excadrill|Excadrill, F|77/100
|-ability|p2a: Excadrill|Mold Breaker
|move|p1a: Jirachi|Stealth Rock|p2a: Excadrill
|-sidestart|p2: refsunpersons|move: Stealth Rock
|
|-weather|RainDance|[upkeep]
|-heal|p2a: Excadrill|83/100|[from] item: Leftovers
|-heal|p1a: Jirachi|98/100|[from] item: Leftovers
|upkeep
|turn|51
|
|move|p2a: Excadrill|Rapid Spin|p1a: Jirachi
|-resisted|p1a: Jirachi
|-damage|p1a: Jirachi|96/100
|-sideend|p2: refsunpersons|Stealth Rock|[from] move: Rapid Spin|[of] p2a: Excadrill
|move|p1a: Jirachi|U-turn|p2a: Excadrill
|-resisted|p2a: Excadrill
|-damage|p2a: Excadrill|74/100
|
|switch|p1a: Keldeo|Keldeo-Resolute|28/100|[from]move: U-turn
|
|-weather|RainDance|[upkeep]
|-heal|p2a: Excadrill|80/100|[from] item: Leftovers
|upkeep
|turn|52
|
|move|p2a: Excadrill|Protect|p2a: Excadrill
|-singleturn|p2a: Excadrill|Protect
|move|p1a: Keldeo|Secret Sword|p2a: Excadrill
|-activate|p2a: Excadrill|move: Protect
|
|-weather|RainDance|[upkeep]
|-heal|p2a: Excadrill|86/100|[from] item: Leftovers
|upkeep
|turn|53
|
|switch|p2a: Amoonguss|Amoonguss, F|72/100
|move|p1a: Keldeo|Secret Sword|p2a: Amoonguss
|-resisted|p2a: Amoonguss
|-damage|p2a: Amoonguss|36/100
|
|-weather|RainDance|[upkeep]
|-heal|p2a: Amoonguss|42/100|[from] item: Black Sludge
|upkeep
|turn|54
|
|switch|p1a: Jirachi|Jirachi|96/100
|move|p2a: Amoonguss|Giga Drain|p1a: Jirachi
|-resisted|p1a: Jirachi
|-damage|p1a: Jirachi|89/100
|-heal|p2a: Amoonguss|46/100|[from] drain|[of] p1a: Jirachi
|
|-weather|RainDance|[upkeep]
|-heal|p1a: Jirachi|95/100|[from] item: Leftovers
|-heal|p2a: Amoonguss|52/100|[from] item: Black Sludge
|upkeep
|turn|55
|
|switch|p2a: Excadrill|Excadrill, F|86/100
|-ability|p2a: Excadrill|Mold Breaker
|move|p1a: Jirachi|U-turn|p2a: Excadrill
|-resisted|p2a: Excadrill
|-damage|p2a: Excadrill|77/100
|
|switch|p1a: Celebi|Celebi|100/100|[from]move: U-turn
|
|-weather|RainDance|[upkeep]
|-heal|p2a: Excadrill|83/100|[from] item: Leftovers
|upkeep
|turn|56
|
|switch|p2a: Skarmory|Skarmory, F|98/100
|move|p1a: Celebi|U-turn|p2a: Skarmory
|-resisted|p2a: Skarmory
|-damage|p2a: Skarmory|96/100
|
|switch|p1a: Keldeo|Keldeo-Resolute|28/100|[from]move: U-turn
|
|-weather|RainDance|[upkeep]
|upkeep
|turn|57
|
|switch|p2a: Amoonguss|Amoonguss, F|85/100
|move|p1a: Keldeo|Scald|p2a: Amoonguss
|-resisted|p2a: Amoonguss
|-damage|p2a: Amoonguss|52/100
|
|-weather|RainDance|[upkeep]
|-heal|p2a: Amoonguss|58/100|[from] item: Black Sludge
|upkeep
|turn|58
|
|switch|p1a: Jirachi|Jirachi|95/100
|move|p2a: Amoonguss|Giga Drain|p1a: Jirachi
|-resisted|p1a: Jirachi
|-damage|p1a: Jirachi|88/100
|-heal|p2a: Amoonguss|61/100|[from] drain|[of] p1a: Jirachi
|
|-weather|RainDance|[upkeep]
|-heal|p1a: Jirachi|94/100|[from] item: Leftovers
|-heal|p2a: Amoonguss|67/100|[from] item: Black Sludge
|upkeep
|turn|59
|
|switch|p2a: Excadrill|Excadrill, F|83/100
|-ability|p2a: Excadrill|Mold Breaker
|move|p1a: Jirachi|U-turn|p2a: Excadrill
|-resisted|p2a: Excadrill
|-damage|p2a: Excadrill|75/100
|
|switch|p1a: Celebi|Celebi|100/100|[from]move: U-turn
|
|-weather|RainDance|[upkeep]
|-heal|p2a: Excadrill|81/100|[from] item: Leftovers
|upkeep
|turn|60
|
|move|p2a: Excadrill|Protect|p2a: Excadrill
|-singleturn|p2a: Excadrill|Protect
|move|p1a: Celebi|U-turn|p2a: Excadrill
|-activate|p2a: Excadrill|move: Protect
|
|-weather|RainDance|[upkeep]
|-heal|p2a: Excadrill|87/100|[from] item: Leftovers
|upkeep
|turn|61
|
|switch|p2a: Chansey|Chansey, F|100/100
|move|p1a: Celebi|U-turn|p2a: Chansey
|-damage|p2a: Chansey|91/100
|
|switch|p1a: Keldeo|Keldeo-Resolute|28/100|[from]move: U-turn
|
|-weather|RainDance|[upkeep]
|upkeep
|turn|62
|
|switch|p2a: Amoonguss|Amoonguss, F|100/100
|move|p1a: Keldeo|Secret Sword|p2a: Amoonguss
|-resisted|p2a: Amoonguss
|-damage|p2a: Amoonguss|68/100
|
|-weather|RainDance|[upkeep]
|-heal|p2a: Amoonguss|74/100|[from] item: Black Sludge
|upkeep
|turn|63
|
|switch|p1a: Jirachi|Jirachi|94/100
|move|p2a: Amoonguss|Giga Drain|p1a: Jirachi
|-resisted|p1a: Jirachi
|-damage|p1a: Jirachi|88/100
|-heal|p2a: Amoonguss|77/100|[from] drain|[of] p1a: Jirachi
|
|-weather|RainDance|[upkeep]
|-heal|p1a: Jirachi|94/100|[from] item: Leftovers
|-heal|p2a: Amoonguss|83/100|[from] item: Black Sludge
|upkeep
|turn|64
|
|switch|p2a: Excadrill|Excadrill, F|87/100
|-ability|p2a: Excadrill|Mold Breaker
|move|p1a: Jirachi|U-turn|p2a: Excadrill
|-resisted|p2a: Excadrill
|-damage|p2a: Excadrill|79/100
|
|switch|p1a: Celebi|Celebi|100/100|[from]move: U-turn
|
|-weather|RainDance|[upkeep]
|-heal|p2a: Excadrill|85/100|[from] item: Leftovers
|upkeep
|turn|65
|
|move|p2a: Excadrill|Protect|p2a: Excadrill
|-singleturn|p2a: Excadrill|Protect
|move|p1a: Celebi|U-turn|p2a: Excadrill
|-activate|p2a: Excadrill|move: Protect
|
|-weather|RainDance|[upkeep]
|-heal|p2a: Excadrill|91/100|[from] item: Leftovers
|upkeep
|turn|66
|
|move|p1a: Celebi|U-turn|p2a: Excadrill
|-resisted|p2a: Excadrill
|-damage|p2a: Excadrill|84/100
|
|switch|p1a: Skarmory|Skarmory, M|88/100|[from]move: U-turn
|move|p2a: Excadrill|Earthquake|p1a: Skarmory
|-immune|p1a: Skarmory
|
|-weather|RainDance|[upkeep]
|-heal|p2a: Excadrill|90/100|[from] item: Leftovers
|upkeep
|turn|67
|
|switch|p2a: Chansey|Chansey, F|91/100
|switch|p1a: Celebi|Celebi|100/100
|
|-weather|RainDance|[upkeep]
|upkeep
|turn|68
|
|move|p1a: Celebi|U-turn|p2a: Chansey
|-damage|p2a: Chansey|82/100
|
|switch|p1a: Jirachi|Jirachi|94/100|[from]move: U-turn
|move|p2a: Chansey|Stealth Rock|p1a: Jirachi
|-sidestart|p1: Ohheyther|move: Stealth Rock
|
|-weather|RainDance|[upkeep]
|-heal|p1a: Jirachi|99/100|[from] item: Leftovers
|upkeep
|turn|69
|
|switch|p2a: Excadrill|Excadrill, F|90/100
|-ability|p2a: Excadrill|Mold Breaker
|move|p1a: Jirachi|U-turn|p2a: Excadrill
|-resisted|p2a: Excadrill
|-damage|p2a: Excadrill|81/100
|
|switch|p1a: Skarmory|Skarmory, M|88/100|[from]move: U-turn
|-damage|p1a: Skarmory|76/100|[from] Stealth Rock
|
|-weather|RainDance|[upkeep]
|-heal|p2a: Excadrill|87/100|[from] item: Leftovers
|upkeep
|turn|70
|
|switch|p2a: Skarmory|Skarmory, F|96/100
|move|p1a: Skarmory|Spikes|p2a: Skarmory
|-sidestart|p2: refsunpersons|Spikes
|
|-weather|RainDance|[upkeep]
|upkeep
|turn|71
|
|move|p1a: Skarmory|Spikes|p2a: Skarmory
|-sidestart|p2: refsunpersons|Spikes
|move|p2a: Skarmory|Spikes|p1a: Skarmory
|-sidestart|p1: Ohheyther|Spikes
|
|-weather|RainDance|[upkeep]
|upkeep
|turn|72
|
|switch|p1a: Jirachi|Jirachi|99/100
|-damage|p1a: Jirachi|88/100|[from] Spikes
|-damage|p1a: Jirachi|82/100|[from] Stealth Rock
|switch|p2a: Excadrill|Excadrill, F|87/100
|-damage|p2a: Excadrill|71/100|[from] Spikes
|-ability|p2a: Excadrill|Mold Breaker
|
|-weather|RainDance|[upkeep]
|-heal|p2a: Excadrill|77/100|[from] item: Leftovers
|-heal|p1a: Jirachi|88/100|[from] item: Leftovers
|upkeep
|turn|73
|j| quag power
|
|move|p2a: Excadrill|Rapid Spin|p1a: Jirachi
|-resisted|p1a: Jirachi
|-damage|p1a: Jirachi|85/100
|-sideend|p2: refsunpersons|Spikes|[from] move: Rapid Spin|[of] p2a: Excadrill
|move|p1a: Jirachi|U-turn|p2a: Excadrill
|-resisted|p2a: Excadrill
|-damage|p2a: Excadrill|68/100
|
|switch|p1a: Skarmory|Skarmory, M|76/100|[from]move: U-turn
|-damage|p1a: Skarmory|64/100|[from] Stealth Rock
|
|-weather|RainDance|[upkeep]
|-heal|p2a: Excadrill|74/100|[from] item: Leftovers
|upkeep
|turn|74
|
|switch|p2a: Gothitelle|Gothitelle, M|54/100
|move|p1a: Skarmory|Spikes|p2a: Gothitelle
|-sidestart|p2: refsunpersons|Spikes
|
|-weather|RainDance|[upkeep]
|upkeep
|turn|75
|
|switch|p1a: Politoed|Politoed, F|88/100 slp
|-damage|p1a: Politoed|76/100 slp|[from] Stealth Rock
|-damage|p1a: Politoed|63/100 slp|[from] Spikes
|move|p2a: Gothitelle|Trick|p1a: Politoed
|-activate|p2a: Gothitelle|move: Trick|[of] p1a: Politoed
|-item|p1a: Politoed|Choice Scarf|[from] move: Trick
|-item|p2a: Gothitelle|Choice Scarf|[from] move: Trick
|
|-weather|RainDance|[upkeep]
|upkeep
|turn|76
|
|cant|p1a: Politoed|slp
|move|p2a: Gothitelle|Psyshock|p1a: Politoed
|-damage|p1a: Politoed|28/100 slp
|
|-weather|RainDance|[upkeep]
|upkeep
|turn|77
|
|cant|p1a: Politoed|slp
|move|p2a: Gothitelle|Psyshock|p1a: Politoed
|-damage|p1a: Politoed|0 fnt
|faint|p1a: Politoed
|
|-weather|RainDance|[upkeep]
|upkeep
|
|switch|p1a: Jirachi|Jirachi|85/100
|-damage|p1a: Jirachi|73/100|[from] Spikes
|-damage|p1a: Jirachi|67/100|[from] Stealth Rock
|turn|78
|
|switch|p2a: Excadrill|Excadrill, F|74/100
|-damage|p2a: Excadrill|61/100|[from] Spikes
|-ability|p2a: Excadrill|Mold Breaker
|move|p1a: Jirachi|U-turn|p2a: Excadrill
|-resisted|p2a: Excadrill
|-damage|p2a: Excadrill|53/100
|
|switch|p1a: Keldeo|Keldeo-Resolute|28/100|[from]move: U-turn
|-damage|p1a: Keldeo|22/100|[from] Stealth Rock
|-damage|p1a: Keldeo|9/100|[from] Spikes
|
|-weather|RainDance|[upkeep]
|-heal|p2a: Excadrill|59/100|[from] item: Leftovers
|upkeep
|turn|79
|
|move|p2a: Excadrill|Protect|p2a: Excadrill
|-singleturn|p2a: Excadrill|Protect
|move|p1a: Keldeo|Scald|p2a: Excadrill
|-activate|p2a: Excadrill|move: Protect
|
|-weather|RainDance|[upkeep]
|-heal|p2a: Excadrill|65/100|[from] item: Leftovers
|upkeep
|turn|80
|
|switch|p2a: Chansey|Chansey, F|82/100
|-damage|p2a: Chansey|70/100|[from] Spikes
|move|p1a: Keldeo|Scald|p2a: Chansey
|-crit|p2a: Chansey
|-damage|p2a: Chansey|16/100
|
|-weather|RainDance|[upkeep]
|upkeep
|turn|81
|
|move|p1a: Keldeo|Scald|p2a: Chansey
|-damage|p2a: Chansey|0 fnt
|faint|p2a: Chansey
|
|-weather|RainDance|[upkeep]
|upkeep
|
|switch|p2a: Amoonguss|Amoonguss, F|100/100
|-damage|p2a: Amoonguss|88/100|[from] Spikes
|turn|82
|
|move|p1a: Keldeo|Scald|p2a: Amoonguss
|-resisted|p2a: Amoonguss
|-damage|p2a: Amoonguss|54/100
|-status|p2a: Amoonguss|brn
|move|p2a: Amoonguss|Giga Drain|p1a: Keldeo
|-supereffective|p1a: Keldeo
|-damage|p1a: Keldeo|0 fnt
|-heal|p2a: Amoonguss|57/100 brn|[from] drain|[of] p1a: Keldeo
|faint|p1a: Keldeo
|
|-weather|RainDance|[upkeep]
|-heal|p2a: Amoonguss|64/100 brn|[from] item: Black Sludge
|-damage|p2a: Amoonguss|51/100 brn|[from] brn
|upkeep
|
|switch|p1a: Jirachi|Jirachi|67/100
|-damage|p1a: Jirachi|61/100|[from] Stealth Rock
|-damage|p1a: Jirachi|48/100|[from] Spikes
|turn|83
|
|switch|p2a: Excadrill|Excadrill, F|65/100
|-damage|p2a: Excadrill|52/100|[from] Spikes
|-ability|p2a: Excadrill|Mold Breaker
|move|p1a: Jirachi|U-turn|p2a: Excadrill
|-resisted|p2a: Excadrill
|-damage|p2a: Excadrill|43/100
|
|switch|p1a: Celebi|Celebi|100/100|[from]move: U-turn
|-damage|p1a: Celebi|88/100|[from] Spikes
|-damage|p1a: Celebi|76/100|[from] Stealth Rock
|
|-weather|RainDance|[upkeep]
|-heal|p1a: Celebi|82/100|[from] item: Leftovers
|-heal|p2a: Excadrill|49/100|[from] item: Leftovers
|upkeep
|turn|84
|
|move|p2a: Excadrill|Protect|p2a: Excadrill
|-singleturn|p2a: Excadrill|Protect
|move|p1a: Celebi|Giga Drain|p2a: Excadrill
|-activate|p2a: Excadrill|move: Protect
|
|-weather|RainDance|[upkeep]
|-heal|p1a: Celebi|88/100|[from] item: Leftovers
|-heal|p2a: Excadrill|55/100|[from] item: Leftovers
|upkeep
|turn|85
|
|move|p1a: Celebi|Giga Drain|p2a: Excadrill
|-damage|p2a: Excadrill|33/100
|-heal|p1a: Celebi|98/100|[from] drain|[of] p2a: Excadrill
|move|p2a: Excadrill|Rapid Spin|p1a: Celebi
|-damage|p1a: Celebi|94/100
|-sideend|p2: refsunpersons|Spikes|[from] move: Rapid Spin|[of] p2a: Excadrill
|
|-weather|RainDance|[upkeep]
|-heal|p1a: Celebi|99/100|[from] item: Leftovers
|-heal|p2a: Excadrill|40/100|[from] item: Leftovers
|upkeep
|turn|86
|
|switch|p2a: Amoonguss|Amoonguss, F|85/100 brn
|move|p1a: Celebi|U-turn|p2a: Amoonguss
|-damage|p2a: Amoonguss|69/100 brn
|
|switch|p1a: Skarmory|Skarmory, M|64/100|[from]move: U-turn
|-damage|p1a: Skarmory|52/100|[from] Stealth Rock
|
|-weather|RainDance|[upkeep]
|-heal|p2a: Amoonguss|76/100 brn|[from] item: Black Sludge
|-damage|p2a: Amoonguss|63/100 brn|[from] brn
|upkeep
|turn|87
|
|switch|p2a: Alomomola|Alomomola, M|100/100
|move|p1a: Skarmory|Brave Bird|p2a: Alomomola
|-damage|p2a: Alomomola|84/100
|-damage|p1a: Skarmory|35/100|[from] item: Rocky Helmet|[of] p2a: Alomomola
|-damage|p1a: Skarmory|26/100|[from] Recoil
|
|-weather|RainDance|[upkeep]
|upkeep
|turn|88
|
|move|p1a: Skarmory|Roost|p1a: Skarmory
|-heal|p1a: Skarmory|76/100
|-singleturn|p1a: Skarmory|move: Roost
|move|p2a: Alomomola|Knock Off|p1a: Skarmory
|-resisted|p1a: Skarmory
|-damage|p1a: Skarmory|75/100
|-enditem|p1a: Skarmory|Shed Shell|[from] move: Knock Off|[of] p2a: Alomomola
|
|-weather|RainDance|[upkeep]
|upkeep
|turn|89
|
|switch|p2a: Gothitelle|Gothitelle, M|54/100
|move|p1a: Skarmory|Spikes|p2a: Gothitelle
|-sidestart|p2: refsunpersons|Spikes
|
|-weather|RainDance|[upkeep]
|upkeep
|turn|90
|-message|Ohheyther forfeited.
|
|win|refsunpersons
|l|☆Ohheyther
|raw|Ohheyther's rating: 1416 &rarr; <strong>1393</strong><br />(-23 for losing)
|raw|refsunpersons's rating: 1352 &rarr; <strong>1375</strong><br />(+23 for winning)
