|j|☆Charliereall
|j|☆Skillfullbeing
|t:|1738630160
|gametype|singles
|player|p1|Charliereall|teamrocket|1263
|player|p2|Skillfullbeing|nate|1433
|teamsize|p1|6
|teamsize|p2|6
|gen|5
|tier|[Gen 5] OU
|rated|
|rule|Species Clause: Limit one of each Pokémon
|rule|OHKO Clause: OHKO moves are banned
|rule|Moody Clause: Moody is banned
|rule|Evasion Items Clause: Evasion items are banned
|rule|Evasion Moves Clause: Evasion moves are banned
|rule|Endless Battle Clause: Forcing endless battles is banned
|rule|HP Percentage Mod: HP is shown in percentages
|rule|Evasion Abilities Clause: Evasion abilities are banned
|rule|Sleep Moves Clause: Sleep-inducing moves are banned
|rule|Swagger Clause: Swagger is banned
|rule|Baton Pass Stat Clause: No Baton Passer may have a way to boost its stats
|clearpoke
|poke|p1|Garchomp, F|item
|poke|p1|Kyurem-Black|item
|poke|p1|Latios, M|item
|poke|p1|Magnezone|item
|poke|p1|Jirachi|item
|poke|p1|Landorus-Therian, M|item
|poke|p2|Tyranitar, F|item
|poke|p2|Alakazam, F|item
|poke|p2|Rotom-Wash|item
|poke|p2|Garchomp, M|item
|poke|p2|Ferrothorn, M|item
|poke|p2|Excadrill, F|item
|teampreview
|inactive|Battle timer is ON: inactive players will automatically lose when time's up. (requested by Charliereall)
|inactive|Skillfullbeing also wants the timer to be on.
|inactive|Charliereall has 120 seconds left.
|
|t:|1738630191
|start
|switch|p1a: Land-Cloud|Landorus-Therian, M|100/100
|switch|p2a: Garchomp|Garchomp, M|100/100
|-ability|p1a: Land-Cloud|Intimidate|boost
|-unboost|p2a: Garchomp|atk|1
|turn|1
|
|t:|1738630208
|move|p2a: Garchomp|Outrage|p1a: Land-Cloud
|-damage|p1a: Land-Cloud|62/100
|move|p1a: Land-Cloud|Stealth Rock|p2a: Garchomp
|-sidestart|p2: Skillfullbeing|move: Stealth Rock
|
|-heal|p1a: Land-Cloud|68/100|[from] item: Leftovers
|upkeep
|turn|2
|
|t:|1738630228
|switch|p1a: Lucky Bastard|Jirachi|100/100
|move|p2a: Garchomp|Outrage|p1a: Lucky Bastard|[from] lockedmove
|-resisted|p1a: Lucky Bastard
|-damage|p1a: Lucky Bastard|82/100
|-start|p2a: Garchomp|confusion|[fatigue]
|
|-heal|p1a: Lucky Bastard|88/100|[from] item: Leftovers
|upkeep
|turn|3
|inactive|Charliereall has 120 seconds left.
|
|t:|1738630246
|switch|p2a: Rotom|Rotom-Wash|100/100
|-damage|p2a: Rotom|88/100|[from] Stealth Rock
|move|p1a: Lucky Bastard|U-turn|p2a: Rotom
|-damage|p2a: Rotom|72/100
|inactive|Charliereall has 120 seconds left.
|
|t:|1738630280
|switch|p1a: Nuclear Bomb|Kyurem-Black, shiny|100/100|[from] U-turn
|-ability|p1a: Nuclear Bomb|Teravolt
|
|-heal|p2a: Rotom|78/100|[from] item: Leftovers
|upkeep
|turn|4
|inactive|Charliereall has 90 seconds left.
|
|t:|1738630297
|switch|p1a: Tesla|Magnezone|100/100
|-item|p1a: Tesla|Air Balloon
|move|p2a: Rotom|Volt Switch|p1a: Tesla
|-resisted|p1a: Tesla
|-crit|p1a: Tesla
|-damage|p1a: Tesla|69/100
|-enditem|p1a: Tesla|Air Balloon
|
|t:|1738630309
|switch|p2a: Excadrill|Excadrill, F|100/100|[from] Volt Switch
|-damage|p2a: Excadrill|98/100|[from] Stealth Rock
|-item|p2a: Excadrill|Air Balloon
|
|upkeep
|turn|5
|inactive|Charliereall has 90 seconds left.
|
|t:|1738630325
|switch|p1a: Land-Cloud|Landorus-Therian, M|68/100
|-ability|p1a: Land-Cloud|Intimidate|boost
|-unboost|p2a: Excadrill|atk|1
|move|p2a: Excadrill|Earthquake|p1a: Land-Cloud
|-immune|p1a: Land-Cloud
|
|-heal|p1a: Land-Cloud|74/100|[from] item: Leftovers
|upkeep
|turn|6
|inactive|Charliereall has 90 seconds left.
|
|t:|1738630342
|move|p1a: Land-Cloud|U-turn|p2a: Excadrill
|-resisted|p2a: Excadrill
|-damage|p2a: Excadrill|83/100
|-enditem|p2a: Excadrill|Air Balloon
|
|t:|1738630366
|switch|p1a: Beatrice|Latios, M, shiny|100/100|[from] U-turn
|move|p2a: Excadrill|Swords Dance|p2a: Excadrill
|-boost|p2a: Excadrill|atk|2
|
|upkeep
|turn|7
|
|t:|1738630382
|move|p1a: Beatrice|Surf|p2a: Excadrill
|-supereffective|p2a: Excadrill
|-damage|p2a: Excadrill|0 fnt
|faint|p2a: Excadrill
|
|upkeep
|
|t:|1738630384
|switch|p2a: Tyranitar|Tyranitar, F|100/100
|-damage|p2a: Tyranitar|88/100|[from] Stealth Rock
|-weather|Sandstorm|[from] ability: Sand Stream|[of] p2a: Tyranitar
|turn|8
|
|t:|1738630404
|move|p1a: Beatrice|Surf|p2a: Tyranitar
|-supereffective|p2a: Tyranitar
|-damage|p2a: Tyranitar|57/100
|move|p2a: Tyranitar|Pursuit|p1a: Beatrice
|-supereffective|p1a: Beatrice
|-damage|p1a: Beatrice|53/100
|
|-weather|Sandstorm|[upkeep]
|-damage|p1a: Beatrice|47/100|[from] Sandstorm
|upkeep
|turn|9
|inactive|Charliereall has 60 seconds left.
|
|t:|1738630422
|move|p1a: Beatrice|Surf|p2a: Tyranitar
|-supereffective|p2a: Tyranitar
|-damage|p2a: Tyranitar|30/100
|move|p2a: Tyranitar|Crunch|p1a: Beatrice
|-supereffective|p1a: Beatrice
|-damage|p1a: Beatrice|0 fnt
|faint|p1a: Beatrice
|
|-weather|Sandstorm|[upkeep]
|upkeep
|inactive|Charliereall has 60 seconds left.
|
|t:|1738630446
|switch|p1a: Lucky Bastard|Jirachi|88/100
|turn|10
|
|t:|1738630453
|move|p1a: Lucky Bastard|Iron Head|p2a: Tyranitar
|-supereffective|p2a: Tyranitar
|-damage|p2a: Tyranitar|0 fnt
|faint|p2a: Tyranitar
|
|-weather|Sandstorm|[upkeep]
|-heal|p1a: Lucky Bastard|94/100|[from] item: Leftovers
|upkeep
|
|t:|1738630459
|switch|p2a: Ferrothorn|Ferrothorn, M|100/100
|-damage|p2a: Ferrothorn|94/100|[from] Stealth Rock
|turn|11
|
|t:|1738630462
|move|p1a: Lucky Bastard|U-turn|p2a: Ferrothorn
|-damage|p2a: Ferrothorn|82/100
|-damage|p1a: Lucky Bastard|82/100|[from] ability: Iron Barbs|[of] p2a: Ferrothorn
|
|t:|1738630464
|switch|p1a: Tesla|Magnezone|69/100|[from] U-turn
|move|p2a: Ferrothorn|Thunder Wave|p1a: Tesla
|-status|p1a: Tesla|par
|
|-weather|Sandstorm|[upkeep]
|-heal|p2a: Ferrothorn|88/100|[from] item: Leftovers
|upkeep
|turn|12
|
|t:|1738630470
|move|p2a: Ferrothorn|Stealth Rock|p1a: Tesla
|-sidestart|p1: Charliereall|move: Stealth Rock
|move|p1a: Tesla|Magnet Rise|p1a: Tesla
|-start|p1a: Tesla|Magnet Rise
|
|-weather|Sandstorm|[upkeep]
|-heal|p2a: Ferrothorn|95/100|[from] item: Leftovers
|upkeep
|turn|13
|
|t:|1738630473
|move|p2a: Ferrothorn|Power Whip|p1a: Tesla|[miss]
|-miss|p2a: Ferrothorn|p1a: Tesla
|move|p1a: Tesla|Hidden Power|p2a: Ferrothorn
|-supereffective|p2a: Ferrothorn
|-damage|p2a: Ferrothorn|0 fnt
|faint|p2a: Ferrothorn
|
|-weather|Sandstorm|[upkeep]
|upkeep
|
|t:|1738630475
|switch|p2a: Alakazam|Alakazam, F|100/100
|turn|14
|
|t:|1738630479
|move|p2a: Alakazam|Focus Blast|p1a: Tesla
|-supereffective|p1a: Tesla
|-damage|p1a: Tesla|0 fnt
|faint|p1a: Tesla
|
|-weather|Sandstorm|[upkeep]
|upkeep
|
|t:|1738630494
|switch|p1a: Lucky Bastard|Jirachi|82/100
|-damage|p1a: Lucky Bastard|75/100|[from] Stealth Rock
|turn|15
|
|t:|1738630497
|move|p2a: Alakazam|Focus Blast|p1a: Lucky Bastard
|-damage|p1a: Lucky Bastard|47/100
|move|p1a: Lucky Bastard|U-turn|p2a: Alakazam
|-supereffective|p2a: Alakazam
|-damage|p2a: Alakazam|21/100
|
|t:|1738630508
|switch|p1a: Chain Chomp|Garchomp, F|100/100|[from] U-turn
|-damage|p1a: Chain Chomp|94/100|[from] Stealth Rock
|
|-weather|Sandstorm|[upkeep]
|upkeep
|turn|16
|
|t:|1738630512
|move|p1a: Chain Chomp|Dual Chop|p2a: Alakazam
|-damage|p2a: Alakazam|0 fnt
|faint|p2a: Alakazam
|-hitcount|p2: Alakazam|1
|
|-weather|Sandstorm|[upkeep]
|upkeep
|
|t:|1738630516
|switch|p2a: Rotom|Rotom-Wash|78/100
|-damage|p2a: Rotom|66/100|[from] Stealth Rock
|turn|17
|
|t:|1738630520
|switch|p1a: Lucky Bastard|Jirachi|47/100
|-damage|p1a: Lucky Bastard|41/100|[from] Stealth Rock
|move|p2a: Rotom|Will-O-Wisp|p1a: Lucky Bastard|[miss]
|-miss|p2a: Rotom|p1a: Lucky Bastard
|
|-weather|Sandstorm|[upkeep]
|-damage|p2a: Rotom|60/100|[from] Sandstorm
|-heal|p1a: Lucky Bastard|47/100|[from] item: Leftovers
|-heal|p2a: Rotom|66/100|[from] item: Leftovers
|upkeep
|turn|18
|
|t:|1738630523
|move|p1a: Lucky Bastard|Wish|p1a: Lucky Bastard
|move|p2a: Rotom|Will-O-Wisp|p1a: Lucky Bastard
|-status|p1a: Lucky Bastard|brn
|
|-weather|Sandstorm|[upkeep]
|-damage|p2a: Rotom|60/100|[from] Sandstorm
|-heal|p1a: Lucky Bastard|53/100 brn|[from] item: Leftovers
|-heal|p2a: Rotom|66/100|[from] item: Leftovers
|-damage|p1a: Lucky Bastard|41/100 brn|[from] brn
|upkeep
|turn|19
|
|t:|1738630527
|move|p1a: Lucky Bastard|U-turn|p2a: Rotom
|-damage|p2a: Rotom|56/100
|
|t:|1738630529
|switch|p1a: Land-Cloud|Landorus-Therian, M|74/100|[from] U-turn
|-damage|p1a: Land-Cloud|61/100|[from] Stealth Rock
|-ability|p1a: Land-Cloud|Intimidate|boost
|-unboost|p2a: Rotom|atk|1
|move|p2a: Rotom|Volt Switch|p1a: Land-Cloud
|-immune|p1a: Land-Cloud
|
|-weather|Sandstorm|[upkeep]
|-damage|p2a: Rotom|50/100|[from] Sandstorm
|-heal|p1a: Land-Cloud|100/100|[from] move: Wish|[wisher] Lucky Bastard
|-heal|p2a: Rotom|56/100|[from] item: Leftovers
|upkeep
|turn|20
|
|t:|1738630534
|move|p1a: Land-Cloud|U-turn|p2a: Rotom
|-damage|p2a: Rotom|33/100
|
|t:|1738630536
|switch|p1a: Lucky Bastard|Jirachi|41/100 brn|[from] U-turn
|-damage|p1a: Lucky Bastard|34/100 brn|[from] Stealth Rock
|move|p2a: Rotom|Pain Split|p1a: Lucky Bastard
|-sethp|p1a: Lucky Bastard|27/100 brn|[from] move: Pain Split|[silent]
|-sethp|p2a: Rotom|44/100|[from] move: Pain Split
|
|-weather|Sandstorm|[upkeep]
|-damage|p2a: Rotom|38/100|[from] Sandstorm
|-heal|p1a: Lucky Bastard|33/100 brn|[from] item: Leftovers
|-heal|p2a: Rotom|44/100|[from] item: Leftovers
|-damage|p1a: Lucky Bastard|21/100 brn|[from] brn
|upkeep
|turn|21
|
|t:|1738630542
|move|p1a: Lucky Bastard|Wish|p1a: Lucky Bastard
|move|p2a: Rotom|Hydro Pump|p1a: Lucky Bastard|[miss]
|-miss|p2a: Rotom|p1a: Lucky Bastard
|
|-weather|Sandstorm|[upkeep]
|-damage|p2a: Rotom|38/100|[from] Sandstorm
|-heal|p1a: Lucky Bastard|27/100 brn|[from] item: Leftovers
|-heal|p2a: Rotom|44/100|[from] item: Leftovers
|-damage|p1a: Lucky Bastard|15/100 brn|[from] brn
|upkeep
|turn|22
|
|t:|1738630551
|move|p1a: Lucky Bastard|Body Slam|p2a: Rotom
|-damage|p2a: Rotom|33/100
|move|p2a: Rotom|Hydro Pump|p1a: Lucky Bastard
|-damage|p1a: Lucky Bastard|0 fnt
|faint|p1a: Lucky Bastard
|
|-weather|Sandstorm|[upkeep]
|-damage|p2a: Rotom|27/100|[from] Sandstorm
|-heal|p2a: Rotom|33/100|[from] item: Leftovers
|upkeep
|
|t:|1738630560
|switch|p1a: Nuclear Bomb|Kyurem-Black, shiny|100/100
|-damage|p1a: Nuclear Bomb|76/100|[from] Stealth Rock
|-ability|p1a: Nuclear Bomb|Teravolt
|turn|23
|
|t:|1738630563
|move|p1a: Nuclear Bomb|Outrage|p2a: Rotom
|-damage|p2a: Rotom|0 fnt
|faint|p2a: Rotom
|
|-weather|Sandstorm|[upkeep]
|-damage|p1a: Nuclear Bomb|70/100|[from] Sandstorm
|upkeep
|
|t:|1738630567
|switch|p2a: Garchomp|Garchomp, M|100/100
|-damage|p2a: Garchomp|94/100|[from] Stealth Rock
|turn|24
|
|t:|1738630569
|move|p2a: Garchomp|Outrage|p1a: Nuclear Bomb
|-supereffective|p1a: Nuclear Bomb
|-damage|p1a: Nuclear Bomb|0 fnt
|faint|p1a: Nuclear Bomb
|
|-weather|Sandstorm|[upkeep]
|upkeep
|
|t:|1738630571
|switch|p1a: Land-Cloud|Landorus-Therian, M|100/100
|-damage|p1a: Land-Cloud|88/100|[from] Stealth Rock
|-ability|p1a: Land-Cloud|Intimidate|boost
|-unboost|p2a: Garchomp|atk|1
|turn|25
|
|t:|1738630574
|move|p2a: Garchomp|Outrage|p1a: Land-Cloud|[from] lockedmove
|-damage|p1a: Land-Cloud|48/100
|-start|p2a: Garchomp|confusion|[fatigue]
|move|p1a: Land-Cloud|Hidden Power|p2a: Garchomp
|-supereffective|p2a: Garchomp
|-damage|p2a: Garchomp|24/100
|
|-weather|Sandstorm|[upkeep]
|-heal|p1a: Land-Cloud|54/100|[from] item: Leftovers
|upkeep
|turn|26
|
|t:|1738630577
|-activate|p2a: Garchomp|confusion
|move|p2a: Garchomp|Outrage|p1a: Land-Cloud
|-damage|p1a: Land-Cloud|12/100
|move|p1a: Land-Cloud|Hidden Power|p2a: Garchomp
|-supereffective|p2a: Garchomp
|-crit|p2a: Garchomp
|-damage|p2a: Garchomp|0 fnt
|faint|p2a: Garchomp
|
|win|Charliereall
|raw|Charliereall's rating: 1263 &rarr; <strong>1299</strong><br />(+36 for winning)
|raw|Skillfullbeing's rating: 1433 &rarr; <strong>1404</strong><br />(-29 for losing)
|c|☆Charliereall|gg
|l|☆Skillfullbeing
|player|p2|
