|j|☆HydreigonSpammer
|j|☆Artere Happy
|t:|1736438418
|gametype|singles
|player|p1|HydreigonSpammer|iris|1479
|player|p2|Artere Happy|medium|1308
|teamsize|p1|6
|teamsize|p2|6
|gen|5
|tier|[Gen 5] OU
|rated|
|rule|Species Clause: Limit one of each Pokémon
|rule|OHKO Clause: OHKO moves are banned
|rule|Moody Clause: Moody is banned
|rule|Evasion Items Clause: Evasion items are banned
|rule|Evasion Moves Clause: Evasion moves are banned
|rule|Endless Battle Clause: Forcing endless battles is banned
|rule|HP Percentage Mod: HP is shown in percentages
|rule|Evasion Abilities Clause: Evasion abilities are banned
|rule|Sleep Moves Clause: Sleep-inducing moves are banned
|rule|Swagger Clause: Swagger is banned
|rule|Baton Pass Stat Clause: No Baton Passer may have a way to boost its stats
|clearpoke
|poke|p1|Rotom|item
|poke|p1|Hippowdon, M|item
|poke|p1|Reuniclus, M|item
|poke|p1|Alakazam, M|item
|poke|p1|Ferrothorn, F|item
|poke|p1|Latios, M|item
|poke|p2|Hippowdon, M|item
|poke|p2|Skarmory, M|item
|poke|p2|Jellicent, F|item
|poke|p2|Clefable, M|item
|poke|p2|Latios, M|item
|poke|p2|Alakazam, M|item
|teampreview
|inactive|Battle timer is ON: inactive players will automatically lose when time's up. (requested by Artere Happy)
|inactive|HydreigonSpammer has 120 seconds left.
|
|t:|1736438448
|start
|switch|p1a: Hippowdon|Hippowdon, M|100/100
|switch|p2a: Clefable|Clefable, M|100/100
|-weather|Sandstorm|[from] ability: Sand Stream|[of] p1a: Hippowdon
|turn|1
|
|t:|1736438462
|move|p2a: Clefable|Knock Off|p1a: Hippowdon
|-damage|p1a: Hippowdon|98/100
|-enditem|p1a: Hippowdon|Leftovers|[from] move: Knock Off|[of] p2a: Clefable
|move|p1a: Hippowdon|Stealth Rock|p2a: Clefable
|-sidestart|p2: Artere Happy|move: Stealth Rock
|
|-weather|Sandstorm|[upkeep]
|upkeep
|turn|2
|
|t:|1736438471
|switch|p1a: Ferrothorn|Ferrothorn, F|100/100
|move|p2a: Clefable|Knock Off|p1a: Ferrothorn
|-resisted|p1a: Ferrothorn
|-damage|p1a: Ferrothorn|99/100
|-enditem|p1a: Ferrothorn|Leftovers|[from] move: Knock Off|[of] p2a: Clefable
|
|-weather|Sandstorm|[upkeep]
|upkeep
|turn|3
|
|t:|1736438477
|switch|p2a: Skarmory|Skarmory, M|100/100
|-damage|p2a: Skarmory|88/100|[from] Stealth Rock
|move|p1a: Ferrothorn|Thunder Wave|p2a: Skarmory
|-status|p2a: Skarmory|par
|
|-weather|Sandstorm|[upkeep]
|upkeep
|turn|4
|
|t:|1736438483
|move|p1a: Ferrothorn|Spikes|p2a: Skarmory
|-sidestart|p2: Artere Happy|Spikes
|move|p2a: Skarmory|Spikes|p1a: Ferrothorn
|-sidestart|p1: HydreigonSpammer|Spikes
|
|-weather|Sandstorm|[upkeep]
|upkeep
|turn|5
|
|t:|1736438488
|move|p1a: Ferrothorn|Spikes|p2a: Skarmory
|-sidestart|p2: Artere Happy|Spikes
|move|p2a: Skarmory|Spikes|p1a: Ferrothorn
|-sidestart|p1: HydreigonSpammer|Spikes
|
|-weather|Sandstorm|[upkeep]
|upkeep
|turn|6
|
|t:|1736438498
|move|p1a: Ferrothorn|Spikes|p2a: Skarmory
|-sidestart|p2: Artere Happy|Spikes
|cant|p2a: Skarmory|par
|
|-weather|Sandstorm|[upkeep]
|upkeep
|turn|7
|j| chomp29
|
|t:|1736438520
|switch|p1a: Rotom|Rotom|100/100
|move|p2a: Skarmory|Spikes|p1a: Rotom
|-sidestart|p1: HydreigonSpammer|Spikes
|
|-weather|Sandstorm|[upkeep]
|-damage|p1a: Rotom|94/100|[from] Sandstorm
|-heal|p1a: Rotom|100/100|[from] item: Leftovers
|upkeep
|turn|8
|
|t:|1736438541
|switch|p2a: Clefable|Clefable, M|100/100
|move|p1a: Rotom|Volt Switch|p2a: Clefable
|-damage|p2a: Clefable|85/100
|inactive|HydreigonSpammer has 120 seconds left.
|c|☆HydreigonSpammer|Pink mons.
|
|t:|1736438583
|switch|p1a: Hippowdon|Hippowdon, M|98/100|[from] Volt Switch
|-damage|p1a: Hippowdon|73/100|[from] Spikes
|
|-weather|Sandstorm|[upkeep]
|-heal|p2a: Clefable|91/100|[from] item: Leftovers
|upkeep
|turn|9
|c|☆Artere Happy|lmao
|inactive|Artere Happy has 120 seconds left.
|
|t:|1736438611
|move|p2a: Clefable|Seismic Toss|p1a: Hippowdon
|-damage|p1a: Hippowdon|49/100
|move|p1a: Hippowdon|Slack Off|p1a: Hippowdon
|-heal|p1a: Hippowdon|99/100
|
|-weather|Sandstorm|[upkeep]
|-heal|p2a: Clefable|97/100|[from] item: Leftovers
|upkeep
|turn|10
|
|t:|1736438620
|move|p2a: Clefable|Seismic Toss|p1a: Hippowdon
|-damage|p1a: Hippowdon|75/100
|move|p1a: Hippowdon|Earthquake|p2a: Clefable
|-damage|p2a: Clefable|59/100
|
|-weather|Sandstorm|[upkeep]
|-heal|p2a: Clefable|65/100|[from] item: Leftovers
|upkeep
|turn|11
|inactive|Artere Happy has 120 seconds left.
|inactive|Artere Happy has 90 seconds left.
|inactive|Artere Happy has 60 seconds left.
|inactive|HydreigonSpammer has 120 seconds left.
|
|t:|1736438710
|move|p2a: Clefable|Soft-Boiled|p2a: Clefable
|-heal|p2a: Clefable|100/100
|move|p1a: Hippowdon|Earthquake|p2a: Clefable
|-damage|p2a: Clefable|58/100
|
|-weather|Sandstorm|[upkeep]
|-heal|p2a: Clefable|64/100|[from] item: Leftovers
|upkeep
|turn|12
|
|t:|1736438718
|switch|p2a: Skarmory|Skarmory, M|88/100 par
|-damage|p2a: Skarmory|76/100 par|[from] Stealth Rock
|move|p1a: Hippowdon|Earthquake|p2a: Skarmory
|-immune|p2a: Skarmory
|
|-weather|Sandstorm|[upkeep]
|upkeep
|turn|13
|inactive|Artere Happy has 60 seconds left.
|
|t:|1736438732
|move|p1a: Hippowdon|Slack Off|p1a: Hippowdon
|-heal|p1a: Hippowdon|100/100
|cant|p2a: Skarmory|par
|
|-weather|Sandstorm|[upkeep]
|upkeep
|turn|14
|
|t:|1736438740
|switch|p1a: Reuniclus|Reuniclus, M|100/100
|move|p2a: Skarmory|Whirlwind|p1a: Reuniclus
|drag|p1a: Hippowdon|Hippowdon, M|100/100
|-damage|p1a: Hippowdon|75/100|[from] Spikes
|
|-weather|Sandstorm|[upkeep]
|upkeep
|turn|15
|
|t:|1736438753
|move|p1a: Hippowdon|Slack Off|p1a: Hippowdon
|-heal|p1a: Hippowdon|100/100
|cant|p2a: Skarmory|par
|
|-weather|Sandstorm|[upkeep]
|upkeep
|turn|16
|
|t:|1736438775
|switch|p1a: Reuniclus|Reuniclus, M|100/100
|switch|p2a: Jellicent|Jellicent, F|100/100
|-damage|p2a: Jellicent|88/100|[from] Stealth Rock
|-damage|p2a: Jellicent|63/100|[from] Spikes
|
|-weather|Sandstorm|[upkeep]
|-damage|p2a: Jellicent|57/100|[from] Sandstorm
|-heal|p2a: Jellicent|63/100|[from] item: Leftovers
|upkeep
|turn|17
|
|t:|1736438790
|switch|p2a: Clefable|Clefable, M|64/100
|move|p1a: Reuniclus|Psychic|p2a: Clefable
|-damage|p2a: Clefable|41/100
|
|-weather|Sandstorm|[upkeep]
|-heal|p2a: Clefable|47/100|[from] item: Leftovers
|upkeep
|turn|18
|inactive|Artere Happy has 60 seconds left.
|
|t:|1736438817
|move|p2a: Clefable|Soft-Boiled|p2a: Clefable
|-heal|p2a: Clefable|97/100
|move|p1a: Reuniclus|Calm Mind|p1a: Reuniclus
|-boost|p1a: Reuniclus|spa|1
|-boost|p1a: Reuniclus|spd|1
|
|-weather|Sandstorm|[upkeep]
|-heal|p2a: Clefable|100/100|[from] item: Leftovers
|upkeep
|turn|19
|inactive|Artere Happy has 60 seconds left.
|
|t:|1736438857
|move|p2a: Clefable|Thunder Wave|p1a: Reuniclus
|-status|p1a: Reuniclus|par
|cant|p1a: Reuniclus|par
|
|-weather|Sandstorm|[upkeep]
|upkeep
|turn|20
|
|t:|1736438864
|move|p2a: Clefable|Seismic Toss|p1a: Reuniclus
|-damage|p1a: Reuniclus|77/100 par
|cant|p1a: Reuniclus|par
|
|-weather|Sandstorm|[upkeep]
|-heal|p1a: Reuniclus|83/100 par|[from] item: Leftovers
|upkeep
|turn|21
|
|t:|1736438866
|move|p2a: Clefable|Knock Off|p1a: Reuniclus
|-supereffective|p1a: Reuniclus
|-damage|p1a: Reuniclus|78/100 par
|-enditem|p1a: Reuniclus|Leftovers|[from] move: Knock Off|[of] p2a: Clefable
|move|p1a: Reuniclus|Calm Mind|p1a: Reuniclus
|-boost|p1a: Reuniclus|spa|1
|-boost|p1a: Reuniclus|spd|1
|
|-weather|Sandstorm|[upkeep]
|upkeep
|turn|22
|inactive|Artere Happy has 30 seconds left.
|inactive|Artere Happy has 20 seconds left.
|inactive|Artere Happy has 15 seconds left.
|inactive|Artere Happy has 10 seconds left.
|inactive|Artere Happy has 5 seconds left.
|
|t:|1736438923
|move|p2a: Clefable|Seismic Toss|p1a: Reuniclus
|-damage|p1a: Reuniclus|54/100 par
|move|p1a: Reuniclus|Recover|p1a: Reuniclus
|-heal|p1a: Reuniclus|100/100 par
|
|-weather|Sandstorm|[upkeep]
|upkeep
|turn|23
|inactive|Artere Happy has 15 seconds left this turn.
|
|t:|1736438926
|move|p2a: Clefable|Seismic Toss|p1a: Reuniclus
|-damage|p1a: Reuniclus|77/100 par
|move|p1a: Reuniclus|Psychic|p2a: Clefable
|-crit|p2a: Clefable
|-damage|p2a: Clefable|0 fnt
|faint|p2a: Clefable
|
|-weather|Sandstorm|[upkeep]
|upkeep
|inactive|Artere Happy has 20 seconds left this turn.
|
|t:|1736438930
|switch|p2a: Skarmory|Skarmory, M|76/100 par
|-damage|p2a: Skarmory|64/100 par|[from] Stealth Rock
|turn|24
|inactive|Artere Happy has 30 seconds left this turn.
|
|t:|1736438936
|move|p2a: Skarmory|Brave Bird|p1a: Reuniclus
|-damage|p1a: Reuniclus|54/100 par
|-damage|p2a: Skarmory|54/100 par|[from] Recoil
|move|p1a: Reuniclus|Focus Blast|p2a: Skarmory
|-damage|p2a: Skarmory|0 fnt
|faint|p2a: Skarmory
|
|-weather|Sandstorm|[upkeep]
|upkeep
|inactive|Artere Happy has 30 seconds left.
|inactive|Artere Happy has 20 seconds left.
|-message|Artere Happy forfeited.
|
|win|HydreigonSpammer
|inactive|Artere Happy has 25 seconds left this turn.
|raw|HydreigonSpammer's rating: 1479 &rarr; <strong>1490</strong><br />(+11 for winning)
|raw|Artere Happy's rating: 1308 &rarr; <strong>1297</strong><br />(-11 for losing)
|l|☆Artere Happy
|player|p2|
