|j|☆JeffIsGay69420
|j|☆SkillfullBeing
|t:|1732399774
|gametype|singles
|player|p1|JeffIsGay69420|may-contest|1377
|player|p2|SkillfullBeing|nate|1441
|teamsize|p1|6
|teamsize|p2|6
|gen|5
|tier|[Gen 5] OU
|rated|
|rule|Species Clause: Limit one of each Pokémon
|rule|OHKO Clause: OHKO moves are banned
|rule|Moody Clause: Moody is banned
|rule|Evasion Items Clause: Evasion items are banned
|rule|Evasion Moves Clause: Evasion moves are banned
|rule|Endless Battle Clause: Forcing endless battles is banned
|rule|HP Percentage Mod: HP is shown in percentages
|rule|Evasion Abilities Clause: Evasion abilities are banned
|rule|Sleep Moves Clause: Sleep-inducing moves are banned
|rule|Swagger Clause: Swagger is banned
|rule|Baton Pass Stat Clause: No Baton Passer may have a way to boost its stats
|clearpoke
|poke|p1|Tyranitar, F|item
|poke|p1|Excadrill, F|item
|poke|p1|Latios, M|item
|poke|p1|Skarmory, F|item
|poke|p1|Slowking, M|item
|poke|p1|Alakazam, F|item
|poke|p2|Tyranitar, M|item
|poke|p2|Alakazam, F|item
|poke|p2|Jirachi|item
|poke|p2|Garchomp, F|item
|poke|p2|Excadrill, M|item
|poke|p2|Ferrothorn, M|item
|teampreview
|inactive|Battle timer is ON: inactive players will automatically lose when time's up. (requested by SkillfullBeing)
|
|t:|1732399804
|start
|switch|p1a: Slowking|Slowking, M|100/100
|switch|p2a: Ferrothorn|Ferrothorn, M|100/100
|turn|1
|
|t:|1732399817
|move|p1a: Slowking|Fire Blast|p2a: Ferrothorn
|-supereffective|p2a: Ferrothorn
|-damage|p2a: Ferrothorn|0 fnt
|faint|p2a: Ferrothorn
|
|upkeep
|
|t:|1732399836
|switch|p2a: Tyranitar|Tyranitar, M|100/100
|-weather|Sandstorm|[from] ability: Sand Stream|[of] p2a: Tyranitar
|turn|2
|
|t:|1732399845
|-activate|p1a: Slowking|move: Pursuit
|move|p2a: Tyranitar|Pursuit|p1a: Slowking|[from]Pursuit
|-supereffective|p1a: Slowking
|-damage|p1a: Slowking|28/100
|switch|p1a: Skarmory|Skarmory, F|100/100
|
|-weather|Sandstorm|[upkeep]
|upkeep
|turn|3
|
|t:|1732399852
|move|p1a: Skarmory|Spikes|p2a: Tyranitar
|-sidestart|p2: SkillfullBeing|Spikes
|move|p2a: Tyranitar|Thunder Wave|p1a: Skarmory
|-status|p1a: Skarmory|par
|
|-weather|Sandstorm|[upkeep]
|upkeep
|turn|4
|
|t:|1732399857
|move|p2a: Tyranitar|Stone Edge|p1a: Skarmory
|-damage|p1a: Skarmory|65/100 par
|cant|p1a: Skarmory|par
|
|-weather|Sandstorm|[upkeep]
|-heal|p1a: Skarmory|71/100 par|[from] item: Leftovers
|upkeep
|turn|5
|
|t:|1732399860
|move|p2a: Tyranitar|Stone Edge|p1a: Skarmory
|-damage|p1a: Skarmory|37/100 par
|move|p1a: Skarmory|Roost|p1a: Skarmory
|-heal|p1a: Skarmory|87/100 par
|-singleturn|p1a: Skarmory|move: Roost
|
|-weather|Sandstorm|[upkeep]
|-heal|p1a: Skarmory|93/100 par|[from] item: Leftovers
|upkeep
|turn|6
|
|t:|1732399865
|switch|p2a: Jirachi|Jirachi|100/100
|-damage|p2a: Jirachi|88/100|[from] Spikes
|cant|p1a: Skarmory|par
|
|-weather|Sandstorm|[upkeep]
|-heal|p2a: Jirachi|94/100|[from] item: Leftovers
|-heal|p1a: Skarmory|99/100 par|[from] item: Leftovers
|upkeep
|turn|7
|
|t:|1732399872
|switch|p1a: Excadrill|Excadrill, F, shiny|100/100
|-ability|p1a: Excadrill|Mold Breaker
|move|p2a: Jirachi|Substitute|p2a: Jirachi
|-start|p2a: Jirachi|Substitute
|-damage|p2a: Jirachi|69/100
|
|-weather|Sandstorm|[upkeep]
|-heal|p2a: Jirachi|76/100|[from] item: Leftovers
|upkeep
|turn|8
|
|t:|1732399897
|move|p1a: Excadrill|Earthquake|p2a: Jirachi
|-supereffective|p2a: Jirachi
|-end|p2a: Jirachi|Substitute
|move|p2a: Jirachi|Psychic|p1a: Excadrill
|-resisted|p1a: Excadrill
|-damage|p1a: Excadrill|79/100
|-unboost|p1a: Excadrill|spd|1
|
|-weather|Sandstorm|[upkeep]
|-heal|p1a: Excadrill|85/100|[from] item: Leftovers
|-heal|p2a: Jirachi|82/100|[from] item: Leftovers
|upkeep
|turn|9
|
|t:|1732399906
|switch|p2a: Excadrill|Excadrill, M|100/100
|-item|p2a: Excadrill|Air Balloon
|move|p1a: Excadrill|Earthquake|p2a: Excadrill
|-immune|p2a: Excadrill
|
|-weather|Sandstorm|[upkeep]
|-heal|p1a: Excadrill|91/100|[from] item: Leftovers
|upkeep
|turn|10
|
|t:|1732399934
|switch|p1a: Skarmory|Skarmory, F|99/100 par
|move|p2a: Excadrill|Swords Dance|p2a: Excadrill
|-boost|p2a: Excadrill|atk|2
|
|-weather|Sandstorm|[upkeep]
|-heal|p1a: Skarmory|100/100 par|[from] item: Leftovers
|upkeep
|turn|11
|
|t:|1732399942
|move|p2a: Excadrill|Iron Head|p1a: Skarmory
|-resisted|p1a: Skarmory
|-damage|p1a: Skarmory|57/100 par
|move|p1a: Skarmory|Whirlwind|p2a: Excadrill
|drag|p2a: Alakazam|Alakazam, F|100/100
|
|-weather|Sandstorm|[upkeep]
|-heal|p1a: Skarmory|63/100 par|[from] item: Leftovers
|upkeep
|turn|12
|
|t:|1732399947
|move|p2a: Alakazam|Focus Blast|p1a: Skarmory|[miss]
|-miss|p2a: Alakazam|p1a: Skarmory
|cant|p1a: Skarmory|par
|
|-weather|Sandstorm|[upkeep]
|-heal|p1a: Skarmory|69/100 par|[from] item: Leftovers
|upkeep
|turn|13
|
|t:|1732399951
|move|p2a: Alakazam|Focus Blast|p1a: Skarmory
|-damage|p1a: Skarmory|29/100 par
|move|p1a: Skarmory|Roost|p1a: Skarmory
|-heal|p1a: Skarmory|79/100 par
|-singleturn|p1a: Skarmory|move: Roost
|
|-weather|Sandstorm|[upkeep]
|-heal|p1a: Skarmory|85/100 par|[from] item: Leftovers
|upkeep
|turn|14
|
|t:|1732399955
|switch|p2a: Jirachi|Jirachi|82/100
|-damage|p2a: Jirachi|69/100|[from] Spikes
|move|p1a: Skarmory|Brave Bird|p2a: Jirachi
|-resisted|p2a: Jirachi
|-damage|p2a: Jirachi|57/100
|-damage|p1a: Skarmory|81/100 par|[from] Recoil
|
|-weather|Sandstorm|[upkeep]
|-heal|p2a: Jirachi|63/100|[from] item: Leftovers
|-heal|p1a: Skarmory|87/100 par|[from] item: Leftovers
|upkeep
|turn|15
|
|t:|1732399960
|switch|p1a: Excadrill|Excadrill, F, shiny|91/100
|-ability|p1a: Excadrill|Mold Breaker
|move|p2a: Jirachi|Substitute|p2a: Jirachi
|-start|p2a: Jirachi|Substitute
|-damage|p2a: Jirachi|38/100
|
|-weather|Sandstorm|[upkeep]
|-heal|p1a: Excadrill|97/100|[from] item: Leftovers
|-heal|p2a: Jirachi|44/100|[from] item: Leftovers
|upkeep
|turn|16
|
|t:|1732399962
|move|p1a: Excadrill|Earthquake|p2a: Jirachi
|-supereffective|p2a: Jirachi
|-end|p2a: Jirachi|Substitute
|move|p2a: Jirachi|Psychic|p1a: Excadrill
|-resisted|p1a: Excadrill
|-damage|p1a: Excadrill|76/100
|
|-weather|Sandstorm|[upkeep]
|-heal|p1a: Excadrill|82/100|[from] item: Leftovers
|-heal|p2a: Jirachi|51/100|[from] item: Leftovers
|upkeep
|turn|17
|
|t:|1732399965
|switch|p2a: Excadrill|Excadrill, M|100/100
|-item|p2a: Excadrill|Air Balloon
|move|p1a: Excadrill|Rapid Spin|p2a: Excadrill
|-resisted|p2a: Excadrill
|-damage|p2a: Excadrill|95/100
|-enditem|p2a: Excadrill|Air Balloon
|
|-weather|Sandstorm|[upkeep]
|-heal|p1a: Excadrill|88/100|[from] item: Leftovers
|upkeep
|turn|18
|
|t:|1732399974
|switch|p1a: Skarmory|Skarmory, F|87/100 par
|move|p2a: Excadrill|Earthquake|p1a: Skarmory
|-immune|p1a: Skarmory
|
|-weather|Sandstorm|[upkeep]
|-heal|p1a: Skarmory|93/100 par|[from] item: Leftovers
|upkeep
|turn|19
|
|t:|1732399980
|move|p2a: Excadrill|Swords Dance|p2a: Excadrill
|-boost|p2a: Excadrill|atk|2
|move|p1a: Skarmory|Whirlwind|p2a: Excadrill
|drag|p2a: Jirachi|Jirachi|51/100
|-damage|p2a: Jirachi|38/100|[from] Spikes
|
|-weather|Sandstorm|[upkeep]
|-heal|p2a: Jirachi|44/100|[from] item: Leftovers
|-heal|p1a: Skarmory|99/100 par|[from] item: Leftovers
|upkeep
|turn|20
|inactive|SkillfullBeing has 120 seconds left.
|
|t:|1732400029
|switch|p1a: Excadrill|Excadrill, F, shiny|88/100
|-ability|p1a: Excadrill|Mold Breaker
|move|p2a: Jirachi|Substitute|p2a: Jirachi
|-start|p2a: Jirachi|Substitute
|-damage|p2a: Jirachi|19/100
|
|-weather|Sandstorm|[upkeep]
|-heal|p1a: Excadrill|94/100|[from] item: Leftovers
|-heal|p2a: Jirachi|26/100|[from] item: Leftovers
|upkeep
|turn|21
|
|t:|1732400037
|move|p1a: Excadrill|Earthquake|p2a: Jirachi
|-supereffective|p2a: Jirachi
|-end|p2a: Jirachi|Substitute
|move|p2a: Jirachi|Psychic|p1a: Excadrill
|-resisted|p1a: Excadrill
|-damage|p1a: Excadrill|74/100
|
|-weather|Sandstorm|[upkeep]
|-heal|p1a: Excadrill|80/100|[from] item: Leftovers
|-heal|p2a: Jirachi|32/100|[from] item: Leftovers
|upkeep
|turn|22
|
|t:|1732400039
|move|p1a: Excadrill|Earthquake|p2a: Jirachi
|-supereffective|p2a: Jirachi
|-damage|p2a: Jirachi|0 fnt
|faint|p2a: Jirachi
|
|-weather|Sandstorm|[upkeep]
|-heal|p1a: Excadrill|86/100|[from] item: Leftovers
|upkeep
|
|t:|1732400042
|switch|p2a: Alakazam|Alakazam, F|100/100
|turn|23
|
|t:|1732400045
|switch|p1a: Slowking|Slowking, M|62/100
|move|p2a: Alakazam|Focus Blast|p1a: Slowking
|-resisted|p1a: Slowking
|-crit|p1a: Slowking
|-damage|p1a: Slowking|33/100
|
|-weather|Sandstorm|[upkeep]
|-damage|p1a: Slowking|27/100|[from] Sandstorm
|-heal|p1a: Slowking|33/100|[from] item: Leftovers
|upkeep
|turn|24
|
|t:|1732400053
|switch|p1a: Tyranitar|Tyranitar, F|100/100
|move|p2a: Alakazam|Energy Ball|p1a: Tyranitar
|-supereffective|p1a: Tyranitar
|-damage|p1a: Tyranitar|73/100
|
|-weather|Sandstorm|[upkeep]
|upkeep
|turn|25
|
|t:|1732400056
|move|p2a: Alakazam|Focus Blast|p1a: Tyranitar
|-supereffective|p1a: Tyranitar
|-enditem|p1a: Tyranitar|Chople Berry|[eat]
|-enditem|p1a: Tyranitar|Chople Berry|[weaken]
|-damage|p1a: Tyranitar|33/100
|-unboost|p1a: Tyranitar|spd|1
|move|p1a: Tyranitar|Pursuit|p2a: Alakazam
|-supereffective|p2a: Alakazam
|-enditem|p2a: Alakazam|Focus Sash
|-damage|p2a: Alakazam|1/100
|
|-weather|Sandstorm|[upkeep]
|upkeep
|turn|26
|
|t:|1732400062
|move|p2a: Alakazam|Energy Ball|p1a: Tyranitar
|-supereffective|p1a: Tyranitar
|-damage|p1a: Tyranitar|0 fnt
|faint|p1a: Tyranitar
|
|-weather|Sandstorm|[upkeep]
|upkeep
|
|t:|1732400069
|switch|p1a: Skarmory|Skarmory, F|99/100 par
|turn|27
|
|t:|1732400075
|move|p2a: Alakazam|Focus Blast|p1a: Skarmory
|-damage|p1a: Skarmory|59/100 par
|cant|p1a: Skarmory|par
|
|-weather|Sandstorm|[upkeep]
|-heal|p1a: Skarmory|65/100 par|[from] item: Leftovers
|upkeep
|turn|28
|
|t:|1732400078
|move|p2a: Alakazam|Focus Blast|p1a: Skarmory
|-damage|p1a: Skarmory|24/100 par
|-unboost|p1a: Skarmory|spd|1
|move|p1a: Skarmory|Roost|p1a: Skarmory
|-heal|p1a: Skarmory|74/100 par
|-singleturn|p1a: Skarmory|move: Roost
|
|-weather|Sandstorm|[upkeep]
|-heal|p1a: Skarmory|80/100 par|[from] item: Leftovers
|upkeep
|turn|29
|
|t:|1732400082
|switch|p1a: Slowking|Slowking, M|66/100
|move|p2a: Alakazam|Focus Blast|p1a: Slowking
|-resisted|p1a: Slowking
|-damage|p1a: Slowking|52/100
|
|-weather|Sandstorm|[upkeep]
|-damage|p1a: Slowking|46/100|[from] Sandstorm
|-heal|p1a: Slowking|52/100|[from] item: Leftovers
|upkeep
|turn|30
|
|t:|1732400087
|switch|p1a: Skarmory|Skarmory, F|80/100 par
|move|p2a: Alakazam|Energy Ball|p1a: Skarmory
|-resisted|p1a: Skarmory
|-damage|p1a: Skarmory|74/100 par
|
|-weather|Sandstorm|[upkeep]
|-heal|p1a: Skarmory|80/100 par|[from] item: Leftovers
|upkeep
|turn|31
|
|t:|1732400093
|switch|p2a: Garchomp|Garchomp, F|100/100
|-damage|p2a: Garchomp|88/100|[from] Spikes
|move|p1a: Skarmory|Spikes|p2a: Garchomp
|-sidestart|p2: SkillfullBeing|Spikes
|
|-weather|Sandstorm|[upkeep]
|-heal|p1a: Skarmory|86/100 par|[from] item: Leftovers
|upkeep
|turn|32
|
|t:|1732400095
|move|p2a: Garchomp|Swords Dance|p2a: Garchomp
|-boost|p2a: Garchomp|atk|2
|move|p1a: Skarmory|Whirlwind|p2a: Garchomp
|drag|p2a: Tyranitar|Tyranitar, M|100/100
|-damage|p2a: Tyranitar|84/100|[from] Spikes
|
|-weather|Sandstorm|[upkeep]
|-heal|p1a: Skarmory|92/100 par|[from] item: Leftovers
|upkeep
|turn|33
|inactive|SkillfullBeing has 120 seconds left.
|
|t:|1732400128
|move|p2a: Tyranitar|Stone Edge|p1a: Skarmory
|-damage|p1a: Skarmory|56/100 par
|cant|p1a: Skarmory|par
|
|-weather|Sandstorm|[upkeep]
|-heal|p1a: Skarmory|62/100 par|[from] item: Leftovers
|upkeep
|turn|34
|
|t:|1732400136
|move|p2a: Tyranitar|Stone Edge|p1a: Skarmory
|-crit|p1a: Skarmory
|-damage|p1a: Skarmory|0 fnt
|faint|p1a: Skarmory
|
|-weather|Sandstorm|[upkeep]
|upkeep
|
|t:|1732400140
|switch|p1a: Excadrill|Excadrill, F, shiny|86/100
|-ability|p1a: Excadrill|Mold Breaker
|turn|35
|
|t:|1732400160
|switch|p2a: Garchomp|Garchomp, F|88/100
|-damage|p2a: Garchomp|72/100|[from] Spikes
|move|p1a: Excadrill|Earthquake|p2a: Garchomp
|-damage|p2a: Garchomp|13/100
|
|-weather|Sandstorm|[upkeep]
|-heal|p1a: Excadrill|92/100|[from] item: Leftovers
|upkeep
|turn|36
|
|t:|1732400184
|switch|p1a: Slowking|Slowking, M|86/100
|move|p2a: Garchomp|Earthquake|p1a: Slowking
|-damage|p1a: Slowking|35/100
|
|-weather|Sandstorm|[upkeep]
|-damage|p1a: Slowking|29/100|[from] Sandstorm
|-heal|p1a: Slowking|35/100|[from] item: Leftovers
|upkeep
|turn|37
|
|t:|1732400201
|move|p2a: Garchomp|Outrage|p1a: Slowking
|-damage|p1a: Slowking|0 fnt
|faint|p1a: Slowking
|
|-weather|Sandstorm|[upkeep]
|upkeep
|
|t:|1732400205
|switch|p1a: Excadrill|Excadrill, F, shiny|92/100
|-ability|p1a: Excadrill|Mold Breaker
|turn|38
|
|t:|1732400211
|move|p2a: Garchomp|Outrage|p1a: Excadrill|[from]lockedmove
|-resisted|p1a: Excadrill
|-crit|p1a: Excadrill
|-damage|p1a: Excadrill|9/100
|-start|p2a: Garchomp|confusion|[fatigue]
|move|p1a: Excadrill|Earthquake|p2a: Garchomp
|-damage|p2a: Garchomp|0 fnt
|faint|p2a: Garchomp
|
|-weather|Sandstorm|[upkeep]
|-heal|p1a: Excadrill|15/100|[from] item: Leftovers
|upkeep
|
|t:|1732400217
|switch|p2a: Alakazam|Alakazam, F|1/100
|turn|39
|
|t:|1732400232
|move|p2a: Alakazam|Hidden Power|p1a: Excadrill
|-damage|p1a: Excadrill|0 fnt
|faint|p1a: Excadrill
|
|-weather|Sandstorm|[upkeep]
|upkeep
|
|t:|1732400245
|switch|p1a: Latios|Latios, M, shiny|100/100
|turn|40
|
|t:|1732400248
|move|p2a: Alakazam|Hidden Power|p1a: Latios
|-supereffective|p1a: Latios
|-damage|p1a: Latios|44/100
|move|p1a: Latios|Surf|p2a: Alakazam
|-damage|p2a: Alakazam|0 fnt
|faint|p2a: Alakazam
|
|-weather|Sandstorm|[upkeep]
|-damage|p1a: Latios|38/100|[from] Sandstorm
|upkeep
|
|t:|1732400254
|switch|p2a: Excadrill|Excadrill, M|95/100
|-damage|p2a: Excadrill|78/100|[from] Spikes
|turn|41
|
|t:|1732400257
|move|p1a: Latios|Surf|p2a: Excadrill
|-supereffective|p2a: Excadrill
|-damage|p2a: Excadrill|0 fnt
|faint|p2a: Excadrill
|
|-weather|Sandstorm|[upkeep]
|-damage|p1a: Latios|32/100|[from] Sandstorm
|upkeep
|
|t:|1732400262
|switch|p2a: Tyranitar|Tyranitar, M|84/100
|-damage|p2a: Tyranitar|67/100|[from] Spikes
|turn|42
|
|t:|1732400265
|move|p1a: Latios|Surf|p2a: Tyranitar
|-supereffective|p2a: Tyranitar
|-damage|p2a: Tyranitar|38/100
|move|p2a: Tyranitar|Crunch|p1a: Latios
|-supereffective|p1a: Latios
|-enditem|p1a: Latios|Colbur Berry|[eat]
|-enditem|p1a: Latios|Colbur Berry|[weaken]
|-damage|p1a: Latios|0 fnt
|faint|p1a: Latios
|
|-weather|Sandstorm|[upkeep]
|upkeep
|
|t:|1732400269
|switch|p1a: Alakazam|Alakazam, F|100/100
|turn|43
|
|t:|1732400296
|move|p1a: Alakazam|Focus Blast|p2a: Tyranitar
|-supereffective|p2a: Tyranitar
|-enditem|p2a: Tyranitar|Chople Berry|[eat]
|-enditem|p2a: Tyranitar|Chople Berry|[weaken]
|-damage|p2a: Tyranitar|1/100
|move|p2a: Tyranitar|Thunder Wave|p1a: Alakazam
|-status|p1a: Alakazam|par
|
|-weather|Sandstorm|[upkeep]
|upkeep
|turn|44
|
|t:|1732400320
|move|p2a: Tyranitar|Crunch|p1a: Alakazam
|-supereffective|p1a: Alakazam
|-enditem|p1a: Alakazam|Focus Sash
|-damage|p1a: Alakazam|1/100 par
|move|p1a: Alakazam|Hidden Power|p2a: Tyranitar
|-damage|p2a: Tyranitar|0 fnt
|faint|p2a: Tyranitar
|
|win|JeffIsGay69420
|raw|JeffIsGay69420's rating: 1377 &rarr; <strong>1399</strong><br />(+22 for winning)
|raw|SkillfullBeing's rating: 1411 &rarr; <strong>1389</strong><br />(-22 for losing)
|l|☆SkillfullBeing
|player|p2|
