|j|☆Bahamut (LoD)
|j|☆chundee galaxy
|t:|1737818463
|gametype|singles
|player|p1|Bahamut (LoD)|unknown|1343
|player|p2|chundee galaxy|alder|1538
|teamsize|p1|6
|teamsize|p2|6
|gen|5
|tier|[Gen 5] OU
|rated|
|rule|Species Clause: Limit one of each Pokémon
|rule|OHKO Clause: OHKO moves are banned
|rule|Moody Clause: Moody is banned
|rule|Evasion Items Clause: Evasion items are banned
|rule|Evasion Moves Clause: Evasion moves are banned
|rule|Endless Battle Clause: Forcing endless battles is banned
|rule|HP Percentage Mod: HP is shown in percentages
|rule|Evasion Abilities Clause: Evasion abilities are banned
|rule|Sleep Moves Clause: Sleep-inducing moves are banned
|rule|Swagger Clause: Swagger is banned
|rule|Baton Pass Stat Clause: No Baton Passer may have a way to boost its stats
|clearpoke
|poke|p1|Hippowdon, M|item
|poke|p1|Heatran, M|item
|poke|p1|Celebi|item
|poke|p1|Ferrothorn, M|item
|poke|p1|Tentacruel, M|item
|poke|p1|Jolteon, F|item
|poke|p2|Politoed, M|item
|poke|p2|Keldeo|item
|poke|p2|Breloom, M|item
|poke|p2|Scizor, M|item
|poke|p2|Metagross|item
|poke|p2|Gyarados, M|item
|teampreview
|
|t:|1737818559
|start
|switch|p1a: Celebi|Celebi|100/100
|switch|p2a: Breloom|Breloom, M|100/100
|turn|1
|inactive|Battle timer is ON: inactive players will automatically lose when time's up. (requested by chundee galaxy)
|
|t:|1737818576
|switch|p2a: Metagross|Metagross|100/100
|move|p1a: Celebi|Psychic|p2a: Metagross
|-resisted|p2a: Metagross
|-damage|p2a: Metagross|93/100
|
|upkeep
|turn|2
|
|t:|1737818585
|switch|p1a: Hippowdon|Hippowdon, M|100/100
|-weather|Sandstorm|[from] ability: Sand Stream|[of] p1a: Hippowdon
|move|p2a: Metagross|Stealth Rock|p1a: Hippowdon
|-sidestart|p1: Bahamut (LoD)|move: Stealth Rock
|
|-weather|Sandstorm|[upkeep]
|upkeep
|turn|3
|
|t:|1737818593
|switch|p2a: Politoed|Politoed, M|100/100
|-weather|RainDance|[from] ability: Drizzle|[of] p2a: Politoed
|move|p1a: Hippowdon|Stealth Rock|p2a: Politoed
|-sidestart|p2: chundee galaxy|move: Stealth Rock
|
|-weather|RainDance|[upkeep]
|upkeep
|turn|4
|
|t:|1737818600
|switch|p1a: Tentacruel|Tentacruel, M|100/100
|-damage|p1a: Tentacruel|88/100|[from] Stealth Rock
|move|p2a: Politoed|Hydro Pump|p1a: Tentacruel|[miss]
|-miss|p2a: Politoed|p1a: Tentacruel
|
|-weather|RainDance|[upkeep]
|-heal|p1a: Tentacruel|94/100|[from] ability: Rain Dish
|-heal|p1a: Tentacruel|99/100|[from] item: Black Sludge
|upkeep
|turn|5
|
|t:|1737818610
|move|p1a: Tentacruel|Rapid Spin|p2a: Politoed
|-damage|p2a: Politoed|97/100
|-sideend|p1: Bahamut (LoD)|Stealth Rock|[from] move: Rapid Spin|[of] p1a: Tentacruel
|move|p2a: Politoed|Hydro Pump|p1a: Tentacruel
|-resisted|p1a: Tentacruel
|-damage|p1a: Tentacruel|66/100
|
|-weather|RainDance|[upkeep]
|-heal|p1a: Tentacruel|72/100|[from] ability: Rain Dish
|-heal|p1a: Tentacruel|79/100|[from] item: Black Sludge
|upkeep
|turn|6
|
|t:|1737818624
|switch|p2a: Metagross|Metagross|93/100
|-damage|p2a: Metagross|86/100|[from] Stealth Rock
|move|p1a: Tentacruel|Toxic|p2a: Metagross|[miss]
|-miss|p1a: Tentacruel|p2a: Metagross
|
|-weather|RainDance|[upkeep]
|-heal|p1a: Tentacruel|85/100|[from] ability: Rain Dish
|-heal|p1a: Tentacruel|91/100|[from] item: Black Sludge
|upkeep
|turn|7
|inactive|Bahamut (LoD) has 120 seconds left.
|
|t:|1737818664
|switch|p1a: Celebi|Celebi|100/100
|move|p2a: Metagross|Earthquake|p1a: Celebi
|-resisted|p1a: Celebi
|-damage|p1a: Celebi|84/100
|
|-weather|RainDance|[upkeep]
|-heal|p1a: Celebi|90/100|[from] item: Leftovers
|upkeep
|turn|8
|inactive|Bahamut (LoD) has 120 seconds left.
|
|t:|1737818682
|move|p1a: Celebi|Psychic|p2a: Metagross
|-resisted|p2a: Metagross
|-damage|p2a: Metagross|79/100
|move|p2a: Metagross|Stealth Rock|p1a: Celebi
|-sidestart|p1: Bahamut (LoD)|move: Stealth Rock
|
|-weather|RainDance|[upkeep]
|-heal|p1a: Celebi|96/100|[from] item: Leftovers
|upkeep
|turn|9
|
|t:|1737818690
|switch|p2a: Scizor|Scizor, M|100/100
|-damage|p2a: Scizor|88/100|[from] Stealth Rock
|move|p1a: Celebi|Giga Drain|p2a: Scizor
|-resisted|p2a: Scizor
|-damage|p2a: Scizor|79/100
|-heal|p1a: Celebi|99/100|[from] drain|[of] p2a: Scizor
|
|-weather|RainDance|[upkeep]
|-heal|p1a: Celebi|100/100|[from] item: Leftovers
|upkeep
|turn|10
|inactive|Bahamut (LoD) has 120 seconds left.
|
|t:|1737818700
|switch|p1a: Hippowdon|Hippowdon, M|100/100
|-damage|p1a: Hippowdon|94/100|[from] Stealth Rock
|-weather|Sandstorm|[from] ability: Sand Stream|[of] p1a: Hippowdon
|move|p2a: Scizor|U-turn|p1a: Hippowdon
|-damage|p1a: Hippowdon|76/100
|
|t:|1737818708
|switch|p2a: Politoed|Politoed, M|97/100|[from] U-turn
|-damage|p2a: Politoed|85/100|[from] Stealth Rock
|-weather|RainDance|[from] ability: Drizzle|[of] p2a: Politoed
|
|-weather|RainDance|[upkeep]
|-heal|p1a: Hippowdon|82/100|[from] item: Leftovers
|upkeep
|turn|11
|
|t:|1737818717
|switch|p2a: Breloom|Breloom, M|100/100
|-damage|p2a: Breloom|94/100|[from] Stealth Rock
|switch|p1a: Tentacruel|Tentacruel, M|91/100
|-damage|p1a: Tentacruel|78/100|[from] Stealth Rock
|
|-weather|RainDance|[upkeep]
|-heal|p1a: Tentacruel|84/100|[from] ability: Rain Dish
|-heal|p1a: Tentacruel|90/100|[from] item: Black Sludge
|upkeep
|turn|12
|
|t:|1737818729
|switch|p1a: Celebi|Celebi|100/100
|-damage|p1a: Celebi|88/100|[from] Stealth Rock
|move|p2a: Breloom|Bullet Seed|p1a: Celebi
|-resisted|p1a: Celebi
|-damage|p1a: Celebi|76/100
|-resisted|p1a: Celebi
|-damage|p1a: Celebi|62/100
|-resisted|p1a: Celebi
|-damage|p1a: Celebi|47/100
|-hitcount|p1a: Celebi|3
|
|-weather|RainDance|[upkeep]
|-heal|p1a: Celebi|53/100|[from] item: Leftovers
|upkeep
|turn|13
|
|t:|1737818741
|switch|p2a: Scizor|Scizor, M|79/100
|-damage|p2a: Scizor|66/100|[from] Stealth Rock
|move|p1a: Celebi|Recover|p1a: Celebi
|-heal|p1a: Celebi|100/100
|
|-weather|RainDance|[upkeep]
|upkeep
|turn|14
|
|t:|1737818749
|switch|p1a: Hippowdon|Hippowdon, M|82/100
|-damage|p1a: Hippowdon|76/100|[from] Stealth Rock
|-weather|Sandstorm|[from] ability: Sand Stream|[of] p1a: Hippowdon
|move|p2a: Scizor|U-turn|p1a: Hippowdon
|-crit|p1a: Hippowdon
|-damage|p1a: Hippowdon|36/100
|
|t:|1737818757
|switch|p2a: Politoed|Politoed, M|85/100|[from] U-turn
|-damage|p2a: Politoed|73/100|[from] Stealth Rock
|-weather|RainDance|[from] ability: Drizzle|[of] p2a: Politoed
|
|-weather|RainDance|[upkeep]
|-heal|p1a: Hippowdon|43/100|[from] item: Leftovers
|upkeep
|turn|15
|inactive|Bahamut (LoD) has 120 seconds left.
|
|t:|1737818791
|move|p2a: Politoed|Surf|p1a: Hippowdon
|-supereffective|p1a: Hippowdon
|-damage|p1a: Hippowdon|0 fnt
|faint|p1a: Hippowdon
|
|-weather|RainDance|[upkeep]
|upkeep
|
|t:|1737818800
|switch|p1a: Ferrothorn|Ferrothorn, M|100/100
|-damage|p1a: Ferrothorn|94/100|[from] Stealth Rock
|turn|16
|inactive|Bahamut (LoD) has 120 seconds left.
|
|t:|1737818806
|move|p2a: Politoed|Surf|p1a: Ferrothorn
|-resisted|p1a: Ferrothorn
|-damage|p1a: Ferrothorn|58/100
|move|p1a: Ferrothorn|Spikes|p2a: Politoed
|-sidestart|p2: chundee galaxy|Spikes
|
|-weather|RainDance|[upkeep]
|-heal|p1a: Ferrothorn|64/100|[from] item: Leftovers
|upkeep
|turn|17
|
|t:|1737818814
|move|p2a: Politoed|Surf|p1a: Ferrothorn
|-resisted|p1a: Ferrothorn
|-damage|p1a: Ferrothorn|28/100
|move|p1a: Ferrothorn|Leech Seed|p2a: Politoed
|-start|p2a: Politoed|move: Leech Seed
|
|-weather|RainDance|[upkeep]
|-heal|p1a: Ferrothorn|34/100|[from] item: Leftovers
|-damage|p2a: Politoed|60/100|[from] Leech Seed|[of] p1a: Ferrothorn
|-heal|p1a: Ferrothorn|47/100|[silent]
|upkeep
|turn|18
|inactive|Bahamut (LoD) has 120 seconds left.
|
|t:|1737818830
|switch|p2a: Breloom|Breloom, M|94/100
|-damage|p2a: Breloom|88/100|[from] Stealth Rock
|-damage|p2a: Breloom|76/100|[from] Spikes
|move|p1a: Ferrothorn|Spikes|p2a: Breloom
|-sidestart|p2: chundee galaxy|Spikes
|
|-weather|RainDance|[upkeep]
|-heal|p1a: Ferrothorn|54/100|[from] item: Leftovers
|upkeep
|turn|19
|
|t:|1737818842
|move|p1a: Ferrothorn|Protect|p1a: Ferrothorn
|-singleturn|p1a: Ferrothorn|Protect
|move|p2a: Breloom|Low Sweep|p1a: Ferrothorn
|-activate|p1a: Ferrothorn|move: Protect
|
|-weather|RainDance|[upkeep]
|-heal|p1a: Ferrothorn|60/100|[from] item: Leftovers
|upkeep
|turn|20
|
|t:|1737818849
|switch|p1a: Celebi|Celebi|100/100
|-damage|p1a: Celebi|88/100|[from] Stealth Rock
|move|p2a: Breloom|Low Sweep|p1a: Celebi
|-resisted|p1a: Celebi
|-damage|p1a: Celebi|56/100
|-unboost|p1a: Celebi|spe|1
|
|-weather|RainDance|[upkeep]
|-heal|p1a: Celebi|62/100|[from] item: Leftovers
|upkeep
|turn|21
|
|t:|1737818870
|move|p2a: Breloom|Low Sweep|p1a: Celebi
|-resisted|p1a: Celebi
|-damage|p1a: Celebi|32/100
|-unboost|p1a: Celebi|spe|1
|move|p1a: Celebi|Recover|p1a: Celebi
|-heal|p1a: Celebi|82/100
|
|-weather|RainDance|[upkeep]
|-heal|p1a: Celebi|88/100|[from] item: Leftovers
|upkeep
|turn|22
|inactive|Bahamut (LoD) has 120 seconds left.
|
|t:|1737818894
|switch|p2a: Scizor|Scizor, M|66/100
|-damage|p2a: Scizor|54/100|[from] Stealth Rock
|-damage|p2a: Scizor|38/100|[from] Spikes
|move|p1a: Celebi|Psychic|p2a: Scizor
|-resisted|p2a: Scizor
|-crit|p2a: Scizor
|-damage|p2a: Scizor|0 fnt
|faint|p2a: Scizor
|
|-weather|RainDance|[upkeep]
|-heal|p1a: Celebi|94/100|[from] item: Leftovers
|upkeep
|
|t:|1737818907
|switch|p2a: Metagross|Metagross|79/100
|-damage|p2a: Metagross|73/100|[from] Stealth Rock
|-damage|p2a: Metagross|57/100|[from] Spikes
|turn|23
|inactive|Bahamut (LoD) has 120 seconds left.
|
|t:|1737818937
|switch|p1a: Ferrothorn|Ferrothorn, M|60/100
|-damage|p1a: Ferrothorn|54/100|[from] Stealth Rock
|move|p2a: Metagross|Ice Punch|p1a: Ferrothorn
|-damage|p1a: Ferrothorn|35/100
|-damage|p2a: Metagross|44/100|[from] ability: Iron Barbs|[of] p1a: Ferrothorn
|
|-weather|RainDance|[upkeep]
|-heal|p1a: Ferrothorn|41/100|[from] item: Leftovers
|upkeep
|turn|24
|
|t:|1737818954
|move|p2a: Metagross|Earthquake|p1a: Ferrothorn
|-damage|p1a: Ferrothorn|16/100
|move|p1a: Ferrothorn|Leech Seed|p2a: Metagross
|-start|p2a: Metagross|move: Leech Seed
|
|-weather|RainDance|[upkeep]
|-heal|p1a: Ferrothorn|22/100|[from] item: Leftovers
|-damage|p2a: Metagross|32/100|[from] Leech Seed|[of] p1a: Ferrothorn
|-heal|p1a: Ferrothorn|35/100|[silent]
|upkeep
|turn|25
|
|t:|1737818973
|switch|p2a: Breloom|Breloom, M|76/100
|-damage|p2a: Breloom|70/100|[from] Stealth Rock
|-damage|p2a: Breloom|53/100|[from] Spikes
|move|p1a: Ferrothorn|Power Whip|p2a: Breloom
|-resisted|p2a: Breloom
|-damage|p2a: Breloom|24/100
|
|-weather|RainDance|[upkeep]
|-heal|p1a: Ferrothorn|41/100|[from] item: Leftovers
|upkeep
|turn|26
|
|t:|1737818987
|switch|p1a: Celebi|Celebi|94/100
|-damage|p1a: Celebi|82/100|[from] Stealth Rock
|move|p2a: Breloom|Low Sweep|p1a: Celebi
|-resisted|p1a: Celebi
|-damage|p1a: Celebi|49/100
|-unboost|p1a: Celebi|spe|1
|
|-weather|RainDance|[upkeep]
|-heal|p1a: Celebi|55/100|[from] item: Leftovers
|upkeep
|turn|27
|
|t:|1737818999
|switch|p2a: Keldeo|Keldeo|100/100
|-damage|p2a: Keldeo|94/100|[from] Stealth Rock
|-damage|p2a: Keldeo|78/100|[from] Spikes
|move|p1a: Celebi|Recover|p1a: Celebi
|-heal|p1a: Celebi|100/100
|
|-weather|RainDance|[upkeep]
|upkeep
|turn|28
|
|t:|1737819009
|switch|p1a: Tentacruel|Tentacruel, M|90/100
|-damage|p1a: Tentacruel|78/100|[from] Stealth Rock
|move|p2a: Keldeo|Hydro Pump|p1a: Tentacruel|[miss]
|-miss|p2a: Keldeo|p1a: Tentacruel
|
|-weather|RainDance|[upkeep]
|-heal|p1a: Tentacruel|84/100|[from] ability: Rain Dish
|-heal|p1a: Tentacruel|90/100|[from] item: Black Sludge
|upkeep
|turn|29
|inactive|Bahamut (LoD) has 120 seconds left.
|
|t:|1737819026
|switch|p2a: Breloom|Breloom, M|24/100
|-damage|p2a: Breloom|18/100|[from] Stealth Rock
|-damage|p2a: Breloom|2/100|[from] Spikes
|move|p1a: Tentacruel|Scald|p2a: Breloom
|-resisted|p2a: Breloom
|-damage|p2a: Breloom|0 fnt
|faint|p2a: Breloom
|
|-weather|RainDance|[upkeep]
|-heal|p1a: Tentacruel|96/100|[from] ability: Rain Dish
|-heal|p1a: Tentacruel|100/100|[from] item: Black Sludge
|upkeep
|
|t:|1737819038
|switch|p2a: Gyarados|Gyarados, M|100/100
|-damage|p2a: Gyarados|76/100|[from] Stealth Rock
|turn|30
|
|t:|1737819045
|move|p2a: Gyarados|Earthquake|p1a: Tentacruel
|-supereffective|p1a: Tentacruel
|-crit|p1a: Tentacruel
|-damage|p1a: Tentacruel|0 fnt
|faint|p1a: Tentacruel
|-ability|p2a: Gyarados|Moxie|boost
|-boost|p2a: Gyarados|atk|1
|
|-weather|RainDance|[upkeep]
|upkeep
|inactive|Bahamut (LoD) has 120 seconds left.
|
|t:|1737819058
|switch|p1a: Jolteon|Jolteon, F|100/100
|-damage|p1a: Jolteon|88/100|[from] Stealth Rock
|turn|31
|
|t:|1737819064
|move|p2a: Gyarados|Earthquake|p1a: Jolteon
|-supereffective|p1a: Jolteon
|-damage|p1a: Jolteon|0 fnt
|faint|p1a: Jolteon
|-ability|p2a: Gyarados|Moxie|boost
|-boost|p2a: Gyarados|atk|1
|
|-weather|RainDance|[upkeep]
|upkeep
|
|t:|1737819071
|switch|p1a: Celebi|Celebi|100/100
|-damage|p1a: Celebi|88/100|[from] Stealth Rock
|turn|32
|
|t:|1737819079
|move|p2a: Gyarados|Earthquake|p1a: Celebi
|-resisted|p1a: Celebi
|-damage|p1a: Celebi|62/100
|move|p1a: Celebi|Giga Drain|p2a: Gyarados
|-damage|p2a: Gyarados|47/100
|-heal|p1a: Celebi|73/100|[from] drain|[of] p2a: Gyarados
|
|-weather|RainDance|[upkeep]
|-heal|p1a: Celebi|80/100|[from] item: Leftovers
|upkeep
|turn|33
|
|t:|1737819089
|switch|p2a: Metagross|Metagross|32/100
|-damage|p2a: Metagross|26/100|[from] Stealth Rock
|-damage|p2a: Metagross|10/100|[from] Spikes
|move|p1a: Celebi|Recover|p1a: Celebi
|-heal|p1a: Celebi|100/100
|
|-weather|RainDance|[upkeep]
|upkeep
|turn|34
|
|t:|1737819098
|move|p1a: Celebi|Psychic|p2a: Metagross
|-resisted|p2a: Metagross
|-damage|p2a: Metagross|2/100
|move|p2a: Metagross|Ice Punch|p1a: Celebi
|-supereffective|p1a: Celebi
|-damage|p1a: Celebi|55/100
|
|-weather|RainDance|[upkeep]
|-heal|p1a: Celebi|61/100|[from] item: Leftovers
|upkeep
|turn|35
|
|t:|1737819115
|move|p1a: Celebi|Recover|p1a: Celebi
|-heal|p1a: Celebi|100/100
|move|p2a: Metagross|Ice Punch|p1a: Celebi
|-supereffective|p1a: Celebi
|-damage|p1a: Celebi|51/100
|
|-weather|RainDance|[upkeep]
|-heal|p1a: Celebi|57/100|[from] item: Leftovers
|upkeep
|turn|36
|
|t:|1737819124
|move|p1a: Celebi|Giga Drain|p2a: Metagross
|-resisted|p2a: Metagross
|-damage|p2a: Metagross|0 fnt
|-heal|p1a: Celebi|58/100|[from] drain|[of] p2a: Metagross
|faint|p2a: Metagross
|
|-weather|RainDance|[upkeep]
|-heal|p1a: Celebi|64/100|[from] item: Leftovers
|upkeep
|
|t:|1737819136
|switch|p2a: Keldeo|Keldeo|78/100
|-damage|p2a: Keldeo|72/100|[from] Stealth Rock
|-damage|p2a: Keldeo|55/100|[from] Spikes
|turn|37
|
|t:|1737819151
|move|p2a: Keldeo|Hydro Pump|p1a: Celebi
|-resisted|p1a: Celebi
|-damage|p1a: Celebi|22/100
|move|p1a: Celebi|Giga Drain|p2a: Keldeo
|-supereffective|p2a: Keldeo
|-damage|p2a: Keldeo|0 fnt
|-heal|p1a: Celebi|44/100|[from] drain|[of] p2a: Keldeo
|faint|p2a: Keldeo
|
|-weather|RainDance|[upkeep]
|-heal|p1a: Celebi|50/100|[from] item: Leftovers
|upkeep
|
|t:|1737819161
|switch|p2a: Gyarados|Gyarados, M|47/100
|-damage|p2a: Gyarados|22/100|[from] Stealth Rock
|turn|38
|
|t:|1737819168
|move|p2a: Gyarados|Ice Fang|p1a: Celebi
|-supereffective|p1a: Celebi
|-damage|p1a: Celebi|11/100
|move|p1a: Celebi|Giga Drain|p2a: Gyarados
|-damage|p2a: Gyarados|0 fnt
|-heal|p1a: Celebi|20/100|[from] drain|[of] p2a: Gyarados
|faint|p2a: Gyarados
|
|-weather|RainDance|[upkeep]
|-heal|p1a: Celebi|26/100|[from] item: Leftovers
|upkeep
|
|t:|1737819178
|switch|p2a: Politoed|Politoed, M|60/100
|-damage|p2a: Politoed|48/100|[from] Stealth Rock
|-damage|p2a: Politoed|32/100|[from] Spikes
|turn|39
|
|t:|1737819185
|move|p1a: Celebi|Giga Drain|p2a: Politoed
|-supereffective|p2a: Politoed
|-damage|p2a: Politoed|0 fnt
|-heal|p1a: Celebi|41/100|[from] drain|[of] p2a: Politoed
|faint|p2a: Politoed
|
|win|Bahamut (LoD)
|raw|Bahamut (LoD)'s rating: 1343 &rarr; <strong>1373</strong><br />(+30 for winning)
|raw|chundee galaxy's rating: 1538 &rarr; <strong>1508</strong><br />(-30 for losing)
|c|☆chundee galaxy|gg
|c|☆Bahamut (LoD)|gg
