|j|☆Kaiser Choulio
|j|☆Internal Cannon
|player|p1|Kaiser Choulio|209
|player|p2|Internal Cannon|261
|teamsize|p1|6
|teamsize|p2|6
|gametype|singles
|gen|5
|tier|[Gen 5] OU
|rated|
|rule|Sleep Clause Mod: Limit one foe put to sleep
|rule|Species Clause: Limit one of each Pokémon
|rule|OHKO Clause: OHKO moves are banned
|rule|Moody Clause: Moody is banned
|rule|Evasion Moves Clause: Evasion moves are banned
|rule|Endless Battle Clause: Forcing endless battles is banned
|rule|HP Percentage Mod: HP is shown in percentages
|rule|Evasion Abilities Clause: Evasion abilities are banned
|rule|Baton Pass Clause: Limit one Baton Passer, can't pass Spe and other stats simultaneously
|rule|Swagger Clause: Swagger is banned
|clearpoke
|poke|p1|Cloyster, F|item
|poke|p1|Forretress, F|item
|poke|p1|Ninetales, F|item
|poke|p1|Charizard, M|item
|poke|p1|Dragonite, F|item
|poke|p1|Latios, M|item
|poke|p2|Tyranitar, M|item
|poke|p2|Terrakion|item
|poke|p2|Thundurus-Therian, M|item
|poke|p2|Amoonguss, F|item
|poke|p2|Slowbro, F|item
|poke|p2|Excadrill, F|item
|teampreview
|inactive|Battle timer is ON: inactive players will automatically lose when time's up. (requested by Kaiser Choulio)
|
|start
|switch|p1a: Dragonite|Dragonite, F|100/100
|switch|p2a: Tyranitar|Tyranitar, M|100/100
|-weather|Sandstorm|[from] ability: Sand Stream|[of] p2a: Tyranitar
|turn|1
|
|move|p1a: Dragonite|Dragon Dance|p1a: Dragonite
|-boost|p1a: Dragonite|atk|1
|-boost|p1a: Dragonite|spe|1
|move|p2a: Tyranitar|Stealth Rock|p1a: Dragonite
|-sidestart|p1: Kaiser Choulio|move: Stealth Rock
|
|-weather|Sandstorm|[upkeep]
|-damage|p1a: Dragonite|94/100|[from] Sandstorm
|-heal|p1a: Dragonite|100/100|[from] item: Leftovers
|upkeep
|turn|2
|
|switch|p2a: Slowbro|Slowbro, F|100/100
|move|p1a: Dragonite|Dragon Dance|p1a: Dragonite
|-boost|p1a: Dragonite|atk|1
|-boost|p1a: Dragonite|spe|1
|
|-weather|Sandstorm|[upkeep]
|-damage|p1a: Dragonite|94/100|[from] Sandstorm
|-damage|p2a: Slowbro|94/100|[from] Sandstorm
|-heal|p1a: Dragonite|100/100|[from] item: Leftovers
|-heal|p2a: Slowbro|100/100|[from] item: Leftovers
|upkeep
|turn|3
|
|move|p1a: Dragonite|Dragon Claw|p2a: Slowbro
|-damage|p2a: Slowbro|32/100
|move|p2a: Slowbro|Ice Beam|p1a: Dragonite
|-supereffective|p1a: Dragonite
|-damage|p1a: Dragonite|37/100
|
|-weather|Sandstorm|[upkeep]
|-damage|p1a: Dragonite|31/100|[from] Sandstorm
|-damage|p2a: Slowbro|26/100|[from] Sandstorm
|-heal|p1a: Dragonite|37/100|[from] item: Leftovers
|-heal|p2a: Slowbro|32/100|[from] item: Leftovers
|upkeep
|turn|4
|j| Beaufort.
|c| Beaufort.|d'ailleurs tu penses quoi de l'eau de javel
|inactive|Internal Cannon has 120 seconds left.
|c| Beaufort.|la vidéo que je t'ai link sur discord
|
|switch|p2a: Amoonguss|Amoonguss, F|100/100
|move|p1a: Dragonite|Dragon Claw|p2a: Amoonguss
|-damage|p2a: Amoonguss|0 fnt
|faint|p2a: Amoonguss
|
|-weather|Sandstorm|[upkeep]
|-damage|p1a: Dragonite|31/100|[from] Sandstorm
|-heal|p1a: Dragonite|37/100|[from] item: Leftovers
|upkeep
|c|☆Kaiser Choulio|no idea what you say
|c| Beaufort.|si une meuf me verse de l'eau de javel sur les couilles, je la défonce
|inactive|Internal Cannon has 120 seconds left.
|c| Beaufort.|sorry brp
|c| Beaufort.|*bro
|
|switch|p2a: Slowbro|Slowbro, F|65/100
|turn|5
|c| Beaufort.|I was talking about feminists
|
|switch|p2a: Terrakion|Terrakion|100/100
|move|p1a: Dragonite|Dragon Claw|p2a: Terrakion
|-damage|p2a: Terrakion|0 fnt
|faint|p2a: Terrakion
|
|-weather|Sandstorm|[upkeep]
|-damage|p1a: Dragonite|31/100|[from] Sandstorm
|-heal|p1a: Dragonite|37/100|[from] item: Leftovers
|upkeep
|c|☆Kaiser Choulio|lol
|c| Beaufort.|these fuckings girls throw bleach on men's panties
|j| Tangent²Phi³
|
|switch|p2a: Slowbro|Slowbro, F|98/100
|turn|6
|c|☆Kaiser Choulio|total bitches
|
|move|p1a: Dragonite|Dragon Claw|p2a: Slowbro
|-damage|p2a: Slowbro|20/100
|move|p2a: Slowbro|Ice Beam|p1a: Dragonite
|-supereffective|p1a: Dragonite
|-damage|p1a: Dragonite|0 fnt
|faint|p1a: Dragonite
|
|-weather|Sandstorm|[upkeep]
|-damage|p2a: Slowbro|13/100|[from] Sandstorm
|-heal|p2a: Slowbro|20/100|[from] item: Leftovers
|upkeep
|c| Beaufort.|yea
|l| Tangent²Phi³
|
|switch|p1a: Ninetales|Ninetales, F|100/100
|-damage|p1a: Ninetales|76/100|[from] Stealth Rock
|-weather|SunnyDay|[from] ability: Drought|[of] p1a: Ninetales
|turn|7
|c| Beaufort.|and their idea behind this is to stop manspreading
|
|switch|p2a: Tyranitar|Tyranitar, M|100/100
|-weather|Sandstorm|[from] ability: Sand Stream|[of] p2a: Tyranitar
|move|p1a: Ninetales|Flamethrower|p2a: Tyranitar
|-resisted|p2a: Tyranitar
|-damage|p2a: Tyranitar|87/100
|-damage|p1a: Ninetales|66/100|[from] item: Life Orb
|
|-weather|Sandstorm|[upkeep]
|-damage|p1a: Ninetales|60/100|[from] Sandstorm
|upkeep
|turn|8
|c| Beaufort.|do u know ?
|
|switch|p1a: Forretress|Forretress, F|100/100
|-damage|p1a: Forretress|88/100|[from] Stealth Rock
|switch|p2a: Thundurus|Thundurus-Therian, M|100/100
|
|-weather|Sandstorm|[upkeep]
|-damage|p2a: Thundurus|95/100|[from] Sandstorm
|upkeep
|turn|9
|c| Beaufort.|when we, guys spread our legs
|
|move|p2a: Thundurus|Thunderbolt|p1a: Forretress
|-damage|p1a: Forretress|0 fnt
|faint|p1a: Forretress
|
|-weather|Sandstorm|[upkeep]
|-damage|p2a: Thundurus|89/100|[from] Sandstorm
|upkeep
|c| Beaufort.|in the subway
|
|switch|p1a: Latios|Latios, M|100/100
|-damage|p1a: Latios|88/100|[from] Stealth Rock
|turn|10
|
|switch|p2a: Tyranitar|Tyranitar, M|87/100
|move|p1a: Latios|Dragon Pulse|p2a: Tyranitar
|-damage|p2a: Tyranitar|55/100
|-damage|p1a: Latios|78/100|[from] item: Life Orb
|
|-weather|Sandstorm|[upkeep]
|-damage|p1a: Latios|72/100|[from] Sandstorm
|upkeep
|turn|11
|c|☆Kaiser Choulio|yup
|c| Beaufort.|so to stop that
|c|☆Kaiser Choulio|i saw on news
|
|move|p1a: Latios|Energy Ball|p2a: Tyranitar
|-supereffective|p2a: Tyranitar
|-damage|p2a: Tyranitar|17/100
|-damage|p1a: Latios|62/100|[from] item: Life Orb
|move|p2a: Tyranitar|Rock Slide|p1a: Latios
|-damage|p1a: Latios|7/100
|
|-weather|Sandstorm|[upkeep]
|-damage|p1a: Latios|1/100|[from] Sandstorm
|upkeep
|turn|12
|
|switch|p2a: Excadrill|Excadrill, F|100/100
|move|p1a: Latios|Dragon Pulse|p2a: Excadrill
|-resisted|p2a: Excadrill
|-damage|p2a: Excadrill|63/100
|-damage|p1a: Latios|0 fnt|[from] item: Life Orb
|faint|p1a: Latios
|
|-weather|Sandstorm|[upkeep]
|upkeep
|
|switch|p1a: Cloyster|Cloyster, F|100/100
|-damage|p1a: Cloyster|76/100|[from] Stealth Rock
|turn|13
|c| Beaufort.|their braindead brain wonders that throwing bleach on men's panties will stop "man spreading"
|
|move|p2a: Excadrill|Rock Slide|p1a: Cloyster
|-supereffective|p1a: Cloyster
|-damage|p1a: Cloyster|11/100
|move|p1a: Cloyster|Shell Smash|p1a: Cloyster
|-unboost|p1a: Cloyster|def|1
|-unboost|p1a: Cloyster|spd|1
|-boost|p1a: Cloyster|atk|2
|-boost|p1a: Cloyster|spa|2
|-boost|p1a: Cloyster|spe|2
|
|-weather|Sandstorm|[upkeep]
|-damage|p1a: Cloyster|5/100|[from] Sandstorm
|upkeep
|turn|14
|c|☆Kaiser Choulio|they just want attention nothing more
|
|move|p1a: Cloyster|Icicle Spear|p2a: Excadrill
|-damage|p2a: Excadrill|31/100
|-damage|p2a: Excadrill|0 fnt
|-hitcount|p2a: Excadrill|2
|faint|p2a: Excadrill
|
|-weather|Sandstorm|[upkeep]
|-damage|p1a: Cloyster|0 fnt|[from] Sandstorm
|upkeep
|faint|p1a: Cloyster
|
|switch|p2a: Thundurus|Thundurus-Therian, M|89/100
|switch|p1a: Ninetales|Ninetales, F|60/100
|-damage|p1a: Ninetales|35/100|[from] Stealth Rock
|-weather|SunnyDay|[from] ability: Drought|[of] p1a: Ninetales
|turn|15
|c| Beaufort.|indeed.
|
|move|p2a: Thundurus|Volt Switch|p1a: Ninetales
|-crit|p1a: Ninetales
|-damage|p1a: Ninetales|0 fnt
|faint|p1a: Ninetales
|
|switch|p2a: Tyranitar|Tyranitar, M|17/100
|-weather|Sandstorm|[from] ability: Sand Stream|[of] p2a: Tyranitar
|
|-weather|Sandstorm|[upkeep]
|upkeep
|
|switch|p1a: Charizard|Charizard, M|100/100
|-damage|p1a: Charizard|51/100|[from] Stealth Rock
|turn|16
|
|move|p1a: Charizard|Flamethrower|p2a: Tyranitar
|-resisted|p2a: Tyranitar
|-damage|p2a: Tyranitar|4/100
|move|p2a: Tyranitar|Crunch|p1a: Charizard
|-damage|p1a: Charizard|0 fnt
|faint|p1a: Charizard
|
|win|Internal Cannon
|raw|Kaiser Choulio's rating: 1370 &rarr; <strong>1347</strong><br />(-23 for losing)
|raw|Internal Cannon's rating: 1313 &rarr; <strong>1336</strong><br />(+23 for winning)
|l|☆Kaiser Choulio
