|j|☆TheRealCliffBurton
|j|☆sugarhigh
|t:|1710819029
|gametype|singles
|player|p1|TheRealCliffBurton|cynthia|1337
|player|p2|sugarhigh|#sugarhigh|1427
|teamsize|p1|6
|teamsize|p2|6
|gen|5
|tier|[Gen 5] OU
|rated|
|rule|Species Clause: Limit one of each Pokémon
|rule|OHKO Clause: OHKO moves are banned
|rule|Moody Clause: Moody is banned
|rule|Evasion Items Clause: Evasion items are banned
|rule|Evasion Moves Clause: Evasion moves are banned
|rule|Endless Battle Clause: Forcing endless battles is banned
|rule|HP Percentage Mod: HP is shown in percentages
|rule|Evasion Abilities Clause: Evasion abilities are banned
|rule|Sleep Moves Clause: Sleep-inducing moves are banned
|rule|Swagger Clause: Swagger is banned
|rule|Baton Pass Stat Clause: No Baton Passer may have a way to boost its stats
|clearpoke
|poke|p1|Politoed, F|item
|poke|p1|Scizor, F|item
|poke|p1|Latios, M|item
|poke|p1|Ferrothorn, F|item
|poke|p1|Starmie|item
|poke|p1|Thundurus-Therian, M|item
|poke|p2|Lucario, F|item
|poke|p2|Terrakion|item
|poke|p2|Breloom, F|item
|poke|p2|Keldeo|item
|poke|p2|Conkeldurr, M|item
|poke|p2|Toxicroak, M|item
|teampreview
|inactive|Battle timer is ON: inactive players will automatically lose when time's up. (requested by TheRealCliffBurton)
|j| happy_mask2.0
|c| happy_mask2.0|hi
|
|t:|1710819089
|start
|switch|p1a: Latios|Latios, M|100/100
|switch|p2a: Terrakion|Terrakion|100/100
|turn|1
|
|t:|1710819099
|move|p1a: Latios|Psyshock|p2a: Terrakion
|-supereffective|p2a: Terrakion
|-enditem|p2a: Terrakion|Focus Sash
|-damage|p2a: Terrakion|1/100
|move|p2a: Terrakion|Stealth Rock|p1a: Latios
|-sidestart|p1: TheRealCliffBurton|move: Stealth Rock
|
|upkeep
|turn|2
|
|t:|1710819105
|move|p1a: Latios|Psyshock|p2a: Terrakion
|-supereffective|p2a: Terrakion
|-damage|p2a: Terrakion|0 fnt
|faint|p2a: Terrakion
|
|upkeep
|
|t:|1710819110
|switch|p2a: Lucario|Lucario, F|100/100
|turn|3
|
|t:|1710819116
|switch|p1a: Ferrothorn|Ferrothorn, F|100/100
|-damage|p1a: Ferrothorn|94/100|[from] Stealth Rock
|move|p2a: Lucario|Crunch|p1a: Ferrothorn
|-resisted|p1a: Ferrothorn
|-damage|p1a: Ferrothorn|82/100
|-damage|p2a: Lucario|88/100|[from] ability: Iron Barbs|[of] p1a: Ferrothorn
|-damage|p2a: Lucario|78/100|[from] item: Life Orb
|
|upkeep
|turn|4
|
|t:|1710819124
|move|p2a: Lucario|Swords Dance|p2a: Lucario
|-boost|p2a: Lucario|atk|2
|move|p1a: Ferrothorn|Stealth Rock|p2a: Lucario
|-sidestart|p2: sugarhigh|move: Stealth Rock
|
|upkeep
|turn|5
|l| happy_mask2.0
|
|t:|1710819136
|move|p2a: Lucario|Close Combat|p1a: Ferrothorn
|-supereffective|p1a: Ferrothorn
|-damage|p1a: Ferrothorn|0 fnt
|-unboost|p2a: Lucario|def|1
|-unboost|p2a: Lucario|spd|1
|-damage|p2a: Lucario|66/100|[from] ability: Iron Barbs|[of] p1a: Ferrothorn
|faint|p1a: Ferrothorn
|-damage|p2a: Lucario|56/100|[from] item: Life Orb
|
|upkeep
|
|t:|1710819146
|switch|p1a: Scizor|Scizor, F|100/100
|-damage|p1a: Scizor|88/100|[from] Stealth Rock
|turn|6
|
|t:|1710819150
|move|p1a: Scizor|Bullet Punch|p2a: Lucario
|-resisted|p2a: Lucario
|-damage|p2a: Lucario|0 fnt
|faint|p2a: Lucario
|
|upkeep
|
|t:|1710819154
|switch|p2a: Keldeo|Keldeo|100/100
|-damage|p2a: Keldeo|94/100|[from] Stealth Rock
|turn|7
|
|t:|1710819163
|move|p1a: Scizor|Bullet Punch|p2a: Keldeo
|-resisted|p2a: Keldeo
|-crit|p2a: Keldeo
|-damage|p2a: Keldeo|31/100
|move|p2a: Keldeo|Calm Mind|p2a: Keldeo
|-boost|p2a: Keldeo|spa|1
|-boost|p2a: Keldeo|spd|1
|
|upkeep
|turn|8
|
|t:|1710819169
|move|p1a: Scizor|Bullet Punch|p2a: Keldeo
|-resisted|p2a: Keldeo
|-crit|p2a: Keldeo
|-damage|p2a: Keldeo|0 fnt
|faint|p2a: Keldeo
|
|upkeep
|
|t:|1710819174
|switch|p2a: Breloom|Breloom, F|100/100
|-damage|p2a: Breloom|94/100|[from] Stealth Rock
|turn|9
|
|t:|1710819178
|move|p1a: Scizor|Bullet Punch|p2a: Breloom
|-crit|p2a: Breloom
|-damage|p2a: Breloom|0 fnt
|faint|p2a: Breloom
|
|upkeep
|c|☆TheRealCliffBurton|mb
|-message|sugarhigh forfeited.
|
|win|TheRealCliffBurton
|raw|TheRealCliffBurton's rating: 1337 &rarr; <strong>1362</strong><br />(+25 for winning)
|raw|sugarhigh's rating: 1427 &rarr; <strong>1402</strong><br />(-25 for losing)
|l|☆TheRealCliffBurton
|player|p1|
