|j|☆HydreigonSpammer
|j|☆Mohican
|t:|1735351954
|gametype|singles
|player|p1|HydreigonSpammer|acetrainer|1303
|player|p2|Mohican|swimmer|1508
|teamsize|p1|6
|teamsize|p2|6
|gen|5
|tier|[Gen 5] OU
|rated|
|rule|Species Clause: Limit one of each Pokémon
|rule|OHKO Clause: OHKO moves are banned
|rule|Moody Clause: Moody is banned
|rule|Evasion Items Clause: Evasion items are banned
|rule|Evasion Moves Clause: Evasion moves are banned
|rule|Endless Battle Clause: Forcing endless battles is banned
|rule|HP Percentage Mod: HP is shown in percentages
|rule|Evasion Abilities Clause: Evasion abilities are banned
|rule|Sleep Moves Clause: Sleep-inducing moves are banned
|rule|Swagger Clause: Swagger is banned
|rule|Baton Pass Stat Clause: No Baton Passer may have a way to boost its stats
|clearpoke
|poke|p1|Landorus-Therian, M|item
|poke|p1|Latios, M|item
|poke|p1|Hydreigon, F|item
|poke|p1|Jellicent, M|item
|poke|p1|Ferrothorn, F|item
|poke|p1|Salamence, M|item
|poke|p2|Gastrodon, F|item
|poke|p2|Gengar, M|item
|poke|p2|Jirachi|item
|poke|p2|Lucario, M|item
|poke|p2|Skarmory, F|item
|poke|p2|Dragonite, M|item
|teampreview
|inactive|Battle timer is ON: inactive players will automatically lose when time's up. (requested by HydreigonSpammer)
|
|t:|1735351973
|start
|switch|p1a: Landorus|Landorus-Therian, M|100/100
|switch|p2a: Skarmory|Skarmory, F|100/100
|-ability|p1a: Landorus|Intimidate|boost
|-unboost|p2a: Skarmory|atk|1
|turn|1
|
|t:|1735351995
|move|p1a: Landorus|Stealth Rock|p2a: Skarmory
|-sidestart|p2: Mohican|move: Stealth Rock
|move|p2a: Skarmory|Stealth Rock|p1a: Landorus
|-sidestart|p1: HydreigonSpammer|move: Stealth Rock
|
|upkeep
|turn|2
|
|t:|1735352004
|switch|p1a: Hydreigon|Hydreigon, F, shiny|100/100
|-damage|p1a: Hydreigon|88/100|[from] Stealth Rock
|move|p2a: Skarmory|Spikes|p1a: Hydreigon
|-sidestart|p1: HydreigonSpammer|Spikes
|
|upkeep
|turn|3
|j| estrogen fiend
|
|t:|1735352011
|move|p1a: Hydreigon|Dark Pulse|p2a: Skarmory
|-resisted|p2a: Skarmory
|-damage|p2a: Skarmory|56/100
|-damage|p1a: Hydreigon|78/100|[from] item: Life Orb
|move|p2a: Skarmory|Spikes|p1a: Hydreigon
|-sidestart|p1: HydreigonSpammer|Spikes
|
|upkeep
|turn|4
|
|t:|1735352018
|move|p1a: Hydreigon|Flamethrower|p2a: Skarmory
|-supereffective|p2a: Skarmory
|-damage|p2a: Skarmory|0 fnt
|faint|p2a: Skarmory
|-damage|p1a: Hydreigon|68/100|[from] item: Life Orb
|
|upkeep
|
|t:|1735352029
|switch|p2a: Gastrodon|Gastrodon, F|100/100
|-damage|p2a: Gastrodon|94/100|[from] Stealth Rock
|turn|5
|
|t:|1735352035
|switch|p1a: Ferrothorn|Ferrothorn, F|100/100
|-damage|p1a: Ferrothorn|94/100|[from] Stealth Rock
|-damage|p1a: Ferrothorn|78/100|[from] Spikes
|move|p2a: Gastrodon|Ice Beam|p1a: Ferrothorn
|-damage|p1a: Ferrothorn|60/100
|
|-heal|p2a: Gastrodon|100/100|[from] item: Leftovers
|upkeep
|turn|6
|
|t:|1735352046
|move|p2a: Gastrodon|Hidden Power|p1a: Ferrothorn
|-supereffective|p1a: Ferrothorn
|-damage|p1a: Ferrothorn|14/100
|move|p1a: Ferrothorn|Spikes|p2a: Gastrodon
|-sidestart|p2: Mohican|Spikes
|
|upkeep
|turn|7
|
|t:|1735352055
|move|p2a: Gastrodon|Ice Beam|p1a: Ferrothorn
|-damage|p1a: Ferrothorn|0 fnt
|faint|p1a: Ferrothorn
|
|upkeep
|
|t:|1735352074
|switch|p1a: Jellicent|Jellicent, M|100/100
|-damage|p1a: Jellicent|88/100|[from] Stealth Rock
|-damage|p1a: Jellicent|71/100|[from] Spikes
|turn|8
|
|t:|1735352085
|move|p1a: Jellicent|Will-O-Wisp|p2a: Gastrodon
|-status|p2a: Gastrodon|brn
|move|p2a: Gastrodon|Earth Power|p1a: Jellicent
|-damage|p1a: Jellicent|42/100
|
|-heal|p1a: Jellicent|49/100|[from] item: Leftovers
|-damage|p2a: Gastrodon|88/100 brn|[from] brn
|upkeep
|turn|9
|
|t:|1735352092
|switch|p2a: Gengar|Gengar, M|100/100
|-damage|p2a: Gengar|88/100|[from] Stealth Rock
|move|p1a: Jellicent|Recover|p1a: Jellicent
|-heal|p1a: Jellicent|99/100
|
|-heal|p2a: Gengar|94/100|[from] item: Black Sludge
|-heal|p1a: Jellicent|100/100|[from] item: Leftovers
|upkeep
|turn|10
|inactive|HydreigonSpammer has 120 seconds left.
|
|t:|1735352141
|move|p2a: Gengar|Substitute|p2a: Gengar
|-start|p2a: Gengar|Substitute
|-damage|p2a: Gengar|69/100
|move|p1a: Jellicent|Night Shade|p2a: Gengar
|-end|p2a: Gengar|Substitute
|
|-heal|p2a: Gengar|76/100|[from] item: Black Sludge
|upkeep
|turn|11
|inactive|HydreigonSpammer has 90 seconds left.
|
|t:|1735352173
|switch|p1a: Hydreigon|Hydreigon, F, shiny|68/100
|-damage|p1a: Hydreigon|56/100|[from] Stealth Rock
|move|p2a: Gengar|Shadow Ball|p1a: Hydreigon
|-resisted|p1a: Hydreigon
|-damage|p1a: Hydreigon|28/100
|
|-heal|p2a: Gengar|82/100|[from] item: Black Sludge
|upkeep
|turn|12
|
|t:|1735352183
|move|p2a: Gengar|Substitute|p2a: Gengar
|-start|p2a: Gengar|Substitute
|-damage|p2a: Gengar|57/100
|move|p1a: Hydreigon|Dark Pulse|p2a: Gengar
|-supereffective|p2a: Gengar
|-end|p2a: Gengar|Substitute
|-damage|p1a: Hydreigon|18/100|[from] item: Life Orb
|
|-heal|p2a: Gengar|63/100|[from] item: Black Sludge
|upkeep
|turn|13
|
|t:|1735352192
|move|p2a: Gengar|Shadow Ball|p1a: Hydreigon
|-resisted|p1a: Hydreigon
|-damage|p1a: Hydreigon|0 fnt
|faint|p1a: Hydreigon
|
|-heal|p2a: Gengar|69/100|[from] item: Black Sludge
|upkeep
|
|t:|1735352215
|switch|p1a: Latios|Latios, M|100/100
|-damage|p1a: Latios|88/100|[from] Stealth Rock
|turn|14
|
|t:|1735352229
|switch|p2a: Jirachi|Jirachi|100/100
|-damage|p2a: Jirachi|94/100|[from] Stealth Rock
|-damage|p2a: Jirachi|82/100|[from] Spikes
|move|p1a: Latios|Dragon Pulse|p2a: Jirachi
|-resisted|p2a: Jirachi
|-damage|p2a: Jirachi|59/100
|
|upkeep
|turn|15
|inactive|HydreigonSpammer has 90 seconds left.
|
|t:|1735352254
|switch|p1a: Landorus|Landorus-Therian, M|100/100
|-damage|p1a: Landorus|88/100|[from] Stealth Rock
|-ability|p1a: Landorus|Intimidate|boost
|-unboost|p2a: Jirachi|atk|1
|move|p2a: Jirachi|U-turn|p1a: Landorus
|-resisted|p1a: Landorus
|-damage|p1a: Landorus|80/100
|inactive|Mohican has 120 seconds left.
|
|t:|1735352288
|switch|p2a: Gengar|Gengar, M|69/100|[from] U-turn
|-damage|p2a: Gengar|57/100|[from] Stealth Rock
|
|-heal|p2a: Gengar|63/100|[from] item: Black Sludge
|-heal|p1a: Landorus|86/100|[from] item: Leftovers
|upkeep
|turn|16
|inactive|HydreigonSpammer has 90 seconds left.
|
|t:|1735352308
|move|p2a: Gengar|Shadow Ball|p1a: Landorus
|-damage|p1a: Landorus|29/100
|move|p1a: Landorus|U-turn|p2a: Gengar
|-resisted|p2a: Gengar
|-damage|p2a: Gengar|51/100
|
|t:|1735352314
|switch|p1a: Latios|Latios, M|88/100|[from] U-turn
|-damage|p1a: Latios|76/100|[from] Stealth Rock
|
|-heal|p2a: Gengar|57/100|[from] item: Black Sludge
|upkeep
|turn|17
|
|t:|1735352330
|switch|p2a: Jirachi|Jirachi|59/100
|-damage|p2a: Jirachi|53/100|[from] Stealth Rock
|-damage|p2a: Jirachi|41/100|[from] Spikes
|move|p1a: Latios|Dragon Pulse|p2a: Jirachi
|-resisted|p2a: Jirachi
|-damage|p2a: Jirachi|18/100
|
|upkeep
|turn|18
|
|t:|1735352338
|move|p1a: Latios|Dragon Pulse|p2a: Jirachi
|-resisted|p2a: Jirachi
|-damage|p2a: Jirachi|0 fnt
|faint|p2a: Jirachi
|
|upkeep
|
|t:|1735352341
|switch|p2a: Lucario|Lucario, M|100/100
|-damage|p2a: Lucario|98/100|[from] Stealth Rock
|-damage|p2a: Lucario|85/100|[from] Spikes
|turn|19
|
|t:|1735352348
|switch|p1a: Jellicent|Jellicent, M|100/100
|-damage|p1a: Jellicent|88/100|[from] Stealth Rock
|-damage|p1a: Jellicent|71/100|[from] Spikes
|move|p2a: Lucario|Swords Dance|p2a: Lucario
|-boost|p2a: Lucario|atk|2
|
|-heal|p1a: Jellicent|78/100|[from] item: Leftovers
|upkeep
|turn|20
|
|t:|1735352357
|move|p2a: Lucario|Ice Punch|p1a: Jellicent
|-resisted|p1a: Jellicent
|-damage|p1a: Jellicent|55/100
|-damage|p2a: Lucario|75/100|[from] item: Life Orb
|move|p1a: Jellicent|Will-O-Wisp|p2a: Lucario
|-status|p2a: Lucario|brn
|
|-heal|p1a: Jellicent|62/100|[from] item: Leftovers
|-damage|p2a: Lucario|63/100 brn|[from] brn
|upkeep
|turn|21
|
|t:|1735352361
|switch|p2a: Gengar|Gengar, M|57/100
|-damage|p2a: Gengar|45/100|[from] Stealth Rock
|move|p1a: Jellicent|Recover|p1a: Jellicent
|-heal|p1a: Jellicent|100/100
|
|-heal|p2a: Gengar|51/100|[from] item: Black Sludge
|upkeep
|turn|22
|
|t:|1735352368
|switch|p1a: Landorus|Landorus-Therian, M|29/100
|-damage|p1a: Landorus|17/100|[from] Stealth Rock
|-ability|p1a: Landorus|Intimidate|boost
|-unboost|p2a: Gengar|atk|1
|move|p2a: Gengar|Shadow Ball|p1a: Landorus
|-damage|p1a: Landorus|0 fnt
|faint|p1a: Landorus
|
|-heal|p2a: Gengar|57/100|[from] item: Black Sludge
|upkeep
|
|t:|1735352380
|switch|p1a: Latios|Latios, M|76/100
|-damage|p1a: Latios|64/100|[from] Stealth Rock
|turn|23
|
|t:|1735352386
|switch|p2a: Lucario|Lucario, M|63/100 brn
|-damage|p2a: Lucario|60/100 brn|[from] Stealth Rock
|-damage|p2a: Lucario|47/100 brn|[from] Spikes
|move|p1a: Latios|Dragon Pulse|p2a: Lucario
|-resisted|p2a: Lucario
|-damage|p2a: Lucario|10/100 brn
|
|-damage|p2a: Lucario|0 fnt|[from] brn
|faint|p2a: Lucario
|upkeep
|
|t:|1735352389
|switch|p2a: Gastrodon|Gastrodon, F|88/100 brn
|-damage|p2a: Gastrodon|82/100 brn|[from] Stealth Rock
|-damage|p2a: Gastrodon|70/100 brn|[from] Spikes
|turn|24
|
|t:|1735352404
|switch|p1a: Jellicent|Jellicent, M|100/100
|-damage|p1a: Jellicent|88/100|[from] Stealth Rock
|-damage|p1a: Jellicent|71/100|[from] Spikes
|move|p2a: Gastrodon|Recover|p2a: Gastrodon
|-heal|p2a: Gastrodon|100/100 brn
|
|-heal|p1a: Jellicent|78/100|[from] item: Leftovers
|-damage|p2a: Gastrodon|88/100 brn|[from] brn
|upkeep
|turn|25
|
|t:|1735352409
|switch|p2a: Gengar|Gengar, M|57/100
|-damage|p2a: Gengar|45/100|[from] Stealth Rock
|move|p1a: Jellicent|Night Shade|p2a: Gengar
|-damage|p2a: Gengar|6/100
|
|-heal|p2a: Gengar|12/100|[from] item: Black Sludge
|-heal|p1a: Jellicent|84/100|[from] item: Leftovers
|upkeep
|turn|26
|
|t:|1735352413
|move|p2a: Gengar|Shadow Ball|p1a: Jellicent
|-supereffective|p1a: Jellicent
|-damage|p1a: Jellicent|18/100
|move|p1a: Jellicent|Night Shade|p2a: Gengar
|-damage|p2a: Gengar|0 fnt
|faint|p2a: Gengar
|
|-heal|p1a: Jellicent|25/100|[from] item: Leftovers
|upkeep
|
|t:|1735352419
|switch|p2a: Dragonite|Dragonite, M|100/100
|-damage|p2a: Dragonite|76/100|[from] Stealth Rock
|turn|27
|
|t:|1735352427
|move|p2a: Dragonite|Dragon Dance|p2a: Dragonite
|-boost|p2a: Dragonite|atk|1
|-boost|p2a: Dragonite|spe|1
|move|p1a: Jellicent|Taunt|p2a: Dragonite
|-start|p2a: Dragonite|move: Taunt
|
|-heal|p1a: Jellicent|31/100|[from] item: Leftovers
|upkeep
|turn|28
|
|t:|1735352439
|move|p2a: Dragonite|Fire Punch|p1a: Jellicent
|-resisted|p1a: Jellicent
|-damage|p1a: Jellicent|14/100
|move|p1a: Jellicent|Night Shade|p2a: Dragonite
|-damage|p2a: Dragonite|45/100
|
|-heal|p1a: Jellicent|20/100|[from] item: Leftovers
|upkeep
|turn|29
|
|t:|1735352450
|move|p2a: Dragonite|Fire Punch|p1a: Jellicent
|-resisted|p1a: Jellicent
|-crit|p1a: Jellicent
|-damage|p1a: Jellicent|0 fnt
|faint|p1a: Jellicent
|
|upkeep
|
|t:|1735352458
|switch|p1a: Salamence|Salamence, M|100/100
|-damage|p1a: Salamence|76/100|[from] Stealth Rock
|turn|30
|
|t:|1735352463
|move|p1a: Salamence|Outrage|p2a: Dragonite
|-supereffective|p2a: Dragonite
|-damage|p2a: Dragonite|0 fnt
|faint|p2a: Dragonite
|-ability|p1a: Salamence|Moxie|boost
|-boost|p1a: Salamence|atk|1
|
|upkeep
|
|t:|1735352469
|switch|p2a: Gastrodon|Gastrodon, F|88/100 brn
|-damage|p2a: Gastrodon|82/100 brn|[from] Stealth Rock
|-damage|p2a: Gastrodon|70/100 brn|[from] Spikes
|turn|31
|
|t:|1735352474
|move|p1a: Salamence|Outrage|p2a: Gastrodon|[from]lockedmove
|-damage|p2a: Gastrodon|0 fnt
|faint|p2a: Gastrodon
|-ability|p1a: Salamence|Moxie|boost
|-boost|p1a: Salamence|atk|1
|-start|p1a: Salamence|confusion|[fatigue]
|
|win|HydreigonSpammer
|raw|HydreigonSpammer's rating: 1303 &rarr; <strong>1334</strong><br />(+31 for winning)
|raw|Mohican's rating: 1508 &rarr; <strong>1477</strong><br />(-31 for losing)
|l|☆Mohican
|player|p2|
