|uhtml|medal-msg|<div class="broadcast-blue">Curious what those medals under the avatar are? PS now has Ladder Seasons! For more information, check out the <a href="https://www.smogon.com/forums/threads/3740067/">thread on Smogon.</a></div>
|uhtml|medal-msg|<div class="broadcast-blue">Curious what those medals under the avatar are? PS now has Ladder Seasons! For more information, check out the <a href="https://www.smogon.com/forums/threads/3740067/">thread on Smogon.</a></div>
|j|☆Bladeezzzz
|j|☆Lsc29
|t:|1712444185
|gametype|singles
|player|p1|Bladeezzzz|hiker-gen4|1374
|player|p2|Lsc29|lucas|1550
|teamsize|p1|6
|teamsize|p2|6
|gen|5
|tier|[Gen 5] OU
|rated|
|rule|Species Clause: Limit one of each Pokémon
|rule|OHKO Clause: OHKO moves are banned
|rule|Moody Clause: Moody is banned
|rule|Evasion Items Clause: Evasion items are banned
|rule|Evasion Moves Clause: Evasion moves are banned
|rule|Endless Battle Clause: Forcing endless battles is banned
|rule|HP Percentage Mod: HP is shown in percentages
|rule|Evasion Abilities Clause: Evasion abilities are banned
|rule|Sleep Moves Clause: Sleep-inducing moves are banned
|rule|Swagger Clause: Swagger is banned
|rule|Baton Pass Stat Clause: No Baton Passer may have a way to boost its stats
|clearpoke
|poke|p1|Politoed, M|item
|poke|p1|Toxicroak, F|item
|poke|p1|Ferrothorn, M|item
|poke|p1|Latios, M|item
|poke|p1|Gyarados, M|item
|poke|p1|Thundurus-Therian, M|item
|poke|p2|Aerodactyl, M|item
|poke|p2|Dragonite, M|item
|poke|p2|Garchomp, F|item
|poke|p2|Starmie|item
|poke|p2|Jirachi|item
|poke|p2|Breloom, M|item
|teampreview
|inactive|Battle timer is ON: inactive players will automatically lose when time's up. (requested by Lsc29)
|
|t:|1712444196
|start
|switch|p1a: Politoed|Politoed, M|100/100
|switch|p2a: Aerodactyl|Aerodactyl, M|100/100
|-weather|RainDance|[from] ability: Drizzle|[of] p1a: Politoed
|turn|1
|
|t:|1712444202
|move|p2a: Aerodactyl|Stealth Rock|p1a: Politoed
|-sidestart|p1: Bladeezzzz|move: Stealth Rock
|move|p1a: Politoed|Scald|p2a: Aerodactyl
|-supereffective|p2a: Aerodactyl
|-crit|p2a: Aerodactyl
|-enditem|p2a: Aerodactyl|Focus Sash
|-damage|p2a: Aerodactyl|1/100
|
|-weather|RainDance|[upkeep]
|upkeep
|turn|2
|
|t:|1712444210
|move|p2a: Aerodactyl|Double-Edge|p1a: Politoed
|-damage|p1a: Politoed|61/100
|move|p1a: Politoed|Scald|p2a: Aerodactyl
|-supereffective|p2a: Aerodactyl
|-damage|p2a: Aerodactyl|0 fnt
|faint|p2a: Aerodactyl
|
|-weather|RainDance|[upkeep]
|upkeep
|
|t:|1712444218
|switch|p2a: Breloom|Breloom, M|100/100
|turn|3
|
|t:|1712444234
|switch|p1a: Ferrothorn|Ferrothorn, M|100/100
|-damage|p1a: Ferrothorn|94/100|[from] Stealth Rock
|move|p2a: Breloom|Low Sweep|p1a: Ferrothorn
|-supereffective|p1a: Ferrothorn
|-damage|p1a: Ferrothorn|0 fnt
|-damage|p2a: Breloom|88/100|[from] ability: Iron Barbs|[of] p1a: Ferrothorn
|faint|p1a: Ferrothorn
|-damage|p2a: Breloom|78/100|[from] item: Life Orb
|
|-weather|RainDance|[upkeep]
|upkeep
|inactive|Bladeezzzz has 120 seconds left.
|
|t:|1712444280
|switch|p1a: Toxicroak|Toxicroak, F|100/100
|-damage|p1a: Toxicroak|94/100|[from] Stealth Rock
|turn|4
|
|t:|1712444283
|switch|p2a: Jirachi|Jirachi|100/100
|move|p1a: Toxicroak|Substitute|p1a: Toxicroak
|-start|p1a: Toxicroak|Substitute
|-damage|p1a: Toxicroak|70/100
|
|-weather|RainDance|[upkeep]
|-heal|p1a: Toxicroak|82/100|[from] ability: Dry Skin
|-heal|p1a: Toxicroak|88/100|[from] item: Black Sludge
|upkeep
|turn|5
|
|t:|1712444288
|move|p2a: Jirachi|Iron Head|p1a: Toxicroak
|-end|p1a: Toxicroak|Substitute
|move|p1a: Toxicroak|Swords Dance|p1a: Toxicroak
|-boost|p1a: Toxicroak|atk|2
|
|-weather|RainDance|[upkeep]
|-heal|p1a: Toxicroak|100/100|[from] ability: Dry Skin
|upkeep
|turn|6
|inactive|Bladeezzzz has 90 seconds left.
|
|t:|1712444321
|move|p2a: Jirachi|Thunder|p1a: Toxicroak
|-damage|p1a: Toxicroak|52/100
|move|p1a: Toxicroak|Drain Punch|p2a: Jirachi
|-damage|p2a: Jirachi|12/100
|-heal|p1a: Toxicroak|100/100|[from] drain|[of] p2a: Jirachi
|
|-weather|RainDance|[upkeep]
|upkeep
|turn|7
|
|t:|1712444330
|move|p1a: Toxicroak|Sucker Punch|p2a: Jirachi
|-damage|p2a: Jirachi|0 fnt
|faint|p2a: Jirachi
|
|-weather|RainDance|[upkeep]
|upkeep
|
|t:|1712444339
|switch|p2a: Garchomp|Garchomp, F|100/100
|turn|8
|
|t:|1712444346
|switch|p1a: Latios|Latios, M|100/100
|-damage|p1a: Latios|88/100|[from] Stealth Rock
|move|p2a: Garchomp|Earthquake|p1a: Latios
|-immune|p1a: Latios|[from] ability: Levitate
|
|-weather|RainDance|[upkeep]
|upkeep
|turn|9
|inactive|Lsc29 has 120 seconds left.
|
|t:|1712444386
|move|p1a: Latios|Draco Meteor|p2a: Garchomp
|-supereffective|p2a: Garchomp
|-damage|p2a: Garchomp|0 fnt
|-unboost|p1a: Latios|spa|2
|faint|p2a: Garchomp
|
|-weather|RainDance|[upkeep]
|upkeep
|
|t:|1712444394
|switch|p2a: Dragonite|Dragonite, M|100/100
|turn|10
|
|t:|1712444397
|move|p1a: Latios|Draco Meteor|p2a: Dragonite
|-supereffective|p2a: Dragonite
|-crit|p2a: Dragonite
|-damage|p2a: Dragonite|0 fnt
|-unboost|p1a: Latios|spa|2
|faint|p2a: Dragonite
|
|-weather|RainDance|[upkeep]
|upkeep
|
|t:|1712444408
|switch|p2a: Breloom|Breloom, M|78/100
|turn|11
|
|t:|1712444414
|switch|p1a: Politoed|Politoed, M|61/100
|-damage|p1a: Politoed|49/100|[from] Stealth Rock
|move|p2a: Breloom|Low Sweep|p1a: Politoed
|-damage|p1a: Politoed|0 fnt
|faint|p1a: Politoed
|-damage|p2a: Breloom|68/100|[from] item: Life Orb
|
|-weather|RainDance|[upkeep]
|upkeep
|inactive|Bladeezzzz has 120 seconds left.
|
|t:|1712444429
|switch|p1a: Latios|Latios, M|88/100
|-damage|p1a: Latios|76/100|[from] Stealth Rock
|turn|12
|
|t:|1712444438
|move|p1a: Latios|Draco Meteor|p2a: Breloom
|-damage|p2a: Breloom|0 fnt
|-unboost|p1a: Latios|spa|2
|faint|p2a: Breloom
|
|-weather|RainDance|[upkeep]
|upkeep
|
|t:|1712444440
|switch|p2a: Starmie|Starmie|100/100
|-item|p2a: Starmie|Air Balloon
|turn|13
|
|t:|1712444452
|move|p2a: Starmie|Thunder|p1a: Latios
|-resisted|p1a: Latios
|-damage|p1a: Latios|58/100
|move|p1a: Latios|Draco Meteor|p2a: Starmie
|-damage|p2a: Starmie|20/100
|-unboost|p1a: Latios|spa|2
|-enditem|p2a: Starmie|Air Balloon
|
|-weather|RainDance|[upkeep]
|upkeep
|turn|14
|-message|Lsc29 forfeited.
|
|win|Bladeezzzz
|raw|Bladeezzzz's rating: 1374 &rarr; <strong>1403</strong><br />(+29 for winning)
|raw|Lsc29's rating: 1550 &rarr; <strong>1521</strong><br />(-29 for losing)
|l|☆Lsc29
|player|p2|
|c|☆Bladeezzzz|!dt analytic
|raw|<ul class="utilichart"><li class="result"><span class="col namecol"><a href="https://dex.pokemonshowdown.com/abilities/analytic">Analytic</a></span> <span class="col abilitydesccol">This Pokemon's attacks have 1.3x power if it is the last to move in a turn.</span> </li><li style="clear:both"></li></ul>
|raw|<font size="1"><font color="#686868">Gen:</font> 5</font>

