|j|☆Doopsy
|j|☆peach_nair
|player|p1|Doopsy|wally
|player|p2|peach_nair|19
|teamsize|p1|6
|teamsize|p2|6
|gametype|singles
|gen|5
|tier|[Gen 5] OU
|rated|
|rule|Sleep Clause Mod: Limit one foe put to sleep
|rule|Species Clause: Limit one of each Pokémon
|rule|OHKO Clause: OHKO moves are banned
|rule|Moody Clause: Moody is banned
|rule|Evasion Moves Clause: Evasion moves are banned
|rule|Endless Battle Clause: Forcing endless battles is banned
|rule|HP Percentage Mod: HP is shown in percentages
|rule|Evasion Abilities Clause: Evasion abilities are banned
|rule|Baton Pass Clause: Limit one Baton Passer, can't pass Spe and other stats simultaneously
|rule|Swagger Clause: Swagger is banned
|clearpoke
|poke|p1|Skarmory, M|item
|poke|p1|Cofagrigus, M|item
|poke|p1|Conkeldurr, M|item
|poke|p1|Hydreigon, M|item
|poke|p1|Gastrodon-East, F|item
|poke|p1|Mamoswine, M|item
|poke|p2|Politoed, M|item
|poke|p2|Tornadus, M|item
|poke|p2|Tentacruel, M|item
|poke|p2|Landorus-Therian, M|item
|poke|p2|Ferrothorn, F|item
|poke|p2|Haxorus, M|item
|teampreview
|inactive|Battle timer is ON: inactive players will automatically lose when time's up. (requested by peach_nair)
|
|start
|switch|p1a: Skarmory|Skarmory, M, shiny|334/334
|switch|p2a: Ferrothorn|Ferrothorn, F|352/352
|turn|1
|
|move|p1a: Skarmory|Stealth Rock|p2a: Ferrothorn
|-sidestart|p2: peach_nair|move: Stealth Rock
|move|p2a: Ferrothorn|Leech Seed|p1a: Skarmory
|-start|p1a: Skarmory|move: Leech Seed
|
|-damage|p1a: Skarmory|293/334|[from] Leech Seed|[of] p2a: Ferrothorn
|upkeep
|turn|2
|
|switch|p1a: Conkeldurr|Conkeldurr, M|414/414
|move|p2a: Ferrothorn|Spikes|p1a: Conkeldurr
|-sidestart|p1: Doopsy|Spikes
|
|-status|p1a: Conkeldurr|brn|[from] item: Flame Orb
|upkeep
|turn|3
|
|switch|p2a: Landorus|Landorus-Therian, M|380/380
|-damage|p2a: Landorus|333/380|[from] Stealth Rock
|-ability|p2a: Landorus|Intimidate|boost
|-unboost|p1a: Conkeldurr|atk|1
|move|p1a: Conkeldurr|Drain Punch|p2a: Landorus
|-resisted|p2a: Landorus
|-damage|p2a: Landorus|263/380
|
|-heal|p2a: Landorus|286/380|[from] item: Leftovers
|-damage|p1a: Conkeldurr|363/414 brn|[from] brn
|upkeep
|turn|4
|
|switch|p1a: Skarmory|Skarmory, M, shiny|293/334
|move|p2a: Landorus|U-turn|p1a: Skarmory
|-resisted|p1a: Skarmory
|-damage|p1a: Skarmory|283/334
|
|switch|p2a: Politoed|Politoed, M|322/322
|-damage|p2a: Politoed|282/322|[from] Stealth Rock
|-weather|RainDance|[from] ability: Drizzle|[of] p2a: Politoed
|
|-weather|RainDance|[upkeep]
|-heal|p1a: Skarmory|303/334|[from] item: Leftovers
|upkeep
|turn|5
|
|switch|p2a: Tornadus|Tornadus, M|299/299
|-damage|p2a: Tornadus|225/299|[from] Stealth Rock
|switch|p1a: Gastrodon|Gastrodon-East, F|426/426
|-damage|p1a: Gastrodon|373/426|[from] Spikes
|
|-weather|RainDance|[upkeep]
|-heal|p1a: Gastrodon|399/426|[from] item: Leftovers
|upkeep
|turn|6
|
|move|p2a: Tornadus|Hurricane|p1a: Gastrodon
|-damage|p1a: Gastrodon|2/426
|move|p1a: Gastrodon|Toxic|p2a: Tornadus
|-status|p2a: Tornadus|tox
|
|-weather|RainDance|[upkeep]
|-heal|p1a: Gastrodon|28/426|[from] item: Leftovers
|-damage|p2a: Tornadus|207/299 tox|[from] psn
|upkeep
|turn|7
|
|move|p2a: Tornadus|Hurricane|p1a: Gastrodon
|-damage|p1a: Gastrodon|0 fnt
|faint|p1a: Gastrodon
|
|-weather|RainDance|[upkeep]
|-damage|p2a: Tornadus|171/299 tox|[from] psn
|upkeep
|
|switch|p1a: Mamoswine|Mamoswine, M|361/361
|-damage|p1a: Mamoswine|316/361|[from] Spikes
|turn|8
|
|switch|p2a: Ferrothorn|Ferrothorn, F|352/352
|-damage|p2a: Ferrothorn|330/352|[from] Stealth Rock
|move|p1a: Mamoswine|Ice Shard|p2a: Ferrothorn
|-damage|p2a: Ferrothorn|256/352
|-damage|p1a: Mamoswine|280/361|[from] item: Life Orb
|
|-weather|RainDance|[upkeep]
|-heal|p2a: Ferrothorn|278/352|[from] item: Leftovers
|upkeep
|turn|9
|
|switch|p1a: Conkeldurr|Conkeldurr, M|363/414 brn
|-damage|p1a: Conkeldurr|312/414 brn|[from] Spikes
|move|p2a: Ferrothorn|Power Whip|p1a: Conkeldurr
|-damage|p1a: Conkeldurr|173/414 brn
|
|-weather|RainDance|[upkeep]
|-heal|p2a: Ferrothorn|300/352|[from] item: Leftovers
|-damage|p1a: Conkeldurr|122/414 brn|[from] brn
|upkeep
|turn|10
|
|move|p2a: Ferrothorn|Protect|p2a: Ferrothorn
|-singleturn|p2a: Ferrothorn|Protect
|move|p1a: Conkeldurr|Drain Punch|p2a: Ferrothorn
|-activate|p2a: Ferrothorn|move: Protect
|
|-weather|RainDance|[upkeep]
|-heal|p2a: Ferrothorn|322/352|[from] item: Leftovers
|-damage|p1a: Conkeldurr|71/414 brn|[from] brn
|upkeep
|turn|11
|
|switch|p2a: Landorus|Landorus-Therian, M|286/380
|-damage|p2a: Landorus|239/380|[from] Stealth Rock
|-ability|p2a: Landorus|Intimidate|boost
|-unboost|p1a: Conkeldurr|atk|1
|move|p1a: Conkeldurr|Ice Punch|p2a: Landorus
|-supereffective|p2a: Landorus
|-damage|p2a: Landorus|0 fnt
|faint|p2a: Landorus
|
|-weather|RainDance|[upkeep]
|-damage|p1a: Conkeldurr|20/414 brn|[from] brn
|upkeep
|
|switch|p2a: Tentacruel|Tentacruel, M|363/363
|-damage|p2a: Tentacruel|318/363|[from] Stealth Rock
|turn|12
|
|move|p1a: Conkeldurr|Mach Punch|p2a: Tentacruel
|-resisted|p2a: Tentacruel
|-damage|p2a: Tentacruel|273/363
|move|p2a: Tentacruel|Scald|p1a: Conkeldurr
|-damage|p1a: Conkeldurr|0 fnt
|faint|p1a: Conkeldurr
|
|-weather|RainDance|[upkeep]
|-heal|p2a: Tentacruel|295/363|[from] ability: Rain Dish
|-heal|p2a: Tentacruel|317/363|[from] item: Black Sludge
|upkeep
|
|switch|p1a: Cofagrigus|Cofagrigus, M, shiny|320/320
|-damage|p1a: Cofagrigus|280/320|[from] Spikes
|turn|13
|
|move|p2a: Tentacruel|Toxic|p1a: Cofagrigus
|-status|p1a: Cofagrigus|tox
|move|p1a: Cofagrigus|Will-O-Wisp|p2a: Tentacruel
|-status|p2a: Tentacruel|brn
|
|-weather|RainDance|[upkeep]
|-heal|p2a: Tentacruel|339/363 brn|[from] ability: Rain Dish
|-heal|p2a: Tentacruel|361/363 brn|[from] item: Black Sludge
|-heal|p1a: Cofagrigus|300/320 tox|[from] item: Leftovers
|-damage|p2a: Tentacruel|316/363 brn|[from] brn
|-damage|p1a: Cofagrigus|280/320 tox|[from] psn
|upkeep
|turn|14
|
|move|p2a: Tentacruel|Scald|p1a: Cofagrigus
|-damage|p1a: Cofagrigus|195/320 tox
|move|p1a: Cofagrigus|Trick Room|p1a: Cofagrigus
|-fieldstart|move: Trick Room|[of] p1a: Cofagrigus
|
|-weather|RainDance|[upkeep]
|-heal|p2a: Tentacruel|338/363 brn|[from] ability: Rain Dish
|-heal|p1a: Cofagrigus|215/320 tox|[from] item: Leftovers
|-heal|p2a: Tentacruel|360/363 brn|[from] item: Black Sludge
|-damage|p1a: Cofagrigus|175/320 tox|[from] psn
|-damage|p2a: Tentacruel|315/363 brn|[from] brn
|upkeep
|turn|15
|
|move|p1a: Cofagrigus|Pain Split|p2a: Tentacruel
|-sethp|p2a: Tentacruel|245/363 brn|[from] move: Pain Split|[silent]
|-sethp|p1a: Cofagrigus|245/320 tox|[from] move: Pain Split
|move|p2a: Tentacruel|Rapid Spin|p1a: Cofagrigus
|-immune|p1a: Cofagrigus
|
|-weather|RainDance|[upkeep]
|-heal|p2a: Tentacruel|267/363 brn|[from] ability: Rain Dish
|-heal|p1a: Cofagrigus|265/320 tox|[from] item: Leftovers
|-heal|p2a: Tentacruel|289/363 brn|[from] item: Black Sludge
|-damage|p1a: Cofagrigus|205/320 tox|[from] psn
|-damage|p2a: Tentacruel|244/363 brn|[from] brn
|upkeep
|turn|16
|
|move|p2a: Tentacruel|Protect|p2a: Tentacruel
|-singleturn|p2a: Tentacruel|Protect
|move|p1a: Cofagrigus|Hex|p2a: Tentacruel
|-activate|p2a: Tentacruel|move: Protect
|
|-weather|RainDance|[upkeep]
|-heal|p2a: Tentacruel|266/363 brn|[from] ability: Rain Dish
|-heal|p1a: Cofagrigus|225/320 tox|[from] item: Leftovers
|-heal|p2a: Tentacruel|288/363 brn|[from] item: Black Sludge
|-damage|p1a: Cofagrigus|145/320 tox|[from] psn
|-damage|p2a: Tentacruel|243/363 brn|[from] brn
|upkeep
|turn|17
|inactive|peach_nair has 120 seconds left.
|
|move|p1a: Cofagrigus|Pain Split|p2a: Tentacruel
|-sethp|p2a: Tentacruel|194/363 brn|[from] move: Pain Split|[silent]
|-sethp|p1a: Cofagrigus|194/320 tox|[from] move: Pain Split
|move|p2a: Tentacruel|Scald|p1a: Cofagrigus
|-damage|p1a: Cofagrigus|107/320 tox
|
|-weather|RainDance|[upkeep]
|-heal|p2a: Tentacruel|216/363 brn|[from] ability: Rain Dish
|-heal|p1a: Cofagrigus|127/320 tox|[from] item: Leftovers
|-heal|p2a: Tentacruel|238/363 brn|[from] item: Black Sludge
|-damage|p1a: Cofagrigus|27/320 tox|[from] psn
|-damage|p2a: Tentacruel|193/363 brn|[from] brn
|upkeep
|turn|18
|inactive|Doopsy has 120 seconds left.
|
|switch|p1a: Hydreigon|Hydreigon, M, shiny|325/325
|move|p2a: Tentacruel|Protect||[still]
|-fail|p2a: Tentacruel
|
|-weather|RainDance|[upkeep]
|-heal|p2a: Tentacruel|215/363 brn|[from] ability: Rain Dish
|-heal|p2a: Tentacruel|237/363 brn|[from] item: Black Sludge
|-damage|p2a: Tentacruel|192/363 brn|[from] brn
|-fieldend|move: Trick Room
|upkeep
|turn|19
|
|move|p1a: Hydreigon|Dark Pulse|p2a: Tentacruel
|-damage|p2a: Tentacruel|80/363 brn
|move|p2a: Tentacruel|Rapid Spin|p1a: Hydreigon
|-damage|p1a: Hydreigon|319/325
|-sideend|p2: peach_nair|Stealth Rock|[from] move: Rapid Spin|[of] p2a: Tentacruel
|
|-weather|RainDance|[upkeep]
|-heal|p2a: Tentacruel|102/363 brn|[from] ability: Rain Dish
|-heal|p2a: Tentacruel|124/363 brn|[from] item: Black Sludge
|-damage|p2a: Tentacruel|79/363 brn|[from] brn
|upkeep
|turn|20
|
|move|p1a: Hydreigon|Dark Pulse|p2a: Tentacruel
|-damage|p2a: Tentacruel|0 fnt
|faint|p2a: Tentacruel
|
|-weather|RainDance|[upkeep]
|upkeep
|
|switch|p2a: Politoed|Politoed, M|282/322
|turn|21
|
|switch|p1a: Cofagrigus|Cofagrigus, M, shiny|27/320 tox
|-damage|p1a: Cofagrigus|0 fnt|[from] Spikes
|faint|p1a: Cofagrigus
|move|p2a: Politoed|Ice Beam|p1: Cofagrigus|[notarget]
|-fail|p2a: Politoed
|
|-weather|RainDance|[upkeep]
|upkeep
|
|switch|p1a: Skarmory|Skarmory, M, shiny|303/334
|turn|22
|
|switch|p2a: Ferrothorn|Ferrothorn, F|322/352
|move|p1a: Skarmory|Stealth Rock|p2a: Ferrothorn
|-sidestart|p2: peach_nair|move: Stealth Rock
|
|-weather|RainDance|[upkeep]
|-heal|p1a: Skarmory|323/334|[from] item: Leftovers
|-heal|p2a: Ferrothorn|344/352|[from] item: Leftovers
|upkeep
|turn|23
|
|move|p2a: Ferrothorn|Leech Seed|p1a: Skarmory
|-start|p1a: Skarmory|move: Leech Seed
|move|p1a: Skarmory|Roar|p2a: Ferrothorn
|drag|p2a: Haxorus|Haxorus, M|294/294
|-damage|p2a: Haxorus|258/294|[from] Stealth Rock
|-ability|p2a: Haxorus|Mold Breaker
|
|-weather|RainDance|[upkeep]
|-heal|p1a: Skarmory|334/334|[from] item: Leftovers
|-damage|p1a: Skarmory|293/334|[from] Leech Seed|[of] p2a: Haxorus
|-heal|p2a: Haxorus|294/294|[silent]
|upkeep
|turn|24
|
|switch|p2a: Ferrothorn|Ferrothorn, F|344/352
|-damage|p2a: Ferrothorn|322/352|[from] Stealth Rock
|move|p1a: Skarmory|Spikes|p2a: Ferrothorn
|-sidestart|p2: peach_nair|Spikes
|
|-weather|RainDance|[upkeep]
|-heal|p1a: Skarmory|313/334|[from] item: Leftovers
|-heal|p2a: Ferrothorn|344/352|[from] item: Leftovers
|-damage|p1a: Skarmory|272/334|[from] Leech Seed|[of] p2a: Ferrothorn
|-heal|p2a: Ferrothorn|352/352|[silent]
|upkeep
|turn|25
|
|move|p1a: Skarmory|Spikes|p2a: Ferrothorn
|-sidestart|p2: peach_nair|Spikes
|move|p2a: Ferrothorn|Spikes|p1a: Skarmory
|-sidestart|p1: Doopsy|Spikes
|
|-weather|RainDance|[upkeep]
|-heal|p1a: Skarmory|292/334|[from] item: Leftovers
|-damage|p1a: Skarmory|251/334|[from] Leech Seed|[of] p2a: Ferrothorn
|upkeep
|turn|26
|
|switch|p1a: Mamoswine|Mamoswine, M|280/361
|-damage|p1a: Mamoswine|220/361|[from] Spikes
|move|p2a: Ferrothorn|Protect||[still]
|-fail|p2a: Ferrothorn
|
|-weather|RainDance|[upkeep]
|upkeep
|turn|27
|
|move|p1a: Mamoswine|Earthquake|p2a: Ferrothorn
|-damage|p2a: Ferrothorn|173/352
|-damage|p1a: Mamoswine|184/361|[from] item: Life Orb
|move|p2a: Ferrothorn|Power Whip|p1a: Mamoswine
|-supereffective|p1a: Mamoswine
|-damage|p1a: Mamoswine|0 fnt
|faint|p1a: Mamoswine
|
|-weather|RainDance|[upkeep]
|-heal|p2a: Ferrothorn|195/352|[from] item: Leftovers
|upkeep
|
|switch|p1a: Hydreigon|Hydreigon, M, shiny|319/325
|turn|28
|
|move|p2a: Ferrothorn|Protect|p2a: Ferrothorn
|-singleturn|p2a: Ferrothorn|Protect
|move|p1a: Hydreigon|Dark Pulse|p2a: Ferrothorn
|-activate|p2a: Ferrothorn|move: Protect
|
|-weather|RainDance|[upkeep]
|-heal|p2a: Ferrothorn|217/352|[from] item: Leftovers
|upkeep
|turn|29
|
|move|p1a: Hydreigon|Dark Pulse|p2a: Ferrothorn
|-resisted|p2a: Ferrothorn
|-damage|p2a: Ferrothorn|167/352
|move|p2a: Ferrothorn|Leech Seed|p1a: Hydreigon
|-start|p1a: Hydreigon|move: Leech Seed
|
|-weather|RainDance|[upkeep]
|-heal|p2a: Ferrothorn|189/352|[from] item: Leftovers
|-damage|p1a: Hydreigon|279/325|[from] Leech Seed|[of] p2a: Ferrothorn
|-heal|p2a: Ferrothorn|229/352|[silent]
|upkeep
|turn|30
|-message|Doopsy forfeited.
|
|win|peach_nair
|l|☆Doopsy
|raw|Doopsy's rating: 1330 &rarr; <strong>1307</strong><br />(-23 for losing)
|raw|peach_nair's rating: 1276 &rarr; <strong>1305</strong><br />(+29 for winning)
