|j|☆Bastien65
|j|☆porrompompom
|player|p1|Bastien65|43
|player|p2|porrompompom|265
|teamsize|p1|6
|teamsize|p2|6
|gametype|singles
|gen|5
|tier|[Gen 5] OU
|rated|
|rule|Sleep Clause Mod: Limit one foe put to sleep
|rule|Species Clause: Limit one of each Pokémon
|rule|OHKO Clause: OHKO moves are banned
|rule|Moody Clause: Moody is banned
|rule|Evasion Moves Clause: Evasion moves are banned
|rule|Endless Battle Clause: Forcing endless battles is banned
|rule|HP Percentage Mod: HP is shown in percentages
|rule|Evasion Abilities Clause: Evasion abilities are banned
|rule|Baton Pass Clause: Limit one Baton Passer, can't pass Spe and other stats simultaneously
|rule|Swagger Clause: Swagger is banned
|clearpoke
|poke|p1|Thundurus-Therian, M|item
|poke|p1|Tornadus, M|item
|poke|p1|Politoed, F|item
|poke|p1|Garchomp, M|item
|poke|p1|Excadrill, F|item
|poke|p1|Celebi|item
|poke|p2|Kingdra, M|item
|poke|p2|Kabutops, F|item
|poke|p2|Tornadus, M|item
|poke|p2|Amoonguss, F|item
|poke|p2|Bronzong|item
|poke|p2|Gothitelle, M|item
|teampreview
|
|start
|switch|p1a: RIP 2011|Excadrill, F|100/100
|switch|p2a: Amoonguss|Amoonguss, F|100/100
|-ability|p1a: RIP 2011|Mold Breaker
|-item|p1a: RIP 2011|Air Balloon
|turn|1
|
|switch|p1a: Autiste|Tornadus, M|100/100
|move|p2a: Amoonguss|Spore|p1a: Autiste
|-status|p1a: Autiste|slp
|
|upkeep
|turn|2
|
|switch|p2a: Bronzong|Bronzong|100/100
|cant|p1a: Autiste|slp
|move|p1a: Autiste|Sleep Talk|p1a: Autiste
|move|p1a: Autiste|Hurricane|p2a: Bronzong|[from]Sleep Talk
|-resisted|p2a: Bronzong
|-crit|p2a: Bronzong
|-damage|p2a: Bronzong|36/100
|
|upkeep
|turn|3
|
|switch|p1a: RIP 2011|Excadrill, F|100/100
|-ability|p1a: RIP 2011|Mold Breaker
|-item|p1a: RIP 2011|Air Balloon
|move|p2a: Bronzong|Stealth Rock|p1a: RIP 2011
|-sidestart|p1: Bastien65|move: Stealth Rock
|
|upkeep
|turn|4
|
|switch|p2a: Gothitelle|Gothitelle, M|100/100
|move|p1a: RIP 2011|Rapid Spin|p2a: Gothitelle
|-damage|p2a: Gothitelle|92/100
|-sideend|p1: Bastien65|Stealth Rock|[from] move: Rapid Spin|[of] p1a: RIP 2011
|
|upkeep
|turn|5
|
|move|p2a: Gothitelle|Trick|p1a: RIP 2011
|-activate|p2a: Gothitelle|move: Trick|[of] p1a: RIP 2011
|-item|p1a: RIP 2011|Choice Scarf|[from] move: Trick
|-item|p2a: Gothitelle|Air Balloon
|-item|p2a: Gothitelle|Air Balloon|[from] move: Trick
|move|p1a: RIP 2011|Earthquake|p2a: Gothitelle
|-immune|p2a: Gothitelle|[msg]
|
|upkeep
|turn|6
|
|move|p1a: RIP 2011|Earthquake|p2a: Gothitelle
|-immune|p2a: Gothitelle|[msg]
|move|p2a: Gothitelle|Psyshock|p1a: RIP 2011
|-resisted|p1a: RIP 2011
|-damage|p1a: RIP 2011|75/100
|
|upkeep
|turn|7
|
|move|p1a: RIP 2011|Earthquake|p2a: Gothitelle
|-immune|p2a: Gothitelle|[msg]
|move|p2a: Gothitelle|Grass Knot|p1a: RIP 2011
|-damage|p1a: RIP 2011|50/100
|
|upkeep
|turn|8
|
|move|p1a: RIP 2011|Earthquake|p2a: Gothitelle
|-immune|p2a: Gothitelle|[msg]
|move|p2a: Gothitelle|Psyshock|p1a: RIP 2011
|-resisted|p1a: RIP 2011
|-damage|p1a: RIP 2011|26/100
|
|upkeep
|turn|9
|
|move|p1a: RIP 2011|Earthquake|p2a: Gothitelle
|-immune|p2a: Gothitelle|[msg]
|move|p2a: Gothitelle|Psyshock|p1a: RIP 2011
|-resisted|p1a: RIP 2011
|-damage|p1a: RIP 2011|3/100
|
|upkeep
|turn|10
|
|move|p1a: RIP 2011|Earthquake|p2a: Gothitelle
|-immune|p2a: Gothitelle|[msg]
|move|p2a: Gothitelle|Trick|p1a: RIP 2011
|-activate|p2a: Gothitelle|move: Trick|[of] p1a: RIP 2011
|-item|p1a: RIP 2011|Air Balloon
|-item|p1a: RIP 2011|Air Balloon|[from] move: Trick
|-item|p2a: Gothitelle|Choice Scarf|[from] move: Trick
|
|upkeep
|turn|11
|
|move|p2a: Gothitelle|Psyshock|p1a: RIP 2011
|-resisted|p1a: RIP 2011
|-damage|p1a: RIP 2011|0 fnt
|-enditem|p1a: RIP 2011|Air Balloon
|faint|p1a: RIP 2011
|
|upkeep
|
|switch|p1a: Mongol|Thundurus-Therian, M|100/100
|turn|12
|
|switch|p2a: Amoonguss|Amoonguss, F|100/100
|move|p1a: Mongol|Substitute|p1a: Mongol
|-start|p1a: Mongol|Substitute
|-damage|p1a: Mongol|76/100
|
|-heal|p1a: Mongol|82/100|[from] item: Leftovers
|upkeep
|turn|13
|
|move|p1a: Mongol|Hidden Power|p2a: Amoonguss
|-supereffective|p2a: Amoonguss
|-damage|p2a: Amoonguss|67/100
|move|p2a: Amoonguss|Rain Dance|p2a: Amoonguss
|-weather|RainDance
|
|-weather|RainDance|[upkeep]
|-heal|p1a: Mongol|88/100|[from] item: Leftovers
|upkeep
|turn|14
|
|switch|p2a: Gothitelle|Gothitelle, M|92/100
|move|p1a: Mongol|Hidden Power|p2a: Gothitelle
|-damage|p2a: Gothitelle|63/100
|
|-weather|RainDance|[upkeep]
|-heal|p1a: Mongol|94/100|[from] item: Leftovers
|upkeep
|turn|15
|
|move|p2a: Gothitelle|Psyshock|p1a: Mongol
|-end|p1a: Mongol|Substitute
|move|p1a: Mongol|Thunder|p2a: Gothitelle
|-damage|p2a: Gothitelle|0 fnt
|faint|p2a: Gothitelle
|
|-weather|RainDance|[upkeep]
|-heal|p1a: Mongol|99/100|[from] item: Leftovers
|upkeep
|
|switch|p2a: Kabutops|Kabutops, F|100/100
|turn|16
|
|switch|p1a: Jolie fleur :|Celebi|100/100
|move|p2a: Kabutops|Swords Dance|p2a: Kabutops
|-boost|p2a: Kabutops|atk|2
|
|-weather|RainDance|[upkeep]
|upkeep
|turn|17
|
|move|p2a: Kabutops|Stone Edge|p1a: Jolie fleur :|[miss]
|-miss|p2a: Kabutops|p1a: Jolie fleur :
|move|p1a: Jolie fleur :|Giga Drain|p2a: Kabutops
|-supereffective|p2a: Kabutops
|-damage|p2a: Kabutops|0 fnt
|faint|p2a: Kabutops
|
|-weather|RainDance|[upkeep]
|upkeep
|c|☆porrompompom|s i g h
|
|switch|p2a: Bronzong|Bronzong|36/100
|turn|18
|c|☆Bastien65|sorry but anyway that doesnt kill
|
|switch|p1a: Mongol|Thundurus-Therian, M|99/100
|move|p2a: Bronzong|Stealth Rock|p1a: Mongol
|-sidestart|p1: Bastien65|move: Stealth Rock
|
|-weather|RainDance|[upkeep]
|-heal|p1a: Mongol|100/100|[from] item: Leftovers
|upkeep
|turn|19
|c|☆Bastien65|it's def celebi
|c|☆Bastien65|pretty sure im tanking that
|c|☆Bastien65|but sorry
|l|☆porrompompom
|player|p2|
|inactive|Battle timer is ON: inactive players will automatically lose when time's up. (requested by Bastien65)
|j|☆porrompompom
|inactive|porrompompom reconnected and has 150 seconds left.
|player|p2|porrompompom|265
|
|move|p1a: Mongol|Thunder|p2a: Bronzong
|-damage|p2a: Bronzong|0 fnt
|faint|p2a: Bronzong
|
|-weather|RainDance|[upkeep]
|upkeep
|
|switch|p2a: Kingdra|Kingdra, M|100/100
|turn|20
|
|switch|p1a: FU Pelipper|Politoed, F|100/100
|-damage|p1a: FU Pelipper|88/100|[from] Stealth Rock
|-weather|RainDance|[from] ability: Drizzle|[of] p1a: FU Pelipper
|move|p2a: Kingdra|Hydro Pump|p1a: FU Pelipper
|-resisted|p1a: FU Pelipper
|-damage|p1a: FU Pelipper|38/100
|-damage|p2a: Kingdra|91/100|[from] item: Life Orb
|
|-weather|RainDance|[upkeep]
|upkeep
|turn|21
|
|move|p2a: Kingdra|Hydro Pump|p1a: FU Pelipper
|-resisted|p1a: FU Pelipper
|-damage|p1a: FU Pelipper|0 fnt
|-damage|p2a: Kingdra|81/100|[from] item: Life Orb
|faint|p1a: FU Pelipper
|
|-weather|RainDance|[upkeep]
|upkeep
|
|switch|p1a: Jolie fleur :|Celebi|100/100
|-damage|p1a: Jolie fleur :|88/100|[from] Stealth Rock
|turn|22
|
|switch|p2a: Tornadus|Tornadus, M|100/100
|move|p1a: Jolie fleur :|Giga Drain|p2a: Tornadus
|-resisted|p2a: Tornadus
|-damage|p2a: Tornadus|81/100
|-heal|p1a: Jolie fleur :|95/100|[from] drain|[of] p2a: Tornadus
|
|-weather|RainDance|[upkeep]
|-heal|p1a: Jolie fleur :|100/100|[from] item: Leftovers
|upkeep
|turn|23
|
|switch|p1a: Autiste|Tornadus, M|100/100 slp
|-damage|p1a: Autiste|76/100 slp|[from] Stealth Rock
|move|p2a: Tornadus|U-turn|p1a: Autiste
|-resisted|p1a: Autiste
|-damage|p1a: Autiste|63/100 slp
|
|switch|p2a: Amoonguss|Amoonguss, F|99/100
|
|-weather|RainDance|[upkeep]
|upkeep
|turn|24
|
|cant|p1a: Autiste|slp
|move|p1a: Autiste|Sleep Talk|p1a: Autiste
|move|p1a: Autiste|Hurricane|p2a: Amoonguss|[from]Sleep Talk
|-supereffective|p2a: Amoonguss
|-damage|p2a: Amoonguss|0 fnt
|faint|p2a: Amoonguss
|
|-weather|RainDance|[upkeep]
|upkeep
|
|switch|p2a: Tornadus|Tornadus, M|81/100
|turn|25
|
|move|p2a: Tornadus|Hurricane|p1a: Autiste
|-damage|p1a: Autiste|0 fnt
|faint|p1a: Autiste
|
|-weather|RainDance|[upkeep]
|upkeep
|
|switch|p1a: CheapChomp|Garchomp, M|100/100
|-damage|p1a: CheapChomp|94/100|[from] Stealth Rock
|turn|26
|j| grqygtrh
|
|move|p1a: CheapChomp|Outrage|p2a: Tornadus
|-damage|p2a: Tornadus|0 fnt
|faint|p2a: Tornadus
|
|-weather|RainDance|[upkeep]
|upkeep
|
|switch|p2a: Kingdra|Kingdra, M|81/100
|turn|27
|
|move|p2a: Kingdra|Ice Beam|p1a: CheapChomp
|-supereffective|p1a: CheapChomp
|-damage|p1a: CheapChomp|0 fnt
|-damage|p2a: Kingdra|71/100|[from] item: Life Orb
|faint|p1a: CheapChomp
|
|-weather|RainDance|[upkeep]
|upkeep
|
|switch|p1a: Mongol|Thundurus-Therian, M|100/100
|-damage|p1a: Mongol|76/100|[from] Stealth Rock
|turn|28
|
|move|p2a: Kingdra|Ice Beam|p1a: Mongol
|-supereffective|p1a: Mongol
|-damage|p1a: Mongol|0 fnt
|-damage|p2a: Kingdra|61/100|[from] item: Life Orb
|faint|p1a: Mongol
|
|-weather|RainDance|[upkeep]
|upkeep
|
|switch|p1a: Jolie fleur :|Celebi|100/100
|-damage|p1a: Jolie fleur :|88/100|[from] Stealth Rock
|turn|29
|
|move|p2a: Kingdra|Ice Beam|p1a: Jolie fleur :
|-supereffective|p1a: Jolie fleur :
|-damage|p1a: Jolie fleur :|42/100
|-damage|p2a: Kingdra|51/100|[from] item: Life Orb
|move|p1a: Jolie fleur :|Recover|p1a: Jolie fleur :
|-heal|p1a: Jolie fleur :|92/100
|
|-weather|RainDance|[upkeep]
|-heal|p1a: Jolie fleur :|99/100|[from] item: Leftovers
|upkeep
|turn|30
|l|☆porrompompom
|inactive|porrompompom disconnected and has a minute to reconnect!
|player|p2|
|inactive|porrompompom has 60 seconds to reconnect!
|inactive|Bastien65 has 120 seconds left.
|inactive|porrompompom has 30 seconds to reconnect!
|j|☆porrompompom
|inactive|porrompompom reconnected and has 95 seconds left.
|player|p2|porrompompom|265
|inactive|porrompompom has 90 seconds left.
|c|☆porrompompom|58-69%
|j| Liebely
|inactive|porrompompom has 60 seconds left.
|c|☆porrompompom|who would say thats def celebi :o
|inactive|porrompompom has 30 seconds left.
|
|move|p2a: Kingdra|Ice Beam|p1a: Jolie fleur :
|-supereffective|p1a: Jolie fleur :
|-damage|p1a: Jolie fleur :|51/100
|-damage|p2a: Kingdra|41/100|[from] item: Life Orb
|move|p1a: Jolie fleur :|Recover|p1a: Jolie fleur :
|-heal|p1a: Jolie fleur :|100/100
|
|-weather|RainDance|[upkeep]
|upkeep
|turn|31
|
|move|p2a: Kingdra|Ice Beam|p1a: Jolie fleur :
|-supereffective|p1a: Jolie fleur :
|-damage|p1a: Jolie fleur :|57/100
|-damage|p2a: Kingdra|31/100|[from] item: Life Orb
|move|p1a: Jolie fleur :|Giga Drain|p2a: Kingdra
|-damage|p2a: Kingdra|2/100
|-heal|p1a: Jolie fleur :|67/100|[from] drain|[of] p2a: Kingdra
|
|-weather|RainDance|[upkeep]
|-heal|p1a: Jolie fleur :|74/100|[from] item: Leftovers
|upkeep
|turn|32
|
|move|p2a: Kingdra|Draco Meteor|p1a: Jolie fleur :
|-damage|p1a: Jolie fleur :|24/100
|-unboost|p2a: Kingdra|spa|2
|-damage|p2a: Kingdra|0 fnt|[from] item: Life Orb
|faint|p2a: Kingdra
|
|win|Bastien65
|raw|Bastien65's rating: 1283 &rarr; <strong>1323</strong><br />(+40 for winning)
|raw|porrompompom's rating: 1517 &rarr; <strong>1486</strong><br />(-31 for losing)
|c|☆porrompompom|Bad at playing, worse at lying
|l|☆porrompompom
|l| grqygtrh
|l|☆Bastien65
|j|☆porrompompom
