|j|☆hf losing
|j|☆Wally♪♫
|player|p1|hf losing|lady-gen4|1569
|player|p2|Wally♪♫|cyclist-gen4|1568
|teamsize|p1|6
|teamsize|p2|6
|gametype|singles
|gen|5
|tier|[Gen 5] OU
|rated|
|clearpoke
|poke|p1|Scizor, M|item
|poke|p1|Politoed, M|item
|poke|p1|Tentacruel, F|item
|poke|p1|Thundurus-Therian, M|item
|poke|p1|Ferrothorn, F|item
|poke|p1|Latios, M|item
|poke|p2|Politoed, F|item
|poke|p2|Tornadus, M|item
|poke|p2|Starmie|item
|poke|p2|Jirachi|item
|poke|p2|Terrakion|item
|poke|p2|Kyurem-Black|item
|rule|Species Clause: Limit one of each Pokémon
|rule|OHKO Clause: OHKO moves are banned
|rule|Moody Clause: Moody is banned
|rule|Evasion Moves Clause: Evasion moves are banned
|rule|Endless Battle Clause: Forcing endless battles is banned
|rule|HP Percentage Mod: HP is shown in percentages
|rule|Evasion Abilities Clause: Evasion abilities are banned
|rule|Baton Pass Clause: Limit one Baton Passer, can't pass Spe and other stats simultaneously
|rule|Sleep Clause: Sleep-inducing moves are banned
|rule|Swagger Clause: Swagger is banned
|teampreview
|j|@Marshmallon
|j| Zeoro
|j|+Marcell
|inactive|Battle timer is ON: inactive players will automatically lose when time's up. (requested by hf losing)
|j| elev4te
|j| elednb
|
|start
|switch|p1a: Tentacruel|Tentacruel, F|100/100
|switch|p2a: Kyurem|Kyurem-Black|100/100
|-ability|p2a: Kyurem|Teravolt
|turn|1
|
|switch|p1a: Ferrothorn|Ferrothorn, F|100/100
|move|p2a: Kyurem|Substitute|p2a: Kyurem
|-start|p2a: Kyurem|Substitute
|-damage|p2a: Kyurem|76/100
|
|-heal|p2a: Kyurem|82/100|[from] item: Leftovers
|upkeep
|turn|2
|c|@Marshmallon|bonjour, Wally
|c|☆Wally♪♫|salut Marshmallon :3
|
|move|p2a: Kyurem|Ice Beam|p1a: Ferrothorn
|-damage|p1a: Ferrothorn|62/100
|move|p1a: Ferrothorn|Gyro Ball|p2a: Kyurem
|-supereffective|p2a: Kyurem
|-end|p2a: Kyurem|Substitute
|
|-heal|p2a: Kyurem|88/100|[from] item: Leftovers
|-heal|p1a: Ferrothorn|68/100|[from] item: Leftovers
|upkeep
|turn|3
|j| mind gaming
|
|move|p2a: Kyurem|Ice Beam|p1a: Ferrothorn
|-damage|p1a: Ferrothorn|31/100
|move|p1a: Ferrothorn|Gyro Ball|p2a: Kyurem
|-supereffective|p2a: Kyurem
|-damage|p2a: Kyurem|0 fnt
|faint|p2a: Kyurem
|
|-heal|p1a: Ferrothorn|38/100|[from] item: Leftovers
|upkeep
|
|switch|p2a: Terrakion|Terrakion|100/100
|turn|4
|
|switch|p1a: Politoed|Politoed, M|100/100
|-weather|RainDance|[from] ability: Drizzle|[of] p1a: Politoed
|move|p2a: Terrakion|Stealth Rock|p1a: Politoed
|-sidestart|p1: hf losing|move: Stealth Rock
|
|-weather|RainDance|[upkeep]
|upkeep
|turn|5
|
|move|p2a: Terrakion|Swords Dance|p2a: Terrakion
|-boost|p2a: Terrakion|atk|2
|move|p1a: Politoed|Scald|p2a: Terrakion
|-supereffective|p2a: Terrakion
|-damage|p2a: Terrakion|15/100
|-status|p2a: Terrakion|brn
|
|-weather|RainDance|[upkeep]
|-damage|p2a: Terrakion|3/100 brn|[from] brn
|upkeep
|turn|6
|j| Maxouille ㋛
|
|move|p1a: Politoed|Protect|p1a: Politoed
|-singleturn|p1a: Politoed|Protect
|move|p2a: Terrakion|Close Combat|p1a: Politoed
|-activate|p1a: Politoed|move: Protect
|
|-weather|RainDance|[upkeep]
|-damage|p2a: Terrakion|0 fnt|[from] brn
|faint|p2a: Terrakion
|upkeep
|
|switch|p2a: Tornadus|Tornadus, M|100/100
|turn|7
|c|☆hf losing|huh
|
|move|p2a: Tornadus|Hurricane|p1a: Politoed
|-damage|p1a: Politoed|37/100
|-start|p1a: Politoed|confusion
|-activate|p1a: Politoed|confusion
|-damage|p1a: Politoed|33/100|[from] confusion
|
|-weather|RainDance|[upkeep]
|-heal|p1a: Politoed|39/100|[from] item: Leftovers
|upkeep
|turn|8
|j| gilftl208
|
|-activate|p1a: Politoed|confusion
|move|p1a: Politoed|Protect|p1a: Politoed
|-singleturn|p1a: Politoed|Protect
|move|p2a: Tornadus|Hurricane|p1a: Politoed
|-activate|p1a: Politoed|move: Protect
|
|-weather|RainDance|[upkeep]
|-heal|p1a: Politoed|45/100|[from] item: Leftovers
|upkeep
|turn|9
|
|move|p2a: Tornadus|Hurricane|p1a: Politoed
|-damage|p1a: Politoed|0 fnt
|faint|p1a: Politoed
|
|-weather|RainDance|[upkeep]
|upkeep
|
|switch|p1a: Latios|Latios, M|100/100
|-damage|p1a: Latios|88/100|[from] Stealth Rock
|turn|10
|
|switch|p2a: Jirachi|Jirachi|100/100
|move|p1a: Latios|Thunder|p2a: Jirachi
|-damage|p2a: Jirachi|58/100
|-status|p2a: Jirachi|par
|
|-weather|RainDance|[upkeep]
|upkeep
|turn|11
|
|switch|p1a: Ferrothorn|Ferrothorn, F|38/100
|-damage|p1a: Ferrothorn|31/100|[from] Stealth Rock
|move|p2a: Jirachi|U-turn|p1a: Ferrothorn
|-damage|p1a: Ferrothorn|17/100
|-damage|p2a: Jirachi|46/100 par|[from] ability: Iron Barbs|[of] p1a: Ferrothorn
|
|switch|p2a: Tornadus|Tornadus, M|100/100|[from]move: U-turn
|
|-weather|RainDance|[upkeep]
|-heal|p1a: Ferrothorn|23/100|[from] item: Leftovers
|upkeep
|turn|12
|j| t04ster
|
|move|p2a: Tornadus|Hurricane|p1a: Ferrothorn
|-damage|p1a: Ferrothorn|0 fnt
|faint|p1a: Ferrothorn
|
|-weather|RainDance|[upkeep]
|upkeep
|
|switch|p1a: Thundurus|Thundurus-Therian, M|100/100
|-damage|p1a: Thundurus|76/100|[from] Stealth Rock
|turn|13
|
|move|p2a: Tornadus|Hurricane|p1a: Thundurus
|-resisted|p1a: Thundurus
|-damage|p1a: Thundurus|27/100
|-start|p1a: Thundurus|confusion
|-activate|p1a: Thundurus|confusion
|move|p1a: Thundurus|Thunder|p2a: Tornadus
|-supereffective|p2a: Tornadus
|-damage|p2a: Tornadus|0 fnt
|faint|p2a: Tornadus
|
|-weather|RainDance|[upkeep]
|-heal|p1a: Thundurus|33/100|[from] item: Leftovers
|upkeep
|
|switch|p2a: Starmie|Starmie|100/100
|turn|14
|
|move|p2a: Starmie|Ice Beam|p1a: Thundurus
|-supereffective|p1a: Thundurus
|-damage|p1a: Thundurus|0 fnt
|-damage|p2a: Starmie|91/100|[from] item: Life Orb
|faint|p1a: Thundurus
|
|-weather|RainDance|[upkeep]
|upkeep
|
|switch|p1a: Latios|Latios, M|88/100
|-damage|p1a: Latios|76/100|[from] Stealth Rock
|turn|15
|
|move|p1a: Latios|Thunder|p2a: Starmie
|-supereffective|p2a: Starmie
|-crit|p2a: Starmie
|-damage|p2a: Starmie|0 fnt
|faint|p2a: Starmie
|
|-weather|RainDance|[upkeep]
|upkeep
|
|switch|p2a: Jirachi|Jirachi|46/100 par
|turn|16
|c|☆hf losing|was torn scarf?
|c|☆Wally♪♫|Nah
|j| Ayouko
|c|☆Wally♪♫|sharp beak
|c|☆Wally♪♫|gg
|c|☆hf losing|interesting
|
|switch|p1a: Scizor|Scizor, M|100/100
|-damage|p1a: Scizor|88/100|[from] Stealth Rock
|cant|p2a: Jirachi|par
|
|-weather|RainDance|[upkeep]
|upkeep
|turn|17
|
|move|p1a: Scizor|U-turn|p2a: Jirachi
|-damage|p2a: Jirachi|0 fnt
|faint|p2a: Jirachi
|
|switch|p1a: Latios|Latios, M|76/100|[from]move: U-turn
|-damage|p1a: Latios|64/100|[from] Stealth Rock
|
|-weather|RainDance|[upkeep]
|upkeep
|c|☆hf losing|gg
|
|switch|p2a: Politoed|Politoed, F|100/100
|turn|18
|
|move|p1a: Latios|Thunder|p2a: Politoed
|-supereffective|p2a: Politoed
|-crit|p2a: Politoed
|-damage|p2a: Politoed|0 fnt
|faint|p2a: Politoed
|
|win|hf losing
|l|☆Wally♪♫
|l| elev4te
|l| Ayouko
|l| Maxouille ㋛
|l| elednb
|l|@Marshmallon
|raw|hf losing's rating: 1569 &rarr; <strong>1589</strong><br />(+20 for winning)
|raw|Wally♪♫'s rating: 1568 &rarr; <strong>1548</strong><br />(-20 for losing)
