|j|☆Lucy_D
|j|☆Natasha Grieves
|t:|1709284828
|gametype|singles
|player|p1|Lucy_D|cynthia-gen4|1387
|player|p2|Natasha Grieves|phoebe-gen3|1479
|teamsize|p1|6
|teamsize|p2|6
|gen|5
|tier|[Gen 5] OU
|rated|
|rule|Species Clause: Limit one of each Pokémon
|rule|OHKO Clause: OHKO moves are banned
|rule|Moody Clause: Moody is banned
|rule|Evasion Items Clause: Evasion items are banned
|rule|Evasion Moves Clause: Evasion moves are banned
|rule|Endless Battle Clause: Forcing endless battles is banned
|rule|HP Percentage Mod: HP is shown in percentages
|rule|Evasion Abilities Clause: Evasion abilities are banned
|rule|Sleep Moves Clause: Sleep-inducing moves are banned
|rule|Swagger Clause: Swagger is banned
|rule|Baton Pass Stat Clause: No Baton Passer may have a way to boost its stats
|clearpoke
|poke|p1|Politoed, M|item
|poke|p1|Dragonite, M|item
|poke|p1|Ferrothorn, M|item
|poke|p1|Jirachi|item
|poke|p1|Blastoise, M|item
|poke|p1|Keldeo-Resolute|item
|poke|p2|Tyranitar, F|item
|poke|p2|Mamoswine, M|item
|poke|p2|Keldeo|item
|poke|p2|Amoonguss, M|item
|poke|p2|Gliscor, M|item
|poke|p2|Excadrill, F|item
|teampreview
|
|t:|1709284841
|start
|switch|p1a: Keldeo|Keldeo-Resolute|100/100
|switch|p2a: Gliscor|Gliscor, M|100/100
|turn|1
|j| nikedykey
|
|t:|1709284859
|move|p2a: Gliscor|Protect|p2a: Gliscor
|-singleturn|p2a: Gliscor|Protect
|move|p1a: Keldeo|Icy Wind|p2a: Gliscor
|-activate|p2a: Gliscor|move: Protect
|
|-status|p2a: Gliscor|tox|[from] item: Toxic Orb
|upkeep
|turn|2
|
|t:|1709284884
|switch|p1a: Politoed|Politoed, M, shiny|100/100
|-weather|RainDance|[from] ability: Drizzle|[of] p1a: Politoed
|switch|p2a: Keldeo|Keldeo|100/100
|
|-weather|RainDance|[upkeep]
|upkeep
|turn|3
|c| nikedykey|keldy's a cute little demon horse
|
|t:|1709284912
|switch|p2a: Amoonguss|Amoonguss, M|100/100
|move|p1a: Politoed|Scald|p2a: Amoonguss
|-resisted|p2a: Amoonguss
|-damage|p2a: Amoonguss|87/100
|-status|p2a: Amoonguss|brn
|
|-weather|RainDance|[upkeep]
|-heal|p2a: Amoonguss|93/100 brn|[from] item: Black Sludge
|-damage|p2a: Amoonguss|81/100 brn|[from] brn
|upkeep
|turn|4
|
|t:|1709284934
|switch|p2a: Tyranitar|Tyranitar, F|100/100
|-weather|Sandstorm|[from] ability: Sand Stream|[of] p2a: Tyranitar
|move|p1a: Politoed|Psychic|p2a: Tyranitar
|-immune|p2a: Tyranitar
|
|-weather|Sandstorm|[upkeep]
|-damage|p1a: Politoed|94/100|[from] Sandstorm
|-heal|p1a: Politoed|100/100|[from] item: Leftovers
|upkeep
|turn|5
|
|t:|1709284946
|switch|p2a: Amoonguss|Amoonguss, M|100/100 brn
|move|p1a: Politoed|Scald|p2a: Amoonguss
|-resisted|p2a: Amoonguss
|-damage|p2a: Amoonguss|92/100 brn
|
|-weather|Sandstorm|[upkeep]
|-damage|p1a: Politoed|94/100|[from] Sandstorm
|-damage|p2a: Amoonguss|86/100 brn|[from] Sandstorm
|-heal|p1a: Politoed|100/100|[from] item: Leftovers
|-heal|p2a: Amoonguss|92/100 brn|[from] item: Black Sludge
|-damage|p2a: Amoonguss|80/100 brn|[from] brn
|upkeep
|turn|6
|c| nikedykey|idk why but it feels like scald is the same as a sacred fire sometimes
|
|t:|1709284963
|move|p1a: Politoed|Scald|p2a: Amoonguss
|-resisted|p2a: Amoonguss
|-damage|p2a: Amoonguss|70/100 brn
|move|p2a: Amoonguss|Giga Drain|p1a: Politoed
|-supereffective|p1a: Politoed
|-damage|p1a: Politoed|61/100
|-heal|p2a: Amoonguss|88/100 brn|[from] drain|[of] p1a: Politoed
|
|-weather|Sandstorm|[upkeep]
|-damage|p1a: Politoed|55/100|[from] Sandstorm
|-damage|p2a: Amoonguss|82/100 brn|[from] Sandstorm
|-heal|p1a: Politoed|61/100|[from] item: Leftovers
|-heal|p2a: Amoonguss|88/100 brn|[from] item: Black Sludge
|-damage|p2a: Amoonguss|76/100 brn|[from] brn
|upkeep
|turn|7
|c| nikedykey|never not burns
|
|t:|1709285008
|switch|p1a: Ferrothorn|Ferrothorn, M, shiny|100/100
|move|p2a: Amoonguss|Giga Drain|p1a: Ferrothorn
|-resisted|p1a: Ferrothorn
|-damage|p1a: Ferrothorn|97/100
|-heal|p2a: Amoonguss|77/100 brn|[from] drain|[of] p1a: Ferrothorn
|
|-weather|Sandstorm|[upkeep]
|-damage|p2a: Amoonguss|71/100 brn|[from] Sandstorm
|-heal|p2a: Amoonguss|77/100 brn|[from] item: Black Sludge
|-damage|p2a: Amoonguss|65/100 brn|[from] brn
|upkeep
|turn|8
|
|t:|1709285020
|move|p2a: Amoonguss|Hidden Power|p1a: Ferrothorn
|-supereffective|p1a: Ferrothorn
|-damage|p1a: Ferrothorn|53/100
|move|p1a: Ferrothorn|Leech Seed|p2a: Amoonguss
|-immune|p2a: Amoonguss
|
|-weather|Sandstorm|[upkeep]
|-damage|p2a: Amoonguss|59/100 brn|[from] Sandstorm
|-heal|p2a: Amoonguss|65/100 brn|[from] item: Black Sludge
|-damage|p2a: Amoonguss|52/100 brn|[from] brn
|upkeep
|turn|9
|c| nikedykey|LUCY
|c| nikedykey|with the throw
|
|t:|1709285067
|switch|p2a: Excadrill|Excadrill, F|100/100
|move|p1a: Ferrothorn|Knock Off|p2a: Excadrill
|-resisted|p2a: Excadrill
|-damage|p2a: Excadrill|98/100
|-enditem|p2a: Excadrill|Leftovers|[from] move: Knock Off|[of] p1a: Ferrothorn
|
|-weather|Sandstorm|[upkeep]
|upkeep
|turn|10
|
|t:|1709285076
|move|p2a: Excadrill|Earthquake|p1a: Ferrothorn
|-damage|p1a: Ferrothorn|12/100
|move|p1a: Ferrothorn|Leech Seed|p2a: Excadrill
|-start|p2a: Excadrill|move: Leech Seed
|
|-weather|Sandstorm|[upkeep]
|-damage|p2a: Excadrill|85/100|[from] Leech Seed|[of] p1a: Ferrothorn
|-heal|p1a: Ferrothorn|26/100|[silent]
|upkeep
|turn|11
|
|t:|1709285088
|switch|p1a: Dragonite|Dragonite, M, shiny|100/100
|move|p2a: Excadrill|Earthquake|p1a: Dragonite
|-immune|p1a: Dragonite
|
|-weather|Sandstorm|[upkeep]
|-damage|p1a: Dragonite|94/100|[from] Sandstorm
|-damage|p2a: Excadrill|73/100|[from] Leech Seed|[of] p1a: Dragonite
|-heal|p1a: Dragonite|100/100|[silent]
|upkeep
|turn|12
|c| nikedykey|protect+spikes for last?
|
|t:|1709285107
|switch|p2a: Mamoswine|Mamoswine, M|100/100
|move|p1a: Dragonite|Surf|p2a: Mamoswine
|-supereffective|p2a: Mamoswine
|-damage|p2a: Mamoswine|6/100
|
|-weather|Sandstorm|[upkeep]
|-damage|p1a: Dragonite|94/100|[from] Sandstorm
|upkeep
|turn|13
|
|t:|1709285117
|move|p2a: Mamoswine|Ice Shard|p1a: Dragonite
|-supereffective|p1a: Dragonite
|-damage|p1a: Dragonite|0 fnt
|faint|p1a: Dragonite
|
|-weather|Sandstorm|[upkeep]
|upkeep
|c|☆Natasha Grieves|click 2 win
|
|t:|1709285124
|switch|p1a: Politoed|Politoed, M, shiny|61/100
|-weather|RainDance|[from] ability: Drizzle|[of] p1a: Politoed
|turn|14
|
|t:|1709285134
|switch|p2a: Amoonguss|Amoonguss, M|86/100 brn
|switch|p1a: Keldeo|Keldeo-Resolute|100/100
|
|-weather|RainDance|[upkeep]
|-heal|p2a: Amoonguss|92/100 brn|[from] item: Black Sludge
|-damage|p2a: Amoonguss|80/100 brn|[from] brn
|upkeep
|turn|15
|c| nikedykey|imagine not e-speeding a mamo
|
|t:|1709285172
|move|p1a: Keldeo|Hydro Pump|p2a: Amoonguss
|-resisted|p2a: Amoonguss
|-damage|p2a: Amoonguss|31/100 brn
|move|p2a: Amoonguss|Giga Drain|p1a: Keldeo
|-supereffective|p1a: Keldeo
|-damage|p1a: Keldeo|52/100
|-heal|p2a: Amoonguss|50/100 brn|[from] drain|[of] p1a: Keldeo
|
|-weather|RainDance|[upkeep]
|-heal|p2a: Amoonguss|56/100 brn|[from] item: Black Sludge
|-damage|p2a: Amoonguss|43/100 brn|[from] brn
|upkeep
|turn|16
|
|t:|1709285184
|switch|p2a: Mamoswine|Mamoswine, M|6/100
|move|p1a: Keldeo|Hydro Pump|p2a: Mamoswine
|-supereffective|p2a: Mamoswine
|-damage|p2a: Mamoswine|0 fnt
|faint|p2a: Mamoswine
|
|-weather|RainDance|[upkeep]
|upkeep
|c|☆Natasha Grieves|this team suits abr's methodical playstyle
|c| nikedykey|what's the toise for
|
|t:|1709285232
|switch|p2a: Keldeo|Keldeo|100/100
|turn|17
|
|t:|1709285237
|move|p1a: Keldeo|Hydro Pump|p2a: Keldeo|[miss]
|-miss|p1a: Keldeo|p2a: Keldeo
|move|p2a: Keldeo|Secret Sword|p1a: Keldeo
|-damage|p1a: Keldeo|4/100
|
|-weather|RainDance|[upkeep]
|upkeep
|turn|18
|
|t:|1709285248
|move|p2a: Keldeo|Secret Sword|p1a: Keldeo
|-damage|p1a: Keldeo|0 fnt
|faint|p1a: Keldeo
|
|-weather|RainDance|[upkeep]
|upkeep
|
|t:|1709285262
|switch|p1a: Jirachi|Jirachi|100/100
|turn|19
|
|t:|1709285273
|move|p2a: Keldeo|Scald|p1a: Jirachi
|-damage|p1a: Jirachi|35/100
|move|p1a: Jirachi|Calm Mind|p1a: Jirachi
|-boost|p1a: Jirachi|spa|1
|-boost|p1a: Jirachi|spd|1
|
|-weather|RainDance|[upkeep]
|-heal|p1a: Jirachi|41/100|[from] item: Leftovers
|upkeep
|turn|20
|
|t:|1709285282
|move|p2a: Keldeo|Scald|p1a: Jirachi
|-damage|p1a: Jirachi|0 fnt
|faint|p1a: Jirachi
|
|-weather|RainDance|[upkeep]
|upkeep
|c| nikedykey|this is why we don't play hydro pump
|-message|Lucy_D forfeited.
|
|win|Natasha Grieves
|raw|Lucy_D's rating: 1387 &rarr; <strong>1372</strong><br />(-15 for losing)
|raw|Natasha Grieves's rating: 1479 &rarr; <strong>1494</strong><br />(+15 for winning)
|l|☆Lucy_D
|player|p1|
|l|☆Natasha Grieves
|player|p2|
|c| nikedykey|i wanted to know what the toise doin
