|j|☆minutemaid13
|j|☆testbwou
|t:|1707812145
|gametype|singles
|player|p1|minutemaid13|170|1319
|player|p2|testbwou|265|1424
|teamsize|p1|6
|teamsize|p2|6
|gen|5
|tier|[Gen 5] OU
|rated|
|rule|Species Clause: Limit one of each Pokémon
|rule|OHKO Clause: OHKO moves are banned
|rule|Moody Clause: Moody is banned
|rule|Evasion Items Clause: Evasion items are banned
|rule|Evasion Moves Clause: Evasion moves are banned
|rule|Endless Battle Clause: Forcing endless battles is banned
|rule|HP Percentage Mod: HP is shown in percentages
|rule|Evasion Abilities Clause: Evasion abilities are banned
|rule|Sleep Moves Clause: Sleep-inducing moves are banned
|rule|Swagger Clause: Swagger is banned
|rule|Baton Pass Stat Clause: No Baton Passer may have a way to boost its stats
|clearpoke
|poke|p1|Azelf|item
|poke|p1|Volcarona, F|item
|poke|p1|Jirachi|item
|poke|p1|Breloom, M|item
|poke|p1|Latios, M|item
|poke|p1|Cloyster, M|item
|poke|p2|Riolu, M|item
|poke|p2|Forretress, F|item
|poke|p2|Shedinja|item
|poke|p2|Politoed, M|item
|poke|p2|Gengar, M|item
|poke|p2|Starmie|item
|teampreview
|
|t:|1707812161
|start
|switch|p1a: Azelf|Azelf|100/100
|switch|p2a: Forretress|Forretress, F|100/100
|turn|1
|
|t:|1707812168
|move|p1a: Azelf|Taunt|p2a: Forretress
|-start|p2a: Forretress|move: Taunt
|cant|p2a: Forretress|move: Taunt|Stealth Rock
|
|upkeep
|turn|2
|
|t:|1707812172
|move|p1a: Azelf|Stealth Rock|p2a: Forretress
|-sidestart|p2: testbwou|move: Stealth Rock
|move|p2a: Forretress|Rapid Spin|p1a: Azelf
|-damage|p1a: Azelf|95/100
|-sideend|p2: testbwou|Stealth Rock|[from] move: Rapid Spin|[of] p2a: Forretress
|
|upkeep
|turn|3
|
|t:|1707812176
|move|p1a: Azelf|Psychic|p2a: Forretress
|-resisted|p2a: Forretress
|-crit|p2a: Forretress
|-damage|p2a: Forretress|30/100
|move|p2a: Forretress|Rapid Spin|p1a: Azelf
|-damage|p1a: Azelf|90/100
|
|-end|p2a: Forretress|move: Taunt
|upkeep
|turn|4
|
|t:|1707812181
|switch|p2a: Shedinja|Shedinja|100/100
|move|p1a: Azelf|Taunt|p2a: Shedinja
|-start|p2a: Shedinja|move: Taunt
|
|upkeep
|turn|5
|
|t:|1707812191
|switch|p1a: Cloyster|Cloyster, M|100/100
|move|p2a: Shedinja|X-Scissor|p1a: Cloyster
|-damage|p1a: Cloyster|72/100
|
|upkeep
|turn|6
|
|t:|1707812203
|move|p1a: Cloyster|Shell Smash|p1a: Cloyster
|-unboost|p1a: Cloyster|def|1
|-unboost|p1a: Cloyster|spd|1
|-boost|p1a: Cloyster|atk|2
|-boost|p1a: Cloyster|spa|2
|-boost|p1a: Cloyster|spe|2
|-enditem|p1a: Cloyster|White Herb
|-clearnegativeboost|p1a: Cloyster|[silent]
|move|p2a: Shedinja|X-Scissor|p1a: Cloyster
|-damage|p1a: Cloyster|46/100
|
|-end|p2a: Shedinja|move: Taunt
|upkeep
|turn|7
|
|t:|1707812207
|move|p2a: Shedinja|Sucker Punch|p1a: Cloyster
|-damage|p1a: Cloyster|27/100
|move|p1a: Cloyster|Rock Blast|p2a: Shedinja|[miss]
|-miss|p1a: Cloyster|p2a: Shedinja
|
|upkeep
|turn|8
|
|t:|1707812212
|move|p2a: Shedinja|Shadow Sneak|p1a: Cloyster
|-damage|p1a: Cloyster|13/100
|move|p1a: Cloyster|Rock Blast|p2a: Shedinja
|-supereffective|p2a: Shedinja
|-enditem|p2a: Shedinja|Focus Sash
|-damage|p2a: Shedinja|100/100
|-supereffective|p2a: Shedinja
|-damage|p2a: Shedinja|0 fnt
|faint|p2a: Shedinja
|-hitcount|p2: Shedinja|2
|
|upkeep
|
|t:|1707812218
|switch|p2a: Riolu|Riolu, M|100/100
|turn|9
|
|t:|1707812220
|move|p2a: Riolu|Copycat|p2a: Riolu
|move|p2a: Riolu|Rock Blast|p1a: Cloyster|[from]move: Copycat
|-supereffective|p1a: Cloyster
|-damage|p1a: Cloyster|1/100
|-supereffective|p1a: Cloyster
|-damage|p1a: Cloyster|0 fnt
|faint|p1a: Cloyster
|-hitcount|p1: Cloyster|2
|
|upkeep
|
|t:|1707812224
|switch|p1a: Breloom|Breloom, M|100/100
|turn|10
|
|t:|1707812228
|switch|p2a: Gengar|Gengar, M|100/100
|move|p1a: Breloom|Bullet Seed|p2a: Gengar
|-resisted|p2a: Gengar
|-damage|p2a: Gengar|71/100
|-resisted|p2a: Gengar
|-damage|p2a: Gengar|45/100
|-resisted|p2a: Gengar
|-damage|p2a: Gengar|20/100
|-resisted|p2a: Gengar
|-damage|p2a: Gengar|0 fnt
|faint|p2a: Gengar
|-hitcount|p2: Gengar|4
|-damage|p1a: Breloom|91/100|[from] item: Life Orb
|
|upkeep
|
|t:|1707812237
|switch|p2a: Forretress|Forretress, F|30/100
|turn|11
|
|t:|1707812241
|move|p1a: Breloom|Low Sweep|p2a: Forretress
|-damage|p2a: Forretress|0 fnt
|faint|p2a: Forretress
|-damage|p1a: Breloom|81/100|[from] item: Life Orb
|
|upkeep
|
|t:|1707812245
|switch|p2a: Starmie|Starmie|100/100
|turn|12
|
|t:|1707812255
|switch|p1a: Jirachi|Jirachi|100/100
|move|p2a: Starmie|Ice Beam|p1a: Jirachi
|-resisted|p1a: Jirachi
|-damage|p1a: Jirachi|84/100
|-damage|p2a: Starmie|91/100|[from] item: Life Orb
|
|upkeep
|turn|13
|
|t:|1707812260
|switch|p2a: Riolu|Riolu, M|100/100
|move|p1a: Jirachi|U-turn|p2a: Riolu
|-resisted|p2a: Riolu
|-damage|p2a: Riolu|71/100
|
|t:|1707812263
|switch|p1a: Breloom|Breloom, M|81/100|[from] U-turn
|
|upkeep
|turn|14
|
|t:|1707812283
|move|p1a: Breloom|Mach Punch|p2a: Riolu
|-damage|p2a: Riolu|0 fnt
|faint|p2a: Riolu
|-damage|p1a: Breloom|71/100|[from] item: Life Orb
|
|upkeep
|
|t:|1707812289
|switch|p2a: Politoed|Politoed, M|100/100
|-weather|RainDance|[from] ability: Drizzle|[of] p2a: Politoed
|turn|15
|
|t:|1707812291
|move|p2a: Politoed|Ice Beam|p1a: Breloom
|-supereffective|p1a: Breloom
|-damage|p1a: Breloom|0 fnt
|faint|p1a: Breloom
|
|-weather|RainDance|[upkeep]
|upkeep
|
|t:|1707812311
|switch|p1a: Volcarona|Volcarona, F|100/100
|turn|16
|
|t:|1707812314
|switch|p2a: Starmie|Starmie|91/100
|move|p1a: Volcarona|Quiver Dance|p1a: Volcarona
|-boost|p1a: Volcarona|spa|1
|-boost|p1a: Volcarona|spd|1
|-boost|p1a: Volcarona|spe|1
|
|-weather|RainDance|[upkeep]
|upkeep
|turn|17
|
|t:|1707812317
|move|p1a: Volcarona|Bug Buzz|p2a: Starmie
|-supereffective|p2a: Starmie
|-damage|p2a: Starmie|0 fnt
|faint|p2a: Starmie
|
|-weather|RainDance|[upkeep]
|upkeep
|
|t:|1707812319
|switch|p2a: Politoed|Politoed, M|100/100
|turn|18
|c|☆testbwou|gg
|
|t:|1707812322
|move|p1a: Volcarona|Giga Drain|p2a: Politoed
|-supereffective|p2a: Politoed
|-damage|p2a: Politoed|10/100
|move|p2a: Politoed|Surf|p1a: Volcarona
|-supereffective|p1a: Volcarona
|-damage|p1a: Volcarona|22/100
|
|-weather|RainDance|[upkeep]
|-heal|p1a: Volcarona|28/100|[from] item: Leftovers
|upkeep
|turn|19
|
|t:|1707812324
|move|p1a: Volcarona|Giga Drain|p2a: Politoed
|-supereffective|p2a: Politoed
|-damage|p2a: Politoed|0 fnt
|-heal|p1a: Volcarona|33/100|[from] drain|[of] p2a: Politoed
|faint|p2a: Politoed
|
|win|minutemaid13
|raw|minutemaid13's rating: 1319 &rarr; <strong>1345</strong><br />(+26 for winning)
|raw|testbwou's rating: 1424 &rarr; <strong>1398</strong><br />(-26 for losing)
|l|☆testbwou
|player|p2|
