|join|Tesung
|join|Dwarf Salticid
|player|p1|Tesung|265
|player|p2|Dwarf Salticid|209
|gametype|singles
|gen|5
|tier|[Gen 5] OU
|rated
|rule|Evasion Abilities Clause: Evasion abilities are banned
|clearpoke
|poke|p1|Politoed, F
|poke|p1|Starmie
|poke|p1|Ferrothorn, F
|poke|p1|Garchomp, M
|poke|p1|Jirachi
|poke|p1|Latios, M
|poke|p2|Ninetales, M
|poke|p2|Lilligant, F
|poke|p2|Starmie
|poke|p2|Heatran, M
|poke|p2|Salamence, M
|poke|p2|Landorus-Therian, M, shiny
|rule|Sleep Clause Mod: Limit one foe put to sleep
|rule|Species Clause: Limit one of each Pokemon
|rule|OHKO Clause: OHKO moves are banned
|rule|Moody Clause: Moody is banned
|rule|Evasion Moves Clause: Evasion moves are banned
|rule|Endless Battle Clause: Forcing endless battles is banned.
|rule|HP Percentage Mod: HP is reported as percentages
|teampreview
|
|start
|switch|p1a: Politoed|Politoed, F|342/342
|switch|p2a: Arjun|Landorus-Therian, M, shiny|319/319
|-ability|p2a: Arjun|Intimidate|[of] p1a: Politoed
|-unboost|p1a: Politoed|atk|1
|-weather|RainDance|[from] ability: Drizzle|[of] p1a: Politoed
|turn|1
|
|move|p2a: Arjun|U-turn|p1a: Politoed
|-damage|p1a: Politoed|220/342
|
|switch|p2a: Sekot|Lilligant, F|281/281
|move|p1a: Politoed|Hydro Pump|p2a: Sekot
|-resisted|p2a: Sekot
|-damage|p2a: Sekot|29/281
|
|-weather|RainDance|[upkeep]
|turn|2
|
|switch|p1a: Jirachi|Jirachi|404/404
|move|p2a: Sekot|Sleep Powder|p1a: Jirachi
|-status|p1a: Jirachi|slp
|
|-weather|RainDance|[upkeep]
|turn|3
|
|switch|p1a: Ferrothorn|Ferrothorn, F|352/352
|switch|p2a: Gecinse|Ninetales, M|309/309
|-weather|SunnyDay|[from] ability: Drought|[of] p2a: Gecinse
|
|-weather|SunnyDay|[upkeep]
|turn|4
|
|move|p1a: Ferrothorn|Protect|p1a: Ferrothorn
|-singleturn|p1a: Ferrothorn|Protect
|move|p2a: Gecinse|Will-O-Wisp|p1a: Ferrothorn
|-activate|p1a: Ferrothorn|Protect
|
|-weather|SunnyDay|[upkeep]
|turn|5
|
|switch|p1a: Politoed|Politoed, F|220/342
|-weather|RainDance|[from] ability: Drizzle|[of] p1a: Politoed
|move|p2a: Gecinse|Will-O-Wisp|p1a: Politoed
|-status|p1a: Politoed|brn
|
|-weather|RainDance|[upkeep]
|-damage|p1a: Politoed|178/342 brn|[from] brn
|turn|6
|
|switch|p2a: Sekot|Lilligant, F|29/281
|move|p1a: Politoed|Hydro Pump|p2a: Sekot
|-resisted|p2a: Sekot
|-damage|p2a: Sekot|0 fnt
|faint|p2a: Sekot
|
|-weather|RainDance|[upkeep]
|-damage|p1a: Politoed|136/342 brn|[from] brn
|
|switch|p2a: Adegan|Starmie|261/261
|turn|7
|
|switch|p1a: Ferrothorn|Ferrothorn, F|352/352
|move|p2a: Adegan|Thunderbolt|p1a: Ferrothorn
|-resisted|p1a: Ferrothorn
|-damage|p1a: Ferrothorn|300/352
|-damage|p2a: Adegan|235/261|[from] item: Life Orb
|
|-weather|RainDance|[upkeep]
|-heal|p1a: Ferrothorn|322/352|[from] item: Leftovers
|turn|8
|
|switch|p2a: Gecinse|Ninetales, M|309/309
|-weather|SunnyDay|[from] ability: Drought|[of] p2a: Gecinse
|move|p1a: Ferrothorn|Stealth Rock|p2a: Gecinse
|-sidestart|p2: Dwarf Salticid|move: Stealth Rock
|
|-weather|SunnyDay|[upkeep]
|-heal|p1a: Ferrothorn|344/352|[from] item: Leftovers
|turn|9
|
|move|p2a: Gecinse|Sunny Day|p2a: Gecinse
|-fail|p2a: Gecinse
|move|p1a: Ferrothorn|Leech Seed|p2a: Gecinse
|-start|p2a: Gecinse|move: Leech Seed
|
|-weather|SunnyDay|[upkeep]
|-heal|p1a: Ferrothorn|352/352|[from] item: Leftovers
|-damage|p2a: Gecinse|271/309|[from] Leech Seed|[of] p1a: Ferrothorn
|turn|10
|
|switch|p2a: Krayt|Salamence, M|331/331
|-damage|p2a: Krayt|249/331|[from] Stealth Rock
|switch|p1a: Latios|Latios, M|302/302
|
|-weather|SunnyDay|[upkeep]
|turn|11
|
|switch|p1a: Ferrothorn|Ferrothorn, F|352/352
|switch|p2a: Mustafar|Heatran, M|323/323
|-damage|p2a: Mustafar|283/323|[from] Stealth Rock
|-item|p2a: Mustafar|Air Balloon
|
|-weather|SunnyDay|[upkeep]
|turn|12
|
|switch|p1a: Starmie|Starmie|261/261
|move|p2a: Mustafar|Stealth Rock|p1a: Starmie
|-sidestart|p1: Tesung|move: Stealth Rock
|
|-weather|SunnyDay|[upkeep]
|turn|13
|
|switch|p2a: Arjun|Landorus-Therian, M, shiny|319/319
|-damage|p2a: Arjun|280/319|[from] Stealth Rock
|-ability|p2a: Arjun|Intimidate|[of] p1a: Starmie
|-unboost|p1a: Starmie|atk|1
|move|p1a: Starmie|Hydro Pump|p2a: Arjun|[miss]
|-miss|p1a: Starmie|p2a: Arjun
|
|-weather|SunnyDay|[upkeep]
|turn|14
|chat|Tesung|:/
|
|switch|p1a: Ferrothorn|Ferrothorn, F|352/352
|-damage|p1a: Ferrothorn|330/352|[from] Stealth Rock
|move|p2a: Arjun|U-turn|p1a: Ferrothorn
|-damage|p1a: Ferrothorn|263/352
|-damage|p2a: Arjun|241/319|[from] ability: Iron Barbs|[of] p1a: Ferrothorn
|chat|Dwarf Salticid|Happens with my Fire Blasts a lot too lately.
|
|switch|p2a: Mustafar|Heatran, M|283/323
|-damage|p2a: Mustafar|243/323|[from] Stealth Rock
|-item|p2a: Mustafar|Air Balloon
|
|-weather|SunnyDay|[upkeep]
|-heal|p1a: Ferrothorn|285/352|[from] item: Leftovers
|turn|15
|
|switch|p1a: Latios|Latios, M|302/302
|-damage|p1a: Latios|265/302|[from] Stealth Rock
|move|p2a: Mustafar|Fire Blast|p1a: Latios
|-resisted|p1a: Latios
|-damage|p1a: Latios|112/302
|
|-weather|SunnyDay|[upkeep]
|turn|16
|
|move|p1a: Latios|Draco Meteor|p2a: Mustafar
|-crit|p2a: Mustafar
|-resisted|p2a: Mustafar
|-damage|p2a: Mustafar|0 fnt
|-enditem|p2a: Mustafar|Air Balloon
|-unboost|p1a: Latios|spa|2
|faint|p2a: Mustafar
|
|-weather|SunnyDay|[upkeep]
|chat|Tesung|Sry
|chat|Dwarf Salticid|Eh, it's fine.
|
|switch|p2a: Adegan|Starmie|235/261
|-damage|p2a: Adegan|203/261|[from] Stealth Rock
|turn|17
|
|switch|p1a: Ferrothorn|Ferrothorn, F|285/352
|-damage|p1a: Ferrothorn|263/352|[from] Stealth Rock
|move|p2a: Adegan|Rapid Spin|p1a: Ferrothorn
|-resisted|p1a: Ferrothorn
|-damage|p1a: Ferrothorn|257/352
|-damage|p2a: Adegan|171/261|[from] ability: Iron Barbs|[of] p1a: Ferrothorn
|-sideend|p2: Dwarf Salticid|Stealth Rock|[from] move: Rapid Spin|[of] p2a: Adegan
|-damage|p2a: Adegan|145/261|[from] item: Life Orb
|
|-weather|SunnyDay|[upkeep]
|-heal|p1a: Ferrothorn|279/352|[from] item: Leftovers
|turn|18
|
|switch|p2a: Krayt|Salamence, M|249/331
|move|p1a: Ferrothorn|Stealth Rock|p2a: Krayt
|-sidestart|p2: Dwarf Salticid|move: Stealth Rock
|
|-weather|SunnyDay|[upkeep]
|-heal|p1a: Ferrothorn|301/352|[from] item: Leftovers
|turn|19
|
|switch|p1a: Latios|Latios, M|112/302
|-damage|p1a: Latios|75/302|[from] Stealth Rock
|move|p2a: Krayt|Dragon Dance|p2a: Krayt
|-boost|p2a: Krayt|atk|1
|-boost|p2a: Krayt|spe|1
|
|-weather|SunnyDay|[upkeep]
|turn|20
|
|move|p2a: Krayt|Outrage|p1a: Latios
|-supereffective|p1a: Latios
|-damage|p1a: Latios|0 fnt
|faint|p1a: Latios
|-boost|p2a: Krayt|atk|1|[from] ability: Moxie
|
|-weather|SunnyDay|[upkeep]
|
|switch|p1a: Ferrothorn|Ferrothorn, F|301/352
|-damage|p1a: Ferrothorn|279/352|[from] Stealth Rock
|turn|21
|
|move|p2a: Krayt|Outrage|p1a: Ferrothorn
|-resisted|p1a: Ferrothorn
|-damage|p1a: Ferrothorn|106/352
|-damage|p2a: Krayt|208/331|[from] ability: Iron Barbs|[of] p1a: Ferrothorn
|move|p1a: Ferrothorn|Leech Seed|p2a: Krayt
|-start|p2a: Krayt|move: Leech Seed
|
|-end|p2a: Krayt|rampage
|-start|p2a: Krayt|confusion
|-weather|SunnyDay|[upkeep]
|-heal|p1a: Ferrothorn|128/352|[from] item: Leftovers
|-damage|p2a: Krayt|167/331|[from] Leech Seed|[of] p1a: Ferrothorn
|-heal|p1a: Ferrothorn|169/352|[silent]
|-enditem|p2a: Krayt|Lum Berry|[eat]
|-end|p2a: Krayt|confusion
|turn|22
|chat|Dwarf Salticid|That's lovely.
|
|move|p1a: Ferrothorn|Protect|p1a: Ferrothorn
|-singleturn|p1a: Ferrothorn|Protect
|move|p2a: Krayt|Fire Blast|p1a: Ferrothorn
|-activate|p1a: Ferrothorn|Protect
|
|-weather|SunnyDay|[upkeep]
|-heal|p1a: Ferrothorn|191/352|[from] item: Leftovers
|-damage|p2a: Krayt|126/331|[from] Leech Seed|[of] p1a: Ferrothorn
|-heal|p1a: Ferrothorn|232/352|[silent]
|turn|23
|
|switch|p1a: Jirachi|Jirachi|404/404 slp
|-damage|p1a: Jirachi|379/404 slp|[from] Stealth Rock
|move|p2a: Krayt|Fire Blast|p1a: Jirachi
|-supereffective|p1a: Jirachi
|-damage|p1a: Jirachi|57/404 slp
|
|-weather|SunnyDay|[upkeep]
|-heal|p1a: Jirachi|82/404 slp|[from] item: Leftovers
|-damage|p2a: Krayt|85/331|[from] Leech Seed|[of] p1a: Jirachi
|-heal|p1a: Jirachi|123/404 slp|[silent]
|turn|24
|
|move|p2a: Krayt|Dragon Dance|p2a: Krayt
|-boost|p2a: Krayt|atk|1
|-boost|p2a: Krayt|spe|1
|cant|p1a: Jirachi|slp
|
|-weather|SunnyDay|[upkeep]
|-heal|p1a: Jirachi|148/404 slp|[from] item: Leftovers
|-damage|p2a: Krayt|44/331|[from] Leech Seed|[of] p1a: Jirachi
|-heal|p1a: Jirachi|189/404 slp|[silent]
|turn|25
|
|move|p2a: Krayt|Earthquake|p1a: Jirachi
|-supereffective|p1a: Jirachi
|-damage|p1a: Jirachi|0 fnt
|faint|p1a: Jirachi
|-boost|p2a: Krayt|atk|1|[from] ability: Moxie
|
|-weather|SunnyDay|[upkeep]
|
|switch|p1a: Ferrothorn|Ferrothorn, F|232/352
|-damage|p1a: Ferrothorn|210/352|[from] Stealth Rock
|turn|26
|
|move|p1a: Ferrothorn|Protect|p1a: Ferrothorn
|-singleturn|p1a: Ferrothorn|Protect
|move|p2a: Krayt|Earthquake|p1a: Ferrothorn
|-activate|p1a: Ferrothorn|Protect
|
|-weather|SunnyDay|[upkeep]
|-heal|p1a: Ferrothorn|232/352|[from] item: Leftovers
|-damage|p2a: Krayt|3/331|[from] Leech Seed|[of] p1a: Ferrothorn
|-heal|p1a: Ferrothorn|273/352|[silent]
|turn|27
|
|switch|p1a: Politoed|Politoed, F|136/342 brn
|-damage|p1a: Politoed|94/342 brn|[from] Stealth Rock
|-weather|RainDance|[from] ability: Drizzle|[of] p1a: Politoed
|move|p2a: Krayt|Earthquake|p1a: Politoed
|-damage|p1a: Politoed|0 fnt
|faint|p1a: Politoed
|-boost|p2a: Krayt|atk|1|[from] ability: Moxie
|
|-weather|RainDance|[upkeep]
|
|switch|p1a: Ferrothorn|Ferrothorn, F|273/352
|-damage|p1a: Ferrothorn|251/352|[from] Stealth Rock
|turn|28
|
|switch|p2a: Gecinse|Ninetales, M|271/309
|-damage|p2a: Gecinse|194/309|[from] Stealth Rock
|-weather|SunnyDay|[from] ability: Drought|[of] p2a: Gecinse
|move|p1a: Ferrothorn|Protect|p1a: Ferrothorn
|-fail|p1a: Ferrothorn
|
|-weather|SunnyDay|[upkeep]
|-heal|p2a: Gecinse|213/309|[from] item: Leftovers
|-heal|p1a: Ferrothorn|273/352|[from] item: Leftovers
|turn|29
|
|switch|p1a: Starmie|Starmie|261/261
|-damage|p1a: Starmie|229/261|[from] Stealth Rock
|move|p2a: Gecinse|Will-O-Wisp|p1a: Starmie
|-status|p1a: Starmie|brn
|
|-weather|SunnyDay|[upkeep]
|-heal|p2a: Gecinse|232/309|[from] item: Leftovers
|-damage|p1a: Starmie|197/261 brn|[from] brn
|turn|30
|
|switch|p2a: Krayt|Salamence, M|3/331
|-damage|p2a: Krayt|0 fnt|[from] Stealth Rock
|faint|p2a: Krayt
|move|p1a: Starmie|Psyshock|p2: Krayt|[notarget]
|-notarget
|
|-weather|SunnyDay|[upkeep]
|-damage|p1a: Starmie|165/261 brn|[from] brn
|
|switch|p2a: Arjun|Landorus-Therian, M, shiny|241/319
|-damage|p2a: Arjun|202/319|[from] Stealth Rock
|-ability|p2a: Arjun|Intimidate|[of] p1a: Starmie
|-unboost|p1a: Starmie|atk|1
|turn|31
|
|switch|p1a: Ferrothorn|Ferrothorn, F|273/352
|-damage|p1a: Ferrothorn|251/352|[from] Stealth Rock
|move|p2a: Arjun|U-turn|p1a: Ferrothorn
|-damage|p1a: Ferrothorn|180/352
|-damage|p2a: Arjun|163/319|[from] ability: Iron Barbs|[of] p1a: Ferrothorn
|
|switch|p2a: Gecinse|Ninetales, M|232/309
|-damage|p2a: Gecinse|155/309|[from] Stealth Rock
|
|-weather|SunnyDay|[upkeep]
|-heal|p2a: Gecinse|174/309|[from] item: Leftovers
|-heal|p1a: Ferrothorn|202/352|[from] item: Leftovers
|turn|32
|
|switch|p1a: Starmie|Starmie|165/261 brn
|-damage|p1a: Starmie|133/261 brn|[from] Stealth Rock
|move|p2a: Gecinse|Fire Blast|p1a: Starmie
|-resisted|p1a: Starmie
|-damage|p1a: Starmie|0 fnt
|faint|p1a: Starmie
|
|-weather|SunnyDay|[upkeep]
|-heal|p2a: Gecinse|193/309|[from] item: Leftovers
|
|switch|p1a: Garchomp|Garchomp, M|358/358
|-damage|p1a: Garchomp|336/358|[from] Stealth Rock
|turn|33
|
|switch|p2a: Arjun|Landorus-Therian, M, shiny|163/319
|-damage|p2a: Arjun|124/319|[from] Stealth Rock
|-ability|p2a: Arjun|Intimidate|[of] p1a: Garchomp
|-unboost|p1a: Garchomp|atk|1
|move|p1a: Garchomp|Substitute|p1a: Garchomp
|-start|p1a: Garchomp|Substitute
|-damage|p1a: Garchomp|247/358
|
|-weather|SunnyDay|[upkeep]
|turn|34
|
|move|p2a: Arjun|Hidden Power|p1a: Garchomp
|-supereffective|p1a: Garchomp
|-end|p1a: Garchomp|Substitute
|move|p1a: Garchomp|Outrage|p2a: Arjun
|-damage|p2a: Arjun|0 fnt
|faint|p2a: Arjun
|
|-weather|SunnyDay|[upkeep]
|
|switch|p2a: Adegan|Starmie|145/261
|-damage|p2a: Adegan|113/261|[from] Stealth Rock
|turn|35
|chat|Dwarf Salticid|This has been a much more interesting match than most I've played. Mind if I save the replay?
|
|move|p2a: Adegan|Ice Beam|p1a: Garchomp
|-supereffective|p1a: Garchomp
|-enditem|p1a: Garchomp|Yache Berry|[eat]
|-damage|p1a: Garchomp|0 fnt
|-damage|p2a: Adegan|87/261|[from] item: Life Orb
|faint|p1a: Garchomp
|
|-weather|SunnyDay|[upkeep]
|chat|Tesung|Np
|chat|Tesung|damn thought I lived that
|chat|Tesung|gg btw well played
|
|switch|p1a: Ferrothorn|Ferrothorn, F|202/352
|-damage|p1a: Ferrothorn|180/352|[from] Stealth Rock
|turn|36
|chat|Dwarf Salticid|You too, dude.
|
|move|p2a: Adegan|Ice Beam|p1a: Ferrothorn
|-damage|p1a: Ferrothorn|93/352
|-damage|p2a: Adegan|61/261|[from] item: Life Orb
|move|p1a: Ferrothorn|Leech Seed|p2a: Adegan
|-start|p2a: Adegan|move: Leech Seed
|
|-weather|SunnyDay|[upkeep]
|-heal|p1a: Ferrothorn|115/352|[from] item: Leftovers
|-damage|p2a: Adegan|29/261|[from] Leech Seed|[of] p1a: Ferrothorn
|-heal|p1a: Ferrothorn|147/352|[silent]
|turn|37
|
|move|p1a: Ferrothorn|Protect|p1a: Ferrothorn
|-singleturn|p1a: Ferrothorn|Protect
|move|p2a: Adegan|Ice Beam|p1a: Ferrothorn
|-activate|p1a: Ferrothorn|Protect
|
|-weather|SunnyDay|[upkeep]
|-heal|p1a: Ferrothorn|169/352|[from] item: Leftovers
|-damage|p2a: Adegan|0 fnt|[from] Leech Seed|[of] p1a: Ferrothorn
|-heal|p1a: Ferrothorn|198/352|[silent]
|faint|p2a: Adegan
|
|switch|p2a: Gecinse|Ninetales, M|193/309
|-damage|p2a: Gecinse|116/309|[from] Stealth Rock
|turn|38
|
|move|p2a: Gecinse|Fire Blast|p1a: Ferrothorn
|-crit|p1a: Ferrothorn
|-supereffective|p1a: Ferrothorn
|-damage|p1a: Ferrothorn|0 fnt
|faint|p1a: Ferrothorn
|
|win|Dwarf Salticid
|raw|Ladder updating...
|raw|Tesung's rating: 1482 &rarr; <strong>1456</strong><br />(-26 for losing)
|raw|Dwarf Salticid's rating: 1369 &rarr; <strong>1395</strong><br />(+26 for winning)
|chat|Dwarf Salticid|Fantastic game!