|j|☆qscf331
|j|☆sweepmage
|t:|1742358139
|gametype|singles
|player|p1|qscf331|101|1362
|player|p2|sweepmage|red|1322
|teamsize|p1|6
|teamsize|p2|6
|gen|5
|tier|[Gen 5] OU
|rated|
|rule|Species Clause: Limit one of each Pokémon
|rule|OHKO Clause: OHKO moves are banned
|rule|Moody Clause: Moody is banned
|rule|Evasion Items Clause: Evasion items are banned
|rule|Evasion Moves Clause: Evasion moves are banned
|rule|Endless Battle Clause: Forcing endless battles is banned
|rule|HP Percentage Mod: HP is shown in percentages
|rule|Evasion Abilities Clause: Evasion abilities are banned
|rule|Sleep Moves Clause: Sleep-inducing moves are banned
|rule|Swagger Clause: Swagger is banned
|rule|Baton Pass Stat Clause: No Baton Passer may have a way to boost its stats
|clearpoke
|poke|p1|Politoed, M|item
|poke|p1|Keldeo|item
|poke|p1|Latios, M|item
|poke|p1|Starmie|item
|poke|p1|Thundurus-Therian, M|item
|poke|p1|Jirachi|item
|poke|p2|Dragonite, F|item
|poke|p2|Kyurem-Black|item
|poke|p2|Starmie|item
|poke|p2|Ferrothorn, F|item
|poke|p2|Garchomp, M|item
|poke|p2|Latios, M|item
|teampreview
|inactive|Battle timer is ON: inactive players will automatically lose when time's up. (requested by sweepmage)
|
|t:|1742358171
|start
|switch|p1a: Jirachi|Jirachi|100/100
|switch|p2a: Kyurem|Kyurem-Black, shiny|100/100
|-ability|p2a: Kyurem|Teravolt
|turn|1
|
|t:|1742358182
|switch|p2a: Ferrothorn|Ferrothorn, F|100/100
|move|p1a: Jirachi|Stealth Rock|p2a: Ferrothorn
|-sidestart|p2: sweepmage|move: Stealth Rock
|
|upkeep
|turn|2
|
|t:|1742358209
|switch|p1a: Keldeo|Keldeo|100/100
|move|p2a: Ferrothorn|Stealth Rock|p1a: Keldeo
|-sidestart|p1: qscf331|move: Stealth Rock
|
|upkeep
|turn|3
|
|t:|1742358234
|switch|p2a: Latios|Latios, M, shiny|100/100
|-damage|p2a: Latios|88/100|[from] Stealth Rock
|move|p1a: Keldeo|Secret Sword|p2a: Latios
|-resisted|p2a: Latios
|-damage|p2a: Latios|42/100
|
|upkeep
|turn|4
|
|t:|1742358242
|switch|p1a: Jirachi|Jirachi|100/100
|-damage|p1a: Jirachi|94/100|[from] Stealth Rock
|move|p2a: Latios|Hidden Power|p1a: Jirachi
|-supereffective|p1a: Jirachi
|-damage|p1a: Jirachi|62/100
|
|-heal|p1a: Jirachi|68/100|[from] item: Leftovers
|upkeep
|turn|5
|
|t:|1742358251
|switch|p2a: Ferrothorn|Ferrothorn, F|100/100
|-damage|p2a: Ferrothorn|95/100|[from] Stealth Rock
|move|p1a: Jirachi|U-turn|p2a: Ferrothorn
|-damage|p2a: Ferrothorn|82/100
|-damage|p1a: Jirachi|55/100|[from] ability: Iron Barbs|[of] p2a: Ferrothorn
|
|t:|1742358254
|switch|p1a: Keldeo|Keldeo|100/100|[from] U-turn
|-damage|p1a: Keldeo|94/100|[from] Stealth Rock
|
|upkeep
|turn|6
|
|t:|1742358263
|move|p1a: Keldeo|Secret Sword|p2a: Ferrothorn
|-supereffective|p2a: Ferrothorn
|-enditem|p2a: Ferrothorn|Chople Berry|[eat]
|-enditem|p2a: Ferrothorn|Chople Berry|[weaken]
|-damage|p2a: Ferrothorn|35/100
|move|p2a: Ferrothorn|Gyro Ball|p1a: Keldeo
|-resisted|p1a: Keldeo
|-crit|p1a: Keldeo
|-damage|p1a: Keldeo|40/100
|
|upkeep
|turn|7
|
|t:|1742358271
|switch|p2a: Starmie|Starmie|100/100
|-damage|p2a: Starmie|88/100|[from] Stealth Rock
|move|p1a: Keldeo|Secret Sword|p2a: Starmie
|-resisted|p2a: Starmie
|-damage|p2a: Starmie|35/100
|
|upkeep
|turn|8
|
|t:|1742358281
|switch|p1a: Jirachi|Jirachi|55/100
|-damage|p1a: Jirachi|49/100|[from] Stealth Rock
|move|p2a: Starmie|Thunder|p1a: Jirachi
|-damage|p1a: Jirachi|26/100
|
|-heal|p1a: Jirachi|32/100|[from] item: Leftovers
|upkeep
|turn|9
|
|t:|1742358288
|move|p2a: Starmie|Hydro Pump|p1a: Jirachi|[miss]
|-miss|p2a: Starmie|p1a: Jirachi
|move|p1a: Jirachi|U-turn|p2a: Starmie
|-supereffective|p2a: Starmie
|-damage|p2a: Starmie|0 fnt
|faint|p2a: Starmie
|
|t:|1742358293
|switch|p1a: Politoed|Politoed, M|100/100|[from] U-turn
|-damage|p1a: Politoed|88/100|[from] Stealth Rock
|-weather|RainDance|[from] ability: Drizzle|[of] p1a: Politoed
|
|-weather|RainDance|[upkeep]
|-heal|p1a: Politoed|94/100|[from] item: Leftovers
|upkeep
|
|t:|1742358298
|switch|p2a: Kyurem|Kyurem-Black, shiny|100/100
|-damage|p2a: Kyurem|76/100|[from] Stealth Rock
|-ability|p2a: Kyurem|Teravolt
|turn|10
|
|t:|1742358300
|move|p2a: Kyurem|Fusion Bolt|p1a: Politoed
|-supereffective|p1a: Politoed
|-damage|p1a: Politoed|4/100
|move|p1a: Politoed|Scald|p2a: Kyurem
|-resisted|p2a: Kyurem
|-damage|p2a: Kyurem|54/100
|-status|p2a: Kyurem|brn
|
|-weather|RainDance|[upkeep]
|-heal|p1a: Politoed|10/100|[from] item: Leftovers
|-damage|p2a: Kyurem|42/100 brn|[from] brn
|upkeep
|turn|11
|
|t:|1742358304
|move|p1a: Politoed|Protect|p1a: Politoed
|-singleturn|p1a: Politoed|Protect
|move|p2a: Kyurem|Fusion Bolt|p1a: Politoed
|-activate|p1a: Politoed|move: Protect
|
|-weather|RainDance|[upkeep]
|-heal|p1a: Politoed|17/100|[from] item: Leftovers
|-damage|p2a: Kyurem|29/100 brn|[from] brn
|upkeep
|turn|12
|
|t:|1742358308
|switch|p1a: Thundurus|Thundurus-Therian, M|100/100
|-damage|p1a: Thundurus|76/100|[from] Stealth Rock
|move|p2a: Kyurem|Fusion Bolt|p1a: Thundurus
|-damage|p1a: Thundurus|28/100
|
|-weather|RainDance|[upkeep]
|-heal|p1a: Thundurus|35/100|[from] item: Leftovers
|-damage|p2a: Kyurem|17/100 brn|[from] brn
|upkeep
|turn|13
|c|☆sweepmage|Lucky dawg
|
|t:|1742358322
|switch|p1a: Politoed|Politoed, M|17/100
|-damage|p1a: Politoed|4/100|[from] Stealth Rock
|move|p2a: Kyurem|Fusion Bolt|p1a: Politoed
|-supereffective|p1a: Politoed
|-damage|p1a: Politoed|0 fnt
|faint|p1a: Politoed
|
|-weather|RainDance|[upkeep]
|-damage|p2a: Kyurem|5/100 brn|[from] brn
|upkeep
|
|t:|1742358327
|switch|p1a: Starmie|Starmie|100/100
|-damage|p1a: Starmie|88/100|[from] Stealth Rock
|-item|p1a: Starmie|Air Balloon
|turn|14
|
|t:|1742358330
|move|p1a: Starmie|Rapid Spin|p2a: Kyurem
|-damage|p2a: Kyurem|2/100 brn
|-sideend|p1: qscf331|Stealth Rock|[from] move: Rapid Spin|[of] p1a: Starmie
|move|p2a: Kyurem|Fusion Bolt|p1a: Starmie
|-supereffective|p1a: Starmie
|-damage|p1a: Starmie|0 fnt
|-enditem|p1a: Starmie|Air Balloon
|faint|p1a: Starmie
|
|-weather|RainDance|[upkeep]
|-damage|p2a: Kyurem|0 fnt|[from] brn
|faint|p2a: Kyurem
|upkeep
|
|t:|1742358339
|switch|p1a: Keldeo|Keldeo|40/100
|switch|p2a: Latios|Latios, M, shiny|42/100
|-damage|p2a: Latios|30/100|[from] Stealth Rock
|turn|15
|inactive|qscf331 has 120 seconds left.
|
|t:|1742358388
|switch|p1a: Jirachi|Jirachi|32/100
|move|p2a: Latios|Draco Meteor|p1a: Jirachi
|-resisted|p1a: Jirachi
|-damage|p1a: Jirachi|10/100
|-unboost|p2a: Latios|spa|2
|
|-weather|RainDance|[upkeep]
|-heal|p1a: Jirachi|16/100|[from] item: Leftovers
|upkeep
|turn|16
|
|t:|1742358397
|switch|p2a: Garchomp|Garchomp, M|100/100
|-damage|p2a: Garchomp|94/100|[from] Stealth Rock
|move|p1a: Jirachi|U-turn|p2a: Garchomp
|-damage|p2a: Garchomp|79/100
|-damage|p1a: Jirachi|3/100|[from] ability: Rough Skin|[of] p2a: Garchomp
|
|t:|1742358402
|switch|p1a: Latios|Latios, M|100/100|[from] U-turn
|
|-weather|RainDance|[upkeep]
|upkeep
|turn|17
|
|t:|1742358409
|switch|p2a: Ferrothorn|Ferrothorn, F|35/100
|-damage|p2a: Ferrothorn|29/100|[from] Stealth Rock
|move|p1a: Latios|Dragon Pulse|p2a: Ferrothorn
|-resisted|p2a: Ferrothorn
|-damage|p2a: Ferrothorn|12/100
|
|-weather|RainDance|[upkeep]
|upkeep
|turn|18
|
|t:|1742358422
|move|p1a: Latios|Dragon Pulse|p2a: Ferrothorn
|-resisted|p2a: Ferrothorn
|-damage|p2a: Ferrothorn|0 fnt
|faint|p2a: Ferrothorn
|
|-weather|RainDance|[upkeep]
|upkeep
|
|t:|1742358426
|switch|p2a: Latios|Latios, M, shiny|30/100
|-damage|p2a: Latios|18/100|[from] Stealth Rock
|turn|19
|
|t:|1742358430
|switch|p1a: Jirachi|Jirachi|3/100
|move|p2a: Latios|Draco Meteor|p1a: Jirachi
|-resisted|p1a: Jirachi
|-damage|p1a: Jirachi|0 fnt
|-unboost|p2a: Latios|spa|2
|faint|p1a: Jirachi
|
|-weather|RainDance|[upkeep]
|upkeep
|
|t:|1742358435
|switch|p1a: Thundurus|Thundurus-Therian, M|35/100
|turn|20
|
|t:|1742358438
|move|p2a: Latios|Draco Meteor|p1a: Thundurus
|-damage|p1a: Thundurus|0 fnt
|-unboost|p2a: Latios|spa|2
|faint|p1a: Thundurus
|
|-weather|RainDance|[upkeep]
|upkeep
|
|t:|1742358446
|switch|p1a: Latios|Latios, M|100/100
|turn|21
|
|t:|1742358449
|switch|p2a: Garchomp|Garchomp, M|79/100
|-damage|p2a: Garchomp|73/100|[from] Stealth Rock
|move|p1a: Latios|Dragon Pulse|p2a: Garchomp
|-supereffective|p2a: Garchomp
|-crit|p2a: Garchomp
|-damage|p2a: Garchomp|0 fnt
|faint|p2a: Garchomp
|
|-weather|RainDance|[upkeep]
|upkeep
|
|t:|1742358455
|switch|p2a: Latios|Latios, M, shiny|18/100
|-damage|p2a: Latios|5/100|[from] Stealth Rock
|turn|22
|
|t:|1742358460
|switch|p1a: Keldeo|Keldeo|40/100
|move|p2a: Latios|Draco Meteor|p1a: Keldeo
|-crit|p1a: Keldeo
|-damage|p1a: Keldeo|0 fnt
|-unboost|p2a: Latios|spa|2
|faint|p1a: Keldeo
|
|-weather|RainDance|[upkeep]
|upkeep
|
|t:|1742358462
|switch|p1a: Latios|Latios, M|100/100
|turn|23
|
|t:|1742358465
|move|p1a: Latios|Dragon Pulse|p2a: Latios
|-supereffective|p2a: Latios
|-damage|p2a: Latios|0 fnt
|faint|p2a: Latios
|
|-weather|RainDance|[upkeep]
|upkeep
|
|t:|1742358468
|switch|p2a: Dragonite|Dragonite, F, shiny|100/100
|-damage|p2a: Dragonite|76/100|[from] Stealth Rock
|turn|24
|
|t:|1742358475
|move|p2a: Dragonite|Extreme Speed|p1a: Latios
|-damage|p1a: Latios|59/100
|move|p1a: Latios|Dragon Pulse|p2a: Dragonite
|-supereffective|p2a: Dragonite
|-damage|p2a: Dragonite|0 fnt
|faint|p2a: Dragonite
|
|win|qscf331
|raw|qscf331's rating: 1362 &rarr; <strong>1380</strong><br />(+18 for winning)
|raw|sweepmage's rating: 1322 &rarr; <strong>1304</strong><br />(-18 for losing)
|l|☆sweepmage
|player|p2|
