|j|☆minutemaid13
|j|☆Yokao893
|t:|1707540550
|gametype|singles
|player|p1|minutemaid13|1|1338
|player|p2|Yokao893|hilbert|1423
|teamsize|p1|6
|teamsize|p2|6
|gen|5
|tier|[Gen 5] OU
|rated|
|rule|Species Clause: Limit one of each Pokémon
|rule|OHKO Clause: OHKO moves are banned
|rule|Moody Clause: Moody is banned
|rule|Evasion Items Clause: Evasion items are banned
|rule|Evasion Moves Clause: Evasion moves are banned
|rule|Endless Battle Clause: Forcing endless battles is banned
|rule|HP Percentage Mod: HP is shown in percentages
|rule|Evasion Abilities Clause: Evasion abilities are banned
|rule|Sleep Moves Clause: Sleep-inducing moves are banned
|rule|Swagger Clause: Swagger is banned
|rule|Baton Pass Stat Clause: No Baton Passer may have a way to boost its stats
|clearpoke
|poke|p1|Skarmory, M|item
|poke|p1|Chansey, F|item
|poke|p1|Celebi|mail
|poke|p1|Alakazam, F|item
|poke|p1|Gliscor, M|item
|poke|p1|Keldeo|item
|poke|p2|Jirachi|item
|poke|p2|Kyurem-Black|item
|poke|p2|Latios, M|item
|poke|p2|Magnezone|item
|poke|p2|Reuniclus, M|item
|poke|p2|Garchomp, F|item
|teampreview
|inactive|Battle timer is ON: inactive players will automatically lose when time's up. (requested by Yokao893)
|
|t:|1707540567
|start
|switch|p1a: Chansey|Chansey, F|100/100
|switch|p2a: Footdive!|Jirachi|100/100
|turn|1
|
|t:|1707540574
|move|p2a: Footdive!|Stealth Rock|p1a: Chansey
|-sidestart|p1: minutemaid13|move: Stealth Rock
|move|p1a: Chansey|Stealth Rock|p2a: Footdive!
|-sidestart|p2: Yokao893|move: Stealth Rock
|
|upkeep
|turn|2
|
|t:|1707540577
|switch|p1a: Gliscor|Gliscor, M, shiny|100/100
|-damage|p1a: Gliscor|88/100|[from] Stealth Rock
|move|p2a: Footdive!|U-turn|p1a: Gliscor
|-resisted|p1a: Gliscor
|-damage|p1a: Gliscor|82/100
|
|t:|1707540591
|switch|p2a: Alex|Kyurem-Black|100/100|[from] U-turn
|-damage|p2a: Alex|76/100|[from] Stealth Rock
|-ability|p2a: Alex|Teravolt
|
|-status|p1a: Gliscor|tox|[from] item: Toxic Orb
|upkeep
|turn|3
|
|t:|1707540599
|move|p1a: Gliscor|Protect|p1a: Gliscor
|-singleturn|p1a: Gliscor|Protect
|move|p2a: Alex|Outrage|p1a: Gliscor
|-activate|p1a: Gliscor|move: Protect
|
|-heal|p1a: Gliscor|95/100 tox|[from] ability: Poison Heal
|upkeep
|turn|4
|
|t:|1707540606
|move|p2a: Alex|Outrage|p1a: Gliscor
|-damage|p1a: Gliscor|8/100 tox
|move|p1a: Gliscor|Knock Off|p2a: Alex
|-damage|p2a: Alex|72/100
|-enditem|p2a: Alex|Choice Band|[from] move: Knock Off|[of] p1a: Gliscor
|
|-heal|p1a: Gliscor|21/100 tox|[from] ability: Poison Heal
|upkeep
|turn|5
|
|t:|1707540610
|move|p1a: Gliscor|Protect|p1a: Gliscor
|-singleturn|p1a: Gliscor|Protect
|move|p2a: Alex|Outrage|p1a: Gliscor|[from]lockedmove
|-activate|p1a: Gliscor|move: Protect
|
|-heal|p1a: Gliscor|33/100 tox|[from] ability: Poison Heal
|upkeep
|turn|6
|
|t:|1707540613
|switch|p1a: Skarmory|Skarmory, M|100/100
|-damage|p1a: Skarmory|88/100|[from] Stealth Rock
|move|p2a: Alex|Ice Beam|p1a: Skarmory
|-damage|p1a: Skarmory|54/100
|-status|p1a: Skarmory|frz
|
|upkeep
|turn|7
|
|t:|1707540619
|move|p2a: Alex|Fusion Bolt|p1a: Skarmory
|-supereffective|p1a: Skarmory
|-damage|p1a: Skarmory|0 fnt
|faint|p1a: Skarmory
|
|upkeep
|
|t:|1707540623
|switch|p1a: Alakazam|Alakazam, F|100/100
|turn|8
|
|t:|1707540627
|move|p1a: Alakazam|Focus Blast|p2a: Alex
|-supereffective|p2a: Alex
|-crit|p2a: Alex
|-damage|p2a: Alex|0 fnt
|faint|p2a: Alex
|
|upkeep
|
|t:|1707540631
|switch|p2a: Footdive!|Jirachi|100/100
|-damage|p2a: Footdive!|94/100|[from] Stealth Rock
|turn|9
|
|t:|1707540638
|switch|p1a: Keldeo|Keldeo|100/100
|-damage|p1a: Keldeo|94/100|[from] Stealth Rock
|move|p2a: Footdive!|U-turn|p1a: Keldeo
|-resisted|p1a: Keldeo
|-damage|p1a: Keldeo|85/100
|
|t:|1707540645
|switch|p2a: B-61|Latios, M|100/100|[from] U-turn
|-damage|p2a: B-61|88/100|[from] Stealth Rock
|
|upkeep
|turn|10
|
|t:|1707540648
|switch|p1a: Celebi|Celebi|100/100
|-damage|p1a: Celebi|88/100|[from] Stealth Rock
|move|p2a: B-61|Trick||[still]
|-fail|p2a: B-61
|
|upkeep
|turn|11
|
|t:|1707540654
|switch|p2a: Footdive!|Jirachi|94/100
|-damage|p2a: Footdive!|88/100|[from] Stealth Rock
|move|p1a: Celebi|U-turn|p2a: Footdive!
|-damage|p2a: Footdive!|78/100
|
|t:|1707540668
|switch|p1a: Keldeo|Keldeo|85/100|[from] U-turn
|-damage|p1a: Keldeo|79/100|[from] Stealth Rock
|
|-heal|p2a: Footdive!|84/100|[from] item: Leftovers
|upkeep
|turn|12
|
|t:|1707540673
|move|p1a: Keldeo|Secret Sword|p2a: Footdive!
|-damage|p2a: Footdive!|37/100
|-damage|p1a: Keldeo|69/100|[from] item: Life Orb
|move|p2a: Footdive!|U-turn|p1a: Keldeo
|-resisted|p1a: Keldeo
|-damage|p1a: Keldeo|61/100
|
|t:|1707540676
|switch|p2a: Perfect Cell|Reuniclus, M|100/100|[from] U-turn
|
|upkeep
|turn|13
|
|t:|1707540689
|switch|p1a: Chansey|Chansey, F|100/100
|-damage|p1a: Chansey|88/100|[from] Stealth Rock
|move|p2a: Perfect Cell|Trick Room|p2a: Perfect Cell
|-fieldstart|move: Trick Room|[of] p2a: Perfect Cell
|
|upkeep
|turn|14
|
|t:|1707540696
|move|p2a: Perfect Cell|Focus Blast|p1a: Chansey|[miss]
|-miss|p2a: Perfect Cell|p1a: Chansey
|move|p1a: Chansey|Seismic Toss|p2a: Perfect Cell
|-damage|p2a: Perfect Cell|76/100
|
|upkeep
|turn|15
|
|t:|1707540699
|move|p2a: Perfect Cell|Focus Blast|p1a: Chansey
|-supereffective|p1a: Chansey
|-crit|p1a: Chansey
|-damage|p1a: Chansey|33/100
|move|p1a: Chansey|Seismic Toss|p2a: Perfect Cell
|-damage|p2a: Perfect Cell|52/100
|
|upkeep
|turn|16
|
|t:|1707540703
|move|p2a: Perfect Cell|Focus Blast|p1a: Chansey
|-supereffective|p1a: Chansey
|-damage|p1a: Chansey|6/100
|move|p1a: Chansey|Soft-Boiled|p1a: Chansey
|-heal|p1a: Chansey|56/100
|
|upkeep
|turn|17
|
|t:|1707540711
|switch|p2a: Footdive!|Jirachi|37/100
|-damage|p2a: Footdive!|31/100|[from] Stealth Rock
|move|p1a: Chansey|Soft-Boiled|p1a: Chansey
|-heal|p1a: Chansey|100/100
|
|-heal|p2a: Footdive!|37/100|[from] item: Leftovers
|-fieldend|move: Trick Room
|upkeep
|turn|18
|
|t:|1707540715
|move|p2a: Footdive!|U-turn|p1a: Chansey
|-damage|p1a: Chansey|75/100
|
|t:|1707540725
|switch|p2a: NomNom|Garchomp, F|100/100|[from] U-turn
|-damage|p2a: NomNom|94/100|[from] Stealth Rock
|move|p1a: Chansey|Seismic Toss|p2a: NomNom
|-damage|p2a: NomNom|66/100
|-damage|p1a: Chansey|62/100|[from] ability: Rough Skin|[of] p2a: NomNom
|
|upkeep
|turn|19
|
|t:|1707540738
|switch|p1a: Gliscor|Gliscor, M, shiny|33/100 tox
|-damage|p1a: Gliscor|21/100 tox|[from] Stealth Rock
|move|p2a: NomNom|Outrage|p1a: Gliscor
|-damage|p1a: Gliscor|0 fnt
|faint|p1a: Gliscor
|
|upkeep
|
|t:|1707540741
|switch|p1a: Alakazam|Alakazam, F|100/100
|turn|20
|
|t:|1707540743
|move|p2a: NomNom|Outrage|p1a: Alakazam|[from]lockedmove
|-enditem|p1a: Alakazam|Focus Sash
|-damage|p1a: Alakazam|1/100
|move|p1a: Alakazam|Hidden Power|p2a: NomNom
|-supereffective|p2a: NomNom
|-damage|p2a: NomNom|0 fnt
|faint|p2a: NomNom
|
|upkeep
|
|t:|1707540747
|switch|p2a: Footdive!|Jirachi|37/100
|-damage|p2a: Footdive!|31/100|[from] Stealth Rock
|turn|21
|
|t:|1707540753
|move|p1a: Alakazam|Focus Blast|p2a: Footdive!
|-damage|p2a: Footdive!|2/100
|move|p2a: Footdive!|U-turn|p1a: Alakazam
|-supereffective|p1a: Alakazam
|-damage|p1a: Alakazam|0 fnt
|faint|p1a: Alakazam
|
|t:|1707540762
|switch|p2a: Perfect Cell|Reuniclus, M|52/100|[from] U-turn
|
|upkeep
|
|t:|1707540765
|switch|p1a: Chansey|Chansey, F|62/100
|-damage|p1a: Chansey|50/100|[from] Stealth Rock
|turn|22
|
|t:|1707540769
|move|p1a: Chansey|Soft-Boiled|p1a: Chansey
|-heal|p1a: Chansey|99/100
|move|p2a: Perfect Cell|Focus Blast|p1a: Chansey
|-supereffective|p1a: Chansey
|-damage|p1a: Chansey|75/100
|
|upkeep
|turn|23
|
|t:|1707540773
|switch|p2a: Footdive!|Jirachi|2/100
|-damage|p2a: Footdive!|0 fnt|[from] Stealth Rock
|faint|p2a: Footdive!
|move|p1a: Chansey|Seismic Toss|p2: Footdive!|[notarget]
|-fail|p1a: Chansey
|
|upkeep
|
|t:|1707540776
|switch|p2a: B-61|Latios, M|88/100
|-damage|p2a: B-61|76/100|[from] Stealth Rock
|turn|24
|
|t:|1707540783
|switch|p1a: Celebi|Celebi|88/100
|-damage|p1a: Celebi|76/100|[from] Stealth Rock
|move|p2a: B-61|Trick||[still]
|-fail|p2a: B-61
|
|upkeep
|turn|25
|
|t:|1707540791
|switch|p2a: Perfect Cell|Reuniclus, M|52/100
|move|p1a: Celebi|Earth Power|p2a: Perfect Cell
|-damage|p2a: Perfect Cell|31/100
|
|upkeep
|turn|26
|
|t:|1707540800
|switch|p2a: Gorilla Grip|Magnezone|100/100
|-damage|p2a: Gorilla Grip|94/100|[from] Stealth Rock
|-item|p2a: Gorilla Grip|Air Balloon
|move|p1a: Celebi|U-turn|p2a: Gorilla Grip
|-resisted|p2a: Gorilla Grip
|-crit|p2a: Gorilla Grip
|-damage|p2a: Gorilla Grip|79/100
|-enditem|p2a: Gorilla Grip|Air Balloon
|
|t:|1707540806
|switch|p1a: Keldeo|Keldeo|61/100|[from] U-turn
|-damage|p1a: Keldeo|54/100|[from] Stealth Rock
|
|upkeep
|turn|27
|
|t:|1707540808
|move|p1a: Keldeo|Secret Sword|p2a: Gorilla Grip
|-supereffective|p2a: Gorilla Grip
|-damage|p2a: Gorilla Grip|0 fnt
|faint|p2a: Gorilla Grip
|-damage|p1a: Keldeo|44/100|[from] item: Life Orb
|
|upkeep
|
|t:|1707540812
|switch|p2a: B-61|Latios, M|76/100
|-damage|p2a: B-61|64/100|[from] Stealth Rock
|turn|28
|
|t:|1707540816
|switch|p1a: Celebi|Celebi|76/100
|-damage|p1a: Celebi|63/100|[from] Stealth Rock
|move|p2a: B-61|Draco Meteor|p1a: Celebi
|-damage|p1a: Celebi|0 fnt
|-unboost|p2a: B-61|spa|2
|faint|p1a: Celebi
|
|upkeep
|
|t:|1707540821
|switch|p1a: Keldeo|Keldeo|44/100
|-damage|p1a: Keldeo|38/100|[from] Stealth Rock
|turn|29
|
|t:|1707540823
|move|p2a: B-61|Draco Meteor|p1a: Keldeo
|-damage|p1a: Keldeo|0 fnt
|-unboost|p2a: B-61|spa|2
|faint|p1a: Keldeo
|
|upkeep
|
|t:|1707540828
|switch|p1a: Chansey|Chansey, F|75/100
|-damage|p1a: Chansey|62/100|[from] Stealth Rock
|turn|30
|
|t:|1707540830
|switch|p2a: Perfect Cell|Reuniclus, M|31/100
|move|p1a: Chansey|Seismic Toss|p2a: Perfect Cell
|-damage|p2a: Perfect Cell|7/100
|
|upkeep
|turn|31
|
|t:|1707540836
|switch|p2a: B-61|Latios, M|64/100
|-damage|p2a: B-61|51/100|[from] Stealth Rock
|move|p1a: Chansey|Soft-Boiled|p1a: Chansey
|-heal|p1a: Chansey|100/100
|
|upkeep
|turn|32
|
|t:|1707540838
|move|p2a: B-61|Trick|p1a: Chansey
|-activate|p2a: B-61|move: Trick|[of] p1a: Chansey
|-item|p1a: Chansey|Choice Specs|[from] move: Trick
|-item|p2a: B-61|Eviolite|[from] move: Trick
|move|p1a: Chansey|Seismic Toss|p2a: B-61
|-damage|p2a: B-61|18/100
|
|upkeep
|turn|33
|
|t:|1707540843
|move|p2a: B-61|Draco Meteor|p1a: Chansey
|-damage|p1a: Chansey|77/100
|-unboost|p2a: B-61|spa|2
|move|p1a: Chansey|Seismic Toss|p2a: B-61
|-damage|p2a: B-61|0 fnt
|faint|p2a: B-61
|
|upkeep
|
|t:|1707540846
|switch|p2a: Perfect Cell|Reuniclus, M|7/100
|turn|34
|
|t:|1707540848
|move|p1a: Chansey|Seismic Toss|p2a: Perfect Cell
|-damage|p2a: Perfect Cell|0 fnt
|faint|p2a: Perfect Cell
|
|win|minutemaid13
|raw|minutemaid13's rating: 1338 &rarr; <strong>1363</strong><br />(+25 for winning)
|raw|Yokao893's rating: 1423 &rarr; <strong>1398</strong><br />(-25 for losing)
|l|☆Yokao893
|player|p2|
