|j|☆mauserisfat
|j|☆porrompompom
|player|p1|mauserisfat|155
|player|p2|porrompompom|10
|teamsize|p1|6
|teamsize|p2|6
|gametype|singles
|gen|5
|tier|[Gen 5] OU
|rated|
|rule|Sleep Clause Mod: Limit one foe put to sleep
|rule|Species Clause: Limit one of each Pokémon
|rule|OHKO Clause: OHKO moves are banned
|rule|Moody Clause: Moody is banned
|rule|Evasion Moves Clause: Evasion moves are banned
|rule|Endless Battle Clause: Forcing endless battles is banned
|rule|HP Percentage Mod: HP is shown in percentages
|rule|Evasion Abilities Clause: Evasion abilities are banned
|rule|Baton Pass Clause: Limit one Baton Passer, can't pass Spe and other stats simultaneously
|rule|Swagger Clause: Swagger is banned
|clearpoke
|poke|p1|Tyranitar, F|item
|poke|p1|Landorus-Therian, M|item
|poke|p1|Heatran, M|item
|poke|p1|Ferrothorn, F|item
|poke|p1|Jellicent, F|item
|poke|p1|Reuniclus, M|item
|poke|p2|Snorlax, F|item
|poke|p2|Ninetales, M|item
|poke|p2|Magnezone|item
|poke|p2|Gothitelle, M|item
|poke|p2|Salamence, F|item
|poke|p2|Donphan, M|item
|teampreview
|inactive|Battle timer is ON: inactive players will automatically lose when time's up. (requested by mauserisfat)
|
|start
|switch|p1a: angerary|Tyranitar, F, shiny|100/100
|switch|p2a: Donphan|Donphan, M|100/100
|-weather|Sandstorm|[from] ability: Sand Stream|[of] p1a: angerary
|turn|1
|
|switch|p1a: what?|Landorus-Therian, M, shiny|100/100
|-ability|p1a: what?|Intimidate|boost
|-unboost|p2a: Donphan|atk|1
|move|p2a: Donphan|Earthquake|p1a: what?
|-immune|p1a: what?
|
|-weather|Sandstorm|[upkeep]
|upkeep
|turn|2
|
|move|p1a: what?|Stealth Rock|p2a: Donphan
|-sidestart|p2: porrompompom|move: Stealth Rock
|move|p2a: Donphan|Stealth Rock|p1a: what?
|-sidestart|p1: mauserisfat|move: Stealth Rock
|
|-weather|Sandstorm|[upkeep]
|upkeep
|turn|3
|
|move|p1a: what?|Hidden Power|p2a: Donphan
|-supereffective|p2a: Donphan
|-damage|p2a: Donphan|51/100
|move|p2a: Donphan|Earthquake|p1a: what?
|-immune|p1a: what?
|
|-weather|Sandstorm|[upkeep]
|-heal|p2a: Donphan|57/100|[from] item: Leftovers
|upkeep
|turn|4
|
|switch|p2a: Ninetales|Ninetales, M|100/100
|-damage|p2a: Ninetales|76/100|[from] Stealth Rock
|-weather|SunnyDay|[from] ability: Drought|[of] p2a: Ninetales
|move|p1a: what?|Hidden Power|p2a: Ninetales
|-resisted|p2a: Ninetales
|-damage|p2a: Ninetales|67/100
|
|-weather|SunnyDay|[upkeep]
|-heal|p2a: Ninetales|73/100|[from] item: Leftovers
|upkeep
|turn|5
|
|move|p2a: Ninetales|Hypnosis|p1a: what?|[miss]
|-miss|p2a: Ninetales|p1a: what?
|move|p1a: what?|Earthquake|p2a: Ninetales
|-supereffective|p2a: Ninetales
|-damage|p2a: Ninetales|0 fnt
|faint|p2a: Ninetales
|
|-weather|SunnyDay|[upkeep]
|upkeep
|
|switch|p2a: Salamence|Salamence, F|100/100
|-damage|p2a: Salamence|76/100|[from] Stealth Rock
|-ability|p2a: Salamence|Intimidate|boost
|-unboost|p1a: what?|atk|1
|turn|6
|
|switch|p1a: zug zug|Jellicent, F, shiny|100/100
|-damage|p1a: zug zug|88/100|[from] Stealth Rock
|move|p2a: Salamence|Draco Meteor|p1a: zug zug|[miss]
|-miss|p2a: Salamence|p1a: zug zug
|
|-weather|SunnyDay|[upkeep]
|-heal|p1a: zug zug|94/100|[from] item: Leftovers
|upkeep
|turn|7
|c|☆mauserisfat|soz
|
|switch|p2a: Gothitelle|Gothitelle, M|100/100
|-damage|p2a: Gothitelle|88/100|[from] Stealth Rock
|move|p1a: zug zug|Will-O-Wisp|p2a: Gothitelle
|-status|p2a: Gothitelle|brn
|
|-weather|SunnyDay|[upkeep]
|-heal|p1a: zug zug|100/100|[from] item: Leftovers
|-damage|p2a: Gothitelle|76/100 brn|[from] brn
|upkeep
|turn|8
|c|☆mauserisfat|badluck
|
|move|p2a: Gothitelle|Trick|p1a: zug zug
|-activate|p2a: Gothitelle|move: Trick|[of] p1a: zug zug
|-item|p1a: zug zug|Choice Scarf|[from] move: Trick
|-item|p2a: Gothitelle|Leftovers|[from] move: Trick
|move|p1a: zug zug|Taunt|p2a: Gothitelle
|-start|p2a: Gothitelle|move: Taunt
|
|-weather|SunnyDay|[upkeep]
|-heal|p2a: Gothitelle|82/100 brn|[from] item: Leftovers
|-damage|p2a: Gothitelle|69/100 brn|[from] brn
|upkeep
|turn|9
|
|move|p1a: zug zug|Taunt||[still]
|-fail|p1a: zug zug
|move|p2a: Gothitelle|Energy Ball|p1a: zug zug
|-supereffective|p1a: zug zug
|-damage|p1a: zug zug|63/100
|-unboost|p1a: zug zug|spd|1
|
|-weather|SunnyDay|[upkeep]
|-heal|p2a: Gothitelle|75/100 brn|[from] item: Leftovers
|-damage|p2a: Gothitelle|63/100 brn|[from] brn
|upkeep
|turn|10
|
|move|p1a: zug zug|Taunt||[still]
|-fail|p1a: zug zug
|move|p2a: Gothitelle|Energy Ball|p1a: zug zug
|-supereffective|p1a: zug zug
|-damage|p1a: zug zug|5/100
|
|-weather|SunnyDay|[upkeep]
|-heal|p2a: Gothitelle|69/100 brn|[from] item: Leftovers
|-damage|p2a: Gothitelle|56/100 brn|[from] brn
|upkeep
|turn|11
|
|switch|p2a: Donphan|Donphan, M|57/100
|-damage|p2a: Donphan|51/100|[from] Stealth Rock
|move|p1a: zug zug|Taunt|p2a: Donphan
|-start|p2a: Donphan|move: Taunt
|
|-weather|SunnyDay|[upkeep]
|-heal|p2a: Donphan|57/100|[from] item: Leftovers
|upkeep
|turn|12
|
|move|p1a: zug zug|Taunt||[still]
|-fail|p1a: zug zug
|move|p2a: Donphan|Rapid Spin|p1a: zug zug
|-immune|p1a: zug zug
|
|-weather|SunnyDay|[upkeep]
|-heal|p2a: Donphan|63/100|[from] item: Leftovers
|upkeep
|turn|13
|
|move|p1a: zug zug|Taunt||[still]
|-fail|p1a: zug zug
|move|p2a: Donphan|Rapid Spin|p1a: zug zug
|-immune|p1a: zug zug
|
|-weather|SunnyDay|[upkeep]
|-heal|p2a: Donphan|69/100|[from] item: Leftovers
|-end|p2a: Donphan|move: Taunt
|upkeep
|turn|14
|
|move|p1a: zug zug|Taunt|p2a: Donphan
|-start|p2a: Donphan|move: Taunt
|move|p2a: Donphan|Rapid Spin|p1a: zug zug
|-immune|p1a: zug zug
|
|-weather|SunnyDay|[upkeep]
|-heal|p2a: Donphan|75/100|[from] item: Leftovers
|upkeep
|turn|15
|
|move|p1a: zug zug|Taunt||[still]
|-fail|p1a: zug zug
|move|p2a: Donphan|Rapid Spin|p1a: zug zug
|-immune|p1a: zug zug
|
|-weather|SunnyDay|[upkeep]
|-heal|p2a: Donphan|81/100|[from] item: Leftovers
|upkeep
|turn|16
|
|move|p1a: zug zug|Taunt||[still]
|-fail|p1a: zug zug
|move|p2a: Donphan|Rapid Spin|p1a: zug zug
|-immune|p1a: zug zug
|
|-weather|SunnyDay|[upkeep]
|-heal|p2a: Donphan|87/100|[from] item: Leftovers
|-end|p2a: Donphan|move: Taunt
|upkeep
|turn|17
|
|move|p1a: zug zug|Taunt|p2a: Donphan
|-start|p2a: Donphan|move: Taunt
|move|p2a: Donphan|Rapid Spin|p1a: zug zug
|-immune|p1a: zug zug
|
|-weather|SunnyDay|[upkeep]
|-heal|p2a: Donphan|93/100|[from] item: Leftovers
|upkeep
|turn|18
|
|move|p1a: zug zug|Taunt||[still]
|-fail|p1a: zug zug
|move|p2a: Donphan|Rapid Spin|p1a: zug zug
|-immune|p1a: zug zug
|
|-weather|SunnyDay|[upkeep]
|-heal|p2a: Donphan|99/100|[from] item: Leftovers
|upkeep
|turn|19
|
|move|p1a: zug zug|Taunt||[still]
|-fail|p1a: zug zug
|move|p2a: Donphan|Rapid Spin|p1a: zug zug
|-immune|p1a: zug zug
|
|-weather|SunnyDay|[upkeep]
|-heal|p2a: Donphan|100/100|[from] item: Leftovers
|-end|p2a: Donphan|move: Taunt
|upkeep
|turn|20
|
|switch|p1a: angerary|Tyranitar, F, shiny|100/100
|-damage|p1a: angerary|88/100|[from] Stealth Rock
|-weather|Sandstorm|[from] ability: Sand Stream|[of] p1a: angerary
|move|p2a: Donphan|Rapid Spin|p1a: angerary
|-resisted|p1a: angerary
|-damage|p1a: angerary|86/100
|-sideend|p2: porrompompom|Stealth Rock|[from] move: Rapid Spin|[of] p2a: Donphan
|
|-weather|Sandstorm|[upkeep]
|upkeep
|turn|21
|
|switch|p1a: what?|Landorus-Therian, M, shiny|100/100
|-damage|p1a: what?|88/100|[from] Stealth Rock
|-ability|p1a: what?|Intimidate|boost
|-unboost|p2a: Donphan|atk|1
|move|p2a: Donphan|Ice Shard|p1a: what?
|-supereffective|p1a: what?
|-damage|p1a: what?|66/100
|
|-weather|Sandstorm|[upkeep]
|-heal|p1a: what?|72/100|[from] item: Leftovers
|upkeep
|turn|22
|
|switch|p2a: Gothitelle|Gothitelle, M|56/100 brn
|move|p1a: what?|Hidden Power|p2a: Gothitelle
|-damage|p2a: Gothitelle|36/100 brn
|
|-weather|Sandstorm|[upkeep]
|-damage|p2a: Gothitelle|30/100 brn|[from] Sandstorm
|-heal|p2a: Gothitelle|36/100 brn|[from] item: Leftovers
|-heal|p1a: what?|78/100|[from] item: Leftovers
|-damage|p2a: Gothitelle|24/100 brn|[from] brn
|upkeep
|turn|23
|
|move|p2a: Gothitelle|Hidden Power|p1a: what?
|-supereffective|p1a: what?
|-damage|p1a: what?|0 fnt
|faint|p1a: what?
|
|-weather|Sandstorm|[upkeep]
|-damage|p2a: Gothitelle|18/100 brn|[from] Sandstorm
|-heal|p2a: Gothitelle|24/100 brn|[from] item: Leftovers
|-damage|p2a: Gothitelle|12/100 brn|[from] brn
|upkeep
|
|switch|p1a: panzer man|Heatran, M, shiny|100/100
|-damage|p1a: panzer man|88/100|[from] Stealth Rock
|turn|24
|
|move|p2a: Gothitelle|Psyshock|p1a: panzer man
|-resisted|p1a: panzer man
|-damage|p1a: panzer man|74/100
|move|p1a: panzer man|Flamethrower|p2a: Gothitelle
|-damage|p2a: Gothitelle|0 fnt
|faint|p2a: Gothitelle
|
|-weather|Sandstorm|[upkeep]
|-heal|p1a: panzer man|80/100|[from] item: Leftovers
|upkeep
|
|switch|p2a: Salamence|Salamence, F|76/100
|-ability|p2a: Salamence|Intimidate|boost
|-unboost|p1a: panzer man|atk|1
|turn|25
|
|move|p2a: Salamence|Earthquake|p1a: panzer man
|-supereffective|p1a: panzer man
|-damage|p1a: panzer man|0 fnt
|-damage|p2a: Salamence|66/100|[from] item: Life Orb
|faint|p1a: panzer man
|
|-weather|Sandstorm|[upkeep]
|-damage|p2a: Salamence|60/100|[from] Sandstorm
|upkeep
|
|switch|p1a: angerary|Tyranitar, F, shiny|86/100
|-damage|p1a: angerary|73/100|[from] Stealth Rock
|turn|26
|
|switch|p2a: Donphan|Donphan, M|100/100
|move|p1a: angerary|Ice Beam|p2a: Donphan
|-supereffective|p2a: Donphan
|-damage|p2a: Donphan|40/100
|
|-weather|Sandstorm|[upkeep]
|-heal|p2a: Donphan|46/100|[from] item: Leftovers
|upkeep
|turn|27
|
|switch|p2a: Magnezone|Magnezone|100/100
|-item|p2a: Magnezone|Air Balloon
|move|p1a: angerary|Ice Beam|p2a: Magnezone
|-resisted|p2a: Magnezone
|-damage|p2a: Magnezone|92/100
|-enditem|p2a: Magnezone|Air Balloon
|
|-weather|Sandstorm|[upkeep]
|upkeep
|turn|28
|
|switch|p1a: zug zug|Jellicent, F, shiny|5/100
|-damage|p1a: zug zug|0 fnt|[from] Stealth Rock
|faint|p1a: zug zug
|move|p2a: Magnezone|Thunder Wave|p1: zug zug|[notarget]
|-fail|p2a: Magnezone
|
|-weather|Sandstorm|[upkeep]
|upkeep
|
|switch|p1a: whakarongomai|Reuniclus, M, shiny|100/100
|turn|29
|
|move|p2a: Magnezone|Thunder Wave|p1a: whakarongomai
|-status|p1a: whakarongomai|par
|move|p1a: whakarongomai|Focus Blast|p2a: Magnezone|[miss]
|-miss|p1a: whakarongomai|p2a: Magnezone
|
|-weather|Sandstorm|[upkeep]
|upkeep
|turn|30
|
|switch|p2a: Donphan|Donphan, M|46/100
|move|p1a: whakarongomai|Focus Blast|p2a: Donphan
|-damage|p2a: Donphan|4/100
|
|-weather|Sandstorm|[upkeep]
|-heal|p2a: Donphan|10/100|[from] item: Leftovers
|upkeep
|turn|31
|
|move|p2a: Donphan|Earthquake|p1a: whakarongomai
|-crit|p1a: whakarongomai
|-damage|p1a: whakarongomai|48/100 par
|move|p1a: whakarongomai|Psyshock|p2a: Donphan
|-damage|p2a: Donphan|0 fnt
|faint|p2a: Donphan
|
|-weather|Sandstorm|[upkeep]
|-heal|p1a: whakarongomai|54/100 par|[from] item: Leftovers
|upkeep
|
|switch|p2a: Salamence|Salamence, F|60/100
|-ability|p2a: Salamence|Intimidate|boost
|-unboost|p1a: whakarongomai|atk|1
|turn|32
|
|move|p2a: Salamence|Roost|p2a: Salamence
|-heal|p2a: Salamence|100/100
|-singleturn|p2a: Salamence|move: Roost
|move|p1a: whakarongomai|Recover|p1a: whakarongomai
|-heal|p1a: whakarongomai|100/100 par
|
|-weather|Sandstorm|[upkeep]
|-damage|p2a: Salamence|94/100|[from] Sandstorm
|upkeep
|turn|33
|
|move|p2a: Salamence|Draco Meteor|p1a: whakarongomai
|-damage|p1a: whakarongomai|29/100 par
|-unboost|p2a: Salamence|spa|2
|-damage|p2a: Salamence|84/100|[from] item: Life Orb
|move|p1a: whakarongomai|Psyshock|p2a: Salamence
|-damage|p2a: Salamence|42/100
|
|-weather|Sandstorm|[upkeep]
|-damage|p2a: Salamence|36/100|[from] Sandstorm
|-heal|p1a: whakarongomai|35/100 par|[from] item: Leftovers
|upkeep
|turn|34
|
|move|p2a: Salamence|Draco Meteor|p1a: whakarongomai
|-damage|p1a: whakarongomai|0 fnt
|-unboost|p2a: Salamence|spa|2
|-damage|p2a: Salamence|26/100|[from] item: Life Orb
|faint|p1a: whakarongomai
|
|-weather|Sandstorm|[upkeep]
|-damage|p2a: Salamence|20/100|[from] Sandstorm
|upkeep
|
|switch|p1a: spike spike|Ferrothorn, F, shiny|100/100
|-damage|p1a: spike spike|94/100|[from] Stealth Rock
|turn|35
|
|switch|p2a: Magnezone|Magnezone|92/100
|move|p1a: spike spike|Leech Seed|p2a: Magnezone
|-start|p2a: Magnezone|move: Leech Seed
|
|-weather|Sandstorm|[upkeep]
|-heal|p1a: spike spike|100/100|[from] item: Leftovers
|-damage|p2a: Magnezone|80/100|[from] Leech Seed|[of] p1a: spike spike
|upkeep
|turn|36
|
|move|p1a: spike spike|Protect|p1a: spike spike
|-singleturn|p1a: spike spike|Protect
|move|p2a: Magnezone|Hidden Power|p1a: spike spike
|-activate|p1a: spike spike|move: Protect
|
|-weather|Sandstorm|[upkeep]
|-damage|p2a: Magnezone|67/100|[from] Leech Seed|[of] p1a: spike spike
|upkeep
|turn|37
|
|move|p2a: Magnezone|Hidden Power|p1a: spike spike
|-supereffective|p1a: spike spike
|-damage|p1a: spike spike|47/100
|move|p1a: spike spike|Spikes|p2a: Magnezone
|-sidestart|p2: porrompompom|Spikes
|
|-weather|Sandstorm|[upkeep]
|-heal|p1a: spike spike|53/100|[from] item: Leftovers
|-damage|p2a: Magnezone|55/100|[from] Leech Seed|[of] p1a: spike spike
|-heal|p1a: spike spike|65/100|[silent]
|upkeep
|turn|38
|
|switch|p2a: Salamence|Salamence, F|20/100
|-ability|p2a: Salamence|Intimidate|boost
|-unboost|p1a: spike spike|atk|1
|move|p1a: spike spike|Protect||[still]
|-fail|p1a: spike spike
|
|-weather|Sandstorm|[upkeep]
|-damage|p2a: Salamence|14/100|[from] Sandstorm
|-heal|p1a: spike spike|72/100|[from] item: Leftovers
|upkeep
|turn|39
|
|move|p2a: Salamence|Fire Blast|p1a: spike spike|[miss]
|-miss|p2a: Salamence|p1a: spike spike
|move|p1a: spike spike|Leech Seed|p2a: Salamence
|-start|p2a: Salamence|move: Leech Seed
|
|-weather|Sandstorm|[upkeep]
|-damage|p2a: Salamence|8/100|[from] Sandstorm
|-heal|p1a: spike spike|78/100|[from] item: Leftovers
|-damage|p2a: Salamence|0 fnt|[from] Leech Seed|[of] p1a: spike spike
|-heal|p1a: spike spike|85/100|[silent]
|faint|p2a: Salamence
|upkeep
|
|switch|p2a: Magnezone|Magnezone|55/100
|-damage|p2a: Magnezone|43/100|[from] Spikes
|turn|40
|
|move|p2a: Magnezone|Hidden Power|p1a: spike spike
|-supereffective|p1a: spike spike
|-damage|p1a: spike spike|32/100
|move|p1a: spike spike|Leech Seed|p2a: Magnezone
|-start|p2a: Magnezone|move: Leech Seed
|
|-weather|Sandstorm|[upkeep]
|-heal|p1a: spike spike|38/100|[from] item: Leftovers
|-damage|p2a: Magnezone|31/100|[from] Leech Seed|[of] p1a: spike spike
|-heal|p1a: spike spike|50/100|[silent]
|upkeep
|turn|41
|
|move|p1a: spike spike|Protect|p1a: spike spike
|-singleturn|p1a: spike spike|Protect
|move|p2a: Magnezone|Hidden Power|p1a: spike spike
|-activate|p1a: spike spike|move: Protect
|
|-weather|Sandstorm|[upkeep]
|-heal|p1a: spike spike|56/100|[from] item: Leftovers
|-damage|p2a: Magnezone|18/100|[from] Leech Seed|[of] p1a: spike spike
|-heal|p1a: spike spike|68/100|[silent]
|upkeep
|turn|42
|
|move|p2a: Magnezone|Hidden Power|p1a: spike spike
|-supereffective|p1a: spike spike
|-damage|p1a: spike spike|12/100
|move|p1a: spike spike|Spikes|p2a: Magnezone
|-sidestart|p2: porrompompom|Spikes
|
|-weather|Sandstorm|[upkeep]
|-heal|p1a: spike spike|19/100|[from] item: Leftovers
|-damage|p2a: Magnezone|6/100|[from] Leech Seed|[of] p1a: spike spike
|-heal|p1a: spike spike|31/100|[silent]
|upkeep
|turn|43
|
|switch|p2a: Snorlax|Snorlax, F|100/100
|-damage|p2a: Snorlax|84/100|[from] Spikes
|move|p1a: spike spike|Protect||[still]
|-fail|p1a: spike spike
|
|-weather|Sandstorm|[upkeep]
|-damage|p2a: Snorlax|78/100|[from] Sandstorm
|-heal|p2a: Snorlax|84/100|[from] item: Leftovers
|-heal|p1a: spike spike|37/100|[from] item: Leftovers
|upkeep
|turn|44
|
|move|p2a: Snorlax|Curse|p2a: Snorlax
|-unboost|p2a: Snorlax|spe|1
|-boost|p2a: Snorlax|atk|1
|-boost|p2a: Snorlax|def|1
|move|p1a: spike spike|Leech Seed|p2a: Snorlax
|-start|p2a: Snorlax|move: Leech Seed
|
|-weather|Sandstorm|[upkeep]
|-damage|p2a: Snorlax|78/100|[from] Sandstorm
|-heal|p2a: Snorlax|84/100|[from] item: Leftovers
|-heal|p1a: spike spike|43/100|[from] item: Leftovers
|-damage|p2a: Snorlax|72/100|[from] Leech Seed|[of] p1a: spike spike
|-heal|p1a: spike spike|61/100|[silent]
|upkeep
|turn|45
|
|move|p2a: Snorlax|Curse|p2a: Snorlax
|-unboost|p2a: Snorlax|spe|1
|-boost|p2a: Snorlax|atk|1
|-boost|p2a: Snorlax|def|1
|move|p1a: spike spike|Spikes|p2a: Snorlax
|-sidestart|p2: porrompompom|Spikes
|
|-weather|Sandstorm|[upkeep]
|-damage|p2a: Snorlax|65/100|[from] Sandstorm
|-heal|p1a: spike spike|67/100|[from] item: Leftovers
|-heal|p2a: Snorlax|72/100|[from] item: Leftovers
|-damage|p2a: Snorlax|59/100|[from] Leech Seed|[of] p1a: spike spike
|-heal|p1a: spike spike|85/100|[silent]
|upkeep
|turn|46
|
|move|p1a: spike spike|Power Whip|p2a: Snorlax
|-damage|p2a: Snorlax|49/100
|move|p2a: Snorlax|Curse|p2a: Snorlax
|-unboost|p2a: Snorlax|spe|1
|-boost|p2a: Snorlax|atk|1
|-boost|p2a: Snorlax|def|1
|
|-weather|Sandstorm|[upkeep]
|-damage|p2a: Snorlax|42/100|[from] Sandstorm
|-heal|p1a: spike spike|91/100|[from] item: Leftovers
|-heal|p2a: Snorlax|49/100|[from] item: Leftovers
|-damage|p2a: Snorlax|36/100|[from] Leech Seed|[of] p1a: spike spike
|-heal|p1a: spike spike|100/100|[silent]
|upkeep
|turn|47
|
|move|p1a: spike spike|Power Whip|p2a: Snorlax
|-damage|p2a: Snorlax|28/100
|move|p2a: Snorlax|Rest|p2a: Snorlax
|-status|p2a: Snorlax|slp
|-heal|p2a: Snorlax|100/100 slp|[silent]
|-status|p2a: Snorlax|slp|[from] move: Rest
|
|-weather|Sandstorm|[upkeep]
|-damage|p2a: Snorlax|94/100 slp|[from] Sandstorm
|-heal|p2a: Snorlax|100/100 slp|[from] item: Leftovers
|-damage|p2a: Snorlax|88/100 slp|[from] Leech Seed|[of] p1a: spike spike
|upkeep
|turn|48
|
|switch|p1a: angerary|Tyranitar, F, shiny|73/100
|-damage|p1a: angerary|61/100|[from] Stealth Rock
|cant|p2a: Snorlax|slp
|move|p2a: Snorlax|Sleep Talk|p2a: Snorlax
|move|p2a: Snorlax|Frustration|p1a: angerary|[from]Sleep Talk
|-resisted|p1a: angerary
|-damage|p1a: angerary|16/100
|
|-weather|Sandstorm|[upkeep]
|-damage|p2a: Snorlax|82/100 slp|[from] Sandstorm
|-heal|p2a: Snorlax|88/100 slp|[from] item: Leftovers
|-damage|p2a: Snorlax|76/100 slp|[from] Leech Seed|[of] p1a: angerary
|-heal|p1a: angerary|34/100|[silent]
|upkeep
|turn|49
|
|move|p1a: angerary|Superpower|p2a: Snorlax
|-supereffective|p2a: Snorlax
|-damage|p2a: Snorlax|48/100 slp
|-unboost|p1a: angerary|atk|1
|-unboost|p1a: angerary|def|1
|cant|p2a: Snorlax|slp
|move|p2a: Snorlax|Sleep Talk|p2a: Snorlax
|move|p2a: Snorlax|Frustration|p1a: angerary|[from]Sleep Talk
|-resisted|p1a: angerary
|-damage|p1a: angerary|0 fnt
|faint|p1a: angerary
|
|-weather|Sandstorm|[upkeep]
|-damage|p2a: Snorlax|42/100 slp|[from] Sandstorm
|-heal|p2a: Snorlax|48/100 slp|[from] item: Leftovers
|upkeep
|
|switch|p1a: spike spike|Ferrothorn, F, shiny|100/100
|-damage|p1a: spike spike|94/100|[from] Stealth Rock
|turn|50
|
|move|p1a: spike spike|Power Whip|p2a: Snorlax
|-damage|p2a: Snorlax|36/100 slp
|-curestatus|p2a: Snorlax|slp|[msg]
|move|p2a: Snorlax|Rest|p2a: Snorlax
|-status|p2a: Snorlax|slp
|-heal|p2a: Snorlax|100/100 slp|[silent]
|-status|p2a: Snorlax|slp|[from] move: Rest
|
|-weather|Sandstorm|[upkeep]
|-damage|p2a: Snorlax|94/100 slp|[from] Sandstorm
|-heal|p1a: spike spike|100/100|[from] item: Leftovers
|-heal|p2a: Snorlax|100/100 slp|[from] item: Leftovers
|-damage|p2a: Snorlax|88/100 slp|[from] Leech Seed|[of] p1a: spike spike
|upkeep
|turn|51
|
|move|p1a: spike spike|Spikes||[still]
|-fail|p1a: spike spike
|cant|p2a: Snorlax|slp
|
|-weather|Sandstorm|[upkeep]
|-damage|p2a: Snorlax|82/100 slp|[from] Sandstorm
|-heal|p2a: Snorlax|88/100 slp|[from] item: Leftovers
|-damage|p2a: Snorlax|76/100 slp|[from] Leech Seed|[of] p1a: spike spike
|upkeep
|turn|52
|
|move|p1a: spike spike|Spikes||[still]
|-fail|p1a: spike spike
|cant|p2a: Snorlax|slp
|
|-weather|Sandstorm|[upkeep]
|-damage|p2a: Snorlax|69/100 slp|[from] Sandstorm
|-heal|p2a: Snorlax|76/100 slp|[from] item: Leftovers
|-damage|p2a: Snorlax|63/100 slp|[from] Leech Seed|[of] p1a: spike spike
|upkeep
|turn|53
|
|move|p1a: spike spike|Spikes||[still]
|-fail|p1a: spike spike
|-curestatus|p2a: Snorlax|slp|[msg]
|move|p2a: Snorlax|Curse|p2a: Snorlax
|-unboost|p2a: Snorlax|spe|1
|-boost|p2a: Snorlax|atk|1
|-boost|p2a: Snorlax|def|1
|
|-weather|Sandstorm|[upkeep]
|-damage|p2a: Snorlax|57/100|[from] Sandstorm
|-heal|p2a: Snorlax|63/100|[from] item: Leftovers
|-damage|p2a: Snorlax|51/100|[from] Leech Seed|[of] p1a: spike spike
|upkeep
|turn|54
|
|move|p1a: spike spike|Spikes||[still]
|-fail|p1a: spike spike
|move|p2a: Snorlax|Rest|p2a: Snorlax
|-status|p2a: Snorlax|slp
|-heal|p2a: Snorlax|100/100 slp|[silent]
|-status|p2a: Snorlax|slp|[from] move: Rest
|
|-weather|Sandstorm|[upkeep]
|-damage|p2a: Snorlax|94/100 slp|[from] Sandstorm
|-heal|p2a: Snorlax|100/100 slp|[from] item: Leftovers
|-damage|p2a: Snorlax|88/100 slp|[from] Leech Seed|[of] p1a: spike spike
|upkeep
|turn|55
|
|move|p1a: spike spike|Spikes||[still]
|-fail|p1a: spike spike
|cant|p2a: Snorlax|slp
|move|p2a: Snorlax|Sleep Talk|p2a: Snorlax
|move|p2a: Snorlax|Frustration|p1a: spike spike|[from]Sleep Talk
|-resisted|p1a: spike spike
|-damage|p1a: spike spike|55/100
|-damage|p2a: Snorlax|76/100 slp|[from] ability: Iron Barbs|[of] p1a: spike spike
|
|-weather|Sandstorm|[upkeep]
|-damage|p2a: Snorlax|69/100 slp|[from] Sandstorm
|-heal|p1a: spike spike|61/100|[from] item: Leftovers
|-heal|p2a: Snorlax|76/100 slp|[from] item: Leftovers
|-damage|p2a: Snorlax|63/100 slp|[from] Leech Seed|[of] p1a: spike spike
|-heal|p1a: spike spike|79/100|[silent]
|upkeep
|turn|56
|
|move|p1a: spike spike|Spikes||[still]
|-fail|p1a: spike spike
|cant|p2a: Snorlax|slp
|
|-weather|Sandstorm|[upkeep]
|-damage|p2a: Snorlax|57/100 slp|[from] Sandstorm
|-heal|p1a: spike spike|85/100|[from] item: Leftovers
|-heal|p2a: Snorlax|63/100 slp|[from] item: Leftovers
|-damage|p2a: Snorlax|51/100 slp|[from] Leech Seed|[of] p1a: spike spike
|-heal|p1a: spike spike|100/100|[silent]
|upkeep
|turn|57
|
|move|p1a: spike spike|Spikes||[still]
|-fail|p1a: spike spike
|-curestatus|p2a: Snorlax|slp|[msg]
|move|p2a: Snorlax|Rest|p2a: Snorlax
|-status|p2a: Snorlax|slp
|-heal|p2a: Snorlax|100/100 slp|[silent]
|-status|p2a: Snorlax|slp|[from] move: Rest
|
|-weather|Sandstorm|[upkeep]
|-damage|p2a: Snorlax|94/100 slp|[from] Sandstorm
|-heal|p2a: Snorlax|100/100 slp|[from] item: Leftovers
|-damage|p2a: Snorlax|88/100 slp|[from] Leech Seed|[of] p1a: spike spike
|upkeep
|turn|58
|
|move|p1a: spike spike|Power Whip|p2a: Snorlax
|-damage|p2a: Snorlax|78/100 slp
|cant|p2a: Snorlax|slp
|
|-weather|Sandstorm|[upkeep]
|-damage|p2a: Snorlax|72/100 slp|[from] Sandstorm
|-heal|p2a: Snorlax|78/100 slp|[from] item: Leftovers
|-damage|p2a: Snorlax|65/100 slp|[from] Leech Seed|[of] p1a: spike spike
|upkeep
|turn|59
|
|move|p1a: spike spike|Power Whip|p2a: Snorlax
|-damage|p2a: Snorlax|54/100 slp
|cant|p2a: Snorlax|slp
|
|-weather|Sandstorm|[upkeep]
|-damage|p2a: Snorlax|48/100 slp|[from] Sandstorm
|-heal|p2a: Snorlax|54/100 slp|[from] item: Leftovers
|-damage|p2a: Snorlax|42/100 slp|[from] Leech Seed|[of] p1a: spike spike
|upkeep
|turn|60
|
|move|p1a: spike spike|Spikes||[still]
|-fail|p1a: spike spike
|-curestatus|p2a: Snorlax|slp|[msg]
|move|p2a: Snorlax|Rest|p2a: Snorlax
|-status|p2a: Snorlax|slp
|-heal|p2a: Snorlax|100/100 slp|[silent]
|-status|p2a: Snorlax|slp|[from] move: Rest
|
|-weather|Sandstorm|[upkeep]
|-damage|p2a: Snorlax|94/100 slp|[from] Sandstorm
|-heal|p2a: Snorlax|100/100 slp|[from] item: Leftovers
|-damage|p2a: Snorlax|88/100 slp|[from] Leech Seed|[of] p1a: spike spike
|upkeep
|turn|61
|
|move|p1a: spike spike|Spikes||[still]
|-fail|p1a: spike spike
|cant|p2a: Snorlax|slp
|
|-weather|Sandstorm|[upkeep]
|-damage|p2a: Snorlax|82/100 slp|[from] Sandstorm
|-heal|p2a: Snorlax|88/100 slp|[from] item: Leftovers
|-damage|p2a: Snorlax|76/100 slp|[from] Leech Seed|[of] p1a: spike spike
|upkeep
|turn|62
|
|move|p1a: spike spike|Spikes||[still]
|-fail|p1a: spike spike
|cant|p2a: Snorlax|slp
|
|-weather|Sandstorm|[upkeep]
|-damage|p2a: Snorlax|69/100 slp|[from] Sandstorm
|-heal|p2a: Snorlax|76/100 slp|[from] item: Leftovers
|-damage|p2a: Snorlax|63/100 slp|[from] Leech Seed|[of] p1a: spike spike
|upkeep
|turn|63
|
|move|p1a: spike spike|Spikes||[still]
|-fail|p1a: spike spike
|-curestatus|p2a: Snorlax|slp|[msg]
|move|p2a: Snorlax|Curse|p2a: Snorlax
|-unboost|p2a: Snorlax|spe|1
|-boost|p2a: Snorlax|atk|1
|-boost|p2a: Snorlax|def|1
|
|-weather|Sandstorm|[upkeep]
|-damage|p2a: Snorlax|57/100|[from] Sandstorm
|-heal|p2a: Snorlax|63/100|[from] item: Leftovers
|-damage|p2a: Snorlax|51/100|[from] Leech Seed|[of] p1a: spike spike
|upkeep
|turn|64
|
|move|p1a: spike spike|Spikes||[still]
|-fail|p1a: spike spike
|move|p2a: Snorlax|Rest|p2a: Snorlax
|-status|p2a: Snorlax|slp
|-heal|p2a: Snorlax|100/100 slp|[silent]
|-status|p2a: Snorlax|slp|[from] move: Rest
|
|-weather|Sandstorm|[upkeep]
|-damage|p2a: Snorlax|94/100 slp|[from] Sandstorm
|-heal|p2a: Snorlax|100/100 slp|[from] item: Leftovers
|-damage|p2a: Snorlax|88/100 slp|[from] Leech Seed|[of] p1a: spike spike
|upkeep
|turn|65
|
|move|p1a: spike spike|Spikes||[still]
|-fail|p1a: spike spike
|cant|p2a: Snorlax|slp
|
|-weather|Sandstorm|[upkeep]
|-damage|p2a: Snorlax|82/100 slp|[from] Sandstorm
|-heal|p2a: Snorlax|88/100 slp|[from] item: Leftovers
|-damage|p2a: Snorlax|76/100 slp|[from] Leech Seed|[of] p1a: spike spike
|upkeep
|turn|66
|
|move|p1a: spike spike|Spikes||[still]
|-fail|p1a: spike spike
|cant|p2a: Snorlax|slp
|
|-weather|Sandstorm|[upkeep]
|-damage|p2a: Snorlax|69/100 slp|[from] Sandstorm
|-heal|p2a: Snorlax|76/100 slp|[from] item: Leftovers
|-damage|p2a: Snorlax|63/100 slp|[from] Leech Seed|[of] p1a: spike spike
|upkeep
|turn|67
|
|move|p1a: spike spike|Spikes||[still]
|-fail|p1a: spike spike
|-curestatus|p2a: Snorlax|slp|[msg]
|move|p2a: Snorlax|Curse|p2a: Snorlax
|-unboost|p2a: Snorlax|spe|1
|-boost|p2a: Snorlax|atk|1
|-boost|p2a: Snorlax|def|1
|
|-weather|Sandstorm|[upkeep]
|-damage|p2a: Snorlax|57/100|[from] Sandstorm
|-heal|p2a: Snorlax|63/100|[from] item: Leftovers
|-damage|p2a: Snorlax|51/100|[from] Leech Seed|[of] p1a: spike spike
|upkeep
|turn|68
|
|move|p1a: spike spike|Spikes||[still]
|-fail|p1a: spike spike
|move|p2a: Snorlax|Rest|p2a: Snorlax
|-status|p2a: Snorlax|slp
|-heal|p2a: Snorlax|100/100 slp|[silent]
|-status|p2a: Snorlax|slp|[from] move: Rest
|
|-weather|Sandstorm|[upkeep]
|-damage|p2a: Snorlax|94/100 slp|[from] Sandstorm
|-heal|p2a: Snorlax|100/100 slp|[from] item: Leftovers
|-damage|p2a: Snorlax|88/100 slp|[from] Leech Seed|[of] p1a: spike spike
|upkeep
|turn|69
|
|move|p1a: spike spike|Spikes||[still]
|-fail|p1a: spike spike
|cant|p2a: Snorlax|slp
|
|-weather|Sandstorm|[upkeep]
|-damage|p2a: Snorlax|82/100 slp|[from] Sandstorm
|-heal|p2a: Snorlax|88/100 slp|[from] item: Leftovers
|-damage|p2a: Snorlax|76/100 slp|[from] Leech Seed|[of] p1a: spike spike
|upkeep
|turn|70
|
|move|p1a: spike spike|Spikes||[still]
|-fail|p1a: spike spike
|cant|p2a: Snorlax|slp
|move|p2a: Snorlax|Sleep Talk|p2a: Snorlax
|move|p2a: Snorlax|Rest|p2a: Snorlax|[from]Sleep Talk
|-fail|p2a: Snorlax
|
|-weather|Sandstorm|[upkeep]
|-damage|p2a: Snorlax|69/100 slp|[from] Sandstorm
|-heal|p2a: Snorlax|76/100 slp|[from] item: Leftovers
|-damage|p2a: Snorlax|63/100 slp|[from] Leech Seed|[of] p1a: spike spike
|upkeep
|turn|71
|
|move|p1a: spike spike|Spikes||[still]
|-fail|p1a: spike spike
|-curestatus|p2a: Snorlax|slp|[msg]
|move|p2a: Snorlax|Frustration|p1a: spike spike
|-resisted|p1a: spike spike
|-damage|p1a: spike spike|45/100
|-damage|p2a: Snorlax|51/100|[from] ability: Iron Barbs|[of] p1a: spike spike
|
|-weather|Sandstorm|[upkeep]
|-damage|p2a: Snorlax|44/100|[from] Sandstorm
|-heal|p1a: spike spike|51/100|[from] item: Leftovers
|-heal|p2a: Snorlax|51/100|[from] item: Leftovers
|-damage|p2a: Snorlax|38/100|[from] Leech Seed|[of] p1a: spike spike
|-heal|p1a: spike spike|69/100|[silent]
|upkeep
|turn|72
|
|move|p1a: spike spike|Power Whip|p2a: Snorlax|[miss]
|-miss|p1a: spike spike|p2a: Snorlax
|move|p2a: Snorlax|Rest|p2a: Snorlax
|-status|p2a: Snorlax|slp
|-heal|p2a: Snorlax|100/100 slp|[silent]
|-status|p2a: Snorlax|slp|[from] move: Rest
|
|-weather|Sandstorm|[upkeep]
|-damage|p2a: Snorlax|94/100 slp|[from] Sandstorm
|-heal|p1a: spike spike|75/100|[from] item: Leftovers
|-heal|p2a: Snorlax|100/100 slp|[from] item: Leftovers
|-damage|p2a: Snorlax|88/100 slp|[from] Leech Seed|[of] p1a: spike spike
|-heal|p1a: spike spike|93/100|[silent]
|upkeep
|turn|73
|
|move|p1a: spike spike|Spikes||[still]
|-fail|p1a: spike spike
|cant|p2a: Snorlax|slp
|
|-weather|Sandstorm|[upkeep]
|-damage|p2a: Snorlax|82/100 slp|[from] Sandstorm
|-heal|p1a: spike spike|99/100|[from] item: Leftovers
|-heal|p2a: Snorlax|88/100 slp|[from] item: Leftovers
|-damage|p2a: Snorlax|76/100 slp|[from] Leech Seed|[of] p1a: spike spike
|-heal|p1a: spike spike|100/100|[silent]
|upkeep
|turn|74
|
|move|p1a: spike spike|Spikes||[still]
|-fail|p1a: spike spike
|cant|p2a: Snorlax|slp
|
|-weather|Sandstorm|[upkeep]
|-damage|p2a: Snorlax|69/100 slp|[from] Sandstorm
|-heal|p2a: Snorlax|76/100 slp|[from] item: Leftovers
|-damage|p2a: Snorlax|63/100 slp|[from] Leech Seed|[of] p1a: spike spike
|upkeep
|turn|75
|
|move|p1a: spike spike|Spikes||[still]
|-fail|p1a: spike spike
|-curestatus|p2a: Snorlax|slp|[msg]
|move|p2a: Snorlax|Frustration|p1a: spike spike
|-resisted|p1a: spike spike
|-damage|p1a: spike spike|40/100
|-damage|p2a: Snorlax|51/100|[from] ability: Iron Barbs|[of] p1a: spike spike
|
|-weather|Sandstorm|[upkeep]
|-damage|p2a: Snorlax|44/100|[from] Sandstorm
|-heal|p1a: spike spike|47/100|[from] item: Leftovers
|-heal|p2a: Snorlax|51/100|[from] item: Leftovers
|-damage|p2a: Snorlax|38/100|[from] Leech Seed|[of] p1a: spike spike
|-heal|p1a: spike spike|64/100|[silent]
|upkeep
|turn|76
|
|move|p1a: spike spike|Protect|p1a: spike spike
|-singleturn|p1a: spike spike|Protect
|move|p2a: Snorlax|Rest|p2a: Snorlax
|-status|p2a: Snorlax|slp
|-heal|p2a: Snorlax|100/100 slp|[silent]
|-status|p2a: Snorlax|slp|[from] move: Rest
|
|-weather|Sandstorm|[upkeep]
|-damage|p2a: Snorlax|94/100 slp|[from] Sandstorm
|-heal|p1a: spike spike|70/100|[from] item: Leftovers
|-heal|p2a: Snorlax|100/100 slp|[from] item: Leftovers
|-damage|p2a: Snorlax|88/100 slp|[from] Leech Seed|[of] p1a: spike spike
|-heal|p1a: spike spike|88/100|[silent]
|upkeep
|turn|77
|
|move|p1a: spike spike|Spikes||[still]
|-fail|p1a: spike spike
|cant|p2a: Snorlax|slp
|
|-weather|Sandstorm|[upkeep]
|-damage|p2a: Snorlax|82/100 slp|[from] Sandstorm
|-heal|p1a: spike spike|94/100|[from] item: Leftovers
|-heal|p2a: Snorlax|88/100 slp|[from] item: Leftovers
|-damage|p2a: Snorlax|76/100 slp|[from] Leech Seed|[of] p1a: spike spike
|-heal|p1a: spike spike|100/100|[silent]
|upkeep
|turn|78
|
|move|p1a: spike spike|Spikes||[still]
|-fail|p1a: spike spike
|cant|p2a: Snorlax|slp
|move|p2a: Snorlax|Sleep Talk|p2a: Snorlax
|move|p2a: Snorlax|Curse|p2a: Snorlax|[from]Sleep Talk
|
|-weather|Sandstorm|[upkeep]
|-damage|p2a: Snorlax|69/100 slp|[from] Sandstorm
|-heal|p2a: Snorlax|76/100 slp|[from] item: Leftovers
|-damage|p2a: Snorlax|63/100 slp|[from] Leech Seed|[of] p1a: spike spike
|upkeep
|turn|79
|
|move|p1a: spike spike|Spikes||[still]
|-fail|p1a: spike spike
|-curestatus|p2a: Snorlax|slp|[msg]
|move|p2a: Snorlax|Frustration|p1a: spike spike
|-resisted|p1a: spike spike
|-damage|p1a: spike spike|49/100
|-damage|p2a: Snorlax|51/100|[from] ability: Iron Barbs|[of] p1a: spike spike
|
|-weather|Sandstorm|[upkeep]
|-damage|p2a: Snorlax|44/100|[from] Sandstorm
|-heal|p1a: spike spike|55/100|[from] item: Leftovers
|-heal|p2a: Snorlax|51/100|[from] item: Leftovers
|-damage|p2a: Snorlax|38/100|[from] Leech Seed|[of] p1a: spike spike
|-heal|p1a: spike spike|72/100|[silent]
|upkeep
|turn|80
|
|move|p1a: spike spike|Spikes||[still]
|-fail|p1a: spike spike
|move|p2a: Snorlax|Rest|p2a: Snorlax
|-status|p2a: Snorlax|slp
|-heal|p2a: Snorlax|100/100 slp|[silent]
|-status|p2a: Snorlax|slp|[from] move: Rest
|
|-weather|Sandstorm|[upkeep]
|-damage|p2a: Snorlax|94/100 slp|[from] Sandstorm
|-heal|p1a: spike spike|79/100|[from] item: Leftovers
|-heal|p2a: Snorlax|100/100 slp|[from] item: Leftovers
|-damage|p2a: Snorlax|88/100 slp|[from] Leech Seed|[of] p1a: spike spike
|-heal|p1a: spike spike|96/100|[silent]
|upkeep
|turn|81
|
|move|p1a: spike spike|Spikes||[still]
|-fail|p1a: spike spike
|cant|p2a: Snorlax|slp
|
|-weather|Sandstorm|[upkeep]
|-damage|p2a: Snorlax|82/100 slp|[from] Sandstorm
|-heal|p1a: spike spike|100/100|[from] item: Leftovers
|-heal|p2a: Snorlax|88/100 slp|[from] item: Leftovers
|-damage|p2a: Snorlax|76/100 slp|[from] Leech Seed|[of] p1a: spike spike
|upkeep
|turn|82
|
|move|p1a: spike spike|Spikes||[still]
|-fail|p1a: spike spike
|cant|p2a: Snorlax|slp
|
|-weather|Sandstorm|[upkeep]
|-damage|p2a: Snorlax|69/100 slp|[from] Sandstorm
|-heal|p2a: Snorlax|76/100 slp|[from] item: Leftovers
|-damage|p2a: Snorlax|63/100 slp|[from] Leech Seed|[of] p1a: spike spike
|upkeep
|turn|83
|
|move|p1a: spike spike|Spikes||[still]
|-fail|p1a: spike spike
|-curestatus|p2a: Snorlax|slp|[msg]
|move|p2a: Snorlax|Curse|p2a: Snorlax
|
|-weather|Sandstorm|[upkeep]
|-damage|p2a: Snorlax|57/100|[from] Sandstorm
|-heal|p2a: Snorlax|63/100|[from] item: Leftovers
|-damage|p2a: Snorlax|51/100|[from] Leech Seed|[of] p1a: spike spike
|upkeep
|turn|84
|
|move|p1a: spike spike|Leech Seed|p2a: Snorlax|[miss]
|-miss|p1a: spike spike|p2a: Snorlax
|move|p2a: Snorlax|Curse|p2a: Snorlax
|
|-weather|Sandstorm|[upkeep]
|-damage|p2a: Snorlax|44/100|[from] Sandstorm
|-heal|p2a: Snorlax|51/100|[from] item: Leftovers
|-damage|p2a: Snorlax|38/100|[from] Leech Seed|[of] p1a: spike spike
|upkeep
|turn|85
|
|move|p1a: spike spike|Power Whip|p2a: Snorlax
|-damage|p2a: Snorlax|31/100
|move|p2a: Snorlax|Curse|p2a: Snorlax
|
|-weather|Sandstorm|[upkeep]
|-damage|p2a: Snorlax|25/100|[from] Sandstorm
|-heal|p2a: Snorlax|31/100|[from] item: Leftovers
|-damage|p2a: Snorlax|19/100|[from] Leech Seed|[of] p1a: spike spike
|upkeep
|turn|86
|
|move|p1a: spike spike|Power Whip|p2a: Snorlax
|-damage|p2a: Snorlax|11/100
|move|p2a: Snorlax|Rest|p2a: Snorlax
|-status|p2a: Snorlax|slp
|-heal|p2a: Snorlax|100/100 slp|[silent]
|-status|p2a: Snorlax|slp|[from] move: Rest
|
|-weather|Sandstorm|[upkeep]
|-damage|p2a: Snorlax|94/100 slp|[from] Sandstorm
|-heal|p2a: Snorlax|100/100 slp|[from] item: Leftovers
|-damage|p2a: Snorlax|88/100 slp|[from] Leech Seed|[of] p1a: spike spike
|upkeep
|turn|87
|
|move|p1a: spike spike|Leech Seed||[still]
|-fail|p1a: spike spike
|cant|p2a: Snorlax|slp
|
|-weather|Sandstorm|[upkeep]
|-damage|p2a: Snorlax|82/100 slp|[from] Sandstorm
|-heal|p2a: Snorlax|88/100 slp|[from] item: Leftovers
|-damage|p2a: Snorlax|76/100 slp|[from] Leech Seed|[of] p1a: spike spike
|upkeep
|turn|88
|
|move|p1a: spike spike|Leech Seed||[still]
|-fail|p1a: spike spike
|cant|p2a: Snorlax|slp
|
|-weather|Sandstorm|[upkeep]
|-damage|p2a: Snorlax|69/100 slp|[from] Sandstorm
|-heal|p2a: Snorlax|76/100 slp|[from] item: Leftovers
|-damage|p2a: Snorlax|63/100 slp|[from] Leech Seed|[of] p1a: spike spike
|upkeep
|turn|89
|
|move|p1a: spike spike|Leech Seed||[still]
|-fail|p1a: spike spike
|-curestatus|p2a: Snorlax|slp|[msg]
|move|p2a: Snorlax|Curse|p2a: Snorlax
|
|-weather|Sandstorm|[upkeep]
|-damage|p2a: Snorlax|57/100|[from] Sandstorm
|-heal|p2a: Snorlax|63/100|[from] item: Leftovers
|-damage|p2a: Snorlax|51/100|[from] Leech Seed|[of] p1a: spike spike
|upkeep
|turn|90
|
|move|p1a: spike spike|Leech Seed||[still]
|-fail|p1a: spike spike
|move|p2a: Snorlax|Curse|p2a: Snorlax
|
|-weather|Sandstorm|[upkeep]
|-damage|p2a: Snorlax|44/100|[from] Sandstorm
|-heal|p2a: Snorlax|51/100|[from] item: Leftovers
|-damage|p2a: Snorlax|38/100|[from] Leech Seed|[of] p1a: spike spike
|upkeep
|turn|91
|
|move|p1a: spike spike|Leech Seed||[still]
|-fail|p1a: spike spike
|move|p2a: Snorlax|Rest|p2a: Snorlax
|-status|p2a: Snorlax|slp
|-heal|p2a: Snorlax|100/100 slp|[silent]
|-status|p2a: Snorlax|slp|[from] move: Rest
|
|-weather|Sandstorm|[upkeep]
|-damage|p2a: Snorlax|94/100 slp|[from] Sandstorm
|-heal|p2a: Snorlax|100/100 slp|[from] item: Leftovers
|-damage|p2a: Snorlax|88/100 slp|[from] Leech Seed|[of] p1a: spike spike
|upkeep
|turn|92
|
|move|p1a: spike spike|Leech Seed||[still]
|-fail|p1a: spike spike
|cant|p2a: Snorlax|slp
|
|-weather|Sandstorm|[upkeep]
|-damage|p2a: Snorlax|82/100 slp|[from] Sandstorm
|-heal|p2a: Snorlax|88/100 slp|[from] item: Leftovers
|-damage|p2a: Snorlax|76/100 slp|[from] Leech Seed|[of] p1a: spike spike
|upkeep
|turn|93
|
|move|p1a: spike spike|Leech Seed||[still]
|-fail|p1a: spike spike
|cant|p2a: Snorlax|slp
|
|-weather|Sandstorm|[upkeep]
|-damage|p2a: Snorlax|69/100 slp|[from] Sandstorm
|-heal|p2a: Snorlax|76/100 slp|[from] item: Leftovers
|-damage|p2a: Snorlax|63/100 slp|[from] Leech Seed|[of] p1a: spike spike
|upkeep
|turn|94
|
|move|p1a: spike spike|Leech Seed||[still]
|-fail|p1a: spike spike
|-curestatus|p2a: Snorlax|slp|[msg]
|move|p2a: Snorlax|Curse|p2a: Snorlax
|
|-weather|Sandstorm|[upkeep]
|-damage|p2a: Snorlax|57/100|[from] Sandstorm
|-heal|p2a: Snorlax|63/100|[from] item: Leftovers
|-damage|p2a: Snorlax|51/100|[from] Leech Seed|[of] p1a: spike spike
|upkeep
|turn|95
|
|move|p1a: spike spike|Leech Seed||[still]
|-fail|p1a: spike spike
|move|p2a: Snorlax|Curse|p2a: Snorlax
|
|-weather|Sandstorm|[upkeep]
|-damage|p2a: Snorlax|44/100|[from] Sandstorm
|-heal|p2a: Snorlax|51/100|[from] item: Leftovers
|-damage|p2a: Snorlax|38/100|[from] Leech Seed|[of] p1a: spike spike
|upkeep
|turn|96
|
|move|p1a: spike spike|Leech Seed||[still]
|-fail|p1a: spike spike
|move|p2a: Snorlax|Curse|p2a: Snorlax
|
|-weather|Sandstorm|[upkeep]
|-damage|p2a: Snorlax|32/100|[from] Sandstorm
|-heal|p2a: Snorlax|38/100|[from] item: Leftovers
|-damage|p2a: Snorlax|26/100|[from] Leech Seed|[of] p1a: spike spike
|upkeep
|turn|97
|
|move|p1a: spike spike|Leech Seed|p2a: Snorlax|[miss]
|-miss|p1a: spike spike|p2a: Snorlax
|move|p2a: Snorlax|Rest|p2a: Snorlax
|-status|p2a: Snorlax|slp
|-heal|p2a: Snorlax|100/100 slp|[silent]
|-status|p2a: Snorlax|slp|[from] move: Rest
|
|-weather|Sandstorm|[upkeep]
|-damage|p2a: Snorlax|94/100 slp|[from] Sandstorm
|-heal|p2a: Snorlax|100/100 slp|[from] item: Leftovers
|-damage|p2a: Snorlax|88/100 slp|[from] Leech Seed|[of] p1a: spike spike
|upkeep
|turn|98
|
|move|p1a: spike spike|Protect|p1a: spike spike
|-singleturn|p1a: spike spike|Protect
|cant|p2a: Snorlax|slp
|
|-weather|Sandstorm|[upkeep]
|-damage|p2a: Snorlax|82/100 slp|[from] Sandstorm
|-heal|p2a: Snorlax|88/100 slp|[from] item: Leftovers
|-damage|p2a: Snorlax|76/100 slp|[from] Leech Seed|[of] p1a: spike spike
|upkeep
|turn|99
|
|move|p1a: spike spike|Protect|p1a: spike spike
|-singleturn|p1a: spike spike|Protect
|cant|p2a: Snorlax|slp
|
|-weather|Sandstorm|[upkeep]
|-damage|p2a: Snorlax|69/100 slp|[from] Sandstorm
|-heal|p2a: Snorlax|76/100 slp|[from] item: Leftovers
|-damage|p2a: Snorlax|63/100 slp|[from] Leech Seed|[of] p1a: spike spike
|upkeep
|turn|100
|
|move|p1a: spike spike|Power Whip|p2a: Snorlax
|-damage|p2a: Snorlax|56/100 slp
|-curestatus|p2a: Snorlax|slp|[msg]
|move|p2a: Snorlax|Curse|p2a: Snorlax
|
|-weather|Sandstorm|[upkeep]
|-damage|p2a: Snorlax|50/100|[from] Sandstorm
|-heal|p2a: Snorlax|56/100|[from] item: Leftovers
|-damage|p2a: Snorlax|43/100|[from] Leech Seed|[of] p1a: spike spike
|upkeep
|turn|101
|
|move|p1a: spike spike|Protect|p1a: spike spike
|-singleturn|p1a: spike spike|Protect
|move|p2a: Snorlax|Curse|p2a: Snorlax
|
|-weather|Sandstorm|[upkeep]
|-damage|p2a: Snorlax|37/100|[from] Sandstorm
|-heal|p2a: Snorlax|43/100|[from] item: Leftovers
|-damage|p2a: Snorlax|31/100|[from] Leech Seed|[of] p1a: spike spike
|upkeep
|turn|102
|
|move|p1a: spike spike|Protect||[still]
|-fail|p1a: spike spike
|move|p2a: Snorlax|Rest|p2a: Snorlax
|-status|p2a: Snorlax|slp
|-heal|p2a: Snorlax|100/100 slp|[silent]
|-status|p2a: Snorlax|slp|[from] move: Rest
|
|-weather|Sandstorm|[upkeep]
|-damage|p2a: Snorlax|94/100 slp|[from] Sandstorm
|-heal|p2a: Snorlax|100/100 slp|[from] item: Leftovers
|-damage|p2a: Snorlax|88/100 slp|[from] Leech Seed|[of] p1a: spike spike
|upkeep
|turn|103
|
|move|p1a: spike spike|Protect|p1a: spike spike
|-singleturn|p1a: spike spike|Protect
|cant|p2a: Snorlax|slp
|
|-weather|Sandstorm|[upkeep]
|-damage|p2a: Snorlax|82/100 slp|[from] Sandstorm
|-heal|p2a: Snorlax|88/100 slp|[from] item: Leftovers
|-damage|p2a: Snorlax|76/100 slp|[from] Leech Seed|[of] p1a: spike spike
|upkeep
|turn|104
|
|move|p1a: spike spike|Protect||[still]
|-fail|p1a: spike spike
|cant|p2a: Snorlax|slp
|
|-weather|Sandstorm|[upkeep]
|-damage|p2a: Snorlax|69/100 slp|[from] Sandstorm
|-heal|p2a: Snorlax|76/100 slp|[from] item: Leftovers
|-damage|p2a: Snorlax|63/100 slp|[from] Leech Seed|[of] p1a: spike spike
|upkeep
|turn|105
|
|move|p1a: spike spike|Power Whip|p2a: Snorlax
|-damage|p2a: Snorlax|55/100 slp
|-curestatus|p2a: Snorlax|slp|[msg]
|move|p2a: Snorlax|Sleep Talk||[still]
|-fail|p2a: Snorlax
|
|-weather|Sandstorm|[upkeep]
|-damage|p2a: Snorlax|49/100|[from] Sandstorm
|-heal|p2a: Snorlax|55/100|[from] item: Leftovers
|-damage|p2a: Snorlax|43/100|[from] Leech Seed|[of] p1a: spike spike
|upkeep
|turn|106
|
|move|p1a: spike spike|Power Whip|p2a: Snorlax
|-damage|p2a: Snorlax|34/100
|move|p2a: Snorlax|Sleep Talk||[still]
|-fail|p2a: Snorlax
|
|-weather|Sandstorm|[upkeep]
|-damage|p2a: Snorlax|28/100|[from] Sandstorm
|-heal|p2a: Snorlax|34/100|[from] item: Leftovers
|-damage|p2a: Snorlax|22/100|[from] Leech Seed|[of] p1a: spike spike
|upkeep
|turn|107
|
|move|p1a: spike spike|Protect|p1a: spike spike
|-singleturn|p1a: spike spike|Protect
|move|p2a: Snorlax|Rest|p2a: Snorlax
|-status|p2a: Snorlax|slp
|-heal|p2a: Snorlax|100/100 slp|[silent]
|-status|p2a: Snorlax|slp|[from] move: Rest
|
|-weather|Sandstorm|[upkeep]
|-damage|p2a: Snorlax|94/100 slp|[from] Sandstorm
|-heal|p2a: Snorlax|100/100 slp|[from] item: Leftovers
|-damage|p2a: Snorlax|88/100 slp|[from] Leech Seed|[of] p1a: spike spike
|upkeep
|turn|108
|
|move|p1a: spike spike|Protect||[still]
|-fail|p1a: spike spike
|cant|p2a: Snorlax|slp
|
|-weather|Sandstorm|[upkeep]
|-damage|p2a: Snorlax|82/100 slp|[from] Sandstorm
|-heal|p2a: Snorlax|88/100 slp|[from] item: Leftovers
|-damage|p2a: Snorlax|76/100 slp|[from] Leech Seed|[of] p1a: spike spike
|upkeep
|turn|109
|
|move|p1a: spike spike|Protect|p1a: spike spike
|-singleturn|p1a: spike spike|Protect
|cant|p2a: Snorlax|slp
|
|-weather|Sandstorm|[upkeep]
|-damage|p2a: Snorlax|69/100 slp|[from] Sandstorm
|-heal|p2a: Snorlax|76/100 slp|[from] item: Leftovers
|-damage|p2a: Snorlax|63/100 slp|[from] Leech Seed|[of] p1a: spike spike
|upkeep
|turn|110
|
|move|p1a: spike spike|Power Whip|p2a: Snorlax
|-damage|p2a: Snorlax|56/100 slp
|-curestatus|p2a: Snorlax|slp|[msg]
|move|p2a: Snorlax|Sleep Talk||[still]
|-fail|p2a: Snorlax
|
|-weather|Sandstorm|[upkeep]
|-damage|p2a: Snorlax|49/100|[from] Sandstorm
|-heal|p2a: Snorlax|56/100|[from] item: Leftovers
|-damage|p2a: Snorlax|43/100|[from] Leech Seed|[of] p1a: spike spike
|upkeep
|turn|111
|
|move|p1a: spike spike|Power Whip|p2a: Snorlax
|-damage|p2a: Snorlax|36/100
|move|p2a: Snorlax|Sleep Talk||[still]
|-fail|p2a: Snorlax
|
|-weather|Sandstorm|[upkeep]
|-damage|p2a: Snorlax|29/100|[from] Sandstorm
|-heal|p2a: Snorlax|36/100|[from] item: Leftovers
|-damage|p2a: Snorlax|23/100|[from] Leech Seed|[of] p1a: spike spike
|upkeep
|turn|112
|
|move|p1a: spike spike|Power Whip|p2a: Snorlax
|-damage|p2a: Snorlax|15/100
|move|p2a: Snorlax|Rest|p2a: Snorlax
|-status|p2a: Snorlax|slp
|-heal|p2a: Snorlax|100/100 slp|[silent]
|-status|p2a: Snorlax|slp|[from] move: Rest
|
|-weather|Sandstorm|[upkeep]
|-damage|p2a: Snorlax|94/100 slp|[from] Sandstorm
|-heal|p2a: Snorlax|100/100 slp|[from] item: Leftovers
|-damage|p2a: Snorlax|88/100 slp|[from] Leech Seed|[of] p1a: spike spike
|upkeep
|turn|113
|
|move|p1a: spike spike|Protect|p1a: spike spike
|-singleturn|p1a: spike spike|Protect
|cant|p2a: Snorlax|slp
|
|-weather|Sandstorm|[upkeep]
|-damage|p2a: Snorlax|82/100 slp|[from] Sandstorm
|-heal|p2a: Snorlax|88/100 slp|[from] item: Leftovers
|-damage|p2a: Snorlax|76/100 slp|[from] Leech Seed|[of] p1a: spike spike
|upkeep
|turn|114
|
|move|p1a: spike spike|Power Whip|p2a: Snorlax
|-damage|p2a: Snorlax|69/100 slp
|cant|p2a: Snorlax|slp
|move|p2a: Snorlax|Sleep Talk|p2a: Snorlax
|move|p2a: Snorlax|Curse|p2a: Snorlax|[from]Sleep Talk
|
|-weather|Sandstorm|[upkeep]
|-damage|p2a: Snorlax|62/100 slp|[from] Sandstorm
|-heal|p2a: Snorlax|69/100 slp|[from] item: Leftovers
|-damage|p2a: Snorlax|56/100 slp|[from] Leech Seed|[of] p1a: spike spike
|upkeep
|turn|115
|
|move|p1a: spike spike|Power Whip|p2a: Snorlax
|-damage|p2a: Snorlax|49/100 slp
|-curestatus|p2a: Snorlax|slp|[msg]
|move|p2a: Snorlax|Frustration|p1a: spike spike
|-resisted|p1a: spike spike
|-damage|p1a: spike spike|49/100
|-damage|p2a: Snorlax|36/100|[from] ability: Iron Barbs|[of] p1a: spike spike
|
|-weather|Sandstorm|[upkeep]
|-damage|p2a: Snorlax|30/100|[from] Sandstorm
|-heal|p1a: spike spike|55/100|[from] item: Leftovers
|-heal|p2a: Snorlax|36/100|[from] item: Leftovers
|-damage|p2a: Snorlax|24/100|[from] Leech Seed|[of] p1a: spike spike
|-heal|p1a: spike spike|72/100|[silent]
|upkeep
|turn|116
|
|move|p1a: spike spike|Protect|p1a: spike spike
|-singleturn|p1a: spike spike|Protect
|move|p2a: Snorlax|Frustration|p1a: spike spike
|-activate|p1a: spike spike|move: Protect
|
|-weather|Sandstorm|[upkeep]
|-damage|p2a: Snorlax|18/100|[from] Sandstorm
|-heal|p1a: spike spike|79/100|[from] item: Leftovers
|-heal|p2a: Snorlax|24/100|[from] item: Leftovers
|-damage|p2a: Snorlax|11/100|[from] Leech Seed|[of] p1a: spike spike
|-heal|p1a: spike spike|96/100|[silent]
|upkeep
|turn|117
|
|-activate|p1a: spike spike|move: Struggle
|move|p1a: spike spike|Struggle|p2a: Snorlax
|-damage|p2a: Snorlax|9/100
|-damage|p1a: spike spike|71/100|[from] recoil
|move|p2a: Snorlax|Frustration|p1a: spike spike
|-resisted|p1a: spike spike
|-damage|p1a: spike spike|12/100
|-damage|p2a: Snorlax|0 fnt|[from] ability: Iron Barbs|[of] p1a: spike spike
|faint|p2a: Snorlax
|-formechange|p2a: Snorlax|Snorlax||[from] ability: Iron Barbs
|
|-weather|Sandstorm|[upkeep]
|-heal|p1a: spike spike|19/100|[from] item: Leftovers
|upkeep
|c|☆mauserisfat|lol
|c|☆mauserisfat|gg
|c|☆porrompompom|the worse, the luckier
|
|switch|p2a: Magnezone|Magnezone|6/100
|-damage|p2a: Magnezone|0 fnt|[from] Spikes
|faint|p2a: Magnezone
|
|win|mauserisfat
|c|☆mauserisfat|?
|raw|mauserisfat's rating: 1276 &rarr; <strong>1313</strong><br />(+37 for winning)
|raw|porrompompom's rating: 1456 &rarr; <strong>1426</strong><br />(-30 for losing)
