|j|☆NMemories
|j|☆RisingTheUppercut
|player|p1|NMemories|192|1338
|player|p2|RisingTheUppercut|ingo|1347
|teamsize|p1|6
|teamsize|p2|6
|gametype|singles
|gen|5
|tier|[Gen 5] OU
|rated|
|rule|Sleep Clause Mod: Limit one foe put to sleep
|rule|Species Clause: Limit one of each Pokémon
|rule|OHKO Clause: OHKO moves are banned
|rule|Moody Clause: Moody is banned
|rule|Evasion Moves Clause: Evasion moves are banned
|rule|Endless Battle Clause: Forcing endless battles is banned
|rule|HP Percentage Mod: HP is shown in percentages
|rule|Evasion Abilities Clause: Evasion abilities are banned
|rule|Baton Pass Clause: Limit one Baton Passer, can't pass Spe and other stats simultaneously
|rule|Swagger Clause: Swagger is banned
|clearpoke
|poke|p1|Politoed, M|item
|poke|p1|Tentacruel, F|item
|poke|p1|Ferrothorn, F|item
|poke|p1|Keldeo-Resolute|item
|poke|p1|Thundurus-Therian, M|item
|poke|p1|Latios, M|item
|poke|p2|Politoed, F|item
|poke|p2|Breloom, F|item
|poke|p2|Tentacruel, M|item
|poke|p2|Jirachi|item
|poke|p2|Tornadus, M|item
|poke|p2|Garchomp, M|item
|teampreview
|
|start
|switch|p1a: Thundurus|Thundurus-Therian, M|100/100
|switch|p2a: Jirachi|Jirachi|100/100
|turn|1
|
|move|p1a: Thundurus|Substitute|p1a: Thundurus
|-start|p1a: Thundurus|Substitute
|-damage|p1a: Thundurus|76/100
|move|p2a: Jirachi|Body Slam|p1a: Thundurus
|-end|p1a: Thundurus|Substitute
|
|-heal|p1a: Thundurus|82/100|[from] item: Leftovers
|upkeep
|turn|2
|
|move|p1a: Thundurus|Thunder|p2a: Jirachi
|-crit|p2a: Jirachi
|-damage|p2a: Jirachi|22/100
|move|p2a: Jirachi|Body Slam|p1a: Thundurus
|-damage|p1a: Thundurus|55/100
|
|-heal|p1a: Thundurus|61/100|[from] item: Leftovers
|-heal|p2a: Jirachi|28/100|[from] item: Leftovers
|upkeep
|turn|3
|
|move|p1a: Thundurus|Thunder|p2a: Jirachi
|-damage|p2a: Jirachi|0 fnt
|faint|p2a: Jirachi
|
|-heal|p1a: Thundurus|67/100|[from] item: Leftovers
|upkeep
|c|☆RisingTheUppercut|wtf？
|
|switch|p2a: Politoed|Politoed, F|100/100
|-weather|RainDance|[from] ability: Drizzle|[of] p2a: Politoed
|turn|4
|inactive|Battle timer is ON: inactive players will automatically lose when time's up. (requested by RisingTheUppercut)
|
|move|p2a: Politoed|Hydro Pump|p1a: Thundurus
|-damage|p1a: Thundurus|0 fnt
|faint|p1a: Thundurus
|
|-weather|RainDance|[upkeep]
|upkeep
|
|switch|p1a: Ferrothorn|Ferrothorn, F|100/100
|turn|5
|
|switch|p2a: Breloom|Breloom, F|100/100
|move|p1a: Ferrothorn|Spikes|p2a: Breloom
|-sidestart|p2: RisingTheUppercut|Spikes
|
|-weather|RainDance|[upkeep]
|-status|p2a: Breloom|tox|[from] item: Toxic Orb
|upkeep
|turn|6
|inactive|NMemories has 120 seconds left.
|
|switch|p1a: Latios|Latios, M|100/100
|move|p2a: Breloom|Spore|p1a: Latios
|-status|p1a: Latios|slp|[from] move: Spore
|
|-weather|RainDance|[upkeep]
|upkeep
|turn|7
|
|cant|p1a: Latios|slp
|move|p2a: Breloom|Bulk Up|p2a: Breloom
|-boost|p2a: Breloom|atk|1
|-boost|p2a: Breloom|def|1
|
|-weather|RainDance|[upkeep]
|upkeep
|turn|8
|
|cant|p1a: Latios|slp
|move|p2a: Breloom|Facade|p1a: Latios
|-damage|p1a: Latios|13/100 slp
|
|-weather|RainDance|[upkeep]
|upkeep
|turn|9
|
|-curestatus|p1a: Latios|slp|[msg]
|move|p1a: Latios|Draco Meteor|p2a: Breloom
|-damage|p2a: Breloom|21/100 tox
|-unboost|p1a: Latios|spa|2
|move|p2a: Breloom|Facade|p1a: Latios
|-damage|p1a: Latios|0 fnt
|faint|p1a: Latios
|
|-weather|RainDance|[upkeep]
|-heal|p2a: Breloom|33/100 tox|[from] ability: Poison Heal
|upkeep
|
|switch|p1a: Keldeo|Keldeo-Resolute|100/100
|turn|10
|
|switch|p2a: Tentacruel|Tentacruel, M|100/100
|-damage|p2a: Tentacruel|88/100|[from] Spikes
|move|p1a: Keldeo|Surf|p2a: Tentacruel
|-resisted|p2a: Tentacruel
|-damage|p2a: Tentacruel|42/100
|
|-weather|RainDance|[upkeep]
|-heal|p2a: Tentacruel|48/100|[from] ability: Rain Dish
|-heal|p2a: Tentacruel|54/100|[from] item: Black Sludge
|upkeep
|turn|11
|
|move|p1a: Keldeo|Surf|p2a: Tentacruel
|-resisted|p2a: Tentacruel
|-damage|p2a: Tentacruel|8/100
|move|p2a: Tentacruel|Toxic|p1a: Keldeo
|-status|p1a: Keldeo|tox
|
|-weather|RainDance|[upkeep]
|-heal|p2a: Tentacruel|14/100|[from] ability: Rain Dish
|-heal|p2a: Tentacruel|20/100|[from] item: Black Sludge
|-damage|p1a: Keldeo|94/100 tox|[from] psn
|upkeep
|turn|12
|
|move|p2a: Tentacruel|Protect|p2a: Tentacruel
|-singleturn|p2a: Tentacruel|Protect
|move|p1a: Keldeo|Surf|p2a: Tentacruel
|-activate|p2a: Tentacruel|move: Protect
|
|-weather|RainDance|[upkeep]
|-heal|p2a: Tentacruel|26/100|[from] ability: Rain Dish
|-heal|p2a: Tentacruel|32/100|[from] item: Black Sludge
|-damage|p1a: Keldeo|82/100 tox|[from] psn
|upkeep
|turn|13
|inactive|RisingTheUppercut has 120 seconds left.
|
|move|p2a: Tentacruel|Protect||[still]
|-fail|p2a: Tentacruel
|move|p1a: Keldeo|Surf|p2a: Tentacruel
|-resisted|p2a: Tentacruel
|-damage|p2a: Tentacruel|0 fnt
|faint|p2a: Tentacruel
|
|-weather|RainDance|[upkeep]
|-damage|p1a: Keldeo|63/100 tox|[from] psn
|upkeep
|
|switch|p2a: Tornadus|Tornadus, M|100/100
|turn|14
|
|switch|p1a: Ferrothorn|Ferrothorn, F|100/100
|move|p2a: Tornadus|Hurricane|p1a: Ferrothorn
|-damage|p1a: Ferrothorn|44/100
|
|-weather|RainDance|[upkeep]
|-heal|p1a: Ferrothorn|50/100|[from] item: Leftovers
|upkeep
|turn|15
|inactive|RisingTheUppercut has 120 seconds left.
|
|move|p2a: Tornadus|Hurricane|p1a: Ferrothorn
|-damage|p1a: Ferrothorn|0 fnt
|faint|p1a: Ferrothorn
|
|-weather|RainDance|[upkeep]
|upkeep
|
|switch|p1a: Tentacruel|Tentacruel, F|100/100
|turn|16
|
|switch|p2a: Breloom|Breloom, F|33/100 tox
|-damage|p2a: Breloom|21/100 tox|[from] Spikes
|move|p1a: Tentacruel|Scald|p2a: Breloom
|-resisted|p2a: Breloom
|-damage|p2a: Breloom|4/100 tox
|
|-weather|RainDance|[upkeep]
|-heal|p2a: Breloom|16/100 tox|[from] ability: Poison Heal
|upkeep
|turn|17
|
|move|p1a: Tentacruel|Scald|p2a: Breloom
|-resisted|p2a: Breloom
|-damage|p2a: Breloom|0 fnt
|faint|p2a: Breloom
|
|-weather|RainDance|[upkeep]
|upkeep
|
|switch|p2a: Garchomp|Garchomp, M|100/100
|-damage|p2a: Garchomp|88/100|[from] Spikes
|turn|18
|
|switch|p1a: Politoed|Politoed, M|100/100
|move|p2a: Garchomp|Earthquake|p1a: Politoed
|-damage|p1a: Politoed|30/100
|
|-weather|RainDance|[upkeep]
|-heal|p1a: Politoed|36/100|[from] item: Leftovers
|upkeep
|turn|19
|
|move|p2a: Garchomp|Earthquake|p1a: Politoed
|-damage|p1a: Politoed|0 fnt
|faint|p1a: Politoed
|
|-weather|RainDance|[upkeep]
|upkeep
|
|switch|p1a: Keldeo|Keldeo-Resolute|63/100 tox
|turn|20
|
|switch|p2a: Politoed|Politoed, F|100/100
|-damage|p2a: Politoed|88/100|[from] Spikes
|move|p1a: Keldeo|Surf|p2a: Politoed
|-resisted|p2a: Politoed
|-damage|p2a: Politoed|27/100
|
|-weather|RainDance|[upkeep]
|-damage|p1a: Keldeo|57/100 tox|[from] psn
|upkeep
|turn|21
|
|switch|p1a: Tentacruel|Tentacruel, F|100/100
|move|p2a: Politoed|Hidden Power|p1a: Tentacruel
|-supereffective|p1a: Tentacruel
|-damage|p1a: Tentacruel|68/100
|
|-weather|RainDance|[upkeep]
|-heal|p1a: Tentacruel|74/100|[from] ability: Rain Dish
|-heal|p1a: Tentacruel|80/100|[from] item: Black Sludge
|upkeep
|turn|22
|
|switch|p2a: Garchomp|Garchomp, M|88/100
|-damage|p2a: Garchomp|76/100|[from] Spikes
|move|p1a: Tentacruel|Toxic|p2a: Garchomp
|-status|p2a: Garchomp|tox
|
|-weather|RainDance|[upkeep]
|-heal|p1a: Tentacruel|86/100|[from] ability: Rain Dish
|-heal|p1a: Tentacruel|93/100|[from] item: Black Sludge
|-damage|p2a: Garchomp|70/100 tox|[from] psn
|upkeep
|turn|23
|
|move|p1a: Tentacruel|Protect|p1a: Tentacruel
|-singleturn|p1a: Tentacruel|Protect
|move|p2a: Garchomp|Earthquake|p1a: Tentacruel
|-activate|p1a: Tentacruel|move: Protect
|
|-weather|RainDance|[upkeep]
|-heal|p1a: Tentacruel|99/100|[from] ability: Rain Dish
|-heal|p1a: Tentacruel|100/100|[from] item: Black Sludge
|-damage|p2a: Garchomp|57/100 tox|[from] psn
|upkeep
|turn|24
|
|switch|p1a: Keldeo|Keldeo-Resolute|57/100 tox
|move|p2a: Garchomp|Earthquake|p1a: Keldeo
|-damage|p1a: Keldeo|0 fnt
|faint|p1a: Keldeo
|
|-weather|RainDance|[upkeep]
|-damage|p2a: Garchomp|39/100 tox|[from] psn
|upkeep
|
|switch|p1a: Tentacruel|Tentacruel, F|100/100
|turn|25
|
|move|p1a: Tentacruel|Protect|p1a: Tentacruel
|-singleturn|p1a: Tentacruel|Protect
|move|p2a: Garchomp|Earthquake|p1a: Tentacruel
|-activate|p1a: Tentacruel|move: Protect
|
|-weather|RainDance|[upkeep]
|-damage|p2a: Garchomp|14/100 tox|[from] psn
|upkeep
|turn|26
|
|move|p1a: Tentacruel|Protect||[still]
|-fail|p1a: Tentacruel
|move|p2a: Garchomp|Earthquake|p1a: Tentacruel
|-supereffective|p1a: Tentacruel
|-damage|p1a: Tentacruel|0 fnt
|faint|p1a: Tentacruel
|
|win|RisingTheUppercut
|l|☆NMemories
|raw|NMemories's rating: 1338 &rarr; <strong>1319</strong><br />(-19 for losing)
|raw|RisingTheUppercut's rating: 1348 &rarr; <strong>1367</strong><br />(+19 for winning)
