|uhtml|medal-msg|<div class="broadcast-blue">Curious what those medals under the avatar are? PS now has Ladder Seasons! For more information, check out the <a href="https://www.smogon.com/forums/threads/3740067/">thread on Smogon.</a></div>
|uhtml|medal-msg|<div class="broadcast-blue">Curious what those medals under the avatar are? PS now has Ladder Seasons! For more information, check out the <a href="https://www.smogon.com/forums/threads/3740067/">thread on Smogon.</a></div>
|j|☆BookofConke
|j|☆seanb143
|t:|1713504621
|gametype|singles
|player|p1|BookofConke|silver-masters|1449
|player|p2|seanb143|emmet|1387
|teamsize|p1|6
|teamsize|p2|6
|gen|5
|tier|[Gen 5] OU
|rated|
|rule|Species Clause: Limit one of each Pokémon
|rule|OHKO Clause: OHKO moves are banned
|rule|Moody Clause: Moody is banned
|rule|Evasion Items Clause: Evasion items are banned
|rule|Evasion Moves Clause: Evasion moves are banned
|rule|Endless Battle Clause: Forcing endless battles is banned
|rule|HP Percentage Mod: HP is shown in percentages
|rule|Evasion Abilities Clause: Evasion abilities are banned
|rule|Sleep Moves Clause: Sleep-inducing moves are banned
|rule|Swagger Clause: Swagger is banned
|rule|Baton Pass Stat Clause: No Baton Passer may have a way to boost its stats
|clearpoke
|poke|p1|Kyurem-Black|item
|poke|p1|Latios, M|item
|poke|p1|Garchomp, M|item
|poke|p1|Magnezone|item
|poke|p1|Reuniclus, M|item
|poke|p1|Jirachi|item
|poke|p2|Conkeldurr, M|item
|poke|p2|Xatu, F|item
|poke|p2|Heatran, M|item
|poke|p2|Forretress, F|item
|poke|p2|Abomasnow, F|item
|poke|p2|Jellicent, M|item
|teampreview
|inactive|Battle timer is ON: inactive players will automatically lose when time's up. (requested by seanb143)
|
|t:|1713504645
|start
|switch|p1a: Jirachi|Jirachi|100/100
|switch|p2a: Conkeldurr|Conkeldurr, M, shiny|100/100
|turn|1
|
|t:|1713504656
|switch|p1a: Latios|Latios, M|100/100
|switch|p2a: Xatu|Xatu, F, shiny|100/100
|
|upkeep
|turn|2
|
|t:|1713504668
|switch|p2a: Heatran|Heatran, M, shiny|100/100
|move|p1a: Latios|Draco Meteor|p2a: Heatran
|-resisted|p2a: Heatran
|-damage|p2a: Heatran|67/100
|-unboost|p1a: Latios|spa|2
|
|-heal|p2a: Heatran|74/100|[from] item: Leftovers
|upkeep
|turn|3
|
|t:|1713504681
|switch|p1a: Garchomp|Garchomp, M|100/100
|move|p2a: Heatran|Stealth Rock|p1a: Garchomp
|-sidestart|p1: BookofConke|move: Stealth Rock
|
|-heal|p2a: Heatran|80/100|[from] item: Leftovers
|upkeep
|turn|4
|
|t:|1713504704
|switch|p1a: Reuniclus|Reuniclus, M|100/100
|switch|p2a: Xatu|Xatu, F, shiny|100/100
|
|upkeep
|turn|5
|
|t:|1713504711
|move|p2a: Xatu|U-turn|p1a: Reuniclus
|-supereffective|p1a: Reuniclus
|-damage|p1a: Reuniclus|74/100
|
|t:|1713504714
|switch|p2a: Heatran|Heatran, M, shiny|80/100|[from] U-turn
|move|p1a: Reuniclus|Hidden Power|p2a: Heatran
|-resisted|p2a: Heatran
|-damage|p2a: Heatran|74/100
|
|-heal|p2a: Heatran|81/100|[from] item: Leftovers
|upkeep
|turn|6
|
|t:|1713504721
|move|p2a: Heatran|Lava Plume|p1a: Reuniclus
|-damage|p1a: Reuniclus|40/100
|move|p1a: Reuniclus|Focus Blast|p2a: Heatran
|-supereffective|p2a: Heatran
|-damage|p2a: Heatran|9/100
|-unboost|p2a: Heatran|spd|1
|
|-heal|p2a: Heatran|15/100|[from] item: Leftovers
|upkeep
|turn|7
|
|t:|1713504744
|move|p1a: Reuniclus|Psychic|p2a: Heatran
|-resisted|p2a: Heatran
|-damage|p2a: Heatran|0 fnt
|faint|p2a: Heatran
|
|upkeep
|
|t:|1713504748
|switch|p2a: Abomasnow|Abomasnow, F, shiny|100/100
|-weather|Hail|[from] ability: Snow Warning|[of] p2a: Abomasnow
|turn|8
|
|t:|1713504764
|switch|p1a: Jirachi|Jirachi|100/100
|-damage|p1a: Jirachi|94/100|[from] Stealth Rock
|move|p2a: Abomasnow|Wood Hammer|p1a: Jirachi
|-resisted|p1a: Jirachi
|-damage|p1a: Jirachi|73/100
|-damage|p2a: Abomasnow|93/100|[from] Recoil
|
|-weather|Hail|[upkeep]
|-damage|p1a: Jirachi|67/100|[from] Hail
|-heal|p1a: Jirachi|73/100|[from] item: Leftovers
|-heal|p2a: Abomasnow|99/100|[from] item: Leftovers
|upkeep
|turn|9
|
|t:|1713504783
|move|p1a: Jirachi|Body Slam|p2a: Abomasnow
|-damage|p2a: Abomasnow|73/100
|move|p2a: Abomasnow|Leech Seed|p1a: Jirachi
|-start|p1a: Jirachi|move: Leech Seed
|
|-weather|Hail|[upkeep]
|-damage|p1a: Jirachi|67/100|[from] Hail
|-heal|p1a: Jirachi|73/100|[from] item: Leftovers
|-heal|p2a: Abomasnow|79/100|[from] item: Leftovers
|-damage|p1a: Jirachi|60/100|[from] Leech Seed|[of] p2a: Abomasnow
|-heal|p2a: Abomasnow|93/100|[silent]
|upkeep
|turn|10
|
|t:|1713504794
|switch|p2a: Conkeldurr|Conkeldurr, M, shiny|100/100
|move|p1a: Jirachi|Stealth Rock|p2a: Conkeldurr
|-sidestart|p2: seanb143|move: Stealth Rock
|
|-weather|Hail|[upkeep]
|-damage|p1a: Jirachi|54/100|[from] Hail
|-damage|p2a: Conkeldurr|94/100|[from] Hail
|-heal|p1a: Jirachi|60/100|[from] item: Leftovers
|-heal|p2a: Conkeldurr|100/100|[from] item: Leftovers
|-damage|p1a: Jirachi|48/100|[from] Leech Seed|[of] p2a: Conkeldurr
|upkeep
|turn|11
|
|t:|1713504805
|move|p1a: Jirachi|U-turn|p2a: Conkeldurr
|-resisted|p2a: Conkeldurr
|-damage|p2a: Conkeldurr|93/100
|
|t:|1713504809
|switch|p1a: Latios|Latios, M|100/100|[from] U-turn
|-damage|p1a: Latios|88/100|[from] Stealth Rock
|move|p2a: Conkeldurr|Payback|p1a: Latios
|-supereffective|p1a: Latios
|-damage|p1a: Latios|29/100
|
|-weather|Hail|[upkeep]
|-damage|p1a: Latios|23/100|[from] Hail
|-damage|p2a: Conkeldurr|87/100|[from] Hail
|-heal|p2a: Conkeldurr|93/100|[from] item: Leftovers
|upkeep
|turn|12
|
|t:|1713504825
|switch|p2a: Forretress|Forretress, F, shiny|100/100
|-damage|p2a: Forretress|88/100|[from] Stealth Rock
|move|p1a: Latios|Draco Meteor|p2a: Forretress
|-resisted|p2a: Forretress
|-crit|p2a: Forretress
|-damage|p2a: Forretress|0 fnt
|-unboost|p1a: Latios|spa|2
|faint|p2a: Forretress
|
|-weather|Hail|[upkeep]
|-damage|p1a: Latios|17/100|[from] Hail
|upkeep
|
|t:|1713504832
|switch|p2a: Abomasnow|Abomasnow, F, shiny|93/100
|-damage|p2a: Abomasnow|68/100|[from] Stealth Rock
|turn|13
|
|t:|1713504844
|switch|p1a: Jirachi|Jirachi|48/100
|-damage|p1a: Jirachi|42/100|[from] Stealth Rock
|move|p2a: Abomasnow|Ice Shard|p1a: Jirachi
|-resisted|p1a: Jirachi
|-damage|p1a: Jirachi|35/100
|
|-weather|Hail|[upkeep]
|-damage|p1a: Jirachi|28/100|[from] Hail
|-heal|p1a: Jirachi|35/100|[from] item: Leftovers
|-heal|p2a: Abomasnow|74/100|[from] item: Leftovers
|upkeep
|turn|14
|inactive|BookofConke has 120 seconds left.
|
|t:|1713504870
|move|p2a: Abomasnow|Protect|p2a: Abomasnow
|-singleturn|p2a: Abomasnow|Protect
|move|p1a: Jirachi|U-turn|p2a: Abomasnow
|-activate|p2a: Abomasnow|move: Protect
|
|-weather|Hail|[upkeep]
|-damage|p1a: Jirachi|28/100|[from] Hail
|-heal|p1a: Jirachi|35/100|[from] item: Leftovers
|-heal|p2a: Abomasnow|80/100|[from] item: Leftovers
|upkeep
|turn|15
|inactive|BookofConke has 120 seconds left.
|
|t:|1713504879
|move|p1a: Jirachi|Iron Head|p2a: Abomasnow
|-supereffective|p2a: Abomasnow
|-damage|p2a: Abomasnow|20/100
|cant|p2a: Abomasnow|flinch
|
|-weather|Hail|[upkeep]
|-damage|p1a: Jirachi|28/100|[from] Hail
|-heal|p1a: Jirachi|35/100|[from] item: Leftovers
|-heal|p2a: Abomasnow|26/100|[from] item: Leftovers
|upkeep
|turn|16
|
|t:|1713504888
|switch|p2a: Xatu|Xatu, F, shiny|100/100
|-damage|p2a: Xatu|76/100|[from] Stealth Rock
|move|p1a: Jirachi|U-turn|p2a: Xatu
|-damage|p2a: Xatu|59/100
|-damage|p1a: Jirachi|18/100|[from] item: Rocky Helmet|[of] p2a: Xatu
|inactive|BookofConke has 120 seconds left.
|
|t:|1713504906
|switch|p1a: Magnezone|Magnezone|100/100|[from] U-turn
|-damage|p1a: Magnezone|94/100|[from] Stealth Rock
|
|-weather|Hail|[upkeep]
|-damage|p2a: Xatu|53/100|[from] Hail
|-damage|p1a: Magnezone|88/100|[from] Hail
|upkeep
|turn|17
|inactive|BookofConke has 120 seconds left.
|
|t:|1713504913
|move|p2a: Xatu|Night Shade|p1a: Magnezone
|-damage|p1a: Magnezone|54/100
|move|p1a: Magnezone|Thunderbolt|p2a: Xatu
|-supereffective|p2a: Xatu
|-damage|p2a: Xatu|0 fnt
|faint|p2a: Xatu
|
|-weather|Hail|[upkeep]
|-damage|p1a: Magnezone|47/100|[from] Hail
|upkeep
|
|t:|1713504915
|switch|p2a: Conkeldurr|Conkeldurr, M, shiny|93/100
|-damage|p2a: Conkeldurr|87/100|[from] Stealth Rock
|turn|18
|inactive|BookofConke has 120 seconds left.
|
|t:|1713504933
|move|p2a: Conkeldurr|Mach Punch|p1a: Magnezone
|-supereffective|p1a: Magnezone
|-enditem|p1a: Magnezone|Chople Berry|[eat]
|-enditem|p1a: Magnezone|Chople Berry|[weaken]
|-damage|p1a: Magnezone|23/100
|move|p1a: Magnezone|Thunderbolt|p2a: Conkeldurr
|-damage|p2a: Conkeldurr|29/100
|
|-weather|Hail|[upkeep]
|-damage|p1a: Magnezone|16/100|[from] Hail
|-damage|p2a: Conkeldurr|23/100|[from] Hail
|-heal|p2a: Conkeldurr|29/100|[from] item: Leftovers
|upkeep
|turn|19
|
|t:|1713504943
|move|p2a: Conkeldurr|Mach Punch|p1a: Magnezone
|-supereffective|p1a: Magnezone
|-damage|p1a: Magnezone|0 fnt
|faint|p1a: Magnezone
|
|-weather|Hail|[upkeep]
|-damage|p2a: Conkeldurr|23/100|[from] Hail
|-heal|p2a: Conkeldurr|29/100|[from] item: Leftovers
|upkeep
|inactive|BookofConke has 120 seconds left.
|
|t:|1713504956
|switch|p1a: Garchomp|Garchomp, M|100/100
|-damage|p1a: Garchomp|94/100|[from] Stealth Rock
|turn|20
|
|t:|1713504962
|move|p1a: Garchomp|Earthquake|p2a: Conkeldurr
|-damage|p2a: Conkeldurr|0 fnt
|faint|p2a: Conkeldurr
|
|-weather|Hail|[upkeep]
|-damage|p1a: Garchomp|88/100|[from] Hail
|upkeep
|
|t:|1713504964
|switch|p2a: Jellicent|Jellicent, M, shiny|100/100
|-damage|p2a: Jellicent|88/100|[from] Stealth Rock
|-item|p2a: Jellicent|Air Balloon
|turn|21
|
|t:|1713504975
|switch|p1a: Latios|Latios, M|17/100
|-damage|p1a: Latios|5/100|[from] Stealth Rock
|move|p2a: Jellicent|Night Shade|p1a: Latios
|-damage|p1a: Latios|0 fnt
|faint|p1a: Latios
|
|-weather|Hail|[upkeep]
|-damage|p2a: Jellicent|82/100|[from] Hail
|upkeep
|
|t:|1713504985
|switch|p1a: Kyurem|Kyurem-Black|100/100
|-damage|p1a: Kyurem|76/100|[from] Stealth Rock
|-ability|p1a: Kyurem|Teravolt
|turn|22
|
|t:|1713504994
|move|p1a: Kyurem|Fusion Bolt|p2a: Jellicent
|-supereffective|p2a: Jellicent
|-damage|p2a: Jellicent|0 fnt
|-enditem|p2a: Jellicent|Air Balloon
|faint|p2a: Jellicent
|
|-weather|Hail|[upkeep]
|upkeep
|
|t:|1713504997
|switch|p2a: Abomasnow|Abomasnow, F, shiny|26/100
|-damage|p2a: Abomasnow|1/100|[from] Stealth Rock
|turn|23
|
|t:|1713505003
|move|p2a: Abomasnow|Protect|p2a: Abomasnow
|-singleturn|p2a: Abomasnow|Protect
|move|p1a: Kyurem|Fusion Bolt|p2a: Abomasnow
|-activate|p2a: Abomasnow|move: Protect
|
|-weather|Hail|[upkeep]
|-heal|p2a: Abomasnow|7/100|[from] item: Leftovers
|upkeep
|turn|24
|
|t:|1713505010
|move|p2a: Abomasnow|Ice Shard|p1a: Kyurem
|-damage|p1a: Kyurem|61/100
|move|p1a: Kyurem|Fusion Bolt|p2a: Abomasnow
|-resisted|p2a: Abomasnow
|-damage|p2a: Abomasnow|0 fnt
|faint|p2a: Abomasnow
|
|win|BookofConke
|raw|BookofConke's rating: 1449 &rarr; <strong>1465</strong><br />(+16 for winning)
|raw|seanb143's rating: 1387 &rarr; <strong>1371</strong><br />(-16 for losing)
|l|☆seanb143
|player|p2|
