|j|☆BWR wtfteam
|j|☆nb 41st
|t:|1719716332
|gametype|singles
|player|p1|BWR wtfteam|170|1323
|player|p2|nb 41st|1|1455
|teamsize|p1|6
|teamsize|p2|6
|gen|5
|tier|[Gen 5] OU
|rated|
|rule|Species Clause: Limit one of each Pokémon
|rule|OHKO Clause: OHKO moves are banned
|rule|Moody Clause: Moody is banned
|rule|Evasion Items Clause: Evasion items are banned
|rule|Evasion Moves Clause: Evasion moves are banned
|rule|Endless Battle Clause: Forcing endless battles is banned
|rule|HP Percentage Mod: HP is shown in percentages
|rule|Evasion Abilities Clause: Evasion abilities are banned
|rule|Sleep Moves Clause: Sleep-inducing moves are banned
|rule|Swagger Clause: Swagger is banned
|rule|Baton Pass Stat Clause: No Baton Passer may have a way to boost its stats
|clearpoke
|poke|p1|Tyranitar, F|item
|poke|p1|Xatu, M|item
|poke|p1|Seismitoad, M|item
|poke|p1|Excadrill, F|item
|poke|p1|Volcarona, F|item
|poke|p1|Latios, M|item
|poke|p2|Tyranitar, F|item
|poke|p2|Latias, F|item
|poke|p2|Excadrill, F|item
|poke|p2|Alakazam, M|item
|poke|p2|Rotom-Wash|item
|poke|p2|Landorus-Therian, M|item
|teampreview
|
|t:|1719716347
|start
|switch|p1a: Excadrill|Excadrill, F|100/100
|switch|p2a: Tyranitar|Tyranitar, F|100/100
|-weather|Sandstorm|[from] ability: Sand Stream|[of] p2a: Tyranitar
|turn|1
|
|t:|1719716352
|switch|p2a: Landorus|Landorus-Therian, M|100/100
|-ability|p2a: Landorus|Intimidate|boost
|-unboost|p1a: Excadrill|atk|1
|move|p1a: Excadrill|Earthquake|p2a: Landorus
|-immune|p2a: Landorus
|
|-weather|Sandstorm|[upkeep]
|upkeep
|turn|2
|
|t:|1719716359
|switch|p1a: Xatu|Xatu, M|100/100
|move|p2a: Landorus|Knock Off|p1a: Xatu
|-supereffective|p1a: Xatu
|-damage|p1a: Xatu|79/100
|-enditem|p1a: Xatu|Life Orb|[from] move: Knock Off|[of] p2a: Landorus
|
|-weather|Sandstorm|[upkeep]
|-damage|p1a: Xatu|73/100|[from] Sandstorm
|upkeep
|turn|3
|
|t:|1719716364
|move|p1a: Xatu|Hidden Power|p2a: Landorus
|-supereffective|p2a: Landorus
|-damage|p2a: Landorus|1/100
|move|p2a: Landorus|Hidden Power|p1a: Xatu
|-supereffective|p1a: Xatu
|-damage|p1a: Xatu|17/100
|
|-weather|Sandstorm|[upkeep]
|-damage|p1a: Xatu|11/100|[from] Sandstorm
|-heal|p2a: Landorus|7/100|[from] item: Leftovers
|upkeep
|turn|4
|
|t:|1719716370
|switch|p2a: Excadrill|Excadrill, F|100/100
|move|p1a: Xatu|U-turn|p2a: Excadrill
|-resisted|p2a: Excadrill
|-damage|p2a: Excadrill|93/100
|
|t:|1719716386
|switch|p1a: Seismitoad|Seismitoad, M|100/100|[from] U-turn
|
|-weather|Sandstorm|[upkeep]
|-heal|p2a: Excadrill|99/100|[from] item: Leftovers
|upkeep
|turn|5
|
|t:|1719716392
|move|p2a: Excadrill|Earthquake|p1a: Seismitoad
|-damage|p1a: Seismitoad|42/100
|move|p1a: Seismitoad|Stealth Rock|p2a: Excadrill
|-sidestart|p2: nb 41st|move: Stealth Rock
|
|-weather|Sandstorm|[upkeep]
|-heal|p2a: Excadrill|100/100|[from] item: Leftovers
|-heal|p1a: Seismitoad|48/100|[from] item: Leftovers
|upkeep
|turn|6
|
|t:|1719716405
|move|p2a: Excadrill|Earthquake|p1a: Seismitoad
|-damage|p1a: Seismitoad|0 fnt
|faint|p1a: Seismitoad
|
|-weather|Sandstorm|[upkeep]
|upkeep
|
|t:|1719716410
|switch|p1a: Latios|Latios, M|100/100
|turn|7
|
|t:|1719716412
|move|p2a: Excadrill|Protect|p2a: Excadrill
|-singleturn|p2a: Excadrill|Protect
|move|p1a: Latios|Surf|p2a: Excadrill
|-activate|p2a: Excadrill|move: Protect
|
|-weather|Sandstorm|[upkeep]
|-damage|p1a: Latios|95/100|[from] Sandstorm
|upkeep
|turn|8
|
|t:|1719716419
|switch|p2a: Rotom|Rotom-Wash|100/100
|-damage|p2a: Rotom|88/100|[from] Stealth Rock
|move|p1a: Latios|Surf|p2a: Rotom
|-resisted|p2a: Rotom
|-damage|p2a: Rotom|76/100
|
|-weather|Sandstorm|[upkeep]
|-damage|p1a: Latios|89/100|[from] Sandstorm
|-damage|p2a: Rotom|70/100|[from] Sandstorm
|-heal|p2a: Rotom|76/100|[from] item: Leftovers
|upkeep
|turn|9
|
|t:|1719716423
|switch|p1a: Excadrill|Excadrill, F|100/100
|move|p2a: Rotom|Volt Switch|p1a: Excadrill
|-immune|p1a: Excadrill
|
|-weather|Sandstorm|[upkeep]
|-damage|p2a: Rotom|70/100|[from] Sandstorm
|-heal|p2a: Rotom|76/100|[from] item: Leftovers
|upkeep
|turn|10
|
|t:|1719716433
|switch|p1a: Xatu|Xatu, M|11/100
|move|p2a: Rotom|Hydro Pump|p1a: Xatu
|-damage|p1a: Xatu|0 fnt
|faint|p1a: Xatu
|
|-weather|Sandstorm|[upkeep]
|-damage|p2a: Rotom|70/100|[from] Sandstorm
|-heal|p2a: Rotom|76/100|[from] item: Leftovers
|upkeep
|
|t:|1719716443
|switch|p1a: Latios|Latios, M|89/100
|turn|11
|
|t:|1719716445
|switch|p2a: Landorus|Landorus-Therian, M|7/100
|-damage|p2a: Landorus|0 fnt|[from] Stealth Rock
|faint|p2a: Landorus
|move|p1a: Latios|Draco Meteor|p2: Landorus|[notarget]
|-fail|p1a: Latios
|
|-weather|Sandstorm|[upkeep]
|-damage|p1a: Latios|83/100|[from] Sandstorm
|upkeep
|
|t:|1719716452
|switch|p2a: Tyranitar|Tyranitar, F|100/100
|-damage|p2a: Tyranitar|88/100|[from] Stealth Rock
|turn|12
|
|t:|1719716459
|switch|p1a: Excadrill|Excadrill, F|100/100
|move|p2a: Tyranitar|Stealth Rock|p1a: Excadrill
|-sidestart|p1: BWR wtfteam|move: Stealth Rock
|
|-weather|Sandstorm|[upkeep]
|upkeep
|turn|13
|
|t:|1719716469
|move|p1a: Excadrill|Iron Head|p2a: Tyranitar
|-supereffective|p2a: Tyranitar
|-damage|p2a: Tyranitar|0 fnt
|faint|p2a: Tyranitar
|
|-weather|Sandstorm|[upkeep]
|upkeep
|
|t:|1719716474
|switch|p2a: Excadrill|Excadrill, F|100/100
|-damage|p2a: Excadrill|97/100|[from] Stealth Rock
|turn|14
|
|t:|1719716478
|move|p1a: Excadrill|Earthquake|p2a: Excadrill
|-supereffective|p2a: Excadrill
|-damage|p2a: Excadrill|0 fnt
|faint|p2a: Excadrill
|
|-weather|Sandstorm|[upkeep]
|upkeep
|
|t:|1719716482
|switch|p2a: Alakazam|Alakazam, M|100/100
|turn|15
|
|t:|1719716487
|move|p2a: Alakazam|Focus Blast|p1a: Excadrill|[miss]
|-miss|p2a: Alakazam|p1a: Excadrill
|move|p1a: Excadrill|Iron Head|p2a: Alakazam
|-enditem|p2a: Alakazam|Focus Sash
|-damage|p2a: Alakazam|1/100
|
|-weather|Sandstorm|[upkeep]
|upkeep
|turn|16
|
|t:|1719716491
|move|p2a: Alakazam|Focus Blast|p1a: Excadrill|[miss]
|-miss|p2a: Alakazam|p1a: Excadrill
|move|p1a: Excadrill|Rapid Spin|p2a: Alakazam
|-damage|p2a: Alakazam|0 fnt
|-sideend|p1: BWR wtfteam|Stealth Rock|[from] move: Rapid Spin|[of] p1a: Excadrill
|faint|p2a: Alakazam
|
|-weather|Sandstorm|[upkeep]
|upkeep
|-message|nb 41st forfeited.
|
|win|BWR wtfteam
|raw|BWR wtfteam's rating: 1323 &rarr; <strong>1350</strong><br />(+27 for winning)
|raw|nb 41st's rating: 1455 &rarr; <strong>1428</strong><br />(-27 for losing)
|l|☆nb 41st
|player|p2|
