|join|dark voice
|join|ExoTicP0Mm3
|player|p1|dark voice|101
|player|p2|ExoTicP0Mm3|137
|gametype|singles
|gen|5
|tier|[Gen 5] OU
|rated
|rule|Evasion Abilities Clause: Evasion abilities are banned
|clearpoke
|poke|p1|Tyranitar, M
|poke|p1|Latias, F
|poke|p1|Rotom-Wash
|poke|p1|Ferrothorn, M
|poke|p1|Starmie
|poke|p1|Terrakion
|poke|p2|Abomasnow, M
|poke|p2|Tentacruel, F
|poke|p2|Heatran, M
|poke|p2|Kyurem
|poke|p2|Scizor, M, shiny
|poke|p2|Gliscor, F
|rule|Sleep Clause Mod: Limit one foe put to sleep
|rule|Species Clause: Limit one of each Pokemon
|rule|OHKO Clause: OHKO moves are banned
|rule|Moody Clause: Moody is banned
|rule|Evasion Moves Clause: Evasion moves are banned
|rule|Endless Battle Clause: Forcing endless battles is banned.
|rule|HP Percentage Mod: HP is reported as percentages
|teampreview
|chat|dark voice|hey hf
|chat|ExoTicP0Mm3|HF
|
|start
|switch|p1a: Ferrothorn|Ferrothorn, M|352/352
|switch|p2a: Green|Scizor, M, shiny|281/281
|turn|1
|
|move|p2a: Green|Superpower|p1a: Ferrothorn
|-supereffective|p1a: Ferrothorn
|-damage|p1a: Ferrothorn|22/352
|-damage|p2a: Green|246/281|[from] ability: Iron Barbs|[of] p1a: Ferrothorn
|-unboost|p2a: Green|atk|1
|-unboost|p2a: Green|def|1
|move|p1a: Ferrothorn|Leech Seed|p2a: Green
|-start|p2a: Green|move: Leech Seed
|
|-heal|p1a: Ferrothorn|44/352|[from] item: Leftovers
|-damage|p2a: Green|211/281|[from] Leech Seed|[of] p1a: Ferrothorn
|-heal|p1a: Ferrothorn|79/352|[silent]
|turn|2
|
|switch|p2a: Forblaze|Heatran, M|386/386
|-item|p2a: Forblaze|Air Balloon
|move|p1a: Ferrothorn|Gyro Ball|p2a: Forblaze
|-resisted|p2a: Forblaze
|-damage|p2a: Forblaze|345/386
|-enditem|p2a: Forblaze|Air Balloon
|
|-heal|p1a: Ferrothorn|101/352|[from] item: Leftovers
|turn|3
|
|switch|p1a: Tyranitar|Tyranitar, M|341/341
|-weather|Sandstorm|[from] ability: Sand Stream|[of] p1a: Tyranitar
|move|p2a: Forblaze|Fire Blast|p1a: Tyranitar
|-resisted|p1a: Tyranitar
|-damage|p1a: Tyranitar|281/341
|
|-weather|Sandstorm|[upkeep]
|turn|4
|
|switch|p2a: The Anthem|Tentacruel, F|364/364
|move|p1a: Tyranitar|Superpower|p2a: The Anthem
|-resisted|p2a: The Anthem
|-damage|p2a: The Anthem|295/364
|-unboost|p1a: Tyranitar|atk|1
|-unboost|p1a: Tyranitar|def|1
|
|-weather|Sandstorm|[upkeep]
|-damage|p2a: The Anthem|273/364|[from] sandstorm
|-heal|p2a: The Anthem|295/364|[from] item: Black Sludge
|turn|5
|
|switch|p1a: Starmie|Starmie|261/261
|move|p2a: The Anthem|Knock Off|p1a: Starmie
|-supereffective|p1a: Starmie
|-damage|p1a: Starmie|237/261
|-enditem|p1a: Starmie|Leftovers|[from] move: Knock Off|[of] p2a: The Anthem
|
|-weather|Sandstorm|[upkeep]
|-damage|p1a: Starmie|221/261|[from] sandstorm
|-damage|p2a: The Anthem|273/364|[from] sandstorm
|-heal|p2a: The Anthem|295/364|[from] item: Black Sludge
|turn|6
|
|switch|p2a: OMFG1HAIL|Abomasnow, M|384/384
|-weather|Hail|[from] ability: Snow Warning|[of] p2a: OMFG1HAIL
|move|p1a: Starmie|Hydro Pump|p2a: OMFG1HAIL
|-resisted|p2a: OMFG1HAIL
|-damage|p2a: OMFG1HAIL|285/384
|
|-weather|Hail|[upkeep]
|-damage|p1a: Starmie|205/261|[from] hail
|-heal|p2a: OMFG1HAIL|309/384|[from] item: Leftovers
|turn|7
|
|switch|p1a: Ferrothorn|Ferrothorn, M|101/352
|move|p2a: OMFG1HAIL|Ice Shard|p1a: Ferrothorn
|-damage|p1a: Ferrothorn|55/352
|
|-weather|Hail|[upkeep]
|-damage|p1a: Ferrothorn|33/352|[from] hail
|-heal|p2a: OMFG1HAIL|333/384|[from] item: Leftovers
|-heal|p1a: Ferrothorn|55/352|[from] item: Leftovers
|turn|8
|
|move|p2a: OMFG1HAIL|Protect|p2a: OMFG1HAIL
|-singleturn|p2a: OMFG1HAIL|Protect
|move|p1a: Ferrothorn|Stealth Rock|p2a: OMFG1HAIL
|-sidestart|p2: ExoTicP0Mm3|move: Stealth Rock
|
|-weather|Hail|[upkeep]
|-damage|p1a: Ferrothorn|33/352|[from] hail
|-heal|p2a: OMFG1HAIL|357/384|[from] item: Leftovers
|-heal|p1a: Ferrothorn|55/352|[from] item: Leftovers
|turn|9
|
|switch|p2a: Love Drugs|Gliscor, F|354/354
|-damage|p2a: Love Drugs|310/354|[from] Stealth Rock
|move|p1a: Ferrothorn|Gyro Ball|p2a: Love Drugs
|-damage|p2a: Love Drugs|207/354
|
|-weather|Hail|[upkeep]
|-damage|p2a: Love Drugs|185/354|[from] hail
|-damage|p1a: Ferrothorn|33/352|[from] hail
|-heal|p1a: Ferrothorn|55/352|[from] item: Leftovers
|-status|p2a: Love Drugs|tox|[from] item: Toxic Orb
|turn|10
|
|switch|p1a: Latias|Latias, F|363/363
|move|p2a: Love Drugs|Earthquake|p1a: Latias
|-immune|p1a: Latias|[msg]
|
|-weather|Hail|[upkeep]
|-damage|p1a: Latias|341/363|[from] hail
|-damage|p2a: Love Drugs|163/354 tox|[from] hail
|-heal|p1a: Latias|363/363|[from] item: Leftovers
|-heal|p2a: Love Drugs|207/354 tox|[from] ability: Poison Heal
|turn|11
|
|switch|p2a: Forblaze|Heatran, M|345/386
|-damage|p2a: Forblaze|297/386|[from] Stealth Rock
|move|p1a: Latias|Substitute|p1a: Latias
|-start|p1a: Latias|Substitute
|-damage|p1a: Latias|273/363
|
|-weather|Hail|[upkeep]
|-damage|p1a: Latias|251/363|[from] hail
|-damage|p2a: Forblaze|273/386|[from] hail
|-heal|p1a: Latias|273/363|[from] item: Leftovers
|turn|12
|
|move|p1a: Latias|Calm Mind|p1a: Latias
|-boost|p1a: Latias|spa|1
|-boost|p1a: Latias|spd|1
|move|p2a: Forblaze|Stealth Rock|p1a: Latias
|-sidestart|p1: dark voice|move: Stealth Rock
|
|-weather|Hail|[upkeep]
|-damage|p1a: Latias|251/363|[from] hail
|-damage|p2a: Forblaze|249/386|[from] hail
|-heal|p1a: Latias|273/363|[from] item: Leftovers
|turn|13
|
|move|p1a: Latias|Calm Mind|p1a: Latias
|-boost|p1a: Latias|spa|1
|-boost|p1a: Latias|spd|1
|move|p2a: Forblaze|Roar|p1a: Latias
|drag|p1a: Tyranitar|Tyranitar, M|281/341
|-damage|p1a: Tyranitar|239/341|[from] Stealth Rock
|-weather|Sandstorm|[from] ability: Sand Stream|[of] p1a: Tyranitar
|
|-weather|Sandstorm|[upkeep]
|turn|14
|
|switch|p2a: Love Drugs|Gliscor, F|207/354 tox
|-damage|p2a: Love Drugs|163/354 tox|[from] Stealth Rock
|move|p1a: Tyranitar|Stone Edge|p2a: Love Drugs
|-damage|p2a: Love Drugs|52/354 tox
|
|-weather|Sandstorm|[upkeep]
|-heal|p2a: Love Drugs|96/354 tox|[from] ability: Poison Heal
|turn|15
|
|switch|p1a: Latias|Latias, F|273/363
|-damage|p1a: Latias|228/363|[from] Stealth Rock
|move|p2a: Love Drugs|Protect|p2a: Love Drugs
|-fail|p2a: Love Drugs
|
|-weather|Sandstorm|[upkeep]
|-damage|p1a: Latias|206/363|[from] sandstorm
|-heal|p1a: Latias|228/363|[from] item: Leftovers
|-heal|p2a: Love Drugs|140/354 tox|[from] ability: Poison Heal
|turn|16
|
|switch|p2a: The Anthem|Tentacruel, F|295/364
|-damage|p2a: The Anthem|250/364|[from] Stealth Rock
|move|p1a: Latias|Recover|p1a: Latias
|-heal|p1a: Latias|363/363
|
|-weather|Sandstorm|[upkeep]
|-damage|p1a: Latias|341/363|[from] sandstorm
|-damage|p2a: The Anthem|228/364|[from] sandstorm
|-heal|p1a: Latias|363/363|[from] item: Leftovers
|-heal|p2a: The Anthem|250/364|[from] item: Black Sludge
|turn|17
|
|move|p1a: Latias|Substitute|p1a: Latias
|-start|p1a: Latias|Substitute
|-damage|p1a: Latias|273/363
|move|p2a: The Anthem|Rapid Spin|p1a: Latias
|-activate|p1a: Latias|Substitute|[damage]
|-sideend|p2: ExoTicP0Mm3|Stealth Rock|[from] move: Rapid Spin|[of] p2a: The Anthem
|
|-weather|Sandstorm|[upkeep]
|-damage|p1a: Latias|251/363|[from] sandstorm
|-damage|p2a: The Anthem|228/364|[from] sandstorm
|-heal|p1a: Latias|273/363|[from] item: Leftovers
|-heal|p2a: The Anthem|250/364|[from] item: Black Sludge
|turn|18
|
|switch|p2a: Forblaze|Heatran, M|249/386
|move|p1a: Latias|Dragon Pulse|p2a: Forblaze
|-crit|p2a: Forblaze
|-resisted|p2a: Forblaze
|-damage|p2a: Forblaze|137/386
|
|-weather|Sandstorm|[upkeep]
|-damage|p1a: Latias|251/363|[from] sandstorm
|-heal|p1a: Latias|273/363|[from] item: Leftovers
|turn|19
|
|move|p1a: Latias|Dragon Pulse|p2a: Forblaze
|-resisted|p2a: Forblaze
|-damage|p2a: Forblaze|83/386
|move|p2a: Forblaze|Roar|p1a: Latias
|drag|p1a: Starmie|Starmie|205/261
|-damage|p1a: Starmie|173/261|[from] Stealth Rock
|
|-weather|Sandstorm|[upkeep]
|-damage|p1a: Starmie|157/261|[from] sandstorm
|turn|20
|
|switch|p2a: OMFG1HAIL|Abomasnow, M|357/384
|-weather|Hail|[from] ability: Snow Warning|[of] p2a: OMFG1HAIL
|move|p1a: Starmie|Ice Beam|p2a: OMFG1HAIL
|-damage|p2a: OMFG1HAIL|250/384
|
|-weather|Hail|[upkeep]
|-damage|p1a: Starmie|141/261|[from] hail
|-heal|p2a: OMFG1HAIL|274/384|[from] item: Leftovers
|turn|21
|
|move|p1a: Starmie|Ice Beam|p2a: OMFG1HAIL
|-damage|p2a: OMFG1HAIL|175/384
|move|p2a: OMFG1HAIL|Seed Bomb|p1a: Starmie
|-supereffective|p1a: Starmie
|-damage|p1a: Starmie|0 fnt
|faint|p1a: Starmie
|
|-weather|Hail|[upkeep]
|-heal|p2a: OMFG1HAIL|199/384|[from] item: Leftovers
|
|switch|p1a: Tyranitar|Tyranitar, M|239/341
|-damage|p1a: Tyranitar|197/341|[from] Stealth Rock
|-weather|Sandstorm|[from] ability: Sand Stream|[of] p1a: Tyranitar
|turn|22
|
|move|p2a: OMFG1HAIL|Protect|p2a: OMFG1HAIL
|-singleturn|p2a: OMFG1HAIL|Protect
|move|p1a: Tyranitar|Pursuit|p2a: OMFG1HAIL
|-activate|p2a: OMFG1HAIL|Protect
|
|-weather|Sandstorm|[upkeep]
|-damage|p2a: OMFG1HAIL|175/384|[from] sandstorm
|-heal|p2a: OMFG1HAIL|199/384|[from] item: Leftovers
|turn|23
|
|switch|p1a: Ferrothorn|Ferrothorn, M|55/352
|-damage|p1a: Ferrothorn|33/352|[from] Stealth Rock
|move|p2a: OMFG1HAIL|Seed Bomb|p1a: Ferrothorn
|-resisted|p1a: Ferrothorn
|-damage|p1a: Ferrothorn|11/352
|
|-weather|Sandstorm|[upkeep]
|-damage|p2a: OMFG1HAIL|175/384|[from] sandstorm
|-heal|p2a: OMFG1HAIL|199/384|[from] item: Leftovers
|-heal|p1a: Ferrothorn|33/352|[from] item: Leftovers
|turn|24
|
|move|p2a: OMFG1HAIL|Ice Shard|p1a: Ferrothorn
|-damage|p1a: Ferrothorn|0 fnt
|faint|p1a: Ferrothorn
|
|-weather|Sandstorm|[upkeep]
|-damage|p2a: OMFG1HAIL|175/384|[from] sandstorm
|-heal|p2a: OMFG1HAIL|199/384|[from] item: Leftovers
|
|switch|p1a: Tyranitar|Tyranitar, M|197/341
|-damage|p1a: Tyranitar|155/341|[from] Stealth Rock
|turn|25
|
|move|p2a: OMFG1HAIL|Protect|p2a: OMFG1HAIL
|-singleturn|p2a: OMFG1HAIL|Protect
|move|p1a: Tyranitar|Stone Edge|p2a: OMFG1HAIL
|-activate|p2a: OMFG1HAIL|Protect
|
|-weather|Sandstorm|[upkeep]
|-damage|p2a: OMFG1HAIL|175/384|[from] sandstorm
|-heal|p2a: OMFG1HAIL|199/384|[from] item: Leftovers
|turn|26
|
|switch|p2a: Love Drugs|Gliscor, F|140/354 tox
|move|p1a: Tyranitar|Stone Edge|p2a: Love Drugs
|-damage|p2a: Love Drugs|14/354 tox
|
|-weather|Sandstorm|[upkeep]
|-heal|p2a: Love Drugs|58/354 tox|[from] ability: Poison Heal
|turn|27
|
|move|p1a: Tyranitar|Stone Edge|p2a: Love Drugs
|-crit|p2a: Love Drugs
|-damage|p2a: Love Drugs|0 fnt
|faint|p2a: Love Drugs
|
|-weather|Sandstorm|[upkeep]
|
|switch|p2a: Green|Scizor, M, shiny|211/281
|turn|28
|
|switch|p1a: Latias|Latias, F|273/363
|-damage|p1a: Latias|228/363|[from] Stealth Rock
|move|p2a: Green|U-turn|p1a: Latias
|-supereffective|p1a: Latias
|-damage|p1a: Latias|0 fnt
|faint|p1a: Latias
|
|switch|p2a: OMFG1HAIL|Abomasnow, M|199/384
|-weather|Hail|[from] ability: Snow Warning|[of] p2a: OMFG1HAIL
|
|-weather|Hail|[upkeep]
|-heal|p2a: OMFG1HAIL|223/384|[from] item: Leftovers
|
|switch|p1a: Tyranitar|Tyranitar, M|155/341
|-damage|p1a: Tyranitar|113/341|[from] Stealth Rock
|-weather|Sandstorm|[from] ability: Sand Stream|[of] p1a: Tyranitar
|turn|29
|
|move|p2a: OMFG1HAIL|Protect|p2a: OMFG1HAIL
|-singleturn|p2a: OMFG1HAIL|Protect
|move|p1a: Tyranitar|Stone Edge|p2a: OMFG1HAIL
|-activate|p2a: OMFG1HAIL|Protect
|
|-weather|Sandstorm|[upkeep]
|-damage|p2a: OMFG1HAIL|199/384|[from] sandstorm
|-heal|p2a: OMFG1HAIL|223/384|[from] item: Leftovers
|turn|30
|
|switch|p2a: Forblaze|Heatran, M|83/386
|move|p1a: Tyranitar|Stone Edge|p2a: Forblaze
|-damage|p2a: Forblaze|0 fnt
|faint|p2a: Forblaze
|
|-weather|Sandstorm|[upkeep]
|
|switch|p2a: Green|Scizor, M, shiny|211/281
|turn|31
|
|switch|p1a: Rotom-Wash|Rotom-Wash|303/303
|-damage|p1a: Rotom-Wash|266/303|[from] Stealth Rock
|move|p2a: Green|U-turn|p1a: Rotom-Wash
|-damage|p1a: Rotom-Wash|55/303
|
|switch|p2a: OMFG1HAIL|Abomasnow, M|223/384
|-weather|Hail|[from] ability: Snow Warning|[of] p2a: OMFG1HAIL
|
|-weather|Hail|[upkeep]
|-damage|p1a: Rotom-Wash|37/303|[from] hail
|-heal|p1a: Rotom-Wash|55/303|[from] item: Leftovers
|-heal|p2a: OMFG1HAIL|247/384|[from] item: Leftovers
|turn|32
|
|move|p1a: Rotom-Wash|Will-O-Wisp|p2a: OMFG1HAIL
|-status|p2a: OMFG1HAIL|brn
|move|p2a: OMFG1HAIL|Seed Bomb|p1a: Rotom-Wash
|-supereffective|p1a: Rotom-Wash
|-damage|p1a: Rotom-Wash|0 fnt
|faint|p1a: Rotom-Wash
|
|-weather|Hail|[upkeep]
|-heal|p2a: OMFG1HAIL|271/384 brn|[from] item: Leftovers
|-damage|p2a: OMFG1HAIL|223/384 brn|[from] brn
|
|switch|p1a: Terrakion|Terrakion|323/323
|-damage|p1a: Terrakion|303/323|[from] Stealth Rock
|turn|33
|
|move|p1a: Terrakion|Close Combat|p2a: OMFG1HAIL
|-supereffective|p2a: OMFG1HAIL
|-damage|p2a: OMFG1HAIL|0 fnt
|-unboost|p1a: Terrakion|def|1
|-unboost|p1a: Terrakion|spd|1
|faint|p2a: OMFG1HAIL
|
|-weather|Hail|[upkeep]
|-damage|p1a: Terrakion|283/323|[from] hail
|
|switch|p2a: Green|Scizor, M, shiny|211/281
|turn|34
|
|switch|p1a: Tyranitar|Tyranitar, M|113/341
|-damage|p1a: Tyranitar|71/341|[from] Stealth Rock
|-weather|Sandstorm|[from] ability: Sand Stream|[of] p1a: Tyranitar
|move|p2a: Green|Bullet Punch|p1a: Tyranitar
|-supereffective|p1a: Tyranitar
|-damage|p1a: Tyranitar|0 fnt
|faint|p1a: Tyranitar
|
|-weather|Sandstorm|[upkeep]
|
|switch|p1a: Terrakion|Terrakion|283/323
|-damage|p1a: Terrakion|263/323|[from] Stealth Rock
|turn|35
|
|move|p1a: Terrakion|Quick Attack|p2a: Green
|-resisted|p2a: Green
|-damage|p2a: Green|178/281
|move|p2a: Green|Bullet Punch|p1a: Terrakion
|-supereffective|p1a: Terrakion
|-damage|p1a: Terrakion|0 fnt
|faint|p1a: Terrakion
|
|win|ExoTicP0Mm3
|raw|Ladder updating...
|raw|dark voice's rating: 1392 &rarr; <strong>1375</strong><br />(-17 for losing)
|raw|ExoTicP0Mm3's rating: 1438 &rarr; <strong>1455</strong><br />(+17 for winning)
|chat|dark voice|gg
|chat|ExoTicP0Mm3|gg
|leave|ExoTicP0Mm3
|player|p2
|leave|dark voice
|player|p1