|j|☆Pokemeat
|j|☆affksl1
|t:|1717176229
|gametype|singles
|player|p1|Pokemeat|baker|1363
|player|p2|affksl1|pokemaniac-gen3rs|1544
|teamsize|p1|6
|teamsize|p2|6
|gen|5
|tier|[Gen 5] OU
|rated|
|rule|Species Clause: Limit one of each Pokémon
|rule|OHKO Clause: OHKO moves are banned
|rule|Moody Clause: Moody is banned
|rule|Evasion Items Clause: Evasion items are banned
|rule|Evasion Moves Clause: Evasion moves are banned
|rule|Endless Battle Clause: Forcing endless battles is banned
|rule|HP Percentage Mod: HP is shown in percentages
|rule|Evasion Abilities Clause: Evasion abilities are banned
|rule|Sleep Moves Clause: Sleep-inducing moves are banned
|rule|Swagger Clause: Swagger is banned
|rule|Baton Pass Stat Clause: No Baton Passer may have a way to boost its stats
|clearpoke
|poke|p1|Magnezone|item
|poke|p1|Jirachi|item
|poke|p1|Kyurem-Black|item
|poke|p1|Latios, M|item
|poke|p1|Garchomp, F|item
|poke|p1|Salamence, F|item
|poke|p2|Bronzong|item
|poke|p2|Gallade, M|item
|poke|p2|Jellicent, M|item
|poke|p2|Conkeldurr, F|item
|poke|p2|Reuniclus, F|item
|poke|p2|Dragonite, M|item
|teampreview
|inactive|Battle timer is ON: inactive players will automatically lose when time's up. (requested by affksl1)
|
|t:|1717176233
|start
|switch|p1a: Jirachi|Jirachi|100/100
|switch|p2a: Bronzong|Bronzong|100/100
|turn|1
|
|t:|1717176238
|move|p1a: Jirachi|Stealth Rock|p2a: Bronzong
|-sidestart|p2: affksl1|move: Stealth Rock
|move|p2a: Bronzong|Stealth Rock|p1a: Jirachi
|-sidestart|p1: Pokemeat|move: Stealth Rock
|
|upkeep
|turn|2
|
|t:|1717176245
|move|p1a: Jirachi|U-turn|p2a: Bronzong
|-damage|p2a: Bronzong|85/100
|
|t:|1717176247
|switch|p1a: Magnezone|Magnezone|100/100|[from] U-turn
|-damage|p1a: Magnezone|94/100|[from] Stealth Rock
|-item|p1a: Magnezone|Air Balloon
|move|p2a: Bronzong|Trick Room|p2a: Bronzong
|-fieldstart|move: Trick Room|[of] p2a: Bronzong
|
|upkeep
|turn|3
|
|t:|1717176256
|move|p2a: Bronzong|Explosion|p1a: Magnezone
|-resisted|p1a: Magnezone
|-damage|p1a: Magnezone|54/100
|-enditem|p1a: Magnezone|Air Balloon
|faint|p2a: Bronzong
|move|p1a: Magnezone|Magnet Rise|p1a: Magnezone
|-start|p1a: Magnezone|Magnet Rise
|
|upkeep
|
|t:|1717176261
|switch|p2a: Conkeldurr|Conkeldurr, F|100/100
|-damage|p2a: Conkeldurr|94/100|[from] Stealth Rock
|turn|4
|
|t:|1717176272
|switch|p1a: Latios|Latios, M|100/100
|-damage|p1a: Latios|88/100|[from] Stealth Rock
|move|p2a: Conkeldurr|Drain Punch|p1a: Latios
|-resisted|p1a: Latios
|-damage|p1a: Latios|43/100
|-heal|p2a: Conkeldurr|100/100|[from] drain|[of] p1a: Latios
|-damage|p2a: Conkeldurr|91/100|[from] item: Life Orb
|
|upkeep
|turn|5
|
|t:|1717176287
|switch|p1a: Magnezone|Magnezone|54/100
|-damage|p1a: Magnezone|48/100|[from] Stealth Rock
|move|p2a: Conkeldurr|Ice Punch|p1a: Magnezone
|-resisted|p1a: Magnezone
|-damage|p1a: Magnezone|21/100
|-damage|p2a: Conkeldurr|81/100|[from] item: Life Orb
|
|upkeep
|turn|6
|
|t:|1717176294
|move|p2a: Conkeldurr|Drain Punch|p1a: Magnezone
|-supereffective|p1a: Magnezone
|-damage|p1a: Magnezone|0 fnt
|-heal|p2a: Conkeldurr|88/100|[from] drain|[of] p1a: Magnezone
|faint|p1a: Magnezone
|-damage|p2a: Conkeldurr|78/100|[from] item: Life Orb
|
|-fieldend|move: Trick Room
|upkeep
|inactive|Pokemeat has 120 seconds left.
|
|t:|1717176335
|switch|p1a: Kyurem|Kyurem-Black, shiny|100/100
|-damage|p1a: Kyurem|76/100|[from] Stealth Rock
|-ability|p1a: Kyurem|Teravolt
|turn|7
|
|t:|1717176343
|move|p2a: Conkeldurr|Mach Punch|p1a: Kyurem
|-supereffective|p1a: Kyurem
|-damage|p1a: Kyurem|15/100
|-damage|p2a: Conkeldurr|68/100|[from] item: Life Orb
|move|p1a: Kyurem|Outrage|p2a: Conkeldurr
|-damage|p2a: Conkeldurr|0 fnt
|faint|p2a: Conkeldurr
|
|upkeep
|
|t:|1717176351
|switch|p2a: Dragonite|Dragonite, M|100/100
|-damage|p2a: Dragonite|76/100|[from] Stealth Rock
|turn|8
|
|t:|1717176355
|move|p2a: Dragonite|Extreme Speed|p1a: Kyurem
|-damage|p1a: Kyurem|0 fnt
|faint|p1a: Kyurem
|
|upkeep
|
|t:|1717176360
|switch|p1a: Salamence|Salamence, F|100/100
|-damage|p1a: Salamence|76/100|[from] Stealth Rock
|turn|9
|
|t:|1717176369
|move|p2a: Dragonite|Extreme Speed|p1a: Salamence
|-damage|p1a: Salamence|22/100
|move|p1a: Salamence|Outrage|p2a: Dragonite
|-supereffective|p2a: Dragonite
|-damage|p2a: Dragonite|0 fnt
|faint|p2a: Dragonite
|-ability|p1a: Salamence|Moxie|boost
|-boost|p1a: Salamence|atk|1
|
|upkeep
|
|t:|1717176376
|switch|p2a: Jellicent|Jellicent, M|100/100
|-damage|p2a: Jellicent|88/100|[from] Stealth Rock
|-item|p2a: Jellicent|Air Balloon
|turn|10
|
|t:|1717176380
|move|p1a: Salamence|Outrage|p2a: Jellicent|[from]lockedmove
|-damage|p2a: Jellicent|0 fnt
|-enditem|p2a: Jellicent|Air Balloon
|faint|p2a: Jellicent
|-ability|p1a: Salamence|Moxie|boost
|-boost|p1a: Salamence|atk|1
|-start|p1a: Salamence|confusion|[fatigue]
|
|upkeep
|
|t:|1717176384
|switch|p2a: Reuniclus|Reuniclus, F|100/100
|turn|11
|
|t:|1717176387
|-activate|p1a: Salamence|confusion
|-damage|p1a: Salamence|0 fnt|[from] confusion
|faint|p1a: Salamence
|move|p2a: Reuniclus|Trick Room|p2a: Reuniclus
|-fieldstart|move: Trick Room|[of] p2a: Reuniclus
|
|upkeep
|
|t:|1717176400
|switch|p1a: Garchomp|Garchomp, F|100/100
|-damage|p1a: Garchomp|94/100|[from] Stealth Rock
|turn|12
|
|t:|1717176410
|move|p2a: Reuniclus|Psychic|p1a: Garchomp
|-damage|p1a: Garchomp|23/100
|-unboost|p1a: Garchomp|spd|1
|-enditem|p1a: Garchomp|Salac Berry|[eat]
|-boost|p1a: Garchomp|spe|1|[from] item: Salac Berry
|move|p1a: Garchomp|Swords Dance|p1a: Garchomp
|-boost|p1a: Garchomp|atk|2
|
|upkeep
|turn|13
|
|t:|1717176420
|move|p2a: Reuniclus|Psychic|p1a: Garchomp
|-damage|p1a: Garchomp|0 fnt
|faint|p1a: Garchomp
|
|upkeep
|
|t:|1717176422
|switch|p1a: Jirachi|Jirachi|100/100
|-damage|p1a: Jirachi|94/100|[from] Stealth Rock
|turn|14
|
|t:|1717176425
|move|p2a: Reuniclus|Shadow Ball|p1a: Jirachi
|-damage|p1a: Jirachi|70/100
|move|p1a: Jirachi|Icy Wind|p2a: Reuniclus
|-damage|p2a: Reuniclus|89/100
|-unboost|p2a: Reuniclus|spe|1
|
|upkeep
|turn|15
|
|t:|1717176431
|move|p2a: Reuniclus|Shadow Ball|p1a: Jirachi
|-damage|p1a: Jirachi|44/100
|move|p1a: Jirachi|U-turn|p2a: Reuniclus
|-supereffective|p2a: Reuniclus
|-damage|p2a: Reuniclus|56/100
|
|t:|1717176453
|switch|p1a: Latios|Latios, M|43/100|[from] U-turn
|-damage|p1a: Latios|31/100|[from] Stealth Rock
|
|-fieldend|move: Trick Room
|upkeep
|turn|16
|
|t:|1717176457
|move|p1a: Latios|Draco Meteor|p2a: Reuniclus
|-damage|p2a: Reuniclus|0 fnt
|-unboost|p1a: Latios|spa|2
|faint|p2a: Reuniclus
|
|upkeep
|
|t:|1717176461
|switch|p2a: Gallade|Gallade, M|100/100
|-damage|p2a: Gallade|94/100|[from] Stealth Rock
|turn|17
|
|t:|1717176476
|switch|p1a: Jirachi|Jirachi|44/100
|-damage|p1a: Jirachi|38/100|[from] Stealth Rock
|move|p2a: Gallade|Trick Room|p2a: Gallade
|-fieldstart|move: Trick Room|[of] p2a: Gallade
|
|upkeep
|turn|18
|
|t:|1717176485
|move|p2a: Gallade|Close Combat|p1a: Jirachi
|-damage|p1a: Jirachi|0 fnt
|-unboost|p2a: Gallade|def|1
|-unboost|p2a: Gallade|spd|1
|faint|p1a: Jirachi
|-damage|p2a: Gallade|85/100|[from] item: Life Orb
|
|upkeep
|
|t:|1717176488
|switch|p1a: Latios|Latios, M|31/100
|-damage|p1a: Latios|18/100|[from] Stealth Rock
|turn|19
|
|t:|1717176491
|move|p2a: Gallade|Ice Punch|p1a: Latios
|-supereffective|p1a: Latios
|-damage|p1a: Latios|0 fnt
|faint|p1a: Latios
|-damage|p2a: Gallade|75/100|[from] item: Life Orb
|
|win|affksl1
|raw|Pokemeat's rating: 1363 &rarr; <strong>1353</strong><br />(-10 for losing)
|raw|affksl1's rating: 1544 &rarr; <strong>1554</strong><br />(+10 for winning)
