|j|☆repinho2711
|j|☆willthekid65934
|t:|1708490721
|gametype|singles
|player|p1|repinho2711|ethan|1394
|player|p2|willthekid65934|steven|1297
|teamsize|p1|6
|teamsize|p2|6
|gen|5
|tier|[Gen 5] OU
|rated|
|rule|Species Clause: Limit one of each Pokémon
|rule|OHKO Clause: OHKO moves are banned
|rule|Moody Clause: Moody is banned
|rule|Evasion Items Clause: Evasion items are banned
|rule|Evasion Moves Clause: Evasion moves are banned
|rule|Endless Battle Clause: Forcing endless battles is banned
|rule|HP Percentage Mod: HP is shown in percentages
|rule|Evasion Abilities Clause: Evasion abilities are banned
|rule|Sleep Moves Clause: Sleep-inducing moves are banned
|rule|Swagger Clause: Swagger is banned
|rule|Baton Pass Stat Clause: No Baton Passer may have a way to boost its stats
|clearpoke
|poke|p1|Scizor, M|item
|poke|p1|Donphan, M|item
|poke|p1|Milotic, M|item
|poke|p1|Dragonite, M|item
|poke|p1|Alakazam, M|item
|poke|p1|Porygon2|item
|poke|p2|Gliscor, F|item
|poke|p2|Tyranitar, F|item
|poke|p2|Mamoswine, F|item
|poke|p2|Keldeo|item
|poke|p2|Amoonguss, F|item
|poke|p2|Excadrill, M|item
|teampreview
|inactive|Battle timer is ON: inactive players will automatically lose when time's up. (requested by willthekid65934)
|
|t:|1708490733
|start
|switch|p1a: Donphan|Donphan, M|100/100
|switch|p2a: Tyranitar|Tyranitar, F|100/100
|-weather|Sandstorm|[from] ability: Sand Stream|[of] p2a: Tyranitar
|turn|1
|
|t:|1708490742
|switch|p2a: Gliscor|Gliscor, F|100/100
|move|p1a: Donphan|Stealth Rock|p2a: Gliscor
|-sidestart|p2: willthekid65934|move: Stealth Rock
|
|-weather|Sandstorm|[upkeep]
|-status|p2a: Gliscor|tox|[from] item: Toxic Orb
|upkeep
|turn|2
|
|t:|1708490755
|switch|p1a: Alakazam|Alakazam, M|100/100
|move|p2a: Gliscor|Earthquake|p1a: Alakazam
|-damage|p1a: Alakazam|10/100
|
|-weather|Sandstorm|[upkeep]
|upkeep
|turn|3
|
|t:|1708490765
|move|p1a: Alakazam|Focus Blast|p2a: Gliscor
|-resisted|p2a: Gliscor
|-damage|p2a: Gliscor|76/100 tox
|move|p2a: Gliscor|Stealth Rock|p1a: Alakazam
|-sidestart|p1: repinho2711|move: Stealth Rock
|
|-weather|Sandstorm|[upkeep]
|-heal|p2a: Gliscor|89/100 tox|[from] ability: Poison Heal
|upkeep
|turn|4
|
|t:|1708490774
|switch|p1a: Donphan|Donphan, M|100/100
|-damage|p1a: Donphan|94/100|[from] Stealth Rock
|move|p2a: Gliscor|U-turn|p1a: Donphan
|-damage|p1a: Donphan|83/100
|
|t:|1708490798
|switch|p2a: Mamoswine|Mamoswine, F|100/100|[from] U-turn
|-damage|p2a: Mamoswine|88/100|[from] Stealth Rock
|
|-weather|Sandstorm|[upkeep]
|-heal|p1a: Donphan|90/100|[from] item: Leftovers
|upkeep
|turn|5
|
|t:|1708490806
|move|p2a: Mamoswine|Icicle Crash|p1a: Donphan
|-supereffective|p1a: Donphan
|-damage|p1a: Donphan|0 fnt
|faint|p1a: Donphan
|
|-weather|Sandstorm|[upkeep]
|upkeep
|
|t:|1708490813
|switch|p1a: Scizor|Scizor, M, shiny|100/100
|-damage|p1a: Scizor|88/100|[from] Stealth Rock
|turn|6
|
|t:|1708490823
|switch|p2a: Keldeo|Keldeo|100/100
|-damage|p2a: Keldeo|94/100|[from] Stealth Rock
|move|p1a: Scizor|Swords Dance|p1a: Scizor
|-boost|p1a: Scizor|atk|2
|
|-weather|Sandstorm|[upkeep]
|-damage|p2a: Keldeo|88/100|[from] Sandstorm
|-heal|p2a: Keldeo|94/100|[from] item: Leftovers
|upkeep
|turn|7
|
|t:|1708490834
|move|p2a: Keldeo|Scald|p1a: Scizor
|-damage|p1a: Scizor|28/100
|move|p1a: Scizor|Bug Bite|p2a: Keldeo
|-resisted|p2a: Keldeo
|-damage|p2a: Keldeo|22/100
|-damage|p1a: Scizor|18/100|[from] item: Life Orb
|
|-weather|Sandstorm|[upkeep]
|-damage|p2a: Keldeo|16/100|[from] Sandstorm
|-heal|p2a: Keldeo|22/100|[from] item: Leftovers
|upkeep
|turn|8
|
|t:|1708490846
|move|p1a: Scizor|Bullet Punch|p2a: Keldeo
|-resisted|p2a: Keldeo
|-damage|p2a: Keldeo|0 fnt
|faint|p2a: Keldeo
|-damage|p1a: Scizor|8/100|[from] item: Life Orb
|
|-weather|Sandstorm|[upkeep]
|upkeep
|
|t:|1708490863
|switch|p2a: Excadrill|Excadrill, M|100/100
|-damage|p2a: Excadrill|97/100|[from] Stealth Rock
|turn|9
|
|t:|1708490868
|move|p2a: Excadrill|Protect|p2a: Excadrill
|-singleturn|p2a: Excadrill|Protect
|move|p1a: Scizor|Superpower|p2a: Excadrill
|-activate|p2a: Excadrill|move: Protect
|
|-weather|Sandstorm|[upkeep]
|-heal|p2a: Excadrill|100/100|[from] item: Leftovers
|upkeep
|turn|10
|
|t:|1708490877
|switch|p2a: Gliscor|Gliscor, F|89/100 tox
|-damage|p2a: Gliscor|76/100 tox|[from] Stealth Rock
|move|p1a: Scizor|Superpower|p2a: Gliscor
|-resisted|p2a: Gliscor
|-damage|p2a: Gliscor|34/100 tox
|-unboost|p1a: Scizor|atk|1
|-unboost|p1a: Scizor|def|1
|-damage|p1a: Scizor|0 fnt|[from] item: Life Orb
|faint|p1a: Scizor
|
|-weather|Sandstorm|[upkeep]
|-heal|p2a: Gliscor|47/100 tox|[from] ability: Poison Heal
|upkeep
|
|t:|1708490891
|switch|p1a: Dragonite|Dragonite, M|100/100
|-damage|p1a: Dragonite|76/100|[from] Stealth Rock
|turn|11
|
|t:|1708490895
|move|p1a: Dragonite|Dragon Dance|p1a: Dragonite
|-boost|p1a: Dragonite|atk|1
|-boost|p1a: Dragonite|spe|1
|move|p2a: Gliscor|U-turn|p1a: Dragonite
|-resisted|p1a: Dragonite
|-damage|p1a: Dragonite|68/100
|
|t:|1708490898
|switch|p2a: Mamoswine|Mamoswine, F|88/100|[from] U-turn
|-damage|p2a: Mamoswine|76/100|[from] Stealth Rock
|
|-weather|Sandstorm|[upkeep]
|-damage|p1a: Dragonite|61/100|[from] Sandstorm
|upkeep
|turn|12
|
|t:|1708490911
|move|p1a: Dragonite|Extreme Speed|p2a: Mamoswine
|-damage|p2a: Mamoswine|27/100
|move|p2a: Mamoswine|Ice Shard|p1a: Dragonite
|-supereffective|p1a: Dragonite
|-crit|p1a: Dragonite
|-damage|p1a: Dragonite|0 fnt
|faint|p1a: Dragonite
|
|-weather|Sandstorm|[upkeep]
|upkeep
|
|t:|1708490921
|switch|p1a: Milotic|Milotic, M|100/100
|-damage|p1a: Milotic|88/100|[from] Stealth Rock
|turn|13
|
|t:|1708490925
|switch|p2a: Amoonguss|Amoonguss, F|100/100
|-damage|p2a: Amoonguss|88/100|[from] Stealth Rock
|move|p1a: Milotic|Scald|p2a: Amoonguss
|-resisted|p2a: Amoonguss
|-damage|p2a: Amoonguss|77/100
|-status|p2a: Amoonguss|brn
|
|-weather|Sandstorm|[upkeep]
|-damage|p1a: Milotic|82/100|[from] Sandstorm
|-damage|p2a: Amoonguss|71/100 brn|[from] Sandstorm
|-heal|p1a: Milotic|88/100|[from] item: Leftovers
|-heal|p2a: Amoonguss|77/100 brn|[from] item: Black Sludge
|-damage|p2a: Amoonguss|65/100 brn|[from] brn
|upkeep
|turn|14
|
|t:|1708490940
|move|p1a: Milotic|Ice Beam|p2a: Amoonguss
|-supereffective|p2a: Amoonguss
|-damage|p2a: Amoonguss|30/100 brn
|move|p2a: Amoonguss|Giga Drain|p1a: Milotic
|-supereffective|p1a: Milotic
|-damage|p1a: Milotic|61/100
|-heal|p2a: Amoonguss|42/100 brn|[from] drain|[of] p1a: Milotic
|
|-weather|Sandstorm|[upkeep]
|-damage|p1a: Milotic|55/100|[from] Sandstorm
|-damage|p2a: Amoonguss|35/100 brn|[from] Sandstorm
|-heal|p1a: Milotic|61/100|[from] item: Leftovers
|-heal|p2a: Amoonguss|42/100 brn|[from] item: Black Sludge
|-damage|p2a: Amoonguss|29/100 brn|[from] brn
|upkeep
|turn|15
|
|t:|1708490954
|move|p1a: Milotic|Recover|p1a: Milotic
|-heal|p1a: Milotic|100/100
|move|p2a: Amoonguss|Giga Drain|p1a: Milotic
|-supereffective|p1a: Milotic
|-damage|p1a: Milotic|76/100
|-heal|p2a: Amoonguss|39/100 brn|[from] drain|[of] p1a: Milotic
|
|-weather|Sandstorm|[upkeep]
|-damage|p1a: Milotic|70/100|[from] Sandstorm
|-damage|p2a: Amoonguss|33/100 brn|[from] Sandstorm
|-heal|p1a: Milotic|76/100|[from] item: Leftovers
|-heal|p2a: Amoonguss|39/100 brn|[from] item: Black Sludge
|-damage|p2a: Amoonguss|27/100 brn|[from] brn
|upkeep
|turn|16
|
|t:|1708490979
|move|p1a: Milotic|Ice Beam|p2a: Amoonguss
|-supereffective|p2a: Amoonguss
|-damage|p2a: Amoonguss|0 fnt
|faint|p2a: Amoonguss
|
|-weather|Sandstorm|[upkeep]
|-damage|p1a: Milotic|70/100|[from] Sandstorm
|-heal|p1a: Milotic|76/100|[from] item: Leftovers
|upkeep
|inactive|willthekid65934 has 120 seconds left.
|
|t:|1708490992
|switch|p2a: Excadrill|Excadrill, M|100/100
|-damage|p2a: Excadrill|97/100|[from] Stealth Rock
|turn|17
|
|t:|1708490999
|move|p2a: Excadrill|Earthquake|p1a: Milotic
|-damage|p1a: Milotic|12/100
|move|p1a: Milotic|Scald|p2a: Excadrill
|-supereffective|p2a: Excadrill
|-damage|p2a: Excadrill|30/100
|
|-weather|Sandstorm|[upkeep]
|-damage|p1a: Milotic|6/100|[from] Sandstorm
|-heal|p2a: Excadrill|36/100|[from] item: Leftovers
|-heal|p1a: Milotic|12/100|[from] item: Leftovers
|upkeep
|turn|18
|
|t:|1708491011
|move|p2a: Excadrill|Earthquake|p1a: Milotic
|-crit|p1a: Milotic
|-damage|p1a: Milotic|0 fnt
|faint|p1a: Milotic
|
|-weather|Sandstorm|[upkeep]
|-heal|p2a: Excadrill|42/100|[from] item: Leftovers
|upkeep
|
|t:|1708491019
|switch|p1a: Alakazam|Alakazam, M|10/100
|turn|19
|
|t:|1708491034
|move|p2a: Excadrill|Protect|p2a: Excadrill
|-singleturn|p2a: Excadrill|Protect
|move|p1a: Alakazam|Focus Blast|p2a: Excadrill
|-activate|p2a: Excadrill|move: Protect
|
|-weather|Sandstorm|[upkeep]
|-heal|p2a: Excadrill|48/100|[from] item: Leftovers
|upkeep
|turn|20
|
|t:|1708491048
|switch|p2a: Gliscor|Gliscor, F|47/100 tox
|-damage|p2a: Gliscor|34/100 tox|[from] Stealth Rock
|move|p1a: Alakazam|Focus Blast|p2a: Gliscor|[miss]
|-miss|p1a: Alakazam|p2a: Gliscor
|
|-weather|Sandstorm|[upkeep]
|-heal|p2a: Gliscor|47/100 tox|[from] ability: Poison Heal
|upkeep
|turn|21
|
|t:|1708491058
|move|p1a: Alakazam|Shadow Ball|p2a: Gliscor
|-damage|p2a: Gliscor|11/100 tox
|move|p2a: Gliscor|U-turn|p1a: Alakazam
|-supereffective|p1a: Alakazam
|-damage|p1a: Alakazam|0 fnt
|faint|p1a: Alakazam
|
|t:|1708491069
|switch|p2a: Mamoswine|Mamoswine, F|27/100|[from] U-turn
|-damage|p2a: Mamoswine|14/100|[from] Stealth Rock
|
|-weather|Sandstorm|[upkeep]
|upkeep
|
|t:|1708491078
|switch|p1a: Porygon2|Porygon2, shiny|100/100
|-damage|p1a: Porygon2|88/100|[from] Stealth Rock
|turn|22
|
|t:|1708491082
|move|p2a: Mamoswine|Earthquake|p1a: Porygon2
|-damage|p1a: Porygon2|28/100
|move|p1a: Porygon2|Recover|p1a: Porygon2
|-heal|p1a: Porygon2|78/100
|
|-weather|Sandstorm|[upkeep]
|-damage|p1a: Porygon2|72/100|[from] Sandstorm
|upkeep
|turn|23
|
|t:|1708491090
|move|p2a: Mamoswine|Earthquake|p1a: Porygon2
|-damage|p1a: Porygon2|14/100
|move|p1a: Porygon2|Recover|p1a: Porygon2
|-heal|p1a: Porygon2|64/100
|
|-weather|Sandstorm|[upkeep]
|-damage|p1a: Porygon2|58/100|[from] Sandstorm
|upkeep
|turn|24
|c|☆willthekid65934|Ggs
|
|t:|1708491099
|move|p2a: Mamoswine|Earthquake|p1a: Porygon2
|-damage|p1a: Porygon2|0 fnt
|faint|p1a: Porygon2
|
|win|willthekid65934
|raw|repinho2711's rating: 1394 &rarr; <strong>1369</strong><br />(-25 for losing)
|raw|willthekid65934's rating: 1297 &rarr; <strong>1329</strong><br />(+32 for winning)
|l|☆repinho2711
|player|p1|
