|join|Sage Hane
|join|Leotias
|player|p1|Sage Hane|290
|player|p2|Leotias|146
|gametype|singles
|gen|5
|tier|[Gen 5] OU
|rated
|rule|Evasion Abilities Clause: Evasion abilities are banned
|clearpoke
|poke|p1|Chansey, F
|poke|p1|Wobbuffet, F
|poke|p1|Cloyster, F
|poke|p1|Garchomp, F
|poke|p1|Dragonite, F
|poke|p1|Donphan, F
|poke|p2|Hippowdon, M
|poke|p2|Skarmory, F
|poke|p2|Jellicent, M
|poke|p2|Xatu, F
|poke|p2|Stoutland, F
|poke|p2|Kyurem-Black
|rule|Sleep Clause Mod: Limit one foe put to sleep
|rule|Species Clause: Limit one of each Pokemon
|rule|OHKO Clause: OHKO moves are banned
|rule|Moody Clause: Moody is banned
|rule|Evasion Moves Clause: Evasion moves are banned
|rule|Endless Battle Clause: Forcing endless battles is banned.
|rule|HP Percentage Mod: HP is reported as percentages
|teampreview
|
|start
|switch|p1a: Shell Blade|Cloyster, F|241/241
|switch|p2a: Hippowdon|Hippowdon, M|420/420
|-weather|Sandstorm|[from] ability: Sand Stream|[of] p2a: Hippowdon
|turn|1
|
|switch|p2a: Jellicent|Jellicent, M|404/404
|move|p1a: Shell Blade|Shell Smash|p1a: Shell Blade
|-boost|p1a: Shell Blade|atk|2
|-boost|p1a: Shell Blade|spa|2
|-boost|p1a: Shell Blade|spe|2
|-unboost|p1a: Shell Blade|def|1
|-unboost|p1a: Shell Blade|spd|1
|
|-weather|Sandstorm|[upkeep]
|-damage|p1a: Shell Blade|226/241|[from] sandstorm
|-damage|p2a: Jellicent|379/404|[from] sandstorm
|-heal|p2a: Jellicent|404/404|[from] item: Leftovers
|turn|2
|
|move|p1a: Shell Blade|Rock Blast|p2a: Jellicent
|-damage|p2a: Jellicent|358/404
|-damage|p2a: Jellicent|317/404
|-damage|p2a: Jellicent|275/404
|-damage|p2a: Jellicent|228/404
|-damage|p2a: Jellicent|187/404
|-hitcount|p2a: Jellicent|5
|cant|p2a: Jellicent|flinch
|
|-weather|Sandstorm|[upkeep]
|-damage|p1a: Shell Blade|211/241|[from] sandstorm
|-damage|p2a: Jellicent|162/404|[from] sandstorm
|-heal|p2a: Jellicent|187/404|[from] item: Leftovers
|turn|3
|
|move|p1a: Shell Blade|Rock Blast|p2a: Jellicent
|-damage|p2a: Jellicent|142/404
|-damage|p2a: Jellicent|102/404
|-damage|p2a: Jellicent|60/404
|-damage|p2a: Jellicent|14/404
|-damage|p2a: Jellicent|0 fnt
|-hitcount|p2a: Jellicent|5
|faint|p2a: Jellicent
|
|-weather|Sandstorm|[upkeep]
|-damage|p1a: Shell Blade|196/241|[from] sandstorm
|
|switch|p2a: Stoutland|Stoutland, F|311/311
|turn|4
|
|move|p1a: Shell Blade|Icicle Spear|p2a: Stoutland
|-damage|p2a: Stoutland|232/311
|-damage|p2a: Stoutland|148/311
|-damage|p2a: Stoutland|66/311
|-damage|p2a: Stoutland|0 fnt
|-hitcount|p2a: Stoutland|4
|faint|p2a: Stoutland
|
|-weather|Sandstorm|[upkeep]
|-damage|p1a: Shell Blade|181/241|[from] sandstorm
|
|switch|p2a: Kyurem-Black|Kyurem-Black|432/432
|-ability|p2a: Kyurem-Black|Teravolt
|turn|5
|
|move|p1a: Shell Blade|Rock Blast|p2a: Kyurem-Black
|-supereffective|p2a: Kyurem-Black
|-damage|p2a: Kyurem-Black|330/432
|-supereffective|p2a: Kyurem-Black
|-damage|p2a: Kyurem-Black|238/432
|-supereffective|p2a: Kyurem-Black
|-damage|p2a: Kyurem-Black|136/432
|-supereffective|p2a: Kyurem-Black
|-damage|p2a: Kyurem-Black|40/432
|-supereffective|p2a: Kyurem-Black
|-damage|p2a: Kyurem-Black|0 fnt
|-hitcount|p2a: Kyurem-Black|5
|faint|p2a: Kyurem-Black
|
|-weather|Sandstorm|[upkeep]
|-damage|p1a: Shell Blade|166/241|[from] sandstorm
|leave|Leotias
|player|p2
|-message|leotias lost due to inactivity.
|
|win|Sage Hane
|raw|Ladder updating...
|raw|Sage Hane's rating: 1276 &rarr; <strong>1308</strong><br />(+32 for winning)
|raw|Leotias's rating: 1382 &rarr; <strong>1356</strong><br />(-26 for losing)