|j|☆testbwou
|j|☆Jon.more
|t:|1709457463
|gametype|singles
|player|p1|testbwou|1|1406
|player|p2|Jon.more|norman|1265
|teamsize|p1|6
|teamsize|p2|6
|gen|5
|tier|[Gen 5] OU
|rated|
|rule|Species Clause: Limit one of each Pokémon
|rule|OHKO Clause: OHKO moves are banned
|rule|Moody Clause: Moody is banned
|rule|Evasion Items Clause: Evasion items are banned
|rule|Evasion Moves Clause: Evasion moves are banned
|rule|Endless Battle Clause: Forcing endless battles is banned
|rule|HP Percentage Mod: HP is shown in percentages
|rule|Evasion Abilities Clause: Evasion abilities are banned
|rule|Sleep Moves Clause: Sleep-inducing moves are banned
|rule|Swagger Clause: Swagger is banned
|rule|Baton Pass Stat Clause: No Baton Passer may have a way to boost its stats
|clearpoke
|poke|p1|Riolu, F|item
|poke|p1|Forretress, M|item
|poke|p1|Shedinja|item
|poke|p1|Politoed, M|item
|poke|p1|Gengar, M|item
|poke|p1|Starmie|item
|poke|p2|Mismagius, M|item
|poke|p2|Breloom, M|item
|poke|p2|Honchkrow, M|item
|poke|p2|Roserade, F|item
|poke|p2|Cacturne, F|item
|poke|p2|Slowking, M|item
|teampreview
|
|t:|1709457494
|start
|switch|p1a: Forretress|Forretress, M|100/100
|switch|p2a: Lord Biggles|Slowking, M|100/100
|turn|1
|
|t:|1709457497
|move|p1a: Forretress|Stealth Rock|p2a: Lord Biggles
|-sidestart|p2: Jon.more|move: Stealth Rock
|move|p2a: Lord Biggles|Flamethrower|p1a: Forretress
|-supereffective|p1a: Forretress
|-ability|p1a: Forretress|Sturdy
|-damage|p1a: Forretress|1/100
|
|upkeep
|turn|2
|-enditem|p1a: Forretress|Custap Berry|[eat]
|-activate|p1a: Forretress|item: Custap Berry|[consumed]
|
|t:|1709457510
|move|p1a: Forretress|Spikes|p2a: Lord Biggles
|-sidestart|p2: Jon.more|Spikes
|move|p2a: Lord Biggles|Dragon Tail|p1a: Forretress
|-resisted|p1a: Forretress
|-damage|p1a: Forretress|0 fnt
|faint|p1a: Forretress
|
|upkeep
|
|t:|1709457544
|switch|p1a: Riolu|Riolu, F|100/100
|turn|3
|
|t:|1709457546
|move|p2a: Lord Biggles|Thunder Wave|p1a: Riolu
|-status|p1a: Riolu|par
|cant|p1a: Riolu|par
|
|upkeep
|turn|4
|
|t:|1709457555
|move|p2a: Lord Biggles|Flamethrower|p1a: Riolu
|-damage|p1a: Riolu|26/100 par
|move|p1a: Riolu|Roar|p2a: Lord Biggles
|drag|p2a: Chris|Breloom, M|100/100
|-damage|p2a: Chris|94/100|[from] Stealth Rock
|-damage|p2a: Chris|82/100|[from] Spikes
|
|upkeep
|turn|5
|
|t:|1709457562
|move|p2a: Chris|Mach Punch|p1a: Riolu
|-damage|p1a: Riolu|0 fnt
|faint|p1a: Riolu
|
|upkeep
|
|t:|1709457571
|switch|p1a: Gengar|Gengar, M|100/100
|turn|6
|
|t:|1709457580
|switch|p2a: Cacturne|Cacturne, F|100/100
|-damage|p2a: Cacturne|88/100|[from] Stealth Rock
|-damage|p2a: Cacturne|76/100|[from] Spikes
|move|p1a: Gengar|Hidden Power|p2a: Cacturne
|-supereffective|p2a: Cacturne
|-damage|p2a: Cacturne|0 fnt
|faint|p2a: Cacturne
|-damage|p1a: Gengar|91/100|[from] item: Life Orb
|
|upkeep
|
|t:|1709457584
|switch|p2a: Mr Jones|Honchkrow, M|100/100
|-damage|p2a: Mr Jones|76/100|[from] Stealth Rock
|turn|7
|
|t:|1709457591
|switch|p1a: Shedinja|Shedinja|100/100
|move|p2a: Mr Jones|Night Slash|p1a: Shedinja
|-supereffective|p1a: Shedinja
|-enditem|p1a: Shedinja|Focus Sash
|-damage|p1a: Shedinja|100/100
|
|upkeep
|turn|8
|
|t:|1709457600
|switch|p1a: Politoed|Politoed, M|100/100
|-weather|RainDance|[from] ability: Drizzle|[of] p1a: Politoed
|move|p2a: Mr Jones|Night Slash|p1a: Politoed
|-damage|p1a: Politoed|54/100
|
|-weather|RainDance|[upkeep]
|upkeep
|turn|9
|
|t:|1709457610
|switch|p2a: Roserade|Roserade, F|100/100
|-damage|p2a: Roserade|88/100|[from] Stealth Rock
|-damage|p2a: Roserade|76/100|[from] Spikes
|move|p1a: Politoed|Surf|p2a: Roserade
|-resisted|p2a: Roserade
|-damage|p2a: Roserade|43/100
|
|-weather|RainDance|[upkeep]
|upkeep
|turn|10
|
|t:|1709457621
|move|p1a: Politoed|Surf|p2a: Roserade
|-resisted|p2a: Roserade
|-damage|p2a: Roserade|5/100
|move|p2a: Roserade|Leech Seed|p1a: Politoed
|-start|p1a: Politoed|move: Leech Seed
|
|-weather|RainDance|[upkeep]
|-damage|p1a: Politoed|42/100|[from] Leech Seed|[of] p2a: Roserade
|-heal|p2a: Roserade|20/100|[silent]
|upkeep
|turn|11
|
|t:|1709457641
|move|p1a: Politoed|Surf|p2a: Roserade
|-resisted|p2a: Roserade
|-damage|p2a: Roserade|0 fnt
|faint|p2a: Roserade
|
|-weather|RainDance|[upkeep]
|upkeep
|
|t:|1709457657
|switch|p2a: Mr Jones|Honchkrow, M|76/100
|-damage|p2a: Mr Jones|51/100|[from] Stealth Rock
|turn|12
|
|t:|1709457665
|move|p2a: Mr Jones|Night Slash|p1a: Politoed
|-damage|p1a: Politoed|0 fnt
|faint|p1a: Politoed
|-ability|p2a: Mr Jones|Moxie|boost
|-boost|p2a: Mr Jones|atk|1
|
|-weather|RainDance|[upkeep]
|upkeep
|
|t:|1709457674
|switch|p1a: Starmie|Starmie|100/100
|turn|13
|
|t:|1709457678
|move|p2a: Mr Jones|Night Slash|p1a: Starmie
|-supereffective|p1a: Starmie
|-damage|p1a: Starmie|0 fnt
|faint|p1a: Starmie
|-ability|p2a: Mr Jones|Moxie|boost
|-boost|p2a: Mr Jones|atk|1
|
|-weather|RainDance|[upkeep]
|upkeep
|
|t:|1709457680
|switch|p1a: Shedinja|Shedinja|100/100
|turn|14
|
|t:|1709457681
|move|p1a: Shedinja|Sucker Punch|p2a: Mr Jones
|-resisted|p2a: Mr Jones
|-damage|p2a: Mr Jones|28/100
|move|p2a: Mr Jones|Night Slash|p1a: Shedinja
|-supereffective|p1a: Shedinja
|-crit|p1a: Shedinja
|-damage|p1a: Shedinja|0 fnt
|faint|p1a: Shedinja
|-ability|p2a: Mr Jones|Moxie|boost
|-boost|p2a: Mr Jones|atk|1
|
|-weather|RainDance|[upkeep]
|upkeep
|
|t:|1709457683
|switch|p1a: Gengar|Gengar, M|91/100
|turn|15
|
|t:|1709457685
|move|p2a: Mr Jones|Night Slash|p1a: Gengar
|-supereffective|p1a: Gengar
|-damage|p1a: Gengar|0 fnt
|faint|p1a: Gengar
|-ability|p2a: Mr Jones|Moxie|boost
|-boost|p2a: Mr Jones|atk|1
|
|win|Jon.more
|raw|testbwou's rating: 1406 &rarr; <strong>1378</strong><br />(-28 for losing)
|raw|Jon.more's rating: 1265 &rarr; <strong>1300</strong><br />(+35 for winning)
|l|☆testbwou
|player|p1|
