|j|☆II Armando II
|j|☆PaintItBlack42
|player|p1|II Armando II|169|1511
|player|p2|PaintItBlack42|181|1373
|teamsize|p1|6
|teamsize|p2|6
|gametype|singles
|gen|5
|tier|[Gen 5] OU
|rated|
|rule|Sleep Clause Mod: Limit one foe put to sleep
|rule|Species Clause: Limit one of each Pokémon
|rule|OHKO Clause: OHKO moves are banned
|rule|Moody Clause: Moody is banned
|rule|Evasion Moves Clause: Evasion moves are banned
|rule|Endless Battle Clause: Forcing endless battles is banned
|rule|HP Percentage Mod: HP is shown in percentages
|rule|Evasion Abilities Clause: Evasion abilities are banned
|rule|Baton Pass Clause: Limit one Baton Passer, can't pass Spe and other stats simultaneously
|rule|Swagger Clause: Swagger is banned
|clearpoke
|poke|p1|Politoed, M|item
|poke|p1|Jirachi|item
|poke|p1|Kyurem-Black|item
|poke|p1|Thundurus-Therian, M|item
|poke|p1|Donphan, M|item
|poke|p1|Keldeo|item
|poke|p2|Politoed, F|item
|poke|p2|Gliscor, F|item
|poke|p2|Tentacruel, F|item
|poke|p2|Blissey, F|item
|poke|p2|Ferrothorn, M|item
|poke|p2|Jirachi|item
|teampreview
|c|☆PaintItBlack42|hm
|c|☆PaintItBlack42|you have the advantage no doubt
|
|start
|switch|p1a: Politoed|Politoed, M|100/100
|switch|p2a: Politoed|Politoed, F|100/100
|-weather|RainDance|[from] ability: Drizzle|[of] p1a: Politoed
|turn|1
|inactive|Battle timer is ON: inactive players will automatically lose when time's up. (requested by PaintItBlack42)
|
|move|p1a: Politoed|Hypnosis|p2a: Politoed
|-status|p2a: Politoed|slp|[from] move: Hypnosis
|cant|p2a: Politoed|slp
|
|-weather|RainDance|[upkeep]
|upkeep
|turn|2
|
|switch|p1a: Thundurus|Thundurus-Therian, M|100/100
|switch|p2a: Ferrothorn|Ferrothorn, M|100/100
|
|-weather|RainDance|[upkeep]
|upkeep
|turn|3
|
|move|p1a: Thundurus|Focus Blast|p2a: Ferrothorn
|-supereffective|p2a: Ferrothorn
|-damage|p2a: Ferrothorn|24/100
|move|p2a: Ferrothorn|Power Whip|p1a: Thundurus
|-resisted|p1a: Thundurus
|-damage|p1a: Thundurus|76/100
|
|-weather|RainDance|[upkeep]
|upkeep
|turn|4
|inactive|II Armando II has 120 seconds left.
|
|move|p1a: Thundurus|Focus Blast|p2a: Ferrothorn
|-supereffective|p2a: Ferrothorn
|-damage|p2a: Ferrothorn|0 fnt
|faint|p2a: Ferrothorn
|
|-weather|RainDance|[upkeep]
|upkeep
|
|switch|p2a: Blissey|Blissey, F|100/100
|turn|5
|
|switch|p1a: Donphan|Donphan, M|100/100
|move|p2a: Blissey|Stealth Rock|p1a: Donphan
|-sidestart|p1: II Armando II|move: Stealth Rock
|
|-weather|RainDance|[upkeep]
|upkeep
|turn|6
|
|move|p2a: Blissey|Toxic|p1a: Donphan
|-status|p1a: Donphan|tox
|move|p1a: Donphan|Rapid Spin|p2a: Blissey
|-damage|p2a: Blissey|96/100
|-sideend|p1: II Armando II|Stealth Rock|[from] move: Rapid Spin|[of] p1a: Donphan
|
|-weather|RainDance|[upkeep]
|-heal|p2a: Blissey|100/100|[from] item: Leftovers
|-damage|p1a: Donphan|94/100 tox|[from] psn
|upkeep
|turn|7
|
|switch|p1a: Keldeo|Keldeo|100/100
|move|p2a: Blissey|Toxic|p1a: Keldeo
|-status|p1a: Keldeo|tox
|
|-weather|RainDance|[upkeep]
|-damage|p1a: Keldeo|94/100 tox|[from] psn
|upkeep
|turn|8
|
|switch|p1a: Thundurus|Thundurus-Therian, M|76/100
|switch|p2a: Tentacruel|Tentacruel, F|100/100
|
|-weather|RainDance|[upkeep]
|upkeep
|turn|9
|
|switch|p2a: Blissey|Blissey, F|100/100
|move|p1a: Thundurus|Thunder|p2a: Blissey
|-damage|p2a: Blissey|75/100
|
|-weather|RainDance|[upkeep]
|-heal|p2a: Blissey|81/100|[from] item: Leftovers
|upkeep
|turn|10
|
|switch|p1a: Jirachi|Jirachi|100/100
|move|p2a: Blissey|Soft-Boiled|p2a: Blissey
|-heal|p2a: Blissey|100/100
|
|-weather|RainDance|[upkeep]
|upkeep
|turn|11
|
|move|p1a: Jirachi|Body Slam|p2a: Blissey
|-damage|p2a: Blissey|83/100
|move|p2a: Blissey|Stealth Rock|p1a: Jirachi
|-sidestart|p1: II Armando II|move: Stealth Rock
|
|-weather|RainDance|[upkeep]
|-heal|p2a: Blissey|89/100|[from] item: Leftovers
|upkeep
|turn|12
|
|move|p1a: Jirachi|Body Slam|p2a: Blissey
|-damage|p2a: Blissey|72/100
|move|p2a: Blissey|Seismic Toss|p1a: Jirachi
|-damage|p1a: Jirachi|76/100
|
|-weather|RainDance|[upkeep]
|-heal|p1a: Jirachi|82/100|[from] item: Leftovers
|-heal|p2a: Blissey|78/100|[from] item: Leftovers
|upkeep
|turn|13
|
|move|p1a: Jirachi|Body Slam|p2a: Blissey
|-damage|p2a: Blissey|59/100
|-status|p2a: Blissey|par
|move|p2a: Blissey|Seismic Toss|p1a: Jirachi
|-damage|p1a: Jirachi|57/100
|
|-weather|RainDance|[upkeep]
|-heal|p1a: Jirachi|63/100|[from] item: Leftovers
|-heal|p2a: Blissey|65/100 par|[from] item: Leftovers
|upkeep
|turn|14
|
|move|p1a: Jirachi|Iron Head|p2a: Blissey
|-damage|p2a: Blissey|40/100 par
|move|p2a: Blissey|Seismic Toss|p1a: Jirachi
|-damage|p1a: Jirachi|39/100
|
|-weather|RainDance|[upkeep]
|-heal|p1a: Jirachi|45/100|[from] item: Leftovers
|-heal|p2a: Blissey|46/100 par|[from] item: Leftovers
|upkeep
|turn|15
|
|switch|p2a: Politoed|Politoed, F|100/100 slp
|move|p1a: Jirachi|Iron Head|p2a: Politoed
|-resisted|p2a: Politoed
|-damage|p2a: Politoed|88/100 slp
|
|-weather|RainDance|[upkeep]
|-heal|p1a: Jirachi|51/100|[from] item: Leftovers
|-heal|p2a: Politoed|94/100 slp|[from] item: Leftovers
|upkeep
|turn|16
|
|move|p1a: Jirachi|Wish|p1a: Jirachi
|cant|p2a: Politoed|slp
|
|-weather|RainDance|[upkeep]
|-heal|p1a: Jirachi|57/100|[from] item: Leftovers
|-heal|p2a: Politoed|100/100 slp|[from] item: Leftovers
|upkeep
|turn|17
|
|move|p1a: Jirachi|Protect|p1a: Jirachi
|-singleturn|p1a: Jirachi|Protect
|cant|p2a: Politoed|slp
|
|-weather|RainDance|[upkeep]
|-heal|p1a: Jirachi|100/100|[from] move: Wish|[wisher] Jirachi
|upkeep
|turn|18
|
|move|p1a: Jirachi|Body Slam|p2a: Politoed
|-damage|p2a: Politoed|83/100 slp
|-curestatus|p2a: Politoed|slp|[msg]
|move|p2a: Politoed|Scald|p1a: Jirachi
|-damage|p1a: Jirachi|77/100
|
|-weather|RainDance|[upkeep]
|-heal|p1a: Jirachi|83/100|[from] item: Leftovers
|-heal|p2a: Politoed|89/100|[from] item: Leftovers
|upkeep
|turn|19
|
|move|p1a: Jirachi|Body Slam|p2a: Politoed
|-damage|p2a: Politoed|74/100
|-status|p2a: Politoed|par
|move|p2a: Politoed|Scald|p1a: Jirachi
|-damage|p1a: Jirachi|59/100
|
|-weather|RainDance|[upkeep]
|-heal|p1a: Jirachi|66/100|[from] item: Leftovers
|-heal|p2a: Politoed|80/100 par|[from] item: Leftovers
|upkeep
|turn|20
|
|switch|p1a: Politoed|Politoed, M|100/100
|-damage|p1a: Politoed|88/100|[from] Stealth Rock
|move|p2a: Politoed|Scald|p1a: Politoed
|-resisted|p1a: Politoed
|-damage|p1a: Politoed|71/100
|
|-weather|RainDance|[upkeep]
|-heal|p2a: Politoed|86/100 par|[from] item: Leftovers
|upkeep
|turn|21
|
|move|p1a: Politoed|Hydro Pump|p2a: Politoed
|-resisted|p2a: Politoed
|-damage|p2a: Politoed|37/100 par
|move|p2a: Politoed|Scald|p1a: Politoed
|-resisted|p1a: Politoed
|-damage|p1a: Politoed|50/100
|
|-weather|RainDance|[upkeep]
|-heal|p2a: Politoed|43/100 par|[from] item: Leftovers
|upkeep
|turn|22
|
|move|p2a: Politoed|Protect|p2a: Politoed
|-singleturn|p2a: Politoed|Protect
|move|p1a: Politoed|Hydro Pump|p2a: Politoed
|-activate|p2a: Politoed|move: Protect
|
|-weather|RainDance|[upkeep]
|-heal|p2a: Politoed|50/100 par|[from] item: Leftovers
|upkeep
|turn|23
|
|move|p1a: Politoed|Hydro Pump|p2a: Politoed
|-resisted|p2a: Politoed
|-damage|p2a: Politoed|0 fnt
|faint|p2a: Politoed
|
|-weather|RainDance|[upkeep]
|upkeep
|
|switch|p2a: Tentacruel|Tentacruel, F|100/100
|turn|24
|
|move|p2a: Tentacruel|Scald|p1a: Politoed
|-resisted|p1a: Politoed
|-damage|p1a: Politoed|33/100
|move|p1a: Politoed|Hydro Pump|p2a: Tentacruel|[miss]
|-miss|p1a: Politoed|p2a: Tentacruel
|
|-weather|RainDance|[upkeep]
|upkeep
|turn|25
|
|move|p2a: Tentacruel|Scald|p1a: Politoed
|-resisted|p1a: Politoed
|-damage|p1a: Politoed|15/100
|-status|p1a: Politoed|brn
|move|p1a: Politoed|Hydro Pump|p2a: Tentacruel
|-resisted|p2a: Tentacruel
|-damage|p2a: Tentacruel|51/100
|
|-weather|RainDance|[upkeep]
|-heal|p2a: Tentacruel|57/100|[from] ability: Rain Dish
|-heal|p2a: Tentacruel|63/100|[from] item: Black Sludge
|-damage|p1a: Politoed|3/100 brn|[from] brn
|upkeep
|turn|26
|
|switch|p1a: Thundurus|Thundurus-Therian, M|76/100
|-damage|p1a: Thundurus|51/100|[from] Stealth Rock
|move|p2a: Tentacruel|Protect||[still]
|-fail|p2a: Tentacruel
|
|-weather|RainDance|[upkeep]
|-heal|p2a: Tentacruel|69/100|[from] ability: Rain Dish
|-heal|p2a: Tentacruel|75/100|[from] item: Black Sludge
|upkeep
|turn|27
|
|switch|p2a: Gliscor|Gliscor, F|100/100
|move|p1a: Thundurus|Thunder|p2a: Gliscor
|-immune|p2a: Gliscor
|
|-weather|RainDance|[upkeep]
|-status|p2a: Gliscor|tox|[from] item: Toxic Orb
|upkeep
|turn|28
|
|move|p2a: Gliscor|Protect|p2a: Gliscor
|-singleturn|p2a: Gliscor|Protect
|move|p1a: Thundurus|Hidden Power|p2a: Gliscor
|-activate|p2a: Gliscor|move: Protect
|
|-weather|RainDance|[upkeep]
|upkeep
|turn|29
|
|switch|p2a: Blissey|Blissey, F|46/100
|move|p1a: Thundurus|Hidden Power|p2a: Blissey
|-damage|p2a: Blissey|36/100
|
|-weather|RainDance|[upkeep]
|-heal|p2a: Blissey|42/100|[from] item: Leftovers
|upkeep
|turn|30
|
|move|p1a: Thundurus|Focus Blast|p2a: Blissey
|-supereffective|p2a: Blissey
|-damage|p2a: Blissey|0 fnt
|faint|p2a: Blissey
|
|-weather|RainDance|[upkeep]
|upkeep
|
|switch|p2a: Jirachi|Jirachi|100/100
|turn|31
|
|move|p2a: Jirachi|Water Pulse|p1a: Thundurus
|-crit|p1a: Thundurus
|-damage|p1a: Thundurus|3/100
|-start|p1a: Thundurus|confusion
|-activate|p1a: Thundurus|confusion
|-damage|p1a: Thundurus|0 fnt|[from] confusion
|faint|p1a: Thundurus
|
|-weather|RainDance|[upkeep]
|upkeep
|
|switch|p1a: Keldeo|Keldeo|94/100 tox
|-damage|p1a: Keldeo|88/100 tox|[from] Stealth Rock
|turn|32
|
|switch|p2a: Tentacruel|Tentacruel, F|75/100
|move|p1a: Keldeo|Hydro Pump|p2a: Tentacruel|[miss]
|-miss|p1a: Keldeo|p2a: Tentacruel
|
|-weather|RainDance|[upkeep]
|-heal|p2a: Tentacruel|81/100|[from] ability: Rain Dish
|-heal|p2a: Tentacruel|87/100|[from] item: Black Sludge
|-damage|p1a: Keldeo|82/100 tox|[from] psn
|upkeep
|turn|33
|
|switch|p1a: Politoed|Politoed, M|3/100 brn
|-damage|p1a: Politoed|0 fnt|[from] Stealth Rock
|faint|p1a: Politoed
|move|p2a: Tentacruel|Protect||[still]
|-fail|p2a: Tentacruel
|
|-weather|RainDance|[upkeep]
|-heal|p2a: Tentacruel|93/100|[from] ability: Rain Dish
|-heal|p2a: Tentacruel|99/100|[from] item: Black Sludge
|upkeep
|
|switch|p1a: Kyurem|Kyurem-Black|100/100
|-damage|p1a: Kyurem|75/100|[from] Stealth Rock
|-ability|p1a: Kyurem|Teravolt
|turn|34
|
|move|p2a: Tentacruel|Protect|p2a: Tentacruel
|-singleturn|p2a: Tentacruel|Protect
|move|p1a: Kyurem|Substitute|p1a: Kyurem
|-start|p1a: Kyurem|Substitute
|-damage|p1a: Kyurem|50/100
|
|-weather|RainDance|[upkeep]
|-heal|p2a: Tentacruel|100/100|[from] ability: Rain Dish
|-heal|p1a: Kyurem|57/100|[from] item: Leftovers
|upkeep
|turn|35
|
|move|p2a: Tentacruel|Protect||[still]
|-fail|p2a: Tentacruel
|move|p1a: Kyurem|Fusion Bolt|p2a: Tentacruel
|-supereffective|p2a: Tentacruel
|-damage|p2a: Tentacruel|36/100
|
|-weather|RainDance|[upkeep]
|-heal|p2a: Tentacruel|42/100|[from] ability: Rain Dish
|-heal|p1a: Kyurem|63/100|[from] item: Leftovers
|-heal|p2a: Tentacruel|48/100|[from] item: Black Sludge
|upkeep
|turn|36
|
|switch|p2a: Gliscor|Gliscor, F|100/100 tox
|move|p1a: Kyurem|Fusion Bolt|p2a: Gliscor
|-immune|p2a: Gliscor
|
|-weather|RainDance|[upkeep]
|-heal|p1a: Kyurem|69/100|[from] item: Leftovers
|upkeep
|turn|37
|
|move|p1a: Kyurem|Ice Beam|p2a: Gliscor
|-supereffective|p2a: Gliscor
|-damage|p2a: Gliscor|0 fnt
|faint|p2a: Gliscor
|
|-weather|RainDance|[upkeep]
|-heal|p1a: Kyurem|75/100|[from] item: Leftovers
|upkeep
|
|switch|p2a: Jirachi|Jirachi|100/100
|turn|38
|
|move|p2a: Jirachi|Substitute|p2a: Jirachi
|-start|p2a: Jirachi|Substitute
|-damage|p2a: Jirachi|75/100
|move|p1a: Kyurem|Earth Power|p2a: Jirachi
|-supereffective|p2a: Jirachi
|-end|p2a: Jirachi|Substitute
|
|-weather|RainDance|[upkeep]
|-heal|p2a: Jirachi|82/100|[from] item: Leftovers
|-heal|p1a: Kyurem|81/100|[from] item: Leftovers
|upkeep
|turn|39
|
|move|p2a: Jirachi|Calm Mind|p2a: Jirachi
|-boost|p2a: Jirachi|spa|1
|-boost|p2a: Jirachi|spd|1
|move|p1a: Kyurem|Earth Power|p2a: Jirachi
|-supereffective|p2a: Jirachi
|-damage|p2a: Jirachi|48/100
|
|-weather|RainDance|[upkeep]
|-heal|p2a: Jirachi|54/100|[from] item: Leftovers
|-heal|p1a: Kyurem|88/100|[from] item: Leftovers
|upkeep
|turn|40
|
|move|p2a: Jirachi|Substitute|p2a: Jirachi
|-start|p2a: Jirachi|Substitute
|-damage|p2a: Jirachi|29/100
|move|p1a: Kyurem|Earth Power|p2a: Jirachi
|-supereffective|p2a: Jirachi
|-end|p2a: Jirachi|Substitute
|
|-weather|RainDance|[upkeep]
|-heal|p2a: Jirachi|35/100|[from] item: Leftovers
|-heal|p1a: Kyurem|94/100|[from] item: Leftovers
|upkeep
|turn|41
|
|move|p2a: Jirachi|Calm Mind|p2a: Jirachi
|-boost|p2a: Jirachi|spa|1
|-boost|p2a: Jirachi|spd|1
|move|p1a: Kyurem|Earth Power|p2a: Jirachi
|-supereffective|p2a: Jirachi
|-damage|p2a: Jirachi|8/100
|
|-weather|RainDance|[upkeep]
|-heal|p2a: Jirachi|14/100|[from] item: Leftovers
|-heal|p1a: Kyurem|99/100|[from] item: Leftovers
|upkeep
|turn|42
|
|move|p2a: Jirachi|Thunder|p1a: Kyurem
|-resisted|p1a: Kyurem
|-activate|p1a: Kyurem|Substitute|[damage]
|move|p1a: Kyurem|Earth Power|p2a: Jirachi
|-supereffective|p2a: Jirachi
|-damage|p2a: Jirachi|0 fnt
|faint|p2a: Jirachi
|
|-weather|RainDance|[upkeep]
|-heal|p1a: Kyurem|100/100|[from] item: Leftovers
|upkeep
|
|switch|p2a: Tentacruel|Tentacruel, F|48/100
|turn|43
|
|move|p2a: Tentacruel|Protect|p2a: Tentacruel
|-singleturn|p2a: Tentacruel|Protect
|move|p1a: Kyurem|Fusion Bolt|p2a: Tentacruel
|-activate|p2a: Tentacruel|move: Protect
|
|-weather|RainDance|[upkeep]
|-heal|p2a: Tentacruel|54/100|[from] ability: Rain Dish
|-heal|p2a: Tentacruel|60/100|[from] item: Black Sludge
|upkeep
|turn|44
|
|move|p2a: Tentacruel|Protect|p2a: Tentacruel
|-singleturn|p2a: Tentacruel|Protect
|move|p1a: Kyurem|Fusion Bolt|p2a: Tentacruel
|-activate|p2a: Tentacruel|move: Protect
|
|-weather|RainDance|[upkeep]
|-heal|p2a: Tentacruel|66/100|[from] ability: Rain Dish
|-heal|p2a: Tentacruel|72/100|[from] item: Black Sludge
|upkeep
|turn|45
|c|☆II Armando II|gg
|
|move|p2a: Tentacruel|Protect||[still]
|-fail|p2a: Tentacruel
|move|p1a: Kyurem|Fusion Bolt|p2a: Tentacruel
|-supereffective|p2a: Tentacruel
|-damage|p2a: Tentacruel|4/100
|
|-weather|RainDance|[upkeep]
|-heal|p2a: Tentacruel|10/100|[from] ability: Rain Dish
|-heal|p2a: Tentacruel|16/100|[from] item: Black Sludge
|upkeep
|turn|46
|
|move|p2a: Tentacruel|Protect|p2a: Tentacruel
|-singleturn|p2a: Tentacruel|Protect
|move|p1a: Kyurem|Fusion Bolt|p2a: Tentacruel
|-activate|p2a: Tentacruel|move: Protect
|
|-weather|RainDance|[upkeep]
|-heal|p2a: Tentacruel|22/100|[from] ability: Rain Dish
|-heal|p2a: Tentacruel|29/100|[from] item: Black Sludge
|upkeep
|turn|47
|
|move|p2a: Tentacruel|Protect||[still]
|-fail|p2a: Tentacruel
|move|p1a: Kyurem|Fusion Bolt|p2a: Tentacruel
|-supereffective|p2a: Tentacruel
|-damage|p2a: Tentacruel|0 fnt
|faint|p2a: Tentacruel
|
|win|II Armando II
|l|☆PaintItBlack42
|raw|II Armando II's rating: 1511 &rarr; <strong>1524</strong><br />(+13 for winning)
|raw|PaintItBlack42's rating: 1373 &rarr; <strong>1361</strong><br />(-12 for losing)
