|j|☆GamOurs
|j|☆JackRG1
|t:|1746064706
|gametype|singles
|player|p1|GamOurs|colress|1341
|player|p2|JackRG1|iris|1427
|teamsize|p1|6
|teamsize|p2|6
|gen|5
|tier|[Gen 5] OU
|rated|
|rule|Species Clause: Limit one of each Pokémon
|rule|OHKO Clause: OHKO moves are banned
|rule|Moody Clause: Moody is banned
|rule|Evasion Items Clause: Evasion items are banned
|rule|Evasion Moves Clause: Evasion moves are banned
|rule|Endless Battle Clause: Forcing endless battles is banned
|rule|HP Percentage Mod: HP is shown in percentages
|rule|Evasion Abilities Clause: Evasion abilities are banned
|rule|Sleep Moves Clause: Sleep-inducing moves are banned
|rule|Swagger Clause: Swagger is banned
|rule|Baton Pass Stat Clause: No Baton Passer may have a way to boost its stats
|clearpoke
|poke|p1|Garchomp, F|item
|poke|p1|Volcarona, F|item
|poke|p1|Dragonite, M|item
|poke|p1|Breloom, F|item
|poke|p1|Starmie|item
|poke|p1|Scizor, F|item
|poke|p2|Tyranitar, M|item
|poke|p2|Alakazam, M|item
|poke|p2|Latios, M|item
|poke|p2|Ferrothorn, M|item
|poke|p2|Keldeo|item
|poke|p2|Landorus-Therian, M|item
|teampreview
|inactive|Battle timer is ON: inactive players will automatically lose when time's up. (requested by JackRG1)
|
|t:|1746064716
|start
|switch|p1a: Garchomp|Garchomp, F|100/100
|switch|p2a: Tyranitar|Tyranitar, M|100/100
|-weather|Sandstorm|[from] ability: Sand Stream|[of] p2a: Tyranitar
|turn|1
|
|t:|1746064724
|switch|p2a: Ferrothorn|Ferrothorn, M, shiny|100/100
|move|p1a: Garchomp|Stealth Rock|p2a: Ferrothorn
|-sidestart|p2: JackRG1|move: Stealth Rock
|
|-weather|Sandstorm|[upkeep]
|upkeep
|turn|2
|
|t:|1746064728
|switch|p1a: Scizor|Scizor, F|100/100
|move|p2a: Ferrothorn|Spikes|p1a: Scizor
|-sidestart|p1: GamOurs|Spikes
|
|-weather|Sandstorm|[upkeep]
|upkeep
|turn|3
|
|t:|1746064734
|switch|p2a: Keldeo|Keldeo|100/100
|-damage|p2a: Keldeo|94/100|[from] Stealth Rock
|move|p1a: Scizor|Swords Dance|p1a: Scizor
|-boost|p1a: Scizor|atk|2
|
|-weather|Sandstorm|[upkeep]
|-damage|p2a: Keldeo|88/100|[from] Sandstorm
|-heal|p2a: Keldeo|94/100|[from] item: Leftovers
|upkeep
|turn|4
|inactive|GamOurs has 120 seconds left.
|
|t:|1746064770
|move|p1a: Scizor|Bullet Punch|p2a: Keldeo
|-resisted|p2a: Keldeo
|-damage|p2a: Keldeo|47/100
|-damage|p1a: Scizor|91/100|[from] item: Life Orb
|move|p2a: Keldeo|Scald|p1a: Scizor
|-damage|p1a: Scizor|28/100
|-status|p1a: Scizor|brn
|
|-weather|Sandstorm|[upkeep]
|-damage|p2a: Keldeo|41/100|[from] Sandstorm
|-heal|p2a: Keldeo|47/100|[from] item: Leftovers
|-damage|p1a: Scizor|15/100 brn|[from] brn
|upkeep
|turn|5
|inactive|GamOurs has 120 seconds left.
|
|t:|1746064780
|move|p1a: Scizor|Bullet Punch|p2a: Keldeo
|-resisted|p2a: Keldeo
|-damage|p2a: Keldeo|23/100
|-damage|p1a: Scizor|5/100 brn|[from] item: Life Orb
|move|p2a: Keldeo|Scald|p1a: Scizor
|-damage|p1a: Scizor|0 fnt
|faint|p1a: Scizor
|
|-weather|Sandstorm|[upkeep]
|-damage|p2a: Keldeo|17/100|[from] Sandstorm
|-heal|p2a: Keldeo|23/100|[from] item: Leftovers
|upkeep
|
|t:|1746064785
|switch|p1a: Dragonite|Dragonite, M|100/100
|turn|6
|
|t:|1746064789
|move|p1a: Dragonite|Extreme Speed|p2a: Keldeo
|-damage|p2a: Keldeo|0 fnt
|faint|p2a: Keldeo
|
|-weather|Sandstorm|[upkeep]
|-damage|p1a: Dragonite|94/100|[from] Sandstorm
|upkeep
|
|t:|1746064795
|switch|p2a: Landorus|Landorus-Therian, M|100/100
|-damage|p2a: Landorus|88/100|[from] Stealth Rock
|-ability|p2a: Landorus|Intimidate|boost
|-unboost|p1a: Dragonite|atk|1
|turn|7
|
|t:|1746064803
|switch|p1a: Garchomp|Garchomp, F|100/100
|-damage|p1a: Garchomp|88/100|[from] Spikes
|move|p2a: Landorus|Stealth Rock|p1a: Garchomp
|-sidestart|p1: GamOurs|move: Stealth Rock
|
|-weather|Sandstorm|[upkeep]
|-heal|p2a: Landorus|94/100|[from] item: Leftovers
|upkeep
|turn|8
|
|t:|1746064807
|move|p1a: Garchomp|Swords Dance|p1a: Garchomp
|-boost|p1a: Garchomp|atk|2
|move|p2a: Landorus|Hidden Power|p1a: Garchomp
|-supereffective|p1a: Garchomp
|-damage|p1a: Garchomp|19/100
|
|-weather|Sandstorm|[upkeep]
|-heal|p2a: Landorus|99/100|[from] item: Leftovers
|upkeep
|turn|9
|
|t:|1746064810
|switch|p2a: Ferrothorn|Ferrothorn, M, shiny|100/100
|-damage|p2a: Ferrothorn|95/100|[from] Stealth Rock
|move|p1a: Garchomp|Outrage|p2a: Ferrothorn
|-resisted|p2a: Ferrothorn
|-damage|p2a: Ferrothorn|49/100
|-damage|p1a: Garchomp|6/100|[from] ability: Iron Barbs|[of] p2a: Ferrothorn
|
|-weather|Sandstorm|[upkeep]
|-heal|p2a: Ferrothorn|55/100|[from] item: Leftovers
|upkeep
|turn|10
|
|t:|1746064814
|move|p1a: Garchomp|Outrage|p2a: Ferrothorn|[from] lockedmove
|-resisted|p2a: Ferrothorn
|-damage|p2a: Ferrothorn|12/100
|-damage|p1a: Garchomp|0 fnt|[from] ability: Iron Barbs|[of] p2a: Ferrothorn
|faint|p1a: Garchomp
|move|p2a: Ferrothorn|Spikes|p1: Garchomp
|-sidestart|p1: GamOurs|Spikes
|
|-weather|Sandstorm|[upkeep]
|-heal|p2a: Ferrothorn|18/100|[from] item: Leftovers
|upkeep
|
|t:|1746064823
|switch|p1a: Starmie|Starmie|100/100
|-damage|p1a: Starmie|88/100|[from] Stealth Rock
|-item|p1a: Starmie|Air Balloon
|turn|11
|
|t:|1746064826
|move|p1a: Starmie|Rapid Spin|p2a: Ferrothorn
|-resisted|p2a: Ferrothorn
|-damage|p2a: Ferrothorn|16/100
|-damage|p1a: Starmie|76/100|[from] ability: Iron Barbs|[of] p2a: Ferrothorn
|-sideend|p1: GamOurs|Spikes|[from] move: Rapid Spin|[of] p1a: Starmie
|-sideend|p1: GamOurs|Stealth Rock|[from] move: Rapid Spin|[of] p1a: Starmie
|move|p2a: Ferrothorn|Spikes|p1a: Starmie
|-sidestart|p1: GamOurs|Spikes
|
|-weather|Sandstorm|[upkeep]
|-damage|p1a: Starmie|70/100|[from] Sandstorm
|-heal|p2a: Ferrothorn|22/100|[from] item: Leftovers
|upkeep
|turn|12
|
|t:|1746064834
|move|p1a: Starmie|Ice Beam|p2a: Ferrothorn
|-damage|p2a: Ferrothorn|3/100
|move|p2a: Ferrothorn|Spikes|p1a: Starmie
|-sidestart|p1: GamOurs|Spikes
|
|-weather|Sandstorm|[upkeep]
|-damage|p1a: Starmie|64/100|[from] Sandstorm
|-heal|p2a: Ferrothorn|9/100|[from] item: Leftovers
|upkeep
|turn|13
|
|t:|1746064840
|move|p2a: Ferrothorn|Protect|p2a: Ferrothorn
|-singleturn|p2a: Ferrothorn|Protect
|move|p1a: Starmie|Rapid Spin|p2a: Ferrothorn
|-activate|p2a: Ferrothorn|move: Protect
|
|-weather|Sandstorm|[upkeep]
|-damage|p1a: Starmie|58/100|[from] Sandstorm
|-heal|p2a: Ferrothorn|15/100|[from] item: Leftovers
|upkeep
|turn|14
|
|t:|1746064846
|move|p1a: Starmie|Ice Beam|p2a: Ferrothorn
|-damage|p2a: Ferrothorn|0 fnt
|faint|p2a: Ferrothorn
|
|-weather|Sandstorm|[upkeep]
|-damage|p1a: Starmie|51/100|[from] Sandstorm
|upkeep
|
|t:|1746064849
|switch|p2a: Alakazam|Alakazam, M|100/100
|turn|15
|
|t:|1746064854
|move|p2a: Alakazam|Shadow Ball|p1a: Starmie
|-supereffective|p1a: Starmie
|-damage|p1a: Starmie|0 fnt
|-enditem|p1a: Starmie|Air Balloon
|faint|p1a: Starmie
|
|-weather|Sandstorm|[upkeep]
|upkeep
|
|t:|1746064859
|switch|p1a: Dragonite|Dragonite, M|94/100
|turn|16
|
|t:|1746064863
|switch|p2a: Landorus|Landorus-Therian, M|99/100
|-damage|p2a: Landorus|88/100|[from] Stealth Rock
|-ability|p2a: Landorus|Intimidate|boost
|-unboost|p1a: Dragonite|atk|1
|move|p1a: Dragonite|Dragon Dance|p1a: Dragonite
|-boost|p1a: Dragonite|atk|1
|-boost|p1a: Dragonite|spe|1
|
|-weather|Sandstorm|[upkeep]
|-damage|p1a: Dragonite|88/100|[from] Sandstorm
|-heal|p2a: Landorus|94/100|[from] item: Leftovers
|upkeep
|turn|17
|
|t:|1746064873
|move|p1a: Dragonite|Outrage|p2a: Landorus
|-damage|p2a: Landorus|32/100
|move|p2a: Landorus|Stealth Rock|p1a: Dragonite
|-sidestart|p1: GamOurs|move: Stealth Rock
|
|-weather|Sandstorm|[upkeep]
|-damage|p1a: Dragonite|82/100|[from] Sandstorm
|-heal|p2a: Landorus|38/100|[from] item: Leftovers
|upkeep
|turn|18
|
|t:|1746064878
|move|p1a: Dragonite|Outrage|p2a: Landorus|[from] lockedmove
|-damage|p2a: Landorus|0 fnt
|faint|p2a: Landorus
|-start|p1a: Dragonite|confusion|[fatigue]
|-enditem|p1a: Dragonite|Lum Berry|[eat]
|-end|p1a: Dragonite|confusion
|
|-weather|Sandstorm|[upkeep]
|-damage|p1a: Dragonite|76/100|[from] Sandstorm
|upkeep
|
|t:|1746064880
|switch|p2a: Latios|Latios, M|100/100
|-damage|p2a: Latios|88/100|[from] Stealth Rock
|turn|19
|
|t:|1746064882
|move|p2a: Latios|Draco Meteor|p1a: Dragonite
|-supereffective|p1a: Dragonite
|-damage|p1a: Dragonite|0 fnt
|-unboost|p2a: Latios|spa|2
|faint|p1a: Dragonite
|
|-weather|Sandstorm|[upkeep]
|-damage|p2a: Latios|82/100|[from] Sandstorm
|upkeep
|
|t:|1746064889
|switch|p1a: Breloom|Breloom, F|100/100
|-damage|p1a: Breloom|84/100|[from] Spikes
|-damage|p1a: Breloom|78/100|[from] Stealth Rock
|turn|20
|
|t:|1746064892
|switch|p2a: Tyranitar|Tyranitar, M|100/100
|-damage|p2a: Tyranitar|88/100|[from] Stealth Rock
|move|p1a: Breloom|Low Sweep|p2a: Tyranitar
|-supereffective|p2a: Tyranitar
|-enditem|p2a: Tyranitar|Chople Berry|[eat]
|-enditem|p2a: Tyranitar|Chople Berry|[weaken]
|-damage|p2a: Tyranitar|0 fnt
|faint|p2a: Tyranitar
|-damage|p1a: Breloom|68/100|[from] item: Life Orb
|
|-weather|Sandstorm|[upkeep]
|-damage|p1a: Breloom|62/100|[from] Sandstorm
|upkeep
|
|t:|1746064894
|switch|p2a: Alakazam|Alakazam, M|100/100
|turn|21
|
|t:|1746064898
|move|p1a: Breloom|Mach Punch|p2a: Alakazam
|-resisted|p2a: Alakazam
|-damage|p2a: Alakazam|43/100
|-damage|p1a: Breloom|52/100|[from] item: Life Orb
|move|p2a: Alakazam|Psyshock|p1a: Breloom
|-supereffective|p1a: Breloom
|-damage|p1a: Breloom|0 fnt
|faint|p1a: Breloom
|
|-weather|Sandstorm|[upkeep]
|upkeep
|
|t:|1746064901
|switch|p1a: Volcarona|Volcarona, F|100/100
|-damage|p1a: Volcarona|84/100|[from] Spikes
|-damage|p1a: Volcarona|34/100|[from] Stealth Rock
|turn|22
|
|t:|1746064906
|move|p2a: Alakazam|Psyshock|p1a: Volcarona
|-damage|p1a: Volcarona|0 fnt
|faint|p1a: Volcarona
|
|win|JackRG1
|raw|GamOurs's rating: 1341 &rarr; <strong>1326</strong><br />(-15 for losing)
|raw|JackRG1's rating: 1427 &rarr; <strong>1442</strong><br />(+15 for winning)
|l|☆GamOurs
|player|p1|
