|join|JamesH93
|join|Captain Hair
|player|p1|JamesH93|48
|player|p2|Captain Hair|53
|gametype|singles
|gen|5
|tier|[Gen 5] OU
|rated
|rule|Evasion Abilities Clause: Evasion abilities are banned
|clearpoke
|poke|p1|Thundurus-Therian, M, shiny
|poke|p1|Politoed, M
|poke|p1|Ferrothorn, M
|poke|p1|Vaporeon, F
|poke|p1|Tentacruel, F
|poke|p1|Haxorus, F
|poke|p2|Politoed, F
|poke|p2|Tentacruel, F
|poke|p2|Mamoswine, M
|poke|p2|Ferrothorn, M
|poke|p2|Garchomp, M
|poke|p2|Thundurus-Therian, M
|rule|Sleep Clause Mod: Limit one foe put to sleep
|rule|Species Clause: Limit one of each Pokemon
|rule|OHKO Clause: OHKO moves are banned
|rule|Moody Clause: Moody is banned
|rule|Evasion Moves Clause: Evasion moves are banned
|rule|Endless Battle Clause: Forcing endless battles is banned.
|rule|HP Percentage Mod: HP is reported as percentages
|teampreview
|
|start
|switch|p1a: Thundurus-Therian|Thundurus-Therian, M, shiny|300/300
|switch|p2a: Politoed|Politoed, F|384/384
|-weather|RainDance|[from] ability: Drizzle|[of] p2a: Politoed
|turn|1
|
|move|p1a: Thundurus-Therian|Agility|p1a: Thundurus-Therian
|-boost|p1a: Thundurus-Therian|spe|2
|move|p2a: Politoed|Ice Beam|p1a: Thundurus-Therian
|-supereffective|p1a: Thundurus-Therian
|-damage|p1a: Thundurus-Therian|126/300
|-status|p1a: Thundurus-Therian|frz
|
|-weather|RainDance|[upkeep]
|-heal|p1a: Thundurus-Therian|144/300 frz|[from] item: Leftovers
|turn|2
|
|-curestatus|p1a: Thundurus-Therian|frz
|move|p1a: Thundurus-Therian|Thunderbolt|p2a: Politoed
|-supereffective|p2a: Politoed
|-damage|p2a: Politoed|22/384
|move|p2a: Politoed|Ice Beam|p1a: Thundurus-Therian
|-supereffective|p1a: Thundurus-Therian
|-damage|p1a: Thundurus-Therian|0 fnt
|faint|p1a: Thundurus-Therian
|
|-weather|RainDance|[upkeep]
|-heal|p2a: Politoed|46/384|[from] item: Leftovers
|
|switch|p1a: Hemothorn.|Ferrothorn, M|352/352
|turn|3
|
|move|p2a: Politoed|Scald|p1a: Hemothorn.
|-resisted|p1a: Hemothorn.
|-damage|p1a: Hemothorn.|302/352
|move|p1a: Hemothorn.|Leech Seed|p2a: Politoed
|-start|p2a: Politoed|move: Leech Seed
|
|-weather|RainDance|[upkeep]
|-heal|p2a: Politoed|70/384|[from] item: Leftovers
|-heal|p1a: Hemothorn.|324/352|[from] item: Leftovers
|-damage|p2a: Politoed|22/384|[from] Leech Seed|[of] p1a: Hemothorn.
|-heal|p1a: Hemothorn.|352/352|[silent]
|turn|4
|
|switch|p2a: Ferrothorn|Ferrothorn, M|352/352
|switch|p1a: Vaporeon|Vaporeon, F|463/463
|
|-weather|RainDance|[upkeep]
|turn|5
|
|switch|p1a: Tentacruel|Tentacruel, F|364/364
|move|p2a: Ferrothorn|Stealth Rock|p1a: Tentacruel
|-sidestart|p1: JamesH93|move: Stealth Rock
|
|-weather|RainDance|[upkeep]
|turn|6
|
|switch|p2a: Thundurus-Therian|Thundurus-Therian, M|299/299
|move|p1a: Tentacruel|Substitute|p1a: Tentacruel
|-start|p1a: Tentacruel|Substitute
|-damage|p1a: Tentacruel|273/364
|
|-weather|RainDance|[upkeep]
|-heal|p1a: Tentacruel|295/364|[from] ability: Rain Dish
|-heal|p1a: Tentacruel|317/364|[from] item: Black Sludge
|turn|7
|
|move|p2a: Thundurus-Therian|Volt Switch|p1a: Tentacruel
|-supereffective|p1a: Tentacruel
|-end|p1a: Tentacruel|Substitute
|
|switch|p2a: Politoed|Politoed, F|22/384
|move|p1a: Tentacruel|Scald|p2a: Politoed
|-resisted|p2a: Politoed
|-damage|p2a: Politoed|0 fnt
|faint|p2a: Politoed
|
|-weather|RainDance|[upkeep]
|-heal|p1a: Tentacruel|339/364|[from] ability: Rain Dish
|-heal|p1a: Tentacruel|361/364|[from] item: Black Sludge
|
|switch|p2a: Mamoswine|Mamoswine, M|362/362
|turn|8
|
|switch|p1a: Vaporeon|Vaporeon, F|463/463
|-damage|p1a: Vaporeon|406/463|[from] Stealth Rock
|move|p2a: Mamoswine|Earthquake|p1a: Vaporeon
|-damage|p1a: Vaporeon|164/463
|-damage|p2a: Mamoswine|326/362|[from] item: Life Orb
|
|-weather|RainDance|[upkeep]
|-heal|p1a: Vaporeon|192/463|[from] item: Leftovers
|turn|9
|
|move|p2a: Mamoswine|Earthquake|p1a: Vaporeon
|-damage|p1a: Vaporeon|0 fnt
|-damage|p2a: Mamoswine|290/362|[from] item: Life Orb
|faint|p1a: Vaporeon
|
|-weather|RainDance|[upkeep]
|
|switch|p1a: Hemothorn.|Ferrothorn, M|352/352
|-damage|p1a: Hemothorn.|330/352|[from] Stealth Rock
|turn|10
|
|switch|p2a: Garchomp|Garchomp, M|358/358
|move|p1a: Hemothorn.|Leech Seed|p2a: Garchomp
|-start|p2a: Garchomp|move: Leech Seed
|
|-weather|RainDance|[upkeep]
|-heal|p1a: Hemothorn.|352/352|[from] item: Leftovers
|-damage|p2a: Garchomp|314/358|[from] Leech Seed|[of] p1a: Hemothorn.
|turn|11
|
|switch|p2a: Thundurus-Therian|Thundurus-Therian, M|299/299
|switch|p1a: Politoed|Politoed, M|322/322
|-damage|p1a: Politoed|282/322|[from] Stealth Rock
|
|-weather|RainDance|[upkeep]
|turn|12
|
|switch|p2a: Tentacruel|Tentacruel, F|364/364
|move|p1a: Politoed|Ice Beam|p2a: Tentacruel
|-resisted|p2a: Tentacruel
|-damage|p2a: Tentacruel|332/364
|
|-weather|RainDance|[upkeep]
|-heal|p2a: Tentacruel|354/364|[from] ability: Rain Dish
|-heal|p2a: Tentacruel|364/364|[from] item: Black Sludge
|turn|13
|
|switch|p1a: Tentacruel|Tentacruel, F|361/364
|-damage|p1a: Tentacruel|316/364|[from] Stealth Rock
|move|p2a: Tentacruel|Scald|p1a: Tentacruel
|-resisted|p1a: Tentacruel
|-damage|p1a: Tentacruel|280/364
|
|-weather|RainDance|[upkeep]
|-heal|p1a: Tentacruel|302/364|[from] ability: Rain Dish
|-heal|p1a: Tentacruel|324/364|[from] item: Black Sludge
|turn|14
|
|switch|p2a: Thundurus-Therian|Thundurus-Therian, M|299/299
|move|p1a: Tentacruel|Scald|p2a: Thundurus-Therian
|-damage|p2a: Thundurus-Therian|166/299
|
|-weather|RainDance|[upkeep]
|-heal|p1a: Tentacruel|346/364|[from] ability: Rain Dish
|-heal|p1a: Tentacruel|364/364|[from] item: Black Sludge
|turn|15
|
|switch|p1a: Hemothorn.|Ferrothorn, M|352/352
|-damage|p1a: Hemothorn.|330/352|[from] Stealth Rock
|move|p2a: Thundurus-Therian|Thunder|p1a: Hemothorn.
|-resisted|p1a: Hemothorn.
|-damage|p1a: Hemothorn.|240/352
|
|-weather|RainDance|[upkeep]
|-heal|p1a: Hemothorn.|262/352|[from] item: Leftovers
|turn|16
|
|move|p2a: Thundurus-Therian|Focus Blast|p1a: Hemothorn.
|-supereffective|p1a: Hemothorn.
|-damage|p1a: Hemothorn.|8/352
|move|p1a: Hemothorn.|Leech Seed|p2a: Thundurus-Therian
|-start|p2a: Thundurus-Therian|move: Leech Seed
|
|-weather|RainDance|[upkeep]
|-heal|p1a: Hemothorn.|30/352|[from] item: Leftovers
|-damage|p2a: Thundurus-Therian|129/299|[from] Leech Seed|[of] p1a: Hemothorn.
|-heal|p1a: Hemothorn.|67/352|[silent]
|turn|17
|
|switch|p1a: Tentacruel|Tentacruel, F|364/364
|-damage|p1a: Tentacruel|319/364|[from] Stealth Rock
|move|p2a: Thundurus-Therian|Thunder|p1a: Tentacruel
|-supereffective|p1a: Tentacruel
|-damage|p1a: Tentacruel|0 fnt
|faint|p1a: Tentacruel
|
|-weather|RainDance|[upkeep]
|
|switch|p1a: Haxorus|Haxorus, F|294/294
|-damage|p1a: Haxorus|258/294|[from] Stealth Rock
|-ability|p1a: Haxorus|Mold Breaker
|turn|18
|
|switch|p2a: Ferrothorn|Ferrothorn, M|352/352
|move|p1a: Haxorus|Superpower|p2a: Ferrothorn
|-supereffective|p2a: Ferrothorn
|-damage|p2a: Ferrothorn|126/352
|-damage|p1a: Haxorus|222/294|[from] ability: Iron Barbs|[of] p2a: Ferrothorn
|-unboost|p1a: Haxorus|atk|1
|-unboost|p1a: Haxorus|def|1
|
|-weather|RainDance|[upkeep]
|-heal|p2a: Ferrothorn|148/352|[from] item: Leftovers
|turn|19
|
|move|p2a: Ferrothorn|Protect|p2a: Ferrothorn
|-singleturn|p2a: Ferrothorn|Protect
|move|p1a: Haxorus|Superpower|p2a: Ferrothorn
|-activate|p2a: Ferrothorn|Protect
|
|-weather|RainDance|[upkeep]
|-heal|p2a: Ferrothorn|170/352|[from] item: Leftovers
|turn|20
|
|move|p1a: Haxorus|Superpower|p2a: Ferrothorn
|-supereffective|p2a: Ferrothorn
|-damage|p2a: Ferrothorn|28/352
|-damage|p1a: Haxorus|186/294|[from] ability: Iron Barbs|[of] p2a: Ferrothorn
|-unboost|p1a: Haxorus|atk|1
|-unboost|p1a: Haxorus|def|1
|move|p2a: Ferrothorn|Leech Seed|p1a: Haxorus
|-start|p1a: Haxorus|move: Leech Seed
|
|-weather|RainDance|[upkeep]
|-heal|p2a: Ferrothorn|50/352|[from] item: Leftovers
|-damage|p1a: Haxorus|150/294|[from] Leech Seed|[of] p2a: Ferrothorn
|-heal|p2a: Ferrothorn|86/352|[silent]
|turn|21
|
|switch|p1a: Politoed|Politoed, M|282/322
|-damage|p1a: Politoed|242/322|[from] Stealth Rock
|switch|p2a: Garchomp|Garchomp, M|314/358
|
|-weather|RainDance|[upkeep]
|turn|22
|
|switch|p2a: Tentacruel|Tentacruel, F|364/364
|move|p1a: Politoed|Ice Beam|p2a: Tentacruel
|-resisted|p2a: Tentacruel
|-damage|p2a: Tentacruel|330/364
|-status|p2a: Tentacruel|frz
|
|-weather|RainDance|[upkeep]
|-heal|p2a: Tentacruel|352/364 frz|[from] ability: Rain Dish
|-heal|p2a: Tentacruel|364/364 frz|[from] item: Black Sludge
|turn|23
|
|switch|p1a: Hemothorn.|Ferrothorn, M|67/352
|-damage|p1a: Hemothorn.|45/352|[from] Stealth Rock
|cant|p2a: Tentacruel|frz
|
|-weather|RainDance|[upkeep]
|-heal|p1a: Hemothorn.|67/352|[from] item: Leftovers
|turn|24
|
|switch|p2a: Garchomp|Garchomp, M|314/358
|move|p1a: Hemothorn.|Leech Seed|p2a: Garchomp
|-start|p2a: Garchomp|move: Leech Seed
|
|-weather|RainDance|[upkeep]
|-heal|p1a: Hemothorn.|89/352|[from] item: Leftovers
|-damage|p2a: Garchomp|270/358|[from] Leech Seed|[of] p1a: Hemothorn.
|-heal|p1a: Hemothorn.|133/352|[silent]
|turn|25
|
|switch|p2a: Thundurus-Therian|Thundurus-Therian, M|129/299
|move|p1a: Hemothorn.|Power Whip|p2a: Thundurus-Therian
|-resisted|p2a: Thundurus-Therian
|-damage|p2a: Thundurus-Therian|41/299
|
|-weather|RainDance|[upkeep]
|-heal|p1a: Hemothorn.|155/352|[from] item: Leftovers
|turn|26
|
|move|p2a: Thundurus-Therian|Focus Blast|p1a: Hemothorn.
|-supereffective|p1a: Hemothorn.
|-damage|p1a: Hemothorn.|0 fnt
|faint|p1a: Hemothorn.
|
|-weather|RainDance|[upkeep]
|
|switch|p1a: Haxorus|Haxorus, F|150/294
|-damage|p1a: Haxorus|114/294|[from] Stealth Rock
|-ability|p1a: Haxorus|Mold Breaker
|turn|27
|
|switch|p2a: Tentacruel|Tentacruel, F|364/364 frz
|move|p1a: Haxorus|Superpower|p2a: Tentacruel
|-crit|p2a: Tentacruel
|-resisted|p2a: Tentacruel
|-damage|p2a: Tentacruel|192/364 frz
|-unboost|p1a: Haxorus|atk|1
|-unboost|p1a: Haxorus|def|1
|
|-weather|RainDance|[upkeep]
|-heal|p2a: Tentacruel|214/364 frz|[from] ability: Rain Dish
|-heal|p2a: Tentacruel|236/364 frz|[from] item: Black Sludge
|turn|28
|
|switch|p1a: Politoed|Politoed, M|242/322
|-damage|p1a: Politoed|202/322|[from] Stealth Rock
|-curestatus|p2a: Tentacruel|frz
|move|p2a: Tentacruel|Scald|p1a: Politoed
|-resisted|p1a: Politoed
|-damage|p1a: Politoed|141/322
|
|-weather|RainDance|[upkeep]
|-heal|p2a: Tentacruel|258/364|[from] ability: Rain Dish
|-heal|p2a: Tentacruel|280/364|[from] item: Black Sludge
|turn|29
|
|move|p1a: Politoed|Psychic|p2a: Tentacruel
|-supereffective|p2a: Tentacruel
|-damage|p2a: Tentacruel|142/364
|move|p2a: Tentacruel|Toxic Spikes|p1a: Politoed
|-sidestart|p1: JamesH93|move: Toxic Spikes
|
|-weather|RainDance|[upkeep]
|-heal|p2a: Tentacruel|164/364|[from] ability: Rain Dish
|-heal|p2a: Tentacruel|186/364|[from] item: Black Sludge
|turn|30
|
|switch|p2a: Ferrothorn|Ferrothorn, M|86/352
|move|p1a: Politoed|Psychic|p2a: Ferrothorn
|-resisted|p2a: Ferrothorn
|-damage|p2a: Ferrothorn|55/352
|
|-weather|RainDance|[upkeep]
|-heal|p2a: Ferrothorn|77/352|[from] item: Leftovers
|turn|31
|
|move|p1a: Politoed|Psychic|p2a: Ferrothorn
|-resisted|p2a: Ferrothorn
|-damage|p2a: Ferrothorn|45/352
|move|p2a: Ferrothorn|Leech Seed|p1a: Politoed
|-start|p1a: Politoed|move: Leech Seed
|
|-weather|RainDance|[upkeep]
|-heal|p2a: Ferrothorn|67/352|[from] item: Leftovers
|-damage|p1a: Politoed|101/322|[from] Leech Seed|[of] p2a: Ferrothorn
|-heal|p2a: Ferrothorn|107/352|[silent]
|turn|32
|-message|JamesH93 forfeited.
|
|win|Captain Hair
|raw|Ladder updating...
|leave|JamesH93
|player|p1
|raw|JamesH93's rating: 1364 &rarr; <strong>1348</strong><br />(-16 for losing)
|raw|Captain Hair's rating: 1431 &rarr; <strong>1447</strong><br />(+16 for winning)
|leave|Captain Hair
|player|p2