|j|☆ButterfreeUser
|j|☆to THE top vgc
|player|p1|ButterfreeUser|142
|player|p2|to THE top vgc|153
|teamsize|p1|6
|teamsize|p2|6
|gametype|singles
|gen|5
|tier|[Gen 5] OU
|rated|
|rule|Sleep Clause Mod: Limit one foe put to sleep
|rule|Species Clause: Limit one of each Pokémon
|rule|OHKO Clause: OHKO moves are banned
|rule|Moody Clause: Moody is banned
|rule|Evasion Moves Clause: Evasion moves are banned
|rule|Endless Battle Clause: Forcing endless battles is banned
|rule|HP Percentage Mod: HP is shown in percentages
|rule|Evasion Abilities Clause: Evasion abilities are banned
|rule|Baton Pass Clause: Limit one Baton Passer, can't pass Spe and other stats simultaneously
|rule|Swagger Clause: Swagger is banned
|clearpoke
|poke|p1|Excadrill, M|item
|poke|p1|Jirachi|item
|poke|p1|Suicune|item
|poke|p1|Butterfree, F|item
|poke|p1|Magnezone|item
|poke|p1|Latios, M|item
|poke|p2|Politoed, F|item
|poke|p2|Jirachi|item
|poke|p2|Tornadus, M|item
|poke|p2|Ferrothorn, M|item
|poke|p2|Starmie|item
|poke|p2|Skarmory, F|item
|teampreview
|c|☆ButterfreeUser|gl hf uwu
|
|start
|switch|p1a: Suicune|Suicune|100/100
|switch|p2a: Skarmory|Skarmory, F|100/100
|-ability|p1a: Suicune|Pressure
|turn|1
|
|switch|p2a: Politoed|Politoed, F|100/100
|-weather|RainDance|[from] ability: Drizzle|[of] p2a: Politoed
|move|p1a: Suicune|Scald|p2a: Politoed
|-resisted|p2a: Politoed
|-crit|p2a: Politoed
|-damage|p2a: Politoed|68/100
|-status|p2a: Politoed|brn
|
|-weather|RainDance|[upkeep]
|-heal|p2a: Politoed|74/100 brn|[from] item: Leftovers
|-damage|p2a: Politoed|61/100 brn|[from] brn
|upkeep
|turn|2
|
|move|p1a: Suicune|Scald|p2a: Politoed
|-resisted|p2a: Politoed
|-damage|p2a: Politoed|46/100 brn
|move|p2a: Politoed|Perish Song|p2a: Politoed
|-start|p1a: Suicune|perish3|[silent]
|-start|p2a: Politoed|perish3|[silent]
|-fieldactivate|move: Perish Song
|
|-weather|RainDance|[upkeep]
|-heal|p2a: Politoed|52/100 brn|[from] item: Leftovers
|-damage|p2a: Politoed|40/100 brn|[from] brn
|-start|p1a: Suicune|perish3
|-start|p2a: Politoed|perish3
|upkeep
|turn|3
|
|switch|p2a: Skarmory|Skarmory, F|100/100
|move|p1a: Suicune|Scald|p2a: Skarmory
|-damage|p2a: Skarmory|33/100
|
|-weather|RainDance|[upkeep]
|-start|p1a: Suicune|perish2
|upkeep
|turn|4
|
|switch|p1a: Magnezone|Magnezone|100/100
|-item|p1a: Magnezone|Air Balloon
|move|p2a: Skarmory|Stealth Rock|p1a: Magnezone
|-sidestart|p1: ButterfreeUser|move: Stealth Rock
|
|-weather|RainDance|[upkeep]
|upkeep
|turn|5
|
|move|p2a: Skarmory|Spikes|p1a: Magnezone
|-sidestart|p1: ButterfreeUser|Spikes
|move|p1a: Magnezone|Thunderbolt|p2a: Skarmory
|-supereffective|p2a: Skarmory
|-damage|p2a: Skarmory|0 fnt
|faint|p2a: Skarmory
|
|-weather|RainDance|[upkeep]
|upkeep
|
|switch|p2a: Tornadus|Tornadus, M|100/100
|turn|6
|
|switch|p1a: Jirachi|Jirachi|100/100
|-damage|p1a: Jirachi|94/100|[from] Stealth Rock
|-damage|p1a: Jirachi|82/100|[from] Spikes
|move|p2a: Tornadus|U-turn|p1a: Jirachi
|-damage|p1a: Jirachi|65/100
|
|switch|p2a: Jirachi|Jirachi|100/100
|
|-weather|RainDance|[upkeep]
|upkeep
|turn|7
|
|move|p1a: Jirachi|U-turn|p2a: Jirachi
|-damage|p2a: Jirachi|83/100
|
|switch|p1a: Excadrill|Excadrill, M|100/100
|-damage|p1a: Excadrill|97/100|[from] Stealth Rock
|-damage|p1a: Excadrill|85/100|[from] Spikes
|-ability|p1a: Excadrill|Mold Breaker
|move|p2a: Jirachi|Substitute|p2a: Jirachi
|-start|p2a: Jirachi|Substitute
|-damage|p2a: Jirachi|58/100
|
|-weather|RainDance|[upkeep]
|-heal|p2a: Jirachi|64/100|[from] item: Leftovers
|-heal|p1a: Excadrill|91/100|[from] item: Leftovers
|upkeep
|turn|8
|
|switch|p2a: Starmie|Starmie|100/100
|move|p1a: Excadrill|Rapid Spin|p2a: Starmie
|-damage|p2a: Starmie|92/100
|-sideend|p1: ButterfreeUser|Spikes|[from] move: Rapid Spin|[of] p1a: Excadrill
|-sideend|p1: ButterfreeUser|Stealth Rock|[from] move: Rapid Spin|[of] p1a: Excadrill
|
|-weather|RainDance|[upkeep]
|-heal|p1a: Excadrill|97/100|[from] item: Leftovers
|upkeep
|turn|9
|inactive|Battle timer is ON: inactive players will automatically lose when time's up. (requested by to THE top vgc)
|
|switch|p1a: Suicune|Suicune|100/100
|-ability|p1a: Suicune|Pressure
|move|p2a: Starmie|Thunderbolt|p1a: Suicune
|-supereffective|p1a: Suicune
|-damage|p1a: Suicune|32/100
|-damage|p2a: Starmie|82/100|[from] item: Life Orb
|
|-weather|RainDance|[upkeep]
|-heal|p1a: Suicune|38/100|[from] item: Leftovers
|upkeep
|turn|10
|
|switch|p1a: Jirachi|Jirachi|65/100
|move|p2a: Starmie|Ice Beam|p1a: Jirachi
|-resisted|p1a: Jirachi
|-damage|p1a: Jirachi|40/100
|-damage|p2a: Starmie|72/100|[from] item: Life Orb
|
|-weather|RainDance|[upkeep]
|upkeep
|turn|11
|
|move|p1a: Jirachi|U-turn|p2a: Starmie
|-supereffective|p2a: Starmie
|-damage|p2a: Starmie|12/100
|
|switch|p1a: Latios|Latios, M|100/100
|move|p2a: Starmie|Hydro Pump|p1a: Latios
|-resisted|p1a: Latios
|-damage|p1a: Latios|34/100
|-damage|p2a: Starmie|2/100|[from] item: Life Orb
|
|-weather|RainDance|[upkeep]
|upkeep
|turn|12
|
|move|p2a: Starmie|Ice Beam|p1a: Latios
|-supereffective|p1a: Latios
|-damage|p1a: Latios|0 fnt
|-damage|p2a: Starmie|0 fnt|[from] item: Life Orb
|faint|p1a: Latios
|faint|p2a: Starmie
|
|-weather|RainDance|[upkeep]
|upkeep
|
|switch|p2a: Tornadus|Tornadus, M|100/100
|switch|p1a: Excadrill|Excadrill, M|97/100
|-ability|p1a: Excadrill|Mold Breaker
|turn|13
|
|move|p1a: Excadrill|Protect|p1a: Excadrill
|-singleturn|p1a: Excadrill|Protect
|move|p2a: Tornadus|Focus Blast|p1a: Excadrill
|-activate|p1a: Excadrill|move: Protect
|
|-weather|RainDance|[upkeep]
|-heal|p1a: Excadrill|100/100|[from] item: Leftovers
|upkeep
|turn|14
|inactive|ButterfreeUser has 120 seconds left.
|
|switch|p2a: Jirachi|Jirachi|64/100
|switch|p1a: Suicune|Suicune|38/100
|-ability|p1a: Suicune|Pressure
|
|-weather|RainDance|[upkeep]
|-heal|p2a: Jirachi|70/100|[from] item: Leftovers
|-heal|p1a: Suicune|45/100|[from] item: Leftovers
|upkeep
|turn|15
|
|switch|p1a: Excadrill|Excadrill, M|100/100
|-ability|p1a: Excadrill|Mold Breaker
|move|p2a: Jirachi|Psychic|p1a: Excadrill
|-resisted|p1a: Excadrill
|-damage|p1a: Excadrill|88/100
|
|-weather|RainDance|[upkeep]
|-heal|p2a: Jirachi|76/100|[from] item: Leftovers
|-heal|p1a: Excadrill|94/100|[from] item: Leftovers
|upkeep
|turn|16
|
|switch|p2a: Ferrothorn|Ferrothorn, M|100/100
|move|p1a: Excadrill|Stealth Rock|p2a: Ferrothorn
|-sidestart|p2: to THE top vgc|move: Stealth Rock
|
|-weather|RainDance|[upkeep]
|-heal|p1a: Excadrill|99/100|[from] item: Leftovers
|upkeep
|turn|17
|
|move|p1a: Excadrill|Earthquake|p2a: Ferrothorn
|-damage|p2a: Ferrothorn|69/100
|move|p2a: Ferrothorn|Bulldoze|p1a: Excadrill
|-supereffective|p1a: Excadrill
|-damage|p1a: Excadrill|30/100
|-unboost|p1a: Excadrill|spe|1
|
|-weather|RainDance|[upkeep]
|-heal|p1a: Excadrill|36/100|[from] item: Leftovers
|upkeep
|turn|18
|
|switch|p1a: Magnezone|Magnezone|100/100
|-item|p1a: Magnezone|Air Balloon
|move|p2a: Ferrothorn|Bulldoze|p1a: Magnezone
|-immune|p1a: Magnezone
|
|-weather|RainDance|[upkeep]
|upkeep
|turn|19
|
|move|p1a: Magnezone|Sunny Day|p1a: Magnezone
|-weather|SunnyDay
|move|p2a: Ferrothorn|Bulldoze|p1a: Magnezone
|-immune|p1a: Magnezone
|
|-weather|SunnyDay|[upkeep]
|upkeep
|turn|20
|
|move|p1a: Magnezone|Hidden Power|p2a: Ferrothorn
|-supereffective|p2a: Ferrothorn
|-damage|p2a: Ferrothorn|0 fnt
|faint|p2a: Ferrothorn
|
|-weather|SunnyDay|[upkeep]
|upkeep
|
|switch|p2a: Tornadus|Tornadus, M|100/100
|-damage|p2a: Tornadus|76/100|[from] Stealth Rock
|turn|21
|
|switch|p1a: Suicune|Suicune|45/100
|-ability|p1a: Suicune|Pressure
|move|p2a: Tornadus|U-turn|p1a: Suicune
|-damage|p1a: Suicune|35/100
|
|switch|p2a: Politoed|Politoed, F|40/100 brn
|-damage|p2a: Politoed|27/100 brn|[from] Stealth Rock
|-weather|RainDance|[from] ability: Drizzle|[of] p2a: Politoed
|
|-weather|RainDance|[upkeep]
|-heal|p1a: Suicune|41/100|[from] item: Leftovers
|-heal|p2a: Politoed|34/100 brn|[from] item: Leftovers
|-damage|p2a: Politoed|21/100 brn|[from] brn
|upkeep
|turn|22
|
|move|p1a: Suicune|Calm Mind|p1a: Suicune
|-boost|p1a: Suicune|spa|1
|-boost|p1a: Suicune|spd|1
|move|p2a: Politoed|Perish Song|p2a: Politoed
|-start|p1a: Suicune|perish3|[silent]
|-start|p2a: Politoed|perish3|[silent]
|-fieldactivate|move: Perish Song
|
|-weather|RainDance|[upkeep]
|-heal|p1a: Suicune|48/100|[from] item: Leftovers
|-heal|p2a: Politoed|27/100 brn|[from] item: Leftovers
|-damage|p2a: Politoed|15/100 brn|[from] brn
|-start|p1a: Suicune|perish3
|-start|p2a: Politoed|perish3
|upkeep
|turn|23
|
|move|p2a: Politoed|Protect|p2a: Politoed
|-singleturn|p2a: Politoed|Protect
|move|p1a: Suicune|Scald|p2a: Politoed
|-activate|p2a: Politoed|move: Protect
|
|-weather|RainDance|[upkeep]
|-heal|p1a: Suicune|54/100|[from] item: Leftovers
|-heal|p2a: Politoed|21/100 brn|[from] item: Leftovers
|-damage|p2a: Politoed|9/100 brn|[from] brn
|-start|p1a: Suicune|perish2
|-start|p2a: Politoed|perish2
|upkeep
|turn|24
|
|move|p1a: Suicune|Scald|p2a: Politoed
|-resisted|p2a: Politoed
|-crit|p2a: Politoed
|-damage|p2a: Politoed|0 fnt
|faint|p2a: Politoed
|
|-weather|RainDance|[upkeep]
|-heal|p1a: Suicune|60/100|[from] item: Leftovers
|-start|p1a: Suicune|perish1
|upkeep
|
|switch|p2a: Tornadus|Tornadus, M|76/100
|-damage|p2a: Tornadus|51/100|[from] Stealth Rock
|turn|25
|
|move|p2a: Tornadus|Hurricane|p1a: Suicune
|-damage|p1a: Suicune|12/100
|-start|p1a: Suicune|confusion
|-activate|p1a: Suicune|confusion
|-damage|p1a: Suicune|9/100|[from] confusion
|
|-weather|RainDance|[upkeep]
|-heal|p1a: Suicune|15/100|[from] item: Leftovers
|-start|p1a: Suicune|perish0
|upkeep
|faint|p1a: Suicune
|
|switch|p1a: Magnezone|Magnezone|100/100
|-item|p1a: Magnezone|Air Balloon
|turn|26
|
|move|p2a: Tornadus|Hurricane|p1a: Magnezone
|-resisted|p1a: Magnezone
|-damage|p1a: Magnezone|71/100
|-enditem|p1a: Magnezone|Air Balloon
|move|p1a: Magnezone|Sunny Day|p1a: Magnezone
|-weather|SunnyDay
|
|-weather|SunnyDay|[upkeep]
|upkeep
|turn|27
|
|move|p2a: Tornadus|Hurricane|p1a: Magnezone
|-resisted|p1a: Magnezone
|-damage|p1a: Magnezone|41/100
|move|p1a: Magnezone|Hidden Power|p2a: Tornadus
|-damage|p2a: Tornadus|0 fnt
|faint|p2a: Tornadus
|
|-weather|SunnyDay|[upkeep]
|upkeep
|
|switch|p2a: Jirachi|Jirachi|76/100
|-damage|p2a: Jirachi|70/100|[from] Stealth Rock
|turn|28
|
|move|p2a: Jirachi|Thunder|p1a: Magnezone|[miss]
|-miss|p2a: Jirachi|p1a: Magnezone
|move|p1a: Magnezone|Hidden Power|p2a: Jirachi
|-supereffective|p2a: Jirachi
|-damage|p2a: Jirachi|6/100
|
|-weather|SunnyDay|[upkeep]
|-heal|p2a: Jirachi|12/100|[from] item: Leftovers
|upkeep
|turn|29
|
|move|p2a: Jirachi|Thunder|p1a: Magnezone|[miss]
|-miss|p2a: Jirachi|p1a: Magnezone
|move|p1a: Magnezone|Hidden Power|p2a: Jirachi
|-supereffective|p2a: Jirachi
|-damage|p2a: Jirachi|0 fnt
|faint|p2a: Jirachi
|
|win|ButterfreeUser
|c|☆ButterfreeUser|gg
|l|☆to THE top vgc
|raw|ButterfreeUser's rating: 1425 &rarr; <strong>1439</strong><br />(+14 for winning)
|raw|to THE top vgc's rating: 1321 &rarr; <strong>1307</strong><br />(-14 for losing)
