|j|☆Unhiptube3
|j|☆Croaset
|t:|1706469238
|gametype|singles
|player|p1|Unhiptube3|marley|1308
|player|p2|Croaset|elesa|1412
|teamsize|p1|6
|teamsize|p2|6
|gen|5
|tier|[Gen 5] OU
|rated|
|rule|Species Clause: Limit one of each Pokémon
|rule|OHKO Clause: OHKO moves are banned
|rule|Moody Clause: Moody is banned
|rule|Evasion Items Clause: Evasion items are banned
|rule|Evasion Moves Clause: Evasion moves are banned
|rule|Endless Battle Clause: Forcing endless battles is banned
|rule|HP Percentage Mod: HP is shown in percentages
|rule|Evasion Abilities Clause: Evasion abilities are banned
|rule|Sleep Moves Clause: Sleep-inducing moves are banned
|rule|Swagger Clause: Swagger is banned
|rule|Baton Pass Stat Clause: No Baton Passer may have a way to boost its stats
|clearpoke
|poke|p1|Politoed, M|item
|poke|p1|Thundurus-Therian, M|item
|poke|p1|Cloyster, F|item
|poke|p1|Ferrothorn, M|item
|poke|p1|Keldeo|item
|poke|p1|Jellicent, M|item
|poke|p2|Landorus-Therian, M|item
|poke|p2|Latios, M|item
|poke|p2|Scizor, F|item
|poke|p2|Excadrill, F|item
|poke|p2|Rotom-Wash|item
|poke|p2|Dragonite, M|item
|teampreview
|
|t:|1706469265
|start
|switch|p1a: Ferrothorn|Ferrothorn, M|100/100
|switch|p2a: High Voltage|Rotom-Wash|100/100
|turn|1
|
|t:|1706469269
|move|p2a: High Voltage|Volt Switch|p1a: Ferrothorn
|-resisted|p1a: Ferrothorn
|-damage|p1a: Ferrothorn|84/100
|
|t:|1706469274
|switch|p2a: Scary Monsters|Landorus-Therian, M|100/100|[from] Volt Switch
|-ability|p2a: Scary Monsters|Intimidate|boost
|-unboost|p1a: Ferrothorn|atk|1
|move|p1a: Ferrothorn|Stealth Rock|p2a: Scary Monsters
|-sidestart|p2: Croaset|move: Stealth Rock
|
|-heal|p1a: Ferrothorn|90/100|[from] item: Leftovers
|upkeep
|turn|2
|
|t:|1706469278
|move|p2a: Scary Monsters|Stealth Rock|p1a: Ferrothorn
|-sidestart|p1: Unhiptube3|move: Stealth Rock
|move|p1a: Ferrothorn|Substitute|p1a: Ferrothorn
|-start|p1a: Ferrothorn|Substitute
|-damage|p1a: Ferrothorn|65/100
|
|-heal|p1a: Ferrothorn|71/100|[from] item: Leftovers
|upkeep
|turn|3
|
|t:|1706469284
|move|p2a: Scary Monsters|Earthquake|p1a: Ferrothorn
|-end|p1a: Ferrothorn|Substitute
|move|p1a: Ferrothorn|Leech Seed|p2a: Scary Monsters
|-start|p2a: Scary Monsters|move: Leech Seed
|
|-heal|p1a: Ferrothorn|77/100|[from] item: Leftovers
|-damage|p2a: Scary Monsters|88/100|[from] Leech Seed|[of] p1a: Ferrothorn
|-heal|p1a: Ferrothorn|91/100|[silent]
|upkeep
|turn|4
|
|t:|1706469299
|switch|p2a: Stone Free|Excadrill, F|100/100
|-damage|p2a: Stone Free|97/100|[from] Stealth Rock
|-ability|p2a: Stone Free|Mold Breaker
|move|p1a: Ferrothorn|Power Whip|p2a: Stone Free|[miss]
|-miss|p1a: Ferrothorn|p2a: Stone Free
|
|-heal|p2a: Stone Free|100/100|[from] item: Leftovers
|-heal|p1a: Ferrothorn|97/100|[from] item: Leftovers
|upkeep
|turn|5
|
|t:|1706469309
|move|p2a: Stone Free|Rapid Spin|p1a: Ferrothorn
|-resisted|p1a: Ferrothorn
|-damage|p1a: Ferrothorn|95/100
|-damage|p2a: Stone Free|88/100|[from] ability: Iron Barbs|[of] p1a: Ferrothorn
|-sideend|p2: Croaset|Stealth Rock|[from] move: Rapid Spin|[of] p2a: Stone Free
|move|p1a: Ferrothorn|Leech Seed|p2a: Stone Free
|-start|p2a: Stone Free|move: Leech Seed
|
|-heal|p2a: Stone Free|94/100|[from] item: Leftovers
|-heal|p1a: Ferrothorn|100/100|[from] item: Leftovers
|-damage|p2a: Stone Free|82/100|[from] Leech Seed|[of] p1a: Ferrothorn
|upkeep
|turn|6
|
|t:|1706469312
|move|p2a: Stone Free|Rapid Spin|p1a: Ferrothorn
|-resisted|p1a: Ferrothorn
|-crit|p1a: Ferrothorn
|-damage|p1a: Ferrothorn|97/100
|-damage|p2a: Stone Free|69/100|[from] ability: Iron Barbs|[of] p1a: Ferrothorn
|-end|p2a: Stone Free|Leech Seed|[from] move: Rapid Spin|[of] p2a: Stone Free
|move|p1a: Ferrothorn|Stealth Rock|p2a: Stone Free
|-sidestart|p2: Croaset|move: Stealth Rock
|
|-heal|p2a: Stone Free|75/100|[from] item: Leftovers
|-heal|p1a: Ferrothorn|100/100|[from] item: Leftovers
|upkeep
|turn|7
|
|t:|1706469319
|switch|p1a: Politoed|Politoed, M|100/100
|-damage|p1a: Politoed|88/100|[from] Stealth Rock
|-weather|RainDance|[from] ability: Drizzle|[of] p1a: Politoed
|move|p2a: Stone Free|Rapid Spin|p1a: Politoed
|-damage|p1a: Politoed|84/100
|-sideend|p2: Croaset|Stealth Rock|[from] move: Rapid Spin|[of] p2a: Stone Free
|
|-weather|RainDance|[upkeep]
|-heal|p2a: Stone Free|81/100|[from] item: Leftovers
|-heal|p1a: Politoed|90/100|[from] item: Leftovers
|upkeep
|turn|8
|
|t:|1706469324
|switch|p2a: High Voltage|Rotom-Wash|100/100
|move|p1a: Politoed|Scald|p2a: High Voltage
|-resisted|p2a: High Voltage
|-damage|p2a: High Voltage|81/100
|
|-weather|RainDance|[upkeep]
|-heal|p2a: High Voltage|87/100|[from] item: Leftovers
|-heal|p1a: Politoed|96/100|[from] item: Leftovers
|upkeep
|turn|9
|
|t:|1706469328
|move|p2a: High Voltage|Will-O-Wisp|p1a: Politoed
|-status|p1a: Politoed|brn
|move|p1a: Politoed|Toxic|p2a: High Voltage
|-status|p2a: High Voltage|tox
|
|-weather|RainDance|[upkeep]
|-heal|p2a: High Voltage|94/100 tox|[from] item: Leftovers
|-heal|p1a: Politoed|100/100 brn|[from] item: Leftovers
|-damage|p2a: High Voltage|87/100 tox|[from] psn
|-damage|p1a: Politoed|88/100 brn|[from] brn
|upkeep
|turn|10
|
|t:|1706469330
|move|p2a: High Voltage|Volt Switch|p1a: Politoed
|-supereffective|p1a: Politoed
|-damage|p1a: Politoed|27/100 brn
|
|t:|1706469336
|switch|p2a: Latios|Latios, M|100/100|[from] Volt Switch
|move|p1a: Politoed|Refresh|p1a: Politoed
|-curestatus|p1a: Politoed|brn|[msg]
|
|-weather|RainDance|[upkeep]
|-heal|p1a: Politoed|33/100|[from] item: Leftovers
|upkeep
|turn|11
|
|t:|1706469340
|move|p2a: Latios|Trick|p1a: Politoed
|-activate|p2a: Latios|move: Trick|[of] p1a: Politoed
|-item|p1a: Politoed|Choice Specs|[from] move: Trick
|-item|p2a: Latios|Leftovers|[from] move: Trick
|move|p1a: Politoed|Toxic|p2a: Latios
|-status|p2a: Latios|tox
|
|-weather|RainDance|[upkeep]
|-damage|p2a: Latios|95/100 tox|[from] psn
|upkeep
|turn|12
|
|t:|1706469347
|switch|p2a: Bullet|Scizor, F|100/100
|switch|p1a: Ferrothorn|Ferrothorn, M|100/100
|-damage|p1a: Ferrothorn|95/100|[from] Stealth Rock
|
|-weather|RainDance|[upkeep]
|-heal|p1a: Ferrothorn|100/100|[from] item: Leftovers
|upkeep
|turn|13
|
|t:|1706469352
|move|p2a: Bullet|Superpower|p1a: Ferrothorn
|-supereffective|p1a: Ferrothorn
|-damage|p1a: Ferrothorn|26/100
|-unboost|p2a: Bullet|atk|1
|-unboost|p2a: Bullet|def|1
|-damage|p2a: Bullet|88/100|[from] ability: Iron Barbs|[of] p1a: Ferrothorn
|move|p1a: Ferrothorn|Stealth Rock|p2a: Bullet
|-sidestart|p2: Croaset|move: Stealth Rock
|
|-weather|RainDance|[upkeep]
|-heal|p1a: Ferrothorn|32/100|[from] item: Leftovers
|upkeep
|turn|14
|
|t:|1706469358
|switch|p2a: Stone Free|Excadrill, F|81/100
|-damage|p2a: Stone Free|78/100|[from] Stealth Rock
|-ability|p2a: Stone Free|Mold Breaker
|move|p1a: Ferrothorn|Substitute|p1a: Ferrothorn
|-start|p1a: Ferrothorn|Substitute
|-damage|p1a: Ferrothorn|8/100
|
|-weather|RainDance|[upkeep]
|-heal|p2a: Stone Free|84/100|[from] item: Leftovers
|-heal|p1a: Ferrothorn|14/100|[from] item: Leftovers
|upkeep
|turn|15
|
|t:|1706469366
|move|p2a: Stone Free|Earthquake|p1a: Ferrothorn
|-end|p1a: Ferrothorn|Substitute
|move|p1a: Ferrothorn|Stealth Rock||[still]
|-fail|p1a: Ferrothorn
|
|-weather|RainDance|[upkeep]
|-heal|p2a: Stone Free|91/100|[from] item: Leftovers
|-heal|p1a: Ferrothorn|20/100|[from] item: Leftovers
|upkeep
|turn|16
|
|t:|1706469374
|move|p2a: Stone Free|Rapid Spin|p1a: Ferrothorn
|-resisted|p1a: Ferrothorn
|-damage|p1a: Ferrothorn|18/100
|-damage|p2a: Stone Free|78/100|[from] ability: Iron Barbs|[of] p1a: Ferrothorn
|-sideend|p2: Croaset|Stealth Rock|[from] move: Rapid Spin|[of] p2a: Stone Free
|move|p1a: Ferrothorn|Stealth Rock|p2a: Stone Free
|-sidestart|p2: Croaset|move: Stealth Rock
|
|-weather|RainDance|[upkeep]
|-heal|p2a: Stone Free|84/100|[from] item: Leftovers
|-heal|p1a: Ferrothorn|24/100|[from] item: Leftovers
|upkeep
|turn|17
|
|t:|1706469378
|move|p2a: Stone Free|Earthquake|p1a: Ferrothorn
|-damage|p1a: Ferrothorn|0 fnt
|faint|p1a: Ferrothorn
|
|-weather|RainDance|[upkeep]
|-heal|p2a: Stone Free|90/100|[from] item: Leftovers
|upkeep
|
|t:|1706469384
|switch|p1a: Keldeo|Keldeo|100/100
|-damage|p1a: Keldeo|94/100|[from] Stealth Rock
|turn|18
|
|t:|1706469390
|move|p2a: Stone Free|Protect|p2a: Stone Free
|-singleturn|p2a: Stone Free|Protect
|move|p1a: Keldeo|Scald|p2a: Stone Free
|-activate|p2a: Stone Free|move: Protect
|
|-weather|RainDance|[upkeep]
|-heal|p1a: Keldeo|100/100|[from] item: Leftovers
|-heal|p2a: Stone Free|96/100|[from] item: Leftovers
|upkeep
|turn|19
|
|t:|1706469394
|switch|p2a: High Voltage|Rotom-Wash|87/100 tox
|-damage|p2a: High Voltage|75/100 tox|[from] Stealth Rock
|move|p1a: Keldeo|Scald|p2a: High Voltage
|-resisted|p2a: High Voltage
|-damage|p2a: High Voltage|45/100 tox
|
|-weather|RainDance|[upkeep]
|-heal|p2a: High Voltage|51/100 tox|[from] item: Leftovers
|-damage|p2a: High Voltage|45/100 tox|[from] psn
|upkeep
|turn|20
|
|t:|1706469397
|move|p1a: Keldeo|Calm Mind|p1a: Keldeo
|-boost|p1a: Keldeo|spa|1
|-boost|p1a: Keldeo|spd|1
|move|p2a: High Voltage|Volt Switch|p1a: Keldeo
|-supereffective|p1a: Keldeo
|-damage|p1a: Keldeo|50/100
|
|t:|1706469399
|switch|p2a: Latios|Latios, M|95/100 tox|[from] Volt Switch
|-damage|p2a: Latios|82/100 tox|[from] Stealth Rock
|
|-weather|RainDance|[upkeep]
|-heal|p2a: Latios|88/100 tox|[from] item: Leftovers
|-heal|p1a: Keldeo|57/100|[from] item: Leftovers
|-damage|p2a: Latios|82/100 tox|[from] psn
|upkeep
|turn|21
|
|t:|1706469403
|move|p2a: Latios|Psychic|p1a: Keldeo
|-supereffective|p1a: Keldeo
|-damage|p1a: Keldeo|0 fnt
|faint|p1a: Keldeo
|
|-weather|RainDance|[upkeep]
|-heal|p2a: Latios|88/100 tox|[from] item: Leftovers
|-damage|p2a: Latios|76/100 tox|[from] psn
|upkeep
|
|t:|1706469411
|switch|p1a: Thundurus|Thundurus-Therian, M|100/100
|-damage|p1a: Thundurus|76/100|[from] Stealth Rock
|turn|22
|
|t:|1706469429
|move|p2a: Latios|Psychic|p1a: Thundurus
|-damage|p1a: Thundurus|10/100
|move|p1a: Thundurus|Thunder|p2a: Latios
|-resisted|p2a: Latios
|-damage|p2a: Latios|33/100 tox
|-damage|p1a: Thundurus|0 fnt|[from] item: Life Orb
|faint|p1a: Thundurus
|
|-weather|RainDance|[upkeep]
|-heal|p2a: Latios|39/100 tox|[from] item: Leftovers
|-damage|p2a: Latios|21/100 tox|[from] psn
|upkeep
|
|t:|1706469432
|switch|p1a: Cloyster|Cloyster, F|100/100
|-damage|p1a: Cloyster|76/100|[from] Stealth Rock
|turn|23
|
|t:|1706469438
|move|p1a: Cloyster|Ice Shard|p2a: Latios
|-supereffective|p2a: Latios
|-damage|p2a: Latios|0 fnt
|faint|p2a: Latios
|
|-weather|RainDance|[upkeep]
|upkeep
|
|t:|1706469455
|switch|p2a: Bullet|Scizor, F|88/100
|-damage|p2a: Bullet|76/100|[from] Stealth Rock
|turn|24
|
|t:|1706469458
|move|p2a: Bullet|Bullet Punch|p1a: Cloyster
|-damage|p1a: Cloyster|35/100
|move|p1a: Cloyster|Shell Smash|p1a: Cloyster
|-unboost|p1a: Cloyster|def|1
|-unboost|p1a: Cloyster|spd|1
|-boost|p1a: Cloyster|atk|2
|-boost|p1a: Cloyster|spa|2
|-boost|p1a: Cloyster|spe|2
|
|-weather|RainDance|[upkeep]
|upkeep
|turn|25
|
|t:|1706469461
|move|p2a: Bullet|Bullet Punch|p1a: Cloyster
|-damage|p1a: Cloyster|0 fnt
|faint|p1a: Cloyster
|
|-weather|RainDance|[upkeep]
|upkeep
|
|t:|1706469464
|switch|p1a: Jellicent|Jellicent, M|100/100
|-damage|p1a: Jellicent|88/100|[from] Stealth Rock
|turn|26
|
|t:|1706469472
|switch|p2a: Scary Monsters|Landorus-Therian, M|88/100
|-damage|p2a: Scary Monsters|76/100|[from] Stealth Rock
|-ability|p2a: Scary Monsters|Intimidate|boost
|-unboost|p1a: Jellicent|atk|1
|move|p1a: Jellicent|Scald|p2a: Scary Monsters
|-supereffective|p2a: Scary Monsters
|-damage|p2a: Scary Monsters|0 fnt
|faint|p2a: Scary Monsters
|
|-weather|RainDance|[upkeep]
|-heal|p1a: Jellicent|94/100|[from] item: Leftovers
|upkeep
|
|t:|1706469474
|switch|p2a: Bullet|Scizor, F|76/100
|-damage|p2a: Bullet|64/100|[from] Stealth Rock
|turn|27
|
|t:|1706469477
|move|p2a: Bullet|Pursuit|p1a: Jellicent
|-supereffective|p1a: Jellicent
|-damage|p1a: Jellicent|38/100
|move|p1a: Jellicent|Scald|p2a: Bullet
|-damage|p2a: Bullet|21/100
|
|-weather|RainDance|[upkeep]
|-heal|p1a: Jellicent|45/100|[from] item: Leftovers
|upkeep
|turn|28
|
|t:|1706469483
|move|p2a: Bullet|Pursuit|p1a: Jellicent
|-supereffective|p1a: Jellicent
|-damage|p1a: Jellicent|0 fnt
|faint|p1a: Jellicent
|
|-weather|RainDance|[upkeep]
|upkeep
|
|t:|1706469485
|switch|p1a: Politoed|Politoed, M|33/100
|-damage|p1a: Politoed|21/100|[from] Stealth Rock
|turn|29
|
|t:|1706469487
|move|p1a: Politoed|Scald|p2a: Bullet
|-damage|p2a: Bullet|0 fnt
|faint|p2a: Bullet
|
|-weather|RainDance|[upkeep]
|upkeep
|
|t:|1706469489
|switch|p2a: High Voltage|Rotom-Wash|45/100 tox
|-damage|p2a: High Voltage|32/100 tox|[from] Stealth Rock
|turn|30
|
|t:|1706469491
|move|p2a: High Voltage|Volt Switch|p1a: Politoed
|-supereffective|p1a: Politoed
|-damage|p1a: Politoed|0 fnt
|faint|p1a: Politoed
|
|win|Croaset
|raw|Unhiptube3's rating: 1308 &rarr; <strong>1294</strong><br />(-14 for losing)
|raw|Croaset's rating: 1412 &rarr; <strong>1426</strong><br />(+14 for winning)
|l|☆Unhiptube3
|player|p1|
