|j|☆bad big bratt
|j|☆refsunpersons
|player|p1|bad big bratt|171
|player|p2|refsunpersons|15
|teamsize|p1|6
|teamsize|p2|6
|gametype|singles
|gen|5
|tier|[Gen 5] OU
|rated|
|rule|Sleep Clause Mod: Limit one foe put to sleep
|rule|Species Clause: Limit one of each Pokémon
|rule|OHKO Clause: OHKO moves are banned
|rule|Moody Clause: Moody is banned
|rule|Evasion Moves Clause: Evasion moves are banned
|rule|Endless Battle Clause: Forcing endless battles is banned
|rule|HP Percentage Mod: HP is shown in percentages
|rule|Evasion Abilities Clause: Evasion abilities are banned
|rule|Baton Pass Clause: Limit one Baton Passer, can't pass Spe and other stats simultaneously
|rule|Swagger Clause: Swagger is banned
|clearpoke
|poke|p1|Garchomp, F|item
|poke|p1|Dragonite, M|item
|poke|p1|Starmie|item
|poke|p1|Scizor, M|item
|poke|p1|Breloom, F|item
|poke|p1|Volcarona, M|item
|poke|p2|Politoed, F|item
|poke|p2|Ferrothorn, M|item
|poke|p2|Xatu, F|item
|poke|p2|Diglett, F|item
|poke|p2|Latias, F|item
|poke|p2|Toxicroak, F|item
|teampreview
|inactive|Battle timer is ON: inactive players will automatically lose when time's up. (requested by bad big bratt)
|
|start
|switch|p1a: Garchomp|Garchomp, F|100/100
|switch|p2a: hygogg|Politoed, F|100/100
|-weather|RainDance|[from] ability: Drizzle|[of] p2a: hygogg
|turn|1
|
|move|p2a: hygogg|Ice Beam|p1a: Garchomp
|-supereffective|p1a: Garchomp
|-enditem|p1a: Garchomp|Yache Berry|[eat]
|-enditem|p1a: Garchomp|Yache Berry|[weaken]
|-damage|p1a: Garchomp|42/100
|move|p1a: Garchomp|Swords Dance|p1a: Garchomp
|-boost|p1a: Garchomp|atk|2
|
|-weather|RainDance|[upkeep]
|upkeep
|turn|2
|
|switch|p1a: Starmie|Starmie|100/100
|move|p2a: hygogg|Ice Beam|p1a: Starmie
|-resisted|p1a: Starmie
|-damage|p1a: Starmie|82/100
|
|-weather|RainDance|[upkeep]
|upkeep
|turn|3
|
|switch|p2a: big zam|Ferrothorn, M|100/100
|move|p1a: Starmie|Ice Beam|p2a: big zam
|-damage|p2a: big zam|66/100
|-damage|p1a: Starmie|72/100|[from] item: Life Orb
|
|-weather|RainDance|[upkeep]
|-heal|p2a: big zam|72/100|[from] item: Leftovers
|upkeep
|turn|4
|
|switch|p1a: Breloom|Breloom, F|100/100
|move|p2a: big zam|Spikes|p1a: Breloom
|-sidestart|p1: bad big bratt|Spikes
|
|-weather|RainDance|[upkeep]
|-heal|p2a: big zam|78/100|[from] item: Leftovers
|upkeep
|turn|5
|
|switch|p2a: zaku|Xatu, F|100/100
|move|p1a: Breloom|Low Sweep|p2a: zaku
|-resisted|p2a: zaku
|-damage|p2a: zaku|90/100
|-damage|p1a: Breloom|84/100|[from] item: Rocky Helmet|[of] p2a: zaku
|-unboost|p2a: zaku|spe|1
|
|-weather|RainDance|[upkeep]
|upkeep
|turn|6
|
|switch|p1a: Garchomp|Garchomp, F|42/100
|-damage|p1a: Garchomp|30/100|[from] Spikes
|move|p2a: zaku|U-turn|p1a: Garchomp
|-damage|p1a: Garchomp|17/100
|-damage|p2a: zaku|77/100|[from] ability: Rough Skin|[of] p1a: Garchomp
|
|switch|p2a: hygogg|Politoed, F|100/100
|
|-weather|RainDance|[upkeep]
|upkeep
|turn|7
|
|move|p2a: hygogg|Hydro Pump|p1a: Garchomp
|-damage|p1a: Garchomp|0 fnt
|faint|p1a: Garchomp
|
|-weather|RainDance|[upkeep]
|upkeep
|
|switch|p1a: Starmie|Starmie|72/100
|-damage|p1a: Starmie|60/100|[from] Spikes
|turn|8
|
|move|p2a: hygogg|Hydro Pump|p1a: Starmie
|-resisted|p1a: Starmie
|-damage|p1a: Starmie|7/100
|move|p1a: Starmie|Thunder|p2a: hygogg
|-supereffective|p2a: hygogg
|-damage|p2a: hygogg|0 fnt
|-damage|p1a: Starmie|0 fnt|[from] item: Life Orb
|faint|p2a: hygogg
|faint|p1a: Starmie
|
|-weather|RainDance|[upkeep]
|upkeep
|
|switch|p1a: Dragonite|Dragonite, M|100/100
|switch|p2a: acguy|Diglett, F|100/100
|turn|9
|
|switch|p2a: zaku|Xatu, F|77/100
|move|p1a: Dragonite|Extreme Speed|p2a: zaku
|-damage|p2a: zaku|35/100
|-damage|p1a: Dragonite|84/100|[from] item: Rocky Helmet|[of] p2a: zaku
|
|-weather|RainDance|[upkeep]
|upkeep
|turn|10
|
|switch|p1a: Scizor|Scizor, M|100/100
|-damage|p1a: Scizor|88/100|[from] Spikes
|move|p2a: zaku|Toxic|p1a: Scizor
|-immune|p1a: Scizor|[msg]
|
|-weather|RainDance|[upkeep]
|upkeep
|turn|11
|
|move|p2a: zaku|Roost|p2a: zaku
|-heal|p2a: zaku|86/100
|move|p1a: Scizor|Swords Dance|p1a: Scizor
|-boost|p1a: Scizor|atk|2
|
|-weather|RainDance|[upkeep]
|upkeep
|turn|12
|j| GGhackermaster
|
|move|p2a: zaku|Night Shade|p1a: Scizor
|-damage|p1a: Scizor|52/100
|move|p1a: Scizor|Bug Bite|p2a: zaku
|-damage|p2a: zaku|0 fnt
|-damage|p1a: Scizor|36/100|[from] item: Rocky Helmet|[of] p2a: zaku
|-damage|p1a: Scizor|26/100|[from] item: Life Orb
|faint|p2a: zaku
|
|-weather|RainDance|[upkeep]
|upkeep
|
|switch|p2a: acguy|Diglett, F|100/100
|turn|13
|
|move|p1a: Scizor|Bullet Punch|p2a: acguy
|-crit|p2a: acguy
|-enditem|p2a: acguy|Focus Sash
|-damage|p2a: acguy|1/100
|-damage|p1a: Scizor|16/100|[from] item: Life Orb
|move|p2a: acguy|Stealth Rock|p1a: Scizor
|-sidestart|p1: bad big bratt|move: Stealth Rock
|
|-weather|RainDance|[upkeep]
|upkeep
|turn|14
|
|move|p1a: Scizor|Bullet Punch|p2a: acguy
|-damage|p2a: acguy|0 fnt
|-damage|p1a: Scizor|6/100|[from] item: Life Orb
|faint|p2a: acguy
|
|-weather|RainDance|[upkeep]
|upkeep
|
|switch|p2a: zeong|Toxicroak, F|100/100
|turn|15
|
|move|p2a: zeong|Sucker Punch|p1a: Scizor
|-resisted|p1a: Scizor
|-damage|p1a: Scizor|0 fnt
|-damage|p2a: zeong|91/100|[from] item: Life Orb
|faint|p1a: Scizor
|
|-weather|RainDance|[upkeep]
|-heal|p2a: zeong|100/100|[from] ability: Dry Skin
|upkeep
|
|switch|p1a: Dragonite|Dragonite, M|84/100
|-damage|p1a: Dragonite|59/100|[from] Stealth Rock
|turn|16
|
|move|p1a: Dragonite|Extreme Speed|p2a: zeong
|-damage|p2a: zeong|32/100
|move|p2a: zeong|Ice Punch|p1a: Dragonite
|-supereffective|p1a: Dragonite
|-damage|p1a: Dragonite|0 fnt
|-damage|p2a: zeong|22/100|[from] item: Life Orb
|faint|p1a: Dragonite
|
|-weather|RainDance|[upkeep]
|-heal|p2a: zeong|35/100|[from] ability: Dry Skin
|upkeep
|
|switch|p1a: Volcarona|Volcarona, M|100/100
|-damage|p1a: Volcarona|51/100|[from] Stealth Rock
|-damage|p1a: Volcarona|38/100|[from] Spikes
|turn|17
|
|move|p2a: zeong|Swords Dance|p2a: zeong
|-boost|p2a: zeong|atk|2
|move|p1a: Volcarona|Flamethrower|p2a: zeong
|-damage|p2a: zeong|0 fnt
|faint|p2a: zeong
|
|-weather|RainDance|[upkeep]
|upkeep
|
|switch|p2a: rx-78-2|Latias, F|100/100
|turn|18
|
|move|p2a: rx-78-2|Dragon Pulse|p1a: Volcarona
|-damage|p1a: Volcarona|8/100
|move|p1a: Volcarona|Hidden Power|p2a: rx-78-2
|-supereffective|p2a: rx-78-2
|-damage|p2a: rx-78-2|71/100
|
|-weather|RainDance|[upkeep]
|-heal|p2a: rx-78-2|77/100|[from] item: Leftovers
|upkeep
|turn|19
|
|move|p2a: rx-78-2|Dragon Pulse|p1a: Volcarona
|-damage|p1a: Volcarona|0 fnt
|faint|p1a: Volcarona
|
|-weather|RainDance|[upkeep]
|-heal|p2a: rx-78-2|83/100|[from] item: Leftovers
|upkeep
|
|switch|p1a: Breloom|Breloom, F|84/100
|-damage|p1a: Breloom|78/100|[from] Stealth Rock
|-damage|p1a: Breloom|66/100|[from] Spikes
|turn|20
|
|move|p2a: rx-78-2|Substitute|p2a: rx-78-2
|-start|p2a: rx-78-2|Substitute
|-damage|p2a: rx-78-2|58/100
|move|p1a: Breloom|Spore|p2a: rx-78-2
|-fail|p2a: rx-78-2
|
|-weather|RainDance|[upkeep]
|-heal|p2a: rx-78-2|65/100|[from] item: Leftovers
|upkeep
|turn|21
|-message|bad big bratt forfeited.
|
|win|refsunpersons
|l|☆bad big bratt
|raw|bad big bratt's rating: 1473 &rarr; <strong>1448</strong><br />(-25 for losing)
|raw|refsunpersons's rating: 1373 &rarr; <strong>1398</strong><br />(+25 for winning)
|l| GGhackermaster
