|j|☆Bnzuko
|j|☆magialice
|t:|1730582169
|gametype|singles
|player|p1|Bnzuko|gambler|1502
|player|p2|magialice|miku-flying|1530
|teamsize|p1|6
|teamsize|p2|6
|gen|5
|tier|[Gen 5] OU
|rated|
|rule|Species Clause: Limit one of each Pokémon
|rule|OHKO Clause: OHKO moves are banned
|rule|Moody Clause: Moody is banned
|rule|Evasion Items Clause: Evasion items are banned
|rule|Evasion Moves Clause: Evasion moves are banned
|rule|Endless Battle Clause: Forcing endless battles is banned
|rule|HP Percentage Mod: HP is shown in percentages
|rule|Evasion Abilities Clause: Evasion abilities are banned
|rule|Sleep Moves Clause: Sleep-inducing moves are banned
|rule|Swagger Clause: Swagger is banned
|rule|Baton Pass Stat Clause: No Baton Passer may have a way to boost its stats
|clearpoke
|poke|p1|Landorus-Therian, M|item
|poke|p1|Thundurus-Therian, M|item
|poke|p1|Jirachi|item
|poke|p1|Garchomp, F|item
|poke|p1|Toxicroak, M|item
|poke|p1|Starmie|item
|poke|p2|Tyranitar, M|item
|poke|p2|Celebi|item
|poke|p2|Excadrill, M|item
|poke|p2|Mamoswine, F|item
|poke|p2|Gyarados, M|item
|poke|p2|Magnezone|item
|teampreview
|inactive|Battle timer is ON: inactive players will automatically lose when time's up. (requested by magialice)
|inactive|Bnzuko also wants the timer to be on.
|
|t:|1730582183
|start
|switch|p1a: Jirachi|Jirachi, shiny|100/100
|switch|p2a: Mamoswine|Mamoswine, F|100/100
|turn|1
|
|t:|1730582187
|switch|p2a: Magnezone|Magnezone|100/100
|move|p1a: Jirachi|Iron Head|p2a: Magnezone
|-resisted|p2a: Magnezone
|-damage|p2a: Magnezone|92/100
|
|upkeep
|turn|2
|
|t:|1730582191
|move|p1a: Jirachi|Iron Head|p2a: Magnezone
|-resisted|p2a: Magnezone
|-damage|p2a: Magnezone|82/100
|cant|p2a: Magnezone|flinch
|
|upkeep
|turn|3
|
|t:|1730582193
|move|p1a: Jirachi|Iron Head|p2a: Magnezone
|-resisted|p2a: Magnezone
|-damage|p2a: Magnezone|73/100
|move|p2a: Magnezone|Hidden Power|p1a: Jirachi
|-supereffective|p1a: Jirachi
|-crit|p1a: Jirachi
|-damage|p1a: Jirachi|0 fnt
|faint|p1a: Jirachi
|
|upkeep
|
|t:|1730582203
|switch|p1a: Landorus|Landorus-Therian, M|100/100
|-ability|p1a: Landorus|Intimidate|boost
|-unboost|p2a: Magnezone|atk|1
|turn|4
|
|t:|1730582206
|switch|p2a: Gyarados|Gyarados, M|100/100
|-ability|p2a: Gyarados|Intimidate|boost
|-unboost|p1a: Landorus|atk|1
|move|p1a: Landorus|Stealth Rock|p2a: Gyarados
|-sidestart|p2: magialice|move: Stealth Rock
|
|upkeep
|turn|5
|
|t:|1730582213
|switch|p1a: Toxicroak|Toxicroak, M, shiny|100/100
|move|p2a: Gyarados|Dragon Dance|p2a: Gyarados
|-boost|p2a: Gyarados|atk|1
|-boost|p2a: Gyarados|spe|1
|
|upkeep
|turn|6
|
|t:|1730582216
|move|p2a: Gyarados|Ice Fang|p1a: Toxicroak
|-damage|p1a: Toxicroak|49/100
|cant|p1a: Toxicroak|flinch
|
|upkeep
|turn|7
|
|t:|1730582233
|switch|p1a: Landorus|Landorus-Therian, M|100/100
|-ability|p1a: Landorus|Intimidate|boost
|-unboost|p2a: Gyarados|atk|1
|move|p2a: Gyarados|Dragon Dance|p2a: Gyarados
|-boost|p2a: Gyarados|atk|1
|-boost|p2a: Gyarados|spe|1
|
|upkeep
|turn|8
|
|t:|1730582238
|move|p2a: Gyarados|Ice Fang|p1a: Landorus
|-supereffective|p1a: Landorus
|-enditem|p1a: Landorus|Focus Sash
|-damage|p1a: Landorus|1/100
|move|p1a: Landorus|Hidden Power|p2a: Gyarados
|-damage|p2a: Gyarados|85/100
|
|upkeep
|turn|9
|
|t:|1730582243
|move|p2a: Gyarados|Waterfall|p1a: Landorus
|-supereffective|p1a: Landorus
|-damage|p1a: Landorus|0 fnt
|faint|p1a: Landorus
|
|upkeep
|
|t:|1730582245
|switch|p1a: Starmie|Starmie|100/100
|turn|10
|
|t:|1730582247
|move|p2a: Gyarados|Natural Gift|p1a: Starmie
|-supereffective|p1a: Starmie
|-damage|p1a: Starmie|0 fnt
|faint|p1a: Starmie
|
|upkeep
|
|t:|1730582253
|switch|p1a: Thundurus|Thundurus-Therian, M|100/100
|turn|11
|
|t:|1730582257
|move|p2a: Gyarados|Ice Fang|p1a: Thundurus
|-supereffective|p1a: Thundurus
|-damage|p1a: Thundurus|0 fnt
|faint|p1a: Thundurus
|
|upkeep
|-message|Bnzuko forfeited.
|
|win|magialice
|raw|Bnzuko's rating: 1502 &rarr; <strong>1484</strong><br />(-18 for losing)
|raw|magialice's rating: 1530 &rarr; <strong>1548</strong><br />(+18 for winning)
