|j|☆Jellium
|j|☆Icequake
|t:|1714243237
|gametype|singles
|player|p1|Jellium|scientist-gen4|1353
|player|p2|Icequake|ingo|1467
|teamsize|p1|6
|teamsize|p2|6
|gen|5
|tier|[Gen 5] OU
|rated|
|rule|Species Clause: Limit one of each Pokémon
|rule|OHKO Clause: OHKO moves are banned
|rule|Moody Clause: Moody is banned
|rule|Evasion Items Clause: Evasion items are banned
|rule|Evasion Moves Clause: Evasion moves are banned
|rule|Endless Battle Clause: Forcing endless battles is banned
|rule|HP Percentage Mod: HP is shown in percentages
|rule|Evasion Abilities Clause: Evasion abilities are banned
|rule|Sleep Moves Clause: Sleep-inducing moves are banned
|rule|Swagger Clause: Swagger is banned
|rule|Baton Pass Stat Clause: No Baton Passer may have a way to boost its stats
|clearpoke
|poke|p1|Tyranitar, M|item
|poke|p1|Breloom, F|item
|poke|p1|Latios, M|item
|poke|p1|Excadrill, F|item
|poke|p1|Jirachi|item
|poke|p1|Landorus-Therian, M|item
|poke|p2|Politoed, M|item
|poke|p2|Raikou|item
|poke|p2|Tornadus, M|item
|poke|p2|Tentacruel, M|item
|poke|p2|Skarmory, F|item
|poke|p2|Latios, M|item
|teampreview
|
|t:|1714243253
|start
|switch|p1a: Loom|Breloom, F, shiny|100/100
|switch|p2a: Skarmory|Skarmory, F|100/100
|turn|1
|
|t:|1714243270
|switch|p1a: Doom|Excadrill, F, shiny|100/100
|move|p2a: Skarmory|Spikes|p1a: Doom
|-sidestart|p1: Jellium|Spikes
|
|upkeep
|turn|2
|
|t:|1714243276
|move|p1a: Doom|Swords Dance|p1a: Doom
|-boost|p1a: Doom|atk|2
|move|p2a: Skarmory|Brave Bird|p1a: Doom
|-resisted|p1a: Doom
|-damage|p1a: Doom|79/100
|-damage|p2a: Skarmory|93/100|[from] Recoil
|
|-heal|p1a: Doom|86/100|[from] item: Leftovers
|-heal|p2a: Skarmory|99/100|[from] item: Leftovers
|upkeep
|turn|3
|
|t:|1714243290
|move|p1a: Doom|Iron Head|p2a: Skarmory
|-resisted|p2a: Skarmory
|-damage|p2a: Skarmory|71/100
|move|p2a: Skarmory|Brave Bird|p1a: Doom
|-resisted|p1a: Doom
|-damage|p1a: Doom|63/100
|-damage|p2a: Skarmory|62/100|[from] Recoil
|
|-heal|p1a: Doom|69/100|[from] item: Leftovers
|-heal|p2a: Skarmory|68/100|[from] item: Leftovers
|upkeep
|turn|4
|
|t:|1714243314
|switch|p1a: Bando|Landorus-Therian, M, shiny|100/100
|-ability|p1a: Bando|Intimidate|boost
|-unboost|p2a: Skarmory|atk|1
|move|p2a: Skarmory|Brave Bird|p1a: Bando
|-damage|p1a: Bando|80/100
|-damage|p2a: Skarmory|61/100|[from] Recoil
|
|-heal|p1a: Bando|87/100|[from] item: Leftovers
|-heal|p2a: Skarmory|67/100|[from] item: Leftovers
|upkeep
|turn|5
|
|t:|1714243319
|move|p1a: Bando|Stealth Rock|p2a: Skarmory
|-sidestart|p2: Icequake|move: Stealth Rock
|move|p2a: Skarmory|Stealth Rock|p1a: Bando
|-sidestart|p1: Jellium|move: Stealth Rock
|
|-heal|p1a: Bando|93/100|[from] item: Leftovers
|-heal|p2a: Skarmory|73/100|[from] item: Leftovers
|upkeep
|turn|6
|
|t:|1714243324
|move|p1a: Bando|U-turn|p2a: Skarmory
|-resisted|p2a: Skarmory
|-damage|p2a: Skarmory|69/100
|
|t:|1714243326
|switch|p1a: Doom|Excadrill, F, shiny|69/100|[from] U-turn
|-damage|p1a: Doom|57/100|[from] Spikes
|-damage|p1a: Doom|54/100|[from] Stealth Rock
|move|p2a: Skarmory|Spikes|p1a: Doom
|-sidestart|p1: Jellium|Spikes
|
|-heal|p1a: Doom|60/100|[from] item: Leftovers
|-heal|p2a: Skarmory|75/100|[from] item: Leftovers
|upkeep
|turn|7
|
|t:|1714243336
|switch|p2a: Politoed|Politoed, M, shiny|100/100
|-damage|p2a: Politoed|88/100|[from] Stealth Rock
|-weather|RainDance|[from] ability: Drizzle|[of] p2a: Politoed
|move|p1a: Doom|Rapid Spin|p2a: Politoed
|-damage|p2a: Politoed|83/100
|-sideend|p1: Jellium|Spikes|[from] move: Rapid Spin|[of] p1a: Doom
|-sideend|p1: Jellium|Stealth Rock|[from] move: Rapid Spin|[of] p1a: Doom
|
|-weather|RainDance|[upkeep]
|-heal|p1a: Doom|66/100|[from] item: Leftovers
|-heal|p2a: Politoed|89/100|[from] item: Leftovers
|upkeep
|turn|8
|
|t:|1714243350
|switch|p1a: Latios|Latios, M, shiny|100/100
|move|p2a: Politoed|Scald|p1a: Latios
|-resisted|p1a: Latios
|-damage|p1a: Latios|82/100
|
|-weather|RainDance|[upkeep]
|-heal|p2a: Politoed|95/100|[from] item: Leftovers
|upkeep
|turn|9
|
|t:|1714243355
|move|p2a: Politoed|Protect|p2a: Politoed
|-singleturn|p2a: Politoed|Protect
|move|p1a: Latios|Draco Meteor|p2a: Politoed
|-activate|p2a: Politoed|move: Protect
|
|-weather|RainDance|[upkeep]
|-heal|p2a: Politoed|100/100|[from] item: Leftovers
|upkeep
|turn|10
|
|t:|1714243359
|switch|p2a: Tentacruel|Tentacruel, M|100/100
|-damage|p2a: Tentacruel|88/100|[from] Stealth Rock
|move|p1a: Latios|Draco Meteor|p2a: Tentacruel
|-damage|p2a: Tentacruel|6/100
|-unboost|p1a: Latios|spa|2
|
|-weather|RainDance|[upkeep]
|-heal|p2a: Tentacruel|12/100|[from] ability: Rain Dish
|-heal|p2a: Tentacruel|18/100|[from] item: Black Sludge
|upkeep
|turn|11
|
|t:|1714243364
|switch|p1a: Loom|Breloom, F, shiny|100/100
|move|p2a: Tentacruel|Protect||[still]
|-fail|p2a: Tentacruel
|
|-weather|RainDance|[upkeep]
|-heal|p2a: Tentacruel|24/100|[from] ability: Rain Dish
|-heal|p2a: Tentacruel|31/100|[from] item: Black Sludge
|-status|p1a: Loom|tox|[from] item: Toxic Orb
|upkeep
|turn|12
|
|t:|1714243367
|move|p2a: Tentacruel|Protect|p2a: Tentacruel
|-singleturn|p2a: Tentacruel|Protect
|move|p1a: Loom|Swords Dance|p1a: Loom
|-boost|p1a: Loom|atk|2
|
|-weather|RainDance|[upkeep]
|-heal|p2a: Tentacruel|37/100|[from] ability: Rain Dish
|-heal|p2a: Tentacruel|43/100|[from] item: Black Sludge
|upkeep
|turn|13
|
|t:|1714243372
|switch|p2a: Latios|Latios, M|100/100
|-damage|p2a: Latios|88/100|[from] Stealth Rock
|move|p1a: Loom|Facade|p2a: Latios
|-crit|p2a: Latios
|-damage|p2a: Latios|0 fnt
|faint|p2a: Latios
|
|-weather|RainDance|[upkeep]
|upkeep
|
|t:|1714243376
|switch|p2a: Tornadus|Tornadus, M|100/100
|-damage|p2a: Tornadus|76/100|[from] Stealth Rock
|turn|14
|
|t:|1714243379
|move|p1a: Loom|Protect|p1a: Loom
|-singleturn|p1a: Loom|Protect
|move|p2a: Tornadus|Hurricane|p1a: Loom
|-activate|p1a: Loom|move: Protect
|
|-weather|RainDance|[upkeep]
|upkeep
|turn|15
|
|t:|1714243391
|switch|p2a: Skarmory|Skarmory, F|75/100
|-damage|p2a: Skarmory|62/100|[from] Stealth Rock
|switch|p1a: Out the Wazoo|Jirachi|100/100
|
|-weather|RainDance|[upkeep]
|-heal|p2a: Skarmory|68/100|[from] item: Leftovers
|upkeep
|turn|16
|
|t:|1714243397
|move|p1a: Out the Wazoo|Thunder|p2a: Skarmory
|-supereffective|p2a: Skarmory
|-damage|p2a: Skarmory|24/100
|-status|p2a: Skarmory|par
|cant|p2a: Skarmory|par
|
|-weather|RainDance|[upkeep]
|-heal|p2a: Skarmory|30/100 par|[from] item: Leftovers
|upkeep
|turn|17
|
|t:|1714243405
|move|p1a: Out the Wazoo|Thunder|p2a: Skarmory
|-supereffective|p2a: Skarmory
|-damage|p2a: Skarmory|0 fnt
|faint|p2a: Skarmory
|
|-weather|RainDance|[upkeep]
|upkeep
|
|t:|1714243409
|switch|p2a: Raikou|Raikou, shiny|100/100
|-damage|p2a: Raikou|88/100|[from] Stealth Rock
|-ability|p2a: Raikou|Pressure
|turn|18
|
|t:|1714243416
|move|p2a: Raikou|Calm Mind|p2a: Raikou
|-boost|p2a: Raikou|spa|1
|-boost|p2a: Raikou|spd|1
|move|p1a: Out the Wazoo|Wish|p1a: Out the Wazoo
|
|-weather|RainDance|[upkeep]
|-heal|p2a: Raikou|94/100|[from] item: Leftovers
|upkeep
|turn|19
|
|t:|1714243424
|move|p2a: Raikou|Substitute|p2a: Raikou
|-start|p2a: Raikou|Substitute
|-damage|p2a: Raikou|69/100
|move|p1a: Out the Wazoo|U-turn|p2a: Raikou
|-activate|p2a: Raikou|Substitute|[damage]
|
|t:|1714243463
|switch|p1a: "Ttar"|Tyranitar, M|100/100|[from] U-turn
|-weather|Sandstorm|[from] ability: Sand Stream|[of] p1a: "Ttar"
|
|-weather|Sandstorm|[upkeep]
|-damage|p2a: Raikou|63/100|[from] Sandstorm
|-heal|p2a: Raikou|69/100|[from] item: Leftovers
|upkeep
|turn|20
|
|t:|1714243470
|move|p2a: Raikou|Thunder|p1a: "Ttar"
|-damage|p1a: "Ttar"|59/100
|move|p1a: "Ttar"|Crunch|p2a: Raikou
|-end|p2a: Raikou|Substitute
|
|-weather|Sandstorm|[upkeep]
|-damage|p2a: Raikou|63/100|[from] Sandstorm
|-heal|p2a: Raikou|69/100|[from] item: Leftovers
|upkeep
|turn|21
|
|t:|1714243475
|switch|p2a: Politoed|Politoed, M, shiny|100/100
|-damage|p2a: Politoed|88/100|[from] Stealth Rock
|-weather|RainDance|[from] ability: Drizzle|[of] p2a: Politoed
|move|p1a: "Ttar"|Crunch|p2a: Politoed
|-damage|p2a: Politoed|56/100
|
|-weather|RainDance|[upkeep]
|-heal|p2a: Politoed|62/100|[from] item: Leftovers
|upkeep
|turn|22
|
|t:|1714243486
|switch|p2a: Tentacruel|Tentacruel, M|43/100
|-damage|p2a: Tentacruel|30/100|[from] Stealth Rock
|move|p1a: "Ttar"|Thunder Wave|p2a: Tentacruel
|-status|p2a: Tentacruel|par
|
|-weather|RainDance|[upkeep]
|-heal|p2a: Tentacruel|36/100 par|[from] ability: Rain Dish
|-heal|p2a: Tentacruel|42/100 par|[from] item: Black Sludge
|upkeep
|turn|23
|
|t:|1714243504
|switch|p1a: Loom|Breloom, F, shiny|100/100 tox
|move|p2a: Tentacruel|Rapid Spin|p1a: Loom
|-damage|p1a: Loom|97/100 tox
|-sideend|p2: Icequake|Stealth Rock|[from] move: Rapid Spin|[of] p2a: Tentacruel
|
|-weather|RainDance|[upkeep]
|-heal|p2a: Tentacruel|48/100 par|[from] ability: Rain Dish
|-heal|p2a: Tentacruel|54/100 par|[from] item: Black Sludge
|-heal|p1a: Loom|100/100 tox|[from] ability: Poison Heal
|upkeep
|turn|24
|
|t:|1714243513
|switch|p2a: Tornadus|Tornadus, M|76/100
|move|p1a: Loom|Facade|p2a: Tornadus
|-damage|p2a: Tornadus|10/100
|
|-weather|RainDance|[upkeep]
|upkeep
|turn|25
|
|t:|1714243516
|move|p1a: Loom|Protect|p1a: Loom
|-singleturn|p1a: Loom|Protect
|move|p2a: Tornadus|Hurricane|p1a: Loom
|-activate|p1a: Loom|move: Protect
|
|-weather|RainDance|[upkeep]
|upkeep
|turn|26
|
|t:|1714243520
|switch|p1a: "Ttar"|Tyranitar, M|59/100
|-weather|Sandstorm|[from] ability: Sand Stream|[of] p1a: "Ttar"
|move|p2a: Tornadus|Hurricane|p1a: "Ttar"|[miss]
|-miss|p2a: Tornadus|p1a: "Ttar"
|
|-weather|Sandstorm|[upkeep]
|-damage|p2a: Tornadus|4/100|[from] Sandstorm
|upkeep
|turn|27
|
|t:|1714243531
|switch|p2a: Politoed|Politoed, M, shiny|62/100
|-weather|RainDance|[from] ability: Drizzle|[of] p2a: Politoed
|switch|p1a: Out the Wazoo|Jirachi|100/100
|
|-weather|RainDance|[upkeep]
|-heal|p2a: Politoed|68/100|[from] item: Leftovers
|upkeep
|turn|28
|
|t:|1714243539
|move|p1a: Out the Wazoo|Thunder|p2a: Politoed
|-supereffective|p2a: Politoed
|-crit|p2a: Politoed
|-damage|p2a: Politoed|0 fnt
|faint|p2a: Politoed
|
|-weather|RainDance|[upkeep]
|upkeep
|
|t:|1714243544
|switch|p2a: Raikou|Raikou, shiny|69/100
|-ability|p2a: Raikou|Pressure
|turn|29
|
|t:|1714243559
|move|p2a: Raikou|Calm Mind|p2a: Raikou
|-boost|p2a: Raikou|spa|1
|-boost|p2a: Raikou|spd|1
|move|p1a: Out the Wazoo|Wish|p1a: Out the Wazoo
|
|-weather|RainDance|[upkeep]
|-heal|p2a: Raikou|76/100|[from] item: Leftovers
|upkeep
|turn|30
|
|t:|1714243569
|move|p2a: Raikou|Hidden Power|p1a: Out the Wazoo
|-resisted|p1a: Out the Wazoo
|-damage|p1a: Out the Wazoo|90/100
|move|p1a: Out the Wazoo|U-turn|p2a: Raikou
|-damage|p2a: Raikou|54/100
|
|t:|1714243573
|switch|p1a: "Ttar"|Tyranitar, M|59/100|[from] U-turn
|-weather|Sandstorm|[from] ability: Sand Stream|[of] p1a: "Ttar"
|
|-weather|Sandstorm|[upkeep]
|-damage|p2a: Raikou|48/100|[from] Sandstorm
|-heal|p1a: "Ttar"|100/100|[from] move: Wish|[wisher] Out the Wazoo
|-heal|p2a: Raikou|54/100|[from] item: Leftovers
|upkeep
|turn|31
|-message|Icequake forfeited.
|
|win|Jellium
|raw|Jellium's rating: 1353 &rarr; <strong>1379</strong><br />(+26 for winning)
|raw|Icequake's rating: 1467 &rarr; <strong>1441</strong><br />(-26 for losing)
|l|☆Icequake
|player|p2|
