|j|☆ChrisCross1990
|j|☆Bronzongsunderbell
|t:|1746530754
|gametype|singles
|player|p1|ChrisCross1990|265|1343
|player|p2|Bronzongsunderbell|265|1464
|teamsize|p1|6
|teamsize|p2|6
|gen|5
|tier|[Gen 5] OU
|rated|
|rule|Species Clause: Limit one of each Pokémon
|rule|OHKO Clause: OHKO moves are banned
|rule|Moody Clause: Moody is banned
|rule|Evasion Items Clause: Evasion items are banned
|rule|Evasion Moves Clause: Evasion moves are banned
|rule|Endless Battle Clause: Forcing endless battles is banned
|rule|HP Percentage Mod: HP is shown in percentages
|rule|Evasion Abilities Clause: Evasion abilities are banned
|rule|Sleep Moves Clause: Sleep-inducing moves are banned
|rule|Swagger Clause: Swagger is banned
|rule|Baton Pass Stat Clause: No Baton Passer may have a way to boost its stats
|clearpoke
|poke|p1|Conkeldurr, M|item
|poke|p1|Landorus-Therian, M|item
|poke|p1|Thundurus-Therian, M|item
|poke|p1|Heatran, M|item
|poke|p1|Jirachi|item
|poke|p1|Latias, F|item
|poke|p2|Tyranitar, M|item
|poke|p2|Forretress, L99, F|item
|poke|p2|Reuniclus, F|item
|poke|p2|Jellicent, M|item
|poke|p2|Scizor, M|item
|poke|p2|Latios, M|item
|teampreview
|inactive|Battle timer is ON: inactive players will automatically lose when time's up. (requested by ChrisCross1990)
|inactive|Bronzongsunderbell has 120 seconds left.
|
|t:|1746530786
|start
|switch|p1a: Heatran|Heatran, M|100/100
|switch|p2a: Forretress|Forretress, L99, F|100/100
|turn|1
|
|t:|1746530799
|move|p1a: Heatran|Overheat|p2a: Forretress
|-supereffective|p2a: Forretress
|-crit|p2a: Forretress
|-ability|p2a: Forretress|Sturdy
|-damage|p2a: Forretress|1/100
|-unboost|p1a: Heatran|spa|2
|move|p2a: Forretress|Stealth Rock|p1a: Heatran
|-sidestart|p1: ChrisCross1990|move: Stealth Rock
|
|upkeep
|turn|2
|-enditem|p2a: Forretress|Custap Berry|[eat]
|-activate|p2a: Forretress|item: Custap Berry|[consumed]
|
|t:|1746530807
|move|p2a: Forretress|Toxic Spikes|p1a: Heatran
|-sidestart|p1: ChrisCross1990|move: Toxic Spikes
|move|p1a: Heatran|Overheat|p2a: Forretress
|-supereffective|p2a: Forretress
|-damage|p2a: Forretress|0 fnt
|-unboost|p1a: Heatran|spa|2
|faint|p2a: Forretress
|
|upkeep
|
|t:|1746530815
|switch|p2a: Tyranitar|Tyranitar, M|100/100
|-weather|Sandstorm|[from] ability: Sand Stream|[of] p2a: Tyranitar
|turn|3
|
|t:|1746530826
|switch|p1a: Landorus|Landorus-Therian, M|100/100
|-damage|p1a: Landorus|88/100|[from] Stealth Rock
|-ability|p1a: Landorus|Intimidate|boost
|-unboost|p2a: Tyranitar|atk|1
|move|p2a: Tyranitar|Ice Punch|p1a: Landorus
|-supereffective|p1a: Landorus
|-damage|p1a: Landorus|8/100
|-status|p1a: Landorus|frz
|
|-weather|Sandstorm|[upkeep]
|upkeep
|turn|4
|
|t:|1746530842
|switch|p1a: Conkeldurr|Conkeldurr, M|100/100
|-damage|p1a: Conkeldurr|94/100|[from] Stealth Rock
|-status|p1a: Conkeldurr|psn
|move|p2a: Tyranitar|Ice Punch|p1a: Conkeldurr
|-damage|p1a: Conkeldurr|77/100 psn
|
|-weather|Sandstorm|[upkeep]
|-damage|p1a: Conkeldurr|71/100 psn|[from] Sandstorm
|-heal|p1a: Conkeldurr|77/100 psn|[from] item: Leftovers
|-damage|p1a: Conkeldurr|65/100 psn|[from] psn
|upkeep
|turn|5
|inactive|Bronzongsunderbell has 120 seconds left.
|
|t:|1746530881
|switch|p2a: Reuniclus|Reuniclus, F|100/100
|move|p1a: Conkeldurr|Thunder Punch|p2a: Reuniclus
|-damage|p2a: Reuniclus|74/100
|-damage|p1a: Conkeldurr|48/100 psn|[from] item: Rocky Helmet|[of] p2a: Reuniclus
|
|-weather|Sandstorm|[upkeep]
|-damage|p1a: Conkeldurr|42/100 psn|[from] Sandstorm
|-heal|p1a: Conkeldurr|48/100 psn|[from] item: Leftovers
|-damage|p1a: Conkeldurr|36/100 psn|[from] psn
|upkeep
|turn|6
|inactive|Bronzongsunderbell has 120 seconds left.
|
|t:|1746530906
|switch|p1a: Heatran|Heatran, M|100/100
|-damage|p1a: Heatran|88/100|[from] Stealth Rock
|move|p2a: Reuniclus|Recover|p2a: Reuniclus
|-heal|p2a: Reuniclus|100/100
|
|-weather|Sandstorm|[upkeep]
|upkeep
|turn|7
|inactive|Bronzongsunderbell has 120 seconds left.
|
|t:|1746530912
|switch|p2a: Tyranitar|Tyranitar, M|100/100
|move|p1a: Heatran|Overheat|p2a: Tyranitar
|-resisted|p2a: Tyranitar
|-damage|p2a: Tyranitar|60/100
|-unboost|p1a: Heatran|spa|2
|
|-weather|Sandstorm|[upkeep]
|upkeep
|turn|8
|
|t:|1746530923
|switch|p1a: Jirachi|Jirachi|100/100
|-damage|p1a: Jirachi|94/100|[from] Stealth Rock
|move|p2a: Tyranitar|Superpower|p1a: Jirachi
|-damage|p1a: Jirachi|58/100
|-unboost|p2a: Tyranitar|atk|1
|-unboost|p2a: Tyranitar|def|1
|
|-weather|Sandstorm|[upkeep]
|upkeep
|turn|9
|inactive|Bronzongsunderbell has 120 seconds left.
|
|t:|1746530941
|switch|p2a: Jellicent|Jellicent, M|100/100
|move|p1a: Jirachi|U-turn|p2a: Jellicent
|-resisted|p2a: Jellicent
|-damage|p2a: Jellicent|92/100
|-enditem|p2a: Jellicent|Red Card|[of] p1a: Jirachi
|drag|p1a: Heatran|Heatran, M|88/100
|-damage|p1a: Heatran|76/100|[from] Stealth Rock
|
|-weather|Sandstorm|[upkeep]
|-damage|p2a: Jellicent|86/100|[from] Sandstorm
|upkeep
|turn|10
|inactive|Bronzongsunderbell has 120 seconds left.
|
|t:|1746530956
|move|p1a: Heatran|Hidden Power|p2a: Jellicent
|-supereffective|p2a: Jellicent
|-damage|p2a: Jellicent|32/100
|move|p2a: Jellicent|Recover|p2a: Jellicent
|-heal|p2a: Jellicent|82/100
|
|-weather|Sandstorm|[upkeep]
|-damage|p2a: Jellicent|76/100|[from] Sandstorm
|upkeep
|turn|11
|inactive|Bronzongsunderbell has 120 seconds left.
|
|t:|1746530973
|switch|p2a: Scizor|Scizor, M|100/100
|move|p1a: Heatran|Hidden Power|p2a: Scizor
|-resisted|p2a: Scizor
|-damage|p2a: Scizor|87/100
|
|-weather|Sandstorm|[upkeep]
|upkeep
|turn|12
|
|t:|1746530985
|switch|p1a: Jirachi|Jirachi|58/100
|-damage|p1a: Jirachi|52/100|[from] Stealth Rock
|move|p2a: Scizor|Swords Dance|p2a: Scizor
|-boost|p2a: Scizor|atk|2
|
|-weather|Sandstorm|[upkeep]
|upkeep
|turn|13
|
|t:|1746531001
|move|p1a: Jirachi|Healing Wish|p1a: Jirachi
|faint|p1a: Jirachi
|move|p2a: Scizor|Superpower|p1: Jirachi|[notarget]
|-fail|p2a: Scizor
|
|-weather|Sandstorm|[upkeep]
|upkeep
|
|t:|1746531008
|switch|p1a: Landorus|Landorus-Therian, M|8/100 frz
|-heal|p1a: Landorus|100/100|[from] move: Healing Wish
|-damage|p1a: Landorus|88/100|[from] Stealth Rock
|-ability|p1a: Landorus|Intimidate|boost
|-unboost|p2a: Scizor|atk|1
|turn|14
|
|t:|1746531021
|move|p2a: Scizor|Bullet Punch|p1a: Landorus
|-damage|p1a: Landorus|32/100
|move|p1a: Landorus|Earthquake|p2a: Scizor
|-damage|p2a: Scizor|19/100
|
|-weather|Sandstorm|[upkeep]
|upkeep
|turn|15
|
|t:|1746531029
|switch|p1a: Heatran|Heatran, M|76/100
|-damage|p1a: Heatran|63/100|[from] Stealth Rock
|move|p2a: Scizor|Bullet Punch|p1a: Heatran
|-resisted|p1a: Heatran
|-damage|p1a: Heatran|54/100
|
|-weather|Sandstorm|[upkeep]
|upkeep
|turn|16
|
|t:|1746531041
|switch|p2a: Latios|Latios, M|100/100
|move|p1a: Heatran|Overheat|p2a: Latios
|-resisted|p2a: Latios
|-damage|p2a: Latios|43/100
|-unboost|p1a: Heatran|spa|2
|
|-weather|Sandstorm|[upkeep]
|-damage|p2a: Latios|37/100|[from] Sandstorm
|upkeep
|turn|17
|
|t:|1746531049
|switch|p1a: Latias|Latias, F|100/100
|-damage|p1a: Latias|88/100|[from] Stealth Rock
|move|p2a: Latios|Surf|p1a: Latias
|-resisted|p1a: Latias
|-damage|p1a: Latias|74/100
|
|-weather|Sandstorm|[upkeep]
|-damage|p2a: Latios|31/100|[from] Sandstorm
|-damage|p1a: Latias|68/100|[from] Sandstorm
|upkeep
|turn|18
|
|t:|1746531060
|switch|p2a: Jellicent|Jellicent, M|76/100
|move|p1a: Latias|Draco Meteor|p2a: Jellicent
|-damage|p2a: Jellicent|34/100
|-unboost|p1a: Latias|spa|2
|
|-weather|Sandstorm|[upkeep]
|-damage|p1a: Latias|62/100|[from] Sandstorm
|-damage|p2a: Jellicent|28/100|[from] Sandstorm
|upkeep
|turn|19
|
|t:|1746531066
|move|p1a: Latias|Thunderbolt|p2a: Jellicent
|-supereffective|p2a: Jellicent
|-damage|p2a: Jellicent|5/100
|-status|p2a: Jellicent|par
|move|p2a: Jellicent|Recover|p2a: Jellicent
|-heal|p2a: Jellicent|55/100 par
|
|-weather|Sandstorm|[upkeep]
|-damage|p1a: Latias|56/100|[from] Sandstorm
|-damage|p2a: Jellicent|49/100 par|[from] Sandstorm
|upkeep
|turn|20
|
|t:|1746531076
|switch|p1a: Thundurus|Thundurus-Therian, M|100/100
|-damage|p1a: Thundurus|76/100|[from] Stealth Rock
|move|p2a: Jellicent|Recover|p2a: Jellicent
|-heal|p2a: Jellicent|99/100 par
|
|-weather|Sandstorm|[upkeep]
|-damage|p1a: Thundurus|70/100|[from] Sandstorm
|-damage|p2a: Jellicent|93/100 par|[from] Sandstorm
|upkeep
|turn|21
|
|t:|1746531082
|switch|p2a: Scizor|Scizor, M|19/100
|move|p1a: Thundurus|Volt Switch|p2a: Scizor
|-damage|p2a: Scizor|0 fnt
|faint|p2a: Scizor
|
|t:|1746531095
|switch|p1a: Landorus|Landorus-Therian, M|32/100|[from] Volt Switch
|-damage|p1a: Landorus|20/100|[from] Stealth Rock
|
|-weather|Sandstorm|[upkeep]
|upkeep
|
|t:|1746531112
|switch|p2a: Tyranitar|Tyranitar, M|60/100
|turn|22
|
|t:|1746531125
|switch|p2a: Jellicent|Jellicent, M|93/100 par
|move|p1a: Landorus|Earthquake|p2a: Jellicent
|-damage|p2a: Jellicent|39/100 par
|
|-weather|Sandstorm|[upkeep]
|-damage|p2a: Jellicent|33/100 par|[from] Sandstorm
|upkeep
|turn|23
|
|t:|1746531141
|switch|p2a: Latios|Latios, M|31/100
|move|p1a: Landorus|Earthquake|p2a: Latios
|-immune|p2a: Latios|[from] ability: Levitate
|
|-weather|Sandstorm|[upkeep]
|-damage|p2a: Latios|25/100|[from] Sandstorm
|upkeep
|turn|24
|
|t:|1746531151
|switch|p1a: Latias|Latias, F|56/100
|-damage|p1a: Latias|44/100|[from] Stealth Rock
|move|p2a: Latios|Dragon Pulse|p1a: Latias
|-supereffective|p1a: Latias
|-damage|p1a: Latias|0 fnt
|faint|p1a: Latias
|
|-weather|Sandstorm|[upkeep]
|-damage|p2a: Latios|19/100|[from] Sandstorm
|upkeep
|
|t:|1746531158
|switch|p1a: Landorus|Landorus-Therian, M|20/100
|-damage|p1a: Landorus|8/100|[from] Stealth Rock
|-ability|p1a: Landorus|Intimidate|boost
|-unboost|p2a: Latios|atk|1
|turn|25
|
|t:|1746531162
|move|p2a: Latios|Dragon Pulse|p1a: Landorus
|-damage|p1a: Landorus|0 fnt
|faint|p1a: Landorus
|
|-weather|Sandstorm|[upkeep]
|-damage|p2a: Latios|13/100|[from] Sandstorm
|upkeep
|j| bxh yy cy
|
|t:|1746531171
|switch|p1a: Heatran|Heatran, M|54/100
|-damage|p1a: Heatran|41/100|[from] Stealth Rock
|turn|26
|
|t:|1746531193
|switch|p2a: Jellicent|Jellicent, M|33/100 par
|move|p1a: Heatran|Ancient Power|p2a: Jellicent
|-damage|p2a: Jellicent|10/100 par
|
|-weather|Sandstorm|[upkeep]
|-damage|p2a: Jellicent|4/100 par|[from] Sandstorm
|upkeep
|turn|27
|
|t:|1746531203
|move|p1a: Heatran|Ancient Power|p2a: Jellicent
|-damage|p2a: Jellicent|0 fnt
|faint|p2a: Jellicent
|
|-weather|Sandstorm|[upkeep]
|upkeep
|
|t:|1746531213
|switch|p2a: Tyranitar|Tyranitar, M|60/100
|turn|28
|
|t:|1746531218
|switch|p1a: Conkeldurr|Conkeldurr, M|36/100 psn
|-damage|p1a: Conkeldurr|30/100 psn|[from] Stealth Rock
|move|p2a: Tyranitar|Superpower|p1a: Conkeldurr
|-damage|p1a: Conkeldurr|0 fnt
|-unboost|p2a: Tyranitar|atk|1
|-unboost|p2a: Tyranitar|def|1
|faint|p1a: Conkeldurr
|
|-weather|Sandstorm|[upkeep]
|upkeep
|
|t:|1746531227
|switch|p1a: Thundurus|Thundurus-Therian, M|70/100
|-damage|p1a: Thundurus|45/100|[from] Stealth Rock
|turn|29
|
|t:|1746531230
|move|p1a: Thundurus|Volt Switch|p2a: Tyranitar
|-damage|p2a: Tyranitar|35/100
|
|t:|1746531235
|switch|p1a: Heatran|Heatran, M|41/100|[from] Volt Switch
|-damage|p1a: Heatran|29/100|[from] Stealth Rock
|move|p2a: Tyranitar|Superpower|p1a: Heatran
|-supereffective|p1a: Heatran
|-damage|p1a: Heatran|0 fnt
|-unboost|p2a: Tyranitar|atk|1
|-unboost|p2a: Tyranitar|def|1
|faint|p1a: Heatran
|
|-weather|Sandstorm|[upkeep]
|upkeep
|-message|ChrisCross1990 forfeited.
|
|win|Bronzongsunderbell
|raw|ChrisCross1990's rating: 1343 &rarr; <strong>1330</strong><br />(-13 for losing)
|raw|Bronzongsunderbell's rating: 1464 &rarr; <strong>1477</strong><br />(+13 for winning)
|l|☆ChrisCross1990
|player|p1|
