|j|☆radaty
|j|☆EG Jhonx
|t:|1735510974
|gametype|singles
|player|p1|radaty|266|1442
|player|p2|EG Jhonx|#wcop2024chile|1517
|teamsize|p1|6
|teamsize|p2|6
|gen|5
|tier|[Gen 5] OU
|rated|
|rule|Species Clause: Limit one of each Pokémon
|rule|OHKO Clause: OHKO moves are banned
|rule|Moody Clause: Moody is banned
|rule|Evasion Items Clause: Evasion items are banned
|rule|Evasion Moves Clause: Evasion moves are banned
|rule|Endless Battle Clause: Forcing endless battles is banned
|rule|HP Percentage Mod: HP is shown in percentages
|rule|Evasion Abilities Clause: Evasion abilities are banned
|rule|Sleep Moves Clause: Sleep-inducing moves are banned
|rule|Swagger Clause: Swagger is banned
|rule|Baton Pass Stat Clause: No Baton Passer may have a way to boost its stats
|clearpoke
|poke|p1|Chansey, F|item
|poke|p1|Xatu, M|item
|poke|p1|Sableye, F|item
|poke|p1|Quagsire, M|item
|poke|p1|Tentacruel, M|item
|poke|p1|Jirachi|item
|poke|p2|Politoed, F|item
|poke|p2|Breloom, M|item
|poke|p2|Jirachi|item
|poke|p2|Starmie|item
|poke|p2|Keldeo-Resolute|item
|poke|p2|Latios, M|item
|teampreview
|inactive|Battle timer is ON: inactive players will automatically lose when time's up. (requested by radaty)
|c|☆EG Jhonx|hf
|
|t:|1735510994
|start
|switch|p1a: Chansey|Chansey, F|100/100
|switch|p2a: Breloom|Breloom, M|100/100
|turn|1
|
|t:|1735510997
|switch|p1a: Xatu|Xatu, M|100/100
|move|p2a: Breloom|Bulk Up|p2a: Breloom
|-boost|p2a: Breloom|atk|1
|-boost|p2a: Breloom|def|1
|
|-status|p2a: Breloom|tox|[from] item: Toxic Orb
|upkeep
|turn|2
|
|t:|1735511002
|switch|p2a: Jirachi|Jirachi|100/100
|move|p1a: Xatu|U-turn|p2a: Jirachi
|-crit|p2a: Jirachi
|-damage|p2a: Jirachi|80/100
|
|t:|1735511004
|switch|p1a: Sableye|Sableye, F|100/100|[from] U-turn
|
|-heal|p2a: Jirachi|86/100|[from] item: Leftovers
|upkeep
|turn|3
|
|t:|1735511008
|move|p1a: Sableye|Will-O-Wisp|p2a: Jirachi
|-status|p2a: Jirachi|brn
|move|p2a: Jirachi|Stealth Rock|p1a: Sableye
|-sidestart|p1: radaty|move: Stealth Rock
|
|-heal|p2a: Jirachi|92/100 brn|[from] item: Leftovers
|-damage|p2a: Jirachi|80/100 brn|[from] brn
|upkeep
|turn|4
|
|t:|1735511011
|move|p2a: Jirachi|U-turn|p1a: Sableye
|-damage|p1a: Sableye|93/100
|
|t:|1735511014
|switch|p2a: Politoed|Politoed, F|100/100|[from] U-turn
|-weather|RainDance|[from] ability: Drizzle|[of] p2a: Politoed
|move|p1a: Sableye|Foul Play|p2a: Politoed
|-damage|p2a: Politoed|81/100
|-enditem|p2a: Politoed|Eject Button
|
|t:|1735511018
|switch|p2a: Starmie|Starmie|100/100
|
|-weather|RainDance|[upkeep]
|-heal|p1a: Sableye|99/100|[from] item: Leftovers
|upkeep
|turn|5
|
|t:|1735511021
|switch|p1a: Chansey|Chansey, F|100/100
|-damage|p1a: Chansey|88/100|[from] Stealth Rock
|move|p2a: Starmie|Surf|p1a: Chansey
|-damage|p1a: Chansey|57/100
|
|-weather|RainDance|[upkeep]
|upkeep
|turn|6
|
|t:|1735511026
|move|p2a: Starmie|Surf|p1a: Chansey
|-damage|p1a: Chansey|32/100
|move|p1a: Chansey|Soft-Boiled|p1a: Chansey
|-heal|p1a: Chansey|82/100
|
|-weather|RainDance|[upkeep]
|upkeep
|turn|7
|
|t:|1735511030
|switch|p2a: Breloom|Breloom, M|100/100 tox
|move|p1a: Chansey|Stealth Rock|p2a: Breloom
|-sidestart|p2: EG Jhonx|move: Stealth Rock
|
|-weather|RainDance|[upkeep]
|upkeep
|turn|8
|
|t:|1735511034
|switch|p2a: Starmie|Starmie|100/100
|-damage|p2a: Starmie|88/100|[from] Stealth Rock
|switch|p1a: Jirachi|Jirachi|100/100
|-damage|p1a: Jirachi|94/100|[from] Stealth Rock
|
|-weather|RainDance|[upkeep]
|-heal|p1a: Jirachi|100/100|[from] item: Leftovers
|upkeep
|turn|9
|
|t:|1735511037
|move|p1a: Jirachi|Protect|p1a: Jirachi
|-singleturn|p1a: Jirachi|Protect
|move|p2a: Starmie|Surf|p1a: Jirachi
|-activate|p1a: Jirachi|move: Protect
|
|-weather|RainDance|[upkeep]
|upkeep
|turn|10
|
|t:|1735511041
|switch|p1a: Tentacruel|Tentacruel, M|100/100
|-damage|p1a: Tentacruel|88/100|[from] Stealth Rock
|move|p2a: Starmie|Surf|p1a: Tentacruel
|-resisted|p1a: Tentacruel
|-damage|p1a: Tentacruel|43/100
|
|-weather|RainDance|[upkeep]
|-heal|p1a: Tentacruel|49/100|[from] ability: Rain Dish
|-heal|p1a: Tentacruel|55/100|[from] item: Black Sludge
|upkeep
|turn|11
|
|t:|1735511045
|move|p2a: Starmie|Surf|p1a: Tentacruel
|-resisted|p1a: Tentacruel
|-damage|p1a: Tentacruel|17/100
|move|p1a: Tentacruel|Rapid Spin|p2a: Starmie
|-damage|p2a: Starmie|84/100
|-sideend|p1: radaty|Stealth Rock|[from] move: Rapid Spin|[of] p1a: Tentacruel
|
|-weather|RainDance|[upkeep]
|-heal|p1a: Tentacruel|23/100|[from] ability: Rain Dish
|-heal|p1a: Tentacruel|29/100|[from] item: Black Sludge
|upkeep
|turn|12
|
|t:|1735511052
|move|p1a: Tentacruel|Protect|p1a: Tentacruel
|-singleturn|p1a: Tentacruel|Protect
|move|p2a: Starmie|Surf|p1a: Tentacruel
|-activate|p1a: Tentacruel|move: Protect
|
|-weather|RainDance|[upkeep]
|-heal|p1a: Tentacruel|35/100|[from] ability: Rain Dish
|-heal|p1a: Tentacruel|42/100|[from] item: Black Sludge
|upkeep
|turn|13
|
|t:|1735511057
|switch|p1a: Chansey|Chansey, F|82/100
|move|p2a: Starmie|Surf|p1a: Chansey
|-damage|p1a: Chansey|49/100
|
|-weather|RainDance|[upkeep]
|upkeep
|turn|14
|
|t:|1735511061
|switch|p2a: Breloom|Breloom, M|100/100 tox
|-damage|p2a: Breloom|94/100 tox|[from] Stealth Rock
|move|p1a: Chansey|Soft-Boiled|p1a: Chansey
|-heal|p1a: Chansey|99/100
|
|-weather|RainDance|[upkeep]
|-heal|p2a: Breloom|100/100 tox|[from] ability: Poison Heal
|upkeep
|turn|15
|
|t:|1735511065
|switch|p2a: Starmie|Starmie|84/100
|-damage|p2a: Starmie|72/100|[from] Stealth Rock
|switch|p1a: Xatu|Xatu, M|100/100
|
|-weather|RainDance|[upkeep]
|upkeep
|turn|16
|
|t:|1735511068
|switch|p1a: Chansey|Chansey, F|99/100
|move|p2a: Starmie|Surf|p1a: Chansey
|-damage|p1a: Chansey|67/100
|
|-weather|RainDance|[upkeep]
|upkeep
|turn|17
|
|t:|1735511071
|switch|p2a: Breloom|Breloom, M|100/100 tox
|-damage|p2a: Breloom|94/100 tox|[from] Stealth Rock
|move|p1a: Chansey|Soft-Boiled|p1a: Chansey
|-heal|p1a: Chansey|100/100
|
|-weather|RainDance|[upkeep]
|-heal|p2a: Breloom|100/100 tox|[from] ability: Poison Heal
|upkeep
|turn|18
|
|t:|1735511075
|switch|p2a: Jirachi|Jirachi|80/100 brn
|-damage|p2a: Jirachi|74/100 brn|[from] Stealth Rock
|switch|p1a: Xatu|Xatu, M|100/100
|
|-weather|RainDance|[upkeep]
|-heal|p2a: Jirachi|80/100 brn|[from] item: Leftovers
|-damage|p2a: Jirachi|67/100 brn|[from] brn
|upkeep
|turn|19
|
|t:|1735511078
|switch|p1a: Sableye|Sableye, F|99/100
|move|p2a: Jirachi|Body Slam|p1a: Sableye
|-immune|p1a: Sableye
|
|-weather|RainDance|[upkeep]
|-heal|p2a: Jirachi|74/100 brn|[from] item: Leftovers
|-heal|p1a: Sableye|100/100|[from] item: Leftovers
|-damage|p2a: Jirachi|61/100 brn|[from] brn
|upkeep
|turn|20
|
|t:|1735511081
|move|p1a: Sableye|Taunt|p2a: Jirachi
|-start|p2a: Jirachi|move: Taunt
|move|p2a: Jirachi|U-turn|p1a: Sableye
|-damage|p1a: Sableye|93/100
|
|t:|1735511091
|switch|p2a: Breloom|Breloom, M|100/100 tox|[from] U-turn
|-damage|p2a: Breloom|94/100 tox|[from] Stealth Rock
|
|-weather|RainDance|[upkeep]
|-heal|p1a: Sableye|99/100|[from] item: Leftovers
|-heal|p2a: Breloom|100/100 tox|[from] ability: Poison Heal
|upkeep
|turn|21
|
|t:|1735511093
|switch|p1a: Xatu|Xatu, M|100/100
|move|p2a: Breloom|Seed Bomb|p1a: Xatu
|-resisted|p1a: Xatu
|-damage|p1a: Xatu|86/100
|
|-weather|RainDance|[upkeep]
|-heal|p1a: Xatu|92/100|[from] item: Leftovers
|upkeep
|turn|22
|
|t:|1735511098
|move|p2a: Breloom|Bulk Up|p2a: Breloom
|-boost|p2a: Breloom|atk|1
|-boost|p2a: Breloom|def|1
|move|p1a: Xatu|Night Shade|p2a: Breloom
|-damage|p2a: Breloom|69/100 tox
|
|-weather|RainDance|[upkeep]
|-heal|p1a: Xatu|98/100|[from] item: Leftovers
|-heal|p2a: Breloom|82/100 tox|[from] ability: Poison Heal
|upkeep
|turn|23
|
|t:|1735511103
|move|p2a: Breloom|Bulk Up|p2a: Breloom
|-boost|p2a: Breloom|atk|1
|-boost|p2a: Breloom|def|1
|move|p1a: Xatu|Night Shade|p2a: Breloom
|-damage|p2a: Breloom|50/100 tox
|
|-weather|RainDance|[upkeep]
|-heal|p1a: Xatu|100/100|[from] item: Leftovers
|-heal|p2a: Breloom|63/100 tox|[from] ability: Poison Heal
|upkeep
|turn|24
|
|t:|1735511105
|move|p2a: Breloom|Protect|p2a: Breloom
|-singleturn|p2a: Breloom|Protect
|move|p1a: Xatu|Night Shade|p2a: Breloom
|-activate|p2a: Breloom|move: Protect
|
|-weather|RainDance|[upkeep]
|-heal|p2a: Breloom|75/100 tox|[from] ability: Poison Heal
|upkeep
|turn|25
|
|t:|1735511108
|move|p2a: Breloom|Drain Punch|p1a: Xatu
|-resisted|p1a: Xatu
|-damage|p1a: Xatu|86/100
|-heal|p2a: Breloom|83/100 tox|[from] drain|[of] p1a: Xatu
|move|p1a: Xatu|Night Shade|p2a: Breloom
|-damage|p2a: Breloom|52/100 tox
|
|-weather|RainDance|[upkeep]
|-heal|p1a: Xatu|92/100|[from] item: Leftovers
|-heal|p2a: Breloom|64/100 tox|[from] ability: Poison Heal
|upkeep
|turn|26
|
|t:|1735511113
|move|p2a: Breloom|Protect|p2a: Breloom
|-singleturn|p2a: Breloom|Protect
|move|p1a: Xatu|Night Shade|p2a: Breloom
|-activate|p2a: Breloom|move: Protect
|
|-weather|RainDance|[upkeep]
|-heal|p1a: Xatu|98/100|[from] item: Leftovers
|-heal|p2a: Breloom|77/100 tox|[from] ability: Poison Heal
|upkeep
|turn|27
|
|t:|1735511115
|move|p2a: Breloom|Bulk Up|p2a: Breloom
|-boost|p2a: Breloom|atk|1
|-boost|p2a: Breloom|def|1
|move|p1a: Xatu|U-turn|p2a: Breloom
|-damage|p2a: Breloom|70/100 tox
|
|t:|1735511121
|switch|p1a: Tentacruel|Tentacruel, M|42/100|[from] U-turn
|
|-weather|RainDance|[upkeep]
|-heal|p1a: Tentacruel|48/100|[from] ability: Rain Dish
|-heal|p1a: Tentacruel|54/100|[from] item: Black Sludge
|-heal|p2a: Breloom|83/100 tox|[from] ability: Poison Heal
|upkeep
|turn|28
|
|t:|1735511132
|move|p1a: Tentacruel|Protect|p1a: Tentacruel
|-singleturn|p1a: Tentacruel|Protect
|move|p2a: Breloom|Protect||[still]
|-fail|p2a: Breloom
|
|-weather|RainDance|[upkeep]
|-heal|p1a: Tentacruel|60/100|[from] ability: Rain Dish
|-heal|p1a: Tentacruel|67/100|[from] item: Black Sludge
|-heal|p2a: Breloom|95/100 tox|[from] ability: Poison Heal
|upkeep
|turn|29
|
|t:|1735511137
|switch|p1a: Xatu|Xatu, M|98/100
|move|p2a: Breloom|Seed Bomb|p1a: Xatu
|-resisted|p1a: Xatu
|-damage|p1a: Xatu|56/100
|
|-weather|RainDance|[upkeep]
|-heal|p1a: Xatu|62/100|[from] item: Leftovers
|-heal|p2a: Breloom|100/100 tox|[from] ability: Poison Heal
|upkeep
|turn|30
|
|t:|1735511147
|move|p2a: Breloom|Drain Punch|p1a: Xatu
|-resisted|p1a: Xatu
|-damage|p1a: Xatu|43/100
|move|p1a: Xatu|Roost|p1a: Xatu
|-heal|p1a: Xatu|93/100
|-singleturn|p1a: Xatu|move: Roost
|
|-weather|RainDance|[upkeep]
|-heal|p1a: Xatu|99/100|[from] item: Leftovers
|upkeep
|turn|31
|
|t:|1735511150
|move|p2a: Breloom|Bulk Up|p2a: Breloom
|-boost|p2a: Breloom|atk|1
|-boost|p2a: Breloom|def|1
|move|p1a: Xatu|Night Shade|p2a: Breloom
|-damage|p2a: Breloom|69/100 tox
|
|-weather|RainDance|[upkeep]
|-heal|p1a: Xatu|100/100|[from] item: Leftovers
|-heal|p2a: Breloom|82/100 tox|[from] ability: Poison Heal
|upkeep
|turn|32
|
|t:|1735511154
|move|p2a: Breloom|Seed Bomb|p1a: Xatu
|-resisted|p1a: Xatu
|-damage|p1a: Xatu|52/100
|move|p1a: Xatu|Night Shade|p2a: Breloom
|-damage|p2a: Breloom|50/100 tox
|
|-weather|RainDance|[upkeep]
|-heal|p1a: Xatu|58/100|[from] item: Leftovers
|-heal|p2a: Breloom|63/100 tox|[from] ability: Poison Heal
|upkeep
|turn|33
|
|t:|1735511157
|move|p2a: Breloom|Seed Bomb|p1a: Xatu
|-resisted|p1a: Xatu
|-damage|p1a: Xatu|7/100
|move|p1a: Xatu|Roost|p1a: Xatu
|-heal|p1a: Xatu|58/100
|-singleturn|p1a: Xatu|move: Roost
|
|-weather|RainDance|[upkeep]
|-heal|p1a: Xatu|64/100|[from] item: Leftovers
|-heal|p2a: Breloom|75/100 tox|[from] ability: Poison Heal
|upkeep
|turn|34
|
|t:|1735511160
|move|p2a: Breloom|Bulk Up|p2a: Breloom
|-boost|p2a: Breloom|atk|1
|-boost|p2a: Breloom|def|1
|move|p1a: Xatu|Roost|p1a: Xatu
|-heal|p1a: Xatu|100/100
|-singleturn|p1a: Xatu|move: Roost
|
|-weather|RainDance|[upkeep]
|-heal|p2a: Breloom|88/100 tox|[from] ability: Poison Heal
|upkeep
|turn|35
|
|t:|1735511163
|move|p2a: Breloom|Seed Bomb|p1a: Xatu
|-resisted|p1a: Xatu
|-damage|p1a: Xatu|46/100
|move|p1a: Xatu|Night Shade|p2a: Breloom
|-damage|p2a: Breloom|57/100 tox
|
|-weather|RainDance|[upkeep]
|-heal|p1a: Xatu|52/100|[from] item: Leftovers
|-heal|p2a: Breloom|69/100 tox|[from] ability: Poison Heal
|upkeep
|turn|36
|
|t:|1735511168
|move|p2a: Breloom|Seed Bomb|p1a: Xatu
|-resisted|p1a: Xatu
|-damage|p1a: Xatu|0 fnt
|faint|p1a: Xatu
|
|-weather|RainDance|[upkeep]
|-heal|p2a: Breloom|82/100 tox|[from] ability: Poison Heal
|upkeep
|
|t:|1735511169
|switch|p1a: Jirachi|Jirachi|100/100
|turn|37
|
|t:|1735511172
|move|p1a: Jirachi|Iron Head|p2a: Breloom
|-damage|p2a: Breloom|72/100 tox
|cant|p2a: Breloom|flinch
|
|-weather|RainDance|[upkeep]
|-heal|p2a: Breloom|85/100 tox|[from] ability: Poison Heal
|upkeep
|turn|38
|
|t:|1735511177
|switch|p1a: Sableye|Sableye, F|99/100
|move|p2a: Breloom|Protect||[still]
|-fail|p2a: Breloom
|
|-weather|RainDance|[upkeep]
|-heal|p1a: Sableye|100/100|[from] item: Leftovers
|-heal|p2a: Breloom|97/100 tox|[from] ability: Poison Heal
|upkeep
|turn|39
|
|t:|1735511182
|switch|p1a: Jirachi|Jirachi|100/100
|move|p2a: Breloom|Seed Bomb|p1a: Jirachi
|-resisted|p1a: Jirachi
|-damage|p1a: Jirachi|54/100
|
|-weather|RainDance|[upkeep]
|-heal|p1a: Jirachi|60/100|[from] item: Leftovers
|-heal|p2a: Breloom|100/100 tox|[from] ability: Poison Heal
|upkeep
|turn|40
|
|t:|1735511186
|move|p1a: Jirachi|Protect|p1a: Jirachi
|-singleturn|p1a: Jirachi|Protect
|move|p2a: Breloom|Drain Punch|p1a: Jirachi
|-activate|p1a: Jirachi|move: Protect
|
|-weather|RainDance|[upkeep]
|-heal|p1a: Jirachi|66/100|[from] item: Leftovers
|upkeep
|turn|41
|
|t:|1735511190
|move|p1a: Jirachi|Wish|p1a: Jirachi
|move|p2a: Breloom|Seed Bomb|p1a: Jirachi
|-resisted|p1a: Jirachi
|-damage|p1a: Jirachi|17/100
|
|-weather|RainDance|[upkeep]
|-heal|p1a: Jirachi|23/100|[from] item: Leftovers
|upkeep
|turn|42
|
|t:|1735511192
|move|p1a: Jirachi|Protect|p1a: Jirachi
|-singleturn|p1a: Jirachi|Protect
|move|p2a: Breloom|Bulk Up|p2a: Breloom
|-boost|p2a: Breloom|atk|1
|-boost|p2a: Breloom|def|1
|
|-weather|RainDance|[upkeep]
|-heal|p1a: Jirachi|73/100|[from] move: Wish|[wisher] Jirachi
|-heal|p1a: Jirachi|79/100|[from] item: Leftovers
|upkeep
|turn|43
|
|t:|1735511195
|switch|p1a: Sableye|Sableye, F|100/100
|move|p2a: Breloom|Drain Punch|p1a: Sableye
|-immune|p1a: Sableye
|
|-weather|RainDance|[upkeep]
|upkeep
|turn|44
|
|t:|1735511199
|move|p2a: Breloom|Seed Bomb|p1a: Sableye
|-damage|p1a: Sableye|0 fnt
|faint|p1a: Sableye
|
|-weather|RainDance|[upkeep]
|upkeep
|-message|radaty forfeited.
|
|win|EG Jhonx
|raw|radaty's rating: 1442 &rarr; <strong>1426</strong><br />(-16 for losing)
|raw|EG Jhonx's rating: 1517 &rarr; <strong>1533</strong><br />(+16 for winning)
|l|☆radaty
|player|p1|
|c|☆EG Jhonx|gg
