|j|☆xlyxoyxoy
|j|☆stonya
|t:|1709788889
|gametype|singles
|player|p1|xlyxoyxoy|steven|1322
|player|p2|stonya|170|1589
|teamsize|p1|6
|teamsize|p2|6
|gen|5
|tier|[Gen 5] OU
|rated|
|rule|Species Clause: Limit one of each Pokémon
|rule|OHKO Clause: OHKO moves are banned
|rule|Moody Clause: Moody is banned
|rule|Evasion Items Clause: Evasion items are banned
|rule|Evasion Moves Clause: Evasion moves are banned
|rule|Endless Battle Clause: Forcing endless battles is banned
|rule|HP Percentage Mod: HP is shown in percentages
|rule|Evasion Abilities Clause: Evasion abilities are banned
|rule|Sleep Moves Clause: Sleep-inducing moves are banned
|rule|Swagger Clause: Swagger is banned
|rule|Baton Pass Stat Clause: No Baton Passer may have a way to boost its stats
|clearpoke
|poke|p1|Politoed, F|item
|poke|p1|Tornadus, M|item
|poke|p1|Kyurem-Black|item
|poke|p1|Dragonite, M|item
|poke|p1|Excadrill, M|item
|poke|p1|Feraligatr, M|item
|poke|p2|Tyranitar, M|item
|poke|p2|Magnezone|item
|poke|p2|Terrakion|item
|poke|p2|Latios, M|item
|poke|p2|Scizor, M|item
|poke|p2|Landorus-Therian, M|item
|teampreview
|inactive|Battle timer is ON: inactive players will automatically lose when time's up. (requested by xlyxoyxoy)
|j| cyberacc
|inactive|stonya has 120 seconds left.
|inactive|stonya has 90 seconds left.
|inactive|stonya has 60 seconds left.
|
|t:|1709789033
|start
|switch|p1a: Dragonite|Dragonite, M|100/100
|switch|p2a: Bosh|Latios, M, shiny|100/100
|turn|1
|inactive|stonya has 120 seconds left.
|
|t:|1709789043
|switch|p2a: Pat Riely|Tyranitar, M|100/100
|-weather|Sandstorm|[from] ability: Sand Stream|[of] p2a: Pat Riely
|move|p1a: Dragonite|Outrage|p2a: Pat Riely
|-damage|p2a: Pat Riely|12/100
|
|-weather|Sandstorm|[upkeep]
|-damage|p1a: Dragonite|94/100|[from] Sandstorm
|-heal|p2a: Pat Riely|18/100|[from] item: Leftovers
|upkeep
|turn|2
|
|t:|1709789049
|switch|p2a: Miller|Scizor, M, shiny|100/100
|move|p1a: Dragonite|Outrage|p2a: Miller|[from]lockedmove
|-resisted|p2a: Miller
|-damage|p2a: Miller|52/100
|-start|p1a: Dragonite|confusion|[fatigue]
|
|-weather|Sandstorm|[upkeep]
|-damage|p1a: Dragonite|88/100|[from] Sandstorm
|upkeep
|turn|3
|
|t:|1709789053
|switch|p1a: Excadrill|Excadrill, M|100/100
|-ability|p1a: Excadrill|Mold Breaker
|move|p2a: Miller|Bullet Punch|p1a: Excadrill
|-resisted|p1a: Excadrill
|-damage|p1a: Excadrill|70/100
|
|-weather|Sandstorm|[upkeep]
|-heal|p1a: Excadrill|76/100|[from] item: Leftovers
|upkeep
|turn|4
|
|t:|1709789059
|switch|p2a: Bron Bron|Landorus-Therian, M|100/100
|-ability|p2a: Bron Bron|Intimidate|boost
|-unboost|p1a: Excadrill|atk|1
|move|p1a: Excadrill|Stealth Rock|p2a: Bron Bron
|-sidestart|p2: stonya|move: Stealth Rock
|
|-weather|Sandstorm|[upkeep]
|-heal|p1a: Excadrill|82/100|[from] item: Leftovers
|upkeep
|turn|5
|
|t:|1709789063
|switch|p1a: Kyurem|Kyurem-Black|100/100
|-ability|p1a: Kyurem|Teravolt
|move|p2a: Bron Bron|U-turn|p1a: Kyurem
|-damage|p1a: Kyurem|74/100
|
|t:|1709789070
|switch|p2a: D.Wade|Terrakion|100/100|[from] U-turn
|-damage|p2a: D.Wade|94/100|[from] Stealth Rock
|
|-weather|Sandstorm|[upkeep]
|-damage|p1a: Kyurem|68/100|[from] Sandstorm
|upkeep
|turn|6
|inactive|xlyxoyxoy has 120 seconds left.
|inactive|xlyxoyxoy has 90 seconds left.
|inactive|xlyxoyxoy has 60 seconds left.
|
|t:|1709789160
|move|p2a: D.Wade|Close Combat|p1a: Kyurem
|-supereffective|p1a: Kyurem
|-damage|p1a: Kyurem|0 fnt
|-unboost|p2a: D.Wade|def|1
|-unboost|p2a: D.Wade|spd|1
|faint|p1a: Kyurem
|
|-weather|Sandstorm|[upkeep]
|upkeep
|inactive|xlyxoyxoy has 60 seconds left.
|
|t:|1709789168
|switch|p1a: Dragonite|Dragonite, M|88/100
|turn|7
|
|t:|1709789177
|switch|p2a: Bron Bron|Landorus-Therian, M|100/100
|-damage|p2a: Bron Bron|88/100|[from] Stealth Rock
|-ability|p2a: Bron Bron|Intimidate|boost
|-unboost|p1a: Dragonite|atk|1
|move|p1a: Dragonite|Waterfall|p2a: Bron Bron
|-supereffective|p2a: Bron Bron
|-damage|p2a: Bron Bron|27/100
|
|-weather|Sandstorm|[upkeep]
|-damage|p1a: Dragonite|82/100|[from] Sandstorm
|upkeep
|turn|8
|inactive|xlyxoyxoy has 60 seconds left.
|
|t:|1709789193
|switch|p1a: Politoed|Politoed, F|100/100
|-weather|RainDance|[from] ability: Drizzle|[of] p1a: Politoed
|switch|p2a: Bosh|Latios, M, shiny|100/100
|-damage|p2a: Bosh|88/100|[from] Stealth Rock
|
|-weather|RainDance|[upkeep]
|upkeep
|turn|9
|
|t:|1709789199
|move|p1a: Politoed|Protect|p1a: Politoed
|-singleturn|p1a: Politoed|Protect
|move|p2a: Bosh|Energy Ball|p1a: Politoed
|-activate|p1a: Politoed|move: Protect
|
|-weather|RainDance|[upkeep]
|upkeep
|turn|10
|
|t:|1709789212
|move|p2a: Bosh|Psyshock|p1a: Politoed
|-damage|p1a: Politoed|68/100
|move|p1a: Politoed|Toxic|p2a: Bosh
|-status|p2a: Bosh|tox
|
|-weather|RainDance|[upkeep]
|-heal|p1a: Politoed|75/100|[from] item: Leftovers
|-damage|p2a: Bosh|82/100 tox|[from] psn
|upkeep
|turn|11
|
|t:|1709789216
|switch|p1a: Excadrill|Excadrill, M|82/100
|-ability|p1a: Excadrill|Mold Breaker
|move|p2a: Bosh|Psyshock|p1a: Excadrill
|-resisted|p1a: Excadrill
|-damage|p1a: Excadrill|53/100
|
|-weather|RainDance|[upkeep]
|-heal|p1a: Excadrill|59/100|[from] item: Leftovers
|-damage|p2a: Bosh|70/100 tox|[from] psn
|upkeep
|turn|12
|
|t:|1709789224
|switch|p1a: Dragonite|Dragonite, M|82/100
|move|p2a: Bosh|Energy Ball|p1a: Dragonite
|-resisted|p1a: Dragonite
|-damage|p1a: Dragonite|74/100
|
|-weather|RainDance|[upkeep]
|-damage|p2a: Bosh|52/100 tox|[from] psn
|upkeep
|turn|13
|
|t:|1709789232
|switch|p2a: Bron Bron|Landorus-Therian, M|27/100
|-damage|p2a: Bron Bron|15/100|[from] Stealth Rock
|-ability|p2a: Bron Bron|Intimidate|boost
|-unboost|p1a: Dragonite|atk|1
|move|p1a: Dragonite|Extreme Speed|p2a: Bron Bron
|-damage|p2a: Bron Bron|0 fnt
|faint|p2a: Bron Bron
|
|-weather|RainDance|[upkeep]
|upkeep
|
|t:|1709789235
|switch|p2a: D.Wade|Terrakion|94/100
|-damage|p2a: D.Wade|88/100|[from] Stealth Rock
|turn|14
|inactive|xlyxoyxoy has 90 seconds left.
|
|t:|1709789263
|switch|p1a: Tornadus|Tornadus, M|100/100
|move|p2a: D.Wade|Close Combat|p1a: Tornadus
|-resisted|p1a: Tornadus
|-damage|p1a: Tornadus|51/100
|-unboost|p2a: D.Wade|def|1
|-unboost|p2a: D.Wade|spd|1
|
|-weather|RainDance|[upkeep]
|upkeep
|turn|15
|inactive|xlyxoyxoy has 90 seconds left.
|
|t:|1709789284
|switch|p2a: Ray Allen|Magnezone|100/100
|-damage|p2a: Ray Allen|94/100|[from] Stealth Rock
|move|p1a: Tornadus|Tailwind|p1a: Tornadus
|-sidestart|p1: xlyxoyxoy|move: Tailwind
|
|-weather|RainDance|[upkeep]
|-heal|p2a: Ray Allen|100/100|[from] item: Leftovers
|upkeep
|turn|16
|
|t:|1709789292
|switch|p1a: Excadrill|Excadrill, M|59/100
|-ability|p1a: Excadrill|Mold Breaker
|move|p2a: Ray Allen|Substitute|p2a: Ray Allen
|-start|p2a: Ray Allen|Substitute
|-damage|p2a: Ray Allen|76/100
|
|-weather|RainDance|[upkeep]
|-heal|p1a: Excadrill|66/100|[from] item: Leftovers
|-heal|p2a: Ray Allen|82/100|[from] item: Leftovers
|upkeep
|turn|17
|
|t:|1709789298
|move|p1a: Excadrill|Earthquake|p2a: Ray Allen
|-supereffective|p2a: Ray Allen
|-end|p2a: Ray Allen|Substitute
|move|p2a: Ray Allen|Hidden Power|p1a: Excadrill
|-supereffective|p1a: Excadrill
|-damage|p1a: Excadrill|44/100
|
|-weather|RainDance|[upkeep]
|-heal|p1a: Excadrill|51/100|[from] item: Leftovers
|-heal|p2a: Ray Allen|88/100|[from] item: Leftovers
|upkeep
|turn|18
|
|t:|1709789304
|move|p1a: Excadrill|Earthquake|p2a: Ray Allen
|-supereffective|p2a: Ray Allen
|-damage|p2a: Ray Allen|0 fnt
|faint|p2a: Ray Allen
|
|-weather|RainDance|[upkeep]
|-heal|p1a: Excadrill|57/100|[from] item: Leftovers
|-sideend|p1: xlyxoyxoy|move: Tailwind
|upkeep
|
|t:|1709789306
|switch|p2a: D.Wade|Terrakion|88/100
|-damage|p2a: D.Wade|82/100|[from] Stealth Rock
|turn|19
|
|t:|1709789317
|move|p2a: D.Wade|Close Combat|p1a: Excadrill
|-supereffective|p1a: Excadrill
|-damage|p1a: Excadrill|0 fnt
|-unboost|p2a: D.Wade|def|1
|-unboost|p2a: D.Wade|spd|1
|faint|p1a: Excadrill
|
|-weather|RainDance|[upkeep]
|upkeep
|
|t:|1709789319
|switch|p1a: Feraligatr|Feraligatr, M|100/100
|turn|20
|
|t:|1709789334
|switch|p2a: Pat Riely|Tyranitar, M|18/100
|-damage|p2a: Pat Riely|5/100|[from] Stealth Rock
|-weather|Sandstorm|[from] ability: Sand Stream|[of] p2a: Pat Riely
|move|p1a: Feraligatr|Swords Dance|p1a: Feraligatr
|-boost|p1a: Feraligatr|atk|2
|
|-weather|Sandstorm|[upkeep]
|-damage|p1a: Feraligatr|94/100|[from] Sandstorm
|-heal|p2a: Pat Riely|12/100|[from] item: Leftovers
|upkeep
|turn|21
|
|t:|1709789345
|switch|p2a: Bosh|Latios, M, shiny|52/100 tox
|-damage|p2a: Bosh|40/100 tox|[from] Stealth Rock
|move|p1a: Feraligatr|Aqua Jet|p2a: Bosh
|-resisted|p2a: Bosh
|-damage|p2a: Bosh|9/100 tox
|
|-weather|Sandstorm|[upkeep]
|-damage|p2a: Bosh|3/100 tox|[from] Sandstorm
|-damage|p1a: Feraligatr|88/100|[from] Sandstorm
|-damage|p2a: Bosh|0 fnt|[from] psn
|faint|p2a: Bosh
|upkeep
|
|t:|1709789348
|switch|p2a: Miller|Scizor, M, shiny|52/100
|-damage|p2a: Miller|39/100|[from] Stealth Rock
|turn|22
|
|t:|1709789354
|move|p1a: Feraligatr|Aqua Jet|p2a: Miller
|-damage|p2a: Miller|0 fnt
|faint|p2a: Miller
|
|-weather|Sandstorm|[upkeep]
|-damage|p1a: Feraligatr|82/100|[from] Sandstorm
|upkeep
|j| TheEyesOfIbad
|-message|stonya forfeited.
|
|win|xlyxoyxoy
|raw|xlyxoyxoy's rating: 1322 &rarr; <strong>1355</strong><br />(+33 for winning)
|raw|stonya's rating: 1589 &rarr; <strong>1556</strong><br />(-33 for losing)
|l|☆stonya
|player|p2|
|l| TheEyesOfIbad
|l|☆xlyxoyxoy
|player|p1|
|j|☆xlyxoyxoy
|player|p1|xlyxoyxoy|steven
|l|☆xlyxoyxoy
|player|p1|
