|j|☆onlyusemebladee
|j|☆257m
|t:|1726090891
|gametype|singles
|player|p1|onlyusemebladee|erika-gen2|1467
|player|p2|257m|juggler|1358
|teamsize|p1|6
|teamsize|p2|6
|gen|5
|tier|[Gen 5] OU
|rated|
|rule|Species Clause: Limit one of each Pokémon
|rule|OHKO Clause: OHKO moves are banned
|rule|Moody Clause: Moody is banned
|rule|Evasion Items Clause: Evasion items are banned
|rule|Evasion Moves Clause: Evasion moves are banned
|rule|Endless Battle Clause: Forcing endless battles is banned
|rule|HP Percentage Mod: HP is shown in percentages
|rule|Evasion Abilities Clause: Evasion abilities are banned
|rule|Sleep Moves Clause: Sleep-inducing moves are banned
|rule|Swagger Clause: Swagger is banned
|rule|Baton Pass Stat Clause: No Baton Passer may have a way to boost its stats
|clearpoke
|poke|p1|Tyranitar, F|item
|poke|p1|Breloom, F|item
|poke|p1|Latios, M|item
|poke|p1|Landorus-Therian, M|item
|poke|p1|Excadrill, M|item
|poke|p1|Rotom-Wash|item
|poke|p2|Latios, M|item
|poke|p2|Tyranitar, M|item
|poke|p2|Excadrill, M|item
|poke|p2|Ferrothorn, M|item
|poke|p2|Reuniclus, F|item
|poke|p2|Keldeo|item
|teampreview
|inactive|Battle timer is ON: inactive players will automatically lose when time's up. (requested by onlyusemebladee)
|inactive|257m also wants the timer to be on.
|inactive|onlyusemebladee has 120 seconds left.
|
|t:|1726090928
|start
|switch|p1a: Breloom|Breloom, F|100/100
|switch|p2a: Latios|Latios, M|100/100
|turn|1
|
|t:|1726090951
|move|p1a: Breloom|Protect|p1a: Breloom
|-singleturn|p1a: Breloom|Protect
|move|p2a: Latios|Dragon Pulse|p1a: Breloom
|-activate|p1a: Breloom|move: Protect
|
|-status|p1a: Breloom|tox|[from] item: Toxic Orb
|upkeep
|turn|2
|
|t:|1726090958
|switch|p2a: Excadrill|Excadrill, M|100/100
|switch|p1a: Tyranitar|Tyranitar, F|100/100
|-weather|Sandstorm|[from] ability: Sand Stream|[of] p1a: Tyranitar
|
|-weather|Sandstorm|[upkeep]
|upkeep
|turn|3
|inactive|257m has 120 seconds left.
|
|t:|1726090993
|switch|p1a: Rotom|Rotom-Wash|100/100
|move|p2a: Excadrill|Iron Head|p1a: Rotom
|-resisted|p1a: Rotom
|-damage|p1a: Rotom|86/100
|
|-weather|Sandstorm|[upkeep]
|-damage|p1a: Rotom|80/100|[from] Sandstorm
|-heal|p1a: Rotom|86/100|[from] item: Leftovers
|upkeep
|turn|4
|inactive|257m has 120 seconds left.
|
|t:|1726091023
|switch|p2a: Ferrothorn|Ferrothorn, M|100/100
|move|p1a: Rotom|Volt Switch|p2a: Ferrothorn
|-resisted|p2a: Ferrothorn
|-damage|p2a: Ferrothorn|92/100
|
|t:|1726091028
|switch|p1a: Breloom|Breloom, F|100/100 tox|[from] Volt Switch
|
|-weather|Sandstorm|[upkeep]
|-damage|p1a: Breloom|94/100 tox|[from] Sandstorm
|-heal|p2a: Ferrothorn|98/100|[from] item: Leftovers
|-heal|p1a: Breloom|100/100 tox|[from] ability: Poison Heal
|upkeep
|turn|5
|
|t:|1726091035
|move|p1a: Breloom|Drain Punch|p2a: Ferrothorn
|-supereffective|p2a: Ferrothorn
|-damage|p2a: Ferrothorn|53/100
|-damage|p1a: Breloom|88/100 tox|[from] ability: Iron Barbs|[of] p2a: Ferrothorn
|move|p2a: Ferrothorn|Stealth Rock|p1a: Breloom
|-sidestart|p1: onlyusemebladee|move: Stealth Rock
|
|-weather|Sandstorm|[upkeep]
|-damage|p1a: Breloom|82/100 tox|[from] Sandstorm
|-heal|p2a: Ferrothorn|59/100|[from] item: Leftovers
|-heal|p1a: Breloom|94/100 tox|[from] ability: Poison Heal
|upkeep
|turn|6
|
|t:|1726091043
|move|p1a: Breloom|Swords Dance|p1a: Breloom
|-boost|p1a: Breloom|atk|2
|move|p2a: Ferrothorn|Spikes|p1a: Breloom
|-sidestart|p1: onlyusemebladee|Spikes
|
|-weather|Sandstorm|[upkeep]
|-damage|p1a: Breloom|88/100 tox|[from] Sandstorm
|-heal|p2a: Ferrothorn|66/100|[from] item: Leftovers
|-heal|p1a: Breloom|100/100 tox|[from] ability: Poison Heal
|upkeep
|turn|7
|
|t:|1726091046
|move|p1a: Breloom|Drain Punch|p2a: Ferrothorn
|-supereffective|p2a: Ferrothorn
|-damage|p2a: Ferrothorn|0 fnt
|-damage|p1a: Breloom|88/100 tox|[from] ability: Iron Barbs|[of] p2a: Ferrothorn
|faint|p2a: Ferrothorn
|
|-weather|Sandstorm|[upkeep]
|-damage|p1a: Breloom|82/100 tox|[from] Sandstorm
|-heal|p1a: Breloom|94/100 tox|[from] ability: Poison Heal
|upkeep
|inactive|257m has 120 seconds left.
|
|t:|1726091059
|switch|p2a: Latios|Latios, M|100/100
|turn|8
|
|t:|1726091063
|move|p1a: Breloom|Protect|p1a: Breloom
|-singleturn|p1a: Breloom|Protect
|move|p2a: Latios|Dragon Pulse|p1a: Breloom
|-activate|p1a: Breloom|move: Protect
|
|-weather|Sandstorm|[upkeep]
|-damage|p2a: Latios|95/100|[from] Sandstorm
|-damage|p1a: Breloom|88/100 tox|[from] Sandstorm
|-heal|p1a: Breloom|100/100 tox|[from] ability: Poison Heal
|upkeep
|turn|9
|
|t:|1726091070
|move|p2a: Latios|Dragon Pulse|p1a: Breloom
|-damage|p1a: Breloom|22/100 tox
|move|p1a: Breloom|Seed Bomb|p2a: Latios
|-resisted|p2a: Latios
|-crit|p2a: Latios
|-damage|p2a: Latios|0 fnt
|faint|p2a: Latios
|
|-weather|Sandstorm|[upkeep]
|-damage|p1a: Breloom|16/100 tox|[from] Sandstorm
|-heal|p1a: Breloom|29/100 tox|[from] ability: Poison Heal
|upkeep
|
|t:|1726091076
|switch|p2a: Keldeo|Keldeo|100/100
|turn|10
|
|t:|1726091083
|move|p1a: Breloom|Protect|p1a: Breloom
|-singleturn|p1a: Breloom|Protect
|move|p2a: Keldeo|Secret Sword|p1a: Breloom
|-activate|p1a: Breloom|move: Protect
|
|-weather|Sandstorm|[upkeep]
|-damage|p2a: Keldeo|94/100|[from] Sandstorm
|-damage|p1a: Breloom|22/100 tox|[from] Sandstorm
|-heal|p2a: Keldeo|100/100|[from] item: Leftovers
|-heal|p1a: Breloom|35/100 tox|[from] ability: Poison Heal
|upkeep
|turn|11
|
|t:|1726091092
|switch|p1a: Latios|Latios, M|100/100
|-damage|p1a: Latios|88/100|[from] Stealth Rock
|move|p2a: Keldeo|Secret Sword|p1a: Latios
|-resisted|p1a: Latios
|-damage|p1a: Latios|55/100
|
|-weather|Sandstorm|[upkeep]
|-damage|p1a: Latios|49/100|[from] Sandstorm
|-damage|p2a: Keldeo|94/100|[from] Sandstorm
|-heal|p2a: Keldeo|100/100|[from] item: Leftovers
|upkeep
|turn|12
|
|t:|1726091104
|switch|p2a: Tyranitar|Tyranitar, M|100/100
|move|p1a: Latios|Draco Meteor|p2a: Tyranitar
|-damage|p2a: Tyranitar|67/100
|-unboost|p1a: Latios|spa|2
|
|-weather|Sandstorm|[upkeep]
|-damage|p1a: Latios|43/100|[from] Sandstorm
|upkeep
|turn|13
|
|t:|1726091113
|move|p1a: Latios|Draco Meteor|p2a: Tyranitar
|-damage|p2a: Tyranitar|50/100
|-unboost|p1a: Latios|spa|2
|move|p2a: Tyranitar|Crunch|p1a: Latios
|-supereffective|p1a: Latios
|-damage|p1a: Latios|0 fnt
|faint|p1a: Latios
|
|-weather|Sandstorm|[upkeep]
|upkeep
|
|t:|1726091116
|switch|p1a: Excadrill|Excadrill, M|100/100
|-damage|p1a: Excadrill|97/100|[from] Stealth Rock
|-damage|p1a: Excadrill|85/100|[from] Spikes
|turn|14
|
|t:|1726091122
|move|p1a: Excadrill|Rapid Spin|p2a: Tyranitar
|-resisted|p2a: Tyranitar
|-crit|p2a: Tyranitar
|-damage|p2a: Tyranitar|43/100
|-sideend|p1: onlyusemebladee|Spikes|[from] move: Rapid Spin|[of] p1a: Excadrill
|-sideend|p1: onlyusemebladee|Stealth Rock|[from] move: Rapid Spin|[of] p1a: Excadrill
|move|p2a: Tyranitar|Superpower|p1a: Excadrill
|-supereffective|p1a: Excadrill
|-crit|p1a: Excadrill
|-damage|p1a: Excadrill|0 fnt
|-unboost|p2a: Tyranitar|atk|1
|-unboost|p2a: Tyranitar|def|1
|faint|p1a: Excadrill
|
|-weather|Sandstorm|[upkeep]
|upkeep
|
|t:|1726091134
|switch|p1a: Landorus|Landorus-Therian, M|100/100
|-ability|p1a: Landorus|Intimidate|boost
|-unboost|p2a: Tyranitar|atk|1
|turn|15
|
|t:|1726091147
|switch|p2a: Reuniclus|Reuniclus, F|100/100
|move|p1a: Landorus|Earthquake|p2a: Reuniclus
|-damage|p2a: Reuniclus|69/100
|
|-weather|Sandstorm|[upkeep]
|-heal|p2a: Reuniclus|75/100|[from] item: Leftovers
|upkeep
|turn|16
|
|t:|1726091157
|move|p1a: Landorus|U-turn|p2a: Reuniclus
|-supereffective|p2a: Reuniclus
|-damage|p2a: Reuniclus|42/100
|
|t:|1726091160
|switch|p1a: Tyranitar|Tyranitar, F|100/100|[from] U-turn
|move|p2a: Reuniclus|Recover|p2a: Reuniclus
|-heal|p2a: Reuniclus|92/100
|
|-weather|Sandstorm|[upkeep]
|-heal|p2a: Reuniclus|98/100|[from] item: Leftovers
|upkeep
|turn|17
|
|t:|1726091178
|switch|p2a: Excadrill|Excadrill, M|100/100
|move|p1a: Tyranitar|Crunch|p2a: Excadrill
|-resisted|p2a: Excadrill
|-damage|p2a: Excadrill|72/100
|-unboost|p2a: Excadrill|def|1
|
|-weather|Sandstorm|[upkeep]
|-heal|p2a: Excadrill|78/100|[from] item: Leftovers
|upkeep
|turn|18
|
|t:|1726091184
|switch|p1a: Landorus|Landorus-Therian, M|100/100
|-ability|p1a: Landorus|Intimidate|boost
|-unboost|p2a: Excadrill|atk|1
|move|p2a: Excadrill|Iron Head|p1a: Landorus
|-damage|p1a: Landorus|62/100
|
|-weather|Sandstorm|[upkeep]
|-heal|p1a: Landorus|68/100|[from] item: Leftovers
|-heal|p2a: Excadrill|84/100|[from] item: Leftovers
|upkeep
|turn|19
|
|t:|1726091192
|move|p2a: Excadrill|Protect|p2a: Excadrill
|-singleturn|p2a: Excadrill|Protect
|move|p1a: Landorus|Earthquake|p2a: Excadrill
|-activate|p2a: Excadrill|move: Protect
|
|-weather|Sandstorm|[upkeep]
|-heal|p1a: Landorus|74/100|[from] item: Leftovers
|-heal|p2a: Excadrill|90/100|[from] item: Leftovers
|upkeep
|turn|20
|
|t:|1726091197
|switch|p2a: Reuniclus|Reuniclus, F|98/100
|move|p1a: Landorus|U-turn|p2a: Reuniclus
|-supereffective|p2a: Reuniclus
|-damage|p2a: Reuniclus|68/100
|
|t:|1726091200
|switch|p1a: Breloom|Breloom, F|35/100 tox|[from] U-turn
|
|-weather|Sandstorm|[upkeep]
|-damage|p1a: Breloom|29/100 tox|[from] Sandstorm
|-heal|p2a: Reuniclus|74/100|[from] item: Leftovers
|-heal|p1a: Breloom|41/100 tox|[from] ability: Poison Heal
|upkeep
|turn|21
|
|t:|1726091209
|switch|p1a: Tyranitar|Tyranitar, F|100/100
|move|p2a: Reuniclus|Psychic|p1a: Tyranitar
|-immune|p1a: Tyranitar
|
|-weather|Sandstorm|[upkeep]
|-heal|p2a: Reuniclus|80/100|[from] item: Leftovers
|upkeep
|turn|22
|
|t:|1726091219
|move|p1a: Tyranitar|Crunch|p2a: Reuniclus
|-supereffective|p2a: Reuniclus
|-damage|p2a: Reuniclus|22/100
|-unboost|p2a: Reuniclus|def|1
|move|p2a: Reuniclus|Focus Blast|p1a: Tyranitar
|-supereffective|p1a: Tyranitar
|-enditem|p1a: Tyranitar|Chople Berry|[eat]
|-enditem|p1a: Tyranitar|Chople Berry|[weaken]
|-damage|p1a: Tyranitar|69/100
|
|-weather|Sandstorm|[upkeep]
|-heal|p2a: Reuniclus|28/100|[from] item: Leftovers
|upkeep
|turn|23
|
|t:|1726091227
|move|p1a: Tyranitar|Pursuit|p2a: Reuniclus
|-supereffective|p2a: Reuniclus
|-damage|p2a: Reuniclus|0 fnt
|faint|p2a: Reuniclus
|
|-weather|Sandstorm|[upkeep]
|upkeep
|
|t:|1726091233
|switch|p2a: Keldeo|Keldeo|100/100
|turn|24
|
|t:|1726091237
|move|p2a: Keldeo|Secret Sword|p1a: Tyranitar
|-supereffective|p1a: Tyranitar
|-damage|p1a: Tyranitar|0 fnt
|faint|p1a: Tyranitar
|
|-weather|Sandstorm|[upkeep]
|-damage|p2a: Keldeo|94/100|[from] Sandstorm
|-heal|p2a: Keldeo|100/100|[from] item: Leftovers
|upkeep
|
|t:|1726091242
|switch|p1a: Rotom|Rotom-Wash|86/100
|turn|25
|
|t:|1726091246
|switch|p2a: Tyranitar|Tyranitar, M|43/100
|move|p1a: Rotom|Volt Switch|p2a: Tyranitar
|-damage|p2a: Tyranitar|31/100
|
|t:|1726091252
|switch|p1a: Landorus|Landorus-Therian, M|74/100|[from] Volt Switch
|-ability|p1a: Landorus|Intimidate|boost
|-unboost|p2a: Tyranitar|atk|1
|
|-weather|Sandstorm|[upkeep]
|-heal|p1a: Landorus|80/100|[from] item: Leftovers
|upkeep
|turn|26
|
|t:|1726091259
|move|p1a: Landorus|Earthquake|p2a: Tyranitar
|-supereffective|p2a: Tyranitar
|-damage|p2a: Tyranitar|0 fnt
|faint|p2a: Tyranitar
|
|-weather|Sandstorm|[upkeep]
|-heal|p1a: Landorus|86/100|[from] item: Leftovers
|upkeep
|
|t:|1726091262
|switch|p2a: Keldeo|Keldeo|100/100
|turn|27
|
|t:|1726091267
|switch|p1a: Rotom|Rotom-Wash|86/100
|move|p2a: Keldeo|Hydro Pump|p1a: Rotom
|-resisted|p1a: Rotom
|-damage|p1a: Rotom|64/100
|
|-weather|Sandstorm|[upkeep]
|-damage|p2a: Keldeo|94/100|[from] Sandstorm
|-damage|p1a: Rotom|58/100|[from] Sandstorm
|-heal|p2a: Keldeo|100/100|[from] item: Leftovers
|-heal|p1a: Rotom|64/100|[from] item: Leftovers
|upkeep
|turn|28
|
|t:|1726091274
|move|p2a: Keldeo|Secret Sword|p1a: Rotom
|-crit|p1a: Rotom
|-damage|p1a: Rotom|0 fnt
|faint|p1a: Rotom
|
|-weather|Sandstorm|[upkeep]
|-damage|p2a: Keldeo|94/100|[from] Sandstorm
|-heal|p2a: Keldeo|100/100|[from] item: Leftovers
|upkeep
|
|t:|1726091278
|switch|p1a: Breloom|Breloom, F|41/100 tox
|turn|29
|
|t:|1726091282
|move|p1a: Breloom|Protect|p1a: Breloom
|-singleturn|p1a: Breloom|Protect
|move|p2a: Keldeo|Secret Sword|p1a: Breloom
|-activate|p1a: Breloom|move: Protect
|
|-weather|Sandstorm|[upkeep]
|-damage|p2a: Keldeo|94/100|[from] Sandstorm
|-damage|p1a: Breloom|35/100 tox|[from] Sandstorm
|-heal|p2a: Keldeo|100/100|[from] item: Leftovers
|-heal|p1a: Breloom|47/100 tox|[from] ability: Poison Heal
|upkeep
|turn|30
|
|t:|1726091285
|move|p2a: Keldeo|Secret Sword|p1a: Breloom
|-damage|p1a: Breloom|0 fnt
|faint|p1a: Breloom
|
|-weather|Sandstorm|[upkeep]
|-damage|p2a: Keldeo|94/100|[from] Sandstorm
|-heal|p2a: Keldeo|100/100|[from] item: Leftovers
|upkeep
|-message|onlyusemebladee forfeited.
|
|win|257m
|raw|onlyusemebladee's rating: 1467 &rarr; <strong>1441</strong><br />(-26 for losing)
|raw|257m's rating: 1358 &rarr; <strong>1384</strong><br />(+26 for winning)
|c|☆257m|gg
|l|☆onlyusemebladee
|player|p1|
