|j|☆SattleBimulator
|j|☆HydreigonSpammer
|t:|1734889874
|gametype|singles
|player|p1|SattleBimulator|2|1367
|player|p2|HydreigonSpammer|janitor|1419
|teamsize|p1|6
|teamsize|p2|6
|gen|5
|tier|[Gen 5] OU
|rated|
|rule|Species Clause: Limit one of each Pokémon
|rule|OHKO Clause: OHKO moves are banned
|rule|Moody Clause: Moody is banned
|rule|Evasion Items Clause: Evasion items are banned
|rule|Evasion Moves Clause: Evasion moves are banned
|rule|Endless Battle Clause: Forcing endless battles is banned
|rule|HP Percentage Mod: HP is shown in percentages
|rule|Evasion Abilities Clause: Evasion abilities are banned
|rule|Sleep Moves Clause: Sleep-inducing moves are banned
|rule|Swagger Clause: Swagger is banned
|rule|Baton Pass Stat Clause: No Baton Passer may have a way to boost its stats
|clearpoke
|poke|p1|Scizor, F|item
|poke|p1|Breloom, F|item
|poke|p1|Alakazam, F|item
|poke|p1|Latios, M|item
|poke|p1|Starmie|item
|poke|p1|Tyranitar, M|item
|poke|p2|Bisharp, F|item
|poke|p2|Keldeo|item
|poke|p2|Garchomp, F|item
|poke|p2|Starmie|item
|poke|p2|Dragonite, M|item
|poke|p2|Thundurus-Therian, M|item
|teampreview
|
|t:|1734889891
|start
|switch|p1a: Tyranitar|Tyranitar, M|100/100
|switch|p2a: Garchomp|Garchomp, F|100/100
|-weather|Sandstorm|[from] ability: Sand Stream|[of] p1a: Tyranitar
|turn|1
|
|t:|1734889898
|move|p2a: Garchomp|Earthquake|p1a: Tyranitar
|-supereffective|p1a: Tyranitar
|-damage|p1a: Tyranitar|15/100
|move|p1a: Tyranitar|Stealth Rock|p2a: Garchomp
|-sidestart|p2: HydreigonSpammer|move: Stealth Rock
|
|-weather|Sandstorm|[upkeep]
|upkeep
|turn|2
|
|t:|1734889906
|move|p2a: Garchomp|Stealth Rock|p1a: Tyranitar
|-sidestart|p1: SattleBimulator|move: Stealth Rock
|move|p1a: Tyranitar|Ice Beam|p2a: Garchomp
|-supereffective|p2a: Garchomp
|-damage|p2a: Garchomp|8/100
|
|-weather|Sandstorm|[upkeep]
|upkeep
|turn|3
|
|t:|1734889916
|move|p2a: Garchomp|Outrage|p1a: Tyranitar
|-damage|p1a: Tyranitar|0 fnt
|faint|p1a: Tyranitar
|
|-weather|Sandstorm|[upkeep]
|upkeep
|
|t:|1734889925
|switch|p1a: Scizor|Scizor, F|100/100
|-damage|p1a: Scizor|88/100|[from] Stealth Rock
|turn|4
|
|t:|1734889928
|move|p2a: Garchomp|Outrage|p1a: Scizor|[from]lockedmove
|-resisted|p1a: Scizor
|-damage|p1a: Scizor|55/100
|-start|p2a: Garchomp|confusion|[fatigue]
|move|p1a: Scizor|Swords Dance|p1a: Scizor
|-boost|p1a: Scizor|atk|2
|
|-weather|Sandstorm|[upkeep]
|upkeep
|turn|5
|
|t:|1734889934
|move|p1a: Scizor|Bullet Punch|p2a: Garchomp
|-damage|p2a: Garchomp|0 fnt
|-damage|p1a: Scizor|43/100|[from] ability: Rough Skin|[of] p2a: Garchomp
|faint|p2a: Garchomp
|-damage|p1a: Scizor|33/100|[from] item: Life Orb
|
|-weather|Sandstorm|[upkeep]
|upkeep
|
|t:|1734889965
|switch|p2a: Keldeo|Keldeo|100/100
|-damage|p2a: Keldeo|94/100|[from] Stealth Rock
|turn|6
|
|t:|1734889979
|move|p1a: Scizor|Bullet Punch|p2a: Keldeo
|-resisted|p2a: Keldeo
|-damage|p2a: Keldeo|42/100
|-damage|p1a: Scizor|23/100|[from] item: Life Orb
|move|p2a: Keldeo|Secret Sword|p1a: Scizor
|-damage|p1a: Scizor|0 fnt
|faint|p1a: Scizor
|
|-weather|Sandstorm|[upkeep]
|-damage|p2a: Keldeo|36/100|[from] Sandstorm
|upkeep
|
|t:|1734889989
|switch|p1a: Starmie|Starmie|100/100
|-damage|p1a: Starmie|88/100|[from] Stealth Rock
|-item|p1a: Starmie|Air Balloon
|turn|7
|
|t:|1734890003
|move|p2a: Keldeo|Secret Sword|p1a: Starmie
|-resisted|p1a: Starmie
|-damage|p1a: Starmie|53/100
|-enditem|p1a: Starmie|Air Balloon
|move|p1a: Starmie|Rapid Spin|p2a: Keldeo
|-damage|p2a: Keldeo|31/100
|-sideend|p1: SattleBimulator|Stealth Rock|[from] move: Rapid Spin|[of] p1a: Starmie
|
|-weather|Sandstorm|[upkeep]
|-damage|p2a: Keldeo|25/100|[from] Sandstorm
|-damage|p1a: Starmie|47/100|[from] Sandstorm
|upkeep
|turn|8
|
|t:|1734890012
|move|p2a: Keldeo|Secret Sword|p1a: Starmie
|-resisted|p1a: Starmie
|-damage|p1a: Starmie|16/100
|move|p1a: Starmie|Thunderbolt|p2a: Keldeo
|-supereffective|p2a: Keldeo
|-damage|p2a: Keldeo|0 fnt
|faint|p2a: Keldeo
|
|-weather|Sandstorm|[upkeep]
|-damage|p1a: Starmie|10/100|[from] Sandstorm
|upkeep
|
|t:|1734890028
|switch|p2a: Bisharp|Bisharp, F|100/100
|-damage|p2a: Bisharp|94/100|[from] Stealth Rock
|turn|9
|
|t:|1734890034
|switch|p1a: Breloom|Breloom, F|100/100
|move|p2a: Bisharp|Sucker Punch||[still]
|-fail|p2a: Bisharp
|
|-weather|Sandstorm|[upkeep]
|-damage|p1a: Breloom|94/100|[from] Sandstorm
|-heal|p1a: Breloom|100/100|[from] item: Leftovers
|upkeep
|turn|10
|
|t:|1734890049
|switch|p2a: Thundurus|Thundurus-Therian, M|100/100
|-damage|p2a: Thundurus|76/100|[from] Stealth Rock
|move|p1a: Breloom|Substitute|p1a: Breloom
|-start|p1a: Breloom|Substitute
|-damage|p1a: Breloom|76/100
|
|-weather|Sandstorm|[upkeep]
|-damage|p2a: Thundurus|70/100|[from] Sandstorm
|-damage|p1a: Breloom|70/100|[from] Sandstorm
|-heal|p1a: Breloom|76/100|[from] item: Leftovers
|upkeep
|turn|11
|
|t:|1734890053
|move|p2a: Thundurus|Thunderbolt|p1a: Breloom
|-resisted|p1a: Breloom
|-end|p1a: Breloom|Substitute
|-damage|p2a: Thundurus|60/100|[from] item: Life Orb
|move|p1a: Breloom|Swords Dance|p1a: Breloom
|-boost|p1a: Breloom|atk|2
|
|-weather|Sandstorm|[upkeep]
|-damage|p2a: Thundurus|54/100|[from] Sandstorm
|-damage|p1a: Breloom|70/100|[from] Sandstorm
|-heal|p1a: Breloom|76/100|[from] item: Leftovers
|upkeep
|turn|12
|
|t:|1734890059
|move|p1a: Breloom|Mach Punch|p2a: Thundurus
|-resisted|p2a: Thundurus
|-damage|p2a: Thundurus|0 fnt
|faint|p2a: Thundurus
|
|-weather|Sandstorm|[upkeep]
|-damage|p1a: Breloom|70/100|[from] Sandstorm
|-heal|p1a: Breloom|76/100|[from] item: Leftovers
|upkeep
|
|t:|1734890066
|switch|p2a: Starmie|Starmie|100/100
|-damage|p2a: Starmie|88/100|[from] Stealth Rock
|-item|p2a: Starmie|Air Balloon
|turn|13
|
|t:|1734890073
|move|p1a: Breloom|Mach Punch|p2a: Starmie
|-resisted|p2a: Starmie
|-damage|p2a: Starmie|41/100
|-enditem|p2a: Starmie|Air Balloon
|move|p2a: Starmie|Psychic|p1a: Breloom
|-supereffective|p1a: Breloom
|-damage|p1a: Breloom|0 fnt
|faint|p1a: Breloom
|
|-weather|Sandstorm|[upkeep]
|-damage|p2a: Starmie|35/100|[from] Sandstorm
|upkeep
|
|t:|1734890081
|switch|p1a: Alakazam|Alakazam, F|100/100
|turn|14
|
|t:|1734890091
|move|p1a: Alakazam|Shadow Ball|p2a: Starmie
|-supereffective|p2a: Starmie
|-damage|p2a: Starmie|0 fnt
|faint|p2a: Starmie
|
|-weather|Sandstorm|[upkeep]
|upkeep
|
|t:|1734890096
|switch|p2a: Dragonite|Dragonite, M|100/100
|-damage|p2a: Dragonite|75/100|[from] Stealth Rock
|turn|15
|
|t:|1734890101
|move|p2a: Dragonite|Extreme Speed|p1a: Alakazam
|-damage|p1a: Alakazam|17/100
|move|p1a: Alakazam|Psyshock|p2a: Dragonite
|-damage|p2a: Dragonite|25/100
|
|-weather|Sandstorm|[upkeep]
|-damage|p2a: Dragonite|19/100|[from] Sandstorm
|upkeep
|turn|16
|
|t:|1734890107
|move|p2a: Dragonite|Extreme Speed|p1a: Alakazam
|-crit|p1a: Alakazam
|-damage|p1a: Alakazam|0 fnt
|faint|p1a: Alakazam
|
|-weather|Sandstorm|[upkeep]
|-damage|p2a: Dragonite|13/100|[from] Sandstorm
|upkeep
|
|t:|1734890109
|switch|p1a: Latios|Latios, M|100/100
|turn|17
|
|t:|1734890115
|move|p1a: Latios|Hidden Power|p2a: Dragonite
|-resisted|p2a: Dragonite
|-damage|p2a: Dragonite|1/100
|move|p2a: Dragonite|Dragon Dance|p2a: Dragonite
|-boost|p2a: Dragonite|atk|1
|-boost|p2a: Dragonite|spe|1
|
|-weather|Sandstorm|[upkeep]
|-damage|p1a: Latios|95/100|[from] Sandstorm
|-damage|p2a: Dragonite|0 fnt|[from] Sandstorm
|faint|p2a: Dragonite
|upkeep
|
|t:|1734890118
|switch|p2a: Bisharp|Bisharp, F|94/100
|-damage|p2a: Bisharp|88/100|[from] Stealth Rock
|turn|18
|
|t:|1734890128
|move|p2a: Bisharp|Sucker Punch|p1a: Latios
|-supereffective|p1a: Latios
|-damage|p1a: Latios|0 fnt
|faint|p1a: Latios
|-damage|p2a: Bisharp|78/100|[from] item: Life Orb
|
|-weather|Sandstorm|[upkeep]
|upkeep
|
|t:|1734890131
|switch|p1a: Starmie|Starmie|10/100
|turn|19
|
|t:|1734890135
|move|p2a: Bisharp|Sucker Punch|p1a: Starmie
|-supereffective|p1a: Starmie
|-crit|p1a: Starmie
|-damage|p1a: Starmie|0 fnt
|faint|p1a: Starmie
|-damage|p2a: Bisharp|69/100|[from] item: Life Orb
|
|win|HydreigonSpammer
|raw|SattleBimulator's rating: 1367 &rarr; <strong>1350</strong><br />(-17 for losing)
|raw|HydreigonSpammer's rating: 1419 &rarr; <strong>1436</strong><br />(+17 for winning)
