|j|☆ROARLATIAS
|j|☆repinho2711
|t:|1705080661
|gametype|singles
|player|p1|ROARLATIAS|lyra|1302
|player|p2|repinho2711|ethan|1419
|teamsize|p1|6
|teamsize|p2|6
|gen|5
|tier|[Gen 5] OU
|rated|
|rule|Species Clause: Limit one of each Pokémon
|rule|OHKO Clause: OHKO moves are banned
|rule|Moody Clause: Moody is banned
|rule|Evasion Items Clause: Evasion items are banned
|rule|Evasion Moves Clause: Evasion moves are banned
|rule|Endless Battle Clause: Forcing endless battles is banned
|rule|HP Percentage Mod: HP is shown in percentages
|rule|Evasion Abilities Clause: Evasion abilities are banned
|rule|Sleep Moves Clause: Sleep-inducing moves are banned
|rule|Swagger Clause: Swagger is banned
|rule|Baton Pass Stat Clause: No Baton Passer may have a way to boost its stats
|clearpoke
|poke|p1|Tyranitar, F|item
|poke|p1|Landorus-Therian, M|item
|poke|p1|Excadrill, M|item
|poke|p1|Celebi|item
|poke|p1|Terrakion|item
|poke|p1|Rotom-Wash|item
|poke|p2|Scizor, M|item
|poke|p2|Donphan, M|item
|poke|p2|Porygon-Z|item
|poke|p2|Virizion|item
|poke|p2|Xatu, M|item
|poke|p2|Milotic, M|item
|teampreview
|inactive|Battle timer is ON: inactive players will automatically lose when time's up. (requested by ROARLATIAS)
|inactive|repinho2711 has 120 seconds left.
|
|t:|1705080706
|start
|switch|p1a: Rotom|Rotom-Wash|100/100
|switch|p2a: Donphan|Donphan, M|100/100
|turn|1
|
|t:|1705080714
|switch|p2a: Xatu|Xatu, M|100/100
|move|p1a: Rotom|Will-O-Wisp|p2a: Xatu
|move|p2a: Xatu|Will-O-Wisp|p1a: Rotom|[from]ability: Magic Bounce
|-status|p1a: Rotom|brn
|
|-damage|p1a: Rotom|88/100 brn|[from] brn
|upkeep
|turn|2
|
|t:|1705080725
|switch|p2a: Donphan|Donphan, M|100/100
|move|p1a: Rotom|Volt Switch|p2a: Donphan
|-immune|p2a: Donphan
|
|-heal|p1a: Rotom|94/100 brn|[from] item: Leftovers
|-damage|p1a: Rotom|82/100 brn|[from] brn
|upkeep
|turn|3
|
|t:|1705080735
|switch|p2a: Porygon-Z|Porygon-Z, shiny|100/100
|move|p1a: Rotom|Volt Switch|p2a: Porygon-Z
|-damage|p2a: Porygon-Z|67/100
|
|t:|1705080739
|switch|p1a: Terrakion|Terrakion|100/100|[from] Volt Switch
|
|upkeep
|turn|4
|
|t:|1705080748
|switch|p1a: Celebi|Celebi|100/100
|move|p2a: Porygon-Z|Hidden Power|p1a: Celebi
|-resisted|p1a: Celebi
|-damage|p1a: Celebi|91/100
|
|-heal|p1a: Celebi|98/100|[from] item: Leftovers
|upkeep
|turn|5
|
|t:|1705080757
|switch|p2a: Xatu|Xatu, M|100/100
|move|p1a: Celebi|Substitute|p1a: Celebi
|-start|p1a: Celebi|Substitute
|-damage|p1a: Celebi|73/100
|
|-heal|p1a: Celebi|79/100|[from] item: Leftovers
|upkeep
|turn|6
|
|t:|1705080765
|move|p1a: Celebi|Baton Pass|p1a: Celebi
|
|t:|1705080768
|switch|p1a: Tyranitar|Tyranitar, F|100/100|[from] Baton Pass
|-weather|Sandstorm|[from] ability: Sand Stream|[of] p1a: Tyranitar
|move|p2a: Xatu|U-turn|p1a: Tyranitar
|-supereffective|p1a: Tyranitar
|-activate|p1a: Tyranitar|Substitute|[damage]
|
|t:|1705080776
|switch|p2a: Donphan|Donphan, M|100/100|[from] U-turn
|
|-weather|Sandstorm|[upkeep]
|upkeep
|turn|7
|
|t:|1705080781
|move|p1a: Tyranitar|Crunch|p2a: Donphan
|-damage|p2a: Donphan|73/100
|-unboost|p2a: Donphan|def|1
|move|p2a: Donphan|Stealth Rock|p1a: Tyranitar
|-sidestart|p1: ROARLATIAS|move: Stealth Rock
|
|-weather|Sandstorm|[upkeep]
|-heal|p2a: Donphan|80/100|[from] item: Leftovers
|upkeep
|turn|8
|
|t:|1705080792
|switch|p2a: Virizion|Virizion|100/100
|move|p1a: Tyranitar|Crunch|p2a: Virizion
|-resisted|p2a: Virizion
|-damage|p2a: Virizion|74/100
|-unboost|p2a: Virizion|def|1
|-ability|p2a: Virizion|Justified|boost
|-boost|p2a: Virizion|atk|1
|
|-weather|Sandstorm|[upkeep]
|-damage|p2a: Virizion|67/100|[from] Sandstorm
|upkeep
|turn|9
|
|t:|1705080804
|move|p2a: Virizion|Leaf Blade|p1a: Tyranitar
|-supereffective|p1a: Tyranitar
|-end|p1a: Tyranitar|Substitute
|move|p1a: Tyranitar|Superpower|p2a: Virizion
|-damage|p2a: Virizion|0 fnt
|-unboost|p1a: Tyranitar|atk|1
|-unboost|p1a: Tyranitar|def|1
|faint|p2a: Virizion
|
|-weather|Sandstorm|[upkeep]
|upkeep
|
|t:|1705080816
|switch|p2a: Scizor|Scizor, M, shiny|100/100
|turn|10
|
|t:|1705080823
|switch|p1a: Rotom|Rotom-Wash|82/100 brn
|-damage|p1a: Rotom|70/100 brn|[from] Stealth Rock
|move|p2a: Scizor|Swords Dance|p2a: Scizor
|-boost|p2a: Scizor|atk|2
|
|-weather|Sandstorm|[upkeep]
|-damage|p1a: Rotom|64/100 brn|[from] Sandstorm
|-heal|p1a: Rotom|70/100 brn|[from] item: Leftovers
|-damage|p1a: Rotom|58/100 brn|[from] brn
|upkeep
|turn|11
|
|t:|1705080835
|move|p1a: Rotom|Volt Switch|p2a: Scizor
|-damage|p2a: Scizor|64/100
|
|t:|1705080837
|switch|p1a: Landorus|Landorus-Therian, M|100/100|[from] Volt Switch
|-damage|p1a: Landorus|88/100|[from] Stealth Rock
|-ability|p1a: Landorus|Intimidate|boost
|-unboost|p2a: Scizor|atk|1
|move|p2a: Scizor|Bug Bite|p1a: Landorus
|-resisted|p1a: Landorus
|-damage|p1a: Landorus|43/100
|-damage|p2a: Scizor|54/100|[from] item: Life Orb
|
|-weather|Sandstorm|[upkeep]
|-heal|p1a: Landorus|49/100|[from] item: Leftovers
|upkeep
|turn|12
|
|t:|1705080851
|switch|p2a: Xatu|Xatu, M|100/100
|move|p1a: Landorus|Earthquake|p2a: Xatu
|-immune|p2a: Xatu
|
|-weather|Sandstorm|[upkeep]
|-damage|p2a: Xatu|94/100|[from] Sandstorm
|-heal|p1a: Landorus|55/100|[from] item: Leftovers
|upkeep
|turn|13
|
|t:|1705080861
|move|p1a: Landorus|Hidden Power|p2a: Xatu
|-supereffective|p2a: Xatu
|-damage|p2a: Xatu|47/100
|move|p2a: Xatu|U-turn|p1a: Landorus
|-resisted|p1a: Landorus
|-damage|p1a: Landorus|50/100
|
|t:|1705080867
|switch|p2a: Donphan|Donphan, M|80/100|[from] U-turn
|
|-weather|Sandstorm|[upkeep]
|-heal|p1a: Landorus|56/100|[from] item: Leftovers
|-heal|p2a: Donphan|86/100|[from] item: Leftovers
|upkeep
|turn|14
|
|t:|1705080875
|move|p2a: Donphan|Ice Shard|p1a: Landorus
|-supereffective|p1a: Landorus
|-damage|p1a: Landorus|5/100
|move|p1a: Landorus|U-turn|p2a: Donphan
|-damage|p2a: Donphan|72/100
|
|t:|1705080882
|switch|p1a: Rotom|Rotom-Wash|58/100 brn|[from] U-turn
|-damage|p1a: Rotom|46/100 brn|[from] Stealth Rock
|
|-weather|Sandstorm|[upkeep]
|-damage|p1a: Rotom|39/100 brn|[from] Sandstorm
|-heal|p1a: Rotom|46/100 brn|[from] item: Leftovers
|-heal|p2a: Donphan|78/100|[from] item: Leftovers
|-damage|p1a: Rotom|33/100 brn|[from] brn
|upkeep
|turn|15
|
|t:|1705080894
|switch|p2a: Xatu|Xatu, M|47/100
|move|p1a: Rotom|Hydro Pump|p2a: Xatu
|-damage|p2a: Xatu|0 fnt
|faint|p2a: Xatu
|
|-weather|Sandstorm|[upkeep]
|-damage|p1a: Rotom|27/100 brn|[from] Sandstorm
|-heal|p1a: Rotom|33/100 brn|[from] item: Leftovers
|-damage|p1a: Rotom|21/100 brn|[from] brn
|upkeep
|
|t:|1705080906
|switch|p2a: Milotic|Milotic, M|100/100
|turn|16
|
|t:|1705080910
|move|p1a: Rotom|Volt Switch|p2a: Milotic
|-supereffective|p2a: Milotic
|-damage|p2a: Milotic|70/100
|
|t:|1705080912
|switch|p1a: Celebi|Celebi|79/100|[from] Volt Switch
|-damage|p1a: Celebi|66/100|[from] Stealth Rock
|move|p2a: Milotic|Recover|p2a: Milotic
|-heal|p2a: Milotic|100/100
|
|-weather|Sandstorm|[upkeep]
|-damage|p1a: Celebi|60/100|[from] Sandstorm
|-damage|p2a: Milotic|94/100|[from] Sandstorm
|-heal|p1a: Celebi|66/100|[from] item: Leftovers
|-heal|p2a: Milotic|100/100|[from] item: Leftovers
|upkeep
|turn|17
|
|t:|1705080925
|move|p1a: Celebi|Substitute|p1a: Celebi
|-start|p1a: Celebi|Substitute
|-damage|p1a: Celebi|41/100
|move|p2a: Milotic|Ice Beam|p1a: Celebi
|-supereffective|p1a: Celebi
|-end|p1a: Celebi|Substitute
|
|-weather|Sandstorm|[upkeep]
|-damage|p1a: Celebi|35/100|[from] Sandstorm
|-damage|p2a: Milotic|94/100|[from] Sandstorm
|-heal|p1a: Celebi|41/100|[from] item: Leftovers
|-heal|p2a: Milotic|100/100|[from] item: Leftovers
|upkeep
|turn|18
|
|t:|1705080937
|move|p1a: Celebi|Recover|p1a: Celebi
|-heal|p1a: Celebi|91/100
|move|p2a: Milotic|Toxic|p1a: Celebi
|-status|p1a: Celebi|tox
|
|-weather|Sandstorm|[upkeep]
|-damage|p1a: Celebi|85/100 tox|[from] Sandstorm
|-damage|p2a: Milotic|94/100|[from] Sandstorm
|-heal|p1a: Celebi|91/100 tox|[from] item: Leftovers
|-heal|p2a: Milotic|100/100|[from] item: Leftovers
|-damage|p1a: Celebi|85/100 tox|[from] psn
|upkeep
|turn|19
|
|t:|1705080949
|move|p1a: Celebi|Baton Pass|p1a: Celebi
|
|t:|1705080957
|-curestatus|p1a: Celebi|tox|[from] ability: Natural Cure
|switch|p1a: Terrakion|Terrakion|100/100|[from] Baton Pass
|-damage|p1a: Terrakion|94/100|[from] Stealth Rock
|move|p2a: Milotic|Ice Beam|p1a: Terrakion
|-damage|p1a: Terrakion|74/100
|
|-weather|Sandstorm|[upkeep]
|-damage|p2a: Milotic|94/100|[from] Sandstorm
|-heal|p2a: Milotic|100/100|[from] item: Leftovers
|upkeep
|turn|20
|
|t:|1705080970
|move|p1a: Terrakion|Close Combat|p2a: Milotic
|-damage|p2a: Milotic|0 fnt
|-unboost|p1a: Terrakion|def|1
|-unboost|p1a: Terrakion|spd|1
|faint|p2a: Milotic
|
|-weather|Sandstorm|[upkeep]
|upkeep
|
|t:|1705080978
|switch|p2a: Donphan|Donphan, M|78/100
|turn|21
|
|t:|1705080983
|switch|p1a: Rotom|Rotom-Wash|21/100 brn
|-damage|p1a: Rotom|9/100 brn|[from] Stealth Rock
|move|p2a: Donphan|Earthquake|p1a: Rotom
|-immune|p1a: Rotom|[from] ability: Levitate
|
|-weather|Sandstorm|[upkeep]
|-damage|p1a: Rotom|3/100 brn|[from] Sandstorm
|-heal|p1a: Rotom|9/100 brn|[from] item: Leftovers
|-heal|p2a: Donphan|84/100|[from] item: Leftovers
|-damage|p1a: Rotom|0 fnt|[from] brn
|faint|p1a: Rotom
|upkeep
|
|t:|1705080989
|switch|p1a: Celebi|Celebi|85/100
|-damage|p1a: Celebi|73/100|[from] Stealth Rock
|turn|22
|
|t:|1705081001
|switch|p2a: Porygon-Z|Porygon-Z, shiny|67/100
|move|p1a: Celebi|Psychic|p2a: Porygon-Z
|-damage|p2a: Porygon-Z|27/100
|-unboost|p2a: Porygon-Z|spd|1
|
|-weather|Sandstorm|[upkeep]
|-damage|p2a: Porygon-Z|21/100|[from] Sandstorm
|-damage|p1a: Celebi|67/100|[from] Sandstorm
|-heal|p1a: Celebi|73/100|[from] item: Leftovers
|upkeep
|turn|23
|
|t:|1705081012
|move|p2a: Porygon-Z|Trick|p1a: Celebi
|-activate|p2a: Porygon-Z|move: Trick|[of] p1a: Celebi
|-item|p1a: Celebi|Choice Scarf|[from] move: Trick
|-item|p2a: Porygon-Z|Leftovers|[from] move: Trick
|move|p1a: Celebi|Recover|p1a: Celebi
|-heal|p1a: Celebi|100/100
|
|-weather|Sandstorm|[upkeep]
|-damage|p1a: Celebi|94/100|[from] Sandstorm
|-damage|p2a: Porygon-Z|15/100|[from] Sandstorm
|-heal|p2a: Porygon-Z|21/100|[from] item: Leftovers
|upkeep
|turn|24
|
|t:|1705081023
|switch|p1a: Excadrill|Excadrill, M|100/100
|-damage|p1a: Excadrill|97/100|[from] Stealth Rock
|move|p2a: Porygon-Z|Tri Attack|p1a: Excadrill
|-resisted|p1a: Excadrill
|-damage|p1a: Excadrill|55/100
|
|-weather|Sandstorm|[upkeep]
|-damage|p2a: Porygon-Z|15/100|[from] Sandstorm
|-heal|p2a: Porygon-Z|21/100|[from] item: Leftovers
|upkeep
|turn|25
|
|t:|1705081034
|move|p1a: Excadrill|Earthquake|p2a: Porygon-Z
|-damage|p2a: Porygon-Z|0 fnt
|faint|p2a: Porygon-Z
|
|-weather|Sandstorm|[upkeep]
|upkeep
|
|t:|1705081040
|switch|p2a: Donphan|Donphan, M|84/100
|turn|26
|
|t:|1705081046
|switch|p1a: Celebi|Celebi|94/100
|-damage|p1a: Celebi|82/100|[from] Stealth Rock
|move|p2a: Donphan|Earthquake|p1a: Celebi
|-resisted|p1a: Celebi
|-damage|p1a: Celebi|63/100
|
|-weather|Sandstorm|[upkeep]
|-damage|p1a: Celebi|57/100|[from] Sandstorm
|-heal|p2a: Donphan|91/100|[from] item: Leftovers
|upkeep
|turn|27
|
|t:|1705081057
|switch|p2a: Scizor|Scizor, M, shiny|54/100
|move|p1a: Celebi|Psychic|p2a: Scizor
|-resisted|p2a: Scizor
|-damage|p2a: Scizor|31/100
|
|-weather|Sandstorm|[upkeep]
|-damage|p1a: Celebi|50/100|[from] Sandstorm
|upkeep
|turn|28
|
|t:|1705081066
|move|p1a: Celebi|Psychic|p2a: Scizor
|-resisted|p2a: Scizor
|-damage|p2a: Scizor|9/100
|move|p2a: Scizor|Bug Bite|p1a: Celebi
|-supereffective|p1a: Celebi
|-damage|p1a: Celebi|0 fnt
|faint|p1a: Celebi
|-damage|p2a: Scizor|0 fnt|[from] item: Life Orb
|faint|p2a: Scizor
|
|-weather|Sandstorm|[upkeep]
|upkeep
|
|t:|1705081078
|switch|p1a: Excadrill|Excadrill, M|55/100
|switch|p2a: Donphan|Donphan, M|91/100
|-damage|p1a: Excadrill|52/100|[from] Stealth Rock
|turn|29
|
|t:|1705081084
|move|p1a: Excadrill|Earthquake|p2a: Donphan
|-damage|p2a: Donphan|43/100
|move|p2a: Donphan|Earthquake|p1a: Excadrill
|-supereffective|p1a: Excadrill
|-damage|p1a: Excadrill|0 fnt
|faint|p1a: Excadrill
|
|-weather|Sandstorm|[upkeep]
|-heal|p2a: Donphan|49/100|[from] item: Leftovers
|upkeep
|
|t:|1705081086
|switch|p1a: Terrakion|Terrakion|74/100
|-damage|p1a: Terrakion|68/100|[from] Stealth Rock
|turn|30
|
|t:|1705081097
|move|p1a: Terrakion|Close Combat|p2a: Donphan
|-damage|p2a: Donphan|0 fnt
|-unboost|p1a: Terrakion|def|1
|-unboost|p1a: Terrakion|spd|1
|faint|p2a: Donphan
|
|win|ROARLATIAS
|raw|ROARLATIAS's rating: 1302 &rarr; <strong>1328</strong><br />(+26 for winning)
|raw|repinho2711's rating: 1419 &rarr; <strong>1393</strong><br />(-26 for losing)
|l|☆repinho2711
|player|p2|
