|j|☆Space bound Monkey
|j|☆kobepayne
|player|p1|Space bound Monkey|lucas|1573
|player|p2|kobepayne|dahlia|1571
|teamsize|p1|6
|teamsize|p2|6
|gametype|singles
|gen|5
|tier|[Gen 5] OU
|rated|
|clearpoke
|poke|p1|Reuniclus, F|item
|poke|p1|Abomasnow, M|item
|poke|p1|Scizor, M|item
|poke|p1|Tentacruel, F|item
|poke|p1|Kyurem-Black|item
|poke|p1|Landorus-Therian, M|item
|poke|p2|Tyranitar, M|item
|poke|p2|Garchomp, M|item
|poke|p2|Rotom-Wash|item
|poke|p2|Landorus-Therian, M|item
|poke|p2|Ferrothorn, M|item
|poke|p2|Alakazam, M|item
|rule|Species Clause: Limit one of each Pokémon
|rule|OHKO Clause: OHKO moves are banned
|rule|Moody Clause: Moody is banned
|rule|Evasion Moves Clause: Evasion moves are banned
|rule|Endless Battle Clause: Forcing endless battles is banned
|rule|HP Percentage Mod: HP is shown in percentages
|rule|Evasion Abilities Clause: Evasion abilities are banned
|rule|Baton Pass Clause: Limit one Baton Passer, can't pass Spe and other stats simultaneously
|rule|Sleep Clause: Sleep-inducing moves are banned
|rule|Swagger Clause: Swagger is banned
|teampreview
|inactive|Battle timer is ON: inactive players will automatically lose when time's up. (requested by Space bound Monkey)
|
|start
|switch|p1a: Tentacruel|Tentacruel, F|100/100
|switch|p2a: Tyranitar|Tyranitar, M|100/100
|-weather|Sandstorm|[from] ability: Sand Stream|[of] p2a: Tyranitar
|turn|1
|
|switch|p2a: Rotom|Rotom-Wash|100/100
|move|p1a: Tentacruel|Toxic Spikes|p2a: Rotom
|-sidestart|p2: kobepayne|move: Toxic Spikes
|
|-weather|Sandstorm|[upkeep]
|-damage|p1a: Tentacruel|94/100|[from] Sandstorm
|-damage|p2a: Rotom|95/100|[from] Sandstorm
|-heal|p1a: Tentacruel|100/100|[from] item: Black Sludge
|-heal|p2a: Rotom|100/100|[from] item: Leftovers
|upkeep
|turn|2
|
|move|p1a: Tentacruel|Protect|p1a: Tentacruel
|-singleturn|p1a: Tentacruel|Protect
|move|p2a: Rotom|Volt Switch|p1a: Tentacruel
|-activate|p1a: Tentacruel|move: Protect
|
|-weather|Sandstorm|[upkeep]
|-damage|p1a: Tentacruel|94/100|[from] Sandstorm
|-damage|p2a: Rotom|95/100|[from] Sandstorm
|-heal|p1a: Tentacruel|100/100|[from] item: Black Sludge
|-heal|p2a: Rotom|100/100|[from] item: Leftovers
|upkeep
|turn|3
|j| Majorchipred
|
|move|p1a: Tentacruel|Scald|p2a: Rotom
|-resisted|p2a: Rotom
|-damage|p2a: Rotom|92/100
|-status|p2a: Rotom|brn
|move|p2a: Rotom|Will-O-Wisp|p1a: Tentacruel
|-status|p1a: Tentacruel|brn
|
|-weather|Sandstorm|[upkeep]
|-damage|p1a: Tentacruel|94/100 brn|[from] Sandstorm
|-damage|p2a: Rotom|86/100 brn|[from] Sandstorm
|-heal|p1a: Tentacruel|100/100 brn|[from] item: Black Sludge
|-heal|p2a: Rotom|92/100 brn|[from] item: Leftovers
|-damage|p1a: Tentacruel|88/100 brn|[from] brn
|-damage|p2a: Rotom|79/100 brn|[from] brn
|upkeep
|turn|4
|
|switch|p1a: Abomasnow|Abomasnow, M|100/100
|-weather|Hail|[from] ability: Snow Warning|[of] p1a: Abomasnow
|switch|p2a: Ferrothorn|Ferrothorn, M|100/100
|
|-weather|Hail|[upkeep]
|-damage|p2a: Ferrothorn|94/100|[from] Hail
|-heal|p2a: Ferrothorn|100/100|[from] item: Leftovers
|upkeep
|turn|5
|
|move|p1a: Abomasnow|Hidden Power|p2a: Ferrothorn
|-supereffective|p2a: Ferrothorn
|-crit|p2a: Ferrothorn
|-damage|p2a: Ferrothorn|16/100
|move|p2a: Ferrothorn|Spikes|p1a: Abomasnow
|-sidestart|p1: Space bound Monkey|Spikes
|
|-weather|Hail|[upkeep]
|-damage|p2a: Ferrothorn|10/100|[from] Hail
|-heal|p2a: Ferrothorn|16/100|[from] item: Leftovers
|upkeep
|turn|6
|
|switch|p2a: Tyranitar|Tyranitar, M|100/100
|-status|p2a: Tyranitar|psn
|-weather|Sandstorm|[from] ability: Sand Stream|[of] p2a: Tyranitar
|move|p1a: Abomasnow|Leech Seed|p2a: Tyranitar
|-start|p2a: Tyranitar|move: Leech Seed
|
|-weather|Sandstorm|[upkeep]
|-damage|p1a: Abomasnow|94/100|[from] Sandstorm
|-heal|p1a: Abomasnow|100/100|[from] item: Leftovers
|-damage|p2a: Tyranitar|88/100 psn|[from] Leech Seed|[of] p1a: Abomasnow
|-damage|p2a: Tyranitar|76/100 psn|[from] psn
|upkeep
|turn|7
|
|switch|p2a: Garchomp|Garchomp, M|100/100
|-status|p2a: Garchomp|psn
|switch|p1a: Landorus|Landorus-Therian, M|100/100
|-ability|p1a: Landorus|Intimidate|boost
|-unboost|p2a: Garchomp|atk|1
|
|-weather|Sandstorm|[upkeep]
|-damage|p2a: Garchomp|88/100 psn|[from] psn
|upkeep
|turn|8
|
|move|p2a: Garchomp|Stealth Rock|p1a: Landorus
|-sidestart|p1: Space bound Monkey|move: Stealth Rock
|move|p1a: Landorus|Hidden Power|p2a: Garchomp
|-supereffective|p2a: Garchomp
|-damage|p2a: Garchomp|14/100 psn
|
|-weather|Sandstorm|[upkeep]
|-damage|p2a: Garchomp|2/100 psn|[from] psn
|upkeep
|turn|9
|
|move|p2a: Garchomp|Draco Meteor|p1a: Landorus
|-damage|p1a: Landorus|26/100
|-unboost|p2a: Garchomp|spa|2
|-damage|p2a: Garchomp|0 fnt|[from] item: Life Orb
|faint|p2a: Garchomp
|move|p1a: Landorus|Stealth Rock|p2: Garchomp
|-sidestart|p2: kobepayne|move: Stealth Rock
|
|-weather|Sandstorm|[upkeep]
|upkeep
|
|switch|p2a: Alakazam|Alakazam, M|100/100
|-status|p2a: Alakazam|psn
|turn|10
|
|move|p2a: Alakazam|Substitute|p2a: Alakazam
|-start|p2a: Alakazam|Substitute
|-damage|p2a: Alakazam|76/100 psn
|move|p1a: Landorus|U-turn|p2a: Alakazam
|-supereffective|p2a: Alakazam
|-end|p2a: Alakazam|Substitute
|
|switch|p1a: Scizor|Scizor, M|100/100|[from]move: U-turn
|-damage|p1a: Scizor|88/100|[from] Spikes
|-damage|p1a: Scizor|75/100|[from] Stealth Rock
|
|-weather|Sandstorm|[upkeep]
|upkeep
|turn|11
|
|move|p2a: Alakazam|Focus Blast|p1a: Scizor
|-damage|p1a: Scizor|8/100
|move|p1a: Scizor|Pursuit|p2a: Alakazam
|-supereffective|p2a: Alakazam
|-damage|p2a: Alakazam|0 fnt
|faint|p2a: Alakazam
|
|-weather|Sandstorm|[upkeep]
|upkeep
|
|switch|p2a: Landorus|Landorus-Therian, M|100/100
|-damage|p2a: Landorus|88/100|[from] Stealth Rock
|-ability|p2a: Landorus|Intimidate|boost
|-unboost|p1a: Scizor|atk|1
|turn|12
|
|move|p2a: Landorus|U-turn|p1a: Scizor
|-resisted|p1a: Scizor
|-damage|p1a: Scizor|0 fnt
|faint|p1a: Scizor
|
|switch|p2a: Ferrothorn|Ferrothorn, M|16/100|[from]move: U-turn
|-damage|p2a: Ferrothorn|10/100|[from] Stealth Rock
|
|-weather|Sandstorm|[upkeep]
|-heal|p2a: Ferrothorn|16/100|[from] item: Leftovers
|upkeep
|
|switch|p1a: Kyurem|Kyurem-Black|100/100
|-damage|p1a: Kyurem|88/100|[from] Spikes
|-damage|p1a: Kyurem|63/100|[from] Stealth Rock
|-ability|p1a: Kyurem|Teravolt
|turn|13
|
|move|p1a: Kyurem|Substitute|p1a: Kyurem
|-start|p1a: Kyurem|Substitute
|-damage|p1a: Kyurem|38/100
|move|p2a: Ferrothorn|Spikes|p1a: Kyurem
|-sidestart|p1: Space bound Monkey|Spikes
|
|-weather|Sandstorm|[upkeep]
|-damage|p1a: Kyurem|32/100|[from] Sandstorm
|-heal|p1a: Kyurem|38/100|[from] item: Leftovers
|-heal|p2a: Ferrothorn|23/100|[from] item: Leftovers
|upkeep
|turn|14
|
|move|p1a: Kyurem|Ice Beam|p2a: Ferrothorn
|-damage|p2a: Ferrothorn|0 fnt
|faint|p2a: Ferrothorn
|
|-weather|Sandstorm|[upkeep]
|-damage|p1a: Kyurem|32/100|[from] Sandstorm
|-heal|p1a: Kyurem|38/100|[from] item: Leftovers
|upkeep
|
|switch|p2a: Tyranitar|Tyranitar, M|76/100 psn
|-damage|p2a: Tyranitar|64/100 psn|[from] Stealth Rock
|turn|15
|
|move|p1a: Kyurem|Fusion Bolt|p2a: Tyranitar
|-damage|p2a: Tyranitar|31/100 psn
|move|p2a: Tyranitar|Superpower|p1a: Kyurem
|-supereffective|p1a: Kyurem
|-end|p1a: Kyurem|Substitute
|-unboost|p2a: Tyranitar|atk|1
|-unboost|p2a: Tyranitar|def|1
|
|-weather|Sandstorm|[upkeep]
|-damage|p1a: Kyurem|32/100|[from] Sandstorm
|-heal|p1a: Kyurem|38/100|[from] item: Leftovers
|-damage|p2a: Tyranitar|19/100 psn|[from] psn
|upkeep
|turn|16
|
|switch|p2a: Landorus|Landorus-Therian, M|88/100
|-damage|p2a: Landorus|76/100|[from] Stealth Rock
|-ability|p2a: Landorus|Intimidate|boost
|-unboost|p1a: Kyurem|atk|1
|move|p1a: Kyurem|Earth Power|p2a: Landorus
|-immune|p2a: Landorus
|
|-weather|Sandstorm|[upkeep]
|-damage|p1a: Kyurem|32/100|[from] Sandstorm
|-heal|p1a: Kyurem|38/100|[from] item: Leftovers
|upkeep
|turn|17
|
|move|p2a: Landorus|Stone Edge|p1a: Kyurem|[miss]
|-miss|p2a: Landorus|p1a: Kyurem
|move|p1a: Kyurem|Ice Beam|p2a: Landorus
|-supereffective|p2a: Landorus
|-damage|p2a: Landorus|0 fnt
|faint|p2a: Landorus
|
|-weather|Sandstorm|[upkeep]
|-damage|p1a: Kyurem|32/100|[from] Sandstorm
|-heal|p1a: Kyurem|38/100|[from] item: Leftovers
|upkeep
|-message|kobepayne forfeited.
|
|win|Space bound Monkey
|l|☆kobepayne
|raw|Space bound Monkey's rating: 1573 &rarr; <strong>1593</strong><br />(+20 for winning)
|raw|kobepayne's rating: 1572 &rarr; <strong>1552</strong><br />(-20 for losing)
