|j|☆shrike348
|j|☆Nedab
|player|p1|shrike348|hiker-gen2|1342
|player|p2|Nedab|265|1330
|teamsize|p1|6
|teamsize|p2|6
|gametype|singles
|gen|5
|tier|[Gen 5] OU
|rated|
|clearpoke
|poke|p1|Politoed, M|item
|poke|p1|Tornadus, M|item
|poke|p1|Gastrodon, F|item
|poke|p1|Jirachi|item
|poke|p1|Landorus-Therian, M|item
|poke|p1|Azumarill, F|item
|poke|p2|Uxie|item
|poke|p2|Cresselia, F|item
|poke|p2|Crawdaunt, M|item
|poke|p2|Marowak, F|item
|poke|p2|Magnezone|item
|poke|p2|Reuniclus, F|item
|rule|Species Clause: Limit one of each Pokémon
|rule|OHKO Clause: OHKO moves are banned
|rule|Moody Clause: Moody is banned
|rule|Evasion Moves Clause: Evasion moves are banned
|rule|Endless Battle Clause: Forcing endless battles is banned
|rule|HP Percentage Mod: HP is shown in percentages
|rule|Evasion Abilities Clause: Evasion abilities are banned
|rule|Baton Pass Clause: Limit one Baton Passer, can't pass Spe and other stats simultaneously
|rule|Sleep Clause: Sleep-inducing moves are banned
|rule|Swagger Clause: Swagger is banned
|teampreview
|
|start
|switch|p1a: Tornadus|Tornadus, M|100/100
|switch|p2a: Uxie|Uxie|100/100
|turn|1
|
|move|p1a: Tornadus|U-turn|p2a: Uxie
|-supereffective|p2a: Uxie
|-damage|p2a: Uxie|78/100
|
|switch|p1a: Jirachi|Jirachi|100/100|[from]move: U-turn
|move|p2a: Uxie|Trick Room|p2a: Uxie
|-fieldstart|move: Trick Room|[of] p2a: Uxie
|
|upkeep
|turn|2
|
|move|p2a: Uxie|Memento|p1a: Jirachi
|-unboost|p1a: Jirachi|atk|2
|-unboost|p1a: Jirachi|spa|2
|faint|p2a: Uxie
|move|p1a: Jirachi|Body Slam|p2: Uxie|[notarget]
|-fail|p1a: Jirachi
|
|upkeep
|
|switch|p2a: Crawdaunt|Crawdaunt, M|100/100
|turn|3
|
|move|p2a: Crawdaunt|Swords Dance|p2a: Crawdaunt
|-boost|p2a: Crawdaunt|atk|2
|move|p1a: Jirachi|Body Slam|p2a: Crawdaunt
|-damage|p2a: Crawdaunt|89/100
|
|upkeep
|turn|4
|
|move|p2a: Crawdaunt|Crunch|p1a: Jirachi
|-crit|p1a: Jirachi
|-damage|p1a: Jirachi|0 fnt
|-damage|p2a: Crawdaunt|79/100|[from] item: Life Orb
|faint|p1a: Jirachi
|
|upkeep
|
|switch|p1a: Politoed|Politoed, M|100/100
|-weather|RainDance|[from] ability: Drizzle|[of] p1a: Politoed
|turn|5
|
|move|p2a: Crawdaunt|Crunch|p1a: Politoed
|-damage|p1a: Politoed|0 fnt
|-damage|p2a: Crawdaunt|69/100|[from] item: Life Orb
|faint|p1a: Politoed
|
|-weather|RainDance|[upkeep]
|-fieldend|move: Trick Room
|upkeep
|
|switch|p1a: Tornadus|Tornadus, M|100/100
|turn|6
|
|switch|p2a: Cresselia|Cresselia, F|100/100
|move|p1a: Tornadus|Hurricane|p2a: Cresselia
|-damage|p2a: Cresselia|42/100
|
|-weather|RainDance|[upkeep]
|upkeep
|turn|7
|
|move|p1a: Tornadus|Hurricane|p2a: Cresselia
|-damage|p2a: Cresselia|0 fnt
|faint|p2a: Cresselia
|
|-weather|RainDance|[upkeep]
|upkeep
|
|switch|p2a: Magnezone|Magnezone|100/100
|turn|8
|
|switch|p1a: Gastrodon|Gastrodon, F|100/100
|move|p2a: Magnezone|Flash Cannon|p1a: Gastrodon
|-resisted|p1a: Gastrodon
|-damage|p1a: Gastrodon|66/100
|
|-weather|RainDance|[upkeep]
|upkeep
|turn|9
|
|switch|p2a: Reuniclus|Reuniclus, F|100/100
|move|p1a: Gastrodon|Surf|p2a: Reuniclus
|-damage|p2a: Reuniclus|21/100
|-damage|p1a: Gastrodon|56/100|[from] item: Life Orb
|
|-weather|RainDance|[upkeep]
|upkeep
|turn|10
|-message|Nedab forfeited.
|
|win|shrike348
|l|☆Nedab
|raw|shrike348's rating: 1342 &rarr; <strong>1361</strong><br />(+19 for winning)
|raw|Nedab's rating: 1330 &rarr; <strong>1311</strong><br />(-19 for losing)
|c|☆shrike348|lmao
