|j|☆LadderGod1
|j|☆Deryzu
|t:|1726965385
|gametype|singles
|player|p1|LadderGod1|169|1246
|player|p2|Deryzu|lass-gen4dp|1359
|teamsize|p1|6
|teamsize|p2|6
|gen|5
|tier|[Gen 5] OU
|rated|
|rule|Species Clause: Limit one of each Pokémon
|rule|OHKO Clause: OHKO moves are banned
|rule|Moody Clause: Moody is banned
|rule|Evasion Items Clause: Evasion items are banned
|rule|Evasion Moves Clause: Evasion moves are banned
|rule|Endless Battle Clause: Forcing endless battles is banned
|rule|HP Percentage Mod: HP is shown in percentages
|rule|Evasion Abilities Clause: Evasion abilities are banned
|rule|Sleep Moves Clause: Sleep-inducing moves are banned
|rule|Swagger Clause: Swagger is banned
|rule|Baton Pass Stat Clause: No Baton Passer may have a way to boost its stats
|clearpoke
|poke|p1|Ferrothorn, M|item
|poke|p1|Politoed, F|item
|poke|p1|Heatran, F|item
|poke|p1|Salamence, F|item
|poke|p1|Gliscor, F|item
|poke|p1|Hydreigon, M|item
|poke|p2|Skarmory, F|item
|poke|p2|Garchomp, F|item
|poke|p2|Tyranitar, M|item
|poke|p2|Hitmontop, M|item
|poke|p2|Volcarona, F|item
|poke|p2|Rotom-Wash|item
|teampreview
|inactive|Battle timer is ON: inactive players will automatically lose when time's up. (requested by LadderGod1)
|
|t:|1726965400
|start
|switch|p1a: Ferrothorn|Ferrothorn, M|100/100
|switch|p2a: Skarmory|Skarmory, F|100/100
|turn|1
|
|t:|1726965406
|move|p2a: Skarmory|Taunt|p1a: Ferrothorn
|-start|p1a: Ferrothorn|move: Taunt
|cant|p1a: Ferrothorn|move: Taunt|Stealth Rock
|
|upkeep
|turn|2
|
|t:|1726965410
|switch|p1a: Heatran|Heatran, F|100/100
|-item|p1a: Heatran|Air Balloon
|move|p2a: Skarmory|Brave Bird|p1a: Heatran
|-resisted|p1a: Heatran
|-damage|p1a: Heatran|81/100
|-enditem|p1a: Heatran|Air Balloon
|-damage|p2a: Skarmory|91/100|[from] Recoil
|
|upkeep
|turn|3
|
|t:|1726965420
|move|p2a: Skarmory|Stealth Rock|p1a: Heatran
|-sidestart|p1: LadderGod1|move: Stealth Rock
|move|p1a: Heatran|Magma Storm|p2a: Skarmory
|-supereffective|p2a: Skarmory
|-damage|p2a: Skarmory|0 fnt
|faint|p2a: Skarmory
|
|upkeep
|
|t:|1726965430
|switch|p2a: Garchomp|Garchomp, F|100/100
|turn|4
|
|t:|1726965437
|switch|p2a: Rotom|Rotom-Wash|100/100
|switch|p1a: Ferrothorn|Ferrothorn, M|100/100
|-damage|p1a: Ferrothorn|94/100|[from] Stealth Rock
|
|-heal|p1a: Ferrothorn|100/100|[from] item: Leftovers
|upkeep
|turn|5
|
|t:|1726965445
|move|p2a: Rotom|Volt Switch|p1a: Ferrothorn
|-resisted|p1a: Ferrothorn
|-damage|p1a: Ferrothorn|91/100
|
|t:|1726965448
|switch|p2a: Volcarona|Volcarona, F|100/100|[from] Volt Switch
|move|p1a: Ferrothorn|Stealth Rock|p2a: Volcarona
|-sidestart|p2: Deryzu|move: Stealth Rock
|
|-heal|p1a: Ferrothorn|97/100|[from] item: Leftovers
|upkeep
|turn|6
|
|t:|1726965454
|switch|p1a: Heatran|Heatran, F|81/100
|-damage|p1a: Heatran|69/100|[from] Stealth Rock
|move|p2a: Volcarona|Fiery Dance|p1a: Heatran
|-start|p1a: Heatran|ability: Flash Fire
|
|upkeep
|turn|7
|
|t:|1726965462
|move|p2a: Volcarona|Quiver Dance|p2a: Volcarona
|-boost|p2a: Volcarona|spa|1
|-boost|p2a: Volcarona|spd|1
|-boost|p2a: Volcarona|spe|1
|move|p1a: Heatran|Magma Storm|p2a: Volcarona|[miss]
|-miss|p1a: Heatran|p2a: Volcarona
|
|upkeep
|turn|8
|
|t:|1726965468
|move|p2a: Volcarona|Quiver Dance|p2a: Volcarona
|-boost|p2a: Volcarona|spa|1
|-boost|p2a: Volcarona|spd|1
|-boost|p2a: Volcarona|spe|1
|move|p1a: Heatran|Magma Storm|p2a: Volcarona
|-damage|p2a: Volcarona|44/100
|-activate|p2a: Volcarona|move: Magma Storm|[of] p1a: Heatran
|
|-heal|p2a: Volcarona|50/100|[from] item: Leftovers
|-damage|p2a: Volcarona|44/100|[from] move: Magma Storm|[partiallytrapped]
|upkeep
|turn|9
|
|t:|1726965476
|move|p2a: Volcarona|Giga Drain|p1a: Heatran
|-resisted|p1a: Heatran
|-damage|p1a: Heatran|56/100
|-heal|p2a: Volcarona|51/100|[from] drain|[of] p1a: Heatran
|move|p1a: Heatran|Magma Storm|p2a: Volcarona
|-damage|p2a: Volcarona|0 fnt
|faint|p2a: Volcarona
|
|upkeep
|
|t:|1726965485
|switch|p2a: Tyranitar|Tyranitar, M|100/100
|-damage|p2a: Tyranitar|88/100|[from] Stealth Rock
|-weather|Sandstorm|[from] ability: Sand Stream|[of] p2a: Tyranitar
|turn|10
|-message|Deryzu forfeited.
|
|win|LadderGod1
|raw|LadderGod1's rating: 1275 &rarr; <strong>1306</strong><br />(+31 for winning)
|raw|Deryzu's rating: 1359 &rarr; <strong>1334</strong><br />(-25 for losing)
|l|☆Deryzu
|player|p2|
