|j|☆kaisuxlol
|j|☆hnefl
|t:|1742079415
|gametype|singles
|player|p1|kaisuxlol|bruno-gen3|1414
|player|p2|hnefl|101|1413
|teamsize|p1|6
|teamsize|p2|6
|gen|5
|tier|[Gen 5] OU
|rated|
|rule|Species Clause: Limit one of each Pokémon
|rule|OHKO Clause: OHKO moves are banned
|rule|Moody Clause: Moody is banned
|rule|Evasion Items Clause: Evasion items are banned
|rule|Evasion Moves Clause: Evasion moves are banned
|rule|Endless Battle Clause: Forcing endless battles is banned
|rule|HP Percentage Mod: HP is shown in percentages
|rule|Evasion Abilities Clause: Evasion abilities are banned
|rule|Sleep Moves Clause: Sleep-inducing moves are banned
|rule|Swagger Clause: Swagger is banned
|rule|Baton Pass Stat Clause: No Baton Passer may have a way to boost its stats
|clearpoke
|poke|p1|Garchomp, F|item
|poke|p1|Magnezone|item
|poke|p1|Latios, M|item
|poke|p1|Salamence, M|item
|poke|p1|Kyurem-Black|item
|poke|p1|Starmie|item
|poke|p2|Latios, M|item
|poke|p2|Skarmory, M|item
|poke|p2|Excadrill, F|item
|poke|p2|Tyranitar, F|item
|poke|p2|Keldeo|item
|poke|p2|Terrakion|item
|teampreview
|inactive|Battle timer is ON: inactive players will automatically lose when time's up. (requested by kaisuxlol)
|
|t:|1742079429
|start
|switch|p1a: Cynthia|Garchomp, F|100/100
|switch|p2a: Keldeo|Keldeo|100/100
|turn|1
|
|t:|1742079435
|move|p2a: Keldeo|Toxic|p1a: Cynthia
|-status|p1a: Cynthia|tox
|move|p1a: Cynthia|Stealth Rock|p2a: Keldeo
|-sidestart|p2: hnefl|move: Stealth Rock
|
|-damage|p1a: Cynthia|94/100 tox|[from] psn
|upkeep
|turn|2
|
|t:|1742079445
|switch|p1a: misty|Starmie|100/100
|-item|p1a: misty|Air Balloon
|move|p2a: Keldeo|Protect||[still]
|-fail|p2a: Keldeo
|
|upkeep
|turn|3
|
|t:|1742079451
|switch|p2a: Tyranitar|Tyranitar, F|100/100
|-damage|p2a: Tyranitar|88/100|[from] Stealth Rock
|-weather|Sandstorm|[from] ability: Sand Stream|[of] p2a: Tyranitar
|move|p1a: misty|Thunderbolt|p2a: Tyranitar
|-damage|p2a: Tyranitar|71/100
|
|-weather|Sandstorm|[upkeep]
|-damage|p1a: misty|94/100|[from] Sandstorm
|upkeep
|turn|4
|
|t:|1742079462
|move|p1a: misty|Hydro Pump|p2a: Tyranitar|[miss]
|-miss|p1a: misty|p2a: Tyranitar
|move|p2a: Tyranitar|Pursuit|p1a: misty
|-supereffective|p1a: misty
|-damage|p1a: misty|32/100
|-enditem|p1a: misty|Air Balloon
|
|-weather|Sandstorm|[upkeep]
|-damage|p1a: misty|26/100|[from] Sandstorm
|upkeep
|turn|5
|
|t:|1742079465
|move|p1a: misty|Hydro Pump|p2a: Tyranitar
|-supereffective|p2a: Tyranitar
|-damage|p2a: Tyranitar|25/100
|move|p2a: Tyranitar|Pursuit|p1a: misty
|-supereffective|p1a: misty
|-damage|p1a: misty|0 fnt
|faint|p1a: misty
|
|-weather|Sandstorm|[upkeep]
|upkeep
|
|t:|1742079474
|switch|p1a: Cynthia|Garchomp, F|94/100 tox
|turn|6
|
|t:|1742079481
|move|p1a: Cynthia|Swords Dance|p1a: Cynthia
|-boost|p1a: Cynthia|atk|2
|move|p2a: Tyranitar|Crunch|p1a: Cynthia
|-damage|p1a: Cynthia|50/100 tox
|-damage|p2a: Tyranitar|12/100|[from] ability: Rough Skin|[of] p1a: Cynthia
|
|-weather|Sandstorm|[upkeep]
|-damage|p1a: Cynthia|44/100 tox|[from] psn
|upkeep
|turn|7
|
|t:|1742079485
|move|p1a: Cynthia|Earthquake|p2a: Tyranitar
|-supereffective|p2a: Tyranitar
|-damage|p2a: Tyranitar|0 fnt
|faint|p2a: Tyranitar
|
|-weather|Sandstorm|[upkeep]
|-damage|p1a: Cynthia|32/100 tox|[from] psn
|upkeep
|
|t:|1742079491
|switch|p2a: Skarmory|Skarmory, M|100/100
|-damage|p2a: Skarmory|88/100|[from] Stealth Rock
|turn|8
|
|t:|1742079495
|move|p1a: Cynthia|Outrage|p2a: Skarmory
|-resisted|p2a: Skarmory
|-damage|p2a: Skarmory|30/100
|move|p2a: Skarmory|Stealth Rock|p1a: Cynthia
|-sidestart|p1: kaisuxlol|move: Stealth Rock
|
|-weather|Sandstorm|[upkeep]
|-damage|p1a: Cynthia|13/100 tox|[from] psn
|upkeep
|turn|9
|
|t:|1742079503
|move|p1a: Cynthia|Outrage|p2a: Skarmory|[from] lockedmove
|-resisted|p2a: Skarmory
|-damage|p2a: Skarmory|0 fnt
|faint|p2a: Skarmory
|-start|p1a: Cynthia|confusion|[fatigue]
|
|-weather|Sandstorm|[upkeep]
|-damage|p1a: Cynthia|0 fnt|[from] psn
|faint|p1a: Cynthia
|upkeep
|
|t:|1742079516
|switch|p1a: Kyurem-Goat|Kyurem-Black|100/100
|switch|p2a: Latios|Latios, M|100/100
|-damage|p1a: Kyurem-Goat|76/100|[from] Stealth Rock
|-ability|p1a: Kyurem-Goat|Teravolt
|-damage|p2a: Latios|88/100|[from] Stealth Rock
|turn|10
|
|t:|1742079523
|switch|p1a: Marknezone|Magnezone|100/100
|-damage|p1a: Marknezone|94/100|[from] Stealth Rock
|move|p2a: Latios|Dragon Pulse|p1a: Marknezone
|-resisted|p1a: Marknezone
|-damage|p1a: Marknezone|45/100
|
|-weather|Sandstorm|[upkeep]
|-damage|p2a: Latios|82/100|[from] Sandstorm
|upkeep
|turn|11
|
|t:|1742079535
|move|p1a: Marknezone|Flash Cannon|p2a: Latios
|-damage|p2a: Latios|38/100
|move|p2a: Latios|Dragon Pulse|p1a: Marknezone
|-resisted|p1a: Marknezone
|-damage|p1a: Marknezone|0 fnt
|faint|p1a: Marknezone
|
|-weather|Sandstorm|[upkeep]
|-damage|p2a: Latios|32/100|[from] Sandstorm
|upkeep
|
|t:|1742079541
|switch|p1a: Kyurem-Goat|Kyurem-Black|76/100
|-damage|p1a: Kyurem-Goat|51/100|[from] Stealth Rock
|-ability|p1a: Kyurem-Goat|Teravolt
|turn|12
|
|t:|1742079549
|switch|p2a: Excadrill|Excadrill, F|100/100
|-damage|p2a: Excadrill|97/100|[from] Stealth Rock
|move|p1a: Kyurem-Goat|Dragon Claw|p2a: Excadrill
|-resisted|p2a: Excadrill
|-damage|p2a: Excadrill|59/100
|
|-weather|Sandstorm|[upkeep]
|-damage|p1a: Kyurem-Goat|45/100|[from] Sandstorm
|-heal|p2a: Excadrill|65/100|[from] item: Leftovers
|upkeep
|turn|13
|
|t:|1742079555
|move|p1a: Kyurem-Goat|Dragon Claw|p2a: Excadrill
|-resisted|p2a: Excadrill
|-damage|p2a: Excadrill|24/100
|move|p2a: Excadrill|Rapid Spin|p1a: Kyurem-Goat
|-damage|p1a: Kyurem-Goat|38/100
|-sideend|p2: hnefl|Stealth Rock|[from] move: Rapid Spin|[of] p2a: Excadrill
|
|-weather|Sandstorm|[upkeep]
|-damage|p1a: Kyurem-Goat|32/100|[from] Sandstorm
|-heal|p2a: Excadrill|30/100|[from] item: Leftovers
|upkeep
|turn|14
|
|t:|1742079558
|move|p2a: Excadrill|Protect|p2a: Excadrill
|-singleturn|p2a: Excadrill|Protect
|move|p1a: Kyurem-Goat|Dragon Claw|p2a: Excadrill
|-activate|p2a: Excadrill|move: Protect
|
|-weather|Sandstorm|[upkeep]
|-damage|p1a: Kyurem-Goat|26/100|[from] Sandstorm
|-heal|p2a: Excadrill|36/100|[from] item: Leftovers
|upkeep
|turn|15
|
|t:|1742079582
|move|p1a: Kyurem-Goat|Dragon Claw|p2a: Excadrill
|-resisted|p2a: Excadrill
|-damage|p2a: Excadrill|0 fnt
|faint|p2a: Excadrill
|
|-weather|Sandstorm|[upkeep]
|-damage|p1a: Kyurem-Goat|19/100|[from] Sandstorm
|upkeep
|
|t:|1742079588
|switch|p2a: Keldeo|Keldeo|100/100
|turn|16
|
|t:|1742079591
|move|p1a: Kyurem-Goat|Dragon Claw|p2a: Keldeo
|-damage|p2a: Keldeo|31/100
|move|p2a: Keldeo|Secret Sword|p1a: Kyurem-Goat
|-supereffective|p1a: Kyurem-Goat
|-damage|p1a: Kyurem-Goat|0 fnt
|faint|p1a: Kyurem-Goat
|
|-weather|Sandstorm|[upkeep]
|-damage|p2a: Keldeo|25/100|[from] Sandstorm
|-heal|p2a: Keldeo|31/100|[from] item: Leftovers
|upkeep
|
|t:|1742079612
|switch|p1a: salamencif|Salamence, M|100/100
|-damage|p1a: salamencif|76/100|[from] Stealth Rock
|turn|17
|
|t:|1742079619
|move|p2a: Keldeo|Scald|p1a: salamencif
|-resisted|p1a: salamencif
|-damage|p1a: salamencif|50/100
|-status|p1a: salamencif|brn
|-enditem|p1a: salamencif|Lum Berry|[eat]
|-curestatus|p1a: salamencif|brn|[msg]
|move|p1a: salamencif|Dragon Dance|p1a: salamencif
|-boost|p1a: salamencif|atk|1
|-boost|p1a: salamencif|spe|1
|
|-weather|Sandstorm|[upkeep]
|-damage|p1a: salamencif|44/100|[from] Sandstorm
|-damage|p2a: Keldeo|25/100|[from] Sandstorm
|-heal|p2a: Keldeo|31/100|[from] item: Leftovers
|upkeep
|turn|18
|
|t:|1742079633
|move|p2a: Keldeo|Protect|p2a: Keldeo
|-singleturn|p2a: Keldeo|Protect
|move|p1a: salamencif|Dragon Claw|p2a: Keldeo
|-activate|p2a: Keldeo|move: Protect
|
|-weather|Sandstorm|[upkeep]
|-damage|p1a: salamencif|38/100|[from] Sandstorm
|-damage|p2a: Keldeo|25/100|[from] Sandstorm
|-heal|p2a: Keldeo|31/100|[from] item: Leftovers
|upkeep
|turn|19
|
|t:|1742079637
|move|p1a: salamencif|Dragon Claw|p2a: Keldeo
|-damage|p2a: Keldeo|0 fnt
|faint|p2a: Keldeo
|-ability|p1a: salamencif|Moxie|boost
|-boost|p1a: salamencif|atk|1
|
|-weather|Sandstorm|[upkeep]
|-damage|p1a: salamencif|32/100|[from] Sandstorm
|upkeep
|
|t:|1742079639
|switch|p2a: Terrakion|Terrakion|100/100
|turn|20
|
|t:|1742079650
|move|p2a: Terrakion|Rock Slide|p1a: salamencif
|-supereffective|p1a: salamencif
|-damage|p1a: salamencif|0 fnt
|faint|p1a: salamencif
|
|-weather|Sandstorm|[upkeep]
|upkeep
|
|t:|1742079653
|switch|p1a: choiceband|Latios, M|100/100
|-damage|p1a: choiceband|88/100|[from] Stealth Rock
|turn|21
|
|t:|1742079660
|switch|p2a: Latios|Latios, M|32/100
|move|p1a: choiceband|Dragon Pulse|p2a: Latios
|-supereffective|p2a: Latios
|-damage|p2a: Latios|0 fnt
|faint|p2a: Latios
|
|-weather|Sandstorm|[upkeep]
|-damage|p1a: choiceband|82/100|[from] Sandstorm
|upkeep
|
|t:|1742079663
|switch|p2a: Terrakion|Terrakion|100/100
|turn|22
|
|t:|1742079665
|move|p1a: choiceband|Dragon Pulse|p2a: Terrakion
|-damage|p2a: Terrakion|64/100
|move|p2a: Terrakion|X-Scissor|p1a: choiceband
|-supereffective|p1a: choiceband
|-damage|p1a: choiceband|4/100
|
|-weather|Sandstorm|[upkeep]
|-damage|p1a: choiceband|0 fnt|[from] Sandstorm
|faint|p1a: choiceband
|
|win|hnefl
|raw|kaisuxlol's rating: 1414 &rarr; <strong>1394</strong><br />(-20 for losing)
|raw|hnefl's rating: 1413 &rarr; <strong>1433</strong><br />(+20 for winning)
|l|☆kaisuxlol
|player|p1|
