|j|☆BWCynda
|j|☆RumoDandelion
|t:|1709337846
|gametype|singles
|player|p1|BWCynda|rancher|1326
|player|p2|RumoDandelion|psychic|1398
|teamsize|p1|6
|teamsize|p2|6
|gen|5
|tier|[Gen 5] OU
|rated|
|rule|Species Clause: Limit one of each Pokémon
|rule|OHKO Clause: OHKO moves are banned
|rule|Moody Clause: Moody is banned
|rule|Evasion Items Clause: Evasion items are banned
|rule|Evasion Moves Clause: Evasion moves are banned
|rule|Endless Battle Clause: Forcing endless battles is banned
|rule|HP Percentage Mod: HP is shown in percentages
|rule|Evasion Abilities Clause: Evasion abilities are banned
|rule|Sleep Moves Clause: Sleep-inducing moves are banned
|rule|Swagger Clause: Swagger is banned
|rule|Baton Pass Stat Clause: No Baton Passer may have a way to boost its stats
|clearpoke
|poke|p1|Tyranitar, F|item
|poke|p1|Landorus-Therian, M|item
|poke|p1|Excadrill, M|item
|poke|p1|Garchomp, M|item
|poke|p1|Celebi|item
|poke|p1|Rotom-Wash|item
|poke|p2|Politoed, M|item
|poke|p2|Ferrothorn, F|item
|poke|p2|Tentacruel, F|item
|poke|p2|Latios, M|item
|poke|p2|Keldeo-Resolute|item
|poke|p2|Thundurus-Therian, M|item
|teampreview
|inactive|Battle timer is ON: inactive players will automatically lose when time's up. (requested by BWCynda)
|inactive|BWCynda has 120 seconds left.
|l|☆BWCynda
|inactive|BWCynda disconnected and has a minute to reconnect!
|player|p1|
|inactive|BWCynda has 30 seconds to reconnect!
|inactive|BWCynda has 20 seconds to reconnect!
|inactive|BWCynda has 15 seconds to reconnect!
|inactive|BWCynda has 10 seconds to reconnect!
|inactive|BWCynda has 5 seconds to reconnect!
|j|☆BWCynda
|inactive|BWCynda reconnected and has 55 seconds left.
|player|p1|BWCynda|rancher
|
|t:|1709337945
|start
|switch|p1a: Celebi|Celebi|100/100
|switch|p2a: Ferrothorn|Ferrothorn, F|100/100
|turn|1
|inactive|BWCynda has 120 seconds left.
|inactive|RumoDandelion has 120 seconds left.
|
|t:|1709337979
|move|p1a: Celebi|Stealth Rock|p2a: Ferrothorn
|-sidestart|p2: RumoDandelion|move: Stealth Rock
|move|p2a: Ferrothorn|Knock Off|p1a: Celebi
|-supereffective|p1a: Celebi
|-damage|p1a: Celebi|93/100
|-enditem|p1a: Celebi|Leftovers|[from] move: Knock Off|[of] p2a: Ferrothorn
|
|upkeep
|turn|2
|
|t:|1709337983
|move|p1a: Celebi|Baton Pass|p1a: Celebi
|
|t:|1709337985
|switch|p1a: Landorus|Landorus-Therian, M|100/100|[from] Baton Pass
|-ability|p1a: Landorus|Intimidate|boost
|-unboost|p2a: Ferrothorn|atk|1
|move|p2a: Ferrothorn|Stealth Rock|p1a: Landorus
|-sidestart|p1: BWCynda|move: Stealth Rock
|
|upkeep
|turn|3
|
|t:|1709337995
|move|p1a: Landorus|Substitute|p1a: Landorus
|-start|p1a: Landorus|Substitute
|-damage|p1a: Landorus|76/100
|move|p2a: Ferrothorn|Spikes|p1a: Landorus
|-sidestart|p1: BWCynda|Spikes
|
|-heal|p1a: Landorus|82/100|[from] item: Leftovers
|upkeep
|turn|4
|
|t:|1709337998
|move|p1a: Landorus|Earthquake|p2a: Ferrothorn
|-damage|p2a: Ferrothorn|62/100
|move|p2a: Ferrothorn|Power Whip|p1a: Landorus
|-end|p1a: Landorus|Substitute
|
|-heal|p1a: Landorus|88/100|[from] item: Leftovers
|-heal|p2a: Ferrothorn|68/100|[from] item: Leftovers
|upkeep
|turn|5
|
|t:|1709338009
|switch|p2a: Politoed|Politoed, M|100/100
|-damage|p2a: Politoed|88/100|[from] Stealth Rock
|-weather|RainDance|[from] ability: Drizzle|[of] p2a: Politoed
|move|p1a: Landorus|Earthquake|p2a: Politoed
|-damage|p2a: Politoed|43/100
|
|-weather|RainDance|[upkeep]
|-heal|p1a: Landorus|94/100|[from] item: Leftovers
|-heal|p2a: Politoed|49/100|[from] item: Leftovers
|upkeep
|turn|6
|
|t:|1709338014
|switch|p1a: Celebi|Celebi|93/100
|-damage|p1a: Celebi|80/100|[from] Stealth Rock
|-damage|p1a: Celebi|68/100|[from] Spikes
|move|p2a: Politoed|Scald|p1a: Celebi
|-resisted|p1a: Celebi
|-damage|p1a: Celebi|57/100
|-status|p1a: Celebi|brn
|
|-weather|RainDance|[upkeep]
|-heal|p2a: Politoed|55/100|[from] item: Leftovers
|-damage|p1a: Celebi|45/100 brn|[from] brn
|upkeep
|turn|7
|
|t:|1709338019
|move|p2a: Politoed|Protect|p2a: Politoed
|-singleturn|p2a: Politoed|Protect
|move|p1a: Celebi|Recover|p1a: Celebi
|-heal|p1a: Celebi|95/100 brn
|
|-weather|RainDance|[upkeep]
|-heal|p2a: Politoed|61/100|[from] item: Leftovers
|-damage|p1a: Celebi|82/100 brn|[from] brn
|upkeep
|turn|8
|
|t:|1709338031
|switch|p2a: Latios|Latios, M|100/100
|-damage|p2a: Latios|88/100|[from] Stealth Rock
|move|p1a: Celebi|Psychic|p2a: Latios
|-resisted|p2a: Latios
|-damage|p2a: Latios|71/100
|
|-weather|RainDance|[upkeep]
|-damage|p1a: Celebi|70/100 brn|[from] brn
|upkeep
|turn|9
|
|t:|1709338037
|switch|p2a: Keldeo|Keldeo-Resolute|100/100
|-damage|p2a: Keldeo|94/100|[from] Stealth Rock
|move|p1a: Celebi|Recover|p1a: Celebi
|-heal|p1a: Celebi|100/100 brn
|
|-weather|RainDance|[upkeep]
|-damage|p1a: Celebi|88/100 brn|[from] brn
|upkeep
|turn|10
|
|t:|1709338041
|switch|p2a: Ferrothorn|Ferrothorn, F|68/100
|-damage|p2a: Ferrothorn|62/100|[from] Stealth Rock
|move|p1a: Celebi|Psychic|p2a: Ferrothorn
|-resisted|p2a: Ferrothorn
|-damage|p2a: Ferrothorn|51/100
|
|-weather|RainDance|[upkeep]
|-heal|p2a: Ferrothorn|57/100|[from] item: Leftovers
|-damage|p1a: Celebi|76/100 brn|[from] brn
|upkeep
|turn|11
|
|t:|1709338048
|move|p1a: Celebi|Baton Pass|p1a: Celebi
|
|t:|1709338050
|-curestatus|p1a: Celebi|brn|[from] ability: Natural Cure
|switch|p1a: Landorus|Landorus-Therian, M|94/100|[from] Baton Pass
|-damage|p1a: Landorus|81/100|[from] Stealth Rock
|-ability|p1a: Landorus|Intimidate|boost
|-unboost|p2a: Ferrothorn|atk|1
|move|p2a: Ferrothorn|Spikes|p1a: Landorus
|-sidestart|p1: BWCynda|Spikes
|
|-weather|RainDance|[upkeep]
|-heal|p1a: Landorus|87/100|[from] item: Leftovers
|-heal|p2a: Ferrothorn|63/100|[from] item: Leftovers
|upkeep
|turn|12
|
|t:|1709338056
|switch|p2a: Thundurus|Thundurus-Therian, M|100/100
|-damage|p2a: Thundurus|76/100|[from] Stealth Rock
|move|p1a: Landorus|Substitute|p1a: Landorus
|-start|p1a: Landorus|Substitute
|-damage|p1a: Landorus|63/100
|
|-weather|RainDance|[upkeep]
|-heal|p1a: Landorus|69/100|[from] item: Leftovers
|-heal|p2a: Thundurus|82/100|[from] item: Leftovers
|upkeep
|turn|13
|
|t:|1709338059
|move|p1a: Landorus|Smack Down|p2a: Thundurus
|-supereffective|p2a: Thundurus
|-damage|p2a: Thundurus|34/100
|-start|p2a: Thundurus|Smack Down
|move|p2a: Thundurus|Substitute|p2a: Thundurus
|-start|p2a: Thundurus|Substitute
|-damage|p2a: Thundurus|9/100
|
|-weather|RainDance|[upkeep]
|-heal|p1a: Landorus|74/100|[from] item: Leftovers
|-heal|p2a: Thundurus|15/100|[from] item: Leftovers
|upkeep
|turn|14
|
|t:|1709338064
|move|p1a: Landorus|Earthquake|p2a: Thundurus
|-supereffective|p2a: Thundurus
|-end|p2a: Thundurus|Substitute
|move|p2a: Thundurus|Hidden Power|p1a: Landorus
|-supereffective|p1a: Landorus
|-end|p1a: Landorus|Substitute
|
|-weather|RainDance|[upkeep]
|-heal|p1a: Landorus|80/100|[from] item: Leftovers
|-heal|p2a: Thundurus|21/100|[from] item: Leftovers
|upkeep
|turn|15
|
|t:|1709338069
|switch|p2a: Keldeo|Keldeo-Resolute|94/100
|-damage|p2a: Keldeo|88/100|[from] Stealth Rock
|move|p1a: Landorus|Smack Down|p2a: Keldeo
|-resisted|p2a: Keldeo
|-damage|p2a: Keldeo|78/100
|
|-weather|RainDance|[upkeep]
|-heal|p1a: Landorus|86/100|[from] item: Leftovers
|upkeep
|turn|16
|
|t:|1709338074
|switch|p1a: Rotom|Rotom-Wash|100/100
|-damage|p1a: Rotom|88/100|[from] Stealth Rock
|move|p2a: Keldeo|Surf|p1a: Rotom
|-resisted|p1a: Rotom
|-damage|p1a: Rotom|37/100
|
|-weather|RainDance|[upkeep]
|-heal|p1a: Rotom|43/100|[from] item: Leftovers
|upkeep
|turn|17
|
|t:|1709338081
|move|p2a: Keldeo|Surf|p1a: Rotom
|-resisted|p1a: Rotom
|-damage|p1a: Rotom|0 fnt
|faint|p1a: Rotom
|
|-weather|RainDance|[upkeep]
|upkeep
|
|t:|1709338093
|switch|p1a: Tyranitar|Tyranitar, F|100/100
|-damage|p1a: Tyranitar|88/100|[from] Stealth Rock
|-damage|p1a: Tyranitar|72/100|[from] Spikes
|-weather|Sandstorm|[from] ability: Sand Stream|[of] p1a: Tyranitar
|turn|18
|
|t:|1709338101
|switch|p1a: Celebi|Celebi|76/100
|-damage|p1a: Celebi|63/100|[from] Stealth Rock
|-damage|p1a: Celebi|47/100|[from] Spikes
|move|p2a: Keldeo|Surf|p1a: Celebi
|-resisted|p1a: Celebi
|-damage|p1a: Celebi|25/100
|
|-weather|Sandstorm|[upkeep]
|-damage|p2a: Keldeo|72/100|[from] Sandstorm
|-damage|p1a: Celebi|19/100|[from] Sandstorm
|upkeep
|turn|19
|
|t:|1709338105
|move|p2a: Keldeo|Surf|p1a: Celebi
|-resisted|p1a: Celebi
|-damage|p1a: Celebi|0 fnt
|faint|p1a: Celebi
|
|-weather|Sandstorm|[upkeep]
|-damage|p2a: Keldeo|66/100|[from] Sandstorm
|upkeep
|
|t:|1709338109
|switch|p1a: Garchomp|Garchomp, M|100/100
|-damage|p1a: Garchomp|94/100|[from] Stealth Rock
|-damage|p1a: Garchomp|78/100|[from] Spikes
|turn|20
|
|t:|1709338115
|move|p1a: Garchomp|Earthquake|p2a: Keldeo
|-damage|p2a: Keldeo|8/100
|move|p2a: Keldeo|Surf|p1a: Garchomp
|-damage|p1a: Garchomp|0 fnt
|faint|p1a: Garchomp
|
|-weather|Sandstorm|[upkeep]
|-damage|p2a: Keldeo|2/100|[from] Sandstorm
|upkeep
|
|t:|1709338122
|switch|p1a: Tyranitar|Tyranitar, F|72/100
|-damage|p1a: Tyranitar|59/100|[from] Stealth Rock
|-damage|p1a: Tyranitar|43/100|[from] Spikes
|turn|21
|
|t:|1709338125
|move|p2a: Keldeo|Surf|p1a: Tyranitar
|-supereffective|p1a: Tyranitar
|-damage|p1a: Tyranitar|0 fnt
|faint|p1a: Tyranitar
|
|-weather|Sandstorm|[upkeep]
|-damage|p2a: Keldeo|0 fnt|[from] Sandstorm
|faint|p2a: Keldeo
|upkeep
|
|t:|1709338128
|switch|p2a: Politoed|Politoed, M|61/100
|switch|p1a: Landorus|Landorus-Therian, M|86/100
|-damage|p1a: Landorus|74/100|[from] Stealth Rock
|-ability|p1a: Landorus|Intimidate|boost
|-unboost|p2a: Politoed|atk|1
|-damage|p2a: Politoed|49/100|[from] Stealth Rock
|-weather|RainDance|[from] ability: Drizzle|[of] p2a: Politoed
|turn|22
|
|t:|1709338132
|move|p1a: Landorus|Substitute|p1a: Landorus
|-start|p1a: Landorus|Substitute
|-damage|p1a: Landorus|49/100
|move|p2a: Politoed|Scald|p1a: Landorus
|-supereffective|p1a: Landorus
|-end|p1a: Landorus|Substitute
|
|-weather|RainDance|[upkeep]
|-heal|p1a: Landorus|55/100|[from] item: Leftovers
|-heal|p2a: Politoed|55/100|[from] item: Leftovers
|upkeep
|turn|23
|
|t:|1709338137
|move|p1a: Landorus|Earthquake|p2a: Politoed
|-damage|p2a: Politoed|9/100
|move|p2a: Politoed|Scald|p1a: Landorus
|-supereffective|p1a: Landorus
|-damage|p1a: Landorus|0 fnt
|faint|p1a: Landorus
|
|-weather|RainDance|[upkeep]
|-heal|p2a: Politoed|15/100|[from] item: Leftovers
|upkeep
|
|t:|1709338140
|switch|p1a: Excadrill|Excadrill, M|100/100
|-damage|p1a: Excadrill|98/100|[from] Stealth Rock
|-damage|p1a: Excadrill|81/100|[from] Spikes
|turn|24
|
|t:|1709338143
|move|p1a: Excadrill|Earthquake|p2a: Politoed
|-damage|p2a: Politoed|0 fnt
|faint|p2a: Politoed
|
|-weather|RainDance|[upkeep]
|-heal|p1a: Excadrill|87/100|[from] item: Leftovers
|upkeep
|
|t:|1709338152
|switch|p2a: Latios|Latios, M|71/100
|-damage|p2a: Latios|59/100|[from] Stealth Rock
|turn|25
|
|t:|1709338154
|move|p2a: Latios|Surf|p1a: Excadrill
|-supereffective|p1a: Excadrill
|-damage|p1a: Excadrill|0 fnt
|faint|p1a: Excadrill
|
|win|RumoDandelion
|raw|BWCynda's rating: 1326 &rarr; <strong>1310</strong><br />(-16 for losing)
|raw|RumoDandelion's rating: 1398 &rarr; <strong>1414</strong><br />(+16 for winning)
