|j|☆BlueClothesHanger
|j|☆Franco J
|t:|1716233214
|gametype|singles
|player|p1|BlueClothesHanger|barry|1324
|player|p2|Franco J|n|1350
|teamsize|p1|6
|teamsize|p2|6
|gen|5
|tier|[Gen 5] OU
|rated|
|rule|Species Clause: Limit one of each Pokémon
|rule|OHKO Clause: OHKO moves are banned
|rule|Moody Clause: Moody is banned
|rule|Evasion Items Clause: Evasion items are banned
|rule|Evasion Moves Clause: Evasion moves are banned
|rule|Endless Battle Clause: Forcing endless battles is banned
|rule|HP Percentage Mod: HP is shown in percentages
|rule|Evasion Abilities Clause: Evasion abilities are banned
|rule|Sleep Moves Clause: Sleep-inducing moves are banned
|rule|Swagger Clause: Swagger is banned
|rule|Baton Pass Stat Clause: No Baton Passer may have a way to boost its stats
|clearpoke
|poke|p1|Politoed, F|item
|poke|p1|Latios, M|item
|poke|p1|Keldeo|item
|poke|p1|Starmie|item
|poke|p1|Jirachi|item
|poke|p1|Thundurus-Therian, M|item
|poke|p2|Lucario, M|item
|poke|p2|Sigilyph, F|item
|poke|p2|Skarmory, F|item
|poke|p2|Gengar, F|item
|poke|p2|Tyranitar, M|item
|poke|p2|Gastrodon, F|item
|teampreview
|inactive|Battle timer is ON: inactive players will automatically lose when time's up. (requested by Franco J)
|
|t:|1716233220
|start
|switch|p1a: Politoed|Politoed, F|100/100
|switch|p2a: Skarmory|Skarmory, F|100/100
|-weather|RainDance|[from] ability: Drizzle|[of] p1a: Politoed
|turn|1
|
|t:|1716233233
|move|p1a: Politoed|Encore||[still]
|-fail|p1a: Politoed
|move|p2a: Skarmory|Stealth Rock|p1a: Politoed
|-sidestart|p1: BlueClothesHanger|move: Stealth Rock
|
|-weather|RainDance|[upkeep]
|upkeep
|turn|2
|
|t:|1716233250
|move|p1a: Politoed|Encore|p2a: Skarmory
|-start|p2a: Skarmory|Encore
|move|p2a: Skarmory|Stealth Rock||[still]
|-fail|p2a: Skarmory
|
|-weather|RainDance|[upkeep]
|upkeep
|turn|3
|
|t:|1716233256
|switch|p1a: Jirachi|Jirachi|100/100
|-damage|p1a: Jirachi|94/100|[from] Stealth Rock
|switch|p2a: Gastrodon|Gastrodon, F|100/100
|
|-weather|RainDance|[upkeep]
|-heal|p1a: Jirachi|100/100|[from] item: Leftovers
|upkeep
|turn|4
|
|t:|1716233259
|move|p1a: Jirachi|Stealth Rock|p2a: Gastrodon
|-sidestart|p2: Franco J|move: Stealth Rock
|move|p2a: Gastrodon|Scald|p1a: Jirachi
|-damage|p1a: Jirachi|76/100
|
|-weather|RainDance|[upkeep]
|-heal|p1a: Jirachi|83/100|[from] item: Leftovers
|upkeep
|turn|5
|
|t:|1716233264
|move|p1a: Jirachi|Energy Ball|p2a: Gastrodon
|-supereffective|p2a: Gastrodon
|-damage|p2a: Gastrodon|33/100
|-unboost|p2a: Gastrodon|spd|1
|move|p2a: Gastrodon|Scald|p1a: Jirachi
|-damage|p1a: Jirachi|57/100
|
|-weather|RainDance|[upkeep]
|-heal|p1a: Jirachi|63/100|[from] item: Leftovers
|-heal|p2a: Gastrodon|39/100|[from] item: Leftovers
|upkeep
|turn|6
|
|t:|1716233276
|switch|p2a: Karen II|Gengar, F|100/100
|-damage|p2a: Karen II|88/100|[from] Stealth Rock
|move|p1a: Jirachi|Energy Ball|p2a: Karen II
|-resisted|p2a: Karen II
|-damage|p2a: Karen II|73/100
|
|-weather|RainDance|[upkeep]
|-heal|p2a: Karen II|79/100|[from] item: Black Sludge
|-heal|p1a: Jirachi|70/100|[from] item: Leftovers
|upkeep
|turn|7
|
|t:|1716233285
|move|p2a: Karen II|Thunder|p1a: Jirachi
|-damage|p1a: Jirachi|42/100
|-status|p1a: Jirachi|par
|move|p1a: Jirachi|Flash Cannon|p2a: Karen II
|-damage|p2a: Karen II|39/100
|
|-weather|RainDance|[upkeep]
|-heal|p2a: Karen II|45/100|[from] item: Black Sludge
|-heal|p1a: Jirachi|48/100 par|[from] item: Leftovers
|upkeep
|turn|8
|
|t:|1716233293
|switch|p1a: Thundurus|Thundurus-Therian, M|100/100
|-damage|p1a: Thundurus|76/100|[from] Stealth Rock
|move|p2a: Karen II|Focus Blast|p1a: Thundurus
|-resisted|p1a: Thundurus
|-damage|p1a: Thundurus|50/100
|
|-weather|RainDance|[upkeep]
|-heal|p2a: Karen II|52/100|[from] item: Black Sludge
|-heal|p1a: Thundurus|56/100|[from] item: Leftovers
|upkeep
|turn|9
|
|t:|1716233301
|move|p2a: Karen II|Shadow Ball|p1a: Thundurus
|-damage|p1a: Thundurus|10/100
|move|p1a: Thundurus|Agility|p1a: Thundurus
|-boost|p1a: Thundurus|spe|2
|
|-weather|RainDance|[upkeep]
|-heal|p1a: Thundurus|16/100|[from] item: Leftovers
|-heal|p2a: Karen II|58/100|[from] item: Black Sludge
|upkeep
|turn|10
|
|t:|1716233309
|switch|p2a: God|Tyranitar, M|100/100
|-damage|p2a: God|88/100|[from] Stealth Rock
|-weather|Sandstorm|[from] ability: Sand Stream|[of] p2a: God
|move|p1a: Thundurus|Thunder|p2a: God
|-damage|p2a: God|55/100
|-status|p2a: God|par
|
|-weather|Sandstorm|[upkeep]
|-damage|p1a: Thundurus|10/100|[from] Sandstorm
|-heal|p1a: Thundurus|16/100|[from] item: Leftovers
|upkeep
|turn|11
|
|t:|1716233316
|switch|p2a: Gastrodon|Gastrodon, F|39/100
|-damage|p2a: Gastrodon|33/100|[from] Stealth Rock
|move|p1a: Thundurus|Focus Blast|p2a: Gastrodon|[miss]
|-miss|p1a: Thundurus|p2a: Gastrodon
|
|-weather|Sandstorm|[upkeep]
|-damage|p1a: Thundurus|10/100|[from] Sandstorm
|-heal|p1a: Thundurus|16/100|[from] item: Leftovers
|-heal|p2a: Gastrodon|39/100|[from] item: Leftovers
|upkeep
|turn|12
|
|t:|1716233325
|move|p2a: Gastrodon|Protect|p2a: Gastrodon
|-singleturn|p2a: Gastrodon|Protect
|move|p1a: Thundurus|Focus Blast|p2a: Gastrodon
|-activate|p2a: Gastrodon|move: Protect
|
|-weather|Sandstorm|[upkeep]
|-damage|p1a: Thundurus|10/100|[from] Sandstorm
|-heal|p1a: Thundurus|16/100|[from] item: Leftovers
|-heal|p2a: Gastrodon|45/100|[from] item: Leftovers
|upkeep
|turn|13
|
|t:|1716233332
|move|p1a: Thundurus|Focus Blast|p2a: Gastrodon|[miss]
|-miss|p1a: Thundurus|p2a: Gastrodon
|move|p2a: Gastrodon|Scald|p1a: Thundurus
|-damage|p1a: Thundurus|0 fnt
|faint|p1a: Thundurus
|
|-weather|Sandstorm|[upkeep]
|-heal|p2a: Gastrodon|51/100|[from] item: Leftovers
|upkeep
|
|t:|1716233338
|switch|p1a: Latios|Latios, M|100/100
|-damage|p1a: Latios|88/100|[from] Stealth Rock
|turn|14
|
|t:|1716233341
|move|p2a: Gastrodon|Protect|p2a: Gastrodon
|-singleturn|p2a: Gastrodon|Protect
|move|p1a: Latios|Grass Knot|p2a: Gastrodon
|-activate|p2a: Gastrodon|move: Protect
|
|-weather|Sandstorm|[upkeep]
|-damage|p1a: Latios|82/100|[from] Sandstorm
|-heal|p2a: Gastrodon|57/100|[from] item: Leftovers
|upkeep
|turn|15
|
|t:|1716233349
|switch|p1a: Politoed|Politoed, F|100/100
|-damage|p1a: Politoed|88/100|[from] Stealth Rock
|-weather|RainDance|[from] ability: Drizzle|[of] p1a: Politoed
|switch|p2a: Karen II|Gengar, F|58/100
|-damage|p2a: Karen II|45/100|[from] Stealth Rock
|
|-weather|RainDance|[upkeep]
|-heal|p2a: Karen II|52/100|[from] item: Black Sludge
|upkeep
|turn|16
|
|t:|1716233357
|move|p1a: Politoed|Surf|p2a: Karen II
|-damage|p2a: Karen II|0 fnt
|faint|p2a: Karen II
|
|-weather|RainDance|[upkeep]
|upkeep
|
|t:|1716233363
|switch|p2a: God|Tyranitar, M|55/100 par
|-damage|p2a: God|42/100 par|[from] Stealth Rock
|-weather|Sandstorm|[from] ability: Sand Stream|[of] p2a: God
|turn|17
|
|t:|1716233366
|move|p1a: Politoed|Surf|p2a: God
|-supereffective|p2a: God
|-damage|p2a: God|5/100 par
|move|p2a: God|Pursuit|p1a: Politoed
|-crit|p1a: Politoed
|-damage|p1a: Politoed|30/100
|
|-weather|Sandstorm|[upkeep]
|-damage|p1a: Politoed|24/100|[from] Sandstorm
|upkeep
|turn|18
|
|t:|1716233374
|move|p1a: Politoed|Surf|p2a: God
|-supereffective|p2a: God
|-damage|p2a: God|0 fnt
|faint|p2a: God
|
|-weather|Sandstorm|[upkeep]
|-damage|p1a: Politoed|18/100|[from] Sandstorm
|upkeep
|
|t:|1716233381
|switch|p2a: Skarmory|Skarmory, F|100/100
|-damage|p2a: Skarmory|88/100|[from] Stealth Rock
|turn|19
|
|t:|1716233389
|switch|p1a: Jirachi|Jirachi|48/100 par
|-damage|p1a: Jirachi|42/100 par|[from] Stealth Rock
|move|p2a: Skarmory|Spikes|p1a: Jirachi
|-sidestart|p1: BlueClothesHanger|Spikes
|
|-weather|Sandstorm|[upkeep]
|-heal|p1a: Jirachi|48/100 par|[from] item: Leftovers
|upkeep
|turn|20
|
|t:|1716233393
|switch|p1a: Starmie|Starmie|100/100
|-damage|p1a: Starmie|88/100|[from] Stealth Rock
|-item|p1a: Starmie|Air Balloon
|move|p2a: Skarmory|Taunt|p1a: Starmie
|-start|p1a: Starmie|move: Taunt
|
|-weather|Sandstorm|[upkeep]
|-damage|p1a: Starmie|82/100|[from] Sandstorm
|upkeep
|turn|21
|
|t:|1716233397
|move|p1a: Starmie|Rapid Spin|p2a: Skarmory
|-resisted|p2a: Skarmory
|-damage|p2a: Skarmory|87/100
|-sideend|p1: BlueClothesHanger|Spikes|[from] move: Rapid Spin|[of] p1a: Starmie
|-sideend|p1: BlueClothesHanger|Stealth Rock|[from] move: Rapid Spin|[of] p1a: Starmie
|move|p2a: Skarmory|Brave Bird|p1a: Starmie
|-damage|p1a: Starmie|12/100
|-enditem|p1a: Starmie|Air Balloon
|-damage|p2a: Skarmory|64/100|[from] Recoil
|
|-weather|Sandstorm|[upkeep]
|-damage|p1a: Starmie|6/100|[from] Sandstorm
|upkeep
|turn|22
|
|t:|1716233401
|switch|p1a: Politoed|Politoed, F|18/100
|-weather|RainDance|[from] ability: Drizzle|[of] p1a: Politoed
|move|p2a: Skarmory|Stealth Rock|p1a: Politoed
|-sidestart|p1: BlueClothesHanger|move: Stealth Rock
|
|-weather|RainDance|[upkeep]
|upkeep
|turn|23
|
|t:|1716233412
|move|p1a: Politoed|Surf|p2a: Skarmory
|-damage|p2a: Skarmory|0 fnt
|faint|p2a: Skarmory
|
|-weather|RainDance|[upkeep]
|upkeep
|
|t:|1716233418
|switch|p2a: Gastrodon|Gastrodon, F|57/100
|-damage|p2a: Gastrodon|51/100|[from] Stealth Rock
|turn|24
|
|t:|1716233422
|switch|p1a: Latios|Latios, M|82/100
|-damage|p1a: Latios|70/100|[from] Stealth Rock
|move|p2a: Gastrodon|Recover|p2a: Gastrodon
|-heal|p2a: Gastrodon|100/100
|
|-weather|RainDance|[upkeep]
|upkeep
|turn|25
|
|t:|1716233428
|move|p1a: Latios|Draco Meteor|p2a: Gastrodon
|-damage|p2a: Gastrodon|0 fnt
|-unboost|p1a: Latios|spa|2
|faint|p2a: Gastrodon
|
|-weather|RainDance|[upkeep]
|upkeep
|
|t:|1716233432
|switch|p2a: Ne|Lucario, M|100/100
|-damage|p2a: Ne|98/100|[from] Stealth Rock
|turn|26
|
|t:|1716233438
|switch|p1a: Politoed|Politoed, F|18/100
|-damage|p1a: Politoed|5/100|[from] Stealth Rock
|move|p2a: Ne|Swords Dance|p2a: Ne
|-boost|p2a: Ne|atk|2
|
|-weather|RainDance|[upkeep]
|upkeep
|turn|27
|
|t:|1716233444
|move|p2a: Ne|Extreme Speed|p1a: Politoed
|-crit|p1a: Politoed
|-damage|p1a: Politoed|0 fnt
|faint|p1a: Politoed
|-damage|p2a: Ne|88/100|[from] item: Life Orb
|
|-weather|RainDance|[upkeep]
|upkeep
|
|t:|1716233447
|switch|p1a: Keldeo|Keldeo|100/100
|-damage|p1a: Keldeo|94/100|[from] Stealth Rock
|turn|28
|
|t:|1716233450
|move|p2a: Ne|Extreme Speed|p1a: Keldeo
|-damage|p1a: Keldeo|9/100
|-damage|p2a: Ne|78/100|[from] item: Life Orb
|move|p1a: Keldeo|Hydro Pump|p2a: Ne
|-damage|p2a: Ne|0 fnt
|faint|p2a: Ne
|
|-weather|RainDance|[upkeep]
|-heal|p1a: Keldeo|16/100|[from] item: Leftovers
|upkeep
|
|t:|1716233455
|switch|p2a: Atenea|Sigilyph, F|100/100
|turn|29
|
|t:|1716233459
|move|p1a: Keldeo|Hydro Pump|p2a: Atenea
|-enditem|p2a: Atenea|Focus Sash
|-damage|p2a: Atenea|1/100
|move|p2a: Atenea|Air Slash|p1a: Keldeo
|-supereffective|p1a: Keldeo
|-damage|p1a: Keldeo|0 fnt
|faint|p1a: Keldeo
|
|-weather|RainDance|[upkeep]
|upkeep
|-message|Franco J forfeited.
|
|win|BlueClothesHanger
|raw|BlueClothesHanger's rating: 1324 &rarr; <strong>1345</strong><br />(+21 for winning)
|raw|Franco J's rating: 1350 &rarr; <strong>1329</strong><br />(-21 for losing)
|l|☆Franco J
|player|p2|
