|j|☆hjdzd
|j|☆Darkortex
|t:|1726537190
|gametype|singles
|player|p1|hjdzd|policeman-gen4|1437
|player|p2|Darkortex|hilbert|1503
|teamsize|p1|6
|teamsize|p2|6
|gen|5
|tier|[Gen 5] OU
|rated|
|rule|Species Clause: Limit one of each Pokémon
|rule|OHKO Clause: OHKO moves are banned
|rule|Moody Clause: Moody is banned
|rule|Evasion Items Clause: Evasion items are banned
|rule|Evasion Moves Clause: Evasion moves are banned
|rule|Endless Battle Clause: Forcing endless battles is banned
|rule|HP Percentage Mod: HP is shown in percentages
|rule|Evasion Abilities Clause: Evasion abilities are banned
|rule|Sleep Moves Clause: Sleep-inducing moves are banned
|rule|Swagger Clause: Swagger is banned
|rule|Baton Pass Stat Clause: No Baton Passer may have a way to boost its stats
|clearpoke
|poke|p1|Gyarados, M|item
|poke|p1|Salamence, M|item
|poke|p1|Scrafty, M|item
|poke|p1|Honchkrow, M|item
|poke|p1|Heracross, M|item
|poke|p1|Krookodile, M|item
|poke|p2|Ninetales, M|item
|poke|p2|Chansey, F|item
|poke|p2|Cresselia, F|item
|poke|p2|Excadrill, M|item
|poke|p2|Xatu, M|item
|poke|p2|Volcarona, M|item
|teampreview
|inactive|Battle timer is ON: inactive players will automatically lose when time's up. (requested by Darkortex)
|j| SKT T1 Motherfaker
|inactive|hjdzd has 120 seconds left.
|
|t:|1726537245
|start
|switch|p1a: KAMEN RIDER|Scrafty, M|100/100
|switch|p2a: Ninetales|Ninetales, M|100/100
|-weather|SunnyDay|[from] ability: Drought|[of] p2a: Ninetales
|turn|1
|
|t:|1726537255
|move|p2a: Ninetales|Will-O-Wisp|p1a: KAMEN RIDER
|-status|p1a: KAMEN RIDER|brn
|-enditem|p1a: KAMEN RIDER|Lum Berry|[eat]
|-curestatus|p1a: KAMEN RIDER|brn|[msg]
|move|p1a: KAMEN RIDER|Dragon Dance|p1a: KAMEN RIDER
|-boost|p1a: KAMEN RIDER|atk|1
|-boost|p1a: KAMEN RIDER|spe|1
|
|-weather|SunnyDay|[upkeep]
|upkeep
|turn|2
|
|t:|1726537261
|move|p1a: KAMEN RIDER|High Jump Kick|p2a: Ninetales|[miss]
|-miss|p1a: KAMEN RIDER|p2a: Ninetales
|-damage|p1a: KAMEN RIDER|51/100|[from] highjumpkick
|move|p2a: Ninetales|Will-O-Wisp|p1a: KAMEN RIDER
|-status|p1a: KAMEN RIDER|brn
|
|-weather|SunnyDay|[upkeep]
|-damage|p1a: KAMEN RIDER|39/100 brn|[from] brn
|upkeep
|turn|3
|
|t:|1726537266
|move|p2a: Ninetales|Protect|p2a: Ninetales
|-singleturn|p2a: Ninetales|Protect
|move|p1a: KAMEN RIDER|High Jump Kick|p2a: Ninetales
|-activate|p2a: Ninetales|move: Protect
|-damage|p1a: KAMEN RIDER|0 fnt|[from] highjumpkick
|faint|p1a: KAMEN RIDER
|
|-weather|SunnyDay|[upkeep]
|upkeep
|
|t:|1726537279
|switch|p1a: 大力王|Heracross, M, shiny|100/100
|turn|4
|inactive|Darkortex has 120 seconds left.
|inactive|Darkortex has 90 seconds left.
|
|t:|1726537353
|move|p2a: Ninetales|Protect|p2a: Ninetales
|-singleturn|p2a: Ninetales|Protect
|move|p1a: 大力王|Close Combat|p2a: Ninetales
|-activate|p2a: Ninetales|move: Protect
|
|-weather|SunnyDay|[upkeep]
|upkeep
|turn|5
|
|t:|1726537368
|move|p1a: 大力王|Close Combat|p2a: Ninetales
|-damage|p2a: Ninetales|32/100
|-unboost|p1a: 大力王|def|1
|-unboost|p1a: 大力王|spd|1
|move|p2a: Ninetales|Flamethrower|p1a: 大力王
|-supereffective|p1a: 大力王
|-damage|p1a: 大力王|0 fnt
|faint|p1a: 大力王
|
|-weather|SunnyDay|[upkeep]
|-heal|p2a: Ninetales|38/100|[from] item: Leftovers
|upkeep
|
|t:|1726537388
|switch|p1a: 小眼鳄|Krookodile, M|100/100
|turn|6
|inactive|Darkortex has 90 seconds left.
|inactive|Darkortex has 60 seconds left.
|
|t:|1726537441
|move|p2a: Ninetales|Protect|p2a: Ninetales
|-singleturn|p2a: Ninetales|Protect
|move|p1a: 小眼鳄|Crunch|p2a: Ninetales
|-activate|p2a: Ninetales|move: Protect
|
|-weather|SunnyDay|[upkeep]
|-heal|p2a: Ninetales|44/100|[from] item: Leftovers
|upkeep
|turn|7
|
|t:|1726537454
|switch|p2a: Chansey|Chansey, F|100/100
|move|p1a: 小眼鳄|Crunch|p2a: Chansey
|-damage|p2a: Chansey|77/100
|-unboost|p2a: Chansey|def|1
|
|-weather|SunnyDay|[upkeep]
|upkeep
|turn|8
|inactive|Darkortex has 60 seconds left.
|
|t:|1726537470
|move|p1a: 小眼鳄|Crunch|p2a: Chansey
|-crit|p2a: Chansey
|-damage|p2a: Chansey|0 fnt
|faint|p2a: Chansey
|-ability|p1a: 小眼鳄|Moxie|boost
|-boost|p1a: 小眼鳄|atk|1
|
|-weather|SunnyDay|[upkeep]
|upkeep
|
|t:|1726537474
|switch|p2a: Excadrill|Excadrill, M|100/100
|-ability|p2a: Excadrill|Mold Breaker
|turn|9
|
|t:|1726537480
|move|p1a: 小眼鳄|Crunch|p2a: Excadrill
|-resisted|p2a: Excadrill
|-crit|p2a: Excadrill
|-damage|p2a: Excadrill|18/100
|move|p2a: Excadrill|Iron Head|p1a: 小眼鳄
|-damage|p1a: 小眼鳄|44/100
|
|-weather|SunnyDay|[upkeep]
|-heal|p2a: Excadrill|24/100|[from] item: Leftovers
|upkeep
|turn|10
|
|t:|1726537485
|move|p2a: Excadrill|Protect|p2a: Excadrill
|-singleturn|p2a: Excadrill|Protect
|move|p1a: 小眼鳄|Crunch|p2a: Excadrill
|-activate|p2a: Excadrill|move: Protect
|
|-weather|SunnyDay|[upkeep]
|-heal|p2a: Excadrill|30/100|[from] item: Leftovers
|upkeep
|turn|11
|
|t:|1726537495
|switch|p2a: Xatu|Xatu, M|100/100
|move|p1a: 小眼鳄|Crunch|p2a: Xatu
|-supereffective|p2a: Xatu
|-damage|p2a: Xatu|0 fnt
|-damage|p1a: 小眼鳄|27/100|[from] item: Rocky Helmet|[of] p2a: Xatu
|faint|p2a: Xatu
|-ability|p1a: 小眼鳄|Moxie|boost
|-boost|p1a: 小眼鳄|atk|1
|
|-weather|SunnyDay|[upkeep]
|upkeep
|
|t:|1726537501
|switch|p2a: Cresselia|Cresselia, F|100/100
|turn|12
|
|t:|1726537504
|move|p1a: 小眼鳄|Crunch|p2a: Cresselia
|-supereffective|p2a: Cresselia
|-crit|p2a: Cresselia
|-damage|p2a: Cresselia|0 fnt
|faint|p2a: Cresselia
|-ability|p1a: 小眼鳄|Moxie|boost
|-boost|p1a: 小眼鳄|atk|1
|
|-weather|SunnyDay|[upkeep]
|upkeep
|-message|Darkortex forfeited.
|
|win|hjdzd
|raw|hjdzd's rating: 1437 &rarr; <strong>1461</strong><br />(+24 for winning)
|raw|Darkortex's rating: 1503 &rarr; <strong>1479</strong><br />(-24 for losing)
|l|☆Darkortex
|player|p2|
|j|☆Darkortex
|player|p2|Darkortex|hilbert|
|l| SKT T1 Motherfaker
|l|☆hjdzd
|player|p1|
|l|☆Darkortex
|player|p2|
|j|☆hjdzd
|player|p1|hjdzd|policeman-gen4|
