|j|☆happy_hitbox
|j|☆bkshiki
|t:|1718560225
|gametype|singles
|player|p1|happy_hitbox|riley|1421
|player|p2|bkshiki|hilda-wonderlauncher|1340
|teamsize|p1|6
|teamsize|p2|6
|gen|5
|tier|[Gen 5] OU
|rated|
|rule|Species Clause: Limit one of each Pokémon
|rule|OHKO Clause: OHKO moves are banned
|rule|Moody Clause: Moody is banned
|rule|Evasion Items Clause: Evasion items are banned
|rule|Evasion Moves Clause: Evasion moves are banned
|rule|Endless Battle Clause: Forcing endless battles is banned
|rule|HP Percentage Mod: HP is shown in percentages
|rule|Evasion Abilities Clause: Evasion abilities are banned
|rule|Sleep Moves Clause: Sleep-inducing moves are banned
|rule|Swagger Clause: Swagger is banned
|rule|Baton Pass Stat Clause: No Baton Passer may have a way to boost its stats
|clearpoke
|poke|p1|Jirachi|item
|poke|p1|Seismitoad, F|item
|poke|p1|Politoed, M|item
|poke|p1|Forretress, M|item
|poke|p1|Breloom, M|item
|poke|p1|Volcarona, F|item
|poke|p2|Victini|item
|poke|p2|Keldeo-Resolute|item
|poke|p2|Garchomp, M|item
|poke|p2|Starmie|item
|poke|p2|Scizor, M|item
|poke|p2|Latias, F|item
|teampreview
|inactive|Battle timer is ON: inactive players will automatically lose when time's up. (requested by bkshiki)
|
|t:|1718560248
|start
|switch|p1a: Politoed|Politoed, M|100/100
|switch|p2a: Garchomp|Garchomp, M|100/100
|-weather|RainDance|[from] ability: Drizzle|[of] p1a: Politoed
|turn|1
|
|t:|1718560256
|move|p2a: Garchomp|Stealth Rock|p1a: Politoed
|-sidestart|p1: happy_hitbox|move: Stealth Rock
|move|p1a: Politoed|Ice Beam|p2a: Garchomp
|-supereffective|p2a: Garchomp
|-enditem|p2a: Garchomp|Focus Sash
|-damage|p2a: Garchomp|1/100
|
|-weather|RainDance|[upkeep]
|upkeep
|turn|2
|
|t:|1718560265
|switch|p1a: Forretress|Forretress, M|100/100
|-damage|p1a: Forretress|88/100|[from] Stealth Rock
|move|p2a: Garchomp|Draco Meteor|p1a: Forretress
|-resisted|p1a: Forretress
|-damage|p1a: Forretress|47/100
|-unboost|p2a: Garchomp|spa|2
|
|-weather|RainDance|[upkeep]
|-heal|p1a: Forretress|53/100|[from] item: Leftovers
|upkeep
|turn|3
|
|t:|1718560279
|switch|p2a: Victini|Victini|100/100
|move|p1a: Forretress|Rapid Spin|p2a: Victini
|-damage|p2a: Victini|96/100
|-sideend|p1: happy_hitbox|Stealth Rock|[from] move: Rapid Spin|[of] p1a: Forretress
|
|-weather|RainDance|[upkeep]
|-heal|p1a: Forretress|59/100|[from] item: Leftovers
|upkeep
|turn|4
|
|t:|1718560297
|switch|p1a: Politoed|Politoed, M|100/100
|move|p2a: Victini|U-turn|p1a: Politoed
|-damage|p1a: Politoed|76/100
|
|t:|1718560321
|switch|p2a: Garchomp|Garchomp, M|1/100|[from] U-turn
|
|-weather|RainDance|[upkeep]
|upkeep
|turn|5
|
|t:|1718560339
|switch|p1a: Forretress|Forretress, M|59/100
|move|p2a: Garchomp|Stealth Rock|p1a: Forretress
|-sidestart|p1: happy_hitbox|move: Stealth Rock
|
|-weather|RainDance|[upkeep]
|-heal|p1a: Forretress|65/100|[from] item: Leftovers
|upkeep
|turn|6
|
|t:|1718560347
|move|p2a: Garchomp|Fire Blast|p1a: Forretress
|-supereffective|p1a: Forretress
|-crit|p1a: Forretress
|-damage|p1a: Forretress|0 fnt
|faint|p1a: Forretress
|
|-weather|RainDance|[upkeep]
|upkeep
|
|t:|1718560356
|switch|p1a: Breloom|Breloom, M|100/100
|-damage|p1a: Breloom|94/100|[from] Stealth Rock
|turn|7
|
|t:|1718560361
|switch|p2a: Victini|Victini|96/100
|switch|p1a: Seismitoad|Seismitoad, F|100/100
|-damage|p1a: Seismitoad|94/100|[from] Stealth Rock
|
|-weather|RainDance|[upkeep]
|-heal|p1a: Seismitoad|100/100|[from] item: Leftovers
|upkeep
|turn|8
|
|t:|1718560372
|move|p2a: Victini|U-turn|p1a: Seismitoad
|-damage|p1a: Seismitoad|85/100
|
|t:|1718560376
|switch|p2a: Latias|Latias, F, shiny|100/100|[from] U-turn
|move|p1a: Seismitoad|Stealth Rock|p2a: Latias
|-sidestart|p2: bkshiki|move: Stealth Rock
|
|-weather|RainDance|[upkeep]
|-heal|p1a: Seismitoad|92/100|[from] item: Leftovers
|upkeep
|turn|9
|
|t:|1718560390
|switch|p1a: Politoed|Politoed, M|76/100
|-damage|p1a: Politoed|63/100|[from] Stealth Rock
|move|p2a: Latias|Trick|p1a: Politoed
|-activate|p2a: Latias|move: Trick|[of] p1a: Politoed
|-item|p1a: Politoed|Choice Scarf|[from] move: Trick
|-item|p2a: Latias|Choice Specs|[from] move: Trick
|
|-weather|RainDance|[upkeep]
|upkeep
|turn|10
|
|t:|1718560400
|switch|p2a: Starmie|Starmie|100/100
|-damage|p2a: Starmie|88/100|[from] Stealth Rock
|move|p1a: Politoed|Ice Beam|p2a: Starmie
|-resisted|p2a: Starmie
|-damage|p2a: Starmie|65/100
|
|-weather|RainDance|[upkeep]
|-heal|p2a: Starmie|71/100|[from] item: Leftovers
|upkeep
|turn|11
|
|t:|1718560416
|switch|p1a: Seismitoad|Seismitoad, F|92/100
|-damage|p1a: Seismitoad|85/100|[from] Stealth Rock
|move|p2a: Starmie|Thunder|p1a: Seismitoad
|-immune|p1a: Seismitoad
|
|-weather|RainDance|[upkeep]
|-heal|p2a: Starmie|78/100|[from] item: Leftovers
|-heal|p1a: Seismitoad|92/100|[from] item: Leftovers
|upkeep
|turn|12
|
|t:|1718560432
|move|p2a: Starmie|Rapid Spin|p1a: Seismitoad
|-damage|p1a: Seismitoad|89/100
|-sideend|p2: bkshiki|Stealth Rock|[from] move: Rapid Spin|[of] p2a: Starmie
|move|p1a: Seismitoad|Scald|p2a: Starmie
|-resisted|p2a: Starmie
|-damage|p2a: Starmie|50/100
|
|-weather|RainDance|[upkeep]
|-heal|p2a: Starmie|56/100|[from] item: Leftovers
|-heal|p1a: Seismitoad|95/100|[from] item: Leftovers
|upkeep
|turn|13
|
|t:|1718560443
|switch|p1a: Jirachi|Jirachi|100/100
|-damage|p1a: Jirachi|94/100|[from] Stealth Rock
|move|p2a: Starmie|Psychic|p1a: Jirachi
|-resisted|p1a: Jirachi
|-damage|p1a: Jirachi|89/100
|
|-weather|RainDance|[upkeep]
|-heal|p2a: Starmie|62/100|[from] item: Leftovers
|-heal|p1a: Jirachi|95/100|[from] item: Leftovers
|upkeep
|turn|14
|
|t:|1718560455
|switch|p2a: Scizor|Scizor, M|100/100
|move|p1a: Jirachi|U-turn|p2a: Scizor
|-resisted|p2a: Scizor
|-damage|p2a: Scizor|93/100
|
|t:|1718560463
|switch|p1a: Seismitoad|Seismitoad, F|95/100|[from] U-turn
|-damage|p1a: Seismitoad|89/100|[from] Stealth Rock
|
|-weather|RainDance|[upkeep]
|-heal|p1a: Seismitoad|95/100|[from] item: Leftovers
|upkeep
|turn|15
|
|t:|1718560473
|switch|p2a: Latias|Latias, F, shiny|100/100
|move|p1a: Seismitoad|Scald|p2a: Latias
|-resisted|p2a: Latias
|-damage|p2a: Latias|84/100
|
|-weather|RainDance|[upkeep]
|-heal|p1a: Seismitoad|100/100|[from] item: Leftovers
|upkeep
|turn|16
|
|t:|1718560490
|switch|p1a: Jirachi|Jirachi|95/100
|-damage|p1a: Jirachi|89/100|[from] Stealth Rock
|move|p2a: Latias|Draco Meteor|p1a: Jirachi
|-resisted|p1a: Jirachi
|-damage|p1a: Jirachi|58/100
|-unboost|p2a: Latias|spa|2
|
|-weather|RainDance|[upkeep]
|-heal|p1a: Jirachi|65/100|[from] item: Leftovers
|upkeep
|turn|17
|
|t:|1718560503
|switch|p2a: Scizor|Scizor, M|93/100
|move|p1a: Jirachi|Wish|p1a: Jirachi
|
|-weather|RainDance|[upkeep]
|-heal|p1a: Jirachi|71/100|[from] item: Leftovers
|upkeep
|turn|18
|
|t:|1718560511
|move|p1a: Jirachi|U-turn|p2a: Scizor
|-resisted|p2a: Scizor
|-crit|p2a: Scizor
|-damage|p2a: Scizor|76/100
|-activate|p1a: Jirachi|move: Pursuit
|move|p2a: Scizor|Pursuit|p1a: Jirachi|[from]Pursuit
|-damage|p1a: Jirachi|31/100
|
|t:|1718560520
|switch|p1a: Volcarona|Volcarona, F|100/100|[from] U-turn
|-damage|p1a: Volcarona|51/100|[from] Stealth Rock
|
|-weather|RainDance|[upkeep]
|-heal|p1a: Volcarona|100/100|[from] move: Wish|[wisher] Jirachi
|upkeep
|turn|19
|
|t:|1718560557
|switch|p2a: Keldeo|Keldeo-Resolute|100/100
|move|p1a: Volcarona|Quiver Dance|p1a: Volcarona
|-boost|p1a: Volcarona|spa|1
|-boost|p1a: Volcarona|spd|1
|-boost|p1a: Volcarona|spe|1
|
|-weather|RainDance|[upkeep]
|upkeep
|turn|20
|j| Dizzy Dizarine
|
|t:|1718560576
|move|p1a: Volcarona|Hurricane|p2a: Keldeo
|-supereffective|p2a: Keldeo
|-damage|p2a: Keldeo|0 fnt
|faint|p2a: Keldeo
|
|-weather|RainDance|[upkeep]
|upkeep
|inactive|bkshiki has 120 seconds left.
|
|t:|1718560587
|switch|p2a: Latias|Latias, F, shiny|84/100
|turn|21
|
|t:|1718560592
|move|p1a: Volcarona|Bug Buzz|p2a: Latias
|-supereffective|p2a: Latias
|-damage|p2a: Latias|0 fnt
|faint|p2a: Latias
|
|-weather|RainDance|[upkeep]
|upkeep
|
|t:|1718560599
|switch|p2a: Victini|Victini|96/100
|turn|22
|
|t:|1718560606
|move|p1a: Volcarona|Bug Buzz|p2a: Victini
|-damage|p2a: Victini|7/100
|move|p2a: Victini|V-create|p1a: Volcarona
|-damage|p1a: Volcarona|33/100
|-unboost|p2a: Victini|spe|1
|-unboost|p2a: Victini|def|1
|-unboost|p2a: Victini|spd|1
|
|-weather|RainDance|[upkeep]
|upkeep
|turn|23
|l| Dizzy Dizarine
|-message|bkshiki forfeited.
|
|win|happy_hitbox
|raw|happy_hitbox's rating: 1421 &rarr; <strong>1436</strong><br />(+15 for winning)
|raw|bkshiki's rating: 1340 &rarr; <strong>1325</strong><br />(-15 for losing)
|l|☆bkshiki
|player|p2|
|l|☆happy_hitbox
|player|p1|
|j|☆happy_hitbox
|player|p1|happy_hitbox|riley|
