|j|☆M0nk13
|j|☆Blossummm
|t:|1714950501
|gametype|singles
|player|p1|M0nk13|shadowtriad|1350
|player|p2|Blossummm|roxie|1359
|teamsize|p1|6
|teamsize|p2|6
|gen|5
|tier|[Gen 5] OU
|rated|
|rule|Species Clause: Limit one of each Pokémon
|rule|OHKO Clause: OHKO moves are banned
|rule|Moody Clause: Moody is banned
|rule|Evasion Items Clause: Evasion items are banned
|rule|Evasion Moves Clause: Evasion moves are banned
|rule|Endless Battle Clause: Forcing endless battles is banned
|rule|HP Percentage Mod: HP is shown in percentages
|rule|Evasion Abilities Clause: Evasion abilities are banned
|rule|Sleep Moves Clause: Sleep-inducing moves are banned
|rule|Swagger Clause: Swagger is banned
|rule|Baton Pass Stat Clause: No Baton Passer may have a way to boost its stats
|clearpoke
|poke|p1|Terrakion|item
|poke|p1|Dragonite, M|item
|poke|p1|Volcarona, M|item
|poke|p1|Kyurem-Black|item
|poke|p1|Starmie|item
|poke|p1|Cloyster, F|item
|poke|p2|Tyranitar, F|item
|poke|p2|Alakazam, F|item
|poke|p2|Latios, M|item
|poke|p2|Ferrothorn, F|item
|poke|p2|Keldeo|item
|poke|p2|Landorus-Therian, M|item
|teampreview
|inactive|Battle timer is ON: inactive players will automatically lose when time's up. (requested by M0nk13)
|inactive|Blossummm has 120 seconds left.
|
|t:|1714950548
|start
|switch|p1a: Terrakion|Terrakion|100/100
|switch|p2a: Tyranitar|Tyranitar, F, shiny|100/100
|-weather|Sandstorm|[from] ability: Sand Stream|[of] p2a: Tyranitar
|turn|1
|
|t:|1714950559
|switch|p2a: Landorus|Landorus-Therian, M|100/100
|-ability|p2a: Landorus|Intimidate|boost
|-unboost|p1a: Terrakion|atk|1
|move|p1a: Terrakion|Taunt|p2a: Landorus
|-start|p2a: Landorus|move: Taunt
|
|-weather|Sandstorm|[upkeep]
|upkeep
|turn|2
|
|t:|1714950573
|move|p1a: Terrakion|Stealth Rock|p2a: Landorus
|-sidestart|p2: Blossummm|move: Stealth Rock
|move|p2a: Landorus|Hidden Power|p1a: Terrakion
|-damage|p1a: Terrakion|86/100
|
|-weather|Sandstorm|[upkeep]
|upkeep
|turn|3
|
|t:|1714950581
|move|p1a: Terrakion|Stone Edge|p2a: Landorus|[miss]
|-miss|p1a: Terrakion|p2a: Landorus
|move|p2a: Landorus|Earthquake|p1a: Terrakion
|-supereffective|p1a: Terrakion
|-damage|p1a: Terrakion|0 fnt
|faint|p1a: Terrakion
|
|-weather|Sandstorm|[upkeep]
|-end|p2a: Landorus|move: Taunt
|upkeep
|
|t:|1714950598
|switch|p1a: Kyurem|Kyurem-Black, shiny|100/100
|-ability|p1a: Kyurem|Teravolt
|turn|4
|
|t:|1714950608
|move|p2a: Landorus|Earthquake|p1a: Kyurem
|-damage|p1a: Kyurem|53/100
|move|p1a: Kyurem|Substitute|p1a: Kyurem
|-start|p1a: Kyurem|Substitute
|-damage|p1a: Kyurem|28/100
|
|-weather|Sandstorm|[upkeep]
|-damage|p1a: Kyurem|22/100|[from] Sandstorm
|-heal|p1a: Kyurem|28/100|[from] item: Leftovers
|upkeep
|turn|5
|
|t:|1714950613
|move|p2a: Landorus|Earthquake|p1a: Kyurem
|-end|p1a: Kyurem|Substitute
|move|p1a: Kyurem|Ice Beam|p2a: Landorus
|-supereffective|p2a: Landorus
|-damage|p2a: Landorus|0 fnt
|faint|p2a: Landorus
|
|-weather|Sandstorm|[upkeep]
|-damage|p1a: Kyurem|22/100|[from] Sandstorm
|-heal|p1a: Kyurem|28/100|[from] item: Leftovers
|upkeep
|inactive|Blossummm has 120 seconds left.
|
|t:|1714950649
|switch|p2a: Alakazam|Alakazam, F|100/100
|turn|6
|inactive|Blossummm has 120 seconds left.
|inactive|M0nk13 has 120 seconds left.
|
|t:|1714950696
|switch|p1a: Starmie|Starmie|100/100
|-item|p1a: Starmie|Air Balloon
|move|p2a: Alakazam|Psyshock|p1a: Starmie
|-resisted|p1a: Starmie
|-damage|p1a: Starmie|59/100
|-enditem|p1a: Starmie|Air Balloon
|
|-weather|Sandstorm|[upkeep]
|-damage|p1a: Starmie|53/100|[from] Sandstorm
|upkeep
|turn|7
|inactive|Blossummm has 120 seconds left.
|
|t:|1714950733
|move|p2a: Alakazam|Grass Knot|p1a: Starmie
|-supereffective|p1a: Starmie
|-damage|p1a: Starmie|0 fnt
|faint|p1a: Starmie
|
|-weather|Sandstorm|[upkeep]
|upkeep
|inactive|M0nk13 has 90 seconds left.
|
|t:|1714950778
|switch|p1a: Dragonite|Dragonite, M, shiny|100/100
|turn|8
|
|t:|1714950794
|move|p1a: Dragonite|Extreme Speed|p2a: Alakazam
|-damage|p2a: Alakazam|38/100
|move|p2a: Alakazam|Psyshock|p1a: Dragonite
|-damage|p1a: Dragonite|72/100
|
|-weather|Sandstorm|[upkeep]
|-damage|p1a: Dragonite|66/100|[from] Sandstorm
|upkeep
|turn|9
|
|t:|1714950804
|switch|p2a: Ferrothorn|Ferrothorn, F|100/100
|-damage|p2a: Ferrothorn|95/100|[from] Stealth Rock
|move|p1a: Dragonite|Extreme Speed|p2a: Ferrothorn
|-resisted|p2a: Ferrothorn
|-damage|p2a: Ferrothorn|83/100
|-damage|p1a: Dragonite|53/100|[from] ability: Iron Barbs|[of] p2a: Ferrothorn
|
|-weather|Sandstorm|[upkeep]
|-damage|p1a: Dragonite|47/100|[from] Sandstorm
|upkeep
|turn|10
|inactive|Blossummm has 90 seconds left.
|
|t:|1714950823
|move|p1a: Dragonite|Fire Punch|p2a: Ferrothorn
|-supereffective|p2a: Ferrothorn
|-crit|p2a: Ferrothorn
|-damage|p2a: Ferrothorn|0 fnt
|-damage|p1a: Dragonite|35/100|[from] ability: Iron Barbs|[of] p2a: Ferrothorn
|faint|p2a: Ferrothorn
|
|-weather|Sandstorm|[upkeep]
|-damage|p1a: Dragonite|29/100|[from] Sandstorm
|upkeep
|inactive|Blossummm has 90 seconds left.
|
|t:|1714950837
|switch|p2a: Keldeo|Keldeo|100/100
|-damage|p2a: Keldeo|94/100|[from] Stealth Rock
|turn|11
|inactive|Blossummm has 90 seconds left.
|inactive|M0nk13 has 90 seconds left.
|
|t:|1714950858
|move|p1a: Dragonite|Extreme Speed|p2a: Keldeo
|-damage|p2a: Keldeo|58/100
|move|p2a: Keldeo|Scald|p1a: Dragonite
|-resisted|p1a: Dragonite
|-damage|p1a: Dragonite|9/100
|
|-weather|Sandstorm|[upkeep]
|-damage|p2a: Keldeo|52/100|[from] Sandstorm
|-damage|p1a: Dragonite|3/100|[from] Sandstorm
|-heal|p2a: Keldeo|58/100|[from] item: Leftovers
|upkeep
|turn|12
|inactive|Blossummm has 90 seconds left.
|inactive|M0nk13 has 60 seconds left.
|
|t:|1714950915
|move|p2a: Keldeo|Protect|p2a: Keldeo
|-singleturn|p2a: Keldeo|Protect
|move|p1a: Dragonite|Extreme Speed|p2a: Keldeo
|-activate|p2a: Keldeo|move: Protect
|
|-weather|Sandstorm|[upkeep]
|-damage|p2a: Keldeo|52/100|[from] Sandstorm
|-damage|p1a: Dragonite|0 fnt|[from] Sandstorm
|faint|p1a: Dragonite
|-heal|p2a: Keldeo|58/100|[from] item: Leftovers
|upkeep
|
|t:|1714950917
|switch|p1a: Cloyster|Cloyster, F|100/100
|turn|13
|
|t:|1714950927
|move|p2a: Keldeo|Hidden Power|p1a: Cloyster
|-supereffective|p1a: Cloyster
|-damage|p1a: Cloyster|0 fnt
|faint|p1a: Cloyster
|
|-weather|Sandstorm|[upkeep]
|-damage|p2a: Keldeo|52/100|[from] Sandstorm
|-heal|p2a: Keldeo|58/100|[from] item: Leftovers
|upkeep
|
|t:|1714950934
|switch|p1a: Volcarona|Volcarona, M, shiny|100/100
|turn|14
|inactive|M0nk13 has 60 seconds left.
|
|t:|1714950941
|move|p2a: Keldeo|Scald|p1a: Volcarona
|-supereffective|p1a: Volcarona
|-damage|p1a: Volcarona|17/100
|move|p1a: Volcarona|Quiver Dance|p1a: Volcarona
|-boost|p1a: Volcarona|spa|1
|-boost|p1a: Volcarona|spd|1
|-boost|p1a: Volcarona|spe|1
|
|-weather|Sandstorm|[upkeep]
|-damage|p1a: Volcarona|11/100|[from] Sandstorm
|-damage|p2a: Keldeo|52/100|[from] Sandstorm
|-heal|p2a: Keldeo|58/100|[from] item: Leftovers
|upkeep
|turn|15
|
|t:|1714950952
|move|p1a: Volcarona|Psychic|p2a: Keldeo
|-supereffective|p2a: Keldeo
|-damage|p2a: Keldeo|0 fnt
|faint|p2a: Keldeo
|
|-weather|Sandstorm|[upkeep]
|-damage|p1a: Volcarona|4/100|[from] Sandstorm
|upkeep
|
|t:|1714950970
|switch|p2a: Tyranitar|Tyranitar, F, shiny|100/100
|-damage|p2a: Tyranitar|88/100|[from] Stealth Rock
|turn|16
|
|t:|1714950976
|move|p1a: Volcarona|Bug Buzz|p2a: Tyranitar
|-supereffective|p2a: Tyranitar
|-damage|p2a: Tyranitar|5/100
|move|p2a: Tyranitar|Pursuit|p1a: Volcarona
|-damage|p1a: Volcarona|0 fnt
|faint|p1a: Volcarona
|
|-weather|Sandstorm|[upkeep]
|upkeep
|
|t:|1714950978
|switch|p1a: Kyurem|Kyurem-Black, shiny|28/100
|-ability|p1a: Kyurem|Teravolt
|turn|17
|
|t:|1714950982
|move|p1a: Kyurem|Substitute|p1a: Kyurem
|-start|p1a: Kyurem|Substitute
|-damage|p1a: Kyurem|3/100
|move|p2a: Tyranitar|Crunch|p1a: Kyurem
|-end|p1a: Kyurem|Substitute
|
|-weather|Sandstorm|[upkeep]
|-damage|p1a: Kyurem|0 fnt|[from] Sandstorm
|faint|p1a: Kyurem
|
|win|Blossummm
|upkeep
|raw|M0nk13's rating: 1350 &rarr; <strong>1331</strong><br />(-19 for losing)
|raw|Blossummm's rating: 1359 &rarr; <strong>1378</strong><br />(+19 for winning)
