|j|☆Ass Sumo
|j|☆TheRareCandyDealer
|player|p1|Ass Sumo|clay|1339
|player|p2|TheRareCandyDealer|dragontamer|1291
|teamsize|p1|6
|teamsize|p2|6
|gametype|singles
|gen|5
|tier|[Gen 5] OU
|rated|
|clearpoke
|poke|p1|Excadrill, F|item
|poke|p1|Jirachi|item
|poke|p1|Tyranitar, F|item
|poke|p1|Latios, M|item
|poke|p1|Salamence, F|item
|poke|p1|Celebi|item
|poke|p2|Salamence, F|item
|poke|p2|Hydreigon, M|item
|poke|p2|Lucario, M|item
|poke|p2|Donphan, M|item
|poke|p2|Alakazam, M|item
|poke|p2|Jellicent, M|item
|rule|Species Clause: Limit one of each Pokémon
|rule|OHKO Clause: OHKO moves are banned
|rule|Moody Clause: Moody is banned
|rule|Evasion Moves Clause: Evasion moves are banned
|rule|Endless Battle Clause: Forcing endless battles is banned
|rule|HP Percentage Mod: HP is shown in percentages
|rule|Evasion Abilities Clause: Evasion abilities are banned
|rule|Baton Pass Clause: Limit one Baton Passer, can't pass Spe and other stats simultaneously
|rule|Sleep Clause: Sleep-inducing moves are banned
|rule|Swagger Clause: Swagger is banned
|teampreview
|
|start
|switch|p1a: Tyranitar|Tyranitar, F|100/100
|switch|p2a: Hydreigon|Hydreigon, M|100/100
|-weather|Sandstorm|[from] ability: Sand Stream|[of] p1a: Tyranitar
|turn|1
|inactive|Battle timer is ON: inactive players will automatically lose when time's up. (requested by Ass Sumo)
|
|move|p2a: Hydreigon|Focus Blast|p1a: Tyranitar
|-supereffective|p1a: Tyranitar
|-damage|p1a: Tyranitar|0 fnt
|faint|p1a: Tyranitar
|
|-weather|Sandstorm|[upkeep]
|-damage|p2a: Hydreigon|94/100|[from] Sandstorm
|upkeep
|
|switch|p1a: Latios|Latios, M|100/100
|turn|2
|
|switch|p2a: Jellicent|Jellicent, M|100/100
|move|p1a: Latios|Draco Meteor|p2a: Jellicent
|-damage|p2a: Jellicent|19/100
|-unboost|p1a: Latios|spa|2
|
|-weather|Sandstorm|[upkeep]
|-damage|p1a: Latios|95/100|[from] Sandstorm
|-damage|p2a: Jellicent|12/100|[from] Sandstorm
|-heal|p2a: Jellicent|19/100|[from] item: Leftovers
|upkeep
|turn|3
|
|move|p1a: Latios|Draco Meteor|p2a: Jellicent
|-damage|p2a: Jellicent|0 fnt
|-unboost|p1a: Latios|spa|2
|faint|p2a: Jellicent
|
|-weather|Sandstorm|[upkeep]
|-damage|p1a: Latios|89/100|[from] Sandstorm
|upkeep
|
|switch|p2a: Lucario|Lucario, M|100/100
|turn|4
|
|switch|p1a: Celebi|Celebi|100/100
|move|p2a: Lucario|Close Combat|p1a: Celebi
|-resisted|p1a: Celebi
|-damage|p1a: Celebi|63/100
|-unboost|p2a: Lucario|def|1
|-unboost|p2a: Lucario|spd|1
|-damage|p2a: Lucario|91/100|[from] item: Life Orb
|
|-weather|Sandstorm|[upkeep]
|-damage|p1a: Celebi|57/100|[from] Sandstorm
|-heal|p1a: Celebi|63/100|[from] item: Leftovers
|upkeep
|turn|5
|
|switch|p2a: Alakazam|Alakazam, M|100/100
|move|p1a: Celebi|Nasty Plot|p1a: Celebi
|-boost|p1a: Celebi|spa|2
|
|-weather|Sandstorm|[upkeep]
|-damage|p1a: Celebi|57/100|[from] Sandstorm
|-heal|p1a: Celebi|63/100|[from] item: Leftovers
|upkeep
|turn|6
|
|switch|p1a: Jirachi|Jirachi|100/100
|move|p2a: Alakazam|Shadow Ball|p1a: Jirachi
|-damage|p1a: Jirachi|67/100
|
|-weather|Sandstorm|[upkeep]
|-heal|p1a: Jirachi|74/100|[from] item: Leftovers
|upkeep
|turn|7
|
|switch|p2a: Donphan|Donphan, M|100/100
|move|p1a: Jirachi|U-turn|p2a: Donphan
|-damage|p2a: Donphan|90/100
|
|switch|p1a: Latios|Latios, M|89/100|[from]move: U-turn
|
|-weather|Sandstorm|[upkeep]
|-damage|p1a: Latios|83/100|[from] Sandstorm
|-heal|p2a: Donphan|96/100|[from] item: Leftovers
|upkeep
|turn|8
|
|move|p2a: Donphan|Ice Shard|p1a: Latios
|-supereffective|p1a: Latios
|-damage|p1a: Latios|55/100
|move|p1a: Latios|Draco Meteor|p2a: Donphan|[miss]
|-miss|p1a: Latios|p2a: Donphan
|
|-weather|Sandstorm|[upkeep]
|-damage|p1a: Latios|49/100|[from] Sandstorm
|-heal|p2a: Donphan|100/100|[from] item: Leftovers
|upkeep
|turn|9
|
|switch|p1a: Jirachi|Jirachi|74/100
|move|p2a: Donphan|Ice Shard|p1a: Jirachi
|-resisted|p1a: Jirachi
|-damage|p1a: Jirachi|68/100
|
|-weather|Sandstorm|[upkeep]
|-heal|p1a: Jirachi|74/100|[from] item: Leftovers
|upkeep
|turn|10
|
|move|p1a: Jirachi|U-turn|p2a: Donphan
|-damage|p2a: Donphan|91/100
|
|switch|p1a: Celebi|Celebi|63/100|[from]move: U-turn
|move|p2a: Donphan|Stealth Rock|p1a: Celebi
|-sidestart|p1: Ass Sumo|move: Stealth Rock
|
|-weather|Sandstorm|[upkeep]
|-damage|p1a: Celebi|57/100|[from] Sandstorm
|-heal|p1a: Celebi|63/100|[from] item: Leftovers
|-heal|p2a: Donphan|97/100|[from] item: Leftovers
|upkeep
|turn|11
|
|switch|p2a: Alakazam|Alakazam, M|100/100
|move|p1a: Celebi|Hidden Power|p2a: Alakazam
|-damage|p2a: Alakazam|70/100
|
|-weather|Sandstorm|[upkeep]
|-damage|p1a: Celebi|57/100|[from] Sandstorm
|-heal|p1a: Celebi|63/100|[from] item: Leftovers
|upkeep
|turn|12
|
|switch|p1a: Excadrill|Excadrill, F|100/100
|-damage|p1a: Excadrill|98/100|[from] Stealth Rock
|-ability|p1a: Excadrill|Mold Breaker
|move|p2a: Alakazam|Shadow Ball|p1a: Excadrill
|-resisted|p1a: Excadrill
|-damage|p1a: Excadrill|80/100
|-unboost|p1a: Excadrill|spd|1
|
|-weather|Sandstorm|[upkeep]
|-heal|p1a: Excadrill|87/100|[from] item: Leftovers
|upkeep
|turn|13
|
|move|p2a: Alakazam|Focus Blast|p1a: Excadrill
|-supereffective|p1a: Excadrill
|-damage|p1a: Excadrill|0 fnt
|faint|p1a: Excadrill
|
|-weather|Sandstorm|[upkeep]
|upkeep
|
|switch|p1a: Salamence|Salamence, F|100/100
|-damage|p1a: Salamence|76/100|[from] Stealth Rock
|turn|14
|
|move|p1a: Salamence|Dragon Claw|p2a: Alakazam
|-damage|p2a: Alakazam|0 fnt
|faint|p2a: Alakazam
|-ability|p1a: Salamence|Moxie|boost
|-boost|p1a: Salamence|atk|1
|
|-weather|Sandstorm|[upkeep]
|-damage|p1a: Salamence|70/100|[from] Sandstorm
|upkeep
|
|switch|p2a: Lucario|Lucario, M|91/100
|turn|15
|
|switch|p1a: Celebi|Celebi|63/100
|-damage|p1a: Celebi|51/100|[from] Stealth Rock
|move|p2a: Lucario|Swords Dance|p2a: Lucario
|-boost|p2a: Lucario|atk|2
|
|-weather|Sandstorm|[upkeep]
|-damage|p1a: Celebi|45/100|[from] Sandstorm
|-heal|p1a: Celebi|51/100|[from] item: Leftovers
|upkeep
|turn|16
|
|move|p2a: Lucario|Extreme Speed|p1a: Celebi
|-damage|p1a: Celebi|0 fnt
|-damage|p2a: Lucario|81/100|[from] item: Life Orb
|faint|p1a: Celebi
|
|-weather|Sandstorm|[upkeep]
|upkeep
|
|switch|p1a: Jirachi|Jirachi|74/100
|-damage|p1a: Jirachi|68/100|[from] Stealth Rock
|turn|17
|
|move|p1a: Jirachi|Thunder|p2a: Lucario
|-damage|p2a: Lucario|27/100
|-status|p2a: Lucario|par
|move|p2a: Lucario|Close Combat|p1a: Jirachi
|-damage|p1a: Jirachi|0 fnt
|-unboost|p2a: Lucario|def|1
|-unboost|p2a: Lucario|spd|1
|-damage|p2a: Lucario|18/100 par|[from] item: Life Orb
|faint|p1a: Jirachi
|
|-weather|Sandstorm|[upkeep]
|upkeep
|
|switch|p1a: Salamence|Salamence, F|70/100
|-damage|p1a: Salamence|45/100|[from] Stealth Rock
|turn|18
|-message|Ass Sumo forfeited.
|
|win|TheRareCandyDealer
|l|☆Ass Sumo
|raw|Ass Sumo's rating: 1347 &rarr; <strong>1324</strong><br />(-23 for losing)
|raw|TheRareCandyDealer's rating: 1291 &rarr; <strong>1320</strong><br />(+29 for winning)
