|j|☆B1test
|j|☆happy_hitbox
|t:|1730662668
|gametype|singles
|player|p1|B1test|clair|1288
|player|p2|happy_hitbox|102|1466
|teamsize|p1|6
|teamsize|p2|6
|gen|5
|tier|[Gen 5] OU
|rated|
|rule|Species Clause: Limit one of each Pokémon
|rule|OHKO Clause: OHKO moves are banned
|rule|Moody Clause: Moody is banned
|rule|Evasion Items Clause: Evasion items are banned
|rule|Evasion Moves Clause: Evasion moves are banned
|rule|Endless Battle Clause: Forcing endless battles is banned
|rule|HP Percentage Mod: HP is shown in percentages
|rule|Evasion Abilities Clause: Evasion abilities are banned
|rule|Sleep Moves Clause: Sleep-inducing moves are banned
|rule|Swagger Clause: Swagger is banned
|rule|Baton Pass Stat Clause: No Baton Passer may have a way to boost its stats
|clearpoke
|poke|p1|Kyurem-Black|item
|poke|p1|Tyranitar, F|item
|poke|p1|Excadrill, M|item
|poke|p1|Latios, M|item
|poke|p1|Terrakion|item
|poke|p1|Jellicent, M|item
|poke|p2|Hippowdon, F|item
|poke|p2|Heatran, F|item
|poke|p2|Rotom-Wash|item
|poke|p2|Terrakion|item
|poke|p2|Celebi|item
|poke|p2|Excadrill, M|item
|teampreview
|inactive|Battle timer is ON: inactive players will automatically lose when time's up. (requested by B1test)
|
|t:|1730662684
|start
|switch|p1a: Jellicent|Jellicent, M, shiny|100/100
|switch|p2a: Hippowdon|Hippowdon, F|100/100
|-weather|Sandstorm|[from] ability: Sand Stream|[of] p2a: Hippowdon
|turn|1
|
|t:|1730662690
|switch|p2a: Celebi|Celebi|100/100
|move|p1a: Jellicent|Taunt|p2a: Celebi
|-start|p2a: Celebi|move: Taunt
|
|-weather|Sandstorm|[upkeep]
|-damage|p2a: Celebi|94/100|[from] Sandstorm
|-damage|p1a: Jellicent|94/100|[from] Sandstorm
|-heal|p2a: Celebi|100/100|[from] item: Leftovers
|-heal|p1a: Jellicent|100/100|[from] item: Leftovers
|upkeep
|turn|2
|
|t:|1730662706
|switch|p2a: Heatran|Heatran, F|100/100
|switch|p1a: Kyurem|Kyurem-Black, shiny|100/100
|-ability|p1a: Kyurem|Teravolt
|
|-weather|Sandstorm|[upkeep]
|-damage|p1a: Kyurem|94/100|[from] Sandstorm
|-heal|p1a: Kyurem|100/100|[from] item: Leftovers
|upkeep
|turn|3
|
|t:|1730662717
|move|p2a: Heatran|Protect|p2a: Heatran
|-singleturn|p2a: Heatran|Protect
|move|p1a: Kyurem|Earth Power|p2a: Heatran
|-activate|p2a: Heatran|move: Protect
|
|-weather|Sandstorm|[upkeep]
|-damage|p1a: Kyurem|94/100|[from] Sandstorm
|-heal|p1a: Kyurem|100/100|[from] item: Leftovers
|upkeep
|turn|4
|
|t:|1730662731
|switch|p1a: Excadrill|Excadrill, M|100/100
|-ability|p1a: Excadrill|Mold Breaker
|switch|p2a: Celebi|Celebi|100/100
|
|-weather|Sandstorm|[upkeep]
|-damage|p2a: Celebi|94/100|[from] Sandstorm
|-heal|p2a: Celebi|100/100|[from] item: Leftovers
|upkeep
|turn|5
|
|t:|1730662740
|switch|p2a: Hippowdon|Hippowdon, F|100/100
|move|p1a: Excadrill|Iron Head|p2a: Hippowdon
|-damage|p2a: Hippowdon|72/100
|
|-weather|Sandstorm|[upkeep]
|-heal|p2a: Hippowdon|78/100|[from] item: Leftovers
|upkeep
|turn|6
|
|t:|1730662758
|switch|p1a: Jellicent|Jellicent, M, shiny|100/100
|move|p2a: Hippowdon|Stealth Rock|p1a: Jellicent
|-sidestart|p1: B1test|move: Stealth Rock
|
|-weather|Sandstorm|[upkeep]
|-damage|p1a: Jellicent|94/100|[from] Sandstorm
|-heal|p1a: Jellicent|100/100|[from] item: Leftovers
|-heal|p2a: Hippowdon|84/100|[from] item: Leftovers
|upkeep
|turn|7
|
|t:|1730662772
|switch|p1a: Excadrill|Excadrill, M|100/100
|-damage|p1a: Excadrill|97/100|[from] Stealth Rock
|-ability|p1a: Excadrill|Mold Breaker
|switch|p2a: Rotom|Rotom-Wash|100/100
|
|-weather|Sandstorm|[upkeep]
|-damage|p2a: Rotom|95/100|[from] Sandstorm
|-heal|p1a: Excadrill|100/100|[from] item: Leftovers
|-heal|p2a: Rotom|100/100|[from] item: Leftovers
|upkeep
|turn|8
|
|t:|1730662781
|switch|p2a: Hippowdon|Hippowdon, F|84/100
|move|p1a: Excadrill|Earthquake|p2a: Hippowdon
|-damage|p2a: Hippowdon|50/100
|
|-weather|Sandstorm|[upkeep]
|-heal|p2a: Hippowdon|57/100|[from] item: Leftovers
|upkeep
|turn|9
|
|t:|1730662793
|move|p1a: Excadrill|Iron Head|p2a: Hippowdon
|-damage|p2a: Hippowdon|30/100
|move|p2a: Hippowdon|Slack Off|p2a: Hippowdon
|-heal|p2a: Hippowdon|80/100
|
|-weather|Sandstorm|[upkeep]
|-heal|p2a: Hippowdon|86/100|[from] item: Leftovers
|upkeep
|turn|10
|
|t:|1730662802
|switch|p1a: Latios|Latios, M|100/100
|-damage|p1a: Latios|88/100|[from] Stealth Rock
|move|p2a: Hippowdon|Earthquake|p1a: Latios
|-immune|p1a: Latios|[from] ability: Levitate
|
|-weather|Sandstorm|[upkeep]
|-damage|p1a: Latios|82/100|[from] Sandstorm
|-heal|p2a: Hippowdon|92/100|[from] item: Leftovers
|upkeep
|turn|11
|
|t:|1730662831
|switch|p1a: Excadrill|Excadrill, M|100/100
|-damage|p1a: Excadrill|97/100|[from] Stealth Rock
|-ability|p1a: Excadrill|Mold Breaker
|switch|p2a: Celebi|Celebi|100/100
|
|-weather|Sandstorm|[upkeep]
|-damage|p2a: Celebi|94/100|[from] Sandstorm
|-heal|p1a: Excadrill|100/100|[from] item: Leftovers
|-heal|p2a: Celebi|100/100|[from] item: Leftovers
|upkeep
|turn|12
|
|t:|1730662837
|move|p1a: Excadrill|Rapid Spin|p2a: Celebi
|-damage|p2a: Celebi|94/100
|-sideend|p1: B1test|Stealth Rock|[from] move: Rapid Spin|[of] p1a: Excadrill
|move|p2a: Celebi|Baton Pass|p2a: Celebi
|
|t:|1730662841
|switch|p2a: Hippowdon|Hippowdon, F|92/100|[from] Baton Pass
|
|-weather|Sandstorm|[upkeep]
|-heal|p2a: Hippowdon|98/100|[from] item: Leftovers
|upkeep
|turn|13
|
|t:|1730662854
|switch|p1a: Tyranitar|Tyranitar, F|100/100
|move|p2a: Hippowdon|Stealth Rock|p1a: Tyranitar
|-sidestart|p1: B1test|move: Stealth Rock
|
|-weather|Sandstorm|[upkeep]
|-heal|p2a: Hippowdon|100/100|[from] item: Leftovers
|upkeep
|turn|14
|
|t:|1730662860
|switch|p2a: Excadrill|Excadrill, M|100/100
|move|p1a: Tyranitar|Stealth Rock|p2a: Excadrill
|-sidestart|p2: happy_hitbox|move: Stealth Rock
|
|-weather|Sandstorm|[upkeep]
|upkeep
|turn|15
|
|t:|1730662870
|switch|p1a: Jellicent|Jellicent, M, shiny|100/100
|-damage|p1a: Jellicent|88/100|[from] Stealth Rock
|move|p2a: Excadrill|Rapid Spin|p1a: Jellicent
|-immune|p1a: Jellicent
|
|-weather|Sandstorm|[upkeep]
|-damage|p1a: Jellicent|82/100|[from] Sandstorm
|-heal|p1a: Jellicent|88/100|[from] item: Leftovers
|upkeep
|turn|16
|
|t:|1730662875
|switch|p2a: Rotom|Rotom-Wash|100/100
|-damage|p2a: Rotom|88/100|[from] Stealth Rock
|move|p1a: Jellicent|Will-O-Wisp|p2a: Rotom|[miss]
|-miss|p1a: Jellicent|p2a: Rotom
|
|-weather|Sandstorm|[upkeep]
|-damage|p1a: Jellicent|82/100|[from] Sandstorm
|-damage|p2a: Rotom|82/100|[from] Sandstorm
|-heal|p1a: Jellicent|88/100|[from] item: Leftovers
|-heal|p2a: Rotom|88/100|[from] item: Leftovers
|upkeep
|turn|17
|
|t:|1730662890
|switch|p2a: Hippowdon|Hippowdon, F|100/100
|-damage|p2a: Hippowdon|94/100|[from] Stealth Rock
|move|p1a: Jellicent|Will-O-Wisp|p2a: Hippowdon
|-status|p2a: Hippowdon|brn
|
|-weather|Sandstorm|[upkeep]
|-damage|p1a: Jellicent|82/100|[from] Sandstorm
|-heal|p1a: Jellicent|88/100|[from] item: Leftovers
|-heal|p2a: Hippowdon|100/100 brn|[from] item: Leftovers
|-damage|p2a: Hippowdon|88/100 brn|[from] brn
|upkeep
|turn|18
|l|☆B1test
|inactive|B1test disconnected and has a minute to reconnect!
|player|p1|
|j|☆B1test
|inactive|B1test reconnected and has 105 seconds left.
|player|p1|B1test|clair|
|
|t:|1730662945
|move|p1a: Jellicent|Taunt|p2a: Hippowdon
|-start|p2a: Hippowdon|move: Taunt
|cant|p2a: Hippowdon|move: Taunt|Whirlwind
|
|-weather|Sandstorm|[upkeep]
|-damage|p1a: Jellicent|82/100|[from] Sandstorm
|-heal|p1a: Jellicent|88/100|[from] item: Leftovers
|-heal|p2a: Hippowdon|94/100 brn|[from] item: Leftovers
|-damage|p2a: Hippowdon|82/100 brn|[from] brn
|upkeep
|turn|19
|inactive|B1test has 90 seconds left.
|
|t:|1730662992
|switch|p1a: Excadrill|Excadrill, M|100/100
|-damage|p1a: Excadrill|97/100|[from] Stealth Rock
|-ability|p1a: Excadrill|Mold Breaker
|switch|p2a: Heatran|Heatran, F|100/100
|-damage|p2a: Heatran|88/100|[from] Stealth Rock
|
|-weather|Sandstorm|[upkeep]
|-heal|p2a: Heatran|94/100|[from] item: Leftovers
|-heal|p1a: Excadrill|100/100|[from] item: Leftovers
|upkeep
|turn|20
|
|t:|1730663004
|move|p2a: Heatran|Protect|p2a: Heatran
|-singleturn|p2a: Heatran|Protect
|move|p1a: Excadrill|Earthquake|p2a: Heatran
|-activate|p2a: Heatran|move: Protect
|
|-weather|Sandstorm|[upkeep]
|-heal|p2a: Heatran|100/100|[from] item: Leftovers
|upkeep
|turn|21
|
|t:|1730663009
|switch|p2a: Hippowdon|Hippowdon, F|82/100 brn
|-damage|p2a: Hippowdon|76/100 brn|[from] Stealth Rock
|move|p1a: Excadrill|Earthquake|p2a: Hippowdon
|-damage|p2a: Hippowdon|39/100 brn
|
|-weather|Sandstorm|[upkeep]
|-heal|p2a: Hippowdon|45/100 brn|[from] item: Leftovers
|-damage|p2a: Hippowdon|33/100 brn|[from] brn
|upkeep
|turn|22
|
|t:|1730663012
|move|p1a: Excadrill|Iron Head|p2a: Hippowdon
|-damage|p2a: Hippowdon|5/100 brn
|move|p2a: Hippowdon|Slack Off|p2a: Hippowdon
|-heal|p2a: Hippowdon|56/100 brn
|
|-weather|Sandstorm|[upkeep]
|-heal|p2a: Hippowdon|62/100 brn|[from] item: Leftovers
|-damage|p2a: Hippowdon|49/100 brn|[from] brn
|upkeep
|turn|23
|
|t:|1730663017
|move|p1a: Excadrill|Iron Head|p2a: Hippowdon
|-damage|p2a: Hippowdon|19/100 brn
|move|p2a: Hippowdon|Slack Off|p2a: Hippowdon
|-heal|p2a: Hippowdon|69/100 brn
|
|-weather|Sandstorm|[upkeep]
|-heal|p2a: Hippowdon|75/100 brn|[from] item: Leftovers
|-damage|p2a: Hippowdon|63/100 brn|[from] brn
|upkeep
|turn|24
|
|t:|1730663026
|switch|p2a: Excadrill|Excadrill, M|100/100
|-damage|p2a: Excadrill|97/100|[from] Stealth Rock
|move|p1a: Excadrill|Earthquake|p2a: Excadrill
|-supereffective|p2a: Excadrill
|-damage|p2a: Excadrill|0 fnt
|faint|p2a: Excadrill
|
|-weather|Sandstorm|[upkeep]
|upkeep
|
|t:|1730663033
|switch|p2a: Terrakion|Terrakion|100/100
|-damage|p2a: Terrakion|94/100|[from] Stealth Rock
|turn|25
|
|t:|1730663037
|switch|p2a: Heatran|Heatran, F|100/100
|-damage|p2a: Heatran|88/100|[from] Stealth Rock
|move|p1a: Excadrill|Protect||[still]
|-fail|p1a: Excadrill
|
|-weather|Sandstorm|[upkeep]
|-heal|p2a: Heatran|94/100|[from] item: Leftovers
|upkeep
|turn|26
|
|t:|1730663041
|move|p2a: Heatran|Lava Plume|p1a: Excadrill
|-supereffective|p1a: Excadrill
|-damage|p1a: Excadrill|0 fnt
|faint|p1a: Excadrill
|
|-weather|Sandstorm|[upkeep]
|-heal|p2a: Heatran|100/100|[from] item: Leftovers
|upkeep
|inactive|B1test has 120 seconds left.
|
|t:|1730663077
|switch|p1a: Kyurem|Kyurem-Black, shiny|100/100
|-damage|p1a: Kyurem|76/100|[from] Stealth Rock
|-ability|p1a: Kyurem|Teravolt
|turn|27
|
|t:|1730663096
|switch|p2a: Rotom|Rotom-Wash|88/100
|-damage|p2a: Rotom|76/100|[from] Stealth Rock
|move|p1a: Kyurem|Earth Power|p2a: Rotom
|-supereffective|p2a: Rotom
|-damage|p2a: Rotom|29/100
|
|-weather|Sandstorm|[upkeep]
|-damage|p1a: Kyurem|69/100|[from] Sandstorm
|-damage|p2a: Rotom|23/100|[from] Sandstorm
|-heal|p1a: Kyurem|76/100|[from] item: Leftovers
|-heal|p2a: Rotom|29/100|[from] item: Leftovers
|upkeep
|turn|28
|inactive|B1test has 120 seconds left.
|
|t:|1730663113
|switch|p2a: Celebi|Celebi|94/100
|-damage|p2a: Celebi|82/100|[from] Stealth Rock
|move|p1a: Kyurem|Substitute|p1a: Kyurem
|-start|p1a: Kyurem|Substitute
|-damage|p1a: Kyurem|51/100
|
|-weather|Sandstorm|[upkeep]
|-damage|p1a: Kyurem|44/100|[from] Sandstorm
|-damage|p2a: Celebi|75/100|[from] Sandstorm
|-heal|p1a: Kyurem|51/100|[from] item: Leftovers
|-heal|p2a: Celebi|82/100|[from] item: Leftovers
|upkeep
|turn|29
|
|t:|1730663116
|move|p1a: Kyurem|Ice Beam|p2a: Celebi
|-supereffective|p2a: Celebi
|-damage|p2a: Celebi|25/100
|move|p2a: Celebi|Hidden Power|p1a: Kyurem
|-activate|p1a: Kyurem|Substitute|[damage]
|
|-weather|Sandstorm|[upkeep]
|-damage|p1a: Kyurem|44/100|[from] Sandstorm
|-damage|p2a: Celebi|18/100|[from] Sandstorm
|-heal|p1a: Kyurem|51/100|[from] item: Leftovers
|-heal|p2a: Celebi|25/100|[from] item: Leftovers
|upkeep
|turn|30
|j| Squallskip
|-message|happy_hitbox forfeited.
|
|win|B1test
|raw|B1test's rating: 1288 &rarr; <strong>1325</strong><br />(+37 for winning)
|raw|happy_hitbox's rating: 1466 &rarr; <strong>1437</strong><br />(-29 for losing)
|l|☆happy_hitbox
|player|p2|
