|j|☆Hans Bloodsmith
|j|☆Jellium
|t:|1716237641
|gametype|singles
|player|p1|Hans Bloodsmith|plasmagrunt|1326
|player|p2|Jellium|scientist-gen4|1462
|teamsize|p1|6
|teamsize|p2|6
|gen|5
|tier|[Gen 5] OU
|rated|
|rule|Species Clause: Limit one of each Pokémon
|rule|OHKO Clause: OHKO moves are banned
|rule|Moody Clause: Moody is banned
|rule|Evasion Items Clause: Evasion items are banned
|rule|Evasion Moves Clause: Evasion moves are banned
|rule|Endless Battle Clause: Forcing endless battles is banned
|rule|HP Percentage Mod: HP is shown in percentages
|rule|Evasion Abilities Clause: Evasion abilities are banned
|rule|Sleep Moves Clause: Sleep-inducing moves are banned
|rule|Swagger Clause: Swagger is banned
|rule|Baton Pass Stat Clause: No Baton Passer may have a way to boost its stats
|clearpoke
|poke|p1|Politoed, M|item
|poke|p1|Toxicroak, F|item
|poke|p1|Magnezone|item
|poke|p1|Gliscor, M|item
|poke|p1|Volcarona, M|item
|poke|p1|Hydreigon, M|item
|poke|p2|Garchomp, M|item
|poke|p2|Volcarona, F|item
|poke|p2|Dragonite, F|item
|poke|p2|Breloom, F|item
|poke|p2|Starmie|item
|poke|p2|Scizor, M|item
|teampreview
|
|t:|1716237649
|start
|switch|p1a: Kermit|Politoed, M|100/100
|switch|p2a: Garchomp|Garchomp, M|100/100
|-weather|RainDance|[from] ability: Drizzle|[of] p1a: Kermit
|turn|1
|
|t:|1716237656
|move|p2a: Garchomp|Stealth Rock|p1a: Kermit
|-sidestart|p1: Hans Bloodsmith|move: Stealth Rock
|move|p1a: Kermit|Ice Beam|p2a: Garchomp
|-supereffective|p2a: Garchomp
|-enditem|p2a: Garchomp|Focus Sash
|-damage|p2a: Garchomp|1/100
|-status|p2a: Garchomp|frz
|
|-weather|RainDance|[upkeep]
|upkeep
|turn|2
|
|t:|1716237665
|-curestatus|p2a: Garchomp|frz|[msg]
|move|p2a: Garchomp|Outrage|p1a: Kermit
|-damage|p1a: Kermit|18/100
|move|p1a: Kermit|Ice Beam|p2a: Garchomp
|-supereffective|p2a: Garchomp
|-damage|p2a: Garchomp|0 fnt
|faint|p2a: Garchomp
|
|-weather|RainDance|[upkeep]
|upkeep
|
|t:|1716237685
|switch|p2a: Volcarona|Volcarona, F, shiny|100/100
|turn|3
|
|t:|1716237689
|switch|p1a: Vlad|Gliscor, M|100/100
|-damage|p1a: Vlad|88/100|[from] Stealth Rock
|move|p2a: Volcarona|Quiver Dance|p2a: Volcarona
|-boost|p2a: Volcarona|spa|1
|-boost|p2a: Volcarona|spd|1
|-boost|p2a: Volcarona|spe|1
|
|-weather|RainDance|[upkeep]
|-status|p1a: Vlad|tox|[from] item: Toxic Orb
|upkeep
|turn|4
|
|t:|1716237698
|move|p2a: Volcarona|Psychic|p1a: Vlad
|-damage|p1a: Vlad|37/100 tox
|move|p1a: Vlad|Earthquake|p2a: Volcarona
|-damage|p2a: Volcarona|48/100
|
|-weather|RainDance|[upkeep]
|-heal|p1a: Vlad|49/100 tox|[from] ability: Poison Heal
|upkeep
|turn|5
|
|t:|1716237706
|move|p1a: Vlad|Protect|p1a: Vlad
|-singleturn|p1a: Vlad|Protect
|move|p2a: Volcarona|Quiver Dance|p2a: Volcarona
|-boost|p2a: Volcarona|spa|1
|-boost|p2a: Volcarona|spd|1
|-boost|p2a: Volcarona|spe|1
|
|-weather|RainDance|[upkeep]
|-heal|p1a: Vlad|62/100 tox|[from] ability: Poison Heal
|upkeep
|turn|6
|
|t:|1716237710
|move|p2a: Volcarona|Psychic|p1a: Vlad
|-damage|p1a: Vlad|0 fnt
|faint|p1a: Vlad
|
|-weather|RainDance|[upkeep]
|upkeep
|
|t:|1716237718
|switch|p1a: Ripley|Toxicroak, F|100/100
|-damage|p1a: Ripley|94/100|[from] Stealth Rock
|turn|7
|
|t:|1716237721
|move|p1a: Ripley|Sucker Punch|p2a: Volcarona
|-damage|p2a: Volcarona|0 fnt
|faint|p2a: Volcarona
|-damage|p1a: Ripley|85/100|[from] item: Life Orb
|
|-weather|RainDance|[upkeep]
|-heal|p1a: Ripley|97/100|[from] ability: Dry Skin
|upkeep
|
|t:|1716237740
|switch|p2a: Dragonite|Dragonite, F, shiny|100/100
|turn|8
|
|t:|1716237743
|move|p1a: Ripley|Ice Punch|p2a: Dragonite
|-supereffective|p2a: Dragonite
|-damage|p2a: Dragonite|29/100
|-damage|p1a: Ripley|87/100|[from] item: Life Orb
|move|p2a: Dragonite|Dragon Dance|p2a: Dragonite
|-boost|p2a: Dragonite|atk|1
|-boost|p2a: Dragonite|spe|1
|
|-weather|RainDance|[upkeep]
|-heal|p1a: Ripley|99/100|[from] ability: Dry Skin
|upkeep
|turn|9
|
|t:|1716237749
|move|p2a: Dragonite|Extreme Speed|p1a: Ripley
|-damage|p1a: Ripley|24/100
|move|p1a: Ripley|Sucker Punch||[still]
|-fail|p1a: Ripley
|
|-weather|RainDance|[upkeep]
|-heal|p1a: Ripley|36/100|[from] ability: Dry Skin
|upkeep
|turn|10
|
|t:|1716237755
|move|p2a: Dragonite|Extreme Speed|p1a: Ripley
|-damage|p1a: Ripley|0 fnt
|faint|p1a: Ripley
|
|-weather|RainDance|[upkeep]
|upkeep
|
|t:|1716237762
|switch|p1a: Vader|Hydreigon, M|100/100
|-damage|p1a: Vader|88/100|[from] Stealth Rock
|turn|11
|
|t:|1716237765
|move|p1a: Vader|Dark Pulse|p2a: Dragonite
|-damage|p2a: Dragonite|0 fnt
|faint|p2a: Dragonite
|
|-weather|RainDance|[upkeep]
|upkeep
|
|t:|1716237773
|switch|p2a: Scizor|Scizor, M|100/100
|turn|12
|
|t:|1716237781
|switch|p1a: Iroh|Volcarona, M|100/100
|-damage|p1a: Iroh|50/100|[from] Stealth Rock
|-enditem|p1a: Iroh|Sitrus Berry|[eat]
|-heal|p1a: Iroh|75/100|[from] item: Sitrus Berry
|move|p2a: Scizor|Swords Dance|p2a: Scizor
|-boost|p2a: Scizor|atk|2
|
|-weather|RainDance|[upkeep]
|upkeep
|turn|13
|
|t:|1716237787
|move|p2a: Scizor|Quick Attack|p1a: Iroh
|-damage|p1a: Iroh|0 fnt
|faint|p1a: Iroh
|-damage|p2a: Scizor|91/100|[from] item: Life Orb
|
|-weather|RainDance|[upkeep]
|upkeep
|
|t:|1716237792
|switch|p1a: Jarvis|Magnezone|100/100
|-damage|p1a: Jarvis|94/100|[from] Stealth Rock
|turn|14
|
|t:|1716237795
|move|p2a: Scizor|Superpower|p1a: Jarvis
|-supereffective|p1a: Jarvis
|-damage|p1a: Jarvis|0 fnt
|-unboost|p2a: Scizor|atk|1
|-unboost|p2a: Scizor|def|1
|faint|p1a: Jarvis
|-damage|p2a: Scizor|81/100|[from] item: Life Orb
|
|-weather|RainDance|[upkeep]
|upkeep
|
|t:|1716237798
|switch|p1a: Vader|Hydreigon, M|88/100
|-damage|p1a: Vader|76/100|[from] Stealth Rock
|turn|15
|
|t:|1716237800
|move|p2a: Scizor|Bullet Punch|p1a: Vader
|-damage|p1a: Vader|15/100
|-damage|p2a: Scizor|71/100|[from] item: Life Orb
|move|p1a: Vader|Surf|p2a: Scizor
|-damage|p2a: Scizor|0 fnt
|faint|p2a: Scizor
|
|-weather|RainDance|[upkeep]
|upkeep
|
|t:|1716237803
|switch|p2a: Breloom|Breloom, F, shiny|100/100
|turn|16
|
|t:|1716237806
|move|p2a: Breloom|Mach Punch|p1a: Vader
|-supereffective|p1a: Vader
|-damage|p1a: Vader|0 fnt
|faint|p1a: Vader
|-damage|p2a: Breloom|91/100|[from] item: Life Orb
|
|-weather|RainDance|[upkeep]
|upkeep
|
|t:|1716237808
|switch|p1a: Kermit|Politoed, M|18/100
|-damage|p1a: Kermit|6/100|[from] Stealth Rock
|turn|17
|
|t:|1716237810
|move|p2a: Breloom|Mach Punch|p1a: Kermit
|-damage|p1a: Kermit|0 fnt
|faint|p1a: Kermit
|-damage|p2a: Breloom|81/100|[from] item: Life Orb
|
|win|Jellium
|raw|Hans Bloodsmith's rating: 1326 &rarr; <strong>1313</strong><br />(-13 for losing)
|raw|Jellium's rating: 1462 &rarr; <strong>1475</strong><br />(+13 for winning)
|l|☆Hans Bloodsmith
|player|p1|
