|j|☆Croaset
|j|☆nov.rain
|t:|1738182771
|gametype|singles
|player|p1|Croaset|elesa|1430
|player|p2|nov.rain|102|1373
|teamsize|p1|6
|teamsize|p2|6
|gen|5
|tier|[Gen 5] OU
|rated|
|rule|Species Clause: Limit one of each Pokémon
|rule|OHKO Clause: OHKO moves are banned
|rule|Moody Clause: Moody is banned
|rule|Evasion Items Clause: Evasion items are banned
|rule|Evasion Moves Clause: Evasion moves are banned
|rule|Endless Battle Clause: Forcing endless battles is banned
|rule|HP Percentage Mod: HP is shown in percentages
|rule|Evasion Abilities Clause: Evasion abilities are banned
|rule|Sleep Moves Clause: Sleep-inducing moves are banned
|rule|Swagger Clause: Swagger is banned
|rule|Baton Pass Stat Clause: No Baton Passer may have a way to boost its stats
|clearpoke
|poke|p1|Golurk|item
|poke|p1|Tyranitar, F|item
|poke|p1|Jirachi|item
|poke|p1|Skarmory, F|item
|poke|p1|Latias, F|item
|poke|p1|Rotom-Wash|item
|poke|p2|Landorus-Therian, M|item
|poke|p2|Tyranitar, F|item
|poke|p2|Scizor, F|item
|poke|p2|Ferrothorn, M|item
|poke|p2|Mienshao, F|item
|poke|p2|Rotom-Wash|item
|teampreview
|inactive|Battle timer is ON: inactive players will automatically lose when time's up. (requested by Croaset)
|inactive|nov.rain has 120 seconds left.
|
|t:|1738182827
|start
|switch|p1a: Rotom|Rotom-Wash|100/100
|switch|p2a: Balls|Ferrothorn, M, shiny|100/100
|turn|1
|
|t:|1738182835
|switch|p2a: Dir-T Laund-Ri|Rotom-Wash|100/100
|move|p1a: Rotom|Volt Switch|p2a: Dir-T Laund-Ri
|-damage|p2a: Dir-T Laund-Ri|67/100
|
|t:|1738182857
|switch|p1a: Tyranitar|Tyranitar, F|100/100|[from] Volt Switch
|-weather|Sandstorm|[from] ability: Sand Stream|[of] p1a: Tyranitar
|
|-weather|Sandstorm|[upkeep]
|-damage|p2a: Dir-T Laund-Ri|61/100|[from] Sandstorm
|upkeep
|turn|2
|
|t:|1738182867
|move|p2a: Dir-T Laund-Ri|Volt Switch|p1a: Tyranitar
|-damage|p1a: Tyranitar|86/100
|
|t:|1738182876
|switch|p2a: Balls|Ferrothorn, M, shiny|100/100|[from] Volt Switch
|move|p1a: Tyranitar|Crunch|p2a: Balls
|-resisted|p2a: Balls
|-damage|p2a: Balls|91/100
|-damage|p1a: Tyranitar|73/100|[from] ability: Iron Barbs|[of] p2a: Balls
|-damage|p1a: Tyranitar|57/100|[from] item: Rocky Helmet|[of] p2a: Balls
|
|-weather|Sandstorm|[upkeep]
|upkeep
|turn|3
|
|t:|1738182888
|switch|p1a: Skarmory|Skarmory, F|100/100
|move|p2a: Balls|Stealth Rock|p1a: Skarmory
|-sidestart|p1: Croaset|move: Stealth Rock
|
|-weather|Sandstorm|[upkeep]
|upkeep
|turn|4
|
|t:|1738182892
|switch|p2a: Dir-T Laund-Ri|Rotom-Wash|61/100
|move|p1a: Skarmory|Stealth Rock|p2a: Dir-T Laund-Ri
|-sidestart|p2: nov.rain|move: Stealth Rock
|
|-weather|Sandstorm|[upkeep]
|-damage|p2a: Dir-T Laund-Ri|55/100|[from] Sandstorm
|upkeep
|turn|5
|
|t:|1738182898
|switch|p1a: Tyranitar|Tyranitar, F|57/100
|-damage|p1a: Tyranitar|44/100|[from] Stealth Rock
|move|p2a: Dir-T Laund-Ri|Volt Switch|p1a: Tyranitar
|-damage|p1a: Tyranitar|29/100
|
|t:|1738182907
|switch|p2a: Assassinita|Mienshao, F, shiny|100/100|[from] Volt Switch
|-damage|p2a: Assassinita|94/100|[from] Stealth Rock
|
|-weather|Sandstorm|[upkeep]
|-damage|p2a: Assassinita|88/100|[from] Sandstorm
|upkeep
|turn|6
|
|t:|1738182909
|switch|p1a: Golurk|Golurk|100/100
|-damage|p1a: Golurk|95/100|[from] Stealth Rock
|move|p2a: Assassinita|U-turn|p1a: Golurk
|-resisted|p1a: Golurk
|-damage|p1a: Golurk|80/100
|inactive|nov.rain has 120 seconds left.
|inactive|nov.rain has 90 seconds left.
|
|t:|1738182973
|switch|p2a: Ol' Puss|Landorus-Therian, M|100/100|[from] U-turn
|-damage|p2a: Ol' Puss|88/100|[from] Stealth Rock
|-ability|p2a: Ol' Puss|Intimidate|boost
|-unboost|p1a: Golurk|atk|1
|
|-weather|Sandstorm|[upkeep]
|upkeep
|turn|7
|
|t:|1738182985
|switch|p1a: Skarmory|Skarmory, F|100/100
|-damage|p1a: Skarmory|88/100|[from] Stealth Rock
|move|p2a: Ol' Puss|U-turn|p1a: Skarmory
|-resisted|p1a: Skarmory
|-damage|p1a: Skarmory|84/100
|inactive|nov.rain has 90 seconds left.
|
|t:|1738183007
|switch|p2a: Dir-T Laund-Ri|Rotom-Wash|55/100|[from] U-turn
|-damage|p2a: Dir-T Laund-Ri|42/100|[from] Stealth Rock
|
|-weather|Sandstorm|[upkeep]
|-damage|p2a: Dir-T Laund-Ri|36/100|[from] Sandstorm
|-heal|p1a: Skarmory|90/100|[from] item: Leftovers
|upkeep
|turn|8
|inactive|nov.rain has 90 seconds left.
|
|t:|1738183022
|switch|p1a: Tyranitar|Tyranitar, F|29/100
|-damage|p1a: Tyranitar|17/100|[from] Stealth Rock
|move|p2a: Dir-T Laund-Ri|Volt Switch|p1a: Tyranitar
|-damage|p1a: Tyranitar|3/100
|inactive|nov.rain has 90 seconds left.
|
|t:|1738183028
|switch|p2a: Assassinita|Mienshao, F, shiny|100/100|[from] Volt Switch
|-damage|p2a: Assassinita|94/100|[from] Stealth Rock
|
|-weather|Sandstorm|[upkeep]
|-damage|p2a: Assassinita|88/100|[from] Sandstorm
|upkeep
|turn|9
|
|t:|1738183030
|move|p2a: Assassinita|U-turn|p1a: Tyranitar
|-supereffective|p1a: Tyranitar
|-damage|p1a: Tyranitar|0 fnt
|faint|p1a: Tyranitar
|
|t:|1738183036
|switch|p2a: Ol' Puss|Landorus-Therian, M|88/100|[from] U-turn
|-damage|p2a: Ol' Puss|76/100|[from] Stealth Rock
|
|-weather|Sandstorm|[upkeep]
|upkeep
|
|t:|1738183042
|switch|p1a: Rotom|Rotom-Wash|100/100
|-damage|p1a: Rotom|88/100|[from] Stealth Rock
|turn|10
|
|t:|1738183045
|move|p2a: Ol' Puss|U-turn|p1a: Rotom
|-damage|p1a: Rotom|66/100
|
|t:|1738183048
|switch|p2a: Balls|Ferrothorn, M, shiny|91/100|[from] U-turn
|-damage|p2a: Balls|84/100|[from] Stealth Rock
|move|p1a: Rotom|Will-O-Wisp|p2a: Balls
|-status|p2a: Balls|brn
|
|-weather|Sandstorm|[upkeep]
|-damage|p1a: Rotom|59/100|[from] Sandstorm
|-heal|p1a: Rotom|66/100|[from] item: Leftovers
|-damage|p2a: Balls|72/100 brn|[from] brn
|upkeep
|turn|11
|
|t:|1738183052
|move|p1a: Rotom|Volt Switch|p2a: Balls
|-resisted|p2a: Balls
|-damage|p2a: Balls|61/100 brn
|
|t:|1738183056
|switch|p1a: Skarmory|Skarmory, F|90/100|[from] Volt Switch
|-damage|p1a: Skarmory|78/100|[from] Stealth Rock
|move|p2a: Balls|Thunder Wave|p1a: Skarmory
|-status|p1a: Skarmory|par
|
|-weather|Sandstorm|[upkeep]
|-heal|p1a: Skarmory|84/100 par|[from] item: Leftovers
|-damage|p2a: Balls|48/100 brn|[from] brn
|upkeep
|turn|12
|
|t:|1738183062
|switch|p2a: Dir-T Laund-Ri|Rotom-Wash|36/100
|-damage|p2a: Dir-T Laund-Ri|24/100|[from] Stealth Rock
|move|p1a: Skarmory|Spikes|p2a: Dir-T Laund-Ri
|-sidestart|p2: nov.rain|Spikes
|
|-weather|Sandstorm|[upkeep]
|-damage|p2a: Dir-T Laund-Ri|17/100|[from] Sandstorm
|-heal|p1a: Skarmory|90/100 par|[from] item: Leftovers
|upkeep
|turn|13
|
|t:|1738183069
|switch|p1a: Latias|Latias, F|100/100
|-damage|p1a: Latias|88/100|[from] Stealth Rock
|move|p2a: Dir-T Laund-Ri|Trick|p1a: Latias
|-activate|p2a: Dir-T Laund-Ri|move: Trick|[of] p1a: Latias
|-item|p1a: Latias|Choice Scarf|[from] move: Trick
|-item|p2a: Dir-T Laund-Ri|Colbur Berry|[from] move: Trick
|
|-weather|Sandstorm|[upkeep]
|-damage|p1a: Latias|82/100|[from] Sandstorm
|-damage|p2a: Dir-T Laund-Ri|11/100|[from] Sandstorm
|upkeep
|turn|14
|
|t:|1738183088
|move|p1a: Latias|Thunder Wave|p2a: Dir-T Laund-Ri
|-status|p2a: Dir-T Laund-Ri|par
|cant|p2a: Dir-T Laund-Ri|par
|
|-weather|Sandstorm|[upkeep]
|-damage|p1a: Latias|76/100|[from] Sandstorm
|-damage|p2a: Dir-T Laund-Ri|5/100 par|[from] Sandstorm
|upkeep
|turn|15
|inactive|nov.rain has 120 seconds left.
|
|t:|1738183126
|switch|p1a: Rotom|Rotom-Wash|66/100
|-damage|p1a: Rotom|53/100|[from] Stealth Rock
|move|p2a: Dir-T Laund-Ri|Trick|p1a: Rotom
|-activate|p2a: Dir-T Laund-Ri|move: Trick|[of] p1a: Rotom
|-item|p1a: Rotom|Colbur Berry|[from] move: Trick
|-item|p2a: Dir-T Laund-Ri|Leftovers|[from] move: Trick
|
|-weather|Sandstorm|[upkeep]
|-damage|p1a: Rotom|47/100|[from] Sandstorm
|-damage|p2a: Dir-T Laund-Ri|0 fnt|[from] Sandstorm
|faint|p2a: Dir-T Laund-Ri
|upkeep
|
|t:|1738183152
|switch|p2a: Assassinita|Mienshao, F, shiny|100/100
|-damage|p2a: Assassinita|94/100|[from] Stealth Rock
|-damage|p2a: Assassinita|82/100|[from] Spikes
|turn|16
|
|t:|1738183164
|move|p2a: Assassinita|High Jump Kick|p1a: Rotom
|-damage|p1a: Rotom|0 fnt
|faint|p1a: Rotom
|
|-weather|Sandstorm|[upkeep]
|-damage|p2a: Assassinita|75/100|[from] Sandstorm
|upkeep
|
|t:|1738183167
|switch|p1a: Golurk|Golurk|80/100
|-damage|p1a: Golurk|74/100|[from] Stealth Rock
|turn|17
|
|t:|1738183184
|switch|p2a: Ol' Puss|Landorus-Therian, M|76/100
|-damage|p2a: Ol' Puss|63/100|[from] Stealth Rock
|-ability|p2a: Ol' Puss|Intimidate|boost
|-unboost|p1a: Golurk|atk|1
|move|p1a: Golurk|Dynamic Punch|p2a: Ol' Puss
|-resisted|p2a: Ol' Puss
|-damage|p2a: Ol' Puss|51/100
|-start|p2a: Ol' Puss|confusion
|
|-weather|Sandstorm|[upkeep]
|upkeep
|turn|18
|
|t:|1738183189
|-activate|p2a: Ol' Puss|confusion
|move|p2a: Ol' Puss|U-turn|p1a: Golurk
|-resisted|p1a: Golurk
|-damage|p1a: Golurk|56/100
|
|t:|1738183191
|switch|p2a: Balls|Ferrothorn, M, shiny|48/100 brn|[from] U-turn
|-damage|p2a: Balls|42/100 brn|[from] Stealth Rock
|-damage|p2a: Balls|29/100 brn|[from] Spikes
|move|p1a: Golurk|Dynamic Punch|p2a: Balls
|-supereffective|p2a: Balls
|-damage|p2a: Balls|5/100 brn
|-start|p2a: Balls|confusion
|-damage|p1a: Golurk|43/100|[from] ability: Iron Barbs|[of] p2a: Balls
|-damage|p1a: Golurk|27/100|[from] item: Rocky Helmet|[of] p2a: Balls
|
|-weather|Sandstorm|[upkeep]
|-damage|p2a: Balls|0 fnt|[from] brn
|faint|p2a: Balls
|upkeep
|inactive|nov.rain has 120 seconds left.
|
|t:|1738183223
|switch|p2a: Assassinita|Mienshao, F, shiny|100/100
|-damage|p2a: Assassinita|94/100|[from] Stealth Rock
|-damage|p2a: Assassinita|82/100|[from] Spikes
|turn|19
|
|t:|1738183230
|move|p2a: Assassinita|Stone Edge|p1a: Golurk
|-resisted|p1a: Golurk
|-crit|p1a: Golurk
|-damage|p1a: Golurk|0 fnt
|faint|p1a: Golurk
|
|-weather|Sandstorm|[upkeep]
|-damage|p2a: Assassinita|75/100|[from] Sandstorm
|upkeep
|
|t:|1738183234
|switch|p1a: Latias|Latias, F|76/100
|-damage|p1a: Latias|64/100|[from] Stealth Rock
|turn|20
|
|t:|1738183249
|switch|p2a: Tina|Tyranitar, F, shiny|100/100
|-damage|p2a: Tina|88/100|[from] Stealth Rock
|-damage|p2a: Tina|75/100|[from] Spikes
|move|p1a: Latias|Draco Meteor|p2a: Tina
|-damage|p2a: Tina|53/100
|-unboost|p1a: Latias|spa|2
|
|-weather|Sandstorm|[upkeep]
|-damage|p1a: Latias|58/100|[from] Sandstorm
|upkeep
|turn|21
|
|t:|1738183257
|move|p1a: Latias|Draco Meteor|p2a: Tina
|-damage|p2a: Tina|43/100
|-unboost|p1a: Latias|spa|2
|move|p2a: Tina|Pursuit|p1a: Latias
|-supereffective|p1a: Latias
|-damage|p1a: Latias|21/100
|
|-weather|Sandstorm|[upkeep]
|-damage|p1a: Latias|15/100|[from] Sandstorm
|upkeep
|turn|22
|
|t:|1738183260
|move|p1a: Latias|Draco Meteor|p2a: Tina
|-damage|p2a: Tina|35/100
|-unboost|p1a: Latias|spa|2
|move|p2a: Tina|Pursuit|p1a: Latias
|-supereffective|p1a: Latias
|-damage|p1a: Latias|0 fnt
|faint|p1a: Latias
|
|-weather|Sandstorm|[upkeep]
|upkeep
|
|t:|1738183262
|switch|p1a: Jirachi|Jirachi|100/100
|-damage|p1a: Jirachi|94/100|[from] Stealth Rock
|turn|23
|
|t:|1738183270
|move|p1a: Jirachi|Substitute|p1a: Jirachi
|-start|p1a: Jirachi|Substitute
|-damage|p1a: Jirachi|69/100
|move|p2a: Tina|Earthquake|p1a: Jirachi
|-supereffective|p1a: Jirachi
|-end|p1a: Jirachi|Substitute
|
|-weather|Sandstorm|[upkeep]
|-heal|p1a: Jirachi|75/100|[from] item: Leftovers
|upkeep
|turn|24
|
|t:|1738183276
|move|p1a: Jirachi|Iron Head|p2a: Tina
|-supereffective|p2a: Tina
|-damage|p2a: Tina|0 fnt
|faint|p2a: Tina
|
|-weather|Sandstorm|[upkeep]
|-heal|p1a: Jirachi|82/100|[from] item: Leftovers
|upkeep
|
|t:|1738183286
|switch|p2a: Ol' Puss|Landorus-Therian, M|51/100
|-damage|p2a: Ol' Puss|39/100|[from] Stealth Rock
|-ability|p2a: Ol' Puss|Intimidate|boost
|-unboost|p1a: Jirachi|atk|1
|turn|25
|
|t:|1738183293
|switch|p1a: Skarmory|Skarmory, F|90/100 par
|-damage|p1a: Skarmory|77/100 par|[from] Stealth Rock
|move|p2a: Ol' Puss|U-turn|p1a: Skarmory
|-resisted|p1a: Skarmory
|-damage|p1a: Skarmory|73/100 par
|
|t:|1738183302
|switch|p2a: Fyrita|Scizor, F|100/100|[from] U-turn
|-damage|p2a: Fyrita|88/100|[from] Stealth Rock
|-damage|p2a: Fyrita|76/100|[from] Spikes
|
|-weather|Sandstorm|[upkeep]
|-heal|p1a: Skarmory|79/100 par|[from] item: Leftovers
|upkeep
|turn|26
|
|t:|1738183306
|move|p2a: Fyrita|Swords Dance|p2a: Fyrita
|-boost|p2a: Fyrita|atk|2
|cant|p1a: Skarmory|par
|
|-weather|Sandstorm|[upkeep]
|-heal|p1a: Skarmory|85/100 par|[from] item: Leftovers
|upkeep
|turn|27
|
|t:|1738183316
|move|p2a: Fyrita|Superpower|p1a: Skarmory
|-damage|p1a: Skarmory|11/100 par
|-unboost|p2a: Fyrita|atk|1
|-unboost|p2a: Fyrita|def|1
|-damage|p2a: Fyrita|66/100|[from] item: Life Orb
|cant|p1a: Skarmory|par
|
|-weather|Sandstorm|[upkeep]
|-heal|p1a: Skarmory|17/100 par|[from] item: Leftovers
|upkeep
|turn|28
|
|t:|1738183324
|move|p2a: Fyrita|Superpower|p1a: Skarmory
|-damage|p1a: Skarmory|0 fnt
|-unboost|p2a: Fyrita|atk|1
|-unboost|p2a: Fyrita|def|1
|faint|p1a: Skarmory
|-damage|p2a: Fyrita|56/100|[from] item: Life Orb
|
|-weather|Sandstorm|[upkeep]
|upkeep
|
|t:|1738183326
|switch|p1a: Jirachi|Jirachi|82/100
|-damage|p1a: Jirachi|75/100|[from] Stealth Rock
|turn|29
|
|t:|1738183338
|move|p2a: Fyrita|Bullet Punch|p1a: Jirachi
|-resisted|p1a: Jirachi
|-damage|p1a: Jirachi|57/100
|-damage|p2a: Fyrita|46/100|[from] item: Life Orb
|move|p1a: Jirachi|Body Slam|p2a: Fyrita
|-resisted|p2a: Fyrita
|-damage|p2a: Fyrita|26/100
|-status|p2a: Fyrita|par
|
|-weather|Sandstorm|[upkeep]
|-heal|p1a: Jirachi|63/100|[from] item: Leftovers
|upkeep
|turn|30
|
|t:|1738183340
|move|p2a: Fyrita|Bullet Punch|p1a: Jirachi
|-resisted|p1a: Jirachi
|-damage|p1a: Jirachi|44/100
|-damage|p2a: Fyrita|16/100 par|[from] item: Life Orb
|move|p1a: Jirachi|Substitute|p1a: Jirachi
|-start|p1a: Jirachi|Substitute
|-damage|p1a: Jirachi|19/100
|
|-weather|Sandstorm|[upkeep]
|-heal|p1a: Jirachi|25/100|[from] item: Leftovers
|upkeep
|turn|31
|
|t:|1738183347
|move|p2a: Fyrita|Bullet Punch|p1a: Jirachi
|-resisted|p1a: Jirachi
|-crit|p1a: Jirachi
|-end|p1a: Jirachi|Substitute
|-damage|p2a: Fyrita|6/100 par|[from] item: Life Orb
|move|p1a: Jirachi|Iron Head|p2a: Fyrita
|-resisted|p2a: Fyrita
|-damage|p2a: Fyrita|0 fnt
|faint|p2a: Fyrita
|
|-weather|Sandstorm|[upkeep]
|-heal|p1a: Jirachi|31/100|[from] item: Leftovers
|upkeep
|
|t:|1738183351
|switch|p2a: Ol' Puss|Landorus-Therian, M|39/100
|-damage|p2a: Ol' Puss|26/100|[from] Stealth Rock
|-ability|p2a: Ol' Puss|Intimidate|boost
|-unboost|p1a: Jirachi|atk|1
|turn|32
|
|t:|1738183353
|move|p2a: Ol' Puss|Earthquake|p1a: Jirachi
|-supereffective|p1a: Jirachi
|-damage|p1a: Jirachi|0 fnt
|faint|p1a: Jirachi
|
|win|nov.rain
|raw|Croaset's rating: 1430 &rarr; <strong>1407</strong><br />(-23 for losing)
|raw|nov.rain's rating: 1373 &rarr; <strong>1396</strong><br />(+23 for winning)
