|join|(LoD)Marcos
|join|Ryan House
|player|p1|(LoD)Marcos|101
|player|p2|Ryan House|52
|gametype|singles
|gen|5
|tier|[Gen 5] OU
|rated
|rule|Evasion Abilities Clause: Evasion abilities are banned
|clearpoke
|poke|p1|Gengar, M
|poke|p1|Volcarona, M
|poke|p1|Salamence, M
|poke|p1|Jirachi
|poke|p1|Mienshao, F
|poke|p1|Scrafty, M
|poke|p2|Hydreigon, M
|poke|p2|Skarmory, M
|poke|p2|Gothitelle, M, shiny
|poke|p2|Heatran, M
|poke|p2|Alakazam, M
|poke|p2|Scizor, M
|rule|Sleep Clause Mod: Limit one foe put to sleep
|rule|Species Clause: Limit one of each Pokemon
|rule|OHKO Clause: OHKO moves are banned
|rule|Moody Clause: Moody is banned
|rule|Evasion Moves Clause: Evasion moves are banned
|rule|Endless Battle Clause: Forcing endless battles is banned.
|rule|HP Percentage Mod: HP is reported as percentages
|teampreview
|
|start
|switch|p1a: Gengar|Gengar, M|262/262
|switch|p2a: Skarmory|Skarmory, M|334/334
|turn|1
|
|move|p1a: Gengar|Hypnosis|p2a: Skarmory|[miss]
|-miss|p1a: Gengar|p2a: Skarmory
|move|p2a: Skarmory|Stealth Rock|p1a: Gengar
|-sidestart|p1: (LoD)Marcos|move: Stealth Rock
|
|turn|2
|
|move|p1a: Gengar|Thunder|p2a: Skarmory
|-supereffective|p2a: Skarmory
|-damage|p2a: Skarmory|28/334
|move|p2a: Skarmory|Whirlwind|p1a: Gengar
|drag|p1a: Jirachi|Jirachi|397/397
|-damage|p1a: Jirachi|373/397|[from] Stealth Rock
|
|-heal|p1a: Jirachi|397/397|[from] item: Leftovers
|-heal|p2a: Skarmory|48/334|[from] item: Leftovers
|turn|3
|
|switch|p2a: Gothitelle|Gothitelle, M, shiny|344/344
|move|p1a: Jirachi|Thunder|p2a: Gothitelle
|-damage|p2a: Gothitelle|270/344
|
|turn|4
|
|move|p1a: Jirachi|Thunder|p2a: Gothitelle
|-damage|p2a: Gothitelle|194/344
|-status|p2a: Gothitelle|par
|cant|p2a: Gothitelle|par
|
|turn|5
|
|switch|p2a: Heatran|Heatran, M|386/386
|move|p1a: Jirachi|Substitute|p1a: Jirachi
|-start|p1a: Jirachi|Substitute
|-damage|p1a: Jirachi|298/397
|
|-heal|p1a: Jirachi|322/397|[from] item: Leftovers
|turn|6
|
|move|p1a: Jirachi|Thunder|p2a: Heatran
|-damage|p2a: Heatran|317/386
|-status|p2a: Heatran|par
|move|p2a: Heatran|Roar|p1a: Jirachi
|drag|p1a: Salamence|Salamence, M|331/331
|-damage|p1a: Salamence|249/331|[from] Stealth Rock
|
|-heal|p2a: Heatran|341/386 par|[from] item: Leftovers
|turn|7
|
|switch|p2a: Skarmory|Skarmory, M|48/334
|move|p1a: Salamence|Earthquake|p2a: Skarmory
|-immune|p2a: Skarmory|[msg]
|
|-heal|p2a: Skarmory|68/334|[from] item: Leftovers
|turn|8
|
|switch|p1a: Volcarona|Volcarona, M|312/312
|-damage|p1a: Volcarona|156/312|[from] Stealth Rock
|move|p2a: Skarmory|Roost|p2a: Skarmory
|-heal|p2a: Skarmory|235/334
|
|-heal|p2a: Skarmory|255/334|[from] item: Leftovers
|turn|9
|
|switch|p2a: Heatran|Heatran, M|341/386 par
|move|p1a: Volcarona|Hurricane|p2a: Heatran
|-resisted|p2a: Heatran
|-damage|p2a: Heatran|290/386 par
|
|-heal|p2a: Heatran|314/386 par|[from] item: Leftovers
|turn|10
|
|switch|p1a: Gengar|Gengar, M|262/262
|-damage|p1a: Gengar|230/262|[from] Stealth Rock
|move|p2a: Heatran|Roar|p1a: Gengar
|drag|p1a: Jirachi|Jirachi|322/397
|-damage|p1a: Jirachi|298/397|[from] Stealth Rock
|
|-heal|p1a: Jirachi|322/397|[from] item: Leftovers
|-heal|p2a: Heatran|338/386 par|[from] item: Leftovers
|turn|11
|
|switch|p1a: Volcarona|Volcarona, M|156/312
|-damage|p1a: Volcarona|0 fnt|[from] Stealth Rock
|faint|p1a: Volcarona
|move|p2a: Heatran|Lava Plume|p1: Volcarona|[notarget]
|-notarget
|
|-heal|p2a: Heatran|362/386 par|[from] item: Leftovers
|
|switch|p1a: Scrafty|Scrafty, M|271/271
|-damage|p1a: Scrafty|255/271|[from] Stealth Rock
|turn|12
|
|switch|p2a: Skarmory|Skarmory, M|255/334
|move|p1a: Scrafty|Drain Punch|p2a: Skarmory
|-damage|p2a: Skarmory|180/334
|-heal|p1a: Scrafty|271/271|[from] drain|[of] p2a: Skarmory
|
|-heal|p2a: Skarmory|200/334|[from] item: Leftovers
|turn|13
|
|move|p1a: Scrafty|Dragon Dance|p1a: Scrafty
|-boost|p1a: Scrafty|atk|1
|-boost|p1a: Scrafty|spe|1
|move|p2a: Skarmory|Spikes|p1a: Scrafty
|-sidestart|p1: (LoD)Marcos|Spikes
|
|-heal|p2a: Skarmory|220/334|[from] item: Leftovers
|turn|14
|
|move|p1a: Scrafty|Drain Punch|p2a: Skarmory
|-damage|p2a: Skarmory|124/334
|move|p2a: Skarmory|Whirlwind|p1a: Scrafty
|drag|p1a: Jirachi|Jirachi|322/397
|-damage|p1a: Jirachi|298/397|[from] Stealth Rock
|-damage|p1a: Jirachi|249/397|[from] Spikes
|
|-heal|p1a: Jirachi|273/397|[from] item: Leftovers
|-heal|p2a: Skarmory|144/334|[from] item: Leftovers
|turn|15
|
|switch|p2a: Heatran|Heatran, M|362/386 par
|move|p1a: Jirachi|Calm Mind|p1a: Jirachi
|-boost|p1a: Jirachi|spa|1
|-boost|p1a: Jirachi|spd|1
|
|-heal|p1a: Jirachi|297/397|[from] item: Leftovers
|-heal|p2a: Heatran|386/386 par|[from] item: Leftovers
|turn|16
|
|move|p1a: Jirachi|Substitute|p1a: Jirachi
|-start|p1a: Jirachi|Substitute
|-damage|p1a: Jirachi|198/397
|move|p2a: Heatran|Lava Plume|p1a: Jirachi
|-supereffective|p1a: Jirachi
|-end|p1a: Jirachi|Substitute
|
|-heal|p1a: Jirachi|222/397|[from] item: Leftovers
|turn|17
|
|move|p1a: Jirachi|Psyshock|p2a: Heatran
|-resisted|p2a: Heatran
|-damage|p2a: Heatran|327/386 par
|move|p2a: Heatran|Roar|p1a: Jirachi
|drag|p1a: Gengar|Gengar, M|230/262
|-damage|p1a: Gengar|198/262|[from] Stealth Rock
|
|-heal|p2a: Heatran|351/386 par|[from] item: Leftovers
|turn|18
|
|move|p1a: Gengar|Focus Blast|p2a: Heatran
|-supereffective|p2a: Heatran
|-damage|p2a: Heatran|143/386 par
|cant|p2a: Heatran|par
|
|-heal|p2a: Heatran|167/386 par|[from] item: Leftovers
|turn|19
|
|switch|p2a: Alakazam|Alakazam, M|252/252
|move|p1a: Gengar|Focus Blast|p2a: Alakazam|[miss]
|-miss|p1a: Gengar|p2a: Alakazam
|
|turn|20
|
|move|p2a: Alakazam|Shadow Ball|p1a: Gengar
|-supereffective|p1a: Gengar
|-damage|p1a: Gengar|0 fnt
|faint|p1a: Gengar
|
|
|switch|p1a: Mienshao|Mienshao, F|271/271
|-damage|p1a: Mienshao|255/271|[from] Stealth Rock
|-damage|p1a: Mienshao|222/271|[from] Spikes
|turn|21
|
|switch|p2a: Gothitelle|Gothitelle, M, shiny|194/344 par
|move|p1a: Mienshao|Fake Out|p2a: Gothitelle
|-damage|p2a: Gothitelle|141/344 par
|-damage|p1a: Mienshao|195/271|[from] item: Life Orb
|
|turn|22
|
|switch|p2a: Skarmory|Skarmory, M|144/334
|move|p1a: Mienshao|U-turn|p2a: Skarmory
|-resisted|p2a: Skarmory
|-damage|p2a: Skarmory|128/334
|-damage|p1a: Mienshao|168/271|[from] item: Life Orb
|
|switch|p1a: Jirachi|Jirachi|222/397
|-damage|p1a: Jirachi|173/397|[from] Spikes
|-damage|p1a: Jirachi|149/397|[from] Stealth Rock
|
|-heal|p1a: Jirachi|173/397|[from] item: Leftovers
|-heal|p2a: Skarmory|148/334|[from] item: Leftovers
|turn|23
|
|switch|p2a: Heatran|Heatran, M|167/386 par
|move|p1a: Jirachi|Thunder|p2a: Heatran
|-damage|p2a: Heatran|93/386 par
|
|-heal|p1a: Jirachi|197/397|[from] item: Leftovers
|-heal|p2a: Heatran|117/386 par|[from] item: Leftovers
|turn|24
|
|move|p1a: Jirachi|Psyshock|p2a: Heatran
|-resisted|p2a: Heatran
|-damage|p2a: Heatran|72/386 par
|move|p2a: Heatran|Lava Plume|p1a: Jirachi
|-supereffective|p1a: Jirachi
|-damage|p1a: Jirachi|0 fnt
|faint|p1a: Jirachi
|
|-heal|p2a: Heatran|96/386 par|[from] item: Leftovers
|
|switch|p1a: Scrafty|Scrafty, M|271/271
|-damage|p1a: Scrafty|255/271|[from] Stealth Rock
|-damage|p1a: Scrafty|222/271|[from] Spikes
|turn|25
|
|move|p1a: Scrafty|Dragon Dance|p1a: Scrafty
|-boost|p1a: Scrafty|atk|1
|-boost|p1a: Scrafty|spe|1
|move|p2a: Heatran|Lava Plume|p1a: Scrafty
|-damage|p1a: Scrafty|108/271
|
|-heal|p2a: Heatran|120/386 par|[from] item: Leftovers
|turn|26
|
|switch|p2a: Gothitelle|Gothitelle, M, shiny|141/344 par
|move|p1a: Scrafty|Drain Punch|p2a: Gothitelle
|-resisted|p2a: Gothitelle
|-damage|p2a: Gothitelle|77/344 par
|-heal|p1a: Scrafty|140/271|[from] drain|[of] p2a: Gothitelle
|
|turn|27
|
|move|p1a: Scrafty|Dragon Dance|p1a: Scrafty
|-boost|p1a: Scrafty|atk|1
|-boost|p1a: Scrafty|spe|1
|move|p2a: Gothitelle|Heal Bell|p2a: Gothitelle
|-cureteam|p2a: Gothitelle|[from] move: HealBell
|
|turn|28
|
|switch|p2a: Skarmory|Skarmory, M|148/334
|move|p1a: Scrafty|Crunch|p2a: Skarmory
|-resisted|p2a: Skarmory
|-damage|p2a: Skarmory|76/334
|
|-heal|p2a: Skarmory|96/334|[from] item: Leftovers
|turn|29
|
|switch|p2a: Gothitelle|Gothitelle, M, shiny|77/344
|move|p1a: Scrafty|Drain Punch|p2a: Gothitelle
|-resisted|p2a: Gothitelle
|-damage|p2a: Gothitelle|0 fnt
|-heal|p1a: Scrafty|179/271|[from] drain|[of] p2a: Gothitelle
|faint|p2a: Gothitelle
|-boost|p1a: Scrafty|atk|1|[from] ability: Moxie
|
|
|switch|p2a: Alakazam|Alakazam, M|252/252
|turn|30
|
|move|p1a: Scrafty|Drain Punch|p2a: Alakazam
|-crit|p2a: Alakazam
|-resisted|p2a: Alakazam
|-enditem|p2a: Alakazam|Focus Sash
|-damage|p2a: Alakazam|1/252
|-heal|p1a: Scrafty|271/271|[from] drain|[of] p2a: Alakazam
|move|p2a: Alakazam|Focus Blast|p1a: Scrafty
|-supereffective|p1a: Scrafty
|-damage|p1a: Scrafty|1/271
|
|turn|31
|
|move|p1a: Scrafty|Drain Punch|p2a: Alakazam
|-crit|p2a: Alakazam
|-resisted|p2a: Alakazam
|-damage|p2a: Alakazam|0 fnt
|-heal|p1a: Scrafty|2/271|[from] drain|[of] p2a: Alakazam
|faint|p2a: Alakazam
|-boost|p1a: Scrafty|atk|1|[from] ability: Moxie
|
|
|switch|p2a: Scizor|Scizor, M|282/282
|turn|32
|
|move|p2a: Scizor|Bullet Punch|p1a: Scrafty
|-damage|p1a: Scrafty|0 fnt
|faint|p1a: Scrafty
|
|
|switch|p1a: Salamence|Salamence, M|249/331
|-damage|p1a: Salamence|167/331|[from] Stealth Rock
|turn|33
|
|switch|p2a: Skarmory|Skarmory, M|96/334
|move|p1a: Salamence|Outrage|p2a: Skarmory
|-resisted|p2a: Skarmory
|-damage|p2a: Skarmory|20/334
|
|-heal|p2a: Skarmory|40/334|[from] item: Leftovers
|turn|34
|
|move|p1a: Salamence|Outrage|p2a: Skarmory
|-resisted|p2a: Skarmory
|-damage|p2a: Skarmory|0 fnt
|faint|p2a: Skarmory
|-boost|p1a: Salamence|atk|1|[from] ability: Moxie
|
|
|switch|p2a: Scizor|Scizor, M|282/282
|turn|35
|
|move|p2a: Scizor|Bullet Punch|p1a: Salamence
|-damage|p1a: Salamence|0 fnt
|faint|p1a: Salamence
|
|
|switch|p1a: Mienshao|Mienshao, F|258/271
|-damage|p1a: Mienshao|242/271|[from] Stealth Rock
|-damage|p1a: Mienshao|209/271|[from] Spikes
|turn|36
|
|switch|p2a: Heatran|Heatran, M|120/386
|move|p1a: Mienshao|High Jump Kick|p2a: Heatran
|-supereffective|p2a: Heatran
|-damage|p2a: Heatran|0 fnt
|-damage|p1a: Mienshao|182/271|[from] item: Life Orb
|faint|p2a: Heatran
|
|
|switch|p2a: Scizor|Scizor, M|282/282
|turn|37
|
|move|p2a: Scizor|Bullet Punch|p1a: Mienshao
|-damage|p1a: Mienshao|0 fnt
|faint|p1a: Mienshao
|
|win|Ryan House
|raw|Ladder updating...
|raw|(LoD)Marcos's rating: 1444 &rarr; <strong>1418</strong><br />(-26 for losing)
|raw|Ryan House's rating: 1333 &rarr; <strong>1359</strong><br />(+26 for winning)
|chat|Ryan House|gg
|leave|(LoD)Marcos
|player|p1