|j|☆Octacore
|j|☆SrjMilinkovicSavic
|player|p1|Octacore|286
|player|p2|SrjMilinkovicSavic|1
|teamsize|p1|6
|teamsize|p2|6
|gametype|singles
|gen|5
|tier|[Gen 5] OU
|rated|
|rule|Sleep Clause Mod: Limit one foe put to sleep
|rule|Species Clause: Limit one of each Pokémon
|rule|OHKO Clause: OHKO moves are banned
|rule|Moody Clause: Moody is banned
|rule|Evasion Moves Clause: Evasion moves are banned
|rule|Endless Battle Clause: Forcing endless battles is banned
|rule|HP Percentage Mod: HP is shown in percentages
|rule|Evasion Abilities Clause: Evasion abilities are banned
|rule|Baton Pass Clause: Limit one Baton Passer, can't pass Spe and other stats simultaneously
|rule|Swagger Clause: Swagger is banned
|clearpoke
|poke|p1|Politoed, M|item
|poke|p1|Tentacruel, F|item
|poke|p1|Celebi|item
|poke|p1|Ferrothorn, F|item
|poke|p1|Landorus-Therian, M|item
|poke|p1|Keldeo|item
|poke|p2|Ninetales, F|item
|poke|p2|Chansey, F|item
|poke|p2|Forretress, M|item
|poke|p2|Xatu, F|item
|poke|p2|Gliscor, F|item
|poke|p2|Cresselia, F|item
|teampreview
|inactive|Battle timer is ON: inactive players will automatically lose when time's up. (requested by SrjMilinkovicSavic)
|inactive|SrjMilinkovicSavic has 120 seconds left.
|
|start
|switch|p1a: Landorus|Landorus-Therian, M|100/100
|switch|p2a: Ninetales|Ninetales, F|100/100
|-ability|p1a: Landorus|Intimidate|boost
|-unboost|p2a: Ninetales|atk|1
|-weather|SunnyDay|[from] ability: Drought|[of] p2a: Ninetales
|turn|1
|
|switch|p2a: Xatu|Xatu, F|100/100
|move|p1a: Landorus|U-turn|p2a: Xatu
|-damage|p2a: Xatu|77/100
|-damage|p1a: Landorus|84/100|[from] item: Rocky Helmet|[of] p2a: Xatu
|
|switch|p1a: Politoed|Politoed, M|100/100
|-weather|RainDance|[from] ability: Drizzle|[of] p1a: Politoed
|
|-weather|RainDance|[upkeep]
|upkeep
|turn|2
|
|switch|p2a: Chansey|Chansey, F|100/100
|move|p1a: Politoed|Scald|p2a: Chansey
|-damage|p2a: Chansey|89/100
|-status|p2a: Chansey|brn
|
|-weather|RainDance|[upkeep]
|-damage|p2a: Chansey|76/100 brn|[from] brn
|upkeep
|turn|3
|
|switch|p1a: Tentacruel|Tentacruel, F|100/100
|switch|p2a: Ninetales|Ninetales, F|100/100
|-weather|SunnyDay|[from] ability: Drought|[of] p2a: Ninetales
|
|-weather|SunnyDay|[upkeep]
|upkeep
|turn|4
|
|switch|p1a: Celebi|Celebi|100/100
|move|p2a: Ninetales|Will-O-Wisp|p1a: Celebi
|-status|p1a: Celebi|brn
|
|-weather|SunnyDay|[upkeep]
|-damage|p1a: Celebi|88/100 brn|[from] brn
|upkeep
|turn|5
|
|switch|p1a: Politoed|Politoed, M|100/100
|-weather|RainDance|[from] ability: Drizzle|[of] p1a: Politoed
|move|p2a: Ninetales|Flamethrower|p1a: Politoed
|-resisted|p1a: Politoed
|-damage|p1a: Politoed|94/100
|
|-weather|RainDance|[upkeep]
|-heal|p1a: Politoed|100/100|[from] item: Leftovers
|upkeep
|turn|6
|
|switch|p2a: Chansey|Chansey, F|76/100
|switch|p1a: Keldeo|Keldeo|100/100
|
|-weather|RainDance|[upkeep]
|upkeep
|turn|7
|
|switch|p2a: Ninetales|Ninetales, F|100/100
|-weather|SunnyDay|[from] ability: Drought|[of] p2a: Ninetales
|move|p1a: Keldeo|Hydro Pump|p2a: Ninetales
|-supereffective|p2a: Ninetales
|-damage|p2a: Ninetales|39/100
|
|-weather|SunnyDay|[upkeep]
|-heal|p2a: Ninetales|45/100|[from] item: Leftovers
|upkeep
|turn|8
|
|switch|p1a: Politoed|Politoed, M|100/100
|-weather|RainDance|[from] ability: Drizzle|[of] p1a: Politoed
|move|p2a: Ninetales|Protect||[still]
|-fail|p2a: Ninetales
|
|-weather|RainDance|[upkeep]
|-heal|p2a: Ninetales|51/100|[from] item: Leftovers
|upkeep
|turn|9
|
|move|p2a: Ninetales|Protect|p2a: Ninetales
|-singleturn|p2a: Ninetales|Protect
|move|p1a: Politoed|Scald|p2a: Ninetales
|-activate|p2a: Ninetales|move: Protect
|
|-weather|RainDance|[upkeep]
|-heal|p2a: Ninetales|57/100|[from] item: Leftovers
|upkeep
|turn|10
|
|switch|p2a: Chansey|Chansey, F|76/100
|switch|p1a: Keldeo|Keldeo|100/100
|
|-weather|RainDance|[upkeep]
|upkeep
|turn|11
|
|switch|p2a: Cresselia|Cresselia, F|100/100
|move|p1a: Keldeo|Secret Sword|p2a: Cresselia
|-resisted|p2a: Cresselia
|-damage|p2a: Cresselia|90/100
|
|-weather|RainDance|[upkeep]
|-heal|p2a: Cresselia|96/100|[from] item: Leftovers
|upkeep
|turn|12
|
|switch|p1a: Ferrothorn|Ferrothorn, F|100/100
|switch|p2a: Ninetales|Ninetales, F|57/100
|-weather|SunnyDay|[from] ability: Drought|[of] p2a: Ninetales
|
|-weather|SunnyDay|[upkeep]
|-heal|p2a: Ninetales|63/100|[from] item: Leftovers
|upkeep
|turn|13
|
|move|p2a: Ninetales|Will-O-Wisp|p1a: Ferrothorn
|-status|p1a: Ferrothorn|brn
|move|p1a: Ferrothorn|Stealth Rock|p2a: Ninetales
|-sidestart|p2: SrjMilinkovicSavic|move: Stealth Rock
|
|-weather|SunnyDay|[upkeep]
|-heal|p2a: Ninetales|69/100|[from] item: Leftovers
|-damage|p1a: Ferrothorn|88/100 brn|[from] brn
|upkeep
|turn|14
|
|switch|p1a: Politoed|Politoed, M|100/100
|-weather|RainDance|[from] ability: Drizzle|[of] p1a: Politoed
|move|p2a: Ninetales|Will-O-Wisp|p1a: Politoed|[miss]
|-miss|p2a: Ninetales|p1a: Politoed
|
|-weather|RainDance|[upkeep]
|-heal|p2a: Ninetales|75/100|[from] item: Leftovers
|upkeep
|turn|15
|
|switch|p2a: Chansey|Chansey, F|76/100
|-damage|p2a: Chansey|64/100|[from] Stealth Rock
|move|p1a: Politoed|Scald|p2a: Chansey
|-damage|p2a: Chansey|52/100
|-status|p2a: Chansey|brn
|
|-weather|RainDance|[upkeep]
|-damage|p2a: Chansey|39/100 brn|[from] brn
|upkeep
|turn|16
|
|switch|p1a: Keldeo|Keldeo|100/100
|move|p2a: Chansey|Soft-Boiled|p2a: Chansey
|-heal|p2a: Chansey|89/100 brn
|
|-weather|RainDance|[upkeep]
|-damage|p2a: Chansey|77/100 brn|[from] brn
|upkeep
|turn|17
|
|move|p1a: Keldeo|Secret Sword|p2a: Chansey
|-supereffective|p2a: Chansey
|-damage|p2a: Chansey|6/100 brn
|move|p2a: Chansey|Soft-Boiled|p2a: Chansey
|-heal|p2a: Chansey|56/100 brn
|
|-weather|RainDance|[upkeep]
|-damage|p2a: Chansey|43/100 brn|[from] brn
|upkeep
|turn|18
|
|-curestatus|p2a: Chansey|brn|[from] ability: Natural Cure
|switch|p2a: Cresselia|Cresselia, F|96/100
|-damage|p2a: Cresselia|84/100|[from] Stealth Rock
|move|p1a: Keldeo|Hydro Pump|p2a: Cresselia
|-damage|p2a: Cresselia|23/100
|
|-weather|RainDance|[upkeep]
|-heal|p2a: Cresselia|29/100|[from] item: Leftovers
|upkeep
|turn|19
|
|move|p1a: Keldeo|Hydro Pump|p2a: Cresselia
|-damage|p2a: Cresselia|0 fnt
|faint|p2a: Cresselia
|
|-weather|RainDance|[upkeep]
|upkeep
|
|switch|p2a: Ninetales|Ninetales, F|75/100
|-damage|p2a: Ninetales|50/100|[from] Stealth Rock
|-weather|SunnyDay|[from] ability: Drought|[of] p2a: Ninetales
|turn|20
|
|switch|p1a: Politoed|Politoed, M|100/100
|-weather|RainDance|[from] ability: Drizzle|[of] p1a: Politoed
|switch|p2a: Forretress|Forretress, M|100/100
|-damage|p2a: Forretress|88/100|[from] Stealth Rock
|
|-weather|RainDance|[upkeep]
|-heal|p2a: Forretress|94/100|[from] item: Leftovers
|upkeep
|turn|21
|
|move|p1a: Politoed|Scald|p2a: Forretress
|-damage|p2a: Forretress|46/100
|move|p2a: Forretress|Volt Switch|p1a: Politoed
|-supereffective|p1a: Politoed
|-damage|p1a: Politoed|82/100
|
|switch|p2a: Chansey|Chansey, F|43/100
|-damage|p2a: Chansey|31/100|[from] Stealth Rock
|
|-weather|RainDance|[upkeep]
|-heal|p1a: Politoed|89/100|[from] item: Leftovers
|upkeep
|turn|22
|
|switch|p1a: Keldeo|Keldeo|100/100
|move|p2a: Chansey|Soft-Boiled|p2a: Chansey
|-heal|p2a: Chansey|81/100
|
|-weather|RainDance|[upkeep]
|upkeep
|turn|23
|
|switch|p2a: Forretress|Forretress, M|46/100
|-damage|p2a: Forretress|33/100|[from] Stealth Rock
|move|p1a: Keldeo|Secret Sword|p2a: Forretress
|-crit|p2a: Forretress
|-damage|p2a: Forretress|0 fnt
|faint|p2a: Forretress
|
|-weather|RainDance|[upkeep]
|upkeep
|c|☆SrjMilinkovicSavic|alright
|-message|SrjMilinkovicSavic forfeited.
|
|win|Octacore
|l|☆SrjMilinkovicSavic
|raw|Octacore's rating: 1509 &rarr; <strong>1522</strong><br />(+13 for winning)
|raw|SrjMilinkovicSavic's rating: 1382 &rarr; <strong>1369</strong><br />(-13 for losing)
