|j|☆Machine Gun Dragon
|j|☆phosphor display
|player|p1|Machine Gun Dragon|ryuki|1513
|player|p2|phosphor display|plasmagruntf-gen5bw|1389
|teamsize|p1|6
|teamsize|p2|6
|gametype|singles
|gen|5
|tier|[Gen 5] OU
|rated|
|rule|Sleep Clause Mod: Limit one foe put to sleep
|rule|Species Clause: Limit one of each Pokémon
|rule|OHKO Clause: OHKO moves are banned
|rule|Moody Clause: Moody is banned
|rule|Evasion Moves Clause: Evasion moves are banned
|rule|Endless Battle Clause: Forcing endless battles is banned
|rule|HP Percentage Mod: HP is shown in percentages
|rule|Evasion Abilities Clause: Evasion abilities are banned
|rule|Baton Pass Clause: Limit one Baton Passer, can't pass Spe and other stats simultaneously
|rule|Swagger Clause: Swagger is banned
|clearpoke
|poke|p1|Alakazam, M|item
|poke|p1|Garchomp, M|item
|poke|p1|Gastrodon, F|item
|poke|p1|Skarmory, F|item
|poke|p1|Tyranitar, F|item
|poke|p1|Gengar, F|item
|poke|p2|Excadrill, M|item
|poke|p2|Tyranitar, M|item
|poke|p2|Gastrodon, M|item
|poke|p2|Tangrowth, M|item
|poke|p2|Skarmory, M|item
|poke|p2|Hydreigon, M|item
|teampreview
|c|☆phosphor display|gl hf
|
|start
|switch|p1a: Gengar|Gengar, F|100/100
|switch|p2a: Gastrodon|Gastrodon, M, shiny|100/100
|turn|1
|
|switch|p1a: Gastrodon|Gastrodon, F|100/100
|move|p2a: Gastrodon|Scald|p1a: Gastrodon
|-ability|p1a: Gastrodon|Storm Drain|boost
|-boost|p1a: Gastrodon|spa|1
|
|upkeep
|turn|2
|
|move|p2a: Gastrodon|Earthquake|p1a: Gastrodon
|-damage|p1a: Gastrodon|81/100
|move|p1a: Gastrodon|Toxic|p2a: Gastrodon
|-status|p2a: Gastrodon|tox
|
|-heal|p1a: Gastrodon|87/100|[from] item: Leftovers
|-damage|p2a: Gastrodon|94/100 tox|[from] psn
|upkeep
|turn|3
|
|move|p1a: Gastrodon|Ice Beam|p2a: Gastrodon
|-damage|p2a: Gastrodon|67/100 tox
|move|p2a: Gastrodon|Earthquake|p1a: Gastrodon
|-damage|p1a: Gastrodon|66/100
|
|-heal|p2a: Gastrodon|73/100 tox|[from] item: Leftovers
|-heal|p1a: Gastrodon|73/100|[from] item: Leftovers
|-damage|p2a: Gastrodon|61/100 tox|[from] psn
|upkeep
|turn|4
|
|switch|p2a: Hydreigon|Hydreigon, M|100/100
|move|p1a: Gastrodon|Toxic|p2a: Hydreigon
|-status|p2a: Hydreigon|tox
|
|-heal|p1a: Gastrodon|79/100|[from] item: Leftovers
|-damage|p2a: Hydreigon|94/100 tox|[from] psn
|upkeep
|turn|5
|
|switch|p1a: Tyranitar|Tyranitar, F|100/100
|-weather|Sandstorm|[from] ability: Sand Stream|[of] p1a: Tyranitar
|move|p2a: Hydreigon|Draco Meteor|p1a: Tyranitar
|-damage|p1a: Tyranitar|34/100
|-unboost|p2a: Hydreigon|spa|2
|-damage|p2a: Hydreigon|84/100 tox|[from] item: Life Orb
|
|-weather|Sandstorm|[upkeep]
|-damage|p2a: Hydreigon|78/100 tox|[from] Sandstorm
|-damage|p2a: Hydreigon|66/100 tox|[from] psn
|upkeep
|turn|6
|
|switch|p2a: Skarmory|Skarmory, M|100/100
|move|p1a: Tyranitar|Ice Beam|p2a: Skarmory
|-damage|p2a: Skarmory|81/100
|
|-weather|Sandstorm|[upkeep]
|upkeep
|turn|7
|
|switch|p1a: Garchomp|Garchomp, M|100/100
|move|p2a: Skarmory|Spikes|p1a: Garchomp
|-sidestart|p1: Machine Gun Dragon|Spikes
|
|-weather|Sandstorm|[upkeep]
|upkeep
|turn|8
|
|move|p1a: Garchomp|Stealth Rock|p2a: Skarmory
|-sidestart|p2: phosphor display|move: Stealth Rock
|move|p2a: Skarmory|Whirlwind|p1a: Garchomp
|drag|p1a: Tyranitar|Tyranitar, F|34/100
|-damage|p1a: Tyranitar|22/100|[from] Spikes
|
|-weather|Sandstorm|[upkeep]
|upkeep
|turn|9
|
|switch|p1a: Gengar|Gengar, F|100/100
|move|p2a: Skarmory|Spikes|p1a: Gengar
|-sidestart|p1: Machine Gun Dragon|Spikes
|
|-weather|Sandstorm|[upkeep]
|-damage|p1a: Gengar|94/100|[from] Sandstorm
|-heal|p1a: Gengar|100/100|[from] item: Black Sludge
|upkeep
|turn|10
|
|switch|p2a: Gastrodon|Gastrodon, M, shiny|61/100 tox
|-damage|p2a: Gastrodon|54/100 tox|[from] Stealth Rock
|move|p1a: Gengar|Will-O-Wisp||[still]
|-fail|p1a: Gengar
|
|-weather|Sandstorm|[upkeep]
|-damage|p1a: Gengar|94/100|[from] Sandstorm
|-heal|p1a: Gengar|100/100|[from] item: Black Sludge
|-heal|p2a: Gastrodon|61/100 tox|[from] item: Leftovers
|-damage|p2a: Gastrodon|54/100 tox|[from] psn
|upkeep
|turn|11
|
|switch|p1a: Gastrodon|Gastrodon, F|79/100
|-damage|p1a: Gastrodon|62/100|[from] Spikes
|switch|p2a: Tyranitar|Tyranitar, M|100/100
|-damage|p2a: Tyranitar|88/100|[from] Stealth Rock
|
|-weather|Sandstorm|[upkeep]
|-heal|p2a: Tyranitar|94/100|[from] item: Leftovers
|-heal|p1a: Gastrodon|68/100|[from] item: Leftovers
|upkeep
|turn|12
|
|switch|p2a: Hydreigon|Hydreigon, M|66/100 tox
|-damage|p2a: Hydreigon|54/100 tox|[from] Stealth Rock
|move|p1a: Gastrodon|Toxic|p2a: Hydreigon
|-fail|p2a: Hydreigon|tox
|
|-weather|Sandstorm|[upkeep]
|-damage|p2a: Hydreigon|48/100 tox|[from] Sandstorm
|-heal|p1a: Gastrodon|74/100|[from] item: Leftovers
|-damage|p2a: Hydreigon|41/100 tox|[from] psn
|upkeep
|turn|13
|
|move|p2a: Hydreigon|Roost|p2a: Hydreigon
|-heal|p2a: Hydreigon|92/100 tox
|-singleturn|p2a: Hydreigon|move: Roost
|move|p1a: Gastrodon|Ice Beam|p2a: Hydreigon
|-supereffective|p2a: Hydreigon
|-damage|p2a: Hydreigon|48/100 tox
|
|-weather|Sandstorm|[upkeep]
|-damage|p2a: Hydreigon|42/100 tox|[from] Sandstorm
|-heal|p1a: Gastrodon|80/100|[from] item: Leftovers
|-damage|p2a: Hydreigon|29/100 tox|[from] psn
|upkeep
|turn|14
|
|move|p2a: Hydreigon|Roost|p2a: Hydreigon
|-heal|p2a: Hydreigon|80/100 tox
|-singleturn|p2a: Hydreigon|move: Roost
|move|p1a: Gastrodon|Recover|p1a: Gastrodon
|-heal|p1a: Gastrodon|100/100
|
|-weather|Sandstorm|[upkeep]
|-damage|p2a: Hydreigon|73/100 tox|[from] Sandstorm
|-damage|p2a: Hydreigon|55/100 tox|[from] psn
|upkeep
|turn|15
|
|switch|p1a: Skarmory|Skarmory, F|100/100
|move|p2a: Hydreigon|Draco Meteor|p1a: Skarmory
|-resisted|p1a: Skarmory
|-damage|p1a: Skarmory|35/100
|-unboost|p2a: Hydreigon|spa|2
|-damage|p2a: Hydreigon|45/100 tox|[from] item: Life Orb
|
|-weather|Sandstorm|[upkeep]
|-damage|p2a: Hydreigon|39/100 tox|[from] Sandstorm
|-damage|p2a: Hydreigon|14/100 tox|[from] psn
|upkeep
|turn|16
|
|switch|p1a: Gastrodon|Gastrodon, F|100/100
|-damage|p1a: Gastrodon|84/100|[from] Spikes
|move|p2a: Hydreigon|Fire Blast|p1a: Gastrodon|[miss]
|-miss|p2a: Hydreigon|p1a: Gastrodon
|
|-weather|Sandstorm|[upkeep]
|-damage|p2a: Hydreigon|8/100 tox|[from] Sandstorm
|-heal|p1a: Gastrodon|90/100|[from] item: Leftovers
|-damage|p2a: Hydreigon|0 fnt|[from] psn
|faint|p2a: Hydreigon
|upkeep
|
|switch|p2a: Tangrowth|Tangrowth, M|100/100
|-damage|p2a: Tangrowth|88/100|[from] Stealth Rock
|turn|17
|
|switch|p1a: Skarmory|Skarmory, F|35/100
|move|p2a: Tangrowth|Sleep Powder|p1a: Skarmory
|-status|p1a: Skarmory|slp|[from] move: Sleep Powder
|
|-weather|Sandstorm|[upkeep]
|-damage|p2a: Tangrowth|82/100|[from] Sandstorm
|-heal|p2a: Tangrowth|88/100|[from] item: Leftovers
|upkeep
|turn|18
|
|switch|p1a: Gengar|Gengar, F|100/100
|move|p2a: Tangrowth|Hidden Power|p1a: Gengar
|-damage|p1a: Gengar|78/100
|
|-weather|Sandstorm|[upkeep]
|-damage|p1a: Gengar|72/100|[from] Sandstorm
|-damage|p2a: Tangrowth|82/100|[from] Sandstorm
|-heal|p1a: Gengar|78/100|[from] item: Black Sludge
|-heal|p2a: Tangrowth|88/100|[from] item: Leftovers
|upkeep
|turn|19
|
|switch|p2a: Gastrodon|Gastrodon, M, shiny|54/100 tox
|-damage|p2a: Gastrodon|48/100 tox|[from] Stealth Rock
|move|p1a: Gengar|Substitute|p1a: Gengar
|-start|p1a: Gengar|Substitute
|-damage|p1a: Gengar|53/100
|
|-weather|Sandstorm|[upkeep]
|-damage|p1a: Gengar|47/100|[from] Sandstorm
|-heal|p1a: Gengar|53/100|[from] item: Black Sludge
|-heal|p2a: Gastrodon|54/100 tox|[from] item: Leftovers
|-damage|p2a: Gastrodon|48/100 tox|[from] psn
|upkeep
|turn|20
|
|move|p1a: Gengar|Shadow Ball|p2a: Gastrodon
|-damage|p2a: Gastrodon|12/100 tox
|move|p2a: Gastrodon|Scald|p1a: Gengar
|-end|p1a: Gengar|Substitute
|
|-weather|Sandstorm|[upkeep]
|-damage|p1a: Gengar|47/100|[from] Sandstorm
|-heal|p1a: Gengar|53/100|[from] item: Black Sludge
|-heal|p2a: Gastrodon|18/100 tox|[from] item: Leftovers
|-damage|p2a: Gastrodon|6/100 tox|[from] psn
|upkeep
|turn|21
|
|move|p1a: Gengar|Shadow Ball|p2a: Gastrodon
|-damage|p2a: Gastrodon|0 fnt
|faint|p2a: Gastrodon
|
|-weather|Sandstorm|[upkeep]
|-damage|p1a: Gengar|47/100|[from] Sandstorm
|-heal|p1a: Gengar|53/100|[from] item: Black Sludge
|upkeep
|
|switch|p2a: Tyranitar|Tyranitar, M|94/100
|-damage|p2a: Tyranitar|82/100|[from] Stealth Rock
|turn|22
|
|move|p1a: Gengar|Focus Blast|p2a: Tyranitar
|-supereffective|p2a: Tyranitar
|-damage|p2a: Tyranitar|11/100
|move|p2a: Tyranitar|Pursuit|p1a: Gengar
|-supereffective|p1a: Gengar
|-damage|p1a: Gengar|0 fnt
|faint|p1a: Gengar
|
|-weather|Sandstorm|[upkeep]
|-heal|p2a: Tyranitar|17/100|[from] item: Leftovers
|upkeep
|
|switch|p1a: Garchomp|Garchomp, M|100/100
|-damage|p1a: Garchomp|84/100|[from] Spikes
|turn|23
|inactive|Battle timer is ON: inactive players will automatically lose when time's up. (requested by Machine Gun Dragon)
|
|switch|p2a: Tangrowth|Tangrowth, M|100/100
|-damage|p2a: Tangrowth|88/100|[from] Stealth Rock
|move|p1a: Garchomp|Earthquake|p2a: Tangrowth
|-resisted|p2a: Tangrowth
|-damage|p2a: Tangrowth|76/100
|
|-weather|Sandstorm|[upkeep]
|-damage|p2a: Tangrowth|70/100|[from] Sandstorm
|-heal|p2a: Tangrowth|76/100|[from] item: Leftovers
|upkeep
|turn|24
|
|move|p1a: Garchomp|Fire Blast|p2a: Tangrowth
|-supereffective|p2a: Tangrowth
|-damage|p2a: Tangrowth|13/100
|move|p2a: Tangrowth|Giga Drain|p1a: Garchomp
|-crit|p1a: Garchomp
|-damage|p1a: Garchomp|28/100
|-heal|p2a: Tangrowth|42/100|[from] drain|[of] p1a: Garchomp
|
|-weather|Sandstorm|[upkeep]
|-damage|p2a: Tangrowth|35/100|[from] Sandstorm
|-heal|p2a: Tangrowth|42/100|[from] item: Leftovers
|upkeep
|turn|25
|c|☆phosphor display|sry
|
|switch|p2a: Tyranitar|Tyranitar, M|17/100
|-damage|p2a: Tyranitar|5/100|[from] Stealth Rock
|move|p1a: Garchomp|Fire Blast|p2a: Tyranitar
|-resisted|p2a: Tyranitar
|-damage|p2a: Tyranitar|0 fnt
|faint|p2a: Tyranitar
|
|-weather|Sandstorm|[upkeep]
|upkeep
|
|switch|p2a: Excadrill|Excadrill, M|100/100
|-damage|p2a: Excadrill|97/100|[from] Stealth Rock
|turn|26
|
|switch|p1a: Tyranitar|Tyranitar, F|22/100
|-damage|p1a: Tyranitar|5/100|[from] Spikes
|move|p2a: Excadrill|Earthquake|p1a: Tyranitar
|-supereffective|p1a: Tyranitar
|-damage|p1a: Tyranitar|0 fnt
|faint|p1a: Tyranitar
|
|-weather|Sandstorm|[upkeep]
|upkeep
|
|switch|p1a: Alakazam|Alakazam, M|100/100
|turn|27
|
|switch|p2a: Skarmory|Skarmory, M|81/100
|-damage|p2a: Skarmory|69/100|[from] Stealth Rock
|move|p1a: Alakazam|Focus Blast|p2a: Skarmory
|-damage|p2a: Skarmory|26/100
|
|-weather|Sandstorm|[upkeep]
|upkeep
|turn|28
|
|move|p1a: Alakazam|Focus Blast|p2a: Skarmory
|-damage|p2a: Skarmory|0 fnt
|faint|p2a: Skarmory
|
|-weather|Sandstorm|[upkeep]
|upkeep
|
|switch|p2a: Excadrill|Excadrill, M|97/100
|-damage|p2a: Excadrill|94/100|[from] Stealth Rock
|turn|29
|
|switch|p1a: Skarmory|Skarmory, F|35/100 slp
|move|p2a: Excadrill|Iron Head|p1a: Skarmory
|-resisted|p1a: Skarmory
|-damage|p1a: Skarmory|16/100 slp
|-damage|p2a: Excadrill|78/100|[from] item: Rocky Helmet|[of] p1a: Skarmory
|
|-weather|Sandstorm|[upkeep]
|upkeep
|turn|30
|
|switch|p2a: Tangrowth|Tangrowth, M|75/100
|-damage|p2a: Tangrowth|63/100|[from] Stealth Rock
|switch|p1a: Garchomp|Garchomp, M|28/100
|-damage|p1a: Garchomp|11/100|[from] Spikes
|
|-weather|Sandstorm|[upkeep]
|-damage|p2a: Tangrowth|56/100|[from] Sandstorm
|-heal|p2a: Tangrowth|63/100|[from] item: Leftovers
|upkeep
|turn|31
|
|move|p1a: Garchomp|Fire Blast|p2a: Tangrowth
|-supereffective|p2a: Tangrowth
|-damage|p2a: Tangrowth|4/100
|move|p2a: Tangrowth|Giga Drain|p1a: Garchomp
|-damage|p1a: Garchomp|0 fnt
|-heal|p2a: Tangrowth|10/100|[from] drain|[of] p1a: Garchomp
|faint|p1a: Garchomp
|
|-weather|Sandstorm|[upkeep]
|-damage|p2a: Tangrowth|3/100|[from] Sandstorm
|-heal|p2a: Tangrowth|10/100|[from] item: Leftovers
|upkeep
|
|switch|p1a: Alakazam|Alakazam, M|100/100
|turn|32
|
|switch|p2a: Excadrill|Excadrill, M|78/100
|-damage|p2a: Excadrill|75/100|[from] Stealth Rock
|move|p1a: Alakazam|Signal Beam|p2a: Excadrill
|-resisted|p2a: Excadrill
|-damage|p2a: Excadrill|56/100
|
|-weather|Sandstorm|[upkeep]
|upkeep
|turn|33
|
|switch|p1a: Skarmory|Skarmory, F|16/100 slp
|move|p2a: Excadrill|Earthquake|p1a: Skarmory
|-immune|p1a: Skarmory
|
|-weather|Sandstorm|[upkeep]
|upkeep
|turn|34
|inactive|phosphor display has 120 seconds left.
|
|move|p2a: Excadrill|Earthquake|p1a: Skarmory
|-immune|p1a: Skarmory
|cant|p1a: Skarmory|slp
|
|-weather|Sandstorm|[upkeep]
|upkeep
|turn|35
|
|switch|p2a: Tangrowth|Tangrowth, M|43/100
|-damage|p2a: Tangrowth|31/100|[from] Stealth Rock
|cant|p1a: Skarmory|slp
|
|-weather|Sandstorm|[upkeep]
|-damage|p2a: Tangrowth|24/100|[from] Sandstorm
|-heal|p2a: Tangrowth|31/100|[from] item: Leftovers
|upkeep
|turn|36
|
|cant|p1a: Skarmory|slp
|move|p2a: Tangrowth|Hidden Power|p1a: Skarmory
|-supereffective|p1a: Skarmory
|-damage|p1a: Skarmory|0 fnt
|faint|p1a: Skarmory
|
|-weather|Sandstorm|[upkeep]
|-damage|p2a: Tangrowth|24/100|[from] Sandstorm
|-heal|p2a: Tangrowth|31/100|[from] item: Leftovers
|upkeep
|
|switch|p1a: Alakazam|Alakazam, M|100/100
|turn|37
|j| drvortex
|
|move|p1a: Alakazam|Focus Blast|p2a: Tangrowth
|-damage|p2a: Tangrowth|0 fnt
|faint|p2a: Tangrowth
|
|-weather|Sandstorm|[upkeep]
|upkeep
|
|switch|p2a: Excadrill|Excadrill, M|56/100
|-damage|p2a: Excadrill|53/100|[from] Stealth Rock
|turn|38
|c|☆Machine Gun Dragon|gg
|c|☆phosphor display|gg
|
|move|p2a: Excadrill|Earthquake|p1a: Alakazam
|-enditem|p1a: Alakazam|Focus Sash
|-damage|p1a: Alakazam|1/100
|move|p1a: Alakazam|Focus Blast|p2a: Excadrill
|-supereffective|p2a: Excadrill
|-damage|p2a: Excadrill|0 fnt
|faint|p2a: Excadrill
|
|win|Machine Gun Dragon
|raw|Machine Gun Dragon's rating: 1513 &rarr; <strong>1527</strong><br />(+14 for winning)
|raw|phosphor display's rating: 1389 &rarr; <strong>1376</strong><br />(-13 for losing)
|l|☆phosphor display
|l| drvortex
|l|☆Machine Gun Dragon
|j|☆phosphor display
|player|p2|phosphor display|plasmagruntf-gen5bw
