|j|☆cinema staff fan
|j|☆Deepseaofmare
|t:|1741607597
|gametype|singles
|player|p1|cinema staff fan|170|1420
|player|p2|Deepseaofmare|kimonogirl|1411
|teamsize|p1|6
|teamsize|p2|6
|gen|5
|tier|[Gen 5] OU
|rated|
|rule|Species Clause: Limit one of each Pokémon
|rule|OHKO Clause: OHKO moves are banned
|rule|Moody Clause: Moody is banned
|rule|Evasion Items Clause: Evasion items are banned
|rule|Evasion Moves Clause: Evasion moves are banned
|rule|Endless Battle Clause: Forcing endless battles is banned
|rule|HP Percentage Mod: HP is shown in percentages
|rule|Evasion Abilities Clause: Evasion abilities are banned
|rule|Sleep Moves Clause: Sleep-inducing moves are banned
|rule|Swagger Clause: Swagger is banned
|rule|Baton Pass Stat Clause: No Baton Passer may have a way to boost its stats
|clearpoke
|poke|p1|Garchomp, M|item
|poke|p1|Landorus-Therian, M|item
|poke|p1|Dragonite, M|item
|poke|p1|Breloom, M|item
|poke|p1|Starmie|item
|poke|p1|Scizor, M|item
|poke|p2|Tyranitar, F|item
|poke|p2|Excadrill, F|item
|poke|p2|Celebi|item
|poke|p2|Keldeo|item
|poke|p2|Rotom-Wash|item
|poke|p2|Landorus-Therian, M|item
|teampreview
|inactive|Battle timer is ON: inactive players will automatically lose when time's up. (requested by cinema staff fan)
|
|t:|1741607618
|start
|switch|p1a: Garchomp|Garchomp, M|100/100
|switch|p2a: Rotom|Rotom-Wash|100/100
|turn|1
|
|t:|1741607625
|move|p1a: Garchomp|Stealth Rock|p2a: Rotom
|-sidestart|p2: Deepseaofmare|move: Stealth Rock
|move|p2a: Rotom|Pain Split|p1a: Garchomp
|-sethp|p1a: Garchomp|93/100|[from] move: Pain Split|[silent]
|-sethp|p2a: Rotom|100/100|[from] move: Pain Split
|
|upkeep
|turn|2
|
|t:|1741607636
|move|p1a: Garchomp|Swords Dance|p1a: Garchomp
|-boost|p1a: Garchomp|atk|2
|move|p2a: Rotom|Will-O-Wisp|p1a: Garchomp
|-status|p1a: Garchomp|brn
|
|-damage|p1a: Garchomp|81/100 brn|[from] brn
|upkeep
|turn|3
|
|t:|1741607663
|move|p1a: Garchomp|Swords Dance|p1a: Garchomp
|-boost|p1a: Garchomp|atk|2
|move|p2a: Rotom|Hydro Pump|p1a: Garchomp
|-damage|p1a: Garchomp|33/100 brn
|
|-damage|p1a: Garchomp|21/100 brn|[from] brn
|upkeep
|turn|4
|
|t:|1741607668
|move|p1a: Garchomp|Outrage|p2a: Rotom
|-damage|p2a: Rotom|24/100
|move|p2a: Rotom|Hydro Pump|p1a: Garchomp
|-damage|p1a: Garchomp|0 fnt
|faint|p1a: Garchomp
|
|-heal|p2a: Rotom|30/100|[from] item: Leftovers
|upkeep
|
|t:|1741607684
|switch|p1a: Breloom|Breloom, M|100/100
|turn|5
|
|t:|1741607686
|switch|p2a: Celebi|Celebi|100/100
|-damage|p2a: Celebi|88/100|[from] Stealth Rock
|move|p1a: Breloom|Bullet Seed|p2a: Celebi
|-resisted|p2a: Celebi
|-damage|p2a: Celebi|77/100
|-resisted|p2a: Celebi
|-damage|p2a: Celebi|67/100
|-resisted|p2a: Celebi
|-damage|p2a: Celebi|55/100
|-hitcount|p2a: Celebi|3
|-damage|p1a: Breloom|91/100|[from] item: Life Orb
|
|-heal|p2a: Celebi|61/100|[from] item: Leftovers
|upkeep
|turn|6
|
|t:|1741607704
|switch|p1a: Scizor|Scizor, M|100/100
|move|p2a: Celebi|Hidden Power|p1a: Scizor
|-supereffective|p1a: Scizor
|-damage|p1a: Scizor|14/100
|
|-heal|p2a: Celebi|67/100|[from] item: Leftovers
|upkeep
|turn|7
|inactive|Deepseaofmare has 120 seconds left.
|
|t:|1741607732
|switch|p2a: Landorus|Landorus-Therian, M|100/100
|-damage|p2a: Landorus|88/100|[from] Stealth Rock
|-ability|p2a: Landorus|Intimidate|boost
|-unboost|p1a: Scizor|atk|1
|move|p1a: Scizor|Bullet Punch|p2a: Landorus
|-damage|p2a: Landorus|59/100
|-damage|p1a: Scizor|4/100|[from] item: Life Orb
|
|-heal|p2a: Landorus|65/100|[from] item: Leftovers
|upkeep
|turn|8
|
|t:|1741607740
|move|p1a: Scizor|Bullet Punch|p2a: Landorus
|-damage|p2a: Landorus|37/100
|-damage|p1a: Scizor|0 fnt|[from] item: Life Orb
|faint|p1a: Scizor
|move|p2a: Landorus|Stealth Rock|p1: Scizor
|-sidestart|p1: cinema staff fan|move: Stealth Rock
|
|-heal|p2a: Landorus|43/100|[from] item: Leftovers
|upkeep
|inactive|cinema staff fan has 120 seconds left.
|
|t:|1741607770
|switch|p1a: Starmie|Starmie|100/100
|-damage|p1a: Starmie|88/100|[from] Stealth Rock
|-item|p1a: Starmie|Air Balloon
|turn|9
|
|t:|1741607776
|move|p1a: Starmie|Ice Beam|p2a: Landorus
|-supereffective|p2a: Landorus
|-damage|p2a: Landorus|0 fnt
|faint|p2a: Landorus
|
|upkeep
|
|t:|1741607781
|switch|p2a: Tyranitar|Tyranitar, F|100/100
|-damage|p2a: Tyranitar|88/100|[from] Stealth Rock
|-weather|Sandstorm|[from] ability: Sand Stream|[of] p2a: Tyranitar
|turn|10
|
|t:|1741607785
|move|p1a: Starmie|Hydro Pump|p2a: Tyranitar
|-supereffective|p2a: Tyranitar
|-damage|p2a: Tyranitar|42/100
|move|p2a: Tyranitar|Crunch|p1a: Starmie
|-supereffective|p1a: Starmie
|-damage|p1a: Starmie|0 fnt
|-enditem|p1a: Starmie|Air Balloon
|faint|p1a: Starmie
|
|-weather|Sandstorm|[upkeep]
|upkeep
|
|t:|1741607800
|switch|p1a: Breloom|Breloom, M|91/100
|-damage|p1a: Breloom|84/100|[from] Stealth Rock
|turn|11
|
|t:|1741607815
|switch|p2a: Celebi|Celebi|67/100
|-damage|p2a: Celebi|55/100|[from] Stealth Rock
|move|p1a: Breloom|Bullet Seed|p2a: Celebi
|-resisted|p2a: Celebi
|-damage|p2a: Celebi|44/100
|-resisted|p2a: Celebi
|-damage|p2a: Celebi|34/100
|-hitcount|p2a: Celebi|2
|-damage|p1a: Breloom|75/100|[from] item: Life Orb
|
|-weather|Sandstorm|[upkeep]
|-damage|p2a: Celebi|27/100|[from] Sandstorm
|-damage|p1a: Breloom|68/100|[from] Sandstorm
|-heal|p2a: Celebi|34/100|[from] item: Leftovers
|upkeep
|turn|12
|
|t:|1741607841
|move|p2a: Celebi|Leaf Storm|p1a: Breloom
|-resisted|p1a: Breloom
|-damage|p1a: Breloom|20/100
|-unboost|p2a: Celebi|spa|2
|move|p1a: Breloom|Low Sweep|p2a: Celebi
|-resisted|p2a: Celebi
|-damage|p2a: Celebi|6/100
|-unboost|p2a: Celebi|spe|1
|-damage|p1a: Breloom|10/100|[from] item: Life Orb
|
|-weather|Sandstorm|[upkeep]
|-damage|p1a: Breloom|4/100|[from] Sandstorm
|-damage|p2a: Celebi|0 fnt|[from] Sandstorm
|faint|p2a: Celebi
|upkeep
|j| Lucky Lucci
|
|t:|1741607854
|switch|p2a: Rotom|Rotom-Wash|30/100
|-damage|p2a: Rotom|18/100|[from] Stealth Rock
|turn|13
|
|t:|1741607857
|move|p1a: Breloom|Mach Punch|p2a: Rotom
|-damage|p2a: Rotom|0 fnt
|faint|p2a: Rotom
|-damage|p1a: Breloom|0 fnt|[from] item: Life Orb
|faint|p1a: Breloom
|
|-weather|Sandstorm|[upkeep]
|upkeep
|
|t:|1741607865
|switch|p1a: Landorus|Landorus-Therian, M|100/100
|switch|p2a: Keldeo|Keldeo|100/100
|-damage|p1a: Landorus|88/100|[from] Stealth Rock
|-ability|p1a: Landorus|Intimidate|boost
|-unboost|p2a: Keldeo|atk|1
|-damage|p2a: Keldeo|94/100|[from] Stealth Rock
|turn|14
|
|t:|1741607872
|move|p1a: Landorus|U-turn|p2a: Keldeo
|-resisted|p2a: Keldeo
|-damage|p2a: Keldeo|80/100
|
|t:|1741607874
|switch|p1a: Dragonite|Dragonite, M|100/100|[from] U-turn
|-damage|p1a: Dragonite|76/100|[from] Stealth Rock
|move|p2a: Keldeo|Surf|p1a: Dragonite
|-resisted|p1a: Dragonite
|-damage|p1a: Dragonite|34/100
|
|-weather|Sandstorm|[upkeep]
|-damage|p2a: Keldeo|74/100|[from] Sandstorm
|-damage|p1a: Dragonite|28/100|[from] Sandstorm
|upkeep
|turn|15
|
|t:|1741607885
|move|p1a: Dragonite|Extreme Speed|p2a: Keldeo
|-damage|p2a: Keldeo|38/100
|move|p2a: Keldeo|Surf|p1a: Dragonite
|-resisted|p1a: Dragonite
|-damage|p1a: Dragonite|0 fnt
|faint|p1a: Dragonite
|
|-weather|Sandstorm|[upkeep]
|-damage|p2a: Keldeo|31/100|[from] Sandstorm
|upkeep
|
|t:|1741607888
|switch|p1a: Landorus|Landorus-Therian, M|88/100
|-damage|p1a: Landorus|76/100|[from] Stealth Rock
|-ability|p1a: Landorus|Intimidate|boost
|-unboost|p2a: Keldeo|atk|1
|turn|16
|j| lzgboys
|
|t:|1741607900
|move|p1a: Landorus|Earthquake|p2a: Keldeo
|-damage|p2a: Keldeo|0 fnt
|faint|p2a: Keldeo
|
|-weather|Sandstorm|[upkeep]
|upkeep
|
|t:|1741607902
|switch|p2a: Tyranitar|Tyranitar, F|42/100
|-damage|p2a: Tyranitar|29/100|[from] Stealth Rock
|turn|17
|
|t:|1741607904
|move|p1a: Landorus|Earthquake|p2a: Tyranitar
|-supereffective|p2a: Tyranitar
|-damage|p2a: Tyranitar|0 fnt
|faint|p2a: Tyranitar
|
|-weather|Sandstorm|[upkeep]
|upkeep
|
|t:|1741607905
|switch|p2a: Excadrill|Excadrill, F|100/100
|-damage|p2a: Excadrill|97/100|[from] Stealth Rock
|turn|18
|
|t:|1741607908
|move|p1a: Landorus|Earthquake|p2a: Excadrill
|-supereffective|p2a: Excadrill
|-damage|p2a: Excadrill|0 fnt
|faint|p2a: Excadrill
|
|win|cinema staff fan
|raw|cinema staff fan's rating: 1420 &rarr; <strong>1439</strong><br />(+19 for winning)
|raw|Deepseaofmare's rating: 1411 &rarr; <strong>1392</strong><br />(-19 for losing)
|l|☆Deepseaofmare
|player|p2|
|l|☆cinema staff fan
|player|p1|
