|j|☆II Armando II
|j|☆shiny peoples
|player|p1|II Armando II|169|1407
|player|p2|shiny peoples|169|1399
|teamsize|p1|6
|teamsize|p2|6
|gametype|singles
|gen|5
|tier|[Gen 5] OU
|rated|
|rule|Sleep Clause Mod: Limit one foe put to sleep
|rule|Species Clause: Limit one of each Pokémon
|rule|OHKO Clause: OHKO moves are banned
|rule|Moody Clause: Moody is banned
|rule|Evasion Moves Clause: Evasion moves are banned
|rule|Endless Battle Clause: Forcing endless battles is banned
|rule|HP Percentage Mod: HP is shown in percentages
|rule|Evasion Abilities Clause: Evasion abilities are banned
|rule|Baton Pass Clause: Limit one Baton Passer, can't pass Spe and other stats simultaneously
|rule|Swagger Clause: Swagger is banned
|clearpoke
|poke|p1|Politoed, F|item
|poke|p1|Starmie|item
|poke|p1|Ferrothorn, F|item
|poke|p1|Keldeo|item
|poke|p1|Latios, M|item
|poke|p1|Tornadus, M|item
|poke|p2|Politoed, F|item
|poke|p2|Ferrothorn, F|item
|poke|p2|Celebi|item
|poke|p2|Tentacruel, M|item
|poke|p2|Garchomp, M|item
|poke|p2|Thundurus-Therian, M|item
|teampreview
|
|start
|switch|p1a: Politoed|Politoed, F|100/100
|switch|p2a: Politoed|Politoed, F|100/100
|-weather|RainDance|[from] ability: Drizzle|[of] p2a: Politoed
|turn|1
|
|switch|p2a: Ferrothorn|Ferrothorn, F|100/100
|switch|p1a: Ferrothorn|Ferrothorn, F|100/100
|
|-weather|RainDance|[upkeep]
|upkeep
|turn|2
|
|move|p2a: Ferrothorn|Stealth Rock|p1a: Ferrothorn
|-sidestart|p1: II Armando II|move: Stealth Rock
|move|p1a: Ferrothorn|Stealth Rock|p2a: Ferrothorn
|-sidestart|p2: shiny peoples|move: Stealth Rock
|
|-weather|RainDance|[upkeep]
|upkeep
|turn|3
|
|move|p2a: Ferrothorn|Spikes|p1a: Ferrothorn
|-sidestart|p1: II Armando II|Spikes
|move|p1a: Ferrothorn|Spikes|p2a: Ferrothorn
|-sidestart|p2: shiny peoples|Spikes
|
|-weather|RainDance|[upkeep]
|upkeep
|turn|4
|
|switch|p2a: Celebi|Celebi|100/100
|-damage|p2a: Celebi|88/100|[from] Spikes
|-damage|p2a: Celebi|76/100|[from] Stealth Rock
|move|p1a: Ferrothorn|Spikes|p2a: Celebi
|-sidestart|p2: shiny peoples|Spikes
|
|-weather|RainDance|[upkeep]
|-heal|p2a: Celebi|82/100|[from] item: Leftovers
|upkeep
|turn|5
|
|switch|p1a: Tornadus|Tornadus, M|100/100
|-damage|p1a: Tornadus|76/100|[from] Stealth Rock
|move|p2a: Celebi|Nasty Plot|p2a: Celebi
|-boost|p2a: Celebi|spa|2
|
|-weather|RainDance|[upkeep]
|-heal|p2a: Celebi|88/100|[from] item: Leftovers
|upkeep
|turn|6
|
|switch|p2a: Garchomp|Garchomp, M|100/100
|-damage|p2a: Garchomp|84/100|[from] Spikes
|-damage|p2a: Garchomp|78/100|[from] Stealth Rock
|move|p1a: Tornadus|Hurricane|p2a: Garchomp
|-damage|p2a: Garchomp|0 fnt
|faint|p2a: Garchomp
|
|-weather|RainDance|[upkeep]
|upkeep
|j| Aimel
|
|switch|p2a: Thundurus|Thundurus-Therian, M|100/100
|-damage|p2a: Thundurus|76/100|[from] Stealth Rock
|turn|7
|
|switch|p1a: Latios|Latios, M|100/100
|-damage|p1a: Latios|88/100|[from] Stealth Rock
|move|p2a: Thundurus|Thunder|p1a: Latios
|-resisted|p1a: Latios
|-damage|p1a: Latios|51/100
|
|-weather|RainDance|[upkeep]
|-heal|p2a: Thundurus|82/100|[from] item: Leftovers
|upkeep
|turn|8
|
|switch|p1a: Tornadus|Tornadus, M|76/100
|-damage|p1a: Tornadus|51/100|[from] Stealth Rock
|switch|p2a: Ferrothorn|Ferrothorn, F|100/100
|-damage|p2a: Ferrothorn|84/100|[from] Spikes
|-damage|p2a: Ferrothorn|78/100|[from] Stealth Rock
|
|-weather|RainDance|[upkeep]
|-heal|p2a: Ferrothorn|84/100|[from] item: Leftovers
|upkeep
|turn|9
|
|move|p1a: Tornadus|Focus Blast|p2a: Ferrothorn
|-supereffective|p2a: Ferrothorn
|-damage|p2a: Ferrothorn|0 fnt
|faint|p2a: Ferrothorn
|
|-weather|RainDance|[upkeep]
|upkeep
|
|switch|p2a: Tentacruel|Tentacruel, M|100/100
|-damage|p2a: Tentacruel|88/100|[from] Stealth Rock
|-damage|p2a: Tentacruel|71/100|[from] Spikes
|turn|10
|
|switch|p1a: Ferrothorn|Ferrothorn, F|100/100
|-damage|p1a: Ferrothorn|88/100|[from] Spikes
|-damage|p1a: Ferrothorn|82/100|[from] Stealth Rock
|move|p2a: Tentacruel|Rapid Spin|p1a: Ferrothorn
|-resisted|p1a: Ferrothorn
|-damage|p1a: Ferrothorn|81/100
|-damage|p2a: Tentacruel|59/100|[from] ability: Iron Barbs|[of] p1a: Ferrothorn
|-sideend|p2: shiny peoples|Spikes|[from] move: Rapid Spin|[of] p2a: Tentacruel
|-sideend|p2: shiny peoples|Stealth Rock|[from] move: Rapid Spin|[of] p2a: Tentacruel
|
|-weather|RainDance|[upkeep]
|-heal|p2a: Tentacruel|65/100|[from] ability: Rain Dish
|-heal|p2a: Tentacruel|71/100|[from] item: Black Sludge
|upkeep
|turn|11
|
|switch|p2a: Thundurus|Thundurus-Therian, M|82/100
|move|p1a: Ferrothorn|Stealth Rock|p2a: Thundurus
|-sidestart|p2: shiny peoples|move: Stealth Rock
|
|-weather|RainDance|[upkeep]
|-heal|p2a: Thundurus|88/100|[from] item: Leftovers
|upkeep
|turn|12
|
|move|p2a: Thundurus|Substitute|p2a: Thundurus
|-start|p2a: Thundurus|Substitute
|-damage|p2a: Thundurus|63/100
|move|p1a: Ferrothorn|Gyro Ball|p2a: Thundurus
|-resisted|p2a: Thundurus
|-end|p2a: Thundurus|Substitute
|
|-weather|RainDance|[upkeep]
|-heal|p2a: Thundurus|69/100|[from] item: Leftovers
|upkeep
|turn|13
|
|move|p2a: Thundurus|Nasty Plot|p2a: Thundurus
|-boost|p2a: Thundurus|spa|2
|move|p1a: Ferrothorn|Gyro Ball|p2a: Thundurus
|-resisted|p2a: Thundurus
|-damage|p2a: Thundurus|30/100
|
|-weather|RainDance|[upkeep]
|-heal|p2a: Thundurus|37/100|[from] item: Leftovers
|upkeep
|turn|14
|
|move|p2a: Thundurus|Thunder|p1a: Ferrothorn
|-resisted|p1a: Ferrothorn
|-damage|p1a: Ferrothorn|33/100
|-status|p1a: Ferrothorn|par
|cant|p1a: Ferrothorn|par
|
|-weather|RainDance|[upkeep]
|-heal|p2a: Thundurus|43/100|[from] item: Leftovers
|upkeep
|turn|15
|
|move|p2a: Thundurus|Substitute|p2a: Thundurus
|-start|p2a: Thundurus|Substitute
|-damage|p2a: Thundurus|18/100
|cant|p1a: Ferrothorn|par
|
|-weather|RainDance|[upkeep]
|-heal|p2a: Thundurus|24/100|[from] item: Leftovers
|upkeep
|turn|16
|
|move|p2a: Thundurus|Thunder|p1a: Ferrothorn
|-resisted|p1a: Ferrothorn
|-damage|p1a: Ferrothorn|0 fnt
|faint|p1a: Ferrothorn
|
|-weather|RainDance|[upkeep]
|-heal|p2a: Thundurus|30/100|[from] item: Leftovers
|upkeep
|j| ORAS1789
|
|switch|p1a: Starmie|Starmie, shiny|100/100
|-damage|p1a: Starmie|88/100|[from] Stealth Rock
|-damage|p1a: Starmie|76/100|[from] Spikes
|turn|17
|
|move|p1a: Starmie|Surf|p2a: Thundurus
|-end|p2a: Thundurus|Substitute
|move|p2a: Thundurus|Thunder|p1a: Starmie
|-supereffective|p1a: Starmie
|-crit|p1a: Starmie
|-damage|p1a: Starmie|0 fnt
|faint|p1a: Starmie
|
|-weather|RainDance|[upkeep]
|-heal|p2a: Thundurus|36/100|[from] item: Leftovers
|upkeep
|
|switch|p1a: Tornadus|Tornadus, M|51/100
|-damage|p1a: Tornadus|26/100|[from] Stealth Rock
|turn|18
|
|move|p1a: Tornadus|Hurricane|p2a: Thundurus
|-resisted|p2a: Thundurus
|-damage|p2a: Thundurus|0 fnt
|faint|p2a: Thundurus
|
|-weather|RainDance|[upkeep]
|upkeep
|
|switch|p2a: Politoed|Politoed, F|100/100
|-damage|p2a: Politoed|88/100|[from] Stealth Rock
|turn|19
|
|switch|p1a: Politoed|Politoed, F|100/100
|-damage|p1a: Politoed|88/100|[from] Spikes
|-damage|p1a: Politoed|75/100|[from] Stealth Rock
|move|p2a: Politoed|Psychic|p1a: Politoed
|-damage|p1a: Politoed|55/100
|-unboost|p1a: Politoed|spd|1
|
|-weather|RainDance|[upkeep]
|upkeep
|turn|20
|
|move|p2a: Politoed|Psychic|p1a: Politoed
|-damage|p1a: Politoed|19/100
|move|p1a: Politoed|Hydro Pump|p2a: Politoed
|-enditem|p1a: Politoed|Water Gem|[from] gem|[move] Hydro Pump
|-resisted|p2a: Politoed
|-damage|p2a: Politoed|28/100
|
|-weather|RainDance|[upkeep]
|upkeep
|turn|21
|
|move|p2a: Politoed|Psychic|p1a: Politoed
|-damage|p1a: Politoed|0 fnt
|faint|p1a: Politoed
|
|-weather|RainDance|[upkeep]
|upkeep
|
|switch|p1a: Tornadus|Tornadus, M|26/100
|-damage|p1a: Tornadus|2/100|[from] Stealth Rock
|turn|22
|
|move|p2a: Politoed|Psychic|p1a: Tornadus
|-damage|p1a: Tornadus|0 fnt
|faint|p1a: Tornadus
|
|-weather|RainDance|[upkeep]
|upkeep
|
|switch|p1a: Latios|Latios, M|51/100
|-damage|p1a: Latios|39/100|[from] Stealth Rock
|turn|23
|
|switch|p2a: Tentacruel|Tentacruel, M|71/100
|-damage|p2a: Tentacruel|59/100|[from] Stealth Rock
|move|p1a: Latios|Dragon Pulse|p2a: Tentacruel
|-damage|p2a: Tentacruel|17/100
|
|-weather|RainDance|[upkeep]
|-heal|p2a: Tentacruel|23/100|[from] ability: Rain Dish
|-heal|p2a: Tentacruel|30/100|[from] item: Black Sludge
|upkeep
|turn|24
|
|move|p2a: Tentacruel|Protect|p2a: Tentacruel
|-singleturn|p2a: Tentacruel|Protect
|move|p1a: Latios|Dragon Pulse|p2a: Tentacruel
|-activate|p2a: Tentacruel|move: Protect
|
|-weather|RainDance|[upkeep]
|-heal|p2a: Tentacruel|36/100|[from] ability: Rain Dish
|-heal|p2a: Tentacruel|42/100|[from] item: Black Sludge
|upkeep
|turn|25
|
|move|p2a: Tentacruel|Protect||[still]
|-fail|p2a: Tentacruel
|move|p1a: Latios|Dragon Pulse|p2a: Tentacruel
|-damage|p2a: Tentacruel|6/100
|
|-weather|RainDance|[upkeep]
|-heal|p2a: Tentacruel|12/100|[from] ability: Rain Dish
|-heal|p2a: Tentacruel|18/100|[from] item: Black Sludge
|upkeep
|turn|26
|
|move|p2a: Tentacruel|Protect|p2a: Tentacruel
|-singleturn|p2a: Tentacruel|Protect
|move|p1a: Latios|Dragon Pulse|p2a: Tentacruel
|-activate|p2a: Tentacruel|move: Protect
|
|-weather|RainDance|[upkeep]
|-heal|p2a: Tentacruel|24/100|[from] ability: Rain Dish
|-heal|p2a: Tentacruel|30/100|[from] item: Black Sludge
|upkeep
|turn|27
|
|move|p2a: Tentacruel|Protect||[still]
|-fail|p2a: Tentacruel
|move|p1a: Latios|Dragon Pulse|p2a: Tentacruel
|-damage|p2a: Tentacruel|0 fnt
|faint|p2a: Tentacruel
|
|-weather|RainDance|[upkeep]
|upkeep
|
|switch|p2a: Celebi|Celebi|88/100
|-damage|p2a: Celebi|76/100|[from] Stealth Rock
|turn|28
|
|move|p1a: Latios|Dragon Pulse|p2a: Celebi
|-damage|p2a: Celebi|38/100
|move|p2a: Celebi|Hidden Power|p1a: Latios
|-supereffective|p1a: Latios
|-damage|p1a: Latios|0 fnt
|faint|p1a: Latios
|
|-weather|RainDance|[upkeep]
|-heal|p2a: Celebi|45/100|[from] item: Leftovers
|upkeep
|
|switch|p1a: Keldeo|Keldeo|100/100
|-damage|p1a: Keldeo|94/100|[from] Stealth Rock
|-damage|p1a: Keldeo|82/100|[from] Spikes
|turn|29
|
|move|p1a: Keldeo|Hydro Pump|p2a: Celebi
|-resisted|p2a: Celebi
|-damage|p2a: Celebi|0 fnt
|faint|p2a: Celebi
|
|-weather|RainDance|[upkeep]
|upkeep
|
|switch|p2a: Politoed|Politoed, F|28/100
|-damage|p2a: Politoed|15/100|[from] Stealth Rock
|turn|30
|
|move|p2a: Politoed|Psychic|p1a: Keldeo
|-supereffective|p1a: Keldeo
|-damage|p1a: Keldeo|25/100
|move|p1a: Keldeo|Hydro Pump|p2a: Politoed
|-resisted|p2a: Politoed
|-damage|p2a: Politoed|0 fnt
|faint|p2a: Politoed
|
|win|II Armando II
|l|☆shiny peoples
|raw|II Armando II's rating: 1414 &rarr; <strong>1434</strong><br />(+20 for winning)
|raw|shiny peoples's rating: 1399 &rarr; <strong>1380</strong><br />(-19 for losing)
