|j|☆porrompompom
|j|☆Awarthur
|player|p1|porrompompom|101|1540
|player|p2|Awarthur|benga|1322
|teamsize|p1|6
|teamsize|p2|6
|gametype|singles
|gen|5
|tier|[Gen 5] OU
|rated|
|clearpoke
|poke|p1|Ninetales, F|item
|poke|p1|Xatu, F|item
|poke|p1|Chansey, F|item
|poke|p1|Forretress, M|item
|poke|p1|Cresselia, F|item
|poke|p1|Seismitoad, M|item
|poke|p2|Jirachi|item
|poke|p2|Kyurem-Black|item
|poke|p2|Magnezone|item
|poke|p2|Dragonite, M|item
|poke|p2|Garchomp, M|item
|poke|p2|Starmie|item
|rule|Species Clause: Limit one of each Pokémon
|rule|OHKO Clause: OHKO moves are banned
|rule|Moody Clause: Moody is banned
|rule|Evasion Moves Clause: Evasion moves are banned
|rule|Endless Battle Clause: Forcing endless battles is banned
|rule|HP Percentage Mod: HP is shown in percentages
|rule|Evasion Abilities Clause: Evasion abilities are banned
|rule|Baton Pass Clause: Limit one Baton Passer, can't pass Spe and other stats simultaneously
|rule|Sleep Clause: Sleep-inducing moves are banned
|rule|Swagger Clause: Swagger is banned
|teampreview
|inactive|Battle timer is ON: inactive players will automatically lose when time's up. (requested by Awarthur)
|c|☆Awarthur|gl
|
|start
|switch|p1a: Ninetales|Ninetales, F|100/100
|switch|p2a: Where|Jirachi|100/100
|-weather|SunnyDay|[from] ability: Drought|[of] p1a: Ninetales
|turn|1
|l|☆Awarthur
|inactive|Awarthur disconnected and has a minute to reconnect!
|player|p2|
|j|☆Awarthur
|inactive|Awarthur reconnected and has 120 seconds left.
|player|p2|Awarthur|benga
|
|move|p2a: Where|U-turn|p1a: Ninetales
|-resisted|p1a: Ninetales
|-damage|p1a: Ninetales|88/100
|
|switch|p2a: Kitchen b*tch|Starmie|100/100|[from]move: U-turn
|move|p1a: Ninetales|Will-O-Wisp|p2a: Kitchen b*tch
|-status|p2a: Kitchen b*tch|brn
|
|-weather|SunnyDay|[upkeep]
|-heal|p1a: Ninetales|94/100|[from] item: Leftovers
|-damage|p2a: Kitchen b*tch|88/100 brn|[from] brn
|upkeep
|turn|2
|inactive|Awarthur has 120 seconds left.
|
|move|p1a: Ninetales|Protect|p1a: Ninetales
|-singleturn|p1a: Ninetales|Protect
|move|p2a: Kitchen b*tch|Scald|p1a: Ninetales
|-activate|p1a: Ninetales|move: Protect
|
|-weather|SunnyDay|[upkeep]
|-heal|p2a: Kitchen b*tch|94/100 brn|[from] item: Leftovers
|-heal|p1a: Ninetales|99/100|[from] item: Leftovers
|-damage|p2a: Kitchen b*tch|82/100 brn|[from] brn
|upkeep
|turn|3
|
|move|p2a: Kitchen b*tch|Scald|p1a: Ninetales
|-supereffective|p1a: Ninetales
|-damage|p1a: Ninetales|74/100
|move|p1a: Ninetales|Overheat|p2a: Kitchen b*tch
|-resisted|p2a: Kitchen b*tch
|-damage|p2a: Kitchen b*tch|45/100 brn
|-unboost|p1a: Ninetales|spa|2
|
|-weather|SunnyDay|[upkeep]
|-heal|p2a: Kitchen b*tch|52/100 brn|[from] item: Leftovers
|-heal|p1a: Ninetales|80/100|[from] item: Leftovers
|-damage|p2a: Kitchen b*tch|39/100 brn|[from] brn
|upkeep
|turn|4
|
|move|p2a: Kitchen b*tch|Recover|p2a: Kitchen b*tch
|-heal|p2a: Kitchen b*tch|89/100 brn
|move|p1a: Ninetales|Power Swap|p2a: Kitchen b*tch
|-swapboost|p1a: Ninetales|p2a: Kitchen b*tch|atk, spa|[from] move: Power Swap
|
|-weather|SunnyDay|[upkeep]
|-heal|p2a: Kitchen b*tch|96/100 brn|[from] item: Leftovers
|-heal|p1a: Ninetales|86/100|[from] item: Leftovers
|-damage|p2a: Kitchen b*tch|83/100 brn|[from] brn
|upkeep
|turn|5
|
|move|p2a: Kitchen b*tch|Scald|p1a: Ninetales
|-supereffective|p1a: Ninetales
|-damage|p1a: Ninetales|72/100
|move|p1a: Ninetales|Will-O-Wisp|p2a: Kitchen b*tch|[miss]
|-miss|p1a: Ninetales|p2a: Kitchen b*tch
|
|-weather|SunnyDay|[upkeep]
|-heal|p2a: Kitchen b*tch|89/100 brn|[from] item: Leftovers
|-heal|p1a: Ninetales|78/100|[from] item: Leftovers
|-damage|p2a: Kitchen b*tch|77/100 brn|[from] brn
|upkeep
|turn|6
|
|switch|p1a: Seismitoad|Seismitoad, M|100/100
|move|p2a: Kitchen b*tch|Scald|p1a: Seismitoad
|-immune|p1a: Seismitoad|[from] ability: Water Absorb
|
|-weather|SunnyDay|[upkeep]
|-heal|p2a: Kitchen b*tch|83/100 brn|[from] item: Leftovers
|-damage|p2a: Kitchen b*tch|71/100 brn|[from] brn
|upkeep
|turn|7
|
|switch|p2a: Bryan is|Dragonite, M|100/100
|move|p1a: Seismitoad|Stealth Rock|p2a: Bryan is
|-sidestart|p2: Awarthur|move: Stealth Rock
|
|-weather|SunnyDay|[upkeep]
|upkeep
|turn|8
|
|move|p2a: Bryan is|Outrage|p1a: Seismitoad
|-damage|p1a: Seismitoad|0 fnt
|faint|p1a: Seismitoad
|
|-weather|SunnyDay|[upkeep]
|upkeep
|
|switch|p1a: Forretress|Forretress, M|100/100
|turn|9
|
|move|p2a: Bryan is|Outrage|p1a: Forretress|[from]lockedmove
|-resisted|p1a: Forretress
|-damage|p1a: Forretress|62/100
|-start|p2a: Bryan is|confusion|[fatigue]
|move|p1a: Forretress|Toxic|p2a: Bryan is
|-status|p2a: Bryan is|tox
|
|-weather|SunnyDay|[upkeep]
|-heal|p1a: Forretress|68/100|[from] item: Leftovers
|-damage|p2a: Bryan is|94/100 tox|[from] psn
|upkeep
|turn|10
|j|@Marshmallon
|
|switch|p2a: Kitchen b*tch|Starmie|71/100
|-damage|p2a: Kitchen b*tch|58/100|[from] Stealth Rock
|switch|p1a: Cresselia|Cresselia, F|100/100
|
|-weather|SunnyDay|[upkeep]
|-heal|p2a: Kitchen b*tch|65/100|[from] item: Leftovers
|upkeep
|turn|11
|
|switch|p1a: Chansey|Chansey, F|100/100
|move|p2a: Kitchen b*tch|Rapid Spin|p1a: Chansey
|-damage|p1a: Chansey|98/100
|-sideend|p2: Awarthur|Stealth Rock|[from] move: Rapid Spin|[of] p2a: Kitchen b*tch
|
|-weather|SunnyDay|[upkeep]
|-heal|p2a: Kitchen b*tch|71/100|[from] item: Leftovers
|upkeep
|turn|12
|j| Sorcier Anguilion
|inactive|porrompompom has 120 seconds left.
|
|switch|p2a: Where|Jirachi|100/100
|move|p1a: Chansey|Seismic Toss|p2a: Where
|-damage|p2a: Where|71/100
|
|-weather|SunnyDay|[upkeep]
|upkeep
|turn|13
|
|switch|p1a: Ninetales|Ninetales, F|78/100
|move|p2a: Where|Stealth Rock|p1a: Ninetales
|-sidestart|p1: porrompompom|move: Stealth Rock
|
|-weather|SunnyDay|[upkeep]
|-heal|p1a: Ninetales|84/100|[from] item: Leftovers
|upkeep
|turn|14
|
|switch|p2a: Bryan is|Dragonite, M|94/100 tox
|move|p1a: Ninetales|Will-O-Wisp||[still]
|-fail|p1a: Ninetales
|
|-weather|SunnyDay|[upkeep]
|-heal|p1a: Ninetales|90/100|[from] item: Leftovers
|-damage|p2a: Bryan is|88/100 tox|[from] psn
|upkeep
|turn|15
|
|move|p1a: Ninetales|Protect|p1a: Ninetales
|-singleturn|p1a: Ninetales|Protect
|move|p2a: Bryan is|Earthquake|p1a: Ninetales
|-activate|p1a: Ninetales|move: Protect
|
|-weather|SunnyDay|[upkeep]
|-heal|p1a: Ninetales|96/100|[from] item: Leftovers
|-damage|p2a: Bryan is|76/100 tox|[from] psn
|upkeep
|turn|16
|
|switch|p2a: Bryan ?|Magnezone|100/100
|move|p1a: Ninetales|Overheat|p2a: Bryan ?
|-supereffective|p2a: Bryan ?
|-damage|p2a: Bryan ?|0 fnt
|-unboost|p1a: Ninetales|spa|2
|faint|p2a: Bryan ?
|
|-weather|SunnyDay|[upkeep]
|-heal|p1a: Ninetales|100/100|[from] item: Leftovers
|upkeep
|
|switch|p2a: in the|Garchomp, M|100/100
|turn|17
|
|switch|p1a: Cresselia|Cresselia, F|100/100
|-damage|p1a: Cresselia|88/100|[from] Stealth Rock
|move|p2a: in the|Swords Dance|p2a: in the
|-boost|p2a: in the|atk|2
|
|-weather|SunnyDay|[upkeep]
|-heal|p1a: Cresselia|94/100|[from] item: Leftovers
|upkeep
|turn|18
|
|move|p2a: in the|Outrage|p1a: Cresselia
|-damage|p1a: Cresselia|34/100
|move|p1a: Cresselia|Reflect|p1a: Cresselia
|-sidestart|p1: porrompompom|Reflect
|
|-weather|SunnyDay|[upkeep]
|-heal|p1a: Cresselia|40/100|[from] item: Leftovers
|upkeep
|turn|19
|
|move|p2a: in the|Outrage|p1a: Cresselia|[from]lockedmove
|-damage|p1a: Cresselia|9/100
|move|p1a: Cresselia|Moonlight|p1a: Cresselia
|-heal|p1a: Cresselia|76/100
|
|-weather|SunnyDay|[upkeep]
|-heal|p1a: Cresselia|82/100|[from] item: Leftovers
|upkeep
|turn|20
|
|move|p2a: in the|Outrage|p1a: Cresselia|[from]lockedmove
|-damage|p1a: Cresselia|52/100
|-start|p2a: in the|confusion|[fatigue]
|move|p1a: Cresselia|Ice Beam|p2a: in the
|-supereffective|p2a: in the
|-enditem|p2a: in the|Yache Berry|[eat]
|-enditem|p2a: in the|Yache Berry|[weaken]
|-damage|p2a: in the|56/100
|
|-weather|SunnyDay|[upkeep]
|-heal|p1a: Cresselia|58/100|[from] item: Leftovers
|upkeep
|turn|21
|
|switch|p2a: Where|Jirachi|71/100
|move|p1a: Cresselia|Moonlight|p1a: Cresselia
|-heal|p1a: Cresselia|100/100
|
|-weather|SunnyDay|[upkeep]
|upkeep
|turn|22
|
|switch|p1a: Forretress|Forretress, M|68/100
|-damage|p1a: Forretress|56/100|[from] Stealth Rock
|move|p2a: Where|Iron Head|p1a: Forretress
|-resisted|p1a: Forretress
|-crit|p1a: Forretress
|-damage|p1a: Forretress|28/100
|
|-weather|SunnyDay|[upkeep]
|-heal|p1a: Forretress|34/100|[from] item: Leftovers
|-sideend|p1: porrompompom|Reflect
|upkeep
|turn|23
|
|move|p2a: Where|Iron Head|p1a: Forretress
|-resisted|p1a: Forretress
|-crit|p1a: Forretress
|-damage|p1a: Forretress|9/100
|cant|p1a: Forretress|flinch
|
|-weather|SunnyDay|[upkeep]
|-heal|p1a: Forretress|15/100|[from] item: Leftovers
|upkeep
|turn|24
|c|☆porrompompom|w i g
|
|move|p2a: Where|Iron Head|p1a: Forretress
|-resisted|p1a: Forretress
|-damage|p1a: Forretress|4/100
|move|p1a: Forretress|Pain Split|p2a: Where
|-sethp|p2a: Where|37/100|[from] move: Pain Split|[silent]
|-sethp|p1a: Forretress|36/100|[from] move: Pain Split
|
|-weather|SunnyDay|[upkeep]
|-heal|p1a: Forretress|42/100|[from] item: Leftovers
|upkeep
|turn|25
|
|move|p2a: Where|Iron Head|p1a: Forretress
|-resisted|p1a: Forretress
|-damage|p1a: Forretress|31/100
|cant|p1a: Forretress|flinch
|
|-weather|SunnyDay|[upkeep]
|-heal|p1a: Forretress|37/100|[from] item: Leftovers
|upkeep
|turn|26
|
|move|p2a: Where|Iron Head|p1a: Forretress
|-resisted|p1a: Forretress
|-damage|p1a: Forretress|24/100
|cant|p1a: Forretress|flinch
|
|-weather|SunnyDay|[upkeep]
|-heal|p1a: Forretress|30/100|[from] item: Leftovers
|upkeep
|turn|27
|
|move|p2a: Where|Iron Head|p1a: Forretress
|-resisted|p1a: Forretress
|-damage|p1a: Forretress|17/100
|cant|p1a: Forretress|flinch
|
|-weather|SunnyDay|[upkeep]
|-heal|p1a: Forretress|24/100|[from] item: Leftovers
|upkeep
|turn|28
|
|move|p2a: Where|Iron Head|p1a: Forretress
|-resisted|p1a: Forretress
|-damage|p1a: Forretress|12/100
|cant|p1a: Forretress|flinch
|
|-weather|SunnyDay|[upkeep]
|-heal|p1a: Forretress|18/100|[from] item: Leftovers
|upkeep
|turn|29
|
|move|p2a: Where|Iron Head|p1a: Forretress
|-resisted|p1a: Forretress
|-damage|p1a: Forretress|6/100
|cant|p1a: Forretress|flinch
|
|-weather|SunnyDay|[upkeep]
|-heal|p1a: Forretress|13/100|[from] item: Leftovers
|upkeep
|turn|30
|
|move|p2a: Where|Iron Head|p1a: Forretress
|-resisted|p1a: Forretress
|-damage|p1a: Forretress|1/100
|cant|p1a: Forretress|flinch
|
|-weather|SunnyDay|[upkeep]
|-heal|p1a: Forretress|7/100|[from] item: Leftovers
|upkeep
|turn|31
|
|move|p2a: Where|Iron Head|p1a: Forretress
|-resisted|p1a: Forretress
|-damage|p1a: Forretress|0 fnt
|faint|p1a: Forretress
|
|-weather|SunnyDay|[upkeep]
|upkeep
|
|switch|p1a: Ninetales|Ninetales, F|100/100
|-damage|p1a: Ninetales|76/100|[from] Stealth Rock
|turn|32
|c|☆Awarthur|sorry
|c|☆porrompompom|yes, you clearly are
|
|switch|p2a: Kitchen b*tch|Starmie|71/100
|move|p1a: Ninetales|Will-O-Wisp|p2a: Kitchen b*tch
|-status|p2a: Kitchen b*tch|brn
|
|-weather|SunnyDay|[upkeep]
|-heal|p2a: Kitchen b*tch|77/100 brn|[from] item: Leftovers
|-heal|p1a: Ninetales|82/100|[from] item: Leftovers
|-damage|p2a: Kitchen b*tch|65/100 brn|[from] brn
|upkeep
|turn|33
|l|@Marshmallon
|
|move|p1a: Ninetales|Protect|p1a: Ninetales
|-singleturn|p1a: Ninetales|Protect
|move|p2a: Kitchen b*tch|Recover|p2a: Kitchen b*tch
|-heal|p2a: Kitchen b*tch|100/100 brn
|
|-weather|SunnyDay|[upkeep]
|-heal|p1a: Ninetales|88/100|[from] item: Leftovers
|-damage|p2a: Kitchen b*tch|88/100 brn|[from] brn
|upkeep
|turn|34
|
|move|p2a: Kitchen b*tch|Scald|p1a: Ninetales
|-supereffective|p1a: Ninetales
|-damage|p1a: Ninetales|60/100
|move|p1a: Ninetales|Overheat|p2a: Kitchen b*tch
|-resisted|p2a: Kitchen b*tch
|-damage|p2a: Kitchen b*tch|53/100 brn
|-unboost|p1a: Ninetales|spa|2
|
|-weather|SunnyDay|[upkeep]
|-heal|p2a: Kitchen b*tch|59/100 brn|[from] item: Leftovers
|-heal|p1a: Ninetales|66/100|[from] item: Leftovers
|-damage|p2a: Kitchen b*tch|46/100 brn|[from] brn
|upkeep
|turn|35
|
|-curestatus|p2a: Kitchen b*tch|brn|[from] ability: Natural Cure
|switch|p2a: Is|Kyurem-Black|100/100
|-ability|p2a: Is|Teravolt
|move|p1a: Ninetales|Power Swap|p2a: Is
|-swapboost|p1a: Ninetales|p2a: Is|atk, spa|[from] move: Power Swap
|
|-weather|SunnyDay|[upkeep]
|-heal|p1a: Ninetales|72/100|[from] item: Leftovers
|upkeep
|turn|36
|
|move|p1a: Ninetales|Will-O-Wisp|p2a: Is
|-status|p2a: Is|brn
|move|p2a: Is|Substitute|p2a: Is
|-start|p2a: Is|Substitute
|-damage|p2a: Is|76/100 brn
|
|-weather|SunnyDay|[upkeep]
|-heal|p1a: Ninetales|78/100|[from] item: Leftovers
|-heal|p2a: Is|82/100 brn|[from] item: Leftovers
|-damage|p2a: Is|69/100 brn|[from] brn
|upkeep
|turn|37
|
|move|p1a: Ninetales|Protect|p1a: Ninetales
|-singleturn|p1a: Ninetales|Protect
|move|p2a: Is|Fusion Bolt|p1a: Ninetales
|-activate|p1a: Ninetales|move: Protect
|
|-weather|SunnyDay|[upkeep]
|-heal|p1a: Ninetales|84/100|[from] item: Leftovers
|-heal|p2a: Is|76/100 brn|[from] item: Leftovers
|-damage|p2a: Is|63/100 brn|[from] brn
|upkeep
|turn|38
|
|move|p1a: Ninetales|Overheat|p2a: Is
|-end|p2a: Is|Substitute
|-unboost|p1a: Ninetales|spa|2
|move|p2a: Is|Fusion Bolt|p1a: Ninetales
|-damage|p1a: Ninetales|57/100
|
|-weather|SunnyDay|[upkeep]
|-heal|p1a: Ninetales|63/100|[from] item: Leftovers
|-heal|p2a: Is|69/100 brn|[from] item: Leftovers
|-damage|p2a: Is|57/100 brn|[from] brn
|upkeep
|turn|39
|
|switch|p2a: Bryan is|Dragonite, M|76/100 tox
|move|p1a: Ninetales|Overheat|p2a: Bryan is
|-resisted|p2a: Bryan is
|-damage|p2a: Bryan is|61/100 tox
|-unboost|p1a: Ninetales|spa|2
|
|-weather|SunnyDay|[upkeep]
|-heal|p1a: Ninetales|69/100|[from] item: Leftovers
|-damage|p2a: Bryan is|55/100 tox|[from] psn
|upkeep
|turn|40
|
|move|p1a: Ninetales|Protect|p1a: Ninetales
|-singleturn|p1a: Ninetales|Protect
|move|p2a: Bryan is|Extreme Speed|p1a: Ninetales
|-activate|p1a: Ninetales|move: Protect
|
|-weather|SunnyDay|[upkeep]
|-heal|p1a: Ninetales|75/100|[from] item: Leftovers
|-damage|p2a: Bryan is|42/100 tox|[from] psn
|upkeep
|turn|41
|
|switch|p1a: Cresselia|Cresselia, F|100/100
|-damage|p1a: Cresselia|88/100|[from] Stealth Rock
|move|p2a: Bryan is|Extreme Speed|p1a: Cresselia
|-damage|p1a: Cresselia|65/100
|
|-weather|SunnyDay|[upkeep]
|-heal|p1a: Cresselia|71/100|[from] item: Leftovers
|-damage|p2a: Bryan is|24/100 tox|[from] psn
|upkeep
|turn|42
|
|switch|p2a: Where|Jirachi|37/100
|move|p1a: Cresselia|Moonlight|p1a: Cresselia
|-heal|p1a: Cresselia|100/100
|
|-weather|SunnyDay|[upkeep]
|upkeep
|turn|43
|
|switch|p1a: Ninetales|Ninetales, F|75/100
|-damage|p1a: Ninetales|50/100|[from] Stealth Rock
|move|p2a: Where|U-turn|p1a: Ninetales
|-resisted|p1a: Ninetales
|-damage|p1a: Ninetales|38/100
|
|switch|p2a: in the|Garchomp, M|56/100|[from]move: U-turn
|
|-weather|SunnyDay|[upkeep]
|-heal|p1a: Ninetales|44/100|[from] item: Leftovers
|upkeep
|turn|44
|
|switch|p1a: Cresselia|Cresselia, F|100/100
|-damage|p1a: Cresselia|88/100|[from] Stealth Rock
|move|p2a: in the|Earthquake|p1a: Cresselia
|-immune|p1a: Cresselia|[from] ability: Levitate
|
|-weather|SunnyDay|[upkeep]
|-heal|p1a: Cresselia|94/100|[from] item: Leftovers
|upkeep
|turn|45
|
|switch|p2a: Kitchen b*tch|Starmie|46/100
|move|p1a: Cresselia|Ice Beam|p2a: Kitchen b*tch
|-resisted|p2a: Kitchen b*tch
|-damage|p2a: Kitchen b*tch|36/100
|
|-weather|SunnyDay|[upkeep]
|-heal|p2a: Kitchen b*tch|42/100|[from] item: Leftovers
|-heal|p1a: Cresselia|99/100|[from] item: Leftovers
|upkeep
|turn|46
|
|switch|p1a: Chansey|Chansey, F|98/100
|-damage|p1a: Chansey|86/100|[from] Stealth Rock
|move|p2a: Kitchen b*tch|Recover|p2a: Kitchen b*tch
|-heal|p2a: Kitchen b*tch|92/100
|
|-weather|SunnyDay|[upkeep]
|-heal|p2a: Kitchen b*tch|98/100|[from] item: Leftovers
|upkeep
|turn|47
|
|move|p2a: Kitchen b*tch|Scald|p1a: Chansey
|-damage|p1a: Chansey|82/100
|move|p1a: Chansey|Toxic|p2a: Kitchen b*tch
|-status|p2a: Kitchen b*tch|tox
|
|-weather|SunnyDay|[upkeep]
|-heal|p2a: Kitchen b*tch|100/100 tox|[from] item: Leftovers
|-damage|p2a: Kitchen b*tch|94/100 tox|[from] psn
|upkeep
|turn|48
|
|move|p2a: Kitchen b*tch|Scald|p1a: Chansey
|-damage|p1a: Chansey|78/100
|move|p1a: Chansey|Soft-Boiled|p1a: Chansey
|-heal|p1a: Chansey|100/100
|
|-weather|SunnyDay|[upkeep]
|-heal|p2a: Kitchen b*tch|100/100 tox|[from] item: Leftovers
|-damage|p2a: Kitchen b*tch|88/100 tox|[from] psn
|upkeep
|turn|49
|
|move|p2a: Kitchen b*tch|Scald|p1a: Chansey
|-damage|p1a: Chansey|97/100
|move|p1a: Chansey|Seismic Toss|p2a: Kitchen b*tch
|-damage|p2a: Kitchen b*tch|57/100 tox
|
|-weather|SunnyDay|[upkeep]
|-heal|p2a: Kitchen b*tch|63/100 tox|[from] item: Leftovers
|-damage|p2a: Kitchen b*tch|45/100 tox|[from] psn
|upkeep
|turn|50
|
|move|p2a: Kitchen b*tch|Scald|p1a: Chansey
|-damage|p1a: Chansey|94/100
|move|p1a: Chansey|Seismic Toss|p2a: Kitchen b*tch
|-damage|p2a: Kitchen b*tch|14/100 tox
|
|-weather|SunnyDay|[upkeep]
|-heal|p2a: Kitchen b*tch|20/100 tox|[from] item: Leftovers
|-damage|p2a: Kitchen b*tch|0 fnt|[from] psn
|faint|p2a: Kitchen b*tch
|upkeep
|
|switch|p2a: Is|Kyurem-Black|57/100 brn
|-ability|p2a: Is|Teravolt
|turn|51
|
|move|p2a: Is|Substitute|p2a: Is
|-start|p2a: Is|Substitute
|-damage|p2a: Is|32/100 brn
|move|p1a: Chansey|Seismic Toss|p2a: Is
|-activate|p2a: Is|Substitute|[damage]
|
|-weather|SunnyDay|[upkeep]
|-heal|p2a: Is|38/100 brn|[from] item: Leftovers
|-damage|p2a: Is|26/100 brn|[from] brn
|upkeep
|turn|52
|
|move|p2a: Is|Ice Beam|p1a: Chansey
|-damage|p1a: Chansey|82/100
|move|p1a: Chansey|Seismic Toss|p2a: Is
|-end|p2a: Is|Substitute
|
|-weather|SunnyDay|[upkeep]
|-heal|p2a: Is|32/100 brn|[from] item: Leftovers
|-damage|p2a: Is|20/100 brn|[from] brn
|upkeep
|turn|53
|
|move|p2a: Is|Fusion Bolt|p1a: Chansey
|-damage|p1a: Chansey|65/100
|move|p1a: Chansey|Soft-Boiled|p1a: Chansey
|-heal|p1a: Chansey|100/100
|
|-weather|SunnyDay|[upkeep]
|-heal|p2a: Is|26/100 brn|[from] item: Leftovers
|-damage|p2a: Is|14/100 brn|[from] brn
|upkeep
|turn|54
|
|move|p2a: Is|Fusion Bolt|p1a: Chansey
|-damage|p1a: Chansey|84/100
|move|p1a: Chansey|Soft-Boiled|p1a: Chansey
|-heal|p1a: Chansey|100/100
|
|-weather|SunnyDay|[upkeep]
|-heal|p2a: Is|20/100 brn|[from] item: Leftovers
|-damage|p2a: Is|7/100 brn|[from] brn
|upkeep
|turn|55
|
|move|p2a: Is|Dragon Claw|p1a: Chansey
|-damage|p1a: Chansey|81/100
|move|p1a: Chansey|Soft-Boiled|p1a: Chansey
|-heal|p1a: Chansey|100/100
|
|-weather|SunnyDay|[upkeep]
|-heal|p2a: Is|14/100 brn|[from] item: Leftovers
|-damage|p2a: Is|1/100 brn|[from] brn
|upkeep
|turn|56
|
|move|p2a: Is|Dragon Claw|p1a: Chansey
|-damage|p1a: Chansey|79/100
|move|p1a: Chansey|Soft-Boiled|p1a: Chansey
|-heal|p1a: Chansey|100/100
|
|-weather|SunnyDay|[upkeep]
|-heal|p2a: Is|7/100 brn|[from] item: Leftovers
|-damage|p2a: Is|0 fnt|[from] brn
|faint|p2a: Is
|upkeep
|
|switch|p2a: in the|Garchomp, M|56/100
|turn|57
|
|switch|p1a: Cresselia|Cresselia, F|99/100
|-damage|p1a: Cresselia|88/100|[from] Stealth Rock
|move|p2a: in the|Swords Dance|p2a: in the
|-boost|p2a: in the|atk|2
|
|-weather|SunnyDay|[upkeep]
|-heal|p1a: Cresselia|94/100|[from] item: Leftovers
|upkeep
|turn|58
|
|move|p2a: in the|Swords Dance|p2a: in the
|-boost|p2a: in the|atk|2
|move|p1a: Cresselia|Reflect|p1a: Cresselia
|-sidestart|p1: porrompompom|Reflect
|
|-weather|SunnyDay|[upkeep]
|-heal|p1a: Cresselia|99/100|[from] item: Leftovers
|upkeep
|turn|59
|
|move|p2a: in the|Outrage|p1a: Cresselia
|-damage|p1a: Cresselia|57/100
|move|p1a: Cresselia|Ice Beam|p2a: in the
|-supereffective|p2a: in the
|-damage|p2a: in the|0 fnt
|faint|p2a: in the
|
|-weather|SunnyDay|[upkeep]
|-heal|p1a: Cresselia|63/100|[from] item: Leftovers
|upkeep
|
|switch|p2a: Where|Jirachi|37/100
|turn|60
|
|move|p2a: Where|U-turn|p1a: Cresselia
|-supereffective|p1a: Cresselia
|-damage|p1a: Cresselia|54/100
|
|switch|p2a: Bryan is|Dragonite, M|24/100 tox|[from]move: U-turn
|move|p1a: Cresselia|Moonlight|p1a: Cresselia
|-heal|p1a: Cresselia|100/100
|
|-weather|SunnyDay|[upkeep]
|-damage|p2a: Bryan is|17/100 tox|[from] psn
|upkeep
|turn|61
|
|move|p2a: Bryan is|Outrage|p1a: Cresselia
|-damage|p1a: Cresselia|77/100
|move|p1a: Cresselia|Ice Beam|p2a: Bryan is
|-supereffective|p2a: Bryan is
|-damage|p2a: Bryan is|0 fnt
|faint|p2a: Bryan is
|
|-weather|SunnyDay|[upkeep]
|-heal|p1a: Cresselia|83/100|[from] item: Leftovers
|upkeep
|
|switch|p2a: Where|Jirachi|37/100
|turn|62
|
|move|p2a: Where|Iron Head|p1a: Cresselia
|-damage|p1a: Cresselia|74/100
|cant|p1a: Cresselia|flinch
|
|-weather|SunnyDay|[upkeep]
|-heal|p1a: Cresselia|80/100|[from] item: Leftovers
|-sideend|p1: porrompompom|Reflect
|upkeep
|turn|63
|c|☆Awarthur|f ck
|-message|Awarthur forfeited.
|
|win|porrompompom
|l|☆Awarthur
|raw|porrompompom's rating: 1540 &rarr; <strong>1549</strong><br />(+9 for winning)
|raw|Awarthur's rating: 1322 &rarr; <strong>1313</strong><br />(-9 for losing)
