|j|‽derbrachiale
|j|☆Spritzalcianuro96
|t:|1597910134
|player|p1|derbrachiale|170|1432
|player|p2|Spritzalcianuro96|colress|1394
|teamsize|p1|6
|teamsize|p2|6
|gametype|singles
|gen|5
|tier|[Gen 5] OU
|rated|
|clearpoke
|poke|p1|Garchomp, M|item
|poke|p1|Jirachi|item
|poke|p1|Breloom, M|item
|poke|p1|Weavile, F|item
|poke|p1|Donphan, M|item
|poke|p1|Jellicent, M|item
|poke|p2|Tyranitar, M|item
|poke|p2|Mienshao, M|item
|poke|p2|Keldeo|item
|poke|p2|Garchomp, F|item
|poke|p2|Hydreigon, F|item
|poke|p2|Jellicent, F|item
|rule|Species Clause: Limit one of each Pokémon
|rule|OHKO Clause: OHKO moves are banned
|rule|Moody Clause: Moody is banned
|rule|Evasion Moves Clause: Evasion moves are banned
|rule|Endless Battle Clause: Forcing endless battles is banned
|rule|HP Percentage Mod: HP is shown in percentages
|rule|Evasion Abilities Clause: Evasion abilities are banned
|rule|Baton Pass Clause: Limit one Baton Passer, can't pass Spe and other stats simultaneously
|rule|Sleep Clause: Sleep-inducing moves are banned
|rule|Swagger Clause: Swagger is banned
|teampreview
|inactive|Battle timer is ON: inactive players will automatically lose when time's up. (requested by derbrachiale)
|
|t:|1597910180
|start
|switch|p1a: Donphan|Donphan, M|100/100
|switch|p2a: Jellicent|Jellicent, F|100/100
|turn|1
|l|‽derbrachiale
|inactive|derbrachiale disconnected and has a minute to reconnect!
|player|p1|
|inactive|derbrachiale has 30 seconds to reconnect!
|inactive|derbrachiale has 20 seconds to reconnect!
|j|‽derbrachiale
|inactive|derbrachiale reconnected and has 85 seconds left.
|player|p1|derbrachiale|170
|n|‽derbrachiale|derbrachiale
|
|t:|1597910256
|switch|p1a: Jellicent|Jellicent, M|100/100
|move|p2a: Jellicent|Scald|p1a: Jellicent
|-immune|p1a: Jellicent|[from] ability: Water Absorb
|
|upkeep
|turn|2
|
|t:|1597910266
|move|p1a: Jellicent|Toxic|p2a: Jellicent
|-status|p2a: Jellicent|tox
|move|p2a: Jellicent|Will-O-Wisp|p1a: Jellicent
|-status|p1a: Jellicent|brn
|
|-damage|p2a: Jellicent|94/100 tox|[from] psn
|-damage|p1a: Jellicent|88/100 brn|[from] brn
|upkeep
|turn|3
|inactive|derbrachiale has 90 seconds left.
|
|t:|1597910275
|switch|p1a: Breloom|Breloom, M|100/100
|switch|p2a: Hydreigon|Hydreigon, F|100/100
|
|-status|p1a: Breloom|tox|[from] item: Toxic Orb
|upkeep
|turn|4
|
|t:|1597910283
|move|p1a: Breloom|Protect|p1a: Breloom
|-singleturn|p1a: Breloom|Protect
|move|p2a: Hydreigon|Flamethrower|p1a: Breloom
|-activate|p1a: Breloom|move: Protect
|
|upkeep
|turn|5
|
|t:|1597910292
|switch|p1a: Jellicent|Jellicent, M|88/100 brn
|move|p2a: Hydreigon|Flamethrower|p1a: Jellicent
|-resisted|p1a: Jellicent
|-crit|p1a: Jellicent
|-damage|p1a: Jellicent|63/100 brn
|-damage|p2a: Hydreigon|91/100|[from] item: Life Orb
|
|-heal|p1a: Jellicent|69/100 brn|[from] item: Leftovers
|-damage|p1a: Jellicent|56/100 brn|[from] brn
|upkeep
|turn|6
|inactive|derbrachiale has 90 seconds left.
|
|t:|1597910318
|switch|p1a: Breloom|Breloom, M|100/100 tox
|move|p2a: Hydreigon|Draco Meteor|p1a: Breloom
|-damage|p1a: Breloom|3/100 tox
|-unboost|p2a: Hydreigon|spa|2
|-damage|p2a: Hydreigon|81/100|[from] item: Life Orb
|
|-heal|p1a: Breloom|15/100 tox|[from] ability: Poison Heal
|upkeep
|turn|7
|
|t:|1597910328
|switch|p2a: Garchomp|Garchomp, F|100/100
|move|p1a: Breloom|Protect||[still]
|-fail|p1a: Breloom
|
|-heal|p1a: Breloom|28/100 tox|[from] ability: Poison Heal
|upkeep
|turn|8
|
|t:|1597910335
|switch|p1a: Weavile|Weavile, F|100/100
|-ability|p1a: Weavile|Pressure
|move|p2a: Garchomp|Stealth Rock|p1a: Weavile
|-sidestart|p1: derbrachiale|move: Stealth Rock
|
|upkeep
|turn|9
|
|t:|1597910354
|-activate|p2a: Garchomp|move: Pursuit
|move|p1a: Weavile|Pursuit|p2a: Garchomp|[from]Pursuit
|-damage|p2a: Garchomp|66/100
|-damage|p1a: Weavile|88/100|[from] ability: Rough Skin|[of] p2a: Garchomp
|-damage|p1a: Weavile|72/100|[from] item: Rocky Helmet|[of] p2a: Garchomp
|-damage|p1a: Weavile|62/100|[from] item: Life Orb
|switch|p2a: Keldeo|Keldeo|100/100
|
|upkeep
|turn|10
|inactive|derbrachiale has 90 seconds left.
|
|t:|1597910387
|switch|p1a: Jellicent|Jellicent, M|56/100 brn
|-damage|p1a: Jellicent|44/100 brn|[from] Stealth Rock
|move|p2a: Keldeo|Calm Mind|p2a: Keldeo
|-boost|p2a: Keldeo|spa|1
|-boost|p2a: Keldeo|spd|1
|
|-heal|p1a: Jellicent|50/100 brn|[from] item: Leftovers
|-damage|p1a: Jellicent|38/100 brn|[from] brn
|upkeep
|turn|11
|
|t:|1597910397
|move|p2a: Keldeo|Hidden Power|p1a: Jellicent
|-supereffective|p1a: Jellicent
|-damage|p1a: Jellicent|0 fnt
|faint|p1a: Jellicent
|
|upkeep
|
|t:|1597910405
|switch|p1a: Jirachi|Jirachi|100/100
|-damage|p1a: Jirachi|94/100|[from] Stealth Rock
|turn|12
|
|t:|1597910410
|switch|p2a: Garchomp|Garchomp, F|66/100
|move|p1a: Jirachi|Thunder Wave|p2a: Garchomp
|-immune|p2a: Garchomp
|
|-heal|p1a: Jirachi|100/100|[from] item: Leftovers
|upkeep
|turn|13
|
|t:|1597910416
|switch|p1a: Donphan|Donphan, M|100/100
|-damage|p1a: Donphan|94/100|[from] Stealth Rock
|move|p2a: Garchomp|Earthquake|p1a: Donphan
|-damage|p1a: Donphan|56/100
|
|upkeep
|turn|14
|
|t:|1597910420
|switch|p2a: Jellicent|Jellicent, F|94/100 tox
|move|p1a: Donphan|Ice Shard|p2a: Jellicent
|-resisted|p2a: Jellicent
|-damage|p2a: Jellicent|87/100 tox
|
|-heal|p2a: Jellicent|93/100 tox|[from] item: Leftovers
|-damage|p2a: Jellicent|87/100 tox|[from] psn
|upkeep
|turn|15
|
|t:|1597910425
|move|p2a: Jellicent|Scald|p1a: Donphan
|-supereffective|p1a: Donphan
|-damage|p1a: Donphan|0 fnt
|faint|p1a: Donphan
|
|-heal|p2a: Jellicent|93/100 tox|[from] item: Leftovers
|-damage|p2a: Jellicent|81/100 tox|[from] psn
|upkeep
|
|t:|1597910436
|switch|p1a: Breloom|Breloom, M|28/100 tox
|-damage|p1a: Breloom|22/100 tox|[from] Stealth Rock
|turn|16
|
|t:|1597910440
|switch|p2a: Garchomp|Garchomp, F|66/100
|move|p1a: Breloom|Bulk Up|p1a: Breloom
|-boost|p1a: Breloom|atk|1
|-boost|p1a: Breloom|def|1
|
|-heal|p1a: Breloom|34/100 tox|[from] ability: Poison Heal
|upkeep
|turn|17
|
|t:|1597910443
|move|p1a: Breloom|Protect|p1a: Breloom
|-singleturn|p1a: Breloom|Protect
|move|p2a: Garchomp|Fire Blast|p1a: Breloom
|-activate|p1a: Breloom|move: Protect
|
|-heal|p1a: Breloom|47/100 tox|[from] ability: Poison Heal
|upkeep
|turn|18
|
|t:|1597910446
|move|p2a: Garchomp|Fire Blast|p1a: Breloom
|-supereffective|p1a: Breloom
|-damage|p1a: Breloom|4/100 tox
|move|p1a: Breloom|Drain Punch|p2a: Garchomp
|-damage|p2a: Garchomp|31/100
|-heal|p1a: Breloom|26/100 tox|[from] drain|[of] p2a: Garchomp
|-damage|p1a: Breloom|14/100 tox|[from] ability: Rough Skin|[of] p2a: Garchomp
|-damage|p1a: Breloom|0 fnt|[from] item: Rocky Helmet|[of] p2a: Garchomp
|faint|p1a: Breloom
|
|upkeep
|
|t:|1597910450
|switch|p1a: Weavile|Weavile, F|62/100
|-damage|p1a: Weavile|37/100|[from] Stealth Rock
|-ability|p1a: Weavile|Pressure
|turn|19
|
|t:|1597910460
|switch|p2a: Keldeo|Keldeo|100/100
|move|p1a: Weavile|Ice Punch|p2a: Keldeo
|-resisted|p2a: Keldeo
|-damage|p2a: Keldeo|72/100
|-damage|p1a: Weavile|27/100|[from] item: Life Orb
|
|-heal|p2a: Keldeo|78/100|[from] item: Leftovers
|upkeep
|turn|20
|-message|derbrachiale forfeited.
|
|win|Spritzalcianuro96
|l|‽derbrachiale
|raw|derbrachiale's rating: 1432 &rarr; <strong>1410</strong><br />(-22 for losing)
|raw|Spritzalcianuro96's rating: 1394 &rarr; <strong>1416</strong><br />(+22 for winning)
