|j|☆h4v0ckn1ght
|j|☆sidis
|t:|1710714186
|gametype|singles
|player|p1|h4v0ckn1ght|#survivorctf2024starmie|1320
|player|p2|sidis|iris-gen5bw2|1267
|teamsize|p1|6
|teamsize|p2|6
|gen|5
|tier|[Gen 5] OU
|rated|
|rule|Species Clause: Limit one of each Pokémon
|rule|OHKO Clause: OHKO moves are banned
|rule|Moody Clause: Moody is banned
|rule|Evasion Items Clause: Evasion items are banned
|rule|Evasion Moves Clause: Evasion moves are banned
|rule|Endless Battle Clause: Forcing endless battles is banned
|rule|HP Percentage Mod: HP is shown in percentages
|rule|Evasion Abilities Clause: Evasion abilities are banned
|rule|Sleep Moves Clause: Sleep-inducing moves are banned
|rule|Swagger Clause: Swagger is banned
|rule|Baton Pass Stat Clause: No Baton Passer may have a way to boost its stats
|clearpoke
|poke|p1|Tyranitar, M|item
|poke|p1|Landorus-Therian, M|item
|poke|p1|Ferrothorn, F|item
|poke|p1|Excadrill, F|item
|poke|p1|Latios, M|item
|poke|p1|Alakazam, M|item
|poke|p2|Scizor, M|item
|poke|p2|Rotom-Wash|item
|poke|p2|Latios, M|item
|poke|p2|Dragonite, M|item
|poke|p2|Azelf|item
|poke|p2|Starmie|item
|teampreview
|inactive|Battle timer is ON: inactive players will automatically lose when time's up. (requested by sidis)
|
|t:|1710714198
|start
|switch|p1a: Landorus|Landorus-Therian, M|100/100
|switch|p2a: Azelf|Azelf|100/100
|-ability|p1a: Landorus|Intimidate|boost
|-unboost|p2a: Azelf|atk|1
|turn|1
|
|t:|1710714202
|move|p1a: Landorus|U-turn|p2a: Azelf
|-supereffective|p2a: Azelf
|-crit|p2a: Azelf
|-enditem|p2a: Azelf|Focus Sash
|-damage|p2a: Azelf|1/100
|
|t:|1710714211
|switch|p1a: Alakazam|Alakazam, M|100/100|[from] U-turn
|move|p2a: Azelf|Stealth Rock|p1a: Alakazam
|-sidestart|p1: h4v0ckn1ght|move: Stealth Rock
|
|upkeep
|turn|2
|
|t:|1710714221
|switch|p2a: Scizor|Scizor, M|100/100
|move|p1a: Alakazam|Psychic|p2a: Scizor
|-resisted|p2a: Scizor
|-damage|p2a: Scizor|67/100
|
|upkeep
|turn|3
|
|t:|1710714230
|switch|p1a: Landorus|Landorus-Therian, M|100/100
|-damage|p1a: Landorus|88/100|[from] Stealth Rock
|-ability|p1a: Landorus|Intimidate|boost
|-unboost|p2a: Scizor|atk|1
|move|p2a: Scizor|U-turn|p1a: Landorus
|-resisted|p1a: Landorus
|-damage|p1a: Landorus|78/100
|
|t:|1710714241
|switch|p2a: Dragonite|Dragonite, M|100/100|[from] U-turn
|
|upkeep
|turn|4
|
|t:|1710714244
|move|p1a: Landorus|Hidden Power|p2a: Dragonite
|-supereffective|p2a: Dragonite
|-damage|p2a: Dragonite|68/100
|move|p2a: Dragonite|Outrage|p1a: Landorus
|-damage|p1a: Landorus|0 fnt
|faint|p1a: Landorus
|
|upkeep
|
|t:|1710714254
|switch|p1a: Alakazam|Alakazam, M|100/100
|turn|5
|
|t:|1710714257
|move|p1a: Alakazam|Hidden Power|p2a: Dragonite
|-supereffective|p2a: Dragonite
|-damage|p2a: Dragonite|0 fnt
|faint|p2a: Dragonite
|
|upkeep
|
|t:|1710714258
|switch|p2a: Scizor|Scizor, M|67/100
|turn|6
|
|t:|1710714260
|-activate|p1a: Alakazam|move: Pursuit
|move|p2a: Scizor|Pursuit|p1a: Alakazam|[from]Pursuit
|-supereffective|p1a: Alakazam
|-enditem|p1a: Alakazam|Focus Sash
|-damage|p1a: Alakazam|1/100
|switch|p1a: Ferrothorn|Ferrothorn, F|100/100
|-damage|p1a: Ferrothorn|94/100|[from] Stealth Rock
|
|-heal|p1a: Ferrothorn|100/100|[from] item: Leftovers
|upkeep
|turn|7
|
|t:|1710714265
|switch|p2a: Azelf|Azelf|1/100
|move|p1a: Ferrothorn|Spikes|p2a: Azelf
|-sidestart|p2: sidis|Spikes
|
|upkeep
|turn|8
|
|t:|1710714275
|switch|p2a: Rotom|Rotom-Wash|100/100
|switch|p1a: Tyranitar|Tyranitar, M|100/100
|-damage|p1a: Tyranitar|88/100|[from] Stealth Rock
|-weather|Sandstorm|[from] ability: Sand Stream|[of] p1a: Tyranitar
|
|-weather|Sandstorm|[upkeep]
|-damage|p2a: Rotom|95/100|[from] Sandstorm
|upkeep
|turn|9
|
|t:|1710714277
|move|p2a: Rotom|Will-O-Wisp|p1a: Tyranitar
|-status|p1a: Tyranitar|brn
|move|p1a: Tyranitar|Stealth Rock|p2a: Rotom
|-sidestart|p2: sidis|move: Stealth Rock
|
|-weather|Sandstorm|[upkeep]
|-damage|p2a: Rotom|89/100|[from] Sandstorm
|-damage|p1a: Tyranitar|76/100 brn|[from] brn
|upkeep
|turn|10
|
|t:|1710714280
|move|p2a: Rotom|Hydro Pump|p1a: Tyranitar
|-supereffective|p1a: Tyranitar
|-damage|p1a: Tyranitar|39/100 brn
|move|p1a: Tyranitar|Crunch|p2a: Rotom
|-damage|p2a: Rotom|69/100
|
|-weather|Sandstorm|[upkeep]
|-damage|p2a: Rotom|63/100|[from] Sandstorm
|-damage|p1a: Tyranitar|27/100 brn|[from] brn
|upkeep
|turn|11
|
|t:|1710714284
|move|p2a: Rotom|Hydro Pump|p1a: Tyranitar
|-supereffective|p1a: Tyranitar
|-damage|p1a: Tyranitar|0 fnt
|faint|p1a: Tyranitar
|
|-weather|Sandstorm|[upkeep]
|-damage|p2a: Rotom|57/100|[from] Sandstorm
|upkeep
|
|t:|1710714286
|switch|p1a: Ferrothorn|Ferrothorn, F|100/100
|-damage|p1a: Ferrothorn|94/100|[from] Stealth Rock
|turn|12
|
|t:|1710714288
|move|p2a: Rotom|Will-O-Wisp|p1a: Ferrothorn
|-status|p1a: Ferrothorn|brn
|move|p1a: Ferrothorn|Spikes|p2a: Rotom
|-sidestart|p2: sidis|Spikes
|
|-weather|Sandstorm|[upkeep]
|-damage|p2a: Rotom|51/100|[from] Sandstorm
|-heal|p1a: Ferrothorn|100/100 brn|[from] item: Leftovers
|-damage|p1a: Ferrothorn|88/100 brn|[from] brn
|upkeep
|turn|13
|
|t:|1710714293
|switch|p2a: Starmie|Starmie|100/100
|-damage|p2a: Starmie|84/100|[from] Spikes
|-damage|p2a: Starmie|72/100|[from] Stealth Rock
|move|p1a: Ferrothorn|Spikes|p2a: Starmie
|-sidestart|p2: sidis|Spikes
|
|-weather|Sandstorm|[upkeep]
|-damage|p2a: Starmie|66/100|[from] Sandstorm
|-heal|p1a: Ferrothorn|94/100 brn|[from] item: Leftovers
|-damage|p1a: Ferrothorn|82/100 brn|[from] brn
|upkeep
|turn|14
|
|t:|1710714295
|move|p2a: Starmie|Rapid Spin|p1a: Ferrothorn
|-resisted|p1a: Ferrothorn
|-damage|p1a: Ferrothorn|81/100 brn
|-damage|p2a: Starmie|53/100|[from] ability: Iron Barbs|[of] p1a: Ferrothorn
|-sideend|p2: sidis|Spikes|[from] move: Rapid Spin|[of] p2a: Starmie
|-sideend|p2: sidis|Stealth Rock|[from] move: Rapid Spin|[of] p2a: Starmie
|-damage|p2a: Starmie|43/100|[from] item: Life Orb
|move|p1a: Ferrothorn|Power Whip|p2a: Starmie
|-supereffective|p2a: Starmie
|-damage|p2a: Starmie|0 fnt
|faint|p2a: Starmie
|
|-weather|Sandstorm|[upkeep]
|-heal|p1a: Ferrothorn|87/100 brn|[from] item: Leftovers
|-damage|p1a: Ferrothorn|74/100 brn|[from] brn
|upkeep
|
|t:|1710714302
|switch|p2a: Azelf|Azelf|1/100
|turn|15
|
|t:|1710714305
|move|p2a: Azelf|Fire Blast|p1a: Ferrothorn
|-supereffective|p1a: Ferrothorn
|-damage|p1a: Ferrothorn|0 fnt
|faint|p1a: Ferrothorn
|
|-weather|Sandstorm|[upkeep]
|-damage|p2a: Azelf|0 fnt|[from] Sandstorm
|faint|p2a: Azelf
|upkeep
|
|t:|1710714310
|switch|p2a: Scizor|Scizor, M|67/100
|switch|p1a: Excadrill|Excadrill, F|100/100
|-damage|p1a: Excadrill|98/100|[from] Stealth Rock
|turn|16
|
|t:|1710714314
|move|p2a: Scizor|Superpower|p1a: Excadrill
|-supereffective|p1a: Excadrill
|-damage|p1a: Excadrill|0 fnt
|-unboost|p2a: Scizor|atk|1
|-unboost|p2a: Scizor|def|1
|faint|p1a: Excadrill
|
|-weather|Sandstorm|[upkeep]
|upkeep
|
|t:|1710714317
|switch|p1a: Latios|Latios, M|100/100
|-damage|p1a: Latios|88/100|[from] Stealth Rock
|turn|17
|
|t:|1710714321
|switch|p2a: Rotom|Rotom-Wash|51/100
|move|p1a: Latios|Trick|p2a: Rotom
|-activate|p1a: Latios|move: Trick|[of] p2a: Rotom
|-item|p2a: Rotom|Choice Specs|[from] move: Trick
|-item|p1a: Latios|Chesto Berry|[from] move: Trick
|
|-weather|Sandstorm|[upkeep]
|-damage|p1a: Latios|82/100|[from] Sandstorm
|-damage|p2a: Rotom|45/100|[from] Sandstorm
|upkeep
|turn|18
|
|t:|1710714325
|move|p1a: Latios|Dragon Pulse|p2a: Rotom
|-damage|p2a: Rotom|5/100
|move|p2a: Rotom|Volt Switch|p1a: Latios
|-resisted|p1a: Latios
|-damage|p1a: Latios|61/100
|
|t:|1710714328
|switch|p2a: Scizor|Scizor, M|67/100|[from] Volt Switch
|
|-weather|Sandstorm|[upkeep]
|-damage|p1a: Latios|55/100|[from] Sandstorm
|upkeep
|turn|19
|
|t:|1710714331
|move|p2a: Scizor|U-turn|p1a: Latios
|-supereffective|p1a: Latios
|-damage|p1a: Latios|0 fnt
|faint|p1a: Latios
|
|t:|1710714334
|switch|p2a: Rotom|Rotom-Wash|5/100|[from] U-turn
|
|-weather|Sandstorm|[upkeep]
|-damage|p2a: Rotom|0 fnt|[from] Sandstorm
|faint|p2a: Rotom
|upkeep
|-message|h4v0ckn1ght forfeited.
|
|win|sidis
|raw|h4v0ckn1ght's rating: 1320 &rarr; <strong>1297</strong><br />(-23 for losing)
|raw|sidis's rating: 1267 &rarr; <strong>1296</strong><br />(+29 for winning)
|l|☆h4v0ckn1ght
|player|p1|
