|uhtml|medal-msg|<div class="broadcast-blue">Curious what those medals under the avatar are? PS now has Ladder Seasons! For more information, check out the <a href="https://www.smogon.com/forums/threads/3740067/">thread on Smogon.</a></div>
|uhtml|medal-msg|<div class="broadcast-blue">Curious what those medals under the avatar are? PS now has Ladder Seasons! For more information, check out the <a href="https://www.smogon.com/forums/threads/3740067/">thread on Smogon.</a></div>
|j|☆vladimir dubyshkin
|j|☆ajkjqwk
|t:|1713290112
|gametype|singles
|player|p1|vladimir dubyshkin|hilbert|1328
|player|p2|ajkjqwk|170|1436
|teamsize|p1|6
|teamsize|p2|6
|gen|5
|tier|[Gen 5] OU
|rated|
|rule|Species Clause: Limit one of each Pokémon
|rule|OHKO Clause: OHKO moves are banned
|rule|Moody Clause: Moody is banned
|rule|Evasion Items Clause: Evasion items are banned
|rule|Evasion Moves Clause: Evasion moves are banned
|rule|Endless Battle Clause: Forcing endless battles is banned
|rule|HP Percentage Mod: HP is shown in percentages
|rule|Evasion Abilities Clause: Evasion abilities are banned
|rule|Sleep Moves Clause: Sleep-inducing moves are banned
|rule|Swagger Clause: Swagger is banned
|rule|Baton Pass Stat Clause: No Baton Passer may have a way to boost its stats
|clearpoke
|poke|p1|Abomasnow, M|item
|poke|p1|Gliscor, F|item
|poke|p1|Blissey, F|item
|poke|p1|Forretress, F|item
|poke|p1|Reuniclus, F|item
|poke|p1|Latios, M|item
|poke|p2|Politoed, F|item
|poke|p2|Starmie|item
|poke|p2|Keldeo|item
|poke|p2|Scizor, F|item
|poke|p2|Thundurus-Therian, M|item
|poke|p2|Ferrothorn, F|item
|teampreview
|c|☆ajkjqwk|glhf
|
|t:|1713290122
|start
|switch|p1a: Abomasnow|Abomasnow, M|100/100
|switch|p2a: Scizor|Scizor, F, shiny|100/100
|-weather|Hail|[from] ability: Snow Warning|[of] p1a: Abomasnow
|turn|1
|
|t:|1713290132
|switch|p2a: Politoed|Politoed, F|100/100
|-weather|RainDance|[from] ability: Drizzle|[of] p2a: Politoed
|move|p1a: Abomasnow|Hidden Power|p2a: Politoed
|-resisted|p2a: Politoed
|-damage|p2a: Politoed|96/100
|
|-weather|RainDance|[upkeep]
|upkeep
|turn|2
|
|t:|1713290138
|switch|p2a: Scizor|Scizor, F, shiny|100/100
|move|p1a: Abomasnow|Wood Hammer|p2a: Scizor
|-resisted|p2a: Scizor
|-damage|p2a: Scizor|86/100
|-damage|p1a: Abomasnow|97/100|[from] Recoil
|
|-weather|RainDance|[upkeep]
|-heal|p1a: Abomasnow|100/100|[from] item: Leftovers
|upkeep
|turn|3
|
|t:|1713290178
|switch|p1a: Forretress|Forretress, F|100/100
|move|p2a: Scizor|U-turn|p1a: Forretress
|-resisted|p1a: Forretress
|-damage|p1a: Forretress|85/100
|
|t:|1713290183
|switch|p2a: Thundurus|Thundurus-Therian, M|100/100|[from] U-turn
|
|-weather|RainDance|[upkeep]
|-heal|p1a: Forretress|91/100|[from] item: Leftovers
|upkeep
|turn|4
|
|t:|1713290195
|switch|p1a: Blissey|Blissey, F|100/100
|move|p2a: Thundurus|Nasty Plot|p2a: Thundurus
|-boost|p2a: Thundurus|spa|2
|
|-weather|RainDance|[upkeep]
|upkeep
|turn|5
|
|t:|1713290204
|move|p2a: Thundurus|Thunder|p1a: Blissey
|-damage|p1a: Blissey|48/100
|move|p1a: Blissey|Seismic Toss|p2a: Thundurus
|-damage|p2a: Thundurus|67/100
|
|-weather|RainDance|[upkeep]
|-heal|p1a: Blissey|54/100|[from] item: Leftovers
|upkeep
|turn|6
|
|t:|1713290218
|switch|p1a: Gliscor|Gliscor, F, shiny|100/100
|move|p2a: Thundurus|Thunder|p1a: Gliscor
|-immune|p1a: Gliscor
|
|-weather|RainDance|[upkeep]
|-status|p1a: Gliscor|tox|[from] item: Toxic Orb
|upkeep
|turn|7
|
|t:|1713290229
|move|p2a: Thundurus|Hidden Power|p1a: Gliscor
|-supereffective|p1a: Gliscor
|-damage|p1a: Gliscor|0 fnt
|faint|p1a: Gliscor
|
|-weather|RainDance|[upkeep]
|upkeep
|
|t:|1713290237
|switch|p1a: Latios|Latios, M|100/100
|turn|8
|
|t:|1713290245
|switch|p2a: Ferrothorn|Ferrothorn, F|100/100
|move|p1a: Latios|Surf|p2a: Ferrothorn
|-resisted|p2a: Ferrothorn
|-damage|p2a: Ferrothorn|85/100
|
|-weather|RainDance|[upkeep]
|-heal|p2a: Ferrothorn|91/100|[from] item: Leftovers
|upkeep
|turn|9
|-message|vladimir dubyshkin forfeited.
|
|win|ajkjqwk
|raw|vladimir dubyshkin's rating: 1328 &rarr; <strong>1314</strong><br />(-14 for losing)
|raw|ajkjqwk's rating: 1436 &rarr; <strong>1450</strong><br />(+14 for winning)
|l|☆vladimir dubyshkin
|player|p1|
