|j|☆babyboyblues
|j|☆Commbacckk
|player|p1|babyboyblues|yellow|1254
|player|p2|Commbacckk|101|1457
|teamsize|p1|6
|teamsize|p2|6
|gametype|singles
|gen|5
|tier|[Gen 5] OU
|rated|
|clearpoke
|poke|p1|Scizor, M|item
|poke|p1|Rotom-Wash|item
|poke|p1|Landorus-Therian, M|item
|poke|p1|Ferrothorn, M|item
|poke|p1|Heatran, F|item
|poke|p1|Starmie|item
|poke|p2|Heatran, M|item
|poke|p2|Terrakion|item
|poke|p2|Amoonguss, M|item
|poke|p2|Starmie|item
|poke|p2|Landorus-Therian, M|item
|poke|p2|Jirachi|item
|rule|Species Clause: Limit one of each Pokémon
|rule|OHKO Clause: OHKO moves are banned
|rule|Moody Clause: Moody is banned
|rule|Evasion Moves Clause: Evasion moves are banned
|rule|Endless Battle Clause: Forcing endless battles is banned
|rule|HP Percentage Mod: HP is shown in percentages
|rule|Evasion Abilities Clause: Evasion abilities are banned
|rule|Baton Pass Clause: Limit one Baton Passer, can't pass Spe and other stats simultaneously
|rule|Sleep Clause: Sleep-inducing moves are banned
|rule|Swagger Clause: Swagger is banned
|teampreview
|inactive|Battle timer is ON: inactive players will automatically lose when time's up. (requested by Commbacckk)
|
|start
|switch|p1a: Rotom|Rotom-Wash|100/100
|switch|p2a: Heatran|Heatran, M|100/100
|turn|1
|
|move|p1a: Rotom|Hydro Pump|p2a: Heatran
|-supereffective|p2a: Heatran
|-damage|p2a: Heatran|33/100
|move|p2a: Heatran|Toxic|p1a: Rotom
|-status|p1a: Rotom|tox
|
|-heal|p2a: Heatran|39/100|[from] item: Leftovers
|-damage|p1a: Rotom|94/100 tox|[from] psn
|upkeep
|turn|2
|
|switch|p2a: Amoonguss|Amoonguss, M|100/100
|move|p1a: Rotom|Volt Switch|p2a: Amoonguss
|-resisted|p2a: Amoonguss
|-damage|p2a: Amoonguss|89/100
|
|switch|p1a: Heatran|Heatran, F|100/100|[from]move: Volt Switch
|
|-heal|p2a: Amoonguss|95/100|[from] item: Black Sludge
|upkeep
|turn|3
|
|switch|p2a: Starmie|Starmie|100/100
|move|p1a: Heatran|Flamethrower|p2a: Starmie
|-resisted|p2a: Starmie
|-damage|p2a: Starmie|70/100
|
|-heal|p2a: Starmie|77/100|[from] item: Leftovers
|upkeep
|turn|4
|
|switch|p2a: Heatran|Heatran, M|39/100
|switch|p1a: Ferrothorn|Ferrothorn, M|100/100
|
|-heal|p2a: Heatran|45/100|[from] item: Leftovers
|upkeep
|turn|5
|
|move|p2a: Heatran|Stealth Rock|p1a: Ferrothorn
|-sidestart|p1: babyboyblues|move: Stealth Rock
|move|p1a: Ferrothorn|Stealth Rock|p2a: Heatran
|-sidestart|p2: Commbacckk|move: Stealth Rock
|
|-heal|p2a: Heatran|52/100|[from] item: Leftovers
|upkeep
|turn|6
|
|switch|p1a: Starmie|Starmie|100/100
|-damage|p1a: Starmie|88/100|[from] Stealth Rock
|move|p2a: Heatran|Lava Plume|p1a: Starmie
|-resisted|p1a: Starmie
|-damage|p1a: Starmie|68/100
|
|-heal|p1a: Starmie|74/100|[from] item: Leftovers
|-heal|p2a: Heatran|58/100|[from] item: Leftovers
|upkeep
|turn|7
|
|move|p1a: Starmie|Rapid Spin|p2a: Heatran
|-resisted|p2a: Heatran
|-damage|p2a: Heatran|57/100
|-sideend|p1: babyboyblues|Stealth Rock|[from] move: Rapid Spin|[of] p1a: Starmie
|move|p2a: Heatran|Toxic|p1a: Starmie
|-status|p1a: Starmie|tox
|
|-heal|p1a: Starmie|80/100 tox|[from] item: Leftovers
|-heal|p2a: Heatran|63/100|[from] item: Leftovers
|-damage|p1a: Starmie|74/100 tox|[from] psn
|upkeep
|turn|8
|
|move|p2a: Heatran|Protect|p2a: Heatran
|-singleturn|p2a: Heatran|Protect
|move|p1a: Starmie|Scald|p2a: Heatran
|-activate|p2a: Heatran|move: Protect
|
|-heal|p1a: Starmie|80/100 tox|[from] item: Leftovers
|-heal|p2a: Heatran|69/100|[from] item: Leftovers
|-damage|p1a: Starmie|68/100 tox|[from] psn
|upkeep
|turn|9
|
|move|p1a: Starmie|Recover|p1a: Starmie
|-heal|p1a: Starmie|100/100 tox
|move|p2a: Heatran|Stealth Rock|p1a: Starmie
|-sidestart|p1: babyboyblues|move: Stealth Rock
|
|-heal|p2a: Heatran|75/100|[from] item: Leftovers
|-damage|p1a: Starmie|82/100 tox|[from] psn
|upkeep
|turn|10
|
|move|p2a: Heatran|Protect|p2a: Heatran
|-singleturn|p2a: Heatran|Protect
|move|p1a: Starmie|Scald|p2a: Heatran
|-activate|p2a: Heatran|move: Protect
|
|-heal|p1a: Starmie|88/100 tox|[from] item: Leftovers
|-heal|p2a: Heatran|82/100|[from] item: Leftovers
|-damage|p1a: Starmie|63/100 tox|[from] psn
|upkeep
|turn|11
|
|switch|p1a: Rotom|Rotom-Wash|94/100 tox
|-damage|p1a: Rotom|82/100 tox|[from] Stealth Rock
|move|p2a: Heatran|Lava Plume|p1a: Rotom
|-resisted|p1a: Rotom
|-crit|p1a: Rotom
|-damage|p1a: Rotom|44/100 tox
|
|-heal|p1a: Rotom|50/100 tox|[from] item: Leftovers
|-heal|p2a: Heatran|88/100|[from] item: Leftovers
|-damage|p1a: Rotom|44/100 tox|[from] psn
|upkeep
|turn|12
|
|move|p2a: Heatran|Protect|p2a: Heatran
|-singleturn|p2a: Heatran|Protect
|move|p1a: Rotom|Hydro Pump|p2a: Heatran
|-activate|p2a: Heatran|move: Protect
|
|-heal|p1a: Rotom|50/100 tox|[from] item: Leftovers
|-heal|p2a: Heatran|94/100|[from] item: Leftovers
|-damage|p1a: Rotom|38/100 tox|[from] psn
|upkeep
|turn|13
|
|switch|p2a: Amoonguss|Amoonguss, M|100/100
|-damage|p2a: Amoonguss|88/100|[from] Stealth Rock
|move|p1a: Rotom|Hydro Pump|p2a: Amoonguss|[miss]
|-miss|p1a: Rotom|p2a: Amoonguss
|
|-heal|p1a: Rotom|44/100 tox|[from] item: Leftovers
|-heal|p2a: Amoonguss|94/100|[from] item: Black Sludge
|-damage|p1a: Rotom|25/100 tox|[from] psn
|upkeep
|turn|14
|
|switch|p2a: Landorus|Landorus-Therian, M|100/100
|-damage|p2a: Landorus|88/100|[from] Stealth Rock
|-ability|p2a: Landorus|Intimidate|boost
|-unboost|p1a: Rotom|atk|1
|move|p1a: Rotom|Volt Switch|p2a: Landorus
|-immune|p2a: Landorus
|
|-heal|p2a: Landorus|94/100|[from] item: Leftovers
|-heal|p1a: Rotom|32/100 tox|[from] item: Leftovers
|-damage|p1a: Rotom|7/100 tox|[from] psn
|upkeep
|turn|15
|
|switch|p1a: Ferrothorn|Ferrothorn, M|100/100
|-damage|p1a: Ferrothorn|94/100|[from] Stealth Rock
|move|p2a: Landorus|U-turn|p1a: Ferrothorn
|-damage|p1a: Ferrothorn|78/100
|-damage|p2a: Landorus|82/100|[from] ability: Iron Barbs|[of] p1a: Ferrothorn
|
|switch|p2a: Terrakion|Terrakion|100/100|[from]move: U-turn
|-damage|p2a: Terrakion|94/100|[from] Stealth Rock
|
|-heal|p1a: Ferrothorn|84/100|[from] item: Leftovers
|upkeep
|turn|16
|
|switch|p1a: Landorus|Landorus-Therian, M|100/100
|-damage|p1a: Landorus|88/100|[from] Stealth Rock
|-ability|p1a: Landorus|Intimidate|boost
|-unboost|p2a: Terrakion|atk|1
|move|p2a: Terrakion|Stone Edge|p1a: Landorus
|-damage|p1a: Landorus|51/100
|
|-heal|p1a: Landorus|57/100|[from] item: Leftovers
|upkeep
|turn|17
|
|switch|p2a: Landorus|Landorus-Therian, M|82/100
|-damage|p2a: Landorus|70/100|[from] Stealth Rock
|-ability|p2a: Landorus|Intimidate|boost
|-unboost|p1a: Landorus|atk|1
|move|p1a: Landorus|Hidden Power|p2a: Landorus
|-supereffective|p2a: Landorus
|-damage|p2a: Landorus|0 fnt
|faint|p2a: Landorus
|
|-heal|p1a: Landorus|63/100|[from] item: Leftovers
|upkeep
|
|switch|p2a: Starmie|Starmie|77/100
|-damage|p2a: Starmie|64/100|[from] Stealth Rock
|turn|18
|
|switch|p1a: Ferrothorn|Ferrothorn, M|84/100
|-damage|p1a: Ferrothorn|78/100|[from] Stealth Rock
|move|p2a: Starmie|Rapid Spin|p1a: Ferrothorn
|-resisted|p1a: Ferrothorn
|-damage|p1a: Ferrothorn|77/100
|-damage|p2a: Starmie|52/100|[from] ability: Iron Barbs|[of] p1a: Ferrothorn
|-sideend|p2: Commbacckk|Stealth Rock|[from] move: Rapid Spin|[of] p2a: Starmie
|
|-heal|p2a: Starmie|58/100|[from] item: Leftovers
|-heal|p1a: Ferrothorn|83/100|[from] item: Leftovers
|upkeep
|turn|19
|
|move|p2a: Starmie|Recover|p2a: Starmie
|-heal|p2a: Starmie|100/100
|move|p1a: Ferrothorn|Stealth Rock|p2a: Starmie
|-sidestart|p2: Commbacckk|move: Stealth Rock
|
|-heal|p1a: Ferrothorn|89/100|[from] item: Leftovers
|upkeep
|turn|20
|
|move|p2a: Starmie|Scald|p1a: Ferrothorn
|-resisted|p1a: Ferrothorn
|-damage|p1a: Ferrothorn|80/100
|move|p1a: Ferrothorn|Leech Seed|p2a: Starmie|[miss]
|-miss|p1a: Ferrothorn|p2a: Starmie
|
|-heal|p1a: Ferrothorn|86/100|[from] item: Leftovers
|upkeep
|turn|21
|
|move|p2a: Starmie|Scald|p1a: Ferrothorn
|-resisted|p1a: Ferrothorn
|-damage|p1a: Ferrothorn|76/100
|move|p1a: Ferrothorn|Leech Seed|p2a: Starmie
|-start|p2a: Starmie|move: Leech Seed
|
|-heal|p1a: Ferrothorn|82/100|[from] item: Leftovers
|-damage|p2a: Starmie|88/100|[from] Leech Seed|[of] p1a: Ferrothorn
|-heal|p1a: Ferrothorn|94/100|[silent]
|upkeep
|turn|22
|
|switch|p2a: Heatran|Heatran, M|94/100
|-damage|p2a: Heatran|82/100|[from] Stealth Rock
|move|p1a: Ferrothorn|Power Whip|p2a: Heatran
|-resisted|p2a: Heatran
|-damage|p2a: Heatran|74/100
|
|-heal|p2a: Heatran|80/100|[from] item: Leftovers
|-heal|p1a: Ferrothorn|99/100|[from] item: Leftovers
|upkeep
|turn|23
|
|switch|p2a: Jirachi|Jirachi|100/100
|-damage|p2a: Jirachi|94/100|[from] Stealth Rock
|switch|p1a: Heatran|Heatran, F|100/100
|-damage|p1a: Heatran|88/100|[from] Stealth Rock
|
|-heal|p1a: Heatran|94/100|[from] item: Leftovers
|upkeep
|turn|24
|
|move|p2a: Jirachi|U-turn|p1a: Heatran
|-resisted|p1a: Heatran
|-damage|p1a: Heatran|89/100
|
|switch|p2a: Starmie|Starmie|88/100|[from]move: U-turn
|-damage|p2a: Starmie|76/100|[from] Stealth Rock
|move|p1a: Heatran|Flamethrower|p2a: Starmie
|-resisted|p2a: Starmie
|-damage|p2a: Starmie|47/100
|
|-heal|p2a: Starmie|53/100|[from] item: Leftovers
|-heal|p1a: Heatran|95/100|[from] item: Leftovers
|upkeep
|turn|25
|
|move|p2a: Starmie|Scald|p1a: Heatran
|-supereffective|p1a: Heatran
|-damage|p1a: Heatran|41/100
|move|p1a: Heatran|Hidden Power|p2a: Starmie
|-supereffective|p2a: Starmie
|-damage|p2a: Starmie|0 fnt
|faint|p2a: Starmie
|
|-heal|p1a: Heatran|48/100|[from] item: Leftovers
|upkeep
|
|switch|p2a: Terrakion|Terrakion|94/100
|-damage|p2a: Terrakion|88/100|[from] Stealth Rock
|turn|26
|
|switch|p1a: Rotom|Rotom-Wash|7/100 tox
|-damage|p1a: Rotom|0 fnt|[from] Stealth Rock
|faint|p1a: Rotom
|move|p2a: Terrakion|Close Combat|p1: Rotom|[notarget]
|-fail|p2a: Terrakion
|
|upkeep
|
|switch|p1a: Landorus|Landorus-Therian, M|63/100
|-damage|p1a: Landorus|51/100|[from] Stealth Rock
|-ability|p1a: Landorus|Intimidate|boost
|-unboost|p2a: Terrakion|atk|1
|turn|27
|
|switch|p2a: Amoonguss|Amoonguss, M|100/100
|-damage|p2a: Amoonguss|88/100|[from] Stealth Rock
|move|p1a: Landorus|Earthquake|p2a: Amoonguss
|-damage|p2a: Amoonguss|37/100
|
|-heal|p1a: Landorus|57/100|[from] item: Leftovers
|-heal|p2a: Amoonguss|43/100|[from] item: Black Sludge
|upkeep
|turn|28
|-message|Commbacckk forfeited.
|
|win|babyboyblues
|l|☆Commbacckk
|raw|babyboyblues's rating: 1254 &rarr; <strong>1292</strong><br />(+38 for winning)
|raw|Commbacckk's rating: 1458 &rarr; <strong>1427</strong><br />(-31 for losing)
