|j|☆epic circus
|j|☆pikachumeng
|player|p1|epic circus|ethan-gen2|1469
|player|p2|pikachumeng|1|1530
|teamsize|p1|6
|teamsize|p2|6
|gametype|singles
|gen|5
|tier|[Gen 5] OU
|rated|
|clearpoke
|poke|p1|Tyranitar, F|item
|poke|p1|Alakazam, F|item
|poke|p1|Skarmory, F|item
|poke|p1|Gastrodon, M|item
|poke|p1|Heatran, M|item
|poke|p1|Amoonguss, F|item
|poke|p2|Kyurem-Black|item
|poke|p2|Gliscor, F|item
|poke|p2|Mamoswine, M|item
|poke|p2|Excadrill, F|item
|poke|p2|Latios, M|item
|poke|p2|Rotom-Wash|item
|rule|Species Clause: Limit one of each Pokémon
|rule|OHKO Clause: OHKO moves are banned
|rule|Moody Clause: Moody is banned
|rule|Evasion Moves Clause: Evasion moves are banned
|rule|Endless Battle Clause: Forcing endless battles is banned
|rule|HP Percentage Mod: HP is shown in percentages
|rule|Evasion Abilities Clause: Evasion abilities are banned
|rule|Baton Pass Clause: Limit one Baton Passer, can't pass Spe and other stats simultaneously
|rule|Sleep Clause: Sleep-inducing moves are banned
|rule|Swagger Clause: Swagger is banned
|teampreview
|inactive|Battle timer is ON: inactive players will automatically lose when time's up. (requested by pikachumeng)
|
|start
|switch|p1a: Gastrodon|Gastrodon, M|100/100
|switch|p2a: Rotom|Rotom-Wash|100/100
|turn|1
|l|☆pikachumeng
|inactive|pikachumeng disconnected and has a minute to reconnect!
|player|p2|
|j|☆pikachumeng
|inactive|pikachumeng reconnected and has 130 seconds left.
|player|p2|pikachumeng|1
|
|move|p2a: Rotom|Will-O-Wisp|p1a: Gastrodon
|-status|p1a: Gastrodon|brn
|move|p1a: Gastrodon|Toxic|p2a: Rotom
|-status|p2a: Rotom|tox
|
|-damage|p2a: Rotom|94/100 tox|[from] psn
|-damage|p1a: Gastrodon|88/100 brn|[from] brn
|upkeep
|turn|2
|
|switch|p2a: Latios|Latios, M|100/100
|move|p1a: Gastrodon|Toxic|p2a: Latios
|-status|p2a: Latios|tox
|
|-heal|p1a: Gastrodon|94/100 brn|[from] item: Leftovers
|-damage|p2a: Latios|95/100 tox|[from] psn
|-damage|p1a: Gastrodon|82/100 brn|[from] brn
|upkeep
|turn|3
|inactive|pikachumeng has 120 seconds left.
|
|switch|p2a: Gliscor|Gliscor, F|100/100
|switch|p1a: Tyranitar|Tyranitar, F|100/100
|-weather|Sandstorm|[from] ability: Sand Stream|[of] p1a: Tyranitar
|
|-weather|Sandstorm|[upkeep]
|-status|p2a: Gliscor|tox|[from] item: Toxic Orb
|upkeep
|turn|4
|
|move|p2a: Gliscor|Swords Dance|p2a: Gliscor
|-boost|p2a: Gliscor|atk|2
|move|p1a: Tyranitar|Stealth Rock|p2a: Gliscor
|-sidestart|p2: pikachumeng|move: Stealth Rock
|
|-weather|Sandstorm|[upkeep]
|upkeep
|turn|5
|inactive|pikachumeng has 120 seconds left.
|
|switch|p1a: Skarmory|Skarmory, F|100/100
|move|p2a: Gliscor|Swords Dance|p2a: Gliscor
|-boost|p2a: Gliscor|atk|2
|
|-weather|Sandstorm|[upkeep]
|upkeep
|turn|6
|
|move|p2a: Gliscor|Facade|p1a: Skarmory
|-resisted|p1a: Skarmory
|-damage|p1a: Skarmory|57/100
|move|p1a: Skarmory|Whirlwind|p2a: Gliscor
|drag|p2a: Mamoswine|Mamoswine, M|100/100
|-damage|p2a: Mamoswine|88/100|[from] Stealth Rock
|
|-weather|Sandstorm|[upkeep]
|upkeep
|turn|7
|
|move|p2a: Mamoswine|Icicle Crash|p1a: Skarmory|[miss]
|-miss|p2a: Mamoswine|p1a: Skarmory
|move|p1a: Skarmory|Roost|p1a: Skarmory
|-heal|p1a: Skarmory|100/100
|-singleturn|p1a: Skarmory|move: Roost
|
|-weather|Sandstorm|[upkeep]
|upkeep
|turn|8
|
|switch|p2a: Gliscor|Gliscor, F|100/100 tox
|-damage|p2a: Gliscor|88/100 tox|[from] Stealth Rock
|move|p1a: Skarmory|Whirlwind|p2a: Gliscor
|drag|p2a: Latios|Latios, M|95/100 tox
|-damage|p2a: Latios|82/100 tox|[from] Stealth Rock
|
|-weather|Sandstorm|[upkeep]
|-damage|p2a: Latios|76/100 tox|[from] Sandstorm
|-damage|p2a: Latios|70/100 tox|[from] psn
|upkeep
|turn|9
|
|switch|p2a: Excadrill|Excadrill, F|100/100
|-damage|p2a: Excadrill|97/100|[from] Stealth Rock
|-ability|p2a: Excadrill|Mold Breaker
|switch|p1a: Tyranitar|Tyranitar, F|100/100
|
|-weather|Sandstorm|[upkeep]
|-heal|p2a: Excadrill|100/100|[from] item: Leftovers
|upkeep
|turn|10
|
|switch|p1a: Skarmory|Skarmory, F|100/100
|move|p2a: Excadrill|Earthquake|p1a: Skarmory
|-immune|p1a: Skarmory
|
|-weather|Sandstorm|[upkeep]
|upkeep
|turn|11
|
|move|p2a: Excadrill|Rapid Spin|p1a: Skarmory
|-resisted|p1a: Skarmory
|-damage|p1a: Skarmory|98/100
|-sideend|p2: pikachumeng|Stealth Rock|[from] move: Rapid Spin|[of] p2a: Excadrill
|move|p1a: Skarmory|Spikes|p2a: Excadrill
|-sidestart|p2: pikachumeng|Spikes
|
|-weather|Sandstorm|[upkeep]
|upkeep
|turn|12
|
|move|p2a: Excadrill|Rapid Spin|p1a: Skarmory
|-resisted|p1a: Skarmory
|-damage|p1a: Skarmory|96/100
|-sideend|p2: pikachumeng|Spikes|[from] move: Rapid Spin|[of] p2a: Excadrill
|move|p1a: Skarmory|Spikes|p2a: Excadrill
|-sidestart|p2: pikachumeng|Spikes
|
|-weather|Sandstorm|[upkeep]
|upkeep
|turn|13
|
|move|p2a: Excadrill|Rapid Spin|p1a: Skarmory
|-resisted|p1a: Skarmory
|-damage|p1a: Skarmory|94/100
|-sideend|p2: pikachumeng|Spikes|[from] move: Rapid Spin|[of] p2a: Excadrill
|move|p1a: Skarmory|Spikes|p2a: Excadrill
|-sidestart|p2: pikachumeng|Spikes
|
|-weather|Sandstorm|[upkeep]
|upkeep
|turn|14
|
|move|p2a: Excadrill|Rapid Spin|p1a: Skarmory
|-resisted|p1a: Skarmory
|-damage|p1a: Skarmory|91/100
|-sideend|p2: pikachumeng|Spikes|[from] move: Rapid Spin|[of] p2a: Excadrill
|move|p1a: Skarmory|Spikes|p2a: Excadrill
|-sidestart|p2: pikachumeng|Spikes
|
|-weather|Sandstorm|[upkeep]
|upkeep
|turn|15
|
|move|p2a: Excadrill|Rapid Spin|p1a: Skarmory
|-resisted|p1a: Skarmory
|-damage|p1a: Skarmory|89/100
|-sideend|p2: pikachumeng|Spikes|[from] move: Rapid Spin|[of] p2a: Excadrill
|move|p1a: Skarmory|Spikes|p2a: Excadrill
|-sidestart|p2: pikachumeng|Spikes
|
|-weather|Sandstorm|[upkeep]
|upkeep
|turn|16
|
|move|p2a: Excadrill|Rapid Spin|p1a: Skarmory
|-resisted|p1a: Skarmory
|-crit|p1a: Skarmory
|-damage|p1a: Skarmory|84/100
|-sideend|p2: pikachumeng|Spikes|[from] move: Rapid Spin|[of] p2a: Excadrill
|move|p1a: Skarmory|Taunt|p2a: Excadrill
|-start|p2a: Excadrill|move: Taunt
|
|-weather|Sandstorm|[upkeep]
|upkeep
|turn|17
|
|switch|p2a: Rotom|Rotom-Wash|94/100 tox
|move|p1a: Skarmory|Spikes|p2a: Rotom
|-sidestart|p2: pikachumeng|Spikes
|
|-weather|Sandstorm|[upkeep]
|-damage|p2a: Rotom|88/100 tox|[from] Sandstorm
|-heal|p2a: Rotom|94/100 tox|[from] item: Leftovers
|-damage|p2a: Rotom|88/100 tox|[from] psn
|upkeep
|turn|18
|
|switch|p2a: Mamoswine|Mamoswine, M|88/100
|-damage|p2a: Mamoswine|76/100|[from] Spikes
|switch|p1a: Gastrodon|Gastrodon, M|82/100 brn
|
|-weather|Sandstorm|[upkeep]
|-heal|p1a: Gastrodon|88/100 brn|[from] item: Leftovers
|-damage|p1a: Gastrodon|75/100 brn|[from] brn
|upkeep
|turn|19
|
|move|p2a: Mamoswine|Icicle Crash|p1a: Gastrodon
|-damage|p1a: Gastrodon|24/100 brn
|move|p1a: Gastrodon|Scald|p2a: Mamoswine
|-supereffective|p2a: Mamoswine
|-damage|p2a: Mamoswine|2/100
|-status|p2a: Mamoswine|brn
|
|-weather|Sandstorm|[upkeep]
|-heal|p1a: Gastrodon|30/100 brn|[from] item: Leftovers
|-damage|p2a: Mamoswine|0 fnt|[from] brn
|faint|p2a: Mamoswine
|-damage|p1a: Gastrodon|18/100 brn|[from] brn
|upkeep
|
|switch|p2a: Excadrill|Excadrill, F|100/100
|-damage|p2a: Excadrill|88/100|[from] Spikes
|-ability|p2a: Excadrill|Mold Breaker
|turn|20
|
|switch|p1a: Skarmory|Skarmory, F|84/100
|move|p2a: Excadrill|Earthquake|p1a: Skarmory
|-immune|p1a: Skarmory
|
|-weather|Sandstorm|[upkeep]
|-heal|p2a: Excadrill|94/100|[from] item: Leftovers
|upkeep
|turn|21
|
|move|p2a: Excadrill|Stealth Rock|p1a: Skarmory
|-sidestart|p1: epic circus|move: Stealth Rock
|move|p1a: Skarmory|Taunt|p2a: Excadrill
|-start|p2a: Excadrill|move: Taunt
|
|-weather|Sandstorm|[upkeep]
|-heal|p2a: Excadrill|99/100|[from] item: Leftovers
|upkeep
|turn|22
|
|move|p2a: Excadrill|Rapid Spin|p1a: Skarmory
|-resisted|p1a: Skarmory
|-damage|p1a: Skarmory|82/100
|-sideend|p2: pikachumeng|Spikes|[from] move: Rapid Spin|[of] p2a: Excadrill
|move|p1a: Skarmory|Spikes|p2a: Excadrill
|-sidestart|p2: pikachumeng|Spikes
|
|-weather|Sandstorm|[upkeep]
|-heal|p2a: Excadrill|100/100|[from] item: Leftovers
|upkeep
|turn|23
|
|move|p2a: Excadrill|Rapid Spin|p1a: Skarmory
|-resisted|p1a: Skarmory
|-damage|p1a: Skarmory|80/100
|-sideend|p2: pikachumeng|Spikes|[from] move: Rapid Spin|[of] p2a: Excadrill
|move|p1a: Skarmory|Roost|p1a: Skarmory
|-heal|p1a: Skarmory|100/100
|-singleturn|p1a: Skarmory|move: Roost
|
|-weather|Sandstorm|[upkeep]
|upkeep
|turn|24
|
|move|p2a: Excadrill|Rapid Spin|p1a: Skarmory
|-resisted|p1a: Skarmory
|-damage|p1a: Skarmory|98/100
|move|p1a: Skarmory|Spikes|p2a: Excadrill
|-sidestart|p2: pikachumeng|Spikes
|
|-weather|Sandstorm|[upkeep]
|-end|p2a: Excadrill|move: Taunt
|upkeep
|turn|25
|
|move|p2a: Excadrill|Rapid Spin|p1a: Skarmory
|-resisted|p1a: Skarmory
|-damage|p1a: Skarmory|96/100
|-sideend|p2: pikachumeng|Spikes|[from] move: Rapid Spin|[of] p2a: Excadrill
|move|p1a: Skarmory|Taunt|p2a: Excadrill
|-start|p2a: Excadrill|move: Taunt
|
|-weather|Sandstorm|[upkeep]
|upkeep
|turn|26
|
|move|p2a: Excadrill|Rapid Spin|p1a: Skarmory
|-resisted|p1a: Skarmory
|-damage|p1a: Skarmory|94/100
|move|p1a: Skarmory|Spikes|p2a: Excadrill
|-sidestart|p2: pikachumeng|Spikes
|
|-weather|Sandstorm|[upkeep]
|upkeep
|turn|27
|
|move|p2a: Excadrill|Rapid Spin|p1a: Skarmory
|-resisted|p1a: Skarmory
|-damage|p1a: Skarmory|91/100
|-sideend|p2: pikachumeng|Spikes|[from] move: Rapid Spin|[of] p2a: Excadrill
|move|p1a: Skarmory|Taunt||[still]
|-fail|p1a: Skarmory
|
|-weather|Sandstorm|[upkeep]
|upkeep
|turn|28
|
|move|p2a: Excadrill|Rapid Spin|p1a: Skarmory
|-resisted|p1a: Skarmory
|-damage|p1a: Skarmory|89/100
|move|p1a: Skarmory|Spikes|p2a: Excadrill
|-sidestart|p2: pikachumeng|Spikes
|
|-weather|Sandstorm|[upkeep]
|-end|p2a: Excadrill|move: Taunt
|upkeep
|turn|29
|
|move|p2a: Excadrill|Protect|p2a: Excadrill
|-singleturn|p2a: Excadrill|Protect
|move|p1a: Skarmory|Spikes|p2a: Excadrill
|-sidestart|p2: pikachumeng|Spikes
|
|-weather|Sandstorm|[upkeep]
|upkeep
|turn|30
|
|move|p2a: Excadrill|Protect||[still]
|-fail|p2a: Excadrill
|move|p1a: Skarmory|Taunt|p2a: Excadrill
|-start|p2a: Excadrill|move: Taunt
|
|-weather|Sandstorm|[upkeep]
|upkeep
|turn|31
|
|move|p2a: Excadrill|Rapid Spin|p1a: Skarmory
|-resisted|p1a: Skarmory
|-damage|p1a: Skarmory|86/100
|-sideend|p2: pikachumeng|Spikes|[from] move: Rapid Spin|[of] p2a: Excadrill
|move|p1a: Skarmory|Taunt||[still]
|-fail|p1a: Skarmory
|
|-weather|Sandstorm|[upkeep]
|upkeep
|turn|32
|
|move|p2a: Excadrill|Earthquake|p1a: Skarmory
|-immune|p1a: Skarmory
|move|p1a: Skarmory|Taunt||[still]
|-fail|p1a: Skarmory
|
|-weather|Sandstorm|[upkeep]
|upkeep
|turn|33
|inactive|pikachumeng has 120 seconds left.
|
|move|p2a: Excadrill|Rapid Spin|p1a: Skarmory
|-resisted|p1a: Skarmory
|-damage|p1a: Skarmory|84/100
|move|p1a: Skarmory|Spikes|p2a: Excadrill
|-sidestart|p2: pikachumeng|Spikes
|
|-weather|Sandstorm|[upkeep]
|-end|p2a: Excadrill|move: Taunt
|upkeep
|turn|34
|inactive|pikachumeng has 120 seconds left.
|
|move|p2a: Excadrill|Earthquake|p1a: Skarmory
|-immune|p1a: Skarmory
|move|p1a: Skarmory|Whirlwind|p2a: Excadrill
|drag|p2a: Latios|Latios, M|70/100 tox
|
|-weather|Sandstorm|[upkeep]
|-damage|p2a: Latios|64/100 tox|[from] Sandstorm
|-damage|p2a: Latios|58/100 tox|[from] psn
|upkeep
|turn|35
|
|switch|p2a: Excadrill|Excadrill, F|100/100
|-damage|p2a: Excadrill|88/100|[from] Spikes
|-ability|p2a: Excadrill|Mold Breaker
|move|p1a: Skarmory|Roost|p1a: Skarmory
|-heal|p1a: Skarmory|100/100
|-singleturn|p1a: Skarmory|move: Roost
|
|-weather|Sandstorm|[upkeep]
|-heal|p2a: Excadrill|94/100|[from] item: Leftovers
|upkeep
|turn|36
|
|move|p2a: Excadrill|Rapid Spin|p1a: Skarmory
|-resisted|p1a: Skarmory
|-damage|p1a: Skarmory|98/100
|-sideend|p2: pikachumeng|Spikes|[from] move: Rapid Spin|[of] p2a: Excadrill
|move|p1a: Skarmory|Whirlwind|p2a: Excadrill
|drag|p2a: Gliscor|Gliscor, F|88/100 tox
|
|-weather|Sandstorm|[upkeep]
|-heal|p2a: Gliscor|100/100 tox|[from] ability: Poison Heal
|upkeep
|turn|37
|
|move|p2a: Gliscor|Swords Dance|p2a: Gliscor
|-boost|p2a: Gliscor|atk|2
|move|p1a: Skarmory|Spikes|p2a: Gliscor
|-sidestart|p2: pikachumeng|Spikes
|
|-weather|Sandstorm|[upkeep]
|upkeep
|turn|38
|
|move|p2a: Gliscor|Swords Dance|p2a: Gliscor
|-boost|p2a: Gliscor|atk|2
|move|p1a: Skarmory|Whirlwind|p2a: Gliscor
|drag|p2a: Latios|Latios, M|58/100 tox
|
|-weather|Sandstorm|[upkeep]
|-damage|p2a: Latios|52/100 tox|[from] Sandstorm
|-damage|p2a: Latios|46/100 tox|[from] psn
|upkeep
|turn|39
|
|switch|p1a: Tyranitar|Tyranitar, F|100/100
|-damage|p1a: Tyranitar|88/100|[from] Stealth Rock
|move|p2a: Latios|Hidden Power|p1a: Tyranitar
|-resisted|p1a: Tyranitar
|-damage|p1a: Tyranitar|80/100
|
|-weather|Sandstorm|[upkeep]
|-damage|p2a: Latios|40/100 tox|[from] Sandstorm
|-damage|p2a: Latios|28/100 tox|[from] psn
|upkeep
|turn|40
|
|-activate|p2a: Latios|move: Pursuit
|move|p1a: Tyranitar|Pursuit|p2a: Latios|[from]Pursuit
|-supereffective|p2a: Latios
|-damage|p2a: Latios|0 fnt
|-hint|A Pokemon can't switch between when it runs out of HP and when it faints
|faint|p2a: Latios
|
|-weather|Sandstorm|[upkeep]
|upkeep
|
|switch|p2a: Gliscor|Gliscor, F|100/100 tox
|turn|41
|
|switch|p1a: Skarmory|Skarmory, F|98/100
|-damage|p1a: Skarmory|86/100|[from] Stealth Rock
|move|p2a: Gliscor|Swords Dance|p2a: Gliscor
|-boost|p2a: Gliscor|atk|2
|
|-weather|Sandstorm|[upkeep]
|upkeep
|turn|42
|
|move|p2a: Gliscor|Facade|p1a: Skarmory
|-resisted|p1a: Skarmory
|-damage|p1a: Skarmory|59/100
|move|p1a: Skarmory|Whirlwind|p2a: Gliscor
|drag|p2a: Kyurem|Kyurem-Black|100/100
|-damage|p2a: Kyurem|88/100|[from] Spikes
|-ability|p2a: Kyurem|Teravolt
|
|-weather|Sandstorm|[upkeep]
|-damage|p2a: Kyurem|82/100|[from] Sandstorm
|upkeep
|turn|43
|
|switch|p1a: Gastrodon|Gastrodon, M|18/100 brn
|-damage|p1a: Gastrodon|12/100 brn|[from] Stealth Rock
|move|p2a: Kyurem|Ice Beam|p1a: Gastrodon
|-crit|p1a: Gastrodon
|-damage|p1a: Gastrodon|0 fnt
|faint|p1a: Gastrodon
|
|-weather|Sandstorm|[upkeep]
|-damage|p2a: Kyurem|76/100|[from] Sandstorm
|upkeep
|
|switch|p1a: Tyranitar|Tyranitar, F|80/100
|-damage|p1a: Tyranitar|67/100|[from] Stealth Rock
|turn|44
|
|-activate|p2a: Kyurem|move: Pursuit
|move|p1a: Tyranitar|Pursuit|p2a: Kyurem|[from]Pursuit
|-damage|p2a: Kyurem|38/100
|switch|p2a: Gliscor|Gliscor, F|100/100 tox
|
|-weather|Sandstorm|[upkeep]
|upkeep
|turn|45
|
|switch|p1a: Skarmory|Skarmory, F|59/100
|-damage|p1a: Skarmory|46/100|[from] Stealth Rock
|move|p2a: Gliscor|Swords Dance|p2a: Gliscor
|-boost|p2a: Gliscor|atk|2
|
|-weather|Sandstorm|[upkeep]
|upkeep
|turn|46
|
|move|p2a: Gliscor|Swords Dance|p2a: Gliscor
|-boost|p2a: Gliscor|atk|2
|move|p1a: Skarmory|Roost|p1a: Skarmory
|-heal|p1a: Skarmory|97/100
|-singleturn|p1a: Skarmory|move: Roost
|
|-weather|Sandstorm|[upkeep]
|upkeep
|turn|47
|
|move|p2a: Gliscor|Facade|p1a: Skarmory
|-resisted|p1a: Skarmory
|-damage|p1a: Skarmory|50/100
|move|p1a: Skarmory|Whirlwind|p2a: Gliscor
|drag|p2a: Kyurem|Kyurem-Black|38/100
|-damage|p2a: Kyurem|26/100|[from] Spikes
|-ability|p2a: Kyurem|Teravolt
|
|-weather|Sandstorm|[upkeep]
|-damage|p2a: Kyurem|20/100|[from] Sandstorm
|upkeep
|turn|48
|
|switch|p1a: Tyranitar|Tyranitar, F|67/100
|-damage|p1a: Tyranitar|55/100|[from] Stealth Rock
|move|p2a: Kyurem|Fusion Bolt|p1a: Tyranitar
|-damage|p1a: Tyranitar|23/100
|
|-weather|Sandstorm|[upkeep]
|-damage|p2a: Kyurem|14/100|[from] Sandstorm
|upkeep
|turn|49
|
|switch|p1a: Amoonguss|Amoonguss, F|100/100
|-damage|p1a: Amoonguss|88/100|[from] Stealth Rock
|move|p2a: Kyurem|Fusion Bolt|p1a: Amoonguss
|-resisted|p1a: Amoonguss
|-damage|p1a: Amoonguss|68/100
|
|-weather|Sandstorm|[upkeep]
|-damage|p2a: Kyurem|7/100|[from] Sandstorm
|-damage|p1a: Amoonguss|62/100|[from] Sandstorm
|-heal|p1a: Amoonguss|68/100|[from] item: Black Sludge
|upkeep
|turn|50
|
|switch|p2a: Excadrill|Excadrill, F|94/100
|-damage|p2a: Excadrill|82/100|[from] Spikes
|-ability|p2a: Excadrill|Mold Breaker
|move|p1a: Amoonguss|Protect||[still]
|-fail|p1a: Amoonguss
|
|-weather|Sandstorm|[upkeep]
|-damage|p1a: Amoonguss|62/100|[from] Sandstorm
|-heal|p2a: Excadrill|88/100|[from] item: Leftovers
|-heal|p1a: Amoonguss|68/100|[from] item: Black Sludge
|upkeep
|turn|51
|
|switch|p2a: Rotom|Rotom-Wash|88/100 tox
|switch|p1a: Skarmory|Skarmory, F|50/100
|-damage|p1a: Skarmory|38/100|[from] Stealth Rock
|
|-weather|Sandstorm|[upkeep]
|-damage|p2a: Rotom|82/100 tox|[from] Sandstorm
|-heal|p2a: Rotom|88/100 tox|[from] item: Leftovers
|-damage|p2a: Rotom|82/100 tox|[from] psn
|upkeep
|turn|52
|
|switch|p1a: Heatran|Heatran, M|100/100
|-damage|p1a: Heatran|88/100|[from] Stealth Rock
|move|p2a: Rotom|Volt Switch|p1a: Heatran
|-damage|p1a: Heatran|72/100
|
|switch|p2a: Gliscor|Gliscor, F|100/100 tox|[from]move: Volt Switch
|
|-weather|Sandstorm|[upkeep]
|-heal|p1a: Heatran|78/100|[from] item: Leftovers
|upkeep
|turn|53
|
|switch|p1a: Alakazam|Alakazam, F|100/100
|move|p2a: Gliscor|Swords Dance|p2a: Gliscor
|-boost|p2a: Gliscor|atk|2
|
|-weather|Sandstorm|[upkeep]
|upkeep
|turn|54
|
|switch|p2a: Excadrill|Excadrill, F|88/100
|-damage|p2a: Excadrill|75/100|[from] Spikes
|-ability|p2a: Excadrill|Mold Breaker
|move|p1a: Alakazam|Hidden Power|p2a: Excadrill
|-damage|p2a: Excadrill|56/100
|
|-weather|Sandstorm|[upkeep]
|-heal|p2a: Excadrill|62/100|[from] item: Leftovers
|upkeep
|turn|55
|
|move|p1a: Alakazam|Focus Blast|p2a: Excadrill|[miss]
|-miss|p1a: Alakazam|p2a: Excadrill
|move|p2a: Excadrill|Rapid Spin|p1a: Alakazam
|-damage|p1a: Alakazam|85/100
|-sideend|p2: pikachumeng|Spikes|[from] move: Rapid Spin|[of] p2a: Excadrill
|
|-weather|Sandstorm|[upkeep]
|-heal|p2a: Excadrill|68/100|[from] item: Leftovers
|upkeep
|turn|56
|
|switch|p1a: Skarmory|Skarmory, F|38/100
|-damage|p1a: Skarmory|25/100|[from] Stealth Rock
|move|p2a: Excadrill|Protect||[still]
|-fail|p2a: Excadrill
|
|-weather|Sandstorm|[upkeep]
|-heal|p2a: Excadrill|75/100|[from] item: Leftovers
|upkeep
|turn|57
|
|switch|p2a: Rotom|Rotom-Wash|82/100 tox
|move|p1a: Skarmory|Roost|p1a: Skarmory
|-heal|p1a: Skarmory|76/100
|-singleturn|p1a: Skarmory|move: Roost
|
|-weather|Sandstorm|[upkeep]
|-damage|p2a: Rotom|75/100 tox|[from] Sandstorm
|-heal|p2a: Rotom|82/100 tox|[from] item: Leftovers
|-damage|p2a: Rotom|75/100 tox|[from] psn
|upkeep
|turn|58
|
|switch|p1a: Amoonguss|Amoonguss, F|100/100
|-damage|p1a: Amoonguss|88/100|[from] Stealth Rock
|move|p2a: Rotom|Volt Switch|p1a: Amoonguss
|-resisted|p1a: Amoonguss
|-damage|p1a: Amoonguss|79/100
|
|switch|p2a: Gliscor|Gliscor, F|100/100 tox|[from]move: Volt Switch
|
|-weather|Sandstorm|[upkeep]
|-damage|p1a: Amoonguss|73/100|[from] Sandstorm
|-heal|p1a: Amoonguss|79/100|[from] item: Black Sludge
|upkeep
|turn|59
|
|switch|p2a: Rotom|Rotom-Wash|75/100 tox
|move|p1a: Amoonguss|Hidden Power|p2a: Rotom
|-resisted|p2a: Rotom
|-damage|p2a: Rotom|69/100 tox
|
|-weather|Sandstorm|[upkeep]
|-damage|p2a: Rotom|63/100 tox|[from] Sandstorm
|-damage|p1a: Amoonguss|73/100|[from] Sandstorm
|-heal|p2a: Rotom|69/100 tox|[from] item: Leftovers
|-heal|p1a: Amoonguss|79/100|[from] item: Black Sludge
|-damage|p2a: Rotom|63/100 tox|[from] psn
|upkeep
|turn|60
|
|move|p2a: Rotom|Volt Switch|p1a: Amoonguss
|-resisted|p1a: Amoonguss
|-damage|p1a: Amoonguss|69/100
|
|switch|p2a: Gliscor|Gliscor, F|100/100 tox|[from]move: Volt Switch
|move|p1a: Amoonguss|Giga Drain|p2a: Gliscor
|-damage|p2a: Gliscor|75/100 tox
|-heal|p1a: Amoonguss|80/100|[from] drain|[of] p2a: Gliscor
|
|-weather|Sandstorm|[upkeep]
|-damage|p1a: Amoonguss|74/100|[from] Sandstorm
|-heal|p1a: Amoonguss|80/100|[from] item: Black Sludge
|-heal|p2a: Gliscor|87/100 tox|[from] ability: Poison Heal
|upkeep
|turn|61
|
|move|p2a: Gliscor|Swords Dance|p2a: Gliscor
|-boost|p2a: Gliscor|atk|2
|move|p1a: Amoonguss|Hidden Power|p2a: Gliscor
|-supereffective|p2a: Gliscor
|-damage|p2a: Gliscor|18/100 tox
|
|-weather|Sandstorm|[upkeep]
|-damage|p1a: Amoonguss|74/100|[from] Sandstorm
|-heal|p1a: Amoonguss|80/100|[from] item: Black Sludge
|-heal|p2a: Gliscor|30/100 tox|[from] ability: Poison Heal
|upkeep
|turn|62
|
|switch|p1a: Tyranitar|Tyranitar, F|23/100
|-damage|p1a: Tyranitar|10/100|[from] Stealth Rock
|move|p2a: Gliscor|Earthquake|p1a: Tyranitar
|-supereffective|p1a: Tyranitar
|-damage|p1a: Tyranitar|0 fnt
|faint|p1a: Tyranitar
|
|-weather|Sandstorm|[upkeep]
|-heal|p2a: Gliscor|43/100 tox|[from] ability: Poison Heal
|upkeep
|
|switch|p1a: Alakazam|Alakazam, F|85/100
|turn|63
|
|move|p2a: Gliscor|Protect|p2a: Gliscor
|-singleturn|p2a: Gliscor|Protect
|move|p1a: Alakazam|Psychic|p2a: Gliscor
|-activate|p2a: Gliscor|move: Protect
|
|-weather|Sandstorm|[upkeep]
|-heal|p2a: Gliscor|55/100 tox|[from] ability: Poison Heal
|upkeep
|turn|64
|
|switch|p2a: Excadrill|Excadrill, F|75/100
|-ability|p2a: Excadrill|Mold Breaker
|move|p1a: Alakazam|Psychic|p2a: Excadrill
|-resisted|p2a: Excadrill
|-damage|p2a: Excadrill|55/100
|
|-weather|Sandstorm|[upkeep]
|-heal|p2a: Excadrill|61/100|[from] item: Leftovers
|upkeep
|turn|65
|
|switch|p1a: Skarmory|Skarmory, F|76/100
|-damage|p1a: Skarmory|63/100|[from] Stealth Rock
|move|p2a: Excadrill|Protect||[still]
|-fail|p2a: Excadrill
|
|-weather|Sandstorm|[upkeep]
|-heal|p2a: Excadrill|67/100|[from] item: Leftovers
|upkeep
|turn|66
|
|switch|p2a: Rotom|Rotom-Wash|63/100 tox
|move|p1a: Skarmory|Spikes|p2a: Rotom
|-sidestart|p2: pikachumeng|Spikes
|
|-weather|Sandstorm|[upkeep]
|-damage|p2a: Rotom|56/100 tox|[from] Sandstorm
|-heal|p2a: Rotom|63/100 tox|[from] item: Leftovers
|-damage|p2a: Rotom|56/100 tox|[from] psn
|upkeep
|turn|67
|
|switch|p1a: Amoonguss|Amoonguss, F|100/100
|-damage|p1a: Amoonguss|88/100|[from] Stealth Rock
|move|p2a: Rotom|Pain Split|p1a: Amoonguss
|-sethp|p1a: Amoonguss|64/100|[from] move: Pain Split|[silent]
|-sethp|p2a: Rotom|90/100 tox|[from] move: Pain Split
|
|-weather|Sandstorm|[upkeep]
|-damage|p2a: Rotom|83/100 tox|[from] Sandstorm
|-damage|p1a: Amoonguss|58/100|[from] Sandstorm
|-heal|p2a: Rotom|90/100 tox|[from] item: Leftovers
|-heal|p1a: Amoonguss|64/100|[from] item: Black Sludge
|-damage|p2a: Rotom|77/100 tox|[from] psn
|upkeep
|turn|68
|
|move|p2a: Rotom|Volt Switch|p1a: Amoonguss
|-resisted|p1a: Amoonguss
|-damage|p1a: Amoonguss|54/100
|
|switch|p2a: Excadrill|Excadrill, F|67/100|[from]move: Volt Switch
|-damage|p2a: Excadrill|55/100|[from] Spikes
|-ability|p2a: Excadrill|Mold Breaker
|move|p1a: Amoonguss|Giga Drain|p2a: Excadrill
|-damage|p2a: Excadrill|37/100
|-heal|p1a: Amoonguss|63/100|[from] drain|[of] p2a: Excadrill
|
|-weather|Sandstorm|[upkeep]
|-damage|p1a: Amoonguss|57/100|[from] Sandstorm
|-heal|p2a: Excadrill|43/100|[from] item: Leftovers
|-heal|p1a: Amoonguss|63/100|[from] item: Black Sludge
|upkeep
|turn|69
|
|switch|p1a: Skarmory|Skarmory, F|63/100
|-damage|p1a: Skarmory|51/100|[from] Stealth Rock
|move|p2a: Excadrill|Rapid Spin|p1a: Skarmory
|-resisted|p1a: Skarmory
|-damage|p1a: Skarmory|49/100
|-sideend|p2: pikachumeng|Spikes|[from] move: Rapid Spin|[of] p2a: Excadrill
|
|-weather|Sandstorm|[upkeep]
|-heal|p2a: Excadrill|49/100|[from] item: Leftovers
|upkeep
|turn|70
|
|switch|p2a: Rotom|Rotom-Wash|77/100 tox
|move|p1a: Skarmory|Roost|p1a: Skarmory
|-heal|p1a: Skarmory|99/100
|-singleturn|p1a: Skarmory|move: Roost
|
|-weather|Sandstorm|[upkeep]
|-damage|p2a: Rotom|71/100 tox|[from] Sandstorm
|-heal|p2a: Rotom|77/100 tox|[from] item: Leftovers
|-damage|p2a: Rotom|71/100 tox|[from] psn
|upkeep
|turn|71
|
|switch|p1a: Amoonguss|Amoonguss, F|96/100
|-damage|p1a: Amoonguss|84/100|[from] Stealth Rock
|move|p2a: Rotom|Will-O-Wisp|p1a: Amoonguss
|-status|p1a: Amoonguss|brn
|
|-weather|Sandstorm|[upkeep]
|-damage|p2a: Rotom|65/100 tox|[from] Sandstorm
|-damage|p1a: Amoonguss|77/100 brn|[from] Sandstorm
|-heal|p2a: Rotom|71/100 tox|[from] item: Leftovers
|-heal|p1a: Amoonguss|84/100 brn|[from] item: Black Sludge
|-damage|p2a: Rotom|58/100 tox|[from] psn
|-damage|p1a: Amoonguss|71/100 brn|[from] brn
|upkeep
|turn|72
|
|move|p2a: Rotom|Volt Switch|p1a: Amoonguss
|-resisted|p1a: Amoonguss
|-damage|p1a: Amoonguss|61/100 brn
|
|switch|p2a: Excadrill|Excadrill, F|49/100|[from]move: Volt Switch
|-ability|p2a: Excadrill|Mold Breaker
|move|p1a: Amoonguss|Giga Drain|p2a: Excadrill
|-damage|p2a: Excadrill|31/100
|-heal|p1a: Amoonguss|70/100 brn|[from] drain|[of] p2a: Excadrill
|
|-weather|Sandstorm|[upkeep]
|-damage|p1a: Amoonguss|64/100 brn|[from] Sandstorm
|-heal|p2a: Excadrill|38/100|[from] item: Leftovers
|-heal|p1a: Amoonguss|70/100 brn|[from] item: Black Sludge
|-damage|p1a: Amoonguss|58/100 brn|[from] brn
|upkeep
|turn|73
|
|switch|p2a: Gliscor|Gliscor, F|55/100 tox
|move|p1a: Amoonguss|Giga Drain|p2a: Gliscor
|-damage|p2a: Gliscor|30/100 tox
|-heal|p1a: Amoonguss|68/100 brn|[from] drain|[of] p2a: Gliscor
|
|-weather|Sandstorm|[upkeep]
|-damage|p1a: Amoonguss|62/100 brn|[from] Sandstorm
|-heal|p1a: Amoonguss|68/100 brn|[from] item: Black Sludge
|-heal|p2a: Gliscor|43/100 tox|[from] ability: Poison Heal
|-damage|p1a: Amoonguss|56/100 brn|[from] brn
|upkeep
|turn|74
|
|switch|p2a: Excadrill|Excadrill, F|38/100
|-ability|p2a: Excadrill|Mold Breaker
|switch|p1a: Skarmory|Skarmory, F|99/100
|-damage|p1a: Skarmory|86/100|[from] Stealth Rock
|
|-weather|Sandstorm|[upkeep]
|-heal|p2a: Excadrill|44/100|[from] item: Leftovers
|upkeep
|turn|75
|
|move|p2a: Excadrill|Protect|p2a: Excadrill
|-singleturn|p2a: Excadrill|Protect
|move|p1a: Skarmory|Spikes|p2a: Excadrill
|-sidestart|p2: pikachumeng|Spikes
|
|-weather|Sandstorm|[upkeep]
|-heal|p2a: Excadrill|50/100|[from] item: Leftovers
|upkeep
|turn|76
|
|switch|p1a: Heatran|Heatran, M|78/100
|-damage|p1a: Heatran|66/100|[from] Stealth Rock
|move|p2a: Excadrill|Rapid Spin|p1a: Heatran
|-resisted|p1a: Heatran
|-damage|p1a: Heatran|63/100
|-sideend|p2: pikachumeng|Spikes|[from] move: Rapid Spin|[of] p2a: Excadrill
|
|-weather|Sandstorm|[upkeep]
|-heal|p2a: Excadrill|56/100|[from] item: Leftovers
|-heal|p1a: Heatran|70/100|[from] item: Leftovers
|upkeep
|turn|77
|
|move|p2a: Excadrill|Earthquake|p1a: Heatran
|-supereffective|p1a: Heatran
|-damage|p1a: Heatran|0 fnt
|faint|p1a: Heatran
|
|-weather|Sandstorm|[upkeep]
|-heal|p2a: Excadrill|62/100|[from] item: Leftovers
|upkeep
|
|switch|p1a: Alakazam|Alakazam, F|85/100
|turn|78
|
|move|p2a: Excadrill|Protect|p2a: Excadrill
|-singleturn|p2a: Excadrill|Protect
|move|p1a: Alakazam|Focus Blast|p2a: Excadrill
|-activate|p2a: Excadrill|move: Protect
|
|-weather|Sandstorm|[upkeep]
|-heal|p2a: Excadrill|68/100|[from] item: Leftovers
|upkeep
|turn|79
|
|move|p1a: Alakazam|Focus Blast|p2a: Excadrill
|-supereffective|p2a: Excadrill
|-damage|p2a: Excadrill|3/100
|move|p2a: Excadrill|Earthquake|p1a: Alakazam
|-damage|p1a: Alakazam|0 fnt
|faint|p1a: Alakazam
|
|-weather|Sandstorm|[upkeep]
|-heal|p2a: Excadrill|9/100|[from] item: Leftovers
|upkeep
|
|switch|p1a: Amoonguss|Amoonguss, F|89/100 brn
|-damage|p1a: Amoonguss|76/100 brn|[from] Stealth Rock
|turn|80
|
|move|p2a: Excadrill|Protect|p2a: Excadrill
|-singleturn|p2a: Excadrill|Protect
|move|p1a: Amoonguss|Giga Drain|p2a: Excadrill
|-activate|p2a: Excadrill|move: Protect
|
|-weather|Sandstorm|[upkeep]
|-damage|p1a: Amoonguss|70/100 brn|[from] Sandstorm
|-heal|p2a: Excadrill|15/100|[from] item: Leftovers
|-heal|p1a: Amoonguss|76/100 brn|[from] item: Black Sludge
|-damage|p1a: Amoonguss|64/100 brn|[from] brn
|upkeep
|turn|81
|
|move|p2a: Excadrill|Earthquake|p1a: Amoonguss
|-damage|p1a: Amoonguss|24/100 brn
|move|p1a: Amoonguss|Hidden Power|p2a: Excadrill
|-damage|p2a: Excadrill|5/100
|
|-weather|Sandstorm|[upkeep]
|-damage|p1a: Amoonguss|18/100 brn|[from] Sandstorm
|-heal|p2a: Excadrill|11/100|[from] item: Leftovers
|-heal|p1a: Amoonguss|24/100 brn|[from] item: Black Sludge
|-damage|p1a: Amoonguss|12/100 brn|[from] brn
|upkeep
|turn|82
|-message|epic circus forfeited.
|
|win|pikachumeng
|l|☆epic circus
|raw|epic circus's rating: 1469 &rarr; <strong>1452</strong><br />(-17 for losing)
|raw|pikachumeng's rating: 1530 &rarr; <strong>1547</strong><br />(+17 for winning)
