|j|☆beeg vape
|j|☆HydreigonSpammer
|t:|1736054654
|gametype|singles
|player|p1|beeg vape|burglar|1378
|player|p2|HydreigonSpammer|iris|1332
|teamsize|p1|6
|teamsize|p2|6
|gen|5
|tier|[Gen 5] OU
|rated|
|rule|Species Clause: Limit one of each Pokémon
|rule|OHKO Clause: OHKO moves are banned
|rule|Moody Clause: Moody is banned
|rule|Evasion Items Clause: Evasion items are banned
|rule|Evasion Moves Clause: Evasion moves are banned
|rule|Endless Battle Clause: Forcing endless battles is banned
|rule|HP Percentage Mod: HP is shown in percentages
|rule|Evasion Abilities Clause: Evasion abilities are banned
|rule|Sleep Moves Clause: Sleep-inducing moves are banned
|rule|Swagger Clause: Swagger is banned
|rule|Baton Pass Stat Clause: No Baton Passer may have a way to boost its stats
|clearpoke
|poke|p1|Shedinja|item
|poke|p1|Chansey, F|item
|poke|p1|Gliscor, F|item
|poke|p1|Politoed, M|item
|poke|p1|Forretress, F|item
|poke|p1|Xatu, F|item
|poke|p2|Machamp, M|item
|poke|p2|Tyranitar, M|item
|poke|p2|Latios, M|item
|poke|p2|Cofagrigus, M|item
|poke|p2|Heatran, M|item
|poke|p2|Scolipede, M|item
|teampreview
|inactive|Battle timer is ON: inactive players will automatically lose when time's up. (requested by beeg vape)
|
|t:|1736054668
|start
|switch|p1a: Gliscor|Gliscor, F|100/100
|switch|p2a: DPP OU|Machamp, M, shiny|100/100
|turn|1
|
|t:|1736054676
|switch|p1a: Shedinja|Shedinja|100/100
|move|p2a: DPP OU|Ice Punch|p1a: Shedinja
|-immune|p1a: Shedinja|[from] ability: Wonder Guard
|
|upkeep
|turn|2
|
|t:|1736054681
|switch|p2a: LatiosISEZ|Tyranitar, M|100/100
|-weather|Sandstorm|[from] ability: Sand Stream|[of] p2a: LatiosISEZ
|switch|p1a: Gliscor|Gliscor, F|100/100
|
|-weather|Sandstorm|[upkeep]
|-status|p1a: Gliscor|tox|[from] item: Toxic Orb
|upkeep
|turn|3
|
|t:|1736054690
|switch|p2a: I can fly|Heatran, M|100/100
|-item|p2a: I can fly|Air Balloon
|move|p1a: Gliscor|Stealth Rock|p2a: I can fly
|-sidestart|p2: HydreigonSpammer|move: Stealth Rock
|
|-weather|Sandstorm|[upkeep]
|upkeep
|turn|4
|
|t:|1736054696
|move|p2a: I can fly|Flamethrower|p1a: Gliscor
|-crit|p1a: Gliscor
|-damage|p1a: Gliscor|8/100 tox
|move|p1a: Gliscor|Knock Off|p2a: I can fly
|-resisted|p2a: I can fly
|-damage|p2a: I can fly|98/100
|-enditem|p2a: I can fly|Air Balloon
|
|-weather|Sandstorm|[upkeep]
|-heal|p1a: Gliscor|21/100 tox|[from] ability: Poison Heal
|upkeep
|turn|5
|j| estrogen fiend
|
|t:|1736054702
|switch|p1a: Politoed|Politoed, M|100/100
|-weather|RainDance|[from] ability: Drizzle|[of] p1a: Politoed
|move|p2a: I can fly|Flamethrower|p1a: Politoed
|-resisted|p1a: Politoed
|-damage|p1a: Politoed|90/100
|
|-weather|RainDance|[upkeep]
|-heal|p1a: Politoed|96/100|[from] item: Leftovers
|upkeep
|turn|6
|
|t:|1736054731
|move|p2a: I can fly|Stealth Rock|p1a: Politoed
|-sidestart|p1: beeg vape|move: Stealth Rock
|move|p1a: Politoed|Scald|p2a: I can fly
|-supereffective|p2a: I can fly
|-damage|p2a: I can fly|20/100
|
|-weather|RainDance|[upkeep]
|-heal|p1a: Politoed|100/100|[from] item: Leftovers
|upkeep
|turn|7
|
|t:|1736054741
|switch|p2a: NotHydreigon|Latios, M, shiny|100/100
|-damage|p2a: NotHydreigon|88/100|[from] Stealth Rock
|move|p1a: Politoed|Scald|p2a: NotHydreigon
|-resisted|p2a: NotHydreigon
|-damage|p2a: NotHydreigon|69/100
|
|-weather|RainDance|[upkeep]
|upkeep
|turn|8
|
|t:|1736054751
|switch|p1a: Gliscor|Gliscor, F|21/100 tox
|-damage|p1a: Gliscor|8/100 tox|[from] Stealth Rock
|move|p2a: NotHydreigon|Draco Meteor|p1a: Gliscor
|-damage|p1a: Gliscor|0 fnt
|-unboost|p2a: NotHydreigon|spa|2
|faint|p1a: Gliscor
|
|-weather|RainDance|[upkeep]
|upkeep
|
|t:|1736054757
|switch|p1a: Forretress|Forretress, F|100/100
|-damage|p1a: Forretress|88/100|[from] Stealth Rock
|turn|9
|
|t:|1736054760
|switch|p2a: Wednesday|Cofagrigus, M, shiny|100/100
|-damage|p2a: Wednesday|88/100|[from] Stealth Rock
|move|p1a: Forretress|Rapid Spin|p2a: Wednesday
|-immune|p2a: Wednesday
|
|-weather|RainDance|[upkeep]
|-heal|p1a: Forretress|94/100|[from] item: Leftovers
|-heal|p2a: Wednesday|94/100|[from] item: Leftovers
|upkeep
|turn|10
|
|t:|1736054764
|switch|p1a: Xatu|Xatu, F|100/100
|-damage|p1a: Xatu|76/100|[from] Stealth Rock
|move|p2a: Wednesday|Knock Off|p1a: Xatu
|-supereffective|p1a: Xatu
|-crit|p1a: Xatu
|-damage|p1a: Xatu|65/100
|-damage|p2a: Wednesday|78/100|[from] item: Rocky Helmet|[of] p1a: Xatu
|-enditem|p1a: Xatu|Rocky Helmet|[from] move: Knock Off|[of] p2a: Wednesday
|
|-weather|RainDance|[upkeep]
|-heal|p2a: Wednesday|84/100|[from] item: Leftovers
|upkeep
|turn|11
|
|t:|1736054775
|move|p1a: Xatu|Thunder Wave|p2a: Wednesday
|-status|p2a: Wednesday|par
|cant|p2a: Wednesday|par
|
|-weather|RainDance|[upkeep]
|-heal|p2a: Wednesday|90/100 par|[from] item: Leftovers
|upkeep
|turn|12
|
|t:|1736054781
|move|p1a: Xatu|Roost|p1a: Xatu
|-heal|p1a: Xatu|100/100
|-singleturn|p1a: Xatu|move: Roost
|move|p2a: Wednesday|Shadow Ball|p1a: Xatu
|-supereffective|p1a: Xatu
|-damage|p1a: Xatu|24/100
|
|-weather|RainDance|[upkeep]
|-heal|p2a: Wednesday|95/100 par|[from] item: Leftovers
|upkeep
|turn|13
|
|t:|1736054789
|move|p1a: Xatu|U-turn|p2a: Wednesday
|-resisted|p2a: Wednesday
|-damage|p2a: Wednesday|91/100 par
|-activate|p2a: Wednesday|ability: Mummy|Magic Bounce|[of] p1a: Xatu
|
|t:|1736054792
|switch|p1a: Politoed|Politoed, M|100/100|[from] U-turn
|-damage|p1a: Politoed|88/100|[from] Stealth Rock
|move|p2a: Wednesday|Shadow Ball|p1a: Politoed
|-damage|p1a: Politoed|64/100
|
|-weather|RainDance|[upkeep]
|-heal|p1a: Politoed|70/100|[from] item: Leftovers
|-heal|p2a: Wednesday|97/100 par|[from] item: Leftovers
|upkeep
|turn|14
|
|t:|1736054803
|switch|p2a: I can fly|Heatran, M|20/100
|-damage|p2a: I can fly|8/100|[from] Stealth Rock
|move|p1a: Politoed|Scald|p2a: I can fly
|-supereffective|p2a: I can fly
|-damage|p2a: I can fly|0 fnt
|faint|p2a: I can fly
|
|-weather|RainDance|[upkeep]
|-heal|p1a: Politoed|76/100|[from] item: Leftovers
|upkeep
|
|t:|1736054806
|switch|p2a: DPP OU|Machamp, M, shiny|100/100
|-damage|p2a: DPP OU|94/100|[from] Stealth Rock
|turn|15
|
|t:|1736054810
|switch|p1a: Forretress|Forretress, F|94/100
|-damage|p1a: Forretress|82/100|[from] Stealth Rock
|move|p2a: DPP OU|Dynamic Punch|p1a: Forretress
|-damage|p1a: Forretress|53/100
|-start|p1a: Forretress|confusion
|
|-weather|RainDance|[upkeep]
|-heal|p1a: Forretress|59/100|[from] item: Leftovers
|upkeep
|turn|16
|
|t:|1736054813
|switch|p2a: Wednesday|Cofagrigus, M, shiny|97/100 par
|-damage|p2a: Wednesday|85/100 par|[from] Stealth Rock
|-activate|p1a: Forretress|confusion
|move|p1a: Forretress|Spikes|p2a: Wednesday
|-sidestart|p2: HydreigonSpammer|Spikes
|
|-weather|RainDance|[upkeep]
|-heal|p1a: Forretress|65/100|[from] item: Leftovers
|-heal|p2a: Wednesday|91/100 par|[from] item: Leftovers
|upkeep
|turn|17
|
|t:|1736054830
|switch|p1a: Politoed|Politoed, M|76/100
|-damage|p1a: Politoed|64/100|[from] Stealth Rock
|cant|p2a: Wednesday|par
|
|-weather|RainDance|[upkeep]
|-heal|p1a: Politoed|70/100|[from] item: Leftovers
|-heal|p2a: Wednesday|97/100 par|[from] item: Leftovers
|upkeep
|turn|18
|
|t:|1736054844
|switch|p2a: NotHydreigon|Latios, M, shiny|69/100
|-damage|p2a: NotHydreigon|57/100|[from] Stealth Rock
|move|p1a: Politoed|Scald|p2a: NotHydreigon
|-resisted|p2a: NotHydreigon
|-damage|p2a: NotHydreigon|37/100
|
|-weather|RainDance|[upkeep]
|-heal|p1a: Politoed|76/100|[from] item: Leftovers
|upkeep
|turn|19
|
|t:|1736054851
|switch|p1a: Xatu|Xatu, F|24/100
|-damage|p1a: Xatu|0 fnt|[from] Stealth Rock
|faint|p1a: Xatu
|move|p2a: NotHydreigon|Psyshock|p1: Xatu|[notarget]
|-fail|p2a: NotHydreigon
|
|-weather|RainDance|[upkeep]
|upkeep
|
|t:|1736054857
|switch|p1a: Forretress|Forretress, F|65/100
|-damage|p1a: Forretress|53/100|[from] Stealth Rock
|turn|20
|
|t:|1736054874
|move|p2a: NotHydreigon|Hidden Power|p1a: Forretress
|-supereffective|p1a: Forretress
|-damage|p1a: Forretress|0 fnt
|faint|p1a: Forretress
|
|-weather|RainDance|[upkeep]
|upkeep
|
|t:|1736054878
|switch|p1a: Chansey|Chansey, F|100/100
|-damage|p1a: Chansey|88/100|[from] Stealth Rock
|turn|21
|
|t:|1736054886
|switch|p2a: LatiosISEZ|Tyranitar, M|100/100
|-damage|p2a: LatiosISEZ|88/100|[from] Stealth Rock
|-damage|p2a: LatiosISEZ|76/100|[from] Spikes
|-weather|Sandstorm|[from] ability: Sand Stream|[of] p2a: LatiosISEZ
|move|p1a: Chansey|Seismic Toss|p2a: LatiosISEZ
|-damage|p2a: LatiosISEZ|51/100
|
|-weather|Sandstorm|[upkeep]
|-damage|p1a: Chansey|82/100|[from] Sandstorm
|upkeep
|turn|22
|
|t:|1736054891
|switch|p1a: Politoed|Politoed, M|76/100
|-damage|p1a: Politoed|64/100|[from] Stealth Rock
|-weather|RainDance|[from] ability: Drizzle|[of] p1a: Politoed
|move|p2a: LatiosISEZ|Crunch|p1a: Politoed
|-crit|p1a: Politoed
|-damage|p1a: Politoed|0 fnt
|faint|p1a: Politoed
|
|-weather|RainDance|[upkeep]
|upkeep
|
|t:|1736054895
|switch|p1a: Chansey|Chansey, F|82/100
|-damage|p1a: Chansey|70/100|[from] Stealth Rock
|turn|23
|-message|beeg vape forfeited.
|
|win|HydreigonSpammer
|raw|beeg vape's rating: 1378 &rarr; <strong>1355</strong><br />(-23 for losing)
|raw|HydreigonSpammer's rating: 1332 &rarr; <strong>1355</strong><br />(+23 for winning)
|l|☆beeg vape
|player|p1|
