|j|‽Miltank321
|j|☆taco consumer
|t:|1732306998
|gametype|singles
|player|p1|Miltank321|juan|1371
|player|p2|taco consumer|whitney|1310
|teamsize|p1|6
|teamsize|p2|6
|gen|5
|tier|[Gen 5] OU
|rated|
|rule|Species Clause: Limit one of each Pokémon
|rule|OHKO Clause: OHKO moves are banned
|rule|Moody Clause: Moody is banned
|rule|Evasion Items Clause: Evasion items are banned
|rule|Evasion Moves Clause: Evasion moves are banned
|rule|Endless Battle Clause: Forcing endless battles is banned
|rule|HP Percentage Mod: HP is shown in percentages
|rule|Evasion Abilities Clause: Evasion abilities are banned
|rule|Sleep Moves Clause: Sleep-inducing moves are banned
|rule|Swagger Clause: Swagger is banned
|rule|Baton Pass Stat Clause: No Baton Passer may have a way to boost its stats
|clearpoke
|poke|p1|Mamoswine, F|item
|poke|p1|Weavile, F|item
|poke|p1|Breloom, M|item
|poke|p1|Salamence, F|item
|poke|p1|Garchomp, F|item
|poke|p1|Starmie|item
|poke|p2|Tyranitar, M|item
|poke|p2|Mamoswine, M|item
|poke|p2|Keldeo|item
|poke|p2|Amoonguss, M|item
|poke|p2|Gliscor, F|item
|poke|p2|Excadrill, F|item
|teampreview
|inactive|Battle timer is ON: inactive players will automatically lose when time's up. (requested by Miltank321)
|inactive|taco consumer has 120 seconds left.
|
|t:|1732307034
|start
|switch|p1a: Garchomp|Garchomp, F, shiny|100/100
|switch|p2a: Amoonguss|Amoonguss, M|100/100
|turn|1
|
|t:|1732307043
|move|p1a: Garchomp|Stealth Rock|p2a: Amoonguss
|-sidestart|p2: taco consumer|move: Stealth Rock
|move|p2a: Amoonguss|Stun Spore|p1a: Garchomp|[miss]
|-miss|p2a: Amoonguss|p1a: Garchomp
|
|upkeep
|turn|2
|
|t:|1732307051
|move|p1a: Garchomp|Fire Blast|p2a: Amoonguss
|-supereffective|p2a: Amoonguss
|-damage|p2a: Amoonguss|42/100
|-damage|p1a: Garchomp|91/100|[from] item: Life Orb
|move|p2a: Amoonguss|Stun Spore|p1a: Garchomp
|-status|p1a: Garchomp|par
|
|-heal|p2a: Amoonguss|48/100|[from] item: Black Sludge
|upkeep
|turn|3
|
|t:|1732307065
|switch|p2a: Gliscor|Gliscor, F|100/100
|-damage|p2a: Gliscor|88/100|[from] Stealth Rock
|cant|p1a: Garchomp|par
|
|-status|p2a: Gliscor|tox|[from] item: Toxic Orb
|upkeep
|turn|4
|
|t:|1732307080
|move|p2a: Gliscor|Stealth Rock|p1a: Garchomp
|-sidestart|p1: Miltank321|move: Stealth Rock
|move|p1a: Garchomp|Draco Meteor|p2a: Gliscor
|-damage|p2a: Gliscor|27/100 tox
|-unboost|p1a: Garchomp|spa|2
|-damage|p1a: Garchomp|81/100 par|[from] item: Life Orb
|
|-heal|p2a: Gliscor|40/100 tox|[from] ability: Poison Heal
|upkeep
|turn|5
|
|t:|1732307093
|move|p2a: Gliscor|Protect|p2a: Gliscor
|-singleturn|p2a: Gliscor|Protect
|move|p1a: Garchomp|Earthquake|p2a: Gliscor
|-immune|p2a: Gliscor
|
|-heal|p2a: Gliscor|52/100 tox|[from] ability: Poison Heal
|upkeep
|turn|6
|
|t:|1732307102
|switch|p1a: Starmie|Starmie, shiny|100/100
|-damage|p1a: Starmie|88/100|[from] Stealth Rock
|move|p2a: Gliscor|Earthquake|p1a: Starmie
|-damage|p1a: Starmie|41/100
|
|-heal|p2a: Gliscor|65/100 tox|[from] ability: Poison Heal
|upkeep
|turn|7
|
|t:|1732307115
|switch|p2a: Tyranitar|Tyranitar, M|100/100
|-damage|p2a: Tyranitar|88/100|[from] Stealth Rock
|-weather|Sandstorm|[from] ability: Sand Stream|[of] p2a: Tyranitar
|move|p1a: Starmie|Ice Beam|p2a: Tyranitar
|-damage|p2a: Tyranitar|70/100
|-status|p2a: Tyranitar|frz
|
|-weather|Sandstorm|[upkeep]
|-damage|p1a: Starmie|35/100|[from] Sandstorm
|upkeep
|turn|8
|
|t:|1732307127
|switch|p2a: Amoonguss|Amoonguss, M|82/100
|-damage|p2a: Amoonguss|69/100|[from] Stealth Rock
|move|p1a: Starmie|Rapid Spin|p2a: Amoonguss
|-damage|p2a: Amoonguss|66/100
|-sideend|p1: Miltank321|Stealth Rock|[from] move: Rapid Spin|[of] p1a: Starmie
|
|-weather|Sandstorm|[upkeep]
|-damage|p1a: Starmie|28/100|[from] Sandstorm
|-damage|p2a: Amoonguss|59/100|[from] Sandstorm
|-heal|p2a: Amoonguss|66/100|[from] item: Black Sludge
|upkeep
|turn|9
|
|t:|1732307152
|switch|p1a: Garchomp|Garchomp, F, shiny|81/100 par
|switch|p2a: Mamoswine|Mamoswine, M|100/100
|-damage|p2a: Mamoswine|88/100|[from] Stealth Rock
|
|-weather|Sandstorm|[upkeep]
|upkeep
|turn|10
|
|t:|1732307161
|switch|p1a: Weavile|Weavile, F, shiny|100/100
|-ability|p1a: Weavile|Pressure
|move|p2a: Mamoswine|Icicle Crash|p1a: Weavile
|-resisted|p1a: Weavile
|-damage|p1a: Weavile|40/100
|
|-weather|Sandstorm|[upkeep]
|-damage|p1a: Weavile|34/100|[from] Sandstorm
|upkeep
|turn|11
|inactive|taco consumer has 120 seconds left.
|
|t:|1732307188
|switch|p2a: Keldeo|Keldeo|100/100
|-damage|p2a: Keldeo|94/100|[from] Stealth Rock
|move|p1a: Weavile|Beat Up|p2a: Keldeo
|-resisted|p2a: Keldeo
|-damage|p2a: Keldeo|87/100
|-ability|p2a: Keldeo|Justified|boost
|-boost|p2a: Keldeo|atk|1
|-resisted|p2a: Keldeo
|-crit|p2a: Keldeo
|-damage|p2a: Keldeo|73/100
|-ability|p2a: Keldeo|Justified|boost
|-boost|p2a: Keldeo|atk|1
|-resisted|p2a: Keldeo
|-damage|p2a: Keldeo|65/100
|-ability|p2a: Keldeo|Justified|boost
|-boost|p2a: Keldeo|atk|1
|-resisted|p2a: Keldeo
|-damage|p2a: Keldeo|57/100
|-ability|p2a: Keldeo|Justified|boost
|-boost|p2a: Keldeo|atk|1
|-resisted|p2a: Keldeo
|-damage|p2a: Keldeo|52/100
|-ability|p2a: Keldeo|Justified|boost
|-boost|p2a: Keldeo|atk|1
|-hitcount|p2a: Keldeo|5
|
|-weather|Sandstorm|[upkeep]
|-damage|p1a: Weavile|28/100|[from] Sandstorm
|-damage|p2a: Keldeo|46/100|[from] Sandstorm
|-heal|p2a: Keldeo|52/100|[from] item: Leftovers
|upkeep
|turn|12
|inactive|taco consumer has 120 seconds left.
|
|t:|1732307215
|move|p1a: Weavile|Beat Up|p2a: Keldeo
|-resisted|p2a: Keldeo
|-damage|p2a: Keldeo|44/100
|-ability|p2a: Keldeo|Justified|boost
|-boost|p2a: Keldeo|atk|1
|-resisted|p2a: Keldeo
|-damage|p2a: Keldeo|37/100
|-resisted|p2a: Keldeo
|-damage|p2a: Keldeo|29/100
|-resisted|p2a: Keldeo
|-damage|p2a: Keldeo|21/100
|-resisted|p2a: Keldeo
|-damage|p2a: Keldeo|15/100
|-hitcount|p2a: Keldeo|5
|move|p2a: Keldeo|Scald|p1a: Weavile
|-damage|p1a: Weavile|0 fnt
|faint|p1a: Weavile
|
|-weather|Sandstorm|[upkeep]
|-damage|p2a: Keldeo|9/100|[from] Sandstorm
|-heal|p2a: Keldeo|15/100|[from] item: Leftovers
|upkeep
|inactive|Miltank321 has 120 seconds left.
|
|t:|1732307233
|switch|p1a: Salamence|Salamence, F, shiny|100/100
|turn|13
|
|t:|1732307238
|switch|p2a: Excadrill|Excadrill, F|100/100
|-damage|p2a: Excadrill|97/100|[from] Stealth Rock
|move|p1a: Salamence|Outrage|p2a: Excadrill
|-resisted|p2a: Excadrill
|-damage|p2a: Excadrill|60/100
|
|-weather|Sandstorm|[upkeep]
|-damage|p1a: Salamence|94/100|[from] Sandstorm
|-heal|p2a: Excadrill|66/100|[from] item: Leftovers
|upkeep
|turn|14
|
|t:|1732307250
|move|p2a: Excadrill|Protect|p2a: Excadrill
|-singleturn|p2a: Excadrill|Protect
|move|p1a: Salamence|Outrage|p2a: Excadrill|[from]lockedmove
|-activate|p2a: Excadrill|move: Protect
|
|-weather|Sandstorm|[upkeep]
|-damage|p1a: Salamence|88/100|[from] Sandstorm
|-heal|p2a: Excadrill|72/100|[from] item: Leftovers
|upkeep
|turn|15
|
|t:|1732307261
|move|p1a: Salamence|Outrage|p2a: Excadrill
|-resisted|p2a: Excadrill
|-damage|p2a: Excadrill|30/100
|move|p2a: Excadrill|Rapid Spin|p1a: Salamence
|-damage|p1a: Salamence|81/100
|-sideend|p2: taco consumer|Stealth Rock|[from] move: Rapid Spin|[of] p2a: Excadrill
|
|-weather|Sandstorm|[upkeep]
|-damage|p1a: Salamence|75/100|[from] Sandstorm
|-heal|p2a: Excadrill|36/100|[from] item: Leftovers
|upkeep
|turn|16
|inactive|Miltank321 has 120 seconds left.
|
|t:|1732307281
|move|p2a: Excadrill|Protect|p2a: Excadrill
|-singleturn|p2a: Excadrill|Protect
|move|p1a: Salamence|Outrage|p2a: Excadrill|[from]lockedmove
|-activate|p2a: Excadrill|move: Protect
|-start|p1a: Salamence|confusion|[fatigue]
|
|-weather|Sandstorm|[upkeep]
|-damage|p1a: Salamence|69/100|[from] Sandstorm
|-heal|p2a: Excadrill|42/100|[from] item: Leftovers
|upkeep
|turn|17
|inactive|Miltank321 has 120 seconds left.
|
|t:|1732307292
|switch|p1a: Garchomp|Garchomp, F, shiny|81/100 par
|move|p2a: Excadrill|Iron Head|p1a: Garchomp
|-damage|p1a: Garchomp|32/100 par
|-damage|p2a: Excadrill|29/100|[from] ability: Rough Skin|[of] p1a: Garchomp
|
|-weather|Sandstorm|[upkeep]
|-heal|p2a: Excadrill|35/100|[from] item: Leftovers
|upkeep
|turn|18
|inactive|Miltank321 has 120 seconds left.
|
|t:|1732307303
|switch|p1a: Breloom|Breloom, M, shiny|100/100
|move|p2a: Excadrill|Iron Head|p1a: Breloom
|-damage|p1a: Breloom|29/100
|
|-weather|Sandstorm|[upkeep]
|-damage|p1a: Breloom|23/100|[from] Sandstorm
|-heal|p2a: Excadrill|41/100|[from] item: Leftovers
|upkeep
|turn|19
|inactive|Miltank321 has 120 seconds left.
|
|t:|1732307313
|move|p2a: Excadrill|Protect|p2a: Excadrill
|-singleturn|p2a: Excadrill|Protect
|move|p1a: Breloom|Drain Punch|p2a: Excadrill
|-activate|p2a: Excadrill|move: Protect
|
|-weather|Sandstorm|[upkeep]
|-damage|p1a: Breloom|17/100|[from] Sandstorm
|-heal|p2a: Excadrill|47/100|[from] item: Leftovers
|upkeep
|turn|20
|
|t:|1732307323
|switch|p2a: Amoonguss|Amoonguss, M|99/100
|move|p1a: Breloom|Mach Punch|p2a: Amoonguss
|-resisted|p2a: Amoonguss
|-damage|p2a: Amoonguss|77/100
|-damage|p1a: Breloom|7/100|[from] item: Life Orb
|
|-weather|Sandstorm|[upkeep]
|-damage|p1a: Breloom|0 fnt|[from] Sandstorm
|-damage|p2a: Amoonguss|71/100|[from] Sandstorm
|faint|p1a: Breloom
|-heal|p2a: Amoonguss|77/100|[from] item: Black Sludge
|upkeep
|inactive|Miltank321 has 120 seconds left.
|
|t:|1732307337
|switch|p1a: Mamoswine|Mamoswine, F, shiny|100/100
|turn|21
|
|t:|1732307346
|switch|p2a: Tyranitar|Tyranitar, M|70/100 frz
|move|p1a: Mamoswine|Icicle Crash|p2a: Tyranitar
|-damage|p2a: Tyranitar|23/100 frz
|
|-weather|Sandstorm|[upkeep]
|upkeep
|turn|22
|
|t:|1732307357
|move|p1a: Mamoswine|Earthquake|p2a: Tyranitar
|-supereffective|p2a: Tyranitar
|-damage|p2a: Tyranitar|0 fnt
|faint|p2a: Tyranitar
|
|-weather|Sandstorm|[upkeep]
|upkeep
|
|t:|1732307372
|switch|p2a: Keldeo|Keldeo|15/100
|turn|23
|
|t:|1732307377
|switch|p1a: Garchomp|Garchomp, F, shiny|32/100 par
|move|p2a: Keldeo|Scald|p1a: Garchomp
|-damage|p1a: Garchomp|0 fnt
|faint|p1a: Garchomp
|
|-weather|Sandstorm|[upkeep]
|-damage|p2a: Keldeo|9/100|[from] Sandstorm
|-heal|p2a: Keldeo|15/100|[from] item: Leftovers
|upkeep
|
|t:|1732307389
|switch|p1a: Starmie|Starmie, shiny|28/100
|turn|24
|inactive|taco consumer has 120 seconds left.
|
|t:|1732307420
|switch|p2a: Amoonguss|Amoonguss, M|100/100
|move|p1a: Starmie|Ice Beam|p2a: Amoonguss
|-supereffective|p2a: Amoonguss
|-damage|p2a: Amoonguss|41/100
|-status|p2a: Amoonguss|frz
|
|-weather|Sandstorm|[upkeep]
|-damage|p1a: Starmie|22/100|[from] Sandstorm
|-damage|p2a: Amoonguss|35/100 frz|[from] Sandstorm
|-heal|p2a: Amoonguss|41/100 frz|[from] item: Black Sludge
|upkeep
|turn|25
|
|t:|1732307431
|move|p1a: Starmie|Ice Beam|p2a: Amoonguss
|-supereffective|p2a: Amoonguss
|-damage|p2a: Amoonguss|0 fnt
|faint|p2a: Amoonguss
|
|-weather|Sandstorm|[upkeep]
|-damage|p1a: Starmie|16/100|[from] Sandstorm
|upkeep
|inactive|taco consumer has 120 seconds left.
|
|t:|1732307442
|switch|p2a: Mamoswine|Mamoswine, M|88/100
|turn|26
|
|t:|1732307452
|move|p2a: Mamoswine|Ice Shard|p1a: Starmie
|-resisted|p1a: Starmie
|-damage|p1a: Starmie|0 fnt
|faint|p1a: Starmie
|
|-weather|Sandstorm|[upkeep]
|upkeep
|
|t:|1732307459
|switch|p1a: Mamoswine|Mamoswine, F, shiny|100/100
|turn|27
|
|t:|1732307467
|switch|p2a: Gliscor|Gliscor, F|65/100 tox
|move|p1a: Mamoswine|Superpower|p2a: Gliscor
|-resisted|p2a: Gliscor
|-damage|p2a: Gliscor|48/100 tox
|-unboost|p1a: Mamoswine|atk|1
|-unboost|p1a: Mamoswine|def|1
|
|-weather|Sandstorm|[upkeep]
|-heal|p2a: Gliscor|60/100 tox|[from] ability: Poison Heal
|upkeep
|turn|28
|
|t:|1732307484
|switch|p1a: Salamence|Salamence, F, shiny|69/100
|move|p2a: Gliscor|Earthquake|p1a: Salamence
|-immune|p1a: Salamence
|
|-weather|Sandstorm|[upkeep]
|-damage|p1a: Salamence|63/100|[from] Sandstorm
|-heal|p2a: Gliscor|73/100 tox|[from] ability: Poison Heal
|upkeep
|turn|29
|
|t:|1732307500
|move|p2a: Gliscor|Protect|p2a: Gliscor
|-singleturn|p2a: Gliscor|Protect
|move|p1a: Salamence|Fire Blast|p2a: Gliscor
|-activate|p2a: Gliscor|move: Protect
|
|-weather|Sandstorm|[upkeep]
|-damage|p1a: Salamence|57/100|[from] Sandstorm
|-heal|p2a: Gliscor|85/100 tox|[from] ability: Poison Heal
|upkeep
|turn|30
|
|t:|1732307511
|switch|p1a: Mamoswine|Mamoswine, F, shiny|100/100
|move|p2a: Gliscor|U-turn|p1a: Mamoswine
|-damage|p1a: Mamoswine|84/100
|
|t:|1732307522
|switch|p2a: Excadrill|Excadrill, F|47/100|[from] U-turn
|
|-weather|Sandstorm|[upkeep]
|-heal|p2a: Excadrill|54/100|[from] item: Leftovers
|upkeep
|turn|31
|
|t:|1732307530
|switch|p1a: Salamence|Salamence, F, shiny|57/100
|move|p2a: Excadrill|Iron Head|p1a: Salamence
|-damage|p1a: Salamence|0 fnt
|faint|p1a: Salamence
|
|-weather|Sandstorm|[upkeep]
|-heal|p2a: Excadrill|60/100|[from] item: Leftovers
|upkeep
|
|t:|1732307540
|switch|p1a: Mamoswine|Mamoswine, F, shiny|84/100
|turn|32
|
|t:|1732307543
|move|p2a: Excadrill|Protect|p2a: Excadrill
|-singleturn|p2a: Excadrill|Protect
|move|p1a: Mamoswine|Earthquake|p2a: Excadrill
|-activate|p2a: Excadrill|move: Protect
|
|-weather|Sandstorm|[upkeep]
|-heal|p2a: Excadrill|66/100|[from] item: Leftovers
|upkeep
|turn|33
|
|t:|1732307552
|switch|p2a: Gliscor|Gliscor, F|85/100 tox
|move|p1a: Mamoswine|Icicle Crash|p2a: Gliscor
|-supereffective|p2a: Gliscor
|-damage|p2a: Gliscor|0 fnt
|faint|p2a: Gliscor
|
|-weather|Sandstorm|[upkeep]
|upkeep
|
|t:|1732307560
|switch|p2a: Excadrill|Excadrill, F|66/100
|turn|34
|
|t:|1732307564
|move|p2a: Excadrill|Protect|p2a: Excadrill
|-singleturn|p2a: Excadrill|Protect
|move|p1a: Mamoswine|Ice Shard|p2a: Excadrill
|-activate|p2a: Excadrill|move: Protect
|
|-weather|Sandstorm|[upkeep]
|-heal|p2a: Excadrill|72/100|[from] item: Leftovers
|upkeep
|turn|35
|
|t:|1732307573
|move|p1a: Mamoswine|Ice Shard|p2a: Excadrill
|-damage|p2a: Excadrill|39/100
|move|p2a: Excadrill|Iron Head|p1a: Mamoswine
|-supereffective|p1a: Mamoswine
|-damage|p1a: Mamoswine|0 fnt
|faint|p1a: Mamoswine
|
|win|taco consumer
|raw|Miltank321's rating: 1371 &rarr; <strong>1348</strong><br />(-23 for losing)
|raw|taco consumer's rating: 1310 &rarr; <strong>1333</strong><br />(+23 for winning)
|c|☆taco consumer|gg
