|j|☆Dovahhkiin64
|j|☆leoperi99
|t:|1717958557
|gametype|singles
|player|p1|Dovahhkiin64|n|1470
|player|p2|leoperi99|sage-gen2jp|1511
|teamsize|p1|6
|teamsize|p2|6
|gen|5
|tier|[Gen 5] OU
|rated|
|rule|Species Clause: Limit one of each Pokémon
|rule|OHKO Clause: OHKO moves are banned
|rule|Moody Clause: Moody is banned
|rule|Evasion Items Clause: Evasion items are banned
|rule|Evasion Moves Clause: Evasion moves are banned
|rule|Endless Battle Clause: Forcing endless battles is banned
|rule|HP Percentage Mod: HP is shown in percentages
|rule|Evasion Abilities Clause: Evasion abilities are banned
|rule|Sleep Moves Clause: Sleep-inducing moves are banned
|rule|Swagger Clause: Swagger is banned
|rule|Baton Pass Stat Clause: No Baton Passer may have a way to boost its stats
|clearpoke
|poke|p1|Volcarona, M|item
|poke|p1|Magnezone|item
|poke|p1|Forretress, F|item
|poke|p1|Latios, M|item
|poke|p1|Terrakion|item
|poke|p1|Gyarados, M|item
|poke|p2|Tyranitar, F|item
|poke|p2|Skarmory, M|item
|poke|p2|Jellicent, M|item
|poke|p2|Alakazam, F|item
|poke|p2|Breloom, F|item
|poke|p2|Excadrill, F|item
|teampreview
|
|t:|1717958574
|start
|switch|p1a: Magnezone|Magnezone|100/100
|switch|p2a: Skarmory|Skarmory, M|100/100
|turn|1
|
|t:|1717958580
|move|p2a: Skarmory|Stealth Rock|p1a: Magnezone
|-sidestart|p1: Dovahhkiin64|move: Stealth Rock
|move|p1a: Magnezone|Thunderbolt|p2a: Skarmory
|-supereffective|p2a: Skarmory
|-ability|p2a: Skarmory|Sturdy
|-damage|p2a: Skarmory|1/100
|-status|p2a: Skarmory|par
|
|upkeep
|turn|2
|-enditem|p2a: Skarmory|Custap Berry|[eat]
|-activate|p2a: Skarmory|item: Custap Berry|[consumed]
|
|t:|1717958588
|move|p2a: Skarmory|Spikes|p1a: Magnezone
|-sidestart|p1: Dovahhkiin64|Spikes
|move|p1a: Magnezone|Thunderbolt|p2a: Skarmory
|-supereffective|p2a: Skarmory
|-damage|p2a: Skarmory|0 fnt
|faint|p2a: Skarmory
|
|upkeep
|
|t:|1717958595
|switch|p2a: Breloom|Breloom, F|100/100
|turn|3
|
|t:|1717958600
|switch|p1a: Forretress|Forretress, F|100/100
|-damage|p1a: Forretress|88/100|[from] Stealth Rock
|-damage|p1a: Forretress|76/100|[from] Spikes
|move|p2a: Breloom|Low Sweep|p1a: Forretress
|-damage|p1a: Forretress|39/100
|-unboost|p1a: Forretress|spe|1
|
|-heal|p1a: Forretress|45/100|[from] item: Leftovers
|upkeep
|turn|4
|
|t:|1717958613
|switch|p2a: Jellicent|Jellicent, M|100/100
|-item|p2a: Jellicent|Air Balloon
|move|p1a: Forretress|Spikes|p2a: Jellicent
|-sidestart|p2: leoperi99|Spikes
|
|-heal|p1a: Forretress|51/100|[from] item: Leftovers
|upkeep
|turn|5
|
|t:|1717958622
|switch|p1a: Magnezone|Magnezone|100/100
|-damage|p1a: Magnezone|95/100|[from] Stealth Rock
|-damage|p1a: Magnezone|82/100|[from] Spikes
|move|p2a: Jellicent|Night Shade|p1a: Magnezone
|-damage|p1a: Magnezone|49/100
|
|upkeep
|turn|6
|
|t:|1717958631
|switch|p2a: Excadrill|Excadrill, F|100/100
|-damage|p2a: Excadrill|88/100|[from] Spikes
|-ability|p2a: Excadrill|Mold Breaker
|move|p1a: Magnezone|Hidden Power|p2a: Excadrill
|-supereffective|p2a: Excadrill
|-damage|p2a: Excadrill|0 fnt
|faint|p2a: Excadrill
|
|upkeep
|
|t:|1717958636
|switch|p2a: Breloom|Breloom, F|100/100
|-damage|p2a: Breloom|88/100|[from] Spikes
|turn|7
|
|t:|1717958665
|switch|p1a: Forretress|Forretress, F|51/100
|-damage|p1a: Forretress|39/100|[from] Stealth Rock
|-damage|p1a: Forretress|26/100|[from] Spikes
|move|p2a: Breloom|Mach Punch|p1a: Forretress
|-crit|p1a: Forretress
|-damage|p1a: Forretress|0 fnt
|faint|p1a: Forretress
|
|upkeep
|
|t:|1717958685
|switch|p1a: Volcarona|Volcarona, M|100/100
|-damage|p1a: Volcarona|51/100|[from] Stealth Rock
|-damage|p1a: Volcarona|38/100|[from] Spikes
|turn|8
|
|t:|1717958706
|switch|p2a: Jellicent|Jellicent, M|100/100
|-item|p2a: Jellicent|Air Balloon
|move|p1a: Volcarona|Bug Buzz|p2a: Jellicent
|-resisted|p2a: Jellicent
|-damage|p2a: Jellicent|81/100
|-enditem|p2a: Jellicent|Air Balloon
|
|-heal|p1a: Volcarona|45/100|[from] item: Leftovers
|upkeep
|turn|9
|
|t:|1717958717
|move|p1a: Volcarona|Quiver Dance|p1a: Volcarona
|-boost|p1a: Volcarona|spa|1
|-boost|p1a: Volcarona|spd|1
|-boost|p1a: Volcarona|spe|1
|move|p2a: Jellicent|Night Shade|p1a: Volcarona
|-damage|p1a: Volcarona|12/100
|
|-heal|p1a: Volcarona|19/100|[from] item: Leftovers
|upkeep
|turn|10
|
|t:|1717958726
|move|p1a: Volcarona|Flamethrower|p2a: Jellicent
|-resisted|p2a: Jellicent
|-damage|p2a: Jellicent|52/100
|move|p2a: Jellicent|Night Shade|p1a: Volcarona
|-damage|p1a: Volcarona|0 fnt
|faint|p1a: Volcarona
|
|upkeep
|
|t:|1717958735
|switch|p1a: Magnezone|Magnezone|49/100
|-damage|p1a: Magnezone|43/100|[from] Stealth Rock
|-damage|p1a: Magnezone|31/100|[from] Spikes
|turn|11
|
|t:|1717958750
|switch|p2a: Breloom|Breloom, F|88/100
|-damage|p2a: Breloom|76/100|[from] Spikes
|move|p1a: Magnezone|Thunderbolt|p2a: Breloom
|-resisted|p2a: Breloom
|-damage|p2a: Breloom|0 fnt
|faint|p2a: Breloom
|
|upkeep
|
|t:|1717958754
|switch|p2a: Alakazam|Alakazam, F|100/100
|turn|12
|
|t:|1717958763
|move|p2a: Alakazam|Focus Blast|p1a: Magnezone
|-supereffective|p1a: Magnezone
|-damage|p1a: Magnezone|0 fnt
|faint|p1a: Magnezone
|
|upkeep
|
|t:|1717958768
|switch|p1a: Gyarados|Gyarados, M|100/100
|-damage|p1a: Gyarados|76/100|[from] Stealth Rock
|turn|13
|
|t:|1717958776
|switch|p2a: Jellicent|Jellicent, M|52/100
|-damage|p2a: Jellicent|40/100|[from] Spikes
|move|p1a: Gyarados|Dragon Dance|p1a: Gyarados
|-boost|p1a: Gyarados|atk|1
|-boost|p1a: Gyarados|spe|1
|
|-heal|p1a: Gyarados|82/100|[from] item: Leftovers
|upkeep
|turn|14
|
|t:|1717958785
|move|p1a: Gyarados|Earthquake|p2a: Jellicent
|-damage|p2a: Jellicent|0 fnt
|faint|p2a: Jellicent
|-ability|p1a: Gyarados|Moxie|boost
|-boost|p1a: Gyarados|atk|1
|
|-heal|p1a: Gyarados|88/100|[from] item: Leftovers
|upkeep
|
|t:|1717958788
|switch|p2a: Alakazam|Alakazam, F|100/100
|turn|15
|
|t:|1717958795
|move|p1a: Gyarados|Waterfall|p2a: Alakazam
|-enditem|p2a: Alakazam|Focus Sash
|-damage|p2a: Alakazam|1/100
|move|p2a: Alakazam|Psyshock|p1a: Gyarados
|-damage|p1a: Gyarados|35/100
|
|-heal|p1a: Gyarados|41/100|[from] item: Leftovers
|upkeep
|turn|16
|-message|leoperi99 forfeited.
|
|win|Dovahhkiin64
|raw|Dovahhkiin64's rating: 1470 &rarr; <strong>1492</strong><br />(+22 for winning)
|raw|leoperi99's rating: 1511 &rarr; <strong>1489</strong><br />(-22 for losing)
|l|☆leoperi99
|player|p2|
