|j|☆rabian
|j|☆blue in unova
|t:|1724427362
|gametype|singles
|player|p1|rabian|iris-gen5bw2|1474
|player|p2|blue in unova|miku-ground|1428
|teamsize|p1|6
|teamsize|p2|6
|gen|5
|tier|[Gen 5] OU
|rated|
|rule|Species Clause: Limit one of each Pokémon
|rule|OHKO Clause: OHKO moves are banned
|rule|Moody Clause: Moody is banned
|rule|Evasion Items Clause: Evasion items are banned
|rule|Evasion Moves Clause: Evasion moves are banned
|rule|Endless Battle Clause: Forcing endless battles is banned
|rule|HP Percentage Mod: HP is shown in percentages
|rule|Evasion Abilities Clause: Evasion abilities are banned
|rule|Sleep Moves Clause: Sleep-inducing moves are banned
|rule|Swagger Clause: Swagger is banned
|rule|Baton Pass Stat Clause: No Baton Passer may have a way to boost its stats
|clearpoke
|poke|p1|Jolteon, M|item
|poke|p1|Ferrothorn, M|item
|poke|p1|Politoed, M|item
|poke|p1|Gyarados, M|item
|poke|p1|Toxicroak, F|item
|poke|p1|Tentacruel, F|item
|poke|p2|Starmie|item
|poke|p2|Magnezone|item
|poke|p2|Dragonite, M|item
|poke|p2|Kyurem-Black|item
|poke|p2|Garchomp, F|item
|poke|p2|Jirachi|item
|teampreview
|inactive|Battle timer is ON: inactive players will automatically lose when time's up. (requested by blue in unova)
|c|☆rabian|glhf!
|inactive|blue in unova has 120 seconds left.
|c|☆blue in unova|glhf
|
|t:|1724427417
|start
|switch|p1a: Weather Setter|Politoed, M|100/100
|switch|p2a: Jirachi|Jirachi|100/100
|-weather|RainDance|[from] ability: Drizzle|[of] p1a: Weather Setter
|turn|1
|
|t:|1724427424
|move|p2a: Jirachi|Stealth Rock|p1a: Weather Setter
|-sidestart|p1: rabian|move: Stealth Rock
|move|p1a: Weather Setter|Encore|p2a: Jirachi
|-start|p2a: Jirachi|Encore
|
|-weather|RainDance|[upkeep]
|upkeep
|turn|2
|
|t:|1724427431
|switch|p2a: Starmie|Starmie|100/100
|move|p1a: Weather Setter|Toxic|p2a: Starmie
|-status|p2a: Starmie|tox
|
|-weather|RainDance|[upkeep]
|-damage|p2a: Starmie|94/100 tox|[from] psn
|upkeep
|turn|3
|
|t:|1724427440
|move|p2a: Starmie|Hydro Pump|p1a: Weather Setter
|-resisted|p1a: Weather Setter
|-damage|p1a: Weather Setter|65/100
|-damage|p2a: Starmie|84/100 tox|[from] item: Life Orb
|move|p1a: Weather Setter|Surf|p2a: Starmie
|-resisted|p2a: Starmie
|-damage|p2a: Starmie|50/100 tox
|
|-weather|RainDance|[upkeep]
|-heal|p1a: Weather Setter|71/100|[from] item: Leftovers
|-damage|p2a: Starmie|38/100 tox|[from] psn
|upkeep
|turn|4
|
|t:|1724427452
|move|p2a: Starmie|Thunder|p1a: Weather Setter
|-supereffective|p1a: Weather Setter
|-damage|p1a: Weather Setter|11/100
|-status|p1a: Weather Setter|par
|-damage|p2a: Starmie|28/100 tox|[from] item: Life Orb
|move|p1a: Weather Setter|Surf|p2a: Starmie
|-resisted|p2a: Starmie
|-damage|p2a: Starmie|0 fnt
|faint|p2a: Starmie
|
|-weather|RainDance|[upkeep]
|-heal|p1a: Weather Setter|17/100 par|[from] item: Leftovers
|upkeep
|
|t:|1724427465
|switch|p2a: Magnezone|Magnezone|100/100
|turn|5
|
|t:|1724427469
|switch|p1a: Look at this boi|Jolteon, M|100/100
|-damage|p1a: Look at this boi|88/100|[from] Stealth Rock
|move|p2a: Magnezone|Substitute|p2a: Magnezone
|-start|p2a: Magnezone|Substitute
|-damage|p2a: Magnezone|76/100
|
|-weather|RainDance|[upkeep]
|-heal|p2a: Magnezone|82/100|[from] item: Leftovers
|upkeep
|turn|6
|inactive|blue in unova has 120 seconds left.
|
|t:|1724427521
|move|p1a: Look at this boi|Thunder|p2a: Magnezone
|-resisted|p2a: Magnezone
|-end|p2a: Magnezone|Substitute
|move|p2a: Magnezone|Hidden Power|p1a: Look at this boi
|-damage|p1a: Look at this boi|56/100
|
|-weather|RainDance|[upkeep]
|-heal|p2a: Magnezone|88/100|[from] item: Leftovers
|upkeep
|turn|7
|
|t:|1724427528
|move|p1a: Look at this boi|Thunder|p2a: Magnezone
|-resisted|p2a: Magnezone
|-damage|p2a: Magnezone|51/100
|move|p2a: Magnezone|Hidden Power|p1a: Look at this boi
|-crit|p1a: Look at this boi
|-damage|p1a: Look at this boi|0 fnt
|faint|p1a: Look at this boi
|
|-weather|RainDance|[upkeep]
|-heal|p2a: Magnezone|57/100|[from] item: Leftovers
|upkeep
|
|t:|1724427539
|switch|p1a: Trans Flag|Toxicroak, F, shiny|100/100
|-damage|p1a: Trans Flag|94/100|[from] Stealth Rock
|turn|8
|
|t:|1724427558
|switch|p2a: Garchomp|Garchomp, F|100/100
|move|p1a: Trans Flag|Drain Punch|p2a: Garchomp
|-damage|p2a: Garchomp|64/100
|-heal|p1a: Trans Flag|100/100|[from] drain|[of] p2a: Garchomp
|-damage|p1a: Trans Flag|88/100|[from] ability: Rough Skin|[of] p2a: Garchomp
|
|-weather|RainDance|[upkeep]
|-heal|p1a: Trans Flag|100/100|[from] ability: Dry Skin
|upkeep
|turn|9
|
|t:|1724427578
|switch|p1a: Just A Magikarp|Gyarados, M, shiny|100/100
|-damage|p1a: Just A Magikarp|76/100|[from] Stealth Rock
|-ability|p1a: Just A Magikarp|Intimidate|boost
|-unboost|p2a: Garchomp|atk|1
|move|p2a: Garchomp|Dual Chop|p1a: Just A Magikarp
|-damage|p1a: Just A Magikarp|62/100
|-damage|p1a: Just A Magikarp|47/100
|-hitcount|p1a: Just A Magikarp|2
|
|-weather|RainDance|[upkeep]
|-heal|p1a: Just A Magikarp|53/100|[from] item: Leftovers
|upkeep
|turn|10
|
|t:|1724427589
|switch|p2a: Jirachi|Jirachi|100/100
|move|p1a: Just A Magikarp|Waterfall|p2a: Jirachi
|-damage|p2a: Jirachi|54/100
|
|-weather|RainDance|[upkeep]
|-heal|p2a: Jirachi|60/100|[from] item: Leftovers
|-heal|p1a: Just A Magikarp|59/100|[from] item: Leftovers
|upkeep
|turn|11
|
|t:|1724427602
|switch|p1a: Wall|Ferrothorn, M|100/100
|-damage|p1a: Wall|94/100|[from] Stealth Rock
|move|p2a: Jirachi|Wish|p2a: Jirachi
|
|-weather|RainDance|[upkeep]
|-heal|p2a: Jirachi|66/100|[from] item: Leftovers
|-heal|p1a: Wall|100/100|[from] item: Leftovers
|upkeep
|turn|12
|inactive|blue in unova has 120 seconds left.
|
|t:|1724427614
|move|p2a: Jirachi|Icy Wind|p1a: Wall
|-damage|p1a: Wall|89/100
|-unboost|p1a: Wall|spe|1
|move|p1a: Wall|Stealth Rock|p2a: Jirachi
|-sidestart|p2: blue in unova|move: Stealth Rock
|
|-weather|RainDance|[upkeep]
|-heal|p2a: Jirachi|100/100|[from] move: Wish|[wisher] Jirachi
|-heal|p1a: Wall|95/100|[from] item: Leftovers
|upkeep
|turn|13
|
|t:|1724427618
|switch|p1a: Squid|Tentacruel, F|100/100
|-damage|p1a: Squid|88/100|[from] Stealth Rock
|move|p2a: Jirachi|Wish|p2a: Jirachi
|
|-weather|RainDance|[upkeep]
|-heal|p1a: Squid|94/100|[from] ability: Rain Dish
|-heal|p1a: Squid|99/100|[from] item: Black Sludge
|upkeep
|turn|14
|
|t:|1724427623
|switch|p2a: Magnezone|Magnezone|57/100
|-damage|p2a: Magnezone|51/100|[from] Stealth Rock
|move|p1a: Squid|Rapid Spin|p2a: Magnezone
|-resisted|p2a: Magnezone
|-damage|p2a: Magnezone|50/100
|-sideend|p1: rabian|Stealth Rock|[from] move: Rapid Spin|[of] p1a: Squid
|
|-weather|RainDance|[upkeep]
|-heal|p1a: Squid|100/100|[from] ability: Rain Dish
|-heal|p2a: Magnezone|100/100|[from] move: Wish|[wisher] Jirachi
|upkeep
|turn|15
|
|t:|1724427629
|move|p2a: Magnezone|Substitute|p2a: Magnezone
|-start|p2a: Magnezone|Substitute
|-damage|p2a: Magnezone|76/100
|move|p1a: Squid|Scald|p2a: Magnezone
|-end|p2a: Magnezone|Substitute
|
|-weather|RainDance|[upkeep]
|-heal|p2a: Magnezone|82/100|[from] item: Leftovers
|upkeep
|turn|16
|
|t:|1724427633
|move|p2a: Magnezone|Charge Beam|p1a: Squid
|-supereffective|p1a: Squid
|-damage|p1a: Squid|61/100
|-boost|p2a: Magnezone|spa|1
|move|p1a: Squid|Scald|p2a: Magnezone
|-crit|p2a: Magnezone
|-damage|p2a: Magnezone|0 fnt
|faint|p2a: Magnezone
|
|-weather|RainDance|[upkeep]
|-heal|p1a: Squid|67/100|[from] ability: Rain Dish
|-heal|p1a: Squid|73/100|[from] item: Black Sludge
|upkeep
|c|☆rabian|sorry for the crit but
|c|☆rabian|revenge for jolteon
|c|☆blue in unova|. . .
|c|☆blue in unova|Ok
|inactive|blue in unova has 120 seconds left.
|
|t:|1724427684
|switch|p2a: Garchomp|Garchomp, F|64/100
|-damage|p2a: Garchomp|58/100|[from] Stealth Rock
|turn|17
|
|t:|1724427698
|switch|p1a: Weather Setter|Politoed, M|17/100 par
|move|p2a: Garchomp|Earthquake|p1a: Weather Setter
|-damage|p1a: Weather Setter|0 fnt
|faint|p1a: Weather Setter
|
|-weather|RainDance|[upkeep]
|upkeep
|
|t:|1724427704
|switch|p1a: Just A Magikarp|Gyarados, M, shiny|59/100
|-ability|p1a: Just A Magikarp|Intimidate|boost
|-unboost|p2a: Garchomp|atk|1
|turn|18
|inactive|blue in unova has 120 seconds left.
|
|t:|1724427732
|switch|p2a: Jirachi|Jirachi|100/100
|-damage|p2a: Jirachi|94/100|[from] Stealth Rock
|move|p1a: Just A Magikarp|Substitute|p1a: Just A Magikarp
|-start|p1a: Just A Magikarp|Substitute
|-damage|p1a: Just A Magikarp|34/100
|
|-weather|RainDance|[upkeep]
|-heal|p2a: Jirachi|100/100|[from] item: Leftovers
|-heal|p1a: Just A Magikarp|40/100|[from] item: Leftovers
|upkeep
|turn|19
|
|t:|1724427737
|move|p2a: Jirachi|Iron Head|p1a: Just A Magikarp
|-resisted|p1a: Just A Magikarp
|-activate|p1a: Just A Magikarp|Substitute|[damage]
|move|p1a: Just A Magikarp|Dragon Dance|p1a: Just A Magikarp
|-boost|p1a: Just A Magikarp|atk|1
|-boost|p1a: Just A Magikarp|spe|1
|
|-weather|RainDance|[upkeep]
|-heal|p1a: Just A Magikarp|46/100|[from] item: Leftovers
|upkeep
|turn|20
|
|t:|1724427740
|move|p1a: Just A Magikarp|Dragon Dance|p1a: Just A Magikarp
|-boost|p1a: Just A Magikarp|atk|1
|-boost|p1a: Just A Magikarp|spe|1
|move|p2a: Jirachi|Iron Head|p1a: Just A Magikarp
|-resisted|p1a: Just A Magikarp
|-end|p1a: Just A Magikarp|Substitute
|
|-weather|RainDance|[upkeep]
|-heal|p1a: Just A Magikarp|52/100|[from] item: Leftovers
|upkeep
|turn|21
|
|t:|1724427744
|move|p1a: Just A Magikarp|Earthquake|p2a: Jirachi
|-supereffective|p2a: Jirachi
|-damage|p2a: Jirachi|2/100
|move|p2a: Jirachi|Iron Head|p1a: Just A Magikarp
|-resisted|p1a: Just A Magikarp
|-damage|p1a: Just A Magikarp|41/100
|
|-weather|RainDance|[upkeep]
|-heal|p1a: Just A Magikarp|47/100|[from] item: Leftovers
|-heal|p2a: Jirachi|8/100|[from] item: Leftovers
|upkeep
|turn|22
|
|t:|1724427751
|move|p1a: Just A Magikarp|Substitute|p1a: Just A Magikarp
|-start|p1a: Just A Magikarp|Substitute
|-damage|p1a: Just A Magikarp|22/100
|move|p2a: Jirachi|Wish|p2a: Jirachi
|
|-weather|RainDance|[upkeep]
|-heal|p1a: Just A Magikarp|28/100|[from] item: Leftovers
|-heal|p2a: Jirachi|14/100|[from] item: Leftovers
|upkeep
|turn|23
|
|t:|1724427759
|switch|p2a: Dragonite|Dragonite, M|100/100
|-damage|p2a: Dragonite|76/100|[from] Stealth Rock
|move|p1a: Just A Magikarp|Waterfall|p2a: Dragonite
|-resisted|p2a: Dragonite
|-damage|p2a: Dragonite|13/100
|
|-weather|RainDance|[upkeep]
|-heal|p2a: Dragonite|75/100|[from] move: Wish|[wisher] Jirachi
|-heal|p1a: Just A Magikarp|34/100|[from] item: Leftovers
|-heal|p2a: Dragonite|82/100|[from] item: Leftovers
|upkeep
|turn|24
|
|t:|1724427767
|move|p1a: Just A Magikarp|Waterfall|p2a: Dragonite
|-resisted|p2a: Dragonite
|-damage|p2a: Dragonite|17/100
|move|p2a: Dragonite|Dragon Claw|p1a: Just A Magikarp
|-end|p1a: Just A Magikarp|Substitute
|
|-weather|RainDance|[upkeep]
|-heal|p1a: Just A Magikarp|40/100|[from] item: Leftovers
|-heal|p2a: Dragonite|23/100|[from] item: Leftovers
|upkeep
|turn|25
|
|t:|1724427774
|move|p1a: Just A Magikarp|Waterfall|p2a: Dragonite
|-resisted|p2a: Dragonite
|-damage|p2a: Dragonite|0 fnt
|faint|p2a: Dragonite
|
|-weather|RainDance|[upkeep]
|-heal|p1a: Just A Magikarp|46/100|[from] item: Leftovers
|upkeep
|
|t:|1724427776
|switch|p2a: Garchomp|Garchomp, F|58/100
|-damage|p2a: Garchomp|52/100|[from] Stealth Rock
|turn|26
|
|t:|1724427787
|move|p2a: Garchomp|Outrage|p1a: Just A Magikarp
|-damage|p1a: Just A Magikarp|0 fnt
|faint|p1a: Just A Magikarp
|
|-weather|RainDance|[upkeep]
|upkeep
|
|t:|1724427799
|switch|p1a: Wall|Ferrothorn, M|95/100
|turn|27
|
|t:|1724427804
|move|p2a: Garchomp|Outrage|p1a: Wall|[from]lockedmove
|-resisted|p1a: Wall
|-damage|p1a: Wall|73/100
|-damage|p2a: Garchomp|40/100|[from] ability: Iron Barbs|[of] p1a: Wall
|-start|p2a: Garchomp|confusion|[fatigue]
|move|p1a: Wall|Gyro Ball|p2a: Garchomp
|-crit|p2a: Garchomp
|-damage|p2a: Garchomp|0 fnt
|-damage|p1a: Wall|61/100|[from] ability: Rough Skin|[of] p2a: Garchomp
|faint|p2a: Garchomp
|
|-weather|RainDance|[upkeep]
|-heal|p1a: Wall|67/100|[from] item: Leftovers
|upkeep
|
|t:|1724427808
|switch|p2a: Jirachi|Jirachi|14/100
|-damage|p2a: Jirachi|8/100|[from] Stealth Rock
|turn|28
|
|t:|1724427814
|move|p2a: Jirachi|Wish|p2a: Jirachi
|move|p1a: Wall|Leech Seed|p2a: Jirachi
|-start|p2a: Jirachi|move: Leech Seed
|
|-weather|RainDance|[upkeep]
|-heal|p2a: Jirachi|14/100|[from] item: Leftovers
|-heal|p1a: Wall|73/100|[from] item: Leftovers
|-damage|p2a: Jirachi|2/100|[from] Leech Seed|[of] p1a: Wall
|-heal|p1a: Wall|90/100|[silent]
|upkeep
|turn|29
|
|t:|1724427822
|move|p2a: Jirachi|Stealth Rock|p1a: Wall
|-sidestart|p1: rabian|move: Stealth Rock
|move|p1a: Wall|Giga Drain|p2a: Jirachi
|-resisted|p2a: Jirachi
|-damage|p2a: Jirachi|0 fnt
|-heal|p1a: Wall|92/100|[from] drain|[of] p2a: Jirachi
|faint|p2a: Jirachi
|
|-weather|RainDance|[upkeep]
|-heal|p1a: Wall|98/100|[from] item: Leftovers
|upkeep
|
|t:|1724427826
|switch|p2a: Kyurem|Kyurem-Black|100/100
|-damage|p2a: Kyurem|76/100|[from] Stealth Rock
|-ability|p2a: Kyurem|Teravolt
|turn|30
|c|☆rabian|gg
|inactive|blue in unova has 120 seconds left.
|
|t:|1724427869
|move|p2a: Kyurem|Fusion Bolt|p1a: Wall
|-resisted|p1a: Wall
|-damage|p1a: Wall|74/100
|move|p1a: Wall|Gyro Ball|p2a: Kyurem
|-supereffective|p2a: Kyurem
|-damage|p2a: Kyurem|0 fnt
|faint|p2a: Kyurem
|
|win|rabian
|raw|rabian's rating: 1474 &rarr; <strong>1491</strong><br />(+17 for winning)
|raw|blue in unova's rating: 1428 &rarr; <strong>1411</strong><br />(-17 for losing)
|l|☆rabian
|player|p1|
