|j|☆RainyDream sky
|j|☆B1kharma
|t:|1736496313
|gametype|singles
|player|p1|RainyDream sky|170|1409
|player|p2|B1kharma|#wcop2024belgium|1529
|teamsize|p1|6
|teamsize|p2|6
|gen|5
|tier|[Gen 5] OU
|rated|
|rule|Species Clause: Limit one of each Pokémon
|rule|OHKO Clause: OHKO moves are banned
|rule|Moody Clause: Moody is banned
|rule|Evasion Items Clause: Evasion items are banned
|rule|Evasion Moves Clause: Evasion moves are banned
|rule|Endless Battle Clause: Forcing endless battles is banned
|rule|HP Percentage Mod: HP is shown in percentages
|rule|Evasion Abilities Clause: Evasion abilities are banned
|rule|Sleep Moves Clause: Sleep-inducing moves are banned
|rule|Swagger Clause: Swagger is banned
|rule|Baton Pass Stat Clause: No Baton Passer may have a way to boost its stats
|clearpoke
|poke|p1|Magnezone|item
|poke|p1|Breloom, M|item
|poke|p1|Espeon, F|item
|poke|p1|Scizor, F|item
|poke|p1|Gastrodon, M|item
|poke|p1|Landorus-Therian, M|item
|poke|p2|Tyranitar, F|item
|poke|p2|Donphan, F|item
|poke|p2|Skarmory, M|item
|poke|p2|Latios, M|item
|poke|p2|Slowbro, F|item
|poke|p2|Clefable, F|item
|teampreview
|inactive|Battle timer is ON: inactive players will automatically lose when time's up. (requested by RainyDream sky)
|
|t:|1736496331
|start
|switch|p1a: Breloom|Breloom, M|100/100
|switch|p2a: Donphan|Donphan, F|100/100
|turn|1
|
|t:|1736496337
|switch|p2a: Latios|Latios, M|100/100
|move|p1a: Breloom|Bullet Seed|p2a: Latios
|-resisted|p2a: Latios
|-damage|p2a: Latios|83/100
|-resisted|p2a: Latios
|-damage|p2a: Latios|65/100
|-resisted|p2a: Latios
|-damage|p2a: Latios|49/100
|-hitcount|p2a: Latios|3
|-damage|p1a: Breloom|91/100|[from] item: Life Orb
|
|upkeep
|turn|2
|
|t:|1736496345
|switch|p1a: Espeon|Espeon, F|100/100
|move|p2a: Latios|Roost|p2a: Latios
|-heal|p2a: Latios|99/100
|-singleturn|p2a: Latios|move: Roost
|
|upkeep
|turn|3
|
|t:|1736496351
|switch|p2a: Tyranitar|Tyranitar, F|100/100
|-weather|Sandstorm|[from] ability: Sand Stream|[of] p2a: Tyranitar
|move|p1a: Espeon|Baton Pass|p1a: Espeon
|
|t:|1736496359
|switch|p1a: Landorus|Landorus-Therian, M|100/100|[from] Baton Pass
|-ability|p1a: Landorus|Intimidate|boost
|-unboost|p2a: Tyranitar|atk|1
|
|-weather|Sandstorm|[upkeep]
|upkeep
|turn|4
|
|t:|1736496366
|switch|p2a: Slowbro|Slowbro, F|100/100
|move|p1a: Landorus|Stealth Rock|p2a: Slowbro
|-sidestart|p2: B1kharma|move: Stealth Rock
|
|-weather|Sandstorm|[upkeep]
|-damage|p2a: Slowbro|94/100|[from] Sandstorm
|upkeep
|turn|5
|
|t:|1736496371
|switch|p1a: Gastrodon|Gastrodon, M|100/100
|switch|p2a: Donphan|Donphan, F|100/100
|-damage|p2a: Donphan|94/100|[from] Stealth Rock
|
|-weather|Sandstorm|[upkeep]
|-heal|p2a: Donphan|100/100|[from] item: Leftovers
|upkeep
|turn|6
|
|t:|1736496383
|switch|p2a: Clefable|Clefable, F|100/100
|move|p1a: Gastrodon|Scald|p2a: Clefable
|-damage|p2a: Clefable|82/100
|
|-weather|Sandstorm|[upkeep]
|-heal|p2a: Clefable|88/100|[from] item: Leftovers
|upkeep
|turn|7
|
|t:|1736496396
|switch|p1a: Breloom|Breloom, M|91/100
|move|p2a: Clefable|Knock Off|p1a: Breloom
|-resisted|p1a: Breloom
|-damage|p1a: Breloom|88/100
|-enditem|p1a: Breloom|Life Orb|[from] move: Knock Off|[of] p2a: Clefable
|
|-weather|Sandstorm|[upkeep]
|-damage|p1a: Breloom|82/100|[from] Sandstorm
|-heal|p2a: Clefable|94/100|[from] item: Leftovers
|upkeep
|turn|8
|
|t:|1736496404
|switch|p1a: Scizor|Scizor, F|100/100
|switch|p2a: Latios|Latios, M|99/100
|-damage|p2a: Latios|87/100|[from] Stealth Rock
|
|-weather|Sandstorm|[upkeep]
|-damage|p2a: Latios|81/100|[from] Sandstorm
|upkeep
|turn|9
|
|t:|1736496409
|move|p2a: Latios|Hidden Power|p1a: Scizor
|-supereffective|p1a: Scizor
|-damage|p1a: Scizor|0 fnt
|faint|p1a: Scizor
|
|-weather|Sandstorm|[upkeep]
|-damage|p2a: Latios|75/100|[from] Sandstorm
|upkeep
|
|t:|1736496420
|switch|p1a: Landorus|Landorus-Therian, M|100/100
|-ability|p1a: Landorus|Intimidate|boost
|-unboost|p2a: Latios|atk|1
|turn|10
|
|t:|1736496429
|move|p1a: Landorus|Explosion|p2a: Latios
|-damage|p2a: Latios|0 fnt
|faint|p1a: Landorus
|faint|p2a: Latios
|
|-weather|Sandstorm|[upkeep]
|upkeep
|
|t:|1736496438
|switch|p2a: Tyranitar|Tyranitar, F|100/100
|switch|p1a: Breloom|Breloom, M|82/100
|-damage|p2a: Tyranitar|88/100|[from] Stealth Rock
|turn|11
|
|t:|1736496446
|switch|p1a: Magnezone|Magnezone|100/100
|move|p2a: Tyranitar|Ice Punch|p1a: Magnezone
|-resisted|p1a: Magnezone
|-damage|p1a: Magnezone|87/100
|
|-weather|Sandstorm|[upkeep]
|upkeep
|turn|12
|
|t:|1736496457
|switch|p2a: Donphan|Donphan, F|100/100
|-damage|p2a: Donphan|94/100|[from] Stealth Rock
|move|p1a: Magnezone|Flash Cannon|p2a: Donphan
|-damage|p2a: Donphan|40/100
|
|-weather|Sandstorm|[upkeep]
|-heal|p2a: Donphan|47/100|[from] item: Leftovers
|upkeep
|turn|13
|
|t:|1736496462
|switch|p2a: Slowbro|Slowbro, F|100/100
|-damage|p2a: Slowbro|88/100|[from] Stealth Rock
|move|p1a: Magnezone|Flash Cannon|p2a: Slowbro
|-resisted|p2a: Slowbro
|-damage|p2a: Slowbro|67/100
|-unboost|p2a: Slowbro|spd|1
|
|-weather|Sandstorm|[upkeep]
|-damage|p2a: Slowbro|61/100|[from] Sandstorm
|upkeep
|turn|14
|
|t:|1736496467
|move|p1a: Magnezone|Flash Cannon|p2a: Slowbro
|-resisted|p2a: Slowbro
|-damage|p2a: Slowbro|29/100
|move|p2a: Slowbro|Slack Off|p2a: Slowbro
|-heal|p2a: Slowbro|79/100
|
|-weather|Sandstorm|[upkeep]
|-damage|p2a: Slowbro|73/100|[from] Sandstorm
|upkeep
|turn|15
|
|t:|1736496476
|move|p1a: Magnezone|Flash Cannon|p2a: Slowbro
|-resisted|p2a: Slowbro
|-damage|p2a: Slowbro|42/100
|move|p2a: Slowbro|Ice Beam|p1a: Magnezone
|-resisted|p1a: Magnezone
|-damage|p1a: Magnezone|71/100
|
|-weather|Sandstorm|[upkeep]
|-damage|p2a: Slowbro|36/100|[from] Sandstorm
|upkeep
|turn|16
|
|t:|1736496481
|switch|p1a: Breloom|Breloom, M|82/100
|move|p2a: Slowbro|Slack Off|p2a: Slowbro
|-heal|p2a: Slowbro|86/100
|
|-weather|Sandstorm|[upkeep]
|-damage|p1a: Breloom|76/100|[from] Sandstorm
|-damage|p2a: Slowbro|80/100|[from] Sandstorm
|upkeep
|turn|17
|
|t:|1736496488
|switch|p1a: Magnezone|Magnezone|71/100
|move|p2a: Slowbro|Ice Beam|p1a: Magnezone
|-resisted|p1a: Magnezone
|-damage|p1a: Magnezone|58/100
|
|-weather|Sandstorm|[upkeep]
|-damage|p2a: Slowbro|74/100|[from] Sandstorm
|upkeep
|turn|18
|
|t:|1736496493
|switch|p2a: Clefable|Clefable, F|94/100
|move|p1a: Magnezone|Volt Switch|p2a: Clefable
|-damage|p2a: Clefable|71/100
|
|t:|1736496496
|switch|p1a: Breloom|Breloom, M|76/100|[from] Volt Switch
|
|-weather|Sandstorm|[upkeep]
|-damage|p1a: Breloom|69/100|[from] Sandstorm
|-heal|p2a: Clefable|77/100|[from] item: Leftovers
|upkeep
|turn|19
|
|t:|1736496504
|switch|p2a: Slowbro|Slowbro, F|100/100
|-damage|p2a: Slowbro|88/100|[from] Stealth Rock
|move|p1a: Breloom|Swords Dance|p1a: Breloom
|-boost|p1a: Breloom|atk|2
|
|-weather|Sandstorm|[upkeep]
|-damage|p1a: Breloom|63/100|[from] Sandstorm
|-damage|p2a: Slowbro|82/100|[from] Sandstorm
|upkeep
|turn|20
|
|t:|1736496510
|move|p1a: Breloom|Bullet Seed|p2a: Slowbro
|-supereffective|p2a: Slowbro
|-crit|p2a: Slowbro
|-damage|p2a: Slowbro|0 fnt
|faint|p2a: Slowbro
|-hitcount|p2: Slowbro|1
|
|-weather|Sandstorm|[upkeep]
|-damage|p1a: Breloom|57/100|[from] Sandstorm
|upkeep
|
|t:|1736496514
|switch|p2a: Skarmory|Skarmory, M|100/100
|-damage|p2a: Skarmory|88/100|[from] Stealth Rock
|turn|21
|
|t:|1736496522
|switch|p1a: Espeon|Espeon, F|100/100
|move|p2a: Skarmory|Whirlwind|p1a: Espeon
|move|p1a: Espeon|Whirlwind|p2a: Skarmory|[from]ability: Magic Bounce
|drag|p2a: Clefable|Clefable, F|77/100
|
|-weather|Sandstorm|[upkeep]
|-damage|p1a: Espeon|95/100|[from] Sandstorm
|-heal|p1a: Espeon|100/100|[from] item: Leftovers
|-heal|p2a: Clefable|83/100|[from] item: Leftovers
|upkeep
|turn|22
|
|t:|1736496528
|move|p1a: Espeon|Wish|p1a: Espeon
|move|p2a: Clefable|Thunder Wave|p1a: Espeon
|move|p1a: Espeon|Thunder Wave|p2a: Clefable|[from]ability: Magic Bounce
|-status|p2a: Clefable|par
|
|-weather|Sandstorm|[upkeep]
|-damage|p1a: Espeon|95/100|[from] Sandstorm
|-heal|p1a: Espeon|100/100|[from] item: Leftovers
|-heal|p2a: Clefable|89/100 par|[from] item: Leftovers
|upkeep
|turn|23
|
|t:|1736496531
|move|p1a: Espeon|Future Sight|p2a: Clefable
|-start|p1a: Espeon|move: Future Sight
|cant|p2a: Clefable|par
|
|-weather|Sandstorm|[upkeep]
|-damage|p1a: Espeon|95/100|[from] Sandstorm
|-heal|p1a: Espeon|100/100|[from] move: Wish|[wisher] Espeon
|-heal|p2a: Clefable|95/100 par|[from] item: Leftovers
|upkeep
|turn|24
|
|t:|1736496536
|move|p1a: Espeon|Baton Pass|p1a: Espeon
|
|t:|1736496543
|switch|p1a: Magnezone|Magnezone|58/100|[from] Baton Pass
|move|p2a: Clefable|Thunder Wave|p1a: Magnezone
|-status|p1a: Magnezone|par
|
|-weather|Sandstorm|[upkeep]
|-heal|p2a: Clefable|100/100 par|[from] item: Leftovers
|upkeep
|turn|25
|
|t:|1736496555
|move|p1a: Magnezone|Volt Switch|p2a: Clefable
|-damage|p2a: Clefable|78/100 par
|
|t:|1736496558
|switch|p1a: Espeon|Espeon, F|100/100|[from] Volt Switch
|cant|p2a: Clefable|par
|
|-weather|Sandstorm|[upkeep]
|-damage|p1a: Espeon|95/100|[from] Sandstorm
|-end|p2a: Clefable|move: Future Sight
|-damage|p2a: Clefable|47/100 par
|-heal|p1a: Espeon|100/100|[from] item: Leftovers
|-heal|p2a: Clefable|53/100 par|[from] item: Leftovers
|upkeep
|turn|26
|
|t:|1736496562
|move|p1a: Espeon|Future Sight|p2a: Clefable
|-start|p1a: Espeon|move: Future Sight
|cant|p2a: Clefable|par
|
|-weather|Sandstorm|[upkeep]
|-damage|p1a: Espeon|95/100|[from] Sandstorm
|-heal|p1a: Espeon|100/100|[from] item: Leftovers
|-heal|p2a: Clefable|59/100 par|[from] item: Leftovers
|upkeep
|turn|27
|
|t:|1736496566
|move|p1a: Espeon|Baton Pass|p1a: Espeon
|
|t:|1736496568
|switch|p1a: Magnezone|Magnezone|58/100 par|[from] Baton Pass
|move|p2a: Clefable|Thunder Wave|p1a: Magnezone
|-fail|p1a: Magnezone|par
|
|-weather|Sandstorm|[upkeep]
|-heal|p2a: Clefable|65/100 par|[from] item: Leftovers
|upkeep
|turn|28
|
|t:|1736496571
|move|p1a: Magnezone|Volt Switch|p2a: Clefable
|-damage|p2a: Clefable|41/100 par
|
|t:|1736496574
|switch|p1a: Breloom|Breloom, M|57/100|[from] Volt Switch
|cant|p2a: Clefable|par
|
|-weather|Sandstorm|[upkeep]
|-damage|p1a: Breloom|51/100|[from] Sandstorm
|-end|p2a: Clefable|move: Future Sight
|-damage|p2a: Clefable|10/100 par
|-heal|p2a: Clefable|16/100 par|[from] item: Leftovers
|upkeep
|turn|29
|
|t:|1736496588
|move|p1a: Breloom|Bullet Seed|p2a: Clefable
|-damage|p2a: Clefable|0 fnt
|faint|p2a: Clefable
|-hitcount|p2: Clefable|1
|
|-weather|Sandstorm|[upkeep]
|-damage|p1a: Breloom|45/100|[from] Sandstorm
|upkeep
|
|t:|1736496595
|switch|p2a: Donphan|Donphan, F|47/100
|-damage|p2a: Donphan|40/100|[from] Stealth Rock
|turn|30
|
|t:|1736496600
|move|p2a: Donphan|Ice Shard|p1a: Breloom
|-supereffective|p1a: Breloom
|-damage|p1a: Breloom|10/100
|move|p1a: Breloom|Bullet Seed|p2a: Donphan
|-supereffective|p2a: Donphan
|-damage|p2a: Donphan|18/100
|-supereffective|p2a: Donphan
|-damage|p2a: Donphan|0 fnt
|faint|p2a: Donphan
|-hitcount|p2: Donphan|2
|
|-weather|Sandstorm|[upkeep]
|-damage|p1a: Breloom|4/100|[from] Sandstorm
|upkeep
|
|t:|1736496605
|switch|p2a: Skarmory|Skarmory, M|88/100
|-damage|p2a: Skarmory|76/100|[from] Stealth Rock
|turn|31
|
|t:|1736496613
|switch|p1a: Magnezone|Magnezone|58/100 par
|move|p2a: Skarmory|Roost|p2a: Skarmory
|-heal|p2a: Skarmory|100/100
|-singleturn|p2a: Skarmory|move: Roost
|
|-weather|Sandstorm|[upkeep]
|upkeep
|turn|32
|
|t:|1736496618
|move|p2a: Skarmory|Spikes|p1a: Magnezone
|-sidestart|p1: RainyDream sky|Spikes
|move|p1a: Magnezone|Thunderbolt|p2a: Skarmory
|-supereffective|p2a: Skarmory
|-damage|p2a: Skarmory|15/100
|
|-weather|Sandstorm|[upkeep]
|-heal|p2a: Skarmory|21/100|[from] item: Leftovers
|upkeep
|turn|33
|
|t:|1736496623
|move|p2a: Skarmory|Roost|p2a: Skarmory
|-heal|p2a: Skarmory|71/100
|-singleturn|p2a: Skarmory|move: Roost
|move|p1a: Magnezone|Thunderbolt|p2a: Skarmory
|-damage|p2a: Skarmory|24/100
|
|-weather|Sandstorm|[upkeep]
|-heal|p2a: Skarmory|30/100|[from] item: Leftovers
|upkeep
|turn|34
|
|t:|1736496626
|move|p2a: Skarmory|Roost|p2a: Skarmory
|-heal|p2a: Skarmory|80/100
|-singleturn|p2a: Skarmory|move: Roost
|move|p1a: Magnezone|Thunderbolt|p2a: Skarmory
|-damage|p2a: Skarmory|35/100
|
|-weather|Sandstorm|[upkeep]
|-heal|p2a: Skarmory|41/100|[from] item: Leftovers
|upkeep
|turn|35
|
|t:|1736496629
|move|p2a: Skarmory|Roost|p2a: Skarmory
|-heal|p2a: Skarmory|91/100
|-singleturn|p2a: Skarmory|move: Roost
|move|p1a: Magnezone|Thunderbolt|p2a: Skarmory
|-damage|p2a: Skarmory|44/100
|
|-weather|Sandstorm|[upkeep]
|-heal|p2a: Skarmory|50/100|[from] item: Leftovers
|upkeep
|turn|36
|
|t:|1736496631
|move|p2a: Skarmory|Roost|p2a: Skarmory
|-heal|p2a: Skarmory|99/100
|-singleturn|p2a: Skarmory|move: Roost
|move|p1a: Magnezone|Thunderbolt|p2a: Skarmory
|-crit|p2a: Skarmory
|-damage|p2a: Skarmory|15/100
|
|-weather|Sandstorm|[upkeep]
|-heal|p2a: Skarmory|21/100|[from] item: Leftovers
|upkeep
|turn|37
|
|t:|1736496634
|move|p2a: Skarmory|Roost|p2a: Skarmory
|-heal|p2a: Skarmory|71/100
|-singleturn|p2a: Skarmory|move: Roost
|move|p1a: Magnezone|Thunderbolt|p2a: Skarmory
|-damage|p2a: Skarmory|21/100
|
|-weather|Sandstorm|[upkeep]
|-heal|p2a: Skarmory|27/100|[from] item: Leftovers
|upkeep
|turn|38
|
|t:|1736496636
|switch|p1a: Gastrodon|Gastrodon, M|100/100
|-damage|p1a: Gastrodon|88/100|[from] Spikes
|move|p2a: Skarmory|Roost|p2a: Skarmory
|-heal|p2a: Skarmory|77/100
|-singleturn|p2a: Skarmory|move: Roost
|
|-weather|Sandstorm|[upkeep]
|-heal|p2a: Skarmory|83/100|[from] item: Leftovers
|-heal|p1a: Gastrodon|94/100|[from] item: Leftovers
|upkeep
|turn|39
|
|t:|1736496640
|move|p2a: Skarmory|Spikes|p1a: Gastrodon
|-sidestart|p1: RainyDream sky|Spikes
|move|p1a: Gastrodon|Scald|p2a: Skarmory
|-damage|p2a: Skarmory|61/100
|
|-weather|Sandstorm|[upkeep]
|-heal|p2a: Skarmory|67/100|[from] item: Leftovers
|-heal|p1a: Gastrodon|100/100|[from] item: Leftovers
|upkeep
|turn|40
|
|t:|1736496647
|switch|p1a: Espeon|Espeon, F|100/100
|-damage|p1a: Espeon|84/100|[from] Spikes
|move|p2a: Skarmory|Whirlwind|p1a: Espeon
|move|p1a: Espeon|Whirlwind|p2a: Skarmory|[from]ability: Magic Bounce
|drag|p2a: Tyranitar|Tyranitar, F|88/100
|-damage|p2a: Tyranitar|76/100|[from] Stealth Rock
|
|-weather|Sandstorm|[upkeep]
|-damage|p1a: Espeon|78/100|[from] Sandstorm
|-heal|p1a: Espeon|84/100|[from] item: Leftovers
|upkeep
|turn|41
|
|t:|1736496650
|move|p1a: Espeon|Protect|p1a: Espeon
|-singleturn|p1a: Espeon|Protect
|move|p2a: Tyranitar|Crunch|p1a: Espeon
|-activate|p1a: Espeon|move: Protect
|
|-weather|Sandstorm|[upkeep]
|-damage|p1a: Espeon|78/100|[from] Sandstorm
|-heal|p1a: Espeon|84/100|[from] item: Leftovers
|upkeep
|turn|42
|
|t:|1736496658
|switch|p1a: Breloom|Breloom, M|4/100
|-damage|p1a: Breloom|0 fnt|[from] Spikes
|faint|p1a: Breloom
|move|p2a: Tyranitar|Crunch|p1: Breloom|[notarget]
|-fail|p2a: Tyranitar
|
|-weather|Sandstorm|[upkeep]
|upkeep
|
|t:|1736496661
|switch|p1a: Magnezone|Magnezone|58/100 par
|-damage|p1a: Magnezone|42/100 par|[from] Spikes
|turn|43
|
|t:|1736496664
|move|p2a: Tyranitar|Crunch|p1a: Magnezone
|-resisted|p1a: Magnezone
|-damage|p1a: Magnezone|20/100 par
|cant|p1a: Magnezone|par
|
|-weather|Sandstorm|[upkeep]
|upkeep
|turn|44
|
|t:|1736496669
|move|p2a: Tyranitar|Crunch|p1a: Magnezone
|-resisted|p1a: Magnezone
|-damage|p1a: Magnezone|0 fnt
|faint|p1a: Magnezone
|
|-weather|Sandstorm|[upkeep]
|upkeep
|
|t:|1736496671
|switch|p1a: Gastrodon|Gastrodon, M|100/100
|-damage|p1a: Gastrodon|84/100|[from] Spikes
|turn|45
|
|t:|1736496677
|move|p2a: Tyranitar|Crunch|p1a: Gastrodon
|-damage|p1a: Gastrodon|53/100
|move|p1a: Gastrodon|Scald|p2a: Tyranitar
|-supereffective|p2a: Tyranitar
|-damage|p2a: Tyranitar|39/100
|
|-weather|Sandstorm|[upkeep]
|-heal|p1a: Gastrodon|59/100|[from] item: Leftovers
|upkeep
|turn|46
|j| night suwu
|
|t:|1736496684
|move|p2a: Tyranitar|Crunch|p1a: Gastrodon
|-damage|p1a: Gastrodon|25/100
|move|p1a: Gastrodon|Recover|p1a: Gastrodon
|-heal|p1a: Gastrodon|75/100
|
|-weather|Sandstorm|[upkeep]
|-heal|p1a: Gastrodon|82/100|[from] item: Leftovers
|upkeep
|turn|47
|
|t:|1736496687
|move|p2a: Tyranitar|Crunch|p1a: Gastrodon
|-damage|p1a: Gastrodon|48/100
|-unboost|p1a: Gastrodon|def|1
|move|p1a: Gastrodon|Scald|p2a: Tyranitar
|-supereffective|p2a: Tyranitar
|-damage|p2a: Tyranitar|1/100
|-status|p2a: Tyranitar|brn
|
|-weather|Sandstorm|[upkeep]
|-heal|p1a: Gastrodon|54/100|[from] item: Leftovers
|-damage|p2a: Tyranitar|0 fnt|[from] brn
|faint|p2a: Tyranitar
|upkeep
|
|t:|1736496690
|switch|p2a: Skarmory|Skarmory, M|67/100
|-damage|p2a: Skarmory|54/100|[from] Stealth Rock
|turn|48
|
|t:|1736496693
|move|p2a: Skarmory|Roost|p2a: Skarmory
|-heal|p2a: Skarmory|100/100
|-singleturn|p2a: Skarmory|move: Roost
|move|p1a: Gastrodon|Recover|p1a: Gastrodon
|-heal|p1a: Gastrodon|100/100
|
|-weather|Sandstorm|[upkeep]
|upkeep
|turn|49
|
|t:|1736496697
|switch|p1a: Espeon|Espeon, F|84/100
|-damage|p1a: Espeon|68/100|[from] Spikes
|move|p2a: Skarmory|Brave Bird|p1a: Espeon
|-damage|p1a: Espeon|32/100
|-damage|p2a: Skarmory|89/100|[from] Recoil
|
|-weather|Sandstorm|[upkeep]
|-damage|p1a: Espeon|26/100|[from] Sandstorm
|-heal|p1a: Espeon|32/100|[from] item: Leftovers
|-heal|p2a: Skarmory|95/100|[from] item: Leftovers
|upkeep
|turn|50
|
|t:|1736496709
|move|p1a: Espeon|Future Sight|p2a: Skarmory
|-start|p1a: Espeon|move: Future Sight
|move|p2a: Skarmory|Brave Bird|p1a: Espeon
|-damage|p1a: Espeon|0 fnt
|faint|p1a: Espeon
|-damage|p2a: Skarmory|84/100|[from] Recoil
|
|-weather|Sandstorm|[upkeep]
|-heal|p2a: Skarmory|90/100|[from] item: Leftovers
|upkeep
|
|t:|1736496712
|switch|p1a: Gastrodon|Gastrodon, M|100/100
|-damage|p1a: Gastrodon|84/100|[from] Spikes
|turn|51
|
|t:|1736496714
|move|p2a: Skarmory|Brave Bird|p1a: Gastrodon
|-damage|p1a: Gastrodon|57/100
|-damage|p2a: Skarmory|79/100|[from] Recoil
|move|p1a: Gastrodon|Curse|p1a: Gastrodon
|-unboost|p1a: Gastrodon|spe|1
|-boost|p1a: Gastrodon|atk|1
|-boost|p1a: Gastrodon|def|1
|
|-weather|Sandstorm|[upkeep]
|-heal|p2a: Skarmory|85/100|[from] item: Leftovers
|-heal|p1a: Gastrodon|63/100|[from] item: Leftovers
|upkeep
|turn|52
|
|t:|1736496720
|move|p2a: Skarmory|Roost|p2a: Skarmory
|-heal|p2a: Skarmory|100/100
|-singleturn|p2a: Skarmory|move: Roost
|move|p1a: Gastrodon|Recover|p1a: Gastrodon
|-heal|p1a: Gastrodon|100/100
|
|-weather|Sandstorm|[upkeep]
|-end|p2a: Skarmory|move: Future Sight
|-resisted|p2a: Skarmory
|-damage|p2a: Skarmory|81/100
|-heal|p2a: Skarmory|87/100|[from] item: Leftovers
|upkeep
|turn|53
|
|t:|1736496723
|move|p2a: Skarmory|Brave Bird|p1a: Gastrodon
|-damage|p1a: Gastrodon|84/100
|-damage|p2a: Skarmory|80/100|[from] Recoil
|move|p1a: Gastrodon|Curse|p1a: Gastrodon
|-unboost|p1a: Gastrodon|spe|1
|-boost|p1a: Gastrodon|atk|1
|-boost|p1a: Gastrodon|def|1
|
|-weather|Sandstorm|[upkeep]
|-heal|p2a: Skarmory|86/100|[from] item: Leftovers
|-heal|p1a: Gastrodon|90/100|[from] item: Leftovers
|upkeep
|turn|54
|
|t:|1736496725
|move|p2a: Skarmory|Brave Bird|p1a: Gastrodon
|-damage|p1a: Gastrodon|76/100
|-damage|p2a: Skarmory|81/100|[from] Recoil
|move|p1a: Gastrodon|Curse|p1a: Gastrodon
|-unboost|p1a: Gastrodon|spe|1
|-boost|p1a: Gastrodon|atk|1
|-boost|p1a: Gastrodon|def|1
|
|-weather|Sandstorm|[upkeep]
|-heal|p2a: Skarmory|87/100|[from] item: Leftovers
|-heal|p1a: Gastrodon|83/100|[from] item: Leftovers
|upkeep
|turn|55
|
|t:|1736496727
|move|p2a: Skarmory|Brave Bird|p1a: Gastrodon
|-damage|p1a: Gastrodon|72/100
|-damage|p2a: Skarmory|82/100|[from] Recoil
|move|p1a: Gastrodon|Curse|p1a: Gastrodon
|-unboost|p1a: Gastrodon|spe|1
|-boost|p1a: Gastrodon|atk|1
|-boost|p1a: Gastrodon|def|1
|
|-weather|Sandstorm|[upkeep]
|-heal|p2a: Skarmory|88/100|[from] item: Leftovers
|-heal|p1a: Gastrodon|78/100|[from] item: Leftovers
|upkeep
|turn|56
|
|t:|1736496730
|move|p2a: Skarmory|Brave Bird|p1a: Gastrodon
|-damage|p1a: Gastrodon|69/100
|-damage|p2a: Skarmory|85/100|[from] Recoil
|move|p1a: Gastrodon|Recover|p1a: Gastrodon
|-heal|p1a: Gastrodon|100/100
|
|-weather|Sandstorm|[upkeep]
|-heal|p2a: Skarmory|91/100|[from] item: Leftovers
|upkeep
|turn|57
|
|t:|1736496732
|move|p2a: Skarmory|Brave Bird|p1a: Gastrodon
|-damage|p1a: Gastrodon|92/100
|-damage|p2a: Skarmory|87/100|[from] Recoil
|move|p1a: Gastrodon|Scald|p2a: Skarmory
|-damage|p2a: Skarmory|65/100
|-status|p2a: Skarmory|brn
|
|-weather|Sandstorm|[upkeep]
|-heal|p2a: Skarmory|71/100 brn|[from] item: Leftovers
|-heal|p1a: Gastrodon|98/100|[from] item: Leftovers
|-damage|p2a: Skarmory|59/100 brn|[from] brn
|upkeep
|turn|58
|
|t:|1736496735
|move|p2a: Skarmory|Roost|p2a: Skarmory
|-heal|p2a: Skarmory|100/100 brn
|-singleturn|p2a: Skarmory|move: Roost
|move|p1a: Gastrodon|Scald|p2a: Skarmory
|-damage|p2a: Skarmory|76/100 brn
|
|-weather|Sandstorm|[upkeep]
|-heal|p2a: Skarmory|82/100 brn|[from] item: Leftovers
|-heal|p1a: Gastrodon|100/100|[from] item: Leftovers
|-damage|p2a: Skarmory|70/100 brn|[from] brn
|upkeep
|turn|59
|-message|B1kharma forfeited.
|
|win|RainyDream sky
|raw|RainyDream sky's rating: 1409 &rarr; <strong>1436</strong><br />(+27 for winning)
|raw|B1kharma's rating: 1529 &rarr; <strong>1502</strong><br />(-27 for losing)
|l|☆B1kharma
|player|p2|
|l|☆RainyDream sky
|player|p1|
