|j|☆Weekend Wars
|j|☆Nando Il Dio
|player|p1|Weekend Wars|149
|player|p2|Nando Il Dio|257
|teamsize|p1|6
|teamsize|p2|6
|gametype|singles
|gen|5
|tier|[Gen 5] OU
|rated|
|rule|Sleep Clause Mod: Limit one foe put to sleep
|rule|Species Clause: Limit one of each Pokémon
|rule|OHKO Clause: OHKO moves are banned
|rule|Moody Clause: Moody is banned
|rule|Evasion Moves Clause: Evasion moves are banned
|rule|Endless Battle Clause: Forcing endless battles is banned
|rule|HP Percentage Mod: HP is shown in percentages
|rule|Evasion Abilities Clause: Evasion abilities are banned
|rule|Baton Pass Clause: Limit one Baton Passer, can't pass Spe and other stats simultaneously
|rule|Swagger Clause: Swagger is banned
|clearpoke
|poke|p1|Tyranitar, F|item
|poke|p1|Jellicent, M|item
|poke|p1|Roserade, F|item
|poke|p1|Jirachi|item
|poke|p1|Landorus-Therian, M|item
|poke|p1|Xatu, M|item
|poke|p2|Lucario, M|item
|poke|p2|Dragonite, M|item
|poke|p2|Donphan, M|item
|poke|p2|Rotom-Wash|item
|poke|p2|Scizor, M|item
|poke|p2|Latias, F|item
|teampreview
|inactive|Battle timer is ON: inactive players will automatically lose when time's up. (requested by Weekend Wars)
|j| Dire fire wolf
|l| Dire fire wolf
|inactive|Nando Il Dio has 120 seconds left.
|
|start
|switch|p1a: Landorus-T|Landorus-Therian, M|100/100
|switch|p2a: Scizor|Scizor, M|100/100
|-ability|p1a: Landorus-T|Intimidate|boost
|-unboost|p2a: Scizor|atk|1
|turn|1
|
|move|p2a: Scizor|U-turn|p1a: Landorus-T
|-resisted|p1a: Landorus-T
|-crit|p1a: Landorus-T
|-damage|p1a: Landorus-T|68/100
|c|☆Weekend Wars|wow
|
|switch|p2a: Donphan|Donphan, M|100/100
|move|p1a: Landorus-T|Stealth Rock|p2a: Donphan
|-sidestart|p2: Nando Il Dio|move: Stealth Rock
|
|-heal|p1a: Landorus-T|75/100|[from] item: Leftovers
|upkeep
|turn|2
|
|move|p2a: Donphan|Ice Shard|p1a: Landorus-T
|-supereffective|p1a: Landorus-T
|-damage|p1a: Landorus-T|26/100
|move|p1a: Landorus-T|U-turn|p2a: Donphan
|-damage|p2a: Donphan|86/100
|
|switch|p1a: Roserade|Roserade, F|100/100
|
|-heal|p2a: Donphan|92/100|[from] item: Leftovers
|upkeep
|turn|3
|
|switch|p2a: Latias|Latias, F|100/100
|-damage|p2a: Latias|88/100|[from] Stealth Rock
|move|p1a: Roserade|Spikes|p2a: Latias
|-sidestart|p2: Nando Il Dio|Spikes
|
|-heal|p2a: Latias|94/100|[from] item: Leftovers
|upkeep
|turn|4
|
|switch|p2a: Donphan|Donphan, M|92/100
|-damage|p2a: Donphan|79/100|[from] Spikes
|-damage|p2a: Donphan|73/100|[from] Stealth Rock
|move|p1a: Roserade|Spikes|p2a: Donphan
|-sidestart|p2: Nando Il Dio|Spikes
|
|-heal|p2a: Donphan|79/100|[from] item: Leftovers
|upkeep
|turn|5
|
|move|p1a: Roserade|Giga Drain|p2a: Donphan
|-supereffective|p2a: Donphan
|-damage|p2a: Donphan|0 fnt
|faint|p2a: Donphan
|
|upkeep
|
|switch|p2a: Dragonite|Dragonite, M|100/100
|-damage|p2a: Dragonite|76/100|[from] Stealth Rock
|turn|6
|
|switch|p1a: Landorus-T|Landorus-Therian, M|26/100
|-ability|p1a: Landorus-T|Intimidate|boost
|-unboost|p2a: Dragonite|atk|1
|move|p2a: Dragonite|Fire Punch|p1a: Landorus-T
|-damage|p1a: Landorus-T|3/100
|
|-heal|p1a: Landorus-T|9/100|[from] item: Leftovers
|upkeep
|turn|7
|
|switch|p1a: Jirachi|Jirachi|100/100
|move|p2a: Dragonite|Fire Punch|p1a: Jirachi
|-supereffective|p1a: Jirachi
|-damage|p1a: Jirachi|37/100
|
|upkeep
|turn|8
|
|switch|p2a: Rotom|Rotom-Wash|100/100
|-damage|p2a: Rotom|88/100|[from] Stealth Rock
|move|p1a: Jirachi|U-turn|p2a: Rotom
|-damage|p2a: Rotom|71/100
|
|switch|p1a: Roserade|Roserade, F|100/100
|
|-heal|p2a: Rotom|77/100|[from] item: Leftovers
|upkeep
|turn|9
|
|switch|p2a: Dragonite|Dragonite, M|76/100
|-damage|p2a: Dragonite|51/100|[from] Stealth Rock
|move|p1a: Roserade|Giga Drain|p2a: Dragonite
|-resisted|p2a: Dragonite
|-damage|p2a: Dragonite|44/100
|
|upkeep
|turn|10
|
|switch|p1a: Landorus-T|Landorus-Therian, M|9/100
|-ability|p1a: Landorus-T|Intimidate|boost
|-unboost|p2a: Dragonite|atk|1
|move|p2a: Dragonite|Fire Punch|p1a: Landorus-T
|-damage|p1a: Landorus-T|0 fnt
|faint|p1a: Landorus-T
|
|upkeep
|
|switch|p1a: Tyranitar|Tyranitar, F|100/100
|-weather|Sandstorm|[from] ability: Sand Stream|[of] p1a: Tyranitar
|turn|11
|l|☆Nando Il Dio
|inactive|Nando Il Dio disconnected and has a minute to reconnect!
|player|p2|
|inactive|Nando Il Dio has 60 seconds to reconnect!
|inactive|Nando Il Dio has 30 seconds to reconnect!
|j|☆Nando Il Dio
|inactive|Nando Il Dio reconnected and has 100 seconds left.
|player|p2|Nando Il Dio|257
|
|switch|p2a: Rotom|Rotom-Wash|77/100
|-damage|p2a: Rotom|64/100|[from] Stealth Rock
|switch|p1a: Jellicent|Jellicent, M|100/100
|
|-weather|Sandstorm|[upkeep]
|-damage|p2a: Rotom|58/100|[from] Sandstorm
|-damage|p1a: Jellicent|94/100|[from] Sandstorm
|-heal|p2a: Rotom|64/100|[from] item: Leftovers
|-heal|p1a: Jellicent|100/100|[from] item: Leftovers
|upkeep
|turn|12
|
|switch|p1a: Roserade|Roserade, F|100/100
|move|p2a: Rotom|Will-O-Wisp|p1a: Roserade|[miss]
|-miss|p2a: Rotom|p1a: Roserade
|
|-weather|Sandstorm|[upkeep]
|-damage|p1a: Roserade|94/100|[from] Sandstorm
|-damage|p2a: Rotom|58/100|[from] Sandstorm
|-heal|p1a: Roserade|100/100|[from] item: Black Sludge
|-heal|p2a: Rotom|64/100|[from] item: Leftovers
|upkeep
|turn|13
|
|switch|p2a: Scizor|Scizor, M|100/100
|-damage|p2a: Scizor|88/100|[from] Stealth Rock
|-damage|p2a: Scizor|72/100|[from] Spikes
|move|p1a: Roserade|Giga Drain|p2a: Scizor
|-resisted|p2a: Scizor
|-damage|p2a: Scizor|60/100
|
|-weather|Sandstorm|[upkeep]
|-damage|p1a: Roserade|94/100|[from] Sandstorm
|-heal|p1a: Roserade|100/100|[from] item: Black Sludge
|upkeep
|turn|14
|
|switch|p1a: Jellicent|Jellicent, M|100/100
|move|p2a: Scizor|U-turn|p1a: Jellicent
|-resisted|p1a: Jellicent
|-damage|p1a: Jellicent|86/100
|
|switch|p2a: Rotom|Rotom-Wash|64/100
|-damage|p2a: Rotom|52/100|[from] Stealth Rock
|
|-weather|Sandstorm|[upkeep]
|-damage|p2a: Rotom|46/100|[from] Sandstorm
|-damage|p1a: Jellicent|79/100|[from] Sandstorm
|-heal|p2a: Rotom|52/100|[from] item: Leftovers
|-heal|p1a: Jellicent|86/100|[from] item: Leftovers
|upkeep
|turn|15
|
|switch|p1a: Jirachi|Jirachi|37/100
|move|p2a: Rotom|Volt Switch|p1a: Jirachi
|-damage|p1a: Jirachi|11/100
|
|switch|p2a: Lucario|Lucario, M|100/100
|-damage|p2a: Lucario|84/100|[from] Spikes
|-damage|p2a: Lucario|81/100|[from] Stealth Rock
|
|-weather|Sandstorm|[upkeep]
|upkeep
|turn|16
|
|switch|p1a: Jellicent|Jellicent, M|86/100
|move|p2a: Lucario|Extreme Speed|p1a: Jellicent
|-immune|p1a: Jellicent|[msg]
|
|-weather|Sandstorm|[upkeep]
|-damage|p1a: Jellicent|79/100|[from] Sandstorm
|-heal|p1a: Jellicent|86/100|[from] item: Leftovers
|upkeep
|turn|17
|
|switch|p2a: Rotom|Rotom-Wash|52/100
|-damage|p2a: Rotom|39/100|[from] Stealth Rock
|move|p1a: Jellicent|Will-O-Wisp|p2a: Rotom
|-status|p2a: Rotom|brn
|
|-weather|Sandstorm|[upkeep]
|-damage|p2a: Rotom|33/100 brn|[from] Sandstorm
|-damage|p1a: Jellicent|79/100|[from] Sandstorm
|-heal|p2a: Rotom|39/100 brn|[from] item: Leftovers
|-heal|p1a: Jellicent|86/100|[from] item: Leftovers
|-damage|p2a: Rotom|27/100 brn|[from] brn
|upkeep
|turn|18
|
|switch|p1a: Roserade|Roserade, F|100/100
|move|p2a: Rotom|Volt Switch|p1a: Roserade
|-resisted|p1a: Roserade
|-damage|p1a: Roserade|91/100
|
|switch|p2a: Dragonite|Dragonite, M|44/100
|-damage|p2a: Dragonite|19/100|[from] Stealth Rock
|
|-weather|Sandstorm|[upkeep]
|-damage|p2a: Dragonite|13/100|[from] Sandstorm
|-damage|p1a: Roserade|85/100|[from] Sandstorm
|-heal|p1a: Roserade|91/100|[from] item: Black Sludge
|upkeep
|turn|19
|
|move|p2a: Dragonite|Outrage|p1a: Roserade
|-damage|p1a: Roserade|0 fnt
|faint|p1a: Roserade
|
|-weather|Sandstorm|[upkeep]
|-damage|p2a: Dragonite|6/100|[from] Sandstorm
|upkeep
|
|switch|p1a: Jirachi|Jirachi|11/100
|turn|20
|
|move|p1a: Jirachi|U-turn|p2a: Dragonite
|-resisted|p2a: Dragonite
|-damage|p2a: Dragonite|0 fnt
|faint|p2a: Dragonite
|
|switch|p1a: Xatu|Xatu, M|100/100
|
|-weather|Sandstorm|[upkeep]
|-damage|p1a: Xatu|95/100|[from] Sandstorm
|-heal|p1a: Xatu|100/100|[from] item: Leftovers
|upkeep
|
|switch|p2a: Rotom|Rotom-Wash|27/100 brn
|-damage|p2a: Rotom|14/100 brn|[from] Stealth Rock
|turn|21
|
|switch|p1a: Jirachi|Jirachi|11/100
|move|p2a: Rotom|Volt Switch|p1a: Jirachi
|-damage|p1a: Jirachi|0 fnt
|faint|p1a: Jirachi
|
|switch|p2a: Latias|Latias, F|94/100
|-damage|p2a: Latias|82/100|[from] Stealth Rock
|
|-weather|Sandstorm|[upkeep]
|-damage|p2a: Latias|76/100|[from] Sandstorm
|-heal|p2a: Latias|82/100|[from] item: Leftovers
|upkeep
|
|switch|p1a: Tyranitar|Tyranitar, F|100/100
|turn|22
|
|move|p2a: Latias|Substitute|p2a: Latias
|-start|p2a: Latias|Substitute
|-damage|p2a: Latias|57/100
|move|p1a: Tyranitar|Crunch|p2a: Latias
|-supereffective|p2a: Latias
|-end|p2a: Latias|Substitute
|
|-weather|Sandstorm|[upkeep]
|-damage|p2a: Latias|51/100|[from] Sandstorm
|-heal|p2a: Latias|57/100|[from] item: Leftovers
|upkeep
|turn|23
|
|switch|p2a: Lucario|Lucario, M|81/100
|-damage|p2a: Lucario|78/100|[from] Stealth Rock
|-damage|p2a: Lucario|62/100|[from] Spikes
|move|p1a: Tyranitar|Crunch|p2a: Lucario
|-resisted|p2a: Lucario
|-damage|p2a: Lucario|38/100
|-ability|p2a: Lucario|Justified|boost
|-boost|p2a: Lucario|atk|1
|
|-weather|Sandstorm|[upkeep]
|upkeep
|turn|24
|
|switch|p1a: Xatu|Xatu, M|100/100
|move|p2a: Lucario|Swords Dance|p2a: Lucario
|-boost|p2a: Lucario|atk|2
|
|-weather|Sandstorm|[upkeep]
|-damage|p1a: Xatu|95/100|[from] Sandstorm
|-heal|p1a: Xatu|100/100|[from] item: Leftovers
|upkeep
|turn|25
|
|move|p2a: Lucario|Ice Punch|p1a: Xatu
|-supereffective|p1a: Xatu
|-damage|p1a: Xatu|0 fnt
|-damage|p2a: Lucario|28/100|[from] item: Life Orb
|faint|p1a: Xatu
|
|-weather|Sandstorm|[upkeep]
|upkeep
|
|switch|p1a: Jellicent|Jellicent, M|86/100
|turn|26
|
|move|p2a: Lucario|Ice Punch|p1a: Jellicent
|-resisted|p1a: Jellicent
|-damage|p1a: Jellicent|55/100
|-damage|p2a: Lucario|18/100|[from] item: Life Orb
|move|p1a: Jellicent|Recover|p1a: Jellicent
|-heal|p1a: Jellicent|100/100
|
|-weather|Sandstorm|[upkeep]
|-damage|p1a: Jellicent|94/100|[from] Sandstorm
|-heal|p1a: Jellicent|100/100|[from] item: Leftovers
|upkeep
|turn|27
|
|move|p2a: Lucario|Ice Punch|p1a: Jellicent
|-resisted|p1a: Jellicent
|-damage|p1a: Jellicent|67/100
|-damage|p2a: Lucario|8/100|[from] item: Life Orb
|move|p1a: Jellicent|Scald|p2a: Lucario
|-damage|p2a: Lucario|0 fnt
|faint|p2a: Lucario
|
|-weather|Sandstorm|[upkeep]
|-damage|p1a: Jellicent|61/100|[from] Sandstorm
|-heal|p1a: Jellicent|67/100|[from] item: Leftovers
|upkeep
|
|switch|p2a: Rotom|Rotom-Wash|14/100 brn
|-damage|p2a: Rotom|2/100 brn|[from] Stealth Rock
|turn|28
|
|switch|p1a: Tyranitar|Tyranitar, F|100/100
|move|p2a: Rotom|Pain Split|p1a: Tyranitar
|-sethp|p1a: Tyranitar|51/100|p2a: Rotom|65/100 brn|[from] move: Pain Split
|
|-weather|Sandstorm|[upkeep]
|-damage|p2a: Rotom|59/100 brn|[from] Sandstorm
|-heal|p2a: Rotom|65/100 brn|[from] item: Leftovers
|-damage|p2a: Rotom|53/100 brn|[from] brn
|upkeep
|turn|29
|
|move|p2a: Rotom|Hydro Pump|p1a: Tyranitar|[miss]
|-miss|p2a: Rotom|p1a: Tyranitar
|move|p1a: Tyranitar|Crunch|p2a: Rotom
|-damage|p2a: Rotom|0 fnt
|faint|p2a: Rotom
|
|-weather|Sandstorm|[upkeep]
|upkeep
|
|switch|p2a: Scizor|Scizor, M|60/100
|-damage|p2a: Scizor|44/100|[from] Spikes
|-damage|p2a: Scizor|31/100|[from] Stealth Rock
|turn|30
|
|switch|p1a: Jellicent|Jellicent, M|67/100
|move|p2a: Scizor|U-turn|p1a: Jellicent
|-resisted|p1a: Jellicent
|-damage|p1a: Jellicent|54/100
|
|switch|p2a: Latias|Latias, F|57/100
|-damage|p2a: Latias|44/100|[from] Stealth Rock
|
|-weather|Sandstorm|[upkeep]
|-damage|p2a: Latias|38/100|[from] Sandstorm
|-damage|p1a: Jellicent|47/100|[from] Sandstorm
|-heal|p2a: Latias|44/100|[from] item: Leftovers
|-heal|p1a: Jellicent|54/100|[from] item: Leftovers
|upkeep
|turn|31
|c|☆Nando Il Dio|FUUUCK
|c|☆Nando Il Dio|noob
|
|switch|p1a: Tyranitar|Tyranitar, F|51/100
|move|p2a: Latias|Substitute|p2a: Latias
|-start|p2a: Latias|Substitute
|-damage|p2a: Latias|19/100
|
|-weather|Sandstorm|[upkeep]
|-damage|p2a: Latias|13/100|[from] Sandstorm
|-heal|p2a: Latias|19/100|[from] item: Leftovers
|upkeep
|turn|32
|
|move|p2a: Latias|Recover|p2a: Latias
|-heal|p2a: Latias|69/100
|move|p1a: Tyranitar|Crunch|p2a: Latias
|-supereffective|p2a: Latias
|-end|p2a: Latias|Substitute
|
|-weather|Sandstorm|[upkeep]
|-damage|p2a: Latias|63/100|[from] Sandstorm
|-heal|p2a: Latias|69/100|[from] item: Leftovers
|upkeep
|turn|33
|
|move|p2a: Latias|Substitute|p2a: Latias
|-start|p2a: Latias|Substitute
|-damage|p2a: Latias|44/100
|move|p1a: Tyranitar|Crunch|p2a: Latias
|-supereffective|p2a: Latias
|-end|p2a: Latias|Substitute
|
|-weather|Sandstorm|[upkeep]
|-damage|p2a: Latias|38/100|[from] Sandstorm
|-heal|p2a: Latias|44/100|[from] item: Leftovers
|upkeep
|turn|34
|
|move|p2a: Latias|Recover|p2a: Latias
|-heal|p2a: Latias|94/100
|move|p1a: Tyranitar|Crunch|p2a: Latias
|-supereffective|p2a: Latias
|-damage|p2a: Latias|0 fnt
|faint|p2a: Latias
|
|-weather|Sandstorm|[upkeep]
|upkeep
|
|switch|p2a: Scizor|Scizor, M|31/100
|-damage|p2a: Scizor|15/100|[from] Spikes
|-damage|p2a: Scizor|2/100|[from] Stealth Rock
|turn|35
|
|move|p2a: Scizor|U-turn|p1a: Tyranitar
|-supereffective|p1a: Tyranitar
|-damage|p1a: Tyranitar|0 fnt
|faint|p1a: Tyranitar
|
|-weather|Sandstorm|[upkeep]
|upkeep
|
|switch|p1a: Jellicent|Jellicent, M|54/100
|turn|36
|
|move|p2a: Scizor|U-turn|p1a: Jellicent
|-resisted|p1a: Jellicent
|-crit|p1a: Jellicent
|-damage|p1a: Jellicent|24/100
|move|p1a: Jellicent|Scald|p2a: Scizor
|-crit|p2a: Scizor
|-damage|p2a: Scizor|0 fnt
|faint|p2a: Scizor
|
|win|Weekend Wars
|l|☆Nando Il Dio
|raw|Weekend Wars's rating: 1518 &rarr; <strong>1538</strong><br />(+20 for winning)
|raw|Nando Il Dio's rating: 1515 &rarr; <strong>1495</strong><br />(-20 for losing)
|l|☆Weekend Wars
