|j|☆Crimsonbacon38
|j|☆Tb0lt
|t:|1721063015
|gametype|singles
|player|p1|Crimsonbacon38|barry|1274
|player|p2|Tb0lt|ethan-pokeathlon|1343
|teamsize|p1|6
|teamsize|p2|6
|gen|5
|tier|[Gen 5] OU
|rated|
|rule|Species Clause: Limit one of each Pokémon
|rule|OHKO Clause: OHKO moves are banned
|rule|Moody Clause: Moody is banned
|rule|Evasion Items Clause: Evasion items are banned
|rule|Evasion Moves Clause: Evasion moves are banned
|rule|Endless Battle Clause: Forcing endless battles is banned
|rule|HP Percentage Mod: HP is shown in percentages
|rule|Evasion Abilities Clause: Evasion abilities are banned
|rule|Sleep Moves Clause: Sleep-inducing moves are banned
|rule|Swagger Clause: Swagger is banned
|rule|Baton Pass Stat Clause: No Baton Passer may have a way to boost its stats
|clearpoke
|poke|p1|Garchomp, F|item
|poke|p1|Latios, M|item
|poke|p1|Dragonite, M|item
|poke|p1|Jirachi|item
|poke|p1|Starmie|item
|poke|p1|Magnezone|item
|poke|p2|Tyranitar, F|item
|poke|p2|Excadrill, F|item
|poke|p2|Slowbro, M|item
|poke|p2|Ferrothorn, M|item
|poke|p2|Latios, M|item
|poke|p2|Terrakion|item
|teampreview
|c|☆Tb0lt|glhf
|
|t:|1721063031
|start
|switch|p1a: Garchomp|Garchomp, F|100/100
|switch|p2a: Excadrill|Excadrill, F|100/100
|turn|1
|
|t:|1721063034
|switch|p2a: Slowbro|Slowbro, M|100/100
|move|p1a: Garchomp|Stealth Rock|p2a: Slowbro
|-sidestart|p2: Tb0lt|move: Stealth Rock
|
|upkeep
|turn|2
|
|t:|1721063043
|switch|p1a: Latios|Latios, M|100/100
|move|p2a: Slowbro|Scald|p1a: Latios
|-resisted|p1a: Latios
|-damage|p1a: Latios|86/100
|-status|p1a: Latios|brn
|
|-damage|p1a: Latios|74/100 brn|[from] brn
|upkeep
|turn|3
|
|t:|1721063051
|switch|p2a: Excadrill|Excadrill, F|100/100
|-damage|p2a: Excadrill|97/100|[from] Stealth Rock
|move|p1a: Latios|Grass Knot|p2a: Excadrill
|-damage|p2a: Excadrill|56/100
|
|-heal|p2a: Excadrill|63/100|[from] item: Leftovers
|-damage|p1a: Latios|62/100 brn|[from] brn
|upkeep
|turn|4
|
|t:|1721063062
|switch|p1a: Jirachi|Jirachi|100/100
|move|p2a: Excadrill|Rapid Spin|p1a: Jirachi
|-resisted|p1a: Jirachi
|-damage|p1a: Jirachi|96/100
|-sideend|p2: Tb0lt|Stealth Rock|[from] move: Rapid Spin|[of] p2a: Excadrill
|
|-heal|p2a: Excadrill|69/100|[from] item: Leftovers
|upkeep
|turn|5
|
|t:|1721063069
|move|p1a: Jirachi|U-turn|p2a: Excadrill
|-resisted|p2a: Excadrill
|-damage|p2a: Excadrill|54/100
|
|t:|1721063080
|switch|p1a: Starmie|Starmie|100/100|[from] U-turn
|-item|p1a: Starmie|Air Balloon
|move|p2a: Excadrill|Earthquake|p1a: Starmie
|-immune|p1a: Starmie
|
|-heal|p2a: Excadrill|60/100|[from] item: Leftovers
|upkeep
|turn|6
|
|t:|1721063087
|move|p2a: Excadrill|Protect|p2a: Excadrill
|-singleturn|p2a: Excadrill|Protect
|move|p1a: Starmie|Hydro Pump|p2a: Excadrill
|-activate|p2a: Excadrill|move: Protect
|
|-heal|p2a: Excadrill|66/100|[from] item: Leftovers
|upkeep
|turn|7
|
|t:|1721063095
|switch|p1a: Garchomp|Garchomp, F|100/100
|switch|p2a: Slowbro|Slowbro, M|100/100
|
|upkeep
|turn|8
|
|t:|1721063102
|move|p1a: Garchomp|Swords Dance|p1a: Garchomp
|-boost|p1a: Garchomp|atk|2
|move|p2a: Slowbro|Scald|p1a: Garchomp
|-damage|p1a: Garchomp|72/100
|
|upkeep
|turn|9
|
|t:|1721063106
|switch|p2a: Latios|Latios, M|100/100
|move|p1a: Garchomp|Stealth Rock|p2a: Latios
|-sidestart|p2: Tb0lt|move: Stealth Rock
|
|upkeep
|turn|10
|
|t:|1721063116
|switch|p2a: Excadrill|Excadrill, F|66/100
|-damage|p2a: Excadrill|63/100|[from] Stealth Rock
|switch|p1a: Jirachi|Jirachi|96/100
|
|-heal|p2a: Excadrill|69/100|[from] item: Leftovers
|upkeep
|turn|11
|
|t:|1721063119
|move|p1a: Jirachi|U-turn|p2a: Excadrill
|-resisted|p2a: Excadrill
|-damage|p2a: Excadrill|55/100
|
|t:|1721063129
|switch|p1a: Latios|Latios, M|62/100 brn|[from] U-turn
|move|p2a: Excadrill|Rapid Spin|p1a: Latios
|-damage|p1a: Latios|51/100 brn
|-sideend|p2: Tb0lt|Stealth Rock|[from] move: Rapid Spin|[of] p2a: Excadrill
|
|-heal|p2a: Excadrill|61/100|[from] item: Leftovers
|-damage|p1a: Latios|39/100 brn|[from] brn
|upkeep
|turn|12
|
|t:|1721063134
|move|p2a: Excadrill|Protect|p2a: Excadrill
|-singleturn|p2a: Excadrill|Protect
|move|p1a: Latios|Surf|p2a: Excadrill
|-activate|p2a: Excadrill|move: Protect
|
|-heal|p2a: Excadrill|68/100|[from] item: Leftovers
|-damage|p1a: Latios|27/100 brn|[from] brn
|upkeep
|turn|13
|
|t:|1721063140
|switch|p1a: Magnezone|Magnezone|100/100
|switch|p2a: Slowbro|Slowbro, M|100/100
|
|upkeep
|turn|14
|
|t:|1721063148
|switch|p2a: Excadrill|Excadrill, F|68/100
|move|p1a: Magnezone|Hidden Power|p2a: Excadrill
|-supereffective|p2a: Excadrill
|-damage|p2a: Excadrill|0 fnt
|faint|p2a: Excadrill
|
|upkeep
|
|t:|1721063155
|switch|p2a: Terrakion|Terrakion|100/100
|turn|15
|
|t:|1721063161
|switch|p1a: Latios|Latios, M|27/100 brn
|move|p2a: Terrakion|Close Combat|p1a: Latios
|-resisted|p1a: Latios
|-damage|p1a: Latios|0 fnt
|-unboost|p2a: Terrakion|def|1
|-unboost|p2a: Terrakion|spd|1
|faint|p1a: Latios
|
|upkeep
|
|t:|1721063168
|switch|p1a: Garchomp|Garchomp, F|72/100
|turn|16
|
|t:|1721063172
|move|p2a: Terrakion|Close Combat|p1a: Garchomp
|-damage|p1a: Garchomp|0 fnt
|-unboost|p2a: Terrakion|def|1
|-unboost|p2a: Terrakion|spd|1
|-damage|p2a: Terrakion|88/100|[from] ability: Rough Skin|[of] p1a: Garchomp
|faint|p1a: Garchomp
|
|upkeep
|
|t:|1721063180
|switch|p1a: Dragonite|Dragonite, M|100/100
|turn|17
|
|t:|1721063184
|switch|p2a: Tyranitar|Tyranitar, F|100/100
|-weather|Sandstorm|[from] ability: Sand Stream|[of] p2a: Tyranitar
|move|p1a: Dragonite|Dragon Dance|p1a: Dragonite
|-boost|p1a: Dragonite|atk|1
|-boost|p1a: Dragonite|spe|1
|
|-weather|Sandstorm|[upkeep]
|-damage|p1a: Dragonite|94/100|[from] Sandstorm
|upkeep
|turn|18
|
|t:|1721063204
|move|p1a: Dragonite|Dragon Dance|p1a: Dragonite
|-boost|p1a: Dragonite|atk|1
|-boost|p1a: Dragonite|spe|1
|move|p2a: Tyranitar|Crunch|p1a: Dragonite
|-damage|p1a: Dragonite|48/100
|-unboost|p1a: Dragonite|def|1
|
|-weather|Sandstorm|[upkeep]
|-damage|p1a: Dragonite|42/100|[from] Sandstorm
|upkeep
|turn|19
|
|t:|1721063213
|switch|p2a: Latios|Latios, M|100/100
|move|p1a: Dragonite|Earthquake|p2a: Latios
|-immune|p2a: Latios|[from] ability: Levitate
|
|-weather|Sandstorm|[upkeep]
|-damage|p2a: Latios|95/100|[from] Sandstorm
|-damage|p1a: Dragonite|35/100|[from] Sandstorm
|upkeep
|turn|20
|
|t:|1721063219
|switch|p2a: Ferrothorn|Ferrothorn, M|100/100
|move|p1a: Dragonite|Outrage|p2a: Ferrothorn
|-resisted|p2a: Ferrothorn
|-damage|p2a: Ferrothorn|49/100
|-damage|p1a: Dragonite|23/100|[from] ability: Iron Barbs|[of] p2a: Ferrothorn
|
|-weather|Sandstorm|[upkeep]
|-damage|p1a: Dragonite|17/100|[from] Sandstorm
|-heal|p2a: Ferrothorn|55/100|[from] item: Leftovers
|upkeep
|turn|21
|
|t:|1721063223
|move|p1a: Dragonite|Outrage|p2a: Ferrothorn|[from]lockedmove
|-resisted|p2a: Ferrothorn
|-crit|p2a: Ferrothorn
|-damage|p2a: Ferrothorn|0 fnt
|-damage|p1a: Dragonite|5/100|[from] ability: Iron Barbs|[of] p2a: Ferrothorn
|faint|p2a: Ferrothorn
|-start|p1a: Dragonite|confusion|[fatigue]
|-enditem|p1a: Dragonite|Lum Berry|[eat]
|-end|p1a: Dragonite|confusion
|
|-weather|Sandstorm|[upkeep]
|-damage|p1a: Dragonite|0 fnt|[from] Sandstorm
|faint|p1a: Dragonite
|upkeep
|
|t:|1721063237
|switch|p1a: Magnezone|Magnezone|100/100
|switch|p2a: Slowbro|Slowbro, M|100/100
|turn|22
|
|t:|1721063243
|switch|p2a: Tyranitar|Tyranitar, F|100/100
|move|p1a: Magnezone|Thunderbolt|p2a: Tyranitar
|-damage|p2a: Tyranitar|68/100
|
|-weather|Sandstorm|[upkeep]
|upkeep
|turn|23
|
|t:|1721063249
|switch|p1a: Jirachi|Jirachi|96/100
|move|p2a: Tyranitar|Thunder Wave|p1a: Jirachi
|-status|p1a: Jirachi|par
|
|-weather|Sandstorm|[upkeep]
|upkeep
|turn|24
|
|t:|1721063253
|switch|p2a: Slowbro|Slowbro, M|100/100
|cant|p1a: Jirachi|par
|
|-weather|Sandstorm|[upkeep]
|-damage|p2a: Slowbro|94/100|[from] Sandstorm
|upkeep
|turn|25
|
|t:|1721063259
|switch|p2a: Tyranitar|Tyranitar, F|68/100
|move|p1a: Jirachi|U-turn|p2a: Tyranitar
|-supereffective|p2a: Tyranitar
|-crit|p2a: Tyranitar
|-damage|p2a: Tyranitar|3/100
|
|t:|1721063268
|switch|p1a: Starmie|Starmie|100/100|[from] U-turn
|-item|p1a: Starmie|Air Balloon
|
|-weather|Sandstorm|[upkeep]
|-damage|p1a: Starmie|94/100|[from] Sandstorm
|upkeep
|turn|26
|
|t:|1721063271
|move|p1a: Starmie|Thunderbolt|p2a: Tyranitar
|-damage|p2a: Tyranitar|0 fnt
|faint|p2a: Tyranitar
|
|-weather|Sandstorm|[upkeep]
|-damage|p1a: Starmie|88/100|[from] Sandstorm
|upkeep
|
|t:|1721063273
|switch|p2a: Latios|Latios, M|95/100
|turn|27
|
|t:|1721063277
|switch|p1a: Jirachi|Jirachi|96/100 par
|move|p2a: Latios|Draco Meteor|p1a: Jirachi|[miss]
|-miss|p2a: Latios|p1a: Jirachi
|
|-weather|Sandstorm|[upkeep]
|-damage|p2a: Latios|89/100|[from] Sandstorm
|upkeep
|turn|28
|
|t:|1721063283
|switch|p2a: Slowbro|Slowbro, M|100/100
|move|p1a: Jirachi|U-turn|p2a: Slowbro
|-supereffective|p2a: Slowbro
|-damage|p2a: Slowbro|75/100
|-damage|p1a: Jirachi|80/100 par|[from] item: Rocky Helmet|[of] p2a: Slowbro
|
|t:|1721063288
|switch|p1a: Magnezone|Magnezone|100/100|[from] U-turn
|
|-weather|Sandstorm|[upkeep]
|-damage|p2a: Slowbro|69/100|[from] Sandstorm
|upkeep
|turn|29
|
|t:|1721063292
|move|p1a: Magnezone|Volt Switch|p2a: Slowbro
|-supereffective|p2a: Slowbro
|-damage|p2a: Slowbro|0 fnt
|faint|p2a: Slowbro
|
|t:|1721063300
|switch|p1a: Jirachi|Jirachi|80/100 par|[from] Volt Switch
|
|-weather|Sandstorm|[upkeep]
|upkeep
|
|t:|1721063302
|switch|p2a: Terrakion|Terrakion|88/100
|turn|30
|
|t:|1721063309
|move|p2a: Terrakion|Close Combat|p1a: Jirachi
|-damage|p1a: Jirachi|0 fnt
|-unboost|p2a: Terrakion|def|1
|-unboost|p2a: Terrakion|spd|1
|faint|p1a: Jirachi
|
|-weather|Sandstorm|[upkeep]
|upkeep
|
|t:|1721063315
|switch|p1a: Starmie|Starmie|88/100
|-item|p1a: Starmie|Air Balloon
|turn|31
|
|t:|1721063318
|switch|p2a: Latios|Latios, M|89/100
|move|p1a: Starmie|Hydro Pump|p2a: Latios
|-resisted|p2a: Latios
|-damage|p2a: Latios|53/100
|
|-weather|Sandstorm|[upkeep]
|-damage|p2a: Latios|47/100|[from] Sandstorm
|-damage|p1a: Starmie|82/100|[from] Sandstorm
|upkeep
|turn|32
|
|t:|1721063323
|switch|p1a: Magnezone|Magnezone|100/100
|move|p2a: Latios|Draco Meteor|p1a: Magnezone
|-resisted|p1a: Magnezone
|-damage|p1a: Magnezone|55/100
|-unboost|p2a: Latios|spa|2
|
|-weather|Sandstorm|[upkeep]
|-damage|p2a: Latios|41/100|[from] Sandstorm
|upkeep
|turn|33
|
|t:|1721063333
|switch|p2a: Terrakion|Terrakion|88/100
|move|p1a: Magnezone|Flash Cannon|p2a: Terrakion
|-supereffective|p2a: Terrakion
|-damage|p2a: Terrakion|0 fnt
|faint|p2a: Terrakion
|
|-weather|Sandstorm|[upkeep]
|upkeep
|c|☆Tb0lt|gg
|-message|Tb0lt forfeited.
|
|win|Crimsonbacon38
|raw|Crimsonbacon38's rating: 1274 &rarr; <strong>1304</strong><br />(+30 for winning)
|raw|Tb0lt's rating: 1343 &rarr; <strong>1319</strong><br />(-24 for losing)
|l|☆Tb0lt
|player|p2|
|c|☆Crimsonbacon38|gg
