|j|☆Excaliburn88tests
|j|☆123p123
|t:|1716766303
|gametype|singles
|player|p1|Excaliburn88tests|bellelba|1374
|player|p2|123p123|2|1321
|teamsize|p1|6
|teamsize|p2|6
|gen|5
|tier|[Gen 5] OU
|rated|
|rule|Species Clause: Limit one of each Pokémon
|rule|OHKO Clause: OHKO moves are banned
|rule|Moody Clause: Moody is banned
|rule|Evasion Items Clause: Evasion items are banned
|rule|Evasion Moves Clause: Evasion moves are banned
|rule|Endless Battle Clause: Forcing endless battles is banned
|rule|HP Percentage Mod: HP is shown in percentages
|rule|Evasion Abilities Clause: Evasion abilities are banned
|rule|Sleep Moves Clause: Sleep-inducing moves are banned
|rule|Swagger Clause: Swagger is banned
|rule|Baton Pass Stat Clause: No Baton Passer may have a way to boost its stats
|clearpoke
|poke|p1|Ninetales, F|item
|poke|p1|Heatran, F|item
|poke|p1|Excadrill, F|item
|poke|p1|Scizor, F|item
|poke|p1|Xatu, M|item
|poke|p1|Zapdos|item
|poke|p2|Landorus-Therian, M|item
|poke|p2|Starmie|item
|poke|p2|Dragonite, M|item
|poke|p2|Magnezone|item
|poke|p2|Chansey, F|item
|poke|p2|Weavile, M|item
|teampreview
|inactive|Battle timer is ON: inactive players will automatically lose when time's up. (requested by 123p123)
|
|t:|1716766315
|start
|switch|p1a: arclight|Zapdos, shiny|100/100
|switch|p2a: Landorus|Landorus-Therian, M|100/100
|-ability|p2a: Landorus|Intimidate|boost
|-unboost|p1a: arclight|atk|1
|-ability|p1a: arclight|Pressure
|turn|1
|
|t:|1716766327
|switch|p2a: Chansey|Chansey, F|100/100
|switch|p1a: one drippy birb|Xatu, M, shiny|100/100
|
|upkeep
|turn|2
|
|t:|1716766333
|move|p1a: one drippy birb|U-turn|p2a: Chansey
|-damage|p2a: Chansey|90/100
|
|t:|1716766337
|switch|p1a: Kirei|Excadrill, F, shiny|100/100|[from] U-turn
|-ability|p1a: Kirei|Mold Breaker
|move|p2a: Chansey|Seismic Toss|p1a: Kirei
|-damage|p1a: Kirei|75/100
|
|-heal|p1a: Kirei|81/100|[from] item: Leftovers
|upkeep
|turn|3
|
|t:|1716766344
|move|p1a: Kirei|Stealth Rock|p2a: Chansey
|-sidestart|p2: 123p123|move: Stealth Rock
|move|p2a: Chansey|Seismic Toss|p1a: Kirei
|-damage|p1a: Kirei|55/100
|
|-heal|p1a: Kirei|61/100|[from] item: Leftovers
|upkeep
|turn|4
|
|t:|1716766363
|switch|p1a: one drippy birb|Xatu, M, shiny|100/100
|move|p2a: Chansey|Seismic Toss|p1a: one drippy birb
|-damage|p1a: one drippy birb|67/100
|-damage|p2a: Chansey|73/100|[from] item: Rocky Helmet|[of] p1a: one drippy birb
|
|upkeep
|turn|5
|
|t:|1716766371
|move|p1a: one drippy birb|U-turn|p2a: Chansey
|-damage|p2a: Chansey|63/100
|
|t:|1716766374
|switch|p1a: Maxilos|Scizor, F|100/100|[from] U-turn
|move|p2a: Chansey|Seismic Toss|p1a: Maxilos
|-damage|p1a: Maxilos|68/100
|
|-heal|p1a: Maxilos|74/100|[from] item: Leftovers
|upkeep
|turn|6
|
|t:|1716766381
|switch|p2a: Landorus|Landorus-Therian, M|100/100
|-damage|p2a: Landorus|88/100|[from] Stealth Rock
|-ability|p2a: Landorus|Intimidate|boost
|-unboost|p1a: Maxilos|atk|1
|move|p1a: Maxilos|U-turn|p2a: Landorus
|-resisted|p2a: Landorus
|-damage|p2a: Landorus|74/100
|
|t:|1716766389
|switch|p1a: arclight|Zapdos, shiny|100/100|[from] U-turn
|-ability|p1a: arclight|Pressure
|
|upkeep
|turn|7
|
|t:|1716766393
|move|p2a: Landorus|U-turn|p1a: arclight
|-resisted|p1a: arclight
|-damage|p1a: arclight|88/100
|
|t:|1716766399
|switch|p2a: Chansey|Chansey, F|63/100|[from] U-turn
|-damage|p2a: Chansey|51/100|[from] Stealth Rock
|move|p1a: arclight|Hidden Power|p2a: Chansey
|-damage|p2a: Chansey|46/100
|
|-heal|p1a: arclight|94/100|[from] item: Leftovers
|upkeep
|turn|8
|
|t:|1716766406
|switch|p1a: Maxilos|Scizor, F|74/100
|move|p2a: Chansey|Soft-Boiled|p2a: Chansey
|-heal|p2a: Chansey|96/100
|
|-heal|p1a: Maxilos|80/100|[from] item: Leftovers
|upkeep
|turn|9
|
|t:|1716766417
|move|p1a: Maxilos|U-turn|p2a: Chansey
|-damage|p2a: Chansey|64/100
|
|t:|1716766430
|switch|p1a: one drippy birb|Xatu, M, shiny|67/100|[from] U-turn
|move|p2a: Chansey|Seismic Toss|p1a: one drippy birb
|-damage|p1a: one drippy birb|34/100
|-damage|p2a: Chansey|47/100|[from] item: Rocky Helmet|[of] p1a: one drippy birb
|
|upkeep
|turn|10
|
|t:|1716766437
|move|p1a: one drippy birb|Roost|p1a: one drippy birb
|-heal|p1a: one drippy birb|84/100
|-singleturn|p1a: one drippy birb|move: Roost
|move|p2a: Chansey|Seismic Toss|p1a: one drippy birb
|-damage|p1a: one drippy birb|50/100
|-damage|p2a: Chansey|30/100|[from] item: Rocky Helmet|[of] p1a: one drippy birb
|
|upkeep
|turn|11
|
|t:|1716766441
|move|p1a: one drippy birb|Roost|p1a: one drippy birb
|-heal|p1a: one drippy birb|100/100
|-singleturn|p1a: one drippy birb|move: Roost
|move|p2a: Chansey|Soft-Boiled|p2a: Chansey
|-heal|p2a: Chansey|80/100
|
|upkeep
|turn|12
|
|t:|1716766447
|switch|p2a: Magnezone|Magnezone|100/100
|-damage|p2a: Magnezone|94/100|[from] Stealth Rock
|-item|p2a: Magnezone|Air Balloon
|move|p1a: one drippy birb|U-turn|p2a: Magnezone
|-resisted|p2a: Magnezone
|-damage|p2a: Magnezone|88/100
|-enditem|p2a: Magnezone|Air Balloon
|
|t:|1716766453
|switch|p1a: Kirei|Excadrill, F, shiny|61/100|[from] U-turn
|-ability|p1a: Kirei|Mold Breaker
|
|-heal|p1a: Kirei|67/100|[from] item: Leftovers
|upkeep
|turn|13
|
|t:|1716766458
|move|p1a: Kirei|Earthquake|p2a: Magnezone
|-supereffective|p2a: Magnezone
|-damage|p2a: Magnezone|0 fnt
|faint|p2a: Magnezone
|
|-heal|p1a: Kirei|73/100|[from] item: Leftovers
|upkeep
|
|t:|1716766466
|switch|p2a: Starmie|Starmie|100/100
|-damage|p2a: Starmie|88/100|[from] Stealth Rock
|-item|p2a: Starmie|Air Balloon
|turn|14
|
|t:|1716766470
|switch|p1a: All Apologies|Ninetales, F, shiny|100/100
|-weather|SunnyDay|[from] ability: Drought|[of] p1a: All Apologies
|move|p2a: Starmie|Hydro Pump|p1a: All Apologies
|-supereffective|p1a: All Apologies
|-damage|p1a: All Apologies|41/100
|
|-weather|SunnyDay|[upkeep]
|-heal|p1a: All Apologies|47/100|[from] item: Leftovers
|upkeep
|turn|15
|
|t:|1716766477
|move|p2a: Starmie|Hydro Pump|p1a: All Apologies
|-supereffective|p1a: All Apologies
|-damage|p1a: All Apologies|2/100
|move|p1a: All Apologies|Pain Split|p2a: Starmie
|-sethp|p2a: Starmie|45/100|[from] move: Pain Split|[silent]
|-sethp|p1a: All Apologies|37/100|[from] move: Pain Split
|
|-weather|SunnyDay|[upkeep]
|-heal|p1a: All Apologies|43/100|[from] item: Leftovers
|upkeep
|turn|16
|
|t:|1716766483
|switch|p1a: arclight|Zapdos, shiny|94/100
|-ability|p1a: arclight|Pressure
|move|p2a: Starmie|Hydro Pump|p1a: arclight
|-damage|p1a: arclight|68/100
|
|-weather|SunnyDay|[upkeep]
|-heal|p1a: arclight|74/100|[from] item: Leftovers
|upkeep
|turn|17
|
|t:|1716766493
|switch|p1a: PIZZA NIGHTMARE|Heatran, F, shiny|100/100
|move|p2a: Starmie|Ice Beam|p1a: PIZZA NIGHTMARE
|-resisted|p1a: PIZZA NIGHTMARE
|-damage|p1a: PIZZA NIGHTMARE|94/100
|
|-weather|SunnyDay|[upkeep]
|-heal|p1a: PIZZA NIGHTMARE|99/100|[from] item: Leftovers
|upkeep
|turn|18
|
|t:|1716766506
|move|p2a: Starmie|Rapid Spin|p1a: PIZZA NIGHTMARE
|-resisted|p1a: PIZZA NIGHTMARE
|-crit|p1a: PIZZA NIGHTMARE
|-damage|p1a: PIZZA NIGHTMARE|97/100
|-sideend|p2: 123p123|Stealth Rock|[from] move: Rapid Spin|[of] p2a: Starmie
|move|p1a: PIZZA NIGHTMARE|Torment|p2a: Starmie
|-start|p2a: Starmie|Torment
|
|-weather|SunnyDay|[upkeep]
|-heal|p1a: PIZZA NIGHTMARE|100/100|[from] item: Leftovers
|upkeep
|turn|19
|
|t:|1716766512
|move|p2a: Starmie|Hydro Pump|p1a: PIZZA NIGHTMARE
|-supereffective|p1a: PIZZA NIGHTMARE
|-damage|p1a: PIZZA NIGHTMARE|57/100
|move|p1a: PIZZA NIGHTMARE|Lava Plume|p2a: Starmie
|-resisted|p2a: Starmie
|-damage|p2a: Starmie|6/100
|-enditem|p2a: Starmie|Air Balloon
|
|-weather|SunnyDay|[upkeep]
|-heal|p1a: PIZZA NIGHTMARE|64/100|[from] item: Leftovers
|upkeep
|turn|20
|
|t:|1716766527
|move|p2a: Starmie|Thunderbolt|p1a: PIZZA NIGHTMARE
|-damage|p1a: PIZZA NIGHTMARE|43/100
|move|p1a: PIZZA NIGHTMARE|Substitute|p1a: PIZZA NIGHTMARE
|-start|p1a: PIZZA NIGHTMARE|Substitute
|-damage|p1a: PIZZA NIGHTMARE|18/100
|
|-weather|SunnyDay|[upkeep]
|-heal|p1a: PIZZA NIGHTMARE|24/100|[from] item: Leftovers
|upkeep
|turn|21
|
|t:|1716766532
|move|p1a: PIZZA NIGHTMARE|Protect|p1a: PIZZA NIGHTMARE
|-singleturn|p1a: PIZZA NIGHTMARE|Protect
|move|p2a: Starmie|Hydro Pump|p1a: PIZZA NIGHTMARE
|-activate|p1a: PIZZA NIGHTMARE|move: Protect
|
|-weather|SunnyDay|[upkeep]
|-heal|p1a: PIZZA NIGHTMARE|30/100|[from] item: Leftovers
|upkeep
|turn|22
|
|t:|1716766538
|move|p2a: Starmie|Thunderbolt|p1a: PIZZA NIGHTMARE
|-activate|p1a: PIZZA NIGHTMARE|Substitute|[damage]
|move|p1a: PIZZA NIGHTMARE|Lava Plume|p2a: Starmie
|-resisted|p2a: Starmie
|-damage|p2a: Starmie|0 fnt
|faint|p2a: Starmie
|
|-weather|SunnyDay|[upkeep]
|-heal|p1a: PIZZA NIGHTMARE|36/100|[from] item: Leftovers
|upkeep
|
|t:|1716766543
|switch|p2a: Landorus|Landorus-Therian, M|74/100
|-ability|p2a: Landorus|Intimidate|boost
|-immune|p1a: PIZZA NIGHTMARE
|turn|23
|
|t:|1716766554
|move|p2a: Landorus|U-turn|p1a: PIZZA NIGHTMARE
|-resisted|p1a: PIZZA NIGHTMARE
|-end|p1a: PIZZA NIGHTMARE|Substitute
|
|t:|1716766558
|switch|p2a: Chansey|Chansey, F|80/100|[from] U-turn
|move|p1a: PIZZA NIGHTMARE|Torment|p2a: Chansey
|-start|p2a: Chansey|Torment
|
|-weather|SunnyDay|[upkeep]
|-heal|p1a: PIZZA NIGHTMARE|42/100|[from] item: Leftovers
|upkeep
|turn|24
|
|t:|1716766562
|switch|p1a: Kirei|Excadrill, F, shiny|73/100
|-ability|p1a: Kirei|Mold Breaker
|move|p2a: Chansey|Seismic Toss|p1a: Kirei
|-damage|p1a: Kirei|48/100
|
|-weather|SunnyDay|[upkeep]
|-heal|p1a: Kirei|54/100|[from] item: Leftovers
|upkeep
|turn|25
|
|t:|1716766572
|switch|p2a: Landorus|Landorus-Therian, M|74/100
|-ability|p2a: Landorus|Intimidate|boost
|-unboost|p1a: Kirei|atk|1
|move|p1a: Kirei|Stealth Rock|p2a: Landorus
|-sidestart|p2: 123p123|move: Stealth Rock
|
|-weather|SunnyDay|[upkeep]
|-heal|p1a: Kirei|60/100|[from] item: Leftovers
|upkeep
|turn|26
|
|t:|1716766577
|move|p1a: Kirei|Protect|p1a: Kirei
|-singleturn|p1a: Kirei|Protect
|move|p2a: Landorus|Stealth Rock|p1a: Kirei
|-sidestart|p1: Excaliburn88tests|move: Stealth Rock
|
|-weather|SunnyDay|[upkeep]
|-heal|p1a: Kirei|66/100|[from] item: Leftovers
|upkeep
|turn|27
|j| lastnamehndrx
|
|t:|1716766589
|switch|p2a: Weavile|Weavile, M|100/100
|-damage|p2a: Weavile|76/100|[from] Stealth Rock
|-ability|p2a: Weavile|Pressure
|move|p1a: Kirei|Rapid Spin|p2a: Weavile
|-damage|p2a: Weavile|68/100
|-sideend|p1: Excaliburn88tests|Stealth Rock|[from] move: Rapid Spin|[of] p1a: Kirei
|
|-weather|SunnyDay|[upkeep]
|-heal|p1a: Kirei|72/100|[from] item: Leftovers
|upkeep
|turn|28
|l| lastnamehndrx
|
|t:|1716766616
|switch|p1a: PIZZA NIGHTMARE|Heatran, F, shiny|42/100
|move|p2a: Weavile|Low Kick|p1a: PIZZA NIGHTMARE
|-supereffective|p1a: PIZZA NIGHTMARE
|-damage|p1a: PIZZA NIGHTMARE|0 fnt
|faint|p1a: PIZZA NIGHTMARE
|-damage|p2a: Weavile|58/100|[from] item: Life Orb
|
|-weather|SunnyDay|[upkeep]
|upkeep
|
|t:|1716766621
|switch|p1a: Maxilos|Scizor, F|80/100
|turn|29
|
|t:|1716766626
|switch|p2a: Landorus|Landorus-Therian, M|74/100
|-damage|p2a: Landorus|61/100|[from] Stealth Rock
|-ability|p2a: Landorus|Intimidate|boost
|-unboost|p1a: Maxilos|atk|1
|move|p1a: Maxilos|Swords Dance|p1a: Maxilos
|-boost|p1a: Maxilos|atk|2
|
|-weather|SunnyDay|[upkeep]
|-heal|p1a: Maxilos|86/100|[from] item: Leftovers
|upkeep
|turn|30
|
|t:|1716766638
|move|p2a: Landorus|Stealth Rock|p1a: Maxilos
|-sidestart|p1: Excaliburn88tests|move: Stealth Rock
|move|p1a: Maxilos|Roost|p1a: Maxilos
|-heal|p1a: Maxilos|100/100
|-singleturn|p1a: Maxilos|move: Roost
|
|-weather|SunnyDay|[upkeep]
|upkeep
|turn|31
|
|t:|1716766644
|switch|p2a: Chansey|Chansey, F|80/100
|-damage|p2a: Chansey|68/100|[from] Stealth Rock
|move|p1a: Maxilos|Swords Dance|p1a: Maxilos
|-boost|p1a: Maxilos|atk|2
|
|-weather|SunnyDay|[upkeep]
|upkeep
|turn|32
|
|t:|1716766650
|move|p1a: Maxilos|Bullet Punch|p2a: Chansey
|-damage|p2a: Chansey|0 fnt
|faint|p2a: Chansey
|
|-weather|SunnyDay|[upkeep]
|upkeep
|
|t:|1716766655
|switch|p2a: Landorus|Landorus-Therian, M|61/100
|-damage|p2a: Landorus|49/100|[from] Stealth Rock
|-ability|p2a: Landorus|Intimidate|boost
|-unboost|p1a: Maxilos|atk|1
|turn|33
|
|t:|1716766659
|move|p1a: Maxilos|Bullet Punch|p2a: Landorus
|-damage|p2a: Landorus|0 fnt
|faint|p2a: Landorus
|
|-weather|SunnyDay|[upkeep]
|upkeep
|
|t:|1716766662
|switch|p2a: Dragonite|Dragonite, M|100/100
|-damage|p2a: Dragonite|76/100|[from] Stealth Rock
|turn|34
|
|t:|1716766666
|move|p1a: Maxilos|Bullet Punch|p2a: Dragonite
|-damage|p2a: Dragonite|0 fnt
|faint|p2a: Dragonite
|
|-weather|SunnyDay|[upkeep]
|upkeep
|
|t:|1716766668
|switch|p2a: Weavile|Weavile, M|58/100
|-damage|p2a: Weavile|33/100|[from] Stealth Rock
|-ability|p2a: Weavile|Pressure
|turn|35
|
|t:|1716766671
|move|p2a: Weavile|Ice Shard|p1a: Maxilos
|-resisted|p1a: Maxilos
|-damage|p1a: Maxilos|87/100
|-damage|p2a: Weavile|23/100|[from] item: Life Orb
|move|p1a: Maxilos|Bullet Punch|p2a: Weavile
|-supereffective|p2a: Weavile
|-damage|p2a: Weavile|0 fnt
|faint|p2a: Weavile
|
|win|Excaliburn88tests
|raw|Excaliburn88tests's rating: 1374 &rarr; <strong>1391</strong><br />(+17 for winning)
|raw|123p123's rating: 1321 &rarr; <strong>1304</strong><br />(-17 for losing)
|l|☆123p123
|player|p2|
|c|☆Excaliburn88tests|gg
