|j|☆fangqiang
|j|☆BWR monai
|t:|1719367955
|gametype|singles
|player|p1|fangqiang|lance|1340
|player|p2|BWR monai|backpacker|1438
|teamsize|p1|6
|teamsize|p2|6
|gen|5
|tier|[Gen 5] OU
|rated|
|rule|Species Clause: Limit one of each Pokémon
|rule|OHKO Clause: OHKO moves are banned
|rule|Moody Clause: Moody is banned
|rule|Evasion Items Clause: Evasion items are banned
|rule|Evasion Moves Clause: Evasion moves are banned
|rule|Endless Battle Clause: Forcing endless battles is banned
|rule|HP Percentage Mod: HP is shown in percentages
|rule|Evasion Abilities Clause: Evasion abilities are banned
|rule|Sleep Moves Clause: Sleep-inducing moves are banned
|rule|Swagger Clause: Swagger is banned
|rule|Baton Pass Stat Clause: No Baton Passer may have a way to boost its stats
|clearpoke
|poke|p1|Alakazam, M|item
|poke|p1|Skarmory, M|item
|poke|p1|Tyranitar, M|item
|poke|p1|Mamoswine, M|item
|poke|p1|Jellicent, M|item
|poke|p1|Excadrill, M|item
|poke|p2|Tyranitar, M|item
|poke|p2|Landorus-Therian, M|item
|poke|p2|Excadrill, F|item
|poke|p2|Latias, F|item
|poke|p2|Slowbro, M|item
|poke|p2|Clefable, M|item
|teampreview
|inactive|Battle timer is ON: inactive players will automatically lose when time's up. (requested by fangqiang)
|
|t:|1719367971
|start
|switch|p1a: Skarmory|Skarmory, M, shiny|100/100
|switch|p2a: Excadrill|Excadrill, F|100/100
|turn|1
|
|t:|1719367980
|move|p2a: Excadrill|Iron Head|p1a: Skarmory
|-resisted|p1a: Skarmory
|-damage|p1a: Skarmory|84/100
|cant|p1a: Skarmory|flinch
|
|upkeep
|turn|2
|
|t:|1719367986
|move|p2a: Excadrill|Iron Head|p1a: Skarmory
|-resisted|p1a: Skarmory
|-damage|p1a: Skarmory|67/100
|move|p1a: Skarmory|Stealth Rock|p2a: Excadrill
|-sidestart|p2: BWR monai|move: Stealth Rock
|
|upkeep
|turn|3
|
|t:|1719367993
|switch|p1a: Jellicent|Jellicent, M, shiny|100/100
|-item|p1a: Jellicent|Air Balloon
|move|p2a: Excadrill|Rapid Spin|p1a: Jellicent
|-immune|p1a: Jellicent
|
|upkeep
|turn|4
|
|t:|1719368000
|switch|p2a: Clefable|Clefable, M|100/100
|move|p1a: Jellicent|Will-O-Wisp|p2a: Clefable
|-status|p2a: Clefable|brn
|
|upkeep
|turn|5
|
|t:|1719368008
|switch|p1a: Skarmory|Skarmory, M, shiny|67/100
|switch|p2a: Tyranitar|Tyranitar, M|100/100
|-damage|p2a: Tyranitar|88/100|[from] Stealth Rock
|-weather|Sandstorm|[from] ability: Sand Stream|[of] p2a: Tyranitar
|
|-weather|Sandstorm|[upkeep]
|upkeep
|turn|6
|
|t:|1719368024
|switch|p2a: Excadrill|Excadrill, F|100/100
|-damage|p2a: Excadrill|98/100|[from] Stealth Rock
|move|p1a: Skarmory|Spikes|p2a: Excadrill
|-sidestart|p2: BWR monai|Spikes
|
|-weather|Sandstorm|[upkeep]
|-heal|p2a: Excadrill|100/100|[from] item: Leftovers
|upkeep
|turn|7
|
|t:|1719368034
|move|p2a: Excadrill|Iron Head|p1a: Skarmory
|-resisted|p1a: Skarmory
|-damage|p1a: Skarmory|44/100
|move|p1a: Skarmory|Spikes|p2a: Excadrill
|-sidestart|p2: BWR monai|Spikes
|
|-weather|Sandstorm|[upkeep]
|upkeep
|turn|8
|
|t:|1719368042
|switch|p1a: Jellicent|Jellicent, M, shiny|100/100
|-item|p1a: Jellicent|Air Balloon
|move|p2a: Excadrill|Iron Head|p1a: Jellicent
|-resisted|p1a: Jellicent
|-damage|p1a: Jellicent|78/100
|-enditem|p1a: Jellicent|Air Balloon
|
|-weather|Sandstorm|[upkeep]
|-damage|p1a: Jellicent|72/100|[from] Sandstorm
|upkeep
|turn|9
|
|t:|1719368054
|move|p2a: Excadrill|Earthquake|p1a: Jellicent
|-damage|p1a: Jellicent|16/100
|move|p1a: Jellicent|Will-O-Wisp|p2a: Excadrill
|-status|p2a: Excadrill|brn
|
|-weather|Sandstorm|[upkeep]
|-damage|p1a: Jellicent|9/100|[from] Sandstorm
|-damage|p2a: Excadrill|88/100 brn|[from] brn
|upkeep
|turn|10
|
|t:|1719368065
|move|p2a: Excadrill|Earthquake|p1a: Jellicent
|-damage|p1a: Jellicent|0 fnt
|faint|p1a: Jellicent
|
|-weather|Sandstorm|[upkeep]
|-heal|p2a: Excadrill|94/100 brn|[from] item: Leftovers
|-damage|p2a: Excadrill|82/100 brn|[from] brn
|upkeep
|
|t:|1719368078
|switch|p1a: Mamoswine|Mamoswine, M, shiny|100/100
|turn|11
|
|t:|1719368088
|move|p2a: Excadrill|Rapid Spin|p1a: Mamoswine
|-damage|p1a: Mamoswine|97/100
|-sideend|p2: BWR monai|Spikes|[from] move: Rapid Spin|[of] p2a: Excadrill
|-sideend|p2: BWR monai|Stealth Rock|[from] move: Rapid Spin|[of] p2a: Excadrill
|move|p1a: Mamoswine|Earthquake|p2a: Excadrill
|-supereffective|p2a: Excadrill
|-damage|p2a: Excadrill|0 fnt
|faint|p2a: Excadrill
|
|-weather|Sandstorm|[upkeep]
|upkeep
|
|t:|1719368097
|switch|p2a: Landorus|Landorus-Therian, M|100/100
|-ability|p2a: Landorus|Intimidate|boost
|-unboost|p1a: Mamoswine|atk|1
|turn|12
|
|t:|1719368102
|switch|p2a: Slowbro|Slowbro, M|100/100
|move|p1a: Mamoswine|Ice Shard|p2a: Slowbro
|-resisted|p2a: Slowbro
|-damage|p2a: Slowbro|95/100
|
|-weather|Sandstorm|[upkeep]
|-damage|p2a: Slowbro|89/100|[from] Sandstorm
|upkeep
|turn|13
|
|t:|1719368114
|switch|p1a: Alakazam|Alakazam, M, shiny|100/100
|move|p2a: Slowbro|Scald|p1a: Alakazam
|-damage|p1a: Alakazam|56/100
|-status|p1a: Alakazam|brn
|
|-weather|Sandstorm|[upkeep]
|-damage|p2a: Slowbro|83/100|[from] Sandstorm
|upkeep
|turn|14
|
|t:|1719368124
|switch|p2a: Clefable|Clefable, M|100/100 brn
|move|p1a: Alakazam|Grass Knot|p2a: Clefable
|-damage|p2a: Clefable|82/100 brn
|
|-weather|Sandstorm|[upkeep]
|-heal|p2a: Clefable|88/100 brn|[from] item: Leftovers
|upkeep
|turn|15
|
|t:|1719368135
|switch|p1a: Skarmory|Skarmory, M, shiny|44/100
|move|p2a: Clefable|Seismic Toss|p1a: Skarmory
|-damage|p1a: Skarmory|7/100
|
|-weather|Sandstorm|[upkeep]
|-heal|p2a: Clefable|94/100 brn|[from] item: Leftovers
|upkeep
|turn|16
|-enditem|p1a: Skarmory|Custap Berry|[eat]
|-activate|p1a: Skarmory|item: Custap Berry|[consumed]
|
|t:|1719368144
|move|p1a: Skarmory|Stealth Rock|p2a: Clefable
|-sidestart|p2: BWR monai|move: Stealth Rock
|move|p2a: Clefable|Seismic Toss|p1a: Skarmory
|-damage|p1a: Skarmory|0 fnt
|faint|p1a: Skarmory
|
|-weather|Sandstorm|[upkeep]
|-heal|p2a: Clefable|99/100 brn|[from] item: Leftovers
|upkeep
|
|t:|1719368156
|switch|p1a: Mamoswine|Mamoswine, M, shiny|97/100
|turn|17
|
|t:|1719368161
|switch|p2a: Slowbro|Slowbro, M|100/100
|-damage|p2a: Slowbro|88/100|[from] Stealth Rock
|move|p1a: Mamoswine|Superpower|p2a: Slowbro
|-resisted|p2a: Slowbro
|-damage|p2a: Slowbro|75/100
|-unboost|p1a: Mamoswine|atk|1
|-unboost|p1a: Mamoswine|def|1
|-damage|p1a: Mamoswine|81/100|[from] item: Rocky Helmet|[of] p2a: Slowbro
|
|-weather|Sandstorm|[upkeep]
|-damage|p2a: Slowbro|69/100|[from] Sandstorm
|upkeep
|turn|18
|
|t:|1719368174
|switch|p1a: Tyranitar|Tyranitar, M, shiny|100/100
|move|p2a: Slowbro|Scald|p1a: Tyranitar
|-supereffective|p1a: Tyranitar
|-damage|p1a: Tyranitar|78/100
|
|-weather|Sandstorm|[upkeep]
|-damage|p2a: Slowbro|63/100|[from] Sandstorm
|upkeep
|turn|19
|
|t:|1719368184
|move|p1a: Tyranitar|Thunder Wave|p2a: Slowbro
|-status|p2a: Slowbro|par
|move|p2a: Slowbro|Slack Off|p2a: Slowbro
|-heal|p2a: Slowbro|100/100 par
|
|-weather|Sandstorm|[upkeep]
|-damage|p2a: Slowbro|94/100 par|[from] Sandstorm
|upkeep
|turn|20
|
|t:|1719368194
|switch|p2a: Landorus|Landorus-Therian, M|100/100
|-damage|p2a: Landorus|88/100|[from] Stealth Rock
|-ability|p2a: Landorus|Intimidate|boost
|-unboost|p1a: Tyranitar|atk|1
|move|p1a: Tyranitar|Crunch|p2a: Landorus
|-damage|p2a: Landorus|61/100
|
|-weather|Sandstorm|[upkeep]
|-heal|p2a: Landorus|67/100|[from] item: Leftovers
|upkeep
|turn|21
|
|t:|1719368206
|move|p2a: Landorus|Earthquake|p1a: Tyranitar
|-supereffective|p1a: Tyranitar
|-damage|p1a: Tyranitar|0 fnt
|faint|p1a: Tyranitar
|
|-weather|Sandstorm|[upkeep]
|-heal|p2a: Landorus|73/100|[from] item: Leftovers
|upkeep
|
|t:|1719368215
|switch|p1a: Mamoswine|Mamoswine, M, shiny|81/100
|turn|22
|
|t:|1719368220
|switch|p2a: Slowbro|Slowbro, M|100/100 par
|-damage|p2a: Slowbro|88/100 par|[from] Stealth Rock
|move|p1a: Mamoswine|Earthquake|p2a: Slowbro
|-damage|p2a: Slowbro|57/100 par
|
|-weather|Sandstorm|[upkeep]
|-damage|p2a: Slowbro|51/100 par|[from] Sandstorm
|upkeep
|turn|23
|
|t:|1719368230
|switch|p2a: Landorus|Landorus-Therian, M|73/100
|-damage|p2a: Landorus|60/100|[from] Stealth Rock
|-ability|p2a: Landorus|Intimidate|boost
|-unboost|p1a: Mamoswine|atk|1
|move|p1a: Mamoswine|Earthquake|p2a: Landorus
|-immune|p2a: Landorus
|
|-weather|Sandstorm|[upkeep]
|-heal|p2a: Landorus|66/100|[from] item: Leftovers
|upkeep
|turn|24
|
|t:|1719368241
|switch|p2a: Slowbro|Slowbro, M|84/100 par
|-damage|p2a: Slowbro|71/100 par|[from] Stealth Rock
|move|p1a: Mamoswine|Ice Shard|p2a: Slowbro
|-resisted|p2a: Slowbro
|-damage|p2a: Slowbro|66/100 par
|
|-weather|Sandstorm|[upkeep]
|-damage|p2a: Slowbro|60/100 par|[from] Sandstorm
|upkeep
|turn|25
|
|t:|1719368255
|move|p1a: Mamoswine|Ice Shard|p2a: Slowbro
|-resisted|p2a: Slowbro
|-damage|p2a: Slowbro|54/100 par
|move|p2a: Slowbro|Slack Off|p2a: Slowbro
|-heal|p2a: Slowbro|100/100 par
|
|-weather|Sandstorm|[upkeep]
|-damage|p2a: Slowbro|94/100 par|[from] Sandstorm
|upkeep
|turn|26
|
|t:|1719368265
|switch|p1a: Excadrill|Excadrill, M, shiny|100/100
|cant|p2a: Slowbro|par
|
|-weather|Sandstorm|[upkeep]
|-damage|p2a: Slowbro|88/100 par|[from] Sandstorm
|upkeep
|turn|27
|
|t:|1719368279
|switch|p1a: Mamoswine|Mamoswine, M, shiny|81/100
|switch|p2a: Landorus|Landorus-Therian, M|66/100
|-damage|p2a: Landorus|54/100|[from] Stealth Rock
|-ability|p2a: Landorus|Intimidate|boost
|-unboost|p1a: Mamoswine|atk|1
|
|-weather|Sandstorm|[upkeep]
|-heal|p2a: Landorus|60/100|[from] item: Leftovers
|upkeep
|turn|28
|
|t:|1719368290
|switch|p2a: Slowbro|Slowbro, M|100/100 par
|-damage|p2a: Slowbro|88/100 par|[from] Stealth Rock
|move|p1a: Mamoswine|Earthquake|p2a: Slowbro
|-damage|p2a: Slowbro|65/100 par
|
|-weather|Sandstorm|[upkeep]
|-damage|p2a: Slowbro|59/100 par|[from] Sandstorm
|upkeep
|turn|29
|
|t:|1719368300
|move|p1a: Mamoswine|Earthquake|p2a: Slowbro
|-damage|p2a: Slowbro|34/100 par
|move|p2a: Slowbro|Slack Off|p2a: Slowbro
|-heal|p2a: Slowbro|84/100 par
|
|-weather|Sandstorm|[upkeep]
|-damage|p2a: Slowbro|78/100 par|[from] Sandstorm
|upkeep
|turn|30
|
|t:|1719368310
|switch|p1a: Excadrill|Excadrill, M, shiny|100/100
|cant|p2a: Slowbro|par
|
|-weather|Sandstorm|[upkeep]
|-damage|p2a: Slowbro|72/100 par|[from] Sandstorm
|upkeep
|turn|31
|
|t:|1719368318
|switch|p2a: Landorus|Landorus-Therian, M|60/100
|-damage|p2a: Landorus|48/100|[from] Stealth Rock
|-ability|p2a: Landorus|Intimidate|boost
|-unboost|p1a: Excadrill|atk|1
|move|p1a: Excadrill|Earthquake|p2a: Landorus
|-immune|p2a: Landorus
|
|-weather|Sandstorm|[upkeep]
|-heal|p2a: Landorus|54/100|[from] item: Leftovers
|upkeep
|turn|32
|
|t:|1719368330
|switch|p1a: Mamoswine|Mamoswine, M, shiny|81/100
|move|p2a: Landorus|Earthquake|p1a: Mamoswine
|-damage|p1a: Mamoswine|21/100
|
|-weather|Sandstorm|[upkeep]
|-heal|p2a: Landorus|60/100|[from] item: Leftovers
|upkeep
|turn|33
|
|t:|1719368338
|switch|p2a: Slowbro|Slowbro, M|100/100 par
|-damage|p2a: Slowbro|88/100 par|[from] Stealth Rock
|switch|p1a: Excadrill|Excadrill, M, shiny|100/100
|
|-weather|Sandstorm|[upkeep]
|-damage|p2a: Slowbro|82/100 par|[from] Sandstorm
|upkeep
|turn|34
|
|t:|1719368349
|switch|p1a: Alakazam|Alakazam, M, shiny|56/100 brn
|move|p2a: Slowbro|Scald|p1a: Alakazam
|-damage|p1a: Alakazam|13/100 brn
|
|-weather|Sandstorm|[upkeep]
|-damage|p2a: Slowbro|76/100 par|[from] Sandstorm
|upkeep
|turn|35
|
|t:|1719368369
|switch|p1a: Excadrill|Excadrill, M, shiny|100/100
|switch|p2a: Clefable|Clefable, M|99/100 brn
|
|-weather|Sandstorm|[upkeep]
|-heal|p2a: Clefable|100/100 brn|[from] item: Leftovers
|upkeep
|turn|36
|
|t:|1719368384
|switch|p1a: Mamoswine|Mamoswine, M, shiny|21/100
|move|p2a: Clefable|Seismic Toss|p1a: Mamoswine
|-damage|p1a: Mamoswine|0 fnt
|faint|p1a: Mamoswine
|
|-weather|Sandstorm|[upkeep]
|upkeep
|-message|fangqiang forfeited.
|
|win|BWR monai
|raw|fangqiang's rating: 1340 &rarr; <strong>1325</strong><br />(-15 for losing)
|raw|BWR monai's rating: 1438 &rarr; <strong>1453</strong><br />(+15 for winning)
|l|☆fangqiang
|player|p1|
