|j|☆Spiritmonger
|j|☆refsunpersons
|player|p1|Spiritmonger|170
|player|p2|refsunpersons|214
|teamsize|p1|6
|teamsize|p2|6
|gametype|singles
|gen|5
|tier|[Gen 5] OU
|rated|
|rule|Sleep Clause Mod: Limit one foe put to sleep
|rule|Species Clause: Limit one of each Pokémon
|rule|OHKO Clause: OHKO moves are banned
|rule|Moody Clause: Moody is banned
|rule|Evasion Moves Clause: Evasion moves are banned
|rule|Endless Battle Clause: Forcing endless battles is banned
|rule|HP Percentage Mod: HP is shown in percentages
|rule|Evasion Abilities Clause: Evasion abilities are banned
|rule|Baton Pass Clause: Limit one Baton Passer, can't pass Spe and other stats simultaneously
|rule|Swagger Clause: Swagger is banned
|clearpoke
|poke|p1|Politoed, F|item
|poke|p1|Jirachi|item
|poke|p1|Landorus-Therian, M|item
|poke|p1|Thundurus-Therian, M|item
|poke|p1|Ferrothorn, F|item
|poke|p1|Toxicroak, F|item
|poke|p2|Breloom, M|item
|poke|p2|Skarmory, M|item
|poke|p2|Tyranitar, F|item
|poke|p2|Jellicent, M|item
|poke|p2|Salamence, F|item
|poke|p2|Excadrill, F|item
|teampreview
|c|☆refsunpersons|gl hf
|
|start
|switch|p1a: Landorus|Landorus-Therian, M|100/100
|switch|p2a: Tyranitar|Tyranitar, F|100/100
|-ability|p1a: Landorus|Intimidate|boost
|-unboost|p2a: Tyranitar|atk|1
|-weather|Sandstorm|[from] ability: Sand Stream|[of] p2a: Tyranitar
|turn|1
|
|switch|p2a: Breloom|Breloom, M|100/100
|move|p1a: Landorus|U-turn|p2a: Breloom
|-damage|p2a: Breloom|67/100
|
|switch|p1a: Thundurus|Thundurus-Therian, M|100/100
|
|-weather|Sandstorm|[upkeep]
|-damage|p1a: Thundurus|94/100|[from] Sandstorm
|-damage|p2a: Breloom|61/100|[from] Sandstorm
|-heal|p1a: Thundurus|100/100|[from] item: Leftovers
|-status|p2a: Breloom|tox|[from] item: Toxic Orb
|upkeep
|turn|2
|
|switch|p1a: 坚果哑铃|Ferrothorn, F|100/100
|switch|p2a: Tyranitar|Tyranitar, F|100/100
|
|-weather|Sandstorm|[upkeep]
|upkeep
|turn|3
|
|move|p2a: Tyranitar|Fire Blast|p1a: 坚果哑铃
|-supereffective|p1a: 坚果哑铃
|-crit|p1a: 坚果哑铃
|-damage|p1a: 坚果哑铃|0 fnt
|faint|p1a: 坚果哑铃
|
|-weather|Sandstorm|[upkeep]
|upkeep
|
|switch|p1a: 牛蛙君|Politoed, F|100/100
|-weather|RainDance|[from] ability: Drizzle|[of] p1a: 牛蛙君
|turn|4
|
|switch|p2a: Jellicent|Jellicent, M|100/100
|move|p1a: 牛蛙君|Hidden Power|p2a: Jellicent
|-supereffective|p2a: Jellicent
|-damage|p2a: Jellicent|50/100
|
|-weather|RainDance|[upkeep]
|-heal|p2a: Jellicent|56/100|[from] item: Leftovers
|upkeep
|turn|5
|
|switch|p2a: Breloom|Breloom, M|61/100 tox
|move|p1a: 牛蛙君|Hidden Power|p2a: Breloom
|-resisted|p2a: Breloom
|-damage|p2a: Breloom|45/100 tox
|
|-weather|RainDance|[upkeep]
|-heal|p2a: Breloom|57/100 tox|[from] ability: Poison Heal
|upkeep
|turn|6
|
|switch|p1a: 毒骷蛙|Toxicroak, F|100/100
|move|p2a: Breloom|Spore|p1a: 毒骷蛙
|-status|p1a: 毒骷蛙|slp
|
|-weather|RainDance|[upkeep]
|-heal|p2a: Breloom|70/100 tox|[from] ability: Poison Heal
|upkeep
|turn|7
|
|switch|p1a: Thundurus|Thundurus-Therian, M|100/100
|switch|p2a: Tyranitar|Tyranitar, F|100/100
|-weather|Sandstorm|[from] ability: Sand Stream|[of] p2a: Tyranitar
|
|-weather|Sandstorm|[upkeep]
|-damage|p1a: Thundurus|94/100|[from] Sandstorm
|-heal|p1a: Thundurus|100/100|[from] item: Leftovers
|upkeep
|turn|8
|
|switch|p1a: Landorus|Landorus-Therian, M|100/100
|-ability|p1a: Landorus|Intimidate|boost
|-unboost|p2a: Tyranitar|atk|1
|move|p2a: Tyranitar|Crunch|p1a: Landorus
|-damage|p1a: Landorus|71/100
|-unboost|p1a: Landorus|def|1
|
|-weather|Sandstorm|[upkeep]
|upkeep
|turn|9
|
|switch|p2a: Skarmory|Skarmory, M|100/100
|move|p1a: Landorus|U-turn|p2a: Skarmory
|-resisted|p2a: Skarmory
|-damage|p2a: Skarmory|96/100
|
|switch|p1a: 牛蛙君|Politoed, F|100/100
|-weather|RainDance|[from] ability: Drizzle|[of] p1a: 牛蛙君
|
|-weather|RainDance|[upkeep]
|upkeep
|turn|10
|
|switch|p2a: Jellicent|Jellicent, M|56/100
|move|p1a: 牛蛙君|Ice Beam|p2a: Jellicent
|-resisted|p2a: Jellicent
|-damage|p2a: Jellicent|37/100
|
|-weather|RainDance|[upkeep]
|-heal|p2a: Jellicent|43/100|[from] item: Leftovers
|upkeep
|turn|11
|
|switch|p1a: Thundurus|Thundurus-Therian, M|100/100
|move|p2a: Jellicent|Will-O-Wisp|p1a: Thundurus
|-status|p1a: Thundurus|brn
|
|-weather|RainDance|[upkeep]
|-heal|p2a: Jellicent|49/100|[from] item: Leftovers
|-damage|p1a: Thundurus|88/100 brn|[from] brn
|upkeep
|turn|12
|
|switch|p2a: Tyranitar|Tyranitar, F|100/100
|-weather|Sandstorm|[from] ability: Sand Stream|[of] p2a: Tyranitar
|move|p1a: Thundurus|Nasty Plot|p1a: Thundurus
|-boost|p1a: Thundurus|spa|2
|
|-weather|Sandstorm|[upkeep]
|-damage|p1a: Thundurus|82/100 brn|[from] Sandstorm
|-heal|p1a: Thundurus|88/100 brn|[from] item: Leftovers
|-damage|p1a: Thundurus|76/100 brn|[from] brn
|upkeep
|turn|13
|
|move|p1a: Thundurus|Thunderbolt|p2a: Tyranitar
|-damage|p2a: Tyranitar|53/100
|move|p2a: Tyranitar|Crunch|p1a: Thundurus
|-damage|p1a: Thundurus|14/100 brn
|
|-weather|Sandstorm|[upkeep]
|-damage|p1a: Thundurus|8/100 brn|[from] Sandstorm
|-heal|p1a: Thundurus|14/100 brn|[from] item: Leftovers
|-damage|p1a: Thundurus|2/100 brn|[from] brn
|upkeep
|turn|14
|
|move|p1a: Thundurus|Hidden Power|p2a: Tyranitar
|-damage|p2a: Tyranitar|32/100
|move|p2a: Tyranitar|Stealth Rock|p1a: Thundurus
|-sidestart|p1: Spiritmonger|move: Stealth Rock
|
|-weather|Sandstorm|[upkeep]
|-damage|p1a: Thundurus|0 fnt|[from] Sandstorm
|upkeep
|faint|p1a: Thundurus
|
|switch|p1a: 牛蛙君|Politoed, F|100/100
|-damage|p1a: 牛蛙君|88/100|[from] Stealth Rock
|-weather|RainDance|[from] ability: Drizzle|[of] p1a: 牛蛙君
|turn|15
|
|switch|p1a: 基拉祈|Jirachi|100/100
|-damage|p1a: 基拉祈|94/100|[from] Stealth Rock
|switch|p2a: Breloom|Breloom, M|70/100 tox
|
|-weather|RainDance|[upkeep]
|-heal|p1a: 基拉祈|100/100|[from] item: Leftovers
|-heal|p2a: Breloom|82/100 tox|[from] ability: Poison Heal
|upkeep
|turn|16
|
|switch|p1a: Landorus|Landorus-Therian, M|71/100
|-damage|p1a: Landorus|59/100|[from] Stealth Rock
|-ability|p1a: Landorus|Intimidate|boost
|-unboost|p2a: Breloom|atk|1
|switch|p2a: Tyranitar|Tyranitar, F|32/100
|-weather|Sandstorm|[from] ability: Sand Stream|[of] p2a: Tyranitar
|
|-weather|Sandstorm|[upkeep]
|upkeep
|turn|17
|
|switch|p2a: Breloom|Breloom, M|82/100 tox
|move|p1a: Landorus|U-turn|p2a: Breloom
|-damage|p2a: Breloom|48/100 tox
|
|switch|p1a: 牛蛙君|Politoed, F|88/100
|-damage|p1a: 牛蛙君|76/100|[from] Stealth Rock
|-weather|RainDance|[from] ability: Drizzle|[of] p1a: 牛蛙君
|
|-weather|RainDance|[upkeep]
|-heal|p2a: Breloom|61/100 tox|[from] ability: Poison Heal
|upkeep
|turn|18
|
|switch|p2a: Jellicent|Jellicent, M|49/100
|move|p1a: 牛蛙君|Ice Beam|p2a: Jellicent
|-resisted|p2a: Jellicent
|-damage|p2a: Jellicent|31/100
|-status|p2a: Jellicent|frz
|
|-weather|RainDance|[upkeep]
|-heal|p2a: Jellicent|37/100 frz|[from] item: Leftovers
|upkeep
|turn|19
|
|switch|p1a: 基拉祈|Jirachi|100/100
|-damage|p1a: 基拉祈|94/100|[from] Stealth Rock
|switch|p2a: Skarmory|Skarmory, M|96/100
|
|-weather|RainDance|[upkeep]
|-heal|p1a: 基拉祈|100/100|[from] item: Leftovers
|upkeep
|turn|20
|
|switch|p2a: Tyranitar|Tyranitar, F|32/100
|-weather|Sandstorm|[from] ability: Sand Stream|[of] p2a: Tyranitar
|move|p1a: 基拉祈|Calm Mind|p1a: 基拉祈
|-boost|p1a: 基拉祈|spa|1
|-boost|p1a: 基拉祈|spd|1
|
|-weather|Sandstorm|[upkeep]
|upkeep
|turn|21
|
|switch|p2a: Breloom|Breloom, M|61/100 tox
|move|p1a: 基拉祈|Water Pulse|p2a: Breloom
|-resisted|p2a: Breloom
|-damage|p2a: Breloom|49/100 tox
|
|-weather|Sandstorm|[upkeep]
|-damage|p2a: Breloom|42/100 tox|[from] Sandstorm
|-heal|p2a: Breloom|55/100 tox|[from] ability: Poison Heal
|upkeep
|turn|22
|
|move|p1a: 基拉祈|Water Pulse|p2a: Breloom
|-resisted|p2a: Breloom
|-damage|p2a: Breloom|45/100 tox
|move|p2a: Breloom|Drain Punch|p1a: 基拉祈
|-damage|p1a: 基拉祈|73/100
|-heal|p2a: Breloom|62/100 tox|[from] drain|[of] p1a: 基拉祈
|
|-weather|Sandstorm|[upkeep]
|-damage|p2a: Breloom|56/100 tox|[from] Sandstorm
|-heal|p1a: 基拉祈|79/100|[from] item: Leftovers
|-heal|p2a: Breloom|68/100 tox|[from] ability: Poison Heal
|upkeep
|turn|23
|
|move|p1a: 基拉祈|Water Pulse|p2a: Breloom
|-resisted|p2a: Breloom
|-crit|p2a: Breloom
|-damage|p2a: Breloom|45/100 tox
|-start|p2a: Breloom|confusion
|-activate|p2a: Breloom|confusion
|-damage|p2a: Breloom|31/100 tox|[from] confusion
|
|-weather|Sandstorm|[upkeep]
|-damage|p2a: Breloom|25/100 tox|[from] Sandstorm
|-heal|p1a: 基拉祈|85/100|[from] item: Leftovers
|-heal|p2a: Breloom|38/100 tox|[from] ability: Poison Heal
|upkeep
|turn|24
|
|switch|p1a: Landorus|Landorus-Therian, M|59/100
|-damage|p1a: Landorus|47/100|[from] Stealth Rock
|-ability|p1a: Landorus|Intimidate|boost
|-unboost|p2a: Breloom|atk|1
|-activate|p2a: Breloom|confusion
|-damage|p2a: Breloom|27/100 tox|[from] confusion
|
|-weather|Sandstorm|[upkeep]
|-damage|p2a: Breloom|21/100 tox|[from] Sandstorm
|-heal|p2a: Breloom|33/100 tox|[from] ability: Poison Heal
|upkeep
|turn|25
|
|switch|p2a: Skarmory|Skarmory, M|96/100
|move|p1a: Landorus|U-turn|p2a: Skarmory
|-resisted|p2a: Skarmory
|-damage|p2a: Skarmory|91/100
|
|switch|p1a: 牛蛙君|Politoed, F|76/100
|-damage|p1a: 牛蛙君|63/100|[from] Stealth Rock
|-weather|RainDance|[from] ability: Drizzle|[of] p1a: 牛蛙君
|
|-weather|RainDance|[upkeep]
|upkeep
|turn|26
|
|switch|p2a: Jellicent|Jellicent, M|37/100 frz
|move|p1a: 牛蛙君|Ice Beam|p2a: Jellicent
|-resisted|p2a: Jellicent
|-crit|p2a: Jellicent
|-damage|p2a: Jellicent|3/100 frz
|
|-weather|RainDance|[upkeep]
|-heal|p2a: Jellicent|9/100 frz|[from] item: Leftovers
|upkeep
|turn|27
|
|move|p1a: 牛蛙君|Ice Beam|p2a: Jellicent
|-resisted|p2a: Jellicent
|-crit|p2a: Jellicent
|-damage|p2a: Jellicent|0 fnt
|faint|p2a: Jellicent
|
|-weather|RainDance|[upkeep]
|upkeep
|
|switch|p2a: Skarmory|Skarmory, M|91/100
|turn|28
|
|move|p1a: 牛蛙君|Ice Beam|p2a: Skarmory
|-damage|p2a: Skarmory|49/100
|move|p2a: Skarmory|Spikes|p1a: 牛蛙君
|-sidestart|p1: Spiritmonger|Spikes
|
|-weather|RainDance|[upkeep]
|upkeep
|turn|29
|
|switch|p1a: 基拉祈|Jirachi|85/100
|-damage|p1a: 基拉祈|79/100|[from] Stealth Rock
|-damage|p1a: 基拉祈|67/100|[from] Spikes
|move|p2a: Skarmory|Roost|p2a: Skarmory
|-heal|p2a: Skarmory|99/100
|
|-weather|RainDance|[upkeep]
|-heal|p1a: 基拉祈|73/100|[from] item: Leftovers
|upkeep
|turn|30
|
|switch|p2a: Tyranitar|Tyranitar, F|32/100
|-weather|Sandstorm|[from] ability: Sand Stream|[of] p2a: Tyranitar
|move|p1a: 基拉祈|Calm Mind|p1a: 基拉祈
|-boost|p1a: 基拉祈|spa|1
|-boost|p1a: 基拉祈|spd|1
|
|-weather|Sandstorm|[upkeep]
|-heal|p1a: 基拉祈|79/100|[from] item: Leftovers
|upkeep
|turn|31
|
|switch|p2a: Breloom|Breloom, M|33/100 tox
|move|p1a: 基拉祈|Calm Mind|p1a: 基拉祈
|-boost|p1a: 基拉祈|spa|1
|-boost|p1a: 基拉祈|spd|1
|
|-weather|Sandstorm|[upkeep]
|-damage|p2a: Breloom|27/100 tox|[from] Sandstorm
|-heal|p1a: 基拉祈|85/100|[from] item: Leftovers
|-heal|p2a: Breloom|40/100 tox|[from] ability: Poison Heal
|upkeep
|turn|32
|
|move|p1a: 基拉祈|Water Pulse|p2a: Breloom
|-resisted|p2a: Breloom
|-damage|p2a: Breloom|25/100 tox
|move|p2a: Breloom|Drain Punch|p1a: 基拉祈
|-damage|p1a: 基拉祈|55/100
|-heal|p2a: Breloom|44/100 tox|[from] drain|[of] p1a: 基拉祈
|
|-weather|Sandstorm|[upkeep]
|-damage|p2a: Breloom|38/100 tox|[from] Sandstorm
|-heal|p1a: 基拉祈|62/100|[from] item: Leftovers
|-heal|p2a: Breloom|50/100 tox|[from] ability: Poison Heal
|upkeep
|turn|33
|
|move|p1a: 基拉祈|Water Pulse|p2a: Breloom
|-resisted|p2a: Breloom
|-damage|p2a: Breloom|36/100 tox
|-start|p2a: Breloom|confusion
|-activate|p2a: Breloom|confusion
|move|p2a: Breloom|Drain Punch|p1a: 基拉祈
|-damage|p1a: 基拉祈|33/100
|-heal|p2a: Breloom|54/100 tox|[from] drain|[of] p1a: 基拉祈
|
|-weather|Sandstorm|[upkeep]
|-damage|p2a: Breloom|48/100 tox|[from] Sandstorm
|-heal|p1a: 基拉祈|39/100|[from] item: Leftovers
|-heal|p2a: Breloom|60/100 tox|[from] ability: Poison Heal
|upkeep
|turn|34
|
|move|p1a: 基拉祈|Thunder|p2a: Breloom
|-resisted|p2a: Breloom
|-damage|p2a: Breloom|31/100 tox
|-end|p2a: Breloom|confusion
|move|p2a: Breloom|Drain Punch|p1a: 基拉祈
|-damage|p1a: 基拉祈|13/100
|-heal|p2a: Breloom|47/100 tox|[from] drain|[of] p1a: 基拉祈
|
|-weather|Sandstorm|[upkeep]
|-damage|p2a: Breloom|41/100 tox|[from] Sandstorm
|-heal|p1a: 基拉祈|19/100|[from] item: Leftovers
|-heal|p2a: Breloom|54/100 tox|[from] ability: Poison Heal
|upkeep
|turn|35
|
|switch|p1a: Landorus|Landorus-Therian, M|47/100
|-damage|p1a: Landorus|35/100|[from] Stealth Rock
|-ability|p1a: Landorus|Intimidate|boost
|-unboost|p2a: Breloom|atk|1
|move|p2a: Breloom|Drain Punch|p1a: Landorus
|-resisted|p1a: Landorus
|-damage|p1a: Landorus|21/100
|-heal|p2a: Breloom|60/100 tox|[from] drain|[of] p1a: Landorus
|
|-weather|Sandstorm|[upkeep]
|-damage|p2a: Breloom|54/100 tox|[from] Sandstorm
|-heal|p2a: Breloom|67/100 tox|[from] ability: Poison Heal
|upkeep
|turn|36
|
|move|p1a: Landorus|U-turn|p2a: Breloom
|-damage|p2a: Breloom|31/100 tox
|
|switch|p1a: 毒骷蛙|Toxicroak, F|100/100 slp
|-damage|p1a: 毒骷蛙|94/100 slp|[from] Stealth Rock
|-damage|p1a: 毒骷蛙|82/100 slp|[from] Spikes
|move|p2a: Breloom|Bulk Up|p2a: Breloom
|-boost|p2a: Breloom|atk|1
|-boost|p2a: Breloom|def|1
|
|-weather|Sandstorm|[upkeep]
|-damage|p1a: 毒骷蛙|76/100 slp|[from] Sandstorm
|-damage|p2a: Breloom|25/100 tox|[from] Sandstorm
|-heal|p2a: Breloom|38/100 tox|[from] ability: Poison Heal
|upkeep
|turn|37
|
|switch|p2a: Skarmory|Skarmory, M|99/100
|cant|p1a: 毒骷蛙|slp
|
|-weather|Sandstorm|[upkeep]
|-damage|p1a: 毒骷蛙|70/100 slp|[from] Sandstorm
|upkeep
|turn|38
|
|switch|p1a: 牛蛙君|Politoed, F|63/100
|-damage|p1a: 牛蛙君|51/100|[from] Spikes
|-damage|p1a: 牛蛙君|38/100|[from] Stealth Rock
|-weather|RainDance|[from] ability: Drizzle|[of] p1a: 牛蛙君
|move|p2a: Skarmory|Spikes|p1a: 牛蛙君
|-sidestart|p1: Spiritmonger|Spikes
|
|-weather|RainDance|[upkeep]
|upkeep
|turn|39
|
|switch|p2a: Tyranitar|Tyranitar, F|32/100
|-weather|Sandstorm|[from] ability: Sand Stream|[of] p2a: Tyranitar
|move|p1a: 牛蛙君|Surf|p2a: Tyranitar
|-supereffective|p2a: Tyranitar
|-damage|p2a: Tyranitar|0 fnt
|faint|p2a: Tyranitar
|
|-weather|Sandstorm|[upkeep]
|-damage|p1a: 牛蛙君|32/100|[from] Sandstorm
|upkeep
|
|switch|p2a: Salamence|Salamence, F|100/100
|turn|40
|
|switch|p1a: Landorus|Landorus-Therian, M|21/100
|-damage|p1a: Landorus|9/100|[from] Stealth Rock
|-ability|p1a: Landorus|Intimidate|boost
|-unboost|p2a: Salamence|atk|1
|move|p2a: Salamence|Dragon Dance|p2a: Salamence
|-boost|p2a: Salamence|atk|1
|-boost|p2a: Salamence|spe|1
|
|-weather|Sandstorm|[upkeep]
|-damage|p2a: Salamence|94/100|[from] Sandstorm
|upkeep
|turn|41
|
|move|p2a: Salamence|Outrage|p1a: Landorus
|-damage|p1a: Landorus|0 fnt
|faint|p1a: Landorus
|-ability|p2a: Salamence|Moxie|boost
|-boost|p2a: Salamence|atk|1
|
|-weather|Sandstorm|[upkeep]
|-damage|p2a: Salamence|88/100|[from] Sandstorm
|upkeep
|-message|Spiritmonger forfeited.
|
|win|refsunpersons
|c|☆refsunpersons|gg
|l|☆Spiritmonger
|raw|Spiritmonger's rating: 1315 &rarr; <strong>1297</strong><br />(-18 for losing)
|raw|refsunpersons's rating: 1349 &rarr; <strong>1367</strong><br />(+18 for winning)
