|j|☆nidiedi
|j|☆Tf im doing rn
|t:|1722157956
|gametype|singles
|player|p1|nidiedi|169|1407
|player|p2|Tf im doing rn|2|1348
|teamsize|p1|6
|teamsize|p2|6
|gen|5
|tier|[Gen 5] OU
|rated|
|rule|Species Clause: Limit one of each Pokémon
|rule|OHKO Clause: OHKO moves are banned
|rule|Moody Clause: Moody is banned
|rule|Evasion Items Clause: Evasion items are banned
|rule|Evasion Moves Clause: Evasion moves are banned
|rule|Endless Battle Clause: Forcing endless battles is banned
|rule|HP Percentage Mod: HP is shown in percentages
|rule|Evasion Abilities Clause: Evasion abilities are banned
|rule|Sleep Moves Clause: Sleep-inducing moves are banned
|rule|Swagger Clause: Swagger is banned
|rule|Baton Pass Stat Clause: No Baton Passer may have a way to boost its stats
|clearpoke
|poke|p1|Dragonite, M|item
|poke|p1|Xatu, M|item
|poke|p1|Heatran, M|item
|poke|p1|Ninetales, F|item
|poke|p1|Volcarona, F|item
|poke|p1|Forretress, M|item
|poke|p2|Volcarona, M|item
|poke|p2|Landorus-Therian, M|item
|poke|p2|Rotom-Wash|item
|poke|p2|Jirachi|item
|poke|p2|Starmie|item
|poke|p2|Bisharp, F|item
|teampreview
|inactive|Battle timer is ON: inactive players will automatically lose when time's up. (requested by nidiedi)
|
|t:|1722157994
|start
|switch|p1a: Forretress|Forretress, M|100/100
|switch|p2a: Jirachi|Jirachi|100/100
|turn|1
|
|t:|1722158005
|switch|p1a: ru|Xatu, M|100/100
|move|p2a: Jirachi|Hidden Power|p1a: ru
|-damage|p1a: ru|73/100
|
|upkeep
|turn|2
|
|t:|1722158019
|switch|p1a: Heatran|Heatran, M|100/100
|switch|p2a: Rotom|Rotom-Wash|100/100
|
|upkeep
|turn|3
|
|t:|1722158040
|switch|p1a: Ninetales|Ninetales, F|100/100
|-weather|SunnyDay|[from] ability: Drought|[of] p1a: Ninetales
|move|p2a: Rotom|Hydro Pump|p1a: Ninetales
|-supereffective|p1a: Ninetales
|-damage|p1a: Ninetales|60/100
|
|-weather|SunnyDay|[upkeep]
|-heal|p1a: Ninetales|66/100|[from] item: Leftovers
|upkeep
|turn|4
|
|t:|1722158058
|move|p1a: Ninetales|Protect|p1a: Ninetales
|-singleturn|p1a: Ninetales|Protect
|move|p2a: Rotom|Volt Switch|p1a: Ninetales
|-activate|p1a: Ninetales|move: Protect
|
|-weather|SunnyDay|[upkeep]
|-heal|p1a: Ninetales|72/100|[from] item: Leftovers
|upkeep
|turn|5
|
|t:|1722158071
|move|p1a: Ninetales|Will-O-Wisp|p2a: Rotom
|-status|p2a: Rotom|brn
|move|p2a: Rotom|Volt Switch|p1a: Ninetales
|-damage|p1a: Ninetales|49/100
|l|☆nidiedi
|inactive|nidiedi disconnected and has a minute to reconnect!
|player|p1|
|j|☆nidiedi
|inactive|nidiedi reconnected.
|player|p1|nidiedi|169|
|inactive|Tf im doing rn has 120 seconds left.
|
|t:|1722158120
|switch|p2a: Volcarona|Volcarona, M|100/100|[from] Volt Switch
|
|-weather|SunnyDay|[upkeep]
|-heal|p1a: Ninetales|55/100|[from] item: Leftovers
|upkeep
|turn|6
|
|t:|1722158137
|switch|p1a: Heatran|Heatran, M|100/100
|move|p2a: Volcarona|Quiver Dance|p2a: Volcarona
|-boost|p2a: Volcarona|spa|1
|-boost|p2a: Volcarona|spd|1
|-boost|p2a: Volcarona|spe|1
|
|-weather|SunnyDay|[upkeep]
|upkeep
|turn|7
|
|t:|1722158148
|move|p2a: Volcarona|Fiery Dance|p1a: Heatran
|-start|p1a: Heatran|ability: Flash Fire
|move|p1a: Heatran|Magma Storm|p2a: Volcarona
|-damage|p2a: Volcarona|0 fnt
|faint|p2a: Volcarona
|
|-weather|SunnyDay|[upkeep]
|upkeep
|
|t:|1722158160
|switch|p2a: Landorus|Landorus-Therian, M|100/100
|-ability|p2a: Landorus|Intimidate|boost
|-unboost|p1a: Heatran|atk|1
|turn|8
|inactive|Tf im doing rn has 90 seconds left.
|
|t:|1722158194
|-end|p1a: Heatran|ability: Flash Fire|[silent]
|switch|p1a: Forretress|Forretress, M|100/100
|switch|p2a: Rotom|Rotom-Wash|100/100 brn
|
|-weather|SunnyDay|[upkeep]
|-damage|p2a: Rotom|88/100 brn|[from] brn
|upkeep
|turn|9
|inactive|Tf im doing rn has 90 seconds left.
|inactive|nidiedi has 120 seconds left.
|
|t:|1722158214
|move|p2a: Rotom|Volt Switch|p1a: Forretress
|-damage|p1a: Forretress|66/100
|
|t:|1722158219
|switch|p2a: Jirachi|Jirachi|100/100|[from] Volt Switch
|move|p1a: Forretress|Volt Switch|p2a: Jirachi
|-damage|p2a: Jirachi|91/100
|
|t:|1722158225
|switch|p1a: Heatran|Heatran, M|100/100|[from] Volt Switch
|
|-weather|SunnyDay|[upkeep]
|-heal|p2a: Jirachi|97/100|[from] item: Leftovers
|upkeep
|turn|10
|
|t:|1722158234
|switch|p2a: Starmie|Starmie|100/100
|move|p1a: Heatran|Magma Storm|p2a: Starmie
|-resisted|p2a: Starmie
|-damage|p2a: Starmie|28/100
|-activate|p2a: Starmie|move: Magma Storm|[of] p1a: Heatran
|
|-weather|SunnyDay|[upkeep]
|-heal|p2a: Starmie|34/100|[from] item: Leftovers
|-damage|p2a: Starmie|28/100|[from] move: Magma Storm|[partiallytrapped]
|upkeep
|turn|11
|
|t:|1722158250
|move|p2a: Starmie|Hydro Pump|p1a: Heatran
|-supereffective|p1a: Heatran
|-damage|p1a: Heatran|58/100
|move|p1a: Heatran|Solar Beam||[still]
|-prepare|p1a: Heatran|Solar Beam
|-anim|p1a: Heatran|Solar Beam|p2a: Starmie
|-supereffective|p2a: Starmie
|-damage|p2a: Starmie|0 fnt
|faint|p2a: Starmie
|
|-weather|SunnyDay|[upkeep]
|-heal|p1a: Heatran|65/100|[from] item: Leftovers
|upkeep
|-message|Tf im doing rn forfeited.
|
|win|nidiedi
|raw|nidiedi's rating: 1407 &rarr; <strong>1424</strong><br />(+17 for winning)
|raw|Tf im doing rn's rating: 1348 &rarr; <strong>1331</strong><br />(-17 for losing)
|l|☆Tf im doing rn
|player|p2|
