|j|☆bad big bratt
|j|☆refsunpersons
|player|p1|bad big bratt|137
|player|p2|refsunpersons|265
|teamsize|p1|6
|teamsize|p2|6
|gametype|singles
|gen|5
|tier|[Gen 5] OU
|rated|
|rule|Sleep Clause Mod: Limit one foe put to sleep
|rule|Species Clause: Limit one of each Pokémon
|rule|OHKO Clause: OHKO moves are banned
|rule|Moody Clause: Moody is banned
|rule|Evasion Moves Clause: Evasion moves are banned
|rule|Endless Battle Clause: Forcing endless battles is banned
|rule|HP Percentage Mod: HP is shown in percentages
|rule|Evasion Abilities Clause: Evasion abilities are banned
|rule|Baton Pass Clause: Limit one Baton Passer, can't pass Spe and other stats simultaneously
|rule|Swagger Clause: Swagger is banned
|clearpoke
|poke|p1|Politoed, F|item
|poke|p1|Keldeo-Resolute|item
|poke|p1|Latios, M|item
|poke|p1|Ferrothorn, F|item
|poke|p1|Garchomp, M|item
|poke|p1|Azumarill, M|item
|poke|p2|Tyranitar, M|item
|poke|p2|Magnezone|item
|poke|p2|Amoonguss, M|item
|poke|p2|Bronzong|item
|poke|p2|Garchomp, M|item
|poke|p2|Kingdra, M|item
|teampreview
|c|☆refsunpersons|gl hf
|inactive|Battle timer is ON: inactive players will automatically lose when time's up. (requested by bad big bratt)
|c|☆bad big bratt|ty
|
|start
|switch|p1a: Ferrothorn|Ferrothorn, F|100/100
|switch|p2a: Amoonguss|Amoonguss, M|100/100
|turn|1
|
|move|p2a: Amoonguss|Spore|p1a: Ferrothorn
|-status|p1a: Ferrothorn|slp
|cant|p1a: Ferrothorn|slp
|
|upkeep
|turn|2
|
|switch|p1a: Politoed|Politoed, F|100/100
|-weather|RainDance|[from] ability: Drizzle|[of] p1a: Politoed
|move|p2a: Amoonguss|Hidden Power|p1a: Politoed
|-resisted|p1a: Politoed
|-damage|p1a: Politoed|95/100
|
|-weather|RainDance|[upkeep]
|upkeep
|turn|3
|
|switch|p1a: Ferrothorn|Ferrothorn, F|100/100 slp
|switch|p2a: Tyranitar|Tyranitar, M|100/100
|-weather|Sandstorm|[from] ability: Sand Stream|[of] p2a: Tyranitar
|
|-weather|Sandstorm|[upkeep]
|upkeep
|turn|4
|
|move|p2a: Tyranitar|Stealth Rock|p1a: Ferrothorn
|-sidestart|p1: bad big bratt|move: Stealth Rock
|cant|p1a: Ferrothorn|slp
|
|-weather|Sandstorm|[upkeep]
|upkeep
|turn|5
|
|switch|p2a: Magnezone|Magnezone|100/100
|switch|p1a: Politoed|Politoed, F|95/100
|-damage|p1a: Politoed|82/100|[from] Stealth Rock
|-weather|RainDance|[from] ability: Drizzle|[of] p1a: Politoed
|
|-weather|RainDance|[upkeep]
|upkeep
|turn|6
|
|move|p2a: Magnezone|Thunderbolt|p1a: Politoed
|-supereffective|p1a: Politoed
|-damage|p1a: Politoed|0 fnt
|faint|p1a: Politoed
|
|-weather|RainDance|[upkeep]
|upkeep
|c|☆bad big bratt|thats a garbage play. cannot lie
|
|switch|p1a: Keldeo|Keldeo-Resolute|100/100
|-damage|p1a: Keldeo|94/100|[from] Stealth Rock
|turn|7
|c|☆refsunpersons|how?
|
|switch|p2a: Amoonguss|Amoonguss, M|100/100
|move|p1a: Keldeo|Hydro Pump|p2a: Amoonguss
|-resisted|p2a: Amoonguss
|-damage|p2a: Amoonguss|57/100
|
|-weather|RainDance|[upkeep]
|-heal|p2a: Amoonguss|64/100|[from] item: Black Sludge
|upkeep
|turn|8
|c|☆bad big bratt|just move
|
|switch|p1a: Ferrothorn|Ferrothorn, F|100/100 slp
|-damage|p1a: Ferrothorn|94/100 slp|[from] Stealth Rock
|move|p2a: Amoonguss|Giga Drain|p1a: Ferrothorn
|-resisted|p1a: Ferrothorn
|-damage|p1a: Ferrothorn|90/100 slp
|-heal|p2a: Amoonguss|65/100|[from] drain|[of] p1a: Ferrothorn
|
|-weather|RainDance|[upkeep]
|-heal|p2a: Amoonguss|72/100|[from] item: Black Sludge
|-heal|p1a: Ferrothorn|97/100 slp|[from] item: Leftovers
|upkeep
|turn|9
|j| bad big f4g
|
|move|p2a: Amoonguss|Hidden Power|p1a: Ferrothorn
|-damage|p1a: Ferrothorn|86/100 slp
|cant|p1a: Ferrothorn|slp
|
|-weather|RainDance|[upkeep]
|-heal|p2a: Amoonguss|78/100|[from] item: Black Sludge
|-heal|p1a: Ferrothorn|92/100 slp|[from] item: Leftovers
|upkeep
|turn|10
|
|switch|p2a: Magnezone|Magnezone|100/100
|cant|p1a: Ferrothorn|slp
|
|-weather|RainDance|[upkeep]
|-heal|p1a: Ferrothorn|98/100 slp|[from] item: Leftovers
|upkeep
|turn|11
|
|move|p2a: Magnezone|Hidden Power|p1a: Ferrothorn
|-supereffective|p1a: Ferrothorn
|-damage|p1a: Ferrothorn|63/100 slp
|cant|p1a: Ferrothorn|slp
|
|-weather|RainDance|[upkeep]
|-heal|p1a: Ferrothorn|69/100 slp|[from] item: Leftovers
|upkeep
|turn|12
|l|badbigf4g
|
|move|p2a: Magnezone|Hidden Power|p1a: Ferrothorn
|-supereffective|p1a: Ferrothorn
|-damage|p1a: Ferrothorn|32/100 slp
|-curestatus|p1a: Ferrothorn|slp|[msg]
|move|p1a: Ferrothorn|Stealth Rock|p2a: Magnezone
|-sidestart|p2: refsunpersons|move: Stealth Rock
|
|-weather|RainDance|[upkeep]
|-heal|p1a: Ferrothorn|38/100|[from] item: Leftovers
|upkeep
|turn|13
|c|☆bad big bratt|i stg these virgins get so lucky
|
|move|p2a: Magnezone|Hidden Power|p1a: Ferrothorn
|-supereffective|p1a: Ferrothorn
|-damage|p1a: Ferrothorn|0 fnt
|faint|p1a: Ferrothorn
|
|-weather|RainDance|[upkeep]
|upkeep
|c|☆bad big bratt|yeah, get laid irl kid
|
|switch|p1a: Garchomp|Garchomp, M|100/100
|-damage|p1a: Garchomp|94/100|[from] Stealth Rock
|turn|14
|
|switch|p2a: Tyranitar|Tyranitar, M|100/100
|-damage|p2a: Tyranitar|88/100|[from] Stealth Rock
|-weather|Sandstorm|[from] ability: Sand Stream|[of] p2a: Tyranitar
|move|p1a: Garchomp|Swords Dance|p1a: Garchomp
|-boost|p1a: Garchomp|atk|2
|
|-weather|Sandstorm|[upkeep]
|upkeep
|turn|15
|
|switch|p2a: Bronzong|Bronzong|100/100
|-damage|p2a: Bronzong|94/100|[from] Stealth Rock
|move|p1a: Garchomp|Earthquake|p2a: Bronzong
|-immune|p2a: Bronzong|[msg]|[from] ability: Levitate
|
|-weather|Sandstorm|[upkeep]
|-heal|p2a: Bronzong|100/100|[from] item: Leftovers
|upkeep
|turn|16
|
|move|p1a: Garchomp|Aqua Tail|p2a: Bronzong
|-damage|p2a: Bronzong|56/100
|move|p2a: Bronzong|Gyro Ball|p1a: Garchomp
|-damage|p1a: Garchomp|56/100
|-damage|p2a: Bronzong|44/100|[from] ability: Rough Skin|[of] p1a: Garchomp
|
|-weather|Sandstorm|[upkeep]
|-heal|p2a: Bronzong|50/100|[from] item: Leftovers
|upkeep
|turn|17
|
|move|p1a: Garchomp|Swords Dance|p1a: Garchomp
|-boost|p1a: Garchomp|atk|2
|move|p2a: Bronzong|Gyro Ball|p1a: Garchomp
|-damage|p1a: Garchomp|17/100
|-damage|p2a: Bronzong|37/100|[from] ability: Rough Skin|[of] p1a: Garchomp
|
|-weather|Sandstorm|[upkeep]
|-heal|p2a: Bronzong|44/100|[from] item: Leftovers
|upkeep
|turn|18
|
|move|p2a: Bronzong|Protect|p2a: Bronzong
|-singleturn|p2a: Bronzong|Protect
|move|p1a: Garchomp|Aqua Tail|p2a: Bronzong
|-activate|p2a: Bronzong|move: Protect
|
|-weather|Sandstorm|[upkeep]
|-heal|p2a: Bronzong|50/100|[from] item: Leftovers
|upkeep
|turn|19
|
|switch|p2a: Magnezone|Magnezone|100/100
|-damage|p2a: Magnezone|94/100|[from] Stealth Rock
|move|p1a: Garchomp|Aqua Tail|p2a: Magnezone
|-damage|p2a: Magnezone|10/100
|
|-weather|Sandstorm|[upkeep]
|upkeep
|turn|20
|
|move|p1a: Garchomp|Earthquake|p2a: Magnezone
|-enditem|p1a: Garchomp|Ground Gem|[from] gem|[move] Earthquake
|-supereffective|p2a: Magnezone
|-damage|p2a: Magnezone|0 fnt
|faint|p2a: Magnezone
|
|-weather|Sandstorm|[upkeep]
|upkeep
|
|switch|p2a: Garchomp|Garchomp, M|100/100
|-damage|p2a: Garchomp|94/100|[from] Stealth Rock
|turn|21
|
|move|p1a: Garchomp|Earthquake|p2a: Garchomp
|-damage|p2a: Garchomp|0 fnt
|faint|p2a: Garchomp
|
|-weather|Sandstorm|[upkeep]
|upkeep
|
|switch|p2a: Kingdra|Kingdra, M|100/100
|-damage|p2a: Kingdra|88/100|[from] Stealth Rock
|turn|22
|
|switch|p2a: Bronzong|Bronzong|50/100
|-damage|p2a: Bronzong|44/100|[from] Stealth Rock
|move|p1a: Garchomp|Earthquake|p2a: Bronzong
|-immune|p2a: Bronzong|[msg]|[from] ability: Levitate
|
|-weather|Sandstorm|[upkeep]
|-heal|p2a: Bronzong|50/100|[from] item: Leftovers
|upkeep
|turn|23
|
|move|p2a: Bronzong|Protect|p2a: Bronzong
|-singleturn|p2a: Bronzong|Protect
|move|p1a: Garchomp|Aqua Tail|p2a: Bronzong
|-activate|p2a: Bronzong|move: Protect
|
|-weather|Sandstorm|[upkeep]
|-heal|p2a: Bronzong|56/100|[from] item: Leftovers
|upkeep
|turn|24
|
|move|p1a: Garchomp|Aqua Tail|p2a: Bronzong
|-damage|p2a: Bronzong|0 fnt
|faint|p2a: Bronzong
|
|-weather|Sandstorm|[upkeep]
|upkeep
|
|switch|p2a: Kingdra|Kingdra, M|88/100
|-damage|p2a: Kingdra|76/100|[from] Stealth Rock
|turn|25
|c|☆refsunpersons|gg
|c|☆bad big bratt|thanks
|
|move|p1a: Garchomp|Earthquake|p2a: Kingdra
|-damage|p2a: Kingdra|0 fnt
|faint|p2a: Kingdra
|
|-weather|Sandstorm|[upkeep]
|upkeep
|
|switch|p2a: Tyranitar|Tyranitar, M|88/100
|-damage|p2a: Tyranitar|76/100|[from] Stealth Rock
|turn|26
|inactive|refsunpersons has 120 seconds left.
|
|move|p1a: Garchomp|Earthquake|p2a: Tyranitar
|-supereffective|p2a: Tyranitar
|-enditem|p2a: Tyranitar|Shuca Berry|[eat]
|-enditem|p2a: Tyranitar|Shuca Berry|[weaken]
|-damage|p2a: Tyranitar|0 fnt
|faint|p2a: Tyranitar
|
|-weather|Sandstorm|[upkeep]
|upkeep
|
|switch|p2a: Amoonguss|Amoonguss, M|100/100
|-damage|p2a: Amoonguss|88/100|[from] Stealth Rock
|turn|27
|
|move|p1a: Garchomp|Earthquake|p2a: Amoonguss
|-damage|p2a: Amoonguss|0 fnt
|faint|p2a: Amoonguss
|
|win|bad big bratt
|l|☆refsunpersons
|raw|bad big bratt's rating: 1463 &rarr; <strong>1474</strong><br />(+11 for winning)
|raw|refsunpersons's rating: 1304 &rarr; <strong>1292</strong><br />(-12 for losing)
|l|☆bad big bratt
|j|@A$n~U#B\i%s
|j| ojpihpihi
|l| ojpihpihi
