|j|☆magialice
|j|☆killerfishsandiego
|t:|1716491761
|gametype|singles
|player|p1|magialice|miku-flying|1460
|player|p2|killerfishsandiego|2|1335
|teamsize|p1|6
|teamsize|p2|6
|gen|5
|tier|[Gen 5] OU
|rated|
|rule|Species Clause: Limit one of each Pokémon
|rule|OHKO Clause: OHKO moves are banned
|rule|Moody Clause: Moody is banned
|rule|Evasion Items Clause: Evasion items are banned
|rule|Evasion Moves Clause: Evasion moves are banned
|rule|Endless Battle Clause: Forcing endless battles is banned
|rule|HP Percentage Mod: HP is shown in percentages
|rule|Evasion Abilities Clause: Evasion abilities are banned
|rule|Sleep Moves Clause: Sleep-inducing moves are banned
|rule|Swagger Clause: Swagger is banned
|rule|Baton Pass Stat Clause: No Baton Passer may have a way to boost its stats
|clearpoke
|poke|p1|Omastar, M|item
|poke|p1|Latios, M|item
|poke|p1|Jirachi|item
|poke|p1|Dugtrio, M|item
|poke|p1|Gyarados, F|item
|poke|p1|Conkeldurr, M|item
|poke|p2|Tangrowth, M|item
|poke|p2|Clefable, F|item
|poke|p2|Swampert, F|item
|poke|p2|Druddigon, M|item
|poke|p2|Reuniclus, M|item
|poke|p2|Latias, F|item
|teampreview
|inactive|Battle timer is ON: inactive players will automatically lose when time's up. (requested by magialice)
|
|t:|1716491773
|start
|switch|p1a: Dugtrio|Dugtrio, M|100/100
|switch|p2a: Tangrowth|Tangrowth, M|100/100
|turn|1
|
|t:|1716491777
|move|p1a: Dugtrio|Stealth Rock|p2a: Tangrowth
|-sidestart|p2: killerfishsandiego|move: Stealth Rock
|move|p2a: Tangrowth|Giga Drain|p1a: Dugtrio
|-supereffective|p1a: Dugtrio
|-enditem|p1a: Dugtrio|Focus Sash
|-damage|p1a: Dugtrio|1/100
|
|upkeep
|turn|2
|
|t:|1716491784
|switch|p2a: Clefable|Clefable, F|100/100
|move|p1a: Dugtrio|Memento|p2a: Clefable
|-unboost|p2a: Clefable|atk|2
|-unboost|p2a: Clefable|spa|2
|faint|p1a: Dugtrio
|
|upkeep
|
|t:|1716491793
|switch|p1a: Gyarados|Gyarados, F|100/100
|-ability|p1a: Gyarados|Intimidate|boost
|-unboost|p2a: Clefable|atk|1
|turn|3
|
|t:|1716491795
|move|p1a: Gyarados|Substitute|p1a: Gyarados
|-start|p1a: Gyarados|Substitute
|-damage|p1a: Gyarados|76/100
|move|p2a: Clefable|Thunder Wave||[still]
|-fail|p2a: Clefable
|
|-heal|p1a: Gyarados|82/100|[from] item: Leftovers
|upkeep
|turn|4
|
|t:|1716491814
|move|p1a: Gyarados|Dragon Dance|p1a: Gyarados
|-boost|p1a: Gyarados|atk|1
|-boost|p1a: Gyarados|spe|1
|move|p2a: Clefable|Encore|p1a: Gyarados
|-start|p1a: Gyarados|Encore
|
|-heal|p1a: Gyarados|88/100|[from] item: Leftovers
|upkeep
|turn|5
|
|t:|1716491817
|move|p1a: Gyarados|Dragon Dance|p1a: Gyarados
|-boost|p1a: Gyarados|atk|1
|-boost|p1a: Gyarados|spe|1
|move|p2a: Clefable|Seismic Toss|p1a: Gyarados
|-end|p1a: Gyarados|Substitute
|
|-heal|p1a: Gyarados|94/100|[from] item: Leftovers
|upkeep
|turn|6
|
|t:|1716491826
|switch|p1a: Conkeldurr|Conkeldurr, M|100/100
|switch|p2a: Tangrowth|Tangrowth, M|100/100
|-damage|p2a: Tangrowth|88/100|[from] Stealth Rock
|
|-heal|p2a: Tangrowth|94/100|[from] item: Leftovers
|upkeep
|turn|7
|
|t:|1716491834
|switch|p2a: Reuniclus|Reuniclus, M|100/100
|move|p1a: Conkeldurr|Bulk Up|p1a: Conkeldurr
|-boost|p1a: Conkeldurr|atk|1
|-boost|p1a: Conkeldurr|def|1
|
|upkeep
|turn|8
|
|t:|1716491838
|move|p2a: Reuniclus|Acid Armor|p2a: Reuniclus
|-boost|p2a: Reuniclus|def|2
|move|p1a: Conkeldurr|Bulk Up|p1a: Conkeldurr
|-boost|p1a: Conkeldurr|atk|1
|-boost|p1a: Conkeldurr|def|1
|
|upkeep
|turn|9
|
|t:|1716491842
|move|p2a: Reuniclus|Acid Armor|p2a: Reuniclus
|-boost|p2a: Reuniclus|def|2
|move|p1a: Conkeldurr|Bulk Up|p1a: Conkeldurr
|-boost|p1a: Conkeldurr|atk|1
|-boost|p1a: Conkeldurr|def|1
|
|upkeep
|turn|10
|
|t:|1716491848
|move|p2a: Reuniclus|Calm Mind|p2a: Reuniclus
|-boost|p2a: Reuniclus|spa|1
|-boost|p2a: Reuniclus|spd|1
|move|p1a: Conkeldurr|Bulk Up|p1a: Conkeldurr
|-boost|p1a: Conkeldurr|atk|1
|-boost|p1a: Conkeldurr|def|1
|
|upkeep
|turn|11
|
|t:|1716491853
|move|p2a: Reuniclus|Calm Mind|p2a: Reuniclus
|-boost|p2a: Reuniclus|spa|1
|-boost|p2a: Reuniclus|spd|1
|move|p1a: Conkeldurr|Bulk Up|p1a: Conkeldurr
|-boost|p1a: Conkeldurr|atk|1
|-boost|p1a: Conkeldurr|def|1
|
|upkeep
|turn|12
|
|t:|1716491857
|move|p2a: Reuniclus|Acid Armor|p2a: Reuniclus
|-boost|p2a: Reuniclus|def|2
|move|p1a: Conkeldurr|Bulk Up|p1a: Conkeldurr
|-boost|p1a: Conkeldurr|atk|1
|-boost|p1a: Conkeldurr|def|1
|
|upkeep
|turn|13
|
|t:|1716491859
|move|p2a: Reuniclus|Calm Mind|p2a: Reuniclus
|-boost|p2a: Reuniclus|spa|1
|-boost|p2a: Reuniclus|spd|1
|move|p1a: Conkeldurr|Payback|p2a: Reuniclus
|-supereffective|p2a: Reuniclus
|-damage|p2a: Reuniclus|54/100
|
|-heal|p2a: Reuniclus|60/100|[from] item: Leftovers
|upkeep
|turn|14
|j| Maris Twinbelle
|
|t:|1716491862
|move|p2a: Reuniclus|Recover|p2a: Reuniclus
|-heal|p2a: Reuniclus|100/100
|move|p1a: Conkeldurr|Payback|p2a: Reuniclus
|-supereffective|p2a: Reuniclus
|-damage|p2a: Reuniclus|56/100
|
|-heal|p2a: Reuniclus|62/100|[from] item: Leftovers
|upkeep
|turn|15
|
|t:|1716491864
|move|p2a: Reuniclus|Psyshock|p1a: Conkeldurr
|-supereffective|p1a: Conkeldurr
|-damage|p1a: Conkeldurr|62/100
|move|p1a: Conkeldurr|Payback|p2a: Reuniclus
|-supereffective|p2a: Reuniclus
|-damage|p2a: Reuniclus|15/100
|
|-heal|p2a: Reuniclus|21/100|[from] item: Leftovers
|-heal|p1a: Conkeldurr|68/100|[from] item: Leftovers
|upkeep
|turn|16
|
|t:|1716491867
|move|p2a: Reuniclus|Recover|p2a: Reuniclus
|-heal|p2a: Reuniclus|71/100
|move|p1a: Conkeldurr|Payback|p2a: Reuniclus
|-supereffective|p2a: Reuniclus
|-damage|p2a: Reuniclus|28/100
|
|-heal|p2a: Reuniclus|34/100|[from] item: Leftovers
|-heal|p1a: Conkeldurr|74/100|[from] item: Leftovers
|upkeep
|turn|17
|
|t:|1716491869
|move|p2a: Reuniclus|Recover|p2a: Reuniclus
|-heal|p2a: Reuniclus|84/100
|move|p1a: Conkeldurr|Payback|p2a: Reuniclus
|-supereffective|p2a: Reuniclus
|-damage|p2a: Reuniclus|43/100
|
|-heal|p2a: Reuniclus|49/100|[from] item: Leftovers
|-heal|p1a: Conkeldurr|80/100|[from] item: Leftovers
|upkeep
|turn|18
|
|t:|1716491871
|move|p2a: Reuniclus|Recover|p2a: Reuniclus
|-heal|p2a: Reuniclus|99/100
|move|p1a: Conkeldurr|Payback|p2a: Reuniclus
|-supereffective|p2a: Reuniclus
|-damage|p2a: Reuniclus|56/100
|
|-heal|p2a: Reuniclus|62/100|[from] item: Leftovers
|-heal|p1a: Conkeldurr|86/100|[from] item: Leftovers
|upkeep
|turn|19
|
|t:|1716491880
|move|p2a: Reuniclus|Psyshock|p1a: Conkeldurr
|-supereffective|p1a: Conkeldurr
|-damage|p1a: Conkeldurr|52/100
|move|p1a: Conkeldurr|Payback|p2a: Reuniclus
|-supereffective|p2a: Reuniclus
|-damage|p2a: Reuniclus|19/100
|
|-heal|p2a: Reuniclus|25/100|[from] item: Leftovers
|-heal|p1a: Conkeldurr|58/100|[from] item: Leftovers
|upkeep
|turn|20
|
|t:|1716491885
|move|p2a: Reuniclus|Recover|p2a: Reuniclus
|-heal|p2a: Reuniclus|75/100
|move|p1a: Conkeldurr|Payback|p2a: Reuniclus
|-supereffective|p2a: Reuniclus
|-damage|p2a: Reuniclus|34/100
|
|-heal|p2a: Reuniclus|40/100|[from] item: Leftovers
|-heal|p1a: Conkeldurr|64/100|[from] item: Leftovers
|upkeep
|turn|21
|
|t:|1716491888
|move|p2a: Reuniclus|Recover|p2a: Reuniclus
|-heal|p2a: Reuniclus|90/100
|move|p1a: Conkeldurr|Payback|p2a: Reuniclus
|-supereffective|p2a: Reuniclus
|-damage|p2a: Reuniclus|45/100
|
|-heal|p2a: Reuniclus|51/100|[from] item: Leftovers
|-heal|p1a: Conkeldurr|70/100|[from] item: Leftovers
|upkeep
|turn|22
|
|t:|1716491900
|move|p2a: Reuniclus|Recover|p2a: Reuniclus
|-heal|p2a: Reuniclus|100/100
|move|p1a: Conkeldurr|Payback|p2a: Reuniclus
|-supereffective|p2a: Reuniclus
|-damage|p2a: Reuniclus|52/100
|
|-heal|p2a: Reuniclus|59/100|[from] item: Leftovers
|-heal|p1a: Conkeldurr|76/100|[from] item: Leftovers
|upkeep
|turn|23
|
|t:|1716491903
|move|p2a: Reuniclus|Psyshock|p1a: Conkeldurr
|-supereffective|p1a: Conkeldurr
|-damage|p1a: Conkeldurr|39/100
|move|p1a: Conkeldurr|Payback|p2a: Reuniclus
|-supereffective|p2a: Reuniclus
|-crit|p2a: Reuniclus
|-damage|p2a: Reuniclus|0 fnt
|faint|p2a: Reuniclus
|
|-heal|p1a: Conkeldurr|45/100|[from] item: Leftovers
|upkeep
|
|t:|1716491909
|switch|p2a: Tangrowth|Tangrowth, M|100/100
|-damage|p2a: Tangrowth|88/100|[from] Stealth Rock
|turn|24
|
|t:|1716491914
|move|p2a: Tangrowth|Power Swap|p1a: Conkeldurr
|-swapboost|p2a: Tangrowth|p1a: Conkeldurr|atk, spa|[from] move: Power Swap
|move|p1a: Conkeldurr|Ice Punch|p2a: Tangrowth
|-supereffective|p2a: Tangrowth
|-damage|p2a: Tangrowth|59/100
|
|-heal|p2a: Tangrowth|65/100|[from] item: Leftovers
|-heal|p1a: Conkeldurr|51/100|[from] item: Leftovers
|upkeep
|turn|25
|
|t:|1716491919
|move|p2a: Tangrowth|Giga Drain|p1a: Conkeldurr
|-damage|p1a: Conkeldurr|28/100
|-heal|p2a: Tangrowth|77/100|[from] drain|[of] p1a: Conkeldurr
|move|p1a: Conkeldurr|Ice Punch|p2a: Tangrowth
|-supereffective|p2a: Tangrowth
|-damage|p2a: Tangrowth|49/100
|
|-heal|p2a: Tangrowth|56/100|[from] item: Leftovers
|-heal|p1a: Conkeldurr|34/100|[from] item: Leftovers
|upkeep
|turn|26
|
|t:|1716491930
|switch|p1a: Jirachi|Jirachi|100/100
|move|p2a: Tangrowth|Giga Drain|p1a: Jirachi
|-resisted|p1a: Jirachi
|-damage|p1a: Jirachi|87/100
|-heal|p2a: Tangrowth|62/100|[from] drain|[of] p1a: Jirachi
|
|-heal|p2a: Tangrowth|68/100|[from] item: Leftovers
|upkeep
|turn|27
|
|t:|1716491933
|move|p1a: Jirachi|Iron Head|p2a: Tangrowth
|-damage|p2a: Tangrowth|49/100
|move|p2a: Tangrowth|Stun Spore|p1a: Jirachi|[miss]
|-miss|p2a: Tangrowth|p1a: Jirachi
|
|-heal|p2a: Tangrowth|55/100|[from] item: Leftovers
|upkeep
|turn|28
|
|t:|1716491938
|move|p1a: Jirachi|Iron Head|p2a: Tangrowth
|-crit|p2a: Tangrowth
|-damage|p2a: Tangrowth|18/100
|cant|p2a: Tangrowth|flinch
|
|-heal|p2a: Tangrowth|24/100|[from] item: Leftovers
|upkeep
|turn|29
|c|☆killerfishsandiego|…
|c|☆killerfishsandiego|it’s just insane
|c|☆killerfishsandiego|lmfaoo
|c|☆killerfishsandiego|like just fuckjng crazy
|
|t:|1716491955
|switch|p2a: Swampert|Swampert, F|100/100
|-damage|p2a: Swampert|94/100|[from] Stealth Rock
|move|p1a: Jirachi|Iron Head|p2a: Swampert
|-resisted|p2a: Swampert
|-damage|p2a: Swampert|77/100
|
|upkeep
|turn|30
|
|t:|1716491960
|switch|p1a: Latios|Latios, M|100/100
|move|p2a: Swampert|Fling|p1a: Latios
|-supereffective|p1a: Latios
|-damage|p1a: Latios|71/100
|-status|p1a: Latios|par
|-enditem|p2a: Swampert|Light Ball|[from] move: Fling
|
|upkeep
|turn|31
|
|t:|1716491966
|move|p2a: Swampert|Ice Punch|p1a: Latios
|-supereffective|p1a: Latios
|-damage|p1a: Latios|2/100 par
|move|p1a: Latios|Reflect|p1a: Latios
|-sidestart|p1: magialice|Reflect
|
|upkeep
|turn|32
|
|t:|1716491973
|switch|p2a: Clefable|Clefable, F|100/100
|cant|p1a: Latios|par
|
|upkeep
|turn|33
|
|t:|1716491987
|move|p2a: Clefable|Seismic Toss|p1a: Latios
|-damage|p1a: Latios|0 fnt
|faint|p1a: Latios
|
|upkeep
|
|t:|1716491992
|switch|p1a: Conkeldurr|Conkeldurr, M|34/100
|turn|34
|
|t:|1716491999
|switch|p2a: Druddigon|Druddigon, M|100/100
|-damage|p2a: Druddigon|88/100|[from] Stealth Rock
|move|p1a: Conkeldurr|Ice Punch|p2a: Druddigon
|-supereffective|p2a: Druddigon
|-damage|p2a: Druddigon|39/100
|
|-heal|p1a: Conkeldurr|40/100|[from] item: Leftovers
|upkeep
|turn|35
|
|t:|1716492001
|move|p2a: Druddigon|Outrage|p1a: Conkeldurr
|-damage|p1a: Conkeldurr|7/100
|-damage|p2a: Druddigon|29/100|[from] item: Life Orb
|move|p1a: Conkeldurr|Ice Punch|p2a: Druddigon
|-supereffective|p2a: Druddigon
|-damage|p2a: Druddigon|0 fnt
|faint|p2a: Druddigon
|
|-heal|p1a: Conkeldurr|13/100|[from] item: Leftovers
|upkeep
|
|t:|1716492005
|switch|p2a: Latias|Latias, F|100/100
|-damage|p2a: Latias|88/100|[from] Stealth Rock
|turn|36
|
|t:|1716492009
|switch|p1a: Jirachi|Jirachi|87/100
|move|p2a: Latias|Psyshock|p1a: Jirachi
|-resisted|p1a: Jirachi
|-damage|p1a: Jirachi|79/100
|
|upkeep
|turn|37
|
|t:|1716492014
|move|p1a: Jirachi|U-turn|p2a: Latias
|-supereffective|p2a: Latias
|-damage|p2a: Latias|43/100
|
|t:|1716492017
|switch|p1a: Gyarados|Gyarados, F|94/100|[from] U-turn
|-ability|p1a: Gyarados|Intimidate|boost
|-unboost|p2a: Latias|atk|1
|move|p2a: Latias|Thunder Wave|p1a: Gyarados
|-status|p1a: Gyarados|par
|
|-heal|p1a: Gyarados|100/100 par|[from] item: Leftovers
|upkeep
|turn|38
|
|t:|1716492021
|move|p2a: Latias|Draco Meteor|p1a: Gyarados
|-damage|p1a: Gyarados|38/100 par
|-unboost|p2a: Latias|spa|2
|cant|p1a: Gyarados|par
|
|-heal|p1a: Gyarados|44/100 par|[from] item: Leftovers
|-sideend|p1: magialice|Reflect
|upkeep
|turn|39
|
|t:|1716492029
|switch|p2a: Tangrowth|Tangrowth, M|58/100
|-damage|p2a: Tangrowth|45/100|[from] Stealth Rock
|move|p1a: Gyarados|Bounce||[still]
|-prepare|p1a: Gyarados|Bounce
|
|-heal|p2a: Tangrowth|51/100|[from] item: Leftovers
|-heal|p1a: Gyarados|51/100 par|[from] item: Leftovers
|upkeep
|turn|40
|
|t:|1716492034
|switch|p2a: Clefable|Clefable, F|100/100
|move|p1a: Gyarados|Bounce|p2a: Clefable|[from]lockedmove
|-damage|p2a: Clefable|56/100
|
|-heal|p2a: Clefable|62/100|[from] item: Leftovers
|-heal|p1a: Gyarados|57/100 par|[from] item: Leftovers
|upkeep
|turn|41
|
|t:|1716492037
|move|p2a: Clefable|Seismic Toss|p1a: Gyarados
|-damage|p1a: Gyarados|29/100 par
|move|p1a: Gyarados|Waterfall|p2a: Clefable
|-damage|p2a: Clefable|16/100
|
|-heal|p2a: Clefable|22/100|[from] item: Leftovers
|-heal|p1a: Gyarados|35/100 par|[from] item: Leftovers
|upkeep
|turn|42
|
|t:|1716492040
|move|p2a: Clefable|Soft-Boiled|p2a: Clefable
|-heal|p2a: Clefable|72/100
|move|p1a: Gyarados|Waterfall|p2a: Clefable
|-damage|p2a: Clefable|26/100
|
|-heal|p2a: Clefable|32/100|[from] item: Leftovers
|-heal|p1a: Gyarados|41/100 par|[from] item: Leftovers
|upkeep
|turn|43
|
|t:|1716492044
|move|p2a: Clefable|Soft-Boiled|p2a: Clefable
|-heal|p2a: Clefable|82/100
|move|p1a: Gyarados|Dragon Dance|p1a: Gyarados
|-boost|p1a: Gyarados|atk|1
|-boost|p1a: Gyarados|spe|1
|
|-heal|p2a: Clefable|88/100|[from] item: Leftovers
|-heal|p1a: Gyarados|47/100 par|[from] item: Leftovers
|upkeep
|turn|44
|
|t:|1716492045
|move|p2a: Clefable|Encore|p1a: Gyarados
|-start|p1a: Gyarados|Encore
|move|p1a: Gyarados|Dragon Dance|p1a: Gyarados
|-boost|p1a: Gyarados|atk|1
|-boost|p1a: Gyarados|spe|1
|
|-heal|p2a: Clefable|94/100|[from] item: Leftovers
|-heal|p1a: Gyarados|53/100 par|[from] item: Leftovers
|upkeep
|turn|45
|
|t:|1716492048
|move|p2a: Clefable|Seismic Toss|p1a: Gyarados
|-damage|p1a: Gyarados|25/100 par
|move|p1a: Gyarados|Dragon Dance|p1a: Gyarados
|-boost|p1a: Gyarados|atk|1
|-boost|p1a: Gyarados|spe|1
|
|-heal|p1a: Gyarados|31/100 par|[from] item: Leftovers
|-heal|p2a: Clefable|99/100|[from] item: Leftovers
|upkeep
|turn|46
|
|t:|1716492051
|move|p1a: Gyarados|Dragon Dance|p1a: Gyarados
|-boost|p1a: Gyarados|atk|1
|-boost|p1a: Gyarados|spe|1
|move|p2a: Clefable|Seismic Toss|p1a: Gyarados
|-damage|p1a: Gyarados|3/100 par
|
|-heal|p1a: Gyarados|9/100 par|[from] item: Leftovers
|-heal|p2a: Clefable|100/100|[from] item: Leftovers
|-end|p1a: Gyarados|Encore
|upkeep
|turn|47
|
|t:|1716492061
|cant|p1a: Gyarados|par
|move|p2a: Clefable|Seismic Toss|p1a: Gyarados
|-damage|p1a: Gyarados|0 fnt
|faint|p1a: Gyarados
|
|upkeep
|
|t:|1716492064
|switch|p1a: Conkeldurr|Conkeldurr, M|13/100
|turn|48
|
|t:|1716492066
|switch|p1a: Jirachi|Jirachi|79/100
|move|p2a: Clefable|Seismic Toss|p1a: Jirachi
|-damage|p1a: Jirachi|51/100
|
|upkeep
|turn|49
|
|t:|1716492070
|move|p1a: Jirachi|Healing Wish|p1a: Jirachi
|faint|p1a: Jirachi
|move|p2a: Clefable|Thunder Wave|p1: Jirachi|[notarget]
|-fail|p2a: Clefable
|
|upkeep
|
|t:|1716492074
|switch|p1a: Conkeldurr|Conkeldurr, M|13/100
|-heal|p1a: Conkeldurr|100/100|[from] move: Healing Wish
|turn|50
|
|t:|1716492079
|move|p2a: Clefable|Seismic Toss|p1a: Conkeldurr
|-damage|p1a: Conkeldurr|76/100
|move|p1a: Conkeldurr|Drain Punch|p2a: Clefable
|-supereffective|p2a: Clefable
|-damage|p2a: Clefable|22/100
|-heal|p1a: Conkeldurr|100/100|[from] drain|[of] p2a: Clefable
|
|-heal|p2a: Clefable|28/100|[from] item: Leftovers
|upkeep
|turn|51
|
|t:|1716492090
|move|p2a: Clefable|Thunder Wave|p1a: Conkeldurr
|-status|p1a: Conkeldurr|par
|move|p1a: Conkeldurr|Drain Punch|p2a: Clefable
|-supereffective|p2a: Clefable
|-damage|p2a: Clefable|0 fnt
|faint|p2a: Clefable
|
|upkeep
|
|t:|1716492091
|switch|p2a: Latias|Latias, F|43/100
|-damage|p2a: Latias|31/100|[from] Stealth Rock
|turn|52
|
|t:|1716492094
|move|p2a: Latias|Psyshock|p1a: Conkeldurr
|-supereffective|p1a: Conkeldurr
|-damage|p1a: Conkeldurr|41/100 par
|cant|p1a: Conkeldurr|par
|
|-heal|p1a: Conkeldurr|47/100 par|[from] item: Leftovers
|upkeep
|turn|53
|
|t:|1716492096
|move|p2a: Latias|Psyshock|p1a: Conkeldurr
|-supereffective|p1a: Conkeldurr
|-damage|p1a: Conkeldurr|0 fnt
|faint|p1a: Conkeldurr
|
|upkeep
|
|t:|1716492099
|switch|p1a: Omastar|Omastar, M|100/100
|turn|54
|
|t:|1716492103
|move|p2a: Latias|Thunder Wave|p1a: Omastar
|-status|p1a: Omastar|par
|move|p1a: Omastar|Shell Smash|p1a: Omastar
|-unboost|p1a: Omastar|def|1
|-unboost|p1a: Omastar|spd|1
|-boost|p1a: Omastar|atk|2
|-boost|p1a: Omastar|spa|2
|-boost|p1a: Omastar|spe|2
|-enditem|p1a: Omastar|White Herb
|-clearnegativeboost|p1a: Omastar|[silent]
|
|upkeep
|turn|55
|
|t:|1716492109
|move|p2a: Latias|Draco Meteor|p1a: Omastar
|-damage|p1a: Omastar|5/100 par
|-unboost|p2a: Latias|spa|2
|move|p1a: Omastar|Ice Beam|p2a: Latias
|-supereffective|p2a: Latias
|-damage|p2a: Latias|0 fnt
|faint|p2a: Latias
|
|upkeep
|
|t:|1716492114
|switch|p2a: Swampert|Swampert, F|77/100
|-damage|p2a: Swampert|71/100|[from] Stealth Rock
|turn|56
|
|t:|1716492117
|move|p2a: Swampert|Earthquake|p1a: Omastar
|-supereffective|p1a: Omastar
|-damage|p1a: Omastar|0 fnt
|faint|p1a: Omastar
|
|win|killerfishsandiego
|raw|magialice's rating: 1460 &rarr; <strong>1433</strong><br />(-27 for losing)
|raw|killerfishsandiego's rating: 1335 &rarr; <strong>1362</strong><br />(+27 for winning)
|l|☆magialice
|player|p1|
|l| Maris Twinbelle
