|j|☆killerjays
|j|☆Radli9
|player|p1|killerjays|159|1287
|player|p2|Radli9|candice|1350
|teamsize|p1|6
|teamsize|p2|6
|gametype|singles
|gen|5
|tier|[Gen 5] OU
|rated|
|clearpoke
|poke|p1|Gyarados, F|item
|poke|p1|Politoed, M|item
|poke|p1|Donphan, F|item
|poke|p1|Ferrothorn, F|item
|poke|p1|Breloom, F|item
|poke|p1|Dragonite, M|item
|poke|p2|Forretress, F|item
|poke|p2|Scizor, F|item
|poke|p2|Magnezone|item
|poke|p2|Kyurem-Black|item
|poke|p2|Mamoswine, F|item
|poke|p2|Latios, M|item
|rule|Species Clause: Limit one of each Pokémon
|rule|OHKO Clause: OHKO moves are banned
|rule|Moody Clause: Moody is banned
|rule|Evasion Moves Clause: Evasion moves are banned
|rule|Endless Battle Clause: Forcing endless battles is banned
|rule|HP Percentage Mod: HP is shown in percentages
|rule|Evasion Abilities Clause: Evasion abilities are banned
|rule|Baton Pass Clause: Limit one Baton Passer, can't pass Spe and other stats simultaneously
|rule|Sleep Clause: Sleep-inducing moves are banned
|rule|Swagger Clause: Swagger is banned
|teampreview
|inactive|Battle timer is ON: inactive players will automatically lose when time's up. (requested by Radli9)
|
|start
|switch|p1a: Breloom|Breloom, F|100/100
|switch|p2a: Forretress|Forretress, F|100/100
|turn|1
|
|move|p1a: Breloom|Swords Dance|p1a: Breloom
|-boost|p1a: Breloom|atk|2
|move|p2a: Forretress|Stealth Rock|p1a: Breloom
|-sidestart|p1: killerjays|move: Stealth Rock
|
|upkeep
|turn|2
|
|move|p1a: Breloom|Swords Dance|p1a: Breloom
|-boost|p1a: Breloom|atk|2
|move|p2a: Forretress|Spikes|p1a: Breloom
|-sidestart|p1: killerjays|Spikes
|
|upkeep
|turn|3
|
|move|p1a: Breloom|Swords Dance|p1a: Breloom
|-boost|p1a: Breloom|atk|2
|move|p2a: Forretress|Toxic Spikes|p1a: Breloom
|-sidestart|p1: killerjays|move: Toxic Spikes
|
|upkeep
|turn|4
|
|move|p1a: Breloom|Bullet Seed|p2a: Forretress
|-resisted|p2a: Forretress
|-damage|p2a: Forretress|89/100
|-resisted|p2a: Forretress
|-damage|p2a: Forretress|80/100
|-resisted|p2a: Forretress
|-damage|p2a: Forretress|69/100
|-hitcount|p2a: Forretress|3
|move|p2a: Forretress|Spikes|p1a: Breloom
|-sidestart|p1: killerjays|Spikes
|
|-heal|p2a: Forretress|75/100|[from] item: Leftovers
|upkeep
|turn|5
|
|move|p1a: Breloom|Mach Punch|p2a: Forretress
|-damage|p2a: Forretress|4/100
|move|p2a: Forretress|Toxic Spikes|p1a: Breloom
|-sidestart|p1: killerjays|move: Toxic Spikes
|
|-heal|p2a: Forretress|10/100|[from] item: Leftovers
|upkeep
|turn|6
|
|move|p1a: Breloom|Mach Punch|p2a: Forretress
|-damage|p2a: Forretress|0 fnt
|faint|p2a: Forretress
|
|upkeep
|
|switch|p2a: Mamoswine|Mamoswine, F|100/100
|turn|7
|
|move|p1a: Breloom|Bullet Seed|p2a: Mamoswine
|-supereffective|p2a: Mamoswine
|-enditem|p2a: Mamoswine|Focus Sash
|-damage|p2a: Mamoswine|1/100
|-supereffective|p2a: Mamoswine
|-damage|p2a: Mamoswine|0 fnt
|-hitcount|p2a: Mamoswine|2
|faint|p2a: Mamoswine
|
|upkeep
|
|switch|p2a: Latios|Latios, M|100/100
|turn|8
|
|move|p2a: Latios|Draco Meteor|p1a: Breloom
|-enditem|p1a: Breloom|Focus Sash
|-damage|p1a: Breloom|1/100
|-unboost|p2a: Latios|spa|2
|move|p1a: Breloom|Bullet Seed|p2a: Latios
|-resisted|p2a: Latios
|-damage|p2a: Latios|47/100
|-resisted|p2a: Latios
|-damage|p2a: Latios|0 fnt
|-hitcount|p2a: Latios|2
|faint|p2a: Latios
|
|upkeep
|
|switch|p2a: Scizor|Scizor, F|100/100
|turn|9
|
|move|p1a: Breloom|Mach Punch|p2a: Scizor
|-damage|p2a: Scizor|0 fnt
|faint|p2a: Scizor
|
|upkeep
|
|switch|p2a: Kyurem|Kyurem-Black|100/100
|-ability|p2a: Kyurem|Teravolt
|turn|10
|
|move|p1a: Breloom|Mach Punch|p2a: Kyurem
|-supereffective|p2a: Kyurem
|-damage|p2a: Kyurem|0 fnt
|faint|p2a: Kyurem
|
|upkeep
|
|switch|p2a: Magnezone|Magnezone|100/100
|turn|11
|
|move|p1a: Breloom|Mach Punch|p2a: Magnezone
|-supereffective|p2a: Magnezone
|-damage|p2a: Magnezone|0 fnt
|faint|p2a: Magnezone
|
|win|killerjays
|raw|killerjays's rating: 1287 &rarr; <strong>1317</strong><br />(+30 for winning)
|raw|Radli9's rating: 1350 &rarr; <strong>1327</strong><br />(-23 for losing)
