|j|☆Leeto64
|j|☆Blossummm
|t:|1716676403
|gametype|singles
|player|p1|Leeto64|supernerd|1309
|player|p2|Blossummm|roxie|1383
|teamsize|p1|6
|teamsize|p2|6
|gen|5
|tier|[Gen 5] OU
|rated|
|rule|Species Clause: Limit one of each Pokémon
|rule|OHKO Clause: OHKO moves are banned
|rule|Moody Clause: Moody is banned
|rule|Evasion Items Clause: Evasion items are banned
|rule|Evasion Moves Clause: Evasion moves are banned
|rule|Endless Battle Clause: Forcing endless battles is banned
|rule|HP Percentage Mod: HP is shown in percentages
|rule|Evasion Abilities Clause: Evasion abilities are banned
|rule|Sleep Moves Clause: Sleep-inducing moves are banned
|rule|Swagger Clause: Swagger is banned
|rule|Baton Pass Stat Clause: No Baton Passer may have a way to boost its stats
|clearpoke
|poke|p1|Politoed, M|item
|poke|p1|Kyurem-Black|item
|poke|p1|Starmie|item
|poke|p1|Ferrothorn, M|item
|poke|p1|Garchomp, M|item
|poke|p1|Latios, M|item
|poke|p2|Tyranitar, F|item
|poke|p2|Excadrill, F|item
|poke|p2|Latios, M|item
|poke|p2|Rotom-Wash|item
|poke|p2|Ferrothorn, F|item
|poke|p2|Landorus-Therian, M|item
|teampreview
|inactive|Battle timer is ON: inactive players will automatically lose when time's up. (requested by Blossummm)
|
|t:|1716676425
|start
|switch|p1a: Stellar|Starmie|100/100
|switch|p2a: Ferrothorn|Ferrothorn, F|100/100
|-item|p1a: Stellar|Air Balloon
|turn|1
|
|t:|1716676432
|switch|p1a: That guy.|Ferrothorn, M|100/100
|move|p2a: Ferrothorn|Power Whip|p1a: That guy.
|-resisted|p1a: That guy.
|-damage|p1a: That guy.|94/100
|-damage|p2a: Ferrothorn|88/100|[from] ability: Iron Barbs|[of] p1a: That guy.
|
|-heal|p1a: That guy.|99/100|[from] item: Leftovers
|upkeep
|turn|2
|
|t:|1716676438
|move|p1a: That guy.|Spikes|p2a: Ferrothorn
|-sidestart|p2: Blossummm|Spikes
|move|p2a: Ferrothorn|Spikes|p1a: That guy.
|-sidestart|p1: Leeto64|Spikes
|
|-heal|p1a: That guy.|100/100|[from] item: Leftovers
|upkeep
|turn|3
|
|t:|1716676445
|switch|p1a: Bless the Rains|Politoed, M|100/100
|-damage|p1a: Bless the Rains|88/100|[from] Spikes
|-weather|RainDance|[from] ability: Drizzle|[of] p1a: Bless the Rains
|move|p2a: Ferrothorn|Knock Off|p1a: Bless the Rains
|-damage|p1a: Bless the Rains|83/100
|-enditem|p1a: Bless the Rains|Leftovers|[from] move: Knock Off|[of] p2a: Ferrothorn
|
|-weather|RainDance|[upkeep]
|upkeep
|turn|4
|
|t:|1716676448
|move|p1a: Bless the Rains|Encore|p2a: Ferrothorn
|-start|p2a: Ferrothorn|Encore
|move|p2a: Ferrothorn|Knock Off|p1a: Bless the Rains
|-damage|p1a: Bless the Rains|79/100
|
|-weather|RainDance|[upkeep]
|upkeep
|turn|5
|
|t:|1716676455
|switch|p2a: Rotom|Rotom-Wash|100/100
|move|p1a: Bless the Rains|Scald|p2a: Rotom
|-resisted|p2a: Rotom
|-damage|p2a: Rotom|81/100
|
|-weather|RainDance|[upkeep]
|-heal|p2a: Rotom|87/100|[from] item: Leftovers
|upkeep
|turn|6
|
|t:|1716676463
|switch|p1a: That guy.|Ferrothorn, M|100/100
|-damage|p1a: That guy.|88/100|[from] Spikes
|move|p2a: Rotom|Will-O-Wisp|p1a: That guy.
|-status|p1a: That guy.|brn
|
|-weather|RainDance|[upkeep]
|-heal|p2a: Rotom|94/100|[from] item: Leftovers
|-heal|p1a: That guy.|94/100 brn|[from] item: Leftovers
|-damage|p1a: That guy.|82/100 brn|[from] brn
|upkeep
|turn|7
|
|t:|1716676468
|move|p2a: Rotom|Volt Switch|p1a: That guy.
|-resisted|p1a: That guy.
|-damage|p1a: That guy.|73/100 brn
|
|t:|1716676477
|switch|p2a: Landorus|Landorus-Therian, M|100/100|[from] Volt Switch
|-ability|p2a: Landorus|Intimidate|boost
|-unboost|p1a: That guy.|atk|1
|move|p1a: That guy.|Knock Off|p2a: Landorus
|-damage|p2a: Landorus|99/100
|-enditem|p2a: Landorus|Leftovers|[from] move: Knock Off|[of] p1a: That guy.
|
|-weather|RainDance|[upkeep]
|-heal|p1a: That guy.|79/100 brn|[from] item: Leftovers
|-damage|p1a: That guy.|67/100 brn|[from] brn
|upkeep
|turn|8
|
|t:|1716676484
|move|p2a: Landorus|Stealth Rock|p1a: That guy.
|-sidestart|p1: Leeto64|move: Stealth Rock
|move|p1a: That guy.|Spikes|p2a: Landorus
|-sidestart|p2: Blossummm|Spikes
|
|-weather|RainDance|[upkeep]
|-heal|p1a: That guy.|73/100 brn|[from] item: Leftovers
|-damage|p1a: That guy.|60/100 brn|[from] brn
|upkeep
|turn|9
|
|t:|1716676488
|move|p2a: Landorus|Earthquake|p1a: That guy.
|-damage|p1a: That guy.|28/100 brn
|move|p1a: That guy.|Power Whip|p2a: Landorus|[miss]
|-miss|p1a: That guy.|p2a: Landorus
|
|-weather|RainDance|[upkeep]
|-heal|p1a: That guy.|34/100 brn|[from] item: Leftovers
|-damage|p1a: That guy.|22/100 brn|[from] brn
|upkeep
|turn|10
|
|t:|1716676495
|switch|p1a: Danger Zone|Latios, M, shiny|100/100
|-damage|p1a: Danger Zone|88/100|[from] Stealth Rock
|move|p2a: Landorus|Earthquake|p1a: Danger Zone
|-immune|p1a: Danger Zone|[from] ability: Levitate
|
|-weather|RainDance|[upkeep]
|upkeep
|turn|11
|
|t:|1716676499
|move|p1a: Danger Zone|Surf|p2a: Landorus
|-supereffective|p2a: Landorus
|-damage|p2a: Landorus|0 fnt
|faint|p2a: Landorus
|
|-weather|RainDance|[upkeep]
|upkeep
|
|t:|1716676505
|switch|p2a: Ferrothorn|Ferrothorn, F|88/100
|-damage|p2a: Ferrothorn|72/100|[from] Spikes
|turn|12
|
|t:|1716676511
|switch|p1a: That guy.|Ferrothorn, M|22/100 brn
|-damage|p1a: That guy.|10/100 brn|[from] Spikes
|-damage|p1a: That guy.|4/100 brn|[from] Stealth Rock
|move|p2a: Ferrothorn|Gyro Ball|p1a: That guy.
|-resisted|p1a: That guy.
|-damage|p1a: That guy.|1/100 brn
|-damage|p2a: Ferrothorn|59/100|[from] ability: Iron Barbs|[of] p1a: That guy.
|
|-weather|RainDance|[upkeep]
|-heal|p1a: That guy.|7/100 brn|[from] item: Leftovers
|-damage|p1a: That guy.|0 fnt|[from] brn
|faint|p1a: That guy.
|upkeep
|
|t:|1716676523
|switch|p1a: T-REX|Garchomp, M, shiny|100/100
|-damage|p1a: T-REX|88/100|[from] Spikes
|-damage|p1a: T-REX|82/100|[from] Stealth Rock
|turn|13
|
|t:|1716676528
|move|p1a: T-REX|Stealth Rock|p2a: Ferrothorn
|-sidestart|p2: Blossummm|move: Stealth Rock
|move|p2a: Ferrothorn|Gyro Ball|p1a: T-REX
|-damage|p1a: T-REX|34/100
|-damage|p2a: Ferrothorn|47/100|[from] ability: Rough Skin|[of] p1a: T-REX
|
|-weather|RainDance|[upkeep]
|upkeep
|turn|14
|
|t:|1716676532
|move|p1a: T-REX|Earthquake|p2a: Ferrothorn
|-damage|p2a: Ferrothorn|8/100
|move|p2a: Ferrothorn|Gyro Ball|p1a: T-REX
|-damage|p1a: T-REX|0 fnt
|-damage|p2a: Ferrothorn|0 fnt|[from] ability: Rough Skin|[of] p1a: T-REX
|faint|p2a: Ferrothorn
|faint|p1a: T-REX
|
|-weather|RainDance|[upkeep]
|upkeep
|
|t:|1716676545
|switch|p1a: Danger Zone|Latios, M, shiny|88/100
|switch|p2a: Latios|Latios, M|100/100
|-damage|p1a: Danger Zone|76/100|[from] Stealth Rock
|-damage|p2a: Latios|88/100|[from] Stealth Rock
|turn|15
|
|t:|1716676548
|move|p1a: Danger Zone|Draco Meteor|p2a: Latios
|-supereffective|p2a: Latios
|-damage|p2a: Latios|0 fnt
|-unboost|p1a: Danger Zone|spa|2
|faint|p2a: Latios
|
|-weather|RainDance|[upkeep]
|upkeep
|
|t:|1716676562
|switch|p2a: Excadrill|Excadrill, F|100/100
|-damage|p2a: Excadrill|84/100|[from] Spikes
|-damage|p2a: Excadrill|81/100|[from] Stealth Rock
|turn|16
|
|t:|1716676567
|switch|p1a: Stellar|Starmie|100/100
|-damage|p1a: Stellar|88/100|[from] Stealth Rock
|-item|p1a: Stellar|Air Balloon
|move|p2a: Excadrill|Iron Head|p1a: Stellar
|-resisted|p1a: Stellar
|-damage|p1a: Stellar|52/100
|-enditem|p1a: Stellar|Air Balloon
|
|-weather|RainDance|[upkeep]
|upkeep
|turn|17
|
|t:|1716676572
|switch|p2a: Tyranitar|Tyranitar, F, shiny|100/100
|-damage|p2a: Tyranitar|84/100|[from] Spikes
|-damage|p2a: Tyranitar|71/100|[from] Stealth Rock
|-weather|Sandstorm|[from] ability: Sand Stream|[of] p2a: Tyranitar
|move|p1a: Stellar|Rapid Spin|p2a: Tyranitar
|-resisted|p2a: Tyranitar
|-damage|p2a: Tyranitar|70/100
|-sideend|p1: Leeto64|Spikes|[from] move: Rapid Spin|[of] p1a: Stellar
|-sideend|p1: Leeto64|Stealth Rock|[from] move: Rapid Spin|[of] p1a: Stellar
|
|-weather|Sandstorm|[upkeep]
|-damage|p1a: Stellar|46/100|[from] Sandstorm
|upkeep
|turn|18
|
|t:|1716676576
|move|p1a: Stellar|Hydro Pump|p2a: Tyranitar
|-supereffective|p2a: Tyranitar
|-damage|p2a: Tyranitar|20/100
|move|p2a: Tyranitar|Crunch|p1a: Stellar
|-supereffective|p1a: Stellar
|-damage|p1a: Stellar|0 fnt
|faint|p1a: Stellar
|
|-weather|Sandstorm|[upkeep]
|upkeep
|
|t:|1716676581
|switch|p1a: Bless the Rains|Politoed, M|79/100
|-weather|RainDance|[from] ability: Drizzle|[of] p1a: Bless the Rains
|turn|19
|
|t:|1716676591
|move|p1a: Bless the Rains|Toxic|p2a: Tyranitar
|-status|p2a: Tyranitar|tox
|move|p2a: Tyranitar|Crunch|p1a: Bless the Rains
|-crit|p1a: Bless the Rains
|-damage|p1a: Bless the Rains|0 fnt
|faint|p1a: Bless the Rains
|
|-weather|RainDance|[upkeep]
|-damage|p2a: Tyranitar|14/100 tox|[from] psn
|upkeep
|
|t:|1716676595
|switch|p1a: Frost Nova|Kyurem-Black, shiny|100/100
|-ability|p1a: Frost Nova|Teravolt
|turn|20
|
|t:|1716676602
|move|p1a: Frost Nova|Substitute|p1a: Frost Nova
|-start|p1a: Frost Nova|Substitute
|-damage|p1a: Frost Nova|76/100
|move|p2a: Tyranitar|Thunder Wave||[still]
|-fail|p2a: Tyranitar
|
|-weather|RainDance|[upkeep]
|-damage|p2a: Tyranitar|2/100 tox|[from] psn
|upkeep
|turn|21
|
|t:|1716676609
|move|p1a: Frost Nova|Fusion Bolt|p2a: Tyranitar
|-damage|p2a: Tyranitar|0 fnt
|faint|p2a: Tyranitar
|
|-weather|RainDance|[upkeep]
|upkeep
|
|t:|1716676612
|switch|p2a: Rotom|Rotom-Wash|94/100
|-damage|p2a: Rotom|81/100|[from] Stealth Rock
|turn|22
|
|t:|1716676618
|move|p1a: Frost Nova|Outrage|p2a: Rotom
|-damage|p2a: Rotom|14/100
|move|p2a: Rotom|Hydro Pump|p1a: Frost Nova
|-resisted|p1a: Frost Nova
|-end|p1a: Frost Nova|Substitute
|
|-weather|RainDance|[upkeep]
|-heal|p2a: Rotom|20/100|[from] item: Leftovers
|upkeep
|turn|23
|
|t:|1716676626
|move|p1a: Frost Nova|Outrage|p2a: Rotom|[from]lockedmove
|-damage|p2a: Rotom|0 fnt
|faint|p2a: Rotom
|-start|p1a: Frost Nova|confusion|[fatigue]
|
|-weather|RainDance|[upkeep]
|upkeep
|
|t:|1716676629
|switch|p2a: Excadrill|Excadrill, F|81/100
|-damage|p2a: Excadrill|64/100|[from] Spikes
|-damage|p2a: Excadrill|61/100|[from] Stealth Rock
|turn|24
|
|t:|1716676634
|move|p2a: Excadrill|Iron Head|p1a: Frost Nova
|-supereffective|p1a: Frost Nova
|-crit|p1a: Frost Nova
|-damage|p1a: Frost Nova|0 fnt
|faint|p1a: Frost Nova
|
|-weather|RainDance|[upkeep]
|upkeep
|
|t:|1716676637
|switch|p1a: Danger Zone|Latios, M, shiny|76/100
|turn|25
|
|t:|1716676639
|move|p1a: Danger Zone|Surf|p2a: Excadrill
|-supereffective|p2a: Excadrill
|-damage|p2a: Excadrill|0 fnt
|faint|p2a: Excadrill
|
|win|Leeto64
|raw|Leeto64's rating: 1309 &rarr; <strong>1333</strong><br />(+24 for winning)
|raw|Blossummm's rating: 1383 &rarr; <strong>1359</strong><br />(-24 for losing)
|c|☆Leeto64|gg
|l|☆Blossummm
|player|p2|
