|j|☆ltez whatevlmao
|j|☆Manyo Maash
|player|p1|ltez whatevlmao|bruno-gen3
|player|p2|Manyo Maash|hexmaniac-gen3jp
|teamsize|p1|6
|teamsize|p2|6
|gametype|singles
|gen|5
|tier|[Gen 5] OU
|rated|
|rule|Sleep Clause Mod: Limit one foe put to sleep
|rule|Species Clause: Limit one of each Pokémon
|rule|OHKO Clause: OHKO moves are banned
|rule|Moody Clause: Moody is banned
|rule|Evasion Moves Clause: Evasion moves are banned
|rule|Endless Battle Clause: Forcing endless battles is banned
|rule|HP Percentage Mod: HP is shown in percentages
|rule|Evasion Abilities Clause: Evasion abilities are banned
|rule|Baton Pass Clause: Limit one Baton Passer, can't pass Spe and other stats simultaneously
|rule|Swagger Clause: Swagger is banned
|clearpoke
|poke|p1|Tyranitar, F|item
|poke|p1|Latios, M|item
|poke|p1|Ferrothorn, M|item
|poke|p1|Alakazam, F|item
|poke|p1|Garchomp, F|item
|poke|p1|Rotom-Wash|item
|poke|p2|Tyranitar, F|item
|poke|p2|Rotom-Wash|item
|poke|p2|Heatran, M|item
|poke|p2|Garchomp, M|item
|poke|p2|Amoonguss, F|item
|poke|p2|Landorus-Therian, M|item
|teampreview
|c|☆ltez whatevlmao|gl hfffff
|
|start
|switch|p1a: Rotom|Rotom-Wash|100/100
|switch|p2a: Garchomp|Garchomp, M|100/100
|turn|1
|
|switch|p2a: Amoonguss|Amoonguss, F|100/100
|move|p1a: Rotom|Will-O-Wisp|p2a: Amoonguss
|-status|p2a: Amoonguss|brn
|
|-damage|p2a: Amoonguss|88/100 brn|[from] brn
|upkeep
|turn|2
|
|move|p1a: Rotom|Volt Switch|p2a: Amoonguss
|-resisted|p2a: Amoonguss
|-damage|p2a: Amoonguss|80/100 brn
|
|switch|p1a: Latios|Latios, M|100/100
|move|p2a: Amoonguss|Spore|p1a: Latios
|-status|p1a: Latios|slp
|
|-heal|p2a: Amoonguss|86/100 brn|[from] item: Black Sludge
|-damage|p2a: Amoonguss|74/100 brn|[from] brn
|upkeep
|turn|3
|
|switch|p1a: Ferrothorn|Ferrothorn, M|100/100
|switch|p2a: Tyranitar|Tyranitar, F|100/100
|-weather|Sandstorm|[from] ability: Sand Stream|[of] p2a: Tyranitar
|
|-weather|Sandstorm|[upkeep]
|upkeep
|turn|4
|
|move|p2a: Tyranitar|Stealth Rock|p1a: Ferrothorn
|-sidestart|p1: ltez whatevlmao|move: Stealth Rock
|move|p1a: Ferrothorn|Stealth Rock|p2a: Tyranitar
|-sidestart|p2: Manyo Maash|move: Stealth Rock
|
|-weather|Sandstorm|[upkeep]
|upkeep
|turn|5
|l|☆Manyo Maash
|player|p2|
|inactive|Battle timer is ON: inactive players will automatically lose when time's up. (requested by ltez whatevlmao)
|j|☆Manyo Maash
|inactive|Manyo Maash reconnected and has 150 seconds left.
|player|p2|Manyo Maash|hexmaniac-gen3jp
|
|switch|p2a: Garchomp|Garchomp, M|100/100
|-damage|p2a: Garchomp|94/100|[from] Stealth Rock
|move|p1a: Ferrothorn|Spikes|p2a: Garchomp
|-sidestart|p2: Manyo Maash|Spikes
|
|-weather|Sandstorm|[upkeep]
|upkeep
|turn|6
|inactiveoff|Battle timer is now OFF.
|l|☆Manyo Maash
|player|p2|
|inactive|Battle timer is ON: inactive players will automatically lose when time's up. (requested by ltez whatevlmao)
|j|☆Manyo Maash
|inactive|Manyo Maash reconnected and has 125 seconds left.
|player|p2|Manyo Maash|hexmaniac-gen3jp
|inactive|Manyo Maash has 120 seconds left.
|inactiveoff|Battle timer is now OFF.
|
|move|p2a: Garchomp|Draco Meteor|p1a: Ferrothorn
|-resisted|p1a: Ferrothorn
|-damage|p1a: Ferrothorn|77/100
|-unboost|p2a: Garchomp|spa|2
|-damage|p2a: Garchomp|85/100|[from] item: Life Orb
|move|p1a: Ferrothorn|Power Whip|p2a: Garchomp|[miss]
|-miss|p1a: Ferrothorn|p2a: Garchomp
|
|-weather|Sandstorm|[upkeep]
|-heal|p1a: Ferrothorn|83/100|[from] item: Leftovers
|upkeep
|turn|7
|l|☆Manyo Maash
|player|p2|
|j|☆Manyo Maash
|player|p2|Manyo Maash|hexmaniac-gen3jp
|c|☆ltez whatevlmao|bad net?
|
|switch|p1a: Rotom|Rotom-Wash|100/100
|-damage|p1a: Rotom|88/100|[from] Stealth Rock
|move|p2a: Garchomp|Fire Blast|p1a: Rotom
|-resisted|p1a: Rotom
|-damage|p1a: Rotom|81/100
|-damage|p2a: Garchomp|75/100|[from] item: Life Orb
|
|-weather|Sandstorm|[upkeep]
|-damage|p1a: Rotom|75/100|[from] Sandstorm
|-heal|p1a: Rotom|81/100|[from] item: Leftovers
|upkeep
|turn|8
|l|☆Manyo Maash
|player|p2|
|c|☆ltez whatevlmao|i'll wait
|c|☆ltez whatevlmao|i know what it's like
|j|☆Manyo Maash
|player|p2|Manyo Maash|hexmaniac-gen3jp
|
|move|p2a: Garchomp|Outrage|p1a: Rotom
|-damage|p1a: Rotom|7/100
|-damage|p2a: Garchomp|65/100|[from] item: Life Orb
|move|p1a: Rotom|Hydro Pump|p2a: Garchomp
|-damage|p2a: Garchomp|14/100
|
|-weather|Sandstorm|[upkeep]
|-damage|p1a: Rotom|1/100|[from] Sandstorm
|-heal|p1a: Rotom|7/100|[from] item: Leftovers
|upkeep
|turn|9
|j| LTEZ Black
|c|☆Manyo Maash|thanks
|
|move|p2a: Garchomp|Outrage|p1a: Rotom|[from]lockedmove
|-damage|p1a: Rotom|0 fnt
|-damage|p2a: Garchomp|4/100|[from] item: Life Orb
|-start|p2a: Garchomp|confusion|[fatigue]
|faint|p1a: Rotom
|
|-weather|Sandstorm|[upkeep]
|upkeep
|
|switch|p1a: Alakazam|Alakazam, F|100/100
|turn|10
|l|☆Manyo Maash
|player|p2|
|j|☆Manyo Maash
|player|p2|Manyo Maash|hexmaniac-gen3jp
|
|move|p1a: Alakazam|Psychic|p2a: Garchomp
|-damage|p2a: Garchomp|0 fnt
|faint|p2a: Garchomp
|
|-weather|Sandstorm|[upkeep]
|upkeep
|
|switch|p2a: Landorus|Landorus-Therian, M|100/100
|-damage|p2a: Landorus|88/100|[from] Stealth Rock
|-ability|p2a: Landorus|Intimidate|boost
|-unboost|p1a: Alakazam|atk|1
|turn|11
|
|switch|p1a: Ferrothorn|Ferrothorn, M|83/100
|-damage|p1a: Ferrothorn|77/100|[from] Stealth Rock
|move|p2a: Landorus|U-turn|p1a: Ferrothorn
|-damage|p1a: Ferrothorn|56/100
|-damage|p2a: Landorus|76/100|[from] ability: Iron Barbs|[of] p1a: Ferrothorn
|
|switch|p2a: Heatran|Heatran, M|100/100
|-damage|p2a: Heatran|88/100|[from] Stealth Rock
|-damage|p2a: Heatran|76/100|[from] Spikes
|
|-weather|Sandstorm|[upkeep]
|-heal|p2a: Heatran|82/100|[from] item: Leftovers
|-heal|p1a: Ferrothorn|63/100|[from] item: Leftovers
|upkeep
|turn|12
|
|move|p2a: Heatran|Hidden Power|p1a: Ferrothorn
|-damage|p1a: Ferrothorn|43/100
|move|p1a: Ferrothorn|Bulldoze|p2a: Heatran
|-supereffective|p2a: Heatran
|-damage|p2a: Heatran|30/100
|-unboost|p2a: Heatran|spe|1
|
|-weather|Sandstorm|[upkeep]
|-heal|p2a: Heatran|36/100|[from] item: Leftovers
|-heal|p1a: Ferrothorn|49/100|[from] item: Leftovers
|upkeep
|turn|13
|
|switch|p1a: Tyranitar|Tyranitar, F|100/100
|-damage|p1a: Tyranitar|88/100|[from] Stealth Rock
|move|p2a: Heatran|Magma Storm|p1a: Tyranitar
|-resisted|p1a: Tyranitar
|-damage|p1a: Tyranitar|72/100
|-activate|p1a: Tyranitar|move: Magma Storm|[of] p2a: Heatran
|
|-weather|Sandstorm|[upkeep]
|-heal|p2a: Heatran|42/100|[from] item: Leftovers
|-damage|p1a: Tyranitar|66/100|[from] move: Magma Storm|[partiallytrapped]
|upkeep
|turn|14
|
|move|p2a: Heatran|Protect|p2a: Heatran
|-singleturn|p2a: Heatran|Protect
|move|p1a: Tyranitar|Superpower|p2a: Heatran
|-activate|p2a: Heatran|move: Protect
|
|-weather|Sandstorm|[upkeep]
|-heal|p2a: Heatran|48/100|[from] item: Leftovers
|-damage|p1a: Tyranitar|60/100|[from] move: Magma Storm|[partiallytrapped]
|upkeep
|turn|15
|
|switch|p2a: Amoonguss|Amoonguss, F|100/100 brn
|-damage|p2a: Amoonguss|88/100 brn|[from] Spikes
|-damage|p2a: Amoonguss|76/100 brn|[from] Stealth Rock
|move|p1a: Tyranitar|Ice Beam|p2a: Amoonguss
|-supereffective|p2a: Amoonguss
|-damage|p2a: Amoonguss|48/100 brn
|
|-weather|Sandstorm|[upkeep]
|-damage|p2a: Amoonguss|42/100 brn|[from] Sandstorm
|-heal|p2a: Amoonguss|48/100 brn|[from] item: Black Sludge
|-damage|p2a: Amoonguss|36/100 brn|[from] brn
|upkeep
|turn|16
|
|switch|p2a: Rotom|Rotom-Wash|100/100
|-damage|p2a: Rotom|88/100|[from] Stealth Rock
|move|p1a: Tyranitar|Ice Beam|p2a: Rotom
|-resisted|p2a: Rotom
|-damage|p2a: Rotom|81/100
|
|-weather|Sandstorm|[upkeep]
|-damage|p2a: Rotom|75/100|[from] Sandstorm
|-heal|p2a: Rotom|81/100|[from] item: Leftovers
|upkeep
|turn|17
|
|switch|p1a: Latios|Latios, M|100/100 slp
|-damage|p1a: Latios|88/100 slp|[from] Stealth Rock
|move|p2a: Rotom|Volt Switch|p1a: Latios
|-resisted|p1a: Latios
|-damage|p1a: Latios|76/100 slp
|j| augusto silva
|
|switch|p2a: Tyranitar|Tyranitar, F|100/100
|-damage|p2a: Tyranitar|88/100|[from] Stealth Rock
|-damage|p2a: Tyranitar|76/100|[from] Spikes
|
|-weather|Sandstorm|[upkeep]
|-damage|p1a: Latios|70/100 slp|[from] Sandstorm
|upkeep
|turn|18
|
|cant|p1a: Latios|slp
|move|p1a: Latios|Sleep Talk|p1a: Latios
|move|p1a: Latios|Draco Meteor|p2a: Tyranitar|[from]Sleep Talk
|-damage|p2a: Tyranitar|32/100
|-unboost|p1a: Latios|spa|2
|move|p2a: Tyranitar|Pursuit|p1a: Latios
|-supereffective|p1a: Latios
|-damage|p1a: Latios|15/100 slp
|
|-weather|Sandstorm|[upkeep]
|-damage|p1a: Latios|9/100 slp|[from] Sandstorm
|upkeep
|turn|19
|
|cant|p1a: Latios|slp
|move|p1a: Latios|Sleep Talk|p1a: Latios
|move|p1a: Latios|Dragon Pulse|p2a: Tyranitar|[from]Sleep Talk
|-damage|p2a: Tyranitar|17/100
|move|p2a: Tyranitar|Pursuit|p1a: Latios
|-supereffective|p1a: Latios
|-damage|p1a: Latios|0 fnt
|faint|p1a: Latios
|
|-weather|Sandstorm|[upkeep]
|upkeep
|
|switch|p1a: Garchomp|Garchomp, F|100/100
|-damage|p1a: Garchomp|94/100|[from] Stealth Rock
|turn|20
|
|move|p1a: Garchomp|Dual Chop|p2a: Tyranitar
|-damage|p2a: Tyranitar|0 fnt
|-hitcount|p2a: Tyranitar|1
|faint|p2a: Tyranitar
|
|-weather|Sandstorm|[upkeep]
|upkeep
|l| augusto silva
|
|switch|p2a: Rotom|Rotom-Wash|81/100
|-damage|p2a: Rotom|69/100|[from] Stealth Rock
|turn|21
|
|switch|p1a: Ferrothorn|Ferrothorn, M|49/100
|-damage|p1a: Ferrothorn|43/100|[from] Stealth Rock
|move|p2a: Rotom|Will-O-Wisp|p1a: Ferrothorn
|-status|p1a: Ferrothorn|brn
|
|-weather|Sandstorm|[upkeep]
|-damage|p2a: Rotom|63/100|[from] Sandstorm
|-heal|p2a: Rotom|69/100|[from] item: Leftovers
|-heal|p1a: Ferrothorn|49/100 brn|[from] item: Leftovers
|-damage|p1a: Ferrothorn|37/100 brn|[from] brn
|upkeep
|turn|22
|
|move|p2a: Rotom|Volt Switch|p1a: Ferrothorn
|-resisted|p1a: Ferrothorn
|-damage|p1a: Ferrothorn|27/100 brn
|
|switch|p2a: Heatran|Heatran, M|48/100
|-damage|p2a: Heatran|36/100|[from] Spikes
|-damage|p2a: Heatran|24/100|[from] Stealth Rock
|move|p1a: Ferrothorn|Bulldoze|p2a: Heatran
|-supereffective|p2a: Heatran
|-damage|p2a: Heatran|0 fnt
|faint|p2a: Heatran
|
|-weather|Sandstorm|[upkeep]
|-heal|p1a: Ferrothorn|33/100 brn|[from] item: Leftovers
|-damage|p1a: Ferrothorn|21/100 brn|[from] brn
|upkeep
|
|switch|p2a: Landorus|Landorus-Therian, M|76/100
|-damage|p2a: Landorus|64/100|[from] Stealth Rock
|-ability|p2a: Landorus|Intimidate|boost
|-unboost|p1a: Ferrothorn|atk|1
|turn|23
|
|move|p2a: Landorus|Earthquake|p1a: Ferrothorn
|-damage|p1a: Ferrothorn|0 fnt
|faint|p1a: Ferrothorn
|
|-weather|Sandstorm|[upkeep]
|upkeep
|
|switch|p1a: Alakazam|Alakazam, F|100/100
|turn|24
|
|switch|p2a: Amoonguss|Amoonguss, F|69/100 brn
|-damage|p2a: Amoonguss|57/100 brn|[from] Spikes
|-damage|p2a: Amoonguss|44/100 brn|[from] Stealth Rock
|move|p1a: Alakazam|Hidden Power|p2a: Amoonguss
|-supereffective|p2a: Amoonguss
|-damage|p2a: Amoonguss|9/100 brn
|
|-weather|Sandstorm|[upkeep]
|-damage|p2a: Amoonguss|2/100 brn|[from] Sandstorm
|-heal|p2a: Amoonguss|9/100 brn|[from] item: Black Sludge
|-damage|p2a: Amoonguss|0 fnt|[from] brn
|faint|p2a: Amoonguss
|upkeep
|
|switch|p2a: Rotom|Rotom-Wash|69/100
|-damage|p2a: Rotom|57/100|[from] Stealth Rock
|turn|25
|
|switch|p1a: Tyranitar|Tyranitar, F|60/100
|-damage|p1a: Tyranitar|47/100|[from] Stealth Rock
|move|p2a: Rotom|Pain Split|p1a: Tyranitar
|-sethp|p1a: Tyranitar|45/100|p2a: Rotom|60/100|[from] move: Pain Split
|
|-weather|Sandstorm|[upkeep]
|-damage|p2a: Rotom|54/100|[from] Sandstorm
|-heal|p2a: Rotom|60/100|[from] item: Leftovers
|upkeep
|turn|26
|
|move|p2a: Rotom|Hydro Pump|p1a: Tyranitar
|-supereffective|p1a: Tyranitar
|-damage|p1a: Tyranitar|6/100
|move|p1a: Tyranitar|Crunch|p2a: Rotom
|-damage|p2a: Rotom|15/100
|-unboost|p2a: Rotom|def|1
|
|-weather|Sandstorm|[upkeep]
|-damage|p2a: Rotom|9/100|[from] Sandstorm
|-heal|p2a: Rotom|15/100|[from] item: Leftovers
|upkeep
|turn|27
|
|move|p2a: Rotom|Volt Switch|p1a: Tyranitar
|-damage|p1a: Tyranitar|0 fnt
|faint|p1a: Tyranitar
|
|switch|p2a: Landorus|Landorus-Therian, M|64/100
|-damage|p2a: Landorus|52/100|[from] Stealth Rock
|
|-weather|Sandstorm|[upkeep]
|upkeep
|
|switch|p1a: Garchomp|Garchomp, F|94/100
|-damage|p1a: Garchomp|88/100|[from] Stealth Rock
|turn|28
|
|move|p1a: Garchomp|Outrage|p2a: Landorus
|-damage|p2a: Landorus|0 fnt
|faint|p2a: Landorus
|
|-weather|Sandstorm|[upkeep]
|upkeep
|-message|Manyo Maash forfeited.
|
|win|ltez whatevlmao
|l|☆Manyo Maash
|c|☆ltez whatevlmao|gg
|raw|ltez whatevlmao's rating: 1322 &rarr; <strong>1347</strong><br />(+25 for winning)
|raw|Manyo Maash's rating: 1424 &rarr; <strong>1398</strong><br />(-26 for losing)
