|j|☆kenjishinoka
|j|☆HydreigonSpammer
|t:|1735077605
|gametype|singles
|player|p1|kenjishinoka|102|1461
|player|p2|HydreigonSpammer|janitor|1336
|teamsize|p1|6
|teamsize|p2|6
|gen|5
|tier|[Gen 5] OU
|rated|
|rule|Species Clause: Limit one of each Pokémon
|rule|OHKO Clause: OHKO moves are banned
|rule|Moody Clause: Moody is banned
|rule|Evasion Items Clause: Evasion items are banned
|rule|Evasion Moves Clause: Evasion moves are banned
|rule|Endless Battle Clause: Forcing endless battles is banned
|rule|HP Percentage Mod: HP is shown in percentages
|rule|Evasion Abilities Clause: Evasion abilities are banned
|rule|Sleep Moves Clause: Sleep-inducing moves are banned
|rule|Swagger Clause: Swagger is banned
|rule|Baton Pass Stat Clause: No Baton Passer may have a way to boost its stats
|clearpoke
|poke|p1|Gyarados, F|item
|poke|p1|Sableye, M|item
|poke|p1|Magnezone|item
|poke|p1|Jellicent, M|item
|poke|p1|Skarmory, F|item
|poke|p1|Excadrill, F|item
|poke|p2|Tyranitar, M|item
|poke|p2|Landorus-Therian, M|item
|poke|p2|Garchomp, M|item
|poke|p2|Ferrothorn, M|item
|poke|p2|Hydreigon, F|item
|poke|p2|Jellicent, M|item
|teampreview
|inactive|Battle timer is ON: inactive players will automatically lose when time's up. (requested by kenjishinoka)
|
|t:|1735077620
|start
|switch|p1a: Skarmory|Skarmory, F|100/100
|switch|p2a: Hydreigon|Hydreigon, F, shiny|100/100
|turn|1
|
|t:|1735077627
|move|p2a: Hydreigon|Fire Blast|p1a: Skarmory
|-supereffective|p1a: Skarmory
|-ability|p1a: Skarmory|Sturdy
|-damage|p1a: Skarmory|1/100
|-damage|p2a: Hydreigon|91/100|[from] item: Life Orb
|move|p1a: Skarmory|Stealth Rock|p2a: Hydreigon
|-sidestart|p2: HydreigonSpammer|move: Stealth Rock
|
|upkeep
|turn|2
|-enditem|p1a: Skarmory|Custap Berry|[eat]
|-activate|p1a: Skarmory|item: Custap Berry|[consumed]
|
|t:|1735077635
|move|p1a: Skarmory|Spikes|p2a: Hydreigon
|-sidestart|p2: HydreigonSpammer|Spikes
|move|p2a: Hydreigon|Fire Blast|p1a: Skarmory
|-supereffective|p1a: Skarmory
|-damage|p1a: Skarmory|0 fnt
|faint|p1a: Skarmory
|-damage|p2a: Hydreigon|81/100|[from] item: Life Orb
|
|upkeep
|inactive|kenjishinoka has 120 seconds left.
|
|t:|1735077667
|switch|p1a: Gyarados|Gyarados, F|100/100
|turn|3
|
|t:|1735077674
|move|p1a: Gyarados|Waterfall|p2a: Hydreigon
|-resisted|p2a: Hydreigon
|-damage|p2a: Hydreigon|53/100
|cant|p2a: Hydreigon|flinch
|
|upkeep
|turn|4
|
|t:|1735077689
|move|p1a: Gyarados|Waterfall|p2a: Hydreigon
|-resisted|p2a: Hydreigon
|-damage|p2a: Hydreigon|23/100
|cant|p2a: Hydreigon|flinch
|
|upkeep
|turn|5
|c|☆HydreigonSpammer|exquisite
|
|t:|1735077698
|switch|p2a: Jellicent|Jellicent, M|100/100
|-damage|p2a: Jellicent|88/100|[from] Stealth Rock
|-damage|p2a: Jellicent|76/100|[from] Spikes
|move|p1a: Gyarados|Waterfall|p2a: Jellicent
|-heal|p2a: Jellicent|100/100|[from] ability: Water Absorb|[of] p1a: Gyarados
|
|upkeep
|turn|6
|c|☆kenjishinoka|sry about that
|
|t:|1735077706
|switch|p1a: Jellicent|Jellicent, M|100/100
|move|p2a: Jellicent|Will-O-Wisp|p1a: Jellicent
|-status|p1a: Jellicent|brn
|
|-damage|p1a: Jellicent|88/100 brn|[from] brn
|upkeep
|turn|7
|
|t:|1735077716
|move|p2a: Jellicent|Taunt|p1a: Jellicent
|-start|p1a: Jellicent|move: Taunt
|move|p1a: Jellicent|Shadow Ball|p2a: Jellicent
|-supereffective|p2a: Jellicent
|-damage|p2a: Jellicent|24/100
|
|-heal|p2a: Jellicent|30/100|[from] item: Leftovers
|-damage|p1a: Jellicent|76/100 brn|[from] brn
|upkeep
|turn|8
|
|t:|1735077730
|switch|p1a: Excadrill|Excadrill, F|100/100
|-ability|p1a: Excadrill|Mold Breaker
|move|p2a: Jellicent|Recover|p2a: Jellicent
|-heal|p2a: Jellicent|80/100
|
|-heal|p2a: Jellicent|87/100|[from] item: Leftovers
|upkeep
|turn|9
|
|t:|1735077735
|switch|p1a: Jellicent|Jellicent, M|76/100 brn
|move|p2a: Jellicent|Will-O-Wisp|p1a: Jellicent
|-fail|p1a: Jellicent|brn
|
|-heal|p2a: Jellicent|93/100|[from] item: Leftovers
|-damage|p1a: Jellicent|63/100 brn|[from] brn
|upkeep
|turn|10
|
|t:|1735077742
|switch|p2a: Ferrothorn|Ferrothorn, M|100/100
|-damage|p2a: Ferrothorn|94/100|[from] Stealth Rock
|-damage|p2a: Ferrothorn|82/100|[from] Spikes
|move|p1a: Jellicent|Giga Drain|p2a: Ferrothorn
|-resisted|p2a: Ferrothorn
|-damage|p2a: Ferrothorn|76/100
|-heal|p1a: Jellicent|66/100 brn|[from] drain|[of] p2a: Ferrothorn
|
|-heal|p2a: Ferrothorn|83/100|[from] item: Leftovers
|-damage|p1a: Jellicent|53/100 brn|[from] brn
|upkeep
|turn|11
|
|t:|1735077748
|switch|p1a: Magnezone|Magnezone|100/100
|-item|p1a: Magnezone|Air Balloon
|move|p2a: Ferrothorn|Leech Seed|p1a: Magnezone
|-start|p1a: Magnezone|move: Leech Seed
|
|-heal|p2a: Ferrothorn|89/100|[from] item: Leftovers
|-damage|p1a: Magnezone|88/100|[from] Leech Seed|[of] p2a: Ferrothorn
|-heal|p2a: Ferrothorn|99/100|[silent]
|upkeep
|turn|12
|
|t:|1735077754
|move|p2a: Ferrothorn|Protect|p2a: Ferrothorn
|-singleturn|p2a: Ferrothorn|Protect
|move|p1a: Magnezone|Hidden Power|p2a: Ferrothorn
|-activate|p2a: Ferrothorn|move: Protect
|
|-heal|p2a: Ferrothorn|100/100|[from] item: Leftovers
|-damage|p1a: Magnezone|76/100|[from] Leech Seed|[of] p2a: Ferrothorn
|upkeep
|turn|13
|
|t:|1735077758
|move|p1a: Magnezone|Hidden Power|p2a: Ferrothorn
|-supereffective|p2a: Ferrothorn
|-damage|p2a: Ferrothorn|36/100
|move|p2a: Ferrothorn|Power Whip|p1a: Magnezone
|-resisted|p1a: Magnezone
|-damage|p1a: Magnezone|53/100
|-enditem|p1a: Magnezone|Air Balloon
|
|-heal|p2a: Ferrothorn|42/100|[from] item: Leftovers
|-damage|p1a: Magnezone|40/100|[from] Leech Seed|[of] p2a: Ferrothorn
|-heal|p2a: Ferrothorn|52/100|[silent]
|upkeep
|turn|14
|
|t:|1735077762
|move|p2a: Ferrothorn|Protect|p2a: Ferrothorn
|-singleturn|p2a: Ferrothorn|Protect
|move|p1a: Magnezone|Sunny Day|p1a: Magnezone
|-weather|SunnyDay
|
|-weather|SunnyDay|[upkeep]
|-heal|p2a: Ferrothorn|58/100|[from] item: Leftovers
|-damage|p1a: Magnezone|28/100|[from] Leech Seed|[of] p2a: Ferrothorn
|-heal|p2a: Ferrothorn|68/100|[silent]
|upkeep
|turn|15
|
|t:|1735077767
|move|p1a: Magnezone|Hidden Power|p2a: Ferrothorn
|-supereffective|p2a: Ferrothorn
|-damage|p2a: Ferrothorn|0 fnt
|faint|p2a: Ferrothorn
|
|-weather|SunnyDay|[upkeep]
|upkeep
|
|t:|1735077777
|switch|p2a: Garchomp|Garchomp, M|100/100
|-damage|p2a: Garchomp|94/100|[from] Stealth Rock
|-damage|p2a: Garchomp|82/100|[from] Spikes
|turn|16
|
|t:|1735077786
|switch|p1a: Sableye|Sableye, M|100/100
|move|p2a: Garchomp|Stealth Rock|p1a: Sableye
|-sidestart|p1: kenjishinoka|move: Stealth Rock
|
|-weather|SunnyDay|[upkeep]
|upkeep
|turn|17
|
|t:|1735077805
|switch|p2a: Jellicent|Jellicent, M|93/100
|-damage|p2a: Jellicent|80/100|[from] Stealth Rock
|-damage|p2a: Jellicent|68/100|[from] Spikes
|move|p1a: Sableye|Trick|p2a: Jellicent
|-activate|p1a: Sableye|move: Trick|[of] p2a: Jellicent
|-item|p2a: Jellicent|Lagging Tail|[from] move: Trick
|-item|p1a: Sableye|Leftovers|[from] move: Trick
|
|-weather|SunnyDay|[upkeep]
|upkeep
|turn|18
|
|t:|1735077812
|move|p1a: Sableye|Foul Play|p2a: Jellicent
|-supereffective|p2a: Jellicent
|-damage|p2a: Jellicent|44/100
|move|p2a: Jellicent|Scald|p1a: Sableye
|-damage|p1a: Sableye|80/100
|
|-weather|none
|-heal|p1a: Sableye|86/100|[from] item: Leftovers
|upkeep
|turn|19
|
|t:|1735077817
|move|p1a: Sableye|Taunt|p2a: Jellicent
|-start|p2a: Jellicent|move: Taunt
|cant|p2a: Jellicent|move: Taunt|Recover
|
|-heal|p1a: Sableye|92/100|[from] item: Leftovers
|upkeep
|turn|20
|
|t:|1735077823
|switch|p1a: Jellicent|Jellicent, M|53/100 brn
|-damage|p1a: Jellicent|41/100 brn|[from] Stealth Rock
|move|p2a: Jellicent|Scald|p1a: Jellicent
|-heal|p1a: Jellicent|66/100 brn|[from] ability: Water Absorb|[of] p2a: Jellicent
|
|-damage|p1a: Jellicent|54/100 brn|[from] brn
|upkeep
|turn|21
|
|t:|1735077836
|switch|p2a: Tyranitar|Tyranitar, M|100/100
|-damage|p2a: Tyranitar|88/100|[from] Stealth Rock
|-damage|p2a: Tyranitar|76/100|[from] Spikes
|-weather|Sandstorm|[from] ability: Sand Stream|[of] p2a: Tyranitar
|move|p1a: Jellicent|Giga Drain|p2a: Tyranitar
|-supereffective|p2a: Tyranitar
|-damage|p2a: Tyranitar|35/100
|-heal|p1a: Jellicent|73/100 brn|[from] drain|[of] p2a: Tyranitar
|
|-weather|Sandstorm|[upkeep]
|-damage|p1a: Jellicent|67/100 brn|[from] Sandstorm
|-damage|p1a: Jellicent|55/100 brn|[from] brn
|upkeep
|turn|22
|
|t:|1735077842
|move|p2a: Tyranitar|Crunch|p1a: Jellicent
|-supereffective|p1a: Jellicent
|-damage|p1a: Jellicent|0 fnt
|faint|p1a: Jellicent
|
|-weather|Sandstorm|[upkeep]
|upkeep
|
|t:|1735077849
|switch|p1a: Excadrill|Excadrill, F|100/100
|-damage|p1a: Excadrill|97/100|[from] Stealth Rock
|-ability|p1a: Excadrill|Mold Breaker
|turn|23
|
|t:|1735077860
|switch|p2a: Landorus|Landorus-Therian, M|100/100
|-damage|p2a: Landorus|88/100|[from] Stealth Rock
|-ability|p2a: Landorus|Intimidate|boost
|-unboost|p1a: Excadrill|atk|1
|move|p1a: Excadrill|Iron Head|p2a: Landorus
|-damage|p2a: Landorus|53/100
|
|-weather|Sandstorm|[upkeep]
|upkeep
|turn|24
|
|t:|1735077869
|switch|p1a: Gyarados|Gyarados, F|100/100
|-damage|p1a: Gyarados|76/100|[from] Stealth Rock
|move|p2a: Landorus|Earthquake|p1a: Gyarados
|-immune|p1a: Gyarados
|
|-weather|Sandstorm|[upkeep]
|-damage|p1a: Gyarados|70/100|[from] Sandstorm
|upkeep
|turn|25
|
|t:|1735077899
|switch|p2a: Tyranitar|Tyranitar, M|35/100
|-damage|p2a: Tyranitar|22/100|[from] Stealth Rock
|-damage|p2a: Tyranitar|10/100|[from] Spikes
|move|p1a: Gyarados|Outrage|p2a: Tyranitar
|-damage|p2a: Tyranitar|0 fnt
|faint|p2a: Tyranitar
|-ability|p1a: Gyarados|Moxie|boost
|-boost|p1a: Gyarados|atk|1
|
|-weather|Sandstorm|[upkeep]
|-damage|p1a: Gyarados|64/100|[from] Sandstorm
|upkeep
|inactive|HydreigonSpammer has 120 seconds left.
|
|t:|1735077910
|switch|p2a: Landorus|Landorus-Therian, M|53/100
|-damage|p2a: Landorus|41/100|[from] Stealth Rock
|-ability|p2a: Landorus|Intimidate|boost
|-unboost|p1a: Gyarados|atk|1
|turn|26
|
|t:|1735077918
|move|p2a: Landorus|U-turn|p1a: Gyarados
|-resisted|p1a: Gyarados
|-damage|p1a: Gyarados|48/100
|
|t:|1735077927
|switch|p2a: Hydreigon|Hydreigon, F, shiny|23/100|[from] U-turn
|-damage|p2a: Hydreigon|11/100|[from] Stealth Rock
|move|p1a: Gyarados|Outrage|p2a: Hydreigon|[from]lockedmove
|-supereffective|p2a: Hydreigon
|-damage|p2a: Hydreigon|0 fnt
|faint|p2a: Hydreigon
|-ability|p1a: Gyarados|Moxie|boost
|-boost|p1a: Gyarados|atk|1
|
|-weather|Sandstorm|[upkeep]
|-damage|p1a: Gyarados|42/100|[from] Sandstorm
|upkeep
|
|t:|1735077929
|switch|p2a: Landorus|Landorus-Therian, M|41/100
|-damage|p2a: Landorus|29/100|[from] Stealth Rock
|-ability|p2a: Landorus|Intimidate|boost
|-unboost|p1a: Gyarados|atk|1
|turn|27
|
|t:|1735077936
|move|p2a: Landorus|U-turn|p1a: Gyarados
|-resisted|p1a: Gyarados
|-damage|p1a: Gyarados|26/100
|
|t:|1735077938
|switch|p2a: Jellicent|Jellicent, M|44/100|[from] U-turn
|-damage|p2a: Jellicent|31/100|[from] Stealth Rock
|-damage|p2a: Jellicent|19/100|[from] Spikes
|move|p1a: Gyarados|Outrage|p2a: Jellicent|[from]lockedmove
|-damage|p2a: Jellicent|0 fnt
|faint|p2a: Jellicent
|-ability|p1a: Gyarados|Moxie|boost
|-boost|p1a: Gyarados|atk|1
|-start|p1a: Gyarados|confusion|[fatigue]
|
|-weather|Sandstorm|[upkeep]
|-damage|p1a: Gyarados|20/100|[from] Sandstorm
|upkeep
|
|t:|1735077943
|switch|p2a: Landorus|Landorus-Therian, M|29/100
|-damage|p2a: Landorus|16/100|[from] Stealth Rock
|-ability|p2a: Landorus|Intimidate|boost
|-unboost|p1a: Gyarados|atk|1
|turn|28
|
|t:|1735077949
|move|p2a: Landorus|Superpower|p1a: Gyarados
|-resisted|p1a: Gyarados
|-damage|p1a: Gyarados|0 fnt
|-unboost|p2a: Landorus|atk|1
|-unboost|p2a: Landorus|def|1
|faint|p1a: Gyarados
|
|-weather|Sandstorm|[upkeep]
|upkeep
|
|t:|1735077955
|switch|p1a: Sableye|Sableye, M|92/100
|-damage|p1a: Sableye|79/100|[from] Stealth Rock
|turn|29
|inactive|HydreigonSpammer has 120 seconds left.
|
|t:|1735077991
|switch|p1a: Excadrill|Excadrill, F|97/100
|-damage|p1a: Excadrill|94/100|[from] Stealth Rock
|-ability|p1a: Excadrill|Mold Breaker
|move|p2a: Landorus|Superpower|p1a: Excadrill
|-supereffective|p1a: Excadrill
|-damage|p1a: Excadrill|10/100
|-unboost|p2a: Landorus|atk|1
|-unboost|p2a: Landorus|def|1
|
|-weather|Sandstorm|[upkeep]
|upkeep
|turn|30
|inactive|HydreigonSpammer has 120 seconds left.
|-message|kenjishinoka forfeited.
|
|win|HydreigonSpammer
|raw|kenjishinoka's rating: 1461 &rarr; <strong>1434</strong><br />(-27 for losing)
|raw|HydreigonSpammer's rating: 1336 &rarr; <strong>1363</strong><br />(+27 for winning)
|l|☆kenjishinoka
|player|p1|
