|j|☆Candid pictures
|j|☆lsc29
|t:|1735118692
|gametype|singles
|player|p1|Candid pictures|266|1500
|player|p2|lsc29|lucas|1394
|teamsize|p1|6
|teamsize|p2|6
|gen|5
|tier|[Gen 5] OU
|rated|
|rule|Species Clause: Limit one of each Pokémon
|rule|OHKO Clause: OHKO moves are banned
|rule|Moody Clause: Moody is banned
|rule|Evasion Items Clause: Evasion items are banned
|rule|Evasion Moves Clause: Evasion moves are banned
|rule|Endless Battle Clause: Forcing endless battles is banned
|rule|HP Percentage Mod: HP is shown in percentages
|rule|Evasion Abilities Clause: Evasion abilities are banned
|rule|Sleep Moves Clause: Sleep-inducing moves are banned
|rule|Swagger Clause: Swagger is banned
|rule|Baton Pass Stat Clause: No Baton Passer may have a way to boost its stats
|clearpoke
|poke|p1|Garchomp, F|item
|poke|p1|Magnezone|item
|poke|p1|Latios, M|item
|poke|p1|Alakazam, M|item
|poke|p1|Keldeo|item
|poke|p1|Kyurem-Black|item
|poke|p2|Abomasnow, F|item
|poke|p2|Forretress, F|item
|poke|p2|Reuniclus, M|item
|poke|p2|Kyurem-Black|item
|poke|p2|Gliscor, M|item
|poke|p2|Mandibuzz, F|item
|teampreview
|inactive|Battle timer is ON: inactive players will automatically lose when time's up. (requested by lsc29)
|c|☆lsc29|Pinkjet?
|
|t:|1735118717
|start
|switch|p1a: Garchomp|Garchomp, F|100/100
|switch|p2a: Kyurem|Kyurem-Black|100/100
|-ability|p2a: Kyurem|Teravolt
|turn|1
|
|t:|1735118725
|move|p2a: Kyurem|Ice Beam|p1a: Garchomp
|-supereffective|p1a: Garchomp
|-enditem|p1a: Garchomp|Focus Sash
|-damage|p1a: Garchomp|1/100
|move|p1a: Garchomp|Stealth Rock|p2a: Kyurem
|-sidestart|p2: lsc29|move: Stealth Rock
|
|upkeep
|turn|2
|
|t:|1735118738
|switch|p2a: Reuniclus|Reuniclus, M|100/100
|switch|p1a: Keldeo|Keldeo|100/100
|
|-status|p2a: Reuniclus|brn|[from] item: Flame Orb
|upkeep
|turn|3
|
|t:|1735118751
|move|p1a: Keldeo|Hydro Pump|p2a: Reuniclus
|-damage|p2a: Reuniclus|11/100 brn
|move|p2a: Reuniclus|Calm Mind|p2a: Reuniclus
|-boost|p2a: Reuniclus|spa|1
|-boost|p2a: Reuniclus|spd|1
|
|upkeep
|turn|4
|
|t:|1735118758
|move|p1a: Keldeo|Hydro Pump|p2a: Reuniclus
|-damage|p2a: Reuniclus|0 fnt
|faint|p2a: Reuniclus
|
|upkeep
|
|t:|1735118766
|switch|p2a: Abomasnow|Abomasnow, F|100/100
|-damage|p2a: Abomasnow|76/100|[from] Stealth Rock
|-weather|Hail|[from] ability: Snow Warning|[of] p2a: Abomasnow
|turn|5
|
|t:|1735118772
|switch|p1a: Magnezone|Magnezone|100/100
|-item|p1a: Magnezone|Air Balloon
|move|p2a: Abomasnow|Blizzard|p1a: Magnezone
|-resisted|p1a: Magnezone
|-damage|p1a: Magnezone|67/100
|-enditem|p1a: Magnezone|Air Balloon
|
|-weather|Hail|[upkeep]
|-damage|p1a: Magnezone|61/100|[from] Hail
|upkeep
|turn|6
|
|t:|1735118783
|move|p1a: Magnezone|Hidden Power|p2a: Abomasnow
|-supereffective|p2a: Abomasnow
|-damage|p2a: Abomasnow|0 fnt
|faint|p2a: Abomasnow
|
|-weather|Hail|[upkeep]
|-damage|p1a: Magnezone|55/100|[from] Hail
|upkeep
|
|t:|1735118790
|switch|p2a: Gliscor|Gliscor, M|100/100
|-damage|p2a: Gliscor|88/100|[from] Stealth Rock
|turn|7
|
|t:|1735118794
|switch|p1a: Latios|Latios, M|100/100
|move|p2a: Gliscor|Stealth Rock|p1a: Latios
|-sidestart|p1: Candid pictures|move: Stealth Rock
|
|-weather|Hail|[upkeep]
|-damage|p1a: Latios|95/100|[from] Hail
|-damage|p2a: Gliscor|82/100|[from] Hail
|-status|p2a: Gliscor|tox|[from] item: Toxic Orb
|upkeep
|turn|8
|
|t:|1735118797
|move|p2a: Gliscor|Protect|p2a: Gliscor
|-singleturn|p2a: Gliscor|Protect
|move|p1a: Latios|Surf|p2a: Gliscor
|-activate|p2a: Gliscor|move: Protect
|
|-weather|Hail|[upkeep]
|-damage|p1a: Latios|89/100|[from] Hail
|-damage|p2a: Gliscor|76/100 tox|[from] Hail
|-heal|p2a: Gliscor|88/100 tox|[from] ability: Poison Heal
|upkeep
|turn|9
|
|t:|1735118803
|switch|p2a: Mandibuzz|Mandibuzz, F|100/100
|-damage|p2a: Mandibuzz|75/100|[from] Stealth Rock
|move|p1a: Latios|Surf|p2a: Mandibuzz
|-damage|p2a: Mandibuzz|55/100
|
|-weather|Hail|[upkeep]
|-damage|p1a: Latios|83/100|[from] Hail
|-heal|p2a: Mandibuzz|61/100|[from] item: Leftovers
|upkeep
|turn|10
|
|t:|1735118808
|switch|p1a: Magnezone|Magnezone|55/100
|-damage|p1a: Magnezone|49/100|[from] Stealth Rock
|move|p2a: Mandibuzz|Toxic|p1a: Magnezone
|-immune|p1a: Magnezone
|
|-weather|Hail|[upkeep]
|-damage|p1a: Magnezone|43/100|[from] Hail
|-heal|p2a: Mandibuzz|67/100|[from] item: Leftovers
|upkeep
|turn|11
|
|t:|1735118817
|switch|p2a: Gliscor|Gliscor, M|88/100 tox
|-damage|p2a: Gliscor|76/100 tox|[from] Stealth Rock
|move|p1a: Magnezone|Magnet Rise|p1a: Magnezone
|-start|p1a: Magnezone|Magnet Rise
|
|-weather|Hail|[upkeep]
|-damage|p2a: Gliscor|69/100 tox|[from] Hail
|-damage|p1a: Magnezone|37/100|[from] Hail
|-heal|p2a: Gliscor|82/100 tox|[from] ability: Poison Heal
|upkeep
|turn|12
|
|t:|1735118824
|move|p2a: Gliscor|Toxic|p1a: Magnezone
|-immune|p1a: Magnezone
|move|p1a: Magnezone|Sunny Day|p1a: Magnezone
|-weather|SunnyDay
|
|-weather|SunnyDay|[upkeep]
|-heal|p2a: Gliscor|94/100 tox|[from] ability: Poison Heal
|upkeep
|turn|13
|
|t:|1735118826
|move|p2a: Gliscor|Protect|p2a: Gliscor
|-singleturn|p2a: Gliscor|Protect
|move|p1a: Magnezone|Hidden Power|p2a: Gliscor
|-activate|p2a: Gliscor|move: Protect
|
|-weather|SunnyDay|[upkeep]
|-heal|p2a: Gliscor|100/100 tox|[from] ability: Poison Heal
|upkeep
|turn|14
|
|t:|1735118835
|move|p2a: Gliscor|Protect||[still]
|-fail|p2a: Gliscor
|move|p1a: Magnezone|Hidden Power|p2a: Gliscor
|-damage|p2a: Gliscor|66/100 tox
|
|-weather|SunnyDay|[upkeep]
|-heal|p2a: Gliscor|78/100 tox|[from] ability: Poison Heal
|upkeep
|turn|15
|
|t:|1735118847
|move|p2a: Gliscor|Earthquake|p1a: Magnezone
|-immune|p1a: Magnezone
|move|p1a: Magnezone|Hidden Power|p2a: Gliscor
|-damage|p2a: Gliscor|42/100 tox
|
|-weather|SunnyDay|[upkeep]
|-heal|p2a: Gliscor|54/100 tox|[from] ability: Poison Heal
|-end|p1a: Magnezone|Magnet Rise
|upkeep
|turn|16
|
|t:|1735118851
|switch|p1a: Keldeo|Keldeo|100/100
|-damage|p1a: Keldeo|94/100|[from] Stealth Rock
|move|p2a: Gliscor|Toxic|p1a: Keldeo
|-status|p1a: Keldeo|tox
|
|-weather|none
|-damage|p1a: Keldeo|88/100 tox|[from] psn
|-heal|p2a: Gliscor|67/100 tox|[from] ability: Poison Heal
|upkeep
|turn|17
|
|t:|1735118854
|move|p2a: Gliscor|Protect|p2a: Gliscor
|-singleturn|p2a: Gliscor|Protect
|move|p1a: Keldeo|Surf|p2a: Gliscor
|-activate|p2a: Gliscor|move: Protect
|
|-damage|p1a: Keldeo|76/100 tox|[from] psn
|-heal|p2a: Gliscor|79/100 tox|[from] ability: Poison Heal
|upkeep
|turn|18
|
|t:|1735118869
|switch|p2a: Kyurem|Kyurem-Black|100/100
|-damage|p2a: Kyurem|76/100|[from] Stealth Rock
|-ability|p2a: Kyurem|Teravolt
|move|p1a: Keldeo|Surf|p2a: Kyurem
|-resisted|p2a: Kyurem
|-damage|p2a: Kyurem|41/100
|
|-damage|p1a: Keldeo|57/100 tox|[from] psn
|upkeep
|turn|19
|j| Blaise BWOU
|
|t:|1735118883
|switch|p1a: Garchomp|Garchomp, F|1/100
|-damage|p1a: Garchomp|0 fnt|[from] Stealth Rock
|faint|p1a: Garchomp
|move|p2a: Kyurem|Outrage|p1: Garchomp|[notarget]
|-fail|p2a: Kyurem
|
|upkeep
|
|t:|1735118901
|switch|p1a: Latios|Latios, M|83/100
|-damage|p1a: Latios|70/100|[from] Stealth Rock
|turn|20
|c|☆Candid pictures|Damn bro
|
|t:|1735118930
|switch|p2a: Forretress|Forretress, F|100/100
|-damage|p2a: Forretress|88/100|[from] Stealth Rock
|move|p1a: Latios|Dragon Pulse|p2a: Forretress
|-resisted|p2a: Forretress
|-damage|p2a: Forretress|56/100
|
|-heal|p2a: Forretress|62/100|[from] item: Leftovers
|upkeep
|turn|21
|c|☆Candid pictures|are u buying the book?
|
|t:|1735118940
|switch|p1a: Magnezone|Magnezone|37/100
|-damage|p1a: Magnezone|31/100|[from] Stealth Rock
|move|p2a: Forretress|Rapid Spin|p1a: Magnezone
|-resisted|p1a: Magnezone
|-damage|p1a: Magnezone|29/100
|-sideend|p2: lsc29|Stealth Rock|[from] move: Rapid Spin|[of] p2a: Forretress
|
|-heal|p2a: Forretress|68/100|[from] item: Leftovers
|upkeep
|turn|22
|
|t:|1735118945
|move|p1a: Magnezone|Magnet Rise|p1a: Magnezone
|-start|p1a: Magnezone|Magnet Rise
|move|p2a: Forretress|Volt Switch|p1a: Magnezone
|-resisted|p1a: Magnezone
|-damage|p1a: Magnezone|20/100
|
|t:|1735118952
|switch|p2a: Mandibuzz|Mandibuzz, F|67/100|[from] Volt Switch
|
|-heal|p2a: Mandibuzz|73/100|[from] item: Leftovers
|upkeep
|turn|23
|
|t:|1735118954
|switch|p2a: Gliscor|Gliscor, M|79/100 tox
|move|p1a: Magnezone|Thunderbolt|p2a: Gliscor
|-immune|p2a: Gliscor
|
|-heal|p2a: Gliscor|92/100 tox|[from] ability: Poison Heal
|upkeep
|turn|24
|
|t:|1735118958
|move|p2a: Gliscor|Protect|p2a: Gliscor
|-singleturn|p2a: Gliscor|Protect
|move|p1a: Magnezone|Hidden Power|p2a: Gliscor
|-activate|p2a: Gliscor|move: Protect
|
|-heal|p2a: Gliscor|100/100 tox|[from] ability: Poison Heal
|upkeep
|turn|25
|
|t:|1735118965
|move|p2a: Gliscor|Protect||[still]
|-fail|p2a: Gliscor
|move|p1a: Magnezone|Hidden Power|p2a: Gliscor
|-damage|p2a: Gliscor|77/100 tox
|
|-heal|p2a: Gliscor|89/100 tox|[from] ability: Poison Heal
|upkeep
|turn|26
|
|t:|1735118969
|switch|p1a: Kyurem|Kyurem-Black|100/100
|-damage|p1a: Kyurem|76/100|[from] Stealth Rock
|-ability|p1a: Kyurem|Teravolt
|move|p2a: Gliscor|Earthquake|p1a: Kyurem
|-damage|p1a: Kyurem|47/100
|
|-heal|p1a: Kyurem|53/100|[from] item: Leftovers
|-heal|p2a: Gliscor|100/100 tox|[from] ability: Poison Heal
|upkeep
|turn|27
|inactive|lsc29 has 120 seconds left.
|
|t:|1735119006
|switch|p2a: Forretress|Forretress, F|68/100
|move|p1a: Kyurem|Substitute|p1a: Kyurem
|-start|p1a: Kyurem|Substitute
|-damage|p1a: Kyurem|28/100
|
|-heal|p1a: Kyurem|34/100|[from] item: Leftovers
|-heal|p2a: Forretress|75/100|[from] item: Leftovers
|upkeep
|turn|28
|inactive|lsc29 has 120 seconds left.
|
|t:|1735119011
|move|p1a: Kyurem|Earth Power|p2a: Forretress
|-crit|p2a: Forretress
|-damage|p2a: Forretress|0 fnt
|faint|p2a: Forretress
|
|-heal|p1a: Kyurem|40/100|[from] item: Leftovers
|upkeep
|inactive|lsc29 has 120 seconds left.
|
|t:|1735119030
|switch|p2a: Kyurem|Kyurem-Black|41/100
|-ability|p2a: Kyurem|Teravolt
|turn|29
|
|t:|1735119034
|move|p2a: Kyurem|Outrage|p1a: Kyurem
|-supereffective|p1a: Kyurem
|-end|p1a: Kyurem|Substitute
|move|p1a: Kyurem|Ice Beam|p2a: Kyurem
|-damage|p2a: Kyurem|0 fnt
|faint|p2a: Kyurem
|
|-heal|p1a: Kyurem|46/100|[from] item: Leftovers
|upkeep
|
|t:|1735119038
|switch|p2a: Mandibuzz|Mandibuzz, F|73/100
|turn|30
|
|t:|1735119054
|move|p1a: Kyurem|Ice Beam|p2a: Mandibuzz
|-supereffective|p2a: Mandibuzz
|-crit|p2a: Mandibuzz
|-damage|p2a: Mandibuzz|0 fnt
|faint|p2a: Mandibuzz
|
|-heal|p1a: Kyurem|53/100|[from] item: Leftovers
|upkeep
|c|☆lsc29|Rofl
|c|☆lsc29|Alr
|-message|lsc29 forfeited.
|
|win|Candid pictures
|raw|Candid pictures's rating: 1500 &rarr; <strong>1514</strong><br />(+14 for winning)
|raw|lsc29's rating: 1394 &rarr; <strong>1380</strong><br />(-14 for losing)
|l|☆lsc29
|player|p2|
|c|☆Candid pictures|U stupid?
