|j|☆refsunpersons
|j|☆CroCoeur
|player|p1|refsunpersons|123
|player|p2|CroCoeur|161
|teamsize|p1|6
|teamsize|p2|6
|gametype|singles
|gen|5
|tier|[Gen 5] OU
|rated|
|rule|Sleep Clause Mod: Limit one foe put to sleep
|rule|Species Clause: Limit one of each Pokémon
|rule|OHKO Clause: OHKO moves are banned
|rule|Moody Clause: Moody is banned
|rule|Evasion Moves Clause: Evasion moves are banned
|rule|Endless Battle Clause: Forcing endless battles is banned
|rule|HP Percentage Mod: HP is shown in percentages
|rule|Evasion Abilities Clause: Evasion abilities are banned
|rule|Baton Pass Clause: Limit one Baton Passer, can't pass Spe and other stats simultaneously
|rule|Swagger Clause: Swagger is banned
|clearpoke
|poke|p1|Tyranitar, M|item
|poke|p1|Landorus-Therian, M|item
|poke|p1|Latios, M|item
|poke|p1|Ferrothorn, F|item
|poke|p1|Heatran, F|item
|poke|p1|Rotom-Wash|item
|poke|p2|Politoed, M|item
|poke|p2|Vaporeon, F|item
|poke|p2|Celebi|item
|poke|p2|Ferrothorn, M|item
|poke|p2|Latios, M|item
|poke|p2|Jirachi|item
|teampreview
|c|☆refsunpersons|gl hf
|inactive|Battle timer is ON: inactive players will automatically lose when time's up. (requested by CroCoeur)
|
|start
|switch|p1a: Ferrothorn|Ferrothorn, F|100/100
|switch|p2a: Politoed|Politoed, M|100/100
|-weather|RainDance|[from] ability: Drizzle|[of] p2a: Politoed
|turn|1
|
|switch|p2a: Ferrothorn|Ferrothorn, M|100/100
|switch|p1a: Latios|Latios, M|100/100
|
|-weather|RainDance|[upkeep]
|upkeep
|turn|2
|
|switch|p1a: Ferrothorn|Ferrothorn, F|100/100
|move|p2a: Ferrothorn|Spikes|p1a: Ferrothorn
|-sidestart|p1: refsunpersons|Spikes
|
|-weather|RainDance|[upkeep]
|upkeep
|turn|3
|
|move|p2a: Ferrothorn|Stealth Rock|p1a: Ferrothorn
|-sidestart|p1: refsunpersons|move: Stealth Rock
|move|p1a: Ferrothorn|Spikes|p2a: Ferrothorn
|-sidestart|p2: CroCoeur|Spikes
|
|-weather|RainDance|[upkeep]
|upkeep
|turn|4
|
|move|p2a: Ferrothorn|Spikes|p1a: Ferrothorn
|-sidestart|p1: refsunpersons|Spikes
|move|p1a: Ferrothorn|Spikes|p2a: Ferrothorn
|-sidestart|p2: CroCoeur|Spikes
|
|-weather|RainDance|[upkeep]
|upkeep
|turn|5
|
|move|p2a: Ferrothorn|Spikes|p1a: Ferrothorn
|-sidestart|p1: refsunpersons|Spikes
|move|p1a: Ferrothorn|Spikes|p2a: Ferrothorn
|-sidestart|p2: CroCoeur|Spikes
|
|-weather|RainDance|[upkeep]
|upkeep
|turn|6
|
|switch|p2a: Jirachi|Jirachi|100/100
|-damage|p2a: Jirachi|75/100|[from] Spikes
|switch|p1a: Tyranitar|Tyranitar, M|100/100
|-damage|p1a: Tyranitar|88/100|[from] Stealth Rock
|-damage|p1a: Tyranitar|63/100|[from] Spikes
|-weather|Sandstorm|[from] ability: Sand Stream|[of] p1a: Tyranitar
|
|-weather|Sandstorm|[upkeep]
|-heal|p2a: Jirachi|82/100|[from] item: Leftovers
|upkeep
|turn|7
|
|switch|p1a: Heatran|Heatran, F|100/100
|-damage|p1a: Heatran|88/100|[from] Stealth Rock
|-damage|p1a: Heatran|63/100|[from] Spikes
|move|p2a: Jirachi|Water Pulse|p1a: Heatran
|-supereffective|p1a: Heatran
|-damage|p1a: Heatran|41/100
|
|-weather|Sandstorm|[upkeep]
|-heal|p2a: Jirachi|88/100|[from] item: Leftovers
|-heal|p1a: Heatran|47/100|[from] item: Leftovers
|upkeep
|turn|8
|
|move|p2a: Jirachi|Water Pulse|p1a: Heatran
|-supereffective|p1a: Heatran
|-damage|p1a: Heatran|25/100
|move|p1a: Heatran|Lava Plume|p2a: Jirachi
|-supereffective|p2a: Jirachi
|-damage|p2a: Jirachi|25/100
|
|-weather|Sandstorm|[upkeep]
|-heal|p2a: Jirachi|31/100|[from] item: Leftovers
|-heal|p1a: Heatran|31/100|[from] item: Leftovers
|upkeep
|turn|9
|
|move|p1a: Heatran|Protect|p1a: Heatran
|-singleturn|p1a: Heatran|Protect
|move|p2a: Jirachi|Water Pulse|p1a: Heatran
|-activate|p1a: Heatran|move: Protect
|
|-weather|Sandstorm|[upkeep]
|-heal|p2a: Jirachi|37/100|[from] item: Leftovers
|-heal|p1a: Heatran|37/100|[from] item: Leftovers
|upkeep
|turn|10
|
|move|p2a: Jirachi|Water Pulse|p1a: Heatran
|-supereffective|p1a: Heatran
|-damage|p1a: Heatran|11/100
|-start|p1a: Heatran|confusion
|-activate|p1a: Heatran|confusion
|-damage|p1a: Heatran|6/100|[from] confusion
|
|-weather|Sandstorm|[upkeep]
|-heal|p2a: Jirachi|44/100|[from] item: Leftovers
|-heal|p1a: Heatran|12/100|[from] item: Leftovers
|upkeep
|turn|11
|
|-end|p1a: Heatran|confusion
|move|p1a: Heatran|Protect|p1a: Heatran
|-singleturn|p1a: Heatran|Protect
|move|p2a: Jirachi|Water Pulse|p1a: Heatran
|-activate|p1a: Heatran|move: Protect
|
|-weather|Sandstorm|[upkeep]
|-heal|p2a: Jirachi|50/100|[from] item: Leftovers
|-heal|p1a: Heatran|18/100|[from] item: Leftovers
|upkeep
|turn|12
|
|move|p2a: Jirachi|Water Pulse|p1a: Heatran
|-supereffective|p1a: Heatran
|-damage|p1a: Heatran|0 fnt
|faint|p1a: Heatran
|
|-weather|Sandstorm|[upkeep]
|-heal|p2a: Jirachi|56/100|[from] item: Leftovers
|upkeep
|
|switch|p1a: Landorus|Landorus-Therian, M|100/100
|-damage|p1a: Landorus|88/100|[from] Stealth Rock
|-ability|p1a: Landorus|Intimidate|boost
|-unboost|p2a: Jirachi|atk|1
|turn|13
|
|switch|p2a: Ferrothorn|Ferrothorn, M|100/100
|-damage|p2a: Ferrothorn|75/100|[from] Spikes
|move|p1a: Landorus|U-turn|p2a: Ferrothorn
|-damage|p2a: Ferrothorn|59/100
|-damage|p1a: Landorus|76/100|[from] ability: Iron Barbs|[of] p2a: Ferrothorn
|
|switch|p1a: Rotom|Rotom-Wash|100/100
|-damage|p1a: Rotom|88/100|[from] Stealth Rock
|
|-weather|Sandstorm|[upkeep]
|-damage|p1a: Rotom|82/100|[from] Sandstorm
|-heal|p1a: Rotom|88/100|[from] item: Leftovers
|-heal|p2a: Ferrothorn|65/100|[from] item: Leftovers
|upkeep
|turn|14
|
|switch|p2a: Celebi|Celebi|100/100
|-damage|p2a: Celebi|75/100|[from] Spikes
|move|p1a: Rotom|Will-O-Wisp|p2a: Celebi
|-status|p2a: Celebi|brn
|
|-weather|Sandstorm|[upkeep]
|-damage|p1a: Rotom|82/100|[from] Sandstorm
|-damage|p2a: Celebi|69/100 brn|[from] Sandstorm
|-heal|p1a: Rotom|88/100|[from] item: Leftovers
|-heal|p2a: Celebi|75/100 brn|[from] item: Leftovers
|-damage|p2a: Celebi|63/100 brn|[from] brn
|upkeep
|turn|15
|
|switch|p1a: Latios|Latios, M|100/100
|-damage|p1a: Latios|88/100|[from] Stealth Rock
|move|p2a: Celebi|Giga Drain|p1a: Latios
|-resisted|p1a: Latios
|-damage|p1a: Latios|74/100
|-heal|p2a: Celebi|68/100 brn|[from] drain|[of] p1a: Latios
|
|-weather|Sandstorm|[upkeep]
|-damage|p1a: Latios|68/100|[from] Sandstorm
|-damage|p2a: Celebi|62/100 brn|[from] Sandstorm
|-heal|p2a: Celebi|68/100 brn|[from] item: Leftovers
|-damage|p2a: Celebi|56/100 brn|[from] brn
|upkeep
|turn|16
|
|switch|p2a: Ferrothorn|Ferrothorn, M|65/100
|-damage|p2a: Ferrothorn|40/100|[from] Spikes
|move|p1a: Latios|Draco Meteor|p2a: Ferrothorn|[miss]
|-miss|p1a: Latios|p2a: Ferrothorn
|
|-weather|Sandstorm|[upkeep]
|-damage|p1a: Latios|62/100|[from] Sandstorm
|-heal|p2a: Ferrothorn|46/100|[from] item: Leftovers
|upkeep
|turn|17
|
|switch|p1a: Ferrothorn|Ferrothorn, F|100/100
|-damage|p1a: Ferrothorn|94/100|[from] Stealth Rock
|-damage|p1a: Ferrothorn|69/100|[from] Spikes
|move|p2a: Ferrothorn|Leech Seed|p1a: Ferrothorn
|-immune|p1a: Ferrothorn
|
|-weather|Sandstorm|[upkeep]
|-heal|p2a: Ferrothorn|52/100|[from] item: Leftovers
|-heal|p1a: Ferrothorn|75/100|[from] item: Leftovers
|upkeep
|turn|18
|
|move|p2a: Ferrothorn|Leech Seed|p1a: Ferrothorn
|-immune|p1a: Ferrothorn
|move|p1a: Ferrothorn|Leech Seed|p2a: Ferrothorn
|-immune|p2a: Ferrothorn
|
|-weather|Sandstorm|[upkeep]
|-heal|p2a: Ferrothorn|59/100|[from] item: Leftovers
|-heal|p1a: Ferrothorn|82/100|[from] item: Leftovers
|upkeep
|turn|19
|
|move|p2a: Ferrothorn|Leech Seed|p1a: Ferrothorn
|-immune|p1a: Ferrothorn
|move|p1a: Ferrothorn|Leech Seed|p2a: Ferrothorn
|-immune|p2a: Ferrothorn
|
|-weather|Sandstorm|[upkeep]
|-heal|p2a: Ferrothorn|65/100|[from] item: Leftovers
|-heal|p1a: Ferrothorn|88/100|[from] item: Leftovers
|upkeep
|turn|20
|
|move|p2a: Ferrothorn|Leech Seed|p1a: Ferrothorn
|-immune|p1a: Ferrothorn
|move|p1a: Ferrothorn|Leech Seed|p2a: Ferrothorn
|-immune|p2a: Ferrothorn
|
|-weather|Sandstorm|[upkeep]
|-heal|p2a: Ferrothorn|71/100|[from] item: Leftovers
|-heal|p1a: Ferrothorn|94/100|[from] item: Leftovers
|upkeep
|turn|21
|
|move|p2a: Ferrothorn|Leech Seed|p1a: Ferrothorn
|-immune|p1a: Ferrothorn
|move|p1a: Ferrothorn|Leech Seed|p2a: Ferrothorn|[miss]
|-miss|p1a: Ferrothorn|p2a: Ferrothorn
|
|-weather|Sandstorm|[upkeep]
|-heal|p2a: Ferrothorn|77/100|[from] item: Leftovers
|-heal|p1a: Ferrothorn|100/100|[from] item: Leftovers
|upkeep
|turn|22
|
|move|p2a: Ferrothorn|Leech Seed|p1a: Ferrothorn
|-immune|p1a: Ferrothorn
|move|p1a: Ferrothorn|Leech Seed|p2a: Ferrothorn
|-immune|p2a: Ferrothorn
|
|-weather|Sandstorm|[upkeep]
|-heal|p2a: Ferrothorn|84/100|[from] item: Leftovers
|upkeep
|turn|23
|
|move|p2a: Ferrothorn|Leech Seed|p1a: Ferrothorn
|-immune|p1a: Ferrothorn
|move|p1a: Ferrothorn|Leech Seed|p2a: Ferrothorn
|-immune|p2a: Ferrothorn
|
|-weather|Sandstorm|[upkeep]
|-heal|p2a: Ferrothorn|90/100|[from] item: Leftovers
|upkeep
|turn|24
|
|switch|p2a: Celebi|Celebi|56/100
|-damage|p2a: Celebi|31/100|[from] Spikes
|move|p1a: Ferrothorn|Leech Seed|p2a: Celebi
|-immune|p2a: Celebi
|
|-weather|Sandstorm|[upkeep]
|-damage|p2a: Celebi|25/100|[from] Sandstorm
|-heal|p2a: Celebi|31/100|[from] item: Leftovers
|upkeep
|turn|25
|
|switch|p1a: Latios|Latios, M|62/100
|-damage|p1a: Latios|50/100|[from] Stealth Rock
|move|p2a: Celebi|Recover|p2a: Celebi
|-heal|p2a: Celebi|81/100
|
|-weather|Sandstorm|[upkeep]
|-damage|p1a: Latios|44/100|[from] Sandstorm
|-damage|p2a: Celebi|75/100|[from] Sandstorm
|-heal|p2a: Celebi|81/100|[from] item: Leftovers
|upkeep
|turn|26
|
|switch|p2a: Ferrothorn|Ferrothorn, M|90/100
|-damage|p2a: Ferrothorn|65/100|[from] Spikes
|move|p1a: Latios|Draco Meteor|p2a: Ferrothorn
|-resisted|p2a: Ferrothorn
|-damage|p2a: Ferrothorn|28/100
|-unboost|p1a: Latios|spa|2
|
|-weather|Sandstorm|[upkeep]
|-damage|p1a: Latios|38/100|[from] Sandstorm
|-heal|p2a: Ferrothorn|34/100|[from] item: Leftovers
|upkeep
|turn|27
|
|switch|p1a: Rotom|Rotom-Wash|88/100
|-damage|p1a: Rotom|76/100|[from] Stealth Rock
|move|p2a: Ferrothorn|Leech Seed|p1a: Rotom
|-start|p1a: Rotom|move: Leech Seed
|
|-weather|Sandstorm|[upkeep]
|-damage|p1a: Rotom|70/100|[from] Sandstorm
|-heal|p1a: Rotom|76/100|[from] item: Leftovers
|-heal|p2a: Ferrothorn|40/100|[from] item: Leftovers
|-damage|p1a: Rotom|63/100|[from] Leech Seed|[of] p2a: Ferrothorn
|-heal|p2a: Ferrothorn|51/100|[silent]
|upkeep
|turn|28
|
|switch|p2a: Celebi|Celebi|81/100
|-damage|p2a: Celebi|56/100|[from] Spikes
|move|p1a: Rotom|Volt Switch|p2a: Celebi
|-resisted|p2a: Celebi
|-damage|p2a: Celebi|47/100
|
|switch|p1a: Latios|Latios, M|38/100
|-damage|p1a: Latios|26/100|[from] Stealth Rock
|
|-weather|Sandstorm|[upkeep]
|-damage|p1a: Latios|20/100|[from] Sandstorm
|-damage|p2a: Celebi|41/100|[from] Sandstorm
|-heal|p2a: Celebi|47/100|[from] item: Leftovers
|upkeep
|turn|29
|
|switch|p2a: Ferrothorn|Ferrothorn, M|51/100
|-damage|p2a: Ferrothorn|26/100|[from] Spikes
|move|p1a: Latios|Draco Meteor|p2a: Ferrothorn
|-resisted|p2a: Ferrothorn
|-damage|p2a: Ferrothorn|0 fnt
|-unboost|p1a: Latios|spa|2
|faint|p2a: Ferrothorn
|
|-weather|Sandstorm|[upkeep]
|-damage|p1a: Latios|14/100|[from] Sandstorm
|upkeep
|
|switch|p2a: Politoed|Politoed, M|100/100
|-damage|p2a: Politoed|76/100|[from] Spikes
|-weather|RainDance|[from] ability: Drizzle|[of] p2a: Politoed
|turn|30
|
|switch|p1a: Rotom|Rotom-Wash|63/100
|-damage|p1a: Rotom|51/100|[from] Stealth Rock
|move|p2a: Politoed|Ice Beam|p1a: Rotom
|-resisted|p1a: Rotom
|-damage|p1a: Rotom|36/100
|
|-weather|RainDance|[upkeep]
|-heal|p1a: Rotom|42/100|[from] item: Leftovers
|upkeep
|turn|31
|
|switch|p2a: Vaporeon|Vaporeon, F|100/100
|-damage|p2a: Vaporeon|76/100|[from] Spikes
|move|p1a: Rotom|Volt Switch|p2a: Vaporeon
|-supereffective|p2a: Vaporeon
|-damage|p2a: Vaporeon|40/100
|
|switch|p1a: Latios|Latios, M|14/100
|-damage|p1a: Latios|1/100|[from] Stealth Rock
|
|-weather|RainDance|[upkeep]
|-heal|p2a: Vaporeon|46/100|[from] item: Leftovers
|upkeep
|turn|32
|inactive|CroCoeur has 120 seconds left.
|
|switch|p2a: Jirachi|Jirachi|56/100
|-damage|p2a: Jirachi|31/100|[from] Spikes
|move|p1a: Latios|Draco Meteor|p2a: Jirachi
|-resisted|p2a: Jirachi
|-damage|p2a: Jirachi|0 fnt
|-unboost|p1a: Latios|spa|2
|faint|p2a: Jirachi
|
|-weather|RainDance|[upkeep]
|upkeep
|
|switch|p2a: Celebi|Celebi|47/100
|-damage|p2a: Celebi|22/100|[from] Spikes
|turn|33
|
|move|p1a: Latios|Draco Meteor|p2a: Celebi
|-damage|p2a: Celebi|0 fnt
|-unboost|p1a: Latios|spa|2
|faint|p2a: Celebi
|
|-weather|RainDance|[upkeep]
|upkeep
|
|switch|p2a: Vaporeon|Vaporeon, F|46/100
|-damage|p2a: Vaporeon|21/100|[from] Spikes
|turn|34
|
|move|p1a: Latios|Draco Meteor|p2a: Vaporeon
|-damage|p2a: Vaporeon|1/100
|-unboost|p1a: Latios|spa|2
|move|p2a: Vaporeon|Rest|p2a: Vaporeon
|-status|p2a: Vaporeon|slp
|-heal|p2a: Vaporeon|100/100 slp|[silent]
|-status|p2a: Vaporeon|slp|[from] move: Rest
|
|-weather|RainDance|[upkeep]
|-activate|p2a: Vaporeon|ability: Hydration
|-curestatus|p2a: Vaporeon|slp|[msg]
|upkeep
|turn|35
|inactive|refsunpersons has 120 seconds left.
|
|switch|p1a: Rotom|Rotom-Wash|42/100
|-damage|p1a: Rotom|29/100|[from] Stealth Rock
|move|p2a: Vaporeon|Roar|p1a: Rotom
|drag|p1a: Ferrothorn|Ferrothorn, F|100/100
|-damage|p1a: Ferrothorn|94/100|[from] Stealth Rock
|-damage|p1a: Ferrothorn|69/100|[from] Spikes
|
|-weather|RainDance|[upkeep]
|-heal|p1a: Ferrothorn|75/100|[from] item: Leftovers
|upkeep
|turn|36
|
|move|p1a: Ferrothorn|Leech Seed|p2a: Vaporeon
|-start|p2a: Vaporeon|move: Leech Seed
|move|p2a: Vaporeon|Roar|p1a: Ferrothorn
|drag|p1a: Latios|Latios, M|1/100
|-damage|p1a: Latios|0 fnt|[from] Stealth Rock
|faint|p1a: Latios
|
|-weather|RainDance|[upkeep]
|upkeep
|
|switch|p1a: Rotom|Rotom-Wash|29/100
|-damage|p1a: Rotom|17/100|[from] Stealth Rock
|turn|37
|
|move|p1a: Rotom|Volt Switch|p2a: Vaporeon
|-supereffective|p2a: Vaporeon
|-damage|p2a: Vaporeon|66/100
|
|switch|p1a: Ferrothorn|Ferrothorn, F|75/100
|-damage|p1a: Ferrothorn|50/100|[from] Spikes
|-damage|p1a: Ferrothorn|44/100|[from] Stealth Rock
|move|p2a: Vaporeon|Scald|p1a: Ferrothorn
|-resisted|p1a: Ferrothorn
|-damage|p1a: Ferrothorn|28/100
|
|-weather|RainDance|[upkeep]
|-heal|p2a: Vaporeon|72/100|[from] item: Leftovers
|-heal|p1a: Ferrothorn|34/100|[from] item: Leftovers
|-damage|p2a: Vaporeon|60/100|[from] Leech Seed|[of] p1a: Ferrothorn
|-heal|p1a: Ferrothorn|50/100|[silent]
|upkeep
|turn|38
|
|move|p1a: Ferrothorn|Power Whip|p2a: Vaporeon|[miss]
|-miss|p1a: Ferrothorn|p2a: Vaporeon
|move|p2a: Vaporeon|Roar|p1a: Ferrothorn
|drag|p1a: Tyranitar|Tyranitar, M|63/100
|-damage|p1a: Tyranitar|51/100|[from] Stealth Rock
|-damage|p1a: Tyranitar|26/100|[from] Spikes
|-weather|Sandstorm|[from] ability: Sand Stream|[of] p1a: Tyranitar
|
|-weather|Sandstorm|[upkeep]
|-damage|p2a: Vaporeon|54/100|[from] Sandstorm
|-heal|p2a: Vaporeon|60/100|[from] item: Leftovers
|-damage|p2a: Vaporeon|48/100|[from] Leech Seed|[of] p1a: Tyranitar
|-heal|p1a: Tyranitar|41/100|[silent]
|upkeep
|turn|39
|
|switch|p1a: Ferrothorn|Ferrothorn, F|50/100
|-damage|p1a: Ferrothorn|25/100|[from] Spikes
|-damage|p1a: Ferrothorn|19/100|[from] Stealth Rock
|move|p2a: Vaporeon|Scald|p1a: Ferrothorn
|-resisted|p1a: Ferrothorn
|-damage|p1a: Ferrothorn|8/100
|-status|p1a: Ferrothorn|brn
|
|-weather|Sandstorm|[upkeep]
|-damage|p2a: Vaporeon|42/100|[from] Sandstorm
|-heal|p2a: Vaporeon|48/100|[from] item: Leftovers
|-heal|p1a: Ferrothorn|14/100 brn|[from] item: Leftovers
|-damage|p2a: Vaporeon|35/100|[from] Leech Seed|[of] p1a: Ferrothorn
|-heal|p1a: Ferrothorn|31/100 brn|[silent]
|-damage|p1a: Ferrothorn|18/100 brn|[from] brn
|upkeep
|turn|40
|
|move|p2a: Vaporeon|Rest|p2a: Vaporeon
|-status|p2a: Vaporeon|slp
|-heal|p2a: Vaporeon|100/100 slp|[silent]
|-status|p2a: Vaporeon|slp|[from] move: Rest
|move|p1a: Ferrothorn|Power Whip|p2a: Vaporeon
|-supereffective|p2a: Vaporeon
|-damage|p2a: Vaporeon|56/100 slp
|
|-weather|Sandstorm|[upkeep]
|-damage|p2a: Vaporeon|50/100 slp|[from] Sandstorm
|-heal|p2a: Vaporeon|56/100 slp|[from] item: Leftovers
|-heal|p1a: Ferrothorn|24/100 brn|[from] item: Leftovers
|-damage|p2a: Vaporeon|44/100 slp|[from] Leech Seed|[of] p1a: Ferrothorn
|-heal|p1a: Ferrothorn|41/100 brn|[silent]
|-damage|p1a: Ferrothorn|28/100 brn|[from] brn
|upkeep
|turn|41
|
|switch|p2a: Politoed|Politoed, M|76/100
|-damage|p2a: Politoed|51/100|[from] Spikes
|-weather|RainDance|[from] ability: Drizzle|[of] p2a: Politoed
|move|p1a: Ferrothorn|Leech Seed|p2a: Politoed
|-start|p2a: Politoed|move: Leech Seed
|
|-weather|RainDance|[upkeep]
|-heal|p1a: Ferrothorn|34/100 brn|[from] item: Leftovers
|-damage|p2a: Politoed|38/100|[from] Leech Seed|[of] p1a: Ferrothorn
|-heal|p1a: Ferrothorn|46/100 brn|[silent]
|-damage|p1a: Ferrothorn|33/100 brn|[from] brn
|upkeep
|turn|42
|
|move|p2a: Politoed|Hydro Pump|p1a: Ferrothorn|[miss]
|-miss|p2a: Politoed|p1a: Ferrothorn
|move|p1a: Ferrothorn|Power Whip|p2a: Politoed
|-supereffective|p2a: Politoed
|-damage|p2a: Politoed|0 fnt
|faint|p2a: Politoed
|
|-weather|RainDance|[upkeep]
|-heal|p1a: Ferrothorn|39/100 brn|[from] item: Leftovers
|-damage|p1a: Ferrothorn|27/100 brn|[from] brn
|upkeep
|
|switch|p2a: Latios|Latios, M|100/100
|turn|43
|
|move|p2a: Latios|Surf|p1a: Ferrothorn
|-resisted|p1a: Ferrothorn
|-damage|p1a: Ferrothorn|10/100 brn
|move|p1a: Ferrothorn|Gyro Ball|p2a: Latios
|-damage|p2a: Latios|69/100
|
|-weather|RainDance|[upkeep]
|-heal|p1a: Ferrothorn|16/100 brn|[from] item: Leftovers
|-damage|p1a: Ferrothorn|3/100 brn|[from] brn
|upkeep
|turn|44
|
|move|p2a: Latios|Surf|p1a: Ferrothorn
|-resisted|p1a: Ferrothorn
|-damage|p1a: Ferrothorn|0 fnt
|faint|p1a: Ferrothorn
|
|-weather|RainDance|[upkeep]
|upkeep
|
|switch|p1a: Tyranitar|Tyranitar, M|41/100
|-damage|p1a: Tyranitar|16/100|[from] Spikes
|-damage|p1a: Tyranitar|3/100|[from] Stealth Rock
|-weather|Sandstorm|[from] ability: Sand Stream|[of] p1a: Tyranitar
|turn|45
|
|move|p2a: Latios|Surf|p1a: Tyranitar
|-supereffective|p1a: Tyranitar
|-damage|p1a: Tyranitar|0 fnt
|faint|p1a: Tyranitar
|
|-weather|Sandstorm|[upkeep]
|-damage|p2a: Latios|63/100|[from] Sandstorm
|upkeep
|
|switch|p1a: Landorus|Landorus-Therian, M|76/100
|-damage|p1a: Landorus|64/100|[from] Stealth Rock
|-ability|p1a: Landorus|Intimidate|boost
|-unboost|p2a: Latios|atk|1
|turn|46
|
|move|p2a: Latios|Surf|p1a: Landorus
|-supereffective|p1a: Landorus
|-damage|p1a: Landorus|0 fnt
|faint|p1a: Landorus
|
|-weather|Sandstorm|[upkeep]
|-damage|p2a: Latios|57/100|[from] Sandstorm
|upkeep
|c|☆refsunpersons|g
|-message|refsunpersons forfeited.
|
|win|CroCoeur
|c|☆CroCoeur|Wp
|l|☆refsunpersons
|raw|refsunpersons's rating: 1368 &rarr; <strong>1349</strong><br />(-19 for losing)
|raw|CroCoeur's rating: 1381 &rarr; <strong>1401</strong><br />(+20 for winning)
