|j|☆bydy2
|j|☆qscf331
|t:|1738790080
|gametype|singles
|player|p1|bydy2|barry|1402
|player|p2|qscf331|101|1353
|teamsize|p1|6
|teamsize|p2|6
|gen|5
|tier|[Gen 5] OU
|rated|
|rule|Species Clause: Limit one of each Pokémon
|rule|OHKO Clause: OHKO moves are banned
|rule|Moody Clause: Moody is banned
|rule|Evasion Items Clause: Evasion items are banned
|rule|Evasion Moves Clause: Evasion moves are banned
|rule|Endless Battle Clause: Forcing endless battles is banned
|rule|HP Percentage Mod: HP is shown in percentages
|rule|Evasion Abilities Clause: Evasion abilities are banned
|rule|Sleep Moves Clause: Sleep-inducing moves are banned
|rule|Swagger Clause: Swagger is banned
|rule|Baton Pass Stat Clause: No Baton Passer may have a way to boost its stats
|clearpoke
|poke|p1|Magnezone|item
|poke|p1|Jirachi|item
|poke|p1|Kyurem-Black|item
|poke|p1|Latios, M|item
|poke|p1|Garchomp, M|item
|poke|p1|Dragonite, M|item
|poke|p2|Latios, M|item
|poke|p2|Skarmory, F|item
|poke|p2|Excadrill, M|item
|poke|p2|Tyranitar, M|item
|poke|p2|Keldeo|item
|poke|p2|Terrakion|item
|teampreview
|inactive|Battle timer is ON: inactive players will automatically lose when time's up. (requested by bydy2)
|inactive|qscf331 has 120 seconds left.
|
|t:|1738790121
|start
|switch|p1a: Jirachi|Jirachi|100/100
|switch|p2a: Skarmory|Skarmory, F|100/100
|turn|1
|
|t:|1738790126
|move|p2a: Skarmory|Stealth Rock|p1a: Jirachi
|-sidestart|p1: bydy2|move: Stealth Rock
|move|p1a: Jirachi|U-turn|p2a: Skarmory
|-resisted|p2a: Skarmory
|-damage|p2a: Skarmory|97/100
|
|t:|1738790130
|switch|p1a: Magnezone|Magnezone|100/100|[from] U-turn
|-damage|p1a: Magnezone|94/100|[from] Stealth Rock
|-item|p1a: Magnezone|Air Balloon
|
|upkeep
|turn|2
|
|t:|1738790136
|move|p2a: Skarmory|Spikes|p1a: Magnezone
|-sidestart|p1: bydy2|Spikes
|move|p1a: Magnezone|Thunderbolt|p2a: Skarmory
|-supereffective|p2a: Skarmory
|-crit|p2a: Skarmory
|-damage|p2a: Skarmory|0 fnt
|faint|p2a: Skarmory
|
|upkeep
|
|t:|1738790143
|switch|p2a: Keldeo|Keldeo|100/100
|turn|3
|
|t:|1738790149
|switch|p1a: Dragonite|Dragonite, M|100/100
|-damage|p1a: Dragonite|76/100|[from] Stealth Rock
|move|p2a: Keldeo|Secret Sword|p1a: Dragonite
|-resisted|p1a: Dragonite
|-damage|p1a: Dragonite|51/100
|
|upkeep
|turn|4
|
|t:|1738790160
|move|p2a: Keldeo|Toxic|p1a: Dragonite
|-status|p1a: Dragonite|tox
|move|p1a: Dragonite|Dragon Dance|p1a: Dragonite
|-boost|p1a: Dragonite|atk|1
|-boost|p1a: Dragonite|spe|1
|
|-damage|p1a: Dragonite|45/100 tox|[from] psn
|upkeep
|turn|5
|
|t:|1738790173
|switch|p2a: Tyranitar|Tyranitar, M|100/100
|-weather|Sandstorm|[from] ability: Sand Stream|[of] p2a: Tyranitar
|move|p1a: Dragonite|Outrage|p2a: Tyranitar
|-damage|p2a: Tyranitar|21/100
|
|-weather|Sandstorm|[upkeep]
|-damage|p1a: Dragonite|39/100 tox|[from] Sandstorm
|-damage|p1a: Dragonite|26/100 tox|[from] psn
|upkeep
|turn|6
|
|t:|1738790179
|move|p1a: Dragonite|Outrage|p2a: Tyranitar|[from] lockedmove
|-damage|p2a: Tyranitar|0 fnt
|faint|p2a: Tyranitar
|
|-weather|Sandstorm|[upkeep]
|-damage|p1a: Dragonite|20/100 tox|[from] Sandstorm
|-damage|p1a: Dragonite|1/100 tox|[from] psn
|upkeep
|
|t:|1738790184
|switch|p2a: Excadrill|Excadrill, M|100/100
|turn|7
|
|t:|1738790186
|move|p2a: Excadrill|Protect|p2a: Excadrill
|-singleturn|p2a: Excadrill|Protect
|move|p1a: Dragonite|Outrage|p2a: Excadrill|[from] lockedmove
|-activate|p2a: Excadrill|move: Protect
|-start|p1a: Dragonite|confusion|[fatigue]
|
|-weather|Sandstorm|[upkeep]
|-damage|p1a: Dragonite|0 fnt|[from] Sandstorm
|faint|p1a: Dragonite
|upkeep
|
|t:|1738790196
|switch|p1a: Magnezone|Magnezone|94/100
|-damage|p1a: Magnezone|88/100|[from] Stealth Rock
|-item|p1a: Magnezone|Air Balloon
|turn|8
|
|t:|1738790201
|move|p2a: Excadrill|Iron Head|p1a: Magnezone
|-resisted|p1a: Magnezone
|-damage|p1a: Magnezone|71/100
|-enditem|p1a: Magnezone|Air Balloon
|move|p1a: Magnezone|Magnet Rise|p1a: Magnezone
|-start|p1a: Magnezone|Magnet Rise
|
|-weather|Sandstorm|[upkeep]
|upkeep
|turn|9
|
|t:|1738790206
|move|p2a: Excadrill|Protect|p2a: Excadrill
|-singleturn|p2a: Excadrill|Protect
|move|p1a: Magnezone|Hidden Power|p2a: Excadrill
|-activate|p2a: Excadrill|move: Protect
|
|-weather|Sandstorm|[upkeep]
|upkeep
|turn|10
|
|t:|1738790210
|move|p2a: Excadrill|Iron Head|p1a: Magnezone
|-resisted|p1a: Magnezone
|-damage|p1a: Magnezone|54/100
|move|p1a: Magnezone|Hidden Power|p2a: Excadrill
|-supereffective|p2a: Excadrill
|-damage|p2a: Excadrill|35/100
|
|-weather|Sandstorm|[upkeep]
|-heal|p2a: Excadrill|41/100|[from] item: Leftovers
|upkeep
|turn|11
|
|t:|1738790217
|move|p2a: Excadrill|Protect|p2a: Excadrill
|-singleturn|p2a: Excadrill|Protect
|move|p1a: Magnezone|Hidden Power|p2a: Excadrill
|-activate|p2a: Excadrill|move: Protect
|
|-weather|Sandstorm|[upkeep]
|-heal|p2a: Excadrill|47/100|[from] item: Leftovers
|upkeep
|turn|12
|
|t:|1738790222
|move|p2a: Excadrill|Iron Head|p1a: Magnezone
|-resisted|p1a: Magnezone
|-damage|p1a: Magnezone|38/100
|cant|p1a: Magnezone|flinch
|
|-weather|Sandstorm|[upkeep]
|-heal|p2a: Excadrill|53/100|[from] item: Leftovers
|-end|p1a: Magnezone|Magnet Rise
|upkeep
|turn|13
|
|t:|1738790230
|move|p2a: Excadrill|Earthquake|p1a: Magnezone
|-supereffective|p1a: Magnezone
|-damage|p1a: Magnezone|0 fnt
|faint|p1a: Magnezone
|
|-weather|Sandstorm|[upkeep]
|-heal|p2a: Excadrill|59/100|[from] item: Leftovers
|upkeep
|
|t:|1738790240
|switch|p1a: Latios|Latios, M|100/100
|-damage|p1a: Latios|88/100|[from] Stealth Rock
|turn|14
|
|t:|1738790245
|switch|p2a: Keldeo|Keldeo|100/100
|move|p1a: Latios|Surf|p2a: Keldeo
|-resisted|p2a: Keldeo
|-damage|p2a: Keldeo|82/100
|
|-weather|Sandstorm|[upkeep]
|-damage|p1a: Latios|82/100|[from] Sandstorm
|-damage|p2a: Keldeo|76/100|[from] Sandstorm
|-heal|p2a: Keldeo|82/100|[from] item: Leftovers
|upkeep
|turn|15
|
|t:|1738790250
|switch|p1a: Jirachi|Jirachi|100/100
|-damage|p1a: Jirachi|94/100|[from] Stealth Rock
|-damage|p1a: Jirachi|82/100|[from] Spikes
|move|p2a: Keldeo|Secret Sword|p1a: Jirachi
|-damage|p1a: Jirachi|49/100
|
|-weather|Sandstorm|[upkeep]
|-damage|p2a: Keldeo|76/100|[from] Sandstorm
|-heal|p2a: Keldeo|82/100|[from] item: Leftovers
|-heal|p1a: Jirachi|55/100|[from] item: Leftovers
|upkeep
|turn|16
|
|t:|1738790257
|move|p2a: Keldeo|Scald|p1a: Jirachi
|-crit|p1a: Jirachi
|-damage|p1a: Jirachi|0 fnt
|faint|p1a: Jirachi
|
|-weather|Sandstorm|[upkeep]
|-damage|p2a: Keldeo|76/100|[from] Sandstorm
|-heal|p2a: Keldeo|82/100|[from] item: Leftovers
|upkeep
|
|t:|1738790261
|switch|p1a: Kyurem|Kyurem-Black|100/100
|-damage|p1a: Kyurem|76/100|[from] Stealth Rock
|-damage|p1a: Kyurem|63/100|[from] Spikes
|-ability|p1a: Kyurem|Teravolt
|turn|17
|
|t:|1738790264
|move|p2a: Keldeo|Secret Sword|p1a: Kyurem
|-supereffective|p1a: Kyurem
|-crit|p1a: Kyurem
|-damage|p1a: Kyurem|0 fnt
|faint|p1a: Kyurem
|
|-weather|Sandstorm|[upkeep]
|-damage|p2a: Keldeo|76/100|[from] Sandstorm
|-heal|p2a: Keldeo|82/100|[from] item: Leftovers
|upkeep
|
|t:|1738790266
|switch|p1a: Garchomp|Garchomp, M|100/100
|-damage|p1a: Garchomp|94/100|[from] Stealth Rock
|-damage|p1a: Garchomp|82/100|[from] Spikes
|turn|18
|
|t:|1738790270
|move|p1a: Garchomp|Dual Chop|p2a: Keldeo
|-damage|p2a: Keldeo|59/100
|-crit|p2a: Keldeo
|-damage|p2a: Keldeo|10/100
|-hitcount|p2a: Keldeo|2
|move|p2a: Keldeo|Scald|p1a: Garchomp
|-damage|p1a: Garchomp|36/100
|
|-weather|Sandstorm|[upkeep]
|-damage|p2a: Keldeo|4/100|[from] Sandstorm
|-heal|p2a: Keldeo|10/100|[from] item: Leftovers
|upkeep
|turn|19
|
|t:|1738790273
|move|p1a: Garchomp|Dual Chop|p2a: Keldeo|[miss]
|-miss|p1a: Garchomp|p2a: Keldeo
|move|p2a: Keldeo|Scald|p1a: Garchomp
|-damage|p1a: Garchomp|0 fnt
|faint|p1a: Garchomp
|
|-weather|Sandstorm|[upkeep]
|-damage|p2a: Keldeo|4/100|[from] Sandstorm
|-heal|p2a: Keldeo|10/100|[from] item: Leftovers
|upkeep
|
|t:|1738790275
|switch|p1a: Latios|Latios, M|82/100
|-damage|p1a: Latios|70/100|[from] Stealth Rock
|turn|20
|
|t:|1738790277
|move|p1a: Latios|Dragon Pulse|p2a: Keldeo
|-damage|p2a: Keldeo|0 fnt
|faint|p2a: Keldeo
|
|-weather|Sandstorm|[upkeep]
|-damage|p1a: Latios|64/100|[from] Sandstorm
|upkeep
|
|t:|1738790281
|switch|p2a: Terrakion|Terrakion|100/100
|turn|21
|
|t:|1738790283
|move|p1a: Latios|Dragon Pulse|p2a: Terrakion
|-damage|p2a: Terrakion|62/100
|move|p2a: Terrakion|X-Scissor|p1a: Latios
|-supereffective|p1a: Latios
|-damage|p1a: Latios|0 fnt
|faint|p1a: Latios
|
|win|qscf331
|raw|bydy2's rating: 1402 &rarr; <strong>1380</strong><br />(-22 for losing)
|raw|qscf331's rating: 1366 &rarr; <strong>1388</strong><br />(+22 for winning)
