|join|princess deluks917
|join|ScarfRachi
|player|p1|princess deluks917|23
|player|p2|ScarfRachi|52
|gametype|singles
|gen|5
|tier|[Gen 5] OU
|rated
|rule|Evasion Abilities Clause: Evasion abilities are banned
|clearpoke
|poke|p1|Politoed, M
|poke|p1|Gliscor, M
|poke|p1|Kyurem
|poke|p1|Skarmory, M
|poke|p1|Tentacruel, M
|poke|p1|Chansey, F
|poke|p2|Jirachi
|poke|p2|Mamoswine, M
|poke|p2|Haxorus, F
|poke|p2|Latios, M
|poke|p2|Magnezone
|poke|p2|Dragonite, F
|rule|Sleep Clause Mod: Limit one foe put to sleep
|rule|Species Clause: Limit one of each Pokemon
|rule|OHKO Clause: OHKO moves are banned
|rule|Moody Clause: Moody is banned
|rule|Evasion Moves Clause: Evasion moves are banned
|rule|Endless Battle Clause: Forcing endless battles is banned.
|rule|HP Percentage Mod: HP is reported as percentages
|teampreview
|chat|princess deluks917|gl
|chat|ScarfRachi|gl
|join|Figufgyu
|chat|Figufgyu|gg deluks wins
|
|start
|switch|p1a: Juvia|Politoed, M|384/384
|switch|p2a: Mamoswine|Mamoswine, M|362/362
|-weather|RainDance|[from] ability: Drizzle|[of] p1a: Juvia
|turn|1
|
|move|p2a: Mamoswine|Endeavor|p1a: Juvia
|-damage|p1a: Juvia|362/384
|move|p1a: Juvia|Scald|p2a: Mamoswine
|-supereffective|p2a: Mamoswine
|-enditem|p2a: Mamoswine|Focus Sash
|-damage|p2a: Mamoswine|1/362
|
|-weather|RainDance|[upkeep]
|-heal|p1a: Juvia|384/384|[from] item: Leftovers
|turn|2
|chat|ScarfRachi|you polis are too slow
|
|move|p2a: Mamoswine|Endeavor|p1a: Juvia
|-damage|p1a: Juvia|1/384
|move|p1a: Juvia|Scald|p2a: Mamoswine
|-supereffective|p2a: Mamoswine
|-damage|p2a: Mamoswine|0 fnt
|faint|p2a: Mamoswine
|
|-weather|RainDance|[upkeep]
|-heal|p1a: Juvia|25/384|[from] item: Leftovers
|
|switch|p2a: Latios|Latios, M|302/302
|turn|3
|
|move|p1a: Juvia|Protect|p1a: Juvia
|-singleturn|p1a: Juvia|Protect
|move|p2a: Latios|Surf|p1a: Juvia
|-activate|p1a: Juvia|Protect
|
|-weather|RainDance|[upkeep]
|-heal|p1a: Juvia|49/384|[from] item: Leftovers
|turn|4
|
|switch|p2a: Magnezone|Magnezone|318/318
|switch|p1a: Porlyusica|Chansey, F|642/642
|
|-weather|RainDance|[upkeep]
|turn|5
|
|switch|p2a: Haxorus|Haxorus, F|294/294
|-ability|p2a: Haxorus|Mold Breaker
|move|p1a: Porlyusica|Stealth Rock|p2a: Haxorus
|-sidestart|p2: ScarfRachi|move: Stealth Rock
|
|-weather|RainDance|[upkeep]
|turn|6
|
|switch|p1a: Chelia|Skarmory, M|334/334
|move|p2a: Haxorus|Taunt|p1a: Chelia
|-start|p1a: Chelia|move: Taunt
|
|-weather|RainDance|[upkeep]
|turn|7
|
|switch|p2a: Magnezone|Magnezone|318/318
|-damage|p2a: Magnezone|299/318|[from] Stealth Rock
|move|p1a: Chelia|Brave Bird|p2a: Magnezone
|-resisted|p2a: Magnezone
|-damage|p2a: Magnezone|272/318
|-damage|p1a: Chelia|325/334|[from] recoil|[of] p2a: Magnezone
|
|-weather|RainDance|[upkeep]
|-heal|p2a: Magnezone|291/318|[from] item: Leftovers
|turn|8
|
|switch|p1a: Porlyusica|Chansey, F|642/642
|move|p2a: Magnezone|Thunderbolt|p1a: Porlyusica
|-damage|p1a: Porlyusica|545/642
|
|-weather|RainDance|[upkeep]
|-heal|p2a: Magnezone|310/318|[from] item: Leftovers
|turn|9
|
|switch|p2a: Jirachi|Jirachi|341/341
|-damage|p2a: Jirachi|320/341|[from] Stealth Rock
|move|p1a: Porlyusica|Toxic|p2a: Jirachi
|-fail|p2a: Jirachi
|
|-weather|RainDance|[upkeep]
|turn|10
|chat|ScarfRachi|shoot shed shell
|
|switch|p1a: Hoteye|Gliscor, M|354/354
|move|p2a: Jirachi|U-turn|p1a: Hoteye
|-resisted|p1a: Hoteye
|-damage|p1a: Hoteye|329/354
|
|switch|p2a: Latios|Latios, M|302/302
|-damage|p2a: Latios|265/302|[from] Stealth Rock
|
|-weather|RainDance|[upkeep]
|-activate|p1a: Hoteye|item: Toxic Orb
|-status|p1a: Hoteye|tox
|turn|11
|chat|Figufgyu|my opponent forfeiting
|chat|Figufgyu|*forfeited
|chat|Figufgyu|when he was  winning
|chat|Figufgyu|lol
|
|switch|p1a: Juvia|Politoed, M|49/384
|move|p2a: Latios|Psyshock|p1a: Juvia
|-damage|p1a: Juvia|0 fnt
|faint|p1a: Juvia
|
|-weather|RainDance|[upkeep]
|chat|princess deluks917|free yummi points imo
|
|switch|p1a: Chelia|Skarmory, M|325/334
|turn|12
|chat|ScarfRachi|lol
|chat|Figufgyu|ikr
|chat|ScarfRachi|deluks you beat Figufgyu in UU right?
|chat|Figufgyu|yeah
|
|switch|p2a: Magnezone|Magnezone|310/318
|-damage|p2a: Magnezone|291/318|[from] Stealth Rock
|move|p1a: Chelia|Spikes|p2a: Magnezone
|-sidestart|p2: ScarfRachi|Spikes
|
|-weather|RainDance|[upkeep]
|-heal|p2a: Magnezone|310/318|[from] item: Leftovers
|turn|13
|chat|Figufgyu|outstalled ;~;
|chat|Figufgyu|i need hazards in UU
|chat|Figufgyu|sof im higher than you :D
|
|switch|p2a: Haxorus|Haxorus, F|294/294
|-damage|p2a: Haxorus|258/294|[from] Stealth Rock
|-damage|p2a: Haxorus|222/294|[from] Spikes
|-ability|p2a: Haxorus|Mold Breaker
|switch|p1a: Porlyusica|Chansey, F|545/642
|
|-weather|RainDance|[upkeep]
|turn|14
|
|switch|p1a: Chelia|Skarmory, M|325/334
|move|p2a: Haxorus|Taunt|p1a: Chelia
|-start|p1a: Chelia|move: Taunt
|
|-weather|RainDance|[upkeep]
|turn|15
|chat|princess deluks917|stall seems pretty great in uu
|chat|Figufgyu|it is
|chat|ScarfRachi|i can't do anything
|chat|princess deluks917|koko banned everything lol
|
|move|p2a: Haxorus|Dragon Dance|p2a: Haxorus
|-boost|p2a: Haxorus|atk|1
|-boost|p2a: Haxorus|spe|1
|move|p1a: Chelia|Brave Bird|p2a: Haxorus
|-damage|p2a: Haxorus|89/294
|-damage|p1a: Chelia|281/334|[from] recoil|[of] p2a: Haxorus
|
|-weather|RainDance|[upkeep]
|turn|16
|chat|Figufgyu|ikr
|chat|Figufgyu|he's an idiot
|chat|Figufgyu|i used to have weavile
|chat|ScarfRachi|crit plz
|
|move|p2a: Haxorus|Outrage|p1a: Chelia
|-resisted|p1a: Chelia
|-damage|p1a: Chelia|173/334
|move|p1a: Chelia|Brave Bird|p2a: Haxorus
|-damage|p2a: Haxorus|0 fnt
|-damage|p1a: Chelia|144/334|[from] recoil|[of] p2a: Haxorus
|faint|p2a: Haxorus
|
|-weather|RainDance|[upkeep]
|chat|Figufgyu|it helped me quite a bit
|
|switch|p2a: Latios|Latios, M|265/302
|-damage|p2a: Latios|228/302|[from] Stealth Rock
|turn|17
|chat|Figufgyu|sofbear
|chat|Figufgyu|why?
|chat|ScarfRachi|idk
|chat|Figufgyu|why attack with a haxobear?
|chat|ScarfRachi|i'm tired
|chat|ScarfRachi|i lost another
|chat|ScarfRachi|i don't relly mind
|
|switch|p1a: Porlyusica|Chansey, F|545/642
|move|p2a: Latios|Surf|p1a: Porlyusica
|-damage|p1a: Porlyusica|414/642
|
|-weather|RainDance|[upkeep]
|turn|18
|
|switch|p2a: Jirachi|Jirachi|320/341
|-damage|p2a: Jirachi|278/341|[from] Spikes
|-damage|p2a: Jirachi|257/341|[from] Stealth Rock
|move|p1a: Porlyusica|Soft-Boiled|p1a: Porlyusica
|-heal|p1a: Porlyusica|642/642
|
|-weather|RainDance|[upkeep]
|turn|19
|
|switch|p1a: Hoteye|Gliscor, M|329/354 tox
|move|p2a: Jirachi|Ice Punch|p1a: Hoteye
|-supereffective|p1a: Hoteye
|-damage|p1a: Hoteye|133/354 tox
|
|-weather|RainDance|[upkeep]
|-heal|p1a: Hoteye|177/354 tox|[from] ability: Poison Heal
|turn|20
|
|switch|p2a: Latios|Latios, M|228/302
|-damage|p2a: Latios|191/302|[from] Stealth Rock
|switch|p1a: Cobra|Tentacruel, M|363/363
|
|-weather|RainDance|[upkeep]
|turn|21
|
|move|p1a: Cobra|Protect|p1a: Cobra
|-singleturn|p1a: Cobra|Protect
|move|p2a: Latios|Surf|p1a: Cobra
|-activate|p1a: Cobra|Protect
|
|-weather|RainDance|[upkeep]
|turn|22
|chat|ScarfRachi|why evrythnig has protect
|chat|ScarfRachi|i'm screwed
|
|move|p2a: Latios|Surf|p1a: Cobra
|-resisted|p1a: Cobra
|-damage|p1a: Cobra|275/363
|move|p1a: Cobra|Scald|p2a: Latios
|-resisted|p2a: Latios
|-damage|p2a: Latios|133/302
|
|-weather|RainDance|[upkeep]
|-heal|p1a: Cobra|297/363|[from] ability: Rain Dish
|-heal|p1a: Cobra|319/363|[from] item: Leftovers
|turn|23
|
|move|p2a: Latios|Surf|p1a: Cobra
|-resisted|p1a: Cobra
|-damage|p1a: Cobra|230/363
|move|p1a: Cobra|Scald|p2a: Latios
|-crit|p2a: Latios
|-resisted|p2a: Latios
|-damage|p2a: Latios|21/302
|
|-weather|RainDance|[upkeep]
|-heal|p1a: Cobra|252/363|[from] ability: Rain Dish
|-heal|p1a: Cobra|274/363|[from] item: Leftovers
|turn|24
|chat|ScarfRachi|where are da overpredicts
|
|move|p1a: Cobra|Protect|p1a: Cobra
|-singleturn|p1a: Cobra|Protect
|move|p2a: Latios|Surf|p1a: Cobra
|-activate|p1a: Cobra|Protect
|
|-weather|RainDance|[upkeep]
|-heal|p1a: Cobra|296/363|[from] ability: Rain Dish
|-heal|p1a: Cobra|318/363|[from] item: Leftovers
|turn|25
|
|switch|p1a: Porlyusica|Chansey, F|642/642
|move|p2a: Latios|Surf|p1a: Porlyusica
|-damage|p1a: Porlyusica|512/642
|
|-weather|RainDance|[upkeep]
|turn|26
|
|move|p2a: Latios|Surf|p1a: Porlyusica
|-damage|p1a: Porlyusica|384/642
|move|p1a: Porlyusica|Toxic|p2a: Latios
|-status|p2a: Latios|tox
|
|-weather|RainDance|[upkeep]
|-damage|p2a: Latios|3/302 tox|[from] psn
|turn|27
|
|switch|p2a: Jirachi|Jirachi|257/341
|-damage|p2a: Jirachi|215/341|[from] Spikes
|-damage|p2a: Jirachi|194/341|[from] Stealth Rock
|move|p1a: Porlyusica|Soft-Boiled|p1a: Porlyusica
|-heal|p1a: Porlyusica|642/642
|
|-weather|RainDance|[upkeep]
|turn|28
|
|switch|p1a: Chelia|Skarmory, M|144/334
|move|p2a: Jirachi|Iron Head|p1a: Chelia
|-resisted|p1a: Chelia
|-damage|p1a: Chelia|107/334
|
|-weather|RainDance|[upkeep]
|turn|29
|
|move|p2a: Jirachi|Iron Head|p1a: Chelia
|-resisted|p1a: Chelia
|-damage|p1a: Chelia|68/334
|move|p1a: Chelia|Roost|p1a: Chelia
|-heal|p1a: Chelia|235/334
|
|-weather|RainDance|[upkeep]
|turn|30
|chat|ScarfRachi|yeah let's flinch stuff
|
|move|p2a: Jirachi|Iron Head|p1a: Chelia
|-resisted|p1a: Chelia
|-damage|p1a: Chelia|198/334
|cant|p1a: Chelia|flinch
|
|-weather|RainDance|[upkeep]
|turn|31
|chat|princess deluks917|come on lord helix
|
|move|p2a: Jirachi|Iron Head|p1a: Chelia
|-resisted|p1a: Chelia
|-damage|p1a: Chelia|163/334
|cant|p1a: Chelia|flinch
|
|-weather|RainDance|[upkeep]
|turn|32
|
|move|p2a: Jirachi|Iron Head|p1a: Chelia
|-resisted|p1a: Chelia
|-damage|p1a: Chelia|123/334
|move|p1a: Chelia|Roost|p1a: Chelia
|-heal|p1a: Chelia|290/334
|
|-weather|RainDance|[upkeep]
|turn|33
|
|switch|p2a: Magnezone|Magnezone|310/318
|-damage|p2a: Magnezone|291/318|[from] Stealth Rock
|-damage|p2a: Magnezone|252/318|[from] Spikes
|move|p1a: Chelia|Roost|p1a: Chelia
|-heal|p1a: Chelia|334/334
|
|-weather|RainDance|[upkeep]
|-heal|p2a: Magnezone|271/318|[from] item: Leftovers
|turn|34
|chat|ScarfRachi|i lost
|
|switch|p2a: Dragonite|Dragonite, F|323/323
|-damage|p2a: Dragonite|243/323|[from] Stealth Rock
|switch|p1a: Porlyusica|Chansey, F|642/642
|
|-weather|RainDance|[upkeep]
|turn|35
|
|move|p2a: Dragonite|Fire Punch|p1a: Porlyusica
|-damage|p1a: Porlyusica|541/642
|move|p1a: Porlyusica|Toxic|p2a: Dragonite
|-status|p2a: Dragonite|tox
|
|-weather|RainDance|[upkeep]
|-damage|p2a: Dragonite|223/323 tox|[from] psn
|turn|36
|
|switch|p1a: Chelia|Skarmory, M|334/334
|move|p2a: Dragonite|Fire Punch|p1a: Chelia
|-supereffective|p1a: Chelia
|-damage|p1a: Chelia|248/334
|
|-weather|RainDance|[upkeep]
|-damage|p2a: Dragonite|183/323 tox|[from] psn
|turn|37
|chat|princess deluks917|I used to play so much drag mag last gen
|chat|princess deluks917|fuck shed sell skarm lol
|
|move|p2a: Dragonite|Fire Punch|p1a: Chelia
|-supereffective|p1a: Chelia
|-damage|p1a: Chelia|160/334
|move|p1a: Chelia|Roost|p1a: Chelia
|-heal|p1a: Chelia|327/334
|
|-weather|RainDance|[upkeep]
|-damage|p2a: Dragonite|123/323 tox|[from] psn
|turn|38
|chat|ScarfRachi|ik
|
|switch|p2a: Jirachi|Jirachi|194/341
|-damage|p2a: Jirachi|152/341|[from] Spikes
|-damage|p2a: Jirachi|131/341|[from] Stealth Rock
|move|p1a: Chelia|Roost|p1a: Chelia
|-heal|p1a: Chelia|334/334
|
|-weather|RainDance|[upkeep]
|turn|39
|
|switch|p1a: Hoteye|Gliscor, M|177/354 tox
|move|p2a: Jirachi|Iron Head|p1a: Hoteye
|-damage|p1a: Hoteye|92/354 tox
|
|-weather|RainDance|[upkeep]
|-heal|p1a: Hoteye|136/354 tox|[from] ability: Poison Heal
|turn|40
|
|move|p2a: Jirachi|Iron Head|p1a: Hoteye
|-damage|p1a: Hoteye|49/354 tox
|cant|p1a: Hoteye|flinch
|
|-weather|RainDance|[upkeep]
|-heal|p1a: Hoteye|93/354 tox|[from] ability: Poison Heal
|turn|41
|
|move|p2a: Jirachi|Iron Head|p1a: Hoteye
|-damage|p1a: Hoteye|3/354 tox
|cant|p1a: Hoteye|flinch
|
|-weather|RainDance|[upkeep]
|-heal|p1a: Hoteye|47/354 tox|[from] ability: Poison Heal
|turn|42
|
|move|p2a: Jirachi|Iron Head|p1a: Hoteye
|-damage|p1a: Hoteye|0 fnt
|faint|p1a: Hoteye
|
|-weather|RainDance|[upkeep]
|
|switch|p1a: Chelia|Skarmory, M|334/334
|turn|43
|
|move|p2a: Jirachi|Iron Head|p1a: Chelia
|-resisted|p1a: Chelia
|-damage|p1a: Chelia|298/334
|cant|p1a: Chelia|flinch
|
|-weather|RainDance|[upkeep]
|turn|44
|
|move|p2a: Jirachi|Iron Head|p1a: Chelia
|-resisted|p1a: Chelia
|-damage|p1a: Chelia|261/334
|cant|p1a: Chelia|flinch
|
|-weather|RainDance|[upkeep]
|turn|45
|
|move|p2a: Jirachi|Iron Head|p1a: Chelia
|-resisted|p1a: Chelia
|-damage|p1a: Chelia|225/334
|cant|p1a: Chelia|flinch
|
|-weather|RainDance|[upkeep]
|turn|46
|
|move|p2a: Jirachi|Iron Head|p1a: Chelia
|-resisted|p1a: Chelia
|-damage|p1a: Chelia|186/334
|cant|p1a: Chelia|flinch
|
|-weather|RainDance|[upkeep]
|turn|47
|
|move|p2a: Jirachi|Iron Head|p1a: Chelia
|-resisted|p1a: Chelia
|-damage|p1a: Chelia|149/334
|cant|p1a: Chelia|flinch
|
|-weather|RainDance|[upkeep]
|turn|48
|
|move|p2a: Jirachi|Iron Head|p1a: Chelia
|-resisted|p1a: Chelia
|-damage|p1a: Chelia|113/334
|move|p1a: Chelia|Roost|p1a: Chelia
|-heal|p1a: Chelia|280/334
|
|-weather|RainDance|[upkeep]
|turn|49
|
|move|p2a: Jirachi|Iron Head|p1a: Chelia
|-resisted|p1a: Chelia
|-damage|p1a: Chelia|244/334
|cant|p1a: Chelia|flinch
|
|-weather|RainDance|[upkeep]
|turn|50
|
|move|p2a: Jirachi|Iron Head|p1a: Chelia
|-resisted|p1a: Chelia
|-damage|p1a: Chelia|202/334
|cant|p1a: Chelia|flinch
|
|-weather|RainDance|[upkeep]
|turn|51
|
|move|p2a: Jirachi|Iron Head|p1a: Chelia
|-resisted|p1a: Chelia
|-damage|p1a: Chelia|163/334
|move|p1a: Chelia|Roost|p1a: Chelia
|-heal|p1a: Chelia|330/334
|
|-weather|RainDance|[upkeep]
|turn|52
|
|move|p2a: Jirachi|Iron Head|p1a: Chelia
|-resisted|p1a: Chelia
|-damage|p1a: Chelia|291/334
|cant|p1a: Chelia|flinch
|
|-weather|RainDance|[upkeep]
|turn|53
|chat|ScarfRachi|only 10 more flinches in a wrow
|chat|princess deluks917|5 left
|chat|ScarfRachi|except i only have 5
|
|move|p2a: Jirachi|Iron Head|p1a: Chelia
|-resisted|p1a: Chelia
|-damage|p1a: Chelia|255/334
|cant|p1a: Chelia|flinch
|
|-weather|RainDance|[upkeep]
|turn|54
|
|switch|p2a: Dragonite|Dragonite, F|123/323 tox
|-damage|p2a: Dragonite|43/323 tox|[from] Stealth Rock
|move|p1a: Chelia|Roost|p1a: Chelia
|-heal|p1a: Chelia|334/334
|
|-weather|RainDance|[upkeep]
|-damage|p2a: Dragonite|23/323 tox|[from] psn
|turn|55
|chat|ScarfRachi|eh ggg
|chat|ScarfRachi|fire punch crit
|
|move|p2a: Dragonite|Outrage|p1a: Chelia
|-resisted|p1a: Chelia
|-damage|p1a: Chelia|236/334
|move|p1a: Chelia|Roost|p1a: Chelia
|-heal|p1a: Chelia|334/334
|
|-weather|RainDance|[upkeep]
|-damage|p2a: Dragonite|0 fnt|[from] psn
|faint|p2a: Dragonite
|
|switch|p2a: Jirachi|Jirachi|131/341
|-damage|p2a: Jirachi|89/341|[from] Spikes
|-damage|p2a: Jirachi|68/341|[from] Stealth Rock
|turn|56
|
|move|p2a: Jirachi|Healing Wish|p2a: Jirachi
|faint|p2a: Jirachi
|move|p1a: Chelia|Whirlwind|p2: Jirachi|[notarget]
|-notarget
|
|-weather|RainDance|[upkeep]
|chat|ScarfRachi|eh i'll just sac something
|chat|princess deluks917|!!!
|
|switch|p2a: Latios|Latios, M|3/302 tox
|-heal|p2a: Latios|302/302|[from] move: Healing Wish
|-damage|p2a: Latios|265/302|[from] Stealth Rock
|turn|57
|
|switch|p1a: Cobra|Tentacruel, M|318/363
|move|p2a: Latios|Psyshock|p1a: Cobra
|-supereffective|p1a: Cobra
|-damage|p1a: Cobra|0 fnt
|faint|p1a: Cobra
|
|-weather|RainDance|[upkeep]
|
|switch|p1a: Leon|Kyurem|404/404
|-ability|p1a: Leon|Pressure
|turn|58
|
|switch|p2a: Magnezone|Magnezone|271/318
|-damage|p2a: Magnezone|252/318|[from] Stealth Rock
|-damage|p2a: Magnezone|213/318|[from] Spikes
|move|p1a: Leon|Ice Beam|p2a: Magnezone
|-resisted|p2a: Magnezone
|-damage|p2a: Magnezone|117/318
|
|-weather|RainDance|[upkeep]
|-heal|p2a: Magnezone|136/318|[from] item: Leftovers
|turn|59
|
|move|p1a: Leon|Substitute|p1a: Leon
|-start|p1a: Leon|Substitute
|-damage|p1a: Leon|303/404
|move|p2a: Magnezone|Flash Cannon|p1a: Leon
|-supereffective|p1a: Leon
|-end|p1a: Leon|Substitute
|
|-weather|RainDance|[upkeep]
|-heal|p1a: Leon|328/404|[from] item: Leftovers
|-heal|p2a: Magnezone|155/318|[from] item: Leftovers
|turn|60
|
|move|p1a: Leon|Earth Power|p2a: Magnezone
|-supereffective|p2a: Magnezone
|-damage|p2a: Magnezone|0 fnt
|faint|p2a: Magnezone
|
|-weather|RainDance|[upkeep]
|-heal|p1a: Leon|353/404|[from] item: Leftovers
|
|switch|p2a: Latios|Latios, M|265/302
|-damage|p2a: Latios|228/302|[from] Stealth Rock
|turn|61
|chat|ScarfRachi|gg
|chat|princess deluks917|gg
|chat|ScarfRachi|i can't lock myslef into anything
|chat|ScarfRachi|miss draco
|chat|princess deluks917|latios too strongth
|
|move|p2a: Latios|Trick|p1a: Leon
|-activate|p2a: Latios|move: Trick|[of] p1a: Leon
|-item|p1a: Leon|Choice Specs|[from] move: Trick
|-item|p2a: Latios|Leftovers|[from] move: Trick
|move|p1a: Leon|Ice Beam|p2a: Latios
|-supereffective|p2a: Latios
|-damage|p2a: Latios|0 fnt
|faint|p2a: Latios
|
|win|princess deluks917
|raw|Ladder updating...
|raw|princess deluks917's rating: 1618 &rarr; <strong>1625</strong><br />(+7 for winning)
|raw|ScarfRachi's rating: 1342 &rarr; <strong>1336</strong><br />(-6 for losing)
|chat|ScarfRachi|gg
|leave|ScarfRachi
|player|p2