|j|☆Meloriver ヽ
|j|☆EG ROOM 2011
|player|p1|Meloriver ヽ|5
|player|p2|EG ROOM 2011|27
|teamsize|p1|6
|teamsize|p2|6
|gametype|singles
|gen|5
|tier|[Gen 5] OU
|rated|
|rule|Sleep Clause Mod: Limit one foe put to sleep
|rule|Species Clause: Limit one of each Pokémon
|rule|OHKO Clause: OHKO moves are banned
|rule|Moody Clause: Moody is banned
|rule|Evasion Moves Clause: Evasion moves are banned
|rule|Endless Battle Clause: Forcing endless battles is banned
|rule|HP Percentage Mod: HP is shown in percentages
|rule|Evasion Abilities Clause: Evasion abilities are banned
|rule|Baton Pass Clause: Limit one Baton Passer, can't pass Spe and other stats simultaneously
|rule|Swagger Clause: Swagger is banned
|clearpoke
|poke|p1|Tyranitar, F|item
|poke|p1|Rotom-Wash|item
|poke|p1|Landorus-Therian, M|item
|poke|p1|Keldeo|item
|poke|p1|Latios, M|item
|poke|p1|Scizor, F|item
|poke|p2|Tyranitar, F|item
|poke|p2|Amoonguss, F|item
|poke|p2|Gliscor, F|item
|poke|p2|Magnezone|item
|poke|p2|Keldeo-Resolute|item
|poke|p2|Bronzong|item
|teampreview
|
|start
|switch|p1a: Tyranitar|Tyranitar, F|100/100
|switch|p2a: Hongo|Amoonguss, F|100/100
|-weather|Sandstorm|[from] ability: Sand Stream|[of] p1a: Tyranitar
|turn|1
|
|move|p1a: Tyranitar|Stealth Rock|p2a: Hongo
|-sidestart|p2: EG ROOM 2011|move: Stealth Rock
|move|p2a: Hongo|Spore|p1a: Tyranitar
|-status|p1a: Tyranitar|slp
|-enditem|p1a: Tyranitar|Lum Berry|[eat]
|-curestatus|p1a: Tyranitar|slp|[msg]
|
|-weather|Sandstorm|[upkeep]
|-damage|p2a: Hongo|94/100|[from] Sandstorm
|-heal|p2a: Hongo|100/100|[from] item: Black Sludge
|upkeep
|turn|2
|
|move|p1a: Tyranitar|Crunch|p2a: Hongo
|-damage|p2a: Hongo|61/100
|move|p2a: Hongo|Spore|p1a: Tyranitar
|-status|p1a: Tyranitar|slp
|
|-weather|Sandstorm|[upkeep]
|-damage|p2a: Hongo|55/100|[from] Sandstorm
|-heal|p2a: Hongo|61/100|[from] item: Black Sludge
|upkeep
|turn|3
|
|switch|p1a: Landorus|Landorus-Therian, M|100/100
|-ability|p1a: Landorus|Intimidate|boost
|-unboost|p2a: Hongo|atk|1
|move|p2a: Hongo|Stun Spore|p1a: Landorus
|-status|p1a: Landorus|par
|
|-weather|Sandstorm|[upkeep]
|-damage|p2a: Hongo|55/100|[from] Sandstorm
|-heal|p2a: Hongo|61/100|[from] item: Black Sludge
|upkeep
|turn|4
|
|switch|p2a: Campanadas|Bronzong|100/100
|-damage|p2a: Campanadas|94/100|[from] Stealth Rock
|move|p1a: Landorus|Hidden Power|p2a: Campanadas
|-resisted|p2a: Campanadas
|-damage|p2a: Campanadas|88/100
|
|-weather|Sandstorm|[upkeep]
|-heal|p2a: Campanadas|95/100|[from] item: Leftovers
|upkeep
|turn|5
|
|move|p2a: Campanadas|Toxic|p1a: Landorus
|-fail|p1a: Landorus
|move|p1a: Landorus|Swords Dance|p1a: Landorus
|-boost|p1a: Landorus|atk|2
|
|-weather|Sandstorm|[upkeep]
|-heal|p2a: Campanadas|100/100|[from] item: Leftovers
|upkeep
|turn|6
|
|move|p2a: Campanadas|Hidden Power|p1a: Landorus
|-supereffective|p1a: Landorus
|-damage|p1a: Landorus|22/100 par
|move|p1a: Landorus|Superpower|p2a: Campanadas
|-enditem|p1a: Landorus|Fighting Gem|[from] gem|[move] Superpower
|-damage|p2a: Campanadas|0 fnt
|-unboost|p1a: Landorus|atk|1
|-unboost|p1a: Landorus|def|1
|faint|p2a: Campanadas
|
|-weather|Sandstorm|[upkeep]
|upkeep
|
|switch|p2a: Batichica|Gliscor, F|100/100
|-damage|p2a: Batichica|88/100|[from] Stealth Rock
|turn|7
|
|switch|p1a: Rotom|Rotom-Wash|100/100
|move|p2a: Batichica|Facade|p1a: Rotom
|-damage|p1a: Rotom|83/100
|
|-weather|Sandstorm|[upkeep]
|-damage|p1a: Rotom|77/100|[from] Sandstorm
|-heal|p1a: Rotom|83/100|[from] item: Leftovers
|-status|p2a: Batichica|tox|[from] item: Toxic Orb
|upkeep
|turn|8
|
|switch|p2a: Hongo|Amoonguss, F|94/100
|-damage|p2a: Hongo|82/100|[from] Stealth Rock
|move|p1a: Rotom|Will-O-Wisp|p2a: Hongo|[miss]
|-miss|p1a: Rotom|p2a: Hongo
|
|-weather|Sandstorm|[upkeep]
|-damage|p1a: Rotom|77/100|[from] Sandstorm
|-damage|p2a: Hongo|76/100|[from] Sandstorm
|-heal|p1a: Rotom|83/100|[from] item: Leftovers
|-heal|p2a: Hongo|82/100|[from] item: Black Sludge
|upkeep
|turn|9
|inactive|Battle timer is ON: inactive players will automatically lose when time's up. (requested by EG ROOM 2011)
|
|move|p1a: Rotom|Will-O-Wisp|p2a: Hongo
|-status|p2a: Hongo|brn
|move|p2a: Hongo|Stun Spore|p1a: Rotom
|-status|p1a: Rotom|par
|
|-weather|Sandstorm|[upkeep]
|-damage|p2a: Hongo|76/100 brn|[from] Sandstorm
|-damage|p1a: Rotom|77/100 par|[from] Sandstorm
|-heal|p2a: Hongo|82/100 brn|[from] item: Black Sludge
|-heal|p1a: Rotom|83/100 par|[from] item: Leftovers
|-damage|p2a: Hongo|69/100 brn|[from] brn
|upkeep
|turn|10
|
|move|p2a: Hongo|Stun Spore|p1a: Rotom
|-fail|p1a: Rotom|par
|move|p1a: Rotom|Pain Split|p2a: Hongo
|-sethp|p2a: Hongo|64/100 brn|p1a: Rotom|90/100 par|[from] move: Pain Split
|
|-weather|Sandstorm|[upkeep]
|-damage|p2a: Hongo|58/100 brn|[from] Sandstorm
|-damage|p1a: Rotom|84/100 par|[from] Sandstorm
|-heal|p2a: Hongo|64/100 brn|[from] item: Black Sludge
|-heal|p1a: Rotom|90/100 par|[from] item: Leftovers
|-damage|p2a: Hongo|52/100 brn|[from] brn
|upkeep
|turn|11
|
|switch|p1a: Tyranitar|Tyranitar, F|100/100 slp
|move|p2a: Hongo|Giga Drain|p1a: Tyranitar
|-supereffective|p1a: Tyranitar
|-damage|p1a: Tyranitar|78/100 slp
|-heal|p2a: Hongo|63/100 brn|[from] drain|[of] p1a: Tyranitar
|
|-weather|Sandstorm|[upkeep]
|-damage|p2a: Hongo|56/100 brn|[from] Sandstorm
|-heal|p2a: Hongo|63/100 brn|[from] item: Black Sludge
|-damage|p2a: Hongo|50/100 brn|[from] brn
|upkeep
|turn|12
|
|switch|p2a: Barney|Tyranitar, F|100/100
|-damage|p2a: Barney|88/100|[from] Stealth Rock
|cant|p1a: Tyranitar|slp
|
|-weather|Sandstorm|[upkeep]
|upkeep
|turn|13
|
|-curestatus|p1a: Tyranitar|slp|[msg]
|move|p1a: Tyranitar|Superpower|p2a: Barney
|-supereffective|p2a: Barney
|-damage|p2a: Barney|0 fnt
|-unboost|p1a: Tyranitar|atk|1
|-unboost|p1a: Tyranitar|def|1
|faint|p2a: Barney
|
|-weather|Sandstorm|[upkeep]
|upkeep
|inactive|EG ROOM 2011 has 135 seconds left.
|
|switch|p2a: Hongo|Amoonguss, F|83/100 brn
|-damage|p2a: Hongo|71/100 brn|[from] Stealth Rock
|turn|14
|
|switch|p1a: Rotom|Rotom-Wash|90/100 par
|move|p2a: Hongo|Spore|p1a: Rotom
|-fail|p1a: Rotom
|
|-weather|Sandstorm|[upkeep]
|-damage|p2a: Hongo|65/100 brn|[from] Sandstorm
|-damage|p1a: Rotom|84/100 par|[from] Sandstorm
|-heal|p2a: Hongo|71/100 brn|[from] item: Black Sludge
|-heal|p1a: Rotom|90/100 par|[from] item: Leftovers
|-damage|p2a: Hongo|59/100 brn|[from] brn
|upkeep
|turn|15
|j| TriKiwi
|
|switch|p1a: Landorus|Landorus-Therian, M|22/100 par
|-ability|p1a: Landorus|Intimidate|boost
|-unboost|p2a: Hongo|atk|1
|move|p2a: Hongo|Giga Drain|p1a: Landorus
|-damage|p1a: Landorus|0 fnt
|-heal|p2a: Hongo|67/100 brn|[from] drain|[of] p1a: Landorus
|faint|p1a: Landorus
|
|-weather|Sandstorm|[upkeep]
|-damage|p2a: Hongo|61/100 brn|[from] Sandstorm
|-heal|p2a: Hongo|67/100 brn|[from] item: Black Sludge
|-damage|p2a: Hongo|54/100 brn|[from] brn
|upkeep
|
|switch|p1a: Latios|Latios, M|100/100
|turn|16
|
|switch|p2a: UFO|Magnezone|100/100
|-damage|p2a: UFO|94/100|[from] Stealth Rock
|move|p1a: Latios|Psyshock|p2a: UFO
|-resisted|p2a: UFO
|-damage|p2a: UFO|59/100
|
|-weather|Sandstorm|[upkeep]
|-damage|p1a: Latios|95/100|[from] Sandstorm
|upkeep
|turn|17
|
|switch|p1a: Rotom|Rotom-Wash|90/100 par
|move|p2a: UFO|Volt Switch|p1a: Rotom
|-damage|p1a: Rotom|45/100 par
|j| novice初学者2523
|
|switch|p2a: Hongo|Amoonguss, F|88/100 brn
|-damage|p2a: Hongo|75/100 brn|[from] Stealth Rock
|
|-weather|Sandstorm|[upkeep]
|-damage|p2a: Hongo|69/100 brn|[from] Sandstorm
|-damage|p1a: Rotom|38/100 par|[from] Sandstorm
|-heal|p2a: Hongo|75/100 brn|[from] item: Black Sludge
|-heal|p1a: Rotom|45/100 par|[from] item: Leftovers
|-damage|p2a: Hongo|63/100 brn|[from] brn
|upkeep
|turn|18
|
|move|p2a: Hongo|Giga Drain|p1a: Rotom
|-supereffective|p1a: Rotom
|-damage|p1a: Rotom|7/100 par
|-heal|p2a: Hongo|76/100 brn|[from] drain|[of] p1a: Rotom
|move|p1a: Rotom|Pain Split|p2a: Hongo
|-sethp|p2a: Hongo|41/100 brn|p1a: Rotom|57/100 par|[from] move: Pain Split
|
|-weather|Sandstorm|[upkeep]
|-damage|p2a: Hongo|34/100 brn|[from] Sandstorm
|-damage|p1a: Rotom|50/100 par|[from] Sandstorm
|-heal|p2a: Hongo|41/100 brn|[from] item: Black Sludge
|-heal|p1a: Rotom|57/100 par|[from] item: Leftovers
|-damage|p2a: Hongo|28/100 brn|[from] brn
|upkeep
|turn|19
|inactive|EG ROOM 2011 has 135 seconds left.
|
|move|p2a: Hongo|Stun Spore|p1a: Rotom
|-fail|p1a: Rotom|par
|move|p1a: Rotom|Volt Switch|p2a: Hongo
|-resisted|p2a: Hongo
|-damage|p2a: Hongo|19/100 brn
|
|switch|p1a: Latios|Latios, M|95/100
|
|-weather|Sandstorm|[upkeep]
|-damage|p1a: Latios|89/100|[from] Sandstorm
|-damage|p2a: Hongo|13/100 brn|[from] Sandstorm
|-heal|p2a: Hongo|19/100 brn|[from] item: Black Sludge
|-damage|p2a: Hongo|7/100 brn|[from] brn
|upkeep
|turn|20
|
|move|p1a: Latios|Psyshock|p2a: Hongo
|-supereffective|p2a: Hongo
|-damage|p2a: Hongo|0 fnt
|faint|p2a: Hongo
|
|-weather|Sandstorm|[upkeep]
|-damage|p1a: Latios|83/100|[from] Sandstorm
|upkeep
|
|switch|p2a: Batichica|Gliscor, F|88/100 tox
|-damage|p2a: Batichica|75/100 tox|[from] Stealth Rock
|turn|21
|
|move|p1a: Latios|Psyshock|p2a: Batichica
|-damage|p2a: Batichica|24/100 tox
|move|p2a: Batichica|Swords Dance|p2a: Batichica
|-boost|p2a: Batichica|atk|2
|
|-weather|Sandstorm|[upkeep]
|-damage|p1a: Latios|77/100|[from] Sandstorm
|-heal|p2a: Batichica|37/100 tox|[from] ability: Poison Heal
|upkeep
|turn|22
|-message|EG ROOM 2011 forfeited.
|
|win|Meloriver ヽ
|l|☆EG ROOM 2011
|raw|Meloriver ヽ's rating: 1505 &rarr; <strong>1519</strong><br />(+14 for winning)
|raw|EG ROOM 2011's rating: 1393 &rarr; <strong>1379</strong><br />(-14 for losing)
|c|☆Meloriver ヽ|easy
