|j|☆hf losing
|j|☆Death2thewest
|player|p1|hf losing|lady-gen4|1588
|player|p2|Death2thewest|juggler-gen2|1477
|teamsize|p1|6
|teamsize|p2|6
|gametype|singles
|gen|5
|tier|[Gen 5] OU
|rated|
|clearpoke
|poke|p1|Scizor, M|item
|poke|p1|Politoed, F|item
|poke|p1|Tentacruel, F|item
|poke|p1|Thundurus-Therian, M|item
|poke|p1|Ferrothorn, F|item
|poke|p1|Latios, M|item
|poke|p2|Politoed, F|item
|poke|p2|Latios, M|item
|poke|p2|Thundurus-Therian, M|item
|poke|p2|Starmie|item
|poke|p2|Ferrothorn, F|item
|poke|p2|Keldeo|item
|rule|Species Clause: Limit one of each Pokémon
|rule|OHKO Clause: OHKO moves are banned
|rule|Moody Clause: Moody is banned
|rule|Evasion Moves Clause: Evasion moves are banned
|rule|Endless Battle Clause: Forcing endless battles is banned
|rule|HP Percentage Mod: HP is shown in percentages
|rule|Evasion Abilities Clause: Evasion abilities are banned
|rule|Baton Pass Clause: Limit one Baton Passer, can't pass Spe and other stats simultaneously
|rule|Sleep Clause: Sleep-inducing moves are banned
|rule|Swagger Clause: Swagger is banned
|teampreview
|c|☆Death2thewest|Glhf
|c|☆hf losing|u2
|
|start
|switch|p1a: Thundurus|Thundurus-Therian, M|100/100
|switch|p2a: Kidney Stone|Ferrothorn, F, shiny|100/100
|turn|1
|inactive|Battle timer is ON: inactive players will automatically lose when time's up. (requested by hf losing)
|
|move|p1a: Thundurus|Substitute|p1a: Thundurus
|-start|p1a: Thundurus|Substitute
|-damage|p1a: Thundurus|76/100
|move|p2a: Kidney Stone|Stealth Rock|p1a: Thundurus
|-sidestart|p1: hf losing|move: Stealth Rock
|
|-heal|p1a: Thundurus|82/100|[from] item: Leftovers
|upkeep
|turn|2
|
|move|p1a: Thundurus|Focus Blast|p2a: Kidney Stone
|-supereffective|p2a: Kidney Stone
|-damage|p2a: Kidney Stone|39/100
|move|p2a: Kidney Stone|Power Whip|p1a: Thundurus
|-resisted|p1a: Thundurus
|-activate|p1a: Thundurus|Substitute|[damage]
|
|-heal|p1a: Thundurus|88/100|[from] item: Leftovers
|-heal|p2a: Kidney Stone|45/100|[from] item: Leftovers
|upkeep
|turn|3
|
|switch|p2a: Elton John|Starmie, shiny|100/100
|move|p1a: Thundurus|Focus Blast|p2a: Elton John
|-resisted|p2a: Elton John
|-damage|p2a: Elton John|70/100
|
|-heal|p2a: Elton John|76/100|[from] item: Leftovers
|-heal|p1a: Thundurus|94/100|[from] item: Leftovers
|upkeep
|turn|4
|
|move|p2a: Elton John|Ice Beam|p1a: Thundurus
|-supereffective|p1a: Thundurus
|-end|p1a: Thundurus|Substitute
|move|p1a: Thundurus|Thunder|p2a: Elton John|[miss]
|-miss|p1a: Thundurus|p2a: Elton John
|
|-heal|p2a: Elton John|82/100|[from] item: Leftovers
|-heal|p1a: Thundurus|99/100|[from] item: Leftovers
|upkeep
|turn|5
|
|move|p2a: Elton John|Ice Beam|p1a: Thundurus
|-supereffective|p1a: Thundurus
|-damage|p1a: Thundurus|32/100
|move|p1a: Thundurus|Thunder|p2a: Elton John
|-supereffective|p2a: Elton John
|-damage|p2a: Elton John|0 fnt
|faint|p2a: Elton John
|
|-heal|p1a: Thundurus|38/100|[from] item: Leftovers
|upkeep
|
|switch|p2a: Litespeed|Latios, M, shiny|100/100
|turn|6
|
|switch|p1a: Tentacruel|Tentacruel, F|100/100
|-damage|p1a: Tentacruel|88/100|[from] Stealth Rock
|move|p2a: Litespeed|Trick|p1a: Tentacruel
|-activate|p2a: Litespeed|move: Trick|[of] p1a: Tentacruel
|-item|p1a: Tentacruel|Flame Orb|[from] move: Trick
|-item|p2a: Litespeed|Black Sludge|[from] move: Trick
|
|-damage|p2a: Litespeed|88/100|[from] item: Black Sludge
|-status|p1a: Tentacruel|brn|[from] item: Flame Orb
|upkeep
|turn|7
|
|switch|p2a: Zapdos' Cousin|Thundurus-Therian, M|100/100
|move|p1a: Tentacruel|Rapid Spin|p2a: Zapdos' Cousin
|-damage|p2a: Zapdos' Cousin|99/100
|-sideend|p1: hf losing|Stealth Rock|[from] move: Rapid Spin|[of] p1a: Tentacruel
|
|-heal|p2a: Zapdos' Cousin|100/100|[from] item: Leftovers
|-damage|p1a: Tentacruel|76/100 brn|[from] brn
|upkeep
|turn|8
|
|move|p2a: Zapdos' Cousin|Substitute|p2a: Zapdos' Cousin
|-start|p2a: Zapdos' Cousin|Substitute
|-damage|p2a: Zapdos' Cousin|76/100
|move|p1a: Tentacruel|Scald|p2a: Zapdos' Cousin
|-end|p2a: Zapdos' Cousin|Substitute
|
|-heal|p2a: Zapdos' Cousin|82/100|[from] item: Leftovers
|-damage|p1a: Tentacruel|63/100 brn|[from] brn
|upkeep
|turn|9
|
|switch|p1a: Latios|Latios, M|100/100
|move|p2a: Zapdos' Cousin|Thunder|p1a: Latios|[miss]
|-miss|p2a: Zapdos' Cousin|p1a: Latios
|
|-heal|p2a: Zapdos' Cousin|88/100|[from] item: Leftovers
|upkeep
|turn|10
|
|switch|p2a: Kidney Stone|Ferrothorn, F, shiny|45/100
|move|p1a: Latios|Draco Meteor|p2a: Kidney Stone
|-resisted|p2a: Kidney Stone
|-damage|p2a: Kidney Stone|22/100
|-unboost|p1a: Latios|spa|2
|
|-heal|p2a: Kidney Stone|28/100|[from] item: Leftovers
|upkeep
|turn|11
|
|switch|p1a: Ferrothorn|Ferrothorn, F|100/100
|move|p2a: Kidney Stone|Stealth Rock|p1a: Ferrothorn
|-sidestart|p1: hf losing|move: Stealth Rock
|
|-heal|p2a: Kidney Stone|34/100|[from] item: Leftovers
|upkeep
|turn|12
|
|switch|p2a: Zapdos' Cousin|Thundurus-Therian, M|88/100
|move|p1a: Ferrothorn|Stealth Rock|p2a: Zapdos' Cousin
|-sidestart|p2: Death2thewest|move: Stealth Rock
|
|-heal|p2a: Zapdos' Cousin|94/100|[from] item: Leftovers
|upkeep
|turn|13
|
|move|p2a: Zapdos' Cousin|Substitute|p2a: Zapdos' Cousin
|-start|p2a: Zapdos' Cousin|Substitute
|-damage|p2a: Zapdos' Cousin|69/100
|move|p1a: Ferrothorn|Power Whip|p2a: Zapdos' Cousin
|-resisted|p2a: Zapdos' Cousin
|-activate|p2a: Zapdos' Cousin|Substitute|[damage]
|
|-heal|p2a: Zapdos' Cousin|75/100|[from] item: Leftovers
|upkeep
|turn|14
|
|move|p2a: Zapdos' Cousin|Focus Blast|p1a: Ferrothorn
|-supereffective|p1a: Ferrothorn
|-damage|p1a: Ferrothorn|41/100
|move|p1a: Ferrothorn|Power Whip|p2a: Zapdos' Cousin
|-resisted|p2a: Zapdos' Cousin
|-end|p2a: Zapdos' Cousin|Substitute
|
|-heal|p2a: Zapdos' Cousin|81/100|[from] item: Leftovers
|-heal|p1a: Ferrothorn|48/100|[from] item: Leftovers
|upkeep
|turn|15
|
|move|p2a: Zapdos' Cousin|Substitute|p2a: Zapdos' Cousin
|-start|p2a: Zapdos' Cousin|Substitute
|-damage|p2a: Zapdos' Cousin|57/100
|move|p1a: Ferrothorn|Power Whip|p2a: Zapdos' Cousin
|-resisted|p2a: Zapdos' Cousin
|-activate|p2a: Zapdos' Cousin|Substitute|[damage]
|
|-heal|p2a: Zapdos' Cousin|63/100|[from] item: Leftovers
|-heal|p1a: Ferrothorn|54/100|[from] item: Leftovers
|upkeep
|turn|16
|
|move|p2a: Zapdos' Cousin|Focus Blast|p1a: Ferrothorn|[miss]
|-miss|p2a: Zapdos' Cousin|p1a: Ferrothorn
|move|p1a: Ferrothorn|Power Whip|p2a: Zapdos' Cousin
|-resisted|p2a: Zapdos' Cousin
|-end|p2a: Zapdos' Cousin|Substitute
|
|-heal|p2a: Zapdos' Cousin|69/100|[from] item: Leftovers
|-heal|p1a: Ferrothorn|60/100|[from] item: Leftovers
|upkeep
|turn|17
|
|move|p2a: Zapdos' Cousin|Substitute|p2a: Zapdos' Cousin
|-start|p2a: Zapdos' Cousin|Substitute
|-damage|p2a: Zapdos' Cousin|44/100
|move|p1a: Ferrothorn|Power Whip|p2a: Zapdos' Cousin
|-resisted|p2a: Zapdos' Cousin
|-activate|p2a: Zapdos' Cousin|Substitute|[damage]
|
|-heal|p2a: Zapdos' Cousin|50/100|[from] item: Leftovers
|-heal|p1a: Ferrothorn|66/100|[from] item: Leftovers
|upkeep
|turn|18
|
|move|p2a: Zapdos' Cousin|Focus Blast|p1a: Ferrothorn|[miss]
|-miss|p2a: Zapdos' Cousin|p1a: Ferrothorn
|move|p1a: Ferrothorn|Power Whip|p2a: Zapdos' Cousin
|-resisted|p2a: Zapdos' Cousin
|-end|p2a: Zapdos' Cousin|Substitute
|
|-heal|p2a: Zapdos' Cousin|56/100|[from] item: Leftovers
|-heal|p1a: Ferrothorn|73/100|[from] item: Leftovers
|upkeep
|turn|19
|
|move|p2a: Zapdos' Cousin|Substitute|p2a: Zapdos' Cousin
|-start|p2a: Zapdos' Cousin|Substitute
|-damage|p2a: Zapdos' Cousin|31/100
|move|p1a: Ferrothorn|Power Whip|p2a: Zapdos' Cousin
|-resisted|p2a: Zapdos' Cousin
|-activate|p2a: Zapdos' Cousin|Substitute|[damage]
|
|-heal|p2a: Zapdos' Cousin|37/100|[from] item: Leftovers
|-heal|p1a: Ferrothorn|79/100|[from] item: Leftovers
|upkeep
|turn|20
|
|move|p2a: Zapdos' Cousin|Focus Blast|p1a: Ferrothorn|[miss]
|-miss|p2a: Zapdos' Cousin|p1a: Ferrothorn
|move|p1a: Ferrothorn|Power Whip|p2a: Zapdos' Cousin
|-resisted|p2a: Zapdos' Cousin
|-end|p2a: Zapdos' Cousin|Substitute
|
|-heal|p2a: Zapdos' Cousin|44/100|[from] item: Leftovers
|-heal|p1a: Ferrothorn|85/100|[from] item: Leftovers
|upkeep
|turn|21
|c|☆hf losing|lmao
|c|☆Death2thewest|._.
|c|☆Death2thewest|This lad is blind
|
|move|p2a: Zapdos' Cousin|Substitute|p2a: Zapdos' Cousin
|-start|p2a: Zapdos' Cousin|Substitute
|-damage|p2a: Zapdos' Cousin|19/100
|move|p1a: Ferrothorn|Power Whip|p2a: Zapdos' Cousin
|-resisted|p2a: Zapdos' Cousin
|-activate|p2a: Zapdos' Cousin|Substitute|[damage]
|
|-heal|p2a: Zapdos' Cousin|25/100|[from] item: Leftovers
|-heal|p1a: Ferrothorn|91/100|[from] item: Leftovers
|upkeep
|turn|22
|
|move|p2a: Zapdos' Cousin|Focus Blast|p1a: Ferrothorn
|-supereffective|p1a: Ferrothorn
|-damage|p1a: Ferrothorn|27/100
|move|p1a: Ferrothorn|Power Whip|p2a: Zapdos' Cousin
|-resisted|p2a: Zapdos' Cousin
|-end|p2a: Zapdos' Cousin|Substitute
|
|-heal|p2a: Zapdos' Cousin|31/100|[from] item: Leftovers
|-heal|p1a: Ferrothorn|33/100|[from] item: Leftovers
|upkeep
|turn|23
|c|☆hf losing|facts
|
|move|p2a: Zapdos' Cousin|Substitute|p2a: Zapdos' Cousin
|-start|p2a: Zapdos' Cousin|Substitute
|-damage|p2a: Zapdos' Cousin|6/100
|move|p1a: Ferrothorn|Power Whip|p2a: Zapdos' Cousin
|-resisted|p2a: Zapdos' Cousin
|-activate|p2a: Zapdos' Cousin|Substitute|[damage]
|
|-heal|p2a: Zapdos' Cousin|12/100|[from] item: Leftovers
|-heal|p1a: Ferrothorn|39/100|[from] item: Leftovers
|upkeep
|turn|24
|
|move|p2a: Zapdos' Cousin|Focus Blast|p1a: Ferrothorn
|-supereffective|p1a: Ferrothorn
|-damage|p1a: Ferrothorn|0 fnt
|faint|p1a: Ferrothorn
|
|-heal|p2a: Zapdos' Cousin|18/100|[from] item: Leftovers
|upkeep
|
|switch|p1a: Scizor|Scizor, M|100/100
|-damage|p1a: Scizor|88/100|[from] Stealth Rock
|turn|25
|
|move|p1a: Scizor|Bullet Punch|p2a: Zapdos' Cousin
|-resisted|p2a: Zapdos' Cousin
|-end|p2a: Zapdos' Cousin|Substitute
|move|p2a: Zapdos' Cousin|Thunder|p1a: Scizor
|-damage|p1a: Scizor|15/100
|
|-heal|p2a: Zapdos' Cousin|24/100|[from] item: Leftovers
|upkeep
|turn|26
|
|move|p1a: Scizor|Bullet Punch|p2a: Zapdos' Cousin
|-resisted|p2a: Zapdos' Cousin
|-damage|p2a: Zapdos' Cousin|0 fnt
|faint|p2a: Zapdos' Cousin
|
|upkeep
|c|☆hf losing|yo 2 in a row is enough
|c|☆hf losing|can you get up rain?
|c|☆hf losing|its starting to annoy me
|inactive|Death2thewest has 120 seconds left.
|
|switch|p2a: Rain Man|Politoed, F|100/100
|-damage|p2a: Rain Man|88/100|[from] Stealth Rock
|-weather|RainDance|[from] ability: Drizzle|[of] p2a: Rain Man
|turn|27
|
|move|p1a: Scizor|Bullet Punch|p2a: Rain Man
|-resisted|p2a: Rain Man
|-damage|p2a: Rain Man|51/100
|move|p2a: Rain Man|Scald|p1a: Scizor
|-damage|p1a: Scizor|0 fnt
|faint|p1a: Scizor
|
|-weather|RainDance|[upkeep]
|upkeep
|
|switch|p1a: Tentacruel|Tentacruel, F|63/100 brn
|-damage|p1a: Tentacruel|51/100 brn|[from] Stealth Rock
|turn|28
|
|switch|p2a: Kidney Stone|Ferrothorn, F, shiny|34/100
|-damage|p2a: Kidney Stone|28/100|[from] Stealth Rock
|move|p1a: Tentacruel|Scald|p2a: Kidney Stone
|-resisted|p2a: Kidney Stone
|-damage|p2a: Kidney Stone|15/100
|-status|p2a: Kidney Stone|brn
|
|-weather|RainDance|[upkeep]
|-heal|p1a: Tentacruel|57/100 brn|[from] ability: Rain Dish
|-heal|p2a: Kidney Stone|21/100 brn|[from] item: Leftovers
|-damage|p1a: Tentacruel|45/100 brn|[from] brn
|-damage|p2a: Kidney Stone|9/100 brn|[from] brn
|upkeep
|turn|29
|
|move|p1a: Tentacruel|Scald|p2a: Kidney Stone
|-resisted|p2a: Kidney Stone
|-damage|p2a: Kidney Stone|0 fnt
|faint|p2a: Kidney Stone
|
|-weather|RainDance|[upkeep]
|-heal|p1a: Tentacruel|51/100 brn|[from] ability: Rain Dish
|-damage|p1a: Tentacruel|38/100 brn|[from] brn
|upkeep
|inactive|Death2thewest has 120 seconds left.
|
|switch|p2a: Rain Man|Politoed, F|51/100
|-damage|p2a: Rain Man|39/100|[from] Stealth Rock
|turn|30
|
|move|p1a: Tentacruel|Rapid Spin|p2a: Rain Man
|-damage|p2a: Rain Man|37/100
|-sideend|p1: hf losing|Stealth Rock|[from] move: Rapid Spin|[of] p1a: Tentacruel
|move|p2a: Rain Man|Psychic|p1a: Tentacruel
|-supereffective|p1a: Tentacruel
|-damage|p1a: Tentacruel|0 fnt
|faint|p1a: Tentacruel
|
|-weather|RainDance|[upkeep]
|upkeep
|
|switch|p1a: Latios|Latios, M|100/100
|turn|31
|
|move|p1a: Latios|Thunder|p2a: Rain Man
|-supereffective|p2a: Rain Man
|-damage|p2a: Rain Man|0 fnt
|faint|p2a: Rain Man
|
|-weather|RainDance|[upkeep]
|upkeep
|
|switch|p2a: Litespeed|Latios, M, shiny|88/100
|-damage|p2a: Litespeed|76/100|[from] Stealth Rock
|turn|32
|
|switch|p1a: Thundurus|Thundurus-Therian, M|38/100
|move|p2a: Litespeed|Draco Meteor|p1a: Thundurus
|-damage|p1a: Thundurus|0 fnt
|-unboost|p2a: Litespeed|spa|2
|faint|p1a: Thundurus
|
|-weather|RainDance|[upkeep]
|-damage|p2a: Litespeed|64/100|[from] item: Black Sludge
|upkeep
|
|switch|p1a: Politoed|Politoed, F|100/100
|turn|33
|
|move|p2a: Litespeed|Trick|p1a: Politoed
|-activate|p2a: Litespeed|move: Trick|[of] p1a: Politoed
|-item|p1a: Politoed|Black Sludge|[from] move: Trick
|-item|p2a: Litespeed|Leftovers|[from] move: Trick
|move|p1a: Politoed|Scald|p2a: Litespeed
|-resisted|p2a: Litespeed
|-crit|p2a: Litespeed
|-damage|p2a: Litespeed|22/100
|
|-weather|RainDance|[upkeep]
|-heal|p2a: Litespeed|28/100|[from] item: Leftovers
|-damage|p1a: Politoed|88/100|[from] item: Black Sludge
|upkeep
|turn|34
|
|move|p2a: Litespeed|Roost|p2a: Litespeed
|-heal|p2a: Litespeed|78/100
|-singleturn|p2a: Litespeed|move: Roost
|move|p1a: Politoed|Toxic|p2a: Litespeed
|-status|p2a: Litespeed|tox
|
|-weather|RainDance|[upkeep]
|-heal|p2a: Litespeed|84/100 tox|[from] item: Leftovers
|-damage|p1a: Politoed|75/100|[from] item: Black Sludge
|-damage|p2a: Litespeed|78/100 tox|[from] psn
|upkeep
|turn|35
|
|switch|p2a: Seahorse|Keldeo|100/100
|-damage|p2a: Seahorse|94/100|[from] Stealth Rock
|move|p1a: Politoed|Scald|p2a: Seahorse
|-resisted|p2a: Seahorse
|-damage|p2a: Seahorse|72/100
|-status|p2a: Seahorse|brn
|
|-weather|RainDance|[upkeep]
|-damage|p1a: Politoed|63/100|[from] item: Black Sludge
|-damage|p2a: Seahorse|60/100 brn|[from] brn
|upkeep
|turn|36
|
|move|p1a: Politoed|Protect|p1a: Politoed
|-singleturn|p1a: Politoed|Protect
|move|p2a: Seahorse|Secret Sword|p1a: Politoed
|-activate|p1a: Politoed|move: Protect
|
|-weather|RainDance|[upkeep]
|-damage|p1a: Politoed|50/100|[from] item: Black Sludge
|-damage|p2a: Seahorse|48/100 brn|[from] brn
|upkeep
|turn|37
|
|switch|p1a: Latios|Latios, M|100/100
|move|p2a: Seahorse|Secret Sword|p1a: Latios
|-resisted|p1a: Latios
|-damage|p1a: Latios|72/100
|
|-weather|RainDance|[upkeep]
|-damage|p2a: Seahorse|35/100 brn|[from] brn
|upkeep
|turn|38
|
|move|p1a: Latios|Thunder|p2a: Seahorse
|-supereffective|p2a: Seahorse
|-damage|p2a: Seahorse|0 fnt
|faint|p2a: Seahorse
|
|-weather|RainDance|[upkeep]
|upkeep
|
|switch|p2a: Litespeed|Latios, M, shiny|78/100 tox
|-damage|p2a: Litespeed|66/100 tox|[from] Stealth Rock
|turn|39
|c|☆Death2thewest|Speed tie time
|
|switch|p1a: Politoed|Politoed, F|50/100
|move|p2a: Litespeed|Draco Meteor|p1a: Politoed
|-damage|p1a: Politoed|0 fnt
|-unboost|p2a: Litespeed|spa|2
|faint|p1a: Politoed
|
|-weather|RainDance|[upkeep]
|-heal|p2a: Litespeed|72/100 tox|[from] item: Leftovers
|-damage|p2a: Litespeed|66/100 tox|[from] psn
|upkeep
|c|☆hf losing|im scarf
|c|☆hf losing|but i dont wanna miss
|
|switch|p1a: Latios|Latios, M|72/100
|turn|40
|c|☆hf losing|gg anyways
|c|☆Death2thewest|Oh
|c|☆Death2thewest|GGs
|
|move|p1a: Latios|Draco Meteor|p2a: Litespeed
|-supereffective|p2a: Litespeed
|-damage|p2a: Litespeed|0 fnt
|-unboost|p1a: Latios|spa|2
|faint|p2a: Litespeed
|
|win|hf losing
|c|☆hf losing|i almost
|c|☆hf losing|choked
|c|☆hf losing|cuz i didnt wanna risk draco miss
|c|☆Death2thewest|Mood
|c|☆Death2thewest|90% moves be like that
|c|☆hf losing|ye
|l|☆Death2thewest
|c|☆hf losing|sorry
|c|☆hf losing|for the blast misses
|raw|hf losing's rating: 1589 &rarr; <strong>1602</strong><br />(+13 for winning)
|raw|Death2thewest's rating: 1453 &rarr; <strong>1440</strong><br />(-13 for losing)
