|j|☆j_spot
|j|☆kaeizuka
|t:|1733769286
|gametype|singles
|player|p1|j_spot|lucas-gen4pt|1334
|player|p2|kaeizuka|whitney|1304
|teamsize|p1|6
|teamsize|p2|6
|gen|5
|tier|[Gen 5] OU
|rated|
|rule|Species Clause: Limit one of each Pokémon
|rule|OHKO Clause: OHKO moves are banned
|rule|Moody Clause: Moody is banned
|rule|Evasion Items Clause: Evasion items are banned
|rule|Evasion Moves Clause: Evasion moves are banned
|rule|Endless Battle Clause: Forcing endless battles is banned
|rule|HP Percentage Mod: HP is shown in percentages
|rule|Evasion Abilities Clause: Evasion abilities are banned
|rule|Sleep Moves Clause: Sleep-inducing moves are banned
|rule|Swagger Clause: Swagger is banned
|rule|Baton Pass Stat Clause: No Baton Passer may have a way to boost its stats
|clearpoke
|poke|p1|Hippowdon, F|item
|poke|p1|Ferrothorn, M|item
|poke|p1|Magnezone|item
|poke|p1|Latios, M|item
|poke|p1|Excadrill, F|item
|poke|p1|Reuniclus, M|item
|poke|p2|Tyranitar, M|item
|poke|p2|Garchomp, F|item
|poke|p2|Dragonite, F|item
|poke|p2|Ferrothorn, F|item
|poke|p2|Starmie|item
|poke|p2|Reuniclus, M|item
|teampreview
|inactive|Battle timer is ON: inactive players will automatically lose when time's up. (requested by kaeizuka)
|j| CertamenMeum
|
|t:|1733769309
|start
|switch|p1a: Ferrothorn|Ferrothorn, M|100/100
|switch|p2a: Dragonite|Dragonite, F|100/100
|turn|1
|
|t:|1733769314
|move|p2a: Dragonite|Fire Blast|p1a: Ferrothorn
|-supereffective|p1a: Ferrothorn
|-damage|p1a: Ferrothorn|18/100
|move|p1a: Ferrothorn|Leech Seed|p2a: Dragonite
|-start|p2a: Dragonite|move: Leech Seed
|
|-heal|p1a: Ferrothorn|24/100|[from] item: Leftovers
|-damage|p2a: Dragonite|88/100|[from] Leech Seed|[of] p1a: Ferrothorn
|-heal|p1a: Ferrothorn|37/100|[silent]
|upkeep
|turn|2
|
|t:|1733769319
|move|p1a: Ferrothorn|Protect|p1a: Ferrothorn
|-singleturn|p1a: Ferrothorn|Protect
|move|p2a: Dragonite|Thunder Wave|p1a: Ferrothorn
|-activate|p1a: Ferrothorn|move: Protect
|
|-heal|p2a: Dragonite|94/100|[from] item: Leftovers
|-heal|p1a: Ferrothorn|44/100|[from] item: Leftovers
|-damage|p2a: Dragonite|82/100|[from] Leech Seed|[of] p1a: Ferrothorn
|-heal|p1a: Ferrothorn|57/100|[silent]
|upkeep
|turn|3
|j| Blaise BWOU
|
|t:|1733769340
|switch|p1a: Hippowdon|Hippowdon, F|100/100
|-weather|Sandstorm|[from] ability: Sand Stream|[of] p1a: Hippowdon
|move|p2a: Dragonite|Thunder Wave|p1a: Hippowdon
|-immune|p1a: Hippowdon
|
|-weather|Sandstorm|[upkeep]
|-damage|p2a: Dragonite|76/100|[from] Sandstorm
|-heal|p2a: Dragonite|82/100|[from] item: Leftovers
|-damage|p2a: Dragonite|69/100|[from] Leech Seed|[of] p1a: Hippowdon
|upkeep
|turn|4
|
|t:|1733769357
|switch|p2a: Reuniclus|Reuniclus, M|100/100
|move|p1a: Hippowdon|Stealth Rock|p2a: Reuniclus
|-sidestart|p2: kaeizuka|move: Stealth Rock
|
|-weather|Sandstorm|[upkeep]
|upkeep
|turn|5
|
|t:|1733769361
|move|p1a: Hippowdon|Earthquake|p2a: Reuniclus
|-damage|p2a: Reuniclus|74/100
|move|p2a: Reuniclus|Calm Mind|p2a: Reuniclus
|-boost|p2a: Reuniclus|spa|1
|-boost|p2a: Reuniclus|spd|1
|
|-weather|Sandstorm|[upkeep]
|-heal|p2a: Reuniclus|80/100|[from] item: Leftovers
|upkeep
|turn|6
|
|t:|1733769364
|move|p2a: Reuniclus|Calm Mind|p2a: Reuniclus
|-boost|p2a: Reuniclus|spa|1
|-boost|p2a: Reuniclus|spd|1
|move|p1a: Hippowdon|Whirlwind|p2a: Reuniclus
|drag|p2a: Starmie|Starmie|100/100
|-damage|p2a: Starmie|88/100|[from] Stealth Rock
|
|-weather|Sandstorm|[upkeep]
|-damage|p2a: Starmie|82/100|[from] Sandstorm
|-heal|p2a: Starmie|88/100|[from] item: Leftovers
|upkeep
|turn|7
|
|t:|1733769369
|switch|p1a: Ferrothorn|Ferrothorn, M|57/100
|move|p2a: Starmie|Scald|p1a: Ferrothorn
|-resisted|p1a: Ferrothorn
|-damage|p1a: Ferrothorn|47/100
|
|-weather|Sandstorm|[upkeep]
|-damage|p2a: Starmie|82/100|[from] Sandstorm
|-heal|p2a: Starmie|88/100|[from] item: Leftovers
|-heal|p1a: Ferrothorn|53/100|[from] item: Leftovers
|upkeep
|turn|8
|
|t:|1733769378
|switch|p2a: Ferrothorn|Ferrothorn, F|100/100
|-damage|p2a: Ferrothorn|94/100|[from] Stealth Rock
|move|p1a: Ferrothorn|Power Whip|p2a: Ferrothorn
|-resisted|p2a: Ferrothorn
|-damage|p2a: Ferrothorn|87/100
|-damage|p1a: Ferrothorn|41/100|[from] ability: Iron Barbs|[of] p2a: Ferrothorn
|
|-weather|Sandstorm|[upkeep]
|-heal|p1a: Ferrothorn|47/100|[from] item: Leftovers
|-heal|p2a: Ferrothorn|93/100|[from] item: Leftovers
|upkeep
|turn|9
|
|t:|1733769389
|switch|p1a: Magnezone|Magnezone|100/100
|-item|p1a: Magnezone|Air Balloon
|move|p2a: Ferrothorn|Stealth Rock|p1a: Magnezone
|-sidestart|p1: j_spot|move: Stealth Rock
|
|-weather|Sandstorm|[upkeep]
|-heal|p2a: Ferrothorn|99/100|[from] item: Leftovers
|upkeep
|turn|10
|
|t:|1733769393
|move|p1a: Magnezone|Hidden Power|p2a: Ferrothorn
|-supereffective|p2a: Ferrothorn
|-damage|p2a: Ferrothorn|30/100
|move|p2a: Ferrothorn|Leech Seed|p1a: Magnezone
|-start|p1a: Magnezone|move: Leech Seed
|
|-weather|Sandstorm|[upkeep]
|-heal|p2a: Ferrothorn|37/100|[from] item: Leftovers
|-damage|p1a: Magnezone|88/100|[from] Leech Seed|[of] p2a: Ferrothorn
|-heal|p2a: Ferrothorn|47/100|[silent]
|upkeep
|turn|11
|
|t:|1733769399
|move|p1a: Magnezone|Hidden Power|p2a: Ferrothorn
|-supereffective|p2a: Ferrothorn
|-damage|p2a: Ferrothorn|0 fnt
|faint|p2a: Ferrothorn
|
|-weather|Sandstorm|[upkeep]
|upkeep
|
|t:|1733769414
|switch|p2a: Garchomp|Garchomp, F|100/100
|-damage|p2a: Garchomp|94/100|[from] Stealth Rock
|turn|12
|
|t:|1733769418
|move|p2a: Garchomp|Substitute|p2a: Garchomp
|-start|p2a: Garchomp|Substitute
|-damage|p2a: Garchomp|69/100
|move|p1a: Magnezone|Magnet Rise|p1a: Magnezone
|-start|p1a: Magnezone|Magnet Rise
|
|-weather|Sandstorm|[upkeep]
|-damage|p1a: Magnezone|76/100|[from] Leech Seed|[of] p2a: Garchomp
|-heal|p2a: Garchomp|79/100|[silent]
|upkeep
|turn|13
|
|t:|1733769422
|move|p2a: Garchomp|Swords Dance|p2a: Garchomp
|-boost|p2a: Garchomp|atk|2
|move|p1a: Magnezone|Hidden Power|p2a: Garchomp
|-resisted|p2a: Garchomp
|-activate|p2a: Garchomp|Substitute|[damage]
|
|-weather|Sandstorm|[upkeep]
|-damage|p1a: Magnezone|63/100|[from] Leech Seed|[of] p2a: Garchomp
|-heal|p2a: Garchomp|89/100|[silent]
|upkeep
|turn|14
|
|t:|1733769443
|move|p2a: Garchomp|Swords Dance|p2a: Garchomp
|-boost|p2a: Garchomp|atk|2
|move|p1a: Magnezone|Hidden Power|p2a: Garchomp
|-resisted|p2a: Garchomp
|-end|p2a: Garchomp|Substitute
|
|-weather|Sandstorm|[upkeep]
|-damage|p1a: Magnezone|51/100|[from] Leech Seed|[of] p2a: Garchomp
|-heal|p2a: Garchomp|99/100|[silent]
|upkeep
|turn|15
|
|t:|1733769453
|move|p2a: Garchomp|Substitute|p2a: Garchomp
|-start|p2a: Garchomp|Substitute
|-damage|p2a: Garchomp|74/100
|move|p1a: Magnezone|Hidden Power|p2a: Garchomp
|-resisted|p2a: Garchomp
|-activate|p2a: Garchomp|Substitute|[damage]
|
|-weather|Sandstorm|[upkeep]
|-damage|p1a: Magnezone|38/100|[from] Leech Seed|[of] p2a: Garchomp
|-heal|p2a: Garchomp|83/100|[silent]
|upkeep
|turn|16
|j| JA0609
|
|t:|1733769463
|switch|p1a: Ferrothorn|Ferrothorn, M|47/100
|-damage|p1a: Ferrothorn|41/100|[from] Stealth Rock
|move|p2a: Garchomp|Earthquake|p1a: Ferrothorn
|-damage|p1a: Ferrothorn|0 fnt
|faint|p1a: Ferrothorn
|
|-weather|Sandstorm|[upkeep]
|upkeep
|
|t:|1733769468
|switch|p1a: Magnezone|Magnezone|38/100
|-damage|p1a: Magnezone|32/100|[from] Stealth Rock
|-item|p1a: Magnezone|Air Balloon
|turn|17
|
|t:|1733769471
|move|p2a: Garchomp|Earthquake|p1a: Magnezone
|-immune|p1a: Magnezone
|move|p1a: Magnezone|Hidden Power|p2a: Garchomp
|-resisted|p2a: Garchomp
|-end|p2a: Garchomp|Substitute
|
|-weather|Sandstorm|[upkeep]
|upkeep
|turn|18
|
|t:|1733769484
|move|p2a: Garchomp|Substitute|p2a: Garchomp
|-start|p2a: Garchomp|Substitute
|-damage|p2a: Garchomp|58/100
|move|p1a: Magnezone|Hidden Power|p2a: Garchomp
|-resisted|p2a: Garchomp
|-activate|p2a: Garchomp|Substitute|[damage]
|
|-weather|Sandstorm|[upkeep]
|upkeep
|turn|19
|
|t:|1733769489
|move|p2a: Garchomp|Outrage|p1a: Magnezone
|-resisted|p1a: Magnezone
|-damage|p1a: Magnezone|0 fnt
|-enditem|p1a: Magnezone|Air Balloon
|faint|p1a: Magnezone
|
|-weather|Sandstorm|[upkeep]
|upkeep
|
|t:|1733769497
|switch|p1a: Excadrill|Excadrill, F|100/100
|-damage|p1a: Excadrill|97/100|[from] Stealth Rock
|turn|20
|
|t:|1733769501
|move|p1a: Excadrill|Iron Head|p2a: Garchomp
|-end|p2a: Garchomp|Substitute
|move|p2a: Garchomp|Outrage|p1a: Excadrill|[from]lockedmove
|-resisted|p1a: Excadrill
|-damage|p1a: Excadrill|0 fnt
|faint|p1a: Excadrill
|
|-weather|Sandstorm|[upkeep]
|upkeep
|
|t:|1733769505
|switch|p1a: Latios|Latios, M|100/100
|-damage|p1a: Latios|88/100|[from] Stealth Rock
|turn|21
|
|t:|1733769509
|move|p1a: Latios|Draco Meteor|p2a: Garchomp
|-supereffective|p2a: Garchomp
|-damage|p2a: Garchomp|0 fnt
|-unboost|p1a: Latios|spa|2
|faint|p2a: Garchomp
|
|-weather|Sandstorm|[upkeep]
|-damage|p1a: Latios|82/100|[from] Sandstorm
|upkeep
|
|t:|1733769515
|switch|p2a: Reuniclus|Reuniclus, M|80/100
|turn|22
|
|t:|1733769529
|switch|p1a: Reuniclus|Reuniclus, M|100/100
|move|p2a: Reuniclus|Calm Mind|p2a: Reuniclus
|-boost|p2a: Reuniclus|spa|1
|-boost|p2a: Reuniclus|spd|1
|
|-weather|Sandstorm|[upkeep]
|-heal|p2a: Reuniclus|86/100|[from] item: Leftovers
|upkeep
|turn|23
|
|t:|1733769532
|move|p2a: Reuniclus|Psyshock|p1a: Reuniclus
|-resisted|p1a: Reuniclus
|-damage|p1a: Reuniclus|85/100
|move|p1a: Reuniclus|Calm Mind|p1a: Reuniclus
|-boost|p1a: Reuniclus|spa|1
|-boost|p1a: Reuniclus|spd|1
|
|-weather|Sandstorm|[upkeep]
|-heal|p2a: Reuniclus|92/100|[from] item: Leftovers
|-heal|p1a: Reuniclus|91/100|[from] item: Leftovers
|upkeep
|turn|24
|
|t:|1733769541
|switch|p2a: Dragonite|Dragonite, F|69/100
|-damage|p2a: Dragonite|45/100|[from] Stealth Rock
|move|p1a: Reuniclus|Thunder|p2a: Dragonite
|-damage|p2a: Dragonite|12/100
|
|-weather|Sandstorm|[upkeep]
|-damage|p2a: Dragonite|6/100|[from] Sandstorm
|-heal|p2a: Dragonite|12/100|[from] item: Leftovers
|-heal|p1a: Reuniclus|97/100|[from] item: Leftovers
|upkeep
|turn|25
|
|t:|1733769552
|move|p2a: Dragonite|Thunder Wave|p1a: Reuniclus
|-status|p1a: Reuniclus|par
|move|p1a: Reuniclus|Hidden Power|p2a: Dragonite
|-supereffective|p2a: Dragonite
|-damage|p2a: Dragonite|0 fnt
|faint|p2a: Dragonite
|
|-weather|Sandstorm|[upkeep]
|-heal|p1a: Reuniclus|100/100 par|[from] item: Leftovers
|upkeep
|
|t:|1733769568
|switch|p2a: Starmie|Starmie|88/100
|-damage|p2a: Starmie|76/100|[from] Stealth Rock
|turn|26
|
|t:|1733769581
|move|p2a: Starmie|Rapid Spin|p1a: Reuniclus
|-damage|p1a: Reuniclus|99/100 par
|-sideend|p2: kaeizuka|Stealth Rock|[from] move: Rapid Spin|[of] p2a: Starmie
|move|p1a: Reuniclus|Thunder|p2a: Starmie|[miss]
|-miss|p1a: Reuniclus|p2a: Starmie
|
|-weather|Sandstorm|[upkeep]
|-damage|p2a: Starmie|70/100|[from] Sandstorm
|-heal|p2a: Starmie|76/100|[from] item: Leftovers
|-heal|p1a: Reuniclus|100/100 par|[from] item: Leftovers
|upkeep
|turn|27
|
|t:|1733769591
|switch|p2a: Tyranitar|Tyranitar, M|100/100
|move|p1a: Reuniclus|Thunder|p2a: Tyranitar|[miss]
|-miss|p1a: Reuniclus|p2a: Tyranitar
|
|-weather|Sandstorm|[upkeep]
|upkeep
|turn|28
|
|t:|1733769601
|switch|p1a: Hippowdon|Hippowdon, F|100/100
|-damage|p1a: Hippowdon|94/100|[from] Stealth Rock
|move|p2a: Tyranitar|Crunch|p1a: Hippowdon
|-damage|p1a: Hippowdon|70/100
|
|-weather|Sandstorm|[upkeep]
|-heal|p1a: Hippowdon|76/100|[from] item: Leftovers
|upkeep
|turn|29
|
|t:|1733769608
|switch|p2a: Starmie|Starmie|76/100
|move|p1a: Hippowdon|Stealth Rock|p2a: Starmie
|-sidestart|p2: kaeizuka|move: Stealth Rock
|
|-weather|Sandstorm|[upkeep]
|-damage|p2a: Starmie|70/100|[from] Sandstorm
|-heal|p2a: Starmie|76/100|[from] item: Leftovers
|-heal|p1a: Hippowdon|82/100|[from] item: Leftovers
|upkeep
|turn|30
|
|t:|1733769613
|move|p2a: Starmie|Scald|p1a: Hippowdon
|-supereffective|p1a: Hippowdon
|-damage|p1a: Hippowdon|35/100
|-status|p1a: Hippowdon|brn
|move|p1a: Hippowdon|Earthquake|p2a: Starmie
|-damage|p2a: Starmie|55/100
|
|-weather|Sandstorm|[upkeep]
|-damage|p2a: Starmie|49/100|[from] Sandstorm
|-heal|p2a: Starmie|55/100|[from] item: Leftovers
|-heal|p1a: Hippowdon|41/100 brn|[from] item: Leftovers
|-damage|p1a: Hippowdon|29/100 brn|[from] brn
|upkeep
|turn|31
|
|t:|1733769627
|move|p2a: Starmie|Scald|p1a: Hippowdon
|-supereffective|p1a: Hippowdon
|-damage|p1a: Hippowdon|0 fnt
|faint|p1a: Hippowdon
|
|-weather|Sandstorm|[upkeep]
|-damage|p2a: Starmie|49/100|[from] Sandstorm
|-heal|p2a: Starmie|55/100|[from] item: Leftovers
|upkeep
|
|t:|1733769638
|switch|p1a: Latios|Latios, M|82/100
|-damage|p1a: Latios|70/100|[from] Stealth Rock
|turn|32
|
|t:|1733769644
|switch|p2a: Reuniclus|Reuniclus, M|92/100
|move|p1a: Latios|Trick|p2a: Reuniclus
|-activate|p1a: Latios|move: Trick|[of] p2a: Reuniclus
|-item|p2a: Reuniclus|Choice Specs|[from] move: Trick
|-item|p1a: Latios|Leftovers|[from] move: Trick
|
|-weather|Sandstorm|[upkeep]
|-damage|p1a: Latios|64/100|[from] Sandstorm
|-heal|p1a: Latios|70/100|[from] item: Leftovers
|upkeep
|turn|33
|
|t:|1733769655
|move|p1a: Latios|Recover|p1a: Latios
|-heal|p1a: Latios|100/100
|move|p2a: Reuniclus|Psyshock|p1a: Latios
|-resisted|p1a: Latios
|-damage|p1a: Latios|67/100
|
|-weather|Sandstorm|[upkeep]
|-damage|p1a: Latios|61/100|[from] Sandstorm
|-heal|p1a: Latios|67/100|[from] item: Leftovers
|upkeep
|turn|34
|
|t:|1733769672
|switch|p1a: Reuniclus|Reuniclus, M|100/100 par
|move|p2a: Reuniclus|Psyshock|p1a: Reuniclus
|-resisted|p1a: Reuniclus
|-damage|p1a: Reuniclus|84/100 par
|
|-weather|Sandstorm|[upkeep]
|-heal|p1a: Reuniclus|90/100 par|[from] item: Leftovers
|upkeep
|turn|35
|
|t:|1733769690
|switch|p2a: Tyranitar|Tyranitar, M|100/100
|-damage|p2a: Tyranitar|88/100|[from] Stealth Rock
|cant|p1a: Reuniclus|par
|
|-weather|Sandstorm|[upkeep]
|-heal|p1a: Reuniclus|96/100 par|[from] item: Leftovers
|upkeep
|turn|36
|
|t:|1733769705
|move|p2a: Tyranitar|Crunch|p1a: Reuniclus
|-supereffective|p1a: Reuniclus
|-damage|p1a: Reuniclus|32/100 par
|move|p1a: Reuniclus|Thunder|p2a: Tyranitar
|-damage|p2a: Tyranitar|67/100
|
|-weather|Sandstorm|[upkeep]
|-heal|p1a: Reuniclus|38/100 par|[from] item: Leftovers
|upkeep
|turn|37
|
|t:|1733769713
|move|p2a: Tyranitar|Crunch|p1a: Reuniclus
|-supereffective|p1a: Reuniclus
|-damage|p1a: Reuniclus|0 fnt
|faint|p1a: Reuniclus
|
|-weather|Sandstorm|[upkeep]
|upkeep
|
|t:|1733769715
|switch|p1a: Latios|Latios, M|67/100
|-damage|p1a: Latios|55/100|[from] Stealth Rock
|turn|38
|
|t:|1733769719
|move|p2a: Tyranitar|Crunch|p1a: Latios
|-supereffective|p1a: Latios
|-crit|p1a: Latios
|-damage|p1a: Latios|0 fnt
|faint|p1a: Latios
|
|win|kaeizuka
|raw|j_spot's rating: 1334 &rarr; <strong>1312</strong><br />(-22 for losing)
|raw|kaeizuka's rating: 1304 &rarr; <strong>1326</strong><br />(+22 for winning)
|c|☆j_spot|gg
|c|☆kaeizuka|gg
|l|☆j_spot
|player|p1|
