|j|☆Lkjc
|j|☆J-M Poireaux
|player|p1|Lkjc|dahlia|1425
|player|p2|J-M Poireaux|li|1352
|teamsize|p1|6
|teamsize|p2|6
|gametype|singles
|gen|5
|tier|[Gen 5] OU
|rated|
|clearpoke
|poke|p1|Thundurus-Therian, M|item
|poke|p1|Politoed, M|item
|poke|p1|Scizor, M|item
|poke|p1|Ferrothorn, F|item
|poke|p1|Toxicroak, M|item
|poke|p1|Latios, M|item
|poke|p2|Jirachi|item
|poke|p2|Breloom, F|item
|poke|p2|Rotom-Wash|item
|poke|p2|Tyranitar, F|item
|poke|p2|Landorus-Therian, M|item
|poke|p2|Hydreigon, F|item
|rule|Species Clause: Limit one of each Pokémon
|rule|OHKO Clause: OHKO moves are banned
|rule|Moody Clause: Moody is banned
|rule|Evasion Moves Clause: Evasion moves are banned
|rule|Endless Battle Clause: Forcing endless battles is banned
|rule|HP Percentage Mod: HP is shown in percentages
|rule|Evasion Abilities Clause: Evasion abilities are banned
|rule|Baton Pass Clause: Limit one Baton Passer, can't pass Spe and other stats simultaneously
|rule|Sleep Clause: Sleep-inducing moves are banned
|rule|Swagger Clause: Swagger is banned
|teampreview
|inactive|Battle timer is ON: inactive players will automatically lose when time's up. (requested by Lkjc)
|
|start
|switch|p1a: Scizor|Scizor, M|100/100
|switch|p2a: Justin|Breloom, F, shiny|100/100
|turn|1
|inactive|J-M Poireaux has 120 seconds left.
|
|switch|p2a: Kanté|Landorus-Therian, M|100/100
|-ability|p2a: Kanté|Intimidate|boost
|-unboost|p1a: Scizor|atk|1
|move|p1a: Scizor|U-turn|p2a: Kanté
|-resisted|p2a: Kanté
|-damage|p2a: Kanté|87/100
|
|switch|p1a: Politoed|Politoed, M, shiny|100/100|[from]move: U-turn
|-weather|RainDance|[from] ability: Drizzle|[of] p1a: Politoed
|
|-weather|RainDance|[upkeep]
|-heal|p2a: Kanté|93/100|[from] item: Leftovers
|upkeep
|turn|2
|
|move|p1a: Politoed|Ice Beam|p2a: Kanté
|-supereffective|p2a: Kanté
|-damage|p2a: Kanté|0 fnt
|faint|p2a: Kanté
|
|-weather|RainDance|[upkeep]
|upkeep
|j| g0rd0n
|
|switch|p2a: Trent A.A.|Rotom-Wash|100/100
|turn|3
|
|switch|p1a: Ferrothorn|Ferrothorn, F|100/100
|move|p2a: Trent A.A.|Volt Switch|p1a: Ferrothorn
|-resisted|p1a: Ferrothorn
|-damage|p1a: Ferrothorn|89/100
|l| g0rd0n
|
|switch|p2a: Justin|Breloom, F, shiny|100/100|[from]move: Volt Switch
|
|-weather|RainDance|[upkeep]
|-heal|p1a: Ferrothorn|95/100|[from] item: Leftovers
|upkeep
|turn|4
|
|move|p2a: Justin|Low Sweep|p1a: Ferrothorn
|-supereffective|p1a: Ferrothorn
|-damage|p1a: Ferrothorn|7/100
|-unboost|p1a: Ferrothorn|spe|1
|-damage|p2a: Justin|88/100|[from] ability: Iron Barbs|[of] p1a: Ferrothorn
|-damage|p2a: Justin|78/100|[from] item: Life Orb
|move|p1a: Ferrothorn|Gyro Ball|p2a: Justin
|-damage|p2a: Justin|5/100
|
|-weather|RainDance|[upkeep]
|-heal|p1a: Ferrothorn|13/100|[from] item: Leftovers
|upkeep
|turn|5
|inactive|J-M Poireaux has 90 seconds left.
|
|move|p2a: Justin|Low Sweep|p1a: Ferrothorn
|-supereffective|p1a: Ferrothorn
|-damage|p1a: Ferrothorn|0 fnt
|-damage|p2a: Justin|0 fnt|[from] ability: Iron Barbs|[of] p1a: Ferrothorn
|faint|p2a: Justin
|faint|p1a: Ferrothorn
|
|-weather|RainDance|[upkeep]
|upkeep
|inactive|J-M Poireaux has 90 seconds left.
|
|switch|p2a: Mbappé|Hydreigon, F|100/100
|switch|p1a: Toxicroak|Toxicroak, M|100/100
|turn|6
|
|move|p2a: Mbappé|Draco Meteor|p1a: Toxicroak
|-damage|p1a: Toxicroak|4/100
|-unboost|p2a: Mbappé|spa|2
|move|p1a: Toxicroak|Substitute|p1a: Toxicroak
|-fail|p1a: Toxicroak|move: Substitute|[weak]
|
|-weather|RainDance|[upkeep]
|-heal|p1a: Toxicroak|17/100|[from] ability: Dry Skin
|-heal|p1a: Toxicroak|23/100|[from] item: Leftovers
|upkeep
|turn|7
|
|switch|p1a: Scizor|Scizor, M|100/100
|move|p2a: Mbappé|Draco Meteor|p1a: Scizor
|-resisted|p1a: Scizor
|-crit|p1a: Scizor
|-damage|p1a: Scizor|0 fnt
|-unboost|p2a: Mbappé|spa|2
|faint|p1a: Scizor
|
|-weather|RainDance|[upkeep]
|upkeep
|c|☆Lkjc|Ok
|c|☆J-M Poireaux|All planed
|
|switch|p1a: Thundurus|Thundurus-Therian, M, shiny|100/100
|turn|8
|
|switch|p2a: Fosu|Tyranitar, F|100/100
|-weather|Sandstorm|[from] ability: Sand Stream|[of] p2a: Fosu
|move|p1a: Thundurus|Substitute|p1a: Thundurus
|-start|p1a: Thundurus|Substitute
|-damage|p1a: Thundurus|76/100
|
|-weather|Sandstorm|[upkeep]
|-damage|p1a: Thundurus|69/100|[from] Sandstorm
|-heal|p1a: Thundurus|76/100|[from] item: Leftovers
|upkeep
|turn|9
|
|move|p1a: Thundurus|Focus Blast|p2a: Fosu|[miss]
|-miss|p1a: Thundurus|p2a: Fosu
|move|p2a: Fosu|Stone Edge|p1a: Thundurus
|-supereffective|p1a: Thundurus
|-end|p1a: Thundurus|Substitute
|
|-weather|Sandstorm|[upkeep]
|-damage|p1a: Thundurus|69/100|[from] Sandstorm
|-heal|p1a: Thundurus|76/100|[from] item: Leftovers
|upkeep
|turn|10
|inactive|J-M Poireaux has 60 seconds left.
|
|switch|p1a: Politoed|Politoed, M, shiny|100/100
|-weather|RainDance|[from] ability: Drizzle|[of] p1a: Politoed
|switch|p2a: Trent A.A.|Rotom-Wash|100/100
|
|-weather|RainDance|[upkeep]
|upkeep
|turn|11
|inactive|J-M Poireaux has 60 seconds left.
|
|switch|p1a: Thundurus|Thundurus-Therian, M, shiny|76/100
|move|p2a: Trent A.A.|Trick|p1a: Thundurus
|-activate|p2a: Trent A.A.|move: Trick|[of] p1a: Thundurus
|-item|p1a: Thundurus|Choice Specs|[from] move: Trick
|-item|p2a: Trent A.A.|Leftovers|[from] move: Trick
|
|-weather|RainDance|[upkeep]
|upkeep
|turn|12
|inactive|J-M Poireaux has 60 seconds left.
|inactive|Lkjc has 120 seconds left.
|inactive|J-M Poireaux has 30 seconds left.
|inactive|J-M Poireaux has 20 seconds left.
|
|switch|p1a: Toxicroak|Toxicroak, M|23/100
|move|p2a: Trent A.A.|Hydro Pump|p1a: Toxicroak
|-heal|p1a: Toxicroak|48/100|[from] ability: Dry Skin|[of] p2a: Trent A.A.
|
|-weather|RainDance|[upkeep]
|-heal|p1a: Toxicroak|61/100|[from] ability: Dry Skin
|-heal|p1a: Toxicroak|67/100|[from] item: Leftovers
|upkeep
|turn|13
|inactive|J-M Poireaux has 30 seconds left this turn.
|inactive|Lkjc has 120 seconds left.
|inactive|J-M Poireaux has 20 seconds left.
|
|switch|p1a: Thundurus|Thundurus-Therian, M, shiny|76/100
|move|p2a: Trent A.A.|Volt Switch|p1a: Thundurus
|-heal|p1a: Thundurus|100/100|[from] ability: Volt Absorb|[of] p2a: Trent A.A.
|
|-weather|RainDance|[upkeep]
|upkeep
|turn|14
|inactive|J-M Poireaux has 30 seconds left this turn.
|
|switch|p2a: André|Jirachi|100/100
|move|p1a: Thundurus|Focus Blast|p2a: André
|-damage|p2a: André|34/100
|
|-weather|RainDance|[upkeep]
|upkeep
|turn|15
|inactive|J-M Poireaux has 30 seconds left.
|inactive|J-M Poireaux has 20 seconds left.
|inactive|J-M Poireaux has 15 seconds left.
|
|move|p2a: André|Ice Punch|p1a: Thundurus
|-supereffective|p1a: Thundurus
|-damage|p1a: Thundurus|50/100
|move|p1a: Thundurus|Focus Blast|p2a: André
|-damage|p2a: André|0 fnt
|faint|p2a: André
|
|-weather|RainDance|[upkeep]
|upkeep
|inactive|J-M Poireaux has 20 seconds left this turn.
|inactive|J-M Poireaux has 15 seconds left.
|
|switch|p2a: Trent A.A.|Rotom-Wash|100/100
|turn|16
|inactive|J-M Poireaux has 25 seconds left this turn.
|inactive|J-M Poireaux has 20 seconds left.
|inactive|J-M Poireaux has 15 seconds left.
|
|move|p1a: Thundurus|Focus Blast|p2a: Trent A.A.
|-damage|p2a: Trent A.A.|48/100
|move|p2a: Trent A.A.|Thunder Wave|p1a: Thundurus
|-heal|p1a: Thundurus|75/100|[from] ability: Volt Absorb|[of] p2a: Trent A.A.
|
|-weather|RainDance|[upkeep]
|-heal|p2a: Trent A.A.|54/100|[from] item: Leftovers
|upkeep
|turn|17
|inactive|J-M Poireaux has 25 seconds left this turn.
|inactive|Lkjc has 120 seconds left.
|inactive|J-M Poireaux has 20 seconds left.
|inactive|J-M Poireaux has 15 seconds left.
|
|switch|p1a: Toxicroak|Toxicroak, M|67/100
|move|p2a: Trent A.A.|Hydro Pump|p1a: Toxicroak
|-heal|p1a: Toxicroak|92/100|[from] ability: Dry Skin|[of] p2a: Trent A.A.
|
|-weather|RainDance|[upkeep]
|-heal|p1a: Toxicroak|100/100|[from] ability: Dry Skin
|-heal|p2a: Trent A.A.|60/100|[from] item: Leftovers
|upkeep
|turn|18
|inactive|J-M Poireaux has 25 seconds left this turn.
|inactive|J-M Poireaux has 20 seconds left.
|
|move|p1a: Toxicroak|Substitute|p1a: Toxicroak
|-start|p1a: Toxicroak|Substitute
|-damage|p1a: Toxicroak|75/100
|move|p2a: Trent A.A.|Hydro Pump|p1a: Toxicroak
|-heal|p1a: Toxicroak|100/100|[from] ability: Dry Skin|[of] p2a: Trent A.A.
|
|-weather|RainDance|[upkeep]
|-heal|p2a: Trent A.A.|67/100|[from] item: Leftovers
|upkeep
|turn|19
|inactive|J-M Poireaux has 30 seconds left this turn.
|
|move|p1a: Toxicroak|Drain Punch|p2a: Trent A.A.
|-damage|p2a: Trent A.A.|31/100
|move|p2a: Trent A.A.|Volt Switch|p1a: Toxicroak
|-end|p1a: Toxicroak|Substitute
|inactive|J-M Poireaux has 30 seconds left this turn.
|j| mawwwwp
|
|switch|p2a: Mbappé|Hydreigon, F|100/100|[from]move: Volt Switch
|
|-weather|RainDance|[upkeep]
|upkeep
|turn|20
|inactive|Lkjc has 120 seconds left.
|
|move|p2a: Mbappé|Draco Meteor|p1a: Toxicroak
|-crit|p1a: Toxicroak
|-damage|p1a: Toxicroak|0 fnt
|-unboost|p2a: Mbappé|spa|2
|faint|p1a: Toxicroak
|
|-weather|RainDance|[upkeep]
|upkeep
|inactive|Lkjc has 120 seconds left.
|c|☆Lkjc|Ok
|
|switch|p1a: Thundurus|Thundurus-Therian, M, shiny|75/100
|turn|21
|c|☆J-M Poireaux|Same
|inactive|J-M Poireaux has 30 seconds left.
|inactive|J-M Poireaux has 20 seconds left.
|inactive|J-M Poireaux has 15 seconds left.
|
|switch|p2a: Trent A.A.|Rotom-Wash|31/100
|move|p1a: Thundurus|Focus Blast|p2a: Trent A.A.|[miss]
|-miss|p1a: Thundurus|p2a: Trent A.A.
|
|-weather|RainDance|[upkeep]
|-heal|p2a: Trent A.A.|37/100|[from] item: Leftovers
|upkeep
|turn|22
|inactive|J-M Poireaux has 25 seconds left this turn.
|inactive|J-M Poireaux has 20 seconds left.
|
|move|p1a: Thundurus|Focus Blast|p2a: Trent A.A.
|-damage|p2a: Trent A.A.|0 fnt
|faint|p2a: Trent A.A.
|
|-weather|RainDance|[upkeep]
|upkeep
|inactive|J-M Poireaux has 25 seconds left this turn.
|inactive|J-M Poireaux has 20 seconds left.
|
|switch|p2a: Mbappé|Hydreigon, F|100/100
|turn|23
|inactive|J-M Poireaux has 30 seconds left this turn.
|inactive|Lkjc has 120 seconds left.
|
|switch|p1a: Politoed|Politoed, M, shiny|100/100
|move|p2a: Mbappé|Draco Meteor|p1a: Politoed
|-damage|p1a: Politoed|21/100
|-unboost|p2a: Mbappé|spa|2
|
|-weather|RainDance|[upkeep]
|upkeep
|turn|24
|inactive|Lkjc has 120 seconds left.
|inactive|J-M Poireaux has 30 seconds left.
|
|move|p2a: Mbappé|Draco Meteor|p1a: Politoed|[miss]
|-miss|p2a: Mbappé|p1a: Politoed
|move|p1a: Politoed|Ice Beam|p2a: Mbappé
|-supereffective|p2a: Mbappé
|-damage|p2a: Mbappé|43/100
|-status|p2a: Mbappé|frz
|
|-weather|RainDance|[upkeep]
|upkeep
|turn|25
|inactive|Lkjc has 120 seconds left.
|c|☆J-M Poireaux|OK
|inactive|J-M Poireaux has 30 seconds left.
|inactive|J-M Poireaux has 20 seconds left.
|
|switch|p1a: Thundurus|Thundurus-Therian, M, shiny|75/100
|cant|p2a: Mbappé|frz
|
|-weather|RainDance|[upkeep]
|upkeep
|turn|26
|inactive|J-M Poireaux has 30 seconds left this turn.
|inactive|Lkjc has 120 seconds left.
|c|☆Lkjc|That is so deserved
|
|cant|p2a: Mbappé|frz
|move|p1a: Thundurus|Focus Blast|p2a: Mbappé|[miss]
|-miss|p1a: Thundurus|p2a: Mbappé
|
|-weather|RainDance|[upkeep]
|upkeep
|turn|27
|inactive|J-M Poireaux has 30 seconds left.
|
|cant|p2a: Mbappé|frz
|move|p1a: Thundurus|Focus Blast|p2a: Mbappé
|-supereffective|p2a: Mbappé
|-damage|p2a: Mbappé|0 fnt
|faint|p2a: Mbappé
|
|-weather|RainDance|[upkeep]
|upkeep
|inactive|J-M Poireaux has 30 seconds left.
|
|switch|p2a: Fosu|Tyranitar, F|100/100
|-weather|Sandstorm|[from] ability: Sand Stream|[of] p2a: Fosu
|turn|28
|
|switch|p1a: Politoed|Politoed, M, shiny|21/100
|-weather|RainDance|[from] ability: Drizzle|[of] p1a: Politoed
|move|p2a: Fosu|Crunch|p1a: Politoed
|-damage|p1a: Politoed|0 fnt
|faint|p1a: Politoed
|
|-weather|RainDance|[upkeep]
|upkeep
|
|switch|p1a: Thundurus|Thundurus-Therian, M, shiny|75/100
|turn|29
|
|move|p1a: Thundurus|Thunder|p2a: Fosu
|-damage|p2a: Fosu|15/100
|-status|p2a: Fosu|par
|move|p2a: Fosu|Crunch|p1a: Thundurus
|-damage|p1a: Thundurus|0 fnt
|faint|p1a: Thundurus
|
|-weather|RainDance|[upkeep]
|upkeep
|c|☆Lkjc|gg
|
|switch|p1a: Latios|Latios, M|100/100
|turn|30
|
|move|p1a: Latios|Surf|p2a: Fosu
|-supereffective|p2a: Fosu
|-damage|p2a: Fosu|0 fnt
|faint|p2a: Fosu
|
|win|Lkjc
|c|☆J-M Poireaux|gg
|raw|Lkjc's rating: 1425 &rarr; <strong>1441</strong><br />(+16 for winning)
|raw|J-M Poireaux's rating: 1353 &rarr; <strong>1337</strong><br />(-16 for losing)
