|j|☆rock thunder bird
|j|☆IUPLC
|t:|1749781809
|gametype|singles
|player|p1|rock thunder bird|evelyn|1313
|player|p2|IUPLC|dragontamer|1613
|teamsize|p1|6
|teamsize|p2|6
|gen|5
|tier|[Gen 5] OU
|rated|
|rule|Species Clause: Limit one of each Pokémon
|rule|OHKO Clause: OHKO moves are banned
|rule|Moody Clause: Moody is banned
|rule|Evasion Items Clause: Evasion items are banned
|rule|Evasion Moves Clause: Evasion moves are banned
|rule|Endless Battle Clause: Forcing endless battles is banned
|rule|HP Percentage Mod: HP is shown in percentages
|rule|Evasion Abilities Clause: Evasion abilities are banned
|rule|Sleep Moves Clause: Sleep-inducing moves are banned
|rule|Swagger Clause: Swagger is banned
|rule|Baton Pass Stat Clause: No Baton Passer may have a way to boost its stats
|clearpoke
|poke|p1|Latios, M|item
|poke|p1|Magnezone|item
|poke|p1|Starmie|item
|poke|p1|Garchomp, F|item
|poke|p1|Salamence, F|item
|poke|p1|Jirachi|item
|poke|p2|Tyranitar, F|item
|poke|p2|Gliscor, F|item
|poke|p2|Skarmory, F|item
|poke|p2|Reuniclus, M|item
|poke|p2|Latios, M|item
|poke|p2|Alakazam, M|item
|teampreview
|inactive|Battle timer is ON: inactive players will automatically lose when time's up. (requested by IUPLC)
|
|t:|1749781830
|start
|switch|p1a: Jirachi|Jirachi|100/100
|switch|p2a: Gliscor|Gliscor, F|100/100
|turn|1
|
|t:|1749781835
|move|p1a: Jirachi|Body Slam|p2a: Gliscor
|-damage|p2a: Gliscor|85/100
|-status|p2a: Gliscor|par
|cant|p2a: Gliscor|par
|
|upkeep
|turn|2
|
|t:|1749781840
|move|p1a: Jirachi|Iron Head|p2a: Gliscor
|-damage|p2a: Gliscor|65/100 par
|cant|p2a: Gliscor|par
|
|upkeep
|turn|3
|
|t:|1749781844
|move|p1a: Jirachi|Iron Head|p2a: Gliscor
|-damage|p2a: Gliscor|45/100 par
|cant|p2a: Gliscor|flinch
|
|upkeep
|turn|4
|
|t:|1749781846
|move|p1a: Jirachi|Iron Head|p2a: Gliscor
|-damage|p2a: Gliscor|25/100 par
|cant|p2a: Gliscor|flinch
|
|upkeep
|turn|5
|
|t:|1749781849
|switch|p2a: Skarmory|Skarmory, F|100/100
|move|p1a: Jirachi|Iron Head|p2a: Skarmory
|-resisted|p2a: Skarmory
|-damage|p2a: Skarmory|90/100
|-damage|p1a: Jirachi|84/100|[from] item: Rocky Helmet|[of] p2a: Skarmory
|
|-heal|p1a: Jirachi|90/100|[from] item: Leftovers
|upkeep
|turn|6
|
|t:|1749781852
|switch|p1a: Magnezone|Magnezone|100/100
|switch|p2a: Gliscor|Gliscor, F|25/100 par
|
|upkeep
|turn|7
|
|t:|1749781855
|move|p1a: Magnezone|Flash Cannon|p2a: Gliscor
|-damage|p2a: Gliscor|0 fnt
|faint|p2a: Gliscor
|
|upkeep
|
|t:|1749781857
|switch|p2a: Tyranitar|Tyranitar, F|100/100
|-weather|Sandstorm|[from] ability: Sand Stream|[of] p2a: Tyranitar
|turn|8
|
|t:|1749781860
|move|p2a: Tyranitar|Superpower|p1a: Magnezone
|-supereffective|p1a: Magnezone
|-damage|p1a: Magnezone|9/100
|-unboost|p2a: Tyranitar|atk|1
|-unboost|p2a: Tyranitar|def|1
|move|p1a: Magnezone|Flash Cannon|p2a: Tyranitar
|-supereffective|p2a: Tyranitar
|-damage|p2a: Tyranitar|10/100
|
|-weather|Sandstorm|[upkeep]
|upkeep
|turn|9
|
|t:|1749781865
|switch|p1a: Salamence|Salamence, F|100/100
|move|p2a: Tyranitar|Superpower|p1a: Salamence
|-resisted|p1a: Salamence
|-damage|p1a: Salamence|85/100
|-unboost|p2a: Tyranitar|atk|1
|-unboost|p2a: Tyranitar|def|1
|
|-weather|Sandstorm|[upkeep]
|-damage|p1a: Salamence|79/100|[from] Sandstorm
|upkeep
|turn|10
|
|t:|1749781868
|switch|p2a: Skarmory|Skarmory, F|90/100
|move|p1a: Salamence|Dragon Claw|p2a: Skarmory
|-resisted|p2a: Skarmory
|-damage|p2a: Skarmory|73/100
|-damage|p1a: Salamence|62/100|[from] item: Rocky Helmet|[of] p2a: Skarmory
|
|-weather|Sandstorm|[upkeep]
|-damage|p1a: Salamence|56/100|[from] Sandstorm
|upkeep
|turn|11
|
|t:|1749781873
|switch|p1a: Magnezone|Magnezone|9/100
|switch|p2a: Reuniclus|Reuniclus, M|100/100
|
|-weather|Sandstorm|[upkeep]
|upkeep
|turn|12
|
|t:|1749781877
|move|p1a: Magnezone|Volt Switch|p2a: Reuniclus
|-crit|p2a: Reuniclus
|-damage|p2a: Reuniclus|0 fnt
|faint|p2a: Reuniclus
|
|t:|1749781882
|switch|p1a: Latios|Latios, M|100/100|[from] Volt Switch
|
|-weather|Sandstorm|[upkeep]
|-damage|p1a: Latios|95/100|[from] Sandstorm
|upkeep
|
|t:|1749781885
|switch|p2a: Latios|Latios, M|100/100
|turn|13
|
|t:|1749781887
|move|p2a: Latios|Draco Meteor|p1a: Latios
|-supereffective|p1a: Latios
|-damage|p1a: Latios|0 fnt
|-unboost|p2a: Latios|spa|2
|faint|p1a: Latios
|
|-weather|Sandstorm|[upkeep]
|-damage|p2a: Latios|95/100|[from] Sandstorm
|upkeep
|
|t:|1749781890
|switch|p1a: Jirachi|Jirachi|90/100
|turn|14
|
|t:|1749781892
|switch|p2a: Skarmory|Skarmory, F|73/100
|move|p1a: Jirachi|U-turn|p2a: Skarmory
|-resisted|p2a: Skarmory
|-damage|p2a: Skarmory|70/100
|-damage|p1a: Jirachi|74/100|[from] item: Rocky Helmet|[of] p2a: Skarmory
|
|t:|1749781895
|switch|p1a: Magnezone|Magnezone|9/100|[from] U-turn
|
|-weather|Sandstorm|[upkeep]
|upkeep
|turn|15
|
|t:|1749781898
|move|p1a: Magnezone|Volt Switch|p2a: Skarmory
|-supereffective|p2a: Skarmory
|-damage|p2a: Skarmory|0 fnt
|faint|p2a: Skarmory
|
|t:|1749781904
|switch|p1a: Jirachi|Jirachi|74/100|[from] Volt Switch
|
|-weather|Sandstorm|[upkeep]
|-heal|p1a: Jirachi|80/100|[from] item: Leftovers
|upkeep
|
|t:|1749781914
|switch|p2a: Tyranitar|Tyranitar, F|10/100
|turn|16
|
|t:|1749781918
|move|p2a: Tyranitar|Crunch|p1a: Jirachi
|-damage|p1a: Jirachi|40/100
|-unboost|p1a: Jirachi|def|1
|move|p1a: Jirachi|Iron Head|p2a: Tyranitar
|-supereffective|p2a: Tyranitar
|-damage|p2a: Tyranitar|0 fnt
|faint|p2a: Tyranitar
|
|-weather|Sandstorm|[upkeep]
|-heal|p1a: Jirachi|47/100|[from] item: Leftovers
|upkeep
|
|t:|1749781922
|switch|p2a: Alakazam|Alakazam, M|100/100
|turn|17
|
|t:|1749781925
|switch|p1a: Magnezone|Magnezone|9/100
|move|p2a: Alakazam|Hidden Power|p1a: Magnezone
|-supereffective|p1a: Magnezone
|-damage|p1a: Magnezone|0 fnt
|faint|p1a: Magnezone
|
|-weather|Sandstorm|[upkeep]
|upkeep
|
|t:|1749781929
|switch|p1a: Garchomp|Garchomp, F|100/100
|turn|18
|
|t:|1749781931
|move|p1a: Garchomp|Dual Chop|p2a: Alakazam
|-damage|p2a: Alakazam|44/100
|-crit|p2a: Alakazam
|-damage|p2a: Alakazam|0 fnt
|faint|p2a: Alakazam
|-hitcount|p2: Alakazam|2
|
|-weather|Sandstorm|[upkeep]
|upkeep
|
|t:|1749781934
|switch|p2a: Latios|Latios, M|95/100
|turn|19
|
|t:|1749781936
|move|p2a: Latios|Draco Meteor|p1a: Garchomp
|-supereffective|p1a: Garchomp
|-crit|p1a: Garchomp
|-damage|p1a: Garchomp|0 fnt
|-unboost|p2a: Latios|spa|2
|faint|p1a: Garchomp
|
|-weather|Sandstorm|[upkeep]
|-damage|p2a: Latios|89/100|[from] Sandstorm
|upkeep
|
|t:|1749781941
|switch|p1a: Jirachi|Jirachi|47/100
|turn|20
|
|t:|1749781943
|move|p2a: Latios|Draco Meteor|p1a: Jirachi
|-resisted|p1a: Jirachi
|-damage|p1a: Jirachi|35/100
|-unboost|p2a: Latios|spa|2
|move|p1a: Jirachi|Wish|p1a: Jirachi
|
|-weather|Sandstorm|[upkeep]
|-damage|p2a: Latios|83/100|[from] Sandstorm
|-heal|p1a: Jirachi|42/100|[from] item: Leftovers
|upkeep
|turn|21
|
|t:|1749781946
|move|p2a: Latios|Draco Meteor|p1a: Jirachi
|-resisted|p1a: Jirachi
|-damage|p1a: Jirachi|35/100
|-unboost|p2a: Latios|spa|2
|move|p1a: Jirachi|Iron Head|p2a: Latios
|-damage|p2a: Latios|44/100
|
|-weather|Sandstorm|[upkeep]
|-damage|p2a: Latios|38/100|[from] Sandstorm
|-heal|p1a: Jirachi|85/100|[from] move: Wish|[wisher] Jirachi
|-heal|p1a: Jirachi|91/100|[from] item: Leftovers
|upkeep
|turn|22
|
|t:|1749781949
|move|p2a: Latios|Draco Meteor|p1a: Jirachi
|-resisted|p1a: Jirachi
|-damage|p1a: Jirachi|85/100
|move|p1a: Jirachi|Iron Head|p2a: Latios
|-damage|p2a: Latios|0 fnt
|faint|p2a: Latios
|
|win|rock thunder bird
|raw|rock thunder bird's rating: 1313 &rarr; <strong>1347</strong><br />(+34 for winning)
|raw|IUPLC's rating: 1613 &rarr; <strong>1579</strong><br />(-34 for losing)
|l|☆IUPLC
|player|p2|
