|j|☆Blobstermob
|j|☆HydreigonSpammer
|t:|1733850740
|gametype|singles
|player|p1|Blobstermob|170|1315
|player|p2|HydreigonSpammer|veteranf|1373
|teamsize|p1|6
|teamsize|p2|6
|gen|5
|tier|[Gen 5] OU
|rated|
|rule|Species Clause: Limit one of each Pokémon
|rule|OHKO Clause: OHKO moves are banned
|rule|Moody Clause: Moody is banned
|rule|Evasion Items Clause: Evasion items are banned
|rule|Evasion Moves Clause: Evasion moves are banned
|rule|Endless Battle Clause: Forcing endless battles is banned
|rule|HP Percentage Mod: HP is shown in percentages
|rule|Evasion Abilities Clause: Evasion abilities are banned
|rule|Sleep Moves Clause: Sleep-inducing moves are banned
|rule|Swagger Clause: Swagger is banned
|rule|Baton Pass Stat Clause: No Baton Passer may have a way to boost its stats
|clearpoke
|poke|p1|Ninetales, F|item
|poke|p1|Victini|item
|poke|p1|Chansey, F|item
|poke|p1|Jellicent, F|item
|poke|p1|Hitmontop, M|item
|poke|p1|Alakazam, M|item
|poke|p2|Politoed, M|item
|poke|p2|Ferrothorn, M|item
|poke|p2|Tentacruel, M|item
|poke|p2|Sableye, M|item
|poke|p2|Latias, F|item
|poke|p2|Moltres|item
|teampreview
|inactive|Battle timer is ON: inactive players will automatically lose when time's up. (requested by Blobstermob)
|j| I'mbadatenglish
|
|t:|1733850765
|start
|switch|p1a: The Matriarch|Jellicent, F|100/100
|switch|p2a: Politoed|Politoed, M|100/100
|-weather|RainDance|[from] ability: Drizzle|[of] p2a: Politoed
|turn|1
|
|t:|1733850771
|switch|p2a: Tentacruel|Tentacruel, M|100/100
|move|p1a: The Matriarch|Trick|p2a: Tentacruel
|-activate|p1a: The Matriarch|move: Trick|[of] p2a: Tentacruel
|-item|p2a: Tentacruel|Choice Scarf|[from] move: Trick
|-item|p1a: The Matriarch|Black Sludge|[from] move: Trick
|
|-weather|RainDance|[upkeep]
|-damage|p1a: The Matriarch|88/100|[from] item: Black Sludge
|upkeep
|turn|2
|
|t:|1733850776
|move|p2a: Tentacruel|Toxic Spikes|p1a: The Matriarch
|-sidestart|p1: Blobstermob|move: Toxic Spikes
|move|p1a: The Matriarch|Will-O-Wisp|p2a: Tentacruel
|-status|p2a: Tentacruel|brn
|
|-weather|RainDance|[upkeep]
|-damage|p1a: The Matriarch|76/100|[from] item: Black Sludge
|-damage|p2a: Tentacruel|88/100 brn|[from] brn
|upkeep
|turn|3
|
|t:|1733850792
|switch|p2a: Moltres|Moltres|100/100
|-ability|p2a: Moltres|Pressure
|switch|p1a: Huli Jing|Ninetales, F|100/100
|-status|p1a: Huli Jing|psn
|-weather|SunnyDay|[from] ability: Drought|[of] p1a: Huli Jing
|
|-weather|SunnyDay|[upkeep]
|-damage|p1a: Huli Jing|88/100 psn|[from] psn
|upkeep
|turn|4
|
|t:|1733850803
|switch|p1a: Cleric|Chansey, F|100/100
|-status|p1a: Cleric|psn
|switch|p2a: Politoed|Politoed, M|100/100
|-weather|RainDance|[from] ability: Drizzle|[of] p2a: Politoed
|
|-weather|RainDance|[upkeep]
|-damage|p1a: Cleric|88/100 psn|[from] psn
|upkeep
|turn|5
|
|t:|1733850811
|switch|p2a: Ferrothorn|Ferrothorn, M|100/100
|move|p1a: Cleric|Thunder Wave|p2a: Ferrothorn
|-status|p2a: Ferrothorn|par
|-enditem|p2a: Ferrothorn|Lum Berry|[eat]
|-curestatus|p2a: Ferrothorn|par|[msg]
|
|-weather|RainDance|[upkeep]
|-damage|p1a: Cleric|76/100 psn|[from] psn
|upkeep
|turn|6
|
|t:|1733850816
|move|p1a: Cleric|Thunder Wave|p2a: Ferrothorn
|-status|p2a: Ferrothorn|par
|move|p2a: Ferrothorn|Knock Off|p1a: Cleric
|-damage|p1a: Cleric|72/100 psn
|-enditem|p1a: Cleric|Eviolite|[from] move: Knock Off|[of] p2a: Ferrothorn
|
|-weather|RainDance|[upkeep]
|-damage|p1a: Cleric|59/100 psn|[from] psn
|upkeep
|turn|7
|
|t:|1733850826
|-curestatus|p1a: Cleric|psn|[from] ability: Natural Cure
|switch|p1a: Ko-Ma|Hitmontop, M|100/100
|-status|p1a: Ko-Ma|psn
|-ability|p1a: Ko-Ma|Intimidate|boost
|-unboost|p2a: Ferrothorn|atk|1
|cant|p2a: Ferrothorn|par
|
|-weather|RainDance|[upkeep]
|-damage|p1a: Ko-Ma|88/100 psn|[from] psn
|upkeep
|turn|8
|
|t:|1733850834
|switch|p2a: Sableye|Sableye, M|100/100
|move|p1a: Ko-Ma|Rapid Spin|p2a: Sableye
|-immune|p2a: Sableye
|
|-weather|RainDance|[upkeep]
|-heal|p1a: Ko-Ma|94/100 psn|[from] item: Leftovers
|-damage|p1a: Ko-Ma|82/100 psn|[from] psn
|upkeep
|turn|9
|
|t:|1733850842
|switch|p1a: Huli Jing|Ninetales, F|88/100 psn
|-weather|SunnyDay|[from] ability: Drought|[of] p1a: Huli Jing
|move|p2a: Sableye|Taunt|p1a: Huli Jing
|-start|p1a: Huli Jing|move: Taunt
|
|-weather|SunnyDay|[upkeep]
|-heal|p1a: Huli Jing|94/100 psn|[from] item: Leftovers
|-damage|p1a: Huli Jing|82/100 psn|[from] psn
|upkeep
|turn|10
|
|t:|1733850846
|switch|p1a: Usagi Ringo|Victini|100/100
|-status|p1a: Usagi Ringo|psn
|switch|p2a: Politoed|Politoed, M|100/100
|-weather|RainDance|[from] ability: Drizzle|[of] p2a: Politoed
|
|-weather|RainDance|[upkeep]
|-damage|p1a: Usagi Ringo|88/100 psn|[from] psn
|upkeep
|turn|11
|
|t:|1733850854
|move|p2a: Politoed|Protect|p2a: Politoed
|-singleturn|p2a: Politoed|Protect
|move|p1a: Usagi Ringo|Fusion Bolt|p2a: Politoed
|-activate|p2a: Politoed|move: Protect
|
|-weather|RainDance|[upkeep]
|-damage|p1a: Usagi Ringo|76/100 psn|[from] psn
|upkeep
|turn|12
|-message|Blobstermob forfeited.
|
|win|HydreigonSpammer
|raw|Blobstermob's rating: 1315 &rarr; <strong>1298</strong><br />(-17 for losing)
|raw|HydreigonSpammer's rating: 1373 &rarr; <strong>1390</strong><br />(+17 for winning)
|l|☆Blobstermob
|player|p1|
