|j|☆Greninja The G
|j|‽ayrab money
|t:|1718000459
|gametype|singles
|player|p1|Greninja The G|youngster|1314
|player|p2|ayrab money|brock|1629
|teamsize|p1|6
|teamsize|p2|6
|gen|5
|tier|[Gen 5] OU
|rated|
|rule|Species Clause: Limit one of each Pokémon
|rule|OHKO Clause: OHKO moves are banned
|rule|Moody Clause: Moody is banned
|rule|Evasion Items Clause: Evasion items are banned
|rule|Evasion Moves Clause: Evasion moves are banned
|rule|Endless Battle Clause: Forcing endless battles is banned
|rule|HP Percentage Mod: HP is shown in percentages
|rule|Evasion Abilities Clause: Evasion abilities are banned
|rule|Sleep Moves Clause: Sleep-inducing moves are banned
|rule|Swagger Clause: Swagger is banned
|rule|Baton Pass Stat Clause: No Baton Passer may have a way to boost its stats
|clearpoke
|poke|p1|Politoed, F|item
|poke|p1|Ferrothorn, F|item
|poke|p1|Thundurus-Therian, M|item
|poke|p1|Tentacruel, M|item
|poke|p1|Latios, M|item
|poke|p1|Keldeo|item
|poke|p2|Garchomp, F|item
|poke|p2|Starmie|item
|poke|p2|Gyarados, F|item
|poke|p2|Jirachi|item
|poke|p2|Mamoswine, M|item
|poke|p2|Thundurus-Therian, M|item
|teampreview
|
|t:|1718000478
|start
|switch|p1a: Politoed|Politoed, F|100/100
|switch|p2a: Starmie|Starmie, shiny|100/100
|-item|p2a: Starmie|Air Balloon
|-weather|RainDance|[from] ability: Drizzle|[of] p1a: Politoed
|turn|1
|
|t:|1718000496
|move|p1a: Politoed|Protect|p1a: Politoed
|-singleturn|p1a: Politoed|Protect
|move|p2a: Starmie|Thunderbolt|p1a: Politoed
|-activate|p1a: Politoed|move: Protect
|
|-weather|RainDance|[upkeep]
|upkeep
|turn|2
|
|t:|1718000502
|switch|p2a: Garchomp|Garchomp, F|100/100
|move|p1a: Politoed|Scald|p2a: Garchomp
|-crit|p2a: Garchomp
|-damage|p2a: Garchomp|12/100
|
|-weather|RainDance|[upkeep]
|upkeep
|turn|3
|
|t:|1718000518
|switch|p1a: Latios|Latios, M|100/100
|move|p2a: Garchomp|Stealth Rock|p1a: Latios
|-sidestart|p1: Greninja The G|move: Stealth Rock
|
|-weather|RainDance|[upkeep]
|upkeep
|turn|4
|
|t:|1718000530
|switch|p2a: Jirachi|Jirachi|100/100
|move|p1a: Latios|Dragon Pulse|p2a: Jirachi
|-resisted|p2a: Jirachi
|-damage|p2a: Jirachi|68/100
|
|-weather|RainDance|[upkeep]
|upkeep
|turn|5
|
|t:|1718000537
|switch|p1a: Ferrothorn|Ferrothorn, F|100/100
|-damage|p1a: Ferrothorn|94/100|[from] Stealth Rock
|move|p2a: Jirachi|U-turn|p1a: Ferrothorn
|-damage|p1a: Ferrothorn|78/100
|-damage|p2a: Jirachi|56/100|[from] ability: Iron Barbs|[of] p1a: Ferrothorn
|
|t:|1718000541
|switch|p2a: Thundurus|Thundurus-Therian, M|100/100|[from] U-turn
|
|-weather|RainDance|[upkeep]
|-heal|p1a: Ferrothorn|85/100|[from] item: Leftovers
|upkeep
|turn|6
|
|t:|1718000548
|switch|p1a: Latios|Latios, M|100/100
|-damage|p1a: Latios|88/100|[from] Stealth Rock
|move|p2a: Thundurus|Focus Blast|p1a: Latios
|-resisted|p1a: Latios
|-damage|p1a: Latios|66/100
|-unboost|p1a: Latios|spd|1
|
|-weather|RainDance|[upkeep]
|upkeep
|turn|7
|
|t:|1718000559
|switch|p2a: Garchomp|Garchomp, F|12/100
|move|p1a: Latios|Draco Meteor|p2a: Garchomp|[miss]
|-miss|p1a: Latios|p2a: Garchomp
|
|-weather|RainDance|[upkeep]
|upkeep
|turn|8
|
|t:|1718000565
|move|p1a: Latios|Draco Meteor|p2a: Garchomp
|-supereffective|p2a: Garchomp
|-damage|p2a: Garchomp|0 fnt
|-unboost|p1a: Latios|spa|2
|faint|p2a: Garchomp
|
|-weather|RainDance|[upkeep]
|upkeep
|
|t:|1718000567
|switch|p2a: Mamoswine|Mamoswine, M|100/100
|turn|9
|
|t:|1718000570
|switch|p1a: Ferrothorn|Ferrothorn, F|85/100
|-damage|p1a: Ferrothorn|78/100|[from] Stealth Rock
|move|p2a: Mamoswine|Substitute|p2a: Mamoswine
|-start|p2a: Mamoswine|Substitute
|-damage|p2a: Mamoswine|76/100
|
|-weather|RainDance|[upkeep]
|-heal|p1a: Ferrothorn|85/100|[from] item: Leftovers
|upkeep
|turn|10
|
|t:|1718000574
|move|p2a: Mamoswine|Earthquake|p1a: Ferrothorn
|-damage|p1a: Ferrothorn|43/100
|move|p1a: Ferrothorn|Stealth Rock|p2a: Mamoswine
|-sidestart|p2: ayrab money|move: Stealth Rock
|
|-weather|RainDance|[upkeep]
|-heal|p1a: Ferrothorn|49/100|[from] item: Leftovers
|upkeep
|turn|11
|
|t:|1718000579
|move|p2a: Mamoswine|Icicle Crash|p1a: Ferrothorn
|-damage|p1a: Ferrothorn|7/100
|move|p1a: Ferrothorn|Power Whip|p2a: Mamoswine
|-supereffective|p2a: Mamoswine
|-crit|p2a: Mamoswine
|-end|p2a: Mamoswine|Substitute
|
|-weather|RainDance|[upkeep]
|-heal|p1a: Ferrothorn|13/100|[from] item: Leftovers
|upkeep
|turn|12
|
|t:|1718000585
|move|p2a: Mamoswine|Earthquake|p1a: Ferrothorn
|-damage|p1a: Ferrothorn|0 fnt
|faint|p1a: Ferrothorn
|
|-weather|RainDance|[upkeep]
|upkeep
|
|t:|1718000602
|switch|p1a: Tentacruel|Tentacruel, M|100/100
|-damage|p1a: Tentacruel|88/100|[from] Stealth Rock
|turn|13
|
|t:|1718000606
|switch|p2a: Starmie|Starmie, shiny|100/100
|-damage|p2a: Starmie|88/100|[from] Stealth Rock
|-item|p2a: Starmie|Air Balloon
|move|p1a: Tentacruel|Scald|p2a: Starmie
|-resisted|p2a: Starmie
|-damage|p2a: Starmie|61/100
|-enditem|p2a: Starmie|Air Balloon
|
|-weather|RainDance|[upkeep]
|-heal|p1a: Tentacruel|94/100|[from] ability: Rain Dish
|-heal|p1a: Tentacruel|99/100|[from] item: Black Sludge
|upkeep
|turn|14
|
|t:|1718000615
|move|p2a: Starmie|Thunderbolt|p1a: Tentacruel
|-supereffective|p1a: Tentacruel
|-damage|p1a: Tentacruel|52/100
|move|p1a: Tentacruel|Rapid Spin|p2a: Starmie
|-damage|p2a: Starmie|57/100
|-sideend|p1: Greninja The G|Stealth Rock|[from] move: Rapid Spin|[of] p1a: Tentacruel
|
|-weather|RainDance|[upkeep]
|-heal|p1a: Tentacruel|58/100|[from] ability: Rain Dish
|-heal|p1a: Tentacruel|64/100|[from] item: Black Sludge
|upkeep
|turn|15
|
|t:|1718000622
|move|p1a: Tentacruel|Protect|p1a: Tentacruel
|-singleturn|p1a: Tentacruel|Protect
|move|p2a: Starmie|Rapid Spin|p1a: Tentacruel
|-activate|p1a: Tentacruel|move: Protect
|
|-weather|RainDance|[upkeep]
|-heal|p1a: Tentacruel|70/100|[from] ability: Rain Dish
|-heal|p1a: Tentacruel|76/100|[from] item: Black Sludge
|upkeep
|turn|16
|
|t:|1718000626
|move|p2a: Starmie|Rapid Spin|p1a: Tentacruel
|-damage|p1a: Tentacruel|72/100
|-sideend|p2: ayrab money|Stealth Rock|[from] move: Rapid Spin|[of] p2a: Starmie
|move|p1a: Tentacruel|Toxic|p2a: Starmie
|-status|p2a: Starmie|tox
|
|-weather|RainDance|[upkeep]
|-heal|p1a: Tentacruel|79/100|[from] ability: Rain Dish
|-heal|p1a: Tentacruel|85/100|[from] item: Black Sludge
|-damage|p2a: Starmie|51/100 tox|[from] psn
|upkeep
|turn|17
|
|t:|1718000632
|move|p1a: Tentacruel|Protect|p1a: Tentacruel
|-singleturn|p1a: Tentacruel|Protect
|move|p2a: Starmie|Thunderbolt|p1a: Tentacruel
|-activate|p1a: Tentacruel|move: Protect
|
|-weather|RainDance|[upkeep]
|-heal|p1a: Tentacruel|91/100|[from] ability: Rain Dish
|-heal|p1a: Tentacruel|97/100|[from] item: Black Sludge
|-damage|p2a: Starmie|39/100 tox|[from] psn
|upkeep
|turn|18
|
|t:|1718000648
|switch|p2a: Thundurus|Thundurus-Therian, M|100/100
|move|p1a: Tentacruel|Scald|p2a: Thundurus
|-damage|p2a: Thundurus|58/100
|-status|p2a: Thundurus|brn
|
|-weather|RainDance|[upkeep]
|-heal|p1a: Tentacruel|100/100|[from] ability: Rain Dish
|-heal|p2a: Thundurus|64/100 brn|[from] item: Leftovers
|-damage|p2a: Thundurus|52/100 brn|[from] brn
|upkeep
|turn|19
|
|t:|1718000657
|move|p1a: Tentacruel|Protect|p1a: Tentacruel
|-singleturn|p1a: Tentacruel|Protect
|move|p2a: Thundurus|Thunderbolt|p1a: Tentacruel
|-activate|p1a: Tentacruel|move: Protect
|
|-weather|RainDance|[upkeep]
|-heal|p2a: Thundurus|58/100 brn|[from] item: Leftovers
|-damage|p2a: Thundurus|45/100 brn|[from] brn
|upkeep
|turn|20
|
|t:|1718000664
|move|p2a: Thundurus|Hidden Power|p1a: Tentacruel
|-resisted|p1a: Tentacruel
|-crit|p1a: Tentacruel
|-damage|p1a: Tentacruel|80/100
|move|p1a: Tentacruel|Scald|p2a: Thundurus
|-damage|p2a: Thundurus|4/100 brn
|
|-weather|RainDance|[upkeep]
|-heal|p1a: Tentacruel|86/100|[from] ability: Rain Dish
|-heal|p2a: Thundurus|10/100 brn|[from] item: Leftovers
|-heal|p1a: Tentacruel|92/100|[from] item: Black Sludge
|-damage|p2a: Thundurus|0 fnt|[from] brn
|faint|p2a: Thundurus
|upkeep
|
|t:|1718000674
|switch|p2a: Jirachi|Jirachi|56/100
|turn|21
|
|t:|1718000679
|switch|p1a: Thundurus|Thundurus-Therian, M|100/100
|move|p2a: Jirachi|Trick|p1a: Thundurus
|-activate|p2a: Jirachi|move: Trick|[of] p1a: Thundurus
|-item|p1a: Thundurus|Choice Scarf|[from] move: Trick
|-item|p2a: Jirachi|Leftovers|[from] move: Trick
|
|-weather|RainDance|[upkeep]
|-heal|p2a: Jirachi|62/100|[from] item: Leftovers
|upkeep
|turn|22
|
|t:|1718000688
|switch|p2a: Mamoswine|Mamoswine, M|76/100
|move|p1a: Thundurus|Thunder|p2a: Mamoswine
|-immune|p2a: Mamoswine
|
|-weather|RainDance|[upkeep]
|upkeep
|turn|23
|
|t:|1718000697
|switch|p1a: Tentacruel|Tentacruel, M|92/100
|move|p2a: Mamoswine|Substitute|p2a: Mamoswine
|-start|p2a: Mamoswine|Substitute
|-damage|p2a: Mamoswine|51/100
|
|-weather|RainDance|[upkeep]
|-heal|p1a: Tentacruel|98/100|[from] ability: Rain Dish
|-heal|p1a: Tentacruel|100/100|[from] item: Black Sludge
|upkeep
|turn|24
|
|t:|1718000717
|move|p1a: Tentacruel|Scald|p2a: Mamoswine
|-supereffective|p2a: Mamoswine
|-end|p2a: Mamoswine|Substitute
|move|p2a: Mamoswine|Earthquake|p1a: Tentacruel
|-supereffective|p1a: Tentacruel
|-damage|p1a: Tentacruel|0 fnt
|faint|p1a: Tentacruel
|
|-weather|RainDance|[upkeep]
|upkeep
|
|t:|1718000721
|switch|p1a: Keldeo|Keldeo|100/100
|turn|25
|
|t:|1718000752
|switch|p2a: Starmie|Starmie, shiny|39/100 tox
|move|p1a: Keldeo|Surf|p2a: Starmie
|-resisted|p2a: Starmie
|-damage|p2a: Starmie|0 fnt
|faint|p2a: Starmie
|
|-weather|RainDance|[upkeep]
|upkeep
|
|t:|1718000756
|switch|p2a: Gyarados|Gyarados, F|100/100
|turn|26
|
|t:|1718000760
|switch|p1a: Thundurus|Thundurus-Therian, M|100/100
|move|p2a: Gyarados|Dragon Dance|p2a: Gyarados
|-boost|p2a: Gyarados|atk|1
|-boost|p2a: Gyarados|spe|1
|
|-weather|RainDance|[upkeep]
|upkeep
|turn|27
|
|t:|1718000762
|switch|p2a: Mamoswine|Mamoswine, M|51/100
|move|p1a: Thundurus|Thunder|p2a: Mamoswine
|-immune|p2a: Mamoswine
|
|-weather|RainDance|[upkeep]
|upkeep
|turn|28
|
|t:|1718000768
|switch|p1a: Politoed|Politoed, F|100/100
|move|p2a: Mamoswine|Substitute|p2a: Mamoswine
|-start|p2a: Mamoswine|Substitute
|-damage|p2a: Mamoswine|26/100
|
|-weather|RainDance|[upkeep]
|upkeep
|turn|29
|
|t:|1718000770
|move|p2a: Mamoswine|Earthquake|p1a: Politoed
|-damage|p1a: Politoed|53/100
|move|p1a: Politoed|Scald|p2a: Mamoswine
|-supereffective|p2a: Mamoswine
|-end|p2a: Mamoswine|Substitute
|
|-weather|RainDance|[upkeep]
|-heal|p1a: Politoed|59/100|[from] item: Leftovers
|upkeep
|turn|30
|inactive|Battle timer is ON: inactive players will automatically lose when time's up. (requested by Greninja The G)
|
|t:|1718000811
|switch|p2a: Gyarados|Gyarados, F|100/100
|move|p1a: Politoed|Scald|p2a: Gyarados
|-resisted|p2a: Gyarados
|-damage|p2a: Gyarados|82/100
|
|-weather|RainDance|[upkeep]
|-heal|p2a: Gyarados|88/100|[from] item: Leftovers
|-heal|p1a: Politoed|65/100|[from] item: Leftovers
|upkeep
|turn|31
|
|t:|1718000823
|move|p2a: Gyarados|Substitute|p2a: Gyarados
|-start|p2a: Gyarados|Substitute
|-damage|p2a: Gyarados|63/100
|move|p1a: Politoed|Encore|p2a: Gyarados
|-start|p2a: Gyarados|Encore
|
|-weather|RainDance|[upkeep]
|-heal|p2a: Gyarados|69/100|[from] item: Leftovers
|-heal|p1a: Politoed|71/100|[from] item: Leftovers
|upkeep
|turn|32
|
|t:|1718000830
|move|p2a: Gyarados|Substitute|p2a: Gyarados
|-fail|p2a: Gyarados|move: Substitute
|move|p1a: Politoed|Scald|p2a: Gyarados
|-resisted|p2a: Gyarados
|-activate|p2a: Gyarados|Substitute|[damage]
|
|-weather|RainDance|[upkeep]
|-heal|p2a: Gyarados|75/100|[from] item: Leftovers
|-heal|p1a: Politoed|78/100|[from] item: Leftovers
|upkeep
|turn|33
|
|t:|1718000833
|switch|p1a: Thundurus|Thundurus-Therian, M|100/100
|move|p2a: Gyarados|Substitute|p2a: Gyarados
|-fail|p2a: Gyarados|move: Substitute
|
|-weather|RainDance|[upkeep]
|-heal|p2a: Gyarados|81/100|[from] item: Leftovers
|upkeep
|turn|34
|
|t:|1718000836
|move|p1a: Thundurus|Thunder|p2a: Gyarados
|-supereffective|p2a: Gyarados
|-end|p2a: Gyarados|Substitute
|move|p2a: Gyarados|Substitute|p2a: Gyarados
|-start|p2a: Gyarados|Substitute
|-damage|p2a: Gyarados|56/100
|
|-weather|RainDance|[upkeep]
|-heal|p2a: Gyarados|62/100|[from] item: Leftovers
|-end|p2a: Gyarados|Encore
|upkeep
|turn|35
|
|t:|1718000843
|move|p1a: Thundurus|Thunder|p2a: Gyarados
|-supereffective|p2a: Gyarados
|-end|p2a: Gyarados|Substitute
|move|p2a: Gyarados|Waterfall|p1a: Thundurus
|-damage|p1a: Thundurus|2/100
|
|-weather|RainDance|[upkeep]
|-heal|p2a: Gyarados|68/100|[from] item: Leftovers
|upkeep
|turn|36
|
|t:|1718000851
|switch|p2a: Mamoswine|Mamoswine, M|26/100
|move|p1a: Thundurus|Thunder|p2a: Mamoswine
|-immune|p2a: Mamoswine
|
|-weather|RainDance|[upkeep]
|upkeep
|turn|37
|
|t:|1718000862
|switch|p1a: Politoed|Politoed, F|78/100
|move|p2a: Mamoswine|Earthquake|p1a: Politoed
|-damage|p1a: Politoed|35/100
|
|-weather|RainDance|[upkeep]
|-heal|p1a: Politoed|41/100|[from] item: Leftovers
|upkeep
|turn|38
|
|t:|1718000867
|switch|p2a: Gyarados|Gyarados, F|68/100
|move|p1a: Politoed|Scald|p2a: Gyarados
|-resisted|p2a: Gyarados
|-damage|p2a: Gyarados|47/100
|
|-weather|RainDance|[upkeep]
|-heal|p2a: Gyarados|53/100|[from] item: Leftovers
|-heal|p1a: Politoed|47/100|[from] item: Leftovers
|upkeep
|turn|39
|
|t:|1718000872
|move|p2a: Gyarados|Waterfall|p1a: Politoed
|-resisted|p1a: Politoed
|-damage|p1a: Politoed|23/100
|cant|p1a: Politoed|flinch
|
|-weather|RainDance|[upkeep]
|-heal|p2a: Gyarados|59/100|[from] item: Leftovers
|-heal|p1a: Politoed|30/100|[from] item: Leftovers
|upkeep
|turn|40
|
|t:|1718000877
|move|p2a: Gyarados|Substitute|p2a: Gyarados
|-start|p2a: Gyarados|Substitute
|-damage|p2a: Gyarados|34/100
|move|p1a: Politoed|Toxic||[still]
|-fail|p1a: Politoed
|
|-weather|RainDance|[upkeep]
|-heal|p2a: Gyarados|40/100|[from] item: Leftovers
|-heal|p1a: Politoed|36/100|[from] item: Leftovers
|upkeep
|turn|41
|
|t:|1718000880
|move|p2a: Gyarados|Waterfall|p1a: Politoed
|-resisted|p1a: Politoed
|-damage|p1a: Politoed|11/100
|move|p1a: Politoed|Encore|p2a: Gyarados
|-start|p2a: Gyarados|Encore
|
|-weather|RainDance|[upkeep]
|-heal|p2a: Gyarados|46/100|[from] item: Leftovers
|-heal|p1a: Politoed|17/100|[from] item: Leftovers
|upkeep
|turn|42
|
|t:|1718000887
|move|p1a: Politoed|Protect|p1a: Politoed
|-singleturn|p1a: Politoed|Protect
|move|p2a: Gyarados|Waterfall|p1a: Politoed
|-activate|p1a: Politoed|move: Protect
|
|-weather|RainDance|[upkeep]
|-heal|p2a: Gyarados|52/100|[from] item: Leftovers
|-heal|p1a: Politoed|23/100|[from] item: Leftovers
|upkeep
|turn|43
|
|t:|1718000889
|move|p2a: Gyarados|Waterfall|p1a: Politoed
|-resisted|p1a: Politoed
|-damage|p1a: Politoed|0 fnt
|faint|p1a: Politoed
|-ability|p2a: Gyarados|Moxie|boost
|-boost|p2a: Gyarados|atk|1
|
|-weather|RainDance|[upkeep]
|-heal|p2a: Gyarados|58/100|[from] item: Leftovers
|upkeep
|
|t:|1718000894
|switch|p1a: Thundurus|Thundurus-Therian, M|2/100
|turn|44
|
|t:|1718000908
|switch|p2a: Mamoswine|Mamoswine, M|26/100
|move|p1a: Thundurus|Thunder|p2a: Mamoswine
|-immune|p2a: Mamoswine
|
|-weather|RainDance|[upkeep]
|upkeep
|turn|45
|
|t:|1718000913
|switch|p1a: Keldeo|Keldeo|100/100
|move|p2a: Mamoswine|Substitute|p2a: Mamoswine
|-start|p2a: Mamoswine|Substitute
|-damage|p2a: Mamoswine|1/100
|
|-weather|RainDance|[upkeep]
|upkeep
|turn|46
|
|t:|1718000918
|move|p1a: Keldeo|Surf|p2a: Mamoswine
|-supereffective|p2a: Mamoswine
|-end|p2a: Mamoswine|Substitute
|move|p2a: Mamoswine|Earthquake|p1a: Keldeo
|-damage|p1a: Keldeo|40/100
|
|-weather|RainDance|[upkeep]
|upkeep
|turn|47
|
|t:|1718000931
|switch|p2a: Jirachi|Jirachi|62/100
|move|p1a: Keldeo|Surf|p2a: Jirachi
|-damage|p2a: Jirachi|0 fnt
|faint|p2a: Jirachi
|
|-weather|RainDance|[upkeep]
|upkeep
|
|t:|1718000933
|switch|p2a: Gyarados|Gyarados, F|58/100
|turn|48
|inactive|ayrab money has 120 seconds left.
|
|t:|1718000975
|move|p1a: Keldeo|Surf|p2a: Gyarados
|-resisted|p2a: Gyarados
|-crit|p2a: Gyarados
|-damage|p2a: Gyarados|0 fnt
|faint|p2a: Gyarados
|
|-weather|RainDance|[upkeep]
|upkeep
|-message|ayrab money forfeited.
|
|win|Greninja The G
|raw|Greninja The G's rating: 1314 &rarr; <strong>1348</strong><br />(+34 for winning)
|raw|ayrab money's rating: 1629 &rarr; <strong>1595</strong><br />(-34 for losing)
