|j|☆ill
|j|☆crorvo14
|player|p1|ill|bellelba|1344
|player|p2|crorvo14|43|1349
|teamsize|p1|6
|teamsize|p2|6
|gametype|singles
|gen|5
|tier|[Gen 5] OU
|rated|
|clearpoke
|poke|p1|Tyranitar, M|item
|poke|p1|Breloom, F|item
|poke|p1|Starmie|item
|poke|p1|Scizor, M|item
|poke|p1|Dragonite, F|item
|poke|p1|Cloyster, F|item
|poke|p2|Politoed, F|item
|poke|p2|Cloyster, M|item
|poke|p2|Sharpedo, M|item
|poke|p2|Espeon, F|item
|poke|p2|Conkeldurr, M|item
|poke|p2|Gyarados, M|item
|rule|Species Clause: Limit one of each Pokémon
|rule|OHKO Clause: OHKO moves are banned
|rule|Moody Clause: Moody is banned
|rule|Evasion Moves Clause: Evasion moves are banned
|rule|Endless Battle Clause: Forcing endless battles is banned
|rule|HP Percentage Mod: HP is shown in percentages
|rule|Evasion Abilities Clause: Evasion abilities are banned
|rule|Baton Pass Clause: Limit one Baton Passer, can't pass Spe and other stats simultaneously
|rule|Sleep Clause: Sleep-inducing moves are banned
|rule|Swagger Clause: Swagger is banned
|teampreview
|
|start
|switch|p1a: Tyranitar|Tyranitar, M|100/100
|switch|p2a: Espeon|Espeon, F|100/100
|-weather|Sandstorm|[from] ability: Sand Stream|[of] p1a: Tyranitar
|turn|1
|
|move|p2a: Espeon|Reflect|p2a: Espeon
|-sidestart|p2: crorvo14|Reflect
|move|p1a: Tyranitar|Dark Pulse|p2a: Espeon
|-supereffective|p2a: Espeon
|-damage|p2a: Espeon|16/100
|
|-weather|Sandstorm|[upkeep]
|-damage|p2a: Espeon|10/100|[from] Sandstorm
|upkeep
|turn|2
|
|move|p2a: Espeon|Light Screen|p2a: Espeon
|-sidestart|p2: crorvo14|move: Light Screen
|move|p1a: Tyranitar|Dark Pulse|p2a: Espeon
|-supereffective|p2a: Espeon
|-damage|p2a: Espeon|0 fnt
|faint|p2a: Espeon
|
|-weather|Sandstorm|[upkeep]
|upkeep
|
|switch|p2a: Politoed|Politoed, F|100/100
|-weather|RainDance|[from] ability: Drizzle|[of] p2a: Politoed
|turn|3
|
|move|p2a: Politoed|Surf|p1a: Tyranitar
|-supereffective|p1a: Tyranitar
|-enditem|p1a: Tyranitar|Focus Sash
|-damage|p1a: Tyranitar|1/100
|move|p1a: Tyranitar|Stealth Rock|p2a: Politoed
|-sidestart|p2: crorvo14|move: Stealth Rock
|
|-weather|RainDance|[upkeep]
|upkeep
|turn|4
|
|switch|p1a: Breloom|Breloom, F|100/100
|move|p2a: Politoed|Surf|p1a: Breloom
|-resisted|p1a: Breloom
|-damage|p1a: Breloom|55/100
|
|-weather|RainDance|[upkeep]
|-status|p1a: Breloom|tox|[from] item: Toxic Orb
|upkeep
|turn|5
|
|switch|p2a: Cloyster|Cloyster, M|100/100
|-damage|p2a: Cloyster|76/100|[from] Stealth Rock
|switch|p1a: Starmie|Starmie|100/100
|
|-weather|RainDance|[upkeep]
|upkeep
|turn|6
|
|move|p1a: Starmie|Thunder Wave|p2a: Cloyster
|-status|p2a: Cloyster|par
|move|p2a: Cloyster|Shell Smash|p2a: Cloyster
|-unboost|p2a: Cloyster|def|1
|-unboost|p2a: Cloyster|spd|1
|-boost|p2a: Cloyster|atk|2
|-boost|p2a: Cloyster|spa|2
|-boost|p2a: Cloyster|spe|2
|
|-weather|RainDance|[upkeep]
|upkeep
|turn|7
|
|move|p1a: Starmie|Thunderbolt|p2a: Cloyster
|-supereffective|p2a: Cloyster
|-damage|p2a: Cloyster|0 fnt
|faint|p2a: Cloyster
|
|-weather|RainDance|[upkeep]
|upkeep
|
|switch|p2a: Sadpedo|Sharpedo, M|100/100
|-damage|p2a: Sadpedo|88/100|[from] Stealth Rock
|turn|8
|
|switch|p1a: Tyranitar|Tyranitar, M|1/100
|-weather|Sandstorm|[from] ability: Sand Stream|[of] p1a: Tyranitar
|move|p2a: Sadpedo|Crunch|p1a: Tyranitar
|-resisted|p1a: Tyranitar
|-damage|p1a: Tyranitar|0 fnt
|-damage|p2a: Sadpedo|78/100|[from] item: Life Orb
|faint|p1a: Tyranitar
|
|-weather|Sandstorm|[upkeep]
|-damage|p2a: Sadpedo|72/100|[from] Sandstorm
|-sideend|p2: crorvo14|Reflect
|-ability|p2a: Sadpedo|Speed Boost|boost
|-boost|p2a: Sadpedo|spe|1
|upkeep
|
|switch|p1a: Breloom|Breloom, F|55/100 tox
|turn|9
|
|switch|p2a: Politoed|Politoed, F|100/100
|-damage|p2a: Politoed|88/100|[from] Stealth Rock
|-weather|RainDance|[from] ability: Drizzle|[of] p2a: Politoed
|move|p1a: Breloom|Mach Punch|p2a: Politoed
|-damage|p2a: Politoed|58/100
|
|-weather|RainDance|[upkeep]
|-heal|p1a: Breloom|68/100 tox|[from] ability: Poison Heal
|-sideend|p2: crorvo14|move: Light Screen
|upkeep
|turn|10
|inactive|Battle timer is ON: inactive players will automatically lose when time's up. (requested by crorvo14)
|
|move|p2a: Politoed|Hydro Pump|p1a: Breloom|[miss]
|-miss|p2a: Politoed|p1a: Breloom
|move|p1a: Breloom|Seed Bomb|p2a: Politoed
|-supereffective|p2a: Politoed
|-damage|p2a: Politoed|0 fnt
|faint|p2a: Politoed
|
|-weather|RainDance|[upkeep]
|-heal|p1a: Breloom|80/100 tox|[from] ability: Poison Heal
|upkeep
|
|switch|p2a: Conkeldurr|Conkeldurr, M|100/100
|-damage|p2a: Conkeldurr|94/100|[from] Stealth Rock
|turn|11
|
|move|p1a: Breloom|Seed Bomb|p2a: Conkeldurr
|-damage|p2a: Conkeldurr|49/100
|move|p2a: Conkeldurr|Ice Punch|p1a: Breloom
|-supereffective|p1a: Breloom
|-damage|p1a: Breloom|0 fnt
|faint|p1a: Breloom
|
|-weather|RainDance|[upkeep]
|upkeep
|
|switch|p1a: Starmie|Starmie|100/100
|turn|12
|
|move|p1a: Starmie|Surf|p2a: Conkeldurr
|-damage|p2a: Conkeldurr|0 fnt
|faint|p2a: Conkeldurr
|
|-weather|RainDance|[upkeep]
|upkeep
|
|switch|p2a: Sadpedo|Sharpedo, M|72/100
|-damage|p2a: Sadpedo|60/100|[from] Stealth Rock
|turn|13
|
|move|p1a: Starmie|Thunderbolt|p2a: Sadpedo
|-supereffective|p2a: Sadpedo
|-damage|p2a: Sadpedo|0 fnt
|faint|p2a: Sadpedo
|
|-weather|RainDance|[upkeep]
|upkeep
|
|switch|p2a: Gyarados|Gyarados, M|100/100
|-damage|p2a: Gyarados|76/100|[from] Stealth Rock
|turn|14
|
|move|p2a: Gyarados|Waterfall|p1a: Starmie
|-resisted|p1a: Starmie
|-damage|p1a: Starmie|59/100
|cant|p1a: Starmie|flinch
|
|-weather|RainDance|[upkeep]
|-heal|p1a: Starmie|65/100|[from] item: Leftovers
|upkeep
|turn|15
|
|move|p2a: Gyarados|Waterfall|p1a: Starmie
|-resisted|p1a: Starmie
|-damage|p1a: Starmie|21/100
|cant|p1a: Starmie|flinch
|
|-weather|RainDance|[upkeep]
|-heal|p1a: Starmie|27/100|[from] item: Leftovers
|upkeep
|turn|16
|
|move|p2a: Gyarados|Waterfall|p1a: Starmie
|-resisted|p1a: Starmie
|-crit|p1a: Starmie
|-damage|p1a: Starmie|0 fnt
|faint|p1a: Starmie
|-ability|p2a: Gyarados|Moxie|boost
|-boost|p2a: Gyarados|atk|1
|
|-weather|RainDance|[upkeep]
|upkeep
|
|switch|p1a: Cloyster|Cloyster, F|100/100
|turn|17
|
|move|p1a: Cloyster|Ice Shard|p2a: Gyarados
|-damage|p2a: Gyarados|53/100
|move|p2a: Gyarados|Waterfall|p1a: Cloyster
|-resisted|p1a: Cloyster
|-damage|p1a: Cloyster|70/100
|
|-weather|RainDance|[upkeep]
|upkeep
|turn|18
|
|move|p1a: Cloyster|Ice Shard|p2a: Gyarados
|-damage|p2a: Gyarados|27/100
|move|p2a: Gyarados|Waterfall|p1a: Cloyster
|-resisted|p1a: Cloyster
|-damage|p1a: Cloyster|39/100
|
|-weather|RainDance|[upkeep]
|upkeep
|turn|19
|
|move|p1a: Cloyster|Ice Shard|p2a: Gyarados
|-damage|p2a: Gyarados|4/100
|move|p2a: Gyarados|Waterfall|p1a: Cloyster
|-resisted|p1a: Cloyster
|-damage|p1a: Cloyster|6/100
|
|-weather|RainDance|[upkeep]
|upkeep
|turn|20
|
|move|p1a: Cloyster|Ice Shard|p2a: Gyarados
|-damage|p2a: Gyarados|0 fnt
|faint|p2a: Gyarados
|
|win|ill
|raw|ill's rating: 1345 &rarr; <strong>1365</strong><br />(+20 for winning)
|raw|crorvo14's rating: 1350 &rarr; <strong>1329</strong><br />(-21 for losing)
|l|☆crorvo14
