|j|☆BLJ Mario
|j|☆happy_hitbox
|t:|1717609434
|gametype|singles
|player|p1|BLJ Mario|blue-gen2|1344
|player|p2|happy_hitbox|2|1363
|teamsize|p1|6
|teamsize|p2|6
|gen|5
|tier|[Gen 5] OU
|rated|
|rule|Species Clause: Limit one of each Pokémon
|rule|OHKO Clause: OHKO moves are banned
|rule|Moody Clause: Moody is banned
|rule|Evasion Items Clause: Evasion items are banned
|rule|Evasion Moves Clause: Evasion moves are banned
|rule|Endless Battle Clause: Forcing endless battles is banned
|rule|HP Percentage Mod: HP is shown in percentages
|rule|Evasion Abilities Clause: Evasion abilities are banned
|rule|Sleep Moves Clause: Sleep-inducing moves are banned
|rule|Swagger Clause: Swagger is banned
|rule|Baton Pass Stat Clause: No Baton Passer may have a way to boost its stats
|clearpoke
|poke|p1|Excadrill, M|item
|poke|p1|Hippowdon, M|item
|poke|p1|Terrakion|item
|poke|p1|Scizor, F|item
|poke|p1|Rotom-Wash|item
|poke|p1|Latios, M|item
|poke|p2|Jirachi|item
|poke|p2|Seismitoad, F|item
|poke|p2|Politoed, M|item
|poke|p2|Forretress, F|item
|poke|p2|Breloom, F|item
|poke|p2|Volcarona, F|item
|teampreview
|inactive|Battle timer is ON: inactive players will automatically lose when time's up. (requested by happy_hitbox)
|
|t:|1717609449
|start
|switch|p1a: Scizor|Scizor, F|100/100
|switch|p2a: Breloom|Breloom, F|100/100
|turn|1
|
|t:|1717609455
|switch|p2a: Volcarona|Volcarona, F|100/100
|move|p1a: Scizor|U-turn|p2a: Volcarona
|-resisted|p2a: Volcarona
|-damage|p2a: Volcarona|74/100
|-status|p1a: Scizor|brn|[from] ability: Flame Body|[of] p2a: Volcarona
|
|t:|1717609461
|switch|p1a: Terrakion|Terrakion|100/100|[from] U-turn
|
|upkeep
|turn|2
|
|t:|1717609468
|switch|p2a: Seismitoad|Seismitoad, F|100/100
|move|p1a: Terrakion|Close Combat|p2a: Seismitoad
|-damage|p2a: Seismitoad|33/100
|-unboost|p1a: Terrakion|def|1
|-unboost|p1a: Terrakion|spd|1
|
|-heal|p2a: Seismitoad|39/100|[from] item: Leftovers
|upkeep
|turn|3
|
|t:|1717609481
|switch|p2a: Forretress|Forretress, F|100/100
|move|p1a: Terrakion|Close Combat|p2a: Forretress
|-damage|p2a: Forretress|49/100
|-unboost|p1a: Terrakion|def|1
|-unboost|p1a: Terrakion|spd|1
|
|-heal|p2a: Forretress|56/100|[from] item: Leftovers
|upkeep
|turn|4
|
|t:|1717609509
|switch|p1a: Hippowdon|Hippowdon, M|100/100
|-weather|Sandstorm|[from] ability: Sand Stream|[of] p1a: Hippowdon
|move|p2a: Forretress|Gyro Ball|p1a: Hippowdon
|-damage|p1a: Hippowdon|93/100
|
|-weather|Sandstorm|[upkeep]
|-heal|p1a: Hippowdon|99/100|[from] item: Leftovers
|-heal|p2a: Forretress|62/100|[from] item: Leftovers
|upkeep
|turn|5
|
|t:|1717609512
|move|p1a: Hippowdon|Stealth Rock|p2a: Forretress
|-sidestart|p2: happy_hitbox|move: Stealth Rock
|move|p2a: Forretress|Pain Split|p1a: Hippowdon
|-sethp|p1a: Hippowdon|75/100|[from] move: Pain Split|[silent]
|-sethp|p2a: Forretress|89/100|[from] move: Pain Split
|
|-weather|Sandstorm|[upkeep]
|-heal|p1a: Hippowdon|82/100|[from] item: Leftovers
|-heal|p2a: Forretress|95/100|[from] item: Leftovers
|upkeep
|turn|6
|
|t:|1717609519
|switch|p1a: Rotom|Rotom-Wash, shiny|100/100
|move|p2a: Forretress|Rapid Spin|p1a: Rotom
|-damage|p1a: Rotom|96/100
|-sideend|p2: happy_hitbox|Stealth Rock|[from] move: Rapid Spin|[of] p2a: Forretress
|
|-weather|Sandstorm|[upkeep]
|-damage|p1a: Rotom|90/100|[from] Sandstorm
|-heal|p1a: Rotom|96/100|[from] item: Leftovers
|-heal|p2a: Forretress|100/100|[from] item: Leftovers
|upkeep
|turn|7
|
|t:|1717609525
|switch|p2a: Seismitoad|Seismitoad, F|39/100
|move|p1a: Rotom|Will-O-Wisp|p2a: Seismitoad
|-status|p2a: Seismitoad|brn
|
|-weather|Sandstorm|[upkeep]
|-damage|p1a: Rotom|90/100|[from] Sandstorm
|-heal|p1a: Rotom|96/100|[from] item: Leftovers
|-heal|p2a: Seismitoad|45/100 brn|[from] item: Leftovers
|-damage|p2a: Seismitoad|33/100 brn|[from] brn
|upkeep
|turn|8
|
|t:|1717609542
|switch|p1a: Latios|Latios, M|100/100
|move|p2a: Seismitoad|Refresh|p2a: Seismitoad
|-curestatus|p2a: Seismitoad|brn|[msg]
|
|-weather|Sandstorm|[upkeep]
|-damage|p1a: Latios|95/100|[from] Sandstorm
|-heal|p2a: Seismitoad|39/100|[from] item: Leftovers
|upkeep
|turn|9
|
|t:|1717609551
|switch|p2a: Forretress|Forretress, F|100/100
|move|p1a: Latios|Calm Mind|p1a: Latios
|-boost|p1a: Latios|spa|1
|-boost|p1a: Latios|spd|1
|
|-weather|Sandstorm|[upkeep]
|-damage|p1a: Latios|89/100|[from] Sandstorm
|upkeep
|turn|10
|
|t:|1717609562
|switch|p2a: Seismitoad|Seismitoad, F|39/100
|move|p1a: Latios|Calm Mind|p1a: Latios
|-boost|p1a: Latios|spa|1
|-boost|p1a: Latios|spd|1
|
|-weather|Sandstorm|[upkeep]
|-damage|p1a: Latios|83/100|[from] Sandstorm
|-heal|p2a: Seismitoad|45/100|[from] item: Leftovers
|upkeep
|turn|11
|
|t:|1717609567
|switch|p2a: Jirachi|Jirachi|100/100
|move|p1a: Latios|Draco Meteor|p2a: Jirachi|[miss]
|-miss|p1a: Latios|p2a: Jirachi
|
|-weather|Sandstorm|[upkeep]
|-damage|p1a: Latios|77/100|[from] Sandstorm
|upkeep
|turn|12
|
|t:|1717609574
|move|p1a: Latios|Surf|p2a: Jirachi
|-crit|p2a: Jirachi
|-damage|p2a: Jirachi|25/100
|move|p2a: Jirachi|Thunder|p1a: Latios
|-resisted|p1a: Latios
|-damage|p1a: Latios|71/100
|-status|p1a: Latios|par
|-enditem|p1a: Latios|Lum Berry|[eat]
|-curestatus|p1a: Latios|par|[msg]
|
|-weather|Sandstorm|[upkeep]
|-damage|p1a: Latios|65/100|[from] Sandstorm
|-heal|p2a: Jirachi|31/100|[from] item: Leftovers
|upkeep
|turn|13
|
|t:|1717609581
|switch|p2a: Seismitoad|Seismitoad, F|45/100
|move|p1a: Latios|Draco Meteor|p2a: Seismitoad|[miss]
|-miss|p1a: Latios|p2a: Seismitoad
|
|-weather|Sandstorm|[upkeep]
|-damage|p1a: Latios|59/100|[from] Sandstorm
|-heal|p2a: Seismitoad|51/100|[from] item: Leftovers
|upkeep
|turn|14
|
|t:|1717609596
|switch|p2a: Jirachi|Jirachi|31/100
|move|p1a: Latios|Recover|p1a: Latios
|-heal|p1a: Latios|100/100
|
|-weather|Sandstorm|[upkeep]
|-damage|p1a: Latios|95/100|[from] Sandstorm
|-heal|p2a: Jirachi|37/100|[from] item: Leftovers
|upkeep
|turn|15
|
|t:|1717609607
|switch|p2a: Seismitoad|Seismitoad, F|51/100
|move|p1a: Latios|Draco Meteor|p2a: Seismitoad
|-crit|p2a: Seismitoad
|-damage|p2a: Seismitoad|0 fnt
|-unboost|p1a: Latios|spa|2
|faint|p2a: Seismitoad
|
|-weather|Sandstorm|[upkeep]
|-damage|p1a: Latios|89/100|[from] Sandstorm
|upkeep
|
|t:|1717609619
|switch|p2a: Politoed|Politoed, M|100/100
|-weather|RainDance|[from] ability: Drizzle|[of] p2a: Politoed
|turn|16
|
|t:|1717609624
|move|p1a: Latios|Calm Mind|p1a: Latios
|-boost|p1a: Latios|spa|1
|-boost|p1a: Latios|spd|1
|move|p2a: Politoed|Ice Beam|p1a: Latios
|-supereffective|p1a: Latios
|-damage|p1a: Latios|56/100
|
|-weather|RainDance|[upkeep]
|upkeep
|turn|17
|
|t:|1717609634
|move|p1a: Latios|Draco Meteor|p2a: Politoed
|-damage|p2a: Politoed|7/100
|-unboost|p1a: Latios|spa|2
|move|p2a: Politoed|Ice Beam|p1a: Latios
|-supereffective|p1a: Latios
|-damage|p1a: Latios|21/100
|
|-weather|RainDance|[upkeep]
|upkeep
|turn|18
|
|t:|1717609647
|switch|p2a: Jirachi|Jirachi|37/100
|move|p1a: Latios|Surf|p2a: Jirachi
|-damage|p2a: Jirachi|17/100
|
|-weather|RainDance|[upkeep]
|-heal|p2a: Jirachi|24/100|[from] item: Leftovers
|upkeep
|turn|19
|
|t:|1717609676
|switch|p1a: Excadrill|Excadrill, M|100/100
|move|p2a: Jirachi|Wish|p2a: Jirachi
|
|-weather|RainDance|[upkeep]
|-heal|p2a: Jirachi|30/100|[from] item: Leftovers
|upkeep
|turn|20
|
|t:|1717609691
|switch|p2a: Breloom|Breloom, F|100/100
|move|p1a: Excadrill|Earthquake|p2a: Breloom
|-resisted|p2a: Breloom
|-damage|p2a: Breloom|61/100
|
|-weather|RainDance|[upkeep]
|-heal|p2a: Breloom|100/100|[from] move: Wish|[wisher] Jirachi
|upkeep
|turn|21
|
|t:|1717609708
|move|p1a: Excadrill|Iron Head|p2a: Breloom
|-damage|p2a: Breloom|45/100
|move|p2a: Breloom|Swords Dance|p2a: Breloom
|-boost|p2a: Breloom|atk|2
|
|-weather|RainDance|[upkeep]
|upkeep
|turn|22
|
|t:|1717609714
|move|p2a: Breloom|Mach Punch|p1a: Excadrill
|-supereffective|p1a: Excadrill
|-damage|p1a: Excadrill|0 fnt
|faint|p1a: Excadrill
|
|-weather|RainDance|[upkeep]
|upkeep
|
|t:|1717609726
|switch|p1a: Hippowdon|Hippowdon, M|82/100
|-weather|Sandstorm|[from] ability: Sand Stream|[of] p1a: Hippowdon
|turn|23
|
|t:|1717609731
|switch|p1a: Latios|Latios, M|21/100
|move|p2a: Breloom|Bullet Seed|p1a: Latios
|-resisted|p1a: Latios
|-crit|p1a: Latios
|-damage|p1a: Latios|0 fnt
|faint|p1a: Latios
|-hitcount|p1: Latios|1
|
|-weather|Sandstorm|[upkeep]
|-damage|p2a: Breloom|39/100|[from] Sandstorm
|upkeep
|
|t:|1717609738
|switch|p1a: Scizor|Scizor, F|100/100 brn
|turn|24
|inactive|happy_hitbox has 120 seconds left.
|
|t:|1717609793
|switch|p2a: Volcarona|Volcarona, F|74/100
|move|p1a: Scizor|U-turn|p2a: Volcarona
|-resisted|p2a: Volcarona
|-damage|p2a: Volcarona|60/100
|
|t:|1717609803
|switch|p1a: Terrakion|Terrakion|100/100|[from] U-turn
|
|-weather|Sandstorm|[upkeep]
|-damage|p2a: Volcarona|54/100|[from] Sandstorm
|upkeep
|turn|25
|
|t:|1717609816
|switch|p2a: Politoed|Politoed, M|7/100
|-weather|RainDance|[from] ability: Drizzle|[of] p2a: Politoed
|move|p1a: Terrakion|Rock Slide|p2a: Politoed
|-damage|p2a: Politoed|0 fnt
|faint|p2a: Politoed
|
|-weather|RainDance|[upkeep]
|upkeep
|
|t:|1717609825
|switch|p2a: Forretress|Forretress, F|100/100
|turn|26
|
|t:|1717609851
|switch|p1a: Hippowdon|Hippowdon, M|82/100
|-weather|Sandstorm|[from] ability: Sand Stream|[of] p1a: Hippowdon
|switch|p2a: Breloom|Breloom, F|39/100
|
|-weather|Sandstorm|[upkeep]
|-damage|p2a: Breloom|33/100|[from] Sandstorm
|-heal|p1a: Hippowdon|88/100|[from] item: Leftovers
|upkeep
|turn|27
|
|t:|1717609862
|move|p2a: Breloom|Bullet Seed|p1a: Hippowdon
|-supereffective|p1a: Hippowdon
|-damage|p1a: Hippowdon|62/100
|-supereffective|p1a: Hippowdon
|-damage|p1a: Hippowdon|39/100
|-supereffective|p1a: Hippowdon
|-damage|p1a: Hippowdon|16/100
|-hitcount|p1a: Hippowdon|3
|move|p1a: Hippowdon|Earthquake|p2a: Breloom
|-resisted|p2a: Breloom
|-damage|p2a: Breloom|5/100
|
|-weather|Sandstorm|[upkeep]
|-damage|p2a: Breloom|0 fnt|[from] Sandstorm
|faint|p2a: Breloom
|-heal|p1a: Hippowdon|22/100|[from] item: Leftovers
|upkeep
|
|t:|1717609874
|switch|p2a: Jirachi|Jirachi|30/100
|turn|28
|
|t:|1717609881
|move|p2a: Jirachi|Wish|p2a: Jirachi
|move|p1a: Hippowdon|Earthquake|p2a: Jirachi
|-supereffective|p2a: Jirachi
|-damage|p2a: Jirachi|0 fnt
|faint|p2a: Jirachi
|
|-weather|Sandstorm|[upkeep]
|-heal|p1a: Hippowdon|29/100|[from] item: Leftovers
|upkeep
|
|t:|1717609885
|switch|p2a: Volcarona|Volcarona, F|54/100
|turn|29
|
|t:|1717609913
|move|p2a: Volcarona|Bug Buzz|p1a: Hippowdon
|-damage|p1a: Hippowdon|0 fnt
|faint|p1a: Hippowdon
|
|-weather|Sandstorm|[upkeep]
|-damage|p2a: Volcarona|48/100|[from] Sandstorm
|-heal|p2a: Volcarona|100/100|[from] move: Wish|[wisher] Jirachi
|upkeep
|
|t:|1717609917
|switch|p1a: Terrakion|Terrakion|100/100
|turn|30
|
|t:|1717609924
|switch|p2a: Forretress|Forretress, F|100/100
|move|p1a: Terrakion|Rock Slide|p2a: Forretress
|-damage|p2a: Forretress|70/100
|
|-weather|Sandstorm|[upkeep]
|-heal|p2a: Forretress|76/100|[from] item: Leftovers
|upkeep
|turn|31
|
|t:|1717609935
|switch|p1a: Rotom|Rotom-Wash, shiny|96/100
|move|p2a: Forretress|Gyro Ball|p1a: Rotom
|-resisted|p1a: Rotom
|-damage|p1a: Rotom|91/100
|
|-weather|Sandstorm|[upkeep]
|-damage|p1a: Rotom|85/100|[from] Sandstorm
|-heal|p1a: Rotom|91/100|[from] item: Leftovers
|-heal|p2a: Forretress|82/100|[from] item: Leftovers
|upkeep
|turn|32
|
|t:|1717609940
|move|p1a: Rotom|Hydro Pump|p2a: Forretress
|-damage|p2a: Forretress|16/100
|move|p2a: Forretress|Pain Split|p1a: Rotom
|-sethp|p1a: Rotom|54/100|[from] move: Pain Split|[silent]
|-sethp|p2a: Forretress|47/100|[from] move: Pain Split
|
|-weather|Sandstorm|[upkeep]
|-damage|p1a: Rotom|48/100|[from] Sandstorm
|-heal|p1a: Rotom|54/100|[from] item: Leftovers
|-heal|p2a: Forretress|53/100|[from] item: Leftovers
|upkeep
|turn|33
|inactive|happy_hitbox has 120 seconds left.
|
|t:|1717609964
|move|p1a: Rotom|Hydro Pump|p2a: Forretress
|-damage|p2a: Forretress|0 fnt
|faint|p2a: Forretress
|
|-weather|Sandstorm|[upkeep]
|-damage|p1a: Rotom|48/100|[from] Sandstorm
|-heal|p1a: Rotom|54/100|[from] item: Leftovers
|upkeep
|
|t:|1717609970
|switch|p2a: Volcarona|Volcarona, F|100/100
|turn|34
|
|t:|1717609974
|move|p2a: Volcarona|Quiver Dance|p2a: Volcarona
|-boost|p2a: Volcarona|spa|1
|-boost|p2a: Volcarona|spd|1
|-boost|p2a: Volcarona|spe|1
|move|p1a: Rotom|Hydro Pump|p2a: Volcarona
|-supereffective|p2a: Volcarona
|-damage|p2a: Volcarona|48/100
|
|-weather|Sandstorm|[upkeep]
|-damage|p2a: Volcarona|42/100|[from] Sandstorm
|-damage|p1a: Rotom|48/100|[from] Sandstorm
|-heal|p1a: Rotom|54/100|[from] item: Leftovers
|upkeep
|turn|35
|inactive|happy_hitbox has 120 seconds left.
|
|t:|1717609999
|move|p2a: Volcarona|Bug Buzz|p1a: Rotom
|-damage|p1a: Rotom|0 fnt
|faint|p1a: Rotom
|
|-weather|Sandstorm|[upkeep]
|-damage|p2a: Volcarona|35/100|[from] Sandstorm
|upkeep
|
|t:|1717610003
|switch|p1a: Scizor|Scizor, F|100/100 brn
|turn|36
|inactive|happy_hitbox has 120 seconds left.
|
|t:|1717610009
|move|p1a: Scizor|Bullet Punch|p2a: Volcarona
|-resisted|p2a: Volcarona
|-damage|p2a: Volcarona|24/100
|move|p2a: Volcarona|Fire Blast|p1a: Scizor|[miss]
|-miss|p2a: Volcarona|p1a: Scizor
|
|-weather|Sandstorm|[upkeep]
|-damage|p2a: Volcarona|18/100|[from] Sandstorm
|-damage|p1a: Scizor|88/100 brn|[from] brn
|upkeep
|turn|37
|
|t:|1717610014
|move|p1a: Scizor|Bullet Punch|p2a: Volcarona
|-resisted|p2a: Volcarona
|-damage|p2a: Volcarona|6/100
|move|p2a: Volcarona|Fire Blast|p1a: Scizor
|-supereffective|p1a: Scizor
|-damage|p1a: Scizor|0 fnt
|faint|p1a: Scizor
|
|-weather|Sandstorm|[upkeep]
|-damage|p2a: Volcarona|0 fnt|[from] Sandstorm
|faint|p2a: Volcarona
|
|win|BLJ Mario
|upkeep
|raw|BLJ Mario's rating: 1344 &rarr; <strong>1365</strong><br />(+21 for winning)
|raw|happy_hitbox's rating: 1363 &rarr; <strong>1342</strong><br />(-21 for losing)
|c|☆BLJ Mario|Gg
|c|☆happy_hitbox|Gg
