|j|☆AediionVGC
|j|☆HydreigonSpammer
|t:|1735760968
|gametype|singles
|player|p1|AediionVGC|cameraman|1328
|player|p2|HydreigonSpammer|acetrainer|1415
|teamsize|p1|6
|teamsize|p2|6
|gen|5
|tier|[Gen 5] OU
|rated|
|rule|Species Clause: Limit one of each Pokémon
|rule|OHKO Clause: OHKO moves are banned
|rule|Moody Clause: Moody is banned
|rule|Evasion Items Clause: Evasion items are banned
|rule|Evasion Moves Clause: Evasion moves are banned
|rule|Endless Battle Clause: Forcing endless battles is banned
|rule|HP Percentage Mod: HP is shown in percentages
|rule|Evasion Abilities Clause: Evasion abilities are banned
|rule|Sleep Moves Clause: Sleep-inducing moves are banned
|rule|Swagger Clause: Swagger is banned
|rule|Baton Pass Stat Clause: No Baton Passer may have a way to boost its stats
|clearpoke
|poke|p1|Garchomp, M|item
|poke|p1|Terrakion|item
|poke|p1|Starmie|item
|poke|p1|Dragonite, M|item
|poke|p1|Scizor, M|item
|poke|p1|Breloom, F|item
|poke|p2|Tyranitar, M|item
|poke|p2|Landorus-Therian, M|item
|poke|p2|Garchomp, M|item
|poke|p2|Ferrothorn, M|item
|poke|p2|Hydreigon, F|item
|poke|p2|Jellicent, M|item
|teampreview
|inactive|Battle timer is ON: inactive players will automatically lose when time's up. (requested by AediionVGC)
|inactive|HydreigonSpammer has 120 seconds left.
|
|t:|1735761007
|start
|switch|p1a: Breloom|Breloom, F|100/100
|switch|p2a: Landorus|Landorus-Therian, M|100/100
|-ability|p2a: Landorus|Intimidate|boost
|-unboost|p1a: Breloom|atk|1
|turn|1
|
|t:|1735761030
|move|p2a: Landorus|Hidden Power|p1a: Breloom
|-supereffective|p1a: Breloom
|-damage|p1a: Breloom|40/100
|move|p1a: Breloom|Swords Dance|p1a: Breloom
|-boost|p1a: Breloom|atk|2
|
|upkeep
|turn|2
|
|t:|1735761042
|move|p1a: Breloom|Mach Punch|p2a: Landorus
|-resisted|p2a: Landorus
|-damage|p2a: Landorus|61/100
|-damage|p1a: Breloom|30/100|[from] item: Life Orb
|move|p2a: Landorus|Hidden Power|p1a: Breloom
|-supereffective|p1a: Breloom
|-damage|p1a: Breloom|0 fnt
|faint|p1a: Breloom
|
|upkeep
|
|t:|1735761046
|switch|p1a: Starmie|Starmie|100/100
|-item|p1a: Starmie|Air Balloon
|turn|3
|
|t:|1735761053
|switch|p2a: Ferrothorn|Ferrothorn, M|100/100
|move|p1a: Starmie|Ice Beam|p2a: Ferrothorn
|-damage|p2a: Ferrothorn|77/100
|
|-heal|p2a: Ferrothorn|84/100|[from] item: Leftovers
|upkeep
|turn|4
|
|t:|1735761067
|switch|p1a: Garchomp|Garchomp, M|100/100
|move|p2a: Ferrothorn|Stealth Rock|p1a: Garchomp
|-sidestart|p1: AediionVGC|move: Stealth Rock
|
|-heal|p2a: Ferrothorn|90/100|[from] item: Leftovers
|upkeep
|turn|5
|
|t:|1735761085
|switch|p2a: Jellicent|Jellicent, M|100/100
|move|p1a: Garchomp|Swords Dance|p1a: Garchomp
|-boost|p1a: Garchomp|atk|2
|
|upkeep
|turn|6
|
|t:|1735761091
|move|p1a: Garchomp|Earthquake|p2a: Jellicent
|-damage|p2a: Jellicent|4/100
|move|p2a: Jellicent|Will-O-Wisp|p1a: Garchomp
|-status|p1a: Garchomp|brn
|
|-heal|p2a: Jellicent|10/100|[from] item: Leftovers
|-damage|p1a: Garchomp|88/100 brn|[from] brn
|upkeep
|turn|7
|
|t:|1735761112
|move|p1a: Garchomp|Swords Dance|p1a: Garchomp
|-boost|p1a: Garchomp|atk|2
|move|p2a: Jellicent|Recover|p2a: Jellicent
|-heal|p2a: Jellicent|60/100
|
|-heal|p2a: Jellicent|66/100|[from] item: Leftovers
|-damage|p1a: Garchomp|76/100 brn|[from] brn
|upkeep
|turn|8
|
|t:|1735761121
|switch|p2a: Ferrothorn|Ferrothorn, M|90/100
|move|p1a: Garchomp|Outrage|p2a: Ferrothorn
|-resisted|p2a: Ferrothorn
|-damage|p2a: Ferrothorn|54/100
|-damage|p1a: Garchomp|64/100 brn|[from] ability: Iron Barbs|[of] p2a: Ferrothorn
|
|-heal|p2a: Ferrothorn|61/100|[from] item: Leftovers
|-damage|p1a: Garchomp|51/100 brn|[from] brn
|upkeep
|turn|9
|
|t:|1735761126
|move|p1a: Garchomp|Outrage|p2a: Ferrothorn|[from]lockedmove
|-resisted|p2a: Ferrothorn
|-damage|p2a: Ferrothorn|26/100
|-damage|p1a: Garchomp|39/100 brn|[from] ability: Iron Barbs|[of] p2a: Ferrothorn
|move|p2a: Ferrothorn|Seed Bomb|p1a: Garchomp
|-damage|p1a: Garchomp|13/100 brn
|
|-heal|p2a: Ferrothorn|32/100|[from] item: Leftovers
|-damage|p1a: Garchomp|0 fnt|[from] brn
|faint|p1a: Garchomp
|upkeep
|
|t:|1735761138
|switch|p1a: Scizor|Scizor, M|100/100
|-damage|p1a: Scizor|88/100|[from] Stealth Rock
|turn|10
|
|t:|1735761160
|switch|p2a: Jellicent|Jellicent, M|66/100
|move|p1a: Scizor|Swords Dance|p1a: Scizor
|-boost|p1a: Scizor|atk|2
|
|-heal|p2a: Jellicent|72/100|[from] item: Leftovers
|upkeep
|turn|11
|
|t:|1735761163
|move|p1a: Scizor|Pursuit|p2a: Jellicent
|-supereffective|p2a: Jellicent
|-damage|p2a: Jellicent|0 fnt
|faint|p2a: Jellicent
|-damage|p1a: Scizor|78/100|[from] item: Life Orb
|
|upkeep
|
|t:|1735761181
|switch|p2a: Landorus|Landorus-Therian, M|61/100
|-ability|p2a: Landorus|Intimidate|boost
|-unboost|p1a: Scizor|atk|1
|turn|12
|
|t:|1735761186
|switch|p2a: Ferrothorn|Ferrothorn, M|32/100
|move|p1a: Scizor|Bullet Punch|p2a: Ferrothorn
|-resisted|p2a: Ferrothorn
|-damage|p2a: Ferrothorn|8/100
|-damage|p1a: Scizor|66/100|[from] ability: Iron Barbs|[of] p2a: Ferrothorn
|-damage|p1a: Scizor|56/100|[from] item: Life Orb
|
|-heal|p2a: Ferrothorn|14/100|[from] item: Leftovers
|upkeep
|turn|13
|j| TheAsianMonkey
|l| TheAsianMonkey
|
|t:|1735761206
|move|p1a: Scizor|Swords Dance|p1a: Scizor
|-boost|p1a: Scizor|atk|2
|move|p2a: Ferrothorn|Gyro Ball|p1a: Scizor
|-resisted|p1a: Scizor
|-damage|p1a: Scizor|25/100
|
|-heal|p2a: Ferrothorn|20/100|[from] item: Leftovers
|upkeep
|turn|14
|
|t:|1735761214
|move|p1a: Scizor|Pursuit|p2a: Ferrothorn
|-resisted|p2a: Ferrothorn
|-damage|p2a: Ferrothorn|0 fnt
|-damage|p1a: Scizor|13/100|[from] ability: Iron Barbs|[of] p2a: Ferrothorn
|faint|p2a: Ferrothorn
|-damage|p1a: Scizor|3/100|[from] item: Life Orb
|
|upkeep
|
|t:|1735761222
|switch|p2a: Landorus|Landorus-Therian, M|61/100
|-ability|p2a: Landorus|Intimidate|boost
|-unboost|p1a: Scizor|atk|1
|turn|15
|
|t:|1735761228
|move|p1a: Scizor|Bullet Punch|p2a: Landorus
|-damage|p2a: Landorus|0 fnt
|faint|p2a: Landorus
|-damage|p1a: Scizor|0 fnt|[from] item: Life Orb
|faint|p1a: Scizor
|
|upkeep
|
|t:|1735761243
|switch|p2a: Garchomp|Garchomp, M|100/100
|switch|p1a: Starmie|Starmie|100/100
|-damage|p1a: Starmie|88/100|[from] Stealth Rock
|-item|p1a: Starmie|Air Balloon
|turn|16
|
|t:|1735761245
|move|p2a: Garchomp|Outrage|p1a: Starmie
|-damage|p1a: Starmie|0 fnt
|-enditem|p1a: Starmie|Air Balloon
|faint|p1a: Starmie
|
|upkeep
|
|t:|1735761249
|switch|p1a: Terrakion|Terrakion|100/100
|-damage|p1a: Terrakion|94/100|[from] Stealth Rock
|turn|17
|
|t:|1735761254
|move|p2a: Garchomp|Outrage|p1a: Terrakion|[from]lockedmove
|-crit|p1a: Terrakion
|-damage|p1a: Terrakion|0 fnt
|faint|p1a: Terrakion
|-start|p2a: Garchomp|confusion|[fatigue]
|
|upkeep
|
|t:|1735761257
|switch|p1a: Dragonite|Dragonite, M|100/100
|-damage|p1a: Dragonite|76/100|[from] Stealth Rock
|turn|18
|
|t:|1735761262
|switch|p2a: Hydreigon|Hydreigon, F, shiny|100/100
|move|p1a: Dragonite|Dragon Dance|p1a: Dragonite
|-boost|p1a: Dragonite|atk|1
|-boost|p1a: Dragonite|spe|1
|
|upkeep
|turn|19
|
|t:|1735761266
|move|p1a: Dragonite|Outrage|p2a: Hydreigon
|-supereffective|p2a: Hydreigon
|-damage|p2a: Hydreigon|0 fnt
|faint|p2a: Hydreigon
|
|upkeep
|
|t:|1735761269
|switch|p2a: Garchomp|Garchomp, M|100/100
|turn|20
|
|t:|1735761270
|move|p2a: Garchomp|Outrage|p1a: Dragonite
|-supereffective|p1a: Dragonite
|-damage|p1a: Dragonite|0 fnt
|faint|p1a: Dragonite
|
|win|HydreigonSpammer
|raw|AediionVGC's rating: 1328 &rarr; <strong>1313</strong><br />(-15 for losing)
|raw|HydreigonSpammer's rating: 1415 &rarr; <strong>1430</strong><br />(+15 for winning)
|l|☆AediionVGC
|player|p1|
