|j|☆blue in unova
|j|☆anglemort33
|t:|1724274243
|gametype|singles
|player|p1|blue in unova|miku-ground|1334
|player|p2|anglemort33|2|1326
|teamsize|p1|6
|teamsize|p2|6
|gen|5
|tier|[Gen 5] OU
|rated|
|rule|Species Clause: Limit one of each Pokémon
|rule|OHKO Clause: OHKO moves are banned
|rule|Moody Clause: Moody is banned
|rule|Evasion Items Clause: Evasion items are banned
|rule|Evasion Moves Clause: Evasion moves are banned
|rule|Endless Battle Clause: Forcing endless battles is banned
|rule|HP Percentage Mod: HP is shown in percentages
|rule|Evasion Abilities Clause: Evasion abilities are banned
|rule|Sleep Moves Clause: Sleep-inducing moves are banned
|rule|Swagger Clause: Swagger is banned
|rule|Baton Pass Stat Clause: No Baton Passer may have a way to boost its stats
|clearpoke
|poke|p1|Mamoswine, F|item
|poke|p1|Jirachi|item
|poke|p1|Magnezone|item
|poke|p1|Latios, M|item
|poke|p1|Starmie|item
|poke|p1|Dragonite, M|item
|poke|p2|Tyranitar, F|item
|poke|p2|Skarmory, M|item
|poke|p2|Jellicent, F|item
|poke|p2|Latios, M|item
|poke|p2|Alakazam, M|item
|poke|p2|Gliscor, F|item
|teampreview
|inactive|Battle timer is ON: inactive players will automatically lose when time's up. (requested by blue in unova)
|inactive|anglemort33 has 120 seconds left.
|
|t:|1724274295
|start
|switch|p1a: Jirachi|Jirachi|100/100
|switch|p2a: ICANT|Gliscor, F|100/100
|turn|1
|
|t:|1724274302
|move|p2a: ICANT|Protect|p2a: ICANT
|-singleturn|p2a: ICANT|Protect
|move|p1a: Jirachi|Stealth Rock|p2a: ICANT
|-sidestart|p2: anglemort33|move: Stealth Rock
|
|-status|p2a: ICANT|tox|[from] item: Toxic Orb
|upkeep
|turn|2
|
|t:|1724274312
|move|p2a: ICANT|Stealth Rock|p1a: Jirachi
|-sidestart|p1: blue in unova|move: Stealth Rock
|move|p1a: Jirachi|Icy Wind|p2a: ICANT
|-supereffective|p2a: ICANT
|-damage|p2a: ICANT|46/100 tox
|-unboost|p2a: ICANT|spe|1
|
|-heal|p2a: ICANT|58/100 tox|[from] ability: Poison Heal
|upkeep
|turn|3
|
|t:|1724274332
|move|p1a: Jirachi|Body Slam|p2a: ICANT
|-damage|p2a: ICANT|46/100 tox
|move|p2a: ICANT|U-turn|p1a: Jirachi
|-damage|p1a: Jirachi|87/100
|inactive|anglemort33 has 120 seconds left.
|
|t:|1724274358
|switch|p2a: Bedge|Tyranitar, F|100/100|[from] U-turn
|-damage|p2a: Bedge|88/100|[from] Stealth Rock
|-weather|Sandstorm|[from] ability: Sand Stream|[of] p2a: Bedge
|
|-weather|Sandstorm|[upkeep]
|-heal|p1a: Jirachi|93/100|[from] item: Leftovers
|upkeep
|turn|4
|inactive|anglemort33 has 120 seconds left.
|
|t:|1724274374
|move|p1a: Jirachi|U-turn|p2a: Bedge
|-supereffective|p2a: Bedge
|-damage|p2a: Bedge|63/100
|
|t:|1724274384
|switch|p1a: Mamoswine|Mamoswine, F|100/100|[from] U-turn
|-damage|p1a: Mamoswine|88/100|[from] Stealth Rock
|move|p2a: Bedge|Thunder Wave|p1a: Mamoswine
|-immune|p1a: Mamoswine
|
|-weather|Sandstorm|[upkeep]
|upkeep
|turn|5
|
|t:|1724274392
|move|p1a: Mamoswine|Substitute|p1a: Mamoswine
|-start|p1a: Mamoswine|Substitute
|-damage|p1a: Mamoswine|63/100
|move|p2a: Bedge|Superpower|p1a: Mamoswine
|-supereffective|p1a: Mamoswine
|-end|p1a: Mamoswine|Substitute
|-unboost|p2a: Bedge|atk|1
|-unboost|p2a: Bedge|def|1
|
|-weather|Sandstorm|[upkeep]
|upkeep
|turn|6
|inactive|anglemort33 has 120 seconds left.
|
|t:|1724274421
|move|p1a: Mamoswine|Substitute|p1a: Mamoswine
|-start|p1a: Mamoswine|Substitute
|-damage|p1a: Mamoswine|38/100
|move|p2a: Bedge|Superpower|p1a: Mamoswine
|-supereffective|p1a: Mamoswine
|-end|p1a: Mamoswine|Substitute
|-unboost|p2a: Bedge|atk|1
|-unboost|p2a: Bedge|def|1
|
|-weather|Sandstorm|[upkeep]
|upkeep
|turn|7
|
|t:|1724274438
|move|p1a: Mamoswine|Earthquake|p2a: Bedge
|-supereffective|p2a: Bedge
|-damage|p2a: Bedge|0 fnt
|faint|p2a: Bedge
|
|-weather|Sandstorm|[upkeep]
|upkeep
|
|t:|1724274450
|switch|p2a: Wokege|Latios, M|100/100
|-damage|p2a: Wokege|88/100|[from] Stealth Rock
|turn|8
|
|t:|1724274453
|move|p1a: Mamoswine|Ice Shard|p2a: Wokege
|-supereffective|p2a: Wokege
|-damage|p2a: Wokege|14/100
|move|p2a: Wokege|Surf|p1a: Mamoswine
|-supereffective|p1a: Mamoswine
|-damage|p1a: Mamoswine|0 fnt
|faint|p1a: Mamoswine
|
|-weather|Sandstorm|[upkeep]
|-damage|p2a: Wokege|8/100|[from] Sandstorm
|upkeep
|
|t:|1724274457
|switch|p1a: Starmie|Starmie|100/100
|-damage|p1a: Starmie|88/100|[from] Stealth Rock
|turn|9
|inactive|anglemort33 has 120 seconds left.
|
|t:|1724274466
|move|p1a: Starmie|Thunderbolt|p2a: Wokege
|-resisted|p2a: Wokege
|-damage|p2a: Wokege|0 fnt
|faint|p2a: Wokege
|
|-weather|Sandstorm|[upkeep]
|-damage|p1a: Starmie|82/100|[from] Sandstorm
|upkeep
|inactive|anglemort33 has 120 seconds left.
|
|t:|1724274485
|switch|p2a: Starege|Alakazam, M|100/100
|turn|10
|
|t:|1724274493
|move|p2a: Starege|Grass Knot|p1a: Starmie
|-supereffective|p1a: Starmie
|-crit|p1a: Starmie
|-damage|p1a: Starmie|0 fnt
|faint|p1a: Starmie
|
|-weather|Sandstorm|[upkeep]
|upkeep
|
|t:|1724274497
|switch|p1a: Latios|Latios, M|100/100
|-damage|p1a: Latios|88/100|[from] Stealth Rock
|turn|11
|
|t:|1724274505
|switch|p2a: KEKW|Skarmory, M|100/100
|-damage|p2a: KEKW|88/100|[from] Stealth Rock
|move|p1a: Latios|Draco Meteor|p2a: KEKW
|-resisted|p2a: KEKW
|-damage|p2a: KEKW|52/100
|-unboost|p1a: Latios|spa|2
|
|-weather|Sandstorm|[upkeep]
|-damage|p1a: Latios|82/100|[from] Sandstorm
|-heal|p2a: KEKW|58/100|[from] item: Leftovers
|upkeep
|turn|12
|
|t:|1724274520
|switch|p1a: Magnezone|Magnezone|100/100
|-damage|p1a: Magnezone|94/100|[from] Stealth Rock
|-item|p1a: Magnezone|Air Balloon
|move|p2a: KEKW|Whirlwind|p1a: Magnezone
|drag|p1a: Jirachi|Jirachi|93/100
|-damage|p1a: Jirachi|87/100|[from] Stealth Rock
|
|-weather|Sandstorm|[upkeep]
|-heal|p1a: Jirachi|93/100|[from] item: Leftovers
|-heal|p2a: KEKW|64/100|[from] item: Leftovers
|upkeep
|turn|13
|inactive|anglemort33 has 120 seconds left.
|
|t:|1724274551
|move|p1a: Jirachi|U-turn|p2a: KEKW
|-resisted|p2a: KEKW
|-damage|p2a: KEKW|61/100
|
|t:|1724274560
|switch|p1a: Magnezone|Magnezone|94/100|[from] U-turn
|-damage|p1a: Magnezone|88/100|[from] Stealth Rock
|-item|p1a: Magnezone|Air Balloon
|move|p2a: KEKW|Whirlwind|p1a: Magnezone
|drag|p1a: Latios|Latios, M|82/100
|-damage|p1a: Latios|70/100|[from] Stealth Rock
|
|-weather|Sandstorm|[upkeep]
|-damage|p1a: Latios|64/100|[from] Sandstorm
|-heal|p2a: KEKW|67/100|[from] item: Leftovers
|upkeep
|turn|14
|
|t:|1724274585
|move|p1a: Latios|Roost|p1a: Latios
|-heal|p1a: Latios|100/100
|-singleturn|p1a: Latios|move: Roost
|move|p2a: KEKW|Roost|p2a: KEKW
|-heal|p2a: KEKW|100/100
|-singleturn|p2a: KEKW|move: Roost
|
|-weather|Sandstorm|[upkeep]
|-damage|p1a: Latios|95/100|[from] Sandstorm
|upkeep
|turn|15
|inactive|anglemort33 has 90 seconds left.
|
|t:|1724274604
|switch|p1a: Jirachi|Jirachi|93/100
|-damage|p1a: Jirachi|87/100|[from] Stealth Rock
|move|p2a: KEKW|Whirlwind|p1a: Jirachi
|drag|p1a: Latios|Latios, M|95/100
|-damage|p1a: Latios|82/100|[from] Stealth Rock
|
|-weather|Sandstorm|[upkeep]
|-damage|p1a: Latios|76/100|[from] Sandstorm
|upkeep
|turn|16
|inactive|anglemort33 has 90 seconds left.
|
|t:|1724274623
|switch|p2a: Starege|Alakazam, M|100/100
|move|p1a: Latios|Trick|p2a: Starege
|-activate|p1a: Latios|move: Trick|[of] p2a: Starege
|-item|p2a: Starege|Choice Scarf|[from] move: Trick
|-item|p1a: Latios|Focus Sash|[from] move: Trick
|
|-weather|Sandstorm|[upkeep]
|-damage|p1a: Latios|70/100|[from] Sandstorm
|upkeep
|turn|17
|inactive|anglemort33 has 90 seconds left.
|inactive|anglemort33 has 60 seconds left.
|
|t:|1724274665
|switch|p1a: Magnezone|Magnezone|88/100
|-damage|p1a: Magnezone|82/100|[from] Stealth Rock
|-item|p1a: Magnezone|Air Balloon
|move|p2a: Starege|Hidden Power|p1a: Magnezone
|-resisted|p1a: Magnezone
|-damage|p1a: Magnezone|66/100
|-enditem|p1a: Magnezone|Air Balloon
|
|-weather|Sandstorm|[upkeep]
|upkeep
|turn|18
|inactive|anglemort33 has 60 seconds left.
|
|t:|1724274681
|switch|p2a: ICANT|Gliscor, F|46/100 tox
|-damage|p2a: ICANT|33/100 tox|[from] Stealth Rock
|move|p1a: Magnezone|Sunny Day|p1a: Magnezone
|-weather|SunnyDay
|
|-weather|SunnyDay|[upkeep]
|-heal|p2a: ICANT|46/100 tox|[from] ability: Poison Heal
|upkeep
|turn|19
|inactive|anglemort33 has 60 seconds left.
|
|t:|1724274704
|move|p2a: ICANT|Earthquake|p1a: Magnezone
|-supereffective|p1a: Magnezone
|-damage|p1a: Magnezone|0 fnt
|faint|p1a: Magnezone
|
|-weather|SunnyDay|[upkeep]
|-heal|p2a: ICANT|58/100 tox|[from] ability: Poison Heal
|upkeep
|
|t:|1724274707
|switch|p1a: Latios|Latios, M|70/100
|-damage|p1a: Latios|58/100|[from] Stealth Rock
|turn|20
|
|t:|1724274721
|switch|p2a: KEKW|Skarmory, M|100/100
|-damage|p2a: KEKW|88/100|[from] Stealth Rock
|move|p1a: Latios|Roost|p1a: Latios
|-heal|p1a: Latios|100/100
|-singleturn|p1a: Latios|move: Roost
|
|-weather|SunnyDay|[upkeep]
|-heal|p2a: KEKW|94/100|[from] item: Leftovers
|upkeep
|turn|21
|
|t:|1724274734
|move|p1a: Latios|Trick|p2a: KEKW
|-activate|p1a: Latios|move: Trick|[of] p2a: KEKW
|-item|p2a: KEKW|Focus Sash|[from] move: Trick
|-item|p1a: Latios|Leftovers|[from] move: Trick
|move|p2a: KEKW|Whirlwind|p1a: Latios
|drag|p1a: Dragonite|Dragonite, M|100/100
|-damage|p1a: Dragonite|76/100|[from] Stealth Rock
|
|-weather|SunnyDay|[upkeep]
|upkeep
|turn|22
|
|t:|1724274745
|move|p1a: Dragonite|Fire Punch|p2a: KEKW
|-supereffective|p2a: KEKW
|-crit|p2a: KEKW
|-damage|p2a: KEKW|0 fnt
|faint|p2a: KEKW
|
|-weather|none
|upkeep
|
|t:|1724274767
|switch|p2a: OkaygeBusiness|Jellicent, F|100/100
|-damage|p2a: OkaygeBusiness|88/100|[from] Stealth Rock
|turn|23
|
|t:|1724274775
|switch|p1a: Latios|Latios, M|100/100
|-damage|p1a: Latios|88/100|[from] Stealth Rock
|move|p2a: OkaygeBusiness|Will-O-Wisp|p1a: Latios
|-status|p1a: Latios|brn
|
|-heal|p1a: Latios|94/100 brn|[from] item: Leftovers
|-heal|p2a: OkaygeBusiness|94/100|[from] item: Leftovers
|-damage|p1a: Latios|82/100 brn|[from] brn
|upkeep
|turn|24
|inactive|anglemort33 has 30 seconds left.
|
|t:|1724274796
|move|p1a: Latios|Draco Meteor|p2a: OkaygeBusiness
|-damage|p2a: OkaygeBusiness|38/100
|-unboost|p1a: Latios|spa|2
|move|p2a: OkaygeBusiness|Recover|p2a: OkaygeBusiness
|-heal|p2a: OkaygeBusiness|89/100
|
|-heal|p1a: Latios|88/100 brn|[from] item: Leftovers
|-heal|p2a: OkaygeBusiness|95/100|[from] item: Leftovers
|-damage|p1a: Latios|76/100 brn|[from] brn
|upkeep
|turn|25
|
|t:|1724274806
|switch|p1a: Jirachi|Jirachi|87/100
|-damage|p1a: Jirachi|81/100|[from] Stealth Rock
|move|p2a: OkaygeBusiness|Night Shade|p1a: Jirachi
|-damage|p1a: Jirachi|56/100
|
|-heal|p2a: OkaygeBusiness|100/100|[from] item: Leftovers
|-heal|p1a: Jirachi|62/100|[from] item: Leftovers
|upkeep
|turn|26
|inactive|blue in unova has 120 seconds left.
|
|t:|1724274847
|move|p2a: OkaygeBusiness|Will-O-Wisp|p1a: Jirachi
|-status|p1a: Jirachi|brn
|move|p1a: Jirachi|U-turn|p2a: OkaygeBusiness
|-resisted|p2a: OkaygeBusiness
|-damage|p2a: OkaygeBusiness|97/100
|
|t:|1724274849
|switch|p1a: Latios|Latios, M|76/100 brn|[from] U-turn
|-damage|p1a: Latios|63/100 brn|[from] Stealth Rock
|
|-heal|p1a: Latios|69/100 brn|[from] item: Leftovers
|-heal|p2a: OkaygeBusiness|100/100|[from] item: Leftovers
|-damage|p1a: Latios|57/100 brn|[from] brn
|upkeep
|turn|27
|
|t:|1724274861
|move|p1a: Latios|Roost|p1a: Latios
|-heal|p1a: Latios|100/100 brn
|-singleturn|p1a: Latios|move: Roost
|move|p2a: OkaygeBusiness|Night Shade|p1a: Latios
|-damage|p1a: Latios|67/100 brn
|
|-heal|p1a: Latios|73/100 brn|[from] item: Leftovers
|-damage|p1a: Latios|61/100 brn|[from] brn
|upkeep
|turn|28
|
|t:|1724274879
|move|p1a: Latios|Roost|p1a: Latios
|-heal|p1a: Latios|100/100 brn
|-singleturn|p1a: Latios|move: Roost
|move|p2a: OkaygeBusiness|Recover||[still]
|-fail|p2a: OkaygeBusiness|heal
|
|-damage|p1a: Latios|88/100 brn|[from] brn
|upkeep
|turn|29
|inactive|anglemort33 has 30 seconds left.
|
|t:|1724274911
|move|p1a: Latios|Draco Meteor|p2a: OkaygeBusiness
|-damage|p2a: OkaygeBusiness|45/100
|-unboost|p1a: Latios|spa|2
|move|p2a: OkaygeBusiness|Recover|p2a: OkaygeBusiness
|-heal|p2a: OkaygeBusiness|95/100
|
|-heal|p1a: Latios|94/100 brn|[from] item: Leftovers
|-heal|p2a: OkaygeBusiness|100/100|[from] item: Leftovers
|-damage|p1a: Latios|82/100 brn|[from] brn
|upkeep
|turn|30
|inactive|anglemort33 has 30 seconds left.
|
|t:|1724274924
|switch|p1a: Jirachi|Jirachi|62/100 brn
|-damage|p1a: Jirachi|56/100 brn|[from] Stealth Rock
|move|p2a: OkaygeBusiness|Will-O-Wisp|p1a: Jirachi
|-fail|p1a: Jirachi|brn
|
|-heal|p1a: Jirachi|62/100 brn|[from] item: Leftovers
|-damage|p1a: Jirachi|50/100 brn|[from] brn
|upkeep
|turn|31
|inactive|anglemort33 has 30 seconds left.
|inactive|anglemort33 has 20 seconds left.
|inactive|anglemort33 has 15 seconds left.
|
|t:|1724274945
|move|p2a: OkaygeBusiness|Night Shade|p1a: Jirachi
|-damage|p1a: Jirachi|25/100 brn
|move|p1a: Jirachi|U-turn|p2a: OkaygeBusiness
|-resisted|p2a: OkaygeBusiness
|-damage|p2a: OkaygeBusiness|96/100
|inactive|anglemort33 has 20 seconds left this turn.
|
|t:|1724274962
|switch|p1a: Latios|Latios, M|82/100 brn|[from] U-turn
|-damage|p1a: Latios|70/100 brn|[from] Stealth Rock
|
|-heal|p1a: Latios|76/100 brn|[from] item: Leftovers
|-heal|p2a: OkaygeBusiness|100/100|[from] item: Leftovers
|-damage|p1a: Latios|63/100 brn|[from] brn
|upkeep
|turn|32
|inactive|anglemort33 has 30 seconds left this turn.
|inactive|anglemort33 has 20 seconds left.
|
|t:|1724274974
|move|p1a: Latios|Roost|p1a: Latios
|-heal|p1a: Latios|100/100 brn
|-singleturn|p1a: Latios|move: Roost
|move|p2a: OkaygeBusiness|Taunt|p1a: Latios
|-start|p1a: Latios|move: Taunt
|
|-damage|p1a: Latios|88/100 brn|[from] brn
|upkeep
|turn|33
|inactive|anglemort33 has 30 seconds left this turn.
|inactive|anglemort33 has 20 seconds left.
|inactive|blue in unova has 120 seconds left.
|
|t:|1724275008
|move|p1a: Latios|Draco Meteor|p2a: OkaygeBusiness
|-damage|p2a: OkaygeBusiness|44/100
|-unboost|p1a: Latios|spa|2
|move|p2a: OkaygeBusiness|Will-O-Wisp|p1a: Latios|[miss]
|-miss|p2a: OkaygeBusiness|p1a: Latios
|
|-heal|p1a: Latios|94/100 brn|[from] item: Leftovers
|-heal|p2a: OkaygeBusiness|50/100|[from] item: Leftovers
|-damage|p1a: Latios|82/100 brn|[from] brn
|upkeep
|turn|34
|inactive|anglemort33 has 30 seconds left this turn.
|inactive|anglemort33 has 20 seconds left.
|
|t:|1724275021
|move|p1a: Latios|Draco Meteor|p2a: OkaygeBusiness
|-damage|p2a: OkaygeBusiness|19/100
|-unboost|p1a: Latios|spa|2
|move|p2a: OkaygeBusiness|Recover|p2a: OkaygeBusiness
|-heal|p2a: OkaygeBusiness|69/100
|
|-heal|p1a: Latios|88/100 brn|[from] item: Leftovers
|-heal|p2a: OkaygeBusiness|75/100|[from] item: Leftovers
|-damage|p1a: Latios|76/100 brn|[from] brn
|upkeep
|turn|35
|inactive|anglemort33 has 30 seconds left this turn.
|inactive|anglemort33 has 20 seconds left.
|inactive|anglemort33 has 15 seconds left.
|inactive|anglemort33 has 10 seconds left.
|
|t:|1724275042
|switch|p1a: Jirachi|Jirachi|25/100 brn
|-damage|p1a: Jirachi|19/100 brn|[from] Stealth Rock
|switch|p2a: ICANT|Gliscor, F|58/100 tox
|-damage|p2a: ICANT|46/100 tox|[from] Stealth Rock
|
|-heal|p1a: Jirachi|25/100 brn|[from] item: Leftovers
|-heal|p2a: ICANT|58/100 tox|[from] ability: Poison Heal
|-damage|p1a: Jirachi|12/100 brn|[from] brn
|upkeep
|turn|36
|inactive|anglemort33 has 20 seconds left this turn.
|inactive|anglemort33 has 15 seconds left.
|inactive|anglemort33 has 10 seconds left.
|
|t:|1724275064
|move|p2a: ICANT|Protect|p2a: ICANT
|-singleturn|p2a: ICANT|Protect
|move|p1a: Jirachi|Icy Wind|p2a: ICANT
|-activate|p2a: ICANT|move: Protect
|
|-heal|p1a: Jirachi|19/100 brn|[from] item: Leftovers
|-heal|p2a: ICANT|71/100 tox|[from] ability: Poison Heal
|-damage|p1a: Jirachi|6/100 brn|[from] brn
|upkeep
|turn|37
|inactive|anglemort33 has 20 seconds left this turn.
|inactive|anglemort33 has 15 seconds left.
|inactive|anglemort33 has 10 seconds left.
|
|t:|1724275078
|move|p2a: ICANT|U-turn|p1a: Jirachi
|-damage|p1a: Jirachi|0 fnt
|faint|p1a: Jirachi
|inactive|anglemort33 has 15 seconds left this turn.
|inactive|anglemort33 has 10 seconds left.
|
|t:|1724275087
|switch|p2a: OkaygeBusiness|Jellicent, F|75/100|[from] U-turn
|-damage|p2a: OkaygeBusiness|63/100|[from] Stealth Rock
|
|-heal|p2a: OkaygeBusiness|69/100|[from] item: Leftovers
|upkeep
|inactive|anglemort33 has 15 seconds left this turn.
|inactive|blue in unova has 120 seconds left.
|
|t:|1724275125
|switch|p1a: Latios|Latios, M|76/100 brn
|-damage|p1a: Latios|63/100 brn|[from] Stealth Rock
|turn|38
|inactive|anglemort33 has 25 seconds left this turn.
|inactive|anglemort33 has 20 seconds left.
|
|t:|1724275134
|move|p1a: Latios|Draco Meteor|p2a: OkaygeBusiness
|-damage|p2a: OkaygeBusiness|12/100
|-unboost|p1a: Latios|spa|2
|move|p2a: OkaygeBusiness|Recover|p2a: OkaygeBusiness
|-heal|p2a: OkaygeBusiness|62/100
|
|-heal|p1a: Latios|69/100 brn|[from] item: Leftovers
|-heal|p2a: OkaygeBusiness|68/100|[from] item: Leftovers
|-damage|p1a: Latios|57/100 brn|[from] brn
|upkeep
|turn|39
|inactive|anglemort33 has 30 seconds left this turn.
|inactive|anglemort33 has 20 seconds left.
|
|t:|1724275146
|move|p1a: Latios|Roost|p1a: Latios
|-heal|p1a: Latios|100/100 brn
|-singleturn|p1a: Latios|move: Roost
|move|p2a: OkaygeBusiness|Will-O-Wisp|p1a: Latios
|-fail|p1a: Latios|brn
|
|-heal|p2a: OkaygeBusiness|75/100|[from] item: Leftovers
|-damage|p1a: Latios|88/100 brn|[from] brn
|upkeep
|turn|40
|inactive|anglemort33 has 30 seconds left this turn.
|inactive|anglemort33 has 20 seconds left.
|j| StarBall
|
|t:|1724275164
|move|p1a: Latios|Draco Meteor|p2a: OkaygeBusiness
|-damage|p2a: OkaygeBusiness|47/100
|-unboost|p1a: Latios|spa|2
|move|p2a: OkaygeBusiness|Will-O-Wisp|p1a: Latios|[miss]
|-miss|p2a: OkaygeBusiness|p1a: Latios
|
|-heal|p1a: Latios|94/100 brn|[from] item: Leftovers
|-heal|p2a: OkaygeBusiness|53/100|[from] item: Leftovers
|-damage|p1a: Latios|82/100 brn|[from] brn
|upkeep
|turn|41
|inactive|anglemort33 has 30 seconds left this turn.
|
|t:|1724275170
|move|p1a: Latios|Draco Meteor|p2a: OkaygeBusiness
|-damage|p2a: OkaygeBusiness|32/100
|-unboost|p1a: Latios|spa|2
|move|p2a: OkaygeBusiness|Will-O-Wisp|p1a: Latios
|-fail|p1a: Latios|brn
|
|-heal|p1a: Latios|88/100 brn|[from] item: Leftovers
|-heal|p2a: OkaygeBusiness|38/100|[from] item: Leftovers
|-damage|p1a: Latios|76/100 brn|[from] brn
|upkeep
|turn|42
|inactive|anglemort33 has 30 seconds left.
|
|t:|1724275179
|move|p1a: Latios|Trick|p2a: OkaygeBusiness
|-activate|p1a: Latios|move: Trick|[of] p2a: OkaygeBusiness
|-item|p2a: OkaygeBusiness|Leftovers|[from] move: Trick
|-item|p1a: Latios|Leftovers|[from] move: Trick
|move|p2a: OkaygeBusiness|Will-O-Wisp|p1a: Latios
|-fail|p1a: Latios|brn
|
|-heal|p1a: Latios|82/100 brn|[from] item: Leftovers
|-heal|p2a: OkaygeBusiness|44/100|[from] item: Leftovers
|-damage|p1a: Latios|69/100 brn|[from] brn
|upkeep
|turn|43
|l| StarBall
|inactive|anglemort33 has 30 seconds left.
|
|t:|1724275197
|move|p1a: Latios|Roost|p1a: Latios
|-heal|p1a: Latios|100/100 brn
|-singleturn|p1a: Latios|move: Roost
|move|p2a: OkaygeBusiness|Recover|p2a: OkaygeBusiness
|-heal|p2a: OkaygeBusiness|94/100
|
|-heal|p2a: OkaygeBusiness|99/100|[from] item: Leftovers
|-damage|p1a: Latios|88/100 brn|[from] brn
|upkeep
|turn|44
|inactive|blue in unova has 120 seconds left.
|
|t:|1724275238
|move|p1a: Latios|Trick|p2a: OkaygeBusiness
|-activate|p1a: Latios|move: Trick|[of] p2a: OkaygeBusiness
|-item|p2a: OkaygeBusiness|Leftovers|[from] move: Trick
|-item|p1a: Latios|Leftovers|[from] move: Trick
|move|p2a: OkaygeBusiness|Will-O-Wisp|p1a: Latios
|-fail|p1a: Latios|brn
|
|-heal|p1a: Latios|94/100 brn|[from] item: Leftovers
|-heal|p2a: OkaygeBusiness|100/100|[from] item: Leftovers
|-damage|p1a: Latios|82/100 brn|[from] brn
|upkeep
|turn|45
|
|t:|1724275252
|move|p1a: Latios|Trick|p2a: OkaygeBusiness
|-activate|p1a: Latios|move: Trick|[of] p2a: OkaygeBusiness
|-item|p2a: OkaygeBusiness|Leftovers|[from] move: Trick
|-item|p1a: Latios|Leftovers|[from] move: Trick
|move|p2a: OkaygeBusiness|Night Shade|p1a: Latios
|-damage|p1a: Latios|49/100 brn
|
|-heal|p1a: Latios|55/100 brn|[from] item: Leftovers
|-damage|p1a: Latios|42/100 brn|[from] brn
|upkeep
|turn|46
|j| StarBall
|inactive|blue in unova has 120 seconds left.
|l| StarBall
|
|t:|1724275274
|move|p1a: Latios|Roost|p1a: Latios
|-heal|p1a: Latios|93/100 brn
|-singleturn|p1a: Latios|move: Roost
|move|p2a: OkaygeBusiness|Taunt|p1a: Latios
|-start|p1a: Latios|move: Taunt
|
|-heal|p1a: Latios|99/100 brn|[from] item: Leftovers
|-damage|p1a: Latios|86/100 brn|[from] brn
|upkeep
|turn|47
|
|t:|1724275283
|move|p1a: Latios|Surf|p2a: OkaygeBusiness
|-immune|p2a: OkaygeBusiness|[from] ability: Water Absorb
|move|p2a: OkaygeBusiness|Night Shade|p1a: Latios
|-damage|p1a: Latios|53/100 brn
|
|-heal|p1a: Latios|59/100 brn|[from] item: Leftovers
|-damage|p1a: Latios|47/100 brn|[from] brn
|upkeep
|turn|48
|inactive|blue in unova has 120 seconds left.
|
|t:|1724275291
|switch|p1a: Dragonite|Dragonite, M|76/100
|-damage|p1a: Dragonite|51/100|[from] Stealth Rock
|move|p2a: OkaygeBusiness|Night Shade|p1a: Dragonite
|-damage|p1a: Dragonite|20/100
|
|upkeep
|turn|49
|inactive|blue in unova has 120 seconds left.
|
|t:|1724275302
|move|p1a: Dragonite|Outrage|p2a: OkaygeBusiness
|-damage|p2a: OkaygeBusiness|31/100
|move|p2a: OkaygeBusiness|Night Shade|p1a: Dragonite
|-damage|p1a: Dragonite|0 fnt
|faint|p1a: Dragonite
|
|-heal|p2a: OkaygeBusiness|37/100|[from] item: Leftovers
|upkeep
|
|t:|1724275305
|switch|p1a: Latios|Latios, M|47/100 brn
|-damage|p1a: Latios|34/100 brn|[from] Stealth Rock
|turn|50
|
|t:|1724275313
|move|p1a: Latios|Roost|p1a: Latios
|-heal|p1a: Latios|85/100 brn
|-singleturn|p1a: Latios|move: Roost
|move|p2a: OkaygeBusiness|Taunt|p1a: Latios
|-start|p1a: Latios|move: Taunt
|
|-heal|p1a: Latios|91/100 brn|[from] item: Leftovers
|-heal|p2a: OkaygeBusiness|44/100|[from] item: Leftovers
|-damage|p1a: Latios|78/100 brn|[from] brn
|upkeep
|turn|51
|j| StarBall
|
|t:|1724275327
|move|p1a: Latios|Surf|p2a: OkaygeBusiness
|-heal|p2a: OkaygeBusiness|68/100|[from] ability: Water Absorb|[of] p1a: Latios
|move|p2a: OkaygeBusiness|Night Shade|p1a: Latios
|-damage|p1a: Latios|45/100 brn
|
|-heal|p1a: Latios|51/100 brn|[from] item: Leftovers
|-heal|p2a: OkaygeBusiness|75/100|[from] item: Leftovers
|-damage|p1a: Latios|39/100 brn|[from] brn
|upkeep
|turn|52
|
|t:|1724275330
|move|p1a: Latios|Surf|p2a: OkaygeBusiness
|-heal|p2a: OkaygeBusiness|99/100|[from] ability: Water Absorb|[of] p1a: Latios
|move|p2a: OkaygeBusiness|Night Shade|p1a: Latios
|-damage|p1a: Latios|5/100 brn
|
|-heal|p1a: Latios|11/100 brn|[from] item: Leftovers
|-heal|p2a: OkaygeBusiness|100/100|[from] item: Leftovers
|-damage|p1a: Latios|0 fnt|[from] brn
|faint|p1a: Latios
|
|win|anglemort33
|upkeep
|raw|blue in unova's rating: 1334 &rarr; <strong>1314</strong><br />(-20 for losing)
|raw|anglemort33's rating: 1326 &rarr; <strong>1346</strong><br />(+20 for winning)
|c|☆blue in unova|GG
|l| StarBall
