|j|☆WaterLeau
|j|☆Princess Kisame
|player|p1|WaterLeau|ryuki|1510
|player|p2|Princess Kisame|fantina|1308
|teamsize|p1|6
|teamsize|p2|6
|gametype|singles
|gen|5
|tier|[Gen 5] OU
|rated|
|rule|Sleep Clause Mod: Limit one foe put to sleep
|rule|Species Clause: Limit one of each Pokémon
|rule|OHKO Clause: OHKO moves are banned
|rule|Moody Clause: Moody is banned
|rule|Evasion Moves Clause: Evasion moves are banned
|rule|Endless Battle Clause: Forcing endless battles is banned
|rule|HP Percentage Mod: HP is shown in percentages
|rule|Evasion Abilities Clause: Evasion abilities are banned
|rule|Baton Pass Clause: Limit one Baton Passer, can't pass Spe and other stats simultaneously
|rule|Swagger Clause: Swagger is banned
|clearpoke
|poke|p1|Alakazam, M|item
|poke|p1|Garchomp, M|item
|poke|p1|Gastrodon, F|item
|poke|p1|Skarmory, F|item
|poke|p1|Tyranitar, F|item
|poke|p1|Gengar, F|item
|poke|p2|Politoed, F|item
|poke|p2|Scizor, M|item
|poke|p2|Tentacruel, F|item
|poke|p2|Landorus-Therian, M|item
|poke|p2|Kyurem|item
|poke|p2|Mew|item
|teampreview
|inactive|Battle timer is ON: inactive players will automatically lose when time's up. (requested by Princess Kisame)
|inactive|WaterLeau has 120 seconds left.
|inactive|WaterLeau has 90 seconds left.
|
|start
|switch|p1a: Gastrodon|Gastrodon, F|100/100
|switch|p2a: Mew|Mew, shiny|100/100
|turn|1
|
|switch|p1a: Alakazam|Alakazam, M|100/100
|move|p2a: Mew|Will-O-Wisp|p1a: Alakazam
|-status|p1a: Alakazam|brn
|
|upkeep
|turn|2
|inactive|WaterLeau has 120 seconds left.
|
|move|p1a: Alakazam|Encore|p2a: Mew
|-start|p2a: Mew|Encore
|move|p2a: Mew|Will-O-Wisp|p1a: Alakazam|[miss]
|-miss|p2a: Mew|p1a: Alakazam
|
|upkeep
|turn|3
|
|switch|p2a: Scizor|Scizor, M|100/100
|move|p1a: Alakazam|Focus Blast|p2a: Scizor
|-crit|p2a: Scizor
|-damage|p2a: Scizor|29/100
|
|-heal|p2a: Scizor|35/100|[from] item: Leftovers
|upkeep
|turn|4
|inactive|WaterLeau has 120 seconds left.
|inactive|Princess Kisame has 120 seconds left.
|
|switch|p2a: Landorus|Landorus-Therian, M|100/100
|-ability|p2a: Landorus|Intimidate|boost
|-unboost|p1a: Alakazam|atk|1
|move|p1a: Alakazam|Focus Blast|p2a: Landorus|[miss]
|-miss|p1a: Alakazam|p2a: Landorus
|
|upkeep
|turn|5
|inactive|Princess Kisame has 120 seconds left.
|inactive|WaterLeau has 120 seconds left.
|
|switch|p1a: Garchomp|Garchomp, M|100/100
|move|p2a: Landorus|Stealth Rock|p1a: Garchomp
|-sidestart|p1: WaterLeau|move: Stealth Rock
|
|upkeep
|turn|6
|
|move|p1a: Garchomp|Stealth Rock|p2a: Landorus
|-sidestart|p2: Princess Kisame|move: Stealth Rock
|move|p2a: Landorus|Hidden Power|p1a: Garchomp
|-supereffective|p1a: Garchomp
|-damage|p1a: Garchomp|35/100
|
|upkeep
|turn|7
|
|move|p2a: Landorus|U-turn|p1a: Garchomp
|-damage|p1a: Garchomp|19/100
|-damage|p2a: Landorus|88/100|[from] ability: Rough Skin|[of] p1a: Garchomp
|-damage|p2a: Landorus|72/100|[from] item: Rocky Helmet|[of] p1a: Garchomp
|
|switch|p2a: Scizor|Scizor, M|35/100|[from]move: U-turn
|-damage|p2a: Scizor|22/100|[from] Stealth Rock
|move|p1a: Garchomp|Dragon Tail|p2a: Scizor
|-resisted|p2a: Scizor
|-damage|p2a: Scizor|10/100
|drag|p2a: Politoed|Politoed, F, shiny|100/100
|-damage|p2a: Politoed|88/100|[from] Stealth Rock
|-weather|RainDance|[from] ability: Drizzle|[of] p2a: Politoed
|
|-weather|RainDance|[upkeep]
|upkeep
|turn|8
|
|switch|p1a: Gastrodon|Gastrodon, F|100/100
|-damage|p1a: Gastrodon|94/100|[from] Stealth Rock
|move|p2a: Politoed|Ice Beam|p1a: Gastrodon
|-damage|p1a: Gastrodon|70/100
|
|-weather|RainDance|[upkeep]
|-heal|p1a: Gastrodon|76/100|[from] item: Leftovers
|upkeep
|turn|9
|
|move|p2a: Politoed|Ice Beam|p1a: Gastrodon
|-damage|p1a: Gastrodon|54/100
|move|p1a: Gastrodon|Earthquake|p2a: Politoed
|-damage|p2a: Politoed|46/100
|
|-weather|RainDance|[upkeep]
|-heal|p1a: Gastrodon|60/100|[from] item: Leftovers
|upkeep
|turn|10
|
|switch|p2a: Mew|Mew, shiny|100/100
|-damage|p2a: Mew|88/100|[from] Stealth Rock
|move|p1a: Gastrodon|Toxic|p2a: Mew
|-status|p2a: Mew|tox
|-activate|p2a: Mew|ability: Synchronize
|-status|p1a: Gastrodon|tox
|
|-weather|RainDance|[upkeep]
|-heal|p2a: Mew|94/100 tox|[from] item: Leftovers
|-heal|p1a: Gastrodon|66/100 tox|[from] item: Leftovers
|-damage|p2a: Mew|88/100 tox|[from] psn
|-damage|p1a: Gastrodon|60/100 tox|[from] psn
|upkeep
|turn|11
|
|switch|p2a: Tentacruel|Tentacruel, F|100/100
|-damage|p2a: Tentacruel|88/100|[from] Stealth Rock
|move|p1a: Gastrodon|Recover|p1a: Gastrodon
|-heal|p1a: Gastrodon|100/100 tox
|
|-weather|RainDance|[upkeep]
|-heal|p2a: Tentacruel|94/100|[from] ability: Rain Dish
|-heal|p2a: Tentacruel|99/100|[from] item: Black Sludge
|-damage|p1a: Gastrodon|88/100 tox|[from] psn
|upkeep
|turn|12
|
|move|p2a: Tentacruel|Substitute|p2a: Tentacruel
|-start|p2a: Tentacruel|Substitute
|-damage|p2a: Tentacruel|75/100
|move|p1a: Gastrodon|Earthquake|p2a: Tentacruel
|-supereffective|p2a: Tentacruel
|-end|p2a: Tentacruel|Substitute
|
|-weather|RainDance|[upkeep]
|-heal|p2a: Tentacruel|81/100|[from] ability: Rain Dish
|-heal|p2a: Tentacruel|88/100|[from] item: Black Sludge
|-heal|p1a: Gastrodon|94/100 tox|[from] item: Leftovers
|-damage|p1a: Gastrodon|76/100 tox|[from] psn
|upkeep
|turn|13
|
|switch|p1a: Garchomp|Garchomp, M|19/100
|-damage|p1a: Garchomp|13/100|[from] Stealth Rock
|move|p2a: Tentacruel|Substitute|p2a: Tentacruel
|-start|p2a: Tentacruel|Substitute
|-damage|p2a: Tentacruel|63/100
|
|-weather|RainDance|[upkeep]
|-heal|p2a: Tentacruel|69/100|[from] ability: Rain Dish
|-heal|p2a: Tentacruel|75/100|[from] item: Black Sludge
|upkeep
|turn|14
|inactive|Princess Kisame has 120 seconds left.
|inactive|Princess Kisame has 90 seconds left.
|
|move|p1a: Garchomp|Earthquake|p2a: Tentacruel
|-supereffective|p2a: Tentacruel
|-end|p2a: Tentacruel|Substitute
|move|p2a: Tentacruel|Scald|p1a: Garchomp
|-damage|p1a: Garchomp|0 fnt
|faint|p1a: Garchomp
|
|-weather|RainDance|[upkeep]
|-heal|p2a: Tentacruel|81/100|[from] ability: Rain Dish
|-heal|p2a: Tentacruel|87/100|[from] item: Black Sludge
|upkeep
|
|switch|p1a: Tyranitar|Tyranitar, F|100/100
|-damage|p1a: Tyranitar|88/100|[from] Stealth Rock
|-weather|Sandstorm|[from] ability: Sand Stream|[of] p1a: Tyranitar
|turn|15
|
|move|p1a: Tyranitar|Crunch|p2a: Tentacruel
|-damage|p2a: Tentacruel|50/100
|move|p2a: Tentacruel|Rapid Spin|p1a: Tyranitar
|-resisted|p1a: Tyranitar
|-damage|p1a: Tyranitar|87/100
|-sideend|p2: Princess Kisame|Stealth Rock|[from] move: Rapid Spin|[of] p2a: Tentacruel
|
|-weather|Sandstorm|[upkeep]
|-damage|p2a: Tentacruel|44/100|[from] Sandstorm
|-heal|p2a: Tentacruel|50/100|[from] item: Black Sludge
|upkeep
|turn|16
|inactive|Princess Kisame has 90 seconds left.
|
|move|p1a: Tyranitar|Crunch|p2a: Tentacruel
|-damage|p2a: Tentacruel|15/100
|-unboost|p2a: Tentacruel|def|1
|move|p2a: Tentacruel|Scald|p1a: Tyranitar
|-supereffective|p1a: Tyranitar
|-damage|p1a: Tyranitar|56/100
|
|-weather|Sandstorm|[upkeep]
|-damage|p2a: Tentacruel|8/100|[from] Sandstorm
|-heal|p2a: Tentacruel|15/100|[from] item: Black Sludge
|upkeep
|turn|17
|
|switch|p2a: Landorus|Landorus-Therian, M|72/100
|-ability|p2a: Landorus|Intimidate|boost
|-unboost|p1a: Tyranitar|atk|1
|move|p1a: Tyranitar|Crunch|p2a: Landorus
|-damage|p2a: Landorus|49/100
|
|-weather|Sandstorm|[upkeep]
|-heal|p2a: Landorus|55/100|[from] item: Leftovers
|upkeep
|turn|18
|
|switch|p1a: Skarmory|Skarmory, F|100/100
|-damage|p1a: Skarmory|88/100|[from] Stealth Rock
|move|p2a: Landorus|U-turn|p1a: Skarmory
|-resisted|p1a: Skarmory
|-damage|p1a: Skarmory|85/100
|-damage|p2a: Landorus|39/100|[from] item: Rocky Helmet|[of] p1a: Skarmory
|
|switch|p2a: Politoed|Politoed, F, shiny|46/100|[from]move: U-turn
|-weather|RainDance|[from] ability: Drizzle|[of] p2a: Politoed
|
|-weather|RainDance|[upkeep]
|upkeep
|turn|19
|
|switch|p2a: Kyurem|Kyurem, shiny|100/100
|-ability|p2a: Kyurem|Pressure
|move|p1a: Skarmory|Brave Bird|p2a: Kyurem
|-damage|p2a: Kyurem|70/100
|-damage|p1a: Skarmory|73/100|[from] Recoil
|
|-weather|RainDance|[upkeep]
|-heal|p2a: Kyurem|76/100|[from] item: Leftovers
|upkeep
|turn|20
|
|move|p2a: Kyurem|Ice Beam|p1a: Skarmory
|-crit|p1a: Skarmory
|-damage|p1a: Skarmory|0 fnt
|faint|p1a: Skarmory
|
|-weather|RainDance|[upkeep]
|-heal|p2a: Kyurem|82/100|[from] item: Leftovers
|upkeep
|
|switch|p1a: Tyranitar|Tyranitar, F|56/100
|-damage|p1a: Tyranitar|44/100|[from] Stealth Rock
|-weather|Sandstorm|[from] ability: Sand Stream|[of] p1a: Tyranitar
|turn|21
|
|switch|p2a: Scizor|Scizor, M|10/100
|move|p1a: Tyranitar|Crunch|p2a: Scizor
|-resisted|p2a: Scizor
|-damage|p2a: Scizor|0 fnt
|faint|p2a: Scizor
|
|-weather|Sandstorm|[upkeep]
|upkeep
|
|switch|p2a: Landorus|Landorus-Therian, M|39/100
|-ability|p2a: Landorus|Intimidate|boost
|-unboost|p1a: Tyranitar|atk|1
|turn|22
|inactive|Princess Kisame has 120 seconds left.
|
|switch|p1a: Gengar|Gengar, F|100/100
|-damage|p1a: Gengar|88/100|[from] Stealth Rock
|move|p2a: Landorus|U-turn|p1a: Gengar
|-resisted|p1a: Gengar
|-damage|p1a: Gengar|79/100
|inactive|Princess Kisame has 120 seconds left.
|
|switch|p2a: Politoed|Politoed, F, shiny|46/100|[from]move: U-turn
|-weather|RainDance|[from] ability: Drizzle|[of] p2a: Politoed
|
|-weather|RainDance|[upkeep]
|-heal|p1a: Gengar|85/100|[from] item: Black Sludge
|upkeep
|turn|23
|
|switch|p1a: Gastrodon|Gastrodon, F|76/100 tox
|-damage|p1a: Gastrodon|70/100 tox|[from] Stealth Rock
|move|p2a: Politoed|Scald|p1a: Gastrodon
|-ability|p1a: Gastrodon|Storm Drain|boost
|-boost|p1a: Gastrodon|spa|1
|
|-weather|RainDance|[upkeep]
|-heal|p1a: Gastrodon|76/100 tox|[from] item: Leftovers
|-damage|p1a: Gastrodon|70/100 tox|[from] psn
|upkeep
|turn|24
|
|switch|p2a: Tentacruel|Tentacruel, F|15/100
|move|p1a: Gastrodon|Toxic|p2a: Tentacruel
|-immune|p2a: Tentacruel
|
|-weather|RainDance|[upkeep]
|-heal|p2a: Tentacruel|21/100|[from] ability: Rain Dish
|-heal|p2a: Tentacruel|27/100|[from] item: Black Sludge
|-heal|p1a: Gastrodon|76/100 tox|[from] item: Leftovers
|-damage|p1a: Gastrodon|64/100 tox|[from] psn
|upkeep
|turn|25
|
|switch|p1a: Tyranitar|Tyranitar, F|44/100
|-damage|p1a: Tyranitar|32/100|[from] Stealth Rock
|-weather|Sandstorm|[from] ability: Sand Stream|[of] p1a: Tyranitar
|move|p2a: Tentacruel|Substitute|p2a: Tentacruel
|-start|p2a: Tentacruel|Substitute
|-damage|p2a: Tentacruel|2/100
|
|-weather|Sandstorm|[upkeep]
|-damage|p2a: Tentacruel|0 fnt|[from] Sandstorm
|faint|p2a: Tentacruel
|upkeep
|c|☆WaterLeau|LOOOL
|c|☆Princess Kisame|oops i'm dumb
|
|switch|p2a: Landorus|Landorus-Therian, M|39/100
|-ability|p2a: Landorus|Intimidate|boost
|-unboost|p1a: Tyranitar|atk|1
|turn|26
|
|move|p1a: Tyranitar|Ice Beam|p2a: Landorus
|-supereffective|p2a: Landorus
|-damage|p2a: Landorus|0 fnt
|faint|p2a: Landorus
|
|-weather|Sandstorm|[upkeep]
|upkeep
|
|switch|p2a: Kyurem|Kyurem, shiny|82/100
|-ability|p2a: Kyurem|Pressure
|turn|27
|
|switch|p1a: Alakazam|Alakazam, M|100/100 brn
|move|p2a: Kyurem|Ice Beam|p1a: Alakazam
|-damage|p1a: Alakazam|26/100 brn
|
|-weather|Sandstorm|[upkeep]
|-damage|p2a: Kyurem|76/100|[from] Sandstorm
|-heal|p2a: Kyurem|82/100|[from] item: Leftovers
|upkeep
|turn|28
|
|move|p1a: Alakazam|Focus Blast|p2a: Kyurem
|-supereffective|p2a: Kyurem
|-damage|p2a: Kyurem|7/100
|move|p2a: Kyurem|Ice Beam|p1a: Alakazam
|-damage|p1a: Alakazam|0 fnt
|faint|p1a: Alakazam
|
|-weather|Sandstorm|[upkeep]
|-damage|p2a: Kyurem|0 fnt|[from] Sandstorm
|faint|p2a: Kyurem
|upkeep
|
|switch|p1a: Gastrodon|Gastrodon, F|64/100 tox
|switch|p2a: Mew|Mew, shiny|88/100 tox
|-damage|p1a: Gastrodon|58/100 tox|[from] Stealth Rock
|turn|29
|
|move|p2a: Mew|Taunt|p1a: Gastrodon
|-start|p1a: Gastrodon|move: Taunt
|cant|p1a: Gastrodon|move: Taunt|Recover
|
|-weather|Sandstorm|[upkeep]
|-damage|p2a: Mew|82/100 tox|[from] Sandstorm
|-heal|p2a: Mew|88/100 tox|[from] item: Leftovers
|-heal|p1a: Gastrodon|64/100 tox|[from] item: Leftovers
|-damage|p2a: Mew|82/100 tox|[from] psn
|-damage|p1a: Gastrodon|58/100 tox|[from] psn
|upkeep
|turn|30
|
|switch|p2a: Politoed|Politoed, F, shiny|46/100
|-weather|RainDance|[from] ability: Drizzle|[of] p2a: Politoed
|switch|p1a: Tyranitar|Tyranitar, F|32/100
|-damage|p1a: Tyranitar|19/100|[from] Stealth Rock
|-weather|Sandstorm|[from] ability: Sand Stream|[of] p1a: Tyranitar
|
|-weather|Sandstorm|[upkeep]
|-damage|p2a: Politoed|40/100|[from] Sandstorm
|upkeep
|turn|31
|
|switch|p1a: Gastrodon|Gastrodon, F|58/100 tox
|-damage|p1a: Gastrodon|52/100 tox|[from] Stealth Rock
|move|p2a: Politoed|Scald|p1a: Gastrodon
|-ability|p1a: Gastrodon|Storm Drain|boost
|-boost|p1a: Gastrodon|spa|1
|
|-weather|Sandstorm|[upkeep]
|-damage|p2a: Politoed|34/100|[from] Sandstorm
|-heal|p1a: Gastrodon|58/100 tox|[from] item: Leftovers
|-damage|p1a: Gastrodon|52/100 tox|[from] psn
|upkeep
|turn|32
|
|switch|p2a: Mew|Mew, shiny|82/100 tox
|move|p1a: Gastrodon|Recover|p1a: Gastrodon
|-heal|p1a: Gastrodon|100/100 tox
|
|-weather|Sandstorm|[upkeep]
|-damage|p2a: Mew|76/100 tox|[from] Sandstorm
|-heal|p2a: Mew|82/100 tox|[from] item: Leftovers
|-damage|p2a: Mew|76/100 tox|[from] psn
|-damage|p1a: Gastrodon|88/100 tox|[from] psn
|upkeep
|turn|33
|
|move|p2a: Mew|Taunt|p1a: Gastrodon
|-start|p1a: Gastrodon|move: Taunt
|move|p1a: Gastrodon|Ice Beam|p2a: Mew
|-damage|p2a: Mew|49/100 tox
|
|-weather|Sandstorm|[upkeep]
|-damage|p2a: Mew|43/100 tox|[from] Sandstorm
|-heal|p2a: Mew|49/100 tox|[from] item: Leftovers
|-heal|p1a: Gastrodon|94/100 tox|[from] item: Leftovers
|-damage|p2a: Mew|37/100 tox|[from] psn
|-damage|p1a: Gastrodon|76/100 tox|[from] psn
|upkeep
|turn|34
|
|switch|p1a: Gengar|Gengar, F|85/100
|-damage|p1a: Gengar|73/100|[from] Stealth Rock
|move|p2a: Mew|Soft-Boiled|p2a: Mew
|-heal|p2a: Mew|87/100 tox
|
|-weather|Sandstorm|[upkeep]
|-damage|p1a: Gengar|67/100|[from] Sandstorm
|-damage|p2a: Mew|80/100 tox|[from] Sandstorm
|-heal|p1a: Gengar|73/100|[from] item: Black Sludge
|-heal|p2a: Mew|87/100 tox|[from] item: Leftovers
|-damage|p2a: Mew|68/100 tox|[from] psn
|upkeep
|turn|35
|
|move|p1a: Gengar|Substitute|p1a: Gengar
|-start|p1a: Gengar|Substitute
|-damage|p1a: Gengar|48/100
|move|p2a: Mew|Ice Beam|p1a: Gengar
|-end|p1a: Gengar|Substitute
|
|-weather|Sandstorm|[upkeep]
|-damage|p1a: Gengar|42/100|[from] Sandstorm
|-damage|p2a: Mew|62/100 tox|[from] Sandstorm
|-heal|p1a: Gengar|48/100|[from] item: Black Sludge
|-heal|p2a: Mew|68/100 tox|[from] item: Leftovers
|-damage|p2a: Mew|43/100 tox|[from] psn
|upkeep
|turn|36
|
|switch|p2a: Politoed|Politoed, F, shiny|34/100
|-weather|RainDance|[from] ability: Drizzle|[of] p2a: Politoed
|move|p1a: Gengar|Shadow Ball|p2a: Politoed
|-damage|p2a: Politoed|0 fnt
|faint|p2a: Politoed
|
|-weather|RainDance|[upkeep]
|-heal|p1a: Gengar|54/100|[from] item: Black Sludge
|upkeep
|c|☆Princess Kisame|unlucky =/
|c|☆WaterLeau|game
|-message|Princess Kisame forfeited.
|
|win|WaterLeau
|l|☆Princess Kisame
|raw|WaterLeau's rating: 1510 &rarr; <strong>1520</strong><br />(+10 for winning)
|raw|Princess Kisame's rating: 1308 &rarr; <strong>1298</strong><br />(-10 for losing)
