|j|☆DraykOP
|j|☆el janitor
|t:|1707852989
|gametype|singles
|player|p1|DraykOP|juan|1392
|player|p2|el janitor|170|1394
|teamsize|p1|6
|teamsize|p2|6
|gen|5
|tier|[Gen 5] OU
|rated|
|rule|Species Clause: Limit one of each Pokémon
|rule|OHKO Clause: OHKO moves are banned
|rule|Moody Clause: Moody is banned
|rule|Evasion Items Clause: Evasion items are banned
|rule|Evasion Moves Clause: Evasion moves are banned
|rule|Endless Battle Clause: Forcing endless battles is banned
|rule|HP Percentage Mod: HP is shown in percentages
|rule|Evasion Abilities Clause: Evasion abilities are banned
|rule|Sleep Moves Clause: Sleep-inducing moves are banned
|rule|Swagger Clause: Swagger is banned
|rule|Baton Pass Stat Clause: No Baton Passer may have a way to boost its stats
|clearpoke
|poke|p1|Politoed, F|item
|poke|p1|Thundurus-Therian, M|item
|poke|p1|Keldeo|item
|poke|p1|Ferrothorn, M|item
|poke|p1|Tentacruel, F|item
|poke|p1|Weavile, F|item
|poke|p2|Politoed, M|item
|poke|p2|Landorus-Therian, M|item
|poke|p2|Tentacruel, F|item
|poke|p2|Toxicroak, M|item
|poke|p2|Tornadus, M|item
|poke|p2|Ferrothorn, F|item
|teampreview
|inactive|Battle timer is ON: inactive players will automatically lose when time's up. (requested by el janitor)
|
|t:|1707853004
|start
|switch|p1a: Thundurus|Thundurus-Therian, M, shiny|100/100
|switch|p2a: Landorus|Landorus-Therian, M|100/100
|-ability|p2a: Landorus|Intimidate|boost
|-unboost|p1a: Thundurus|atk|1
|turn|1
|
|t:|1707853009
|move|p2a: Landorus|U-turn|p1a: Thundurus
|-resisted|p1a: Thundurus
|-crit|p1a: Thundurus
|-damage|p1a: Thundurus|65/100
|
|t:|1707853015
|switch|p2a: Politoed|Politoed, M|100/100|[from] U-turn
|-weather|RainDance|[from] ability: Drizzle|[of] p2a: Politoed
|move|p1a: Thundurus|Hidden Power|p2a: Politoed
|-resisted|p2a: Politoed
|-damage|p2a: Politoed|87/100
|
|-weather|RainDance|[upkeep]
|-heal|p1a: Thundurus|71/100|[from] item: Leftovers
|-heal|p2a: Politoed|93/100|[from] item: Leftovers
|upkeep
|turn|2
|
|t:|1707853018
|switch|p2a: Ferrothorn|Ferrothorn, F|100/100
|move|p1a: Thundurus|Thunder|p2a: Ferrothorn
|-resisted|p2a: Ferrothorn
|-damage|p2a: Ferrothorn|77/100
|
|-weather|RainDance|[upkeep]
|-heal|p1a: Thundurus|78/100|[from] item: Leftovers
|-heal|p2a: Ferrothorn|83/100|[from] item: Leftovers
|upkeep
|turn|3
|
|t:|1707853024
|move|p1a: Thundurus|Focus Blast|p2a: Ferrothorn|[miss]
|-miss|p1a: Thundurus|p2a: Ferrothorn
|move|p2a: Ferrothorn|Gyro Ball|p1a: Thundurus
|-resisted|p1a: Thundurus
|-damage|p1a: Thundurus|39/100
|
|-weather|RainDance|[upkeep]
|-heal|p1a: Thundurus|45/100|[from] item: Leftovers
|-heal|p2a: Ferrothorn|89/100|[from] item: Leftovers
|upkeep
|turn|4
|
|t:|1707853028
|move|p1a: Thundurus|Focus Blast|p2a: Ferrothorn
|-supereffective|p2a: Ferrothorn
|-damage|p2a: Ferrothorn|29/100
|move|p2a: Ferrothorn|Stealth Rock|p1a: Thundurus
|-sidestart|p1: DraykOP|move: Stealth Rock
|
|-weather|RainDance|[upkeep]
|-heal|p1a: Thundurus|51/100|[from] item: Leftovers
|-heal|p2a: Ferrothorn|35/100|[from] item: Leftovers
|upkeep
|turn|5
|
|t:|1707853033
|switch|p2a: Tornadus|Tornadus, M|100/100
|move|p1a: Thundurus|Focus Blast|p2a: Tornadus|[miss]
|-miss|p1a: Thundurus|p2a: Tornadus
|
|-weather|RainDance|[upkeep]
|-heal|p1a: Thundurus|57/100|[from] item: Leftovers
|upkeep
|turn|6
|inactive|el janitor has 120 seconds left.
|
|t:|1707853070
|move|p2a: Tornadus|U-turn|p1a: Thundurus
|-resisted|p1a: Thundurus
|-damage|p1a: Thundurus|44/100
|
|t:|1707853072
|switch|p2a: Ferrothorn|Ferrothorn, F|35/100|[from] U-turn
|move|p1a: Thundurus|Agility|p1a: Thundurus
|-boost|p1a: Thundurus|spe|2
|
|-weather|RainDance|[upkeep]
|-heal|p1a: Thundurus|51/100|[from] item: Leftovers
|-heal|p2a: Ferrothorn|41/100|[from] item: Leftovers
|upkeep
|turn|7
|inactive|el janitor has 120 seconds left.
|
|t:|1707853090
|switch|p2a: Politoed|Politoed, M|93/100
|move|p1a: Thundurus|Focus Blast|p2a: Politoed
|-damage|p2a: Politoed|47/100
|
|-weather|RainDance|[upkeep]
|-heal|p1a: Thundurus|57/100|[from] item: Leftovers
|-heal|p2a: Politoed|53/100|[from] item: Leftovers
|upkeep
|turn|8
|
|t:|1707853095
|move|p1a: Thundurus|Thunder|p2a: Politoed
|-supereffective|p2a: Politoed
|-damage|p2a: Politoed|0 fnt
|faint|p2a: Politoed
|
|-weather|RainDance|[upkeep]
|-heal|p1a: Thundurus|63/100|[from] item: Leftovers
|upkeep
|
|t:|1707853101
|switch|p2a: Toxicroak|Toxicroak, M|100/100
|turn|9
|
|t:|1707853103
|move|p2a: Toxicroak|Sucker Punch|p1a: Thundurus
|-damage|p1a: Thundurus|10/100
|-damage|p2a: Toxicroak|91/100|[from] item: Life Orb
|move|p1a: Thundurus|Thunder|p2a: Toxicroak
|-crit|p2a: Toxicroak
|-damage|p2a: Toxicroak|0 fnt
|faint|p2a: Toxicroak
|
|-weather|RainDance|[upkeep]
|-heal|p1a: Thundurus|16/100|[from] item: Leftovers
|upkeep
|
|t:|1707853110
|switch|p2a: Tentacruel|Tentacruel, F|100/100
|turn|10
|
|t:|1707853113
|move|p1a: Thundurus|Thunder|p2a: Tentacruel
|-supereffective|p2a: Tentacruel
|-damage|p2a: Tentacruel|0 fnt
|faint|p2a: Tentacruel
|
|-weather|RainDance|[upkeep]
|-heal|p1a: Thundurus|22/100|[from] item: Leftovers
|upkeep
|c|☆el janitor|gg
|-message|el janitor forfeited.
|
|win|DraykOP
|raw|DraykOP's rating: 1392 &rarr; <strong>1412</strong><br />(+20 for winning)
|raw|el janitor's rating: 1394 &rarr; <strong>1374</strong><br />(-20 for losing)
|l|☆el janitor
|player|p2|
