|join|Sage Hane
|join|gutten_tag
|player|p1|Sage Hane|290
|player|p2|gutten_tag|265
|gametype|singles
|gen|5
|tier|[Gen 5] OU
|rated
|rule|Evasion Abilities Clause: Evasion abilities are banned
|clearpoke
|poke|p1|Chansey, F
|poke|p1|Wobbuffet, F
|poke|p1|Cloyster, F
|poke|p1|Garchomp, F
|poke|p1|Dragonite, F
|poke|p1|Donphan, F
|poke|p2|Politoed, F
|poke|p2|Landorus-Therian, M
|poke|p2|Ferrothorn, M
|poke|p2|Thundurus-Therian, M
|poke|p2|Tentacruel, F
|poke|p2|Tornadus, M
|rule|Sleep Clause Mod: Limit one foe put to sleep
|rule|Species Clause: Limit one of each Pokemon
|rule|OHKO Clause: OHKO moves are banned
|rule|Moody Clause: Moody is banned
|rule|Evasion Moves Clause: Evasion moves are banned
|rule|Endless Battle Clause: Forcing endless battles is banned.
|rule|HP Percentage Mod: HP is reported as percentages
|teampreview
|chat|gutten_tag|omg
|chat|Sage Hane|om buddah
|chat|gutten_tag|didn't expect that coming
|chat|Sage Hane|me too
|
|start
|switch|p1a: Blue Chu Chu|Wobbuffet, F|528/528
|switch|p2a: Politoed|Politoed, F|384/384
|-weather|RainDance|[from] ability: Drizzle|[of] p2a: Politoed
|turn|1
|
|move|p2a: Politoed|Encore|p1a: Blue Chu Chu
|-fail|p1a: Blue Chu Chu
|move|p1a: Blue Chu Chu|Mirror Coat|p2a: Politoed
|-fail|p2a: Politoed
|
|-weather|RainDance|[upkeep]
|turn|2
|chat|gutten_tag|lol
|
|move|p2a: Politoed|Encore|p1a: Blue Chu Chu
|-start|p1a: Blue Chu Chu|Encore
|move|p1a: Blue Chu Chu|Mirror Coat|p2a: Politoed
|-fail|p2a: Politoed
|
|-weather|RainDance|[upkeep]
|turn|3
|
|switch|p1a: Weird Egg|Chansey, F|642/642
|move|p2a: Politoed|Encore|p1a: Weird Egg
|-fail|p1a: Weird Egg
|
|-weather|RainDance|[upkeep]
|turn|4
|
|switch|p2a: Tentacruel|Tentacruel, F|364/364
|switch|p1a: Blue Chu Chu|Wobbuffet, F|528/528
|
|-weather|RainDance|[upkeep]
|turn|5
|
|move|p2a: Tentacruel|Toxic|p1a: Blue Chu Chu|[miss]
|-miss|p2a: Tentacruel|p1a: Blue Chu Chu
|move|p1a: Blue Chu Chu|Encore|p2a: Tentacruel
|-start|p2a: Tentacruel|Encore
|
|-weather|RainDance|[upkeep]
|turn|6
|chat|gutten_tag|lol
|
|move|p2a: Tentacruel|Toxic|p1a: Blue Chu Chu
|-status|p1a: Blue Chu Chu|tox
|move|p1a: Blue Chu Chu|Safeguard|p1a: Blue Chu Chu
|-sidestart|p1: Sage Hane|Safeguard
|
|-weather|RainDance|[upkeep]
|-damage|p1a: Blue Chu Chu|495/528 tox|[from] psn
|turn|7
|
|switch|p1a: Shell Blade|Cloyster, F|241/241
|move|p2a: Tentacruel|Toxic|p1a: Shell Blade
|-fail|p1a: Shell Blade
|
|-weather|RainDance|[upkeep]
|turn|8
|chat|gutten_tag|:(
|
|switch|p2a: Ferrothorn|Ferrothorn, M|352/352
|move|p1a: Shell Blade|Shell Smash|p1a: Shell Blade
|-boost|p1a: Shell Blade|atk|2
|-boost|p1a: Shell Blade|spa|2
|-boost|p1a: Shell Blade|spe|2
|-unboost|p1a: Shell Blade|def|1
|-unboost|p1a: Shell Blade|spd|1
|
|-weather|RainDance|[upkeep]
|turn|9
|chat|Sage Hane|unlike most players, I depend on reliable hax
|chat|gutten_tag|so this shell use king's rock
|chat|gutten_tag|i guess?
|chat|Sage Hane|like kings rock
|chat|Sage Hane|yup
|chat|gutten_tag|:(
|
|move|p1a: Shell Blade|Icicle Spear|p2a: Ferrothorn
|-damage|p2a: Ferrothorn|303/352
|-damage|p2a: Ferrothorn|246/352
|-damage|p2a: Ferrothorn|197/352
|-damage|p2a: Ferrothorn|145/352
|-damage|p2a: Ferrothorn|93/352
|-hitcount|p2a: Ferrothorn|5
|cant|p2a: Ferrothorn|flinch
|
|-weather|RainDance|[upkeep]
|-heal|p2a: Ferrothorn|115/352|[from] item: Leftovers
|turn|10
|chat|Sage Hane|usually after d nite gets everyone
|
|move|p1a: Shell Blade|Icicle Spear|p2a: Ferrothorn
|-damage|p2a: Ferrothorn|61/352
|-crit|p2a: Ferrothorn
|-damage|p2a: Ferrothorn|0 fnt
|-hitcount|p2a: Ferrothorn|2
|faint|p2a: Ferrothorn
|
|-weather|RainDance|[upkeep]
|-sideend|p1: Sage Hane|Safeguard
|chat|Sage Hane|with t wave
|chat|gutten_tag|:(
|
|switch|p2a: Thundurus-Therian|Thundurus-Therian, M|300/300
|turn|11
|chat|Sage Hane|I will go to top 1 in the ladder with hax
|chat|gutten_tag|...
|chat|gutten_tag|i don't care about ladder
|chat|Sage Hane|i used to have life orb though
|
|move|p1a: Shell Blade|Icicle Spear|p2a: Thundurus-Therian
|-supereffective|p2a: Thundurus-Therian
|-damage|p2a: Thundurus-Therian|120/300
|-supereffective|p2a: Thundurus-Therian
|-damage|p2a: Thundurus-Therian|0 fnt
|-hitcount|p2a: Thundurus-Therian|2
|faint|p2a: Thundurus-Therian
|
|-weather|RainDance|[upkeep]
|
|switch|p2a: Politoed|Politoed, F|384/384
|turn|12
|chat|Sage Hane|hah!
|chat|gutten_tag|?
|chat|gutten_tag|i know i lose for sure
|chat|Sage Hane|don't miss
|
|move|p1a: Shell Blade|Rock Blast|p2a: Politoed
|-damage|p2a: Politoed|320/384
|-damage|p2a: Politoed|262/384
|-damage|p2a: Politoed|198/384
|-crit|p2a: Politoed
|-damage|p2a: Politoed|80/384
|-crit|p2a: Politoed
|-damage|p2a: Politoed|0 fnt
|-hitcount|p2a: Politoed|5
|faint|p2a: Politoed
|
|-weather|RainDance|[upkeep]
|chat|gutten_tag|2 crit :v :v
|chat|gutten_tag|so i can blame the hax :v :v
|chat|gutten_tag|for my lost :v
|-message|gutten_tag forfeited.
|
|win|Sage Hane
|raw|Ladder updating...
|leave|gutten_tag
|player|p2
|raw|Sage Hane's rating: 1383 &rarr; <strong>1402</strong><br />(+19 for winning)
|raw|gutten_tag's rating: 1380 &rarr; <strong>1360</strong><br />(-20 for losing)
|chat|Sage Hane|rock blast usually misses 80% of the time