|j|☆porrompompom
|j|☆NOSLEEPTILLBKLYN
|player|p1|porrompompom|265|1562
|player|p2|NOSLEEPTILLBKLYN|ethan-gen2|1662
|teamsize|p1|6
|teamsize|p2|6
|gametype|singles
|gen|5
|tier|[Gen 5] OU
|rated|
|clearpoke
|poke|p1|Ninetales, F|item
|poke|p1|Xatu, M|item
|poke|p1|Chansey, F|item
|poke|p1|Forretress, M|item
|poke|p1|Cresselia, F|item
|poke|p1|Seismitoad, M|item
|poke|p2|Politoed, M|item
|poke|p2|Dragonite, M|item
|poke|p2|Vaporeon, M|item
|poke|p2|Xatu, F|item
|poke|p2|Celebi|item
|poke|p2|Jirachi|item
|rule|Species Clause: Limit one of each Pokémon
|rule|OHKO Clause: OHKO moves are banned
|rule|Moody Clause: Moody is banned
|rule|Evasion Moves Clause: Evasion moves are banned
|rule|Endless Battle Clause: Forcing endless battles is banned
|rule|HP Percentage Mod: HP is shown in percentages
|rule|Evasion Abilities Clause: Evasion abilities are banned
|rule|Baton Pass Clause: Limit one Baton Passer, can't pass Spe and other stats simultaneously
|rule|Sleep Clause: Sleep-inducing moves are banned
|rule|Swagger Clause: Swagger is banned
|teampreview
|l|☆NOSLEEPTILLBKLYN
|player|p2|
|j|☆NOSLEEPTILLBKLYN
|player|p2|NOSLEEPTILLBKLYN|ethan-gen2
|inactive|Battle timer is ON: inactive players will automatically lose when time's up. (requested by porrompompom)
|
|start
|switch|p1a: Seismitoad|Seismitoad, M|100/100
|switch|p2a: Vaporeon|Vaporeon, M|100/100
|turn|1
|
|move|p2a: Vaporeon|Baton Pass|p2a: Vaporeon
|
|switch|p2a: Celebi|Celebi|100/100|[from]move: Baton Pass
|move|p1a: Seismitoad|Scald|p2a: Celebi
|-resisted|p2a: Celebi
|-damage|p2a: Celebi|93/100
|-status|p2a: Celebi|brn
|
|-heal|p2a: Celebi|99/100 brn|[from] item: Leftovers
|-damage|p2a: Celebi|86/100 brn|[from] brn
|upkeep
|turn|2
|
|switch|p1a: Ninetales|Ninetales, F|100/100
|-weather|SunnyDay|[from] ability: Drought|[of] p1a: Ninetales
|move|p2a: Celebi|Giga Drain|p1a: Ninetales
|-resisted|p1a: Ninetales
|-damage|p1a: Ninetales|87/100
|-heal|p2a: Celebi|92/100 brn|[from] drain|[of] p1a: Ninetales
|
|-weather|SunnyDay|[upkeep]
|-heal|p1a: Ninetales|93/100|[from] item: Leftovers
|-heal|p2a: Celebi|99/100 brn|[from] item: Leftovers
|-damage|p2a: Celebi|86/100 brn|[from] brn
|upkeep
|turn|3
|
|switch|p2a: Vaporeon|Vaporeon, M|100/100
|move|p1a: Ninetales|Will-O-Wisp|p2a: Vaporeon|[miss]
|-miss|p1a: Ninetales|p2a: Vaporeon
|
|-weather|SunnyDay|[upkeep]
|-heal|p1a: Ninetales|99/100|[from] item: Leftovers
|upkeep
|turn|4
|
|switch|p1a: Seismitoad|Seismitoad, M|100/100
|move|p2a: Vaporeon|Baton Pass|p2a: Vaporeon
|
|switch|p2a: Celebi|Celebi|86/100|[from]move: Baton Pass
|
|-weather|SunnyDay|[upkeep]
|-heal|p2a: Celebi|92/100|[from] item: Leftovers
|upkeep
|turn|5
|
|switch|p1a: Forretress|Forretress, M|100/100
|move|p2a: Celebi|Psychic|p1a: Forretress
|-resisted|p1a: Forretress
|-damage|p1a: Forretress|86/100
|
|-weather|SunnyDay|[upkeep]
|-heal|p2a: Celebi|99/100|[from] item: Leftovers
|-heal|p1a: Forretress|92/100|[from] item: Leftovers
|upkeep
|turn|6
|
|switch|p2a: Xatu|Xatu, F|100/100
|switch|p1a: Ninetales|Ninetales, F|99/100
|
|-weather|SunnyDay|[upkeep]
|-heal|p1a: Ninetales|100/100|[from] item: Leftovers
|upkeep
|turn|7
|
|switch|p1a: Xatu|Xatu, M|100/100
|switch|p2a: Vaporeon|Vaporeon, M|100/100
|
|-weather|SunnyDay|[upkeep]
|upkeep
|turn|8
|j| KOUWOZ
|
|move|p1a: Xatu|U-turn|p2a: Vaporeon
|-damage|p2a: Vaporeon|89/100
|
|switch|p1a: Seismitoad|Seismitoad, M|100/100|[from]move: U-turn
|move|p2a: Vaporeon|Scald|p1a: Seismitoad
|-immune|p1a: Seismitoad|[from] ability: Water Absorb
|
|-weather|SunnyDay|[upkeep]
|-heal|p2a: Vaporeon|95/100|[from] item: Leftovers
|upkeep
|turn|9
|
|switch|p1a: Xatu|Xatu, M|100/100
|move|p2a: Vaporeon|Baton Pass|p2a: Vaporeon
|
|switch|p2a: Politoed|Politoed, M|100/100|[from]move: Baton Pass
|-weather|RainDance|[from] ability: Drizzle|[of] p2a: Politoed
|
|-weather|RainDance|[upkeep]
|upkeep
|turn|10
|
|switch|p1a: Chansey|Chansey, F|100/100
|move|p2a: Politoed|Ice Beam|p1a: Chansey
|-crit|p1a: Chansey
|-damage|p1a: Chansey|87/100
|
|-weather|RainDance|[upkeep]
|upkeep
|turn|11
|
|switch|p2a: Xatu|Xatu, F|100/100
|switch|p1a: Ninetales|Ninetales, F|100/100
|-weather|SunnyDay|[from] ability: Drought|[of] p1a: Ninetales
|
|-weather|SunnyDay|[upkeep]
|upkeep
|turn|12
|
|switch|p2a: Vaporeon|Vaporeon, M|95/100
|move|p1a: Ninetales|Overheat|p2a: Vaporeon
|-resisted|p2a: Vaporeon
|-damage|p2a: Vaporeon|78/100
|-unboost|p1a: Ninetales|spa|2
|
|-weather|SunnyDay|[upkeep]
|-heal|p2a: Vaporeon|84/100|[from] item: Leftovers
|upkeep
|turn|13
|
|switch|p1a: Seismitoad|Seismitoad, M|100/100
|move|p2a: Vaporeon|Baton Pass|p2a: Vaporeon
|
|switch|p2a: Celebi|Celebi|99/100|[from]move: Baton Pass
|
|-weather|SunnyDay|[upkeep]
|-heal|p2a: Celebi|100/100|[from] item: Leftovers
|upkeep
|turn|14
|
|switch|p1a: Chansey|Chansey, F|87/100
|move|p2a: Celebi|Psychic|p1a: Chansey
|-damage|p1a: Chansey|78/100
|
|-weather|SunnyDay|[upkeep]
|upkeep
|turn|15
|
|switch|p2a: Xatu|Xatu, F|100/100
|switch|p1a: Ninetales|Ninetales, F|100/100
|
|-weather|SunnyDay|[upkeep]
|upkeep
|turn|16
|
|switch|p1a: Seismitoad|Seismitoad, M|100/100
|switch|p2a: Vaporeon|Vaporeon, M|84/100
|
|-weather|SunnyDay|[upkeep]
|-heal|p2a: Vaporeon|90/100|[from] item: Leftovers
|upkeep
|turn|17
|
|move|p2a: Vaporeon|Baton Pass|p2a: Vaporeon
|
|switch|p2a: Celebi|Celebi|100/100|[from]move: Baton Pass
|move|p1a: Seismitoad|Scald|p2a: Celebi
|-resisted|p2a: Celebi
|-damage|p2a: Celebi|97/100
|
|-weather|SunnyDay|[upkeep]
|-heal|p2a: Celebi|100/100|[from] item: Leftovers
|upkeep
|turn|18
|
|switch|p2a: Xatu|Xatu, F|100/100
|switch|p1a: Forretress|Forretress, M|92/100
|
|-weather|SunnyDay|[upkeep]
|-heal|p1a: Forretress|99/100|[from] item: Leftovers
|upkeep
|turn|19
|
|switch|p1a: Chansey|Chansey, F|78/100
|move|p2a: Xatu|Night Shade|p1a: Chansey
|-immune|p1a: Chansey
|
|-weather|SunnyDay|[upkeep]
|upkeep
|turn|20
|
|move|p2a: Xatu|Night Shade|p1a: Chansey
|-immune|p1a: Chansey
|move|p1a: Chansey|Seismic Toss|p2a: Xatu
|-damage|p2a: Xatu|71/100
|-damage|p1a: Chansey|62/100|[from] item: Rocky Helmet|[of] p2a: Xatu
|
|-weather|SunnyDay|[upkeep]
|upkeep
|turn|21
|
|move|p2a: Xatu|Night Shade|p1a: Chansey
|-immune|p1a: Chansey
|move|p1a: Chansey|Soft-Boiled|p1a: Chansey
|-heal|p1a: Chansey|100/100
|
|-weather|SunnyDay|[upkeep]
|upkeep
|turn|22
|
|move|p2a: Xatu|Roost|p2a: Xatu
|-heal|p2a: Xatu|100/100
|-singleturn|p2a: Xatu|move: Roost
|move|p1a: Chansey|Seismic Toss|p2a: Xatu
|-damage|p2a: Xatu|71/100
|-damage|p1a: Chansey|84/100|[from] item: Rocky Helmet|[of] p2a: Xatu
|
|-weather|SunnyDay|[upkeep]
|upkeep
|turn|23
|
|move|p2a: Xatu|Night Shade|p1a: Chansey
|-immune|p1a: Chansey
|move|p1a: Chansey|Seismic Toss|p2a: Xatu
|-damage|p2a: Xatu|41/100
|-damage|p1a: Chansey|67/100|[from] item: Rocky Helmet|[of] p2a: Xatu
|
|-weather|SunnyDay|[upkeep]
|upkeep
|turn|24
|
|move|p2a: Xatu|Roost|p2a: Xatu
|-heal|p2a: Xatu|91/100
|-singleturn|p2a: Xatu|move: Roost
|move|p1a: Chansey|Seismic Toss|p2a: Xatu
|-damage|p2a: Xatu|61/100
|-damage|p1a: Chansey|51/100|[from] item: Rocky Helmet|[of] p2a: Xatu
|
|-weather|SunnyDay|[upkeep]
|upkeep
|turn|25
|
|move|p2a: Xatu|Thief|p1a: Chansey
|-damage|p1a: Chansey|45/100
|move|p1a: Chansey|Soft-Boiled|p1a: Chansey
|-heal|p1a: Chansey|95/100
|
|-weather|SunnyDay|[upkeep]
|upkeep
|turn|26
|
|move|p2a: Xatu|Night Shade|p1a: Chansey
|-immune|p1a: Chansey
|move|p1a: Chansey|Seismic Toss|p2a: Xatu
|-damage|p2a: Xatu|31/100
|-damage|p1a: Chansey|79/100|[from] item: Rocky Helmet|[of] p2a: Xatu
|
|-weather|SunnyDay|[upkeep]
|upkeep
|turn|27
|
|switch|p1a: Ninetales|Ninetales, F|100/100
|move|p2a: Xatu|Roost|p2a: Xatu
|-heal|p2a: Xatu|81/100
|-singleturn|p2a: Xatu|move: Roost
|
|-weather|SunnyDay|[upkeep]
|upkeep
|turn|28
|
|switch|p1a: Seismitoad|Seismitoad, M|100/100
|switch|p2a: Vaporeon|Vaporeon, M|90/100
|
|-weather|SunnyDay|[upkeep]
|-heal|p2a: Vaporeon|96/100|[from] item: Leftovers
|upkeep
|turn|29
|
|move|p2a: Vaporeon|Baton Pass|p2a: Vaporeon
|
|switch|p2a: Celebi|Celebi|100/100|[from]move: Baton Pass
|move|p1a: Seismitoad|Stealth Rock|p2a: Celebi
|-sidestart|p2: NOSLEEPTILLBKLYN|move: Stealth Rock
|
|-weather|SunnyDay|[upkeep]
|upkeep
|turn|30
|
|switch|p1a: Chansey|Chansey, F|79/100
|move|p2a: Celebi|Stealth Rock|p1a: Chansey
|-sidestart|p1: porrompompom|move: Stealth Rock
|
|-weather|SunnyDay|[upkeep]
|upkeep
|turn|31
|
|switch|p2a: Politoed|Politoed, M|100/100
|-damage|p2a: Politoed|88/100|[from] Stealth Rock
|-weather|RainDance|[from] ability: Drizzle|[of] p2a: Politoed
|switch|p1a: Forretress|Forretress, M|99/100
|-damage|p1a: Forretress|86/100|[from] Stealth Rock
|
|-weather|RainDance|[upkeep]
|-heal|p1a: Forretress|92/100|[from] item: Leftovers
|upkeep
|turn|32
|
|switch|p2a: Vaporeon|Vaporeon, M|96/100
|-damage|p2a: Vaporeon|84/100|[from] Stealth Rock
|switch|p1a: Seismitoad|Seismitoad, M|100/100
|-damage|p1a: Seismitoad|94/100|[from] Stealth Rock
|
|-weather|RainDance|[upkeep]
|-heal|p2a: Vaporeon|90/100|[from] item: Leftovers
|-heal|p1a: Seismitoad|100/100|[from] item: Leftovers
|upkeep
|turn|33
|
|move|p2a: Vaporeon|Aqua Ring|p2a: Vaporeon
|-start|p2a: Vaporeon|Aqua Ring
|move|p1a: Seismitoad|Scald|p2a: Vaporeon
|-resisted|p2a: Vaporeon
|-damage|p2a: Vaporeon|80/100
|
|-weather|RainDance|[upkeep]
|-heal|p2a: Vaporeon|86/100|[from] item: Leftovers
|-heal|p2a: Vaporeon|92/100|[from] Aqua Ring
|upkeep
|turn|34
|
|move|p2a: Vaporeon|Scald|p1a: Seismitoad
|-immune|p1a: Seismitoad|[from] ability: Water Absorb
|move|p1a: Seismitoad|Scald|p2a: Vaporeon
|-resisted|p2a: Vaporeon
|-damage|p2a: Vaporeon|82/100
|-status|p2a: Vaporeon|brn
|
|-weather|RainDance|[upkeep]
|-activate|p2a: Vaporeon|ability: Hydration
|-curestatus|p2a: Vaporeon|brn|[msg]
|-heal|p2a: Vaporeon|88/100|[from] item: Leftovers
|-heal|p2a: Vaporeon|94/100|[from] Aqua Ring
|upkeep
|turn|35
|
|move|p2a: Vaporeon|Scald|p1a: Seismitoad
|-immune|p1a: Seismitoad|[from] ability: Water Absorb
|move|p1a: Seismitoad|Scald|p2a: Vaporeon
|-resisted|p2a: Vaporeon
|-damage|p2a: Vaporeon|84/100
|
|-weather|RainDance|[upkeep]
|-heal|p2a: Vaporeon|90/100|[from] item: Leftovers
|-heal|p2a: Vaporeon|96/100|[from] Aqua Ring
|upkeep
|turn|36
|
|move|p2a: Vaporeon|Scald|p1a: Seismitoad
|-immune|p1a: Seismitoad|[from] ability: Water Absorb
|move|p1a: Seismitoad|Scald|p2a: Vaporeon
|-resisted|p2a: Vaporeon
|-damage|p2a: Vaporeon|87/100
|
|-weather|RainDance|[upkeep]
|-heal|p2a: Vaporeon|93/100|[from] item: Leftovers
|-heal|p2a: Vaporeon|99/100|[from] Aqua Ring
|upkeep
|turn|37
|
|move|p2a: Vaporeon|Scald|p1a: Seismitoad
|-immune|p1a: Seismitoad|[from] ability: Water Absorb
|move|p1a: Seismitoad|Scald|p2a: Vaporeon
|-resisted|p2a: Vaporeon
|-damage|p2a: Vaporeon|90/100
|
|-weather|RainDance|[upkeep]
|-heal|p2a: Vaporeon|96/100|[from] item: Leftovers
|-heal|p2a: Vaporeon|100/100|[from] Aqua Ring
|upkeep
|turn|38
|
|move|p2a: Vaporeon|Scald|p1a: Seismitoad
|-immune|p1a: Seismitoad|[from] ability: Water Absorb
|move|p1a: Seismitoad|Stealth Rock||[still]
|-fail|p1a: Seismitoad
|
|-weather|RainDance|[upkeep]
|upkeep
|turn|39
|
|move|p2a: Vaporeon|Aqua Ring||[still]
|-fail|p2a: Vaporeon
|move|p1a: Seismitoad|Scald|p2a: Vaporeon
|-resisted|p2a: Vaporeon
|-damage|p2a: Vaporeon|91/100
|
|-weather|RainDance|[upkeep]
|-heal|p2a: Vaporeon|97/100|[from] item: Leftovers
|-heal|p2a: Vaporeon|100/100|[from] Aqua Ring
|upkeep
|turn|40
|
|move|p2a: Vaporeon|Aqua Ring||[still]
|-fail|p2a: Vaporeon
|move|p1a: Seismitoad|Stealth Rock||[still]
|-fail|p1a: Seismitoad
|
|-weather|RainDance|[upkeep]
|upkeep
|turn|41
|
|move|p2a: Vaporeon|Aqua Ring||[still]
|-fail|p2a: Vaporeon
|move|p1a: Seismitoad|Stealth Rock||[still]
|-fail|p1a: Seismitoad
|
|-weather|RainDance|[upkeep]
|upkeep
|turn|42
|
|move|p2a: Vaporeon|Scald|p1a: Seismitoad
|-immune|p1a: Seismitoad|[from] ability: Water Absorb
|move|p1a: Seismitoad|Stealth Rock||[still]
|-fail|p1a: Seismitoad
|
|-weather|RainDance|[upkeep]
|upkeep
|turn|43
|
|move|p2a: Vaporeon|Aqua Ring||[still]
|-fail|p2a: Vaporeon
|move|p1a: Seismitoad|Stealth Rock||[still]
|-fail|p1a: Seismitoad
|
|-weather|RainDance|[upkeep]
|upkeep
|turn|44
|
|move|p2a: Vaporeon|Baton Pass|p2a: Vaporeon
|
|switch|p2a: Celebi|Celebi|100/100|[from]move: Baton Pass
|-damage|p2a: Celebi|88/100|[from] Stealth Rock
|move|p1a: Seismitoad|Scald|p2a: Celebi
|-resisted|p2a: Celebi
|-crit|p2a: Celebi
|-damage|p2a: Celebi|64/100
|-status|p2a: Celebi|brn
|
|-weather|RainDance|[upkeep]
|-heal|p2a: Celebi|70/100 brn|[from] item: Leftovers
|-heal|p2a: Celebi|76/100 brn|[from] Aqua Ring
|-damage|p2a: Celebi|64/100 brn|[from] brn
|upkeep
|turn|45
|
|-curestatus|p2a: Celebi|brn|[from] ability: Natural Cure
|switch|p2a: Vaporeon|Vaporeon, M|100/100
|-damage|p2a: Vaporeon|88/100|[from] Stealth Rock
|switch|p1a: Forretress|Forretress, M|92/100
|-damage|p1a: Forretress|80/100|[from] Stealth Rock
|
|-weather|RainDance|[upkeep]
|-heal|p2a: Vaporeon|94/100|[from] item: Leftovers
|-heal|p1a: Forretress|86/100|[from] item: Leftovers
|upkeep
|turn|46
|
|move|p2a: Vaporeon|Baton Pass|p2a: Vaporeon
|
|switch|p2a: Xatu|Xatu, F|81/100|[from]move: Baton Pass
|-damage|p2a: Xatu|56/100|[from] Stealth Rock
|move|p1a: Forretress|Rapid Spin|p2a: Xatu
|-damage|p2a: Xatu|53/100
|-damage|p1a: Forretress|70/100|[from] item: Rocky Helmet|[of] p2a: Xatu
|-sideend|p1: porrompompom|Stealth Rock|[from] move: Rapid Spin|[of] p1a: Forretress
|
|-weather|RainDance|[upkeep]
|-heal|p1a: Forretress|76/100|[from] item: Leftovers
|upkeep
|turn|47
|
|switch|p1a: Chansey|Chansey, F|79/100
|move|p2a: Xatu|Roost|p2a: Xatu
|-heal|p2a: Xatu|100/100
|-singleturn|p2a: Xatu|move: Roost
|
|-weather|RainDance|[upkeep]
|upkeep
|turn|48
|
|move|p2a: Xatu|U-turn|p1a: Chansey
|-damage|p1a: Chansey|69/100
|
|switch|p2a: Celebi|Celebi|64/100|[from]move: U-turn
|-damage|p2a: Celebi|51/100|[from] Stealth Rock
|move|p1a: Chansey|Seismic Toss|p2a: Celebi
|-damage|p2a: Celebi|27/100
|
|-weather|RainDance|[upkeep]
|-heal|p2a: Celebi|33/100|[from] item: Leftovers
|upkeep
|turn|49
|
|switch|p1a: Forretress|Forretress, M|76/100
|move|p2a: Celebi|Recover|p2a: Celebi
|-heal|p2a: Celebi|83/100
|
|-weather|RainDance|[upkeep]
|-heal|p2a: Celebi|89/100|[from] item: Leftovers
|-heal|p1a: Forretress|82/100|[from] item: Leftovers
|upkeep
|turn|50
|
|move|p2a: Celebi|Stealth Rock|p1a: Forretress
|-sidestart|p1: porrompompom|move: Stealth Rock
|move|p1a: Forretress|Rapid Spin|p2a: Celebi
|-damage|p2a: Celebi|86/100
|-sideend|p1: porrompompom|Stealth Rock|[from] move: Rapid Spin|[of] p1a: Forretress
|
|-weather|RainDance|[upkeep]
|-heal|p2a: Celebi|92/100|[from] item: Leftovers
|-heal|p1a: Forretress|88/100|[from] item: Leftovers
|upkeep
|turn|51
|
|switch|p2a: Xatu|Xatu, F|100/100
|-damage|p2a: Xatu|76/100|[from] Stealth Rock
|move|p1a: Forretress|Rapid Spin|p2a: Xatu
|-damage|p2a: Xatu|72/100
|-damage|p1a: Forretress|72/100|[from] item: Rocky Helmet|[of] p2a: Xatu
|
|-weather|RainDance|[upkeep]
|-heal|p1a: Forretress|78/100|[from] item: Leftovers
|upkeep
|turn|52
|
|switch|p1a: Ninetales|Ninetales, F|100/100
|-weather|SunnyDay|[from] ability: Drought|[of] p1a: Ninetales
|move|p2a: Xatu|U-turn|p1a: Ninetales
|-resisted|p1a: Ninetales
|-damage|p1a: Ninetales|93/100
|
|switch|p2a: Politoed|Politoed, M|88/100|[from]move: U-turn
|-damage|p2a: Politoed|76/100|[from] Stealth Rock
|-weather|RainDance|[from] ability: Drizzle|[of] p2a: Politoed
|
|-weather|RainDance|[upkeep]
|-heal|p1a: Ninetales|99/100|[from] item: Leftovers
|upkeep
|turn|53
|
|switch|p2a: paul's boutique|Dragonite, M|100/100
|-damage|p2a: paul's boutique|76/100|[from] Stealth Rock
|switch|p1a: Seismitoad|Seismitoad, M|100/100
|
|-weather|RainDance|[upkeep]
|-heal|p2a: paul's boutique|82/100|[from] item: Leftovers
|upkeep
|turn|54
|
|switch|p1a: Ninetales|Ninetales, F|99/100
|-weather|SunnyDay|[from] ability: Drought|[of] p1a: Ninetales
|move|p2a: paul's boutique|Substitute|p2a: paul's boutique
|-start|p2a: paul's boutique|Substitute
|-damage|p2a: paul's boutique|57/100
|
|-weather|SunnyDay|[upkeep]
|-heal|p1a: Ninetales|100/100|[from] item: Leftovers
|-heal|p2a: paul's boutique|63/100|[from] item: Leftovers
|upkeep
|turn|55
|
|switch|p1a: Cresselia|Cresselia, F|100/100
|move|p2a: paul's boutique|Dragon Dance|p2a: paul's boutique
|-boost|p2a: paul's boutique|atk|1
|-boost|p2a: paul's boutique|spe|1
|
|-weather|SunnyDay|[upkeep]
|-heal|p2a: paul's boutique|69/100|[from] item: Leftovers
|upkeep
|turn|56
|
|move|p2a: paul's boutique|Roost|p2a: paul's boutique
|-heal|p2a: paul's boutique|100/100
|-singleturn|p2a: paul's boutique|move: Roost
|move|p1a: Cresselia|Ice Beam|p2a: paul's boutique
|-supereffective|p2a: paul's boutique
|-activate|p2a: paul's boutique|Substitute|[damage]
|
|-weather|SunnyDay|[upkeep]
|upkeep
|turn|57
|
|move|p2a: paul's boutique|Dragon Claw|p1a: Cresselia
|-damage|p1a: Cresselia|77/100
|move|p1a: Cresselia|Ice Beam|p2a: paul's boutique
|-supereffective|p2a: paul's boutique
|-end|p2a: paul's boutique|Substitute
|
|-weather|SunnyDay|[upkeep]
|-heal|p1a: Cresselia|83/100|[from] item: Leftovers
|upkeep
|turn|58
|j| Woatlice
|
|move|p2a: paul's boutique|Dragon Dance|p2a: paul's boutique
|-boost|p2a: paul's boutique|atk|1
|-boost|p2a: paul's boutique|spe|1
|move|p1a: Cresselia|Ice Beam|p2a: paul's boutique
|-supereffective|p2a: paul's boutique
|-damage|p2a: paul's boutique|70/100
|
|-weather|SunnyDay|[upkeep]
|-heal|p2a: paul's boutique|77/100|[from] item: Leftovers
|-heal|p1a: Cresselia|89/100|[from] item: Leftovers
|upkeep
|turn|59
|
|move|p2a: paul's boutique|Substitute|p2a: paul's boutique
|-start|p2a: paul's boutique|Substitute
|-damage|p2a: paul's boutique|52/100
|move|p1a: Cresselia|Ice Beam|p2a: paul's boutique
|-supereffective|p2a: paul's boutique
|-end|p2a: paul's boutique|Substitute
|
|-weather|SunnyDay|[upkeep]
|-heal|p2a: paul's boutique|58/100|[from] item: Leftovers
|-heal|p1a: Cresselia|95/100|[from] item: Leftovers
|upkeep
|turn|60
|
|move|p2a: paul's boutique|Substitute|p2a: paul's boutique
|-start|p2a: paul's boutique|Substitute
|-damage|p2a: paul's boutique|33/100
|move|p1a: Cresselia|Ice Beam|p2a: paul's boutique
|-supereffective|p2a: paul's boutique
|-end|p2a: paul's boutique|Substitute
|
|-weather|SunnyDay|[upkeep]
|-heal|p2a: paul's boutique|39/100|[from] item: Leftovers
|-heal|p1a: Cresselia|100/100|[from] item: Leftovers
|upkeep
|turn|61
|
|move|p2a: paul's boutique|Substitute|p2a: paul's boutique
|-start|p2a: paul's boutique|Substitute
|-damage|p2a: paul's boutique|14/100
|move|p1a: Cresselia|Psychic|p2a: paul's boutique
|-activate|p2a: paul's boutique|Substitute|[damage]
|
|-weather|SunnyDay|[upkeep]
|-heal|p2a: paul's boutique|20/100|[from] item: Leftovers
|upkeep
|turn|62
|
|move|p2a: paul's boutique|Roost|p2a: paul's boutique
|-heal|p2a: paul's boutique|71/100
|-singleturn|p2a: paul's boutique|move: Roost
|move|p1a: Cresselia|Psychic|p2a: paul's boutique
|-end|p2a: paul's boutique|Substitute
|
|-weather|SunnyDay|[upkeep]
|-heal|p2a: paul's boutique|77/100|[from] item: Leftovers
|upkeep
|turn|63
|
|move|p2a: paul's boutique|Roost|p2a: paul's boutique
|-heal|p2a: paul's boutique|100/100
|-singleturn|p2a: paul's boutique|move: Roost
|move|p1a: Cresselia|Ice Beam|p2a: paul's boutique
|-supereffective|p2a: paul's boutique
|-damage|p2a: paul's boutique|86/100
|
|-weather|SunnyDay|[upkeep]
|-heal|p2a: paul's boutique|92/100|[from] item: Leftovers
|upkeep
|turn|64
|
|move|p2a: paul's boutique|Substitute|p2a: paul's boutique
|-start|p2a: paul's boutique|Substitute
|-damage|p2a: paul's boutique|67/100
|move|p1a: Cresselia|Ice Beam|p2a: paul's boutique
|-supereffective|p2a: paul's boutique
|-end|p2a: paul's boutique|Substitute
|
|-weather|SunnyDay|[upkeep]
|-heal|p2a: paul's boutique|73/100|[from] item: Leftovers
|upkeep
|turn|65
|
|move|p2a: paul's boutique|Roost|p2a: paul's boutique
|-heal|p2a: paul's boutique|100/100
|-singleturn|p2a: paul's boutique|move: Roost
|move|p1a: Cresselia|Ice Beam|p2a: paul's boutique
|-supereffective|p2a: paul's boutique
|-damage|p2a: paul's boutique|85/100
|
|-weather|SunnyDay|[upkeep]
|-heal|p2a: paul's boutique|91/100|[from] item: Leftovers
|upkeep
|turn|66
|
|move|p2a: paul's boutique|Substitute|p2a: paul's boutique
|-start|p2a: paul's boutique|Substitute
|-damage|p2a: paul's boutique|66/100
|move|p1a: Cresselia|Ice Beam|p2a: paul's boutique
|-supereffective|p2a: paul's boutique
|-end|p2a: paul's boutique|Substitute
|
|-weather|SunnyDay|[upkeep]
|-heal|p2a: paul's boutique|72/100|[from] item: Leftovers
|upkeep
|turn|67
|
|move|p2a: paul's boutique|Substitute|p2a: paul's boutique
|-start|p2a: paul's boutique|Substitute
|-damage|p2a: paul's boutique|48/100
|move|p1a: Cresselia|Ice Beam|p2a: paul's boutique
|-supereffective|p2a: paul's boutique
|-end|p2a: paul's boutique|Substitute
|
|-weather|SunnyDay|[upkeep]
|-heal|p2a: paul's boutique|54/100|[from] item: Leftovers
|upkeep
|turn|68
|
|move|p2a: paul's boutique|Roost|p2a: paul's boutique
|-heal|p2a: paul's boutique|100/100
|-singleturn|p2a: paul's boutique|move: Roost
|move|p1a: Cresselia|Ice Beam|p2a: paul's boutique
|-supereffective|p2a: paul's boutique
|-damage|p2a: paul's boutique|86/100
|
|-weather|SunnyDay|[upkeep]
|-heal|p2a: paul's boutique|93/100|[from] item: Leftovers
|upkeep
|turn|69
|
|move|p2a: paul's boutique|Substitute|p2a: paul's boutique
|-start|p2a: paul's boutique|Substitute
|-damage|p2a: paul's boutique|68/100
|move|p1a: Cresselia|Ice Beam|p2a: paul's boutique
|-supereffective|p2a: paul's boutique
|-end|p2a: paul's boutique|Substitute
|
|-weather|SunnyDay|[upkeep]
|-heal|p2a: paul's boutique|74/100|[from] item: Leftovers
|upkeep
|turn|70
|
|move|p2a: paul's boutique|Substitute|p2a: paul's boutique
|-start|p2a: paul's boutique|Substitute
|-damage|p2a: paul's boutique|49/100
|move|p1a: Cresselia|Ice Beam|p2a: paul's boutique
|-supereffective|p2a: paul's boutique
|-end|p2a: paul's boutique|Substitute
|
|-weather|SunnyDay|[upkeep]
|-heal|p2a: paul's boutique|55/100|[from] item: Leftovers
|upkeep
|turn|71
|
|move|p2a: paul's boutique|Substitute|p2a: paul's boutique
|-start|p2a: paul's boutique|Substitute
|-damage|p2a: paul's boutique|30/100
|move|p1a: Cresselia|Psychic|p2a: paul's boutique
|-activate|p2a: paul's boutique|Substitute|[damage]
|
|-weather|SunnyDay|[upkeep]
|-heal|p2a: paul's boutique|37/100|[from] item: Leftovers
|upkeep
|turn|72
|
|move|p2a: paul's boutique|Roost|p2a: paul's boutique
|-heal|p2a: paul's boutique|87/100
|-singleturn|p2a: paul's boutique|move: Roost
|move|p1a: Cresselia|Psychic|p2a: paul's boutique
|-end|p2a: paul's boutique|Substitute
|
|-weather|SunnyDay|[upkeep]
|-heal|p2a: paul's boutique|93/100|[from] item: Leftovers
|upkeep
|turn|73
|
|move|p2a: paul's boutique|Substitute|p2a: paul's boutique
|-start|p2a: paul's boutique|Substitute
|-damage|p2a: paul's boutique|68/100
|move|p1a: Cresselia|Reflect|p1a: Cresselia
|-sidestart|p1: porrompompom|Reflect
|
|-weather|SunnyDay|[upkeep]
|-heal|p2a: paul's boutique|74/100|[from] item: Leftovers
|upkeep
|turn|74
|
|switch|p1a: Chansey|Chansey, F|69/100
|move|p2a: paul's boutique|Dragon Dance|p2a: paul's boutique
|-boost|p2a: paul's boutique|atk|1
|-boost|p2a: paul's boutique|spe|1
|
|-weather|SunnyDay|[upkeep]
|-heal|p2a: paul's boutique|80/100|[from] item: Leftovers
|upkeep
|turn|75
|inactive|NOSLEEPTILLBKLYN has 120 seconds left.
|
|move|p2a: paul's boutique|Dragon Dance|p2a: paul's boutique
|-boost|p2a: paul's boutique|atk|1
|-boost|p2a: paul's boutique|spe|1
|move|p1a: Chansey|Seismic Toss|p2a: paul's boutique
|-end|p2a: paul's boutique|Substitute
|
|-weather|SunnyDay|[upkeep]
|-heal|p2a: paul's boutique|87/100|[from] item: Leftovers
|upkeep
|turn|76
|
|move|p2a: paul's boutique|Dragon Dance|p2a: paul's boutique
|-boost|p2a: paul's boutique|atk|1
|-boost|p2a: paul's boutique|spe|1
|move|p1a: Chansey|Seismic Toss|p2a: paul's boutique
|-damage|p2a: paul's boutique|61/100
|
|-weather|SunnyDay|[upkeep]
|-heal|p2a: paul's boutique|67/100|[from] item: Leftovers
|upkeep
|turn|77
|
|move|p2a: paul's boutique|Substitute|p2a: paul's boutique
|-start|p2a: paul's boutique|Substitute
|-damage|p2a: paul's boutique|42/100
|move|p1a: Chansey|Seismic Toss|p2a: paul's boutique
|-end|p2a: paul's boutique|Substitute
|
|-weather|SunnyDay|[upkeep]
|-heal|p2a: paul's boutique|48/100|[from] item: Leftovers
|-sideend|p1: porrompompom|Reflect
|upkeep
|turn|78
|
|move|p2a: paul's boutique|Dragon Claw|p1a: Chansey
|-damage|p1a: Chansey|0 fnt
|faint|p1a: Chansey
|
|-weather|SunnyDay|[upkeep]
|-heal|p2a: paul's boutique|55/100|[from] item: Leftovers
|upkeep
|
|switch|p1a: Cresselia|Cresselia, F|100/100
|turn|79
|
|move|p2a: paul's boutique|Roost|p2a: paul's boutique
|-heal|p2a: paul's boutique|100/100
|-singleturn|p2a: paul's boutique|move: Roost
|move|p1a: Cresselia|Ice Beam|p2a: paul's boutique
|-supereffective|p2a: paul's boutique
|-damage|p2a: paul's boutique|86/100
|
|-weather|SunnyDay|[upkeep]
|-heal|p2a: paul's boutique|93/100|[from] item: Leftovers
|upkeep
|turn|80
|
|move|p2a: paul's boutique|Substitute|p2a: paul's boutique
|-start|p2a: paul's boutique|Substitute
|-damage|p2a: paul's boutique|68/100
|move|p1a: Cresselia|Ice Beam|p2a: paul's boutique
|-supereffective|p2a: paul's boutique
|-end|p2a: paul's boutique|Substitute
|
|-weather|SunnyDay|[upkeep]
|-heal|p2a: paul's boutique|74/100|[from] item: Leftovers
|upkeep
|turn|81
|
|move|p2a: paul's boutique|Substitute|p2a: paul's boutique
|-start|p2a: paul's boutique|Substitute
|-damage|p2a: paul's boutique|49/100
|move|p1a: Cresselia|Ice Beam|p2a: paul's boutique
|-supereffective|p2a: paul's boutique
|-end|p2a: paul's boutique|Substitute
|
|-weather|SunnyDay|[upkeep]
|-heal|p2a: paul's boutique|55/100|[from] item: Leftovers
|upkeep
|turn|82
|
|move|p2a: paul's boutique|Substitute|p2a: paul's boutique
|-start|p2a: paul's boutique|Substitute
|-damage|p2a: paul's boutique|30/100
|move|p1a: Cresselia|Reflect|p1a: Cresselia
|-sidestart|p1: porrompompom|Reflect
|
|-weather|SunnyDay|[upkeep]
|-heal|p2a: paul's boutique|37/100|[from] item: Leftovers
|upkeep
|turn|83
|l| KOUWOZ
|
|move|p2a: paul's boutique|Roost|p2a: paul's boutique
|-heal|p2a: paul's boutique|87/100
|-singleturn|p2a: paul's boutique|move: Roost
|move|p1a: Cresselia|Psychic|p2a: paul's boutique
|-activate|p2a: paul's boutique|Substitute|[damage]
|
|-weather|SunnyDay|[upkeep]
|-heal|p2a: paul's boutique|93/100|[from] item: Leftovers
|upkeep
|turn|84
|
|move|p2a: paul's boutique|Dragon Dance|p2a: paul's boutique
|-boost|p2a: paul's boutique|atk|1
|-boost|p2a: paul's boutique|spe|1
|move|p1a: Cresselia|Psychic|p2a: paul's boutique
|-end|p2a: paul's boutique|Substitute
|
|-weather|SunnyDay|[upkeep]
|-heal|p2a: paul's boutique|99/100|[from] item: Leftovers
|upkeep
|turn|85
|
|move|p2a: paul's boutique|Dragon Claw|p1a: Cresselia
|-damage|p1a: Cresselia|68/100
|move|p1a: Cresselia|Psychic|p2a: paul's boutique
|-damage|p2a: paul's boutique|79/100
|
|-weather|SunnyDay|[upkeep]
|-heal|p2a: paul's boutique|86/100|[from] item: Leftovers
|-heal|p1a: Cresselia|74/100|[from] item: Leftovers
|upkeep
|turn|86
|c|☆NOSLEEPTILLBKLYN|32.
|
|move|p2a: paul's boutique|Dragon Claw|p1a: Cresselia
|-damage|p1a: Cresselia|37/100
|move|p1a: Cresselia|Moonlight|p1a: Cresselia
|-heal|p1a: Cresselia|100/100
|
|-weather|SunnyDay|[upkeep]
|-heal|p2a: paul's boutique|92/100|[from] item: Leftovers
|-sideend|p1: porrompompom|Reflect
|upkeep
|turn|87
|
|move|p2a: paul's boutique|Dragon Claw|p1a: Cresselia
|-damage|p1a: Cresselia|31/100
|move|p1a: Cresselia|Reflect|p1a: Cresselia
|-sidestart|p1: porrompompom|Reflect
|
|-weather|SunnyDay|[upkeep]
|-heal|p2a: paul's boutique|98/100|[from] item: Leftovers
|-heal|p1a: Cresselia|37/100|[from] item: Leftovers
|upkeep
|turn|88
|
|move|p2a: paul's boutique|Dragon Claw|p1a: Cresselia
|-damage|p1a: Cresselia|3/100
|move|p1a: Cresselia|Moonlight|p1a: Cresselia
|-heal|p1a: Cresselia|70/100
|
|-weather|SunnyDay|[upkeep]
|-heal|p2a: paul's boutique|100/100|[from] item: Leftovers
|-heal|p1a: Cresselia|76/100|[from] item: Leftovers
|upkeep
|turn|89
|
|move|p2a: paul's boutique|Dragon Dance|p2a: paul's boutique
|-boost|p2a: paul's boutique|atk|0
|-boost|p2a: paul's boutique|spe|0
|move|p1a: Cresselia|Moonlight|p1a: Cresselia
|-heal|p1a: Cresselia|100/100
|
|-weather|SunnyDay|[upkeep]
|upkeep
|turn|90
|
|switch|p1a: Forretress|Forretress, M|78/100
|move|p2a: paul's boutique|Dragon Dance|p2a: paul's boutique
|-boost|p2a: paul's boutique|atk|0
|-boost|p2a: paul's boutique|spe|0
|
|-weather|SunnyDay|[upkeep]
|-heal|p1a: Forretress|84/100|[from] item: Leftovers
|upkeep
|turn|91
|
|move|p2a: paul's boutique|Dragon Claw|p1a: Forretress
|-resisted|p1a: Forretress
|-damage|p1a: Forretress|60/100
|move|p1a: Forretress|Toxic|p2a: paul's boutique
|-status|p2a: paul's boutique|tox
|
|-weather|SunnyDay|[upkeep]
|-heal|p1a: Forretress|67/100|[from] item: Leftovers
|-damage|p2a: paul's boutique|94/100 tox|[from] psn
|-sideend|p1: porrompompom|Reflect
|upkeep
|turn|92
|
|move|p2a: paul's boutique|Dragon Claw|p1a: Forretress
|-resisted|p1a: Forretress
|-damage|p1a: Forretress|17/100
|move|p1a: Forretress|Pain Split|p2a: paul's boutique
|-sethp|p2a: paul's boutique|55/100 tox|[from] move: Pain Split|[silent]
|-sethp|p1a: Forretress|60/100|[from] move: Pain Split
|
|-weather|SunnyDay|[upkeep]
|-heal|p2a: paul's boutique|61/100 tox|[from] item: Leftovers
|-heal|p1a: Forretress|66/100|[from] item: Leftovers
|-damage|p2a: paul's boutique|49/100 tox|[from] psn
|upkeep
|turn|93
|
|move|p2a: paul's boutique|Dragon Claw|p1a: Forretress
|-resisted|p1a: Forretress
|-damage|p1a: Forretress|19/100
|move|p1a: Forretress|Pain Split|p2a: paul's boutique
|-sethp|p2a: paul's boutique|33/100 tox|[from] move: Pain Split|[silent]
|-sethp|p1a: Forretress|36/100|[from] move: Pain Split
|
|-weather|SunnyDay|[upkeep]
|-heal|p2a: paul's boutique|39/100 tox|[from] item: Leftovers
|-heal|p1a: Forretress|42/100|[from] item: Leftovers
|-damage|p2a: paul's boutique|20/100 tox|[from] psn
|upkeep
|turn|94
|
|switch|p1a: Cresselia|Cresselia, F|100/100
|move|p2a: paul's boutique|Dragon Claw|p1a: Cresselia
|-damage|p1a: Cresselia|28/100
|
|-weather|SunnyDay|[upkeep]
|-heal|p2a: paul's boutique|26/100 tox|[from] item: Leftovers
|-heal|p1a: Cresselia|34/100|[from] item: Leftovers
|-damage|p2a: paul's boutique|2/100 tox|[from] psn
|upkeep
|turn|95
|
|move|p2a: paul's boutique|Dragon Claw|p1a: Cresselia
|-damage|p1a: Cresselia|0 fnt
|faint|p1a: Cresselia
|
|-weather|SunnyDay|[upkeep]
|-heal|p2a: paul's boutique|8/100 tox|[from] item: Leftovers
|-damage|p2a: paul's boutique|0 fnt|[from] psn
|faint|p2a: paul's boutique
|upkeep
|
|switch|p2a: Politoed|Politoed, M|76/100
|switch|p1a: Seismitoad|Seismitoad, M|100/100
|-damage|p2a: Politoed|63/100|[from] Stealth Rock
|-weather|RainDance|[from] ability: Drizzle|[of] p2a: Politoed
|turn|96
|
|switch|p1a: Ninetales|Ninetales, F|100/100
|-weather|SunnyDay|[from] ability: Drought|[of] p1a: Ninetales
|move|p2a: Politoed|Ice Beam|p1a: Ninetales
|-resisted|p1a: Ninetales
|-damage|p1a: Ninetales|89/100
|
|-weather|SunnyDay|[upkeep]
|-heal|p1a: Ninetales|95/100|[from] item: Leftovers
|upkeep
|turn|97
|
|switch|p2a: Vaporeon|Vaporeon, M|94/100
|-damage|p2a: Vaporeon|82/100|[from] Stealth Rock
|move|p1a: Ninetales|Will-O-Wisp|p2a: Vaporeon
|-status|p2a: Vaporeon|brn
|
|-weather|SunnyDay|[upkeep]
|-heal|p1a: Ninetales|100/100|[from] item: Leftovers
|-heal|p2a: Vaporeon|88/100 brn|[from] item: Leftovers
|-damage|p2a: Vaporeon|76/100 brn|[from] brn
|upkeep
|turn|98
|
|switch|p1a: Seismitoad|Seismitoad, M|100/100
|move|p2a: Vaporeon|Baton Pass|p2a: Vaporeon
|
|switch|p2a: Politoed|Politoed, M|63/100|[from]move: Baton Pass
|-damage|p2a: Politoed|51/100|[from] Stealth Rock
|-weather|RainDance|[from] ability: Drizzle|[of] p2a: Politoed
|
|-weather|RainDance|[upkeep]
|upkeep
|turn|99
|
|switch|p2a: Vaporeon|Vaporeon, M|76/100 brn
|-damage|p2a: Vaporeon|63/100 brn|[from] Stealth Rock
|switch|p1a: Ninetales|Ninetales, F|100/100
|-weather|SunnyDay|[from] ability: Drought|[of] p1a: Ninetales
|
|-weather|SunnyDay|[upkeep]
|-heal|p2a: Vaporeon|69/100 brn|[from] item: Leftovers
|-damage|p2a: Vaporeon|57/100 brn|[from] brn
|upkeep
|turn|100
|
|switch|p1a: Seismitoad|Seismitoad, M|100/100
|move|p2a: Vaporeon|Rest|p2a: Vaporeon
|-status|p2a: Vaporeon|slp|[from] move: Rest
|-heal|p2a: Vaporeon|100/100 slp|[silent]
|
|-weather|SunnyDay|[upkeep]
|upkeep
|turn|101
|
|switch|p1a: Forretress|Forretress, M|42/100
|cant|p2a: Vaporeon|slp
|
|-weather|SunnyDay|[upkeep]
|-heal|p1a: Forretress|48/100|[from] item: Leftovers
|upkeep
|turn|102
|
|cant|p2a: Vaporeon|slp
|move|p1a: Forretress|Pain Split|p2a: Vaporeon
|-sethp|p2a: Vaporeon|69/100 slp|[from] move: Pain Split|[silent]
|-sethp|p1a: Forretress|90/100|[from] move: Pain Split
|
|-weather|SunnyDay|[upkeep]
|-heal|p2a: Vaporeon|75/100 slp|[from] item: Leftovers
|-heal|p1a: Forretress|96/100|[from] item: Leftovers
|upkeep
|turn|103
|
|switch|p1a: Seismitoad|Seismitoad, M|100/100
|-curestatus|p2a: Vaporeon|slp|[msg]
|move|p2a: Vaporeon|Scald|p1a: Seismitoad
|-immune|p1a: Seismitoad|[from] ability: Water Absorb
|
|-weather|SunnyDay|[upkeep]
|-heal|p2a: Vaporeon|81/100|[from] item: Leftovers
|upkeep
|turn|104
|
|move|p2a: Vaporeon|Scald|p1a: Seismitoad
|-immune|p1a: Seismitoad|[from] ability: Water Absorb
|move|p1a: Seismitoad|Earthquake|p2a: Vaporeon
|-damage|p2a: Vaporeon|48/100
|
|-weather|SunnyDay|[upkeep]
|-heal|p2a: Vaporeon|54/100|[from] item: Leftovers
|upkeep
|turn|105
|
|move|p2a: Vaporeon|Rest|p2a: Vaporeon
|-status|p2a: Vaporeon|slp|[from] move: Rest
|-heal|p2a: Vaporeon|100/100 slp|[silent]
|move|p1a: Seismitoad|Earthquake|p2a: Vaporeon
|-damage|p2a: Vaporeon|65/100 slp
|
|-weather|SunnyDay|[upkeep]
|-heal|p2a: Vaporeon|71/100 slp|[from] item: Leftovers
|upkeep
|turn|106
|
|switch|p2a: Xatu|Xatu, F|72/100
|-damage|p2a: Xatu|48/100|[from] Stealth Rock
|move|p1a: Seismitoad|Earthquake|p2a: Xatu
|-immune|p2a: Xatu
|
|-weather|SunnyDay|[upkeep]
|upkeep
|turn|107
|
|switch|p1a: Ninetales|Ninetales, F|100/100
|move|p2a: Xatu|Roost|p2a: Xatu
|-heal|p2a: Xatu|98/100
|-singleturn|p2a: Xatu|move: Roost
|
|-weather|SunnyDay|[upkeep]
|upkeep
|turn|108
|
|switch|p2a: Vaporeon|Vaporeon, M|71/100 slp
|-damage|p2a: Vaporeon|59/100 slp|[from] Stealth Rock
|move|p1a: Ninetales|Overheat|p2a: Vaporeon
|-resisted|p2a: Vaporeon
|-crit|p2a: Vaporeon
|-damage|p2a: Vaporeon|26/100 slp
|-unboost|p1a: Ninetales|spa|2
|
|-weather|SunnyDay|[upkeep]
|-heal|p2a: Vaporeon|32/100 slp|[from] item: Leftovers
|upkeep
|turn|109
|
|switch|p1a: Seismitoad|Seismitoad, M|100/100
|switch|p2a: Celebi|Celebi|92/100
|-damage|p2a: Celebi|80/100|[from] Stealth Rock
|
|-weather|SunnyDay|[upkeep]
|-heal|p2a: Celebi|86/100|[from] item: Leftovers
|upkeep
|turn|110
|
|switch|p2a: Politoed|Politoed, M|51/100
|-damage|p2a: Politoed|38/100|[from] Stealth Rock
|-weather|RainDance|[from] ability: Drizzle|[of] p2a: Politoed
|switch|p1a: Xatu|Xatu, M|100/100
|
|-weather|RainDance|[upkeep]
|upkeep
|turn|111
|
|switch|p1a: Ninetales|Ninetales, F|100/100
|-weather|SunnyDay|[from] ability: Drought|[of] p1a: Ninetales
|move|p2a: Politoed|Hydro Pump|p1a: Ninetales
|-supereffective|p1a: Ninetales
|-damage|p1a: Ninetales|51/100
|
|-weather|SunnyDay|[upkeep]
|-heal|p1a: Ninetales|57/100|[from] item: Leftovers
|upkeep
|turn|112
|
|switch|p1a: Seismitoad|Seismitoad, M|100/100
|move|p2a: Politoed|Hydro Pump|p1a: Seismitoad
|-immune|p1a: Seismitoad|[from] ability: Water Absorb
|
|-weather|SunnyDay|[upkeep]
|upkeep
|turn|113
|
|switch|p2a: Celebi|Celebi|86/100
|-damage|p2a: Celebi|74/100|[from] Stealth Rock
|switch|p1a: Xatu|Xatu, M|100/100
|
|-weather|SunnyDay|[upkeep]
|-heal|p2a: Celebi|80/100|[from] item: Leftovers
|upkeep
|turn|114
|
|switch|p2a: Xatu|Xatu, F|98/100
|-damage|p2a: Xatu|73/100|[from] Stealth Rock
|move|p1a: Xatu|Heat Wave|p2a: Xatu|[miss]
|-miss|p1a: Xatu|p2a: Xatu
|
|-weather|SunnyDay|[upkeep]
|upkeep
|turn|115
|
|move|p1a: Xatu|Heat Wave|p2a: Xatu
|-damage|p2a: Xatu|27/100
|move|p2a: Xatu|Night Shade|p1a: Xatu
|-damage|p1a: Xatu|70/100
|
|-weather|SunnyDay|[upkeep]
|upkeep
|turn|116
|
|switch|p2a: Politoed|Politoed, M|38/100
|-damage|p2a: Politoed|26/100|[from] Stealth Rock
|-weather|RainDance|[from] ability: Drizzle|[of] p2a: Politoed
|move|p1a: Xatu|Heat Wave|p2a: Politoed
|-resisted|p2a: Politoed
|-damage|p2a: Politoed|20/100
|
|-weather|RainDance|[upkeep]
|upkeep
|turn|117
|
|switch|p1a: Ninetales|Ninetales, F|57/100
|-weather|SunnyDay|[from] ability: Drought|[of] p1a: Ninetales
|move|p2a: Politoed|Ice Beam|p1a: Ninetales
|-resisted|p1a: Ninetales
|-damage|p1a: Ninetales|44/100
|
|-weather|SunnyDay|[upkeep]
|-heal|p1a: Ninetales|50/100|[from] item: Leftovers
|upkeep
|turn|118
|
|switch|p2a: Xatu|Xatu, F|27/100
|-damage|p2a: Xatu|3/100|[from] Stealth Rock
|move|p1a: Ninetales|Overheat|p2a: Xatu
|-damage|p2a: Xatu|0 fnt
|-unboost|p1a: Ninetales|spa|2
|faint|p2a: Xatu
|
|-weather|SunnyDay|[upkeep]
|-heal|p1a: Ninetales|56/100|[from] item: Leftovers
|upkeep
|
|switch|p2a: Politoed|Politoed, M|20/100
|-damage|p2a: Politoed|7/100|[from] Stealth Rock
|-weather|RainDance|[from] ability: Drizzle|[of] p2a: Politoed
|turn|119
|
|switch|p2a: Vaporeon|Vaporeon, M|32/100 slp
|-damage|p2a: Vaporeon|20/100 slp|[from] Stealth Rock
|switch|p1a: Seismitoad|Seismitoad, M|100/100
|
|-weather|RainDance|[upkeep]
|-activate|p2a: Vaporeon|ability: Hydration
|-curestatus|p2a: Vaporeon|slp|[msg]
|-heal|p2a: Vaporeon|26/100|[from] item: Leftovers
|upkeep
|turn|120
|
|move|p2a: Vaporeon|Rest|p2a: Vaporeon
|-status|p2a: Vaporeon|slp|[from] move: Rest
|-heal|p2a: Vaporeon|100/100 slp|[silent]
|move|p1a: Seismitoad|Earthquake|p2a: Vaporeon
|-crit|p2a: Vaporeon
|-damage|p2a: Vaporeon|30/100 slp
|
|-weather|RainDance|[upkeep]
|-activate|p2a: Vaporeon|ability: Hydration
|-curestatus|p2a: Vaporeon|slp|[msg]
|-heal|p2a: Vaporeon|36/100|[from] item: Leftovers
|upkeep
|turn|121
|
|switch|p1a: Ninetales|Ninetales, F|56/100
|-weather|SunnyDay|[from] ability: Drought|[of] p1a: Ninetales
|move|p2a: Vaporeon|Rest|p2a: Vaporeon
|-status|p2a: Vaporeon|slp|[from] move: Rest
|-heal|p2a: Vaporeon|100/100 slp|[silent]
|
|-weather|SunnyDay|[upkeep]
|-heal|p1a: Ninetales|62/100|[from] item: Leftovers
|upkeep
|turn|122
|
|switch|p1a: Forretress|Forretress, M|96/100
|cant|p2a: Vaporeon|slp
|
|-weather|SunnyDay|[upkeep]
|-heal|p1a: Forretress|100/100|[from] item: Leftovers
|upkeep
|turn|123
|
|cant|p2a: Vaporeon|slp
|move|p1a: Forretress|Spikes|p2a: Vaporeon
|-sidestart|p2: NOSLEEPTILLBKLYN|Spikes
|
|-weather|SunnyDay|[upkeep]
|upkeep
|turn|124
|
|switch|p1a: Seismitoad|Seismitoad, M|100/100
|-curestatus|p2a: Vaporeon|slp|[msg]
|move|p2a: Vaporeon|Aqua Ring|p2a: Vaporeon
|-start|p2a: Vaporeon|Aqua Ring
|
|-weather|SunnyDay|[upkeep]
|upkeep
|turn|125
|j| Meteoropatia
|
|move|p2a: Vaporeon|Scald|p1a: Seismitoad
|-immune|p1a: Seismitoad|[from] ability: Water Absorb
|move|p1a: Seismitoad|Stealth Rock||[still]
|-fail|p1a: Seismitoad
|
|-weather|SunnyDay|[upkeep]
|upkeep
|turn|126
|
|move|p2a: Vaporeon|Aqua Ring||[still]
|-fail|p2a: Vaporeon
|move|p1a: Seismitoad|Stealth Rock||[still]
|-fail|p1a: Seismitoad
|
|-weather|SunnyDay|[upkeep]
|upkeep
|turn|127
|
|move|p2a: Vaporeon|Aqua Ring||[still]
|-fail|p2a: Vaporeon
|move|p1a: Seismitoad|Stealth Rock||[still]
|-fail|p1a: Seismitoad
|
|-weather|SunnyDay|[upkeep]
|upkeep
|turn|128
|
|move|p2a: Vaporeon|Aqua Ring||[still]
|-fail|p2a: Vaporeon
|move|p1a: Seismitoad|Stealth Rock||[still]
|-fail|p1a: Seismitoad
|
|-weather|SunnyDay|[upkeep]
|upkeep
|turn|129
|
|move|p2a: Vaporeon|Aqua Ring||[still]
|-fail|p2a: Vaporeon
|move|p1a: Seismitoad|Stealth Rock||[still]
|-fail|p1a: Seismitoad
|
|-weather|SunnyDay|[upkeep]
|upkeep
|turn|130
|
|move|p2a: Vaporeon|Aqua Ring||[still]
|-fail|p2a: Vaporeon
|move|p1a: Seismitoad|Stealth Rock||[still]
|-fail|p1a: Seismitoad
|
|-weather|SunnyDay|[upkeep]
|upkeep
|turn|131
|l| Meteoropatia
|
|move|p2a: Vaporeon|Scald|p1a: Seismitoad
|-immune|p1a: Seismitoad|[from] ability: Water Absorb
|move|p1a: Seismitoad|Stealth Rock||[still]
|-fail|p1a: Seismitoad
|
|-weather|SunnyDay|[upkeep]
|upkeep
|turn|132
|
|move|p2a: Vaporeon|Aqua Ring||[still]
|-fail|p2a: Vaporeon
|move|p1a: Seismitoad|Stealth Rock||[still]
|-fail|p1a: Seismitoad
|
|-weather|SunnyDay|[upkeep]
|upkeep
|turn|133
|
|move|p2a: Vaporeon|Aqua Ring||[still]
|-fail|p2a: Vaporeon
|move|p1a: Seismitoad|Stealth Rock||[still]
|-fail|p1a: Seismitoad
|
|-weather|SunnyDay|[upkeep]
|upkeep
|turn|134
|
|move|p2a: Vaporeon|Aqua Ring||[still]
|-fail|p2a: Vaporeon
|move|p1a: Seismitoad|Stealth Rock||[still]
|-fail|p1a: Seismitoad
|
|-weather|SunnyDay|[upkeep]
|upkeep
|turn|135
|
|move|p2a: Vaporeon|Aqua Ring||[still]
|-fail|p2a: Vaporeon
|move|p1a: Seismitoad|Stealth Rock||[still]
|-fail|p1a: Seismitoad
|
|-weather|SunnyDay|[upkeep]
|upkeep
|turn|136
|
|move|p2a: Vaporeon|Scald|p1a: Seismitoad
|-immune|p1a: Seismitoad|[from] ability: Water Absorb
|move|p1a: Seismitoad|Stealth Rock||[still]
|-fail|p1a: Seismitoad
|
|-weather|SunnyDay|[upkeep]
|upkeep
|turn|137
|
|move|p2a: Vaporeon|Aqua Ring||[still]
|-fail|p2a: Vaporeon
|move|p1a: Seismitoad|Stealth Rock||[still]
|-fail|p1a: Seismitoad
|
|-weather|SunnyDay|[upkeep]
|upkeep
|turn|138
|
|move|p2a: Vaporeon|Aqua Ring||[still]
|-fail|p2a: Vaporeon
|move|p1a: Seismitoad|Stealth Rock||[still]
|-fail|p1a: Seismitoad
|
|-weather|SunnyDay|[upkeep]
|upkeep
|turn|139
|
|move|p2a: Vaporeon|Aqua Ring||[still]
|-fail|p2a: Vaporeon
|move|p1a: Seismitoad|Stealth Rock||[still]
|-fail|p1a: Seismitoad
|
|-weather|SunnyDay|[upkeep]
|upkeep
|turn|140
|
|switch|p1a: Ninetales|Ninetales, F|62/100
|move|p2a: Vaporeon|Aqua Ring||[still]
|-fail|p2a: Vaporeon
|
|-weather|SunnyDay|[upkeep]
|-heal|p1a: Ninetales|68/100|[from] item: Leftovers
|upkeep
|turn|141
|
|move|p1a: Ninetales|Protect|p1a: Ninetales
|-singleturn|p1a: Ninetales|Protect
|move|p2a: Vaporeon|Baton Pass|p2a: Vaporeon
|
|switch|p2a: Celebi|Celebi|80/100|[from]move: Baton Pass
|-damage|p2a: Celebi|68/100|[from] Spikes
|-damage|p2a: Celebi|55/100|[from] Stealth Rock
|
|-weather|SunnyDay|[upkeep]
|-heal|p1a: Ninetales|74/100|[from] item: Leftovers
|-heal|p2a: Celebi|61/100|[from] item: Leftovers
|-heal|p2a: Celebi|68/100|[from] Aqua Ring
|upkeep
|turn|142
|
|switch|p2a: Vaporeon|Vaporeon, M|100/100
|-damage|p2a: Vaporeon|88/100|[from] Spikes
|-damage|p2a: Vaporeon|76/100|[from] Stealth Rock
|move|p1a: Ninetales|Overheat|p2a: Vaporeon
|-resisted|p2a: Vaporeon
|-damage|p2a: Vaporeon|58/100
|-unboost|p1a: Ninetales|spa|2
|
|-weather|SunnyDay|[upkeep]
|-heal|p1a: Ninetales|80/100|[from] item: Leftovers
|-heal|p2a: Vaporeon|64/100|[from] item: Leftovers
|upkeep
|turn|143
|
|move|p1a: Ninetales|Power Swap|p2a: Vaporeon
|-swapboost|p1a: Ninetales|p2a: Vaporeon|atk, spa|[from] move: Power Swap
|move|p2a: Vaporeon|Aqua Ring|p2a: Vaporeon
|-start|p2a: Vaporeon|Aqua Ring
|
|-weather|SunnyDay|[upkeep]
|-heal|p1a: Ninetales|86/100|[from] item: Leftovers
|-heal|p2a: Vaporeon|70/100|[from] item: Leftovers
|-heal|p2a: Vaporeon|77/100|[from] Aqua Ring
|upkeep
|turn|144
|
|move|p1a: Ninetales|Will-O-Wisp|p2a: Vaporeon
|-status|p2a: Vaporeon|brn
|move|p2a: Vaporeon|Scald|p1a: Ninetales
|-supereffective|p1a: Ninetales
|-damage|p1a: Ninetales|71/100
|
|-weather|SunnyDay|[upkeep]
|-heal|p1a: Ninetales|77/100|[from] item: Leftovers
|-heal|p2a: Vaporeon|83/100 brn|[from] item: Leftovers
|-heal|p2a: Vaporeon|89/100 brn|[from] Aqua Ring
|-damage|p2a: Vaporeon|76/100 brn|[from] brn
|upkeep
|turn|145
|
|move|p1a: Ninetales|Will-O-Wisp|p2a: Vaporeon|[miss]
|-miss|p1a: Ninetales|p2a: Vaporeon
|move|p2a: Vaporeon|Rest|p2a: Vaporeon
|-status|p2a: Vaporeon|slp|[from] move: Rest
|-heal|p2a: Vaporeon|100/100 slp|[silent]
|
|-weather|SunnyDay|[upkeep]
|-heal|p1a: Ninetales|83/100|[from] item: Leftovers
|upkeep
|turn|146
|
|switch|p1a: Forretress|Forretress, M|100/100
|cant|p2a: Vaporeon|slp
|
|-weather|SunnyDay|[upkeep]
|upkeep
|turn|147
|
|cant|p2a: Vaporeon|slp
|move|p1a: Forretress|Spikes|p2a: Vaporeon
|-sidestart|p2: NOSLEEPTILLBKLYN|Spikes
|
|-weather|SunnyDay|[upkeep]
|upkeep
|turn|148
|c|☆NOSLEEPTILLBKLYN|se non avessi
|c|☆NOSLEEPTILLBKLYN|questo set rincoglionito
|c|☆NOSLEEPTILLBKLYN|di jirachi
|c|☆NOSLEEPTILLBKLYN|magari
|
|switch|p1a: Seismitoad|Seismitoad, M|100/100
|-curestatus|p2a: Vaporeon|slp|[msg]
|move|p2a: Vaporeon|Aqua Ring||[still]
|-fail|p2a: Vaporeon
|
|-weather|SunnyDay|[upkeep]
|upkeep
|turn|149
|
|move|p2a: Vaporeon|Baton Pass|p2a: Vaporeon
|
|switch|p2a: Celebi|Celebi|68/100|[from]move: Baton Pass
|-damage|p2a: Celebi|51/100|[from] Spikes
|-damage|p2a: Celebi|39/100|[from] Stealth Rock
|move|p1a: Seismitoad|Stealth Rock||[still]
|-fail|p1a: Seismitoad
|
|-weather|SunnyDay|[upkeep]
|-heal|p2a: Celebi|45/100|[from] item: Leftovers
|-heal|p2a: Celebi|51/100|[from] Aqua Ring
|upkeep
|turn|150
|
|switch|p1a: Xatu|Xatu, M|70/100
|move|p2a: Celebi|Stealth Rock|p1a: Xatu
|move|p1a: Xatu|Stealth Rock||[from]Magic Bounce|[still]
|-fail|p1a: Xatu
|
|-weather|SunnyDay|[upkeep]
|-heal|p2a: Celebi|57/100|[from] item: Leftovers
|-heal|p2a: Celebi|63/100|[from] Aqua Ring
|upkeep
|turn|151
|
|move|p2a: Celebi|Recover|p2a: Celebi
|-heal|p2a: Celebi|100/100
|move|p1a: Xatu|Toxic|p2a: Celebi
|-status|p2a: Celebi|tox
|
|-weather|SunnyDay|[upkeep]
|-damage|p2a: Celebi|94/100 tox|[from] psn
|upkeep
|turn|152
|
|-curestatus|p2a: Celebi|tox|[from] ability: Natural Cure
|switch|p2a: Jirachi|Jirachi|100/100
|-damage|p2a: Jirachi|94/100|[from] Stealth Rock
|-damage|p2a: Jirachi|78/100|[from] Spikes
|move|p1a: Xatu|Roost|p1a: Xatu
|-heal|p1a: Xatu|100/100
|-singleturn|p1a: Xatu|move: Roost
|
|-weather|SunnyDay|[upkeep]
|-heal|p2a: Jirachi|84/100|[from] item: Leftovers
|upkeep
|turn|153
|
|switch|p1a: Seismitoad|Seismitoad, M|100/100
|move|p2a: Jirachi|Thunder|p1a: Seismitoad
|-immune|p1a: Seismitoad
|
|-weather|SunnyDay|[upkeep]
|-heal|p2a: Jirachi|90/100|[from] item: Leftovers
|upkeep
|turn|154
|
|switch|p2a: Celebi|Celebi|94/100
|-damage|p2a: Celebi|82/100|[from] Stealth Rock
|-damage|p2a: Celebi|65/100|[from] Spikes
|move|p1a: Seismitoad|Earthquake|p2a: Celebi
|-resisted|p2a: Celebi
|-damage|p2a: Celebi|52/100
|
|-weather|SunnyDay|[upkeep]
|-heal|p2a: Celebi|58/100|[from] item: Leftovers
|upkeep
|turn|155
|
|switch|p1a: Forretress|Forretress, M|100/100
|move|p2a: Celebi|Psychic|p1a: Forretress
|-resisted|p1a: Forretress
|-damage|p1a: Forretress|86/100
|
|-weather|SunnyDay|[upkeep]
|-heal|p2a: Celebi|64/100|[from] item: Leftovers
|-heal|p1a: Forretress|92/100|[from] item: Leftovers
|upkeep
|turn|156
|
|move|p2a: Celebi|Recover|p2a: Celebi
|-heal|p2a: Celebi|100/100
|move|p1a: Forretress|Spikes|p2a: Celebi
|-sidestart|p2: NOSLEEPTILLBKLYN|Spikes
|
|-weather|SunnyDay|[upkeep]
|-heal|p1a: Forretress|99/100|[from] item: Leftovers
|upkeep
|turn|157
|
|move|p2a: Celebi|Stealth Rock|p1a: Forretress
|-sidestart|p1: porrompompom|move: Stealth Rock
|move|p1a: Forretress|Rapid Spin|p2a: Celebi
|-damage|p2a: Celebi|98/100
|-sideend|p1: porrompompom|Stealth Rock|[from] move: Rapid Spin|[of] p1a: Forretress
|
|-weather|SunnyDay|[upkeep]
|-heal|p2a: Celebi|100/100|[from] item: Leftovers
|-heal|p1a: Forretress|100/100|[from] item: Leftovers
|upkeep
|turn|158
|-message|NOSLEEPTILLBKLYN forfeited.
|
|win|porrompompom
|l|☆NOSLEEPTILLBKLYN
|raw|porrompompom's rating: 1562 &rarr; <strong>1587</strong><br />(+25 for winning)
|raw|NOSLEEPTILLBKLYN's rating: 1662 &rarr; <strong>1636</strong><br />(-26 for losing)
