|j|☆nigel
|j|☆BLJ Mario
|t:|1736010980
|gametype|singles
|player|p1|nigel|#bwplivshojikikeldeos|1301
|player|p2|BLJ Mario|#bwplivshojikikeldeos|1532
|teamsize|p1|6
|teamsize|p2|6
|gen|5
|tier|[Gen 5] OU
|rated|
|rule|Species Clause: Limit one of each Pokémon
|rule|OHKO Clause: OHKO moves are banned
|rule|Moody Clause: Moody is banned
|rule|Evasion Items Clause: Evasion items are banned
|rule|Evasion Moves Clause: Evasion moves are banned
|rule|Endless Battle Clause: Forcing endless battles is banned
|rule|HP Percentage Mod: HP is shown in percentages
|rule|Evasion Abilities Clause: Evasion abilities are banned
|rule|Sleep Moves Clause: Sleep-inducing moves are banned
|rule|Swagger Clause: Swagger is banned
|rule|Baton Pass Stat Clause: No Baton Passer may have a way to boost its stats
|clearpoke
|poke|p1|Aerodactyl, M|item
|poke|p1|Latios, M|item
|poke|p1|Scrafty, F|item
|poke|p1|Dragonite, M|item
|poke|p1|Weavile, M|item
|poke|p1|Lucario, M|item
|poke|p2|Tyranitar, F|item
|poke|p2|Alakazam, M|item
|poke|p2|Skarmory, M|item
|poke|p2|Terrakion|item
|poke|p2|Jellicent, F|item
|poke|p2|Landorus-Therian, M|item
|teampreview
|c|☆BLJ Mario|GOAT
|c|☆BLJ Mario|GOAT
|c|☆BLJ Mario|gl
|c|☆nigel|gl
|
|t:|1736011035
|start
|switch|p1a: Aerodactyl|Aerodactyl, M|100/100
|switch|p2a: Landorus|Landorus-Therian, M|100/100
|-ability|p2a: Landorus|Intimidate|boost
|-unboost|p1a: Aerodactyl|atk|1
|-ability|p1a: Aerodactyl|Pressure
|turn|1
|
|t:|1736011050
|move|p2a: Landorus|Stone Edge|p1a: Aerodactyl|[miss]
|-miss|p2a: Landorus|p1a: Aerodactyl
|move|p1a: Aerodactyl|Stealth Rock|p2a: Landorus
|-sidestart|p2: BLJ Mario|move: Stealth Rock
|
|upkeep
|turn|2
|
|t:|1736011058
|switch|p1a: Lucario|Lucario, M|100/100
|move|p2a: Landorus|Stone Edge|p1a: Lucario
|-resisted|p1a: Lucario
|-damage|p1a: Lucario|86/100
|
|upkeep
|turn|3
|
|t:|1736011074
|switch|p2a: Terrakion|Terrakion|100/100
|-damage|p2a: Terrakion|94/100|[from] Stealth Rock
|move|p1a: Lucario|Ice Punch|p2a: Terrakion
|-damage|p2a: Terrakion|55/100
|-damage|p1a: Lucario|76/100|[from] item: Life Orb
|
|upkeep
|turn|4
|
|t:|1736011085
|switch|p1a: Latios|Latios, M|100/100
|move|p2a: Terrakion|Close Combat|p1a: Latios
|-resisted|p1a: Latios
|-damage|p1a: Latios|53/100
|-unboost|p2a: Terrakion|def|1
|-unboost|p2a: Terrakion|spd|1
|-damage|p2a: Terrakion|45/100|[from] item: Life Orb
|
|upkeep
|turn|5
|
|t:|1736011091
|switch|p2a: Tyranitar|Tyranitar, F|100/100
|-damage|p2a: Tyranitar|88/100|[from] Stealth Rock
|-weather|Sandstorm|[from] ability: Sand Stream|[of] p2a: Tyranitar
|move|p1a: Latios|Reflect|p1a: Latios
|-sidestart|p1: nigel|Reflect
|
|-weather|Sandstorm|[upkeep]
|-damage|p1a: Latios|47/100|[from] Sandstorm
|upkeep
|turn|6
|
|t:|1736011130
|move|p2a: Tyranitar|Pursuit|p1a: Latios
|-supereffective|p1a: Latios
|-damage|p1a: Latios|22/100
|move|p1a: Latios|Light Screen|p1a: Latios
|-sidestart|p1: nigel|move: Light Screen
|
|-weather|Sandstorm|[upkeep]
|-damage|p1a: Latios|16/100|[from] Sandstorm
|upkeep
|turn|7
|j| night suwu
|
|t:|1736011150
|move|p2a: Tyranitar|Pursuit|p1a: Latios
|-supereffective|p1a: Latios
|-damage|p1a: Latios|0 fnt
|faint|p1a: Latios
|
|-weather|Sandstorm|[upkeep]
|upkeep
|
|t:|1736011161
|switch|p1a: Scrafty|Scrafty, F|100/100
|turn|8
|
|t:|1736011201
|switch|p2a: Landorus|Landorus-Therian, M|100/100
|-damage|p2a: Landorus|88/100|[from] Stealth Rock
|-ability|p2a: Landorus|Intimidate|boost
|-unboost|p1a: Scrafty|atk|1
|move|p1a: Scrafty|Dragon Dance|p1a: Scrafty
|-boost|p1a: Scrafty|atk|1
|-boost|p1a: Scrafty|spe|1
|
|-weather|Sandstorm|[upkeep]
|-damage|p1a: Scrafty|94/100|[from] Sandstorm
|upkeep
|turn|9
|
|t:|1736011236
|move|p2a: Landorus|U-turn|p1a: Scrafty
|-damage|p1a: Scrafty|82/100
|
|t:|1736011239
|switch|p2a: Skarmory|Skarmory, M|100/100|[from] U-turn
|-damage|p2a: Skarmory|88/100|[from] Stealth Rock
|move|p1a: Scrafty|Dragon Dance|p1a: Scrafty
|-boost|p1a: Scrafty|atk|1
|-boost|p1a: Scrafty|spe|1
|
|-weather|Sandstorm|[upkeep]
|-damage|p1a: Scrafty|75/100|[from] Sandstorm
|upkeep
|turn|10
|l| night suwu
|
|t:|1736011246
|move|p1a: Scrafty|Drain Punch|p2a: Skarmory
|-damage|p2a: Skarmory|44/100
|-heal|p1a: Scrafty|97/100|[from] drain|[of] p2a: Skarmory
|move|p2a: Skarmory|Stealth Rock|p1a: Scrafty
|-sidestart|p1: nigel|move: Stealth Rock
|
|-weather|Sandstorm|[upkeep]
|-damage|p1a: Scrafty|91/100|[from] Sandstorm
|upkeep
|turn|11
|
|t:|1736011265
|move|p1a: Scrafty|Dragon Dance|p1a: Scrafty
|-boost|p1a: Scrafty|atk|1
|-boost|p1a: Scrafty|spe|1
|move|p2a: Skarmory|Brave Bird|p1a: Scrafty
|-supereffective|p1a: Scrafty
|-damage|p1a: Scrafty|35/100
|-enditem|p1a: Scrafty|Sitrus Berry|[eat]
|-heal|p1a: Scrafty|60/100|[from] item: Sitrus Berry
|-damage|p2a: Skarmory|26/100|[from] Recoil
|
|-weather|Sandstorm|[upkeep]
|-damage|p1a: Scrafty|54/100|[from] Sandstorm
|upkeep
|turn|12
|
|t:|1736011269
|move|p1a: Scrafty|Drain Punch|p2a: Skarmory
|-damage|p2a: Skarmory|0 fnt
|-heal|p1a: Scrafty|66/100|[from] drain|[of] p2a: Skarmory
|faint|p2a: Skarmory
|
|-weather|Sandstorm|[upkeep]
|-damage|p1a: Scrafty|60/100|[from] Sandstorm
|-sideend|p1: nigel|Reflect
|upkeep
|
|t:|1736011289
|switch|p2a: Landorus|Landorus-Therian, M|88/100
|-damage|p2a: Landorus|76/100|[from] Stealth Rock
|-ability|p2a: Landorus|Intimidate|boost
|-unboost|p1a: Scrafty|atk|1
|turn|13
|
|t:|1736011293
|move|p1a: Scrafty|Ice Punch|p2a: Landorus
|-supereffective|p2a: Landorus
|-damage|p2a: Landorus|0 fnt
|faint|p2a: Landorus
|
|-weather|Sandstorm|[upkeep]
|-damage|p1a: Scrafty|54/100|[from] Sandstorm
|-sideend|p1: nigel|move: Light Screen
|upkeep
|c|☆BLJ Mario|ggs bro
|c|☆nigel|is zam not sash?
|c|☆BLJ Mario|yeah
|c|☆BLJ Mario|i played this like shit im ngl
|c|☆nigel|damn
|c|☆BLJ Mario|if custap activated i was good
|
|t:|1736011367
|switch|p2a: Tyranitar|Tyranitar, F|88/100
|-damage|p2a: Tyranitar|76/100|[from] Stealth Rock
|turn|14
|
|t:|1736011379
|switch|p2a: Jellicent|Jellicent, F|100/100
|-damage|p2a: Jellicent|88/100|[from] Stealth Rock
|move|p1a: Scrafty|Drain Punch|p2a: Jellicent
|-immune|p2a: Jellicent
|
|-weather|Sandstorm|[upkeep]
|-damage|p1a: Scrafty|48/100|[from] Sandstorm
|-damage|p2a: Jellicent|82/100|[from] Sandstorm
|-heal|p2a: Jellicent|88/100|[from] item: Leftovers
|upkeep
|turn|15
|
|t:|1736011399
|move|p1a: Scrafty|Crunch|p2a: Jellicent
|-supereffective|p2a: Jellicent
|-damage|p2a: Jellicent|12/100
|-unboost|p2a: Jellicent|def|1
|move|p2a: Jellicent|Will-O-Wisp|p1a: Scrafty
|-status|p1a: Scrafty|brn
|
|-weather|Sandstorm|[upkeep]
|-damage|p1a: Scrafty|41/100 brn|[from] Sandstorm
|-damage|p2a: Jellicent|6/100|[from] Sandstorm
|-heal|p2a: Jellicent|12/100|[from] item: Leftovers
|-damage|p1a: Scrafty|29/100 brn|[from] brn
|upkeep
|turn|16
|
|t:|1736011435
|switch|p2a: Terrakion|Terrakion|45/100
|-damage|p2a: Terrakion|39/100|[from] Stealth Rock
|move|p1a: Scrafty|Crunch|p2a: Terrakion
|-resisted|p2a: Terrakion
|-damage|p2a: Terrakion|26/100
|-ability|p2a: Terrakion|Justified|boost
|-boost|p2a: Terrakion|atk|1
|
|-weather|Sandstorm|[upkeep]
|-damage|p1a: Scrafty|23/100 brn|[from] Sandstorm
|-damage|p1a: Scrafty|10/100 brn|[from] brn
|upkeep
|turn|17
|
|t:|1736011441
|switch|p2a: Jellicent|Jellicent, F|12/100
|-damage|p2a: Jellicent|0 fnt|[from] Stealth Rock
|faint|p2a: Jellicent
|move|p1a: Scrafty|Crunch|p2: Jellicent|[notarget]
|-fail|p1a: Scrafty
|
|-weather|Sandstorm|[upkeep]
|-damage|p1a: Scrafty|4/100 brn|[from] Sandstorm
|-damage|p1a: Scrafty|0 fnt|[from] brn
|faint|p1a: Scrafty
|upkeep
|c|☆BLJ Mario|oh nvm
|
|t:|1736011453
|switch|p1a: Aerodactyl|Aerodactyl, M|100/100
|switch|p2a: Tyranitar|Tyranitar, F|76/100
|-damage|p1a: Aerodactyl|76/100|[from] Stealth Rock
|-ability|p1a: Aerodactyl|Pressure
|-damage|p2a: Tyranitar|64/100|[from] Stealth Rock
|turn|18
|
|t:|1736011467
|move|p1a: Aerodactyl|Earthquake|p2a: Tyranitar
|-supereffective|p2a: Tyranitar
|-damage|p2a: Tyranitar|9/100
|move|p2a: Tyranitar|Ice Punch|p1a: Aerodactyl
|-supereffective|p1a: Aerodactyl
|-damage|p1a: Aerodactyl|0 fnt
|faint|p1a: Aerodactyl
|
|-weather|Sandstorm|[upkeep]
|upkeep
|
|t:|1736011477
|switch|p1a: Lucario|Lucario, M|76/100
|-damage|p1a: Lucario|73/100|[from] Stealth Rock
|turn|19
|
|t:|1736011483
|move|p2a: Tyranitar|Ice Punch|p1a: Lucario
|-resisted|p1a: Lucario
|-damage|p1a: Lucario|51/100
|-status|p1a: Lucario|frz
|cant|p1a: Lucario|frz
|
|-weather|Sandstorm|[upkeep]
|upkeep
|turn|20
|c|☆nigel|you need a freeze
|c|☆nigel|ye
|c|☆nigel|lol
|c|☆nigel|i should still be good tho
|c|☆BLJ Mario|yeah you got weavile
|
|t:|1736011531
|switch|p2a: Alakazam|Alakazam, M|100/100
|cant|p1a: Lucario|frz
|
|-weather|Sandstorm|[upkeep]
|upkeep
|turn|21
|
|t:|1736011535
|-curestatus|p1a: Lucario|frz|[msg]
|move|p1a: Lucario|Extreme Speed|p2a: Alakazam
|-damage|p2a: Alakazam|26/100
|-damage|p1a: Lucario|41/100|[from] item: Life Orb
|move|p2a: Alakazam|Hidden Power|p1a: Lucario
|-supereffective|p1a: Lucario
|-damage|p1a: Lucario|0 fnt
|faint|p1a: Lucario
|
|-weather|Sandstorm|[upkeep]
|upkeep
|
|t:|1736011541
|switch|p1a: Dragonite|Dragonite, M|100/100
|-damage|p1a: Dragonite|76/100|[from] Stealth Rock
|turn|22
|c|☆BLJ Mario|gg
|
|t:|1736011547
|move|p2a: Alakazam|Psychic|p1a: Dragonite
|-damage|p1a: Dragonite|14/100
|move|p1a: Dragonite|Dragon Dance|p1a: Dragonite
|-boost|p1a: Dragonite|atk|1
|-boost|p1a: Dragonite|spe|1
|
|-weather|Sandstorm|[upkeep]
|-damage|p1a: Dragonite|8/100|[from] Sandstorm
|upkeep
|turn|23
|c|☆nigel|gg
|
|t:|1736011568
|move|p1a: Dragonite|Fire Punch|p2a: Alakazam
|-damage|p2a: Alakazam|0 fnt
|faint|p2a: Alakazam
|
|-weather|Sandstorm|[upkeep]
|-damage|p1a: Dragonite|2/100|[from] Sandstorm
|upkeep
|
|t:|1736011571
|switch|p2a: Terrakion|Terrakion|26/100
|-damage|p2a: Terrakion|20/100|[from] Stealth Rock
|turn|24
|
|t:|1736011574
|switch|p2a: Tyranitar|Tyranitar, F|9/100
|-damage|p2a: Tyranitar|0 fnt|[from] Stealth Rock
|faint|p2a: Tyranitar
|move|p1a: Dragonite|Fire Punch|p2: Tyranitar|[notarget]
|-fail|p1a: Dragonite
|
|-weather|Sandstorm|[upkeep]
|-damage|p1a: Dragonite|0 fnt|[from] Sandstorm
|faint|p1a: Dragonite
|upkeep
|
|t:|1736011578
|switch|p1a: Weavile|Weavile, M|100/100
|switch|p2a: Terrakion|Terrakion|20/100
|-damage|p1a: Weavile|76/100|[from] Stealth Rock
|-damage|p2a: Terrakion|14/100|[from] Stealth Rock
|turn|25
|
|t:|1736011581
|move|p1a: Weavile|Ice Shard|p2a: Terrakion
|-damage|p2a: Terrakion|0 fnt
|faint|p2a: Terrakion
|
|win|nigel
|raw|nigel's rating: 1301 &rarr; <strong>1333</strong><br />(+32 for winning)
|raw|BLJ Mario's rating: 1532 &rarr; <strong>1500</strong><br />(-32 for losing)
