|j|☆HANMA JACK
|j|☆LEOSHAKUR
|player|p1|HANMA JACK|247
|player|p2|LEOSHAKUR|221
|teamsize|p1|6
|teamsize|p2|6
|gametype|singles
|gen|5
|tier|[Gen 5] OU
|rated|
|rule|Sleep Clause Mod: Limit one foe put to sleep
|rule|Species Clause: Limit one of each Pokémon
|rule|OHKO Clause: OHKO moves are banned
|rule|Moody Clause: Moody is banned
|rule|Evasion Moves Clause: Evasion moves are banned
|rule|Endless Battle Clause: Forcing endless battles is banned
|rule|HP Percentage Mod: HP is shown in percentages
|rule|Evasion Abilities Clause: Evasion abilities are banned
|rule|Baton Pass Clause: Limit one Baton Passer, can't pass Spe and other stats simultaneously
|rule|Swagger Clause: Swagger is banned
|clearpoke
|poke|p1|Politoed, M|item
|poke|p1|Jirachi|item
|poke|p1|Kyurem-Black|item
|poke|p1|Thundurus-Therian, M|item
|poke|p1|Donphan, M|item
|poke|p1|Keldeo|item
|poke|p2|Alakazam, M|item
|poke|p2|Volcarona, M|item
|poke|p2|Garchomp, M|item
|poke|p2|Starmie|item
|poke|p2|Breloom, M|item
|poke|p2|Scizor, M|item
|teampreview
|c|☆HANMA JACK|pffffft
|
|start
|switch|p1a: Keldeo|Keldeo|100/100
|switch|p2a: Breloom|Breloom, M|100/100
|turn|1
|
|switch|p1a: Thundurus|Thundurus-Therian, M|100/100
|move|p2a: Breloom|Bullet Seed|p1a: Thundurus
|-resisted|p1a: Thundurus
|-damage|p1a: Thundurus|86/100
|-resisted|p1a: Thundurus
|-damage|p1a: Thundurus|71/100
|-resisted|p1a: Thundurus
|-damage|p1a: Thundurus|57/100
|-resisted|p1a: Thundurus
|-damage|p1a: Thundurus|42/100
|-resisted|p1a: Thundurus
|-damage|p1a: Thundurus|26/100
|-hitcount|p1a: Thundurus|5
|
|upkeep
|turn|2
|
|move|p2a: Breloom|Mach Punch|p1a: Thundurus
|-resisted|p1a: Thundurus
|-damage|p1a: Thundurus|1/100
|move|p1a: Thundurus|Volt Switch|p2a: Breloom
|-resisted|p2a: Breloom
|-damage|p2a: Breloom|64/100
|
|switch|p1a: Keldeo|Keldeo|100/100
|
|upkeep
|turn|3
|
|move|p2a: Breloom|Mach Punch|p1a: Keldeo
|-damage|p1a: Keldeo|67/100
|move|p1a: Keldeo|Icy Wind|p2a: Breloom
|-supereffective|p2a: Breloom
|-damage|p2a: Breloom|0 fnt
|faint|p2a: Breloom
|
|upkeep
|
|switch|p2a: Starmie|Starmie|100/100
|turn|4
|
|switch|p1a: Kyurem|Kyurem-Black|100/100
|-ability|p1a: Kyurem|Teravolt
|move|p2a: Starmie|Thunderbolt|p1a: Kyurem
|-resisted|p1a: Kyurem
|-damage|p1a: Kyurem|89/100
|
|-heal|p1a: Kyurem|95/100|[from] item: Leftovers
|upkeep
|turn|5
|
|switch|p2a: Scizor|Scizor, M|100/100
|move|p1a: Kyurem|Substitute|p1a: Kyurem
|-start|p1a: Kyurem|Substitute
|-damage|p1a: Kyurem|70/100
|
|-heal|p1a: Kyurem|76/100|[from] item: Leftovers
|upkeep
|turn|6
|
|move|p2a: Scizor|Bullet Punch|p1a: Kyurem
|-supereffective|p1a: Kyurem
|-end|p1a: Kyurem|Substitute
|-damage|p2a: Scizor|91/100|[from] item: Life Orb
|move|p1a: Kyurem|Earth Power|p2a: Scizor
|-damage|p2a: Scizor|50/100
|
|-heal|p1a: Kyurem|82/100|[from] item: Leftovers
|upkeep
|turn|7
|
|switch|p1a: Thundurus|Thundurus-Therian, M|1/100
|move|p2a: Scizor|Bullet Punch|p1a: Thundurus
|-resisted|p1a: Thundurus
|-damage|p1a: Thundurus|0 fnt
|-damage|p2a: Scizor|40/100|[from] item: Life Orb
|faint|p1a: Thundurus
|
|upkeep
|
|switch|p1a: Politoed|Politoed, M|100/100
|-weather|RainDance|[from] ability: Drizzle|[of] p1a: Politoed
|turn|8
|
|move|p2a: Scizor|Bug Bite|p1a: Politoed
|-crit|p1a: Politoed
|-damage|p1a: Politoed|0 fnt
|-damage|p2a: Scizor|30/100|[from] item: Life Orb
|faint|p1a: Politoed
|
|-weather|RainDance|[upkeep]
|upkeep
|
|switch|p1a: Keldeo|Keldeo|67/100
|turn|9
|
|move|p2a: Scizor|Bullet Punch|p1a: Keldeo
|-resisted|p1a: Keldeo
|-damage|p1a: Keldeo|45/100
|-damage|p2a: Scizor|20/100|[from] item: Life Orb
|move|p1a: Keldeo|Hydro Pump|p2a: Scizor|[miss]
|-miss|p1a: Keldeo|p2a: Scizor
|
|-weather|RainDance|[upkeep]
|upkeep
|turn|10
|
|switch|p1a: Jirachi|Jirachi|100/100
|move|p2a: Scizor|Bullet Punch|p1a: Jirachi
|-resisted|p1a: Jirachi
|-damage|p1a: Jirachi|84/100
|-damage|p2a: Scizor|10/100|[from] item: Life Orb
|
|-weather|RainDance|[upkeep]
|-heal|p1a: Jirachi|91/100|[from] item: Leftovers
|upkeep
|turn|11
|
|switch|p2a: Garchomp|Garchomp, M|100/100
|move|p1a: Jirachi|Iron Head|p2a: Garchomp
|-damage|p2a: Garchomp|72/100
|-damage|p1a: Jirachi|78/100|[from] ability: Rough Skin|[of] p2a: Garchomp
|
|-weather|RainDance|[upkeep]
|-heal|p1a: Jirachi|84/100|[from] item: Leftovers
|upkeep
|turn|12
|
|switch|p1a: Donphan|Donphan, M|100/100
|move|p2a: Garchomp|Stealth Rock|p1a: Donphan
|-sidestart|p1: HANMA JACK|move: Stealth Rock
|
|-weather|RainDance|[upkeep]
|upkeep
|turn|13
|
|switch|p2a: Starmie|Starmie|100/100
|move|p1a: Donphan|Stealth Rock|p2a: Starmie
|-sidestart|p2: LEOSHAKUR|move: Stealth Rock
|
|-weather|RainDance|[upkeep]
|upkeep
|turn|14
|
|move|p2a: Starmie|Hydro Pump|p1a: Donphan
|-supereffective|p1a: Donphan
|-ability|p1a: Donphan|Sturdy
|-damage|p1a: Donphan|1/100
|move|p1a: Donphan|Rapid Spin|p2a: Starmie
|-damage|p2a: Starmie|92/100
|-sideend|p1: HANMA JACK|Stealth Rock|[from] move: Rapid Spin|[of] p1a: Donphan
|
|-weather|RainDance|[upkeep]
|-heal|p2a: Starmie|98/100|[from] item: Leftovers
|-heal|p1a: Donphan|7/100|[from] item: Leftovers
|upkeep
|turn|15
|
|move|p2a: Starmie|Rapid Spin|p1a: Donphan
|-damage|p1a: Donphan|5/100
|-sideend|p2: LEOSHAKUR|Stealth Rock|[from] move: Rapid Spin|[of] p2a: Starmie
|move|p1a: Donphan|Earthquake|p2a: Starmie
|-damage|p2a: Starmie|41/100
|
|-weather|RainDance|[upkeep]
|-heal|p2a: Starmie|47/100|[from] item: Leftovers
|-heal|p1a: Donphan|11/100|[from] item: Leftovers
|upkeep
|turn|16
|
|move|p2a: Starmie|Ice Beam|p1a: Donphan
|-supereffective|p1a: Donphan
|-damage|p1a: Donphan|0 fnt
|faint|p1a: Donphan
|
|-weather|RainDance|[upkeep]
|-heal|p2a: Starmie|53/100|[from] item: Leftovers
|upkeep
|
|switch|p1a: Kyurem|Kyurem-Black|82/100
|-ability|p1a: Kyurem|Teravolt
|turn|17
|
|move|p2a: Starmie|Ice Beam|p1a: Kyurem
|-damage|p1a: Kyurem|56/100
|move|p1a: Kyurem|Substitute|p1a: Kyurem
|-start|p1a: Kyurem|Substitute
|-damage|p1a: Kyurem|31/100
|
|-weather|RainDance|[upkeep]
|-heal|p2a: Starmie|60/100|[from] item: Leftovers
|-heal|p1a: Kyurem|37/100|[from] item: Leftovers
|upkeep
|turn|18
|inactive|Battle timer is ON: inactive players will automatically lose when time's up. (requested by LEOSHAKUR)
|
|move|p2a: Starmie|Ice Beam|p1a: Kyurem
|-end|p1a: Kyurem|Substitute
|move|p1a: Kyurem|Fusion Bolt|p2a: Starmie
|-supereffective|p2a: Starmie
|-damage|p2a: Starmie|0 fnt
|faint|p2a: Starmie
|
|-weather|RainDance|[upkeep]
|-heal|p1a: Kyurem|43/100|[from] item: Leftovers
|upkeep
|
|switch|p2a: Scizor|Scizor, M|10/100
|turn|19
|
|switch|p1a: Jirachi|Jirachi|84/100
|move|p2a: Scizor|Bullet Punch|p1a: Jirachi
|-resisted|p1a: Jirachi
|-damage|p1a: Jirachi|66/100
|-damage|p2a: Scizor|0 fnt|[from] item: Life Orb
|faint|p2a: Scizor
|
|-weather|RainDance|[upkeep]
|-heal|p1a: Jirachi|72/100|[from] item: Leftovers
|upkeep
|
|switch|p2a: Garchomp|Garchomp, M|72/100
|turn|20
|
|switch|p1a: Kyurem|Kyurem-Black|43/100
|-ability|p1a: Kyurem|Teravolt
|move|p2a: Garchomp|Earthquake|p1a: Kyurem
|-damage|p1a: Kyurem|0 fnt
|faint|p1a: Kyurem
|
|-weather|RainDance|[upkeep]
|upkeep
|
|switch|p1a: Keldeo|Keldeo|45/100
|turn|21
|
|move|p1a: Keldeo|Hydro Pump|p2a: Garchomp
|-damage|p2a: Garchomp|0 fnt
|faint|p2a: Garchomp
|
|-weather|RainDance|[upkeep]
|upkeep
|
|switch|p2a: Alakazam|Alakazam, M|100/100
|turn|22
|
|switch|p1a: Jirachi|Jirachi|72/100
|move|p2a: Alakazam|Focus Blast|p1a: Jirachi
|-damage|p1a: Jirachi|45/100
|
|-weather|RainDance|[upkeep]
|-heal|p1a: Jirachi|51/100|[from] item: Leftovers
|upkeep
|turn|23
|
|move|p2a: Alakazam|Focus Blast|p1a: Jirachi|[miss]
|-miss|p2a: Alakazam|p1a: Jirachi
|move|p1a: Jirachi|Body Slam|p2a: Alakazam
|-damage|p2a: Alakazam|54/100
|-status|p2a: Alakazam|par
|
|-weather|RainDance|[upkeep]
|-heal|p1a: Jirachi|57/100|[from] item: Leftovers
|upkeep
|turn|24
|c|☆LEOSHAKUR|alas
|
|move|p1a: Jirachi|Wish|p1a: Jirachi
|move|p2a: Alakazam|Focus Blast|p1a: Jirachi
|-damage|p1a: Jirachi|28/100
|
|-weather|RainDance|[upkeep]
|-heal|p1a: Jirachi|35/100|[from] item: Leftovers
|upkeep
|turn|25
|
|move|p1a: Jirachi|Body Slam|p2a: Alakazam
|-damage|p2a: Alakazam|1/100 par
|move|p2a: Alakazam|Focus Blast|p1a: Jirachi
|-damage|p1a: Jirachi|9/100
|-unboost|p1a: Jirachi|spd|1
|
|-weather|RainDance|[upkeep]
|-heal|p1a: Jirachi|59/100|[from] move: Wish|[wisher] Jirachi
|-heal|p1a: Jirachi|65/100|[from] item: Leftovers
|upkeep
|turn|26
|
|move|p1a: Jirachi|Body Slam|p2a: Alakazam
|-damage|p2a: Alakazam|0 fnt
|faint|p2a: Alakazam
|
|-weather|RainDance|[upkeep]
|-heal|p1a: Jirachi|71/100|[from] item: Leftovers
|upkeep
|
|switch|p2a: Volcarona|Volcarona, M|100/100
|turn|27
|
|move|p2a: Volcarona|Quiver Dance|p2a: Volcarona
|-boost|p2a: Volcarona|spa|1
|-boost|p2a: Volcarona|spd|1
|-boost|p2a: Volcarona|spe|1
|move|p1a: Jirachi|Body Slam|p2a: Volcarona
|-damage|p2a: Volcarona|74/100
|-status|p2a: Volcarona|par
|
|-weather|RainDance|[upkeep]
|-heal|p1a: Jirachi|77/100|[from] item: Leftovers
|upkeep
|turn|28
|
|move|p1a: Jirachi|Iron Head|p2a: Volcarona
|-resisted|p2a: Volcarona
|-damage|p2a: Volcarona|56/100 par
|cant|p2a: Volcarona|flinch
|
|-weather|RainDance|[upkeep]
|-heal|p1a: Jirachi|84/100|[from] item: Leftovers
|upkeep
|turn|29
|
|move|p1a: Jirachi|Iron Head|p2a: Volcarona
|-resisted|p2a: Volcarona
|-damage|p2a: Volcarona|37/100 par
|cant|p2a: Volcarona|flinch
|
|-weather|RainDance|[upkeep]
|-heal|p1a: Jirachi|90/100|[from] item: Leftovers
|upkeep
|turn|30
|c|☆HANMA JACK|ahahah
|
|move|p1a: Jirachi|Iron Head|p2a: Volcarona
|-resisted|p2a: Volcarona
|-crit|p2a: Volcarona
|-damage|p2a: Volcarona|3/100 par
|cant|p2a: Volcarona|flinch
|
|-weather|RainDance|[upkeep]
|-heal|p1a: Jirachi|96/100|[from] item: Leftovers
|upkeep
|turn|31
|c|☆LEOSHAKUR|espero q vc morra
|c|☆LEOSHAKUR|estupido
|c|☆HANMA JACK|LOOOOL
|c|☆LEOSHAKUR|sua mae é uma vagabunda
|c|☆HANMA JACK|weak
|c|☆LEOSHAKUR|espero q vc morra
|c|☆LEOSHAKUR|retardado mental
|c|☆LEOSHAKUR|sua mae é uma piranha
|-message|LEOSHAKUR forfeited.
|
|win|HANMA JACK
|l|☆LEOSHAKUR
|raw|HANMA JACK's rating: 1393 &rarr; <strong>1410</strong><br />(+17 for winning)
|raw|LEOSHAKUR's rating: 1339 &rarr; <strong>1322</strong><br />(-17 for losing)
