|j|☆porrompompom
|j|☆Chaos23333
|player|p1|porrompompom|2|1508
|player|p2|Chaos23333|acerola|1501
|teamsize|p1|6
|teamsize|p2|6
|gametype|singles
|gen|5
|tier|[Gen 5] OU
|rated|
|clearpoke
|poke|p1|Tyranitar, M|item
|poke|p1|Reuniclus, F|item
|poke|p1|Ferrothorn, M|item
|poke|p1|Jellicent, F|item
|poke|p1|Heatran, F|item
|poke|p1|Latias, F|item
|poke|p2|Tyranitar, M|item
|poke|p2|Landorus-Therian, M|item
|poke|p2|Reuniclus, F|item
|poke|p2|Ferrothorn, M|item
|poke|p2|Rotom-Wash|item
|poke|p2|Latios, M|item
|rule|Species Clause: Limit one of each Pokémon
|rule|OHKO Clause: OHKO moves are banned
|rule|Moody Clause: Moody is banned
|rule|Evasion Moves Clause: Evasion moves are banned
|rule|Endless Battle Clause: Forcing endless battles is banned
|rule|HP Percentage Mod: HP is shown in percentages
|rule|Evasion Abilities Clause: Evasion abilities are banned
|rule|Baton Pass Clause: Limit one Baton Passer, can't pass Spe and other stats simultaneously
|rule|Sleep Clause: Sleep-inducing moves are banned
|rule|Swagger Clause: Swagger is banned
|teampreview
|inactive|Battle timer is ON: inactive players will automatically lose when time's up. (requested by Chaos23333)
|
|start
|switch|p1a: Heatran|Heatran, F|100/100
|switch|p2a: Rotom|Rotom-Wash|100/100
|turn|1
|
|switch|p1a: Ferrothorn|Ferrothorn, M|100/100
|move|p2a: Rotom|Volt Switch|p1a: Ferrothorn
|-resisted|p1a: Ferrothorn
|-damage|p1a: Ferrothorn|91/100
|
|switch|p2a: Tyranitar|Tyranitar, M|100/100|[from]move: Volt Switch
|-weather|Sandstorm|[from] ability: Sand Stream|[of] p2a: Tyranitar
|
|-weather|Sandstorm|[upkeep]
|-heal|p1a: Ferrothorn|97/100|[from] item: Leftovers
|upkeep
|turn|2
|
|move|p2a: Tyranitar|Fire Blast|p1a: Ferrothorn
|-supereffective|p1a: Ferrothorn
|-damage|p1a: Ferrothorn|32/100
|move|p1a: Ferrothorn|Power Whip|p2a: Tyranitar|[miss]
|-miss|p1a: Ferrothorn|p2a: Tyranitar
|
|-weather|Sandstorm|[upkeep]
|-heal|p1a: Ferrothorn|38/100|[from] item: Leftovers
|upkeep
|turn|3
|
|move|p2a: Tyranitar|Fire Blast|p1a: Ferrothorn|[miss]
|-miss|p2a: Tyranitar|p1a: Ferrothorn
|move|p1a: Ferrothorn|Power Whip|p2a: Tyranitar
|-supereffective|p2a: Tyranitar
|-damage|p2a: Tyranitar|37/100
|
|-weather|Sandstorm|[upkeep]
|-heal|p1a: Ferrothorn|44/100|[from] item: Leftovers
|upkeep
|turn|4
|
|switch|p1a: Heatran|Heatran, F|100/100
|move|p2a: Tyranitar|Fire Blast|p1a: Heatran
|-start|p1a: Heatran|ability: Flash Fire
|
|-weather|Sandstorm|[upkeep]
|upkeep
|turn|5
|
|switch|p2a: Rotom|Rotom-Wash|100/100
|move|p1a: Heatran|Will-O-Wisp|p2a: Rotom
|-status|p2a: Rotom|brn
|
|-weather|Sandstorm|[upkeep]
|-damage|p2a: Rotom|94/100 brn|[from] Sandstorm
|-heal|p2a: Rotom|100/100 brn|[from] item: Leftovers
|-damage|p2a: Rotom|88/100 brn|[from] brn
|upkeep
|turn|6
|
|-end|p1a: Heatran|ability: Flash Fire|[silent]
|switch|p1a: Ferrothorn|Ferrothorn, M|44/100
|move|p2a: Rotom|Volt Switch|p1a: Ferrothorn
|-resisted|p1a: Ferrothorn
|-damage|p1a: Ferrothorn|35/100
|
|switch|p2a: Tyranitar|Tyranitar, M|37/100|[from]move: Volt Switch
|
|-weather|Sandstorm|[upkeep]
|-heal|p1a: Ferrothorn|41/100|[from] item: Leftovers
|upkeep
|turn|7
|
|switch|p1a: Heatran|Heatran, F|100/100
|move|p2a: Tyranitar|Fire Blast|p1a: Heatran
|-start|p1a: Heatran|ability: Flash Fire
|
|-weather|Sandstorm|[upkeep]
|upkeep
|turn|8
|
|switch|p2a: Rotom|Rotom-Wash|88/100 brn
|move|p1a: Heatran|Magma Storm|p2a: Rotom
|-resisted|p2a: Rotom
|-damage|p2a: Rotom|50/100 brn
|-activate|p2a: Rotom|move: Magma Storm|[of] p1a: Heatran
|
|-weather|Sandstorm|[upkeep]
|-damage|p2a: Rotom|44/100 brn|[from] Sandstorm
|-heal|p2a: Rotom|50/100 brn|[from] item: Leftovers
|-damage|p2a: Rotom|38/100 brn|[from] brn
|-damage|p2a: Rotom|32/100 brn|[from] move: Magma Storm|[partiallytrapped]
|upkeep
|turn|9
|
|move|p1a: Heatran|Magma Storm|p2a: Rotom
|-resisted|p2a: Rotom
|-damage|p2a: Rotom|0 fnt
|faint|p2a: Rotom
|
|-weather|Sandstorm|[upkeep]
|upkeep
|
|switch|p2a: Landorus|Landorus-Therian, M|100/100
|-ability|p2a: Landorus|Intimidate|boost
|-unboost|p1a: Heatran|atk|1
|turn|10
|
|-end|p1a: Heatran|ability: Flash Fire|[silent]
|switch|p1a: Latias|Latias, F|100/100
|move|p2a: Landorus|Earthquake|p1a: Latias
|-immune|p1a: Latias|[from] ability: Levitate
|
|-weather|Sandstorm|[upkeep]
|-damage|p1a: Latias|95/100|[from] Sandstorm
|-status|p1a: Latias|brn|[from] item: Flame Orb
|upkeep
|turn|11
|
|switch|p2a: Reuniclus|Reuniclus, F|100/100
|move|p1a: Latias|Trick|p2a: Reuniclus
|-activate|p1a: Latias|move: Trick|[of] p2a: Reuniclus
|-item|p2a: Reuniclus|Flame Orb|[from] move: Trick
|-item|p1a: Latias|Life Orb|[from] move: Trick
|
|-weather|Sandstorm|[upkeep]
|-damage|p1a: Latias|89/100 brn|[from] Sandstorm
|-damage|p1a: Latias|76/100 brn|[from] brn
|-status|p2a: Reuniclus|brn|[from] item: Flame Orb
|upkeep
|turn|12
|
|move|p1a: Latias|Draco Meteor|p2a: Reuniclus|[miss]
|-miss|p1a: Latias|p2a: Reuniclus
|move|p2a: Reuniclus|Focus Blast|p1a: Latias
|-resisted|p1a: Latias
|-damage|p1a: Latias|57/100 brn
|
|-weather|Sandstorm|[upkeep]
|-damage|p1a: Latias|51/100 brn|[from] Sandstorm
|-damage|p1a: Latias|38/100 brn|[from] brn
|upkeep
|turn|13
|
|switch|p2a: Ferrothorn|Ferrothorn, M|100/100
|move|p1a: Latias|Recover|p1a: Latias
|-heal|p1a: Latias|89/100 brn
|
|-weather|Sandstorm|[upkeep]
|-damage|p1a: Latias|83/100 brn|[from] Sandstorm
|-damage|p1a: Latias|70/100 brn|[from] brn
|upkeep
|turn|14
|
|switch|p1a: Heatran|Heatran, F|100/100
|switch|p2a: Reuniclus|Reuniclus, F|100/100 brn
|
|-weather|Sandstorm|[upkeep]
|upkeep
|turn|15
|
|move|p1a: Heatran|Taunt|p2a: Reuniclus
|-start|p2a: Reuniclus|move: Taunt
|move|p2a: Reuniclus|Focus Blast|p1a: Heatran
|-supereffective|p1a: Heatran
|-damage|p1a: Heatran|30/100
|
|-weather|Sandstorm|[upkeep]
|-heal|p1a: Heatran|36/100|[from] item: Leftovers
|upkeep
|turn|16
|
|move|p1a: Heatran|Magma Storm|p2a: Reuniclus|[miss]
|-miss|p1a: Heatran|p2a: Reuniclus
|move|p2a: Reuniclus|Shadow Ball|p1a: Heatran
|-resisted|p1a: Heatran
|-damage|p1a: Heatran|24/100
|
|-weather|Sandstorm|[upkeep]
|-heal|p1a: Heatran|30/100|[from] item: Leftovers
|upkeep
|turn|17
|
|switch|p2a: Latios|Latios, M|100/100
|move|p1a: Heatran|Magma Storm|p2a: Latios|[miss]
|-miss|p1a: Heatran|p2a: Latios
|
|-weather|Sandstorm|[upkeep]
|-damage|p2a: Latios|95/100|[from] Sandstorm
|-heal|p1a: Heatran|37/100|[from] item: Leftovers
|upkeep
|turn|18
|
|switch|p1a: Ferrothorn|Ferrothorn, M|41/100
|move|p2a: Latios|Trick|p1a: Ferrothorn
|-activate|p2a: Latios|move: Trick|[of] p1a: Ferrothorn
|-item|p1a: Ferrothorn|Choice Specs|[from] move: Trick
|-item|p2a: Latios|Leftovers|[from] move: Trick
|
|-weather|Sandstorm|[upkeep]
|-damage|p2a: Latios|89/100|[from] Sandstorm
|-heal|p2a: Latios|95/100|[from] item: Leftovers
|upkeep
|turn|19
|
|switch|p2a: Ferrothorn|Ferrothorn, M|100/100
|move|p1a: Ferrothorn|Knock Off|p2a: Ferrothorn
|-resisted|p2a: Ferrothorn
|-damage|p2a: Ferrothorn|99/100
|-damage|p1a: Ferrothorn|29/100|[from] ability: Iron Barbs|[of] p2a: Ferrothorn
|-enditem|p2a: Ferrothorn|Leftovers|[from] move: Knock Off|[of] p1a: Ferrothorn
|
|-weather|Sandstorm|[upkeep]
|upkeep
|turn|20
|
|switch|p1a: Heatran|Heatran, F|37/100
|move|p2a: Ferrothorn|Spikes|p1a: Heatran
|-sidestart|p1: porrompompom|Spikes
|
|-weather|Sandstorm|[upkeep]
|-heal|p1a: Heatran|43/100|[from] item: Leftovers
|upkeep
|turn|21
|
|switch|p2a: Latios|Latios, M|95/100
|move|p1a: Heatran|Magma Storm|p2a: Latios
|-resisted|p2a: Latios
|-crit|p2a: Latios
|-damage|p2a: Latios|41/100
|-activate|p2a: Latios|move: Magma Storm|[of] p1a: Heatran
|
|-weather|Sandstorm|[upkeep]
|-damage|p2a: Latios|35/100|[from] Sandstorm
|-heal|p2a: Latios|41/100|[from] item: Leftovers
|-heal|p1a: Heatran|49/100|[from] item: Leftovers
|-damage|p2a: Latios|35/100|[from] move: Magma Storm|[partiallytrapped]
|upkeep
|turn|22
|
|switch|p1a: Ferrothorn|Ferrothorn, M|29/100
|-damage|p1a: Ferrothorn|17/100|[from] Spikes
|move|p2a: Latios|Surf|p1a: Ferrothorn
|-resisted|p1a: Ferrothorn
|-damage|p1a: Ferrothorn|5/100
|
|-weather|Sandstorm|[upkeep]
|-damage|p2a: Latios|29/100|[from] Sandstorm
|-heal|p2a: Latios|35/100|[from] item: Leftovers
|upkeep
|turn|23
|
|move|p2a: Latios|Recover|p2a: Latios
|-heal|p2a: Latios|86/100
|move|p1a: Ferrothorn|Leech Seed|p2a: Latios
|-start|p2a: Latios|move: Leech Seed
|
|-weather|Sandstorm|[upkeep]
|-damage|p2a: Latios|80/100|[from] Sandstorm
|-heal|p2a: Latios|86/100|[from] item: Leftovers
|-damage|p2a: Latios|73/100|[from] Leech Seed|[of] p1a: Ferrothorn
|-heal|p1a: Ferrothorn|16/100|[silent]
|upkeep
|turn|24
|
|switch|p2a: Landorus|Landorus-Therian, M|100/100
|-ability|p2a: Landorus|Intimidate|boost
|-unboost|p1a: Ferrothorn|atk|1
|move|p1a: Ferrothorn|Leech Seed|p2a: Landorus
|-start|p2a: Landorus|move: Leech Seed
|
|-weather|Sandstorm|[upkeep]
|-damage|p2a: Landorus|88/100|[from] Leech Seed|[of] p1a: Ferrothorn
|-heal|p1a: Ferrothorn|29/100|[silent]
|upkeep
|turn|25
|
|move|p2a: Landorus|U-turn|p1a: Ferrothorn
|-damage|p1a: Ferrothorn|14/100
|-damage|p2a: Landorus|76/100|[from] ability: Iron Barbs|[of] p1a: Ferrothorn
|
|switch|p2a: Ferrothorn|Ferrothorn, M|99/100|[from]move: U-turn
|move|p1a: Ferrothorn|Leech Seed|p2a: Ferrothorn
|-immune|p2a: Ferrothorn
|
|-weather|Sandstorm|[upkeep]
|upkeep
|turn|26
|
|switch|p1a: Heatran|Heatran, F|49/100
|-damage|p1a: Heatran|37/100|[from] Spikes
|move|p2a: Ferrothorn|Knock Off|p1a: Heatran
|-resisted|p1a: Heatran
|-damage|p1a: Heatran|35/100
|-enditem|p1a: Heatran|Leftovers|[from] move: Knock Off|[of] p2a: Ferrothorn
|
|-weather|Sandstorm|[upkeep]
|upkeep
|turn|27
|
|switch|p2a: Latios|Latios, M|73/100
|move|p1a: Heatran|Will-O-Wisp|p2a: Latios
|-status|p2a: Latios|brn
|
|-weather|Sandstorm|[upkeep]
|-damage|p2a: Latios|67/100 brn|[from] Sandstorm
|-heal|p2a: Latios|73/100 brn|[from] item: Leftovers
|-damage|p2a: Latios|61/100 brn|[from] brn
|upkeep
|turn|28
|
|switch|p1a: Ferrothorn|Ferrothorn, M|14/100
|-damage|p1a: Ferrothorn|2/100|[from] Spikes
|move|p2a: Latios|Recover|p2a: Latios
|-heal|p2a: Latios|100/100 brn
|
|-weather|Sandstorm|[upkeep]
|-damage|p2a: Latios|95/100 brn|[from] Sandstorm
|-heal|p2a: Latios|100/100 brn|[from] item: Leftovers
|-damage|p2a: Latios|88/100 brn|[from] brn
|upkeep
|turn|29
|
|switch|p2a: Ferrothorn|Ferrothorn, M|99/100
|move|p1a: Ferrothorn|Spikes|p2a: Ferrothorn
|-sidestart|p2: Chaos23333|Spikes
|
|-weather|Sandstorm|[upkeep]
|upkeep
|turn|30
|
|switch|p1a: Heatran|Heatran, F|35/100
|-damage|p1a: Heatran|22/100|[from] Spikes
|move|p2a: Ferrothorn|Knock Off|p1a: Heatran
|-resisted|p1a: Heatran
|-damage|p1a: Heatran|20/100
|
|-weather|Sandstorm|[upkeep]
|upkeep
|turn|31
|
|switch|p2a: Latios|Latios, M|88/100 brn
|move|p1a: Heatran|Magma Storm|p2a: Latios
|-resisted|p2a: Latios
|-damage|p2a: Latios|59/100 brn
|-activate|p2a: Latios|move: Magma Storm|[of] p1a: Heatran
|
|-weather|Sandstorm|[upkeep]
|-damage|p2a: Latios|53/100 brn|[from] Sandstorm
|-heal|p2a: Latios|59/100 brn|[from] item: Leftovers
|-damage|p2a: Latios|47/100 brn|[from] brn
|-damage|p2a: Latios|41/100 brn|[from] move: Magma Storm|[partiallytrapped]
|upkeep
|turn|32
|
|switch|p1a: Ferrothorn|Ferrothorn, M|2/100
|-damage|p1a: Ferrothorn|0 fnt|[from] Spikes
|faint|p1a: Ferrothorn
|move|p2a: Latios|Recover|p2a: Latios
|-heal|p2a: Latios|91/100 brn
|
|-weather|Sandstorm|[upkeep]
|-damage|p2a: Latios|85/100 brn|[from] Sandstorm
|-heal|p2a: Latios|91/100 brn|[from] item: Leftovers
|-damage|p2a: Latios|79/100 brn|[from] brn
|upkeep
|
|switch|p1a: Tyranitar|Tyranitar, M|100/100
|-damage|p1a: Tyranitar|88/100|[from] Spikes
|turn|33
|
|-activate|p2a: Latios|move: Pursuit
|move|p1a: Tyranitar|Pursuit|p2a: Latios|[from]Pursuit
|-supereffective|p2a: Latios
|-damage|p2a: Latios|0 fnt
|-hint|A Pokemon can't switch between when it runs out of HP and when it faints
|faint|p2a: Latios
|
|-weather|Sandstorm|[upkeep]
|upkeep
|
|switch|p2a: Landorus|Landorus-Therian, M|76/100
|-ability|p2a: Landorus|Intimidate|boost
|-unboost|p1a: Tyranitar|atk|1
|turn|34
|inactive|porrompompom has 120 seconds left.
|
|switch|p1a: Heatran|Heatran, F|20/100
|-damage|p1a: Heatran|8/100|[from] Spikes
|move|p2a: Landorus|U-turn|p1a: Heatran
|-resisted|p1a: Heatran
|-damage|p1a: Heatran|3/100
|
|switch|p2a: Reuniclus|Reuniclus, F|100/100 brn|[from]move: U-turn
|
|-weather|Sandstorm|[upkeep]
|upkeep
|turn|35
|
|move|p1a: Heatran|Magma Storm|p2a: Reuniclus
|-damage|p2a: Reuniclus|53/100 brn
|-activate|p2a: Reuniclus|move: Magma Storm|[of] p1a: Heatran
|move|p2a: Reuniclus|Trick Room|p2a: Reuniclus
|-fieldstart|move: Trick Room|[of] p2a: Reuniclus
|
|-weather|Sandstorm|[upkeep]
|upkeep
|turn|36
|
|move|p2a: Reuniclus|Shadow Ball|p1a: Heatran
|-resisted|p1a: Heatran
|-damage|p1a: Heatran|0 fnt
|faint|p1a: Heatran
|
|-weather|Sandstorm|[upkeep]
|upkeep
|
|switch|p1a: Tyranitar|Tyranitar, M|88/100
|-damage|p1a: Tyranitar|76/100|[from] Spikes
|turn|37
|
|move|p2a: Reuniclus|Focus Blast|p1a: Tyranitar
|-supereffective|p1a: Tyranitar
|-enditem|p1a: Tyranitar|Chople Berry|[eat]
|-enditem|p1a: Tyranitar|Chople Berry|[weaken]
|-damage|p1a: Tyranitar|30/100
|move|p1a: Tyranitar|Crunch|p2a: Reuniclus
|-supereffective|p2a: Reuniclus
|-damage|p2a: Reuniclus|0 fnt
|faint|p2a: Reuniclus
|
|-weather|Sandstorm|[upkeep]
|upkeep
|
|switch|p2a: Landorus|Landorus-Therian, M|76/100
|-ability|p2a: Landorus|Intimidate|boost
|-unboost|p1a: Tyranitar|atk|1
|turn|38
|
|move|p1a: Tyranitar|Stealth Rock|p2a: Landorus
|-sidestart|p2: Chaos23333|move: Stealth Rock
|move|p2a: Landorus|U-turn|p1a: Tyranitar
|-supereffective|p1a: Tyranitar
|-damage|p1a: Tyranitar|0 fnt
|faint|p1a: Tyranitar
|
|switch|p2a: Tyranitar|Tyranitar, M|37/100|[from]move: U-turn
|-damage|p2a: Tyranitar|25/100|[from] Stealth Rock
|-damage|p2a: Tyranitar|12/100|[from] Spikes
|
|-weather|Sandstorm|[upkeep]
|upkeep
|inactive|porrompompom has 120 seconds left.
|
|switch|p1a: Jellicent|Jellicent, F|100/100
|-damage|p1a: Jellicent|88/100|[from] Spikes
|turn|39
|
|move|p2a: Tyranitar|Crunch|p1a: Jellicent
|-supereffective|p1a: Jellicent
|-damage|p1a: Jellicent|19/100
|move|p1a: Jellicent|Scald|p2a: Tyranitar
|-supereffective|p2a: Tyranitar
|-damage|p2a: Tyranitar|0 fnt
|faint|p2a: Tyranitar
|
|-weather|Sandstorm|[upkeep]
|-damage|p1a: Jellicent|13/100|[from] Sandstorm
|-heal|p1a: Jellicent|19/100|[from] item: Leftovers
|-fieldend|move: Trick Room
|upkeep
|
|switch|p2a: Landorus|Landorus-Therian, M|76/100
|-damage|p2a: Landorus|64/100|[from] Stealth Rock
|-ability|p2a: Landorus|Intimidate|boost
|-unboost|p1a: Jellicent|atk|1
|turn|40
|inactive|porrompompom has 120 seconds left.
|
|switch|p1a: Latias|Latias, F|70/100 brn
|move|p2a: Landorus|Earthquake|p1a: Latias
|-immune|p1a: Latias|[from] ability: Levitate
|
|-weather|Sandstorm|[upkeep]
|-damage|p1a: Latias|64/100 brn|[from] Sandstorm
|-damage|p1a: Latias|52/100 brn|[from] brn
|upkeep
|turn|41
|inactive|porrompompom has 120 seconds left.
|
|switch|p2a: Ferrothorn|Ferrothorn, M|99/100
|-damage|p2a: Ferrothorn|93/100|[from] Stealth Rock
|-damage|p2a: Ferrothorn|81/100|[from] Spikes
|switch|p1a: Jellicent|Jellicent, F|19/100
|-damage|p1a: Jellicent|7/100|[from] Spikes
|
|-weather|Sandstorm|[upkeep]
|-damage|p1a: Jellicent|0 fnt|[from] Sandstorm
|faint|p1a: Jellicent
|upkeep
|
|switch|p1a: Reuniclus|Reuniclus, F|100/100
|turn|42
|
|move|p1a: Reuniclus|Calm Mind|p1a: Reuniclus
|-boost|p1a: Reuniclus|spa|1
|-boost|p1a: Reuniclus|spd|1
|move|p2a: Ferrothorn|Thunder Wave|p1a: Reuniclus
|-status|p1a: Reuniclus|par
|
|-weather|Sandstorm|[upkeep]
|upkeep
|turn|43
|
|move|p2a: Ferrothorn|Knock Off|p1a: Reuniclus
|-supereffective|p1a: Reuniclus
|-damage|p1a: Reuniclus|94/100 par
|-enditem|p1a: Reuniclus|Leftovers|[from] move: Knock Off|[of] p2a: Ferrothorn
|move|p1a: Reuniclus|Hidden Power|p2a: Ferrothorn
|-damage|p2a: Ferrothorn|59/100
|
|-weather|Sandstorm|[upkeep]
|upkeep
|turn|44
|
|move|p2a: Ferrothorn|Power Whip|p1a: Reuniclus
|-damage|p1a: Reuniclus|67/100 par
|cant|p1a: Reuniclus|par
|
|-weather|Sandstorm|[upkeep]
|upkeep
|turn|45
|
|move|p2a: Ferrothorn|Power Whip|p1a: Reuniclus
|-damage|p1a: Reuniclus|40/100 par
|cant|p1a: Reuniclus|par
|
|-weather|Sandstorm|[upkeep]
|upkeep
|turn|46
|
|move|p2a: Ferrothorn|Power Whip|p1a: Reuniclus
|-damage|p1a: Reuniclus|15/100 par
|cant|p1a: Reuniclus|par
|
|-weather|Sandstorm|[upkeep]
|upkeep
|turn|47
|
|move|p2a: Ferrothorn|Power Whip|p1a: Reuniclus
|-damage|p1a: Reuniclus|0 fnt
|faint|p1a: Reuniclus
|
|-weather|Sandstorm|[upkeep]
|upkeep
|c|☆porrompompom|"g"g?
|c|☆porrompompom|or something like that
|
|switch|p1a: Latias|Latias, F|52/100 brn
|turn|48
|
|move|p1a: Latias|Recover|p1a: Latias
|-heal|p1a: Latias|100/100 brn
|move|p2a: Ferrothorn|Knock Off|p1a: Latias
|-supereffective|p1a: Latias
|-damage|p1a: Latias|89/100 brn
|-enditem|p1a: Latias|Life Orb|[from] move: Knock Off|[of] p2a: Ferrothorn
|
|-weather|Sandstorm|[upkeep]
|-damage|p1a: Latias|83/100 brn|[from] Sandstorm
|-damage|p1a: Latias|70/100 brn|[from] brn
|upkeep
|turn|49
|
|move|p1a: Latias|Psyshock|p2a: Ferrothorn
|-resisted|p2a: Ferrothorn
|-damage|p2a: Ferrothorn|46/100
|move|p2a: Ferrothorn|Power Whip|p1a: Latias
|-resisted|p1a: Latias
|-damage|p1a: Latias|47/100 brn
|
|-weather|Sandstorm|[upkeep]
|-damage|p1a: Latias|41/100 brn|[from] Sandstorm
|-damage|p1a: Latias|29/100 brn|[from] brn
|upkeep
|turn|50
|
|move|p1a: Latias|Recover|p1a: Latias
|-heal|p1a: Latias|79/100 brn
|move|p2a: Ferrothorn|Power Whip|p1a: Latias
|-resisted|p1a: Latias
|-damage|p1a: Latias|56/100 brn
|
|-weather|Sandstorm|[upkeep]
|-damage|p1a: Latias|50/100 brn|[from] Sandstorm
|-damage|p1a: Latias|38/100 brn|[from] brn
|upkeep
|turn|51
|
|move|p1a: Latias|Recover|p1a: Latias
|-heal|p1a: Latias|88/100 brn
|move|p2a: Ferrothorn|Power Whip|p1a: Latias
|-resisted|p1a: Latias
|-crit|p1a: Latias
|-damage|p1a: Latias|40/100 brn
|
|-weather|Sandstorm|[upkeep]
|-damage|p1a: Latias|34/100 brn|[from] Sandstorm
|-damage|p1a: Latias|22/100 brn|[from] brn
|upkeep
|turn|52
|
|move|p1a: Latias|Recover|p1a: Latias
|-heal|p1a: Latias|72/100 brn
|move|p2a: Ferrothorn|Power Whip|p1a: Latias
|-resisted|p1a: Latias
|-damage|p1a: Latias|47/100 brn
|
|-weather|Sandstorm|[upkeep]
|-damage|p1a: Latias|41/100 brn|[from] Sandstorm
|-damage|p1a: Latias|29/100 brn|[from] brn
|upkeep
|turn|53
|
|move|p1a: Latias|Recover|p1a: Latias
|-heal|p1a: Latias|79/100 brn
|move|p2a: Ferrothorn|Power Whip|p1a: Latias
|-resisted|p1a: Latias
|-damage|p1a: Latias|55/100 brn
|
|-weather|Sandstorm|[upkeep]
|-damage|p1a: Latias|49/100 brn|[from] Sandstorm
|-damage|p1a: Latias|37/100 brn|[from] brn
|upkeep
|turn|54
|
|move|p1a: Latias|Recover|p1a: Latias
|-heal|p1a: Latias|87/100 brn
|move|p2a: Ferrothorn|Power Whip|p1a: Latias
|-resisted|p1a: Latias
|-damage|p1a: Latias|64/100 brn
|
|-weather|Sandstorm|[upkeep]
|-damage|p1a: Latias|58/100 brn|[from] Sandstorm
|-damage|p1a: Latias|46/100 brn|[from] brn
|upkeep
|turn|55
|
|move|p1a: Latias|Recover|p1a: Latias
|-heal|p1a: Latias|96/100 brn
|move|p2a: Ferrothorn|Power Whip|p1a: Latias
|-resisted|p1a: Latias
|-damage|p1a: Latias|70/100 brn
|
|-weather|Sandstorm|[upkeep]
|-damage|p1a: Latias|64/100 brn|[from] Sandstorm
|-damage|p1a: Latias|52/100 brn|[from] brn
|upkeep
|turn|56
|
|move|p1a: Latias|Recover|p1a: Latias
|-heal|p1a: Latias|100/100 brn
|move|p2a: Ferrothorn|Power Whip|p1a: Latias
|-resisted|p1a: Latias
|-crit|p1a: Latias
|-damage|p1a: Latias|52/100 brn
|
|-weather|Sandstorm|[upkeep]
|-damage|p1a: Latias|46/100 brn|[from] Sandstorm
|-damage|p1a: Latias|33/100 brn|[from] brn
|upkeep
|turn|57
|c|☆porrompompom|jesus fucking christ
|
|move|p1a: Latias|Recover|p1a: Latias
|-heal|p1a: Latias|84/100 brn
|move|p2a: Ferrothorn|Power Whip|p1a: Latias
|-resisted|p1a: Latias
|-damage|p1a: Latias|60/100 brn
|
|-weather|Sandstorm|[upkeep]
|-damage|p1a: Latias|54/100 brn|[from] Sandstorm
|-damage|p1a: Latias|41/100 brn|[from] brn
|upkeep
|turn|58
|
|move|p1a: Latias|Recover|p1a: Latias
|-heal|p1a: Latias|92/100 brn
|move|p2a: Ferrothorn|Power Whip|p1a: Latias
|-resisted|p1a: Latias
|-damage|p1a: Latias|66/100 brn
|
|-weather|Sandstorm|[upkeep]
|-damage|p1a: Latias|60/100 brn|[from] Sandstorm
|-damage|p1a: Latias|48/100 brn|[from] brn
|upkeep
|turn|59
|
|move|p1a: Latias|Recover|p1a: Latias
|-heal|p1a: Latias|98/100 brn
|move|p2a: Ferrothorn|Power Whip|p1a: Latias
|-resisted|p1a: Latias
|-damage|p1a: Latias|72/100 brn
|
|-weather|Sandstorm|[upkeep]
|-damage|p1a: Latias|66/100 brn|[from] Sandstorm
|-damage|p1a: Latias|54/100 brn|[from] brn
|upkeep
|turn|60
|
|move|p1a: Latias|Recover|p1a: Latias
|-heal|p1a: Latias|100/100 brn
|move|p2a: Ferrothorn|Power Whip|p1a: Latias
|-resisted|p1a: Latias
|-damage|p1a: Latias|78/100 brn
|
|-weather|Sandstorm|[upkeep]
|-damage|p1a: Latias|72/100 brn|[from] Sandstorm
|-damage|p1a: Latias|60/100 brn|[from] brn
|upkeep
|turn|61
|
|move|p1a: Latias|Recover|p1a: Latias
|-heal|p1a: Latias|100/100 brn
|move|p2a: Ferrothorn|Knock Off|p1a: Latias
|-supereffective|p1a: Latias
|-damage|p1a: Latias|90/100 brn
|
|-weather|Sandstorm|[upkeep]
|-damage|p1a: Latias|84/100 brn|[from] Sandstorm
|-damage|p1a: Latias|72/100 brn|[from] brn
|upkeep
|turn|62
|
|move|p1a: Latias|Psyshock|p2a: Ferrothorn
|-resisted|p2a: Ferrothorn
|-damage|p2a: Ferrothorn|32/100
|move|p2a: Ferrothorn|Knock Off|p1a: Latias
|-supereffective|p1a: Latias
|-damage|p1a: Latias|61/100 brn
|
|-weather|Sandstorm|[upkeep]
|-damage|p1a: Latias|55/100 brn|[from] Sandstorm
|-damage|p1a: Latias|43/100 brn|[from] brn
|upkeep
|turn|63
|
|move|p1a: Latias|Psyshock|p2a: Ferrothorn
|-resisted|p2a: Ferrothorn
|-damage|p2a: Ferrothorn|19/100
|move|p2a: Ferrothorn|Knock Off|p1a: Latias
|-supereffective|p1a: Latias
|-damage|p1a: Latias|31/100 brn
|
|-weather|Sandstorm|[upkeep]
|-damage|p1a: Latias|25/100 brn|[from] Sandstorm
|-damage|p1a: Latias|13/100 brn|[from] brn
|upkeep
|turn|64
|
|move|p1a: Latias|Recover|p1a: Latias
|-heal|p1a: Latias|63/100 brn
|move|p2a: Ferrothorn|Knock Off|p1a: Latias
|-supereffective|p1a: Latias
|-damage|p1a: Latias|53/100 brn
|
|-weather|Sandstorm|[upkeep]
|-damage|p1a: Latias|47/100 brn|[from] Sandstorm
|-damage|p1a: Latias|34/100 brn|[from] brn
|upkeep
|turn|65
|
|move|p1a: Latias|Recover|p1a: Latias
|-heal|p1a: Latias|85/100 brn
|move|p2a: Ferrothorn|Knock Off|p1a: Latias
|-supereffective|p1a: Latias
|-damage|p1a: Latias|73/100 brn
|
|-weather|Sandstorm|[upkeep]
|-damage|p1a: Latias|67/100 brn|[from] Sandstorm
|-damage|p1a: Latias|54/100 brn|[from] brn
|upkeep
|turn|66
|
|move|p1a: Latias|Psyshock|p2a: Ferrothorn
|-resisted|p2a: Ferrothorn
|-damage|p2a: Ferrothorn|6/100
|move|p2a: Ferrothorn|Knock Off|p1a: Latias
|-supereffective|p1a: Latias
|-damage|p1a: Latias|42/100 brn
|
|-weather|Sandstorm|[upkeep]
|-damage|p1a: Latias|36/100 brn|[from] Sandstorm
|-damage|p1a: Latias|24/100 brn|[from] brn
|upkeep
|turn|67
|
|move|p1a: Latias|Psyshock|p2a: Ferrothorn
|-resisted|p2a: Ferrothorn
|-damage|p2a: Ferrothorn|0 fnt
|faint|p2a: Ferrothorn
|
|-weather|Sandstorm|[upkeep]
|-damage|p1a: Latias|18/100 brn|[from] Sandstorm
|-damage|p1a: Latias|6/100 brn|[from] brn
|upkeep
|
|switch|p2a: Landorus|Landorus-Therian, M|64/100
|-damage|p2a: Landorus|51/100|[from] Stealth Rock
|-ability|p2a: Landorus|Intimidate|boost
|-unboost|p1a: Latias|atk|1
|turn|68
|
|move|p2a: Landorus|U-turn|p1a: Latias
|-supereffective|p1a: Latias
|-crit|p1a: Latias
|-damage|p1a: Latias|0 fnt
|faint|p1a: Latias
|
|win|Chaos23333
|raw|porrompompom's rating: 1508 &rarr; <strong>1488</strong><br />(-20 for losing)
|raw|Chaos23333's rating: 1501 &rarr; <strong>1522</strong><br />(+21 for winning)
