|j|☆porrompompom
|j|‽aowejf
|player|p1|porrompompom|102
|player|p2|aowejf|266
|teamsize|p1|6
|teamsize|p2|6
|gametype|singles
|gen|5
|tier|[Gen 5] OU
|rated|
|rule|Sleep Clause Mod: Limit one foe put to sleep
|rule|Species Clause: Limit one of each Pokémon
|rule|OHKO Clause: OHKO moves are banned
|rule|Moody Clause: Moody is banned
|rule|Evasion Moves Clause: Evasion moves are banned
|rule|Endless Battle Clause: Forcing endless battles is banned
|rule|HP Percentage Mod: HP is shown in percentages
|rule|Evasion Abilities Clause: Evasion abilities are banned
|rule|Baton Pass Clause: Limit one Baton Passer, can't pass Spe and other stats simultaneously
|rule|Swagger Clause: Swagger is banned
|clearpoke
|poke|p1|Ninetales, F|item
|poke|p1|Lilligant, F|item
|poke|p1|Heatran, M|item
|poke|p1|Latios, M|item
|poke|p1|Rotom-Wash|item
|poke|p1|Excadrill, F|item
|poke|p2|Politoed, F|item
|poke|p2|Keldeo-Resolute|item
|poke|p2|Tentacruel, F|item
|poke|p2|Ferrothorn, F|item
|poke|p2|Thundurus-Therian, M|item
|poke|p2|Jirachi|item
|teampreview
|inactive|Battle timer is ON: inactive players will automatically lose when time's up. (requested by porrompompom)
|inactive|aowejf has 120 seconds left.
|
|start
|switch|p1a: Ninetales|Ninetales, F|349/349
|switch|p2a: Ferrothorn|Ferrothorn, F|352/352
|-weather|SunnyDay|[from] ability: Drought|[of] p1a: Ninetales
|turn|1
|
|move|p1a: Ninetales|Overheat|p2a: Ferrothorn
|-supereffective|p2a: Ferrothorn
|-damage|p2a: Ferrothorn|0 fnt
|-unboost|p1a: Ninetales|spa|2
|faint|p2a: Ferrothorn
|
|-weather|SunnyDay|[upkeep]
|upkeep
|
|switch|p2a: Politoed|Politoed, F|322/322
|-weather|RainDance|[from] ability: Drizzle|[of] p2a: Politoed
|turn|2
|
|switch|p1a: Rotom|Rotom-Wash|303/303
|move|p2a: Politoed|Hydro Pump|p1a: Rotom
|-resisted|p1a: Rotom
|-damage|p1a: Rotom|192/303
|
|-weather|RainDance|[upkeep]
|upkeep
|turn|3
|
|switch|p1a: Ninetales|Ninetales, F|349/349
|-weather|SunnyDay|[from] ability: Drought|[of] p1a: Ninetales
|move|p2a: Politoed|Hydro Pump|p1a: Ninetales|[miss]
|-miss|p2a: Politoed|p1a: Ninetales
|
|-weather|SunnyDay|[upkeep]
|upkeep
|turn|4
|
|switch|p2a: Tentacruel|Tentacruel, F|362/362
|switch|p1a: Lilligant|Lilligant, F|281/281
|
|-weather|SunnyDay|[upkeep]
|upkeep
|turn|5
|
|switch|p2a: Politoed|Politoed, F|322/322
|-weather|RainDance|[from] ability: Drizzle|[of] p2a: Politoed
|move|p1a: Lilligant|Quiver Dance|p1a: Lilligant
|-boost|p1a: Lilligant|spa|1
|-boost|p1a: Lilligant|spd|1
|-boost|p1a: Lilligant|spe|1
|
|-weather|RainDance|[upkeep]
|upkeep
|turn|6
|
|switch|p2a: Jirachi|Jirachi|404/404
|move|p1a: Lilligant|Sleep Powder|p2a: Jirachi
|-status|p2a: Jirachi|slp|[from] move: Sleep Powder
|
|-weather|RainDance|[upkeep]
|upkeep
|turn|7
|
|switch|p1a: Ninetales|Ninetales, F|349/349
|-weather|SunnyDay|[from] ability: Drought|[of] p1a: Ninetales
|cant|p2a: Jirachi|slp
|
|-weather|SunnyDay|[upkeep]
|upkeep
|turn|8
|
|switch|p2a: Politoed|Politoed, F|322/322
|-weather|RainDance|[from] ability: Drizzle|[of] p2a: Politoed
|move|p1a: Ninetales|Will-O-Wisp|p2a: Politoed|[miss]
|-miss|p1a: Ninetales|p2a: Politoed
|
|-weather|RainDance|[upkeep]
|upkeep
|turn|9
|
|move|p1a: Ninetales|Protect|p1a: Ninetales
|-singleturn|p1a: Ninetales|Protect
|move|p2a: Politoed|Hydro Pump|p1a: Ninetales
|-activate|p1a: Ninetales|move: Protect
|
|-weather|RainDance|[upkeep]
|upkeep
|turn|10
|
|switch|p1a: Rotom|Rotom-Wash|192/303
|move|p2a: Politoed|Hydro Pump|p1a: Rotom
|-resisted|p1a: Rotom
|-damage|p1a: Rotom|80/303
|
|-weather|RainDance|[upkeep]
|upkeep
|turn|11
|
|move|p1a: Rotom|Volt Switch|p2a: Politoed
|-supereffective|p2a: Politoed
|-damage|p2a: Politoed|134/322
|
|switch|p1a: Ninetales|Ninetales, F|349/349
|-weather|SunnyDay|[from] ability: Drought|[of] p1a: Ninetales
|move|p2a: Politoed|Hydro Pump|p1a: Ninetales
|-supereffective|p1a: Ninetales
|-damage|p1a: Ninetales|179/349
|
|-weather|SunnyDay|[upkeep]
|-heal|p1a: Ninetales|200/349|[from] item: Leftovers
|upkeep
|turn|12
|
|switch|p2a: Thundurus|Thundurus-Therian, M|299/299
|switch|p1a: Lilligant|Lilligant, F|281/281
|
|-weather|SunnyDay|[upkeep]
|upkeep
|turn|13
|
|switch|p2a: Politoed|Politoed, F|134/322
|-weather|RainDance|[from] ability: Drizzle|[of] p2a: Politoed
|switch|p1a: Latios|Latios, M|301/301
|
|-weather|RainDance|[upkeep]
|upkeep
|turn|14
|
|switch|p2a: Jirachi|Jirachi|404/404 slp
|switch|p1a: Ninetales|Ninetales, F|200/349
|-weather|SunnyDay|[from] ability: Drought|[of] p1a: Ninetales
|
|-weather|SunnyDay|[upkeep]
|-heal|p1a: Ninetales|221/349|[from] item: Leftovers
|upkeep
|turn|15
|
|switch|p2a: Politoed|Politoed, F|134/322
|-weather|RainDance|[from] ability: Drizzle|[of] p2a: Politoed
|move|p1a: Ninetales|Overheat|p2a: Politoed
|-resisted|p2a: Politoed
|-damage|p2a: Politoed|99/322
|-unboost|p1a: Ninetales|spa|2
|
|-weather|RainDance|[upkeep]
|-heal|p1a: Ninetales|242/349|[from] item: Leftovers
|upkeep
|turn|16
|
|switch|p2a: Keldeo|Keldeo-Resolute|323/323
|switch|p1a: Latios|Latios, M|301/301
|
|-weather|RainDance|[upkeep]
|upkeep
|turn|17
|
|switch|p1a: Ninetales|Ninetales, F|242/349
|-weather|SunnyDay|[from] ability: Drought|[of] p1a: Ninetales
|switch|p2a: Jirachi|Jirachi|404/404 slp
|
|-weather|SunnyDay|[upkeep]
|-heal|p1a: Ninetales|263/349|[from] item: Leftovers
|upkeep
|turn|18
|
|move|p1a: Ninetales|Will-O-Wisp||[still]
|-fail|p1a: Ninetales
|cant|p2a: Jirachi|slp
|
|-weather|SunnyDay|[upkeep]
|-heal|p1a: Ninetales|284/349|[from] item: Leftovers
|upkeep
|turn|19
|
|switch|p2a: Politoed|Politoed, F|99/322
|-weather|RainDance|[from] ability: Drizzle|[of] p2a: Politoed
|move|p1a: Ninetales|Overheat|p2a: Politoed
|-resisted|p2a: Politoed
|-damage|p2a: Politoed|63/322
|-unboost|p1a: Ninetales|spa|2
|
|-weather|RainDance|[upkeep]
|-heal|p1a: Ninetales|305/349|[from] item: Leftovers
|upkeep
|turn|20
|
|switch|p1a: Rotom|Rotom-Wash|80/303
|move|p2a: Politoed|Hydro Pump|p1a: Rotom
|-resisted|p1a: Rotom
|-damage|p1a: Rotom|0 fnt
|faint|p1a: Rotom
|
|-weather|RainDance|[upkeep]
|upkeep
|
|switch|p1a: Ninetales|Ninetales, F|305/349
|-weather|SunnyDay|[from] ability: Drought|[of] p1a: Ninetales
|turn|21
|
|switch|p2a: Tentacruel|Tentacruel, F|362/362
|move|p1a: Ninetales|Will-O-Wisp|p2a: Tentacruel
|-status|p2a: Tentacruel|brn
|
|-weather|SunnyDay|[upkeep]
|-heal|p1a: Ninetales|326/349|[from] item: Leftovers
|-damage|p2a: Tentacruel|317/362 brn|[from] brn
|upkeep
|turn|22
|
|switch|p1a: Excadrill|Excadrill, F|423/423
|-ability|p1a: Excadrill|Mold Breaker
|switch|p2a: Politoed|Politoed, F|63/322
|-weather|RainDance|[from] ability: Drizzle|[of] p2a: Politoed
|
|-weather|RainDance|[upkeep]
|upkeep
|turn|23
|
|switch|p1a: Ninetales|Ninetales, F|326/349
|-weather|SunnyDay|[from] ability: Drought|[of] p1a: Ninetales
|move|p2a: Politoed|Hydro Pump|p1a: Ninetales|[miss]
|-miss|p2a: Politoed|p1a: Ninetales
|
|-weather|SunnyDay|[upkeep]
|-heal|p1a: Ninetales|347/349|[from] item: Leftovers
|upkeep
|turn|24
|
|switch|p2a: Thundurus|Thundurus-Therian, M|299/299
|switch|p1a: Latios|Latios, M|301/301
|
|-weather|SunnyDay|[upkeep]
|upkeep
|turn|25
|
|switch|p2a: Jirachi|Jirachi|404/404 slp
|move|p1a: Latios|Draco Meteor|p2a: Jirachi
|-resisted|p2a: Jirachi
|-damage|p2a: Jirachi|283/404 slp
|-unboost|p1a: Latios|spa|2
|-damage|p1a: Latios|271/301|[from] item: Life Orb
|
|-weather|SunnyDay|[upkeep]
|-heal|p2a: Jirachi|308/404 slp|[from] item: Leftovers
|upkeep
|turn|26
|
|switch|p1a: Ninetales|Ninetales, F|347/349
|switch|p2a: Politoed|Politoed, F|63/322
|-weather|RainDance|[from] ability: Drizzle|[of] p2a: Politoed
|
|-weather|RainDance|[upkeep]
|-heal|p1a: Ninetales|349/349|[from] item: Leftovers
|upkeep
|turn|27
|
|switch|p2a: Keldeo|Keldeo-Resolute|323/323
|move|p1a: Ninetales|Protect||[still]
|-fail|p1a: Ninetales
|
|-weather|RainDance|[upkeep]
|upkeep
|turn|28
|
|move|p1a: Ninetales|Protect|p1a: Ninetales
|-singleturn|p1a: Ninetales|Protect
|move|p2a: Keldeo|Hydro Pump|p1a: Ninetales
|-activate|p1a: Ninetales|move: Protect
|
|-weather|RainDance|[upkeep]
|upkeep
|turn|29
|inactive|porrompompom has 120 seconds left.
|
|switch|p1a: Heatran|Heatran, M|323/323
|-item|p1a: Heatran|Air Balloon
|move|p2a: Keldeo|Hydro Pump|p1a: Heatran|[miss]
|-miss|p2a: Keldeo|p1a: Heatran
|
|-weather|RainDance|[upkeep]
|upkeep
|turn|30
|inactive|porrompompom has 90 seconds left.
|
|switch|p1a: Ninetales|Ninetales, F|349/349
|-weather|SunnyDay|[from] ability: Drought|[of] p1a: Ninetales
|move|p2a: Keldeo|Hydro Pump|p1a: Ninetales
|-supereffective|p1a: Ninetales
|-damage|p1a: Ninetales|17/349
|
|-weather|SunnyDay|[upkeep]
|-heal|p1a: Ninetales|38/349|[from] item: Leftovers
|upkeep
|turn|31
|inactive|porrompompom has 90 seconds left.
|
|switch|p2a: Politoed|Politoed, F|63/322
|-weather|RainDance|[from] ability: Drizzle|[of] p2a: Politoed
|switch|p1a: Excadrill|Excadrill, F|423/423
|-ability|p1a: Excadrill|Mold Breaker
|
|-weather|RainDance|[upkeep]
|upkeep
|turn|32
|
|switch|p2a: Keldeo|Keldeo-Resolute|323/323
|move|p1a: Excadrill|Stealth Rock|p2a: Keldeo
|-sidestart|p2: aowejf|move: Stealth Rock
|
|-weather|RainDance|[upkeep]
|upkeep
|turn|33
|inactive|porrompompom has 90 seconds left.
|
|switch|p1a: Heatran|Heatran, M|323/323
|-item|p1a: Heatran|Air Balloon
|move|p2a: Keldeo|Hydro Pump|p1a: Heatran
|-supereffective|p1a: Heatran
|-crit|p1a: Heatran
|-damage|p1a: Heatran|0 fnt
|-enditem|p1a: Heatran|Air Balloon
|faint|p1a: Heatran
|
|-weather|RainDance|[upkeep]
|upkeep
|
|switch|p1a: Ninetales|Ninetales, F|38/349
|-weather|SunnyDay|[from] ability: Drought|[of] p1a: Ninetales
|turn|34
|
|switch|p1a: Latios|Latios, M|271/301
|move|p2a: Keldeo|Hydro Pump|p1a: Latios|[miss]
|-miss|p2a: Keldeo|p1a: Latios
|
|-weather|SunnyDay|[upkeep]
|upkeep
|turn|35
|
|move|p1a: Latios|Earthquake|p2a: Keldeo
|-damage|p2a: Keldeo|227/323
|-damage|p1a: Latios|241/301|[from] item: Life Orb
|move|p2a: Keldeo|Hydro Pump|p1a: Latios
|-resisted|p1a: Latios
|-damage|p1a: Latios|174/301
|
|-weather|SunnyDay|[upkeep]
|upkeep
|turn|36
|
|switch|p2a: Jirachi|Jirachi|308/404 slp
|-damage|p2a: Jirachi|283/404 slp|[from] Stealth Rock
|move|p1a: Latios|Roost|p1a: Latios
|-heal|p1a: Latios|301/301
|-singleturn|p1a: Latios|move: Roost
|
|-weather|SunnyDay|[upkeep]
|-heal|p2a: Jirachi|308/404 slp|[from] item: Leftovers
|upkeep
|turn|37
|
|switch|p2a: Thundurus|Thundurus-Therian, M|299/299
|-damage|p2a: Thundurus|225/299|[from] Stealth Rock
|move|p1a: Latios|Earthquake|p2a: Thundurus
|-immune|p2a: Thundurus
|
|-weather|SunnyDay|[upkeep]
|upkeep
|turn|38
|
|move|p1a: Latios|Draco Meteor|p2a: Thundurus
|-crit|p2a: Thundurus
|-damage|p2a: Thundurus|0 fnt
|-unboost|p1a: Latios|spa|2
|-damage|p1a: Latios|271/301|[from] item: Life Orb
|faint|p2a: Thundurus
|
|-weather|SunnyDay|[upkeep]
|upkeep
|
|switch|p2a: Tentacruel|Tentacruel, F|317/362 brn
|-damage|p2a: Tentacruel|272/362 brn|[from] Stealth Rock
|turn|39
|inactive|porrompompom has 120 seconds left.
|
|move|p1a: Latios|Psyshock|p2a: Tentacruel
|-supereffective|p2a: Tentacruel
|-damage|p2a: Tentacruel|61/362 brn
|-damage|p1a: Latios|241/301|[from] item: Life Orb
|move|p2a: Tentacruel|Toxic Spikes|p1a: Latios
|-sidestart|p1: porrompompom|move: Toxic Spikes
|
|-weather|SunnyDay|[upkeep]
|-heal|p2a: Tentacruel|83/362 brn|[from] item: Black Sludge
|-damage|p2a: Tentacruel|38/362 brn|[from] brn
|upkeep
|turn|40
|
|move|p1a: Latios|Earthquake|p2a: Tentacruel
|-supereffective|p2a: Tentacruel
|-damage|p2a: Tentacruel|0 fnt
|-damage|p1a: Latios|211/301|[from] item: Life Orb
|faint|p2a: Tentacruel
|
|-weather|SunnyDay|[upkeep]
|upkeep
|
|switch|p2a: Politoed|Politoed, F|63/322
|-damage|p2a: Politoed|23/322|[from] Stealth Rock
|-weather|RainDance|[from] ability: Drizzle|[of] p2a: Politoed
|turn|41
|
|switch|p1a: Ninetales|Ninetales, F|38/349
|-status|p1a: Ninetales|psn
|-weather|SunnyDay|[from] ability: Drought|[of] p1a: Ninetales
|move|p2a: Politoed|Hydro Pump|p1a: Ninetales
|-supereffective|p1a: Ninetales
|-damage|p1a: Ninetales|0 fnt
|faint|p1a: Ninetales
|
|-weather|SunnyDay|[upkeep]
|upkeep
|
|switch|p1a: Lilligant|Lilligant, F|281/281
|turn|42
|
|switch|p2a: Jirachi|Jirachi|308/404 slp
|-damage|p2a: Jirachi|283/404 slp|[from] Stealth Rock
|move|p1a: Lilligant|Sleep Powder|p2a: Jirachi
|-fail|p2a: Jirachi|slp
|
|-weather|SunnyDay|[upkeep]
|-heal|p2a: Jirachi|308/404 slp|[from] item: Leftovers
|upkeep
|turn|43
|c|☆porrompompom|love this cancel button
|
|move|p1a: Lilligant|Quiver Dance|p1a: Lilligant
|-boost|p1a: Lilligant|spa|1
|-boost|p1a: Lilligant|spd|1
|-boost|p1a: Lilligant|spe|1
|cant|p2a: Jirachi|slp
|
|-weather|SunnyDay|[upkeep]
|-heal|p2a: Jirachi|333/404 slp|[from] item: Leftovers
|upkeep
|turn|44
|
|move|p1a: Lilligant|Hidden Power|p2a: Jirachi
|-supereffective|p2a: Jirachi
|-damage|p2a: Jirachi|87/404 slp
|cant|p2a: Jirachi|slp
|
|-weather|SunnyDay|[upkeep]
|-heal|p2a: Jirachi|112/404 slp|[from] item: Leftovers
|upkeep
|turn|45
|
|move|p1a: Lilligant|Hidden Power|p2a: Jirachi
|-supereffective|p2a: Jirachi
|-damage|p2a: Jirachi|0 fnt
|faint|p2a: Jirachi
|
|-weather|SunnyDay|[upkeep]
|upkeep
|
|switch|p2a: Keldeo|Keldeo-Resolute|227/323
|-damage|p2a: Keldeo|207/323|[from] Stealth Rock
|turn|46
|
|move|p1a: Lilligant|Giga Drain|p2a: Keldeo
|-supereffective|p2a: Keldeo
|-damage|p2a: Keldeo|0 fnt
|faint|p2a: Keldeo
|
|-weather|SunnyDay|[upkeep]
|upkeep
|-message|aowejf forfeited.
|
|win|porrompompom
|l|‽aowejf
|raw|porrompompom's rating: 1516 &rarr; <strong>1529</strong><br />(+13 for winning)
|raw|aowejf's rating: 1384 &rarr; <strong>1371</strong><br />(-13 for losing)
