|j|☆off with his head
|j|☆kjllkl
|t:|1744190955
|gametype|singles
|player|p1|off with his head|erika|1314
|player|p2|kjllkl|170|1375
|teamsize|p1|6
|teamsize|p2|6
|gen|5
|tier|[Gen 5] OU
|rated|
|rule|Species Clause: Limit one of each Pokémon
|rule|OHKO Clause: OHKO moves are banned
|rule|Moody Clause: Moody is banned
|rule|Evasion Items Clause: Evasion items are banned
|rule|Evasion Moves Clause: Evasion moves are banned
|rule|Endless Battle Clause: Forcing endless battles is banned
|rule|HP Percentage Mod: HP is shown in percentages
|rule|Evasion Abilities Clause: Evasion abilities are banned
|rule|Sleep Moves Clause: Sleep-inducing moves are banned
|rule|Swagger Clause: Swagger is banned
|rule|Baton Pass Stat Clause: No Baton Passer may have a way to boost its stats
|clearpoke
|poke|p1|Lucario, M|item
|poke|p1|Garchomp, M|item
|poke|p1|Togekiss, M|item
|poke|p1|Milotic, M|item
|poke|p1|Roserade, F|item
|poke|p1|Spiritomb, M|item
|poke|p2|Gyarados, F|item
|poke|p2|Kyurem-Black|item
|poke|p2|Terrakion|item
|poke|p2|Mamoswine, M|item
|poke|p2|Volcarona, F|item
|poke|p2|Magnezone|item
|teampreview
|
|t:|1744190982
|start
|switch|p1a: Milotic|Milotic, M|100/100
|switch|p2a: Terrakion|Terrakion|100/100
|turn|1
|c|☆kjllkl|master ?
|
|t:|1744191002
|move|p2a: Terrakion|Stealth Rock|p1a: Milotic
|-sidestart|p1: off with his head|move: Stealth Rock
|move|p1a: Milotic|Scald|p2a: Terrakion
|-supereffective|p2a: Terrakion
|-damage|p2a: Terrakion|34/100
|
|upkeep
|turn|2
|
|t:|1744191009
|move|p2a: Terrakion|Close Combat|p1a: Milotic
|-damage|p1a: Milotic|58/100
|-unboost|p2a: Terrakion|def|1
|-unboost|p2a: Terrakion|spd|1
|move|p1a: Milotic|Scald|p2a: Terrakion
|-supereffective|p2a: Terrakion
|-damage|p2a: Terrakion|0 fnt
|faint|p2a: Terrakion
|
|-heal|p1a: Milotic|64/100|[from] item: Leftovers
|upkeep
|
|t:|1744191023
|switch|p2a: Gyarados|Gyarados, F|100/100
|turn|3
|
|t:|1744191036
|move|p2a: Gyarados|Dragon Dance|p2a: Gyarados
|-boost|p2a: Gyarados|atk|1
|-boost|p2a: Gyarados|spe|1
|move|p1a: Milotic|Scald|p2a: Gyarados
|-resisted|p2a: Gyarados
|-damage|p2a: Gyarados|85/100
|
|-heal|p1a: Milotic|70/100|[from] item: Leftovers
|upkeep
|turn|4
|
|t:|1744191044
|move|p2a: Gyarados|Dragon Dance|p2a: Gyarados
|-boost|p2a: Gyarados|atk|1
|-boost|p2a: Gyarados|spe|1
|move|p1a: Milotic|Dragon Tail|p2a: Gyarados
|-damage|p2a: Gyarados|75/100
|drag|p2a: Mamoswine|Mamoswine, M|100/100
|
|-heal|p1a: Milotic|76/100|[from] item: Leftovers
|upkeep
|turn|5
|
|t:|1744191052
|switch|p2a: Gyarados|Gyarados, F|75/100
|move|p1a: Milotic|Scald|p2a: Gyarados
|-resisted|p2a: Gyarados
|-damage|p2a: Gyarados|59/100
|
|-heal|p1a: Milotic|82/100|[from] item: Leftovers
|upkeep
|turn|6
|
|t:|1744191085
|move|p2a: Gyarados|Earthquake|p1a: Milotic
|-damage|p1a: Milotic|55/100
|move|p1a: Milotic|Scald|p2a: Gyarados
|-resisted|p2a: Gyarados
|-damage|p2a: Gyarados|45/100
|
|-heal|p1a: Milotic|61/100|[from] item: Leftovers
|upkeep
|turn|7
|
|t:|1744191095
|move|p2a: Gyarados|Dragon Dance|p2a: Gyarados
|-boost|p2a: Gyarados|atk|1
|-boost|p2a: Gyarados|spe|1
|move|p1a: Milotic|Rest|p1a: Milotic
|-status|p1a: Milotic|slp|[from] move: Rest
|-heal|p1a: Milotic|100/100 slp|[silent]
|
|upkeep
|turn|8
|
|t:|1744191100
|move|p2a: Gyarados|Dragon Dance|p2a: Gyarados
|-boost|p2a: Gyarados|atk|1
|-boost|p2a: Gyarados|spe|1
|cant|p1a: Milotic|slp
|move|p1a: Milotic|Sleep Talk|p1a: Milotic
|move|p1a: Milotic|Rest||[from] move: Sleep Talk|[still]
|-fail|p1a: Milotic
|
|upkeep
|turn|9
|
|t:|1744191108
|move|p2a: Gyarados|Earthquake|p1a: Milotic
|-damage|p1a: Milotic|65/100 slp
|cant|p1a: Milotic|slp
|move|p1a: Milotic|Sleep Talk|p1a: Milotic
|move|p1a: Milotic|Dragon Tail|p2a: Gyarados|[from] move: Sleep Talk
|-damage|p2a: Gyarados|34/100
|drag|p2a: Volcarona|Volcarona, F|100/100
|
|-heal|p1a: Milotic|71/100 slp|[from] item: Leftovers
|upkeep
|turn|10
|
|t:|1744191122
|switch|p2a: Gyarados|Gyarados, F|34/100
|-curestatus|p1a: Milotic|slp|[msg]
|move|p1a: Milotic|Dragon Tail|p2a: Gyarados
|-damage|p2a: Gyarados|25/100
|drag|p2a: Mamoswine|Mamoswine, M|100/100
|
|-heal|p1a: Milotic|77/100|[from] item: Leftovers
|upkeep
|turn|11
|
|t:|1744191129
|switch|p2a: Gyarados|Gyarados, F|25/100
|move|p1a: Milotic|Scald|p2a: Gyarados
|-resisted|p2a: Gyarados
|-damage|p2a: Gyarados|10/100
|
|-heal|p1a: Milotic|83/100|[from] item: Leftovers
|upkeep
|turn|12
|
|t:|1744191137
|move|p2a: Gyarados|Earthquake|p1a: Milotic
|-damage|p1a: Milotic|54/100
|move|p1a: Milotic|Scald|p2a: Gyarados
|-resisted|p2a: Gyarados
|-crit|p2a: Gyarados
|-damage|p2a: Gyarados|0 fnt
|faint|p2a: Gyarados
|
|-heal|p1a: Milotic|60/100|[from] item: Leftovers
|upkeep
|
|t:|1744191143
|switch|p2a: Kyurem|Kyurem-Black|100/100
|-ability|p2a: Kyurem|Teravolt
|turn|13
|
|t:|1744191151
|switch|p1a: Spiritomb|Spiritomb, M|100/100
|-damage|p1a: Spiritomb|88/100|[from] Stealth Rock
|-ability|p1a: Spiritomb|Pressure
|move|p2a: Kyurem|Fusion Bolt|p1a: Spiritomb
|-damage|p1a: Spiritomb|45/100
|
|-heal|p1a: Spiritomb|51/100|[from] item: Leftovers
|upkeep
|turn|14
|
|t:|1744191165
|move|p2a: Kyurem|Outrage|p1a: Spiritomb
|-crit|p1a: Spiritomb
|-damage|p1a: Spiritomb|0 fnt
|faint|p1a: Spiritomb
|
|upkeep
|
|t:|1744191169
|switch|p1a: Garchomp|Garchomp, M|100/100
|-damage|p1a: Garchomp|94/100|[from] Stealth Rock
|turn|15
|
|t:|1744191172
|move|p1a: Garchomp|Draco Meteor|p2a: Kyurem
|-supereffective|p2a: Kyurem
|-damage|p2a: Kyurem|0 fnt
|-unboost|p1a: Garchomp|spa|2
|faint|p2a: Kyurem
|
|upkeep
|
|t:|1744191186
|switch|p2a: Mamoswine|Mamoswine, M|100/100
|turn|16
|
|t:|1744191191
|move|p1a: Garchomp|Stealth Rock|p2a: Mamoswine
|-sidestart|p2: kjllkl|move: Stealth Rock
|move|p2a: Mamoswine|Icicle Crash|p1a: Garchomp
|-supereffective|p1a: Garchomp
|-damage|p1a: Garchomp|0 fnt
|faint|p1a: Garchomp
|
|upkeep
|
|t:|1744191202
|switch|p1a: Milotic|Milotic, M|60/100
|-damage|p1a: Milotic|48/100|[from] Stealth Rock
|turn|17
|
|t:|1744191206
|switch|p2a: Magnezone|Magnezone|100/100
|-damage|p2a: Magnezone|94/100|[from] Stealth Rock
|-item|p2a: Magnezone|Air Balloon
|move|p1a: Milotic|Scald|p2a: Magnezone
|-damage|p2a: Magnezone|55/100
|-enditem|p2a: Magnezone|Air Balloon
|
|-heal|p1a: Milotic|54/100|[from] item: Leftovers
|upkeep
|turn|18
|
|t:|1744191220
|switch|p1a: Roserade|Roserade, F|100/100
|-damage|p1a: Roserade|88/100|[from] Stealth Rock
|move|p2a: Magnezone|Thunderbolt|p1a: Roserade
|-resisted|p1a: Roserade
|-damage|p1a: Roserade|53/100
|
|upkeep
|turn|19
|
|t:|1744191228
|move|p1a: Roserade|Hidden Power|p2a: Magnezone
|-supereffective|p2a: Magnezone
|-damage|p2a: Magnezone|0 fnt
|faint|p2a: Magnezone
|-damage|p1a: Roserade|43/100|[from] item: Life Orb
|
|upkeep
|
|t:|1744191237
|switch|p2a: Volcarona|Volcarona, F|100/100
|-damage|p2a: Volcarona|51/100|[from] Stealth Rock
|turn|20
|
|t:|1744191240
|move|p2a: Volcarona|Quiver Dance|p2a: Volcarona
|-boost|p2a: Volcarona|spa|1
|-boost|p2a: Volcarona|spd|1
|-boost|p2a: Volcarona|spe|1
|move|p1a: Roserade|Sludge Bomb|p2a: Volcarona
|-damage|p2a: Volcarona|8/100
|-damage|p1a: Roserade|33/100|[from] item: Life Orb
|
|upkeep
|turn|21
|
|t:|1744191249
|move|p2a: Volcarona|Bug Buzz|p1a: Roserade
|-damage|p1a: Roserade|0 fnt
|faint|p1a: Roserade
|
|upkeep
|
|t:|1744191251
|switch|p1a: Lucario|Lucario, M|100/100
|-damage|p1a: Lucario|98/100|[from] Stealth Rock
|turn|22
|
|t:|1744191273
|move|p1a: Lucario|Extreme Speed|p2a: Volcarona
|-damage|p2a: Volcarona|0 fnt
|-status|p1a: Lucario|brn|[from] ability: Flame Body|[of] p2a: Volcarona
|faint|p2a: Volcarona
|-damage|p1a: Lucario|88/100 brn|[from] item: Life Orb
|
|-damage|p1a: Lucario|75/100 brn|[from] brn
|upkeep
|
|t:|1744191282
|switch|p2a: Mamoswine|Mamoswine, M|100/100
|-damage|p2a: Mamoswine|88/100|[from] Stealth Rock
|turn|23
|
|t:|1744191288
|move|p1a: Lucario|Close Combat|p2a: Mamoswine
|-supereffective|p2a: Mamoswine
|-damage|p2a: Mamoswine|9/100
|-unboost|p1a: Lucario|def|1
|-unboost|p1a: Lucario|spd|1
|-damage|p1a: Lucario|65/100 brn|[from] item: Life Orb
|move|p2a: Mamoswine|Icicle Crash|p1a: Lucario
|-resisted|p1a: Lucario
|-damage|p1a: Lucario|0 fnt
|faint|p1a: Lucario
|
|upkeep
|
|t:|1744191294
|switch|p1a: Milotic|Milotic, M|54/100
|-damage|p1a: Milotic|42/100|[from] Stealth Rock
|turn|24
|
|t:|1744191299
|move|p2a: Mamoswine|Icicle Crash|p1a: Milotic
|-resisted|p1a: Milotic
|-damage|p1a: Milotic|17/100
|move|p1a: Milotic|Rest|p1a: Milotic
|-status|p1a: Milotic|slp|[from] move: Rest
|-heal|p1a: Milotic|100/100 slp|[silent]
|
|upkeep
|turn|25
|
|t:|1744191305
|move|p2a: Mamoswine|Icicle Crash|p1a: Milotic
|-resisted|p1a: Milotic
|-damage|p1a: Milotic|84/100 slp
|cant|p1a: Milotic|slp
|move|p1a: Milotic|Sleep Talk|p1a: Milotic
|move|p1a: Milotic|Scald|p2a: Mamoswine|[from] move: Sleep Talk
|-supereffective|p2a: Mamoswine
|-damage|p2a: Mamoswine|0 fnt
|faint|p2a: Mamoswine
|
|win|off with his head
|raw|off with his head's rating: 1314 &rarr; <strong>1337</strong><br />(+23 for winning)
|raw|kjllkl's rating: 1375 &rarr; <strong>1352</strong><br />(-23 for losing)
|l|☆kjllkl
|player|p2|
