|j|‽12345678koishi
|j|☆xpeps_10
|t:|1733191863
|gametype|singles
|player|p1|12345678koishi|lady|1400
|player|p2|xpeps_10|gentleman-gen4|1443
|teamsize|p1|6
|teamsize|p2|6
|gen|5
|tier|[Gen 5] OU
|rated|
|rule|Species Clause: Limit one of each Pokémon
|rule|OHKO Clause: OHKO moves are banned
|rule|Moody Clause: Moody is banned
|rule|Evasion Items Clause: Evasion items are banned
|rule|Evasion Moves Clause: Evasion moves are banned
|rule|Endless Battle Clause: Forcing endless battles is banned
|rule|HP Percentage Mod: HP is shown in percentages
|rule|Evasion Abilities Clause: Evasion abilities are banned
|rule|Sleep Moves Clause: Sleep-inducing moves are banned
|rule|Swagger Clause: Swagger is banned
|rule|Baton Pass Stat Clause: No Baton Passer may have a way to boost its stats
|clearpoke
|poke|p1|Alakazam, M|item
|poke|p1|Skarmory, F|item
|poke|p1|Lucario, M|item
|poke|p1|Kyurem-Black|item
|poke|p1|Gengar, F|item
|poke|p1|Haxorus, F|item
|poke|p2|Politoed, F|item
|poke|p2|Thundurus-Therian, M|item
|poke|p2|Starmie|item
|poke|p2|Ferrothorn, M|item
|poke|p2|Latios, M|item
|poke|p2|Keldeo|item
|teampreview
|inactive|Battle timer is ON: inactive players will automatically lose when time's up. (requested by xpeps_10)
|
|t:|1733191876
|start
|switch|p1a: Skarmory|Skarmory, F|100/100
|switch|p2a: Ferrothorn|Ferrothorn, M|100/100
|turn|1
|
|t:|1733191883
|move|p1a: Skarmory|Stealth Rock|p2a: Ferrothorn
|-sidestart|p2: xpeps_10|move: Stealth Rock
|move|p2a: Ferrothorn|Stealth Rock|p1a: Skarmory
|-sidestart|p1: 12345678koishi|move: Stealth Rock
|
|upkeep
|turn|2
|
|t:|1733191888
|move|p1a: Skarmory|Spikes|p2a: Ferrothorn
|-sidestart|p2: xpeps_10|Spikes
|move|p2a: Ferrothorn|Knock Off|p1a: Skarmory
|-resisted|p1a: Skarmory
|-damage|p1a: Skarmory|98/100
|-enditem|p1a: Skarmory|Custap Berry|[from] move: Knock Off|[of] p2a: Ferrothorn
|
|upkeep
|turn|3
|
|t:|1733191897
|switch|p2a: Politoed|Politoed, F, shiny|100/100
|-damage|p2a: Politoed|88/100|[from] Stealth Rock
|-damage|p2a: Politoed|75/100|[from] Spikes
|-weather|RainDance|[from] ability: Drizzle|[of] p2a: Politoed
|move|p1a: Skarmory|Roar|p2a: Politoed
|drag|p2a: Thundurus|Thundurus-Therian, M|100/100
|-damage|p2a: Thundurus|76/100|[from] Stealth Rock
|
|-weather|RainDance|[upkeep]
|upkeep
|turn|4
|
|t:|1733191909
|move|p2a: Thundurus|Thunder|p1a: Skarmory
|-supereffective|p1a: Skarmory
|-damage|p1a: Skarmory|0 fnt
|faint|p1a: Skarmory
|
|-weather|RainDance|[upkeep]
|upkeep
|
|t:|1733191918
|switch|p1a: Haxorus|Haxorus, F|100/100
|-damage|p1a: Haxorus|88/100|[from] Stealth Rock
|-ability|p1a: Haxorus|Mold Breaker
|turn|5
|
|t:|1733191927
|switch|p2a: Ferrothorn|Ferrothorn, M|100/100
|-damage|p2a: Ferrothorn|94/100|[from] Stealth Rock
|-damage|p2a: Ferrothorn|82/100|[from] Spikes
|move|p1a: Haxorus|Dragon Dance|p1a: Haxorus
|-boost|p1a: Haxorus|atk|1
|-boost|p1a: Haxorus|spe|1
|
|-weather|RainDance|[upkeep]
|upkeep
|turn|6
|
|t:|1733191937
|move|p1a: Haxorus|Taunt|p2a: Ferrothorn
|-start|p2a: Ferrothorn|move: Taunt
|cant|p2a: Ferrothorn|move: Taunt|Thunder Wave
|
|-weather|RainDance|[upkeep]
|upkeep
|turn|7
|
|t:|1733191944
|move|p1a: Haxorus|Earthquake|p2a: Ferrothorn
|-damage|p2a: Ferrothorn|35/100
|move|p2a: Ferrothorn|Knock Off|p1a: Haxorus
|-damage|p1a: Haxorus|82/100
|-enditem|p1a: Haxorus|Lum Berry|[from] move: Knock Off|[of] p2a: Ferrothorn
|
|-weather|RainDance|[upkeep]
|upkeep
|turn|8
|
|t:|1733191954
|move|p1a: Haxorus|Earthquake|p2a: Ferrothorn
|-damage|p2a: Ferrothorn|0 fnt
|faint|p2a: Ferrothorn
|
|-weather|RainDance|[upkeep]
|upkeep
|
|t:|1733191959
|switch|p2a: Keldeo|Keldeo|100/100
|-damage|p2a: Keldeo|94/100|[from] Stealth Rock
|-damage|p2a: Keldeo|82/100|[from] Spikes
|turn|9
|
|t:|1733191966
|move|p2a: Keldeo|Hidden Power|p1a: Haxorus
|-supereffective|p1a: Haxorus
|-damage|p1a: Haxorus|5/100
|move|p1a: Haxorus|Outrage|p2a: Keldeo
|-crit|p2a: Keldeo
|-damage|p2a: Keldeo|0 fnt
|faint|p2a: Keldeo
|
|-weather|RainDance|[upkeep]
|upkeep
|
|t:|1733191978
|switch|p2a: Starmie|Starmie, shiny|100/100
|-damage|p2a: Starmie|88/100|[from] Stealth Rock
|-item|p2a: Starmie|Air Balloon
|turn|10
|
|t:|1733191983
|move|p1a: Haxorus|Outrage|p2a: Starmie|[from]lockedmove
|-damage|p2a: Starmie|0 fnt
|-enditem|p2a: Starmie|Air Balloon
|faint|p2a: Starmie
|-start|p1a: Haxorus|confusion|[fatigue]
|
|-weather|RainDance|[upkeep]
|upkeep
|
|t:|1733191993
|switch|p2a: Latios|Latios, M|100/100
|-damage|p2a: Latios|88/100|[from] Stealth Rock
|turn|11
|
|t:|1733191999
|-activate|p1a: Haxorus|confusion
|-damage|p1a: Haxorus|0 fnt|[from] confusion
|faint|p1a: Haxorus
|move|p2a: Latios|Calm Mind|p2a: Latios
|-boost|p2a: Latios|spa|1
|-boost|p2a: Latios|spd|1
|
|-weather|RainDance|[upkeep]
|upkeep
|
|t:|1733192013
|switch|p1a: Kyurem|Kyurem-Black|100/100
|-damage|p1a: Kyurem|75/100|[from] Stealth Rock
|-ability|p1a: Kyurem|Teravolt
|turn|12
|
|t:|1733192018
|move|p2a: Latios|Draco Meteor|p1a: Kyurem
|-supereffective|p1a: Kyurem
|-damage|p1a: Kyurem|0 fnt
|-unboost|p2a: Latios|spa|2
|faint|p1a: Kyurem
|
|-weather|RainDance|[upkeep]
|upkeep
|
|t:|1733192026
|switch|p1a: Lucario|Lucario, M|100/100
|-damage|p1a: Lucario|97/100|[from] Stealth Rock
|turn|13
|
|t:|1733192031
|move|p2a: Latios|Surf|p1a: Lucario
|-damage|p1a: Lucario|44/100
|move|p1a: Lucario|Swords Dance|p1a: Lucario
|-boost|p1a: Lucario|atk|2
|
|-weather|RainDance|[upkeep]
|upkeep
|turn|14
|
|t:|1733192039
|move|p1a: Lucario|Extreme Speed|p2a: Latios
|-damage|p2a: Latios|0 fnt
|faint|p2a: Latios
|-damage|p1a: Lucario|34/100|[from] item: Life Orb
|
|-weather|RainDance|[upkeep]
|upkeep
|
|t:|1733192043
|switch|p2a: Politoed|Politoed, F, shiny|75/100
|-damage|p2a: Politoed|63/100|[from] Stealth Rock
|-damage|p2a: Politoed|50/100|[from] Spikes
|turn|15
|
|t:|1733192052
|move|p1a: Lucario|Close Combat|p2a: Politoed
|-damage|p2a: Politoed|0 fnt
|-unboost|p1a: Lucario|def|1
|-unboost|p1a: Lucario|spd|1
|faint|p2a: Politoed
|-damage|p1a: Lucario|25/100|[from] item: Life Orb
|
|-weather|RainDance|[upkeep]
|upkeep
|
|t:|1733192055
|switch|p2a: Thundurus|Thundurus-Therian, M|76/100
|-damage|p2a: Thundurus|51/100|[from] Stealth Rock
|turn|16
|
|t:|1733192063
|move|p1a: Lucario|Extreme Speed|p2a: Thundurus
|-damage|p2a: Thundurus|0 fnt
|faint|p2a: Thundurus
|-damage|p1a: Lucario|15/100|[from] item: Life Orb
|
|win|12345678koishi
|raw|12345678koishi's rating: 1400 &rarr; <strong>1422</strong><br />(+22 for winning)
|raw|xpeps_10's rating: 1443 &rarr; <strong>1421</strong><br />(-22 for losing)
|l|☆xpeps_10
|player|p2|
