|j|☆fffffffffffwe
|j|☆el janitor
|t:|1706744560
|gametype|singles
|player|p1|fffffffffffwe|2|1351
|player|p2|el janitor|102|1499
|teamsize|p1|6
|teamsize|p2|6
|gen|5
|tier|[Gen 5] OU
|rated|
|rule|Species Clause: Limit one of each Pokémon
|rule|OHKO Clause: OHKO moves are banned
|rule|Moody Clause: Moody is banned
|rule|Evasion Items Clause: Evasion items are banned
|rule|Evasion Moves Clause: Evasion moves are banned
|rule|Endless Battle Clause: Forcing endless battles is banned
|rule|HP Percentage Mod: HP is shown in percentages
|rule|Evasion Abilities Clause: Evasion abilities are banned
|rule|Sleep Moves Clause: Sleep-inducing moves are banned
|rule|Swagger Clause: Swagger is banned
|rule|Baton Pass Stat Clause: No Baton Passer may have a way to boost its stats
|clearpoke
|poke|p1|Keldeo-Resolute|item
|poke|p1|Politoed, F|item
|poke|p1|Scizor, M|item
|poke|p1|Thundurus-Therian, M|item
|poke|p1|Ferrothorn, F|item
|poke|p1|Starmie|item
|poke|p2|Azelf|item
|poke|p2|Celebi|item
|poke|p2|Heatran, M|item
|poke|p2|Excadrill, F|item
|poke|p2|Zapdos|item
|poke|p2|Breloom, F|item
|teampreview
|inactive|Battle timer is ON: inactive players will automatically lose when time's up. (requested by el janitor)
|
|t:|1706744581
|start
|switch|p1a: Ferrothorn|Ferrothorn, F|100/100
|switch|p2a: Zapdos|Zapdos|100/100
|-ability|p2a: Zapdos|Pressure
|turn|1
|
|t:|1706744588
|switch|p2a: Breloom|Breloom, F|100/100
|move|p1a: Ferrothorn|Stealth Rock|p2a: Breloom
|-sidestart|p2: el janitor|move: Stealth Rock
|
|upkeep
|turn|2
|
|t:|1706744594
|switch|p1a: Starmie|Starmie|100/100
|move|p2a: Breloom|Superpower|p1a: Starmie
|-resisted|p1a: Starmie
|-damage|p1a: Starmie|25/100
|-unboost|p2a: Breloom|atk|1
|-unboost|p2a: Breloom|def|1
|
|upkeep
|turn|3
|
|t:|1706744610
|switch|p2a: Excadrill|Excadrill, F|100/100
|-damage|p2a: Excadrill|97/100|[from] Stealth Rock
|-ability|p2a: Excadrill|Mold Breaker
|move|p1a: Starmie|Trick|p2a: Excadrill
|-activate|p1a: Starmie|move: Trick|[of] p2a: Excadrill
|-item|p2a: Excadrill|Choice Scarf|[from] move: Trick
|-item|p1a: Starmie|Choice Scarf|[from] move: Trick
|
|upkeep
|turn|4
|inactive|fffffffffffwe has 120 seconds left.
|
|t:|1706744650
|switch|p2a: Celebi|Celebi|100/100
|-damage|p2a: Celebi|88/100|[from] Stealth Rock
|move|p1a: Starmie|Hydro Pump|p2a: Celebi|[miss]
|-miss|p1a: Starmie|p2a: Celebi
|
|-heal|p2a: Celebi|94/100|[from] item: Leftovers
|upkeep
|turn|5
|
|t:|1706744659
|switch|p1a: Ferrothorn|Ferrothorn, F|100/100
|move|p2a: Celebi|U-turn|p1a: Ferrothorn
|-damage|p1a: Ferrothorn|90/100
|-damage|p2a: Celebi|82/100|[from] ability: Iron Barbs|[of] p1a: Ferrothorn
|
|t:|1706744662
|switch|p2a: Breloom|Breloom, F|100/100|[from] U-turn
|-damage|p2a: Breloom|94/100|[from] Stealth Rock
|
|-heal|p1a: Ferrothorn|97/100|[from] item: Leftovers
|upkeep
|turn|6
|
|t:|1706744670
|switch|p1a: Thundurus|Thundurus-Therian, M|100/100
|move|p2a: Breloom|Superpower|p1a: Thundurus
|-resisted|p1a: Thundurus
|-damage|p1a: Thundurus|23/100
|-unboost|p2a: Breloom|atk|1
|-unboost|p2a: Breloom|def|1
|
|upkeep
|turn|7
|
|t:|1706744680
|switch|p2a: Heatran|Heatran, M|100/100
|-damage|p2a: Heatran|88/100|[from] Stealth Rock
|move|p1a: Thundurus|Volt Switch|p2a: Heatran
|-damage|p2a: Heatran|64/100
|inactive|fffffffffffwe has 120 seconds left.
|
|t:|1706744690
|switch|p1a: Politoed|Politoed, F|100/100|[from] Volt Switch
|-weather|RainDance|[from] ability: Drizzle|[of] p1a: Politoed
|
|-weather|RainDance|[upkeep]
|-heal|p2a: Heatran|71/100|[from] item: Leftovers
|upkeep
|turn|8
|
|t:|1706744697
|move|p2a: Heatran|Protect|p2a: Heatran
|-singleturn|p2a: Heatran|Protect
|move|p1a: Politoed|Hydro Pump|p2a: Heatran
|-activate|p2a: Heatran|move: Protect
|
|-weather|RainDance|[upkeep]
|-heal|p2a: Heatran|77/100|[from] item: Leftovers
|upkeep
|turn|9
|
|t:|1706744705
|move|p1a: Politoed|Hydro Pump|p2a: Heatran
|-supereffective|p2a: Heatran
|-damage|p2a: Heatran|0 fnt
|faint|p2a: Heatran
|
|-weather|RainDance|[upkeep]
|upkeep
|
|t:|1706744709
|switch|p2a: Breloom|Breloom, F|94/100
|-damage|p2a: Breloom|88/100|[from] Stealth Rock
|turn|10
|
|t:|1706744713
|move|p2a: Breloom|Superpower|p1a: Politoed
|-damage|p1a: Politoed|0 fnt
|-unboost|p2a: Breloom|atk|1
|-unboost|p2a: Breloom|def|1
|faint|p1a: Politoed
|
|-weather|RainDance|[upkeep]
|upkeep
|
|t:|1706744725
|switch|p1a: Thundurus|Thundurus-Therian, M|23/100
|turn|11
|
|t:|1706744739
|switch|p2a: Azelf|Azelf|100/100
|-damage|p2a: Azelf|88/100|[from] Stealth Rock
|move|p1a: Thundurus|Hidden Power|p2a: Azelf
|-damage|p2a: Azelf|48/100
|-enditem|p2a: Azelf|Sitrus Berry|[eat]
|-heal|p2a: Azelf|73/100|[from] item: Sitrus Berry
|
|-weather|RainDance|[upkeep]
|upkeep
|turn|12
|
|t:|1706744760
|switch|p1a: Keldeo|Keldeo-Resolute|100/100
|move|p2a: Azelf|Stealth Rock|p1a: Keldeo
|-sidestart|p1: fffffffffffwe|move: Stealth Rock
|
|-weather|RainDance|[upkeep]
|upkeep
|turn|13
|
|t:|1706744769
|move|p2a: Azelf|Thunder Wave|p1a: Keldeo
|-status|p1a: Keldeo|par
|move|p1a: Keldeo|Hydro Pump|p2a: Azelf
|-damage|p2a: Azelf|0 fnt
|faint|p2a: Azelf
|
|-weather|RainDance|[upkeep]
|upkeep
|
|t:|1706744772
|switch|p2a: Breloom|Breloom, F|88/100
|-damage|p2a: Breloom|82/100|[from] Stealth Rock
|turn|14
|
|t:|1706744793
|switch|p1a: Thundurus|Thundurus-Therian, M|23/100
|-damage|p1a: Thundurus|0 fnt|[from] Stealth Rock
|faint|p1a: Thundurus
|move|p2a: Breloom|Superpower|p1: Thundurus|[notarget]
|-fail|p2a: Breloom
|
|-weather|RainDance|[upkeep]
|upkeep
|
|t:|1706744800
|switch|p1a: Scizor|Scizor, M|100/100
|-damage|p1a: Scizor|88/100|[from] Stealth Rock
|turn|15
|
|t:|1706744806
|switch|p2a: Zapdos|Zapdos|100/100
|-damage|p2a: Zapdos|76/100|[from] Stealth Rock
|-ability|p2a: Zapdos|Pressure
|move|p1a: Scizor|U-turn|p2a: Zapdos
|-resisted|p2a: Zapdos
|-damage|p2a: Zapdos|49/100
|
|t:|1706744819
|switch|p1a: Ferrothorn|Ferrothorn, F|97/100|[from] U-turn
|-damage|p1a: Ferrothorn|90/100|[from] Stealth Rock
|
|-weather|RainDance|[upkeep]
|-heal|p2a: Zapdos|55/100|[from] item: Leftovers
|-heal|p1a: Ferrothorn|97/100|[from] item: Leftovers
|upkeep
|turn|16
|
|t:|1706744828
|move|p2a: Zapdos|Heat Wave|p1a: Ferrothorn
|-supereffective|p1a: Ferrothorn
|-damage|p1a: Ferrothorn|53/100
|move|p1a: Ferrothorn|Gyro Ball|p2a: Zapdos
|-resisted|p2a: Zapdos
|-damage|p2a: Zapdos|31/100
|
|-weather|RainDance|[upkeep]
|-heal|p2a: Zapdos|37/100|[from] item: Leftovers
|-heal|p1a: Ferrothorn|60/100|[from] item: Leftovers
|upkeep
|turn|17
|-message|fffffffffffwe forfeited.
|
|win|el janitor
|raw|fffffffffffwe's rating: 1351 &rarr; <strong>1339</strong><br />(-12 for losing)
|raw|el janitor's rating: 1499 &rarr; <strong>1511</strong><br />(+12 for winning)
|l|☆fffffffffffwe
|player|p1|
