|j|☆realbenstiller
|j|☆torinoko city
|t:|1710943616
|gametype|singles
|player|p1|realbenstiller|palmer|1398
|player|p2|torinoko city|miku-flying|1396
|teamsize|p1|6
|teamsize|p2|6
|gen|5
|tier|[Gen 5] OU
|rated|
|rule|Species Clause: Limit one of each Pokémon
|rule|OHKO Clause: OHKO moves are banned
|rule|Moody Clause: Moody is banned
|rule|Evasion Items Clause: Evasion items are banned
|rule|Evasion Moves Clause: Evasion moves are banned
|rule|Endless Battle Clause: Forcing endless battles is banned
|rule|HP Percentage Mod: HP is shown in percentages
|rule|Evasion Abilities Clause: Evasion abilities are banned
|rule|Sleep Moves Clause: Sleep-inducing moves are banned
|rule|Swagger Clause: Swagger is banned
|rule|Baton Pass Stat Clause: No Baton Passer may have a way to boost its stats
|clearpoke
|poke|p1|Dragonite, M|item
|poke|p1|Magnezone|item
|poke|p1|Conkeldurr, F|item
|poke|p1|Starmie|item
|poke|p1|Scizor, F|item
|poke|p1|Volcarona, M|item
|poke|p2|Politoed, F|item
|poke|p2|Ferrothorn, F|item
|poke|p2|Tentacruel, F|item
|poke|p2|Celebi|item
|poke|p2|Blissey, F|mail
|poke|p2|Dewgong, F|item
|teampreview
|inactive|Battle timer is ON: inactive players will automatically lose when time's up. (requested by torinoko city)
|
|t:|1710943630
|start
|switch|p1a: Starmie|Starmie|100/100
|switch|p2a: Cure Summer|Politoed, F|100/100
|-weather|RainDance|[from] ability: Drizzle|[of] p2a: Cure Summer
|turn|1
|
|t:|1710943636
|switch|p2a: Cure Coral|Ferrothorn, F|100/100
|move|p1a: Starmie|Toxic|p2a: Cure Coral|[miss]
|-miss|p1a: Starmie|p2a: Cure Coral
|
|-weather|RainDance|[upkeep]
|upkeep
|turn|2
|j| llemon da kidd
|
|t:|1710943640
|switch|p1a: Magnezone|Magnezone|100/100
|move|p2a: Cure Coral|Knock Off|p1a: Magnezone
|-resisted|p1a: Magnezone
|-damage|p1a: Magnezone|98/100
|-enditem|p1a: Magnezone|Chople Berry|[from] move: Knock Off|[of] p2a: Cure Coral
|
|-weather|RainDance|[upkeep]
|upkeep
|turn|3
|
|t:|1710943647
|move|p1a: Magnezone|Hidden Power|p2a: Cure Coral
|-supereffective|p2a: Cure Coral
|-damage|p2a: Cure Coral|71/100
|move|p2a: Cure Coral|Stealth Rock|p1a: Magnezone
|-sidestart|p1: realbenstiller|move: Stealth Rock
|
|-weather|RainDance|[upkeep]
|-heal|p2a: Cure Coral|77/100|[from] item: Leftovers
|upkeep
|turn|4
|
|t:|1710943655
|move|p1a: Magnezone|Hidden Power|p2a: Cure Coral
|-supereffective|p2a: Cure Coral
|-damage|p2a: Cure Coral|48/100
|move|p2a: Cure Coral|Spikes|p1a: Magnezone
|-sidestart|p1: realbenstiller|Spikes
|
|-weather|RainDance|[upkeep]
|-heal|p2a: Cure Coral|54/100|[from] item: Leftovers
|upkeep
|turn|5
|
|t:|1710943660
|move|p1a: Magnezone|Hidden Power|p2a: Cure Coral
|-supereffective|p2a: Cure Coral
|-damage|p2a: Cure Coral|25/100
|move|p2a: Cure Coral|Spikes|p1a: Magnezone
|-sidestart|p1: realbenstiller|Spikes
|
|-weather|RainDance|[upkeep]
|-heal|p2a: Cure Coral|32/100|[from] item: Leftovers
|upkeep
|turn|6
|
|t:|1710943664
|move|p1a: Magnezone|Hidden Power|p2a: Cure Coral
|-supereffective|p2a: Cure Coral
|-damage|p2a: Cure Coral|1/100
|move|p2a: Cure Coral|Spikes|p1a: Magnezone
|-sidestart|p1: realbenstiller|Spikes
|
|-weather|RainDance|[upkeep]
|-heal|p2a: Cure Coral|7/100|[from] item: Leftovers
|upkeep
|turn|7
|
|t:|1710943669
|move|p1a: Magnezone|Flash Cannon|p2a: Cure Coral
|-resisted|p2a: Cure Coral
|-damage|p2a: Cure Coral|0 fnt
|faint|p2a: Cure Coral
|
|-weather|RainDance|[upkeep]
|upkeep
|
|t:|1710943676
|switch|p2a: Cure Flamingo|Blissey, F|100/100
|turn|8
|
|t:|1710943678
|move|p1a: Magnezone|Volt Switch|p2a: Cure Flamingo
|-crit|p2a: Cure Flamingo
|-damage|p2a: Cure Flamingo|75/100
|
|t:|1710943681
|switch|p1a: Starmie|Starmie|100/100|[from] Volt Switch
|-damage|p1a: Starmie|88/100|[from] Stealth Rock
|-damage|p1a: Starmie|63/100|[from] Spikes
|move|p2a: Cure Flamingo|Toxic|p1a: Starmie
|-status|p1a: Starmie|tox
|
|-weather|RainDance|[upkeep]
|-heal|p1a: Starmie|69/100 tox|[from] item: Leftovers
|-damage|p1a: Starmie|63/100 tox|[from] psn
|upkeep
|turn|9
|
|t:|1710943688
|switch|p2a: Cure La Mer|Tentacruel, F|100/100
|move|p1a: Starmie|Rapid Spin|p2a: Cure La Mer
|-damage|p2a: Cure La Mer|98/100
|-sideend|p1: realbenstiller|Spikes|[from] move: Rapid Spin|[of] p1a: Starmie
|-sideend|p1: realbenstiller|Stealth Rock|[from] move: Rapid Spin|[of] p1a: Starmie
|
|-weather|RainDance|[upkeep]
|-heal|p2a: Cure La Mer|100/100|[from] ability: Rain Dish
|-heal|p1a: Starmie|69/100 tox|[from] item: Leftovers
|-damage|p1a: Starmie|57/100 tox|[from] psn
|upkeep
|turn|10
|
|t:|1710943692
|-curestatus|p1a: Starmie|tox|[from] ability: Natural Cure
|switch|p1a: Magnezone|Magnezone|98/100
|move|p2a: Cure La Mer|Substitute|p2a: Cure La Mer
|-start|p2a: Cure La Mer|Substitute
|-damage|p2a: Cure La Mer|75/100
|
|-weather|RainDance|[upkeep]
|-heal|p2a: Cure La Mer|82/100|[from] ability: Rain Dish
|-heal|p2a: Cure La Mer|88/100|[from] item: Black Sludge
|upkeep
|turn|11
|
|t:|1710943697
|move|p2a: Cure La Mer|Protect|p2a: Cure La Mer
|-singleturn|p2a: Cure La Mer|Protect
|move|p1a: Magnezone|Volt Switch|p2a: Cure La Mer
|-activate|p2a: Cure La Mer|move: Protect
|
|-weather|RainDance|[upkeep]
|-heal|p2a: Cure La Mer|94/100|[from] ability: Rain Dish
|-heal|p2a: Cure La Mer|99/100|[from] item: Black Sludge
|upkeep
|turn|12
|
|t:|1710943700
|move|p2a: Cure La Mer|Scald|p1a: Magnezone
|-damage|p1a: Magnezone|49/100
|move|p1a: Magnezone|Volt Switch|p2a: Cure La Mer
|-supereffective|p2a: Cure La Mer
|-end|p2a: Cure La Mer|Substitute
|
|t:|1710943703
|switch|p1a: Dragonite|Dragonite, M|100/100|[from] Volt Switch
|
|-weather|RainDance|[upkeep]
|-heal|p2a: Cure La Mer|100/100|[from] ability: Rain Dish
|upkeep
|turn|13
|
|t:|1710943705
|switch|p2a: Cure Papaya|Celebi|100/100
|move|p1a: Dragonite|Earthquake|p2a: Cure Papaya
|-resisted|p2a: Cure Papaya
|-crit|p2a: Cure Papaya
|-damage|p2a: Cure Papaya|66/100
|
|-weather|RainDance|[upkeep]
|-heal|p2a: Cure Papaya|72/100|[from] item: Leftovers
|upkeep
|turn|14
|
|t:|1710943708
|switch|p1a: Magnezone|Magnezone|49/100
|move|p2a: Cure Papaya|Hidden Power|p1a: Magnezone
|-resisted|p1a: Magnezone
|-damage|p1a: Magnezone|39/100
|
|-weather|RainDance|[upkeep]
|-heal|p2a: Cure Papaya|78/100|[from] item: Leftovers
|upkeep
|turn|15
|
|t:|1710943713
|move|p1a: Magnezone|Flash Cannon|p2a: Cure Papaya
|-damage|p2a: Cure Papaya|51/100
|-unboost|p2a: Cure Papaya|spd|1
|move|p2a: Cure Papaya|Baton Pass|p2a: Cure Papaya
|
|t:|1710943715
|switch|p2a: Cure La Mer|Tentacruel, F|100/100|[from] Baton Pass
|
|-weather|RainDance|[upkeep]
|upkeep
|turn|16
|
|t:|1710943718
|move|p2a: Cure La Mer|Substitute|p2a: Cure La Mer
|-start|p2a: Cure La Mer|Substitute
|-damage|p2a: Cure La Mer|75/100
|move|p1a: Magnezone|Volt Switch|p2a: Cure La Mer
|-supereffective|p2a: Cure La Mer
|-end|p2a: Cure La Mer|Substitute
|
|t:|1710943722
|switch|p1a: Volcarona|Volcarona, M|100/100|[from] Volt Switch
|
|-weather|RainDance|[upkeep]
|-heal|p2a: Cure La Mer|82/100|[from] ability: Rain Dish
|-heal|p2a: Cure La Mer|88/100|[from] item: Black Sludge
|upkeep
|turn|17
|
|t:|1710943727
|move|p1a: Volcarona|Psychic|p2a: Cure La Mer
|-supereffective|p2a: Cure La Mer
|-damage|p2a: Cure La Mer|9/100
|move|p2a: Cure La Mer|Scald|p1a: Volcarona
|-supereffective|p1a: Volcarona
|-damage|p1a: Volcarona|24/100
|
|-weather|RainDance|[upkeep]
|-heal|p2a: Cure La Mer|15/100|[from] ability: Rain Dish
|-heal|p2a: Cure La Mer|21/100|[from] item: Black Sludge
|upkeep
|turn|18
|
|t:|1710943731
|switch|p2a: Cure Flamingo|Blissey, F|75/100
|move|p1a: Volcarona|Psychic|p2a: Cure Flamingo
|-damage|p2a: Cure Flamingo|63/100
|
|-weather|RainDance|[upkeep]
|upkeep
|turn|19
|
|t:|1710943734
|switch|p1a: Conkeldurr|Conkeldurr, F|100/100
|move|p2a: Cure Flamingo|Seismic Toss|p1a: Conkeldurr
|-damage|p1a: Conkeldurr|76/100
|
|-weather|RainDance|[upkeep]
|upkeep
|turn|20
|
|t:|1710943738
|switch|p2a: Cure Papaya|Celebi|51/100
|move|p1a: Conkeldurr|Ice Punch|p2a: Cure Papaya
|-supereffective|p2a: Cure Papaya
|-damage|p2a: Cure Papaya|0 fnt
|faint|p2a: Cure Papaya
|
|-weather|RainDance|[upkeep]
|upkeep
|
|t:|1710943742
|switch|p2a: Cure Summer|Politoed, F|100/100
|turn|21
|
|t:|1710943744
|move|p2a: Cure Summer|Scald|p1a: Conkeldurr
|-damage|p1a: Conkeldurr|34/100
|-enditem|p1a: Conkeldurr|Sitrus Berry|[eat]
|-heal|p1a: Conkeldurr|59/100|[from] item: Sitrus Berry
|move|p1a: Conkeldurr|Thunder Punch|p2a: Cure Summer
|-supereffective|p2a: Cure Summer
|-damage|p2a: Cure Summer|45/100
|
|-weather|RainDance|[upkeep]
|-heal|p2a: Cure Summer|52/100|[from] item: Leftovers
|upkeep
|turn|22
|j| hdujejeke
|
|t:|1710943753
|move|p2a: Cure Summer|Scald|p1a: Conkeldurr
|-damage|p1a: Conkeldurr|14/100
|move|p1a: Conkeldurr|Drain Punch|p2a: Cure Summer
|-damage|p2a: Cure Summer|8/100
|-heal|p1a: Conkeldurr|34/100|[from] drain|[of] p2a: Cure Summer
|
|-weather|RainDance|[upkeep]
|-heal|p2a: Cure Summer|14/100|[from] item: Leftovers
|upkeep
|turn|23
|
|t:|1710943759
|move|p1a: Conkeldurr|Mach Punch|p2a: Cure Summer
|-damage|p2a: Cure Summer|0 fnt
|faint|p2a: Cure Summer
|
|-weather|RainDance|[upkeep]
|upkeep
|
|t:|1710943761
|switch|p2a: Cure La Mer|Tentacruel, F|21/100
|turn|24
|
|t:|1710943764
|move|p2a: Cure La Mer|Protect|p2a: Cure La Mer
|-singleturn|p2a: Cure La Mer|Protect
|move|p1a: Conkeldurr|Thunder Punch|p2a: Cure La Mer
|-activate|p2a: Cure La Mer|move: Protect
|
|-weather|RainDance|[upkeep]
|-heal|p2a: Cure La Mer|27/100|[from] ability: Rain Dish
|-heal|p2a: Cure La Mer|33/100|[from] item: Black Sludge
|upkeep
|turn|25
|
|t:|1710943768
|move|p2a: Cure La Mer|Scald|p1a: Conkeldurr
|-damage|p1a: Conkeldurr|0 fnt
|faint|p1a: Conkeldurr
|
|-weather|RainDance|[upkeep]
|-heal|p2a: Cure La Mer|39/100|[from] ability: Rain Dish
|-heal|p2a: Cure La Mer|45/100|[from] item: Black Sludge
|upkeep
|
|t:|1710943772
|switch|p1a: Magnezone|Magnezone|39/100
|turn|26
|
|t:|1710943774
|move|p2a: Cure La Mer|Protect|p2a: Cure La Mer
|-singleturn|p2a: Cure La Mer|Protect
|move|p1a: Magnezone|Volt Switch|p2a: Cure La Mer
|-activate|p2a: Cure La Mer|move: Protect
|
|-weather|RainDance|[upkeep]
|-heal|p2a: Cure La Mer|51/100|[from] ability: Rain Dish
|-heal|p2a: Cure La Mer|57/100|[from] item: Black Sludge
|upkeep
|turn|27
|
|t:|1710943776
|move|p2a: Cure La Mer|Scald|p1a: Magnezone
|-damage|p1a: Magnezone|0 fnt
|faint|p1a: Magnezone
|
|-weather|RainDance|[upkeep]
|-heal|p2a: Cure La Mer|63/100|[from] ability: Rain Dish
|-heal|p2a: Cure La Mer|69/100|[from] item: Black Sludge
|upkeep
|
|t:|1710943779
|switch|p1a: Dragonite|Dragonite, M|100/100
|turn|28
|
|t:|1710943782
|move|p2a: Cure La Mer|Scald|p1a: Dragonite
|-resisted|p1a: Dragonite
|-crit|p1a: Dragonite
|-damage|p1a: Dragonite|81/100
|-status|p1a: Dragonite|brn
|-enditem|p1a: Dragonite|Lum Berry|[eat]
|-curestatus|p1a: Dragonite|brn|[msg]
|move|p1a: Dragonite|Dragon Dance|p1a: Dragonite
|-boost|p1a: Dragonite|atk|1
|-boost|p1a: Dragonite|spe|1
|
|-weather|RainDance|[upkeep]
|-heal|p2a: Cure La Mer|75/100|[from] ability: Rain Dish
|-heal|p2a: Cure La Mer|82/100|[from] item: Black Sludge
|upkeep
|turn|29
|
|t:|1710943789
|switch|p2a: Cure Flamingo|Blissey, F|63/100
|move|p1a: Dragonite|Earthquake|p2a: Cure Flamingo
|-damage|p2a: Cure Flamingo|10/100
|
|-weather|RainDance|[upkeep]
|upkeep
|turn|30
|
|t:|1710943793
|move|p1a: Dragonite|Earthquake|p2a: Cure Flamingo
|-damage|p2a: Cure Flamingo|0 fnt
|faint|p2a: Cure Flamingo
|
|-weather|RainDance|[upkeep]
|upkeep
|
|t:|1710943794
|switch|p2a: Kururun|Dewgong, F|100/100
|turn|31
|
|t:|1710943797
|move|p1a: Dragonite|Outrage|p2a: Kururun
|-crit|p2a: Kururun
|-damage|p2a: Kururun|0 fnt
|faint|p2a: Kururun
|
|-weather|RainDance|[upkeep]
|upkeep
|c|☆realbenstiller|gg
|-message|torinoko city forfeited.
|
|win|realbenstiller
|raw|realbenstiller's rating: 1398 &rarr; <strong>1419</strong><br />(+21 for winning)
|raw|torinoko city's rating: 1408 &rarr; <strong>1387</strong><br />(-21 for losing)
|l|☆torinoko city
|player|p2|
|l|☆realbenstiller
|player|p1|
