|j|☆daddy_days2
|j|☆cinema staff fan
|t:|1741804872
|gametype|singles
|player|p1|daddy_days2|benga|1432
|player|p2|cinema staff fan|sordward-shielbert|1509
|teamsize|p1|6
|teamsize|p2|6
|gen|5
|tier|[Gen 5] OU
|rated|
|rule|Species Clause: Limit one of each Pokémon
|rule|OHKO Clause: OHKO moves are banned
|rule|Moody Clause: Moody is banned
|rule|Evasion Items Clause: Evasion items are banned
|rule|Evasion Moves Clause: Evasion moves are banned
|rule|Endless Battle Clause: Forcing endless battles is banned
|rule|HP Percentage Mod: HP is shown in percentages
|rule|Evasion Abilities Clause: Evasion abilities are banned
|rule|Sleep Moves Clause: Sleep-inducing moves are banned
|rule|Swagger Clause: Swagger is banned
|rule|Baton Pass Stat Clause: No Baton Passer may have a way to boost its stats
|clearpoke
|poke|p1|Kyurem-Black|item
|poke|p1|Garchomp, M|item
|poke|p1|Conkeldurr, M|item
|poke|p1|Starmie|item
|poke|p1|Bisharp, M|item
|poke|p1|Scyther, M|item
|poke|p2|Garchomp, M|item
|poke|p2|Jirachi|item
|poke|p2|Conkeldurr, M|item
|poke|p2|Alakazam, M|item
|poke|p2|Tyranitar, M|item
|poke|p2|Starmie|item
|teampreview
|j| Serpreme
|inactive|Battle timer is ON: inactive players will automatically lose when time's up. (requested by cinema staff fan)
|
|t:|1741804920
|start
|switch|p1a: Starlight|Starmie|100/100
|switch|p2a: Conkeldurr|Conkeldurr, M|100/100
|turn|1
|
|t:|1741804932
|switch|p1a: Insane Dwayne|Kyurem-Black|100/100
|-ability|p1a: Insane Dwayne|Teravolt
|move|p2a: Conkeldurr|Thunder Punch|p1a: Insane Dwayne
|-resisted|p1a: Insane Dwayne
|-damage|p1a: Insane Dwayne|82/100
|-damage|p2a: Conkeldurr|90/100|[from] item: Life Orb
|
|upkeep
|turn|2
|inactive|cinema staff fan has 120 seconds left.
|
|t:|1741804968
|switch|p2a: Jirachi|Jirachi|100/100
|move|p1a: Insane Dwayne|Outrage|p2a: Jirachi
|-resisted|p2a: Jirachi
|-damage|p2a: Jirachi|30/100
|
|upkeep
|turn|3
|
|t:|1741804976
|move|p2a: Jirachi|Iron Head|p1a: Insane Dwayne
|-supereffective|p1a: Insane Dwayne
|-damage|p1a: Insane Dwayne|23/100
|move|p1a: Insane Dwayne|Outrage|p2a: Jirachi|[from] lockedmove
|-resisted|p2a: Jirachi
|-damage|p2a: Jirachi|0 fnt
|faint|p2a: Jirachi
|
|upkeep
|inactive|cinema staff fan has 120 seconds left.
|
|t:|1741805007
|switch|p2a: Garchomp|Garchomp, M|100/100
|turn|4
|
|t:|1741805011
|move|p2a: Garchomp|Earthquake|p1a: Insane Dwayne
|-damage|p1a: Insane Dwayne|0 fnt
|faint|p1a: Insane Dwayne
|
|upkeep
|
|t:|1741805023
|switch|p1a: Adolf|Bisharp, M|100/100
|-item|p1a: Adolf|Air Balloon
|turn|5
|inactive|cinema staff fan has 120 seconds left.
|
|t:|1741805050
|move|p2a: Garchomp|Stealth Rock|p1a: Adolf
|-sidestart|p1: daddy_days2|move: Stealth Rock
|move|p1a: Adolf|Pursuit|p2a: Garchomp
|-damage|p2a: Garchomp|78/100
|-damage|p1a: Adolf|88/100|[from] ability: Rough Skin|[of] p2a: Garchomp
|
|upkeep
|turn|6
|
|t:|1741805066
|-activate|p2a: Garchomp|move: Pursuit
|move|p1a: Adolf|Pursuit|p2a: Garchomp|[from] Pursuit
|-crit|p2a: Garchomp
|-damage|p2a: Garchomp|0 fnt
|-damage|p1a: Adolf|76/100|[from] ability: Rough Skin|[of] p2a: Garchomp
|faint|p2a: Garchomp
|-hint|A Pokemon can't switch between when it runs out of HP and when it faints
|
|upkeep
|inactive|cinema staff fan has 90 seconds left.
|
|t:|1741805077
|switch|p2a: Conkeldurr|Conkeldurr, M|90/100
|turn|7
|
|t:|1741805080
|switch|p1a: Painkiller|Garchomp, M|100/100
|-damage|p1a: Painkiller|94/100|[from] Stealth Rock
|move|p2a: Conkeldurr|Drain Punch|p1a: Painkiller
|-damage|p1a: Painkiller|52/100
|-heal|p2a: Conkeldurr|100/100|[from] drain|[of] p1a: Painkiller
|-damage|p2a: Conkeldurr|88/100|[from] ability: Rough Skin|[of] p1a: Painkiller
|-damage|p2a: Conkeldurr|71/100|[from] item: Rocky Helmet|[of] p1a: Painkiller
|-damage|p2a: Conkeldurr|61/100|[from] item: Life Orb
|
|upkeep
|turn|8
|
|t:|1741805093
|switch|p2a: Starmie|Starmie|100/100
|-item|p2a: Starmie|Air Balloon
|move|p1a: Painkiller|Endure||[still]
|-fail|p1a: Painkiller
|
|upkeep
|turn|9
|
|t:|1741805110
|switch|p1a: Starlight|Starmie|100/100
|-damage|p1a: Starlight|88/100|[from] Stealth Rock
|move|p2a: Starmie|Ice Beam|p1a: Starlight
|-resisted|p1a: Starlight
|-damage|p1a: Starlight|68/100
|
|-heal|p1a: Starlight|74/100|[from] item: Leftovers
|upkeep
|turn|10
|inactive|cinema staff fan has 120 seconds left.
|
|t:|1741805120
|move|p2a: Starmie|Thunderbolt|p1a: Starlight
|-supereffective|p1a: Starlight
|-damage|p1a: Starlight|12/100
|move|p1a: Starlight|Rapid Spin|p2a: Starmie
|-damage|p2a: Starmie|96/100
|-enditem|p2a: Starmie|Air Balloon
|-sideend|p1: daddy_days2|Stealth Rock|[from] move: Rapid Spin|[of] p1a: Starlight
|
|-heal|p1a: Starlight|18/100|[from] item: Leftovers
|upkeep
|turn|11
|inactive|cinema staff fan has 120 seconds left.
|
|t:|1741805132
|move|p2a: Starmie|Thunderbolt|p1a: Starlight
|-supereffective|p1a: Starlight
|-damage|p1a: Starlight|0 fnt
|faint|p1a: Starlight
|
|upkeep
|
|t:|1741805154
|switch|p1a: Adolf|Bisharp, M|76/100
|-item|p1a: Adolf|Air Balloon
|turn|12
|
|t:|1741805159
|move|p2a: Starmie|Hydro Pump|p1a: Adolf
|-damage|p1a: Adolf|0 fnt
|-enditem|p1a: Adolf|Air Balloon
|faint|p1a: Adolf
|
|upkeep
|
|t:|1741805165
|switch|p1a: Blade|Scyther, M|100/100
|turn|13
|
|t:|1741805173
|move|p1a: Blade|U-turn|p2a: Starmie
|-supereffective|p2a: Starmie
|-damage|p2a: Starmie|0 fnt
|faint|p2a: Starmie
|
|t:|1741805181
|switch|p1a: Painkiller|Garchomp, M|52/100|[from] U-turn
|
|upkeep
|
|t:|1741805189
|switch|p2a: Alakazam|Alakazam, M|100/100
|turn|14
|
|t:|1741805210
|switch|p1a: Blade|Scyther, M|100/100
|move|p2a: Alakazam|Hidden Power|p1a: Blade
|-supereffective|p1a: Blade
|-damage|p1a: Blade|26/100
|
|upkeep
|turn|15
|
|t:|1741805229
|-activate|p2a: Alakazam|move: Pursuit
|move|p1a: Blade|Pursuit|p2a: Alakazam|[from] Pursuit
|-supereffective|p2a: Alakazam
|-enditem|p2a: Alakazam|Focus Sash
|-damage|p2a: Alakazam|1/100
|switch|p2a: Conkeldurr|Conkeldurr, M|61/100
|
|upkeep
|turn|16
|inactive|cinema staff fan has 120 seconds left.
|
|t:|1741805245
|switch|p1a: Painkiller|Garchomp, M|52/100
|move|p2a: Conkeldurr|Ice Punch|p1a: Painkiller
|-supereffective|p1a: Painkiller
|-damage|p1a: Painkiller|0 fnt
|-damage|p2a: Conkeldurr|49/100|[from] ability: Rough Skin|[of] p1a: Painkiller
|-damage|p2a: Conkeldurr|32/100|[from] item: Rocky Helmet|[of] p1a: Painkiller
|faint|p1a: Painkiller
|-damage|p2a: Conkeldurr|22/100|[from] item: Life Orb
|
|upkeep
|
|t:|1741805260
|switch|p1a: Shrekster|Conkeldurr, M|100/100
|turn|17
|inactive|cinema staff fan has 120 seconds left.
|
|t:|1741805278
|move|p2a: Conkeldurr|Drain Punch|p1a: Shrekster
|-damage|p1a: Shrekster|48/100
|-heal|p2a: Conkeldurr|45/100|[from] drain|[of] p1a: Shrekster
|-damage|p2a: Conkeldurr|35/100|[from] item: Life Orb
|move|p1a: Shrekster|Drain Punch|p2a: Conkeldurr
|-damage|p2a: Conkeldurr|0 fnt
|-heal|p1a: Shrekster|68/100|[from] drain|[of] p2a: Conkeldurr
|faint|p2a: Conkeldurr
|
|-heal|p1a: Shrekster|74/100|[from] item: Leftovers
|upkeep
|inactive|cinema staff fan has 120 seconds left.
|
|t:|1741805286
|switch|p2a: Alakazam|Alakazam, M|1/100
|turn|18
|j| tyrash
|
|t:|1741805294
|move|p1a: Shrekster|Mach Punch|p2a: Alakazam
|-resisted|p2a: Alakazam
|-damage|p2a: Alakazam|0 fnt
|faint|p2a: Alakazam
|
|-heal|p1a: Shrekster|80/100|[from] item: Leftovers
|upkeep
|
|t:|1741805296
|switch|p2a: Tyranitar|Tyranitar, M|100/100
|-weather|Sandstorm|[from] ability: Sand Stream|[of] p2a: Tyranitar
|turn|19
|
|t:|1741805304
|move|p2a: Tyranitar|Thunder Wave|p1a: Shrekster
|-status|p1a: Shrekster|par
|move|p1a: Shrekster|Drain Punch|p2a: Tyranitar
|-supereffective|p2a: Tyranitar
|-damage|p2a: Tyranitar|0 fnt
|-heal|p1a: Shrekster|100/100 par|[from] drain|[of] p2a: Tyranitar
|faint|p2a: Tyranitar
|
|win|daddy_days2
|raw|daddy_days2's rating: 1432 &rarr; <strong>1456</strong><br />(+24 for winning)
|raw|cinema staff fan's rating: 1509 &rarr; <strong>1485</strong><br />(-24 for losing)
