|j|☆SattleBimulator
|j|☆HydreigonSpammer
|t:|1736404584
|gametype|singles
|player|p1|SattleBimulator|2|1380
|player|p2|HydreigonSpammer|iris|1424
|teamsize|p1|6
|teamsize|p2|6
|gen|5
|tier|[Gen 5] OU
|rated|
|rule|Species Clause: Limit one of each Pokémon
|rule|OHKO Clause: OHKO moves are banned
|rule|Moody Clause: Moody is banned
|rule|Evasion Items Clause: Evasion items are banned
|rule|Evasion Moves Clause: Evasion moves are banned
|rule|Endless Battle Clause: Forcing endless battles is banned
|rule|HP Percentage Mod: HP is shown in percentages
|rule|Evasion Abilities Clause: Evasion abilities are banned
|rule|Sleep Moves Clause: Sleep-inducing moves are banned
|rule|Swagger Clause: Swagger is banned
|rule|Baton Pass Stat Clause: No Baton Passer may have a way to boost its stats
|clearpoke
|poke|p1|Ferrothorn, F|item
|poke|p1|Breloom, M|item
|poke|p1|Scizor, F|item
|poke|p1|Alakazam, F|item
|poke|p1|Starmie|item
|poke|p1|Latios, M|item
|poke|p2|Latios, M|item
|poke|p2|Alakazam, M|item
|poke|p2|Hippowdon, M|item
|poke|p2|Starmie|item
|poke|p2|Slowking, M|item
|poke|p2|Azelf|item
|teampreview
|inactive|Battle timer is ON: inactive players will automatically lose when time's up. (requested by SattleBimulator)
|
|t:|1736404593
|start
|switch|p1a: Ferrothorn|Ferrothorn, F|100/100
|switch|p2a: Azelf|Azelf|100/100
|turn|1
|
|t:|1736404596
|move|p2a: Azelf|Fire Blast|p1a: Ferrothorn
|-supereffective|p1a: Ferrothorn
|-damage|p1a: Ferrothorn|0 fnt
|faint|p1a: Ferrothorn
|
|upkeep
|
|t:|1736404601
|switch|p1a: Alakazam|Alakazam, F|100/100
|turn|2
|
|t:|1736404606
|switch|p2a: Slowking|Slowking, M|100/100
|move|p1a: Alakazam|Shadow Ball|p2a: Slowking
|-supereffective|p2a: Slowking
|-damage|p2a: Slowking|69/100
|
|upkeep
|turn|3
|
|t:|1736404610
|move|p1a: Alakazam|Thunder Wave|p2a: Slowking
|-status|p2a: Slowking|par
|move|p2a: Slowking|Thunder Wave|p1a: Alakazam
|-status|p1a: Alakazam|par
|
|upkeep
|turn|4
|
|t:|1736404619
|move|p1a: Alakazam|Shadow Ball|p2a: Slowking
|-supereffective|p2a: Slowking
|-damage|p2a: Slowking|38/100 par
|move|p2a: Slowking|Scald|p1a: Alakazam
|-damage|p1a: Alakazam|57/100 par
|
|upkeep
|turn|5
|
|t:|1736404631
|switch|p2a: Azelf|Azelf|100/100
|move|p1a: Alakazam|Thunder Wave|p2a: Azelf
|-status|p2a: Azelf|par
|
|upkeep
|turn|6
|
|t:|1736404637
|move|p1a: Alakazam|Shadow Ball|p2a: Azelf
|-supereffective|p2a: Azelf
|-damage|p2a: Azelf|9/100 par
|move|p2a: Azelf|Stealth Rock|p1a: Alakazam
|-sidestart|p1: SattleBimulator|move: Stealth Rock
|
|upkeep
|turn|7
|
|t:|1736404642
|move|p1a: Alakazam|Thunder Wave|p2a: Azelf
|-fail|p2a: Azelf|par
|move|p2a: Azelf|Hidden Power|p1a: Alakazam
|-damage|p1a: Alakazam|18/100 par
|
|upkeep
|turn|8
|
|t:|1736404644
|cant|p1a: Alakazam|par
|move|p2a: Azelf|Hidden Power|p1a: Alakazam
|-damage|p1a: Alakazam|0 fnt
|faint|p1a: Alakazam
|
|upkeep
|
|t:|1736404647
|switch|p1a: Starmie|Starmie|100/100
|-damage|p1a: Starmie|88/100|[from] Stealth Rock
|-item|p1a: Starmie|Air Balloon
|turn|9
|
|t:|1736404655
|move|p1a: Starmie|Rapid Spin|p2a: Azelf
|-damage|p2a: Azelf|4/100 par
|-sideend|p1: SattleBimulator|Stealth Rock|[from] move: Rapid Spin|[of] p1a: Starmie
|move|p2a: Azelf|Grass Knot|p1a: Starmie
|-supereffective|p1a: Starmie
|-damage|p1a: Starmie|13/100
|-enditem|p1a: Starmie|Air Balloon
|
|upkeep
|turn|10
|
|t:|1736404660
|move|p1a: Starmie|Ice Beam|p2a: Azelf
|-damage|p2a: Azelf|0 fnt
|faint|p2a: Azelf
|
|upkeep
|
|t:|1736404673
|switch|p2a: Alakazam|Alakazam, M|100/100
|turn|11
|
|t:|1736404675
|switch|p1a: Scizor|Scizor, F|100/100
|move|p2a: Alakazam|Shadow Ball|p1a: Scizor
|-resisted|p1a: Scizor
|-damage|p1a: Scizor|81/100
|
|upkeep
|turn|12
|
|t:|1736404686
|move|p2a: Alakazam|Hidden Power|p1a: Scizor
|-supereffective|p1a: Scizor
|-damage|p1a: Scizor|0 fnt
|faint|p1a: Scizor
|
|upkeep
|
|t:|1736404691
|switch|p1a: Latios|Latios, M|100/100
|turn|13
|
|t:|1736404703
|switch|p2a: Slowking|Slowking, M|72/100 par
|move|p1a: Latios|Draco Meteor|p2a: Slowking
|-damage|p2a: Slowking|29/100 par
|-unboost|p1a: Latios|spa|2
|
|upkeep
|turn|14
|
|t:|1736404707
|switch|p1a: Breloom|Breloom, M|100/100
|move|p2a: Slowking|Thunder Wave|p1a: Breloom
|-status|p1a: Breloom|par
|
|upkeep
|turn|15
|
|t:|1736404715
|cant|p1a: Breloom|par
|move|p2a: Slowking|Psychic|p1a: Breloom
|-supereffective|p1a: Breloom
|-damage|p1a: Breloom|0 fnt
|faint|p1a: Breloom
|
|upkeep
|
|t:|1736404719
|switch|p1a: Starmie|Starmie|13/100
|turn|16
|
|t:|1736404725
|move|p1a: Starmie|Thunderbolt|p2a: Slowking
|-supereffective|p2a: Slowking
|-damage|p2a: Slowking|0 fnt
|faint|p2a: Slowking
|
|upkeep
|
|t:|1736404728
|switch|p2a: Alakazam|Alakazam, M|100/100
|turn|17
|
|t:|1736404731
|move|p2a: Alakazam|Shadow Ball|p1a: Starmie
|-supereffective|p1a: Starmie
|-damage|p1a: Starmie|0 fnt
|faint|p1a: Starmie
|
|upkeep
|
|t:|1736404733
|switch|p1a: Latios|Latios, M|100/100
|turn|18
|
|t:|1736404737
|move|p1a: Latios|Draco Meteor|p2a: Alakazam
|-enditem|p2a: Alakazam|Focus Sash
|-damage|p2a: Alakazam|1/100
|-unboost|p1a: Latios|spa|2
|move|p2a: Alakazam|Shadow Ball|p1a: Latios
|-supereffective|p1a: Latios
|-damage|p1a: Latios|38/100
|
|upkeep
|turn|19
|-message|SattleBimulator forfeited.
|
|win|HydreigonSpammer
|raw|SattleBimulator's rating: 1380 &rarr; <strong>1363</strong><br />(-17 for losing)
|raw|HydreigonSpammer's rating: 1424 &rarr; <strong>1441</strong><br />(+17 for winning)
|l|☆SattleBimulator
|player|p1|
