|join|pedro-p
|join|professorcaralho
|player|p1|pedro-p|56
|player|p2|professorcaralho|101
|gametype|singles
|gen|5
|tier|[Gen 5] OU
|rated
|rule|Evasion Abilities Clause: Evasion abilities are banned
|clearpoke
|poke|p1|Gliscor, F
|poke|p1|Tyranitar, M
|poke|p1|Jirachi
|poke|p1|Keldeo
|poke|p1|Forretress, M
|poke|p1|Celebi
|poke|p2|Politoed, M
|poke|p2|Latios, M
|poke|p2|Rotom-Wash
|poke|p2|Breloom, F
|poke|p2|Jirachi
|poke|p2|Scizor, F
|rule|Sleep Clause Mod: Limit one foe put to sleep
|rule|Species Clause: Limit one of each Pokemon
|rule|OHKO Clause: OHKO moves are banned
|rule|Moody Clause: Moody is banned
|rule|Evasion Moves Clause: Evasion moves are banned
|rule|Endless Battle Clause: Forcing endless battles is banned.
|rule|HP Percentage Mod: HP is reported as percentages
|teampreview
|
|start
|switch|p1a: Celebi|Celebi|399/399
|switch|p2a: Minicraque|Jirachi|341/341
|turn|1
|
|move|p2a: Minicraque|Trick|p1a: Celebi
|-activate|p2a: Minicraque|move: Trick|[of] p1a: Celebi
|-item|p1a: Celebi|Choice Scarf|[from] move: Trick
|-item|p2a: Minicraque|Life Orb|[from] move: Trick
|move|p1a: Celebi|Thunder Wave|p2a: Minicraque
|-status|p2a: Minicraque|par
|
|turn|2
|
|switch|p1a: Forretress|Forretress, M|354/354
|cant|p2a: Minicraque|par
|
|turn|3
|
|switch|p2a: RaboGrande|Breloom, F|261/261
|move|p1a: Forretress|Spikes|p2a: RaboGrande
|-sidestart|p2: professorcaralho|Spikes
|
|-status|p2a: RaboGrande|tox|[from] item: Toxic Orb
|turn|4
|
|move|p2a: RaboGrande|Spore|p1a: Forretress
|-status|p1a: Forretress|slp
|cant|p1a: Forretress|slp
|
|turn|5
|
|-singleturn|p2a: RaboGrande|move: Focus Punch
|switch|p1a: Celebi|Celebi|399/399
|move|p2a: RaboGrande|Focus Punch|p1a: Celebi
|-resisted|p1a: Celebi
|-damage|p1a: Celebi|262/399
|
|turn|6
|
|switch|p2a: Minicraque|Jirachi|341/341 par
|-damage|p2a: Minicraque|299/341 par|[from] Spikes
|move|p1a: Celebi|Hidden Power|p2a: Minicraque
|-supereffective|p2a: Minicraque
|-damage|p2a: Minicraque|143/341 par
|
|turn|7
|
|switch|p1a: Tyranitar|Tyranitar, M|404/404
|-weather|Sandstorm|[from] ability: Sand Stream|[of] p1a: Tyranitar
|switch|p2a: SãoPedro|Politoed, M|384/384
|-damage|p2a: SãoPedro|336/384|[from] Spikes
|-weather|RainDance|[from] ability: Drizzle|[of] p2a: SãoPedro
|
|-weather|RainDance|[upkeep]
|turn|8
|
|switch|p2a: RaboGrande|Breloom, F|261/261 tox
|-damage|p2a: RaboGrande|229/261 tox|[from] Spikes
|switch|p1a: Celebi|Celebi|262/399
|
|-weather|RainDance|[upkeep]
|-heal|p2a: RaboGrande|261/261 tox|[from] ability: Poison Heal
|turn|9
|
|switch|p2a: Scizor|Scizor, F|282/282
|-damage|p2a: Scizor|247/282|[from] Spikes
|move|p1a: Celebi|Recover|p1a: Celebi
|-heal|p1a: Celebi|399/399
|
|-weather|RainDance|[upkeep]
|turn|10
|
|switch|p1a: Forretress|Forretress, M|354/354 slp
|move|p2a: Scizor|Swords Dance|p2a: Scizor
|-boost|p2a: Scizor|atk|2
|
|-weather|RainDance|[upkeep]
|turn|11
|
|switch|p1a: Tyranitar|Tyranitar, M|404/404
|-weather|Sandstorm|[from] ability: Sand Stream|[of] p1a: Tyranitar
|move|p2a: Scizor|Swords Dance|p2a: Scizor
|-boost|p2a: Scizor|atk|2
|
|-weather|Sandstorm|[upkeep]
|turn|12
|
|move|p2a: Scizor|Bullet Punch|p1a: Tyranitar
|-crit|p1a: Tyranitar
|-supereffective|p1a: Tyranitar
|-damage|p1a: Tyranitar|0 fnt
|-damage|p2a: Scizor|219/282|[from] item: Life Orb
|faint|p1a: Tyranitar
|
|-weather|Sandstorm|[upkeep]
|
|switch|p1a: Celebi|Celebi|399/399
|turn|13
|
|switch|p2a: SãoPedro|Politoed, M|336/384
|-damage|p2a: SãoPedro|288/384|[from] Spikes
|-weather|RainDance|[from] ability: Drizzle|[of] p2a: SãoPedro
|move|p1a: Celebi|Hidden Power|p2a: SãoPedro
|-resisted|p2a: SãoPedro
|-damage|p2a: SãoPedro|269/384
|
|-weather|RainDance|[upkeep]
|turn|14
|-message|pedro-p forfeited.
|
|win|professorcaralho
|raw|Ladder updating...
|leave|pedro-p
|player|p1
|raw|pedro-p's rating: 1409 &rarr; <strong>1385</strong><br />(-24 for losing)
|raw|professorcaralho's rating: 1334 &rarr; <strong>1359</strong><br />(+25 for winning)