|j|☆Ddrakos
|j|‽MegaStarUniverse
|t:|1726350174
|gametype|singles
|player|p1|Ddrakos|giovanni|1370
|player|p2|MegaStarUniverse|nate|1454
|teamsize|p1|6
|teamsize|p2|6
|gen|5
|tier|[Gen 5] OU
|rated|
|rule|Species Clause: Limit one of each Pokémon
|rule|OHKO Clause: OHKO moves are banned
|rule|Moody Clause: Moody is banned
|rule|Evasion Items Clause: Evasion items are banned
|rule|Evasion Moves Clause: Evasion moves are banned
|rule|Endless Battle Clause: Forcing endless battles is banned
|rule|HP Percentage Mod: HP is shown in percentages
|rule|Evasion Abilities Clause: Evasion abilities are banned
|rule|Sleep Moves Clause: Sleep-inducing moves are banned
|rule|Swagger Clause: Swagger is banned
|rule|Baton Pass Stat Clause: No Baton Passer may have a way to boost its stats
|clearpoke
|poke|p1|Garchomp, F|item
|poke|p1|Magnezone|item
|poke|p1|Kyurem-Black|item
|poke|p1|Haxorus, F|item
|poke|p1|Scizor, M|item
|poke|p1|Keldeo|item
|poke|p2|Tyranitar, F|item
|poke|p2|Landorus-Therian, M|item
|poke|p2|Keldeo|item
|poke|p2|Latios, M|item
|poke|p2|Jirachi|item
|poke|p2|Garchomp, M|item
|teampreview
|
|t:|1726350179
|start
|switch|p1a: Kyurem|Kyurem-Black|100/100
|switch|p2a: Jirachi|Jirachi|100/100
|-ability|p1a: Kyurem|Teravolt
|turn|1
|inactive|Battle timer is ON: inactive players will automatically lose when time's up. (requested by MegaStarUniverse)
|
|t:|1726350183
|switch|p1a: Magnezone|Magnezone|100/100
|move|p2a: Jirachi|Psychic|p1a: Magnezone
|-resisted|p1a: Magnezone
|-damage|p1a: Magnezone|80/100
|
|-heal|p1a: Magnezone|86/100|[from] item: Leftovers
|upkeep
|turn|2
|
|t:|1726350187
|switch|p1a: Garchomp|Garchomp, F|100/100
|move|p2a: Jirachi|Hidden Power|p1a: Garchomp
|-resisted|p1a: Garchomp
|-crit|p1a: Garchomp
|-damage|p1a: Garchomp|81/100
|
|upkeep
|turn|3
|
|t:|1726350193
|switch|p1a: Keldeo|Keldeo|100/100
|move|p2a: Jirachi|Psychic|p1a: Keldeo
|-supereffective|p1a: Keldeo
|-damage|p1a: Keldeo|27/100
|
|-heal|p1a: Keldeo|33/100|[from] item: Leftovers
|upkeep
|turn|4
|
|t:|1726350197
|move|p1a: Keldeo|Hydro Pump|p2a: Jirachi|[miss]
|-miss|p1a: Keldeo|p2a: Jirachi
|move|p2a: Jirachi|Psychic|p1a: Keldeo
|-supereffective|p1a: Keldeo
|-damage|p1a: Keldeo|0 fnt
|faint|p1a: Keldeo
|
|upkeep
|
|t:|1726350199
|switch|p1a: Garchomp|Garchomp, F|81/100
|turn|5
|
|t:|1726350203
|move|p1a: Garchomp|Earthquake|p2a: Jirachi
|-supereffective|p2a: Jirachi
|-crit|p2a: Jirachi
|-enditem|p2a: Jirachi|Shuca Berry|[eat]
|-enditem|p2a: Jirachi|Shuca Berry|[weaken]
|-damage|p2a: Jirachi|0 fnt
|faint|p2a: Jirachi
|-damage|p1a: Garchomp|71/100|[from] item: Life Orb
|
|upkeep
|
|t:|1726350211
|switch|p2a: Latios|Latios, M|100/100
|turn|6
|
|t:|1726350214
|switch|p1a: Scizor|Scizor, M|100/100
|move|p2a: Latios|Dragon Pulse|p1a: Scizor
|-resisted|p1a: Scizor
|-damage|p1a: Scizor|73/100
|
|-heal|p1a: Scizor|79/100|[from] item: Leftovers
|upkeep
|turn|7
|
|t:|1726350223
|switch|p2a: Garchomp|Garchomp, M|100/100
|move|p1a: Scizor|U-turn|p2a: Garchomp
|-damage|p2a: Garchomp|69/100
|-damage|p1a: Scizor|66/100|[from] ability: Rough Skin|[of] p2a: Garchomp
|
|t:|1726350235
|switch|p1a: Haxorus|Haxorus, F|100/100|[from] U-turn
|-ability|p1a: Haxorus|Mold Breaker
|
|upkeep
|turn|8
|
|t:|1726350243
|move|p1a: Haxorus|Outrage|p2a: Garchomp
|-supereffective|p2a: Garchomp
|-damage|p2a: Garchomp|0 fnt
|-damage|p1a: Haxorus|88/100|[from] ability: Rough Skin|[of] p2a: Garchomp
|faint|p2a: Garchomp
|
|upkeep
|
|t:|1726350250
|switch|p2a: Tyranitar|Tyranitar, F|100/100
|-weather|Sandstorm|[from] ability: Sand Stream|[of] p2a: Tyranitar
|turn|9
|
|t:|1726350252
|move|p1a: Haxorus|Outrage|p2a: Tyranitar|[from]lockedmove
|-crit|p2a: Tyranitar
|-damage|p2a: Tyranitar|0 fnt
|faint|p2a: Tyranitar
|
|-weather|Sandstorm|[upkeep]
|-damage|p1a: Haxorus|82/100|[from] Sandstorm
|upkeep
|
|t:|1726350259
|switch|p2a: Landorus|Landorus-Therian, M|100/100
|-ability|p2a: Landorus|Intimidate|boost
|-unboost|p1a: Haxorus|atk|1
|turn|10
|
|t:|1726350261
|move|p1a: Haxorus|Outrage|p2a: Landorus|[from]lockedmove
|-damage|p2a: Landorus|53/100
|-start|p1a: Haxorus|confusion|[fatigue]
|move|p2a: Landorus|Earthquake|p1a: Haxorus
|-damage|p1a: Haxorus|15/100
|
|-weather|Sandstorm|[upkeep]
|-damage|p1a: Haxorus|9/100|[from] Sandstorm
|upkeep
|turn|11
|
|t:|1726350267
|switch|p1a: Garchomp|Garchomp, F|71/100
|move|p2a: Landorus|Earthquake|p1a: Garchomp
|-damage|p1a: Garchomp|25/100
|
|-weather|Sandstorm|[upkeep]
|upkeep
|turn|12
|
|t:|1726350269
|move|p2a: Landorus|Earthquake|p1a: Garchomp
|-damage|p1a: Garchomp|0 fnt
|faint|p1a: Garchomp
|
|-weather|Sandstorm|[upkeep]
|upkeep
|
|t:|1726350274
|switch|p1a: Kyurem|Kyurem-Black|100/100
|-ability|p1a: Kyurem|Teravolt
|turn|13
|
|t:|1726350282
|move|p2a: Landorus|Earthquake|p1a: Kyurem
|-damage|p1a: Kyurem|54/100
|move|p1a: Kyurem|Dragon Claw|p2a: Landorus
|-damage|p2a: Landorus|0 fnt
|faint|p2a: Landorus
|
|-weather|Sandstorm|[upkeep]
|-damage|p1a: Kyurem|48/100|[from] Sandstorm
|upkeep
|
|t:|1726350296
|switch|p2a: Keldeo|Keldeo|100/100
|turn|14
|
|t:|1726350298
|move|p2a: Keldeo|Secret Sword|p1a: Kyurem
|-supereffective|p1a: Kyurem
|-damage|p1a: Kyurem|0 fnt
|faint|p1a: Kyurem
|
|-weather|Sandstorm|[upkeep]
|-damage|p2a: Keldeo|94/100|[from] Sandstorm
|upkeep
|
|t:|1726350303
|switch|p1a: Scizor|Scizor, M|66/100
|turn|15
|
|t:|1726350308
|move|p1a: Scizor|Bullet Punch|p2a: Keldeo
|-resisted|p2a: Keldeo
|-damage|p2a: Keldeo|79/100
|move|p2a: Keldeo|Secret Sword|p1a: Scizor
|-damage|p1a: Scizor|24/100
|
|-weather|Sandstorm|[upkeep]
|-damage|p2a: Keldeo|73/100|[from] Sandstorm
|-heal|p1a: Scizor|30/100|[from] item: Leftovers
|upkeep
|turn|16
|
|t:|1726350314
|move|p1a: Scizor|Bullet Punch|p2a: Keldeo
|-resisted|p2a: Keldeo
|-crit|p2a: Keldeo
|-damage|p2a: Keldeo|43/100
|move|p2a: Keldeo|Secret Sword|p1a: Scizor
|-damage|p1a: Scizor|0 fnt
|faint|p1a: Scizor
|
|-weather|Sandstorm|[upkeep]
|-damage|p2a: Keldeo|37/100|[from] Sandstorm
|upkeep
|
|t:|1726350315
|switch|p1a: Haxorus|Haxorus, F|9/100
|-ability|p1a: Haxorus|Mold Breaker
|turn|17
|
|t:|1726350322
|move|p2a: Keldeo|Secret Sword|p1a: Haxorus
|-damage|p1a: Haxorus|0 fnt
|faint|p1a: Haxorus
|
|-weather|Sandstorm|[upkeep]
|-damage|p2a: Keldeo|31/100|[from] Sandstorm
|upkeep
|-message|Ddrakos forfeited.
|
|win|MegaStarUniverse
|raw|Ddrakos's rating: 1370 &rarr; <strong>1355</strong><br />(-15 for losing)
|raw|MegaStarUniverse's rating: 1454 &rarr; <strong>1469</strong><br />(+15 for winning)
|l|☆Ddrakos
|player|p1|
