|j|☆CroCoeur
|j|☆bw2ladder
|player|p1|CroCoeur|blue|1346
|player|p2|bw2ladder|170|1326
|teamsize|p1|6
|teamsize|p2|6
|gametype|singles
|gen|5
|tier|[Gen 5] OU
|rated|
|clearpoke
|poke|p1|Politoed, M|item
|poke|p1|Vaporeon, F|item
|poke|p1|Celebi|item
|poke|p1|Ferrothorn, M|item
|poke|p1|Latios, M|item
|poke|p1|Jirachi|item
|poke|p2|Tornadus, M|item
|poke|p2|Politoed, M|item
|poke|p2|Ferrothorn, M|item
|poke|p2|Keldeo|item
|poke|p2|Landorus-Therian, M|item
|poke|p2|Tentacruel, F|item
|rule|Species Clause: Limit one of each Pokémon
|rule|OHKO Clause: OHKO moves are banned
|rule|Moody Clause: Moody is banned
|rule|Evasion Moves Clause: Evasion moves are banned
|rule|Endless Battle Clause: Forcing endless battles is banned
|rule|HP Percentage Mod: HP is shown in percentages
|rule|Evasion Abilities Clause: Evasion abilities are banned
|rule|Baton Pass Clause: Limit one Baton Passer, can't pass Spe and other stats simultaneously
|rule|Sleep Clause: Sleep-inducing moves are banned
|rule|Swagger Clause: Swagger is banned
|teampreview
|inactive|Battle timer is ON: inactive players will automatically lose when time's up. (requested by CroCoeur)
|c|☆bw2ladder|celebi
|
|start
|switch|p1a: Ferrothorn|Ferrothorn, M|100/100
|switch|p2a: Ferrothorn|Ferrothorn, M|100/100
|turn|1
|
|move|p1a: Ferrothorn|Stealth Rock|p2a: Ferrothorn
|-sidestart|p2: bw2ladder|move: Stealth Rock
|move|p2a: Ferrothorn|Spikes|p1a: Ferrothorn
|-sidestart|p1: CroCoeur|Spikes
|
|upkeep
|turn|2
|j| SkipTheDripBayless
|
|move|p1a: Ferrothorn|Spikes|p2a: Ferrothorn
|-sidestart|p2: bw2ladder|Spikes
|move|p2a: Ferrothorn|Spikes|p1a: Ferrothorn
|-sidestart|p1: CroCoeur|Spikes
|
|upkeep
|turn|3
|
|move|p1a: Ferrothorn|Spikes|p2a: Ferrothorn
|-sidestart|p2: bw2ladder|Spikes
|move|p2a: Ferrothorn|Spikes|p1a: Ferrothorn
|-sidestart|p1: CroCoeur|Spikes
|
|upkeep
|turn|4
|
|switch|p2a: Landorus|Landorus-Therian, M|100/100
|-damage|p2a: Landorus|88/100|[from] Stealth Rock
|-ability|p2a: Landorus|Intimidate|boost
|-unboost|p1a: Ferrothorn|atk|1
|move|p1a: Ferrothorn|Spikes|p2a: Landorus
|-sidestart|p2: bw2ladder|Spikes
|
|upkeep
|turn|5
|
|move|p2a: Landorus|Stealth Rock|p1a: Ferrothorn
|-sidestart|p1: CroCoeur|move: Stealth Rock
|move|p1a: Ferrothorn|Leech Seed|p2a: Landorus
|-start|p2a: Landorus|move: Leech Seed
|
|-damage|p2a: Landorus|76/100|[from] Leech Seed|[of] p1a: Ferrothorn
|upkeep
|turn|6
|
|switch|p2a: Ferrothorn|Ferrothorn, M|100/100
|-damage|p2a: Ferrothorn|94/100|[from] Stealth Rock
|-damage|p2a: Ferrothorn|69/100|[from] Spikes
|move|p1a: Ferrothorn|Leech Seed|p2a: Ferrothorn
|-immune|p2a: Ferrothorn
|
|upkeep
|turn|7
|
|move|p1a: Ferrothorn|Leech Seed|p2a: Ferrothorn
|-immune|p2a: Ferrothorn
|move|p2a: Ferrothorn|Leech Seed|p1a: Ferrothorn
|-immune|p1a: Ferrothorn
|
|upkeep
|turn|8
|
|move|p1a: Ferrothorn|Leech Seed|p2a: Ferrothorn
|-immune|p2a: Ferrothorn
|move|p2a: Ferrothorn|Leech Seed|p1a: Ferrothorn
|-immune|p1a: Ferrothorn
|
|upkeep
|turn|9
|
|move|p1a: Ferrothorn|Power Whip|p2a: Ferrothorn
|-resisted|p2a: Ferrothorn
|-damage|p2a: Ferrothorn|65/100
|-damage|p1a: Ferrothorn|88/100|[from] ability: Iron Barbs|[of] p2a: Ferrothorn
|move|p2a: Ferrothorn|Leech Seed|p1a: Ferrothorn
|-immune|p1a: Ferrothorn
|
|-heal|p1a: Ferrothorn|94/100|[from] item: Leftovers
|upkeep
|turn|10
|
|switch|p1a: Celebi|Celebi|100/100
|-damage|p1a: Celebi|75/100|[from] Spikes
|-damage|p1a: Celebi|63/100|[from] Stealth Rock
|move|p2a: Ferrothorn|Leech Seed|p1a: Celebi
|-immune|p1a: Celebi
|
|-heal|p1a: Celebi|69/100|[from] item: Leftovers
|upkeep
|turn|11
|
|switch|p1a: Ferrothorn|Ferrothorn, M|94/100
|-damage|p1a: Ferrothorn|88/100|[from] Stealth Rock
|-damage|p1a: Ferrothorn|63/100|[from] Spikes
|move|p2a: Ferrothorn|Gyro Ball|p1a: Ferrothorn
|-resisted|p1a: Ferrothorn
|-damage|p1a: Ferrothorn|58/100
|-damage|p2a: Ferrothorn|53/100|[from] ability: Iron Barbs|[of] p1a: Ferrothorn
|
|-heal|p1a: Ferrothorn|65/100|[from] item: Leftovers
|upkeep
|turn|12
|
|switch|p2a: Tentacruel|Tentacruel, F|100/100
|-damage|p2a: Tentacruel|88/100|[from] Stealth Rock
|-damage|p2a: Tentacruel|63/100|[from] Spikes
|move|p1a: Ferrothorn|Leech Seed|p2a: Tentacruel
|-start|p2a: Tentacruel|move: Leech Seed
|
|-heal|p2a: Tentacruel|69/100|[from] item: Black Sludge
|-heal|p1a: Ferrothorn|71/100|[from] item: Leftovers
|-damage|p2a: Tentacruel|57/100|[from] Leech Seed|[of] p1a: Ferrothorn
|-heal|p1a: Ferrothorn|84/100|[silent]
|upkeep
|turn|13
|
|move|p2a: Tentacruel|Rapid Spin|p1a: Ferrothorn
|-resisted|p1a: Ferrothorn
|-damage|p1a: Ferrothorn|83/100
|-damage|p2a: Tentacruel|44/100|[from] ability: Iron Barbs|[of] p1a: Ferrothorn
|-end|p2a: Tentacruel|Leech Seed|[from] move: Rapid Spin|[of] p2a: Tentacruel
|-sideend|p2: bw2ladder|Spikes|[from] move: Rapid Spin|[of] p2a: Tentacruel
|-sideend|p2: bw2ladder|Stealth Rock|[from] move: Rapid Spin|[of] p2a: Tentacruel
|move|p1a: Ferrothorn|Spikes|p2a: Tentacruel
|-sidestart|p2: bw2ladder|Spikes
|
|-heal|p2a: Tentacruel|50/100|[from] item: Black Sludge
|-heal|p1a: Ferrothorn|89/100|[from] item: Leftovers
|upkeep
|turn|14
|
|switch|p2a: Keldeo|Keldeo|100/100
|-damage|p2a: Keldeo|88/100|[from] Spikes
|move|p1a: Ferrothorn|Spikes|p2a: Keldeo
|-sidestart|p2: bw2ladder|Spikes
|
|-heal|p1a: Ferrothorn|95/100|[from] item: Leftovers
|upkeep
|turn|15
|inactive|CroCoeur has 120 seconds left.
|
|switch|p1a: Latios|Latios, M|100/100
|-damage|p1a: Latios|88/100|[from] Stealth Rock
|move|p2a: Keldeo|Secret Sword|p1a: Latios
|-resisted|p1a: Latios
|-damage|p1a: Latios|47/100
|
|upkeep
|turn|16
|
|switch|p2a: Politoed|Politoed, M|100/100
|-damage|p2a: Politoed|84/100|[from] Spikes
|-weather|RainDance|[from] ability: Drizzle|[of] p2a: Politoed
|move|p1a: Latios|Psyshock|p2a: Politoed
|-damage|p2a: Politoed|37/100
|
|-weather|RainDance|[upkeep]
|-heal|p2a: Politoed|44/100|[from] item: Leftovers
|upkeep
|turn|17
|
|move|p1a: Latios|Psyshock|p2a: Politoed
|-crit|p2a: Politoed
|-damage|p2a: Politoed|0 fnt
|faint|p2a: Politoed
|
|-weather|RainDance|[upkeep]
|upkeep
|
|switch|p2a: Tornadus|Tornadus, M|100/100
|turn|18
|
|switch|p1a: Ferrothorn|Ferrothorn, M|95/100
|-damage|p1a: Ferrothorn|70/100|[from] Spikes
|-damage|p1a: Ferrothorn|64/100|[from] Stealth Rock
|move|p2a: Tornadus|Hurricane|p1a: Ferrothorn
|-damage|p1a: Ferrothorn|0 fnt
|faint|p1a: Ferrothorn
|
|-weather|RainDance|[upkeep]
|upkeep
|inactive|CroCoeur has 120 seconds left.
|
|switch|p1a: Latios|Latios, M|47/100
|-damage|p1a: Latios|35/100|[from] Stealth Rock
|turn|19
|inactive|bw2ladder has 120 seconds left.
|
|switch|p2a: Landorus|Landorus-Therian, M|76/100
|-ability|p2a: Landorus|Intimidate|boost
|-unboost|p1a: Latios|atk|1
|move|p1a: Latios|Thunder|p2a: Landorus
|-immune|p2a: Landorus
|
|-weather|RainDance|[upkeep]
|upkeep
|turn|20
|inactive|CroCoeur has 120 seconds left.
|
|switch|p1a: Celebi|Celebi|69/100
|-damage|p1a: Celebi|57/100|[from] Stealth Rock
|-damage|p1a: Celebi|32/100|[from] Spikes
|move|p2a: Landorus|U-turn|p1a: Celebi
|-supereffective|p1a: Celebi
|-damage|p1a: Celebi|0 fnt
|faint|p1a: Celebi
|
|switch|p2a: Tornadus|Tornadus, M|100/100|[from]move: U-turn
|
|-weather|RainDance|[upkeep]
|upkeep
|inactive|CroCoeur has 120 seconds left.
|
|switch|p1a: Vaporeon|Vaporeon, F|100/100
|-damage|p1a: Vaporeon|76/100|[from] Spikes
|-damage|p1a: Vaporeon|63/100|[from] Stealth Rock
|turn|21
|
|move|p2a: Tornadus|Hurricane|p1a: Vaporeon
|-damage|p1a: Vaporeon|10/100
|move|p1a: Vaporeon|Rest|p1a: Vaporeon
|-status|p1a: Vaporeon|slp|[from] move: Rest
|-heal|p1a: Vaporeon|100/100 slp|[silent]
|
|-weather|RainDance|[upkeep]
|-activate|p1a: Vaporeon|ability: Hydration
|-curestatus|p1a: Vaporeon|slp|[msg]
|upkeep
|turn|22
|
|move|p2a: Tornadus|Hurricane|p1a: Vaporeon
|-damage|p1a: Vaporeon|50/100
|move|p1a: Vaporeon|Scald|p2a: Tornadus
|-damage|p2a: Tornadus|39/100
|
|-weather|RainDance|[upkeep]
|-heal|p1a: Vaporeon|56/100|[from] item: Leftovers
|upkeep
|turn|23
|
|move|p2a: Tornadus|Hurricane|p1a: Vaporeon
|-damage|p1a: Vaporeon|8/100
|move|p1a: Vaporeon|Rest|p1a: Vaporeon
|-status|p1a: Vaporeon|slp|[from] move: Rest
|-heal|p1a: Vaporeon|100/100 slp|[silent]
|
|-weather|RainDance|[upkeep]
|-activate|p1a: Vaporeon|ability: Hydration
|-curestatus|p1a: Vaporeon|slp|[msg]
|upkeep
|turn|24
|
|switch|p2a: Tentacruel|Tentacruel, F|50/100
|-damage|p2a: Tentacruel|34/100|[from] Spikes
|move|p1a: Vaporeon|Scald|p2a: Tentacruel
|-resisted|p2a: Tentacruel
|-damage|p2a: Tentacruel|20/100
|
|-weather|RainDance|[upkeep]
|-heal|p2a: Tentacruel|26/100|[from] ability: Rain Dish
|-heal|p2a: Tentacruel|32/100|[from] item: Black Sludge
|upkeep
|turn|25
|
|move|p2a: Tentacruel|Rapid Spin|p1a: Vaporeon
|-damage|p1a: Vaporeon|98/100
|-sideend|p2: bw2ladder|Spikes|[from] move: Rapid Spin|[of] p2a: Tentacruel
|move|p1a: Vaporeon|Acid Armor|p1a: Vaporeon
|-boost|p1a: Vaporeon|def|2
|
|-weather|RainDance|[upkeep]
|-heal|p2a: Tentacruel|38/100|[from] ability: Rain Dish
|-heal|p2a: Tentacruel|44/100|[from] item: Black Sludge
|-heal|p1a: Vaporeon|100/100|[from] item: Leftovers
|upkeep
|turn|26
|
|move|p2a: Tentacruel|Protect|p2a: Tentacruel
|-singleturn|p2a: Tentacruel|Protect
|move|p1a: Vaporeon|Acid Armor|p1a: Vaporeon
|-boost|p1a: Vaporeon|def|2
|
|-weather|RainDance|[upkeep]
|-heal|p2a: Tentacruel|50/100|[from] ability: Rain Dish
|-heal|p2a: Tentacruel|56/100|[from] item: Black Sludge
|upkeep
|turn|27
|
|switch|p2a: Ferrothorn|Ferrothorn, M|53/100
|move|p1a: Vaporeon|Scald|p2a: Ferrothorn
|-resisted|p2a: Ferrothorn
|-damage|p2a: Ferrothorn|34/100
|
|-weather|RainDance|[upkeep]
|upkeep
|turn|28
|
|move|p1a: Vaporeon|Scald|p2a: Ferrothorn
|-resisted|p2a: Ferrothorn
|-damage|p2a: Ferrothorn|17/100
|-status|p2a: Ferrothorn|brn
|move|p2a: Ferrothorn|Leech Seed|p1a: Vaporeon
|-start|p1a: Vaporeon|move: Leech Seed
|
|-weather|RainDance|[upkeep]
|-damage|p1a: Vaporeon|88/100|[from] Leech Seed|[of] p2a: Ferrothorn
|-heal|p2a: Ferrothorn|33/100 brn|[silent]
|-damage|p2a: Ferrothorn|21/100 brn|[from] brn
|upkeep
|turn|29
|
|switch|p2a: Keldeo|Keldeo|88/100
|move|p1a: Vaporeon|Scald|p2a: Keldeo
|-resisted|p2a: Keldeo
|-damage|p2a: Keldeo|61/100
|-status|p2a: Keldeo|brn
|
|-weather|RainDance|[upkeep]
|-heal|p1a: Vaporeon|94/100|[from] item: Leftovers
|-damage|p1a: Vaporeon|82/100|[from] Leech Seed|[of] p2a: Keldeo
|-heal|p2a: Keldeo|78/100 brn|[silent]
|-damage|p2a: Keldeo|66/100 brn|[from] brn
|upkeep
|turn|30
|
|move|p2a: Keldeo|Hydro Pump|p1a: Vaporeon
|-resisted|p1a: Vaporeon
|-damage|p1a: Vaporeon|46/100
|move|p1a: Vaporeon|Scald|p2a: Keldeo
|-resisted|p2a: Keldeo
|-damage|p2a: Keldeo|40/100 brn
|
|-weather|RainDance|[upkeep]
|-heal|p1a: Vaporeon|52/100|[from] item: Leftovers
|-damage|p1a: Vaporeon|40/100|[from] Leech Seed|[of] p2a: Keldeo
|-heal|p2a: Keldeo|57/100 brn|[silent]
|-damage|p2a: Keldeo|45/100 brn|[from] brn
|upkeep
|turn|31
|
|switch|p2a: Tentacruel|Tentacruel, F|56/100
|move|p1a: Vaporeon|Rest|p1a: Vaporeon
|-status|p1a: Vaporeon|slp|[from] move: Rest
|-heal|p1a: Vaporeon|100/100 slp|[silent]
|
|-weather|RainDance|[upkeep]
|-heal|p2a: Tentacruel|62/100|[from] ability: Rain Dish
|-heal|p2a: Tentacruel|68/100|[from] item: Black Sludge
|-activate|p1a: Vaporeon|ability: Hydration
|-curestatus|p1a: Vaporeon|slp|[msg]
|-damage|p1a: Vaporeon|88/100|[from] Leech Seed|[of] p2a: Tentacruel
|-heal|p2a: Tentacruel|84/100|[silent]
|upkeep
|turn|32
|
|move|p2a: Tentacruel|Protect|p2a: Tentacruel
|-singleturn|p2a: Tentacruel|Protect
|move|p1a: Vaporeon|Acid Armor|p1a: Vaporeon
|-boost|p1a: Vaporeon|def|2
|
|-weather|RainDance|[upkeep]
|-heal|p2a: Tentacruel|90/100|[from] ability: Rain Dish
|-heal|p2a: Tentacruel|96/100|[from] item: Black Sludge
|-heal|p1a: Vaporeon|94/100|[from] item: Leftovers
|-damage|p1a: Vaporeon|82/100|[from] Leech Seed|[of] p2a: Tentacruel
|-heal|p2a: Tentacruel|100/100|[silent]
|upkeep
|turn|33
|j| TierAcid
|
|move|p2a: Tentacruel|Scald|p1a: Vaporeon
|-resisted|p1a: Vaporeon
|-damage|p1a: Vaporeon|72/100
|-status|p1a: Vaporeon|brn
|move|p1a: Vaporeon|Scald|p2a: Tentacruel
|-resisted|p2a: Tentacruel
|-damage|p2a: Tentacruel|86/100
|
|-weather|RainDance|[upkeep]
|-heal|p2a: Tentacruel|92/100|[from] ability: Rain Dish
|-heal|p2a: Tentacruel|98/100|[from] item: Black Sludge
|-activate|p1a: Vaporeon|ability: Hydration
|-curestatus|p1a: Vaporeon|brn|[msg]
|-heal|p1a: Vaporeon|78/100|[from] item: Leftovers
|-damage|p1a: Vaporeon|66/100|[from] Leech Seed|[of] p2a: Tentacruel
|-heal|p2a: Tentacruel|100/100|[silent]
|upkeep
|turn|34
|
|move|p2a: Tentacruel|Scald|p1a: Vaporeon
|-resisted|p1a: Vaporeon
|-damage|p1a: Vaporeon|56/100
|move|p1a: Vaporeon|Scald|p2a: Tentacruel
|-resisted|p2a: Tentacruel
|-damage|p2a: Tentacruel|85/100
|
|-weather|RainDance|[upkeep]
|-heal|p2a: Tentacruel|91/100|[from] ability: Rain Dish
|-heal|p2a: Tentacruel|97/100|[from] item: Black Sludge
|-heal|p1a: Vaporeon|62/100|[from] item: Leftovers
|-damage|p1a: Vaporeon|50/100|[from] Leech Seed|[of] p2a: Tentacruel
|-heal|p2a: Tentacruel|100/100|[silent]
|upkeep
|turn|35
|
|switch|p2a: Ferrothorn|Ferrothorn, M|21/100 brn
|move|p1a: Vaporeon|Scald|p2a: Ferrothorn
|-resisted|p2a: Ferrothorn
|-damage|p2a: Ferrothorn|3/100 brn
|
|-weather|RainDance|[upkeep]
|-heal|p1a: Vaporeon|56/100|[from] item: Leftovers
|-damage|p1a: Vaporeon|44/100|[from] Leech Seed|[of] p2a: Ferrothorn
|-heal|p2a: Ferrothorn|19/100 brn|[silent]
|-damage|p2a: Ferrothorn|7/100 brn|[from] brn
|upkeep
|turn|36
|
|switch|p2a: Tentacruel|Tentacruel, F|100/100
|move|p1a: Vaporeon|Scald|p2a: Tentacruel
|-resisted|p2a: Tentacruel
|-damage|p2a: Tentacruel|86/100
|-status|p2a: Tentacruel|brn
|
|-weather|RainDance|[upkeep]
|-heal|p2a: Tentacruel|92/100 brn|[from] ability: Rain Dish
|-heal|p2a: Tentacruel|98/100 brn|[from] item: Black Sludge
|-heal|p1a: Vaporeon|50/100|[from] item: Leftovers
|-damage|p1a: Vaporeon|37/100|[from] Leech Seed|[of] p2a: Tentacruel
|-heal|p2a: Tentacruel|100/100 brn|[silent]
|-damage|p2a: Tentacruel|88/100 brn|[from] brn
|upkeep
|turn|37
|
|move|p2a: Tentacruel|Scald|p1a: Vaporeon
|-resisted|p1a: Vaporeon
|-damage|p1a: Vaporeon|27/100
|move|p1a: Vaporeon|Rest|p1a: Vaporeon
|-status|p1a: Vaporeon|slp|[from] move: Rest
|-heal|p1a: Vaporeon|100/100 slp|[silent]
|
|-weather|RainDance|[upkeep]
|-heal|p2a: Tentacruel|94/100 brn|[from] ability: Rain Dish
|-heal|p2a: Tentacruel|99/100 brn|[from] item: Black Sludge
|-activate|p1a: Vaporeon|ability: Hydration
|-curestatus|p1a: Vaporeon|slp|[msg]
|-damage|p1a: Vaporeon|88/100|[from] Leech Seed|[of] p2a: Tentacruel
|-heal|p2a: Tentacruel|100/100 brn|[silent]
|-damage|p2a: Tentacruel|88/100 brn|[from] brn
|upkeep
|turn|38
|
|switch|p1a: Politoed|Politoed, M|100/100
|-damage|p1a: Politoed|76/100|[from] Spikes
|-damage|p1a: Politoed|63/100|[from] Stealth Rock
|move|p2a: Tentacruel|Scald|p1a: Politoed
|-resisted|p1a: Politoed
|-damage|p1a: Politoed|43/100
|
|-weather|RainDance|[upkeep]
|-heal|p2a: Tentacruel|94/100 brn|[from] ability: Rain Dish
|-heal|p2a: Tentacruel|99/100 brn|[from] item: Black Sludge
|-damage|p2a: Tentacruel|88/100 brn|[from] brn
|upkeep
|turn|39
|inactive|CroCoeur has 120 seconds left.
|
|move|p1a: Politoed|Ice Beam|p2a: Tentacruel
|-resisted|p2a: Tentacruel
|-damage|p2a: Tentacruel|79/100 brn
|move|p2a: Tentacruel|Scald|p1a: Politoed
|-resisted|p1a: Politoed
|-crit|p1a: Politoed
|-damage|p1a: Politoed|5/100
|
|-weather|RainDance|[upkeep]
|-heal|p2a: Tentacruel|85/100 brn|[from] ability: Rain Dish
|-heal|p2a: Tentacruel|91/100 brn|[from] item: Black Sludge
|-damage|p2a: Tentacruel|79/100 brn|[from] brn
|upkeep
|turn|40
|
|move|p1a: Politoed|Ice Beam|p2a: Tentacruel
|-resisted|p2a: Tentacruel
|-damage|p2a: Tentacruel|69/100 brn
|move|p2a: Tentacruel|Scald|p1a: Politoed
|-resisted|p1a: Politoed
|-damage|p1a: Politoed|0 fnt
|faint|p1a: Politoed
|
|-weather|RainDance|[upkeep]
|-heal|p2a: Tentacruel|75/100 brn|[from] ability: Rain Dish
|-heal|p2a: Tentacruel|82/100 brn|[from] item: Black Sludge
|-damage|p2a: Tentacruel|69/100 brn|[from] brn
|upkeep
|
|switch|p1a: Vaporeon|Vaporeon, F|88/100
|-damage|p1a: Vaporeon|63/100|[from] Spikes
|-damage|p1a: Vaporeon|51/100|[from] Stealth Rock
|turn|41
|
|move|p2a: Tentacruel|Scald|p1a: Vaporeon
|-resisted|p1a: Vaporeon
|-crit|p1a: Vaporeon
|-damage|p1a: Vaporeon|30/100
|move|p1a: Vaporeon|Acid Armor|p1a: Vaporeon
|-boost|p1a: Vaporeon|def|2
|
|-weather|RainDance|[upkeep]
|-heal|p2a: Tentacruel|75/100 brn|[from] ability: Rain Dish
|-heal|p2a: Tentacruel|81/100 brn|[from] item: Black Sludge
|-heal|p1a: Vaporeon|36/100|[from] item: Leftovers
|-damage|p2a: Tentacruel|69/100 brn|[from] brn
|upkeep
|turn|42
|
|move|p2a: Tentacruel|Rapid Spin|p1a: Vaporeon
|-damage|p1a: Vaporeon|35/100
|move|p1a: Vaporeon|Rest|p1a: Vaporeon
|-status|p1a: Vaporeon|slp|[from] move: Rest
|-heal|p1a: Vaporeon|100/100 slp|[silent]
|
|-weather|RainDance|[upkeep]
|-heal|p2a: Tentacruel|75/100 brn|[from] ability: Rain Dish
|-heal|p2a: Tentacruel|81/100 brn|[from] item: Black Sludge
|-activate|p1a: Vaporeon|ability: Hydration
|-curestatus|p1a: Vaporeon|slp|[msg]
|-damage|p2a: Tentacruel|69/100 brn|[from] brn
|upkeep
|turn|43
|
|move|p2a: Tentacruel|Scald|p1a: Vaporeon
|-resisted|p1a: Vaporeon
|-damage|p1a: Vaporeon|91/100
|-status|p1a: Vaporeon|brn
|move|p1a: Vaporeon|Acid Armor|p1a: Vaporeon
|-boost|p1a: Vaporeon|def|2
|
|-weather|RainDance|[upkeep]
|-heal|p2a: Tentacruel|75/100 brn|[from] ability: Rain Dish
|-heal|p2a: Tentacruel|81/100 brn|[from] item: Black Sludge
|-activate|p1a: Vaporeon|ability: Hydration
|-curestatus|p1a: Vaporeon|brn|[msg]
|-heal|p1a: Vaporeon|97/100|[from] item: Leftovers
|-damage|p2a: Tentacruel|68/100 brn|[from] brn
|upkeep
|turn|44
|
|move|p2a: Tentacruel|Protect|p2a: Tentacruel
|-singleturn|p2a: Tentacruel|Protect
|move|p1a: Vaporeon|Acid Armor|p1a: Vaporeon
|-boost|p1a: Vaporeon|def|2
|
|-weather|RainDance|[upkeep]
|-heal|p2a: Tentacruel|74/100 brn|[from] ability: Rain Dish
|-heal|p2a: Tentacruel|80/100 brn|[from] item: Black Sludge
|-heal|p1a: Vaporeon|100/100|[from] item: Leftovers
|-damage|p2a: Tentacruel|68/100 brn|[from] brn
|upkeep
|turn|45
|
|move|p2a: Tentacruel|Protect|p2a: Tentacruel
|-singleturn|p2a: Tentacruel|Protect
|move|p1a: Vaporeon|Scald|p2a: Tentacruel
|-activate|p2a: Tentacruel|move: Protect
|
|-weather|RainDance|[upkeep]
|-heal|p2a: Tentacruel|74/100 brn|[from] ability: Rain Dish
|-heal|p2a: Tentacruel|80/100 brn|[from] item: Black Sludge
|-damage|p2a: Tentacruel|68/100 brn|[from] brn
|upkeep
|turn|46
|
|move|p2a: Tentacruel|Scald|p1a: Vaporeon
|-resisted|p1a: Vaporeon
|-damage|p1a: Vaporeon|91/100
|move|p1a: Vaporeon|Scald|p2a: Tentacruel
|-resisted|p2a: Tentacruel
|-damage|p2a: Tentacruel|53/100 brn
|
|-weather|RainDance|[upkeep]
|-heal|p2a: Tentacruel|59/100 brn|[from] ability: Rain Dish
|-heal|p2a: Tentacruel|65/100 brn|[from] item: Black Sludge
|-heal|p1a: Vaporeon|97/100|[from] item: Leftovers
|-damage|p2a: Tentacruel|53/100 brn|[from] brn
|upkeep
|turn|47
|inactive|CroCoeur has 120 seconds left.
|
|move|p2a: Tentacruel|Scald|p1a: Vaporeon
|-resisted|p1a: Vaporeon
|-damage|p1a: Vaporeon|86/100
|move|p1a: Vaporeon|Acid Armor|p1a: Vaporeon
|-boost|p1a: Vaporeon|def|0
|
|-weather|RainDance|[upkeep]
|-heal|p2a: Tentacruel|59/100 brn|[from] ability: Rain Dish
|-heal|p2a: Tentacruel|65/100 brn|[from] item: Black Sludge
|-heal|p1a: Vaporeon|92/100|[from] item: Leftovers
|-damage|p2a: Tentacruel|52/100 brn|[from] brn
|upkeep
|turn|48
|inactive|CroCoeur has 120 seconds left.
|
|move|p2a: Tentacruel|Protect|p2a: Tentacruel
|-singleturn|p2a: Tentacruel|Protect
|move|p1a: Vaporeon|Acid Armor|p1a: Vaporeon
|-boost|p1a: Vaporeon|def|0
|
|-weather|RainDance|[upkeep]
|-heal|p2a: Tentacruel|58/100 brn|[from] ability: Rain Dish
|-heal|p2a: Tentacruel|65/100 brn|[from] item: Black Sludge
|-heal|p1a: Vaporeon|98/100|[from] item: Leftovers
|-damage|p2a: Tentacruel|52/100 brn|[from] brn
|upkeep
|turn|49
|inactive|CroCoeur has 120 seconds left.
|
|move|p2a: Tentacruel|Protect||[still]
|-fail|p2a: Tentacruel
|move|p1a: Vaporeon|Scald|p2a: Tentacruel
|-resisted|p2a: Tentacruel
|-damage|p2a: Tentacruel|37/100 brn
|
|-weather|RainDance|[upkeep]
|-heal|p2a: Tentacruel|43/100 brn|[from] ability: Rain Dish
|-heal|p2a: Tentacruel|49/100 brn|[from] item: Black Sludge
|-heal|p1a: Vaporeon|100/100|[from] item: Leftovers
|-damage|p2a: Tentacruel|37/100 brn|[from] brn
|upkeep
|turn|50
|inactive|CroCoeur has 120 seconds left.
|
|move|p2a: Tentacruel|Protect|p2a: Tentacruel
|-singleturn|p2a: Tentacruel|Protect
|move|p1a: Vaporeon|Acid Armor|p1a: Vaporeon
|-boost|p1a: Vaporeon|def|0
|
|-weather|RainDance|[upkeep]
|-heal|p2a: Tentacruel|43/100 brn|[from] ability: Rain Dish
|-heal|p2a: Tentacruel|49/100 brn|[from] item: Black Sludge
|-damage|p2a: Tentacruel|37/100 brn|[from] brn
|upkeep
|turn|51
|
|move|p2a: Tentacruel|Protect|p2a: Tentacruel
|-singleturn|p2a: Tentacruel|Protect
|move|p1a: Vaporeon|Scald|p2a: Tentacruel
|-activate|p2a: Tentacruel|move: Protect
|
|-weather|RainDance|[upkeep]
|-heal|p2a: Tentacruel|43/100 brn|[from] ability: Rain Dish
|-heal|p2a: Tentacruel|49/100 brn|[from] item: Black Sludge
|-damage|p2a: Tentacruel|36/100 brn|[from] brn
|upkeep
|turn|52
|
|switch|p2a: Ferrothorn|Ferrothorn, M|7/100 brn
|move|p1a: Vaporeon|Scald|p2a: Ferrothorn
|-resisted|p2a: Ferrothorn
|-damage|p2a: Ferrothorn|0 fnt
|faint|p2a: Ferrothorn
|
|-weather|RainDance|[upkeep]
|upkeep
|
|switch|p2a: Tornadus|Tornadus, M|39/100
|turn|53
|
|move|p2a: Tornadus|Hurricane|p1a: Vaporeon
|-damage|p1a: Vaporeon|52/100
|move|p1a: Vaporeon|Scald|p2a: Tornadus
|-damage|p2a: Tornadus|0 fnt
|faint|p2a: Tornadus
|
|-weather|RainDance|[upkeep]
|-heal|p1a: Vaporeon|58/100|[from] item: Leftovers
|upkeep
|
|switch|p2a: Keldeo|Keldeo|45/100 brn
|turn|54
|
|move|p2a: Keldeo|Secret Sword|p1a: Vaporeon
|-damage|p1a: Vaporeon|39/100
|move|p1a: Vaporeon|Rest|p1a: Vaporeon
|-status|p1a: Vaporeon|slp|[from] move: Rest
|-heal|p1a: Vaporeon|100/100 slp|[silent]
|
|-weather|RainDance|[upkeep]
|-activate|p1a: Vaporeon|ability: Hydration
|-curestatus|p1a: Vaporeon|slp|[msg]
|-damage|p2a: Keldeo|32/100 brn|[from] brn
|upkeep
|turn|55
|
|move|p2a: Keldeo|Secret Sword|p1a: Vaporeon
|-damage|p1a: Vaporeon|83/100
|move|p1a: Vaporeon|Scald|p2a: Keldeo
|-resisted|p2a: Keldeo
|-damage|p2a: Keldeo|6/100 brn
|
|-weather|RainDance|[upkeep]
|-heal|p1a: Vaporeon|89/100|[from] item: Leftovers
|-damage|p2a: Keldeo|0 fnt|[from] brn
|faint|p2a: Keldeo
|upkeep
|-message|bw2ladder forfeited.
|
|win|CroCoeur
|l|☆bw2ladder
|raw|CroCoeur's rating: 1346 &rarr; <strong>1365</strong><br />(+19 for winning)
|raw|bw2ladder's rating: 1326 &rarr; <strong>1307</strong><br />(-19 for losing)
|l| SkipTheDripBayless
