|j|☆M.I.A XXXO
|j|☆refsunpersons
|player|p1|M.I.A XXXO|149
|player|p2|refsunpersons|15
|teamsize|p1|6
|teamsize|p2|6
|gametype|singles
|gen|5
|tier|[Gen 5] OU
|rated|
|rule|Sleep Clause Mod: Limit one foe put to sleep
|rule|Species Clause: Limit one of each Pokémon
|rule|OHKO Clause: OHKO moves are banned
|rule|Moody Clause: Moody is banned
|rule|Evasion Moves Clause: Evasion moves are banned
|rule|Endless Battle Clause: Forcing endless battles is banned
|rule|HP Percentage Mod: HP is shown in percentages
|rule|Evasion Abilities Clause: Evasion abilities are banned
|rule|Baton Pass Clause: Limit one Baton Passer, can't pass Spe and other stats simultaneously
|rule|Swagger Clause: Swagger is banned
|clearpoke
|poke|p1|Terrakion|item
|poke|p1|Garchomp, F|item
|poke|p1|Latios, M|item
|poke|p1|Skarmory, M|item
|poke|p1|Rotom-Wash|item
|poke|p1|Tyranitar, M|item
|poke|p2|Latios, M|item
|poke|p2|Diglett, F|item
|poke|p2|Xatu, F|item
|poke|p2|Politoed, M|item
|poke|p2|Tornadus, M|item
|poke|p2|Scizor, F|item
|teampreview
|c|☆refsunpersons|gl hf
|c|☆M.I.A XXXO|gl hf
|
|start
|switch|p1a: Rotom|Rotom-Wash|100/100
|switch|p2a: Tornadus|Tornadus, M|100/100
|turn|1
|
|switch|p2a: Diglett|Diglett, F|100/100
|move|p1a: Rotom|Will-O-Wisp|p2a: Diglett
|-status|p2a: Diglett|brn
|
|-damage|p2a: Diglett|89/100 brn|[from] brn
|upkeep
|turn|2
|
|move|p2a: Diglett|Stealth Rock|p1a: Rotom
|-sidestart|p1: M.I.A XXXO|move: Stealth Rock
|move|p1a: Rotom|Hydro Pump|p2a: Diglett
|-supereffective|p2a: Diglett
|-damage|p2a: Diglett|0 brn
|faint|p2a: Diglett
|
|upkeep
|
|switch|p2a: Latios|Latios, M|100/100
|turn|3
|
|switch|p1a: Skarmory|Skarmory, M|100/100
|-damage|p1a: Skarmory|88/100|[from] Stealth Rock
|move|p2a: Latios|Hidden Power|p1a: Skarmory
|-damage|p1a: Skarmory|53/100
|-damage|p2a: Latios|91/100|[from] item: Life Orb
|
|upkeep
|turn|4
|
|move|p2a: Latios|Thunder|p1a: Skarmory
|-supereffective|p1a: Skarmory
|-damage|p1a: Skarmory|0
|-damage|p2a: Latios|81/100|[from] item: Life Orb
|faint|p1a: Skarmory
|
|upkeep
|
|switch|p1a: Tyranitar|Tyranitar, M|100/100
|-damage|p1a: Tyranitar|88/100|[from] Stealth Rock
|-weather|Sandstorm|[from] ability: Sand Stream|[of] p1a: Tyranitar
|turn|5
|
|-activate|p2a: Latios|move: Pursuit
|move|p1a: Tyranitar|Pursuit|p2a: Latios|[from]Pursuit
|-supereffective|p2a: Latios
|-damage|p2a: Latios|0
|faint|p2a: Latios
|
|-weather|Sandstorm|[upkeep]
|upkeep
|
|switch|p2a: Scizor|Scizor, F|100/100
|turn|6
|
|move|p1a: Tyranitar|Fire Blast|p2a: Scizor
|-supereffective|p2a: Scizor
|-damage|p2a: Scizor|10/100
|move|p2a: Scizor|Bug Bite|p1a: Tyranitar
|-supereffective|p1a: Tyranitar
|-damage|p1a: Tyranitar|21/100
|-enditem|p1a: Tyranitar|Chople Berry|[from] stealeat|[move] Bug Bite|[of] p2a: Scizor
|
|-weather|Sandstorm|[upkeep]
|-heal|p2a: Scizor|16/100|[from] item: Leftovers
|upkeep
|turn|7
|
|switch|p1a: Rotom|Rotom-Wash|100/100
|-damage|p1a: Rotom|88/100|[from] Stealth Rock
|move|p2a: Scizor|Roost|p2a: Scizor
|-heal|p2a: Scizor|66/100
|
|-weather|Sandstorm|[upkeep]
|-damage|p1a: Rotom|82/100|[from] Sandstorm
|-heal|p1a: Rotom|88/100|[from] item: Leftovers
|-heal|p2a: Scizor|72/100|[from] item: Leftovers
|upkeep
|turn|8
|
|switch|p2a: Xatu|Xatu, F|100/100
|move|p1a: Rotom|Will-O-Wisp|p2a: Xatu
|move|p2a: Xatu|Will-O-Wisp|p1a: Rotom|[from]Magic Bounce
|-status|p1a: Rotom|brn
|
|-weather|Sandstorm|[upkeep]
|-damage|p2a: Xatu|94/100|[from] Sandstorm
|-damage|p1a: Rotom|82/100 brn|[from] Sandstorm
|-heal|p1a: Rotom|88/100 brn|[from] item: Leftovers
|-damage|p1a: Rotom|76/100 brn|[from] brn
|upkeep
|turn|9
|
|move|p2a: Xatu|U-turn|p1a: Rotom
|-damage|p1a: Rotom|62/100 brn
|
|switch|p2a: Politoed|Politoed, M|100/100
|-weather|RainDance|[from] ability: Drizzle|[of] p2a: Politoed
|move|p1a: Rotom|Volt Switch|p2a: Politoed
|-supereffective|p2a: Politoed
|-damage|p2a: Politoed|48/100
|
|switch|p1a: Latios|Latios, M|100/100
|-damage|p1a: Latios|88/100|[from] Stealth Rock
|
|-weather|RainDance|[upkeep]
|upkeep
|turn|10
|
|move|p1a: Latios|Surf|p2a: Politoed
|-resisted|p2a: Politoed
|-damage|p2a: Politoed|15/100
|move|p2a: Politoed|Ice Beam|p1a: Latios
|-supereffective|p1a: Latios
|-damage|p1a: Latios|26/100
|
|-weather|RainDance|[upkeep]
|upkeep
|turn|11
|
|move|p1a: Latios|Surf|p2a: Politoed
|-resisted|p2a: Politoed
|-damage|p2a: Politoed|0
|faint|p2a: Politoed
|
|-weather|RainDance|[upkeep]
|upkeep
|
|switch|p2a: Scizor|Scizor, F|72/100
|turn|12
|
|move|p2a: Scizor|Bullet Punch|p1a: Latios
|-damage|p1a: Latios|0
|faint|p1a: Latios
|
|-weather|RainDance|[upkeep]
|-heal|p2a: Scizor|78/100|[from] item: Leftovers
|upkeep
|
|switch|p1a: Rotom|Rotom-Wash|62/100 brn
|-damage|p1a: Rotom|49/100 brn|[from] Stealth Rock
|turn|13
|
|switch|p2a: Xatu|Xatu, F|94/100
|move|p1a: Rotom|Pain Split|p2a: Xatu
|-sethp|p2a: Xatu|70/100|p1a: Rotom|74/100 brn|[from] move: Pain Split
|
|-weather|RainDance|[upkeep]
|-heal|p1a: Rotom|80/100 brn|[from] item: Leftovers
|-damage|p1a: Rotom|68/100 brn|[from] brn
|upkeep
|turn|14
|
|switch|p1a: Tyranitar|Tyranitar, M|21/100
|-damage|p1a: Tyranitar|9/100|[from] Stealth Rock
|-weather|Sandstorm|[from] ability: Sand Stream|[of] p1a: Tyranitar
|move|p2a: Xatu|Night Shade|p1a: Tyranitar
|-damage|p1a: Tyranitar|0
|faint|p1a: Tyranitar
|
|-weather|Sandstorm|[upkeep]
|-damage|p2a: Xatu|64/100|[from] Sandstorm
|upkeep
|
|switch|p1a: Terrakion|Terrakion|100/100
|-damage|p1a: Terrakion|94/100|[from] Stealth Rock
|turn|15
|
|move|p1a: Terrakion|Stone Edge|p2a: Xatu|[miss]
|-miss|p1a: Terrakion|p2a: Xatu
|move|p2a: Xatu|U-turn|p1a: Terrakion
|-resisted|p1a: Terrakion
|-damage|p1a: Terrakion|87/100
|c|☆refsunpersons|sorry
|
|switch|p2a: Tornadus|Tornadus, M|100/100
|
|-weather|Sandstorm|[upkeep]
|-damage|p2a: Tornadus|94/100|[from] Sandstorm
|upkeep
|turn|16
|
|move|p2a: Tornadus|Hurricane|p1a: Terrakion|[miss]
|-miss|p2a: Tornadus|p1a: Terrakion
|move|p1a: Terrakion|Stone Edge|p2a: Tornadus
|-supereffective|p2a: Tornadus
|-damage|p2a: Tornadus|0
|faint|p2a: Tornadus
|
|-weather|Sandstorm|[upkeep]
|upkeep
|
|switch|p2a: Scizor|Scizor, F|78/100
|turn|17
|
|move|p1a: Terrakion|Stone Edge|p2a: Scizor|[miss]
|-miss|p1a: Terrakion|p2a: Scizor
|move|p2a: Scizor|Swords Dance|p2a: Scizor
|-boost|p2a: Scizor|atk|2
|
|-weather|Sandstorm|[upkeep]
|-heal|p2a: Scizor|84/100|[from] item: Leftovers
|upkeep
|turn|18
|c|☆M.I.A XXXO|omg
|
|move|p2a: Scizor|Bullet Punch|p1a: Terrakion
|-supereffective|p1a: Terrakion
|-damage|p1a: Terrakion|0
|faint|p1a: Terrakion
|
|-weather|Sandstorm|[upkeep]
|-heal|p2a: Scizor|90/100|[from] item: Leftovers
|upkeep
|
|switch|p1a: Rotom|Rotom-Wash|68/100 brn
|-damage|p1a: Rotom|56/100 brn|[from] Stealth Rock
|turn|19
|
|move|p1a: Rotom|Will-O-Wisp|p2a: Scizor|[miss]
|-miss|p1a: Rotom|p2a: Scizor
|move|p2a: Scizor|Bug Bite|p1a: Rotom
|-damage|p1a: Rotom|0 brn
|faint|p1a: Rotom
|
|-weather|Sandstorm|[upkeep]
|-heal|p2a: Scizor|96/100|[from] item: Leftovers
|upkeep
|c|☆M.I.A XXXO|fuck
|
|switch|p1a: Garchomp|Garchomp, F|100/100
|-damage|p1a: Garchomp|94/100|[from] Stealth Rock
|turn|20
|c|☆refsunpersons|pokemon is the game of satan
|
|move|p2a: Scizor|Bullet Punch|p1a: Garchomp
|-damage|p1a: Garchomp|36/100
|-damage|p2a: Scizor|84/100|[from] ability: Rough Skin|[of] p1a: Garchomp
|move|p1a: Garchomp|Fire Blast|p2a: Scizor
|-supereffective|p2a: Scizor
|-damage|p2a: Scizor|3/100
|
|-weather|Sandstorm|[upkeep]
|-heal|p2a: Scizor|9/100|[from] item: Leftovers
|upkeep
|turn|21
|
|move|p2a: Scizor|Bullet Punch|p1a: Garchomp
|-damage|p1a: Garchomp|0
|-damage|p2a: Scizor|0|[from] ability: Rough Skin|[of] p1a: Garchomp
|faint|p2a: Scizor
|-formechange|p2a: Scizor|Scizor||[from] ability: Rough Skin
|faint|p1a: Garchomp
|-formechange|p1a: Garchomp|Garchomp||[from] ability: Rough Skin
|
|win|refsunpersons
|c|☆M.I.A XXXO|BG
|c|☆refsunpersons|sorry
|raw|M.I.A XXXO's rating: 1535 &rarr; <strong>1505</strong><br />(-30 for losing)
|raw|refsunpersons's rating: 1355 &rarr; <strong>1384</strong><br />(+29 for winning)
