|j|☆Weekend Wars
|j|☆Cry_A7X
|player|p1|Weekend Wars|149
|player|p2|Cry_A7X|290
|teamsize|p1|6
|teamsize|p2|6
|gametype|singles
|gen|5
|tier|[Gen 5] OU
|rated|
|rule|Sleep Clause Mod: Limit one foe put to sleep
|rule|Species Clause: Limit one of each Pokémon
|rule|OHKO Clause: OHKO moves are banned
|rule|Moody Clause: Moody is banned
|rule|Evasion Moves Clause: Evasion moves are banned
|rule|Endless Battle Clause: Forcing endless battles is banned
|rule|HP Percentage Mod: HP is shown in percentages
|rule|Evasion Abilities Clause: Evasion abilities are banned
|rule|Baton Pass Clause: Limit one Baton Passer, can't pass Spe and other stats simultaneously
|rule|Swagger Clause: Swagger is banned
|clearpoke
|poke|p1|Politoed, F|item
|poke|p1|Skarmory, M|item
|poke|p1|Chansey, F|item
|poke|p1|Tentacruel, M|item
|poke|p1|Gastrodon-East, M|item
|poke|p1|Mew|item
|poke|p2|Politoed, M|item
|poke|p2|Tentacruel, F|item
|poke|p2|Thundurus-Therian, M|item
|poke|p2|Moltres|item
|poke|p2|Ferrothorn, M|item
|poke|p2|Mamoswine, M|item
|teampreview
|c|☆Weekend Wars|oh no
|inactive|Battle timer is ON: inactive players will automatically lose when time's up. (requested by Cry_A7X)
|c|☆Weekend Wars|now is the fight for me assume the top 1 :(
|
|start
|switch|p1a: Mew|Mew|100/100
|switch|p2a: Ferrothorn|Ferrothorn, M|100/100
|turn|1
|c|☆Cry_A7X|again
|c|☆Cry_A7X|lol
|
|move|p1a: Mew|Taunt|p2a: Ferrothorn
|-start|p2a: Ferrothorn|move: Taunt
|move|p2a: Ferrothorn|Gyro Ball|p1a: Mew
|-damage|p1a: Mew|65/100
|
|-heal|p1a: Mew|72/100|[from] item: Leftovers
|upkeep
|turn|2
|
|switch|p2a: Moltres|Moltres|100/100
|-ability|p2a: Moltres|Pressure
|move|p1a: Mew|Will-O-Wisp|p2a: Moltres|[miss]
|-miss|p1a: Mew|p2a: Moltres
|
|-heal|p1a: Mew|78/100|[from] item: Leftovers
|upkeep
|turn|3
|
|switch|p1a: Chansey|Chansey, F|100/100
|move|p2a: Moltres|U-turn|p1a: Chansey
|-crit|p1a: Chansey
|-damage|p1a: Chansey|82/100
|c|☆Weekend Wars|wow
|
|switch|p2a: Mamoswine|Mamoswine, M|100/100
|
|upkeep
|turn|4
|
|switch|p1a: Politoed|Politoed, F|100/100
|-weather|RainDance|[from] ability: Drizzle|[of] p1a: Politoed
|move|p2a: Mamoswine|Superpower|p1a: Politoed
|-damage|p1a: Politoed|59/100
|-unboost|p2a: Mamoswine|atk|1
|-unboost|p2a: Mamoswine|def|1
|-damage|p2a: Mamoswine|91/100|[from] item: Life Orb
|
|-weather|RainDance|[upkeep]
|-heal|p1a: Politoed|65/100|[from] item: Leftovers
|upkeep
|turn|5
|
|switch|p2a: Tentacruel|Tentacruel, F|100/100
|move|p1a: Politoed|Scald|p2a: Tentacruel
|-resisted|p2a: Tentacruel
|-damage|p2a: Tentacruel|85/100
|
|-weather|RainDance|[upkeep]
|-heal|p2a: Tentacruel|91/100|[from] ability: Rain Dish
|-heal|p2a: Tentacruel|97/100|[from] item: Black Sludge
|-heal|p1a: Politoed|72/100|[from] item: Leftovers
|upkeep
|turn|6
|
|switch|p2a: Ferrothorn|Ferrothorn, M|100/100
|move|p1a: Politoed|Scald|p2a: Ferrothorn
|-resisted|p2a: Ferrothorn
|-damage|p2a: Ferrothorn|89/100
|
|-weather|RainDance|[upkeep]
|-heal|p1a: Politoed|78/100|[from] item: Leftovers
|-heal|p2a: Ferrothorn|95/100|[from] item: Leftovers
|upkeep
|turn|7
|
|move|p1a: Politoed|Scald|p2a: Ferrothorn
|-resisted|p2a: Ferrothorn
|-damage|p2a: Ferrothorn|81/100
|-status|p2a: Ferrothorn|brn
|move|p2a: Ferrothorn|Stealth Rock|p1a: Politoed
|-sidestart|p1: Weekend Wars|move: Stealth Rock
|
|-weather|RainDance|[upkeep]
|-heal|p1a: Politoed|84/100|[from] item: Leftovers
|-heal|p2a: Ferrothorn|87/100 brn|[from] item: Leftovers
|-damage|p2a: Ferrothorn|75/100 brn|[from] brn
|upkeep
|turn|8
|
|switch|p1a: Tentacruel|Tentacruel, M|100/100
|-damage|p1a: Tentacruel|88/100|[from] Stealth Rock
|move|p2a: Ferrothorn|Leech Seed|p1a: Tentacruel|[miss]
|-miss|p2a: Ferrothorn|p1a: Tentacruel
|
|-weather|RainDance|[upkeep]
|-heal|p1a: Tentacruel|94/100|[from] ability: Rain Dish
|-heal|p1a: Tentacruel|99/100|[from] item: Black Sludge
|-heal|p2a: Ferrothorn|81/100 brn|[from] item: Leftovers
|-damage|p2a: Ferrothorn|69/100 brn|[from] brn
|upkeep
|turn|9
|
|move|p1a: Tentacruel|Rapid Spin|p2a: Ferrothorn
|-resisted|p2a: Ferrothorn
|-damage|p2a: Ferrothorn|68/100 brn
|-damage|p1a: Tentacruel|88/100|[from] ability: Iron Barbs|[of] p2a: Ferrothorn
|-sideend|p1: Weekend Wars|Stealth Rock|[from] move: Rapid Spin|[of] p1a: Tentacruel
|move|p2a: Ferrothorn|Leech Seed|p1a: Tentacruel
|-start|p1a: Tentacruel|move: Leech Seed
|
|-weather|RainDance|[upkeep]
|-heal|p1a: Tentacruel|94/100|[from] ability: Rain Dish
|-heal|p1a: Tentacruel|99/100|[from] item: Black Sludge
|-heal|p2a: Ferrothorn|74/100 brn|[from] item: Leftovers
|-damage|p1a: Tentacruel|88/100|[from] Leech Seed|[of] p2a: Ferrothorn
|-heal|p2a: Ferrothorn|87/100 brn|[silent]
|-damage|p2a: Ferrothorn|74/100 brn|[from] brn
|upkeep
|turn|10
|
|switch|p1a: Chansey|Chansey, F|82/100
|move|p2a: Ferrothorn|Stealth Rock|p1a: Chansey
|-sidestart|p1: Weekend Wars|move: Stealth Rock
|
|-weather|RainDance|[upkeep]
|-heal|p2a: Ferrothorn|80/100 brn|[from] item: Leftovers
|-damage|p2a: Ferrothorn|68/100 brn|[from] brn
|upkeep
|turn|11
|
|move|p1a: Chansey|Stealth Rock|p2a: Ferrothorn
|-sidestart|p2: Cry_A7X|move: Stealth Rock
|move|p2a: Ferrothorn|Leech Seed|p1a: Chansey
|-start|p1a: Chansey|move: Leech Seed
|
|-weather|RainDance|[upkeep]
|-heal|p2a: Ferrothorn|74/100 brn|[from] item: Leftovers
|-damage|p1a: Chansey|70/100|[from] Leech Seed|[of] p2a: Ferrothorn
|-heal|p2a: Ferrothorn|98/100 brn|[silent]
|-damage|p2a: Ferrothorn|86/100 brn|[from] brn
|upkeep
|turn|12
|
|switch|p2a: Tentacruel|Tentacruel, F|97/100
|-damage|p2a: Tentacruel|85/100|[from] Stealth Rock
|move|p1a: Chansey|Soft-Boiled|p1a: Chansey
|-heal|p1a: Chansey|100/100
|
|-weather|RainDance|[upkeep]
|-heal|p2a: Tentacruel|91/100|[from] ability: Rain Dish
|-heal|p2a: Tentacruel|97/100|[from] item: Black Sludge
|-damage|p1a: Chansey|88/100|[from] Leech Seed|[of] p2a: Tentacruel
|-heal|p2a: Tentacruel|100/100|[silent]
|upkeep
|turn|13
|
|switch|p1a: Tentacruel|Tentacruel, M|88/100
|-damage|p1a: Tentacruel|75/100|[from] Stealth Rock
|move|p2a: Tentacruel|Rapid Spin|p1a: Tentacruel
|-damage|p1a: Tentacruel|72/100
|-sideend|p2: Cry_A7X|Stealth Rock|[from] move: Rapid Spin|[of] p2a: Tentacruel
|
|-weather|RainDance|[upkeep]
|-heal|p1a: Tentacruel|79/100|[from] ability: Rain Dish
|-heal|p1a: Tentacruel|85/100|[from] item: Black Sludge
|upkeep
|turn|14
|
|move|p2a: Tentacruel|Scald|p1a: Tentacruel
|-resisted|p1a: Tentacruel
|-damage|p1a: Tentacruel|71/100
|move|p1a: Tentacruel|Rapid Spin|p2a: Tentacruel
|-damage|p2a: Tentacruel|97/100
|-sideend|p1: Weekend Wars|Stealth Rock|[from] move: Rapid Spin|[of] p1a: Tentacruel
|
|-weather|RainDance|[upkeep]
|-heal|p2a: Tentacruel|100/100|[from] ability: Rain Dish
|-heal|p1a: Tentacruel|77/100|[from] ability: Rain Dish
|-heal|p1a: Tentacruel|83/100|[from] item: Black Sludge
|upkeep
|turn|15
|
|switch|p1a: Gastrodon|Gastrodon-East, M|100/100
|move|p2a: Tentacruel|Toxic Spikes|p1a: Gastrodon
|-sidestart|p1: Weekend Wars|move: Toxic Spikes
|
|-weather|RainDance|[upkeep]
|upkeep
|turn|16
|
|switch|p2a: Ferrothorn|Ferrothorn, M|86/100 brn
|move|p1a: Gastrodon|Scald|p2a: Ferrothorn
|-resisted|p2a: Ferrothorn
|-damage|p2a: Ferrothorn|71/100 brn
|
|-weather|RainDance|[upkeep]
|-heal|p2a: Ferrothorn|77/100 brn|[from] item: Leftovers
|-damage|p2a: Ferrothorn|65/100 brn|[from] brn
|upkeep
|turn|17
|
|switch|p1a: Tentacruel|Tentacruel, M|83/100
|-sideend|p1: Weekend Wars|move: Toxic Spikes|[of] p1a: Tentacruel
|move|p2a: Ferrothorn|Leech Seed|p1a: Tentacruel
|-start|p1a: Tentacruel|move: Leech Seed
|
|-weather|RainDance|[upkeep]
|-heal|p1a: Tentacruel|89/100|[from] ability: Rain Dish
|-heal|p1a: Tentacruel|95/100|[from] item: Black Sludge
|-heal|p2a: Ferrothorn|71/100 brn|[from] item: Leftovers
|-damage|p1a: Tentacruel|82/100|[from] Leech Seed|[of] p2a: Ferrothorn
|-heal|p2a: Ferrothorn|84/100 brn|[silent]
|-damage|p2a: Ferrothorn|72/100 brn|[from] brn
|upkeep
|turn|18
|
|switch|p1a: Chansey|Chansey, F|88/100
|move|p2a: Ferrothorn|Stealth Rock|p1a: Chansey
|-sidestart|p1: Weekend Wars|move: Stealth Rock
|
|-weather|RainDance|[upkeep]
|-heal|p2a: Ferrothorn|78/100 brn|[from] item: Leftovers
|-damage|p2a: Ferrothorn|65/100 brn|[from] brn
|upkeep
|turn|19
|
|move|p1a: Chansey|Stealth Rock|p2a: Ferrothorn
|-sidestart|p2: Cry_A7X|move: Stealth Rock
|move|p2a: Ferrothorn|Leech Seed|p1a: Chansey
|-start|p1a: Chansey|move: Leech Seed
|
|-weather|RainDance|[upkeep]
|-heal|p2a: Ferrothorn|72/100 brn|[from] item: Leftovers
|-damage|p1a: Chansey|76/100|[from] Leech Seed|[of] p2a: Ferrothorn
|-heal|p2a: Ferrothorn|96/100 brn|[silent]
|-damage|p2a: Ferrothorn|83/100 brn|[from] brn
|upkeep
|turn|20
|
|switch|p1a: Tentacruel|Tentacruel, M|82/100
|-damage|p1a: Tentacruel|70/100|[from] Stealth Rock
|move|p2a: Ferrothorn|Leech Seed|p1a: Tentacruel
|-start|p1a: Tentacruel|move: Leech Seed
|
|-weather|RainDance|[upkeep]
|-heal|p1a: Tentacruel|76/100|[from] ability: Rain Dish
|-heal|p1a: Tentacruel|82/100|[from] item: Black Sludge
|-heal|p2a: Ferrothorn|89/100 brn|[from] item: Leftovers
|-damage|p1a: Tentacruel|70/100|[from] Leech Seed|[of] p2a: Ferrothorn
|-heal|p2a: Ferrothorn|100/100 brn|[silent]
|-damage|p2a: Ferrothorn|88/100 brn|[from] brn
|upkeep
|turn|21
|
|move|p1a: Tentacruel|Rapid Spin|p2a: Ferrothorn
|-resisted|p2a: Ferrothorn
|-damage|p2a: Ferrothorn|87/100 brn
|-damage|p1a: Tentacruel|57/100|[from] ability: Iron Barbs|[of] p2a: Ferrothorn
|-end|p1a: Tentacruel|Leech Seed|[from] move: Rapid Spin|[of] p1a: Tentacruel
|-sideend|p1: Weekend Wars|Stealth Rock|[from] move: Rapid Spin|[of] p1a: Tentacruel
|move|p2a: Ferrothorn|Power Whip|p1a: Tentacruel
|-damage|p1a: Tentacruel|41/100
|
|-weather|RainDance|[upkeep]
|-heal|p1a: Tentacruel|47/100|[from] ability: Rain Dish
|-heal|p1a: Tentacruel|53/100|[from] item: Black Sludge
|-heal|p2a: Ferrothorn|93/100 brn|[from] item: Leftovers
|-damage|p2a: Ferrothorn|81/100 brn|[from] brn
|upkeep
|turn|22
|
|move|p1a: Tentacruel|Protect|p1a: Tentacruel
|-singleturn|p1a: Tentacruel|Protect
|move|p2a: Ferrothorn|Leech Seed|p1a: Tentacruel
|-activate|p1a: Tentacruel|move: Protect
|
|-weather|RainDance|[upkeep]
|-heal|p1a: Tentacruel|59/100|[from] ability: Rain Dish
|-heal|p1a: Tentacruel|65/100|[from] item: Black Sludge
|-heal|p2a: Ferrothorn|87/100 brn|[from] item: Leftovers
|-damage|p2a: Ferrothorn|74/100 brn|[from] brn
|upkeep
|turn|23
|
|switch|p1a: Mew|Mew|78/100
|move|p2a: Ferrothorn|Stealth Rock|p1a: Mew
|-sidestart|p1: Weekend Wars|move: Stealth Rock
|
|-weather|RainDance|[upkeep]
|-heal|p1a: Mew|84/100|[from] item: Leftovers
|-heal|p2a: Ferrothorn|81/100 brn|[from] item: Leftovers
|-damage|p2a: Ferrothorn|68/100 brn|[from] brn
|upkeep
|turn|24
|
|move|p1a: Mew|Taunt|p2a: Ferrothorn
|-start|p2a: Ferrothorn|move: Taunt
|cant|p2a: Ferrothorn|move: Taunt|Leech Seed
|
|-weather|RainDance|[upkeep]
|-heal|p1a: Mew|90/100|[from] item: Leftovers
|-heal|p2a: Ferrothorn|74/100 brn|[from] item: Leftovers
|-damage|p2a: Ferrothorn|62/100 brn|[from] brn
|upkeep
|turn|25
|
|switch|p2a: Politoed|Politoed, M|100/100
|-damage|p2a: Politoed|88/100|[from] Stealth Rock
|move|p1a: Mew|Will-O-Wisp|p2a: Politoed
|-status|p2a: Politoed|brn
|
|-weather|RainDance|[upkeep]
|-heal|p1a: Mew|96/100|[from] item: Leftovers
|-damage|p2a: Politoed|76/100 brn|[from] brn
|upkeep
|turn|26
|
|switch|p1a: Politoed|Politoed, F|84/100
|-damage|p1a: Politoed|72/100|[from] Stealth Rock
|move|p2a: Politoed|Hydro Pump|p1a: Politoed|[miss]
|-miss|p2a: Politoed|p1a: Politoed
|
|-weather|RainDance|[upkeep]
|-heal|p1a: Politoed|78/100|[from] item: Leftovers
|-damage|p2a: Politoed|63/100 brn|[from] brn
|upkeep
|turn|27
|
|switch|p2a: Tentacruel|Tentacruel, F|100/100
|-damage|p2a: Tentacruel|88/100|[from] Stealth Rock
|switch|p1a: Gastrodon|Gastrodon-East, M|100/100
|-damage|p1a: Gastrodon|94/100|[from] Stealth Rock
|
|-weather|RainDance|[upkeep]
|-heal|p2a: Tentacruel|94/100|[from] ability: Rain Dish
|-heal|p2a: Tentacruel|99/100|[from] item: Black Sludge
|-heal|p1a: Gastrodon|100/100|[from] item: Leftovers
|upkeep
|turn|28
|
|move|p2a: Tentacruel|Rapid Spin|p1a: Gastrodon
|-damage|p1a: Gastrodon|97/100
|-sideend|p2: Cry_A7X|Stealth Rock|[from] move: Rapid Spin|[of] p2a: Tentacruel
|move|p1a: Gastrodon|Earthquake|p2a: Tentacruel
|-supereffective|p2a: Tentacruel
|-damage|p2a: Tentacruel|44/100
|
|-weather|RainDance|[upkeep]
|-heal|p2a: Tentacruel|50/100|[from] ability: Rain Dish
|-heal|p2a: Tentacruel|56/100|[from] item: Black Sludge
|-heal|p1a: Gastrodon|100/100|[from] item: Leftovers
|upkeep
|turn|29
|
|move|p2a: Tentacruel|Protect|p2a: Tentacruel
|-singleturn|p2a: Tentacruel|Protect
|move|p1a: Gastrodon|Earthquake|p2a: Tentacruel
|-activate|p2a: Tentacruel|move: Protect
|
|-weather|RainDance|[upkeep]
|-heal|p2a: Tentacruel|62/100|[from] ability: Rain Dish
|-heal|p2a: Tentacruel|68/100|[from] item: Black Sludge
|upkeep
|turn|30
|inactive|Cry_A7X has 120 seconds left.
|c|☆Weekend Wars|...
|
|switch|p2a: Ferrothorn|Ferrothorn, M|62/100 brn
|move|p1a: Gastrodon|Scald|p2a: Ferrothorn
|-resisted|p2a: Ferrothorn
|-damage|p2a: Ferrothorn|48/100 brn
|
|-weather|RainDance|[upkeep]
|-heal|p2a: Ferrothorn|54/100 brn|[from] item: Leftovers
|-damage|p2a: Ferrothorn|41/100 brn|[from] brn
|upkeep
|turn|31
|
|switch|p1a: Tentacruel|Tentacruel, M|65/100
|-damage|p1a: Tentacruel|53/100|[from] Stealth Rock
|move|p2a: Ferrothorn|Leech Seed|p1a: Tentacruel
|-start|p1a: Tentacruel|move: Leech Seed
|
|-weather|RainDance|[upkeep]
|-heal|p1a: Tentacruel|59/100|[from] ability: Rain Dish
|-heal|p1a: Tentacruel|65/100|[from] item: Black Sludge
|-heal|p2a: Ferrothorn|48/100 brn|[from] item: Leftovers
|-damage|p1a: Tentacruel|52/100|[from] Leech Seed|[of] p2a: Ferrothorn
|-heal|p2a: Ferrothorn|60/100 brn|[silent]
|-damage|p2a: Ferrothorn|48/100 brn|[from] brn
|upkeep
|turn|32
|
|switch|p2a: Thundurus|Thundurus-Therian, M|100/100
|move|p1a: Tentacruel|Rapid Spin|p2a: Thundurus
|-damage|p2a: Thundurus|96/100
|-end|p1a: Tentacruel|Leech Seed|[from] move: Rapid Spin|[of] p1a: Tentacruel
|-sideend|p1: Weekend Wars|Stealth Rock|[from] move: Rapid Spin|[of] p1a: Tentacruel
|
|-weather|RainDance|[upkeep]
|-heal|p1a: Tentacruel|58/100|[from] ability: Rain Dish
|-heal|p2a: Thundurus|100/100|[from] item: Leftovers
|-heal|p1a: Tentacruel|65/100|[from] item: Black Sludge
|upkeep
|turn|33
|
|move|p2a: Thundurus|Thunder|p1a: Tentacruel
|-supereffective|p1a: Tentacruel
|-damage|p1a: Tentacruel|0
|faint|p1a: Tentacruel
|
|-weather|RainDance|[upkeep]
|upkeep
|
|switch|p1a: Gastrodon|Gastrodon-East, M|100/100
|turn|34
|
|switch|p2a: Politoed|Politoed, M|63/100 brn
|move|p1a: Gastrodon|Earthquake|p2a: Politoed
|-damage|p2a: Politoed|25/100 brn
|
|-weather|RainDance|[upkeep]
|-damage|p2a: Politoed|12/100 brn|[from] brn
|upkeep
|turn|35
|inactive|Cry_A7X has 120 seconds left.
|
|move|p2a: Politoed|Ice Beam|p1a: Gastrodon
|-damage|p1a: Gastrodon|85/100
|move|p1a: Gastrodon|Earthquake|p2a: Politoed
|-damage|p2a: Politoed|0 brn
|faint|p2a: Politoed
|
|-weather|RainDance|[upkeep]
|-heal|p1a: Gastrodon|91/100|[from] item: Leftovers
|upkeep
|inactive|Cry_A7X has 120 seconds left.
|
|switch|p2a: Ferrothorn|Ferrothorn, M|48/100 brn
|turn|36
|
|move|p1a: Gastrodon|Earthquake|p2a: Ferrothorn
|-damage|p2a: Ferrothorn|28/100 brn
|move|p2a: Ferrothorn|Leech Seed|p1a: Gastrodon
|-start|p1a: Gastrodon|move: Leech Seed
|
|-weather|RainDance|[upkeep]
|-heal|p1a: Gastrodon|97/100|[from] item: Leftovers
|-heal|p2a: Ferrothorn|34/100 brn|[from] item: Leftovers
|-damage|p1a: Gastrodon|85/100|[from] Leech Seed|[of] p2a: Ferrothorn
|-heal|p2a: Ferrothorn|49/100 brn|[silent]
|-damage|p2a: Ferrothorn|37/100 brn|[from] brn
|upkeep
|turn|37
|
|switch|p1a: Chansey|Chansey, F|76/100
|move|p2a: Ferrothorn|Power Whip|p1a: Chansey
|-damage|p1a: Chansey|63/100
|
|-weather|RainDance|[upkeep]
|-heal|p2a: Ferrothorn|43/100 brn|[from] item: Leftovers
|-damage|p2a: Ferrothorn|31/100 brn|[from] brn
|upkeep
|turn|38
|
|move|p1a: Chansey|Stealth Rock|p2a: Ferrothorn
|-sidestart|p2: Cry_A7X|move: Stealth Rock
|move|p2a: Ferrothorn|Leech Seed|p1a: Chansey
|-start|p1a: Chansey|move: Leech Seed
|
|-weather|RainDance|[upkeep]
|-heal|p2a: Ferrothorn|37/100 brn|[from] item: Leftovers
|-damage|p1a: Chansey|50/100|[from] Leech Seed|[of] p2a: Ferrothorn
|-heal|p2a: Ferrothorn|61/100 brn|[silent]
|-damage|p2a: Ferrothorn|49/100 brn|[from] brn
|upkeep
|turn|39
|
|move|p1a: Chansey|Soft-Boiled|p1a: Chansey
|-heal|p1a: Chansey|99/100
|move|p2a: Ferrothorn|Stealth Rock|p1a: Chansey
|-sidestart|p1: Weekend Wars|move: Stealth Rock
|
|-weather|RainDance|[upkeep]
|-heal|p2a: Ferrothorn|55/100 brn|[from] item: Leftovers
|-damage|p1a: Chansey|88/100|[from] Leech Seed|[of] p2a: Ferrothorn
|-heal|p2a: Ferrothorn|79/100 brn|[silent]
|-damage|p2a: Ferrothorn|66/100 brn|[from] brn
|upkeep
|turn|40
|
|switch|p1a: Skarmory|Skarmory, M|100/100
|-damage|p1a: Skarmory|88/100|[from] Stealth Rock
|move|p2a: Ferrothorn|Power Whip|p1a: Skarmory
|-resisted|p1a: Skarmory
|-crit|p1a: Skarmory
|-damage|p1a: Skarmory|83/100
|
|-weather|RainDance|[upkeep]
|-heal|p1a: Skarmory|89/100|[from] item: Leftovers
|-heal|p2a: Ferrothorn|73/100 brn|[from] item: Leftovers
|-damage|p2a: Ferrothorn|60/100 brn|[from] brn
|upkeep
|turn|41
|
|move|p2a: Ferrothorn|Leech Seed|p1a: Skarmory
|-start|p1a: Skarmory|move: Leech Seed
|move|p1a: Skarmory|Whirlwind|p2a: Ferrothorn
|drag|p2a: Tentacruel|Tentacruel, F|68/100
|-damage|p2a: Tentacruel|56/100|[from] Stealth Rock
|
|-weather|RainDance|[upkeep]
|-heal|p2a: Tentacruel|62/100|[from] ability: Rain Dish
|-heal|p2a: Tentacruel|68/100|[from] item: Black Sludge
|-heal|p1a: Skarmory|95/100|[from] item: Leftovers
|-damage|p1a: Skarmory|83/100|[from] Leech Seed|[of] p2a: Tentacruel
|-heal|p2a: Tentacruel|79/100|[silent]
|upkeep
|turn|42
|c|☆Weekend Wars|omg
|
|switch|p1a: Gastrodon|Gastrodon-East, M|85/100
|-damage|p1a: Gastrodon|78/100|[from] Stealth Rock
|move|p2a: Tentacruel|Toxic Spikes|p1a: Gastrodon
|-sidestart|p1: Weekend Wars|move: Toxic Spikes
|
|-weather|RainDance|[upkeep]
|-heal|p2a: Tentacruel|85/100|[from] ability: Rain Dish
|-heal|p2a: Tentacruel|91/100|[from] item: Black Sludge
|-heal|p1a: Gastrodon|85/100|[from] item: Leftovers
|upkeep
|turn|43
|
|move|p2a: Tentacruel|Protect|p2a: Tentacruel
|-singleturn|p2a: Tentacruel|Protect
|move|p1a: Gastrodon|Earthquake|p2a: Tentacruel
|-activate|p2a: Tentacruel|move: Protect
|
|-weather|RainDance|[upkeep]
|-heal|p2a: Tentacruel|97/100|[from] ability: Rain Dish
|-heal|p2a: Tentacruel|100/100|[from] item: Black Sludge
|-heal|p1a: Gastrodon|91/100|[from] item: Leftovers
|upkeep
|turn|44
|inactive|Cry_A7X has 120 seconds left.
|c|☆Weekend Wars|...
|inactive|Cry_A7X has 90 seconds left.
|
|move|p2a: Tentacruel|Toxic Spikes|p1a: Gastrodon
|-sidestart|p1: Weekend Wars|move: Toxic Spikes
|move|p1a: Gastrodon|Earthquake|p2a: Tentacruel
|-supereffective|p2a: Tentacruel
|-damage|p2a: Tentacruel|51/100
|
|-weather|RainDance|[upkeep]
|-heal|p2a: Tentacruel|57/100|[from] ability: Rain Dish
|-heal|p2a: Tentacruel|63/100|[from] item: Black Sludge
|-heal|p1a: Gastrodon|97/100|[from] item: Leftovers
|upkeep
|turn|45
|
|move|p2a: Tentacruel|Protect|p2a: Tentacruel
|-singleturn|p2a: Tentacruel|Protect
|move|p1a: Gastrodon|Earthquake|p2a: Tentacruel
|-activate|p2a: Tentacruel|move: Protect
|
|-weather|RainDance|[upkeep]
|-heal|p2a: Tentacruel|69/100|[from] ability: Rain Dish
|-heal|p2a: Tentacruel|75/100|[from] item: Black Sludge
|-heal|p1a: Gastrodon|100/100|[from] item: Leftovers
|upkeep
|turn|46
|
|move|p2a: Tentacruel|Rapid Spin|p1a: Gastrodon
|-crit|p1a: Gastrodon
|-damage|p1a: Gastrodon|94/100
|-sideend|p2: Cry_A7X|Stealth Rock|[from] move: Rapid Spin|[of] p2a: Tentacruel
|move|p1a: Gastrodon|Earthquake|p2a: Tentacruel
|-supereffective|p2a: Tentacruel
|-damage|p2a: Tentacruel|25/100
|
|-weather|RainDance|[upkeep]
|-heal|p2a: Tentacruel|31/100|[from] ability: Rain Dish
|-heal|p2a: Tentacruel|37/100|[from] item: Black Sludge
|-heal|p1a: Gastrodon|99/100|[from] item: Leftovers
|upkeep
|turn|47
|c|☆Weekend Wars|omg
|
|move|p2a: Tentacruel|Protect|p2a: Tentacruel
|-singleturn|p2a: Tentacruel|Protect
|move|p1a: Gastrodon|Scald|p2a: Tentacruel
|-activate|p2a: Tentacruel|move: Protect
|
|-weather|RainDance|[upkeep]
|-heal|p2a: Tentacruel|43/100|[from] ability: Rain Dish
|-heal|p2a: Tentacruel|49/100|[from] item: Black Sludge
|-heal|p1a: Gastrodon|100/100|[from] item: Leftovers
|upkeep
|turn|48
|
|switch|p2a: Moltres|Moltres|100/100
|-ability|p2a: Moltres|Pressure
|move|p1a: Gastrodon|Earthquake|p2a: Moltres
|-immune|p2a: Moltres|[msg]
|
|-weather|RainDance|[upkeep]
|upkeep
|turn|49
|
|move|p2a: Moltres|Hurricane|p1a: Gastrodon
|-damage|p1a: Gastrodon|31/100
|move|p1a: Gastrodon|Recover|p1a: Gastrodon
|-heal|p1a: Gastrodon|81/100
|
|-weather|RainDance|[upkeep]
|-heal|p1a: Gastrodon|87/100|[from] item: Leftovers
|upkeep
|turn|50
|
|move|p2a: Moltres|Hurricane|p1a: Gastrodon
|-damage|p1a: Gastrodon|18/100
|move|p1a: Gastrodon|Toxic|p2a: Moltres
|-status|p2a: Moltres|tox
|
|-weather|RainDance|[upkeep]
|-heal|p1a: Gastrodon|24/100|[from] item: Leftovers
|-damage|p2a: Moltres|94/100 tox|[from] psn
|upkeep
|turn|51
|
|switch|p1a: Chansey|Chansey, F|88/100
|-status|p1a: Chansey|tox
|-damage|p1a: Chansey|75/100 tox|[from] Stealth Rock
|move|p2a: Moltres|Hurricane|p1a: Chansey
|-damage|p1a: Chansey|45/100 tox
|
|-weather|RainDance|[upkeep]
|-damage|p2a: Moltres|82/100 tox|[from] psn
|-damage|p1a: Chansey|39/100 tox|[from] psn
|upkeep
|turn|52
|
|move|p2a: Moltres|Hurricane|p1a: Chansey
|-damage|p1a: Chansey|9/100 tox
|-start|p1a: Chansey|confusion
|-activate|p1a: Chansey|confusion
|-damage|p1a: Chansey|8/100 tox|[from] confusion
|
|-weather|RainDance|[upkeep]
|-damage|p2a: Moltres|63/100 tox|[from] psn
|-damage|p1a: Chansey|0 tox|[from] psn
|upkeep
|faint|p1a: Chansey
|c|☆Weekend Wars|fuck
|
|switch|p1a: Skarmory|Skarmory, M|83/100
|-damage|p1a: Skarmory|70/100|[from] Stealth Rock
|turn|53
|
|switch|p2a: Tentacruel|Tentacruel, F|49/100
|move|p1a: Skarmory|Roost|p1a: Skarmory
|-heal|p1a: Skarmory|100/100
|
|-weather|RainDance|[upkeep]
|-heal|p2a: Tentacruel|55/100|[from] ability: Rain Dish
|-heal|p2a: Tentacruel|61/100|[from] item: Black Sludge
|upkeep
|turn|54
|c|☆Weekend Wars|vai tomar no cu
|c|☆Weekend Wars|sempre que vou pegar top 1
|c|☆Weekend Wars|sou roubado
|c|☆Weekend Wars|pqp
|
|switch|p2a: Thundurus|Thundurus-Therian, M|100/100
|switch|p1a: Gastrodon|Gastrodon-East, M|24/100
|-status|p1a: Gastrodon|tox
|-damage|p1a: Gastrodon|18/100 tox|[from] Stealth Rock
|
|-weather|RainDance|[upkeep]
|-heal|p1a: Gastrodon|24/100 tox|[from] item: Leftovers
|-damage|p1a: Gastrodon|18/100 tox|[from] psn
|upkeep
|turn|55
|
|move|p2a: Thundurus|Nasty Plot|p2a: Thundurus
|-boost|p2a: Thundurus|spa|2
|move|p1a: Gastrodon|Recover|p1a: Gastrodon
|-heal|p1a: Gastrodon|68/100 tox
|
|-weather|RainDance|[upkeep]
|-heal|p1a: Gastrodon|74/100 tox|[from] item: Leftovers
|-damage|p1a: Gastrodon|62/100 tox|[from] psn
|upkeep
|turn|56
|
|move|p2a: Thundurus|Hidden Power|p1a: Gastrodon
|-damage|p1a: Gastrodon|25/100 tox
|move|p1a: Gastrodon|Scald|p2a: Thundurus
|-damage|p2a: Thundurus|53/100
|
|-weather|RainDance|[upkeep]
|-heal|p2a: Thundurus|59/100|[from] item: Leftovers
|-heal|p1a: Gastrodon|31/100 tox|[from] item: Leftovers
|-damage|p1a: Gastrodon|13/100 tox|[from] psn
|upkeep
|turn|57
|
|move|p2a: Thundurus|Hidden Power|p1a: Gastrodon
|-crit|p1a: Gastrodon
|-damage|p1a: Gastrodon|0 tox
|faint|p1a: Gastrodon
|
|-weather|RainDance|[upkeep]
|-heal|p2a: Thundurus|65/100|[from] item: Leftovers
|upkeep
|
|switch|p1a: Mew|Mew|96/100
|-status|p1a: Mew|tox
|-damage|p1a: Mew|84/100 tox|[from] Stealth Rock
|turn|58
|
|move|p2a: Thundurus|Thunder|p1a: Mew
|-damage|p1a: Mew|0 tox
|faint|p1a: Mew
|
|-weather|RainDance|[upkeep]
|-heal|p2a: Thundurus|71/100|[from] item: Leftovers
|upkeep
|
|switch|p1a: Skarmory|Skarmory, M|100/100
|-damage|p1a: Skarmory|88/100|[from] Stealth Rock
|turn|59
|c|☆Weekend Wars|BG
|
|move|p2a: Thundurus|Thunder|p1a: Skarmory
|-supereffective|p1a: Skarmory
|-damage|p1a: Skarmory|0
|faint|p1a: Skarmory
|
|-weather|RainDance|[upkeep]
|-heal|p2a: Thundurus|77/100|[from] item: Leftovers
|upkeep
|c|☆Cry_A7X|gg
|
|switch|p1a: Politoed|Politoed, F|78/100
|-status|p1a: Politoed|tox
|-damage|p1a: Politoed|65/100 tox|[from] Stealth Rock
|turn|60
|c|☆Weekend Wars|VAI TOMAR NO CU
|
|move|p1a: Politoed|Protect|p1a: Politoed
|-singleturn|p1a: Politoed|Protect
|move|p2a: Thundurus|Thunder|p1a: Politoed
|-activate|p1a: Politoed|move: Protect
|
|-weather|RainDance|[upkeep]
|-heal|p2a: Thundurus|84/100|[from] item: Leftovers
|-heal|p1a: Politoed|72/100 tox|[from] item: Leftovers
|-damage|p1a: Politoed|65/100 tox|[from] psn
|upkeep
|turn|61
|
|move|p1a: Politoed|Protect|p1a: Politoed
|-fail|p1a: Politoed
|move|p2a: Thundurus|Thunder|p1a: Politoed
|-supereffective|p1a: Politoed
|-damage|p1a: Politoed|0 tox
|faint|p1a: Politoed
|
|win|Cry_A7X
|raw|Weekend Wars's rating: 1566 &rarr; <strong>1534</strong><br />(-32 for losing)
|raw|Cry_A7X's rating: 1310 &rarr; <strong>1343</strong><br />(+33 for winning)
|l|☆Weekend Wars
