|j|☆BWR EGC
|j|☆rabian
|t:|1718820774
|gametype|singles
|player|p1|BWR EGC|nate|1404
|player|p2|rabian|iris-gen5bw2|1363
|teamsize|p1|6
|teamsize|p2|6
|gen|5
|tier|[Gen 5] OU
|rated|
|rule|Species Clause: Limit one of each Pokémon
|rule|OHKO Clause: OHKO moves are banned
|rule|Moody Clause: Moody is banned
|rule|Evasion Items Clause: Evasion items are banned
|rule|Evasion Moves Clause: Evasion moves are banned
|rule|Endless Battle Clause: Forcing endless battles is banned
|rule|HP Percentage Mod: HP is shown in percentages
|rule|Evasion Abilities Clause: Evasion abilities are banned
|rule|Sleep Moves Clause: Sleep-inducing moves are banned
|rule|Swagger Clause: Swagger is banned
|rule|Baton Pass Stat Clause: No Baton Passer may have a way to boost its stats
|clearpoke
|poke|p1|Tyranitar, F|item
|poke|p1|Starmie|item
|poke|p1|Jirachi|item
|poke|p1|Rotom-Wash|item
|poke|p1|Scizor, F|item
|poke|p1|Landorus-Therian, M|item
|poke|p2|Jolteon, M|item
|poke|p2|Ferrothorn, M|item
|poke|p2|Politoed, M|item
|poke|p2|Gyarados, M|item
|poke|p2|Toxicroak, M|item
|poke|p2|Tentacruel, M|item
|teampreview
|inactive|Battle timer is ON: inactive players will automatically lose when time's up. (requested by BWR EGC)
|c|☆rabian|glhf!
|
|t:|1718820783
|start
|switch|p1a: MATADOR GZLEZ|Tyranitar, F|100/100
|switch|p2a: Weather Setter|Politoed, M|100/100
|-weather|Sandstorm|[from] ability: Sand Stream|[of] p1a: MATADOR GZLEZ
|-weather|RainDance|[from] ability: Drizzle|[of] p2a: Weather Setter
|turn|1
|
|t:|1718820789
|move|p1a: MATADOR GZLEZ|Thunder Wave|p2a: Weather Setter
|-status|p2a: Weather Setter|par
|move|p2a: Weather Setter|Toxic|p1a: MATADOR GZLEZ
|-status|p1a: MATADOR GZLEZ|tox
|
|-weather|RainDance|[upkeep]
|-damage|p1a: MATADOR GZLEZ|94/100 tox|[from] psn
|upkeep
|turn|2
|
|t:|1718820793
|move|p1a: MATADOR GZLEZ|Stealth Rock|p2a: Weather Setter
|-sidestart|p2: rabian|move: Stealth Rock
|move|p2a: Weather Setter|Surf|p1a: MATADOR GZLEZ
|-supereffective|p1a: MATADOR GZLEZ
|-damage|p1a: MATADOR GZLEZ|8/100 tox
|
|-weather|RainDance|[upkeep]
|-damage|p1a: MATADOR GZLEZ|0 fnt|[from] psn
|faint|p1a: MATADOR GZLEZ
|upkeep
|
|t:|1718820797
|switch|p1a: NEVERSTEPBACK|Scizor, F|100/100
|turn|3
|c|☆rabian|okay
|c|☆rabian|i see you're also trying to participate in reuniclus spec
|
|t:|1718820815
|move|p1a: NEVERSTEPBACK|U-turn|p2a: Weather Setter
|-damage|p2a: Weather Setter|47/100 par
|
|t:|1718820820
|switch|p1a: LÁVATE PUT0|Rotom-Wash, shiny|100/100|[from] U-turn
|cant|p2a: Weather Setter|par
|
|-weather|RainDance|[upkeep]
|-heal|p2a: Weather Setter|53/100 par|[from] item: Leftovers
|upkeep
|turn|4
|
|t:|1718820824
|move|p1a: LÁVATE PUT0|Volt Switch|p2a: Weather Setter
|-supereffective|p2a: Weather Setter
|-damage|p2a: Weather Setter|18/100 par
|
|t:|1718820826
|switch|p1a: NEVERSTEPBACK|Scizor, F|100/100|[from] Volt Switch
|move|p2a: Weather Setter|Toxic|p1a: NEVERSTEPBACK
|-immune|p1a: NEVERSTEPBACK
|
|-weather|RainDance|[upkeep]
|-heal|p2a: Weather Setter|25/100 par|[from] item: Leftovers
|upkeep
|turn|5
|
|t:|1718820832
|switch|p2a: Squid|Tentacruel, M|100/100
|-damage|p2a: Squid|88/100|[from] Stealth Rock
|move|p1a: NEVERSTEPBACK|U-turn|p2a: Squid
|-resisted|p2a: Squid
|-damage|p2a: Squid|58/100
|
|t:|1718820835
|switch|p1a: Bigotudo|Landorus-Therian, M|100/100|[from] U-turn
|-ability|p1a: Bigotudo|Intimidate|boost
|-unboost|p2a: Squid|atk|1
|
|-weather|RainDance|[upkeep]
|-heal|p2a: Squid|64/100|[from] ability: Rain Dish
|-heal|p2a: Squid|70/100|[from] item: Black Sludge
|upkeep
|turn|6
|c|☆rabian|i think i like your team lol
|
|t:|1718820846
|switch|p2a: Just A Magikarp|Gyarados, M, shiny|100/100
|-damage|p2a: Just A Magikarp|76/100|[from] Stealth Rock
|-ability|p2a: Just A Magikarp|Intimidate|boost
|-unboost|p1a: Bigotudo|atk|1
|move|p1a: Bigotudo|Earthquake|p2a: Just A Magikarp
|-immune|p2a: Just A Magikarp
|
|-weather|RainDance|[upkeep]
|-heal|p2a: Just A Magikarp|82/100|[from] item: Leftovers
|upkeep
|turn|7
|
|t:|1718820851
|switch|p1a: LÁVATE PUT0|Rotom-Wash, shiny|100/100
|move|p2a: Just A Magikarp|Substitute|p2a: Just A Magikarp
|-start|p2a: Just A Magikarp|Substitute
|-damage|p2a: Just A Magikarp|57/100
|
|-weather|RainDance|[upkeep]
|-heal|p2a: Just A Magikarp|63/100|[from] item: Leftovers
|upkeep
|turn|8
|
|t:|1718820854
|move|p2a: Just A Magikarp|Dragon Dance|p2a: Just A Magikarp
|-boost|p2a: Just A Magikarp|atk|1
|-boost|p2a: Just A Magikarp|spe|1
|move|p1a: LÁVATE PUT0|Volt Switch|p2a: Just A Magikarp
|-supereffective|p2a: Just A Magikarp
|-end|p2a: Just A Magikarp|Substitute
|
|t:|1718820857
|switch|p1a: Bigotudo|Landorus-Therian, M|100/100|[from] Volt Switch
|-ability|p1a: Bigotudo|Intimidate|boost
|-unboost|p2a: Just A Magikarp|atk|1
|
|-weather|RainDance|[upkeep]
|-heal|p2a: Just A Magikarp|69/100|[from] item: Leftovers
|upkeep
|turn|9
|
|t:|1718820860
|switch|p1a: LÁVATE PUT0|Rotom-Wash, shiny|100/100
|move|p2a: Just A Magikarp|Dragon Dance|p2a: Just A Magikarp
|-boost|p2a: Just A Magikarp|atk|1
|-boost|p2a: Just A Magikarp|spe|1
|
|-weather|RainDance|[upkeep]
|-heal|p2a: Just A Magikarp|75/100|[from] item: Leftovers
|upkeep
|turn|10
|
|t:|1718820863
|move|p2a: Just A Magikarp|Substitute|p2a: Just A Magikarp
|-start|p2a: Just A Magikarp|Substitute
|-damage|p2a: Just A Magikarp|50/100
|move|p1a: LÁVATE PUT0|Volt Switch|p2a: Just A Magikarp
|-supereffective|p2a: Just A Magikarp
|-crit|p2a: Just A Magikarp
|-end|p2a: Just A Magikarp|Substitute
|
|t:|1718820866
|switch|p1a: Bigotudo|Landorus-Therian, M|100/100|[from] Volt Switch
|-ability|p1a: Bigotudo|Intimidate|boost
|-unboost|p2a: Just A Magikarp|atk|1
|
|-weather|RainDance|[upkeep]
|-heal|p2a: Just A Magikarp|56/100|[from] item: Leftovers
|upkeep
|turn|11
|
|t:|1718820868
|switch|p1a: LÁVATE PUT0|Rotom-Wash, shiny|100/100
|move|p2a: Just A Magikarp|Waterfall|p1a: LÁVATE PUT0
|-resisted|p1a: LÁVATE PUT0
|-damage|p1a: LÁVATE PUT0|80/100
|
|-weather|RainDance|[upkeep]
|-heal|p2a: Just A Magikarp|62/100|[from] item: Leftovers
|-heal|p1a: LÁVATE PUT0|86/100|[from] item: Leftovers
|upkeep
|turn|12
|
|t:|1718820874
|switch|p2a: Look at this boi|Jolteon, M|100/100
|-damage|p2a: Look at this boi|88/100|[from] Stealth Rock
|move|p1a: LÁVATE PUT0|Volt Switch|p2a: Look at this boi
|-heal|p2a: Look at this boi|100/100|[from] ability: Volt Absorb|[of] p1a: LÁVATE PUT0
|
|-weather|RainDance|[upkeep]
|-heal|p1a: LÁVATE PUT0|92/100|[from] item: Leftovers
|upkeep
|turn|13
|
|t:|1718820880
|switch|p1a: PORN STAR|Jirachi|100/100
|move|p2a: Look at this boi|Volt Switch|p1a: PORN STAR
|-damage|p1a: PORN STAR|79/100
|
|t:|1718820883
|switch|p2a: Squid|Tentacruel, M|70/100|[from] Volt Switch
|-damage|p2a: Squid|58/100|[from] Stealth Rock
|
|-weather|RainDance|[upkeep]
|-heal|p2a: Squid|64/100|[from] ability: Rain Dish
|-heal|p1a: PORN STAR|85/100|[from] item: Leftovers
|-heal|p2a: Squid|70/100|[from] item: Black Sludge
|upkeep
|turn|14
|
|t:|1718820886
|move|p1a: PORN STAR|U-turn|p2a: Squid
|-resisted|p2a: Squid
|-damage|p2a: Squid|60/100
|
|t:|1718820889
|switch|p1a: HEINEKEN|Starmie|100/100|[from] U-turn
|move|p2a: Squid|Rapid Spin|p1a: HEINEKEN
|-crit|p1a: HEINEKEN
|-damage|p1a: HEINEKEN|91/100
|-sideend|p2: rabian|Stealth Rock|[from] move: Rapid Spin|[of] p2a: Squid
|
|-weather|RainDance|[upkeep]
|-heal|p2a: Squid|66/100|[from] ability: Rain Dish
|-heal|p2a: Squid|72/100|[from] item: Black Sludge
|upkeep
|turn|15
|
|t:|1718820894
|switch|p2a: Wall|Ferrothorn, M|100/100
|move|p1a: HEINEKEN|Thunder|p2a: Wall
|-resisted|p2a: Wall
|-damage|p2a: Wall|77/100
|-damage|p1a: HEINEKEN|81/100|[from] item: Life Orb
|
|-weather|RainDance|[upkeep]
|-heal|p2a: Wall|83/100|[from] item: Leftovers
|upkeep
|turn|16
|
|t:|1718820900
|switch|p1a: NEVERSTEPBACK|Scizor, F|100/100
|move|p2a: Wall|Stealth Rock|p1a: NEVERSTEPBACK
|-sidestart|p1: BWR EGC|move: Stealth Rock
|
|-weather|RainDance|[upkeep]
|-heal|p2a: Wall|89/100|[from] item: Leftovers
|upkeep
|turn|17
|
|t:|1718820904
|switch|p2a: Just A Magikarp|Gyarados, M, shiny|62/100
|-ability|p2a: Just A Magikarp|Intimidate|boost
|-unboost|p1a: NEVERSTEPBACK|atk|1
|move|p1a: NEVERSTEPBACK|Superpower|p2a: Just A Magikarp
|-resisted|p2a: Just A Magikarp
|-damage|p2a: Just A Magikarp|42/100
|-unboost|p1a: NEVERSTEPBACK|atk|1
|-unboost|p1a: NEVERSTEPBACK|def|1
|
|-weather|RainDance|[upkeep]
|-heal|p2a: Just A Magikarp|48/100|[from] item: Leftovers
|upkeep
|turn|18
|
|t:|1718820912
|switch|p1a: LÁVATE PUT0|Rotom-Wash, shiny|92/100
|-damage|p1a: LÁVATE PUT0|80/100|[from] Stealth Rock
|move|p2a: Just A Magikarp|Waterfall|p1a: LÁVATE PUT0
|-resisted|p1a: LÁVATE PUT0
|-damage|p1a: LÁVATE PUT0|56/100
|
|-weather|RainDance|[upkeep]
|-heal|p2a: Just A Magikarp|54/100|[from] item: Leftovers
|-heal|p1a: LÁVATE PUT0|62/100|[from] item: Leftovers
|upkeep
|turn|19
|j| goh (hunt da rosa)
|
|t:|1718820916
|switch|p2a: Wall|Ferrothorn, M|89/100
|move|p1a: LÁVATE PUT0|Will-O-Wisp|p2a: Wall
|-status|p2a: Wall|brn
|
|-weather|RainDance|[upkeep]
|-heal|p1a: LÁVATE PUT0|68/100|[from] item: Leftovers
|-heal|p2a: Wall|96/100 brn|[from] item: Leftovers
|-damage|p2a: Wall|83/100 brn|[from] brn
|upkeep
|turn|20
|
|t:|1718820922
|move|p1a: LÁVATE PUT0|Volt Switch|p2a: Wall
|-resisted|p2a: Wall
|-damage|p2a: Wall|72/100 brn
|
|t:|1718820924
|switch|p1a: NEVERSTEPBACK|Scizor, F|100/100|[from] Volt Switch
|-damage|p1a: NEVERSTEPBACK|88/100|[from] Stealth Rock
|move|p2a: Wall|Giga Drain|p1a: NEVERSTEPBACK
|-resisted|p1a: NEVERSTEPBACK
|-damage|p1a: NEVERSTEPBACK|83/100
|-heal|p2a: Wall|75/100 brn|[from] drain|[of] p1a: NEVERSTEPBACK
|
|-weather|RainDance|[upkeep]
|-heal|p2a: Wall|81/100 brn|[from] item: Leftovers
|-damage|p2a: Wall|69/100 brn|[from] brn
|upkeep
|turn|21
|
|t:|1718820928
|switch|p2a: Just A Magikarp|Gyarados, M, shiny|54/100
|-ability|p2a: Just A Magikarp|Intimidate|boost
|-unboost|p1a: NEVERSTEPBACK|atk|1
|move|p1a: NEVERSTEPBACK|U-turn|p2a: Just A Magikarp
|-resisted|p2a: Just A Magikarp
|-damage|p2a: Just A Magikarp|37/100
|inactive|BWR EGC has 120 seconds left.
|
|t:|1718820970
|switch|p1a: HEINEKEN|Starmie|81/100|[from] U-turn
|-damage|p1a: HEINEKEN|69/100|[from] Stealth Rock
|
|-weather|RainDance|[upkeep]
|-heal|p2a: Just A Magikarp|43/100|[from] item: Leftovers
|upkeep
|turn|22
|
|t:|1718820979
|switch|p2a: Wall|Ferrothorn, M|69/100 brn
|move|p1a: HEINEKEN|Rapid Spin|p2a: Wall
|-resisted|p2a: Wall
|-damage|p2a: Wall|67/100 brn
|-damage|p1a: HEINEKEN|57/100|[from] ability: Iron Barbs|[of] p2a: Wall
|-sideend|p1: BWR EGC|Stealth Rock|[from] move: Rapid Spin|[of] p1a: HEINEKEN
|-damage|p1a: HEINEKEN|47/100|[from] item: Life Orb
|
|-weather|RainDance|[upkeep]
|-heal|p2a: Wall|74/100 brn|[from] item: Leftovers
|-damage|p2a: Wall|61/100 brn|[from] brn
|upkeep
|turn|23
|inactive|BWR EGC has 120 seconds left.
|
|t:|1718820992
|switch|p1a: NEVERSTEPBACK|Scizor, F|83/100
|move|p2a: Wall|Stealth Rock|p1a: NEVERSTEPBACK
|-sidestart|p1: BWR EGC|move: Stealth Rock
|
|-weather|RainDance|[upkeep]
|-heal|p2a: Wall|67/100 brn|[from] item: Leftovers
|-damage|p2a: Wall|55/100 brn|[from] brn
|upkeep
|turn|24
|
|t:|1718820997
|switch|p2a: Squid|Tentacruel, M|72/100
|move|p1a: NEVERSTEPBACK|U-turn|p2a: Squid
|-resisted|p2a: Squid
|-damage|p2a: Squid|39/100
|j| bw ban everything
|inactive|BWR EGC has 120 seconds left.
|c|☆rabian|@bw ban everything that is a greatname
|l| bw ban everything
|inactive|BWR EGC has 90 seconds left.
|
|t:|1718821045
|switch|p1a: HEINEKEN|Starmie|47/100|[from] U-turn
|-damage|p1a: HEINEKEN|35/100|[from] Stealth Rock
|
|-weather|RainDance|[upkeep]
|-heal|p2a: Squid|45/100|[from] ability: Rain Dish
|-heal|p2a: Squid|51/100|[from] item: Black Sludge
|upkeep
|turn|25
|
|t:|1718821057
|switch|p2a: Wall|Ferrothorn, M|55/100 brn
|move|p1a: HEINEKEN|Hydro Pump|p2a: Wall|[miss]
|-miss|p1a: HEINEKEN|p2a: Wall
|
|-weather|RainDance|[upkeep]
|-heal|p2a: Wall|61/100 brn|[from] item: Leftovers
|-damage|p2a: Wall|49/100 brn|[from] brn
|upkeep
|turn|26
|
|t:|1718821065
|move|p1a: HEINEKEN|Ice Beam|p2a: Wall
|-damage|p2a: Wall|17/100 brn
|-damage|p1a: HEINEKEN|25/100|[from] item: Life Orb
|move|p2a: Wall|Leech Seed|p1a: HEINEKEN
|-start|p1a: HEINEKEN|move: Leech Seed
|
|-weather|RainDance|[upkeep]
|-heal|p2a: Wall|23/100 brn|[from] item: Leftovers
|-damage|p1a: HEINEKEN|12/100|[from] Leech Seed|[of] p2a: Wall
|-heal|p2a: Wall|34/100 brn|[silent]
|-damage|p2a: Wall|22/100 brn|[from] brn
|upkeep
|turn|27
|
|t:|1718821071
|switch|p2a: Squid|Tentacruel, M|51/100
|move|p1a: HEINEKEN|Hydro Pump|p2a: Squid
|-resisted|p2a: Squid
|-damage|p2a: Squid|4/100
|-damage|p1a: HEINEKEN|2/100|[from] item: Life Orb
|
|-weather|RainDance|[upkeep]
|-heal|p2a: Squid|10/100|[from] ability: Rain Dish
|-heal|p2a: Squid|16/100|[from] item: Black Sludge
|-damage|p1a: HEINEKEN|0 fnt|[from] Leech Seed|[of] p2a: Squid
|-heal|p2a: Squid|18/100|[silent]
|faint|p1a: HEINEKEN
|upkeep
|c|☆BWR EGC|you only talk too much beacuse you killed my tar
|
|t:|1718821097
|switch|p1a: NEVERSTEPBACK|Scizor, F|83/100
|-damage|p1a: NEVERSTEPBACK|71/100|[from] Stealth Rock
|turn|28
|c|☆rabian|your tar was faster4 than my politoed
|c| goh (hunt da rosa)|lol
|c|☆rabian|why woudl you have a fast tar
|
|t:|1718821114
|move|p1a: NEVERSTEPBACK|Pursuit|p2a: Squid
|-damage|p2a: Squid|0 fnt
|faint|p2a: Squid
|
|-weather|RainDance|[upkeep]
|upkeep
|
|t:|1718821122
|switch|p2a: Wall|Ferrothorn, M|22/100 brn
|turn|29
|c|☆BWR EGC|why would you not shut up
|c|☆rabian|why would i shut up
|
|t:|1718821135
|switch|p1a: PORN STAR|Jirachi|85/100
|-damage|p1a: PORN STAR|79/100|[from] Stealth Rock
|move|p2a: Wall|Leech Seed|p1a: PORN STAR|[miss]
|-miss|p2a: Wall|p1a: PORN STAR
|
|-weather|RainDance|[upkeep]
|-heal|p1a: PORN STAR|85/100|[from] item: Leftovers
|-heal|p2a: Wall|28/100 brn|[from] item: Leftovers
|-damage|p2a: Wall|15/100 brn|[from] brn
|upkeep
|turn|30
|c|☆rabian|talking is fun
|
|t:|1718821143
|move|p1a: PORN STAR|Wish|p1a: PORN STAR
|move|p2a: Wall|Leech Seed|p1a: PORN STAR
|-start|p1a: PORN STAR|move: Leech Seed
|
|-weather|RainDance|[upkeep]
|-heal|p1a: PORN STAR|91/100|[from] item: Leftovers
|-heal|p2a: Wall|22/100 brn|[from] item: Leftovers
|-damage|p1a: PORN STAR|79/100|[from] Leech Seed|[of] p2a: Wall
|-heal|p2a: Wall|39/100 brn|[silent]
|-damage|p2a: Wall|26/100 brn|[from] brn
|upkeep
|turn|31
|
|t:|1718821152
|move|p1a: PORN STAR|U-turn|p2a: Wall
|-crit|p2a: Wall
|-damage|p2a: Wall|2/100 brn
|-damage|p1a: PORN STAR|66/100|[from] ability: Iron Barbs|[of] p2a: Wall
|
|t:|1718821162
|switch|p1a: NEVERSTEPBACK|Scizor, F|71/100|[from] U-turn
|-damage|p1a: NEVERSTEPBACK|59/100|[from] Stealth Rock
|move|p2a: Wall|Gyro Ball|p1a: NEVERSTEPBACK
|-resisted|p1a: NEVERSTEPBACK
|-damage|p1a: NEVERSTEPBACK|43/100
|
|-weather|RainDance|[upkeep]
|-heal|p1a: NEVERSTEPBACK|100/100|[from] move: Wish|[wisher] PORN STAR
|-heal|p2a: Wall|8/100 brn|[from] item: Leftovers
|-damage|p2a: Wall|0 fnt|[from] brn
|faint|p2a: Wall
|upkeep
|
|t:|1718821175
|switch|p2a: Just A Magikarp|Gyarados, M, shiny|43/100
|-ability|p2a: Just A Magikarp|Intimidate|boost
|-unboost|p1a: NEVERSTEPBACK|atk|1
|turn|32
|
|t:|1718821180
|move|p1a: NEVERSTEPBACK|U-turn|p2a: Just A Magikarp
|-resisted|p2a: Just A Magikarp
|-damage|p2a: Just A Magikarp|26/100
|
|t:|1718821182
|switch|p1a: LÁVATE PUT0|Rotom-Wash, shiny|68/100|[from] U-turn
|-damage|p1a: LÁVATE PUT0|56/100|[from] Stealth Rock
|move|p2a: Just A Magikarp|Waterfall|p1a: LÁVATE PUT0
|-resisted|p1a: LÁVATE PUT0
|-damage|p1a: LÁVATE PUT0|36/100
|
|-weather|RainDance|[upkeep]
|-heal|p2a: Just A Magikarp|32/100|[from] item: Leftovers
|-heal|p1a: LÁVATE PUT0|42/100|[from] item: Leftovers
|upkeep
|turn|33
|
|t:|1718821193
|switch|p2a: Weather Setter|Politoed, M|25/100 par
|move|p1a: LÁVATE PUT0|Hydro Pump|p2a: Weather Setter
|-resisted|p2a: Weather Setter
|-damage|p2a: Weather Setter|1/100 par
|
|-weather|RainDance|[upkeep]
|-heal|p1a: LÁVATE PUT0|48/100|[from] item: Leftovers
|-heal|p2a: Weather Setter|7/100 par|[from] item: Leftovers
|upkeep
|turn|34
|
|t:|1718821202
|move|p1a: LÁVATE PUT0|Hydro Pump|p2a: Weather Setter
|-resisted|p2a: Weather Setter
|-crit|p2a: Weather Setter
|-damage|p2a: Weather Setter|0 fnt
|faint|p2a: Weather Setter
|
|-weather|RainDance|[upkeep]
|-heal|p1a: LÁVATE PUT0|54/100|[from] item: Leftovers
|upkeep
|
|t:|1718821208
|switch|p2a: Look at this boi|Jolteon, M|100/100
|turn|35
|
|t:|1718821215
|move|p2a: Look at this boi|Thunder|p1a: LÁVATE PUT0
|-damage|p1a: LÁVATE PUT0|0 fnt
|faint|p1a: LÁVATE PUT0
|
|-weather|RainDance|[upkeep]
|upkeep
|
|t:|1718821219
|switch|p1a: Bigotudo|Landorus-Therian, M|100/100
|-damage|p1a: Bigotudo|88/100|[from] Stealth Rock
|-ability|p1a: Bigotudo|Intimidate|boost
|-unboost|p2a: Look at this boi|atk|1
|turn|36
|
|t:|1718821222
|switch|p2a: Just A Magikarp|Gyarados, M, shiny|32/100
|-ability|p2a: Just A Magikarp|Intimidate|boost
|-unboost|p1a: Bigotudo|atk|1
|move|p1a: Bigotudo|U-turn|p2a: Just A Magikarp
|-resisted|p2a: Just A Magikarp
|-damage|p2a: Just A Magikarp|23/100
|
|t:|1718821227
|switch|p1a: NEVERSTEPBACK|Scizor, F|100/100|[from] U-turn
|-damage|p1a: NEVERSTEPBACK|88/100|[from] Stealth Rock
|
|-weather|RainDance|[upkeep]
|-heal|p2a: Just A Magikarp|29/100|[from] item: Leftovers
|upkeep
|turn|37
|
|t:|1718821229
|move|p1a: NEVERSTEPBACK|Bullet Punch|p2a: Just A Magikarp
|-resisted|p2a: Just A Magikarp
|-damage|p2a: Just A Magikarp|7/100
|move|p2a: Just A Magikarp|Waterfall|p1a: NEVERSTEPBACK
|-damage|p1a: NEVERSTEPBACK|20/100
|
|-weather|RainDance|[upkeep]
|-heal|p2a: Just A Magikarp|13/100|[from] item: Leftovers
|upkeep
|turn|38
|
|t:|1718821255
|move|p1a: NEVERSTEPBACK|Bullet Punch|p2a: Just A Magikarp
|-resisted|p2a: Just A Magikarp
|-damage|p2a: Just A Magikarp|0 fnt
|faint|p2a: Just A Magikarp
|
|-weather|RainDance|[upkeep]
|upkeep
|
|t:|1718821262
|switch|p2a: Look at this boi|Jolteon, M|100/100
|turn|39
|
|t:|1718821268
|move|p1a: NEVERSTEPBACK|Bullet Punch|p2a: Look at this boi
|-resisted|p2a: Look at this boi
|-damage|p2a: Look at this boi|53/100
|move|p2a: Look at this boi|Volt Switch|p1a: NEVERSTEPBACK
|-damage|p1a: NEVERSTEPBACK|0 fnt
|faint|p1a: NEVERSTEPBACK
|
|t:|1718821274
|switch|p2a: Trans Flag|Toxicroak, M, shiny|100/100|[from] Volt Switch
|
|-weather|RainDance|[upkeep]
|upkeep
|
|t:|1718821276
|switch|p1a: Bigotudo|Landorus-Therian, M|88/100
|-damage|p1a: Bigotudo|76/100|[from] Stealth Rock
|-ability|p1a: Bigotudo|Intimidate|boost
|-unboost|p2a: Trans Flag|atk|1
|turn|40
|c|☆rabian|dammit i lost
|c| goh (hunt da rosa)|scarf
|c|☆rabian|well played
|c|☆BWR EGC|no
|c|☆BWR EGC|ur scarf
|c|☆BWR EGC|croak
|c|☆BWR EGC|f off
|inactive|rabian has 120 seconds left.
|c|☆rabian|what
|
|t:|1718821309
|move|p2a: Trans Flag|Sucker Punch|p1a: Bigotudo
|-damage|p1a: Bigotudo|57/100
|move|p1a: Bigotudo|Earthquake|p2a: Trans Flag
|-supereffective|p2a: Trans Flag
|-enditem|p2a: Trans Flag|Focus Sash
|-damage|p2a: Trans Flag|1/100
|
|-weather|RainDance|[upkeep]
|-heal|p2a: Trans Flag|13/100|[from] ability: Dry Skin
|upkeep
|turn|41
|c|☆BWR EGC|what
|c|☆rabian|i'm sash
|inactive|rabian has 120 seconds left.
|
|t:|1718821321
|move|p2a: Trans Flag|Sucker Punch|p1a: Bigotudo
|-crit|p1a: Bigotudo
|-damage|p1a: Bigotudo|0 fnt
|faint|p1a: Bigotudo
|
|-weather|RainDance|[upkeep]
|-heal|p2a: Trans Flag|26/100|[from] ability: Dry Skin
|upkeep
|
|t:|1718821323
|switch|p1a: PORN STAR|Jirachi|66/100
|-damage|p1a: PORN STAR|60/100|[from] Stealth Rock
|turn|42
|c| goh (hunt da rosa)|lol
|c|☆BWR EGC|lmao
|c|☆rabian|well that was dumb
|c|☆rabian|sorry
|inactive|rabian has 120 seconds left.
|
|t:|1718821340
|switch|p2a: Look at this boi|Jolteon, M|53/100
|move|p1a: PORN STAR|Wish|p1a: PORN STAR
|
|-weather|RainDance|[upkeep]
|-heal|p1a: PORN STAR|66/100|[from] item: Leftovers
|upkeep
|turn|43
|
|t:|1718821347
|move|p2a: Look at this boi|Thunder|p1a: PORN STAR
|-damage|p1a: PORN STAR|33/100
|move|p1a: PORN STAR|U-turn|p2a: Look at this boi
|-damage|p2a: Look at this boi|23/100
|
|-weather|RainDance|[upkeep]
|-heal|p1a: PORN STAR|83/100|[from] move: Wish|[wisher] PORN STAR
|-heal|p1a: PORN STAR|89/100|[from] item: Leftovers
|upkeep
|turn|44
|
|t:|1718821356
|move|p1a: PORN STAR|Protect|p1a: PORN STAR
|-singleturn|p1a: PORN STAR|Protect
|move|p2a: Look at this boi|Thunder|p1a: PORN STAR
|-activate|p1a: PORN STAR|move: Protect
|
|-weather|RainDance|[upkeep]
|-heal|p1a: PORN STAR|96/100|[from] item: Leftovers
|upkeep
|turn|45
|c| goh (hunt da rosa)|land is bad
|
|t:|1718821364
|move|p2a: Look at this boi|Thunder|p1a: PORN STAR
|-damage|p1a: PORN STAR|58/100
|move|p1a: PORN STAR|U-turn|p2a: Look at this boi
|-damage|p2a: Look at this boi|0 fnt
|faint|p2a: Look at this boi
|
|-weather|RainDance|[upkeep]
|-heal|p1a: PORN STAR|64/100|[from] item: Leftovers
|upkeep
|
|t:|1718821372
|switch|p2a: Trans Flag|Toxicroak, M, shiny|26/100
|turn|46
|
|t:|1718821375
|move|p2a: Trans Flag|Drain Punch|p1a: PORN STAR
|-damage|p1a: PORN STAR|35/100
|-heal|p2a: Trans Flag|44/100|[from] drain|[of] p1a: PORN STAR
|move|p1a: PORN STAR|Iron Head|p2a: Trans Flag
|-damage|p2a: Trans Flag|1/100
|
|-weather|RainDance|[upkeep]
|-heal|p2a: Trans Flag|14/100|[from] ability: Dry Skin
|-heal|p1a: PORN STAR|42/100|[from] item: Leftovers
|upkeep
|turn|47
|
|t:|1718821386
|move|p2a: Trans Flag|Drain Punch|p1a: PORN STAR
|-damage|p1a: PORN STAR|12/100
|-heal|p2a: Trans Flag|33/100|[from] drain|[of] p1a: PORN STAR
|move|p1a: PORN STAR|Iron Head|p2a: Trans Flag
|-damage|p2a: Trans Flag|0 fnt
|faint|p2a: Trans Flag
|
|win|BWR EGC
|raw|BWR EGC's rating: 1404 &rarr; <strong>1422</strong><br />(+18 for winning)
|raw|rabian's rating: 1363 &rarr; <strong>1345</strong><br />(-18 for losing)
|j| proton osorio
|c|☆rabian|gg
|c|☆rabian|you deserved ther win
|c| goh (hunt da rosa)|gg
|c|☆rabian|well played
|c|☆rabian|sorry for the dumb luck
|c|☆rabian|but you won anyway
