|j|☆doughboy
|j|☆Machine Gun Dragon
|player|p1|doughboy|169|1537
|player|p2|Machine Gun Dragon|92|1457
|teamsize|p1|6
|teamsize|p2|6
|gametype|singles
|gen|5
|tier|[Gen 5] OU
|rated|
|rule|Sleep Clause Mod: Limit one foe put to sleep
|rule|Species Clause: Limit one of each Pokémon
|rule|OHKO Clause: OHKO moves are banned
|rule|Moody Clause: Moody is banned
|rule|Evasion Moves Clause: Evasion moves are banned
|rule|Endless Battle Clause: Forcing endless battles is banned
|rule|HP Percentage Mod: HP is shown in percentages
|rule|Evasion Abilities Clause: Evasion abilities are banned
|rule|Baton Pass Clause: Limit one Baton Passer, can't pass Spe and other stats simultaneously
|rule|Swagger Clause: Swagger is banned
|clearpoke
|poke|p1|Abomasnow, F|item
|poke|p1|Kyurem-Black|item
|poke|p1|Alakazam, F|item
|poke|p1|Forretress, F|item
|poke|p1|Dragonite, F|item
|poke|p1|Jellicent, M|item
|poke|p2|Politoed, M|item
|poke|p2|Ferrothorn, F|item
|poke|p2|Tentacruel, M|item
|poke|p2|Dragonite, M|item
|poke|p2|Jirachi|item
|poke|p2|Latios, M|item
|teampreview
|inactive|Battle timer is ON: inactive players will automatically lose when time's up. (requested by Machine Gun Dragon)
|inactive|doughboy has 120 seconds left.
|inactive|doughboy has 90 seconds left.
|
|start
|switch|p1a: Jellicent|Jellicent, M, shiny|100/100
|switch|p2a: Politoed|Politoed, M, shiny|100/100
|-weather|RainDance|[from] ability: Drizzle|[of] p2a: Politoed
|turn|1
|
|move|p1a: Jellicent|Will-O-Wisp|p2a: Politoed|[miss]
|-miss|p1a: Jellicent|p2a: Politoed
|move|p2a: Politoed|Toxic|p1a: Jellicent
|-status|p1a: Jellicent|tox
|
|-weather|RainDance|[upkeep]
|-damage|p1a: Jellicent|94/100 tox|[from] psn
|upkeep
|turn|2
|
|move|p2a: Politoed|Protect|p2a: Politoed
|-singleturn|p2a: Politoed|Protect
|move|p1a: Jellicent|Will-O-Wisp|p2a: Politoed
|-activate|p2a: Politoed|move: Protect
|
|-weather|RainDance|[upkeep]
|-heal|p1a: Jellicent|100/100 tox|[from] item: Leftovers
|-damage|p1a: Jellicent|88/100 tox|[from] psn
|upkeep
|turn|3
|inactive|Machine Gun Dragon has 120 seconds left.
|
|switch|p2a: Tentacruel|Tentacruel, M, shiny|100/100
|move|p1a: Jellicent|Will-O-Wisp|p2a: Tentacruel
|-status|p2a: Tentacruel|brn
|
|-weather|RainDance|[upkeep]
|-heal|p1a: Jellicent|94/100 tox|[from] item: Leftovers
|-damage|p2a: Tentacruel|88/100 brn|[from] brn
|-damage|p1a: Jellicent|76/100 tox|[from] psn
|upkeep
|turn|4
|
|switch|p1a: Abomasnow|Abomasnow, F|100/100
|-weather|Hail|[from] ability: Snow Warning|[of] p1a: Abomasnow
|move|p2a: Tentacruel|Toxic Spikes|p1a: Abomasnow
|-sidestart|p1: doughboy|move: Toxic Spikes
|
|-weather|Hail|[upkeep]
|-damage|p2a: Tentacruel|82/100 brn|[from] Hail
|-heal|p2a: Tentacruel|88/100 brn|[from] item: Black Sludge
|-damage|p2a: Tentacruel|76/100 brn|[from] brn
|upkeep
|turn|5
|inactive|Machine Gun Dragon has 120 seconds left.
|
|switch|p2a: Politoed|Politoed, M, shiny|100/100
|-weather|RainDance|[from] ability: Drizzle|[of] p2a: Politoed
|switch|p1a: Forretress|Forretress, F, shiny|100/100
|
|-weather|RainDance|[upkeep]
|upkeep
|turn|6
|
|switch|p2a: Jirachi|Jirachi|100/100
|switch|p1a: Jellicent|Jellicent, M, shiny|76/100 tox
|
|-weather|RainDance|[upkeep]
|-heal|p1a: Jellicent|82/100 tox|[from] item: Leftovers
|-damage|p1a: Jellicent|76/100 tox|[from] psn
|upkeep
|turn|7
|
|move|p2a: Jirachi|Substitute|p2a: Jirachi
|-start|p2a: Jirachi|Substitute
|-damage|p2a: Jirachi|75/100
|move|p1a: Jellicent|Taunt|p2a: Jirachi
|-start|p2a: Jirachi|move: Taunt
|
|-weather|RainDance|[upkeep]
|-heal|p2a: Jirachi|82/100|[from] item: Leftovers
|-heal|p1a: Jellicent|82/100 tox|[from] item: Leftovers
|-damage|p1a: Jellicent|69/100 tox|[from] psn
|upkeep
|turn|8
|
|switch|p1a: Abomasnow|Abomasnow, F|100/100
|-status|p1a: Abomasnow|psn
|-weather|Hail|[from] ability: Snow Warning|[of] p1a: Abomasnow
|move|p2a: Jirachi|Thunder|p1a: Abomasnow|[miss]
|-miss|p2a: Jirachi|p1a: Abomasnow
|
|-weather|Hail|[upkeep]
|-damage|p2a: Jirachi|75/100|[from] Hail
|-heal|p2a: Jirachi|82/100|[from] item: Leftovers
|-damage|p1a: Abomasnow|88/100 psn|[from] psn
|upkeep
|turn|9
|
|switch|p1a: Forretress|Forretress, F, shiny|100/100
|move|p2a: Jirachi|Psyshock|p1a: Forretress
|-resisted|p1a: Forretress
|-damage|p1a: Forretress|92/100
|
|-weather|Hail|[upkeep]
|-damage|p2a: Jirachi|75/100|[from] Hail
|-heal|p2a: Jirachi|82/100|[from] item: Leftovers
|-heal|p1a: Forretress|98/100|[from] item: Leftovers
|upkeep
|turn|10
|
|move|p2a: Jirachi|Thunder|p1a: Forretress
|-damage|p1a: Forretress|59/100
|-status|p1a: Forretress|par
|move|p1a: Forretress|Stealth Rock|p2a: Jirachi
|-sidestart|p2: Machine Gun Dragon|move: Stealth Rock
|
|-weather|Hail|[upkeep]
|-damage|p2a: Jirachi|75/100|[from] Hail
|-heal|p2a: Jirachi|82/100|[from] item: Leftovers
|-heal|p1a: Forretress|65/100 par|[from] item: Leftovers
|-end|p2a: Jirachi|move: Taunt
|upkeep
|turn|11
|
|switch|p1a: Kyurem|Kyurem-Black, shiny|100/100
|-status|p1a: Kyurem|psn
|-ability|p1a: Kyurem|Teravolt
|move|p2a: Jirachi|Calm Mind|p2a: Jirachi
|-boost|p2a: Jirachi|spa|1
|-boost|p2a: Jirachi|spd|1
|
|-weather|Hail|[upkeep]
|-damage|p2a: Jirachi|75/100|[from] Hail
|-heal|p2a: Jirachi|82/100|[from] item: Leftovers
|-damage|p1a: Kyurem|88/100 psn|[from] psn
|upkeep
|turn|12
|inactive|Machine Gun Dragon has 120 seconds left.
|inactive|Machine Gun Dragon has 90 seconds left.
|
|move|p2a: Jirachi|Psyshock|p1a: Kyurem
|-damage|p1a: Kyurem|50/100 psn
|move|p1a: Kyurem|Earth Power|p2a: Jirachi
|-supereffective|p2a: Jirachi
|-end|p2a: Jirachi|Substitute
|-damage|p1a: Kyurem|40/100 psn|[from] item: Life Orb
|
|-weather|Hail|[upkeep]
|-damage|p2a: Jirachi|75/100|[from] Hail
|-heal|p2a: Jirachi|82/100|[from] item: Leftovers
|-damage|p1a: Kyurem|28/100 psn|[from] psn
|upkeep
|turn|13
|inactive|Machine Gun Dragon has 90 seconds left.
|
|move|p2a: Jirachi|Psyshock|p1a: Kyurem
|-damage|p1a: Kyurem|0 fnt
|faint|p1a: Kyurem
|
|-weather|Hail|[upkeep]
|-damage|p2a: Jirachi|75/100|[from] Hail
|-heal|p2a: Jirachi|82/100|[from] item: Leftovers
|upkeep
|
|switch|p1a: Alakazam|Alakazam, F, shiny|100/100
|-status|p1a: Alakazam|psn
|turn|14
|inactive|Machine Gun Dragon has 90 seconds left.
|inactive|Machine Gun Dragon has 60 seconds left.
|
|move|p1a: Alakazam|Thunder Wave|p2a: Jirachi
|-status|p2a: Jirachi|par
|move|p2a: Jirachi|Psyshock|p1a: Alakazam
|-resisted|p1a: Alakazam
|-damage|p1a: Alakazam|46/100 psn
|
|-weather|Hail|[upkeep]
|-damage|p2a: Jirachi|75/100 par|[from] Hail
|-heal|p2a: Jirachi|82/100 par|[from] item: Leftovers
|upkeep
|turn|15
|inactive|Machine Gun Dragon has 60 seconds left.
|
|switch|p1a: Abomasnow|Abomasnow, F|88/100 psn
|move|p2a: Jirachi|Psyshock|p1a: Abomasnow
|-damage|p1a: Abomasnow|38/100 psn
|
|-weather|Hail|[upkeep]
|-damage|p2a: Jirachi|75/100 par|[from] Hail
|-heal|p1a: Abomasnow|44/100 psn|[from] item: Leftovers
|-heal|p2a: Jirachi|82/100 par|[from] item: Leftovers
|-damage|p1a: Abomasnow|31/100 psn|[from] psn
|upkeep
|turn|16
|inactive|Machine Gun Dragon has 60 seconds left.
|
|move|p1a: Abomasnow|Leech Seed|p2a: Jirachi
|-start|p2a: Jirachi|move: Leech Seed
|move|p2a: Jirachi|Psyshock|p1a: Abomasnow
|-damage|p1a: Abomasnow|0 fnt
|faint|p1a: Abomasnow
|
|-weather|Hail|[upkeep]
|-damage|p2a: Jirachi|75/100 par|[from] Hail
|-heal|p2a: Jirachi|82/100 par|[from] item: Leftovers
|upkeep
|
|switch|p1a: Forretress|Forretress, F, shiny|65/100 par
|turn|17
|inactive|Machine Gun Dragon has 60 seconds left.
|
|move|p2a: Jirachi|Thunder|p1a: Forretress|[miss]
|-miss|p2a: Jirachi|p1a: Forretress
|cant|p1a: Forretress|par
|
|-weather|Hail|[upkeep]
|-damage|p2a: Jirachi|75/100 par|[from] Hail
|-heal|p2a: Jirachi|82/100 par|[from] item: Leftovers
|-heal|p1a: Forretress|72/100 par|[from] item: Leftovers
|-damage|p2a: Jirachi|69/100 par|[from] Leech Seed|[of] p1a: Forretress
|-heal|p1a: Forretress|86/100 par|[silent]
|upkeep
|turn|18
|
|switch|p2a: Politoed|Politoed, M, shiny|100/100
|-damage|p2a: Politoed|88/100|[from] Stealth Rock
|-weather|RainDance|[from] ability: Drizzle|[of] p2a: Politoed
|move|p1a: Forretress|Spikes|p2a: Politoed
|-sidestart|p2: Machine Gun Dragon|Spikes
|
|-weather|RainDance|[upkeep]
|-heal|p2a: Politoed|94/100|[from] item: Leftovers
|-heal|p1a: Forretress|92/100 par|[from] item: Leftovers
|upkeep
|turn|19
|inactive|Machine Gun Dragon has 60 seconds left.
|
|switch|p1a: Jellicent|Jellicent, M, shiny|69/100 tox
|move|p2a: Politoed|Scald|p1a: Jellicent
|-heal|p1a: Jellicent|94/100 tox|[from] ability: Water Absorb|[of] p2a: Politoed
|
|-weather|RainDance|[upkeep]
|-heal|p1a: Jellicent|100/100 tox|[from] item: Leftovers
|-heal|p2a: Politoed|100/100|[from] item: Leftovers
|-damage|p1a: Jellicent|94/100 tox|[from] psn
|upkeep
|turn|20
|
|move|p2a: Politoed|Protect|p2a: Politoed
|-singleturn|p2a: Politoed|Protect
|move|p1a: Jellicent|Taunt|p2a: Politoed
|-activate|p2a: Politoed|move: Protect
|
|-weather|RainDance|[upkeep]
|-heal|p1a: Jellicent|100/100 tox|[from] item: Leftovers
|-damage|p1a: Jellicent|88/100 tox|[from] psn
|upkeep
|turn|21
|inactive|Machine Gun Dragon has 60 seconds left.
|inactive|Machine Gun Dragon has 30 seconds left.
|
|move|p1a: Jellicent|Scald|p2a: Politoed
|-resisted|p2a: Politoed
|-damage|p2a: Politoed|84/100
|move|p2a: Politoed|Perish Song|p2a: Politoed
|-start|p1a: Jellicent|perish3|[silent]
|-start|p2a: Politoed|perish3|[silent]
|-fieldactivate|move: Perish Song
|
|-weather|RainDance|[upkeep]
|-heal|p1a: Jellicent|94/100 tox|[from] item: Leftovers
|-heal|p2a: Politoed|90/100|[from] item: Leftovers
|-damage|p1a: Jellicent|76/100 tox|[from] psn
|-start|p1a: Jellicent|perish3
|-start|p2a: Politoed|perish3
|upkeep
|turn|22
|inactive|Machine Gun Dragon has 30 seconds left.
|
|switch|p1a: Forretress|Forretress, F, shiny|92/100 par
|move|p2a: Politoed|Protect||[still]
|-fail|p2a: Politoed
|
|-weather|RainDance|[upkeep]
|-heal|p2a: Politoed|96/100|[from] item: Leftovers
|-heal|p1a: Forretress|98/100 par|[from] item: Leftovers
|-start|p2a: Politoed|perish2
|upkeep
|turn|23
|inactive|Machine Gun Dragon has 30 seconds left.
|
|move|p2a: Politoed|Scald|p1a: Forretress
|-damage|p1a: Forretress|50/100 par
|move|p1a: Forretress|Spikes|p2a: Politoed
|-sidestart|p2: Machine Gun Dragon|Spikes
|
|-weather|RainDance|[upkeep]
|-heal|p2a: Politoed|100/100|[from] item: Leftovers
|-heal|p1a: Forretress|56/100 par|[from] item: Leftovers
|-start|p2a: Politoed|perish1
|upkeep
|turn|24
|
|switch|p2a: Latios|Latios, M, shiny|100/100
|-damage|p2a: Latios|88/100|[from] Stealth Rock
|cant|p1a: Forretress|par
|
|-weather|RainDance|[upkeep]
|-heal|p2a: Latios|94/100|[from] item: Leftovers
|-heal|p1a: Forretress|62/100 par|[from] item: Leftovers
|upkeep
|turn|25
|
|move|p2a: Latios|Surf|p1a: Forretress
|-damage|p1a: Forretress|0 fnt
|faint|p1a: Forretress
|
|-weather|RainDance|[upkeep]
|-heal|p2a: Latios|99/100|[from] item: Leftovers
|upkeep
|
|switch|p1a: Jellicent|Jellicent, M, shiny|76/100 tox
|turn|26
|inactive|Machine Gun Dragon has 30 seconds left.
|
|move|p2a: Latios|Dragon Pulse|p1a: Jellicent
|-damage|p1a: Jellicent|38/100 tox
|move|p1a: Jellicent|Taunt|p2a: Latios
|-start|p2a: Latios|move: Taunt
|
|-weather|RainDance|[upkeep]
|-heal|p2a: Latios|100/100|[from] item: Leftovers
|-heal|p1a: Jellicent|44/100 tox|[from] item: Leftovers
|-damage|p1a: Jellicent|38/100 tox|[from] psn
|upkeep
|turn|27
|inactive|Machine Gun Dragon has 30 seconds left.
|
|move|p2a: Latios|Dragon Pulse|p1a: Jellicent
|-damage|p1a: Jellicent|0 fnt
|faint|p1a: Jellicent
|
|-weather|RainDance|[upkeep]
|upkeep
|
|switch|p1a: Dragonite|Dragonite, F, shiny|100/100
|turn|28
|
|move|p2a: Latios|Dragon Pulse|p1a: Dragonite
|-supereffective|p1a: Dragonite
|-damage|p1a: Dragonite|52/100
|move|p1a: Dragonite|Dragon Dance|p1a: Dragonite
|-boost|p1a: Dragonite|atk|1
|-boost|p1a: Dragonite|spe|1
|
|-weather|RainDance|[upkeep]
|-heal|p1a: Dragonite|58/100|[from] item: Leftovers
|upkeep
|turn|29
|
|move|p1a: Dragonite|Roost|p1a: Dragonite
|-heal|p1a: Dragonite|100/100
|-singleturn|p1a: Dragonite|move: Roost
|move|p2a: Latios|Dragon Pulse|p1a: Dragonite
|-supereffective|p1a: Dragonite
|-damage|p1a: Dragonite|53/100
|
|-weather|RainDance|[upkeep]
|-heal|p1a: Dragonite|59/100|[from] item: Leftovers
|-end|p2a: Latios|move: Taunt
|upkeep
|turn|30
|
|move|p1a: Dragonite|Dragon Claw|p2a: Latios
|-supereffective|p2a: Latios
|-damage|p2a: Latios|0 fnt
|faint|p2a: Latios
|
|-weather|RainDance|[upkeep]
|-heal|p1a: Dragonite|66/100|[from] item: Leftovers
|upkeep
|
|switch|p2a: Politoed|Politoed, M, shiny|100/100
|-damage|p2a: Politoed|84/100|[from] Spikes
|-damage|p2a: Politoed|71/100|[from] Stealth Rock
|turn|31
|
|switch|p1a: Alakazam|Alakazam, F, shiny|46/100 psn
|move|p2a: Politoed|Toxic||[still]
|-fail|p2a: Politoed
|
|-weather|RainDance|[upkeep]
|-heal|p2a: Politoed|78/100|[from] item: Leftovers
|upkeep
|turn|32
|
|move|p2a: Politoed|Protect|p2a: Politoed
|-singleturn|p2a: Politoed|Protect
|move|p1a: Alakazam|Thunder Wave|p2a: Politoed
|-activate|p2a: Politoed|move: Protect
|
|-weather|RainDance|[upkeep]
|-heal|p2a: Politoed|84/100|[from] item: Leftovers
|upkeep
|turn|33
|inactive|Machine Gun Dragon has 60 seconds left.
|
|switch|p2a: Ferrothorn|Ferrothorn, F|100/100
|-damage|p2a: Ferrothorn|84/100|[from] Spikes
|-damage|p2a: Ferrothorn|78/100|[from] Stealth Rock
|move|p1a: Alakazam|Thunder Wave|p2a: Ferrothorn
|-status|p2a: Ferrothorn|par
|
|-weather|RainDance|[upkeep]
|-heal|p2a: Ferrothorn|84/100 par|[from] item: Leftovers
|upkeep
|turn|34
|
|move|p1a: Alakazam|Focus Blast|p2a: Ferrothorn
|-supereffective|p2a: Ferrothorn
|-damage|p2a: Ferrothorn|20/100 par
|move|p2a: Ferrothorn|Stealth Rock|p1a: Alakazam
|-sidestart|p1: doughboy|move: Stealth Rock
|
|-weather|RainDance|[upkeep]
|-heal|p2a: Ferrothorn|27/100 par|[from] item: Leftovers
|upkeep
|turn|35
|
|move|p1a: Alakazam|Focus Blast|p2a: Ferrothorn
|-supereffective|p2a: Ferrothorn
|-damage|p2a: Ferrothorn|0 fnt
|faint|p2a: Ferrothorn
|
|-weather|RainDance|[upkeep]
|upkeep
|inactive|Machine Gun Dragon has 60 seconds left.
|inactive|Machine Gun Dragon has 30 seconds left.
|
|switch|p2a: Jirachi|Jirachi|69/100 par
|-damage|p2a: Jirachi|63/100 par|[from] Stealth Rock
|-damage|p2a: Jirachi|47/100 par|[from] Spikes
|turn|36
|
|move|p1a: Alakazam|Focus Blast|p2a: Jirachi|[miss]
|-miss|p1a: Alakazam|p2a: Jirachi
|move|p2a: Jirachi|Thunder|p1a: Alakazam
|-crit|p1a: Alakazam
|-damage|p1a: Alakazam|0 fnt
|faint|p1a: Alakazam
|
|-weather|RainDance|[upkeep]
|-heal|p2a: Jirachi|53/100 par|[from] item: Leftovers
|upkeep
|
|switch|p1a: Dragonite|Dragonite, F, shiny|66/100
|-damage|p1a: Dragonite|41/100|[from] Stealth Rock
|turn|37
|
|move|p1a: Dragonite|Dragon Dance|p1a: Dragonite
|-boost|p1a: Dragonite|atk|1
|-boost|p1a: Dragonite|spe|1
|cant|p2a: Jirachi|par
|
|-weather|RainDance|[upkeep]
|-heal|p1a: Dragonite|47/100|[from] item: Leftovers
|-heal|p2a: Jirachi|59/100 par|[from] item: Leftovers
|upkeep
|turn|38
|inactive|doughboy has 120 seconds left.
|
|move|p1a: Dragonite|Roost|p1a: Dragonite
|-heal|p1a: Dragonite|97/100
|-singleturn|p1a: Dragonite|move: Roost
|move|p2a: Jirachi|Thunder|p1a: Dragonite
|-resisted|p1a: Dragonite
|-damage|p1a: Dragonite|83/100
|-status|p1a: Dragonite|par
|
|-weather|RainDance|[upkeep]
|-heal|p1a: Dragonite|89/100 par|[from] item: Leftovers
|-heal|p2a: Jirachi|65/100 par|[from] item: Leftovers
|upkeep
|turn|39
|inactive|Machine Gun Dragon has 60 seconds left.
|
|move|p1a: Dragonite|Dragon Dance|p1a: Dragonite
|-boost|p1a: Dragonite|atk|1
|-boost|p1a: Dragonite|spe|1
|move|p2a: Jirachi|Calm Mind|p2a: Jirachi
|-boost|p2a: Jirachi|spa|1
|-boost|p2a: Jirachi|spd|1
|
|-weather|RainDance|[upkeep]
|-heal|p1a: Dragonite|95/100 par|[from] item: Leftovers
|-heal|p2a: Jirachi|71/100 par|[from] item: Leftovers
|upkeep
|turn|40
|
|switch|p2a: Politoed|Politoed, M, shiny|84/100
|-damage|p2a: Politoed|71/100|[from] Stealth Rock
|-damage|p2a: Politoed|55/100|[from] Spikes
|move|p1a: Dragonite|Dragon Dance|p1a: Dragonite
|-boost|p1a: Dragonite|atk|1
|-boost|p1a: Dragonite|spe|1
|
|-weather|RainDance|[upkeep]
|-heal|p2a: Politoed|61/100|[from] item: Leftovers
|-heal|p1a: Dragonite|100/100 par|[from] item: Leftovers
|upkeep
|turn|41
|
|move|p2a: Politoed|Perish Song|p2a: Politoed
|-start|p1a: Dragonite|perish3|[silent]
|-start|p2a: Politoed|perish3|[silent]
|-fieldactivate|move: Perish Song
|move|p1a: Dragonite|Dragon Claw|p2a: Politoed
|-damage|p2a: Politoed|0 fnt
|faint|p2a: Politoed
|
|-weather|RainDance|[upkeep]
|-start|p1a: Dragonite|perish3
|upkeep
|
|switch|p2a: Tentacruel|Tentacruel, M, shiny|76/100 brn
|-damage|p2a: Tentacruel|59/100 brn|[from] Spikes
|-damage|p2a: Tentacruel|47/100 brn|[from] Stealth Rock
|turn|42
|
|move|p2a: Tentacruel|Protect|p2a: Tentacruel
|-singleturn|p2a: Tentacruel|Protect
|move|p1a: Dragonite|Dragon Claw|p2a: Tentacruel
|-activate|p2a: Tentacruel|move: Protect
|
|-weather|RainDance|[upkeep]
|-heal|p2a: Tentacruel|53/100 brn|[from] ability: Rain Dish
|-heal|p2a: Tentacruel|59/100 brn|[from] item: Black Sludge
|-damage|p2a: Tentacruel|47/100 brn|[from] brn
|-start|p1a: Dragonite|perish2
|upkeep
|turn|43
|
|switch|p2a: Jirachi|Jirachi|71/100 par
|-damage|p2a: Jirachi|55/100 par|[from] Spikes
|-damage|p2a: Jirachi|49/100 par|[from] Stealth Rock
|cant|p1a: Dragonite|par
|
|-weather|RainDance|[upkeep]
|-heal|p2a: Jirachi|55/100 par|[from] item: Leftovers
|-start|p1a: Dragonite|perish1
|upkeep
|turn|44
|
|cant|p1a: Dragonite|par
|cant|p2a: Jirachi|par
|
|-weather|RainDance|[upkeep]
|-heal|p2a: Jirachi|61/100 par|[from] item: Leftovers
|-start|p1a: Dragonite|perish0
|upkeep
|faint|p1a: Dragonite
|
|win|Machine Gun Dragon
|raw|doughboy's rating: 1537 &rarr; <strong>1513</strong><br />(-24 for losing)
|raw|Machine Gun Dragon's rating: 1458 &rarr; <strong>1482</strong><br />(+24 for winning)
