|j|☆pkonob31
|j|☆dark web uzi
|player|p1|pkonob31|erika|1344
|player|p2|dark web uzi|roxie|1316
|teamsize|p1|6
|teamsize|p2|6
|gametype|singles
|gen|5
|tier|[Gen 5] OU
|rated|
|clearpoke
|poke|p1|Metagross|item
|poke|p1|Tentacruel, M|item
|poke|p1|Landorus-Therian, M|item
|poke|p1|Kyurem-Black|item
|poke|p1|Volcarona, M|item
|poke|p1|Latios, M|item
|poke|p2|Garchomp, M|item
|poke|p2|Landorus-Therian, M|item
|poke|p2|Latios, M|item
|poke|p2|Magnezone|item
|poke|p2|Metagross|item
|poke|p2|Kyurem-Black|item
|rule|Species Clause: Limit one of each Pokémon
|rule|OHKO Clause: OHKO moves are banned
|rule|Moody Clause: Moody is banned
|rule|Evasion Moves Clause: Evasion moves are banned
|rule|Endless Battle Clause: Forcing endless battles is banned
|rule|HP Percentage Mod: HP is shown in percentages
|rule|Evasion Abilities Clause: Evasion abilities are banned
|rule|Baton Pass Clause: Limit one Baton Passer, can't pass Spe and other stats simultaneously
|rule|Sleep Clause: Sleep-inducing moves are banned
|rule|Swagger Clause: Swagger is banned
|teampreview
|inactive|Battle timer is ON: inactive players will automatically lose when time's up. (requested by pkonob31)
|
|start
|switch|p1a: Landorus|Landorus-Therian, M|100/100
|switch|p2a: Garchomp|Garchomp, M|100/100
|-ability|p1a: Landorus|Intimidate|boost
|-unboost|p2a: Garchomp|atk|1
|turn|1
|
|switch|p1a: Metagross|Metagross|100/100
|move|p2a: Garchomp|Stealth Rock|p1a: Metagross
|-sidestart|p1: pkonob31|move: Stealth Rock
|
|upkeep
|turn|2
|
|switch|p1a: Latios|Latios, M|100/100
|-damage|p1a: Latios|88/100|[from] Stealth Rock
|move|p2a: Garchomp|Swords Dance|p2a: Garchomp
|-boost|p2a: Garchomp|atk|2
|
|upkeep
|turn|3
|
|switch|p2a: Metagross|Metagross, shiny|100/100
|move|p1a: Latios|Draco Meteor|p2a: Metagross
|-resisted|p2a: Metagross
|-damage|p2a: Metagross|49/100
|-unboost|p1a: Latios|spa|2
|-damage|p1a: Latios|78/100|[from] item: Life Orb
|
|upkeep
|turn|4
|
|-activate|p1a: Latios|move: Pursuit
|move|p2a: Metagross|Pursuit|p1a: Latios|[from]Pursuit
|-supereffective|p1a: Latios
|-damage|p1a: Latios|0 fnt
|-hint|A Pokemon can't switch between when it runs out of HP and when it faints
|faint|p1a: Latios
|
|upkeep
|
|switch|p1a: Landorus|Landorus-Therian, M|100/100
|-damage|p1a: Landorus|88/100|[from] Stealth Rock
|-ability|p1a: Landorus|Intimidate|boost
|-fail|p2a: Metagross|unboost|[from] ability: Clear Body|[of] p2a: Metagross
|turn|5
|
|switch|p2a: Garchomp|Garchomp, M|100/100
|move|p1a: Landorus|U-turn|p2a: Garchomp
|-damage|p2a: Garchomp|74/100
|-damage|p1a: Landorus|76/100|[from] ability: Rough Skin|[of] p2a: Garchomp
|
|switch|p1a: Metagross|Metagross|100/100|[from]move: U-turn
|-damage|p1a: Metagross|94/100|[from] Stealth Rock
|
|-heal|p1a: Metagross|100/100|[from] item: Leftovers
|upkeep
|turn|6
|
|move|p2a: Garchomp|Earthquake|p1a: Metagross
|-supereffective|p1a: Metagross
|-damage|p1a: Metagross|24/100
|move|p1a: Metagross|Meteor Mash|p2a: Garchomp
|-damage|p2a: Garchomp|24/100
|-boost|p1a: Metagross|atk|1
|-damage|p1a: Metagross|12/100|[from] ability: Rough Skin|[of] p2a: Garchomp
|
|-heal|p1a: Metagross|18/100|[from] item: Leftovers
|upkeep
|turn|7
|
|switch|p1a: Landorus|Landorus-Therian, M|76/100
|-damage|p1a: Landorus|64/100|[from] Stealth Rock
|-ability|p1a: Landorus|Intimidate|boost
|-unboost|p2a: Garchomp|atk|1
|move|p2a: Garchomp|Earthquake|p1a: Landorus
|-immune|p1a: Landorus
|
|upkeep
|turn|8
|inactive|dark web uzi has 120 seconds left.
|
|switch|p2a: Magnezone|Magnezone|100/100
|move|p1a: Landorus|Earthquake|p2a: Magnezone
|-supereffective|p2a: Magnezone
|-crit|p2a: Magnezone
|-damage|p2a: Magnezone|0 fnt
|faint|p2a: Magnezone
|
|upkeep
|
|switch|p2a: Latios|Latios, M|100/100
|turn|9
|
|switch|p1a: Tentacruel|Tentacruel, M|100/100
|-damage|p1a: Tentacruel|88/100|[from] Stealth Rock
|move|p2a: Latios|Dragon Dance|p2a: Latios
|-boost|p2a: Latios|atk|1
|-boost|p2a: Latios|spe|1
|
|-heal|p1a: Tentacruel|94/100|[from] item: Black Sludge
|upkeep
|turn|10
|
|move|p2a: Latios|Earthquake|p1a: Tentacruel
|-supereffective|p1a: Tentacruel
|-damage|p1a: Tentacruel|0 fnt
|-damage|p2a: Latios|91/100|[from] item: Life Orb
|faint|p1a: Tentacruel
|
|upkeep
|
|switch|p1a: Landorus|Landorus-Therian, M|64/100
|-damage|p1a: Landorus|52/100|[from] Stealth Rock
|-ability|p1a: Landorus|Intimidate|boost
|-unboost|p2a: Latios|atk|1
|turn|11
|
|move|p2a: Latios|Draco Meteor|p1a: Landorus
|-damage|p1a: Landorus|0 fnt
|-unboost|p2a: Latios|spa|2
|-damage|p2a: Latios|81/100|[from] item: Life Orb
|faint|p1a: Landorus
|
|upkeep
|
|switch|p1a: Kyurem|Kyurem-Black|100/100
|-damage|p1a: Kyurem|76/100|[from] Stealth Rock
|-ability|p1a: Kyurem|Teravolt
|turn|12
|c|☆pkonob31|gg
|
|move|p2a: Latios|Outrage|p1a: Kyurem
|-supereffective|p1a: Kyurem
|-damage|p1a: Kyurem|0 fnt
|-damage|p2a: Latios|71/100|[from] item: Life Orb
|faint|p1a: Kyurem
|
|upkeep
|c|☆dark web uzi|gg
|
|switch|p1a: Metagross|Metagross|18/100
|-damage|p1a: Metagross|12/100|[from] Stealth Rock
|turn|13
|
|move|p2a: Latios|Outrage|p1a: Metagross|[from]lockedmove
|-resisted|p1a: Metagross
|-damage|p1a: Metagross|0 fnt
|-damage|p2a: Latios|61/100|[from] item: Life Orb
|-start|p2a: Latios|confusion|[fatigue]
|faint|p1a: Metagross
|
|upkeep
|
|switch|p1a: Volcarona|Volcarona, M|100/100
|-damage|p1a: Volcarona|51/100|[from] Stealth Rock
|turn|14
|
|-activate|p2a: Latios|confusion
|-damage|p2a: Latios|43/100|[from] confusion
|move|p1a: Volcarona|Quiver Dance|p1a: Volcarona
|-boost|p1a: Volcarona|spa|1
|-boost|p1a: Volcarona|spd|1
|-boost|p1a: Volcarona|spe|1
|
|upkeep
|turn|15
|
|-end|p2a: Latios|confusion
|move|p2a: Latios|Outrage|p1a: Volcarona
|-damage|p1a: Volcarona|0 fnt
|-damage|p2a: Latios|33/100|[from] item: Life Orb
|faint|p1a: Volcarona
|
|win|dark web uzi
|l|☆pkonob31
|raw|pkonob31's rating: 1344 &rarr; <strong>1322</strong><br />(-22 for losing)
|raw|dark web uzi's rating: 1317 &rarr; <strong>1338</strong><br />(+21 for winning)
