|j|☆EG Jhonx
|j|☆Talt29
|t:|1708125981
|gametype|singles
|player|p1|EG Jhonx|#gscpl4ladderbayleefsaints|1336
|player|p2|Talt29|brock|1490
|teamsize|p1|6
|teamsize|p2|6
|gen|5
|tier|[Gen 5] OU
|rated|
|rule|Species Clause: Limit one of each Pokémon
|rule|OHKO Clause: OHKO moves are banned
|rule|Moody Clause: Moody is banned
|rule|Evasion Items Clause: Evasion items are banned
|rule|Evasion Moves Clause: Evasion moves are banned
|rule|Endless Battle Clause: Forcing endless battles is banned
|rule|HP Percentage Mod: HP is shown in percentages
|rule|Evasion Abilities Clause: Evasion abilities are banned
|rule|Sleep Moves Clause: Sleep-inducing moves are banned
|rule|Swagger Clause: Swagger is banned
|rule|Baton Pass Stat Clause: No Baton Passer may have a way to boost its stats
|clearpoke
|poke|p1|Politoed, F|item
|poke|p1|Tornadus, M|item
|poke|p1|Thundurus-Therian, M|item
|poke|p1|Starmie|item
|poke|p1|Ferrothorn, F|item
|poke|p1|Latias, F|item
|poke|p2|Jellicent, F|item
|poke|p2|Alakazam, F|item
|poke|p2|Heatran, F|item
|poke|p2|Landorus-Therian, M|item
|poke|p2|Tyranitar, M|item
|poke|p2|Skarmory, F|item
|teampreview
|c|☆EG Jhonx|Hf
|
|t:|1708125994
|start
|switch|p1a: Politoed|Politoed, F|100/100
|switch|p2a: Skarmory|Skarmory, F|100/100
|-weather|RainDance|[from] ability: Drizzle|[of] p1a: Politoed
|turn|1
|
|t:|1708125998
|move|p2a: Skarmory|Stealth Rock|p1a: Politoed
|-sidestart|p1: EG Jhonx|move: Stealth Rock
|move|p1a: Politoed|Scald|p2a: Skarmory
|-damage|p2a: Skarmory|58/100
|-status|p2a: Skarmory|brn
|
|-weather|RainDance|[upkeep]
|-heal|p2a: Skarmory|64/100 brn|[from] item: Leftovers
|-damage|p2a: Skarmory|52/100 brn|[from] brn
|upkeep
|turn|2
|
|t:|1708126004
|move|p2a: Skarmory|Spikes|p1a: Politoed
|-sidestart|p1: EG Jhonx|Spikes
|move|p1a: Politoed|Scald|p2a: Skarmory
|-damage|p2a: Skarmory|9/100 brn
|
|-weather|RainDance|[upkeep]
|-heal|p2a: Skarmory|15/100 brn|[from] item: Leftovers
|-damage|p2a: Skarmory|3/100 brn|[from] brn
|upkeep
|turn|3
|c|☆Talt29|Gl hf
|
|t:|1708126013
|move|p2a: Skarmory|Spikes|p1a: Politoed
|-sidestart|p1: EG Jhonx|Spikes
|move|p1a: Politoed|Scald|p2a: Skarmory
|-damage|p2a: Skarmory|0 fnt
|faint|p2a: Skarmory
|
|-weather|RainDance|[upkeep]
|upkeep
|
|t:|1708126017
|switch|p2a: Tyranitar|Tyranitar, M|100/100
|-weather|Sandstorm|[from] ability: Sand Stream|[of] p2a: Tyranitar
|turn|4
|
|t:|1708126020
|switch|p2a: Jellicent|Jellicent, F|100/100
|move|p1a: Politoed|Scald|p2a: Jellicent
|-immune|p2a: Jellicent|[from] ability: Water Absorb
|
|-weather|Sandstorm|[upkeep]
|-damage|p2a: Jellicent|94/100|[from] Sandstorm
|-damage|p1a: Politoed|94/100|[from] Sandstorm
|upkeep
|turn|5
|
|t:|1708126025
|switch|p2a: Heatran|Heatran, F|100/100
|switch|p1a: Ferrothorn|Ferrothorn, F|100/100
|-damage|p1a: Ferrothorn|94/100|[from] Stealth Rock
|-damage|p1a: Ferrothorn|78/100|[from] Spikes
|
|-weather|Sandstorm|[upkeep]
|-heal|p1a: Ferrothorn|84/100|[from] item: Leftovers
|upkeep
|turn|6
|
|t:|1708126029
|switch|p1a: Politoed|Politoed, F|94/100
|-damage|p1a: Politoed|82/100|[from] Stealth Rock
|-damage|p1a: Politoed|66/100|[from] Spikes
|-weather|RainDance|[from] ability: Drizzle|[of] p1a: Politoed
|move|p2a: Heatran|Lava Plume|p1a: Politoed
|-resisted|p1a: Politoed
|-damage|p1a: Politoed|60/100
|-status|p1a: Politoed|brn
|-enditem|p1a: Politoed|Eject Button
|
|t:|1708126038
|switch|p1a: Starmie|Starmie|100/100
|-damage|p1a: Starmie|88/100|[from] Stealth Rock
|-damage|p1a: Starmie|72/100|[from] Spikes
|
|-weather|RainDance|[upkeep]
|upkeep
|turn|7
|
|t:|1708126050
|move|p2a: Heatran|Protect|p2a: Heatran
|-singleturn|p2a: Heatran|Protect
|move|p1a: Starmie|Thunder|p2a: Heatran
|-activate|p2a: Heatran|move: Protect
|
|-weather|RainDance|[upkeep]
|upkeep
|turn|8
|
|t:|1708126055
|switch|p2a: Jellicent|Jellicent, F|94/100
|move|p1a: Starmie|Thunder|p2a: Jellicent
|-supereffective|p2a: Jellicent
|-damage|p2a: Jellicent|0 fnt
|faint|p2a: Jellicent
|
|-weather|RainDance|[upkeep]
|upkeep
|
|t:|1708126064
|switch|p2a: Tyranitar|Tyranitar, M|100/100
|-weather|Sandstorm|[from] ability: Sand Stream|[of] p2a: Tyranitar
|turn|9
|
|t:|1708126068
|-activate|p1a: Starmie|move: Pursuit
|move|p2a: Tyranitar|Pursuit|p1a: Starmie|[from]Pursuit
|-supereffective|p1a: Starmie
|-damage|p1a: Starmie|0 fnt
|faint|p1a: Starmie
|-hint|A Pokemon can't switch between when it runs out of HP and when it faints
|
|-weather|Sandstorm|[upkeep]
|upkeep
|
|t:|1708126074
|switch|p1a: Ferrothorn|Ferrothorn, F|84/100
|-damage|p1a: Ferrothorn|78/100|[from] Stealth Rock
|-damage|p1a: Ferrothorn|61/100|[from] Spikes
|turn|10
|
|t:|1708126079
|switch|p2a: Heatran|Heatran, F|100/100
|move|p1a: Ferrothorn|Stealth Rock|p2a: Heatran
|-sidestart|p2: Talt29|move: Stealth Rock
|
|-weather|Sandstorm|[upkeep]
|-heal|p1a: Ferrothorn|68/100|[from] item: Leftovers
|upkeep
|turn|11
|
|t:|1708126086
|switch|p1a: Politoed|Politoed, F|60/100 brn
|-damage|p1a: Politoed|47/100 brn|[from] Stealth Rock
|-damage|p1a: Politoed|31/100 brn|[from] Spikes
|-weather|RainDance|[from] ability: Drizzle|[of] p1a: Politoed
|move|p2a: Heatran|Lava Plume|p1a: Politoed
|-resisted|p1a: Politoed
|-damage|p1a: Politoed|25/100 brn
|
|-weather|RainDance|[upkeep]
|-damage|p1a: Politoed|13/100 brn|[from] brn
|upkeep
|turn|12
|
|t:|1708126093
|switch|p1a: Latias|Latias, F|100/100
|-damage|p1a: Latias|88/100|[from] Stealth Rock
|move|p2a: Heatran|Protect||[still]
|-fail|p2a: Heatran
|
|-weather|RainDance|[upkeep]
|upkeep
|turn|13
|
|t:|1708126100
|move|p2a: Heatran|Protect|p2a: Heatran
|-singleturn|p2a: Heatran|Protect
|move|p1a: Latias|Healing Wish|p1a: Latias
|faint|p1a: Latias
|
|-weather|RainDance|[upkeep]
|upkeep
|
|t:|1708126102
|switch|p1a: Politoed|Politoed, F|13/100 brn
|-heal|p1a: Politoed|100/100|[from] move: Healing Wish
|-damage|p1a: Politoed|88/100|[from] Stealth Rock
|-damage|p1a: Politoed|72/100|[from] Spikes
|turn|14
|
|t:|1708126120
|switch|p2a: Tyranitar|Tyranitar, M|100/100
|-damage|p2a: Tyranitar|88/100|[from] Stealth Rock
|-weather|Sandstorm|[from] ability: Sand Stream|[of] p2a: Tyranitar
|move|p1a: Politoed|Thief|p2a: Tyranitar
|-resisted|p2a: Tyranitar
|-damage|p2a: Tyranitar|85/100
|-enditem|p2a: Tyranitar|Choice Scarf|[silent]|[from] move: Thief|[of] p1a: Politoed
|-item|p1a: Politoed|Choice Scarf|[from] move: Thief|[of] p2a: Tyranitar
|
|-weather|Sandstorm|[upkeep]
|-damage|p1a: Politoed|66/100|[from] Sandstorm
|upkeep
|turn|15
|
|t:|1708126126
|move|p1a: Politoed|Scald|p2a: Tyranitar
|-supereffective|p2a: Tyranitar
|-damage|p2a: Tyranitar|54/100
|-status|p2a: Tyranitar|brn
|move|p2a: Tyranitar|Crunch|p1a: Politoed
|-damage|p1a: Politoed|41/100
|
|-weather|Sandstorm|[upkeep]
|-damage|p1a: Politoed|35/100|[from] Sandstorm
|-damage|p2a: Tyranitar|41/100 brn|[from] brn
|upkeep
|turn|16
|
|t:|1708126136
|move|p1a: Politoed|Scald|p2a: Tyranitar
|-supereffective|p2a: Tyranitar
|-crit|p2a: Tyranitar
|-damage|p2a: Tyranitar|0 fnt
|faint|p2a: Tyranitar
|
|-weather|Sandstorm|[upkeep]
|-damage|p1a: Politoed|29/100|[from] Sandstorm
|upkeep
|
|t:|1708126139
|switch|p2a: Heatran|Heatran, F|100/100
|-damage|p2a: Heatran|88/100|[from] Stealth Rock
|turn|17
|
|t:|1708126148
|switch|p1a: Ferrothorn|Ferrothorn, F|68/100
|-damage|p1a: Ferrothorn|61/100|[from] Stealth Rock
|-damage|p1a: Ferrothorn|45/100|[from] Spikes
|move|p2a: Heatran|Lava Plume|p1a: Ferrothorn
|-supereffective|p1a: Ferrothorn
|-damage|p1a: Ferrothorn|0 fnt
|faint|p1a: Ferrothorn
|
|-weather|Sandstorm|[upkeep]
|-heal|p2a: Heatran|94/100|[from] item: Leftovers
|upkeep
|
|t:|1708126156
|switch|p1a: Politoed|Politoed, F|29/100
|-damage|p1a: Politoed|17/100|[from] Stealth Rock
|-damage|p1a: Politoed|1/100|[from] Spikes
|-weather|RainDance|[from] ability: Drizzle|[of] p1a: Politoed
|turn|18
|
|t:|1708126161
|move|p2a: Heatran|Protect|p2a: Heatran
|-singleturn|p2a: Heatran|Protect
|move|p1a: Politoed|Scald|p2a: Heatran
|-activate|p2a: Heatran|move: Protect
|
|-weather|RainDance|[upkeep]
|-heal|p2a: Heatran|99/100|[from] item: Leftovers
|upkeep
|turn|19
|
|t:|1708126172
|move|p1a: Politoed|Scald|p2a: Heatran
|-supereffective|p2a: Heatran
|-crit|p2a: Heatran
|-damage|p2a: Heatran|0 fnt
|faint|p2a: Heatran
|
|-weather|RainDance|[upkeep]
|upkeep
|
|t:|1708126184
|switch|p2a: Alakazam|Alakazam, F|100/100
|turn|20
|
|t:|1708126188
|move|p2a: Alakazam|Psychic|p1a: Politoed
|-damage|p1a: Politoed|0 fnt
|faint|p1a: Politoed
|
|-weather|RainDance|[upkeep]
|upkeep
|
|t:|1708126192
|switch|p1a: Tornadus|Tornadus, M|100/100
|-damage|p1a: Tornadus|76/100|[from] Stealth Rock
|turn|21
|
|t:|1708126195
|move|p1a: Tornadus|Tailwind|p1a: Tornadus
|-sidestart|p1: EG Jhonx|move: Tailwind
|move|p2a: Alakazam|Hidden Power|p1a: Tornadus
|-supereffective|p1a: Tornadus
|-damage|p1a: Tornadus|12/100
|
|-weather|RainDance|[upkeep]
|-heal|p1a: Tornadus|18/100|[from] item: Leftovers
|upkeep
|turn|22
|
|t:|1708126205
|move|p1a: Tornadus|Hurricane|p2a: Alakazam
|-damage|p2a: Alakazam|8/100
|move|p2a: Alakazam|Psychic|p1a: Tornadus
|-damage|p1a: Tornadus|0 fnt
|faint|p1a: Tornadus
|
|-weather|RainDance|[upkeep]
|upkeep
|
|t:|1708126208
|switch|p1a: Thundurus|Thundurus-Therian, M|100/100
|-damage|p1a: Thundurus|76/100|[from] Stealth Rock
|turn|23
|
|t:|1708126212
|move|p1a: Thundurus|Hidden Power|p2a: Alakazam
|-damage|p2a: Alakazam|0 fnt
|faint|p2a: Alakazam
|
|-weather|RainDance|[upkeep]
|-heal|p1a: Thundurus|82/100|[from] item: Leftovers
|upkeep
|
|t:|1708126214
|switch|p2a: Landorus|Landorus-Therian, M|100/100
|-damage|p2a: Landorus|88/100|[from] Stealth Rock
|-ability|p2a: Landorus|Intimidate|boost
|-unboost|p1a: Thundurus|atk|1
|turn|24
|
|t:|1708126218
|move|p1a: Thundurus|Hidden Power|p2a: Landorus
|-supereffective|p2a: Landorus
|-damage|p2a: Landorus|0 fnt
|faint|p2a: Landorus
|
|win|EG Jhonx
|raw|EG Jhonx's rating: 1336 &rarr; <strong>1364</strong><br />(+28 for winning)
|raw|Talt29's rating: 1490 &rarr; <strong>1462</strong><br />(-28 for losing)
|c|☆Talt29|Gg
|c|☆EG Jhonx|Gg wp
|c|☆Talt29|Thoughtnpolitoednwas dead
|c|☆Talt29|To hazards
|c|☆Talt29|Wp
|c|☆EG Jhonx|Nah, I almost think the same
|c|☆EG Jhonx|But I calced hp
|l|☆Talt29
|player|p2|
|c|☆EG Jhonx|Lived with 0.8
|c|☆EG Jhonx|Lol
