|j|☆sk8head
|j|☆Profesor Turo
|t:|1705139634
|gametype|singles
|player|p1|sk8head|102|1319
|player|p2|Profesor Turo|turo-ai|1338
|teamsize|p1|6
|teamsize|p2|6
|gen|5
|tier|[Gen 5] OU
|rated|
|rule|Species Clause: Limit one of each Pokémon
|rule|OHKO Clause: OHKO moves are banned
|rule|Moody Clause: Moody is banned
|rule|Evasion Items Clause: Evasion items are banned
|rule|Evasion Moves Clause: Evasion moves are banned
|rule|Endless Battle Clause: Forcing endless battles is banned
|rule|HP Percentage Mod: HP is shown in percentages
|rule|Evasion Abilities Clause: Evasion abilities are banned
|rule|Sleep Moves Clause: Sleep-inducing moves are banned
|rule|Swagger Clause: Swagger is banned
|rule|Baton Pass Stat Clause: No Baton Passer may have a way to boost its stats
|clearpoke
|poke|p1|Tyranitar, F|item
|poke|p1|Landorus-Therian, M|item
|poke|p1|Latios, M|item
|poke|p1|Gliscor, M|item
|poke|p1|Magnezone|item
|poke|p1|Keldeo|item
|poke|p2|Alakazam, F|item
|poke|p2|Omastar, M|item
|poke|p2|Heracross, M|item
|poke|p2|Latios, M|item
|poke|p2|Volcarona, F|item
|poke|p2|Yanmega, M|item
|teampreview
|inactive|Battle timer is ON: inactive players will automatically lose when time's up. (requested by Profesor Turo)
|c|☆sk8head|gl again bro
|c|☆Profesor Turo|Gl
|
|t:|1705139654
|start
|switch|p1a: Landorus|Landorus-Therian, M|100/100
|switch|p2a: Lord Helix|Omastar, M|100/100
|-ability|p1a: Landorus|Intimidate|boost
|-unboost|p2a: Lord Helix|atk|1
|turn|1
|
|t:|1705139660
|move|p1a: Landorus|U-turn|p2a: Lord Helix
|-damage|p2a: Lord Helix|78/100
|-ability|p2a: Lord Helix|Weak Armor|boost
|-unboost|p2a: Lord Helix|def|1
|-boost|p2a: Lord Helix|spe|1
|
|t:|1705139662
|switch|p1a: Keldeo|Keldeo|100/100|[from] U-turn
|move|p2a: Lord Helix|Shell Smash|p2a: Lord Helix
|-unboost|p2a: Lord Helix|def|1
|-unboost|p2a: Lord Helix|spd|1
|-boost|p2a: Lord Helix|atk|2
|-boost|p2a: Lord Helix|spa|2
|-boost|p2a: Lord Helix|spe|2
|
|upkeep
|turn|2
|
|t:|1705139670
|move|p2a: Lord Helix|Surf|p1a: Keldeo
|-resisted|p1a: Keldeo
|-damage|p1a: Keldeo|41/100
|move|p1a: Keldeo|Scald|p2a: Lord Helix
|-damage|p2a: Lord Helix|0 fnt
|faint|p2a: Lord Helix
|
|-heal|p1a: Keldeo|47/100|[from] item: Leftovers
|upkeep
|
|t:|1705139685
|switch|p2a: Flinchinator|Yanmega, M, shiny|100/100
|turn|3
|
|t:|1705139693
|switch|p1a: Magnezone|Magnezone|100/100
|move|p2a: Flinchinator|Protect||[still]
|-fail|p2a: Flinchinator
|
|-ability|p2a: Flinchinator|Speed Boost|boost
|-boost|p2a: Flinchinator|spe|1
|upkeep
|turn|4
|
|t:|1705139696
|move|p2a: Flinchinator|Bug Buzz|p1a: Magnezone
|-resisted|p1a: Magnezone
|-damage|p1a: Magnezone|57/100
|-unboost|p1a: Magnezone|spd|1
|-damage|p2a: Flinchinator|91/100|[from] item: Life Orb
|move|p1a: Magnezone|Substitute|p1a: Magnezone
|-start|p1a: Magnezone|Substitute
|-damage|p1a: Magnezone|33/100
|
|-heal|p1a: Magnezone|39/100|[from] item: Leftovers
|-ability|p2a: Flinchinator|Speed Boost|boost
|-boost|p2a: Flinchinator|spe|1
|upkeep
|turn|5
|
|t:|1705139703
|move|p2a: Flinchinator|Bug Buzz|p1a: Magnezone
|-resisted|p1a: Magnezone
|-end|p1a: Magnezone|Substitute
|-damage|p2a: Flinchinator|81/100|[from] item: Life Orb
|move|p1a: Magnezone|Thunderbolt|p2a: Flinchinator
|-supereffective|p2a: Flinchinator
|-damage|p2a: Flinchinator|0 fnt
|faint|p2a: Flinchinator
|
|-heal|p1a: Magnezone|45/100|[from] item: Leftovers
|upkeep
|
|t:|1705139713
|switch|p2a: Matchup Moth|Volcarona, F|100/100
|turn|6
|
|t:|1705139726
|switch|p1a: Latios|Latios, M|100/100
|move|p2a: Matchup Moth|Quiver Dance|p2a: Matchup Moth
|-boost|p2a: Matchup Moth|spa|1
|-boost|p2a: Matchup Moth|spd|1
|-boost|p2a: Matchup Moth|spe|1
|
|upkeep
|turn|7
|
|t:|1705139730
|move|p1a: Latios|Trick|p2a: Matchup Moth
|-activate|p1a: Latios|move: Trick|[of] p2a: Matchup Moth
|-item|p2a: Matchup Moth|Choice Scarf|[from] move: Trick
|-item|p1a: Latios|Insect Plate|[from] move: Trick
|move|p2a: Matchup Moth|Bug Buzz|p1a: Latios
|-supereffective|p1a: Latios
|-damage|p1a: Latios|0 fnt
|faint|p1a: Latios
|
|upkeep
|
|t:|1705139738
|switch|p1a: Landorus|Landorus-Therian, M|100/100
|-ability|p1a: Landorus|Intimidate|boost
|-unboost|p2a: Matchup Moth|atk|1
|turn|8
|
|t:|1705139741
|move|p2a: Matchup Moth|Bug Buzz|p1a: Landorus
|-resisted|p1a: Landorus
|-damage|p1a: Landorus|59/100
|move|p1a: Landorus|Substitute|p1a: Landorus
|-start|p1a: Landorus|Substitute
|-damage|p1a: Landorus|34/100
|
|-heal|p1a: Landorus|40/100|[from] item: Leftovers
|upkeep
|turn|9
|
|t:|1705139744
|move|p2a: Matchup Moth|Bug Buzz|p1a: Landorus
|-resisted|p1a: Landorus
|-end|p1a: Landorus|Substitute
|move|p1a: Landorus|Earthquake|p2a: Matchup Moth
|-damage|p2a: Matchup Moth|33/100
|
|-heal|p1a: Landorus|46/100|[from] item: Leftovers
|upkeep
|turn|10
|
|t:|1705139750
|move|p2a: Matchup Moth|Bug Buzz|p1a: Landorus
|-resisted|p1a: Landorus
|-damage|p1a: Landorus|3/100
|move|p1a: Landorus|Earthquake|p2a: Matchup Moth
|-damage|p2a: Matchup Moth|0 fnt
|faint|p2a: Matchup Moth
|
|-heal|p1a: Landorus|9/100|[from] item: Leftovers
|upkeep
|
|t:|1705139762
|switch|p2a: The Cross|Heracross, M|100/100
|turn|11
|
|t:|1705139769
|switch|p1a: Magnezone|Magnezone|45/100
|move|p2a: The Cross|Megahorn|p1a: Magnezone
|-resisted|p1a: Magnezone
|-damage|p1a: Magnezone|14/100
|
|-heal|p1a: Magnezone|20/100|[from] item: Leftovers
|upkeep
|turn|12
|
|t:|1705139776
|move|p2a: The Cross|Megahorn|p1a: Magnezone
|-resisted|p1a: Magnezone
|-crit|p1a: Magnezone
|-damage|p1a: Magnezone|0 fnt
|faint|p1a: Magnezone
|-ability|p2a: The Cross|Moxie|boost
|-boost|p2a: The Cross|atk|1
|
|upkeep
|c|☆sk8head|uh
|c|☆sk8head|i dont got a good feeling
|
|t:|1705139798
|switch|p1a: Landorus|Landorus-Therian, M|9/100
|-ability|p1a: Landorus|Intimidate|boost
|-unboost|p2a: The Cross|atk|1
|turn|13
|
|t:|1705139801
|move|p2a: The Cross|Megahorn|p1a: Landorus
|-resisted|p1a: Landorus
|-damage|p1a: Landorus|0 fnt
|faint|p1a: Landorus
|-ability|p2a: The Cross|Moxie|boost
|-boost|p2a: The Cross|atk|1
|
|upkeep
|
|t:|1705139809
|switch|p1a: Gliscor|Gliscor, M|100/100
|turn|14
|
|t:|1705139814
|move|p2a: The Cross|Megahorn|p1a: Gliscor
|-resisted|p1a: Gliscor
|-damage|p1a: Gliscor|69/100
|move|p1a: Gliscor|Swords Dance|p1a: Gliscor
|-boost|p1a: Gliscor|atk|2
|
|-status|p1a: Gliscor|tox|[from] item: Toxic Orb
|upkeep
|turn|15
|
|t:|1705139816
|move|p1a: Gliscor|Protect|p1a: Gliscor
|-singleturn|p1a: Gliscor|Protect
|move|p2a: The Cross|Megahorn|p1a: Gliscor
|-activate|p1a: Gliscor|move: Protect
|
|-heal|p1a: Gliscor|81/100 tox|[from] ability: Poison Heal
|upkeep
|turn|16
|
|t:|1705139819
|move|p2a: The Cross|Megahorn|p1a: Gliscor
|-resisted|p1a: Gliscor
|-damage|p1a: Gliscor|47/100 tox
|move|p1a: Gliscor|Swords Dance|p1a: Gliscor
|-boost|p1a: Gliscor|atk|2
|
|-heal|p1a: Gliscor|60/100 tox|[from] ability: Poison Heal
|upkeep
|turn|17
|c|☆Profesor Turo|the cross is too powerful
|inactive|sk8head has 120 seconds left.
|
|t:|1705139852
|move|p1a: Gliscor|Protect|p1a: Gliscor
|-singleturn|p1a: Gliscor|Protect
|move|p2a: The Cross|Megahorn|p1a: Gliscor
|-activate|p1a: Gliscor|move: Protect
|
|-heal|p1a: Gliscor|72/100 tox|[from] ability: Poison Heal
|upkeep
|turn|18
|
|t:|1705139859
|move|p2a: The Cross|Megahorn|p1a: Gliscor
|-resisted|p1a: Gliscor
|-damage|p1a: Gliscor|39/100 tox
|move|p1a: Gliscor|Facade|p2a: The Cross
|-damage|p2a: The Cross|0 fnt
|faint|p2a: The Cross
|
|-heal|p1a: Gliscor|52/100 tox|[from] ability: Poison Heal
|upkeep
|
|t:|1705139868
|switch|p2a: The Spoon Man|Alakazam, F|100/100
|turn|19
|inactive|sk8head has 120 seconds left.
|inactive|sk8head has 90 seconds left.
|
|t:|1705139936
|move|p1a: Gliscor|Protect|p1a: Gliscor
|-singleturn|p1a: Gliscor|Protect
|move|p2a: The Spoon Man|Hidden Power|p1a: Gliscor
|-activate|p1a: Gliscor|move: Protect
|
|-heal|p1a: Gliscor|64/100 tox|[from] ability: Poison Heal
|upkeep
|turn|20
|
|t:|1705139947
|switch|p1a: Tyranitar|Tyranitar, F|100/100
|-weather|Sandstorm|[from] ability: Sand Stream|[of] p1a: Tyranitar
|move|p2a: The Spoon Man|Hidden Power|p1a: Tyranitar
|-damage|p1a: Tyranitar|89/100
|
|-weather|Sandstorm|[upkeep]
|upkeep
|turn|21
|inactive|sk8head has 90 seconds left.
|
|t:|1705139953
|move|p2a: The Spoon Man|Focus Blast|p1a: Tyranitar
|-supereffective|p1a: Tyranitar
|-enditem|p1a: Tyranitar|Chople Berry|[eat]
|-enditem|p1a: Tyranitar|Chople Berry|[weaken]
|-damage|p1a: Tyranitar|49/100
|move|p1a: Tyranitar|Thunder Wave|p2a: The Spoon Man
|-status|p2a: The Spoon Man|par
|
|-weather|Sandstorm|[upkeep]
|upkeep
|turn|22
|
|t:|1705139958
|move|p1a: Tyranitar|Crunch|p2a: The Spoon Man
|-supereffective|p2a: The Spoon Man
|-enditem|p2a: The Spoon Man|Focus Sash
|-damage|p2a: The Spoon Man|1/100 par
|move|p2a: The Spoon Man|Focus Blast|p1a: Tyranitar|[miss]
|-miss|p2a: The Spoon Man|p1a: Tyranitar
|
|-weather|Sandstorm|[upkeep]
|upkeep
|turn|23
|
|t:|1705139962
|move|p1a: Tyranitar|Crunch|p2a: The Spoon Man
|-supereffective|p2a: The Spoon Man
|-damage|p2a: The Spoon Man|0 fnt
|faint|p2a: The Spoon Man
|
|-weather|Sandstorm|[upkeep]
|upkeep
|
|t:|1705139965
|switch|p2a: Minty Man|Latios, M, shiny|100/100
|turn|24
|c|☆Profesor Turo|Gg wp
|inactive|sk8head has 90 seconds left.
|inactive|sk8head has 60 seconds left.
|c|☆sk8head|u2
|
|t:|1705140032
|move|p2a: Minty Man|Surf|p1a: Tyranitar
|-supereffective|p1a: Tyranitar
|-crit|p1a: Tyranitar
|-damage|p1a: Tyranitar|0 fnt
|faint|p1a: Tyranitar
|
|-weather|Sandstorm|[upkeep]
|-damage|p2a: Minty Man|95/100|[from] Sandstorm
|upkeep
|c|☆sk8head|LOL
|c|☆sk8head|NEVER SAY NEVER huh
|
|t:|1705140050
|switch|p1a: Keldeo|Keldeo|47/100
|turn|25
|
|t:|1705140058
|move|p2a: Minty Man|Surf|p1a: Keldeo
|-resisted|p1a: Keldeo
|-damage|p1a: Keldeo|27/100
|move|p1a: Keldeo|Calm Mind|p1a: Keldeo
|-boost|p1a: Keldeo|spa|1
|-boost|p1a: Keldeo|spd|1
|
|-weather|Sandstorm|[upkeep]
|-damage|p2a: Minty Man|89/100|[from] Sandstorm
|-damage|p1a: Keldeo|20/100|[from] Sandstorm
|-heal|p1a: Keldeo|27/100|[from] item: Leftovers
|upkeep
|turn|26
|
|t:|1705140061
|move|p2a: Minty Man|Surf|p1a: Keldeo
|-resisted|p1a: Keldeo
|-damage|p1a: Keldeo|13/100
|move|p1a: Keldeo|Calm Mind|p1a: Keldeo
|-boost|p1a: Keldeo|spa|1
|-boost|p1a: Keldeo|spd|1
|
|-weather|Sandstorm|[upkeep]
|-damage|p2a: Minty Man|83/100|[from] Sandstorm
|-damage|p1a: Keldeo|7/100|[from] Sandstorm
|-heal|p1a: Keldeo|13/100|[from] item: Leftovers
|upkeep
|turn|27
|
|t:|1705140069
|move|p2a: Minty Man|Surf|p1a: Keldeo
|-resisted|p1a: Keldeo
|-damage|p1a: Keldeo|3/100
|move|p1a: Keldeo|Secret Sword|p2a: Minty Man
|-resisted|p2a: Minty Man
|-damage|p2a: Minty Man|22/100
|
|-weather|Sandstorm|[upkeep]
|-damage|p2a: Minty Man|16/100|[from] Sandstorm
|-damage|p1a: Keldeo|0 fnt|[from] Sandstorm
|faint|p1a: Keldeo
|upkeep
|
|t:|1705140075
|switch|p1a: Gliscor|Gliscor, M|64/100 tox
|turn|28
|
|t:|1705140078
|move|p1a: Gliscor|Protect|p1a: Gliscor
|-singleturn|p1a: Gliscor|Protect
|move|p2a: Minty Man|Surf|p1a: Gliscor
|-activate|p1a: Gliscor|move: Protect
|
|-weather|Sandstorm|[upkeep]
|-damage|p2a: Minty Man|10/100|[from] Sandstorm
|-heal|p1a: Gliscor|77/100 tox|[from] ability: Poison Heal
|upkeep
|turn|29
|c|☆Profesor Turo|manifesting a crit rn
|
|t:|1705140087
|move|p2a: Minty Man|Surf|p1a: Gliscor
|-supereffective|p1a: Gliscor
|-damage|p1a: Gliscor|15/100 tox
|move|p1a: Gliscor|Facade|p2a: Minty Man
|-damage|p2a: Minty Man|0 fnt
|faint|p2a: Minty Man
|
|win|sk8head
|raw|sk8head's rating: 1319 &rarr; <strong>1340</strong><br />(+21 for winning)
|raw|Profesor Turo's rating: 1338 &rarr; <strong>1317</strong><br />(-21 for losing)
|c|☆Profesor Turo|nvm
|c|☆Profesor Turo|Ggs
