|j|☆el janitor
|j|☆patcheele~
|t:|1711038741
|gametype|singles
|player|p1|el janitor|burglar|1385
|player|p2|patcheele~|psychic-gen2|1370
|teamsize|p1|6
|teamsize|p2|6
|gen|5
|tier|[Gen 5] OU
|rated|
|rule|Species Clause: Limit one of each Pokémon
|rule|OHKO Clause: OHKO moves are banned
|rule|Moody Clause: Moody is banned
|rule|Evasion Items Clause: Evasion items are banned
|rule|Evasion Moves Clause: Evasion moves are banned
|rule|Endless Battle Clause: Forcing endless battles is banned
|rule|HP Percentage Mod: HP is shown in percentages
|rule|Evasion Abilities Clause: Evasion abilities are banned
|rule|Sleep Moves Clause: Sleep-inducing moves are banned
|rule|Swagger Clause: Swagger is banned
|rule|Baton Pass Stat Clause: No Baton Passer may have a way to boost its stats
|clearpoke
|poke|p1|Azelf|item
|poke|p1|Celebi|item
|poke|p1|Heatran, M|item
|poke|p1|Excadrill, F|item
|poke|p1|Zapdos|item
|poke|p1|Breloom, F|item
|poke|p2|Tyranitar, M|item
|poke|p2|Skarmory, F|item
|poke|p2|Jellicent, M|item
|poke|p2|Latios, M|item
|poke|p2|Alakazam, M|item
|poke|p2|Gliscor, F|item
|teampreview
|inactive|Battle timer is ON: inactive players will automatically lose when time's up. (requested by el janitor)
|j| CasinoTime
|inactive|patcheele~ has 120 seconds left.
|
|t:|1711038785
|start
|switch|p1a: Breloom|Breloom, F|100/100
|switch|p2a: Gliscor|Gliscor, F|100/100
|turn|1
|
|t:|1711038790
|move|p1a: Breloom|Bullet Seed|p2a: Gliscor
|-damage|p2a: Gliscor|78/100
|-damage|p2a: Gliscor|57/100
|-damage|p2a: Gliscor|37/100
|-damage|p2a: Gliscor|15/100
|-hitcount|p2a: Gliscor|4
|move|p2a: Gliscor|Stealth Rock|p1a: Breloom
|-sidestart|p1: el janitor|move: Stealth Rock
|
|-status|p2a: Gliscor|tox|[from] item: Toxic Orb
|upkeep
|turn|2
|
|t:|1711038815
|switch|p1a: Heatran|Heatran, M|100/100
|-damage|p1a: Heatran|88/100|[from] Stealth Rock
|move|p2a: Gliscor|Protect||[still]
|-fail|p2a: Gliscor
|
|-heal|p1a: Heatran|94/100|[from] item: Leftovers
|-heal|p2a: Gliscor|27/100 tox|[from] ability: Poison Heal
|upkeep
|turn|3
|
|t:|1711038824
|switch|p1a: Zapdos|Zapdos|100/100
|-damage|p1a: Zapdos|76/100|[from] Stealth Rock
|-ability|p1a: Zapdos|Pressure
|move|p2a: Gliscor|Protect||[still]
|-fail|p2a: Gliscor
|
|-heal|p1a: Zapdos|82/100|[from] item: Leftovers
|-heal|p2a: Gliscor|40/100 tox|[from] ability: Poison Heal
|upkeep
|turn|4
|
|t:|1711038830
|move|p2a: Gliscor|Protect|p2a: Gliscor
|-singleturn|p2a: Gliscor|Protect
|move|p1a: Zapdos|Roost|p1a: Zapdos
|-heal|p1a: Zapdos|100/100
|-singleturn|p1a: Zapdos|move: Roost
|
|-heal|p2a: Gliscor|52/100 tox|[from] ability: Poison Heal
|upkeep
|turn|5
|
|t:|1711038833
|switch|p2a: Tyranitar|Tyranitar, M|100/100
|-weather|Sandstorm|[from] ability: Sand Stream|[of] p2a: Tyranitar
|move|p1a: Zapdos|Hidden Power|p2a: Tyranitar
|-damage|p2a: Tyranitar|90/100
|
|-weather|Sandstorm|[upkeep]
|-damage|p1a: Zapdos|94/100|[from] Sandstorm
|-heal|p1a: Zapdos|100/100|[from] item: Leftovers
|upkeep
|turn|6
|
|t:|1711038847
|switch|p1a: Excadrill|Excadrill, F|100/100
|-damage|p1a: Excadrill|97/100|[from] Stealth Rock
|-ability|p1a: Excadrill|Mold Breaker
|move|p2a: Tyranitar|Crunch|p1a: Excadrill
|-resisted|p1a: Excadrill
|-damage|p1a: Excadrill|69/100
|
|-weather|Sandstorm|[upkeep]
|upkeep
|turn|7
|
|t:|1711038855
|move|p1a: Excadrill|Iron Head|p2a: Tyranitar
|-supereffective|p2a: Tyranitar
|-damage|p2a: Tyranitar|12/100
|cant|p2a: Tyranitar|flinch
|
|-weather|Sandstorm|[upkeep]
|upkeep
|turn|8
|
|t:|1711038861
|switch|p2a: Skarmory|Skarmory, F|100/100
|move|p1a: Excadrill|Iron Head|p2a: Skarmory
|-resisted|p2a: Skarmory
|-damage|p2a: Skarmory|84/100
|
|-weather|Sandstorm|[upkeep]
|-heal|p2a: Skarmory|90/100|[from] item: Leftovers
|upkeep
|turn|9
|
|t:|1711038869
|switch|p1a: Zapdos|Zapdos|100/100
|-damage|p1a: Zapdos|76/100|[from] Stealth Rock
|-ability|p1a: Zapdos|Pressure
|move|p2a: Skarmory|Spikes|p1a: Zapdos
|-sidestart|p1: el janitor|Spikes
|
|-weather|Sandstorm|[upkeep]
|-damage|p1a: Zapdos|69/100|[from] Sandstorm
|-heal|p1a: Zapdos|76/100|[from] item: Leftovers
|-heal|p2a: Skarmory|96/100|[from] item: Leftovers
|upkeep
|turn|10
|
|t:|1711038878
|switch|p2a: Gliscor|Gliscor, F|52/100 tox
|move|p1a: Zapdos|Discharge|p2a: Gliscor
|-immune|p2a: Gliscor
|
|-weather|Sandstorm|[upkeep]
|-damage|p1a: Zapdos|69/100|[from] Sandstorm
|-heal|p1a: Zapdos|76/100|[from] item: Leftovers
|-heal|p2a: Gliscor|65/100 tox|[from] ability: Poison Heal
|upkeep
|turn|11
|
|t:|1711038883
|move|p1a: Zapdos|Hidden Power|p2a: Gliscor
|-supereffective|p2a: Gliscor
|-damage|p2a: Gliscor|0 fnt
|faint|p2a: Gliscor
|
|-weather|Sandstorm|[upkeep]
|-damage|p1a: Zapdos|69/100|[from] Sandstorm
|-heal|p1a: Zapdos|76/100|[from] item: Leftovers
|upkeep
|
|t:|1711038889
|switch|p2a: Latios|Latios, M|100/100
|turn|12
|
|t:|1711038895
|switch|p1a: Heatran|Heatran, M|94/100
|-damage|p1a: Heatran|82/100|[from] Stealth Rock
|-damage|p1a: Heatran|69/100|[from] Spikes
|move|p2a: Latios|Draco Meteor|p1a: Heatran
|-resisted|p1a: Heatran
|-damage|p1a: Heatran|48/100
|-unboost|p2a: Latios|spa|2
|
|-weather|Sandstorm|[upkeep]
|-damage|p2a: Latios|95/100|[from] Sandstorm
|-heal|p1a: Heatran|54/100|[from] item: Leftovers
|upkeep
|turn|13
|
|t:|1711038905
|move|p2a: Latios|Surf|p1a: Heatran
|-supereffective|p1a: Heatran
|-damage|p1a: Heatran|34/100
|move|p1a: Heatran|Toxic|p2a: Latios|[miss]
|-miss|p1a: Heatran|p2a: Latios
|
|-weather|Sandstorm|[upkeep]
|-damage|p2a: Latios|89/100|[from] Sandstorm
|-heal|p1a: Heatran|40/100|[from] item: Leftovers
|upkeep
|turn|14
|
|t:|1711038917
|switch|p2a: Tyranitar|Tyranitar, M|12/100
|move|p1a: Heatran|Protect||[still]
|-fail|p1a: Heatran
|
|-weather|Sandstorm|[upkeep]
|-heal|p1a: Heatran|46/100|[from] item: Leftovers
|upkeep
|turn|15
|l| CasinoTime
|
|t:|1711038926
|move|p1a: Heatran|Protect|p1a: Heatran
|-singleturn|p1a: Heatran|Protect
|move|p2a: Tyranitar|Superpower|p1a: Heatran
|-activate|p1a: Heatran|move: Protect
|
|-weather|Sandstorm|[upkeep]
|-heal|p1a: Heatran|52/100|[from] item: Leftovers
|upkeep
|turn|16
|
|t:|1711038933
|move|p1a: Heatran|Earth Power|p2a: Tyranitar
|-supereffective|p2a: Tyranitar
|-damage|p2a: Tyranitar|0 fnt
|faint|p2a: Tyranitar
|
|-weather|Sandstorm|[upkeep]
|-heal|p1a: Heatran|59/100|[from] item: Leftovers
|upkeep
|
|t:|1711038940
|switch|p2a: Alakazam|Alakazam, M|100/100
|turn|17
|j| EnYEETed
|l| EnYEETed
|inactive|el janitor has 120 seconds left.
|
|t:|1711038980
|move|p2a: Alakazam|Focus Blast|p1a: Heatran|[miss]
|-miss|p2a: Alakazam|p1a: Heatran
|move|p1a: Heatran|Magma Storm|p2a: Alakazam|[miss]
|-miss|p1a: Heatran|p2a: Alakazam
|
|-weather|Sandstorm|[upkeep]
|-heal|p1a: Heatran|65/100|[from] item: Leftovers
|upkeep
|turn|18
|
|t:|1711038988
|move|p1a: Heatran|Protect|p1a: Heatran
|-singleturn|p1a: Heatran|Protect
|move|p2a: Alakazam|Focus Blast|p1a: Heatran
|-activate|p1a: Heatran|move: Protect
|
|-weather|Sandstorm|[upkeep]
|-heal|p1a: Heatran|71/100|[from] item: Leftovers
|upkeep
|turn|19
|
|t:|1711038993
|move|p2a: Alakazam|Focus Blast|p1a: Heatran
|-supereffective|p1a: Heatran
|-damage|p1a: Heatran|17/100
|-unboost|p1a: Heatran|spd|1
|move|p1a: Heatran|Magma Storm|p2a: Alakazam
|-crit|p2a: Alakazam
|-enditem|p2a: Alakazam|Focus Sash
|-damage|p2a: Alakazam|1/100
|-activate|p2a: Alakazam|move: Magma Storm|[of] p1a: Heatran
|
|-weather|Sandstorm|[upkeep]
|-heal|p1a: Heatran|23/100|[from] item: Leftovers
|upkeep
|turn|20
|j| CasinoTime
|l| CasinoTime
|
|t:|1711038998
|move|p1a: Heatran|Protect|p1a: Heatran
|-singleturn|p1a: Heatran|Protect
|move|p2a: Alakazam|Psyshock|p1a: Heatran
|-activate|p1a: Heatran|move: Protect
|
|-weather|Sandstorm|[upkeep]
|-heal|p1a: Heatran|29/100|[from] item: Leftovers
|upkeep
|turn|21
|inactive|el janitor has 120 seconds left.
|
|t:|1711039033
|move|p2a: Alakazam|Focus Blast|p1a: Heatran|[miss]
|-miss|p2a: Alakazam|p1a: Heatran
|move|p1a: Heatran|Earth Power|p2a: Alakazam
|-damage|p2a: Alakazam|0 fnt
|faint|p2a: Alakazam
|
|-weather|Sandstorm|[upkeep]
|-heal|p1a: Heatran|35/100|[from] item: Leftovers
|upkeep
|
|t:|1711039037
|switch|p2a: Latios|Latios, M|89/100
|turn|22
|
|t:|1711039040
|move|p2a: Latios|Surf|p1a: Heatran
|-supereffective|p1a: Heatran
|-damage|p1a: Heatran|0 fnt
|faint|p1a: Heatran
|
|-weather|Sandstorm|[upkeep]
|-damage|p2a: Latios|83/100|[from] Sandstorm
|upkeep
|
|t:|1711039042
|switch|p1a: Celebi|Celebi|100/100
|-damage|p1a: Celebi|88/100|[from] Stealth Rock
|-damage|p1a: Celebi|76/100|[from] Spikes
|turn|23
|
|t:|1711039046
|move|p2a: Latios|Hidden Power|p1a: Celebi
|-supereffective|p1a: Celebi
|-damage|p1a: Celebi|48/100
|move|p1a: Celebi|Thunder Wave|p2a: Latios
|-status|p2a: Latios|par
|
|-weather|Sandstorm|[upkeep]
|-damage|p1a: Celebi|42/100|[from] Sandstorm
|-damage|p2a: Latios|77/100 par|[from] Sandstorm
|-heal|p1a: Celebi|48/100|[from] item: Leftovers
|upkeep
|turn|24
|
|t:|1711039049
|switch|p2a: Skarmory|Skarmory, F|96/100
|move|p1a: Celebi|Recover|p1a: Celebi
|-heal|p1a: Celebi|98/100
|
|-weather|Sandstorm|[upkeep]
|-damage|p1a: Celebi|92/100|[from] Sandstorm
|-heal|p1a: Celebi|98/100|[from] item: Leftovers
|-heal|p2a: Skarmory|100/100|[from] item: Leftovers
|upkeep
|turn|25
|
|t:|1711039052
|move|p1a: Celebi|U-turn|p2a: Skarmory
|-resisted|p2a: Skarmory
|-damage|p2a: Skarmory|98/100
|
|t:|1711039057
|switch|p1a: Zapdos|Zapdos|76/100|[from] U-turn
|-damage|p1a: Zapdos|51/100|[from] Stealth Rock
|-ability|p1a: Zapdos|Pressure
|move|p2a: Skarmory|Spikes|p1a: Zapdos
|-sidestart|p1: el janitor|Spikes
|
|-weather|Sandstorm|[upkeep]
|-damage|p1a: Zapdos|44/100|[from] Sandstorm
|-heal|p1a: Zapdos|51/100|[from] item: Leftovers
|-heal|p2a: Skarmory|100/100|[from] item: Leftovers
|upkeep
|turn|26
|
|t:|1711039064
|switch|p2a: Latios|Latios, M|77/100 par
|move|p1a: Zapdos|Roost|p1a: Zapdos
|-heal|p1a: Zapdos|100/100
|-singleturn|p1a: Zapdos|move: Roost
|
|-weather|Sandstorm|[upkeep]
|-damage|p1a: Zapdos|94/100|[from] Sandstorm
|-damage|p2a: Latios|71/100 par|[from] Sandstorm
|-heal|p1a: Zapdos|100/100|[from] item: Leftovers
|upkeep
|turn|27
|
|t:|1711039071
|move|p1a: Zapdos|Hidden Power|p2a: Latios
|-supereffective|p2a: Latios
|-damage|p2a: Latios|22/100 par
|move|p2a: Latios|Draco Meteor|p1a: Zapdos
|-damage|p1a: Zapdos|23/100
|-unboost|p2a: Latios|spa|2
|
|-weather|Sandstorm|[upkeep]
|-damage|p1a: Zapdos|17/100|[from] Sandstorm
|-damage|p2a: Latios|16/100 par|[from] Sandstorm
|-heal|p1a: Zapdos|23/100|[from] item: Leftovers
|upkeep
|turn|28
|
|t:|1711039077
|move|p1a: Zapdos|Roost|p1a: Zapdos
|-heal|p1a: Zapdos|73/100
|-singleturn|p1a: Zapdos|move: Roost
|move|p2a: Latios|Draco Meteor|p1a: Zapdos
|-damage|p1a: Zapdos|32/100
|-unboost|p2a: Latios|spa|2
|
|-weather|Sandstorm|[upkeep]
|-damage|p1a: Zapdos|26/100|[from] Sandstorm
|-damage|p2a: Latios|10/100 par|[from] Sandstorm
|-heal|p1a: Zapdos|32/100|[from] item: Leftovers
|upkeep
|turn|29
|
|t:|1711039079
|move|p1a: Zapdos|Roost|p1a: Zapdos
|-heal|p1a: Zapdos|82/100
|-singleturn|p1a: Zapdos|move: Roost
|move|p2a: Latios|Draco Meteor|p1a: Zapdos
|-damage|p1a: Zapdos|57/100
|-unboost|p2a: Latios|spa|2
|
|-weather|Sandstorm|[upkeep]
|-damage|p1a: Zapdos|51/100|[from] Sandstorm
|-damage|p2a: Latios|4/100 par|[from] Sandstorm
|-heal|p1a: Zapdos|57/100|[from] item: Leftovers
|upkeep
|turn|30
|
|t:|1711039082
|move|p1a: Zapdos|Roost|p1a: Zapdos
|-heal|p1a: Zapdos|100/100
|-singleturn|p1a: Zapdos|move: Roost
|move|p2a: Latios|Draco Meteor|p1a: Zapdos
|-damage|p1a: Zapdos|80/100
|
|-weather|Sandstorm|[upkeep]
|-damage|p1a: Zapdos|74/100|[from] Sandstorm
|-damage|p2a: Latios|0 fnt|[from] Sandstorm
|faint|p2a: Latios
|-heal|p1a: Zapdos|80/100|[from] item: Leftovers
|upkeep
|
|t:|1711039085
|switch|p2a: Jellicent|Jellicent, M|100/100
|turn|31
|
|t:|1711039087
|move|p1a: Zapdos|Discharge|p2a: Jellicent
|-supereffective|p2a: Jellicent
|-damage|p2a: Jellicent|43/100
|move|p2a: Jellicent|Taunt|p1a: Zapdos
|-start|p1a: Zapdos|move: Taunt
|
|-weather|Sandstorm|[upkeep]
|-damage|p1a: Zapdos|74/100|[from] Sandstorm
|-damage|p2a: Jellicent|37/100|[from] Sandstorm
|-heal|p1a: Zapdos|80/100|[from] item: Leftovers
|-heal|p2a: Jellicent|43/100|[from] item: Leftovers
|upkeep
|turn|32
|
|t:|1711039090
|move|p1a: Zapdos|Discharge|p2a: Jellicent
|-supereffective|p2a: Jellicent
|-damage|p2a: Jellicent|0 fnt
|faint|p2a: Jellicent
|
|-weather|Sandstorm|[upkeep]
|-damage|p1a: Zapdos|74/100|[from] Sandstorm
|-heal|p1a: Zapdos|80/100|[from] item: Leftovers
|upkeep
|
|t:|1711039091
|switch|p2a: Skarmory|Skarmory, F|100/100
|turn|33
|-message|patcheele~ forfeited.
|
|win|el janitor
|raw|el janitor's rating: 1385 &rarr; <strong>1404</strong><br />(+19 for winning)
|raw|patcheele~'s rating: 1370 &rarr; <strong>1351</strong><br />(-19 for losing)
|l|☆patcheele~
|player|p2|
|c|☆el janitor|gg
|l|☆el janitor
|player|p1|
|j|☆el janitor
|player|p1|el janitor|burglar
