|j|☆Plavns
|j|☆omamamama
|t:|1739055402
|gametype|singles
|player|p1|Plavns|169|1406
|player|p2|omamamama|170|1421
|teamsize|p1|6
|teamsize|p2|6
|gen|5
|tier|[Gen 5] OU
|rated|
|rule|Species Clause: Limit one of each Pokémon
|rule|OHKO Clause: OHKO moves are banned
|rule|Moody Clause: Moody is banned
|rule|Evasion Items Clause: Evasion items are banned
|rule|Evasion Moves Clause: Evasion moves are banned
|rule|Endless Battle Clause: Forcing endless battles is banned
|rule|HP Percentage Mod: HP is shown in percentages
|rule|Evasion Abilities Clause: Evasion abilities are banned
|rule|Sleep Moves Clause: Sleep-inducing moves are banned
|rule|Swagger Clause: Swagger is banned
|rule|Baton Pass Stat Clause: No Baton Passer may have a way to boost its stats
|clearpoke
|poke|p1|Politoed, F|item
|poke|p1|Keldeo|item
|poke|p1|Volcarona, F|item
|poke|p1|Thundurus-Therian, M|item
|poke|p1|Ferrothorn, F|item
|poke|p1|Tentacruel, M|item
|poke|p2|Aerodactyl, M|item
|poke|p2|Jirachi|item
|poke|p2|Volcarona, M|item
|poke|p2|Dragonite, M|item
|poke|p2|Lucario, F|item
|poke|p2|Breloom, F|item
|teampreview
|inactive|Battle timer is ON: inactive players will automatically lose when time's up. (requested by Plavns)
|
|t:|1739055412
|start
|switch|p1a: Politoed|Politoed, F|100/100
|switch|p2a: Breloom|Breloom, F|100/100
|-weather|RainDance|[from] ability: Drizzle|[of] p1a: Politoed
|turn|1
|
|t:|1739055422
|switch|p1a: Ferrothorn|Ferrothorn, F|100/100
|move|p2a: Breloom|Bullet Seed|p1a: Ferrothorn
|-resisted|p1a: Ferrothorn
|-damage|p1a: Ferrothorn|96/100
|-resisted|p1a: Ferrothorn
|-damage|p1a: Ferrothorn|92/100
|-hitcount|p1a: Ferrothorn|2
|-damage|p2a: Breloom|91/100|[from] item: Life Orb
|
|-weather|RainDance|[upkeep]
|-heal|p1a: Ferrothorn|98/100|[from] item: Leftovers
|upkeep
|turn|2
|
|t:|1739055431
|switch|p1a: Thundurus|Thundurus-Therian, M|100/100
|move|p2a: Breloom|Superpower|p1a: Thundurus
|-resisted|p1a: Thundurus
|-damage|p1a: Thundurus|37/100
|-unboost|p2a: Breloom|atk|1
|-unboost|p2a: Breloom|def|1
|-damage|p2a: Breloom|81/100|[from] item: Life Orb
|
|-weather|RainDance|[upkeep]
|upkeep
|turn|3
|
|t:|1739055441
|switch|p2a: Aerodactyl|Aerodactyl, M|100/100
|-ability|p2a: Aerodactyl|Pressure
|move|p1a: Thundurus|Thunderbolt|p2a: Aerodactyl
|-supereffective|p2a: Aerodactyl
|-enditem|p2a: Aerodactyl|Focus Sash
|-damage|p2a: Aerodactyl|1/100
|
|-weather|RainDance|[upkeep]
|upkeep
|turn|4
|
|t:|1739055452
|switch|p1a: Tentacruel|Tentacruel, M|100/100
|move|p2a: Aerodactyl|Stealth Rock|p1a: Tentacruel
|-sidestart|p1: Plavns|move: Stealth Rock
|
|-weather|RainDance|[upkeep]
|upkeep
|turn|5
|
|t:|1739055459
|switch|p2a: Breloom|Breloom, F|81/100
|move|p1a: Tentacruel|Rapid Spin|p2a: Breloom
|-damage|p2a: Breloom|75/100
|-sideend|p1: Plavns|Stealth Rock|[from] move: Rapid Spin|[of] p1a: Tentacruel
|
|-weather|RainDance|[upkeep]
|upkeep
|turn|6
|
|t:|1739055466
|switch|p1a: Volcarona|Volcarona, F|100/100
|move|p2a: Breloom|Swords Dance|p2a: Breloom
|-boost|p2a: Breloom|atk|2
|
|-weather|RainDance|[upkeep]
|upkeep
|turn|7
|
|t:|1739055478
|switch|p2a: Dragonite|Dragonite, M|100/100
|move|p1a: Volcarona|Bug Buzz|p2a: Dragonite
|-resisted|p2a: Dragonite
|-crit|p2a: Dragonite
|-damage|p2a: Dragonite|74/100
|
|-weather|RainDance|[upkeep]
|upkeep
|turn|8
|
|t:|1739055488
|move|p1a: Volcarona|Hidden Power|p2a: Dragonite
|-supereffective|p2a: Dragonite
|-damage|p2a: Dragonite|0 fnt
|faint|p2a: Dragonite
|
|-weather|RainDance|[upkeep]
|upkeep
|
|t:|1739055493
|switch|p2a: Aerodactyl|Aerodactyl, M|1/100
|-ability|p2a: Aerodactyl|Pressure
|turn|9
|
|t:|1739055499
|switch|p1a: Tentacruel|Tentacruel, M|100/100
|move|p2a: Aerodactyl|Stealth Rock|p1a: Tentacruel
|-sidestart|p1: Plavns|move: Stealth Rock
|
|-weather|RainDance|[upkeep]
|upkeep
|turn|10
|
|t:|1739055507
|move|p2a: Aerodactyl|Double-Edge|p1a: Tentacruel
|-damage|p1a: Tentacruel|56/100
|-damage|p2a: Aerodactyl|0 fnt|[from] Recoil
|faint|p2a: Aerodactyl
|move|p1a: Tentacruel|Rapid Spin|p2: Aerodactyl|[notarget]
|-fail|p1a: Tentacruel
|
|-weather|RainDance|[upkeep]
|-heal|p1a: Tentacruel|62/100|[from] ability: Rain Dish
|-heal|p1a: Tentacruel|68/100|[from] item: Black Sludge
|upkeep
|
|t:|1739055518
|switch|p2a: Volcarona|Volcarona, M|100/100
|turn|11
|
|t:|1739055522
|move|p2a: Volcarona|Quiver Dance|p2a: Volcarona
|-boost|p2a: Volcarona|spa|1
|-boost|p2a: Volcarona|spd|1
|-boost|p2a: Volcarona|spe|1
|move|p1a: Tentacruel|Toxic|p2a: Volcarona
|-status|p2a: Volcarona|tox
|-enditem|p2a: Volcarona|Lum Berry|[eat]
|-curestatus|p2a: Volcarona|tox|[msg]
|
|-weather|RainDance|[upkeep]
|-heal|p1a: Tentacruel|74/100|[from] ability: Rain Dish
|-heal|p1a: Tentacruel|80/100|[from] item: Black Sludge
|upkeep
|turn|12
|
|t:|1739055530
|move|p2a: Volcarona|Quiver Dance|p2a: Volcarona
|-boost|p2a: Volcarona|spa|1
|-boost|p2a: Volcarona|spd|1
|-boost|p2a: Volcarona|spe|1
|move|p1a: Tentacruel|Toxic|p2a: Volcarona
|-status|p2a: Volcarona|tox
|
|-weather|RainDance|[upkeep]
|-heal|p1a: Tentacruel|86/100|[from] ability: Rain Dish
|-heal|p1a: Tentacruel|92/100|[from] item: Black Sludge
|-damage|p2a: Volcarona|94/100 tox|[from] psn
|upkeep
|turn|13
|
|t:|1739055545
|move|p1a: Tentacruel|Protect|p1a: Tentacruel
|-singleturn|p1a: Tentacruel|Protect
|move|p2a: Volcarona|Giga Drain|p1a: Tentacruel
|-activate|p1a: Tentacruel|move: Protect
|
|-weather|RainDance|[upkeep]
|-heal|p1a: Tentacruel|98/100|[from] ability: Rain Dish
|-heal|p1a: Tentacruel|100/100|[from] item: Black Sludge
|-damage|p2a: Volcarona|82/100 tox|[from] psn
|upkeep
|turn|14
|
|t:|1739055547
|move|p2a: Volcarona|Giga Drain|p1a: Tentacruel
|-damage|p1a: Tentacruel|57/100
|-heal|p2a: Volcarona|100/100 tox|[from] drain|[of] p1a: Tentacruel
|move|p1a: Tentacruel|Scald|p2a: Volcarona
|-supereffective|p2a: Volcarona
|-damage|p2a: Volcarona|63/100 tox
|
|-weather|RainDance|[upkeep]
|-heal|p1a: Tentacruel|63/100|[from] ability: Rain Dish
|-heal|p1a: Tentacruel|69/100|[from] item: Black Sludge
|-damage|p2a: Volcarona|45/100 tox|[from] psn
|upkeep
|turn|15
|
|t:|1739055552
|move|p2a: Volcarona|Giga Drain|p1a: Tentacruel
|-damage|p1a: Tentacruel|25/100
|-heal|p2a: Volcarona|71/100 tox|[from] drain|[of] p1a: Tentacruel
|move|p1a: Tentacruel|Scald|p2a: Volcarona
|-supereffective|p2a: Volcarona
|-damage|p2a: Volcarona|34/100 tox
|
|-weather|RainDance|[upkeep]
|-heal|p1a: Tentacruel|31/100|[from] ability: Rain Dish
|-heal|p1a: Tentacruel|37/100|[from] item: Black Sludge
|-damage|p2a: Volcarona|9/100 tox|[from] psn
|upkeep
|turn|16
|
|t:|1739055560
|switch|p2a: Lucario|Lucario, F|100/100
|move|p1a: Tentacruel|Protect||[still]
|-fail|p1a: Tentacruel
|
|-weather|RainDance|[upkeep]
|-heal|p1a: Tentacruel|43/100|[from] ability: Rain Dish
|-heal|p1a: Tentacruel|49/100|[from] item: Black Sludge
|upkeep
|turn|17
|
|t:|1739055568
|move|p1a: Tentacruel|Rapid Spin|p2a: Lucario
|-resisted|p2a: Lucario
|-damage|p2a: Lucario|98/100
|-sideend|p1: Plavns|Stealth Rock|[from] move: Rapid Spin|[of] p1a: Tentacruel
|move|p2a: Lucario|Swords Dance|p2a: Lucario
|-boost|p2a: Lucario|atk|2
|
|-weather|RainDance|[upkeep]
|-heal|p1a: Tentacruel|55/100|[from] ability: Rain Dish
|-heal|p1a: Tentacruel|61/100|[from] item: Black Sludge
|upkeep
|turn|18
|
|t:|1739055577
|move|p1a: Tentacruel|Scald|p2a: Lucario
|-damage|p2a: Lucario|45/100
|move|p2a: Lucario|Swords Dance|p2a: Lucario
|-boost|p2a: Lucario|atk|2
|
|-weather|RainDance|[upkeep]
|-heal|p1a: Tentacruel|67/100|[from] ability: Rain Dish
|-heal|p1a: Tentacruel|73/100|[from] item: Black Sludge
|upkeep
|turn|19
|
|t:|1739055586
|switch|p1a: Ferrothorn|Ferrothorn, F|98/100
|move|p2a: Lucario|Extreme Speed|p1a: Ferrothorn
|-resisted|p1a: Ferrothorn
|-damage|p1a: Ferrothorn|60/100
|-damage|p2a: Lucario|33/100|[from] ability: Iron Barbs|[of] p1a: Ferrothorn
|-damage|p2a: Lucario|23/100|[from] item: Life Orb
|
|-weather|RainDance|[upkeep]
|-heal|p1a: Ferrothorn|66/100|[from] item: Leftovers
|upkeep
|turn|20
|
|t:|1739055606
|switch|p2a: Jirachi|Jirachi|100/100
|switch|p1a: Thundurus|Thundurus-Therian, M|37/100
|
|-weather|RainDance|[upkeep]
|upkeep
|turn|21
|
|t:|1739055619
|move|p2a: Jirachi|Healing Wish|p2a: Jirachi
|faint|p2a: Jirachi
|move|p1a: Thundurus|Thunderbolt|p2: Jirachi|[notarget]
|-fail|p1a: Thundurus
|
|-weather|RainDance|[upkeep]
|upkeep
|
|t:|1739055625
|switch|p2a: Volcarona|Volcarona, M|9/100 tox
|-heal|p2a: Volcarona|100/100|[from] move: Healing Wish
|turn|22
|
|t:|1739055634
|switch|p1a: Tentacruel|Tentacruel, M|73/100
|move|p2a: Volcarona|Quiver Dance|p2a: Volcarona
|-boost|p2a: Volcarona|spa|1
|-boost|p2a: Volcarona|spd|1
|-boost|p2a: Volcarona|spe|1
|
|-weather|RainDance|[upkeep]
|-heal|p1a: Tentacruel|79/100|[from] ability: Rain Dish
|-heal|p1a: Tentacruel|85/100|[from] item: Black Sludge
|upkeep
|turn|23
|
|t:|1739055639
|switch|p2a: Breloom|Breloom, F|75/100
|move|p1a: Tentacruel|Toxic|p2a: Breloom
|-status|p2a: Breloom|tox
|
|-weather|RainDance|[upkeep]
|-heal|p1a: Tentacruel|91/100|[from] ability: Rain Dish
|-heal|p1a: Tentacruel|97/100|[from] item: Black Sludge
|-damage|p2a: Breloom|69/100 tox|[from] psn
|upkeep
|turn|24
|
|t:|1739055646
|switch|p1a: Thundurus|Thundurus-Therian, M|37/100
|move|p2a: Breloom|Swords Dance|p2a: Breloom
|-boost|p2a: Breloom|atk|2
|
|-weather|RainDance|[upkeep]
|-damage|p2a: Breloom|56/100 tox|[from] psn
|upkeep
|turn|25
|
|t:|1739055655
|move|p2a: Breloom|Mach Punch|p1a: Thundurus
|-resisted|p1a: Thundurus
|-damage|p1a: Thundurus|0 fnt
|faint|p1a: Thundurus
|-damage|p2a: Breloom|46/100 tox|[from] item: Life Orb
|
|-weather|RainDance|[upkeep]
|-damage|p2a: Breloom|28/100 tox|[from] psn
|upkeep
|
|t:|1739055658
|switch|p1a: Volcarona|Volcarona, F|100/100
|turn|26
|
|t:|1739055675
|move|p1a: Volcarona|Quiver Dance|p1a: Volcarona
|-boost|p1a: Volcarona|spa|1
|-boost|p1a: Volcarona|spd|1
|-boost|p1a: Volcarona|spe|1
|move|p2a: Breloom|Superpower|p1a: Volcarona
|-resisted|p1a: Volcarona
|-crit|p1a: Volcarona
|-damage|p1a: Volcarona|0 fnt
|-unboost|p2a: Breloom|atk|1
|-unboost|p2a: Breloom|def|1
|faint|p1a: Volcarona
|-damage|p2a: Breloom|18/100 tox|[from] item: Life Orb
|
|-weather|RainDance|[upkeep]
|-damage|p2a: Breloom|0 fnt|[from] psn
|faint|p2a: Breloom
|upkeep
|
|t:|1739055686
|switch|p1a: Keldeo|Keldeo|100/100
|switch|p2a: Volcarona|Volcarona, M|100/100
|turn|27
|-message|omamamama forfeited.
|
|win|Plavns
|raw|Plavns's rating: 1406 &rarr; <strong>1427</strong><br />(+21 for winning)
|raw|omamamama's rating: 1421 &rarr; <strong>1400</strong><br />(-21 for losing)
|c|☆Plavns|Gg
|l|☆omamamama
|player|p2|
