|j|☆Squalz974
|j|☆IDidNotExpectThis
|t:|1704924478
|gametype|singles
|player|p1|Squalz974|clair|1301
|player|p2|IDidNotExpectThis|lyra|1341
|teamsize|p1|6
|teamsize|p2|6
|gen|5
|tier|[Gen 5] OU
|rated|
|rule|Species Clause: Limit one of each Pokémon
|rule|OHKO Clause: OHKO moves are banned
|rule|Moody Clause: Moody is banned
|rule|Evasion Items Clause: Evasion items are banned
|rule|Evasion Moves Clause: Evasion moves are banned
|rule|Endless Battle Clause: Forcing endless battles is banned
|rule|HP Percentage Mod: HP is shown in percentages
|rule|Evasion Abilities Clause: Evasion abilities are banned
|rule|Sleep Moves Clause: Sleep-inducing moves are banned
|rule|Swagger Clause: Swagger is banned
|rule|Baton Pass Stat Clause: No Baton Passer may have a way to boost its stats
|clearpoke
|poke|p1|Skarmory, F|item
|poke|p1|Gengar, F|item
|poke|p1|Scizor, M|item
|poke|p1|Hydreigon, M|item
|poke|p1|Alakazam, F|item
|poke|p1|Keldeo-Resolute|item
|poke|p2|Tyranitar, M|item
|poke|p2|Landorus-Therian, M|item
|poke|p2|Excadrill, F|item
|poke|p2|Ferrothorn, F|item
|poke|p2|Latios, M|item
|poke|p2|Keldeo|item
|teampreview
|inactive|Battle timer is ON: inactive players will automatically lose when time's up. (requested by IDidNotExpectThis)
|inactive|Squalz974 also wants the timer to be on.
|inactive|IDidNotExpectThis has 120 seconds left.
|
|t:|1704924517
|start
|switch|p1a: Scizor|Scizor, M|100/100
|switch|p2a: Latios|Latios, M|100/100
|turn|1
|
|t:|1704924525
|-activate|p2a: Latios|move: Pursuit
|move|p1a: Scizor|Pursuit|p2a: Latios|[from]Pursuit
|-supereffective|p2a: Latios
|-crit|p2a: Latios
|-damage|p2a: Latios|0 fnt
|faint|p2a: Latios
|-hint|A Pokemon can't switch between when it runs out of HP and when it faints
|
|upkeep
|
|t:|1704924533
|switch|p2a: Landorus|Landorus-Therian, M|100/100
|-ability|p2a: Landorus|Intimidate|boost
|-unboost|p1a: Scizor|atk|1
|turn|2
|
|t:|1704924538
|switch|p1a: KEKW|Skarmory, F|100/100
|move|p2a: Landorus|Stealth Rock|p1a: KEKW
|-sidestart|p1: Squalz974|move: Stealth Rock
|
|upkeep
|turn|3
|
|t:|1704924542
|move|p2a: Landorus|U-turn|p1a: KEKW
|-resisted|p1a: KEKW
|-damage|p1a: KEKW|97/100
|-damage|p2a: Landorus|84/100|[from] item: Rocky Helmet|[of] p1a: KEKW
|
|t:|1704924549
|switch|p2a: Keldeo|Keldeo|100/100|[from] U-turn
|move|p1a: KEKW|Stealth Rock|p2a: Keldeo
|-sidestart|p2: IDidNotExpectThis|move: Stealth Rock
|
|upkeep
|turn|4
|
|t:|1704924563
|move|p2a: Keldeo|Scald|p1a: KEKW
|-damage|p1a: KEKW|41/100
|-status|p1a: KEKW|brn
|move|p1a: KEKW|Spikes|p2a: Keldeo
|-sidestart|p2: IDidNotExpectThis|Spikes
|
|-damage|p1a: KEKW|28/100 brn|[from] brn
|upkeep
|turn|5
|inactive|IDidNotExpectThis has 120 seconds left.
|
|t:|1704924597
|move|p2a: Keldeo|Scald|p1a: KEKW
|-damage|p1a: KEKW|0 fnt
|faint|p1a: KEKW
|
|upkeep
|
|t:|1704924620
|switch|p1a: Starege|Alakazam, F|100/100
|turn|6
|
|t:|1704924629
|switch|p2a: Ferrothorn|Ferrothorn, F|100/100
|-damage|p2a: Ferrothorn|94/100|[from] Stealth Rock
|-damage|p2a: Ferrothorn|82/100|[from] Spikes
|move|p1a: Starege|Psyshock|p2a: Ferrothorn
|-resisted|p2a: Ferrothorn
|-damage|p2a: Ferrothorn|67/100
|
|-heal|p2a: Ferrothorn|74/100|[from] item: Leftovers
|upkeep
|turn|7
|
|t:|1704924632
|move|p1a: Starege|Focus Blast|p2a: Ferrothorn
|-supereffective|p2a: Ferrothorn
|-damage|p2a: Ferrothorn|0 fnt
|faint|p2a: Ferrothorn
|
|upkeep
|
|t:|1704924637
|switch|p2a: Tyranitar|Tyranitar, M|100/100
|-damage|p2a: Tyranitar|88/100|[from] Stealth Rock
|-damage|p2a: Tyranitar|76/100|[from] Spikes
|-weather|Sandstorm|[from] ability: Sand Stream|[of] p2a: Tyranitar
|turn|8
|
|t:|1704924644
|move|p1a: Starege|Grass Knot|p2a: Tyranitar
|-supereffective|p2a: Tyranitar
|-damage|p2a: Tyranitar|25/100
|move|p2a: Tyranitar|Thunder Wave|p1a: Starege
|-status|p1a: Starege|par
|
|-weather|Sandstorm|[upkeep]
|upkeep
|turn|9
|
|t:|1704924672
|switch|p1a: Keldeo|Keldeo-Resolute|100/100
|-damage|p1a: Keldeo|94/100|[from] Stealth Rock
|move|p2a: Tyranitar|Crunch|p1a: Keldeo
|-resisted|p1a: Keldeo
|-damage|p1a: Keldeo|72/100
|-ability|p1a: Keldeo|Justified|boost
|-boost|p1a: Keldeo|atk|1
|
|-weather|Sandstorm|[upkeep]
|-damage|p1a: Keldeo|66/100|[from] Sandstorm
|upkeep
|turn|10
|
|t:|1704924680
|move|p1a: Keldeo|Secret Sword|p2a: Tyranitar
|-supereffective|p2a: Tyranitar
|-enditem|p2a: Tyranitar|Chople Berry|[eat]
|-enditem|p2a: Tyranitar|Chople Berry|[weaken]
|-damage|p2a: Tyranitar|0 fnt
|faint|p2a: Tyranitar
|
|-weather|Sandstorm|[upkeep]
|-damage|p1a: Keldeo|59/100|[from] Sandstorm
|upkeep
|
|t:|1704924682
|switch|p2a: Keldeo|Keldeo|100/100
|-damage|p2a: Keldeo|94/100|[from] Stealth Rock
|-damage|p2a: Keldeo|82/100|[from] Spikes
|turn|11
|
|t:|1704924691
|move|p1a: Keldeo|Secret Sword|p2a: Keldeo
|-damage|p2a: Keldeo|28/100
|move|p2a: Keldeo|Scald|p1a: Keldeo
|-resisted|p1a: Keldeo
|-damage|p1a: Keldeo|35/100
|-status|p1a: Keldeo|brn
|
|-weather|Sandstorm|[upkeep]
|-damage|p1a: Keldeo|29/100 brn|[from] Sandstorm
|-damage|p2a: Keldeo|22/100|[from] Sandstorm
|-heal|p2a: Keldeo|28/100|[from] item: Leftovers
|-damage|p1a: Keldeo|17/100 brn|[from] brn
|upkeep
|turn|12
|
|t:|1704924696
|switch|p2a: Landorus|Landorus-Therian, M|84/100
|-damage|p2a: Landorus|72/100|[from] Stealth Rock
|-ability|p2a: Landorus|Intimidate|boost
|-unboost|p1a: Keldeo|atk|1
|move|p1a: Keldeo|Secret Sword|p2a: Landorus
|-resisted|p2a: Landorus
|-crit|p2a: Landorus
|-damage|p2a: Landorus|34/100
|
|-weather|Sandstorm|[upkeep]
|-damage|p1a: Keldeo|10/100 brn|[from] Sandstorm
|-heal|p2a: Landorus|40/100|[from] item: Leftovers
|-damage|p1a: Keldeo|0 fnt|[from] brn
|faint|p1a: Keldeo
|upkeep
|
|t:|1704924718
|switch|p1a: Gengar|Gengar, F|100/100
|-damage|p1a: Gengar|88/100|[from] Stealth Rock
|turn|13
|
|t:|1704924729
|move|p1a: Gengar|Substitute|p1a: Gengar
|-start|p1a: Gengar|Substitute
|-damage|p1a: Gengar|63/100
|move|p2a: Landorus|U-turn|p1a: Gengar
|-resisted|p1a: Gengar
|-activate|p1a: Gengar|Substitute|[damage]
|
|t:|1704924733
|switch|p2a: Excadrill|Excadrill, F|100/100|[from] U-turn
|-damage|p2a: Excadrill|98/100|[from] Stealth Rock
|-damage|p2a: Excadrill|85/100|[from] Spikes
|
|-weather|Sandstorm|[upkeep]
|-damage|p1a: Gengar|57/100|[from] Sandstorm
|-heal|p1a: Gengar|63/100|[from] item: Black Sludge
|-heal|p2a: Excadrill|91/100|[from] item: Leftovers
|upkeep
|turn|14
|
|t:|1704924737
|move|p1a: Gengar|Will-O-Wisp|p2a: Excadrill|[miss]
|-miss|p1a: Gengar|p2a: Excadrill
|move|p2a: Excadrill|Iron Head|p1a: Gengar
|-end|p1a: Gengar|Substitute
|
|-weather|Sandstorm|[upkeep]
|-damage|p1a: Gengar|57/100|[from] Sandstorm
|-heal|p1a: Gengar|63/100|[from] item: Black Sludge
|-heal|p2a: Excadrill|98/100|[from] item: Leftovers
|upkeep
|turn|15
|
|t:|1704924741
|move|p1a: Gengar|Will-O-Wisp|p2a: Excadrill
|-status|p2a: Excadrill|brn
|move|p2a: Excadrill|Iron Head|p1a: Gengar
|-damage|p1a: Gengar|27/100
|
|-weather|Sandstorm|[upkeep]
|-damage|p1a: Gengar|21/100|[from] Sandstorm
|-heal|p1a: Gengar|27/100|[from] item: Black Sludge
|-heal|p2a: Excadrill|100/100 brn|[from] item: Leftovers
|-damage|p2a: Excadrill|88/100 brn|[from] brn
|upkeep
|turn|16
|
|t:|1704924748
|move|p1a: Gengar|Shadow Ball|p2a: Excadrill
|-resisted|p2a: Excadrill
|-damage|p2a: Excadrill|72/100 brn
|move|p2a: Excadrill|Iron Head|p1a: Gengar
|-damage|p1a: Gengar|0 fnt
|faint|p1a: Gengar
|
|-weather|Sandstorm|[upkeep]
|-heal|p2a: Excadrill|78/100 brn|[from] item: Leftovers
|-damage|p2a: Excadrill|66/100 brn|[from] brn
|upkeep
|
|t:|1704924759
|switch|p1a: Starege|Alakazam, F|100/100 par
|turn|17
|
|t:|1704924767
|move|p2a: Excadrill|Iron Head|p1a: Starege
|-damage|p1a: Starege|32/100 par
|cant|p1a: Starege|flinch
|
|-weather|Sandstorm|[upkeep]
|-heal|p2a: Excadrill|72/100 brn|[from] item: Leftovers
|-damage|p2a: Excadrill|60/100 brn|[from] brn
|upkeep
|turn|18
|
|t:|1704924773
|move|p2a: Excadrill|Iron Head|p1a: Starege
|-damage|p1a: Starege|0 fnt
|faint|p1a: Starege
|
|-weather|Sandstorm|[upkeep]
|-heal|p2a: Excadrill|66/100 brn|[from] item: Leftovers
|-damage|p2a: Excadrill|53/100 brn|[from] brn
|upkeep
|
|t:|1704924779
|switch|p1a: Scizor|Scizor, M|100/100
|-damage|p1a: Scizor|88/100|[from] Stealth Rock
|turn|19
|
|t:|1704924793
|switch|p2a: Landorus|Landorus-Therian, M|40/100
|-damage|p2a: Landorus|27/100|[from] Stealth Rock
|-ability|p2a: Landorus|Intimidate|boost
|-unboost|p1a: Scizor|atk|1
|move|p1a: Scizor|Superpower|p2a: Landorus
|-resisted|p2a: Landorus
|-damage|p2a: Landorus|8/100
|-unboost|p1a: Scizor|atk|1
|-unboost|p1a: Scizor|def|1
|
|-weather|Sandstorm|[upkeep]
|-heal|p2a: Landorus|14/100|[from] item: Leftovers
|upkeep
|turn|20
|
|t:|1704924801
|switch|p1a: Hydreigon|Hydreigon, M|100/100
|-damage|p1a: Hydreigon|88/100|[from] Stealth Rock
|move|p2a: Landorus|Earthquake|p1a: Hydreigon
|-immune|p1a: Hydreigon|[from] ability: Levitate
|
|-weather|Sandstorm|[upkeep]
|-damage|p1a: Hydreigon|82/100|[from] Sandstorm
|-heal|p2a: Landorus|20/100|[from] item: Leftovers
|upkeep
|turn|21
|
|t:|1704924809
|move|p1a: Hydreigon|Dark Pulse|p2a: Landorus
|-damage|p2a: Landorus|0 fnt
|faint|p2a: Landorus
|
|-weather|Sandstorm|[upkeep]
|-damage|p1a: Hydreigon|76/100|[from] Sandstorm
|upkeep
|
|t:|1704924813
|switch|p2a: Excadrill|Excadrill, F|53/100 brn
|-damage|p2a: Excadrill|50/100 brn|[from] Stealth Rock
|-damage|p2a: Excadrill|38/100 brn|[from] Spikes
|turn|22
|
|t:|1704924819
|move|p1a: Hydreigon|Dark Pulse|p2a: Excadrill
|-resisted|p2a: Excadrill
|-damage|p2a: Excadrill|10/100 brn
|move|p2a: Excadrill|Rapid Spin|p1a: Hydreigon
|-damage|p1a: Hydreigon|72/100
|-sideend|p2: IDidNotExpectThis|Spikes|[from] move: Rapid Spin|[of] p2a: Excadrill
|-sideend|p2: IDidNotExpectThis|Stealth Rock|[from] move: Rapid Spin|[of] p2a: Excadrill
|
|-weather|Sandstorm|[upkeep]
|-damage|p1a: Hydreigon|66/100|[from] Sandstorm
|-heal|p2a: Excadrill|16/100 brn|[from] item: Leftovers
|-damage|p2a: Excadrill|3/100 brn|[from] brn
|upkeep
|turn|23
|
|t:|1704924829
|move|p1a: Hydreigon|Dark Pulse|p2a: Excadrill
|-resisted|p2a: Excadrill
|-damage|p2a: Excadrill|0 fnt
|faint|p2a: Excadrill
|
|-weather|Sandstorm|[upkeep]
|-damage|p1a: Hydreigon|60/100|[from] Sandstorm
|upkeep
|
|t:|1704924830
|switch|p2a: Keldeo|Keldeo|28/100
|turn|24
|
|t:|1704924843
|move|p2a: Keldeo|Secret Sword|p1a: Hydreigon
|-supereffective|p1a: Hydreigon
|-damage|p1a: Hydreigon|0 fnt
|faint|p1a: Hydreigon
|
|-weather|Sandstorm|[upkeep]
|-damage|p2a: Keldeo|22/100|[from] Sandstorm
|-heal|p2a: Keldeo|28/100|[from] item: Leftovers
|upkeep
|
|t:|1704924846
|switch|p1a: Scizor|Scizor, M|88/100
|-damage|p1a: Scizor|76/100|[from] Stealth Rock
|turn|25
|
|t:|1704924854
|move|p1a: Scizor|Bullet Punch|p2a: Keldeo
|-resisted|p2a: Keldeo
|-damage|p2a: Keldeo|0 fnt
|faint|p2a: Keldeo
|
|win|Squalz974
|raw|Squalz974's rating: 1301 &rarr; <strong>1323</strong><br />(+22 for winning)
|raw|IDidNotExpectThis's rating: 1341 &rarr; <strong>1319</strong><br />(-22 for losing)
