|j|☆JDaLoverBoy
|j|☆fumigate
|player|p1|JDaLoverBoy|266
|player|p2|fumigate|1
|teamsize|p1|6
|teamsize|p2|6
|gametype|singles
|gen|5
|tier|[Gen 5] OU
|rated|
|rule|Sleep Clause Mod: Limit one foe put to sleep
|rule|Species Clause: Limit one of each Pokémon
|rule|OHKO Clause: OHKO moves are banned
|rule|Moody Clause: Moody is banned
|rule|Evasion Moves Clause: Evasion moves are banned
|rule|Endless Battle Clause: Forcing endless battles is banned
|rule|HP Percentage Mod: HP is shown in percentages
|rule|Evasion Abilities Clause: Evasion abilities are banned
|rule|Baton Pass Clause: Limit one Baton Passer, can't pass Spe and other stats simultaneously
|rule|Swagger Clause: Swagger is banned
|clearpoke
|poke|p1|Politoed, M|item
|poke|p1|Toxicroak, M|item
|poke|p1|Starmie|item
|poke|p1|Ferrothorn, M|item
|poke|p1|Scizor, F|item
|poke|p1|Volcarona, F|item
|poke|p2|Ninjask, M|item
|poke|p2|Rotom-Wash|item
|poke|p2|Celebi|item
|poke|p2|Excadrill, M|item
|poke|p2|Gyarados, M|item
|poke|p2|Infernape, M|item
|teampreview
|
|start
|switch|p1a: Politoed|Politoed, M|100/100
|switch|p2a: Infernape|Infernape, M|100/100
|-weather|RainDance|[from] ability: Drizzle|[of] p1a: Politoed
|turn|1
|
|move|p2a: Infernape|U-turn|p1a: Politoed
|-crit|p1a: Politoed
|-damage|p1a: Politoed|70/100
|
|switch|p2a: Rotom|Rotom-Wash|100/100
|move|p1a: Politoed|Toxic|p2a: Rotom
|-status|p2a: Rotom|tox
|
|-weather|RainDance|[upkeep]
|-heal|p1a: Politoed|76/100|[from] item: Leftovers
|-damage|p2a: Rotom|94/100 tox|[from] psn
|upkeep
|turn|2
|c|☆fumigate|t
|
|switch|p1a: Ferrothorn|Ferrothorn, M|100/100
|move|p2a: Rotom|Volt Switch|p1a: Ferrothorn
|-resisted|p1a: Ferrothorn
|-damage|p1a: Ferrothorn|89/100
|l|☆fumigate
|player|p2|
|j|☆fumigate
|player|p2|fumigate|1
|
|switch|p2a: Infernape|Infernape, M|100/100
|
|-weather|RainDance|[upkeep]
|upkeep
|turn|3
|
|switch|p1a: Starmie|Starmie|100/100
|move|p2a: Infernape|Close Combat|p1a: Starmie
|-resisted|p1a: Starmie
|-damage|p1a: Starmie|58/100
|-unboost|p2a: Infernape|def|1
|-unboost|p2a: Infernape|spd|1
|
|-weather|RainDance|[upkeep]
|upkeep
|turn|4
|
|switch|p2a: Excadrill|Excadrill, M|100/100
|move|p1a: Starmie|Thunder|p2a: Excadrill
|-immune|p2a: Excadrill|[msg]
|
|-weather|RainDance|[upkeep]
|upkeep
|turn|5
|
|switch|p2a: Rotom|Rotom-Wash|94/100 tox
|move|p1a: Starmie|Surf|p2a: Rotom
|-resisted|p2a: Rotom
|-damage|p2a: Rotom|39/100 tox
|-damage|p1a: Starmie|48/100|[from] item: Life Orb
|
|-weather|RainDance|[upkeep]
|-damage|p2a: Rotom|33/100 tox|[from] psn
|upkeep
|turn|6
|
|move|p2a: Rotom|Volt Switch|p1a: Starmie
|-supereffective|p1a: Starmie
|-damage|p1a: Starmie|0 fnt
|faint|p1a: Starmie
|l|☆fumigate
|player|p2|
|inactive|Battle timer is ON: inactive players will automatically lose when time's up. (requested by JDaLoverBoy)
|j|☆fumigate
|inactive|fumigate reconnected and has 110 seconds left.
|player|p2|fumigate|1
|inactive|fumigate has 105 seconds left.
|inactive|fumigate has 90 seconds left.
|
|switch|p2a: Infernape|Infernape, M|100/100
|
|-weather|RainDance|[upkeep]
|upkeep
|
|switch|p1a: Politoed|Politoed, M|76/100
|turn|7
|
|move|p2a: Infernape|U-turn|p1a: Politoed
|-damage|p1a: Politoed|61/100
|
|switch|p2a: Celebi|Celebi|100/100
|move|p1a: Politoed|Scald|p2a: Celebi
|-resisted|p2a: Celebi
|-damage|p2a: Celebi|81/100
|
|-weather|RainDance|[upkeep]
|-heal|p2a: Celebi|87/100|[from] item: Leftovers
|-heal|p1a: Politoed|67/100|[from] item: Leftovers
|upkeep
|turn|8
|inactive|fumigate has 135 seconds left.
|c|☆fumigate|t
|
|switch|p1a: Ferrothorn|Ferrothorn, M|89/100
|move|p2a: Celebi|Stealth Rock|p1a: Ferrothorn
|-sidestart|p1: JDaLoverBoy|move: Stealth Rock
|
|-weather|RainDance|[upkeep]
|-heal|p2a: Celebi|93/100|[from] item: Leftovers
|upkeep
|turn|9
|inactive|fumigate has 135 seconds left.
|
|move|p2a: Celebi|U-turn|p1a: Ferrothorn
|-crit|p1a: Ferrothorn
|-damage|p1a: Ferrothorn|69/100
|-damage|p2a: Celebi|81/100|[from] ability: Iron Barbs|[of] p1a: Ferrothorn
|-damage|p2a: Celebi|65/100|[from] item: Rocky Helmet|[of] p1a: Ferrothorn
|
|switch|p2a: Excadrill|Excadrill, M|100/100
|move|p1a: Ferrothorn|Stealth Rock|p2a: Excadrill
|-sidestart|p2: fumigate|move: Stealth Rock
|
|-weather|RainDance|[upkeep]
|upkeep
|turn|10
|
|move|p2a: Excadrill|Swords Dance|p2a: Excadrill
|-boost|p2a: Excadrill|atk|2
|move|p1a: Ferrothorn|Power Whip|p2a: Excadrill
|-damage|p2a: Excadrill|46/100
|
|-weather|RainDance|[upkeep]
|-heal|p2a: Excadrill|52/100|[from] item: Leftovers
|upkeep
|turn|11
|
|move|p2a: Excadrill|Earthquake|p1a: Ferrothorn
|-damage|p1a: Ferrothorn|0 fnt
|faint|p1a: Ferrothorn
|
|-weather|RainDance|[upkeep]
|-heal|p2a: Excadrill|58/100|[from] item: Leftovers
|upkeep
|
|switch|p1a: Politoed|Politoed, M|67/100
|-damage|p1a: Politoed|54/100|[from] Stealth Rock
|turn|12
|
|move|p2a: Excadrill|Earthquake|p1a: Politoed
|-damage|p1a: Politoed|0 fnt
|faint|p1a: Politoed
|
|-weather|RainDance|[upkeep]
|-heal|p2a: Excadrill|64/100|[from] item: Leftovers
|upkeep
|-message|JDaLoverBoy forfeited.
|
|win|fumigate
|l|☆JDaLoverBoy
|raw|JDaLoverBoy's rating: 1329 &rarr; <strong>1308</strong><br />(-21 for losing)
|raw|fumigate's rating: 1307 &rarr; <strong>1328</strong><br />(+21 for winning)
