|j|☆RWTH
|j|☆refsunpersons
|player|p1|RWTH|10
|player|p2|refsunpersons|15
|teamsize|p1|6
|teamsize|p2|6
|gametype|singles
|gen|5
|tier|[Gen 5] OU
|rated|
|rule|Sleep Clause Mod: Limit one foe put to sleep
|rule|Species Clause: Limit one of each Pokémon
|rule|OHKO Clause: OHKO moves are banned
|rule|Moody Clause: Moody is banned
|rule|Evasion Moves Clause: Evasion moves are banned
|rule|Endless Battle Clause: Forcing endless battles is banned
|rule|HP Percentage Mod: HP is shown in percentages
|rule|Evasion Abilities Clause: Evasion abilities are banned
|rule|Baton Pass Clause: Limit one Baton Passer, can't pass Spe and other stats simultaneously
|rule|Swagger Clause: Swagger is banned
|clearpoke
|poke|p1|Ferrothorn, M|item
|poke|p1|Keldeo|item
|poke|p1|Tornadus, M|item
|poke|p1|Excadrill, F|item
|poke|p1|Toxicroak, F|item
|poke|p1|Politoed, F|item
|poke|p2|Jirachi|item
|poke|p2|Latios, M|item
|poke|p2|Porygon2|item
|poke|p2|Donphan, F|item
|poke|p2|Ninetales, M|item
|poke|p2|Volcarona, F|item
|teampreview
|
|start
|switch|p1a: Tornadus|Tornadus, M|100/100
|switch|p2a: Jirachi|Jirachi|100/100
|turn|1
|
|switch|p1a: Ferrothorn|Ferrothorn, M|100/100
|move|p2a: Jirachi|Calm Mind|p2a: Jirachi
|-boost|p2a: Jirachi|spa|1
|-boost|p2a: Jirachi|spd|1
|
|upkeep
|turn|2
|
|switch|p1a: Excadrill|Excadrill, F|100/100
|-item|p1a: Excadrill|Air Balloon
|move|p2a: Jirachi|Hidden Power|p1a: Excadrill
|-supereffective|p1a: Excadrill
|-damage|p1a: Excadrill|1/100
|-enditem|p1a: Excadrill|Air Balloon
|
|upkeep
|turn|3
|
|switch|p2a: Donphan|Donphan, F|100/100
|move|p1a: Excadrill|Earthquake|p2a: Donphan
|-damage|p2a: Donphan|67/100
|
|-heal|p2a: Donphan|74/100|[from] item: Leftovers
|upkeep
|turn|4
|
|move|p1a: Excadrill|Swords Dance|p1a: Excadrill
|-boost|p1a: Excadrill|atk|2
|move|p2a: Donphan|Stealth Rock|p1a: Excadrill
|-sidestart|p1: RWTH|move: Stealth Rock
|
|-heal|p2a: Donphan|80/100|[from] item: Leftovers
|upkeep
|turn|5
|
|move|p2a: Donphan|Ice Shard|p1a: Excadrill
|-damage|p1a: Excadrill|0 fnt
|faint|p1a: Excadrill
|
|-heal|p2a: Donphan|86/100|[from] item: Leftovers
|upkeep
|
|switch|p1a: Politoed|Politoed, F|100/100
|-damage|p1a: Politoed|88/100|[from] Stealth Rock
|-weather|RainDance|[from] ability: Drizzle|[of] p1a: Politoed
|turn|6
|
|switch|p2a: Porygon2|Porygon2|100/100
|-ability|p2a: Porygon2|Drizzle|[from] ability: Trace|[of] p1a: Politoed
|move|p1a: Politoed|Toxic|p2a: Porygon2
|-status|p2a: Porygon2|tox
|
|-weather|RainDance|[upkeep]
|-heal|p1a: Politoed|94/100|[from] item: Leftovers
|-damage|p2a: Porygon2|94/100 tox|[from] psn
|upkeep
|turn|7
|
|switch|p1a: Ferrothorn|Ferrothorn, M|100/100
|-damage|p1a: Ferrothorn|94/100|[from] Stealth Rock
|switch|p2a: Ninetales|Ninetales, M, shiny|100/100
|-weather|SunnyDay|[from] ability: Drought|[of] p2a: Ninetales
|-item|p2a: Ninetales|Air Balloon
|
|-weather|SunnyDay|[upkeep]
|-heal|p1a: Ferrothorn|100/100|[from] item: Leftovers
|upkeep
|turn|8
|
|move|p2a: Ninetales|Sunny Day|p2a: Ninetales
|-fail|p2a: Ninetales
|move|p1a: Ferrothorn|Stealth Rock|p2a: Ninetales
|-sidestart|p2: refsunpersons|move: Stealth Rock
|
|-weather|SunnyDay|[upkeep]
|upkeep
|turn|9
|
|switch|p1a: Politoed|Politoed, F|94/100
|-damage|p1a: Politoed|82/100|[from] Stealth Rock
|-weather|RainDance|[from] ability: Drizzle|[of] p1a: Politoed
|move|p2a: Ninetales|Fire Blast|p1a: Politoed
|-resisted|p1a: Politoed
|-damage|p1a: Politoed|72/100
|
|-weather|RainDance|[upkeep]
|-heal|p1a: Politoed|78/100|[from] item: Leftovers
|upkeep
|turn|10
|
|switch|p2a: Porygon2|Porygon2|94/100 tox
|-damage|p2a: Porygon2|82/100 tox|[from] Stealth Rock
|-ability|p2a: Porygon2|Drizzle|[from] ability: Trace|[of] p1a: Politoed
|move|p1a: Politoed|Toxic|p2a: Porygon2
|-fail|p2a: Porygon2|tox
|
|-weather|RainDance|[upkeep]
|-heal|p1a: Politoed|84/100|[from] item: Leftovers
|-damage|p2a: Porygon2|76/100 tox|[from] psn
|upkeep
|turn|11
|
|switch|p2a: Latios|Latios, M|100/100
|-damage|p2a: Latios|88/100|[from] Stealth Rock
|move|p1a: Politoed|Scald|p2a: Latios
|-resisted|p2a: Latios
|-damage|p2a: Latios|67/100
|-status|p2a: Latios|brn
|
|-weather|RainDance|[upkeep]
|-heal|p1a: Politoed|91/100|[from] item: Leftovers
|-damage|p2a: Latios|55/100 brn|[from] brn
|upkeep
|turn|12
|
|switch|p1a: Ferrothorn|Ferrothorn, M|100/100
|-damage|p1a: Ferrothorn|94/100|[from] Stealth Rock
|move|p2a: Latios|Calm Mind|p2a: Latios
|-boost|p2a: Latios|spa|1
|-boost|p2a: Latios|spd|1
|
|-weather|RainDance|[upkeep]
|-heal|p1a: Ferrothorn|100/100|[from] item: Leftovers
|-damage|p2a: Latios|43/100 brn|[from] brn
|upkeep
|turn|13
|
|move|p2a: Latios|Hidden Power|p1a: Ferrothorn
|-supereffective|p1a: Ferrothorn
|-damage|p1a: Ferrothorn|40/100
|-damage|p2a: Latios|33/100 brn|[from] item: Life Orb
|move|p1a: Ferrothorn|Leech Seed|p2a: Latios
|-start|p2a: Latios|move: Leech Seed
|
|-weather|RainDance|[upkeep]
|-heal|p1a: Ferrothorn|46/100|[from] item: Leftovers
|-damage|p2a: Latios|20/100 brn|[from] Leech Seed|[of] p1a: Ferrothorn
|-heal|p1a: Ferrothorn|57/100|[silent]
|-damage|p2a: Latios|8/100 brn|[from] brn
|upkeep
|turn|14
|
|switch|p1a: Keldeo|Keldeo|100/100
|-damage|p1a: Keldeo|94/100|[from] Stealth Rock
|move|p2a: Latios|Draco Meteor|p1a: Keldeo
|-damage|p1a: Keldeo|0 fnt
|-unboost|p2a: Latios|spa|2
|-damage|p2a: Latios|0 fnt|[from] item: Life Orb
|faint|p1a: Keldeo
|faint|p2a: Latios
|
|-weather|RainDance|[upkeep]
|upkeep
|
|switch|p2a: Jirachi|Jirachi|100/100
|switch|p1a: Tornadus|Tornadus, M|100/100
|-damage|p1a: Tornadus|76/100|[from] Stealth Rock
|-damage|p2a: Jirachi|94/100|[from] Stealth Rock
|turn|15
|
|move|p1a: Tornadus|Hurricane|p2a: Jirachi
|-resisted|p2a: Jirachi
|-crit|p2a: Jirachi
|-damage|p2a: Jirachi|11/100
|-start|p2a: Jirachi|confusion
|-activate|p2a: Jirachi|confusion
|-damage|p2a: Jirachi|4/100|[from] confusion
|
|-weather|RainDance|[upkeep]
|upkeep
|turn|16
|
|move|p1a: Tornadus|Hurricane|p2a: Jirachi
|-resisted|p2a: Jirachi
|-damage|p2a: Jirachi|0 fnt
|faint|p2a: Jirachi
|
|-weather|RainDance|[upkeep]
|upkeep
|
|switch|p2a: Ninetales|Ninetales, M, shiny|100/100
|-damage|p2a: Ninetales|76/100|[from] Stealth Rock
|-weather|SunnyDay|[from] ability: Drought|[of] p2a: Ninetales
|-item|p2a: Ninetales|Air Balloon
|turn|17
|
|switch|p2a: Porygon2|Porygon2|76/100 tox
|-damage|p2a: Porygon2|64/100 tox|[from] Stealth Rock
|-ability|p2a: Porygon2|Prankster|[from] ability: Trace|[of] p1a: Tornadus
|move|p1a: Tornadus|Hurricane|p2a: Porygon2
|-damage|p2a: Porygon2|22/100 tox
|
|-weather|SunnyDay|[upkeep]
|-damage|p2a: Porygon2|16/100 tox|[from] psn
|upkeep
|turn|18
|
|switch|p1a: Politoed|Politoed, F|91/100
|-damage|p1a: Politoed|78/100|[from] Stealth Rock
|-weather|RainDance|[from] ability: Drizzle|[of] p1a: Politoed
|move|p2a: Porygon2|Toxic|p1a: Politoed
|-status|p1a: Politoed|tox
|
|-weather|RainDance|[upkeep]
|-heal|p1a: Politoed|84/100 tox|[from] item: Leftovers
|-damage|p1a: Politoed|78/100 tox|[from] psn
|-damage|p2a: Porygon2|4/100 tox|[from] psn
|upkeep
|turn|19
|
|switch|p1a: Toxicroak|Toxicroak, F|100/100
|-damage|p1a: Toxicroak|94/100|[from] Stealth Rock
|move|p2a: Porygon2|Recover|p2a: Porygon2
|-heal|p2a: Porygon2|54/100 tox
|
|-weather|RainDance|[upkeep]
|-heal|p1a: Toxicroak|100/100|[from] ability: Dry Skin
|-damage|p2a: Porygon2|36/100 tox|[from] psn
|upkeep
|turn|20
|
|move|p1a: Toxicroak|Substitute|p1a: Toxicroak
|-start|p1a: Toxicroak|Substitute
|-damage|p1a: Toxicroak|75/100
|move|p2a: Porygon2|Hidden Power|p1a: Toxicroak
|-supereffective|p1a: Toxicroak
|-end|p1a: Toxicroak|Substitute
|
|-weather|RainDance|[upkeep]
|-heal|p1a: Toxicroak|88/100|[from] ability: Dry Skin
|-damage|p2a: Porygon2|11/100 tox|[from] psn
|upkeep
|turn|21
|
|-singleturn|p1a: Toxicroak|move: Focus Punch
|move|p2a: Porygon2|Hidden Power|p1a: Toxicroak
|-supereffective|p1a: Toxicroak
|-damage|p1a: Toxicroak|41/100
|cant|p1a: Toxicroak|Focus Punch|Focus Punch
|
|-weather|RainDance|[upkeep]
|-heal|p1a: Toxicroak|54/100|[from] ability: Dry Skin
|-damage|p2a: Porygon2|0 fnt|[from] psn
|upkeep
|faint|p2a: Porygon2
|
|switch|p2a: Donphan|Donphan, F|86/100
|-damage|p2a: Donphan|80/100|[from] Stealth Rock
|turn|22
|
|move|p1a: Toxicroak|Ice Punch|p2a: Donphan
|-supereffective|p2a: Donphan
|-damage|p2a: Donphan|46/100
|-damage|p1a: Toxicroak|44/100|[from] item: Life Orb
|move|p2a: Donphan|Rapid Spin|p1a: Toxicroak
|-damage|p1a: Toxicroak|36/100
|-sideend|p2: refsunpersons|Stealth Rock|[from] move: Rapid Spin|[of] p2a: Donphan
|
|-weather|RainDance|[upkeep]
|-heal|p1a: Toxicroak|49/100|[from] ability: Dry Skin
|-heal|p2a: Donphan|52/100|[from] item: Leftovers
|upkeep
|turn|23
|
|switch|p1a: Ferrothorn|Ferrothorn, M|57/100
|-damage|p1a: Ferrothorn|50/100|[from] Stealth Rock
|switch|p2a: Ninetales|Ninetales, M, shiny|76/100
|-weather|SunnyDay|[from] ability: Drought|[of] p2a: Ninetales
|-item|p2a: Ninetales|Air Balloon
|
|-weather|SunnyDay|[upkeep]
|-heal|p1a: Ferrothorn|57/100|[from] item: Leftovers
|upkeep
|turn|24
|
|switch|p2a: Volcarona|Volcarona, F|100/100
|move|p1a: Ferrothorn|Stealth Rock|p2a: Volcarona
|-sidestart|p2: refsunpersons|move: Stealth Rock
|
|-weather|SunnyDay|[upkeep]
|-heal|p1a: Ferrothorn|63/100|[from] item: Leftovers
|upkeep
|turn|25
|
|switch|p1a: Politoed|Politoed, F|78/100 tox
|-damage|p1a: Politoed|66/100 tox|[from] Stealth Rock
|-weather|RainDance|[from] ability: Drizzle|[of] p1a: Politoed
|move|p2a: Volcarona|Quiver Dance|p2a: Volcarona
|-boost|p2a: Volcarona|spa|1
|-boost|p2a: Volcarona|spd|1
|-boost|p2a: Volcarona|spe|1
|
|-weather|RainDance|[upkeep]
|-heal|p1a: Politoed|72/100 tox|[from] item: Leftovers
|-damage|p1a: Politoed|66/100 tox|[from] psn
|upkeep
|turn|26
|
|move|p2a: Volcarona|Quiver Dance|p2a: Volcarona
|-boost|p2a: Volcarona|spa|1
|-boost|p2a: Volcarona|spd|1
|-boost|p2a: Volcarona|spe|1
|move|p1a: Politoed|Scald|p2a: Volcarona
|-supereffective|p2a: Volcarona
|-damage|p2a: Volcarona|62/100
|
|-weather|RainDance|[upkeep]
|-heal|p1a: Politoed|72/100 tox|[from] item: Leftovers
|-damage|p1a: Politoed|59/100 tox|[from] psn
|upkeep
|turn|27
|
|move|p2a: Volcarona|Quiver Dance|p2a: Volcarona
|-boost|p2a: Volcarona|spa|1
|-boost|p2a: Volcarona|spd|1
|-boost|p2a: Volcarona|spe|1
|move|p1a: Politoed|Toxic|p2a: Volcarona
|-status|p2a: Volcarona|tox
|
|-weather|RainDance|[upkeep]
|-heal|p1a: Politoed|66/100 tox|[from] item: Leftovers
|-damage|p2a: Volcarona|56/100 tox|[from] psn
|-damage|p1a: Politoed|47/100 tox|[from] psn
|upkeep
|turn|28
|
|move|p2a: Volcarona|Rest|p2a: Volcarona
|-status|p2a: Volcarona|slp
|-heal|p2a: Volcarona|100/100 slp|[silent]
|-status|p2a: Volcarona|slp|[from] move: Rest
|-enditem|p2a: Volcarona|Chesto Berry|[eat]
|-curestatus|p2a: Volcarona|slp|[msg]
|move|p1a: Politoed|Scald|p2a: Volcarona
|-supereffective|p2a: Volcarona
|-damage|p2a: Volcarona|73/100
|
|-weather|RainDance|[upkeep]
|-heal|p1a: Politoed|53/100 tox|[from] item: Leftovers
|-damage|p1a: Politoed|28/100 tox|[from] psn
|upkeep
|turn|29
|-message|RWTH forfeited.
|
|win|refsunpersons
|l|☆RWTH
|raw|RWTH's rating: 1383 &rarr; <strong>1360</strong><br />(-23 for losing)
|raw|refsunpersons's rating: 1336 &rarr; <strong>1359</strong><br />(+23 for winning)
