|j|☆Salutethewolf
|j|☆picho2205
|t:|1746001184
|gametype|singles
|player|p1|Salutethewolf|hugh|1419
|player|p2|picho2205|red|1361
|teamsize|p1|6
|teamsize|p2|6
|gen|5
|tier|[Gen 5] OU
|rated|
|rule|Species Clause: Limit one of each Pokémon
|rule|OHKO Clause: OHKO moves are banned
|rule|Moody Clause: Moody is banned
|rule|Evasion Items Clause: Evasion items are banned
|rule|Evasion Moves Clause: Evasion moves are banned
|rule|Endless Battle Clause: Forcing endless battles is banned
|rule|HP Percentage Mod: HP is shown in percentages
|rule|Evasion Abilities Clause: Evasion abilities are banned
|rule|Sleep Moves Clause: Sleep-inducing moves are banned
|rule|Swagger Clause: Swagger is banned
|rule|Baton Pass Stat Clause: No Baton Passer may have a way to boost its stats
|clearpoke
|poke|p1|Hitmontop, M|item
|poke|p1|Rotom-Wash|item
|poke|p1|Haxorus, F|item
|poke|p1|Latias, F|item
|poke|p1|Gyarados, F|item
|poke|p1|Volcarona, M|item
|poke|p2|Excadrill, M|item
|poke|p2|Tentacruel, M|item
|poke|p2|Raikou|item
|poke|p2|Weavile, M|item
|poke|p2|Hydreigon, M|item
|poke|p2|Conkeldurr, M|item
|teampreview
|inactive|Battle timer is ON: inactive players will automatically lose when time's up. (requested by Salutethewolf)
|
|t:|1746001197
|start
|switch|p1a: Rotom|Rotom-Wash|100/100
|switch|p2a: Conkeldurr|Conkeldurr, M|100/100
|turn|1
|
|t:|1746001204
|move|p1a: Rotom|Volt Switch|p2a: Conkeldurr
|-damage|p2a: Conkeldurr|73/100
|
|t:|1746001208
|switch|p1a: Hitmontop|Hitmontop, M|100/100|[from] Volt Switch
|-ability|p1a: Hitmontop|Intimidate|boost
|-unboost|p2a: Conkeldurr|atk|1
|move|p2a: Conkeldurr|Drain Punch|p1a: Hitmontop
|-damage|p1a: Hitmontop|65/100
|-heal|p2a: Conkeldurr|86/100|[from] drain|[of] p1a: Hitmontop
|-damage|p2a: Conkeldurr|76/100|[from] item: Life Orb
|
|-heal|p1a: Hitmontop|72/100|[from] item: Leftovers
|upkeep
|turn|2
|
|t:|1746001229
|switch|p1a: Latias|Latias, F|100/100
|switch|p2a: Tentacruel|Tentacruel, M|100/100
|
|upkeep
|turn|3
|
|t:|1746001247
|move|p1a: Latias|Light Screen|p1a: Latias
|-sidestart|p1: Salutethewolf|move: Light Screen
|move|p2a: Tentacruel|Toxic|p1a: Latias
|-status|p1a: Latias|tox
|
|-damage|p1a: Latias|94/100 tox|[from] psn
|upkeep
|turn|4
|
|t:|1746001255
|move|p1a: Latias|Reflect|p1a: Latias
|-sidestart|p1: Salutethewolf|Reflect
|move|p2a: Tentacruel|Scald|p1a: Latias
|-resisted|p1a: Latias
|-damage|p1a: Latias|90/100 tox
|
|-damage|p1a: Latias|78/100 tox|[from] psn
|upkeep
|turn|5
|
|t:|1746001268
|move|p2a: Tentacruel|Protect|p2a: Tentacruel
|-singleturn|p2a: Tentacruel|Protect
|move|p1a: Latias|Draco Meteor|p2a: Tentacruel
|-activate|p2a: Tentacruel|move: Protect
|
|-damage|p1a: Latias|60/100 tox|[from] psn
|upkeep
|turn|6
|
|t:|1746001278
|move|p1a: Latias|Draco Meteor|p2a: Tentacruel
|-damage|p2a: Tentacruel|61/100
|-unboost|p1a: Latias|spa|2
|move|p2a: Tentacruel|Scald|p1a: Latias
|-resisted|p1a: Latias
|-damage|p1a: Latias|56/100 tox
|
|-heal|p2a: Tentacruel|67/100|[from] item: Black Sludge
|-damage|p1a: Latias|32/100 tox|[from] psn
|upkeep
|turn|7
|
|t:|1746001294
|switch|p1a: Rotom|Rotom-Wash|100/100
|move|p2a: Tentacruel|Protect||[still]
|-fail|p2a: Tentacruel
|
|-heal|p2a: Tentacruel|73/100|[from] item: Black Sludge
|upkeep
|turn|8
|
|t:|1746001302
|move|p2a: Tentacruel|Protect|p2a: Tentacruel
|-singleturn|p2a: Tentacruel|Protect
|move|p1a: Rotom|Trick|p2a: Tentacruel
|-activate|p2a: Tentacruel|move: Protect
|
|-heal|p2a: Tentacruel|79/100|[from] item: Black Sludge
|upkeep
|turn|9
|
|t:|1746001323
|move|p1a: Rotom|Trick|p2a: Tentacruel
|-activate|p1a: Rotom|move: Trick|[of] p2a: Tentacruel
|-item|p2a: Tentacruel|Choice Scarf|[from] move: Trick
|-item|p1a: Rotom|Black Sludge|[from] move: Trick
|move|p2a: Tentacruel|Toxic|p1a: Rotom
|-status|p1a: Rotom|tox
|
|-damage|p1a: Rotom|88/100 tox|[from] item: Black Sludge
|-damage|p1a: Rotom|82/100 tox|[from] psn
|upkeep
|turn|10
|inactive|picho2205 has 120 seconds left.
|
|t:|1746001348
|switch|p2a: Excadrill|Excadrill, M, shiny|100/100
|-ability|p2a: Excadrill|Mold Breaker
|move|p1a: Rotom|Trick|p2a: Excadrill
|-activate|p1a: Rotom|move: Trick|[of] p2a: Excadrill
|-item|p2a: Excadrill|Black Sludge|[from] move: Trick
|-item|p1a: Rotom|Choice Scarf|[from] move: Trick
|
|-damage|p2a: Excadrill|88/100|[from] item: Black Sludge
|-damage|p1a: Rotom|69/100 tox|[from] psn
|-sideend|p1: Salutethewolf|move: Light Screen
|upkeep
|turn|11
|inactive|picho2205 has 120 seconds left.
|
|t:|1746001365
|switch|p1a: Hitmontop|Hitmontop, M|72/100
|-ability|p1a: Hitmontop|Intimidate|boost
|-unboost|p2a: Excadrill|atk|1
|move|p2a: Excadrill|Earthquake|p1a: Hitmontop
|-damage|p1a: Hitmontop|55/100
|
|-damage|p2a: Excadrill|76/100|[from] item: Black Sludge
|-heal|p1a: Hitmontop|61/100|[from] item: Leftovers
|-sideend|p1: Salutethewolf|Reflect
|upkeep
|turn|12
|inactive|picho2205 has 120 seconds left.
|
|t:|1746001380
|switch|p1a: Latias|Latias, F|32/100 tox
|move|p2a: Excadrill|Rock Slide|p1a: Latias
|-damage|p1a: Latias|18/100 tox
|
|-damage|p2a: Excadrill|63/100|[from] item: Black Sludge
|-damage|p1a: Latias|12/100 tox|[from] psn
|upkeep
|turn|13
|inactive|picho2205 has 120 seconds left.
|inactive|Salutethewolf has 120 seconds left.
|
|t:|1746001399
|switch|p2a: Raikou|Raikou, shiny|100/100
|-ability|p2a: Raikou|Pressure
|move|p1a: Latias|Reflect|p1a: Latias
|-sidestart|p1: Salutethewolf|Reflect
|
|-damage|p1a: Latias|0 fnt|[from] psn
|faint|p1a: Latias
|upkeep
|inactive|Salutethewolf has 120 seconds left.
|
|t:|1746001409
|switch|p1a: Volcarona|Volcarona, M|100/100
|turn|14
|
|t:|1746001414
|move|p2a: Raikou|Calm Mind|p2a: Raikou
|-boost|p2a: Raikou|spa|1
|-boost|p2a: Raikou|spd|1
|move|p1a: Volcarona|Quiver Dance|p1a: Volcarona
|-boost|p1a: Volcarona|spa|1
|-boost|p1a: Volcarona|spd|1
|-boost|p1a: Volcarona|spe|1
|
|upkeep
|turn|15
|
|t:|1746001421
|move|p1a: Volcarona|Quiver Dance|p1a: Volcarona
|-boost|p1a: Volcarona|spa|1
|-boost|p1a: Volcarona|spd|1
|-boost|p1a: Volcarona|spe|1
|move|p2a: Raikou|Volt Switch|p1a: Volcarona
|-damage|p1a: Volcarona|71/100
|
|t:|1746001434
|switch|p2a: Excadrill|Excadrill, M, shiny|63/100|[from] Volt Switch
|-ability|p2a: Excadrill|Mold Breaker
|
|-heal|p1a: Volcarona|77/100|[from] item: Leftovers
|-damage|p2a: Excadrill|51/100|[from] item: Black Sludge
|upkeep
|turn|16
|
|t:|1746001443
|switch|p2a: Tentacruel|Tentacruel, M|79/100
|move|p1a: Volcarona|Fiery Dance|p2a: Tentacruel
|-resisted|p2a: Tentacruel
|-damage|p2a: Tentacruel|47/100
|
|-heal|p1a: Volcarona|83/100|[from] item: Leftovers
|upkeep
|turn|17
|
|t:|1746001456
|move|p1a: Volcarona|Fiery Dance|p2a: Tentacruel
|-resisted|p2a: Tentacruel
|-damage|p2a: Tentacruel|12/100
|move|p2a: Tentacruel|Toxic|p1a: Volcarona
|-status|p1a: Volcarona|tox
|
|-heal|p1a: Volcarona|89/100 tox|[from] item: Leftovers
|-damage|p1a: Volcarona|83/100 tox|[from] psn
|upkeep
|turn|18
|
|t:|1746001468
|switch|p2a: Excadrill|Excadrill, M, shiny|51/100
|-ability|p2a: Excadrill|Mold Breaker
|move|p1a: Volcarona|Fiery Dance|p2a: Excadrill
|-supereffective|p2a: Excadrill
|-damage|p2a: Excadrill|0 fnt
|faint|p2a: Excadrill
|
|-heal|p1a: Volcarona|89/100 tox|[from] item: Leftovers
|-damage|p1a: Volcarona|77/100 tox|[from] psn
|upkeep
|
|t:|1746001479
|switch|p2a: Tentacruel|Tentacruel, M|12/100
|turn|19
|
|t:|1746001483
|move|p2a: Tentacruel|Protect|p2a: Tentacruel
|-singleturn|p2a: Tentacruel|Protect
|move|p1a: Volcarona|Fiery Dance|p2a: Tentacruel
|-activate|p2a: Tentacruel|move: Protect
|
|-heal|p1a: Volcarona|83/100 tox|[from] item: Leftovers
|-damage|p1a: Volcarona|65/100 tox|[from] psn
|upkeep
|turn|20
|
|t:|1746001492
|move|p2a: Tentacruel|Protect||[still]
|-fail|p2a: Tentacruel
|move|p1a: Volcarona|Fiery Dance|p2a: Tentacruel
|-resisted|p2a: Tentacruel
|-damage|p2a: Tentacruel|0 fnt
|faint|p2a: Tentacruel
|
|-heal|p1a: Volcarona|71/100 tox|[from] item: Leftovers
|-damage|p1a: Volcarona|46/100 tox|[from] psn
|-sideend|p1: Salutethewolf|Reflect
|upkeep
|
|t:|1746001504
|switch|p2a: Raikou|Raikou, shiny|100/100
|-ability|p2a: Raikou|Pressure
|turn|21
|
|t:|1746001508
|move|p1a: Volcarona|Fiery Dance|p2a: Raikou
|-damage|p2a: Raikou|0 fnt
|faint|p2a: Raikou
|
|-heal|p1a: Volcarona|52/100 tox|[from] item: Leftovers
|-damage|p1a: Volcarona|22/100 tox|[from] psn
|upkeep
|
|t:|1746001517
|switch|p2a: Weavile|Weavile, M|100/100
|-ability|p2a: Weavile|Pressure
|turn|22
|
|t:|1746001522
|move|p2a: Weavile|Ice Shard|p1a: Volcarona
|-resisted|p1a: Volcarona
|-damage|p1a: Volcarona|1/100 tox
|-damage|p2a: Weavile|91/100|[from] item: Life Orb
|move|p1a: Volcarona|Bug Buzz|p2a: Weavile
|-supereffective|p2a: Weavile
|-damage|p2a: Weavile|0 fnt
|faint|p2a: Weavile
|
|-heal|p1a: Volcarona|7/100 tox|[from] item: Leftovers
|-damage|p1a: Volcarona|0 fnt|[from] psn
|faint|p1a: Volcarona
|upkeep
|
|t:|1746001538
|switch|p2a: Conkeldurr|Conkeldurr, M|76/100
|switch|p1a: Rotom|Rotom-Wash|69/100 tox
|turn|23
|
|t:|1746001545
|move|p1a: Rotom|Hydro Pump|p2a: Conkeldurr|[miss]
|-miss|p1a: Rotom|p2a: Conkeldurr
|move|p2a: Conkeldurr|Drain Punch|p1a: Rotom
|-damage|p1a: Rotom|2/100 tox
|-heal|p2a: Conkeldurr|100/100|[from] drain|[of] p1a: Rotom
|-damage|p2a: Conkeldurr|91/100|[from] item: Life Orb
|
|-damage|p1a: Rotom|0 fnt|[from] psn
|faint|p1a: Rotom
|upkeep
|
|t:|1746001557
|switch|p1a: Hitmontop|Hitmontop, M|61/100
|-ability|p1a: Hitmontop|Intimidate|boost
|-unboost|p2a: Conkeldurr|atk|1
|turn|24
|
|t:|1746001565
|switch|p1a: Gyarados|Gyarados, F|100/100
|-ability|p1a: Gyarados|Intimidate|boost
|-unboost|p2a: Conkeldurr|atk|1
|switch|p2a: Hydreigon|Hydreigon, M, shiny|100/100
|
|upkeep
|turn|25
|
|t:|1746001584
|move|p2a: Hydreigon|Draco Meteor|p1a: Gyarados
|-damage|p1a: Gyarados|9/100
|-unboost|p2a: Hydreigon|spa|2
|-damage|p2a: Hydreigon|91/100|[from] item: Life Orb
|move|p1a: Gyarados|Ice Fang|p2a: Hydreigon
|-supereffective|p2a: Hydreigon
|-damage|p2a: Hydreigon|35/100
|
|-heal|p1a: Gyarados|15/100|[from] item: Leftovers
|upkeep
|turn|26
|
|t:|1746001600
|switch|p2a: Conkeldurr|Conkeldurr, M|91/100
|move|p1a: Gyarados|Waterfall|p2a: Conkeldurr
|-damage|p2a: Conkeldurr|58/100
|
|-heal|p1a: Gyarados|21/100|[from] item: Leftovers
|upkeep
|turn|27
|
|t:|1746001608
|move|p1a: Gyarados|Waterfall|p2a: Conkeldurr
|-damage|p2a: Conkeldurr|22/100
|move|p2a: Conkeldurr|Drain Punch|p1a: Gyarados
|-resisted|p1a: Gyarados
|-damage|p1a: Gyarados|0 fnt
|-heal|p2a: Conkeldurr|30/100|[from] drain|[of] p1a: Gyarados
|faint|p1a: Gyarados
|-damage|p2a: Conkeldurr|21/100|[from] item: Life Orb
|
|upkeep
|
|t:|1746001619
|switch|p1a: Haxorus|Haxorus, F|100/100
|-ability|p1a: Haxorus|Mold Breaker
|turn|28
|
|t:|1746001624
|move|p1a: Haxorus|Dragon Dance|p1a: Haxorus
|-boost|p1a: Haxorus|atk|1
|-boost|p1a: Haxorus|spe|1
|move|p2a: Conkeldurr|Ice Punch|p1a: Haxorus
|-supereffective|p1a: Haxorus
|-damage|p1a: Haxorus|0 fnt
|faint|p1a: Haxorus
|
|upkeep
|
|t:|1746001633
|switch|p1a: Hitmontop|Hitmontop, M|61/100
|-ability|p1a: Hitmontop|Intimidate|boost
|-unboost|p2a: Conkeldurr|atk|1
|turn|29
|
|t:|1746001637
|move|p1a: Hitmontop|Mach Punch|p2a: Conkeldurr
|-damage|p2a: Conkeldurr|10/100
|move|p2a: Conkeldurr|Mach Punch|p1a: Hitmontop
|-damage|p1a: Hitmontop|44/100
|-damage|p2a: Conkeldurr|0 fnt|[from] item: Life Orb
|faint|p2a: Conkeldurr
|
|-heal|p1a: Hitmontop|50/100|[from] item: Leftovers
|upkeep
|
|t:|1746001646
|switch|p2a: Hydreigon|Hydreigon, M, shiny|35/100
|turn|30
|
|t:|1746001650
|move|p1a: Hitmontop|Mach Punch|p2a: Hydreigon
|-supereffective|p2a: Hydreigon
|-damage|p2a: Hydreigon|2/100
|move|p2a: Hydreigon|Flamethrower|p1a: Hitmontop
|-damage|p1a: Hitmontop|10/100
|-damage|p2a: Hydreigon|0 fnt|[from] item: Life Orb
|faint|p2a: Hydreigon
|
|win|Salutethewolf
|raw|Salutethewolf's rating: 1419 &rarr; <strong>1436</strong><br />(+17 for winning)
|raw|picho2205's rating: 1361 &rarr; <strong>1344</strong><br />(-17 for losing)
|l|☆Salutethewolf
|player|p1|
|l|☆picho2205
|player|p2|
|j|☆Salutethewolf
|player|p1|Salutethewolf|hugh|
