|j|☆ojMinutemaid
|j|☆nonlibraryhail
|t:|1708610006
|gametype|singles
|player|p1|ojMinutemaid|2|1361
|player|p2|nonlibraryhail|miku-psychic|1393
|teamsize|p1|6
|teamsize|p2|6
|gen|5
|tier|[Gen 5] OU
|rated|
|rule|Species Clause: Limit one of each Pokémon
|rule|OHKO Clause: OHKO moves are banned
|rule|Moody Clause: Moody is banned
|rule|Evasion Items Clause: Evasion items are banned
|rule|Evasion Moves Clause: Evasion moves are banned
|rule|Endless Battle Clause: Forcing endless battles is banned
|rule|HP Percentage Mod: HP is shown in percentages
|rule|Evasion Abilities Clause: Evasion abilities are banned
|rule|Sleep Moves Clause: Sleep-inducing moves are banned
|rule|Swagger Clause: Swagger is banned
|rule|Baton Pass Stat Clause: No Baton Passer may have a way to boost its stats
|clearpoke
|poke|p1|Azelf|item
|poke|p1|Volcarona, M|item
|poke|p1|Jirachi|item
|poke|p1|Breloom, F|item
|poke|p1|Latios, M|item
|poke|p1|Cloyster, F|item
|poke|p2|Abomasnow, F|item
|poke|p2|Mamoswine, F|item
|poke|p2|Cloyster, M|item
|poke|p2|Salamence, F|item
|poke|p2|Starmie|item
|poke|p2|Jirachi|item
|teampreview
|inactive|Battle timer is ON: inactive players will automatically lose when time's up. (requested by nonlibraryhail)
|
|t:|1708610015
|start
|switch|p1a: Jirachi|Jirachi|100/100
|switch|p2a: Jirachi|Jirachi|100/100
|turn|1
|
|t:|1708610018
|move|p1a: Jirachi|Thunder|p2a: Jirachi|[miss]
|-miss|p1a: Jirachi|p2a: Jirachi
|move|p2a: Jirachi|Body Slam|p1a: Jirachi
|-resisted|p1a: Jirachi
|-damage|p1a: Jirachi|92/100
|
|-heal|p1a: Jirachi|98/100|[from] item: Leftovers
|upkeep
|turn|2
|
|t:|1708610021
|move|p1a: Jirachi|Thunder|p2a: Jirachi
|-damage|p2a: Jirachi|82/100
|-status|p2a: Jirachi|par
|move|p2a: Jirachi|Body Slam|p1a: Jirachi
|-resisted|p1a: Jirachi
|-damage|p1a: Jirachi|89/100
|-status|p1a: Jirachi|par
|
|-heal|p1a: Jirachi|95/100 par|[from] item: Leftovers
|upkeep
|turn|3
|
|t:|1708610024
|cant|p1a: Jirachi|par
|move|p2a: Jirachi|Stealth Rock|p1a: Jirachi
|-sidestart|p1: ojMinutemaid|move: Stealth Rock
|
|-heal|p1a: Jirachi|100/100 par|[from] item: Leftovers
|upkeep
|turn|4
|
|t:|1708610027
|move|p1a: Jirachi|Fire Punch|p2a: Jirachi
|-supereffective|p2a: Jirachi
|-damage|p2a: Jirachi|54/100 par
|-damage|p1a: Jirachi|84/100 par|[from] item: Rocky Helmet|[of] p2a: Jirachi
|cant|p2a: Jirachi|par
|
|-heal|p1a: Jirachi|90/100 par|[from] item: Leftovers
|upkeep
|turn|5
|
|t:|1708610030
|move|p1a: Jirachi|Fire Punch|p2a: Jirachi
|-supereffective|p2a: Jirachi
|-damage|p2a: Jirachi|28/100 par
|-damage|p1a: Jirachi|73/100 par|[from] item: Rocky Helmet|[of] p2a: Jirachi
|move|p2a: Jirachi|U-turn|p1a: Jirachi
|-damage|p1a: Jirachi|59/100 par
|
|t:|1708610034
|switch|p2a: Mamoswine|Mamoswine, F|100/100|[from] U-turn
|
|-heal|p1a: Jirachi|65/100 par|[from] item: Leftovers
|upkeep
|turn|6
|
|t:|1708610038
|switch|p1a: Azelf|Azelf|100/100
|-damage|p1a: Azelf|88/100|[from] Stealth Rock
|move|p2a: Mamoswine|Substitute|p2a: Mamoswine
|-start|p2a: Mamoswine|Substitute
|-damage|p2a: Mamoswine|76/100
|
|upkeep
|turn|7
|
|t:|1708610043
|move|p1a: Azelf|Stealth Rock|p2a: Mamoswine
|-sidestart|p2: nonlibraryhail|move: Stealth Rock
|move|p2a: Mamoswine|Icicle Crash|p1a: Azelf
|-damage|p1a: Azelf|0 fnt
|faint|p1a: Azelf
|
|upkeep
|
|t:|1708610059
|switch|p1a: Cloyster|Cloyster, F|100/100
|-damage|p1a: Cloyster|76/100|[from] Stealth Rock
|turn|8
|
|t:|1708610062
|move|p2a: Mamoswine|Earthquake|p1a: Cloyster
|-damage|p1a: Cloyster|30/100
|move|p1a: Cloyster|Shell Smash|p1a: Cloyster
|-unboost|p1a: Cloyster|def|1
|-unboost|p1a: Cloyster|spd|1
|-boost|p1a: Cloyster|atk|2
|-boost|p1a: Cloyster|spa|2
|-boost|p1a: Cloyster|spe|2
|
|upkeep
|turn|9
|
|t:|1708610069
|switch|p2a: Jirachi|Jirachi|28/100 par
|-damage|p2a: Jirachi|22/100 par|[from] Stealth Rock
|move|p1a: Cloyster|Icicle Spear|p2a: Jirachi
|-resisted|p2a: Jirachi
|-damage|p2a: Jirachi|12/100 par
|-resisted|p2a: Jirachi
|-damage|p2a: Jirachi|3/100 par
|-resisted|p2a: Jirachi
|-damage|p2a: Jirachi|0 fnt
|faint|p2a: Jirachi
|-hitcount|p2: Jirachi|3
|
|upkeep
|
|t:|1708610075
|switch|p2a: Mamoswine|Mamoswine, F|76/100
|-damage|p2a: Mamoswine|63/100|[from] Stealth Rock
|turn|10
|
|t:|1708610079
|move|p2a: Mamoswine|Ice Shard|p1a: Cloyster
|-resisted|p1a: Cloyster
|-damage|p1a: Cloyster|22/100
|move|p1a: Cloyster|Icicle Spear|p2a: Mamoswine
|-damage|p2a: Mamoswine|48/100
|-damage|p2a: Mamoswine|32/100
|-damage|p2a: Mamoswine|16/100
|-damage|p2a: Mamoswine|0 fnt
|faint|p2a: Mamoswine
|-hitcount|p2: Mamoswine|4
|
|upkeep
|j| SKT T1 Motherfaker
|
|t:|1708610087
|switch|p2a: Starmie|Starmie|100/100
|-damage|p2a: Starmie|88/100|[from] Stealth Rock
|-item|p2a: Starmie|Air Balloon
|turn|11
|
|t:|1708610089
|move|p1a: Cloyster|Rock Blast|p2a: Starmie
|-damage|p2a: Starmie|64/100
|-enditem|p2a: Starmie|Air Balloon
|-damage|p2a: Starmie|40/100
|-damage|p2a: Starmie|16/100
|-damage|p2a: Starmie|0 fnt
|faint|p2a: Starmie
|-hitcount|p2: Starmie|4
|
|upkeep
|-message|nonlibraryhail forfeited.
|
|win|ojMinutemaid
|raw|ojMinutemaid's rating: 1361 &rarr; <strong>1383</strong><br />(+22 for winning)
|raw|nonlibraryhail's rating: 1393 &rarr; <strong>1371</strong><br />(-22 for losing)
|l|☆nonlibraryhail
|player|p2|
