|j|☆133fcsq
|j|☆baixiaohen
|t:|1739940773
|gametype|singles
|player|p1|133fcsq|170|1460
|player|p2|baixiaohen|steven|1366
|teamsize|p1|6
|teamsize|p2|6
|gen|5
|tier|[Gen 5] OU
|rated|
|rule|Species Clause: Limit one of each Pokémon
|rule|OHKO Clause: OHKO moves are banned
|rule|Moody Clause: Moody is banned
|rule|Evasion Items Clause: Evasion items are banned
|rule|Evasion Moves Clause: Evasion moves are banned
|rule|Endless Battle Clause: Forcing endless battles is banned
|rule|HP Percentage Mod: HP is shown in percentages
|rule|Evasion Abilities Clause: Evasion abilities are banned
|rule|Sleep Moves Clause: Sleep-inducing moves are banned
|rule|Swagger Clause: Swagger is banned
|rule|Baton Pass Stat Clause: No Baton Passer may have a way to boost its stats
|clearpoke
|poke|p1|Politoed, M|item
|poke|p1|Keldeo|item
|poke|p1|Latios, M|item
|poke|p1|Starmie|item
|poke|p1|Thundurus-Therian, M|item
|poke|p1|Jirachi|item
|poke|p2|Jirachi|item
|poke|p2|Scizor, F|item
|poke|p2|Celebi|item
|poke|p2|Gyarados, M|item
|poke|p2|Heatran, F|item
|poke|p2|Starmie|item
|teampreview
|
|t:|1739940795
|start
|switch|p1a: Politoed|Politoed, M|100/100
|switch|p2a: Jirachi|Jirachi, shiny|100/100
|-weather|RainDance|[from] ability: Drizzle|[of] p1a: Politoed
|turn|1
|
|t:|1739940799
|move|p2a: Jirachi|Trick|p1a: Politoed
|-activate|p2a: Jirachi|move: Trick|[of] p1a: Politoed
|-item|p1a: Politoed|Choice Scarf|[from] move: Trick
|-item|p2a: Jirachi|Leftovers|[from] move: Trick
|move|p1a: Politoed|Encore|p2a: Jirachi
|-start|p2a: Jirachi|Encore
|
|-weather|RainDance|[upkeep]
|upkeep
|turn|2
|
|t:|1739940810
|switch|p2a: Starmie|Starmie, shiny|100/100
|switch|p1a: Jirachi|Jirachi|100/100
|
|-weather|RainDance|[upkeep]
|upkeep
|turn|3
|
|t:|1739940825
|move|p2a: Starmie|Hydro Pump|p1a: Jirachi
|-damage|p1a: Jirachi|39/100
|-damage|p2a: Starmie|91/100|[from] item: Life Orb
|move|p1a: Jirachi|Thunder|p2a: Starmie
|-supereffective|p2a: Starmie
|-damage|p2a: Starmie|13/100
|-status|p2a: Starmie|par
|
|-weather|RainDance|[upkeep]
|-heal|p1a: Jirachi|45/100|[from] item: Leftovers
|upkeep
|turn|4
|
|t:|1739940836
|move|p1a: Jirachi|Stealth Rock|p2a: Starmie
|-sidestart|p2: baixiaohen|move: Stealth Rock
|move|p2a: Starmie|Hydro Pump|p1a: Jirachi
|-damage|p1a: Jirachi|0 fnt
|faint|p1a: Jirachi
|-damage|p2a: Starmie|3/100 par|[from] item: Life Orb
|
|-weather|RainDance|[upkeep]
|upkeep
|
|t:|1739940848
|switch|p1a: Starmie|Starmie|100/100
|-item|p1a: Starmie|Air Balloon
|turn|5
|
|t:|1739940853
|move|p1a: Starmie|Thunderbolt|p2a: Starmie
|-supereffective|p2a: Starmie
|-damage|p2a: Starmie|0 fnt
|faint|p2a: Starmie
|
|-weather|RainDance|[upkeep]
|upkeep
|
|t:|1739940864
|switch|p2a: Jirachi|Jirachi, shiny|100/100
|-damage|p2a: Jirachi|94/100|[from] Stealth Rock
|turn|6
|
|t:|1739940867
|move|p1a: Starmie|Hydro Pump|p2a: Jirachi|[miss]
|-miss|p1a: Starmie|p2a: Jirachi
|move|p2a: Jirachi|U-turn|p1a: Starmie
|-supereffective|p1a: Starmie
|-damage|p1a: Starmie|45/100
|-enditem|p1a: Starmie|Air Balloon
|
|t:|1739940874
|switch|p2a: Celebi|Celebi|100/100|[from] U-turn
|-damage|p2a: Celebi|88/100|[from] Stealth Rock
|
|-weather|RainDance|[upkeep]
|-heal|p2a: Celebi|94/100|[from] item: Leftovers
|upkeep
|turn|7
|
|t:|1739940884
|move|p1a: Starmie|Ice Beam|p2a: Celebi
|-supereffective|p2a: Celebi
|-damage|p2a: Celebi|61/100
|move|p2a: Celebi|Psychic|p1a: Starmie
|-resisted|p1a: Starmie
|-damage|p1a: Starmie|20/100
|
|-weather|RainDance|[upkeep]
|-heal|p2a: Celebi|67/100|[from] item: Leftovers
|upkeep
|turn|8
|
|t:|1739940888
|switch|p1a: Latios|Latios, M|100/100
|move|p2a: Celebi|Recover|p2a: Celebi
|-heal|p2a: Celebi|100/100
|
|-weather|RainDance|[upkeep]
|upkeep
|turn|9
|
|t:|1739940894
|move|p1a: Latios|Trick|p2a: Celebi
|-activate|p1a: Latios|move: Trick|[of] p2a: Celebi
|-item|p2a: Celebi|Choice Scarf|[from] move: Trick
|-item|p1a: Latios|Leftovers|[from] move: Trick
|move|p2a: Celebi|Thunder Wave|p1a: Latios
|-status|p1a: Latios|par
|
|-weather|RainDance|[upkeep]
|upkeep
|turn|10
|
|t:|1739940905
|switch|p2a: Heatran|Heatran, F, shiny|100/100
|-damage|p2a: Heatran|88/100|[from] Stealth Rock
|move|p1a: Latios|Draco Meteor|p2a: Heatran
|-resisted|p2a: Heatran
|-damage|p2a: Heatran|58/100
|-unboost|p1a: Latios|spa|2
|
|-weather|RainDance|[upkeep]
|-heal|p2a: Heatran|64/100|[from] item: Leftovers
|upkeep
|turn|11
|
|t:|1739940910
|move|p2a: Heatran|Stealth Rock|p1a: Latios
|-sidestart|p1: 133fcsq|move: Stealth Rock
|cant|p1a: Latios|par
|
|-weather|RainDance|[upkeep]
|-heal|p2a: Heatran|71/100|[from] item: Leftovers
|upkeep
|turn|12
|
|t:|1739940926
|switch|p2a: Celebi|Celebi|100/100
|-damage|p2a: Celebi|88/100|[from] Stealth Rock
|cant|p1a: Latios|par
|
|-weather|RainDance|[upkeep]
|upkeep
|turn|13
|
|t:|1739940936
|move|p2a: Celebi|Psychic|p1a: Latios
|-resisted|p1a: Latios
|-damage|p1a: Latios|85/100 par
|move|p1a: Latios|Dragon Pulse|p2a: Celebi
|-damage|p2a: Celebi|75/100
|
|-weather|RainDance|[upkeep]
|-heal|p1a: Latios|91/100 par|[from] item: Leftovers
|upkeep
|turn|14
|
|t:|1739940945
|switch|p1a: Politoed|Politoed, M|100/100
|-damage|p1a: Politoed|88/100|[from] Stealth Rock
|move|p2a: Celebi|Psychic|p1a: Politoed
|-damage|p1a: Politoed|60/100
|
|-weather|RainDance|[upkeep]
|upkeep
|turn|15
|
|t:|1739940953
|switch|p1a: Latios|Latios, M|91/100 par
|-damage|p1a: Latios|78/100 par|[from] Stealth Rock
|move|p2a: Celebi|Psychic|p1a: Latios
|-resisted|p1a: Latios
|-damage|p1a: Latios|61/100 par
|
|-weather|RainDance|[upkeep]
|-heal|p1a: Latios|67/100 par|[from] item: Leftovers
|upkeep
|turn|16
|
|t:|1739940962
|move|p2a: Celebi|Psychic|p1a: Latios
|-resisted|p1a: Latios
|-damage|p1a: Latios|49/100 par
|cant|p1a: Latios|par
|
|-weather|RainDance|[upkeep]
|-heal|p1a: Latios|55/100 par|[from] item: Leftovers
|upkeep
|turn|17
|
|t:|1739940965
|move|p2a: Celebi|Psychic|p1a: Latios
|-resisted|p1a: Latios
|-damage|p1a: Latios|40/100 par
|move|p1a: Latios|Draco Meteor|p2a: Celebi|[miss]
|-miss|p1a: Latios|p2a: Celebi
|
|-weather|RainDance|[upkeep]
|-heal|p1a: Latios|46/100 par|[from] item: Leftovers
|upkeep
|turn|18
|
|t:|1739940976
|move|p2a: Celebi|Psychic|p1a: Latios
|-resisted|p1a: Latios
|-damage|p1a: Latios|30/100 par
|move|p1a: Latios|Draco Meteor|p2a: Celebi|[miss]
|-miss|p1a: Latios|p2a: Celebi
|
|-weather|RainDance|[upkeep]
|-heal|p1a: Latios|36/100 par|[from] item: Leftovers
|upkeep
|turn|19
|
|t:|1739940979
|move|p2a: Celebi|Psychic|p1a: Latios
|-resisted|p1a: Latios
|-damage|p1a: Latios|19/100 par
|cant|p1a: Latios|par
|
|-weather|RainDance|[upkeep]
|-heal|p1a: Latios|25/100 par|[from] item: Leftovers
|upkeep
|turn|20
|
|t:|1739940982
|move|p2a: Celebi|Psychic|p1a: Latios
|-resisted|p1a: Latios
|-damage|p1a: Latios|8/100 par
|move|p1a: Latios|Dragon Pulse|p2a: Celebi
|-damage|p2a: Celebi|46/100
|
|-weather|RainDance|[upkeep]
|-heal|p1a: Latios|14/100 par|[from] item: Leftovers
|upkeep
|turn|21
|
|t:|1739940985
|move|p2a: Celebi|Psychic|p1a: Latios
|-resisted|p1a: Latios
|-crit|p1a: Latios
|-damage|p1a: Latios|0 fnt
|faint|p1a: Latios
|
|-weather|RainDance|[upkeep]
|upkeep
|
|t:|1739940990
|switch|p1a: Thundurus|Thundurus-Therian, M|100/100
|-damage|p1a: Thundurus|76/100|[from] Stealth Rock
|turn|22
|
|t:|1739940995
|move|p2a: Celebi|Psychic|p1a: Thundurus
|-damage|p1a: Thundurus|40/100
|move|p1a: Thundurus|Agility|p1a: Thundurus
|-boost|p1a: Thundurus|spe|2
|
|-weather|RainDance|[upkeep]
|-heal|p1a: Thundurus|46/100|[from] item: Leftovers
|upkeep
|turn|23
|
|t:|1739940999
|move|p1a: Thundurus|Hidden Power|p2a: Celebi
|-supereffective|p2a: Celebi
|-damage|p2a: Celebi|9/100
|move|p2a: Celebi|Psychic|p1a: Thundurus
|-damage|p1a: Thundurus|12/100
|
|-weather|RainDance|[upkeep]
|-heal|p1a: Thundurus|18/100|[from] item: Leftovers
|upkeep
|turn|24
|
|t:|1739941007
|move|p1a: Thundurus|Hidden Power|p2a: Celebi
|-supereffective|p2a: Celebi
|-damage|p2a: Celebi|0 fnt
|faint|p2a: Celebi
|
|-weather|RainDance|[upkeep]
|-heal|p1a: Thundurus|24/100|[from] item: Leftovers
|upkeep
|
|t:|1739941009
|switch|p2a: Scizor|Scizor, F|100/100
|-damage|p2a: Scizor|88/100|[from] Stealth Rock
|turn|25
|
|t:|1739941015
|move|p2a: Scizor|Quick Attack|p1a: Thundurus
|-damage|p1a: Thundurus|0 fnt
|faint|p1a: Thundurus
|-damage|p2a: Scizor|78/100|[from] item: Life Orb
|
|-weather|RainDance|[upkeep]
|upkeep
|
|t:|1739941020
|switch|p1a: Keldeo|Keldeo|100/100
|-damage|p1a: Keldeo|94/100|[from] Stealth Rock
|turn|26
|
|t:|1739941034
|switch|p2a: Heatran|Heatran, F, shiny|71/100
|-damage|p2a: Heatran|58/100|[from] Stealth Rock
|move|p1a: Keldeo|Surf|p2a: Heatran
|-supereffective|p2a: Heatran
|-damage|p2a: Heatran|0 fnt
|faint|p2a: Heatran
|
|-weather|RainDance|[upkeep]
|upkeep
|
|t:|1739941039
|switch|p2a: Gyarados|Gyarados, M, shiny|100/100
|-damage|p2a: Gyarados|75/100|[from] Stealth Rock
|-ability|p2a: Gyarados|Intimidate|boost
|-unboost|p1a: Keldeo|atk|1
|turn|27
|
|t:|1739941051
|switch|p1a: Starmie|Starmie|20/100
|-damage|p1a: Starmie|8/100|[from] Stealth Rock
|move|p2a: Gyarados|Waterfall|p1a: Starmie
|-resisted|p1a: Starmie
|-damage|p1a: Starmie|0 fnt
|faint|p1a: Starmie
|
|-weather|RainDance|[upkeep]
|-heal|p2a: Gyarados|82/100|[from] item: Leftovers
|upkeep
|
|t:|1739941056
|switch|p1a: Keldeo|Keldeo|94/100
|-damage|p1a: Keldeo|88/100|[from] Stealth Rock
|turn|28
|
|t:|1739941059
|move|p1a: Keldeo|Hydro Pump|p2a: Gyarados
|-resisted|p2a: Gyarados
|-damage|p2a: Gyarados|12/100
|move|p2a: Gyarados|Waterfall|p1a: Keldeo
|-resisted|p1a: Keldeo
|-damage|p1a: Keldeo|52/100
|
|-weather|RainDance|[upkeep]
|-heal|p2a: Gyarados|18/100|[from] item: Leftovers
|upkeep
|turn|29
|
|t:|1739941067
|move|p1a: Keldeo|Hydro Pump|p2a: Gyarados
|-resisted|p2a: Gyarados
|-damage|p2a: Gyarados|0 fnt
|faint|p2a: Gyarados
|
|-weather|RainDance|[upkeep]
|upkeep
|
|t:|1739941071
|switch|p2a: Scizor|Scizor, F|78/100
|-damage|p2a: Scizor|66/100|[from] Stealth Rock
|turn|30
|
|t:|1739941073
|move|p1a: Keldeo|Hydro Pump|p2a: Scizor
|-damage|p2a: Scizor|0 fnt
|faint|p2a: Scizor
|
|-weather|RainDance|[upkeep]
|upkeep
|
|t:|1739941076
|switch|p2a: Jirachi|Jirachi, shiny|94/100
|-damage|p2a: Jirachi|88/100|[from] Stealth Rock
|turn|31
|
|t:|1739941078
|move|p1a: Keldeo|Hydro Pump|p2a: Jirachi
|-damage|p2a: Jirachi|0 fnt
|faint|p2a: Jirachi
|
|win|133fcsq
|raw|133fcsq's rating: 1460 &rarr; <strong>1475</strong><br />(+15 for winning)
|raw|baixiaohen's rating: 1366 &rarr; <strong>1351</strong><br />(-15 for losing)
