|j|☆spliffdiff
|j|☆BookOfMonk
|t:|1727289256
|gametype|singles
|player|p1|spliffdiff|scientist-gen4|1315
|player|p2|BookOfMonk|silver|1285
|teamsize|p1|6
|teamsize|p2|6
|gen|5
|tier|[Gen 5] OU
|rated|
|rule|Species Clause: Limit one of each Pokémon
|rule|OHKO Clause: OHKO moves are banned
|rule|Moody Clause: Moody is banned
|rule|Evasion Items Clause: Evasion items are banned
|rule|Evasion Moves Clause: Evasion moves are banned
|rule|Endless Battle Clause: Forcing endless battles is banned
|rule|HP Percentage Mod: HP is shown in percentages
|rule|Evasion Abilities Clause: Evasion abilities are banned
|rule|Sleep Moves Clause: Sleep-inducing moves are banned
|rule|Swagger Clause: Swagger is banned
|rule|Baton Pass Stat Clause: No Baton Passer may have a way to boost its stats
|clearpoke
|poke|p1|Honchkrow, M|item
|poke|p1|Terrakion|item
|poke|p1|Garchomp, F|item
|poke|p1|Conkeldurr, F|item
|poke|p1|Keldeo-Resolute|item
|poke|p1|Gengar, M|item
|poke|p2|Tyranitar, M|item
|poke|p2|Latios, M|item
|poke|p2|Landorus-Therian, M|item
|poke|p2|Ferrothorn, F|item
|poke|p2|Alakazam, M|item
|poke|p2|Excadrill, F|item
|teampreview
|inactive|Battle timer is ON: inactive players will automatically lose when time's up. (requested by spliffdiff)
|c|☆BookOfMonk|Hf
|
|t:|1727289272
|start
|switch|p1a: Terrakion|Terrakion|100/100
|switch|p2a: Landorus|Landorus-Therian, M|100/100
|-ability|p2a: Landorus|Intimidate|boost
|-unboost|p1a: Terrakion|atk|1
|turn|1
|
|t:|1727289279
|move|p2a: Landorus|U-turn|p1a: Terrakion
|-resisted|p1a: Terrakion
|-damage|p1a: Terrakion|88/100
|
|t:|1727289283
|switch|p2a: Latios|Latios, M|100/100|[from] U-turn
|move|p1a: Terrakion|Taunt|p2a: Latios
|-start|p2a: Latios|move: Taunt
|
|upkeep
|turn|2
|
|t:|1727289293
|move|p2a: Latios|Dragon Pulse|p1a: Terrakion
|-damage|p1a: Terrakion|14/100
|move|p1a: Terrakion|Close Combat|p2a: Latios
|-resisted|p2a: Latios
|-crit|p2a: Latios
|-damage|p2a: Latios|21/100
|-unboost|p1a: Terrakion|def|1
|-unboost|p1a: Terrakion|spd|1
|
|upkeep
|turn|3
|
|t:|1727289301
|move|p2a: Latios|Dragon Pulse|p1a: Terrakion
|-damage|p1a: Terrakion|0 fnt
|faint|p1a: Terrakion
|
|-end|p2a: Latios|move: Taunt
|upkeep
|
|t:|1727289305
|switch|p1a: Honchkrow|Honchkrow, M|100/100
|turn|4
|
|t:|1727289318
|switch|p2a: Landorus|Landorus-Therian, M|100/100
|-ability|p2a: Landorus|Intimidate|boost
|-unboost|p1a: Honchkrow|atk|1
|move|p1a: Honchkrow|Sucker Punch||[still]
|-fail|p1a: Honchkrow
|
|upkeep
|turn|5
|
|t:|1727289334
|switch|p1a: Keldeo|Keldeo-Resolute|100/100
|move|p2a: Landorus|U-turn|p1a: Keldeo
|-resisted|p1a: Keldeo
|-damage|p1a: Keldeo|88/100
|
|t:|1727289342
|switch|p2a: Alakazam|Alakazam, M|100/100|[from] U-turn
|
|upkeep
|turn|6
|
|t:|1727289347
|move|p2a: Alakazam|Psychic|p1a: Keldeo
|-supereffective|p1a: Keldeo
|-enditem|p1a: Keldeo|Payapa Berry|[eat]
|-enditem|p1a: Keldeo|Payapa Berry|[weaken]
|-damage|p1a: Keldeo|31/100
|move|p1a: Keldeo|Surf|p2a: Alakazam
|-damage|p2a: Alakazam|22/100
|
|upkeep
|turn|7
|
|t:|1727289355
|switch|p1a: Honchkrow|Honchkrow, M|100/100
|move|p2a: Alakazam|Psychic|p1a: Honchkrow
|-immune|p1a: Honchkrow
|
|upkeep
|turn|8
|
|t:|1727289361
|move|p2a: Alakazam|Focus Blast|p1a: Honchkrow
|-damage|p1a: Honchkrow|42/100
|move|p1a: Honchkrow|Pursuit|p2a: Alakazam
|-supereffective|p2a: Alakazam
|-crit|p2a: Alakazam
|-damage|p2a: Alakazam|0 fnt
|faint|p2a: Alakazam
|
|upkeep
|
|t:|1727289370
|switch|p2a: Landorus|Landorus-Therian, M|100/100
|-ability|p2a: Landorus|Intimidate|boost
|-unboost|p1a: Honchkrow|atk|1
|turn|9
|
|t:|1727289385
|switch|p1a: Gengar|Gengar, M|100/100
|move|p2a: Landorus|U-turn|p1a: Gengar
|-resisted|p1a: Gengar
|-damage|p1a: Gengar|88/100
|
|t:|1727289390
|switch|p2a: Tyranitar|Tyranitar, M|100/100|[from] U-turn
|-weather|Sandstorm|[from] ability: Sand Stream|[of] p2a: Tyranitar
|
|-weather|Sandstorm|[upkeep]
|-damage|p1a: Gengar|81/100|[from] Sandstorm
|upkeep
|turn|10
|
|t:|1727289395
|move|p1a: Gengar|Destiny Bond|p1a: Gengar
|-singlemove|p1a: Gengar|Destiny Bond
|move|p2a: Tyranitar|Pursuit|p1a: Gengar
|-supereffective|p1a: Gengar
|-damage|p1a: Gengar|3/100
|
|-weather|Sandstorm|[upkeep]
|-damage|p1a: Gengar|0 fnt|[from] Sandstorm
|faint|p1a: Gengar
|upkeep
|
|t:|1727289405
|switch|p1a: Conkeldurr|Conkeldurr, F|100/100
|turn|11
|
|t:|1727289411
|switch|p2a: Landorus|Landorus-Therian, M|100/100
|-ability|p2a: Landorus|Intimidate|boost
|-unboost|p1a: Conkeldurr|atk|1
|move|p1a: Conkeldurr|Ice Punch|p2a: Landorus
|-supereffective|p2a: Landorus
|-damage|p2a: Landorus|35/100
|
|-weather|Sandstorm|[upkeep]
|-damage|p1a: Conkeldurr|94/100|[from] Sandstorm
|upkeep
|turn|12
|
|t:|1727289421
|switch|p1a: Honchkrow|Honchkrow, M|42/100
|move|p2a: Landorus|Earthquake|p1a: Honchkrow
|-immune|p1a: Honchkrow
|
|-weather|Sandstorm|[upkeep]
|-damage|p1a: Honchkrow|36/100|[from] Sandstorm
|upkeep
|turn|13
|
|t:|1727289432
|switch|p2a: Excadrill|Excadrill, F|100/100
|move|p1a: Honchkrow|Brave Bird|p2a: Excadrill
|-resisted|p2a: Excadrill
|-damage|p2a: Excadrill|52/100
|-damage|p1a: Honchkrow|21/100|[from] Recoil
|
|-weather|Sandstorm|[upkeep]
|-damage|p1a: Honchkrow|15/100|[from] Sandstorm
|-heal|p2a: Excadrill|58/100|[from] item: Leftovers
|upkeep
|turn|14
|
|t:|1727289445
|move|p2a: Excadrill|Iron Head|p1a: Honchkrow
|-damage|p1a: Honchkrow|0 fnt
|faint|p1a: Honchkrow
|
|-weather|Sandstorm|[upkeep]
|-heal|p2a: Excadrill|65/100|[from] item: Leftovers
|upkeep
|
|t:|1727289448
|switch|p1a: Conkeldurr|Conkeldurr, F|94/100
|turn|15
|
|t:|1727289454
|move|p2a: Excadrill|Protect|p2a: Excadrill
|-singleturn|p2a: Excadrill|Protect
|move|p1a: Conkeldurr|Drain Punch|p2a: Excadrill
|-activate|p2a: Excadrill|move: Protect
|
|-weather|Sandstorm|[upkeep]
|-damage|p1a: Conkeldurr|88/100|[from] Sandstorm
|-heal|p2a: Excadrill|71/100|[from] item: Leftovers
|upkeep
|turn|16
|
|t:|1727289461
|move|p2a: Excadrill|Earthquake|p1a: Conkeldurr
|-damage|p1a: Conkeldurr|36/100
|move|p1a: Conkeldurr|Ice Punch|p2a: Excadrill
|-damage|p2a: Excadrill|30/100
|
|-weather|Sandstorm|[upkeep]
|-damage|p1a: Conkeldurr|30/100|[from] Sandstorm
|-heal|p2a: Excadrill|37/100|[from] item: Leftovers
|upkeep
|turn|17
|
|t:|1727289467
|move|p2a: Excadrill|Protect|p2a: Excadrill
|-singleturn|p2a: Excadrill|Protect
|move|p1a: Conkeldurr|Mach Punch|p2a: Excadrill
|-activate|p2a: Excadrill|move: Protect
|
|-weather|Sandstorm|[upkeep]
|-damage|p1a: Conkeldurr|24/100|[from] Sandstorm
|-heal|p2a: Excadrill|43/100|[from] item: Leftovers
|upkeep
|turn|18
|
|t:|1727289475
|switch|p2a: Landorus|Landorus-Therian, M|35/100
|-ability|p2a: Landorus|Intimidate|boost
|-unboost|p1a: Conkeldurr|atk|1
|move|p1a: Conkeldurr|Ice Punch|p2a: Landorus
|-supereffective|p2a: Landorus
|-damage|p2a: Landorus|0 fnt
|faint|p2a: Landorus
|
|-weather|Sandstorm|[upkeep]
|-damage|p1a: Conkeldurr|17/100|[from] Sandstorm
|upkeep
|
|t:|1727289491
|switch|p2a: Excadrill|Excadrill, F|43/100
|turn|19
|
|t:|1727289504
|switch|p1a: Keldeo|Keldeo-Resolute|31/100
|move|p2a: Excadrill|Earthquake|p1a: Keldeo
|-crit|p1a: Keldeo
|-damage|p1a: Keldeo|0 fnt
|faint|p1a: Keldeo
|
|-weather|Sandstorm|[upkeep]
|-heal|p2a: Excadrill|49/100|[from] item: Leftovers
|upkeep
|
|t:|1727289511
|switch|p1a: Garchomp|Garchomp, F|100/100
|turn|20
|
|t:|1727289529
|switch|p2a: Ferrothorn|Ferrothorn, F|100/100
|move|p1a: Garchomp|Outrage|p2a: Ferrothorn
|-resisted|p2a: Ferrothorn
|-damage|p2a: Ferrothorn|78/100
|-damage|p1a: Garchomp|88/100|[from] ability: Iron Barbs|[of] p2a: Ferrothorn
|
|-weather|Sandstorm|[upkeep]
|-heal|p2a: Ferrothorn|85/100|[from] item: Leftovers
|upkeep
|turn|21
|
|t:|1727289536
|move|p1a: Garchomp|Outrage|p2a: Ferrothorn|[from]lockedmove
|-resisted|p2a: Ferrothorn
|-damage|p2a: Ferrothorn|63/100
|-damage|p1a: Garchomp|76/100|[from] ability: Iron Barbs|[of] p2a: Ferrothorn
|move|p2a: Ferrothorn|Spikes|p1a: Garchomp
|-sidestart|p1: spliffdiff|Spikes
|
|-weather|Sandstorm|[upkeep]
|-heal|p2a: Ferrothorn|70/100|[from] item: Leftovers
|upkeep
|turn|22
|
|t:|1727289547
|move|p1a: Garchomp|Outrage|p2a: Ferrothorn|[from]lockedmove
|-resisted|p2a: Ferrothorn
|-damage|p2a: Ferrothorn|50/100
|-damage|p1a: Garchomp|64/100|[from] ability: Iron Barbs|[of] p2a: Ferrothorn
|-start|p1a: Garchomp|confusion|[fatigue]
|move|p2a: Ferrothorn|Gyro Ball|p1a: Garchomp
|-damage|p1a: Garchomp|18/100
|-damage|p2a: Ferrothorn|37/100|[from] ability: Rough Skin|[of] p1a: Garchomp
|
|-weather|Sandstorm|[upkeep]
|-heal|p2a: Ferrothorn|44/100|[from] item: Leftovers
|upkeep
|turn|23
|c|☆spliffdiff|You’re cool
|
|t:|1727289572
|-activate|p1a: Garchomp|confusion
|move|p1a: Garchomp|Outrage|p2a: Ferrothorn
|-resisted|p2a: Ferrothorn
|-damage|p2a: Ferrothorn|23/100
|-damage|p1a: Garchomp|5/100|[from] ability: Iron Barbs|[of] p2a: Ferrothorn
|move|p2a: Ferrothorn|Spikes|p1a: Garchomp
|-sidestart|p1: spliffdiff|Spikes
|
|-weather|Sandstorm|[upkeep]
|-heal|p2a: Ferrothorn|29/100|[from] item: Leftovers
|upkeep
|turn|24
|
|t:|1727289579
|-activate|p1a: Garchomp|confusion
|move|p1a: Garchomp|Outrage|p2a: Ferrothorn|[from]lockedmove
|-resisted|p2a: Ferrothorn
|-damage|p2a: Ferrothorn|8/100
|-damage|p1a: Garchomp|0 fnt|[from] ability: Iron Barbs|[of] p2a: Ferrothorn
|faint|p1a: Garchomp
|move|p2a: Ferrothorn|Spikes|p1: Garchomp
|-sidestart|p1: spliffdiff|Spikes
|
|-weather|Sandstorm|[upkeep]
|-heal|p2a: Ferrothorn|14/100|[from] item: Leftovers
|upkeep
|
|t:|1727289584
|switch|p1a: Conkeldurr|Conkeldurr, F|17/100
|-damage|p1a: Conkeldurr|0 fnt|[from] Spikes
|faint|p1a: Conkeldurr
|
|win|BookOfMonk
|raw|spliffdiff's rating: 1315 &rarr; <strong>1293</strong><br />(-22 for losing)
|raw|BookOfMonk's rating: 1285 &rarr; <strong>1312</strong><br />(+27 for winning)
|l|☆spliffdiff
|player|p1|
