|j|☆bmy
|j|☆OrtideBoustiflor
|player|p1|bmy|282
|player|p2|OrtideBoustiflor|266
|teamsize|p1|6
|teamsize|p2|6
|gametype|singles
|gen|5
|tier|[Gen 5] OU
|rated|
|rule|Sleep Clause Mod: Limit one foe put to sleep
|rule|Species Clause: Limit one of each Pokémon
|rule|OHKO Clause: OHKO moves are banned
|rule|Moody Clause: Moody is banned
|rule|Evasion Moves Clause: Evasion moves are banned
|rule|Endless Battle Clause: Forcing endless battles is banned
|rule|HP Percentage Mod: HP is shown in percentages
|rule|Evasion Abilities Clause: Evasion abilities are banned
|rule|Baton Pass Clause: Limit one Baton Passer, can't pass Spe and other stats simultaneously
|rule|Swagger Clause: Swagger is banned
|clearpoke
|poke|p1|Garchomp, F|item
|poke|p1|Magneton|item
|poke|p1|Latias, F|item
|poke|p1|Keldeo-Resolute|item
|poke|p1|Metagross|item
|poke|p1|Latios, M|item
|poke|p2|Starmie|item
|poke|p2|Jirachi|item
|poke|p2|Arcanine, F|item
|poke|p2|Moltres|item
|poke|p2|Hydreigon, M|item
|poke|p2|Landorus-Therian, M|item
|teampreview
|inactive|Battle timer is ON: inactive players will automatically lose when time's up. (requested by OrtideBoustiflor)
|inactive|bmy has 135 seconds left.
|inactive|bmy has 120 seconds left.
|inactive|bmy has 105 seconds left.
|inactive|bmy has 90 seconds left.
|
|start
|switch|p1a: Latios|Latios, M|100/100
|switch|p2a: Landorus|Landorus-Therian, M|100/100
|-ability|p2a: Landorus|Intimidate|boost
|-unboost|p1a: Latios|atk|1
|turn|1
|
|switch|p2a: Jirachi|Jirachi|100/100
|move|p1a: Latios|Draco Meteor|p2a: Jirachi
|-resisted|p2a: Jirachi
|-damage|p2a: Jirachi|67/100
|-unboost|p1a: Latios|spa|2
|
|-heal|p2a: Jirachi|74/100|[from] item: Leftovers
|upkeep
|turn|2
|
|switch|p1a: Magneton|Magneton|100/100
|switch|p2a: Landorus|Landorus-Therian, M|100/100
|-ability|p2a: Landorus|Intimidate|boost
|-unboost|p1a: Magneton|atk|1
|
|upkeep
|turn|3
|
|switch|p1a: Garchomp|Garchomp, F|100/100
|move|p2a: Landorus|Stealth Rock|p1a: Garchomp
|-sidestart|p1: bmy|move: Stealth Rock
|
|upkeep
|turn|4
|
|move|p1a: Garchomp|Stealth Rock|p2a: Landorus
|-sidestart|p2: OrtideBoustiflor|move: Stealth Rock
|move|p2a: Landorus|Hidden Power|p1a: Garchomp
|-supereffective|p1a: Garchomp
|-damage|p1a: Garchomp|33/100
|
|upkeep
|turn|5
|
|switch|p1a: Keldeo|Keldeo-Resolute|100/100
|-damage|p1a: Keldeo|94/100|[from] Stealth Rock
|move|p2a: Landorus|U-turn|p1a: Keldeo
|-resisted|p1a: Keldeo
|-damage|p1a: Keldeo|80/100
|
|switch|p2a: Starmie|Starmie|100/100
|-damage|p2a: Starmie|88/100|[from] Stealth Rock
|
|-heal|p2a: Starmie|94/100|[from] item: Leftovers
|upkeep
|turn|6
|
|switch|p1a: Latios|Latios, M|100/100
|-damage|p1a: Latios|88/100|[from] Stealth Rock
|move|p2a: Starmie|Rapid Spin|p1a: Latios
|-damage|p1a: Latios|84/100
|-sideend|p2: OrtideBoustiflor|Stealth Rock|[from] move: Rapid Spin|[of] p2a: Starmie
|
|-heal|p2a: Starmie|100/100|[from] item: Leftovers
|upkeep
|turn|7
|
|switch|p2a: Jirachi|Jirachi|74/100
|move|p1a: Latios|Trick|p2a: Jirachi
|-activate|p1a: Latios|move: Trick|[of] p2a: Jirachi
|-item|p2a: Jirachi|Choice Specs|[from] move: Trick
|-item|p1a: Latios|Leftovers|[from] move: Trick
|
|-heal|p1a: Latios|90/100|[from] item: Leftovers
|upkeep
|turn|8
|
|move|p1a: Latios|Draco Meteor|p2a: Jirachi|[miss]
|-miss|p1a: Latios|p2a: Jirachi
|move|p2a: Jirachi|Iron Head|p1a: Latios
|-damage|p1a: Latios|56/100
|
|-heal|p1a: Latios|62/100|[from] item: Leftovers
|upkeep
|turn|9
|
|move|p1a: Latios|Draco Meteor|p2a: Jirachi
|-resisted|p2a: Jirachi
|-damage|p2a: Jirachi|51/100
|-unboost|p1a: Latios|spa|2
|move|p2a: Jirachi|Iron Head|p1a: Latios
|-damage|p1a: Latios|21/100
|
|-heal|p1a: Latios|27/100|[from] item: Leftovers
|upkeep
|turn|10
|
|switch|p1a: Garchomp|Garchomp, F|33/100
|-damage|p1a: Garchomp|27/100|[from] Stealth Rock
|switch|p2a: Moltres|Moltres|100/100
|-ability|p2a: Moltres|Pressure
|
|upkeep
|turn|11
|
|switch|p2a: Landorus|Landorus-Therian, M|100/100
|-ability|p2a: Landorus|Intimidate|boost
|-unboost|p1a: Garchomp|atk|1
|switch|p1a: Latias|Latias, F|100/100
|-damage|p1a: Latias|88/100|[from] Stealth Rock
|
|-heal|p1a: Latias|94/100|[from] item: Leftovers
|upkeep
|turn|12
|j| BluBuC
|
|switch|p1a: Garchomp|Garchomp, F|27/100
|-damage|p1a: Garchomp|20/100|[from] Stealth Rock
|move|p2a: Landorus|U-turn|p1a: Garchomp
|-damage|p1a: Garchomp|7/100
|-damage|p2a: Landorus|88/100|[from] ability: Rough Skin|[of] p1a: Garchomp
|-damage|p2a: Landorus|72/100|[from] item: Rocky Helmet|[of] p1a: Garchomp
|
|switch|p2a: Starmie|Starmie|100/100
|
|upkeep
|turn|13
|
|switch|p1a: Latias|Latias, F|94/100
|-damage|p1a: Latias|82/100|[from] Stealth Rock
|move|p2a: Starmie|Scald|p1a: Latias
|-resisted|p1a: Latias
|-damage|p1a: Latias|71/100
|
|-heal|p1a: Latias|77/100|[from] item: Leftovers
|upkeep
|turn|14
|
|move|p2a: Starmie|Toxic|p1a: Latias
|-status|p1a: Latias|tox
|move|p1a: Latias|Substitute|p1a: Latias
|-start|p1a: Latias|Substitute
|-damage|p1a: Latias|52/100 tox
|
|-heal|p1a: Latias|58/100 tox|[from] item: Leftovers
|-damage|p1a: Latias|52/100 tox|[from] psn
|upkeep
|turn|15
|
|switch|p2a: Jirachi|Jirachi|51/100
|move|p1a: Latias|Recover|p1a: Latias
|-heal|p1a: Latias|100/100 tox
|
|-damage|p1a: Latias|88/100 tox|[from] psn
|upkeep
|turn|16
|
|switch|p1a: Magneton|Magneton|100/100
|-damage|p1a: Magneton|94/100|[from] Stealth Rock
|switch|p2a: Moltres|Moltres|100/100
|-ability|p2a: Moltres|Pressure
|
|upkeep
|turn|17
|
|move|p1a: Magneton|Flash Cannon|p2a: Moltres
|-resisted|p2a: Moltres
|-damage|p2a: Moltres|81/100
|move|p2a: Moltres|Substitute|p2a: Moltres
|-start|p2a: Moltres|Substitute
|-damage|p2a: Moltres|57/100
|
|-heal|p2a: Moltres|63/100|[from] item: Leftovers
|upkeep
|turn|18
|
|switch|p1a: Latias|Latias, F|88/100 tox
|-damage|p1a: Latias|76/100 tox|[from] Stealth Rock
|move|p2a: Moltres|Air Slash|p1a: Latias
|-damage|p1a: Latias|51/100 tox
|
|-heal|p1a: Latias|57/100 tox|[from] item: Leftovers
|-heal|p2a: Moltres|69/100|[from] item: Leftovers
|-damage|p1a: Latias|51/100 tox|[from] psn
|upkeep
|turn|19
|inactive|OrtideBoustiflor has 135 seconds left.
|
|move|p1a: Latias|Dragon Pulse|p2a: Moltres
|-end|p2a: Moltres|Substitute
|move|p2a: Moltres|Air Slash|p1a: Latias
|-damage|p1a: Latias|25/100 tox
|
|-heal|p1a: Latias|31/100 tox|[from] item: Leftovers
|-heal|p2a: Moltres|75/100|[from] item: Leftovers
|-damage|p1a: Latias|19/100 tox|[from] psn
|upkeep
|turn|20
|inactive|bmy has 135 seconds left.
|c|☆bmy|you're making suicidal predictions just bc im 1
|inactive|bmy has 120 seconds left.
|
|move|p1a: Latias|Dragon Pulse|p2a: Moltres
|-damage|p2a: Moltres|40/100
|move|p2a: Moltres|Roost|p2a: Moltres
|-heal|p2a: Moltres|90/100
|
|-heal|p1a: Latias|25/100 tox|[from] item: Leftovers
|-heal|p2a: Moltres|96/100|[from] item: Leftovers
|-damage|p1a: Latias|7/100 tox|[from] psn
|upkeep
|turn|21
|inactive|OrtideBoustiflor has 135 seconds left.
|c|☆OrtideBoustiflor|because i'm good
|c|☆OrtideBoustiflor|even with arcanine
|inactive|OrtideBoustiflor has 120 seconds left.
|
|switch|p1a: Latios|Latios, M|27/100
|-damage|p1a: Latios|15/100|[from] Stealth Rock
|move|p2a: Moltres|Substitute|p2a: Moltres
|-start|p2a: Moltres|Substitute
|-damage|p2a: Moltres|71/100
|
|-heal|p1a: Latios|21/100|[from] item: Leftovers
|-heal|p2a: Moltres|77/100|[from] item: Leftovers
|upkeep
|turn|22
|c|☆bmy|nah
|
|move|p1a: Latios|Psyshock|p2a: Moltres
|-end|p2a: Moltres|Substitute
|move|p2a: Moltres|Air Slash|p1a: Latios
|-crit|p1a: Latios
|-damage|p1a: Latios|0 fnt
|faint|p1a: Latios
|
|-heal|p2a: Moltres|83/100|[from] item: Leftovers
|upkeep
|
|switch|p1a: Keldeo|Keldeo-Resolute|80/100
|-damage|p1a: Keldeo|74/100|[from] Stealth Rock
|turn|23
|
|switch|p2a: Starmie|Starmie|100/100
|move|p1a: Keldeo|Scald|p2a: Starmie
|-resisted|p2a: Starmie
|-damage|p2a: Starmie|77/100
|
|-heal|p2a: Starmie|83/100|[from] item: Leftovers
|upkeep
|turn|24
|
|move|p1a: Keldeo|Scald|p2a: Starmie
|-resisted|p2a: Starmie
|-damage|p2a: Starmie|57/100
|move|p2a: Starmie|Scald|p1a: Keldeo
|-resisted|p1a: Keldeo
|-damage|p1a: Keldeo|59/100
|-status|p1a: Keldeo|brn
|
|-heal|p2a: Starmie|64/100|[from] item: Leftovers
|-damage|p1a: Keldeo|47/100 brn|[from] brn
|upkeep
|turn|25
|
|move|p1a: Keldeo|Scald|p2a: Starmie
|-resisted|p2a: Starmie
|-damage|p2a: Starmie|40/100
|-status|p2a: Starmie|brn
|move|p2a: Starmie|Recover|p2a: Starmie
|-heal|p2a: Starmie|90/100 brn
|
|-heal|p2a: Starmie|96/100 brn|[from] item: Leftovers
|-damage|p1a: Keldeo|34/100 brn|[from] brn
|-damage|p2a: Starmie|83/100 brn|[from] brn
|upkeep
|turn|26
|
|switch|p1a: Garchomp|Garchomp, F|7/100
|-damage|p1a: Garchomp|1/100|[from] Stealth Rock
|move|p2a: Starmie|Recover|p2a: Starmie
|-heal|p2a: Starmie|100/100 brn
|
|-damage|p2a: Starmie|88/100 brn|[from] brn
|upkeep
|turn|27
|
|move|p2a: Starmie|Scald|p1a: Garchomp
|-damage|p1a: Garchomp|0 fnt
|faint|p1a: Garchomp
|
|-heal|p2a: Starmie|94/100 brn|[from] item: Leftovers
|-damage|p2a: Starmie|82/100 brn|[from] brn
|upkeep
|
|switch|p1a: Magneton|Magneton|94/100
|-damage|p1a: Magneton|88/100|[from] Stealth Rock
|turn|28
|inactive|OrtideBoustiflor has 135 seconds left.
|
|switch|p2a: Jirachi|Jirachi|51/100
|move|p1a: Magneton|Thunderbolt|p2a: Jirachi
|-damage|p2a: Jirachi|23/100
|
|upkeep
|turn|29
|
|move|p1a: Magneton|Thunderbolt|p2a: Jirachi
|-damage|p2a: Jirachi|0 fnt
|faint|p2a: Jirachi
|
|upkeep
|
|switch|p2a: Hydreigon|Hydreigon, M|100/100
|turn|30
|j| mtjnfhdb
|inactive|bmy has 135 seconds left.
|inactive|bmy has 120 seconds left.
|
|switch|p1a: Latias|Latias, F|7/100 tox
|-damage|p1a: Latias|0 fnt|[from] Stealth Rock
|faint|p1a: Latias
|move|p2a: Hydreigon|Dark Pulse|p1: Latias|[notarget]
|-notarget
|
|upkeep
|inactive|bmy has 135 seconds left.
|
|switch|p1a: Keldeo|Keldeo-Resolute|34/100 brn
|-damage|p1a: Keldeo|28/100 brn|[from] Stealth Rock
|turn|31
|c|☆OrtideBoustiflor|how did you do to be 1st
|inactive|OrtideBoustiflor has 135 seconds left.
|c|☆OrtideBoustiflor|you lose vs arcanine and moltres...
|
|switch|p1a: Magneton|Magneton|88/100
|-damage|p1a: Magneton|82/100|[from] Stealth Rock
|switch|p2a: Starmie|Starmie|82/100
|
|-heal|p2a: Starmie|88/100|[from] item: Leftovers
|upkeep
|turn|32
|
|switch|p2a: Hydreigon|Hydreigon, M|100/100
|move|p1a: Magneton|Flash Cannon|p2a: Hydreigon
|-damage|p2a: Hydreigon|55/100
|
|upkeep
|turn|33
|inactive|OrtideBoustiflor has 135 seconds left.
|
|switch|p2a: Moltres|Moltres|83/100
|-ability|p2a: Moltres|Pressure
|move|p1a: Magneton|Flash Cannon|p2a: Moltres
|-resisted|p2a: Moltres
|-damage|p2a: Moltres|64/100
|
|-heal|p2a: Moltres|70/100|[from] item: Leftovers
|upkeep
|turn|34
|inactive|bmy has 135 seconds left.
|inactive|bmy has 120 seconds left.
|
|switch|p1a: Keldeo|Keldeo-Resolute|28/100 brn
|-damage|p1a: Keldeo|22/100 brn|[from] Stealth Rock
|move|p2a: Moltres|Substitute|p2a: Moltres
|-start|p2a: Moltres|Substitute
|-damage|p2a: Moltres|46/100
|
|-heal|p2a: Moltres|52/100|[from] item: Leftovers
|-damage|p1a: Keldeo|9/100 brn|[from] brn
|upkeep
|turn|35
|inactive|OrtideBoustiflor has 135 seconds left.
|
|move|p1a: Keldeo|Scald|p2a: Moltres
|-supereffective|p2a: Moltres
|-end|p2a: Moltres|Substitute
|move|p2a: Moltres|Substitute|p2a: Moltres
|-start|p2a: Moltres|Substitute
|-damage|p2a: Moltres|27/100
|
|-heal|p2a: Moltres|33/100|[from] item: Leftovers
|-damage|p1a: Keldeo|0 fnt|[from] brn
|upkeep
|faint|p1a: Keldeo
|inactive|bmy has 135 seconds left.
|
|switch|p1a: Magneton|Magneton|82/100
|-damage|p1a: Magneton|76/100|[from] Stealth Rock
|turn|36
|
|move|p1a: Magneton|Thunderbolt|p2a: Moltres
|-supereffective|p2a: Moltres
|-end|p2a: Moltres|Substitute
|move|p2a: Moltres|Hidden Power|p1a: Magneton
|-supereffective|p1a: Magneton
|-damage|p1a: Magneton|0 fnt
|faint|p1a: Magneton
|
|-heal|p2a: Moltres|39/100|[from] item: Leftovers
|upkeep
|
|switch|p1a: Metagross|Metagross|100/100
|-damage|p1a: Metagross|95/100|[from] Stealth Rock
|turn|37
|
|move|p2a: Moltres|Roost|p2a: Moltres
|-heal|p2a: Moltres|89/100
|move|p1a: Metagross|Agility|p1a: Metagross
|-boost|p1a: Metagross|spe|2
|
|-heal|p2a: Moltres|95/100|[from] item: Leftovers
|upkeep
|turn|38
|
|move|p1a: Metagross|Zen Headbutt|p2a: Moltres
|-damage|p2a: Moltres|39/100
|-damage|p1a: Metagross|85/100|[from] item: Life Orb
|move|p2a: Moltres|Hidden Power|p1a: Metagross
|-supereffective|p1a: Metagross
|-damage|p1a: Metagross|31/100
|
|-heal|p2a: Moltres|45/100|[from] item: Leftovers
|upkeep
|turn|39
|
|move|p1a: Metagross|Zen Headbutt|p2a: Moltres
|-damage|p2a: Moltres|0 fnt
|-damage|p1a: Metagross|21/100|[from] item: Life Orb
|faint|p2a: Moltres
|
|upkeep
|
|switch|p2a: Arcanine|Arcanine, F|100/100
|-ability|p2a: Arcanine|Intimidate|boost
|-fail|p1a: Metagross|unboost|[from] ability: Clear Body|[of] p1a: Metagross
|turn|40
|
|move|p2a: Arcanine|Extreme Speed|p1a: Metagross
|-resisted|p1a: Metagross
|-damage|p1a: Metagross|9/100
|move|p1a: Metagross|Earthquake|p2a: Arcanine
|-supereffective|p2a: Arcanine
|-damage|p2a: Arcanine|0 fnt
|-damage|p1a: Metagross|0 fnt|[from] item: Life Orb
|faint|p2a: Arcanine
|faint|p1a: Metagross
|
|win|OrtideBoustiflor
|c|☆OrtideBoustiflor|gg.
|l|☆bmy
|raw|bmy's rating: 1558 &rarr; <strong>1526</strong><br />(-32 for losing)
|raw|OrtideBoustiflor's rating: 1333 &rarr; <strong>1365</strong><br />(+32 for winning)
