|j|☆PowerPointEnjoyer
|j|☆CertamenMeum
|t:|1738685712
|gametype|singles
|player|p1|PowerPointEnjoyer|lass-gen4dp|1301
|player|p2|CertamenMeum|169|1415
|teamsize|p1|6
|teamsize|p2|6
|gen|5
|tier|[Gen 5] OU
|rated|
|rule|Species Clause: Limit one of each Pokémon
|rule|OHKO Clause: OHKO moves are banned
|rule|Moody Clause: Moody is banned
|rule|Evasion Items Clause: Evasion items are banned
|rule|Evasion Moves Clause: Evasion moves are banned
|rule|Endless Battle Clause: Forcing endless battles is banned
|rule|HP Percentage Mod: HP is shown in percentages
|rule|Evasion Abilities Clause: Evasion abilities are banned
|rule|Sleep Moves Clause: Sleep-inducing moves are banned
|rule|Swagger Clause: Swagger is banned
|rule|Baton Pass Stat Clause: No Baton Passer may have a way to boost its stats
|clearpoke
|poke|p1|Tyranitar, F|item
|poke|p1|Garchomp, F|item
|poke|p1|Breloom, M|item
|poke|p1|Landorus-Therian, M|item
|poke|p1|Skarmory, F|item
|poke|p1|Latios, M|item
|poke|p2|Forretress, M|item
|poke|p2|Dragonite, M|item
|poke|p2|Scizor, M|item
|poke|p2|Rotom-Wash|item
|poke|p2|Ferrothorn, F|item
|poke|p2|Landorus-Therian, M|item
|teampreview
|
|t:|1738685723
|start
|switch|p1a: Luigi|Breloom, M, shiny|100/100
|switch|p2a: フォレトス|Forretress, M, shiny|100/100
|turn|1
|
|t:|1738685732
|move|p1a: Luigi|Low Sweep|p2a: フォレトス
|-damage|p2a: フォレトス|28/100
|-unboost|p2a: フォレトス|spe|1
|move|p2a: フォレトス|Stealth Rock|p1a: Luigi
|-sidestart|p1: PowerPointEnjoyer|move: Stealth Rock
|
|upkeep
|turn|2
|
|t:|1738685738
|switch|p2a: ランドロス|Landorus-Therian, M|100/100
|-ability|p2a: ランドロス|Intimidate|boost
|-unboost|p1a: Luigi|atk|1
|move|p1a: Luigi|Low Sweep|p2a: ランドロス
|-resisted|p2a: ランドロス
|-damage|p2a: ランドロス|72/100
|-unboost|p2a: ランドロス|spe|1
|
|upkeep
|turn|3
|
|t:|1738685746
|switch|p1a: Landorus|Landorus-Therian, M|100/100
|-damage|p1a: Landorus|88/100|[from] Stealth Rock
|-ability|p1a: Landorus|Intimidate|boost
|-unboost|p2a: ランドロス|atk|1
|move|p2a: ランドロス|U-turn|p1a: Landorus
|-resisted|p1a: Landorus
|-damage|p1a: Landorus|81/100
|-damage|p2a: ランドロス|55/100|[from] item: Rocky Helmet|[of] p1a: Landorus
|
|t:|1738685754
|switch|p2a: ロトム|Rotom-Wash, shiny|100/100|[from] U-turn
|
|upkeep
|turn|4
|
|t:|1738685767
|switch|p1a: Tyranitar|Tyranitar, F|100/100
|-damage|p1a: Tyranitar|88/100|[from] Stealth Rock
|-weather|Sandstorm|[from] ability: Sand Stream|[of] p1a: Tyranitar
|move|p2a: ロトム|Trick|p1a: Tyranitar
|-activate|p2a: ロトム|move: Trick|[of] p1a: Tyranitar
|-item|p1a: Tyranitar|Choice Specs|[from] move: Trick
|-item|p2a: ロトム|Chople Berry|[from] move: Trick
|
|-weather|Sandstorm|[upkeep]
|-damage|p2a: ロトム|94/100|[from] Sandstorm
|upkeep
|turn|5
|
|t:|1738685771
|move|p2a: ロトム|Volt Switch|p1a: Tyranitar
|-damage|p1a: Tyranitar|70/100
|
|t:|1738685774
|switch|p2a: ランドロス|Landorus-Therian, M|55/100|[from] Volt Switch
|-ability|p2a: ランドロス|Intimidate|boost
|-unboost|p1a: Tyranitar|atk|1
|move|p1a: Tyranitar|Stealth Rock|p2a: ランドロス
|-sidestart|p2: CertamenMeum|move: Stealth Rock
|
|-weather|Sandstorm|[upkeep]
|upkeep
|turn|6
|
|t:|1738685782
|switch|p1a: Skarmory|Skarmory, F|100/100
|-damage|p1a: Skarmory|88/100|[from] Stealth Rock
|move|p2a: ランドロス|U-turn|p1a: Skarmory
|-resisted|p1a: Skarmory
|-damage|p1a: Skarmory|83/100
|inactive|Battle timer is ON: inactive players will automatically lose when time's up. (requested by PowerPointEnjoyer)
|
|t:|1738685810
|switch|p2a: フォレトス|Forretress, M, shiny|28/100|[from] U-turn
|-damage|p2a: フォレトス|16/100|[from] Stealth Rock
|
|-weather|Sandstorm|[upkeep]
|-heal|p1a: Skarmory|89/100|[from] item: Leftovers
|upkeep
|turn|7
|-enditem|p2a: フォレトス|Custap Berry|[eat]
|-activate|p2a: フォレトス|item: Custap Berry|[consumed]
|
|t:|1738685816
|switch|p1a: Luigi|Breloom, M, shiny|100/100
|-damage|p1a: Luigi|94/100|[from] Stealth Rock
|move|p2a: フォレトス|Spikes|p1a: Luigi
|-sidestart|p1: PowerPointEnjoyer|Spikes
|
|-weather|Sandstorm|[upkeep]
|-damage|p1a: Luigi|88/100|[from] Sandstorm
|upkeep
|turn|8
|
|t:|1738685825
|move|p1a: Luigi|Low Sweep|p2a: フォレトス
|-damage|p2a: フォレトス|0 fnt
|faint|p2a: フォレトス
|
|-weather|Sandstorm|[upkeep]
|-damage|p1a: Luigi|82/100|[from] Sandstorm
|upkeep
|
|t:|1738685828
|switch|p2a: ランドロス|Landorus-Therian, M|55/100
|-damage|p2a: ランドロス|43/100|[from] Stealth Rock
|-ability|p2a: ランドロス|Intimidate|boost
|-unboost|p1a: Luigi|atk|1
|turn|9
|
|t:|1738685832
|switch|p1a: Landorus|Landorus-Therian, M|81/100
|-damage|p1a: Landorus|69/100|[from] Stealth Rock
|-ability|p1a: Landorus|Intimidate|boost
|-unboost|p2a: ランドロス|atk|1
|move|p2a: ランドロス|U-turn|p1a: Landorus
|-resisted|p1a: Landorus
|-damage|p1a: Landorus|62/100
|-damage|p2a: ランドロス|26/100|[from] item: Rocky Helmet|[of] p1a: Landorus
|
|t:|1738685840
|switch|p2a: ロトム|Rotom-Wash, shiny|94/100|[from] U-turn
|-damage|p2a: ロトム|82/100|[from] Stealth Rock
|
|-weather|Sandstorm|[upkeep]
|-damage|p2a: ロトム|76/100|[from] Sandstorm
|upkeep
|turn|10
|
|t:|1738685848
|switch|p1a: Latios|Latios, M|100/100
|-damage|p1a: Latios|88/100|[from] Stealth Rock
|move|p2a: ロトム|Hydro Pump|p1a: Latios
|-resisted|p1a: Latios
|-damage|p1a: Latios|59/100
|
|-weather|Sandstorm|[upkeep]
|-damage|p1a: Latios|53/100|[from] Sandstorm
|-damage|p2a: ロトム|70/100|[from] Sandstorm
|upkeep
|turn|11
|
|t:|1738685864
|switch|p2a: ハッサム|Scizor, M|100/100
|-damage|p2a: ハッサム|88/100|[from] Stealth Rock
|move|p1a: Latios|Draco Meteor|p2a: ハッサム
|-resisted|p2a: ハッサム
|-damage|p2a: ハッサム|19/100
|-unboost|p1a: Latios|spa|2
|
|-weather|Sandstorm|[upkeep]
|-damage|p1a: Latios|47/100|[from] Sandstorm
|upkeep
|turn|12
|
|t:|1738685873
|move|p1a: Latios|Hidden Power|p2a: ハッサム
|-supereffective|p2a: ハッサム
|-damage|p2a: ハッサム|0 fnt
|faint|p2a: ハッサム
|
|-weather|Sandstorm|[upkeep]
|-damage|p1a: Latios|41/100|[from] Sandstorm
|upkeep
|
|t:|1738685885
|switch|p2a: ロトム|Rotom-Wash, shiny|70/100
|-damage|p2a: ロトム|57/100|[from] Stealth Rock
|turn|13
|
|t:|1738685893
|move|p1a: Latios|Draco Meteor|p2a: ロトム
|-damage|p2a: ロトム|0 fnt
|-unboost|p1a: Latios|spa|2
|faint|p2a: ロトム
|
|-weather|Sandstorm|[upkeep]
|-damage|p1a: Latios|35/100|[from] Sandstorm
|upkeep
|
|t:|1738685904
|switch|p2a: ナットレイ|Ferrothorn, F|100/100
|-damage|p2a: ナットレイ|94/100|[from] Stealth Rock
|turn|14
|
|t:|1738685909
|switch|p1a: Skarmory|Skarmory, F|89/100
|-damage|p1a: Skarmory|77/100|[from] Stealth Rock
|move|p2a: ナットレイ|Curse|p2a: ナットレイ
|-unboost|p2a: ナットレイ|spe|1
|-boost|p2a: ナットレイ|atk|1
|-boost|p2a: ナットレイ|def|1
|
|-weather|Sandstorm|[upkeep]
|-heal|p1a: Skarmory|83/100|[from] item: Leftovers
|-heal|p2a: ナットレイ|100/100|[from] item: Leftovers
|upkeep
|turn|15
|
|t:|1738685912
|move|p1a: Skarmory|Taunt|p2a: ナットレイ
|-start|p2a: ナットレイ|move: Taunt
|cant|p2a: ナットレイ|move: Taunt|Leech Seed
|
|-weather|Sandstorm|[upkeep]
|-heal|p1a: Skarmory|89/100|[from] item: Leftovers
|upkeep
|turn|16
|
|t:|1738685917
|move|p1a: Skarmory|Spikes|p2a: ナットレイ
|-sidestart|p2: CertamenMeum|Spikes
|move|p2a: ナットレイ|Gyro Ball|p1a: Skarmory
|-resisted|p1a: Skarmory
|-damage|p1a: Skarmory|63/100
|
|-weather|Sandstorm|[upkeep]
|-heal|p1a: Skarmory|69/100|[from] item: Leftovers
|upkeep
|turn|17
|
|t:|1738685924
|move|p1a: Skarmory|Roost|p1a: Skarmory
|-heal|p1a: Skarmory|100/100
|-singleturn|p1a: Skarmory|move: Roost
|move|p2a: ナットレイ|Gyro Ball|p1a: Skarmory
|-resisted|p1a: Skarmory
|-damage|p1a: Skarmory|74/100
|
|-weather|Sandstorm|[upkeep]
|-heal|p1a: Skarmory|80/100|[from] item: Leftovers
|-end|p2a: ナットレイ|move: Taunt
|upkeep
|turn|18
|
|t:|1738685935
|switch|p2a: カイリュー|Dragonite, M|100/100
|-damage|p2a: カイリュー|76/100|[from] Stealth Rock
|move|p1a: Skarmory|Whirlwind|p2a: カイリュー
|drag|p2a: ナットレイ|Ferrothorn, F|100/100
|-damage|p2a: ナットレイ|94/100|[from] Stealth Rock
|-damage|p2a: ナットレイ|82/100|[from] Spikes
|
|-weather|Sandstorm|[upkeep]
|-heal|p1a: Skarmory|86/100|[from] item: Leftovers
|-heal|p2a: ナットレイ|88/100|[from] item: Leftovers
|upkeep
|turn|19
|
|t:|1738685940
|switch|p2a: カイリュー|Dragonite, M|76/100
|-damage|p2a: カイリュー|51/100|[from] Stealth Rock
|move|p1a: Skarmory|Taunt|p2a: カイリュー
|-start|p2a: カイリュー|move: Taunt
|
|-weather|Sandstorm|[upkeep]
|-damage|p2a: カイリュー|45/100|[from] Sandstorm
|-heal|p1a: Skarmory|92/100|[from] item: Leftovers
|upkeep
|turn|20
|
|t:|1738685945
|move|p2a: カイリュー|Outrage|p1a: Skarmory
|-resisted|p1a: Skarmory
|-damage|p1a: Skarmory|67/100
|move|p1a: Skarmory|Whirlwind|p2a: カイリュー
|drag|p2a: ランドロス|Landorus-Therian, M|26/100
|-damage|p2a: ランドロス|14/100|[from] Stealth Rock
|-ability|p2a: ランドロス|Intimidate|boost
|-unboost|p1a: Skarmory|atk|1
|
|-weather|Sandstorm|[upkeep]
|-heal|p1a: Skarmory|73/100|[from] item: Leftovers
|upkeep
|turn|21
|-message|CertamenMeum forfeited.
|
|win|PowerPointEnjoyer
|raw|PowerPointEnjoyer's rating: 1301 &rarr; <strong>1327</strong><br />(+26 for winning)
|raw|CertamenMeum's rating: 1415 &rarr; <strong>1389</strong><br />(-26 for losing)
|l|☆CertamenMeum
|player|p2|
