|j|☆257m
|j|☆Crimsonbacon38
|t:|1727839093
|gametype|singles
|player|p1|257m|juggler|1304
|player|p2|Crimsonbacon38|barry|1352
|teamsize|p1|6
|teamsize|p2|6
|gen|5
|tier|[Gen 5] OU
|rated|
|rule|Species Clause: Limit one of each Pokémon
|rule|OHKO Clause: OHKO moves are banned
|rule|Moody Clause: Moody is banned
|rule|Evasion Items Clause: Evasion items are banned
|rule|Evasion Moves Clause: Evasion moves are banned
|rule|Endless Battle Clause: Forcing endless battles is banned
|rule|HP Percentage Mod: HP is shown in percentages
|rule|Evasion Abilities Clause: Evasion abilities are banned
|rule|Sleep Moves Clause: Sleep-inducing moves are banned
|rule|Swagger Clause: Swagger is banned
|rule|Baton Pass Stat Clause: No Baton Passer may have a way to boost its stats
|clearpoke
|poke|p1|Politoed, F|item
|poke|p1|Tentacruel, M|item
|poke|p1|Thundurus-Therian, M|item
|poke|p1|Ferrothorn, F|item
|poke|p1|Keldeo|item
|poke|p1|Gastrodon, M|item
|poke|p2|Tyranitar, F|item
|poke|p2|Forretress, M|item
|poke|p2|Gliscor, F|item
|poke|p2|Garchomp, F|item
|poke|p2|Latios, M|item
|poke|p2|Rotom-Wash|item
|teampreview
|inactive|Battle timer is ON: inactive players will automatically lose when time's up. (requested by 257m)
|
|t:|1727839108
|start
|switch|p1a: Politoed|Politoed, F|100/100
|switch|p2a: Tyranitar|Tyranitar, F|100/100
|-weather|RainDance|[from] ability: Drizzle|[of] p1a: Politoed
|-weather|Sandstorm|[from] ability: Sand Stream|[of] p2a: Tyranitar
|turn|1
|
|t:|1727839115
|move|p1a: Politoed|Protect|p1a: Politoed
|-singleturn|p1a: Politoed|Protect
|move|p2a: Tyranitar|Thunder Wave|p1a: Politoed
|-activate|p1a: Politoed|move: Protect
|
|-weather|Sandstorm|[upkeep]
|-damage|p1a: Politoed|94/100|[from] Sandstorm
|-heal|p1a: Politoed|100/100|[from] item: Leftovers
|upkeep
|turn|2
|
|t:|1727839122
|switch|p1a: Gastrodon|Gastrodon, M|100/100
|move|p2a: Tyranitar|Crunch|p1a: Gastrodon
|-damage|p1a: Gastrodon|69/100
|
|-weather|Sandstorm|[upkeep]
|-heal|p1a: Gastrodon|75/100|[from] item: Leftovers
|upkeep
|turn|3
|
|t:|1727839129
|switch|p2a: Rotom|Rotom-Wash|100/100
|move|p1a: Gastrodon|Scald|p2a: Rotom
|-resisted|p2a: Rotom
|-crit|p2a: Rotom
|-damage|p2a: Rotom|76/100
|
|-weather|Sandstorm|[upkeep]
|-damage|p2a: Rotom|70/100|[from] Sandstorm
|-heal|p2a: Rotom|76/100|[from] item: Leftovers
|-heal|p1a: Gastrodon|81/100|[from] item: Leftovers
|upkeep
|turn|4
|
|t:|1727839139
|move|p2a: Rotom|Will-O-Wisp|p1a: Gastrodon
|-status|p1a: Gastrodon|brn
|move|p1a: Gastrodon|Scald|p2a: Rotom
|-resisted|p2a: Rotom
|-damage|p2a: Rotom|64/100
|-status|p2a: Rotom|brn
|
|-weather|Sandstorm|[upkeep]
|-damage|p2a: Rotom|58/100 brn|[from] Sandstorm
|-heal|p2a: Rotom|64/100 brn|[from] item: Leftovers
|-heal|p1a: Gastrodon|87/100 brn|[from] item: Leftovers
|-damage|p2a: Rotom|51/100 brn|[from] brn
|-damage|p1a: Gastrodon|74/100 brn|[from] brn
|upkeep
|turn|5
|
|t:|1727839169
|switch|p2a: Forretress|Forretress, M|100/100
|move|p1a: Gastrodon|Scald|p2a: Forretress
|-damage|p2a: Forretress|76/100
|-status|p2a: Forretress|brn
|
|-weather|Sandstorm|[upkeep]
|-heal|p1a: Gastrodon|81/100 brn|[from] item: Leftovers
|-heal|p2a: Forretress|82/100 brn|[from] item: Leftovers
|-damage|p1a: Gastrodon|68/100 brn|[from] brn
|-damage|p2a: Forretress|70/100 brn|[from] brn
|upkeep
|turn|6
|
|t:|1727839178
|switch|p1a: Politoed|Politoed, F|100/100
|-weather|RainDance|[from] ability: Drizzle|[of] p1a: Politoed
|move|p2a: Forretress|Spikes|p1a: Politoed
|-sidestart|p1: 257m|Spikes
|
|-weather|RainDance|[upkeep]
|-heal|p2a: Forretress|76/100 brn|[from] item: Leftovers
|-damage|p2a: Forretress|63/100 brn|[from] brn
|upkeep
|turn|7
|
|t:|1727839187
|switch|p1a: Tentacruel|Tentacruel, M|100/100
|-damage|p1a: Tentacruel|88/100|[from] Spikes
|move|p2a: Forretress|Volt Switch|p1a: Tentacruel
|-supereffective|p1a: Tentacruel
|-damage|p1a: Tentacruel|71/100
|
|t:|1727839195
|switch|p2a: Latios|Latios, M|100/100|[from] Volt Switch
|
|-weather|RainDance|[upkeep]
|-heal|p1a: Tentacruel|77/100|[from] ability: Rain Dish
|-heal|p1a: Tentacruel|83/100|[from] item: Black Sludge
|upkeep
|turn|8
|
|t:|1727839199
|move|p1a: Tentacruel|Protect|p1a: Tentacruel
|-singleturn|p1a: Tentacruel|Protect
|move|p2a: Latios|Psyshock|p1a: Tentacruel
|-activate|p1a: Tentacruel|move: Protect
|
|-weather|RainDance|[upkeep]
|-heal|p1a: Tentacruel|89/100|[from] ability: Rain Dish
|-heal|p1a: Tentacruel|95/100|[from] item: Black Sludge
|upkeep
|turn|9
|
|t:|1727839216
|switch|p1a: Ferrothorn|Ferrothorn, F|100/100
|-damage|p1a: Ferrothorn|88/100|[from] Spikes
|move|p2a: Latios|Psyshock|p1a: Ferrothorn
|-resisted|p1a: Ferrothorn
|-damage|p1a: Ferrothorn|72/100
|
|-weather|RainDance|[upkeep]
|-heal|p1a: Ferrothorn|78/100|[from] item: Leftovers
|upkeep
|turn|10
|
|t:|1727839220
|switch|p2a: Garchomp|Garchomp, F|100/100
|move|p1a: Ferrothorn|Stealth Rock|p2a: Garchomp
|-sidestart|p2: Crimsonbacon38|move: Stealth Rock
|
|-weather|RainDance|[upkeep]
|-heal|p1a: Ferrothorn|84/100|[from] item: Leftovers
|upkeep
|turn|11
|
|t:|1727839228
|switch|p2a: Gliscor|Gliscor, F|100/100
|-damage|p2a: Gliscor|88/100|[from] Stealth Rock
|move|p1a: Ferrothorn|Leech Seed|p2a: Gliscor
|-start|p2a: Gliscor|move: Leech Seed
|
|-weather|RainDance|[upkeep]
|-heal|p1a: Ferrothorn|91/100|[from] item: Leftovers
|-damage|p2a: Gliscor|75/100|[from] Leech Seed|[of] p1a: Ferrothorn
|-heal|p1a: Ferrothorn|100/100|[silent]
|-status|p2a: Gliscor|tox|[from] item: Toxic Orb
|upkeep
|turn|12
|
|t:|1727839232
|switch|p1a: Thundurus|Thundurus-Therian, M|100/100
|move|p2a: Gliscor|Stealth Rock|p1a: Thundurus
|-sidestart|p1: 257m|move: Stealth Rock
|
|-weather|RainDance|[upkeep]
|-damage|p2a: Gliscor|63/100 tox|[from] Leech Seed|[of] p1a: Thundurus
|-heal|p2a: Gliscor|75/100 tox|[from] ability: Poison Heal
|upkeep
|turn|13
|
|t:|1727839241
|switch|p2a: Tyranitar|Tyranitar, F|100/100
|-damage|p2a: Tyranitar|88/100|[from] Stealth Rock
|-weather|Sandstorm|[from] ability: Sand Stream|[of] p2a: Tyranitar
|move|p1a: Thundurus|Substitute|p1a: Thundurus
|-start|p1a: Thundurus|Substitute
|-damage|p1a: Thundurus|76/100
|
|-weather|Sandstorm|[upkeep]
|-damage|p1a: Thundurus|69/100|[from] Sandstorm
|-heal|p1a: Thundurus|76/100|[from] item: Leftovers
|upkeep
|turn|14
|
|t:|1727839251
|move|p1a: Thundurus|Focus Blast|p2a: Tyranitar
|-supereffective|p2a: Tyranitar
|-enditem|p2a: Tyranitar|Chople Berry|[eat]
|-enditem|p2a: Tyranitar|Chople Berry|[weaken]
|-damage|p2a: Tyranitar|43/100
|move|p2a: Tyranitar|Crunch|p1a: Thundurus
|-end|p1a: Thundurus|Substitute
|
|-weather|Sandstorm|[upkeep]
|-damage|p1a: Thundurus|69/100|[from] Sandstorm
|-heal|p1a: Thundurus|76/100|[from] item: Leftovers
|upkeep
|turn|15
|
|t:|1727839262
|move|p1a: Thundurus|Focus Blast|p2a: Tyranitar
|-supereffective|p2a: Tyranitar
|-damage|p2a: Tyranitar|0 fnt
|faint|p2a: Tyranitar
|
|-weather|Sandstorm|[upkeep]
|-damage|p1a: Thundurus|69/100|[from] Sandstorm
|-heal|p1a: Thundurus|76/100|[from] item: Leftovers
|upkeep
|
|t:|1727839267
|switch|p2a: Latios|Latios, M|100/100
|-damage|p2a: Latios|88/100|[from] Stealth Rock
|turn|16
|
|t:|1727839274
|switch|p1a: Ferrothorn|Ferrothorn, F|100/100
|-damage|p1a: Ferrothorn|88/100|[from] Spikes
|-damage|p1a: Ferrothorn|82/100|[from] Stealth Rock
|move|p2a: Latios|Draco Meteor|p1a: Ferrothorn
|-resisted|p1a: Ferrothorn
|-damage|p1a: Ferrothorn|58/100
|-unboost|p2a: Latios|spa|2
|
|-weather|Sandstorm|[upkeep]
|-damage|p2a: Latios|82/100|[from] Sandstorm
|-heal|p1a: Ferrothorn|64/100|[from] item: Leftovers
|upkeep
|turn|17
|
|t:|1727839283
|switch|p2a: Rotom|Rotom-Wash|51/100 brn
|-damage|p2a: Rotom|39/100 brn|[from] Stealth Rock
|move|p1a: Ferrothorn|Leech Seed|p2a: Rotom|[miss]
|-miss|p1a: Ferrothorn|p2a: Rotom
|
|-weather|Sandstorm|[upkeep]
|-damage|p2a: Rotom|33/100 brn|[from] Sandstorm
|-heal|p2a: Rotom|39/100 brn|[from] item: Leftovers
|-heal|p1a: Ferrothorn|71/100|[from] item: Leftovers
|-damage|p2a: Rotom|26/100 brn|[from] brn
|upkeep
|turn|18
|
|t:|1727839297
|move|p2a: Rotom|Will-O-Wisp|p1a: Ferrothorn
|-status|p1a: Ferrothorn|brn
|move|p1a: Ferrothorn|Spikes|p2a: Rotom
|-sidestart|p2: Crimsonbacon38|Spikes
|
|-weather|Sandstorm|[upkeep]
|-damage|p2a: Rotom|20/100 brn|[from] Sandstorm
|-heal|p2a: Rotom|26/100 brn|[from] item: Leftovers
|-heal|p1a: Ferrothorn|77/100 brn|[from] item: Leftovers
|-damage|p2a: Rotom|14/100 brn|[from] brn
|-damage|p1a: Ferrothorn|64/100 brn|[from] brn
|upkeep
|turn|19
|
|t:|1727839308
|switch|p1a: Politoed|Politoed, F|100/100
|-damage|p1a: Politoed|88/100|[from] Spikes
|-damage|p1a: Politoed|75/100|[from] Stealth Rock
|-weather|RainDance|[from] ability: Drizzle|[of] p1a: Politoed
|move|p2a: Rotom|Pain Split|p1a: Politoed
|-sethp|p1a: Politoed|43/100|[from] move: Pain Split|[silent]
|-sethp|p2a: Rotom|54/100 brn|[from] move: Pain Split
|
|-weather|RainDance|[upkeep]
|-heal|p2a: Rotom|61/100 brn|[from] item: Leftovers
|-heal|p1a: Politoed|49/100|[from] item: Leftovers
|-damage|p2a: Rotom|48/100 brn|[from] brn
|upkeep
|turn|20
|
|t:|1727839318
|move|p2a: Rotom|Volt Switch|p1a: Politoed
|-supereffective|p1a: Politoed
|-crit|p1a: Politoed
|-damage|p1a: Politoed|0 fnt
|faint|p1a: Politoed
|
|t:|1727839336
|switch|p2a: Latios|Latios, M|82/100|[from] Volt Switch
|-damage|p2a: Latios|70/100|[from] Stealth Rock
|
|-weather|RainDance|[upkeep]
|upkeep
|
|t:|1727839354
|switch|p1a: Ferrothorn|Ferrothorn, F|64/100 brn
|-damage|p1a: Ferrothorn|52/100 brn|[from] Spikes
|-damage|p1a: Ferrothorn|46/100 brn|[from] Stealth Rock
|turn|21
|
|t:|1727839364
|switch|p2a: Gliscor|Gliscor, F|75/100 tox
|-damage|p2a: Gliscor|63/100 tox|[from] Stealth Rock
|move|p1a: Ferrothorn|Spikes|p2a: Gliscor
|-sidestart|p2: Crimsonbacon38|Spikes
|
|-weather|RainDance|[upkeep]
|-heal|p1a: Ferrothorn|52/100 brn|[from] item: Leftovers
|-heal|p2a: Gliscor|75/100 tox|[from] ability: Poison Heal
|-damage|p1a: Ferrothorn|39/100 brn|[from] brn
|upkeep
|turn|22
|
|t:|1727839373
|move|p2a: Gliscor|U-turn|p1a: Ferrothorn
|-damage|p1a: Ferrothorn|29/100 brn
|-damage|p2a: Gliscor|63/100 tox|[from] ability: Iron Barbs|[of] p1a: Ferrothorn
|
|t:|1727839375
|switch|p2a: Forretress|Forretress, M|63/100 brn|[from] U-turn
|-damage|p2a: Forretress|51/100 brn|[from] Stealth Rock
|-damage|p2a: Forretress|34/100 brn|[from] Spikes
|move|p1a: Ferrothorn|Power Whip|p2a: Forretress
|-resisted|p2a: Forretress
|-damage|p2a: Forretress|31/100 brn
|
|-weather|RainDance|[upkeep]
|-heal|p2a: Forretress|37/100 brn|[from] item: Leftovers
|-heal|p1a: Ferrothorn|35/100 brn|[from] item: Leftovers
|-damage|p1a: Ferrothorn|23/100 brn|[from] brn
|-damage|p2a: Forretress|25/100 brn|[from] brn
|upkeep
|turn|23
|
|t:|1727839389
|move|p2a: Forretress|Rapid Spin|p1a: Ferrothorn
|-resisted|p1a: Ferrothorn
|-damage|p1a: Ferrothorn|22/100 brn
|-damage|p2a: Forretress|12/100 brn|[from] ability: Iron Barbs|[of] p1a: Ferrothorn
|-sideend|p2: Crimsonbacon38|Spikes|[from] move: Rapid Spin|[of] p2a: Forretress
|-sideend|p2: Crimsonbacon38|Stealth Rock|[from] move: Rapid Spin|[of] p2a: Forretress
|move|p1a: Ferrothorn|Stealth Rock|p2a: Forretress
|-sidestart|p2: Crimsonbacon38|move: Stealth Rock
|
|-weather|RainDance|[upkeep]
|-heal|p2a: Forretress|18/100 brn|[from] item: Leftovers
|-heal|p1a: Ferrothorn|28/100 brn|[from] item: Leftovers
|-damage|p2a: Forretress|6/100 brn|[from] brn
|-damage|p1a: Ferrothorn|16/100 brn|[from] brn
|upkeep
|turn|24
|
|t:|1727839398
|move|p2a: Forretress|Rapid Spin|p1a: Ferrothorn
|-resisted|p1a: Ferrothorn
|-damage|p1a: Ferrothorn|15/100 brn
|-damage|p2a: Forretress|0 fnt|[from] ability: Iron Barbs|[of] p1a: Ferrothorn
|faint|p2a: Forretress
|move|p1a: Ferrothorn|Stealth Rock||[still]
|-fail|p1a: Ferrothorn
|
|-weather|RainDance|[upkeep]
|-heal|p1a: Ferrothorn|21/100 brn|[from] item: Leftovers
|-damage|p1a: Ferrothorn|9/100 brn|[from] brn
|upkeep
|inactive|Crimsonbacon38 has 120 seconds left.
|
|t:|1727839429
|switch|p2a: Gliscor|Gliscor, F|63/100 tox
|-damage|p2a: Gliscor|50/100 tox|[from] Stealth Rock
|turn|25
|
|t:|1727839443
|move|p2a: Gliscor|U-turn|p1a: Ferrothorn
|-damage|p1a: Ferrothorn|0 fnt
|-damage|p2a: Gliscor|38/100 tox|[from] ability: Iron Barbs|[of] p1a: Ferrothorn
|faint|p1a: Ferrothorn
|
|t:|1727839449
|switch|p2a: Latios|Latios, M|70/100|[from] U-turn
|-damage|p2a: Latios|58/100|[from] Stealth Rock
|
|-weather|RainDance|[upkeep]
|upkeep
|
|t:|1727839464
|switch|p1a: Gastrodon|Gastrodon, M|68/100 brn
|-damage|p1a: Gastrodon|56/100 brn|[from] Spikes
|-damage|p1a: Gastrodon|50/100 brn|[from] Stealth Rock
|turn|26
|
|t:|1727839471
|move|p2a: Latios|Trick|p1a: Gastrodon
|-activate|p2a: Latios|move: Trick|[of] p1a: Gastrodon
|-item|p1a: Gastrodon|Choice Scarf|[from] move: Trick
|-item|p2a: Latios|Leftovers|[from] move: Trick
|move|p1a: Gastrodon|Ice Beam|p2a: Latios
|-supereffective|p2a: Latios
|-damage|p2a: Latios|11/100
|
|-weather|RainDance|[upkeep]
|-heal|p2a: Latios|17/100|[from] item: Leftovers
|-damage|p1a: Gastrodon|37/100 brn|[from] brn
|upkeep
|turn|27
|
|t:|1727839476
|move|p2a: Latios|Draco Meteor|p1a: Gastrodon
|-damage|p1a: Gastrodon|0 fnt
|-unboost|p2a: Latios|spa|2
|faint|p1a: Gastrodon
|
|-weather|RainDance|[upkeep]
|-heal|p2a: Latios|23/100|[from] item: Leftovers
|upkeep
|
|t:|1727839480
|switch|p1a: Tentacruel|Tentacruel, M|95/100
|-damage|p1a: Tentacruel|83/100|[from] Spikes
|-damage|p1a: Tentacruel|71/100|[from] Stealth Rock
|turn|28
|
|t:|1727839487
|move|p2a: Latios|Psyshock|p1a: Tentacruel
|-supereffective|p1a: Tentacruel
|-damage|p1a: Tentacruel|18/100
|move|p1a: Tentacruel|Rapid Spin|p2a: Latios
|-damage|p2a: Latios|19/100
|-sideend|p1: 257m|Spikes|[from] move: Rapid Spin|[of] p1a: Tentacruel
|-sideend|p1: 257m|Stealth Rock|[from] move: Rapid Spin|[of] p1a: Tentacruel
|
|-weather|RainDance|[upkeep]
|-heal|p1a: Tentacruel|24/100|[from] ability: Rain Dish
|-heal|p2a: Latios|25/100|[from] item: Leftovers
|-heal|p1a: Tentacruel|30/100|[from] item: Black Sludge
|upkeep
|turn|29
|
|t:|1727839492
|move|p1a: Tentacruel|Protect|p1a: Tentacruel
|-singleturn|p1a: Tentacruel|Protect
|move|p2a: Latios|Psyshock|p1a: Tentacruel
|-activate|p1a: Tentacruel|move: Protect
|
|-weather|RainDance|[upkeep]
|-heal|p1a: Tentacruel|36/100|[from] ability: Rain Dish
|-heal|p2a: Latios|31/100|[from] item: Leftovers
|-heal|p1a: Tentacruel|42/100|[from] item: Black Sludge
|upkeep
|turn|30
|
|t:|1727839501
|move|p2a: Latios|Psyshock|p1a: Tentacruel
|-supereffective|p1a: Tentacruel
|-crit|p1a: Tentacruel
|-damage|p1a: Tentacruel|0 fnt
|faint|p1a: Tentacruel
|
|-weather|RainDance|[upkeep]
|-heal|p2a: Latios|37/100|[from] item: Leftovers
|upkeep
|
|t:|1727839503
|switch|p1a: Thundurus|Thundurus-Therian, M|76/100
|turn|31
|
|t:|1727839512
|switch|p2a: Rotom|Rotom-Wash|48/100 brn
|-damage|p2a: Rotom|36/100 brn|[from] Stealth Rock
|move|p1a: Thundurus|Substitute|p1a: Thundurus
|-start|p1a: Thundurus|Substitute
|-damage|p1a: Thundurus|51/100
|
|-weather|RainDance|[upkeep]
|-heal|p1a: Thundurus|57/100|[from] item: Leftovers
|-heal|p2a: Rotom|42/100 brn|[from] item: Leftovers
|-damage|p2a: Rotom|29/100 brn|[from] brn
|upkeep
|turn|32
|
|t:|1727839518
|move|p1a: Thundurus|Thunder|p2a: Rotom
|-damage|p2a: Rotom|0 fnt
|faint|p2a: Rotom
|
|-weather|RainDance|[upkeep]
|-heal|p1a: Thundurus|63/100|[from] item: Leftovers
|upkeep
|
|t:|1727839524
|switch|p2a: Latios|Latios, M|37/100
|-damage|p2a: Latios|24/100|[from] Stealth Rock
|turn|33
|
|t:|1727839529
|move|p2a: Latios|Surf|p1a: Thundurus
|-end|p1a: Thundurus|Substitute
|move|p1a: Thundurus|Hidden Power|p2a: Latios
|-supereffective|p2a: Latios
|-damage|p2a: Latios|0 fnt
|faint|p2a: Latios
|
|-weather|RainDance|[upkeep]
|-heal|p1a: Thundurus|69/100|[from] item: Leftovers
|upkeep
|
|t:|1727839536
|switch|p2a: Garchomp|Garchomp, F|100/100
|-damage|p2a: Garchomp|94/100|[from] Stealth Rock
|turn|34
|
|t:|1727839540
|move|p2a: Garchomp|Outrage|p1a: Thundurus
|-damage|p1a: Thundurus|0 fnt
|faint|p1a: Thundurus
|
|-weather|RainDance|[upkeep]
|upkeep
|
|t:|1727839543
|switch|p1a: Keldeo|Keldeo|100/100
|turn|35
|
|t:|1727839547
|move|p2a: Garchomp|Outrage|p1a: Keldeo|[from]lockedmove
|-damage|p1a: Keldeo|29/100
|-start|p2a: Garchomp|confusion|[fatigue]
|move|p1a: Keldeo|Surf|p2a: Garchomp
|-damage|p2a: Garchomp|0 fnt
|faint|p2a: Garchomp
|
|-weather|RainDance|[upkeep]
|upkeep
|
|t:|1727839553
|switch|p2a: Gliscor|Gliscor, F|38/100 tox
|-damage|p2a: Gliscor|25/100 tox|[from] Stealth Rock
|turn|36
|
|t:|1727839559
|move|p1a: Keldeo|Surf|p2a: Gliscor
|-supereffective|p2a: Gliscor
|-damage|p2a: Gliscor|0 fnt
|faint|p2a: Gliscor
|
|win|257m
|raw|257m's rating: 1304 &rarr; <strong>1327</strong><br />(+23 for winning)
|raw|Crimsonbacon38's rating: 1352 &rarr; <strong>1329</strong><br />(-23 for losing)
|c|☆Crimsonbacon38|gg
