|j|☆d00rP
|j|☆chomp29
|t:|1723224882
|gametype|singles
|player|p1|d00rP|ethan|1319
|player|p2|chomp29|lucas|1582
|teamsize|p1|6
|teamsize|p2|6
|gen|5
|tier|[Gen 5] OU
|rated|
|rule|Species Clause: Limit one of each Pokémon
|rule|OHKO Clause: OHKO moves are banned
|rule|Moody Clause: Moody is banned
|rule|Evasion Items Clause: Evasion items are banned
|rule|Evasion Moves Clause: Evasion moves are banned
|rule|Endless Battle Clause: Forcing endless battles is banned
|rule|HP Percentage Mod: HP is shown in percentages
|rule|Evasion Abilities Clause: Evasion abilities are banned
|rule|Sleep Moves Clause: Sleep-inducing moves are banned
|rule|Swagger Clause: Swagger is banned
|rule|Baton Pass Stat Clause: No Baton Passer may have a way to boost its stats
|clearpoke
|poke|p1|Garchomp, F|item
|poke|p1|Terrakion|item
|poke|p1|Starmie|item
|poke|p1|Dragonite, M|item
|poke|p1|Scizor, F|item
|poke|p1|Breloom, F|item
|poke|p2|Abomasnow, F|item
|poke|p2|Garchomp, M|item
|poke|p2|Skarmory, F|item
|poke|p2|Kyurem-Black|item
|poke|p2|Jellicent, F|item
|poke|p2|Excadrill, F|item
|teampreview
|j| SlimesitoFan
|inactive|Battle timer is ON: inactive players will automatically lose when time's up. (requested by chomp29)
|c|☆chomp29|Gl
|j| triple axel blaze
|inactive|chomp29 has 120 seconds left.
|
|t:|1723224941
|start
|switch|p1a: Terrakion|Terrakion|100/100
|switch|p2a: Abomasnow|Abomasnow, F|100/100
|-weather|Hail|[from] ability: Snow Warning|[of] p2a: Abomasnow
|turn|1
|
|t:|1723224950
|switch|p2a: Jellicent|Jellicent, F|100/100
|move|p1a: Terrakion|Close Combat|p2a: Jellicent
|-immune|p2a: Jellicent
|
|-weather|Hail|[upkeep]
|-damage|p1a: Terrakion|94/100|[from] Hail
|-damage|p2a: Jellicent|94/100|[from] Hail
|-heal|p2a: Jellicent|100/100|[from] item: Leftovers
|upkeep
|turn|2
|
|t:|1723224958
|switch|p2a: Garchomp|Garchomp, M|100/100
|move|p1a: Terrakion|Taunt|p2a: Garchomp
|-start|p2a: Garchomp|move: Taunt
|
|-weather|Hail|[upkeep]
|-damage|p2a: Garchomp|94/100|[from] Hail
|-damage|p1a: Terrakion|88/100|[from] Hail
|upkeep
|turn|3
|
|t:|1723224967
|move|p2a: Garchomp|Outrage|p1a: Terrakion
|-crit|p1a: Terrakion
|-damage|p1a: Terrakion|0 fnt
|faint|p1a: Terrakion
|
|-weather|Hail|[upkeep]
|-damage|p2a: Garchomp|88/100|[from] Hail
|upkeep
|
|t:|1723224992
|switch|p1a: Garchomp|Garchomp, F|100/100
|turn|4
|
|t:|1723225001
|move|p2a: Garchomp|Outrage|p1a: Garchomp|[from]lockedmove
|-supereffective|p1a: Garchomp
|-enditem|p1a: Garchomp|Focus Sash
|-damage|p1a: Garchomp|1/100
|-damage|p2a: Garchomp|76/100|[from] ability: Rough Skin|[of] p1a: Garchomp
|-start|p2a: Garchomp|confusion|[fatigue]
|move|p1a: Garchomp|Outrage|p2a: Garchomp
|-supereffective|p2a: Garchomp
|-damage|p2a: Garchomp|0 fnt
|-damage|p1a: Garchomp|0 fnt|[from] ability: Rough Skin|[of] p2a: Garchomp
|faint|p1a: Garchomp
|faint|p2a: Garchomp
|
|-weather|Hail|[upkeep]
|upkeep
|inactive|chomp29 has 120 seconds left.
|
|t:|1723225035
|switch|p2a: Kyurem|Kyurem-Black|100/100
|switch|p1a: Scizor|Scizor, F|100/100
|-ability|p2a: Kyurem|Teravolt
|turn|5
|
|t:|1723225041
|move|p2a: Kyurem|Blizzard|p1a: Scizor
|-resisted|p1a: Scizor
|-damage|p1a: Scizor|52/100
|move|p1a: Scizor|Swords Dance|p1a: Scizor
|-boost|p1a: Scizor|atk|2
|
|-weather|Hail|[upkeep]
|-damage|p1a: Scizor|46/100|[from] Hail
|upkeep
|turn|6
|
|t:|1723225048
|switch|p2a: Skarmory|Skarmory, F|100/100
|move|p1a: Scizor|Bullet Punch|p2a: Skarmory
|-resisted|p2a: Skarmory
|-damage|p2a: Skarmory|67/100
|-damage|p1a: Scizor|36/100|[from] item: Life Orb
|
|-weather|Hail|[upkeep]
|-damage|p1a: Scizor|30/100|[from] Hail
|-damage|p2a: Skarmory|61/100|[from] Hail
|-heal|p2a: Skarmory|67/100|[from] item: Leftovers
|upkeep
|turn|7
|
|t:|1723225066
|switch|p2a: Jellicent|Jellicent, F|100/100
|move|p1a: Scizor|Superpower|p2a: Jellicent
|-immune|p2a: Jellicent
|
|-weather|Hail|[upkeep]
|-damage|p1a: Scizor|24/100|[from] Hail
|-damage|p2a: Jellicent|94/100|[from] Hail
|-heal|p2a: Jellicent|100/100|[from] item: Leftovers
|upkeep
|turn|8
|
|t:|1723225076
|move|p1a: Scizor|Pursuit|p2a: Jellicent
|-supereffective|p2a: Jellicent
|-damage|p2a: Jellicent|6/100
|-damage|p1a: Scizor|14/100|[from] item: Life Orb
|move|p2a: Jellicent|Night Shade|p1a: Scizor
|-damage|p1a: Scizor|0 fnt
|faint|p1a: Scizor
|
|-weather|Hail|[upkeep]
|-damage|p2a: Jellicent|0 fnt|[from] Hail
|faint|p2a: Jellicent
|upkeep
|inactive|chomp29 has 120 seconds left.
|
|t:|1723225110
|switch|p1a: Dragonite|Dragonite, M|100/100
|switch|p2a: Skarmory|Skarmory, F|67/100
|turn|9
|
|t:|1723225116
|move|p1a: Dragonite|Dragon Dance|p1a: Dragonite
|-boost|p1a: Dragonite|atk|1
|-boost|p1a: Dragonite|spe|1
|move|p2a: Skarmory|Drill Peck|p1a: Dragonite
|-damage|p1a: Dragonite|87/100
|
|-weather|Hail|[upkeep]
|-damage|p1a: Dragonite|81/100|[from] Hail
|-damage|p2a: Skarmory|61/100|[from] Hail
|-heal|p2a: Skarmory|67/100|[from] item: Leftovers
|upkeep
|turn|10
|
|t:|1723225127
|move|p1a: Dragonite|Fire Punch|p2a: Skarmory
|-supereffective|p2a: Skarmory
|-damage|p2a: Skarmory|0 fnt
|faint|p2a: Skarmory
|
|-weather|Hail|[upkeep]
|-damage|p1a: Dragonite|75/100|[from] Hail
|upkeep
|inactive|chomp29 has 120 seconds left.
|
|t:|1723225139
|switch|p2a: Kyurem|Kyurem-Black|100/100
|-ability|p2a: Kyurem|Teravolt
|turn|11
|inactive|chomp29 has 120 seconds left.
|
|t:|1723225161
|switch|p2a: Excadrill|Excadrill, F|100/100
|-ability|p2a: Excadrill|Mold Breaker
|move|p1a: Dragonite|Extreme Speed|p2a: Excadrill
|-resisted|p2a: Excadrill
|-damage|p2a: Excadrill|71/100
|
|-weather|Hail|[upkeep]
|-damage|p1a: Dragonite|69/100|[from] Hail
|-damage|p2a: Excadrill|65/100|[from] Hail
|-heal|p2a: Excadrill|71/100|[from] item: Leftovers
|upkeep
|turn|12
|
|t:|1723225172
|move|p1a: Dragonite|Fire Punch|p2a: Excadrill
|-supereffective|p2a: Excadrill
|-damage|p2a: Excadrill|0 fnt
|faint|p2a: Excadrill
|
|-weather|Hail|[upkeep]
|-damage|p1a: Dragonite|63/100|[from] Hail
|upkeep
|
|t:|1723225178
|switch|p2a: Abomasnow|Abomasnow, F|100/100
|turn|13
|
|t:|1723225185
|move|p1a: Dragonite|Fire Punch|p2a: Abomasnow
|-supereffective|p2a: Abomasnow
|-damage|p2a: Abomasnow|0 fnt
|faint|p2a: Abomasnow
|
|-weather|Hail|[upkeep]
|-damage|p1a: Dragonite|57/100|[from] Hail
|upkeep
|-message|chomp29 forfeited.
|
|win|d00rP
|raw|d00rP's rating: 1319 &rarr; <strong>1352</strong><br />(+33 for winning)
|raw|chomp29's rating: 1582 &rarr; <strong>1549</strong><br />(-33 for losing)
|l|☆chomp29
|player|p2|
|l|☆d00rP
|player|p1|
|l| SlimesitoFan
|j| SlimesitoFan
