|j|☆Skillfullbeing
|j|☆Charliereall
|t:|1739137032
|gametype|singles
|player|p1|Skillfullbeing|nate|1312
|player|p2|Charliereall|teamrocket|1331
|teamsize|p1|6
|teamsize|p2|6
|gen|5
|tier|[Gen 5] OU
|rated|
|rule|Species Clause: Limit one of each Pokémon
|rule|OHKO Clause: OHKO moves are banned
|rule|Moody Clause: Moody is banned
|rule|Evasion Items Clause: Evasion items are banned
|rule|Evasion Moves Clause: Evasion moves are banned
|rule|Endless Battle Clause: Forcing endless battles is banned
|rule|HP Percentage Mod: HP is shown in percentages
|rule|Evasion Abilities Clause: Evasion abilities are banned
|rule|Sleep Moves Clause: Sleep-inducing moves are banned
|rule|Swagger Clause: Swagger is banned
|rule|Baton Pass Stat Clause: No Baton Passer may have a way to boost its stats
|clearpoke
|poke|p1|Politoed, F|item
|poke|p1|Keldeo|item
|poke|p1|Latios, M|item
|poke|p1|Ferrothorn, F|item
|poke|p1|Starmie|item
|poke|p1|Garchomp, M|item
|poke|p2|Abomasnow, M|item
|poke|p2|Gliscor, F|item
|poke|p2|Excadrill, F|item
|poke|p2|Blissey, F|item
|poke|p2|Latios, M|item
|poke|p2|Reuniclus, F|item
|teampreview
|inactive|Battle timer is ON: inactive players will automatically lose when time's up. (requested by Skillfullbeing)
|inactive|Charliereall also wants the timer to be on.
|
|t:|1739137047
|start
|switch|p1a: Keldeo|Keldeo|100/100
|switch|p2a: Gliscor|Gliscor, F|100/100
|turn|1
|
|t:|1739137052
|move|p2a: Gliscor|Protect|p2a: Gliscor
|-singleturn|p2a: Gliscor|Protect
|move|p1a: Keldeo|Calm Mind|p1a: Keldeo
|-boost|p1a: Keldeo|spa|1
|-boost|p1a: Keldeo|spd|1
|
|-status|p2a: Gliscor|tox|[from] item: Toxic Orb
|upkeep
|turn|2
|
|t:|1739137063
|switch|p2a: Latios|Latios, M|100/100
|move|p1a: Keldeo|Hidden Power|p2a: Latios
|-supereffective|p2a: Latios
|-damage|p2a: Latios|27/100
|
|upkeep
|turn|3
|
|t:|1739137073
|switch|p1a: Ferrothorn|Ferrothorn, F|100/100
|move|p2a: Latios|Thunder Wave|p1a: Ferrothorn
|-status|p1a: Ferrothorn|par
|
|upkeep
|turn|4
|
|t:|1739137080
|move|p2a: Latios|Roost|p2a: Latios
|-heal|p2a: Latios|77/100
|-singleturn|p2a: Latios|move: Roost
|move|p1a: Ferrothorn|Thunder Wave|p2a: Latios
|-status|p2a: Latios|par
|
|upkeep
|turn|5
|
|t:|1739137105
|switch|p2a: Gliscor|Gliscor, F|100/100 tox
|cant|p1a: Ferrothorn|par
|
|upkeep
|turn|6
|
|t:|1739137111
|move|p2a: Gliscor|Taunt|p1a: Ferrothorn
|-start|p1a: Ferrothorn|move: Taunt
|cant|p1a: Ferrothorn|move: Taunt|Stealth Rock
|
|upkeep
|turn|7
|inactive|Charliereall has 120 seconds left.
|
|t:|1739137138
|switch|p2a: Reuniclus|Reuniclus, F|100/100
|switch|p1a: Politoed|Politoed, F|100/100
|-weather|RainDance|[from] ability: Drizzle|[of] p1a: Politoed
|
|-weather|RainDance|[upkeep]
|upkeep
|turn|8
|
|t:|1739137145
|switch|p1a: Latios|Latios, M|100/100
|switch|p2a: Abomasnow|Abomasnow, M|100/100
|-weather|Hail|[from] ability: Snow Warning|[of] p2a: Abomasnow
|
|-weather|Hail|[upkeep]
|-damage|p1a: Latios|95/100|[from] Hail
|upkeep
|turn|9
|
|t:|1739137153
|switch|p1a: Ferrothorn|Ferrothorn, F|100/100 par
|move|p2a: Abomasnow|Blizzard|p1a: Ferrothorn
|-damage|p1a: Ferrothorn|57/100 par
|
|-weather|Hail|[upkeep]
|-damage|p1a: Ferrothorn|51/100 par|[from] Hail
|-heal|p1a: Ferrothorn|57/100 par|[from] item: Leftovers
|upkeep
|turn|10
|
|t:|1739137171
|switch|p2a: Gliscor|Gliscor, F|100/100 tox
|move|p1a: Ferrothorn|Stealth Rock|p2a: Gliscor
|-sidestart|p2: Charliereall|move: Stealth Rock
|
|-weather|Hail|[upkeep]
|-damage|p2a: Gliscor|94/100 tox|[from] Hail
|-damage|p1a: Ferrothorn|51/100 par|[from] Hail
|-heal|p1a: Ferrothorn|57/100 par|[from] item: Leftovers
|-heal|p2a: Gliscor|100/100 tox|[from] ability: Poison Heal
|upkeep
|turn|11
|
|t:|1739137178
|switch|p1a: Politoed|Politoed, F|100/100
|-weather|RainDance|[from] ability: Drizzle|[of] p1a: Politoed
|move|p2a: Gliscor|Knock Off|p1a: Politoed
|-damage|p1a: Politoed|96/100
|-enditem|p1a: Politoed|Leftovers|[from] move: Knock Off|[of] p2a: Gliscor
|
|-weather|RainDance|[upkeep]
|upkeep
|turn|12
|
|t:|1739137187
|switch|p2a: Abomasnow|Abomasnow, M|100/100
|-damage|p2a: Abomasnow|76/100|[from] Stealth Rock
|-weather|Hail|[from] ability: Snow Warning|[of] p2a: Abomasnow
|move|p1a: Politoed|Ice Beam|p2a: Abomasnow
|-damage|p2a: Abomasnow|54/100
|
|-weather|Hail|[upkeep]
|-damage|p1a: Politoed|90/100|[from] Hail
|-heal|p2a: Abomasnow|60/100|[from] item: Leftovers
|upkeep
|turn|13
|
|t:|1739137203
|switch|p1a: Ferrothorn|Ferrothorn, F|57/100 par
|move|p2a: Abomasnow|Leech Seed|p1a: Ferrothorn
|-immune|p1a: Ferrothorn
|
|-weather|Hail|[upkeep]
|-damage|p1a: Ferrothorn|51/100 par|[from] Hail
|-heal|p2a: Abomasnow|66/100|[from] item: Leftovers
|-heal|p1a: Ferrothorn|57/100 par|[from] item: Leftovers
|upkeep
|turn|14
|
|t:|1739137212
|move|p2a: Abomasnow|Protect|p2a: Abomasnow
|-singleturn|p2a: Abomasnow|Protect
|move|p1a: Ferrothorn|Leech Seed|p2a: Abomasnow
|-activate|p2a: Abomasnow|move: Protect
|
|-weather|Hail|[upkeep]
|-damage|p1a: Ferrothorn|51/100 par|[from] Hail
|-heal|p2a: Abomasnow|72/100|[from] item: Leftovers
|-heal|p1a: Ferrothorn|57/100 par|[from] item: Leftovers
|upkeep
|turn|15
|
|t:|1739137220
|switch|p2a: Excadrill|Excadrill, F|100/100
|-damage|p2a: Excadrill|98/100|[from] Stealth Rock
|-ability|p2a: Excadrill|Mold Breaker
|move|p1a: Ferrothorn|Thunder Wave|p2a: Excadrill
|-immune|p2a: Excadrill
|
|-weather|Hail|[upkeep]
|-damage|p2a: Excadrill|92/100|[from] Hail
|-damage|p1a: Ferrothorn|51/100 par|[from] Hail
|-heal|p2a: Excadrill|98/100|[from] item: Leftovers
|-heal|p1a: Ferrothorn|57/100 par|[from] item: Leftovers
|upkeep
|turn|16
|
|t:|1739137229
|move|p2a: Excadrill|Earthquake|p1a: Ferrothorn
|-damage|p1a: Ferrothorn|23/100 par
|move|p1a: Ferrothorn|Power Whip|p2a: Excadrill|[miss]
|-miss|p1a: Ferrothorn|p2a: Excadrill
|
|-weather|Hail|[upkeep]
|-damage|p2a: Excadrill|92/100|[from] Hail
|-damage|p1a: Ferrothorn|16/100 par|[from] Hail
|-heal|p2a: Excadrill|98/100|[from] item: Leftovers
|-heal|p1a: Ferrothorn|23/100 par|[from] item: Leftovers
|upkeep
|turn|17
|
|t:|1739137238
|move|p2a: Excadrill|Rapid Spin|p1a: Ferrothorn
|-resisted|p1a: Ferrothorn
|-crit|p1a: Ferrothorn
|-damage|p1a: Ferrothorn|19/100 par
|-damage|p2a: Excadrill|85/100|[from] ability: Iron Barbs|[of] p1a: Ferrothorn
|-sideend|p2: Charliereall|Stealth Rock|[from] move: Rapid Spin|[of] p2a: Excadrill
|cant|p1a: Ferrothorn|par
|
|-weather|Hail|[upkeep]
|-damage|p2a: Excadrill|79/100|[from] Hail
|-damage|p1a: Ferrothorn|13/100 par|[from] Hail
|-heal|p2a: Excadrill|85/100|[from] item: Leftovers
|-heal|p1a: Ferrothorn|19/100 par|[from] item: Leftovers
|upkeep
|turn|18
|
|t:|1739137244
|move|p2a: Excadrill|Earthquake|p1a: Ferrothorn
|-damage|p1a: Ferrothorn|0 fnt
|faint|p1a: Ferrothorn
|
|-weather|Hail|[upkeep]
|-damage|p2a: Excadrill|79/100|[from] Hail
|-heal|p2a: Excadrill|85/100|[from] item: Leftovers
|upkeep
|
|t:|1739137255
|switch|p1a: Garchomp|Garchomp, M|100/100
|turn|19
|
|t:|1739137262
|move|p1a: Garchomp|Earthquake|p2a: Excadrill
|-supereffective|p2a: Excadrill
|-damage|p2a: Excadrill|0 fnt
|faint|p2a: Excadrill
|
|-weather|Hail|[upkeep]
|-damage|p1a: Garchomp|94/100|[from] Hail
|upkeep
|
|t:|1739137270
|switch|p2a: Abomasnow|Abomasnow, M|72/100
|turn|20
|
|t:|1739137280
|move|p1a: Garchomp|Outrage|p2a: Abomasnow
|-damage|p2a: Abomasnow|5/100
|move|p2a: Abomasnow|Leech Seed|p1a: Garchomp
|-start|p1a: Garchomp|move: Leech Seed
|
|-weather|Hail|[upkeep]
|-damage|p1a: Garchomp|88/100|[from] Hail
|-heal|p2a: Abomasnow|11/100|[from] item: Leftovers
|-damage|p1a: Garchomp|76/100|[from] Leech Seed|[of] p2a: Abomasnow
|-heal|p2a: Abomasnow|22/100|[silent]
|upkeep
|turn|21
|
|t:|1739137293
|move|p2a: Abomasnow|Protect|p2a: Abomasnow
|-singleturn|p2a: Abomasnow|Protect
|move|p1a: Garchomp|Outrage|p2a: Abomasnow|[from] lockedmove
|-activate|p2a: Abomasnow|move: Protect
|
|-weather|Hail|[upkeep]
|-damage|p1a: Garchomp|70/100|[from] Hail
|-heal|p2a: Abomasnow|28/100|[from] item: Leftovers
|-damage|p1a: Garchomp|57/100|[from] Leech Seed|[of] p2a: Abomasnow
|-heal|p2a: Abomasnow|40/100|[silent]
|upkeep
|turn|22
|
|t:|1739137308
|switch|p2a: Gliscor|Gliscor, F|100/100 tox
|move|p1a: Garchomp|Outrage|p2a: Gliscor
|-damage|p2a: Gliscor|51/100 tox
|
|-weather|Hail|[upkeep]
|-damage|p1a: Garchomp|51/100|[from] Hail
|-damage|p2a: Gliscor|45/100 tox|[from] Hail
|-damage|p1a: Garchomp|39/100|[from] Leech Seed|[of] p2a: Gliscor
|-heal|p2a: Gliscor|59/100 tox|[silent]
|-heal|p2a: Gliscor|72/100 tox|[from] ability: Poison Heal
|upkeep
|turn|23
|
|t:|1739137318
|move|p1a: Garchomp|Outrage|p2a: Gliscor|[from] lockedmove
|-damage|p2a: Gliscor|26/100 tox
|-start|p1a: Garchomp|confusion|[fatigue]
|move|p2a: Gliscor|Earthquake|p1a: Garchomp
|-damage|p1a: Garchomp|8/100
|
|-weather|Hail|[upkeep]
|-damage|p1a: Garchomp|2/100|[from] Hail
|-damage|p2a: Gliscor|20/100 tox|[from] Hail
|-damage|p1a: Garchomp|0 fnt|[from] Leech Seed|[of] p2a: Gliscor
|-heal|p2a: Gliscor|21/100 tox|[silent]
|faint|p1a: Garchomp
|-heal|p2a: Gliscor|34/100 tox|[from] ability: Poison Heal
|upkeep
|
|t:|1739137331
|switch|p1a: Politoed|Politoed, F|90/100
|-weather|RainDance|[from] ability: Drizzle|[of] p1a: Politoed
|turn|24
|
|t:|1739137337
|move|p2a: Gliscor|Protect|p2a: Gliscor
|-singleturn|p2a: Gliscor|Protect
|move|p1a: Politoed|Ice Beam|p2a: Gliscor
|-activate|p2a: Gliscor|move: Protect
|
|-weather|RainDance|[upkeep]
|-heal|p2a: Gliscor|46/100 tox|[from] ability: Poison Heal
|upkeep
|turn|25
|
|t:|1739137343
|switch|p2a: Blissey|Blissey, F|100/100
|move|p1a: Politoed|Ice Beam|p2a: Blissey
|-damage|p2a: Blissey|93/100
|
|-weather|RainDance|[upkeep]
|-heal|p2a: Blissey|99/100|[from] item: Leftovers
|upkeep
|turn|26
|
|t:|1739137355
|move|p1a: Politoed|Toxic|p2a: Blissey
|-status|p2a: Blissey|tox
|move|p2a: Blissey|Wish|p2a: Blissey
|
|-weather|RainDance|[upkeep]
|-heal|p2a: Blissey|100/100 tox|[from] item: Leftovers
|-damage|p2a: Blissey|94/100 tox|[from] psn
|upkeep
|turn|27
|
|t:|1739137367
|-curestatus|p2a: Blissey|tox|[from] ability: Natural Cure
|switch|p2a: Abomasnow|Abomasnow, M|40/100
|-weather|Hail|[from] ability: Snow Warning|[of] p2a: Abomasnow
|move|p1a: Politoed|Toxic|p2a: Abomasnow
|-status|p2a: Abomasnow|tox
|
|-weather|Hail|[upkeep]
|-damage|p1a: Politoed|84/100|[from] Hail
|-heal|p2a: Abomasnow|100/100 tox|[from] move: Wish|[wisher] Blissey
|-damage|p2a: Abomasnow|94/100 tox|[from] psn
|upkeep
|turn|28
|
|t:|1739137373
|move|p1a: Politoed|Protect|p1a: Politoed
|-singleturn|p1a: Politoed|Protect
|move|p2a: Abomasnow|Leech Seed|p1a: Politoed
|-activate|p1a: Politoed|move: Protect
|
|-weather|Hail|[upkeep]
|-damage|p1a: Politoed|77/100|[from] Hail
|-heal|p2a: Abomasnow|100/100 tox|[from] item: Leftovers
|-damage|p2a: Abomasnow|88/100 tox|[from] psn
|upkeep
|turn|29
|
|t:|1739137385
|move|p1a: Politoed|Ice Beam|p2a: Abomasnow
|-damage|p2a: Abomasnow|70/100 tox
|move|p2a: Abomasnow|Leech Seed|p1a: Politoed
|-start|p1a: Politoed|move: Leech Seed
|
|-weather|Hail|[upkeep]
|-damage|p1a: Politoed|71/100|[from] Hail
|-heal|p2a: Abomasnow|76/100 tox|[from] item: Leftovers
|-damage|p1a: Politoed|59/100|[from] Leech Seed|[of] p2a: Abomasnow
|-heal|p2a: Abomasnow|86/100 tox|[silent]
|-damage|p2a: Abomasnow|68/100 tox|[from] psn
|upkeep
|turn|30
|
|t:|1739137392
|switch|p1a: Starmie|Starmie|100/100
|-item|p1a: Starmie|Air Balloon
|switch|p2a: Blissey|Blissey, F|94/100
|
|-weather|Hail|[upkeep]
|-damage|p1a: Starmie|94/100|[from] Hail
|-damage|p2a: Blissey|88/100|[from] Hail
|-heal|p2a: Blissey|94/100|[from] item: Leftovers
|upkeep
|turn|31
|
|t:|1739137398
|switch|p1a: Keldeo|Keldeo|100/100
|move|p2a: Blissey|Seismic Toss|p1a: Keldeo
|-damage|p1a: Keldeo|70/100
|
|-weather|Hail|[upkeep]
|-damage|p1a: Keldeo|63/100|[from] Hail
|-damage|p2a: Blissey|88/100|[from] Hail
|-heal|p1a: Keldeo|70/100|[from] item: Leftovers
|-heal|p2a: Blissey|94/100|[from] item: Leftovers
|upkeep
|turn|32
|
|t:|1739137405
|move|p1a: Keldeo|Calm Mind|p1a: Keldeo
|-boost|p1a: Keldeo|spa|1
|-boost|p1a: Keldeo|spd|1
|move|p2a: Blissey|Thunder Wave|p1a: Keldeo
|-status|p1a: Keldeo|par
|
|-weather|Hail|[upkeep]
|-damage|p2a: Blissey|88/100|[from] Hail
|-damage|p1a: Keldeo|63/100 par|[from] Hail
|-heal|p2a: Blissey|94/100|[from] item: Leftovers
|-heal|p1a: Keldeo|70/100 par|[from] item: Leftovers
|upkeep
|turn|33
|
|t:|1739137419
|switch|p2a: Gliscor|Gliscor, F|46/100 tox
|cant|p1a: Keldeo|par
|
|-weather|Hail|[upkeep]
|-damage|p2a: Gliscor|40/100 tox|[from] Hail
|-damage|p1a: Keldeo|63/100 par|[from] Hail
|-heal|p1a: Keldeo|70/100 par|[from] item: Leftovers
|-heal|p2a: Gliscor|53/100 tox|[from] ability: Poison Heal
|upkeep
|turn|34
|
|t:|1739137425
|move|p2a: Gliscor|Earthquake|p1a: Keldeo
|-damage|p1a: Keldeo|34/100 par
|move|p1a: Keldeo|Hydro Pump|p2a: Gliscor
|-supereffective|p2a: Gliscor
|-damage|p2a: Gliscor|0 fnt
|faint|p2a: Gliscor
|
|-weather|Hail|[upkeep]
|-damage|p1a: Keldeo|28/100 par|[from] Hail
|-heal|p1a: Keldeo|34/100 par|[from] item: Leftovers
|upkeep
|
|t:|1739137444
|switch|p2a: Reuniclus|Reuniclus, F|100/100
|turn|35
|
|t:|1739137450
|move|p2a: Reuniclus|Psyshock|p1a: Keldeo
|-supereffective|p1a: Keldeo
|-damage|p1a: Keldeo|0 fnt
|faint|p1a: Keldeo
|
|-weather|Hail|[upkeep]
|upkeep
|
|t:|1739137453
|switch|p1a: Latios|Latios, M|95/100
|turn|36
|
|t:|1739137460
|switch|p2a: Blissey|Blissey, F|94/100
|move|p1a: Latios|Trick|p2a: Blissey
|-activate|p1a: Latios|move: Trick|[of] p2a: Blissey
|-item|p2a: Blissey|Choice Scarf|[from] move: Trick
|-item|p1a: Latios|Leftovers|[from] move: Trick
|
|-weather|Hail|[upkeep]
|-damage|p1a: Latios|89/100|[from] Hail
|-damage|p2a: Blissey|88/100|[from] Hail
|-heal|p1a: Latios|95/100|[from] item: Leftovers
|upkeep
|turn|37
|
|t:|1739137473
|switch|p1a: Starmie|Starmie|94/100
|-item|p1a: Starmie|Air Balloon
|move|p2a: Blissey|Thunder Wave|p1a: Starmie
|-status|p1a: Starmie|par
|
|-weather|Hail|[upkeep]
|-damage|p2a: Blissey|82/100|[from] Hail
|-damage|p1a: Starmie|88/100 par|[from] Hail
|upkeep
|turn|38
|
|t:|1739137482
|switch|p2a: Abomasnow|Abomasnow, M|68/100 tox
|-curestatus|p1a: Starmie|par|[from] ability: Natural Cure
|switch|p1a: Latios|Latios, M|95/100
|
|-weather|Hail|[upkeep]
|-damage|p1a: Latios|89/100|[from] Hail
|-heal|p1a: Latios|95/100|[from] item: Leftovers
|-heal|p2a: Abomasnow|74/100 tox|[from] item: Leftovers
|-damage|p2a: Abomasnow|68/100 tox|[from] psn
|upkeep
|turn|39
|
|t:|1739137489
|switch|p2a: Blissey|Blissey, F|82/100
|move|p1a: Latios|Draco Meteor|p2a: Blissey
|-damage|p2a: Blissey|53/100
|-unboost|p1a: Latios|spa|2
|
|-weather|Hail|[upkeep]
|-damage|p1a: Latios|89/100|[from] Hail
|-damage|p2a: Blissey|47/100|[from] Hail
|-heal|p1a: Latios|95/100|[from] item: Leftovers
|upkeep
|turn|40
|
|t:|1739137506
|switch|p1a: Starmie|Starmie|88/100
|-item|p1a: Starmie|Air Balloon
|move|p2a: Blissey|Soft-Boiled|p2a: Blissey
|-heal|p2a: Blissey|97/100
|
|-weather|Hail|[upkeep]
|-damage|p1a: Starmie|82/100|[from] Hail
|-damage|p2a: Blissey|91/100|[from] Hail
|upkeep
|turn|41
|
|t:|1739137530
|switch|p2a: Abomasnow|Abomasnow, M|68/100 tox
|move|p1a: Starmie|Ice Beam|p2a: Abomasnow
|-damage|p2a: Abomasnow|44/100 tox
|
|-weather|Hail|[upkeep]
|-damage|p1a: Starmie|76/100|[from] Hail
|-heal|p2a: Abomasnow|50/100 tox|[from] item: Leftovers
|-damage|p2a: Abomasnow|44/100 tox|[from] psn
|upkeep
|turn|42
|
|t:|1739137537
|move|p1a: Starmie|Ice Beam|p2a: Abomasnow
|-damage|p2a: Abomasnow|19/100 tox
|move|p2a: Abomasnow|Leech Seed|p1a: Starmie
|-start|p1a: Starmie|move: Leech Seed
|
|-weather|Hail|[upkeep]
|-damage|p1a: Starmie|70/100|[from] Hail
|-heal|p2a: Abomasnow|25/100 tox|[from] item: Leftovers
|-damage|p1a: Starmie|58/100|[from] Leech Seed|[of] p2a: Abomasnow
|-heal|p2a: Abomasnow|34/100 tox|[silent]
|-damage|p2a: Abomasnow|22/100 tox|[from] psn
|upkeep
|turn|43
|
|t:|1739137550
|switch|p2a: Blissey|Blissey, F|91/100
|move|p1a: Starmie|Rapid Spin|p2a: Blissey
|-damage|p2a: Blissey|89/100
|-end|p1a: Starmie|Leech Seed|[from] move: Rapid Spin|[of] p1a: Starmie
|
|-weather|Hail|[upkeep]
|-damage|p1a: Starmie|51/100|[from] Hail
|-damage|p2a: Blissey|82/100|[from] Hail
|upkeep
|turn|44
|
|t:|1739137561
|switch|p1a: Politoed|Politoed, F|59/100
|-weather|RainDance|[from] ability: Drizzle|[of] p1a: Politoed
|move|p2a: Blissey|Seismic Toss|p1a: Politoed
|-damage|p1a: Politoed|28/100
|
|-weather|RainDance|[upkeep]
|upkeep
|turn|45
|
|t:|1739137574
|move|p2a: Blissey|Seismic Toss|p1a: Politoed
|-damage|p1a: Politoed|0 fnt
|faint|p1a: Politoed
|
|-weather|RainDance|[upkeep]
|upkeep
|-message|Skillfullbeing forfeited.
|
|win|Charliereall
|raw|Skillfullbeing's rating: 1312 &rarr; <strong>1293</strong><br />(-19 for losing)
|raw|Charliereall's rating: 1331 &rarr; <strong>1350</strong><br />(+19 for winning)
