|j|☆leoperi99
|j|☆seanb143
|t:|1729714763
|gametype|singles
|player|p1|leoperi99|hala|1651
|player|p2|seanb143|emmet|1416
|teamsize|p1|6
|teamsize|p2|6
|gen|5
|tier|[Gen 5] OU
|rated|
|rule|Species Clause: Limit one of each Pokémon
|rule|OHKO Clause: OHKO moves are banned
|rule|Moody Clause: Moody is banned
|rule|Evasion Items Clause: Evasion items are banned
|rule|Evasion Moves Clause: Evasion moves are banned
|rule|Endless Battle Clause: Forcing endless battles is banned
|rule|HP Percentage Mod: HP is shown in percentages
|rule|Evasion Abilities Clause: Evasion abilities are banned
|rule|Sleep Moves Clause: Sleep-inducing moves are banned
|rule|Swagger Clause: Swagger is banned
|rule|Baton Pass Stat Clause: No Baton Passer may have a way to boost its stats
|clearpoke
|poke|p1|Tyranitar, F|item
|poke|p1|Gliscor, F|item
|poke|p1|Excadrill, M|item
|poke|p1|Latios, M|item
|poke|p1|Alakazam, M|item
|poke|p1|Rotom-Wash|item
|poke|p2|Heatran, M|item
|poke|p2|Jellicent, M|item
|poke|p2|Forretress, F|item
|poke|p2|Tyranitar, M|item
|poke|p2|Landorus-Therian, M|item
|poke|p2|Mamoswine, F|item
|teampreview
|inactive|Battle timer is ON: inactive players will automatically lose when time's up. (requested by seanb143)
|c|☆leoperi99|glhf
|
|t:|1729714775
|start
|switch|p1a: Rotom|Rotom-Wash|100/100
|switch|p2a: Landorus|Landorus-Therian, M, shiny|100/100
|-ability|p2a: Landorus|Intimidate|boost
|-unboost|p1a: Rotom|atk|1
|turn|1
|
|t:|1729714778
|move|p2a: Landorus|U-turn|p1a: Rotom
|-damage|p1a: Rotom|74/100
|
|t:|1729714781
|switch|p2a: Jellicent|Jellicent, M, shiny|100/100|[from] U-turn
|move|p1a: Rotom|Hydro Pump|p2a: Jellicent
|-immune|p2a: Jellicent|[from] ability: Water Absorb
|
|-heal|p1a: Rotom|80/100|[from] item: Leftovers
|upkeep
|turn|2
|
|t:|1729714784
|move|p1a: Rotom|Will-O-Wisp|p2a: Jellicent|[miss]
|-miss|p1a: Rotom|p2a: Jellicent
|move|p2a: Jellicent|Will-O-Wisp|p1a: Rotom|[miss]
|-miss|p2a: Jellicent|p1a: Rotom
|
|-heal|p1a: Rotom|86/100|[from] item: Leftovers
|upkeep
|turn|3
|
|t:|1729714795
|move|p1a: Rotom|Will-O-Wisp|p2a: Jellicent|[miss]
|-miss|p1a: Rotom|p2a: Jellicent
|move|p2a: Jellicent|Will-O-Wisp|p1a: Rotom|[miss]
|-miss|p2a: Jellicent|p1a: Rotom
|
|-heal|p1a: Rotom|93/100|[from] item: Leftovers
|upkeep
|turn|4
|
|t:|1729714800
|move|p1a: Rotom|Volt Switch|p2a: Jellicent
|-supereffective|p2a: Jellicent
|-damage|p2a: Jellicent|70/100
|
|t:|1729714804
|switch|p1a: Latios|Latios, M|100/100|[from] Volt Switch
|move|p2a: Jellicent|Will-O-Wisp|p1a: Latios
|-status|p1a: Latios|brn
|
|-heal|p2a: Jellicent|76/100|[from] item: Leftovers
|-damage|p1a: Latios|88/100 brn|[from] brn
|upkeep
|turn|5
|inactive|seanb143 has 120 seconds left.
|
|t:|1729714857
|switch|p1a: Gliscor|Gliscor, F|100/100
|switch|p2a: Heatran|Heatran, M, shiny|100/100
|
|-status|p1a: Gliscor|tox|[from] item: Toxic Orb
|upkeep
|turn|6
|
|t:|1729714870
|switch|p2a: Landorus|Landorus-Therian, M, shiny|100/100
|-ability|p2a: Landorus|Intimidate|boost
|-unboost|p1a: Gliscor|atk|1
|move|p1a: Gliscor|Earthquake|p2a: Landorus
|-immune|p2a: Landorus
|
|upkeep
|turn|7
|
|t:|1729714878
|move|p2a: Landorus|Hidden Power|p1a: Gliscor
|-supereffective|p1a: Gliscor
|-damage|p1a: Gliscor|41/100 tox
|move|p1a: Gliscor|Stealth Rock|p2a: Landorus
|-sidestart|p2: seanb143|move: Stealth Rock
|
|-heal|p1a: Gliscor|53/100 tox|[from] ability: Poison Heal
|upkeep
|turn|8
|inactive|seanb143 has 120 seconds left.
|
|t:|1729714894
|move|p1a: Gliscor|Protect|p1a: Gliscor
|-singleturn|p1a: Gliscor|Protect
|move|p2a: Landorus|Hidden Power|p1a: Gliscor
|-activate|p1a: Gliscor|move: Protect
|
|-heal|p1a: Gliscor|65/100 tox|[from] ability: Poison Heal
|upkeep
|turn|9
|
|t:|1729714900
|switch|p1a: Rotom|Rotom-Wash|93/100
|move|p2a: Landorus|Hidden Power|p1a: Rotom
|-resisted|p1a: Rotom
|-damage|p1a: Rotom|85/100
|
|-heal|p1a: Rotom|91/100|[from] item: Leftovers
|upkeep
|turn|10
|inactive|seanb143 has 120 seconds left.
|
|t:|1729714929
|switch|p2a: Heatran|Heatran, M, shiny|100/100
|-damage|p2a: Heatran|88/100|[from] Stealth Rock
|move|p1a: Rotom|Volt Switch|p2a: Heatran
|-damage|p2a: Heatran|73/100
|
|t:|1729714936
|switch|p1a: Tyranitar|Tyranitar, F|100/100|[from] Volt Switch
|-weather|Sandstorm|[from] ability: Sand Stream|[of] p1a: Tyranitar
|
|-weather|Sandstorm|[upkeep]
|-heal|p2a: Heatran|80/100|[from] item: Leftovers
|upkeep
|turn|11
|
|t:|1729714941
|move|p2a: Heatran|Stealth Rock|p1a: Tyranitar
|-sidestart|p1: leoperi99|move: Stealth Rock
|move|p1a: Tyranitar|Superpower|p2a: Heatran
|-supereffective|p2a: Heatran
|-damage|p2a: Heatran|16/100
|-unboost|p1a: Tyranitar|atk|1
|-unboost|p1a: Tyranitar|def|1
|
|-weather|Sandstorm|[upkeep]
|-heal|p2a: Heatran|23/100|[from] item: Leftovers
|upkeep
|turn|12
|
|t:|1729714948
|move|p2a: Heatran|Protect|p2a: Heatran
|-singleturn|p2a: Heatran|Protect
|move|p1a: Tyranitar|Pursuit|p2a: Heatran
|-activate|p2a: Heatran|move: Protect
|
|-weather|Sandstorm|[upkeep]
|-heal|p2a: Heatran|29/100|[from] item: Leftovers
|upkeep
|turn|13
|
|t:|1729714952
|move|p2a: Heatran|Lava Plume|p1a: Tyranitar
|-resisted|p1a: Tyranitar
|-damage|p1a: Tyranitar|94/100
|-status|p1a: Tyranitar|brn
|move|p1a: Tyranitar|Pursuit|p2a: Heatran
|-resisted|p2a: Heatran
|-damage|p2a: Heatran|26/100
|
|-weather|Sandstorm|[upkeep]
|-heal|p2a: Heatran|33/100|[from] item: Leftovers
|-damage|p1a: Tyranitar|82/100 brn|[from] brn
|upkeep
|turn|14
|
|t:|1729714959
|switch|p1a: Gliscor|Gliscor, F|65/100 tox
|-damage|p1a: Gliscor|53/100 tox|[from] Stealth Rock
|move|p2a: Heatran|Protect||[still]
|-fail|p2a: Heatran
|
|-weather|Sandstorm|[upkeep]
|-heal|p2a: Heatran|39/100|[from] item: Leftovers
|-heal|p1a: Gliscor|65/100 tox|[from] ability: Poison Heal
|upkeep
|turn|15
|
|t:|1729714962
|move|p2a: Heatran|Protect|p2a: Heatran
|-singleturn|p2a: Heatran|Protect
|move|p1a: Gliscor|Protect||[still]
|-fail|p1a: Gliscor
|
|-weather|Sandstorm|[upkeep]
|-heal|p2a: Heatran|45/100|[from] item: Leftovers
|-heal|p1a: Gliscor|78/100 tox|[from] ability: Poison Heal
|upkeep
|turn|16
|
|t:|1729714967
|switch|p2a: Landorus|Landorus-Therian, M, shiny|100/100
|-damage|p2a: Landorus|88/100|[from] Stealth Rock
|-ability|p2a: Landorus|Intimidate|boost
|-unboost|p1a: Gliscor|atk|1
|move|p1a: Gliscor|Earthquake|p2a: Landorus
|-immune|p2a: Landorus
|
|-weather|Sandstorm|[upkeep]
|-heal|p1a: Gliscor|90/100 tox|[from] ability: Poison Heal
|upkeep
|turn|17
|
|t:|1729714969
|move|p1a: Gliscor|Protect|p1a: Gliscor
|-singleturn|p1a: Gliscor|Protect
|move|p2a: Landorus|U-turn|p1a: Gliscor
|-activate|p1a: Gliscor|move: Protect
|
|-weather|Sandstorm|[upkeep]
|-heal|p1a: Gliscor|100/100 tox|[from] ability: Poison Heal
|upkeep
|turn|18
|
|t:|1729714972
|move|p2a: Landorus|U-turn|p1a: Gliscor
|-resisted|p1a: Gliscor
|-damage|p1a: Gliscor|89/100 tox
|
|t:|1729714974
|switch|p2a: Forretress|Forretress, F, shiny|100/100|[from] U-turn
|-damage|p2a: Forretress|88/100|[from] Stealth Rock
|move|p1a: Gliscor|U-turn|p2a: Forretress
|-resisted|p2a: Forretress
|-damage|p2a: Forretress|85/100
|
|t:|1729714985
|switch|p1a: Excadrill|Excadrill, M|100/100|[from] U-turn
|-damage|p1a: Excadrill|97/100|[from] Stealth Rock
|
|-weather|Sandstorm|[upkeep]
|upkeep
|turn|19
|
|t:|1729714990
|move|p1a: Excadrill|Rapid Spin|p2a: Forretress
|-resisted|p2a: Forretress
|-damage|p2a: Forretress|82/100
|-sideend|p1: leoperi99|Stealth Rock|[from] move: Rapid Spin|[of] p1a: Excadrill
|move|p2a: Forretress|Earthquake|p1a: Excadrill
|-supereffective|p1a: Excadrill
|-damage|p1a: Excadrill|8/100
|
|-weather|Sandstorm|[upkeep]
|upkeep
|turn|20
|
|t:|1729714996
|switch|p1a: Alakazam|Alakazam, M|100/100
|move|p2a: Forretress|Rapid Spin|p1a: Alakazam
|-damage|p1a: Alakazam|86/100
|-sideend|p2: seanb143|Stealth Rock|[from] move: Rapid Spin|[of] p2a: Forretress
|
|-weather|Sandstorm|[upkeep]
|upkeep
|turn|21
|
|t:|1729715003
|switch|p1a: Gliscor|Gliscor, F|89/100 tox
|switch|p2a: Heatran|Heatran, M, shiny|45/100
|
|-weather|Sandstorm|[upkeep]
|-heal|p2a: Heatran|51/100|[from] item: Leftovers
|-heal|p1a: Gliscor|100/100 tox|[from] ability: Poison Heal
|upkeep
|turn|22
|
|t:|1729715007
|switch|p2a: Mamoswine|Mamoswine, F, shiny|100/100
|move|p1a: Gliscor|Earthquake|p2a: Mamoswine
|-damage|p2a: Mamoswine|64/100
|
|-weather|Sandstorm|[upkeep]
|upkeep
|turn|23
|
|t:|1729715013
|move|p1a: Gliscor|Protect|p1a: Gliscor
|-singleturn|p1a: Gliscor|Protect
|move|p2a: Mamoswine|Icicle Spear|p1a: Gliscor
|-activate|p1a: Gliscor|move: Protect
|
|-weather|Sandstorm|[upkeep]
|upkeep
|turn|24
|
|t:|1729715019
|switch|p1a: Excadrill|Excadrill, M|8/100
|move|p2a: Mamoswine|Icicle Spear|p1a: Excadrill
|-damage|p1a: Excadrill|0 fnt
|faint|p1a: Excadrill
|-hitcount|p1: Excadrill|1
|
|-weather|Sandstorm|[upkeep]
|upkeep
|
|t:|1729715023
|switch|p1a: Tyranitar|Tyranitar, F|82/100 brn
|turn|25
|
|t:|1729715027
|-activate|p2a: Mamoswine|move: Pursuit
|move|p1a: Tyranitar|Pursuit|p2a: Mamoswine|[from]Pursuit
|-damage|p2a: Mamoswine|43/100
|switch|p2a: Landorus|Landorus-Therian, M, shiny|88/100
|-ability|p2a: Landorus|Intimidate|boost
|-unboost|p1a: Tyranitar|atk|1
|
|-weather|Sandstorm|[upkeep]
|-damage|p1a: Tyranitar|69/100 brn|[from] brn
|upkeep
|turn|26
|
|t:|1729715031
|switch|p1a: Gliscor|Gliscor, F|100/100 tox
|move|p2a: Landorus|U-turn|p1a: Gliscor
|-resisted|p1a: Gliscor
|-damage|p1a: Gliscor|90/100 tox
|
|t:|1729715033
|switch|p2a: Mamoswine|Mamoswine, F, shiny|43/100|[from] U-turn
|
|-weather|Sandstorm|[upkeep]
|-heal|p1a: Gliscor|100/100 tox|[from] ability: Poison Heal
|upkeep
|turn|27
|
|t:|1729715039
|move|p1a: Gliscor|Protect|p1a: Gliscor
|-singleturn|p1a: Gliscor|Protect
|move|p2a: Mamoswine|Icicle Spear|p1a: Gliscor
|-activate|p1a: Gliscor|move: Protect
|
|-weather|Sandstorm|[upkeep]
|upkeep
|turn|28
|
|t:|1729715044
|switch|p1a: Rotom|Rotom-Wash|91/100
|move|p2a: Mamoswine|Icicle Spear|p1a: Rotom
|-resisted|p1a: Rotom
|-damage|p1a: Rotom|85/100
|-resisted|p1a: Rotom
|-damage|p1a: Rotom|79/100
|-resisted|p1a: Rotom
|-damage|p1a: Rotom|73/100
|-hitcount|p1a: Rotom|3
|
|-weather|Sandstorm|[upkeep]
|-damage|p1a: Rotom|67/100|[from] Sandstorm
|-heal|p1a: Rotom|73/100|[from] item: Leftovers
|upkeep
|turn|29
|
|t:|1729715056
|switch|p2a: Tyranitar|Tyranitar, M, shiny|100/100
|move|p1a: Rotom|Will-O-Wisp|p2a: Tyranitar|[miss]
|-miss|p1a: Rotom|p2a: Tyranitar
|
|-weather|Sandstorm|[upkeep]
|-damage|p1a: Rotom|67/100|[from] Sandstorm
|-heal|p1a: Rotom|73/100|[from] item: Leftovers
|upkeep
|turn|30
|
|t:|1729715063
|move|p2a: Tyranitar|Crunch|p1a: Rotom
|-damage|p1a: Rotom|33/100
|-unboost|p1a: Rotom|def|1
|move|p1a: Rotom|Will-O-Wisp|p2a: Tyranitar
|-status|p2a: Tyranitar|brn
|
|-weather|Sandstorm|[upkeep]
|-damage|p1a: Rotom|27/100|[from] Sandstorm
|-heal|p1a: Rotom|33/100|[from] item: Leftovers
|-damage|p2a: Tyranitar|88/100 brn|[from] brn
|upkeep
|turn|31
|
|t:|1729715066
|move|p2a: Tyranitar|Crunch|p1a: Rotom
|-damage|p1a: Rotom|8/100
|-unboost|p1a: Rotom|def|1
|move|p1a: Rotom|Pain Split|p2a: Tyranitar
|-sethp|p2a: Tyranitar|47/100 brn|[from] move: Pain Split|[silent]
|-sethp|p1a: Rotom|53/100|[from] move: Pain Split
|
|-weather|Sandstorm|[upkeep]
|-damage|p1a: Rotom|47/100|[from] Sandstorm
|-heal|p1a: Rotom|53/100|[from] item: Leftovers
|-damage|p2a: Tyranitar|35/100 brn|[from] brn
|upkeep
|turn|32
|
|t:|1729715070
|switch|p1a: Gliscor|Gliscor, F|100/100 tox
|move|p2a: Tyranitar|Crunch|p1a: Gliscor
|-damage|p1a: Gliscor|84/100 tox
|
|-weather|Sandstorm|[upkeep]
|-heal|p1a: Gliscor|97/100 tox|[from] ability: Poison Heal
|-damage|p2a: Tyranitar|23/100 brn|[from] brn
|upkeep
|turn|33
|
|t:|1729715076
|switch|p2a: Mamoswine|Mamoswine, F, shiny|43/100
|move|p1a: Gliscor|Stealth Rock|p2a: Mamoswine
|-sidestart|p2: seanb143|move: Stealth Rock
|
|-weather|Sandstorm|[upkeep]
|-heal|p1a: Gliscor|100/100 tox|[from] ability: Poison Heal
|upkeep
|turn|34
|
|t:|1729715083
|move|p1a: Gliscor|Protect|p1a: Gliscor
|-singleturn|p1a: Gliscor|Protect
|move|p2a: Mamoswine|Icicle Spear|p1a: Gliscor
|-activate|p1a: Gliscor|move: Protect
|
|-weather|Sandstorm|[upkeep]
|upkeep
|turn|35
|
|t:|1729715092
|switch|p1a: Tyranitar|Tyranitar, F|69/100 brn
|move|p2a: Mamoswine|Icicle Spear|p1a: Tyranitar
|-damage|p1a: Tyranitar|58/100 brn
|-damage|p1a: Tyranitar|47/100 brn
|-damage|p1a: Tyranitar|35/100 brn
|-hitcount|p1a: Tyranitar|3
|
|-weather|Sandstorm|[upkeep]
|-damage|p1a: Tyranitar|23/100 brn|[from] brn
|upkeep
|turn|36
|
|t:|1729715102
|move|p2a: Mamoswine|Icicle Spear|p1a: Tyranitar
|-damage|p1a: Tyranitar|12/100 brn
|-crit|p1a: Tyranitar
|-damage|p1a: Tyranitar|0 fnt
|faint|p1a: Tyranitar
|-hitcount|p1: Tyranitar|2
|
|-weather|Sandstorm|[upkeep]
|upkeep
|
|t:|1729715104
|switch|p1a: Rotom|Rotom-Wash|53/100
|turn|37
|
|t:|1729715112
|switch|p2a: Jellicent|Jellicent, M, shiny|76/100
|-damage|p2a: Jellicent|64/100|[from] Stealth Rock
|move|p1a: Rotom|Volt Switch|p2a: Jellicent
|-supereffective|p2a: Jellicent
|-damage|p2a: Jellicent|32/100
|
|t:|1729715123
|switch|p1a: Alakazam|Alakazam, M|86/100|[from] Volt Switch
|
|-weather|Sandstorm|[upkeep]
|-damage|p2a: Jellicent|26/100|[from] Sandstorm
|-heal|p2a: Jellicent|32/100|[from] item: Leftovers
|upkeep
|turn|38
|
|t:|1729715128
|switch|p2a: Heatran|Heatran, M, shiny|51/100
|-damage|p2a: Heatran|39/100|[from] Stealth Rock
|move|p1a: Alakazam|Grass Knot|p2a: Heatran
|-resisted|p2a: Heatran
|-damage|p2a: Heatran|30/100
|
|-weather|Sandstorm|[upkeep]
|-heal|p2a: Heatran|36/100|[from] item: Leftovers
|upkeep
|turn|39
|
|t:|1729715131
|switch|p1a: Gliscor|Gliscor, F|100/100 tox
|move|p2a: Heatran|Stealth Rock|p1a: Gliscor
|-sidestart|p1: leoperi99|move: Stealth Rock
|
|-weather|Sandstorm|[upkeep]
|-heal|p2a: Heatran|42/100|[from] item: Leftovers
|upkeep
|turn|40
|
|t:|1729715137
|move|p2a: Heatran|Protect|p2a: Heatran
|-singleturn|p2a: Heatran|Protect
|move|p1a: Gliscor|Earthquake|p2a: Heatran
|-activate|p2a: Heatran|move: Protect
|
|-weather|Sandstorm|[upkeep]
|-heal|p2a: Heatran|49/100|[from] item: Leftovers
|upkeep
|turn|41
|
|t:|1729715143
|move|p1a: Gliscor|U-turn|p2a: Heatran
|-resisted|p2a: Heatran
|-damage|p2a: Heatran|45/100
|
|t:|1729715146
|switch|p1a: Latios|Latios, M|88/100 brn|[from] U-turn
|-damage|p1a: Latios|76/100 brn|[from] Stealth Rock
|move|p2a: Heatran|Roar|p1a: Latios
|drag|p1a: Rotom|Rotom-Wash|53/100
|-damage|p1a: Rotom|41/100|[from] Stealth Rock
|
|-weather|Sandstorm|[upkeep]
|-damage|p1a: Rotom|34/100|[from] Sandstorm
|-heal|p1a: Rotom|41/100|[from] item: Leftovers
|-heal|p2a: Heatran|52/100|[from] item: Leftovers
|upkeep
|turn|42
|
|t:|1729715156
|move|p2a: Heatran|Protect|p2a: Heatran
|-singleturn|p2a: Heatran|Protect
|move|p1a: Rotom|Volt Switch|p2a: Heatran
|-activate|p2a: Heatran|move: Protect
|
|-weather|Sandstorm|[upkeep]
|-damage|p1a: Rotom|34/100|[from] Sandstorm
|-heal|p1a: Rotom|41/100|[from] item: Leftovers
|-heal|p2a: Heatran|58/100|[from] item: Leftovers
|upkeep
|turn|43
|
|t:|1729715162
|switch|p2a: Jellicent|Jellicent, M, shiny|32/100
|-damage|p2a: Jellicent|20/100|[from] Stealth Rock
|move|p1a: Rotom|Pain Split|p2a: Jellicent
|-sethp|p2a: Jellicent|25/100|[from] move: Pain Split|[silent]
|-sethp|p1a: Rotom|33/100|[from] move: Pain Split
|
|-weather|Sandstorm|[upkeep]
|-damage|p1a: Rotom|27/100|[from] Sandstorm
|-damage|p2a: Jellicent|19/100|[from] Sandstorm
|-heal|p1a: Rotom|33/100|[from] item: Leftovers
|-heal|p2a: Jellicent|25/100|[from] item: Leftovers
|upkeep
|turn|44
|
|t:|1729715170
|move|p1a: Rotom|Volt Switch|p2a: Jellicent
|-supereffective|p2a: Jellicent
|-damage|p2a: Jellicent|0 fnt
|faint|p2a: Jellicent
|
|t:|1729715173
|switch|p1a: Gliscor|Gliscor, F|100/100 tox|[from] Volt Switch
|-damage|p1a: Gliscor|88/100 tox|[from] Stealth Rock
|
|-weather|Sandstorm|[upkeep]
|-heal|p1a: Gliscor|100/100 tox|[from] ability: Poison Heal
|upkeep
|
|t:|1729715183
|switch|p2a: Forretress|Forretress, F, shiny|82/100
|-damage|p2a: Forretress|69/100|[from] Stealth Rock
|turn|45
|
|t:|1729715186
|move|p1a: Gliscor|Earthquake|p2a: Forretress
|-crit|p2a: Forretress
|-damage|p2a: Forretress|25/100
|move|p2a: Forretress|Rapid Spin|p1a: Gliscor
|-damage|p1a: Gliscor|96/100 tox
|-sideend|p2: seanb143|Stealth Rock|[from] move: Rapid Spin|[of] p2a: Forretress
|
|-weather|Sandstorm|[upkeep]
|-heal|p1a: Gliscor|100/100 tox|[from] ability: Poison Heal
|upkeep
|turn|46
|-enditem|p2a: Forretress|Custap Berry|[eat]
|-activate|p2a: Forretress|item: Custap Berry|[consumed]
|
|t:|1729715191
|move|p2a: Forretress|Rapid Spin|p1a: Gliscor
|-damage|p1a: Gliscor|95/100 tox
|move|p1a: Gliscor|Earthquake|p2a: Forretress
|-damage|p2a: Forretress|2/100
|
|-weather|Sandstorm|[upkeep]
|-heal|p1a: Gliscor|100/100 tox|[from] ability: Poison Heal
|upkeep
|turn|47
|
|t:|1729715195
|move|p1a: Gliscor|Stealth Rock|p2a: Forretress
|-sidestart|p2: seanb143|move: Stealth Rock
|move|p2a: Forretress|Rapid Spin|p1a: Gliscor
|-damage|p1a: Gliscor|96/100 tox
|-sideend|p2: seanb143|Stealth Rock|[from] move: Rapid Spin|[of] p2a: Forretress
|
|-weather|Sandstorm|[upkeep]
|-heal|p1a: Gliscor|100/100 tox|[from] ability: Poison Heal
|upkeep
|turn|48
|
|t:|1729715202
|move|p1a: Gliscor|U-turn|p2a: Forretress
|-resisted|p2a: Forretress
|-damage|p2a: Forretress|0 fnt
|faint|p2a: Forretress
|
|t:|1729715206
|switch|p1a: Latios|Latios, M|76/100 brn|[from] U-turn
|-damage|p1a: Latios|64/100 brn|[from] Stealth Rock
|
|-weather|Sandstorm|[upkeep]
|-damage|p1a: Latios|58/100 brn|[from] Sandstorm
|-damage|p1a: Latios|45/100 brn|[from] brn
|upkeep
|
|t:|1729715222
|switch|p2a: Heatran|Heatran, M, shiny|58/100
|turn|49
|
|t:|1729715230
|move|p1a: Latios|Roost|p1a: Latios
|-heal|p1a: Latios|96/100 brn
|-singleturn|p1a: Latios|move: Roost
|move|p2a: Heatran|Lava Plume|p1a: Latios
|-resisted|p1a: Latios
|-damage|p1a: Latios|77/100 brn
|
|-weather|Sandstorm|[upkeep]
|-damage|p1a: Latios|71/100 brn|[from] Sandstorm
|-heal|p2a: Heatran|64/100|[from] item: Leftovers
|-damage|p1a: Latios|58/100 brn|[from] brn
|upkeep
|turn|50
|
|t:|1729715235
|switch|p1a: Gliscor|Gliscor, F|100/100 tox
|-damage|p1a: Gliscor|88/100 tox|[from] Stealth Rock
|move|p2a: Heatran|Roar|p1a: Gliscor
|drag|p1a: Latios|Latios, M|58/100 brn
|-damage|p1a: Latios|46/100 brn|[from] Stealth Rock
|
|-weather|Sandstorm|[upkeep]
|-damage|p1a: Latios|40/100 brn|[from] Sandstorm
|-heal|p2a: Heatran|70/100|[from] item: Leftovers
|-damage|p1a: Latios|28/100 brn|[from] brn
|upkeep
|turn|51
|
|t:|1729715243
|move|p1a: Latios|Roost|p1a: Latios
|-heal|p1a: Latios|78/100 brn
|-singleturn|p1a: Latios|move: Roost
|move|p2a: Heatran|Lava Plume|p1a: Latios
|-resisted|p1a: Latios
|-damage|p1a: Latios|59/100 brn
|
|-weather|Sandstorm|[upkeep]
|-damage|p1a: Latios|53/100 brn|[from] Sandstorm
|-heal|p2a: Heatran|76/100|[from] item: Leftovers
|-damage|p1a: Latios|41/100 brn|[from] brn
|upkeep
|turn|52
|
|t:|1729715249
|switch|p2a: Tyranitar|Tyranitar, M, shiny|23/100 brn
|move|p1a: Latios|Roost|p1a: Latios
|-heal|p1a: Latios|91/100 brn
|-singleturn|p1a: Latios|move: Roost
|
|-weather|Sandstorm|[upkeep]
|-damage|p1a: Latios|85/100 brn|[from] Sandstorm
|-damage|p2a: Tyranitar|10/100 brn|[from] brn
|-damage|p1a: Latios|73/100 brn|[from] brn
|upkeep
|turn|53
|
|t:|1729715253
|move|p2a: Tyranitar|Ice Beam|p1a: Latios
|-supereffective|p1a: Latios
|-damage|p1a: Latios|30/100 brn
|move|p1a: Latios|Roost|p1a: Latios
|-heal|p1a: Latios|80/100 brn
|-singleturn|p1a: Latios|move: Roost
|
|-weather|Sandstorm|[upkeep]
|-damage|p1a: Latios|74/100 brn|[from] Sandstorm
|-damage|p2a: Tyranitar|0 fnt|[from] brn
|faint|p2a: Tyranitar
|-damage|p1a: Latios|62/100 brn|[from] brn
|upkeep
|
|t:|1729715256
|switch|p2a: Landorus|Landorus-Therian, M, shiny|88/100
|-ability|p2a: Landorus|Intimidate|boost
|-unboost|p1a: Latios|atk|1
|turn|54
|
|t:|1729715261
|switch|p1a: Gliscor|Gliscor, F|88/100 tox
|-damage|p1a: Gliscor|76/100 tox|[from] Stealth Rock
|move|p2a: Landorus|U-turn|p1a: Gliscor
|-resisted|p1a: Gliscor
|-damage|p1a: Gliscor|64/100 tox
|
|t:|1729715264
|switch|p2a: Mamoswine|Mamoswine, F, shiny|43/100|[from] U-turn
|
|-weather|Sandstorm|[upkeep]
|-heal|p1a: Gliscor|77/100 tox|[from] ability: Poison Heal
|upkeep
|turn|55
|
|t:|1729715266
|move|p1a: Gliscor|Protect|p1a: Gliscor
|-singleturn|p1a: Gliscor|Protect
|move|p2a: Mamoswine|Icicle Spear|p1a: Gliscor
|-activate|p1a: Gliscor|move: Protect
|
|-weather|Sandstorm|[upkeep]
|-heal|p1a: Gliscor|89/100 tox|[from] ability: Poison Heal
|upkeep
|turn|56
|
|t:|1729715285
|switch|p1a: Latios|Latios, M|62/100 brn
|-damage|p1a: Latios|50/100 brn|[from] Stealth Rock
|move|p2a: Mamoswine|Icicle Spear|p1a: Latios
|-supereffective|p1a: Latios
|-damage|p1a: Latios|13/100 brn
|-supereffective|p1a: Latios
|-damage|p1a: Latios|0 fnt
|faint|p1a: Latios
|-hitcount|p1: Latios|2
|
|-weather|Sandstorm|[upkeep]
|upkeep
|
|t:|1729715286
|switch|p1a: Alakazam|Alakazam, M|86/100
|turn|57
|
|t:|1729715301
|switch|p2a: Heatran|Heatran, M, shiny|76/100
|move|p1a: Alakazam|Psyshock|p2a: Heatran
|-resisted|p2a: Heatran
|-damage|p2a: Heatran|53/100
|
|-weather|Sandstorm|[upkeep]
|-heal|p2a: Heatran|59/100|[from] item: Leftovers
|upkeep
|turn|58
|
|t:|1729715309
|switch|p1a: Gliscor|Gliscor, F|89/100 tox
|-damage|p1a: Gliscor|77/100 tox|[from] Stealth Rock
|switch|p2a: Landorus|Landorus-Therian, M, shiny|88/100
|-ability|p2a: Landorus|Intimidate|boost
|-unboost|p1a: Gliscor|atk|1
|
|-weather|Sandstorm|[upkeep]
|-heal|p1a: Gliscor|89/100 tox|[from] ability: Poison Heal
|upkeep
|turn|59
|
|t:|1729715311
|move|p2a: Landorus|Hidden Power|p1a: Gliscor
|-supereffective|p1a: Gliscor
|-damage|p1a: Gliscor|27/100 tox
|move|p1a: Gliscor|Stealth Rock|p2a: Landorus
|-sidestart|p2: seanb143|move: Stealth Rock
|
|-weather|Sandstorm|[upkeep]
|-heal|p1a: Gliscor|39/100 tox|[from] ability: Poison Heal
|upkeep
|turn|60
|
|t:|1729715317
|move|p1a: Gliscor|Protect|p1a: Gliscor
|-singleturn|p1a: Gliscor|Protect
|move|p2a: Landorus|Hidden Power|p1a: Gliscor
|-activate|p1a: Gliscor|move: Protect
|
|-weather|Sandstorm|[upkeep]
|-heal|p1a: Gliscor|52/100 tox|[from] ability: Poison Heal
|upkeep
|turn|61
|
|t:|1729715326
|switch|p1a: Alakazam|Alakazam, M|86/100
|move|p2a: Landorus|Hidden Power|p1a: Alakazam
|-damage|p1a: Alakazam|62/100
|
|-weather|Sandstorm|[upkeep]
|upkeep
|turn|62
|
|t:|1729715340
|switch|p2a: Heatran|Heatran, M, shiny|59/100
|-damage|p2a: Heatran|46/100|[from] Stealth Rock
|move|p1a: Alakazam|Psyshock|p2a: Heatran
|-resisted|p2a: Heatran
|-damage|p2a: Heatran|23/100
|
|-weather|Sandstorm|[upkeep]
|-heal|p2a: Heatran|29/100|[from] item: Leftovers
|upkeep
|turn|63
|
|t:|1729715353
|move|p1a: Alakazam|Psyshock|p2a: Heatran
|-resisted|p2a: Heatran
|-damage|p2a: Heatran|5/100
|move|p2a: Heatran|Lava Plume|p1a: Alakazam
|-damage|p1a: Alakazam|6/100
|
|-weather|Sandstorm|[upkeep]
|-heal|p2a: Heatran|11/100|[from] item: Leftovers
|upkeep
|turn|64
|
|t:|1729715357
|move|p1a: Alakazam|Psyshock|p2a: Heatran
|-resisted|p2a: Heatran
|-damage|p2a: Heatran|0 fnt
|faint|p2a: Heatran
|
|-weather|Sandstorm|[upkeep]
|upkeep
|
|t:|1729715360
|switch|p2a: Landorus|Landorus-Therian, M, shiny|88/100
|-damage|p2a: Landorus|76/100|[from] Stealth Rock
|-ability|p2a: Landorus|Intimidate|boost
|-unboost|p1a: Alakazam|atk|1
|turn|65
|
|t:|1729715363
|move|p2a: Landorus|U-turn|p1a: Alakazam
|-supereffective|p1a: Alakazam
|-damage|p1a: Alakazam|0 fnt
|faint|p1a: Alakazam
|
|t:|1729715365
|switch|p2a: Mamoswine|Mamoswine, F, shiny|43/100|[from] U-turn
|-damage|p2a: Mamoswine|30/100|[from] Stealth Rock
|
|-weather|Sandstorm|[upkeep]
|upkeep
|
|t:|1729715372
|switch|p1a: Rotom|Rotom-Wash|33/100
|-damage|p1a: Rotom|21/100|[from] Stealth Rock
|turn|66
|
|t:|1729715381
|move|p2a: Mamoswine|Superpower|p1a: Rotom
|-damage|p1a: Rotom|0 fnt
|-unboost|p2a: Mamoswine|atk|1
|-unboost|p2a: Mamoswine|def|1
|faint|p1a: Rotom
|
|-weather|Sandstorm|[upkeep]
|upkeep
|
|t:|1729715383
|switch|p1a: Gliscor|Gliscor, F|52/100 tox
|-damage|p1a: Gliscor|39/100 tox|[from] Stealth Rock
|turn|67
|
|t:|1729715385
|switch|p2a: Landorus|Landorus-Therian, M, shiny|76/100
|-damage|p2a: Landorus|64/100|[from] Stealth Rock
|-ability|p2a: Landorus|Intimidate|boost
|-unboost|p1a: Gliscor|atk|1
|move|p1a: Gliscor|U-turn|p2a: Landorus
|-resisted|p2a: Landorus
|-damage|p2a: Landorus|58/100
|
|-weather|Sandstorm|[upkeep]
|-heal|p1a: Gliscor|52/100 tox|[from] ability: Poison Heal
|upkeep
|turn|68
|c|☆leoperi99|gg wp
|
|t:|1729715388
|move|p1a: Gliscor|Protect|p1a: Gliscor
|-singleturn|p1a: Gliscor|Protect
|move|p2a: Landorus|Hidden Power|p1a: Gliscor
|-activate|p1a: Gliscor|move: Protect
|
|-weather|Sandstorm|[upkeep]
|-heal|p1a: Gliscor|64/100 tox|[from] ability: Poison Heal
|upkeep
|turn|69
|
|t:|1729715389
|move|p1a: Gliscor|Protect||[still]
|-fail|p1a: Gliscor
|move|p2a: Landorus|Hidden Power|p1a: Gliscor
|-supereffective|p1a: Gliscor
|-damage|p1a: Gliscor|2/100 tox
|
|-weather|Sandstorm|[upkeep]
|-heal|p1a: Gliscor|15/100 tox|[from] ability: Poison Heal
|upkeep
|turn|70
|
|t:|1729715392
|move|p1a: Gliscor|Protect|p1a: Gliscor
|-singleturn|p1a: Gliscor|Protect
|move|p2a: Landorus|Hidden Power|p1a: Gliscor
|-activate|p1a: Gliscor|move: Protect
|
|-weather|Sandstorm|[upkeep]
|-heal|p1a: Gliscor|27/100 tox|[from] ability: Poison Heal
|upkeep
|turn|71
|
|t:|1729715393
|move|p1a: Gliscor|Protect|p1a: Gliscor
|-singleturn|p1a: Gliscor|Protect
|move|p2a: Landorus|Hidden Power|p1a: Gliscor
|-activate|p1a: Gliscor|move: Protect
|
|-weather|Sandstorm|[upkeep]
|-heal|p1a: Gliscor|39/100 tox|[from] ability: Poison Heal
|upkeep
|turn|72
|
|t:|1729715401
|move|p2a: Landorus|Hidden Power|p1a: Gliscor
|-supereffective|p1a: Gliscor
|-damage|p1a: Gliscor|0 fnt
|faint|p1a: Gliscor
|
|win|seanb143
|raw|leoperi99's rating: 1651 &rarr; <strong>1619</strong><br />(-32 for losing)
|raw|seanb143's rating: 1416 &rarr; <strong>1448</strong><br />(+32 for winning)
