|j|☆Meme Papi
|j|☆chimp50
|t:|1707319166
|gametype|singles
|player|p1|Meme Papi|hilbert|1318
|player|p2|chimp50|janitor|1449
|teamsize|p1|6
|teamsize|p2|6
|gen|5
|tier|[Gen 5] OU
|rated|
|rule|Species Clause: Limit one of each Pokémon
|rule|OHKO Clause: OHKO moves are banned
|rule|Moody Clause: Moody is banned
|rule|Evasion Items Clause: Evasion items are banned
|rule|Evasion Moves Clause: Evasion moves are banned
|rule|Endless Battle Clause: Forcing endless battles is banned
|rule|HP Percentage Mod: HP is shown in percentages
|rule|Evasion Abilities Clause: Evasion abilities are banned
|rule|Sleep Moves Clause: Sleep-inducing moves are banned
|rule|Swagger Clause: Swagger is banned
|rule|Baton Pass Stat Clause: No Baton Passer may have a way to boost its stats
|clearpoke
|poke|p1|Metagross|item
|poke|p1|Magnezone|item
|poke|p1|Kyurem-Black|item
|poke|p1|Latios, M|item
|poke|p1|Reuniclus, M|item
|poke|p1|Heatran, M|item
|poke|p2|Latios, M|item
|poke|p2|Politoed, M|item
|poke|p2|Tentacruel, M|item
|poke|p2|Ferrothorn, F|item
|poke|p2|Jirachi|item
|poke|p2|Thundurus-Therian, M|item
|teampreview
|inactive|Battle timer is ON: inactive players will automatically lose when time's up. (requested by Meme Papi)
|
|t:|1707319184
|start
|switch|p1a: Kyurem|Kyurem-Black|100/100
|switch|p2a: Politoed|Politoed, M|100/100
|-ability|p1a: Kyurem|Teravolt
|-weather|RainDance|[from] ability: Drizzle|[of] p2a: Politoed
|turn|1
|
|t:|1707319188
|move|p2a: Politoed|Protect|p2a: Politoed
|-singleturn|p2a: Politoed|Protect
|move|p1a: Kyurem|Fusion Bolt|p2a: Politoed
|-activate|p2a: Politoed|move: Protect
|
|-weather|RainDance|[upkeep]
|upkeep
|turn|2
|
|t:|1707319193
|switch|p1a: Magnezone|Magnezone|100/100
|-item|p1a: Magnezone|Air Balloon
|move|p2a: Politoed|Scald|p1a: Magnezone
|-damage|p1a: Magnezone|50/100
|-enditem|p1a: Magnezone|Air Balloon
|
|-weather|RainDance|[upkeep]
|upkeep
|turn|3
|inactive|chimp50 has 120 seconds left.
|
|t:|1707319236
|switch|p1a: Reuniclus|Reuniclus, M|100/100
|switch|p2a: Latios|Latios, M|100/100
|
|-weather|RainDance|[upkeep]
|upkeep
|turn|4
|
|t:|1707319251
|move|p2a: Latios|Surf|p1a: Reuniclus
|-damage|p1a: Reuniclus|42/100
|move|p1a: Reuniclus|Recover|p1a: Reuniclus
|-heal|p1a: Reuniclus|92/100
|
|-weather|RainDance|[upkeep]
|upkeep
|turn|5
|inactive|chimp50 has 120 seconds left.
|
|t:|1707319262
|switch|p1a: Latios|Latios, M|100/100
|move|p2a: Latios|Surf|p1a: Latios
|-resisted|p1a: Latios
|-damage|p1a: Latios|64/100
|
|-weather|RainDance|[upkeep]
|upkeep
|turn|6
|
|t:|1707319270
|switch|p2a: Jirachi|Jirachi|100/100
|move|p1a: Latios|Draco Meteor|p2a: Jirachi
|-resisted|p2a: Jirachi
|-damage|p2a: Jirachi|68/100
|-unboost|p1a: Latios|spa|2
|
|-weather|RainDance|[upkeep]
|upkeep
|turn|7
|
|t:|1707319278
|switch|p1a: Metagross|Metagross|100/100
|move|p2a: Jirachi|U-turn|p1a: Metagross
|-damage|p1a: Metagross|85/100
|inactive|chimp50 has 120 seconds left.
|inactive|chimp50 has 90 seconds left.
|
|t:|1707319333
|switch|p2a: Thundurus|Thundurus-Therian, M|100/100|[from] U-turn
|
|-weather|RainDance|[upkeep]
|-heal|p1a: Metagross|91/100|[from] item: Leftovers
|upkeep
|turn|8
|
|t:|1707319340
|move|p2a: Thundurus|Thunder|p1a: Metagross
|-damage|p1a: Metagross|13/100
|move|p1a: Metagross|Zen Headbutt|p2a: Thundurus|[miss]
|-miss|p1a: Metagross|p2a: Thundurus
|
|-weather|RainDance|[upkeep]
|-heal|p1a: Metagross|19/100|[from] item: Leftovers
|upkeep
|turn|9
|
|t:|1707319348
|move|p1a: Metagross|Bullet Punch|p2a: Thundurus
|-resisted|p2a: Thundurus
|-damage|p2a: Thundurus|82/100
|move|p2a: Thundurus|Thunder|p1a: Metagross
|-damage|p1a: Metagross|0 fnt
|faint|p1a: Metagross
|
|-weather|RainDance|[upkeep]
|-heal|p2a: Thundurus|89/100|[from] item: Leftovers
|upkeep
|
|t:|1707319360
|switch|p1a: Latios|Latios, M|64/100
|turn|10
|
|t:|1707319367
|switch|p2a: Ferrothorn|Ferrothorn, F|100/100
|move|p1a: Latios|Draco Meteor|p2a: Ferrothorn
|-resisted|p2a: Ferrothorn
|-damage|p2a: Ferrothorn|75/100
|-unboost|p1a: Latios|spa|2
|
|-weather|RainDance|[upkeep]
|-heal|p2a: Ferrothorn|82/100|[from] item: Leftovers
|upkeep
|turn|11
|inactive|chimp50 has 120 seconds left.
|
|t:|1707319373
|switch|p1a: Magnezone|Magnezone|50/100
|move|p2a: Ferrothorn|Leech Seed|p1a: Magnezone
|-start|p1a: Magnezone|move: Leech Seed
|
|-weather|RainDance|[upkeep]
|-heal|p2a: Ferrothorn|88/100|[from] item: Leftovers
|-damage|p1a: Magnezone|38/100|[from] Leech Seed|[of] p2a: Ferrothorn
|-heal|p2a: Ferrothorn|98/100|[silent]
|upkeep
|turn|12
|
|t:|1707319376
|move|p1a: Magnezone|Sunny Day|p1a: Magnezone
|-weather|SunnyDay
|move|p2a: Ferrothorn|Stealth Rock|p1a: Magnezone
|-sidestart|p1: Meme Papi|move: Stealth Rock
|
|-weather|SunnyDay|[upkeep]
|-heal|p2a: Ferrothorn|100/100|[from] item: Leftovers
|-damage|p1a: Magnezone|25/100|[from] Leech Seed|[of] p2a: Ferrothorn
|upkeep
|turn|13
|
|t:|1707319379
|move|p2a: Ferrothorn|Protect|p2a: Ferrothorn
|-singleturn|p2a: Ferrothorn|Protect
|move|p1a: Magnezone|Hidden Power|p2a: Ferrothorn
|-activate|p2a: Ferrothorn|move: Protect
|
|-weather|SunnyDay|[upkeep]
|-damage|p1a: Magnezone|13/100|[from] Leech Seed|[of] p2a: Ferrothorn
|upkeep
|turn|14
|
|t:|1707319381
|move|p2a: Ferrothorn|Protect|p2a: Ferrothorn
|-singleturn|p2a: Ferrothorn|Protect
|move|p1a: Magnezone|Hidden Power|p2a: Ferrothorn
|-activate|p2a: Ferrothorn|move: Protect
|
|-weather|SunnyDay|[upkeep]
|-damage|p1a: Magnezone|0 fnt|[from] Leech Seed|[of] p2a: Ferrothorn
|faint|p1a: Magnezone
|upkeep
|-message|Meme Papi forfeited.
|
|win|chimp50
|raw|Meme Papi's rating: 1318 &rarr; <strong>1305</strong><br />(-13 for losing)
|raw|chimp50's rating: 1449 &rarr; <strong>1462</strong><br />(+13 for winning)
|l|☆Meme Papi
|player|p1|
