|j|☆A1addin
|j|☆Gh0st of Perdition
|player|p1|A1addin|siebold|1354
|player|p2|Gh0st of Perdition|guitarist-gen4|1474
|teamsize|p1|6
|teamsize|p2|6
|gametype|singles
|gen|5
|tier|[Gen 5] OU
|rated|
|clearpoke
|poke|p1|Politoed, F|item
|poke|p1|Ferrothorn, M|item
|poke|p1|Jirachi|item
|poke|p1|Thundurus-Therian, M|item
|poke|p1|Tentacruel, M|item
|poke|p1|Tornadus, M|item
|poke|p2|Politoed, F|item
|poke|p2|Tentacruel, M|item
|poke|p2|Ferrothorn, M|item
|poke|p2|Thundurus-Therian, M|item
|poke|p2|Scizor, F|item
|poke|p2|Kyurem|item
|rule|Species Clause: Limit one of each Pokémon
|rule|OHKO Clause: OHKO moves are banned
|rule|Moody Clause: Moody is banned
|rule|Evasion Moves Clause: Evasion moves are banned
|rule|Endless Battle Clause: Forcing endless battles is banned
|rule|HP Percentage Mod: HP is shown in percentages
|rule|Evasion Abilities Clause: Evasion abilities are banned
|rule|Baton Pass Clause: Limit one Baton Passer, can't pass Spe and other stats simultaneously
|rule|Sleep Clause: Sleep-inducing moves are banned
|rule|Swagger Clause: Swagger is banned
|teampreview
|inactive|Battle timer is ON: inactive players will automatically lose when time's up. (requested by A1addin)
|j| ShadowAssassinzz
|l| ShadowAssassinzz
|
|start
|switch|p1a: Tornadus|Tornadus, M|100/100
|switch|p2a: Thundurus|Thundurus-Therian, M|100/100
|turn|1
|
|move|p1a: Tornadus|U-turn|p2a: Thundurus
|-resisted|p2a: Thundurus
|-damage|p2a: Thundurus|90/100
|
|switch|p1a: Jirachi|Jirachi|100/100|[from]move: U-turn
|move|p2a: Thundurus|Thunder|p1a: Jirachi
|-damage|p1a: Jirachi|63/100
|
|-heal|p2a: Thundurus|97/100|[from] item: Leftovers
|-heal|p1a: Jirachi|69/100|[from] item: Leftovers
|upkeep
|turn|2
|
|move|p2a: Thundurus|Substitute|p2a: Thundurus
|-start|p2a: Thundurus|Substitute
|-damage|p2a: Thundurus|72/100
|move|p1a: Jirachi|Body Slam|p2a: Thundurus
|-activate|p2a: Thundurus|Substitute|[damage]
|
|-heal|p2a: Thundurus|78/100|[from] item: Leftovers
|-heal|p1a: Jirachi|75/100|[from] item: Leftovers
|upkeep
|turn|3
|
|move|p2a: Thundurus|Thunder|p1a: Jirachi
|-damage|p1a: Jirachi|39/100
|-status|p1a: Jirachi|par
|cant|p1a: Jirachi|par
|
|-heal|p2a: Thundurus|84/100|[from] item: Leftovers
|-heal|p1a: Jirachi|45/100 par|[from] item: Leftovers
|upkeep
|turn|4
|
|move|p2a: Thundurus|Thunder|p1a: Jirachi|[miss]
|-miss|p2a: Thundurus|p1a: Jirachi
|move|p1a: Jirachi|U-turn|p2a: Thundurus
|-resisted|p2a: Thundurus
|-end|p2a: Thundurus|Substitute
|
|switch|p1a: Thundurus|Thundurus-Therian, M|100/100|[from]move: U-turn
|
|-heal|p2a: Thundurus|90/100|[from] item: Leftovers
|upkeep
|turn|5
|
|switch|p2a: Politoed|Politoed, F|100/100
|-weather|RainDance|[from] ability: Drizzle|[of] p2a: Politoed
|move|p1a: Thundurus|Hidden Power|p2a: Politoed
|-resisted|p2a: Politoed
|-damage|p2a: Politoed|87/100
|
|-weather|RainDance|[upkeep]
|upkeep
|turn|6
|
|move|p2a: Politoed|Hydro Pump|p1a: Thundurus
|-damage|p1a: Thundurus|9/100
|move|p1a: Thundurus|Thunder|p2a: Politoed
|-supereffective|p2a: Politoed
|-damage|p2a: Politoed|0 fnt
|faint|p2a: Politoed
|
|-weather|RainDance|[upkeep]
|-heal|p1a: Thundurus|15/100|[from] item: Leftovers
|upkeep
|
|switch|p2a: Scizor|Scizor, F|100/100
|turn|7
|
|switch|p1a: Jirachi|Jirachi|45/100 par
|move|p2a: Scizor|U-turn|p1a: Jirachi
|-damage|p1a: Jirachi|0 fnt
|faint|p1a: Jirachi
|
|switch|p2a: Thundurus|Thundurus-Therian, M|90/100|[from]move: U-turn
|
|-weather|RainDance|[upkeep]
|-heal|p2a: Thundurus|97/100|[from] item: Leftovers
|upkeep
|
|switch|p1a: Tornadus|Tornadus, M|100/100
|turn|8
|
|move|p1a: Tornadus|U-turn|p2a: Thundurus
|-resisted|p2a: Thundurus
|-damage|p2a: Thundurus|88/100
|
|switch|p1a: Thundurus|Thundurus-Therian, M|15/100|[from]move: U-turn
|move|p2a: Thundurus|Hidden Power|p1a: Thundurus
|-supereffective|p1a: Thundurus
|-damage|p1a: Thundurus|0 fnt
|faint|p1a: Thundurus
|
|-weather|RainDance|[upkeep]
|-heal|p2a: Thundurus|94/100|[from] item: Leftovers
|upkeep
|
|switch|p1a: Tornadus|Tornadus, M|100/100
|turn|9
|
|move|p1a: Tornadus|Hurricane|p2a: Thundurus
|-resisted|p2a: Thundurus
|-damage|p2a: Thundurus|36/100
|move|p2a: Thundurus|Thunder|p1a: Tornadus
|-supereffective|p1a: Tornadus
|-damage|p1a: Tornadus|0 fnt
|faint|p1a: Tornadus
|
|-weather|RainDance|[upkeep]
|-heal|p2a: Thundurus|42/100|[from] item: Leftovers
|upkeep
|
|switch|p1a: Politoed|Politoed, F|100/100
|turn|10
|
|switch|p2a: Tentacruel|Tentacruel, M|100/100
|move|p1a: Politoed|Hydro Pump|p2a: Tentacruel
|-resisted|p2a: Tentacruel
|-damage|p2a: Tentacruel|70/100
|
|-weather|RainDance|[upkeep]
|-heal|p2a: Tentacruel|76/100|[from] ability: Rain Dish
|-heal|p2a: Tentacruel|82/100|[from] item: Black Sludge
|upkeep
|turn|11
|
|switch|p1a: Ferrothorn|Ferrothorn, M|100/100
|switch|p2a: Kyurem|Kyurem|100/100
|-ability|p2a: Kyurem|Pressure
|
|-weather|RainDance|[upkeep]
|upkeep
|turn|12
|
|move|p2a: Kyurem|Substitute|p2a: Kyurem
|-start|p2a: Kyurem|Substitute
|-damage|p2a: Kyurem|76/100
|move|p1a: Ferrothorn|Gyro Ball|p2a: Kyurem
|-supereffective|p2a: Kyurem
|-end|p2a: Kyurem|Substitute
|
|-weather|RainDance|[upkeep]
|-heal|p2a: Kyurem|82/100|[from] item: Leftovers
|upkeep
|turn|13
|
|move|p2a: Kyurem|Substitute|p2a: Kyurem
|-start|p2a: Kyurem|Substitute
|-damage|p2a: Kyurem|57/100
|move|p1a: Ferrothorn|Spikes|p2a: Kyurem
|-sidestart|p2: Gh0st of Perdition|Spikes
|
|-weather|RainDance|[upkeep]
|-heal|p2a: Kyurem|63/100|[from] item: Leftovers
|upkeep
|turn|14
|
|switch|p1a: Politoed|Politoed, F|100/100
|move|p2a: Kyurem|Roost|p2a: Kyurem
|-heal|p2a: Kyurem|100/100
|-singleturn|p2a: Kyurem|move: Roost
|
|-weather|RainDance|[upkeep]
|upkeep
|turn|15
|
|move|p1a: Politoed|Focus Blast|p2a: Kyurem
|-supereffective|p2a: Kyurem
|-end|p2a: Kyurem|Substitute
|move|p2a: Kyurem|Earth Power|p1a: Politoed
|-damage|p1a: Politoed|67/100
|
|-weather|RainDance|[upkeep]
|upkeep
|turn|16
|
|switch|p2a: Tentacruel|Tentacruel, M|82/100
|-damage|p2a: Tentacruel|70/100|[from] Spikes
|move|p1a: Politoed|Focus Blast|p2a: Tentacruel
|-resisted|p2a: Tentacruel
|-damage|p2a: Tentacruel|58/100
|
|-weather|RainDance|[upkeep]
|-heal|p2a: Tentacruel|64/100|[from] ability: Rain Dish
|-heal|p2a: Tentacruel|70/100|[from] item: Black Sludge
|upkeep
|turn|17
|
|switch|p1a: Ferrothorn|Ferrothorn, M|100/100
|move|p2a: Tentacruel|Substitute|p2a: Tentacruel
|-start|p2a: Tentacruel|Substitute
|-damage|p2a: Tentacruel|45/100
|
|-weather|RainDance|[upkeep]
|-heal|p2a: Tentacruel|51/100|[from] ability: Rain Dish
|-heal|p2a: Tentacruel|57/100|[from] item: Black Sludge
|upkeep
|turn|18
|
|move|p2a: Tentacruel|Scald|p1a: Ferrothorn
|-resisted|p1a: Ferrothorn
|-damage|p1a: Ferrothorn|88/100
|-status|p1a: Ferrothorn|brn
|move|p1a: Ferrothorn|Power Whip|p2a: Tentacruel
|-activate|p2a: Tentacruel|Substitute|[damage]
|
|-weather|RainDance|[upkeep]
|-heal|p2a: Tentacruel|63/100|[from] ability: Rain Dish
|-heal|p2a: Tentacruel|69/100|[from] item: Black Sludge
|-heal|p1a: Ferrothorn|94/100 brn|[from] item: Leftovers
|-damage|p1a: Ferrothorn|81/100 brn|[from] brn
|upkeep
|turn|19
|-message|A1addin forfeited.
|
|win|Gh0st of Perdition
|l|☆A1addin
|raw|A1addin's rating: 1363 &rarr; <strong>1349</strong><br />(-14 for losing)
|raw|Gh0st of Perdition's rating: 1474 &rarr; <strong>1488</strong><br />(+14 for winning)
