|j|☆Beuredecahuete
|j|☆dude3120
|player|p1|Beuredecahuete|102
|player|p2|dude3120|102
|teamsize|p1|6
|teamsize|p2|6
|gametype|singles
|gen|5
|tier|[Gen 5] OU
|rated|
|rule|Sleep Clause Mod: Limit one foe put to sleep
|rule|Species Clause: Limit one of each Pokémon
|rule|OHKO Clause: OHKO moves are banned
|rule|Moody Clause: Moody is banned
|rule|Evasion Moves Clause: Evasion moves are banned
|rule|Endless Battle Clause: Forcing endless battles is banned
|rule|HP Percentage Mod: HP is shown in percentages
|rule|Evasion Abilities Clause: Evasion abilities are banned
|rule|Baton Pass Clause: Limit one Baton Passer, can't pass Spe and other stats simultaneously
|rule|Swagger Clause: Swagger is banned
|clearpoke
|poke|p1|Tyranitar, F|item
|poke|p1|Landorus-Therian, M|item
|poke|p1|Skarmory, F|item
|poke|p1|Mienshao, F|item
|poke|p1|Alakazam, F|item
|poke|p1|Jellicent, M|item
|poke|p2|Garchomp, F|item
|poke|p2|Kyurem-Black|item
|poke|p2|Dragonite, M|item
|poke|p2|Starmie|item
|poke|p2|Jirachi|item
|poke|p2|Magnezone|item
|teampreview
|inactive|Battle timer is ON: inactive players will automatically lose when time's up. (requested by Beuredecahuete)
|
|start
|switch|p1a: Mienshao|Mienshao, F|271/271
|switch|p2a: Garchomp|Garchomp, F|357/357
|turn|1
|
|move|p1a: Mienshao|Hidden Power|p2a: Garchomp
|-supereffective|p2a: Garchomp
|-enditem|p2a: Garchomp|Yache Berry|[eat]
|-enditem|p2a: Garchomp|Yache Berry|[weaken]
|-damage|p2a: Garchomp|217/357
|move|p2a: Garchomp|Stealth Rock|p1a: Mienshao
|-sidestart|p1: Beuredecahuete|move: Stealth Rock
|
|upkeep
|turn|2
|
|switch|p2a: Jirachi|Jirachi|341/341
|move|p1a: Mienshao|Hidden Power|p2a: Jirachi
|-resisted|p2a: Jirachi
|-damage|p2a: Jirachi|315/341
|
|upkeep
|turn|3
|
|switch|p1a: Skarmory|Skarmory, F|327/327
|-damage|p1a: Skarmory|287/327|[from] Stealth Rock
|move|p2a: Jirachi|Iron Head|p1a: Skarmory
|-resisted|p1a: Skarmory
|-damage|p1a: Skarmory|242/327
|
|-heal|p1a: Skarmory|262/327|[from] item: Leftovers
|upkeep
|turn|4
|
|switch|p2a: Starmie|Starmie|262/262
|move|p1a: Skarmory|Spikes|p2a: Starmie
|-sidestart|p2: dude3120|Spikes
|
|-heal|p1a: Skarmory|282/327|[from] item: Leftovers
|upkeep
|turn|5
|
|switch|p1a: Tyranitar|Tyranitar, F|386/386
|-damage|p1a: Tyranitar|338/386|[from] Stealth Rock
|-weather|Sandstorm|[from] ability: Sand Stream|[of] p1a: Tyranitar
|move|p2a: Starmie|Thunder|p1a: Tyranitar
|-damage|p1a: Tyranitar|225/386
|-damage|p2a: Starmie|236/262|[from] item: Life Orb
|
|-weather|Sandstorm|[upkeep]
|-damage|p2a: Starmie|220/262|[from] Sandstorm
|upkeep
|turn|6
|
|move|p2a: Starmie|Hydro Pump|p1a: Tyranitar|[miss]
|-miss|p2a: Starmie|p1a: Tyranitar
|move|p1a: Tyranitar|Pursuit|p2a: Starmie
|-supereffective|p2a: Starmie
|-damage|p2a: Starmie|0 fnt
|faint|p2a: Starmie
|
|-weather|Sandstorm|[upkeep]
|upkeep
|inactive|dude3120 has 120 seconds left.
|
|switch|p2a: Jirachi|Jirachi|315/341
|-damage|p2a: Jirachi|273/341|[from] Spikes
|turn|7
|
|switch|p1a: Skarmory|Skarmory, F|282/327
|-damage|p1a: Skarmory|242/327|[from] Stealth Rock
|move|p2a: Jirachi|U-turn|p1a: Skarmory
|-resisted|p1a: Skarmory
|-damage|p1a: Skarmory|229/327
|
|switch|p2a: Magnezone|Magnezone|285/285
|-damage|p2a: Magnezone|250/285|[from] Spikes
|
|-weather|Sandstorm|[upkeep]
|-heal|p1a: Skarmory|249/327|[from] item: Leftovers
|upkeep
|turn|8
|
|move|p2a: Magnezone|Substitute|p2a: Magnezone
|-start|p2a: Magnezone|Substitute
|-damage|p2a: Magnezone|179/285
|move|p1a: Skarmory|Spikes|p2a: Magnezone
|-sidestart|p2: dude3120|Spikes
|
|-weather|Sandstorm|[upkeep]
|-heal|p1a: Skarmory|269/327|[from] item: Leftovers
|upkeep
|turn|9
|
|move|p2a: Magnezone|Thunderbolt|p1a: Skarmory
|-supereffective|p1a: Skarmory
|-damage|p1a: Skarmory|0 fnt
|faint|p1a: Skarmory
|
|-weather|Sandstorm|[upkeep]
|upkeep
|
|switch|p1a: Landorus|Landorus-Therian, M|380/380
|-damage|p1a: Landorus|333/380|[from] Stealth Rock
|-ability|p1a: Landorus|Intimidate|boost
|-immune|p2a: Magnezone
|turn|10
|
|move|p1a: Landorus|Earthquake|p2a: Magnezone
|-supereffective|p2a: Magnezone
|-crit|p2a: Magnezone
|-end|p2a: Magnezone|Substitute
|move|p2a: Magnezone|Flash Cannon|p1a: Landorus
|-damage|p1a: Landorus|122/380
|
|-weather|Sandstorm|[upkeep]
|-heal|p1a: Landorus|145/380|[from] item: Leftovers
|upkeep
|turn|11
|
|move|p1a: Landorus|Stealth Rock|p2a: Magnezone
|-sidestart|p2: dude3120|move: Stealth Rock
|move|p2a: Magnezone|Flash Cannon|p1a: Landorus
|-damage|p1a: Landorus|0 fnt
|faint|p1a: Landorus
|
|-weather|Sandstorm|[upkeep]
|upkeep
|
|switch|p1a: Mienshao|Mienshao, F|271/271
|-damage|p1a: Mienshao|255/271|[from] Stealth Rock
|turn|12
|
|move|p1a: Mienshao|High Jump Kick|p2a: Magnezone
|-supereffective|p2a: Magnezone
|-damage|p2a: Magnezone|0 fnt
|faint|p2a: Magnezone
|
|-weather|Sandstorm|[upkeep]
|-damage|p1a: Mienshao|239/271|[from] Sandstorm
|upkeep
|inactive|dude3120 has 120 seconds left.
|
|switch|p2a: Dragonite|Dragonite, M|331/331
|-damage|p2a: Dragonite|249/331|[from] Stealth Rock
|turn|13
|
|move|p1a: Mienshao|High Jump Kick|p2a: Dragonite
|-resisted|p2a: Dragonite
|-damage|p2a: Dragonite|113/331
|move|p2a: Dragonite|Dragon Dance|p2a: Dragonite
|-boost|p2a: Dragonite|atk|1
|-boost|p2a: Dragonite|spe|1
|
|-weather|Sandstorm|[upkeep]
|-damage|p1a: Mienshao|223/271|[from] Sandstorm
|-damage|p2a: Dragonite|93/331|[from] Sandstorm
|upkeep
|turn|14
|inactive|dude3120 has 120 seconds left.
|
|switch|p1a: Jellicent|Jellicent, M|403/403
|-damage|p1a: Jellicent|353/403|[from] Stealth Rock
|move|p2a: Dragonite|Outrage|p1a: Jellicent
|-damage|p1a: Jellicent|17/403
|
|-weather|Sandstorm|[upkeep]
|-damage|p2a: Dragonite|73/331|[from] Sandstorm
|-damage|p1a: Jellicent|0 fnt|[from] Sandstorm
|faint|p1a: Jellicent
|upkeep
|
|switch|p1a: Alakazam|Alakazam, F|251/251
|turn|15
|
|move|p2a: Dragonite|Outrage|p1a: Alakazam|[from]lockedmove
|-enditem|p1a: Alakazam|Focus Sash
|-damage|p1a: Alakazam|1/251
|-start|p2a: Dragonite|confusion|[fatigue]
|-enditem|p2a: Dragonite|Lum Berry|[eat]
|-end|p2a: Dragonite|confusion
|move|p1a: Alakazam|Psychic|p2a: Dragonite
|-crit|p2a: Dragonite
|-damage|p2a: Dragonite|0 fnt
|faint|p2a: Dragonite
|
|-weather|Sandstorm|[upkeep]
|upkeep
|
|switch|p2a: Jirachi|Jirachi|273/341
|-damage|p2a: Jirachi|217/341|[from] Spikes
|-damage|p2a: Jirachi|196/341|[from] Stealth Rock
|turn|16
|
|move|p2a: Jirachi|Iron Head|p1a: Alakazam
|-damage|p1a: Alakazam|0 fnt
|faint|p1a: Alakazam
|
|-weather|Sandstorm|[upkeep]
|upkeep
|
|switch|p1a: Mienshao|Mienshao, F|223/271
|-damage|p1a: Mienshao|207/271|[from] Stealth Rock
|turn|17
|
|move|p1a: Mienshao|High Jump Kick|p2a: Jirachi
|-damage|p2a: Jirachi|0 fnt
|faint|p2a: Jirachi
|
|-weather|Sandstorm|[upkeep]
|-damage|p1a: Mienshao|191/271|[from] Sandstorm
|upkeep
|
|switch|p2a: Garchomp|Garchomp, F|217/357
|-damage|p2a: Garchomp|158/357|[from] Spikes
|-damage|p2a: Garchomp|136/357|[from] Stealth Rock
|turn|18
|
|move|p1a: Mienshao|High Jump Kick|p2a: Garchomp
|-damage|p2a: Garchomp|0 fnt
|-damage|p1a: Mienshao|158/271|[from] ability: Rough Skin|[of] p2a: Garchomp
|faint|p2a: Garchomp
|
|-weather|Sandstorm|[upkeep]
|-damage|p1a: Mienshao|142/271|[from] Sandstorm
|upkeep
|
|switch|p2a: Kyurem|Kyurem-Black|391/391
|-damage|p2a: Kyurem|294/391|[from] Stealth Rock
|-damage|p2a: Kyurem|229/391|[from] Spikes
|-ability|p2a: Kyurem|Teravolt
|turn|19
|
|move|p1a: Mienshao|High Jump Kick|p2a: Kyurem
|-supereffective|p2a: Kyurem
|-damage|p2a: Kyurem|0 fnt
|faint|p2a: Kyurem
|
|win|Beuredecahuete
|raw|Beuredecahuete's rating: 1346 &rarr; <strong>1370</strong><br />(+24 for winning)
|raw|dude3120's rating: 1425 &rarr; <strong>1401</strong><br />(-24 for losing)
