|j|☆257m
|j|☆My name is Blaise
|t:|1724532077
|gametype|singles
|player|p1|257m|juggler|1378
|player|p2|My name is Blaise|n|1429
|teamsize|p1|6
|teamsize|p2|6
|gen|5
|tier|[Gen 5] OU
|rated|
|rule|Species Clause: Limit one of each Pokémon
|rule|OHKO Clause: OHKO moves are banned
|rule|Moody Clause: Moody is banned
|rule|Evasion Items Clause: Evasion items are banned
|rule|Evasion Moves Clause: Evasion moves are banned
|rule|Endless Battle Clause: Forcing endless battles is banned
|rule|HP Percentage Mod: HP is shown in percentages
|rule|Evasion Abilities Clause: Evasion abilities are banned
|rule|Sleep Moves Clause: Sleep-inducing moves are banned
|rule|Swagger Clause: Swagger is banned
|rule|Baton Pass Stat Clause: No Baton Passer may have a way to boost its stats
|clearpoke
|poke|p1|Hippowdon, F|item
|poke|p1|Clefable, F|item
|poke|p1|Skarmory, F|item
|poke|p1|Reuniclus, M|item
|poke|p1|Latios, M|item
|poke|p1|Gliscor, M|item
|poke|p2|Hippowdon, M|item
|poke|p2|Tangrowth, F|item
|poke|p2|Slowbro, M|item
|poke|p2|Scizor, M|item
|poke|p2|Blissey, F|item
|poke|p2|Excadrill, M|item
|teampreview
|inactive|Battle timer is ON: inactive players will automatically lose when time's up. (requested by 257m)
|inactive|257m has 120 seconds left.
|inactive|257m has 90 seconds left.
|
|t:|1724532164
|start
|switch|p1a: Latios|Latios, M|100/100
|switch|p2a: Bro|Slowbro, M|100/100
|turn|1
|
|t:|1724532170
|switch|p2a: Z|Scizor, M|100/100
|move|p1a: Latios|Trick|p2a: Z
|-activate|p1a: Latios|move: Trick|[of] p2a: Z
|-item|p2a: Z|Choice Specs|[from] move: Trick
|-item|p1a: Latios|Shed Shell|[from] move: Trick
|
|upkeep
|turn|2
|
|t:|1724532176
|switch|p1a: Hippowdon|Hippowdon, F|100/100
|-weather|Sandstorm|[from] ability: Sand Stream|[of] p1a: Hippowdon
|move|p2a: Z|Bug Bite|p1a: Hippowdon
|-damage|p1a: Hippowdon|75/100
|
|-weather|Sandstorm|[upkeep]
|-heal|p1a: Hippowdon|81/100|[from] item: Leftovers
|upkeep
|turn|3
|
|t:|1724532197
|switch|p2a: Tangrowth|Tangrowth, F|100/100
|move|p1a: Hippowdon|Stealth Rock|p2a: Tangrowth
|-sidestart|p2: My name is Blaise|move: Stealth Rock
|
|-weather|Sandstorm|[upkeep]
|-damage|p2a: Tangrowth|94/100|[from] Sandstorm
|-heal|p1a: Hippowdon|88/100|[from] item: Leftovers
|-heal|p2a: Tangrowth|100/100|[from] item: Leftovers
|upkeep
|turn|4
|inactive|257m has 120 seconds left.
|
|t:|1724532244
|move|p1a: Hippowdon|Toxic|p2a: Tangrowth
|-status|p2a: Tangrowth|tox
|move|p2a: Tangrowth|Block|p1a: Hippowdon
|-activate|p1a: Hippowdon|trapped
|
|-weather|Sandstorm|[upkeep]
|-damage|p2a: Tangrowth|94/100 tox|[from] Sandstorm
|-heal|p1a: Hippowdon|94/100|[from] item: Leftovers
|-heal|p2a: Tangrowth|100/100 tox|[from] item: Leftovers
|-damage|p2a: Tangrowth|94/100 tox|[from] psn
|upkeep
|turn|5
|
|t:|1724532251
|move|p1a: Hippowdon|Earthquake|p2a: Tangrowth
|-resisted|p2a: Tangrowth
|-damage|p2a: Tangrowth|85/100 tox
|move|p2a: Tangrowth|Power Whip|p1a: Hippowdon
|-supereffective|p1a: Hippowdon
|-damage|p1a: Hippowdon|38/100
|
|-weather|Sandstorm|[upkeep]
|-damage|p2a: Tangrowth|79/100 tox|[from] Sandstorm
|-heal|p1a: Hippowdon|44/100|[from] item: Leftovers
|-heal|p2a: Tangrowth|85/100 tox|[from] item: Leftovers
|-damage|p2a: Tangrowth|73/100 tox|[from] psn
|upkeep
|turn|6
|
|t:|1724532258
|switch|p2a: Bro|Slowbro, M|100/100
|-damage|p2a: Bro|88/100|[from] Stealth Rock
|move|p1a: Hippowdon|Slack Off|p1a: Hippowdon
|-heal|p1a: Hippowdon|94/100
|
|-weather|Sandstorm|[upkeep]
|-damage|p2a: Bro|82/100|[from] Sandstorm
|-heal|p1a: Hippowdon|99/100|[from] item: Leftovers
|upkeep
|turn|7
|inactive|257m has 120 seconds left.
|
|t:|1724532266
|move|p1a: Hippowdon|Toxic|p2a: Bro|[miss]
|-miss|p1a: Hippowdon|p2a: Bro
|move|p2a: Bro|Scald|p1a: Hippowdon
|-supereffective|p1a: Hippowdon
|-damage|p1a: Hippowdon|40/100
|
|-weather|Sandstorm|[upkeep]
|-damage|p2a: Bro|76/100|[from] Sandstorm
|-heal|p1a: Hippowdon|46/100|[from] item: Leftovers
|upkeep
|turn|8
|
|t:|1724532272
|switch|p1a: Clefable|Clefable, F|100/100
|move|p2a: Bro|Scald|p1a: Clefable
|-damage|p1a: Clefable|72/100
|-status|p1a: Clefable|brn
|
|-weather|Sandstorm|[upkeep]
|-damage|p2a: Bro|70/100|[from] Sandstorm
|-heal|p1a: Clefable|78/100 brn|[from] item: Leftovers
|upkeep
|turn|9
|
|t:|1724532299
|switch|p2a: Minos|Excadrill, M|100/100
|-damage|p2a: Minos|97/100|[from] Stealth Rock
|move|p1a: Clefable|Wish|p1a: Clefable
|
|-weather|Sandstorm|[upkeep]
|-heal|p2a: Minos|100/100|[from] item: Leftovers
|-heal|p1a: Clefable|84/100 brn|[from] item: Leftovers
|upkeep
|turn|10
|
|t:|1724532311
|switch|p1a: Hippowdon|Hippowdon, F|46/100
|move|p2a: Minos|Rapid Spin|p1a: Hippowdon
|-damage|p1a: Hippowdon|40/100
|-sideend|p2: My name is Blaise|Stealth Rock|[from] move: Rapid Spin|[of] p2a: Minos
|
|-weather|Sandstorm|[upkeep]
|-heal|p1a: Hippowdon|87/100|[from] move: Wish|[wisher] Clefable
|-heal|p1a: Hippowdon|94/100|[from] item: Leftovers
|upkeep
|turn|11
|
|t:|1724532318
|switch|p2a: Bro|Slowbro, M|100/100
|move|p1a: Hippowdon|Earthquake|p2a: Bro
|-damage|p2a: Bro|77/100
|
|-weather|Sandstorm|[upkeep]
|-damage|p2a: Bro|71/100|[from] Sandstorm
|-heal|p1a: Hippowdon|99/100|[from] item: Leftovers
|upkeep
|turn|12
|
|t:|1724532325
|move|p1a: Hippowdon|Toxic|p2a: Bro|[miss]
|-miss|p1a: Hippowdon|p2a: Bro
|move|p2a: Bro|Trick|p1a: Hippowdon
|-activate|p2a: Bro|move: Trick|[of] p1a: Hippowdon
|-item|p1a: Hippowdon|Choice Specs|[from] move: Trick
|-item|p2a: Bro|Leftovers|[from] move: Trick
|
|-weather|Sandstorm|[upkeep]
|-damage|p2a: Bro|64/100|[from] Sandstorm
|-heal|p2a: Bro|71/100|[from] item: Leftovers
|upkeep
|turn|13
|c|☆257m|lol
|
|t:|1724532347
|switch|p1a: Clefable|Clefable, F|84/100 brn
|switch|p2a: Minos|Excadrill, M|100/100
|
|-weather|Sandstorm|[upkeep]
|-heal|p1a: Clefable|90/100 brn|[from] item: Leftovers
|upkeep
|turn|14
|
|t:|1724532353
|switch|p1a: Skarmory|Skarmory, F|100/100
|move|p2a: Minos|Earthquake|p1a: Skarmory
|-immune|p1a: Skarmory
|
|-weather|Sandstorm|[upkeep]
|upkeep
|turn|15
|
|t:|1724532361
|move|p2a: Minos|Rock Slide|p1a: Skarmory
|-damage|p1a: Skarmory|69/100
|move|p1a: Skarmory|Spikes|p2a: Minos
|-sidestart|p2: My name is Blaise|Spikes
|
|-weather|Sandstorm|[upkeep]
|-heal|p1a: Skarmory|75/100|[from] item: Leftovers
|upkeep
|turn|16
|
|t:|1724532366
|move|p2a: Minos|Rock Slide|p1a: Skarmory
|-damage|p1a: Skarmory|46/100
|move|p1a: Skarmory|Spikes|p2a: Minos
|-sidestart|p2: My name is Blaise|Spikes
|
|-weather|Sandstorm|[upkeep]
|-heal|p1a: Skarmory|52/100|[from] item: Leftovers
|upkeep
|turn|17
|
|t:|1724532372
|move|p2a: Minos|Rapid Spin|p1a: Skarmory
|-resisted|p1a: Skarmory
|-damage|p1a: Skarmory|49/100
|-sideend|p2: My name is Blaise|Spikes|[from] move: Rapid Spin|[of] p2a: Minos
|move|p1a: Skarmory|Roost|p1a: Skarmory
|-heal|p1a: Skarmory|99/100
|-singleturn|p1a: Skarmory|move: Roost
|
|-weather|Sandstorm|[upkeep]
|-heal|p1a: Skarmory|100/100|[from] item: Leftovers
|upkeep
|turn|18
|
|t:|1724532377
|move|p2a: Minos|Rock Slide|p1a: Skarmory
|-crit|p1a: Skarmory
|-damage|p1a: Skarmory|40/100
|cant|p1a: Skarmory|flinch
|
|-weather|Sandstorm|[upkeep]
|-heal|p1a: Skarmory|46/100|[from] item: Leftovers
|upkeep
|turn|19
|
|t:|1724532382
|move|p2a: Minos|Rock Slide|p1a: Skarmory
|-damage|p1a: Skarmory|15/100
|cant|p1a: Skarmory|flinch
|
|-weather|Sandstorm|[upkeep]
|-heal|p1a: Skarmory|21/100|[from] item: Leftovers
|upkeep
|turn|20
|
|t:|1724532391
|switch|p1a: Gliscor|Gliscor, M|100/100
|move|p2a: Minos|Rock Slide|p1a: Gliscor
|-damage|p1a: Gliscor|77/100
|
|-weather|Sandstorm|[upkeep]
|-status|p1a: Gliscor|tox|[from] item: Toxic Orb
|upkeep
|turn|21
|
|t:|1724532415
|switch|p2a: Z|Scizor, M|100/100
|move|p1a: Gliscor|Knock Off|p2a: Z
|-resisted|p2a: Z
|-damage|p2a: Z|98/100
|-enditem|p2a: Z|Choice Specs|[from] move: Knock Off|[of] p1a: Gliscor
|
|-weather|Sandstorm|[upkeep]
|-heal|p1a: Gliscor|89/100 tox|[from] ability: Poison Heal
|upkeep
|turn|22
|-message|257m forfeited.
|
|win|My name is Blaise
|raw|257m's rating: 1378 &rarr; <strong>1361</strong><br />(-17 for losing)
|raw|My name is Blaise's rating: 1429 &rarr; <strong>1446</strong><br />(+17 for winning)
|l|☆257m
|player|p1|
