|raw|<div class="broadcast-red"><strong>This battle is invite-only!</strong><br />Users must be rank + or invited with <code>/invite</code> to join</div>
|j|☆Lindomar93
|j|☆refsunpersons
|player|p1|Lindomar93|266
|player|p2|refsunpersons|1
|teamsize|p1|6
|teamsize|p2|6
|gametype|singles
|gen|5
|tier|[Gen 5] OU
|rated|
|rule|Sleep Clause Mod: Limit one foe put to sleep
|rule|Species Clause: Limit one of each Pokémon
|rule|OHKO Clause: OHKO moves are banned
|rule|Moody Clause: Moody is banned
|rule|Evasion Moves Clause: Evasion moves are banned
|rule|Endless Battle Clause: Forcing endless battles is banned
|rule|HP Percentage Mod: HP is shown in percentages
|rule|Evasion Abilities Clause: Evasion abilities are banned
|rule|Baton Pass Clause: Limit one Baton Passer, can't pass Spe and other stats simultaneously
|rule|Swagger Clause: Swagger is banned
|clearpoke
|poke|p1|Rotom-Wash|item
|poke|p1|Skarmory, M|item
|poke|p1|Gliscor, M|item
|poke|p1|Alakazam, M|item
|poke|p1|Tyranitar, M|item
|poke|p1|Amoonguss, M|item
|poke|p2|Breloom, M|item
|poke|p2|Skarmory, M|item
|poke|p2|Tyranitar, M|item
|poke|p2|Jellicent, M|item
|poke|p2|Salamence, M|item
|poke|p2|Excadrill, M|item
|teampreview
|c|☆refsunpersons|gl hf
|c|☆Lindomar93|hf
|
|start
|switch|p1a: Gliscor|Gliscor, M|100/100
|switch|p2a: Jellicent|Jellicent, M|100/100
|turn|1
|
|move|p1a: Gliscor|Protect|p1a: Gliscor
|-singleturn|p1a: Gliscor|Protect
|move|p2a: Jellicent|Will-O-Wisp|p1a: Gliscor
|-activate|p1a: Gliscor|move: Protect
|
|-status|p1a: Gliscor|tox|[from] item: Toxic Orb
|upkeep
|turn|2
|
|switch|p1a: Rotom|Rotom-Wash|100/100
|move|p2a: Jellicent|Scald|p1a: Rotom
|-resisted|p1a: Rotom
|-damage|p1a: Rotom|92/100
|
|-heal|p1a: Rotom|98/100|[from] item: Leftovers
|upkeep
|turn|3
|
|switch|p2a: Skarmory|Skarmory, M|100/100
|move|p1a: Rotom|Will-O-Wisp|p2a: Skarmory
|-status|p2a: Skarmory|brn
|
|-heal|p1a: Rotom|100/100|[from] item: Leftovers
|-damage|p2a: Skarmory|88/100 brn|[from] brn
|upkeep
|turn|4
|
|move|p1a: Rotom|Volt Switch|p2a: Skarmory
|-supereffective|p2a: Skarmory
|-damage|p2a: Skarmory|38/100 brn
|
|switch|p1a: Gliscor|Gliscor, M|100/100 tox
|move|p2a: Skarmory|Spikes|p1a: Gliscor
|-sidestart|p1: Lindomar93|Spikes
|
|-heal|p2a: Skarmory|44/100 brn|[from] item: Leftovers
|-damage|p2a: Skarmory|31/100 brn|[from] brn
|upkeep
|turn|5
|
|switch|p2a: Breloom|Breloom, M|100/100
|move|p1a: Gliscor|Taunt|p2a: Breloom
|-start|p2a: Breloom|move: Taunt
|
|-status|p2a: Breloom|tox|[from] item: Toxic Orb
|upkeep
|turn|6
|
|switch|p2a: Jellicent|Jellicent, M|100/100
|move|p1a: Gliscor|Ice Fang|p2a: Jellicent
|-resisted|p2a: Jellicent
|-damage|p2a: Jellicent|94/100
|
|-heal|p2a: Jellicent|99/100|[from] item: Leftovers
|upkeep
|turn|7
|
|switch|p1a: Rotom|Rotom-Wash|100/100
|move|p2a: Jellicent|Scald|p1a: Rotom
|-resisted|p1a: Rotom
|-damage|p1a: Rotom|91/100
|
|-heal|p1a: Rotom|97/100|[from] item: Leftovers
|-heal|p2a: Jellicent|100/100|[from] item: Leftovers
|upkeep
|turn|8
|
|switch|p2a: Breloom|Breloom, M|100/100 tox
|move|p1a: Rotom|Will-O-Wisp||[still]
|-fail|p1a: Rotom
|
|-heal|p1a: Rotom|100/100|[from] item: Leftovers
|upkeep
|turn|9
|
|switch|p1a: Gliscor|Gliscor, M|100/100 tox
|move|p2a: Breloom|Bulk Up|p2a: Breloom
|-boost|p2a: Breloom|atk|1
|-boost|p2a: Breloom|def|1
|
|upkeep
|turn|10
|
|move|p1a: Gliscor|Taunt|p2a: Breloom
|-start|p2a: Breloom|move: Taunt
|cant|p2a: Breloom|move: Taunt|Bulk Up
|
|upkeep
|turn|11
|
|move|p1a: Gliscor|Ice Fang|p2a: Breloom
|-supereffective|p2a: Breloom
|-damage|p2a: Breloom|74/100 tox
|move|p2a: Breloom|Seed Bomb|p1a: Gliscor
|-damage|p1a: Gliscor|69/100 tox
|
|-heal|p1a: Gliscor|81/100 tox|[from] ability: Poison Heal
|-heal|p2a: Breloom|87/100 tox|[from] ability: Poison Heal
|upkeep
|turn|12
|
|move|p1a: Gliscor|Protect|p1a: Gliscor
|-singleturn|p1a: Gliscor|Protect
|move|p2a: Breloom|Drain Punch|p1a: Gliscor
|-activate|p1a: Gliscor|move: Protect
|
|-heal|p1a: Gliscor|94/100 tox|[from] ability: Poison Heal
|-heal|p2a: Breloom|99/100 tox|[from] ability: Poison Heal
|-end|p2a: Breloom|move: Taunt
|upkeep
|turn|13
|
|move|p1a: Gliscor|Taunt|p2a: Breloom
|-start|p2a: Breloom|move: Taunt
|cant|p2a: Breloom|move: Taunt|Bulk Up
|
|-heal|p1a: Gliscor|100/100 tox|[from] ability: Poison Heal
|-heal|p2a: Breloom|100/100 tox|[from] ability: Poison Heal
|upkeep
|turn|14
|
|switch|p1a: Skarmory|Skarmory, M|100/100
|move|p2a: Breloom|Seed Bomb|p1a: Skarmory
|-resisted|p1a: Skarmory
|-crit|p1a: Skarmory
|-damage|p1a: Skarmory|84/100
|
|upkeep
|turn|15
|
|switch|p2a: Jellicent|Jellicent, M|100/100
|move|p1a: Skarmory|Whirlwind|p2a: Jellicent
|drag|p2a: Salamence|Salamence, M|100/100
|
|upkeep
|turn|16
|
|switch|p1a: Rotom|Rotom-Wash|100/100
|move|p2a: Salamence|Hydro Pump|p1a: Rotom
|-enditem|p2a: Salamence|Water Gem|[from] gem|[move] Hydro Pump
|-resisted|p1a: Rotom
|-damage|p1a: Rotom|83/100
|
|-heal|p1a: Rotom|89/100|[from] item: Leftovers
|upkeep
|turn|17
|
|switch|p2a: Breloom|Breloom, M|100/100 tox
|move|p1a: Rotom|Volt Switch|p2a: Breloom
|-resisted|p2a: Breloom
|-damage|p2a: Breloom|86/100 tox
|
|switch|p1a: Alakazam|Alakazam, M|100/100
|
|-heal|p2a: Breloom|99/100 tox|[from] ability: Poison Heal
|upkeep
|turn|18
|
|switch|p2a: Jellicent|Jellicent, M|100/100
|move|p1a: Alakazam|Focus Blast|p2a: Jellicent
|-immune|p2a: Jellicent
|
|upkeep
|turn|19
|
|switch|p1a: Rotom|Rotom-Wash|89/100
|move|p2a: Jellicent|Will-O-Wisp|p1a: Rotom
|-status|p1a: Rotom|brn
|
|-heal|p1a: Rotom|95/100 brn|[from] item: Leftovers
|-damage|p1a: Rotom|83/100 brn|[from] brn
|upkeep
|turn|20
|
|switch|p2a: Breloom|Breloom, M|99/100 tox
|move|p1a: Rotom|Volt Switch|p2a: Breloom
|-resisted|p2a: Breloom
|-damage|p2a: Breloom|84/100 tox
|
|switch|p1a: Alakazam|Alakazam, M|100/100
|
|-heal|p2a: Breloom|97/100 tox|[from] ability: Poison Heal
|upkeep
|turn|21
|
|switch|p2a: Jellicent|Jellicent, M|100/100
|move|p1a: Alakazam|Focus Blast|p2a: Jellicent
|-immune|p2a: Jellicent
|
|upkeep
|turn|22
|
|switch|p1a: Rotom|Rotom-Wash|83/100 brn
|switch|p2a: Tyranitar|Tyranitar, M|100/100
|-weather|Sandstorm|[from] ability: Sand Stream|[of] p2a: Tyranitar
|
|-weather|Sandstorm|[upkeep]
|-damage|p1a: Rotom|77/100 brn|[from] Sandstorm
|-heal|p1a: Rotom|83/100 brn|[from] item: Leftovers
|-damage|p1a: Rotom|70/100 brn|[from] brn
|upkeep
|turn|23
|
|switch|p2a: Breloom|Breloom, M|97/100 tox
|move|p1a: Rotom|Will-O-Wisp||[still]
|-fail|p1a: Rotom
|
|-weather|Sandstorm|[upkeep]
|-damage|p1a: Rotom|65/100 brn|[from] Sandstorm
|-damage|p2a: Breloom|90/100 tox|[from] Sandstorm
|-heal|p1a: Rotom|70/100 brn|[from] item: Leftovers
|-damage|p1a: Rotom|58/100 brn|[from] brn
|-heal|p2a: Breloom|100/100 tox|[from] ability: Poison Heal
|upkeep
|turn|24
|
|switch|p1a: Gliscor|Gliscor, M|100/100 tox
|move|p2a: Breloom|Bulk Up|p2a: Breloom
|-boost|p2a: Breloom|atk|1
|-boost|p2a: Breloom|def|1
|
|-weather|Sandstorm|[upkeep]
|-damage|p2a: Breloom|94/100 tox|[from] Sandstorm
|-heal|p2a: Breloom|100/100 tox|[from] ability: Poison Heal
|upkeep
|turn|25
|
|move|p1a: Gliscor|Taunt|p2a: Breloom
|-start|p2a: Breloom|move: Taunt
|move|p2a: Breloom|Seed Bomb|p1a: Gliscor
|-damage|p1a: Gliscor|70/100 tox
|
|-weather|Sandstorm|[upkeep]
|-damage|p2a: Breloom|94/100 tox|[from] Sandstorm
|-heal|p1a: Gliscor|83/100 tox|[from] ability: Poison Heal
|-heal|p2a: Breloom|100/100 tox|[from] ability: Poison Heal
|upkeep
|turn|26
|
|switch|p1a: Skarmory|Skarmory, M|84/100
|move|p2a: Breloom|Seed Bomb|p1a: Skarmory
|-resisted|p1a: Skarmory
|-damage|p1a: Skarmory|76/100
|
|-weather|Sandstorm|[upkeep]
|-damage|p2a: Breloom|94/100 tox|[from] Sandstorm
|-heal|p2a: Breloom|100/100 tox|[from] ability: Poison Heal
|upkeep
|turn|27
|
|switch|p2a: Jellicent|Jellicent, M|100/100
|move|p1a: Skarmory|Spikes|p2a: Jellicent
|-sidestart|p2: refsunpersons|Spikes
|
|-weather|Sandstorm|[upkeep]
|-damage|p2a: Jellicent|94/100|[from] Sandstorm
|-heal|p2a: Jellicent|100/100|[from] item: Leftovers
|upkeep
|turn|28
|
|switch|p1a: Rotom|Rotom-Wash|58/100 brn
|move|p2a: Jellicent|Scald|p1a: Rotom
|-resisted|p1a: Rotom
|-damage|p1a: Rotom|49/100 brn
|
|-weather|Sandstorm|[upkeep]
|-damage|p1a: Rotom|43/100 brn|[from] Sandstorm
|-damage|p2a: Jellicent|94/100|[from] Sandstorm
|-heal|p1a: Rotom|49/100 brn|[from] item: Leftovers
|-heal|p2a: Jellicent|100/100|[from] item: Leftovers
|-damage|p1a: Rotom|37/100 brn|[from] brn
|upkeep
|turn|29
|
|switch|p2a: Breloom|Breloom, M|100/100 tox
|-damage|p2a: Breloom|88/100 tox|[from] Spikes
|move|p1a: Rotom|Pain Split|p2a: Breloom
|-sethp|p2a: Breloom|61/100 tox|p1a: Rotom|65/100 brn|[from] move: Pain Split
|
|-weather|Sandstorm|[upkeep]
|-damage|p1a: Rotom|59/100 brn|[from] Sandstorm
|-damage|p2a: Breloom|55/100 tox|[from] Sandstorm
|-heal|p1a: Rotom|65/100 brn|[from] item: Leftovers
|-damage|p1a: Rotom|53/100 brn|[from] brn
|-heal|p2a: Breloom|68/100 tox|[from] ability: Poison Heal
|upkeep
|turn|30
|
|switch|p1a: Gliscor|Gliscor, M|83/100 tox
|move|p2a: Breloom|Seed Bomb|p1a: Gliscor
|-damage|p1a: Gliscor|61/100 tox
|
|-weather|Sandstorm|[upkeep]
|-damage|p2a: Breloom|61/100 tox|[from] Sandstorm
|-heal|p1a: Gliscor|73/100 tox|[from] ability: Poison Heal
|-heal|p2a: Breloom|74/100 tox|[from] ability: Poison Heal
|upkeep
|turn|31
|
|switch|p2a: Skarmory|Skarmory, M|31/100 brn
|move|p1a: Gliscor|Earthquake|p2a: Skarmory
|-immune|p2a: Skarmory
|
|-weather|Sandstorm|[upkeep]
|-heal|p2a: Skarmory|37/100 brn|[from] item: Leftovers
|-heal|p1a: Gliscor|86/100 tox|[from] ability: Poison Heal
|-damage|p2a: Skarmory|25/100 brn|[from] brn
|upkeep
|turn|32
|
|switch|p2a: Jellicent|Jellicent, M|100/100
|-damage|p2a: Jellicent|88/100|[from] Spikes
|move|p1a: Gliscor|Taunt|p2a: Jellicent
|-start|p2a: Jellicent|move: Taunt
|
|-weather|Sandstorm|[upkeep]
|-damage|p2a: Jellicent|82/100|[from] Sandstorm
|-heal|p2a: Jellicent|88/100|[from] item: Leftovers
|-heal|p1a: Gliscor|98/100 tox|[from] ability: Poison Heal
|upkeep
|turn|33
|
|switch|p1a: Rotom|Rotom-Wash|53/100 brn
|move|p2a: Jellicent|Scald|p1a: Rotom
|-resisted|p1a: Rotom
|-crit|p1a: Rotom
|-damage|p1a: Rotom|32/100 brn
|
|-weather|Sandstorm|[upkeep]
|-damage|p1a: Rotom|26/100 brn|[from] Sandstorm
|-damage|p2a: Jellicent|82/100|[from] Sandstorm
|-heal|p1a: Rotom|32/100 brn|[from] item: Leftovers
|-heal|p2a: Jellicent|88/100|[from] item: Leftovers
|-damage|p1a: Rotom|20/100 brn|[from] brn
|upkeep
|turn|34
|
|switch|p2a: Skarmory|Skarmory, M|25/100 brn
|move|p1a: Rotom|Pain Split|p2a: Skarmory
|-sethp|p2a: Skarmory|22/100 brn|p1a: Rotom|24/100 brn|[from] move: Pain Split
|
|-weather|Sandstorm|[upkeep]
|-damage|p1a: Rotom|18/100 brn|[from] Sandstorm
|-heal|p1a: Rotom|24/100 brn|[from] item: Leftovers
|-heal|p2a: Skarmory|28/100 brn|[from] item: Leftovers
|-damage|p1a: Rotom|11/100 brn|[from] brn
|-damage|p2a: Skarmory|15/100 brn|[from] brn
|upkeep
|turn|35
|
|move|p1a: Rotom|Hydro Pump|p2a: Skarmory
|-damage|p2a: Skarmory|0 fnt
|faint|p2a: Skarmory
|
|-weather|Sandstorm|[upkeep]
|-damage|p1a: Rotom|5/100 brn|[from] Sandstorm
|-heal|p1a: Rotom|11/100 brn|[from] item: Leftovers
|-damage|p1a: Rotom|0 fnt|[from] brn
|upkeep
|faint|p1a: Rotom
|
|switch|p1a: Alakazam|Alakazam, M|100/100
|switch|p2a: Salamence|Salamence, M|100/100
|turn|36
|
|switch|p1a: Amoonguss|Amoonguss, M|100/100
|-damage|p1a: Amoonguss|88/100|[from] Spikes
|move|p2a: Salamence|Earthquake|p1a: Amoonguss
|-damage|p1a: Amoonguss|48/100
|
|-weather|Sandstorm|[upkeep]
|-damage|p2a: Salamence|94/100|[from] Sandstorm
|-damage|p1a: Amoonguss|42/100|[from] Sandstorm
|-heal|p1a: Amoonguss|48/100|[from] item: Black Sludge
|upkeep
|turn|37
|
|switch|p2a: Breloom|Breloom, M|74/100 tox
|-damage|p2a: Breloom|61/100 tox|[from] Spikes
|switch|p1a: Skarmory|Skarmory, M|76/100
|
|-weather|Sandstorm|[upkeep]
|-damage|p2a: Breloom|55/100 tox|[from] Sandstorm
|-heal|p2a: Breloom|68/100 tox|[from] ability: Poison Heal
|upkeep
|turn|38
|
|switch|p1a: Gliscor|Gliscor, M|98/100 tox
|move|p2a: Breloom|Spore||[still]
|-fail|p2a: Breloom
|
|-weather|Sandstorm|[upkeep]
|-damage|p2a: Breloom|61/100 tox|[from] Sandstorm
|-heal|p1a: Gliscor|100/100 tox|[from] ability: Poison Heal
|-heal|p2a: Breloom|74/100 tox|[from] ability: Poison Heal
|upkeep
|turn|39
|
|switch|p2a: Jellicent|Jellicent, M|88/100
|-damage|p2a: Jellicent|76/100|[from] Spikes
|move|p1a: Gliscor|Ice Fang|p2a: Jellicent
|-resisted|p2a: Jellicent
|-damage|p2a: Jellicent|69/100
|
|-weather|Sandstorm|[upkeep]
|-damage|p2a: Jellicent|63/100|[from] Sandstorm
|-heal|p2a: Jellicent|69/100|[from] item: Leftovers
|upkeep
|turn|40
|
|move|p1a: Gliscor|Earthquake|p2a: Jellicent
|-damage|p2a: Jellicent|39/100
|move|p2a: Jellicent|Scald|p1a: Gliscor
|-supereffective|p1a: Gliscor
|-damage|p1a: Gliscor|42/100 tox
|
|-weather|Sandstorm|[upkeep]
|-damage|p2a: Jellicent|33/100|[from] Sandstorm
|-heal|p2a: Jellicent|39/100|[from] item: Leftovers
|-heal|p1a: Gliscor|54/100 tox|[from] ability: Poison Heal
|upkeep
|turn|41
|
|move|p1a: Gliscor|Earthquake|p2a: Jellicent
|-damage|p2a: Jellicent|10/100
|move|p2a: Jellicent|Recover|p2a: Jellicent
|-heal|p2a: Jellicent|60/100
|
|-weather|Sandstorm|[upkeep]
|-damage|p2a: Jellicent|54/100|[from] Sandstorm
|-heal|p2a: Jellicent|60/100|[from] item: Leftovers
|-heal|p1a: Gliscor|67/100 tox|[from] ability: Poison Heal
|upkeep
|turn|42
|
|switch|p1a: Amoonguss|Amoonguss, M|82/100
|-damage|p1a: Amoonguss|69/100|[from] Spikes
|move|p2a: Jellicent|Scald|p1a: Amoonguss
|-resisted|p1a: Amoonguss
|-damage|p1a: Amoonguss|61/100
|-status|p1a: Amoonguss|brn
|
|-weather|Sandstorm|[upkeep]
|-damage|p2a: Jellicent|54/100|[from] Sandstorm
|-damage|p1a: Amoonguss|55/100 brn|[from] Sandstorm
|-heal|p2a: Jellicent|60/100|[from] item: Leftovers
|-heal|p1a: Amoonguss|61/100 brn|[from] item: Black Sludge
|-damage|p1a: Amoonguss|49/100 brn|[from] brn
|upkeep
|turn|43
|
|switch|p1a: Alakazam|Alakazam, M|100/100
|move|p2a: Jellicent|Taunt|p1a: Alakazam
|-start|p1a: Alakazam|move: Taunt
|
|-weather|Sandstorm|[upkeep]
|-damage|p2a: Jellicent|54/100|[from] Sandstorm
|-heal|p2a: Jellicent|60/100|[from] item: Leftovers
|upkeep
|turn|44
|
|switch|p1a: Amoonguss|Amoonguss, M|82/100 brn
|-damage|p1a: Amoonguss|69/100 brn|[from] Spikes
|switch|p2a: Tyranitar|Tyranitar, M|100/100
|-damage|p2a: Tyranitar|88/100|[from] Spikes
|
|-weather|Sandstorm|[upkeep]
|-damage|p1a: Amoonguss|63/100 brn|[from] Sandstorm
|-heal|p1a: Amoonguss|69/100 brn|[from] item: Black Sludge
|-damage|p1a: Amoonguss|57/100 brn|[from] brn
|upkeep
|turn|45
|
|move|p2a: Tyranitar|Fire Blast|p1a: Amoonguss
|-supereffective|p1a: Amoonguss
|-damage|p1a: Amoonguss|19/100 brn
|move|p1a: Amoonguss|Spore|p2a: Tyranitar
|-status|p2a: Tyranitar|slp
|
|-weather|Sandstorm|[upkeep]
|-damage|p1a: Amoonguss|12/100 brn|[from] Sandstorm
|-heal|p1a: Amoonguss|19/100 brn|[from] item: Black Sludge
|-damage|p1a: Amoonguss|6/100 brn|[from] brn
|upkeep
|turn|46
|
|switch|p2a: Jellicent|Jellicent, M|60/100
|-damage|p2a: Jellicent|47/100|[from] Spikes
|switch|p1a: Tyranitar|Tyranitar, M|100/100
|-damage|p1a: Tyranitar|88/100|[from] Spikes
|
|-weather|Sandstorm|[upkeep]
|-damage|p2a: Jellicent|41/100|[from] Sandstorm
|-heal|p2a: Jellicent|47/100|[from] item: Leftovers
|upkeep
|turn|47
|
|move|p2a: Jellicent|Will-O-Wisp|p1a: Tyranitar|[miss]
|-miss|p2a: Jellicent|p1a: Tyranitar
|move|p1a: Tyranitar|Crunch|p2a: Jellicent
|-supereffective|p2a: Jellicent
|-damage|p2a: Jellicent|0 fnt
|faint|p2a: Jellicent
|
|-weather|Sandstorm|[upkeep]
|upkeep
|
|switch|p2a: Excadrill|Excadrill, M|100/100
|-damage|p2a: Excadrill|88/100|[from] Spikes
|turn|48
|
|switch|p2a: Salamence|Salamence, M|94/100
|move|p1a: Tyranitar|Superpower|p2a: Salamence
|-resisted|p2a: Salamence
|-damage|p2a: Salamence|68/100
|-unboost|p1a: Tyranitar|atk|1
|-unboost|p1a: Tyranitar|def|1
|
|-weather|Sandstorm|[upkeep]
|-damage|p2a: Salamence|62/100|[from] Sandstorm
|upkeep
|turn|49
|
|switch|p1a: Skarmory|Skarmory, M|76/100
|move|p2a: Salamence|Dragon Dance|p2a: Salamence
|-boost|p2a: Salamence|atk|1
|-boost|p2a: Salamence|spe|1
|
|-weather|Sandstorm|[upkeep]
|-damage|p2a: Salamence|56/100|[from] Sandstorm
|upkeep
|turn|50
|
|move|p2a: Salamence|Hydro Pump|p1a: Skarmory
|-damage|p1a: Skarmory|35/100
|move|p1a: Skarmory|Roost|p1a: Skarmory
|-heal|p1a: Skarmory|85/100
|
|-weather|Sandstorm|[upkeep]
|-damage|p2a: Salamence|50/100|[from] Sandstorm
|upkeep
|turn|51
|
|move|p2a: Salamence|Hydro Pump|p1a: Skarmory
|-damage|p1a: Skarmory|43/100
|move|p1a: Skarmory|Roost|p1a: Skarmory
|-heal|p1a: Skarmory|93/100
|
|-weather|Sandstorm|[upkeep]
|-damage|p2a: Salamence|44/100|[from] Sandstorm
|upkeep
|turn|52
|
|switch|p2a: Tyranitar|Tyranitar, M|88/100 slp
|-damage|p2a: Tyranitar|76/100 slp|[from] Spikes
|move|p1a: Skarmory|Roost|p1a: Skarmory
|-heal|p1a: Skarmory|100/100
|
|-weather|Sandstorm|[upkeep]
|upkeep
|turn|53
|
|move|p1a: Skarmory|Spikes|p2a: Tyranitar
|-sidestart|p2: refsunpersons|Spikes
|cant|p2a: Tyranitar|slp
|
|-weather|Sandstorm|[upkeep]
|upkeep
|turn|54
|
|switch|p1a: Tyranitar|Tyranitar, M|88/100
|-damage|p1a: Tyranitar|76/100|[from] Spikes
|cant|p2a: Tyranitar|slp
|
|-weather|Sandstorm|[upkeep]
|upkeep
|turn|55
|
|switch|p2a: Salamence|Salamence, M|44/100
|move|p1a: Tyranitar|Superpower|p2a: Salamence
|-resisted|p2a: Salamence
|-damage|p2a: Salamence|17/100
|-unboost|p1a: Tyranitar|atk|1
|-unboost|p1a: Tyranitar|def|1
|
|-weather|Sandstorm|[upkeep]
|-damage|p2a: Salamence|11/100|[from] Sandstorm
|upkeep
|turn|56
|
|switch|p1a: Skarmory|Skarmory, M|100/100
|move|p2a: Salamence|Hydro Pump|p1a: Skarmory
|-damage|p1a: Skarmory|60/100
|
|-weather|Sandstorm|[upkeep]
|-damage|p2a: Salamence|5/100|[from] Sandstorm
|upkeep
|turn|57
|
|move|p2a: Salamence|Hydro Pump|p1a: Skarmory
|-damage|p1a: Skarmory|15/100
|move|p1a: Skarmory|Roost|p1a: Skarmory
|-heal|p1a: Skarmory|65/100
|
|-weather|Sandstorm|[upkeep]
|-damage|p2a: Salamence|0 fnt|[from] Sandstorm
|upkeep
|faint|p2a: Salamence
|
|switch|p2a: Breloom|Breloom, M|74/100 tox
|-damage|p2a: Breloom|57/100 tox|[from] Spikes
|turn|58
|
|switch|p1a: Gliscor|Gliscor, M|67/100 tox
|move|p2a: Breloom|Bulk Up|p2a: Breloom
|-boost|p2a: Breloom|atk|1
|-boost|p2a: Breloom|def|1
|
|-weather|Sandstorm|[upkeep]
|-damage|p2a: Breloom|51/100 tox|[from] Sandstorm
|-heal|p1a: Gliscor|79/100 tox|[from] ability: Poison Heal
|-heal|p2a: Breloom|64/100 tox|[from] ability: Poison Heal
|upkeep
|turn|59
|
|switch|p2a: Excadrill|Excadrill, M|88/100
|-damage|p2a: Excadrill|72/100|[from] Spikes
|move|p1a: Gliscor|Taunt|p2a: Excadrill
|-start|p2a: Excadrill|move: Taunt
|
|-weather|Sandstorm|[upkeep]
|-heal|p1a: Gliscor|92/100 tox|[from] ability: Poison Heal
|upkeep
|turn|60
|
|move|p2a: Excadrill|Iron Head|p1a: Gliscor
|-damage|p1a: Gliscor|53/100 tox
|move|p1a: Gliscor|Earthquake|p2a: Excadrill
|-supereffective|p2a: Excadrill
|-damage|p2a: Excadrill|0 fnt
|faint|p2a: Excadrill
|
|-weather|Sandstorm|[upkeep]
|-heal|p1a: Gliscor|66/100 tox|[from] ability: Poison Heal
|upkeep
|
|switch|p2a: Breloom|Breloom, M|64/100 tox
|-damage|p2a: Breloom|47/100 tox|[from] Spikes
|turn|61
|
|move|p1a: Gliscor|Ice Fang|p2a: Breloom
|-supereffective|p2a: Breloom
|-damage|p2a: Breloom|7/100 tox
|cant|p2a: Breloom|flinch
|
|-weather|Sandstorm|[upkeep]
|-damage|p2a: Breloom|1/100 tox|[from] Sandstorm
|-heal|p1a: Gliscor|78/100 tox|[from] ability: Poison Heal
|-heal|p2a: Breloom|13/100 tox|[from] ability: Poison Heal
|upkeep
|turn|62
|c|☆refsunpersons|gg
|c|☆Lindomar93|gg
|-message|refsunpersons forfeited.
|
|win|Lindomar93
|l|☆refsunpersons
|raw|Lindomar93's rating: 1389 &rarr; <strong>1407</strong><br />(+18 for winning)
|raw|refsunpersons's rating: 1351 &rarr; <strong>1333</strong><br />(-18 for losing)
|c|☆Lindomar93|/log Lindomar93 made this room public.
