|j|‽Beetleinthebox
|j|☆WindWeavile
|t:|1732995598
|gametype|singles
|player|p1|Beetleinthebox|sage-gen2|1314
|player|p2|WindWeavile|eusine|1313
|teamsize|p1|6
|teamsize|p2|6
|gen|5
|tier|[Gen 5] OU
|rated|
|rule|Species Clause: Limit one of each Pokémon
|rule|OHKO Clause: OHKO moves are banned
|rule|Moody Clause: Moody is banned
|rule|Evasion Items Clause: Evasion items are banned
|rule|Evasion Moves Clause: Evasion moves are banned
|rule|Endless Battle Clause: Forcing endless battles is banned
|rule|HP Percentage Mod: HP is shown in percentages
|rule|Evasion Abilities Clause: Evasion abilities are banned
|rule|Sleep Moves Clause: Sleep-inducing moves are banned
|rule|Swagger Clause: Swagger is banned
|rule|Baton Pass Stat Clause: No Baton Passer may have a way to boost its stats
|clearpoke
|poke|p1|Tyranitar, F|item
|poke|p1|Ferrothorn, M|item
|poke|p1|Landorus-Therian, M|item
|poke|p1|Latios, M|item
|poke|p1|Alakazam, M|item
|poke|p1|Reuniclus, M|item
|poke|p2|Magnezone|item
|poke|p2|Garchomp, M|item
|poke|p2|Dragonite, M|item
|poke|p2|Kyurem-Black|item
|poke|p2|Latios, M|item
|poke|p2|Excadrill, F|item
|teampreview
|inactive|Battle timer is ON: inactive players will automatically lose when time's up. (requested by WindWeavile)
|
|t:|1732995618
|start
|switch|p1a: Landorus|Landorus-Therian, M|100/100
|switch|p2a: Magnezone|Magnezone|100/100
|-ability|p1a: Landorus|Intimidate|boost
|-unboost|p2a: Magnezone|atk|1
|-item|p2a: Magnezone|Air Balloon
|turn|1
|
|t:|1732995626
|switch|p2a: Garchomp|Garchomp, M|100/100
|move|p1a: Landorus|U-turn|p2a: Garchomp
|-damage|p2a: Garchomp|78/100
|-damage|p1a: Landorus|88/100|[from] ability: Rough Skin|[of] p2a: Garchomp
|
|t:|1732995641
|switch|p1a: Reuniclus|Reuniclus, M, shiny|100/100|[from] U-turn
|
|upkeep
|turn|2
|
|t:|1732995663
|move|p2a: Garchomp|Earthquake|p1a: Reuniclus
|-damage|p1a: Reuniclus|66/100
|move|p1a: Reuniclus|Recover|p1a: Reuniclus
|-heal|p1a: Reuniclus|100/100
|
|upkeep
|turn|3
|
|t:|1732995679
|switch|p2a: Excadrill|Excadrill, F|100/100
|-ability|p2a: Excadrill|Mold Breaker
|move|p1a: Reuniclus|Psychic|p2a: Excadrill
|-resisted|p2a: Excadrill
|-damage|p2a: Excadrill|77/100
|
|upkeep
|turn|4
|
|t:|1732995696
|switch|p2a: Latios|Latios, M|100/100
|move|p1a: Reuniclus|Focus Blast|p2a: Latios
|-resisted|p2a: Latios
|-damage|p2a: Latios|85/100
|
|upkeep
|turn|5
|
|t:|1732995712
|switch|p2a: Excadrill|Excadrill, F|77/100
|-ability|p2a: Excadrill|Mold Breaker
|switch|p1a: Tyranitar|Tyranitar, F|100/100
|-weather|Sandstorm|[from] ability: Sand Stream|[of] p1a: Tyranitar
|
|-weather|Sandstorm|[upkeep]
|upkeep
|turn|6
|
|t:|1732995725
|switch|p1a: Landorus|Landorus-Therian, M|88/100
|-ability|p1a: Landorus|Intimidate|boost
|-unboost|p2a: Excadrill|atk|1
|move|p2a: Excadrill|Iron Head|p1a: Landorus
|-damage|p1a: Landorus|57/100
|
|-weather|Sandstorm|[upkeep]
|upkeep
|turn|7
|
|t:|1732995729
|switch|p2a: Garchomp|Garchomp, M|78/100
|move|p1a: Landorus|U-turn|p2a: Garchomp
|-damage|p2a: Garchomp|54/100
|-damage|p1a: Landorus|45/100|[from] ability: Rough Skin|[of] p2a: Garchomp
|
|t:|1732995733
|switch|p1a: Reuniclus|Reuniclus, M, shiny|100/100|[from] U-turn
|
|-weather|Sandstorm|[upkeep]
|upkeep
|turn|8
|
|t:|1732995753
|move|p2a: Garchomp|Earthquake|p1a: Reuniclus
|-damage|p1a: Reuniclus|66/100
|move|p1a: Reuniclus|Psychic|p2a: Garchomp
|-damage|p2a: Garchomp|14/100
|
|-weather|Sandstorm|[upkeep]
|-heal|p1a: Reuniclus|72/100|[from] item: Leftovers
|upkeep
|turn|9
|
|t:|1732995767
|move|p2a: Garchomp|Earthquake|p1a: Reuniclus
|-crit|p1a: Reuniclus
|-damage|p1a: Reuniclus|0 fnt
|faint|p1a: Reuniclus
|
|-weather|Sandstorm|[upkeep]
|upkeep
|
|t:|1732995771
|switch|p1a: Alakazam|Alakazam, M|100/100
|turn|10
|c|☆WindWeavile|my bad
|
|t:|1732995776
|move|p2a: Garchomp|Earthquake|p1a: Alakazam
|-crit|p1a: Alakazam
|-enditem|p1a: Alakazam|Focus Sash
|-damage|p1a: Alakazam|1/100
|move|p1a: Alakazam|Psychic|p2a: Garchomp
|-damage|p2a: Garchomp|0 fnt
|faint|p2a: Garchomp
|
|-weather|Sandstorm|[upkeep]
|upkeep
|
|t:|1732995781
|switch|p2a: Excadrill|Excadrill, F|77/100
|-ability|p2a: Excadrill|Mold Breaker
|turn|11
|
|t:|1732995787
|switch|p1a: Ferrothorn|Ferrothorn, M|100/100
|move|p2a: Excadrill|Iron Head|p1a: Ferrothorn
|-resisted|p1a: Ferrothorn
|-damage|p1a: Ferrothorn|83/100
|-damage|p2a: Excadrill|65/100|[from] ability: Iron Barbs|[of] p1a: Ferrothorn
|-damage|p2a: Excadrill|48/100|[from] item: Rocky Helmet|[of] p1a: Ferrothorn
|
|-weather|Sandstorm|[upkeep]
|upkeep
|turn|12
|
|t:|1732995792
|switch|p2a: Magnezone|Magnezone|100/100
|-item|p2a: Magnezone|Air Balloon
|switch|p1a: Landorus|Landorus-Therian, M|45/100
|-ability|p1a: Landorus|Intimidate|boost
|-unboost|p2a: Magnezone|atk|1
|
|-weather|Sandstorm|[upkeep]
|upkeep
|turn|13
|
|t:|1732995802
|switch|p2a: Excadrill|Excadrill, F|48/100
|-ability|p2a: Excadrill|Mold Breaker
|move|p1a: Landorus|U-turn|p2a: Excadrill
|-resisted|p2a: Excadrill
|-damage|p2a: Excadrill|30/100
|
|t:|1732995808
|switch|p1a: Ferrothorn|Ferrothorn, M|83/100|[from] U-turn
|
|-weather|Sandstorm|[upkeep]
|upkeep
|turn|14
|
|t:|1732995814
|switch|p1a: Landorus|Landorus-Therian, M|45/100
|-ability|p1a: Landorus|Intimidate|boost
|-unboost|p2a: Excadrill|atk|1
|move|p2a: Excadrill|Earthquake|p1a: Landorus
|-immune|p1a: Landorus
|
|-weather|Sandstorm|[upkeep]
|upkeep
|turn|15
|
|t:|1732995825
|switch|p2a: Latios|Latios, M|85/100
|move|p1a: Landorus|U-turn|p2a: Latios
|-supereffective|p2a: Latios
|-damage|p2a: Latios|16/100
|
|t:|1732995830
|switch|p1a: Tyranitar|Tyranitar, F|100/100|[from] U-turn
|
|-weather|Sandstorm|[upkeep]
|-damage|p2a: Latios|10/100|[from] Sandstorm
|upkeep
|turn|16
|
|t:|1732995834
|move|p2a: Latios|Draco Meteor|p1a: Tyranitar|[miss]
|-miss|p2a: Latios|p1a: Tyranitar
|move|p1a: Tyranitar|Pursuit|p2a: Latios
|-supereffective|p2a: Latios
|-damage|p2a: Latios|0 fnt
|faint|p2a: Latios
|
|-weather|Sandstorm|[upkeep]
|upkeep
|
|t:|1732995843
|switch|p2a: Dragonite|Dragonite, M|100/100
|turn|17
|
|t:|1732995847
|move|p2a: Dragonite|Dragon Dance|p2a: Dragonite
|-boost|p2a: Dragonite|atk|1
|-boost|p2a: Dragonite|spe|1
|move|p1a: Tyranitar|Thunder Wave|p2a: Dragonite
|-status|p2a: Dragonite|par
|-enditem|p2a: Dragonite|Lum Berry|[eat]
|-curestatus|p2a: Dragonite|par|[msg]
|
|-weather|Sandstorm|[upkeep]
|-damage|p2a: Dragonite|94/100|[from] Sandstorm
|upkeep
|turn|18
|
|t:|1732995851
|move|p2a: Dragonite|Earthquake|p1a: Tyranitar
|-supereffective|p1a: Tyranitar
|-damage|p1a: Tyranitar|13/100
|move|p1a: Tyranitar|Thunder Wave|p2a: Dragonite
|-status|p2a: Dragonite|par
|
|-weather|Sandstorm|[upkeep]
|-damage|p2a: Dragonite|88/100 par|[from] Sandstorm
|upkeep
|turn|19
|
|t:|1732995856
|move|p2a: Dragonite|Extreme Speed|p1a: Tyranitar
|-resisted|p1a: Tyranitar
|-damage|p1a: Tyranitar|0 fnt
|faint|p1a: Tyranitar
|
|-weather|Sandstorm|[upkeep]
|-damage|p2a: Dragonite|82/100 par|[from] Sandstorm
|upkeep
|
|t:|1732995870
|switch|p1a: Latios|Latios, M|100/100
|turn|20
|
|t:|1732995875
|move|p2a: Dragonite|Extreme Speed|p1a: Latios
|-damage|p1a: Latios|42/100
|move|p1a: Latios|Draco Meteor|p2a: Dragonite
|-supereffective|p2a: Dragonite
|-damage|p2a: Dragonite|0 fnt
|-unboost|p1a: Latios|spa|2
|faint|p2a: Dragonite
|
|-weather|Sandstorm|[upkeep]
|-damage|p1a: Latios|36/100|[from] Sandstorm
|upkeep
|
|t:|1732995879
|switch|p2a: Excadrill|Excadrill, F|30/100
|-ability|p2a: Excadrill|Mold Breaker
|turn|21
|
|t:|1732995888
|switch|p1a: Ferrothorn|Ferrothorn, M|83/100
|move|p2a: Excadrill|Earthquake|p1a: Ferrothorn
|-damage|p1a: Ferrothorn|42/100
|
|-weather|Sandstorm|[upkeep]
|upkeep
|turn|22
|
|t:|1732995899
|switch|p2a: Magnezone|Magnezone|100/100
|-item|p2a: Magnezone|Air Balloon
|move|p1a: Ferrothorn|Power Whip|p2a: Magnezone
|-resisted|p2a: Magnezone
|-damage|p2a: Magnezone|80/100
|-enditem|p2a: Magnezone|Air Balloon
|
|-weather|Sandstorm|[upkeep]
|upkeep
|turn|23
|
|t:|1732995902
|move|p2a: Magnezone|Hidden Power|p1a: Ferrothorn
|-supereffective|p1a: Ferrothorn
|-damage|p1a: Ferrothorn|0 fnt
|faint|p1a: Ferrothorn
|
|-weather|Sandstorm|[upkeep]
|upkeep
|
|t:|1732995907
|switch|p1a: Landorus|Landorus-Therian, M|45/100
|-ability|p1a: Landorus|Intimidate|boost
|-unboost|p2a: Magnezone|atk|1
|turn|24
|
|t:|1732995913
|move|p1a: Landorus|Earthquake|p2a: Magnezone
|-supereffective|p2a: Magnezone
|-damage|p2a: Magnezone|0 fnt
|faint|p2a: Magnezone
|
|-weather|Sandstorm|[upkeep]
|upkeep
|
|t:|1732995919
|switch|p2a: Excadrill|Excadrill, F|30/100
|-ability|p2a: Excadrill|Mold Breaker
|turn|25
|
|t:|1732995932
|switch|p1a: Alakazam|Alakazam, M|1/100
|move|p2a: Excadrill|Iron Head|p1a: Alakazam
|-damage|p1a: Alakazam|0 fnt
|faint|p1a: Alakazam
|
|-weather|Sandstorm|[upkeep]
|upkeep
|
|t:|1732995935
|switch|p1a: Landorus|Landorus-Therian, M|45/100
|-ability|p1a: Landorus|Intimidate|boost
|-unboost|p2a: Excadrill|atk|1
|turn|26
|
|t:|1732995941
|move|p1a: Landorus|Earthquake|p2a: Excadrill
|-supereffective|p2a: Excadrill
|-damage|p2a: Excadrill|0 fnt
|faint|p2a: Excadrill
|
|-weather|Sandstorm|[upkeep]
|upkeep
|
|t:|1732995943
|switch|p2a: Kyurem|Kyurem-Black|100/100
|-ability|p2a: Kyurem|Teravolt
|turn|27
|
|t:|1732995952
|move|p1a: Landorus|Earthquake|p2a: Kyurem
|-damage|p2a: Kyurem|59/100
|move|p2a: Kyurem|Outrage|p1a: Landorus
|-damage|p1a: Landorus|0 fnt
|faint|p1a: Landorus
|
|-weather|Sandstorm|[upkeep]
|-damage|p2a: Kyurem|53/100|[from] Sandstorm
|upkeep
|
|t:|1732995959
|switch|p1a: Latios|Latios, M|36/100
|turn|28
|
|t:|1732995961
|move|p1a: Latios|Draco Meteor|p2a: Kyurem
|-supereffective|p2a: Kyurem
|-damage|p2a: Kyurem|0 fnt
|-unboost|p1a: Latios|spa|2
|faint|p2a: Kyurem
|
|win|Beetleinthebox
|raw|Beetleinthebox's rating: 1314 &rarr; <strong>1334</strong><br />(+20 for winning)
|raw|WindWeavile's rating: 1313 &rarr; <strong>1293</strong><br />(-20 for losing)
|c|☆WindWeavile|gg
|l|☆WindWeavile
|player|p2|
