|j|☆Abobasssss
|j|☆XP3R1
|t:|1708407350
|gametype|singles
|player|p1|Abobasssss|burglar|1330
|player|p2|XP3R1|ghetsis|1425
|teamsize|p1|6
|teamsize|p2|6
|gen|5
|tier|[Gen 5] OU
|rated|
|rule|Species Clause: Limit one of each Pokémon
|rule|OHKO Clause: OHKO moves are banned
|rule|Moody Clause: Moody is banned
|rule|Evasion Items Clause: Evasion items are banned
|rule|Evasion Moves Clause: Evasion moves are banned
|rule|Endless Battle Clause: Forcing endless battles is banned
|rule|HP Percentage Mod: HP is shown in percentages
|rule|Evasion Abilities Clause: Evasion abilities are banned
|rule|Sleep Moves Clause: Sleep-inducing moves are banned
|rule|Swagger Clause: Swagger is banned
|rule|Baton Pass Stat Clause: No Baton Passer may have a way to boost its stats
|clearpoke
|poke|p1|Blissey, F|item
|poke|p1|Excadrill, F|item
|poke|p1|Jellicent, M|item
|poke|p1|Tyranitar, F|item
|poke|p1|Landorus-Therian, M|item
|poke|p1|Terrakion|item
|poke|p2|Landorus-Therian, M|item
|poke|p2|Tyranitar, F|item
|poke|p2|Slowbro, M|item
|poke|p2|Scizor, F|item
|poke|p2|Ferrothorn, M|item
|poke|p2|Mienshao, F|item
|teampreview
|inactive|Battle timer is ON: inactive players will automatically lose when time's up. (requested by Abobasssss)
|
|t:|1708407381
|start
|switch|p1a: Landorus|Landorus-Therian, M|100/100
|switch|p2a: Good Boy|Landorus-Therian, M|100/100
|-ability|p1a: Landorus|Intimidate|boost
|-unboost|p2a: Good Boy|atk|1
|-ability|p2a: Good Boy|Intimidate|boost
|-unboost|p1a: Landorus|atk|1
|turn|1
|
|t:|1708407388
|move|p2a: Good Boy|U-turn|p1a: Landorus
|-resisted|p1a: Landorus
|-damage|p1a: Landorus|90/100
|inactive|XP3R1 has 120 seconds left.
|
|t:|1708407419
|switch|p2a: Don|Slowbro, M, shiny|100/100|[from] U-turn
|move|p1a: Landorus|U-turn|p2a: Don
|-supereffective|p2a: Don
|-damage|p2a: Don|79/100
|
|t:|1708407424
|switch|p1a: Blissey|Blissey, F|100/100|[from] U-turn
|
|-heal|p2a: Don|85/100|[from] item: Leftovers
|upkeep
|turn|2
|
|t:|1708407431
|switch|p2a: Feral|Ferrothorn, M, shiny|100/100
|move|p1a: Blissey|Stealth Rock|p2a: Feral
|-sidestart|p2: XP3R1|move: Stealth Rock
|
|upkeep
|turn|3
|
|t:|1708407437
|switch|p1a: Jellicent|Jellicent, M|100/100
|move|p2a: Feral|Stealth Rock|p1a: Jellicent
|-sidestart|p1: Abobasssss|move: Stealth Rock
|
|upkeep
|turn|4
|
|t:|1708407443
|move|p1a: Jellicent|Will-O-Wisp|p2a: Feral
|-status|p2a: Feral|brn
|move|p2a: Feral|Seed Bomb|p1a: Jellicent
|-supereffective|p1a: Jellicent
|-damage|p1a: Jellicent|76/100
|
|-heal|p1a: Jellicent|82/100|[from] item: Leftovers
|-damage|p2a: Feral|88/100 brn|[from] brn
|upkeep
|turn|5
|
|t:|1708407447
|switch|p2a: Don|Slowbro, M, shiny|100/100
|-damage|p2a: Don|88/100|[from] Stealth Rock
|move|p1a: Jellicent|Taunt|p2a: Don
|-start|p2a: Don|move: Taunt
|
|-heal|p1a: Jellicent|88/100|[from] item: Leftovers
|-heal|p2a: Don|94/100|[from] item: Leftovers
|upkeep
|turn|6
|
|t:|1708407452
|switch|p2a: Feral|Ferrothorn, M, shiny|88/100 brn
|-damage|p2a: Feral|82/100 brn|[from] Stealth Rock
|move|p1a: Jellicent|Will-O-Wisp|p2a: Feral
|-fail|p2a: Feral|brn
|
|-heal|p1a: Jellicent|94/100|[from] item: Leftovers
|-damage|p2a: Feral|69/100 brn|[from] brn
|upkeep
|turn|7
|
|t:|1708407456
|switch|p2a: Don|Slowbro, M, shiny|100/100
|-damage|p2a: Don|88/100|[from] Stealth Rock
|move|p1a: Jellicent|Taunt|p2a: Don
|-start|p2a: Don|move: Taunt
|
|-heal|p1a: Jellicent|100/100|[from] item: Leftovers
|-heal|p2a: Don|94/100|[from] item: Leftovers
|upkeep
|turn|8
|
|t:|1708407458
|move|p1a: Jellicent|Night Shade|p2a: Don
|-damage|p2a: Don|68/100
|move|p2a: Don|Ice Beam|p1a: Jellicent
|-resisted|p1a: Jellicent
|-damage|p1a: Jellicent|90/100
|
|-heal|p1a: Jellicent|96/100|[from] item: Leftovers
|-heal|p2a: Don|75/100|[from] item: Leftovers
|upkeep
|turn|9
|
|t:|1708407464
|switch|p2a: Feral|Ferrothorn, M, shiny|69/100 brn
|-damage|p2a: Feral|63/100 brn|[from] Stealth Rock
|move|p1a: Jellicent|Will-O-Wisp|p2a: Feral|[miss]
|-miss|p1a: Jellicent|p2a: Feral
|
|-heal|p1a: Jellicent|100/100|[from] item: Leftovers
|-damage|p2a: Feral|50/100 brn|[from] brn
|upkeep
|turn|10
|
|t:|1708407469
|move|p1a: Jellicent|Taunt|p2a: Feral
|-start|p2a: Feral|move: Taunt
|cant|p2a: Feral|move: Taunt|Thunder Wave
|
|-damage|p2a: Feral|38/100 brn|[from] brn
|upkeep
|turn|11
|
|t:|1708407473
|switch|p2a: DYNO MAMA|Tyranitar, F, shiny|100/100
|-damage|p2a: DYNO MAMA|88/100|[from] Stealth Rock
|-weather|Sandstorm|[from] ability: Sand Stream|[of] p2a: DYNO MAMA
|move|p1a: Jellicent|Night Shade|p2a: DYNO MAMA
|-damage|p2a: DYNO MAMA|62/100
|
|-weather|Sandstorm|[upkeep]
|-damage|p1a: Jellicent|94/100|[from] Sandstorm
|-heal|p1a: Jellicent|100/100|[from] item: Leftovers
|upkeep
|turn|12
|
|t:|1708407476
|move|p1a: Jellicent|Will-O-Wisp|p2a: DYNO MAMA
|-status|p2a: DYNO MAMA|brn
|move|p2a: DYNO MAMA|Crunch|p1a: Jellicent
|-supereffective|p1a: Jellicent
|-damage|p1a: Jellicent|59/100
|
|-weather|Sandstorm|[upkeep]
|-damage|p1a: Jellicent|53/100|[from] Sandstorm
|-heal|p1a: Jellicent|59/100|[from] item: Leftovers
|-damage|p2a: DYNO MAMA|50/100 brn|[from] brn
|upkeep
|turn|13
|
|t:|1708407481
|move|p1a: Jellicent|Recover|p1a: Jellicent
|-heal|p1a: Jellicent|100/100
|move|p2a: DYNO MAMA|Crunch|p1a: Jellicent
|-supereffective|p1a: Jellicent
|-damage|p1a: Jellicent|59/100
|
|-weather|Sandstorm|[upkeep]
|-damage|p1a: Jellicent|53/100|[from] Sandstorm
|-heal|p1a: Jellicent|59/100|[from] item: Leftovers
|-damage|p2a: DYNO MAMA|38/100 brn|[from] brn
|upkeep
|turn|14
|
|t:|1708407489
|switch|p2a: Don|Slowbro, M, shiny|100/100
|-damage|p2a: Don|88/100|[from] Stealth Rock
|move|p1a: Jellicent|Recover|p1a: Jellicent
|-heal|p1a: Jellicent|100/100
|
|-weather|Sandstorm|[upkeep]
|-damage|p1a: Jellicent|94/100|[from] Sandstorm
|-damage|p2a: Don|82/100|[from] Sandstorm
|-heal|p1a: Jellicent|100/100|[from] item: Leftovers
|-heal|p2a: Don|88/100|[from] item: Leftovers
|upkeep
|turn|15
|
|t:|1708407493
|move|p1a: Jellicent|Night Shade|p2a: Don
|-damage|p2a: Don|62/100
|move|p2a: Don|Ice Beam|p1a: Jellicent
|-resisted|p1a: Jellicent
|-damage|p1a: Jellicent|90/100
|
|-weather|Sandstorm|[upkeep]
|-damage|p1a: Jellicent|83/100|[from] Sandstorm
|-damage|p2a: Don|56/100|[from] Sandstorm
|-heal|p1a: Jellicent|90/100|[from] item: Leftovers
|-heal|p2a: Don|62/100|[from] item: Leftovers
|upkeep
|turn|16
|
|t:|1708407496
|move|p1a: Jellicent|Taunt|p2a: Don
|-start|p2a: Don|move: Taunt
|cant|p2a: Don|move: Taunt|Toxic
|
|-weather|Sandstorm|[upkeep]
|-damage|p1a: Jellicent|83/100|[from] Sandstorm
|-damage|p2a: Don|56/100|[from] Sandstorm
|-heal|p1a: Jellicent|90/100|[from] item: Leftovers
|-heal|p2a: Don|62/100|[from] item: Leftovers
|upkeep
|turn|17
|
|t:|1708407499
|switch|p2a: Feral|Ferrothorn, M, shiny|38/100 brn
|-damage|p2a: Feral|32/100 brn|[from] Stealth Rock
|move|p1a: Jellicent|Will-O-Wisp|p2a: Feral
|-fail|p2a: Feral|brn
|
|-weather|Sandstorm|[upkeep]
|-damage|p1a: Jellicent|83/100|[from] Sandstorm
|-heal|p1a: Jellicent|90/100|[from] item: Leftovers
|-damage|p2a: Feral|19/100 brn|[from] brn
|upkeep
|turn|18
|
|t:|1708407502
|switch|p2a: Don|Slowbro, M, shiny|95/100
|-damage|p2a: Don|83/100|[from] Stealth Rock
|move|p1a: Jellicent|Night Shade|p2a: Don
|-damage|p2a: Don|57/100
|
|-weather|Sandstorm|[upkeep]
|-damage|p1a: Jellicent|83/100|[from] Sandstorm
|-damage|p2a: Don|51/100|[from] Sandstorm
|-heal|p1a: Jellicent|90/100|[from] item: Leftovers
|-heal|p2a: Don|57/100|[from] item: Leftovers
|upkeep
|turn|19
|
|t:|1708407505
|move|p1a: Jellicent|Taunt|p2a: Don
|-start|p2a: Don|move: Taunt
|cant|p2a: Don|move: Taunt|Toxic
|
|-weather|Sandstorm|[upkeep]
|-damage|p1a: Jellicent|83/100|[from] Sandstorm
|-damage|p2a: Don|51/100|[from] Sandstorm
|-heal|p1a: Jellicent|90/100|[from] item: Leftovers
|-heal|p2a: Don|57/100|[from] item: Leftovers
|upkeep
|turn|20
|
|t:|1708407508
|switch|p2a: Feral|Ferrothorn, M, shiny|19/100 brn
|-damage|p2a: Feral|13/100 brn|[from] Stealth Rock
|move|p1a: Jellicent|Night Shade|p2a: Feral
|-damage|p2a: Feral|0 fnt
|faint|p2a: Feral
|
|-weather|Sandstorm|[upkeep]
|-damage|p1a: Jellicent|83/100|[from] Sandstorm
|-heal|p1a: Jellicent|90/100|[from] item: Leftovers
|upkeep
|
|t:|1708407521
|switch|p2a: DYNO MAMA|Tyranitar, F, shiny|38/100 brn
|-damage|p2a: DYNO MAMA|25/100 brn|[from] Stealth Rock
|turn|21
|
|t:|1708407526
|move|p1a: Jellicent|Night Shade|p2a: DYNO MAMA
|-damage|p2a: DYNO MAMA|0 fnt
|faint|p2a: DYNO MAMA
|
|-weather|Sandstorm|[upkeep]
|-damage|p1a: Jellicent|83/100|[from] Sandstorm
|-heal|p1a: Jellicent|90/100|[from] item: Leftovers
|upkeep
|
|t:|1708407530
|switch|p2a: Good Boy|Landorus-Therian, M|100/100
|-damage|p2a: Good Boy|88/100|[from] Stealth Rock
|-ability|p2a: Good Boy|Intimidate|boost
|-unboost|p1a: Jellicent|atk|1
|turn|22
|
|t:|1708407534
|move|p2a: Good Boy|Earthquake|p1a: Jellicent
|-damage|p1a: Jellicent|37/100
|move|p1a: Jellicent|Will-O-Wisp|p2a: Good Boy
|-status|p2a: Good Boy|brn
|
|-weather|Sandstorm|[upkeep]
|-damage|p1a: Jellicent|31/100|[from] Sandstorm
|-heal|p1a: Jellicent|37/100|[from] item: Leftovers
|-damage|p2a: Good Boy|75/100 brn|[from] brn
|upkeep
|turn|23
|
|t:|1708407537
|move|p2a: Good Boy|Earthquake|p1a: Jellicent
|-damage|p1a: Jellicent|11/100
|move|p1a: Jellicent|Recover|p1a: Jellicent
|-heal|p1a: Jellicent|61/100
|
|-weather|Sandstorm|[upkeep]
|-damage|p1a: Jellicent|55/100|[from] Sandstorm
|-heal|p1a: Jellicent|61/100|[from] item: Leftovers
|-damage|p2a: Good Boy|63/100 brn|[from] brn
|upkeep
|turn|24
|-message|XP3R1 forfeited.
|
|win|Abobasssss
|raw|Abobasssss's rating: 1330 &rarr; <strong>1355</strong><br />(+25 for winning)
|raw|XP3R1's rating: 1425 &rarr; <strong>1400</strong><br />(-25 for losing)
|l|☆XP3R1
|player|p2|
