|j|☆Gh0st of Perdition
|j|☆realmadriddd3
|player|p1|Gh0st of Perdition|gentleman-gen1rb|1579
|player|p2|realmadriddd3|lucas|1668
|teamsize|p1|6
|teamsize|p2|6
|gametype|singles
|gen|5
|tier|[Gen 5] OU
|rated|
|clearpoke
|poke|p1|Tyranitar, F|item
|poke|p1|Latias, F|item
|poke|p1|Xatu, M|item
|poke|p1|Seismitoad, F|item
|poke|p1|Ferrothorn, M|item
|poke|p1|Latios, M|item
|poke|p2|Heatran, M|item
|poke|p2|Ferrothorn, M|item
|poke|p2|Jellicent, M|item
|poke|p2|Gliscor, M|item
|poke|p2|Latios, M|item
|poke|p2|Reuniclus, M|item
|rule|Species Clause: Limit one of each Pokémon
|rule|OHKO Clause: OHKO moves are banned
|rule|Moody Clause: Moody is banned
|rule|Evasion Moves Clause: Evasion moves are banned
|rule|Endless Battle Clause: Forcing endless battles is banned
|rule|HP Percentage Mod: HP is shown in percentages
|rule|Evasion Abilities Clause: Evasion abilities are banned
|rule|Baton Pass Clause: Limit one Baton Passer, can't pass Spe and other stats simultaneously
|rule|Sleep Clause: Sleep-inducing moves are banned
|rule|Swagger Clause: Swagger is banned
|teampreview
|
|start
|switch|p1a: Seismitoad|Seismitoad, F|100/100
|switch|p2a: Gliscor|Gliscor, M|100/100
|turn|1
|
|move|p2a: Gliscor|Toxic|p1a: Seismitoad
|-status|p1a: Seismitoad|tox
|move|p1a: Seismitoad|Stealth Rock|p2a: Gliscor
|-sidestart|p2: realmadriddd3|move: Stealth Rock
|
|-damage|p1a: Seismitoad|94/100 tox|[from] psn
|-status|p2a: Gliscor|tox|[from] item: Toxic Orb
|upkeep
|turn|2
|
|move|p2a: Gliscor|Protect|p2a: Gliscor
|-singleturn|p2a: Gliscor|Protect
|move|p1a: Seismitoad|Refresh|p1a: Seismitoad
|-curestatus|p1a: Seismitoad|tox|[msg]
|
|-heal|p1a: Seismitoad|100/100|[from] item: Leftovers
|upkeep
|turn|3
|
|switch|p1a: Xatu|Xatu, M|100/100
|move|p2a: Gliscor|Toxic|p1a: Xatu
|move|p1a: Xatu|Toxic|p2a: Gliscor|[from]Magic Bounce|[miss]
|-miss|p1a: Xatu|p2a: Gliscor
|
|upkeep
|turn|4
|
|move|p1a: Xatu|U-turn|p2a: Gliscor
|-resisted|p2a: Gliscor
|-damage|p2a: Gliscor|96/100 tox
|
|switch|p1a: Seismitoad|Seismitoad, F|100/100|[from]move: U-turn
|move|p2a: Gliscor|Toxic|p1a: Seismitoad
|-status|p1a: Seismitoad|tox
|
|-heal|p2a: Gliscor|100/100 tox|[from] ability: Poison Heal
|-damage|p1a: Seismitoad|94/100 tox|[from] psn
|upkeep
|turn|5
|
|move|p2a: Gliscor|Taunt|p1a: Seismitoad
|-start|p1a: Seismitoad|move: Taunt
|cant|p1a: Seismitoad|move: Taunt|Refresh
|
|-heal|p1a: Seismitoad|100/100 tox|[from] item: Leftovers
|-damage|p1a: Seismitoad|88/100 tox|[from] psn
|upkeep
|turn|6
|
|switch|p2a: Heatran|Heatran, M|100/100
|-damage|p2a: Heatran|88/100|[from] Stealth Rock
|switch|p1a: Xatu|Xatu, M|100/100
|
|-heal|p2a: Heatran|94/100|[from] item: Leftovers
|upkeep
|turn|7
|
|move|p1a: Xatu|Reflect|p1a: Xatu
|-sidestart|p1: Gh0st of Perdition|Reflect
|move|p2a: Heatran|Stealth Rock|p1a: Xatu
|move|p1a: Xatu|Stealth Rock||[from]Magic Bounce|[still]
|-fail|p1a: Xatu
|
|-heal|p2a: Heatran|100/100|[from] item: Leftovers
|upkeep
|turn|8
|
|move|p1a: Xatu|U-turn|p2a: Heatran
|-resisted|p2a: Heatran
|-damage|p2a: Heatran|98/100
|
|switch|p1a: Seismitoad|Seismitoad, F|88/100 tox|[from]move: U-turn
|move|p2a: Heatran|Stealth Rock|p1a: Seismitoad
|-sidestart|p1: Gh0st of Perdition|move: Stealth Rock
|
|-heal|p2a: Heatran|100/100|[from] item: Leftovers
|-heal|p1a: Seismitoad|94/100 tox|[from] item: Leftovers
|-damage|p1a: Seismitoad|88/100 tox|[from] psn
|upkeep
|turn|9
|
|switch|p2a: Reuniclus|Reuniclus, M|100/100
|move|p1a: Seismitoad|Refresh|p1a: Seismitoad
|-curestatus|p1a: Seismitoad|tox|[msg]
|
|-heal|p1a: Seismitoad|94/100|[from] item: Leftovers
|upkeep
|turn|10
|
|switch|p1a: Latios|Latios, M|100/100
|-damage|p1a: Latios|88/100|[from] Stealth Rock
|switch|p2a: Gliscor|Gliscor, M|100/100 tox
|-damage|p2a: Gliscor|88/100 tox|[from] Stealth Rock
|
|-heal|p2a: Gliscor|100/100 tox|[from] ability: Poison Heal
|upkeep
|turn|11
|
|move|p2a: Gliscor|Protect|p2a: Gliscor
|-singleturn|p2a: Gliscor|Protect
|move|p1a: Latios|Draco Meteor|p2a: Gliscor
|-activate|p2a: Gliscor|move: Protect
|
|-sideend|p1: Gh0st of Perdition|Reflect
|upkeep
|turn|12
|inactive|Battle timer is ON: inactive players will automatically lose when time's up. (requested by Gh0st of Perdition)
|
|switch|p2a: Ferrothorn|Ferrothorn, M|100/100
|-damage|p2a: Ferrothorn|95/100|[from] Stealth Rock
|move|p1a: Latios|Draco Meteor|p2a: Ferrothorn
|-resisted|p2a: Ferrothorn
|-damage|p2a: Ferrothorn|61/100
|-unboost|p1a: Latios|spa|2
|
|-heal|p2a: Ferrothorn|67/100|[from] item: Leftovers
|upkeep
|turn|13
|
|switch|p1a: Xatu|Xatu, M|100/100
|-damage|p1a: Xatu|76/100|[from] Stealth Rock
|switch|p2a: Heatran|Heatran, M|100/100
|-damage|p2a: Heatran|88/100|[from] Stealth Rock
|
|-heal|p2a: Heatran|94/100|[from] item: Leftovers
|upkeep
|turn|14
|
|move|p1a: Xatu|U-turn|p2a: Heatran
|-resisted|p2a: Heatran
|-damage|p2a: Heatran|92/100
|
|switch|p1a: Seismitoad|Seismitoad, F|94/100|[from]move: U-turn
|-damage|p1a: Seismitoad|88/100|[from] Stealth Rock
|move|p2a: Heatran|Lava Plume|p1a: Seismitoad
|-resisted|p1a: Seismitoad
|-damage|p1a: Seismitoad|71/100
|
|-heal|p2a: Heatran|98/100|[from] item: Leftovers
|-heal|p1a: Seismitoad|77/100|[from] item: Leftovers
|upkeep
|turn|15
|
|switch|p2a: Reuniclus|Reuniclus, M|100/100
|move|p1a: Seismitoad|Earthquake|p2a: Reuniclus
|-damage|p2a: Reuniclus|79/100
|
|-heal|p1a: Seismitoad|83/100|[from] item: Leftovers
|-heal|p2a: Reuniclus|85/100|[from] item: Leftovers
|upkeep
|turn|16
|
|switch|p1a: Latios|Latios, M|88/100
|-damage|p1a: Latios|76/100|[from] Stealth Rock
|move|p2a: Reuniclus|Hidden Power|p1a: Latios
|-supereffective|p1a: Latios
|-damage|p1a: Latios|35/100
|
|-heal|p2a: Reuniclus|91/100|[from] item: Leftovers
|upkeep
|turn|17
|
|switch|p2a: Latios|Latios, M|100/100
|-damage|p2a: Latios|88/100|[from] Stealth Rock
|move|p1a: Latios|Recover|p1a: Latios
|-heal|p1a: Latios|86/100
|
|upkeep
|turn|18
|
|switch|p2a: Gliscor|Gliscor, M|100/100 tox
|-damage|p2a: Gliscor|88/100 tox|[from] Stealth Rock
|switch|p1a: Tyranitar|Tyranitar, F|100/100
|-damage|p1a: Tyranitar|88/100|[from] Stealth Rock
|-weather|Sandstorm|[from] ability: Sand Stream|[of] p1a: Tyranitar
|
|-weather|Sandstorm|[upkeep]
|-heal|p2a: Gliscor|100/100 tox|[from] ability: Poison Heal
|upkeep
|turn|19
|
|switch|p1a: Xatu|Xatu, M|76/100
|-damage|p1a: Xatu|51/100|[from] Stealth Rock
|switch|p2a: Heatran|Heatran, M|98/100
|-damage|p2a: Heatran|86/100|[from] Stealth Rock
|
|-weather|Sandstorm|[upkeep]
|-damage|p1a: Xatu|45/100|[from] Sandstorm
|-heal|p2a: Heatran|92/100|[from] item: Leftovers
|upkeep
|turn|20
|
|move|p1a: Xatu|U-turn|p2a: Heatran
|-resisted|p2a: Heatran
|-damage|p2a: Heatran|89/100
|
|switch|p1a: Seismitoad|Seismitoad, F|83/100|[from]move: U-turn
|-damage|p1a: Seismitoad|77/100|[from] Stealth Rock
|move|p2a: Heatran|Lava Plume|p1a: Seismitoad
|-resisted|p1a: Seismitoad
|-damage|p1a: Seismitoad|58/100
|
|-weather|Sandstorm|[upkeep]
|-heal|p2a: Heatran|96/100|[from] item: Leftovers
|-heal|p1a: Seismitoad|64/100|[from] item: Leftovers
|upkeep
|turn|21
|
|switch|p2a: Jellicent|Jellicent, M|100/100
|-damage|p2a: Jellicent|88/100|[from] Stealth Rock
|move|p1a: Seismitoad|Scald|p2a: Jellicent
|-heal|p2a: Jellicent|100/100|[from] ability: Water Absorb|[of] p1a: Seismitoad
|
|-weather|Sandstorm|[upkeep]
|-damage|p2a: Jellicent|94/100|[from] Sandstorm
|-heal|p2a: Jellicent|100/100|[from] item: Leftovers
|-heal|p1a: Seismitoad|70/100|[from] item: Leftovers
|upkeep
|turn|22
|
|move|p2a: Jellicent|Shadow Ball|p1a: Seismitoad
|-crit|p1a: Seismitoad
|-damage|p1a: Seismitoad|15/100
|move|p1a: Seismitoad|Earthquake|p2a: Jellicent
|-damage|p2a: Jellicent|68/100
|
|-weather|Sandstorm|[upkeep]
|-damage|p2a: Jellicent|62/100|[from] Sandstorm
|-heal|p2a: Jellicent|68/100|[from] item: Leftovers
|-heal|p1a: Seismitoad|22/100|[from] item: Leftovers
|upkeep
|turn|23
|
|switch|p1a: Xatu|Xatu, M|45/100
|-damage|p1a: Xatu|20/100|[from] Stealth Rock
|move|p2a: Jellicent|Will-O-Wisp|p1a: Xatu
|move|p1a: Xatu|Will-O-Wisp|p2a: Jellicent|[from]Magic Bounce
|-status|p2a: Jellicent|brn
|
|-weather|Sandstorm|[upkeep]
|-damage|p1a: Xatu|14/100|[from] Sandstorm
|-damage|p2a: Jellicent|62/100 brn|[from] Sandstorm
|-heal|p2a: Jellicent|68/100 brn|[from] item: Leftovers
|-damage|p2a: Jellicent|56/100 brn|[from] brn
|upkeep
|turn|24
|
|move|p1a: Xatu|Roost|p1a: Xatu
|-heal|p1a: Xatu|64/100
|-singleturn|p1a: Xatu|move: Roost
|move|p2a: Jellicent|Shadow Ball|p1a: Xatu
|-supereffective|p1a: Xatu
|-damage|p1a: Xatu|0 fnt
|faint|p1a: Xatu
|
|-weather|Sandstorm|[upkeep]
|-damage|p2a: Jellicent|49/100 brn|[from] Sandstorm
|-heal|p2a: Jellicent|56/100 brn|[from] item: Leftovers
|-damage|p2a: Jellicent|43/100 brn|[from] brn
|upkeep
|
|switch|p1a: Tyranitar|Tyranitar, F|88/100
|-damage|p1a: Tyranitar|76/100|[from] Stealth Rock
|turn|25
|
|move|p1a: Tyranitar|Crunch|p2a: Jellicent
|-supereffective|p2a: Jellicent
|-damage|p2a: Jellicent|0 fnt
|faint|p2a: Jellicent
|
|-weather|Sandstorm|[upkeep]
|upkeep
|
|switch|p2a: Heatran|Heatran, M|96/100
|-damage|p2a: Heatran|83/100|[from] Stealth Rock
|turn|26
|
|switch|p1a: Seismitoad|Seismitoad, F|22/100
|-damage|p1a: Seismitoad|15/100|[from] Stealth Rock
|move|p2a: Heatran|Lava Plume|p1a: Seismitoad
|-resisted|p1a: Seismitoad
|-damage|p1a: Seismitoad|0 fnt
|faint|p1a: Seismitoad
|
|-weather|Sandstorm|[upkeep]
|-heal|p2a: Heatran|89/100|[from] item: Leftovers
|upkeep
|
|switch|p1a: Latios|Latios, M|86/100
|-damage|p1a: Latios|73/100|[from] Stealth Rock
|turn|27
|
|move|p2a: Heatran|Protect|p2a: Heatran
|-singleturn|p2a: Heatran|Protect
|move|p1a: Latios|Trick|p2a: Heatran
|-activate|p2a: Heatran|move: Protect
|
|-weather|Sandstorm|[upkeep]
|-damage|p1a: Latios|67/100|[from] Sandstorm
|-heal|p2a: Heatran|96/100|[from] item: Leftovers
|upkeep
|turn|28
|
|switch|p2a: Latios|Latios, M|88/100
|-damage|p2a: Latios|76/100|[from] Stealth Rock
|move|p1a: Latios|Trick|p2a: Latios
|-activate|p1a: Latios|move: Trick|[of] p2a: Latios
|-item|p2a: Latios|Choice Specs|[from] move: Trick
|-item|p1a: Latios|Choice Scarf|[from] move: Trick
|
|-weather|Sandstorm|[upkeep]
|-damage|p1a: Latios|61/100|[from] Sandstorm
|-damage|p2a: Latios|70/100|[from] Sandstorm
|upkeep
|turn|29
|inactive|realmadriddd3 has 120 seconds left.
|inactive|Gh0st of Perdition has 120 seconds left.
|inactive|realmadriddd3 has 90 seconds left.
|c|☆realmadriddd3|can u swap moves
|c|☆realmadriddd3|idr how this gen works lol
|inactive|Gh0st of Perdition has 90 seconds left.
|inactive|realmadriddd3 has 60 seconds left.
|
|move|p1a: Latios|Draco Meteor|p2a: Latios
|-supereffective|p2a: Latios
|-damage|p2a: Latios|0 fnt
|-unboost|p1a: Latios|spa|2
|faint|p2a: Latios
|
|-weather|Sandstorm|[upkeep]
|-damage|p1a: Latios|55/100|[from] Sandstorm
|upkeep
|
|switch|p2a: Heatran|Heatran, M|96/100
|-damage|p2a: Heatran|83/100|[from] Stealth Rock
|turn|30
|c|☆Gh0st of Perdition|yup i can
|
|switch|p1a: Tyranitar|Tyranitar, F|76/100
|-damage|p1a: Tyranitar|64/100|[from] Stealth Rock
|move|p2a: Heatran|Lava Plume|p1a: Tyranitar
|-resisted|p1a: Tyranitar
|-damage|p1a: Tyranitar|50/100
|
|-weather|Sandstorm|[upkeep]
|-heal|p2a: Heatran|89/100|[from] item: Leftovers
|upkeep
|turn|31
|
|move|p2a: Heatran|Protect|p2a: Heatran
|-singleturn|p2a: Heatran|Protect
|move|p1a: Tyranitar|Earthquake|p2a: Heatran
|-activate|p2a: Heatran|move: Protect
|
|-weather|Sandstorm|[upkeep]
|-heal|p2a: Heatran|96/100|[from] item: Leftovers
|upkeep
|turn|32
|
|switch|p1a: Latios|Latios, M|55/100
|-damage|p1a: Latios|43/100|[from] Stealth Rock
|switch|p2a: Gliscor|Gliscor, M|100/100 tox
|-damage|p2a: Gliscor|88/100 tox|[from] Stealth Rock
|
|-weather|Sandstorm|[upkeep]
|-damage|p1a: Latios|37/100|[from] Sandstorm
|-heal|p2a: Gliscor|100/100 tox|[from] ability: Poison Heal
|upkeep
|turn|33
|
|move|p2a: Gliscor|Protect|p2a: Gliscor
|-singleturn|p2a: Gliscor|Protect
|move|p1a: Latios|Trick|p2a: Gliscor
|-activate|p2a: Gliscor|move: Protect
|
|-weather|Sandstorm|[upkeep]
|-damage|p1a: Latios|31/100|[from] Sandstorm
|upkeep
|turn|34
|
|move|p1a: Latios|Trick|p2a: Gliscor
|-activate|p1a: Latios|move: Trick|[of] p2a: Gliscor
|-item|p2a: Gliscor|Choice Scarf|[from] move: Trick
|-item|p1a: Latios|Toxic Orb|[from] move: Trick
|move|p2a: Gliscor|Taunt|p1a: Latios
|-start|p1a: Latios|move: Taunt
|
|-weather|Sandstorm|[upkeep]
|-damage|p1a: Latios|25/100|[from] Sandstorm
|-status|p1a: Latios|tox|[from] item: Toxic Orb
|upkeep
|turn|35
|
|switch|p1a: Ferrothorn|Ferrothorn, M|100/100
|-damage|p1a: Ferrothorn|95/100|[from] Stealth Rock
|switch|p2a: Ferrothorn|Ferrothorn, M|67/100
|-damage|p2a: Ferrothorn|61/100|[from] Stealth Rock
|
|-weather|Sandstorm|[upkeep]
|-heal|p2a: Ferrothorn|67/100|[from] item: Leftovers
|upkeep
|turn|36
|
|switch|p2a: Heatran|Heatran, M|96/100
|-damage|p2a: Heatran|83/100|[from] Stealth Rock
|move|p1a: Ferrothorn|Spikes|p2a: Heatran
|-sidestart|p2: realmadriddd3|Spikes
|
|-weather|Sandstorm|[upkeep]
|-heal|p2a: Heatran|89/100|[from] item: Leftovers
|upkeep
|turn|37
|
|switch|p1a: Tyranitar|Tyranitar, F|50/100
|-damage|p1a: Tyranitar|38/100|[from] Stealth Rock
|move|p2a: Heatran|Lava Plume|p1a: Tyranitar
|-resisted|p1a: Tyranitar
|-damage|p1a: Tyranitar|25/100
|
|-weather|Sandstorm|[upkeep]
|-heal|p2a: Heatran|96/100|[from] item: Leftovers
|upkeep
|turn|38
|
|switch|p2a: Gliscor|Gliscor, M|100/100 tox
|-damage|p2a: Gliscor|88/100 tox|[from] Stealth Rock
|move|p1a: Tyranitar|Earthquake|p2a: Gliscor
|-immune|p2a: Gliscor
|
|-weather|Sandstorm|[upkeep]
|-heal|p2a: Gliscor|100/100 tox|[from] ability: Poison Heal
|upkeep
|turn|39
|
|move|p1a: Tyranitar|Earthquake|p2a: Gliscor
|-immune|p2a: Gliscor
|move|p2a: Gliscor|Taunt|p1a: Tyranitar
|-start|p1a: Tyranitar|move: Taunt
|
|-weather|Sandstorm|[upkeep]
|upkeep
|turn|40
|
|switch|p1a: Ferrothorn|Ferrothorn, M|95/100
|-damage|p1a: Ferrothorn|89/100|[from] Stealth Rock
|move|p2a: Gliscor|Taunt|p1a: Ferrothorn
|-start|p1a: Ferrothorn|move: Taunt
|
|-weather|Sandstorm|[upkeep]
|upkeep
|turn|41
|
|switch|p2a: Reuniclus|Reuniclus, M|91/100
|move|p1a: Ferrothorn|Bulldoze|p2a: Reuniclus
|-damage|p2a: Reuniclus|70/100
|-unboost|p2a: Reuniclus|spe|1
|
|-weather|Sandstorm|[upkeep]
|-heal|p2a: Reuniclus|76/100|[from] item: Leftovers
|upkeep
|turn|42
|
|move|p2a: Reuniclus|Hidden Power|p1a: Ferrothorn
|-damage|p1a: Ferrothorn|71/100
|move|p1a: Ferrothorn|Bulldoze|p2a: Reuniclus
|-crit|p2a: Reuniclus
|-damage|p2a: Reuniclus|39/100
|-unboost|p2a: Reuniclus|spe|1
|
|-weather|Sandstorm|[upkeep]
|-heal|p2a: Reuniclus|45/100|[from] item: Leftovers
|-end|p1a: Ferrothorn|move: Taunt
|upkeep
|turn|43
|
|move|p2a: Reuniclus|Recover|p2a: Reuniclus
|-heal|p2a: Reuniclus|95/100
|move|p1a: Ferrothorn|Bulldoze|p2a: Reuniclus
|-damage|p2a: Reuniclus|75/100
|-unboost|p2a: Reuniclus|spe|1
|
|-weather|Sandstorm|[upkeep]
|-heal|p2a: Reuniclus|81/100|[from] item: Leftovers
|upkeep
|turn|44
|
|switch|p1a: Tyranitar|Tyranitar, F|25/100
|-damage|p1a: Tyranitar|13/100|[from] Stealth Rock
|move|p2a: Reuniclus|Recover|p2a: Reuniclus
|-heal|p2a: Reuniclus|100/100
|
|-weather|Sandstorm|[upkeep]
|upkeep
|turn|45
|
|move|p1a: Tyranitar|Pursuit|p2a: Reuniclus
|-supereffective|p2a: Reuniclus
|-damage|p2a: Reuniclus|71/100
|move|p2a: Reuniclus|Recover|p2a: Reuniclus
|-heal|p2a: Reuniclus|100/100
|
|-weather|Sandstorm|[upkeep]
|upkeep
|turn|46
|
|move|p1a: Tyranitar|Pursuit|p2a: Reuniclus
|-supereffective|p2a: Reuniclus
|-damage|p2a: Reuniclus|73/100
|move|p2a: Reuniclus|Calm Mind|p2a: Reuniclus
|-boost|p2a: Reuniclus|spa|1
|-boost|p2a: Reuniclus|spd|1
|
|-weather|Sandstorm|[upkeep]
|-heal|p2a: Reuniclus|79/100|[from] item: Leftovers
|upkeep
|turn|47
|
|switch|p1a: Ferrothorn|Ferrothorn, M|71/100
|-damage|p1a: Ferrothorn|65/100|[from] Stealth Rock
|move|p2a: Reuniclus|Recover|p2a: Reuniclus
|-heal|p2a: Reuniclus|100/100
|
|-weather|Sandstorm|[upkeep]
|upkeep
|turn|48
|
|move|p2a: Reuniclus|Hidden Power|p1a: Ferrothorn
|-damage|p1a: Ferrothorn|42/100
|move|p1a: Ferrothorn|Power Whip|p2a: Reuniclus
|-damage|p2a: Reuniclus|43/100
|
|-weather|Sandstorm|[upkeep]
|-heal|p2a: Reuniclus|49/100|[from] item: Leftovers
|upkeep
|turn|49
|
|move|p2a: Reuniclus|Recover|p2a: Reuniclus
|-heal|p2a: Reuniclus|99/100
|move|p1a: Ferrothorn|Power Whip|p2a: Reuniclus
|-damage|p2a: Reuniclus|44/100
|
|-weather|Sandstorm|[upkeep]
|-heal|p2a: Reuniclus|51/100|[from] item: Leftovers
|upkeep
|turn|50
|
|move|p2a: Reuniclus|Recover|p2a: Reuniclus
|-heal|p2a: Reuniclus|100/100
|move|p1a: Ferrothorn|Power Whip|p2a: Reuniclus|[miss]
|-miss|p1a: Ferrothorn|p2a: Reuniclus
|
|-weather|Sandstorm|[upkeep]
|upkeep
|turn|51
|
|switch|p2a: Ferrothorn|Ferrothorn, M|67/100
|-damage|p2a: Ferrothorn|55/100|[from] Spikes
|-damage|p2a: Ferrothorn|49/100|[from] Stealth Rock
|move|p1a: Ferrothorn|Power Whip|p2a: Ferrothorn
|-resisted|p2a: Ferrothorn
|-damage|p2a: Ferrothorn|34/100
|-damage|p1a: Ferrothorn|30/100|[from] ability: Iron Barbs|[of] p2a: Ferrothorn
|
|-weather|Sandstorm|[upkeep]
|-heal|p2a: Ferrothorn|40/100|[from] item: Leftovers
|upkeep
|turn|52
|
|switch|p1a: Tyranitar|Tyranitar, F|13/100
|-damage|p1a: Tyranitar|1/100|[from] Stealth Rock
|move|p2a: Ferrothorn|Leech Seed|p1a: Tyranitar
|-start|p1a: Tyranitar|move: Leech Seed
|
|-weather|Sandstorm|[upkeep]
|-heal|p2a: Ferrothorn|46/100|[from] item: Leftovers
|-damage|p1a: Tyranitar|0 fnt|[from] Leech Seed|[of] p2a: Ferrothorn
|-heal|p2a: Ferrothorn|46/100|[silent]
|faint|p1a: Tyranitar
|upkeep
|
|switch|p1a: Latias|Latias, F|100/100
|-damage|p1a: Latias|88/100|[from] Stealth Rock
|turn|53
|
|move|p1a: Latias|Hidden Power|p2a: Ferrothorn
|-supereffective|p2a: Ferrothorn
|-damage|p2a: Ferrothorn|0 fnt
|faint|p2a: Ferrothorn
|
|-weather|Sandstorm|[upkeep]
|-damage|p1a: Latias|82/100|[from] Sandstorm
|-heal|p1a: Latias|88/100|[from] item: Leftovers
|upkeep
|
|switch|p2a: Heatran|Heatran, M|96/100
|-damage|p2a: Heatran|83/100|[from] Stealth Rock
|-damage|p2a: Heatran|71/100|[from] Spikes
|turn|54
|
|switch|p1a: Ferrothorn|Ferrothorn, M|30/100
|-damage|p1a: Ferrothorn|24/100|[from] Stealth Rock
|move|p2a: Heatran|Lava Plume|p1a: Ferrothorn
|-supereffective|p1a: Ferrothorn
|-damage|p1a: Ferrothorn|0 fnt
|faint|p1a: Ferrothorn
|
|-weather|Sandstorm|[upkeep]
|-heal|p2a: Heatran|77/100|[from] item: Leftovers
|upkeep
|
|switch|p1a: Latios|Latios, M|25/100 tox
|-damage|p1a: Latios|13/100 tox|[from] Stealth Rock
|turn|55
|
|switch|p2a: Gliscor|Gliscor, M|100/100 tox
|-damage|p2a: Gliscor|88/100 tox|[from] Stealth Rock
|move|p1a: Latios|Surf|p2a: Gliscor
|-supereffective|p2a: Gliscor
|-damage|p2a: Gliscor|26/100 tox
|
|-weather|Sandstorm|[upkeep]
|-damage|p1a: Latios|7/100 tox|[from] Sandstorm
|-damage|p1a: Latios|1/100 tox|[from] psn
|-heal|p2a: Gliscor|38/100 tox|[from] ability: Poison Heal
|upkeep
|turn|56
|inactive|realmadriddd3 has 120 seconds left.
|c|☆realmadriddd3|oops thot u died
|c|☆Gh0st of Perdition|me too tbh
|inactive|realmadriddd3 has 90 seconds left.
|inactive|realmadriddd3 has 60 seconds left.
|inactive|realmadriddd3 has 30 seconds left.
|
|switch|p2a: Reuniclus|Reuniclus, M|100/100
|move|p1a: Latios|Recover|p1a: Latios
|-heal|p1a: Latios|51/100 tox
|
|-weather|Sandstorm|[upkeep]
|-damage|p1a: Latios|45/100 tox|[from] Sandstorm
|-damage|p1a: Latios|33/100 tox|[from] psn
|upkeep
|turn|57
|inactive|realmadriddd3 has 30 seconds left.
|
|move|p1a: Latios|Trick|p2a: Reuniclus
|-activate|p1a: Latios|move: Trick|[of] p2a: Reuniclus
|-item|p2a: Reuniclus|Toxic Orb|[from] move: Trick
|-item|p1a: Latios|Leftovers|[from] move: Trick
|move|p2a: Reuniclus|Recover||[still]
|-fail|p2a: Reuniclus|heal
|
|-weather|Sandstorm|[upkeep]
|-damage|p1a: Latios|27/100 tox|[from] Sandstorm
|-heal|p1a: Latios|33/100 tox|[from] item: Leftovers
|-damage|p1a: Latios|15/100 tox|[from] psn
|-status|p2a: Reuniclus|tox|[from] item: Toxic Orb
|upkeep
|turn|58
|j| ThatChillGuy
|
|switch|p1a: Latias|Latias, F|88/100
|-damage|p1a: Latias|76/100|[from] Stealth Rock
|move|p2a: Reuniclus|Calm Mind|p2a: Reuniclus
|-boost|p2a: Reuniclus|spa|1
|-boost|p2a: Reuniclus|spd|1
|
|-weather|Sandstorm|[upkeep]
|-damage|p1a: Latias|70/100|[from] Sandstorm
|-heal|p1a: Latias|76/100|[from] item: Leftovers
|upkeep
|turn|59
|
|move|p1a: Latias|Calm Mind|p1a: Latias
|-boost|p1a: Latias|spa|1
|-boost|p1a: Latias|spd|1
|move|p2a: Reuniclus|Hidden Power|p1a: Latias
|-supereffective|p1a: Latias
|-damage|p1a: Latias|41/100
|
|-weather|Sandstorm|[upkeep]
|-damage|p1a: Latias|35/100|[from] Sandstorm
|-heal|p1a: Latias|41/100|[from] item: Leftovers
|upkeep
|turn|60
|
|move|p1a: Latias|Calm Mind|p1a: Latias
|-boost|p1a: Latias|spa|1
|-boost|p1a: Latias|spd|1
|move|p2a: Reuniclus|Hidden Power|p1a: Latias
|-supereffective|p1a: Latias
|-damage|p1a: Latias|13/100
|
|-weather|Sandstorm|[upkeep]
|-damage|p1a: Latias|7/100|[from] Sandstorm
|-heal|p1a: Latias|13/100|[from] item: Leftovers
|upkeep
|turn|61
|
|move|p1a: Latias|Roost|p1a: Latias
|-heal|p1a: Latias|63/100
|-singleturn|p1a: Latias|move: Roost
|move|p2a: Reuniclus|Hidden Power|p1a: Latias
|-supereffective|p1a: Latias
|-damage|p1a: Latias|39/100
|
|-weather|Sandstorm|[upkeep]
|-damage|p1a: Latias|33/100|[from] Sandstorm
|-heal|p1a: Latias|39/100|[from] item: Leftovers
|upkeep
|turn|62
|
|switch|p2a: Gliscor|Gliscor, M|38/100 tox
|-damage|p2a: Gliscor|26/100 tox|[from] Stealth Rock
|move|p1a: Latias|Roost|p1a: Latias
|-heal|p1a: Latias|89/100
|-singleturn|p1a: Latias|move: Roost
|
|-weather|Sandstorm|[upkeep]
|-damage|p1a: Latias|83/100|[from] Sandstorm
|-heal|p1a: Latias|89/100|[from] item: Leftovers
|-heal|p2a: Gliscor|38/100 tox|[from] ability: Poison Heal
|upkeep
|turn|63
|inactive|Gh0st of Perdition has 120 seconds left.
|
|move|p1a: Latias|Dragon Pulse|p2a: Gliscor
|-damage|p2a: Gliscor|0 fnt
|faint|p2a: Gliscor
|
|-weather|Sandstorm|[upkeep]
|-damage|p1a: Latias|83/100|[from] Sandstorm
|-heal|p1a: Latias|89/100|[from] item: Leftovers
|upkeep
|
|switch|p2a: Heatran|Heatran, M|77/100
|-damage|p2a: Heatran|64/100|[from] Stealth Rock
|-damage|p2a: Heatran|52/100|[from] Spikes
|turn|64
|
|move|p1a: Latias|Dragon Pulse|p2a: Heatran
|-resisted|p2a: Heatran
|-damage|p2a: Heatran|27/100
|move|p2a: Heatran|Lava Plume|p1a: Latias
|-resisted|p1a: Latias
|-damage|p1a: Latias|80/100
|
|-weather|Sandstorm|[upkeep]
|-damage|p1a: Latias|74/100|[from] Sandstorm
|-heal|p1a: Latias|80/100|[from] item: Leftovers
|-heal|p2a: Heatran|33/100|[from] item: Leftovers
|upkeep
|turn|65
|
|move|p1a: Latias|Calm Mind|p1a: Latias
|-boost|p1a: Latias|spa|1
|-boost|p1a: Latias|spd|1
|move|p2a: Heatran|Roar|p1a: Latias
|drag|p1a: Latios|Latios, M|15/100 tox
|-damage|p1a: Latios|3/100 tox|[from] Stealth Rock
|
|-weather|Sandstorm|[upkeep]
|-damage|p1a: Latios|0 fnt|[from] Sandstorm
|faint|p1a: Latios
|-heal|p2a: Heatran|39/100|[from] item: Leftovers
|upkeep
|
|switch|p1a: Latias|Latias, F|80/100
|-damage|p1a: Latias|68/100|[from] Stealth Rock
|turn|66
|
|move|p1a: Latias|Calm Mind|p1a: Latias
|-boost|p1a: Latias|spa|1
|-boost|p1a: Latias|spd|1
|move|p2a: Heatran|Lava Plume|p1a: Latias
|-resisted|p1a: Latias
|-damage|p1a: Latias|56/100
|
|-weather|Sandstorm|[upkeep]
|-damage|p1a: Latias|50/100|[from] Sandstorm
|-heal|p1a: Latias|56/100|[from] item: Leftovers
|-heal|p2a: Heatran|45/100|[from] item: Leftovers
|upkeep
|turn|67
|l| ThatChillGuy
|
|move|p1a: Latias|Roost|p1a: Latias
|-heal|p1a: Latias|100/100
|-singleturn|p1a: Latias|move: Roost
|move|p2a: Heatran|Lava Plume|p1a: Latias
|-resisted|p1a: Latias
|-damage|p1a: Latias|90/100
|
|-weather|Sandstorm|[upkeep]
|-damage|p1a: Latias|84/100|[from] Sandstorm
|-heal|p1a: Latias|90/100|[from] item: Leftovers
|-heal|p2a: Heatran|52/100|[from] item: Leftovers
|upkeep
|turn|68
|
|move|p1a: Latias|Calm Mind|p1a: Latias
|-boost|p1a: Latias|spa|1
|-boost|p1a: Latias|spd|1
|move|p2a: Heatran|Lava Plume|p1a: Latias
|-resisted|p1a: Latias
|-damage|p1a: Latias|83/100
|
|-weather|Sandstorm|[upkeep]
|-damage|p1a: Latias|77/100|[from] Sandstorm
|-heal|p1a: Latias|83/100|[from] item: Leftovers
|-heal|p2a: Heatran|58/100|[from] item: Leftovers
|upkeep
|turn|69
|
|move|p1a: Latias|Calm Mind|p1a: Latias
|-boost|p1a: Latias|spa|1
|-boost|p1a: Latias|spd|1
|move|p2a: Heatran|Lava Plume|p1a: Latias
|-resisted|p1a: Latias
|-damage|p1a: Latias|77/100
|
|-weather|Sandstorm|[upkeep]
|-damage|p1a: Latias|71/100|[from] Sandstorm
|-heal|p1a: Latias|77/100|[from] item: Leftovers
|-heal|p2a: Heatran|64/100|[from] item: Leftovers
|upkeep
|turn|70
|
|move|p1a: Latias|Calm Mind|p1a: Latias
|-boost|p1a: Latias|spa|1
|-boost|p1a: Latias|spd|1
|move|p2a: Heatran|Lava Plume|p1a: Latias
|-resisted|p1a: Latias
|-damage|p1a: Latias|72/100
|-status|p1a: Latias|brn
|
|-weather|Sandstorm|[upkeep]
|-damage|p1a: Latias|66/100 brn|[from] Sandstorm
|-heal|p1a: Latias|72/100 brn|[from] item: Leftovers
|-heal|p2a: Heatran|70/100|[from] item: Leftovers
|-damage|p1a: Latias|59/100 brn|[from] brn
|upkeep
|turn|71
|
|move|p1a: Latias|Roost|p1a: Latias
|-heal|p1a: Latias|100/100 brn
|-singleturn|p1a: Latias|move: Roost
|move|p2a: Heatran|Lava Plume|p1a: Latias
|-resisted|p1a: Latias
|-damage|p1a: Latias|95/100 brn
|
|-weather|Sandstorm|[upkeep]
|-damage|p1a: Latias|89/100 brn|[from] Sandstorm
|-heal|p1a: Latias|95/100 brn|[from] item: Leftovers
|-heal|p2a: Heatran|77/100|[from] item: Leftovers
|-damage|p1a: Latias|83/100 brn|[from] brn
|upkeep
|turn|72
|
|move|p2a: Heatran|Protect|p2a: Heatran
|-singleturn|p2a: Heatran|Protect
|move|p1a: Latias|Calm Mind|p1a: Latias
|-boost|p1a: Latias|spa|1
|-boost|p1a: Latias|spd|1
|
|-weather|Sandstorm|[upkeep]
|-damage|p1a: Latias|77/100 brn|[from] Sandstorm
|-heal|p1a: Latias|83/100 brn|[from] item: Leftovers
|-heal|p2a: Heatran|83/100|[from] item: Leftovers
|-damage|p1a: Latias|70/100 brn|[from] brn
|upkeep
|turn|73
|
|move|p1a: Latias|Calm Mind|p1a: Latias
|-boost|p1a: Latias|spa|1
|-boost|p1a: Latias|spd|1
|move|p2a: Heatran|Lava Plume|p1a: Latias
|-resisted|p1a: Latias
|-damage|p1a: Latias|66/100 brn
|
|-weather|Sandstorm|[upkeep]
|-damage|p1a: Latias|60/100 brn|[from] Sandstorm
|-heal|p1a: Latias|66/100 brn|[from] item: Leftovers
|-heal|p2a: Heatran|89/100|[from] item: Leftovers
|-damage|p1a: Latias|54/100 brn|[from] brn
|upkeep
|turn|74
|
|move|p1a: Latias|Roost|p1a: Latias
|-heal|p1a: Latias|100/100 brn
|-singleturn|p1a: Latias|move: Roost
|move|p2a: Heatran|Lava Plume|p1a: Latias
|-resisted|p1a: Latias
|-damage|p1a: Latias|97/100 brn
|
|-weather|Sandstorm|[upkeep]
|-damage|p1a: Latias|91/100 brn|[from] Sandstorm
|-heal|p1a: Latias|97/100 brn|[from] item: Leftovers
|-heal|p2a: Heatran|95/100|[from] item: Leftovers
|-damage|p1a: Latias|84/100 brn|[from] brn
|upkeep
|turn|75
|
|move|p2a: Heatran|Protect|p2a: Heatran
|-singleturn|p2a: Heatran|Protect
|move|p1a: Latias|Dragon Pulse|p2a: Heatran
|-activate|p2a: Heatran|move: Protect
|
|-weather|Sandstorm|[upkeep]
|-damage|p1a: Latias|78/100 brn|[from] Sandstorm
|-heal|p1a: Latias|84/100 brn|[from] item: Leftovers
|-heal|p2a: Heatran|100/100|[from] item: Leftovers
|-damage|p1a: Latias|72/100 brn|[from] brn
|upkeep
|turn|76
|
|move|p1a: Latias|Dragon Pulse|p2a: Heatran
|-resisted|p2a: Heatran
|-damage|p2a: Heatran|49/100
|move|p2a: Heatran|Lava Plume|p1a: Latias
|-resisted|p1a: Latias
|-damage|p1a: Latias|68/100 brn
|
|-weather|Sandstorm|[upkeep]
|-damage|p1a: Latias|62/100 brn|[from] Sandstorm
|-heal|p1a: Latias|68/100 brn|[from] item: Leftovers
|-heal|p2a: Heatran|55/100|[from] item: Leftovers
|-damage|p1a: Latias|56/100 brn|[from] brn
|upkeep
|turn|77
|
|move|p1a: Latias|Roost|p1a: Latias
|-heal|p1a: Latias|100/100 brn
|-singleturn|p1a: Latias|move: Roost
|move|p2a: Heatran|Lava Plume|p1a: Latias
|-resisted|p1a: Latias
|-damage|p1a: Latias|97/100 brn
|
|-weather|Sandstorm|[upkeep]
|-damage|p1a: Latias|91/100 brn|[from] Sandstorm
|-heal|p1a: Latias|97/100 brn|[from] item: Leftovers
|-heal|p2a: Heatran|61/100|[from] item: Leftovers
|-damage|p1a: Latias|84/100 brn|[from] brn
|upkeep
|turn|78
|
|move|p2a: Heatran|Protect|p2a: Heatran
|-singleturn|p2a: Heatran|Protect
|move|p1a: Latias|Roost|p1a: Latias
|-heal|p1a: Latias|100/100 brn
|-singleturn|p1a: Latias|move: Roost
|
|-weather|Sandstorm|[upkeep]
|-damage|p1a: Latias|95/100 brn|[from] Sandstorm
|-heal|p1a: Latias|100/100 brn|[from] item: Leftovers
|-heal|p2a: Heatran|68/100|[from] item: Leftovers
|-damage|p1a: Latias|88/100 brn|[from] brn
|upkeep
|turn|79
|
|move|p1a: Latias|Dragon Pulse|p2a: Heatran
|-resisted|p2a: Heatran
|-damage|p2a: Heatran|14/100
|move|p2a: Heatran|Lava Plume|p1a: Latias
|-resisted|p1a: Latias
|-damage|p1a: Latias|84/100 brn
|
|-weather|Sandstorm|[upkeep]
|-damage|p1a: Latias|78/100 brn|[from] Sandstorm
|-heal|p1a: Latias|84/100 brn|[from] item: Leftovers
|-heal|p2a: Heatran|20/100|[from] item: Leftovers
|-damage|p1a: Latias|72/100 brn|[from] brn
|upkeep
|turn|80
|
|move|p2a: Heatran|Protect|p2a: Heatran
|-singleturn|p2a: Heatran|Protect
|move|p1a: Latias|Dragon Pulse|p2a: Heatran
|-activate|p2a: Heatran|move: Protect
|
|-weather|Sandstorm|[upkeep]
|-damage|p1a: Latias|66/100 brn|[from] Sandstorm
|-heal|p1a: Latias|72/100 brn|[from] item: Leftovers
|-heal|p2a: Heatran|26/100|[from] item: Leftovers
|-damage|p1a: Latias|60/100 brn|[from] brn
|upkeep
|turn|81
|
|move|p1a: Latias|Dragon Pulse|p2a: Heatran
|-resisted|p2a: Heatran
|-damage|p2a: Heatran|0 fnt
|faint|p2a: Heatran
|
|-weather|Sandstorm|[upkeep]
|-damage|p1a: Latias|54/100 brn|[from] Sandstorm
|-heal|p1a: Latias|60/100 brn|[from] item: Leftovers
|-damage|p1a: Latias|48/100 brn|[from] brn
|upkeep
|c|☆realmadriddd3|oops i had that p easily
|c|☆realmadriddd3|gg
|c|☆Gh0st of Perdition|ikr
|c|☆Gh0st of Perdition|gg
|-message|realmadriddd3 forfeited.
|
|win|Gh0st of Perdition
|l|☆realmadriddd3
|raw|Gh0st of Perdition's rating: 1579 &rarr; <strong>1604</strong><br />(+25 for winning)
|raw|realmadriddd3's rating: 1668 &rarr; <strong>1643</strong><br />(-25 for losing)
