|j|markus3362
|j|babiri kion
|player|p1|markus3362|167
|teamsize|p1|6
|player|p2|babiri kion|288
|teamsize|p2|6
|gametype|singles
|gen|5
|tier|[Gen 5] OU
|rated|
|seed|9403,48995,20747,22887
|rule|Sleep Clause Mod: Limit one foe put to sleep
|rule|Species Clause: Limit one of each Pokémon
|rule|OHKO Clause: OHKO moves are banned
|rule|Moody Clause: Moody is banned
|rule|Evasion Moves Clause: Evasion moves are banned
|rule|Endless Battle Clause: Forcing endless battles is banned
|rule|HP Percentage Mod: HP is shown in percentages
|rule|Evasion Abilities Clause: Evasion abilities are banned
|rule|Baton Pass Clause: Limit one Baton Passer, can't pass Spe and other stats simultaneously
|rule|Swagger Clause: Swagger is banned
|clearpoke
|poke|p1|Skarmory, M|item
|poke|p1|Slowbro, F|item
|poke|p1|Xatu, F|item
|poke|p1|Dugtrio, M|item
|poke|p1|Chansey, F|item
|poke|p1|Excadrill, F|item
|poke|p2|Azelf|item
|poke|p2|Garchomp, M|item
|poke|p2|Kabutops, M|item
|poke|p2|Kingdra, M|item
|poke|p2|Latios, M|item
|poke|p2|Tornadus, M|item
|teampreview
|inactive|Battle timer is ON: inactive players will automatically lose when time's up. (requested by markus3362)
|inactive|babiri kion has 135 seconds left.
|choice|team 5, team 2, team 3, team 4, team 1, team 6|team 6, team 2, team 3, team 4, team 5, team 1
|
|start
|switch|p1a: Chansey|Chansey, F|703/703
|switch|p2a: Tornadus|Tornadus, M|299/299
|turn|1
|choice|move stealthrock|move superpower
|
|move|p2a: Tornadus|Superpower|p1a: Chansey
|-supereffective|p1a: Chansey
|-damage|p1a: Chansey|331/703
|-unboost|p2a: Tornadus|atk|1
|-unboost|p2a: Tornadus|def|1
|-damage|p2a: Tornadus|270/299|[from] item: Life Orb
|move|p1a: Chansey|Stealth Rock|p2a: Tornadus
|-sidestart|p2: babiri kion|move: Stealth Rock
|
|upkeep
|turn|2
|choice|move softboiled|move uturn
|
|move|p2a: Tornadus|U-turn|p1a: Chansey
|-damage|p1a: Chansey|263/703
|-damage|p2a: Tornadus|241/299|[from] item: Life Orb
|choice||switch 2
|
|switch|p2a: Garchomp|Garchomp, M|358/358
|-damage|p2a: Garchomp|336/358|[from] Stealth Rock
|move|p1a: Chansey|Soft-Boiled|p1a: Chansey
|-heal|p1a: Chansey|615/703
|
|upkeep
|turn|3
|choice|switch 5|switch 6
|
|switch|p2a: Azelf|Azelf|292/292
|-damage|p2a: Azelf|256/292|[from] Stealth Rock
|switch|p1a: Skarmory|Skarmory, M|327/327
|
|upkeep
|turn|4
|choice|switch 3|move raindance
|
|switch|p1a: Xatu|Xatu, F|333/333
|move|p2a: Azelf|Rain Dance|p2a: Azelf
|-weather|RainDance
|
|-weather|RainDance|[upkeep]
|upkeep
|turn|5
|choice|move uturn|move explosion
|
|move|p2a: Azelf|Explosion|p1a: Xatu
|-damage|p1a: Xatu|81/333
|faint|p2a: Azelf
|move|p1a: Xatu|U-turn|p2: Azelf|[notarget]
|-notarget
|
|-weather|RainDance|[upkeep]
|upkeep
|inactive|babiri kion has 135 seconds left.
|choice||switch 5
|
|switch|p2a: Latios|Latios, M|302/302
|-damage|p2a: Latios|265/302|[from] Stealth Rock
|turn|6
|choice|switch 6|move thunder
|
|switch|p1a: Excadrill|Excadrill, F|423/423
|move|p2a: Latios|Thunder|p1a: Excadrill
|-immune|p1a: Excadrill|[msg]
|
|-weather|RainDance|[upkeep]
|upkeep
|turn|7
|choice|move toxic|move surf
|
|move|p2a: Latios|Surf|p1a: Excadrill
|-supereffective|p1a: Excadrill
|-damage|p1a: Excadrill|25/423
|-damage|p2a: Latios|235/302|[from] item: Life Orb
|move|p1a: Excadrill|Toxic|p2a: Latios
|-status|p2a: Latios|tox
|
|-weather|RainDance|[upkeep]
|-heal|p1a: Excadrill|51/423|[from] item: Leftovers
|-damage|p2a: Latios|217/302 tox|[from] psn
|upkeep
|turn|8
|choice|move protect|move surf
|
|move|p1a: Excadrill|Protect|p1a: Excadrill
|-singleturn|p1a: Excadrill|Protect
|move|p2a: Latios|Surf|p1a: Excadrill
|-activate|p1a: Excadrill|move: Protect
|
|-weather|RainDance|[upkeep]
|-heal|p1a: Excadrill|77/423|[from] item: Leftovers
|-damage|p2a: Latios|181/302 tox|[from] psn
|upkeep
|turn|9
|choice|switch 6|move surf
|
|switch|p1a: Xatu|Xatu, F|81/333
|move|p2a: Latios|Surf|p1a: Xatu
|-damage|p1a: Xatu|0 fnt
|-damage|p2a: Latios|151/302 tox|[from] item: Life Orb
|faint|p1a: Xatu
|
|-weather|RainDance|[upkeep]
|-damage|p2a: Latios|97/302 tox|[from] psn
|upkeep
|choice|switch 5|
|
|switch|p1a: Chansey|Chansey, F|615/703
|turn|10
|choice|move softboiled|move thunder
|
|move|p2a: Latios|Thunder|p1a: Chansey
|-crit|p1a: Chansey
|-damage|p1a: Chansey|368/703
|-damage|p2a: Latios|67/302 tox|[from] item: Life Orb
|move|p1a: Chansey|Soft-Boiled|p1a: Chansey
|-heal|p1a: Chansey|703/703
|
|-weather|RainDance|[upkeep]
|-damage|p2a: Latios|0 fnt|[from] psn
|upkeep
|faint|p2a: Latios
|inactive|babiri kion has 135 seconds left.
|inactive|babiri kion has 120 seconds left.
|choice||switch 2
|
|switch|p2a: Tornadus|Tornadus, M|241/299
|-damage|p2a: Tornadus|167/299|[from] Stealth Rock
|turn|11
|choice|move softboiled|move hurricane
|
|move|p2a: Tornadus|Hurricane|p1a: Chansey
|-damage|p1a: Chansey|538/703
|-damage|p2a: Tornadus|138/299|[from] item: Life Orb
|move|p1a: Chansey|Soft-Boiled|p1a: Chansey
|-heal|p1a: Chansey|703/703
|
|-weather|none
|upkeep
|turn|12
|inactive|markus3362 has 135 seconds left.
|inactive|markus3362 has 120 seconds left.
|choice|move thunderwave|move raindance
|
|move|p2a: Tornadus|Rain Dance|p2a: Tornadus
|-weather|RainDance
|move|p1a: Chansey|Thunder Wave|p2a: Tornadus
|-status|p2a: Tornadus|par
|
|-weather|RainDance|[upkeep]
|upkeep
|turn|13
|inactive|markus3362 has 135 seconds left.
|inactive|markus3362 has 120 seconds left.
|choice|switch 6|move uturn
|
|switch|p1a: Excadrill|Excadrill, F|77/423
|move|p2a: Tornadus|U-turn|p1a: Excadrill
|-resisted|p1a: Excadrill
|-damage|p1a: Excadrill|17/423
|-damage|p2a: Tornadus|109/299 par|[from] item: Life Orb
|choice||switch 4
|
|switch|p2a: Kingdra|Kingdra, M|291/291
|-damage|p2a: Kingdra|255/291|[from] Stealth Rock
|
|-weather|RainDance|[upkeep]
|-heal|p1a: Excadrill|43/423|[from] item: Leftovers
|upkeep
|turn|14
|choice|move protect|move signalbeam
|
|move|p1a: Excadrill|Protect|p1a: Excadrill
|-singleturn|p1a: Excadrill|Protect
|move|p2a: Kingdra|Signal Beam|p1a: Excadrill
|-activate|p1a: Excadrill|move: Protect
|
|-weather|RainDance|[upkeep]
|-heal|p1a: Excadrill|69/423|[from] item: Leftovers
|upkeep
|turn|15
|choice|switch 6|move surf
|
|switch|p1a: Chansey|Chansey, F|703/703
|move|p2a: Kingdra|Surf|p1a: Chansey
|-damage|p1a: Chansey|499/703
|-damage|p2a: Kingdra|226/291|[from] item: Life Orb
|
|-weather|RainDance|[upkeep]
|upkeep
|turn|16
|choice|move softboiled|move signalbeam
|
|move|p2a: Kingdra|Signal Beam|p1a: Chansey
|-damage|p1a: Chansey|428/703
|-damage|p2a: Kingdra|197/291|[from] item: Life Orb
|move|p1a: Chansey|Soft-Boiled|p1a: Chansey
|-heal|p1a: Chansey|703/703
|
|-weather|none
|upkeep
|turn|17
|j|Ugur
|l|Ugur
|inactive|babiri kion has 135 seconds left.
|choice|move thunderwave|switch 6
|
|switch|p2a: Garchomp|Garchomp, M|336/358
|-damage|p2a: Garchomp|314/358|[from] Stealth Rock
|move|p1a: Chansey|Thunder Wave|p2a: Garchomp
|-immune|p2a: Garchomp|[msg]
|
|upkeep
|turn|18
|inactive|babiri kion has 135 seconds left.
|choice|switch 3|switch 4
|
|switch|p2a: Tornadus|Tornadus, M|109/299 par
|-damage|p2a: Tornadus|35/299 par|[from] Stealth Rock
|switch|p1a: Skarmory|Skarmory, M|327/327
|
|upkeep
|turn|19
|choice|move spikes|move raindance
|
|move|p2a: Tornadus|Rain Dance|p2a: Tornadus
|-weather|RainDance
|move|p1a: Skarmory|Spikes|p2a: Tornadus
|-sidestart|p2: babiri kion|Spikes
|
|-weather|RainDance|[upkeep]
|upkeep
|turn|20
|choice|switch 6|move hurricane
|
|switch|p1a: Excadrill|Excadrill, F|69/423
|move|p2a: Tornadus|Hurricane|p1a: Excadrill
|-resisted|p1a: Excadrill
|-damage|p1a: Excadrill|0 fnt
|-damage|p2a: Tornadus|6/299 par|[from] item: Life Orb
|faint|p1a: Excadrill
|
|-weather|RainDance|[upkeep]
|upkeep
|choice|switch 3|
|
|switch|p1a: Chansey|Chansey, F|703/703
|turn|21
|choice|move seismictoss|move hurricane
|
|move|p1a: Chansey|Seismic Toss|p2a: Tornadus
|-damage|p2a: Tornadus|0 fnt
|faint|p2a: Tornadus
|
|-weather|RainDance|[upkeep]
|upkeep
|inactive|babiri kion has 135 seconds left.
|choice||switch 4
|
|switch|p2a: Garchomp|Garchomp, M|314/358
|-damage|p2a: Garchomp|292/358|[from] Stealth Rock
|-damage|p2a: Garchomp|248/358|[from] Spikes
|turn|22
|choice|switch 6|switch 6
|
|switch|p2a: Kingdra|Kingdra, M|197/291
|-damage|p2a: Kingdra|161/291|[from] Spikes
|-damage|p2a: Kingdra|125/291|[from] Stealth Rock
|switch|p1a: Skarmory|Skarmory, M|327/327
|
|-weather|RainDance|[upkeep]
|upkeep
|turn|23
|choice|switch 6|move surf
|
|switch|p1a: Chansey|Chansey, F|703/703
|move|p2a: Kingdra|Surf|p1a: Chansey
|-damage|p1a: Chansey|518/703
|-damage|p2a: Kingdra|96/291|[from] item: Life Orb
|
|-weather|none
|upkeep
|turn|24
|choice|move softboiled|move raindance
|
|move|p2a: Kingdra|Rain Dance|p2a: Kingdra
|-weather|RainDance
|move|p1a: Chansey|Soft-Boiled|p1a: Chansey
|-heal|p1a: Chansey|703/703
|
|-weather|RainDance|[upkeep]
|upkeep
|turn|25
|choice|move softboiled|switch 6
|
|switch|p2a: Garchomp|Garchomp, M|248/358
|-damage|p2a: Garchomp|204/358|[from] Spikes
|-damage|p2a: Garchomp|182/358|[from] Stealth Rock
|move|p1a: Chansey|Soft-Boiled|p1a: Chansey
|-fail|p1a: Chansey
|
|-weather|RainDance|[upkeep]
|upkeep
|turn|26
|choice|switch 6|move outrage
|
|switch|p1a: Skarmory|Skarmory, M|327/327
|move|p2a: Garchomp|Outrage|p1a: Skarmory
|-resisted|p1a: Skarmory
|-damage|p1a: Skarmory|243/327
|
|-weather|RainDance|[upkeep]
|-heal|p1a: Skarmory|263/327|[from] item: Leftovers
|upkeep
|turn|27
|choice|move roost|move outrage
|
|move|p2a: Garchomp|Outrage|p1a: Skarmory|[from]lockedmove
|-resisted|p1a: Skarmory
|-damage|p1a: Skarmory|164/327
|-start|p2a: Garchomp|confusion|[fatigue]
|move|p1a: Skarmory|Roost|p1a: Skarmory
|-heal|p1a: Skarmory|327/327
|
|-weather|RainDance|[upkeep]
|upkeep
|turn|28
|choice|move whirlwind|switch 6
|
|switch|p2a: Kingdra|Kingdra, M|96/291
|-damage|p2a: Kingdra|60/291|[from] Stealth Rock
|-damage|p2a: Kingdra|24/291|[from] Spikes
|move|p1a: Skarmory|Whirlwind|p2a: Kingdra
|drag|p2a: Garchomp|Garchomp, M|182/358
|-damage|p2a: Garchomp|138/358|[from] Spikes
|-damage|p2a: Garchomp|116/358|[from] Stealth Rock
|
|-weather|none
|upkeep
|turn|29
|choice|move spikes|move aquatail
|
|move|p2a: Garchomp|Aqua Tail|p1a: Skarmory
|-damage|p1a: Skarmory|237/327
|move|p1a: Skarmory|Spikes|p2a: Garchomp
|-sidestart|p2: babiri kion|Spikes
|
|-heal|p1a: Skarmory|257/327|[from] item: Leftovers
|upkeep
|turn|30
|choice|move roost|move aquatail
|
|move|p2a: Garchomp|Aqua Tail|p1a: Skarmory
|-crit|p1a: Skarmory
|-damage|p1a: Skarmory|59/327
|move|p1a: Skarmory|Roost|p1a: Skarmory
|-heal|p1a: Skarmory|223/327
|
|-heal|p1a: Skarmory|243/327|[from] item: Leftovers
|upkeep
|turn|31
|choice|move roost|move aquatail
|
|move|p2a: Garchomp|Aqua Tail|p1a: Skarmory
|-damage|p1a: Skarmory|144/327
|move|p1a: Skarmory|Roost|p1a: Skarmory
|-heal|p1a: Skarmory|308/327
|
|-heal|p1a: Skarmory|327/327|[from] item: Leftovers
|upkeep
|turn|32
|choice|move spikes|move aquatail
|
|move|p2a: Garchomp|Aqua Tail|p1a: Skarmory
|-damage|p1a: Skarmory|242/327
|move|p1a: Skarmory|Spikes|p2a: Garchomp
|-sidestart|p2: babiri kion|Spikes
|
|-heal|p1a: Skarmory|262/327|[from] item: Leftovers
|upkeep
|turn|33
|choice|move whirlwind|move aquatail
|
|move|p2a: Garchomp|Aqua Tail|p1a: Skarmory
|-damage|p1a: Skarmory|167/327
|move|p1a: Skarmory|Whirlwind|p2a: Garchomp
|drag|p2a: Kingdra|Kingdra, M|24/291
|-damage|p2a: Kingdra|0 fnt|[from] Spikes
|faint|p2a: Kingdra
|
|-heal|p1a: Skarmory|187/327|[from] item: Leftovers
|upkeep
|j|qualguernome
|choice||switch 6
|
|switch|p2a: Garchomp|Garchomp, M|116/358
|-damage|p2a: Garchomp|27/358|[from] Spikes
|-damage|p2a: Garchomp|5/358|[from] Stealth Rock
|turn|34
|choice|move whirlwind|move aquatail
|
|move|p2a: Garchomp|Aqua Tail|p1a: Skarmory
|-damage|p1a: Skarmory|99/327
|move|p1a: Skarmory|Whirlwind|p2a: Garchomp
|drag|p2a: Kabutops|Kabutops, M|281/281
|-damage|p2a: Kabutops|246/281|[from] Stealth Rock
|-damage|p2a: Kabutops|176/281|[from] Spikes
|
|-heal|p1a: Skarmory|119/327|[from] item: Leftovers
|upkeep
|turn|35
|choice|move whirlwind|move stoneedge
|
|move|p2a: Kabutops|Stone Edge|p1a: Skarmory
|-damage|p1a: Skarmory|5/327
|-damage|p2a: Kabutops|148/281|[from] item: Life Orb
|move|p1a: Skarmory|Whirlwind|p2a: Kabutops
|drag|p2a: Garchomp|Garchomp, M|5/358
|-damage|p2a: Garchomp|0 fnt|[from] Stealth Rock
|faint|p2a: Garchomp
|
|-heal|p1a: Skarmory|25/327|[from] item: Leftovers
|upkeep
|choice||switch 3
|
|switch|p2a: Kabutops|Kabutops, M|148/281
|-damage|p2a: Kabutops|113/281|[from] Stealth Rock
|-damage|p2a: Kabutops|43/281|[from] Spikes
|turn|36
|choice|move roost|move swordsdance
|
|move|p2a: Kabutops|Swords Dance|p2a: Kabutops
|-boost|p2a: Kabutops|atk|2
|move|p1a: Skarmory|Roost|p1a: Skarmory
|-heal|p1a: Skarmory|189/327
|
|-heal|p1a: Skarmory|209/327|[from] item: Leftovers
|upkeep
|turn|37
|choice|move roost|move waterfall
|
|move|p2a: Kabutops|Waterfall|p1a: Skarmory
|-damage|p1a: Skarmory|0 fnt
|-damage|p2a: Kabutops|15/281|[from] item: Life Orb
|faint|p1a: Skarmory
|
|upkeep
|choice|switch 4|
|
|switch|p1a: Dugtrio|Dugtrio, M|201/201
|turn|38
|choice|move earthquake|move waterfall
|
|move|p1a: Dugtrio|Earthquake|p2a: Kabutops
|-supereffective|p2a: Kabutops
|-damage|p2a: Kabutops|0 fnt
|faint|p2a: Kabutops
|
|win|markus3362
|raw|markus3362's rating: 1508 &rarr; <strong>1519</strong><br />(+11 for winning)
|raw|babiri kion's rating: 1342 &rarr; <strong>1331</strong><br />(-11 for losing)
|l|babiri kion
|c|☆markus3362|/log markus3362 made this room hidden.
|raw|<div class="broadcast-red"><strong>This room is now invite only!</strong><br />Users must be rank + or invited with <code>/invite</code> to join</div>
|c|☆markus3362|/log markus3362 set modjoin to +.