|j|☆KarateD35
|j|☆torinoko city
|t:|1708744175
|gametype|singles
|player|p1|KarateD35|shadowtriad|1422
|player|p2|torinoko city|miku-flying|1442
|teamsize|p1|6
|teamsize|p2|6
|gen|5
|tier|[Gen 5] OU
|rated|
|rule|Species Clause: Limit one of each Pokémon
|rule|OHKO Clause: OHKO moves are banned
|rule|Moody Clause: Moody is banned
|rule|Evasion Items Clause: Evasion items are banned
|rule|Evasion Moves Clause: Evasion moves are banned
|rule|Endless Battle Clause: Forcing endless battles is banned
|rule|HP Percentage Mod: HP is shown in percentages
|rule|Evasion Abilities Clause: Evasion abilities are banned
|rule|Sleep Moves Clause: Sleep-inducing moves are banned
|rule|Swagger Clause: Swagger is banned
|rule|Baton Pass Stat Clause: No Baton Passer may have a way to boost its stats
|clearpoke
|poke|p1|Azelf|item
|poke|p1|Alakazam, M|item
|poke|p1|Garchomp, F|item
|poke|p1|Tyranitar, M|item
|poke|p1|Mew|item
|poke|p1|Latios, M|item
|poke|p2|Tyranitar, M|item
|poke|p2|Landorus-Therian, M|item
|poke|p2|Skarmory, M|item
|poke|p2|Reuniclus, M|item
|poke|p2|Alakazam, M|item
|poke|p2|Jellicent, M|item
|teampreview
|inactive|Battle timer is ON: inactive players will automatically lose when time's up. (requested by torinoko city)
|j| skarmgood
|l| skarmgood
|inactive|KarateD35 has 120 seconds left.
|
|t:|1708744207
|start
|switch|p1a: Gluttony|Tyranitar, M|100/100
|switch|p2a: Tyranitar|Tyranitar, M|100/100
|-weather|Sandstorm|[from] ability: Sand Stream|[of] p2a: Tyranitar
|turn|1
|
|t:|1708744220
|switch|p2a: Landorus|Landorus-Therian, M|100/100
|-ability|p2a: Landorus|Intimidate|boost
|-unboost|p1a: Gluttony|atk|1
|move|p1a: Gluttony|Thunder Punch|p2a: Landorus
|-immune|p2a: Landorus
|
|-weather|Sandstorm|[upkeep]
|upkeep
|turn|2
|
|t:|1708744224
|move|p2a: Landorus|U-turn|p1a: Gluttony
|-supereffective|p1a: Gluttony
|-damage|p1a: Gluttony|66/100
|
|t:|1708744230
|switch|p2a: Tyranitar|Tyranitar, M|100/100|[from] U-turn
|move|p1a: Gluttony|Ice Punch|p2a: Tyranitar
|-damage|p2a: Tyranitar|86/100
|
|-weather|Sandstorm|[upkeep]
|upkeep
|turn|3
|
|t:|1708744237
|switch|p1a: Pride|Garchomp, F|100/100
|move|p2a: Tyranitar|Superpower|p1a: Pride
|-damage|p1a: Pride|59/100
|-unboost|p2a: Tyranitar|atk|1
|-unboost|p2a: Tyranitar|def|1
|-damage|p2a: Tyranitar|73/100|[from] ability: Rough Skin|[of] p1a: Pride
|-damage|p2a: Tyranitar|57/100|[from] item: Rocky Helmet|[of] p1a: Pride
|
|-weather|Sandstorm|[upkeep]
|upkeep
|turn|4
|
|t:|1708744246
|switch|p1a: Sloth|Mew, shiny|100/100
|switch|p2a: Skarmory|Skarmory, M|100/100
|
|-weather|Sandstorm|[upkeep]
|-damage|p1a: Sloth|94/100|[from] Sandstorm
|upkeep
|turn|5
|
|t:|1708744249
|move|p1a: Sloth|Flamethrower|p2a: Skarmory
|-supereffective|p2a: Skarmory
|-damage|p2a: Skarmory|27/100
|-damage|p1a: Sloth|84/100|[from] item: Life Orb
|move|p2a: Skarmory|Spikes|p1a: Sloth
|-sidestart|p1: KarateD35|Spikes
|
|-weather|Sandstorm|[upkeep]
|-damage|p1a: Sloth|78/100|[from] Sandstorm
|-heal|p2a: Skarmory|33/100|[from] item: Leftovers
|upkeep
|turn|6
|
|t:|1708744261
|switch|p2a: Jellicent|Jellicent, M|100/100
|-item|p2a: Jellicent|Air Balloon
|move|p1a: Sloth|Flamethrower|p2a: Jellicent
|-resisted|p2a: Jellicent
|-damage|p2a: Jellicent|85/100
|-enditem|p2a: Jellicent|Air Balloon
|-damage|p1a: Sloth|68/100|[from] item: Life Orb
|
|-weather|Sandstorm|[upkeep]
|-damage|p1a: Sloth|62/100|[from] Sandstorm
|-damage|p2a: Jellicent|79/100|[from] Sandstorm
|upkeep
|turn|7
|
|t:|1708744272
|move|p1a: Sloth|Energy Ball|p2a: Jellicent
|-supereffective|p2a: Jellicent
|-damage|p2a: Jellicent|28/100
|-damage|p1a: Sloth|52/100|[from] item: Life Orb
|move|p2a: Jellicent|Recover|p2a: Jellicent
|-heal|p2a: Jellicent|78/100
|
|-weather|Sandstorm|[upkeep]
|-damage|p1a: Sloth|46/100|[from] Sandstorm
|-damage|p2a: Jellicent|71/100|[from] Sandstorm
|upkeep
|turn|8
|
|t:|1708744284
|move|p1a: Sloth|Energy Ball|p2a: Jellicent
|-supereffective|p2a: Jellicent
|-damage|p2a: Jellicent|15/100
|-damage|p1a: Sloth|36/100|[from] item: Life Orb
|move|p2a: Jellicent|Recover|p2a: Jellicent
|-heal|p2a: Jellicent|65/100
|
|-weather|Sandstorm|[upkeep]
|-damage|p1a: Sloth|30/100|[from] Sandstorm
|-damage|p2a: Jellicent|59/100|[from] Sandstorm
|upkeep
|turn|9
|
|t:|1708744288
|move|p1a: Sloth|Energy Ball|p2a: Jellicent
|-supereffective|p2a: Jellicent
|-damage|p2a: Jellicent|7/100
|-damage|p1a: Sloth|20/100|[from] item: Life Orb
|move|p2a: Jellicent|Recover|p2a: Jellicent
|-heal|p2a: Jellicent|57/100
|
|-weather|Sandstorm|[upkeep]
|-damage|p1a: Sloth|14/100|[from] Sandstorm
|-damage|p2a: Jellicent|51/100|[from] Sandstorm
|upkeep
|turn|10
|
|t:|1708744291
|move|p1a: Sloth|Energy Ball|p2a: Jellicent
|-supereffective|p2a: Jellicent
|-damage|p2a: Jellicent|0 fnt
|faint|p2a: Jellicent
|-damage|p1a: Sloth|4/100|[from] item: Life Orb
|
|-weather|Sandstorm|[upkeep]
|-damage|p1a: Sloth|0 fnt|[from] Sandstorm
|faint|p1a: Sloth
|upkeep
|
|t:|1708744300
|switch|p1a: Gluttony|Tyranitar, M|66/100
|switch|p2a: Landorus|Landorus-Therian, M|100/100
|-ability|p2a: Landorus|Intimidate|boost
|-unboost|p1a: Gluttony|atk|1
|-damage|p1a: Gluttony|54/100|[from] Spikes
|turn|11
|
|t:|1708744303
|move|p2a: Landorus|Earthquake|p1a: Gluttony
|-supereffective|p1a: Gluttony
|-damage|p1a: Gluttony|0 fnt
|faint|p1a: Gluttony
|
|-weather|Sandstorm|[upkeep]
|upkeep
|
|t:|1708744323
|switch|p1a: Envy|Azelf, shiny|100/100
|turn|12
|
|t:|1708744330
|move|p1a: Envy|Ice Punch|p2a: Landorus
|-supereffective|p2a: Landorus
|-damage|p2a: Landorus|0 fnt
|faint|p2a: Landorus
|-damage|p1a: Envy|91/100|[from] item: Life Orb
|
|-weather|Sandstorm|[upkeep]
|-damage|p1a: Envy|84/100|[from] Sandstorm
|upkeep
|
|t:|1708744346
|switch|p2a: Alakazam|Alakazam, M|100/100
|turn|13
|
|t:|1708744371
|move|p2a: Alakazam|Signal Beam|p1a: Envy
|-supereffective|p1a: Envy
|-damage|p1a: Envy|3/100
|move|p1a: Envy|Thunder Punch|p2a: Alakazam
|-damage|p2a: Alakazam|14/100
|-damage|p1a: Envy|0 fnt|[from] item: Life Orb
|faint|p1a: Envy
|
|-weather|Sandstorm|[upkeep]
|upkeep
|inactive|KarateD35 has 120 seconds left.
|
|t:|1708744395
|switch|p1a: Lust|Latios, M, shiny|100/100
|turn|14
|
|t:|1708744398
|move|p1a: Lust|Dragon Pulse|p2a: Alakazam
|-damage|p2a: Alakazam|0 fnt
|faint|p2a: Alakazam
|
|-weather|Sandstorm|[upkeep]
|-damage|p1a: Lust|95/100|[from] Sandstorm
|upkeep
|
|t:|1708744403
|switch|p2a: Skarmory|Skarmory, M|33/100
|turn|15
|
|t:|1708744404
|move|p1a: Lust|Dragon Pulse|p2a: Skarmory
|-resisted|p2a: Skarmory
|-damage|p2a: Skarmory|13/100
|move|p2a: Skarmory|Roost|p2a: Skarmory
|-heal|p2a: Skarmory|63/100
|-singleturn|p2a: Skarmory|move: Roost
|
|-weather|Sandstorm|[upkeep]
|-damage|p1a: Lust|89/100|[from] Sandstorm
|-heal|p2a: Skarmory|69/100|[from] item: Leftovers
|upkeep
|turn|16
|
|t:|1708744407
|move|p1a: Lust|Dragon Pulse|p2a: Skarmory
|-resisted|p2a: Skarmory
|-damage|p2a: Skarmory|49/100
|move|p2a: Skarmory|Roost|p2a: Skarmory
|-heal|p2a: Skarmory|99/100
|-singleturn|p2a: Skarmory|move: Roost
|
|-weather|Sandstorm|[upkeep]
|-damage|p1a: Lust|83/100|[from] Sandstorm
|-heal|p2a: Skarmory|100/100|[from] item: Leftovers
|upkeep
|turn|17
|
|t:|1708744413
|switch|p1a: Pride|Garchomp, F|59/100
|-damage|p1a: Pride|47/100|[from] Spikes
|move|p2a: Skarmory|Spikes|p1a: Pride
|-sidestart|p1: KarateD35|Spikes
|
|-weather|Sandstorm|[upkeep]
|upkeep
|turn|18
|
|t:|1708744417
|move|p1a: Pride|Fire Fang|p2a: Skarmory
|-supereffective|p2a: Skarmory
|-damage|p2a: Skarmory|68/100
|move|p2a: Skarmory|Whirlwind|p1a: Pride
|drag|p1a: Greed|Alakazam, M|100/100
|
|-weather|Sandstorm|[upkeep]
|-heal|p2a: Skarmory|74/100|[from] item: Leftovers
|upkeep
|turn|19
|
|t:|1708744427
|move|p1a: Greed|Focus Blast|p2a: Skarmory
|-damage|p2a: Skarmory|33/100
|move|p2a: Skarmory|Brave Bird|p1a: Greed
|-damage|p1a: Greed|10/100
|-damage|p2a: Skarmory|11/100|[from] Recoil
|
|-weather|Sandstorm|[upkeep]
|-heal|p2a: Skarmory|17/100|[from] item: Leftovers
|upkeep
|turn|20
|
|t:|1708744446
|move|p1a: Greed|Focus Blast|p2a: Skarmory
|-damage|p2a: Skarmory|0 fnt
|faint|p2a: Skarmory
|
|-weather|Sandstorm|[upkeep]
|upkeep
|
|t:|1708744449
|switch|p2a: Reuniclus|Reuniclus, M|100/100
|turn|21
|
|t:|1708744451
|move|p1a: Greed|Shadow Ball|p2a: Reuniclus
|-supereffective|p2a: Reuniclus
|-damage|p2a: Reuniclus|50/100
|-unboost|p2a: Reuniclus|spd|1
|move|p2a: Reuniclus|Psyshock|p1a: Greed
|-resisted|p1a: Greed
|-damage|p1a: Greed|0 fnt
|faint|p1a: Greed
|
|-weather|Sandstorm|[upkeep]
|-heal|p2a: Reuniclus|56/100|[from] item: Leftovers
|upkeep
|j| SKT T1 Motherfaker
|
|t:|1708744461
|switch|p1a: Lust|Latios, M, shiny|83/100
|turn|22
|
|t:|1708744466
|switch|p2a: Tyranitar|Tyranitar, M|57/100
|move|p1a: Lust|Energy Ball|p2a: Tyranitar
|-supereffective|p2a: Tyranitar
|-damage|p2a: Tyranitar|32/100
|
|-weather|Sandstorm|[upkeep]
|-damage|p1a: Lust|77/100|[from] Sandstorm
|upkeep
|turn|23
|j| IceyguyNigh
|
|t:|1708744470
|move|p1a: Lust|Energy Ball|p2a: Tyranitar
|-supereffective|p2a: Tyranitar
|-damage|p2a: Tyranitar|6/100
|move|p2a: Tyranitar|Crunch|p1a: Lust
|-supereffective|p1a: Lust
|-damage|p1a: Lust|0 fnt
|faint|p1a: Lust
|
|-weather|Sandstorm|[upkeep]
|upkeep
|
|t:|1708744477
|switch|p1a: Pride|Garchomp, F|47/100
|-damage|p1a: Pride|30/100|[from] Spikes
|turn|24
|
|t:|1708744480
|move|p1a: Pride|Crunch|p2a: Tyranitar
|-resisted|p2a: Tyranitar
|-damage|p2a: Tyranitar|0 fnt
|faint|p2a: Tyranitar
|
|-weather|Sandstorm|[upkeep]
|upkeep
|
|t:|1708744482
|switch|p2a: Reuniclus|Reuniclus, M|56/100
|turn|25
|
|t:|1708744484
|move|p1a: Pride|Crunch|p2a: Reuniclus
|-supereffective|p2a: Reuniclus
|-damage|p2a: Reuniclus|17/100
|move|p2a: Reuniclus|Psyshock|p1a: Pride
|-damage|p1a: Pride|0 fnt
|faint|p1a: Pride
|
|win|torinoko city
|raw|KarateD35's rating: 1422 &rarr; <strong>1403</strong><br />(-19 for losing)
|raw|torinoko city's rating: 1442 &rarr; <strong>1461</strong><br />(+19 for winning)
|l|☆torinoko city
|player|p2|
|c|☆KarateD35|Gg
|c|☆KarateD35|Wp
|l|☆KarateD35
|player|p1|
|l| IceyguyNigh
