|j|☆Gulchittious Boi
|j|☆leoperi99
|t:|1702650701
|gametype|singles
|player|p1|Gulchittious Boi|scientist-gen4dp|1312
|player|p2|leoperi99|kris-gen2|1432
|teamsize|p1|6
|teamsize|p2|6
|gen|5
|tier|[Gen 5] OU
|rated|
|rule|Species Clause: Limit one of each Pokémon
|rule|OHKO Clause: OHKO moves are banned
|rule|Moody Clause: Moody is banned
|rule|Evasion Items Clause: Evasion items are banned
|rule|Evasion Moves Clause: Evasion moves are banned
|rule|Endless Battle Clause: Forcing endless battles is banned
|rule|HP Percentage Mod: HP is shown in percentages
|rule|Evasion Abilities Clause: Evasion abilities are banned
|rule|Sleep Moves Clause: Sleep-inducing moves are banned
|rule|Swagger Clause: Swagger is banned
|rule|Baton Pass Stat Clause: No Baton Passer may have a way to boost its stats
|clearpoke
|poke|p1|Magnezone|item
|poke|p1|Jirachi|item
|poke|p1|Latios, M|item
|poke|p1|Kyurem-Black|item
|poke|p1|Garchomp, M|item
|poke|p1|Reuniclus, M|item
|poke|p2|Politoed, M|item
|poke|p2|Tentacruel, M|item
|poke|p2|Ferrothorn, F|item
|poke|p2|Latios, M|item
|poke|p2|Gyarados, M|item
|poke|p2|Kyurem-Black|item
|teampreview
|inactive|Battle timer is ON: inactive players will automatically lose when time's up. (requested by Gulchittious Boi)
|
|t:|1702650723
|start
|switch|p1a: Jirachi|Jirachi|100/100
|switch|p2a: Kyurem|Kyurem-Black, shiny|100/100
|-ability|p2a: Kyurem|Teravolt
|turn|1
|
|t:|1702650736
|move|p2a: Kyurem|Substitute|p2a: Kyurem
|-start|p2a: Kyurem|Substitute
|-damage|p2a: Kyurem|76/100
|move|p1a: Jirachi|Stealth Rock|p2a: Kyurem
|-sidestart|p2: leoperi99|move: Stealth Rock
|
|-heal|p2a: Kyurem|82/100|[from] item: Leftovers
|upkeep
|turn|2
|
|t:|1702650740
|move|p2a: Kyurem|Earth Power|p1a: Jirachi
|-supereffective|p1a: Jirachi
|-enditem|p1a: Jirachi|Shuca Berry|[eat]
|-enditem|p1a: Jirachi|Shuca Berry|[weaken]
|-damage|p1a: Jirachi|79/100
|move|p1a: Jirachi|Icy Wind|p2a: Kyurem
|-activate|p2a: Kyurem|Substitute|[damage]
|
|-heal|p2a: Kyurem|88/100|[from] item: Leftovers
|upkeep
|turn|3
|c|☆Gulchittious Boi|Uh o
|
|t:|1702650749
|move|p2a: Kyurem|Earth Power|p1a: Jirachi
|-supereffective|p1a: Jirachi
|-damage|p1a: Jirachi|37/100
|move|p1a: Jirachi|Icy Wind|p2a: Kyurem
|-activate|p2a: Kyurem|Substitute|[damage]
|
|-heal|p2a: Kyurem|94/100|[from] item: Leftovers
|upkeep
|turn|4
|j| Aerocore
|c|☆Gulchittious Boi|UH O
|
|t:|1702650762
|switch|p1a: Reuniclus|Reuniclus, M|100/100
|move|p2a: Kyurem|Earth Power|p1a: Reuniclus
|-damage|p1a: Reuniclus|73/100
|
|-heal|p2a: Kyurem|99/100|[from] item: Leftovers
|upkeep
|turn|5
|
|t:|1702650766
|move|p2a: Kyurem|Ice Beam|p1a: Reuniclus
|-damage|p1a: Reuniclus|31/100
|-status|p1a: Reuniclus|frz
|cant|p1a: Reuniclus|frz
|
|-heal|p2a: Kyurem|100/100|[from] item: Leftovers
|upkeep
|turn|6
|c|☆leoperi99|mb
|c|☆Gulchittious Boi|you’re good
|c|☆Gulchittious Boi|but also UH OH
|
|t:|1702650794
|switch|p1a: Kyurem|Kyurem-Black|100/100
|-ability|p1a: Kyurem|Teravolt
|move|p2a: Kyurem|Ice Beam|p1a: Kyurem
|-damage|p1a: Kyurem|53/100
|
|upkeep
|turn|7
|
|t:|1702650801
|move|p2a: Kyurem|Substitute|p2a: Kyurem
|-fail|p2a: Kyurem|move: Substitute
|move|p1a: Kyurem|Dragon Claw|p2a: Kyurem
|-supereffective|p2a: Kyurem
|-end|p2a: Kyurem|Substitute
|
|upkeep
|turn|8
|
|t:|1702650809
|switch|p2a: Ferrothorn|Ferrothorn, F, shiny|100/100
|-damage|p2a: Ferrothorn|94/100|[from] Stealth Rock
|move|p1a: Kyurem|Dragon Claw|p2a: Ferrothorn
|-resisted|p2a: Ferrothorn
|-damage|p2a: Ferrothorn|66/100
|-damage|p1a: Kyurem|41/100|[from] ability: Iron Barbs|[of] p2a: Ferrothorn
|
|upkeep
|turn|9
|
|t:|1702650813
|move|p1a: Kyurem|Dragon Claw|p2a: Ferrothorn
|-resisted|p2a: Ferrothorn
|-damage|p2a: Ferrothorn|36/100
|-damage|p1a: Kyurem|28/100|[from] ability: Iron Barbs|[of] p2a: Ferrothorn
|move|p2a: Ferrothorn|Stealth Rock|p1a: Kyurem
|-sidestart|p1: Gulchittious Boi|move: Stealth Rock
|
|upkeep
|turn|10
|
|t:|1702650818
|switch|p1a: Magnezone|Magnezone|100/100
|-damage|p1a: Magnezone|94/100|[from] Stealth Rock
|move|p2a: Ferrothorn|Spikes|p1a: Magnezone
|-sidestart|p1: Gulchittious Boi|Spikes
|
|-heal|p1a: Magnezone|100/100|[from] item: Leftovers
|upkeep
|turn|11
|
|t:|1702650820
|move|p1a: Magnezone|Substitute|p1a: Magnezone
|-start|p1a: Magnezone|Substitute
|-damage|p1a: Magnezone|76/100
|move|p2a: Ferrothorn|Spikes|p1a: Magnezone
|-sidestart|p1: Gulchittious Boi|Spikes
|
|-heal|p1a: Magnezone|82/100|[from] item: Leftovers
|upkeep
|turn|12
|
|t:|1702650822
|move|p1a: Magnezone|Charge Beam|p2a: Ferrothorn
|-resisted|p2a: Ferrothorn
|-damage|p2a: Ferrothorn|27/100
|-boost|p1a: Magnezone|spa|1
|move|p2a: Ferrothorn|Spikes|p1a: Magnezone
|-sidestart|p1: Gulchittious Boi|Spikes
|
|-heal|p1a: Magnezone|88/100|[from] item: Leftovers
|upkeep
|turn|13
|
|t:|1702650824
|move|p1a: Magnezone|Charge Beam|p2a: Ferrothorn
|-resisted|p2a: Ferrothorn
|-crit|p2a: Ferrothorn
|-damage|p2a: Ferrothorn|0 fnt
|-boost|p1a: Magnezone|spa|1
|faint|p2a: Ferrothorn
|
|-heal|p1a: Magnezone|94/100|[from] item: Leftovers
|upkeep
|
|t:|1702650834
|switch|p2a: Tentacruel|Tentacruel, M, shiny|100/100
|-damage|p2a: Tentacruel|88/100|[from] Stealth Rock
|turn|14
|
|t:|1702650837
|move|p2a: Tentacruel|Rapid Spin|p1a: Magnezone
|-resisted|p1a: Magnezone
|-activate|p1a: Magnezone|Substitute|[damage]
|-sideend|p2: leoperi99|Stealth Rock|[from] move: Rapid Spin|[of] p2a: Tentacruel
|move|p1a: Magnezone|Thunderbolt|p2a: Tentacruel
|-supereffective|p2a: Tentacruel
|-damage|p2a: Tentacruel|0 fnt
|faint|p2a: Tentacruel
|
|-heal|p1a: Magnezone|99/100|[from] item: Leftovers
|upkeep
|
|t:|1702650847
|switch|p2a: Kyurem|Kyurem-Black, shiny|100/100
|-ability|p2a: Kyurem|Teravolt
|turn|15
|
|t:|1702650849
|move|p2a: Kyurem|Substitute|p2a: Kyurem
|-start|p2a: Kyurem|Substitute
|-damage|p2a: Kyurem|76/100
|move|p1a: Magnezone|Hidden Power|p2a: Kyurem
|-end|p2a: Kyurem|Substitute
|
|-heal|p2a: Kyurem|82/100|[from] item: Leftovers
|-heal|p1a: Magnezone|100/100|[from] item: Leftovers
|upkeep
|turn|16
|
|t:|1702650852
|move|p2a: Kyurem|Earth Power|p1a: Magnezone
|-supereffective|p1a: Magnezone
|-end|p1a: Magnezone|Substitute
|move|p1a: Magnezone|Hidden Power|p2a: Kyurem
|-damage|p2a: Kyurem|30/100
|
|-heal|p2a: Kyurem|36/100|[from] item: Leftovers
|upkeep
|turn|17
|
|t:|1702650855
|move|p2a: Kyurem|Earth Power|p1a: Magnezone
|-supereffective|p1a: Magnezone
|-damage|p1a: Magnezone|0 fnt
|faint|p1a: Magnezone
|
|-heal|p2a: Kyurem|42/100|[from] item: Leftovers
|upkeep
|
|t:|1702650863
|switch|p1a: Latios|Latios, M|100/100
|-damage|p1a: Latios|88/100|[from] Stealth Rock
|turn|18
|
|t:|1702650866
|switch|p2a: le frog|Politoed, M, shiny|100/100
|-weather|RainDance|[from] ability: Drizzle|[of] p2a: le frog
|move|p1a: Latios|Dragon Pulse|p2a: le frog
|-crit|p2a: le frog
|-damage|p2a: le frog|17/100
|
|-weather|RainDance|[upkeep]
|-heal|p2a: le frog|23/100|[from] item: Leftovers
|upkeep
|turn|19
|c|☆Gulchittious Boi|Oof
|
|t:|1702650874
|move|p2a: le frog|Protect|p2a: le frog
|-singleturn|p2a: le frog|Protect
|move|p1a: Latios|Dragon Pulse|p2a: le frog
|-activate|p2a: le frog|move: Protect
|
|-weather|RainDance|[upkeep]
|-heal|p2a: le frog|29/100|[from] item: Leftovers
|upkeep
|turn|20
|
|t:|1702650892
|move|p1a: Latios|Dragon Pulse|p2a: le frog
|-damage|p2a: le frog|0 fnt
|faint|p2a: le frog
|
|-weather|RainDance|[upkeep]
|upkeep
|
|t:|1702650898
|switch|p2a: Gyarados|Gyarados, M, shiny|100/100
|turn|21
|
|t:|1702650901
|move|p1a: Latios|Dragon Pulse|p2a: Gyarados
|-damage|p2a: Gyarados|54/100
|move|p2a: Gyarados|Dragon Dance|p2a: Gyarados
|-boost|p2a: Gyarados|atk|1
|-boost|p2a: Gyarados|spe|1
|
|-weather|RainDance|[upkeep]
|-heal|p2a: Gyarados|60/100|[from] item: Leftovers
|upkeep
|turn|22
|c|☆Gulchittious Boi|Ggwp
|
|t:|1702650924
|move|p1a: Latios|Dragon Pulse|p2a: Gyarados
|-damage|p2a: Gyarados|14/100
|move|p2a: Gyarados|Dragon Dance|p2a: Gyarados
|-boost|p2a: Gyarados|atk|1
|-boost|p2a: Gyarados|spe|1
|
|-weather|RainDance|[upkeep]
|-heal|p2a: Gyarados|20/100|[from] item: Leftovers
|upkeep
|turn|23
|
|t:|1702650933
|move|p1a: Latios|Dragon Pulse|p2a: Gyarados
|-damage|p2a: Gyarados|0 fnt
|faint|p2a: Gyarados
|
|-weather|RainDance|[upkeep]
|upkeep
|
|t:|1702650935
|switch|p2a: Latios|Latios, M|100/100
|turn|24
|
|t:|1702650938
|move|p1a: Latios|Dragon Pulse|p2a: Latios
|-supereffective|p2a: Latios
|-damage|p2a: Latios|3/100
|move|p2a: Latios|Draco Meteor|p1a: Latios
|-supereffective|p1a: Latios
|-damage|p1a: Latios|0 fnt
|-unboost|p2a: Latios|spa|2
|faint|p1a: Latios
|
|-weather|RainDance|[upkeep]
|upkeep
|
|t:|1702650943
|switch|p1a: Jirachi|Jirachi|37/100
|-damage|p1a: Jirachi|30/100|[from] Stealth Rock
|-damage|p1a: Jirachi|5/100|[from] Spikes
|turn|25
|
|t:|1702650951
|switch|p2a: Kyurem|Kyurem-Black, shiny|42/100
|-ability|p2a: Kyurem|Teravolt
|move|p1a: Jirachi|Healing Wish|p1a: Jirachi
|faint|p1a: Jirachi
|
|-weather|RainDance|[upkeep]
|-heal|p2a: Kyurem|49/100|[from] item: Leftovers
|upkeep
|
|t:|1702650955
|switch|p1a: Reuniclus|Reuniclus, M|31/100 frz
|-heal|p1a: Reuniclus|100/100|[from] move: Healing Wish
|turn|26
|
|t:|1702650958
|move|p2a: Kyurem|Substitute|p2a: Kyurem
|-start|p2a: Kyurem|Substitute
|-damage|p2a: Kyurem|24/100
|move|p1a: Reuniclus|Trick Room|p1a: Reuniclus
|-fieldstart|move: Trick Room|[of] p1a: Reuniclus
|
|-weather|RainDance|[upkeep]
|-heal|p2a: Kyurem|30/100|[from] item: Leftovers
|upkeep
|turn|27
|
|t:|1702650960
|move|p1a: Reuniclus|Psychic|p2a: Kyurem
|-end|p2a: Kyurem|Substitute
|move|p2a: Kyurem|Ice Beam|p1a: Reuniclus
|-damage|p1a: Reuniclus|55/100
|
|-weather|RainDance|[upkeep]
|-heal|p2a: Kyurem|36/100|[from] item: Leftovers
|upkeep
|turn|28
|
|t:|1702650963
|move|p1a: Reuniclus|Psychic|p2a: Kyurem
|-damage|p2a: Kyurem|0 fnt
|faint|p2a: Kyurem
|
|-weather|RainDance|[upkeep]
|upkeep
|
|t:|1702650965
|switch|p2a: Latios|Latios, M|3/100
|turn|29
|
|t:|1702650967
|move|p1a: Reuniclus|Shadow Ball|p2a: Latios
|-supereffective|p2a: Latios
|-damage|p2a: Latios|0 fnt
|faint|p2a: Latios
|
|win|Gulchittious Boi
|raw|Gulchittious Boi's rating: 1312 &rarr; <strong>1339</strong><br />(+27 for winning)
|raw|leoperi99's rating: 1432 &rarr; <strong>1405</strong><br />(-27 for losing)
|l|☆leoperi99
