|uhtml|medal-msg|<div class="broadcast-blue">Curious what those medals under the avatar are? PS now has Ladder Seasons! For more information, check out the <a href="https://www.smogon.com/forums/threads/3740067/">thread on Smogon.</a></div>
|uhtml|medal-msg|<div class="broadcast-blue">Curious what those medals under the avatar are? PS now has Ladder Seasons! For more information, check out the <a href="https://www.smogon.com/forums/threads/3740067/">thread on Smogon.</a></div>
|j|☆Darkininha
|j|☆guap collector
|t:|1713407209
|gametype|singles
|player|p1|Darkininha|rocketgruntf|1417
|player|p2|guap collector|burglar|1320
|teamsize|p1|6
|teamsize|p2|6
|gen|5
|tier|[Gen 5] OU
|rated|
|rule|Species Clause: Limit one of each Pokémon
|rule|OHKO Clause: OHKO moves are banned
|rule|Moody Clause: Moody is banned
|rule|Evasion Items Clause: Evasion items are banned
|rule|Evasion Moves Clause: Evasion moves are banned
|rule|Endless Battle Clause: Forcing endless battles is banned
|rule|HP Percentage Mod: HP is shown in percentages
|rule|Evasion Abilities Clause: Evasion abilities are banned
|rule|Sleep Moves Clause: Sleep-inducing moves are banned
|rule|Swagger Clause: Swagger is banned
|rule|Baton Pass Stat Clause: No Baton Passer may have a way to boost its stats
|clearpoke
|poke|p1|Latios, M|item
|poke|p1|Kyurem-Black|item
|poke|p1|Keldeo|item
|poke|p1|Infernape, M|item
|poke|p1|Magnezone|item
|poke|p1|Scizor, F|item
|poke|p2|Celebi|item
|poke|p2|Garchomp, F|item
|poke|p2|Excadrill, F|item
|poke|p2|Heatran, F|item
|poke|p2|Dragonite, F|item
|poke|p2|Scizor, M|item
|teampreview
|inactive|Battle timer is ON: inactive players will automatically lose when time's up. (requested by guap collector)
|inactive|Darkininha also wants the timer to be on.
|
|t:|1713407226
|start
|switch|p1a: Scizor|Scizor, F|100/100
|switch|p2a: Garchomp|Garchomp, F|100/100
|turn|1
|j| Neighthan Trainer
|
|t:|1713407238
|switch|p2a: Heatran|Heatran, F|100/100
|move|p1a: Scizor|U-turn|p2a: Heatran
|-resisted|p2a: Heatran
|-crit|p2a: Heatran
|-damage|p2a: Heatran|86/100
|
|t:|1713407245
|switch|p1a: Infernape|Infernape, M|100/100|[from] U-turn
|
|-heal|p2a: Heatran|92/100|[from] item: Leftovers
|upkeep
|turn|2
|
|t:|1713407258
|switch|p2a: Dragonite|Dragonite, F|100/100
|-singleturn|p1a: Infernape|move: Focus Punch
|move|p1a: Infernape|Focus Punch|p2a: Dragonite
|-resisted|p2a: Dragonite
|-damage|p2a: Dragonite|85/100
|
|-heal|p2a: Dragonite|91/100|[from] item: Leftovers
|upkeep
|turn|3
|
|t:|1713407270
|switch|p1a: Kyurem|Kyurem-Black|100/100
|-ability|p1a: Kyurem|Teravolt
|move|p2a: Dragonite|Substitute|p2a: Dragonite
|-start|p2a: Dragonite|Substitute
|-damage|p2a: Dragonite|66/100
|
|-heal|p2a: Dragonite|72/100|[from] item: Leftovers
|upkeep
|turn|4
|
|t:|1713407296
|move|p2a: Dragonite|Dragon Claw|p1a: Kyurem
|-supereffective|p1a: Kyurem
|-damage|p1a: Kyurem|37/100
|move|p1a: Kyurem|Ice Beam|p2a: Dragonite
|-supereffective|p2a: Dragonite
|-end|p2a: Dragonite|Substitute
|
|-heal|p2a: Dragonite|78/100|[from] item: Leftovers
|-heal|p1a: Kyurem|43/100|[from] item: Leftovers
|upkeep
|turn|5
|
|t:|1713407303
|move|p2a: Dragonite|Dragon Claw|p1a: Kyurem
|-supereffective|p1a: Kyurem
|-damage|p1a: Kyurem|0 fnt
|faint|p1a: Kyurem
|
|-heal|p2a: Dragonite|85/100|[from] item: Leftovers
|upkeep
|
|t:|1713407314
|switch|p1a: Latios|Latios, M|100/100
|turn|6
|
|t:|1713407320
|switch|p2a: Celebi|Celebi|100/100
|move|p1a: Latios|Trick|p2a: Celebi
|-activate|p1a: Latios|move: Trick|[of] p2a: Celebi
|-item|p2a: Celebi|Choice Scarf|[from] move: Trick
|-item|p1a: Latios|Leftovers|[from] move: Trick
|
|upkeep
|turn|7
|
|t:|1713407325
|switch|p1a: Scizor|Scizor, F|100/100
|move|p2a: Celebi|Thunder Wave|p1a: Scizor
|-status|p1a: Scizor|par
|
|upkeep
|turn|8
|
|t:|1713407330
|switch|p2a: Heatran|Heatran, F|92/100
|move|p1a: Scizor|U-turn|p2a: Heatran
|-resisted|p2a: Heatran
|-damage|p2a: Heatran|84/100
|
|t:|1713407338
|switch|p1a: Keldeo|Keldeo|100/100|[from] U-turn
|
|-heal|p2a: Heatran|90/100|[from] item: Leftovers
|upkeep
|turn|9
|
|t:|1713407343
|switch|p2a: Celebi|Celebi|100/100
|move|p1a: Keldeo|Substitute|p1a: Keldeo
|-start|p1a: Keldeo|Substitute
|-damage|p1a: Keldeo|76/100
|
|-heal|p1a: Keldeo|82/100|[from] item: Leftovers
|upkeep
|turn|10
|
|t:|1713407345
|move|p2a: Celebi|Psychic|p1a: Keldeo
|-supereffective|p1a: Keldeo
|-end|p1a: Keldeo|Substitute
|move|p1a: Keldeo|Calm Mind|p1a: Keldeo
|-boost|p1a: Keldeo|spa|1
|-boost|p1a: Keldeo|spd|1
|
|-heal|p1a: Keldeo|88/100|[from] item: Leftovers
|upkeep
|turn|11
|
|t:|1713407348
|switch|p1a: Scizor|Scizor, F|100/100 par
|move|p2a: Celebi|Psychic|p1a: Scizor
|-resisted|p1a: Scizor
|-damage|p1a: Scizor|78/100 par
|
|upkeep
|turn|12
|
|t:|1713407352
|switch|p2a: Heatran|Heatran, F|90/100
|move|p1a: Scizor|U-turn|p2a: Heatran
|-resisted|p2a: Heatran
|-damage|p2a: Heatran|83/100
|
|t:|1713407363
|switch|p1a: Keldeo|Keldeo|88/100|[from] U-turn
|
|-heal|p1a: Keldeo|94/100|[from] item: Leftovers
|-heal|p2a: Heatran|90/100|[from] item: Leftovers
|upkeep
|turn|13
|
|t:|1713407365
|switch|p2a: Celebi|Celebi|100/100
|move|p1a: Keldeo|Secret Sword|p2a: Celebi
|-resisted|p2a: Celebi
|-damage|p2a: Celebi|80/100
|
|-heal|p1a: Keldeo|100/100|[from] item: Leftovers
|upkeep
|turn|14
|
|t:|1713407370
|switch|p1a: Scizor|Scizor, F|78/100 par
|move|p2a: Celebi|Thunder Wave|p1a: Scizor
|-fail|p1a: Scizor|par
|
|upkeep
|turn|15
|
|t:|1713407376
|switch|p2a: Dragonite|Dragonite, F|85/100
|move|p1a: Scizor|Superpower|p2a: Dragonite
|-resisted|p2a: Dragonite
|-damage|p2a: Dragonite|66/100
|-unboost|p1a: Scizor|atk|1
|-unboost|p1a: Scizor|def|1
|
|-heal|p2a: Dragonite|72/100|[from] item: Leftovers
|upkeep
|turn|16
|
|t:|1713407386
|switch|p1a: Magnezone|Magnezone|100/100
|move|p2a: Dragonite|Substitute|p2a: Dragonite
|-start|p2a: Dragonite|Substitute
|-damage|p2a: Dragonite|47/100
|
|-heal|p2a: Dragonite|53/100|[from] item: Leftovers
|upkeep
|turn|17
|c|☆guap collector|caught u lackin
|c|☆Darkininha|Yeah
|
|t:|1713407395
|move|p2a: Dragonite|Roost|p2a: Dragonite
|-heal|p2a: Dragonite|100/100
|-singleturn|p2a: Dragonite|move: Roost
|move|p1a: Magnezone|Charge Beam|p2a: Dragonite
|-resisted|p2a: Dragonite
|-activate|p2a: Dragonite|Substitute|[damage]
|-boost|p1a: Magnezone|spa|1
|
|upkeep
|turn|18
|
|t:|1713407406
|switch|p2a: Excadrill|Excadrill, F|100/100
|-ability|p2a: Excadrill|Mold Breaker
|move|p1a: Magnezone|Charge Beam|p2a: Excadrill
|-immune|p2a: Excadrill
|
|upkeep
|turn|19
|
|t:|1713407416
|switch|p1a: Latios|Latios, M|100/100
|move|p2a: Excadrill|Earthquake|p1a: Latios
|-damage|p1a: Latios|14/100
|
|-heal|p1a: Latios|20/100|[from] item: Leftovers
|upkeep
|turn|20
|
|t:|1713407424
|move|p2a: Excadrill|Earthquake|p1a: Latios
|-damage|p1a: Latios|0 fnt
|faint|p1a: Latios
|
|upkeep
|
|t:|1713407428
|switch|p1a: Keldeo|Keldeo|100/100
|turn|21
|
|t:|1713407435
|switch|p2a: Celebi|Celebi|80/100
|move|p1a: Keldeo|Scald|p2a: Celebi
|-resisted|p2a: Celebi
|-damage|p2a: Celebi|68/100
|
|upkeep
|turn|22
|
|t:|1713407441
|switch|p1a: Scizor|Scizor, F|78/100 par
|move|p2a: Celebi|Thunder Wave|p1a: Scizor
|-fail|p1a: Scizor|par
|
|upkeep
|turn|23
|
|t:|1713407446
|switch|p2a: Heatran|Heatran, F|90/100
|cant|p1a: Scizor|par
|
|-heal|p2a: Heatran|96/100|[from] item: Leftovers
|upkeep
|turn|24
|c|☆Darkininha|gg
|-message|Darkininha forfeited.
|
|win|guap collector
|raw|Darkininha's rating: 1417 &rarr; <strong>1392</strong><br />(-25 for losing)
|raw|guap collector's rating: 1320 &rarr; <strong>1345</strong><br />(+25 for winning)
|l|☆Darkininha
|player|p1|
|c|☆guap collector|gg
|l| Neighthan Trainer
