|j|☆firelit nights
|j|☆Infernoss
|player|p1|firelit nights|26|1555
|player|p2|Infernoss|173|1400
|teamsize|p1|6
|teamsize|p2|6
|gametype|singles
|gen|5
|tier|[Gen 5] OU
|rated|
|rule|Sleep Clause Mod: Limit one foe put to sleep
|rule|Species Clause: Limit one of each Pokémon
|rule|OHKO Clause: OHKO moves are banned
|rule|Moody Clause: Moody is banned
|rule|Evasion Moves Clause: Evasion moves are banned
|rule|Endless Battle Clause: Forcing endless battles is banned
|rule|HP Percentage Mod: HP is shown in percentages
|rule|Evasion Abilities Clause: Evasion abilities are banned
|rule|Baton Pass Clause: Limit one Baton Passer, can't pass Spe and other stats simultaneously
|rule|Swagger Clause: Swagger is banned
|clearpoke
|poke|p1|Tyranitar, F|item
|poke|p1|Victini|item
|poke|p1|Excadrill, F|item
|poke|p1|Rotom-Wash|item
|poke|p1|Ferrothorn, M|item
|poke|p1|Latios, M|item
|poke|p2|Azelf|item
|poke|p2|Breloom, F|item
|poke|p2|Gyarados, M|item
|poke|p2|Skarmory, F|item
|poke|p2|Toxicroak, F|item
|poke|p2|Volcarona, M|item
|teampreview
|
|start
|switch|p1a: Rotom|Rotom-Wash|100/100
|switch|p2a: Kraken|Gyarados, M, shiny|100/100
|turn|1
|j| Aquaman42
|
|switch|p2a: Lazulis|Azelf|100/100
|move|p1a: Rotom|Volt Switch|p2a: Lazulis
|-damage|p2a: Lazulis|65/100
|
|switch|p1a: Victini|Victini|100/100|[from]move: Volt Switch
|
|upkeep
|turn|2
|
|switch|p2a: Breloom|Breloom, F|100/100
|move|p1a: Victini|V-create|p2a: Breloom
|-supereffective|p2a: Breloom
|-damage|p2a: Breloom|0 fnt
|-unboost|p1a: Victini|spe|1
|-unboost|p1a: Victini|def|1
|-unboost|p1a: Victini|spd|1
|faint|p2a: Breloom
|
|upkeep
|
|switch|p2a: Lazulis|Azelf|65/100
|turn|3
|
|move|p2a: Lazulis|Reflect|p2a: Lazulis
|-sidestart|p2: Infernoss|Reflect
|move|p1a: Victini|V-create|p2a: Lazulis
|-damage|p2a: Lazulis|16/100
|-unboost|p1a: Victini|spe|1
|-unboost|p1a: Victini|def|1
|-unboost|p1a: Victini|spd|1
|
|upkeep
|turn|4
|
|switch|p1a: Excadrill|Excadrill, F|100/100
|-ability|p1a: Excadrill|Mold Breaker
|move|p2a: Lazulis|Light Screen|p2a: Lazulis
|-sidestart|p2: Infernoss|move: Light Screen
|
|upkeep
|turn|5
|
|move|p2a: Lazulis|Taunt|p1a: Excadrill
|-start|p1a: Excadrill|move: Taunt
|cant|p1a: Excadrill|move: Taunt|Stealth Rock
|
|upkeep
|turn|6
|
|move|p2a: Lazulis|U-turn|p1a: Excadrill
|-resisted|p1a: Excadrill
|-damage|p1a: Excadrill|90/100
|
|switch|p2a: Kraken|Gyarados, M, shiny|100/100|[from]move: U-turn
|move|p1a: Excadrill|Rapid Spin|p2a: Kraken
|-damage|p2a: Kraken|97/100
|
|-heal|p2a: Kraken|100/100|[from] item: Leftovers
|-heal|p1a: Excadrill|96/100|[from] item: Leftovers
|upkeep
|turn|7
|
|switch|p2a: Volcarona|Volcarona, M|100/100
|switch|p1a: Rotom|Rotom-Wash|100/100
|
|upkeep
|turn|8
|j| insulae
|
|switch|p1a: Victini|Victini|100/100
|move|p2a: Volcarona|Quiver Dance|p2a: Volcarona
|-boost|p2a: Volcarona|spa|1
|-boost|p2a: Volcarona|spd|1
|-boost|p2a: Volcarona|spe|1
|
|upkeep
|turn|9
|
|move|p1a: Victini|V-create|p2a: Volcarona
|-damage|p2a: Volcarona|44/100
|-unboost|p1a: Victini|spe|1
|-unboost|p1a: Victini|def|1
|-unboost|p1a: Victini|spd|1
|move|p2a: Volcarona|Quiver Dance|p2a: Volcarona
|-boost|p2a: Volcarona|spa|1
|-boost|p2a: Volcarona|spd|1
|-boost|p2a: Volcarona|spe|1
|
|upkeep
|turn|10
|
|switch|p1a: Excadrill|Excadrill, F|96/100
|-ability|p1a: Excadrill|Mold Breaker
|move|p2a: Volcarona|Bug Buzz|p1a: Excadrill
|-resisted|p1a: Excadrill
|-damage|p1a: Excadrill|54/100
|
|-heal|p1a: Excadrill|60/100|[from] item: Leftovers
|-sideend|p2: Infernoss|Reflect
|upkeep
|turn|11
|
|move|p2a: Volcarona|Fiery Dance|p1a: Excadrill
|-supereffective|p1a: Excadrill
|-damage|p1a: Excadrill|0 fnt
|faint|p1a: Excadrill
|
|-sideend|p2: Infernoss|move: Light Screen
|upkeep
|
|switch|p1a: Tyranitar|Tyranitar, F|100/100
|-weather|Sandstorm|[from] ability: Sand Stream|[of] p1a: Tyranitar
|turn|12
|
|move|p2a: Volcarona|Bug Buzz|p1a: Tyranitar
|-supereffective|p1a: Tyranitar
|-damage|p1a: Tyranitar|3/100
|move|p1a: Tyranitar|Rock Slide|p2a: Volcarona
|-supereffective|p2a: Volcarona
|-damage|p2a: Volcarona|0 fnt
|faint|p2a: Volcarona
|
|-weather|Sandstorm|[upkeep]
|upkeep
|c|☆Infernoss|wtf
|
|switch|p2a: Skarmory|Skarmory, F|100/100
|turn|13
|c|☆firelit nights|my ttar is very well trained
|c|☆Infernoss|luck
|c|☆Infernoss|+2
|c|☆Infernoss|modest
|
|switch|p1a: Rotom|Rotom-Wash|100/100
|move|p2a: Skarmory|Stealth Rock|p1a: Rotom
|-sidestart|p1: firelit nights|move: Stealth Rock
|
|-weather|Sandstorm|[upkeep]
|-damage|p1a: Rotom|94/100|[from] Sandstorm
|-heal|p1a: Rotom|100/100|[from] item: Leftovers
|upkeep
|turn|14
|c|☆firelit nights|it's love and care
|
|move|p1a: Rotom|Will-O-Wisp|p2a: Skarmory
|-status|p2a: Skarmory|brn
|move|p2a: Skarmory|Toxic|p1a: Rotom
|-status|p1a: Rotom|tox
|
|-weather|Sandstorm|[upkeep]
|-damage|p1a: Rotom|94/100 tox|[from] Sandstorm
|-heal|p1a: Rotom|100/100 tox|[from] item: Leftovers
|-damage|p1a: Rotom|94/100 tox|[from] psn
|-damage|p2a: Skarmory|88/100 brn|[from] brn
|upkeep
|turn|15
|
|move|p1a: Rotom|Volt Switch|p2a: Skarmory
|-supereffective|p2a: Skarmory
|-damage|p2a: Skarmory|38/100 brn
|
|switch|p1a: Tyranitar|Tyranitar, F|3/100|[from]move: Volt Switch
|-damage|p1a: Tyranitar|0 fnt|[from] Stealth Rock
|faint|p1a: Tyranitar
|move|p2a: Skarmory|Roost|p2a: Skarmory
|-heal|p2a: Skarmory|88/100 brn
|-singleturn|p2a: Skarmory|move: Roost
|
|-weather|Sandstorm|[upkeep]
|-heal|p2a: Skarmory|94/100 brn|[from] item: Leftovers
|-damage|p2a: Skarmory|82/100 brn|[from] brn
|upkeep
|
|switch|p1a: Victini|Victini|100/100
|-damage|p1a: Victini|76/100|[from] Stealth Rock
|turn|16
|
|move|p1a: Victini|Bolt Strike|p2a: Skarmory
|-supereffective|p2a: Skarmory
|-damage|p2a: Skarmory|25/100 brn
|move|p2a: Skarmory|Toxic|p1a: Victini
|-status|p1a: Victini|tox
|
|-weather|Sandstorm|[upkeep]
|-damage|p1a: Victini|69/100 tox|[from] Sandstorm
|-heal|p2a: Skarmory|31/100 brn|[from] item: Leftovers
|-damage|p1a: Victini|63/100 tox|[from] psn
|-damage|p2a: Skarmory|19/100 brn|[from] brn
|upkeep
|turn|17
|
|move|p1a: Victini|Bolt Strike|p2a: Skarmory|[miss]
|-miss|p1a: Victini|p2a: Skarmory
|move|p2a: Skarmory|Roost|p2a: Skarmory
|-heal|p2a: Skarmory|69/100 brn
|-singleturn|p2a: Skarmory|move: Roost
|
|-weather|Sandstorm|[upkeep]
|-damage|p1a: Victini|57/100 tox|[from] Sandstorm
|-heal|p2a: Skarmory|75/100 brn|[from] item: Leftovers
|-damage|p1a: Victini|45/100 tox|[from] psn
|-damage|p2a: Skarmory|63/100 brn|[from] brn
|upkeep
|turn|18
|
|move|p1a: Victini|Bolt Strike|p2a: Skarmory
|-supereffective|p2a: Skarmory
|-crit|p2a: Skarmory
|-damage|p2a: Skarmory|0 fnt
|faint|p2a: Skarmory
|
|-weather|Sandstorm|[upkeep]
|-damage|p1a: Victini|39/100 tox|[from] Sandstorm
|-damage|p1a: Victini|20/100 tox|[from] psn
|upkeep
|
|switch|p2a: Toxicroak|Toxicroak, F|100/100
|turn|19
|
|move|p2a: Toxicroak|Sucker Punch|p1a: Victini
|-supereffective|p1a: Victini
|-damage|p1a: Victini|0 fnt
|-damage|p2a: Toxicroak|91/100|[from] item: Life Orb
|faint|p1a: Victini
|
|-weather|Sandstorm|[upkeep]
|-damage|p2a: Toxicroak|85/100|[from] Sandstorm
|upkeep
|
|switch|p1a: Rotom|Rotom-Wash|94/100 tox
|-damage|p1a: Rotom|82/100 tox|[from] Stealth Rock
|turn|20
|
|switch|p2a: Kraken|Gyarados, M, shiny|100/100
|move|p1a: Rotom|Will-O-Wisp|p2a: Kraken|[miss]
|-miss|p1a: Rotom|p2a: Kraken
|
|-weather|Sandstorm|[upkeep]
|-damage|p2a: Kraken|94/100|[from] Sandstorm
|-damage|p1a: Rotom|75/100 tox|[from] Sandstorm
|-heal|p2a: Kraken|100/100|[from] item: Leftovers
|-heal|p1a: Rotom|82/100 tox|[from] item: Leftovers
|-damage|p1a: Rotom|75/100 tox|[from] psn
|upkeep
|turn|21
|
|move|p2a: Kraken|Substitute|p2a: Kraken
|-start|p2a: Kraken|Substitute
|-damage|p2a: Kraken|76/100
|move|p1a: Rotom|Volt Switch|p2a: Kraken
|-supereffective|p2a: Kraken
|-end|p2a: Kraken|Substitute
|
|switch|p1a: Ferrothorn|Ferrothorn, M|100/100|[from]move: Volt Switch
|-damage|p1a: Ferrothorn|94/100|[from] Stealth Rock
|
|-weather|Sandstorm|[upkeep]
|-damage|p2a: Kraken|69/100|[from] Sandstorm
|-heal|p2a: Kraken|76/100|[from] item: Leftovers
|-heal|p1a: Ferrothorn|100/100|[from] item: Leftovers
|upkeep
|turn|22
|
|move|p2a: Kraken|Dragon Dance|p2a: Kraken
|-boost|p2a: Kraken|atk|1
|-boost|p2a: Kraken|spe|1
|move|p1a: Ferrothorn|Power Whip|p2a: Kraken
|-damage|p2a: Kraken|29/100
|
|-weather|Sandstorm|[upkeep]
|-damage|p2a: Kraken|23/100|[from] Sandstorm
|-heal|p2a: Kraken|29/100|[from] item: Leftovers
|upkeep
|turn|23
|
|move|p2a: Kraken|Bounce||[still]
|-prepare|p2a: Kraken|Bounce|p1a: Ferrothorn
|move|p1a: Ferrothorn|Power Whip|p2a: Kraken|[miss]
|-miss|p1a: Ferrothorn|p2a: Kraken
|
|-weather|Sandstorm|[upkeep]
|-damage|p2a: Kraken|23/100|[from] Sandstorm
|-heal|p2a: Kraken|29/100|[from] item: Leftovers
|upkeep
|turn|24
|
|switch|p1a: Rotom|Rotom-Wash|75/100 tox
|-damage|p1a: Rotom|63/100 tox|[from] Stealth Rock
|move|p2a: Kraken|Bounce|p1a: Rotom|[from]lockedmove
|-resisted|p1a: Rotom
|-damage|p1a: Rotom|36/100 tox
|
|-weather|Sandstorm|[upkeep]
|-damage|p2a: Kraken|23/100|[from] Sandstorm
|-damage|p1a: Rotom|29/100 tox|[from] Sandstorm
|-heal|p2a: Kraken|29/100|[from] item: Leftovers
|-heal|p1a: Rotom|36/100 tox|[from] item: Leftovers
|-damage|p1a: Rotom|29/100 tox|[from] psn
|upkeep
|turn|25
|
|move|p2a: Kraken|Waterfall|p1a: Rotom
|-resisted|p1a: Rotom
|-damage|p1a: Rotom|4/100 tox
|move|p1a: Rotom|Volt Switch|p2a: Kraken
|-supereffective|p2a: Kraken
|-damage|p2a: Kraken|0 fnt
|faint|p2a: Kraken
|
|switch|p1a: Ferrothorn|Ferrothorn, M|100/100|[from]move: Volt Switch
|-damage|p1a: Ferrothorn|94/100|[from] Stealth Rock
|
|-weather|Sandstorm|[upkeep]
|-heal|p1a: Ferrothorn|100/100|[from] item: Leftovers
|upkeep
|
|switch|p2a: Lazulis|Azelf|16/100
|turn|26
|
|move|p2a: Lazulis|Reflect|p2a: Lazulis
|-sidestart|p2: Infernoss|Reflect
|move|p1a: Ferrothorn|Gyro Ball|p2a: Lazulis
|-damage|p2a: Lazulis|0 fnt
|faint|p2a: Lazulis
|
|-weather|Sandstorm|[upkeep]
|upkeep
|
|switch|p2a: Toxicroak|Toxicroak, F|85/100
|turn|27
|
|switch|p1a: Rotom|Rotom-Wash|4/100 tox
|-damage|p1a: Rotom|0 fnt|[from] Stealth Rock
|faint|p1a: Rotom
|move|p2a: Toxicroak|Swords Dance|p2a: Toxicroak
|-boost|p2a: Toxicroak|atk|2
|
|-weather|Sandstorm|[upkeep]
|-damage|p2a: Toxicroak|78/100|[from] Sandstorm
|upkeep
|
|switch|p1a: Latios|Latios, M|100/100
|-damage|p1a: Latios|88/100|[from] Stealth Rock
|turn|28
|
|move|p2a: Toxicroak|Sucker Punch||[still]
|-fail|p2a: Toxicroak
|move|p1a: Latios|Sleep Talk||[still]
|-fail|p1a: Latios
|
|-weather|Sandstorm|[upkeep]
|-damage|p1a: Latios|82/100|[from] Sandstorm
|-damage|p2a: Toxicroak|72/100|[from] Sandstorm
|upkeep
|turn|29
|c|☆firelit nights|croak destroys this build
|c|☆firelit nights|i need to fix it
|
|move|p1a: Latios|Sleep Talk||[still]
|-fail|p1a: Latios
|move|p2a: Toxicroak|Drain Punch|p1a: Latios
|-resisted|p1a: Latios
|-damage|p1a: Latios|19/100
|-heal|p2a: Toxicroak|100/100|[from] drain|[of] p1a: Latios
|-damage|p2a: Toxicroak|91/100|[from] item: Life Orb
|
|-weather|Sandstorm|[upkeep]
|-damage|p1a: Latios|13/100|[from] Sandstorm
|-damage|p2a: Toxicroak|85/100|[from] Sandstorm
|upkeep
|turn|30
|c|☆Infernoss|hax is worst
|c|☆Infernoss|in this tier, hax is incredible
|c|☆firelit nights|you haxed me way more
|
|move|p1a: Latios|Sleep Talk||[still]
|-fail|p1a: Latios
|move|p2a: Toxicroak|Drain Punch|p1a: Latios
|-resisted|p1a: Latios
|-crit|p1a: Latios
|-damage|p1a: Latios|0 fnt
|-heal|p2a: Toxicroak|91/100|[from] drain|[of] p1a: Latios
|-damage|p2a: Toxicroak|81/100|[from] item: Life Orb
|faint|p1a: Latios
|
|-weather|Sandstorm|[upkeep]
|-damage|p2a: Toxicroak|75/100|[from] Sandstorm
|upkeep
|c|☆Infernoss|i know
|
|switch|p1a: Ferrothorn|Ferrothorn, M|100/100
|-damage|p1a: Ferrothorn|94/100|[from] Stealth Rock
|turn|31
|c|☆firelit nights|gg
|c|☆Infernoss|sorry for that
|c|☆Infernoss|gg
|
|move|p2a: Toxicroak|Drain Punch|p1a: Ferrothorn
|-supereffective|p1a: Ferrothorn
|-damage|p1a: Ferrothorn|0 fnt
|-heal|p2a: Toxicroak|100/100|[from] drain|[of] p1a: Ferrothorn
|-damage|p2a: Toxicroak|88/100|[from] ability: Iron Barbs|[of] p1a: Ferrothorn
|-damage|p2a: Toxicroak|78/100|[from] item: Life Orb
|faint|p1a: Ferrothorn
|
|win|Infernoss
|l|☆firelit nights
|l| Aquaman42
|raw|firelit nights's rating: 1555 &rarr; <strong>1527</strong><br />(-28 for losing)
|raw|Infernoss's rating: 1400 &rarr; <strong>1428</strong><br />(+28 for winning)
