|j|☆aioso
|j|☆JackRG1
|t:|1733547663
|gametype|singles
|player|p1|aioso|1|1563
|player|p2|JackRG1|kukui-stand|1391
|teamsize|p1|6
|teamsize|p2|6
|gen|5
|tier|[Gen 5] OU
|rated|
|rule|Species Clause: Limit one of each Pokémon
|rule|OHKO Clause: OHKO moves are banned
|rule|Moody Clause: Moody is banned
|rule|Evasion Items Clause: Evasion items are banned
|rule|Evasion Moves Clause: Evasion moves are banned
|rule|Endless Battle Clause: Forcing endless battles is banned
|rule|HP Percentage Mod: HP is shown in percentages
|rule|Evasion Abilities Clause: Evasion abilities are banned
|rule|Sleep Moves Clause: Sleep-inducing moves are banned
|rule|Swagger Clause: Swagger is banned
|rule|Baton Pass Stat Clause: No Baton Passer may have a way to boost its stats
|clearpoke
|poke|p1|Ninetales, F|item
|poke|p1|Volcarona, F|item
|poke|p1|Garchomp, M|item
|poke|p1|Latios, M|item
|poke|p1|Heatran, F|item
|poke|p1|Xatu, M|item
|poke|p2|Tyranitar, M|item
|poke|p2|Mamoswine, M|item
|poke|p2|Keldeo|item
|poke|p2|Amoonguss, M|item
|poke|p2|Gliscor, M|item
|poke|p2|Excadrill, F|item
|teampreview
|inactive|Battle timer is ON: inactive players will automatically lose when time's up. (requested by JackRG1)
|inactive|JackRG1 has 120 seconds left.
|
|t:|1733547698
|start
|switch|p1a: Garchomp|Garchomp, M|100/100
|switch|p2a: Mamoswine|Mamoswine, M|100/100
|turn|1
|
|t:|1733547703
|move|p1a: Garchomp|Dual Chop|p2a: Mamoswine
|-damage|p2a: Mamoswine|65/100
|-damage|p2a: Mamoswine|30/100
|-hitcount|p2a: Mamoswine|2
|move|p2a: Mamoswine|Icicle Crash|p1a: Garchomp
|-supereffective|p1a: Garchomp
|-damage|p1a: Garchomp|0 fnt
|faint|p1a: Garchomp
|
|upkeep
|
|t:|1733547714
|switch|p1a: Ninetales|Ninetales, F|100/100
|-weather|SunnyDay|[from] ability: Drought|[of] p1a: Ninetales
|turn|2
|
|t:|1733547721
|switch|p2a: Tyranitar|Tyranitar, M|100/100
|-weather|Sandstorm|[from] ability: Sand Stream|[of] p2a: Tyranitar
|move|p1a: Ninetales|Flamethrower|p2a: Tyranitar
|-resisted|p2a: Tyranitar
|-crit|p2a: Tyranitar
|-damage|p2a: Tyranitar|86/100
|
|-weather|Sandstorm|[upkeep]
|-damage|p1a: Ninetales|94/100|[from] Sandstorm
|-heal|p1a: Ninetales|100/100|[from] item: Leftovers
|upkeep
|turn|3
|
|t:|1733547726
|-activate|p1a: Ninetales|move: Pursuit
|move|p2a: Tyranitar|Pursuit|p1a: Ninetales|[from]Pursuit
|-damage|p1a: Ninetales|56/100
|switch|p1a: Xatu|Xatu, M|100/100
|
|-weather|Sandstorm|[upkeep]
|-damage|p1a: Xatu|95/100|[from] Sandstorm
|upkeep
|turn|4
|
|t:|1733547735
|move|p1a: Xatu|Night Shade|p2a: Tyranitar
|-damage|p2a: Tyranitar|62/100
|move|p2a: Tyranitar|Crunch|p1a: Xatu
|-supereffective|p1a: Xatu
|-damage|p1a: Xatu|17/100
|-damage|p2a: Tyranitar|45/100|[from] item: Rocky Helmet|[of] p1a: Xatu
|
|-weather|Sandstorm|[upkeep]
|-damage|p1a: Xatu|11/100|[from] Sandstorm
|upkeep
|turn|5
|
|t:|1733547739
|move|p1a: Xatu|Feather Dance|p2a: Tyranitar
|-unboost|p2a: Tyranitar|atk|2
|move|p2a: Tyranitar|Crunch|p1a: Xatu
|-supereffective|p1a: Xatu
|-damage|p1a: Xatu|0 fnt
|-damage|p2a: Tyranitar|28/100|[from] item: Rocky Helmet|[of] p1a: Xatu
|faint|p1a: Xatu
|
|-weather|Sandstorm|[upkeep]
|upkeep
|
|t:|1733547747
|switch|p1a: Volcarona|Volcarona, F|100/100
|turn|6
|
|t:|1733547760
|switch|p2a: Keldeo|Keldeo|100/100
|move|p1a: Volcarona|Quiver Dance|p1a: Volcarona
|-boost|p1a: Volcarona|spa|1
|-boost|p1a: Volcarona|spd|1
|-boost|p1a: Volcarona|spe|1
|
|-weather|Sandstorm|[upkeep]
|-damage|p1a: Volcarona|94/100|[from] Sandstorm
|-damage|p2a: Keldeo|94/100|[from] Sandstorm
|-heal|p2a: Keldeo|100/100|[from] item: Leftovers
|upkeep
|turn|7
|
|t:|1733547765
|move|p1a: Volcarona|Psychic|p2a: Keldeo
|-supereffective|p2a: Keldeo
|-damage|p2a: Keldeo|0 fnt
|faint|p2a: Keldeo
|
|-weather|Sandstorm|[upkeep]
|-damage|p1a: Volcarona|88/100|[from] Sandstorm
|upkeep
|
|t:|1733547771
|switch|p2a: Amoonguss|Amoonguss, M|100/100
|turn|8
|
|t:|1733547776
|move|p1a: Volcarona|Fire Blast|p2a: Amoonguss
|-supereffective|p2a: Amoonguss
|-damage|p2a: Amoonguss|0 fnt
|faint|p2a: Amoonguss
|
|-weather|Sandstorm|[upkeep]
|-damage|p1a: Volcarona|82/100|[from] Sandstorm
|upkeep
|
|t:|1733547779
|switch|p2a: Gliscor|Gliscor, M|100/100
|turn|9
|
|t:|1733547785
|move|p1a: Volcarona|Fire Blast|p2a: Gliscor
|-damage|p2a: Gliscor|11/100
|move|p2a: Gliscor|Earthquake|p1a: Volcarona
|-damage|p1a: Volcarona|31/100
|
|-weather|Sandstorm|[upkeep]
|-damage|p1a: Volcarona|25/100|[from] Sandstorm
|-status|p2a: Gliscor|tox|[from] item: Toxic Orb
|upkeep
|turn|10
|
|t:|1733547792
|move|p2a: Gliscor|Protect|p2a: Gliscor
|-singleturn|p2a: Gliscor|Protect
|move|p1a: Volcarona|Bug Buzz|p2a: Gliscor
|-activate|p2a: Gliscor|move: Protect
|
|-weather|Sandstorm|[upkeep]
|-damage|p1a: Volcarona|19/100|[from] Sandstorm
|-heal|p2a: Gliscor|23/100 tox|[from] ability: Poison Heal
|upkeep
|turn|11
|
|t:|1733547797
|switch|p2a: Tyranitar|Tyranitar, M|28/100
|move|p1a: Volcarona|Bug Buzz|p2a: Tyranitar
|-supereffective|p2a: Tyranitar
|-damage|p2a: Tyranitar|0 fnt
|faint|p2a: Tyranitar
|
|-weather|Sandstorm|[upkeep]
|-damage|p1a: Volcarona|13/100|[from] Sandstorm
|upkeep
|
|t:|1733547799
|switch|p2a: Excadrill|Excadrill, F|100/100
|turn|12
|
|t:|1733547803
|switch|p1a: Ninetales|Ninetales, F|56/100
|-weather|SunnyDay|[from] ability: Drought|[of] p1a: Ninetales
|move|p2a: Excadrill|Protect||[still]
|-fail|p2a: Excadrill
|
|-weather|SunnyDay|[upkeep]
|-heal|p1a: Ninetales|62/100|[from] item: Leftovers
|upkeep
|turn|13
|
|t:|1733547806
|move|p2a: Excadrill|Earthquake|p1a: Ninetales
|-supereffective|p1a: Ninetales
|-damage|p1a: Ninetales|0 fnt
|faint|p1a: Ninetales
|
|-weather|SunnyDay|[upkeep]
|upkeep
|
|t:|1733547813
|switch|p1a: Volcarona|Volcarona, F|13/100
|turn|14
|
|t:|1733547816
|move|p1a: Volcarona|Fire Blast|p2a: Excadrill
|-supereffective|p2a: Excadrill
|-damage|p2a: Excadrill|0 fnt
|faint|p2a: Excadrill
|
|-weather|SunnyDay|[upkeep]
|upkeep
|
|t:|1733547819
|switch|p2a: Mamoswine|Mamoswine, M|30/100
|turn|15
|
|t:|1733547830
|move|p2a: Mamoswine|Ice Shard|p1a: Volcarona
|-resisted|p1a: Volcarona
|-damage|p1a: Volcarona|0 fnt
|faint|p1a: Volcarona
|
|-weather|SunnyDay|[upkeep]
|upkeep
|
|t:|1733547835
|switch|p1a: Latios|Latios, M|100/100
|turn|16
|
|t:|1733547837
|move|p2a: Mamoswine|Ice Shard|p1a: Latios
|-supereffective|p1a: Latios
|-damage|p1a: Latios|3/100
|move|p1a: Latios|Grass Knot|p2a: Mamoswine
|-supereffective|p2a: Mamoswine
|-damage|p2a: Mamoswine|0 fnt
|faint|p2a: Mamoswine
|-damage|p1a: Latios|0 fnt|[from] item: Life Orb
|faint|p1a: Latios
|
|-weather|SunnyDay|[upkeep]
|upkeep
|
|t:|1733547841
|switch|p1a: Heatran|Heatran, F|100/100
|switch|p2a: Gliscor|Gliscor, M|23/100 tox
|turn|17
|
|t:|1733547844
|move|p2a: Gliscor|Earthquake|p1a: Heatran
|-supereffective|p1a: Heatran
|-damage|p1a: Heatran|0 fnt
|faint|p1a: Heatran
|
|win|JackRG1
|raw|aioso's rating: 1563 &rarr; <strong>1534</strong><br />(-29 for losing)
|raw|JackRG1's rating: 1391 &rarr; <strong>1420</strong><br />(+29 for winning)
|l|☆aioso
|player|p1|
