|j|☆jailer steve
|j|☆alenpa
|player|p1|jailer steve|196|1321
|player|p2|alenpa|52|1522
|teamsize|p1|6
|teamsize|p2|6
|gametype|singles
|gen|5
|tier|[Gen 5] OU
|rated|
|rule|Sleep Clause Mod: Limit one foe put to sleep
|rule|Species Clause: Limit one of each Pokémon
|rule|OHKO Clause: OHKO moves are banned
|rule|Moody Clause: Moody is banned
|rule|Evasion Moves Clause: Evasion moves are banned
|rule|Endless Battle Clause: Forcing endless battles is banned
|rule|HP Percentage Mod: HP is shown in percentages
|rule|Evasion Abilities Clause: Evasion abilities are banned
|rule|Baton Pass Clause: Limit one Baton Passer, can't pass Spe and other stats simultaneously
|rule|Swagger Clause: Swagger is banned
|clearpoke
|poke|p1|Ninetales, M|item
|poke|p1|Chansey, F|item
|poke|p1|Cresselia, F|item
|poke|p1|Gliscor, F|item
|poke|p1|Tentacruel, M|item
|poke|p1|Magnezone|item
|poke|p2|Politoed, M|item
|poke|p2|Excadrill, F|item
|poke|p2|Tornadus, M|item
|poke|p2|Azumarill, M|item
|poke|p2|Kyurem-Black|item
|poke|p2|Starmie|item
|teampreview
|
|start
|switch|p1a: Tentacruel|Tentacruel, M|100/100
|switch|p2a: Tornadus|Tornadus, M|100/100
|turn|1
|
|switch|p1a: Chansey|Chansey, F|100/100
|move|p2a: Tornadus|Hurricane|p1a: Chansey|[miss]
|-miss|p2a: Tornadus|p1a: Chansey
|
|upkeep
|turn|2
|
|move|p2a: Tornadus|U-turn|p1a: Chansey
|-damage|p1a: Chansey|91/100
|
|switch|p2a: Excadrill|Excadrill, F|100/100|[from]move: U-turn
|-ability|p2a: Excadrill|Mold Breaker
|move|p1a: Chansey|Stealth Rock|p2a: Excadrill
|-sidestart|p2: alenpa|move: Stealth Rock
|
|upkeep
|turn|3
|
|switch|p1a: Gliscor|Gliscor, F|100/100
|move|p2a: Excadrill|Stealth Rock|p1a: Gliscor
|-sidestart|p1: jailer steve|move: Stealth Rock
|
|-status|p1a: Gliscor|tox|[from] item: Toxic Orb
|upkeep
|turn|4
|
|switch|p2a: Politoed|Politoed, M|100/100
|-damage|p2a: Politoed|88/100|[from] Stealth Rock
|-weather|RainDance|[from] ability: Drizzle|[of] p2a: Politoed
|move|p1a: Gliscor|Earthquake|p2a: Politoed
|-damage|p2a: Politoed|54/100
|
|-weather|RainDance|[upkeep]
|-heal|p2a: Politoed|60/100|[from] item: Leftovers
|upkeep
|turn|5
|
|switch|p1a: Tentacruel|Tentacruel, M|100/100
|-damage|p1a: Tentacruel|88/100|[from] Stealth Rock
|move|p2a: Politoed|Hydro Pump|p1a: Tentacruel
|-resisted|p1a: Tentacruel
|-damage|p1a: Tentacruel|56/100
|
|-weather|RainDance|[upkeep]
|-heal|p1a: Tentacruel|62/100|[from] ability: Rain Dish
|-heal|p1a: Tentacruel|68/100|[from] item: Leftovers
|-heal|p2a: Politoed|66/100|[from] item: Leftovers
|upkeep
|turn|6
|
|move|p1a: Tentacruel|Rapid Spin|p2a: Politoed
|-damage|p2a: Politoed|63/100
|-sideend|p1: jailer steve|Stealth Rock|[from] move: Rapid Spin|[of] p1a: Tentacruel
|move|p2a: Politoed|Encore|p1a: Tentacruel
|-start|p1a: Tentacruel|Encore
|
|-weather|RainDance|[upkeep]
|-heal|p1a: Tentacruel|74/100|[from] ability: Rain Dish
|-heal|p1a: Tentacruel|80/100|[from] item: Leftovers
|-heal|p2a: Politoed|69/100|[from] item: Leftovers
|upkeep
|turn|7
|
|switch|p1a: Chansey|Chansey, F|91/100
|switch|p2a: Azumarill|Azumarill, M|100/100
|-damage|p2a: Azumarill|88/100|[from] Stealth Rock
|
|-weather|RainDance|[upkeep]
|upkeep
|turn|8
|
|switch|p1a: Ninetales|Ninetales, M, shiny|100/100
|-weather|SunnyDay|[from] ability: Drought|[of] p1a: Ninetales
|move|p2a: Azumarill|Waterfall|p1a: Ninetales
|-supereffective|p1a: Ninetales
|-damage|p1a: Ninetales|1/100
|
|-weather|SunnyDay|[upkeep]
|upkeep
|turn|9
|
|switch|p1a: Tentacruel|Tentacruel, M|80/100
|switch|p2a: Politoed|Politoed, M|69/100
|-damage|p2a: Politoed|57/100|[from] Stealth Rock
|-weather|RainDance|[from] ability: Drizzle|[of] p2a: Politoed
|
|-weather|RainDance|[upkeep]
|-heal|p1a: Tentacruel|86/100|[from] ability: Rain Dish
|-heal|p1a: Tentacruel|92/100|[from] item: Leftovers
|-heal|p2a: Politoed|63/100|[from] item: Leftovers
|upkeep
|turn|10
|
|switch|p2a: Kyurem|Kyurem-Black|100/100
|-damage|p2a: Kyurem|76/100|[from] Stealth Rock
|-ability|p2a: Kyurem|Teravolt
|move|p1a: Tentacruel|Toxic Spikes|p2a: Kyurem
|-sidestart|p2: alenpa|move: Toxic Spikes
|
|-weather|RainDance|[upkeep]
|-heal|p1a: Tentacruel|98/100|[from] ability: Rain Dish
|-heal|p2a: Kyurem|82/100|[from] item: Leftovers
|-heal|p1a: Tentacruel|100/100|[from] item: Leftovers
|upkeep
|turn|11
|
|switch|p1a: Magnezone|Magnezone, shiny|100/100
|move|p2a: Kyurem|Substitute|p2a: Kyurem
|-start|p2a: Kyurem|Substitute
|-damage|p2a: Kyurem|57/100
|
|-weather|RainDance|[upkeep]
|-heal|p2a: Kyurem|63/100|[from] item: Leftovers
|upkeep
|turn|12
|
|switch|p1a: Chansey|Chansey, F|91/100
|move|p2a: Kyurem|Roost|p2a: Kyurem
|-heal|p2a: Kyurem|100/100
|-singleturn|p2a: Kyurem|move: Roost
|
|-weather|RainDance|[upkeep]
|upkeep
|turn|13
|
|move|p2a: Kyurem|Fusion Bolt|p1a: Chansey
|-damage|p1a: Chansey|61/100
|move|p1a: Chansey|Seismic Toss|p2a: Kyurem
|-activate|p2a: Kyurem|Substitute|[damage]
|
|-weather|RainDance|[upkeep]
|upkeep
|turn|14
|
|move|p2a: Kyurem|Fusion Bolt|p1a: Chansey
|-damage|p1a: Chansey|32/100
|move|p1a: Chansey|Soft-Boiled|p1a: Chansey
|-heal|p1a: Chansey|82/100
|
|-weather|RainDance|[upkeep]
|upkeep
|turn|15
|
|switch|p2a: Starmie|Starmie|100/100
|-status|p2a: Starmie|psn
|-damage|p2a: Starmie|88/100 psn|[from] Stealth Rock
|move|p1a: Chansey|Seismic Toss|p2a: Starmie
|-damage|p2a: Starmie|51/100 psn
|
|-weather|RainDance|[upkeep]
|-damage|p2a: Starmie|39/100 psn|[from] psn
|upkeep
|turn|16
|
|move|p2a: Starmie|Rapid Spin|p1a: Chansey
|-damage|p1a: Chansey|80/100
|-sideend|p2: alenpa|Toxic Spikes|[from] move: Rapid Spin|[of] p2a: Starmie
|-sideend|p2: alenpa|Stealth Rock|[from] move: Rapid Spin|[of] p2a: Starmie
|-damage|p2a: Starmie|29/100 psn|[from] item: Life Orb
|move|p1a: Chansey|Seismic Toss|p2a: Starmie
|-damage|p2a: Starmie|0 fnt
|faint|p2a: Starmie
|
|-weather|RainDance|[upkeep]
|upkeep
|
|switch|p2a: Azumarill|Azumarill, M|88/100
|turn|17
|
|switch|p1a: Tentacruel|Tentacruel, M|100/100
|move|p2a: Azumarill|Waterfall|p1a: Tentacruel
|-resisted|p1a: Tentacruel
|-damage|p1a: Tentacruel|48/100
|
|-weather|RainDance|[upkeep]
|-heal|p1a: Tentacruel|54/100|[from] ability: Rain Dish
|-heal|p1a: Tentacruel|60/100|[from] item: Leftovers
|upkeep
|turn|18
|
|move|p1a: Tentacruel|Toxic Spikes|p2a: Azumarill
|-sidestart|p2: alenpa|move: Toxic Spikes
|move|p2a: Azumarill|Waterfall|p1a: Tentacruel
|-resisted|p1a: Tentacruel
|-damage|p1a: Tentacruel|11/100
|
|-weather|RainDance|[upkeep]
|-heal|p1a: Tentacruel|17/100|[from] ability: Rain Dish
|-heal|p1a: Tentacruel|23/100|[from] item: Leftovers
|upkeep
|turn|19
|
|move|p1a: Tentacruel|Scald|p2a: Azumarill
|-resisted|p2a: Azumarill
|-damage|p2a: Azumarill|69/100
|-status|p2a: Azumarill|brn
|move|p2a: Azumarill|Waterfall|p1a: Tentacruel
|-resisted|p1a: Tentacruel
|-damage|p1a: Tentacruel|0 fnt
|faint|p1a: Tentacruel
|
|-weather|RainDance|[upkeep]
|-damage|p2a: Azumarill|57/100 brn|[from] brn
|upkeep
|
|switch|p1a: Ninetales|Ninetales, M, shiny|1/100
|-weather|SunnyDay|[from] ability: Drought|[of] p1a: Ninetales
|turn|20
|
|switch|p2a: Politoed|Politoed, M|63/100
|-status|p2a: Politoed|psn
|-weather|RainDance|[from] ability: Drizzle|[of] p2a: Politoed
|move|p1a: Ninetales|Rest|p1a: Ninetales
|-status|p1a: Ninetales|slp|[from] move: Rest
|-heal|p1a: Ninetales|100/100 slp|[silent]
|-enditem|p1a: Ninetales|Chesto Berry|[eat]
|-curestatus|p1a: Ninetales|slp|[msg]
|
|-weather|RainDance|[upkeep]
|-heal|p2a: Politoed|69/100 psn|[from] item: Leftovers
|-damage|p2a: Politoed|57/100 psn|[from] psn
|upkeep
|turn|21
|
|switch|p2a: Excadrill|Excadrill, F|100/100
|-ability|p2a: Excadrill|Mold Breaker
|move|p1a: Ninetales|Sunny Day|p1a: Ninetales
|-weather|SunnyDay
|
|-weather|SunnyDay|[upkeep]
|upkeep
|turn|22
|
|switch|p2a: Politoed|Politoed, M|57/100 psn
|-weather|RainDance|[from] ability: Drizzle|[of] p2a: Politoed
|move|p1a: Ninetales|Flamethrower|p2a: Politoed
|-resisted|p2a: Politoed
|-damage|p2a: Politoed|51/100 psn
|
|-weather|RainDance|[upkeep]
|-heal|p2a: Politoed|57/100 psn|[from] item: Leftovers
|-damage|p2a: Politoed|45/100 psn|[from] psn
|upkeep
|turn|23
|
|move|p1a: Ninetales|Sunny Day|p1a: Ninetales
|-weather|SunnyDay
|move|p2a: Politoed|Encore|p1a: Ninetales
|-start|p1a: Ninetales|Encore
|
|-weather|SunnyDay|[upkeep]
|-heal|p2a: Politoed|51/100 psn|[from] item: Leftovers
|-damage|p2a: Politoed|39/100 psn|[from] psn
|upkeep
|turn|24
|
|switch|p1a: Magnezone|Magnezone, shiny|100/100
|switch|p2a: Excadrill|Excadrill, F|100/100
|-ability|p2a: Excadrill|Mold Breaker
|
|-weather|SunnyDay|[upkeep]
|upkeep
|turn|25
|
|switch|p1a: Gliscor|Gliscor, F|100/100 tox
|move|p2a: Excadrill|Earthquake|p1a: Gliscor
|-immune|p1a: Gliscor
|
|-weather|SunnyDay|[upkeep]
|upkeep
|turn|26
|
|switch|p2a: Tornadus|Tornadus, M|100/100
|move|p1a: Gliscor|Earthquake|p2a: Tornadus
|-immune|p2a: Tornadus
|
|-weather|SunnyDay|[upkeep]
|upkeep
|turn|27
|
|switch|p1a: Chansey|Chansey, F|80/100
|move|p2a: Tornadus|Tailwind|p2a: Tornadus
|-sidestart|p2: alenpa|move: Tailwind
|
|-weather|none
|upkeep
|turn|28
|
|move|p2a: Tornadus|U-turn|p1a: Chansey
|-damage|p1a: Chansey|69/100
|
|switch|p2a: Excadrill|Excadrill, F|100/100|[from]move: U-turn
|-ability|p2a: Excadrill|Mold Breaker
|move|p1a: Chansey|Stealth Rock|p2a: Excadrill
|-sidestart|p2: alenpa|move: Stealth Rock
|
|upkeep
|turn|29
|
|move|p2a: Excadrill|Swords Dance|p2a: Excadrill
|-boost|p2a: Excadrill|atk|2
|move|p1a: Chansey|Seismic Toss|p2a: Excadrill
|-damage|p2a: Excadrill|76/100
|
|-heal|p2a: Excadrill|82/100|[from] item: Leftovers
|upkeep
|turn|30
|
|switch|p1a: Gliscor|Gliscor, F|100/100 tox
|move|p2a: Excadrill|Iron Head|p1a: Gliscor
|-damage|p1a: Gliscor|35/100 tox
|
|-heal|p2a: Excadrill|88/100|[from] item: Leftovers
|-heal|p1a: Gliscor|47/100 tox|[from] ability: Poison Heal
|-sideend|p2: alenpa|move: Tailwind
|upkeep
|turn|31
|
|switch|p1a: Ninetales|Ninetales, M, shiny|100/100
|-weather|SunnyDay|[from] ability: Drought|[of] p1a: Ninetales
|move|p2a: Excadrill|Iron Head|p1a: Ninetales
|-resisted|p1a: Ninetales
|-damage|p1a: Ninetales|53/100
|
|-weather|SunnyDay|[upkeep]
|-heal|p2a: Excadrill|94/100|[from] item: Leftovers
|upkeep
|turn|32
|
|switch|p2a: Politoed|Politoed, M|39/100 psn
|-damage|p2a: Politoed|26/100 psn|[from] Stealth Rock
|-weather|RainDance|[from] ability: Drizzle|[of] p2a: Politoed
|move|p1a: Ninetales|Flamethrower|p2a: Politoed
|-resisted|p2a: Politoed
|-damage|p2a: Politoed|21/100 psn
|
|-weather|RainDance|[upkeep]
|-heal|p2a: Politoed|27/100 psn|[from] item: Leftovers
|-damage|p2a: Politoed|14/100 psn|[from] psn
|upkeep
|turn|33
|
|switch|p1a: Chansey|Chansey, F|69/100
|move|p2a: Politoed|Hydro Pump|p1a: Chansey
|-damage|p1a: Chansey|43/100
|
|-weather|RainDance|[upkeep]
|-heal|p2a: Politoed|21/100 psn|[from] item: Leftovers
|-damage|p2a: Politoed|8/100 psn|[from] psn
|upkeep
|turn|34
|
|move|p2a: Politoed|Hydro Pump|p1a: Chansey
|-crit|p1a: Chansey
|-damage|p1a: Chansey|0 fnt
|faint|p1a: Chansey
|
|-weather|RainDance|[upkeep]
|-heal|p2a: Politoed|14/100 psn|[from] item: Leftovers
|-damage|p2a: Politoed|2/100 psn|[from] psn
|upkeep
|
|switch|p1a: Ninetales|Ninetales, M, shiny|53/100
|-weather|SunnyDay|[from] ability: Drought|[of] p1a: Ninetales
|turn|35
|
|move|p1a: Ninetales|Flamethrower|p2a: Politoed
|-resisted|p2a: Politoed
|-damage|p2a: Politoed|0 fnt
|faint|p2a: Politoed
|
|-weather|SunnyDay|[upkeep]
|upkeep
|
|switch|p2a: Tornadus|Tornadus, M|100/100
|-damage|p2a: Tornadus|76/100|[from] Stealth Rock
|turn|36
|
|switch|p1a: Magnezone|Magnezone, shiny|100/100
|move|p2a: Tornadus|Tailwind|p2a: Tornadus
|-sidestart|p2: alenpa|move: Tailwind
|
|-weather|SunnyDay|[upkeep]
|upkeep
|turn|37
|
|switch|p1a: Cresselia|Cresselia, F|100/100
|move|p2a: Tornadus|U-turn|p1a: Cresselia
|-supereffective|p1a: Cresselia
|-damage|p1a: Cresselia|84/100
|
|switch|p2a: Excadrill|Excadrill, F|94/100|[from]move: U-turn
|-damage|p2a: Excadrill|91/100|[from] Stealth Rock
|-ability|p2a: Excadrill|Mold Breaker
|
|-weather|SunnyDay|[upkeep]
|-heal|p2a: Excadrill|98/100|[from] item: Leftovers
|-heal|p1a: Cresselia|90/100|[from] item: Leftovers
|upkeep
|turn|38
|
|switch|p1a: Ninetales|Ninetales, M, shiny|53/100
|move|p2a: Excadrill|Swords Dance|p2a: Excadrill
|-boost|p2a: Excadrill|atk|2
|
|-weather|SunnyDay|[upkeep]
|-heal|p2a: Excadrill|100/100|[from] item: Leftovers
|upkeep
|turn|39
|
|switch|p1a: Gliscor|Gliscor, F|47/100 tox
|move|p2a: Excadrill|Iron Head|p1a: Gliscor
|-damage|p1a: Gliscor|0 fnt
|faint|p1a: Gliscor
|
|-weather|SunnyDay|[upkeep]
|-sideend|p2: alenpa|move: Tailwind
|upkeep
|
|switch|p1a: Ninetales|Ninetales, M, shiny|53/100
|turn|40
|
|switch|p2a: Azumarill|Azumarill, M|57/100 brn
|-damage|p2a: Azumarill|44/100 brn|[from] Stealth Rock
|move|p1a: Ninetales|Flamethrower|p2a: Azumarill
|-resisted|p2a: Azumarill
|-damage|p2a: Azumarill|20/100 brn
|
|-weather|SunnyDay|[upkeep]
|-damage|p2a: Azumarill|8/100 brn|[from] brn
|upkeep
|turn|41
|
|move|p2a: Azumarill|Aqua Jet|p1a: Ninetales
|-supereffective|p1a: Ninetales
|-damage|p1a: Ninetales|28/100
|move|p1a: Ninetales|Flamethrower|p2a: Azumarill
|-resisted|p2a: Azumarill
|-damage|p2a: Azumarill|0 fnt
|faint|p2a: Azumarill
|
|-weather|SunnyDay|[upkeep]
|upkeep
|
|switch|p2a: Tornadus|Tornadus, M|76/100
|-damage|p2a: Tornadus|51/100|[from] Stealth Rock
|turn|42
|
|switch|p1a: Magnezone|Magnezone, shiny|100/100
|move|p2a: Tornadus|Focus Blast|p1a: Magnezone|[miss]
|-miss|p2a: Tornadus|p1a: Magnezone
|
|-weather|SunnyDay|[upkeep]
|upkeep
|turn|43
|
|move|p1a: Magnezone|Hidden Power|p2a: Tornadus
|-damage|p2a: Tornadus|0 fnt
|faint|p2a: Tornadus
|
|-weather|SunnyDay|[upkeep]
|upkeep
|
|switch|p2a: Kyurem|Kyurem-Black|100/100
|-damage|p2a: Kyurem|76/100|[from] Stealth Rock
|-status|p2a: Kyurem|psn
|-ability|p2a: Kyurem|Teravolt
|turn|44
|
|switch|p1a: Cresselia|Cresselia, F|90/100
|move|p2a: Kyurem|Fusion Bolt|p1a: Cresselia
|-damage|p1a: Cresselia|68/100
|
|-weather|SunnyDay|[upkeep]
|-heal|p2a: Kyurem|82/100 psn|[from] item: Leftovers
|-heal|p1a: Cresselia|74/100|[from] item: Leftovers
|-damage|p2a: Kyurem|69/100 psn|[from] psn
|upkeep
|turn|45
|
|move|p2a: Kyurem|Substitute|p2a: Kyurem
|-start|p2a: Kyurem|Substitute
|-damage|p2a: Kyurem|44/100 psn
|move|p1a: Cresselia|Ice Beam|p2a: Kyurem
|-activate|p2a: Kyurem|Substitute|[damage]
|
|-weather|SunnyDay|[upkeep]
|-heal|p2a: Kyurem|51/100 psn|[from] item: Leftovers
|-heal|p1a: Cresselia|80/100|[from] item: Leftovers
|-damage|p2a: Kyurem|38/100 psn|[from] psn
|upkeep
|turn|46
|
|move|p2a: Kyurem|Roost|p2a: Kyurem
|-heal|p2a: Kyurem|88/100 psn
|-singleturn|p2a: Kyurem|move: Roost
|move|p1a: Cresselia|Ice Beam|p2a: Kyurem
|-end|p2a: Kyurem|Substitute
|
|-weather|SunnyDay|[upkeep]
|-heal|p2a: Kyurem|95/100 psn|[from] item: Leftovers
|-heal|p1a: Cresselia|87/100|[from] item: Leftovers
|-damage|p2a: Kyurem|82/100 psn|[from] psn
|upkeep
|turn|47
|
|move|p2a: Kyurem|Substitute|p2a: Kyurem
|-start|p2a: Kyurem|Substitute
|-damage|p2a: Kyurem|57/100 psn
|move|p1a: Cresselia|Ice Beam|p2a: Kyurem
|-activate|p2a: Kyurem|Substitute|[damage]
|
|-weather|SunnyDay|[upkeep]
|-heal|p2a: Kyurem|63/100 psn|[from] item: Leftovers
|-heal|p1a: Cresselia|93/100|[from] item: Leftovers
|-damage|p2a: Kyurem|51/100 psn|[from] psn
|upkeep
|turn|48
|
|move|p2a: Kyurem|Roost|p2a: Kyurem
|-heal|p2a: Kyurem|100/100 psn
|-singleturn|p2a: Kyurem|move: Roost
|move|p1a: Cresselia|Ice Beam|p2a: Kyurem
|-end|p2a: Kyurem|Substitute
|
|-weather|SunnyDay|[upkeep]
|-heal|p1a: Cresselia|99/100|[from] item: Leftovers
|-damage|p2a: Kyurem|88/100 psn|[from] psn
|upkeep
|turn|49
|
|move|p2a: Kyurem|Substitute|p2a: Kyurem
|-start|p2a: Kyurem|Substitute
|-damage|p2a: Kyurem|63/100 psn
|move|p1a: Cresselia|Ice Beam|p2a: Kyurem
|-activate|p2a: Kyurem|Substitute|[damage]
|
|-weather|SunnyDay|[upkeep]
|-heal|p2a: Kyurem|69/100 psn|[from] item: Leftovers
|-heal|p1a: Cresselia|100/100|[from] item: Leftovers
|-damage|p2a: Kyurem|57/100 psn|[from] psn
|upkeep
|turn|50
|
|move|p2a: Kyurem|Roost|p2a: Kyurem
|-heal|p2a: Kyurem|100/100 psn
|-singleturn|p2a: Kyurem|move: Roost
|move|p1a: Cresselia|Ice Beam|p2a: Kyurem
|-end|p2a: Kyurem|Substitute
|
|-weather|SunnyDay|[upkeep]
|-damage|p2a: Kyurem|88/100 psn|[from] psn
|upkeep
|turn|51
|
|move|p2a: Kyurem|Substitute|p2a: Kyurem
|-start|p2a: Kyurem|Substitute
|-damage|p2a: Kyurem|63/100 psn
|move|p1a: Cresselia|Ice Beam|p2a: Kyurem
|-activate|p2a: Kyurem|Substitute|[damage]
|
|-weather|SunnyDay|[upkeep]
|-heal|p2a: Kyurem|69/100 psn|[from] item: Leftovers
|-damage|p2a: Kyurem|57/100 psn|[from] psn
|upkeep
|turn|52
|
|move|p2a: Kyurem|Roost|p2a: Kyurem
|-heal|p2a: Kyurem|100/100 psn
|-singleturn|p2a: Kyurem|move: Roost
|move|p1a: Cresselia|Ice Beam|p2a: Kyurem
|-end|p2a: Kyurem|Substitute
|
|-weather|SunnyDay|[upkeep]
|-damage|p2a: Kyurem|88/100 psn|[from] psn
|upkeep
|turn|53
|
|switch|p1a: Magnezone|Magnezone, shiny|100/100
|move|p2a: Kyurem|Substitute|p2a: Kyurem
|-start|p2a: Kyurem|Substitute
|-damage|p2a: Kyurem|63/100 psn
|
|-weather|SunnyDay|[upkeep]
|-heal|p2a: Kyurem|69/100 psn|[from] item: Leftovers
|-damage|p2a: Kyurem|57/100 psn|[from] psn
|upkeep
|turn|54
|
|switch|p2a: Excadrill|Excadrill, F|100/100
|-damage|p2a: Excadrill|98/100|[from] Stealth Rock
|-ability|p2a: Excadrill|Mold Breaker
|move|p1a: Magnezone|Volt Switch|p2a: Excadrill
|-immune|p2a: Excadrill
|
|-weather|SunnyDay|[upkeep]
|-heal|p2a: Excadrill|100/100|[from] item: Leftovers
|upkeep
|turn|55
|
|switch|p1a: Ninetales|Ninetales, M, shiny|28/100
|move|p2a: Excadrill|Iron Head|p1a: Ninetales
|-resisted|p1a: Ninetales
|-damage|p1a: Ninetales|2/100
|
|-weather|SunnyDay|[upkeep]
|upkeep
|turn|56
|
|move|p1a: Ninetales|Flamethrower|p2a: Excadrill
|-supereffective|p2a: Excadrill
|-damage|p2a: Excadrill|22/100
|move|p2a: Excadrill|Iron Head|p1a: Ninetales
|-resisted|p1a: Ninetales
|-damage|p1a: Ninetales|0 fnt
|faint|p1a: Ninetales
|
|-weather|SunnyDay|[upkeep]
|-heal|p2a: Excadrill|28/100|[from] item: Leftovers
|upkeep
|
|switch|p1a: Magnezone|Magnezone, shiny|100/100
|turn|57
|
|move|p1a: Magnezone|Hidden Power|p2a: Excadrill
|-supereffective|p2a: Excadrill
|-damage|p2a: Excadrill|0 fnt
|faint|p2a: Excadrill
|
|-weather|SunnyDay|[upkeep]
|upkeep
|
|switch|p2a: Kyurem|Kyurem-Black|57/100 psn
|-damage|p2a: Kyurem|32/100 psn|[from] Stealth Rock
|-ability|p2a: Kyurem|Teravolt
|turn|58
|
|move|p1a: Magnezone|Hidden Power|p2a: Kyurem
|-damage|p2a: Kyurem|0 fnt
|faint|p2a: Kyurem
|
|win|jailer steve
|l|☆alenpa
|raw|jailer steve's rating: 1343 &rarr; <strong>1372</strong><br />(+29 for winning)
|raw|alenpa's rating: 1523 &rarr; <strong>1493</strong><br />(-30 for losing)
