|j|☆Rick91
|j|☆UnumGenus
|t:|1727150657
|gametype|singles
|player|p1|Rick91|swimmer|1392
|player|p2|UnumGenus|fisherman-gen4|1435
|teamsize|p1|6
|teamsize|p2|6
|gen|5
|tier|[Gen 5] OU
|rated|
|rule|Species Clause: Limit one of each Pokémon
|rule|OHKO Clause: OHKO moves are banned
|rule|Moody Clause: Moody is banned
|rule|Evasion Items Clause: Evasion items are banned
|rule|Evasion Moves Clause: Evasion moves are banned
|rule|Endless Battle Clause: Forcing endless battles is banned
|rule|HP Percentage Mod: HP is shown in percentages
|rule|Evasion Abilities Clause: Evasion abilities are banned
|rule|Sleep Moves Clause: Sleep-inducing moves are banned
|rule|Swagger Clause: Swagger is banned
|rule|Baton Pass Stat Clause: No Baton Passer may have a way to boost its stats
|clearpoke
|poke|p1|Politoed, M|item
|poke|p1|Rotom-Mow|item
|poke|p1|Starmie|item
|poke|p1|Skarmory, M|item
|poke|p1|Toxicroak, M|item
|poke|p1|Scizor, M|item
|poke|p2|Terrakion|item
|poke|p2|Infernape, F|item
|poke|p2|Keldeo|item
|poke|p2|Lucario, M|item
|poke|p2|Scrafty, F|item
|poke|p2|Conkeldurr, F|item
|teampreview
|inactive|Battle timer is ON: inactive players will automatically lose when time's up. (requested by UnumGenus)
|inactive|Rick91 also wants the timer to be on.
|
|t:|1727150666
|start
|switch|p1a: Rotom|Rotom-Mow|100/100
|switch|p2a: Keldeo|Keldeo|100/100
|turn|1
|
|t:|1727150672
|switch|p2a: Infernape|Infernape, F, shiny|100/100
|move|p1a: Rotom|Volt Switch|p2a: Infernape
|-damage|p2a: Infernape|25/100
|
|t:|1727150686
|switch|p1a: Starmie|Starmie|100/100|[from] Volt Switch
|
|upkeep
|turn|2
|
|t:|1727150692
|move|p1a: Starmie|Surf|p2a: Infernape
|-supereffective|p2a: Infernape
|-damage|p2a: Infernape|0 fnt
|faint|p2a: Infernape
|
|upkeep
|
|t:|1727150698
|switch|p2a: Terrakion|Terrakion|100/100
|turn|3
|inactive|Rick91 has 120 seconds left.
|
|t:|1727150739
|move|p2a: Terrakion|X-Scissor|p1a: Starmie
|-supereffective|p1a: Starmie
|-damage|p1a: Starmie|16/100
|move|p1a: Starmie|Surf|p2a: Terrakion
|-supereffective|p2a: Terrakion
|-damage|p2a: Terrakion|9/100
|
|-heal|p1a: Starmie|22/100|[from] item: Leftovers
|upkeep
|turn|4
|
|t:|1727150759
|switch|p2a: Keldeo|Keldeo|100/100
|switch|p1a: Skarmory|Skarmory, M|100/100
|
|upkeep
|turn|5
|
|t:|1727150766
|move|p2a: Keldeo|Calm Mind|p2a: Keldeo
|-boost|p2a: Keldeo|spa|1
|-boost|p2a: Keldeo|spd|1
|move|p1a: Skarmory|Brave Bird|p2a: Keldeo
|-supereffective|p2a: Keldeo
|-damage|p2a: Keldeo|55/100
|-damage|p1a: Skarmory|83/100|[from] Recoil
|
|-heal|p2a: Keldeo|62/100|[from] item: Leftovers
|upkeep
|turn|6
|
|t:|1727150775
|move|p2a: Keldeo|Scald|p1a: Skarmory
|-damage|p1a: Skarmory|15/100
|move|p1a: Skarmory|Brave Bird|p2a: Keldeo
|-supereffective|p2a: Keldeo
|-damage|p2a: Keldeo|12/100
|-damage|p1a: Skarmory|0 fnt|[from] Recoil
|faint|p1a: Skarmory
|
|-heal|p2a: Keldeo|18/100|[from] item: Leftovers
|upkeep
|
|t:|1727150780
|switch|p1a: Starmie|Starmie|22/100
|turn|7
|
|t:|1727150792
|move|p1a: Starmie|Surf|p2a: Keldeo
|-resisted|p2a: Keldeo
|-damage|p2a: Keldeo|5/100
|move|p2a: Keldeo|Scald|p1a: Starmie
|-resisted|p1a: Starmie
|-damage|p1a: Starmie|0 fnt
|faint|p1a: Starmie
|
|-heal|p2a: Keldeo|11/100|[from] item: Leftovers
|upkeep
|
|t:|1727150794
|switch|p1a: Scizor|Scizor, M|100/100
|turn|8
|
|t:|1727150802
|move|p1a: Scizor|Bullet Punch|p2a: Keldeo
|-resisted|p2a: Keldeo
|-damage|p2a: Keldeo|0 fnt
|faint|p2a: Keldeo
|
|upkeep
|
|t:|1727150807
|switch|p2a: Conkeldurr|Conkeldurr, F|100/100
|turn|9
|
|t:|1727150820
|switch|p1a: Politoed|Politoed, M|100/100
|-weather|RainDance|[from] ability: Drizzle|[of] p1a: Politoed
|move|p2a: Conkeldurr|Bulk Up|p2a: Conkeldurr
|-boost|p2a: Conkeldurr|atk|1
|-boost|p2a: Conkeldurr|def|1
|
|-weather|RainDance|[upkeep]
|upkeep
|turn|10
|j| KKansas.
|
|t:|1727150827
|move|p2a: Conkeldurr|Mach Punch|p1a: Politoed
|-damage|p1a: Politoed|62/100
|move|p1a: Politoed|Encore|p2a: Conkeldurr
|-start|p2a: Conkeldurr|Encore
|
|-weather|RainDance|[upkeep]
|-heal|p1a: Politoed|69/100|[from] item: Leftovers
|upkeep
|turn|11
|l| KKansas.
|
|t:|1727150835
|move|p2a: Conkeldurr|Mach Punch|p1a: Politoed
|-damage|p1a: Politoed|32/100
|move|p1a: Politoed|Scald|p2a: Conkeldurr
|-crit|p2a: Conkeldurr
|-damage|p2a: Conkeldurr|0 fnt
|faint|p2a: Conkeldurr
|
|-weather|RainDance|[upkeep]
|-heal|p1a: Politoed|38/100|[from] item: Leftovers
|upkeep
|
|t:|1727150844
|switch|p2a: Scrafty|Scrafty, F|100/100
|-ability|p2a: Scrafty|Intimidate|boost
|-unboost|p1a: Politoed|atk|1
|turn|12
|
|t:|1727150850
|move|p2a: Scrafty|High Jump Kick|p1a: Politoed
|-damage|p1a: Politoed|0 fnt
|faint|p1a: Politoed
|
|-weather|RainDance|[upkeep]
|upkeep
|
|t:|1727150863
|switch|p1a: Rotom|Rotom-Mow|100/100
|turn|13
|
|t:|1727150869
|switch|p2a: Terrakion|Terrakion|9/100
|move|p1a: Rotom|Leaf Storm|p2a: Terrakion
|-supereffective|p2a: Terrakion
|-damage|p2a: Terrakion|0 fnt
|-unboost|p1a: Rotom|spa|2
|faint|p2a: Terrakion
|
|-weather|RainDance|[upkeep]
|upkeep
|
|t:|1727150873
|switch|p2a: Lucario|Lucario, M, shiny|100/100
|turn|14
|
|t:|1727150881
|switch|p1a: Scizor|Scizor, M|100/100
|move|p2a: Lucario|Swords Dance|p2a: Lucario
|-boost|p2a: Lucario|atk|2
|
|-weather|RainDance|[upkeep]
|upkeep
|turn|15
|
|t:|1727150887
|move|p2a: Lucario|Close Combat|p1a: Scizor
|-damage|p1a: Scizor|0 fnt
|-unboost|p2a: Lucario|def|1
|-unboost|p2a: Lucario|spd|1
|faint|p1a: Scizor
|-damage|p2a: Lucario|91/100|[from] item: Life Orb
|
|-weather|RainDance|[upkeep]
|upkeep
|
|t:|1727150889
|switch|p1a: Toxicroak|Toxicroak, M|100/100
|turn|16
|
|t:|1727150893
|move|p2a: Lucario|Extreme Speed|p1a: Toxicroak
|-damage|p1a: Toxicroak|11/100
|-damage|p2a: Lucario|81/100|[from] item: Life Orb
|move|p1a: Toxicroak|Bulk Up|p1a: Toxicroak
|-boost|p1a: Toxicroak|atk|1
|-boost|p1a: Toxicroak|def|1
|
|-weather|RainDance|[upkeep]
|-heal|p1a: Toxicroak|23/100|[from] ability: Dry Skin
|-heal|p1a: Toxicroak|29/100|[from] item: Black Sludge
|upkeep
|turn|17
|
|t:|1727150903
|move|p2a: Lucario|Extreme Speed|p1a: Toxicroak
|-damage|p1a: Toxicroak|0 fnt
|faint|p1a: Toxicroak
|-damage|p2a: Lucario|71/100|[from] item: Life Orb
|
|-weather|RainDance|[upkeep]
|upkeep
|
|t:|1727150905
|switch|p1a: Rotom|Rotom-Mow|100/100
|turn|18
|
|t:|1727150910
|move|p2a: Lucario|Extreme Speed|p1a: Rotom
|-damage|p1a: Rotom|16/100
|-damage|p2a: Lucario|61/100|[from] item: Life Orb
|move|p1a: Rotom|Volt Switch|p2a: Lucario
|-crit|p2a: Lucario
|-damage|p2a: Lucario|0 fnt
|faint|p2a: Lucario
|
|-weather|RainDance|[upkeep]
|upkeep
|
|t:|1727150916
|switch|p2a: Scrafty|Scrafty, F|100/100
|-ability|p2a: Scrafty|Intimidate|boost
|-unboost|p1a: Rotom|atk|1
|turn|19
|
|t:|1727150922
|move|p1a: Rotom|Volt Switch|p2a: Scrafty
|-damage|p2a: Scrafty|46/100
|move|p2a: Scrafty|Crunch|p1a: Rotom
|-damage|p1a: Rotom|0 fnt
|faint|p1a: Rotom
|
|win|UnumGenus
|raw|Rick91's rating: 1392 &rarr; <strong>1374</strong><br />(-18 for losing)
|raw|UnumGenus's rating: 1435 &rarr; <strong>1453</strong><br />(+18 for winning)
|l|☆Rick91
|player|p1|
