|j|☆Crowned Crystals ♔@!
|j|☆MovieofConke
|t:|1708481154
|gametype|singles
|player|p1|Crowned Crystals ♔|266|1427
|player|p2|MovieofConke|miku-water|1561
|teamsize|p1|6
|teamsize|p2|6
|gen|5
|tier|[Gen 5] OU
|rated|
|rule|Species Clause: Limit one of each Pokémon
|rule|OHKO Clause: OHKO moves are banned
|rule|Moody Clause: Moody is banned
|rule|Evasion Items Clause: Evasion items are banned
|rule|Evasion Moves Clause: Evasion moves are banned
|rule|Endless Battle Clause: Forcing endless battles is banned
|rule|HP Percentage Mod: HP is shown in percentages
|rule|Evasion Abilities Clause: Evasion abilities are banned
|rule|Sleep Moves Clause: Sleep-inducing moves are banned
|rule|Swagger Clause: Swagger is banned
|rule|Baton Pass Stat Clause: No Baton Passer may have a way to boost its stats
|clearpoke
|poke|p1|Politoed, M|item
|poke|p1|Mamoswine, M|item
|poke|p1|Ferrothorn, F|item
|poke|p1|Tentacruel, M|item
|poke|p1|Keldeo|item
|poke|p1|Thundurus-Therian, M|item
|poke|p2|Abomasnow, M|item
|poke|p2|Mamoswine, M|item
|poke|p2|Cloyster, M|item
|poke|p2|Salamence, F|item
|poke|p2|Starmie|item
|poke|p2|Jirachi|item
|teampreview
|inactive|Battle timer is ON: inactive players will automatically lose when time's up. (requested by MovieofConke)
|
|t:|1708481171
|start
|switch|p1a: Thundurus|Thundurus-Therian, M|100/100
|switch|p2a: Jirachi|Jirachi|100/100
|turn|1
|
|t:|1708481176
|move|p1a: Thundurus|Thunder|p2a: Jirachi
|-damage|p2a: Jirachi|51/100
|-status|p2a: Jirachi|par
|move|p2a: Jirachi|Body Slam|p1a: Thundurus
|-damage|p1a: Thundurus|68/100
|-status|p1a: Thundurus|par
|
|-heal|p1a: Thundurus|74/100 par|[from] item: Leftovers
|upkeep
|turn|2
|
|t:|1708481186
|move|p1a: Thundurus|Focus Blast|p2a: Jirachi
|-damage|p2a: Jirachi|17/100 par
|cant|p2a: Jirachi|par
|
|-heal|p1a: Thundurus|80/100 par|[from] item: Leftovers
|upkeep
|turn|3
|
|t:|1708481200
|cant|p1a: Thundurus|par
|cant|p2a: Jirachi|par
|
|-heal|p1a: Thundurus|86/100 par|[from] item: Leftovers
|upkeep
|turn|4
|
|t:|1708481204
|move|p1a: Thundurus|Focus Blast|p2a: Jirachi
|-damage|p2a: Jirachi|0 fnt
|faint|p2a: Jirachi
|
|-heal|p1a: Thundurus|92/100 par|[from] item: Leftovers
|upkeep
|
|t:|1708481208
|switch|p2a: Mamoswine|Mamoswine, M|100/100
|turn|5
|inactive|Crowned Crystals ♔ has 120 seconds left.
|
|t:|1708481248
|move|p2a: Mamoswine|Substitute|p2a: Mamoswine
|-start|p2a: Mamoswine|Substitute
|-damage|p2a: Mamoswine|76/100
|move|p1a: Thundurus|Focus Blast|p2a: Mamoswine|[miss]
|-miss|p1a: Thundurus|p2a: Mamoswine
|
|-heal|p1a: Thundurus|98/100 par|[from] item: Leftovers
|upkeep
|turn|6
|inactive|Crowned Crystals ♔ has 120 seconds left.
|
|t:|1708481257
|switch|p1a: Keldeo|Keldeo|100/100
|move|p2a: Mamoswine|Icicle Crash|p1a: Keldeo
|-resisted|p1a: Keldeo
|-damage|p1a: Keldeo|67/100
|
|-heal|p1a: Keldeo|74/100|[from] item: Leftovers
|upkeep
|turn|7
|
|t:|1708481261
|move|p1a: Keldeo|Secret Sword|p2a: Mamoswine
|-supereffective|p2a: Mamoswine
|-end|p2a: Mamoswine|Substitute
|move|p2a: Mamoswine|Earthquake|p1a: Keldeo
|-damage|p1a: Keldeo|4/100
|
|-heal|p1a: Keldeo|10/100|[from] item: Leftovers
|upkeep
|turn|8
|
|t:|1708481271
|move|p2a: Mamoswine|Ice Shard|p1a: Keldeo
|-resisted|p1a: Keldeo
|-damage|p1a: Keldeo|0 fnt
|faint|p1a: Keldeo
|
|upkeep
|
|t:|1708481279
|switch|p1a: Mamoswine|Mamoswine, M|100/100
|turn|9
|
|t:|1708481284
|switch|p2a: Abomasnow|Abomasnow, M, shiny|100/100
|-weather|Hail|[from] ability: Snow Warning|[of] p2a: Abomasnow
|move|p1a: Mamoswine|Earthquake|p2a: Abomasnow
|-resisted|p2a: Abomasnow
|-damage|p2a: Abomasnow|61/100
|
|-weather|Hail|[upkeep]
|upkeep
|turn|10
|
|t:|1708481290
|switch|p1a: Thundurus|Thundurus-Therian, M|98/100 par
|move|p2a: Abomasnow|Hidden Power|p1a: Thundurus
|-damage|p1a: Thundurus|70/100 par
|
|-weather|Hail|[upkeep]
|-damage|p1a: Thundurus|64/100 par|[from] Hail
|-heal|p1a: Thundurus|70/100 par|[from] item: Leftovers
|upkeep
|turn|11
|
|t:|1708481296
|switch|p1a: Politoed|Politoed, M|100/100
|-weather|RainDance|[from] ability: Drizzle|[of] p1a: Politoed
|move|p2a: Abomasnow|Blizzard|p1a: Politoed
|-resisted|p1a: Politoed
|-damage|p1a: Politoed|82/100
|
|-weather|RainDance|[upkeep]
|-heal|p1a: Politoed|88/100|[from] item: Leftovers
|upkeep
|turn|12
|
|t:|1708481305
|switch|p2a: Starmie|Starmie|100/100
|-item|p2a: Starmie|Air Balloon
|switch|p1a: Ferrothorn|Ferrothorn, F|100/100
|
|-weather|RainDance|[upkeep]
|upkeep
|turn|13
|
|t:|1708481310
|switch|p2a: Abomasnow|Abomasnow, M, shiny|61/100
|-weather|Hail|[from] ability: Snow Warning|[of] p2a: Abomasnow
|move|p1a: Ferrothorn|Stealth Rock|p2a: Abomasnow
|-sidestart|p2: MovieofConke|move: Stealth Rock
|
|-weather|Hail|[upkeep]
|-damage|p1a: Ferrothorn|95/100|[from] Hail
|upkeep
|turn|14
|
|t:|1708481312
|switch|p1a: Politoed|Politoed, M|88/100
|-weather|RainDance|[from] ability: Drizzle|[of] p1a: Politoed
|move|p2a: Abomasnow|Hidden Power|p1a: Politoed
|-resisted|p1a: Politoed
|-damage|p1a: Politoed|84/100
|
|-weather|RainDance|[upkeep]
|-heal|p1a: Politoed|91/100|[from] item: Leftovers
|upkeep
|turn|15
|
|t:|1708481317
|switch|p2a: Starmie|Starmie|100/100
|-damage|p2a: Starmie|88/100|[from] Stealth Rock
|-item|p2a: Starmie|Air Balloon
|switch|p1a: Ferrothorn|Ferrothorn, F|95/100
|
|-weather|RainDance|[upkeep]
|upkeep
|turn|16
|
|t:|1708481321
|move|p2a: Starmie|Rapid Spin|p1a: Ferrothorn
|-resisted|p1a: Ferrothorn
|-damage|p1a: Ferrothorn|94/100
|-damage|p2a: Starmie|76/100|[from] ability: Iron Barbs|[of] p1a: Ferrothorn
|-sideend|p2: MovieofConke|Stealth Rock|[from] move: Rapid Spin|[of] p2a: Starmie
|move|p1a: Ferrothorn|Gyro Ball|p2a: Starmie
|-resisted|p2a: Starmie
|-damage|p2a: Starmie|37/100
|-enditem|p2a: Starmie|Air Balloon
|
|-weather|RainDance|[upkeep]
|upkeep
|turn|17
|
|t:|1708481325
|move|p2a: Starmie|Hidden Power|p1a: Ferrothorn
|-supereffective|p1a: Ferrothorn
|-damage|p1a: Ferrothorn|69/100
|move|p1a: Ferrothorn|Stealth Rock|p2a: Starmie
|-sidestart|p2: MovieofConke|move: Stealth Rock
|
|-weather|RainDance|[upkeep]
|upkeep
|turn|18
|
|t:|1708481328
|move|p2a: Starmie|Rapid Spin|p1a: Ferrothorn
|-resisted|p1a: Ferrothorn
|-damage|p1a: Ferrothorn|67/100
|-damage|p2a: Starmie|25/100|[from] ability: Iron Barbs|[of] p1a: Ferrothorn
|-sideend|p2: MovieofConke|Stealth Rock|[from] move: Rapid Spin|[of] p2a: Starmie
|move|p1a: Ferrothorn|Spikes|p2a: Starmie
|-sidestart|p2: MovieofConke|Spikes
|
|-weather|RainDance|[upkeep]
|upkeep
|turn|19
|
|t:|1708481333
|move|p2a: Starmie|Hidden Power|p1a: Ferrothorn
|-supereffective|p1a: Ferrothorn
|-damage|p1a: Ferrothorn|41/100
|move|p1a: Ferrothorn|Stealth Rock|p2a: Starmie
|-sidestart|p2: MovieofConke|move: Stealth Rock
|
|-weather|RainDance|[upkeep]
|upkeep
|turn|20
|
|t:|1708481339
|move|p2a: Starmie|Rapid Spin|p1a: Ferrothorn
|-resisted|p1a: Ferrothorn
|-damage|p1a: Ferrothorn|40/100
|-damage|p2a: Starmie|12/100|[from] ability: Iron Barbs|[of] p1a: Ferrothorn
|-sideend|p2: MovieofConke|Spikes|[from] move: Rapid Spin|[of] p2a: Starmie
|-sideend|p2: MovieofConke|Stealth Rock|[from] move: Rapid Spin|[of] p2a: Starmie
|move|p1a: Ferrothorn|Stealth Rock|p2a: Starmie
|-sidestart|p2: MovieofConke|move: Stealth Rock
|
|-weather|RainDance|[upkeep]
|upkeep
|turn|21
|inactive|Crowned Crystals ♔ has 120 seconds left.
|
|t:|1708481373
|switch|p1a: Mamoswine|Mamoswine, M|100/100
|move|p2a: Starmie|Hidden Power|p1a: Mamoswine
|-supereffective|p1a: Mamoswine
|-damage|p1a: Mamoswine|82/100
|
|-weather|RainDance|[upkeep]
|upkeep
|turn|22
|
|t:|1708481382
|move|p1a: Mamoswine|Earthquake|p2a: Starmie
|-damage|p2a: Starmie|0 fnt
|faint|p2a: Starmie
|
|-weather|RainDance|[upkeep]
|upkeep
|
|t:|1708481391
|switch|p2a: Cloyster|Cloyster, M|100/100
|-damage|p2a: Cloyster|76/100|[from] Stealth Rock
|turn|23
|
|t:|1708481398
|switch|p1a: Politoed|Politoed, M|91/100
|move|p2a: Cloyster|Rock Blast|p1a: Politoed
|-damage|p1a: Politoed|83/100
|-damage|p1a: Politoed|76/100
|-damage|p1a: Politoed|68/100
|-damage|p1a: Politoed|61/100
|-damage|p1a: Politoed|54/100
|-hitcount|p1a: Politoed|5
|
|-weather|RainDance|[upkeep]
|-heal|p1a: Politoed|60/100|[from] item: Leftovers
|upkeep
|turn|24
|
|t:|1708481402
|switch|p2a: Abomasnow|Abomasnow, M, shiny|61/100
|-damage|p2a: Abomasnow|36/100|[from] Stealth Rock
|-weather|Hail|[from] ability: Snow Warning|[of] p2a: Abomasnow
|move|p1a: Politoed|Scald|p2a: Abomasnow
|-resisted|p2a: Abomasnow
|-damage|p2a: Abomasnow|18/100
|-status|p2a: Abomasnow|brn
|
|-weather|Hail|[upkeep]
|-damage|p1a: Politoed|54/100|[from] Hail
|-heal|p1a: Politoed|60/100|[from] item: Leftovers
|-damage|p2a: Abomasnow|5/100 brn|[from] brn
|upkeep
|turn|25
|
|t:|1708481406
|move|p1a: Politoed|Protect|p1a: Politoed
|-singleturn|p1a: Politoed|Protect
|move|p2a: Abomasnow|Blizzard|p1a: Politoed
|-activate|p1a: Politoed|move: Protect
|
|-weather|Hail|[upkeep]
|-damage|p1a: Politoed|54/100|[from] Hail
|-heal|p1a: Politoed|60/100|[from] item: Leftovers
|-damage|p2a: Abomasnow|0 fnt|[from] brn
|faint|p2a: Abomasnow
|upkeep
|
|t:|1708481410
|switch|p2a: Mamoswine|Mamoswine, M|76/100
|-damage|p2a: Mamoswine|63/100|[from] Stealth Rock
|turn|26
|
|t:|1708481426
|switch|p1a: Tentacruel|Tentacruel, M|100/100
|move|p2a: Mamoswine|Substitute|p2a: Mamoswine
|-start|p2a: Mamoswine|Substitute
|-damage|p2a: Mamoswine|38/100
|
|-weather|Hail|[upkeep]
|-damage|p1a: Tentacruel|94/100|[from] Hail
|-heal|p1a: Tentacruel|100/100|[from] item: Black Sludge
|upkeep
|turn|27
|
|t:|1708481429
|move|p1a: Tentacruel|Scald|p2a: Mamoswine
|-supereffective|p2a: Mamoswine
|-end|p2a: Mamoswine|Substitute
|move|p2a: Mamoswine|Earthquake|p1a: Tentacruel
|-supereffective|p1a: Tentacruel
|-damage|p1a: Tentacruel|0 fnt
|faint|p1a: Tentacruel
|
|-weather|Hail|[upkeep]
|upkeep
|
|t:|1708481434
|switch|p1a: Mamoswine|Mamoswine, M|82/100
|turn|28
|
|t:|1708481437
|move|p1a: Mamoswine|Earthquake|p2a: Mamoswine
|-damage|p2a: Mamoswine|0 fnt
|faint|p2a: Mamoswine
|
|-weather|Hail|[upkeep]
|upkeep
|
|t:|1708481441
|switch|p2a: Cloyster|Cloyster, M|76/100
|-damage|p2a: Cloyster|51/100|[from] Stealth Rock
|turn|29
|
|t:|1708481448
|move|p1a: Mamoswine|Earthquake|p2a: Cloyster
|-damage|p2a: Cloyster|5/100
|move|p2a: Cloyster|Shell Smash|p2a: Cloyster
|-unboost|p2a: Cloyster|def|1
|-unboost|p2a: Cloyster|spd|1
|-boost|p2a: Cloyster|atk|2
|-boost|p2a: Cloyster|spa|2
|-boost|p2a: Cloyster|spe|2
|
|-weather|Hail|[upkeep]
|upkeep
|turn|30
|
|t:|1708481452
|switch|p1a: Thundurus|Thundurus-Therian, M|70/100 par
|move|p2a: Cloyster|Rock Blast|p1a: Thundurus
|-supereffective|p1a: Thundurus
|-damage|p1a: Thundurus|25/100 par
|-supereffective|p1a: Thundurus
|-damage|p1a: Thundurus|0 fnt
|faint|p1a: Thundurus
|-hitcount|p1: Thundurus|2
|
|-weather|Hail|[upkeep]
|upkeep
|
|t:|1708481455
|switch|p1a: Mamoswine|Mamoswine, M|82/100
|turn|31
|
|t:|1708481471
|move|p2a: Cloyster|Ice Shard|p1a: Mamoswine
|-damage|p1a: Mamoswine|55/100
|move|p1a: Mamoswine|Ice Shard|p2a: Cloyster
|-resisted|p2a: Cloyster
|-damage|p2a: Cloyster|0 fnt
|faint|p2a: Cloyster
|
|-weather|Hail|[upkeep]
|upkeep
|
|t:|1708481473
|switch|p2a: Salamence|Salamence, F|100/100
|-damage|p2a: Salamence|76/100|[from] Stealth Rock
|turn|32
|
|t:|1708481477
|move|p1a: Mamoswine|Ice Shard|p2a: Salamence
|-supereffective|p2a: Salamence
|-crit|p2a: Salamence
|-damage|p2a: Salamence|0 fnt
|faint|p2a: Salamence
|
|win|Crowned Crystals ♔
|raw|Crowned Crystals ♔'s rating: 1427 &rarr; <strong>1454</strong><br />(+27 for winning)
|raw|MovieofConke's rating: 1561 &rarr; <strong>1534</strong><br />(-27 for losing)
|l|☆MovieofConke
|player|p2|
|c|☆Crowned Crystals ♔|/log Crowned Crystals ♔ made this room public.
