|j|☆xpeps_10
|j|☆JesusKun69
|t:|1736516031
|gametype|singles
|player|p1|xpeps_10|gentleman-gen4|1440
|player|p2|JesusKun69|evelyn|1391
|teamsize|p1|6
|teamsize|p2|6
|gen|5
|tier|[Gen 5] OU
|rated|
|rule|Species Clause: Limit one of each Pokémon
|rule|OHKO Clause: OHKO moves are banned
|rule|Moody Clause: Moody is banned
|rule|Evasion Items Clause: Evasion items are banned
|rule|Evasion Moves Clause: Evasion moves are banned
|rule|Endless Battle Clause: Forcing endless battles is banned
|rule|HP Percentage Mod: HP is shown in percentages
|rule|Evasion Abilities Clause: Evasion abilities are banned
|rule|Sleep Moves Clause: Sleep-inducing moves are banned
|rule|Swagger Clause: Swagger is banned
|rule|Baton Pass Stat Clause: No Baton Passer may have a way to boost its stats
|clearpoke
|poke|p1|Politoed, M|item
|poke|p1|Thundurus-Therian, M|item
|poke|p1|Starmie|item
|poke|p1|Mamoswine, M|item
|poke|p1|Ferrothorn, F|item
|poke|p1|Keldeo|item
|poke|p2|Shedinja|item
|poke|p2|Xatu, M|item
|poke|p2|Politoed, M|item
|poke|p2|Starmie|item
|poke|p2|Garchomp, F|item
|poke|p2|Landorus-Therian, M|item
|teampreview
|inactive|Battle timer is ON: inactive players will automatically lose when time's up. (requested by xpeps_10)
|
|t:|1736516054
|start
|switch|p1a: Ferrothorn|Ferrothorn, F|100/100
|switch|p2a: Politoed|Politoed, M|100/100
|-weather|RainDance|[from] ability: Drizzle|[of] p2a: Politoed
|turn|1
|
|t:|1736516061
|switch|p2a: Xatu|Xatu, M|100/100
|move|p1a: Ferrothorn|Gyro Ball|p2a: Xatu
|-damage|p2a: Xatu|50/100
|-damage|p1a: Ferrothorn|84/100|[from] item: Rocky Helmet|[of] p2a: Xatu
|
|-weather|RainDance|[upkeep]
|-heal|p1a: Ferrothorn|90/100|[from] item: Leftovers
|upkeep
|turn|2
|
|t:|1736516066
|move|p2a: Xatu|Reflect|p2a: Xatu
|-sidestart|p2: JesusKun69|Reflect
|move|p1a: Ferrothorn|Gyro Ball|p2a: Xatu
|-damage|p2a: Xatu|25/100
|-damage|p1a: Ferrothorn|74/100|[from] item: Rocky Helmet|[of] p2a: Xatu
|
|-weather|RainDance|[upkeep]
|-heal|p1a: Ferrothorn|80/100|[from] item: Leftovers
|upkeep
|turn|3
|
|t:|1736516075
|switch|p1a: Politoed|Politoed, M|100/100
|move|p2a: Xatu|Roost|p2a: Xatu
|-heal|p2a: Xatu|75/100
|-singleturn|p2a: Xatu|move: Roost
|
|-weather|RainDance|[upkeep]
|upkeep
|turn|4
|
|t:|1736516094
|move|p2a: Xatu|U-turn|p1a: Politoed
|-damage|p1a: Politoed|86/100
|
|t:|1736516102
|switch|p2a: Shedinja|Shedinja|100/100|[from] U-turn
|move|p1a: Politoed|Surf|p2a: Shedinja
|-immune|p2a: Shedinja|[from] ability: Wonder Guard
|
|-weather|RainDance|[upkeep]
|upkeep
|turn|5
|
|t:|1736516108
|switch|p1a: Ferrothorn|Ferrothorn, F|80/100
|move|p2a: Shedinja|Baton Pass|p2a: Shedinja
|
|t:|1736516112
|switch|p2a: Xatu|Xatu, M|75/100|[from] Baton Pass
|
|-weather|RainDance|[upkeep]
|-heal|p1a: Ferrothorn|86/100|[from] item: Leftovers
|upkeep
|turn|6
|
|t:|1736516120
|move|p2a: Xatu|Night Shade|p1a: Ferrothorn
|-damage|p1a: Ferrothorn|58/100
|move|p1a: Ferrothorn|Gyro Ball|p2a: Xatu
|-damage|p2a: Xatu|49/100
|-damage|p1a: Ferrothorn|41/100|[from] item: Rocky Helmet|[of] p2a: Xatu
|
|-weather|RainDance|[upkeep]
|-heal|p1a: Ferrothorn|48/100|[from] item: Leftovers
|-sideend|p2: JesusKun69|Reflect
|upkeep
|turn|7
|
|t:|1736516127
|switch|p1a: Thundurus|Thundurus-Therian, M|100/100
|move|p2a: Xatu|Roost|p2a: Xatu
|-heal|p2a: Xatu|99/100
|-singleturn|p2a: Xatu|move: Roost
|
|-weather|RainDance|[upkeep]
|upkeep
|turn|8
|
|t:|1736516142
|switch|p1a: Mamoswine|Mamoswine, M|100/100
|switch|p2a: Shedinja|Shedinja|100/100
|
|-weather|RainDance|[upkeep]
|upkeep
|turn|9
|
|t:|1736516150
|switch|p2a: Politoed|Politoed, M|100/100
|move|p1a: Mamoswine|Substitute|p1a: Mamoswine
|-start|p1a: Mamoswine|Substitute
|-damage|p1a: Mamoswine|76/100
|
|-weather|RainDance|[upkeep]
|upkeep
|turn|10
|
|t:|1736516158
|switch|p2a: Shedinja|Shedinja|100/100
|move|p1a: Mamoswine|Earthquake|p2a: Shedinja
|-immune|p2a: Shedinja|[from] ability: Wonder Guard
|
|-weather|RainDance|[upkeep]
|upkeep
|turn|11
|
|t:|1736516183
|move|p2a: Shedinja|Protect|p2a: Shedinja
|-singleturn|p2a: Shedinja|Protect
|move|p1a: Mamoswine|Earthquake|p2a: Shedinja
|-activate|p2a: Shedinja|move: Protect
|
|-weather|RainDance|[upkeep]
|upkeep
|turn|12
|
|t:|1736516193
|switch|p1a: Ferrothorn|Ferrothorn, F|48/100
|move|p2a: Shedinja|Will-O-Wisp|p1a: Ferrothorn
|-status|p1a: Ferrothorn|brn
|
|-weather|RainDance|[upkeep]
|-heal|p1a: Ferrothorn|54/100 brn|[from] item: Leftovers
|-damage|p1a: Ferrothorn|41/100 brn|[from] brn
|upkeep
|turn|13
|
|t:|1736516208
|switch|p2a: Xatu|Xatu, M|99/100
|switch|p1a: Politoed|Politoed, M|86/100
|
|-weather|RainDance|[upkeep]
|upkeep
|turn|14
|
|t:|1736516220
|switch|p1a: Ferrothorn|Ferrothorn, F|41/100 brn
|move|p2a: Xatu|U-turn|p1a: Ferrothorn
|-damage|p1a: Ferrothorn|31/100 brn
|-damage|p2a: Xatu|87/100|[from] ability: Iron Barbs|[of] p1a: Ferrothorn
|
|t:|1736516227
|switch|p2a: Starmie|Starmie|100/100|[from] U-turn
|
|-weather|RainDance|[upkeep]
|-heal|p1a: Ferrothorn|38/100 brn|[from] item: Leftovers
|-damage|p1a: Ferrothorn|25/100 brn|[from] brn
|upkeep
|turn|15
|c|☆xpeps_10|This Will be a loooong battle
|c|☆JesusKun69|chill battle :)
|inactive|xpeps_10 has 120 seconds left.
|
|t:|1736516266
|switch|p1a: Politoed|Politoed, M|86/100
|move|p2a: Starmie|Ice Beam|p1a: Politoed
|-resisted|p1a: Politoed
|-damage|p1a: Politoed|67/100
|-status|p1a: Politoed|frz
|-damage|p2a: Starmie|91/100|[from] item: Life Orb
|
|-weather|RainDance|[upkeep]
|upkeep
|turn|16
|inactive|xpeps_10 has 120 seconds left.
|
|t:|1736516290
|move|p2a: Starmie|Thunder|p1a: Politoed
|-supereffective|p1a: Politoed
|-damage|p1a: Politoed|0 fnt
|faint|p1a: Politoed
|-damage|p2a: Starmie|81/100|[from] item: Life Orb
|
|-weather|RainDance|[upkeep]
|upkeep
|inactive|xpeps_10 has 90 seconds left.
|
|t:|1736516312
|switch|p1a: Ferrothorn|Ferrothorn, F|25/100 brn
|turn|17
|inactive|xpeps_10 has 90 seconds left.
|
|t:|1736516328
|switch|p1a: Mamoswine|Mamoswine, M|76/100
|move|p2a: Starmie|Ice Beam|p1a: Mamoswine
|-damage|p1a: Mamoswine|41/100
|-damage|p2a: Starmie|71/100|[from] item: Life Orb
|
|-weather|RainDance|[upkeep]
|upkeep
|turn|18
|inactive|xpeps_10 has 90 seconds left.
|
|t:|1736516341
|switch|p2a: Shedinja|Shedinja|100/100
|move|p1a: Mamoswine|Ice Shard|p2a: Shedinja
|-immune|p2a: Shedinja|[from] ability: Wonder Guard
|
|-weather|RainDance|[upkeep]
|upkeep
|turn|19
|inactive|xpeps_10 has 90 seconds left.
|
|t:|1736516349
|move|p1a: Mamoswine|Substitute|p1a: Mamoswine
|-start|p1a: Mamoswine|Substitute
|-damage|p1a: Mamoswine|16/100
|move|p2a: Shedinja|Will-O-Wisp||[still]
|-fail|p2a: Shedinja
|
|-weather|RainDance|[upkeep]
|upkeep
|turn|20
|inactive|xpeps_10 has 90 seconds left.
|
|t:|1736516367
|move|p1a: Mamoswine|Earthquake|p2a: Shedinja
|-immune|p2a: Shedinja|[from] ability: Wonder Guard
|move|p2a: Shedinja|Baton Pass|p2a: Shedinja
|
|t:|1736516372
|switch|p2a: Politoed|Politoed, M|100/100|[from] Baton Pass
|
|-weather|RainDance|[upkeep]
|upkeep
|turn|21
|
|t:|1736516378
|move|p1a: Mamoswine|Earthquake|p2a: Politoed
|-crit|p2a: Politoed
|-damage|p2a: Politoed|0 fnt
|faint|p2a: Politoed
|
|-weather|RainDance|[upkeep]
|upkeep
|
|t:|1736516385
|switch|p2a: Starmie|Starmie|71/100
|turn|22
|
|t:|1736516390
|move|p2a: Starmie|Hydro Pump|p1a: Mamoswine|[miss]
|-miss|p2a: Starmie|p1a: Mamoswine
|move|p1a: Mamoswine|Earthquake|p2a: Starmie
|-damage|p2a: Starmie|0 fnt
|faint|p2a: Starmie
|
|-weather|RainDance|[upkeep]
|upkeep
|
|t:|1736516403
|switch|p2a: Shedinja|Shedinja|100/100
|turn|23
|inactive|xpeps_10 has 120 seconds left.
|
|t:|1736516422
|move|p1a: Mamoswine|Earthquake|p2a: Shedinja
|-immune|p2a: Shedinja|[from] ability: Wonder Guard
|move|p2a: Shedinja|Will-O-Wisp||[still]
|-fail|p2a: Shedinja
|
|-weather|RainDance|[upkeep]
|upkeep
|turn|24
|inactive|xpeps_10 has 120 seconds left.
|
|t:|1736516428
|move|p1a: Mamoswine|Ice Shard|p2a: Shedinja
|-immune|p2a: Shedinja|[from] ability: Wonder Guard
|move|p2a: Shedinja|Will-O-Wisp||[still]
|-fail|p2a: Shedinja
|
|-weather|RainDance|[upkeep]
|upkeep
|turn|25
|
|t:|1736516430
|move|p1a: Mamoswine|Ice Shard|p2a: Shedinja
|-immune|p2a: Shedinja|[from] ability: Wonder Guard
|move|p2a: Shedinja|Will-O-Wisp|p1a: Mamoswine|[miss]
|-miss|p2a: Shedinja|p1a: Mamoswine
|
|-weather|RainDance|[upkeep]
|upkeep
|turn|26
|
|t:|1736516444
|move|p1a: Mamoswine|Ice Shard|p2a: Shedinja
|-immune|p2a: Shedinja|[from] ability: Wonder Guard
|move|p2a: Shedinja|Will-O-Wisp||[still]
|-fail|p2a: Shedinja
|
|-weather|RainDance|[upkeep]
|upkeep
|turn|27
|
|t:|1736516448
|move|p1a: Mamoswine|Ice Shard|p2a: Shedinja
|-immune|p2a: Shedinja|[from] ability: Wonder Guard
|move|p2a: Shedinja|Shadow Claw|p1a: Mamoswine
|-end|p1a: Mamoswine|Substitute
|
|-weather|RainDance|[upkeep]
|upkeep
|turn|28
|
|t:|1736516473
|switch|p1a: Keldeo|Keldeo|100/100
|move|p2a: Shedinja|Will-O-Wisp|p1a: Keldeo
|-status|p1a: Keldeo|brn
|
|-weather|RainDance|[upkeep]
|-damage|p1a: Keldeo|88/100 brn|[from] brn
|upkeep
|turn|29
|
|t:|1736516480
|switch|p1a: Starmie|Starmie|100/100
|-item|p1a: Starmie|Air Balloon
|move|p2a: Shedinja|Protect||[still]
|-fail|p2a: Shedinja
|
|-weather|RainDance|[upkeep]
|upkeep
|turn|30
|
|t:|1736516485
|switch|p1a: Keldeo|Keldeo|88/100 brn
|move|p2a: Shedinja|Will-O-Wisp|p1a: Keldeo
|-fail|p1a: Keldeo|brn
|
|-weather|RainDance|[upkeep]
|-damage|p1a: Keldeo|76/100 brn|[from] brn
|upkeep
|turn|31
|
|t:|1736516497
|switch|p1a: Ferrothorn|Ferrothorn, F|25/100 brn
|move|p2a: Shedinja|Baton Pass|p2a: Shedinja
|
|t:|1736516501
|switch|p2a: Xatu|Xatu, M|87/100|[from] Baton Pass
|
|-weather|RainDance|[upkeep]
|-heal|p1a: Ferrothorn|31/100 brn|[from] item: Leftovers
|-damage|p1a: Ferrothorn|19/100 brn|[from] brn
|upkeep
|turn|32
|
|t:|1736516512
|switch|p1a: Keldeo|Keldeo|76/100 brn
|move|p2a: Xatu|Night Shade|p1a: Keldeo
|-damage|p1a: Keldeo|45/100 brn
|
|-weather|RainDance|[upkeep]
|-damage|p1a: Keldeo|32/100 brn|[from] brn
|upkeep
|turn|33
|
|t:|1736516525
|switch|p2a: Garchomp|Garchomp, F|100/100
|move|p1a: Keldeo|Hydro Pump|p2a: Garchomp
|-damage|p2a: Garchomp|3/100
|
|-weather|RainDance|[upkeep]
|-damage|p1a: Keldeo|20/100 brn|[from] brn
|upkeep
|turn|34
|
|t:|1736516536
|move|p1a: Keldeo|Hydro Pump|p2a: Garchomp
|-damage|p2a: Garchomp|0 fnt
|faint|p2a: Garchomp
|
|-weather|RainDance|[upkeep]
|-damage|p1a: Keldeo|8/100 brn|[from] brn
|upkeep
|
|t:|1736516539
|switch|p2a: Shedinja|Shedinja|100/100
|turn|35
|
|t:|1736516544
|move|p1a: Keldeo|Hydro Pump|p2a: Shedinja
|-immune|p2a: Shedinja|[from] ability: Wonder Guard
|move|p2a: Shedinja|Will-O-Wisp|p1a: Keldeo
|-fail|p1a: Keldeo|brn
|
|-weather|RainDance|[upkeep]
|-damage|p1a: Keldeo|0 fnt|[from] brn
|faint|p1a: Keldeo
|upkeep
|
|t:|1736516560
|switch|p1a: Starmie|Starmie|100/100
|-item|p1a: Starmie|Air Balloon
|turn|36
|
|t:|1736516574
|switch|p1a: Thundurus|Thundurus-Therian, M|100/100
|move|p2a: Shedinja|Will-O-Wisp|p1a: Thundurus
|-status|p1a: Thundurus|brn
|
|-weather|RainDance|[upkeep]
|-damage|p1a: Thundurus|88/100 brn|[from] brn
|upkeep
|turn|37
|
|t:|1736516582
|switch|p1a: Starmie|Starmie|100/100
|-item|p1a: Starmie|Air Balloon
|move|p2a: Shedinja|Protect||[still]
|-fail|p2a: Shedinja
|
|-weather|RainDance|[upkeep]
|upkeep
|turn|38
|
|t:|1736516593
|switch|p1a: Thundurus|Thundurus-Therian, M|88/100 brn
|move|p2a: Shedinja|Will-O-Wisp|p1a: Thundurus|[miss]
|-miss|p2a: Shedinja|p1a: Thundurus
|
|-weather|RainDance|[upkeep]
|-damage|p1a: Thundurus|75/100 brn|[from] brn
|upkeep
|turn|39
|
|t:|1736516604
|switch|p1a: Starmie|Starmie|100/100
|-item|p1a: Starmie|Air Balloon
|move|p2a: Shedinja|Baton Pass|p2a: Shedinja
|
|t:|1736516608
|switch|p2a: Xatu|Xatu, M|87/100|[from] Baton Pass
|
|-weather|RainDance|[upkeep]
|upkeep
|turn|40
|
|t:|1736516612
|switch|p2a: Shedinja|Shedinja|100/100
|move|p1a: Starmie|Thunder|p2a: Shedinja
|-immune|p2a: Shedinja|[from] ability: Wonder Guard
|
|-weather|RainDance|[upkeep]
|upkeep
|turn|41
|
|t:|1736516621
|switch|p1a: Thundurus|Thundurus-Therian, M|75/100 brn
|move|p2a: Shedinja|Baton Pass|p2a: Shedinja
|
|t:|1736516628
|switch|p2a: Landorus|Landorus-Therian, M|100/100|[from] Baton Pass
|-ability|p2a: Landorus|Intimidate|boost
|-unboost|p1a: Thundurus|atk|1
|
|-weather|RainDance|[upkeep]
|-damage|p1a: Thundurus|63/100 brn|[from] brn
|upkeep
|turn|42
|
|t:|1736516639
|move|p2a: Landorus|Stealth Rock|p1a: Thundurus
|-sidestart|p1: xpeps_10|move: Stealth Rock
|move|p1a: Thundurus|Hidden Power|p2a: Landorus
|-supereffective|p2a: Landorus
|-damage|p2a: Landorus|0 fnt
|faint|p2a: Landorus
|
|-weather|RainDance|[upkeep]
|-damage|p1a: Thundurus|50/100 brn|[from] brn
|upkeep
|-enditem|p1a: Thundurus|Sitrus Berry|[eat]
|-heal|p1a: Thundurus|75/100 brn|[from] item: Sitrus Berry
|
|t:|1736516644
|switch|p2a: Shedinja|Shedinja|100/100
|turn|43
|
|t:|1736516669
|move|p2a: Shedinja|Protect|p2a: Shedinja
|-singleturn|p2a: Shedinja|Protect
|move|p1a: Thundurus|Thunder|p2a: Shedinja
|-activate|p2a: Shedinja|move: Protect
|
|-weather|RainDance|[upkeep]
|-damage|p1a: Thundurus|63/100 brn|[from] brn
|upkeep
|turn|44
|inactive|xpeps_10 has 120 seconds left.
|
|t:|1736516688
|move|p1a: Thundurus|Thunder|p2a: Shedinja
|-immune|p2a: Shedinja|[from] ability: Wonder Guard
|move|p2a: Shedinja|Baton Pass|p2a: Shedinja
|
|t:|1736516692
|switch|p2a: Xatu|Xatu, M|87/100|[from] Baton Pass
|
|-weather|RainDance|[upkeep]
|-damage|p1a: Thundurus|50/100 brn|[from] brn
|upkeep
|turn|45
|
|t:|1736516701
|switch|p2a: Shedinja|Shedinja|100/100
|move|p1a: Thundurus|Thunder|p2a: Shedinja
|-immune|p2a: Shedinja|[from] ability: Wonder Guard
|
|-weather|RainDance|[upkeep]
|-damage|p1a: Thundurus|38/100 brn|[from] brn
|upkeep
|turn|46
|c|☆xpeps_10|GG
|
|t:|1736516707
|move|p1a: Thundurus|Thunder|p2a: Shedinja
|-immune|p2a: Shedinja|[from] ability: Wonder Guard
|move|p2a: Shedinja|Baton Pass|p2a: Shedinja
|
|t:|1736516712
|switch|p2a: Xatu|Xatu, M|87/100|[from] Baton Pass
|
|-weather|RainDance|[upkeep]
|-damage|p1a: Thundurus|25/100 brn|[from] brn
|upkeep
|turn|47
|c|☆JesusKun69|gg
|inactive|xpeps_10 has 120 seconds left.
|
|t:|1736516742
|switch|p1a: Starmie|Starmie|100/100
|-damage|p1a: Starmie|88/100|[from] Stealth Rock
|-item|p1a: Starmie|Air Balloon
|switch|p2a: Shedinja|Shedinja|100/100
|
|-weather|RainDance|[upkeep]
|upkeep
|turn|48
|
|t:|1736516750
|move|p1a: Starmie|Rapid Spin|p2a: Shedinja
|-immune|p2a: Shedinja
|move|p2a: Shedinja|Will-O-Wisp|p1a: Starmie
|-status|p1a: Starmie|brn
|
|-weather|RainDance|[upkeep]
|-damage|p1a: Starmie|76/100 brn|[from] brn
|upkeep
|turn|49
|
|t:|1736516757
|move|p1a: Starmie|Surf|p2a: Shedinja
|-immune|p2a: Shedinja|[from] ability: Wonder Guard
|move|p2a: Shedinja|Baton Pass|p2a: Shedinja
|
|t:|1736516761
|switch|p2a: Xatu|Xatu, M|87/100|[from] Baton Pass
|
|-weather|RainDance|[upkeep]
|-damage|p1a: Starmie|64/100 brn|[from] brn
|upkeep
|turn|50
|
|t:|1736516775
|switch|p1a: Thundurus|Thundurus-Therian, M|25/100 brn
|-damage|p1a: Thundurus|0 fnt|[from] Stealth Rock
|faint|p1a: Thundurus
|switch|p2a: Shedinja|Shedinja|100/100
|
|-weather|RainDance|[upkeep]
|upkeep
|
|t:|1736516778
|switch|p1a: Ferrothorn|Ferrothorn, F|19/100 brn
|-damage|p1a: Ferrothorn|13/100 brn|[from] Stealth Rock
|turn|51
|
|t:|1736516792
|switch|p2a: Xatu|Xatu, M|87/100
|move|p1a: Ferrothorn|Gyro Ball|p2a: Xatu
|-damage|p2a: Xatu|64/100
|-damage|p1a: Ferrothorn|0 fnt|[from] item: Rocky Helmet|[of] p2a: Xatu
|faint|p1a: Ferrothorn
|
|-weather|RainDance|[upkeep]
|upkeep
|
|t:|1736516796
|switch|p1a: Mamoswine|Mamoswine, M|16/100
|-damage|p1a: Mamoswine|3/100|[from] Stealth Rock
|turn|52
|
|t:|1736516804
|move|p1a: Mamoswine|Ice Shard|p2a: Xatu
|-supereffective|p2a: Xatu
|-damage|p2a: Xatu|10/100
|move|p2a: Xatu|U-turn|p1a: Mamoswine
|-damage|p1a: Mamoswine|0 fnt
|faint|p1a: Mamoswine
|
|t:|1736516809
|switch|p2a: Shedinja|Shedinja|100/100|[from] U-turn
|
|-weather|RainDance|[upkeep]
|upkeep
|
|t:|1736516812
|switch|p1a: Starmie|Starmie|64/100 brn
|-damage|p1a: Starmie|52/100 brn|[from] Stealth Rock
|-item|p1a: Starmie|Air Balloon
|turn|53
|
|t:|1736516814
|move|p1a: Starmie|Surf|p2a: Shedinja
|-immune|p2a: Shedinja|[from] ability: Wonder Guard
|move|p2a: Shedinja|Shadow Claw|p1a: Starmie
|-supereffective|p1a: Starmie
|-damage|p1a: Starmie|0 fnt
|-enditem|p1a: Starmie|Air Balloon
|faint|p1a: Starmie
|
|win|JesusKun69
|raw|xpeps_10's rating: 1440 &rarr; <strong>1417</strong><br />(-23 for losing)
|raw|JesusKun69's rating: 1391 &rarr; <strong>1414</strong><br />(+23 for winning)
|l|☆xpeps_10
|player|p1|
