|j|☆torinoko city
|j|☆the great gazump
|t:|1707172851
|gametype|singles
|player|p1|torinoko city|miku-flying|1530
|player|p2|the great gazump|102|1574
|teamsize|p1|6
|teamsize|p2|6
|gen|5
|tier|[Gen 5] OU
|rated|
|rule|Species Clause: Limit one of each Pokémon
|rule|OHKO Clause: OHKO moves are banned
|rule|Moody Clause: Moody is banned
|rule|Evasion Items Clause: Evasion items are banned
|rule|Evasion Moves Clause: Evasion moves are banned
|rule|Endless Battle Clause: Forcing endless battles is banned
|rule|HP Percentage Mod: HP is shown in percentages
|rule|Evasion Abilities Clause: Evasion abilities are banned
|rule|Sleep Moves Clause: Sleep-inducing moves are banned
|rule|Swagger Clause: Swagger is banned
|rule|Baton Pass Stat Clause: No Baton Passer may have a way to boost its stats
|clearpoke
|poke|p1|Abomasnow, M|item
|poke|p1|Cloyster, F|item
|poke|p1|Dragonite, M|item
|poke|p1|Volcarona, F|item
|poke|p1|Jirachi|item
|poke|p1|Garchomp, M|item
|poke|p2|Abomasnow, F|item
|poke|p2|Gliscor, M|item
|poke|p2|Forretress, M|item
|poke|p2|Blissey, F|item
|poke|p2|Latios, M|item
|poke|p2|Reuniclus, F|item
|teampreview
|inactive|Battle timer is ON: inactive players will automatically lose when time's up. (requested by torinoko city)
|
|t:|1707172868
|start
|switch|p1a: Cloyster|Cloyster, F|100/100
|switch|p2a: Abomasnow|Abomasnow, F|100/100
|-weather|Hail|[from] ability: Snow Warning|[of] p2a: Abomasnow
|turn|1
|
|t:|1707172876
|switch|p1a: Volcarona|Volcarona, F|100/100
|switch|p2a: Forretress|Forretress, M|100/100
|
|-weather|Hail|[upkeep]
|-damage|p1a: Volcarona|94/100|[from] Hail
|upkeep
|turn|2
|
|t:|1707172880
|switch|p2a: Blissey|Blissey, F|100/100
|move|p1a: Volcarona|Flamethrower|p2a: Blissey
|-damage|p2a: Blissey|80/100
|
|-weather|Hail|[upkeep]
|-damage|p1a: Volcarona|88/100|[from] Hail
|-damage|p2a: Blissey|74/100|[from] Hail
|-heal|p2a: Blissey|80/100|[from] item: Leftovers
|upkeep
|turn|3
|
|t:|1707172883
|switch|p1a: Garchomp|Garchomp, M|100/100
|move|p2a: Blissey|Thunder Wave|p1a: Garchomp
|-immune|p1a: Garchomp
|
|-weather|Hail|[upkeep]
|-damage|p1a: Garchomp|94/100|[from] Hail
|-damage|p2a: Blissey|74/100|[from] Hail
|-heal|p2a: Blissey|80/100|[from] item: Leftovers
|upkeep
|turn|4
|
|t:|1707172887
|switch|p2a: Gliscor|Gliscor, M|100/100
|move|p1a: Garchomp|Stealth Rock|p2a: Gliscor
|-sidestart|p2: the great gazump|move: Stealth Rock
|
|-weather|Hail|[upkeep]
|-damage|p1a: Garchomp|88/100|[from] Hail
|-damage|p2a: Gliscor|94/100|[from] Hail
|-status|p2a: Gliscor|tox|[from] item: Toxic Orb
|upkeep
|turn|5
|
|t:|1707172890
|switch|p1a: Cloyster|Cloyster, F|100/100
|move|p2a: Gliscor|Stealth Rock|p1a: Cloyster
|-sidestart|p1: torinoko city|move: Stealth Rock
|
|-weather|Hail|[upkeep]
|-damage|p2a: Gliscor|88/100 tox|[from] Hail
|-heal|p2a: Gliscor|100/100 tox|[from] ability: Poison Heal
|upkeep
|turn|6
|
|t:|1707172900
|switch|p2a: Forretress|Forretress, M|100/100
|-damage|p2a: Forretress|88/100|[from] Stealth Rock
|move|p1a: Cloyster|Rapid Spin|p2a: Forretress
|-resisted|p2a: Forretress
|-damage|p2a: Forretress|86/100
|-sideend|p1: torinoko city|Stealth Rock|[from] move: Rapid Spin|[of] p1a: Cloyster
|
|-weather|Hail|[upkeep]
|-heal|p2a: Forretress|93/100|[from] item: Leftovers
|upkeep
|turn|7
|inactive|torinoko city has 120 seconds left.
|
|t:|1707172942
|switch|p1a: Volcarona|Volcarona, F|88/100
|move|p2a: Forretress|Spikes|p1a: Volcarona
|-sidestart|p1: torinoko city|Spikes
|
|-weather|Hail|[upkeep]
|-damage|p1a: Volcarona|82/100|[from] Hail
|-heal|p2a: Forretress|99/100|[from] item: Leftovers
|upkeep
|turn|8
|
|t:|1707172947
|switch|p2a: Blissey|Blissey, F|80/100
|-damage|p2a: Blissey|68/100|[from] Stealth Rock
|move|p1a: Volcarona|Flamethrower|p2a: Blissey
|-damage|p2a: Blissey|50/100
|
|-weather|Hail|[upkeep]
|-damage|p1a: Volcarona|76/100|[from] Hail
|-damage|p2a: Blissey|44/100|[from] Hail
|-heal|p2a: Blissey|50/100|[from] item: Leftovers
|upkeep
|turn|9
|
|t:|1707172953
|switch|p1a: Garchomp|Garchomp, M|88/100
|-damage|p1a: Garchomp|76/100|[from] Spikes
|move|p2a: Blissey|Soft-Boiled|p2a: Blissey
|-heal|p2a: Blissey|99/100
|
|-weather|Hail|[upkeep]
|-damage|p1a: Garchomp|70/100|[from] Hail
|-damage|p2a: Blissey|94/100|[from] Hail
|-heal|p2a: Blissey|99/100|[from] item: Leftovers
|upkeep
|turn|10
|
|t:|1707172964
|switch|p1a: Jirachi|Jirachi|100/100
|-damage|p1a: Jirachi|88/100|[from] Spikes
|switch|p2a: Latios|Latios, M|100/100
|-damage|p2a: Latios|88/100|[from] Stealth Rock
|
|-weather|Hail|[upkeep]
|-damage|p1a: Jirachi|82/100|[from] Hail
|-damage|p2a: Latios|82/100|[from] Hail
|upkeep
|turn|11
|
|t:|1707172978
|move|p1a: Jirachi|U-turn|p2a: Latios
|-supereffective|p2a: Latios
|-damage|p2a: Latios|22/100
|
|t:|1707172984
|switch|p1a: Abomasnow|Abomasnow, M|100/100|[from] U-turn
|-damage|p1a: Abomasnow|88/100|[from] Spikes
|move|p2a: Latios|Thunder Wave|p1a: Abomasnow
|-status|p1a: Abomasnow|par
|
|-weather|Hail|[upkeep]
|-damage|p2a: Latios|16/100|[from] Hail
|-heal|p1a: Abomasnow|94/100 par|[from] item: Leftovers
|upkeep
|turn|12
|
|t:|1707172995
|move|p1a: Abomasnow|Ice Shard|p2a: Latios
|-supereffective|p2a: Latios
|-damage|p2a: Latios|0 fnt
|faint|p2a: Latios
|
|-weather|Hail|[upkeep]
|-heal|p1a: Abomasnow|99/100 par|[from] item: Leftovers
|upkeep
|
|t:|1707173011
|switch|p2a: Reuniclus|Reuniclus, F|100/100
|turn|13
|
|t:|1707173020
|switch|p1a: Dragonite|Dragonite, M|100/100
|move|p2a: Reuniclus|Calm Mind|p2a: Reuniclus
|-boost|p2a: Reuniclus|spa|1
|-boost|p2a: Reuniclus|spd|1
|
|-weather|Hail|[upkeep]
|-damage|p1a: Dragonite|94/100|[from] Hail
|-heal|p1a: Dragonite|100/100|[from] item: Leftovers
|upkeep
|turn|14
|
|t:|1707173024
|move|p1a: Dragonite|Dragon Dance|p1a: Dragonite
|-boost|p1a: Dragonite|atk|1
|-boost|p1a: Dragonite|spe|1
|move|p2a: Reuniclus|Psyshock|p1a: Dragonite
|-damage|p1a: Dragonite|74/100
|
|-weather|Hail|[upkeep]
|-damage|p1a: Dragonite|68/100|[from] Hail
|-heal|p1a: Dragonite|74/100|[from] item: Leftovers
|upkeep
|turn|15
|
|t:|1707173027
|move|p1a: Dragonite|Outrage|p2a: Reuniclus
|-damage|p2a: Reuniclus|24/100
|move|p2a: Reuniclus|Psyshock|p1a: Dragonite
|-damage|p1a: Dragonite|18/100
|
|-weather|Hail|[upkeep]
|-damage|p1a: Dragonite|12/100|[from] Hail
|-heal|p1a: Dragonite|18/100|[from] item: Leftovers
|-heal|p2a: Reuniclus|30/100|[from] item: Leftovers
|upkeep
|turn|16
|
|t:|1707173038
|move|p1a: Dragonite|Outrage|p2a: Reuniclus|[from]lockedmove
|-damage|p2a: Reuniclus|0 fnt
|faint|p2a: Reuniclus
|
|-weather|Hail|[upkeep]
|-damage|p1a: Dragonite|12/100|[from] Hail
|-heal|p1a: Dragonite|18/100|[from] item: Leftovers
|upkeep
|
|t:|1707173040
|switch|p2a: Abomasnow|Abomasnow, F|100/100
|-damage|p2a: Abomasnow|75/100|[from] Stealth Rock
|turn|17
|
|t:|1707173042
|move|p2a: Abomasnow|Ice Shard|p1a: Dragonite
|-supereffective|p1a: Dragonite
|-damage|p1a: Dragonite|0 fnt
|faint|p1a: Dragonite
|
|-weather|Hail|[upkeep]
|-heal|p2a: Abomasnow|82/100|[from] item: Leftovers
|upkeep
|
|t:|1707173050
|switch|p1a: Jirachi|Jirachi|82/100
|-damage|p1a: Jirachi|70/100|[from] Spikes
|turn|18
|
|t:|1707173053
|move|p2a: Abomasnow|Protect|p2a: Abomasnow
|-singleturn|p2a: Abomasnow|Protect
|move|p1a: Jirachi|Iron Head|p2a: Abomasnow
|-activate|p2a: Abomasnow|move: Protect
|
|-weather|Hail|[upkeep]
|-damage|p1a: Jirachi|64/100|[from] Hail
|-heal|p2a: Abomasnow|88/100|[from] item: Leftovers
|upkeep
|turn|19
|
|t:|1707173059
|switch|p2a: Forretress|Forretress, M|99/100
|-damage|p2a: Forretress|86/100|[from] Stealth Rock
|move|p1a: Jirachi|Iron Head|p2a: Forretress
|-resisted|p2a: Forretress
|-damage|p2a: Forretress|77/100
|
|-weather|Hail|[upkeep]
|-damage|p1a: Jirachi|58/100|[from] Hail
|-heal|p2a: Forretress|84/100|[from] item: Leftovers
|upkeep
|turn|20
|
|t:|1707173070
|switch|p1a: Abomasnow|Abomasnow, M|99/100 par
|-damage|p1a: Abomasnow|88/100 par|[from] Spikes
|move|p2a: Forretress|Spikes|p1a: Abomasnow
|-sidestart|p1: torinoko city|Spikes
|
|-weather|Hail|[upkeep]
|-heal|p2a: Forretress|90/100|[from] item: Leftovers
|-heal|p1a: Abomasnow|94/100 par|[from] item: Leftovers
|upkeep
|turn|21
|
|t:|1707173075
|switch|p2a: Blissey|Blissey, F|99/100
|-damage|p2a: Blissey|87/100|[from] Stealth Rock
|move|p1a: Abomasnow|Wood Hammer|p2a: Blissey
|-damage|p2a: Blissey|37/100
|-damage|p1a: Abomasnow|61/100 par|[from] Recoil
|
|-weather|Hail|[upkeep]
|-damage|p2a: Blissey|31/100|[from] Hail
|-heal|p2a: Blissey|37/100|[from] item: Leftovers
|-heal|p1a: Abomasnow|68/100 par|[from] item: Leftovers
|upkeep
|turn|22
|
|t:|1707173082
|move|p2a: Blissey|Soft-Boiled|p2a: Blissey
|-heal|p2a: Blissey|87/100
|move|p1a: Abomasnow|Blizzard|p2a: Blissey
|-damage|p2a: Blissey|76/100
|
|-weather|Hail|[upkeep]
|-damage|p2a: Blissey|69/100|[from] Hail
|-heal|p2a: Blissey|76/100|[from] item: Leftovers
|-heal|p1a: Abomasnow|74/100 par|[from] item: Leftovers
|upkeep
|turn|23
|
|t:|1707173086
|move|p2a: Blissey|Seismic Toss|p1a: Abomasnow
|-damage|p1a: Abomasnow|46/100 par
|cant|p1a: Abomasnow|par
|
|-weather|Hail|[upkeep]
|-damage|p2a: Blissey|69/100|[from] Hail
|-heal|p2a: Blissey|76/100|[from] item: Leftovers
|-heal|p1a: Abomasnow|52/100 par|[from] item: Leftovers
|upkeep
|turn|24
|
|t:|1707173094
|move|p2a: Blissey|Seismic Toss|p1a: Abomasnow
|-damage|p1a: Abomasnow|25/100 par
|cant|p1a: Abomasnow|par
|
|-weather|Hail|[upkeep]
|-damage|p2a: Blissey|69/100|[from] Hail
|-heal|p2a: Blissey|76/100|[from] item: Leftovers
|-heal|p1a: Abomasnow|31/100 par|[from] item: Leftovers
|upkeep
|turn|25
|
|t:|1707173097
|move|p2a: Blissey|Seismic Toss|p1a: Abomasnow
|-damage|p1a: Abomasnow|3/100 par
|move|p1a: Abomasnow|Wood Hammer|p2a: Blissey
|-damage|p2a: Blissey|30/100
|-damage|p1a: Abomasnow|0 fnt|[from] Recoil
|faint|p1a: Abomasnow
|
|-weather|Hail|[upkeep]
|-damage|p2a: Blissey|24/100|[from] Hail
|-heal|p2a: Blissey|30/100|[from] item: Leftovers
|upkeep
|
|t:|1707173101
|switch|p1a: Garchomp|Garchomp, M|70/100
|-damage|p1a: Garchomp|53/100|[from] Spikes
|turn|26
|
|t:|1707173130
|move|p1a: Garchomp|Earthquake|p2a: Blissey
|-damage|p2a: Blissey|0 fnt
|faint|p2a: Blissey
|
|-weather|Hail|[upkeep]
|-damage|p1a: Garchomp|47/100|[from] Hail
|upkeep
|
|t:|1707173134
|switch|p2a: Gliscor|Gliscor, M|100/100 tox
|-damage|p2a: Gliscor|88/100 tox|[from] Stealth Rock
|turn|27
|
|t:|1707173137
|switch|p1a: Cloyster|Cloyster, F|100/100
|-damage|p1a: Cloyster|84/100|[from] Spikes
|move|p2a: Gliscor|Earthquake|p1a: Cloyster
|-damage|p1a: Cloyster|55/100
|
|-weather|Hail|[upkeep]
|-damage|p2a: Gliscor|82/100 tox|[from] Hail
|-heal|p2a: Gliscor|94/100 tox|[from] ability: Poison Heal
|upkeep
|turn|28
|
|t:|1707173140
|switch|p2a: Forretress|Forretress, M|90/100
|-damage|p2a: Forretress|77/100|[from] Stealth Rock
|move|p1a: Cloyster|Rapid Spin|p2a: Forretress
|-resisted|p2a: Forretress
|-damage|p2a: Forretress|76/100
|-sideend|p1: torinoko city|Spikes|[from] move: Rapid Spin|[of] p1a: Cloyster
|
|-weather|Hail|[upkeep]
|-heal|p2a: Forretress|82/100|[from] item: Leftovers
|upkeep
|turn|29
|
|t:|1707173152
|switch|p1a: Garchomp|Garchomp, M|47/100
|switch|p2a: Gliscor|Gliscor, M|94/100 tox
|-damage|p2a: Gliscor|82/100 tox|[from] Stealth Rock
|
|-weather|Hail|[upkeep]
|-damage|p1a: Garchomp|41/100|[from] Hail
|-damage|p2a: Gliscor|76/100 tox|[from] Hail
|-heal|p2a: Gliscor|88/100 tox|[from] ability: Poison Heal
|upkeep
|turn|30
|
|t:|1707173158
|move|p1a: Garchomp|Swords Dance|p1a: Garchomp
|-boost|p1a: Garchomp|atk|2
|move|p2a: Gliscor|Earthquake|p1a: Garchomp
|-damage|p1a: Garchomp|10/100
|
|-weather|Hail|[upkeep]
|-damage|p1a: Garchomp|4/100|[from] Hail
|-damage|p2a: Gliscor|82/100 tox|[from] Hail
|-heal|p2a: Gliscor|94/100 tox|[from] ability: Poison Heal
|upkeep
|turn|31
|
|t:|1707173160
|move|p2a: Gliscor|Protect|p2a: Gliscor
|-singleturn|p2a: Gliscor|Protect
|move|p1a: Garchomp|Outrage|p2a: Gliscor
|-activate|p2a: Gliscor|move: Protect
|
|-weather|Hail|[upkeep]
|-damage|p1a: Garchomp|0 fnt|[from] Hail
|-damage|p2a: Gliscor|88/100 tox|[from] Hail
|faint|p1a: Garchomp
|-heal|p2a: Gliscor|100/100 tox|[from] ability: Poison Heal
|upkeep
|
|t:|1707173163
|switch|p1a: Cloyster|Cloyster, F|55/100
|turn|32
|
|t:|1707173165
|switch|p2a: Forretress|Forretress, M|82/100
|-damage|p2a: Forretress|69/100|[from] Stealth Rock
|move|p1a: Cloyster|Shell Smash|p1a: Cloyster
|-unboost|p1a: Cloyster|def|1
|-unboost|p1a: Cloyster|spd|1
|-boost|p1a: Cloyster|atk|2
|-boost|p1a: Cloyster|spa|2
|-boost|p1a: Cloyster|spe|2
|
|-weather|Hail|[upkeep]
|-heal|p2a: Forretress|76/100|[from] item: Leftovers
|upkeep
|turn|33
|
|t:|1707173167
|move|p1a: Cloyster|Icicle Spear|p2a: Forretress
|-resisted|p2a: Forretress
|-damage|p2a: Forretress|67/100
|-resisted|p2a: Forretress
|-damage|p2a: Forretress|60/100
|-resisted|p2a: Forretress
|-crit|p2a: Forretress
|-damage|p2a: Forretress|44/100
|-resisted|p2a: Forretress
|-crit|p2a: Forretress
|-damage|p2a: Forretress|28/100
|-resisted|p2a: Forretress
|-damage|p2a: Forretress|20/100
|-hitcount|p2a: Forretress|5
|move|p2a: Forretress|Gyro Ball|p1a: Cloyster
|-damage|p1a: Cloyster|0 fnt
|faint|p1a: Cloyster
|
|-weather|Hail|[upkeep]
|-heal|p2a: Forretress|26/100|[from] item: Leftovers
|upkeep
|
|t:|1707173170
|switch|p1a: Volcarona|Volcarona, F|76/100
|turn|34
|
|t:|1707173175
|switch|p2a: Gliscor|Gliscor, M|100/100 tox
|-damage|p2a: Gliscor|88/100 tox|[from] Stealth Rock
|move|p1a: Volcarona|Quiver Dance|p1a: Volcarona
|-boost|p1a: Volcarona|spa|1
|-boost|p1a: Volcarona|spd|1
|-boost|p1a: Volcarona|spe|1
|
|-weather|Hail|[upkeep]
|-damage|p1a: Volcarona|70/100|[from] Hail
|-damage|p2a: Gliscor|82/100 tox|[from] Hail
|-heal|p2a: Gliscor|94/100 tox|[from] ability: Poison Heal
|upkeep
|turn|35
|
|t:|1707173182
|move|p1a: Volcarona|Flamethrower|p2a: Gliscor
|-damage|p2a: Gliscor|26/100 tox
|move|p2a: Gliscor|Earthquake|p1a: Volcarona
|-damage|p1a: Volcarona|23/100
|
|-weather|Hail|[upkeep]
|-damage|p1a: Volcarona|17/100|[from] Hail
|-damage|p2a: Gliscor|20/100 tox|[from] Hail
|-heal|p2a: Gliscor|32/100 tox|[from] ability: Poison Heal
|upkeep
|turn|36
|
|t:|1707173187
|move|p2a: Gliscor|Protect|p2a: Gliscor
|-singleturn|p2a: Gliscor|Protect
|move|p1a: Volcarona|Flamethrower|p2a: Gliscor
|-activate|p2a: Gliscor|move: Protect
|
|-weather|Hail|[upkeep]
|-damage|p1a: Volcarona|11/100|[from] Hail
|-damage|p2a: Gliscor|26/100 tox|[from] Hail
|-heal|p2a: Gliscor|39/100 tox|[from] ability: Poison Heal
|upkeep
|turn|37
|
|t:|1707173193
|switch|p2a: Abomasnow|Abomasnow, F|88/100
|-damage|p2a: Abomasnow|63/100|[from] Stealth Rock
|move|p1a: Volcarona|Flamethrower|p2a: Abomasnow
|-supereffective|p2a: Abomasnow
|-damage|p2a: Abomasnow|0 fnt
|faint|p2a: Abomasnow
|
|-weather|Hail|[upkeep]
|-damage|p1a: Volcarona|5/100|[from] Hail
|upkeep
|
|t:|1707173195
|switch|p2a: Gliscor|Gliscor, M|39/100 tox
|-damage|p2a: Gliscor|26/100 tox|[from] Stealth Rock
|turn|38
|
|t:|1707173199
|switch|p1a: Jirachi|Jirachi|58/100
|move|p2a: Gliscor|Protect||[still]
|-fail|p2a: Gliscor
|
|-weather|Hail|[upkeep]
|-damage|p1a: Jirachi|51/100|[from] Hail
|-damage|p2a: Gliscor|20/100 tox|[from] Hail
|-heal|p2a: Gliscor|32/100 tox|[from] ability: Poison Heal
|upkeep
|turn|39
|
|t:|1707173205
|move|p1a: Jirachi|Ice Punch|p2a: Gliscor
|-supereffective|p2a: Gliscor
|-damage|p2a: Gliscor|0 fnt
|faint|p2a: Gliscor
|
|-weather|Hail|[upkeep]
|-damage|p1a: Jirachi|45/100|[from] Hail
|upkeep
|
|t:|1707173209
|switch|p2a: Forretress|Forretress, M|26/100
|-damage|p2a: Forretress|14/100|[from] Stealth Rock
|turn|40
|
|t:|1707173212
|move|p1a: Jirachi|Ice Punch|p2a: Forretress
|-resisted|p2a: Forretress
|-damage|p2a: Forretress|8/100
|-status|p2a: Forretress|frz
|cant|p2a: Forretress|frz
|
|-weather|Hail|[upkeep]
|-damage|p1a: Jirachi|39/100|[from] Hail
|-heal|p2a: Forretress|14/100 frz|[from] item: Leftovers
|upkeep
|turn|41
|
|t:|1707173215
|move|p1a: Jirachi|Ice Punch|p2a: Forretress
|-resisted|p2a: Forretress
|-damage|p2a: Forretress|8/100 frz
|cant|p2a: Forretress|frz
|
|-weather|Hail|[upkeep]
|-damage|p1a: Jirachi|33/100|[from] Hail
|-heal|p2a: Forretress|14/100 frz|[from] item: Leftovers
|upkeep
|turn|42
|
|t:|1707173218
|switch|p1a: Volcarona|Volcarona, F|5/100
|cant|p2a: Forretress|frz
|
|-weather|Hail|[upkeep]
|-damage|p1a: Volcarona|0 fnt|[from] Hail
|faint|p1a: Volcarona
|-heal|p2a: Forretress|20/100 frz|[from] item: Leftovers
|upkeep
|
|t:|1707173219
|switch|p1a: Jirachi|Jirachi|33/100
|turn|43
|
|t:|1707173222
|move|p1a: Jirachi|Iron Head|p2a: Forretress
|-resisted|p2a: Forretress
|-damage|p2a: Forretress|10/100 frz
|cant|p2a: Forretress|frz
|
|-weather|Hail|[upkeep]
|-damage|p1a: Jirachi|27/100|[from] Hail
|-heal|p2a: Forretress|17/100 frz|[from] item: Leftovers
|upkeep
|turn|44
|
|t:|1707173224
|move|p1a: Jirachi|Iron Head|p2a: Forretress
|-resisted|p2a: Forretress
|-damage|p2a: Forretress|7/100 frz
|cant|p2a: Forretress|frz
|
|-weather|Hail|[upkeep]
|-damage|p1a: Jirachi|21/100|[from] Hail
|-heal|p2a: Forretress|13/100 frz|[from] item: Leftovers
|upkeep
|turn|45
|
|t:|1707173226
|move|p1a: Jirachi|Iron Head|p2a: Forretress
|-resisted|p2a: Forretress
|-crit|p2a: Forretress
|-damage|p2a: Forretress|0 fnt
|faint|p2a: Forretress
|
|win|torinoko city
|raw|torinoko city's rating: 1530 &rarr; <strong>1553</strong><br />(+23 for winning)
|raw|the great gazump's rating: 1574 &rarr; <strong>1551</strong><br />(-23 for losing)
|c|☆the great gazump|lol
|c|☆the great gazump|gg!
|c|☆torinoko city|gg
|l|☆torinoko city
|player|p1|
