|j|☆MikeyTapsa
|j|☆mellrrowe
|player|p1|MikeyTapsa|sightseer|1304
|player|p2|mellrrowe|hilbert|1320
|teamsize|p1|6
|teamsize|p2|6
|gametype|singles
|gen|5
|tier|[Gen 5] OU
|rated|
|clearpoke
|poke|p1|Politoed, M|item
|poke|p1|Thundurus-Therian, M|item
|poke|p1|Tornadus, M|item
|poke|p1|Tentacruel, M|item
|poke|p1|Ferrothorn, M|item
|poke|p1|Jirachi|item
|poke|p2|Politoed, F|item
|poke|p2|Starmie|item
|poke|p2|Garchomp, M|item
|poke|p2|Ferrothorn, F|item
|poke|p2|Toxicroak, M|item
|poke|p2|Tornadus, M|item
|rule|Species Clause: Limit one of each Pokémon
|rule|OHKO Clause: OHKO moves are banned
|rule|Moody Clause: Moody is banned
|rule|Evasion Moves Clause: Evasion moves are banned
|rule|Endless Battle Clause: Forcing endless battles is banned
|rule|HP Percentage Mod: HP is shown in percentages
|rule|Evasion Abilities Clause: Evasion abilities are banned
|rule|Baton Pass Clause: Limit one Baton Passer, can't pass Spe and other stats simultaneously
|rule|Sleep Clause: Sleep-inducing moves are banned
|rule|Swagger Clause: Swagger is banned
|teampreview
|inactive|Battle timer is ON: inactive players will automatically lose when time's up. (requested by mellrrowe)
|
|start
|switch|p1a: Tornadus|Tornadus, M|100/100
|switch|p2a: Ferrothorn|Ferrothorn, F|100/100
|turn|1
|
|switch|p2a: Politoed|Politoed, F|100/100
|-weather|RainDance|[from] ability: Drizzle|[of] p2a: Politoed
|move|p1a: Tornadus|Heat Wave|p2a: Politoed
|-resisted|p2a: Politoed
|-damage|p2a: Politoed|86/100
|
|-weather|RainDance|[upkeep]
|upkeep
|turn|2
|
|switch|p1a: Tentacruel|Tentacruel, M|100/100
|move|p2a: Politoed|Ice Beam|p1a: Tentacruel
|-resisted|p1a: Tentacruel
|-crit|p1a: Tentacruel
|-damage|p1a: Tentacruel|81/100
|-status|p1a: Tentacruel|frz
|
|-weather|RainDance|[upkeep]
|-heal|p1a: Tentacruel|87/100 frz|[from] ability: Rain Dish
|-heal|p1a: Tentacruel|93/100 frz|[from] item: Black Sludge
|upkeep
|turn|3
|
|switch|p2a: Ferrothorn|Ferrothorn, F|100/100
|-curestatus|p1a: Tentacruel|frz|[from] move: Scald
|move|p1a: Tentacruel|Scald|p2a: Ferrothorn
|-resisted|p2a: Ferrothorn
|-damage|p2a: Ferrothorn|89/100
|
|-weather|RainDance|[upkeep]
|-heal|p1a: Tentacruel|99/100|[from] ability: Rain Dish
|-heal|p1a: Tentacruel|100/100|[from] item: Black Sludge
|-heal|p2a: Ferrothorn|95/100|[from] item: Leftovers
|upkeep
|turn|4
|
|move|p1a: Tentacruel|Substitute|p1a: Tentacruel
|-start|p1a: Tentacruel|Substitute
|-damage|p1a: Tentacruel|75/100
|move|p2a: Ferrothorn|Leech Seed||[still]
|-fail|p2a: Ferrothorn
|
|-weather|RainDance|[upkeep]
|-heal|p1a: Tentacruel|82/100|[from] ability: Rain Dish
|-heal|p1a: Tentacruel|88/100|[from] item: Black Sludge
|-heal|p2a: Ferrothorn|100/100|[from] item: Leftovers
|upkeep
|turn|5
|
|move|p1a: Tentacruel|Scald|p2a: Ferrothorn
|-resisted|p2a: Ferrothorn
|-damage|p2a: Ferrothorn|89/100
|move|p2a: Ferrothorn|Gyro Ball|p1a: Tentacruel
|-resisted|p1a: Tentacruel
|-activate|p1a: Tentacruel|Substitute|[damage]
|
|-weather|RainDance|[upkeep]
|-heal|p1a: Tentacruel|94/100|[from] ability: Rain Dish
|-heal|p1a: Tentacruel|99/100|[from] item: Black Sludge
|-heal|p2a: Ferrothorn|95/100|[from] item: Leftovers
|upkeep
|turn|6
|
|move|p1a: Tentacruel|Scald|p2a: Ferrothorn
|-resisted|p2a: Ferrothorn
|-damage|p2a: Ferrothorn|82/100
|move|p2a: Ferrothorn|Gyro Ball|p1a: Tentacruel
|-resisted|p1a: Tentacruel
|-end|p1a: Tentacruel|Substitute
|
|-weather|RainDance|[upkeep]
|-heal|p1a: Tentacruel|100/100|[from] ability: Rain Dish
|-heal|p2a: Ferrothorn|88/100|[from] item: Leftovers
|upkeep
|turn|7
|
|move|p1a: Tentacruel|Substitute|p1a: Tentacruel
|-start|p1a: Tentacruel|Substitute
|-damage|p1a: Tentacruel|75/100
|move|p2a: Ferrothorn|Stealth Rock|p1a: Tentacruel
|-sidestart|p1: MikeyTapsa|move: Stealth Rock
|
|-weather|RainDance|[upkeep]
|-heal|p1a: Tentacruel|82/100|[from] ability: Rain Dish
|-heal|p1a: Tentacruel|88/100|[from] item: Black Sludge
|-heal|p2a: Ferrothorn|94/100|[from] item: Leftovers
|upkeep
|turn|8
|
|move|p1a: Tentacruel|Scald|p2a: Ferrothorn
|-resisted|p2a: Ferrothorn
|-damage|p2a: Ferrothorn|82/100
|move|p2a: Ferrothorn|Gyro Ball|p1a: Tentacruel
|-resisted|p1a: Tentacruel
|-activate|p1a: Tentacruel|Substitute|[damage]
|
|-weather|RainDance|[upkeep]
|-heal|p1a: Tentacruel|94/100|[from] ability: Rain Dish
|-heal|p1a: Tentacruel|99/100|[from] item: Black Sludge
|-heal|p2a: Ferrothorn|88/100|[from] item: Leftovers
|upkeep
|turn|9
|
|move|p1a: Tentacruel|Scald|p2a: Ferrothorn
|-resisted|p2a: Ferrothorn
|-damage|p2a: Ferrothorn|77/100
|move|p2a: Ferrothorn|Gyro Ball|p1a: Tentacruel
|-resisted|p1a: Tentacruel
|-end|p1a: Tentacruel|Substitute
|
|-weather|RainDance|[upkeep]
|-heal|p1a: Tentacruel|100/100|[from] ability: Rain Dish
|-heal|p2a: Ferrothorn|83/100|[from] item: Leftovers
|upkeep
|turn|10
|
|switch|p2a: Politoed|Politoed, F|86/100
|move|p1a: Tentacruel|Substitute|p1a: Tentacruel
|-start|p1a: Tentacruel|Substitute
|-damage|p1a: Tentacruel|75/100
|
|-weather|RainDance|[upkeep]
|-heal|p1a: Tentacruel|82/100|[from] ability: Rain Dish
|-heal|p1a: Tentacruel|88/100|[from] item: Black Sludge
|upkeep
|turn|11
|
|move|p2a: Politoed|Hidden Power|p1a: Tentacruel
|-supereffective|p1a: Tentacruel
|-end|p1a: Tentacruel|Substitute
|move|p1a: Tentacruel|Rapid Spin|p2a: Politoed
|-damage|p2a: Politoed|83/100
|-sideend|p1: MikeyTapsa|Stealth Rock|[from] move: Rapid Spin|[of] p1a: Tentacruel
|
|-weather|RainDance|[upkeep]
|-heal|p1a: Tentacruel|94/100|[from] ability: Rain Dish
|-heal|p1a: Tentacruel|99/100|[from] item: Black Sludge
|upkeep
|turn|12
|
|switch|p2a: Starmie|Starmie|100/100
|switch|p1a: Thundurus|Thundurus-Therian, M|100/100
|
|-weather|RainDance|[upkeep]
|upkeep
|turn|13
|
|switch|p2a: Ferrothorn|Ferrothorn, F|83/100
|switch|p1a: Ferrothorn|Ferrothorn, M|100/100
|
|-weather|RainDance|[upkeep]
|-heal|p2a: Ferrothorn|89/100|[from] item: Leftovers
|upkeep
|turn|14
|
|switch|p1a: Tentacruel|Tentacruel, M|99/100
|move|p2a: Ferrothorn|Stealth Rock|p1a: Tentacruel
|-sidestart|p1: MikeyTapsa|move: Stealth Rock
|
|-weather|RainDance|[upkeep]
|-heal|p1a: Tentacruel|100/100|[from] ability: Rain Dish
|-heal|p2a: Ferrothorn|95/100|[from] item: Leftovers
|upkeep
|turn|15
|
|switch|p2a: Politoed|Politoed, F|83/100
|move|p1a: Tentacruel|Substitute|p1a: Tentacruel
|-start|p1a: Tentacruel|Substitute
|-damage|p1a: Tentacruel|75/100
|
|-weather|RainDance|[upkeep]
|-heal|p1a: Tentacruel|82/100|[from] ability: Rain Dish
|-heal|p1a: Tentacruel|88/100|[from] item: Black Sludge
|upkeep
|turn|16
|
|move|p2a: Politoed|Hidden Power|p1a: Tentacruel
|-supereffective|p1a: Tentacruel
|-end|p1a: Tentacruel|Substitute
|move|p1a: Tentacruel|Rapid Spin|p2a: Politoed
|-damage|p2a: Politoed|79/100
|-sideend|p1: MikeyTapsa|Stealth Rock|[from] move: Rapid Spin|[of] p1a: Tentacruel
|
|-weather|RainDance|[upkeep]
|-heal|p1a: Tentacruel|94/100|[from] ability: Rain Dish
|-heal|p1a: Tentacruel|99/100|[from] item: Black Sludge
|upkeep
|turn|17
|
|switch|p2a: Starmie|Starmie|100/100
|move|p1a: Tentacruel|Substitute|p1a: Tentacruel
|-start|p1a: Tentacruel|Substitute
|-damage|p1a: Tentacruel|75/100
|
|-weather|RainDance|[upkeep]
|-heal|p1a: Tentacruel|81/100|[from] ability: Rain Dish
|-heal|p1a: Tentacruel|87/100|[from] item: Black Sludge
|upkeep
|turn|18
|
|move|p2a: Starmie|Thunder|p1a: Tentacruel
|-supereffective|p1a: Tentacruel
|-crit|p1a: Tentacruel
|-end|p1a: Tentacruel|Substitute
|move|p1a: Tentacruel|Scald|p2a: Starmie
|-resisted|p2a: Starmie
|-damage|p2a: Starmie|74/100
|
|-weather|RainDance|[upkeep]
|-heal|p1a: Tentacruel|93/100|[from] ability: Rain Dish
|-heal|p2a: Starmie|81/100|[from] item: Leftovers
|-heal|p1a: Tentacruel|99/100|[from] item: Black Sludge
|upkeep
|turn|19
|
|switch|p1a: Thundurus|Thundurus-Therian, M|100/100
|move|p2a: Starmie|Hydro Pump|p1a: Thundurus|[miss]
|-miss|p2a: Starmie|p1a: Thundurus
|
|-weather|RainDance|[upkeep]
|-heal|p2a: Starmie|87/100|[from] item: Leftovers
|upkeep
|turn|20
|
|switch|p2a: Toxicroak|Toxicroak, M|100/100
|move|p1a: Thundurus|Thunder|p2a: Toxicroak
|-damage|p2a: Toxicroak|0 fnt
|-damage|p1a: Thundurus|91/100|[from] item: Life Orb
|faint|p2a: Toxicroak
|
|-weather|RainDance|[upkeep]
|upkeep
|
|switch|p2a: Politoed|Politoed, F|79/100
|turn|21
|
|move|p2a: Politoed|Scald|p1a: Thundurus
|-damage|p1a: Thundurus|28/100
|move|p1a: Thundurus|Thunder|p2a: Politoed
|-supereffective|p2a: Politoed
|-damage|p2a: Politoed|0 fnt
|-damage|p1a: Thundurus|19/100|[from] item: Life Orb
|faint|p2a: Politoed
|
|-weather|RainDance|[upkeep]
|upkeep
|
|switch|p2a: Starmie|Starmie|87/100
|turn|22
|
|move|p2a: Starmie|Ice Beam|p1a: Thundurus
|-supereffective|p1a: Thundurus
|-damage|p1a: Thundurus|0 fnt
|faint|p1a: Thundurus
|
|-weather|RainDance|[upkeep]
|-heal|p2a: Starmie|93/100|[from] item: Leftovers
|upkeep
|
|switch|p1a: Tornadus|Tornadus, M|100/100
|turn|23
|
|move|p2a: Starmie|Hydro Pump|p1a: Tornadus|[miss]
|-miss|p2a: Starmie|p1a: Tornadus
|move|p1a: Tornadus|Hurricane|p2a: Starmie
|-damage|p2a: Starmie|0 fnt
|faint|p2a: Starmie
|
|-weather|RainDance|[upkeep]
|upkeep
|c|☆mellrrowe|meant to click thunder
|c|☆mellrrowe|gg
|
|switch|p2a: Garchomp|Garchomp, M|100/100
|turn|24
|
|move|p1a: Tornadus|Hurricane|p2a: Garchomp
|-damage|p2a: Garchomp|0 fnt
|faint|p2a: Garchomp
|
|-weather|RainDance|[upkeep]
|upkeep
|
|switch|p2a: Ferrothorn|Ferrothorn, F|95/100
|turn|25
|
|move|p1a: Tornadus|Hurricane|p2a: Ferrothorn
|-damage|p2a: Ferrothorn|30/100
|move|p2a: Ferrothorn|Stealth Rock|p1a: Tornadus
|-sidestart|p1: MikeyTapsa|move: Stealth Rock
|
|-weather|RainDance|[upkeep]
|-heal|p2a: Ferrothorn|36/100|[from] item: Leftovers
|upkeep
|turn|26
|
|move|p1a: Tornadus|Hurricane|p2a: Ferrothorn
|-crit|p2a: Ferrothorn
|-damage|p2a: Ferrothorn|0 fnt
|faint|p2a: Ferrothorn
|
|-weather|RainDance|[upkeep]
|upkeep
|
|switch|p2a: Tornadus|Tornadus, M|100/100
|turn|27
|
|move|p1a: Tornadus|Hurricane|p2a: Tornadus
|-damage|p2a: Tornadus|0 fnt
|faint|p2a: Tornadus
|
|win|MikeyTapsa
|l|☆mellrrowe
|raw|MikeyTapsa's rating: 1304 &rarr; <strong>1325</strong><br />(+21 for winning)
|raw|mellrrowe's rating: 1320 &rarr; <strong>1300</strong><br />(-20 for losing)
