|j|☆kodaekim
|j|☆BronzongsUnderbell
|t:|1746575443
|gametype|singles
|player|p1|kodaekim|102|1359
|player|p2|BronzongsUnderbell|101|1532
|teamsize|p1|6
|teamsize|p2|6
|gen|5
|tier|[Gen 5] OU
|rated|
|rule|Species Clause: Limit one of each Pokémon
|rule|OHKO Clause: OHKO moves are banned
|rule|Moody Clause: Moody is banned
|rule|Evasion Items Clause: Evasion items are banned
|rule|Evasion Moves Clause: Evasion moves are banned
|rule|Endless Battle Clause: Forcing endless battles is banned
|rule|HP Percentage Mod: HP is shown in percentages
|rule|Evasion Abilities Clause: Evasion abilities are banned
|rule|Sleep Moves Clause: Sleep-inducing moves are banned
|rule|Swagger Clause: Swagger is banned
|rule|Baton Pass Stat Clause: No Baton Passer may have a way to boost its stats
|clearpoke
|poke|p1|Alakazam, F|item
|poke|p1|Skarmory, F|item
|poke|p1|Tyranitar, F|item
|poke|p1|Mamoswine, F|item
|poke|p1|Jellicent, M|item
|poke|p1|Excadrill, M|item
|poke|p2|Cryogonal|item
|poke|p2|Rotom-Heat|item
|poke|p2|Keldeo-Resolute|item
|poke|p2|Dragonite, M|item
|poke|p2|Jirachi|item
|poke|p2|Garchomp, M|item
|teampreview
|inactive|Battle timer is ON: inactive players will automatically lose when time's up. (requested by BronzongsUnderbell)
|
|t:|1746575483
|start
|switch|p1a: Tyranitar|Tyranitar, F|100/100
|switch|p2a: Garchomp|Garchomp, M|100/100
|-weather|Sandstorm|[from] ability: Sand Stream|[of] p1a: Tyranitar
|turn|1
|
|t:|1746575489
|switch|p1a: Mamoswine|Mamoswine, F|100/100
|move|p2a: Garchomp|Stealth Rock|p1a: Mamoswine
|-sidestart|p1: kodaekim|move: Stealth Rock
|
|-weather|Sandstorm|[upkeep]
|upkeep
|turn|2
|
|t:|1746575494
|switch|p2a: Rotom|Rotom-Heat|100/100
|move|p1a: Mamoswine|Earthquake|p2a: Rotom
|-immune|p2a: Rotom|[from] ability: Levitate
|
|-weather|Sandstorm|[upkeep]
|-damage|p2a: Rotom|94/100|[from] Sandstorm
|-heal|p2a: Rotom|100/100|[from] item: Leftovers
|upkeep
|turn|3
|
|t:|1746575501
|switch|p1a: Tyranitar|Tyranitar, F|100/100
|-damage|p1a: Tyranitar|88/100|[from] Stealth Rock
|move|p2a: Rotom|Overheat|p1a: Tyranitar|[miss]
|-miss|p2a: Rotom|p1a: Tyranitar
|
|-weather|Sandstorm|[upkeep]
|-damage|p2a: Rotom|94/100|[from] Sandstorm
|-heal|p2a: Rotom|100/100|[from] item: Leftovers
|upkeep
|turn|4
|
|t:|1746575511
|switch|p1a: Skarmory|Skarmory, F|100/100
|-damage|p1a: Skarmory|88/100|[from] Stealth Rock
|move|p2a: Rotom|Volt Switch|p1a: Skarmory
|-supereffective|p1a: Skarmory
|-damage|p1a: Skarmory|0 fnt
|faint|p1a: Skarmory
|
|t:|1746575529
|switch|p2a: Garchomp|Garchomp, M|100/100|[from] Volt Switch
|
|-weather|Sandstorm|[upkeep]
|upkeep
|
|t:|1746575533
|switch|p1a: Mamoswine|Mamoswine, F|100/100
|-damage|p1a: Mamoswine|88/100|[from] Stealth Rock
|turn|5
|
|t:|1746575536
|switch|p2a: Rotom|Rotom-Heat|100/100
|move|p1a: Mamoswine|Icicle Crash|p2a: Rotom
|-resisted|p2a: Rotom
|-damage|p2a: Rotom|70/100
|
|-weather|Sandstorm|[upkeep]
|-damage|p2a: Rotom|63/100|[from] Sandstorm
|-heal|p2a: Rotom|70/100|[from] item: Leftovers
|upkeep
|turn|6
|
|t:|1746575541
|move|p2a: Rotom|Volt Switch|p1a: Mamoswine
|-immune|p1a: Mamoswine
|move|p1a: Mamoswine|Earthquake|p2a: Rotom
|-immune|p2a: Rotom|[from] ability: Levitate
|
|-weather|Sandstorm|[upkeep]
|-damage|p2a: Rotom|63/100|[from] Sandstorm
|-heal|p2a: Rotom|70/100|[from] item: Leftovers
|upkeep
|turn|7
|
|t:|1746575553
|move|p2a: Rotom|Volt Switch|p1a: Mamoswine
|-immune|p1a: Mamoswine
|move|p1a: Mamoswine|Icicle Crash|p2a: Rotom|[miss]
|-miss|p1a: Mamoswine|p2a: Rotom
|
|-weather|Sandstorm|[upkeep]
|-damage|p2a: Rotom|63/100|[from] Sandstorm
|-heal|p2a: Rotom|70/100|[from] item: Leftovers
|upkeep
|turn|8
|c|☆kodaekim|this is fun i like this
|
|t:|1746575567
|move|p2a: Rotom|Volt Switch|p1a: Mamoswine
|-immune|p1a: Mamoswine
|move|p1a: Mamoswine|Icicle Crash|p2a: Rotom
|-resisted|p2a: Rotom
|-damage|p2a: Rotom|34/100
|
|-weather|Sandstorm|[upkeep]
|-damage|p2a: Rotom|28/100|[from] Sandstorm
|-heal|p2a: Rotom|34/100|[from] item: Leftovers
|upkeep
|turn|9
|
|t:|1746575573
|switch|p1a: Tyranitar|Tyranitar, F|88/100
|-damage|p1a: Tyranitar|76/100|[from] Stealth Rock
|move|p2a: Rotom|Pain Split|p1a: Tyranitar
|-sethp|p1a: Tyranitar|50/100|[from] move: Pain Split|[silent]
|-sethp|p2a: Rotom|71/100|[from] move: Pain Split
|
|-weather|Sandstorm|[upkeep]
|-damage|p2a: Rotom|65/100|[from] Sandstorm
|-heal|p2a: Rotom|71/100|[from] item: Leftovers
|upkeep
|turn|10
|
|t:|1746575576
|move|p2a: Rotom|Volt Switch|p1a: Tyranitar
|-damage|p1a: Tyranitar|37/100
|
|t:|1746575580
|switch|p2a: Keldeo|Keldeo-Resolute|100/100|[from] Volt Switch
|move|p1a: Tyranitar|Crunch|p2a: Keldeo
|-resisted|p2a: Keldeo
|-damage|p2a: Keldeo|79/100
|-unboost|p2a: Keldeo|def|1
|-ability|p2a: Keldeo|Justified|boost
|-boost|p2a: Keldeo|atk|1
|
|-weather|Sandstorm|[upkeep]
|-damage|p2a: Keldeo|73/100|[from] Sandstorm
|-heal|p2a: Keldeo|79/100|[from] item: Leftovers
|upkeep
|turn|11
|
|t:|1746575588
|move|p2a: Keldeo|Secret Sword|p1a: Tyranitar
|-supereffective|p1a: Tyranitar
|-crit|p1a: Tyranitar
|-enditem|p1a: Tyranitar|Chople Berry|[eat]
|-enditem|p1a: Tyranitar|Chople Berry|[weaken]
|-damage|p1a: Tyranitar|0 fnt
|faint|p1a: Tyranitar
|
|-weather|Sandstorm|[upkeep]
|-damage|p2a: Keldeo|73/100|[from] Sandstorm
|-heal|p2a: Keldeo|79/100|[from] item: Leftovers
|upkeep
|
|t:|1746575591
|switch|p1a: Alakazam|Alakazam, F|100/100
|turn|12
|
|t:|1746575597
|switch|p2a: Jirachi|Jirachi|100/100
|move|p1a: Alakazam|Hidden Power|p2a: Jirachi
|-supereffective|p2a: Jirachi
|-damage|p2a: Jirachi|44/100
|
|-weather|Sandstorm|[upkeep]
|upkeep
|turn|13
|
|t:|1746575603
|move|p2a: Jirachi|U-turn|p1a: Alakazam
|-supereffective|p1a: Alakazam
|-damage|p1a: Alakazam|18/100
|
|t:|1746575617
|switch|p2a: Cryogonal|Cryogonal|100/100|[from] U-turn
|move|p1a: Alakazam|Hidden Power|p2a: Cryogonal
|-supereffective|p2a: Cryogonal
|-damage|p2a: Cryogonal|49/100
|
|-weather|Sandstorm|[upkeep]
|-damage|p2a: Cryogonal|43/100|[from] Sandstorm
|-heal|p2a: Cryogonal|49/100|[from] item: Leftovers
|upkeep
|turn|14
|
|t:|1746575627
|switch|p2a: Dragonite|Dragonite, M|100/100
|move|p1a: Alakazam|Hidden Power|p2a: Dragonite
|-resisted|p2a: Dragonite
|-damage|p2a: Dragonite|93/100
|
|-weather|Sandstorm|[upkeep]
|-damage|p2a: Dragonite|87/100|[from] Sandstorm
|upkeep
|turn|15
|
|t:|1746575630
|switch|p1a: Jellicent|Jellicent, M|100/100
|-damage|p1a: Jellicent|88/100|[from] Stealth Rock
|-item|p1a: Jellicent|Air Balloon
|move|p2a: Dragonite|Extreme Speed|p1a: Jellicent
|-immune|p1a: Jellicent
|
|-weather|Sandstorm|[upkeep]
|-damage|p2a: Dragonite|80/100|[from] Sandstorm
|-damage|p1a: Jellicent|82/100|[from] Sandstorm
|upkeep
|turn|16
|
|t:|1746575637
|move|p2a: Dragonite|Dragon Dance|p2a: Dragonite
|-boost|p2a: Dragonite|atk|1
|-boost|p2a: Dragonite|spe|1
|move|p1a: Jellicent|Night Shade|p2a: Dragonite
|-damage|p2a: Dragonite|49/100
|
|-weather|Sandstorm|[upkeep]
|-damage|p2a: Dragonite|43/100|[from] Sandstorm
|-damage|p1a: Jellicent|76/100|[from] Sandstorm
|upkeep
|turn|17
|
|t:|1746575642
|move|p2a: Dragonite|Fire Punch|p1a: Jellicent
|-resisted|p1a: Jellicent
|-damage|p1a: Jellicent|58/100
|-enditem|p1a: Jellicent|Air Balloon
|move|p1a: Jellicent|Will-O-Wisp|p2a: Dragonite|[miss]
|-miss|p1a: Jellicent|p2a: Dragonite
|
|-weather|Sandstorm|[upkeep]
|-damage|p2a: Dragonite|37/100|[from] Sandstorm
|-damage|p1a: Jellicent|52/100|[from] Sandstorm
|upkeep
|turn|18
|
|t:|1746575646
|move|p2a: Dragonite|Outrage|p1a: Jellicent
|-damage|p1a: Jellicent|0 fnt
|faint|p1a: Jellicent
|
|-weather|Sandstorm|[upkeep]
|-damage|p2a: Dragonite|31/100|[from] Sandstorm
|upkeep
|
|t:|1746575649
|switch|p1a: Mamoswine|Mamoswine, F|88/100
|-damage|p1a: Mamoswine|76/100|[from] Stealth Rock
|turn|19
|
|t:|1746575651
|move|p1a: Mamoswine|Ice Shard|p2a: Dragonite
|-supereffective|p2a: Dragonite
|-damage|p2a: Dragonite|0 fnt
|faint|p2a: Dragonite
|
|-weather|Sandstorm|[upkeep]
|upkeep
|
|t:|1746575653
|switch|p2a: Rotom|Rotom-Heat|71/100
|turn|20
|
|t:|1746575663
|move|p2a: Rotom|Overheat|p1a: Mamoswine
|-supereffective|p1a: Mamoswine
|-damage|p1a: Mamoswine|0 fnt
|-unboost|p2a: Rotom|spa|2
|faint|p1a: Mamoswine
|
|-weather|Sandstorm|[upkeep]
|-damage|p2a: Rotom|65/100|[from] Sandstorm
|-heal|p2a: Rotom|71/100|[from] item: Leftovers
|upkeep
|
|t:|1746575666
|switch|p1a: Alakazam|Alakazam, F|18/100
|turn|21
|
|t:|1746575679
|switch|p2a: Cryogonal|Cryogonal|49/100
|move|p1a: Alakazam|Psychic|p2a: Cryogonal
|-damage|p2a: Cryogonal|1/100
|
|-weather|Sandstorm|[upkeep]
|-damage|p2a: Cryogonal|0 fnt|[from] Sandstorm
|faint|p2a: Cryogonal
|upkeep
|
|t:|1746575680
|switch|p2a: Jirachi|Jirachi|44/100
|turn|22
|
|t:|1746575684
|switch|p1a: Excadrill|Excadrill, M|100/100
|-damage|p1a: Excadrill|97/100|[from] Stealth Rock
|move|p2a: Jirachi|U-turn|p1a: Excadrill
|-resisted|p1a: Excadrill
|-damage|p1a: Excadrill|85/100
|
|t:|1746575687
|switch|p2a: Garchomp|Garchomp, M|100/100|[from] U-turn
|
|-weather|Sandstorm|[upkeep]
|upkeep
|turn|23
|
|t:|1746575691
|move|p1a: Excadrill|Earthquake|p2a: Garchomp
|-damage|p2a: Garchomp|29/100
|move|p2a: Garchomp|Earthquake|p1a: Excadrill
|-supereffective|p1a: Excadrill
|-damage|p1a: Excadrill|0 fnt
|faint|p1a: Excadrill
|
|-weather|Sandstorm|[upkeep]
|upkeep
|
|t:|1746575693
|switch|p1a: Alakazam|Alakazam, F|18/100
|turn|24
|
|t:|1746575695
|move|p1a: Alakazam|Psychic|p2a: Garchomp
|-damage|p2a: Garchomp|0 fnt
|faint|p2a: Garchomp
|
|-weather|Sandstorm|[upkeep]
|upkeep
|
|t:|1746575697
|switch|p2a: Jirachi|Jirachi|44/100
|turn|25
|
|t:|1746575699
|move|p2a: Jirachi|U-turn|p1a: Alakazam
|-supereffective|p1a: Alakazam
|-damage|p1a: Alakazam|0 fnt
|faint|p1a: Alakazam
|
|win|BronzongsUnderbell
|raw|kodaekim's rating: 1359 &rarr; <strong>1348</strong><br />(-11 for losing)
|raw|BronzongsUnderbell's rating: 1532 &rarr; <strong>1543</strong><br />(+11 for winning)
|l|☆kodaekim
|player|p1|
