|j|☆WeR#4Hay!
|j|☆MonoMigui
|t:|1740939106
|gametype|singles
|player|p1|WeR#4Hay!|101|1290
|player|p2|MonoMigui|hoopster|1336
|teamsize|p1|6
|teamsize|p2|6
|gen|5
|tier|[Gen 5] OU
|rated|
|rule|Species Clause: Limit one of each Pokémon
|rule|OHKO Clause: OHKO moves are banned
|rule|Moody Clause: Moody is banned
|rule|Evasion Items Clause: Evasion items are banned
|rule|Evasion Moves Clause: Evasion moves are banned
|rule|Endless Battle Clause: Forcing endless battles is banned
|rule|HP Percentage Mod: HP is shown in percentages
|rule|Evasion Abilities Clause: Evasion abilities are banned
|rule|Sleep Moves Clause: Sleep-inducing moves are banned
|rule|Swagger Clause: Swagger is banned
|rule|Baton Pass Stat Clause: No Baton Passer may have a way to boost its stats
|clearpoke
|poke|p1|Breloom, M|item
|poke|p1|Heatran, M|item
|poke|p1|Rotom-Wash|item
|poke|p1|Jirachi|item
|poke|p1|Latias, F|item
|poke|p1|Landorus-Therian, M|item
|poke|p2|Abomasnow, M|item
|poke|p2|Garchomp, M|item
|poke|p2|Metagross|item
|poke|p2|Starmie|item
|poke|p2|Dragonite, M|item
|poke|p2|Latios, M|item
|teampreview
|
|t:|1740939120
|start
|switch|p1a: Takeshi Maenami|Heatran, M|100/100
|switch|p2a: Klaus Schwab|Metagross|100/100
|-item|p1a: Takeshi Maenami|Air Balloon
|turn|1
|
|t:|1740939128
|move|p1a: Takeshi Maenami|Lava Plume|p2a: Klaus Schwab
|-supereffective|p2a: Klaus Schwab
|-damage|p2a: Klaus Schwab|13/100
|move|p2a: Klaus Schwab|Hammer Arm|p1a: Takeshi Maenami
|-supereffective|p1a: Takeshi Maenami
|-damage|p1a: Takeshi Maenami|28/100
|-unboost|p2a: Klaus Schwab|spe|1
|-enditem|p1a: Takeshi Maenami|Air Balloon
|
|upkeep
|turn|2
|
|t:|1740939137
|switch|p2a: Ben Laden|Starmie|100/100
|-item|p2a: Ben Laden|Air Balloon
|move|p1a: Takeshi Maenami|Lava Plume|p2a: Ben Laden
|-resisted|p2a: Ben Laden
|-damage|p2a: Ben Laden|67/100
|-enditem|p2a: Ben Laden|Air Balloon
|
|upkeep
|turn|3
|
|t:|1740939143
|switch|p1a: Aito Ohashi|Rotom-Wash|100/100
|move|p2a: Ben Laden|Hydro Pump|p1a: Aito Ohashi
|-resisted|p1a: Aito Ohashi
|-damage|p1a: Aito Ohashi|67/100
|
|-heal|p1a: Aito Ohashi|73/100|[from] item: Leftovers
|upkeep
|turn|4
|
|t:|1740939150
|switch|p2a: Xi Jinping|Latios, M|100/100
|move|p1a: Aito Ohashi|Volt Switch|p2a: Xi Jinping
|-resisted|p2a: Xi Jinping
|-damage|p2a: Xi Jinping|87/100
|
|t:|1740939155
|switch|p1a: Satoshi Nakano|Jirachi|100/100|[from] Volt Switch
|
|upkeep
|turn|5
|
|t:|1740939159
|switch|p2a: Klaus Schwab|Metagross|13/100
|move|p1a: Satoshi Nakano|Stealth Rock|p2a: Klaus Schwab
|-sidestart|p2: MonoMigui|move: Stealth Rock
|
|upkeep
|turn|6
|
|t:|1740939162
|move|p1a: Satoshi Nakano|U-turn|p2a: Klaus Schwab
|-damage|p2a: Klaus Schwab|1/100
|
|t:|1740939167
|switch|p1a: Takeshi Maenami|Heatran, M|28/100|[from] U-turn
|move|p2a: Klaus Schwab|Stealth Rock|p1a: Takeshi Maenami
|-sidestart|p1: WeR#4Hay!|move: Stealth Rock
|
|upkeep
|turn|7
|
|t:|1740939171
|move|p1a: Takeshi Maenami|Lava Plume|p2a: Klaus Schwab
|-supereffective|p2a: Klaus Schwab
|-damage|p2a: Klaus Schwab|0 fnt
|faint|p2a: Klaus Schwab
|
|upkeep
|
|t:|1740939175
|switch|p2a: Ben Laden|Starmie|67/100
|-damage|p2a: Ben Laden|55/100|[from] Stealth Rock
|turn|8
|
|t:|1740939182
|switch|p1a: Aito Ohashi|Rotom-Wash|73/100
|-damage|p1a: Aito Ohashi|61/100|[from] Stealth Rock
|move|p2a: Ben Laden|Hydro Pump|p1a: Aito Ohashi
|-resisted|p1a: Aito Ohashi
|-damage|p1a: Aito Ohashi|28/100
|
|-heal|p1a: Aito Ohashi|34/100|[from] item: Leftovers
|upkeep
|turn|9
|
|t:|1740939189
|move|p2a: Ben Laden|Rapid Spin|p1a: Aito Ohashi
|-damage|p1a: Aito Ohashi|32/100
|-sideend|p2: MonoMigui|Stealth Rock|[from] move: Rapid Spin|[of] p2a: Ben Laden
|move|p1a: Aito Ohashi|Volt Switch|p2a: Ben Laden
|-supereffective|p2a: Ben Laden
|-damage|p2a: Ben Laden|0 fnt
|faint|p2a: Ben Laden
|
|t:|1740939202
|switch|p1a: Hanako Ueda|Latias, F|100/100|[from] Volt Switch
|-damage|p1a: Hanako Ueda|88/100|[from] Stealth Rock
|
|upkeep
|
|t:|1740939207
|switch|p2a: Kim Jong-Un|Abomasnow, M|100/100
|-weather|Hail|[from] ability: Snow Warning|[of] p2a: Kim Jong-Un
|turn|10
|
|t:|1740939211
|switch|p1a: Satoshi Nakano|Jirachi|100/100
|-damage|p1a: Satoshi Nakano|94/100|[from] Stealth Rock
|move|p2a: Kim Jong-Un|Blizzard|p1a: Satoshi Nakano
|-resisted|p1a: Satoshi Nakano
|-damage|p1a: Satoshi Nakano|78/100
|
|-weather|Hail|[upkeep]
|-damage|p1a: Satoshi Nakano|72/100|[from] Hail
|upkeep
|turn|11
|
|t:|1740939219
|switch|p2a: Bill Gates|Garchomp, M, shiny|100/100
|move|p1a: Satoshi Nakano|Stealth Rock|p2a: Bill Gates
|-sidestart|p2: MonoMigui|move: Stealth Rock
|
|-weather|Hail|[upkeep]
|-damage|p2a: Bill Gates|94/100|[from] Hail
|-damage|p1a: Satoshi Nakano|66/100|[from] Hail
|upkeep
|turn|12
|
|t:|1740939238
|switch|p1a: Aito Ohashi|Rotom-Wash|32/100
|-damage|p1a: Aito Ohashi|19/100|[from] Stealth Rock
|move|p2a: Bill Gates|Outrage|p1a: Aito Ohashi
|-damage|p1a: Aito Ohashi|0 fnt
|faint|p1a: Aito Ohashi
|
|-weather|Hail|[upkeep]
|-damage|p2a: Bill Gates|88/100|[from] Hail
|upkeep
|
|t:|1740939243
|switch|p1a: Yusuke Oshida|Landorus-Therian, M|100/100
|-damage|p1a: Yusuke Oshida|88/100|[from] Stealth Rock
|-ability|p1a: Yusuke Oshida|Intimidate|boost
|-unboost|p2a: Bill Gates|atk|1
|turn|13
|
|t:|1740939248
|move|p2a: Bill Gates|Outrage|p1a: Yusuke Oshida|[from] lockedmove
|-damage|p1a: Yusuke Oshida|47/100
|-start|p2a: Bill Gates|confusion|[fatigue]
|move|p1a: Yusuke Oshida|Hidden Power|p2a: Bill Gates
|-supereffective|p2a: Bill Gates
|-damage|p2a: Bill Gates|20/100
|
|-weather|Hail|[upkeep]
|-damage|p2a: Bill Gates|14/100|[from] Hail
|-damage|p1a: Yusuke Oshida|41/100|[from] Hail
|upkeep
|turn|14
|
|t:|1740939264
|switch|p2a: Kim Jong-Un|Abomasnow, M|100/100
|-damage|p2a: Kim Jong-Un|76/100|[from] Stealth Rock
|move|p1a: Yusuke Oshida|Hidden Power|p2a: Kim Jong-Un
|-damage|p2a: Kim Jong-Un|56/100
|
|-weather|Hail|[upkeep]
|-damage|p1a: Yusuke Oshida|34/100|[from] Hail
|upkeep
|turn|15
|
|t:|1740939279
|switch|p1a: Takeshi Maenami|Heatran, M|28/100
|-damage|p1a: Takeshi Maenami|16/100|[from] Stealth Rock
|move|p2a: Kim Jong-Un|Blizzard|p1a: Takeshi Maenami
|-resisted|p1a: Takeshi Maenami
|-crit|p1a: Takeshi Maenami
|-damage|p1a: Takeshi Maenami|0 fnt
|faint|p1a: Takeshi Maenami
|
|-weather|Hail|[upkeep]
|upkeep
|
|t:|1740939284
|switch|p1a: Masaaki Iwane|Breloom, M|100/100
|-damage|p1a: Masaaki Iwane|94/100|[from] Stealth Rock
|turn|16
|
|t:|1740939291
|switch|p2a: Xi Jinping|Latios, M|87/100
|-damage|p2a: Xi Jinping|74/100|[from] Stealth Rock
|move|p1a: Masaaki Iwane|Mach Punch|p2a: Xi Jinping
|-resisted|p2a: Xi Jinping
|-damage|p2a: Xi Jinping|38/100
|
|-weather|Hail|[upkeep]
|-damage|p2a: Xi Jinping|32/100|[from] Hail
|-damage|p1a: Masaaki Iwane|88/100|[from] Hail
|upkeep
|turn|17
|
|t:|1740939299
|move|p1a: Masaaki Iwane|Mach Punch|p2a: Xi Jinping
|-resisted|p2a: Xi Jinping
|-damage|p2a: Xi Jinping|0 fnt
|faint|p2a: Xi Jinping
|
|-weather|Hail|[upkeep]
|-damage|p1a: Masaaki Iwane|82/100|[from] Hail
|upkeep
|
|t:|1740939301
|switch|p2a: Donald Trump|Dragonite, M|100/100
|-damage|p2a: Donald Trump|76/100|[from] Stealth Rock
|turn|18
|
|t:|1740939363
|switch|p1a: Hanako Ueda|Latias, F|88/100
|-damage|p1a: Hanako Ueda|76/100|[from] Stealth Rock
|move|p2a: Donald Trump|Dragon Dance|p2a: Donald Trump
|-boost|p2a: Donald Trump|atk|1
|-boost|p2a: Donald Trump|spe|1
|
|-weather|Hail|[upkeep]
|-damage|p2a: Donald Trump|70/100|[from] Hail
|-damage|p1a: Hanako Ueda|70/100|[from] Hail
|upkeep
|turn|19
|
|t:|1740939396
|move|p2a: Donald Trump|Outrage|p1a: Hanako Ueda
|-supereffective|p1a: Hanako Ueda
|-damage|p1a: Hanako Ueda|0 fnt
|faint|p1a: Hanako Ueda
|
|-weather|Hail|[upkeep]
|-damage|p2a: Donald Trump|63/100|[from] Hail
|upkeep
|
|t:|1740939400
|switch|p1a: Yusuke Oshida|Landorus-Therian, M|34/100
|-damage|p1a: Yusuke Oshida|22/100|[from] Stealth Rock
|-ability|p1a: Yusuke Oshida|Intimidate|boost
|-unboost|p2a: Donald Trump|atk|1
|turn|20
|
|t:|1740939403
|move|p1a: Yusuke Oshida|Hidden Power|p2a: Donald Trump
|-supereffective|p2a: Donald Trump
|-damage|p2a: Donald Trump|0 fnt
|faint|p2a: Donald Trump
|
|-weather|Hail|[upkeep]
|-damage|p1a: Yusuke Oshida|16/100|[from] Hail
|upkeep
|c|☆WeR#4Hay!|gg
|
|t:|1740939418
|switch|p2a: Kim Jong-Un|Abomasnow, M|56/100
|-damage|p2a: Kim Jong-Un|31/100|[from] Stealth Rock
|turn|21
|
|t:|1740939434
|switch|p1a: Satoshi Nakano|Jirachi|66/100
|-damage|p1a: Satoshi Nakano|59/100|[from] Stealth Rock
|move|p2a: Kim Jong-Un|Blizzard|p1a: Satoshi Nakano
|-resisted|p1a: Satoshi Nakano
|-damage|p1a: Satoshi Nakano|43/100
|
|-weather|Hail|[upkeep]
|-damage|p1a: Satoshi Nakano|37/100|[from] Hail
|upkeep
|turn|22
|
|t:|1740939441
|move|p2a: Kim Jong-Un|Earthquake|p1a: Satoshi Nakano
|-supereffective|p1a: Satoshi Nakano
|-enditem|p1a: Satoshi Nakano|Shuca Berry|[eat]
|-enditem|p1a: Satoshi Nakano|Shuca Berry|[weaken]
|-damage|p1a: Satoshi Nakano|17/100
|move|p1a: Satoshi Nakano|U-turn|p2a: Kim Jong-Un
|-supereffective|p2a: Kim Jong-Un
|-damage|p2a: Kim Jong-Un|0 fnt
|faint|p2a: Kim Jong-Un
|
|t:|1740939447
|switch|p1a: Yusuke Oshida|Landorus-Therian, M|16/100|[from] U-turn
|-damage|p1a: Yusuke Oshida|3/100|[from] Stealth Rock
|
|-weather|Hail|[upkeep]
|-damage|p1a: Yusuke Oshida|0 fnt|[from] Hail
|faint|p1a: Yusuke Oshida
|upkeep
|
|t:|1740939454
|switch|p1a: Masaaki Iwane|Breloom, M|82/100
|switch|p2a: Bill Gates|Garchomp, M, shiny|14/100
|-damage|p2a: Bill Gates|8/100|[from] Stealth Rock
|-damage|p1a: Masaaki Iwane|76/100|[from] Stealth Rock
|turn|23
|c|☆MonoMigui|gg
|
|t:|1740939466
|move|p1a: Masaaki Iwane|Mach Punch|p2a: Bill Gates
|-damage|p2a: Bill Gates|0 fnt
|-damage|p1a: Masaaki Iwane|64/100|[from] ability: Rough Skin|[of] p2a: Bill Gates
|faint|p2a: Bill Gates
|
|win|WeR#4Hay!
|raw|WeR#4Hay!'s rating: 1290 &rarr; <strong>1318</strong><br />(+28 for winning)
|raw|MonoMigui's rating: 1336 &rarr; <strong>1313</strong><br />(-23 for losing)
