|j|☆Blobstermob
|j|☆Crimsonbacon38
|t:|1726873716
|gametype|singles
|player|p1|Blobstermob|lucas|1309
|player|p2|Crimsonbacon38|barry|1388
|teamsize|p1|6
|teamsize|p2|6
|gen|5
|tier|[Gen 5] OU
|rated|
|rule|Species Clause: Limit one of each Pokémon
|rule|OHKO Clause: OHKO moves are banned
|rule|Moody Clause: Moody is banned
|rule|Evasion Items Clause: Evasion items are banned
|rule|Evasion Moves Clause: Evasion moves are banned
|rule|Endless Battle Clause: Forcing endless battles is banned
|rule|HP Percentage Mod: HP is shown in percentages
|rule|Evasion Abilities Clause: Evasion abilities are banned
|rule|Sleep Moves Clause: Sleep-inducing moves are banned
|rule|Swagger Clause: Swagger is banned
|rule|Baton Pass Stat Clause: No Baton Passer may have a way to boost its stats
|clearpoke
|poke|p1|Politoed, F|item
|poke|p1|Tentacruel, F|item
|poke|p1|Lapras, M|item
|poke|p1|Thundurus-Therian, M|item
|poke|p1|Bronzong|item
|poke|p1|Chansey, F|item
|poke|p2|Abomasnow, F|item
|poke|p2|Garchomp, M|item
|poke|p2|Forretress, M|item
|poke|p2|Latios, M|item
|poke|p2|Scizor, M|item
|poke|p2|Reuniclus, M|item
|teampreview
|inactive|Battle timer is ON: inactive players will automatically lose when time's up. (requested by Blobstermob)
|c|☆Crimsonbacon38|Glhf
|
|t:|1726873729
|start
|switch|p1a: Politoed|Politoed, F|100/100
|switch|p2a: Abomasnow|Abomasnow, F|100/100
|-weather|Hail|[from] ability: Snow Warning|[of] p2a: Abomasnow
|-weather|RainDance|[from] ability: Drizzle|[of] p1a: Politoed
|turn|1
|
|t:|1726873737
|switch|p1a: Bronzong|Bronzong|100/100
|move|p2a: Abomasnow|Wood Hammer|p1a: Bronzong
|-resisted|p1a: Bronzong
|-damage|p1a: Bronzong|77/100
|-damage|p2a: Abomasnow|94/100|[from] Recoil
|
|-weather|RainDance|[upkeep]
|upkeep
|turn|2
|
|t:|1726873742
|switch|p2a: Forretress|Forretress, M|100/100
|move|p1a: Bronzong|Trick|p2a: Forretress
|-activate|p1a: Bronzong|move: Trick|[of] p2a: Forretress
|-item|p2a: Forretress|Choice Scarf|[from] move: Trick
|-item|p1a: Bronzong|Leftovers|[from] move: Trick
|
|-weather|RainDance|[upkeep]
|-heal|p1a: Bronzong|83/100|[from] item: Leftovers
|upkeep
|turn|3
|
|t:|1726873754
|move|p2a: Forretress|Spikes|p1a: Bronzong
|-sidestart|p1: Blobstermob|Spikes
|move|p1a: Bronzong|Stealth Rock|p2a: Forretress
|-sidestart|p2: Crimsonbacon38|move: Stealth Rock
|
|-weather|RainDance|[upkeep]
|-heal|p1a: Bronzong|89/100|[from] item: Leftovers
|upkeep
|turn|4
|
|t:|1726873758
|switch|p2a: Garchomp|Garchomp, M|100/100
|-damage|p2a: Garchomp|94/100|[from] Stealth Rock
|switch|p1a: Tentacruel|Tentacruel, F|100/100
|-damage|p1a: Tentacruel|88/100|[from] Spikes
|
|-weather|RainDance|[upkeep]
|-heal|p1a: Tentacruel|94/100|[from] ability: Rain Dish
|-heal|p2a: Garchomp|100/100|[from] item: Leftovers
|-heal|p1a: Tentacruel|99/100|[from] item: Black Sludge
|upkeep
|turn|5
|
|t:|1726873767
|move|p1a: Tentacruel|Protect|p1a: Tentacruel
|-singleturn|p1a: Tentacruel|Protect
|move|p2a: Garchomp|Earthquake|p1a: Tentacruel
|-activate|p1a: Tentacruel|move: Protect
|
|-weather|RainDance|[upkeep]
|-heal|p1a: Tentacruel|100/100|[from] ability: Rain Dish
|upkeep
|turn|6
|
|t:|1726873774
|switch|p1a: Bronzong|Bronzong|89/100
|move|p2a: Garchomp|Stealth Rock|p1a: Bronzong
|-sidestart|p1: Blobstermob|move: Stealth Rock
|
|-weather|RainDance|[upkeep]
|-heal|p1a: Bronzong|95/100|[from] item: Leftovers
|upkeep
|turn|7
|
|t:|1726873783
|switch|p2a: Forretress|Forretress, M|100/100
|-damage|p2a: Forretress|88/100|[from] Stealth Rock
|move|p1a: Bronzong|Gyro Ball|p2a: Forretress
|-resisted|p2a: Forretress
|-damage|p2a: Forretress|81/100
|
|-weather|RainDance|[upkeep]
|-heal|p1a: Bronzong|100/100|[from] item: Leftovers
|upkeep
|turn|8
|
|t:|1726873790
|switch|p1a: Tentacruel|Tentacruel, F|100/100
|-damage|p1a: Tentacruel|88/100|[from] Spikes
|-damage|p1a: Tentacruel|76/100|[from] Stealth Rock
|move|p2a: Forretress|Rapid Spin|p1a: Tentacruel
|-crit|p1a: Tentacruel
|-damage|p1a: Tentacruel|64/100
|-sideend|p2: Crimsonbacon38|Stealth Rock|[from] move: Rapid Spin|[of] p2a: Forretress
|
|-weather|RainDance|[upkeep]
|-heal|p1a: Tentacruel|70/100|[from] ability: Rain Dish
|-heal|p1a: Tentacruel|76/100|[from] item: Black Sludge
|upkeep
|turn|9
|
|t:|1726873793
|switch|p2a: Abomasnow|Abomasnow, F|94/100
|-weather|Hail|[from] ability: Snow Warning|[of] p2a: Abomasnow
|move|p1a: Tentacruel|Rapid Spin|p2a: Abomasnow
|-damage|p2a: Abomasnow|91/100
|-sideend|p1: Blobstermob|Spikes|[from] move: Rapid Spin|[of] p1a: Tentacruel
|-sideend|p1: Blobstermob|Stealth Rock|[from] move: Rapid Spin|[of] p1a: Tentacruel
|
|-weather|Hail|[upkeep]
|-damage|p1a: Tentacruel|70/100|[from] Hail
|-heal|p1a: Tentacruel|76/100|[from] item: Black Sludge
|upkeep
|turn|10
|
|t:|1726873800
|switch|p2a: Garchomp|Garchomp, M|100/100
|move|p1a: Tentacruel|Protect||[still]
|-fail|p1a: Tentacruel
|
|-weather|Hail|[upkeep]
|-damage|p2a: Garchomp|94/100|[from] Hail
|-damage|p1a: Tentacruel|70/100|[from] Hail
|-heal|p2a: Garchomp|100/100|[from] item: Leftovers
|-heal|p1a: Tentacruel|76/100|[from] item: Black Sludge
|upkeep
|turn|11
|
|t:|1726873806
|switch|p1a: Politoed|Politoed, F|100/100
|-weather|RainDance|[from] ability: Drizzle|[of] p1a: Politoed
|move|p2a: Garchomp|Stealth Rock|p1a: Politoed
|-sidestart|p1: Blobstermob|move: Stealth Rock
|
|-weather|RainDance|[upkeep]
|upkeep
|turn|12
|
|t:|1726873811
|switch|p2a: Abomasnow|Abomasnow, F|91/100
|-weather|Hail|[from] ability: Snow Warning|[of] p2a: Abomasnow
|move|p1a: Politoed|Scald|p2a: Abomasnow
|-resisted|p2a: Abomasnow
|-damage|p2a: Abomasnow|76/100
|-status|p2a: Abomasnow|brn
|
|-weather|Hail|[upkeep]
|-damage|p1a: Politoed|94/100|[from] Hail
|-heal|p1a: Politoed|100/100|[from] item: Leftovers
|-damage|p2a: Abomasnow|64/100 brn|[from] brn
|upkeep
|turn|13
|
|t:|1726873823
|move|p1a: Politoed|Protect|p1a: Politoed
|-singleturn|p1a: Politoed|Protect
|move|p2a: Abomasnow|Leech Seed|p1a: Politoed
|-activate|p1a: Politoed|move: Protect
|
|-weather|Hail|[upkeep]
|-damage|p1a: Politoed|94/100|[from] Hail
|-heal|p1a: Politoed|100/100|[from] item: Leftovers
|-damage|p2a: Abomasnow|52/100 brn|[from] brn
|upkeep
|turn|14
|inactive|Crimsonbacon38 has 120 seconds left.
|
|t:|1726873860
|move|p2a: Abomasnow|Leech Seed|p1a: Politoed
|-start|p1a: Politoed|move: Leech Seed
|move|p1a: Politoed|Scald|p2a: Abomasnow
|-resisted|p2a: Abomasnow
|-damage|p2a: Abomasnow|38/100 brn
|
|-weather|Hail|[upkeep]
|-damage|p1a: Politoed|94/100|[from] Hail
|-heal|p1a: Politoed|100/100|[from] item: Leftovers
|-damage|p1a: Politoed|88/100|[from] Leech Seed|[of] p2a: Abomasnow
|-heal|p2a: Abomasnow|52/100 brn|[silent]
|-damage|p2a: Abomasnow|39/100 brn|[from] brn
|upkeep
|turn|15
|inactive|Crimsonbacon38 has 120 seconds left.
|
|t:|1726873871
|switch|p2a: Forretress|Forretress, M|81/100
|move|p1a: Politoed|Encore||[still]
|-fail|p1a: Politoed
|
|-weather|Hail|[upkeep]
|-damage|p1a: Politoed|82/100|[from] Hail
|-heal|p1a: Politoed|88/100|[from] item: Leftovers
|-damage|p1a: Politoed|75/100|[from] Leech Seed|[of] p2a: Forretress
|-heal|p2a: Forretress|95/100|[silent]
|upkeep
|turn|16
|
|t:|1726873876
|switch|p1a: Tentacruel|Tentacruel, F|76/100
|-damage|p1a: Tentacruel|64/100|[from] Stealth Rock
|move|p2a: Forretress|Volt Switch|p1a: Tentacruel
|-supereffective|p1a: Tentacruel
|-damage|p1a: Tentacruel|45/100
|inactive|Crimsonbacon38 has 120 seconds left.
|
|t:|1726873892
|switch|p2a: Garchomp|Garchomp, M|100/100|[from] Volt Switch
|
|-weather|Hail|[upkeep]
|-damage|p2a: Garchomp|94/100|[from] Hail
|-damage|p1a: Tentacruel|39/100|[from] Hail
|-heal|p2a: Garchomp|100/100|[from] item: Leftovers
|-heal|p1a: Tentacruel|45/100|[from] item: Black Sludge
|upkeep
|turn|17
|inactive|Crimsonbacon38 has 120 seconds left.
|
|t:|1726873898
|switch|p1a: Politoed|Politoed, F|75/100
|-damage|p1a: Politoed|63/100|[from] Stealth Rock
|-weather|RainDance|[from] ability: Drizzle|[of] p1a: Politoed
|move|p2a: Garchomp|Earthquake|p1a: Politoed
|-damage|p1a: Politoed|24/100
|
|-weather|RainDance|[upkeep]
|-heal|p1a: Politoed|31/100|[from] item: Leftovers
|upkeep
|turn|18
|
|t:|1726873906
|move|p2a: Garchomp|Earthquake|p1a: Politoed
|-damage|p1a: Politoed|0 fnt
|faint|p1a: Politoed
|
|-weather|RainDance|[upkeep]
|upkeep
|
|t:|1726873910
|switch|p1a: Thundurus|Thundurus-Therian, M|100/100
|-damage|p1a: Thundurus|76/100|[from] Stealth Rock
|turn|19
|
|t:|1726873917
|move|p2a: Garchomp|Outrage|p1a: Thundurus
|-damage|p1a: Thundurus|0 fnt
|faint|p1a: Thundurus
|
|-weather|RainDance|[upkeep]
|upkeep
|
|t:|1726873921
|switch|p1a: Bronzong|Bronzong|100/100
|-damage|p1a: Bronzong|94/100|[from] Stealth Rock
|turn|20
|
|t:|1726873922
|move|p2a: Garchomp|Outrage|p1a: Bronzong|[from]lockedmove
|-resisted|p1a: Bronzong
|-damage|p1a: Bronzong|66/100
|-start|p2a: Garchomp|confusion|[fatigue]
|move|p1a: Bronzong|Gyro Ball|p2a: Garchomp
|-damage|p2a: Garchomp|59/100
|-damage|p1a: Bronzong|54/100|[from] ability: Rough Skin|[of] p2a: Garchomp
|
|-weather|RainDance|[upkeep]
|-heal|p2a: Garchomp|65/100|[from] item: Leftovers
|-heal|p1a: Bronzong|60/100|[from] item: Leftovers
|upkeep
|turn|21
|
|t:|1726873934
|switch|p2a: Forretress|Forretress, M|95/100
|move|p1a: Bronzong|Stealth Rock|p2a: Forretress
|-sidestart|p2: Crimsonbacon38|move: Stealth Rock
|
|-weather|RainDance|[upkeep]
|-heal|p1a: Bronzong|66/100|[from] item: Leftovers
|upkeep
|turn|22
|
|t:|1726873942
|switch|p1a: Lapras|Lapras, M|100/100
|-damage|p1a: Lapras|76/100|[from] Stealth Rock
|move|p2a: Forretress|Volt Switch|p1a: Lapras
|-supereffective|p1a: Lapras
|-damage|p1a: Lapras|61/100
|inactive|Crimsonbacon38 has 120 seconds left.
|
|t:|1726873979
|switch|p2a: Scizor|Scizor, M|100/100|[from] Volt Switch
|-damage|p2a: Scizor|88/100|[from] Stealth Rock
|
|-weather|RainDance|[upkeep]
|-heal|p1a: Lapras|67/100|[from] item: Leftovers
|upkeep
|turn|23
|
|t:|1726873984
|move|p2a: Scizor|Superpower|p1a: Lapras
|-supereffective|p1a: Lapras
|-damage|p1a: Lapras|0 fnt
|-unboost|p2a: Scizor|atk|1
|-unboost|p2a: Scizor|def|1
|faint|p1a: Lapras
|
|-weather|RainDance|[upkeep]
|upkeep
|
|t:|1726873987
|switch|p1a: Tentacruel|Tentacruel, F|45/100
|-damage|p1a: Tentacruel|33/100|[from] Stealth Rock
|turn|24
|
|t:|1726873992
|switch|p2a: Garchomp|Garchomp, M|65/100
|-damage|p2a: Garchomp|59/100|[from] Stealth Rock
|move|p1a: Tentacruel|Rapid Spin|p2a: Garchomp
|-damage|p2a: Garchomp|56/100
|-damage|p1a: Tentacruel|21/100|[from] ability: Rough Skin|[of] p2a: Garchomp
|-sideend|p1: Blobstermob|Stealth Rock|[from] move: Rapid Spin|[of] p1a: Tentacruel
|
|-weather|RainDance|[upkeep]
|-heal|p1a: Tentacruel|27/100|[from] ability: Rain Dish
|-heal|p2a: Garchomp|62/100|[from] item: Leftovers
|-heal|p1a: Tentacruel|33/100|[from] item: Black Sludge
|upkeep
|turn|25
|
|t:|1726873998
|move|p2a: Garchomp|Earthquake|p1a: Tentacruel
|-supereffective|p1a: Tentacruel
|-damage|p1a: Tentacruel|0 fnt
|faint|p1a: Tentacruel
|
|-weather|RainDance|[upkeep]
|-heal|p2a: Garchomp|68/100|[from] item: Leftovers
|upkeep
|
|t:|1726874000
|switch|p1a: Bronzong|Bronzong|66/100
|turn|26
|-message|Blobstermob forfeited.
|
|win|Crimsonbacon38
|raw|Blobstermob's rating: 1309 &rarr; <strong>1293</strong><br />(-16 for losing)
|raw|Crimsonbacon38's rating: 1388 &rarr; <strong>1404</strong><br />(+16 for winning)
|l|☆Blobstermob
|player|p1|
|c|☆Crimsonbacon38|gg
