|j|☆chuzzzi
|j|☆MonoMigui
|t:|1739537340
|gametype|singles
|player|p1|chuzzzi|266|1437
|player|p2|MonoMigui|hoopster|1520
|teamsize|p1|6
|teamsize|p2|6
|gen|5
|tier|[Gen 5] OU
|rated|
|rule|Species Clause: Limit one of each Pokémon
|rule|OHKO Clause: OHKO moves are banned
|rule|Moody Clause: Moody is banned
|rule|Evasion Items Clause: Evasion items are banned
|rule|Evasion Moves Clause: Evasion moves are banned
|rule|Endless Battle Clause: Forcing endless battles is banned
|rule|HP Percentage Mod: HP is shown in percentages
|rule|Evasion Abilities Clause: Evasion abilities are banned
|rule|Sleep Moves Clause: Sleep-inducing moves are banned
|rule|Swagger Clause: Swagger is banned
|rule|Baton Pass Stat Clause: No Baton Passer may have a way to boost its stats
|clearpoke
|poke|p1|Excadrill, M|item
|poke|p1|Breloom, F|item
|poke|p1|Jirachi|item
|poke|p1|Rotom-Wash|item
|poke|p1|Latios, M|item
|poke|p1|Landorus-Therian, M|item
|poke|p2|Abomasnow, M|item
|poke|p2|Kyurem-Black|item
|poke|p2|Excadrill, M|item
|poke|p2|Metagross|item
|poke|p2|Dragonite, M|item
|poke|p2|Latios, M|item
|teampreview
|inactive|Battle timer is ON: inactive players will automatically lose when time's up. (requested by chuzzzi)
|
|t:|1739537378
|start
|switch|p1a: Jirachi|Jirachi|100/100
|switch|p2a: Zelensky|Kyurem-Black|100/100
|-ability|p2a: Zelensky|Teravolt
|turn|1
|
|t:|1739537381
|move|p2a: Zelensky|Substitute|p2a: Zelensky
|-start|p2a: Zelensky|Substitute
|-damage|p2a: Zelensky|76/100
|move|p1a: Jirachi|Iron Head|p2a: Zelensky
|-supereffective|p2a: Zelensky
|-end|p2a: Zelensky|Substitute
|
|-heal|p2a: Zelensky|82/100|[from] item: Leftovers
|upkeep
|turn|2
|
|t:|1739537387
|switch|p2a: Klaus Schwab|Metagross|100/100
|move|p1a: Jirachi|Iron Head|p2a: Klaus Schwab
|-resisted|p2a: Klaus Schwab
|-damage|p2a: Klaus Schwab|90/100
|
|upkeep
|turn|3
|
|t:|1739537395
|move|p1a: Jirachi|U-turn|p2a: Klaus Schwab
|-damage|p2a: Klaus Schwab|77/100
|
|t:|1739537397
|switch|p1a: Rotom|Rotom-Wash|100/100|[from] U-turn
|move|p2a: Klaus Schwab|Stealth Rock|p1a: Rotom
|-sidestart|p1: chuzzzi|move: Stealth Rock
|
|upkeep
|turn|4
|
|t:|1739537404
|switch|p2a: Kim Jong-Un|Abomasnow, M|100/100
|-weather|Hail|[from] ability: Snow Warning|[of] p2a: Kim Jong-Un
|move|p1a: Rotom|Volt Switch|p2a: Kim Jong-Un
|-resisted|p2a: Kim Jong-Un
|-damage|p2a: Kim Jong-Un|80/100
|
|t:|1739537411
|switch|p1a: Jirachi|Jirachi|100/100|[from] Volt Switch
|-damage|p1a: Jirachi|94/100|[from] Stealth Rock
|
|-weather|Hail|[upkeep]
|-damage|p1a: Jirachi|88/100|[from] Hail
|-heal|p1a: Jirachi|94/100|[from] item: Leftovers
|upkeep
|turn|5
|
|t:|1739537421
|switch|p2a: Klaus Schwab|Metagross|77/100
|move|p1a: Jirachi|U-turn|p2a: Klaus Schwab
|-damage|p2a: Klaus Schwab|65/100
|
|t:|1739537426
|switch|p1a: Breloom|Breloom, F|100/100|[from] U-turn
|-damage|p1a: Breloom|94/100|[from] Stealth Rock
|
|-weather|Hail|[upkeep]
|-damage|p1a: Breloom|88/100|[from] Hail
|-damage|p2a: Klaus Schwab|58/100|[from] Hail
|-status|p1a: Breloom|tox|[from] item: Toxic Orb
|upkeep
|turn|6
|
|t:|1739537434
|move|p1a: Breloom|Substitute|p1a: Breloom
|-start|p1a: Breloom|Substitute
|-damage|p1a: Breloom|63/100 tox
|move|p2a: Klaus Schwab|Meteor Mash|p1a: Breloom
|-crit|p1a: Breloom
|-end|p1a: Breloom|Substitute
|
|-weather|Hail|[upkeep]
|-damage|p1a: Breloom|57/100 tox|[from] Hail
|-damage|p2a: Klaus Schwab|52/100|[from] Hail
|-heal|p1a: Breloom|69/100 tox|[from] ability: Poison Heal
|upkeep
|turn|7
|
|t:|1739537438
|move|p1a: Breloom|Protect|p1a: Breloom
|-singleturn|p1a: Breloom|Protect
|move|p2a: Klaus Schwab|Meteor Mash|p1a: Breloom
|-activate|p1a: Breloom|move: Protect
|
|-weather|Hail|[upkeep]
|-damage|p1a: Breloom|63/100 tox|[from] Hail
|-damage|p2a: Klaus Schwab|46/100|[from] Hail
|-heal|p1a: Breloom|76/100 tox|[from] ability: Poison Heal
|upkeep
|turn|8
|
|t:|1739537442
|move|p1a: Breloom|Substitute|p1a: Breloom
|-start|p1a: Breloom|Substitute
|-damage|p1a: Breloom|51/100 tox
|move|p2a: Klaus Schwab|Meteor Mash|p1a: Breloom
|-end|p1a: Breloom|Substitute
|
|-weather|Hail|[upkeep]
|-damage|p1a: Breloom|45/100 tox|[from] Hail
|-damage|p2a: Klaus Schwab|40/100|[from] Hail
|-heal|p1a: Breloom|57/100 tox|[from] ability: Poison Heal
|upkeep
|turn|9
|
|t:|1739537448
|switch|p2a: Xi Jinping|Latios, M|100/100
|move|p1a: Breloom|Protect||[still]
|-fail|p1a: Breloom
|
|-weather|Hail|[upkeep]
|-damage|p2a: Xi Jinping|95/100|[from] Hail
|-damage|p1a: Breloom|51/100 tox|[from] Hail
|-heal|p1a: Breloom|63/100 tox|[from] ability: Poison Heal
|upkeep
|turn|10
|
|t:|1739537455
|move|p1a: Breloom|Protect|p1a: Breloom
|-singleturn|p1a: Breloom|Protect
|move|p2a: Xi Jinping|Surf|p1a: Breloom
|-activate|p1a: Breloom|move: Protect
|
|-weather|Hail|[upkeep]
|-damage|p2a: Xi Jinping|89/100|[from] Hail
|-damage|p1a: Breloom|57/100 tox|[from] Hail
|-heal|p1a: Breloom|69/100 tox|[from] ability: Poison Heal
|upkeep
|turn|11
|
|t:|1739537463
|switch|p2a: Donald Trump|Dragonite, M|100/100
|move|p1a: Breloom|Seed Bomb|p2a: Donald Trump
|-resisted|p2a: Donald Trump
|-damage|p2a: Donald Trump|94/100
|
|-weather|Hail|[upkeep]
|-damage|p2a: Donald Trump|88/100|[from] Hail
|-damage|p1a: Breloom|63/100 tox|[from] Hail
|-heal|p1a: Breloom|76/100 tox|[from] ability: Poison Heal
|upkeep
|turn|12
|
|t:|1739537473
|switch|p2a: Kim Jong-Un|Abomasnow, M|80/100
|switch|p1a: Rotom|Rotom-Wash|100/100
|-damage|p1a: Rotom|88/100|[from] Stealth Rock
|
|-weather|Hail|[upkeep]
|-damage|p1a: Rotom|82/100|[from] Hail
|upkeep
|turn|13
|
|t:|1739537479
|move|p1a: Rotom|Volt Switch|p2a: Kim Jong-Un
|-resisted|p2a: Kim Jong-Un
|-damage|p2a: Kim Jong-Un|62/100
|
|t:|1739537483
|switch|p1a: Jirachi|Jirachi|94/100|[from] Volt Switch
|-damage|p1a: Jirachi|88/100|[from] Stealth Rock
|move|p2a: Kim Jong-Un|Blizzard|p1a: Jirachi
|-resisted|p1a: Jirachi
|-damage|p1a: Jirachi|70/100
|
|-weather|Hail|[upkeep]
|-damage|p1a: Jirachi|64/100|[from] Hail
|-heal|p1a: Jirachi|70/100|[from] item: Leftovers
|upkeep
|turn|14
|
|t:|1739537495
|switch|p2a: Klaus Schwab|Metagross|40/100
|move|p1a: Jirachi|U-turn|p2a: Klaus Schwab
|-damage|p2a: Klaus Schwab|29/100
|
|t:|1739537505
|switch|p1a: Breloom|Breloom, F|76/100 tox|[from] U-turn
|-damage|p1a: Breloom|69/100 tox|[from] Stealth Rock
|
|-weather|Hail|[upkeep]
|-damage|p1a: Breloom|63/100 tox|[from] Hail
|-damage|p2a: Klaus Schwab|23/100|[from] Hail
|-heal|p1a: Breloom|76/100 tox|[from] ability: Poison Heal
|upkeep
|turn|15
|
|t:|1739537510
|switch|p2a: Donald Trump|Dragonite, M|88/100
|move|p1a: Breloom|Protect||[still]
|-fail|p1a: Breloom
|
|-weather|Hail|[upkeep]
|-damage|p2a: Donald Trump|82/100|[from] Hail
|-damage|p1a: Breloom|69/100 tox|[from] Hail
|-heal|p1a: Breloom|82/100 tox|[from] ability: Poison Heal
|upkeep
|turn|16
|
|t:|1739537516
|switch|p1a: Landorus|Landorus-Therian, M|100/100
|-damage|p1a: Landorus|88/100|[from] Stealth Rock
|-ability|p1a: Landorus|Intimidate|boost
|-unboost|p2a: Donald Trump|atk|1
|move|p2a: Donald Trump|Fire Punch|p1a: Landorus
|-crit|p1a: Landorus
|-damage|p1a: Landorus|48/100
|
|-weather|Hail|[upkeep]
|-damage|p2a: Donald Trump|75/100|[from] Hail
|-damage|p1a: Landorus|42/100|[from] Hail
|-heal|p1a: Landorus|48/100|[from] item: Leftovers
|upkeep
|turn|17
|
|t:|1739537528
|move|p2a: Donald Trump|Dragon Dance|p2a: Donald Trump
|-boost|p2a: Donald Trump|atk|1
|-boost|p2a: Donald Trump|spe|1
|move|p1a: Landorus|Stealth Rock|p2a: Donald Trump
|-sidestart|p2: MonoMigui|move: Stealth Rock
|
|-weather|Hail|[upkeep]
|-damage|p2a: Donald Trump|69/100|[from] Hail
|-damage|p1a: Landorus|42/100|[from] Hail
|-heal|p1a: Landorus|48/100|[from] item: Leftovers
|upkeep
|turn|18
|
|t:|1739537533
|move|p2a: Donald Trump|Outrage|p1a: Landorus
|-crit|p1a: Landorus
|-damage|p1a: Landorus|0 fnt
|faint|p1a: Landorus
|
|-weather|Hail|[upkeep]
|-damage|p2a: Donald Trump|63/100|[from] Hail
|upkeep
|
|t:|1739537537
|switch|p1a: Rotom|Rotom-Wash|82/100
|-damage|p1a: Rotom|70/100|[from] Stealth Rock
|turn|19
|
|t:|1739537541
|move|p1a: Rotom|Hidden Power|p2a: Donald Trump
|-supereffective|p2a: Donald Trump
|-damage|p2a: Donald Trump|0 fnt
|faint|p2a: Donald Trump
|
|-weather|Hail|[upkeep]
|-damage|p1a: Rotom|64/100|[from] Hail
|upkeep
|
|t:|1739537545
|switch|p2a: Klaus Schwab|Metagross|23/100
|-damage|p2a: Klaus Schwab|17/100|[from] Stealth Rock
|turn|20
|
|t:|1739537548
|move|p1a: Rotom|Hidden Power|p2a: Klaus Schwab
|-resisted|p2a: Klaus Schwab
|-damage|p2a: Klaus Schwab|7/100
|move|p2a: Klaus Schwab|Pursuit|p1a: Rotom
|-damage|p1a: Rotom|44/100
|
|-weather|Hail|[upkeep]
|-damage|p1a: Rotom|38/100|[from] Hail
|-damage|p2a: Klaus Schwab|1/100|[from] Hail
|upkeep
|turn|21
|
|t:|1739537553
|move|p1a: Rotom|Hidden Power|p2a: Klaus Schwab
|-resisted|p2a: Klaus Schwab
|-damage|p2a: Klaus Schwab|0 fnt
|faint|p2a: Klaus Schwab
|
|-weather|Hail|[upkeep]
|-damage|p1a: Rotom|32/100|[from] Hail
|upkeep
|
|t:|1739537556
|switch|p2a: Maduro|Excadrill, M|100/100
|-damage|p2a: Maduro|97/100|[from] Stealth Rock
|-ability|p2a: Maduro|Mold Breaker
|-item|p2a: Maduro|Air Balloon
|turn|22
|
|t:|1739537580
|switch|p1a: Breloom|Breloom, F|82/100 tox
|-damage|p1a: Breloom|76/100 tox|[from] Stealth Rock
|move|p2a: Maduro|Rapid Spin|p1a: Breloom
|-damage|p1a: Breloom|67/100 tox
|-sideend|p2: MonoMigui|Stealth Rock|[from] move: Rapid Spin|[of] p2a: Maduro
|
|-weather|Hail|[upkeep]
|-damage|p2a: Maduro|91/100|[from] Hail
|-damage|p1a: Breloom|60/100 tox|[from] Hail
|-heal|p1a: Breloom|73/100 tox|[from] ability: Poison Heal
|upkeep
|turn|23
|
|t:|1739537592
|move|p2a: Maduro|Iron Head|p1a: Breloom
|-damage|p1a: Breloom|18/100 tox
|cant|p1a: Breloom|flinch
|
|-weather|Hail|[upkeep]
|-damage|p2a: Maduro|85/100|[from] Hail
|-damage|p1a: Breloom|11/100 tox|[from] Hail
|-heal|p1a: Breloom|24/100 tox|[from] ability: Poison Heal
|upkeep
|turn|24
|
|t:|1739537596
|move|p2a: Maduro|Iron Head|p1a: Breloom
|-damage|p1a: Breloom|0 fnt
|faint|p1a: Breloom
|
|-weather|Hail|[upkeep]
|-damage|p2a: Maduro|79/100|[from] Hail
|upkeep
|
|t:|1739537598
|switch|p1a: Rotom|Rotom-Wash|32/100
|-damage|p1a: Rotom|19/100|[from] Stealth Rock
|turn|25
|
|t:|1739537608
|switch|p2a: Kim Jong-Un|Abomasnow, M|62/100
|move|p1a: Rotom|Trick|p2a: Kim Jong-Un
|-activate|p1a: Rotom|move: Trick|[of] p2a: Kim Jong-Un
|-item|p2a: Kim Jong-Un|Choice Scarf|[from] move: Trick
|-item|p1a: Rotom|Focus Sash|[from] move: Trick
|
|-weather|Hail|[upkeep]
|-damage|p1a: Rotom|13/100|[from] Hail
|upkeep
|turn|26
|
|t:|1739537617
|move|p2a: Kim Jong-Un|Blizzard|p1a: Rotom
|-resisted|p1a: Rotom
|-damage|p1a: Rotom|0 fnt
|faint|p1a: Rotom
|
|-weather|Hail|[upkeep]
|upkeep
|
|t:|1739537620
|switch|p1a: Excadrill|Excadrill, M|100/100
|-damage|p1a: Excadrill|97/100|[from] Stealth Rock
|-ability|p1a: Excadrill|Mold Breaker
|turn|27
|
|t:|1739537625
|move|p2a: Kim Jong-Un|Blizzard|p1a: Excadrill
|-damage|p1a: Excadrill|59/100
|move|p1a: Excadrill|Rapid Spin|p2a: Kim Jong-Un
|-damage|p2a: Kim Jong-Un|53/100
|-sideend|p1: chuzzzi|Stealth Rock|[from] move: Rapid Spin|[of] p1a: Excadrill
|
|-weather|Hail|[upkeep]
|-damage|p1a: Excadrill|53/100|[from] Hail
|-heal|p1a: Excadrill|59/100|[from] item: Leftovers
|upkeep
|turn|28
|
|t:|1739537635
|move|p2a: Kim Jong-Un|Blizzard|p1a: Excadrill
|-damage|p1a: Excadrill|20/100
|move|p1a: Excadrill|Earthquake|p2a: Kim Jong-Un
|-resisted|p2a: Kim Jong-Un
|-damage|p2a: Kim Jong-Un|20/100
|
|-weather|Hail|[upkeep]
|-damage|p1a: Excadrill|13/100|[from] Hail
|-heal|p1a: Excadrill|20/100|[from] item: Leftovers
|upkeep
|turn|29
|
|t:|1739537644
|switch|p1a: Jirachi|Jirachi|70/100
|move|p2a: Kim Jong-Un|Blizzard|p1a: Jirachi
|-resisted|p1a: Jirachi
|-damage|p1a: Jirachi|53/100
|
|-weather|Hail|[upkeep]
|-damage|p1a: Jirachi|47/100|[from] Hail
|-heal|p1a: Jirachi|53/100|[from] item: Leftovers
|upkeep
|turn|30
|
|t:|1739537653
|switch|p2a: Maduro|Excadrill, M|79/100
|-ability|p2a: Maduro|Mold Breaker
|-item|p2a: Maduro|Air Balloon
|move|p1a: Jirachi|Wish|p1a: Jirachi
|
|-weather|Hail|[upkeep]
|-damage|p2a: Maduro|73/100|[from] Hail
|-damage|p1a: Jirachi|47/100|[from] Hail
|-heal|p1a: Jirachi|53/100|[from] item: Leftovers
|upkeep
|turn|31
|
|t:|1739537657
|switch|p1a: Latios|Latios, M|100/100
|move|p2a: Maduro|Earthquake|p1a: Latios
|-damage|p1a: Latios|24/100
|
|-weather|Hail|[upkeep]
|-damage|p1a: Latios|18/100|[from] Hail
|-damage|p2a: Maduro|67/100|[from] Hail
|-heal|p1a: Latios|85/100|[from] move: Wish|[wisher] Jirachi
|upkeep
|turn|32
|
|t:|1739537667
|switch|p2a: Kim Jong-Un|Abomasnow, M|20/100
|move|p1a: Latios|Trick|p2a: Kim Jong-Un
|-activate|p1a: Latios|move: Trick|[of] p2a: Kim Jong-Un
|-item|p2a: Kim Jong-Un|Choice Specs|[from] move: Trick
|-item|p1a: Latios|Choice Scarf|[from] move: Trick
|
|-weather|Hail|[upkeep]
|-damage|p1a: Latios|79/100|[from] Hail
|upkeep
|turn|33
|
|t:|1739537672
|switch|p1a: Excadrill|Excadrill, M|20/100
|-ability|p1a: Excadrill|Mold Breaker
|move|p2a: Kim Jong-Un|Ice Shard|p1a: Excadrill
|-damage|p1a: Excadrill|4/100
|
|-weather|Hail|[upkeep]
|-damage|p1a: Excadrill|0 fnt|[from] Hail
|faint|p1a: Excadrill
|upkeep
|
|t:|1739537673
|switch|p1a: Jirachi|Jirachi|53/100
|turn|34
|
|t:|1739537677
|move|p2a: Kim Jong-Un|Ice Shard|p1a: Jirachi
|-resisted|p1a: Jirachi
|-damage|p1a: Jirachi|48/100
|move|p1a: Jirachi|U-turn|p2a: Kim Jong-Un
|-supereffective|p2a: Kim Jong-Un
|-damage|p2a: Kim Jong-Un|0 fnt
|faint|p2a: Kim Jong-Un
|
|t:|1739537679
|switch|p1a: Latios|Latios, M|79/100|[from] U-turn
|
|-weather|Hail|[upkeep]
|-damage|p1a: Latios|73/100|[from] Hail
|upkeep
|
|t:|1739537697
|switch|p2a: Xi Jinping|Latios, M|89/100
|turn|35
|
|t:|1739537716
|move|p1a: Latios|Draco Meteor|p2a: Xi Jinping
|-supereffective|p2a: Xi Jinping
|-damage|p2a: Xi Jinping|0 fnt
|-unboost|p1a: Latios|spa|2
|faint|p2a: Xi Jinping
|
|-weather|Hail|[upkeep]
|-damage|p1a: Latios|67/100|[from] Hail
|upkeep
|
|t:|1739537721
|switch|p2a: Maduro|Excadrill, M|67/100
|-ability|p2a: Maduro|Mold Breaker
|-item|p2a: Maduro|Air Balloon
|turn|36
|
|t:|1739537724
|switch|p1a: Jirachi|Jirachi|48/100
|move|p2a: Maduro|Earthquake|p1a: Jirachi
|-supereffective|p1a: Jirachi
|-damage|p1a: Jirachi|0 fnt
|faint|p1a: Jirachi
|
|-weather|Hail|[upkeep]
|-damage|p2a: Maduro|61/100|[from] Hail
|upkeep
|
|t:|1739537725
|switch|p1a: Latios|Latios, M|67/100
|turn|37
|
|t:|1739537730
|move|p1a: Latios|Trick|p2a: Maduro
|-activate|p1a: Latios|move: Trick|[of] p2a: Maduro
|-item|p2a: Maduro|Choice Scarf|[from] move: Trick
|-item|p1a: Latios|Air Balloon
|-item|p1a: Latios|Air Balloon|[from] move: Trick
|move|p2a: Maduro|Earthquake|p1a: Latios
|-immune|p1a: Latios
|
|-weather|Hail|[upkeep]
|-damage|p2a: Maduro|55/100|[from] Hail
|-damage|p1a: Latios|61/100|[from] Hail
|upkeep
|turn|38
|
|t:|1739537737
|move|p2a: Maduro|Earthquake|p1a: Latios
|-immune|p1a: Latios
|move|p1a: Latios|Surf|p2a: Maduro
|-supereffective|p2a: Maduro
|-damage|p2a: Maduro|0 fnt
|faint|p2a: Maduro
|
|-weather|Hail|[upkeep]
|-damage|p1a: Latios|55/100|[from] Hail
|upkeep
|
|t:|1739537740
|switch|p2a: Zelensky|Kyurem-Black|82/100
|-ability|p2a: Zelensky|Teravolt
|turn|39
|
|t:|1739537745
|move|p1a: Latios|Draco Meteor|p2a: Zelensky
|-supereffective|p2a: Zelensky
|-damage|p2a: Zelensky|0 fnt
|-unboost|p1a: Latios|spa|2
|faint|p2a: Zelensky
|
|win|chuzzzi
|raw|chuzzzi's rating: 1437 &rarr; <strong>1462</strong><br />(+25 for winning)
|raw|MonoMigui's rating: 1520 &rarr; <strong>1495</strong><br />(-25 for losing)
