|j|☆nosleeptillbklyn
|j|☆GUA12ITL
|player|p1|nosleeptillbklyn|ethan-gen2|1707
|player|p2|GUA12ITL|veteran-gen4|1377
|teamsize|p1|6
|teamsize|p2|6
|gametype|singles
|gen|5
|tier|[Gen 5] OU
|rated|
|clearpoke
|poke|p1|Latios, M|item
|poke|p1|Landorus-Therian, M|item
|poke|p1|Keldeo|item
|poke|p1|Tyranitar, F|item
|poke|p1|Ferrothorn, F|item
|poke|p1|Excadrill, M|item
|poke|p2|Excadrill, M|item
|poke|p2|Victini|item
|poke|p2|Rotom-Wash|item
|poke|p2|Tyranitar, M|item
|poke|p2|Keldeo|item
|poke|p2|Latios, M|item
|rule|Species Clause: Limit one of each Pokémon
|rule|OHKO Clause: OHKO moves are banned
|rule|Moody Clause: Moody is banned
|rule|Evasion Moves Clause: Evasion moves are banned
|rule|Endless Battle Clause: Forcing endless battles is banned
|rule|HP Percentage Mod: HP is shown in percentages
|rule|Evasion Abilities Clause: Evasion abilities are banned
|rule|Baton Pass Clause: Limit one Baton Passer, can't pass Spe and other stats simultaneously
|rule|Sleep Clause: Sleep-inducing moves are banned
|rule|Swagger Clause: Swagger is banned
|teampreview
|
|start
|switch|p1a: i'm the man for ya|Landorus-Therian, M|100/100
|switch|p2a: Keldeo|Keldeo|100/100
|-ability|p1a: i'm the man for ya|Intimidate|boost
|-unboost|p2a: Keldeo|atk|1
|turn|1
|inactive|Battle timer is ON: inactive players will automatically lose when time's up. (requested by nosleeptillbklyn)
|
|switch|p1a: Latios|Latios, M|100/100
|move|p2a: Keldeo|Icy Wind|p1a: Latios
|-supereffective|p1a: Latios
|-damage|p1a: Latios|49/100
|-unboost|p1a: Latios|spe|1
|
|upkeep
|turn|2
|
|switch|p2a: Tyranitar|Tyranitar, M|100/100
|-weather|Sandstorm|[from] ability: Sand Stream|[of] p2a: Tyranitar
|switch|p1a: Ferrothorn|Ferrothorn, F|100/100
|
|-weather|Sandstorm|[upkeep]
|upkeep
|turn|3
|
|move|p2a: Tyranitar|Stealth Rock|p1a: Ferrothorn
|-sidestart|p1: nosleeptillbklyn|move: Stealth Rock
|move|p1a: Ferrothorn|Spikes|p2a: Tyranitar
|-sidestart|p2: GUA12ITL|Spikes
|
|-weather|Sandstorm|[upkeep]
|upkeep
|turn|4
|
|switch|p2a: Victini|Victini|100/100
|-damage|p2a: Victini|88/100|[from] Spikes
|move|p1a: Ferrothorn|Knock Off|p2a: Victini
|-supereffective|p2a: Victini
|-damage|p2a: Victini|79/100
|-enditem|p2a: Victini|Choice Band|[from] move: Knock Off|[of] p1a: Ferrothorn
|
|-weather|Sandstorm|[upkeep]
|-damage|p2a: Victini|73/100|[from] Sandstorm
|upkeep
|turn|5
|
|switch|p1a: i'm the man for ya|Landorus-Therian, M|100/100
|-damage|p1a: i'm the man for ya|88/100|[from] Stealth Rock
|-ability|p1a: i'm the man for ya|Intimidate|boost
|-unboost|p2a: Victini|atk|1
|move|p2a: Victini|U-turn|p1a: i'm the man for ya
|-resisted|p1a: i'm the man for ya
|-crit|p1a: i'm the man for ya
|-damage|p1a: i'm the man for ya|67/100
|
|switch|p2a: Rotom|Rotom-Wash|100/100|[from]move: U-turn
|
|-weather|Sandstorm|[upkeep]
|-damage|p2a: Rotom|94/100|[from] Sandstorm
|-heal|p1a: i'm the man for ya|73/100|[from] item: Leftovers
|-heal|p2a: Rotom|100/100|[from] item: Leftovers
|upkeep
|turn|6
|
|move|p1a: i'm the man for ya|U-turn|p2a: Rotom
|-damage|p2a: Rotom|77/100
|
|switch|p1a: Ferrothorn|Ferrothorn, F|100/100|[from]move: U-turn
|-damage|p1a: Ferrothorn|94/100|[from] Stealth Rock
|move|p2a: Rotom|Will-O-Wisp|p1a: Ferrothorn
|-status|p1a: Ferrothorn|brn
|
|-weather|Sandstorm|[upkeep]
|-damage|p2a: Rotom|71/100|[from] Sandstorm
|-heal|p2a: Rotom|77/100|[from] item: Leftovers
|-heal|p1a: Ferrothorn|100/100 brn|[from] item: Leftovers
|-damage|p1a: Ferrothorn|88/100 brn|[from] brn
|upkeep
|turn|7
|
|move|p2a: Rotom|Volt Switch|p1a: Ferrothorn
|-resisted|p1a: Ferrothorn
|-damage|p1a: Ferrothorn|80/100 brn
|
|switch|p2a: Victini|Victini|73/100|[from]move: Volt Switch
|-damage|p2a: Victini|61/100|[from] Spikes
|move|p1a: Ferrothorn|Spikes|p2a: Victini
|-sidestart|p2: GUA12ITL|Spikes
|
|-weather|Sandstorm|[upkeep]
|-damage|p2a: Victini|55/100|[from] Sandstorm
|-heal|p1a: Ferrothorn|87/100 brn|[from] item: Leftovers
|-damage|p1a: Ferrothorn|74/100 brn|[from] brn
|upkeep
|turn|8
|
|move|p2a: Victini|Brick Break|p1a: Ferrothorn
|-supereffective|p1a: Ferrothorn
|-damage|p1a: Ferrothorn|34/100 brn
|-damage|p2a: Victini|42/100|[from] ability: Iron Barbs|[of] p1a: Ferrothorn
|move|p1a: Ferrothorn|Spikes|p2a: Victini
|-sidestart|p2: GUA12ITL|Spikes
|
|-weather|Sandstorm|[upkeep]
|-damage|p2a: Victini|36/100|[from] Sandstorm
|-heal|p1a: Ferrothorn|40/100 brn|[from] item: Leftovers
|-damage|p1a: Ferrothorn|27/100 brn|[from] brn
|upkeep
|turn|9
|
|switch|p2a: Excadrill|Excadrill, M|100/100
|-damage|p2a: Excadrill|76/100|[from] Spikes
|switch|p1a: i'm the man for ya|Landorus-Therian, M|73/100
|-damage|p1a: i'm the man for ya|60/100|[from] Stealth Rock
|-ability|p1a: i'm the man for ya|Intimidate|boost
|-unboost|p2a: Excadrill|atk|1
|
|-weather|Sandstorm|[upkeep]
|-heal|p1a: i'm the man for ya|66/100|[from] item: Leftovers
|upkeep
|turn|10
|
|move|p2a: Excadrill|Rapid Spin|p1a: i'm the man for ya
|-crit|p1a: i'm the man for ya
|-damage|p1a: i'm the man for ya|53/100
|-sideend|p2: GUA12ITL|Spikes|[from] move: Rapid Spin|[of] p2a: Excadrill
|move|p1a: i'm the man for ya|Stealth Rock|p2a: Excadrill
|-sidestart|p2: GUA12ITL|move: Stealth Rock
|
|-weather|Sandstorm|[upkeep]
|-heal|p1a: i'm the man for ya|59/100|[from] item: Leftovers
|upkeep
|turn|11
|
|switch|p2a: Rotom|Rotom-Wash|77/100
|-damage|p2a: Rotom|65/100|[from] Stealth Rock
|move|p1a: i'm the man for ya|Hidden Power|p2a: Rotom
|-resisted|p2a: Rotom
|-damage|p2a: Rotom|58/100
|
|-weather|Sandstorm|[upkeep]
|-damage|p2a: Rotom|52/100|[from] Sandstorm
|-heal|p1a: i'm the man for ya|65/100|[from] item: Leftovers
|-heal|p2a: Rotom|58/100|[from] item: Leftovers
|upkeep
|turn|12
|
|move|p1a: i'm the man for ya|U-turn|p2a: Rotom
|-damage|p2a: Rotom|35/100
|
|switch|p1a: Ferrothorn|Ferrothorn, F|27/100 brn|[from]move: U-turn
|-damage|p1a: Ferrothorn|21/100 brn|[from] Stealth Rock
|move|p2a: Rotom|Hydro Pump|p1a: Ferrothorn|[miss]
|-miss|p2a: Rotom|p1a: Ferrothorn
|
|-weather|Sandstorm|[upkeep]
|-damage|p2a: Rotom|29/100|[from] Sandstorm
|-heal|p2a: Rotom|35/100|[from] item: Leftovers
|-heal|p1a: Ferrothorn|27/100 brn|[from] item: Leftovers
|-damage|p1a: Ferrothorn|15/100 brn|[from] brn
|upkeep
|turn|13
|
|switch|p2a: Excadrill|Excadrill, M|76/100
|-damage|p2a: Excadrill|73/100|[from] Stealth Rock
|move|p1a: Ferrothorn|Power Whip|p2a: Excadrill
|-damage|p2a: Excadrill|42/100
|
|-weather|Sandstorm|[upkeep]
|-heal|p1a: Ferrothorn|21/100 brn|[from] item: Leftovers
|-damage|p1a: Ferrothorn|9/100 brn|[from] brn
|upkeep
|turn|14
|
|move|p2a: Excadrill|Rapid Spin|p1a: Ferrothorn
|-resisted|p1a: Ferrothorn
|-damage|p1a: Ferrothorn|6/100 brn
|-damage|p2a: Excadrill|30/100|[from] ability: Iron Barbs|[of] p1a: Ferrothorn
|-sideend|p2: GUA12ITL|Stealth Rock|[from] move: Rapid Spin|[of] p2a: Excadrill
|move|p1a: Ferrothorn|Spikes|p2a: Excadrill
|-sidestart|p2: GUA12ITL|Spikes
|
|-weather|Sandstorm|[upkeep]
|-heal|p1a: Ferrothorn|12/100 brn|[from] item: Leftovers
|-damage|p1a: Ferrothorn|0 fnt|[from] brn
|faint|p1a: Ferrothorn
|upkeep
|
|switch|p1a: Keldeo|Keldeo|100/100
|-damage|p1a: Keldeo|94/100|[from] Stealth Rock
|turn|15
|
|switch|p2a: Victini|Victini|36/100
|-damage|p2a: Victini|24/100|[from] Spikes
|move|p1a: Keldeo|Secret Sword|p2a: Victini
|-resisted|p2a: Victini
|-damage|p2a: Victini|1/100
|
|-weather|Sandstorm|[upkeep]
|-damage|p1a: Keldeo|88/100|[from] Sandstorm
|-damage|p2a: Victini|0 fnt|[from] Sandstorm
|faint|p2a: Victini
|upkeep
|inactive|GUA12ITL has 120 seconds left.
|
|switch|p2a: Latios|Latios, M|100/100
|turn|16
|inactive|GUA12ITL has 120 seconds left.
|inactive|nosleeptillbklyn has 120 seconds left.
|
|switch|p1a: i'm the man for ya|Landorus-Therian, M|65/100
|-damage|p1a: i'm the man for ya|53/100|[from] Stealth Rock
|-ability|p1a: i'm the man for ya|Intimidate|boost
|-unboost|p2a: Latios|atk|1
|switch|p2a: Keldeo|Keldeo|100/100
|-damage|p2a: Keldeo|88/100|[from] Spikes
|
|-weather|Sandstorm|[upkeep]
|-damage|p2a: Keldeo|82/100|[from] Sandstorm
|-heal|p1a: i'm the man for ya|59/100|[from] item: Leftovers
|upkeep
|turn|17
|inactive|nosleeptillbklyn has 120 seconds left.
|
|move|p2a: Keldeo|Icy Wind|p1a: i'm the man for ya
|-supereffective|p1a: i'm the man for ya
|-damage|p1a: i'm the man for ya|0 fnt
|faint|p1a: i'm the man for ya
|
|-weather|Sandstorm|[upkeep]
|-damage|p2a: Keldeo|76/100|[from] Sandstorm
|upkeep
|
|switch|p1a: Latios|Latios, M|49/100
|-damage|p1a: Latios|36/100|[from] Stealth Rock
|turn|18
|inactive|GUA12ITL has 120 seconds left.
|
|switch|p2a: Rotom|Rotom-Wash|35/100
|move|p1a: Latios|Draco Meteor|p2a: Rotom
|-damage|p2a: Rotom|0 fnt
|-unboost|p1a: Latios|spa|2
|faint|p2a: Rotom
|
|-weather|Sandstorm|[upkeep]
|-damage|p1a: Latios|30/100|[from] Sandstorm
|upkeep
|
|switch|p2a: Tyranitar|Tyranitar, M|100/100
|-damage|p2a: Tyranitar|88/100|[from] Spikes
|turn|19
|
|move|p1a: Latios|Draco Meteor|p2a: Tyranitar
|-damage|p2a: Tyranitar|61/100
|-unboost|p1a: Latios|spa|2
|move|p2a: Tyranitar|Pursuit|p1a: Latios
|-supereffective|p1a: Latios
|-damage|p1a: Latios|0 fnt
|faint|p1a: Latios
|
|-weather|Sandstorm|[upkeep]
|upkeep
|
|switch|p1a: ramalamafafafa|Excadrill, M|100/100
|-damage|p1a: ramalamafafafa|97/100|[from] Stealth Rock
|turn|20
|inactive|GUA12ITL has 120 seconds left.
|
|move|p1a: ramalamafafafa|Iron Head|p2a: Tyranitar
|-supereffective|p2a: Tyranitar
|-damage|p2a: Tyranitar|0 fnt
|faint|p2a: Tyranitar
|
|-weather|Sandstorm|[upkeep]
|-heal|p1a: ramalamafafafa|100/100|[from] item: Leftovers
|upkeep
|inactive|GUA12ITL has 120 seconds left.
|
|switch|p2a: Keldeo|Keldeo|76/100
|-damage|p2a: Keldeo|63/100|[from] Spikes
|turn|21
|inactive|nosleeptillbklyn has 120 seconds left.
|
|move|p1a: ramalamafafafa|Protect|p1a: ramalamafafafa
|-singleturn|p1a: ramalamafafafa|Protect
|move|p2a: Keldeo|Secret Sword|p1a: ramalamafafafa
|-activate|p1a: ramalamafafafa|move: Protect
|
|-weather|Sandstorm|[upkeep]
|-damage|p2a: Keldeo|57/100|[from] Sandstorm
|upkeep
|turn|22
|inactive|GUA12ITL has 120 seconds left.
|inactive|nosleeptillbklyn has 90 seconds left.
|
|move|p2a: Keldeo|Secret Sword|p1a: ramalamafafafa
|-supereffective|p1a: ramalamafafafa
|-damage|p1a: ramalamafafafa|0 fnt
|faint|p1a: ramalamafafafa
|
|-weather|Sandstorm|[upkeep]
|-damage|p2a: Keldeo|51/100|[from] Sandstorm
|upkeep
|
|switch|p1a: Keldeo|Keldeo|88/100
|-damage|p1a: Keldeo|82/100|[from] Stealth Rock
|turn|23
|inactive|GUA12ITL has 120 seconds left.
|
|move|p1a: Keldeo|Secret Sword|p2a: Keldeo
|-damage|p2a: Keldeo|0 fnt
|faint|p2a: Keldeo
|
|-weather|Sandstorm|[upkeep]
|-damage|p1a: Keldeo|76/100|[from] Sandstorm
|upkeep
|
|switch|p2a: Latios|Latios, M|100/100
|turn|24
|
|move|p1a: Keldeo|Secret Sword|p2a: Latios
|-resisted|p2a: Latios
|-crit|p2a: Latios
|-damage|p2a: Latios|43/100
|move|p2a: Latios|Draco Meteor|p1a: Keldeo
|-damage|p1a: Keldeo|0 fnt
|-unboost|p2a: Latios|spa|2
|faint|p1a: Keldeo
|
|-weather|Sandstorm|[upkeep]
|-damage|p2a: Latios|37/100|[from] Sandstorm
|upkeep
|
|switch|p1a: paul's boutique|Tyranitar, F|100/100
|-damage|p1a: paul's boutique|88/100|[from] Stealth Rock
|turn|25
|
|move|p2a: Latios|Draco Meteor|p1a: paul's boutique
|-damage|p1a: paul's boutique|61/100
|-unboost|p2a: Latios|spa|2
|move|p1a: paul's boutique|Pursuit|p2a: Latios
|-supereffective|p2a: Latios
|-damage|p2a: Latios|0 fnt
|faint|p2a: Latios
|
|-weather|Sandstorm|[upkeep]
|upkeep
|
|switch|p2a: Excadrill|Excadrill, M|30/100
|-damage|p2a: Excadrill|17/100|[from] Spikes
|turn|26
|
|move|p2a: Excadrill|Earthquake|p1a: paul's boutique
|-supereffective|p1a: paul's boutique
|-damage|p1a: paul's boutique|0 fnt
|faint|p1a: paul's boutique
|
|win|GUA12ITL
|l|☆nosleeptillbklyn
|raw|nosleeptillbklyn's rating: 1707 &rarr; <strong>1672</strong><br />(-35 for losing)
|raw|GUA12ITL's rating: 1387 &rarr; <strong>1422</strong><br />(+35 for winning)
