|j|☆HydreigonSpammer
|j|☆lsc29
|t:|1734835886
|gametype|singles
|player|p1|HydreigonSpammer|janitor|1356
|player|p2|lsc29|lucas|1404
|teamsize|p1|6
|teamsize|p2|6
|gen|5
|tier|[Gen 5] OU
|rated|
|rule|Species Clause: Limit one of each Pokémon
|rule|OHKO Clause: OHKO moves are banned
|rule|Moody Clause: Moody is banned
|rule|Evasion Items Clause: Evasion items are banned
|rule|Evasion Moves Clause: Evasion moves are banned
|rule|Endless Battle Clause: Forcing endless battles is banned
|rule|HP Percentage Mod: HP is shown in percentages
|rule|Evasion Abilities Clause: Evasion abilities are banned
|rule|Sleep Moves Clause: Sleep-inducing moves are banned
|rule|Swagger Clause: Swagger is banned
|rule|Baton Pass Stat Clause: No Baton Passer may have a way to boost its stats
|clearpoke
|poke|p1|Bisharp, F|item
|poke|p1|Keldeo|item
|poke|p1|Garchomp, M|item
|poke|p1|Starmie|item
|poke|p1|Dragonite, M|item
|poke|p1|Thundurus-Therian, M|item
|poke|p2|Skarmory, F|item
|poke|p2|Heatran, M|item
|poke|p2|Scizor, F|item
|poke|p2|Reuniclus, F|item
|poke|p2|Starmie|item
|poke|p2|Landorus-Therian, M|item
|teampreview
|inactive|Battle timer is ON: inactive players will automatically lose when time's up. (requested by lsc29)
|c|☆lsc29|Gl
|inactive|lsc29 has 120 seconds left.
|inactive|lsc29 has 90 seconds left.
|inactive|HydreigonSpammer has 120 seconds left.
|
|t:|1734835967
|start
|switch|p1a: Thundurus|Thundurus-Therian, M|100/100
|switch|p2a: Reuniclus|Reuniclus, F|100/100
|turn|1
|
|t:|1734835975
|move|p1a: Thundurus|Thunderbolt|p2a: Reuniclus
|-damage|p2a: Reuniclus|37/100
|-damage|p1a: Thundurus|91/100|[from] item: Life Orb
|move|p2a: Reuniclus|Trick|p1a: Thundurus
|-activate|p2a: Reuniclus|move: Trick|[of] p1a: Thundurus
|-item|p1a: Thundurus|Flame Orb|[from] move: Trick
|-item|p2a: Reuniclus|Life Orb|[from] move: Trick
|
|-status|p1a: Thundurus|brn|[from] item: Flame Orb
|upkeep
|turn|2
|
|t:|1734835986
|switch|p2a: Landorus|Landorus-Therian, M|100/100
|-ability|p2a: Landorus|Intimidate|boost
|-unboost|p1a: Thundurus|atk|1
|move|p1a: Thundurus|Thunderbolt|p2a: Landorus
|-immune|p2a: Landorus
|
|-damage|p1a: Thundurus|78/100 brn|[from] brn
|upkeep
|turn|3
|
|t:|1734835997
|switch|p1a: Keldeo|Keldeo|100/100
|move|p2a: Landorus|U-turn|p1a: Keldeo
|-resisted|p1a: Keldeo
|-damage|p1a: Keldeo|84/100
|
|t:|1734836025
|switch|p2a: Skarmory|Skarmory, F|100/100|[from] U-turn
|
|upkeep
|turn|4
|
|t:|1734836034
|switch|p1a: Thundurus|Thundurus-Therian, M|78/100 brn
|move|p2a: Skarmory|Stealth Rock|p1a: Thundurus
|-sidestart|p1: HydreigonSpammer|move: Stealth Rock
|
|-damage|p1a: Thundurus|66/100 brn|[from] brn
|upkeep
|turn|5
|inactive|HydreigonSpammer has 120 seconds left.
|
|t:|1734836066
|switch|p2a: Heatran|Heatran, M|100/100
|move|p1a: Thundurus|Hidden Power|p2a: Heatran
|-resisted|p2a: Heatran
|-damage|p2a: Heatran|94/100
|
|-heal|p2a: Heatran|99/100|[from] item: Leftovers
|-damage|p1a: Thundurus|54/100 brn|[from] brn
|upkeep
|turn|6
|inactive|HydreigonSpammer has 120 seconds left.
|
|t:|1734836082
|switch|p1a: Starmie|Starmie|100/100
|-damage|p1a: Starmie|88/100|[from] Stealth Rock
|-item|p1a: Starmie|Air Balloon
|move|p2a: Heatran|Magma Storm|p1a: Starmie
|-resisted|p1a: Starmie
|-damage|p1a: Starmie|38/100
|-activate|p1a: Starmie|move: Magma Storm|[of] p2a: Heatran
|-enditem|p1a: Starmie|Air Balloon
|
|-heal|p2a: Heatran|100/100|[from] item: Leftovers
|-damage|p1a: Starmie|32/100|[from] move: Magma Storm|[partiallytrapped]
|upkeep
|turn|7
|inactive|HydreigonSpammer has 120 seconds left.
|
|t:|1734836090
|move|p2a: Heatran|Protect|p2a: Heatran
|-singleturn|p2a: Heatran|Protect
|move|p1a: Starmie|Rapid Spin|p2a: Heatran
|-activate|p2a: Heatran|move: Protect
|
|-damage|p1a: Starmie|25/100|[from] move: Magma Storm|[partiallytrapped]
|upkeep
|turn|8
|inactive|lsc29 has 120 seconds left.
|
|t:|1734836137
|move|p1a: Starmie|Rapid Spin|p2a: Heatran
|-resisted|p2a: Heatran
|-damage|p2a: Heatran|99/100
|-sideend|p1: HydreigonSpammer|Stealth Rock|[from] move: Rapid Spin|[of] p1a: Starmie
|-end|p1a: Starmie|Magma Storm|[partiallytrapped]
|move|p2a: Heatran|Will-O-Wisp|p1a: Starmie
|-status|p1a: Starmie|brn
|
|-heal|p2a: Heatran|100/100|[from] item: Leftovers
|-damage|p1a: Starmie|13/100 brn|[from] brn
|upkeep
|turn|9
|
|t:|1734836150
|switch|p1a: Garchomp|Garchomp, M|100/100
|move|p2a: Heatran|Substitute|p2a: Heatran
|-start|p2a: Heatran|Substitute
|-damage|p2a: Heatran|76/100
|
|-heal|p2a: Heatran|82/100|[from] item: Leftovers
|upkeep
|turn|10
|
|t:|1734836162
|move|p1a: Garchomp|Stealth Rock|p2a: Heatran
|-sidestart|p2: lsc29|move: Stealth Rock
|move|p2a: Heatran|Will-O-Wisp|p1a: Garchomp
|-status|p1a: Garchomp|brn
|
|-heal|p2a: Heatran|88/100|[from] item: Leftovers
|-damage|p1a: Garchomp|88/100 brn|[from] brn
|upkeep
|turn|11
|inactive|lsc29 has 120 seconds left.
|
|t:|1734836168
|move|p1a: Garchomp|Earthquake|p2a: Heatran
|-supereffective|p2a: Heatran
|-end|p2a: Heatran|Substitute
|move|p2a: Heatran|Magma Storm|p1a: Garchomp
|-resisted|p1a: Garchomp
|-damage|p1a: Garchomp|50/100 brn
|-activate|p1a: Garchomp|move: Magma Storm|[of] p2a: Heatran
|
|-heal|p2a: Heatran|94/100|[from] item: Leftovers
|-damage|p1a: Garchomp|37/100 brn|[from] brn
|-damage|p1a: Garchomp|31/100 brn|[from] move: Magma Storm|[partiallytrapped]
|upkeep
|turn|12
|
|t:|1734836179
|move|p2a: Heatran|Protect|p2a: Heatran
|-singleturn|p2a: Heatran|Protect
|move|p1a: Garchomp|Swords Dance|p1a: Garchomp
|-boost|p1a: Garchomp|atk|2
|
|-heal|p2a: Heatran|100/100|[from] item: Leftovers
|-damage|p1a: Garchomp|19/100 brn|[from] brn
|-damage|p1a: Garchomp|13/100 brn|[from] move: Magma Storm|[partiallytrapped]
|upkeep
|turn|13
|
|t:|1734836186
|move|p1a: Garchomp|Earthquake|p2a: Heatran
|-supereffective|p2a: Heatran
|-damage|p2a: Heatran|0 fnt
|faint|p2a: Heatran
|
|-damage|p1a: Garchomp|0 fnt|[from] brn
|faint|p1a: Garchomp
|upkeep
|inactive|HydreigonSpammer has 120 seconds left.
|
|t:|1734836232
|switch|p1a: Bisharp|Bisharp, F|100/100
|switch|p2a: Landorus|Landorus-Therian, M|100/100
|-damage|p2a: Landorus|88/100|[from] Stealth Rock
|-ability|p2a: Landorus|Intimidate|boost
|-unboost|p1a: Bisharp|atk|1
|-ability|p1a: Bisharp|Defiant|boost
|-boost|p1a: Bisharp|atk|2
|turn|14
|inactive|HydreigonSpammer has 90 seconds left.
|inactive|lsc29 has 120 seconds left.
|inactive|HydreigonSpammer has 60 seconds left.
|inactive|lsc29 has 90 seconds left.
|
|t:|1734836309
|move|p1a: Bisharp|Sucker Punch|p2a: Landorus
|-damage|p2a: Landorus|9/100
|move|p2a: Landorus|Superpower|p1a: Bisharp
|-supereffective|p1a: Bisharp
|-damage|p1a: Bisharp|0 fnt
|-unboost|p2a: Landorus|atk|1
|-unboost|p2a: Landorus|def|1
|faint|p1a: Bisharp
|
|upkeep
|
|t:|1734836321
|switch|p1a: Dragonite|Dragonite, M|100/100
|turn|15
|c|☆lsc29|Ick
|c|☆lsc29|Icl
|c|☆lsc29|Gty
|c|☆lsc29|Sorry
|c|☆lsc29|Gg
|c|☆lsc29|*gtg
|-message|lsc29 forfeited.
|
|win|HydreigonSpammer
|raw|HydreigonSpammer's rating: 1356 &rarr; <strong>1379</strong><br />(+23 for winning)
|raw|lsc29's rating: 1404 &rarr; <strong>1381</strong><br />(-23 for losing)
