|j|☆tidbits of info
|j|☆Rick91
|t:|1728384840
|gametype|singles
|player|p1|tidbits of info|emmet|1348
|player|p2|Rick91|brawly|1445
|teamsize|p1|6
|teamsize|p2|6
|gen|5
|tier|[Gen 5] OU
|rated|
|rule|Species Clause: Limit one of each Pokémon
|rule|OHKO Clause: OHKO moves are banned
|rule|Moody Clause: Moody is banned
|rule|Evasion Items Clause: Evasion items are banned
|rule|Evasion Moves Clause: Evasion moves are banned
|rule|Endless Battle Clause: Forcing endless battles is banned
|rule|HP Percentage Mod: HP is shown in percentages
|rule|Evasion Abilities Clause: Evasion abilities are banned
|rule|Sleep Moves Clause: Sleep-inducing moves are banned
|rule|Swagger Clause: Swagger is banned
|rule|Baton Pass Stat Clause: No Baton Passer may have a way to boost its stats
|clearpoke
|poke|p1|Toxicroak, F|item
|poke|p1|Politoed, F|item
|poke|p1|Kyurem-Black|item
|poke|p1|Latios, M|item
|poke|p1|Bronzong|item
|poke|p1|Gastrodon, F|item
|poke|p2|Ninetales, F|item
|poke|p2|Arcanine, M|item
|poke|p2|Landorus-Therian, M|item
|poke|p2|Lickilicky, M|item
|poke|p2|Donphan, M|item
|poke|p2|Cresselia, F|item
|teampreview
|inactive|Battle timer is ON: inactive players will automatically lose when time's up. (requested by Rick91)
|inactive|tidbits of info also wants the timer to be on.
|inactive|Rick91 has 120 seconds left.
|
|t:|1728384883
|start
|switch|p1a: Bronzong|Bronzong|100/100
|switch|p2a: Landorus|Landorus-Therian, M|100/100
|-ability|p2a: Landorus|Intimidate|boost
|-unboost|p1a: Bronzong|atk|1
|turn|1
|
|t:|1728384889
|move|p2a: Landorus|U-turn|p1a: Bronzong
|-damage|p1a: Bronzong|79/100
|
|t:|1728384898
|switch|p2a: Lickilicky|Lickilicky, M|100/100|[from] U-turn
|-ability|p2a: Lickilicky|Cloud Nine
|move|p1a: Bronzong|Stealth Rock|p2a: Lickilicky
|-sidestart|p2: Rick91|move: Stealth Rock
|
|-heal|p1a: Bronzong|86/100|[from] item: Leftovers
|upkeep
|turn|2
|
|t:|1728384917
|switch|p1a: Politoed|Politoed, F|100/100
|-weather|RainDance|[from] ability: Drizzle|[of] p1a: Politoed
|move|p2a: Lickilicky|Fire Blast|p1a: Politoed
|-resisted|p1a: Politoed
|-damage|p1a: Politoed|86/100
|
|-weather|RainDance|[upkeep]
|-heal|p1a: Politoed|93/100|[from] item: Leftovers
|upkeep
|turn|3
|-activate|p2a: Lickilicky|item: Quick Claw
|
|t:|1728384929
|move|p2a: Lickilicky|Thunderbolt|p1a: Politoed
|-supereffective|p1a: Politoed
|-crit|p1a: Politoed
|-damage|p1a: Politoed|0 fnt
|faint|p1a: Politoed
|
|-weather|RainDance|[upkeep]
|upkeep
|
|t:|1728384942
|switch|p1a: Kyurem|Kyurem-Black|100/100
|-ability|p1a: Kyurem|Teravolt
|turn|4
|inactive|Rick91 has 120 seconds left.
|-activate|p2a: Lickilicky|item: Quick Claw
|
|t:|1728384979
|move|p2a: Lickilicky|Focus Blast|p1a: Kyurem|[miss]
|-miss|p2a: Lickilicky|p1a: Kyurem
|move|p1a: Kyurem|Substitute|p1a: Kyurem
|-start|p1a: Kyurem|Substitute
|-damage|p1a: Kyurem|76/100
|
|-weather|RainDance|[upkeep]
|-heal|p1a: Kyurem|82/100|[from] item: Leftovers
|upkeep
|turn|5
|
|t:|1728385002
|move|p1a: Kyurem|Ice Beam|p2a: Lickilicky
|-damage|p2a: Lickilicky|54/100
|-status|p2a: Lickilicky|frz
|cant|p2a: Lickilicky|frz
|
|-weather|RainDance|[upkeep]
|-heal|p1a: Kyurem|88/100|[from] item: Leftovers
|upkeep
|turn|6
|inactive|Rick91 has 120 seconds left.
|inactive|Rick91 has 90 seconds left.
|
|t:|1728385047
|move|p1a: Kyurem|Ice Beam|p2a: Lickilicky
|-damage|p2a: Lickilicky|14/100 frz
|cant|p2a: Lickilicky|frz
|
|-weather|RainDance|[upkeep]
|-heal|p1a: Kyurem|94/100|[from] item: Leftovers
|upkeep
|turn|7
|
|t:|1728385058
|move|p1a: Kyurem|Ice Beam|p2a: Lickilicky
|-damage|p2a: Lickilicky|0 fnt
|faint|p2a: Lickilicky
|
|-weather|RainDance|[upkeep]
|-heal|p1a: Kyurem|99/100|[from] item: Leftovers
|upkeep
|
|t:|1728385061
|switch|p2a: Ninetales|Ninetales, F|100/100
|-damage|p2a: Ninetales|76/100|[from] Stealth Rock
|-weather|SunnyDay|[from] ability: Drought|[of] p2a: Ninetales
|turn|8
|
|t:|1728385071
|move|p2a: Ninetales|Psyshock|p1a: Kyurem
|-end|p1a: Kyurem|Substitute
|move|p1a: Kyurem|Earth Power|p2a: Ninetales
|-supereffective|p2a: Ninetales
|-damage|p2a: Ninetales|5/100
|
|-weather|SunnyDay|[upkeep]
|-heal|p1a: Kyurem|100/100|[from] item: Leftovers
|upkeep
|turn|9
|
|t:|1728385085
|move|p2a: Ninetales|Psyshock|p1a: Kyurem
|-damage|p1a: Kyurem|71/100
|move|p1a: Kyurem|Ice Beam|p2a: Ninetales
|-resisted|p2a: Ninetales
|-damage|p2a: Ninetales|0 fnt
|faint|p2a: Ninetales
|
|-weather|SunnyDay|[upkeep]
|-heal|p1a: Kyurem|77/100|[from] item: Leftovers
|upkeep
|
|t:|1728385090
|switch|p2a: Landorus|Landorus-Therian, M|100/100
|-damage|p2a: Landorus|88/100|[from] Stealth Rock
|-ability|p2a: Landorus|Intimidate|boost
|-unboost|p1a: Kyurem|atk|1
|turn|10
|
|t:|1728385101
|switch|p1a: Bronzong|Bronzong|86/100
|move|p2a: Landorus|Superpower|p1a: Bronzong
|-damage|p1a: Bronzong|51/100
|-unboost|p2a: Landorus|atk|1
|-unboost|p2a: Landorus|def|1
|
|-weather|SunnyDay|[upkeep]
|-heal|p1a: Bronzong|58/100|[from] item: Leftovers
|upkeep
|turn|11
|
|t:|1728385109
|switch|p2a: Donphan|Donphan, M|100/100
|-damage|p2a: Donphan|94/100|[from] Stealth Rock
|move|p1a: Bronzong|Hidden Power|p2a: Donphan
|-supereffective|p2a: Donphan
|-damage|p2a: Donphan|53/100
|
|-weather|SunnyDay|[upkeep]
|-heal|p2a: Donphan|59/100|[from] item: Leftovers
|-heal|p1a: Bronzong|64/100|[from] item: Leftovers
|upkeep
|turn|12
|
|t:|1728385117
|move|p2a: Donphan|Stealth Rock|p1a: Bronzong
|-sidestart|p1: tidbits of info|move: Stealth Rock
|move|p1a: Bronzong|Hidden Power|p2a: Donphan
|-supereffective|p2a: Donphan
|-damage|p2a: Donphan|20/100
|
|-weather|SunnyDay|[upkeep]
|-heal|p2a: Donphan|26/100|[from] item: Leftovers
|-heal|p1a: Bronzong|70/100|[from] item: Leftovers
|upkeep
|turn|13
|
|t:|1728385122
|move|p2a: Donphan|Rapid Spin|p1a: Bronzong
|-resisted|p1a: Bronzong
|-damage|p1a: Bronzong|68/100
|-sideend|p2: Rick91|Stealth Rock|[from] move: Rapid Spin|[of] p2a: Donphan
|move|p1a: Bronzong|Gyro Ball|p2a: Donphan
|-crit|p2a: Donphan
|-damage|p2a: Donphan|3/100
|
|-weather|SunnyDay|[upkeep]
|-heal|p2a: Donphan|9/100|[from] item: Leftovers
|-heal|p1a: Bronzong|74/100|[from] item: Leftovers
|upkeep
|turn|14
|
|t:|1728385129
|switch|p2a: Arcanine|Arcanine, M|100/100
|-ability|p2a: Arcanine|Intimidate|boost
|-unboost|p1a: Bronzong|atk|1
|move|p1a: Bronzong|Hidden Power|p2a: Arcanine
|-resisted|p2a: Arcanine
|-damage|p2a: Arcanine|94/100
|
|-weather|SunnyDay|[upkeep]
|-heal|p2a: Arcanine|99/100|[from] item: Leftovers
|-heal|p1a: Bronzong|80/100|[from] item: Leftovers
|upkeep
|turn|15
|
|t:|1728385142
|switch|p1a: Toxicroak|Toxicroak, F|100/100
|-damage|p1a: Toxicroak|94/100|[from] Stealth Rock
|move|p2a: Arcanine|Flare Blitz|p1a: Toxicroak
|-damage|p1a: Toxicroak|0 fnt
|faint|p1a: Toxicroak
|-damage|p2a: Arcanine|75/100|[from] Recoil
|
|-weather|SunnyDay|[upkeep]
|-heal|p2a: Arcanine|81/100|[from] item: Leftovers
|upkeep
|
|t:|1728385155
|switch|p1a: Latios|Latios, M|100/100
|-damage|p1a: Latios|88/100|[from] Stealth Rock
|turn|16
|
|t:|1728385168
|switch|p2a: Cresselia|Cresselia, F|100/100
|move|p1a: Latios|Draco Meteor|p2a: Cresselia
|-damage|p2a: Cresselia|67/100
|-unboost|p1a: Latios|spa|2
|
|-weather|SunnyDay|[upkeep]
|-heal|p2a: Cresselia|73/100|[from] item: Leftovers
|upkeep
|turn|17
|
|t:|1728385176
|switch|p1a: Gastrodon|Gastrodon, F|100/100
|-damage|p1a: Gastrodon|94/100|[from] Stealth Rock
|move|p2a: Cresselia|Ice Beam|p1a: Gastrodon
|-damage|p1a: Gastrodon|78/100
|
|-weather|SunnyDay|[upkeep]
|-heal|p2a: Cresselia|80/100|[from] item: Leftovers
|-heal|p1a: Gastrodon|84/100|[from] item: Leftovers
|upkeep
|turn|18
|
|t:|1728385188
|move|p2a: Cresselia|Psychic|p1a: Gastrodon
|-damage|p1a: Gastrodon|60/100
|move|p1a: Gastrodon|Scald|p2a: Cresselia
|-damage|p2a: Cresselia|74/100
|-status|p2a: Cresselia|brn
|
|-weather|SunnyDay|[upkeep]
|-heal|p2a: Cresselia|80/100 brn|[from] item: Leftovers
|-heal|p1a: Gastrodon|66/100|[from] item: Leftovers
|-damage|p2a: Cresselia|68/100 brn|[from] brn
|upkeep
|turn|19
|
|t:|1728385206
|move|p2a: Cresselia|Psychic|p1a: Gastrodon
|-damage|p1a: Gastrodon|43/100
|move|p1a: Gastrodon|Ice Beam|p2a: Cresselia
|-crit|p2a: Cresselia
|-damage|p2a: Cresselia|48/100 brn
|
|-weather|SunnyDay|[upkeep]
|-heal|p2a: Cresselia|55/100 brn|[from] item: Leftovers
|-heal|p1a: Gastrodon|49/100|[from] item: Leftovers
|-damage|p2a: Cresselia|42/100 brn|[from] brn
|upkeep
|turn|20
|
|t:|1728385212
|move|p2a: Cresselia|Moonlight|p2a: Cresselia
|-heal|p2a: Cresselia|100/100 brn
|move|p1a: Gastrodon|Recover|p1a: Gastrodon
|-heal|p1a: Gastrodon|99/100
|
|-weather|SunnyDay|[upkeep]
|-heal|p1a: Gastrodon|100/100|[from] item: Leftovers
|-damage|p2a: Cresselia|88/100 brn|[from] brn
|upkeep
|turn|21
|
|t:|1728385218
|switch|p1a: Bronzong|Bronzong|80/100
|-damage|p1a: Bronzong|74/100|[from] Stealth Rock
|move|p2a: Cresselia|Psychic|p1a: Bronzong
|-resisted|p1a: Bronzong
|-damage|p1a: Bronzong|69/100
|
|-weather|SunnyDay|[upkeep]
|-heal|p2a: Cresselia|94/100 brn|[from] item: Leftovers
|-heal|p1a: Bronzong|75/100|[from] item: Leftovers
|-damage|p2a: Cresselia|82/100 brn|[from] brn
|upkeep
|turn|22
|
|t:|1728385220
|move|p2a: Cresselia|Thunder Wave|p1a: Bronzong
|-status|p1a: Bronzong|par
|move|p1a: Bronzong|Stealth Rock|p2a: Cresselia
|-sidestart|p2: Rick91|move: Stealth Rock
|
|-weather|SunnyDay|[upkeep]
|-heal|p2a: Cresselia|88/100 brn|[from] item: Leftovers
|-heal|p1a: Bronzong|82/100 par|[from] item: Leftovers
|-damage|p2a: Cresselia|75/100 brn|[from] brn
|upkeep
|turn|23
|
|t:|1728385239
|move|p2a: Cresselia|Psychic|p1a: Bronzong
|-resisted|p1a: Bronzong
|-damage|p1a: Bronzong|77/100 par
|cant|p1a: Bronzong|par
|
|-weather|SunnyDay|[upkeep]
|-heal|p2a: Cresselia|82/100 brn|[from] item: Leftovers
|-heal|p1a: Bronzong|83/100 par|[from] item: Leftovers
|-damage|p2a: Cresselia|69/100 brn|[from] brn
|upkeep
|turn|24
|
|t:|1728385244
|switch|p2a: Donphan|Donphan, M|9/100
|-damage|p2a: Donphan|3/100|[from] Stealth Rock
|move|p1a: Bronzong|Gyro Ball|p2a: Donphan
|-damage|p2a: Donphan|0 fnt
|faint|p2a: Donphan
|
|-weather|SunnyDay|[upkeep]
|-heal|p1a: Bronzong|89/100 par|[from] item: Leftovers
|upkeep
|
|t:|1728385246
|switch|p2a: Landorus|Landorus-Therian, M|88/100
|-damage|p2a: Landorus|76/100|[from] Stealth Rock
|-ability|p2a: Landorus|Intimidate|boost
|-unboost|p1a: Bronzong|atk|1
|turn|25
|
|t:|1728385251
|move|p2a: Landorus|U-turn|p1a: Bronzong
|-damage|p1a: Bronzong|70/100 par
|
|t:|1728385253
|switch|p2a: Arcanine|Arcanine, M|81/100|[from] U-turn
|-damage|p2a: Arcanine|56/100|[from] Stealth Rock
|-ability|p2a: Arcanine|Intimidate|boost
|-unboost|p1a: Bronzong|atk|1
|move|p1a: Bronzong|Hidden Power|p2a: Arcanine
|-resisted|p2a: Arcanine
|-damage|p2a: Arcanine|49/100
|
|-weather|SunnyDay|[upkeep]
|-heal|p2a: Arcanine|55/100|[from] item: Leftovers
|-heal|p1a: Bronzong|76/100 par|[from] item: Leftovers
|upkeep
|turn|26
|
|t:|1728385258
|switch|p1a: Gastrodon|Gastrodon, F|100/100
|-damage|p1a: Gastrodon|94/100|[from] Stealth Rock
|move|p2a: Arcanine|Flare Blitz|p1a: Gastrodon
|-resisted|p1a: Gastrodon
|-damage|p1a: Gastrodon|70/100
|-damage|p2a: Arcanine|47/100|[from] Recoil
|
|-weather|SunnyDay|[upkeep]
|-heal|p2a: Arcanine|53/100|[from] item: Leftovers
|-heal|p1a: Gastrodon|76/100|[from] item: Leftovers
|upkeep
|turn|27
|
|t:|1728385271
|move|p2a: Arcanine|Will-O-Wisp|p1a: Gastrodon|[miss]
|-miss|p2a: Arcanine|p1a: Gastrodon
|move|p1a: Gastrodon|Scald|p2a: Arcanine
|-supereffective|p2a: Arcanine
|-damage|p2a: Arcanine|25/100
|
|-weather|SunnyDay|[upkeep]
|-heal|p2a: Arcanine|31/100|[from] item: Leftovers
|-heal|p1a: Gastrodon|82/100|[from] item: Leftovers
|upkeep
|turn|28
|
|t:|1728385276
|move|p2a: Arcanine|Morning Sun|p2a: Arcanine
|-heal|p2a: Arcanine|98/100
|move|p1a: Gastrodon|Scald|p2a: Arcanine
|-supereffective|p2a: Arcanine
|-crit|p2a: Arcanine
|-damage|p2a: Arcanine|44/100
|
|-weather|SunnyDay|[upkeep]
|-heal|p2a: Arcanine|50/100|[from] item: Leftovers
|-heal|p1a: Gastrodon|88/100|[from] item: Leftovers
|upkeep
|turn|29
|
|t:|1728385279
|move|p2a: Arcanine|Will-O-Wisp|p1a: Gastrodon|[miss]
|-miss|p2a: Arcanine|p1a: Gastrodon
|move|p1a: Gastrodon|Toxic|p2a: Arcanine
|-status|p2a: Arcanine|tox
|
|-weather|SunnyDay|[upkeep]
|-heal|p2a: Arcanine|56/100 tox|[from] item: Leftovers
|-heal|p1a: Gastrodon|94/100|[from] item: Leftovers
|-damage|p2a: Arcanine|50/100 tox|[from] psn
|upkeep
|turn|30
|
|t:|1728385287
|move|p2a: Arcanine|Will-O-Wisp|p1a: Gastrodon
|-status|p1a: Gastrodon|brn
|move|p1a: Gastrodon|Scald|p2a: Arcanine
|-supereffective|p2a: Arcanine
|-damage|p2a: Arcanine|22/100 tox
|
|-weather|SunnyDay|[upkeep]
|-heal|p2a: Arcanine|28/100 tox|[from] item: Leftovers
|-heal|p1a: Gastrodon|100/100 brn|[from] item: Leftovers
|-damage|p2a: Arcanine|16/100 tox|[from] psn
|-damage|p1a: Gastrodon|88/100 brn|[from] brn
|upkeep
|turn|31
|
|t:|1728385290
|move|p2a: Arcanine|Morning Sun|p2a: Arcanine
|-heal|p2a: Arcanine|83/100 tox
|move|p1a: Gastrodon|Scald|p2a: Arcanine
|-supereffective|p2a: Arcanine
|-damage|p2a: Arcanine|55/100 tox
|
|-weather|SunnyDay|[upkeep]
|-heal|p2a: Arcanine|62/100 tox|[from] item: Leftovers
|-heal|p1a: Gastrodon|94/100 brn|[from] item: Leftovers
|-damage|p2a: Arcanine|43/100 tox|[from] psn
|-damage|p1a: Gastrodon|82/100 brn|[from] brn
|upkeep
|turn|32
|
|t:|1728385298
|switch|p1a: Kyurem|Kyurem-Black|77/100
|-damage|p1a: Kyurem|52/100|[from] Stealth Rock
|-ability|p1a: Kyurem|Teravolt
|move|p2a: Arcanine|Morning Sun|p2a: Arcanine
|-heal|p2a: Arcanine|100/100 tox
|
|-weather|SunnyDay|[upkeep]
|-heal|p1a: Kyurem|58/100|[from] item: Leftovers
|-damage|p2a: Arcanine|75/100 tox|[from] psn
|upkeep
|turn|33
|
|t:|1728385306
|switch|p1a: Gastrodon|Gastrodon, F|82/100 brn
|-damage|p1a: Gastrodon|76/100 brn|[from] Stealth Rock
|move|p2a: Arcanine|Flare Blitz|p1a: Gastrodon
|-resisted|p1a: Gastrodon
|-damage|p1a: Gastrodon|50/100 brn
|-damage|p2a: Arcanine|66/100 tox|[from] Recoil
|
|-weather|SunnyDay|[upkeep]
|-heal|p2a: Arcanine|73/100 tox|[from] item: Leftovers
|-heal|p1a: Gastrodon|57/100 brn|[from] item: Leftovers
|-damage|p2a: Arcanine|41/100 tox|[from] psn
|-damage|p1a: Gastrodon|44/100 brn|[from] brn
|upkeep
|turn|34
|
|t:|1728385325
|move|p2a: Arcanine|Morning Sun|p2a: Arcanine
|-heal|p2a: Arcanine|100/100 tox
|move|p1a: Gastrodon|Recover|p1a: Gastrodon
|-heal|p1a: Gastrodon|94/100 brn
|
|-weather|SunnyDay|[upkeep]
|-heal|p1a: Gastrodon|99/100 brn|[from] item: Leftovers
|-damage|p2a: Arcanine|63/100 tox|[from] psn
|-damage|p1a: Gastrodon|88/100 brn|[from] brn
|upkeep
|turn|35
|
|t:|1728385339
|switch|p2a: Cresselia|Cresselia, F|69/100 brn
|-damage|p2a: Cresselia|57/100 brn|[from] Stealth Rock
|move|p1a: Gastrodon|Scald|p2a: Cresselia
|-crit|p2a: Cresselia
|-damage|p2a: Cresselia|45/100 brn
|
|-weather|SunnyDay|[upkeep]
|-heal|p2a: Cresselia|51/100 brn|[from] item: Leftovers
|-heal|p1a: Gastrodon|94/100 brn|[from] item: Leftovers
|-damage|p2a: Cresselia|39/100 brn|[from] brn
|-damage|p1a: Gastrodon|81/100 brn|[from] brn
|upkeep
|turn|36
|
|t:|1728385347
|switch|p1a: Latios|Latios, M|88/100
|-damage|p1a: Latios|76/100|[from] Stealth Rock
|move|p2a: Cresselia|Psychic|p1a: Latios
|-resisted|p1a: Latios
|-damage|p1a: Latios|64/100
|
|-weather|SunnyDay|[upkeep]
|-heal|p2a: Cresselia|45/100 brn|[from] item: Leftovers
|-damage|p2a: Cresselia|33/100 brn|[from] brn
|upkeep
|turn|37
|
|t:|1728385370
|move|p1a: Latios|Draco Meteor|p2a: Cresselia
|-damage|p2a: Cresselia|0 fnt
|-unboost|p1a: Latios|spa|2
|faint|p2a: Cresselia
|
|-weather|SunnyDay|[upkeep]
|upkeep
|
|t:|1728385387
|switch|p2a: Landorus|Landorus-Therian, M|76/100
|-damage|p2a: Landorus|63/100|[from] Stealth Rock
|-ability|p2a: Landorus|Intimidate|boost
|-unboost|p1a: Latios|atk|1
|turn|38
|
|t:|1728385398
|switch|p1a: Gastrodon|Gastrodon, F|81/100 brn
|-damage|p1a: Gastrodon|75/100 brn|[from] Stealth Rock
|move|p2a: Landorus|Stone Edge|p1a: Gastrodon
|-resisted|p1a: Gastrodon
|-damage|p1a: Gastrodon|61/100 brn
|
|-weather|SunnyDay|[upkeep]
|-heal|p1a: Gastrodon|67/100 brn|[from] item: Leftovers
|-damage|p1a: Gastrodon|55/100 brn|[from] brn
|upkeep
|turn|39
|-message|Rick91 forfeited.
|
|win|tidbits of info
|raw|tidbits of info's rating: 1348 &rarr; <strong>1373</strong><br />(+25 for winning)
|raw|Rick91's rating: 1445 &rarr; <strong>1420</strong><br />(-25 for losing)
|l|☆Rick91
|player|p2|
