|j|r. belischmidt
|j|Bongi
|player|p1|r. belischmidt|170
|player|p2|Bongi|224
|gametype|singles
|gen|5
|tier|[Gen 5] OU
|rated
|seed|12058,10763,27668,37892
|rule|Evasion Abilities Clause: Evasion abilities are banned
|rule|Baton Pass Clause: Limit one Baton Passer, can't pass Spe and other stats simultaneously
|rule|Swagger Clause: Swagger is banned
|clearpoke
|poke|p1|Dragonite, F|item
|poke|p1|Hippowdon, M|item
|poke|p1|Ferrothorn, F|item
|poke|p1|Starmie|item
|poke|p1|Jellicent, F|item
|poke|p1|Tyranitar, M|item
|poke|p2|Tyranitar, M|item
|poke|p2|Skarmory, M|item
|poke|p2|Breloom, M|item
|poke|p2|Latios, M|item
|poke|p2|Keldeo-Resolute|item
|poke|p2|Garchomp, M|item
|rule|Sleep Clause Mod: Limit one foe put to sleep
|rule|Species Clause: Limit one of each Pokémon
|rule|OHKO Clause: OHKO moves are banned
|rule|Moody Clause: Moody is banned
|rule|Evasion Moves Clause: Evasion moves are banned
|rule|Endless Battle Clause: Forcing endless battles is banned
|rule|HP Percentage Mod: HP is shown in percentages
|teampreview
|inactive|Battle timer is ON: inactive players will automatically lose when time's up. (requested by Bongi)
|c|☆Bongi|Hf
|choice|team 1, team 2, team 3, team 4, team 5, team 6|team 2, team 1, team 3, team 4, team 5, team 6
|
|start
|switch|p1a: Dragonite|Dragonite, F|385/385
|switch|p2a: Skarmory|Skarmory, M|333/333
|turn|1
|choice|switch 4|move stealthrock
|
|switch|p1a: Starmie|Starmie|324/324
|move|p2a: Skarmory|Stealth Rock|p1a: Starmie
|-sidestart|p1: r. belischmidt|move: Stealth Rock
|
|upkeep
|turn|2
|choice|move rapidspin|switch 2
|
|switch|p2a: Tyranitar|Tyranitar, M|341/341
|-weather|Sandstorm|[from] ability: Sand Stream|[of] p2a: Tyranitar
|move|p1a: Starmie|Rapid Spin|p2a: Tyranitar
|-resisted|p2a: Tyranitar
|-damage|p2a: Tyranitar|336/341
|-sideend|p1: r. belischmidt|Stealth Rock|[from] move: Rapid Spin|[of] p1a: Starmie
|
|-weather|Sandstorm|[upkeep]
|-damage|p1a: Starmie|304/324|[from] sandstorm
|-heal|p1a: Starmie|324/324|[from] item: Leftovers
|upkeep
|turn|3
|choice|move scald|move crunch
|
|move|p2a: Tyranitar|Crunch|p1a: Starmie
|-supereffective|p1a: Starmie
|-damage|p1a: Starmie|0 fnt
|faint|p1a: Starmie
|
|-weather|Sandstorm|[upkeep]
|upkeep
|choice|switch 2|
|
|switch|p1a: Hippowdon|Hippowdon, M|419/419
|turn|4
|choice|move stealthrock|switch 3
|
|switch|p2a: Breloom|Breloom, M|262/262
|move|p1a: Hippowdon|Stealth Rock|p2a: Breloom
|-sidestart|p2: Bongi|move: Stealth Rock
|
|-weather|Sandstorm|[upkeep]
|-damage|p2a: Breloom|246/262|[from] sandstorm
|upkeep
|turn|5
|choice|switch 4|move spore
|
|switch|p1a: Dragonite|Dragonite, F|385/385
|move|p2a: Breloom|Spore|p1a: Dragonite
|-status|p1a: Dragonite|slp
|
|-weather|Sandstorm|[upkeep]
|-damage|p2a: Breloom|230/262|[from] sandstorm
|-damage|p1a: Dragonite|361/385 slp|[from] sandstorm
|-heal|p1a: Dragonite|385/385 slp|[from] item: Leftovers
|upkeep
|turn|6
|choice|move roost|switch 3
|
|switch|p2a: Tyranitar|Tyranitar, M|336/341
|-damage|p2a: Tyranitar|294/341|[from] Stealth Rock
|cant|p1a: Dragonite|slp
|
|-weather|Sandstorm|[upkeep]
|-damage|p1a: Dragonite|361/385 slp|[from] sandstorm
|-heal|p1a: Dragonite|385/385 slp|[from] item: Leftovers
|upkeep
|turn|7
|choice|switch 3|move icebeam
|
|switch|p1a: Ferrothorn|Ferrothorn, F|351/351
|move|p2a: Tyranitar|Ice Beam|p1a: Ferrothorn
|-damage|p1a: Ferrothorn|298/351
|-status|p1a: Ferrothorn|frz
|
|-weather|Sandstorm|[upkeep]
|-heal|p1a: Ferrothorn|319/351 frz|[from] item: Leftovers
|upkeep
|turn|8
|choice|move spikes|switch 3
|
|switch|p2a: Breloom|Breloom, M|230/262
|-damage|p2a: Breloom|214/262|[from] Stealth Rock
|cant|p1a: Ferrothorn|frz
|
|-weather|Sandstorm|[upkeep]
|-damage|p2a: Breloom|198/262|[from] sandstorm
|-heal|p1a: Ferrothorn|340/351 frz|[from] item: Leftovers
|upkeep
|turn|9
|j|Miha Zarabec
|choice|switch 3|move focuspunch
|
|-singleturn|p2a: Breloom|move: Focus Punch
|switch|p1a: Dragonite|Dragonite, F|385/385 slp
|move|p2a: Breloom|Focus Punch|p1a: Dragonite
|-enditem|p2a: Breloom|Fighting Gem|[from] gem|[move] Focus Punch
|-resisted|p1a: Dragonite
|-crit|p1a: Dragonite
|-damage|p1a: Dragonite|174/385 slp
|
|-weather|Sandstorm|[upkeep]
|-damage|p2a: Breloom|182/262|[from] sandstorm
|-damage|p1a: Dragonite|150/385 slp|[from] sandstorm
|-heal|p1a: Dragonite|174/385 slp|[from] item: Leftovers
|upkeep
|turn|10
|choice|move roost|switch 3
|
|switch|p2a: Tyranitar|Tyranitar, M|294/341
|-damage|p2a: Tyranitar|252/341|[from] Stealth Rock
|cant|p1a: Dragonite|slp
|
|-weather|Sandstorm|[upkeep]
|-damage|p1a: Dragonite|150/385 slp|[from] sandstorm
|-heal|p1a: Dragonite|174/385 slp|[from] item: Leftovers
|upkeep
|turn|11
|choice|move roost|move pursuit
|
|move|p2a: Tyranitar|Pursuit|p1a: Dragonite
|-damage|p1a: Dragonite|105/385 slp
|cant|p1a: Dragonite|slp
|
|-weather|Sandstorm|[upkeep]
|-damage|p1a: Dragonite|81/385 slp|[from] sandstorm
|-heal|p1a: Dragonite|105/385 slp|[from] item: Leftovers
|upkeep
|turn|12
|choice|move roost|switch 2
|
|switch|p2a: Skarmory|Skarmory, M|333/333
|-damage|p2a: Skarmory|292/333|[from] Stealth Rock
|-curestatus|p1a: Dragonite|slp|[msg]
|move|p1a: Dragonite|Roost|p1a: Dragonite
|-heal|p1a: Dragonite|298/385
|
|-weather|Sandstorm|[upkeep]
|-damage|p1a: Dragonite|274/385|[from] sandstorm
|-heal|p1a: Dragonite|298/385|[from] item: Leftovers
|-heal|p2a: Skarmory|312/333|[from] item: Leftovers
|upkeep
|turn|13
|choice|move thunderwave|move stealthrock
|
|move|p1a: Dragonite|Thunder Wave|p2a: Skarmory
|-status|p2a: Skarmory|par
|move|p2a: Skarmory|Stealth Rock|p1a: Dragonite
|-sidestart|p1: r. belischmidt|move: Stealth Rock
|
|-weather|Sandstorm|[upkeep]
|-damage|p1a: Dragonite|274/385|[from] sandstorm
|-heal|p1a: Dragonite|298/385|[from] item: Leftovers
|-heal|p2a: Skarmory|332/333 par|[from] item: Leftovers
|upkeep
|turn|14
|choice|move roost|move whirlwind
|
|move|p1a: Dragonite|Roost|p1a: Dragonite
|-heal|p1a: Dragonite|385/385
|cant|p2a: Skarmory|par
|
|-weather|Sandstorm|[upkeep]
|-damage|p1a: Dragonite|361/385|[from] sandstorm
|-heal|p1a: Dragonite|385/385|[from] item: Leftovers
|-heal|p2a: Skarmory|333/333 par|[from] item: Leftovers
|upkeep
|turn|15
|choice|move dragontail|move whirlwind
|
|move|p1a: Dragonite|Dragon Tail|p2a: Skarmory
|-resisted|p2a: Skarmory
|-damage|p2a: Skarmory|296/333 par
|drag|p2a: Keldeo|Keldeo-Resolute|323/323
|-damage|p2a: Keldeo|303/323|[from] Stealth Rock
|
|-weather|Sandstorm|[upkeep]
|-damage|p2a: Keldeo|283/323|[from] sandstorm
|-damage|p1a: Dragonite|361/385|[from] sandstorm
|-heal|p1a: Dragonite|385/385|[from] item: Leftovers
|upkeep
|turn|16
|choice|move thunderwave|move hiddenpower
|
|move|p2a: Keldeo|Hidden Power|p1a: Dragonite
|-damage|p1a: Dragonite|335/385
|move|p1a: Dragonite|Thunder Wave|p2a: Keldeo
|-status|p2a: Keldeo|par
|
|-weather|Sandstorm|[upkeep]
|-damage|p1a: Dragonite|311/385|[from] sandstorm
|-damage|p2a: Keldeo|263/323 par|[from] sandstorm
|-heal|p1a: Dragonite|335/385|[from] item: Leftovers
|upkeep
|turn|17
|choice|move substitute|switch 6
|
|switch|p2a: Garchomp|Garchomp, M|357/357
|-damage|p2a: Garchomp|335/357|[from] Stealth Rock
|move|p1a: Dragonite|Substitute|p1a: Dragonite
|-start|p1a: Dragonite|Substitute
|-damage|p1a: Dragonite|239/385
|
|-weather|Sandstorm|[upkeep]
|-damage|p1a: Dragonite|215/385|[from] sandstorm
|-heal|p1a: Dragonite|239/385|[from] item: Leftovers
|upkeep
|turn|18
|choice|move roost|move dualchop
|
|move|p2a: Garchomp|Dual Chop|p1a: Dragonite
|-supereffective|p1a: Dragonite
|-end|p1a: Dragonite|Substitute
|-supereffective|p1a: Dragonite
|-damage|p1a: Dragonite|95/385
|-hitcount|p1a: Dragonite|2
|move|p1a: Dragonite|Roost|p1a: Dragonite
|-heal|p1a: Dragonite|288/385
|
|-weather|Sandstorm|[upkeep]
|-damage|p1a: Dragonite|264/385|[from] sandstorm
|-heal|p1a: Dragonite|288/385|[from] item: Leftovers
|upkeep
|turn|19
|choice|switch 3|move dualchop
|
|switch|p1a: Ferrothorn|Ferrothorn, F|340/351 frz
|-damage|p1a: Ferrothorn|319/351 frz|[from] Stealth Rock
|move|p2a: Garchomp|Dual Chop|p1a: Ferrothorn
|-resisted|p1a: Ferrothorn
|-damage|p1a: Ferrothorn|295/351 frz
|-damage|p2a: Garchomp|291/357|[from] ability: Iron Barbs|[of] p1a: Ferrothorn
|-resisted|p1a: Ferrothorn
|-damage|p1a: Ferrothorn|271/351 frz
|-damage|p2a: Garchomp|247/357|[from] ability: Iron Barbs|[of] p1a: Ferrothorn
|-hitcount|p1a: Ferrothorn|2
|
|-weather|Sandstorm|[upkeep]
|-heal|p1a: Ferrothorn|292/351 frz|[from] item: Leftovers
|upkeep
|turn|20
|choice|switch 3|switch 3
|
|switch|p2a: Breloom|Breloom, M|182/262
|-damage|p2a: Breloom|166/262|[from] Stealth Rock
|switch|p1a: Dragonite|Dragonite, F|288/385
|-damage|p1a: Dragonite|192/385|[from] Stealth Rock
|
|-weather|Sandstorm|[upkeep]
|-damage|p2a: Breloom|150/262|[from] sandstorm
|-damage|p1a: Dragonite|168/385|[from] sandstorm
|-heal|p1a: Dragonite|192/385|[from] item: Leftovers
|upkeep
|turn|21
|choice|move roost|move spore
|
|move|p2a: Breloom|Spore|p1a: Dragonite
|-status|p1a: Dragonite|slp
|cant|p1a: Dragonite|slp
|
|-weather|Sandstorm|[upkeep]
|-damage|p2a: Breloom|134/262|[from] sandstorm
|-damage|p1a: Dragonite|168/385 slp|[from] sandstorm
|-heal|p1a: Dragonite|192/385 slp|[from] item: Leftovers
|upkeep
|turn|22
|choice|move roost|move focuspunch
|
|-singleturn|p2a: Breloom|move: Focus Punch
|-curestatus|p1a: Dragonite|slp|[msg]
|move|p1a: Dragonite|Roost|p1a: Dragonite
|-heal|p1a: Dragonite|385/385
|move|p2a: Breloom|Focus Punch|p1a: Dragonite
|-damage|p1a: Dragonite|247/385
|
|-weather|Sandstorm|[upkeep]
|-damage|p2a: Breloom|118/262|[from] sandstorm
|-damage|p1a: Dragonite|223/385|[from] sandstorm
|-heal|p1a: Dragonite|247/385|[from] item: Leftovers
|upkeep
|turn|23
|choice|move roost|move spore
|
|move|p2a: Breloom|Spore|p1a: Dragonite
|-status|p1a: Dragonite|slp
|cant|p1a: Dragonite|slp
|
|-weather|Sandstorm|[upkeep]
|-damage|p2a: Breloom|102/262|[from] sandstorm
|-damage|p1a: Dragonite|223/385 slp|[from] sandstorm
|-heal|p1a: Dragonite|247/385 slp|[from] item: Leftovers
|upkeep
|turn|24
|choice|move roost|switch 4
|
|switch|p2a: Latios|Latios, M|303/303
|-damage|p2a: Latios|266/303|[from] Stealth Rock
|cant|p1a: Dragonite|slp
|
|-weather|Sandstorm|[upkeep]
|-damage|p2a: Latios|248/303|[from] sandstorm
|-damage|p1a: Dragonite|223/385 slp|[from] sandstorm
|-heal|p1a: Dragonite|247/385 slp|[from] item: Leftovers
|upkeep
|turn|25
|choice|switch 6|move surf
|
|switch|p1a: Tyranitar|Tyranitar, M|341/341
|-damage|p1a: Tyranitar|299/341|[from] Stealth Rock
|move|p2a: Latios|Surf|p1a: Tyranitar
|-supereffective|p1a: Tyranitar
|-damage|p1a: Tyranitar|109/341
|
|-weather|Sandstorm|[upkeep]
|-damage|p2a: Latios|230/303|[from] sandstorm
|upkeep
|turn|26
|choice|move crunch|move surf
|
|move|p1a: Tyranitar|Crunch|p2a: Latios
|-supereffective|p2a: Latios
|-damage|p2a: Latios|0 fnt
|faint|p2a: Latios
|
|-weather|Sandstorm|[upkeep]
|upkeep
|choice||switch 4
|
|switch|p2a: Breloom|Breloom, M|102/262
|-damage|p2a: Breloom|86/262|[from] Stealth Rock
|turn|27
|choice|switch 6|move machpunch
|
|switch|p1a: Dragonite|Dragonite, F|247/385 slp
|-damage|p1a: Dragonite|151/385 slp|[from] Stealth Rock
|move|p2a: Breloom|Mach Punch|p1a: Dragonite
|-resisted|p1a: Dragonite
|-damage|p1a: Dragonite|98/385 slp
|
|-weather|Sandstorm|[upkeep]
|-damage|p2a: Breloom|70/262|[from] sandstorm
|-damage|p1a: Dragonite|74/385 slp|[from] sandstorm
|-heal|p1a: Dragonite|98/385 slp|[from] item: Leftovers
|upkeep
|turn|28
|choice|switch 5|move focuspunch
|
|-singleturn|p2a: Breloom|move: Focus Punch
|switch|p1a: Jellicent|Jellicent, F|403/403
|-damage|p1a: Jellicent|353/403|[from] Stealth Rock
|move|p2a: Breloom|Focus Punch|p1a: Jellicent
|-immune|p1a: Jellicent|[msg]
|
|-weather|Sandstorm|[upkeep]
|-damage|p2a: Breloom|54/262|[from] sandstorm
|-damage|p1a: Jellicent|328/403|[from] sandstorm
|-heal|p1a: Jellicent|353/403|[from] item: Leftovers
|upkeep
|turn|29
|choice|switch 3|move bulletseed
|
|switch|p1a: Ferrothorn|Ferrothorn, F|292/351 frz
|-damage|p1a: Ferrothorn|271/351 frz|[from] Stealth Rock
|move|p2a: Breloom|Bullet Seed|p1a: Ferrothorn
|-resisted|p1a: Ferrothorn
|-damage|p1a: Ferrothorn|259/351 frz
|-resisted|p1a: Ferrothorn
|-damage|p1a: Ferrothorn|248/351 frz
|-hitcount|p1a: Ferrothorn|2
|
|-weather|Sandstorm|[upkeep]
|-damage|p2a: Breloom|38/262|[from] sandstorm
|-heal|p1a: Ferrothorn|269/351 frz|[from] item: Leftovers
|upkeep
|turn|30
|choice|switch 3|move bulletseed
|
|switch|p1a: Jellicent|Jellicent, F|353/403
|-damage|p1a: Jellicent|303/403|[from] Stealth Rock
|move|p2a: Breloom|Bullet Seed|p1a: Jellicent
|-supereffective|p1a: Jellicent
|-damage|p1a: Jellicent|139/403
|-supereffective|p1a: Jellicent
|-damage|p1a: Jellicent|0 fnt
|-hitcount|p1a: Jellicent|2
|faint|p1a: Jellicent
|
|-weather|Sandstorm|[upkeep]
|-damage|p2a: Breloom|22/262|[from] sandstorm
|upkeep
|choice|switch 4|
|
|switch|p1a: Hippowdon|Hippowdon, M|419/419
|-damage|p1a: Hippowdon|393/419|[from] Stealth Rock
|turn|31
|choice|switch 3|move focuspunch
|
|-singleturn|p2a: Breloom|move: Focus Punch
|switch|p1a: Ferrothorn|Ferrothorn, F|269/351 frz
|-damage|p1a: Ferrothorn|248/351 frz|[from] Stealth Rock
|move|p2a: Breloom|Focus Punch|p1a: Ferrothorn
|-supereffective|p1a: Ferrothorn
|-damage|p1a: Ferrothorn|0 fnt
|-damage|p2a: Breloom|0 fnt|[from] ability: Iron Barbs|[of] p1a: Ferrothorn
|faint|p2a: Breloom
|faint|p1a: Ferrothorn
|
|-weather|Sandstorm|[upkeep]
|upkeep
|choice|switch 6|switch 6
|
|switch|p1a: Tyranitar|Tyranitar, M|109/341
|switch|p2a: Keldeo|Keldeo-Resolute|263/323 par
|-damage|p1a: Tyranitar|67/341|[from] Stealth Rock
|-damage|p2a: Keldeo|243/323 par|[from] Stealth Rock
|turn|32
|choice|move superpower|move secretsword
|
|move|p1a: Tyranitar|Superpower|p2a: Keldeo
|-damage|p2a: Keldeo|84/323 par
|-unboost|p1a: Tyranitar|atk|1
|-unboost|p1a: Tyranitar|def|1
|move|p2a: Keldeo|Secret Sword|p1a: Tyranitar
|-supereffective|p1a: Tyranitar
|-damage|p1a: Tyranitar|0 fnt
|faint|p1a: Tyranitar
|
|-weather|Sandstorm|[upkeep]
|-damage|p2a: Keldeo|64/323 par|[from] sandstorm
|upkeep
|choice|switch 3|
|
|switch|p1a: Hippowdon|Hippowdon, M|393/419
|-damage|p1a: Hippowdon|367/419|[from] Stealth Rock
|turn|33
|choice|move earthquake|move secretsword
|
|move|p1a: Hippowdon|Earthquake|p2a: Keldeo
|-damage|p2a: Keldeo|0 fnt
|faint|p2a: Keldeo
|
|-weather|Sandstorm|[upkeep]
|-heal|p1a: Hippowdon|393/419|[from] item: Leftovers
|upkeep
|choice||switch 2
|
|switch|p2a: Tyranitar|Tyranitar, M|252/341
|-damage|p2a: Tyranitar|210/341|[from] Stealth Rock
|turn|34
|choice|move earthquake|move icebeam
|
|move|p2a: Tyranitar|Ice Beam|p1a: Hippowdon
|-supereffective|p1a: Hippowdon
|-damage|p1a: Hippowdon|269/419
|move|p1a: Hippowdon|Earthquake|p2a: Tyranitar
|-supereffective|p2a: Tyranitar
|-damage|p2a: Tyranitar|0 fnt
|faint|p2a: Tyranitar
|
|-weather|Sandstorm|[upkeep]
|-heal|p1a: Hippowdon|295/419|[from] item: Leftovers
|upkeep
|choice||switch 5
|
|switch|p2a: Skarmory|Skarmory, M|296/333 par
|-damage|p2a: Skarmory|255/333 par|[from] Stealth Rock
|turn|35
|choice|move slackoff|move whirlwind
|
|move|p1a: Hippowdon|Slack Off|p1a: Hippowdon
|-heal|p1a: Hippowdon|419/419
|move|p2a: Skarmory|Whirlwind|p1a: Hippowdon
|drag|p1a: Dragonite|Dragonite, F|98/385 slp
|-damage|p1a: Dragonite|2/385 slp|[from] Stealth Rock
|
|-weather|Sandstorm|[upkeep]
|-damage|p1a: Dragonite|0 fnt|[from] sandstorm
|-heal|p2a: Skarmory|275/333 par|[from] item: Leftovers
|upkeep
|faint|p1a: Dragonite
|choice|switch 5|
|
|switch|p1a: Hippowdon|Hippowdon, M|419/419
|-damage|p1a: Hippowdon|393/419|[from] Stealth Rock
|turn|36
|choice|move icefang|move stealthrock
|
|move|p1a: Hippowdon|Ice Fang|p2a: Skarmory|[miss]
|-miss|p1a: Hippowdon|p2a: Skarmory
|move|p2a: Skarmory|Stealth Rock|p1a: Hippowdon
|-fail|p1a: Hippowdon
|
|-weather|Sandstorm|[upkeep]
|-heal|p1a: Hippowdon|419/419|[from] item: Leftovers
|-heal|p2a: Skarmory|295/333 par|[from] item: Leftovers
|upkeep
|turn|37
|choice|move icefang|move bravebird
|
|move|p1a: Hippowdon|Ice Fang|p2a: Skarmory
|-damage|p2a: Skarmory|255/333 par
|move|p2a: Skarmory|Brave Bird|p1a: Hippowdon
|-damage|p1a: Hippowdon|319/419
|-damage|p2a: Skarmory|222/333 par|[from] recoil|[of] p1a: Hippowdon
|
|-weather|Sandstorm|[upkeep]
|-heal|p1a: Hippowdon|345/419|[from] item: Leftovers
|-heal|p2a: Skarmory|242/333 par|[from] item: Leftovers
|upkeep
|turn|38
|choice|move icefang|move whirlwind
|
|move|p1a: Hippowdon|Ice Fang|p2a: Skarmory
|-damage|p2a: Skarmory|198/333 par
|move|p2a: Skarmory|Whirlwind|p1a: Hippowdon
|-fail|p1a: Hippowdon
|
|-weather|Sandstorm|[upkeep]
|-heal|p1a: Hippowdon|371/419|[from] item: Leftovers
|-heal|p2a: Skarmory|218/333 par|[from] item: Leftovers
|upkeep
|turn|39
|choice|move icefang|move roost
|
|move|p1a: Hippowdon|Ice Fang|p2a: Skarmory
|-damage|p2a: Skarmory|178/333 par
|cant|p2a: Skarmory|par
|
|-weather|Sandstorm|[upkeep]
|-heal|p1a: Hippowdon|397/419|[from] item: Leftovers
|-heal|p2a: Skarmory|198/333 par|[from] item: Leftovers
|upkeep
|turn|40
|choice|move icefang|move roost
|
|move|p1a: Hippowdon|Ice Fang|p2a: Skarmory
|-crit|p2a: Skarmory
|-damage|p2a: Skarmory|119/333 par
|cant|p2a: Skarmory|par
|
|-weather|Sandstorm|[upkeep]
|-heal|p1a: Hippowdon|419/419|[from] item: Leftovers
|-heal|p2a: Skarmory|139/333 par|[from] item: Leftovers
|upkeep
|turn|41
|choice|move icefang|move roost
|
|move|p1a: Hippowdon|Ice Fang|p2a: Skarmory
|-damage|p2a: Skarmory|100/333 par
|cant|p2a: Skarmory|par
|
|-weather|Sandstorm|[upkeep]
|-heal|p2a: Skarmory|120/333 par|[from] item: Leftovers
|upkeep
|turn|42
|choice|move icefang|move roost
|
|move|p1a: Hippowdon|Ice Fang|p2a: Skarmory
|-damage|p2a: Skarmory|75/333 par
|cant|p2a: Skarmory|par
|
|-weather|Sandstorm|[upkeep]
|-heal|p2a: Skarmory|95/333 par|[from] item: Leftovers
|upkeep
|turn|43
|choice|move icefang|move roost
|
|move|p1a: Hippowdon|Ice Fang|p2a: Skarmory
|-damage|p2a: Skarmory|54/333 par
|move|p2a: Skarmory|Roost|p2a: Skarmory
|-heal|p2a: Skarmory|221/333 par
|
|-weather|Sandstorm|[upkeep]
|-heal|p2a: Skarmory|241/333 par|[from] item: Leftovers
|upkeep
|turn|44
|choice|move icefang|move roost
|
|move|p1a: Hippowdon|Ice Fang|p2a: Skarmory
|-damage|p2a: Skarmory|200/333 par
|move|p2a: Skarmory|Roost|p2a: Skarmory
|-heal|p2a: Skarmory|333/333 par
|
|-weather|Sandstorm|[upkeep]
|upkeep
|turn|45
|l|Miha Zarabec
|choice|move icefang|move stealthrock
|
|move|p1a: Hippowdon|Ice Fang|p2a: Skarmory
|-damage|p2a: Skarmory|288/333 par
|move|p2a: Skarmory|Stealth Rock|p1a: Hippowdon
|-fail|p1a: Hippowdon
|
|-weather|Sandstorm|[upkeep]
|-heal|p2a: Skarmory|308/333 par|[from] item: Leftovers
|upkeep
|turn|46
|choice|move icefang|move stealthrock
|
|move|p1a: Hippowdon|Ice Fang|p2a: Skarmory
|-damage|p2a: Skarmory|265/333 par
|move|p2a: Skarmory|Stealth Rock|p1a: Hippowdon
|-fail|p1a: Hippowdon
|
|-weather|Sandstorm|[upkeep]
|-heal|p2a: Skarmory|285/333 par|[from] item: Leftovers
|upkeep
|turn|47
|choice|move icefang|move stealthrock
|
|move|p1a: Hippowdon|Ice Fang|p2a: Skarmory
|-damage|p2a: Skarmory|245/333 par
|move|p2a: Skarmory|Stealth Rock|p1a: Hippowdon
|-fail|p1a: Hippowdon
|
|-weather|Sandstorm|[upkeep]
|-heal|p2a: Skarmory|265/333 par|[from] item: Leftovers
|upkeep
|turn|48
|choice|move icefang|move stealthrock
|
|move|p1a: Hippowdon|Ice Fang|p2a: Skarmory
|-damage|p2a: Skarmory|225/333 par
|move|p2a: Skarmory|Stealth Rock|p1a: Hippowdon
|-fail|p1a: Hippowdon
|
|-weather|Sandstorm|[upkeep]
|-heal|p2a: Skarmory|245/333 par|[from] item: Leftovers
|upkeep
|turn|49
|choice|move icefang|move stealthrock
|
|move|p1a: Hippowdon|Ice Fang|p2a: Skarmory
|-damage|p2a: Skarmory|204/333 par
|cant|p2a: Skarmory|par
|
|-weather|Sandstorm|[upkeep]
|-heal|p2a: Skarmory|224/333 par|[from] item: Leftovers
|upkeep
|turn|50
|choice|move icefang|move stealthrock
|
|move|p1a: Hippowdon|Ice Fang|p2a: Skarmory
|-damage|p2a: Skarmory|180/333 par
|move|p2a: Skarmory|Stealth Rock|p1a: Hippowdon
|-fail|p1a: Hippowdon
|
|-weather|Sandstorm|[upkeep]
|-heal|p2a: Skarmory|200/333 par|[from] item: Leftovers
|upkeep
|turn|51
|choice|move icefang|move roost
|
|move|p1a: Hippowdon|Ice Fang|p2a: Skarmory
|-damage|p2a: Skarmory|159/333 par
|move|p2a: Skarmory|Roost|p2a: Skarmory
|-heal|p2a: Skarmory|326/333 par
|
|-weather|Sandstorm|[upkeep]
|-heal|p2a: Skarmory|333/333 par|[from] item: Leftovers
|upkeep
|turn|52
|choice|move icefang|move stealthrock
|
|move|p1a: Hippowdon|Ice Fang|p2a: Skarmory
|-damage|p2a: Skarmory|294/333 par
|cant|p2a: Skarmory|par
|
|-weather|Sandstorm|[upkeep]
|-heal|p2a: Skarmory|314/333 par|[from] item: Leftovers
|upkeep
|turn|53
|choice|move icefang|move stealthrock
|
|move|p1a: Hippowdon|Ice Fang|p2a: Skarmory
|-damage|p2a: Skarmory|274/333 par
|cant|p2a: Skarmory|par
|
|-weather|Sandstorm|[upkeep]
|-heal|p2a: Skarmory|294/333 par|[from] item: Leftovers
|upkeep
|turn|54
|choice|move icefang|move stealthrock
|
|move|p1a: Hippowdon|Ice Fang|p2a: Skarmory
|-damage|p2a: Skarmory|251/333 par
|move|p2a: Skarmory|Stealth Rock|p1a: Hippowdon
|-fail|p1a: Hippowdon
|
|-weather|Sandstorm|[upkeep]
|-heal|p2a: Skarmory|271/333 par|[from] item: Leftovers
|upkeep
|turn|55
|choice|move icefang|move stealthrock
|
|move|p1a: Hippowdon|Ice Fang|p2a: Skarmory
|-damage|p2a: Skarmory|225/333 par
|cant|p2a: Skarmory|par
|
|-weather|Sandstorm|[upkeep]
|-heal|p2a: Skarmory|245/333 par|[from] item: Leftovers
|upkeep
|turn|56
|choice|move icefang|move stealthrock
|
|move|p1a: Hippowdon|Ice Fang|p2a: Skarmory
|-damage|p2a: Skarmory|205/333 par
|cant|p2a: Skarmory|flinch
|
|-weather|Sandstorm|[upkeep]
|-heal|p2a: Skarmory|225/333 par|[from] item: Leftovers
|upkeep
|turn|57
|choice|move icefang|move stealthrock
|
|move|p1a: Hippowdon|Ice Fang|p2a: Skarmory
|-damage|p2a: Skarmory|181/333 par
|move|p2a: Skarmory|Stealth Rock|p1a: Hippowdon
|-fail|p1a: Hippowdon
|
|-weather|Sandstorm|[upkeep]
|-heal|p2a: Skarmory|201/333 par|[from] item: Leftovers
|upkeep
|turn|58
|-message|r. belischmidt forfeited.
|
|win|Bongi
|l|r. belischmidt
|raw|r. belischmidt's rating: 1337 &rarr; <strong>1318</strong><br />(-19 for losing)
|raw|Bongi's rating: 1344 &rarr; <strong>1363</strong><br />(+19 for winning)