|j|☆cinema staff fan
|j|☆DubbedOn
|t:|1742758436
|gametype|singles
|player|p1|cinema staff fan|olympia|1416
|player|p2|DubbedOn|boarder|1313
|teamsize|p1|6
|teamsize|p2|6
|gen|5
|tier|[Gen 5] OU
|rated|
|rule|Species Clause: Limit one of each Pokémon
|rule|OHKO Clause: OHKO moves are banned
|rule|Moody Clause: Moody is banned
|rule|Evasion Items Clause: Evasion items are banned
|rule|Evasion Moves Clause: Evasion moves are banned
|rule|Endless Battle Clause: Forcing endless battles is banned
|rule|HP Percentage Mod: HP is shown in percentages
|rule|Evasion Abilities Clause: Evasion abilities are banned
|rule|Sleep Moves Clause: Sleep-inducing moves are banned
|rule|Swagger Clause: Swagger is banned
|rule|Baton Pass Stat Clause: No Baton Passer may have a way to boost its stats
|clearpoke
|poke|p1|Landorus-Therian, M|item
|poke|p1|Conkeldurr, M|item
|poke|p1|Tyranitar, F|item
|poke|p1|Gastrodon, M|item
|poke|p1|Alakazam, M|item
|poke|p1|Starmie|item
|poke|p2|Abomasnow, F|item
|poke|p2|Mamoswine, F|item
|poke|p2|Jirachi|item
|poke|p2|Hydreigon, M|item
|poke|p2|Alakazam, M|item
|poke|p2|Starmie|item
|teampreview
|inactive|Battle timer is ON: inactive players will automatically lose when time's up. (requested by cinema staff fan)
|inactive|DubbedOn has 120 seconds left.
|inactive|DubbedOn has 90 seconds left.
|
|t:|1742758525
|start
|switch|p1a: Landorus|Landorus-Therian, M|100/100
|switch|p2a: Abomasnow|Abomasnow, F, shiny|100/100
|-ability|p1a: Landorus|Intimidate|boost
|-unboost|p2a: Abomasnow|atk|1
|-weather|Hail|[from] ability: Snow Warning|[of] p2a: Abomasnow
|turn|1
|
|t:|1742758540
|switch|p2a: Starmie|Starmie|100/100
|-item|p2a: Starmie|Air Balloon
|move|p1a: Landorus|U-turn|p2a: Starmie
|-supereffective|p2a: Starmie
|-damage|p2a: Starmie|27/100
|-enditem|p2a: Starmie|Air Balloon
|
|t:|1742758546
|switch|p1a: Tyranitar|Tyranitar, F|100/100|[from] U-turn
|-weather|Sandstorm|[from] ability: Sand Stream|[of] p1a: Tyranitar
|
|-weather|Sandstorm|[upkeep]
|-damage|p2a: Starmie|21/100|[from] Sandstorm
|upkeep
|turn|2
|
|t:|1742758553
|move|p2a: Starmie|Scald|p1a: Tyranitar
|-supereffective|p1a: Tyranitar
|-damage|p1a: Tyranitar|70/100
|move|p1a: Tyranitar|Pursuit|p2a: Starmie
|-supereffective|p2a: Starmie
|-damage|p2a: Starmie|0 fnt
|faint|p2a: Starmie
|
|-weather|Sandstorm|[upkeep]
|upkeep
|
|t:|1742758569
|switch|p2a: Mamoswine|Mamoswine, F|100/100
|turn|3
|
|t:|1742758575
|move|p2a: Mamoswine|Icicle Crash|p1a: Tyranitar
|-damage|p1a: Tyranitar|11/100
|move|p1a: Tyranitar|Superpower|p2a: Mamoswine
|-supereffective|p2a: Mamoswine
|-damage|p2a: Mamoswine|8/100
|-unboost|p1a: Tyranitar|atk|1
|-unboost|p1a: Tyranitar|def|1
|
|-weather|Sandstorm|[upkeep]
|upkeep
|turn|4
|
|t:|1742758585
|move|p2a: Mamoswine|Icicle Crash|p1a: Tyranitar
|-damage|p1a: Tyranitar|0 fnt
|faint|p1a: Tyranitar
|
|-weather|Sandstorm|[upkeep]
|upkeep
|
|t:|1742758601
|switch|p1a: Gastrodon|Gastrodon, M|100/100
|turn|5
|
|t:|1742758607
|switch|p2a: Abomasnow|Abomasnow, F, shiny|100/100
|-weather|Hail|[from] ability: Snow Warning|[of] p2a: Abomasnow
|move|p1a: Gastrodon|Scald|p2a: Abomasnow
|-resisted|p2a: Abomasnow
|-damage|p2a: Abomasnow|86/100
|
|-weather|Hail|[upkeep]
|-damage|p1a: Gastrodon|94/100|[from] Hail
|-heal|p1a: Gastrodon|100/100|[from] item: Leftovers
|upkeep
|turn|6
|
|t:|1742758617
|switch|p1a: Conkeldurr|Conkeldurr, M|100/100
|move|p2a: Abomasnow|Wood Hammer|p1a: Conkeldurr
|-damage|p1a: Conkeldurr|61/100
|-damage|p2a: Abomasnow|72/100|[from] Recoil
|
|-weather|Hail|[upkeep]
|-damage|p1a: Conkeldurr|55/100|[from] Hail
|upkeep
|turn|7
|inactive|DubbedOn has 120 seconds left.
|
|t:|1742758653
|move|p2a: Abomasnow|Blizzard|p1a: Conkeldurr
|-damage|p1a: Conkeldurr|0 fnt
|faint|p1a: Conkeldurr
|
|-weather|Hail|[upkeep]
|upkeep
|
|t:|1742758661
|switch|p1a: Landorus|Landorus-Therian, M|100/100
|-ability|p1a: Landorus|Intimidate|boost
|-unboost|p2a: Abomasnow|atk|1
|turn|8
|inactive|DubbedOn has 120 seconds left.
|
|t:|1742758674
|move|p2a: Abomasnow|Ice Shard|p1a: Landorus
|-supereffective|p1a: Landorus
|-damage|p1a: Landorus|58/100
|move|p1a: Landorus|U-turn|p2a: Abomasnow
|-supereffective|p2a: Abomasnow
|-damage|p2a: Abomasnow|9/100
|
|t:|1742758680
|switch|p1a: Starmie|Starmie|100/100|[from] U-turn
|-item|p1a: Starmie|Air Balloon
|
|-weather|Hail|[upkeep]
|-damage|p1a: Starmie|94/100|[from] Hail
|upkeep
|turn|9
|inactive|DubbedOn has 120 seconds left.
|
|t:|1742758708
|move|p2a: Abomasnow|Ice Shard|p1a: Starmie
|-resisted|p1a: Starmie
|-damage|p1a: Starmie|88/100
|-enditem|p1a: Starmie|Air Balloon
|move|p1a: Starmie|Ice Beam|p2a: Abomasnow
|-damage|p2a: Abomasnow|0 fnt
|faint|p2a: Abomasnow
|
|-weather|Hail|[upkeep]
|-damage|p1a: Starmie|82/100|[from] Hail
|upkeep
|
|t:|1742758713
|switch|p2a: Hydreigon|Hydreigon, M|100/100
|turn|10
|
|t:|1742758719
|move|p2a: Hydreigon|Dark Pulse|p1a: Starmie
|-supereffective|p1a: Starmie
|-damage|p1a: Starmie|0 fnt
|faint|p1a: Starmie
|
|-weather|Hail|[upkeep]
|-damage|p2a: Hydreigon|94/100|[from] Hail
|upkeep
|
|t:|1742758726
|switch|p1a: Gastrodon|Gastrodon, M|100/100
|turn|11
|inactive|DubbedOn has 120 seconds left.
|
|t:|1742758750
|switch|p2a: Alakazam|Alakazam, M|100/100
|move|p1a: Gastrodon|Scald|p2a: Alakazam
|-damage|p2a: Alakazam|57/100
|-status|p2a: Alakazam|brn
|
|-weather|Hail|[upkeep]
|-damage|p1a: Gastrodon|94/100|[from] Hail
|-heal|p1a: Gastrodon|100/100|[from] item: Leftovers
|upkeep
|turn|12
|
|t:|1742758758
|move|p2a: Alakazam|Grass Knot|p1a: Gastrodon
|-supereffective|p1a: Gastrodon
|-damage|p1a: Gastrodon|7/100
|move|p1a: Gastrodon|Scald|p2a: Alakazam
|-damage|p2a: Alakazam|17/100 brn
|
|-weather|Hail|[upkeep]
|-damage|p1a: Gastrodon|0 fnt|[from] Hail
|faint|p1a: Gastrodon
|upkeep
|
|t:|1742758769
|switch|p1a: Landorus|Landorus-Therian, M|58/100
|-ability|p1a: Landorus|Intimidate|boost
|-unboost|p2a: Alakazam|atk|1
|turn|13
|inactive|DubbedOn has 120 seconds left.
|inactive|DubbedOn has 90 seconds left.
|
|t:|1742758818
|move|p1a: Landorus|U-turn|p2a: Alakazam
|-supereffective|p2a: Alakazam
|-damage|p2a: Alakazam|0 fnt
|faint|p2a: Alakazam
|
|t:|1742758825
|switch|p1a: Alakazam|Alakazam, M|100/100|[from] U-turn
|
|-weather|Hail|[upkeep]
|upkeep
|inactive|DubbedOn has 90 seconds left.
|
|t:|1742758835
|switch|p2a: Hydreigon|Hydreigon, M|94/100
|turn|14
|
|t:|1742758840
|move|p2a: Hydreigon|U-turn|p1a: Alakazam
|-supereffective|p1a: Alakazam
|-damage|p1a: Alakazam|25/100
|
|t:|1742758845
|switch|p2a: Jirachi|Jirachi|100/100|[from] U-turn
|move|p1a: Alakazam|Focus Blast|p2a: Jirachi
|-damage|p2a: Jirachi|74/100
|
|-weather|Hail|[upkeep]
|-damage|p2a: Jirachi|67/100|[from] Hail
|-heal|p2a: Jirachi|74/100|[from] item: Leftovers
|upkeep
|turn|15
|
|t:|1742758858
|switch|p1a: Landorus|Landorus-Therian, M|58/100
|-ability|p1a: Landorus|Intimidate|boost
|-unboost|p2a: Jirachi|atk|1
|move|p2a: Jirachi|U-turn|p1a: Landorus
|-resisted|p1a: Landorus
|-damage|p1a: Landorus|51/100
|
|t:|1742758868
|switch|p2a: Mamoswine|Mamoswine, F|8/100|[from] U-turn
|
|-weather|Hail|[upkeep]
|-damage|p1a: Landorus|45/100|[from] Hail
|upkeep
|turn|16
|
|t:|1742758876
|move|p2a: Mamoswine|Ice Shard|p1a: Landorus
|-supereffective|p1a: Landorus
|-damage|p1a: Landorus|0 fnt
|faint|p1a: Landorus
|
|-weather|Hail|[upkeep]
|upkeep
|-message|cinema staff fan forfeited.
|
|win|DubbedOn
|raw|cinema staff fan's rating: 1427 &rarr; <strong>1401</strong><br />(-26 for losing)
|raw|DubbedOn's rating: 1313 &rarr; <strong>1339</strong><br />(+26 for winning)
|l|☆cinema staff fan
|player|p1|
