|j|☆mastur_bator_69
|j|☆Alexia B.
|player|p1|mastur_bator_69|maid|1446
|player|p2|Alexia B.|fantina|1577
|teamsize|p1|6
|teamsize|p2|6
|gametype|singles
|gen|5
|tier|[Gen 5] OU
|rated|
|clearpoke
|poke|p1|Mamoswine, M|item
|poke|p1|Latios, M|item
|poke|p1|Scizor, F|item
|poke|p1|Kyurem-Black|item
|poke|p1|Salamence, M|item
|poke|p1|Magnezone|item
|poke|p2|Tyranitar, F|item
|poke|p2|Landorus-Therian, M|item
|poke|p2|Latios, M|item
|poke|p2|Ferrothorn, F|item
|poke|p2|Jellicent, F|item
|poke|p2|Celebi|item
|rule|Species Clause: Limit one of each Pokémon
|rule|OHKO Clause: OHKO moves are banned
|rule|Moody Clause: Moody is banned
|rule|Evasion Moves Clause: Evasion moves are banned
|rule|Endless Battle Clause: Forcing endless battles is banned
|rule|HP Percentage Mod: HP is shown in percentages
|rule|Evasion Abilities Clause: Evasion abilities are banned
|rule|Baton Pass Clause: Limit one Baton Passer, can't pass Spe and other stats simultaneously
|rule|Sleep Clause: Sleep-inducing moves are banned
|rule|Swagger Clause: Swagger is banned
|teampreview
|inactive|Battle timer is ON: inactive players will automatically lose when time's up. (requested by mastur_bator_69)
|
|start
|switch|p1a: Mamoswine|Mamoswine, M|100/100
|switch|p2a: Blind Guardian|Landorus-Therian, M|100/100
|-ability|p2a: Blind Guardian|Intimidate|boost
|-unboost|p1a: Mamoswine|atk|1
|turn|1
|
|move|p1a: Mamoswine|Stealth Rock|p2a: Blind Guardian
|-sidestart|p2: Alexia B.|move: Stealth Rock
|move|p2a: Blind Guardian|Stealth Rock|p1a: Mamoswine
|-sidestart|p1: mastur_bator_69|move: Stealth Rock
|
|upkeep
|turn|2
|
|switch|p2a: FLOOR JANSEN|Ferrothorn, F, shiny|100/100
|-damage|p2a: FLOOR JANSEN|94/100|[from] Stealth Rock
|move|p1a: Mamoswine|Ice Shard|p2a: FLOOR JANSEN
|-damage|p2a: FLOOR JANSEN|85/100
|
|upkeep
|turn|3
|j| GS34
|
|switch|p1a: Magnezone|Magnezone|100/100
|-damage|p1a: Magnezone|94/100|[from] Stealth Rock
|move|p2a: FLOOR JANSEN|Spikes|p1a: Magnezone
|-sidestart|p1: mastur_bator_69|Spikes
|
|upkeep
|turn|4
|
|switch|p2a: Gogo Zila|Tyranitar, F|100/100
|-damage|p2a: Gogo Zila|88/100|[from] Stealth Rock
|-weather|Sandstorm|[from] ability: Sand Stream|[of] p2a: Gogo Zila
|move|p1a: Magnezone|Volt Switch|p2a: Gogo Zila
|-damage|p2a: Gogo Zila|51/100
|
|switch|p1a: Scizor|Scizor, F|100/100|[from]move: Volt Switch
|-damage|p1a: Scizor|88/100|[from] Spikes
|-damage|p1a: Scizor|76/100|[from] Stealth Rock
|
|-weather|Sandstorm|[upkeep]
|upkeep
|turn|5
|
|move|p2a: Gogo Zila|Fire Punch|p1a: Scizor
|-supereffective|p1a: Scizor
|-damage|p1a: Scizor|0 fnt
|faint|p1a: Scizor
|
|-weather|Sandstorm|[upkeep]
|upkeep
|
|switch|p1a: Kyurem|Kyurem-Black|100/100
|-damage|p1a: Kyurem|88/100|[from] Spikes
|-damage|p1a: Kyurem|63/100|[from] Stealth Rock
|-ability|p1a: Kyurem|Teravolt
|turn|6
|
|switch|p2a: FLOOR JANSEN|Ferrothorn, F, shiny|85/100
|-damage|p2a: FLOOR JANSEN|79/100|[from] Stealth Rock
|move|p1a: Kyurem|Outrage|p2a: FLOOR JANSEN
|-resisted|p2a: FLOOR JANSEN
|-damage|p2a: FLOOR JANSEN|36/100
|-damage|p1a: Kyurem|50/100|[from] ability: Iron Barbs|[of] p2a: FLOOR JANSEN
|
|-weather|Sandstorm|[upkeep]
|-damage|p1a: Kyurem|44/100|[from] Sandstorm
|upkeep
|turn|7
|l| GS34
|
|move|p2a: FLOOR JANSEN|Protect|p2a: FLOOR JANSEN
|-singleturn|p2a: FLOOR JANSEN|Protect
|move|p1a: Kyurem|Outrage|p2a: FLOOR JANSEN|[from]lockedmove
|-activate|p2a: FLOOR JANSEN|move: Protect
|-start|p1a: Kyurem|confusion|[fatigue]
|
|-weather|Sandstorm|[upkeep]
|-damage|p1a: Kyurem|38/100|[from] Sandstorm
|upkeep
|turn|8
|
|-activate|p1a: Kyurem|confusion
|-damage|p1a: Kyurem|14/100|[from] confusion
|move|p2a: FLOOR JANSEN|Leech Seed|p1a: Kyurem
|-start|p1a: Kyurem|move: Leech Seed
|
|-weather|Sandstorm|[upkeep]
|-damage|p1a: Kyurem|7/100|[from] Sandstorm
|-damage|p1a: Kyurem|0 fnt|[from] Leech Seed|[of] p2a: FLOOR JANSEN
|-heal|p2a: FLOOR JANSEN|44/100|[silent]
|faint|p1a: Kyurem
|upkeep
|
|switch|p1a: Magnezone|Magnezone|94/100
|-damage|p1a: Magnezone|88/100|[from] Stealth Rock
|-damage|p1a: Magnezone|76/100|[from] Spikes
|turn|9
|
|move|p1a: Magnezone|Hidden Power|p2a: FLOOR JANSEN
|-supereffective|p2a: FLOOR JANSEN
|-damage|p2a: FLOOR JANSEN|0 fnt
|faint|p2a: FLOOR JANSEN
|
|-weather|Sandstorm|[upkeep]
|upkeep
|
|switch|p2a: CANNES FESTIVAL|Jellicent, F|100/100
|-damage|p2a: CANNES FESTIVAL|88/100|[from] Stealth Rock
|turn|10
|
|switch|p1a: Latios|Latios, M|100/100
|-damage|p1a: Latios|88/100|[from] Stealth Rock
|move|p2a: CANNES FESTIVAL|Will-O-Wisp|p1a: Latios
|-status|p1a: Latios|brn
|
|-weather|Sandstorm|[upkeep]
|-damage|p1a: Latios|82/100 brn|[from] Sandstorm
|-damage|p2a: CANNES FESTIVAL|82/100|[from] Sandstorm
|-heal|p2a: CANNES FESTIVAL|88/100|[from] item: Leftovers
|-damage|p1a: Latios|70/100 brn|[from] brn
|upkeep
|turn|11
|
|switch|p2a: Time Travel|Celebi|100/100
|-damage|p2a: Time Travel|88/100|[from] Stealth Rock
|move|p1a: Latios|Draco Meteor|p2a: Time Travel|[miss]
|-miss|p1a: Latios|p2a: Time Travel
|
|-weather|Sandstorm|[upkeep]
|-damage|p1a: Latios|64/100 brn|[from] Sandstorm
|-damage|p2a: Time Travel|82/100|[from] Sandstorm
|-heal|p2a: Time Travel|88/100|[from] item: Leftovers
|-damage|p1a: Latios|51/100 brn|[from] brn
|upkeep
|turn|12
|
|move|p1a: Latios|Draco Meteor|p2a: Time Travel
|-damage|p2a: Time Travel|10/100
|-unboost|p1a: Latios|spa|2
|move|p2a: Time Travel|Baton Pass|p2a: Time Travel
|
|switch|p2a: Gogo Zila|Tyranitar, F|51/100|[from]move: Baton Pass
|-damage|p2a: Gogo Zila|39/100|[from] Stealth Rock
|
|-weather|Sandstorm|[upkeep]
|-damage|p1a: Latios|45/100 brn|[from] Sandstorm
|-damage|p1a: Latios|33/100 brn|[from] brn
|upkeep
|turn|13
|
|-activate|p1a: Latios|move: Pursuit
|move|p2a: Gogo Zila|Pursuit|p1a: Latios|[from]Pursuit
|-supereffective|p1a: Latios
|-crit|p1a: Latios
|-damage|p1a: Latios|0 fnt
|-hint|A Pokemon can't switch between when it runs out of HP and when it faints
|faint|p1a: Latios
|
|-weather|Sandstorm|[upkeep]
|upkeep
|
|switch|p1a: Salamence|Salamence, M|100/100
|-damage|p1a: Salamence|76/100|[from] Stealth Rock
|turn|14
|j| GS34
|
|switch|p2a: Time Travel|Celebi|10/100
|-damage|p2a: Time Travel|0 fnt|[from] Stealth Rock
|faint|p2a: Time Travel
|move|p1a: Salamence|Outrage|p2: Time Travel|[notarget]
|-fail|p1a: Salamence
|
|-weather|Sandstorm|[upkeep]
|-damage|p1a: Salamence|70/100|[from] Sandstorm
|upkeep
|
|switch|p2a: KAMELOT|Latios, M|100/100
|-damage|p2a: KAMELOT|88/100|[from] Stealth Rock
|turn|15
|l| GS34
|
|switch|p1a: Magnezone|Magnezone|76/100
|-damage|p1a: Magnezone|64/100|[from] Spikes
|-damage|p1a: Magnezone|58/100|[from] Stealth Rock
|move|p2a: KAMELOT|Dragon Pulse|p1a: Magnezone
|-resisted|p1a: Magnezone
|-damage|p1a: Magnezone|28/100
|
|-weather|Sandstorm|[upkeep]
|-damage|p2a: KAMELOT|82/100|[from] Sandstorm
|upkeep
|turn|16
|
|move|p2a: KAMELOT|Dragon Pulse|p1a: Magnezone
|-resisted|p1a: Magnezone
|-damage|p1a: Magnezone|0 fnt
|faint|p1a: Magnezone
|
|-weather|Sandstorm|[upkeep]
|-damage|p2a: KAMELOT|76/100|[from] Sandstorm
|upkeep
|
|switch|p1a: Mamoswine|Mamoswine, M|100/100
|-damage|p1a: Mamoswine|88/100|[from] Spikes
|-damage|p1a: Mamoswine|76/100|[from] Stealth Rock
|turn|17
|
|switch|p2a: CANNES FESTIVAL|Jellicent, F|88/100
|-damage|p2a: CANNES FESTIVAL|76/100|[from] Stealth Rock
|move|p1a: Mamoswine|Ice Shard|p2a: CANNES FESTIVAL
|-resisted|p2a: CANNES FESTIVAL
|-damage|p2a: CANNES FESTIVAL|67/100
|
|-weather|Sandstorm|[upkeep]
|-damage|p2a: CANNES FESTIVAL|61/100|[from] Sandstorm
|-heal|p2a: CANNES FESTIVAL|67/100|[from] item: Leftovers
|upkeep
|turn|18
|
|move|p1a: Mamoswine|Earthquake|p2a: CANNES FESTIVAL
|-crit|p2a: CANNES FESTIVAL
|-damage|p2a: CANNES FESTIVAL|0 fnt
|faint|p2a: CANNES FESTIVAL
|
|-weather|Sandstorm|[upkeep]
|upkeep
|
|switch|p2a: Blind Guardian|Landorus-Therian, M|100/100
|-damage|p2a: Blind Guardian|88/100|[from] Stealth Rock
|-ability|p2a: Blind Guardian|Intimidate|boost
|-unboost|p1a: Mamoswine|atk|1
|turn|19
|
|switch|p1a: Salamence|Salamence, M|70/100
|-damage|p1a: Salamence|45/100|[from] Stealth Rock
|move|p2a: Blind Guardian|U-turn|p1a: Salamence
|-resisted|p1a: Salamence
|-damage|p1a: Salamence|32/100
|
|switch|p2a: KAMELOT|Latios, M|76/100|[from]move: U-turn
|-damage|p2a: KAMELOT|64/100|[from] Stealth Rock
|
|-weather|Sandstorm|[upkeep]
|-damage|p2a: KAMELOT|58/100|[from] Sandstorm
|-damage|p1a: Salamence|26/100|[from] Sandstorm
|upkeep
|turn|20
|
|move|p2a: KAMELOT|Dragon Pulse|p1a: Salamence
|-supereffective|p1a: Salamence
|-damage|p1a: Salamence|0 fnt
|faint|p1a: Salamence
|
|-weather|Sandstorm|[upkeep]
|-damage|p2a: KAMELOT|52/100|[from] Sandstorm
|upkeep
|
|switch|p1a: Mamoswine|Mamoswine, M|76/100
|-damage|p1a: Mamoswine|63/100|[from] Spikes
|-damage|p1a: Mamoswine|51/100|[from] Stealth Rock
|turn|21
|
|switch|p2a: Blind Guardian|Landorus-Therian, M|88/100
|-damage|p2a: Blind Guardian|76/100|[from] Stealth Rock
|-ability|p2a: Blind Guardian|Intimidate|boost
|-unboost|p1a: Mamoswine|atk|1
|move|p1a: Mamoswine|Ice Shard|p2a: Blind Guardian
|-supereffective|p2a: Blind Guardian
|-damage|p2a: Blind Guardian|28/100
|
|-weather|Sandstorm|[upkeep]
|-heal|p2a: Blind Guardian|34/100|[from] item: Leftovers
|upkeep
|turn|22
|
|switch|p2a: KAMELOT|Latios, M|52/100
|-damage|p2a: KAMELOT|40/100|[from] Stealth Rock
|move|p1a: Mamoswine|Ice Shard|p2a: KAMELOT
|-supereffective|p2a: KAMELOT
|-damage|p2a: KAMELOT|0 fnt
|faint|p2a: KAMELOT
|
|-weather|Sandstorm|[upkeep]
|upkeep
|
|switch|p2a: Blind Guardian|Landorus-Therian, M|34/100
|-damage|p2a: Blind Guardian|22/100|[from] Stealth Rock
|-ability|p2a: Blind Guardian|Intimidate|boost
|-unboost|p1a: Mamoswine|atk|1
|turn|23
|
|move|p1a: Mamoswine|Ice Shard|p2a: Blind Guardian
|-supereffective|p2a: Blind Guardian
|-damage|p2a: Blind Guardian|0 fnt
|faint|p2a: Blind Guardian
|
|-weather|Sandstorm|[upkeep]
|upkeep
|
|switch|p2a: Gogo Zila|Tyranitar, F|39/100
|-damage|p2a: Gogo Zila|26/100|[from] Stealth Rock
|turn|24
|
|move|p2a: Gogo Zila|Crunch|p1a: Mamoswine
|-damage|p1a: Mamoswine|3/100
|-unboost|p1a: Mamoswine|def|1
|move|p1a: Mamoswine|Earthquake|p2a: Gogo Zila
|-supereffective|p2a: Gogo Zila
|-damage|p2a: Gogo Zila|0 fnt
|faint|p2a: Gogo Zila
|
|win|mastur_bator_69
|l|☆Alexia B.
|raw|mastur_bator_69's rating: 1428 &rarr; <strong>1456</strong><br />(+28 for winning)
|raw|Alexia B.'s rating: 1591 &rarr; <strong>1562</strong><br />(-29 for losing)
