|j|☆geathan2
|j|☆BWR Ashes
|t:|1719372256
|gametype|singles
|player|p1|geathan2|galacticgruntf|1491
|player|p2|BWR Ashes|skier-gen2|1428
|teamsize|p1|6
|teamsize|p2|6
|gen|5
|tier|[Gen 5] OU
|rated|
|rule|Species Clause: Limit one of each Pokémon
|rule|OHKO Clause: OHKO moves are banned
|rule|Moody Clause: Moody is banned
|rule|Evasion Items Clause: Evasion items are banned
|rule|Evasion Moves Clause: Evasion moves are banned
|rule|Endless Battle Clause: Forcing endless battles is banned
|rule|HP Percentage Mod: HP is shown in percentages
|rule|Evasion Abilities Clause: Evasion abilities are banned
|rule|Sleep Moves Clause: Sleep-inducing moves are banned
|rule|Swagger Clause: Swagger is banned
|rule|Baton Pass Stat Clause: No Baton Passer may have a way to boost its stats
|clearpoke
|poke|p1|Politoed, F|item
|poke|p1|Ferrothorn, M|item
|poke|p1|Alakazam, F|item
|poke|p1|Tentacruel, M|item
|poke|p1|Landorus-Therian, M|item
|poke|p1|Kyurem-Black|item
|poke|p2|Politoed, F|item
|poke|p2|Ferrothorn, F|item
|poke|p2|Jirachi|item
|poke|p2|Latias, F|item
|poke|p2|Kyurem-Black|item
|poke|p2|Starmie|item
|teampreview
|inactive|Battle timer is ON: inactive players will automatically lose when time's up. (requested by geathan2)
|inactive|BWR Ashes has 120 seconds left.
|inactive|geathan2 has 120 seconds left.
|
|t:|1719372309
|start
|switch|p1a: Landorus|Landorus-Therian, M|100/100
|switch|p2a: Jirachi|Jirachi|100/100
|-ability|p1a: Landorus|Intimidate|boost
|-unboost|p2a: Jirachi|atk|1
|turn|1
|
|t:|1719372318
|move|p1a: Landorus|Earthquake|p2a: Jirachi
|-supereffective|p2a: Jirachi
|-damage|p2a: Jirachi|2/100
|move|p2a: Jirachi|Calm Mind|p2a: Jirachi
|-boost|p2a: Jirachi|spa|1
|-boost|p2a: Jirachi|spd|1
|
|-heal|p2a: Jirachi|8/100|[from] item: Leftovers
|upkeep
|turn|2
|
|t:|1719372327
|switch|p2a: Latias|Latias, F|100/100
|move|p1a: Landorus|Earthquake|p2a: Latias
|-immune|p2a: Latias|[from] ability: Levitate
|
|upkeep
|turn|3
|
|t:|1719372331
|switch|p1a: Ferrothorn|Ferrothorn, M|100/100
|move|p2a: Latias|Trick|p1a: Ferrothorn
|-activate|p2a: Latias|move: Trick|[of] p1a: Ferrothorn
|-item|p1a: Ferrothorn|Choice Scarf|[from] move: Trick
|-item|p2a: Latias|Leftovers|[from] move: Trick
|
|upkeep
|turn|4
|
|t:|1719372335
|switch|p2a: Ferrothorn|Ferrothorn, F|100/100
|move|p1a: Ferrothorn|Stealth Rock|p2a: Ferrothorn
|-sidestart|p2: BWR Ashes|move: Stealth Rock
|
|upkeep
|turn|5
|
|t:|1719372340
|switch|p1a: Landorus|Landorus-Therian, M|100/100
|-ability|p1a: Landorus|Intimidate|boost
|-unboost|p2a: Ferrothorn|atk|1
|move|p2a: Ferrothorn|Stealth Rock|p1a: Landorus
|-sidestart|p1: geathan2|move: Stealth Rock
|
|upkeep
|turn|6
|
|t:|1719372343
|move|p1a: Landorus|Earthquake|p2a: Ferrothorn
|-damage|p2a: Ferrothorn|53/100
|move|p2a: Ferrothorn|Gyro Ball|p1a: Landorus
|-damage|p1a: Landorus|57/100
|
|upkeep
|turn|7
|
|t:|1719372346
|switch|p2a: Latias|Latias, F|100/100
|-damage|p2a: Latias|88/100|[from] Stealth Rock
|move|p1a: Landorus|Earthquake|p2a: Latias
|-immune|p2a: Latias|[from] ability: Levitate
|
|-heal|p2a: Latias|94/100|[from] item: Leftovers
|upkeep
|turn|8
|
|t:|1719372354
|switch|p1a: Ferrothorn|Ferrothorn, M|100/100
|-damage|p1a: Ferrothorn|94/100|[from] Stealth Rock
|move|p2a: Latias|Surf|p1a: Ferrothorn
|-resisted|p1a: Ferrothorn
|-damage|p1a: Ferrothorn|83/100
|
|-heal|p2a: Latias|99/100|[from] item: Leftovers
|upkeep
|turn|9
|
|t:|1719372358
|move|p2a: Latias|Surf|p1a: Ferrothorn
|-resisted|p1a: Ferrothorn
|-crit|p1a: Ferrothorn
|-damage|p1a: Ferrothorn|61/100
|move|p1a: Ferrothorn|Knock Off|p2a: Latias
|-supereffective|p2a: Latias
|-damage|p2a: Latias|89/100
|-enditem|p2a: Latias|Leftovers|[from] move: Knock Off|[of] p1a: Ferrothorn
|
|upkeep
|turn|10
|
|t:|1719372368
|switch|p1a: Tentacruel|Tentacruel, M|100/100
|-damage|p1a: Tentacruel|88/100|[from] Stealth Rock
|move|p2a: Latias|Surf|p1a: Tentacruel
|-resisted|p1a: Tentacruel
|-damage|p1a: Tentacruel|77/100
|
|-heal|p1a: Tentacruel|83/100|[from] item: Black Sludge
|upkeep
|turn|11
|
|t:|1719372374
|switch|p1a: Ferrothorn|Ferrothorn, M|61/100
|-damage|p1a: Ferrothorn|55/100|[from] Stealth Rock
|move|p2a: Latias|Healing Wish|p2a: Latias
|faint|p2a: Latias
|
|upkeep
|
|t:|1719372377
|switch|p2a: Jirachi|Jirachi|8/100
|-heal|p2a: Jirachi|100/100|[from] move: Healing Wish
|-damage|p2a: Jirachi|94/100|[from] Stealth Rock
|turn|12
|
|t:|1719372382
|move|p2a: Jirachi|Substitute|p2a: Jirachi
|-start|p2a: Jirachi|Substitute
|-damage|p2a: Jirachi|69/100
|move|p1a: Ferrothorn|Knock Off|p2a: Jirachi
|-activate|p2a: Jirachi|Substitute|[damage]
|
|-heal|p2a: Jirachi|75/100|[from] item: Leftovers
|upkeep
|turn|13
|
|t:|1719372385
|switch|p1a: Landorus|Landorus-Therian, M|57/100
|-damage|p1a: Landorus|45/100|[from] Stealth Rock
|-ability|p1a: Landorus|Intimidate|boost
|-immune|p2a: Jirachi
|move|p2a: Jirachi|Calm Mind|p2a: Jirachi
|-boost|p2a: Jirachi|spa|1
|-boost|p2a: Jirachi|spd|1
|
|-heal|p2a: Jirachi|82/100|[from] item: Leftovers
|upkeep
|turn|14
|
|t:|1719372387
|move|p1a: Landorus|Earthquake|p2a: Jirachi
|-supereffective|p2a: Jirachi
|-crit|p2a: Jirachi
|-end|p2a: Jirachi|Substitute
|move|p2a: Jirachi|Hidden Power|p1a: Landorus
|-supereffective|p1a: Landorus
|-damage|p1a: Landorus|0 fnt
|faint|p1a: Landorus
|
|-heal|p2a: Jirachi|88/100|[from] item: Leftovers
|upkeep
|
|t:|1719372391
|switch|p1a: Kyurem|Kyurem-Black|100/100
|-damage|p1a: Kyurem|76/100|[from] Stealth Rock
|-ability|p1a: Kyurem|Teravolt
|turn|15
|
|t:|1719372396
|move|p2a: Jirachi|Thunder|p1a: Kyurem|[miss]
|-miss|p2a: Jirachi|p1a: Kyurem
|move|p1a: Kyurem|Outrage|p2a: Jirachi
|-resisted|p2a: Jirachi
|-damage|p2a: Jirachi|37/100
|
|-heal|p2a: Jirachi|43/100|[from] item: Leftovers
|upkeep
|turn|16
|
|t:|1719372408
|move|p2a: Jirachi|Substitute|p2a: Jirachi
|-start|p2a: Jirachi|Substitute
|-damage|p2a: Jirachi|18/100
|move|p1a: Kyurem|Outrage|p2a: Jirachi|[from]lockedmove
|-resisted|p2a: Jirachi
|-crit|p2a: Jirachi
|-end|p2a: Jirachi|Substitute
|-start|p1a: Kyurem|confusion|[fatigue]
|
|-heal|p2a: Jirachi|24/100|[from] item: Leftovers
|upkeep
|turn|17
|
|t:|1719372417
|switch|p2a: Ferrothorn|Ferrothorn, F|53/100
|-damage|p2a: Ferrothorn|48/100|[from] Stealth Rock
|-activate|p1a: Kyurem|confusion
|move|p1a: Kyurem|Outrage|p2a: Ferrothorn
|-resisted|p2a: Ferrothorn
|-crit|p2a: Ferrothorn
|-damage|p2a: Ferrothorn|0 fnt
|-damage|p1a: Kyurem|63/100|[from] ability: Iron Barbs|[of] p2a: Ferrothorn
|faint|p2a: Ferrothorn
|
|upkeep
|
|t:|1719372426
|switch|p2a: Starmie|Starmie|100/100
|-damage|p2a: Starmie|88/100|[from] Stealth Rock
|-item|p2a: Starmie|Air Balloon
|turn|18
|
|t:|1719372428
|move|p2a: Starmie|Rapid Spin|p1a: Kyurem
|-damage|p1a: Kyurem|61/100
|-sideend|p2: BWR Ashes|Stealth Rock|[from] move: Rapid Spin|[of] p2a: Starmie
|-activate|p1a: Kyurem|confusion
|-damage|p1a: Kyurem|45/100|[from] confusion
|
|upkeep
|turn|19
|
|t:|1719372434
|move|p2a: Starmie|Ice Beam|p1a: Kyurem
|-damage|p1a: Kyurem|16/100
|-end|p1a: Kyurem|confusion
|move|p1a: Kyurem|Outrage|p2a: Starmie
|-damage|p2a: Starmie|0 fnt
|-enditem|p2a: Starmie|Air Balloon
|faint|p2a: Starmie
|
|upkeep
|
|t:|1719372440
|switch|p2a: Jirachi|Jirachi|24/100
|turn|20
|
|t:|1719372442
|move|p2a: Jirachi|Hidden Power|p1a: Kyurem
|-damage|p1a: Kyurem|0 fnt
|faint|p1a: Kyurem
|
|-heal|p2a: Jirachi|30/100|[from] item: Leftovers
|upkeep
|
|t:|1719372445
|switch|p1a: Tentacruel|Tentacruel, M|83/100
|-damage|p1a: Tentacruel|71/100|[from] Stealth Rock
|turn|21
|
|t:|1719372449
|move|p2a: Jirachi|Substitute|p2a: Jirachi
|-start|p2a: Jirachi|Substitute
|-damage|p2a: Jirachi|5/100
|move|p1a: Tentacruel|Scald|p2a: Jirachi
|-activate|p2a: Jirachi|Substitute|[damage]
|
|-heal|p2a: Jirachi|11/100|[from] item: Leftovers
|-heal|p1a: Tentacruel|77/100|[from] item: Black Sludge
|upkeep
|turn|22
|
|t:|1719372451
|move|p2a: Jirachi|Calm Mind|p2a: Jirachi
|-boost|p2a: Jirachi|spa|1
|-boost|p2a: Jirachi|spd|1
|move|p1a: Tentacruel|Scald|p2a: Jirachi
|-end|p2a: Jirachi|Substitute
|
|-heal|p2a: Jirachi|18/100|[from] item: Leftovers
|-heal|p1a: Tentacruel|83/100|[from] item: Black Sludge
|upkeep
|turn|23
|
|t:|1719372456
|move|p2a: Jirachi|Thunder|p1a: Tentacruel|[miss]
|-miss|p2a: Jirachi|p1a: Tentacruel
|move|p1a: Tentacruel|Scald|p2a: Jirachi
|-damage|p2a: Jirachi|5/100
|
|-heal|p2a: Jirachi|12/100|[from] item: Leftovers
|-heal|p1a: Tentacruel|89/100|[from] item: Black Sludge
|upkeep
|turn|24
|
|t:|1719372463
|switch|p1a: Ferrothorn|Ferrothorn, M|55/100
|-damage|p1a: Ferrothorn|49/100|[from] Stealth Rock
|move|p2a: Jirachi|Thunder|p1a: Ferrothorn|[miss]
|-miss|p2a: Jirachi|p1a: Ferrothorn
|
|-heal|p2a: Jirachi|18/100|[from] item: Leftovers
|upkeep
|turn|25
|
|t:|1719372481
|move|p2a: Jirachi|Calm Mind|p2a: Jirachi
|-boost|p2a: Jirachi|spa|1
|-boost|p2a: Jirachi|spd|1
|move|p1a: Ferrothorn|Knock Off|p2a: Jirachi
|-damage|p2a: Jirachi|14/100
|-enditem|p2a: Jirachi|Leftovers|[from] move: Knock Off|[of] p1a: Ferrothorn
|
|upkeep
|turn|26
|
|t:|1719372485
|switch|p2a: Kyurem|Kyurem-Black|100/100
|-ability|p2a: Kyurem|Teravolt
|move|p1a: Ferrothorn|Knock Off|p2a: Kyurem
|-damage|p2a: Kyurem|97/100
|-enditem|p2a: Kyurem|Leftovers|[from] move: Knock Off|[of] p1a: Ferrothorn
|
|upkeep
|turn|27
|
|t:|1719372494
|switch|p1a: Tentacruel|Tentacruel, M|89/100
|-damage|p1a: Tentacruel|77/100|[from] Stealth Rock
|move|p2a: Kyurem|Substitute|p2a: Kyurem
|-start|p2a: Kyurem|Substitute
|-damage|p2a: Kyurem|72/100
|
|-heal|p1a: Tentacruel|83/100|[from] item: Black Sludge
|upkeep
|turn|28
|
|t:|1719372498
|move|p1a: Tentacruel|Scald|p2a: Kyurem
|-resisted|p2a: Kyurem
|-activate|p2a: Kyurem|Substitute|[damage]
|move|p2a: Kyurem|Fusion Bolt|p1a: Tentacruel
|-supereffective|p1a: Tentacruel
|-damage|p1a: Tentacruel|4/100
|
|-heal|p1a: Tentacruel|10/100|[from] item: Black Sludge
|upkeep
|turn|29
|
|t:|1719372503
|move|p1a: Tentacruel|Scald|p2a: Kyurem
|-resisted|p2a: Kyurem
|-activate|p2a: Kyurem|Substitute|[damage]
|move|p2a: Kyurem|Fusion Bolt|p1a: Tentacruel
|-supereffective|p1a: Tentacruel
|-crit|p1a: Tentacruel
|-damage|p1a: Tentacruel|0 fnt
|faint|p1a: Tentacruel
|
|upkeep
|
|t:|1719372514
|switch|p1a: Alakazam|Alakazam, F|100/100
|turn|30
|
|t:|1719372519
|move|p1a: Alakazam|Psyshock|p2a: Kyurem
|-end|p2a: Kyurem|Substitute
|move|p2a: Kyurem|Ice Beam|p1a: Alakazam
|-damage|p1a: Alakazam|16/100
|
|upkeep
|turn|31
|
|t:|1719372524
|switch|p2a: Jirachi|Jirachi|14/100
|move|p1a: Alakazam|Focus Blast|p2a: Jirachi
|-damage|p2a: Jirachi|0 fnt
|faint|p2a: Jirachi
|
|upkeep
|
|t:|1719372526
|switch|p2a: Politoed|Politoed, F|100/100
|-weather|RainDance|[from] ability: Drizzle|[of] p2a: Politoed
|turn|32
|
|t:|1719372528
|switch|p1a: Ferrothorn|Ferrothorn, M|49/100
|-damage|p1a: Ferrothorn|42/100|[from] Stealth Rock
|move|p2a: Politoed|Scald|p1a: Ferrothorn
|-resisted|p1a: Ferrothorn
|-damage|p1a: Ferrothorn|29/100
|-status|p1a: Ferrothorn|brn
|
|-weather|RainDance|[upkeep]
|-damage|p1a: Ferrothorn|17/100 brn|[from] brn
|upkeep
|turn|33
|
|t:|1719372534
|switch|p1a: Politoed|Politoed, F|100/100
|-damage|p1a: Politoed|88/100|[from] Stealth Rock
|move|p2a: Politoed|Protect||[still]
|-fail|p2a: Politoed
|
|-weather|RainDance|[upkeep]
|upkeep
|turn|34
|
|t:|1719372538
|move|p2a: Politoed|Scald|p1a: Politoed
|-resisted|p1a: Politoed
|-damage|p1a: Politoed|72/100
|move|p1a: Politoed|Hydro Pump|p2a: Politoed|[miss]
|-miss|p1a: Politoed|p2a: Politoed
|
|-weather|RainDance|[upkeep]
|upkeep
|turn|35
|
|t:|1719372541
|move|p2a: Politoed|Protect|p2a: Politoed
|-singleturn|p2a: Politoed|Protect
|move|p1a: Politoed|Hydro Pump|p2a: Politoed
|-activate|p2a: Politoed|move: Protect
|
|-weather|RainDance|[upkeep]
|upkeep
|turn|36
|
|t:|1719372543
|move|p2a: Politoed|Scald|p1a: Politoed
|-resisted|p1a: Politoed
|-damage|p1a: Politoed|55/100
|-status|p1a: Politoed|brn
|move|p1a: Politoed|Hydro Pump|p2a: Politoed
|-resisted|p2a: Politoed
|-damage|p2a: Politoed|49/100
|
|-weather|RainDance|[upkeep]
|-heal|p2a: Politoed|56/100|[from] item: Leftovers
|-damage|p1a: Politoed|42/100 brn|[from] brn
|upkeep
|turn|37
|
|t:|1719372547
|move|p2a: Politoed|Protect|p2a: Politoed
|-singleturn|p2a: Politoed|Protect
|move|p1a: Politoed|Hydro Pump|p2a: Politoed
|-activate|p2a: Politoed|move: Protect
|
|-weather|RainDance|[upkeep]
|-heal|p2a: Politoed|62/100|[from] item: Leftovers
|-damage|p1a: Politoed|30/100 brn|[from] brn
|upkeep
|turn|38
|
|t:|1719372549
|move|p2a: Politoed|Scald|p1a: Politoed
|-resisted|p1a: Politoed
|-damage|p1a: Politoed|12/100 brn
|move|p1a: Politoed|Hydro Pump|p2a: Politoed
|-resisted|p2a: Politoed
|-damage|p2a: Politoed|11/100
|
|-weather|RainDance|[upkeep]
|-heal|p2a: Politoed|17/100|[from] item: Leftovers
|-damage|p1a: Politoed|0 fnt|[from] brn
|faint|p1a: Politoed
|upkeep
|
|t:|1719372553
|switch|p1a: Alakazam|Alakazam, F|16/100
|turn|39
|
|t:|1719372556
|move|p2a: Politoed|Protect|p2a: Politoed
|-singleturn|p2a: Politoed|Protect
|move|p1a: Alakazam|Psyshock|p2a: Politoed
|-activate|p2a: Politoed|move: Protect
|
|-weather|RainDance|[upkeep]
|-heal|p2a: Politoed|23/100|[from] item: Leftovers
|upkeep
|turn|40
|
|t:|1719372560
|move|p1a: Alakazam|Psyshock|p2a: Politoed
|-damage|p2a: Politoed|0 fnt
|faint|p2a: Politoed
|
|-weather|RainDance|[upkeep]
|upkeep
|
|t:|1719372561
|switch|p2a: Kyurem|Kyurem-Black|72/100
|-ability|p2a: Kyurem|Teravolt
|turn|41
|
|t:|1719372564
|move|p1a: Alakazam|Focus Blast|p2a: Kyurem
|-supereffective|p2a: Kyurem
|-damage|p2a: Kyurem|0 fnt
|faint|p2a: Kyurem
|
|win|geathan2
|raw|geathan2's rating: 1491 &rarr; <strong>1507</strong><br />(+16 for winning)
|raw|BWR Ashes's rating: 1428 &rarr; <strong>1412</strong><br />(-16 for losing)
|l|☆BWR Ashes
|player|p2|
