|j|☆NBA league pass
|j|☆ghosted by brizz
|t:|1739726075
|gametype|singles
|player|p1|NBA league pass|102|1378
|player|p2|ghosted by brizz|nessa|1468
|teamsize|p1|6
|teamsize|p2|6
|gen|5
|tier|[Gen 5] OU
|rated|
|rule|Species Clause: Limit one of each Pokémon
|rule|OHKO Clause: OHKO moves are banned
|rule|Moody Clause: Moody is banned
|rule|Evasion Items Clause: Evasion items are banned
|rule|Evasion Moves Clause: Evasion moves are banned
|rule|Endless Battle Clause: Forcing endless battles is banned
|rule|HP Percentage Mod: HP is shown in percentages
|rule|Evasion Abilities Clause: Evasion abilities are banned
|rule|Sleep Moves Clause: Sleep-inducing moves are banned
|rule|Swagger Clause: Swagger is banned
|rule|Baton Pass Stat Clause: No Baton Passer may have a way to boost its stats
|clearpoke
|poke|p1|Landorus-Therian, M|item
|poke|p1|Ferrothorn, F|item
|poke|p1|Magnezone|item
|poke|p1|Salamence, M|item
|poke|p1|Starmie|item
|poke|p1|Volcarona, M|item
|poke|p2|Meloetta|item
|poke|p2|Donphan, M|item
|poke|p2|Umbreon, F|item
|poke|p2|Slowking, F|item
|poke|p2|Cresselia, F|item
|poke|p2|Machamp, F|item
|teampreview
|inactive|Battle timer is ON: inactive players will automatically lose when time's up. (requested by ghosted by brizz)
|inactive|NBA league pass also wants the timer to be on.
|inactive|ghosted by brizz has 120 seconds left.
|inactive|NBA league pass has 120 seconds left.
|
|t:|1739726123
|start
|switch|p1a: Barnacle Boy|Ferrothorn, F|100/100
|switch|p2a: Meloetta|Meloetta|100/100
|turn|1
|
|t:|1739726134
|move|p2a: Meloetta|Relic Song|p1a: Barnacle Boy
|-resisted|p1a: Barnacle Boy
|-damage|p1a: Barnacle Boy|87/100
|-formechange|p2a: Meloetta|Meloetta-Pirouette|[msg]
|move|p1a: Barnacle Boy|Stealth Rock|p2a: Meloetta
|-sidestart|p2: ghosted by brizz|move: Stealth Rock
|
|upkeep
|turn|2
|
|t:|1739726149
|switch|p1a: The Gaza Strip|Landorus-Therian, M|100/100
|-ability|p1a: The Gaza Strip|Intimidate|boost
|-unboost|p2a: Meloetta|atk|1
|move|p2a: Meloetta|Close Combat|p1a: The Gaza Strip
|-resisted|p1a: The Gaza Strip
|-damage|p1a: The Gaza Strip|79/100
|-unboost|p2a: Meloetta|def|1
|-unboost|p2a: Meloetta|spd|1
|
|upkeep
|turn|3
|
|t:|1739726162
|move|p1a: The Gaza Strip|U-turn|p2a: Meloetta
|-resisted|p2a: Meloetta
|-damage|p2a: Meloetta|75/100
|
|t:|1739726169
|switch|p1a: Kevin Garnett|Salamence, M, shiny|100/100|[from] U-turn
|move|p2a: Meloetta|Hidden Power|p1a: Kevin Garnett
|-supereffective|p1a: Kevin Garnett
|-damage|p1a: Kevin Garnett|32/100
|
|upkeep
|turn|4
|
|t:|1739726182
|switch|p1a: SS Leibstandarte|Volcarona, M|100/100
|move|p2a: Meloetta|Hidden Power|p1a: SS Leibstandarte
|-resisted|p1a: SS Leibstandarte
|-damage|p1a: SS Leibstandarte|93/100
|
|upkeep
|turn|5
|
|t:|1739726189
|switch|p2a: Olive|Machamp, F, shiny|100/100
|-damage|p2a: Olive|94/100|[from] Stealth Rock
|move|p1a: SS Leibstandarte|Quiver Dance|p1a: SS Leibstandarte
|-boost|p1a: SS Leibstandarte|spa|1
|-boost|p1a: SS Leibstandarte|spd|1
|-boost|p1a: SS Leibstandarte|spe|1
|
|-heal|p2a: Olive|100/100|[from] item: Leftovers
|upkeep
|turn|6
|
|t:|1739726200
|move|p1a: SS Leibstandarte|Fiery Dance|p2a: Olive
|-damage|p2a: Olive|43/100
|move|p2a: Olive|Stone Edge|p1a: SS Leibstandarte
|-supereffective|p1a: SS Leibstandarte
|-damage|p1a: SS Leibstandarte|0 fnt
|faint|p1a: SS Leibstandarte
|
|-heal|p2a: Olive|49/100|[from] item: Leftovers
|upkeep
|
|t:|1739726210
|switch|p1a: Starmie|Starmie|100/100
|turn|7
|
|t:|1739726218
|switch|p2a: Umbreon|Umbreon, F|100/100
|-damage|p2a: Umbreon|88/100|[from] Stealth Rock
|move|p1a: Starmie|Hydro Pump|p2a: Umbreon
|-damage|p2a: Umbreon|50/100
|-damage|p1a: Starmie|91/100|[from] item: Life Orb
|
|-heal|p2a: Umbreon|57/100|[from] item: Leftovers
|upkeep
|turn|8
|
|t:|1739726230
|-activate|p1a: Starmie|move: Pursuit
|move|p2a: Umbreon|Pursuit|p1a: Starmie|[from] Pursuit
|-supereffective|p1a: Starmie
|-damage|p1a: Starmie|35/100
|switch|p1a: The Gaza Strip|Landorus-Therian, M|79/100
|-ability|p1a: The Gaza Strip|Intimidate|boost
|-unboost|p2a: Umbreon|atk|1
|
|-heal|p2a: Umbreon|63/100|[from] item: Leftovers
|upkeep
|turn|9
|
|t:|1739726246
|move|p2a: Umbreon|Protect|p2a: Umbreon
|-singleturn|p2a: Umbreon|Protect
|move|p1a: The Gaza Strip|U-turn|p2a: Umbreon
|-activate|p2a: Umbreon|move: Protect
|
|-heal|p2a: Umbreon|69/100|[from] item: Leftovers
|upkeep
|turn|10
|
|t:|1739726260
|switch|p2a: Donphan|Donphan, M|100/100
|-damage|p2a: Donphan|94/100|[from] Stealth Rock
|move|p1a: The Gaza Strip|U-turn|p2a: Donphan
|-damage|p2a: Donphan|78/100
|-damage|p1a: The Gaza Strip|62/100|[from] item: Rocky Helmet|[of] p2a: Donphan
|
|t:|1739726272
|switch|p1a: Kevin Garnett|Salamence, M, shiny|32/100|[from] U-turn
|
|upkeep
|turn|11
|
|t:|1739726282
|move|p2a: Donphan|Ice Shard|p1a: Kevin Garnett
|-supereffective|p1a: Kevin Garnett
|-damage|p1a: Kevin Garnett|0 fnt
|faint|p1a: Kevin Garnett
|
|upkeep
|
|t:|1739726301
|switch|p1a: Starmie|Starmie|35/100
|turn|12
|
|t:|1739726314
|switch|p2a: Slowking|Slowking, F|100/100
|-damage|p2a: Slowking|88/100|[from] Stealth Rock
|move|p1a: Starmie|Hydro Pump|p2a: Slowking
|-resisted|p2a: Slowking
|-damage|p2a: Slowking|67/100
|-damage|p1a: Starmie|25/100|[from] item: Life Orb
|
|-heal|p2a: Slowking|74/100|[from] item: Leftovers
|upkeep
|turn|13
|
|t:|1739726325
|switch|p2a: Umbreon|Umbreon, F|69/100
|-damage|p2a: Umbreon|56/100|[from] Stealth Rock
|move|p1a: Starmie|Thunderbolt|p2a: Umbreon
|-damage|p2a: Umbreon|37/100
|-damage|p1a: Starmie|15/100|[from] item: Life Orb
|
|-heal|p2a: Umbreon|43/100|[from] item: Leftovers
|upkeep
|turn|14
|
|t:|1739726335
|move|p1a: Starmie|Hydro Pump|p2a: Umbreon
|-damage|p2a: Umbreon|8/100
|-damage|p1a: Starmie|5/100|[from] item: Life Orb
|move|p2a: Umbreon|Wish|p2a: Umbreon
|
|-heal|p2a: Umbreon|14/100|[from] item: Leftovers
|upkeep
|turn|15
|
|t:|1739726348
|switch|p1a: The Gaza Strip|Landorus-Therian, M|62/100
|-ability|p1a: The Gaza Strip|Intimidate|boost
|-unboost|p2a: Umbreon|atk|1
|move|p2a: Umbreon|Protect||[still]
|-fail|p2a: Umbreon
|
|-heal|p2a: Umbreon|64/100|[from] move: Wish|[wisher] Umbreon
|-heal|p2a: Umbreon|71/100|[from] item: Leftovers
|upkeep
|turn|16
|
|t:|1739726358
|move|p2a: Umbreon|Protect|p2a: Umbreon
|-singleturn|p2a: Umbreon|Protect
|move|p1a: The Gaza Strip|U-turn|p2a: Umbreon
|-activate|p2a: Umbreon|move: Protect
|
|-heal|p2a: Umbreon|77/100|[from] item: Leftovers
|upkeep
|turn|17
|
|t:|1739726366
|move|p1a: The Gaza Strip|U-turn|p2a: Umbreon
|-supereffective|p2a: Umbreon
|-damage|p2a: Umbreon|27/100
|
|t:|1739726370
|switch|p1a: Elon Musk|Magnezone, shiny|100/100|[from] U-turn
|move|p2a: Umbreon|Wish|p2a: Umbreon
|
|-heal|p2a: Umbreon|33/100|[from] item: Leftovers
|upkeep
|turn|18
|
|t:|1739726380
|move|p2a: Umbreon|Protect|p2a: Umbreon
|-singleturn|p2a: Umbreon|Protect
|move|p1a: Elon Musk|Substitute|p1a: Elon Musk
|-start|p1a: Elon Musk|Substitute
|-damage|p1a: Elon Musk|76/100
|
|-heal|p2a: Umbreon|83/100|[from] move: Wish|[wisher] Umbreon
|-heal|p2a: Umbreon|90/100|[from] item: Leftovers
|-heal|p1a: Elon Musk|82/100|[from] item: Leftovers
|upkeep
|turn|19
|
|t:|1739726391
|switch|p2a: Meloetta|Meloetta|75/100
|-damage|p2a: Meloetta|63/100|[from] Stealth Rock
|move|p1a: Elon Musk|Charge Beam|p2a: Meloetta
|-damage|p2a: Meloetta|40/100
|
|-heal|p1a: Elon Musk|88/100|[from] item: Leftovers
|upkeep
|turn|20
|
|t:|1739726413
|move|p2a: Meloetta|Close Combat|p1a: Elon Musk
|-supereffective|p1a: Elon Musk
|-end|p1a: Elon Musk|Substitute
|-unboost|p2a: Meloetta|def|1
|-unboost|p2a: Meloetta|spd|1
|move|p1a: Elon Musk|Charge Beam|p2a: Meloetta
|-damage|p2a: Meloetta|2/100
|-boost|p1a: Elon Musk|spa|1
|
|-heal|p1a: Elon Musk|94/100|[from] item: Leftovers
|upkeep
|turn|21
|
|t:|1739726428
|switch|p1a: The Gaza Strip|Landorus-Therian, M|62/100
|-ability|p1a: The Gaza Strip|Intimidate|boost
|-unboost|p2a: Meloetta|atk|1
|move|p2a: Meloetta|Relic Song|p1a: The Gaza Strip
|-damage|p1a: The Gaza Strip|17/100
|-status|p1a: The Gaza Strip|slp|[from] move: Relic Song
|-formechange|p2a: Meloetta|Meloetta-Pirouette|[msg]
|
|upkeep
|turn|22
|
|t:|1739726438
|cant|p1a: The Gaza Strip|slp
|move|p2a: Meloetta|Hidden Power|p1a: The Gaza Strip
|-supereffective|p1a: The Gaza Strip
|-damage|p1a: The Gaza Strip|0 fnt
|faint|p1a: The Gaza Strip
|
|upkeep
|
|t:|1739726446
|switch|p1a: Starmie|Starmie|5/100
|turn|23
|
|t:|1739726452
|move|p2a: Meloetta|Hidden Power|p1a: Starmie
|-resisted|p1a: Starmie
|-damage|p1a: Starmie|0 fnt
|faint|p1a: Starmie
|
|upkeep
|
|t:|1739726461
|switch|p1a: Barnacle Boy|Ferrothorn, F|87/100
|turn|24
|
|t:|1739726466
|move|p2a: Meloetta|Close Combat|p1a: Barnacle Boy
|-supereffective|p1a: Barnacle Boy
|-crit|p1a: Barnacle Boy
|-damage|p1a: Barnacle Boy|0 fnt
|-unboost|p2a: Meloetta|def|1
|-unboost|p2a: Meloetta|spd|1
|-damage|p2a: Meloetta|0 fnt|[from] ability: Iron Barbs|[of] p1a: Barnacle Boy
|faint|p2a: Meloetta
|faint|p1a: Barnacle Boy
|
|upkeep
|-message|NBA league pass forfeited.
|
|win|ghosted by brizz
|raw|NBA league pass's rating: 1378 &rarr; <strong>1363</strong><br />(-15 for losing)
|raw|ghosted by brizz's rating: 1468 &rarr; <strong>1483</strong><br />(+15 for winning)
|l|☆NBA league pass
|player|p1|
