|j|☆leoperi99
|j|☆babymariofan563
|t:|1702561570
|gametype|singles
|player|p1|leoperi99|kris-gen2|1416
|player|p2|babymariofan563|biker-gen4|1323
|teamsize|p1|6
|teamsize|p2|6
|gen|5
|tier|[Gen 5] OU
|rated|
|rule|Species Clause: Limit one of each Pokémon
|rule|OHKO Clause: OHKO moves are banned
|rule|Moody Clause: Moody is banned
|rule|Evasion Items Clause: Evasion items are banned
|rule|Evasion Moves Clause: Evasion moves are banned
|rule|Endless Battle Clause: Forcing endless battles is banned
|rule|HP Percentage Mod: HP is shown in percentages
|rule|Evasion Abilities Clause: Evasion abilities are banned
|rule|Sleep Moves Clause: Sleep-inducing moves are banned
|rule|Swagger Clause: Swagger is banned
|rule|Baton Pass Stat Clause: No Baton Passer may have a way to boost its stats
|clearpoke
|poke|p1|Politoed, F|item
|poke|p1|Tentacruel, F|item
|poke|p1|Ferrothorn, M|item
|poke|p1|Latios, M|item
|poke|p1|Gyarados, F|item
|poke|p1|Kyurem-Black|item
|poke|p2|Magnezone|item
|poke|p2|Jirachi|item
|poke|p2|Kyurem-Black|item
|poke|p2|Latios, M|item
|poke|p2|Garchomp, M|item
|poke|p2|Dragonite, M|item
|teampreview
|
|t:|1702561579
|start
|switch|p1a: Kyurem|Kyurem-Black, shiny|100/100
|switch|p2a: This guy|Jirachi|100/100
|-ability|p1a: Kyurem|Teravolt
|turn|1
|inactive|Battle timer is ON: inactive players will automatically lose when time's up. (requested by leoperi99)
|
|t:|1702561585
|move|p1a: Kyurem|Substitute|p1a: Kyurem
|-start|p1a: Kyurem|Substitute
|-damage|p1a: Kyurem|76/100
|move|p2a: This guy|Stealth Rock|p1a: Kyurem
|-sidestart|p1: leoperi99|move: Stealth Rock
|
|-heal|p1a: Kyurem|82/100|[from] item: Leftovers
|upkeep
|turn|2
|
|t:|1702561589
|move|p1a: Kyurem|Earth Power|p2a: This guy
|-supereffective|p2a: This guy
|-damage|p2a: This guy|58/100
|move|p2a: This guy|U-turn|p1a: Kyurem
|-activate|p1a: Kyurem|Substitute|[damage]
|
|t:|1702561595
|switch|p2a: Its his week|Garchomp, M|100/100|[from] U-turn
|
|-heal|p1a: Kyurem|88/100|[from] item: Leftovers
|upkeep
|turn|3
|
|t:|1702561597
|move|p2a: Its his week|Earthquake|p1a: Kyurem
|-end|p1a: Kyurem|Substitute
|move|p1a: Kyurem|Ice Beam|p2a: Its his week
|-supereffective|p2a: Its his week
|-damage|p2a: Its his week|0 fnt
|faint|p2a: Its his week
|
|-heal|p1a: Kyurem|94/100|[from] item: Leftovers
|upkeep
|
|t:|1702561603
|switch|p2a: Colon 3|Latios, M|100/100
|turn|4
|
|t:|1702561607
|switch|p1a: Ferrothorn|Ferrothorn, M, shiny|100/100
|-damage|p1a: Ferrothorn|94/100|[from] Stealth Rock
|move|p2a: Colon 3|Trick|p1a: Ferrothorn
|-activate|p2a: Colon 3|move: Trick|[of] p1a: Ferrothorn
|-item|p1a: Ferrothorn|Choice Scarf|[from] move: Trick
|-item|p2a: Colon 3|Lum Berry|[from] move: Trick
|
|upkeep
|turn|5
|
|t:|1702561614
|switch|p2a: Fatass|Dragonite, M|100/100
|move|p1a: Ferrothorn|Stealth Rock|p2a: Fatass
|-sidestart|p2: babymariofan563|move: Stealth Rock
|
|upkeep
|turn|6
|
|t:|1702561624
|switch|p1a: Latios|Latios, M|100/100
|-damage|p1a: Latios|88/100|[from] Stealth Rock
|move|p2a: Fatass|Dragon Dance|p2a: Fatass
|-boost|p2a: Fatass|atk|1
|-boost|p2a: Fatass|spe|1
|
|upkeep
|turn|7
|
|t:|1702561632
|move|p1a: Latios|Trick|p2a: Fatass
|-activate|p1a: Latios|move: Trick|[of] p2a: Fatass
|-item|p2a: Fatass|Choice Scarf|[from] move: Trick
|-item|p1a: Latios|Lum Berry|[from] move: Trick
|move|p2a: Fatass|Outrage|p1a: Latios
|-supereffective|p1a: Latios
|-damage|p1a: Latios|0 fnt
|faint|p1a: Latios
|
|upkeep
|
|t:|1702561638
|switch|p1a: Ferrothorn|Ferrothorn, M, shiny|94/100
|-damage|p1a: Ferrothorn|88/100|[from] Stealth Rock
|turn|8
|
|t:|1702561641
|move|p2a: Fatass|Outrage|p1a: Ferrothorn|[from]lockedmove
|-resisted|p1a: Ferrothorn
|-damage|p1a: Ferrothorn|48/100
|-damage|p2a: Fatass|88/100|[from] ability: Iron Barbs|[of] p1a: Ferrothorn
|-start|p2a: Fatass|confusion|[fatigue]
|move|p1a: Ferrothorn|Gyro Ball|p2a: Fatass
|-damage|p2a: Fatass|32/100
|
|upkeep
|turn|9
|
|t:|1702561643
|-activate|p2a: Fatass|confusion
|move|p2a: Fatass|Outrage|p1a: Ferrothorn
|-resisted|p1a: Ferrothorn
|-damage|p1a: Ferrothorn|10/100
|-damage|p2a: Fatass|20/100|[from] ability: Iron Barbs|[of] p1a: Ferrothorn
|move|p1a: Ferrothorn|Gyro Ball|p2a: Fatass
|-damage|p2a: Fatass|0 fnt
|faint|p2a: Fatass
|
|upkeep
|
|t:|1702561648
|switch|p2a: This guy|Jirachi|58/100
|-damage|p2a: This guy|52/100|[from] Stealth Rock
|turn|10
|
|t:|1702561653
|switch|p1a: Tentacruel|Tentacruel, F, shiny|100/100
|-damage|p1a: Tentacruel|88/100|[from] Stealth Rock
|move|p2a: This guy|U-turn|p1a: Tentacruel
|-resisted|p1a: Tentacruel
|-damage|p1a: Tentacruel|79/100
|
|t:|1702561662
|switch|p2a: Colon 3|Latios, M|100/100|[from] U-turn
|-damage|p2a: Colon 3|88/100|[from] Stealth Rock
|
|-heal|p1a: Tentacruel|85/100|[from] item: Black Sludge
|upkeep
|turn|11
|
|t:|1702561668
|move|p1a: Tentacruel|Protect|p1a: Tentacruel
|-singleturn|p1a: Tentacruel|Protect
|move|p2a: Colon 3|Draco Meteor|p1a: Tentacruel
|-activate|p1a: Tentacruel|move: Protect
|
|-heal|p1a: Tentacruel|91/100|[from] item: Black Sludge
|upkeep
|turn|12
|
|t:|1702561671
|move|p2a: Colon 3|Draco Meteor|p1a: Tentacruel
|-damage|p1a: Tentacruel|25/100
|-unboost|p2a: Colon 3|spa|2
|move|p1a: Tentacruel|Rapid Spin|p2a: Colon 3
|-damage|p2a: Colon 3|85/100
|-sideend|p1: leoperi99|Stealth Rock|[from] move: Rapid Spin|[of] p1a: Tentacruel
|
|-heal|p1a: Tentacruel|31/100|[from] item: Black Sludge
|upkeep
|turn|13
|
|t:|1702561675
|switch|p1a: le frog|Politoed, F, shiny|100/100
|-weather|RainDance|[from] ability: Drizzle|[of] p1a: le frog
|move|p2a: Colon 3|Draco Meteor|p1a: le frog
|-damage|p1a: le frog|64/100
|-unboost|p2a: Colon 3|spa|2
|
|-weather|RainDance|[upkeep]
|-heal|p1a: le frog|70/100|[from] item: Leftovers
|upkeep
|turn|14
|
|t:|1702561682
|switch|p2a: The mag|Magnezone|100/100
|-damage|p2a: The mag|94/100|[from] Stealth Rock
|-item|p2a: The mag|Air Balloon
|move|p1a: le frog|Scald|p2a: The mag
|-damage|p2a: The mag|56/100
|-enditem|p2a: The mag|Air Balloon
|
|-weather|RainDance|[upkeep]
|-heal|p1a: le frog|76/100|[from] item: Leftovers
|upkeep
|turn|15
|
|t:|1702561685
|switch|p1a: Kyurem|Kyurem-Black, shiny|94/100
|-ability|p1a: Kyurem|Teravolt
|move|p2a: The mag|Thunderbolt|p1a: Kyurem
|-resisted|p1a: Kyurem
|-damage|p1a: Kyurem|71/100
|
|-weather|RainDance|[upkeep]
|-heal|p1a: Kyurem|77/100|[from] item: Leftovers
|upkeep
|turn|16
|
|t:|1702561690
|switch|p2a: Colon 3|Latios, M|85/100
|-damage|p2a: Colon 3|72/100|[from] Stealth Rock
|move|p1a: Kyurem|Earth Power|p2a: Colon 3
|-damage|p2a: Colon 3|41/100
|
|-weather|RainDance|[upkeep]
|-heal|p1a: Kyurem|83/100|[from] item: Leftovers
|upkeep
|turn|17
|
|t:|1702561695
|switch|p1a: Ferrothorn|Ferrothorn, M, shiny|10/100
|move|p2a: Colon 3|Draco Meteor|p1a: Ferrothorn
|-resisted|p1a: Ferrothorn
|-damage|p1a: Ferrothorn|0 fnt
|-unboost|p2a: Colon 3|spa|2
|faint|p1a: Ferrothorn
|
|-weather|RainDance|[upkeep]
|upkeep
|
|t:|1702561698
|switch|p1a: Gyarados|Gyarados, F, shiny|100/100
|turn|18
|
|t:|1702561713
|switch|p2a: This guy|Jirachi|52/100
|-damage|p2a: This guy|46/100|[from] Stealth Rock
|move|p1a: Gyarados|Dragon Dance|p1a: Gyarados
|-boost|p1a: Gyarados|atk|1
|-boost|p1a: Gyarados|spe|1
|
|-weather|RainDance|[upkeep]
|-heal|p2a: This guy|52/100|[from] item: Leftovers
|upkeep
|turn|19
|
|t:|1702561720
|move|p1a: Gyarados|Waterfall|p2a: This guy
|-damage|p2a: This guy|0 fnt
|faint|p2a: This guy
|-ability|p1a: Gyarados|Moxie|boost
|-boost|p1a: Gyarados|atk|1
|
|-weather|RainDance|[upkeep]
|upkeep
|
|t:|1702561724
|switch|p2a: The drag|Kyurem-Black|100/100
|-damage|p2a: The drag|76/100|[from] Stealth Rock
|-ability|p2a: The drag|Teravolt
|turn|20
|
|t:|1702561729
|move|p1a: Gyarados|Substitute|p1a: Gyarados
|-start|p1a: Gyarados|Substitute
|-damage|p1a: Gyarados|76/100
|move|p2a: The drag|Fusion Bolt|p1a: Gyarados
|-supereffective|p1a: Gyarados
|-end|p1a: Gyarados|Substitute
|
|-weather|RainDance|[upkeep]
|-heal|p1a: Gyarados|82/100|[from] item: Leftovers
|upkeep
|turn|21
|
|t:|1702561734
|move|p1a: Gyarados|Bounce||[still]
|-prepare|p1a: Gyarados|Bounce
|move|p2a: The drag|Fusion Bolt|p1a: Gyarados|[miss]
|-miss|p2a: The drag|p1a: Gyarados
|
|-weather|RainDance|[upkeep]
|-heal|p1a: Gyarados|88/100|[from] item: Leftovers
|upkeep
|turn|22
|
|t:|1702561736
|move|p1a: Gyarados|Bounce|p2a: The drag|[from]lockedmove
|-damage|p2a: The drag|0 fnt
|faint|p2a: The drag
|-ability|p1a: Gyarados|Moxie|boost
|-boost|p1a: Gyarados|atk|1
|
|-weather|RainDance|[upkeep]
|-heal|p1a: Gyarados|94/100|[from] item: Leftovers
|upkeep
|
|t:|1702561738
|switch|p2a: The mag|Magnezone|56/100
|-damage|p2a: The mag|50/100|[from] Stealth Rock
|turn|23
|
|t:|1702561741
|move|p1a: Gyarados|Waterfall|p2a: The mag
|-damage|p2a: The mag|0 fnt
|faint|p2a: The mag
|-ability|p1a: Gyarados|Moxie|boost
|-boost|p1a: Gyarados|atk|1
|
|-weather|RainDance|[upkeep]
|-heal|p1a: Gyarados|99/100|[from] item: Leftovers
|upkeep
|c|☆leoperi99|gg
|
|t:|1702561743
|switch|p2a: Colon 3|Latios, M|41/100
|-damage|p2a: Colon 3|28/100|[from] Stealth Rock
|turn|24
|
|t:|1702561746
|move|p1a: Gyarados|Waterfall|p2a: Colon 3
|-resisted|p2a: Colon 3
|-damage|p2a: Colon 3|0 fnt
|faint|p2a: Colon 3
|-ability|p1a: Gyarados|Moxie|boost
|-boost|p1a: Gyarados|atk|1
|
|win|leoperi99
|raw|leoperi99's rating: 1416 &rarr; <strong>1431</strong><br />(+15 for winning)
|raw|babymariofan563's rating: 1323 &rarr; <strong>1308</strong><br />(-15 for losing)
|c|☆babymariofan563|Gg
