|j|☆Jjang8779
|j|☆cdrgcde
|t:|1744365239
|gametype|singles
|player|p1|Jjang8779|265|1332
|player|p2|cdrgcde|pokekid|1338
|teamsize|p1|6
|teamsize|p2|6
|gen|5
|tier|[Gen 5] OU
|rated|
|rule|Species Clause: Limit one of each Pokémon
|rule|OHKO Clause: OHKO moves are banned
|rule|Moody Clause: Moody is banned
|rule|Evasion Items Clause: Evasion items are banned
|rule|Evasion Moves Clause: Evasion moves are banned
|rule|Endless Battle Clause: Forcing endless battles is banned
|rule|HP Percentage Mod: HP is shown in percentages
|rule|Evasion Abilities Clause: Evasion abilities are banned
|rule|Sleep Moves Clause: Sleep-inducing moves are banned
|rule|Swagger Clause: Swagger is banned
|rule|Baton Pass Stat Clause: No Baton Passer may have a way to boost its stats
|clearpoke
|poke|p1|Ninetales, M|item
|poke|p1|Kyurem-Black|item
|poke|p1|Slowbro, M|item
|poke|p1|Hitmontop, M|item
|poke|p1|Landorus-Therian, M|item
|poke|p1|Heatran, F|item
|poke|p2|Tyranitar, M|item
|poke|p2|Alakazam, F|item
|poke|p2|Latios, M|item
|poke|p2|Ferrothorn, M|item
|poke|p2|Keldeo|item
|poke|p2|Landorus-Therian, M|item
|teampreview
|inactive|Battle timer is ON: inactive players will automatically lose when time's up. (requested by cdrgcde)
|
|t:|1744365263
|start
|switch|p1a: Ninetales|Ninetales, M|100/100
|switch|p2a: Keldeo|Keldeo|100/100
|-weather|SunnyDay|[from] ability: Drought|[of] p1a: Ninetales
|-item|p1a: Ninetales|Air Balloon
|turn|1
|
|t:|1744365272
|switch|p1a: Slowbro|Slowbro, M|100/100
|move|p2a: Keldeo|Calm Mind|p2a: Keldeo
|-boost|p2a: Keldeo|spa|1
|-boost|p2a: Keldeo|spd|1
|
|-weather|SunnyDay|[upkeep]
|upkeep
|turn|2
|
|t:|1744365283
|move|p2a: Keldeo|Hidden Power|p1a: Slowbro
|-supereffective|p1a: Slowbro
|-damage|p1a: Slowbro|27/100
|move|p1a: Slowbro|Trick|p2a: Keldeo
|-activate|p1a: Slowbro|move: Trick|[of] p2a: Keldeo
|-item|p2a: Keldeo|Choice Specs|[from] move: Trick
|-item|p1a: Slowbro|Leftovers|[from] move: Trick
|
|-weather|SunnyDay|[upkeep]
|-heal|p1a: Slowbro|33/100|[from] item: Leftovers
|upkeep
|turn|3
|
|t:|1744365300
|switch|p1a: Ninetales|Ninetales, M|100/100
|-item|p1a: Ninetales|Air Balloon
|move|p2a: Keldeo|Secret Sword|p1a: Ninetales
|-damage|p1a: Ninetales|0 fnt
|-enditem|p1a: Ninetales|Air Balloon
|faint|p1a: Ninetales
|
|-weather|SunnyDay|[upkeep]
|upkeep
|
|t:|1744365310
|switch|p1a: Slowbro|Slowbro, M|66/100
|turn|4
|
|t:|1744365312
|switch|p2a: Tyranitar|Tyranitar, M|100/100
|-weather|Sandstorm|[from] ability: Sand Stream|[of] p2a: Tyranitar
|switch|p1a: Landorus|Landorus-Therian, M|100/100
|-ability|p1a: Landorus|Intimidate|boost
|-unboost|p2a: Tyranitar|atk|1
|
|-weather|Sandstorm|[upkeep]
|upkeep
|turn|5
|
|t:|1744365321
|switch|p2a: Landorus|Landorus-Therian, M|100/100
|-ability|p2a: Landorus|Intimidate|boost
|-unboost|p1a: Landorus|atk|1
|move|p1a: Landorus|U-turn|p2a: Landorus
|-resisted|p2a: Landorus
|-damage|p2a: Landorus|93/100
|
|t:|1744365326
|switch|p1a: Kyurem|Kyurem-Black|100/100|[from] U-turn
|-ability|p1a: Kyurem|Teravolt
|
|-weather|Sandstorm|[upkeep]
|-damage|p1a: Kyurem|94/100|[from] Sandstorm
|-heal|p1a: Kyurem|100/100|[from] item: Leftovers
|upkeep
|turn|6
|
|t:|1744365330
|move|p2a: Landorus|Earthquake|p1a: Kyurem
|-damage|p1a: Kyurem|62/100
|move|p1a: Kyurem|Substitute|p1a: Kyurem
|-start|p1a: Kyurem|Substitute
|-damage|p1a: Kyurem|37/100
|
|-weather|Sandstorm|[upkeep]
|-damage|p1a: Kyurem|31/100|[from] Sandstorm
|-heal|p1a: Kyurem|37/100|[from] item: Leftovers
|upkeep
|turn|7
|
|t:|1744365334
|move|p2a: Landorus|Earthquake|p1a: Kyurem
|-end|p1a: Kyurem|Substitute
|move|p1a: Kyurem|Roost|p1a: Kyurem
|-heal|p1a: Kyurem|87/100
|-singleturn|p1a: Kyurem|move: Roost
|
|-weather|Sandstorm|[upkeep]
|-damage|p1a: Kyurem|81/100|[from] Sandstorm
|-heal|p1a: Kyurem|87/100|[from] item: Leftovers
|upkeep
|turn|8
|
|t:|1744365340
|move|p2a: Landorus|Earthquake|p1a: Kyurem
|-damage|p1a: Kyurem|50/100
|move|p1a: Kyurem|Roost|p1a: Kyurem
|-heal|p1a: Kyurem|99/100
|-singleturn|p1a: Kyurem|move: Roost
|
|-weather|Sandstorm|[upkeep]
|-damage|p1a: Kyurem|93/100|[from] Sandstorm
|-heal|p1a: Kyurem|99/100|[from] item: Leftovers
|upkeep
|turn|9
|
|t:|1744365344
|switch|p1a: Landorus|Landorus-Therian, M|100/100
|-ability|p1a: Landorus|Intimidate|boost
|-unboost|p2a: Landorus|atk|1
|move|p2a: Landorus|U-turn|p1a: Landorus
|-resisted|p1a: Landorus
|-damage|p1a: Landorus|93/100
|
|t:|1744365346
|switch|p2a: Keldeo|Keldeo|100/100|[from] U-turn
|
|-weather|Sandstorm|[upkeep]
|-damage|p2a: Keldeo|94/100|[from] Sandstorm
|upkeep
|turn|10
|
|t:|1744365353
|move|p1a: Landorus|Earthquake|p2a: Keldeo
|-damage|p2a: Keldeo|34/100
|move|p2a: Keldeo|Scald|p1a: Landorus
|-supereffective|p1a: Landorus
|-damage|p1a: Landorus|0 fnt
|faint|p1a: Landorus
|
|-weather|Sandstorm|[upkeep]
|-damage|p2a: Keldeo|28/100|[from] Sandstorm
|upkeep
|-message|Jjang8779 forfeited.
|
|win|cdrgcde
|raw|Jjang8779's rating: 1332 &rarr; <strong>1312</strong><br />(-20 for losing)
|raw|cdrgcde's rating: 1338 &rarr; <strong>1358</strong><br />(+20 for winning)
|l|☆Jjang8779
|player|p1|
