|j|☆kaiju user
|j|☆BUGO NELL'OZONO???
|player|p1|kaiju user|rocketgrunt|1423
|player|p2|BUGO NELL'OZONO???|blue-gen3|1618
|teamsize|p1|6
|teamsize|p2|6
|gametype|singles
|gen|5
|tier|[Gen 5] OU
|rated|
|clearpoke
|poke|p1|Tyranitar, M|item
|poke|p1|Scizor, M|item
|poke|p1|Mamoswine, M|item
|poke|p1|Excadrill, M|item
|poke|p1|Slowbro, M|item
|poke|p1|Latios, M|item
|poke|p2|Landorus-Therian, M|item
|poke|p2|Skarmory, F|item
|poke|p2|Gastrodon-East, M|item
|poke|p2|Tyranitar, F|item
|poke|p2|Alakazam, F|item
|poke|p2|Latios, M|item
|rule|Species Clause: Limit one of each Pokémon
|rule|OHKO Clause: OHKO moves are banned
|rule|Moody Clause: Moody is banned
|rule|Evasion Moves Clause: Evasion moves are banned
|rule|Endless Battle Clause: Forcing endless battles is banned
|rule|HP Percentage Mod: HP is shown in percentages
|rule|Evasion Abilities Clause: Evasion abilities are banned
|rule|Baton Pass Clause: Limit one Baton Passer, can't pass Spe and other stats simultaneously
|rule|Sleep Clause: Sleep-inducing moves are banned
|rule|Swagger Clause: Swagger is banned
|teampreview
|
|start
|switch|p1a: Scizor|Scizor, M|100/100
|switch|p2a: MR. SIMPATIA|Landorus-Therian, M|100/100
|-ability|p2a: MR. SIMPATIA|Intimidate|boost
|-unboost|p1a: Scizor|atk|1
|turn|1
|inactive|Battle timer is ON: inactive players will automatically lose when time's up. (requested by BUGO NELL'OZONO???)
|
|switch|p1a: Mamoswine|Mamoswine, M|100/100
|move|p2a: MR. SIMPATIA|U-turn|p1a: Mamoswine
|-damage|p1a: Mamoswine|75/100
|
|switch|p2a: TIENILA SU|Skarmory, F|100/100|[from]move: U-turn
|
|upkeep
|turn|2
|
|move|p1a: Mamoswine|Icicle Crash|p2a: TIENILA SU
|-damage|p2a: TIENILA SU|47/100
|move|p2a: TIENILA SU|Spikes|p1a: Mamoswine
|-sidestart|p1: kaiju user|Spikes
|
|upkeep
|turn|3
|
|switch|p2a: VENERDI' DICIASSET|Alakazam, F|100/100
|move|p1a: Mamoswine|Icicle Crash|p2a: VENERDI' DICIASSET
|-enditem|p2a: VENERDI' DICIASSET|Focus Sash
|-damage|p2a: VENERDI' DICIASSET|1/100
|
|upkeep
|turn|4
|
|switch|p1a: Slowbro|Slowbro, M|100/100
|-damage|p1a: Slowbro|88/100|[from] Spikes
|move|p2a: VENERDI' DICIASSET|Focus Blast|p1a: Slowbro
|-resisted|p1a: Slowbro
|-damage|p1a: Slowbro|67/100
|
|-heal|p1a: Slowbro|73/100|[from] item: Leftovers
|upkeep
|turn|5
|
|switch|p2a: PALLE PIENE|Gastrodon-East, M|100/100
|move|p1a: Slowbro|Ice Beam|p2a: PALLE PIENE
|-damage|p2a: PALLE PIENE|81/100
|
|-heal|p2a: PALLE PIENE|87/100|[from] item: Leftovers
|-heal|p1a: Slowbro|79/100|[from] item: Leftovers
|upkeep
|turn|6
|
|move|p2a: PALLE PIENE|Toxic|p1a: Slowbro
|-status|p1a: Slowbro|tox
|move|p1a: Slowbro|Ice Beam|p2a: PALLE PIENE
|-damage|p2a: PALLE PIENE|68/100
|
|-heal|p2a: PALLE PIENE|75/100|[from] item: Leftovers
|-heal|p1a: Slowbro|85/100 tox|[from] item: Leftovers
|-damage|p1a: Slowbro|79/100 tox|[from] psn
|upkeep
|turn|7
|
|switch|p1a: Scizor|Scizor, M|100/100
|-damage|p1a: Scizor|88/100|[from] Spikes
|move|p2a: PALLE PIENE|Scald|p1a: Scizor
|-damage|p1a: Scizor|59/100
|
|-heal|p1a: Scizor|65/100|[from] item: Leftovers
|-heal|p2a: PALLE PIENE|81/100|[from] item: Leftovers
|upkeep
|turn|8
|
|switch|p2a: TIENILA SU|Skarmory, F|47/100
|move|p1a: Scizor|U-turn|p2a: TIENILA SU
|-resisted|p2a: TIENILA SU
|-damage|p2a: TIENILA SU|41/100
|-damage|p1a: Scizor|49/100|[from] item: Rocky Helmet|[of] p2a: TIENILA SU
|
|switch|p1a: Mamoswine|Mamoswine, M|75/100|[from]move: U-turn
|-damage|p1a: Mamoswine|63/100|[from] Spikes
|
|upkeep
|turn|9
|
|switch|p2a: VENERDI' DICIASSET|Alakazam, F|1/100
|move|p1a: Mamoswine|Icicle Crash|p2a: VENERDI' DICIASSET
|-damage|p2a: VENERDI' DICIASSET|0 fnt
|faint|p2a: VENERDI' DICIASSET
|
|upkeep
|
|switch|p2a: L'UOMO NEL MIRINO|Latios, M|100/100
|turn|10
|
|switch|p2a: PALLE PIENE|Gastrodon-East, M|81/100
|switch|p1a: Tyranitar|Tyranitar, M|100/100
|-damage|p1a: Tyranitar|88/100|[from] Spikes
|-weather|Sandstorm|[from] ability: Sand Stream|[of] p1a: Tyranitar
|
|-weather|Sandstorm|[upkeep]
|-heal|p2a: PALLE PIENE|87/100|[from] item: Leftovers
|upkeep
|turn|11
|
|switch|p1a: Scizor|Scizor, M|49/100
|-damage|p1a: Scizor|36/100|[from] Spikes
|move|p2a: PALLE PIENE|Scald|p1a: Scizor
|-damage|p1a: Scizor|9/100
|-status|p1a: Scizor|brn
|
|-weather|Sandstorm|[upkeep]
|-heal|p1a: Scizor|15/100 brn|[from] item: Leftovers
|-heal|p2a: PALLE PIENE|93/100|[from] item: Leftovers
|-damage|p1a: Scizor|3/100 brn|[from] brn
|upkeep
|turn|12
|j| Leon III
|
|switch|p2a: MR. SIMPATIA|Landorus-Therian, M|100/100
|-ability|p2a: MR. SIMPATIA|Intimidate|boost
|-unboost|p1a: Scizor|atk|1
|move|p1a: Scizor|Roost|p1a: Scizor
|-heal|p1a: Scizor|53/100 brn
|-singleturn|p1a: Scizor|move: Roost
|
|-weather|Sandstorm|[upkeep]
|-heal|p1a: Scizor|59/100 brn|[from] item: Leftovers
|-damage|p1a: Scizor|46/100 brn|[from] brn
|upkeep
|turn|13
|
|move|p2a: MR. SIMPATIA|Earthquake|p1a: Scizor
|-damage|p1a: Scizor|0 fnt
|faint|p1a: Scizor
|
|-weather|Sandstorm|[upkeep]
|upkeep
|
|switch|p1a: Latios|Latios, M|100/100
|turn|14
|
|switch|p2a: L'UOMO NEL MIRINO|Latios, M|100/100
|move|p1a: Latios|Trick|p2a: L'UOMO NEL MIRINO
|-activate|p1a: Latios|move: Trick|[of] p2a: L'UOMO NEL MIRINO
|-item|p2a: L'UOMO NEL MIRINO|Choice Specs|[from] move: Trick
|-item|p1a: Latios|Choice Specs|[from] move: Trick
|
|-weather|Sandstorm|[upkeep]
|-damage|p1a: Latios|95/100|[from] Sandstorm
|-damage|p2a: L'UOMO NEL MIRINO|95/100|[from] Sandstorm
|upkeep
|turn|15
|
|switch|p1a: Tyranitar|Tyranitar, M|88/100
|-damage|p1a: Tyranitar|76/100|[from] Spikes
|move|p2a: L'UOMO NEL MIRINO|Dragon Pulse|p1a: Tyranitar
|-damage|p1a: Tyranitar|30/100
|
|-weather|Sandstorm|[upkeep]
|-damage|p2a: L'UOMO NEL MIRINO|89/100|[from] Sandstorm
|upkeep
|turn|16
|
|move|p1a: Tyranitar|Pursuit|p2a: L'UOMO NEL MIRINO
|-supereffective|p2a: L'UOMO NEL MIRINO
|-damage|p2a: L'UOMO NEL MIRINO|28/100
|move|p2a: L'UOMO NEL MIRINO|Dragon Pulse|p1a: Tyranitar
|-damage|p1a: Tyranitar|0 fnt
|faint|p1a: Tyranitar
|
|-weather|Sandstorm|[upkeep]
|-damage|p2a: L'UOMO NEL MIRINO|22/100|[from] Sandstorm
|upkeep
|
|switch|p1a: Excadrill|Excadrill, M|100/100
|-damage|p1a: Excadrill|88/100|[from] Spikes
|turn|17
|
|switch|p2a: TIENILA SU|Skarmory, F|41/100
|move|p1a: Excadrill|Rapid Spin|p2a: TIENILA SU
|-resisted|p2a: TIENILA SU
|-damage|p2a: TIENILA SU|38/100
|-damage|p1a: Excadrill|71/100|[from] item: Rocky Helmet|[of] p2a: TIENILA SU
|-sideend|p1: kaiju user|Spikes|[from] move: Rapid Spin|[of] p1a: Excadrill
|
|-weather|Sandstorm|[upkeep]
|-heal|p1a: Excadrill|78/100|[from] item: Leftovers
|upkeep
|turn|18
|
|move|p1a: Excadrill|Iron Head|p2a: TIENILA SU
|-resisted|p2a: TIENILA SU
|-damage|p2a: TIENILA SU|20/100
|-damage|p1a: Excadrill|61/100|[from] item: Rocky Helmet|[of] p2a: TIENILA SU
|cant|p2a: TIENILA SU|flinch
|
|-weather|Sandstorm|[upkeep]
|-heal|p1a: Excadrill|67/100|[from] item: Leftovers
|upkeep
|turn|19
|
|move|p1a: Excadrill|Iron Head|p2a: TIENILA SU
|-resisted|p2a: TIENILA SU
|-damage|p2a: TIENILA SU|3/100
|-damage|p1a: Excadrill|50/100|[from] item: Rocky Helmet|[of] p2a: TIENILA SU
|move|p2a: TIENILA SU|Roost|p2a: TIENILA SU
|-heal|p2a: TIENILA SU|53/100
|-singleturn|p2a: TIENILA SU|move: Roost
|
|-weather|Sandstorm|[upkeep]
|-heal|p1a: Excadrill|56/100|[from] item: Leftovers
|upkeep
|turn|20
|
|move|p1a: Excadrill|Stealth Rock|p2a: TIENILA SU
|-sidestart|p2: BUGO NELL'OZONO???|move: Stealth Rock
|move|p2a: TIENILA SU|Spikes|p1a: Excadrill
|-sidestart|p1: kaiju user|Spikes
|
|-weather|Sandstorm|[upkeep]
|-heal|p1a: Excadrill|63/100|[from] item: Leftovers
|upkeep
|turn|21
|
|move|p1a: Excadrill|Iron Head|p2a: TIENILA SU
|-resisted|p2a: TIENILA SU
|-damage|p2a: TIENILA SU|35/100
|-damage|p1a: Excadrill|46/100|[from] item: Rocky Helmet|[of] p2a: TIENILA SU
|cant|p2a: TIENILA SU|flinch
|
|-weather|Sandstorm|[upkeep]
|-heal|p1a: Excadrill|52/100|[from] item: Leftovers
|upkeep
|turn|22
|
|move|p1a: Excadrill|Iron Head|p2a: TIENILA SU
|-resisted|p2a: TIENILA SU
|-damage|p2a: TIENILA SU|15/100
|-damage|p1a: Excadrill|35/100|[from] item: Rocky Helmet|[of] p2a: TIENILA SU
|move|p2a: TIENILA SU|Roost|p2a: TIENILA SU
|-heal|p2a: TIENILA SU|65/100
|-singleturn|p2a: TIENILA SU|move: Roost
|
|-weather|Sandstorm|[upkeep]
|-heal|p1a: Excadrill|41/100|[from] item: Leftovers
|upkeep
|turn|23
|
|move|p1a: Excadrill|Rapid Spin|p2a: TIENILA SU
|-resisted|p2a: TIENILA SU
|-damage|p2a: TIENILA SU|63/100
|-damage|p1a: Excadrill|25/100|[from] item: Rocky Helmet|[of] p2a: TIENILA SU
|-sideend|p1: kaiju user|Spikes|[from] move: Rapid Spin|[of] p1a: Excadrill
|move|p2a: TIENILA SU|Spikes|p1a: Excadrill
|-sidestart|p1: kaiju user|Spikes
|
|-weather|Sandstorm|[upkeep]
|-heal|p1a: Excadrill|31/100|[from] item: Leftovers
|upkeep
|turn|24
|
|move|p1a: Excadrill|Iron Head|p2a: TIENILA SU
|-resisted|p2a: TIENILA SU
|-damage|p2a: TIENILA SU|45/100
|-damage|p1a: Excadrill|14/100|[from] item: Rocky Helmet|[of] p2a: TIENILA SU
|cant|p2a: TIENILA SU|flinch
|
|-weather|Sandstorm|[upkeep]
|-heal|p1a: Excadrill|20/100|[from] item: Leftovers
|upkeep
|turn|25
|
|switch|p1a: Mamoswine|Mamoswine, M|63/100
|-damage|p1a: Mamoswine|50/100|[from] Spikes
|move|p2a: TIENILA SU|Roost|p2a: TIENILA SU
|-heal|p2a: TIENILA SU|95/100
|-singleturn|p2a: TIENILA SU|move: Roost
|
|-weather|Sandstorm|[upkeep]
|upkeep
|turn|26
|
|switch|p2a: L'UOMO NEL MIRINO|Latios, M|22/100
|-damage|p2a: L'UOMO NEL MIRINO|10/100|[from] Stealth Rock
|move|p1a: Mamoswine|Icicle Crash|p2a: L'UOMO NEL MIRINO
|-supereffective|p2a: L'UOMO NEL MIRINO
|-damage|p2a: L'UOMO NEL MIRINO|0 fnt
|faint|p2a: L'UOMO NEL MIRINO
|
|-weather|Sandstorm|[upkeep]
|upkeep
|
|switch|p2a: MR. SIMPATIA|Landorus-Therian, M|100/100
|-damage|p2a: MR. SIMPATIA|88/100|[from] Stealth Rock
|-ability|p2a: MR. SIMPATIA|Intimidate|boost
|-unboost|p1a: Mamoswine|atk|1
|turn|27
|
|switch|p1a: Slowbro|Slowbro, M|100/100 tox
|-damage|p1a: Slowbro|88/100 tox|[from] Spikes
|move|p2a: MR. SIMPATIA|U-turn|p1a: Slowbro
|-supereffective|p1a: Slowbro
|-crit|p1a: Slowbro
|-damage|p1a: Slowbro|29/100 tox
|
|switch|p2a: SOLO UNA BOTTA|Tyranitar, F|100/100|[from]move: U-turn
|-damage|p2a: SOLO UNA BOTTA|88/100|[from] Stealth Rock
|
|-weather|Sandstorm|[upkeep]
|-damage|p1a: Slowbro|23/100 tox|[from] Sandstorm
|-heal|p1a: Slowbro|29/100 tox|[from] item: Leftovers
|-damage|p1a: Slowbro|23/100 tox|[from] psn
|upkeep
|turn|28
|
|move|p2a: SOLO UNA BOTTA|Pursuit|p1a: Slowbro
|-enditem|p2a: SOLO UNA BOTTA|Dark Gem|[from] gem
|-supereffective|p1a: Slowbro
|-damage|p1a: Slowbro|0 fnt
|faint|p1a: Slowbro
|
|-weather|Sandstorm|[upkeep]
|upkeep
|
|switch|p1a: Mamoswine|Mamoswine, M|50/100
|-damage|p1a: Mamoswine|38/100|[from] Spikes
|turn|29
|
|switch|p2a: PALLE PIENE|Gastrodon-East, M|93/100
|-damage|p2a: PALLE PIENE|87/100|[from] Stealth Rock
|move|p1a: Mamoswine|Icicle Crash|p2a: PALLE PIENE
|-damage|p2a: PALLE PIENE|30/100
|
|-weather|Sandstorm|[upkeep]
|-heal|p2a: PALLE PIENE|36/100|[from] item: Leftovers
|upkeep
|turn|30
|j| PIOVERE DENTRO
|c| PIOVERE DENTRO|oh scala actuon
|
|move|p1a: Mamoswine|Icicle Crash|p2a: PALLE PIENE
|-damage|p2a: PALLE PIENE|0 fnt
|faint|p2a: PALLE PIENE
|
|-weather|Sandstorm|[upkeep]
|upkeep
|
|switch|p2a: MR. SIMPATIA|Landorus-Therian, M|88/100
|-damage|p2a: MR. SIMPATIA|76/100|[from] Stealth Rock
|-ability|p2a: MR. SIMPATIA|Intimidate|boost
|-unboost|p1a: Mamoswine|atk|1
|turn|31
|
|switch|p1a: Excadrill|Excadrill, M|20/100
|-damage|p1a: Excadrill|8/100|[from] Spikes
|move|p2a: MR. SIMPATIA|U-turn|p1a: Excadrill
|-resisted|p1a: Excadrill
|-damage|p1a: Excadrill|0 fnt
|faint|p1a: Excadrill
|inactive|BUGO NELL'OZONO??? has 120 seconds left.
|
|switch|p2a: TIENILA SU|Skarmory, F|95/100|[from]move: U-turn
|-damage|p2a: TIENILA SU|83/100|[from] Stealth Rock
|
|-weather|Sandstorm|[upkeep]
|upkeep
|
|switch|p1a: Mamoswine|Mamoswine, M|38/100
|-damage|p1a: Mamoswine|25/100|[from] Spikes
|turn|32
|inactive|BUGO NELL'OZONO??? has 120 seconds left.
|
|move|p1a: Mamoswine|Icicle Crash|p2a: TIENILA SU
|-damage|p2a: TIENILA SU|37/100
|move|p2a: TIENILA SU|Whirlwind|p1a: Mamoswine
|drag|p1a: Latios|Latios, M|95/100
|
|-weather|Sandstorm|[upkeep]
|-damage|p1a: Latios|89/100|[from] Sandstorm
|upkeep
|turn|33
|
|move|p1a: Latios|Surf|p2a: TIENILA SU
|-damage|p2a: TIENILA SU|0 fnt
|faint|p2a: TIENILA SU
|
|-weather|Sandstorm|[upkeep]
|-damage|p1a: Latios|83/100|[from] Sandstorm
|upkeep
|
|switch|p2a: SOLO UNA BOTTA|Tyranitar, F|88/100
|-damage|p2a: SOLO UNA BOTTA|76/100|[from] Stealth Rock
|turn|34
|
|move|p1a: Latios|Surf|p2a: SOLO UNA BOTTA
|-supereffective|p2a: SOLO UNA BOTTA
|-damage|p2a: SOLO UNA BOTTA|31/100
|move|p2a: SOLO UNA BOTTA|Crunch|p1a: Latios
|-supereffective|p1a: Latios
|-damage|p1a: Latios|0 fnt
|faint|p1a: Latios
|
|-weather|Sandstorm|[upkeep]
|upkeep
|
|switch|p1a: Mamoswine|Mamoswine, M|25/100
|-damage|p1a: Mamoswine|13/100|[from] Spikes
|turn|35
|
|move|p1a: Mamoswine|Ice Shard|p2a: SOLO UNA BOTTA
|-damage|p2a: SOLO UNA BOTTA|3/100
|move|p2a: SOLO UNA BOTTA|Crunch|p1a: Mamoswine
|-damage|p1a: Mamoswine|0 fnt
|faint|p1a: Mamoswine
|
|win|BUGO NELL'OZONO???
|l|☆BUGO NELL'OZONO???
|raw|kaiju user's rating: 1423 &rarr; <strong>1413</strong><br />(-10 for losing)
|raw|BUGO NELL&apos;OZONO???'s rating: 1618 &rarr; <strong>1628</strong><br />(+10 for winning)
|l|☆kaiju user
