|j|☆torinoko city
|j|☆yaboyreen
|t:|1709886155
|gametype|singles
|player|p1|torinoko city|miku-flying|1495
|player|p2|yaboyreen|266|1398
|teamsize|p1|6
|teamsize|p2|6
|gen|5
|tier|[Gen 5] OU
|rated|
|rule|Species Clause: Limit one of each Pokémon
|rule|OHKO Clause: OHKO moves are banned
|rule|Moody Clause: Moody is banned
|rule|Evasion Items Clause: Evasion items are banned
|rule|Evasion Moves Clause: Evasion moves are banned
|rule|Endless Battle Clause: Forcing endless battles is banned
|rule|HP Percentage Mod: HP is shown in percentages
|rule|Evasion Abilities Clause: Evasion abilities are banned
|rule|Sleep Moves Clause: Sleep-inducing moves are banned
|rule|Swagger Clause: Swagger is banned
|rule|Baton Pass Stat Clause: No Baton Passer may have a way to boost its stats
|clearpoke
|poke|p1|Abomasnow, M|item
|poke|p1|Forretress, F|item
|poke|p1|Blissey, F|item
|poke|p1|Gliscor, M|item
|poke|p1|Latios, M|item
|poke|p1|Reuniclus, F|item
|poke|p2|Landorus-Therian, M|item
|poke|p2|Latios, M|item
|poke|p2|Scizor, M|item
|poke|p2|Skarmory, F|item
|poke|p2|Virizion|item
|poke|p2|Raikou|item
|teampreview
|inactive|Battle timer is ON: inactive players will automatically lose when time's up. (requested by torinoko city)
|
|t:|1709886181
|start
|switch|p1a: Gliscor|Gliscor, M|100/100
|switch|p2a: Landorus|Landorus-Therian, M|100/100
|-ability|p2a: Landorus|Intimidate|boost
|-unboost|p1a: Gliscor|atk|1
|turn|1
|
|t:|1709886186
|move|p2a: Landorus|Stealth Rock|p1a: Gliscor
|-sidestart|p1: torinoko city|move: Stealth Rock
|move|p1a: Gliscor|Stealth Rock|p2a: Landorus
|-sidestart|p2: yaboyreen|move: Stealth Rock
|
|-status|p1a: Gliscor|tox|[from] item: Toxic Orb
|upkeep
|turn|2
|
|t:|1709886192
|move|p2a: Landorus|Hidden Power|p1a: Gliscor
|-supereffective|p1a: Gliscor
|-damage|p1a: Gliscor|29/100 tox
|move|p1a: Gliscor|Knock Off|p2a: Landorus
|-damage|p2a: Landorus|97/100
|-enditem|p2a: Landorus|Focus Sash|[from] move: Knock Off|[of] p1a: Gliscor
|
|-heal|p1a: Gliscor|41/100 tox|[from] ability: Poison Heal
|upkeep
|turn|3
|
|t:|1709886201
|move|p1a: Gliscor|Protect|p1a: Gliscor
|-singleturn|p1a: Gliscor|Protect
|move|p2a: Landorus|Smack Down|p1a: Gliscor
|-activate|p1a: Gliscor|move: Protect
|
|-heal|p1a: Gliscor|54/100 tox|[from] ability: Poison Heal
|upkeep
|turn|4
|
|t:|1709886210
|switch|p1a: Forretress|Forretress, F|100/100
|-damage|p1a: Forretress|88/100|[from] Stealth Rock
|move|p2a: Landorus|Hidden Power|p1a: Forretress
|-resisted|p1a: Forretress
|-damage|p1a: Forretress|75/100
|
|-heal|p1a: Forretress|82/100|[from] item: Leftovers
|upkeep
|turn|5
|
|t:|1709886218
|move|p2a: Landorus|Earthquake|p1a: Forretress
|-damage|p1a: Forretress|49/100
|move|p1a: Forretress|Rapid Spin|p2a: Landorus
|-damage|p2a: Landorus|92/100
|-sideend|p1: torinoko city|Stealth Rock|[from] move: Rapid Spin|[of] p1a: Forretress
|
|-heal|p1a: Forretress|56/100|[from] item: Leftovers
|upkeep
|turn|6
|
|t:|1709886235
|switch|p2a: Scizor|Scizor, M|100/100
|-damage|p2a: Scizor|88/100|[from] Stealth Rock
|move|p1a: Forretress|Spikes|p2a: Scizor
|-sidestart|p2: yaboyreen|Spikes
|
|-heal|p1a: Forretress|62/100|[from] item: Leftovers
|upkeep
|turn|7
|
|t:|1709886244
|move|p2a: Scizor|U-turn|p1a: Forretress
|-resisted|p1a: Forretress
|-damage|p1a: Forretress|47/100
|
|t:|1709886249
|switch|p2a: Raikou|Raikou, shiny|100/100|[from] U-turn
|-damage|p2a: Raikou|88/100|[from] Stealth Rock
|-damage|p2a: Raikou|76/100|[from] Spikes
|-ability|p2a: Raikou|Pressure
|move|p1a: Forretress|Volt Switch|p2a: Raikou
|-resisted|p2a: Raikou
|-damage|p2a: Raikou|70/100
|
|t:|1709886256
|switch|p1a: Blissey|Blissey, F|100/100|[from] Volt Switch
|
|upkeep
|turn|8
|
|t:|1709886262
|move|p2a: Raikou|Volt Switch|p1a: Blissey
|-damage|p1a: Blissey|81/100
|
|t:|1709886265
|switch|p2a: Virizion|Virizion|100/100|[from] Volt Switch
|-damage|p2a: Virizion|94/100|[from] Stealth Rock
|-damage|p2a: Virizion|82/100|[from] Spikes
|move|p1a: Blissey|Seismic Toss|p2a: Virizion
|-damage|p2a: Virizion|51/100
|
|-heal|p2a: Virizion|57/100|[from] item: Leftovers
|-heal|p1a: Blissey|87/100|[from] item: Leftovers
|upkeep
|turn|9
|
|t:|1709886277
|switch|p1a: Latios|Latios, M|100/100
|move|p2a: Virizion|Swords Dance|p2a: Virizion
|-boost|p2a: Virizion|atk|2
|
|-heal|p2a: Virizion|63/100|[from] item: Leftovers
|upkeep
|turn|10
|
|t:|1709886285
|move|p1a: Latios|Dragon Pulse|p2a: Virizion
|-damage|p2a: Virizion|3/100
|move|p2a: Virizion|Close Combat|p1a: Latios
|-resisted|p1a: Latios
|-damage|p1a: Latios|32/100
|-unboost|p2a: Virizion|def|1
|-unboost|p2a: Virizion|spd|1
|
|-heal|p2a: Virizion|9/100|[from] item: Leftovers
|upkeep
|turn|11
|
|t:|1709886294
|move|p1a: Latios|Dragon Pulse|p2a: Virizion
|-damage|p2a: Virizion|0 fnt
|faint|p2a: Virizion
|
|upkeep
|
|t:|1709886298
|switch|p2a: Scizor|Scizor, M|88/100
|-damage|p2a: Scizor|76/100|[from] Stealth Rock
|-damage|p2a: Scizor|64/100|[from] Spikes
|turn|12
|
|t:|1709886304
|-activate|p1a: Latios|move: Pursuit
|move|p2a: Scizor|Pursuit|p1a: Latios|[from]Pursuit
|-supereffective|p1a: Latios
|-damage|p1a: Latios|0 fnt
|faint|p1a: Latios
|-hint|A Pokemon can't switch between when it runs out of HP and when it faints
|
|upkeep
|
|t:|1709886315
|switch|p1a: Abomasnow|Abomasnow, M|100/100
|-weather|Hail|[from] ability: Snow Warning|[of] p1a: Abomasnow
|turn|13
|
|t:|1709886319
|move|p1a: Abomasnow|Blizzard|p2a: Scizor
|-resisted|p2a: Scizor
|-damage|p2a: Scizor|33/100
|move|p2a: Scizor|Pursuit|p1a: Abomasnow
|-crit|p1a: Abomasnow
|-damage|p1a: Abomasnow|11/100
|
|-weather|Hail|[upkeep]
|-damage|p2a: Scizor|27/100|[from] Hail
|-heal|p1a: Abomasnow|18/100|[from] item: Leftovers
|upkeep
|turn|14
|
|t:|1709886328
|move|p1a: Abomasnow|Blizzard|p2a: Scizor
|-resisted|p2a: Scizor
|-damage|p2a: Scizor|0 fnt
|faint|p2a: Scizor
|
|-weather|Hail|[upkeep]
|-heal|p1a: Abomasnow|24/100|[from] item: Leftovers
|upkeep
|
|t:|1709886339
|switch|p2a: Raikou|Raikou, shiny|70/100
|-damage|p2a: Raikou|58/100|[from] Stealth Rock
|-damage|p2a: Raikou|45/100|[from] Spikes
|-ability|p2a: Raikou|Pressure
|turn|15
|
|t:|1709886356
|move|p1a: Abomasnow|Protect|p1a: Abomasnow
|-singleturn|p1a: Abomasnow|Protect
|move|p2a: Raikou|Hidden Power|p1a: Abomasnow
|-activate|p1a: Abomasnow|move: Protect
|
|-weather|Hail|[upkeep]
|-damage|p2a: Raikou|39/100|[from] Hail
|-heal|p1a: Abomasnow|30/100|[from] item: Leftovers
|upkeep
|turn|16
|
|t:|1709886363
|move|p2a: Raikou|Hidden Power|p1a: Abomasnow
|-damage|p1a: Abomasnow|0 fnt
|faint|p1a: Abomasnow
|
|-weather|Hail|[upkeep]
|-damage|p2a: Raikou|33/100|[from] Hail
|upkeep
|
|t:|1709886368
|switch|p1a: Reuniclus|Reuniclus, F|100/100
|turn|17
|
|t:|1709886375
|switch|p2a: Latios|Latios, M|100/100
|-damage|p2a: Latios|88/100|[from] Stealth Rock
|move|p1a: Reuniclus|Calm Mind|p1a: Reuniclus
|-boost|p1a: Reuniclus|spa|1
|-boost|p1a: Reuniclus|spd|1
|
|-weather|Hail|[upkeep]
|-damage|p2a: Latios|82/100|[from] Hail
|upkeep
|turn|18
|
|t:|1709886383
|switch|p1a: Gliscor|Gliscor, M|54/100 tox
|move|p2a: Latios|Trick|p1a: Gliscor
|-activate|p2a: Latios|move: Trick|[of] p1a: Gliscor
|-item|p1a: Gliscor|Choice Scarf|[from] move: Trick
|-item|p2a: Latios|Toxic Orb|[from] move: Trick
|
|-weather|Hail|[upkeep]
|-damage|p2a: Latios|76/100|[from] Hail
|-damage|p1a: Gliscor|48/100 tox|[from] Hail
|-heal|p1a: Gliscor|60/100 tox|[from] ability: Poison Heal
|-status|p2a: Latios|tox|[from] item: Toxic Orb
|upkeep
|turn|19
|
|t:|1709886395
|switch|p1a: Blissey|Blissey, F|87/100
|move|p2a: Latios|Draco Meteor|p1a: Blissey
|-damage|p1a: Blissey|58/100
|-unboost|p2a: Latios|spa|2
|
|-weather|Hail|[upkeep]
|-damage|p2a: Latios|70/100 tox|[from] Hail
|-damage|p1a: Blissey|52/100|[from] Hail
|-heal|p1a: Blissey|58/100|[from] item: Leftovers
|-damage|p2a: Latios|64/100 tox|[from] psn
|upkeep
|turn|20
|
|t:|1709886406
|switch|p2a: Skarmory|Skarmory, F, shiny|100/100
|-damage|p2a: Skarmory|88/100|[from] Stealth Rock
|move|p1a: Blissey|Toxic|p2a: Skarmory
|-immune|p2a: Skarmory
|
|-weather|Hail|[upkeep]
|-damage|p2a: Skarmory|82/100|[from] Hail
|-damage|p1a: Blissey|52/100|[from] Hail
|-heal|p2a: Skarmory|88/100|[from] item: Leftovers
|-heal|p1a: Blissey|58/100|[from] item: Leftovers
|upkeep
|turn|21
|inactive|yaboyreen has 120 seconds left.
|
|t:|1709886457
|move|p2a: Skarmory|Swords Dance|p2a: Skarmory
|-boost|p2a: Skarmory|atk|2
|move|p1a: Blissey|Wish|p1a: Blissey
|
|-weather|Hail|[upkeep]
|-damage|p2a: Skarmory|82/100|[from] Hail
|-damage|p1a: Blissey|52/100|[from] Hail
|-heal|p2a: Skarmory|88/100|[from] item: Leftovers
|-heal|p1a: Blissey|58/100|[from] item: Leftovers
|upkeep
|turn|22
|
|t:|1709886468
|-activate|p1a: Blissey|move: Pursuit
|move|p2a: Skarmory|Pursuit|p1a: Blissey|[from]Pursuit
|-damage|p1a: Blissey|20/100
|switch|p1a: Reuniclus|Reuniclus, F|100/100
|
|-weather|Hail|[upkeep]
|-damage|p2a: Skarmory|82/100|[from] Hail
|-heal|p2a: Skarmory|88/100|[from] item: Leftovers
|upkeep
|turn|23
|inactive|yaboyreen has 90 seconds left.
|inactive|yaboyreen has 60 seconds left.
|inactive|yaboyreen has 30 seconds left.
|inactive|yaboyreen has 20 seconds left.
|j| SKT T1 Motherfaker
|inactive|yaboyreen has 15 seconds left.
|inactive|yaboyreen has 10 seconds left.
|
|t:|1709886572
|move|p2a: Skarmory|Brave Bird|p1a: Reuniclus
|-damage|p1a: Reuniclus|28/100
|-damage|p2a: Skarmory|57/100|[from] Recoil
|move|p1a: Reuniclus|Focus Blast|p2a: Skarmory
|-damage|p2a: Skarmory|10/100
|
|-weather|Hail|[upkeep]
|-damage|p2a: Skarmory|4/100|[from] Hail
|-heal|p2a: Skarmory|10/100|[from] item: Leftovers
|-heal|p1a: Reuniclus|34/100|[from] item: Leftovers
|upkeep
|turn|24
|inactive|yaboyreen has 20 seconds left this turn.
|inactive|yaboyreen has 15 seconds left.
|inactive|yaboyreen has 10 seconds left.
|
|t:|1709886584
|move|p2a: Skarmory|Pursuit|p1a: Reuniclus
|-supereffective|p1a: Reuniclus
|-damage|p1a: Reuniclus|5/100
|move|p1a: Reuniclus|Focus Blast|p2a: Skarmory
|-damage|p2a: Skarmory|0 fnt
|faint|p2a: Skarmory
|
|-weather|Hail|[upkeep]
|-heal|p1a: Reuniclus|11/100|[from] item: Leftovers
|upkeep
|inactive|yaboyreen has 15 seconds left this turn.
|inactive|yaboyreen has 10 seconds left.
|
|t:|1709886593
|switch|p2a: Landorus|Landorus-Therian, M|92/100
|-damage|p2a: Landorus|80/100|[from] Stealth Rock
|-ability|p2a: Landorus|Intimidate|boost
|-unboost|p1a: Reuniclus|atk|1
|turn|25
|inactive|yaboyreen has 20 seconds left this turn.
|inactive|yaboyreen has 15 seconds left.
|inactive|yaboyreen has 10 seconds left.
|
|t:|1709886604
|switch|p1a: Forretress|Forretress, F|47/100
|move|p2a: Landorus|Earthquake|p1a: Forretress
|-damage|p1a: Forretress|16/100
|
|-weather|Hail|[upkeep]
|-damage|p2a: Landorus|74/100|[from] Hail
|-damage|p1a: Forretress|10/100|[from] Hail
|-heal|p1a: Forretress|16/100|[from] item: Leftovers
|upkeep
|turn|26
|inactive|yaboyreen has 20 seconds left this turn.
|inactive|yaboyreen has 15 seconds left.
|
|t:|1709886612
|move|p2a: Landorus|Earthquake|p1a: Forretress
|-damage|p1a: Forretress|0 fnt
|faint|p1a: Forretress
|
|-weather|Hail|[upkeep]
|-damage|p2a: Landorus|68/100|[from] Hail
|upkeep
|inactive|yaboyreen has 20 seconds left this turn.
|
|t:|1709886618
|switch|p1a: Gliscor|Gliscor, M|60/100 tox
|turn|27
|inactive|yaboyreen has 30 seconds left this turn.
|
|t:|1709886623
|move|p1a: Gliscor|Knock Off|p2a: Landorus
|-damage|p2a: Landorus|63/100
|move|p2a: Landorus|Hidden Power|p1a: Gliscor
|-supereffective|p1a: Gliscor
|-damage|p1a: Gliscor|0 fnt
|faint|p1a: Gliscor
|
|-weather|Hail|[upkeep]
|-damage|p2a: Landorus|57/100|[from] Hail
|upkeep
|-message|torinoko city forfeited.
|
|win|yaboyreen
|raw|torinoko city's rating: 1495 &rarr; <strong>1470</strong><br />(-25 for losing)
|raw|yaboyreen's rating: 1398 &rarr; <strong>1423</strong><br />(+25 for winning)
|l|☆torinoko city
|player|p1|
|l|☆yaboyreen
|player|p2|
