|join|stonya
|join|jkfnof
|player|p1|stonya|101
|player|p2|jkfnof|170
|gametype|singles
|gen|5
|tier|[Gen 5] OU
|rated
|rule|Evasion Abilities Clause: Evasion abilities are banned
|clearpoke
|poke|p1|Tyranitar, M
|poke|p1|Magnezone
|poke|p1|Terrakion
|poke|p1|Latios, M, shiny
|poke|p1|Scizor, M, shiny
|poke|p1|Landorus-Therian, M
|poke|p2|Hydreigon, F
|poke|p2|Keldeo
|poke|p2|Politoed, F
|poke|p2|Toxicroak, F
|poke|p2|Dragonite, F
|poke|p2|Forretress, F
|rule|Sleep Clause Mod: Limit one foe put to sleep
|rule|Species Clause: Limit one of each Pokémon
|rule|OHKO Clause: OHKO moves are banned
|rule|Moody Clause: Moody is banned
|rule|Evasion Moves Clause: Evasion moves are banned
|rule|Endless Battle Clause: Forcing endless battles is banned
|rule|HP Percentage Mod: HP is shown in percentages
|teampreview
|
|start
|switch|p1a: Pat Riely|Tyranitar, M|403/403
|switch|p2a: Keldeo|Keldeo|323/323
|-weather|Sandstorm|[from] ability: Sand Stream|[of] p1a: Pat Riely
|turn|1
|
|switch|p1a: Bosh|Latios, M, shiny|301/301
|move|p2a: Keldeo|Calm Mind|p2a: Keldeo
|-boost|p2a: Keldeo|spa|1
|-boost|p2a: Keldeo|spd|1
|
|-weather|Sandstorm|[upkeep]
|-damage|p1a: Bosh|283/301|[from] sandstorm
|-damage|p2a: Keldeo|303/323|[from] sandstorm
|turn|2
|
|switch|p2a: Hydreigon|Hydreigon, F|325/325
|move|p1a: Bosh|Psyshock|p2a: Hydreigon
|-immune|p2a: Hydreigon|[msg]
|
|-weather|Sandstorm|[upkeep]
|-damage|p2a: Hydreigon|305/325|[from] sandstorm
|-damage|p1a: Bosh|265/301|[from] sandstorm
|turn|3
|
|switch|p1a: Bron Bron|Landorus-Therian, M|382/382
|-ability|p1a: Bron Bron|Intimidate|[of] p2a: Hydreigon
|-unboost|p2a: Hydreigon|atk|1
|move|p2a: Hydreigon|U-turn|p1a: Bron Bron
|-resisted|p1a: Bron Bron
|-damage|p1a: Bron Bron|359/382
|
|switch|p2a: Keldeo|Keldeo|303/323
|
|-weather|Sandstorm|[upkeep]
|-damage|p2a: Keldeo|283/323|[from] sandstorm
|turn|4
|
|switch|p1a: Miller|Scizor, M, shiny|343/343
|move|p2a: Keldeo|Hydro Pump|p1a: Miller|[miss]
|-miss|p2a: Keldeo|p1a: Miller
|
|-weather|Sandstorm|[upkeep]
|-damage|p2a: Keldeo|263/323|[from] sandstorm
|turn|5
|
|move|p2a: Keldeo|Hydro Pump|p1a: Miller
|-damage|p1a: Miller|72/343
|move|p1a: Miller|U-turn|p2a: Keldeo
|-resisted|p2a: Keldeo
|-damage|p2a: Keldeo|154/323
|
|switch|p1a: Bosh|Latios, M, shiny|265/301
|
|-weather|Sandstorm|[upkeep]
|-damage|p1a: Bosh|247/301|[from] sandstorm
|-damage|p2a: Keldeo|134/323|[from] sandstorm
|turn|6
|
|switch|p2a: Forretress|Forretress, F|354/354
|move|p1a: Bosh|Draco Meteor|p2a: Forretress
|-resisted|p2a: Forretress
|-damage|p2a: Forretress|201/354
|-unboost|p1a: Bosh|spa|2
|
|-weather|Sandstorm|[upkeep]
|-damage|p1a: Bosh|229/301|[from] sandstorm
|-heal|p2a: Forretress|223/354|[from] item: Leftovers
|turn|7
|
|switch|p1a: Ray Allen|Magnezone|283/283
|move|p2a: Forretress|Volt Switch|p1a: Ray Allen
|-resisted|p1a: Ray Allen
|-damage|p1a: Ray Allen|262/283
|
|switch|p2a: Keldeo|Keldeo|134/323
|
|-weather|Sandstorm|[upkeep]
|-damage|p2a: Keldeo|114/323|[from] sandstorm
|-heal|p1a: Ray Allen|279/283|[from] item: Leftovers
|turn|8
|
|move|p2a: Keldeo|Secret Sword|p1a: Ray Allen
|-supereffective|p1a: Ray Allen
|-damage|p1a: Ray Allen|0 fnt
|faint|p1a: Ray Allen
|
|-weather|Sandstorm|[upkeep]
|-damage|p2a: Keldeo|94/323|[from] sandstorm
|
|switch|p1a: D.Wade|Terrakion|323/323
|turn|9
|
|switch|p2a: Forretress|Forretress, F|223/354
|move|p1a: D.Wade|Close Combat|p2a: Forretress
|-damage|p2a: Forretress|100/354
|-unboost|p1a: D.Wade|def|1
|-unboost|p1a: D.Wade|spd|1
|
|-weather|Sandstorm|[upkeep]
|-heal|p2a: Forretress|122/354|[from] item: Leftovers
|turn|10
|
|move|p1a: D.Wade|Close Combat|p2a: Forretress
|-damage|p2a: Forretress|0 fnt
|-unboost|p1a: D.Wade|def|1
|-unboost|p1a: D.Wade|spd|1
|faint|p2a: Forretress
|
|-weather|Sandstorm|[upkeep]
|
|switch|p2a: Toxicroak|Toxicroak, F|368/368
|turn|11
|
|switch|p1a: Bron Bron|Landorus-Therian, M|359/382
|-ability|p1a: Bron Bron|Intimidate|[of] p2a: Toxicroak
|-unboost|p2a: Toxicroak|atk|1
|move|p2a: Toxicroak|Substitute|p2a: Toxicroak
|-start|p2a: Toxicroak|Substitute
|-damage|p2a: Toxicroak|276/368
|
|-weather|Sandstorm|[upkeep]
|-damage|p2a: Toxicroak|253/368|[from] sandstorm
|turn|12
|
|move|p1a: Bron Bron|Earthquake|p2a: Toxicroak
|-supereffective|p2a: Toxicroak
|-end|p2a: Toxicroak|Substitute
|move|p2a: Toxicroak|Ice Punch|p1a: Bron Bron
|-supereffective|p1a: Bron Bron
|-damage|p1a: Bron Bron|21/382
|-damage|p2a: Toxicroak|217/368|[from] item: Life Orb
|
|-weather|Sandstorm|[upkeep]
|-damage|p2a: Toxicroak|194/368|[from] sandstorm
|turn|13
|
|switch|p1a: Miller|Scizor, M, shiny|72/343
|move|p2a: Toxicroak|Sucker Punch|p1a: Miller
|-fail|p1a: Miller
|
|-weather|Sandstorm|[upkeep]
|-damage|p2a: Toxicroak|171/368|[from] sandstorm
|turn|14
|
|switch|p2a: Politoed|Politoed, F|384/384
|-weather|RainDance|[from] ability: Drizzle|[of] p2a: Politoed
|move|p1a: Miller|Bullet Punch|p2a: Politoed
|-resisted|p2a: Politoed
|-damage|p2a: Politoed|312/384
|
|-weather|RainDance|[upkeep]
|-heal|p2a: Politoed|336/384|[from] item: Leftovers
|turn|15
|
|switch|p1a: Pat Riely|Tyranitar, M|403/403
|-weather|Sandstorm|[from] ability: Sand Stream|[of] p1a: Pat Riely
|move|p2a: Politoed|Scald|p1a: Pat Riely
|-supereffective|p1a: Pat Riely
|-damage|p1a: Pat Riely|311/403
|
|-weather|Sandstorm|[upkeep]
|-damage|p2a: Politoed|312/384|[from] sandstorm
|-heal|p2a: Politoed|336/384|[from] item: Leftovers
|-heal|p1a: Pat Riely|336/403|[from] item: Leftovers
|turn|16
|
|move|p2a: Politoed|Scald|p1a: Pat Riely
|-supereffective|p1a: Pat Riely
|-damage|p1a: Pat Riely|244/403
|move|p1a: Pat Riely|Stealth Rock|p2a: Politoed
|-sidestart|p2: jkfnof|move: Stealth Rock
|
|-weather|Sandstorm|[upkeep]
|-damage|p2a: Politoed|312/384|[from] sandstorm
|-heal|p2a: Politoed|336/384|[from] item: Leftovers
|-heal|p1a: Pat Riely|269/403|[from] item: Leftovers
|turn|17
|
|switch|p1a: Bosh|Latios, M, shiny|229/301
|move|p2a: Politoed|Scald|p1a: Bosh
|-crit|p1a: Bosh
|-resisted|p1a: Bosh
|-damage|p1a: Bosh|150/301
|
|-weather|Sandstorm|[upkeep]
|-damage|p1a: Bosh|132/301|[from] sandstorm
|-damage|p2a: Politoed|312/384|[from] sandstorm
|-heal|p2a: Politoed|336/384|[from] item: Leftovers
|turn|18
|
|move|p2a: Politoed|Protect|p2a: Politoed
|-singleturn|p2a: Politoed|Protect
|move|p1a: Bosh|Energy Ball|p2a: Politoed
|-activate|p2a: Politoed|Protect
|
|-weather|Sandstorm|[upkeep]
|-damage|p1a: Bosh|114/301|[from] sandstorm
|-damage|p2a: Politoed|312/384|[from] sandstorm
|-heal|p2a: Politoed|336/384|[from] item: Leftovers
|turn|19
|
|move|p1a: Bosh|Draco Meteor|p2a: Politoed
|-damage|p2a: Politoed|93/384
|-unboost|p1a: Bosh|spa|2
|move|p2a: Politoed|Scald|p1a: Bosh
|-resisted|p1a: Bosh
|-damage|p1a: Bosh|74/301
|
|-weather|Sandstorm|[upkeep]
|-damage|p1a: Bosh|56/301|[from] sandstorm
|-damage|p2a: Politoed|69/384|[from] sandstorm
|-heal|p2a: Politoed|93/384|[from] item: Leftovers
|turn|20
|
|move|p2a: Politoed|Protect|p2a: Politoed
|-singleturn|p2a: Politoed|Protect
|move|p1a: Bosh|Energy Ball|p2a: Politoed
|-activate|p2a: Politoed|Protect
|
|-weather|Sandstorm|[upkeep]
|-damage|p1a: Bosh|38/301|[from] sandstorm
|-damage|p2a: Politoed|69/384|[from] sandstorm
|-heal|p2a: Politoed|93/384|[from] item: Leftovers
|turn|21
|
|move|p1a: Bosh|Draco Meteor|p2a: Politoed
|-damage|p2a: Politoed|0 fnt
|-unboost|p1a: Bosh|spa|2
|faint|p2a: Politoed
|
|-weather|Sandstorm|[upkeep]
|-damage|p1a: Bosh|20/301|[from] sandstorm
|
|switch|p2a: Hydreigon|Hydreigon, F|305/325
|-damage|p2a: Hydreigon|265/325|[from] Stealth Rock
|turn|22
|
|move|p2a: Hydreigon|U-turn|p1a: Bosh
|-crit|p1a: Bosh
|-supereffective|p1a: Bosh
|-damage|p1a: Bosh|0 fnt
|faint|p1a: Bosh
|
|switch|p2a: Toxicroak|Toxicroak, F|171/368
|-damage|p2a: Toxicroak|148/368|[from] Stealth Rock
|
|-weather|Sandstorm|[upkeep]
|-damage|p2a: Toxicroak|125/368|[from] sandstorm
|
|switch|p1a: Miller|Scizor, M, shiny|72/343
|turn|23
|
|move|p2a: Toxicroak|Sucker Punch|p1a: Miller
|-resisted|p1a: Miller
|-damage|p1a: Miller|11/343
|-damage|p2a: Toxicroak|89/368|[from] item: Life Orb
|move|p1a: Miller|Bullet Punch|p2a: Toxicroak
|-damage|p2a: Toxicroak|0 fnt
|faint|p2a: Toxicroak
|
|-weather|Sandstorm|[upkeep]
|
|switch|p2a: Keldeo|Keldeo|94/323
|-damage|p2a: Keldeo|74/323|[from] Stealth Rock
|turn|24
|
|move|p1a: Miller|Bullet Punch|p2a: Keldeo
|-resisted|p2a: Keldeo
|-damage|p2a: Keldeo|0 fnt
|faint|p2a: Keldeo
|
|-weather|Sandstorm|[upkeep]
|
|switch|p2a: Dragonite|Dragonite, F|323/323
|-damage|p2a: Dragonite|243/323|[from] Stealth Rock
|turn|25
|
|move|p2a: Dragonite|Extreme Speed|p1a: Miller
|-crit|p1a: Miller
|-resisted|p1a: Miller
|-damage|p1a: Miller|0 fnt
|faint|p1a: Miller
|
|-weather|Sandstorm|[upkeep]
|-damage|p2a: Dragonite|223/323|[from] sandstorm
|
|switch|p1a: Bron Bron|Landorus-Therian, M|21/382
|-ability|p1a: Bron Bron|Intimidate|[of] p2a: Dragonite
|-unboost|p2a: Dragonite|atk|1
|turn|26
|
|move|p2a: Dragonite|Extreme Speed|p1a: Bron Bron
|-damage|p1a: Bron Bron|0 fnt
|faint|p1a: Bron Bron
|
|-weather|Sandstorm|[upkeep]
|-damage|p2a: Dragonite|203/323|[from] sandstorm
|
|switch|p1a: Pat Riely|Tyranitar, M|269/403
|turn|27
|
|switch|p2a: Hydreigon|Hydreigon, F|265/325
|-damage|p2a: Hydreigon|225/325|[from] Stealth Rock
|move|p1a: Pat Riely|Ice Beam|p2a: Hydreigon
|-supereffective|p2a: Hydreigon
|-damage|p2a: Hydreigon|59/325
|
|-weather|Sandstorm|[upkeep]
|-damage|p2a: Hydreigon|39/325|[from] sandstorm
|-heal|p1a: Pat Riely|294/403|[from] item: Leftovers
|turn|28
|
|move|p2a: Hydreigon|Earthquake|p1a: Pat Riely
|-supereffective|p1a: Pat Riely
|-damage|p1a: Pat Riely|138/403
|move|p1a: Pat Riely|Ice Beam|p2a: Hydreigon
|-supereffective|p2a: Hydreigon
|-damage|p2a: Hydreigon|0 fnt
|faint|p2a: Hydreigon
|
|-weather|Sandstorm|[upkeep]
|-heal|p1a: Pat Riely|163/403|[from] item: Leftovers
|
|switch|p2a: Dragonite|Dragonite, F|203/323
|-damage|p2a: Dragonite|123/323|[from] Stealth Rock
|turn|29
|
|move|p2a: Dragonite|Draco Meteor|p1a: Pat Riely
|-damage|p1a: Pat Riely|54/403
|-unboost|p2a: Dragonite|spa|2
|move|p1a: Pat Riely|Ice Beam|p2a: Dragonite
|-supereffective|p2a: Dragonite
|-damage|p2a: Dragonite|0 fnt
|faint|p2a: Dragonite
|
|win|stonya
|raw|Ladder updating...
|raw|stonya's rating: 1402 &rarr; <strong>1417</strong><br />(+15 for winning)
|raw|jkfnof's rating: 1316 &rarr; <strong>1301</strong><br />(-15 for losing)
|c|★stonya|gg