|j|☆porrompompom
|j|☆pitches ♪
|player|p1|porrompompom|101|1623
|player|p2|pitches ♪|furisodegirl-black|1341
|teamsize|p1|6
|teamsize|p2|6
|gametype|singles
|gen|5
|tier|[Gen 5] OU
|rated|
|clearpoke
|poke|p1|Ninetales, M|item
|poke|p1|Xatu, F|item
|poke|p1|Chansey, F|item
|poke|p1|Forretress, M|item
|poke|p1|Cresselia, F|item
|poke|p1|Seismitoad, F|item
|poke|p2|Tyranitar, F|item
|poke|p2|Keldeo|item
|poke|p2|Latios, M|item
|poke|p2|Excadrill, F|item
|poke|p2|Celebi|item
|poke|p2|Rotom-Wash|item
|rule|Species Clause: Limit one of each Pokémon
|rule|OHKO Clause: OHKO moves are banned
|rule|Moody Clause: Moody is banned
|rule|Evasion Moves Clause: Evasion moves are banned
|rule|Endless Battle Clause: Forcing endless battles is banned
|rule|HP Percentage Mod: HP is shown in percentages
|rule|Evasion Abilities Clause: Evasion abilities are banned
|rule|Baton Pass Clause: Limit one Baton Passer, can't pass Spe and other stats simultaneously
|rule|Sleep Clause: Sleep-inducing moves are banned
|rule|Swagger Clause: Swagger is banned
|teampreview
|j| Tainted waters
|
|start
|switch|p1a: Seismitoad|Seismitoad, F|100/100
|switch|p2a: Tyranitar|Tyranitar, F|100/100
|-weather|Sandstorm|[from] ability: Sand Stream|[of] p2a: Tyranitar
|turn|1
|
|switch|p2a: Celebi|Celebi|100/100
|move|p1a: Seismitoad|Earthquake|p2a: Celebi
|-resisted|p2a: Celebi
|-damage|p2a: Celebi|87/100
|
|-weather|Sandstorm|[upkeep]
|-damage|p2a: Celebi|81/100|[from] Sandstorm
|-heal|p2a: Celebi|87/100|[from] item: Leftovers
|upkeep
|turn|2
|
|switch|p1a: Ninetales|Ninetales, M|100/100
|-weather|SunnyDay|[from] ability: Drought|[of] p1a: Ninetales
|move|p2a: Celebi|Nasty Plot|p2a: Celebi
|-boost|p2a: Celebi|spa|2
|
|-weather|SunnyDay|[upkeep]
|-heal|p2a: Celebi|93/100|[from] item: Leftovers
|upkeep
|turn|3
|
|move|p1a: Ninetales|Overheat|p2a: Celebi|[miss]
|-miss|p1a: Ninetales|p2a: Celebi
|move|p2a: Celebi|Baton Pass|p2a: Celebi
|c|☆pitches ♪|wow
|c|☆pitches ♪|i got hella bailed
|c|☆porrompompom|wig
|l| Tainted waters
|
|switch|p2a: Keldeo|Keldeo|100/100|[from]move: Baton Pass
|
|-weather|SunnyDay|[upkeep]
|upkeep
|turn|4
|
|move|p1a: Ninetales|Protect|p1a: Ninetales
|-singleturn|p1a: Ninetales|Protect
|move|p2a: Keldeo|Secret Sword|p1a: Ninetales
|-activate|p1a: Ninetales|move: Protect
|
|-weather|SunnyDay|[upkeep]
|upkeep
|turn|5
|
|switch|p1a: Cresselia|Cresselia, F|100/100
|move|p2a: Keldeo|Hydro Pump|p1a: Cresselia
|-damage|p1a: Cresselia|59/100
|
|-weather|SunnyDay|[upkeep]
|-heal|p1a: Cresselia|65/100|[from] item: Leftovers
|upkeep
|turn|6
|
|switch|p2a: Tyranitar|Tyranitar, F|100/100
|-weather|Sandstorm|[from] ability: Sand Stream|[of] p2a: Tyranitar
|move|p1a: Cresselia|Moonlight|p1a: Cresselia
|-heal|p1a: Cresselia|90/100
|
|-weather|Sandstorm|[upkeep]
|-damage|p1a: Cresselia|84/100|[from] Sandstorm
|-heal|p1a: Cresselia|90/100|[from] item: Leftovers
|upkeep
|turn|7
|j| Tainted waters
|
|switch|p1a: Forretress|Forretress, M|100/100
|move|p2a: Tyranitar|Stealth Rock|p1a: Forretress
|-sidestart|p1: porrompompom|move: Stealth Rock
|
|-weather|Sandstorm|[upkeep]
|upkeep
|turn|8
|
|switch|p2a: Celebi|Celebi|93/100
|move|p1a: Forretress|Rapid Spin|p2a: Celebi
|-damage|p2a: Celebi|91/100
|-sideend|p1: porrompompom|Stealth Rock|[from] move: Rapid Spin|[of] p1a: Forretress
|
|-weather|Sandstorm|[upkeep]
|-damage|p2a: Celebi|84/100|[from] Sandstorm
|-heal|p2a: Celebi|91/100|[from] item: Leftovers
|upkeep
|turn|9
|
|switch|p1a: Ninetales|Ninetales, M|100/100
|-weather|SunnyDay|[from] ability: Drought|[of] p1a: Ninetales
|move|p2a: Celebi|Psychic|p1a: Ninetales
|-damage|p1a: Ninetales|69/100
|-unboost|p1a: Ninetales|spd|1
|
|-weather|SunnyDay|[upkeep]
|-heal|p1a: Ninetales|75/100|[from] item: Leftovers
|-heal|p2a: Celebi|97/100|[from] item: Leftovers
|upkeep
|turn|10
|
|switch|p1a: Seismitoad|Seismitoad, F|100/100
|switch|p2a: Tyranitar|Tyranitar, F|100/100
|-weather|Sandstorm|[from] ability: Sand Stream|[of] p2a: Tyranitar
|
|-weather|Sandstorm|[upkeep]
|upkeep
|turn|11
|
|switch|p2a: Celebi|Celebi|97/100
|move|p1a: Seismitoad|Stealth Rock|p2a: Celebi
|-sidestart|p2: pitches ♪|move: Stealth Rock
|
|-weather|Sandstorm|[upkeep]
|-damage|p2a: Celebi|91/100|[from] Sandstorm
|-heal|p2a: Celebi|97/100|[from] item: Leftovers
|upkeep
|turn|12
|
|switch|p1a: Ninetales|Ninetales, M|75/100
|-weather|SunnyDay|[from] ability: Drought|[of] p1a: Ninetales
|move|p2a: Celebi|Nasty Plot|p2a: Celebi
|-boost|p2a: Celebi|spa|2
|
|-weather|SunnyDay|[upkeep]
|-heal|p1a: Ninetales|81/100|[from] item: Leftovers
|-heal|p2a: Celebi|100/100|[from] item: Leftovers
|upkeep
|turn|13
|
|switch|p2a: Tyranitar|Tyranitar, F|100/100
|-damage|p2a: Tyranitar|88/100|[from] Stealth Rock
|-weather|Sandstorm|[from] ability: Sand Stream|[of] p2a: Tyranitar
|move|p1a: Ninetales|Power Swap|p2a: Tyranitar
|-swapboost|p1a: Ninetales|p2a: Tyranitar|atk, spa|[from] move: Power Swap
|
|-weather|Sandstorm|[upkeep]
|-damage|p1a: Ninetales|75/100|[from] Sandstorm
|-heal|p1a: Ninetales|81/100|[from] item: Leftovers
|upkeep
|turn|14
|
|switch|p1a: Forretress|Forretress, M|100/100
|move|p2a: Tyranitar|Crunch|p1a: Forretress
|-resisted|p1a: Forretress
|-crit|p1a: Forretress
|-damage|p1a: Forretress|71/100
|-unboost|p1a: Forretress|def|1
|
|-weather|Sandstorm|[upkeep]
|-heal|p1a: Forretress|78/100|[from] item: Leftovers
|upkeep
|turn|15
|
|move|p2a: Tyranitar|Stealth Rock|p1a: Forretress
|-sidestart|p1: porrompompom|move: Stealth Rock
|move|p1a: Forretress|Toxic|p2a: Tyranitar
|-status|p2a: Tyranitar|tox
|
|-weather|Sandstorm|[upkeep]
|-heal|p1a: Forretress|84/100|[from] item: Leftovers
|-damage|p2a: Tyranitar|82/100 tox|[from] psn
|upkeep
|turn|16
|
|switch|p2a: Celebi|Celebi|100/100
|-damage|p2a: Celebi|88/100|[from] Stealth Rock
|move|p1a: Forretress|Rapid Spin|p2a: Celebi
|-damage|p2a: Celebi|85/100
|-sideend|p1: porrompompom|Stealth Rock|[from] move: Rapid Spin|[of] p1a: Forretress
|
|-weather|Sandstorm|[upkeep]
|-damage|p2a: Celebi|79/100|[from] Sandstorm
|-heal|p2a: Celebi|85/100|[from] item: Leftovers
|-heal|p1a: Forretress|90/100|[from] item: Leftovers
|upkeep
|turn|17
|l| Tainted waters
|
|switch|p1a: Ninetales|Ninetales, M|81/100
|-weather|SunnyDay|[from] ability: Drought|[of] p1a: Ninetales
|move|p2a: Celebi|Psychic|p1a: Ninetales
|-damage|p1a: Ninetales|49/100
|
|-weather|SunnyDay|[upkeep]
|-heal|p1a: Ninetales|56/100|[from] item: Leftovers
|-heal|p2a: Celebi|92/100|[from] item: Leftovers
|upkeep
|turn|18
|
|switch|p1a: Xatu|Xatu, F|100/100
|switch|p2a: Tyranitar|Tyranitar, F|82/100 tox
|-damage|p2a: Tyranitar|69/100 tox|[from] Stealth Rock
|-weather|Sandstorm|[from] ability: Sand Stream|[of] p2a: Tyranitar
|
|-weather|Sandstorm|[upkeep]
|-damage|p1a: Xatu|94/100|[from] Sandstorm
|-damage|p2a: Tyranitar|63/100 tox|[from] psn
|upkeep
|turn|19
|
|move|p1a: Xatu|U-turn|p2a: Tyranitar
|-supereffective|p2a: Tyranitar
|-damage|p2a: Tyranitar|44/100 tox
|
|-activate|p1a: Xatu|move: Pursuit
|move|p2a: Tyranitar|Pursuit|p1a: Xatu|[from]Pursuit
|-supereffective|p1a: Xatu
|-damage|p1a: Xatu|11/100
|-damage|p2a: Tyranitar|28/100 tox|[from] item: Rocky Helmet|[of] p1a: Xatu
|switch|p1a: Forretress|Forretress, M|90/100|[from]move: U-turn
|
|-weather|Sandstorm|[upkeep]
|-heal|p1a: Forretress|96/100|[from] item: Leftovers
|-damage|p2a: Tyranitar|15/100 tox|[from] psn
|upkeep
|turn|20
|
|switch|p2a: Excadrill|Excadrill, F|100/100
|-damage|p2a: Excadrill|97/100|[from] Stealth Rock
|move|p1a: Forretress|Rapid Spin|p2a: Excadrill
|-resisted|p2a: Excadrill
|-damage|p2a: Excadrill|95/100
|
|-weather|Sandstorm|[upkeep]
|-heal|p2a: Excadrill|100/100|[from] item: Leftovers
|-heal|p1a: Forretress|100/100|[from] item: Leftovers
|upkeep
|turn|21
|
|switch|p1a: Cresselia|Cresselia, F|90/100
|move|p2a: Excadrill|Rapid Spin|p1a: Cresselia
|-damage|p1a: Cresselia|86/100
|-sideend|p2: pitches ♪|Stealth Rock|[from] move: Rapid Spin|[of] p2a: Excadrill
|
|-weather|Sandstorm|[upkeep]
|-damage|p1a: Cresselia|80/100|[from] Sandstorm
|-heal|p1a: Cresselia|86/100|[from] item: Leftovers
|upkeep
|turn|22
|
|move|p2a: Excadrill|Iron Head|p1a: Cresselia
|-damage|p1a: Cresselia|58/100
|move|p1a: Cresselia|Reflect|p1a: Cresselia
|-sidestart|p1: porrompompom|Reflect
|
|-weather|Sandstorm|[upkeep]
|-damage|p1a: Cresselia|52/100|[from] Sandstorm
|-heal|p1a: Cresselia|58/100|[from] item: Leftovers
|upkeep
|turn|23
|
|move|p2a: Excadrill|Iron Head|p1a: Cresselia
|-damage|p1a: Cresselia|44/100
|move|p1a: Cresselia|Moonlight|p1a: Cresselia
|-heal|p1a: Cresselia|69/100
|
|-weather|Sandstorm|[upkeep]
|-damage|p1a: Cresselia|63/100|[from] Sandstorm
|-heal|p1a: Cresselia|69/100|[from] item: Leftovers
|upkeep
|turn|24
|
|switch|p1a: Seismitoad|Seismitoad, F|100/100
|move|p2a: Excadrill|Iron Head|p1a: Seismitoad
|-resisted|p1a: Seismitoad
|-damage|p1a: Seismitoad|85/100
|
|-weather|Sandstorm|[upkeep]
|-heal|p1a: Seismitoad|91/100|[from] item: Leftovers
|upkeep
|turn|25
|
|switch|p2a: Celebi|Celebi|92/100
|switch|p1a: Ninetales|Ninetales, M|56/100
|-weather|SunnyDay|[from] ability: Drought|[of] p1a: Ninetales
|
|-weather|SunnyDay|[upkeep]
|-heal|p1a: Ninetales|62/100|[from] item: Leftovers
|-heal|p2a: Celebi|98/100|[from] item: Leftovers
|upkeep
|turn|26
|
|switch|p1a: Seismitoad|Seismitoad, F|91/100
|switch|p2a: Latios|Latios, M|100/100
|
|-weather|SunnyDay|[upkeep]
|-heal|p1a: Seismitoad|97/100|[from] item: Leftovers
|-sideend|p1: porrompompom|Reflect
|upkeep
|turn|27
|
|move|p2a: Latios|Trick|p1a: Seismitoad
|-activate|p2a: Latios|move: Trick|[of] p1a: Seismitoad
|-item|p1a: Seismitoad|Choice Scarf|[from] move: Trick
|-item|p2a: Latios|Leftovers|[from] move: Trick
|move|p1a: Seismitoad|Stealth Rock|p2a: Latios
|-sidestart|p2: pitches ♪|move: Stealth Rock
|
|-weather|SunnyDay|[upkeep]
|upkeep
|turn|28
|
|switch|p1a: Chansey|Chansey, F|100/100
|move|p2a: Latios|Trick|p1a: Chansey
|-activate|p2a: Latios|move: Trick|[of] p1a: Chansey
|-item|p1a: Chansey|Leftovers|[from] move: Trick
|-item|p2a: Latios|Eviolite|[from] move: Trick
|
|-weather|SunnyDay|[upkeep]
|upkeep
|turn|29
|
|switch|p2a: Celebi|Celebi|98/100
|-damage|p2a: Celebi|85/100|[from] Stealth Rock
|switch|p1a: Ninetales|Ninetales, M|62/100
|
|-weather|SunnyDay|[upkeep]
|-heal|p1a: Ninetales|68/100|[from] item: Leftovers
|-heal|p2a: Celebi|92/100|[from] item: Leftovers
|upkeep
|turn|30
|
|switch|p2a: Keldeo|Keldeo|100/100
|-damage|p2a: Keldeo|94/100|[from] Stealth Rock
|move|p1a: Ninetales|Will-O-Wisp|p2a: Keldeo
|-status|p2a: Keldeo|brn
|
|-weather|SunnyDay|[upkeep]
|-heal|p2a: Keldeo|100/100 brn|[from] item: Leftovers
|-heal|p1a: Ninetales|74/100|[from] item: Leftovers
|-damage|p2a: Keldeo|88/100 brn|[from] brn
|upkeep
|turn|31
|
|move|p1a: Ninetales|Protect|p1a: Ninetales
|-singleturn|p1a: Ninetales|Protect
|move|p2a: Keldeo|Hydro Pump|p1a: Ninetales
|-activate|p1a: Ninetales|move: Protect
|
|-weather|SunnyDay|[upkeep]
|-heal|p2a: Keldeo|94/100 brn|[from] item: Leftovers
|-heal|p1a: Ninetales|80/100|[from] item: Leftovers
|-damage|p2a: Keldeo|82/100 brn|[from] brn
|upkeep
|turn|32
|
|switch|p2a: Excadrill|Excadrill, F|100/100
|-damage|p2a: Excadrill|97/100|[from] Stealth Rock
|switch|p1a: Cresselia|Cresselia, F|69/100
|
|-weather|SunnyDay|[upkeep]
|-heal|p2a: Excadrill|100/100|[from] item: Leftovers
|-heal|p1a: Cresselia|75/100|[from] item: Leftovers
|upkeep
|turn|33
|
|move|p2a: Excadrill|Rapid Spin|p1a: Cresselia
|-damage|p1a: Cresselia|70/100
|-sideend|p2: pitches ♪|Stealth Rock|[from] move: Rapid Spin|[of] p2a: Excadrill
|move|p1a: Cresselia|Reflect|p1a: Cresselia
|-sidestart|p1: porrompompom|Reflect
|
|-weather|SunnyDay|[upkeep]
|-heal|p1a: Cresselia|77/100|[from] item: Leftovers
|upkeep
|turn|34
|
|switch|p2a: Celebi|Celebi|92/100
|switch|p1a: Forretress|Forretress, M|100/100
|
|-weather|SunnyDay|[upkeep]
|-heal|p2a: Celebi|98/100|[from] item: Leftovers
|upkeep
|turn|35
|
|move|p2a: Celebi|Psychic|p1a: Forretress
|-resisted|p1a: Forretress
|-damage|p1a: Forretress|86/100
|move|p1a: Forretress|Spikes|p2a: Celebi
|-sidestart|p2: pitches ♪|Spikes
|
|-weather|SunnyDay|[upkeep]
|-heal|p2a: Celebi|100/100|[from] item: Leftovers
|-heal|p1a: Forretress|92/100|[from] item: Leftovers
|upkeep
|turn|36
|
|switch|p1a: Ninetales|Ninetales, M|80/100
|move|p2a: Celebi|Nasty Plot|p2a: Celebi
|-boost|p2a: Celebi|spa|2
|
|-weather|SunnyDay|[upkeep]
|-heal|p1a: Ninetales|86/100|[from] item: Leftovers
|upkeep
|turn|37
|
|switch|p2a: Latios|Latios, M|100/100
|move|p1a: Ninetales|Power Swap|p2a: Latios
|-swapboost|p1a: Ninetales|p2a: Latios|atk, spa|[from] move: Power Swap
|
|-weather|SunnyDay|[upkeep]
|-heal|p1a: Ninetales|92/100|[from] item: Leftovers
|-sideend|p1: porrompompom|Reflect
|upkeep
|turn|38
|
|move|p1a: Ninetales|Protect|p1a: Ninetales
|-singleturn|p1a: Ninetales|Protect
|move|p2a: Latios|Draco Meteor|p1a: Ninetales
|-activate|p1a: Ninetales|move: Protect
|
|-weather|SunnyDay|[upkeep]
|-heal|p1a: Ninetales|98/100|[from] item: Leftovers
|upkeep
|turn|39
|
|switch|p1a: Chansey|Chansey, F|100/100
|move|p2a: Latios|Dragon Pulse|p1a: Chansey
|-damage|p1a: Chansey|80/100
|
|-weather|SunnyDay|[upkeep]
|-heal|p1a: Chansey|86/100|[from] item: Leftovers
|upkeep
|turn|40
|
|switch|p2a: Celebi|Celebi|100/100
|-damage|p2a: Celebi|88/100|[from] Spikes
|switch|p1a: Ninetales|Ninetales, M|98/100
|
|-weather|SunnyDay|[upkeep]
|-heal|p1a: Ninetales|100/100|[from] item: Leftovers
|-heal|p2a: Celebi|94/100|[from] item: Leftovers
|upkeep
|turn|41
|
|switch|p2a: Latios|Latios, M|100/100
|move|p1a: Ninetales|Will-O-Wisp|p2a: Latios
|-status|p2a: Latios|brn
|
|-weather|SunnyDay|[upkeep]
|-damage|p2a: Latios|88/100 brn|[from] brn
|upkeep
|turn|42
|
|move|p1a: Ninetales|Protect|p1a: Ninetales
|-singleturn|p1a: Ninetales|Protect
|move|p2a: Latios|Dragon Pulse|p1a: Ninetales
|-activate|p1a: Ninetales|move: Protect
|
|-weather|SunnyDay|[upkeep]
|-damage|p2a: Latios|76/100 brn|[from] brn
|upkeep
|turn|43
|
|switch|p1a: Chansey|Chansey, F|86/100
|move|p2a: Latios|Dragon Pulse|p1a: Chansey
|-damage|p1a: Chansey|67/100
|
|-weather|SunnyDay|[upkeep]
|-heal|p1a: Chansey|74/100|[from] item: Leftovers
|-damage|p2a: Latios|64/100 brn|[from] brn
|upkeep
|turn|44
|
|switch|p2a: Celebi|Celebi|94/100
|-damage|p2a: Celebi|82/100|[from] Spikes
|move|p1a: Chansey|Seismic Toss|p2a: Celebi
|-damage|p2a: Celebi|57/100
|
|-weather|SunnyDay|[upkeep]
|-heal|p2a: Celebi|63/100|[from] item: Leftovers
|-heal|p1a: Chansey|80/100|[from] item: Leftovers
|upkeep
|turn|45
|
|switch|p1a: Ninetales|Ninetales, M|100/100
|move|p2a: Celebi|Psychic|p1a: Ninetales
|-damage|p1a: Ninetales|72/100
|
|-weather|SunnyDay|[upkeep]
|-heal|p1a: Ninetales|78/100|[from] item: Leftovers
|-heal|p2a: Celebi|69/100|[from] item: Leftovers
|upkeep
|turn|46
|
|switch|p2a: Rotom|Rotom-Wash|100/100
|move|p1a: Ninetales|Overheat|p2a: Rotom
|-resisted|p2a: Rotom
|-damage|p2a: Rotom|66/100
|-unboost|p1a: Ninetales|spa|2
|
|-weather|SunnyDay|[upkeep]
|-heal|p1a: Ninetales|84/100|[from] item: Leftovers
|-heal|p2a: Rotom|72/100|[from] item: Leftovers
|upkeep
|turn|47
|
|switch|p1a: Seismitoad|Seismitoad, F|97/100
|move|p2a: Rotom|Volt Switch|p1a: Seismitoad
|-immune|p1a: Seismitoad
|
|-weather|SunnyDay|[upkeep]
|-heal|p2a: Rotom|78/100|[from] item: Leftovers
|upkeep
|turn|48
|
|move|p1a: Seismitoad|Earthquake|p2a: Rotom
|-immune|p2a: Rotom|[from] ability: Levitate
|move|p2a: Rotom|Will-O-Wisp|p1a: Seismitoad
|-status|p1a: Seismitoad|brn
|
|-weather|SunnyDay|[upkeep]
|-heal|p2a: Rotom|84/100|[from] item: Leftovers
|-damage|p1a: Seismitoad|84/100 brn|[from] brn
|upkeep
|turn|49
|
|switch|p1a: Chansey|Chansey, F|80/100
|move|p2a: Rotom|Volt Switch|p1a: Chansey
|-damage|p1a: Chansey|70/100
|
|switch|p2a: Excadrill|Excadrill, F|100/100|[from]move: Volt Switch
|-damage|p2a: Excadrill|88/100|[from] Spikes
|
|-weather|SunnyDay|[upkeep]
|-heal|p2a: Excadrill|94/100|[from] item: Leftovers
|-heal|p1a: Chansey|76/100|[from] item: Leftovers
|upkeep
|turn|50
|
|switch|p1a: Cresselia|Cresselia, F|77/100
|move|p2a: Excadrill|Rapid Spin|p1a: Cresselia
|-crit|p1a: Cresselia
|-damage|p1a: Cresselia|68/100
|-sideend|p2: pitches ♪|Spikes|[from] move: Rapid Spin|[of] p2a: Excadrill
|
|-weather|SunnyDay|[upkeep]
|-heal|p2a: Excadrill|99/100|[from] item: Leftovers
|-heal|p1a: Cresselia|74/100|[from] item: Leftovers
|upkeep
|turn|51
|j| iMeridian
|
|move|p2a: Excadrill|Iron Head|p1a: Cresselia
|-damage|p1a: Cresselia|49/100
|move|p1a: Cresselia|Reflect|p1a: Cresselia
|-sidestart|p1: porrompompom|Reflect
|
|-weather|SunnyDay|[upkeep]
|-heal|p2a: Excadrill|100/100|[from] item: Leftovers
|-heal|p1a: Cresselia|56/100|[from] item: Leftovers
|upkeep
|turn|52
|
|move|p2a: Excadrill|Iron Head|p1a: Cresselia
|-damage|p1a: Cresselia|44/100
|move|p1a: Cresselia|Moonlight|p1a: Cresselia
|-heal|p1a: Cresselia|100/100
|
|-weather|SunnyDay|[upkeep]
|upkeep
|turn|53
|
|move|p2a: Excadrill|Iron Head|p1a: Cresselia
|-damage|p1a: Cresselia|89/100
|cant|p1a: Cresselia|flinch
|
|-weather|SunnyDay|[upkeep]
|-heal|p1a: Cresselia|95/100|[from] item: Leftovers
|upkeep
|turn|54
|
|move|p2a: Excadrill|Iron Head|p1a: Cresselia
|-damage|p1a: Cresselia|84/100
|move|p1a: Cresselia|Psychic|p2a: Excadrill
|-resisted|p2a: Excadrill
|-damage|p2a: Excadrill|86/100
|
|-weather|SunnyDay|[upkeep]
|-heal|p2a: Excadrill|92/100|[from] item: Leftovers
|-heal|p1a: Cresselia|90/100|[from] item: Leftovers
|upkeep
|turn|55
|
|move|p2a: Excadrill|Iron Head|p1a: Cresselia
|-crit|p1a: Cresselia
|-damage|p1a: Cresselia|45/100
|cant|p1a: Cresselia|flinch
|
|-weather|SunnyDay|[upkeep]
|-heal|p2a: Excadrill|98/100|[from] item: Leftovers
|-heal|p1a: Cresselia|51/100|[from] item: Leftovers
|-sideend|p1: porrompompom|Reflect
|upkeep
|turn|56
|
|move|p2a: Excadrill|Iron Head|p1a: Cresselia
|-damage|p1a: Cresselia|27/100
|move|p1a: Cresselia|Reflect|p1a: Cresselia
|-sidestart|p1: porrompompom|Reflect
|
|-weather|SunnyDay|[upkeep]
|-heal|p2a: Excadrill|100/100|[from] item: Leftovers
|-heal|p1a: Cresselia|33/100|[from] item: Leftovers
|upkeep
|turn|57
|
|move|p2a: Excadrill|Iron Head|p1a: Cresselia
|-damage|p1a: Cresselia|22/100
|cant|p1a: Cresselia|flinch
|
|-weather|SunnyDay|[upkeep]
|-heal|p1a: Cresselia|28/100|[from] item: Leftovers
|upkeep
|turn|58
|
|move|p2a: Excadrill|Iron Head|p1a: Cresselia
|-damage|p1a: Cresselia|17/100
|move|p1a: Cresselia|Moonlight|p1a: Cresselia
|-heal|p1a: Cresselia|83/100
|
|-weather|SunnyDay|[upkeep]
|-heal|p1a: Cresselia|89/100|[from] item: Leftovers
|upkeep
|turn|59
|
|switch|p1a: Ninetales|Ninetales, M|84/100
|move|p2a: Excadrill|Iron Head|p1a: Ninetales
|-resisted|p1a: Ninetales
|-damage|p1a: Ninetales|71/100
|
|-weather|SunnyDay|[upkeep]
|-heal|p1a: Ninetales|77/100|[from] item: Leftovers
|upkeep
|turn|60
|
|switch|p1a: Xatu|Xatu, F|11/100
|move|p2a: Excadrill|Protect||[still]
|-fail|p2a: Excadrill
|
|-weather|SunnyDay|[upkeep]
|-sideend|p1: porrompompom|Reflect
|upkeep
|turn|61
|
|move|p2a: Excadrill|Iron Head|p1a: Xatu
|-damage|p1a: Xatu|0 fnt
|-damage|p2a: Excadrill|84/100|[from] item: Rocky Helmet|[of] p1a: Xatu
|faint|p1a: Xatu
|
|-weather|SunnyDay|[upkeep]
|-heal|p2a: Excadrill|90/100|[from] item: Leftovers
|upkeep
|
|switch|p1a: Ninetales|Ninetales, M|77/100
|turn|62
|
|move|p2a: Excadrill|Protect|p2a: Excadrill
|-singleturn|p2a: Excadrill|Protect
|move|p1a: Ninetales|Will-O-Wisp|p2a: Excadrill
|-activate|p2a: Excadrill|move: Protect
|
|-weather|SunnyDay|[upkeep]
|-heal|p1a: Ninetales|83/100|[from] item: Leftovers
|-heal|p2a: Excadrill|96/100|[from] item: Leftovers
|upkeep
|turn|63
|
|switch|p2a: Rotom|Rotom-Wash|84/100
|move|p1a: Ninetales|Protect||[still]
|-fail|p1a: Ninetales
|
|-weather|SunnyDay|[upkeep]
|-heal|p1a: Ninetales|89/100|[from] item: Leftovers
|-heal|p2a: Rotom|90/100|[from] item: Leftovers
|upkeep
|turn|64
|
|switch|p1a: Seismitoad|Seismitoad, F|84/100 brn
|move|p2a: Rotom|Volt Switch|p1a: Seismitoad
|-immune|p1a: Seismitoad
|
|-weather|SunnyDay|[upkeep]
|-heal|p2a: Rotom|96/100|[from] item: Leftovers
|-damage|p1a: Seismitoad|72/100 brn|[from] brn
|upkeep
|turn|65
|
|move|p1a: Seismitoad|Stealth Rock|p2a: Rotom
|-sidestart|p2: pitches ♪|move: Stealth Rock
|move|p2a: Rotom|Volt Switch|p1a: Seismitoad
|-immune|p1a: Seismitoad
|
|-weather|SunnyDay|[upkeep]
|-heal|p2a: Rotom|100/100|[from] item: Leftovers
|-damage|p1a: Seismitoad|60/100 brn|[from] brn
|upkeep
|turn|66
|
|switch|p1a: Ninetales|Ninetales, M|89/100
|move|p2a: Rotom|Volt Switch|p1a: Ninetales
|-damage|p1a: Ninetales|62/100
|
|switch|p2a: Keldeo|Keldeo|82/100 brn|[from]move: Volt Switch
|-damage|p2a: Keldeo|76/100 brn|[from] Stealth Rock
|
|-weather|SunnyDay|[upkeep]
|-heal|p2a: Keldeo|82/100 brn|[from] item: Leftovers
|-heal|p1a: Ninetales|68/100|[from] item: Leftovers
|-damage|p2a: Keldeo|69/100 brn|[from] brn
|upkeep
|turn|67
|
|move|p1a: Ninetales|Protect|p1a: Ninetales
|-singleturn|p1a: Ninetales|Protect
|move|p2a: Keldeo|Secret Sword|p1a: Ninetales
|-activate|p1a: Ninetales|move: Protect
|
|-weather|SunnyDay|[upkeep]
|-heal|p2a: Keldeo|76/100 brn|[from] item: Leftovers
|-heal|p1a: Ninetales|74/100|[from] item: Leftovers
|-damage|p2a: Keldeo|63/100 brn|[from] brn
|upkeep
|turn|68
|
|switch|p2a: Excadrill|Excadrill, F|96/100
|-damage|p2a: Excadrill|93/100|[from] Stealth Rock
|move|p1a: Ninetales|Overheat|p2a: Excadrill
|-supereffective|p2a: Excadrill
|-damage|p2a: Excadrill|0 fnt
|-unboost|p1a: Ninetales|spa|2
|faint|p2a: Excadrill
|
|-weather|SunnyDay|[upkeep]
|-heal|p1a: Ninetales|80/100|[from] item: Leftovers
|upkeep
|c|☆pitches ♪|n1
|c|☆pitches ♪|gg
|-message|pitches ♪ forfeited.
|
|win|porrompompom
|l| iMeridian
|c|☆pitches ♪|boring tho
|l|☆pitches ♪
|raw|porrompompom's rating: 1624 &rarr; <strong>1631</strong><br />(+7 for winning)
|raw|pitches ♪'s rating: 1341 &rarr; <strong>1334</strong><br />(-7 for losing)
