|j|☆TheetumThoor
|j|☆Kimooooo
|player|p1|TheetumThoor|169|1371
|player|p2|Kimooooo|lucas-gen4pt|1323
|teamsize|p1|6
|teamsize|p2|6
|gametype|singles
|gen|5
|tier|[Gen 5] OU
|rated|
|rule|Species Clause: Limit one of each Pokémon
|rule|OHKO Clause: OHKO moves are banned
|rule|Moody Clause: Moody is banned
|rule|Evasion Moves Clause: Evasion moves are banned
|rule|Endless Battle Clause: Forcing endless battles is banned
|rule|HP Percentage Mod: HP is shown in percentages
|rule|Evasion Abilities Clause: Evasion abilities are banned
|rule|Baton Pass Clause: Limit one Baton Passer, can't pass Spe and other stats simultaneously
|rule|Sleep Clause: Sleep-inducing moves are banned
|rule|Swagger Clause: Swagger is banned
|clearpoke
|poke|p1|Scizor, F|item
|poke|p1|Rotom-Wash|item
|poke|p1|Landorus-Therian, M|item
|poke|p1|Ferrothorn, F|item
|poke|p1|Heatran, F|item
|poke|p1|Starmie|item
|poke|p2|Tyranitar, F|item
|poke|p2|Landorus-Therian, M|item
|poke|p2|Garchomp, M|item
|poke|p2|Rotom-Wash|item
|poke|p2|Jirachi|item
|poke|p2|Keldeo-Resolute|item
|teampreview
|
|start
|switch|p1a: Ferrothorn|Ferrothorn, F|100/100
|switch|p2a: Garchomp|Garchomp, M, shiny|100/100
|turn|1
|
|switch|p1a: Landorus|Landorus-Therian, M|100/100
|-ability|p1a: Landorus|Intimidate|boost
|-unboost|p2a: Garchomp|atk|1
|move|p2a: Garchomp|Substitute|p2a: Garchomp
|-start|p2a: Garchomp|Substitute
|-damage|p2a: Garchomp|76/100
|
|upkeep
|turn|2
|
|move|p2a: Garchomp|Swords Dance|p2a: Garchomp
|-boost|p2a: Garchomp|atk|2
|move|p1a: Landorus|Hidden Power|p2a: Garchomp
|-supereffective|p2a: Garchomp
|-end|p2a: Garchomp|Substitute
|
|upkeep
|turn|3
|
|move|p2a: Garchomp|Swords Dance|p2a: Garchomp
|-boost|p2a: Garchomp|atk|2
|move|p1a: Landorus|Hidden Power|p2a: Garchomp
|-supereffective|p2a: Garchomp
|-enditem|p2a: Garchomp|Yache Berry|[eat]
|-enditem|p2a: Garchomp|Yache Berry|[weaken]
|-damage|p2a: Garchomp|45/100
|
|upkeep
|turn|4
|
|switch|p1a: Ferrothorn|Ferrothorn, F|100/100
|move|p2a: Garchomp|Outrage|p1a: Ferrothorn
|-resisted|p1a: Ferrothorn
|-damage|p1a: Ferrothorn|38/100
|-damage|p2a: Garchomp|33/100|[from] ability: Iron Barbs|[of] p1a: Ferrothorn
|
|-heal|p1a: Ferrothorn|44/100|[from] item: Leftovers
|upkeep
|turn|5
|
|switch|p1a: Scizor|Scizor, F|100/100
|move|p2a: Garchomp|Outrage|p1a: Scizor|[from]lockedmove
|-resisted|p1a: Scizor
|-damage|p1a: Scizor|12/100
|
|upkeep
|turn|6
|
|move|p1a: Scizor|Bullet Punch|p2a: Garchomp
|-damage|p2a: Garchomp|0 fnt
|-damage|p1a: Scizor|0 fnt|[from] ability: Rough Skin|[of] p2a: Garchomp
|faint|p1a: Scizor
|faint|p2a: Garchomp
|
|upkeep
|inactive|Battle timer is ON: inactive players will automatically lose when time's up. (requested by Kimooooo)
|inactive|TheetumThoor has 120 seconds left.
|inactive|TheetumThoor has 90 seconds left.
|inactive|TheetumThoor has 60 seconds left.
|
|switch|p2a: Tyranitar|Tyranitar, F|100/100
|switch|p1a: Rotom|Rotom-Wash|100/100
|-weather|Sandstorm|[from] ability: Sand Stream|[of] p2a: Tyranitar
|turn|7
|inactive|Kimooooo has 120 seconds left.
|inactive|Kimooooo has 90 seconds left.
|
|switch|p2a: Rotom|Rotom-Wash|100/100
|move|p1a: Rotom|Will-O-Wisp|p2a: Rotom
|-status|p2a: Rotom|brn
|
|-weather|Sandstorm|[upkeep]
|-damage|p1a: Rotom|94/100|[from] Sandstorm
|-damage|p2a: Rotom|94/100 brn|[from] Sandstorm
|-heal|p1a: Rotom|100/100|[from] item: Leftovers
|-heal|p2a: Rotom|100/100 brn|[from] item: Leftovers
|-damage|p2a: Rotom|88/100 brn|[from] brn
|upkeep
|turn|8
|
|move|p2a: Rotom|Volt Switch|p1a: Rotom
|-damage|p1a: Rotom|73/100
|
|switch|p2a: Landorus|Landorus-Therian, M|100/100|[from]move: Volt Switch
|-ability|p2a: Landorus|Intimidate|boost
|-unboost|p1a: Rotom|atk|1
|move|p1a: Rotom|Volt Switch|p2a: Landorus
|-immune|p2a: Landorus
|
|-weather|Sandstorm|[upkeep]
|-damage|p1a: Rotom|66/100|[from] Sandstorm
|-heal|p1a: Rotom|73/100|[from] item: Leftovers
|upkeep
|turn|9
|
|switch|p2a: Rotom|Rotom-Wash|88/100 brn
|move|p1a: Rotom|Hydro Pump|p2a: Rotom|[miss]
|-miss|p1a: Rotom|p2a: Rotom
|
|-weather|Sandstorm|[upkeep]
|-damage|p2a: Rotom|82/100 brn|[from] Sandstorm
|-damage|p1a: Rotom|66/100|[from] Sandstorm
|-heal|p1a: Rotom|73/100|[from] item: Leftovers
|-heal|p2a: Rotom|88/100 brn|[from] item: Leftovers
|-damage|p2a: Rotom|75/100 brn|[from] brn
|upkeep
|turn|10
|inactive|Kimooooo has 90 seconds left.
|
|move|p2a: Rotom|Will-O-Wisp|p1a: Rotom
|-status|p1a: Rotom|brn
|move|p1a: Rotom|Will-O-Wisp|p2a: Rotom
|-fail|p2a: Rotom|brn
|
|-weather|Sandstorm|[upkeep]
|-damage|p1a: Rotom|66/100 brn|[from] Sandstorm
|-damage|p2a: Rotom|69/100 brn|[from] Sandstorm
|-heal|p1a: Rotom|73/100 brn|[from] item: Leftovers
|-heal|p2a: Rotom|75/100 brn|[from] item: Leftovers
|-damage|p1a: Rotom|60/100 brn|[from] brn
|-damage|p2a: Rotom|63/100 brn|[from] brn
|upkeep
|turn|11
|
|move|p2a: Rotom|Volt Switch|p1a: Rotom
|-damage|p1a: Rotom|31/100 brn
|
|switch|p2a: Landorus|Landorus-Therian, M|100/100|[from]move: Volt Switch
|-ability|p2a: Landorus|Intimidate|boost
|-unboost|p1a: Rotom|atk|1
|move|p1a: Rotom|Will-O-Wisp|p2a: Landorus
|-status|p2a: Landorus|brn
|
|-weather|Sandstorm|[upkeep]
|-damage|p1a: Rotom|25/100 brn|[from] Sandstorm
|-heal|p1a: Rotom|31/100 brn|[from] item: Leftovers
|-damage|p1a: Rotom|19/100 brn|[from] brn
|-damage|p2a: Landorus|88/100 brn|[from] brn
|upkeep
|turn|12
|
|move|p1a: Rotom|Pain Split|p2a: Landorus
|-sethp|p2a: Landorus|52/100 brn|[from] move: Pain Split|[silent]
|-sethp|p1a: Rotom|65/100 brn|[from] move: Pain Split
|move|p2a: Landorus|Stealth Rock|p1a: Rotom
|-sidestart|p1: TheetumThoor|move: Stealth Rock
|
|-weather|Sandstorm|[upkeep]
|-damage|p1a: Rotom|58/100 brn|[from] Sandstorm
|-heal|p1a: Rotom|65/100 brn|[from] item: Leftovers
|-heal|p2a: Landorus|58/100 brn|[from] item: Leftovers
|-damage|p1a: Rotom|52/100 brn|[from] brn
|-damage|p2a: Landorus|45/100 brn|[from] brn
|upkeep
|turn|13
|
|move|p1a: Rotom|Volt Switch|p2a: Landorus
|-immune|p2a: Landorus
|move|p2a: Landorus|U-turn|p1a: Rotom
|-damage|p1a: Rotom|41/100 brn
|
|switch|p2a: Jirachi|Jirachi|100/100|[from]move: U-turn
|
|-weather|Sandstorm|[upkeep]
|-damage|p1a: Rotom|35/100 brn|[from] Sandstorm
|-heal|p1a: Rotom|41/100 brn|[from] item: Leftovers
|-damage|p1a: Rotom|28/100 brn|[from] brn
|upkeep
|turn|14
|
|move|p2a: Jirachi|Grass Knot|p1a: Rotom
|-supereffective|p1a: Rotom
|-damage|p1a: Rotom|16/100 brn
|move|p1a: Rotom|Pain Split|p2a: Jirachi
|-sethp|p2a: Jirachi|57/100|[from] move: Pain Split|[silent]
|-sethp|p1a: Rotom|70/100 brn|[from] move: Pain Split
|
|-weather|Sandstorm|[upkeep]
|-damage|p1a: Rotom|64/100 brn|[from] Sandstorm
|-heal|p2a: Jirachi|63/100|[from] item: Leftovers
|-heal|p1a: Rotom|70/100 brn|[from] item: Leftovers
|-damage|p1a: Rotom|58/100 brn|[from] brn
|upkeep
|turn|15
|
|move|p2a: Jirachi|Calm Mind|p2a: Jirachi
|-boost|p2a: Jirachi|spa|1
|-boost|p2a: Jirachi|spd|1
|move|p1a: Rotom|Hydro Pump|p2a: Jirachi
|-damage|p2a: Jirachi|24/100
|
|-weather|Sandstorm|[upkeep]
|-damage|p1a: Rotom|51/100 brn|[from] Sandstorm
|-heal|p2a: Jirachi|30/100|[from] item: Leftovers
|-heal|p1a: Rotom|58/100 brn|[from] item: Leftovers
|-damage|p1a: Rotom|45/100 brn|[from] brn
|upkeep
|turn|16
|inactive|Kimooooo has 120 seconds left.
|inactive|TheetumThoor has 120 seconds left.
|
|move|p2a: Jirachi|Psychic|p1a: Rotom
|-damage|p1a: Rotom|0 fnt
|faint|p1a: Rotom
|
|-weather|Sandstorm|[upkeep]
|-heal|p2a: Jirachi|36/100|[from] item: Leftovers
|upkeep
|inactive|TheetumThoor has 120 seconds left.
|
|switch|p1a: Heatran|Heatran, F|100/100
|-damage|p1a: Heatran|88/100|[from] Stealth Rock
|turn|17
|
|move|p1a: Heatran|Flamethrower|p2a: Jirachi
|-supereffective|p2a: Jirachi
|-damage|p2a: Jirachi|0 fnt
|faint|p2a: Jirachi
|
|-weather|Sandstorm|[upkeep]
|-heal|p1a: Heatran|94/100|[from] item: Leftovers
|upkeep
|inactive|Kimooooo has 120 seconds left.
|
|switch|p2a: Keldeo|Keldeo-Resolute|100/100
|turn|18
|
|switch|p1a: Starmie|Starmie|100/100
|-damage|p1a: Starmie|88/100|[from] Stealth Rock
|move|p2a: Keldeo|Calm Mind|p2a: Keldeo
|-boost|p2a: Keldeo|spa|1
|-boost|p2a: Keldeo|spd|1
|
|-weather|Sandstorm|[upkeep]
|-damage|p1a: Starmie|82/100|[from] Sandstorm
|-damage|p2a: Keldeo|94/100|[from] Sandstorm
|-heal|p1a: Starmie|88/100|[from] item: Leftovers
|upkeep
|turn|19
|
|switch|p1a: Landorus|Landorus-Therian, M|100/100
|-damage|p1a: Landorus|88/100|[from] Stealth Rock
|-ability|p1a: Landorus|Intimidate|boost
|-unboost|p2a: Keldeo|atk|1
|switch|p2a: Rotom|Rotom-Wash|63/100 brn
|
|-weather|Sandstorm|[upkeep]
|-damage|p2a: Rotom|57/100 brn|[from] Sandstorm
|-heal|p1a: Landorus|94/100|[from] item: Leftovers
|-heal|p2a: Rotom|63/100 brn|[from] item: Leftovers
|-damage|p2a: Rotom|50/100 brn|[from] brn
|upkeep
|turn|20
|
|switch|p1a: Ferrothorn|Ferrothorn, F|44/100
|-damage|p1a: Ferrothorn|38/100|[from] Stealth Rock
|move|p2a: Rotom|Hydro Pump|p1a: Ferrothorn|[miss]
|-miss|p2a: Rotom|p1a: Ferrothorn
|
|-weather|Sandstorm|[upkeep]
|-damage|p2a: Rotom|44/100 brn|[from] Sandstorm
|-heal|p2a: Rotom|50/100 brn|[from] item: Leftovers
|-heal|p1a: Ferrothorn|44/100|[from] item: Leftovers
|-damage|p2a: Rotom|38/100 brn|[from] brn
|upkeep
|turn|21
|inactive|TheetumThoor has 120 seconds left.
|
|move|p2a: Rotom|Volt Switch|p1a: Ferrothorn
|-resisted|p1a: Ferrothorn
|-damage|p1a: Ferrothorn|35/100
|inactive|Kimooooo has 120 seconds left.
|
|switch|p2a: Tyranitar|Tyranitar, F|100/100|[from]move: Volt Switch
|move|p1a: Ferrothorn|Power Whip|p2a: Tyranitar
|-supereffective|p2a: Tyranitar
|-damage|p2a: Tyranitar|24/100
|
|-weather|Sandstorm|[upkeep]
|-heal|p1a: Ferrothorn|41/100|[from] item: Leftovers
|upkeep
|turn|22
|inactive|TheetumThoor has 120 seconds left.
|
|switch|p1a: Landorus|Landorus-Therian, M|94/100
|-damage|p1a: Landorus|82/100|[from] Stealth Rock
|-ability|p1a: Landorus|Intimidate|boost
|-unboost|p2a: Tyranitar|atk|1
|move|p2a: Tyranitar|Crunch|p1a: Landorus
|-damage|p1a: Landorus|62/100
|
|-weather|Sandstorm|[upkeep]
|-heal|p1a: Landorus|68/100|[from] item: Leftovers
|upkeep
|turn|23
|inactive|TheetumThoor has 120 seconds left.
|
|switch|p2a: Landorus|Landorus-Therian, M|45/100 brn
|-ability|p2a: Landorus|Intimidate|boost
|-unboost|p1a: Landorus|atk|1
|move|p1a: Landorus|Stone Edge|p2a: Landorus|[miss]
|-miss|p1a: Landorus|p2a: Landorus
|
|-weather|Sandstorm|[upkeep]
|-heal|p1a: Landorus|74/100|[from] item: Leftovers
|-heal|p2a: Landorus|51/100 brn|[from] item: Leftovers
|-damage|p2a: Landorus|39/100 brn|[from] brn
|upkeep
|turn|24
|inactive|Kimooooo has 120 seconds left.
|inactive|TheetumThoor has 90 seconds left.
|inactive|Kimooooo has 90 seconds left.
|
|move|p1a: Landorus|Hidden Power|p2a: Landorus
|-supereffective|p2a: Landorus
|-damage|p2a: Landorus|0 fnt
|faint|p2a: Landorus
|
|-weather|Sandstorm|[upkeep]
|-heal|p1a: Landorus|80/100|[from] item: Leftovers
|upkeep
|
|switch|p2a: Keldeo|Keldeo-Resolute|94/100
|turn|25
|inactive|TheetumThoor has 90 seconds left.
|
|move|p2a: Keldeo|Hydro Pump|p1a: Landorus
|-supereffective|p1a: Landorus
|-damage|p1a: Landorus|0 fnt
|faint|p1a: Landorus
|
|-weather|Sandstorm|[upkeep]
|-damage|p2a: Keldeo|88/100|[from] Sandstorm
|upkeep
|inactive|TheetumThoor has 90 seconds left.
|
|switch|p1a: Starmie|Starmie|88/100
|-damage|p1a: Starmie|76/100|[from] Stealth Rock
|turn|26
|inactive|Kimooooo has 90 seconds left.
|inactive|Kimooooo has 60 seconds left.
|
|move|p1a: Starmie|Scald|p2a: Keldeo
|-resisted|p2a: Keldeo
|-damage|p2a: Keldeo|72/100
|-status|p2a: Keldeo|brn
|move|p2a: Keldeo|Hydro Pump|p1a: Starmie
|-resisted|p1a: Starmie
|-damage|p1a: Starmie|36/100
|
|-weather|Sandstorm|[upkeep]
|-damage|p1a: Starmie|30/100|[from] Sandstorm
|-damage|p2a: Keldeo|66/100 brn|[from] Sandstorm
|-heal|p1a: Starmie|36/100|[from] item: Leftovers
|-damage|p2a: Keldeo|54/100 brn|[from] brn
|upkeep
|turn|27
|inactive|Kimooooo has 60 seconds left.
|inactive|TheetumThoor has 90 seconds left.
|
|switch|p2a: Tyranitar|Tyranitar, F|24/100
|move|p1a: Starmie|Recover|p1a: Starmie
|-heal|p1a: Starmie|86/100
|
|-weather|Sandstorm|[upkeep]
|-damage|p1a: Starmie|80/100|[from] Sandstorm
|-heal|p1a: Starmie|86/100|[from] item: Leftovers
|upkeep
|turn|28
|inactive|TheetumThoor has 90 seconds left.
|
|move|p2a: Tyranitar|Crunch|p1a: Starmie
|-supereffective|p1a: Starmie
|-damage|p1a: Starmie|0 fnt
|faint|p1a: Starmie
|
|-weather|Sandstorm|[upkeep]
|upkeep
|inactive|TheetumThoor has 90 seconds left.
|
|switch|p1a: Ferrothorn|Ferrothorn, F|41/100
|-damage|p1a: Ferrothorn|35/100|[from] Stealth Rock
|turn|29
|
|move|p2a: Tyranitar|Crunch|p1a: Ferrothorn
|-resisted|p1a: Ferrothorn
|-damage|p1a: Ferrothorn|21/100
|-damage|p2a: Tyranitar|12/100|[from] ability: Iron Barbs|[of] p1a: Ferrothorn
|-unboost|p1a: Ferrothorn|def|1
|move|p1a: Ferrothorn|Leech Seed|p2a: Tyranitar
|-start|p2a: Tyranitar|move: Leech Seed
|
|-weather|Sandstorm|[upkeep]
|-heal|p1a: Ferrothorn|27/100|[from] item: Leftovers
|-damage|p2a: Tyranitar|0 fnt|[from] Leech Seed|[of] p1a: Ferrothorn
|-heal|p1a: Ferrothorn|38/100|[silent]
|faint|p2a: Tyranitar
|upkeep
|
|switch|p2a: Keldeo|Keldeo-Resolute|54/100 brn
|turn|30
|c|☆TheetumThoor|gg
|c|☆Kimooooo|gg
|
|move|p2a: Keldeo|Secret Sword|p1a: Ferrothorn
|-enditem|p2a: Keldeo|Fighting Gem|[from] gem|[move] Secret Sword
|-supereffective|p1a: Ferrothorn
|-damage|p1a: Ferrothorn|0 fnt
|faint|p1a: Ferrothorn
|
|-weather|Sandstorm|[upkeep]
|-damage|p2a: Keldeo|48/100 brn|[from] Sandstorm
|-damage|p2a: Keldeo|35/100 brn|[from] brn
|upkeep
|
|switch|p1a: Heatran|Heatran, F|94/100
|-damage|p1a: Heatran|82/100|[from] Stealth Rock
|turn|31
|
|move|p2a: Keldeo|Secret Sword|p1a: Heatran
|-supereffective|p1a: Heatran
|-damage|p1a: Heatran|0 fnt
|faint|p1a: Heatran
|
|win|Kimooooo
|l|☆TheetumThoor
|raw|TheetumThoor's rating: 1371 &rarr; <strong>1349</strong><br />(-22 for losing)
|raw|Kimooooo's rating: 1324 &rarr; <strong>1346</strong><br />(+22 for winning)
