|j|☆zerqaq
|j|☆Funny Fez
|t:|1747184398
|gametype|singles
|player|p1|zerqaq|265|1347
|player|p2|Funny Fez|infielder|1365
|teamsize|p1|6
|teamsize|p2|6
|gen|5
|tier|[Gen 5] OU
|rated|
|rule|Species Clause: Limit one of each Pokémon
|rule|OHKO Clause: OHKO moves are banned
|rule|Moody Clause: Moody is banned
|rule|Evasion Items Clause: Evasion items are banned
|rule|Evasion Moves Clause: Evasion moves are banned
|rule|Endless Battle Clause: Forcing endless battles is banned
|rule|HP Percentage Mod: HP is shown in percentages
|rule|Evasion Abilities Clause: Evasion abilities are banned
|rule|Sleep Moves Clause: Sleep-inducing moves are banned
|rule|Swagger Clause: Swagger is banned
|rule|Baton Pass Stat Clause: No Baton Passer may have a way to boost its stats
|clearpoke
|poke|p1|Landorus-Therian, M|item
|poke|p1|Politoed, F|item
|poke|p1|Starmie|item
|poke|p1|Ferrothorn, F|item
|poke|p1|Jirachi|item
|poke|p1|Latios, M|item
|poke|p2|Heatran, F|item
|poke|p2|Kyurem|item
|poke|p2|Starmie|item
|poke|p2|Alakazam, F|item
|poke|p2|Scizor, F|item
|poke|p2|Abomasnow, F|item
|teampreview
|
|t:|1747184440
|start
|switch|p1a: Landorus|Landorus-Therian, M|100/100
|switch|p2a: Scizor|Scizor, F|100/100
|-ability|p1a: Landorus|Intimidate|boost
|-unboost|p2a: Scizor|atk|1
|turn|1
|
|t:|1747184452
|move|p1a: Landorus|U-turn|p2a: Scizor
|-resisted|p2a: Scizor
|-damage|p2a: Scizor|88/100
|
|t:|1747184462
|switch|p1a: Ferrothorn|Ferrothorn, F|100/100|[from] U-turn
|move|p2a: Scizor|U-turn|p1a: Ferrothorn
|-damage|p1a: Ferrothorn|71/100
|-damage|p2a: Scizor|75/100|[from] ability: Iron Barbs|[of] p1a: Ferrothorn
|
|t:|1747184469
|switch|p2a: Heatran|Heatran, F, shiny|100/100|[from] U-turn
|
|-heal|p1a: Ferrothorn|77/100|[from] item: Leftovers
|upkeep
|turn|2
|
|t:|1747184478
|move|p2a: Heatran|Stealth Rock|p1a: Ferrothorn
|-sidestart|p1: zerqaq|move: Stealth Rock
|move|p1a: Ferrothorn|Stealth Rock|p2a: Heatran
|-sidestart|p2: Funny Fez|move: Stealth Rock
|
|-heal|p1a: Ferrothorn|84/100|[from] item: Leftovers
|upkeep
|turn|3
|
|t:|1747184496
|switch|p1a: Politoed|Politoed, F|100/100
|-damage|p1a: Politoed|88/100|[from] Stealth Rock
|-weather|RainDance|[from] ability: Drizzle|[of] p1a: Politoed
|move|p2a: Heatran|Lava Plume|p1a: Politoed
|-resisted|p1a: Politoed
|-damage|p1a: Politoed|81/100
|
|-weather|RainDance|[upkeep]
|-heal|p1a: Politoed|87/100|[from] item: Leftovers
|upkeep
|turn|4
|
|t:|1747184515
|switch|p2a: Starmie|Starmie, shiny|100/100
|-damage|p2a: Starmie|88/100|[from] Stealth Rock
|-item|p2a: Starmie|Air Balloon
|switch|p1a: Latios|Latios, M|100/100
|-damage|p1a: Latios|88/100|[from] Stealth Rock
|
|-weather|RainDance|[upkeep]
|upkeep
|turn|5
|
|t:|1747184530
|switch|p2a: Heatran|Heatran, F, shiny|100/100
|-damage|p2a: Heatran|88/100|[from] Stealth Rock
|move|p1a: Latios|Draco Meteor|p2a: Heatran
|-resisted|p2a: Heatran
|-damage|p2a: Heatran|56/100
|-unboost|p1a: Latios|spa|2
|
|-weather|RainDance|[upkeep]
|-heal|p2a: Heatran|62/100|[from] item: Leftovers
|upkeep
|turn|6
|
|t:|1747184546
|switch|p1a: Starmie|Starmie|100/100
|-damage|p1a: Starmie|88/100|[from] Stealth Rock
|switch|p2a: Starmie|Starmie, shiny|88/100
|-damage|p2a: Starmie|76/100|[from] Stealth Rock
|-item|p2a: Starmie|Air Balloon
|
|-weather|RainDance|[upkeep]
|upkeep
|turn|7
|
|t:|1747184558
|switch|p1a: Ferrothorn|Ferrothorn, F|84/100
|-damage|p1a: Ferrothorn|77/100|[from] Stealth Rock
|move|p2a: Starmie|Rapid Spin|p1a: Ferrothorn
|-resisted|p1a: Ferrothorn
|-crit|p1a: Ferrothorn
|-damage|p1a: Ferrothorn|75/100
|-damage|p2a: Starmie|64/100|[from] ability: Iron Barbs|[of] p1a: Ferrothorn
|-sideend|p2: Funny Fez|Stealth Rock|[from] move: Rapid Spin|[of] p2a: Starmie
|
|-weather|RainDance|[upkeep]
|-heal|p1a: Ferrothorn|81/100|[from] item: Leftovers
|upkeep
|turn|8
|
|t:|1747184570
|switch|p2a: Abomasnow|Abomasnow, F, shiny|100/100
|-weather|Hail|[from] ability: Snow Warning|[of] p2a: Abomasnow
|move|p1a: Ferrothorn|Stealth Rock|p2a: Abomasnow
|-sidestart|p2: Funny Fez|move: Stealth Rock
|
|-weather|Hail|[upkeep]
|-damage|p1a: Ferrothorn|75/100|[from] Hail
|-heal|p1a: Ferrothorn|81/100|[from] item: Leftovers
|upkeep
|turn|9
|
|t:|1747184582
|switch|p1a: Politoed|Politoed, F|87/100
|-damage|p1a: Politoed|75/100|[from] Stealth Rock
|-weather|RainDance|[from] ability: Drizzle|[of] p1a: Politoed
|move|p2a: Abomasnow|Wood Hammer|p1a: Politoed
|-supereffective|p1a: Politoed
|-damage|p1a: Politoed|12/100
|-damage|p2a: Abomasnow|76/100|[from] Recoil
|
|-weather|RainDance|[upkeep]
|-heal|p1a: Politoed|18/100|[from] item: Leftovers
|upkeep
|turn|10
|
|t:|1747184596
|switch|p1a: Jirachi|Jirachi|100/100
|-damage|p1a: Jirachi|94/100|[from] Stealth Rock
|move|p2a: Abomasnow|Earthquake|p1a: Jirachi
|-supereffective|p1a: Jirachi
|-damage|p1a: Jirachi|49/100
|
|-weather|RainDance|[upkeep]
|-heal|p1a: Jirachi|55/100|[from] item: Leftovers
|upkeep
|turn|11
|j| dbr_reloaded
|
|t:|1747184609
|switch|p2a: Heatran|Heatran, F, shiny|62/100
|-damage|p2a: Heatran|50/100|[from] Stealth Rock
|move|p1a: Jirachi|Thunder|p2a: Heatran
|-damage|p2a: Heatran|31/100
|
|-weather|RainDance|[upkeep]
|-heal|p1a: Jirachi|62/100|[from] item: Leftovers
|-heal|p2a: Heatran|37/100|[from] item: Leftovers
|upkeep
|turn|12
|
|t:|1747184619
|move|p2a: Heatran|Protect|p2a: Heatran
|-singleturn|p2a: Heatran|Protect
|move|p1a: Jirachi|Water Pulse|p2a: Heatran
|-activate|p2a: Heatran|move: Protect
|
|-weather|RainDance|[upkeep]
|-heal|p1a: Jirachi|68/100|[from] item: Leftovers
|-heal|p2a: Heatran|44/100|[from] item: Leftovers
|upkeep
|turn|13
|
|t:|1747184631
|switch|p2a: Abomasnow|Abomasnow, F, shiny|76/100
|-damage|p2a: Abomasnow|51/100|[from] Stealth Rock
|-weather|Hail|[from] ability: Snow Warning|[of] p2a: Abomasnow
|move|p1a: Jirachi|Thunder|p2a: Abomasnow|[miss]
|-miss|p1a: Jirachi|p2a: Abomasnow
|
|-weather|Hail|[upkeep]
|-damage|p1a: Jirachi|62/100|[from] Hail
|-heal|p1a: Jirachi|68/100|[from] item: Leftovers
|upkeep
|turn|14
|
|t:|1747184646
|move|p1a: Jirachi|Iron Head|p2a: Abomasnow
|-supereffective|p2a: Abomasnow
|-damage|p2a: Abomasnow|0 fnt
|faint|p2a: Abomasnow
|
|-weather|Hail|[upkeep]
|-damage|p1a: Jirachi|62/100|[from] Hail
|-heal|p1a: Jirachi|68/100|[from] item: Leftovers
|upkeep
|
|t:|1747184671
|switch|p2a: Alakazam|Alakazam, F, shiny|100/100
|turn|15
|
|t:|1747184681
|switch|p1a: Politoed|Politoed, F|18/100
|-damage|p1a: Politoed|6/100|[from] Stealth Rock
|-weather|RainDance|[from] ability: Drizzle|[of] p1a: Politoed
|move|p2a: Alakazam|Hidden Power|p1a: Politoed
|-resisted|p1a: Politoed
|-crit|p1a: Politoed
|-damage|p1a: Politoed|0 fnt
|faint|p1a: Politoed
|
|-weather|RainDance|[upkeep]
|upkeep
|
|t:|1747184695
|switch|p1a: Landorus|Landorus-Therian, M|100/100
|-damage|p1a: Landorus|88/100|[from] Stealth Rock
|-ability|p1a: Landorus|Intimidate|boost
|-unboost|p2a: Alakazam|atk|1
|turn|16
|
|t:|1747184700
|switch|p2a: Scizor|Scizor, F|75/100
|-damage|p2a: Scizor|63/100|[from] Stealth Rock
|move|p1a: Landorus|U-turn|p2a: Scizor
|-resisted|p2a: Scizor
|-damage|p2a: Scizor|49/100
|
|t:|1747184712
|switch|p1a: Starmie|Starmie|88/100|[from] U-turn
|-damage|p1a: Starmie|76/100|[from] Stealth Rock
|
|-weather|RainDance|[upkeep]
|upkeep
|turn|17
|
|t:|1747184729
|switch|p2a: Heatran|Heatran, F, shiny|44/100
|-damage|p2a: Heatran|31/100|[from] Stealth Rock
|move|p1a: Starmie|Surf|p2a: Heatran
|-supereffective|p2a: Heatran
|-damage|p2a: Heatran|0 fnt
|faint|p2a: Heatran
|
|-weather|RainDance|[upkeep]
|upkeep
|
|t:|1747184744
|switch|p2a: Alakazam|Alakazam, F, shiny|100/100
|turn|18
|
|t:|1747184750
|switch|p1a: Ferrothorn|Ferrothorn, F|81/100
|-damage|p1a: Ferrothorn|75/100|[from] Stealth Rock
|move|p2a: Alakazam|Shadow Ball|p1a: Ferrothorn
|-resisted|p1a: Ferrothorn
|-damage|p1a: Ferrothorn|65/100
|-unboost|p1a: Ferrothorn|spd|1
|
|-weather|RainDance|[upkeep]
|-heal|p1a: Ferrothorn|71/100|[from] item: Leftovers
|upkeep
|turn|19
|
|t:|1747184766
|switch|p1a: Landorus|Landorus-Therian, M|88/100
|-damage|p1a: Landorus|76/100|[from] Stealth Rock
|-ability|p1a: Landorus|Intimidate|boost
|-unboost|p2a: Alakazam|atk|1
|move|p2a: Alakazam|Hidden Power|p1a: Landorus
|-damage|p1a: Landorus|61/100
|
|-weather|RainDance|[upkeep]
|upkeep
|turn|20
|
|t:|1747184777
|switch|p2a: Scizor|Scizor, F|49/100
|-damage|p2a: Scizor|37/100|[from] Stealth Rock
|move|p1a: Landorus|U-turn|p2a: Scizor
|-resisted|p2a: Scizor
|-damage|p2a: Scizor|21/100
|
|t:|1747184786
|switch|p1a: Starmie|Starmie|76/100|[from] U-turn
|-damage|p1a: Starmie|64/100|[from] Stealth Rock
|
|-weather|RainDance|[upkeep]
|upkeep
|turn|21
|l| dbr_reloaded
|
|t:|1747184793
|move|p1a: Starmie|Surf|p2a: Scizor
|-damage|p2a: Scizor|0 fnt
|faint|p2a: Scizor
|
|-weather|RainDance|[upkeep]
|upkeep
|
|t:|1747184808
|switch|p2a: Alakazam|Alakazam, F, shiny|100/100
|turn|22
|
|t:|1747184813
|move|p2a: Alakazam|Shadow Ball|p1a: Starmie
|-supereffective|p1a: Starmie
|-damage|p1a: Starmie|0 fnt
|faint|p1a: Starmie
|
|-weather|RainDance|[upkeep]
|upkeep
|
|t:|1747184822
|switch|p1a: Landorus|Landorus-Therian, M|61/100
|-damage|p1a: Landorus|48/100|[from] Stealth Rock
|-ability|p1a: Landorus|Intimidate|boost
|-unboost|p2a: Alakazam|atk|1
|turn|23
|
|t:|1747184830
|switch|p2a: Kyurem|Kyurem, shiny|100/100
|-damage|p2a: Kyurem|76/100|[from] Stealth Rock
|-ability|p2a: Kyurem|Pressure
|move|p1a: Landorus|U-turn|p2a: Kyurem
|-damage|p2a: Kyurem|52/100
|
|t:|1747184840
|switch|p1a: Jirachi|Jirachi|68/100|[from] U-turn
|-damage|p1a: Jirachi|62/100|[from] Stealth Rock
|
|-weather|RainDance|[upkeep]
|-heal|p1a: Jirachi|68/100|[from] item: Leftovers
|upkeep
|turn|24
|
|t:|1747184854
|switch|p1a: Latios|Latios, M|88/100
|-damage|p1a: Latios|76/100|[from] Stealth Rock
|move|p2a: Kyurem|Earth Power|p1a: Latios
|-immune|p1a: Latios|[from] ability: Levitate
|
|-weather|RainDance|[upkeep]
|upkeep
|turn|25
|
|t:|1747184866
|move|p1a: Latios|Draco Meteor|p2a: Kyurem|[miss]
|-miss|p1a: Latios|p2a: Kyurem
|move|p2a: Kyurem|Earth Power|p1a: Latios
|-immune|p1a: Latios|[from] ability: Levitate
|
|-weather|RainDance|[upkeep]
|upkeep
|turn|26
|
|t:|1747184877
|move|p1a: Latios|Draco Meteor|p2a: Kyurem
|-supereffective|p2a: Kyurem
|-damage|p2a: Kyurem|0 fnt
|-unboost|p1a: Latios|spa|2
|faint|p2a: Kyurem
|
|-weather|RainDance|[upkeep]
|upkeep
|
|t:|1747184889
|switch|p2a: Starmie|Starmie, shiny|64/100
|-damage|p2a: Starmie|51/100|[from] Stealth Rock
|-item|p2a: Starmie|Air Balloon
|turn|27
|
|t:|1747184894
|move|p2a: Starmie|Hydro Pump|p1a: Latios
|-resisted|p1a: Latios
|-damage|p1a: Latios|35/100
|move|p1a: Latios|Draco Meteor|p2a: Starmie
|-crit|p2a: Starmie
|-damage|p2a: Starmie|0 fnt
|-unboost|p1a: Latios|spa|2
|-enditem|p2a: Starmie|Air Balloon
|faint|p2a: Starmie
|
|-weather|RainDance|[upkeep]
|upkeep
|
|t:|1747184897
|switch|p2a: Alakazam|Alakazam, F, shiny|100/100
|turn|28
|-message|Funny Fez forfeited.
|
|win|zerqaq
|raw|zerqaq's rating: 1347 &rarr; <strong>1368</strong><br />(+21 for winning)
|raw|Funny Fez's rating: 1365 &rarr; <strong>1344</strong><br />(-21 for losing)
|l|☆Funny Fez
|player|p2|
