|j|☆nidiedi
|j|☆BVRZUM
|t:|1725100372
|gametype|singles
|player|p1|nidiedi|nate|1541
|player|p2|BVRZUM|eusine|1368
|teamsize|p1|6
|teamsize|p2|6
|gen|5
|tier|[Gen 5] OU
|rated|
|rule|Species Clause: Limit one of each Pokémon
|rule|OHKO Clause: OHKO moves are banned
|rule|Moody Clause: Moody is banned
|rule|Evasion Items Clause: Evasion items are banned
|rule|Evasion Moves Clause: Evasion moves are banned
|rule|Endless Battle Clause: Forcing endless battles is banned
|rule|HP Percentage Mod: HP is shown in percentages
|rule|Evasion Abilities Clause: Evasion abilities are banned
|rule|Sleep Moves Clause: Sleep-inducing moves are banned
|rule|Swagger Clause: Swagger is banned
|rule|Baton Pass Stat Clause: No Baton Passer may have a way to boost its stats
|clearpoke
|poke|p1|Heatran, F|item
|poke|p1|Latias, F|item
|poke|p1|Breloom, F|item
|poke|p1|Landorus-Therian, M|item
|poke|p1|Excadrill, F|item
|poke|p1|Ninetales, F|item
|poke|p2|Tyranitar, F|item
|poke|p2|Alakazam, M|item
|poke|p2|Latios, M|item
|poke|p2|Ferrothorn, M|item
|poke|p2|Keldeo|item
|poke|p2|Landorus-Therian, M|item
|teampreview
|inactive|Battle timer is ON: inactive players will automatically lose when time's up. (requested by nidiedi)
|
|t:|1725100384
|start
|switch|p1a: Landorus|Landorus-Therian, M|100/100
|switch|p2a: Tyranitar|Tyranitar, F|100/100
|-ability|p1a: Landorus|Intimidate|boost
|-unboost|p2a: Tyranitar|atk|1
|-weather|Sandstorm|[from] ability: Sand Stream|[of] p2a: Tyranitar
|turn|1
|inactive|BVRZUM has 120 seconds left.
|
|t:|1725100424
|switch|p2a: Keldeo|Keldeo|100/100
|move|p1a: Landorus|U-turn|p2a: Keldeo
|-resisted|p2a: Keldeo
|-damage|p2a: Keldeo|87/100
|inactive|nidiedi has 120 seconds left.
|
|t:|1725100452
|switch|p1a: Breloom|Breloom, F|100/100|[from] U-turn
|
|-weather|Sandstorm|[upkeep]
|-damage|p2a: Keldeo|81/100|[from] Sandstorm
|-damage|p1a: Breloom|94/100|[from] Sandstorm
|-heal|p2a: Keldeo|87/100|[from] item: Leftovers
|-status|p1a: Breloom|tox|[from] item: Toxic Orb
|upkeep
|turn|2
|inactive|BVRZUM has 120 seconds left.
|
|t:|1725100478
|move|p2a: Keldeo|Hidden Power|p1a: Breloom
|-supereffective|p1a: Breloom
|-damage|p1a: Breloom|18/100 tox
|move|p1a: Breloom|Seed Bomb|p2a: Keldeo
|-supereffective|p2a: Keldeo
|-damage|p2a: Keldeo|0 fnt
|faint|p2a: Keldeo
|
|-weather|Sandstorm|[upkeep]
|-damage|p1a: Breloom|12/100 tox|[from] Sandstorm
|-heal|p1a: Breloom|24/100 tox|[from] ability: Poison Heal
|upkeep
|
|t:|1725100484
|switch|p2a: Alakazam|Alakazam, M|100/100
|turn|3
|inactive|nidiedi has 120 seconds left.
|
|t:|1725100515
|move|p1a: Breloom|Mach Punch|p2a: Alakazam
|-resisted|p2a: Alakazam
|-damage|p2a: Alakazam|73/100
|move|p2a: Alakazam|Psychic|p1a: Breloom
|-supereffective|p1a: Breloom
|-damage|p1a: Breloom|0 fnt
|faint|p1a: Breloom
|
|-weather|Sandstorm|[upkeep]
|upkeep
|
|t:|1725100527
|switch|p1a: Landorus|Landorus-Therian, M|100/100
|-ability|p1a: Landorus|Intimidate|boost
|-unboost|p2a: Alakazam|atk|1
|turn|4
|inactive|BVRZUM has 120 seconds left.
|
|t:|1725100533
|switch|p2a: Ferrothorn|Ferrothorn, M|100/100
|move|p1a: Landorus|U-turn|p2a: Ferrothorn
|-damage|p2a: Ferrothorn|85/100
|-damage|p1a: Landorus|88/100|[from] ability: Iron Barbs|[of] p2a: Ferrothorn
|
|t:|1725100536
|switch|p1a: Ninetales|Ninetales, F|100/100|[from] U-turn
|-weather|SunnyDay|[from] ability: Drought|[of] p1a: Ninetales
|
|-weather|SunnyDay|[upkeep]
|upkeep
|turn|5
|
|t:|1725100540
|switch|p2a: Tyranitar|Tyranitar, F|100/100
|-weather|Sandstorm|[from] ability: Sand Stream|[of] p2a: Tyranitar
|move|p1a: Ninetales|Will-O-Wisp|p2a: Tyranitar|[miss]
|-miss|p1a: Ninetales|p2a: Tyranitar
|
|-weather|Sandstorm|[upkeep]
|-damage|p1a: Ninetales|94/100|[from] Sandstorm
|upkeep
|turn|6
|
|t:|1725100547
|move|p1a: Ninetales|Will-O-Wisp|p2a: Tyranitar
|-status|p2a: Tyranitar|brn
|move|p2a: Tyranitar|Thunder Wave|p1a: Ninetales
|-status|p1a: Ninetales|par
|
|-weather|Sandstorm|[upkeep]
|-damage|p1a: Ninetales|88/100 par|[from] Sandstorm
|-damage|p2a: Tyranitar|88/100 brn|[from] brn
|upkeep
|turn|7
|
|t:|1725100556
|switch|p2a: Landorus|Landorus-Therian, M|100/100
|-ability|p2a: Landorus|Intimidate|boost
|-unboost|p1a: Ninetales|atk|1
|switch|p1a: Landorus|Landorus-Therian, M|88/100
|-ability|p1a: Landorus|Intimidate|boost
|-unboost|p2a: Landorus|atk|1
|
|-weather|Sandstorm|[upkeep]
|upkeep
|turn|8
|
|t:|1725100565
|move|p1a: Landorus|U-turn|p2a: Landorus
|-resisted|p2a: Landorus
|-damage|p2a: Landorus|90/100
|
|t:|1725100577
|switch|p1a: Latias|Latias, F|100/100|[from] U-turn
|move|p2a: Landorus|Hidden Power|p1a: Latias
|-supereffective|p1a: Latias
|-damage|p1a: Latias|73/100
|
|-weather|Sandstorm|[upkeep]
|-damage|p1a: Latias|67/100|[from] Sandstorm
|-heal|p1a: Latias|73/100|[from] item: Leftovers
|-heal|p2a: Landorus|96/100|[from] item: Leftovers
|upkeep
|turn|9
|
|t:|1725100591
|switch|p1a: Landorus|Landorus-Therian, M|88/100
|-ability|p1a: Landorus|Intimidate|boost
|-unboost|p2a: Landorus|atk|1
|move|p2a: Landorus|Stealth Rock|p1a: Landorus
|-sidestart|p1: nidiedi|move: Stealth Rock
|
|-weather|Sandstorm|[upkeep]
|-heal|p2a: Landorus|100/100|[from] item: Leftovers
|upkeep
|turn|10
|inactive|BVRZUM has 120 seconds left.
|
|t:|1725100623
|move|p1a: Landorus|U-turn|p2a: Landorus
|-resisted|p2a: Landorus
|-damage|p2a: Landorus|90/100
|
|t:|1725100628
|switch|p1a: Ninetales|Ninetales, F|88/100 par|[from] U-turn
|-damage|p1a: Ninetales|64/100 par|[from] Stealth Rock
|-weather|SunnyDay|[from] ability: Drought|[of] p1a: Ninetales
|move|p2a: Landorus|Hidden Power|p1a: Ninetales
|-resisted|p1a: Ninetales
|-damage|p1a: Ninetales|56/100 par
|-enditem|p1a: Ninetales|Eject Button
|inactive|nidiedi has 120 seconds left.
|
|t:|1725100667
|switch|p1a: Heatran|Heatran, F|100/100
|-damage|p1a: Heatran|88/100|[from] Stealth Rock
|-item|p1a: Heatran|Air Balloon
|
|-weather|SunnyDay|[upkeep]
|-heal|p2a: Landorus|96/100|[from] item: Leftovers
|upkeep
|turn|11
|
|t:|1725100676
|move|p2a: Landorus|U-turn|p1a: Heatran
|-resisted|p1a: Heatran
|-damage|p1a: Heatran|85/100
|-enditem|p1a: Heatran|Air Balloon
|
|t:|1725100680
|switch|p2a: Tyranitar|Tyranitar, F|88/100 brn|[from] U-turn
|-weather|Sandstorm|[from] ability: Sand Stream|[of] p2a: Tyranitar
|move|p1a: Heatran|Hidden Power|p2a: Tyranitar
|-damage|p2a: Tyranitar|75/100 brn
|
|-weather|Sandstorm|[upkeep]
|-damage|p2a: Tyranitar|63/100 brn|[from] brn
|upkeep
|turn|12
|
|t:|1725100695
|switch|p1a: Landorus|Landorus-Therian, M|88/100
|-damage|p1a: Landorus|76/100|[from] Stealth Rock
|-ability|p1a: Landorus|Intimidate|boost
|-unboost|p2a: Tyranitar|atk|1
|switch|p2a: Latios|Latios, M|100/100
|
|-weather|Sandstorm|[upkeep]
|-damage|p2a: Latios|95/100|[from] Sandstorm
|upkeep
|turn|13
|
|t:|1725100707
|switch|p1a: Ninetales|Ninetales, F|56/100 par
|-damage|p1a: Ninetales|31/100 par|[from] Stealth Rock
|-weather|SunnyDay|[from] ability: Drought|[of] p1a: Ninetales
|move|p2a: Latios|Surf|p1a: Ninetales
|-supereffective|p1a: Ninetales
|-damage|p1a: Ninetales|0 fnt
|faint|p1a: Ninetales
|
|-weather|SunnyDay|[upkeep]
|upkeep
|
|t:|1725100715
|switch|p1a: Excadrill|Excadrill, F|100/100
|-damage|p1a: Excadrill|97/100|[from] Stealth Rock
|-ability|p1a: Excadrill|Mold Breaker
|turn|14
|
|t:|1725100725
|switch|p2a: Tyranitar|Tyranitar, F|63/100 brn
|-weather|Sandstorm|[from] ability: Sand Stream|[of] p2a: Tyranitar
|move|p1a: Excadrill|Stealth Rock|p2a: Tyranitar
|-sidestart|p2: BVRZUM|move: Stealth Rock
|
|-weather|Sandstorm|[upkeep]
|-heal|p1a: Excadrill|100/100|[from] item: Leftovers
|-damage|p2a: Tyranitar|51/100 brn|[from] brn
|upkeep
|turn|15
|
|t:|1725100736
|move|p1a: Excadrill|Rapid Spin|p2a: Tyranitar
|-resisted|p2a: Tyranitar
|-damage|p2a: Tyranitar|48/100 brn
|-sideend|p1: nidiedi|Stealth Rock|[from] move: Rapid Spin|[of] p1a: Excadrill
|move|p2a: Tyranitar|Flamethrower|p1a: Excadrill
|-supereffective|p1a: Excadrill
|-damage|p1a: Excadrill|63/100
|-status|p1a: Excadrill|brn
|
|-weather|Sandstorm|[upkeep]
|-heal|p1a: Excadrill|69/100 brn|[from] item: Leftovers
|-damage|p1a: Excadrill|56/100 brn|[from] brn
|-damage|p2a: Tyranitar|36/100 brn|[from] brn
|upkeep
|turn|16
|
|t:|1725100757
|switch|p1a: Heatran|Heatran, F|85/100
|move|p2a: Tyranitar|Flamethrower|p1a: Heatran
|-start|p1a: Heatran|ability: Flash Fire
|
|-weather|Sandstorm|[upkeep]
|-damage|p2a: Tyranitar|24/100 brn|[from] brn
|upkeep
|turn|17
|
|t:|1725100766
|move|p1a: Heatran|Flame Charge|p2a: Tyranitar
|-resisted|p2a: Tyranitar
|-damage|p2a: Tyranitar|15/100 brn
|-boost|p1a: Heatran|spe|1
|move|p2a: Tyranitar|Thunder Wave|p1a: Heatran
|-status|p1a: Heatran|par
|
|-weather|Sandstorm|[upkeep]
|-damage|p2a: Tyranitar|3/100 brn|[from] brn
|upkeep
|turn|18
|inactive|nidiedi has 90 seconds left.
|
|t:|1725100795
|move|p2a: Tyranitar|Crunch|p1a: Heatran
|-resisted|p1a: Heatran
|-damage|p1a: Heatran|75/100 par
|move|p1a: Heatran|Flame Charge|p2a: Tyranitar
|-resisted|p2a: Tyranitar
|-damage|p2a: Tyranitar|0 fnt
|-boost|p1a: Heatran|spe|1
|faint|p2a: Tyranitar
|
|-weather|Sandstorm|[upkeep]
|upkeep
|
|t:|1725100803
|switch|p2a: Landorus|Landorus-Therian, M|96/100
|-damage|p2a: Landorus|84/100|[from] Stealth Rock
|-ability|p2a: Landorus|Intimidate|boost
|-unboost|p1a: Heatran|atk|1
|turn|19
|
|t:|1725100813
|-end|p1a: Heatran|ability: Flash Fire|[silent]
|switch|p1a: Latias|Latias, F|73/100
|move|p2a: Landorus|Earthquake|p1a: Latias
|-immune|p1a: Latias|[from] ability: Levitate
|
|-weather|Sandstorm|[upkeep]
|-damage|p1a: Latias|67/100|[from] Sandstorm
|-heal|p1a: Latias|73/100|[from] item: Leftovers
|-heal|p2a: Landorus|90/100|[from] item: Leftovers
|upkeep
|turn|20
|
|t:|1725100818
|move|p1a: Latias|Ice Beam|p2a: Landorus
|-supereffective|p2a: Landorus
|-damage|p2a: Landorus|0 fnt
|faint|p2a: Landorus
|
|-weather|Sandstorm|[upkeep]
|-damage|p1a: Latias|67/100|[from] Sandstorm
|-heal|p1a: Latias|73/100|[from] item: Leftovers
|upkeep
|
|t:|1725100823
|switch|p2a: Ferrothorn|Ferrothorn, M|85/100
|-damage|p2a: Ferrothorn|79/100|[from] Stealth Rock
|turn|21
|
|t:|1725100828
|move|p1a: Latias|Hidden Power|p2a: Ferrothorn
|-supereffective|p2a: Ferrothorn
|-damage|p2a: Ferrothorn|18/100
|move|p2a: Ferrothorn|Gyro Ball|p1a: Latias
|-damage|p1a: Latias|19/100
|
|-weather|Sandstorm|[upkeep]
|-damage|p1a: Latias|13/100|[from] Sandstorm
|-heal|p1a: Latias|19/100|[from] item: Leftovers
|upkeep
|turn|22
|inactive|nidiedi has 120 seconds left.
|
|t:|1725100838
|move|p1a: Latias|Hidden Power|p2a: Ferrothorn
|-supereffective|p2a: Ferrothorn
|-damage|p2a: Ferrothorn|0 fnt
|faint|p2a: Ferrothorn
|
|-weather|Sandstorm|[upkeep]
|-damage|p1a: Latias|13/100|[from] Sandstorm
|-heal|p1a: Latias|19/100|[from] item: Leftovers
|upkeep
|
|t:|1725100840
|switch|p2a: Alakazam|Alakazam, M|73/100
|turn|23
|inactive|nidiedi has 120 seconds left.
|
|t:|1725100857
|move|p2a: Alakazam|Shadow Ball|p1a: Latias
|-supereffective|p1a: Latias
|-damage|p1a: Latias|0 fnt
|faint|p1a: Latias
|
|-weather|Sandstorm|[upkeep]
|upkeep
|
|t:|1725100860
|switch|p1a: Landorus|Landorus-Therian, M|76/100
|-ability|p1a: Landorus|Intimidate|boost
|-unboost|p2a: Alakazam|atk|1
|turn|24
|
|t:|1725100872
|move|p1a: Landorus|U-turn|p2a: Alakazam
|-supereffective|p2a: Alakazam
|-damage|p2a: Alakazam|0 fnt
|faint|p2a: Alakazam
|
|t:|1725100884
|switch|p1a: Heatran|Heatran, F|75/100 par|[from] U-turn
|
|-weather|Sandstorm|[upkeep]
|upkeep
|
|t:|1725100885
|switch|p2a: Latios|Latios, M|95/100
|-damage|p2a: Latios|82/100|[from] Stealth Rock
|turn|25
|
|t:|1725100889
|move|p2a: Latios|Surf|p1a: Heatran
|-supereffective|p1a: Heatran
|-damage|p1a: Heatran|9/100 par
|move|p1a: Heatran|Hidden Power|p2a: Latios
|-supereffective|p2a: Latios
|-damage|p2a: Latios|23/100
|
|-weather|Sandstorm|[upkeep]
|-damage|p2a: Latios|17/100|[from] Sandstorm
|upkeep
|turn|26
|
|t:|1725100896
|move|p2a: Latios|Surf|p1a: Heatran
|-supereffective|p1a: Heatran
|-damage|p1a: Heatran|0 fnt
|faint|p1a: Heatran
|
|-weather|Sandstorm|[upkeep]
|-damage|p2a: Latios|11/100|[from] Sandstorm
|upkeep
|
|t:|1725100906
|switch|p1a: Landorus|Landorus-Therian, M|76/100
|-ability|p1a: Landorus|Intimidate|boost
|-unboost|p2a: Latios|atk|1
|turn|27
|
|t:|1725100928
|move|p2a: Latios|Surf|p1a: Landorus
|-supereffective|p1a: Landorus
|-damage|p1a: Landorus|4/100
|move|p1a: Landorus|U-turn|p2a: Latios
|-supereffective|p2a: Latios
|-damage|p2a: Latios|0 fnt
|faint|p2a: Latios
|
|win|nidiedi
|raw|nidiedi's rating: 1541 &rarr; <strong>1552</strong><br />(+11 for winning)
|raw|BVRZUM's rating: 1368 &rarr; <strong>1357</strong><br />(-11 for losing)
|l|☆BVRZUM
|player|p2|
