|j|☆kobepayne
|j|☆NOSLEEPTILLBKLYN
|player|p1|kobepayne|dahlia|1640
|player|p2|NOSLEEPTILLBKLYN|ethan-gen2|1663
|teamsize|p1|6
|teamsize|p2|6
|gametype|singles
|gen|5
|tier|[Gen 5] OU
|rated|
|clearpoke
|poke|p1|Tyranitar, F|item
|poke|p1|Garchomp, M|item
|poke|p1|Rotom-Wash|item
|poke|p1|Landorus-Therian, M|item
|poke|p1|Ferrothorn, F|item
|poke|p1|Alakazam, F|item
|poke|p2|Jirachi|item
|poke|p2|Reuniclus, M|item
|poke|p2|Abomasnow, M|item
|poke|p2|Donphan, F|item
|poke|p2|Ninetales, M|item
|poke|p2|Gyarados, M|item
|rule|Species Clause: Limit one of each Pokémon
|rule|OHKO Clause: OHKO moves are banned
|rule|Moody Clause: Moody is banned
|rule|Evasion Moves Clause: Evasion moves are banned
|rule|Endless Battle Clause: Forcing endless battles is banned
|rule|HP Percentage Mod: HP is shown in percentages
|rule|Evasion Abilities Clause: Evasion abilities are banned
|rule|Baton Pass Clause: Limit one Baton Passer, can't pass Spe and other stats simultaneously
|rule|Sleep Clause: Sleep-inducing moves are banned
|rule|Swagger Clause: Swagger is banned
|teampreview
|l|☆NOSLEEPTILLBKLYN
|player|p2|
|j|☆NOSLEEPTILLBKLYN
|player|p2|NOSLEEPTILLBKLYN|ethan-gen2
|inactive|Battle timer is ON: inactive players will automatically lose when time's up. (requested by NOSLEEPTILLBKLYN)
|
|start
|switch|p1a: Tyranitar|Tyranitar, F|100/100
|switch|p2a: Reuniclus|Reuniclus, M|100/100
|-weather|Sandstorm|[from] ability: Sand Stream|[of] p1a: Tyranitar
|turn|1
|inactive|kobepayne has 120 seconds left.
|
|move|p1a: Tyranitar|Crunch|p2a: Reuniclus
|-supereffective|p2a: Reuniclus
|-damage|p2a: Reuniclus|42/100
|move|p2a: Reuniclus|Trick|p1a: Tyranitar
|-activate|p2a: Reuniclus|move: Trick|[of] p1a: Tyranitar
|-item|p1a: Tyranitar|Flame Orb|[from] move: Trick
|-item|p2a: Reuniclus|Chople Berry|[from] move: Trick
|
|-weather|Sandstorm|[upkeep]
|-status|p1a: Tyranitar|brn|[from] item: Flame Orb
|upkeep
|turn|2
|
|move|p1a: Tyranitar|Crunch|p2a: Reuniclus
|-supereffective|p2a: Reuniclus
|-damage|p2a: Reuniclus|11/100
|move|p2a: Reuniclus|Recover|p2a: Reuniclus
|-heal|p2a: Reuniclus|61/100
|
|-weather|Sandstorm|[upkeep]
|-damage|p1a: Tyranitar|88/100 brn|[from] brn
|upkeep
|turn|3
|
|move|p1a: Tyranitar|Crunch|p2a: Reuniclus
|-supereffective|p2a: Reuniclus
|-damage|p2a: Reuniclus|31/100
|-unboost|p2a: Reuniclus|def|1
|move|p2a: Reuniclus|Recover|p2a: Reuniclus
|-heal|p2a: Reuniclus|81/100
|
|-weather|Sandstorm|[upkeep]
|-damage|p1a: Tyranitar|76/100 brn|[from] brn
|upkeep
|turn|4
|
|-activate|p2a: Reuniclus|move: Pursuit
|move|p1a: Tyranitar|Pursuit|p2a: Reuniclus|[from]Pursuit
|-supereffective|p2a: Reuniclus
|-damage|p2a: Reuniclus|39/100
|switch|p2a: Donphan|Donphan, F|100/100
|
|-weather|Sandstorm|[upkeep]
|-damage|p1a: Tyranitar|64/100 brn|[from] brn
|upkeep
|turn|5
|
|switch|p1a: Rotom|Rotom-Wash|100/100
|move|p2a: Donphan|Stealth Rock|p1a: Rotom
|-sidestart|p1: kobepayne|move: Stealth Rock
|
|-weather|Sandstorm|[upkeep]
|-damage|p1a: Rotom|95/100|[from] Sandstorm
|-heal|p1a: Rotom|100/100|[from] item: Leftovers
|upkeep
|turn|6
|
|switch|p2a: Abomasnow|Abomasnow, M|100/100
|-weather|Hail|[from] ability: Snow Warning|[of] p2a: Abomasnow
|move|p1a: Rotom|Will-O-Wisp|p2a: Abomasnow
|-status|p2a: Abomasnow|brn
|
|-weather|Hail|[upkeep]
|-damage|p1a: Rotom|95/100|[from] Hail
|-heal|p1a: Rotom|100/100|[from] item: Leftovers
|-damage|p2a: Abomasnow|88/100 brn|[from] brn
|upkeep
|turn|7
|
|move|p2a: Abomasnow|Wood Hammer|p1a: Rotom
|-supereffective|p1a: Rotom
|-damage|p1a: Rotom|61/100
|-damage|p2a: Abomasnow|76/100 brn|[from] Recoil
|move|p1a: Rotom|Volt Switch|p2a: Abomasnow
|-resisted|p2a: Abomasnow
|-damage|p2a: Abomasnow|60/100 brn
|
|switch|p1a: Tyranitar|Tyranitar, F|64/100 brn|[from]move: Volt Switch
|-damage|p1a: Tyranitar|51/100 brn|[from] Stealth Rock
|-weather|Sandstorm|[from] ability: Sand Stream|[of] p1a: Tyranitar
|
|-weather|Sandstorm|[upkeep]
|-damage|p2a: Abomasnow|54/100 brn|[from] Sandstorm
|-heal|p2a: Abomasnow|60/100 brn|[from] item: Leftovers
|-damage|p2a: Abomasnow|48/100 brn|[from] brn
|-damage|p1a: Tyranitar|39/100 brn|[from] brn
|upkeep
|turn|8
|
|switch|p2a: Donphan|Donphan, F|100/100
|switch|p1a: Ferrothorn|Ferrothorn, F|100/100
|-damage|p1a: Ferrothorn|94/100|[from] Stealth Rock
|
|-weather|Sandstorm|[upkeep]
|-heal|p1a: Ferrothorn|100/100|[from] item: Leftovers
|upkeep
|turn|9
|
|switch|p2a: Reuniclus|Reuniclus, M|39/100
|move|p1a: Ferrothorn|Spikes|p2a: Reuniclus
|-sidestart|p2: NOSLEEPTILLBKLYN|Spikes
|
|-weather|Sandstorm|[upkeep]
|upkeep
|turn|10
|
|move|p2a: Reuniclus|Recover|p2a: Reuniclus
|-heal|p2a: Reuniclus|89/100
|move|p1a: Ferrothorn|Thunder Wave|p2a: Reuniclus
|-status|p2a: Reuniclus|par
|
|-weather|Sandstorm|[upkeep]
|upkeep
|turn|11
|
|move|p1a: Ferrothorn|Power Whip|p2a: Reuniclus
|-damage|p2a: Reuniclus|60/100 par
|move|p2a: Reuniclus|Trick|p1a: Ferrothorn
|-activate|p2a: Reuniclus|move: Trick|[of] p1a: Ferrothorn
|-item|p1a: Ferrothorn|Chople Berry|[from] move: Trick
|-item|p2a: Reuniclus|Leftovers|[from] move: Trick
|
|-weather|Sandstorm|[upkeep]
|-heal|p2a: Reuniclus|66/100 par|[from] item: Leftovers
|upkeep
|turn|12
|
|move|p1a: Ferrothorn|Power Whip|p2a: Reuniclus
|-damage|p2a: Reuniclus|37/100 par
|move|p2a: Reuniclus|Recover|p2a: Reuniclus
|-heal|p2a: Reuniclus|87/100 par
|
|-weather|Sandstorm|[upkeep]
|-heal|p2a: Reuniclus|93/100 par|[from] item: Leftovers
|upkeep
|turn|13
|
|move|p1a: Ferrothorn|Knock Off|p2a: Reuniclus
|-supereffective|p2a: Reuniclus
|-damage|p2a: Reuniclus|87/100 par
|-enditem|p2a: Reuniclus|Leftovers|[from] move: Knock Off|[of] p1a: Ferrothorn
|move|p2a: Reuniclus|Calm Mind|p2a: Reuniclus
|-boost|p2a: Reuniclus|spa|1
|-boost|p2a: Reuniclus|spd|1
|
|-weather|Sandstorm|[upkeep]
|upkeep
|turn|14
|
|move|p1a: Ferrothorn|Power Whip|p2a: Reuniclus
|-damage|p2a: Reuniclus|61/100 par
|move|p2a: Reuniclus|Recover|p2a: Reuniclus
|-heal|p2a: Reuniclus|100/100 par
|
|-weather|Sandstorm|[upkeep]
|upkeep
|turn|15
|
|move|p1a: Ferrothorn|Power Whip|p2a: Reuniclus|[miss]
|-miss|p1a: Ferrothorn|p2a: Reuniclus
|move|p2a: Reuniclus|Calm Mind|p2a: Reuniclus
|-boost|p2a: Reuniclus|spa|1
|-boost|p2a: Reuniclus|spd|1
|
|-weather|Sandstorm|[upkeep]
|upkeep
|turn|16
|
|move|p1a: Ferrothorn|Power Whip|p2a: Reuniclus
|-damage|p2a: Reuniclus|72/100 par
|cant|p2a: Reuniclus|par
|
|-weather|Sandstorm|[upkeep]
|upkeep
|turn|17
|
|move|p1a: Ferrothorn|Power Whip|p2a: Reuniclus
|-damage|p2a: Reuniclus|44/100 par
|cant|p2a: Reuniclus|par
|
|-weather|Sandstorm|[upkeep]
|upkeep
|turn|18
|
|move|p1a: Ferrothorn|Power Whip|p2a: Reuniclus
|-damage|p2a: Reuniclus|18/100 par
|move|p2a: Reuniclus|Recover|p2a: Reuniclus
|-heal|p2a: Reuniclus|68/100 par
|
|-weather|Sandstorm|[upkeep]
|upkeep
|turn|19
|
|move|p1a: Ferrothorn|Power Whip|p2a: Reuniclus
|-damage|p2a: Reuniclus|41/100 par
|move|p2a: Reuniclus|Recover|p2a: Reuniclus
|-heal|p2a: Reuniclus|91/100 par
|
|-weather|Sandstorm|[upkeep]
|upkeep
|turn|20
|
|move|p1a: Ferrothorn|Power Whip|p2a: Reuniclus
|-damage|p2a: Reuniclus|63/100 par
|move|p2a: Reuniclus|Calm Mind|p2a: Reuniclus
|-boost|p2a: Reuniclus|spa|1
|-boost|p2a: Reuniclus|spd|1
|
|-weather|Sandstorm|[upkeep]
|upkeep
|turn|21
|
|move|p1a: Ferrothorn|Power Whip|p2a: Reuniclus
|-damage|p2a: Reuniclus|35/100 par
|move|p2a: Reuniclus|Recover|p2a: Reuniclus
|-heal|p2a: Reuniclus|85/100 par
|
|-weather|Sandstorm|[upkeep]
|upkeep
|turn|22
|
|switch|p1a: Landorus|Landorus-Therian, M|100/100
|-damage|p1a: Landorus|88/100|[from] Stealth Rock
|-ability|p1a: Landorus|Intimidate|boost
|-unboost|p2a: Reuniclus|atk|1
|move|p2a: Reuniclus|Recover|p2a: Reuniclus
|-heal|p2a: Reuniclus|100/100 par
|
|-weather|Sandstorm|[upkeep]
|upkeep
|turn|23
|
|move|p1a: Landorus|U-turn|p2a: Reuniclus
|-supereffective|p2a: Reuniclus
|-damage|p2a: Reuniclus|69/100 par
|
|switch|p1a: Tyranitar|Tyranitar, F|39/100 brn|[from]move: U-turn
|-damage|p1a: Tyranitar|27/100 brn|[from] Stealth Rock
|move|p2a: Reuniclus|Recover|p2a: Reuniclus
|-heal|p2a: Reuniclus|100/100 par
|
|-weather|Sandstorm|[upkeep]
|-damage|p1a: Tyranitar|15/100 brn|[from] brn
|upkeep
|turn|24
|
|move|p1a: Tyranitar|Crunch|p2a: Reuniclus
|-supereffective|p2a: Reuniclus
|-damage|p2a: Reuniclus|72/100 par
|move|p2a: Reuniclus|Recover|p2a: Reuniclus
|-heal|p2a: Reuniclus|100/100 par
|
|-weather|Sandstorm|[upkeep]
|-damage|p1a: Tyranitar|2/100 brn|[from] brn
|upkeep
|turn|25
|
|move|p1a: Tyranitar|Crunch|p2a: Reuniclus
|-supereffective|p2a: Reuniclus
|-damage|p2a: Reuniclus|71/100 par
|-unboost|p2a: Reuniclus|def|1
|move|p2a: Reuniclus|Recover|p2a: Reuniclus
|-heal|p2a: Reuniclus|100/100 par
|
|-weather|Sandstorm|[upkeep]
|-damage|p1a: Tyranitar|0 fnt|[from] brn
|faint|p1a: Tyranitar
|upkeep
|
|switch|p1a: Landorus|Landorus-Therian, M|88/100
|-damage|p1a: Landorus|76/100|[from] Stealth Rock
|-ability|p1a: Landorus|Intimidate|boost
|-unboost|p2a: Reuniclus|atk|1
|turn|26
|
|move|p1a: Landorus|Earthquake|p2a: Reuniclus
|-damage|p2a: Reuniclus|50/100 par
|move|p2a: Reuniclus|Psychic|p1a: Landorus
|-damage|p1a: Landorus|0 fnt
|faint|p1a: Landorus
|
|-weather|Sandstorm|[upkeep]
|upkeep
|
|switch|p1a: Garchomp|Garchomp, M|100/100
|-damage|p1a: Garchomp|94/100|[from] Stealth Rock
|turn|27
|
|switch|p2a: Gyarados|Gyarados, M|100/100
|-ability|p2a: Gyarados|Intimidate|boost
|-unboost|p1a: Garchomp|atk|1
|move|p1a: Garchomp|Earthquake|p2a: Gyarados
|-immune|p2a: Gyarados
|
|-weather|Sandstorm|[upkeep]
|-damage|p2a: Gyarados|94/100|[from] Sandstorm
|upkeep
|turn|28
|
|switch|p1a: Rotom|Rotom-Wash|61/100
|-damage|p1a: Rotom|49/100|[from] Stealth Rock
|move|p2a: Gyarados|Waterfall|p1a: Rotom
|-resisted|p1a: Rotom
|-damage|p1a: Rotom|32/100
|
|-weather|Sandstorm|[upkeep]
|-damage|p1a: Rotom|26/100|[from] Sandstorm
|-damage|p2a: Gyarados|88/100|[from] Sandstorm
|-heal|p1a: Rotom|32/100|[from] item: Leftovers
|upkeep
|turn|29
|
|switch|p2a: Abomasnow|Abomasnow, M|48/100 brn
|-damage|p2a: Abomasnow|35/100 brn|[from] Spikes
|-weather|Hail|[from] ability: Snow Warning|[of] p2a: Abomasnow
|move|p1a: Rotom|Pain Split|p2a: Abomasnow
|-sethp|p2a: Abomasnow|32/100 brn|[from] move: Pain Split|[silent]
|-sethp|p1a: Rotom|34/100|[from] move: Pain Split
|
|-weather|Hail|[upkeep]
|-damage|p1a: Rotom|28/100|[from] Hail
|-heal|p2a: Abomasnow|39/100 brn|[from] item: Leftovers
|-heal|p1a: Rotom|34/100|[from] item: Leftovers
|-damage|p2a: Abomasnow|26/100 brn|[from] brn
|upkeep
|turn|30
|
|switch|p1a: Ferrothorn|Ferrothorn, F|100/100
|-damage|p1a: Ferrothorn|94/100|[from] Stealth Rock
|move|p2a: Abomasnow|Blizzard|p1a: Ferrothorn
|-damage|p1a: Ferrothorn|58/100
|
|-weather|Hail|[upkeep]
|-damage|p1a: Ferrothorn|52/100|[from] Hail
|-heal|p2a: Abomasnow|32/100 brn|[from] item: Leftovers
|-damage|p2a: Abomasnow|20/100 brn|[from] brn
|upkeep
|turn|31
|
|switch|p1a: Alakazam|Alakazam, F|100/100
|move|p2a: Abomasnow|Hidden Power|p1a: Alakazam
|-damage|p1a: Alakazam|70/100
|
|-weather|Hail|[upkeep]
|-heal|p2a: Abomasnow|26/100 brn|[from] item: Leftovers
|-damage|p2a: Abomasnow|14/100 brn|[from] brn
|upkeep
|turn|32
|
|switch|p2a: Jirachi|Jirachi|100/100
|-damage|p2a: Jirachi|88/100|[from] Spikes
|move|p1a: Alakazam|Psychic|p2a: Jirachi
|-resisted|p2a: Jirachi
|-damage|p2a: Jirachi|78/100
|
|-weather|Hail|[upkeep]
|-damage|p2a: Jirachi|72/100|[from] Hail
|-heal|p2a: Jirachi|78/100|[from] item: Leftovers
|upkeep
|turn|33
|
|switch|p1a: Garchomp|Garchomp, M|94/100
|-damage|p1a: Garchomp|88/100|[from] Stealth Rock
|move|p2a: Jirachi|Wish|p2a: Jirachi
|
|-weather|Hail|[upkeep]
|-damage|p1a: Garchomp|82/100|[from] Hail
|-damage|p2a: Jirachi|72/100|[from] Hail
|-heal|p2a: Jirachi|78/100|[from] item: Leftovers
|upkeep
|turn|34
|
|switch|p2a: Gyarados|Gyarados, M|88/100
|-ability|p2a: Gyarados|Intimidate|boost
|-unboost|p1a: Garchomp|atk|1
|move|p1a: Garchomp|Stealth Rock|p2a: Gyarados
|-sidestart|p2: NOSLEEPTILLBKLYN|move: Stealth Rock
|
|-weather|Hail|[upkeep]
|-damage|p1a: Garchomp|76/100|[from] Hail
|-damage|p2a: Gyarados|82/100|[from] Hail
|-heal|p2a: Gyarados|100/100|[from] move: Wish|[wisher] Jirachi
|upkeep
|turn|35
|
|switch|p1a: Ferrothorn|Ferrothorn, F|52/100
|-damage|p1a: Ferrothorn|46/100|[from] Stealth Rock
|switch|p2a: Donphan|Donphan, F|100/100
|-damage|p2a: Donphan|94/100|[from] Stealth Rock
|-damage|p2a: Donphan|82/100|[from] Spikes
|
|-weather|Hail|[upkeep]
|-damage|p2a: Donphan|75/100|[from] Hail
|-damage|p1a: Ferrothorn|39/100|[from] Hail
|-heal|p2a: Donphan|82/100|[from] item: Leftovers
|upkeep
|turn|36
|
|move|p2a: Donphan|Rapid Spin|p1a: Ferrothorn
|-resisted|p1a: Ferrothorn
|-damage|p1a: Ferrothorn|37/100
|-damage|p2a: Donphan|69/100|[from] ability: Iron Barbs|[of] p1a: Ferrothorn
|-sideend|p2: NOSLEEPTILLBKLYN|Spikes|[from] move: Rapid Spin|[of] p2a: Donphan
|-sideend|p2: NOSLEEPTILLBKLYN|Stealth Rock|[from] move: Rapid Spin|[of] p2a: Donphan
|move|p1a: Ferrothorn|Power Whip|p2a: Donphan
|-supereffective|p2a: Donphan
|-damage|p2a: Donphan|13/100
|
|-weather|Hail|[upkeep]
|-damage|p2a: Donphan|7/100|[from] Hail
|-damage|p1a: Ferrothorn|31/100|[from] Hail
|-heal|p2a: Donphan|13/100|[from] item: Leftovers
|upkeep
|turn|37
|
|move|p2a: Donphan|Earthquake|p1a: Ferrothorn
|-damage|p1a: Ferrothorn|0 fnt
|faint|p1a: Ferrothorn
|
|-weather|Hail|[upkeep]
|-damage|p2a: Donphan|7/100|[from] Hail
|-heal|p2a: Donphan|13/100|[from] item: Leftovers
|upkeep
|
|switch|p1a: Alakazam|Alakazam, F|70/100
|turn|38
|
|switch|p1a: Garchomp|Garchomp, M|76/100
|-damage|p1a: Garchomp|70/100|[from] Stealth Rock
|switch|p2a: Jirachi|Jirachi|78/100
|
|-weather|Hail|[upkeep]
|-damage|p1a: Garchomp|64/100|[from] Hail
|-damage|p2a: Jirachi|72/100|[from] Hail
|-heal|p2a: Jirachi|78/100|[from] item: Leftovers
|upkeep
|turn|39
|
|switch|p2a: Donphan|Donphan, F|13/100
|move|p1a: Garchomp|Stealth Rock|p2a: Donphan
|-sidestart|p2: NOSLEEPTILLBKLYN|move: Stealth Rock
|
|-weather|Hail|[upkeep]
|-damage|p1a: Garchomp|57/100|[from] Hail
|-damage|p2a: Donphan|7/100|[from] Hail
|-heal|p2a: Donphan|13/100|[from] item: Leftovers
|upkeep
|turn|40
|
|switch|p1a: Alakazam|Alakazam, F|70/100
|move|p2a: Donphan|Ice Shard|p1a: Alakazam
|-damage|p1a: Alakazam|31/100
|
|-weather|Hail|[upkeep]
|-damage|p2a: Donphan|7/100|[from] Hail
|-heal|p2a: Donphan|13/100|[from] item: Leftovers
|upkeep
|turn|41
|
|switch|p1a: Rotom|Rotom-Wash|34/100
|-damage|p1a: Rotom|22/100|[from] Stealth Rock
|move|p2a: Donphan|Ice Shard|p1a: Rotom
|-resisted|p1a: Rotom
|-damage|p1a: Rotom|15/100
|
|-weather|Hail|[upkeep]
|-damage|p1a: Rotom|9/100|[from] Hail
|-damage|p2a: Donphan|7/100|[from] Hail
|-heal|p1a: Rotom|15/100|[from] item: Leftovers
|-heal|p2a: Donphan|13/100|[from] item: Leftovers
|upkeep
|turn|42
|
|switch|p2a: Abomasnow|Abomasnow, M|14/100 brn
|-damage|p2a: Abomasnow|0 fnt|[from] Stealth Rock
|faint|p2a: Abomasnow
|move|p1a: Rotom|Hydro Pump|p2: Abomasnow|[notarget]
|-fail|p1a: Rotom
|
|-weather|Hail|[upkeep]
|-damage|p1a: Rotom|9/100|[from] Hail
|-heal|p1a: Rotom|15/100|[from] item: Leftovers
|upkeep
|inactive|NOSLEEPTILLBKLYN has 120 seconds left.
|
|switch|p2a: Ninetales|Ninetales, M|100/100
|-damage|p2a: Ninetales|76/100|[from] Stealth Rock
|-weather|SunnyDay|[from] ability: Drought|[of] p2a: Ninetales
|turn|43
|
|switch|p1a: Alakazam|Alakazam, F|31/100
|move|p2a: Ninetales|Flamethrower|p1a: Alakazam
|-damage|p1a: Alakazam|0 fnt
|faint|p1a: Alakazam
|
|-weather|SunnyDay|[upkeep]
|-heal|p2a: Ninetales|82/100|[from] item: Leftovers
|upkeep
|
|switch|p1a: Garchomp|Garchomp, M|57/100
|-damage|p1a: Garchomp|51/100|[from] Stealth Rock
|turn|44
|
|switch|p2a: Gyarados|Gyarados, M|100/100
|-damage|p2a: Gyarados|76/100|[from] Stealth Rock
|-ability|p2a: Gyarados|Intimidate|boost
|-unboost|p1a: Garchomp|atk|1
|move|p1a: Garchomp|Earthquake|p2a: Gyarados
|-immune|p2a: Gyarados
|
|-weather|SunnyDay|[upkeep]
|upkeep
|turn|45
|
|move|p1a: Garchomp|Draco Meteor|p2a: Gyarados
|-damage|p2a: Gyarados|13/100
|-unboost|p1a: Garchomp|spa|2
|-damage|p1a: Garchomp|41/100|[from] item: Life Orb
|move|p2a: Gyarados|Waterfall|p1a: Garchomp
|-damage|p1a: Garchomp|25/100
|-damage|p2a: Gyarados|0 fnt|[from] ability: Rough Skin|[of] p1a: Garchomp
|faint|p2a: Gyarados
|
|-weather|SunnyDay|[upkeep]
|upkeep
|
|switch|p2a: Donphan|Donphan, F|13/100
|-damage|p2a: Donphan|7/100|[from] Stealth Rock
|turn|46
|
|switch|p1a: Rotom|Rotom-Wash|15/100
|-damage|p1a: Rotom|2/100|[from] Stealth Rock
|move|p2a: Donphan|Ice Shard|p1a: Rotom
|-resisted|p1a: Rotom
|-damage|p1a: Rotom|0 fnt
|faint|p1a: Rotom
|
|-weather|SunnyDay|[upkeep]
|-heal|p2a: Donphan|13/100|[from] item: Leftovers
|upkeep
|
|switch|p1a: Garchomp|Garchomp, M|25/100
|-damage|p1a: Garchomp|19/100|[from] Stealth Rock
|turn|47
|
|move|p2a: Donphan|Ice Shard|p1a: Garchomp
|-supereffective|p1a: Garchomp
|-damage|p1a: Garchomp|0 fnt
|faint|p1a: Garchomp
|
|win|NOSLEEPTILLBKLYN
|c|☆kobepayne|gg
|c|☆NOSLEEPTILLBKLYN|gg
|raw|kobepayne's rating: 1640 &rarr; <strong>1621</strong><br />(-19 for losing)
|raw|NOSLEEPTILLBKLYN's rating: 1663 &rarr; <strong>1682</strong><br />(+19 for winning)
