|j|☆r3qqq
|j|‽Smiletoad
|player|p1|r3qqq|262
|player|p2|Smiletoad|101
|teamsize|p1|6
|teamsize|p2|6
|gametype|singles
|gen|5
|tier|[Gen 5] OU
|rated|
|rule|Sleep Clause Mod: Limit one foe put to sleep
|rule|Species Clause: Limit one of each Pokémon
|rule|OHKO Clause: OHKO moves are banned
|rule|Moody Clause: Moody is banned
|rule|Evasion Moves Clause: Evasion moves are banned
|rule|Endless Battle Clause: Forcing endless battles is banned
|rule|HP Percentage Mod: HP is shown in percentages
|rule|Evasion Abilities Clause: Evasion abilities are banned
|rule|Baton Pass Clause: Limit one Baton Passer, can't pass Spe and other stats simultaneously
|rule|Swagger Clause: Swagger is banned
|clearpoke
|poke|p1|Samurott, M|item
|poke|p1|Scrafty, M|item
|poke|p1|Archeops, M|item
|poke|p1|Ferrothorn, M|item
|poke|p1|Volcarona, M|item
|poke|p1|Kyurem-Black|item
|poke|p2|Hippowdon, M|item
|poke|p2|Amoonguss, M|item
|poke|p2|Hydreigon, F|item
|poke|p2|Keldeo|item
|poke|p2|Scizor, F|item
|poke|p2|Terrakion|item
|teampreview
|
|start
|switch|p1a: Samurott|Samurott, M|100/100
|switch|p2a: Hippowdon|Hippowdon, M|100/100
|-weather|Sandstorm|[from] ability: Sand Stream|[of] p2a: Hippowdon
|turn|1
|
|move|p1a: Samurott|Hydro Pump|p2a: Hippowdon
|-supereffective|p2a: Hippowdon
|-damage|p2a: Hippowdon|0 fnt
|-damage|p1a: Samurott|91/100|[from] item: Life Orb
|faint|p2a: Hippowdon
|
|-weather|Sandstorm|[upkeep]
|-damage|p1a: Samurott|85/100|[from] Sandstorm
|upkeep
|
|switch|p2a: Amoonguss|Amoonguss, M|100/100
|turn|2
|
|switch|p1a: Volcarona|Volcarona, M|100/100
|move|p2a: Amoonguss|Spore|p1a: Volcarona
|-status|p1a: Volcarona|slp|[from] move: Spore
|-enditem|p1a: Volcarona|Lum Berry|[eat]
|-curestatus|p1a: Volcarona|slp|[msg]
|
|-weather|Sandstorm|[upkeep]
|-damage|p1a: Volcarona|94/100|[from] Sandstorm
|-damage|p2a: Amoonguss|94/100|[from] Sandstorm
|-heal|p2a: Amoonguss|100/100|[from] item: Leftovers
|upkeep
|turn|3
|
|move|p1a: Volcarona|Fiery Dance|p2a: Amoonguss
|-supereffective|p2a: Amoonguss
|-damage|p2a: Amoonguss|35/100
|move|p2a: Amoonguss|Spore|p1a: Volcarona
|-status|p1a: Volcarona|slp|[from] move: Spore
|
|-weather|Sandstorm|[upkeep]
|-damage|p1a: Volcarona|88/100 slp|[from] Sandstorm
|-damage|p2a: Amoonguss|29/100|[from] Sandstorm
|-heal|p2a: Amoonguss|35/100|[from] item: Leftovers
|upkeep
|turn|4
|
|switch|p2a: Terrakion|Terrakion|100/100
|cant|p1a: Volcarona|slp
|
|-weather|Sandstorm|[upkeep]
|-damage|p1a: Volcarona|82/100 slp|[from] Sandstorm
|upkeep
|turn|5
|inactive|Battle timer is ON: inactive players will automatically lose when time's up. (requested by r3qqq)
|inactive|Smiletoad has 120 seconds left.
|
|move|p2a: Terrakion|Stone Edge|p1a: Volcarona
|-supereffective|p1a: Volcarona
|-damage|p1a: Volcarona|0 fnt
|faint|p1a: Volcarona
|
|-weather|Sandstorm|[upkeep]
|upkeep
|
|switch|p1a: Ferrothorn|Ferrothorn, M|100/100
|turn|6
|inactive|Smiletoad has 120 seconds left.
|
|switch|p2a: Scizor|Scizor, F|100/100
|move|p1a: Ferrothorn|Thunder Wave|p2a: Scizor
|-status|p2a: Scizor|par
|
|-weather|Sandstorm|[upkeep]
|upkeep
|turn|7
|
|switch|p1a: Samurott|Samurott, M|85/100
|move|p2a: Scizor|Swords Dance|p2a: Scizor
|-boost|p2a: Scizor|atk|2
|
|-weather|Sandstorm|[upkeep]
|-damage|p1a: Samurott|78/100|[from] Sandstorm
|upkeep
|turn|8
|
|move|p1a: Samurott|Hidden Power|p2a: Scizor
|-supereffective|p2a: Scizor
|-damage|p2a: Scizor|0 fnt
|-damage|p1a: Samurott|69/100|[from] item: Life Orb
|faint|p2a: Scizor
|
|-weather|Sandstorm|[upkeep]
|-damage|p1a: Samurott|62/100|[from] Sandstorm
|upkeep
|
|switch|p2a: Terrakion|Terrakion|100/100
|turn|9
|
|move|p2a: Terrakion|Close Combat|p1a: Samurott
|-damage|p1a: Samurott|1/100
|-unboost|p2a: Terrakion|def|1
|-unboost|p2a: Terrakion|spd|1
|move|p1a: Samurott|Grass Knot|p2a: Terrakion
|-supereffective|p2a: Terrakion
|-crit|p2a: Terrakion
|-damage|p2a: Terrakion|0 fnt
|-damage|p1a: Samurott|0 fnt|[from] item: Life Orb
|faint|p2a: Terrakion
|faint|p1a: Samurott
|
|-weather|Sandstorm|[upkeep]
|upkeep
|
|switch|p2a: Keldeo|Keldeo|100/100
|switch|p1a: Kyurem|Kyurem-Black|100/100
|-ability|p1a: Kyurem|Teravolt
|turn|10
|
|move|p1a: Kyurem|Outrage|p2a: Keldeo
|-crit|p2a: Keldeo
|-damage|p2a: Keldeo|0 fnt
|faint|p2a: Keldeo
|
|-weather|Sandstorm|[upkeep]
|-damage|p1a: Kyurem|94/100|[from] Sandstorm
|upkeep
|-message|Smiletoad forfeited.
|
|win|r3qqq
|l|‽Smiletoad
|raw|r3qqq's rating: 1376 &rarr; <strong>1394</strong><br />(+18 for winning)
|raw|Smiletoad's rating: 1344 &rarr; <strong>1326</strong><br />(-18 for losing)
