|j|☆h4v0ckn1ght
|j|☆leoperi99
|t:|1708124331
|gametype|singles
|player|p1|h4v0ckn1ght|266|1417
|player|p2|leoperi99|roxie-masters|1502
|teamsize|p1|6
|teamsize|p2|6
|gen|5
|tier|[Gen 5] OU
|rated|
|rule|Species Clause: Limit one of each Pokémon
|rule|OHKO Clause: OHKO moves are banned
|rule|Moody Clause: Moody is banned
|rule|Evasion Items Clause: Evasion items are banned
|rule|Evasion Moves Clause: Evasion moves are banned
|rule|Endless Battle Clause: Forcing endless battles is banned
|rule|HP Percentage Mod: HP is shown in percentages
|rule|Evasion Abilities Clause: Evasion abilities are banned
|rule|Sleep Moves Clause: Sleep-inducing moves are banned
|rule|Swagger Clause: Swagger is banned
|rule|Baton Pass Stat Clause: No Baton Passer may have a way to boost its stats
|clearpoke
|poke|p1|Ninetales, F|item
|poke|p1|Excadrill, M|item
|poke|p1|Xatu, F|item
|poke|p1|Volcarona, M|item
|poke|p1|Cresselia, F|item
|poke|p1|Chansey, F|item
|poke|p2|Excadrill, M|item
|poke|p2|Politoed, F|item
|poke|p2|Ferrothorn, M|item
|poke|p2|Keldeo|item
|poke|p2|Starmie|item
|poke|p2|Thundurus-Therian, M|item
|teampreview
|inactive|Battle timer is ON: inactive players will automatically lose when time's up. (requested by h4v0ckn1ght)
|c|☆h4v0ckn1ght|hf
|inactive|leoperi99 has 120 seconds left.
|c|☆leoperi99|glhf
|
|t:|1708124391
|start
|switch|p1a: Chansey|Chansey, F, shiny|100/100
|switch|p2a: Politoed|Politoed, F|100/100
|-weather|RainDance|[from] ability: Drizzle|[of] p2a: Politoed
|turn|1
|
|t:|1708124408
|move|p2a: Politoed|Scald|p1a: Chansey
|-damage|p1a: Chansey|88/100
|move|p1a: Chansey|Seismic Toss|p2a: Politoed
|-damage|p2a: Politoed|74/100
|
|-weather|RainDance|[upkeep]
|-heal|p2a: Politoed|81/100|[from] item: Leftovers
|upkeep
|turn|2
|
|t:|1708124413
|move|p2a: Politoed|Protect|p2a: Politoed
|-singleturn|p2a: Politoed|Protect
|move|p1a: Chansey|Toxic|p2a: Politoed
|-activate|p2a: Politoed|move: Protect
|
|-weather|RainDance|[upkeep]
|-heal|p2a: Politoed|87/100|[from] item: Leftovers
|upkeep
|turn|3
|
|t:|1708124416
|switch|p2a: Excadrill|Excadrill, M, shiny|100/100
|-ability|p2a: Excadrill|Mold Breaker
|move|p1a: Chansey|Seismic Toss|p2a: Excadrill
|-damage|p2a: Excadrill|73/100
|
|-weather|RainDance|[upkeep]
|upkeep
|turn|4
|
|t:|1708124423
|switch|p1a: Xatu|Xatu, F, shiny|100/100
|move|p2a: Excadrill|Iron Head|p1a: Xatu
|-crit|p1a: Xatu
|-damage|p1a: Xatu|7/100
|-damage|p2a: Excadrill|56/100|[from] item: Rocky Helmet|[of] p1a: Xatu
|
|-weather|RainDance|[upkeep]
|upkeep
|turn|5
|c|☆h4v0ckn1ght|ouch
|
|t:|1708124436
|switch|p1a: Volcarona|Volcarona, M, shiny|100/100
|move|p2a: Excadrill|Iron Head|p1a: Volcarona
|-resisted|p1a: Volcarona
|-damage|p1a: Volcarona|79/100
|
|-weather|RainDance|[upkeep]
|-heal|p1a: Volcarona|86/100|[from] item: Leftovers
|upkeep
|turn|6
|
|t:|1708124448
|switch|p2a: Politoed|Politoed, F|87/100
|move|p1a: Volcarona|Quiver Dance|p1a: Volcarona
|-boost|p1a: Volcarona|spa|1
|-boost|p1a: Volcarona|spd|1
|-boost|p1a: Volcarona|spe|1
|
|-weather|RainDance|[upkeep]
|-heal|p1a: Volcarona|92/100|[from] item: Leftovers
|-heal|p2a: Politoed|93/100|[from] item: Leftovers
|upkeep
|turn|7
|
|t:|1708124452
|move|p1a: Volcarona|Quiver Dance|p1a: Volcarona
|-boost|p1a: Volcarona|spa|1
|-boost|p1a: Volcarona|spd|1
|-boost|p1a: Volcarona|spe|1
|move|p2a: Politoed|Encore|p1a: Volcarona
|-start|p1a: Volcarona|Encore
|
|-weather|RainDance|[upkeep]
|-heal|p1a: Volcarona|98/100|[from] item: Leftovers
|-heal|p2a: Politoed|99/100|[from] item: Leftovers
|upkeep
|turn|8
|
|t:|1708124458
|switch|p2a: Excadrill|Excadrill, M, shiny|56/100
|-ability|p2a: Excadrill|Mold Breaker
|move|p1a: Volcarona|Quiver Dance|p1a: Volcarona
|-boost|p1a: Volcarona|spa|1
|-boost|p1a: Volcarona|spd|1
|-boost|p1a: Volcarona|spe|1
|
|-weather|RainDance|[upkeep]
|-heal|p1a: Volcarona|100/100|[from] item: Leftovers
|upkeep
|turn|9
|
|t:|1708124460
|switch|p1a: Xatu|Xatu, F, shiny|7/100
|move|p2a: Excadrill|Rock Slide|p1a: Xatu
|-supereffective|p1a: Xatu
|-damage|p1a: Xatu|0 fnt
|faint|p1a: Xatu
|
|-weather|RainDance|[upkeep]
|upkeep
|
|t:|1708124468
|switch|p1a: Volcarona|Volcarona, M, shiny|100/100
|turn|10
|
|t:|1708124471
|move|p2a: Excadrill|Rock Slide|p1a: Volcarona
|-supereffective|p1a: Volcarona
|-damage|p1a: Volcarona|0 fnt
|faint|p1a: Volcarona
|
|-weather|RainDance|[upkeep]
|upkeep
|
|t:|1708124474
|switch|p1a: Eternal|Ninetales, F, shiny|100/100
|-weather|SunnyDay|[from] ability: Drought|[of] p1a: Eternal
|turn|11
|
|t:|1708124477
|switch|p2a: Politoed|Politoed, F|99/100
|-weather|RainDance|[from] ability: Drizzle|[of] p2a: Politoed
|move|p1a: Eternal|Flamethrower|p2a: Politoed
|-resisted|p2a: Politoed
|-damage|p2a: Politoed|93/100
|
|-weather|RainDance|[upkeep]
|-heal|p2a: Politoed|99/100|[from] item: Leftovers
|upkeep
|turn|12
|-message|h4v0ckn1ght forfeited.
|
|win|leoperi99
|raw|h4v0ckn1ght's rating: 1417 &rarr; <strong>1402</strong><br />(-15 for losing)
|raw|leoperi99's rating: 1502 &rarr; <strong>1517</strong><br />(+15 for winning)
|c|☆h4v0ckn1ght|gg
|c|☆leoperi99|gg
