|j|☆radaty
|j|☆Pythagorean Python
|t:|1598225105
|player|p1|radaty|102|1432
|player|p2|Pythagorean Python|159|1481
|teamsize|p1|6
|teamsize|p2|6
|gametype|singles
|gen|5
|tier|[Gen 5] OU
|rated|
|clearpoke
|poke|p1|Politoed, M|item
|poke|p1|Ferrothorn, M|item
|poke|p1|Tornadus, M|item
|poke|p1|Toxicroak, F|item
|poke|p1|Thundurus-Therian, M|item
|poke|p1|Tentacruel, M|item
|poke|p2|Salamence, M|item
|poke|p2|Garchomp, F|item
|poke|p2|Meloetta|item
|poke|p2|Raikou|item
|poke|p2|Mienshao, F|item
|poke|p2|Jirachi|item
|rule|Species Clause: Limit one of each Pokémon
|rule|OHKO Clause: OHKO moves are banned
|rule|Moody Clause: Moody is banned
|rule|Evasion Moves Clause: Evasion moves are banned
|rule|Endless Battle Clause: Forcing endless battles is banned
|rule|HP Percentage Mod: HP is shown in percentages
|rule|Evasion Abilities Clause: Evasion abilities are banned
|rule|Baton Pass Clause: Limit one Baton Passer, can't pass Spe and other stats simultaneously
|rule|Sleep Clause: Sleep-inducing moves are banned
|rule|Swagger Clause: Swagger is banned
|teampreview
|j| Kadi Marik
|
|t:|1598225132
|start
|switch|p1a: Politoed|Politoed, M|100/100
|switch|p2a: Raikou|Raikou|100/100
|-ability|p2a: Raikou|Pressure
|-weather|RainDance|[from] ability: Drizzle|[of] p1a: Politoed
|turn|1
|inactive|Battle timer is ON: inactive players will automatically lose when time's up. (requested by Pythagorean Python)
|
|t:|1598225136
|switch|p1a: Ferrothorn|Ferrothorn, M|100/100
|move|p2a: Raikou|Volt Switch|p1a: Ferrothorn
|-resisted|p1a: Ferrothorn
|-damage|p1a: Ferrothorn|90/100
|
|t:|1598225139
|switch|p2a: Mienshao|Mienshao, F|100/100|[from]move: Volt Switch
|
|-weather|RainDance|[upkeep]
|-heal|p1a: Ferrothorn|97/100|[from] item: Leftovers
|upkeep
|turn|2
|
|t:|1598225144
|move|p2a: Mienshao|High Jump Kick|p1a: Ferrothorn
|-supereffective|p1a: Ferrothorn
|-damage|p1a: Ferrothorn|0 fnt
|-damage|p2a: Mienshao|88/100|[from] ability: Iron Barbs|[of] p1a: Ferrothorn
|faint|p1a: Ferrothorn
|
|-weather|RainDance|[upkeep]
|upkeep
|
|t:|1598225147
|switch|p1a: Tornadus|Tornadus, M|100/100
|turn|3
|j| serpentazze
|
|t:|1598225153
|switch|p2a: Jirachi|Jirachi|100/100
|move|p1a: Tornadus|Hurricane|p2a: Jirachi
|-resisted|p2a: Jirachi
|-damage|p2a: Jirachi|56/100
|-start|p2a: Jirachi|confusion
|
|-weather|RainDance|[upkeep]
|-heal|p2a: Jirachi|62/100|[from] item: Leftovers
|upkeep
|turn|4
|
|t:|1598225159
|move|p1a: Tornadus|Hurricane|p2a: Jirachi
|-resisted|p2a: Jirachi
|-damage|p2a: Jirachi|15/100
|-activate|p2a: Jirachi|confusion
|move|p2a: Jirachi|Stealth Rock|p1a: Tornadus
|-sidestart|p1: radaty|move: Stealth Rock
|
|-weather|RainDance|[upkeep]
|-heal|p2a: Jirachi|21/100|[from] item: Leftovers
|upkeep
|turn|5
|
|t:|1598225168
|move|p1a: Tornadus|Hurricane|p2a: Jirachi
|-resisted|p2a: Jirachi
|-damage|p2a: Jirachi|0 fnt
|faint|p2a: Jirachi
|
|-weather|RainDance|[upkeep]
|upkeep
|
|t:|1598225175
|switch|p2a: Raikou|Raikou|100/100
|-ability|p2a: Raikou|Pressure
|turn|6
|
|t:|1598225179
|switch|p1a: Thundurus|Thundurus-Therian, M|100/100
|-damage|p1a: Thundurus|76/100|[from] Stealth Rock
|move|p2a: Raikou|Volt Switch|p1a: Thundurus
|-heal|p1a: Thundurus|100/100|[from] ability: Volt Absorb|[of] p2a: Raikou
|
|-weather|RainDance|[upkeep]
|upkeep
|turn|7
|
|t:|1598225191
|move|p1a: Thundurus|Dark Pulse|p2a: Raikou
|-damage|p2a: Raikou|64/100
|move|p2a: Raikou|Hidden Power|p1a: Thundurus
|-supereffective|p1a: Thundurus
|-damage|p1a: Thundurus|36/100
|
|-weather|RainDance|[upkeep]
|upkeep
|turn|8
|
|t:|1598225197
|move|p1a: Thundurus|Dark Pulse|p2a: Raikou
|-damage|p2a: Raikou|30/100
|move|p2a: Raikou|Hidden Power|p1a: Thundurus
|-supereffective|p1a: Thundurus
|-damage|p1a: Thundurus|0 fnt
|faint|p1a: Thundurus
|
|-weather|RainDance|[upkeep]
|upkeep
|
|t:|1598225203
|switch|p1a: Tornadus|Tornadus, M|100/100
|-damage|p1a: Tornadus|76/100|[from] Stealth Rock
|turn|9
|
|t:|1598225209
|switch|p2a: Meloetta|Meloetta|100/100
|move|p1a: Tornadus|Hurricane|p2a: Meloetta
|-damage|p2a: Meloetta|42/100
|
|-weather|RainDance|[upkeep]
|-heal|p2a: Meloetta|48/100|[from] item: Leftovers
|upkeep
|turn|10
|
|t:|1598225214
|move|p1a: Tornadus|Hurricane|p2a: Meloetta
|-damage|p2a: Meloetta|0 fnt
|faint|p2a: Meloetta
|
|-weather|RainDance|[upkeep]
|upkeep
|
|t:|1598225216
|switch|p2a: Garchomp|Garchomp, F|100/100
|turn|11
|
|t:|1598225220
|move|p2a: Garchomp|Outrage|p1a: Tornadus
|-damage|p1a: Tornadus|0 fnt
|faint|p1a: Tornadus
|
|-weather|RainDance|[upkeep]
|upkeep
|
|t:|1598225224
|switch|p1a: Politoed|Politoed, M|100/100
|-damage|p1a: Politoed|88/100|[from] Stealth Rock
|turn|12
|
|t:|1598225226
|move|p2a: Garchomp|Outrage|p1a: Politoed|[from]lockedmove
|-damage|p1a: Politoed|44/100
|-start|p2a: Garchomp|confusion|[fatigue]
|move|p1a: Politoed|Ice Beam|p2a: Garchomp
|-supereffective|p2a: Garchomp
|-damage|p2a: Garchomp|10/100
|
|-weather|RainDance|[upkeep]
|-heal|p1a: Politoed|50/100|[from] item: Leftovers
|upkeep
|turn|13
|
|t:|1598225234
|switch|p2a: Mienshao|Mienshao, F|88/100
|move|p1a: Politoed|Protect||[still]
|-fail|p1a: Politoed
|
|-weather|RainDance|[upkeep]
|-heal|p1a: Politoed|56/100|[from] item: Leftovers
|upkeep
|turn|14
|
|t:|1598225240
|move|p1a: Politoed|Protect|p1a: Politoed
|-singleturn|p1a: Politoed|Protect
|move|p2a: Mienshao|U-turn|p1a: Politoed
|-activate|p1a: Politoed|move: Protect
|
|-weather|RainDance|[upkeep]
|-heal|p1a: Politoed|63/100|[from] item: Leftovers
|upkeep
|turn|15
|
|t:|1598225244
|move|p2a: Mienshao|High Jump Kick|p1a: Politoed
|-damage|p1a: Politoed|0 fnt
|faint|p1a: Politoed
|
|-weather|RainDance|[upkeep]
|upkeep
|
|t:|1598225251
|switch|p1a: Tentacruel|Tentacruel, M|100/100
|-damage|p1a: Tentacruel|88/100|[from] Stealth Rock
|turn|16
|
|t:|1598225266
|move|p2a: Mienshao|High Jump Kick|p1a: Tentacruel
|-resisted|p1a: Tentacruel
|-damage|p1a: Tentacruel|48/100
|move|p1a: Tentacruel|Scald|p2a: Mienshao
|-damage|p2a: Mienshao|17/100
|
|-weather|RainDance|[upkeep]
|-heal|p1a: Tentacruel|54/100|[from] ability: Rain Dish
|-heal|p1a: Tentacruel|61/100|[from] item: Black Sludge
|upkeep
|turn|17
|
|t:|1598225273
|move|p2a: Mienshao|High Jump Kick|p1a: Tentacruel
|-resisted|p1a: Tentacruel
|-damage|p1a: Tentacruel|24/100
|move|p1a: Tentacruel|Scald|p2a: Mienshao
|-crit|p2a: Mienshao
|-damage|p2a: Mienshao|0 fnt
|faint|p2a: Mienshao
|
|-weather|RainDance|[upkeep]
|-heal|p1a: Tentacruel|30/100|[from] ability: Rain Dish
|-heal|p1a: Tentacruel|36/100|[from] item: Black Sludge
|upkeep
|
|t:|1598225278
|switch|p2a: Garchomp|Garchomp, F|10/100
|turn|18
|
|t:|1598225281
|move|p2a: Garchomp|Earthquake|p1a: Tentacruel
|-supereffective|p1a: Tentacruel
|-damage|p1a: Tentacruel|0 fnt
|faint|p1a: Tentacruel
|
|-weather|RainDance|[upkeep]
|upkeep
|
|t:|1598225282
|switch|p1a: Toxicroak|Toxicroak, F|100/100
|-damage|p1a: Toxicroak|94/100|[from] Stealth Rock
|turn|19
|
|t:|1598225286
|move|p1a: Toxicroak|Sucker Punch|p2a: Garchomp
|-damage|p2a: Garchomp|0 fnt
|-damage|p1a: Toxicroak|82/100|[from] ability: Rough Skin|[of] p2a: Garchomp
|faint|p2a: Garchomp
|
|-weather|RainDance|[upkeep]
|-heal|p1a: Toxicroak|94/100|[from] ability: Dry Skin
|-heal|p1a: Toxicroak|100/100|[from] item: Black Sludge
|upkeep
|
|t:|1598225291
|switch|p2a: Raikou|Raikou|30/100
|-ability|p2a: Raikou|Pressure
|turn|20
|
|t:|1598225296
|move|p2a: Raikou|Thunderbolt|p1a: Toxicroak
|-damage|p1a: Toxicroak|24/100
|move|p1a: Toxicroak|Drain Punch|p2a: Raikou
|-damage|p2a: Raikou|0 fnt
|-heal|p1a: Toxicroak|39/100|[from] drain|[of] p2a: Raikou
|faint|p2a: Raikou
|
|-weather|RainDance|[upkeep]
|-heal|p1a: Toxicroak|51/100|[from] ability: Dry Skin
|-heal|p1a: Toxicroak|57/100|[from] item: Black Sludge
|upkeep
|
|t:|1598225300
|switch|p2a: Salamence|Salamence, M|100/100
|-ability|p2a: Salamence|Intimidate|boost
|-unboost|p1a: Toxicroak|atk|1
|turn|21
|c|☆Pythagorean Python|gg
|
|t:|1598225306
|move|p2a: Salamence|Draco Meteor|p1a: Toxicroak
|-damage|p1a: Toxicroak|0 fnt
|-unboost|p2a: Salamence|spa|2
|faint|p1a: Toxicroak
|
|win|Pythagorean Python
|l|☆radaty
|raw|radaty's rating: 1432 &rarr; <strong>1414</strong><br />(-18 for losing)
|raw|Pythagorean Python's rating: 1465 &rarr; <strong>1483</strong><br />(+18 for winning)
