|j|☆Seanb143
|j|☆TheHaxSupreme
|t:|1738021984
|gametype|singles
|player|p1|Seanb143|emmet|1400
|player|p2|TheHaxSupreme|biker-gen4|1294
|teamsize|p1|6
|teamsize|p2|6
|gen|5
|tier|[Gen 5] OU
|rated|
|rule|Species Clause: Limit one of each Pokémon
|rule|OHKO Clause: OHKO moves are banned
|rule|Moody Clause: Moody is banned
|rule|Evasion Items Clause: Evasion items are banned
|rule|Evasion Moves Clause: Evasion moves are banned
|rule|Endless Battle Clause: Forcing endless battles is banned
|rule|HP Percentage Mod: HP is shown in percentages
|rule|Evasion Abilities Clause: Evasion abilities are banned
|rule|Sleep Moves Clause: Sleep-inducing moves are banned
|rule|Swagger Clause: Swagger is banned
|rule|Baton Pass Stat Clause: No Baton Passer may have a way to boost its stats
|clearpoke
|poke|p1|Jellicent, F|item
|poke|p1|Scizor, F|item
|poke|p1|Starmie|item
|poke|p1|Heatran, F|item
|poke|p1|Ninetales, M|item
|poke|p1|Landorus-Therian, M|item
|poke|p2|Alakazam, M|item
|poke|p2|Landorus-Therian, M|item
|poke|p2|Terrakion|item
|poke|p2|Salamence, M|item
|poke|p2|Scizor, F|item
|poke|p2|Latios, M|item
|teampreview
|inactive|Battle timer is ON: inactive players will automatically lose when time's up. (requested by TheHaxSupreme)
|inactive|Seanb143 also wants the timer to be on.
|
|t:|1738022014
|start
|switch|p1a: Landorus|Landorus-Therian, M, shiny|100/100
|switch|p2a: Actually OU!|Landorus-Therian, M|100/100
|-ability|p2a: Actually OU!|Intimidate|boost
|-unboost|p1a: Landorus|atk|1
|-ability|p1a: Landorus|Intimidate|boost
|-unboost|p2a: Actually OU!|atk|1
|turn|1
|
|t:|1738022023
|switch|p2a: PU|Terrakion, shiny|100/100
|move|p1a: Landorus|Stone Edge|p2a: PU
|-resisted|p2a: PU
|-damage|p2a: PU|77/100
|
|upkeep
|turn|2
|
|t:|1738022029
|switch|p1a: Heatran|Heatran, F, shiny|100/100
|move|p2a: PU|Stealth Rock|p1a: Heatran
|-sidestart|p1: Seanb143|move: Stealth Rock
|
|upkeep
|turn|3
|
|t:|1738022031
|move|p2a: PU|Close Combat|p1a: Heatran
|-supereffective|p1a: Heatran
|-damage|p1a: Heatran|0 fnt
|-unboost|p2a: PU|def|1
|-unboost|p2a: PU|spd|1
|faint|p1a: Heatran
|
|upkeep
|
|t:|1738022035
|switch|p1a: Starmie|Starmie, shiny|100/100
|-damage|p1a: Starmie|88/100|[from] Stealth Rock
|-item|p1a: Starmie|Air Balloon
|turn|4
|
|t:|1738022042
|switch|p2a: UU (I think)|Scizor, F|100/100
|move|p1a: Starmie|Hydro Pump|p2a: UU (I think)
|-damage|p2a: UU (I think)|15/100
|
|upkeep
|turn|5
|
|t:|1738022045
|move|p2a: UU (I think)|Bullet Punch|p1a: Starmie
|-resisted|p1a: Starmie
|-damage|p1a: Starmie|57/100
|-enditem|p1a: Starmie|Air Balloon
|-damage|p2a: UU (I think)|5/100|[from] item: Life Orb
|move|p1a: Starmie|Hydro Pump|p2a: UU (I think)
|-damage|p2a: UU (I think)|0 fnt
|faint|p2a: UU (I think)
|
|upkeep
|
|t:|1738022049
|switch|p2a: RU|Salamence, M|100/100
|turn|6
|
|t:|1738022054
|move|p2a: RU|Dragon Claw|p1a: Starmie
|-damage|p1a: Starmie|0 fnt
|faint|p1a: Starmie
|-ability|p2a: RU|Moxie|boost
|-boost|p2a: RU|atk|1
|
|upkeep
|
|t:|1738022057
|switch|p1a: Scizor|Scizor, F, shiny|100/100
|-damage|p1a: Scizor|88/100|[from] Stealth Rock
|turn|7
|
|t:|1738022059
|move|p2a: RU|Dragon Claw|p1a: Scizor
|-resisted|p1a: Scizor
|-damage|p1a: Scizor|49/100
|move|p1a: Scizor|Pursuit|p2a: RU
|-damage|p2a: RU|75/100
|
|upkeep
|turn|8
|
|t:|1738022062
|move|p2a: RU|Dragon Claw|p1a: Scizor
|-resisted|p1a: Scizor
|-damage|p1a: Scizor|13/100
|move|p1a: Scizor|Pursuit|p2a: RU
|-damage|p2a: RU|47/100
|
|upkeep
|turn|9
|
|t:|1738022066
|switch|p1a: Landorus|Landorus-Therian, M, shiny|100/100
|-damage|p1a: Landorus|88/100|[from] Stealth Rock
|-ability|p1a: Landorus|Intimidate|boost
|-unboost|p2a: RU|atk|1
|move|p2a: RU|Dragon Claw|p1a: Landorus
|-damage|p1a: Landorus|35/100
|
|upkeep
|turn|10
|
|t:|1738022068
|move|p2a: RU|Dragon Claw|p1a: Landorus
|-damage|p1a: Landorus|0 fnt
|faint|p1a: Landorus
|-ability|p2a: RU|Moxie|boost
|-boost|p2a: RU|atk|1
|
|upkeep
|
|t:|1738022070
|switch|p1a: Scizor|Scizor, F, shiny|13/100
|-damage|p1a: Scizor|1/100|[from] Stealth Rock
|turn|11
|
|t:|1738022073
|switch|p2a: PU|Terrakion, shiny|77/100
|move|p1a: Scizor|Bullet Punch|p2a: PU
|-supereffective|p2a: PU
|-damage|p2a: PU|4/100
|
|upkeep
|turn|12
|
|t:|1738022077
|move|p1a: Scizor|Bullet Punch|p2a: PU
|-supereffective|p2a: PU
|-damage|p2a: PU|0 fnt
|faint|p2a: PU
|
|upkeep
|
|t:|1738022078
|switch|p2a: Actually OU!|Landorus-Therian, M|100/100
|-ability|p2a: Actually OU!|Intimidate|boost
|-unboost|p1a: Scizor|atk|1
|turn|13
|
|t:|1738022081
|move|p1a: Scizor|Bullet Punch|p2a: Actually OU!
|-damage|p2a: Actually OU!|74/100
|move|p2a: Actually OU!|Earthquake|p1a: Scizor
|-damage|p1a: Scizor|0 fnt
|faint|p1a: Scizor
|
|upkeep
|
|t:|1738022083
|switch|p1a: Ninetales|Ninetales, M, shiny|100/100
|-damage|p1a: Ninetales|76/100|[from] Stealth Rock
|-weather|SunnyDay|[from] ability: Drought|[of] p1a: Ninetales
|turn|14
|
|t:|1738022085
|move|p1a: Ninetales|Hidden Power|p2a: Actually OU!
|-supereffective|p2a: Actually OU!
|-damage|p2a: Actually OU!|0 fnt
|faint|p2a: Actually OU!
|
|-weather|SunnyDay|[upkeep]
|-heal|p1a: Ninetales|82/100|[from] item: Leftovers
|upkeep
|
|t:|1738022097
|switch|p2a: RU|Salamence, M|47/100
|turn|15
|
|t:|1738022100
|move|p2a: RU|Outrage|p1a: Ninetales
|-damage|p1a: Ninetales|0 fnt
|faint|p1a: Ninetales
|-ability|p2a: RU|Moxie|boost
|-boost|p2a: RU|atk|1
|
|-weather|SunnyDay|[upkeep]
|upkeep
|
|t:|1738022103
|switch|p1a: Jellicent|Jellicent, F, shiny|100/100
|-damage|p1a: Jellicent|88/100|[from] Stealth Rock
|turn|16
|
|t:|1738022105
|move|p2a: RU|Outrage|p1a: Jellicent|[from] lockedmove
|-damage|p1a: Jellicent|0 fnt
|faint|p1a: Jellicent
|-ability|p2a: RU|Moxie|boost
|-boost|p2a: RU|atk|1
|
|win|TheHaxSupreme
|raw|Seanb143's rating: 1400 &rarr; <strong>1374</strong><br />(-26 for losing)
|raw|TheHaxSupreme's rating: 1294 &rarr; <strong>1326</strong><br />(+32 for winning)
