|html|<div class="broadcast-blue"><strong>[Gen 5] OU is currently suspecting Volcarona & Cloyster! For information on how to participate check out the <a href="https://www.smogon.com/forums/threads/re-cloyster-volcarona-in-bw-ou-survey-post-29.3731863/page-2#post-9904362">suspect thread</a>.</strong></div>
|j|☆sniping bwvcs
|j|☆tujiejie
|t:|1704385549
|gametype|singles
|player|p1|sniping bwvcs|2|1433
|player|p2|tujiejie|cynthia-gen4|1399
|teamsize|p1|6
|teamsize|p2|6
|gen|5
|tier|[Gen 5] OU
|rated|
|rule|Species Clause: Limit one of each Pokémon
|rule|OHKO Clause: OHKO moves are banned
|rule|Moody Clause: Moody is banned
|rule|Evasion Items Clause: Evasion items are banned
|rule|Evasion Moves Clause: Evasion moves are banned
|rule|Endless Battle Clause: Forcing endless battles is banned
|rule|HP Percentage Mod: HP is shown in percentages
|rule|Evasion Abilities Clause: Evasion abilities are banned
|rule|Sleep Moves Clause: Sleep-inducing moves are banned
|rule|Swagger Clause: Swagger is banned
|rule|Baton Pass Stat Clause: No Baton Passer may have a way to boost its stats
|clearpoke
|poke|p1|Chansey, F|item
|poke|p1|Cresselia, F|item
|poke|p1|Ninetales, F|item
|poke|p1|Volcarona, M|item
|poke|p1|Donphan, F|item
|poke|p1|Heatran, F|item
|poke|p2|Excadrill, M|item
|poke|p2|Staraptor, M|item
|poke|p2|Honchkrow, M|item
|poke|p2|Magnezone|item
|poke|p2|Landorus-Therian, M|item
|poke|p2|Hydreigon, M|item
|teampreview
|
|t:|1704385565
|start
|switch|p1a: Ninetales|Ninetales, F|100/100
|switch|p2a: Landorus|Landorus-Therian, M|100/100
|-ability|p2a: Landorus|Intimidate|boost
|-unboost|p1a: Ninetales|atk|1
|-weather|SunnyDay|[from] ability: Drought|[of] p1a: Ninetales
|turn|1
|
|t:|1704385579
|move|p2a: Landorus|Earthquake|p1a: Ninetales
|-supereffective|p1a: Ninetales
|-damage|p1a: Ninetales|0 fnt
|faint|p1a: Ninetales
|
|-weather|SunnyDay|[upkeep]
|upkeep
|
|t:|1704385586
|switch|p1a: Chansey|Chansey, F|100/100
|turn|2
|
|t:|1704385589
|move|p2a: Landorus|Earthquake|p1a: Chansey
|-damage|p1a: Chansey|66/100
|move|p1a: Chansey|Stealth Rock|p2a: Landorus
|-sidestart|p2: tujiejie|move: Stealth Rock
|
|-weather|SunnyDay|[upkeep]
|upkeep
|turn|3
|inactive|Battle timer is ON: inactive players will automatically lose when time's up. (requested by tujiejie)
|
|t:|1704385611
|switch|p2a: Excadrill|Excadrill, M, shiny|100/100
|-damage|p2a: Excadrill|97/100|[from] Stealth Rock
|-ability|p2a: Excadrill|Mold Breaker
|move|p1a: Chansey|Soft-Boiled|p1a: Chansey
|-heal|p1a: Chansey|100/100
|
|-weather|SunnyDay|[upkeep]
|upkeep
|turn|4
|
|t:|1704385633
|switch|p1a: Volcarona|Volcarona, M|100/100
|move|p2a: Excadrill|Stealth Rock|p1a: Volcarona
|-sidestart|p1: sniping bwvcs|move: Stealth Rock
|
|-weather|SunnyDay|[upkeep]
|upkeep
|turn|5
|
|t:|1704385645
|move|p2a: Excadrill|Rapid Spin|p1a: Volcarona
|-crit|p1a: Volcarona
|-damage|p1a: Volcarona|90/100
|-sideend|p2: tujiejie|Stealth Rock|[from] move: Rapid Spin|[of] p2a: Excadrill
|move|p1a: Volcarona|Quiver Dance|p1a: Volcarona
|-boost|p1a: Volcarona|spa|1
|-boost|p1a: Volcarona|spd|1
|-boost|p1a: Volcarona|spe|1
|
|-weather|SunnyDay|[upkeep]
|-heal|p1a: Volcarona|96/100|[from] item: Leftovers
|upkeep
|turn|6
|
|t:|1704385650
|move|p1a: Volcarona|Flamethrower|p2a: Excadrill
|-supereffective|p2a: Excadrill
|-damage|p2a: Excadrill|0 fnt
|faint|p2a: Excadrill
|
|-weather|SunnyDay|[upkeep]
|-heal|p1a: Volcarona|100/100|[from] item: Leftovers
|upkeep
|
|t:|1704385654
|switch|p2a: Staraptor|Staraptor, M, shiny|100/100
|turn|7
|inactive|sniping bwvcs has 120 seconds left.
|
|t:|1704385685
|move|p2a: Staraptor|Brave Bird|p1a: Volcarona
|-supereffective|p1a: Volcarona
|-damage|p1a: Volcarona|0 fnt
|faint|p1a: Volcarona
|-damage|p2a: Staraptor|61/100|[from] Recoil
|
|-weather|SunnyDay|[upkeep]
|upkeep
|
|t:|1704385687
|switch|p1a: Donphan|Donphan, F|100/100
|-damage|p1a: Donphan|94/100|[from] Stealth Rock
|turn|8
|
|t:|1704385692
|switch|p2a: Landorus|Landorus-Therian, M|100/100
|-ability|p2a: Landorus|Intimidate|boost
|-unboost|p1a: Donphan|atk|1
|move|p1a: Donphan|Rapid Spin|p2a: Landorus
|-damage|p2a: Landorus|96/100
|-sideend|p1: sniping bwvcs|Stealth Rock|[from] move: Rapid Spin|[of] p1a: Donphan
|
|-weather|SunnyDay|[upkeep]
|-heal|p1a: Donphan|100/100|[from] item: Leftovers
|upkeep
|turn|9
|inactive|sniping bwvcs has 120 seconds left.
|
|t:|1704385728
|move|p2a: Landorus|Stealth Rock|p1a: Donphan
|-sidestart|p1: sniping bwvcs|move: Stealth Rock
|move|p1a: Donphan|Toxic|p2a: Landorus
|-status|p2a: Landorus|tox
|
|-weather|SunnyDay|[upkeep]
|-damage|p2a: Landorus|90/100 tox|[from] psn
|upkeep
|turn|10
|
|t:|1704385735
|switch|p2a: Hydreigon|Hydreigon, M, shiny|100/100
|move|p1a: Donphan|Protect||[still]
|-fail|p1a: Donphan
|
|-weather|SunnyDay|[upkeep]
|upkeep
|turn|11
|inactive|sniping bwvcs has 120 seconds left.
|
|t:|1704385763
|move|p1a: Donphan|Protect|p1a: Donphan
|-singleturn|p1a: Donphan|Protect
|move|p2a: Hydreigon|U-turn|p1a: Donphan
|-activate|p1a: Donphan|move: Protect
|
|-weather|SunnyDay|[upkeep]
|upkeep
|turn|12
|
|t:|1704385766
|move|p2a: Hydreigon|Draco Meteor|p1a: Donphan
|-damage|p1a: Donphan|7/100
|-unboost|p2a: Hydreigon|spa|2
|move|p1a: Donphan|Rapid Spin|p2a: Hydreigon
|-damage|p2a: Hydreigon|96/100
|-sideend|p1: sniping bwvcs|Stealth Rock|[from] move: Rapid Spin|[of] p1a: Donphan
|
|-weather|SunnyDay|[upkeep]
|-heal|p1a: Donphan|14/100|[from] item: Leftovers
|upkeep
|turn|13
|inactive|sniping bwvcs has 120 seconds left.
|c|☆tujiejie|hurry
|c|☆tujiejie|快点
|inactive|sniping bwvcs has 90 seconds left.
|
|t:|1704385816
|move|p1a: Donphan|Protect|p1a: Donphan
|-singleturn|p1a: Donphan|Protect
|move|p2a: Hydreigon|U-turn|p1a: Donphan
|-activate|p1a: Donphan|move: Protect
|
|-weather|SunnyDay|[upkeep]
|-heal|p1a: Donphan|20/100|[from] item: Leftovers
|upkeep
|turn|14
|
|t:|1704385820
|switch|p1a: Heatran|Heatran, F|100/100
|move|p2a: Hydreigon|Dark Pulse|p1a: Heatran
|-resisted|p1a: Heatran
|-damage|p1a: Heatran|91/100
|
|-weather|SunnyDay|[upkeep]
|-heal|p1a: Heatran|97/100|[from] item: Leftovers
|upkeep
|turn|15
|
|t:|1704385827
|move|p2a: Hydreigon|U-turn|p1a: Heatran
|-resisted|p1a: Heatran
|-damage|p1a: Heatran|94/100
|
|t:|1704385832
|switch|p2a: Landorus|Landorus-Therian, M|90/100 tox|[from] U-turn
|-ability|p2a: Landorus|Intimidate|boost
|-unboost|p1a: Heatran|atk|1
|move|p1a: Heatran|Magma Storm|p2a: Landorus
|-damage|p2a: Landorus|0 fnt
|faint|p2a: Landorus
|
|-weather|SunnyDay|[upkeep]
|-heal|p1a: Heatran|99/100|[from] item: Leftovers
|upkeep
|
|t:|1704385837
|switch|p2a: Staraptor|Staraptor, M, shiny|61/100
|turn|16
|
|t:|1704385858
|switch|p1a: Cresselia|Cresselia, F|100/100
|move|p2a: Staraptor|Close Combat|p1a: Cresselia
|-resisted|p1a: Cresselia
|-damage|p1a: Cresselia|91/100
|-unboost|p2a: Staraptor|def|1
|-unboost|p2a: Staraptor|spd|1
|
|-weather|SunnyDay|[upkeep]
|-heal|p1a: Cresselia|97/100|[from] item: Leftovers
|upkeep
|turn|17
|
|t:|1704385867
|switch|p2a: Magnezone|Magnezone, shiny|100/100
|move|p1a: Cresselia|Thunder Wave|p2a: Magnezone
|-status|p2a: Magnezone|par
|
|-weather|SunnyDay|[upkeep]
|-heal|p1a: Cresselia|100/100|[from] item: Leftovers
|upkeep
|turn|18
|
|t:|1704385892
|switch|p1a: Heatran|Heatran, F|99/100
|move|p2a: Magnezone|Volt Switch|p1a: Heatran
|-damage|p1a: Heatran|63/100
|
|t:|1704385902
|switch|p2a: Honchkrow|Honchkrow, M, shiny|100/100|[from] Volt Switch
|
|-weather|SunnyDay|[upkeep]
|-heal|p1a: Heatran|69/100|[from] item: Leftovers
|upkeep
|turn|19
|
|t:|1704385927
|switch|p1a: Cresselia|Cresselia, F|100/100
|move|p2a: Honchkrow|Superpower|p1a: Cresselia
|-resisted|p1a: Cresselia
|-damage|p1a: Cresselia|90/100
|-unboost|p2a: Honchkrow|atk|1
|-unboost|p2a: Honchkrow|def|1
|
|-weather|SunnyDay|[upkeep]
|-heal|p1a: Cresselia|96/100|[from] item: Leftovers
|upkeep
|turn|20
|
|t:|1704385932
|switch|p2a: Hydreigon|Hydreigon, M, shiny|96/100
|switch|p1a: Heatran|Heatran, F|69/100
|
|-weather|SunnyDay|[upkeep]
|-heal|p1a: Heatran|75/100|[from] item: Leftovers
|upkeep
|turn|21
|
|t:|1704385951
|move|p2a: Hydreigon|Draco Meteor|p1a: Heatran
|-resisted|p1a: Heatran
|-crit|p1a: Heatran
|-damage|p1a: Heatran|7/100
|-unboost|p2a: Hydreigon|spa|2
|move|p1a: Heatran|Dragon Pulse|p2a: Hydreigon
|-supereffective|p2a: Hydreigon
|-enditem|p2a: Hydreigon|Haban Berry|[eat]
|-enditem|p2a: Hydreigon|Haban Berry|[weaken]
|-damage|p2a: Hydreigon|59/100
|
|-weather|SunnyDay|[upkeep]
|-heal|p1a: Heatran|14/100|[from] item: Leftovers
|upkeep
|turn|22
|c|☆tujiejie|快点
|
|t:|1704385957
|switch|p1a: Chansey|Chansey, F|100/100
|move|p2a: Hydreigon|Draco Meteor|p1a: Chansey
|-damage|p1a: Chansey|90/100
|-unboost|p2a: Hydreigon|spa|2
|
|-weather|SunnyDay|[upkeep]
|upkeep
|turn|23
|c|☆tujiejie|bye
|
|t:|1704385986
|move|p2a: Hydreigon|U-turn|p1a: Chansey
|-damage|p1a: Chansey|81/100
|
|t:|1704385992
|switch|p2a: Staraptor|Staraptor, M, shiny|61/100|[from] U-turn
|move|p1a: Chansey|Seismic Toss|p2a: Staraptor
|-damage|p2a: Staraptor|29/100
|
|-weather|SunnyDay|[upkeep]
|upkeep
|turn|24
|
|t:|1704386002
|switch|p1a: Cresselia|Cresselia, F|96/100
|move|p2a: Staraptor|Double-Edge|p1a: Cresselia
|-damage|p1a: Cresselia|59/100
|-damage|p2a: Staraptor|11/100|[from] Recoil
|
|-weather|SunnyDay|[upkeep]
|-heal|p1a: Cresselia|65/100|[from] item: Leftovers
|upkeep
|turn|25
|
|t:|1704386004
|move|p2a: Staraptor|Double-Edge|p1a: Cresselia
|-damage|p1a: Cresselia|24/100
|-damage|p2a: Staraptor|0 fnt|[from] Recoil
|faint|p2a: Staraptor
|move|p1a: Cresselia|Moonlight|p1a: Cresselia
|-heal|p1a: Cresselia|91/100
|
|-weather|SunnyDay|[upkeep]
|-heal|p1a: Cresselia|97/100|[from] item: Leftovers
|upkeep
|
|t:|1704386007
|switch|p2a: Hydreigon|Hydreigon, M, shiny|59/100
|turn|26
|inactive|sniping bwvcs has 120 seconds left.
|
|t:|1704386041
|switch|p1a: Chansey|Chansey, F|81/100
|move|p2a: Hydreigon|Dark Pulse|p1a: Chansey
|-damage|p1a: Chansey|67/100
|
|-weather|SunnyDay|[upkeep]
|upkeep
|turn|27
|
|t:|1704386045
|move|p2a: Hydreigon|Draco Meteor|p1a: Chansey
|-damage|p1a: Chansey|44/100
|-unboost|p2a: Hydreigon|spa|2
|move|p1a: Chansey|Soft-Boiled|p1a: Chansey
|-heal|p1a: Chansey|94/100
|
|-weather|SunnyDay|[upkeep]
|upkeep
|turn|28
|
|t:|1704386057
|move|p2a: Hydreigon|U-turn|p1a: Chansey
|-damage|p1a: Chansey|85/100
|
|t:|1704386060
|switch|p2a: Honchkrow|Honchkrow, M, shiny|100/100|[from] U-turn
|move|p1a: Chansey|Seismic Toss|p2a: Honchkrow
|-damage|p2a: Honchkrow|71/100
|
|-weather|SunnyDay|[upkeep]
|upkeep
|turn|29
|
|t:|1704386065
|move|p2a: Honchkrow|Night Slash|p1a: Chansey
|-damage|p1a: Chansey|64/100
|move|p1a: Chansey|Stealth Rock|p2a: Honchkrow
|-sidestart|p2: tujiejie|move: Stealth Rock
|
|-weather|SunnyDay|[upkeep]
|upkeep
|turn|30
|inactive|sniping bwvcs has 120 seconds left.
|
|t:|1704386075
|move|p2a: Honchkrow|Night Slash|p1a: Chansey
|-damage|p1a: Chansey|40/100
|move|p1a: Chansey|Soft-Boiled|p1a: Chansey
|-heal|p1a: Chansey|90/100
|
|-weather|SunnyDay|[upkeep]
|upkeep
|turn|31
|
|t:|1704386080
|move|p2a: Honchkrow|Night Slash|p1a: Chansey
|-damage|p1a: Chansey|70/100
|move|p1a: Chansey|Seismic Toss|p2a: Honchkrow
|-damage|p2a: Honchkrow|42/100
|
|-weather|SunnyDay|[upkeep]
|upkeep
|turn|32
|
|t:|1704386086
|switch|p2a: Magnezone|Magnezone, shiny|100/100 par
|-damage|p2a: Magnezone|94/100 par|[from] Stealth Rock
|move|p1a: Chansey|Soft-Boiled|p1a: Chansey
|-heal|p1a: Chansey|100/100
|
|-weather|SunnyDay|[upkeep]
|upkeep
|turn|33
|c|☆tujiejie|fuckyou
|
|t:|1704386096
|move|p1a: Chansey|Seismic Toss|p2a: Magnezone
|-damage|p2a: Magnezone|59/100 par
|move|p2a: Magnezone|Thunderbolt|p1a: Chansey
|-damage|p1a: Chansey|86/100
|
|-weather|SunnyDay|[upkeep]
|upkeep
|turn|34
|
|t:|1704386099
|move|p1a: Chansey|Seismic Toss|p2a: Magnezone
|-damage|p2a: Magnezone|23/100 par
|move|p2a: Magnezone|Thunderbolt|p1a: Chansey
|-crit|p1a: Chansey
|-damage|p1a: Chansey|53/100
|
|-weather|SunnyDay|[upkeep]
|upkeep
|turn|35
|
|t:|1704386102
|move|p1a: Chansey|Soft-Boiled|p1a: Chansey
|-heal|p1a: Chansey|100/100
|move|p2a: Magnezone|Thunderbolt|p1a: Chansey
|-damage|p1a: Chansey|86/100
|
|-weather|SunnyDay|[upkeep]
|upkeep
|turn|36
|
|t:|1704386104
|move|p1a: Chansey|Soft-Boiled|p1a: Chansey
|-heal|p1a: Chansey|100/100
|cant|p2a: Magnezone|par
|
|-weather|SunnyDay|[upkeep]
|upkeep
|turn|37
|
|t:|1704386107
|move|p1a: Chansey|Seismic Toss|p2a: Magnezone
|-damage|p2a: Magnezone|0 fnt
|faint|p2a: Magnezone
|
|-weather|SunnyDay|[upkeep]
|upkeep
|
|t:|1704386109
|switch|p2a: Hydreigon|Hydreigon, M, shiny|59/100
|-damage|p2a: Hydreigon|47/100|[from] Stealth Rock
|turn|38
|
|t:|1704386112
|move|p2a: Hydreigon|Dark Pulse|p1a: Chansey
|-damage|p1a: Chansey|87/100
|move|p1a: Chansey|Seismic Toss|p2a: Hydreigon
|-damage|p2a: Hydreigon|16/100
|
|-weather|SunnyDay|[upkeep]
|upkeep
|turn|39
|
|t:|1704386116
|move|p2a: Hydreigon|Dark Pulse|p1a: Chansey
|-damage|p1a: Chansey|73/100
|move|p1a: Chansey|Soft-Boiled|p1a: Chansey
|-heal|p1a: Chansey|100/100
|
|-weather|SunnyDay|[upkeep]
|upkeep
|turn|40
|
|t:|1704386120
|move|p2a: Hydreigon|Dark Pulse|p1a: Chansey
|-damage|p1a: Chansey|87/100
|cant|p1a: Chansey|flinch
|
|-weather|SunnyDay|[upkeep]
|upkeep
|turn|41
|
|t:|1704386123
|move|p2a: Hydreigon|U-turn|p1a: Chansey
|-damage|p1a: Chansey|77/100
|
|t:|1704386124
|switch|p2a: Honchkrow|Honchkrow, M, shiny|42/100|[from] U-turn
|-damage|p2a: Honchkrow|17/100|[from] Stealth Rock
|move|p1a: Chansey|Soft-Boiled|p1a: Chansey
|-heal|p1a: Chansey|100/100
|
|-weather|SunnyDay|[upkeep]
|upkeep
|turn|42
|
|t:|1704386137
|switch|p1a: Heatran|Heatran, F|14/100
|move|p2a: Honchkrow|Superpower|p1a: Heatran
|-supereffective|p1a: Heatran
|-damage|p1a: Heatran|0 fnt
|-unboost|p2a: Honchkrow|atk|1
|-unboost|p2a: Honchkrow|def|1
|faint|p1a: Heatran
|-ability|p2a: Honchkrow|Moxie|boost
|-boost|p2a: Honchkrow|atk|1
|
|-weather|SunnyDay|[upkeep]
|upkeep
|
|t:|1704386139
|switch|p1a: Cresselia|Cresselia, F|97/100
|turn|43
|c|☆tujiejie|o
|-message|tujiejie forfeited.
|
|win|sniping bwvcs
|raw|sniping bwvcs's rating: 1449 &rarr; <strong>1466</strong><br />(+17 for winning)
|raw|tujiejie's rating: 1399 &rarr; <strong>1382</strong><br />(-17 for losing)
|l|☆tujiejie
