|j|☆jusuraveragenoob
|j|☆TRE 26
|t:|1596914450
|player|p1|jusuraveragenoob|169|1421
|player|p2|TRE 26|n|1469
|teamsize|p1|6
|teamsize|p2|6
|gametype|singles
|gen|5
|tier|[Gen 5] OU
|rated|
|clearpoke
|poke|p1|Tyranitar, M|item
|poke|p1|Excadrill, F|item
|poke|p1|Skarmory, M|item
|poke|p1|Celebi|item
|poke|p1|Gliscor, F|item
|poke|p1|Heatran, M|item
|poke|p2|Abomasnow, M|item
|poke|p2|Reuniclus, M|item
|poke|p2|Landorus-Therian, M|item
|poke|p2|Kyurem-Black|item
|poke|p2|Scizor, M|item
|poke|p2|Tentacruel, F|item
|rule|Species Clause: Limit one of each Pokémon
|rule|OHKO Clause: OHKO moves are banned
|rule|Moody Clause: Moody is banned
|rule|Evasion Moves Clause: Evasion moves are banned
|rule|Endless Battle Clause: Forcing endless battles is banned
|rule|HP Percentage Mod: HP is shown in percentages
|rule|Evasion Abilities Clause: Evasion abilities are banned
|rule|Baton Pass Clause: Limit one Baton Passer, can't pass Spe and other stats simultaneously
|rule|Sleep Clause: Sleep-inducing moves are banned
|rule|Swagger Clause: Swagger is banned
|teampreview
|c|☆jusuraveragenoob|glhf!
|c|☆TRE 26|hello
|c|☆jusuraveragenoob|hallo
|
|t:|1596914490
|start
|switch|p1a: Gliscor|Gliscor, F|100/100
|switch|p2a: Abomasnow|Abomasnow, M|100/100
|-weather|Hail|[from] ability: Snow Warning|[of] p2a: Abomasnow
|turn|1
|
|t:|1596914500
|move|p1a: Gliscor|Protect|p1a: Gliscor
|-singleturn|p1a: Gliscor|Protect
|move|p2a: Abomasnow|Leech Seed|p1a: Gliscor
|-activate|p1a: Gliscor|move: Protect
|
|-weather|Hail|[upkeep]
|-damage|p1a: Gliscor|94/100|[from] Hail
|-status|p1a: Gliscor|tox|[from] item: Toxic Orb
|upkeep
|turn|2
|c|☆jusuraveragenoob|no idea what this thing does but im scared
|
|t:|1596914530
|switch|p1a: Tyranitar|Tyranitar, M|100/100
|-weather|Sandstorm|[from] ability: Sand Stream|[of] p1a: Tyranitar
|move|p2a: Abomasnow|Leech Seed|p1a: Tyranitar
|-start|p1a: Tyranitar|move: Leech Seed
|
|-weather|Sandstorm|[upkeep]
|-damage|p2a: Abomasnow|94/100|[from] Sandstorm
|-heal|p2a: Abomasnow|100/100|[from] item: Leftovers
|-damage|p1a: Tyranitar|88/100|[from] Leech Seed|[of] p2a: Abomasnow
|upkeep
|turn|3
|
|t:|1596914554
|switch|p1a: Gliscor|Gliscor, F|94/100 tox
|switch|p2a: Scizor|Scizor, M|100/100
|
|-weather|Sandstorm|[upkeep]
|-heal|p1a: Gliscor|100/100 tox|[from] ability: Poison Heal
|upkeep
|turn|4
|
|t:|1596914562
|move|p1a: Gliscor|Stealth Rock|p2a: Scizor
|-sidestart|p2: TRE 26|move: Stealth Rock
|move|p2a: Scizor|U-turn|p1a: Gliscor
|-resisted|p1a: Gliscor
|-damage|p1a: Gliscor|76/100 tox
|c|☆TRE 26|xd
|
|t:|1596914591
|switch|p2a: Tentacruel|Tentacruel, F|100/100|[from]move: U-turn
|-damage|p2a: Tentacruel|88/100|[from] Stealth Rock
|
|-weather|Sandstorm|[upkeep]
|-damage|p2a: Tentacruel|82/100|[from] Sandstorm
|-heal|p2a: Tentacruel|88/100|[from] item: Leftovers
|-heal|p1a: Gliscor|88/100 tox|[from] ability: Poison Heal
|upkeep
|turn|5
|
|t:|1596914602
|move|p2a: Tentacruel|Scald|p1a: Gliscor
|-supereffective|p1a: Gliscor
|-crit|p1a: Gliscor
|-damage|p1a: Gliscor|3/100 tox
|move|p1a: Gliscor|Earthquake|p2a: Tentacruel
|-supereffective|p2a: Tentacruel
|-damage|p2a: Tentacruel|16/100
|
|-weather|Sandstorm|[upkeep]
|-damage|p2a: Tentacruel|10/100|[from] Sandstorm
|-heal|p2a: Tentacruel|16/100|[from] item: Leftovers
|-heal|p1a: Gliscor|15/100 tox|[from] ability: Poison Heal
|upkeep
|turn|6
|c|☆jusuraveragenoob|ow
|c|☆TRE 26|uff
|
|t:|1596914624
|move|p1a: Gliscor|Protect|p1a: Gliscor
|-singleturn|p1a: Gliscor|Protect
|move|p2a: Tentacruel|Rapid Spin|p1a: Gliscor
|-activate|p1a: Gliscor|move: Protect
|
|-weather|Sandstorm|[upkeep]
|-damage|p2a: Tentacruel|10/100|[from] Sandstorm
|-heal|p2a: Tentacruel|16/100|[from] item: Leftovers
|-heal|p1a: Gliscor|28/100 tox|[from] ability: Poison Heal
|upkeep
|turn|7
|
|t:|1596914634
|switch|p1a: Celebi|Celebi|100/100
|move|p2a: Tentacruel|Scald|p1a: Celebi
|-resisted|p1a: Celebi
|-damage|p1a: Celebi|93/100
|
|-weather|Sandstorm|[upkeep]
|-damage|p2a: Tentacruel|10/100|[from] Sandstorm
|-damage|p1a: Celebi|87/100|[from] Sandstorm
|-heal|p2a: Tentacruel|16/100|[from] item: Leftovers
|-heal|p1a: Celebi|93/100|[from] item: Leftovers
|upkeep
|turn|8
|
|t:|1596914645
|move|p2a: Tentacruel|Rapid Spin|p1a: Celebi
|-damage|p1a: Celebi|91/100
|-sideend|p2: TRE 26|Stealth Rock|[from] move: Rapid Spin|[of] p2a: Tentacruel
|move|p1a: Celebi|Hidden Power|p2a: Tentacruel
|-resisted|p2a: Tentacruel
|-damage|p2a: Tentacruel|10/100
|
|-weather|Sandstorm|[upkeep]
|-damage|p2a: Tentacruel|3/100|[from] Sandstorm
|-damage|p1a: Celebi|84/100|[from] Sandstorm
|-heal|p2a: Tentacruel|10/100|[from] item: Leftovers
|-heal|p1a: Celebi|91/100|[from] item: Leftovers
|upkeep
|turn|9
|
|t:|1596914659
|switch|p2a: Abomasnow|Abomasnow, M|100/100
|-weather|Hail|[from] ability: Snow Warning|[of] p2a: Abomasnow
|move|p1a: Celebi|Giga Drain|p2a: Abomasnow
|-resisted|p2a: Abomasnow
|-damage|p2a: Abomasnow|91/100
|-heal|p1a: Celebi|95/100|[from] drain|[of] p2a: Abomasnow
|
|-weather|Hail|[upkeep]
|-damage|p1a: Celebi|89/100|[from] Hail
|-heal|p1a: Celebi|95/100|[from] item: Leftovers
|-heal|p2a: Abomasnow|98/100|[from] item: Leftovers
|upkeep
|turn|10
|
|t:|1596914672
|switch|p1a: Skarmory|Skarmory, M|100/100
|move|p2a: Abomasnow|Leech Seed|p1a: Skarmory
|-start|p1a: Skarmory|move: Leech Seed
|
|-weather|Hail|[upkeep]
|-damage|p1a: Skarmory|95/100|[from] Hail
|-heal|p1a: Skarmory|100/100|[from] item: Leftovers
|-heal|p2a: Abomasnow|100/100|[from] item: Leftovers
|-damage|p1a: Skarmory|88/100|[from] Leech Seed|[of] p2a: Abomasnow
|upkeep
|turn|11
|
|t:|1596914683
|move|p1a: Skarmory|Roost|p1a: Skarmory
|-heal|p1a: Skarmory|100/100
|-singleturn|p1a: Skarmory|move: Roost
|move|p2a: Abomasnow|Hidden Power|p1a: Skarmory
|-supereffective|p1a: Skarmory
|-damage|p1a: Skarmory|62/100
|
|-weather|Hail|[upkeep]
|-damage|p1a: Skarmory|56/100|[from] Hail
|-heal|p1a: Skarmory|62/100|[from] item: Leftovers
|-damage|p1a: Skarmory|50/100|[from] Leech Seed|[of] p2a: Abomasnow
|upkeep
|turn|12
|
|t:|1596914700
|switch|p1a: Heatran|Heatran, M|100/100
|move|p2a: Abomasnow|Leech Seed|p1a: Heatran
|-start|p1a: Heatran|move: Leech Seed
|
|-weather|Hail|[upkeep]
|-damage|p1a: Heatran|94/100|[from] Hail
|-heal|p1a: Heatran|100/100|[from] item: Leftovers
|-damage|p1a: Heatran|88/100|[from] Leech Seed|[of] p2a: Abomasnow
|upkeep
|turn|13
|
|t:|1596914726
|move|p2a: Abomasnow|Protect|p2a: Abomasnow
|-singleturn|p2a: Abomasnow|Protect
|move|p1a: Heatran|Lava Plume|p2a: Abomasnow
|-activate|p2a: Abomasnow|move: Protect
|
|-weather|Hail|[upkeep]
|-damage|p1a: Heatran|82/100|[from] Hail
|-heal|p1a: Heatran|88/100|[from] item: Leftovers
|-damage|p1a: Heatran|76/100|[from] Leech Seed|[of] p2a: Abomasnow
|upkeep
|turn|14
|
|t:|1596914741
|switch|p1a: Tyranitar|Tyranitar, M|88/100
|-weather|Sandstorm|[from] ability: Sand Stream|[of] p1a: Tyranitar
|switch|p2a: Reuniclus|Reuniclus, M|100/100
|
|-weather|Sandstorm|[upkeep]
|upkeep
|turn|15
|
|t:|1596914751
|-activate|p2a: Reuniclus|move: Pursuit
|move|p1a: Tyranitar|Pursuit|p2a: Reuniclus|[from]Pursuit
|-supereffective|p2a: Reuniclus
|-damage|p2a: Reuniclus|40/100
|switch|p2a: Landorus|Landorus-Therian, M|100/100
|-ability|p2a: Landorus|Intimidate|boost
|-unboost|p1a: Tyranitar|atk|1
|
|-weather|Sandstorm|[upkeep]
|upkeep
|turn|16
|c|☆TRE 26|good game
|
|t:|1596914774
|switch|p1a: Skarmory|Skarmory, M|50/100
|move|p2a: Landorus|U-turn|p1a: Skarmory
|-resisted|p1a: Skarmory
|-damage|p1a: Skarmory|47/100
|
|t:|1596914785
|switch|p2a: Abomasnow|Abomasnow, M|100/100|[from]move: U-turn
|-weather|Hail|[from] ability: Snow Warning|[of] p2a: Abomasnow
|
|-weather|Hail|[upkeep]
|-damage|p1a: Skarmory|41/100|[from] Hail
|-heal|p1a: Skarmory|47/100|[from] item: Leftovers
|upkeep
|turn|17
|
|t:|1596914797
|move|p1a: Skarmory|Roost|p1a: Skarmory
|-heal|p1a: Skarmory|97/100
|-singleturn|p1a: Skarmory|move: Roost
|move|p2a: Abomasnow|Leech Seed|p1a: Skarmory
|-start|p1a: Skarmory|move: Leech Seed
|
|-weather|Hail|[upkeep]
|-damage|p1a: Skarmory|91/100|[from] Hail
|-heal|p1a: Skarmory|97/100|[from] item: Leftovers
|-damage|p1a: Skarmory|84/100|[from] Leech Seed|[of] p2a: Abomasnow
|upkeep
|turn|18
|
|t:|1596914820
|switch|p1a: Heatran|Heatran, M|76/100
|move|p2a: Abomasnow|Leech Seed|p1a: Heatran
|-start|p1a: Heatran|move: Leech Seed
|
|-weather|Hail|[upkeep]
|-damage|p1a: Heatran|69/100|[from] Hail
|-heal|p1a: Heatran|76/100|[from] item: Leftovers
|-damage|p1a: Heatran|63/100|[from] Leech Seed|[of] p2a: Abomasnow
|upkeep
|turn|19
|
|t:|1596914840
|switch|p1a: Excadrill|Excadrill, F|100/100
|move|p2a: Abomasnow|Protect||[still]
|-fail|p2a: Abomasnow
|
|-weather|Hail|[upkeep]
|-damage|p1a: Excadrill|94/100|[from] Hail
|-heal|p1a: Excadrill|100/100|[from] item: Leftovers
|upkeep
|turn|20
|
|t:|1596914850
|move|p1a: Excadrill|Iron Head|p2a: Abomasnow
|-supereffective|p2a: Abomasnow
|-damage|p2a: Abomasnow|6/100
|move|p2a: Abomasnow|Leech Seed|p1a: Excadrill
|-start|p1a: Excadrill|move: Leech Seed
|
|-weather|Hail|[upkeep]
|-damage|p1a: Excadrill|94/100|[from] Hail
|-heal|p1a: Excadrill|100/100|[from] item: Leftovers
|-heal|p2a: Abomasnow|12/100|[from] item: Leftovers
|-damage|p1a: Excadrill|88/100|[from] Leech Seed|[of] p2a: Abomasnow
|-heal|p2a: Abomasnow|24/100|[silent]
|upkeep
|turn|21
|
|t:|1596914860
|switch|p1a: Tyranitar|Tyranitar, M|88/100
|-weather|Sandstorm|[from] ability: Sand Stream|[of] p1a: Tyranitar
|move|p2a: Abomasnow|Protect||[still]
|-fail|p2a: Abomasnow
|
|-weather|Sandstorm|[upkeep]
|-damage|p2a: Abomasnow|18/100|[from] Sandstorm
|-heal|p2a: Abomasnow|24/100|[from] item: Leftovers
|upkeep
|turn|22
|
|t:|1596914888
|move|p1a: Tyranitar|Crunch|p2a: Abomasnow
|-damage|p2a: Abomasnow|0 fnt
|faint|p2a: Abomasnow
|
|-weather|Sandstorm|[upkeep]
|upkeep
|
|t:|1596914896
|switch|p2a: Scizor|Scizor, M|100/100
|turn|23
|
|t:|1596914910
|switch|p1a: Skarmory|Skarmory, M|84/100
|move|p2a: Scizor|U-turn|p1a: Skarmory
|-resisted|p1a: Skarmory
|-damage|p1a: Skarmory|76/100
|
|t:|1596914930
|switch|p2a: Landorus|Landorus-Therian, M|100/100|[from]move: U-turn
|-ability|p2a: Landorus|Intimidate|boost
|-unboost|p1a: Skarmory|atk|1
|
|-weather|Sandstorm|[upkeep]
|-heal|p1a: Skarmory|82/100|[from] item: Leftovers
|upkeep
|turn|24
|
|t:|1596914937
|move|p2a: Landorus|Stealth Rock|p1a: Skarmory
|-sidestart|p1: jusuraveragenoob|move: Stealth Rock
|move|p1a: Skarmory|Roost|p1a: Skarmory
|-heal|p1a: Skarmory|100/100
|-singleturn|p1a: Skarmory|move: Roost
|
|-weather|Sandstorm|[upkeep]
|upkeep
|turn|25
|
|t:|1596914987
|move|p2a: Landorus|U-turn|p1a: Skarmory
|-resisted|p1a: Skarmory
|-damage|p1a: Skarmory|97/100
|
|t:|1596914999
|switch|p2a: Reuniclus|Reuniclus, M|40/100|[from]move: U-turn
|move|p1a: Skarmory|Spikes|p2a: Reuniclus
|-sidestart|p2: TRE 26|Spikes
|
|-weather|Sandstorm|[upkeep]
|-heal|p1a: Skarmory|100/100|[from] item: Leftovers
|-heal|p2a: Reuniclus|46/100|[from] item: Leftovers
|upkeep
|turn|26
|
|t:|1596915011
|move|p2a: Reuniclus|Recover|p2a: Reuniclus
|-heal|p2a: Reuniclus|96/100
|move|p1a: Skarmory|Whirlwind|p2a: Reuniclus
|drag|p2a: Scizor|Scizor, M|100/100
|-damage|p2a: Scizor|88/100|[from] Spikes
|
|-weather|Sandstorm|[upkeep]
|upkeep
|turn|27
|
|t:|1596915021
|move|p1a: Skarmory|Spikes|p2a: Scizor
|-sidestart|p2: TRE 26|Spikes
|move|p2a: Scizor|U-turn|p1a: Skarmory
|-resisted|p1a: Skarmory
|-damage|p1a: Skarmory|92/100
|
|t:|1596915036
|switch|p2a: Kyurem|Kyurem-Black|100/100|[from]move: U-turn
|-damage|p2a: Kyurem|84/100|[from] Spikes
|-ability|p2a: Kyurem|Teravolt
|
|-weather|Sandstorm|[upkeep]
|-damage|p2a: Kyurem|78/100|[from] Sandstorm
|-heal|p1a: Skarmory|98/100|[from] item: Leftovers
|upkeep
|turn|28
|
|t:|1596915049
|switch|p1a: Gliscor|Gliscor, F|28/100 tox
|-damage|p1a: Gliscor|15/100 tox|[from] Stealth Rock
|move|p2a: Kyurem|Blizzard|p1a: Gliscor
|-supereffective|p1a: Gliscor
|-damage|p1a: Gliscor|0 fnt
|faint|p1a: Gliscor
|
|-weather|Sandstorm|[upkeep]
|-damage|p2a: Kyurem|72/100|[from] Sandstorm
|upkeep
|c|☆jusuraveragenoob|o
|
|t:|1596915066
|switch|p1a: Tyranitar|Tyranitar, M|88/100
|-damage|p1a: Tyranitar|76/100|[from] Stealth Rock
|turn|29
|c|☆TRE 26|yeah xd
|
|t:|1596915080
|switch|p2a: Landorus|Landorus-Therian, M|100/100
|-ability|p2a: Landorus|Intimidate|boost
|-unboost|p1a: Tyranitar|atk|1
|move|p1a: Tyranitar|Stone Edge|p2a: Landorus|[miss]
|-miss|p1a: Tyranitar|p2a: Landorus
|
|-weather|Sandstorm|[upkeep]
|upkeep
|turn|30
|
|t:|1596915093
|switch|p1a: Skarmory|Skarmory, M|98/100
|-damage|p1a: Skarmory|86/100|[from] Stealth Rock
|move|p2a: Landorus|U-turn|p1a: Skarmory
|-resisted|p1a: Skarmory
|-crit|p1a: Skarmory
|-damage|p1a: Skarmory|79/100
|
|t:|1596915122
|switch|p2a: Reuniclus|Reuniclus, M|96/100|[from]move: U-turn
|
|-weather|Sandstorm|[upkeep]
|-heal|p1a: Skarmory|85/100|[from] item: Leftovers
|-heal|p2a: Reuniclus|100/100|[from] item: Leftovers
|upkeep
|turn|31
|
|t:|1596915130
|move|p1a: Skarmory|Spikes|p2a: Reuniclus
|-sidestart|p2: TRE 26|Spikes
|move|p2a: Reuniclus|Thunder|p1a: Skarmory
|-supereffective|p1a: Skarmory
|-damage|p1a: Skarmory|0 fnt
|faint|p1a: Skarmory
|
|-weather|Sandstorm|[upkeep]
|upkeep
|c|☆jusuraveragenoob|ah shit
|c|☆jusuraveragenoob|rip i messed up didnt i
|
|t:|1596915145
|switch|p1a: Excadrill|Excadrill, F|88/100
|-damage|p1a: Excadrill|85/100|[from] Stealth Rock
|turn|32
|c|☆TRE 26|Is that team from soulwind?
|c|☆jusuraveragenoob|ye
|
|t:|1596915183
|move|p1a: Excadrill|Iron Head|p2a: Reuniclus
|-damage|p2a: Reuniclus|59/100
|cant|p2a: Reuniclus|flinch
|
|-weather|Sandstorm|[upkeep]
|-heal|p1a: Excadrill|91/100|[from] item: Leftovers
|-heal|p2a: Reuniclus|66/100|[from] item: Leftovers
|upkeep
|turn|33
|c|☆jusuraveragenoob|all my teams are stolen from soulwind and mcmeghan
|c|☆jusuraveragenoob|since i dont know tier well enough yet
|c|☆TRE 26|ok
|c|☆jusuraveragenoob|the rain team was from his game against mcmeghan & luigi
|c|☆jusuraveragenoob|this is from the latest classic
|
|t:|1596915223
|switch|p2a: Landorus|Landorus-Therian, M|100/100
|-ability|p2a: Landorus|Intimidate|boost
|-unboost|p1a: Excadrill|atk|1
|move|p1a: Excadrill|Earthquake|p2a: Landorus
|-immune|p2a: Landorus
|
|-weather|Sandstorm|[upkeep]
|-heal|p1a: Excadrill|97/100|[from] item: Leftovers
|upkeep
|turn|34
|
|t:|1596915277
|move|p1a: Excadrill|Protect|p1a: Excadrill
|-singleturn|p1a: Excadrill|Protect
|move|p2a: Landorus|Earthquake|p1a: Excadrill
|-activate|p1a: Excadrill|move: Protect
|
|-weather|Sandstorm|[upkeep]
|-heal|p1a: Excadrill|100/100|[from] item: Leftovers
|upkeep
|turn|35
|
|t:|1596915295
|switch|p1a: Celebi|Celebi|95/100
|-damage|p1a: Celebi|83/100|[from] Stealth Rock
|move|p2a: Landorus|Earthquake|p1a: Celebi
|-resisted|p1a: Celebi
|-damage|p1a: Celebi|62/100
|
|-weather|Sandstorm|[upkeep]
|-damage|p1a: Celebi|56/100|[from] Sandstorm
|-heal|p1a: Celebi|62/100|[from] item: Leftovers
|upkeep
|turn|36
|
|t:|1596915316
|switch|p2a: Reuniclus|Reuniclus, M|66/100
|move|p1a: Celebi|Recover|p1a: Celebi
|-heal|p1a: Celebi|100/100
|
|-weather|Sandstorm|[upkeep]
|-damage|p1a: Celebi|94/100|[from] Sandstorm
|-heal|p1a: Celebi|100/100|[from] item: Leftovers
|-heal|p2a: Reuniclus|72/100|[from] item: Leftovers
|upkeep
|turn|37
|
|t:|1596915327
|move|p1a: Celebi|Nasty Plot|p1a: Celebi
|-boost|p1a: Celebi|spa|2
|move|p2a: Reuniclus|Recover|p2a: Reuniclus
|-heal|p2a: Reuniclus|100/100
|
|-weather|Sandstorm|[upkeep]
|-damage|p1a: Celebi|94/100|[from] Sandstorm
|-heal|p1a: Celebi|100/100|[from] item: Leftovers
|upkeep
|turn|38
|
|t:|1596915341
|move|p1a: Celebi|Hidden Power|p2a: Reuniclus
|-damage|p2a: Reuniclus|72/100
|move|p2a: Reuniclus|Calm Mind|p2a: Reuniclus
|-boost|p2a: Reuniclus|spa|1
|-boost|p2a: Reuniclus|spd|1
|
|-weather|Sandstorm|[upkeep]
|-damage|p1a: Celebi|94/100|[from] Sandstorm
|-heal|p1a: Celebi|100/100|[from] item: Leftovers
|-heal|p2a: Reuniclus|78/100|[from] item: Leftovers
|upkeep
|turn|39
|
|t:|1596915352
|move|p1a: Celebi|Nasty Plot|p1a: Celebi
|-boost|p1a: Celebi|spa|2
|move|p2a: Reuniclus|Thunder|p1a: Celebi|[miss]
|-miss|p2a: Reuniclus|p1a: Celebi
|
|-weather|Sandstorm|[upkeep]
|-damage|p1a: Celebi|94/100|[from] Sandstorm
|-heal|p1a: Celebi|100/100|[from] item: Leftovers
|-heal|p2a: Reuniclus|84/100|[from] item: Leftovers
|upkeep
|turn|40
|
|t:|1596915365
|move|p1a: Celebi|Giga Drain|p2a: Reuniclus
|-damage|p2a: Reuniclus|39/100
|move|p2a: Reuniclus|Calm Mind|p2a: Reuniclus
|-boost|p2a: Reuniclus|spa|1
|-boost|p2a: Reuniclus|spd|1
|
|-weather|Sandstorm|[upkeep]
|-damage|p1a: Celebi|94/100|[from] Sandstorm
|-heal|p1a: Celebi|100/100|[from] item: Leftovers
|-heal|p2a: Reuniclus|46/100|[from] item: Leftovers
|upkeep
|turn|41
|
|t:|1596915376
|move|p1a: Celebi|Nasty Plot|p1a: Celebi
|-boost|p1a: Celebi|spa|2
|move|p2a: Reuniclus|Recover|p2a: Reuniclus
|-heal|p2a: Reuniclus|96/100
|
|-weather|Sandstorm|[upkeep]
|-damage|p1a: Celebi|94/100|[from] Sandstorm
|-heal|p1a: Celebi|100/100|[from] item: Leftovers
|-heal|p2a: Reuniclus|100/100|[from] item: Leftovers
|upkeep
|turn|42
|
|t:|1596915389
|move|p1a: Celebi|Giga Drain|p2a: Reuniclus
|-damage|p2a: Reuniclus|51/100
|move|p2a: Reuniclus|Calm Mind|p2a: Reuniclus
|-boost|p2a: Reuniclus|spa|1
|-boost|p2a: Reuniclus|spd|1
|
|-weather|Sandstorm|[upkeep]
|-damage|p1a: Celebi|94/100|[from] Sandstorm
|-heal|p1a: Celebi|100/100|[from] item: Leftovers
|-heal|p2a: Reuniclus|57/100|[from] item: Leftovers
|upkeep
|turn|43
|
|t:|1596915402
|move|p1a: Celebi|Giga Drain|p2a: Reuniclus
|-damage|p2a: Reuniclus|21/100
|move|p2a: Reuniclus|Recover|p2a: Reuniclus
|-heal|p2a: Reuniclus|71/100
|
|-weather|Sandstorm|[upkeep]
|-damage|p1a: Celebi|94/100|[from] Sandstorm
|-heal|p1a: Celebi|100/100|[from] item: Leftovers
|-heal|p2a: Reuniclus|77/100|[from] item: Leftovers
|upkeep
|turn|44
|
|t:|1596915421
|move|p1a: Celebi|Giga Drain|p2a: Reuniclus
|-damage|p2a: Reuniclus|38/100
|move|p2a: Reuniclus|Recover|p2a: Reuniclus
|-heal|p2a: Reuniclus|88/100
|
|-weather|Sandstorm|[upkeep]
|-damage|p1a: Celebi|94/100|[from] Sandstorm
|-heal|p1a: Celebi|100/100|[from] item: Leftovers
|-heal|p2a: Reuniclus|94/100|[from] item: Leftovers
|upkeep
|turn|45
|
|t:|1596915430
|move|p1a: Celebi|Giga Drain|p2a: Reuniclus
|-damage|p2a: Reuniclus|55/100
|move|p2a: Reuniclus|Calm Mind|p2a: Reuniclus
|-boost|p2a: Reuniclus|spa|1
|-boost|p2a: Reuniclus|spd|1
|
|-weather|Sandstorm|[upkeep]
|-damage|p1a: Celebi|94/100|[from] Sandstorm
|-heal|p1a: Celebi|100/100|[from] item: Leftovers
|-heal|p2a: Reuniclus|61/100|[from] item: Leftovers
|upkeep
|turn|46
|
|t:|1596915440
|move|p1a: Celebi|Giga Drain|p2a: Reuniclus
|-damage|p2a: Reuniclus|28/100
|move|p2a: Reuniclus|Recover|p2a: Reuniclus
|-heal|p2a: Reuniclus|78/100
|
|-weather|Sandstorm|[upkeep]
|-damage|p1a: Celebi|94/100|[from] Sandstorm
|-heal|p1a: Celebi|100/100|[from] item: Leftovers
|-heal|p2a: Reuniclus|84/100|[from] item: Leftovers
|upkeep
|turn|47
|
|t:|1596915452
|move|p1a: Celebi|Giga Drain|p2a: Reuniclus
|-damage|p2a: Reuniclus|54/100
|move|p2a: Reuniclus|Calm Mind|p2a: Reuniclus
|-boost|p2a: Reuniclus|spa|1
|-boost|p2a: Reuniclus|spd|1
|
|-weather|Sandstorm|[upkeep]
|-damage|p1a: Celebi|94/100|[from] Sandstorm
|-heal|p1a: Celebi|100/100|[from] item: Leftovers
|-heal|p2a: Reuniclus|60/100|[from] item: Leftovers
|upkeep
|turn|48
|
|t:|1596915462
|move|p1a: Celebi|Giga Drain|p2a: Reuniclus
|-damage|p2a: Reuniclus|31/100
|move|p2a: Reuniclus|Recover|p2a: Reuniclus
|-heal|p2a: Reuniclus|81/100
|
|-weather|Sandstorm|[upkeep]
|-damage|p1a: Celebi|94/100|[from] Sandstorm
|-heal|p1a: Celebi|100/100|[from] item: Leftovers
|-heal|p2a: Reuniclus|87/100|[from] item: Leftovers
|upkeep
|turn|49
|
|t:|1596915472
|move|p1a: Celebi|Giga Drain|p2a: Reuniclus
|-damage|p2a: Reuniclus|59/100
|move|p2a: Reuniclus|Thunder|p1a: Celebi
|-resisted|p1a: Celebi
|-damage|p1a: Celebi|63/100
|
|-weather|Sandstorm|[upkeep]
|-damage|p1a: Celebi|57/100|[from] Sandstorm
|-heal|p1a: Celebi|63/100|[from] item: Leftovers
|-heal|p2a: Reuniclus|65/100|[from] item: Leftovers
|upkeep
|turn|50
|
|t:|1596915485
|move|p1a: Celebi|Giga Drain|p2a: Reuniclus
|-damage|p2a: Reuniclus|39/100
|-heal|p1a: Celebi|76/100|[from] drain|[of] p2a: Reuniclus
|move|p2a: Reuniclus|Recover|p2a: Reuniclus
|-heal|p2a: Reuniclus|89/100
|
|-weather|Sandstorm|[upkeep]
|-damage|p1a: Celebi|70/100|[from] Sandstorm
|-heal|p1a: Celebi|76/100|[from] item: Leftovers
|-heal|p2a: Reuniclus|95/100|[from] item: Leftovers
|upkeep
|turn|51
|
|t:|1596915496
|move|p1a: Celebi|Giga Drain|p2a: Reuniclus
|-damage|p2a: Reuniclus|65/100
|-heal|p1a: Celebi|92/100|[from] drain|[of] p2a: Reuniclus
|move|p2a: Reuniclus|Calm Mind|p2a: Reuniclus
|-boost|p2a: Reuniclus|spa|1
|-boost|p2a: Reuniclus|spd|1
|
|-weather|Sandstorm|[upkeep]
|-damage|p1a: Celebi|86/100|[from] Sandstorm
|-heal|p1a: Celebi|92/100|[from] item: Leftovers
|-heal|p2a: Reuniclus|71/100|[from] item: Leftovers
|upkeep
|turn|52
|
|t:|1596915507
|move|p1a: Celebi|Giga Drain|p2a: Reuniclus
|-damage|p2a: Reuniclus|49/100
|-heal|p1a: Celebi|100/100|[from] drain|[of] p2a: Reuniclus
|move|p2a: Reuniclus|Recover|p2a: Reuniclus
|-heal|p2a: Reuniclus|99/100
|
|-weather|Sandstorm|[upkeep]
|-damage|p1a: Celebi|94/100|[from] Sandstorm
|-heal|p1a: Celebi|100/100|[from] item: Leftovers
|-heal|p2a: Reuniclus|100/100|[from] item: Leftovers
|upkeep
|turn|53
|
|t:|1596915518
|move|p1a: Celebi|Giga Drain|p2a: Reuniclus
|-damage|p2a: Reuniclus|75/100
|move|p2a: Reuniclus|Thunder|p1a: Celebi
|-resisted|p1a: Celebi
|-damage|p1a: Celebi|56/100
|
|-weather|Sandstorm|[upkeep]
|-damage|p1a: Celebi|50/100|[from] Sandstorm
|-heal|p1a: Celebi|56/100|[from] item: Leftovers
|-heal|p2a: Reuniclus|82/100|[from] item: Leftovers
|upkeep
|turn|54
|
|t:|1596915528
|move|p1a: Celebi|Giga Drain|p2a: Reuniclus
|-damage|p2a: Reuniclus|57/100
|-heal|p1a: Celebi|69/100|[from] drain|[of] p2a: Reuniclus
|move|p2a: Reuniclus|Thunder|p1a: Celebi|[miss]
|-miss|p2a: Reuniclus|p1a: Celebi
|
|-weather|Sandstorm|[upkeep]
|-damage|p1a: Celebi|63/100|[from] Sandstorm
|-heal|p1a: Celebi|69/100|[from] item: Leftovers
|-heal|p2a: Reuniclus|63/100|[from] item: Leftovers
|upkeep
|turn|55
|c|☆jusuraveragenoob|focus blast last?
|
|t:|1596915549
|move|p1a: Celebi|Giga Drain|p2a: Reuniclus
|-damage|p2a: Reuniclus|39/100
|-heal|p1a: Celebi|81/100|[from] drain|[of] p2a: Reuniclus
|move|p2a: Reuniclus|Recover|p2a: Reuniclus
|-heal|p2a: Reuniclus|89/100
|
|-weather|Sandstorm|[upkeep]
|-damage|p1a: Celebi|75/100|[from] Sandstorm
|-heal|p1a: Celebi|81/100|[from] item: Leftovers
|-heal|p2a: Reuniclus|95/100|[from] item: Leftovers
|upkeep
|turn|56
|c|☆TRE 26|20/5000
|c|☆TRE 26|no thunder for rain
|
|t:|1596915594
|move|p1a: Celebi|Hidden Power|p2a: Reuniclus
|-damage|p2a: Reuniclus|80/100
|move|p2a: Reuniclus|Thunder|p1a: Celebi
|-resisted|p1a: Celebi
|-damage|p1a: Celebi|42/100
|
|-weather|Sandstorm|[upkeep]
|-damage|p1a: Celebi|36/100|[from] Sandstorm
|-heal|p1a: Celebi|42/100|[from] item: Leftovers
|-heal|p2a: Reuniclus|86/100|[from] item: Leftovers
|upkeep
|turn|57
|c|☆jusuraveragenoob|whats the last though
|
|t:|1596915632
|move|p1a: Celebi|Hidden Power|p2a: Reuniclus
|-crit|p2a: Reuniclus
|-damage|p2a: Reuniclus|0 fnt
|faint|p2a: Reuniclus
|
|-weather|Sandstorm|[upkeep]
|-damage|p1a: Celebi|36/100|[from] Sandstorm
|-heal|p1a: Celebi|42/100|[from] item: Leftovers
|upkeep
|c|☆TRE 26|hax
|
|t:|1596915646
|switch|p2a: Kyurem|Kyurem-Black|72/100
|-damage|p2a: Kyurem|47/100|[from] Spikes
|-ability|p2a: Kyurem|Teravolt
|turn|58
|c|☆jusuraveragenoob|what was the last on ruini
|
|t:|1596915665
|move|p2a: Kyurem|Outrage|p1a: Celebi
|-damage|p1a: Celebi|0 fnt
|faint|p1a: Celebi
|
|-weather|Sandstorm|[upkeep]
|-damage|p2a: Kyurem|41/100|[from] Sandstorm
|upkeep
|
|t:|1596915685
|switch|p1a: Excadrill|Excadrill, F|100/100
|-damage|p1a: Excadrill|97/100|[from] Stealth Rock
|turn|59
|
|t:|1596915718
|move|p2a: Kyurem|Outrage|p1a: Excadrill|[from]lockedmove
|-resisted|p1a: Excadrill
|-damage|p1a: Excadrill|44/100
|-start|p2a: Kyurem|confusion|[fatigue]
|move|p1a: Excadrill|Iron Head|p2a: Kyurem
|-supereffective|p2a: Kyurem
|-damage|p2a: Kyurem|0 fnt
|faint|p2a: Kyurem
|
|-weather|Sandstorm|[upkeep]
|-heal|p1a: Excadrill|50/100|[from] item: Leftovers
|upkeep
|c|☆TRE 26|I do not understand
|
|t:|1596915743
|switch|p2a: Landorus|Landorus-Therian, M|100/100
|-ability|p2a: Landorus|Intimidate|boost
|-unboost|p1a: Excadrill|atk|1
|turn|60
|c|☆jusuraveragenoob|the last move on reuni
|c|☆TRE 26|ah. psishock
|c|☆jusuraveragenoob|ah i see
|c|☆jusuraveragenoob|wouldnt that have done more
|c|☆jusuraveragenoob|since i was spdef and you get stab
|c|☆jusuraveragenoob|or were you just fishing for para
|
|t:|1596915796
|move|p1a: Excadrill|Protect|p1a: Excadrill
|-singleturn|p1a: Excadrill|Protect
|move|p2a: Landorus|Earthquake|p1a: Excadrill
|-activate|p1a: Excadrill|move: Protect
|
|-weather|Sandstorm|[upkeep]
|-heal|p1a: Excadrill|56/100|[from] item: Leftovers
|upkeep
|turn|61
|
|t:|1596915847
|move|p1a: Excadrill|Iron Head|p2a: Landorus
|-damage|p2a: Landorus|69/100
|cant|p2a: Landorus|flinch
|
|-weather|Sandstorm|[upkeep]
|-heal|p1a: Excadrill|63/100|[from] item: Leftovers
|-heal|p2a: Landorus|75/100|[from] item: Leftovers
|upkeep
|turn|62
|
|t:|1596915869
|move|p1a: Excadrill|Iron Head|p2a: Landorus
|-damage|p2a: Landorus|46/100
|move|p2a: Landorus|Earthquake|p1a: Excadrill
|-supereffective|p1a: Excadrill
|-damage|p1a: Excadrill|0 fnt
|faint|p1a: Excadrill
|
|-weather|Sandstorm|[upkeep]
|-heal|p2a: Landorus|52/100|[from] item: Leftovers
|upkeep
|c|☆jusuraveragenoob|oof
|
|t:|1596915879
|switch|p1a: Tyranitar|Tyranitar, M|76/100
|-damage|p1a: Tyranitar|64/100|[from] Stealth Rock
|turn|63
|c|☆TRE 26|gg men
|
|t:|1596915893
|move|p1a: Tyranitar|Ice Beam|p2a: Landorus
|-supereffective|p2a: Landorus
|-damage|p2a: Landorus|0 fnt
|faint|p2a: Landorus
|
|-weather|Sandstorm|[upkeep]
|upkeep
|c|☆TRE 26|WHAT xd
|c|☆jusuraveragenoob|ill have to hope scizor doesnt have superpower D:
|
|t:|1596915907
|switch|p2a: Scizor|Scizor, M|88/100
|-damage|p2a: Scizor|63/100|[from] Spikes
|turn|64
|c|☆jusuraveragenoob|and fish for freeze ig
|c|☆TRE 26|scarf ok
|c|☆jusuraveragenoob|and yuh this scarf tar
|
|t:|1596915940
|move|p1a: Tyranitar|Ice Beam|p2a: Scizor
|-resisted|p2a: Scizor
|-damage|p2a: Scizor|51/100
|move|p2a: Scizor|U-turn|p1a: Tyranitar
|-supereffective|p1a: Tyranitar
|-crit|p1a: Tyranitar
|-damage|p1a: Tyranitar|0 fnt
|faint|p1a: Tyranitar
|
|t:|1596915954
|switch|p2a: Tentacruel|Tentacruel, F|10/100|[from]move: U-turn
|-damage|p2a: Tentacruel|0 fnt|[from] Spikes
|faint|p2a: Tentacruel
|
|-weather|Sandstorm|[upkeep]
|upkeep
|
|t:|1596915967
|switch|p2a: Scizor|Scizor, M|51/100
|switch|p1a: Heatran|Heatran, M|63/100
|-damage|p1a: Heatran|51/100|[from] Stealth Rock
|-damage|p2a: Scizor|26/100|[from] Spikes
|turn|65
|
|t:|1596915977
|move|p1a: Heatran|Protect|p1a: Heatran
|-singleturn|p1a: Heatran|Protect
|move|p2a: Scizor|Superpower|p1a: Heatran
|-activate|p1a: Heatran|move: Protect
|
|-weather|Sandstorm|[upkeep]
|-heal|p1a: Heatran|57/100|[from] item: Leftovers
|upkeep
|turn|66
|c|☆jusuraveragenoob|ggs
|c|☆jusuraveragenoob|wp
|
|t:|1596915989
|move|p1a: Heatran|Lava Plume|p2a: Scizor
|-supereffective|p2a: Scizor
|-damage|p2a: Scizor|0 fnt
|faint|p2a: Scizor
|
|win|jusuraveragenoob
|c|☆jusuraveragenoob|o wat
|c|☆TRE 26|gg
|l|☆TRE 26
|c|☆jusuraveragenoob|was the scizor banded?
|raw|jusuraveragenoob's rating: 1421 &rarr; <strong>1444</strong><br />(+23 for winning)
|raw|TRE 26's rating: 1480 &rarr; <strong>1456</strong><br />(-24 for losing)
