|j|☆Rkll
|j|☆minutemaid13
|t:|1707551307
|gametype|singles
|player|p1|Rkll|266|1337
|player|p2|minutemaid13|1|1292
|teamsize|p1|6
|teamsize|p2|6
|gen|5
|tier|[Gen 5] OU
|rated|
|rule|Species Clause: Limit one of each Pokémon
|rule|OHKO Clause: OHKO moves are banned
|rule|Moody Clause: Moody is banned
|rule|Evasion Items Clause: Evasion items are banned
|rule|Evasion Moves Clause: Evasion moves are banned
|rule|Endless Battle Clause: Forcing endless battles is banned
|rule|HP Percentage Mod: HP is shown in percentages
|rule|Evasion Abilities Clause: Evasion abilities are banned
|rule|Sleep Moves Clause: Sleep-inducing moves are banned
|rule|Swagger Clause: Swagger is banned
|rule|Baton Pass Stat Clause: No Baton Passer may have a way to boost its stats
|clearpoke
|poke|p1|Nidoqueen, F|item
|poke|p1|Crobat, M|item
|poke|p1|Venusaur, M|item
|poke|p1|Umbreon, M|item
|poke|p1|Weavile, M|item
|poke|p1|Hitmontop, M|item
|poke|p2|Skarmory, M|item
|poke|p2|Blissey, F|mail
|poke|p2|Celebi|item
|poke|p2|Alakazam, F|item
|poke|p2|Gliscor, M|item
|poke|p2|Keldeo|item
|teampreview
|j| BranwenPOG
|l|☆Rkll
|player|p1|
|j|☆Rkll
|player|p1|Rkll|266
|
|t:|1707551343
|start
|switch|p1a: Nidoqueen|Nidoqueen, F|100/100
|switch|p2a: Keldeo|Keldeo|100/100
|turn|1
|
|t:|1707551350
|switch|p1a: Venusaur|Venusaur, M|100/100
|move|p2a: Keldeo|Surf|p1a: Venusaur
|-resisted|p1a: Venusaur
|-damage|p1a: Venusaur|65/100
|
|-heal|p1a: Venusaur|71/100|[from] item: Black Sludge
|upkeep
|turn|2
|j| el janitor
|
|t:|1707551362
|switch|p2a: Gliscor|Gliscor, M, shiny|100/100
|switch|p1a: Nidoqueen|Nidoqueen, F|100/100
|
|-status|p2a: Gliscor|tox|[from] item: Toxic Orb
|upkeep
|turn|3
|l|☆Rkll
|player|p1|
|
|t:|1707551390
|move|p2a: Gliscor|Earthquake|p1a: Nidoqueen
|-supereffective|p1a: Nidoqueen
|-damage|p1a: Nidoqueen|34/100
|move|p1a: Nidoqueen|Stealth Rock|p2a: Gliscor
|-sidestart|p2: minutemaid13|move: Stealth Rock
|
|-heal|p1a: Nidoqueen|41/100|[from] item: Black Sludge
|upkeep
|turn|4
|j|☆Rkll
|player|p1|Rkll|266
|
|t:|1707551396
|switch|p1a: Umbreon|Umbreon, M|100/100
|move|p2a: Gliscor|U-turn|p1a: Umbreon
|-supereffective|p1a: Umbreon
|-damage|p1a: Umbreon|78/100
|
|t:|1707551404
|switch|p2a: Keldeo|Keldeo|100/100|[from] U-turn
|-damage|p2a: Keldeo|94/100|[from] Stealth Rock
|
|-heal|p1a: Umbreon|84/100|[from] item: Leftovers
|upkeep
|turn|5
|
|t:|1707551412
|move|p1a: Umbreon|Protect|p1a: Umbreon
|-singleturn|p1a: Umbreon|Protect
|move|p2a: Keldeo|Secret Sword|p1a: Umbreon
|-activate|p1a: Umbreon|move: Protect
|
|-heal|p1a: Umbreon|90/100|[from] item: Leftovers
|upkeep
|turn|6
|
|t:|1707551420
|switch|p1a: Venusaur|Venusaur, M|71/100
|move|p2a: Keldeo|Secret Sword|p1a: Venusaur
|-resisted|p1a: Venusaur
|-damage|p1a: Venusaur|33/100
|
|-heal|p1a: Venusaur|39/100|[from] item: Black Sludge
|upkeep
|turn|7
|
|t:|1707551431
|move|p2a: Keldeo|Secret Sword|p1a: Venusaur
|-resisted|p1a: Venusaur
|-damage|p1a: Venusaur|4/100
|move|p1a: Venusaur|Leech Seed|p2a: Keldeo
|-start|p2a: Keldeo|move: Leech Seed
|
|-heal|p1a: Venusaur|10/100|[from] item: Black Sludge
|-damage|p2a: Keldeo|82/100|[from] Leech Seed|[of] p1a: Venusaur
|-heal|p1a: Venusaur|21/100|[silent]
|upkeep
|turn|8
|
|t:|1707551443
|switch|p1a: Crobat|Crobat, M|100/100
|move|p2a: Keldeo|Secret Sword|p1a: Crobat
|-resisted|p1a: Crobat
|-damage|p1a: Crobat|79/100
|
|-heal|p1a: Crobat|85/100|[from] item: Black Sludge
|-damage|p2a: Keldeo|70/100|[from] Leech Seed|[of] p1a: Crobat
|-heal|p1a: Crobat|96/100|[silent]
|upkeep
|turn|9
|
|t:|1707551453
|switch|p2a: Gliscor|Gliscor, M, shiny|100/100 tox
|-damage|p2a: Gliscor|88/100 tox|[from] Stealth Rock
|move|p1a: Crobat|U-turn|p2a: Gliscor
|-resisted|p2a: Gliscor
|-damage|p2a: Gliscor|83/100 tox
|
|t:|1707551464
|switch|p1a: Weavile|Weavile, M|100/100|[from] U-turn
|-ability|p1a: Weavile|Pressure
|
|-heal|p2a: Gliscor|96/100 tox|[from] ability: Poison Heal
|upkeep
|turn|10
|l| el janitor
|l|☆Rkll
|player|p1|
|j|☆Rkll
|player|p1|Rkll|266
|l|☆Rkll
|player|p1|
|
|t:|1707551515
|-activate|p2a: Gliscor|move: Pursuit
|move|p1a: Weavile|Pursuit|p2a: Gliscor|[from]Pursuit
|-damage|p2a: Gliscor|68/100 tox
|switch|p2a: Skarmory|Skarmory, M|100/100
|-damage|p2a: Skarmory|88/100|[from] Stealth Rock
|
|upkeep
|turn|11
|j|☆Rkll
|player|p1|Rkll|266
|
|t:|1707551531
|switch|p1a: Nidoqueen|Nidoqueen, F|41/100
|move|p2a: Skarmory|Spikes|p1a: Nidoqueen
|-sidestart|p1: Rkll|Spikes
|
|-heal|p1a: Nidoqueen|47/100|[from] item: Black Sludge
|upkeep
|turn|12
|inactive|Battle timer is ON: inactive players will automatically lose when time's up. (requested by minutemaid13)
|
|t:|1707551541
|switch|p2a: Blissey|Blissey, F|100/100
|-damage|p2a: Blissey|88/100|[from] Stealth Rock
|move|p1a: Nidoqueen|Fire Blast|p2a: Blissey|[miss]
|-miss|p1a: Nidoqueen|p2a: Blissey
|
|-heal|p1a: Nidoqueen|53/100|[from] item: Black Sludge
|upkeep
|turn|13
|
|t:|1707551550
|move|p1a: Nidoqueen|Earthquake|p2a: Blissey
|-damage|p2a: Blissey|37/100
|move|p2a: Blissey|Seismic Toss|p1a: Nidoqueen
|-damage|p1a: Nidoqueen|27/100
|
|-heal|p1a: Nidoqueen|33/100|[from] item: Black Sludge
|upkeep
|turn|14
|
|t:|1707551559
|switch|p2a: Celebi|Celebi|100/100
|-damage|p2a: Celebi|88/100|[from] Stealth Rock
|move|p1a: Nidoqueen|Fire Blast|p2a: Celebi
|-supereffective|p2a: Celebi
|-damage|p2a: Celebi|37/100
|
|-heal|p2a: Celebi|43/100|[from] item: Leftovers
|-heal|p1a: Nidoqueen|40/100|[from] item: Black Sludge
|upkeep
|turn|15
|
|t:|1707551571
|switch|p2a: Keldeo|Keldeo|70/100
|-damage|p2a: Keldeo|63/100|[from] Stealth Rock
|switch|p1a: Umbreon|Umbreon, M|90/100
|-damage|p1a: Umbreon|77/100|[from] Spikes
|
|-heal|p1a: Umbreon|83/100|[from] item: Leftovers
|upkeep
|turn|16
|
|t:|1707551581
|move|p1a: Umbreon|Protect|p1a: Umbreon
|-singleturn|p1a: Umbreon|Protect
|move|p2a: Keldeo|Secret Sword|p1a: Umbreon
|-activate|p1a: Umbreon|move: Protect
|
|-heal|p1a: Umbreon|90/100|[from] item: Leftovers
|upkeep
|turn|17
|
|t:|1707551589
|switch|p1a: Crobat|Crobat, M|96/100
|move|p2a: Keldeo|Secret Sword|p1a: Crobat
|-resisted|p1a: Crobat
|-damage|p1a: Crobat|75/100
|
|-heal|p1a: Crobat|81/100|[from] item: Black Sludge
|upkeep
|turn|18
|
|t:|1707551599
|switch|p2a: Gliscor|Gliscor, M, shiny|68/100 tox
|-damage|p2a: Gliscor|56/100 tox|[from] Stealth Rock
|move|p1a: Crobat|U-turn|p2a: Gliscor
|-resisted|p2a: Gliscor
|-damage|p2a: Gliscor|51/100 tox
|
|t:|1707551606
|switch|p1a: Weavile|Weavile, M|100/100|[from] U-turn
|-damage|p1a: Weavile|88/100|[from] Spikes
|-ability|p1a: Weavile|Pressure
|
|-heal|p2a: Gliscor|63/100 tox|[from] ability: Poison Heal
|upkeep
|turn|19
|
|t:|1707551626
|switch|p2a: Skarmory|Skarmory, M|88/100
|-damage|p2a: Skarmory|76/100|[from] Stealth Rock
|move|p1a: Weavile|Ice Shard|p2a: Skarmory
|-damage|p2a: Skarmory|63/100
|
|upkeep
|turn|20
|
|t:|1707551639
|switch|p1a: Hitmontop|Hitmontop, M|100/100
|-damage|p1a: Hitmontop|88/100|[from] Spikes
|-ability|p1a: Hitmontop|Intimidate|boost
|-unboost|p2a: Skarmory|atk|1
|move|p2a: Skarmory|Brave Bird|p1a: Hitmontop
|-supereffective|p1a: Hitmontop
|-damage|p1a: Hitmontop|52/100
|-damage|p2a: Skarmory|53/100|[from] Recoil
|
|-heal|p1a: Hitmontop|59/100|[from] item: Leftovers
|upkeep
|turn|21
|
|t:|1707551651
|switch|p2a: Keldeo|Keldeo|63/100
|-damage|p2a: Keldeo|57/100|[from] Stealth Rock
|move|p1a: Hitmontop|Rapid Spin|p2a: Keldeo
|-damage|p2a: Keldeo|52/100
|-sideend|p1: Rkll|Spikes|[from] move: Rapid Spin|[of] p1a: Hitmontop
|
|-heal|p1a: Hitmontop|65/100|[from] item: Leftovers
|upkeep
|turn|22
|
|t:|1707551662
|move|p2a: Keldeo|Surf|p1a: Hitmontop
|-damage|p1a: Hitmontop|0 fnt
|faint|p1a: Hitmontop
|
|upkeep
|
|t:|1707551670
|switch|p1a: Umbreon|Umbreon, M|90/100
|turn|23
|
|t:|1707551673
|move|p2a: Keldeo|Surf|p1a: Umbreon
|-crit|p1a: Umbreon
|-damage|p1a: Umbreon|10/100
|move|p1a: Umbreon|Wish|p1a: Umbreon
|
|-heal|p1a: Umbreon|16/100|[from] item: Leftovers
|upkeep
|turn|24
|
|t:|1707551680
|move|p1a: Umbreon|Protect|p1a: Umbreon
|-singleturn|p1a: Umbreon|Protect
|move|p2a: Keldeo|Surf|p1a: Umbreon
|-activate|p1a: Umbreon|move: Protect
|
|-heal|p1a: Umbreon|66/100|[from] move: Wish|[wisher] Umbreon
|-heal|p1a: Umbreon|72/100|[from] item: Leftovers
|upkeep
|turn|25
|
|t:|1707551691
|switch|p2a: Gliscor|Gliscor, M, shiny|63/100 tox
|-damage|p2a: Gliscor|51/100 tox|[from] Stealth Rock
|move|p1a: Umbreon|Wish|p1a: Umbreon
|
|-heal|p1a: Umbreon|78/100|[from] item: Leftovers
|-heal|p2a: Gliscor|63/100 tox|[from] ability: Poison Heal
|upkeep
|turn|26
|
|t:|1707551701
|switch|p1a: Venusaur|Venusaur, M|21/100
|move|p2a: Gliscor|Ice Fang|p1a: Venusaur
|-supereffective|p1a: Venusaur
|-damage|p1a: Venusaur|0 fnt
|faint|p1a: Venusaur
|
|-heal|p2a: Gliscor|76/100 tox|[from] ability: Poison Heal
|upkeep
|
|t:|1707551713
|switch|p1a: Weavile|Weavile, M|88/100
|-ability|p1a: Weavile|Pressure
|turn|27
|
|t:|1707551723
|switch|p1a: Nidoqueen|Nidoqueen, F|40/100
|move|p2a: Gliscor|Protect||[still]
|-fail|p2a: Gliscor
|
|-heal|p1a: Nidoqueen|46/100|[from] item: Black Sludge
|-heal|p2a: Gliscor|88/100 tox|[from] ability: Poison Heal
|upkeep
|turn|28
|
|t:|1707551732
|switch|p1a: Crobat|Crobat, M|81/100
|move|p2a: Gliscor|Ice Fang|p1a: Crobat
|-supereffective|p1a: Crobat
|-damage|p1a: Crobat|50/100
|
|-heal|p1a: Crobat|56/100|[from] item: Black Sludge
|-heal|p2a: Gliscor|100/100 tox|[from] ability: Poison Heal
|upkeep
|turn|29
|
|t:|1707551744
|move|p1a: Crobat|Roost|p1a: Crobat
|-heal|p1a: Crobat|100/100
|-singleturn|p1a: Crobat|move: Roost
|move|p2a: Gliscor|Ice Fang|p1a: Crobat
|-damage|p1a: Crobat|86/100
|
|-heal|p1a: Crobat|92/100|[from] item: Black Sludge
|upkeep
|turn|30
|
|t:|1707551753
|move|p1a: Crobat|Brave Bird|p2a: Gliscor
|-damage|p2a: Gliscor|76/100 tox
|-damage|p1a: Crobat|84/100|[from] Recoil
|move|p2a: Gliscor|Ice Fang|p1a: Crobat
|-supereffective|p1a: Crobat
|-damage|p1a: Crobat|51/100
|
|-heal|p1a: Crobat|57/100|[from] item: Black Sludge
|-heal|p2a: Gliscor|89/100 tox|[from] ability: Poison Heal
|upkeep
|turn|31
|
|t:|1707551765
|move|p1a: Crobat|U-turn|p2a: Gliscor
|-resisted|p2a: Gliscor
|-crit|p2a: Gliscor
|-damage|p2a: Gliscor|79/100 tox
|
|t:|1707551769
|switch|p1a: Umbreon|Umbreon, M|78/100|[from] U-turn
|move|p2a: Gliscor|Ice Fang|p1a: Umbreon
|-damage|p1a: Umbreon|66/100
|
|-heal|p1a: Umbreon|72/100|[from] item: Leftovers
|-heal|p2a: Gliscor|92/100 tox|[from] ability: Poison Heal
|upkeep
|turn|32
|
|t:|1707551779
|move|p2a: Gliscor|U-turn|p1a: Umbreon
|-supereffective|p1a: Umbreon
|-damage|p1a: Umbreon|47/100
|
|t:|1707551787
|switch|p2a: Celebi|Celebi|43/100|[from] U-turn
|-damage|p2a: Celebi|31/100|[from] Stealth Rock
|move|p1a: Umbreon|Wish|p1a: Umbreon
|
|-heal|p2a: Celebi|37/100|[from] item: Leftovers
|-heal|p1a: Umbreon|53/100|[from] item: Leftovers
|upkeep
|turn|33
|
|t:|1707551797
|switch|p1a: Nidoqueen|Nidoqueen, F|46/100
|move|p2a: Celebi|Baton Pass|p2a: Celebi
|
|t:|1707551806
|switch|p2a: Alakazam|Alakazam, F|100/100|[from] Baton Pass
|
|-heal|p1a: Nidoqueen|97/100|[from] move: Wish|[wisher] Umbreon
|-heal|p1a: Nidoqueen|100/100|[from] item: Black Sludge
|upkeep
|turn|34
|
|t:|1707551815
|switch|p1a: Umbreon|Umbreon, M|53/100
|move|p2a: Alakazam|Psyshock|p1a: Umbreon
|-immune|p1a: Umbreon
|
|-heal|p1a: Umbreon|59/100|[from] item: Leftovers
|upkeep
|turn|35
|
|t:|1707551823
|switch|p2a: Blissey|Blissey, F|37/100
|-damage|p2a: Blissey|24/100|[from] Stealth Rock
|move|p1a: Umbreon|Wish|p1a: Umbreon
|
|-heal|p1a: Umbreon|65/100|[from] item: Leftovers
|upkeep
|turn|36
|
|t:|1707551833
|switch|p1a: Crobat|Crobat, M|57/100
|move|p2a: Blissey|Soft-Boiled|p2a: Blissey
|-heal|p2a: Blissey|74/100
|
|-heal|p1a: Crobat|100/100|[from] move: Wish|[wisher] Umbreon
|upkeep
|turn|37
|
|t:|1707551842
|switch|p2a: Skarmory|Skarmory, M|53/100
|-damage|p2a: Skarmory|40/100|[from] Stealth Rock
|move|p1a: Crobat|U-turn|p2a: Skarmory
|-resisted|p2a: Skarmory
|-damage|p2a: Skarmory|38/100
|
|t:|1707551849
|switch|p1a: Nidoqueen|Nidoqueen, F|100/100|[from] U-turn
|
|upkeep
|turn|38
|inactive|minutemaid13 has 120 seconds left.
|l|☆Rkll
|inactive|Rkll disconnected and has a minute to reconnect!
|player|p1|
|j|☆Rkll
|inactive|Rkll reconnected.
|player|p1|Rkll|266
|
|t:|1707551900
|switch|p2a: Blissey|Blissey, F|74/100
|-damage|p2a: Blissey|62/100|[from] Stealth Rock
|move|p1a: Nidoqueen|Fire Blast|p2a: Blissey
|-damage|p2a: Blissey|50/100
|
|upkeep
|turn|39
|
|t:|1707551908
|move|p1a: Nidoqueen|Earthquake|p2a: Blissey
|-crit|p2a: Blissey
|-damage|p2a: Blissey|0 fnt
|faint|p2a: Blissey
|
|upkeep
|
|t:|1707551916
|switch|p2a: Alakazam|Alakazam, F|100/100
|turn|40
|
|t:|1707551921
|move|p2a: Alakazam|Focus Blast|p1a: Nidoqueen|[miss]
|-miss|p2a: Alakazam|p1a: Nidoqueen
|move|p1a: Nidoqueen|Earthquake|p2a: Alakazam
|-damage|p2a: Alakazam|20/100
|
|upkeep
|turn|41
|
|t:|1707551929
|move|p2a: Alakazam|Focus Blast|p1a: Nidoqueen|[miss]
|-miss|p2a: Alakazam|p1a: Nidoqueen
|move|p1a: Nidoqueen|Fire Blast|p2a: Alakazam
|-damage|p2a: Alakazam|0 fnt
|faint|p2a: Alakazam
|
|upkeep
|
|t:|1707551933
|switch|p2a: Keldeo|Keldeo|52/100
|-damage|p2a: Keldeo|45/100|[from] Stealth Rock
|turn|42
|
|t:|1707551947
|switch|p1a: Umbreon|Umbreon, M|65/100
|move|p2a: Keldeo|Surf|p1a: Umbreon
|-damage|p1a: Umbreon|26/100
|
|-heal|p1a: Umbreon|32/100|[from] item: Leftovers
|upkeep
|turn|43
|
|t:|1707551955
|move|p1a: Umbreon|Protect|p1a: Umbreon
|-singleturn|p1a: Umbreon|Protect
|move|p2a: Keldeo|Surf|p1a: Umbreon
|-activate|p1a: Umbreon|move: Protect
|
|-heal|p1a: Umbreon|39/100|[from] item: Leftovers
|upkeep
|turn|44
|
|t:|1707551964
|move|p2a: Keldeo|Surf|p1a: Umbreon
|-damage|p1a: Umbreon|0 fnt
|faint|p1a: Umbreon
|
|upkeep
|
|t:|1707551969
|switch|p1a: Crobat|Crobat, M|100/100
|turn|45
|
|t:|1707551974
|switch|p2a: Gliscor|Gliscor, M, shiny|92/100 tox
|-damage|p2a: Gliscor|79/100 tox|[from] Stealth Rock
|move|p1a: Crobat|U-turn|p2a: Gliscor
|-resisted|p2a: Gliscor
|-damage|p2a: Gliscor|74/100 tox
|
|t:|1707551983
|switch|p1a: Weavile|Weavile, M|88/100|[from] U-turn
|-ability|p1a: Weavile|Pressure
|
|-heal|p2a: Gliscor|87/100 tox|[from] ability: Poison Heal
|upkeep
|turn|46
|
|t:|1707551992
|move|p1a: Weavile|Ice Shard|p2a: Gliscor
|-supereffective|p2a: Gliscor
|-damage|p2a: Gliscor|25/100 tox
|move|p2a: Gliscor|U-turn|p1a: Weavile
|-supereffective|p1a: Weavile
|-damage|p1a: Weavile|30/100
|
|t:|1707551998
|switch|p2a: Keldeo|Keldeo|45/100|[from] U-turn
|-damage|p2a: Keldeo|39/100|[from] Stealth Rock
|
|upkeep
|turn|47
|l|☆Rkll
|inactive|Rkll disconnected and has a minute to reconnect!
|player|p1|
|j|☆Rkll
|inactive|Rkll reconnected and has 130 seconds left.
|player|p1|Rkll|266
|
|t:|1707552021
|move|p1a: Weavile|Low Kick|p2a: Keldeo
|-damage|p2a: Keldeo|16/100
|move|p2a: Keldeo|Surf|p1a: Weavile
|-damage|p1a: Weavile|0 fnt
|faint|p1a: Weavile
|
|upkeep
|
|t:|1707552028
|switch|p1a: Crobat|Crobat, M|100/100
|turn|48
|
|t:|1707552047
|switch|p2a: Celebi|Celebi|37/100
|-damage|p2a: Celebi|25/100|[from] Stealth Rock
|move|p1a: Crobat|Brave Bird|p2a: Celebi
|-supereffective|p2a: Celebi
|-damage|p2a: Celebi|0 fnt
|faint|p2a: Celebi
|-damage|p1a: Crobat|92/100|[from] Recoil
|
|-heal|p1a: Crobat|98/100|[from] item: Black Sludge
|upkeep
|
|t:|1707552054
|switch|p2a: Skarmory|Skarmory, M|38/100
|-damage|p2a: Skarmory|26/100|[from] Stealth Rock
|turn|49
|
|t:|1707552063
|move|p1a: Crobat|Brave Bird|p2a: Skarmory
|-resisted|p2a: Skarmory
|-damage|p2a: Skarmory|13/100
|-damage|p1a: Crobat|94/100|[from] Recoil
|move|p2a: Skarmory|Roost|p2a: Skarmory
|-heal|p2a: Skarmory|63/100
|-singleturn|p2a: Skarmory|move: Roost
|
|-heal|p1a: Crobat|100/100|[from] item: Black Sludge
|upkeep
|turn|50
|l| BranwenPOG
|
|t:|1707552074
|move|p1a: Crobat|U-turn|p2a: Skarmory
|-resisted|p2a: Skarmory
|-damage|p2a: Skarmory|61/100
|
|t:|1707552077
|switch|p1a: Nidoqueen|Nidoqueen, F|100/100|[from] U-turn
|move|p2a: Skarmory|Brave Bird|p1a: Nidoqueen
|-damage|p1a: Nidoqueen|66/100
|-damage|p2a: Skarmory|48/100|[from] Recoil
|
|-heal|p1a: Nidoqueen|72/100|[from] item: Black Sludge
|upkeep
|turn|51
|
|t:|1707552090
|switch|p2a: Gliscor|Gliscor, M, shiny|25/100 tox
|-damage|p2a: Gliscor|13/100 tox|[from] Stealth Rock
|move|p1a: Nidoqueen|Fire Blast|p2a: Gliscor
|-crit|p2a: Gliscor
|-damage|p2a: Gliscor|0 fnt
|faint|p2a: Gliscor
|
|-heal|p1a: Nidoqueen|79/100|[from] item: Black Sludge
|upkeep
|
|t:|1707552093
|switch|p2a: Keldeo|Keldeo|16/100
|-damage|p2a: Keldeo|10/100|[from] Stealth Rock
|turn|52
|
|t:|1707552106
|switch|p1a: Crobat|Crobat, M|100/100
|move|p2a: Keldeo|Hidden Power|p1a: Crobat
|-supereffective|p1a: Crobat
|-damage|p1a: Crobat|5/100
|
|-heal|p1a: Crobat|11/100|[from] item: Black Sludge
|upkeep
|turn|53
|
|t:|1707552118
|move|p1a: Crobat|U-turn|p2a: Keldeo
|-resisted|p2a: Keldeo
|-damage|p2a: Keldeo|2/100
|
|t:|1707552121
|switch|p1a: Nidoqueen|Nidoqueen, F|79/100|[from] U-turn
|move|p2a: Keldeo|Hidden Power|p1a: Nidoqueen
|-supereffective|p1a: Nidoqueen
|-damage|p1a: Nidoqueen|0 fnt
|faint|p1a: Nidoqueen
|
|upkeep
|-message|Rkll forfeited.
|
|win|minutemaid13
|raw|Rkll's rating: 1337 &rarr; <strong>1314</strong><br />(-23 for losing)
|raw|minutemaid13's rating: 1292 &rarr; <strong>1320</strong><br />(+28 for winning)
|l|☆Rkll
|player|p1|
