|j|☆Gus_0Z
|j|☆HydreigonSpammer
|t:|1734876229
|gametype|singles
|player|p1|Gus_0Z|cynthia|1312
|player|p2|HydreigonSpammer|janitor|1405
|teamsize|p1|6
|teamsize|p2|6
|gen|5
|tier|[Gen 5] OU
|rated|
|rule|Species Clause: Limit one of each Pokémon
|rule|OHKO Clause: OHKO moves are banned
|rule|Moody Clause: Moody is banned
|rule|Evasion Items Clause: Evasion items are banned
|rule|Evasion Moves Clause: Evasion moves are banned
|rule|Endless Battle Clause: Forcing endless battles is banned
|rule|HP Percentage Mod: HP is shown in percentages
|rule|Evasion Abilities Clause: Evasion abilities are banned
|rule|Sleep Moves Clause: Sleep-inducing moves are banned
|rule|Swagger Clause: Swagger is banned
|rule|Baton Pass Stat Clause: No Baton Passer may have a way to boost its stats
|clearpoke
|poke|p1|Tyranitar, M|item
|poke|p1|Skarmory, F|item
|poke|p1|Heatran, F|item
|poke|p1|Jellicent, M|item
|poke|p1|Latios, M|item
|poke|p1|Alakazam, M|item
|poke|p2|Bisharp, F|item
|poke|p2|Keldeo|item
|poke|p2|Garchomp, F|item
|poke|p2|Starmie|item
|poke|p2|Dragonite, M|item
|poke|p2|Thundurus-Therian, M|item
|teampreview
|inactive|Battle timer is ON: inactive players will automatically lose when time's up. (requested by Gus_0Z)
|
|t:|1734876244
|start
|switch|p1a: Skarmory|Skarmory, F|100/100
|switch|p2a: Garchomp|Garchomp, F|100/100
|turn|1
|
|t:|1734876253
|switch|p2a: Thundurus|Thundurus-Therian, M|100/100
|move|p1a: Skarmory|Stealth Rock|p2a: Thundurus
|-sidestart|p2: HydreigonSpammer|move: Stealth Rock
|
|upkeep
|turn|2
|
|t:|1734876258
|move|p2a: Thundurus|Thunderbolt|p1a: Skarmory
|-supereffective|p1a: Skarmory
|-ability|p1a: Skarmory|Sturdy
|-damage|p1a: Skarmory|1/100
|-status|p1a: Skarmory|par
|-damage|p2a: Thundurus|91/100|[from] item: Life Orb
|move|p1a: Skarmory|Spikes|p2a: Thundurus
|-sidestart|p2: HydreigonSpammer|Spikes
|
|upkeep
|turn|3
|-enditem|p1a: Skarmory|Custap Berry|[eat]
|-activate|p1a: Skarmory|item: Custap Berry|[consumed]
|
|t:|1734876267
|cant|p1a: Skarmory|par
|move|p2a: Thundurus|Agility|p2a: Thundurus
|-boost|p2a: Thundurus|spe|2
|
|upkeep
|turn|4
|
|t:|1734876275
|move|p2a: Thundurus|Thunderbolt|p1a: Skarmory
|-supereffective|p1a: Skarmory
|-damage|p1a: Skarmory|0 fnt
|faint|p1a: Skarmory
|-damage|p2a: Thundurus|81/100|[from] item: Life Orb
|
|upkeep
|
|t:|1734876281
|switch|p1a: Tyranitar|Tyranitar, M|100/100
|-weather|Sandstorm|[from] ability: Sand Stream|[of] p1a: Tyranitar
|turn|5
|
|t:|1734876287
|move|p2a: Thundurus|Grass Knot|p1a: Tyranitar
|-supereffective|p1a: Tyranitar
|-damage|p1a: Tyranitar|43/100
|-damage|p2a: Thundurus|71/100|[from] item: Life Orb
|move|p1a: Tyranitar|Crunch|p2a: Thundurus
|-damage|p2a: Thundurus|12/100
|
|-weather|Sandstorm|[upkeep]
|-damage|p2a: Thundurus|6/100|[from] Sandstorm
|upkeep
|turn|6
|
|t:|1734876300
|switch|p1a: Latios|Latios, M|100/100
|move|p2a: Thundurus|Focus Blast|p1a: Latios
|-resisted|p1a: Latios
|-damage|p1a: Latios|67/100
|-damage|p2a: Thundurus|0 fnt|[from] item: Life Orb
|faint|p2a: Thundurus
|
|-weather|Sandstorm|[upkeep]
|-damage|p1a: Latios|61/100|[from] Sandstorm
|upkeep
|
|t:|1734876309
|switch|p2a: Bisharp|Bisharp, F|100/100
|-damage|p2a: Bisharp|94/100|[from] Stealth Rock
|-damage|p2a: Bisharp|82/100|[from] Spikes
|turn|7
|
|t:|1734876319
|move|p1a: Latios|Roost|p1a: Latios
|-heal|p1a: Latios|100/100
|-singleturn|p1a: Latios|move: Roost
|move|p2a: Bisharp|Pursuit|p1a: Latios
|-supereffective|p1a: Latios
|-damage|p1a: Latios|23/100
|-damage|p2a: Bisharp|72/100|[from] item: Life Orb
|
|-weather|Sandstorm|[upkeep]
|-damage|p1a: Latios|17/100|[from] Sandstorm
|upkeep
|turn|8
|j| Blaise BWOU
|
|t:|1734876336
|move|p1a: Latios|Draco Meteor|p2a: Bisharp
|-resisted|p2a: Bisharp
|-damage|p2a: Bisharp|0 fnt
|-unboost|p1a: Latios|spa|2
|faint|p2a: Bisharp
|
|-weather|Sandstorm|[upkeep]
|-damage|p1a: Latios|11/100|[from] Sandstorm
|upkeep
|
|t:|1734876348
|switch|p2a: Starmie|Starmie|100/100
|-damage|p2a: Starmie|88/100|[from] Stealth Rock
|-item|p2a: Starmie|Air Balloon
|turn|9
|
|t:|1734876354
|switch|p1a: Jellicent|Jellicent, M|100/100
|move|p2a: Starmie|Thunderbolt|p1a: Jellicent
|-supereffective|p1a: Jellicent
|-damage|p1a: Jellicent|43/100
|-enditem|p1a: Jellicent|Sitrus Berry|[eat]
|-heal|p1a: Jellicent|67/100|[from] item: Sitrus Berry
|
|-weather|Sandstorm|[upkeep]
|-damage|p2a: Starmie|82/100|[from] Sandstorm
|-damage|p1a: Jellicent|61/100|[from] Sandstorm
|upkeep
|turn|10
|
|t:|1734876366
|switch|p1a: Tyranitar|Tyranitar, M|43/100
|move|p2a: Starmie|Thunderbolt|p1a: Tyranitar
|-damage|p1a: Tyranitar|25/100
|
|-weather|Sandstorm|[upkeep]
|-damage|p2a: Starmie|76/100|[from] Sandstorm
|upkeep
|turn|11
|
|t:|1734876372
|move|p2a: Starmie|Rapid Spin|p1a: Tyranitar
|-resisted|p1a: Tyranitar
|-damage|p1a: Tyranitar|24/100
|-sideend|p2: HydreigonSpammer|Spikes|[from] move: Rapid Spin|[of] p2a: Starmie
|-sideend|p2: HydreigonSpammer|Stealth Rock|[from] move: Rapid Spin|[of] p2a: Starmie
|move|p1a: Tyranitar|Pursuit|p2a: Starmie
|-supereffective|p2a: Starmie
|-damage|p2a: Starmie|12/100
|-enditem|p2a: Starmie|Air Balloon
|
|-weather|Sandstorm|[upkeep]
|-damage|p2a: Starmie|5/100|[from] Sandstorm
|upkeep
|turn|12
|
|t:|1734876380
|move|p2a: Starmie|Thunderbolt|p1a: Tyranitar
|-damage|p1a: Tyranitar|11/100
|move|p1a: Tyranitar|Pursuit|p2a: Starmie
|-supereffective|p2a: Starmie
|-damage|p2a: Starmie|0 fnt
|faint|p2a: Starmie
|
|-weather|Sandstorm|[upkeep]
|upkeep
|
|t:|1734876389
|switch|p2a: Garchomp|Garchomp, F|100/100
|turn|13
|
|t:|1734876400
|move|p2a: Garchomp|Earthquake|p1a: Tyranitar
|-supereffective|p1a: Tyranitar
|-damage|p1a: Tyranitar|0 fnt
|faint|p1a: Tyranitar
|
|-weather|Sandstorm|[upkeep]
|upkeep
|
|t:|1734876418
|switch|p1a: Latios|Latios, M|11/100
|turn|14
|
|t:|1734876445
|move|p1a: Latios|Draco Meteor|p2a: Garchomp
|-supereffective|p2a: Garchomp
|-enditem|p2a: Garchomp|Focus Sash
|-damage|p2a: Garchomp|1/100
|-unboost|p1a: Latios|spa|2
|move|p2a: Garchomp|Outrage|p1a: Latios
|-supereffective|p1a: Latios
|-damage|p1a: Latios|0 fnt
|faint|p1a: Latios
|
|-weather|Sandstorm|[upkeep]
|upkeep
|inactive|Gus_0Z has 120 seconds left.
|l| Blaise BWOU
|
|t:|1734876460
|switch|p1a: Heatran|Heatran, F|100/100
|-item|p1a: Heatran|Air Balloon
|turn|15
|
|t:|1734876463
|move|p2a: Garchomp|Outrage|p1a: Heatran|[from]lockedmove
|-resisted|p1a: Heatran
|-damage|p1a: Heatran|70/100
|-enditem|p1a: Heatran|Air Balloon
|move|p1a: Heatran|Flame Charge|p2a: Garchomp
|-resisted|p2a: Garchomp
|-damage|p2a: Garchomp|0 fnt
|-boost|p1a: Heatran|spe|1
|-damage|p1a: Heatran|57/100|[from] ability: Rough Skin|[of] p2a: Garchomp
|faint|p2a: Garchomp
|
|-weather|Sandstorm|[upkeep]
|upkeep
|
|t:|1734876481
|switch|p2a: Keldeo|Keldeo|100/100
|turn|16
|
|t:|1734876504
|switch|p2a: Dragonite|Dragonite, M|100/100
|move|p1a: Heatran|Earth Power|p2a: Dragonite
|-immune|p2a: Dragonite
|
|-weather|Sandstorm|[upkeep]
|-damage|p2a: Dragonite|94/100|[from] Sandstorm
|upkeep
|turn|17
|
|t:|1734876512
|switch|p2a: Keldeo|Keldeo|100/100
|move|p1a: Heatran|Hidden Power|p2a: Keldeo
|-resisted|p2a: Keldeo
|-damage|p2a: Keldeo|85/100
|
|-weather|Sandstorm|[upkeep]
|-damage|p2a: Keldeo|79/100|[from] Sandstorm
|upkeep
|turn|18
|
|t:|1734876517
|move|p2a: Keldeo|Secret Sword|p1a: Heatran
|-supereffective|p1a: Heatran
|-damage|p1a: Heatran|0 fnt
|faint|p1a: Heatran
|
|-weather|Sandstorm|[upkeep]
|-damage|p2a: Keldeo|73/100|[from] Sandstorm
|upkeep
|
|t:|1734876521
|switch|p1a: Jellicent|Jellicent, M|61/100
|turn|19
|
|t:|1734876524
|switch|p2a: Dragonite|Dragonite, M|94/100
|move|p1a: Jellicent|Will-O-Wisp|p2a: Dragonite|[miss]
|-miss|p1a: Jellicent|p2a: Dragonite
|
|-weather|Sandstorm|[upkeep]
|-damage|p2a: Dragonite|88/100|[from] Sandstorm
|-damage|p1a: Jellicent|55/100|[from] Sandstorm
|upkeep
|turn|20
|
|t:|1734876530
|move|p2a: Dragonite|Dragon Dance|p2a: Dragonite
|-boost|p2a: Dragonite|atk|1
|-boost|p2a: Dragonite|spe|1
|move|p1a: Jellicent|Will-O-Wisp|p2a: Dragonite|[miss]
|-miss|p1a: Jellicent|p2a: Dragonite
|
|-weather|Sandstorm|[upkeep]
|-damage|p2a: Dragonite|82/100|[from] Sandstorm
|-damage|p1a: Jellicent|49/100|[from] Sandstorm
|upkeep
|turn|21
|
|t:|1734876537
|move|p2a: Dragonite|Outrage|p1a: Jellicent
|-damage|p1a: Jellicent|0 fnt
|faint|p1a: Jellicent
|
|-weather|Sandstorm|[upkeep]
|-damage|p2a: Dragonite|76/100|[from] Sandstorm
|upkeep
|
|t:|1734876540
|switch|p1a: Alakazam|Alakazam, M|100/100
|turn|22
|
|t:|1734876543
|move|p2a: Dragonite|Outrage|p1a: Alakazam|[from]lockedmove
|-enditem|p1a: Alakazam|Focus Sash
|-damage|p1a: Alakazam|1/100
|move|p1a: Alakazam|Hidden Power|p2a: Dragonite
|-supereffective|p2a: Dragonite
|-damage|p2a: Dragonite|0 fnt
|faint|p2a: Dragonite
|
|-weather|Sandstorm|[upkeep]
|upkeep
|
|t:|1734876547
|switch|p2a: Keldeo|Keldeo|73/100
|turn|23
|
|t:|1734876550
|move|p2a: Keldeo|Scald|p1a: Alakazam
|-damage|p1a: Alakazam|0 fnt
|faint|p1a: Alakazam
|
|win|HydreigonSpammer
|raw|Gus_0Z's rating: 1312 &rarr; <strong>1297</strong><br />(-15 for losing)
|raw|HydreigonSpammer's rating: 1405 &rarr; <strong>1420</strong><br />(+15 for winning)
