|j|☆uhukkjhh
|j|☆daddy_days
|t:|1739561434
|gametype|singles
|player|p1|uhukkjhh|170|1491
|player|p2|daddy_days|hugh|1564
|teamsize|p1|6
|teamsize|p2|6
|gen|5
|tier|[Gen 5] OU
|rated|
|rule|Species Clause: Limit one of each Pokémon
|rule|OHKO Clause: OHKO moves are banned
|rule|Moody Clause: Moody is banned
|rule|Evasion Items Clause: Evasion items are banned
|rule|Evasion Moves Clause: Evasion moves are banned
|rule|Endless Battle Clause: Forcing endless battles is banned
|rule|HP Percentage Mod: HP is shown in percentages
|rule|Evasion Abilities Clause: Evasion abilities are banned
|rule|Sleep Moves Clause: Sleep-inducing moves are banned
|rule|Swagger Clause: Swagger is banned
|rule|Baton Pass Stat Clause: No Baton Passer may have a way to boost its stats
|clearpoke
|poke|p1|Dragonite, M|item
|poke|p1|Starmie|item
|poke|p1|Latias, F|item
|poke|p1|Volcarona, M|item
|poke|p1|Jirachi|item
|poke|p1|Garchomp, F|item
|poke|p2|Kyurem-Black|item
|poke|p2|Garchomp, M|item
|poke|p2|Conkeldurr, F|item
|poke|p2|Starmie|item
|poke|p2|Bisharp, F|item
|poke|p2|Scyther, M|item
|teampreview
|inactive|Battle timer is ON: inactive players will automatically lose when time's up. (requested by uhukkjhh)
|
|t:|1739561466
|start
|switch|p1a: Latias|Latias, F|100/100
|switch|p2a: Painkiller|Garchomp, M|100/100
|turn|1
|
|t:|1739561473
|switch|p1a: Jirachi|Jirachi|100/100
|switch|p2a: Adolf|Bisharp, F|100/100
|-item|p2a: Adolf|Air Balloon
|
|upkeep
|turn|2
|
|t:|1739561481
|switch|p2a: Painkiller|Garchomp, M|100/100
|move|p1a: Jirachi|U-turn|p2a: Painkiller
|-damage|p2a: Painkiller|88/100
|-damage|p1a: Jirachi|88/100|[from] ability: Rough Skin|[of] p2a: Painkiller
|-damage|p1a: Jirachi|72/100|[from] item: Rocky Helmet|[of] p2a: Painkiller
|
|t:|1739561490
|switch|p1a: Starmie|Starmie|100/100|[from] U-turn
|-item|p1a: Starmie|Air Balloon
|
|upkeep
|turn|3
|
|t:|1739561516
|switch|p2a: Adolf|Bisharp, F|100/100
|-item|p2a: Adolf|Air Balloon
|move|p1a: Starmie|Ice Beam|p2a: Adolf
|-resisted|p2a: Adolf
|-damage|p2a: Adolf|77/100
|-enditem|p2a: Adolf|Air Balloon
|
|upkeep
|turn|4
|
|t:|1739561525
|-activate|p1a: Starmie|move: Pursuit
|move|p2a: Adolf|Pursuit|p1a: Starmie|[from] Pursuit
|-supereffective|p1a: Starmie
|-damage|p1a: Starmie|0 fnt
|-enditem|p1a: Starmie|Air Balloon
|faint|p1a: Starmie
|-hint|A Pokemon can't switch between when it runs out of HP and when it faints
|
|upkeep
|j| chuzzzi
|
|t:|1739561535
|switch|p1a: Dragonite|Dragonite, M|100/100
|turn|5
|
|t:|1739561549
|switch|p2a: Shrekster|Conkeldurr, F|100/100
|move|p1a: Dragonite|Dragon Dance|p1a: Dragonite
|-boost|p1a: Dragonite|atk|1
|-boost|p1a: Dragonite|spe|1
|
|upkeep
|turn|6
|l| chuzzzi
|
|t:|1739561556
|move|p1a: Dragonite|Outrage|p2a: Shrekster
|-damage|p2a: Shrekster|21/100
|move|p2a: Shrekster|Ice Punch|p1a: Dragonite
|-supereffective|p1a: Dragonite
|-damage|p1a: Dragonite|14/100
|
|-heal|p1a: Dragonite|21/100|[from] item: Leftovers
|-heal|p2a: Shrekster|27/100|[from] item: Leftovers
|upkeep
|turn|7
|
|t:|1739561575
|switch|p2a: Adolf|Bisharp, F|77/100
|move|p1a: Dragonite|Outrage|p2a: Adolf|[from] lockedmove
|-resisted|p2a: Adolf
|-damage|p2a: Adolf|19/100
|
|-heal|p1a: Dragonite|27/100|[from] item: Leftovers
|upkeep
|turn|8
|
|t:|1739561585
|move|p2a: Adolf|Sucker Punch|p1a: Dragonite
|-crit|p1a: Dragonite
|-damage|p1a: Dragonite|0 fnt
|faint|p1a: Dragonite
|
|upkeep
|
|t:|1739561590
|switch|p1a: Garchomp|Garchomp, F|100/100
|turn|9
|
|t:|1739561596
|move|p1a: Garchomp|Stealth Rock|p2a: Adolf
|-sidestart|p2: daddy_days|move: Stealth Rock
|move|p2a: Adolf|Night Slash|p1a: Garchomp
|-damage|p1a: Garchomp|62/100
|-damage|p2a: Adolf|7/100|[from] ability: Rough Skin|[of] p1a: Garchomp
|
|upkeep
|turn|10
|
|t:|1739561604
|move|p2a: Adolf|Sucker Punch||[still]
|-fail|p2a: Adolf
|move|p1a: Garchomp|Swords Dance|p1a: Garchomp
|-boost|p1a: Garchomp|atk|2
|
|upkeep
|turn|11
|
|t:|1739561610
|move|p2a: Adolf|Sucker Punch|p1a: Garchomp
|-damage|p1a: Garchomp|22/100
|-damage|p2a: Adolf|0 fnt|[from] ability: Rough Skin|[of] p1a: Garchomp
|faint|p2a: Adolf
|move|p1a: Garchomp|Earthquake|p2: Adolf|[notarget]
|-fail|p1a: Garchomp
|
|upkeep
|
|t:|1739561618
|switch|p2a: Starlight|Starmie|100/100
|-damage|p2a: Starlight|88/100|[from] Stealth Rock
|turn|12
|
|t:|1739561623
|switch|p1a: Jirachi|Jirachi|72/100
|move|p2a: Starlight|Psyshock|p1a: Jirachi
|-resisted|p1a: Jirachi
|-damage|p1a: Jirachi|65/100
|
|-heal|p2a: Starlight|94/100|[from] item: Leftovers
|upkeep
|turn|13
|
|t:|1739561632
|move|p1a: Jirachi|U-turn|p2a: Starlight
|-supereffective|p2a: Starlight
|-damage|p2a: Starlight|48/100
|
|t:|1739561634
|switch|p1a: Latias|Latias, F|100/100|[from] U-turn
|move|p2a: Starlight|Rapid Spin|p1a: Latias
|-damage|p1a: Latias|97/100
|-sideend|p2: daddy_days|Stealth Rock|[from] move: Rapid Spin|[of] p2a: Starlight
|
|-heal|p2a: Starlight|54/100|[from] item: Leftovers
|upkeep
|turn|14
|
|t:|1739561643
|move|p2a: Starlight|Thunder Wave|p1a: Latias
|-status|p1a: Latias|par
|move|p1a: Latias|Draco Meteor|p2a: Starlight
|-damage|p2a: Starlight|0 fnt
|-unboost|p1a: Latias|spa|2
|faint|p2a: Starlight
|
|upkeep
|
|t:|1739561660
|switch|p2a: Insane Dwayne|Kyurem-Black|100/100
|-ability|p2a: Insane Dwayne|Teravolt
|turn|15
|
|t:|1739561667
|move|p2a: Insane Dwayne|Dragon Claw|p1a: Latias
|-supereffective|p1a: Latias
|-damage|p1a: Latias|0 fnt
|faint|p1a: Latias
|
|upkeep
|
|t:|1739561670
|switch|p1a: Jirachi|Jirachi|65/100
|turn|16
|
|t:|1739561677
|switch|p1a: Garchomp|Garchomp, F|22/100
|switch|p2a: Painkiller|Garchomp, M|88/100
|
|upkeep
|turn|17
|
|t:|1739561684
|move|p1a: Garchomp|Stealth Rock|p2a: Painkiller
|-sidestart|p2: daddy_days|move: Stealth Rock
|move|p2a: Painkiller|Stealth Rock|p1a: Garchomp
|-sidestart|p1: uhukkjhh|move: Stealth Rock
|
|upkeep
|turn|18
|
|t:|1739561691
|move|p1a: Garchomp|Outrage|p2a: Painkiller
|-supereffective|p2a: Painkiller
|-damage|p2a: Painkiller|15/100
|-damage|p1a: Garchomp|9/100|[from] ability: Rough Skin|[of] p2a: Painkiller
|-damage|p1a: Garchomp|0 fnt|[from] item: Rocky Helmet|[of] p2a: Painkiller
|faint|p1a: Garchomp
|move|p2a: Painkiller|Earthquake|p1: Garchomp|[notarget]
|-fail|p2a: Painkiller
|
|upkeep
|
|t:|1739561695
|switch|p1a: Volcarona|Volcarona, M|100/100
|-damage|p1a: Volcarona|51/100|[from] Stealth Rock
|turn|19
|
|t:|1739561704
|move|p1a: Volcarona|Giga Drain|p2a: Painkiller
|-damage|p2a: Painkiller|0 fnt
|-heal|p1a: Volcarona|60/100|[from] drain|[of] p2a: Painkiller
|faint|p2a: Painkiller
|-damage|p1a: Volcarona|50/100|[from] item: Life Orb
|
|upkeep
|
|t:|1739561712
|switch|p2a: Insane Dwayne|Kyurem-Black|100/100
|-damage|p2a: Insane Dwayne|76/100|[from] Stealth Rock
|-ability|p2a: Insane Dwayne|Teravolt
|turn|20
|
|t:|1739561719
|move|p2a: Insane Dwayne|Outrage|p1a: Volcarona
|-crit|p1a: Volcarona
|-damage|p1a: Volcarona|0 fnt
|-status|p2a: Insane Dwayne|brn|[from] ability: Flame Body|[of] p1a: Volcarona
|faint|p1a: Volcarona
|
|-damage|p2a: Insane Dwayne|63/100 brn|[from] brn
|upkeep
|
|t:|1739561721
|switch|p1a: Jirachi|Jirachi|65/100
|-damage|p1a: Jirachi|59/100|[from] Stealth Rock
|turn|21
|
|t:|1739561731
|move|p1a: Jirachi|Iron Head|p2a: Insane Dwayne
|-supereffective|p2a: Insane Dwayne
|-damage|p2a: Insane Dwayne|0 fnt
|faint|p2a: Insane Dwayne
|
|upkeep
|
|t:|1739561736
|switch|p2a: Shrekster|Conkeldurr, F|27/100
|-damage|p2a: Shrekster|21/100|[from] Stealth Rock
|turn|22
|
|t:|1739561742
|move|p2a: Shrekster|Mach Punch|p1a: Jirachi
|-damage|p1a: Jirachi|28/100
|move|p1a: Jirachi|Iron Head|p2a: Shrekster
|-damage|p2a: Shrekster|0 fnt
|faint|p2a: Shrekster
|
|upkeep
|
|t:|1739561750
|switch|p2a: Blade|Scyther, M|100/100
|-damage|p2a: Blade|51/100|[from] Stealth Rock
|turn|23
|
|t:|1739561756
|move|p2a: Blade|U-turn|p1a: Jirachi
|-damage|p1a: Jirachi|0 fnt
|faint|p1a: Jirachi
|
|win|daddy_days
|raw|uhukkjhh's rating: 1491 &rarr; <strong>1475</strong><br />(-16 for losing)
|raw|daddy_days's rating: 1564 &rarr; <strong>1580</strong><br />(+16 for winning)
|l|☆uhukkjhh
|player|p1|
|c|☆daddy_days|gg
