|j|☆doughboy
|j|☆Princess Kisame
|player|p1|doughboy|102|1534
|player|p2|Princess Kisame|170|1298
|teamsize|p1|6
|teamsize|p2|6
|gametype|singles
|gen|5
|tier|[Gen 5] OU
|rated|
|rule|Sleep Clause Mod: Limit one foe put to sleep
|rule|Species Clause: Limit one of each Pokémon
|rule|OHKO Clause: OHKO moves are banned
|rule|Moody Clause: Moody is banned
|rule|Evasion Moves Clause: Evasion moves are banned
|rule|Endless Battle Clause: Forcing endless battles is banned
|rule|HP Percentage Mod: HP is shown in percentages
|rule|Evasion Abilities Clause: Evasion abilities are banned
|rule|Baton Pass Clause: Limit one Baton Passer, can't pass Spe and other stats simultaneously
|rule|Swagger Clause: Swagger is banned
|clearpoke
|poke|p1|Abomasnow, M|item
|poke|p1|Kyurem-Black|item
|poke|p1|Magnezone|item
|poke|p1|Gliscor, F|item
|poke|p1|Dragonite, F|item
|poke|p1|Forretress, M|item
|poke|p2|Alakazam, F|item
|poke|p2|Garchomp, M|item
|poke|p2|Gastrodon, F|item
|poke|p2|Skarmory, F|item
|poke|p2|Tyranitar, F|item
|poke|p2|Gengar, F|item
|teampreview
|
|start
|switch|p1a: Forretress|Forretress, M|100/100
|switch|p2a: Garchomp|Garchomp, M|100/100
|turn|1
|
|switch|p1a: Gliscor|Gliscor, F|100/100
|move|p2a: Garchomp|Fire Blast|p1a: Gliscor
|-damage|p1a: Gliscor|74/100
|
|-status|p1a: Gliscor|tox|[from] item: Toxic Orb
|upkeep
|turn|2
|
|move|p1a: Gliscor|Substitute|p1a: Gliscor
|-start|p1a: Gliscor|Substitute
|-damage|p1a: Gliscor|49/100 tox
|move|p2a: Garchomp|Stealth Rock|p1a: Gliscor
|-sidestart|p1: doughboy|move: Stealth Rock
|
|-heal|p1a: Gliscor|61/100 tox|[from] ability: Poison Heal
|upkeep
|turn|3
|
|switch|p2a: Skarmory|Skarmory, F|100/100
|move|p1a: Gliscor|Protect||[still]
|-fail|p1a: Gliscor
|
|-heal|p1a: Gliscor|74/100 tox|[from] ability: Poison Heal
|upkeep
|turn|4
|
|move|p1a: Gliscor|Baton Pass|p1a: Gliscor
|
|switch|p1a: Magnezone|Magnezone|100/100|[from]move: Baton Pass
|-damage|p1a: Magnezone|94/100|[from] Stealth Rock
|move|p2a: Skarmory|Spikes|p1a: Magnezone
|-sidestart|p1: doughboy|Spikes
|
|-heal|p1a: Magnezone|100/100|[from] item: Leftovers
|upkeep
|turn|5
|
|move|p1a: Magnezone|Thunderbolt|p2a: Skarmory
|-supereffective|p2a: Skarmory
|-ability|p2a: Skarmory|Sturdy
|-damage|p2a: Skarmory|1/100
|move|p2a: Skarmory|Whirlwind|p1a: Magnezone
|drag|p1a: Forretress|Forretress, M|100/100
|-damage|p1a: Forretress|88/100|[from] Spikes
|-damage|p1a: Forretress|76/100|[from] Stealth Rock
|
|-heal|p1a: Forretress|82/100|[from] item: Leftovers
|upkeep
|turn|6
|
|switch|p2a: Gengar|Gengar, F|100/100
|move|p1a: Forretress|Rapid Spin|p2a: Gengar
|-immune|p2a: Gengar
|
|-heal|p1a: Forretress|88/100|[from] item: Leftovers
|upkeep
|turn|7
|
|move|p2a: Gengar|Substitute|p2a: Gengar
|-start|p2a: Gengar|Substitute
|-damage|p2a: Gengar|76/100
|move|p1a: Forretress|Stealth Rock|p2a: Gengar
|-sidestart|p2: Princess Kisame|move: Stealth Rock
|
|-heal|p2a: Gengar|82/100|[from] item: Black Sludge
|-heal|p1a: Forretress|94/100|[from] item: Leftovers
|upkeep
|turn|8
|
|move|p2a: Gengar|Will-O-Wisp|p1a: Forretress|[miss]
|-miss|p2a: Gengar|p1a: Forretress
|move|p1a: Forretress|Toxic Spikes|p2a: Gengar
|-sidestart|p2: Princess Kisame|move: Toxic Spikes
|
|-heal|p2a: Gengar|88/100|[from] item: Black Sludge
|-heal|p1a: Forretress|100/100|[from] item: Leftovers
|upkeep
|turn|9
|
|move|p2a: Gengar|Will-O-Wisp|p1a: Forretress|[miss]
|-miss|p2a: Gengar|p1a: Forretress
|move|p1a: Forretress|Gyro Ball|p2a: Gengar
|-end|p2a: Gengar|Substitute
|
|-heal|p2a: Gengar|94/100|[from] item: Black Sludge
|upkeep
|turn|10
|
|switch|p1a: Gliscor|Gliscor, F|74/100 tox
|-damage|p1a: Gliscor|61/100 tox|[from] Stealth Rock
|move|p2a: Gengar|Substitute|p2a: Gengar
|-start|p2a: Gengar|Substitute
|-damage|p2a: Gengar|69/100
|
|-heal|p2a: Gengar|75/100|[from] item: Black Sludge
|-heal|p1a: Gliscor|74/100 tox|[from] ability: Poison Heal
|upkeep
|turn|11
|
|move|p1a: Gliscor|Protect|p1a: Gliscor
|-singleturn|p1a: Gliscor|Protect
|move|p2a: Gengar|Shadow Ball|p1a: Gliscor
|-activate|p1a: Gliscor|move: Protect
|
|-heal|p2a: Gengar|81/100|[from] item: Black Sludge
|-heal|p1a: Gliscor|86/100 tox|[from] ability: Poison Heal
|upkeep
|turn|12
|
|move|p2a: Gengar|Shadow Ball|p1a: Gliscor
|-damage|p1a: Gliscor|41/100 tox
|move|p1a: Gliscor|Substitute|p1a: Gliscor
|-start|p1a: Gliscor|Substitute
|-damage|p1a: Gliscor|16/100 tox
|
|-heal|p2a: Gengar|88/100|[from] item: Black Sludge
|-heal|p1a: Gliscor|29/100 tox|[from] ability: Poison Heal
|upkeep
|turn|13
|
|move|p1a: Gliscor|Protect|p1a: Gliscor
|-singleturn|p1a: Gliscor|Protect
|move|p2a: Gengar|Shadow Ball|p1a: Gliscor
|-activate|p1a: Gliscor|move: Protect
|
|-heal|p2a: Gengar|94/100|[from] item: Black Sludge
|-heal|p1a: Gliscor|41/100 tox|[from] ability: Poison Heal
|upkeep
|turn|14
|
|move|p2a: Gengar|Shadow Ball|p1a: Gliscor
|-end|p1a: Gliscor|Substitute
|move|p1a: Gliscor|Baton Pass|p1a: Gliscor
|
|switch|p1a: Abomasnow|Abomasnow, M, shiny|100/100|[from]move: Baton Pass
|-damage|p1a: Abomasnow|88/100|[from] Spikes
|-damage|p1a: Abomasnow|63/100|[from] Stealth Rock
|-weather|Hail|[from] ability: Snow Warning|[of] p1a: Abomasnow
|
|-weather|Hail|[upkeep]
|-damage|p2a: Gengar|88/100|[from] Hail
|-heal|p2a: Gengar|94/100|[from] item: Black Sludge
|upkeep
|turn|15
|
|move|p1a: Abomasnow|Blizzard|p2a: Gengar
|-end|p2a: Gengar|Substitute
|move|p2a: Gengar|Focus Blast|p1a: Abomasnow
|-supereffective|p1a: Abomasnow
|-damage|p1a: Abomasnow|0 fnt
|faint|p1a: Abomasnow
|
|-weather|Hail|[upkeep]
|-damage|p2a: Gengar|88/100|[from] Hail
|-heal|p2a: Gengar|94/100|[from] item: Black Sludge
|upkeep
|
|switch|p1a: Magnezone|Magnezone|100/100
|-damage|p1a: Magnezone|88/100|[from] Spikes
|-damage|p1a: Magnezone|82/100|[from] Stealth Rock
|turn|16
|
|move|p2a: Gengar|Focus Blast|p1a: Magnezone
|-supereffective|p1a: Magnezone
|-damage|p1a: Magnezone|0 fnt
|faint|p1a: Magnezone
|
|-weather|Hail|[upkeep]
|-damage|p2a: Gengar|88/100|[from] Hail
|-heal|p2a: Gengar|94/100|[from] item: Black Sludge
|upkeep
|
|switch|p1a: Dragonite|Dragonite, F|100/100
|-damage|p1a: Dragonite|76/100|[from] Stealth Rock
|turn|17
|
|move|p2a: Gengar|Will-O-Wisp|p1a: Dragonite
|-status|p1a: Dragonite|brn
|move|p1a: Dragonite|Dragon Dance|p1a: Dragonite
|-boost|p1a: Dragonite|atk|1
|-boost|p1a: Dragonite|spe|1
|
|-weather|Hail|[upkeep]
|-damage|p1a: Dragonite|70/100 brn|[from] Hail
|-damage|p2a: Gengar|88/100|[from] Hail
|-heal|p1a: Dragonite|76/100 brn|[from] item: Leftovers
|-heal|p2a: Gengar|94/100|[from] item: Black Sludge
|-damage|p1a: Dragonite|63/100 brn|[from] brn
|upkeep
|turn|18
|
|switch|p2a: Skarmory|Skarmory, F|1/100
|-damage|p2a: Skarmory|0 fnt|[from] Stealth Rock
|faint|p2a: Skarmory
|move|p1a: Dragonite|Dragon Claw|p2: Skarmory|[notarget]
|-fail|p1a: Dragonite
|
|-weather|Hail|[upkeep]
|-damage|p1a: Dragonite|57/100 brn|[from] Hail
|-heal|p1a: Dragonite|63/100 brn|[from] item: Leftovers
|-damage|p1a: Dragonite|51/100 brn|[from] brn
|upkeep
|
|switch|p2a: Gastrodon|Gastrodon, F, shiny|100/100
|-damage|p2a: Gastrodon|94/100|[from] Stealth Rock
|-status|p2a: Gastrodon|psn
|turn|19
|
|move|p1a: Dragonite|Roost|p1a: Dragonite
|-heal|p1a: Dragonite|100/100 brn
|-singleturn|p1a: Dragonite|move: Roost
|move|p2a: Gastrodon|Ice Beam|p1a: Dragonite
|-supereffective|p1a: Dragonite
|-damage|p1a: Dragonite|81/100 brn
|
|-weather|Hail|[upkeep]
|-damage|p1a: Dragonite|74/100 brn|[from] Hail
|-damage|p2a: Gastrodon|88/100 psn|[from] Hail
|-heal|p1a: Dragonite|81/100 brn|[from] item: Leftovers
|-heal|p2a: Gastrodon|94/100 psn|[from] item: Leftovers
|-damage|p1a: Dragonite|68/100 brn|[from] brn
|-damage|p2a: Gastrodon|82/100 psn|[from] psn
|upkeep
|turn|20
|
|move|p1a: Dragonite|Roost|p1a: Dragonite
|-heal|p1a: Dragonite|100/100 brn
|-singleturn|p1a: Dragonite|move: Roost
|move|p2a: Gastrodon|Ice Beam|p1a: Dragonite
|-supereffective|p1a: Dragonite
|-damage|p1a: Dragonite|77/100 brn
|
|-weather|Hail|[upkeep]
|-damage|p1a: Dragonite|71/100 brn|[from] Hail
|-damage|p2a: Gastrodon|76/100 psn|[from] Hail
|-heal|p1a: Dragonite|77/100 brn|[from] item: Leftovers
|-heal|p2a: Gastrodon|82/100 psn|[from] item: Leftovers
|-damage|p1a: Dragonite|65/100 brn|[from] brn
|-damage|p2a: Gastrodon|70/100 psn|[from] psn
|upkeep
|turn|21
|
|move|p1a: Dragonite|Roost|p1a: Dragonite
|-heal|p1a: Dragonite|100/100 brn
|-singleturn|p1a: Dragonite|move: Roost
|move|p2a: Gastrodon|Ice Beam|p1a: Dragonite
|-supereffective|p1a: Dragonite
|-damage|p1a: Dragonite|79/100 brn
|
|-weather|Hail|[upkeep]
|-damage|p1a: Dragonite|72/100 brn|[from] Hail
|-damage|p2a: Gastrodon|63/100 psn|[from] Hail
|-heal|p1a: Dragonite|79/100 brn|[from] item: Leftovers
|-heal|p2a: Gastrodon|70/100 psn|[from] item: Leftovers
|-damage|p1a: Dragonite|66/100 brn|[from] brn
|-damage|p2a: Gastrodon|57/100 psn|[from] psn
|upkeep
|turn|22
|
|move|p1a: Dragonite|Roost|p1a: Dragonite
|-heal|p1a: Dragonite|100/100 brn
|-singleturn|p1a: Dragonite|move: Roost
|move|p2a: Gastrodon|Recover|p2a: Gastrodon
|-heal|p2a: Gastrodon|100/100 psn
|
|-weather|Hail|[upkeep]
|-damage|p1a: Dragonite|94/100 brn|[from] Hail
|-damage|p2a: Gastrodon|94/100 psn|[from] Hail
|-heal|p1a: Dragonite|100/100 brn|[from] item: Leftovers
|-heal|p2a: Gastrodon|100/100 psn|[from] item: Leftovers
|-damage|p1a: Dragonite|88/100 brn|[from] brn
|-damage|p2a: Gastrodon|88/100 psn|[from] psn
|upkeep
|turn|23
|
|switch|p1a: Forretress|Forretress, M|100/100
|-damage|p1a: Forretress|88/100|[from] Stealth Rock
|-damage|p1a: Forretress|76/100|[from] Spikes
|move|p2a: Gastrodon|Ice Beam|p1a: Forretress
|-resisted|p1a: Forretress
|-damage|p1a: Forretress|63/100
|
|-weather|Hail|[upkeep]
|-damage|p2a: Gastrodon|82/100 psn|[from] Hail
|-damage|p1a: Forretress|57/100|[from] Hail
|-heal|p2a: Gastrodon|88/100 psn|[from] item: Leftovers
|-heal|p1a: Forretress|63/100|[from] item: Leftovers
|-damage|p2a: Gastrodon|76/100 psn|[from] psn
|upkeep
|turn|24
|
|switch|p2a: Gengar|Gengar, F|94/100
|-damage|p2a: Gengar|81/100|[from] Stealth Rock
|move|p1a: Forretress|Gyro Ball|p2a: Gengar
|-damage|p2a: Gengar|22/100
|
|-weather|Hail|[upkeep]
|-damage|p2a: Gengar|16/100|[from] Hail
|-damage|p1a: Forretress|57/100|[from] Hail
|-heal|p2a: Gengar|22/100|[from] item: Black Sludge
|-heal|p1a: Forretress|63/100|[from] item: Leftovers
|upkeep
|turn|25
|
|move|p2a: Gengar|Will-O-Wisp|p1a: Forretress
|-status|p1a: Forretress|brn
|move|p1a: Forretress|Gyro Ball|p2a: Gengar
|-damage|p2a: Gengar|0 fnt
|faint|p2a: Gengar
|
|-weather|Hail|[upkeep]
|-damage|p1a: Forretress|57/100 brn|[from] Hail
|-heal|p1a: Forretress|63/100 brn|[from] item: Leftovers
|-damage|p1a: Forretress|51/100 brn|[from] brn
|upkeep
|
|switch|p2a: Garchomp|Garchomp, M|100/100
|-damage|p2a: Garchomp|94/100|[from] Stealth Rock
|-status|p2a: Garchomp|psn
|turn|26
|
|switch|p2a: Tyranitar|Tyranitar, F|100/100
|-status|p2a: Tyranitar|psn
|-damage|p2a: Tyranitar|88/100 psn|[from] Stealth Rock
|-weather|Sandstorm|[from] ability: Sand Stream|[of] p2a: Tyranitar
|move|p1a: Forretress|Rapid Spin|p2a: Tyranitar
|-resisted|p2a: Tyranitar
|-damage|p2a: Tyranitar|87/100 psn
|-sideend|p1: doughboy|Spikes|[from] move: Rapid Spin|[of] p1a: Forretress
|-sideend|p1: doughboy|Stealth Rock|[from] move: Rapid Spin|[of] p1a: Forretress
|
|-weather|Sandstorm|[upkeep]
|-heal|p1a: Forretress|57/100 brn|[from] item: Leftovers
|-damage|p2a: Tyranitar|75/100 psn|[from] psn
|-damage|p1a: Forretress|45/100 brn|[from] brn
|upkeep
|turn|27
|
|switch|p2a: Garchomp|Garchomp, M|94/100 psn
|-damage|p2a: Garchomp|88/100 psn|[from] Stealth Rock
|move|p1a: Forretress|Gyro Ball|p2a: Garchomp
|-damage|p2a: Garchomp|79/100 psn
|-damage|p1a: Forretress|32/100 brn|[from] ability: Rough Skin|[of] p2a: Garchomp
|-damage|p1a: Forretress|15/100 brn|[from] item: Rocky Helmet|[of] p2a: Garchomp
|
|-weather|Sandstorm|[upkeep]
|-heal|p1a: Forretress|22/100 brn|[from] item: Leftovers
|-damage|p2a: Garchomp|66/100 psn|[from] psn
|-damage|p1a: Forretress|9/100 brn|[from] brn
|upkeep
|turn|28
|
|switch|p1a: Gliscor|Gliscor, F|41/100 tox
|move|p2a: Garchomp|Stealth Rock|p1a: Gliscor
|-sidestart|p1: doughboy|move: Stealth Rock
|
|-weather|Sandstorm|[upkeep]
|-heal|p1a: Gliscor|54/100 tox|[from] ability: Poison Heal
|-damage|p2a: Garchomp|54/100 psn|[from] psn
|upkeep
|turn|29
|
|switch|p2a: Alakazam|Alakazam, F|100/100
|-status|p2a: Alakazam|psn
|move|p1a: Gliscor|Protect||[still]
|-fail|p1a: Gliscor
|
|-weather|Sandstorm|[upkeep]
|-heal|p1a: Gliscor|66/100 tox|[from] ability: Poison Heal
|upkeep
|turn|30
|
|switch|p2a: Gastrodon|Gastrodon, F, shiny|76/100 psn
|-damage|p2a: Gastrodon|70/100 psn|[from] Stealth Rock
|move|p1a: Gliscor|Protect||[still]
|-fail|p1a: Gliscor
|
|-weather|Sandstorm|[upkeep]
|-heal|p2a: Gastrodon|76/100 psn|[from] item: Leftovers
|-heal|p1a: Gliscor|79/100 tox|[from] ability: Poison Heal
|-damage|p2a: Gastrodon|63/100 psn|[from] psn
|upkeep
|turn|31
|
|move|p1a: Gliscor|Substitute|p1a: Gliscor
|-start|p1a: Gliscor|Substitute
|-damage|p1a: Gliscor|54/100 tox
|move|p2a: Gastrodon|Recover|p2a: Gastrodon
|-heal|p2a: Gastrodon|100/100 psn
|
|-weather|Sandstorm|[upkeep]
|-heal|p1a: Gliscor|66/100 tox|[from] ability: Poison Heal
|-damage|p2a: Gastrodon|88/100 psn|[from] psn
|upkeep
|turn|32
|
|move|p1a: Gliscor|Protect|p1a: Gliscor
|-singleturn|p1a: Gliscor|Protect
|move|p2a: Gastrodon|Ice Beam|p1a: Gliscor
|-activate|p1a: Gliscor|move: Protect
|
|-weather|Sandstorm|[upkeep]
|-heal|p2a: Gastrodon|94/100 psn|[from] item: Leftovers
|-heal|p1a: Gliscor|79/100 tox|[from] ability: Poison Heal
|-damage|p2a: Gastrodon|82/100 psn|[from] psn
|upkeep
|turn|33
|
|move|p1a: Gliscor|Baton Pass|p1a: Gliscor
|
|switch|p1a: Kyurem|Kyurem-Black|100/100|[from]move: Baton Pass
|-damage|p1a: Kyurem|76/100|[from] Stealth Rock
|-ability|p1a: Kyurem|Teravolt
|move|p2a: Gastrodon|Ice Beam|p1a: Kyurem
|-activate|p1a: Kyurem|Substitute|[damage]
|
|-weather|Sandstorm|[upkeep]
|-damage|p1a: Kyurem|69/100|[from] Sandstorm
|-heal|p2a: Gastrodon|88/100 psn|[from] item: Leftovers
|-damage|p2a: Gastrodon|75/100 psn|[from] psn
|upkeep
|turn|34
|
|move|p1a: Kyurem|Blizzard|p2a: Gastrodon
|-damage|p2a: Gastrodon|2/100 psn
|-damage|p1a: Kyurem|60/100|[from] item: Life Orb
|move|p2a: Gastrodon|Ice Beam|p1a: Kyurem
|-end|p1a: Kyurem|Substitute
|
|-weather|Sandstorm|[upkeep]
|-damage|p1a: Kyurem|53/100|[from] Sandstorm
|-heal|p2a: Gastrodon|8/100 psn|[from] item: Leftovers
|-damage|p2a: Gastrodon|0 fnt|[from] psn
|faint|p2a: Gastrodon
|upkeep
|
|switch|p2a: Tyranitar|Tyranitar, F|75/100 psn
|-damage|p2a: Tyranitar|62/100 psn|[from] Stealth Rock
|turn|35
|
|switch|p1a: Forretress|Forretress, M|9/100 brn
|-damage|p1a: Forretress|0 fnt|[from] Stealth Rock
|faint|p1a: Forretress
|move|p2a: Tyranitar|Crunch|p1: Forretress|[notarget]
|-fail|p2a: Tyranitar
|
|-weather|Sandstorm|[upkeep]
|-damage|p2a: Tyranitar|50/100 psn|[from] psn
|upkeep
|
|switch|p1a: Gliscor|Gliscor, F|79/100 tox
|-damage|p1a: Gliscor|66/100 tox|[from] Stealth Rock
|turn|36
|
|switch|p2a: Alakazam|Alakazam, F|100/100 psn
|move|p1a: Gliscor|Substitute|p1a: Gliscor
|-start|p1a: Gliscor|Substitute
|-damage|p1a: Gliscor|41/100 tox
|
|-weather|Sandstorm|[upkeep]
|-heal|p1a: Gliscor|54/100 tox|[from] ability: Poison Heal
|upkeep
|turn|37
|inactive|Battle timer is ON: inactive players will automatically lose when time's up. (requested by Princess Kisame)
|
|move|p1a: Gliscor|Protect|p1a: Gliscor
|-singleturn|p1a: Gliscor|Protect
|move|p2a: Alakazam|Encore|p1a: Gliscor
|-activate|p1a: Gliscor|move: Protect
|
|-weather|Sandstorm|[upkeep]
|-heal|p1a: Gliscor|66/100 tox|[from] ability: Poison Heal
|upkeep
|turn|38
|
|move|p2a: Alakazam|Encore|p1a: Gliscor
|-start|p1a: Gliscor|Encore
|move|p1a: Gliscor|Protect||[still]
|-fail|p1a: Gliscor
|
|-weather|Sandstorm|[upkeep]
|-heal|p1a: Gliscor|79/100 tox|[from] ability: Poison Heal
|upkeep
|turn|39
|
|switch|p1a: Kyurem|Kyurem-Black|53/100
|-damage|p1a: Kyurem|29/100|[from] Stealth Rock
|-ability|p1a: Kyurem|Teravolt
|move|p2a: Alakazam|Psyshock|p1a: Kyurem
|-damage|p1a: Kyurem|0 fnt
|faint|p1a: Kyurem
|
|-weather|Sandstorm|[upkeep]
|upkeep
|
|switch|p1a: Gliscor|Gliscor, F|79/100 tox
|-damage|p1a: Gliscor|66/100 tox|[from] Stealth Rock
|turn|40
|
|move|p2a: Alakazam|Psyshock|p1a: Gliscor
|-damage|p1a: Gliscor|34/100 tox
|move|p1a: Gliscor|Earthquake|p2a: Alakazam
|-damage|p2a: Alakazam|16/100 psn
|
|-weather|Sandstorm|[upkeep]
|-heal|p1a: Gliscor|47/100 tox|[from] ability: Poison Heal
|upkeep
|turn|41
|
|move|p2a: Alakazam|Encore|p1a: Gliscor
|-start|p1a: Gliscor|Encore
|move|p1a: Gliscor|Earthquake|p2a: Alakazam
|-damage|p2a: Alakazam|0 fnt
|faint|p2a: Alakazam
|
|-weather|Sandstorm|[upkeep]
|-heal|p1a: Gliscor|59/100 tox|[from] ability: Poison Heal
|upkeep
|
|switch|p2a: Tyranitar|Tyranitar, F|50/100 psn
|-damage|p2a: Tyranitar|38/100 psn|[from] Stealth Rock
|turn|42
|
|switch|p1a: Dragonite|Dragonite, F|88/100 brn
|-damage|p1a: Dragonite|63/100 brn|[from] Stealth Rock
|move|p2a: Tyranitar|Ice Beam|p1a: Dragonite
|-supereffective|p1a: Dragonite
|-damage|p1a: Dragonite|0 fnt
|faint|p1a: Dragonite
|
|-weather|Sandstorm|[upkeep]
|-damage|p2a: Tyranitar|25/100 psn|[from] psn
|upkeep
|
|switch|p1a: Gliscor|Gliscor, F|59/100 tox
|-damage|p1a: Gliscor|47/100 tox|[from] Stealth Rock
|turn|43
|
|move|p1a: Gliscor|Protect|p1a: Gliscor
|-singleturn|p1a: Gliscor|Protect
|move|p2a: Tyranitar|Ice Beam|p1a: Gliscor
|-activate|p1a: Gliscor|move: Protect
|
|-weather|Sandstorm|[upkeep]
|-damage|p2a: Tyranitar|13/100 psn|[from] psn
|-heal|p1a: Gliscor|59/100 tox|[from] ability: Poison Heal
|upkeep
|turn|44
|
|move|p1a: Gliscor|Protect||[still]
|-fail|p1a: Gliscor
|move|p2a: Tyranitar|Ice Beam|p1a: Gliscor
|-supereffective|p1a: Gliscor
|-damage|p1a: Gliscor|0 fnt
|faint|p1a: Gliscor
|
|win|Princess Kisame
|raw|doughboy's rating: 1534 &rarr; <strong>1503</strong><br />(-31 for losing)
|raw|Princess Kisame's rating: 1312 &rarr; <strong>1344</strong><br />(+32 for winning)
|c|☆Princess Kisame|thank godf
|c|☆Princess Kisame|ur garbage
|l|☆Princess Kisame
|j|☆Princess Kisame
|player|p2|Princess Kisame|170
