|j|☆porrompompom
|j|☆Tamanivalu
|player|p1|porrompompom|10
|player|p2|Tamanivalu|102
|teamsize|p1|6
|teamsize|p2|6
|gametype|singles
|gen|5
|tier|[Gen 5] OU
|rated|
|rule|Sleep Clause Mod: Limit one foe put to sleep
|rule|Species Clause: Limit one of each Pokémon
|rule|OHKO Clause: OHKO moves are banned
|rule|Moody Clause: Moody is banned
|rule|Evasion Moves Clause: Evasion moves are banned
|rule|Endless Battle Clause: Forcing endless battles is banned
|rule|HP Percentage Mod: HP is shown in percentages
|rule|Evasion Abilities Clause: Evasion abilities are banned
|rule|Baton Pass Clause: Limit one Baton Passer, can't pass Spe and other stats simultaneously
|rule|Swagger Clause: Swagger is banned
|clearpoke
|poke|p1|Wobbuffet, M|item
|poke|p1|Breloom, M|item
|poke|p1|Dragonite, F|item
|poke|p1|Excadrill, F|item
|poke|p1|Starmie|item
|poke|p1|Volcarona, M|item
|poke|p2|Reuniclus, M|item
|poke|p2|Tyranitar, M|item
|poke|p2|Skarmory, M|item
|poke|p2|Terrakion|item
|poke|p2|Garchomp, M|item
|poke|p2|Jellicent, M|item
|teampreview
|raw|<div class="broadcast-red"><strong>This room is now invite only!</strong><br />Users must be rank + or invited with <code>/invite</code> to join</div>
|c|☆Tamanivalu|/log Tamanivalu set modjoin to +.
|c|☆Tamanivalu|/log Tamanivalu made this room hidden.
|
|start
|switch|p1a: Excadrill|Excadrill, F|100/100
|switch|p2a: Garchomp|Garchomp, M|100/100
|-ability|p1a: Excadrill|Mold Breaker
|turn|1
|
|move|p1a: Excadrill|Stealth Rock|p2a: Garchomp
|-sidestart|p2: Tamanivalu|move: Stealth Rock
|move|p2a: Garchomp|Earthquake|p1a: Excadrill
|-supereffective|p1a: Excadrill
|-enditem|p1a: Excadrill|Focus Sash
|-damage|p1a: Excadrill|1/100
|
|upkeep
|turn|2
|
|move|p1a: Excadrill|Earthquake|p2a: Garchomp
|-crit|p2a: Garchomp
|-damage|p2a: Garchomp|23/100
|move|p2a: Garchomp|Stealth Rock|p1a: Excadrill
|-sidestart|p1: porrompompom|move: Stealth Rock
|
|upkeep
|turn|3
|
|switch|p2a: Skarmory|Skarmory, M|100/100
|-damage|p2a: Skarmory|88/100|[from] Stealth Rock
|move|p1a: Excadrill|Earthquake|p2a: Skarmory
|-immune|p2a: Skarmory|[msg]
|
|upkeep
|turn|4
|
|move|p1a: Excadrill|Earthquake|p2a: Skarmory
|-immune|p2a: Skarmory|[msg]
|move|p2a: Skarmory|Spikes|p1a: Excadrill
|-sidestart|p1: porrompompom|Spikes
|
|upkeep
|turn|5
|
|move|p1a: Excadrill|Earthquake|p2a: Skarmory
|-immune|p2a: Skarmory|[msg]
|move|p2a: Skarmory|Spikes|p1a: Excadrill
|-sidestart|p1: porrompompom|Spikes
|
|upkeep
|turn|6
|
|move|p1a: Excadrill|Rapid Spin|p2a: Skarmory
|-resisted|p2a: Skarmory
|-damage|p2a: Skarmory|86/100
|-damage|p1a: Excadrill|0 fnt|[from] item: Rocky Helmet|[of] p2a: Skarmory
|faint|p1a: Excadrill
|-formechange|p1a: Excadrill|Excadrill|
|move|p2a: Skarmory|Spikes|p1: Excadrill
|-sidestart|p1: porrompompom|Spikes
|
|upkeep
|
|switch|p1a: Starmie|Starmie|100/100
|-damage|p1a: Starmie|76/100|[from] Spikes
|-damage|p1a: Starmie|63/100|[from] Stealth Rock
|turn|7
|
|switch|p2a: Jellicent|Jellicent, M|100/100
|-damage|p2a: Jellicent|88/100|[from] Stealth Rock
|move|p1a: Starmie|Thunder|p2a: Jellicent
|-supereffective|p2a: Jellicent
|-damage|p2a: Jellicent|20/100
|-damage|p1a: Starmie|53/100|[from] item: Life Orb
|
|-heal|p2a: Jellicent|26/100|[from] item: Leftovers
|upkeep
|turn|8
|
|move|p1a: Starmie|Thunder|p2a: Jellicent
|-supereffective|p2a: Jellicent
|-damage|p2a: Jellicent|0 fnt
|-damage|p1a: Starmie|43/100|[from] item: Life Orb
|faint|p2a: Jellicent
|
|upkeep
|
|switch|p2a: Tyranitar|Tyranitar, M|100/100
|-damage|p2a: Tyranitar|88/100|[from] Stealth Rock
|-weather|Sandstorm|[from] ability: Sand Stream|[of] p2a: Tyranitar
|turn|9
|
|move|p2a: Tyranitar|Pursuit|p1a: Starmie
|-supereffective|p1a: Starmie
|-damage|p1a: Starmie|0 fnt
|faint|p1a: Starmie
|
|-weather|Sandstorm|[upkeep]
|upkeep
|
|switch|p1a: Breloom|Breloom, M|100/100
|-damage|p1a: Breloom|76/100|[from] Spikes
|-damage|p1a: Breloom|69/100|[from] Stealth Rock
|turn|10
|
|switch|p2a: Garchomp|Garchomp, M|23/100
|-damage|p2a: Garchomp|16/100|[from] Stealth Rock
|move|p1a: Breloom|Swords Dance|p1a: Breloom
|-boost|p1a: Breloom|atk|2
|
|-weather|Sandstorm|[upkeep]
|-damage|p1a: Breloom|63/100|[from] Sandstorm
|upkeep
|turn|11
|
|move|p1a: Breloom|Mach Punch|p2a: Garchomp
|-damage|p2a: Garchomp|0 fnt
|-damage|p1a: Breloom|51/100|[from] ability: Rough Skin|[of] p2a: Garchomp
|-damage|p1a: Breloom|35/100|[from] item: Rocky Helmet|[of] p2a: Garchomp
|faint|p2a: Garchomp
|
|-weather|Sandstorm|[upkeep]
|-damage|p1a: Breloom|28/100|[from] Sandstorm
|upkeep
|
|switch|p2a: Terrakion|Terrakion|100/100
|-damage|p2a: Terrakion|94/100|[from] Stealth Rock
|turn|12
|
|move|p2a: Terrakion|Quick Attack|p1a: Breloom
|-damage|p1a: Breloom|0 fnt
|faint|p1a: Breloom
|
|-weather|Sandstorm|[upkeep]
|upkeep
|
|switch|p1a: Wobbuffet|Wobbuffet, M|100/100
|-damage|p1a: Wobbuffet|76/100|[from] Spikes
|-damage|p1a: Wobbuffet|63/100|[from] Stealth Rock
|turn|13
|
|move|p2a: Terrakion|Quick Attack|p1a: Wobbuffet
|-damage|p1a: Wobbuffet|44/100
|move|p1a: Wobbuffet|Counter|p2a: Terrakion
|-damage|p2a: Terrakion|25/100
|
|-weather|Sandstorm|[upkeep]
|-damage|p1a: Wobbuffet|38/100|[from] Sandstorm
|upkeep
|turn|14
|
|move|p2a: Terrakion|Quick Attack|p1a: Wobbuffet
|-damage|p1a: Wobbuffet|18/100
|move|p1a: Wobbuffet|Counter|p2a: Terrakion
|-damage|p2a: Terrakion|0 fnt
|faint|p2a: Terrakion
|
|-weather|Sandstorm|[upkeep]
|-damage|p1a: Wobbuffet|12/100|[from] Sandstorm
|upkeep
|
|switch|p2a: Tyranitar|Tyranitar, M|88/100
|-damage|p2a: Tyranitar|76/100|[from] Stealth Rock
|turn|15
|-enditem|p1a: Wobbuffet|Custap Berry|[eat]
|-activate|p1a: Wobbuffet|item: Custap Berry|[consumed]
|
|move|p1a: Wobbuffet|Destiny Bond|p1a: Wobbuffet
|-singlemove|p1a: Wobbuffet|Destiny Bond
|move|p2a: Tyranitar|Crunch|p1a: Wobbuffet
|-supereffective|p1a: Wobbuffet
|-damage|p1a: Wobbuffet|0 fnt
|faint|p1a: Wobbuffet
|-activate|p1a: Wobbuffet|move: Destiny Bond
|faint|p2a: Tyranitar
|
|-weather|Sandstorm|[upkeep]
|upkeep
|c|☆Tamanivalu|lmao
|
|switch|p2a: Reuniclus|Reuniclus, M|100/100
|switch|p1a: Volcarona|Volcarona, M|100/100
|-damage|p1a: Volcarona|51/100|[from] Stealth Rock
|-damage|p1a: Volcarona|26/100|[from] Spikes
|turn|16
|
|move|p1a: Volcarona|Fire Blast|p2a: Reuniclus
|-damage|p2a: Reuniclus|44/100
|-status|p2a: Reuniclus|brn
|move|p2a: Reuniclus|Psyshock|p1a: Volcarona
|-damage|p1a: Volcarona|0 fnt
|faint|p1a: Volcarona
|
|-weather|Sandstorm|[upkeep]
|-heal|p2a: Reuniclus|50/100 brn|[from] item: Leftovers
|upkeep
|
|switch|p1a: Dragonite|Dragonite, F|100/100
|-damage|p1a: Dragonite|76/100|[from] Stealth Rock
|turn|17
|
|move|p1a: Dragonite|Dragon Dance|p1a: Dragonite
|-boost|p1a: Dragonite|atk|1
|-boost|p1a: Dragonite|spe|1
|move|p2a: Reuniclus|Psyshock|p1a: Dragonite
|-damage|p1a: Dragonite|41/100
|
|-weather|Sandstorm|[upkeep]
|-damage|p1a: Dragonite|35/100|[from] Sandstorm
|-heal|p2a: Reuniclus|56/100 brn|[from] item: Leftovers
|upkeep
|turn|18
|
|move|p1a: Dragonite|Outrage|p2a: Reuniclus
|-damage|p2a: Reuniclus|0 fnt
|faint|p2a: Reuniclus
|
|-weather|Sandstorm|[upkeep]
|-damage|p1a: Dragonite|29/100|[from] Sandstorm
|upkeep
|
|switch|p2a: Skarmory|Skarmory, M|86/100
|-damage|p2a: Skarmory|74/100|[from] Stealth Rock
|turn|19
|c|☆Tamanivalu|/log Tamanivalu made this room public.
|
|move|p1a: Dragonite|Outrage|p2a: Skarmory|[from]lockedmove
|-resisted|p2a: Skarmory
|-damage|p2a: Skarmory|46/100
|-damage|p1a: Dragonite|13/100|[from] item: Rocky Helmet|[of] p2a: Skarmory
|-start|p1a: Dragonite|confusion|[fatigue]
|-enditem|p1a: Dragonite|Lum Berry|[eat]
|-end|p1a: Dragonite|confusion
|move|p2a: Skarmory|Brave Bird|p1a: Dragonite
|-damage|p1a: Dragonite|0 fnt
|-damage|p2a: Skarmory|42/100|[from] Recoil
|faint|p1a: Dragonite
|
|win|Tamanivalu
|c|☆Tamanivalu|gg
|l|☆porrompompom
|raw|porrompompom's rating: 1527 &rarr; <strong>1498</strong><br />(-29 for losing)
|raw|Tamanivalu's rating: 1357 &rarr; <strong>1386</strong><br />(+29 for winning)
