|join|professorcaralho
|join|meekers
|player|p1|professorcaralho|120
|player|p2|meekers|32
|gametype|singles
|gen|5
|tier|[Gen 5] OU
|rated
|rule|Evasion Abilities Clause: Evasion abilities are banned
|clearpoke
|poke|p1|Politoed, M
|poke|p1|Latios, M
|poke|p1|Rotom-Wash
|poke|p1|Breloom, F
|poke|p1|Jirachi
|poke|p1|Scizor, F
|poke|p2|Latios, M, shiny
|poke|p2|Infernape, M
|poke|p2|Breloom, M
|poke|p2|Alakazam, M, shiny
|poke|p2|Forretress, M, shiny
|poke|p2|Garchomp, M, shiny
|rule|Sleep Clause Mod: Limit one foe put to sleep
|rule|Species Clause: Limit one of each Pokemon
|rule|OHKO Clause: OHKO moves are banned
|rule|Moody Clause: Moody is banned
|rule|Evasion Moves Clause: Evasion moves are banned
|rule|Endless Battle Clause: Forcing endless battles is banned.
|rule|HP Percentage Mod: HP is reported as percentages
|teampreview
|
|start
|switch|p1a: Minicraque|Jirachi|341/341
|switch|p2a: Breloom|Breloom, M|262/262
|turn|1
|
|move|p1a: Minicraque|Iron Head|p2a: Breloom
|-damage|p2a: Breloom|111/262
|cant|p2a: Breloom|flinch
|
|turn|2
|
|switch|p2a: Forretress|Forretress, M, shiny|291/291
|move|p1a: Minicraque|Iron Head|p2a: Forretress
|-resisted|p2a: Forretress
|-damage|p2a: Forretress|242/291
|
|turn|3
|
|switch|p1a: RaboGrande|Breloom, F|261/261
|move|p2a: Forretress|Stealth Rock|p1a: RaboGrande
|-sidestart|p1: professorcaralho|move: Stealth Rock
|
|-status|p1a: RaboGrande|tox|[from] item: Toxic Orb
|turn|4
|
|move|p1a: RaboGrande|Spore|p2a: Forretress
|-status|p2a: Forretress|slp
|cant|p2a: Forretress|slp
|
|turn|5
|
|-singleturn|p1a: RaboGrande|move: Focus Punch
|switch|p2a: Latios|Latios, M, shiny|301/301
|move|p1a: RaboGrande|Focus Punch|p2a: Latios
|-resisted|p2a: Latios
|-damage|p2a: Latios|146/301
|
|turn|6
|
|switch|p1a: Scizor|Scizor, F|282/282
|-damage|p1a: Scizor|247/282|[from] Stealth Rock
|move|p2a: Latios|Psyshock|p1a: Scizor
|-resisted|p1a: Scizor
|-damage|p1a: Scizor|172/282
|
|turn|7
|
|move|p2a: Latios|Psyshock|p1a: Scizor
|-resisted|p1a: Scizor
|-damage|p1a: Scizor|104/282
|move|p1a: Scizor|Pursuit|p2a: Latios
|-supereffective|p2a: Latios
|-damage|p2a: Latios|0 fnt
|-damage|p1a: Scizor|76/282|[from] item: Life Orb
|faint|p2a: Latios
|
|
|switch|p2a: Breloom|Breloom, M|111/262
|turn|8
|
|move|p1a: Scizor|Bullet Punch|p2a: Breloom
|-damage|p2a: Breloom|0 fnt
|-damage|p1a: Scizor|48/282|[from] item: Life Orb
|faint|p2a: Breloom
|
|
|switch|p2a: Infernape|Infernape, M|294/294
|turn|9
|
|move|p2a: Infernape|Mach Punch|p1a: Scizor
|-damage|p1a: Scizor|0 fnt
|faint|p1a: Scizor
|
|
|switch|p1a: SoPedro|Politoed, M|384/384
|-damage|p1a: SoPedro|336/384|[from] Stealth Rock
|-weather|RainDance|[from] ability: Drizzle|[of] p1a: SoPedro
|turn|10
|
|move|p2a: Infernape|Thunder Punch|p1a: SoPedro
|-supereffective|p1a: SoPedro
|-damage|p1a: SoPedro|74/384
|move|p1a: SoPedro|Hydro Pump|p2a: Infernape
|-supereffective|p2a: Infernape
|-damage|p2a: Infernape|0 fnt
|faint|p2a: Infernape
|
|-weather|RainDance|[upkeep]
|
|switch|p2a: Garchomp|Garchomp, M, shiny|358/358
|turn|11
|
|move|p2a: Garchomp|Dragon Claw|p1a: SoPedro
|-damage|p1a: SoPedro|0 fnt
|faint|p1a: SoPedro
|
|-weather|RainDance|[upkeep]
|
|switch|p1a: Antedeguemon|Latios, M|302/302
|-damage|p1a: Antedeguemon|265/302|[from] Stealth Rock
|turn|12
|
|switch|p2a: Forretress|Forretress, M, shiny|242/291 slp
|move|p1a: Antedeguemon|Draco Meteor|p2a: Forretress
|-resisted|p2a: Forretress
|-damage|p2a: Forretress|104/291 slp
|-unboost|p1a: Antedeguemon|spa|2
|
|-weather|RainDance|[upkeep]
|turn|13
|
|switch|p1a: RaboGrande|Breloom, F|261/261 tox
|-damage|p1a: RaboGrande|245/261 tox|[from] Stealth Rock
|cant|p2a: Forretress|slp
|
|-weather|RainDance|[upkeep]
|-heal|p1a: RaboGrande|261/261 tox|[from] ability: Poison Heal
|turn|14
|
|move|p1a: RaboGrande|Substitute|p1a: RaboGrande
|-start|p1a: RaboGrande|Substitute
|-damage|p1a: RaboGrande|196/261 tox
|cant|p2a: Forretress|slp
|
|-weather|RainDance|[upkeep]
|-heal|p1a: RaboGrande|228/261 tox|[from] ability: Poison Heal
|turn|15
|
|-singleturn|p1a: RaboGrande|move: Focus Punch
|cant|p2a: Forretress|slp
|move|p1a: RaboGrande|Focus Punch|p2a: Forretress
|-damage|p2a: Forretress|0 fnt
|faint|p2a: Forretress
|
|-weather|RainDance|[upkeep]
|-heal|p1a: RaboGrande|260/261 tox|[from] ability: Poison Heal
|-message|meekers forfeited.
|
|win|professorcaralho
|raw|Ladder updating...
|leave|meekers
|player|p2
|raw|professorcaralho's rating: 1326 &rarr; <strong>1346</strong><br />(+20 for winning)
|raw|meekers's rating: 1330 &rarr; <strong>1309</strong><br />(-21 for losing)