|j|☆authentise_is_shit
|j|☆HydreigonSpammer
|t:|1734297610
|gametype|singles
|player|p1|authentise_is_shit|265|1350
|player|p2|HydreigonSpammer|veteranf|1306
|teamsize|p1|6
|teamsize|p2|6
|gen|5
|tier|[Gen 5] OU
|rated|
|rule|Species Clause: Limit one of each Pokémon
|rule|OHKO Clause: OHKO moves are banned
|rule|Moody Clause: Moody is banned
|rule|Evasion Items Clause: Evasion items are banned
|rule|Evasion Moves Clause: Evasion moves are banned
|rule|Endless Battle Clause: Forcing endless battles is banned
|rule|HP Percentage Mod: HP is shown in percentages
|rule|Evasion Abilities Clause: Evasion abilities are banned
|rule|Sleep Moves Clause: Sleep-inducing moves are banned
|rule|Swagger Clause: Swagger is banned
|rule|Baton Pass Stat Clause: No Baton Passer may have a way to boost its stats
|clearpoke
|poke|p1|Ferrothorn, M|item
|poke|p1|Moltres|item
|poke|p1|Politoed, M|item
|poke|p1|Sableye, M|item
|poke|p1|Tentacruel, M|item
|poke|p1|Latias, F|item
|poke|p2|Azelf|item
|poke|p2|Volcarona, M|item
|poke|p2|Garchomp, F|item
|poke|p2|Dragonite, M|item
|poke|p2|Keldeo|item
|poke|p2|Starmie|item
|teampreview
|inactive|Battle timer is ON: inactive players will automatically lose when time's up. (requested by HydreigonSpammer)
|
|t:|1734297630
|start
|switch|p1a: Sableye|Sableye, M|100/100
|switch|p2a: Azelf|Azelf|100/100
|turn|1
|
|t:|1734297643
|switch|p2a: Keldeo|Keldeo|100/100
|move|p1a: Sableye|Taunt|p2a: Keldeo
|-start|p2a: Keldeo|move: Taunt
|
|upkeep
|turn|2
|
|t:|1734297659
|switch|p2a: Azelf|Azelf|100/100
|move|p1a: Sableye|Foul Play|p2a: Azelf
|-supereffective|p2a: Azelf
|-enditem|p2a: Azelf|Focus Sash
|-damage|p2a: Azelf|1/100
|
|upkeep
|turn|3
|
|t:|1734297668
|switch|p2a: Keldeo|Keldeo|100/100
|move|p1a: Sableye|Taunt|p2a: Keldeo
|-start|p2a: Keldeo|move: Taunt
|
|upkeep
|turn|4
|
|t:|1734297680
|switch|p1a: Politoed|Politoed, M|100/100
|-weather|RainDance|[from] ability: Drizzle|[of] p1a: Politoed
|move|p2a: Keldeo|Hydro Pump|p1a: Politoed
|-resisted|p1a: Politoed
|-damage|p1a: Politoed|34/100
|
|-weather|RainDance|[upkeep]
|-heal|p1a: Politoed|41/100|[from] item: Leftovers
|upkeep
|turn|5
|
|t:|1734297686
|move|p2a: Keldeo|Hydro Pump|p1a: Politoed
|-resisted|p1a: Politoed
|-damage|p1a: Politoed|0 fnt
|faint|p1a: Politoed
|
|-weather|RainDance|[upkeep]
|-end|p2a: Keldeo|move: Taunt
|upkeep
|
|t:|1734297689
|switch|p1a: Ferrothorn|Ferrothorn, M|100/100
|turn|6
|
|t:|1734297696
|switch|p2a: Azelf|Azelf|1/100
|move|p1a: Ferrothorn|Stealth Rock|p2a: Azelf
|-sidestart|p2: HydreigonSpammer|move: Stealth Rock
|
|-weather|RainDance|[upkeep]
|upkeep
|turn|7
|
|t:|1734297700
|move|p2a: Azelf|Stealth Rock|p1a: Ferrothorn
|-sidestart|p1: authentise_is_shit|move: Stealth Rock
|move|p1a: Ferrothorn|Gyro Ball|p2a: Azelf
|-damage|p2a: Azelf|0 fnt
|faint|p2a: Azelf
|
|-weather|RainDance|[upkeep]
|upkeep
|
|t:|1734297706
|switch|p2a: Keldeo|Keldeo|100/100
|-damage|p2a: Keldeo|94/100|[from] Stealth Rock
|turn|8
|
|t:|1734297713
|move|p2a: Keldeo|Secret Sword|p1a: Ferrothorn
|-supereffective|p1a: Ferrothorn
|-crit|p1a: Ferrothorn
|-damage|p1a: Ferrothorn|0 fnt
|faint|p1a: Ferrothorn
|
|-weather|RainDance|[upkeep]
|upkeep
|
|t:|1734297716
|switch|p1a: Tentacruel|Tentacruel, M|100/100
|-damage|p1a: Tentacruel|88/100|[from] Stealth Rock
|turn|9
|
|t:|1734297726
|switch|p2a: Starmie|Starmie|100/100
|-damage|p2a: Starmie|88/100|[from] Stealth Rock
|move|p1a: Tentacruel|Rapid Spin|p2a: Starmie
|-damage|p2a: Starmie|83/100
|-sideend|p1: authentise_is_shit|Stealth Rock|[from] move: Rapid Spin|[of] p1a: Tentacruel
|
|-weather|RainDance|[upkeep]
|-heal|p1a: Tentacruel|94/100|[from] ability: Rain Dish
|-heal|p1a: Tentacruel|99/100|[from] item: Black Sludge
|upkeep
|turn|10
|
|t:|1734297731
|switch|p1a: Sableye|Sableye, M|100/100
|move|p2a: Starmie|Scald|p1a: Sableye
|-damage|p1a: Sableye|0 fnt
|faint|p1a: Sableye
|-damage|p2a: Starmie|73/100|[from] item: Life Orb
|
|-weather|RainDance|[upkeep]
|upkeep
|
|t:|1734297736
|switch|p1a: Latias|Latias, F|100/100
|turn|11
|
|t:|1734297745
|move|p2a: Starmie|Rapid Spin|p1a: Latias
|-damage|p1a: Latias|97/100
|-sideend|p2: HydreigonSpammer|Stealth Rock|[from] move: Rapid Spin|[of] p2a: Starmie
|-damage|p2a: Starmie|63/100|[from] item: Life Orb
|move|p1a: Latias|Dragon Pulse|p2a: Starmie
|-damage|p2a: Starmie|12/100
|
|-weather|RainDance|[upkeep]
|-heal|p1a: Latias|100/100|[from] item: Leftovers
|upkeep
|turn|12
|
|t:|1734297750
|move|p2a: Starmie|Ice Beam|p1a: Latias
|-supereffective|p1a: Latias
|-damage|p1a: Latias|50/100
|-damage|p2a: Starmie|2/100|[from] item: Life Orb
|move|p1a: Latias|Dragon Pulse|p2a: Starmie
|-damage|p2a: Starmie|0 fnt
|faint|p2a: Starmie
|
|-weather|RainDance|[upkeep]
|-heal|p1a: Latias|56/100|[from] item: Leftovers
|upkeep
|inactive|HydreigonSpammer has 120 seconds left.
|
|t:|1734297808
|switch|p2a: Volcarona|Volcarona, M|100/100
|turn|13
|
|t:|1734297823
|switch|p1a: Moltres|Moltres|100/100
|-ability|p1a: Moltres|Pressure
|switch|p2a: Keldeo|Keldeo|94/100
|
|-weather|RainDance|[upkeep]
|upkeep
|turn|14
|
|t:|1734297828
|switch|p1a: Tentacruel|Tentacruel, M|99/100
|move|p2a: Keldeo|Scald|p1a: Tentacruel
|-resisted|p1a: Tentacruel
|-damage|p1a: Tentacruel|63/100
|
|-weather|RainDance|[upkeep]
|-heal|p1a: Tentacruel|69/100|[from] ability: Rain Dish
|-heal|p1a: Tentacruel|75/100|[from] item: Black Sludge
|upkeep
|turn|15
|inactive|HydreigonSpammer has 90 seconds left.
|
|t:|1734297850
|switch|p2a: Garchomp|Garchomp, F|100/100
|move|p1a: Tentacruel|Toxic Spikes|p2a: Garchomp
|-sidestart|p2: HydreigonSpammer|move: Toxic Spikes
|
|-weather|RainDance|[upkeep]
|-heal|p1a: Tentacruel|81/100|[from] ability: Rain Dish
|-heal|p1a: Tentacruel|87/100|[from] item: Black Sludge
|upkeep
|turn|16
|inactive|HydreigonSpammer has 90 seconds left.
|
|t:|1734297862
|switch|p1a: Moltres|Moltres|100/100
|-ability|p1a: Moltres|Pressure
|move|p2a: Garchomp|Earthquake|p1a: Moltres
|-immune|p1a: Moltres
|
|-weather|RainDance|[upkeep]
|upkeep
|turn|17
|inactive|HydreigonSpammer has 90 seconds left.
|
|t:|1734297873
|switch|p2a: Keldeo|Keldeo|94/100
|-status|p2a: Keldeo|psn
|move|p1a: Moltres|Hurricane|p2a: Keldeo
|-supereffective|p2a: Keldeo
|-damage|p2a: Keldeo|0 fnt
|faint|p2a: Keldeo
|
|-weather|RainDance|[upkeep]
|upkeep
|inactive|HydreigonSpammer has 90 seconds left.
|
|t:|1734297884
|switch|p2a: Dragonite|Dragonite, M|100/100
|turn|18
|inactive|HydreigonSpammer has 90 seconds left.
|
|t:|1734297889
|move|p1a: Moltres|Hurricane|p2a: Dragonite
|-damage|p2a: Dragonite|74/100
|move|p2a: Dragonite|Dragon Dance|p2a: Dragonite
|-boost|p2a: Dragonite|atk|1
|-boost|p2a: Dragonite|spe|1
|
|-weather|RainDance|[upkeep]
|upkeep
|turn|19
|inactive|HydreigonSpammer has 90 seconds left.
|inactive|HydreigonSpammer has 60 seconds left.
|
|t:|1734297930
|move|p2a: Dragonite|Dragon Dance|p2a: Dragonite
|-boost|p2a: Dragonite|atk|1
|-boost|p2a: Dragonite|spe|1
|move|p1a: Moltres|Hurricane|p2a: Dragonite
|-damage|p2a: Dragonite|22/100
|
|-weather|RainDance|[upkeep]
|upkeep
|turn|20
|
|t:|1734297937
|move|p2a: Dragonite|Outrage|p1a: Moltres
|-damage|p1a: Moltres|0 fnt
|faint|p1a: Moltres
|
|-weather|RainDance|[upkeep]
|upkeep
|
|t:|1734297941
|switch|p1a: Tentacruel|Tentacruel, M|87/100
|turn|21
|
|t:|1734297946
|move|p1a: Tentacruel|Protect|p1a: Tentacruel
|-singleturn|p1a: Tentacruel|Protect
|move|p2a: Dragonite|Outrage|p1a: Tentacruel|[from]lockedmove
|-activate|p1a: Tentacruel|move: Protect
|-start|p2a: Dragonite|confusion|[fatigue]
|-enditem|p2a: Dragonite|Lum Berry|[eat]
|-end|p2a: Dragonite|confusion
|
|-weather|RainDance|[upkeep]
|-heal|p1a: Tentacruel|93/100|[from] ability: Rain Dish
|-heal|p1a: Tentacruel|99/100|[from] item: Black Sludge
|upkeep
|turn|22
|
|t:|1734297957
|move|p2a: Dragonite|Earthquake|p1a: Tentacruel
|-supereffective|p1a: Tentacruel
|-damage|p1a: Tentacruel|0 fnt
|faint|p1a: Tentacruel
|
|-weather|RainDance|[upkeep]
|upkeep
|-message|authentise_is_shit forfeited.
|
|win|HydreigonSpammer
|raw|authentise_is_shit's rating: 1350 &rarr; <strong>1327</strong><br />(-23 for losing)
|raw|HydreigonSpammer's rating: 1306 &rarr; <strong>1329</strong><br />(+23 for winning)
|l|☆authentise_is_shit
|player|p1|
