|j|☆Ronfineman
|j|☆Giovanna G
|player|p1|Ronfineman|iris-gen5bw2|1336
|player|p2|Giovanna G|erika|1397
|teamsize|p1|6
|teamsize|p2|6
|gametype|singles
|gen|5
|tier|[Gen 5] OU
|rated|
|clearpoke
|poke|p1|Politoed, M|item
|poke|p1|Ferrothorn, M|item
|poke|p1|Salamence, M|item
|poke|p1|Jellicent, M|item
|poke|p1|Starmie|item
|poke|p1|Keldeo|item
|poke|p2|Skarmory, F|item
|poke|p2|Volcarona, M|item
|poke|p2|Excadrill, F|item
|poke|p2|Gyarados, F|item
|poke|p2|Scizor, F|item
|poke|p2|Reuniclus, F|item
|rule|Species Clause: Limit one of each Pokémon
|rule|OHKO Clause: OHKO moves are banned
|rule|Moody Clause: Moody is banned
|rule|Evasion Moves Clause: Evasion moves are banned
|rule|Endless Battle Clause: Forcing endless battles is banned
|rule|HP Percentage Mod: HP is shown in percentages
|rule|Evasion Abilities Clause: Evasion abilities are banned
|rule|Baton Pass Clause: Limit one Baton Passer, can't pass Spe and other stats simultaneously
|rule|Sleep Clause: Sleep-inducing moves are banned
|rule|Swagger Clause: Swagger is banned
|teampreview
|
|start
|switch|p1a: Suzumiya|Politoed, M, shiny|100/100
|switch|p2a: Skarmory|Skarmory, F|100/100
|-weather|RainDance|[from] ability: Drizzle|[of] p1a: Suzumiya
|turn|1
|
|move|p1a: Suzumiya|Surf|p2a: Skarmory
|-damage|p2a: Skarmory|21/100
|move|p2a: Skarmory|Stealth Rock|p1a: Suzumiya
|-sidestart|p1: Ronfineman|move: Stealth Rock
|
|-weather|RainDance|[upkeep]
|upkeep
|turn|2
|-enditem|p2a: Skarmory|Custap Berry|[eat]
|-activate|p2a: Skarmory|item: Custap Berry|[consumed]
|
|move|p2a: Skarmory|Spikes|p1a: Suzumiya
|-sidestart|p1: Ronfineman|Spikes
|move|p1a: Suzumiya|Surf|p2a: Skarmory
|-damage|p2a: Skarmory|0 fnt
|faint|p2a: Skarmory
|
|-weather|RainDance|[upkeep]
|upkeep
|
|switch|p2a: Gyarados|Gyarados, F, shiny|100/100
|-ability|p2a: Gyarados|Intimidate|boost
|-unboost|p1a: Suzumiya|atk|1
|turn|3
|
|switch|p1a: Chibi|Jellicent, M|100/100
|-damage|p1a: Chibi|88/100|[from] Spikes
|-damage|p1a: Chibi|76/100|[from] Stealth Rock
|move|p2a: Gyarados|Dragon Dance|p2a: Gyarados
|-boost|p2a: Gyarados|atk|1
|-boost|p2a: Gyarados|spe|1
|
|-weather|RainDance|[upkeep]
|-heal|p1a: Chibi|82/100|[from] item: Leftovers
|upkeep
|turn|4
|
|move|p2a: Gyarados|Bounce||[still]
|-prepare|p2a: Gyarados|Bounce|p1a: Chibi
|move|p1a: Chibi|Will-O-Wisp|p2a: Gyarados|[miss]
|-miss|p1a: Chibi|p2a: Gyarados
|
|-weather|RainDance|[upkeep]
|-heal|p1a: Chibi|88/100|[from] item: Leftovers
|upkeep
|turn|5
|
|move|p2a: Gyarados|Bounce|p1a: Chibi|[from]lockedmove
|-damage|p1a: Chibi|15/100
|-status|p1a: Chibi|par
|-damage|p2a: Gyarados|91/100|[from] item: Life Orb
|move|p1a: Chibi|Will-O-Wisp|p2a: Gyarados|[miss]
|-miss|p1a: Chibi|p2a: Gyarados
|
|-weather|RainDance|[upkeep]
|-heal|p1a: Chibi|21/100 par|[from] item: Leftovers
|upkeep
|turn|6
|
|move|p2a: Gyarados|Bounce||[still]
|-prepare|p2a: Gyarados|Bounce|p1a: Chibi
|cant|p1a: Chibi|par
|
|-weather|RainDance|[upkeep]
|-heal|p1a: Chibi|28/100 par|[from] item: Leftovers
|upkeep
|turn|7
|j| NoLegendariesnuub
|
|move|p2a: Gyarados|Bounce|p1a: Chibi|[from]lockedmove
|-damage|p1a: Chibi|0 fnt
|-damage|p2a: Gyarados|81/100|[from] item: Life Orb
|faint|p1a: Chibi
|
|-weather|RainDance|[upkeep]
|upkeep
|
|switch|p1a: C.I.D|Ferrothorn, M|100/100
|-damage|p1a: C.I.D|88/100|[from] Spikes
|-damage|p1a: C.I.D|82/100|[from] Stealth Rock
|turn|8
|
|move|p2a: Gyarados|Dragon Dance|p2a: Gyarados
|-boost|p2a: Gyarados|atk|1
|-boost|p2a: Gyarados|spe|1
|move|p1a: C.I.D|Leech Seed|p2a: Gyarados
|-start|p2a: Gyarados|move: Leech Seed
|
|-weather|RainDance|[upkeep]
|-heal|p1a: C.I.D|88/100|[from] item: Leftovers
|-damage|p2a: Gyarados|68/100|[from] Leech Seed|[of] p1a: C.I.D
|-heal|p1a: C.I.D|99/100|[silent]
|upkeep
|turn|9
|
|move|p2a: Gyarados|Bounce||[still]
|-prepare|p2a: Gyarados|Bounce|p1a: C.I.D
|move|p1a: C.I.D|Stealth Rock|p2a: Gyarados
|-sidestart|p2: Giovanna G|move: Stealth Rock
|
|-weather|RainDance|[upkeep]
|-heal|p1a: C.I.D|100/100|[from] item: Leftovers
|-damage|p2a: Gyarados|56/100|[from] Leech Seed|[of] p1a: C.I.D
|upkeep
|turn|10
|
|move|p1a: C.I.D|Protect|p1a: C.I.D
|-singleturn|p1a: C.I.D|Protect
|move|p2a: Gyarados|Bounce|p1a: C.I.D|[from]lockedmove
|-activate|p1a: C.I.D|move: Protect
|
|-weather|RainDance|[upkeep]
|-damage|p2a: Gyarados|43/100|[from] Leech Seed|[of] p1a: C.I.D
|upkeep
|turn|11
|
|move|p2a: Gyarados|Waterfall|p1a: C.I.D
|-resisted|p1a: C.I.D
|-damage|p1a: C.I.D|43/100
|-damage|p2a: Gyarados|31/100|[from] ability: Iron Barbs|[of] p1a: C.I.D
|-damage|p2a: Gyarados|21/100|[from] item: Life Orb
|cant|p1a: C.I.D|flinch
|
|-weather|RainDance|[upkeep]
|-heal|p1a: C.I.D|50/100|[from] item: Leftovers
|-damage|p2a: Gyarados|9/100|[from] Leech Seed|[of] p1a: C.I.D
|-heal|p1a: C.I.D|61/100|[silent]
|upkeep
|turn|12
|
|move|p1a: C.I.D|Protect|p1a: C.I.D
|-singleturn|p1a: C.I.D|Protect
|move|p2a: Gyarados|Waterfall|p1a: C.I.D
|-activate|p1a: C.I.D|move: Protect
|
|-weather|RainDance|[upkeep]
|-heal|p1a: C.I.D|68/100|[from] item: Leftovers
|-damage|p2a: Gyarados|0 fnt|[from] Leech Seed|[of] p1a: C.I.D
|-heal|p1a: C.I.D|75/100|[silent]
|faint|p2a: Gyarados
|upkeep
|
|switch|p2a: Volcarona|Volcarona, M|100/100
|-damage|p2a: Volcarona|50/100|[from] Stealth Rock
|-enditem|p2a: Volcarona|Sitrus Berry|[eat]
|-heal|p2a: Volcarona|75/100|[from] item: Sitrus Berry
|turn|13
|
|move|p2a: Volcarona|Quiver Dance|p2a: Volcarona
|-boost|p2a: Volcarona|spa|1
|-boost|p2a: Volcarona|spd|1
|-boost|p2a: Volcarona|spe|1
|move|p1a: C.I.D|Leech Seed|p2a: Volcarona
|-start|p2a: Volcarona|move: Leech Seed
|
|-weather|RainDance|[upkeep]
|-heal|p1a: C.I.D|81/100|[from] item: Leftovers
|-damage|p2a: Volcarona|63/100|[from] Leech Seed|[of] p1a: C.I.D
|-heal|p1a: C.I.D|94/100|[silent]
|upkeep
|turn|14
|
|switch|p1a: Suzumiya|Politoed, M, shiny|100/100
|-damage|p1a: Suzumiya|88/100|[from] Stealth Rock
|-damage|p1a: Suzumiya|76/100|[from] Spikes
|move|p2a: Volcarona|Quiver Dance|p2a: Volcarona
|-boost|p2a: Volcarona|spa|1
|-boost|p2a: Volcarona|spd|1
|-boost|p2a: Volcarona|spe|1
|
|-weather|RainDance|[upkeep]
|-damage|p2a: Volcarona|50/100|[from] Leech Seed|[of] p1a: Suzumiya
|-heal|p1a: Suzumiya|89/100|[silent]
|upkeep
|turn|15
|
|switch|p1a: C.I.D|Ferrothorn, M|94/100
|-damage|p1a: C.I.D|81/100|[from] Spikes
|-damage|p1a: C.I.D|75/100|[from] Stealth Rock
|move|p2a: Volcarona|Giga Drain|p1a: C.I.D
|-resisted|p1a: C.I.D
|-damage|p1a: C.I.D|64/100
|-heal|p2a: Volcarona|56/100|[from] drain|[of] p1a: C.I.D
|
|-weather|RainDance|[upkeep]
|-heal|p1a: C.I.D|70/100|[from] item: Leftovers
|-damage|p2a: Volcarona|44/100|[from] Leech Seed|[of] p1a: C.I.D
|-heal|p1a: C.I.D|83/100|[silent]
|upkeep
|turn|16
|
|move|p1a: C.I.D|Protect|p1a: C.I.D
|-singleturn|p1a: C.I.D|Protect
|move|p2a: Volcarona|Flamethrower|p1a: C.I.D
|-activate|p1a: C.I.D|move: Protect
|
|-weather|RainDance|[upkeep]
|-heal|p1a: C.I.D|89/100|[from] item: Leftovers
|-damage|p2a: Volcarona|31/100|[from] Leech Seed|[of] p1a: C.I.D
|-heal|p1a: C.I.D|100/100|[silent]
|upkeep
|turn|17
|
|switch|p1a: Suzumiya|Politoed, M, shiny|89/100
|-damage|p1a: Suzumiya|77/100|[from] Spikes
|-damage|p1a: Suzumiya|64/100|[from] Stealth Rock
|move|p2a: Volcarona|Flamethrower|p1a: Suzumiya
|-resisted|p1a: Suzumiya
|-crit|p1a: Suzumiya
|-damage|p1a: Suzumiya|3/100
|
|-weather|RainDance|[upkeep]
|-damage|p2a: Volcarona|19/100|[from] Leech Seed|[of] p1a: Suzumiya
|-heal|p1a: Suzumiya|16/100|[silent]
|upkeep
|turn|18
|
|move|p2a: Volcarona|Giga Drain|p1a: Suzumiya
|-supereffective|p1a: Suzumiya
|-damage|p1a: Suzumiya|0 fnt
|-heal|p2a: Volcarona|26/100|[from] drain|[of] p1a: Suzumiya
|faint|p1a: Suzumiya
|
|-weather|RainDance|[upkeep]
|upkeep
|
|switch|p1a: C.I.D|Ferrothorn, M|100/100
|-damage|p1a: C.I.D|94/100|[from] Stealth Rock
|-damage|p1a: C.I.D|82/100|[from] Spikes
|turn|19
|
|move|p1a: C.I.D|Protect|p1a: C.I.D
|-singleturn|p1a: C.I.D|Protect
|move|p2a: Volcarona|Flamethrower|p1a: C.I.D
|-activate|p1a: C.I.D|move: Protect
|
|-weather|RainDance|[upkeep]
|-heal|p1a: C.I.D|88/100|[from] item: Leftovers
|-damage|p2a: Volcarona|14/100|[from] Leech Seed|[of] p1a: C.I.D
|-heal|p1a: C.I.D|99/100|[silent]
|upkeep
|turn|20
|
|move|p2a: Volcarona|Flamethrower|p1a: C.I.D
|-supereffective|p1a: C.I.D
|-damage|p1a: C.I.D|0 fnt
|faint|p1a: C.I.D
|
|-weather|RainDance|[upkeep]
|upkeep
|
|switch|p1a: saphira|Salamence, M|100/100
|-damage|p1a: saphira|76/100|[from] Stealth Rock
|turn|21
|c|☆Giovanna G|hp ice
|c|☆Ronfineman|good job telling he/
|
|move|p2a: Volcarona|Hidden Power|p1a: saphira
|-supereffective|p1a: saphira
|-damage|p1a: saphira|0 fnt
|faint|p1a: saphira
|
|-weather|RainDance|[upkeep]
|upkeep
|
|switch|p1a: Haruko Haruhara|Keldeo|100/100
|-damage|p1a: Haruko Haruhara|94/100|[from] Stealth Rock
|-damage|p1a: Haruko Haruhara|82/100|[from] Spikes
|turn|22
|
|move|p2a: Volcarona|Giga Drain|p1a: Haruko Haruhara
|-supereffective|p1a: Haruko Haruhara
|-damage|p1a: Haruko Haruhara|0 fnt
|-heal|p2a: Volcarona|52/100|[from] drain|[of] p1a: Haruko Haruhara
|faint|p1a: Haruko Haruhara
|
|-weather|RainDance|[upkeep]
|upkeep
|-message|Ronfineman forfeited.
|
|win|Giovanna G
|l|☆Ronfineman
|raw|Ronfineman's rating: 1337 &rarr; <strong>1320</strong><br />(-17 for losing)
|raw|Giovanna G's rating: 1397 &rarr; <strong>1414</strong><br />(+17 for winning)
