|j|☆Rip Overwatch
|j|☆xypgx
|player|p1|Rip Overwatch|101|1362
|player|p2|xypgx|cynthia-gen4|1297
|teamsize|p1|6
|teamsize|p2|6
|gametype|singles
|gen|5
|tier|[Gen 5] OU
|rated|
|clearpoke
|poke|p1|Tyranitar, M|item
|poke|p1|Latias, F|item
|poke|p1|Keldeo|item
|poke|p1|Amoonguss, F|item
|poke|p1|Landorus-Therian, M|item
|poke|p1|Heatran, F|item
|poke|p2|Garchomp, F|item
|poke|p2|Landorus-Therian, M|item
|poke|p2|Jirachi|item
|poke|p2|Heatran, M|item
|poke|p2|Starmie|item
|poke|p2|Gastrodon, F|item
|rule|Species Clause: Limit one of each Pokémon
|rule|OHKO Clause: OHKO moves are banned
|rule|Moody Clause: Moody is banned
|rule|Evasion Moves Clause: Evasion moves are banned
|rule|Endless Battle Clause: Forcing endless battles is banned
|rule|HP Percentage Mod: HP is shown in percentages
|rule|Evasion Abilities Clause: Evasion abilities are banned
|rule|Baton Pass Clause: Limit one Baton Passer, can't pass Spe and other stats simultaneously
|rule|Sleep Clause: Sleep-inducing moves are banned
|rule|Swagger Clause: Swagger is banned
|teampreview
|j| Brinter
|inactive|Battle timer is ON: inactive players will automatically lose when time's up. (requested by Rip Overwatch)
|
|start
|switch|p1a: Landorus|Landorus-Therian, M|100/100
|switch|p2a: Jirachi|Jirachi|100/100
|-ability|p1a: Landorus|Intimidate|boost
|-unboost|p2a: Jirachi|atk|1
|turn|1
|
|move|p2a: Jirachi|U-turn|p1a: Landorus
|-resisted|p1a: Landorus
|-damage|p1a: Landorus|94/100
|
|switch|p2a: Gastrodon|Gastrodon, F|100/100|[from]move: U-turn
|move|p1a: Landorus|Stealth Rock|p2a: Gastrodon
|-sidestart|p2: xypgx|move: Stealth Rock
|
|-heal|p1a: Landorus|99/100|[from] item: Leftovers
|upkeep
|turn|2
|
|move|p1a: Landorus|U-turn|p2a: Gastrodon
|-damage|p2a: Gastrodon|85/100
|
|switch|p1a: Amoonguss|Amoonguss, F, shiny|100/100|[from]move: U-turn
|move|p2a: Gastrodon|Scald|p1a: Amoonguss
|-resisted|p1a: Amoonguss
|-damage|p1a: Amoonguss|92/100
|
|-heal|p2a: Gastrodon|91/100|[from] item: Leftovers
|-heal|p1a: Amoonguss|98/100|[from] item: Black Sludge
|upkeep
|turn|3
|
|switch|p2a: Starmie|Starmie|100/100
|-damage|p2a: Starmie|88/100|[from] Stealth Rock
|move|p1a: Amoonguss|Stun Spore|p2a: Starmie|[miss]
|-miss|p1a: Amoonguss|p2a: Starmie
|
|-heal|p2a: Starmie|94/100|[from] item: Leftovers
|-heal|p1a: Amoonguss|100/100|[from] item: Black Sludge
|upkeep
|turn|4
|
|switch|p1a: Tyranitar|Tyranitar, M|100/100
|-weather|Sandstorm|[from] ability: Sand Stream|[of] p1a: Tyranitar
|move|p2a: Starmie|Rapid Spin|p1a: Tyranitar
|-resisted|p1a: Tyranitar
|-damage|p1a: Tyranitar|99/100
|-sideend|p2: xypgx|Stealth Rock|[from] move: Rapid Spin|[of] p2a: Starmie
|
|-weather|Sandstorm|[upkeep]
|-damage|p2a: Starmie|88/100|[from] Sandstorm
|-heal|p2a: Starmie|94/100|[from] item: Leftovers
|upkeep
|turn|5
|
|move|p2a: Starmie|Scald|p1a: Tyranitar
|-supereffective|p1a: Tyranitar
|-crit|p1a: Tyranitar
|-damage|p1a: Tyranitar|34/100
|move|p1a: Tyranitar|Pursuit|p2a: Starmie
|-supereffective|p2a: Starmie
|-damage|p2a: Starmie|7/100
|
|-weather|Sandstorm|[upkeep]
|-damage|p2a: Starmie|1/100|[from] Sandstorm
|-heal|p2a: Starmie|7/100|[from] item: Leftovers
|upkeep
|turn|6
|j| Boybobka
|
|switch|p1a: Amoonguss|Amoonguss, F, shiny|100/100
|move|p2a: Starmie|Scald|p1a: Amoonguss
|-resisted|p1a: Amoonguss
|-damage|p1a: Amoonguss|92/100
|
|-weather|Sandstorm|[upkeep]
|-damage|p2a: Starmie|1/100|[from] Sandstorm
|-damage|p1a: Amoonguss|85/100|[from] Sandstorm
|-heal|p2a: Starmie|7/100|[from] item: Leftovers
|-heal|p1a: Amoonguss|92/100|[from] item: Black Sludge
|upkeep
|turn|7
|
|move|p2a: Starmie|Recover|p2a: Starmie
|-heal|p2a: Starmie|57/100
|move|p1a: Amoonguss|Giga Drain|p2a: Starmie
|-supereffective|p2a: Starmie
|-damage|p2a: Starmie|1/100
|-heal|p1a: Amoonguss|100/100|[from] drain|[of] p2a: Starmie
|
|-weather|Sandstorm|[upkeep]
|-damage|p2a: Starmie|0 fnt|[from] Sandstorm
|-damage|p1a: Amoonguss|94/100|[from] Sandstorm
|faint|p2a: Starmie
|-heal|p1a: Amoonguss|100/100|[from] item: Black Sludge
|upkeep
|
|switch|p2a: Heatran|Heatran, M|100/100
|turn|8
|
|switch|p1a: Latias|Latias, F|100/100
|move|p2a: Heatran|Stealth Rock|p1a: Latias
|-sidestart|p1: Rip Overwatch|move: Stealth Rock
|
|-weather|Sandstorm|[upkeep]
|-damage|p1a: Latias|95/100|[from] Sandstorm
|upkeep
|turn|9
|
|move|p1a: Latias|Surf|p2a: Heatran
|-supereffective|p2a: Heatran
|-damage|p2a: Heatran|32/100
|-damage|p1a: Latias|85/100|[from] item: Life Orb
|move|p2a: Heatran|Lava Plume|p1a: Latias
|-resisted|p1a: Latias
|-damage|p1a: Latias|65/100
|-status|p1a: Latias|brn
|
|-weather|Sandstorm|[upkeep]
|-damage|p1a: Latias|59/100 brn|[from] Sandstorm
|-damage|p1a: Latias|47/100 brn|[from] brn
|upkeep
|turn|10
|c|☆Rip Overwatch|=/
|
|switch|p2a: Gastrodon|Gastrodon, F|91/100
|move|p1a: Latias|Recover|p1a: Latias
|-heal|p1a: Latias|97/100 brn
|
|-weather|Sandstorm|[upkeep]
|-damage|p1a: Latias|91/100 brn|[from] Sandstorm
|-heal|p2a: Gastrodon|97/100|[from] item: Leftovers
|-damage|p1a: Latias|79/100 brn|[from] brn
|upkeep
|turn|11
|
|switch|p1a: Amoonguss|Amoonguss, F, shiny|100/100
|-damage|p1a: Amoonguss|88/100|[from] Stealth Rock
|move|p2a: Gastrodon|Scald|p1a: Amoonguss
|-resisted|p1a: Amoonguss
|-damage|p1a: Amoonguss|79/100
|
|-weather|Sandstorm|[upkeep]
|-damage|p1a: Amoonguss|73/100|[from] Sandstorm
|-heal|p2a: Gastrodon|100/100|[from] item: Leftovers
|-heal|p1a: Amoonguss|79/100|[from] item: Black Sludge
|upkeep
|turn|12
|
|switch|p2a: Heatran|Heatran, M|32/100
|move|p1a: Amoonguss|Stun Spore|p2a: Heatran
|-status|p2a: Heatran|par
|
|-weather|Sandstorm|[upkeep]
|-damage|p1a: Amoonguss|73/100|[from] Sandstorm
|-heal|p1a: Amoonguss|79/100|[from] item: Black Sludge
|upkeep
|turn|13
|
|switch|p1a: Tyranitar|Tyranitar, M|34/100
|-damage|p1a: Tyranitar|21/100|[from] Stealth Rock
|cant|p2a: Heatran|par
|
|-weather|Sandstorm|[upkeep]
|upkeep
|turn|14
|
|move|p1a: Tyranitar|Stone Edge|p2a: Heatran
|-damage|p2a: Heatran|0 fnt
|faint|p2a: Heatran
|
|-weather|Sandstorm|[upkeep]
|upkeep
|
|switch|p2a: 白菜姐|Garchomp, F|100/100
|turn|15
|
|move|p2a: 白菜姐|Swords Dance|p2a: 白菜姐
|-boost|p2a: 白菜姐|atk|2
|move|p1a: Tyranitar|Stone Edge|p2a: 白菜姐|[miss]
|-miss|p1a: Tyranitar|p2a: 白菜姐
|
|-weather|Sandstorm|[upkeep]
|upkeep
|turn|16
|
|move|p2a: 白菜姐|Earthquake|p1a: Tyranitar
|-supereffective|p1a: Tyranitar
|-damage|p1a: Tyranitar|0 fnt
|faint|p1a: Tyranitar
|
|-weather|Sandstorm|[upkeep]
|upkeep
|
|switch|p1a: Landorus|Landorus-Therian, M|99/100
|-damage|p1a: Landorus|88/100|[from] Stealth Rock
|-ability|p1a: Landorus|Intimidate|boost
|-unboost|p2a: 白菜姐|atk|1
|turn|17
|
|move|p2a: 白菜姐|Outrage|p1a: Landorus
|-enditem|p2a: 白菜姐|Dragon Gem|[from] gem
|-damage|p1a: Landorus|0 fnt
|faint|p1a: Landorus
|
|-weather|Sandstorm|[upkeep]
|upkeep
|
|switch|p1a: Heatran|Heatran, F, shiny|100/100
|-damage|p1a: Heatran|88/100|[from] Stealth Rock
|-item|p1a: Heatran|Air Balloon
|turn|18
|
|move|p2a: 白菜姐|Outrage|p1a: Heatran|[from]lockedmove
|-resisted|p1a: Heatran
|-damage|p1a: Heatran|43/100
|-enditem|p1a: Heatran|Air Balloon
|move|p1a: Heatran|Hidden Power|p2a: 白菜姐
|-supereffective|p2a: 白菜姐
|-damage|p2a: 白菜姐|0 fnt
|faint|p2a: 白菜姐
|
|-weather|Sandstorm|[upkeep]
|upkeep
|
|switch|p2a: Landorus|Landorus-Therian, M|100/100
|-ability|p2a: Landorus|Intimidate|boost
|-unboost|p1a: Heatran|atk|1
|turn|19
|
|switch|p1a: Amoonguss|Amoonguss, F, shiny|100/100
|-damage|p1a: Amoonguss|88/100|[from] Stealth Rock
|move|p2a: Landorus|U-turn|p1a: Amoonguss
|-damage|p1a: Amoonguss|56/100
|
|switch|p2a: Jirachi|Jirachi|100/100|[from]move: U-turn
|
|-weather|Sandstorm|[upkeep]
|-damage|p1a: Amoonguss|50/100|[from] Sandstorm
|-heal|p1a: Amoonguss|56/100|[from] item: Black Sludge
|upkeep
|turn|20
|
|move|p2a: Jirachi|U-turn|p1a: Amoonguss
|-damage|p1a: Amoonguss|36/100
|
|switch|p2a: Gastrodon|Gastrodon, F|100/100|[from]move: U-turn
|move|p1a: Amoonguss|Stun Spore|p2a: Gastrodon|[miss]
|-miss|p1a: Amoonguss|p2a: Gastrodon
|
|-weather|Sandstorm|[upkeep]
|-damage|p1a: Amoonguss|30/100|[from] Sandstorm
|-heal|p1a: Amoonguss|36/100|[from] item: Black Sludge
|upkeep
|turn|21
|
|switch|p2a: Jirachi|Jirachi|100/100
|move|p1a: Amoonguss|Giga Drain|p2a: Jirachi
|-resisted|p2a: Jirachi
|-damage|p2a: Jirachi|88/100
|-heal|p1a: Amoonguss|41/100|[from] drain|[of] p2a: Jirachi
|
|-weather|Sandstorm|[upkeep]
|-damage|p1a: Amoonguss|35/100|[from] Sandstorm
|-heal|p1a: Amoonguss|41/100|[from] item: Black Sludge
|upkeep
|turn|22
|
|move|p2a: Jirachi|Zen Headbutt|p1a: Amoonguss
|-supereffective|p1a: Amoonguss
|-damage|p1a: Amoonguss|0 fnt
|faint|p1a: Amoonguss
|
|-weather|Sandstorm|[upkeep]
|upkeep
|
|switch|p1a: Heatran|Heatran, F, shiny|43/100
|-damage|p1a: Heatran|31/100|[from] Stealth Rock
|turn|23
|
|switch|p2a: Gastrodon|Gastrodon, F|100/100
|move|p1a: Heatran|Toxic|p2a: Gastrodon
|-status|p2a: Gastrodon|tox
|
|-weather|Sandstorm|[upkeep]
|-damage|p2a: Gastrodon|94/100 tox|[from] psn
|upkeep
|turn|24
|
|move|p1a: Heatran|Earth Power|p2a: Gastrodon
|-damage|p2a: Gastrodon|63/100 tox
|move|p2a: Gastrodon|Scald|p1a: Heatran
|-supereffective|p1a: Heatran
|-damage|p1a: Heatran|0 fnt
|faint|p1a: Heatran
|
|-weather|Sandstorm|[upkeep]
|-heal|p2a: Gastrodon|69/100 tox|[from] item: Leftovers
|-damage|p2a: Gastrodon|57/100 tox|[from] psn
|upkeep
|
|switch|p1a: Latias|Latias, F|79/100 brn
|-damage|p1a: Latias|67/100 brn|[from] Stealth Rock
|turn|25
|
|move|p1a: Latias|Draco Meteor|p2a: Gastrodon
|-damage|p2a: Gastrodon|0 fnt
|-unboost|p1a: Latias|spa|2
|-damage|p1a: Latias|57/100 brn|[from] item: Life Orb
|faint|p2a: Gastrodon
|
|-weather|Sandstorm|[upkeep]
|-damage|p1a: Latias|51/100 brn|[from] Sandstorm
|-damage|p1a: Latias|39/100 brn|[from] brn
|upkeep
|
|switch|p2a: Jirachi|Jirachi|88/100
|turn|26
|
|switch|p1a: Keldeo|Keldeo|100/100
|-damage|p1a: Keldeo|94/100|[from] Stealth Rock
|move|p2a: Jirachi|U-turn|p1a: Keldeo
|-resisted|p1a: Keldeo
|-damage|p1a: Keldeo|82/100
|
|switch|p2a: Landorus|Landorus-Therian, M|100/100|[from]move: U-turn
|-ability|p2a: Landorus|Intimidate|boost
|-unboost|p1a: Keldeo|atk|1
|
|-weather|Sandstorm|[upkeep]
|-damage|p1a: Keldeo|76/100|[from] Sandstorm
|upkeep
|turn|27
|
|move|p1a: Keldeo|Surf|p2a: Landorus
|-supereffective|p2a: Landorus
|-crit|p2a: Landorus
|-damage|p2a: Landorus|0 fnt
|faint|p2a: Landorus
|
|-weather|Sandstorm|[upkeep]
|-damage|p1a: Keldeo|70/100|[from] Sandstorm
|upkeep
|
|switch|p2a: Jirachi|Jirachi|88/100
|turn|28
|
|move|p1a: Keldeo|Surf|p2a: Jirachi
|-damage|p2a: Jirachi|36/100
|move|p2a: Jirachi|Zen Headbutt|p1a: Keldeo
|-supereffective|p1a: Keldeo
|-damage|p1a: Keldeo|0 fnt
|faint|p1a: Keldeo
|
|-weather|Sandstorm|[upkeep]
|upkeep
|c|☆Rip Overwatch|unlucky hax =/
|c|☆Rip Overwatch|bg
|
|switch|p1a: Latias|Latias, F|39/100 brn
|-damage|p1a: Latias|27/100 brn|[from] Stealth Rock
|turn|29
|
|move|p2a: Jirachi|Zen Headbutt|p1a: Latias
|-resisted|p1a: Latias
|-damage|p1a: Latias|6/100 brn
|cant|p1a: Latias|flinch
|
|-weather|Sandstorm|[upkeep]
|-damage|p1a: Latias|0 fnt|[from] Sandstorm
|faint|p1a: Latias
|
|win|xypgx
|upkeep
|l|☆Rip Overwatch
|raw|Rip Overwatch's rating: 1362 &rarr; <strong>1338</strong><br />(-24 for losing)
|raw|xypgx's rating: 1297 &rarr; <strong>1327</strong><br />(+30 for winning)
