|j|‽lazyhrpseal
|j|☆phosphor
|t:|1747987664
|gametype|singles
|player|p1|lazyhrpseal|preschoolerf|1361
|player|p2|phosphor|gardenia-masters|1559
|teamsize|p1|6
|teamsize|p2|6
|gen|5
|tier|[Gen 5] OU
|rated|
|rule|Species Clause: Limit one of each Pokémon
|rule|OHKO Clause: OHKO moves are banned
|rule|Moody Clause: Moody is banned
|rule|Evasion Items Clause: Evasion items are banned
|rule|Evasion Moves Clause: Evasion moves are banned
|rule|Endless Battle Clause: Forcing endless battles is banned
|rule|HP Percentage Mod: HP is shown in percentages
|rule|Evasion Abilities Clause: Evasion abilities are banned
|rule|Sleep Moves Clause: Sleep-inducing moves are banned
|rule|Swagger Clause: Swagger is banned
|rule|Baton Pass Stat Clause: No Baton Passer may have a way to boost its stats
|clearpoke
|poke|p1|Forretress, M|item
|poke|p1|Blissey, F|item
|poke|p1|Tyranitar, M|item
|poke|p1|Xatu, M|item
|poke|p1|Jellicent, F|item
|poke|p1|Gliscor, F|item
|poke|p2|Ferrothorn, F|item
|poke|p2|Garchomp, M|item
|poke|p2|Starmie|item
|poke|p2|Mamoswine, F|item
|poke|p2|Dragonite, M|item
|poke|p2|Magnezone|item
|teampreview
|c|☆phosphor|Gl hf
|
|t:|1747987684
|start
|switch|p1a: Xatu|Xatu, M|100/100
|switch|p2a: Dragonite|Dragonite, M|100/100
|turn|1
|
|t:|1747987692
|move|p2a: Dragonite|Dragon Claw|p1a: Xatu
|-damage|p1a: Xatu|35/100
|-damage|p2a: Dragonite|84/100|[from] item: Rocky Helmet|[of] p1a: Xatu
|move|p1a: Xatu|Reflect|p1a: Xatu
|-sidestart|p1: lazyhrpseal|Reflect
|
|upkeep
|turn|2
|
|t:|1747987715
|switch|p2a: Magnezone|Magnezone|100/100
|move|p1a: Xatu|Roost|p1a: Xatu
|-heal|p1a: Xatu|85/100
|-singleturn|p1a: Xatu|move: Roost
|
|upkeep
|turn|3
|
|t:|1747987729
|switch|p1a: Gliscor|Gliscor, F|100/100
|switch|p2a: Mamoswine|Mamoswine, F|100/100
|
|-status|p1a: Gliscor|tox|[from] item: Toxic Orb
|upkeep
|turn|4
|
|t:|1747987739
|move|p2a: Mamoswine|Icicle Crash|p1a: Gliscor
|-supereffective|p1a: Gliscor
|-damage|p1a: Gliscor|27/100 tox
|cant|p1a: Gliscor|flinch
|
|-heal|p1a: Gliscor|40/100 tox|[from] ability: Poison Heal
|upkeep
|turn|5
|
|t:|1747987750
|switch|p2a: Magnezone|Magnezone|100/100
|switch|p1a: Jellicent|Jellicent, F|100/100
|
|-sideend|p1: lazyhrpseal|Reflect
|upkeep
|turn|6
|
|t:|1747987762
|switch|p2a: Ferrothorn|Ferrothorn, F|100/100
|switch|p1a: Blissey|Blissey, F|100/100
|
|upkeep
|turn|7
|
|t:|1747987789
|switch|p1a: Xatu|Xatu, M|85/100
|switch|p2a: Dragonite|Dragonite, M|84/100
|
|upkeep
|turn|8
|
|t:|1747987793
|move|p2a: Dragonite|Outrage|p1a: Xatu
|-damage|p1a: Xatu|0 fnt
|-damage|p2a: Dragonite|68/100|[from] item: Rocky Helmet|[of] p1a: Xatu
|faint|p1a: Xatu
|
|upkeep
|
|t:|1747987797
|switch|p1a: Forretress|Forretress, M|100/100
|turn|9
|
|t:|1747987798
|move|p2a: Dragonite|Outrage|p1a: Forretress|[from] lockedmove
|-resisted|p1a: Forretress
|-crit|p1a: Forretress
|-damage|p1a: Forretress|47/100
|-start|p2a: Dragonite|confusion|[fatigue]
|move|p1a: Forretress|Spikes|p2a: Dragonite
|-sidestart|p2: phosphor|Spikes
|
|-heal|p1a: Forretress|54/100|[from] item: Leftovers
|upkeep
|turn|10
|
|t:|1747987804
|switch|p2a: Magnezone|Magnezone|100/100
|-damage|p2a: Magnezone|88/100|[from] Spikes
|move|p1a: Forretress|Earthquake|p2a: Magnezone
|-supereffective|p2a: Magnezone
|-damage|p2a: Magnezone|1/100
|
|-heal|p1a: Forretress|60/100|[from] item: Leftovers
|upkeep
|turn|11
|
|t:|1747987814
|move|p2a: Magnezone|Hidden Power|p1a: Forretress
|-supereffective|p1a: Forretress
|-damage|p1a: Forretress|0 fnt
|faint|p1a: Forretress
|
|upkeep
|
|t:|1747987817
|switch|p1a: Tyranitar|Tyranitar, M|100/100
|-weather|Sandstorm|[from] ability: Sand Stream|[of] p1a: Tyranitar
|turn|12
|
|t:|1747987822
|move|p1a: Tyranitar|Superpower|p2a: Magnezone
|-supereffective|p2a: Magnezone
|-enditem|p2a: Magnezone|Chople Berry|[eat]
|-enditem|p2a: Magnezone|Chople Berry|[weaken]
|-damage|p2a: Magnezone|0 fnt
|-unboost|p1a: Tyranitar|atk|1
|-unboost|p1a: Tyranitar|def|1
|faint|p2a: Magnezone
|
|-weather|Sandstorm|[upkeep]
|upkeep
|
|t:|1747987836
|switch|p2a: Dragonite|Dragonite, M|68/100
|turn|13
|
|t:|1747987839
|switch|p1a: Jellicent|Jellicent, F|100/100
|move|p2a: Dragonite|Outrage|p1a: Jellicent
|-damage|p1a: Jellicent|26/100
|
|-weather|Sandstorm|[upkeep]
|-damage|p2a: Dragonite|61/100|[from] Sandstorm
|-damage|p1a: Jellicent|20/100|[from] Sandstorm
|-heal|p1a: Jellicent|26/100|[from] item: Leftovers
|upkeep
|turn|14
|
|t:|1747987842
|move|p2a: Dragonite|Outrage|p1a: Jellicent|[from] lockedmove
|-damage|p1a: Jellicent|0 fnt
|faint|p1a: Jellicent
|
|-weather|Sandstorm|[upkeep]
|-damage|p2a: Dragonite|55/100|[from] Sandstorm
|upkeep
|
|t:|1747987844
|switch|p1a: Tyranitar|Tyranitar, M|100/100
|turn|15
|
|t:|1747987849
|move|p1a: Tyranitar|Ice Beam|p2a: Dragonite
|-supereffective|p2a: Dragonite
|-damage|p2a: Dragonite|0 fnt
|faint|p2a: Dragonite
|
|-weather|Sandstorm|[upkeep]
|upkeep
|
|t:|1747987852
|switch|p2a: Mamoswine|Mamoswine, F|100/100
|-damage|p2a: Mamoswine|88/100|[from] Spikes
|turn|16
|
|t:|1747987858
|switch|p1a: Gliscor|Gliscor, F|40/100 tox
|move|p2a: Mamoswine|Substitute|p2a: Mamoswine
|-start|p2a: Mamoswine|Substitute
|-damage|p2a: Mamoswine|63/100
|
|-weather|Sandstorm|[upkeep]
|-heal|p1a: Gliscor|52/100 tox|[from] ability: Poison Heal
|upkeep
|turn|17
|
|t:|1747987863
|switch|p1a: Tyranitar|Tyranitar, M|100/100
|move|p2a: Mamoswine|Icicle Crash|p1a: Tyranitar
|-damage|p1a: Tyranitar|54/100
|
|-weather|Sandstorm|[upkeep]
|upkeep
|turn|18
|
|t:|1747987871
|move|p1a: Tyranitar|Crunch|p2a: Mamoswine
|-end|p2a: Mamoswine|Substitute
|move|p2a: Mamoswine|Earthquake|p1a: Tyranitar
|-supereffective|p1a: Tyranitar
|-damage|p1a: Tyranitar|0 fnt
|faint|p1a: Tyranitar
|
|-weather|Sandstorm|[upkeep]
|upkeep
|
|t:|1747987873
|switch|p1a: Blissey|Blissey, F|100/100
|turn|19
|
|t:|1747987879
|switch|p2a: Ferrothorn|Ferrothorn, F|100/100
|-damage|p2a: Ferrothorn|88/100|[from] Spikes
|move|p1a: Blissey|Seismic Toss|p2a: Ferrothorn
|-damage|p2a: Ferrothorn|60/100
|-damage|p1a: Blissey|88/100|[from] ability: Iron Barbs|[of] p2a: Ferrothorn
|
|-weather|Sandstorm|[upkeep]
|-damage|p1a: Blissey|82/100|[from] Sandstorm
|-heal|p1a: Blissey|88/100|[from] item: Leftovers
|upkeep
|turn|20
|
|t:|1747987886
|move|p1a: Blissey|Stealth Rock|p2a: Ferrothorn
|-sidestart|p2: phosphor|move: Stealth Rock
|move|p2a: Ferrothorn|Stealth Rock|p1a: Blissey
|-sidestart|p1: lazyhrpseal|move: Stealth Rock
|
|-weather|Sandstorm|[upkeep]
|-damage|p1a: Blissey|82/100|[from] Sandstorm
|-heal|p1a: Blissey|88/100|[from] item: Leftovers
|upkeep
|turn|21
|
|t:|1747987894
|move|p1a: Blissey|Thunder Wave|p2a: Ferrothorn
|-status|p2a: Ferrothorn|par
|-enditem|p2a: Ferrothorn|Lum Berry|[eat]
|-curestatus|p2a: Ferrothorn|par|[msg]
|move|p2a: Ferrothorn|Spikes|p1a: Blissey
|-sidestart|p1: lazyhrpseal|Spikes
|
|-weather|Sandstorm|[upkeep]
|-damage|p1a: Blissey|82/100|[from] Sandstorm
|-heal|p1a: Blissey|88/100|[from] item: Leftovers
|upkeep
|turn|22
|
|t:|1747987898
|switch|p1a: Gliscor|Gliscor, F|52/100 tox
|-damage|p1a: Gliscor|40/100 tox|[from] Stealth Rock
|move|p2a: Ferrothorn|Explosion|p1a: Gliscor
|-damage|p1a: Gliscor|0 fnt
|faint|p2a: Ferrothorn
|faint|p1a: Gliscor
|
|-weather|Sandstorm|[upkeep]
|upkeep
|-message|lazyhrpseal forfeited.
|
|win|phosphor
|raw|lazyhrpseal's rating: 1361 &rarr; <strong>1351</strong><br />(-10 for losing)
|raw|phosphor's rating: 1559 &rarr; <strong>1569</strong><br />(+10 for winning)
|c|☆phosphor|Gg
|l|‽lazyhrpseal
|player|p1|
