|j|☆Glad She's Mine
|j|☆chippy2
|player|p1|Glad She's Mine|34|1331
|player|p2|chippy2|290|1383
|teamsize|p1|6
|teamsize|p2|6
|gametype|singles
|gen|5
|tier|[Gen 5] OU
|rated|
|rule|Sleep Clause Mod: Limit one foe put to sleep
|rule|Species Clause: Limit one of each Pokémon
|rule|OHKO Clause: OHKO moves are banned
|rule|Moody Clause: Moody is banned
|rule|Evasion Moves Clause: Evasion moves are banned
|rule|Endless Battle Clause: Forcing endless battles is banned
|rule|HP Percentage Mod: HP is shown in percentages
|rule|Evasion Abilities Clause: Evasion abilities are banned
|rule|Baton Pass Clause: Limit one Baton Passer, can't pass Spe and other stats simultaneously
|rule|Swagger Clause: Swagger is banned
|clearpoke
|poke|p1|Politoed, F|item
|poke|p1|Gliscor, M|item
|poke|p1|Bronzong|item
|poke|p1|Ferrothorn, F|item
|poke|p1|Tentacruel, M|item
|poke|p1|Tornadus, M|item
|poke|p2|Politoed, M|item
|poke|p2|Keldeo|item
|poke|p2|Latios, M|item
|poke|p2|Ferrothorn, M|item
|poke|p2|Thundurus-Therian, M|item
|poke|p2|Amoonguss, M|item
|teampreview
|inactive|Battle timer is ON: inactive players will automatically lose when time's up. (requested by Glad She's Mine)
|
|start
|switch|p1a: Gliscor|Gliscor, M, shiny|100/100
|switch|p2a: Ferrothorn|Ferrothorn, M|100/100
|turn|1
|
|switch|p1a: Bronzong|Bronzong|100/100
|move|p2a: Ferrothorn|Stealth Rock|p1a: Bronzong
|-sidestart|p1: Glad She's Mine|move: Stealth Rock
|
|upkeep
|turn|2
|
|move|p1a: Bronzong|Stealth Rock|p2a: Ferrothorn
|-sidestart|p2: chippy2|move: Stealth Rock
|move|p2a: Ferrothorn|Leech Seed|p1a: Bronzong
|-start|p1a: Bronzong|move: Leech Seed
|
|-damage|p1a: Bronzong|88/100|[from] Leech Seed|[of] p2a: Ferrothorn
|upkeep
|turn|3
|
|switch|p1a: Gliscor|Gliscor, M, shiny|100/100
|-damage|p1a: Gliscor|88/100|[from] Stealth Rock
|move|p2a: Ferrothorn|Spikes|p1a: Gliscor
|-sidestart|p1: Glad She's Mine|Spikes
|
|-status|p1a: Gliscor|tox|[from] item: Toxic Orb
|upkeep
|turn|4
|
|move|p1a: Gliscor|Substitute|p1a: Gliscor
|-start|p1a: Gliscor|Substitute
|-damage|p1a: Gliscor|63/100 tox
|move|p2a: Ferrothorn|Spikes|p1a: Gliscor
|-sidestart|p1: Glad She's Mine|Spikes
|
|-heal|p1a: Gliscor|75/100 tox|[from] ability: Poison Heal
|upkeep
|turn|5
|
|move|p1a: Gliscor|Earthquake|p2a: Ferrothorn
|-damage|p2a: Ferrothorn|82/100
|move|p2a: Ferrothorn|Gyro Ball|p1a: Gliscor
|-end|p1a: Gliscor|Substitute
|
|-heal|p2a: Ferrothorn|89/100|[from] item: Leftovers
|-heal|p1a: Gliscor|88/100 tox|[from] ability: Poison Heal
|upkeep
|turn|6
|
|move|p1a: Gliscor|Substitute|p1a: Gliscor
|-start|p1a: Gliscor|Substitute
|-damage|p1a: Gliscor|63/100 tox
|move|p2a: Ferrothorn|Spikes|p1a: Gliscor
|-sidestart|p1: Glad She's Mine|Spikes
|
|-heal|p2a: Ferrothorn|95/100|[from] item: Leftovers
|-heal|p1a: Gliscor|75/100 tox|[from] ability: Poison Heal
|upkeep
|turn|7
|
|move|p1a: Gliscor|Earthquake|p2a: Ferrothorn
|-damage|p2a: Ferrothorn|74/100
|move|p2a: Ferrothorn|Gyro Ball|p1a: Gliscor
|-end|p1a: Gliscor|Substitute
|
|-heal|p2a: Ferrothorn|80/100|[from] item: Leftovers
|-heal|p1a: Gliscor|88/100 tox|[from] ability: Poison Heal
|upkeep
|turn|8
|
|move|p1a: Gliscor|Protect|p1a: Gliscor
|-singleturn|p1a: Gliscor|Protect
|move|p2a: Ferrothorn|Gyro Ball|p1a: Gliscor
|-activate|p1a: Gliscor|move: Protect
|
|-heal|p2a: Ferrothorn|87/100|[from] item: Leftovers
|-heal|p1a: Gliscor|100/100 tox|[from] ability: Poison Heal
|upkeep
|turn|9
|
|move|p1a: Gliscor|Substitute|p1a: Gliscor
|-start|p1a: Gliscor|Substitute
|-damage|p1a: Gliscor|75/100 tox
|move|p2a: Ferrothorn|Stealth Rock||[still]
|-fail|p2a: Ferrothorn
|
|-heal|p2a: Ferrothorn|93/100|[from] item: Leftovers
|-heal|p1a: Gliscor|88/100 tox|[from] ability: Poison Heal
|upkeep
|turn|10
|
|move|p1a: Gliscor|Earthquake|p2a: Ferrothorn
|-damage|p2a: Ferrothorn|72/100
|move|p2a: Ferrothorn|Gyro Ball|p1a: Gliscor
|-end|p1a: Gliscor|Substitute
|
|-heal|p2a: Ferrothorn|79/100|[from] item: Leftovers
|-heal|p1a: Gliscor|100/100 tox|[from] ability: Poison Heal
|upkeep
|turn|11
|
|switch|p2a: Keldeo|Keldeo|100/100
|-damage|p2a: Keldeo|94/100|[from] Stealth Rock
|move|p1a: Gliscor|Substitute|p1a: Gliscor
|-start|p1a: Gliscor|Substitute
|-damage|p1a: Gliscor|75/100 tox
|
|-heal|p1a: Gliscor|88/100 tox|[from] ability: Poison Heal
|upkeep
|turn|12
|
|move|p2a: Keldeo|Scald|p1a: Gliscor
|-supereffective|p1a: Gliscor
|-end|p1a: Gliscor|Substitute
|move|p1a: Gliscor|Toxic|p2a: Keldeo
|-status|p2a: Keldeo|tox
|
|-damage|p2a: Keldeo|88/100 tox|[from] psn
|-heal|p1a: Gliscor|100/100 tox|[from] ability: Poison Heal
|upkeep
|turn|13
|
|switch|p2a: Politoed|Politoed, M|100/100
|-damage|p2a: Politoed|88/100|[from] Stealth Rock
|-weather|RainDance|[from] ability: Drizzle|[of] p2a: Politoed
|move|p1a: Gliscor|Protect||[still]
|-fail|p1a: Gliscor
|
|-weather|RainDance|[upkeep]
|-heal|p2a: Politoed|94/100|[from] item: Leftovers
|upkeep
|turn|14
|
|switch|p1a: Tentacruel|Tentacruel, M|100/100
|-damage|p1a: Tentacruel|88/100|[from] Stealth Rock
|-damage|p1a: Tentacruel|63/100|[from] Spikes
|switch|p2a: Amoonguss|Amoonguss, M|100/100
|-damage|p2a: Amoonguss|88/100|[from] Stealth Rock
|
|-weather|RainDance|[upkeep]
|-heal|p1a: Tentacruel|69/100|[from] ability: Rain Dish
|-heal|p1a: Tentacruel|75/100|[from] item: Leftovers
|-heal|p2a: Amoonguss|94/100|[from] item: Leftovers
|upkeep
|turn|15
|
|move|p1a: Tentacruel|Rapid Spin|p2a: Amoonguss
|-damage|p2a: Amoonguss|91/100
|-sideend|p1: Glad She's Mine|Spikes|[from] move: Rapid Spin|[of] p1a: Tentacruel
|-sideend|p1: Glad She's Mine|Stealth Rock|[from] move: Rapid Spin|[of] p1a: Tentacruel
|move|p2a: Amoonguss|Spore|p1a: Tentacruel
|-status|p1a: Tentacruel|slp|[from] move: Spore
|
|-weather|RainDance|[upkeep]
|-heal|p1a: Tentacruel|81/100 slp|[from] ability: Rain Dish
|-heal|p1a: Tentacruel|88/100 slp|[from] item: Leftovers
|-heal|p2a: Amoonguss|97/100|[from] item: Leftovers
|upkeep
|turn|16
|
|switch|p1a: Tornadus|Tornadus, M|100/100
|switch|p2a: Ferrothorn|Ferrothorn, M|79/100
|-damage|p2a: Ferrothorn|72/100|[from] Stealth Rock
|
|-weather|RainDance|[upkeep]
|-heal|p2a: Ferrothorn|79/100|[from] item: Leftovers
|upkeep
|turn|17
|
|move|p1a: Tornadus|Focus Blast|p2a: Ferrothorn
|-supereffective|p2a: Ferrothorn
|-damage|p2a: Ferrothorn|0 fnt
|faint|p2a: Ferrothorn
|
|-weather|RainDance|[upkeep]
|upkeep
|
|switch|p2a: Latios|Latios, M|100/100
|-damage|p2a: Latios|88/100|[from] Stealth Rock
|turn|18
|
|switch|p1a: Bronzong|Bronzong|88/100
|move|p2a: Latios|Draco Meteor|p1a: Bronzong
|-resisted|p1a: Bronzong
|-damage|p1a: Bronzong|61/100
|-unboost|p2a: Latios|spa|2
|
|-weather|RainDance|[upkeep]
|-heal|p1a: Bronzong|67/100|[from] item: Leftovers
|upkeep
|turn|19
|
|switch|p2a: Keldeo|Keldeo|88/100 tox
|-damage|p2a: Keldeo|82/100 tox|[from] Stealth Rock
|switch|p1a: Tornadus|Tornadus, M|100/100
|
|-weather|RainDance|[upkeep]
|-damage|p2a: Keldeo|76/100 tox|[from] psn
|upkeep
|turn|20
|
|move|p1a: Tornadus|Hurricane|p2a: Keldeo
|-supereffective|p2a: Keldeo
|-damage|p2a: Keldeo|0 fnt
|faint|p2a: Keldeo
|
|-weather|RainDance|[upkeep]
|upkeep
|
|switch|p2a: Thundurus|Thundurus-Therian, M|100/100
|-damage|p2a: Thundurus|76/100|[from] Stealth Rock
|turn|21
|
|switch|p1a: Ferrothorn|Ferrothorn, F|100/100
|move|p2a: Thundurus|Thunder|p1a: Ferrothorn
|-resisted|p1a: Ferrothorn
|-damage|p1a: Ferrothorn|78/100
|
|-weather|RainDance|[upkeep]
|-heal|p1a: Ferrothorn|84/100|[from] item: Leftovers
|upkeep
|turn|22
|
|move|p2a: Thundurus|Focus Blast|p1a: Ferrothorn|[miss]
|-miss|p2a: Thundurus|p1a: Ferrothorn
|move|p1a: Ferrothorn|Leech Seed|p2a: Thundurus
|-start|p2a: Thundurus|move: Leech Seed
|
|-weather|RainDance|[upkeep]
|-heal|p1a: Ferrothorn|91/100|[from] item: Leftovers
|-damage|p2a: Thundurus|63/100|[from] Leech Seed|[of] p1a: Ferrothorn
|-heal|p1a: Ferrothorn|100/100|[silent]
|upkeep
|turn|23
|j| Dfghxdhj
|
|switch|p2a: Politoed|Politoed, M|94/100
|-damage|p2a: Politoed|82/100|[from] Stealth Rock
|move|p1a: Ferrothorn|Protect||[still]
|-fail|p1a: Ferrothorn
|
|-weather|RainDance|[upkeep]
|-heal|p2a: Politoed|88/100|[from] item: Leftovers
|upkeep
|turn|24
|
|move|p2a: Politoed|Scald|p1a: Ferrothorn
|-resisted|p1a: Ferrothorn
|-damage|p1a: Ferrothorn|88/100
|move|p1a: Ferrothorn|Leech Seed|p2a: Politoed
|-start|p2a: Politoed|move: Leech Seed
|
|-weather|RainDance|[upkeep]
|-heal|p2a: Politoed|94/100|[from] item: Leftovers
|-heal|p1a: Ferrothorn|94/100|[from] item: Leftovers
|-damage|p2a: Politoed|82/100|[from] Leech Seed|[of] p1a: Ferrothorn
|-heal|p1a: Ferrothorn|100/100|[silent]
|upkeep
|turn|25
|
|switch|p2a: Thundurus|Thundurus-Therian, M|63/100
|-damage|p2a: Thundurus|39/100|[from] Stealth Rock
|switch|p1a: Politoed|Politoed, F, shiny|100/100
|
|-weather|RainDance|[upkeep]
|upkeep
|turn|26
|
|switch|p1a: Tentacruel|Tentacruel, M|88/100 slp
|move|p2a: Thundurus|Thunder|p1a: Tentacruel
|-supereffective|p1a: Tentacruel
|-damage|p1a: Tentacruel|0 fnt
|faint|p1a: Tentacruel
|
|-weather|RainDance|[upkeep]
|upkeep
|
|switch|p1a: Tornadus|Tornadus, M|100/100
|turn|27
|
|move|p1a: Tornadus|Hurricane|p2a: Thundurus
|-resisted|p2a: Thundurus
|-damage|p2a: Thundurus|0 fnt
|faint|p2a: Thundurus
|
|-weather|RainDance|[upkeep]
|upkeep
|
|switch|p2a: Amoonguss|Amoonguss, M|100/100
|-damage|p2a: Amoonguss|88/100|[from] Stealth Rock
|turn|28
|
|move|p1a: Tornadus|Hurricane|p2a: Amoonguss
|-supereffective|p2a: Amoonguss
|-damage|p2a: Amoonguss|0 fnt
|faint|p2a: Amoonguss
|
|-weather|RainDance|[upkeep]
|upkeep
|c|☆chippy2|gg
|-message|chippy2 forfeited.
|
|win|Glad She's Mine
|l|☆chippy2
|raw|Glad She&apos;s Mine's rating: 1331 &rarr; <strong>1354</strong><br />(+23 for winning)
|raw|chippy2's rating: 1383 &rarr; <strong>1360</strong><br />(-23 for losing)
