|j|ArchyForPresident
|j|thecheese103
|player|p1|ArchyForPresident|69
|teamsize|p1|6
|player|p2|thecheese103|209
|teamsize|p2|6
|gametype|singles
|gen|5
|tier|[Gen 5] OU
|rated
|seed|3227,22150,9484,14234
|rule|Evasion Abilities Clause: Evasion abilities are banned
|rule|Baton Pass Clause: Limit one Baton Passer, can't pass Spe and other stats simultaneously
|rule|Swagger Clause: Swagger is banned
|clearpoke
|poke|p1|Garchomp, F|item
|poke|p1|Keldeo-Resolute|item
|poke|p1|Dragonite, F|item
|poke|p1|Jirachi|item
|poke|p1|Landorus-Therian, M|item
|poke|p1|Latios, M|item
|poke|p2|Excadrill, M|item
|poke|p2|Rotom-Wash, shiny|item
|poke|p2|Politoed, F, shiny|item
|poke|p2|Infernape, M|item
|poke|p2|Landorus-Therian, M|item
|poke|p2|Ferrothorn, M, shiny|item
|rule|Sleep Clause Mod: Limit one foe put to sleep
|rule|Species Clause: Limit one of each Pokémon
|rule|OHKO Clause: OHKO moves are banned
|rule|Moody Clause: Moody is banned
|rule|Evasion Moves Clause: Evasion moves are banned
|rule|Endless Battle Clause: Forcing endless battles is banned
|rule|HP Percentage Mod: HP is shown in percentages
|teampreview
|inactive|Battle timer is ON: inactive players will automatically lose when time's up. (requested by thecheese103)
|choice|team 1, team 2, team 3, team 4, team 5, team 6|team 3, team 2, team 1, team 4, team 5, team 6
|
|start
|switch|p1a: Garchomp|Garchomp, F|358/358
|switch|p2a: Politoed|Politoed, F, shiny|384/384
|-weather|RainDance|[from] ability: Drizzle|[of] p2a: Politoed
|turn|1
|choice|move stealthrock|move icebeam
|
|move|p1a: Garchomp|Stealth Rock|p2a: Politoed
|-sidestart|p2: thecheese103|move: Stealth Rock
|move|p2a: Politoed|Ice Beam|p1a: Garchomp
|-supereffective|p1a: Garchomp
|-damage|p1a: Garchomp|58/358
|
|-weather|RainDance|[upkeep]
|upkeep
|turn|2
|choice|move outrage|move scald
|
|move|p1a: Garchomp|Outrage|p2a: Politoed
|-damage|p2a: Politoed|140/384
|move|p2a: Politoed|Scald|p1a: Garchomp
|-damage|p1a: Garchomp|0 fnt
|faint|p1a: Garchomp
|
|-weather|RainDance|[upkeep]
|-heal|p2a: Politoed|164/384|[from] item: Leftovers
|upkeep
|choice|switch 2|
|
|switch|p1a: Keldeo|Keldeo-Resolute|323/323
|turn|3
|choice|move secretsword|move toxic
|
|move|p1a: Keldeo|Secret Sword|p2a: Politoed
|-damage|p2a: Politoed|0 fnt
|faint|p2a: Politoed
|
|-weather|RainDance|[upkeep]
|upkeep
|choice||switch 5
|
|switch|p2a: Landorus|Landorus-Therian, M|381/381
|-damage|p2a: Landorus|334/381|[from] stealthrock
|-ability|p2a: Landorus|Intimidate|boost
|-unboost|p1a: Keldeo|atk|1
|turn|4
|choice|switch 6|move stealthrock
|
|switch|p1a: Latios|Latios, M|301/301
|move|p2a: Landorus|Stealth Rock|p1a: Latios
|-sidestart|p1: ArchyForPresident|move: Stealth Rock
|
|-weather|RainDance|[upkeep]
|upkeep
|turn|5
|choice|move surf|switch 6
|
|switch|p2a: Ferrothorn|Ferrothorn, M, shiny|352/352
|-damage|p2a: Ferrothorn|330/352|[from] stealthrock
|move|p1a: Latios|Surf|p2a: Ferrothorn
|-resisted|p2a: Ferrothorn
|-damage|p2a: Ferrothorn|255/352
|
|-weather|RainDance|[upkeep]
|-heal|p2a: Ferrothorn|277/352|[from] item: Leftovers
|upkeep
|turn|6
|choice|move hiddenpower|move leechseed
|
|move|p1a: Latios|Hidden Power|p2a: Ferrothorn
|-supereffective|p2a: Ferrothorn
|-damage|p2a: Ferrothorn|90/352
|move|p2a: Ferrothorn|Leech Seed|p1a: Latios
|-start|p1a: Latios|move: Leech Seed
|
|-weather|RainDance|[upkeep]
|-heal|p2a: Ferrothorn|112/352|[from] item: Leftovers
|-damage|p1a: Latios|264/301|[from] leechseed|[of] p2a: Ferrothorn
|-heal|p2a: Ferrothorn|149/352|[silent]
|upkeep
|turn|7
|choice|move hiddenpower|move protect
|
|move|p2a: Ferrothorn|Protect|p2a: Ferrothorn
|-singleturn|p2a: Ferrothorn|Protect
|move|p1a: Latios|Hidden Power|p2a: Ferrothorn
|-activate|p2a: Ferrothorn|move: Protect
|
|-weather|RainDance|[upkeep]
|-heal|p2a: Ferrothorn|171/352|[from] item: Leftovers
|-damage|p1a: Latios|227/301|[from] leechseed|[of] p2a: Ferrothorn
|-heal|p2a: Ferrothorn|208/352|[silent]
|upkeep
|turn|8
|choice|move hiddenpower|move spikes
|
|move|p1a: Latios|Hidden Power|p2a: Ferrothorn
|-supereffective|p2a: Ferrothorn
|-damage|p2a: Ferrothorn|21/352
|move|p2a: Ferrothorn|Spikes|p1a: Latios
|-sidestart|p1: ArchyForPresident|Spikes
|
|-weather|RainDance|[upkeep]
|-heal|p2a: Ferrothorn|43/352|[from] item: Leftovers
|-damage|p1a: Latios|190/301|[from] leechseed|[of] p2a: Ferrothorn
|-heal|p2a: Ferrothorn|80/352|[silent]
|upkeep
|turn|9
|choice|move hiddenpower|switch 2
|
|switch|p2a: Rotom|Rotom-Wash, shiny|304/304
|-damage|p2a: Rotom|266/304|[from] stealthrock
|move|p1a: Latios|Hidden Power|p2a: Rotom
|-resisted|p2a: Rotom
|-damage|p2a: Rotom|251/304
|
|-weather|RainDance|[upkeep]
|-heal|p2a: Rotom|270/304|[from] item: Leftovers
|-damage|p1a: Latios|153/301|[from] leechseed|[of] p2a: Rotom
|-heal|p2a: Rotom|304/304|[silent]
|upkeep
|turn|10
|choice|move dracometeor|move voltswitch
|
|move|p1a: Latios|Draco Meteor|p2a: Rotom
|-damage|p2a: Rotom|136/304
|-unboost|p1a: Latios|spa|2
|move|p2a: Rotom|Volt Switch|p1a: Latios
|-resisted|p1a: Latios
|-damage|p1a: Latios|115/301
|choice||switch 2
|
|switch|p2a: Ferrothorn|Ferrothorn, M, shiny|80/352
|-damage|p2a: Ferrothorn|58/352|[from] stealthrock
|
|-weather|RainDance|[upkeep]
|-heal|p2a: Ferrothorn|80/352|[from] item: Leftovers
|-damage|p1a: Latios|78/301|[from] leechseed|[of] p2a: Ferrothorn
|-heal|p2a: Ferrothorn|117/352|[silent]
|upkeep
|turn|11
|choice|switch 5|move protect
|
|switch|p1a: Landorus|Landorus-Therian, M|378/378
|-damage|p1a: Landorus|331/378|[from] stealthrock
|-ability|p1a: Landorus|Intimidate|boost
|-unboost|p2a: Ferrothorn|atk|1
|move|p2a: Ferrothorn|Protect|p2a: Ferrothorn
|-fail|p2a: Ferrothorn
|
|-weather|RainDance|[upkeep]
|-heal|p1a: Landorus|354/378|[from] item: Leftovers
|-heal|p2a: Ferrothorn|139/352|[from] item: Leftovers
|upkeep
|turn|12
|choice|move swordsdance|move leechseed
|
|move|p1a: Landorus|Swords Dance|p1a: Landorus
|-boost|p1a: Landorus|atk|2
|move|p2a: Ferrothorn|Leech Seed|p1a: Landorus
|-start|p1a: Landorus|move: Leech Seed
|
|-weather|RainDance|[upkeep]
|-heal|p1a: Landorus|377/378|[from] item: Leftovers
|-heal|p2a: Ferrothorn|161/352|[from] item: Leftovers
|-damage|p1a: Landorus|330/378|[from] leechseed|[of] p2a: Ferrothorn
|-heal|p2a: Ferrothorn|208/352|[silent]
|upkeep
|turn|13
|choice|move rockpolish|switch 6
|
|switch|p2a: Landorus|Landorus-Therian, M|334/381
|-damage|p2a: Landorus|287/381|[from] stealthrock
|-ability|p2a: Landorus|Intimidate|boost
|-unboost|p1a: Landorus|atk|1
|move|p1a: Landorus|Rock Polish|p1a: Landorus
|-boost|p1a: Landorus|spe|2
|
|-weather|RainDance|[upkeep]
|-heal|p1a: Landorus|353/378|[from] item: Leftovers
|-damage|p1a: Landorus|306/378|[from] leechseed|[of] p2a: Landorus
|-heal|p2a: Landorus|334/381|[silent]
|upkeep
|turn|14
|choice|move stoneedge|move hiddenpower
|
|move|p1a: Landorus|Stone Edge|p2a: Landorus
|-crit|p2a: Landorus
|-damage|p2a: Landorus|30/381
|move|p2a: Landorus|Hidden Power|p1a: Landorus
|-supereffective|p1a: Landorus
|-damage|p1a: Landorus|70/378
|
|-weather|RainDance|[upkeep]
|-heal|p1a: Landorus|93/378|[from] item: Leftovers
|-damage|p1a: Landorus|46/378|[from] leechseed|[of] p2a: Landorus
|-heal|p2a: Landorus|77/381|[silent]
|upkeep
|turn|15
|choice|move stoneedge|switch 6
|
|switch|p2a: Ferrothorn|Ferrothorn, M, shiny|208/352
|-damage|p2a: Ferrothorn|186/352|[from] stealthrock
|move|p1a: Landorus|Stone Edge|p2a: Ferrothorn|[miss]
|-miss|p1a: Landorus|p2a: Ferrothorn
|
|-weather|RainDance|[upkeep]
|-heal|p1a: Landorus|69/378|[from] item: Leftovers
|-heal|p2a: Ferrothorn|208/352|[from] item: Leftovers
|-damage|p1a: Landorus|22/378|[from] leechseed|[of] p2a: Ferrothorn
|-heal|p2a: Ferrothorn|255/352|[silent]
|upkeep
|turn|16
|choice|move stoneedge|move protect
|
|move|p2a: Ferrothorn|Protect|p2a: Ferrothorn
|-singleturn|p2a: Ferrothorn|Protect
|move|p1a: Landorus|Stone Edge|p2a: Ferrothorn
|-activate|p2a: Ferrothorn|move: Protect
|
|-weather|RainDance|[upkeep]
|-heal|p1a: Landorus|45/378|[from] item: Leftovers
|-heal|p2a: Ferrothorn|277/352|[from] item: Leftovers
|-damage|p1a: Landorus|0 fnt|[from] leechseed|[of] p2a: Ferrothorn
|-heal|p2a: Ferrothorn|322/352|[silent]
|upkeep
|faint|p1a: Landorus
|choice|switch 6|
|
|switch|p1a: Keldeo|Keldeo-Resolute|323/323
|-damage|p1a: Keldeo|283/323|[from] spikes
|-damage|p1a: Keldeo|263/323|[from] stealthrock
|turn|17
|choice|move secretsword|move powerwhip
|
|move|p1a: Keldeo|Secret Sword|p2a: Ferrothorn
|-supereffective|p2a: Ferrothorn
|-damage|p2a: Ferrothorn|58/352
|move|p2a: Ferrothorn|Power Whip|p1a: Keldeo
|-supereffective|p1a: Keldeo
|-damage|p1a: Keldeo|0 fnt
|faint|p1a: Keldeo
|
|-weather|RainDance|[upkeep]
|-heal|p2a: Ferrothorn|80/352|[from] item: Leftovers
|upkeep
|choice|switch 5|
|
|switch|p1a: Latios|Latios, M|78/301
|-damage|p1a: Latios|41/301|[from] stealthrock
|turn|18
|choice|move hiddenpower|move leechseed
|
|move|p1a: Latios|Hidden Power|p2a: Ferrothorn
|-supereffective|p2a: Ferrothorn
|-damage|p2a: Ferrothorn|0 fnt
|faint|p2a: Ferrothorn
|
|-weather|RainDance|[upkeep]
|upkeep
|choice||switch 3
|
|switch|p2a: Excadrill|Excadrill, M|361/361
|-damage|p2a: Excadrill|350/361|[from] stealthrock
|-ability|p2a: Excadrill|Mold Breaker
|turn|19
|choice|switch 4|move ironhead
|
|switch|p1a: Jirachi|Jirachi|341/341
|-damage|p1a: Jirachi|299/341|[from] spikes
|-damage|p1a: Jirachi|278/341|[from] stealthrock
|move|p2a: Excadrill|Iron Head|p1a: Jirachi
|-resisted|p1a: Jirachi
|-damage|p1a: Jirachi|201/341
|
|-weather|RainDance|[upkeep]
|upkeep
|turn|20
|choice|move healingwish|move ironhead
|
|move|p1a: Jirachi|Healing Wish|p1a: Jirachi
|faint|p1a: Jirachi
|move|p2a: Excadrill|Iron Head|p1: Jirachi|[notarget]
|-notarget
|
|-weather|RainDance|[upkeep]
|upkeep
|choice|switch 4|
|
|switch|p1a: Latios|Latios, M|41/301
|-heal|p1a: Latios|301/301|[from] move: Healing Wish
|-damage|p1a: Latios|264/301|[from] stealthrock
|turn|21
|choice|move surf|move ironhead
|
|move|p2a: Excadrill|Iron Head|p1a: Latios
|-crit|p1a: Latios
|-damage|p1a: Latios|0 fnt
|faint|p1a: Latios
|
|-weather|RainDance|[upkeep]
|upkeep
|c|☆ArchyForPresident|epic
|choice|switch 3|
|
|switch|p1a: Dragonite|Dragonite, F|338/338
|-damage|p1a: Dragonite|254/338|[from] stealthrock
|turn|22
|c|☆thecheese103|i was going for flinch anyways so no apologies here
|choice|move outrage|move ironhead
|
|move|p2a: Excadrill|Iron Head|p1a: Dragonite
|-damage|p1a: Dragonite|92/338
|move|p1a: Dragonite|Outrage|p2a: Excadrill
|-resisted|p2a: Excadrill
|-damage|p2a: Excadrill|74/361
|
|-weather|RainDance|[upkeep]
|upkeep
|turn|23
|choice|move outrage|move ironhead
|
|move|p2a: Excadrill|Iron Head|p1a: Dragonite
|-damage|p1a: Dragonite|0 fnt
|faint|p1a: Dragonite
|
|win|thecheese103
|raw|ArchyForPresident's rating: 1438 &rarr; <strong>1409</strong><br />(-29 for losing)
|raw|thecheese103's rating: 1262 &rarr; <strong>1298</strong><br />(+36 for winning)