|j|☆awitt 10
|j|☆DanThaPan
|player|p1|awitt 10|266|1355
|player|p2|DanThaPan|274|1386
|teamsize|p1|6
|teamsize|p2|6
|gametype|singles
|gen|5
|tier|[Gen 5] OU
|rated|
|rule|Sleep Clause Mod: Limit one foe put to sleep
|rule|Species Clause: Limit one of each Pokémon
|rule|OHKO Clause: OHKO moves are banned
|rule|Moody Clause: Moody is banned
|rule|Evasion Moves Clause: Evasion moves are banned
|rule|Endless Battle Clause: Forcing endless battles is banned
|rule|HP Percentage Mod: HP is shown in percentages
|rule|Evasion Abilities Clause: Evasion abilities are banned
|rule|Baton Pass Clause: Limit one Baton Passer, can't pass Spe and other stats simultaneously
|rule|Swagger Clause: Swagger is banned
|clearpoke
|poke|p1|Volcarona, M|item
|poke|p1|Ninetales, M|item
|poke|p1|Darmanitan, M|item
|poke|p1|Latios, M|item
|poke|p1|Donphan, M|item
|poke|p1|Salamence, M|item
|poke|p2|Volbeat, M|item
|poke|p2|Latios, M|item
|poke|p2|Dragonite, F|item
|poke|p2|Kingdra, F|item
|poke|p2|Ferrothorn, F|item
|poke|p2|Breloom, M|item
|teampreview
|inactive|Battle timer is ON: inactive players will automatically lose when time's up. (requested by DanThaPan)
|
|start
|switch|p1a: Ninetales|Ninetales, M|100/100
|switch|p2a: Breloom|Breloom, M|100/100
|-weather|SunnyDay|[from] ability: Drought|[of] p1a: Ninetales
|turn|1
|
|move|p1a: Ninetales|Flamethrower|p2a: Breloom
|-supereffective|p2a: Breloom
|-enditem|p2a: Breloom|Focus Sash
|-damage|p2a: Breloom|1/100
|move|p2a: Breloom|Spore|p1a: Ninetales
|-status|p1a: Ninetales|slp|[from] move: Spore
|
|-weather|SunnyDay|[upkeep]
|upkeep
|turn|2
|
|-singleturn|p2a: Breloom|move: Focus Punch
|cant|p1a: Ninetales|slp
|move|p2a: Breloom|Focus Punch|p1a: Ninetales
|-damage|p1a: Ninetales|0 fnt
|faint|p1a: Ninetales
|
|-weather|SunnyDay|[upkeep]
|upkeep
|
|switch|p1a: Salamence|Salamence, M|100/100
|turn|3
|
|move|p1a: Salamence|Dragon Dance|p1a: Salamence
|-boost|p1a: Salamence|atk|1
|-boost|p1a: Salamence|spe|1
|move|p2a: Breloom|Spore|p1a: Salamence
|-status|p1a: Salamence|slp|[from] move: Spore
|-enditem|p1a: Salamence|Lum Berry|[eat]
|-curestatus|p1a: Salamence|slp|[msg]
|
|-weather|SunnyDay|[upkeep]
|upkeep
|turn|4
|
|move|p1a: Salamence|Earthquake|p2a: Breloom
|-resisted|p2a: Breloom
|-damage|p2a: Breloom|0 fnt
|faint|p2a: Breloom
|-ability|p1a: Salamence|Moxie|boost
|-boost|p1a: Salamence|atk|1
|
|-weather|SunnyDay|[upkeep]
|upkeep
|
|switch|p2a: Volbeat|Volbeat, M|100/100
|turn|5
|
|move|p2a: Volbeat|Rain Dance|p2a: Volbeat
|-weather|RainDance
|move|p1a: Salamence|Fire Fang|p2a: Volbeat
|-supereffective|p2a: Volbeat
|-damage|p2a: Volbeat|44/100
|
|-weather|RainDance|[upkeep]
|upkeep
|turn|6
|
|move|p2a: Volbeat|Encore|p1a: Salamence
|-start|p1a: Salamence|Encore
|move|p1a: Salamence|Fire Fang|p2a: Volbeat
|-supereffective|p2a: Volbeat
|-damage|p2a: Volbeat|0 fnt
|faint|p2a: Volbeat
|-ability|p1a: Salamence|Moxie|boost
|-boost|p1a: Salamence|atk|1
|
|-weather|RainDance|[upkeep]
|upkeep
|
|switch|p2a: Kingdra|Kingdra, F|100/100
|turn|7
|
|switch|p1a: Donphan|Donphan, M|100/100
|move|p2a: Kingdra|Hydro Pump|p1a: Donphan
|-supereffective|p1a: Donphan
|-ability|p1a: Donphan|Sturdy
|-damage|p1a: Donphan|1/100
|
|-weather|RainDance|[upkeep]
|-heal|p1a: Donphan|7/100|[from] item: Leftovers
|upkeep
|turn|8
|
|move|p2a: Kingdra|Ice Beam|p1a: Donphan
|-supereffective|p1a: Donphan
|-damage|p1a: Donphan|0 fnt
|faint|p1a: Donphan
|
|-weather|RainDance|[upkeep]
|upkeep
|
|switch|p1a: Latios|Latios, M|100/100
|turn|9
|
|move|p2a: Kingdra|Draco Meteor|p1a: Latios
|-supereffective|p1a: Latios
|-damage|p1a: Latios|0 fnt
|-unboost|p2a: Kingdra|spa|2
|faint|p1a: Latios
|
|-weather|RainDance|[upkeep]
|upkeep
|c|☆awitt 10|fuck your team honestly
|
|switch|p1a: Darmanitan|Darmanitan, M|100/100
|turn|10
|
|move|p2a: Kingdra|Hydro Pump|p1a: Darmanitan
|-supereffective|p1a: Darmanitan
|-damage|p1a: Darmanitan|0 fnt
|faint|p1a: Darmanitan
|
|-weather|RainDance|[upkeep]
|upkeep
|
|switch|p1a: Volcarona|Volcarona, M|100/100
|turn|11
|c|☆DanThaPan|you shouldve picked a better team
|
|move|p2a: Kingdra|Hydro Pump|p1a: Volcarona
|-supereffective|p1a: Volcarona
|-damage|p1a: Volcarona|13/100
|move|p1a: Volcarona|Quiver Dance|p1a: Volcarona
|-boost|p1a: Volcarona|spa|1
|-boost|p1a: Volcarona|spd|1
|-boost|p1a: Volcarona|spe|1
|
|-weather|RainDance|[upkeep]
|-heal|p1a: Volcarona|19/100|[from] item: Leftovers
|upkeep
|turn|12
|
|move|p2a: Kingdra|Hydro Pump|p1a: Volcarona
|-supereffective|p1a: Volcarona
|-damage|p1a: Volcarona|0 fnt
|faint|p1a: Volcarona
|
|-weather|none
|upkeep
|
|switch|p1a: Salamence|Salamence, M|100/100
|turn|13
|
|move|p1a: Salamence|Outrage|p2a: Kingdra
|-supereffective|p2a: Kingdra
|-damage|p2a: Kingdra|0 fnt
|faint|p2a: Kingdra
|-ability|p1a: Salamence|Moxie|boost
|-boost|p1a: Salamence|atk|1
|
|upkeep
|
|switch|p2a: Latios|Latios, M|100/100
|turn|14
|
|move|p2a: Latios|Dragon Pulse|p1a: Salamence
|-supereffective|p1a: Salamence
|-damage|p1a: Salamence|0 fnt
|faint|p1a: Salamence
|
|win|DanThaPan
|l|☆awitt 10
|raw|awitt 10's rating: 1361 &rarr; <strong>1343</strong><br />(-18 for losing)
|raw|DanThaPan's rating: 1386 &rarr; <strong>1404</strong><br />(+18 for winning)
