|j|☆abysmal dogshit
|j|☆Grovyleflys
|t:|1745650195
|gametype|singles
|player|p1|abysmal dogshit|cyclistf-gen4|1312
|player|p2|Grovyleflys|iris|1430
|teamsize|p1|6
|teamsize|p2|6
|gen|5
|tier|[Gen 5] OU
|rated|
|rule|Species Clause: Limit one of each Pokémon
|rule|OHKO Clause: OHKO moves are banned
|rule|Moody Clause: Moody is banned
|rule|Evasion Items Clause: Evasion items are banned
|rule|Evasion Moves Clause: Evasion moves are banned
|rule|Endless Battle Clause: Forcing endless battles is banned
|rule|HP Percentage Mod: HP is shown in percentages
|rule|Evasion Abilities Clause: Evasion abilities are banned
|rule|Sleep Moves Clause: Sleep-inducing moves are banned
|rule|Swagger Clause: Swagger is banned
|rule|Baton Pass Stat Clause: No Baton Passer may have a way to boost its stats
|clearpoke
|poke|p1|Hippowdon, F|item
|poke|p1|Garchomp, M|item
|poke|p1|Magnezone|item
|poke|p1|Starmie|item
|poke|p1|Dragonite, M|item
|poke|p1|Scizor, F|item
|poke|p2|Jirachi|item
|poke|p2|Latios, M|item
|poke|p2|Starmie|item
|poke|p2|Landorus-Therian, M|item
|poke|p2|Magnezone|item
|poke|p2|Tyranitar, F|item
|teampreview
|
|t:|1745650212
|start
|switch|p1a: Hippowdon|Hippowdon, F|100/100
|switch|p2a: Expert belt|Tyranitar, F|100/100
|-weather|Sandstorm|[from] ability: Sand Stream|[of] p2a: Expert belt
|turn|1
|
|t:|1745650216
|switch|p2a: Life orb|Starmie|100/100
|move|p1a: Hippowdon|Stealth Rock|p2a: Life orb
|-sidestart|p2: Grovyleflys|move: Stealth Rock
|
|-weather|Sandstorm|[upkeep]
|-damage|p2a: Life orb|94/100|[from] Sandstorm
|upkeep
|turn|2
|
|t:|1745650232
|switch|p1a: Scizor|Scizor, F|100/100
|move|p2a: Life orb|Hydro Pump|p1a: Scizor
|-damage|p1a: Scizor|11/100
|-damage|p2a: Life orb|84/100|[from] item: Life Orb
|
|-weather|Sandstorm|[upkeep]
|-damage|p2a: Life orb|78/100|[from] Sandstorm
|upkeep
|turn|3
|
|t:|1745650239
|move|p1a: Scizor|Bullet Punch|p2a: Life orb
|-resisted|p2a: Life orb
|-damage|p2a: Life orb|47/100
|-damage|p1a: Scizor|1/100|[from] item: Life Orb
|move|p2a: Life orb|Hydro Pump|p1a: Scizor
|-damage|p1a: Scizor|0 fnt
|faint|p1a: Scizor
|-damage|p2a: Life orb|37/100|[from] item: Life Orb
|
|-weather|Sandstorm|[upkeep]
|-damage|p2a: Life orb|31/100|[from] Sandstorm
|upkeep
|
|t:|1745650245
|switch|p1a: Dragonite|Dragonite, M|100/100
|turn|4
|
|t:|1745650275
|move|p1a: Dragonite|Extreme Speed|p2a: Life orb
|-damage|p2a: Life orb|0 fnt
|faint|p2a: Life orb
|
|-weather|Sandstorm|[upkeep]
|-damage|p1a: Dragonite|94/100|[from] Sandstorm
|-heal|p1a: Dragonite|100/100|[from] item: Leftovers
|upkeep
|
|t:|1745650280
|switch|p2a: Not specs jk|Latios, M|100/100
|-damage|p2a: Not specs jk|88/100|[from] Stealth Rock
|turn|5
|inactive|Battle timer is ON: inactive players will automatically lose when time's up. (requested by abysmal dogshit)
|
|t:|1745650292
|switch|p1a: Magnezone|Magnezone|100/100
|move|p2a: Not specs jk|Draco Meteor|p1a: Magnezone
|-resisted|p1a: Magnezone
|-damage|p1a: Magnezone|29/100
|-unboost|p2a: Not specs jk|spa|2
|
|-weather|Sandstorm|[upkeep]
|-damage|p2a: Not specs jk|82/100|[from] Sandstorm
|upkeep
|turn|6
|
|t:|1745650312
|switch|p1a: Hippowdon|Hippowdon, F|100/100
|move|p2a: Not specs jk|Draco Meteor|p1a: Hippowdon
|-damage|p1a: Hippowdon|55/100
|-unboost|p2a: Not specs jk|spa|2
|
|-weather|Sandstorm|[upkeep]
|-damage|p2a: Not specs jk|76/100|[from] Sandstorm
|-heal|p1a: Hippowdon|61/100|[from] item: Leftovers
|upkeep
|turn|7
|
|t:|1745650320
|switch|p2a: Scarf jolly|Landorus-Therian, M|100/100
|-damage|p2a: Scarf jolly|88/100|[from] Stealth Rock
|-ability|p2a: Scarf jolly|Intimidate|boost
|-unboost|p1a: Hippowdon|atk|1
|move|p1a: Hippowdon|Toxic|p2a: Scarf jolly
|-status|p2a: Scarf jolly|tox
|
|-weather|Sandstorm|[upkeep]
|-heal|p1a: Hippowdon|67/100|[from] item: Leftovers
|-damage|p2a: Scarf jolly|82/100 tox|[from] psn
|upkeep
|turn|8
|
|t:|1745650330
|move|p2a: Scarf jolly|Stealth Rock|p1a: Hippowdon
|-sidestart|p1: abysmal dogshit|move: Stealth Rock
|move|p1a: Hippowdon|Slack Off|p1a: Hippowdon
|-heal|p1a: Hippowdon|100/100
|
|-weather|Sandstorm|[upkeep]
|-damage|p2a: Scarf jolly|69/100 tox|[from] psn
|upkeep
|turn|9
|
|t:|1745650334
|switch|p2a: Expert belt|Tyranitar, F|100/100
|-damage|p2a: Expert belt|88/100|[from] Stealth Rock
|move|p1a: Hippowdon|Earthquake|p2a: Expert belt
|-supereffective|p2a: Expert belt
|-damage|p2a: Expert belt|33/100
|
|-weather|Sandstorm|[upkeep]
|upkeep
|turn|10
|
|t:|1745650349
|move|p2a: Expert belt|Ice Beam|p1a: Hippowdon
|-supereffective|p1a: Hippowdon
|-damage|p1a: Hippowdon|50/100
|move|p1a: Hippowdon|Earthquake|p2a: Expert belt
|-supereffective|p2a: Expert belt
|-damage|p2a: Expert belt|0 fnt
|faint|p2a: Expert belt
|
|-weather|Sandstorm|[upkeep]
|-heal|p1a: Hippowdon|56/100|[from] item: Leftovers
|upkeep
|
|t:|1745650352
|switch|p2a: Not specs jk|Latios, M|76/100
|-damage|p2a: Not specs jk|64/100|[from] Stealth Rock
|turn|11
|
|t:|1745650358
|switch|p1a: Magnezone|Magnezone|29/100
|-damage|p1a: Magnezone|23/100|[from] Stealth Rock
|move|p2a: Not specs jk|Draco Meteor|p1a: Magnezone
|-resisted|p1a: Magnezone
|-damage|p1a: Magnezone|0 fnt
|-unboost|p2a: Not specs jk|spa|2
|faint|p1a: Magnezone
|
|-weather|Sandstorm|[upkeep]
|-damage|p2a: Not specs jk|58/100|[from] Sandstorm
|upkeep
|
|t:|1745650372
|switch|p1a: Starmie|Starmie|100/100
|-damage|p1a: Starmie|88/100|[from] Stealth Rock
|turn|12
|
|t:|1745650384
|switch|p2a: You’ll see|Magnezone|100/100
|-damage|p2a: You’ll see|94/100|[from] Stealth Rock
|move|p1a: Starmie|Hydro Pump|p2a: You’ll see
|-damage|p2a: You’ll see|24/100
|-damage|p1a: Starmie|78/100|[from] item: Life Orb
|
|-weather|Sandstorm|[upkeep]
|-damage|p1a: Starmie|72/100|[from] Sandstorm
|-heal|p2a: You’ll see|30/100|[from] item: Leftovers
|upkeep
|turn|13
|
|t:|1745650397
|move|p1a: Starmie|Hydro Pump|p2a: You’ll see|[miss]
|-miss|p1a: Starmie|p2a: You’ll see
|move|p2a: You’ll see|Hidden Power|p1a: Starmie
|-resisted|p1a: Starmie
|-damage|p1a: Starmie|57/100
|
|-weather|Sandstorm|[upkeep]
|-damage|p1a: Starmie|51/100|[from] Sandstorm
|-heal|p2a: You’ll see|36/100|[from] item: Leftovers
|upkeep
|turn|14
|
|t:|1745650402
|move|p1a: Starmie|Hydro Pump|p2a: You’ll see|[miss]
|-miss|p1a: Starmie|p2a: You’ll see
|move|p2a: You’ll see|Charge Beam|p1a: Starmie|[miss]
|-miss|p2a: You’ll see|p1a: Starmie
|
|-weather|Sandstorm|[upkeep]
|-damage|p1a: Starmie|45/100|[from] Sandstorm
|-heal|p2a: You’ll see|42/100|[from] item: Leftovers
|upkeep
|turn|15
|
|t:|1745650406
|move|p1a: Starmie|Hydro Pump|p2a: You’ll see
|-damage|p2a: You’ll see|0 fnt
|faint|p2a: You’ll see
|-damage|p1a: Starmie|35/100|[from] item: Life Orb
|
|-weather|Sandstorm|[upkeep]
|-damage|p1a: Starmie|29/100|[from] Sandstorm
|upkeep
|
|t:|1745650408
|switch|p2a: Scarf jolly|Landorus-Therian, M|69/100 tox
|-damage|p2a: Scarf jolly|57/100 tox|[from] Stealth Rock
|-ability|p2a: Scarf jolly|Intimidate|boost
|-unboost|p1a: Starmie|atk|1
|turn|16
|
|t:|1745650416
|switch|p1a: Dragonite|Dragonite, M|100/100
|-damage|p1a: Dragonite|76/100|[from] Stealth Rock
|move|p2a: Scarf jolly|U-turn|p1a: Dragonite
|-resisted|p1a: Dragonite
|-damage|p1a: Dragonite|62/100
|
|t:|1745650421
|switch|p2a: Not specs jk|Latios, M|58/100|[from] U-turn
|-damage|p2a: Not specs jk|46/100|[from] Stealth Rock
|
|-weather|Sandstorm|[upkeep]
|-damage|p2a: Not specs jk|40/100|[from] Sandstorm
|-damage|p1a: Dragonite|56/100|[from] Sandstorm
|-heal|p1a: Dragonite|62/100|[from] item: Leftovers
|upkeep
|turn|17
|
|t:|1745650426
|move|p1a: Dragonite|Extreme Speed|p2a: Not specs jk
|-damage|p2a: Not specs jk|0 fnt
|faint|p2a: Not specs jk
|
|-weather|Sandstorm|[upkeep]
|-damage|p1a: Dragonite|56/100|[from] Sandstorm
|-heal|p1a: Dragonite|62/100|[from] item: Leftovers
|upkeep
|
|t:|1745650429
|switch|p2a: Scarf jolly|Landorus-Therian, M|57/100 tox
|-damage|p2a: Scarf jolly|44/100 tox|[from] Stealth Rock
|-ability|p2a: Scarf jolly|Intimidate|boost
|-unboost|p1a: Dragonite|atk|1
|turn|18
|
|t:|1745650448
|move|p2a: Scarf jolly|Stone Edge|p1a: Dragonite
|-supereffective|p1a: Dragonite
|-crit|p1a: Dragonite
|-damage|p1a: Dragonite|0 fnt
|faint|p1a: Dragonite
|
|-weather|Sandstorm|[upkeep]
|-damage|p2a: Scarf jolly|38/100 tox|[from] psn
|upkeep
|
|t:|1745650452
|switch|p1a: Hippowdon|Hippowdon, F|56/100
|-damage|p1a: Hippowdon|50/100|[from] Stealth Rock
|turn|19
|
|t:|1745650455
|switch|p2a: 100% skill (scarf)|Jirachi|100/100
|-damage|p2a: 100% skill (scarf)|94/100|[from] Stealth Rock
|move|p1a: Hippowdon|Slack Off|p1a: Hippowdon
|-heal|p1a: Hippowdon|99/100
|
|-weather|Sandstorm|[upkeep]
|-heal|p1a: Hippowdon|100/100|[from] item: Leftovers
|upkeep
|turn|20
|
|t:|1745650475
|move|p2a: 100% skill (scarf)|Iron Head|p1a: Hippowdon
|-damage|p1a: Hippowdon|68/100
|cant|p1a: Hippowdon|flinch
|
|-weather|Sandstorm|[upkeep]
|-heal|p1a: Hippowdon|74/100|[from] item: Leftovers
|upkeep
|turn|21
|j| bxh yy cy
|
|t:|1745650485
|move|p2a: 100% skill (scarf)|Iron Head|p1a: Hippowdon
|-damage|p1a: Hippowdon|38/100
|cant|p1a: Hippowdon|flinch
|
|-weather|Sandstorm|[upkeep]
|-heal|p1a: Hippowdon|44/100|[from] item: Leftovers
|upkeep
|turn|22
|
|t:|1745650489
|move|p2a: 100% skill (scarf)|Iron Head|p1a: Hippowdon
|-damage|p1a: Hippowdon|11/100
|cant|p1a: Hippowdon|flinch
|
|-weather|Sandstorm|[upkeep]
|-heal|p1a: Hippowdon|17/100|[from] item: Leftovers
|upkeep
|turn|23
|
|t:|1745650493
|move|p2a: 100% skill (scarf)|Iron Head|p1a: Hippowdon
|-damage|p1a: Hippowdon|0 fnt
|faint|p1a: Hippowdon
|
|-weather|Sandstorm|[upkeep]
|upkeep
|c|☆abysmal dogshit|real
|
|t:|1745650498
|switch|p1a: Garchomp|Garchomp, M|100/100
|-damage|p1a: Garchomp|94/100|[from] Stealth Rock
|turn|24
|
|t:|1745650513
|move|p1a: Garchomp|Earthquake|p2a: 100% skill (scarf)
|-supereffective|p2a: 100% skill (scarf)
|-damage|p2a: 100% skill (scarf)|6/100
|move|p2a: 100% skill (scarf)|Iron Head|p1a: Garchomp
|-damage|p1a: Garchomp|34/100
|-damage|p2a: 100% skill (scarf)|0 fnt|[from] ability: Rough Skin|[of] p1a: Garchomp
|faint|p2a: 100% skill (scarf)
|
|-weather|Sandstorm|[upkeep]
|upkeep
|
|t:|1745650516
|switch|p2a: Scarf jolly|Landorus-Therian, M|38/100 tox
|-damage|p2a: Scarf jolly|25/100 tox|[from] Stealth Rock
|-ability|p2a: Scarf jolly|Intimidate|boost
|-unboost|p1a: Garchomp|atk|1
|turn|25
|
|t:|1745650520
|move|p1a: Garchomp|Endure|p1a: Garchomp
|-singleturn|p1a: Garchomp|move: Endure
|move|p2a: Scarf jolly|Earthquake|p1a: Garchomp
|-crit|p1a: Garchomp
|-activate|p1a: Garchomp|move: Endure
|-damage|p1a: Garchomp|1/100
|-enditem|p1a: Garchomp|Salac Berry|[eat]
|-boost|p1a: Garchomp|spe|1|[from] item: Salac Berry
|
|-weather|Sandstorm|[upkeep]
|-damage|p2a: Scarf jolly|19/100 tox|[from] psn
|upkeep
|turn|26
|
|t:|1745650525
|move|p1a: Garchomp|Outrage|p2a: Scarf jolly
|-damage|p2a: Scarf jolly|0 fnt
|faint|p2a: Scarf jolly
|
|win|abysmal dogshit
|raw|abysmal dogshit's rating: 1312 &rarr; <strong>1339</strong><br />(+27 for winning)
|raw|Grovyleflys's rating: 1430 &rarr; <strong>1403</strong><br />(-27 for losing)
