|j|☆bwourain827163
|j|☆Clawdia Chauchat
|t:|1734527020
|gametype|singles
|player|p1|bwourain827163|shauntal|1349
|player|p2|Clawdia Chauchat|winona|1550
|teamsize|p1|6
|teamsize|p2|6
|gen|5
|tier|[Gen 5] OU
|rated|
|rule|Species Clause: Limit one of each Pokémon
|rule|OHKO Clause: OHKO moves are banned
|rule|Moody Clause: Moody is banned
|rule|Evasion Items Clause: Evasion items are banned
|rule|Evasion Moves Clause: Evasion moves are banned
|rule|Endless Battle Clause: Forcing endless battles is banned
|rule|HP Percentage Mod: HP is shown in percentages
|rule|Evasion Abilities Clause: Evasion abilities are banned
|rule|Sleep Moves Clause: Sleep-inducing moves are banned
|rule|Swagger Clause: Swagger is banned
|rule|Baton Pass Stat Clause: No Baton Passer may have a way to boost its stats
|clearpoke
|poke|p1|Politoed, M|item
|poke|p1|Tentacruel, M|item
|poke|p1|Ferrothorn, M|item
|poke|p1|Keldeo-Resolute|item
|poke|p1|Thundurus-Therian, M|item
|poke|p1|Latios, M|item
|poke|p2|Tyranitar, F|item
|poke|p2|Landorus-Therian, M|item
|poke|p2|Skarmory, F|item
|poke|p2|Jirachi|item
|poke|p2|Reuniclus, M|item
|poke|p2|Latias, F|item
|teampreview
|inactive|Battle timer is ON: inactive players will automatically lose when time's up. (requested by bwourain827163)
|
|t:|1734527030
|start
|switch|p1a: Thundurus|Thundurus-Therian, M|100/100
|switch|p2a: Reuniclus|Reuniclus, M|100/100
|turn|1
|
|t:|1734527034
|move|p1a: Thundurus|Thunder|p2a: Reuniclus
|-damage|p2a: Reuniclus|59/100
|move|p2a: Reuniclus|Trick|p1a: Thundurus
|-activate|p2a: Reuniclus|move: Trick|[of] p1a: Thundurus
|-item|p1a: Thundurus|Sticky Barb|[from] move: Trick
|-item|p2a: Reuniclus|Leftovers|[from] move: Trick
|
|-heal|p2a: Reuniclus|65/100|[from] item: Leftovers
|-damage|p1a: Thundurus|88/100|[from] item: Sticky Barb
|upkeep
|turn|2
|
|t:|1734527064
|move|p1a: Thundurus|Thunder|p2a: Reuniclus|[miss]
|-miss|p1a: Thundurus|p2a: Reuniclus
|move|p2a: Reuniclus|Recover|p2a: Reuniclus
|-heal|p2a: Reuniclus|100/100
|
|-damage|p1a: Thundurus|76/100|[from] item: Sticky Barb
|upkeep
|turn|3
|
|t:|1734527068
|switch|p1a: Politoed|Politoed, M|100/100
|-weather|RainDance|[from] ability: Drizzle|[of] p1a: Politoed
|switch|p2a: Tyranitar|Tyranitar, F|100/100
|-weather|Sandstorm|[from] ability: Sand Stream|[of] p2a: Tyranitar
|
|-weather|Sandstorm|[upkeep]
|-damage|p1a: Politoed|94/100|[from] Sandstorm
|-heal|p1a: Politoed|100/100|[from] item: Leftovers
|upkeep
|turn|4
|
|t:|1734527085
|switch|p1a: Thundurus|Thundurus-Therian, M|76/100
|switch|p2a: Reuniclus|Reuniclus, M|100/100
|
|-weather|Sandstorm|[upkeep]
|-damage|p1a: Thundurus|70/100|[from] Sandstorm
|-damage|p1a: Thundurus|57/100|[from] item: Sticky Barb
|upkeep
|turn|5
|
|t:|1734527090
|switch|p1a: Politoed|Politoed, M|100/100
|-weather|RainDance|[from] ability: Drizzle|[of] p1a: Politoed
|move|p2a: Reuniclus|Psychic|p1a: Politoed
|-damage|p1a: Politoed|74/100
|
|-weather|RainDance|[upkeep]
|-heal|p1a: Politoed|80/100|[from] item: Leftovers
|upkeep
|turn|6
|l|☆bwourain827163
|inactive|bwourain827163 disconnected and has a minute to reconnect!
|player|p1|
|j| qishilu18
|l| qishilu18
|j|☆bwourain827163
|inactive|bwourain827163 reconnected and has 135 seconds left.
|player|p1|bwourain827163|shauntal|
|
|t:|1734527113
|move|p1a: Politoed|Encore|p2a: Reuniclus
|-start|p2a: Reuniclus|Encore
|move|p2a: Reuniclus|Psychic|p1a: Politoed
|-damage|p1a: Politoed|55/100
|
|-weather|RainDance|[upkeep]
|-heal|p1a: Politoed|61/100|[from] item: Leftovers
|upkeep
|turn|7
|
|t:|1734527124
|switch|p1a: Ferrothorn|Ferrothorn, M|100/100
|move|p2a: Reuniclus|Psychic|p1a: Ferrothorn
|-resisted|p1a: Ferrothorn
|-damage|p1a: Ferrothorn|88/100
|
|-weather|RainDance|[upkeep]
|-heal|p1a: Ferrothorn|94/100|[from] item: Leftovers
|upkeep
|turn|8
|
|t:|1734527129
|switch|p2a: Jirachi|Jirachi|100/100
|move|p1a: Ferrothorn|Stealth Rock|p2a: Jirachi
|-sidestart|p2: Clawdia Chauchat|move: Stealth Rock
|
|-weather|RainDance|[upkeep]
|-heal|p1a: Ferrothorn|99/100|[from] item: Leftovers
|upkeep
|turn|9
|
|t:|1734527133
|move|p2a: Jirachi|Calm Mind|p2a: Jirachi
|-boost|p2a: Jirachi|spa|1
|-boost|p2a: Jirachi|spd|1
|move|p1a: Ferrothorn|Knock Off|p2a: Jirachi
|-damage|p2a: Jirachi|96/100
|-enditem|p2a: Jirachi|Leftovers|[from] move: Knock Off|[of] p1a: Ferrothorn
|
|-weather|RainDance|[upkeep]
|-heal|p1a: Ferrothorn|100/100|[from] item: Leftovers
|upkeep
|turn|10
|
|t:|1734527136
|switch|p1a: Latios|Latios, M|100/100
|move|p2a: Jirachi|Calm Mind|p2a: Jirachi
|-boost|p2a: Jirachi|spa|1
|-boost|p2a: Jirachi|spd|1
|
|-weather|RainDance|[upkeep]
|upkeep
|turn|11
|
|t:|1734527141
|move|p1a: Latios|Trick|p2a: Jirachi
|-activate|p1a: Latios|move: Trick|[of] p2a: Jirachi
|-item|p2a: Jirachi|Choice Specs|[from] move: Trick
|-enditem|p1a: Latios|Choice Specs|[silent]|[from] move: Trick
|move|p2a: Jirachi|Psychic|p1a: Latios
|-resisted|p1a: Latios
|-damage|p1a: Latios|38/100
|
|-weather|RainDance|[upkeep]
|upkeep
|turn|12
|
|t:|1734527148
|switch|p1a: Ferrothorn|Ferrothorn, M|100/100
|move|p2a: Jirachi|Psychic|p1a: Ferrothorn
|-resisted|p1a: Ferrothorn
|-damage|p1a: Ferrothorn|60/100
|
|-weather|RainDance|[upkeep]
|-heal|p1a: Ferrothorn|66/100|[from] item: Leftovers
|upkeep
|turn|13
|
|t:|1734527172
|move|p2a: Jirachi|Psychic|p1a: Ferrothorn
|-resisted|p1a: Ferrothorn
|-damage|p1a: Ferrothorn|28/100
|-unboost|p1a: Ferrothorn|spd|1
|move|p1a: Ferrothorn|Spikes|p2a: Jirachi
|-sidestart|p2: Clawdia Chauchat|Spikes
|
|-weather|RainDance|[upkeep]
|-heal|p1a: Ferrothorn|34/100|[from] item: Leftovers
|upkeep
|turn|14
|
|t:|1734527177
|move|p2a: Jirachi|Psychic|p1a: Ferrothorn
|-resisted|p1a: Ferrothorn
|-damage|p1a: Ferrothorn|0 fnt
|faint|p1a: Ferrothorn
|
|-weather|RainDance|[upkeep]
|upkeep
|
|t:|1734527191
|switch|p1a: Thundurus|Thundurus-Therian, M|57/100
|turn|15
|
|t:|1734527210
|move|p2a: Jirachi|Psychic|p1a: Thundurus
|-damage|p1a: Thundurus|0 fnt
|faint|p1a: Thundurus
|
|-weather|RainDance|[upkeep]
|upkeep
|
|t:|1734527214
|switch|p1a: Latios|Latios, M|38/100
|turn|16
|
|t:|1734527217
|move|p1a: Latios|Surf|p2a: Jirachi
|-damage|p2a: Jirachi|70/100
|move|p2a: Jirachi|Psychic|p1a: Latios
|-resisted|p1a: Latios
|-damage|p1a: Latios|0 fnt
|faint|p1a: Latios
|
|-weather|RainDance|[upkeep]
|upkeep
|
|t:|1734527220
|switch|p1a: Politoed|Politoed, M|61/100
|turn|17
|
|t:|1734527221
|move|p2a: Jirachi|Psychic|p1a: Politoed
|-damage|p1a: Politoed|0 fnt
|faint|p1a: Politoed
|
|-weather|RainDance|[upkeep]
|upkeep
|
|t:|1734527224
|switch|p1a: Keldeo|Keldeo-Resolute|100/100
|turn|18
|
|t:|1734527227
|move|p1a: Keldeo|Hydro Pump|p2a: Jirachi
|-damage|p2a: Jirachi|24/100
|move|p2a: Jirachi|Psychic|p1a: Keldeo
|-supereffective|p1a: Keldeo
|-damage|p1a: Keldeo|0 fnt
|faint|p1a: Keldeo
|
|-weather|RainDance|[upkeep]
|upkeep
|
|t:|1734527229
|switch|p1a: Tentacruel|Tentacruel, M|100/100
|turn|19
|
|t:|1734527231
|move|p2a: Jirachi|Psychic|p1a: Tentacruel
|-supereffective|p1a: Tentacruel
|-damage|p1a: Tentacruel|0 fnt
|faint|p1a: Tentacruel
|
|win|Clawdia Chauchat
|raw|bwourain827163's rating: 1349 &rarr; <strong>1340</strong><br />(-9 for losing)
|raw|Clawdia Chauchat's rating: 1562 &rarr; <strong>1571</strong><br />(+9 for winning)
|c|☆Clawdia Chauchat|da sweep
|c|☆Clawdia Chauchat|gg
