|j|☆nottruant
|j|☆Crimsonbacon38
|t:|1740351026
|gametype|singles
|player|p1|nottruant|wallace|1311
|player|p2|Crimsonbacon38|barry|1404
|teamsize|p1|6
|teamsize|p2|6
|gen|5
|tier|[Gen 5] OU
|rated|
|rule|Species Clause: Limit one of each Pokémon
|rule|OHKO Clause: OHKO moves are banned
|rule|Moody Clause: Moody is banned
|rule|Evasion Items Clause: Evasion items are banned
|rule|Evasion Moves Clause: Evasion moves are banned
|rule|Endless Battle Clause: Forcing endless battles is banned
|rule|HP Percentage Mod: HP is shown in percentages
|rule|Evasion Abilities Clause: Evasion abilities are banned
|rule|Sleep Moves Clause: Sleep-inducing moves are banned
|rule|Swagger Clause: Swagger is banned
|rule|Baton Pass Stat Clause: No Baton Passer may have a way to boost its stats
|clearpoke
|poke|p1|Reuniclus, M|item
|poke|p1|Garchomp, F|item
|poke|p1|Metagross|item
|poke|p1|Keldeo|item
|poke|p1|Starmie|item
|poke|p1|Gengar, F|item
|poke|p2|Starmie|item
|poke|p2|Tyranitar, F|item
|poke|p2|Ferrothorn, F|item
|poke|p2|Alakazam, M|item
|poke|p2|Landorus-Therian, M|item
|poke|p2|Scizor, M|item
|teampreview
|inactive|Battle timer is ON: inactive players will automatically lose when time's up. (requested by nottruant)
|
|t:|1740351049
|start
|switch|p1a: Metagross|Metagross, shiny|100/100
|switch|p2a: Scizor|Scizor, M|100/100
|turn|1
|
|t:|1740351059
|move|p2a: Scizor|U-turn|p1a: Metagross
|-damage|p1a: Metagross|58/100
|
|t:|1740351062
|switch|p2a: Landorus|Landorus-Therian, M|100/100|[from] U-turn
|-ability|p2a: Landorus|Intimidate|boost
|-fail|p1a: Metagross|unboost|[from] ability: Clear Body|[of] p1a: Metagross
|move|p1a: Metagross|Stealth Rock|p2a: Landorus
|-sidestart|p2: Crimsonbacon38|move: Stealth Rock
|
|upkeep
|turn|2
|
|t:|1740351066
|move|p2a: Landorus|Earthquake|p1a: Metagross
|-supereffective|p1a: Metagross
|-damage|p1a: Metagross|0 fnt
|faint|p1a: Metagross
|
|upkeep
|
|t:|1740351078
|switch|p1a: Gengar|Gengar, F|100/100
|turn|3
|
|t:|1740351086
|switch|p1a: Garchomp|Garchomp, F|100/100
|switch|p2a: Tyranitar|Tyranitar, F|100/100
|-damage|p2a: Tyranitar|88/100|[from] Stealth Rock
|-weather|Sandstorm|[from] ability: Sand Stream|[of] p2a: Tyranitar
|
|-weather|Sandstorm|[upkeep]
|upkeep
|turn|4
|
|t:|1740351108
|switch|p1a: Keldeo|Keldeo|100/100
|switch|p2a: Landorus|Landorus-Therian, M|100/100
|-damage|p2a: Landorus|88/100|[from] Stealth Rock
|-ability|p2a: Landorus|Intimidate|boost
|-unboost|p1a: Keldeo|atk|1
|
|-weather|Sandstorm|[upkeep]
|-damage|p1a: Keldeo|94/100|[from] Sandstorm
|-heal|p2a: Landorus|94/100|[from] item: Leftovers
|upkeep
|turn|5
|
|t:|1740351117
|move|p1a: Keldeo|Hydro Pump|p2a: Landorus
|-supereffective|p2a: Landorus
|-damage|p2a: Landorus|0 fnt
|faint|p2a: Landorus
|-damage|p1a: Keldeo|84/100|[from] item: Life Orb
|
|-weather|Sandstorm|[upkeep]
|-damage|p1a: Keldeo|78/100|[from] Sandstorm
|upkeep
|
|t:|1740351126
|switch|p2a: Alakazam|Alakazam, M|100/100
|turn|6
|
|t:|1740351143
|switch|p1a: Starmie|Starmie|100/100
|-item|p1a: Starmie|Air Balloon
|move|p2a: Alakazam|Psyshock|p1a: Starmie
|-resisted|p1a: Starmie
|-crit|p1a: Starmie
|-damage|p1a: Starmie|32/100
|-enditem|p1a: Starmie|Air Balloon
|
|-weather|Sandstorm|[upkeep]
|-damage|p1a: Starmie|25/100|[from] Sandstorm
|upkeep
|turn|7
|
|t:|1740351153
|move|p2a: Alakazam|Signal Beam|p1a: Starmie
|-supereffective|p1a: Starmie
|-damage|p1a: Starmie|0 fnt
|faint|p1a: Starmie
|
|-weather|Sandstorm|[upkeep]
|upkeep
|inactive|nottruant has 120 seconds left.
|
|t:|1740351179
|switch|p1a: Garchomp|Garchomp, F|100/100
|turn|8
|inactive|nottruant has 120 seconds left.
|
|t:|1740351186
|switch|p2a: Ferrothorn|Ferrothorn, F|100/100
|-damage|p2a: Ferrothorn|94/100|[from] Stealth Rock
|move|p1a: Garchomp|Earthquake|p2a: Ferrothorn
|-damage|p2a: Ferrothorn|49/100
|
|-weather|Sandstorm|[upkeep]
|upkeep
|turn|9
|
|t:|1740351192
|move|p1a: Garchomp|Earthquake|p2a: Ferrothorn
|-damage|p2a: Ferrothorn|8/100
|move|p2a: Ferrothorn|Spikes|p1a: Garchomp
|-sidestart|p1: nottruant|Spikes
|
|-weather|Sandstorm|[upkeep]
|upkeep
|turn|10
|
|t:|1740351201
|switch|p2a: Starmie|Starmie|100/100
|-damage|p2a: Starmie|88/100|[from] Stealth Rock
|-item|p2a: Starmie|Air Balloon
|move|p1a: Garchomp|Earthquake|p2a: Starmie
|-immune|p2a: Starmie
|
|-weather|Sandstorm|[upkeep]
|-damage|p2a: Starmie|82/100|[from] Sandstorm
|upkeep
|turn|11
|
|t:|1740351208
|switch|p1a: Reuniclus|Reuniclus, M, shiny|100/100
|move|p2a: Starmie|Ice Beam|p1a: Reuniclus
|-damage|p1a: Reuniclus|68/100
|-status|p1a: Reuniclus|frz
|
|-weather|Sandstorm|[upkeep]
|-damage|p2a: Starmie|76/100|[from] Sandstorm
|upkeep
|turn|12
|j| ChrisCross1990
|
|t:|1740351214
|switch|p2a: Scizor|Scizor, M|100/100
|-damage|p2a: Scizor|88/100|[from] Stealth Rock
|cant|p1a: Reuniclus|frz
|
|-weather|Sandstorm|[upkeep]
|upkeep
|turn|13
|
|t:|1740351219
|move|p2a: Scizor|U-turn|p1a: Reuniclus
|-supereffective|p1a: Reuniclus
|-damage|p1a: Reuniclus|0 fnt
|faint|p1a: Reuniclus
|inactive|Crimsonbacon38 has 120 seconds left.
|
|t:|1740351256
|switch|p2a: Starmie|Starmie|76/100|[from] U-turn
|-damage|p2a: Starmie|64/100|[from] Stealth Rock
|-item|p2a: Starmie|Air Balloon
|
|-weather|Sandstorm|[upkeep]
|-damage|p2a: Starmie|58/100|[from] Sandstorm
|upkeep
|
|t:|1740351268
|switch|p1a: Garchomp|Garchomp, F|100/100
|-damage|p1a: Garchomp|88/100|[from] Spikes
|turn|14
|
|t:|1740351274
|switch|p2a: Ferrothorn|Ferrothorn, F|8/100
|-damage|p2a: Ferrothorn|2/100|[from] Stealth Rock
|move|p1a: Garchomp|Dragon Claw|p2a: Ferrothorn
|-resisted|p2a: Ferrothorn
|-damage|p2a: Ferrothorn|0 fnt
|-damage|p1a: Garchomp|76/100|[from] ability: Iron Barbs|[of] p2a: Ferrothorn
|faint|p2a: Ferrothorn
|
|-weather|Sandstorm|[upkeep]
|upkeep
|inactive|Crimsonbacon38 has 120 seconds left.
|
|t:|1740351286
|switch|p2a: Tyranitar|Tyranitar, F|88/100
|-damage|p2a: Tyranitar|76/100|[from] Stealth Rock
|turn|15
|
|t:|1740351294
|switch|p1a: Keldeo|Keldeo|78/100
|-damage|p1a: Keldeo|66/100|[from] Spikes
|move|p2a: Tyranitar|Ice Beam|p1a: Keldeo
|-resisted|p1a: Keldeo
|-damage|p1a: Keldeo|53/100
|
|-weather|Sandstorm|[upkeep]
|-damage|p1a: Keldeo|47/100|[from] Sandstorm
|upkeep
|turn|16
|
|t:|1740351300
|switch|p2a: Starmie|Starmie|58/100
|-damage|p2a: Starmie|45/100|[from] Stealth Rock
|-item|p2a: Starmie|Air Balloon
|move|p1a: Keldeo|Secret Sword|p2a: Starmie
|-resisted|p2a: Starmie
|-damage|p2a: Starmie|2/100
|-enditem|p2a: Starmie|Air Balloon
|-damage|p1a: Keldeo|37/100|[from] item: Life Orb
|
|-weather|Sandstorm|[upkeep]
|-damage|p2a: Starmie|0 fnt|[from] Sandstorm
|-damage|p1a: Keldeo|31/100|[from] Sandstorm
|faint|p2a: Starmie
|upkeep
|inactive|Crimsonbacon38 has 120 seconds left.
|
|t:|1740351328
|switch|p2a: Scizor|Scizor, M|88/100
|-damage|p2a: Scizor|76/100|[from] Stealth Rock
|turn|17
|
|t:|1740351339
|move|p2a: Scizor|Bullet Punch|p1a: Keldeo
|-resisted|p1a: Keldeo
|-damage|p1a: Keldeo|0 fnt
|faint|p1a: Keldeo
|
|-weather|Sandstorm|[upkeep]
|upkeep
|
|t:|1740351347
|switch|p1a: Gengar|Gengar, F|100/100
|turn|18
|
|t:|1740351352
|switch|p2a: Tyranitar|Tyranitar, F|76/100
|-damage|p2a: Tyranitar|64/100|[from] Stealth Rock
|move|p1a: Gengar|Focus Blast|p2a: Tyranitar
|-supereffective|p2a: Tyranitar
|-damage|p2a: Tyranitar|0 fnt
|faint|p2a: Tyranitar
|-damage|p1a: Gengar|91/100|[from] item: Life Orb
|
|-weather|Sandstorm|[upkeep]
|-damage|p1a: Gengar|84/100|[from] Sandstorm
|upkeep
|
|t:|1740351361
|switch|p2a: Scizor|Scizor, M|76/100
|-damage|p2a: Scizor|63/100|[from] Stealth Rock
|turn|19
|
|t:|1740351369
|move|p2a: Scizor|Bullet Punch|p1a: Gengar
|-crit|p1a: Gengar
|-damage|p1a: Gengar|0 fnt
|faint|p1a: Gengar
|
|-weather|Sandstorm|[upkeep]
|upkeep
|
|t:|1740351371
|switch|p1a: Garchomp|Garchomp, F|76/100
|-damage|p1a: Garchomp|64/100|[from] Spikes
|turn|20
|
|t:|1740351372
|move|p2a: Scizor|Bullet Punch|p1a: Garchomp
|-damage|p1a: Garchomp|16/100
|-damage|p2a: Scizor|51/100|[from] ability: Rough Skin|[of] p1a: Garchomp
|move|p1a: Garchomp|Earthquake|p2a: Scizor
|-damage|p2a: Scizor|0 fnt
|faint|p2a: Scizor
|
|-weather|Sandstorm|[upkeep]
|upkeep
|
|t:|1740351375
|switch|p2a: Alakazam|Alakazam, M|100/100
|turn|21
|c|☆nottruant|gg
|
|t:|1740351378
|move|p1a: Garchomp|Earthquake|p2a: Alakazam
|-enditem|p2a: Alakazam|Focus Sash
|-damage|p2a: Alakazam|1/100
|move|p2a: Alakazam|Psyshock|p1a: Garchomp
|-damage|p1a: Garchomp|0 fnt
|faint|p1a: Garchomp
|
|win|Crimsonbacon38
|raw|nottruant's rating: 1311 &rarr; <strong>1296</strong><br />(-15 for losing)
|raw|Crimsonbacon38's rating: 1404 &rarr; <strong>1419</strong><br />(+15 for winning)
|l|☆nottruant
|player|p1|
|c|☆Crimsonbacon38|gg
