|j|☆mnbvvghjk
|j|☆WeR#4Hay!
|t:|1740523859
|gametype|singles
|player|p1|mnbvvghjk|265|1325
|player|p2|WeR#4Hay!|266|1607
|teamsize|p1|6
|teamsize|p2|6
|gen|5
|tier|[Gen 5] OU
|rated|
|rule|Species Clause: Limit one of each Pokémon
|rule|OHKO Clause: OHKO moves are banned
|rule|Moody Clause: Moody is banned
|rule|Evasion Items Clause: Evasion items are banned
|rule|Evasion Moves Clause: Evasion moves are banned
|rule|Endless Battle Clause: Forcing endless battles is banned
|rule|HP Percentage Mod: HP is shown in percentages
|rule|Evasion Abilities Clause: Evasion abilities are banned
|rule|Sleep Moves Clause: Sleep-inducing moves are banned
|rule|Swagger Clause: Swagger is banned
|rule|Baton Pass Stat Clause: No Baton Passer may have a way to boost its stats
|clearpoke
|poke|p1|Tyranitar, F|item
|poke|p1|Excadrill, M|item
|poke|p1|Terrakion|item
|poke|p1|Reuniclus, M|item
|poke|p1|Gliscor, F|item
|poke|p1|Ferrothorn, F|item
|poke|p2|Breloom, M|item
|poke|p2|Heatran, M|item
|poke|p2|Rotom-Wash|item
|poke|p2|Jirachi|item
|poke|p2|Latias, F|item
|poke|p2|Landorus-Therian, M|item
|teampreview
|inactive|Battle timer is ON: inactive players will automatically lose when time's up. (requested by mnbvvghjk)
|inactive|WeR#4Hay! has 120 seconds left.
|
|t:|1740523895
|start
|switch|p1a: Gliscor|Gliscor, F|100/100
|switch|p2a: Takeshi Maenami|Heatran, M|100/100
|-item|p2a: Takeshi Maenami|Air Balloon
|turn|1
|
|t:|1740523902
|move|p2a: Takeshi Maenami|Magma Storm|p1a: Gliscor
|-damage|p1a: Gliscor|24/100
|-activate|p1a: Gliscor|move: Magma Storm|[of] p2a: Takeshi Maenami
|move|p1a: Gliscor|Stealth Rock|p2a: Takeshi Maenami
|-sidestart|p2: WeR#4Hay!|move: Stealth Rock
|
|-damage|p1a: Gliscor|17/100|[from] move: Magma Storm|[partiallytrapped]
|-status|p1a: Gliscor|tox|[from] item: Toxic Orb
|upkeep
|turn|2
|
|t:|1740523914
|move|p2a: Takeshi Maenami|Lava Plume|p1a: Gliscor
|-damage|p1a: Gliscor|0 fnt
|faint|p1a: Gliscor
|
|upkeep
|
|t:|1740523920
|switch|p1a: Terrakion|Terrakion|100/100
|turn|3
|
|t:|1740523932
|switch|p2a: Yusuke Oshida|Landorus-Therian, M|100/100
|-damage|p2a: Yusuke Oshida|88/100|[from] Stealth Rock
|-ability|p2a: Yusuke Oshida|Intimidate|boost
|-unboost|p1a: Terrakion|atk|1
|move|p1a: Terrakion|Stone Edge|p2a: Yusuke Oshida
|-damage|p2a: Yusuke Oshida|51/100
|
|upkeep
|turn|4
|
|t:|1740523944
|switch|p2a: Takeshi Maenami|Heatran, M|100/100
|-damage|p2a: Takeshi Maenami|88/100|[from] Stealth Rock
|-item|p2a: Takeshi Maenami|Air Balloon
|switch|p1a: Reuniclus|Reuniclus, M|100/100
|
|upkeep
|turn|5
|
|t:|1740523949
|switch|p1a: Tyranitar|Tyranitar, F|100/100
|-weather|Sandstorm|[from] ability: Sand Stream|[of] p1a: Tyranitar
|move|p2a: Takeshi Maenami|Magma Storm|p1a: Tyranitar
|-resisted|p1a: Tyranitar
|-damage|p1a: Tyranitar|83/100
|-activate|p1a: Tyranitar|move: Magma Storm|[of] p2a: Takeshi Maenami
|
|-weather|Sandstorm|[upkeep]
|-damage|p1a: Tyranitar|77/100|[from] move: Magma Storm|[partiallytrapped]
|upkeep
|turn|6
|
|t:|1740523965
|switch|p2a: Satoshi Nakano|Jirachi|100/100
|-damage|p2a: Satoshi Nakano|94/100|[from] Stealth Rock
|move|p1a: Tyranitar|Superpower|p2a: Satoshi Nakano
|-damage|p2a: Satoshi Nakano|62/100
|-unboost|p1a: Tyranitar|atk|1
|-unboost|p1a: Tyranitar|def|1
|
|-weather|Sandstorm|[upkeep]
|upkeep
|turn|7
|
|t:|1740523970
|switch|p1a: Ferrothorn|Ferrothorn, F|100/100
|move|p2a: Satoshi Nakano|U-turn|p1a: Ferrothorn
|-damage|p1a: Ferrothorn|89/100
|-damage|p2a: Satoshi Nakano|50/100|[from] ability: Iron Barbs|[of] p1a: Ferrothorn
|
|t:|1740523977
|switch|p2a: Takeshi Maenami|Heatran, M|88/100|[from] U-turn
|-damage|p2a: Takeshi Maenami|76/100|[from] Stealth Rock
|-item|p2a: Takeshi Maenami|Air Balloon
|
|-weather|Sandstorm|[upkeep]
|-heal|p1a: Ferrothorn|95/100|[from] item: Leftovers
|upkeep
|turn|8
|
|t:|1740523986
|switch|p2a: Yusuke Oshida|Landorus-Therian, M|51/100
|-damage|p2a: Yusuke Oshida|38/100|[from] Stealth Rock
|-ability|p2a: Yusuke Oshida|Intimidate|boost
|-unboost|p1a: Ferrothorn|atk|1
|switch|p1a: Tyranitar|Tyranitar, F|77/100
|
|-weather|Sandstorm|[upkeep]
|upkeep
|turn|9
|
|t:|1740523993
|switch|p1a: Reuniclus|Reuniclus, M|100/100
|move|p2a: Yusuke Oshida|Earthquake|p1a: Reuniclus
|-damage|p1a: Reuniclus|65/100
|
|-weather|Sandstorm|[upkeep]
|-heal|p1a: Reuniclus|71/100|[from] item: Leftovers
|upkeep
|turn|10
|
|t:|1740524010
|switch|p2a: Takeshi Maenami|Heatran, M|76/100
|-damage|p2a: Takeshi Maenami|63/100|[from] Stealth Rock
|-item|p2a: Takeshi Maenami|Air Balloon
|move|p1a: Reuniclus|Focus Blast|p2a: Takeshi Maenami
|-supereffective|p2a: Takeshi Maenami
|-damage|p2a: Takeshi Maenami|0 fnt
|-enditem|p2a: Takeshi Maenami|Air Balloon
|faint|p2a: Takeshi Maenami
|
|-weather|Sandstorm|[upkeep]
|-heal|p1a: Reuniclus|77/100|[from] item: Leftovers
|upkeep
|
|t:|1740524029
|switch|p2a: Satoshi Nakano|Jirachi|50/100
|-damage|p2a: Satoshi Nakano|44/100|[from] Stealth Rock
|turn|11
|
|t:|1740524032
|switch|p1a: Ferrothorn|Ferrothorn, F|95/100
|move|p2a: Satoshi Nakano|Stealth Rock|p1a: Ferrothorn
|-sidestart|p1: mnbvvghjk|move: Stealth Rock
|
|-weather|Sandstorm|[upkeep]
|-heal|p1a: Ferrothorn|100/100|[from] item: Leftovers
|upkeep
|turn|12
|
|t:|1740524040
|switch|p2a: Masaaki Iwane|Breloom, M|100/100
|-damage|p2a: Masaaki Iwane|94/100|[from] Stealth Rock
|move|p1a: Ferrothorn|Spikes|p2a: Masaaki Iwane
|-sidestart|p2: WeR#4Hay!|Spikes
|
|-weather|Sandstorm|[upkeep]
|-damage|p2a: Masaaki Iwane|88/100|[from] Sandstorm
|upkeep
|turn|13
|
|t:|1740524048
|move|p2a: Masaaki Iwane|Bullet Seed|p1a: Ferrothorn
|-resisted|p1a: Ferrothorn
|-damage|p1a: Ferrothorn|95/100
|-resisted|p1a: Ferrothorn
|-damage|p1a: Ferrothorn|89/100
|-hitcount|p1a: Ferrothorn|2
|move|p1a: Ferrothorn|Gyro Ball|p2a: Masaaki Iwane
|-damage|p2a: Masaaki Iwane|25/100
|
|-weather|Sandstorm|[upkeep]
|-damage|p2a: Masaaki Iwane|19/100|[from] Sandstorm
|-heal|p1a: Ferrothorn|95/100|[from] item: Leftovers
|upkeep
|turn|14
|
|t:|1740524068
|move|p2a: Masaaki Iwane|Bullet Seed|p1a: Ferrothorn
|-resisted|p1a: Ferrothorn
|-damage|p1a: Ferrothorn|90/100
|-resisted|p1a: Ferrothorn
|-damage|p1a: Ferrothorn|83/100
|-hitcount|p1a: Ferrothorn|2
|move|p1a: Ferrothorn|Gyro Ball|p2a: Masaaki Iwane
|-damage|p2a: Masaaki Iwane|0 fnt
|faint|p2a: Masaaki Iwane
|
|-weather|Sandstorm|[upkeep]
|-heal|p1a: Ferrothorn|90/100|[from] item: Leftovers
|upkeep
|-message|WeR#4Hay! forfeited.
|
|win|mnbvvghjk
|raw|mnbvvghjk's rating: 1325 &rarr; <strong>1358</strong><br />(+33 for winning)
|raw|WeR#4Hay!'s rating: 1607 &rarr; <strong>1574</strong><br />(-33 for losing)
|l|☆WeR#4Hay!
|player|p2|
