|j|☆brej45
|j|☆AllidoisHuynh2
|t:|1740725215
|gametype|singles
|player|p1|brej45|169|1458
|player|p2|AllidoisHuynh2|2|1457
|teamsize|p1|6
|teamsize|p2|6
|gen|5
|tier|[Gen 5] OU
|rated|
|rule|Species Clause: Limit one of each Pokémon
|rule|OHKO Clause: OHKO moves are banned
|rule|Moody Clause: Moody is banned
|rule|Evasion Items Clause: Evasion items are banned
|rule|Evasion Moves Clause: Evasion moves are banned
|rule|Endless Battle Clause: Forcing endless battles is banned
|rule|HP Percentage Mod: HP is shown in percentages
|rule|Evasion Abilities Clause: Evasion abilities are banned
|rule|Sleep Moves Clause: Sleep-inducing moves are banned
|rule|Swagger Clause: Swagger is banned
|rule|Baton Pass Stat Clause: No Baton Passer may have a way to boost its stats
|clearpoke
|poke|p1|Politoed, M|item
|poke|p1|Tentacruel, M|item
|poke|p1|Ferrothorn, M|item
|poke|p1|Jirachi|item
|poke|p1|Thundurus-Therian, M|item
|poke|p1|Latios, M|item
|poke|p2|Celebi|item
|poke|p2|Rotom-Wash|item
|poke|p2|Landorus-Therian, M|item
|poke|p2|Scizor, M|item
|poke|p2|Keldeo|item
|poke|p2|Terrakion|item
|teampreview
|inactive|Battle timer is ON: inactive players will automatically lose when time's up. (requested by AllidoisHuynh2)
|inactive|brej45 also wants the timer to be on.
|
|t:|1740725228
|start
|switch|p1a: Latios|Latios, M|100/100
|switch|p2a: Rotom|Rotom-Wash|100/100
|turn|1
|
|t:|1740725232
|switch|p2a: Scizor|Scizor, M|100/100
|move|p1a: Latios|Draco Meteor|p2a: Scizor
|-resisted|p2a: Scizor
|-damage|p2a: Scizor|21/100
|-unboost|p1a: Latios|spa|2
|
|upkeep
|turn|2
|
|t:|1740725246
|move|p2a: Scizor|Pursuit|p1a: Latios
|-supereffective|p1a: Latios
|-damage|p1a: Latios|47/100
|move|p1a: Latios|Draco Meteor|p2a: Scizor
|-resisted|p2a: Scizor
|-crit|p2a: Scizor
|-damage|p2a: Scizor|0 fnt
|-unboost|p1a: Latios|spa|2
|faint|p2a: Scizor
|
|upkeep
|
|t:|1740725254
|switch|p2a: Landorus|Landorus-Therian, M|100/100
|-ability|p2a: Landorus|Intimidate|boost
|-unboost|p1a: Latios|atk|1
|turn|3
|
|t:|1740725267
|switch|p1a: Ferrothorn|Ferrothorn, M|100/100
|move|p2a: Landorus|Stealth Rock|p1a: Ferrothorn
|-sidestart|p1: brej45|move: Stealth Rock
|
|upkeep
|turn|4
|
|t:|1740725279
|move|p2a: Landorus|Earthquake|p1a: Ferrothorn
|-damage|p1a: Ferrothorn|62/100
|move|p1a: Ferrothorn|Power Whip|p2a: Landorus
|-damage|p2a: Landorus|65/100
|
|-heal|p2a: Landorus|71/100|[from] item: Leftovers
|-heal|p1a: Ferrothorn|68/100|[from] item: Leftovers
|upkeep
|turn|5
|
|t:|1740725281
|move|p2a: Landorus|Earthquake|p1a: Ferrothorn
|-damage|p1a: Ferrothorn|35/100
|move|p1a: Ferrothorn|Stealth Rock|p2a: Landorus
|-sidestart|p2: AllidoisHuynh2|move: Stealth Rock
|
|-heal|p2a: Landorus|77/100|[from] item: Leftovers
|-heal|p1a: Ferrothorn|41/100|[from] item: Leftovers
|upkeep
|turn|6
|
|t:|1740725292
|switch|p1a: Politoed|Politoed, M|100/100
|-damage|p1a: Politoed|88/100|[from] Stealth Rock
|-weather|RainDance|[from] ability: Drizzle|[of] p1a: Politoed
|move|p2a: Landorus|U-turn|p1a: Politoed
|-crit|p1a: Politoed
|-damage|p1a: Politoed|48/100
|
|t:|1740725308
|switch|p2a: Keldeo|Keldeo|100/100|[from] U-turn
|-damage|p2a: Keldeo|94/100|[from] Stealth Rock
|
|-weather|RainDance|[upkeep]
|-heal|p2a: Keldeo|100/100|[from] item: Leftovers
|-heal|p1a: Politoed|54/100|[from] item: Leftovers
|upkeep
|turn|7
|
|t:|1740725312
|move|p2a: Keldeo|Substitute|p2a: Keldeo
|-start|p2a: Keldeo|Substitute
|-damage|p2a: Keldeo|75/100
|move|p1a: Politoed|Encore|p2a: Keldeo
|-start|p2a: Keldeo|Encore
|
|-weather|RainDance|[upkeep]
|-heal|p2a: Keldeo|82/100|[from] item: Leftovers
|-heal|p1a: Politoed|60/100|[from] item: Leftovers
|upkeep
|turn|8
|
|t:|1740725316
|move|p2a: Keldeo|Substitute|p2a: Keldeo
|-fail|p2a: Keldeo|move: Substitute
|move|p1a: Politoed|Scald|p2a: Keldeo
|-resisted|p2a: Keldeo
|-activate|p2a: Keldeo|Substitute|[damage]
|
|-weather|RainDance|[upkeep]
|-heal|p2a: Keldeo|88/100|[from] item: Leftovers
|-heal|p1a: Politoed|66/100|[from] item: Leftovers
|upkeep
|turn|9
|
|t:|1740725320
|switch|p1a: Thundurus|Thundurus-Therian, M|100/100
|-damage|p1a: Thundurus|76/100|[from] Stealth Rock
|move|p2a: Keldeo|Substitute|p2a: Keldeo
|-fail|p2a: Keldeo|move: Substitute
|
|-weather|RainDance|[upkeep]
|-heal|p2a: Keldeo|94/100|[from] item: Leftovers
|upkeep
|turn|10
|
|t:|1740725329
|move|p2a: Keldeo|Substitute|p2a: Keldeo
|-fail|p2a: Keldeo|move: Substitute
|move|p1a: Thundurus|Thunder|p2a: Keldeo
|-supereffective|p2a: Keldeo
|-end|p2a: Keldeo|Substitute
|
|-weather|RainDance|[upkeep]
|-heal|p2a: Keldeo|99/100|[from] item: Leftovers
|-end|p2a: Keldeo|Encore
|upkeep
|turn|11
|
|t:|1740725332
|move|p2a: Keldeo|Surf|p1a: Thundurus
|-damage|p1a: Thundurus|0 fnt
|faint|p1a: Thundurus
|
|-weather|RainDance|[upkeep]
|-heal|p2a: Keldeo|100/100|[from] item: Leftovers
|upkeep
|
|t:|1740725336
|switch|p1a: Latios|Latios, M|47/100
|-damage|p1a: Latios|35/100|[from] Stealth Rock
|turn|12
|
|t:|1740725346
|switch|p2a: Celebi|Celebi|100/100
|-damage|p2a: Celebi|88/100|[from] Stealth Rock
|move|p1a: Latios|Draco Meteor|p2a: Celebi
|-damage|p2a: Celebi|23/100
|-unboost|p1a: Latios|spa|2
|
|-weather|RainDance|[upkeep]
|-heal|p2a: Celebi|29/100|[from] item: Leftovers
|upkeep
|turn|13
|
|t:|1740725365
|move|p1a: Latios|Draco Meteor|p2a: Celebi
|-damage|p2a: Celebi|0 fnt
|-unboost|p1a: Latios|spa|2
|faint|p2a: Celebi
|
|-weather|RainDance|[upkeep]
|upkeep
|
|t:|1740725374
|switch|p2a: Keldeo|Keldeo|100/100
|-damage|p2a: Keldeo|94/100|[from] Stealth Rock
|turn|14
|
|t:|1740725384
|move|p1a: Latios|Draco Meteor|p2a: Keldeo
|-damage|p2a: Keldeo|49/100
|-unboost|p1a: Latios|spa|2
|move|p2a: Keldeo|Substitute|p2a: Keldeo
|-start|p2a: Keldeo|Substitute
|-damage|p2a: Keldeo|24/100
|
|-weather|RainDance|[upkeep]
|-heal|p2a: Keldeo|30/100|[from] item: Leftovers
|upkeep
|turn|15
|inactive|AllidoisHuynh2 has 120 seconds left.
|
|t:|1740725419
|move|p1a: Latios|Draco Meteor|p2a: Keldeo
|-end|p2a: Keldeo|Substitute
|move|p2a: Keldeo|Calm Mind|p2a: Keldeo
|-boost|p2a: Keldeo|spa|1
|-boost|p2a: Keldeo|spd|1
|
|-weather|RainDance|[upkeep]
|-heal|p2a: Keldeo|36/100|[from] item: Leftovers
|upkeep
|turn|16
|inactive|AllidoisHuynh2 has 120 seconds left.
|
|t:|1740725426
|move|p1a: Latios|Draco Meteor|p2a: Keldeo
|-damage|p2a: Keldeo|14/100
|move|p2a: Keldeo|Surf|p1a: Latios
|-resisted|p1a: Latios
|-damage|p1a: Latios|0 fnt
|faint|p1a: Latios
|
|-weather|RainDance|[upkeep]
|-heal|p2a: Keldeo|20/100|[from] item: Leftovers
|upkeep
|
|t:|1740725431
|switch|p1a: Jirachi|Jirachi|100/100
|-damage|p1a: Jirachi|94/100|[from] Stealth Rock
|turn|17
|
|t:|1740725438
|switch|p2a: Rotom|Rotom-Wash|100/100
|-damage|p2a: Rotom|88/100|[from] Stealth Rock
|move|p1a: Jirachi|U-turn|p2a: Rotom
|-damage|p2a: Rotom|70/100
|
|t:|1740725452
|switch|p1a: Tentacruel|Tentacruel, M|100/100|[from] U-turn
|-damage|p1a: Tentacruel|88/100|[from] Stealth Rock
|
|-weather|RainDance|[upkeep]
|-heal|p1a: Tentacruel|94/100|[from] ability: Rain Dish
|-heal|p1a: Tentacruel|99/100|[from] item: Black Sludge
|upkeep
|turn|18
|
|t:|1740725456
|move|p1a: Tentacruel|Rapid Spin|p2a: Rotom
|-damage|p2a: Rotom|68/100
|-sideend|p1: brej45|Stealth Rock|[from] move: Rapid Spin|[of] p1a: Tentacruel
|move|p2a: Rotom|Volt Switch|p1a: Tentacruel
|-supereffective|p1a: Tentacruel
|-damage|p1a: Tentacruel|44/100
|
|t:|1740725463
|switch|p2a: Terrakion|Terrakion|100/100|[from] Volt Switch
|-damage|p2a: Terrakion|94/100|[from] Stealth Rock
|
|-weather|RainDance|[upkeep]
|-heal|p1a: Tentacruel|50/100|[from] ability: Rain Dish
|-heal|p1a: Tentacruel|56/100|[from] item: Black Sludge
|upkeep
|turn|19
|
|t:|1740725470
|switch|p1a: Ferrothorn|Ferrothorn, M|41/100
|move|p2a: Terrakion|Earthquake|p1a: Ferrothorn
|-damage|p1a: Ferrothorn|14/100
|
|-weather|RainDance|[upkeep]
|-heal|p1a: Ferrothorn|20/100|[from] item: Leftovers
|upkeep
|turn|20
|
|t:|1740725475
|move|p2a: Terrakion|Earthquake|p1a: Ferrothorn
|-damage|p1a: Ferrothorn|0 fnt
|faint|p1a: Ferrothorn
|
|-weather|RainDance|[upkeep]
|upkeep
|
|t:|1740725478
|switch|p1a: Jirachi|Jirachi|94/100
|turn|21
|
|t:|1740725484
|switch|p2a: Rotom|Rotom-Wash|68/100
|-damage|p2a: Rotom|55/100|[from] Stealth Rock
|move|p1a: Jirachi|Iron Head|p2a: Rotom
|-resisted|p2a: Rotom
|-damage|p2a: Rotom|48/100
|
|-weather|RainDance|[upkeep]
|upkeep
|turn|22
|
|t:|1740725491
|switch|p1a: Tentacruel|Tentacruel, M|56/100
|move|p2a: Rotom|Volt Switch|p1a: Tentacruel
|-supereffective|p1a: Tentacruel
|-damage|p1a: Tentacruel|0 fnt
|faint|p1a: Tentacruel
|
|t:|1740725500
|switch|p2a: Keldeo|Keldeo|20/100|[from] Volt Switch
|-damage|p2a: Keldeo|14/100|[from] Stealth Rock
|
|-weather|RainDance|[upkeep]
|-heal|p2a: Keldeo|20/100|[from] item: Leftovers
|upkeep
|
|t:|1740725502
|switch|p1a: Jirachi|Jirachi|94/100
|turn|23
|
|t:|1740725505
|move|p1a: Jirachi|Iron Head|p2a: Keldeo
|-resisted|p2a: Keldeo
|-damage|p2a: Keldeo|1/100
|move|p2a: Keldeo|Surf|p1a: Jirachi
|-damage|p1a: Jirachi|25/100
|
|-weather|RainDance|[upkeep]
|-heal|p2a: Keldeo|7/100|[from] item: Leftovers
|upkeep
|turn|24
|c|☆AllidoisHuynh2|Finally
|c|☆AllidoisHuynh2|One thing
|c|☆AllidoisHuynh2|One thing this entire night
|
|t:|1740725521
|move|p1a: Jirachi|Iron Head|p2a: Keldeo
|-resisted|p2a: Keldeo
|-damage|p2a: Keldeo|0 fnt
|faint|p2a: Keldeo
|
|-weather|RainDance|[upkeep]
|upkeep
|
|t:|1740725523
|switch|p2a: Terrakion|Terrakion|94/100
|-damage|p2a: Terrakion|88/100|[from] Stealth Rock
|turn|25
|
|t:|1740725526
|move|p2a: Terrakion|Close Combat|p1a: Jirachi
|-damage|p1a: Jirachi|0 fnt
|-unboost|p2a: Terrakion|def|1
|-unboost|p2a: Terrakion|spd|1
|faint|p1a: Jirachi
|
|-weather|RainDance|[upkeep]
|upkeep
|
|t:|1740725528
|switch|p1a: Politoed|Politoed, M|66/100
|turn|26
|
|t:|1740725529
|move|p2a: Terrakion|Close Combat|p1a: Politoed
|-damage|p1a: Politoed|0 fnt
|-unboost|p2a: Terrakion|def|1
|-unboost|p2a: Terrakion|spd|1
|faint|p1a: Politoed
|
|win|AllidoisHuynh2
|raw|brej45's rating: 1458 &rarr; <strong>1438</strong><br />(-20 for losing)
|raw|AllidoisHuynh2's rating: 1462 &rarr; <strong>1482</strong><br />(+20 for winning)
|l|☆brej45
|player|p1|
|n| edgjoyfxgfc|allidoishuynh2
|n|☆AllidoisHuynh2|edgjoyfxgfc
