|join|jo0n vo0ight
|join|samuelcheng
|player|p1|jo0n vo0ight|279
|player|p2|samuelcheng|264
|gametype|singles
|gen|5
|tier|[Gen 5] OU
|rated
|rule|Evasion Abilities Clause: Evasion abilities are banned
|clearpoke
|poke|p1|Tornadus, M
|poke|p1|Politoed, M
|poke|p1|Tentacruel, M
|poke|p1|Dugtrio, M
|poke|p1|Ferrothorn, M
|poke|p1|Jirachi
|poke|p2|Breloom, M
|poke|p2|Terrakion
|poke|p2|Skarmory, M
|poke|p2|Latios, M
|poke|p2|Scizor, F
|poke|p2|Landorus-Therian, M
|rule|Sleep Clause Mod: Limit one foe put to sleep
|rule|Species Clause: Limit one of each Pokemon
|rule|OHKO Clause: OHKO moves are banned
|rule|Moody Clause: Moody is banned
|rule|Evasion Moves Clause: Evasion moves are banned
|rule|Endless Battle Clause: Forcing endless battles is banned.
|rule|HP Percentage Mod: HP is reported as percentages
|teampreview
|
|start
|switch|p1a: Tornadus|Tornadus, M|300/300
|switch|p2a: Latios|Latios, M|302/302
|turn|1
|
|move|p1a: Tornadus|U-turn|p2a: Latios
|-supereffective|p2a: Latios
|-damage|p2a: Latios|166/302
|
|switch|p1a: Jirachi|Jirachi|341/341
|move|p2a: Latios|Thunder|p1a: Jirachi
|-damage|p1a: Jirachi|146/341
|
|turn|2
|
|move|p1a: Jirachi|U-turn|p2a: Latios
|-supereffective|p2a: Latios
|-damage|p2a: Latios|0 fnt
|faint|p2a: Latios
|
|switch|p1a: Tornadus|Tornadus, M|300/300
|
|
|switch|p2a: Terrakion|Terrakion|323/323
|turn|3
|
|move|p2a: Terrakion|Rock Slide|p1a: Tornadus
|-crit|p1a: Tornadus
|-supereffective|p1a: Tornadus
|-damage|p1a: Tornadus|0 fnt
|faint|p1a: Tornadus
|
|
|switch|p1a: Dugtrio|Dugtrio, M|212/212
|turn|4
|
|move|p2a: Terrakion|Rock Slide|p1a: Dugtrio
|-resisted|p1a: Dugtrio
|-damage|p1a: Dugtrio|77/212
|move|p1a: Dugtrio|Earthquake|p2a: Terrakion
|-supereffective|p2a: Terrakion
|-damage|p2a: Terrakion|39/323
|
|turn|5
|
|move|p2a: Terrakion|Rock Slide|p1a: Dugtrio
|-resisted|p1a: Dugtrio
|-damage|p1a: Dugtrio|0 fnt
|faint|p1a: Dugtrio
|
|
|switch|p1a: Tentacruel|Tentacruel, M|363/363
|turn|6
|
|switch|p2a: Skarmory|Skarmory, M|271/271
|move|p1a: Tentacruel|Substitute|p1a: Tentacruel
|-start|p1a: Tentacruel|Substitute
|-damage|p1a: Tentacruel|273/363
|
|-heal|p1a: Tentacruel|295/363|[from] item: Black Sludge
|turn|7
|
|move|p1a: Tentacruel|Scald|p2a: Skarmory
|-damage|p2a: Skarmory|169/271
|move|p2a: Skarmory|Taunt|p1a: Tentacruel
|-start|p1a: Tentacruel|move: Taunt
|
|-heal|p1a: Tentacruel|317/363|[from] item: Black Sludge
|turn|8
|
|move|p1a: Tentacruel|Scald|p2a: Skarmory
|-damage|p2a: Skarmory|57/271
|-status|p2a: Skarmory|brn
|move|p2a: Skarmory|Brave Bird|p1a: Tentacruel
|-activate|p1a: Tentacruel|Substitute|[damage]
|-damage|p2a: Skarmory|31/271 brn|[from] recoil|[of] p1a: Tentacruel
|
|-heal|p1a: Tentacruel|339/363|[from] item: Black Sludge
|-damage|p2a: Skarmory|0 fnt|[from] brn
|faint|p2a: Skarmory
|
|switch|p2a: Terrakion|Terrakion|39/323
|turn|9
|
|move|p2a: Terrakion|Earthquake|p1a: Tentacruel
|-supereffective|p1a: Tentacruel
|-end|p1a: Tentacruel|Substitute
|move|p1a: Tentacruel|Scald|p2a: Terrakion
|-supereffective|p2a: Terrakion
|-damage|p2a: Terrakion|0 fnt
|faint|p2a: Terrakion
|
|-heal|p1a: Tentacruel|361/363|[from] item: Black Sludge
|
|switch|p2a: Landorus-Therian|Landorus-Therian, M|330/330
|-ability|p2a: Landorus-Therian|Intimidate|[of] p1a: Tentacruel
|-unboost|p1a: Tentacruel|atk|1
|turn|10
|
|switch|p1a: Ferrothorn|Ferrothorn, M|352/352
|move|p2a: Landorus-Therian|Earthquake|p1a: Ferrothorn
|-damage|p1a: Ferrothorn|213/352
|
|-heal|p1a: Ferrothorn|235/352|[from] item: Leftovers
|turn|11
|
|move|p2a: Landorus-Therian|Earthquake|p1a: Ferrothorn
|-damage|p1a: Ferrothorn|85/352
|move|p1a: Ferrothorn|Leech Seed|p2a: Landorus-Therian
|-start|p2a: Landorus-Therian|move: Leech Seed
|
|-heal|p1a: Ferrothorn|107/352|[from] item: Leftovers
|-damage|p2a: Landorus-Therian|289/330|[from] Leech Seed|[of] p1a: Ferrothorn
|-heal|p1a: Ferrothorn|148/352|[silent]
|turn|12
|
|switch|p2a: Breloom|Breloom, M|262/262
|move|p1a: Ferrothorn|Protect|p1a: Ferrothorn
|-fail|p1a: Ferrothorn
|
|-heal|p1a: Ferrothorn|170/352|[from] item: Leftovers
|turn|13
|
|move|p2a: Breloom|Spore|p1a: Ferrothorn
|-status|p1a: Ferrothorn|slp
|cant|p1a: Ferrothorn|slp
|
|-heal|p1a: Ferrothorn|192/352 slp|[from] item: Leftovers
|turn|14
|
|-singleturn|p2a: Breloom|move: Focus Punch
|switch|p1a: Tentacruel|Tentacruel, M|361/363
|move|p2a: Breloom|Focus Punch|p1a: Tentacruel
|-enditem|p2a: Breloom|Fighting Gem|[from] gem|[move] Focus Punch
|-resisted|p1a: Tentacruel
|-damage|p1a: Tentacruel|166/363
|
|-heal|p1a: Tentacruel|188/363|[from] item: Black Sludge
|turn|15
|
|move|p1a: Tentacruel|Toxic|p2a: Breloom
|-status|p2a: Breloom|tox
|move|p2a: Breloom|Bullet Seed|p1a: Tentacruel
|-crit|p1a: Tentacruel
|-damage|p1a: Tentacruel|41/363
|-damage|p1a: Tentacruel|0 fnt
|-hitcount|p1a: Tentacruel|2
|faint|p1a: Tentacruel
|
|-damage|p2a: Breloom|246/262 tox|[from] psn
|
|switch|p1a: Jirachi|Jirachi|146/341
|turn|16
|
|move|p2a: Breloom|Mach Punch|p1a: Jirachi
|-damage|p1a: Jirachi|35/341
|move|p1a: Jirachi|Ice Punch|p2a: Breloom
|-supereffective|p2a: Breloom
|-damage|p2a: Breloom|50/262 tox
|
|-damage|p2a: Breloom|18/262 tox|[from] psn
|turn|17
|
|switch|p1a: Ferrothorn|Ferrothorn, M|192/352 slp
|move|p2a: Breloom|Mach Punch|p1a: Ferrothorn
|-supereffective|p1a: Ferrothorn
|-damage|p1a: Ferrothorn|34/352 slp
|-damage|p2a: Breloom|0 fnt|[from] ability: Iron Barbs|[of] p1a: Ferrothorn
|faint|p2a: Breloom
|
|-heal|p1a: Ferrothorn|56/352 slp|[from] item: Leftovers
|
|switch|p2a: Landorus-Therian|Landorus-Therian, M|289/330
|-ability|p2a: Landorus-Therian|Intimidate|[of] p1a: Ferrothorn
|-unboost|p1a: Ferrothorn|atk|1
|turn|18
|
|move|p2a: Landorus-Therian|Earthquake|p1a: Ferrothorn
|-damage|p1a: Ferrothorn|0 fnt
|faint|p1a: Ferrothorn
|
|
|switch|p1a: Politoed|Politoed, M|384/384
|-weather|RainDance|[from] ability: Drizzle|[of] p1a: Politoed
|turn|19
|
|move|p2a: Landorus-Therian|Earthquake|p1a: Politoed
|-crit|p1a: Politoed
|-damage|p1a: Politoed|14/384
|move|p1a: Politoed|Scald|p2a: Landorus-Therian
|-supereffective|p2a: Landorus-Therian
|-damage|p2a: Landorus-Therian|0 fnt
|faint|p2a: Landorus-Therian
|
|-weather|RainDance|[upkeep]
|-heal|p1a: Politoed|38/384|[from] item: Leftovers
|
|switch|p2a: Scizor|Scizor, F|344/344
|turn|20
|
|move|p1a: Politoed|Protect|p1a: Politoed
|-singleturn|p1a: Politoed|Protect
|move|p2a: Scizor|Bullet Punch|p1a: Politoed
|-activate|p1a: Politoed|Protect
|
|-weather|RainDance|[upkeep]
|-heal|p1a: Politoed|62/384|[from] item: Leftovers
|turn|21
|
|move|p2a: Scizor|Bullet Punch|p1a: Politoed
|-crit|p1a: Politoed
|-resisted|p1a: Politoed
|-damage|p1a: Politoed|0 fnt
|faint|p1a: Politoed
|
|-weather|RainDance|[upkeep]
|chat|jo0n vo0ight|nice crits there buddy
|chat|samuelcheng|gg
|
|switch|p1a: Jirachi|Jirachi|35/341
|turn|22
|chat|jo0n vo0ight|no
|chat|samuelcheng|wouldn't matter
|chat|samuelcheng|I'm banded
|chat|jo0n vo0ight|your equake crit
|chat|jo0n vo0ight|tard
|
|move|p2a: Scizor|Bullet Punch|p1a: Jirachi
|-resisted|p1a: Jirachi
|-damage|p1a: Jirachi|0 fnt
|faint|p1a: Jirachi
|
|win|samuelcheng
|raw|Ladder updating...
|raw|jo0n vo0ight's rating: 1312 &rarr; <strong>1295</strong><br />(-17 for losing)
|raw|samuelcheng's rating: 1360 &rarr; <strong>1377</strong><br />(+17 for winning)
|leave|jo0n vo0ight
|player|p1
|chat|samuelcheng|haha sore loser