|j|☆ghosted by brizz
|j|☆Poo420
|t:|1702557134
|gametype|singles
|player|p1|ghosted by brizz|acerola-masters|1519
|player|p2|Poo420|102|1379
|teamsize|p1|6
|teamsize|p2|6
|gen|5
|tier|[Gen 5] OU
|rated|
|rule|Species Clause: Limit one of each Pokémon
|rule|OHKO Clause: OHKO moves are banned
|rule|Moody Clause: Moody is banned
|rule|Evasion Items Clause: Evasion items are banned
|rule|Evasion Moves Clause: Evasion moves are banned
|rule|Endless Battle Clause: Forcing endless battles is banned
|rule|HP Percentage Mod: HP is shown in percentages
|rule|Evasion Abilities Clause: Evasion abilities are banned
|rule|Sleep Moves Clause: Sleep-inducing moves are banned
|rule|Swagger Clause: Swagger is banned
|rule|Baton Pass Stat Clause: No Baton Passer may have a way to boost its stats
|clearpoke
|poke|p1|Jirachi|item
|poke|p1|Garchomp, F|item
|poke|p1|Magnezone|item
|poke|p1|Starmie|item
|poke|p1|Latios, M|item
|poke|p1|Dragonite, M|item
|poke|p2|Alakazam, F|item
|poke|p2|Skarmory, M|item
|poke|p2|Tyranitar, F|item
|poke|p2|Mamoswine, M|item
|poke|p2|Jellicent, F|item
|poke|p2|Excadrill, F|item
|teampreview
|inactive|Battle timer is ON: inactive players will automatically lose when time's up. (requested by Poo420)
|
|t:|1702557157
|start
|switch|p1a: Jirachi|Jirachi|100/100
|switch|p2a: Skarmory|Skarmory, M|100/100
|turn|1
|
|t:|1702557163
|move|p1a: Jirachi|Iron Head|p2a: Skarmory
|-resisted|p2a: Skarmory
|-damage|p2a: Skarmory|87/100
|cant|p2a: Skarmory|flinch
|
|upkeep
|turn|2
|
|t:|1702557166
|move|p1a: Jirachi|Substitute|p1a: Jirachi
|-start|p1a: Jirachi|Substitute
|-damage|p1a: Jirachi|75/100
|move|p2a: Skarmory|Stealth Rock|p1a: Jirachi
|-sidestart|p1: ghosted by brizz|move: Stealth Rock
|
|-heal|p1a: Jirachi|82/100|[from] item: Leftovers
|upkeep
|turn|3
|
|t:|1702557171
|move|p1a: Jirachi|Fire Punch|p2a: Skarmory
|-supereffective|p2a: Skarmory
|-damage|p2a: Skarmory|53/100
|move|p2a: Skarmory|Spikes|p1a: Jirachi
|-sidestart|p1: ghosted by brizz|Spikes
|
|-heal|p1a: Jirachi|88/100|[from] item: Leftovers
|upkeep
|turn|4
|
|t:|1702557175
|move|p1a: Jirachi|Fire Punch|p2a: Skarmory
|-supereffective|p2a: Skarmory
|-damage|p2a: Skarmory|20/100
|move|p2a: Skarmory|Spikes|p1a: Jirachi
|-sidestart|p1: ghosted by brizz|Spikes
|
|-heal|p1a: Jirachi|94/100|[from] item: Leftovers
|upkeep
|turn|5
|-enditem|p2a: Skarmory|Custap Berry|[eat]
|-activate|p2a: Skarmory|item: Custap Berry|[consumed]
|
|t:|1702557181
|move|p2a: Skarmory|Brave Bird|p1a: Jirachi
|-resisted|p1a: Jirachi
|-activate|p1a: Jirachi|Substitute|[damage]
|-damage|p2a: Skarmory|11/100|[from] Recoil|[of] p1a: Jirachi
|move|p1a: Jirachi|Fire Punch|p2a: Skarmory
|-supereffective|p2a: Skarmory
|-damage|p2a: Skarmory|0 fnt
|faint|p2a: Skarmory
|
|-heal|p1a: Jirachi|99/100|[from] item: Leftovers
|upkeep
|
|t:|1702557199
|switch|p2a: Jellicent|Jellicent, F|100/100
|-item|p2a: Jellicent|Air Balloon
|turn|6
|
|t:|1702557203
|move|p1a: Jirachi|Iron Head|p2a: Jellicent
|-resisted|p2a: Jellicent
|-damage|p2a: Jellicent|88/100
|-enditem|p2a: Jellicent|Air Balloon
|move|p2a: Jellicent|Night Shade|p1a: Jirachi
|-end|p1a: Jirachi|Substitute
|
|-heal|p1a: Jirachi|100/100|[from] item: Leftovers
|upkeep
|turn|7
|
|t:|1702557208
|move|p1a: Jirachi|Substitute|p1a: Jirachi
|-start|p1a: Jirachi|Substitute
|-damage|p1a: Jirachi|75/100
|move|p2a: Jellicent|Will-O-Wisp||[still]
|-fail|p2a: Jellicent
|
|-heal|p1a: Jirachi|82/100|[from] item: Leftovers
|upkeep
|turn|8
|
|t:|1702557210
|move|p1a: Jirachi|Iron Head|p2a: Jellicent
|-resisted|p2a: Jellicent
|-damage|p2a: Jellicent|75/100
|cant|p2a: Jellicent|flinch
|
|-heal|p1a: Jirachi|88/100|[from] item: Leftovers
|upkeep
|turn|9
|
|t:|1702557213
|move|p1a: Jirachi|Iron Head|p2a: Jellicent
|-resisted|p2a: Jellicent
|-damage|p2a: Jellicent|63/100
|cant|p2a: Jellicent|flinch
|
|-heal|p1a: Jirachi|94/100|[from] item: Leftovers
|upkeep
|turn|10
|
|t:|1702557217
|move|p1a: Jirachi|Iron Head|p2a: Jellicent
|-resisted|p2a: Jellicent
|-damage|p2a: Jellicent|50/100
|cant|p2a: Jellicent|flinch
|
|-heal|p1a: Jirachi|99/100|[from] item: Leftovers
|upkeep
|turn|11
|
|t:|1702557220
|move|p1a: Jirachi|Iron Head|p2a: Jellicent
|-resisted|p2a: Jellicent
|-damage|p2a: Jellicent|37/100
|move|p2a: Jellicent|Recover|p2a: Jellicent
|-heal|p2a: Jellicent|87/100
|
|-heal|p1a: Jirachi|100/100|[from] item: Leftovers
|upkeep
|turn|12
|
|t:|1702557222
|move|p1a: Jirachi|Iron Head|p2a: Jellicent
|-resisted|p2a: Jellicent
|-damage|p2a: Jellicent|76/100
|cant|p2a: Jellicent|flinch
|
|upkeep
|turn|13
|
|t:|1702557226
|move|p1a: Jirachi|Iron Head|p2a: Jellicent
|-resisted|p2a: Jellicent
|-damage|p2a: Jellicent|65/100
|cant|p2a: Jellicent|flinch
|
|upkeep
|turn|14
|
|t:|1702557228
|move|p1a: Jirachi|Iron Head|p2a: Jellicent
|-resisted|p2a: Jellicent
|-damage|p2a: Jellicent|53/100
|move|p2a: Jellicent|Night Shade|p1a: Jirachi
|-activate|p1a: Jirachi|Substitute|[damage]
|
|upkeep
|turn|15
|
|t:|1702557230
|move|p1a: Jirachi|Iron Head|p2a: Jellicent
|-resisted|p2a: Jellicent
|-damage|p2a: Jellicent|41/100
|move|p2a: Jellicent|Recover|p2a: Jellicent
|-heal|p2a: Jellicent|91/100
|
|upkeep
|turn|16
|
|t:|1702557240
|switch|p1a: Latios|Latios, M|100/100
|-damage|p1a: Latios|88/100|[from] Stealth Rock
|move|p2a: Jellicent|Night Shade|p1a: Latios
|-damage|p1a: Latios|55/100
|
|upkeep
|turn|17
|
|t:|1702557246
|switch|p2a: Tyranitar|Tyranitar, F|100/100
|-weather|Sandstorm|[from] ability: Sand Stream|[of] p2a: Tyranitar
|move|p1a: Latios|Trick|p2a: Tyranitar
|-activate|p1a: Latios|move: Trick|[of] p2a: Tyranitar
|-item|p2a: Tyranitar|Choice Scarf|[from] move: Trick
|-item|p1a: Latios|Chople Berry|[from] move: Trick
|
|-weather|Sandstorm|[upkeep]
|-damage|p1a: Latios|49/100|[from] Sandstorm
|upkeep
|turn|18
|
|t:|1702557253
|move|p1a: Latios|Thunder Wave|p2a: Tyranitar
|-status|p2a: Tyranitar|par
|move|p2a: Tyranitar|Pursuit|p1a: Latios
|-supereffective|p1a: Latios
|-damage|p1a: Latios|2/100
|
|-weather|Sandstorm|[upkeep]
|-damage|p1a: Latios|0 fnt|[from] Sandstorm
|faint|p1a: Latios
|upkeep
|
|t:|1702557258
|switch|p1a: Garchomp|Garchomp, F|100/100
|-damage|p1a: Garchomp|94/100|[from] Stealth Rock
|-damage|p1a: Garchomp|78/100|[from] Spikes
|turn|19
|
|t:|1702557263
|move|p1a: Garchomp|Earthquake|p2a: Tyranitar
|-supereffective|p2a: Tyranitar
|-crit|p2a: Tyranitar
|-damage|p2a: Tyranitar|0 fnt
|faint|p2a: Tyranitar
|
|-weather|Sandstorm|[upkeep]
|upkeep
|
|t:|1702557267
|switch|p2a: Mamoswine|Mamoswine, M|100/100
|turn|20
|
|t:|1702557277
|move|p2a: Mamoswine|Ice Shard|p1a: Garchomp
|-supereffective|p1a: Garchomp
|-crit|p1a: Garchomp
|-damage|p1a: Garchomp|0 fnt
|faint|p1a: Garchomp
|
|-weather|Sandstorm|[upkeep]
|upkeep
|
|t:|1702557281
|switch|p1a: Starmie|Starmie|100/100
|-damage|p1a: Starmie|88/100|[from] Stealth Rock
|-item|p1a: Starmie|Air Balloon
|turn|21
|
|t:|1702557289
|switch|p2a: Jellicent|Jellicent, F|91/100
|move|p1a: Starmie|Hydro Pump|p2a: Jellicent
|-heal|p2a: Jellicent|100/100|[from] ability: Water Absorb|[of] p1a: Starmie
|
|-weather|Sandstorm|[upkeep]
|-damage|p1a: Starmie|82/100|[from] Sandstorm
|-damage|p2a: Jellicent|94/100|[from] Sandstorm
|upkeep
|turn|22
|
|t:|1702557294
|move|p1a: Starmie|Thunder Wave|p2a: Jellicent
|-status|p2a: Jellicent|par
|cant|p2a: Jellicent|par
|
|-weather|Sandstorm|[upkeep]
|-damage|p1a: Starmie|76/100|[from] Sandstorm
|-damage|p2a: Jellicent|88/100 par|[from] Sandstorm
|upkeep
|turn|23
|
|t:|1702557301
|switch|p1a: Dragonite|Dragonite, M|100/100
|-damage|p1a: Dragonite|76/100|[from] Stealth Rock
|move|p2a: Jellicent|Will-O-Wisp|p1a: Dragonite
|-status|p1a: Dragonite|brn
|
|-weather|Sandstorm|[upkeep]
|-damage|p1a: Dragonite|69/100 brn|[from] Sandstorm
|-damage|p2a: Jellicent|82/100 par|[from] Sandstorm
|-heal|p1a: Dragonite|76/100 brn|[from] item: Leftovers
|-damage|p1a: Dragonite|63/100 brn|[from] brn
|upkeep
|turn|24
|
|t:|1702557311
|move|p1a: Dragonite|Dragon Dance|p1a: Dragonite
|-boost|p1a: Dragonite|atk|1
|-boost|p1a: Dragonite|spe|1
|cant|p2a: Jellicent|par
|
|-weather|Sandstorm|[upkeep]
|-damage|p1a: Dragonite|57/100 brn|[from] Sandstorm
|-damage|p2a: Jellicent|76/100 par|[from] Sandstorm
|-heal|p1a: Dragonite|63/100 brn|[from] item: Leftovers
|-damage|p1a: Dragonite|51/100 brn|[from] brn
|upkeep
|turn|25
|
|t:|1702557320
|move|p1a: Dragonite|Roost|p1a: Dragonite
|-heal|p1a: Dragonite|100/100 brn
|-singleturn|p1a: Dragonite|move: Roost
|move|p2a: Jellicent|Night Shade|p1a: Dragonite
|-damage|p1a: Dragonite|75/100 brn
|
|-weather|Sandstorm|[upkeep]
|-damage|p1a: Dragonite|68/100 brn|[from] Sandstorm
|-damage|p2a: Jellicent|70/100 par|[from] Sandstorm
|-heal|p1a: Dragonite|75/100 brn|[from] item: Leftovers
|-damage|p1a: Dragonite|62/100 brn|[from] brn
|upkeep
|turn|26
|
|t:|1702557328
|move|p1a: Dragonite|Dragon Claw|p2a: Jellicent
|-crit|p2a: Jellicent
|-damage|p2a: Jellicent|21/100 par
|cant|p2a: Jellicent|par
|
|-weather|Sandstorm|[upkeep]
|-damage|p1a: Dragonite|56/100 brn|[from] Sandstorm
|-damage|p2a: Jellicent|15/100 par|[from] Sandstorm
|-heal|p1a: Dragonite|62/100 brn|[from] item: Leftovers
|-damage|p1a: Dragonite|50/100 brn|[from] brn
|upkeep
|turn|27
|
|t:|1702557334
|move|p1a: Dragonite|Dragon Claw|p2a: Jellicent
|-damage|p2a: Jellicent|0 fnt
|faint|p2a: Jellicent
|
|-weather|Sandstorm|[upkeep]
|-damage|p1a: Dragonite|43/100 brn|[from] Sandstorm
|-heal|p1a: Dragonite|50/100 brn|[from] item: Leftovers
|-damage|p1a: Dragonite|37/100 brn|[from] brn
|upkeep
|
|t:|1702557336
|switch|p2a: Mamoswine|Mamoswine, M|100/100
|turn|28
|
|t:|1702557341
|move|p2a: Mamoswine|Ice Shard|p1a: Dragonite
|-supereffective|p1a: Dragonite
|-damage|p1a: Dragonite|0 fnt
|faint|p1a: Dragonite
|
|-weather|Sandstorm|[upkeep]
|upkeep
|
|t:|1702557344
|switch|p1a: Starmie|Starmie|76/100
|-damage|p1a: Starmie|64/100|[from] Stealth Rock
|-item|p1a: Starmie|Air Balloon
|turn|29
|
|t:|1702557351
|move|p1a: Starmie|Rapid Spin|p2a: Mamoswine
|-damage|p2a: Mamoswine|97/100
|-sideend|p1: ghosted by brizz|Spikes|[from] move: Rapid Spin|[of] p1a: Starmie
|-sideend|p1: ghosted by brizz|Stealth Rock|[from] move: Rapid Spin|[of] p1a: Starmie
|move|p2a: Mamoswine|Icicle Crash|p1a: Starmie
|-resisted|p1a: Starmie
|-damage|p1a: Starmie|23/100
|-enditem|p1a: Starmie|Air Balloon
|
|-weather|Sandstorm|[upkeep]
|-damage|p1a: Starmie|17/100|[from] Sandstorm
|upkeep
|turn|30
|
|t:|1702557358
|move|p2a: Mamoswine|Ice Shard|p1a: Starmie
|-resisted|p1a: Starmie
|-damage|p1a: Starmie|0 fnt
|faint|p1a: Starmie
|
|-weather|Sandstorm|[upkeep]
|upkeep
|
|t:|1702557360
|switch|p1a: Jirachi|Jirachi|100/100
|turn|31
|
|t:|1702557364
|move|p1a: Jirachi|Iron Head|p2a: Mamoswine
|-supereffective|p2a: Mamoswine
|-damage|p2a: Mamoswine|31/100
|cant|p2a: Mamoswine|flinch
|
|-weather|Sandstorm|[upkeep]
|upkeep
|turn|32
|
|t:|1702557373
|move|p1a: Jirachi|Substitute|p1a: Jirachi
|-start|p1a: Jirachi|Substitute
|-damage|p1a: Jirachi|75/100
|move|p2a: Mamoswine|Earthquake|p1a: Jirachi
|-supereffective|p1a: Jirachi
|-crit|p1a: Jirachi
|-end|p1a: Jirachi|Substitute
|
|-weather|Sandstorm|[upkeep]
|-heal|p1a: Jirachi|82/100|[from] item: Leftovers
|upkeep
|turn|33
|
|t:|1702557376
|move|p1a: Jirachi|Iron Head|p2a: Mamoswine
|-supereffective|p2a: Mamoswine
|-damage|p2a: Mamoswine|0 fnt
|faint|p2a: Mamoswine
|
|-weather|Sandstorm|[upkeep]
|-heal|p1a: Jirachi|88/100|[from] item: Leftovers
|upkeep
|
|t:|1702557385
|switch|p2a: Alakazam|Alakazam, F|100/100
|turn|34
|
|t:|1702557387
|move|p2a: Alakazam|Hidden Power|p1a: Jirachi
|-supereffective|p1a: Jirachi
|-damage|p1a: Jirachi|34/100
|move|p1a: Jirachi|Body Slam|p2a: Alakazam
|-damage|p2a: Alakazam|58/100
|-status|p2a: Alakazam|par
|
|-weather|Sandstorm|[upkeep]
|-heal|p1a: Jirachi|40/100|[from] item: Leftovers
|upkeep
|turn|35
|
|t:|1702557393
|move|p1a: Jirachi|Substitute|p1a: Jirachi
|-start|p1a: Jirachi|Substitute
|-damage|p1a: Jirachi|15/100
|move|p2a: Alakazam|Hidden Power|p1a: Jirachi
|-supereffective|p1a: Jirachi
|-end|p1a: Jirachi|Substitute
|
|-weather|Sandstorm|[upkeep]
|-heal|p1a: Jirachi|21/100|[from] item: Leftovers
|upkeep
|turn|36
|
|t:|1702557395
|move|p1a: Jirachi|Iron Head|p2a: Alakazam
|-damage|p2a: Alakazam|0 fnt
|faint|p2a: Alakazam
|
|-weather|Sandstorm|[upkeep]
|-heal|p1a: Jirachi|27/100|[from] item: Leftovers
|upkeep
|
|t:|1702557397
|switch|p2a: Excadrill|Excadrill, F|100/100
|turn|37
|
|t:|1702557401
|move|p2a: Excadrill|Earthquake|p1a: Jirachi
|-supereffective|p1a: Jirachi
|-damage|p1a: Jirachi|0 fnt
|faint|p1a: Jirachi
|
|-weather|Sandstorm|[upkeep]
|upkeep
|
|t:|1702557403
|switch|p1a: Magnezone|Magnezone|100/100
|-item|p1a: Magnezone|Air Balloon
|turn|38
|
|t:|1702557407
|move|p2a: Excadrill|Earthquake|p1a: Magnezone
|-immune|p1a: Magnezone
|move|p1a: Magnezone|Hidden Power|p2a: Excadrill
|-supereffective|p2a: Excadrill
|-crit|p2a: Excadrill
|-damage|p2a: Excadrill|0 fnt
|faint|p2a: Excadrill
|
|win|ghosted by brizz
|raw|ghosted by brizz's rating: 1519 &rarr; <strong>1531</strong><br />(+12 for winning)
|raw|Poo420's rating: 1379 &rarr; <strong>1367</strong><br />(-12 for losing)
