|j|☆reshirampage
|j|☆Cinema Staff Fan
|t:|1746015116
|gametype|singles
|player|p1|reshirampage|nate|1499
|player|p2|Cinema Staff Fan|miku-water|1409
|teamsize|p1|6
|teamsize|p2|6
|gen|5
|tier|[Gen 5] OU
|rated|
|rule|Species Clause: Limit one of each Pokémon
|rule|OHKO Clause: OHKO moves are banned
|rule|Moody Clause: Moody is banned
|rule|Evasion Items Clause: Evasion items are banned
|rule|Evasion Moves Clause: Evasion moves are banned
|rule|Endless Battle Clause: Forcing endless battles is banned
|rule|HP Percentage Mod: HP is shown in percentages
|rule|Evasion Abilities Clause: Evasion abilities are banned
|rule|Sleep Moves Clause: Sleep-inducing moves are banned
|rule|Swagger Clause: Swagger is banned
|rule|Baton Pass Stat Clause: No Baton Passer may have a way to boost its stats
|clearpoke
|poke|p1|Landorus-Therian, M|item
|poke|p1|Tyranitar, M|item
|poke|p1|Ferrothorn, M|item
|poke|p1|Terrakion|item
|poke|p1|Alakazam, F|item
|poke|p1|Rotom-Wash|item
|poke|p2|Conkeldurr, M|item
|poke|p2|Tyranitar, F|item
|poke|p2|Gastrodon-East, M|item
|poke|p2|Forretress, F|item
|poke|p2|Keldeo|item
|poke|p2|Landorus-Therian, M|item
|teampreview
|inactive|Battle timer is ON: inactive players will automatically lose when time's up. (requested by Cinema Staff Fan)
|inactive|reshirampage has 120 seconds left.
|
|t:|1746015147
|start
|switch|p1a: Rotom|Rotom-Wash, shiny|100/100
|switch|p2a: White Album|Keldeo|100/100
|turn|1
|
|t:|1746015163
|move|p2a: White Album|Hidden Power|p1a: Rotom
|-supereffective|p1a: Rotom
|-damage|p1a: Rotom|40/100
|move|p1a: Rotom|Volt Switch|p2a: White Album
|-supereffective|p2a: White Album
|-damage|p2a: White Album|44/100
|inactive|reshirampage has 120 seconds left.
|
|t:|1746015198
|switch|p1a: Landorus|Landorus-Therian, M|100/100|[from] Volt Switch
|-ability|p1a: Landorus|Intimidate|boost
|-unboost|p2a: White Album|atk|1
|
|upkeep
|turn|2
|
|t:|1746015208
|switch|p2a: Achtung Baby|Gastrodon-East, M|100/100
|move|p1a: Landorus|U-turn|p2a: Achtung Baby
|-damage|p2a: Achtung Baby|85/100
|
|t:|1746015213
|switch|p1a: Ferrothorn|Ferrothorn, M|100/100|[from] U-turn
|
|-heal|p2a: Achtung Baby|91/100|[from] item: Leftovers
|upkeep
|turn|3
|
|t:|1746015226
|switch|p2a: Strength|Conkeldurr, M|100/100
|move|p1a: Ferrothorn|Knock Off|p2a: Strength
|-resisted|p2a: Strength
|-damage|p2a: Strength|98/100
|-enditem|p2a: Strength|Life Orb|[from] move: Knock Off|[of] p1a: Ferrothorn
|
|upkeep
|turn|4
|
|t:|1746015239
|move|p2a: Strength|Ice Punch|p1a: Ferrothorn
|-damage|p1a: Ferrothorn|78/100
|-damage|p2a: Strength|86/100|[from] ability: Iron Barbs|[of] p1a: Ferrothorn
|move|p1a: Ferrothorn|Leech Seed|p2a: Strength
|-start|p2a: Strength|move: Leech Seed
|
|-heal|p1a: Ferrothorn|84/100|[from] item: Leftovers
|-damage|p2a: Strength|73/100|[from] Leech Seed|[of] p1a: Ferrothorn
|-heal|p1a: Ferrothorn|97/100|[silent]
|upkeep
|turn|5
|
|t:|1746015255
|switch|p2a: White Album|Keldeo|44/100
|move|p1a: Ferrothorn|Power Whip|p2a: White Album
|-supereffective|p2a: White Album
|-damage|p2a: White Album|0 fnt
|faint|p2a: White Album
|
|-heal|p1a: Ferrothorn|100/100|[from] item: Leftovers
|upkeep
|
|t:|1746015269
|switch|p2a: Strength|Conkeldurr, M|73/100
|turn|6
|
|t:|1746015277
|switch|p1a: Landorus|Landorus-Therian, M|100/100
|-ability|p1a: Landorus|Intimidate|boost
|-unboost|p2a: Strength|atk|1
|move|p2a: Strength|Drain Punch|p1a: Landorus
|-resisted|p1a: Landorus
|-damage|p1a: Landorus|82/100
|-heal|p2a: Strength|82/100|[from] drain|[of] p1a: Landorus
|
|upkeep
|turn|7
|
|t:|1746015290
|switch|p2a: Tusk|Forretress, F|100/100
|move|p1a: Landorus|Earthquake|p2a: Tusk
|-damage|p2a: Tusk|63/100
|
|-heal|p2a: Tusk|69/100|[from] item: Leftovers
|upkeep
|turn|8
|
|t:|1746015311
|switch|p1a: Tyranitar|Tyranitar, M|100/100
|-weather|Sandstorm|[from] ability: Sand Stream|[of] p1a: Tyranitar
|move|p2a: Tusk|Stealth Rock|p1a: Tyranitar
|-sidestart|p1: reshirampage|move: Stealth Rock
|
|-weather|Sandstorm|[upkeep]
|-heal|p2a: Tusk|75/100|[from] item: Leftovers
|upkeep
|turn|9
|
|t:|1746015315
|move|p1a: Tyranitar|Stealth Rock|p2a: Tusk
|-sidestart|p2: Cinema Staff Fan|move: Stealth Rock
|move|p2a: Tusk|Gyro Ball|p1a: Tyranitar
|-supereffective|p1a: Tyranitar
|-damage|p1a: Tyranitar|72/100
|
|-weather|Sandstorm|[upkeep]
|-heal|p2a: Tusk|82/100|[from] item: Leftovers
|upkeep
|turn|10
|
|t:|1746015323
|switch|p1a: Rotom|Rotom-Wash, shiny|40/100
|-damage|p1a: Rotom|28/100|[from] Stealth Rock
|move|p2a: Tusk|Rapid Spin|p1a: Rotom
|-damage|p1a: Rotom|24/100
|-sideend|p2: Cinema Staff Fan|Stealth Rock|[from] move: Rapid Spin|[of] p2a: Tusk
|
|-weather|Sandstorm|[upkeep]
|-damage|p1a: Rotom|18/100|[from] Sandstorm
|-heal|p1a: Rotom|24/100|[from] item: Leftovers
|-heal|p2a: Tusk|88/100|[from] item: Leftovers
|upkeep
|turn|11
|
|t:|1746015329
|move|p1a: Rotom|Pain Split|p2a: Tusk
|-sethp|p2a: Tusk|54/100|[from] move: Pain Split|[silent]
|-sethp|p1a: Rotom|63/100|[from] move: Pain Split
|move|p2a: Tusk|Volt Switch|p1a: Rotom
|-damage|p1a: Rotom|54/100
|
|t:|1746015334
|switch|p2a: Achtung Baby|Gastrodon-East, M|91/100|[from] Volt Switch
|
|-weather|Sandstorm|[upkeep]
|-damage|p1a: Rotom|48/100|[from] Sandstorm
|-heal|p1a: Rotom|54/100|[from] item: Leftovers
|-heal|p2a: Achtung Baby|97/100|[from] item: Leftovers
|upkeep
|turn|12
|
|t:|1746015346
|move|p1a: Rotom|Will-O-Wisp|p2a: Achtung Baby
|-status|p2a: Achtung Baby|brn
|move|p2a: Achtung Baby|Toxic|p1a: Rotom
|-status|p1a: Rotom|tox
|
|-weather|Sandstorm|[upkeep]
|-damage|p1a: Rotom|48/100 tox|[from] Sandstorm
|-heal|p1a: Rotom|54/100 tox|[from] item: Leftovers
|-heal|p2a: Achtung Baby|100/100 brn|[from] item: Leftovers
|-damage|p1a: Rotom|48/100 tox|[from] psn
|-damage|p2a: Achtung Baby|88/100 brn|[from] brn
|upkeep
|turn|13
|
|t:|1746015372
|switch|p1a: Alakazam|Alakazam, F, shiny|100/100
|switch|p2a: Tusk|Forretress, F|54/100
|
|-weather|Sandstorm|[upkeep]
|-heal|p2a: Tusk|60/100|[from] item: Leftovers
|upkeep
|turn|14
|inactive|reshirampage has 120 seconds left.
|
|t:|1746015390
|switch|p1a: Ferrothorn|Ferrothorn, M|100/100
|-damage|p1a: Ferrothorn|94/100|[from] Stealth Rock
|move|p2a: Tusk|Gyro Ball|p1a: Ferrothorn
|-resisted|p1a: Ferrothorn
|-damage|p1a: Ferrothorn|92/100
|-damage|p2a: Tusk|48/100|[from] ability: Iron Barbs|[of] p1a: Ferrothorn
|
|-weather|Sandstorm|[upkeep]
|-heal|p2a: Tusk|54/100|[from] item: Leftovers
|-heal|p1a: Ferrothorn|98/100|[from] item: Leftovers
|upkeep
|turn|15
|
|t:|1746015397
|move|p2a: Tusk|Volt Switch|p1a: Ferrothorn
|-resisted|p1a: Ferrothorn
|-damage|p1a: Ferrothorn|94/100
|
|t:|1746015399
|switch|p2a: Strength|Conkeldurr, M|82/100|[from] Volt Switch
|move|p1a: Ferrothorn|Leech Seed|p2a: Strength
|-start|p2a: Strength|move: Leech Seed
|
|-weather|Sandstorm|[upkeep]
|-damage|p2a: Strength|76/100|[from] Sandstorm
|-heal|p1a: Ferrothorn|99/100|[from] item: Leftovers
|-damage|p2a: Strength|64/100|[from] Leech Seed|[of] p1a: Ferrothorn
|-heal|p1a: Ferrothorn|100/100|[silent]
|upkeep
|turn|16
|
|t:|1746015423
|switch|p1a: Alakazam|Alakazam, F, shiny|100/100
|move|p2a: Strength|Drain Punch|p1a: Alakazam
|-resisted|p1a: Alakazam
|-damage|p1a: Alakazam|28/100
|-heal|p2a: Strength|88/100|[from] drain|[of] p1a: Alakazam
|
|-weather|Sandstorm|[upkeep]
|-damage|p2a: Strength|82/100|[from] Sandstorm
|-damage|p2a: Strength|69/100|[from] Leech Seed|[of] p1a: Alakazam
|-heal|p1a: Alakazam|47/100|[silent]
|upkeep
|turn|17
|inactive|reshirampage has 120 seconds left.
|
|t:|1746015439
|switch|p2a: Sandman|Tyranitar, F|100/100
|move|p1a: Alakazam|Focus Blast|p2a: Sandman|[miss]
|-miss|p1a: Alakazam|p2a: Sandman
|
|-weather|Sandstorm|[upkeep]
|upkeep
|turn|18
|
|t:|1746015443
|move|p1a: Alakazam|Focus Blast|p2a: Sandman
|-supereffective|p2a: Sandman
|-enditem|p2a: Sandman|Chople Berry|[eat]
|-enditem|p2a: Sandman|Chople Berry|[weaken]
|-damage|p2a: Sandman|66/100
|move|p2a: Sandman|Pursuit|p1a: Alakazam
|-supereffective|p1a: Alakazam
|-damage|p1a: Alakazam|0 fnt
|faint|p1a: Alakazam
|
|-weather|Sandstorm|[upkeep]
|upkeep
|
|t:|1746015457
|switch|p1a: Terrakion|Terrakion|100/100
|-damage|p1a: Terrakion|94/100|[from] Stealth Rock
|turn|19
|
|t:|1746015468
|switch|p2a: Mr.President|Landorus-Therian, M|100/100
|-ability|p2a: Mr.President|Intimidate|boost
|-unboost|p1a: Terrakion|atk|1
|move|p1a: Terrakion|Hidden Power|p2a: Mr.President
|-supereffective|p2a: Mr.President
|-damage|p2a: Mr.President|9/100
|-damage|p1a: Terrakion|84/100|[from] item: Life Orb
|
|-weather|Sandstorm|[upkeep]
|upkeep
|turn|20
|inactive|reshirampage has 120 seconds left.
|
|t:|1746015485
|switch|p1a: Ferrothorn|Ferrothorn, M|100/100
|-damage|p1a: Ferrothorn|94/100|[from] Stealth Rock
|move|p2a: Mr.President|Earthquake|p1a: Ferrothorn
|-damage|p1a: Ferrothorn|58/100
|
|-weather|Sandstorm|[upkeep]
|-heal|p1a: Ferrothorn|64/100|[from] item: Leftovers
|upkeep
|turn|21
|
|t:|1746015491
|switch|p1a: Landorus|Landorus-Therian, M|82/100
|-damage|p1a: Landorus|69/100|[from] Stealth Rock
|-ability|p1a: Landorus|Intimidate|boost
|-unboost|p2a: Mr.President|atk|1
|move|p2a: Mr.President|Earthquake|p1a: Landorus
|-immune|p1a: Landorus
|
|-weather|Sandstorm|[upkeep]
|upkeep
|turn|22
|
|t:|1746015497
|switch|p2a: Achtung Baby|Gastrodon-East, M|88/100 brn
|move|p1a: Landorus|U-turn|p2a: Achtung Baby
|-crit|p2a: Achtung Baby
|-damage|p2a: Achtung Baby|55/100 brn
|
|t:|1746015500
|switch|p1a: Terrakion|Terrakion|84/100|[from] U-turn
|-damage|p1a: Terrakion|78/100|[from] Stealth Rock
|
|-weather|Sandstorm|[upkeep]
|-heal|p2a: Achtung Baby|61/100 brn|[from] item: Leftovers
|-damage|p2a: Achtung Baby|48/100 brn|[from] brn
|upkeep
|turn|23
|
|t:|1746015506
|move|p1a: Terrakion|Close Combat|p2a: Achtung Baby
|-damage|p2a: Achtung Baby|0 fnt
|-unboost|p1a: Terrakion|def|1
|-unboost|p1a: Terrakion|spd|1
|faint|p2a: Achtung Baby
|-damage|p1a: Terrakion|68/100|[from] item: Life Orb
|
|-weather|Sandstorm|[upkeep]
|upkeep
|
|t:|1746015510
|switch|p2a: Strength|Conkeldurr, M|69/100
|turn|24
|
|t:|1746015526
|switch|p1a: Rotom|Rotom-Wash, shiny|48/100 tox
|-damage|p1a: Rotom|36/100 tox|[from] Stealth Rock
|move|p2a: Strength|Ice Punch|p1a: Rotom
|-resisted|p1a: Rotom
|-damage|p1a: Rotom|19/100 tox
|
|-weather|Sandstorm|[upkeep]
|-damage|p1a: Rotom|13/100 tox|[from] Sandstorm
|-damage|p2a: Strength|63/100|[from] Sandstorm
|-heal|p1a: Rotom|19/100 tox|[from] item: Leftovers
|-damage|p1a: Rotom|13/100 tox|[from] psn
|upkeep
|turn|25
|
|t:|1746015529
|move|p2a: Strength|Mach Punch|p1a: Rotom
|-damage|p1a: Rotom|0 fnt
|faint|p1a: Rotom
|
|-weather|Sandstorm|[upkeep]
|-damage|p2a: Strength|57/100|[from] Sandstorm
|upkeep
|
|t:|1746015532
|switch|p1a: Landorus|Landorus-Therian, M|69/100
|-damage|p1a: Landorus|57/100|[from] Stealth Rock
|-ability|p1a: Landorus|Intimidate|boost
|-unboost|p2a: Strength|atk|1
|turn|26
|
|t:|1746015545
|move|p1a: Landorus|Earthquake|p2a: Strength
|-damage|p2a: Strength|8/100
|move|p2a: Strength|Ice Punch|p1a: Landorus
|-supereffective|p1a: Landorus
|-damage|p1a: Landorus|0 fnt
|faint|p1a: Landorus
|
|-weather|Sandstorm|[upkeep]
|-damage|p2a: Strength|2/100|[from] Sandstorm
|upkeep
|
|t:|1746015556
|switch|p1a: Ferrothorn|Ferrothorn, M|64/100
|-damage|p1a: Ferrothorn|58/100|[from] Stealth Rock
|turn|27
|
|t:|1746015565
|move|p2a: Strength|Drain Punch|p1a: Ferrothorn
|-supereffective|p1a: Ferrothorn
|-damage|p1a: Ferrothorn|11/100
|-heal|p2a: Strength|24/100|[from] drain|[of] p1a: Ferrothorn
|-damage|p2a: Strength|11/100|[from] ability: Iron Barbs|[of] p1a: Ferrothorn
|move|p1a: Ferrothorn|Power Whip|p2a: Strength
|-damage|p2a: Strength|0 fnt
|faint|p2a: Strength
|
|-weather|Sandstorm|[upkeep]
|-heal|p1a: Ferrothorn|17/100|[from] item: Leftovers
|upkeep
|
|t:|1746015577
|switch|p2a: Mr.President|Landorus-Therian, M|9/100
|-ability|p2a: Mr.President|Intimidate|boost
|-unboost|p1a: Ferrothorn|atk|1
|turn|28
|
|t:|1746015582
|move|p2a: Mr.President|Earthquake|p1a: Ferrothorn
|-damage|p1a: Ferrothorn|0 fnt
|faint|p1a: Ferrothorn
|
|-weather|Sandstorm|[upkeep]
|upkeep
|
|t:|1746015584
|switch|p1a: Terrakion|Terrakion|68/100
|-damage|p1a: Terrakion|62/100|[from] Stealth Rock
|turn|29
|
|t:|1746015594
|switch|p2a: Tusk|Forretress, F|54/100
|move|p1a: Terrakion|Quick Attack|p2a: Tusk
|-resisted|p2a: Tusk
|-damage|p2a: Tusk|47/100
|-damage|p1a: Terrakion|52/100|[from] item: Life Orb
|
|-weather|Sandstorm|[upkeep]
|-heal|p2a: Tusk|53/100|[from] item: Leftovers
|upkeep
|turn|30
|
|t:|1746015598
|move|p1a: Terrakion|Close Combat|p2a: Tusk
|-damage|p2a: Tusk|0 fnt
|-unboost|p1a: Terrakion|def|1
|-unboost|p1a: Terrakion|spd|1
|faint|p2a: Tusk
|-damage|p1a: Terrakion|42/100|[from] item: Life Orb
|
|-weather|Sandstorm|[upkeep]
|upkeep
|
|t:|1746015611
|switch|p2a: Sandman|Tyranitar, F|66/100
|turn|31
|
|t:|1746015615
|move|p1a: Terrakion|Close Combat|p2a: Sandman
|-supereffective|p2a: Sandman
|-damage|p2a: Sandman|0 fnt
|-unboost|p1a: Terrakion|def|1
|-unboost|p1a: Terrakion|spd|1
|faint|p2a: Sandman
|-damage|p1a: Terrakion|32/100|[from] item: Life Orb
|
|-weather|Sandstorm|[upkeep]
|upkeep
|
|t:|1746015616
|switch|p2a: Mr.President|Landorus-Therian, M|9/100
|-ability|p2a: Mr.President|Intimidate|boost
|-unboost|p1a: Terrakion|atk|1
|turn|32
|
|t:|1746015621
|switch|p1a: Tyranitar|Tyranitar, M|72/100
|-damage|p1a: Tyranitar|60/100|[from] Stealth Rock
|move|p2a: Mr.President|Earthquake|p1a: Tyranitar
|-supereffective|p1a: Tyranitar
|-damage|p1a: Tyranitar|0 fnt
|faint|p1a: Tyranitar
|
|-weather|Sandstorm|[upkeep]
|upkeep
|
|t:|1746015622
|switch|p1a: Terrakion|Terrakion|32/100
|-damage|p1a: Terrakion|26/100|[from] Stealth Rock
|turn|33
|
|t:|1746015624
|move|p1a: Terrakion|Quick Attack|p2a: Mr.President
|-damage|p2a: Mr.President|0 fnt
|faint|p2a: Mr.President
|-damage|p1a: Terrakion|16/100|[from] item: Life Orb
|
|win|reshirampage
|raw|reshirampage's rating: 1499 &rarr; <strong>1514</strong><br />(+15 for winning)
|raw|Cinema Staff Fan's rating: 1409 &rarr; <strong>1394</strong><br />(-15 for losing)
