|j|‽nigel
|j|☆Pythagorean Python
|player|p1|nigel|lucas|1395
|player|p2|Pythagorean Python|159|1478
|teamsize|p1|6
|teamsize|p2|6
|gametype|singles
|gen|5
|tier|[Gen 5] OU
|rated|
|clearpoke
|poke|p1|Politoed, F|item
|poke|p1|Ferrothorn, F|item
|poke|p1|Tentacruel, F|item
|poke|p1|Thundurus-Therian, M|item
|poke|p1|Latios, M|item
|poke|p1|Garchomp, M|item
|poke|p2|Salamence, F|item
|poke|p2|Garchomp, F|item
|poke|p2|Meloetta|item
|poke|p2|Raikou|item
|poke|p2|Mienshao, F|item
|poke|p2|Jirachi|item
|rule|Species Clause: Limit one of each Pokémon
|rule|OHKO Clause: OHKO moves are banned
|rule|Moody Clause: Moody is banned
|rule|Evasion Moves Clause: Evasion moves are banned
|rule|Endless Battle Clause: Forcing endless battles is banned
|rule|HP Percentage Mod: HP is shown in percentages
|rule|Evasion Abilities Clause: Evasion abilities are banned
|rule|Baton Pass Clause: Limit one Baton Passer, can't pass Spe and other stats simultaneously
|rule|Sleep Clause: Sleep-inducing moves are banned
|rule|Swagger Clause: Swagger is banned
|teampreview
|
|start
|switch|p1a: Politoed|Politoed, F|100/100
|switch|p2a: Raikou|Raikou|100/100
|-ability|p2a: Raikou|Pressure
|-weather|RainDance|[from] ability: Drizzle|[of] p1a: Politoed
|turn|1
|
|switch|p1a: Ferrothorn|Ferrothorn, F|100/100
|move|p2a: Raikou|Volt Switch|p1a: Ferrothorn
|-resisted|p1a: Ferrothorn
|-damage|p1a: Ferrothorn|87/100
|
|switch|p2a: Mienshao|Mienshao, F|100/100|[from]move: Volt Switch
|
|-weather|RainDance|[upkeep]
|-heal|p1a: Ferrothorn|94/100|[from] item: Leftovers
|upkeep
|turn|2
|
|move|p2a: Mienshao|High Jump Kick|p1a: Ferrothorn
|-supereffective|p1a: Ferrothorn
|-damage|p1a: Ferrothorn|0 fnt
|-damage|p2a: Mienshao|88/100|[from] ability: Iron Barbs|[of] p1a: Ferrothorn
|faint|p1a: Ferrothorn
|
|-weather|RainDance|[upkeep]
|upkeep
|
|switch|p1a: Latios|Latios, M|100/100
|turn|3
|
|switch|p2a: Jirachi|Jirachi|100/100
|move|p1a: Latios|Surf|p2a: Jirachi
|-damage|p2a: Jirachi|22/100
|
|-weather|RainDance|[upkeep]
|-heal|p2a: Jirachi|28/100|[from] item: Leftovers
|upkeep
|turn|4
|
|move|p1a: Latios|Surf|p2a: Jirachi
|-damage|p2a: Jirachi|0 fnt
|faint|p2a: Jirachi
|
|-weather|RainDance|[upkeep]
|upkeep
|
|switch|p2a: Salamence|Salamence, F|100/100
|-ability|p2a: Salamence|Intimidate|boost
|-unboost|p1a: Latios|atk|1
|turn|5
|
|switch|p1a: Politoed|Politoed, F|100/100
|move|p2a: Salamence|Draco Meteor|p1a: Politoed
|-damage|p1a: Politoed|33/100
|-unboost|p2a: Salamence|spa|2
|
|-weather|RainDance|[upkeep]
|upkeep
|turn|6
|
|switch|p1a: Tentacruel|Tentacruel, F|100/100
|move|p2a: Salamence|Draco Meteor|p1a: Tentacruel
|-damage|p1a: Tentacruel|75/100
|-unboost|p2a: Salamence|spa|2
|
|-weather|RainDance|[upkeep]
|-heal|p1a: Tentacruel|81/100|[from] ability: Rain Dish
|-heal|p1a: Tentacruel|87/100|[from] item: Black Sludge
|upkeep
|turn|7
|
|switch|p2a: Meloetta|Meloetta|100/100
|move|p1a: Tentacruel|Toxic|p2a: Meloetta
|-status|p2a: Meloetta|tox
|
|-weather|RainDance|[upkeep]
|-heal|p1a: Tentacruel|93/100|[from] ability: Rain Dish
|-heal|p1a: Tentacruel|99/100|[from] item: Black Sludge
|-damage|p2a: Meloetta|94/100 tox|[from] psn
|upkeep
|turn|8
|
|move|p1a: Tentacruel|Protect|p1a: Tentacruel
|-singleturn|p1a: Tentacruel|Protect
|move|p2a: Meloetta|Calm Mind|p2a: Meloetta
|-boost|p2a: Meloetta|spa|1
|-boost|p2a: Meloetta|spd|1
|
|-weather|RainDance|[upkeep]
|-heal|p1a: Tentacruel|100/100|[from] ability: Rain Dish
|-heal|p2a: Meloetta|100/100 tox|[from] item: Leftovers
|-damage|p2a: Meloetta|88/100 tox|[from] psn
|upkeep
|turn|9
|
|switch|p1a: Politoed|Politoed, F|33/100
|move|p2a: Meloetta|Psyshock|p1a: Politoed
|-damage|p1a: Politoed|0 fnt
|faint|p1a: Politoed
|
|-weather|RainDance|[upkeep]
|-heal|p2a: Meloetta|94/100 tox|[from] item: Leftovers
|-damage|p2a: Meloetta|76/100 tox|[from] psn
|upkeep
|
|switch|p1a: Latios|Latios, M|100/100
|turn|10
|
|move|p1a: Latios|Dragon Pulse|p2a: Meloetta
|-damage|p2a: Meloetta|46/100 tox
|move|p2a: Meloetta|Shadow Ball|p1a: Latios
|-supereffective|p1a: Latios
|-damage|p1a: Latios|9/100
|-unboost|p1a: Latios|spd|1
|
|-weather|RainDance|[upkeep]
|-heal|p2a: Meloetta|52/100 tox|[from] item: Leftovers
|-damage|p2a: Meloetta|27/100 tox|[from] psn
|upkeep
|turn|11
|
|move|p1a: Latios|Dragon Pulse|p2a: Meloetta
|-damage|p2a: Meloetta|0 fnt
|faint|p2a: Meloetta
|
|-weather|RainDance|[upkeep]
|upkeep
|
|switch|p2a: Raikou|Raikou|100/100
|-ability|p2a: Raikou|Pressure
|turn|12
|
|switch|p1a: Thundurus|Thundurus-Therian, M|100/100
|move|p2a: Raikou|Hidden Power|p1a: Thundurus
|-supereffective|p1a: Thundurus
|-damage|p1a: Thundurus|28/100
|
|-weather|RainDance|[upkeep]
|-heal|p1a: Thundurus|34/100|[from] item: Leftovers
|upkeep
|turn|13
|
|switch|p1a: Tentacruel|Tentacruel, F|100/100
|move|p2a: Raikou|Hidden Power|p1a: Tentacruel
|-resisted|p1a: Tentacruel
|-damage|p1a: Tentacruel|91/100
|
|-weather|RainDance|[upkeep]
|-heal|p1a: Tentacruel|97/100|[from] ability: Rain Dish
|-heal|p1a: Tentacruel|100/100|[from] item: Black Sludge
|upkeep
|turn|14
|
|move|p2a: Raikou|Thunderbolt|p1a: Tentacruel
|-supereffective|p1a: Tentacruel
|-damage|p1a: Tentacruel|8/100
|move|p1a: Tentacruel|Scald|p2a: Raikou
|-damage|p2a: Raikou|67/100
|
|-weather|RainDance|[upkeep]
|-heal|p1a: Tentacruel|14/100|[from] ability: Rain Dish
|-heal|p1a: Tentacruel|20/100|[from] item: Black Sludge
|upkeep
|turn|15
|
|switch|p1a: Garchomp|Garchomp, M|100/100
|move|p2a: Raikou|Thunderbolt|p1a: Garchomp
|-immune|p1a: Garchomp
|
|-weather|RainDance|[upkeep]
|upkeep
|turn|16
|
|switch|p2a: Salamence|Salamence, F|100/100
|-ability|p2a: Salamence|Intimidate|boost
|-unboost|p1a: Garchomp|atk|1
|move|p1a: Garchomp|Outrage|p2a: Salamence
|-supereffective|p2a: Salamence
|-damage|p2a: Salamence|4/100
|
|-weather|RainDance|[upkeep]
|upkeep
|turn|17
|
|move|p1a: Garchomp|Outrage|p2a: Salamence|[from]lockedmove
|-supereffective|p2a: Salamence
|-damage|p2a: Salamence|0 fnt
|-start|p1a: Garchomp|confusion|[fatigue]
|faint|p2a: Salamence
|
|-weather|RainDance|[upkeep]
|upkeep
|
|switch|p2a: Garchomp|Garchomp, F|100/100
|turn|18
|
|switch|p1a: Tentacruel|Tentacruel, F|20/100
|move|p2a: Garchomp|Outrage|p1a: Tentacruel
|-damage|p1a: Tentacruel|0 fnt
|faint|p1a: Tentacruel
|
|-weather|RainDance|[upkeep]
|upkeep
|
|switch|p1a: Latios|Latios, M|9/100
|turn|19
|j| Lechugasismica
|
|move|p2a: Garchomp|Outrage|p1a: Latios|[from]lockedmove
|-supereffective|p1a: Latios
|-damage|p1a: Latios|0 fnt
|faint|p1a: Latios
|
|-weather|RainDance|[upkeep]
|upkeep
|l| Lechugasismica
|
|switch|p1a: Garchomp|Garchomp, M|100/100
|turn|20
|
|move|p1a: Garchomp|Outrage|p2a: Garchomp
|-supereffective|p2a: Garchomp
|-crit|p2a: Garchomp
|-damage|p2a: Garchomp|0 fnt
|-damage|p1a: Garchomp|88/100|[from] ability: Rough Skin|[of] p2a: Garchomp
|faint|p2a: Garchomp
|
|-weather|RainDance|[upkeep]
|upkeep
|
|switch|p2a: Raikou|Raikou|67/100
|-ability|p2a: Raikou|Pressure
|turn|21
|
|move|p1a: Garchomp|Outrage|p2a: Raikou|[from]lockedmove
|-damage|p2a: Raikou|0 fnt
|-start|p1a: Garchomp|confusion|[fatigue]
|faint|p2a: Raikou
|
|-weather|RainDance|[upkeep]
|upkeep
|
|switch|p2a: Mienshao|Mienshao, F|88/100
|turn|22
|
|switch|p1a: Thundurus|Thundurus-Therian, M|34/100
|move|p2a: Mienshao|Hidden Power|p1a: Thundurus
|-supereffective|p1a: Thundurus
|-damage|p1a: Thundurus|0 fnt
|faint|p1a: Thundurus
|
|-weather|RainDance|[upkeep]
|upkeep
|
|switch|p1a: Garchomp|Garchomp, M|88/100
|turn|23
|
|move|p1a: Garchomp|Outrage|p2a: Mienshao
|-damage|p2a: Mienshao|0 fnt
|faint|p2a: Mienshao
|
|win|nigel
|raw|nigel's rating: 1395 &rarr; <strong>1420</strong><br />(+25 for winning)
|raw|Pythagorean Python's rating: 1478 &rarr; <strong>1453</strong><br />(-25 for losing)
