|j|☆DiputadesIndecises
|j|☆HydreigonSpammer
|t:|1735327312
|gametype|singles
|player|p1|DiputadesIndecises|170|1485
|player|p2|HydreigonSpammer|acetrainer|1318
|teamsize|p1|6
|teamsize|p2|6
|gen|5
|tier|[Gen 5] OU
|rated|
|rule|Species Clause: Limit one of each Pokémon
|rule|OHKO Clause: OHKO moves are banned
|rule|Moody Clause: Moody is banned
|rule|Evasion Items Clause: Evasion items are banned
|rule|Evasion Moves Clause: Evasion moves are banned
|rule|Endless Battle Clause: Forcing endless battles is banned
|rule|HP Percentage Mod: HP is shown in percentages
|rule|Evasion Abilities Clause: Evasion abilities are banned
|rule|Sleep Moves Clause: Sleep-inducing moves are banned
|rule|Swagger Clause: Swagger is banned
|rule|Baton Pass Stat Clause: No Baton Passer may have a way to boost its stats
|clearpoke
|poke|p1|Politoed, F|item
|poke|p1|Gyarados, M|item
|poke|p1|Dragonite, M|item
|poke|p1|Thundurus-Therian, M|item
|poke|p1|Scizor, M|item
|poke|p1|Ferrothorn, M|item
|poke|p2|Landorus-Therian, M|item
|poke|p2|Latios, M|item
|poke|p2|Hydreigon, F|item
|poke|p2|Jellicent, M|item
|poke|p2|Ferrothorn, F|item
|poke|p2|Salamence, M|item
|teampreview
|j| GermanoMosconiKing
|
|t:|1735327337
|start
|switch|p1a: Dragonite|Dragonite, M|100/100
|switch|p2a: Hydreigon|Hydreigon, F, shiny|100/100
|turn|1
|
|t:|1735327342
|move|p2a: Hydreigon|Draco Meteor|p1a: Dragonite
|-supereffective|p1a: Dragonite
|-damage|p1a: Dragonite|1/100
|-unboost|p2a: Hydreigon|spa|2
|-damage|p2a: Hydreigon|91/100|[from] item: Life Orb
|move|p1a: Dragonite|Superpower|p2a: Hydreigon
|-supereffective|p2a: Hydreigon
|-damage|p2a: Hydreigon|0 fnt
|-unboost|p1a: Dragonite|atk|1
|-unboost|p1a: Dragonite|def|1
|faint|p2a: Hydreigon
|
|-heal|p1a: Dragonite|8/100|[from] item: Leftovers
|upkeep
|c| GermanoMosconiKing|sera hydreigon
|
|t:|1735327356
|switch|p2a: Landorus|Landorus-Therian, M|100/100
|-ability|p2a: Landorus|Intimidate|boost
|-unboost|p1a: Dragonite|atk|1
|turn|2
|
|t:|1735327363
|move|p2a: Landorus|Hidden Power|p1a: Dragonite
|-supereffective|p1a: Dragonite
|-damage|p1a: Dragonite|0 fnt
|faint|p1a: Dragonite
|
|upkeep
|
|t:|1735327370
|switch|p1a: Politoed|Politoed, F|100/100
|-weather|RainDance|[from] ability: Drizzle|[of] p1a: Politoed
|turn|3
|
|t:|1735327381
|switch|p2a: Ferrothorn|Ferrothorn, F|100/100
|move|p1a: Politoed|Toxic|p2a: Ferrothorn
|-immune|p2a: Ferrothorn
|
|-weather|RainDance|[upkeep]
|upkeep
|turn|4
|
|t:|1735327394
|move|p1a: Politoed|Scald|p2a: Ferrothorn
|-resisted|p2a: Ferrothorn
|-damage|p2a: Ferrothorn|87/100
|move|p2a: Ferrothorn|Spikes|p1a: Politoed
|-sidestart|p1: DiputadesIndecises|Spikes
|
|-weather|RainDance|[upkeep]
|upkeep
|turn|5
|
|t:|1735327399
|move|p1a: Politoed|Scald|p2a: Ferrothorn
|-resisted|p2a: Ferrothorn
|-crit|p2a: Ferrothorn
|-damage|p2a: Ferrothorn|61/100
|move|p2a: Ferrothorn|Spikes|p1a: Politoed
|-sidestart|p1: DiputadesIndecises|Spikes
|
|-weather|RainDance|[upkeep]
|upkeep
|turn|6
|
|t:|1735327406
|move|p1a: Politoed|Scald|p2a: Ferrothorn
|-resisted|p2a: Ferrothorn
|-damage|p2a: Ferrothorn|48/100
|-status|p2a: Ferrothorn|brn
|-enditem|p2a: Ferrothorn|Rawst Berry|[eat]
|-curestatus|p2a: Ferrothorn|brn|[msg]
|move|p2a: Ferrothorn|Spikes|p1a: Politoed
|-sidestart|p1: DiputadesIndecises|Spikes
|
|-weather|RainDance|[upkeep]
|upkeep
|turn|7
|
|t:|1735327425
|switch|p2a: Jellicent|Jellicent, M|100/100
|move|p1a: Politoed|Encore||[still]
|-fail|p1a: Politoed
|
|-weather|RainDance|[upkeep]
|upkeep
|turn|8
|
|t:|1735327443
|switch|p2a: Landorus|Landorus-Therian, M|100/100
|-ability|p2a: Landorus|Intimidate|boost
|-unboost|p1a: Politoed|atk|1
|move|p1a: Politoed|Toxic|p2a: Landorus
|-status|p2a: Landorus|tox
|
|-weather|RainDance|[upkeep]
|-damage|p2a: Landorus|95/100 tox|[from] psn
|upkeep
|turn|9
|
|t:|1735327447
|move|p1a: Politoed|Protect|p1a: Politoed
|-singleturn|p1a: Politoed|Protect
|move|p2a: Landorus|Stealth Rock|p1a: Politoed
|-sidestart|p1: DiputadesIndecises|move: Stealth Rock
|
|-weather|RainDance|[upkeep]
|-heal|p2a: Landorus|100/100 tox|[from] item: Leftovers
|-damage|p2a: Landorus|89/100 tox|[from] psn
|upkeep
|turn|10
|
|t:|1735327454
|move|p2a: Landorus|U-turn|p1a: Politoed
|-damage|p1a: Politoed|81/100
|
|t:|1735327459
|switch|p2a: Jellicent|Jellicent, M|100/100|[from] U-turn
|move|p1a: Politoed|Scald|p2a: Jellicent
|-immune|p2a: Jellicent|[from] ability: Water Absorb
|
|-weather|RainDance|[upkeep]
|-heal|p1a: Politoed|88/100|[from] item: Leftovers
|upkeep
|turn|11
|
|t:|1735327470
|switch|p2a: Ferrothorn|Ferrothorn, F|48/100
|move|p1a: Politoed|Toxic|p2a: Ferrothorn
|-immune|p2a: Ferrothorn
|
|-weather|RainDance|[upkeep]
|-heal|p1a: Politoed|94/100|[from] item: Leftovers
|upkeep
|turn|12
|
|t:|1735327475
|move|p1a: Politoed|Scald|p2a: Ferrothorn
|-resisted|p2a: Ferrothorn
|-damage|p2a: Ferrothorn|36/100
|move|p2a: Ferrothorn|Knock Off|p1a: Politoed
|-damage|p1a: Politoed|91/100
|-enditem|p1a: Politoed|Leftovers|[from] move: Knock Off|[of] p2a: Ferrothorn
|
|-weather|RainDance|[upkeep]
|upkeep
|turn|13
|
|t:|1735327478
|switch|p2a: Jellicent|Jellicent, M|100/100
|move|p1a: Politoed|Scald|p2a: Jellicent
|-immune|p2a: Jellicent|[from] ability: Water Absorb
|
|-weather|RainDance|[upkeep]
|upkeep
|turn|14
|
|t:|1735327481
|move|p1a: Politoed|Toxic|p2a: Jellicent
|-status|p2a: Jellicent|tox
|move|p2a: Jellicent|Will-O-Wisp|p1a: Politoed
|-status|p1a: Politoed|brn
|
|-weather|RainDance|[upkeep]
|-damage|p2a: Jellicent|94/100 tox|[from] psn
|-damage|p1a: Politoed|78/100 brn|[from] brn
|upkeep
|turn|15
|
|t:|1735327490
|switch|p2a: Ferrothorn|Ferrothorn, F|36/100
|move|p1a: Politoed|Scald|p2a: Ferrothorn
|-resisted|p2a: Ferrothorn
|-damage|p2a: Ferrothorn|22/100
|
|-weather|RainDance|[upkeep]
|-damage|p1a: Politoed|66/100 brn|[from] brn
|upkeep
|turn|16
|
|t:|1735327501
|move|p1a: Politoed|Scald|p2a: Ferrothorn
|-resisted|p2a: Ferrothorn
|-damage|p2a: Ferrothorn|9/100
|-status|p2a: Ferrothorn|brn
|move|p2a: Ferrothorn|Seed Bomb|p1a: Politoed
|-supereffective|p1a: Politoed
|-damage|p1a: Politoed|44/100 brn
|
|-weather|RainDance|[upkeep]
|-damage|p1a: Politoed|32/100 brn|[from] brn
|-damage|p2a: Ferrothorn|0 fnt|[from] brn
|faint|p2a: Ferrothorn
|upkeep
|
|t:|1735327523
|switch|p2a: Salamence|Salamence, M|100/100
|turn|17
|
|t:|1735327533
|move|p2a: Salamence|Outrage|p1a: Politoed
|-damage|p1a: Politoed|0 fnt
|faint|p1a: Politoed
|-ability|p2a: Salamence|Moxie|boost
|-boost|p2a: Salamence|atk|1
|
|-weather|RainDance|[upkeep]
|upkeep
|
|t:|1735327536
|switch|p1a: Ferrothorn|Ferrothorn, M|100/100
|-damage|p1a: Ferrothorn|75/100|[from] Spikes
|-damage|p1a: Ferrothorn|69/100|[from] Stealth Rock
|turn|18
|
|t:|1735327540
|move|p2a: Salamence|Outrage|p1a: Ferrothorn|[from]lockedmove
|-resisted|p1a: Ferrothorn
|-damage|p1a: Ferrothorn|40/100
|-damage|p2a: Salamence|88/100|[from] ability: Iron Barbs|[of] p1a: Ferrothorn
|-start|p2a: Salamence|confusion|[fatigue]
|move|p1a: Ferrothorn|Leech Seed|p2a: Salamence|[miss]
|-miss|p1a: Ferrothorn|p2a: Salamence
|
|-weather|RainDance|[upkeep]
|-heal|p1a: Ferrothorn|47/100|[from] item: Leftovers
|upkeep
|turn|19
|
|t:|1735327549
|switch|p2a: Landorus|Landorus-Therian, M|89/100 tox
|-ability|p2a: Landorus|Intimidate|boost
|-unboost|p1a: Ferrothorn|atk|1
|move|p1a: Ferrothorn|Leech Seed|p2a: Landorus|[miss]
|-miss|p1a: Ferrothorn|p2a: Landorus
|
|-weather|RainDance|[upkeep]
|-heal|p2a: Landorus|95/100 tox|[from] item: Leftovers
|-heal|p1a: Ferrothorn|53/100|[from] item: Leftovers
|-damage|p2a: Landorus|89/100 tox|[from] psn
|upkeep
|turn|20
|c| GermanoMosconiKing|dio ha sempre sei vantaggi di lunghezza
|
|t:|1735327557
|move|p2a: Landorus|Earthquake|p1a: Ferrothorn
|-damage|p1a: Ferrothorn|17/100
|move|p1a: Ferrothorn|Leech Seed|p2a: Landorus
|-start|p2a: Landorus|move: Leech Seed
|
|-weather|RainDance|[upkeep]
|-heal|p2a: Landorus|95/100 tox|[from] item: Leftovers
|-heal|p1a: Ferrothorn|23/100|[from] item: Leftovers
|-damage|p2a: Landorus|82/100 tox|[from] Leech Seed|[of] p1a: Ferrothorn
|-heal|p1a: Ferrothorn|34/100|[silent]
|-damage|p2a: Landorus|70/100 tox|[from] psn
|upkeep
|turn|21
|c|☆HydreigonSpammer|eh già
|c|☆HydreigonSpammer|soprattutto quando prendi il mini-roll con draco meteor su dragonite
|
|t:|1735327578
|switch|p2a: Jellicent|Jellicent, M|94/100 tox
|move|p1a: Ferrothorn|Protect||[still]
|-fail|p1a: Ferrothorn
|
|-weather|RainDance|[upkeep]
|-heal|p2a: Jellicent|100/100 tox|[from] item: Leftovers
|-heal|p1a: Ferrothorn|41/100|[from] item: Leftovers
|-damage|p2a: Jellicent|94/100 tox|[from] psn
|upkeep
|turn|22
|
|t:|1735327584
|move|p1a: Ferrothorn|Protect|p1a: Ferrothorn
|-singleturn|p1a: Ferrothorn|Protect
|move|p2a: Jellicent|Will-O-Wisp|p1a: Ferrothorn
|-activate|p1a: Ferrothorn|move: Protect
|
|-weather|RainDance|[upkeep]
|-heal|p2a: Jellicent|100/100 tox|[from] item: Leftovers
|-heal|p1a: Ferrothorn|47/100|[from] item: Leftovers
|-damage|p2a: Jellicent|88/100 tox|[from] psn
|upkeep
|turn|23
|
|t:|1735327587
|move|p2a: Jellicent|Will-O-Wisp|p1a: Ferrothorn
|-status|p1a: Ferrothorn|brn
|move|p1a: Ferrothorn|Leech Seed|p2a: Jellicent
|-start|p2a: Jellicent|move: Leech Seed
|
|-weather|RainDance|[upkeep]
|-heal|p2a: Jellicent|94/100 tox|[from] item: Leftovers
|-heal|p1a: Ferrothorn|53/100 brn|[from] item: Leftovers
|-damage|p2a: Jellicent|82/100 tox|[from] Leech Seed|[of] p1a: Ferrothorn
|-heal|p1a: Ferrothorn|67/100 brn|[silent]
|-damage|p2a: Jellicent|63/100 tox|[from] psn
|-damage|p1a: Ferrothorn|55/100 brn|[from] brn
|upkeep
|turn|24
|
|t:|1735327595
|switch|p2a: Landorus|Landorus-Therian, M|70/100 tox
|-ability|p2a: Landorus|Intimidate|boost
|-unboost|p1a: Ferrothorn|atk|1
|move|p1a: Ferrothorn|Leech Seed|p2a: Landorus
|-start|p2a: Landorus|move: Leech Seed
|
|-weather|RainDance|[upkeep]
|-heal|p2a: Landorus|76/100 tox|[from] item: Leftovers
|-heal|p1a: Ferrothorn|61/100 brn|[from] item: Leftovers
|-damage|p2a: Landorus|64/100 tox|[from] Leech Seed|[of] p1a: Ferrothorn
|-heal|p1a: Ferrothorn|72/100 brn|[silent]
|-damage|p2a: Landorus|58/100 tox|[from] psn
|-damage|p1a: Ferrothorn|60/100 brn|[from] brn
|upkeep
|turn|25
|
|t:|1735327602
|switch|p2a: Salamence|Salamence, M|88/100
|move|p1a: Ferrothorn|Stealth Rock|p2a: Salamence
|-sidestart|p2: HydreigonSpammer|move: Stealth Rock
|
|-weather|RainDance|[upkeep]
|-heal|p1a: Ferrothorn|66/100 brn|[from] item: Leftovers
|-damage|p1a: Ferrothorn|53/100 brn|[from] brn
|upkeep
|turn|26
|
|t:|1735327605
|move|p2a: Salamence|Earthquake|p1a: Ferrothorn
|-damage|p1a: Ferrothorn|31/100 brn
|move|p1a: Ferrothorn|Leech Seed|p2a: Salamence
|-start|p2a: Salamence|move: Leech Seed
|
|-weather|RainDance|[upkeep]
|-heal|p1a: Ferrothorn|38/100 brn|[from] item: Leftovers
|-damage|p2a: Salamence|76/100|[from] Leech Seed|[of] p1a: Ferrothorn
|-heal|p1a: Ferrothorn|49/100 brn|[silent]
|-damage|p1a: Ferrothorn|37/100 brn|[from] brn
|upkeep
|turn|27
|c| GermanoMosconiKing|se trovo quello che mi ha fatto innervosire dio can gli tiro un punio che gli spaco la testa. Lo troverò quel deficiente prima o dopo eh
|
|t:|1735327610
|switch|p2a: Landorus|Landorus-Therian, M|58/100 tox
|-damage|p2a: Landorus|46/100 tox|[from] Stealth Rock
|-ability|p2a: Landorus|Intimidate|boost
|-unboost|p1a: Ferrothorn|atk|1
|move|p1a: Ferrothorn|Leech Seed|p2a: Landorus
|-start|p2a: Landorus|move: Leech Seed
|
|-weather|RainDance|[upkeep]
|-heal|p2a: Landorus|52/100 tox|[from] item: Leftovers
|-heal|p1a: Ferrothorn|43/100 brn|[from] item: Leftovers
|-damage|p2a: Landorus|40/100 tox|[from] Leech Seed|[of] p1a: Ferrothorn
|-heal|p1a: Ferrothorn|54/100 brn|[silent]
|-damage|p2a: Landorus|34/100 tox|[from] psn
|-damage|p1a: Ferrothorn|42/100 brn|[from] brn
|upkeep
|turn|28
|c|☆HydreigonSpammer|sto pirla di merda
|c|☆HydreigonSpammer|che va avanti ad hax e stall
|
|t:|1735327623
|move|p1a: Ferrothorn|Protect|p1a: Ferrothorn
|-singleturn|p1a: Ferrothorn|Protect
|move|p2a: Landorus|Earthquake|p1a: Ferrothorn
|-activate|p1a: Ferrothorn|move: Protect
|
|-weather|RainDance|[upkeep]
|-heal|p2a: Landorus|40/100 tox|[from] item: Leftovers
|-heal|p1a: Ferrothorn|48/100 brn|[from] item: Leftovers
|-damage|p2a: Landorus|27/100 tox|[from] Leech Seed|[of] p1a: Ferrothorn
|-heal|p1a: Ferrothorn|59/100 brn|[silent]
|-damage|p2a: Landorus|16/100 tox|[from] psn
|-damage|p1a: Ferrothorn|47/100 brn|[from] brn
|upkeep
|turn|29
|
|t:|1735327630
|move|p2a: Landorus|Earthquake|p1a: Ferrothorn
|-damage|p1a: Ferrothorn|16/100 brn
|move|p1a: Ferrothorn|Leech Seed||[still]
|-fail|p1a: Ferrothorn
|
|-weather|RainDance|[upkeep]
|-heal|p2a: Landorus|22/100 tox|[from] item: Leftovers
|-heal|p1a: Ferrothorn|23/100 brn|[from] item: Leftovers
|-damage|p2a: Landorus|9/100 tox|[from] Leech Seed|[of] p1a: Ferrothorn
|-heal|p1a: Ferrothorn|34/100 brn|[silent]
|-damage|p2a: Landorus|0 fnt|[from] psn
|faint|p2a: Landorus
|-damage|p1a: Ferrothorn|21/100 brn|[from] brn
|upkeep
|
|t:|1735327639
|switch|p2a: Jellicent|Jellicent, M|63/100 tox
|-damage|p2a: Jellicent|51/100 tox|[from] Stealth Rock
|turn|30
|c| GermanoMosconiKing|sempre stall, sempre hax
|
|t:|1735327645
|move|p2a: Jellicent|Night Shade|p1a: Ferrothorn
|-damage|p1a: Ferrothorn|0 fnt
|faint|p1a: Ferrothorn
|
|-weather|RainDance|[upkeep]
|-heal|p2a: Jellicent|57/100 tox|[from] item: Leftovers
|-damage|p2a: Jellicent|51/100 tox|[from] psn
|upkeep
|c| GermanoMosconiKing|non si possono fare ste partite
|
|t:|1735327648
|switch|p1a: Thundurus|Thundurus-Therian, M|100/100
|-damage|p1a: Thundurus|76/100|[from] Stealth Rock
|turn|31
|c|☆HydreigonSpammer|che poi si credono pure forti a iocà così
|
|t:|1735327658
|move|p1a: Thundurus|Thunder|p2a: Jellicent
|-supereffective|p2a: Jellicent
|-damage|p2a: Jellicent|0 fnt
|faint|p2a: Jellicent
|
|-weather|RainDance|[upkeep]
|upkeep
|c| GermanoMosconiKing|si può essere degli imbecilli così
|
|t:|1735327667
|switch|p2a: Salamence|Salamence, M|76/100
|-damage|p2a: Salamence|51/100|[from] Stealth Rock
|turn|32
|
|t:|1735327674
|move|p2a: Salamence|Outrage|p1a: Thundurus
|-damage|p1a: Thundurus|0 fnt
|faint|p1a: Thundurus
|-ability|p2a: Salamence|Moxie|boost
|-boost|p2a: Salamence|atk|1
|
|-weather|RainDance|[upkeep]
|upkeep
|
|t:|1735327679
|switch|p1a: Scizor|Scizor, M|100/100
|-damage|p1a: Scizor|76/100|[from] Spikes
|-damage|p1a: Scizor|63/100|[from] Stealth Rock
|turn|33
|
|t:|1735327682
|move|p2a: Salamence|Outrage|p1a: Scizor|[from]lockedmove
|-resisted|p1a: Scizor
|-damage|p1a: Scizor|7/100
|-start|p2a: Salamence|confusion|[fatigue]
|move|p1a: Scizor|Swords Dance|p1a: Scizor
|-boost|p1a: Scizor|atk|2
|
|-weather|RainDance|[upkeep]
|upkeep
|turn|34
|
|t:|1735327685
|move|p1a: Scizor|Bullet Punch|p2a: Salamence
|-damage|p2a: Salamence|0 fnt
|faint|p2a: Salamence
|
|-weather|RainDance|[upkeep]
|upkeep
|
|t:|1735327688
|switch|p2a: Latios|Latios, M|100/100
|-damage|p2a: Latios|88/100|[from] Stealth Rock
|turn|35
|c| GermanoMosconiKing|bisogna essere degli stronzi però
|
|t:|1735327695
|move|p1a: Scizor|Bullet Punch|p2a: Latios
|-crit|p2a: Latios
|-damage|p2a: Latios|0 fnt
|faint|p2a: Latios
|
|win|DiputadesIndecises
|raw|DiputadesIndecises's rating: 1485 &rarr; <strong>1496</strong><br />(+11 for winning)
|raw|HydreigonSpammer's rating: 1318 &rarr; <strong>1307</strong><br />(-11 for losing)
|l|☆HydreigonSpammer
|player|p2|
|l|☆DiputadesIndecises
|player|p1|
|c| GermanoMosconiKing|dio cane
