|j|☆Blossummm
|j|☆Primary Trout
|t:|1715656628
|gametype|singles
|player|p1|Blossummm|roxie|1359
|player|p2|Primary Trout|koga|1406
|teamsize|p1|6
|teamsize|p2|6
|gen|5
|tier|[Gen 5] OU
|rated|
|rule|Species Clause: Limit one of each Pokémon
|rule|OHKO Clause: OHKO moves are banned
|rule|Moody Clause: Moody is banned
|rule|Evasion Items Clause: Evasion items are banned
|rule|Evasion Moves Clause: Evasion moves are banned
|rule|Endless Battle Clause: Forcing endless battles is banned
|rule|HP Percentage Mod: HP is shown in percentages
|rule|Evasion Abilities Clause: Evasion abilities are banned
|rule|Sleep Moves Clause: Sleep-inducing moves are banned
|rule|Swagger Clause: Swagger is banned
|rule|Baton Pass Stat Clause: No Baton Passer may have a way to boost its stats
|clearpoke
|poke|p1|Thundurus-Therian, M|item
|poke|p1|Politoed, F|item
|poke|p1|Ferrothorn, F|item
|poke|p1|Keldeo|item
|poke|p1|Latios, M|item
|poke|p1|Tentacruel, F|item
|poke|p2|Jirachi|item
|poke|p2|Salamence, F|item
|poke|p2|Landorus-Therian, M|item
|poke|p2|Scizor, M|item
|poke|p2|Kyurem-Black|item
|poke|p2|Starmie|item
|teampreview
|inactive|Battle timer is ON: inactive players will automatically lose when time's up. (requested by Primary Trout)
|
|t:|1715656656
|start
|switch|p1a: Politoed|Politoed, F|100/100
|switch|p2a: Scizor|Scizor, M|100/100
|-weather|RainDance|[from] ability: Drizzle|[of] p1a: Politoed
|turn|1
|
|t:|1715656672
|switch|p2a: Starmie|Starmie|100/100
|move|p1a: Politoed|Scald|p2a: Starmie
|-resisted|p2a: Starmie
|-damage|p2a: Starmie|76/100
|
|-weather|RainDance|[upkeep]
|-heal|p2a: Starmie|83/100|[from] item: Leftovers
|upkeep
|turn|2
|
|t:|1715656678
|switch|p1a: Thundurus|Thundurus-Therian, M|100/100
|move|p2a: Starmie|Scald|p1a: Thundurus
|-damage|p1a: Thundurus|51/100
|-status|p1a: Thundurus|brn
|
|-weather|RainDance|[upkeep]
|-heal|p2a: Starmie|89/100|[from] item: Leftovers
|-heal|p1a: Thundurus|57/100 brn|[from] item: Leftovers
|-damage|p1a: Thundurus|45/100 brn|[from] brn
|upkeep
|turn|3
|
|t:|1715656694
|move|p2a: Starmie|Scald|p1a: Thundurus
|-damage|p1a: Thundurus|0 fnt
|faint|p1a: Thundurus
|
|-weather|RainDance|[upkeep]
|-heal|p2a: Starmie|95/100|[from] item: Leftovers
|upkeep
|j| sk8head
|c| sk8head|thundy sack when u got starmie
|inactive|Blossummm has 120 seconds left.
|c| sk8head|strange
|c| sk8head|*ferrothorn
|c|☆Blossummm|idk what the fuck im doing
|
|t:|1715656739
|switch|p1a: Ferrothorn|Ferrothorn, F|100/100
|turn|4
|
|t:|1715656744
|switch|p2a: Scizor|Scizor, M|100/100
|move|p1a: Ferrothorn|Power Whip|p2a: Scizor|[miss]
|-miss|p1a: Ferrothorn|p2a: Scizor
|
|-weather|RainDance|[upkeep]
|upkeep
|turn|5
|c| sk8head|just play safe w rain until ur in a winning spot
|c| sk8head|ik ur a good play
|c| sk8head|*player
|c| sk8head|jus be patient
|j| chomp29
|inactive|Blossummm has 90 seconds left.
|c|☆Primary Trout|id appreciate not being coached against but
|c|☆Primary Trout|yeah rain is just
|
|t:|1715656773
|switch|p1a: Keldeo|Keldeo|100/100
|move|p2a: Scizor|Swords Dance|p2a: Scizor
|-boost|p2a: Scizor|atk|2
|
|-weather|RainDance|[upkeep]
|upkeep
|turn|6
|c|☆Primary Trout|simple
|
|t:|1715656782
|switch|p2a: Starmie|Starmie|95/100
|move|p1a: Keldeo|Hydro Pump|p2a: Starmie
|-resisted|p2a: Starmie
|-damage|p2a: Starmie|13/100
|
|-weather|RainDance|[upkeep]
|-heal|p2a: Starmie|19/100|[from] item: Leftovers
|upkeep
|turn|7
|
|t:|1715656784
|move|p2a: Starmie|Recover|p2a: Starmie
|-heal|p2a: Starmie|69/100
|move|p1a: Keldeo|Hydro Pump|p2a: Starmie
|-resisted|p2a: Starmie
|-damage|p2a: Starmie|0 fnt
|faint|p2a: Starmie
|
|-weather|RainDance|[upkeep]
|upkeep
|c| sk8head|also nice team primary trout
|c|☆Primary Trout|its not mine
|c| sk8head|i really love structures like that
|
|t:|1715656795
|switch|p2a: Salamence|Salamence, F|100/100
|-ability|p2a: Salamence|Intimidate|boost
|-unboost|p1a: Keldeo|atk|1
|turn|8
|
|t:|1715656799
|move|p1a: Keldeo|Hydro Pump|p2a: Salamence
|-resisted|p2a: Salamence
|-damage|p2a: Salamence|19/100
|move|p2a: Salamence|Draco Meteor|p1a: Keldeo
|-crit|p1a: Keldeo
|-damage|p1a: Keldeo|0 fnt
|-unboost|p2a: Salamence|spa|2
|faint|p1a: Keldeo
|
|-weather|RainDance|[upkeep]
|upkeep
|c| sk8head|whos is it
|c|☆Primary Trout|CTC
|inactive|Blossummm has 120 seconds left.
|c| sk8head|from when
|c|☆Primary Trout|2013
|c| sk8head|LMAO
|c|☆Primary Trout|LOOOL
|c| sk8head|NOT THE 2013 SPL FINALS
|
|t:|1715656823
|switch|p1a: Latios|Latios, M|100/100
|turn|9
|
|t:|1715656830
|switch|p2a: Jirachi|Jirachi|100/100
|move|p1a: Latios|Surf|p2a: Jirachi
|-damage|p2a: Jirachi|62/100
|
|-weather|RainDance|[upkeep]
|-heal|p2a: Jirachi|68/100|[from] item: Leftovers
|upkeep
|turn|10
|l| sk8head
|
|t:|1715656836
|move|p1a: Latios|Surf|p2a: Jirachi
|-crit|p2a: Jirachi
|-damage|p2a: Jirachi|0 fnt
|faint|p2a: Jirachi
|
|-weather|RainDance|[upkeep]
|upkeep
|l| chomp29
|
|t:|1715656844
|switch|p2a: Scizor|Scizor, M|100/100
|turn|11
|
|t:|1715656847
|move|p1a: Latios|Surf|p2a: Scizor
|-damage|p2a: Scizor|38/100
|move|p2a: Scizor|U-turn|p1a: Latios
|-supereffective|p1a: Latios
|-damage|p1a: Latios|0 fnt
|faint|p1a: Latios
|
|t:|1715656851
|switch|p2a: Kyurem|Kyurem-Black|100/100|[from] U-turn
|-ability|p2a: Kyurem|Teravolt
|
|-weather|RainDance|[upkeep]
|upkeep
|
|t:|1715656854
|switch|p1a: Ferrothorn|Ferrothorn, F|100/100
|turn|12
|
|t:|1715656859
|switch|p2a: Landorus|Landorus-Therian, M|100/100
|-ability|p2a: Landorus|Intimidate|boost
|-unboost|p1a: Ferrothorn|atk|1
|move|p1a: Ferrothorn|Stealth Rock|p2a: Landorus
|-sidestart|p2: Primary Trout|move: Stealth Rock
|
|-weather|RainDance|[upkeep]
|upkeep
|turn|13
|
|t:|1715656873
|move|p2a: Landorus|Earthquake|p1a: Ferrothorn
|-damage|p1a: Ferrothorn|67/100
|move|p1a: Ferrothorn|Power Whip|p2a: Landorus
|-damage|p2a: Landorus|81/100
|
|-weather|RainDance|[upkeep]
|-heal|p2a: Landorus|87/100|[from] item: Leftovers
|-heal|p1a: Ferrothorn|73/100|[from] item: Leftovers
|upkeep
|turn|14
|
|t:|1715656876
|move|p2a: Landorus|Earthquake|p1a: Ferrothorn
|-damage|p1a: Ferrothorn|41/100
|move|p1a: Ferrothorn|Gyro Ball|p2a: Landorus
|-damage|p2a: Landorus|63/100
|
|-weather|RainDance|[upkeep]
|-heal|p2a: Landorus|69/100|[from] item: Leftovers
|-heal|p1a: Ferrothorn|48/100|[from] item: Leftovers
|upkeep
|turn|15
|
|t:|1715656882
|move|p2a: Landorus|Stealth Rock|p1a: Ferrothorn
|-sidestart|p1: Blossummm|move: Stealth Rock
|move|p1a: Ferrothorn|Gyro Ball|p2a: Landorus
|-damage|p2a: Landorus|42/100
|
|-weather|RainDance|[upkeep]
|-heal|p2a: Landorus|48/100|[from] item: Leftovers
|-heal|p1a: Ferrothorn|54/100|[from] item: Leftovers
|upkeep
|turn|16
|
|t:|1715656885
|move|p2a: Landorus|Earthquake|p1a: Ferrothorn
|-damage|p1a: Ferrothorn|21/100
|move|p1a: Ferrothorn|Gyro Ball|p2a: Landorus
|-damage|p2a: Landorus|22/100
|
|-weather|RainDance|[upkeep]
|-heal|p2a: Landorus|28/100|[from] item: Leftovers
|-heal|p1a: Ferrothorn|27/100|[from] item: Leftovers
|upkeep
|turn|17
|
|t:|1715656887
|move|p2a: Landorus|Earthquake|p1a: Ferrothorn
|-damage|p1a: Ferrothorn|0 fnt
|faint|p1a: Ferrothorn
|
|-weather|RainDance|[upkeep]
|-heal|p2a: Landorus|34/100|[from] item: Leftovers
|upkeep
|
|t:|1715656890
|switch|p1a: Tentacruel|Tentacruel, F|100/100
|-damage|p1a: Tentacruel|88/100|[from] Stealth Rock
|turn|18
|
|t:|1715656895
|move|p1a: Tentacruel|Scald|p2a: Landorus
|-supereffective|p2a: Landorus
|-damage|p2a: Landorus|0 fnt
|faint|p2a: Landorus
|
|-weather|RainDance|[upkeep]
|-heal|p1a: Tentacruel|94/100|[from] ability: Rain Dish
|-heal|p1a: Tentacruel|99/100|[from] item: Black Sludge
|upkeep
|
|t:|1715656898
|switch|p2a: Kyurem|Kyurem-Black|100/100
|-damage|p2a: Kyurem|76/100|[from] Stealth Rock
|-ability|p2a: Kyurem|Teravolt
|turn|19
|
|t:|1715656906
|move|p2a: Kyurem|Fusion Bolt|p1a: Tentacruel
|-supereffective|p1a: Tentacruel
|-damage|p1a: Tentacruel|0 fnt
|faint|p1a: Tentacruel
|
|-weather|RainDance|[upkeep]
|upkeep
|c|☆Primary Trout|gg
|
|t:|1715656910
|switch|p1a: Politoed|Politoed, F|100/100
|-damage|p1a: Politoed|88/100|[from] Stealth Rock
|turn|20
|
|t:|1715656917
|move|p2a: Kyurem|Fusion Bolt|p1a: Politoed
|-supereffective|p1a: Politoed
|-damage|p1a: Politoed|18/100
|move|p1a: Politoed|Scald|p2a: Kyurem
|-resisted|p2a: Kyurem
|-damage|p2a: Kyurem|57/100
|
|-weather|RainDance|[upkeep]
|-heal|p1a: Politoed|24/100|[from] item: Leftovers
|upkeep
|turn|21
|
|t:|1715656921
|move|p1a: Politoed|Protect|p1a: Politoed
|-singleturn|p1a: Politoed|Protect
|move|p2a: Kyurem|Fusion Bolt|p1a: Politoed
|-activate|p1a: Politoed|move: Protect
|
|-weather|RainDance|[upkeep]
|-heal|p1a: Politoed|31/100|[from] item: Leftovers
|upkeep
|turn|22
|
|t:|1715656923
|move|p1a: Politoed|Protect|p1a: Politoed
|-singleturn|p1a: Politoed|Protect
|move|p2a: Kyurem|Fusion Bolt|p1a: Politoed
|-activate|p1a: Politoed|move: Protect
|
|-weather|RainDance|[upkeep]
|-heal|p1a: Politoed|37/100|[from] item: Leftovers
|upkeep
|turn|23
|
|t:|1715656926
|move|p1a: Politoed|Protect||[still]
|-fail|p1a: Politoed
|move|p2a: Kyurem|Fusion Bolt|p1a: Politoed
|-supereffective|p1a: Politoed
|-damage|p1a: Politoed|0 fnt
|faint|p1a: Politoed
|
|win|Primary Trout
|raw|Blossummm's rating: 1359 &rarr; <strong>1342</strong><br />(-17 for losing)
|raw|Primary Trout's rating: 1406 &rarr; <strong>1423</strong><br />(+17 for winning)
|l|☆Blossummm
|player|p1|
