|j|☆RedLatiosss
|j|☆leleenabbo
|t:|1598708327
|player|p1|RedLatiosss|iris|1322
|player|p2|leleenabbo|hiker-gen2|1451
|teamsize|p1|6
|teamsize|p2|6
|gametype|singles
|gen|5
|tier|[Gen 5] OU
|rated|
|clearpoke
|poke|p1|Magnezone|item
|poke|p1|Garchomp, F|item
|poke|p1|Latios, M|item
|poke|p1|Kyurem-Black|item
|poke|p1|Heatran, M|item
|poke|p1|Ferrothorn, M|item
|poke|p2|Mamoswine, M|item
|poke|p2|Magnezone|item
|poke|p2|Kyurem-Black|item
|poke|p2|Latios, M|item
|poke|p2|Scizor, M|item
|poke|p2|Dragonite, M|item
|rule|Species Clause: Limit one of each Pokémon
|rule|OHKO Clause: OHKO moves are banned
|rule|Moody Clause: Moody is banned
|rule|Evasion Moves Clause: Evasion moves are banned
|rule|Endless Battle Clause: Forcing endless battles is banned
|rule|HP Percentage Mod: HP is shown in percentages
|rule|Evasion Abilities Clause: Evasion abilities are banned
|rule|Baton Pass Clause: Limit one Baton Passer, can't pass Spe and other stats simultaneously
|rule|Sleep Clause: Sleep-inducing moves are banned
|rule|Swagger Clause: Swagger is banned
|teampreview
|inactive|Battle timer is ON: inactive players will automatically lose when time's up. (requested by RedLatiosss)
|
|t:|1598708338
|start
|switch|p1a: Magnezone|Magnezone, shiny|100/100
|switch|p2a: RADIO ITALIANA|Kyurem-Black, shiny|100/100
|-ability|p2a: RADIO ITALIANA|Teravolt
|turn|1
|
|t:|1598708352
|switch|p2a: MAMMO|Mamoswine, M|100/100
|switch|p1a: Ferrothorn|Ferrothorn, M|100/100
|
|upkeep
|turn|2
|
|t:|1598708358
|move|p2a: MAMMO|Earthquake|p1a: Ferrothorn
|-damage|p1a: Ferrothorn|62/100
|move|p1a: Ferrothorn|Power Whip|p2a: MAMMO|[miss]
|-miss|p1a: Ferrothorn|p2a: MAMMO
|
|-heal|p1a: Ferrothorn|68/100|[from] item: Leftovers
|upkeep
|turn|3
|
|t:|1598708363
|switch|p2a: +idraggedu-|Magnezone, shiny|100/100
|move|p1a: Ferrothorn|Protect||[still]
|-fail|p1a: Ferrothorn
|
|-heal|p1a: Ferrothorn|75/100|[from] item: Leftovers
|upkeep
|turn|4
|
|t:|1598708366
|move|p2a: +idraggedu-|Hidden Power|p1a: Ferrothorn
|-supereffective|p1a: Ferrothorn
|-damage|p1a: Ferrothorn|0 fnt
|faint|p1a: Ferrothorn
|
|upkeep
|
|t:|1598708369
|switch|p1a: Magnezone|Magnezone, shiny|100/100
|turn|5
|
|t:|1598708372
|move|p2a: +idraggedu-|Hidden Power|p1a: Magnezone
|-supereffective|p1a: Magnezone
|-damage|p1a: Magnezone|24/100
|move|p1a: Magnezone|Hidden Power|p2a: +idraggedu-
|-supereffective|p2a: +idraggedu-
|-damage|p2a: +idraggedu-|31/100
|
|-heal|p1a: Magnezone|30/100|[from] item: Leftovers
|upkeep
|turn|6
|
|t:|1598708377
|move|p2a: +idraggedu-|Hidden Power|p1a: Magnezone
|-supereffective|p1a: Magnezone
|-damage|p1a: Magnezone|0 fnt
|faint|p1a: Magnezone
|
|upkeep
|
|t:|1598708382
|switch|p1a: Heatran|Heatran, M|100/100
|turn|7
|
|t:|1598708392
|switch|p2a: TRIANGOLO|Latios, M|100/100
|move|p1a: Heatran|Magma Storm|p2a: TRIANGOLO
|-resisted|p2a: TRIANGOLO
|-damage|p2a: TRIANGOLO|66/100
|-activate|p2a: TRIANGOLO|move: Magma Storm|[of] p1a: Heatran
|
|-damage|p2a: TRIANGOLO|60/100|[from] move: Magma Storm|[partiallytrapped]
|upkeep
|turn|8
|
|t:|1598708396
|move|p2a: TRIANGOLO|Surf|p1a: Heatran
|-supereffective|p1a: Heatran
|-crit|p1a: Heatran
|-damage|p1a: Heatran|0 fnt
|faint|p1a: Heatran
|
|upkeep
|
|t:|1598708401
|switch|p1a: Latios|Latios, M|100/100
|turn|9
|
|t:|1598708403
|switch|p2a: +idraggedu-|Magnezone, shiny|31/100
|move|p1a: Latios|Dragon Pulse|p2a: +idraggedu-
|-resisted|p2a: +idraggedu-
|-crit|p2a: +idraggedu-
|-damage|p2a: +idraggedu-|0 fnt
|faint|p2a: +idraggedu-
|
|upkeep
|
|t:|1598708410
|switch|p2a: I CAN FLY I SWEAR|Scizor, M, shiny|100/100
|turn|10
|
|t:|1598708412
|move|p2a: I CAN FLY I SWEAR|Bullet Punch|p1a: Latios
|-damage|p1a: Latios|35/100
|move|p1a: Latios|Dragon Pulse|p2a: I CAN FLY I SWEAR
|-resisted|p2a: I CAN FLY I SWEAR
|-damage|p2a: I CAN FLY I SWEAR|71/100
|
|upkeep
|turn|11
|c|☆leleenabbo|gg
|
|t:|1598708421
|move|p2a: I CAN FLY I SWEAR|Bullet Punch|p1a: Latios
|-damage|p1a: Latios|0 fnt
|faint|p1a: Latios
|
|upkeep
|c|☆RedLatiosss|gg
|
|t:|1598708428
|switch|p1a: Garchomp|Garchomp, F|100/100
|turn|12
|
|t:|1598708431
|move|p2a: I CAN FLY I SWEAR|Bullet Punch|p1a: Garchomp
|-damage|p1a: Garchomp|46/100
|-damage|p2a: I CAN FLY I SWEAR|59/100|[from] ability: Rough Skin|[of] p1a: Garchomp
|move|p1a: Garchomp|Outrage|p2a: I CAN FLY I SWEAR
|-resisted|p2a: I CAN FLY I SWEAR
|-damage|p2a: I CAN FLY I SWEAR|27/100
|
|upkeep
|turn|13
|
|t:|1598708433
|move|p2a: I CAN FLY I SWEAR|Bullet Punch|p1a: Garchomp
|-damage|p1a: Garchomp|0 fnt
|-damage|p2a: I CAN FLY I SWEAR|15/100|[from] ability: Rough Skin|[of] p1a: Garchomp
|faint|p1a: Garchomp
|
|upkeep
|
|t:|1598708437
|switch|p1a: Kyurem|Kyurem-Black, shiny|100/100
|-ability|p1a: Kyurem|Teravolt
|turn|14
|
|t:|1598708439
|move|p2a: I CAN FLY I SWEAR|Bullet Punch|p1a: Kyurem
|-supereffective|p1a: Kyurem
|-damage|p1a: Kyurem|7/100
|move|p1a: Kyurem|Outrage|p2a: I CAN FLY I SWEAR
|-resisted|p2a: I CAN FLY I SWEAR
|-damage|p2a: I CAN FLY I SWEAR|0 fnt
|faint|p2a: I CAN FLY I SWEAR
|
|upkeep
|
|t:|1598708442
|switch|p2a: MAMMO|Mamoswine, M|100/100
|turn|15
|
|t:|1598708445
|move|p2a: MAMMO|Ice Shard|p1a: Kyurem
|-damage|p1a: Kyurem|0 fnt
|faint|p1a: Kyurem
|
|win|leleenabbo
|l|☆RedLatiosss
|raw|RedLatiosss's rating: 1322 &rarr; <strong>1309</strong><br />(-13 for losing)
|raw|leleenabbo's rating: 1451 &rarr; <strong>1464</strong><br />(+13 for winning)
