|uhtml|medal-msg|<div class="broadcast-blue">Curious what those medals under the avatar are? PS now has Ladder Seasons! For more information, check out the <a href="https://www.smogon.com/forums/threads/3740067/">thread on Smogon.</a></div>
|uhtml|medal-msg|<div class="broadcast-blue">Curious what those medals under the avatar are? PS now has Ladder Seasons! For more information, check out the <a href="https://www.smogon.com/forums/threads/3740067/">thread on Smogon.</a></div>
|j|☆BLJ Mario
|j|☆BeRoy
|t:|1712772897
|gametype|singles
|player|p1|BLJ Mario|silver-gen2kanto|1331
|player|p2|BeRoy|rancher|1471
|teamsize|p1|6
|teamsize|p2|6
|gen|5
|tier|[Gen 5] OU
|rated|
|rule|Species Clause: Limit one of each Pokémon
|rule|OHKO Clause: OHKO moves are banned
|rule|Moody Clause: Moody is banned
|rule|Evasion Items Clause: Evasion items are banned
|rule|Evasion Moves Clause: Evasion moves are banned
|rule|Endless Battle Clause: Forcing endless battles is banned
|rule|HP Percentage Mod: HP is shown in percentages
|rule|Evasion Abilities Clause: Evasion abilities are banned
|rule|Sleep Moves Clause: Sleep-inducing moves are banned
|rule|Swagger Clause: Swagger is banned
|rule|Baton Pass Stat Clause: No Baton Passer may have a way to boost its stats
|clearpoke
|poke|p1|Cloyster, M|item
|poke|p1|Garchomp, M|item
|poke|p1|Starmie|item
|poke|p1|Scizor, M|item
|poke|p1|Breloom, F|item
|poke|p1|Latios, M|item
|poke|p2|Hippowdon, F|item
|poke|p2|Ferrothorn, M|item
|poke|p2|Magnezone|item
|poke|p2|Latios, M|item
|poke|p2|Excadrill, M|item
|poke|p2|Reuniclus, F|item
|teampreview
|inactive|Battle timer is ON: inactive players will automatically lose when time's up. (requested by BeRoy)
|c|☆BLJ Mario|hi
|c|☆BeRoy|sup bro
|c|☆BeRoy|hf
|c|☆BLJ Mario|you too
|inactive|BeRoy has 120 seconds left.
|c|☆BeRoy|ty
|
|t:|1712772939
|start
|switch|p1a: The Saga Begins|Garchomp, M|100/100
|switch|p2a: Ferrothorn|Ferrothorn, M|100/100
|turn|1
|
|t:|1712772944
|move|p1a: The Saga Begins|Stealth Rock|p2a: Ferrothorn
|-sidestart|p2: BeRoy|move: Stealth Rock
|move|p2a: Ferrothorn|Leech Seed|p1a: The Saga Begins
|-start|p1a: The Saga Begins|move: Leech Seed
|
|-damage|p1a: The Saga Begins|88/100|[from] Leech Seed|[of] p2a: Ferrothorn
|upkeep
|turn|2
|
|t:|1712772948
|move|p1a: The Saga Begins|Swords Dance|p1a: The Saga Begins
|-boost|p1a: The Saga Begins|atk|2
|move|p2a: Ferrothorn|Spikes|p1a: The Saga Begins
|-sidestart|p1: BLJ Mario|Spikes
|
|-damage|p1a: The Saga Begins|76/100|[from] Leech Seed|[of] p2a: Ferrothorn
|upkeep
|turn|3
|
|t:|1712772955
|move|p1a: The Saga Begins|Swords Dance|p1a: The Saga Begins
|-boost|p1a: The Saga Begins|atk|2
|move|p2a: Ferrothorn|Power Whip|p1a: The Saga Begins
|-damage|p1a: The Saga Begins|39/100
|-damage|p2a: Ferrothorn|88/100|[from] ability: Rough Skin|[of] p1a: The Saga Begins
|
|-heal|p2a: Ferrothorn|94/100|[from] item: Leftovers
|-damage|p1a: The Saga Begins|27/100|[from] Leech Seed|[of] p2a: Ferrothorn
|-heal|p2a: Ferrothorn|100/100|[silent]
|upkeep
|turn|4
|
|t:|1712772975
|switch|p2a: Latios|Latios, M|100/100
|-damage|p2a: Latios|88/100|[from] Stealth Rock
|move|p1a: The Saga Begins|Outrage|p2a: Latios
|-supereffective|p2a: Latios
|-damage|p2a: Latios|0 fnt
|faint|p2a: Latios
|
|upkeep
|
|t:|1712772983
|switch|p2a: Excadrill|Excadrill, M|100/100
|-damage|p2a: Excadrill|97/100|[from] Stealth Rock
|turn|5
|
|t:|1712772990
|move|p2a: Excadrill|Earthquake|p1a: The Saga Begins
|-damage|p1a: The Saga Begins|0 fnt
|faint|p1a: The Saga Begins
|
|upkeep
|
|t:|1712773001
|switch|p1a: eBay|Latios, M|100/100
|turn|6
|
|t:|1712773013
|switch|p2a: Ferrothorn|Ferrothorn, M|100/100
|-damage|p2a: Ferrothorn|94/100|[from] Stealth Rock
|move|p1a: eBay|Hidden Power|p2a: Ferrothorn
|-supereffective|p2a: Ferrothorn
|-damage|p2a: Ferrothorn|0 fnt
|faint|p2a: Ferrothorn
|
|upkeep
|
|t:|1712773026
|switch|p2a: Excadrill|Excadrill, M|97/100
|-damage|p2a: Excadrill|94/100|[from] Stealth Rock
|turn|7
|
|t:|1712773031
|move|p2a: Excadrill|Rapid Spin|p1a: eBay
|-damage|p1a: eBay|90/100
|-sideend|p2: BeRoy|Stealth Rock|[from] move: Rapid Spin|[of] p2a: Excadrill
|move|p1a: eBay|Hidden Power|p2a: Excadrill
|-supereffective|p2a: Excadrill
|-damage|p2a: Excadrill|0 fnt
|faint|p2a: Excadrill
|
|upkeep
|
|t:|1712773035
|switch|p2a: Hippowdon|Hippowdon, F|100/100
|-weather|Sandstorm|[from] ability: Sand Stream|[of] p2a: Hippowdon
|turn|8
|
|t:|1712773046
|switch|p1a: Yoda|Breloom, F|100/100
|-damage|p1a: Yoda|88/100|[from] Spikes
|move|p2a: Hippowdon|Whirlwind|p1a: Yoda
|drag|p1a: eBay|Latios, M|90/100
|
|-weather|Sandstorm|[upkeep]
|-damage|p1a: eBay|84/100|[from] Sandstorm
|upkeep
|turn|9
|
|t:|1712773067
|switch|p2a: Magnezone|Magnezone|100/100
|-item|p2a: Magnezone|Air Balloon
|move|p1a: eBay|Surf|p2a: Magnezone
|-damage|p2a: Magnezone|39/100
|-enditem|p2a: Magnezone|Air Balloon
|
|-weather|Sandstorm|[upkeep]
|-damage|p1a: eBay|78/100|[from] Sandstorm
|upkeep
|turn|10
|
|t:|1712773075
|move|p1a: eBay|Surf|p2a: Magnezone
|-damage|p2a: Magnezone|0 fnt
|faint|p2a: Magnezone
|
|-weather|Sandstorm|[upkeep]
|-damage|p1a: eBay|72/100|[from] Sandstorm
|upkeep
|
|t:|1712773076
|switch|p2a: Reuniclus|Reuniclus, F|100/100
|turn|11
|
|t:|1712773105
|switch|p1a: Yoda|Breloom, F|88/100
|-damage|p1a: Yoda|76/100|[from] Spikes
|move|p2a: Reuniclus|Thunder|p1a: Yoda|[miss]
|-miss|p2a: Reuniclus|p1a: Yoda
|
|-weather|Sandstorm|[upkeep]
|-damage|p1a: Yoda|70/100|[from] Sandstorm
|upkeep
|turn|12
|
|t:|1712773111
|move|p1a: Yoda|Bullet Seed|p2a: Reuniclus
|-damage|p2a: Reuniclus|86/100
|-damage|p2a: Reuniclus|71/100
|-damage|p2a: Reuniclus|55/100
|-hitcount|p2a: Reuniclus|3
|move|p2a: Reuniclus|Recover|p2a: Reuniclus
|-heal|p2a: Reuniclus|100/100
|
|-weather|Sandstorm|[upkeep]
|-damage|p1a: Yoda|64/100|[from] Sandstorm
|upkeep
|turn|13
|
|t:|1712773119
|move|p1a: Yoda|Bullet Seed|p2a: Reuniclus
|-damage|p2a: Reuniclus|85/100
|-damage|p2a: Reuniclus|69/100
|-damage|p2a: Reuniclus|53/100
|-hitcount|p2a: Reuniclus|3
|move|p2a: Reuniclus|Thunder|p1a: Yoda
|-resisted|p1a: Yoda
|-damage|p1a: Yoda|31/100
|
|-weather|Sandstorm|[upkeep]
|-damage|p1a: Yoda|25/100|[from] Sandstorm
|-heal|p2a: Reuniclus|59/100|[from] item: Leftovers
|upkeep
|turn|14
|
|t:|1712773130
|move|p1a: Yoda|Bullet Seed|p2a: Reuniclus
|-damage|p2a: Reuniclus|45/100
|-damage|p2a: Reuniclus|29/100
|-hitcount|p2a: Reuniclus|2
|move|p2a: Reuniclus|Recover|p2a: Reuniclus
|-heal|p2a: Reuniclus|79/100
|
|-weather|Sandstorm|[upkeep]
|-damage|p1a: Yoda|19/100|[from] Sandstorm
|-heal|p2a: Reuniclus|85/100|[from] item: Leftovers
|upkeep
|turn|15
|
|t:|1712773137
|move|p1a: Yoda|Bullet Seed|p2a: Reuniclus
|-damage|p2a: Reuniclus|68/100
|-damage|p2a: Reuniclus|53/100
|-damage|p2a: Reuniclus|39/100
|-hitcount|p2a: Reuniclus|3
|move|p2a: Reuniclus|Recover|p2a: Reuniclus
|-heal|p2a: Reuniclus|89/100
|
|-weather|Sandstorm|[upkeep]
|-damage|p1a: Yoda|12/100|[from] Sandstorm
|-heal|p2a: Reuniclus|95/100|[from] item: Leftovers
|upkeep
|turn|16
|
|t:|1712773141
|move|p1a: Yoda|Swords Dance|p1a: Yoda
|-boost|p1a: Yoda|atk|2
|move|p2a: Reuniclus|Calm Mind|p2a: Reuniclus
|-boost|p2a: Reuniclus|spa|1
|-boost|p2a: Reuniclus|spd|1
|
|-weather|Sandstorm|[upkeep]
|-damage|p1a: Yoda|6/100|[from] Sandstorm
|-heal|p2a: Reuniclus|100/100|[from] item: Leftovers
|upkeep
|turn|17
|
|t:|1712773148
|move|p1a: Yoda|Bullet Seed|p2a: Reuniclus
|-damage|p2a: Reuniclus|71/100
|-damage|p2a: Reuniclus|41/100
|-damage|p2a: Reuniclus|12/100
|-hitcount|p2a: Reuniclus|3
|move|p2a: Reuniclus|Recover|p2a: Reuniclus
|-heal|p2a: Reuniclus|62/100
|
|-weather|Sandstorm|[upkeep]
|-damage|p1a: Yoda|0 fnt|[from] Sandstorm
|faint|p1a: Yoda
|-heal|p2a: Reuniclus|68/100|[from] item: Leftovers
|upkeep
|
|t:|1712773158
|switch|p1a: eBay|Latios, M|72/100
|turn|18
|
|t:|1712773164
|switch|p2a: Hippowdon|Hippowdon, F|100/100
|move|p1a: eBay|Trick|p2a: Hippowdon
|-activate|p1a: eBay|move: Trick|[of] p2a: Hippowdon
|-item|p2a: Hippowdon|Choice Specs|[from] move: Trick
|-item|p1a: eBay|Leftovers|[from] move: Trick
|
|-weather|Sandstorm|[upkeep]
|-damage|p1a: eBay|66/100|[from] Sandstorm
|-heal|p1a: eBay|72/100|[from] item: Leftovers
|upkeep
|turn|19
|
|t:|1712773177
|switch|p1a: Can't Watch This|Starmie|100/100
|-item|p1a: Can't Watch This|Air Balloon
|switch|p2a: Reuniclus|Reuniclus, F|68/100
|
|-weather|Sandstorm|[upkeep]
|-damage|p1a: Can't Watch This|94/100|[from] Sandstorm
|-heal|p2a: Reuniclus|74/100|[from] item: Leftovers
|upkeep
|turn|20
|
|t:|1712773182
|move|p1a: Can't Watch This|Hydro Pump|p2a: Reuniclus
|-damage|p2a: Reuniclus|28/100
|move|p2a: Reuniclus|Recover|p2a: Reuniclus
|-heal|p2a: Reuniclus|78/100
|
|-weather|Sandstorm|[upkeep]
|-damage|p1a: Can't Watch This|88/100|[from] Sandstorm
|-heal|p2a: Reuniclus|84/100|[from] item: Leftovers
|upkeep
|turn|21
|
|t:|1712773190
|move|p1a: Can't Watch This|Hydro Pump|p2a: Reuniclus
|-damage|p2a: Reuniclus|39/100
|move|p2a: Reuniclus|Calm Mind|p2a: Reuniclus
|-boost|p2a: Reuniclus|spa|1
|-boost|p2a: Reuniclus|spd|1
|
|-weather|Sandstorm|[upkeep]
|-damage|p1a: Can't Watch This|82/100|[from] Sandstorm
|-heal|p2a: Reuniclus|45/100|[from] item: Leftovers
|upkeep
|turn|22
|
|t:|1712773200
|move|p1a: Can't Watch This|Hydro Pump|p2a: Reuniclus|[miss]
|-miss|p1a: Can't Watch This|p2a: Reuniclus
|move|p2a: Reuniclus|Recover|p2a: Reuniclus
|-heal|p2a: Reuniclus|95/100
|
|-weather|Sandstorm|[upkeep]
|-damage|p1a: Can't Watch This|76/100|[from] Sandstorm
|-heal|p2a: Reuniclus|100/100|[from] item: Leftovers
|upkeep
|turn|23
|c|☆BLJ Mario|I could choke this so hard
|c|☆BeRoy|y
|
|t:|1712773211
|switch|p1a: Amish Paradise|Cloyster, M, shiny|100/100
|-damage|p1a: Amish Paradise|88/100|[from] Spikes
|move|p2a: Reuniclus|Calm Mind|p2a: Reuniclus
|-boost|p2a: Reuniclus|spa|1
|-boost|p2a: Reuniclus|spd|1
|
|-weather|Sandstorm|[upkeep]
|-damage|p1a: Amish Paradise|82/100|[from] Sandstorm
|upkeep
|turn|24
|
|t:|1712773222
|move|p1a: Amish Paradise|Shell Smash|p1a: Amish Paradise
|-unboost|p1a: Amish Paradise|def|1
|-unboost|p1a: Amish Paradise|spd|1
|-boost|p1a: Amish Paradise|atk|2
|-boost|p1a: Amish Paradise|spa|2
|-boost|p1a: Amish Paradise|spe|2
|move|p2a: Reuniclus|Thunder|p1a: Amish Paradise
|-supereffective|p1a: Amish Paradise
|-crit|p1a: Amish Paradise
|-damage|p1a: Amish Paradise|0 fnt
|faint|p1a: Amish Paradise
|
|-weather|Sandstorm|[upkeep]
|upkeep
|
|t:|1712773230
|switch|p1a: Trigger Happy|Scizor, M, shiny|100/100
|-damage|p1a: Trigger Happy|88/100|[from] Spikes
|turn|25
|
|t:|1712773242
|move|p1a: Trigger Happy|Pursuit|p2a: Reuniclus
|-supereffective|p2a: Reuniclus
|-damage|p2a: Reuniclus|56/100
|-damage|p1a: Trigger Happy|78/100|[from] item: Life Orb
|move|p2a: Reuniclus|Thunder|p1a: Trigger Happy|[miss]
|-miss|p2a: Reuniclus|p1a: Trigger Happy
|
|-weather|Sandstorm|[upkeep]
|-heal|p2a: Reuniclus|63/100|[from] item: Leftovers
|upkeep
|turn|26
|
|t:|1712773256
|move|p1a: Trigger Happy|Pursuit|p2a: Reuniclus
|-supereffective|p2a: Reuniclus
|-damage|p2a: Reuniclus|20/100
|-damage|p1a: Trigger Happy|68/100|[from] item: Life Orb
|move|p2a: Reuniclus|Thunder|p1a: Trigger Happy
|-damage|p1a: Trigger Happy|0 fnt
|faint|p1a: Trigger Happy
|
|-weather|Sandstorm|[upkeep]
|-heal|p2a: Reuniclus|26/100|[from] item: Leftovers
|upkeep
|
|t:|1712773267
|switch|p1a: eBay|Latios, M|72/100
|turn|27
|
|t:|1712773270
|switch|p2a: Hippowdon|Hippowdon, F|100/100
|move|p1a: eBay|Draco Meteor|p2a: Hippowdon
|-damage|p2a: Hippowdon|36/100
|-unboost|p1a: eBay|spa|2
|
|-weather|Sandstorm|[upkeep]
|-damage|p1a: eBay|66/100|[from] Sandstorm
|-heal|p1a: eBay|72/100|[from] item: Leftovers
|upkeep
|turn|28
|
|t:|1712773286
|switch|p2a: Reuniclus|Reuniclus, F|26/100
|move|p1a: eBay|Trick|p2a: Reuniclus
|-activate|p1a: eBay|move: Trick|[of] p2a: Reuniclus
|-item|p2a: Reuniclus|Leftovers|[from] move: Trick
|-item|p1a: eBay|Leftovers|[from] move: Trick
|
|-weather|Sandstorm|[upkeep]
|-damage|p1a: eBay|66/100|[from] Sandstorm
|-heal|p1a: eBay|72/100|[from] item: Leftovers
|-heal|p2a: Reuniclus|33/100|[from] item: Leftovers
|upkeep
|turn|29
|
|t:|1712773293
|move|p1a: eBay|Draco Meteor|p2a: Reuniclus
|-damage|p2a: Reuniclus|0 fnt
|-unboost|p1a: eBay|spa|2
|faint|p2a: Reuniclus
|
|-weather|Sandstorm|[upkeep]
|-damage|p1a: eBay|66/100|[from] Sandstorm
|-heal|p1a: eBay|72/100|[from] item: Leftovers
|upkeep
|
|t:|1712773296
|switch|p2a: Hippowdon|Hippowdon, F|36/100
|turn|30
|c|☆BeRoy|gg
|-message|BeRoy forfeited.
|
|win|BLJ Mario
|raw|BLJ Mario's rating: 1331 &rarr; <strong>1359</strong><br />(+28 for winning)
|raw|BeRoy's rating: 1471 &rarr; <strong>1443</strong><br />(-28 for losing)
|c|☆BLJ Mario|Gg
