|j|☆porrompompom
|j|☆bad big bratt
|player|p1|porrompompom|10
|player|p2|bad big bratt|171
|teamsize|p1|6
|teamsize|p2|6
|gametype|singles
|gen|5
|tier|[Gen 5] OU
|rated|
|rule|Sleep Clause Mod: Limit one foe put to sleep
|rule|Species Clause: Limit one of each Pokémon
|rule|OHKO Clause: OHKO moves are banned
|rule|Moody Clause: Moody is banned
|rule|Evasion Moves Clause: Evasion moves are banned
|rule|Endless Battle Clause: Forcing endless battles is banned
|rule|HP Percentage Mod: HP is shown in percentages
|rule|Evasion Abilities Clause: Evasion abilities are banned
|rule|Baton Pass Clause: Limit one Baton Passer, can't pass Spe and other stats simultaneously
|rule|Swagger Clause: Swagger is banned
|clearpoke
|poke|p1|Ninetales, M|item
|poke|p1|Cresselia, F|item
|poke|p1|Diglett, F|item
|poke|p1|Forretress, M|item
|poke|p1|Chansey, F|item
|poke|p1|Gothitelle, M|item
|poke|p2|Tyranitar, F|item
|poke|p2|Rotom-Wash|item
|poke|p2|Ferrothorn, F|item
|poke|p2|Garchomp, M|item
|poke|p2|Latios, M|item
|poke|p2|Lucario, F|item
|teampreview
|inactive|Battle timer is ON: inactive players will automatically lose when time's up. (requested by bad big bratt)
|c|☆bad big bratt|gotta bring out that cteam when your virginity screams too loud, right
|inactive|porrompompom has 120 seconds left.
|inactive|porrompompom has 90 seconds left.
|c|☆porrompompom|:´(
|inactive|porrompompom has 60 seconds left.
|
|start
|switch|p1a: Chansey|Chansey, F|100/100
|switch|p2a: Garchomp|Garchomp, M|100/100
|turn|1
|
|switch|p1a: Cresselia|Cresselia, F|100/100
|move|p2a: Garchomp|Stealth Rock|p1a: Cresselia
|-sidestart|p1: porrompompom|move: Stealth Rock
|
|upkeep
|turn|2
|inactive|porrompompom has 120 seconds left.
|
|switch|p2a: Tyranitar|Tyranitar, F|100/100
|-weather|Sandstorm|[from] ability: Sand Stream|[of] p2a: Tyranitar
|switch|p1a: Chansey|Chansey, F|100/100
|-damage|p1a: Chansey|88/100|[from] Stealth Rock
|
|-weather|Sandstorm|[upkeep]
|-damage|p1a: Chansey|82/100|[from] Sandstorm
|upkeep
|turn|3
|
|switch|p2a: Rotom|Rotom-Wash|100/100
|switch|p1a: Forretress|Forretress, M|100/100
|-damage|p1a: Forretress|88/100|[from] Stealth Rock
|
|-weather|Sandstorm|[upkeep]
|-damage|p2a: Rotom|94/100|[from] Sandstorm
|-heal|p2a: Rotom|100/100|[from] item: Leftovers
|-heal|p1a: Forretress|94/100|[from] item: Leftovers
|upkeep
|turn|4
|
|move|p2a: Rotom|Volt Switch|p1a: Forretress
|-damage|p1a: Forretress|51/100
|
|switch|p2a: Garchomp|Garchomp, M|100/100
|move|p1a: Forretress|Rapid Spin|p2a: Garchomp
|-damage|p2a: Garchomp|97/100
|-damage|p1a: Forretress|38/100|[from] ability: Rough Skin|[of] p2a: Garchomp
|-sideend|p1: porrompompom|Stealth Rock|[from] move: Rapid Spin|[of] p1a: Forretress
|
|-weather|Sandstorm|[upkeep]
|-heal|p1a: Forretress|44/100|[from] item: Leftovers
|upkeep
|turn|5
|
|switch|p1a: Ninetales|Ninetales, M|100/100
|-weather|SunnyDay|[from] ability: Drought|[of] p1a: Ninetales
|move|p2a: Garchomp|Stealth Rock|p1a: Ninetales
|-sidestart|p1: porrompompom|move: Stealth Rock
|
|-weather|SunnyDay|[upkeep]
|upkeep
|turn|6
|
|switch|p1a: Cresselia|Cresselia, F|100/100
|-damage|p1a: Cresselia|88/100|[from] Stealth Rock
|move|p2a: Garchomp|Earthquake|p1a: Cresselia
|-immune|p1a: Cresselia|[msg]|[from] ability: Levitate
|
|-weather|SunnyDay|[upkeep]
|-heal|p1a: Cresselia|94/100|[from] item: Leftovers
|upkeep
|turn|7
|
|switch|p2a: Rotom|Rotom-Wash|100/100
|switch|p1a: Forretress|Forretress, M|44/100
|-damage|p1a: Forretress|32/100|[from] Stealth Rock
|
|-weather|SunnyDay|[upkeep]
|-heal|p1a: Forretress|38/100|[from] item: Leftovers
|upkeep
|turn|8
|
|switch|p1a: Chansey|Chansey, F|82/100
|-damage|p1a: Chansey|70/100|[from] Stealth Rock
|move|p2a: Rotom|Volt Switch|p1a: Chansey
|-damage|p1a: Chansey|60/100
|c|☆porrompompom|what a cteam, indeed
|
|switch|p2a: Lucario|Lucario, F|100/100
|
|-weather|SunnyDay|[upkeep]
|upkeep
|turn|9
|
|switch|p2a: Tyranitar|Tyranitar, F|100/100
|-weather|Sandstorm|[from] ability: Sand Stream|[of] p2a: Tyranitar
|switch|p1a: Cresselia|Cresselia, F|94/100
|-damage|p1a: Cresselia|82/100|[from] Stealth Rock
|
|-weather|Sandstorm|[upkeep]
|-damage|p1a: Cresselia|76/100|[from] Sandstorm
|-heal|p1a: Cresselia|82/100|[from] item: Leftovers
|upkeep
|turn|10
|
|switch|p1a: Chansey|Chansey, F|60/100
|-damage|p1a: Chansey|47/100|[from] Stealth Rock
|move|p2a: Tyranitar|Crunch|p1a: Chansey
|-damage|p1a: Chansey|20/100
|
|-weather|Sandstorm|[upkeep]
|-damage|p1a: Chansey|14/100|[from] Sandstorm
|upkeep
|turn|11
|
|switch|p1a: Forretress|Forretress, M|38/100
|-damage|p1a: Forretress|26/100|[from] Stealth Rock
|move|p2a: Tyranitar|Crunch|p1a: Forretress
|-resisted|p1a: Forretress
|-damage|p1a: Forretress|13/100
|-unboost|p1a: Forretress|def|1
|
|-weather|Sandstorm|[upkeep]
|-heal|p1a: Forretress|19/100|[from] item: Leftovers
|upkeep
|turn|12
|
|move|p2a: Tyranitar|Crunch|p1a: Forretress
|-resisted|p1a: Forretress
|-damage|p1a: Forretress|3/100
|move|p1a: Forretress|Rapid Spin|p2a: Tyranitar
|-resisted|p2a: Tyranitar
|-damage|p2a: Tyranitar|99/100
|-sideend|p1: porrompompom|Stealth Rock|[from] move: Rapid Spin|[of] p1a: Forretress
|
|-weather|Sandstorm|[upkeep]
|-heal|p1a: Forretress|10/100|[from] item: Leftovers
|upkeep
|turn|13
|
|switch|p2a: Garchomp|Garchomp, M|97/100
|move|p1a: Forretress|Pain Split|p2a: Garchomp
|-sethp|p2a: Garchomp|53/100|p1a: Forretress|53/100|[from] move: Pain Split
|
|-weather|Sandstorm|[upkeep]
|-heal|p1a: Forretress|60/100|[from] item: Leftovers
|upkeep
|turn|14
|
|switch|p1a: Gothitelle|Gothitelle, M|100/100
|move|p2a: Garchomp|Stealth Rock|p1a: Gothitelle
|-sidestart|p1: porrompompom|move: Stealth Rock
|
|-weather|Sandstorm|[upkeep]
|-damage|p1a: Gothitelle|94/100|[from] Sandstorm
|upkeep
|turn|15
|
|move|p1a: Gothitelle|Hidden Power|p2a: Garchomp
|-supereffective|p2a: Garchomp
|-damage|p2a: Garchomp|0 fnt
|faint|p2a: Garchomp
|
|-weather|Sandstorm|[upkeep]
|-damage|p1a: Gothitelle|88/100|[from] Sandstorm
|upkeep
|
|switch|p2a: Rotom|Rotom-Wash|100/100
|turn|16
|
|switch|p1a: Chansey|Chansey, F|14/100
|-damage|p1a: Chansey|2/100|[from] Stealth Rock
|move|p2a: Rotom|Volt Switch|p1a: Chansey
|-damage|p1a: Chansey|0 fnt
|faint|p1a: Chansey
|
|switch|p2a: Latios|Latios, M|100/100
|
|-weather|Sandstorm|[upkeep]
|-damage|p2a: Latios|95/100|[from] Sandstorm
|upkeep
|
|switch|p1a: Gothitelle|Gothitelle, M|88/100
|-damage|p1a: Gothitelle|76/100|[from] Stealth Rock
|turn|17
|
|move|p1a: Gothitelle|Trick|p2a: Latios
|-activate|p1a: Gothitelle|move: Trick|[of] p2a: Latios
|-item|p2a: Latios|Choice Scarf|[from] move: Trick
|-item|p1a: Gothitelle|Choice Specs|[from] move: Trick
|move|p2a: Latios|Draco Meteor|p1a: Gothitelle|[miss]
|-miss|p2a: Latios|p1a: Gothitelle
|
|-weather|Sandstorm|[upkeep]
|-damage|p2a: Latios|89/100|[from] Sandstorm
|-damage|p1a: Gothitelle|70/100|[from] Sandstorm
|upkeep
|turn|18
|c|☆bad big bratt|lol terrible and lucky.
|c|☆porrompompom|m a t t e r e d
|
|move|p2a: Latios|Draco Meteor|p1a: Gothitelle
|-damage|p1a: Gothitelle|0 fnt
|-unboost|p2a: Latios|spa|2
|faint|p1a: Gothitelle
|
|-weather|Sandstorm|[upkeep]
|-damage|p2a: Latios|83/100|[from] Sandstorm
|upkeep
|
|switch|p1a: Forretress|Forretress, M|60/100
|-damage|p1a: Forretress|47/100|[from] Stealth Rock
|turn|19
|c|☆bad big bratt|i need the specs later on, braindead
|
|move|p2a: Latios|Draco Meteor|p1a: Forretress
|-resisted|p1a: Forretress
|-damage|p1a: Forretress|22/100
|-unboost|p2a: Latios|spa|2
|move|p1a: Forretress|Rapid Spin|p2a: Latios
|-damage|p2a: Latios|78/100
|-sideend|p1: porrompompom|Stealth Rock|[from] move: Rapid Spin|[of] p1a: Forretress
|
|-weather|Sandstorm|[upkeep]
|-damage|p2a: Latios|72/100|[from] Sandstorm
|-heal|p1a: Forretress|28/100|[from] item: Leftovers
|upkeep
|turn|20
|
|switch|p2a: Ferrothorn|Ferrothorn, F|100/100
|move|p1a: Forretress|Pain Split|p2a: Ferrothorn
|-sethp|p2a: Ferrothorn|64/100|p1a: Forretress|64/100|[from] move: Pain Split
|
|-weather|Sandstorm|[upkeep]
|-heal|p1a: Forretress|70/100|[from] item: Leftovers
|-heal|p2a: Ferrothorn|70/100|[from] item: Leftovers
|upkeep
|turn|21
|
|switch|p2a: Rotom|Rotom-Wash|100/100
|move|p1a: Forretress|Spikes|p2a: Rotom
|-sidestart|p2: bad big bratt|Spikes
|
|-weather|Sandstorm|[upkeep]
|-damage|p2a: Rotom|94/100|[from] Sandstorm
|-heal|p2a: Rotom|100/100|[from] item: Leftovers
|-heal|p1a: Forretress|76/100|[from] item: Leftovers
|upkeep
|turn|22
|
|switch|p1a: Ninetales|Ninetales, M|100/100
|-weather|SunnyDay|[from] ability: Drought|[of] p1a: Ninetales
|move|p2a: Rotom|Will-O-Wisp|p1a: Ninetales
|-immune|p1a: Ninetales|[msg]
|
|-weather|SunnyDay|[upkeep]
|upkeep
|turn|23
|
|move|p1a: Ninetales|Hypnosis|p2a: Rotom
|-status|p2a: Rotom|slp
|cant|p2a: Rotom|slp
|
|-weather|SunnyDay|[upkeep]
|upkeep
|turn|24
|
|cant|p2a: Rotom|slp
|move|p1a: Ninetales|Roar|p2a: Rotom
|drag|p2a: Latios|Latios, M|72/100
|
|-weather|SunnyDay|[upkeep]
|upkeep
|turn|25
|
|switch|p1a: Cresselia|Cresselia, F|82/100
|move|p2a: Latios|Draco Meteor|p1a: Cresselia
|-damage|p1a: Cresselia|36/100
|-unboost|p2a: Latios|spa|2
|
|-weather|SunnyDay|[upkeep]
|-heal|p1a: Cresselia|42/100|[from] item: Leftovers
|upkeep
|turn|26
|
|switch|p2a: Tyranitar|Tyranitar, F|99/100
|-damage|p2a: Tyranitar|87/100|[from] Spikes
|-weather|Sandstorm|[from] ability: Sand Stream|[of] p2a: Tyranitar
|switch|p1a: Diglett|Diglett, F|100/100
|
|-weather|Sandstorm|[upkeep]
|upkeep
|turn|27
|
|move|p2a: Tyranitar|Crunch|p1a: Diglett
|-enditem|p1a: Diglett|Focus Sash
|-damage|p1a: Diglett|1/100
|move|p1a: Diglett|Reversal|p2a: Tyranitar
|-supereffective|p2a: Tyranitar
|-crit|p2a: Tyranitar
|-damage|p2a: Tyranitar|0 fnt
|faint|p2a: Tyranitar
|
|-weather|Sandstorm|[upkeep]
|upkeep
|c|☆bad big bratt|yeah, fucking virgins and their luck
|c|☆bad big bratt|well. no luck with women ofc
|inactive|bad big bratt has 120 seconds left.
|
|switch|p2a: Rotom|Rotom-Wash|100/100 slp
|turn|28
|
|move|p1a: Diglett|Stealth Rock|p2a: Rotom
|-sidestart|p2: bad big bratt|move: Stealth Rock
|cant|p2a: Rotom|slp
|
|-weather|Sandstorm|[upkeep]
|-damage|p2a: Rotom|94/100 slp|[from] Sandstorm
|-heal|p2a: Rotom|100/100 slp|[from] item: Leftovers
|upkeep
|turn|29
|
|switch|p1a: Ninetales|Ninetales, M|100/100
|-weather|SunnyDay|[from] ability: Drought|[of] p1a: Ninetales
|cant|p2a: Rotom|slp
|
|-weather|SunnyDay|[upkeep]
|upkeep
|turn|30
|
|-curestatus|p2a: Rotom|slp|[msg]
|move|p2a: Rotom|Volt Switch|p1a: Ninetales
|-damage|p1a: Ninetales|74/100
|
|switch|p2a: Latios|Latios, M|72/100
|-damage|p2a: Latios|59/100|[from] Stealth Rock
|move|p1a: Ninetales|Roar|p2a: Latios
|drag|p2a: Ferrothorn|Ferrothorn, F|70/100
|-damage|p2a: Ferrothorn|64/100|[from] Stealth Rock
|-damage|p2a: Ferrothorn|52/100|[from] Spikes
|
|-weather|SunnyDay|[upkeep]
|-heal|p1a: Ninetales|80/100|[from] item: Leftovers
|-heal|p2a: Ferrothorn|58/100|[from] item: Leftovers
|upkeep
|turn|31
|inactive|porrompompom has 120 seconds left.
|
|move|p1a: Ninetales|Hypnosis|p2a: Ferrothorn|[miss]
|-miss|p1a: Ninetales|p2a: Ferrothorn
|move|p2a: Ferrothorn|Spikes|p1a: Ninetales
|-sidestart|p1: porrompompom|Spikes
|
|-weather|SunnyDay|[upkeep]
|-heal|p1a: Ninetales|86/100|[from] item: Leftovers
|-heal|p2a: Ferrothorn|64/100|[from] item: Leftovers
|upkeep
|turn|32
|
|switch|p2a: Latios|Latios, M|59/100
|-damage|p2a: Latios|47/100|[from] Stealth Rock
|move|p1a: Ninetales|Hypnosis|p2a: Latios
|-status|p2a: Latios|slp
|
|-weather|SunnyDay|[upkeep]
|-heal|p1a: Ninetales|92/100|[from] item: Leftovers
|upkeep
|turn|33
|
|cant|p2a: Latios|slp
|move|p2a: Latios|Sleep Talk|p2a: Latios
|move|p2a: Latios|Dragon Pulse|p1a: Ninetales|[from]Sleep Talk
|-damage|p1a: Ninetales|49/100
|move|p1a: Ninetales|Roar|p2a: Latios
|drag|p2a: Lucario|Lucario, F|100/100
|-damage|p2a: Lucario|98/100|[from] Stealth Rock
|-damage|p2a: Lucario|85/100|[from] Spikes
|
|-weather|SunnyDay|[upkeep]
|-heal|p1a: Ninetales|56/100|[from] item: Leftovers
|upkeep
|turn|34
|
|switch|p2a: Latios|Latios, M|47/100 slp
|-damage|p2a: Latios|35/100 slp|[from] Stealth Rock
|move|p1a: Ninetales|Flamethrower|p2a: Latios
|-resisted|p2a: Latios
|-damage|p2a: Latios|15/100 slp
|
|-weather|SunnyDay|[upkeep]
|-heal|p1a: Ninetales|62/100|[from] item: Leftovers
|upkeep
|turn|35
|
|switch|p1a: Forretress|Forretress, M|76/100
|-damage|p1a: Forretress|64/100|[from] Spikes
|cant|p2a: Latios|slp
|move|p2a: Latios|Sleep Talk|p2a: Latios
|move|p2a: Latios|Dragon Pulse|p1a: Forretress|[from]Sleep Talk
|-resisted|p1a: Forretress
|-damage|p1a: Forretress|27/100
|
|-weather|SunnyDay|[upkeep]
|-heal|p1a: Forretress|33/100|[from] item: Leftovers
|upkeep
|turn|36
|
|switch|p2a: Lucario|Lucario, F|85/100
|-damage|p2a: Lucario|73/100|[from] Spikes
|-damage|p2a: Lucario|70/100|[from] Stealth Rock
|move|p1a: Forretress|Rapid Spin|p2a: Lucario
|-resisted|p2a: Lucario
|-damage|p2a: Lucario|67/100
|-sideend|p1: porrompompom|Spikes|[from] move: Rapid Spin|[of] p1a: Forretress
|
|-weather|SunnyDay|[upkeep]
|-heal|p1a: Forretress|40/100|[from] item: Leftovers
|upkeep
|turn|37
|
|move|p2a: Lucario|Swords Dance|p2a: Lucario
|-boost|p2a: Lucario|atk|2
|move|p1a: Forretress|Volt Switch|p2a: Lucario
|-damage|p2a: Lucario|49/100
|
|switch|p1a: Cresselia|Cresselia, F|42/100
|
|-weather|SunnyDay|[upkeep]
|-heal|p1a: Cresselia|48/100|[from] item: Leftovers
|upkeep
|turn|38
|
|move|p2a: Lucario|Ice Punch|p1a: Cresselia
|-damage|p1a: Cresselia|14/100
|-damage|p2a: Lucario|39/100|[from] item: Life Orb
|move|p1a: Cresselia|Moonlight|p1a: Cresselia
|-heal|p1a: Cresselia|80/100
|
|-weather|SunnyDay|[upkeep]
|-heal|p1a: Cresselia|86/100|[from] item: Leftovers
|upkeep
|turn|39
|
|move|p2a: Lucario|Ice Punch|p1a: Cresselia
|-damage|p1a: Cresselia|51/100
|-damage|p2a: Lucario|29/100|[from] item: Life Orb
|move|p1a: Cresselia|Hidden Power|p2a: Lucario
|-supereffective|p2a: Lucario
|-damage|p2a: Lucario|0 fnt
|faint|p2a: Lucario
|
|-weather|SunnyDay|[upkeep]
|-heal|p1a: Cresselia|57/100|[from] item: Leftovers
|upkeep
|
|switch|p2a: Rotom|Rotom-Wash|100/100
|-damage|p2a: Rotom|88/100|[from] Stealth Rock
|turn|40
|
|switch|p1a: Ninetales|Ninetales, M|62/100
|move|p2a: Rotom|Will-O-Wisp|p1a: Ninetales
|-immune|p1a: Ninetales|[msg]
|
|-weather|SunnyDay|[upkeep]
|-heal|p1a: Ninetales|68/100|[from] item: Leftovers
|-heal|p2a: Rotom|94/100|[from] item: Leftovers
|upkeep
|turn|41
|
|move|p2a: Rotom|Volt Switch|p1a: Ninetales
|-damage|p1a: Ninetales|38/100
|
|switch|p2a: Latios|Latios, M|15/100 slp
|-damage|p2a: Latios|2/100 slp|[from] Stealth Rock
|move|p1a: Ninetales|Roar|p2a: Latios
|drag|p2a: Rotom|Rotom-Wash|94/100
|-damage|p2a: Rotom|82/100|[from] Stealth Rock
|
|-weather|SunnyDay|[upkeep]
|-heal|p1a: Ninetales|44/100|[from] item: Leftovers
|-heal|p2a: Rotom|88/100|[from] item: Leftovers
|upkeep
|turn|42
|inactive|porrompompom has 120 seconds left.
|inactive|porrompompom has 90 seconds left.
|
|switch|p1a: Cresselia|Cresselia, F|57/100
|move|p2a: Rotom|Hydro Pump|p1a: Cresselia
|-damage|p1a: Cresselia|42/100
|
|-weather|SunnyDay|[upkeep]
|-heal|p2a: Rotom|94/100|[from] item: Leftovers
|-heal|p1a: Cresselia|48/100|[from] item: Leftovers
|upkeep
|turn|43
|
|switch|p1a: Ninetales|Ninetales, M|44/100
|move|p2a: Rotom|Will-O-Wisp|p1a: Ninetales|[miss]
|-miss|p2a: Rotom|p1a: Ninetales
|
|-weather|SunnyDay|[upkeep]
|-heal|p1a: Ninetales|50/100|[from] item: Leftovers
|-heal|p2a: Rotom|99/100|[from] item: Leftovers
|upkeep
|turn|44
|
|switch|p1a: Cresselia|Cresselia, F|48/100
|move|p2a: Rotom|Hydro Pump|p1a: Cresselia
|-damage|p1a: Cresselia|32/100
|
|-weather|SunnyDay|[upkeep]
|-heal|p2a: Rotom|100/100|[from] item: Leftovers
|-heal|p1a: Cresselia|38/100|[from] item: Leftovers
|upkeep
|turn|45
|
|move|p2a: Rotom|Will-O-Wisp|p1a: Cresselia
|-status|p1a: Cresselia|brn
|move|p1a: Cresselia|Moonlight|p1a: Cresselia
|-heal|p1a: Cresselia|100/100 brn
|
|-weather|SunnyDay|[upkeep]
|-damage|p1a: Cresselia|88/100 brn|[from] brn
|upkeep
|turn|46
|
|switch|p1a: Diglett|Diglett, F|1/100
|move|p2a: Rotom|Volt Switch|p1a: Diglett
|-immune|p1a: Diglett|[msg]
|
|-weather|SunnyDay|[upkeep]
|upkeep
|turn|47
|
|move|p1a: Diglett|Toxic|p2a: Rotom
|-status|p2a: Rotom|tox
|move|p2a: Rotom|Will-O-Wisp|p1a: Diglett
|-status|p1a: Diglett|brn
|
|-weather|SunnyDay|[upkeep]
|-damage|p1a: Diglett|0 fnt|[from] brn
|-damage|p2a: Rotom|94/100 tox|[from] psn
|upkeep
|faint|p1a: Diglett
|
|switch|p1a: Cresselia|Cresselia, F|88/100 brn
|turn|48
|
|move|p2a: Rotom|Volt Switch|p1a: Cresselia
|-crit|p1a: Cresselia
|-damage|p1a: Cresselia|53/100 brn
|
|switch|p2a: Ferrothorn|Ferrothorn, F|64/100
|-damage|p2a: Ferrothorn|58/100|[from] Stealth Rock
|-damage|p2a: Ferrothorn|45/100|[from] Spikes
|move|p1a: Cresselia|Calm Mind|p1a: Cresselia
|-boost|p1a: Cresselia|spa|1
|-boost|p1a: Cresselia|spd|1
|
|-weather|SunnyDay|[upkeep]
|-heal|p1a: Cresselia|59/100 brn|[from] item: Leftovers
|-heal|p2a: Ferrothorn|52/100|[from] item: Leftovers
|-damage|p1a: Cresselia|46/100 brn|[from] brn
|upkeep
|turn|49
|
|move|p1a: Cresselia|Hidden Power|p2a: Ferrothorn
|-supereffective|p2a: Ferrothorn
|-damage|p2a: Ferrothorn|0 fnt
|faint|p2a: Ferrothorn
|
|-weather|SunnyDay|[upkeep]
|-heal|p1a: Cresselia|52/100 brn|[from] item: Leftovers
|-damage|p1a: Cresselia|40/100 brn|[from] brn
|upkeep
|
|switch|p2a: Rotom|Rotom-Wash|94/100 tox
|-damage|p2a: Rotom|82/100 tox|[from] Stealth Rock
|turn|50
|
|move|p2a: Rotom|Hydro Pump|p1a: Cresselia
|-damage|p1a: Cresselia|29/100 brn
|move|p1a: Cresselia|Moonlight|p1a: Cresselia
|-heal|p1a: Cresselia|96/100 brn
|
|-weather|SunnyDay|[upkeep]
|-heal|p2a: Rotom|88/100 tox|[from] item: Leftovers
|-heal|p1a: Cresselia|100/100 brn|[from] item: Leftovers
|-damage|p2a: Rotom|82/100 tox|[from] psn
|-damage|p1a: Cresselia|88/100 brn|[from] brn
|upkeep
|turn|51
|c|☆bad big bratt|bg kiddo
|-message|bad big bratt forfeited.
|
|win|porrompompom
|l|☆bad big bratt
|raw|porrompompom's rating: 1397 &rarr; <strong>1421</strong><br />(+24 for winning)
|raw|bad big bratt's rating: 1467 &rarr; <strong>1443</strong><br />(-24 for losing)
