|join|Flamiou
|join|Just Play For Fun
|player|p1|Flamiou|266
|player|p2|Just Play For Fun|258
|gametype|singles
|gen|5
|tier|[Gen 5] OU
|rated
|rule|Evasion Abilities Clause: Evasion abilities are banned
|clearpoke
|poke|p1|Tornadus, M
|poke|p1|Lucario, F
|poke|p1|Mamoswine, M
|poke|p1|Jellicent, M, shiny
|poke|p1|Ferrothorn, F
|poke|p1|Latios, M
|poke|p2|Ninetales, F
|poke|p2|Forretress, F
|poke|p2|Venusaur, M
|poke|p2|Dugtrio, F
|poke|p2|Heatran, M
|poke|p2|Latias, F
|rule|Sleep Clause Mod: Limit one foe put to sleep
|rule|Species Clause: Limit one of each Pokemon
|rule|OHKO Clause: OHKO moves are banned
|rule|Moody Clause: Moody is banned
|rule|Evasion Moves Clause: Evasion moves are banned
|rule|Endless Battle Clause: Forcing endless battles is banned.
|rule|HP Percentage Mod: HP is reported as percentages
|teampreview
|
|start
|switch|p1a: Tyran|Mamoswine, M|362/362
|switch|p2a: Forretress|Forretress, F|354/354
|turn|1
|chat|Flamiou|hi again
|chat|Just Play For Fun|hi
|
|move|p1a: Tyran|Stealth Rock|p2a: Forretress
|-sidestart|p2: Just Play For Fun|move: Stealth Rock
|move|p2a: Forretress|Stealth Rock|p1a: Tyran
|-sidestart|p1: Flamiou|move: Stealth Rock
|
|turn|2
|
|switch|p1a: Green Goblin|Jellicent, M, shiny|404/404
|-damage|p1a: Green Goblin|354/404|[from] Stealth Rock
|move|p2a: Forretress|Rapid Spin|p1a: Green Goblin
|-immune|p1a: Green Goblin|[msg]
|
|-heal|p1a: Green Goblin|379/404|[from] item: Leftovers
|turn|3
|
|move|p1a: Green Goblin|Scald|p2a: Forretress
|-damage|p2a: Forretress|239/354
|move|p2a: Forretress|Gyro Ball|p1a: Green Goblin
|-resisted|p1a: Green Goblin
|-damage|p1a: Green Goblin|343/404
|
|-heal|p1a: Green Goblin|368/404|[from] item: Leftovers
|-heal|p2a: Forretress|261/354|[from] item: Leftovers
|turn|4
|
|switch|p2a: Ninetales|Ninetales, F|350/350
|-damage|p2a: Ninetales|263/350|[from] Stealth Rock
|-weather|SunnyDay|[from] ability: Drought|[of] p2a: Ninetales
|move|p1a: Green Goblin|Scald|p2a: Ninetales
|-crit|p2a: Ninetales
|-supereffective|p2a: Ninetales
|-damage|p2a: Ninetales|105/350
|
|-weather|SunnyDay|[upkeep]
|-heal|p2a: Ninetales|126/350|[from] item: Leftovers
|-heal|p1a: Green Goblin|393/404|[from] item: Leftovers
|turn|5
|
|move|p2a: Ninetales|Will-O-Wisp|p1a: Green Goblin
|-status|p1a: Green Goblin|brn
|move|p1a: Green Goblin|Scald|p2a: Ninetales
|-supereffective|p2a: Ninetales
|-damage|p2a: Ninetales|46/350
|
|-weather|SunnyDay|[upkeep]
|-heal|p2a: Ninetales|67/350|[from] item: Leftovers
|-heal|p1a: Green Goblin|404/404 brn|[from] item: Leftovers
|-damage|p1a: Green Goblin|354/404 brn|[from] brn
|turn|6
|
|switch|p2a: Venusaur|Venusaur, M|319/319
|-damage|p2a: Venusaur|280/319|[from] Stealth Rock
|move|p1a: Green Goblin|Scald|p2a: Venusaur
|-resisted|p2a: Venusaur
|-damage|p2a: Venusaur|259/319
|-status|p2a: Venusaur|brn
|
|-weather|SunnyDay|[upkeep]
|-heal|p2a: Venusaur|278/319 brn|[from] item: Black Sludge
|-heal|p1a: Green Goblin|379/404 brn|[from] item: Leftovers
|-damage|p2a: Venusaur|239/319 brn|[from] brn
|-damage|p1a: Green Goblin|329/404 brn|[from] brn
|turn|7
|
|move|p2a: Venusaur|Growth|p2a: Venusaur
|-boost|p2a: Venusaur|atk|2
|-boost|p2a: Venusaur|spa|2
|move|p1a: Green Goblin|Taunt|p2a: Venusaur
|-start|p2a: Venusaur|move: Taunt
|
|-weather|SunnyDay|[upkeep]
|-heal|p2a: Venusaur|258/319 brn|[from] item: Black Sludge
|-heal|p1a: Green Goblin|354/404 brn|[from] item: Leftovers
|-damage|p2a: Venusaur|219/319 brn|[from] brn
|-damage|p1a: Green Goblin|304/404 brn|[from] brn
|turn|8
|
|switch|p1a: Luc|Lucario, F|281/281
|-damage|p1a: Luc|273/281|[from] Stealth Rock
|move|p2a: Venusaur|Giga Drain|p1a: Luc
|-resisted|p1a: Luc
|-damage|p1a: Luc|117/281
|-heal|p2a: Venusaur|297/319 brn|[from] drain|[of] p1a: Luc
|
|-weather|SunnyDay|[upkeep]
|-heal|p2a: Venusaur|316/319 brn|[from] item: Black Sludge
|-damage|p2a: Venusaur|277/319 brn|[from] brn
|turn|9
|
|move|p1a: Luc|Extreme Speed|p2a: Venusaur
|-damage|p2a: Venusaur|143/319 brn
|-damage|p1a: Luc|89/281|[from] item: Life Orb
|move|p2a: Venusaur|Giga Drain|p1a: Luc
|-crit|p1a: Luc
|-resisted|p1a: Luc
|-damage|p1a: Luc|0 fnt
|-heal|p2a: Venusaur|188/319 brn|[from] drain|[of] p1a: Luc
|faint|p1a: Luc
|
|-weather|SunnyDay|[upkeep]
|-heal|p2a: Venusaur|207/319 brn|[from] item: Black Sludge
|-damage|p2a: Venusaur|168/319 brn|[from] brn
|
|switch|p1a: Tyran|Mamoswine, M|362/362
|-damage|p1a: Tyran|317/362|[from] Stealth Rock
|turn|10
|
|switch|p2a: Forretress|Forretress, F|261/354
|-damage|p2a: Forretress|217/354|[from] Stealth Rock
|move|p1a: Tyran|Ice Shard|p2a: Forretress
|-resisted|p2a: Forretress
|-damage|p2a: Forretress|197/354
|
|-weather|SunnyDay|[upkeep]
|-heal|p2a: Forretress|219/354|[from] item: Leftovers
|turn|11
|
|switch|p1a: Green Goblin|Jellicent, M, shiny|304/404 brn
|-damage|p1a: Green Goblin|254/404 brn|[from] Stealth Rock
|move|p2a: Forretress|Rapid Spin|p1a: Green Goblin
|-immune|p1a: Green Goblin|[msg]
|
|-weather|SunnyDay|[upkeep]
|-heal|p1a: Green Goblin|279/404 brn|[from] item: Leftovers
|-heal|p2a: Forretress|241/354|[from] item: Leftovers
|-damage|p1a: Green Goblin|229/404 brn|[from] brn
|turn|12
|
|move|p1a: Green Goblin|Scald|p2a: Forretress
|-damage|p2a: Forretress|181/354
|-status|p2a: Forretress|brn
|move|p2a: Forretress|Volt Switch|p1a: Green Goblin
|-supereffective|p1a: Green Goblin
|-damage|p1a: Green Goblin|177/404 brn
|
|switch|p2a: Venusaur|Venusaur, M|168/319 brn
|-damage|p2a: Venusaur|129/319 brn|[from] Stealth Rock
|
|-weather|SunnyDay|[upkeep]
|-heal|p2a: Venusaur|148/319 brn|[from] item: Black Sludge
|-heal|p1a: Green Goblin|202/404 brn|[from] item: Leftovers
|-damage|p2a: Venusaur|109/319 brn|[from] brn
|-damage|p1a: Green Goblin|152/404 brn|[from] brn
|turn|13
|
|move|p2a: Venusaur|Giga Drain|p1a: Green Goblin
|-supereffective|p1a: Green Goblin
|-damage|p1a: Green Goblin|0 fnt
|-heal|p2a: Venusaur|185/319 brn|[from] drain|[of] p1a: Green Goblin
|faint|p1a: Green Goblin
|
|-weather|SunnyDay|[upkeep]
|-heal|p2a: Venusaur|204/319 brn|[from] item: Black Sludge
|-damage|p2a: Venusaur|165/319 brn|[from] brn
|
|switch|p1a: Tyran|Mamoswine, M|317/362
|-damage|p1a: Tyran|272/362|[from] Stealth Rock
|turn|14
|
|switch|p2a: Forretress|Forretress, F|181/354 brn
|-damage|p2a: Forretress|137/354 brn|[from] Stealth Rock
|move|p1a: Tyran|Ice Shard|p2a: Forretress
|-resisted|p2a: Forretress
|-damage|p2a: Forretress|116/354 brn
|
|-weather|SunnyDay|[upkeep]
|-heal|p2a: Forretress|138/354 brn|[from] item: Leftovers
|-damage|p2a: Forretress|94/354 brn|[from] brn
|turn|15
|
|move|p1a: Tyran|Earthquake|p2a: Forretress
|-damage|p2a: Forretress|0 fnt
|faint|p2a: Forretress
|
|-weather|SunnyDay|[upkeep]
|
|switch|p2a: Heatran|Heatran, M|323/323
|-damage|p2a: Heatran|283/323|[from] Stealth Rock
|-item|p2a: Heatran|Air Balloon
|turn|16
|
|switch|p1a: She-elf|Ferrothorn, F|352/352
|-damage|p1a: She-elf|330/352|[from] Stealth Rock
|move|p2a: Heatran|Solar Beam|p1a: She-elf|[still]
|-prepare|p2a: Heatran|Solar Beam|p1a: She-elf
|-anim|p2a: Heatran|Solar Beam|p1a: She-elf
|-resisted|p1a: She-elf
|-damage|p1a: She-elf|299/352
|
|-weather|SunnyDay|[upkeep]
|-heal|p1a: She-elf|321/352|[from] item: Leftovers
|turn|17
|
|move|p2a: Heatran|Magma Storm|p1a: She-elf
|-crit|p1a: She-elf
|-supereffective|p1a: She-elf
|-damage|p1a: She-elf|0 fnt
|faint|p1a: She-elf
|
|-weather|SunnyDay|[upkeep]
|
|switch|p1a: JanTheWind|Tornadus, M|300/300
|-damage|p1a: JanTheWind|225/300|[from] Stealth Rock
|turn|18
|
|move|p1a: JanTheWind|Superpower|p2a: Heatran
|-supereffective|p2a: Heatran
|-damage|p2a: Heatran|41/323
|-enditem|p2a: Heatran|Air Balloon
|-unboost|p1a: JanTheWind|atk|1
|-unboost|p1a: JanTheWind|def|1
|move|p2a: Heatran|Magma Storm|p1a: JanTheWind
|-damage|p1a: JanTheWind|0 fnt
|faint|p1a: JanTheWind
|
|-weather|SunnyDay|[upkeep]
|
|switch|p1a: Tyran|Mamoswine, M|272/362
|-damage|p1a: Tyran|227/362|[from] Stealth Rock
|turn|19
|
|move|p1a: Tyran|Earthquake|p2a: Heatran
|-crit|p2a: Heatran
|-supereffective|p2a: Heatran
|-damage|p2a: Heatran|0 fnt
|faint|p2a: Heatran
|
|-weather|SunnyDay|[upkeep]
|chat|Just Play For Fun|how fast is your mamo
|
|switch|p2a: Latias|Latias, F|364/364
|-damage|p2a: Latias|319/364|[from] Stealth Rock
|turn|20
|
|move|p1a: Tyran|Ice Shard|p2a: Latias
|-supereffective|p2a: Latias
|-damage|p2a: Latias|169/364
|move|p2a: Latias|Calm Mind|p2a: Latias
|-boost|p2a: Latias|spa|1
|-boost|p2a: Latias|spd|1
|
|-weather|SunnyDay|[upkeep]
|-heal|p2a: Latias|191/364|[from] item: Leftovers
|turn|21
|
|move|p1a: Tyran|Ice Shard|p2a: Latias
|-supereffective|p2a: Latias
|-damage|p2a: Latias|21/364
|move|p2a: Latias|Roost|p2a: Latias
|-heal|p2a: Latias|203/364
|
|-weather|SunnyDay|[upkeep]
|-heal|p2a: Latias|225/364|[from] item: Leftovers
|turn|22
|
|move|p1a: Tyran|Ice Shard|p2a: Latias
|-supereffective|p2a: Latias
|-damage|p2a: Latias|63/364
|move|p2a: Latias|Roost|p2a: Latias
|-heal|p2a: Latias|245/364
|
|-weather|SunnyDay|[upkeep]
|-heal|p2a: Latias|267/364|[from] item: Leftovers
|turn|23
|
|move|p1a: Tyran|Ice Shard|p2a: Latias
|-supereffective|p2a: Latias
|-damage|p2a: Latias|117/364
|move|p2a: Latias|Roost|p2a: Latias
|-heal|p2a: Latias|299/364
|
|-weather|SunnyDay|[upkeep]
|-heal|p2a: Latias|321/364|[from] item: Leftovers
|turn|24
|
|move|p2a: Latias|Dragon Pulse|p1a: Tyran
|-damage|p1a: Tyran|0 fnt
|faint|p1a: Tyran
|
|-weather|SunnyDay|[upkeep]
|-heal|p2a: Latias|343/364|[from] item: Leftovers
|
|switch|p1a: JSF|Latios, M|301/301
|-damage|p1a: JSF|264/301|[from] Stealth Rock
|turn|25
|
|move|p1a: JSF|Draco Meteor|p2a: Latias
|-supereffective|p2a: Latias
|-damage|p2a: Latias|0 fnt
|-unboost|p1a: JSF|spa|2
|faint|p2a: Latias
|
|-weather|SunnyDay|[upkeep]
|
|switch|p2a: Venusaur|Venusaur, M|165/319 brn
|-damage|p2a: Venusaur|126/319 brn|[from] Stealth Rock
|turn|26
|
|move|p2a: Venusaur|Hidden Power|p1a: JSF
|-crit|p1a: JSF
|-supereffective|p1a: JSF
|-damage|p1a: JSF|0 fnt
|faint|p1a: JSF
|
|win|Just Play For Fun
|raw|Ladder updating...
|raw|Flamiou's rating: 1461 &rarr; <strong>1434</strong><br />(-27 for losing)
|raw|Just Play For Fun's rating: 1337 &rarr; <strong>1364</strong><br />(+27 for winning)
|chat|Flamiou|gg
|chat|Just Play For Fun|omg
|chat|Just Play For Fun|gg