|j|☆Rain Deathless
|j|☆ismokebareherb
|t:|1598235943
|player|p1|Rain Deathless|acetrainer-gen4dp|1416
|player|p2|ismokebareherb|200|1351
|teamsize|p1|6
|teamsize|p2|6
|gametype|singles
|gen|5
|tier|[Gen 5] OU
|rated|
|clearpoke
|poke|p1|Politoed, M|item
|poke|p1|Jirachi|item
|poke|p1|Excadrill, F|item
|poke|p1|Keldeo-Resolute|item
|poke|p1|Starmie|item
|poke|p1|Dragonite, M|item
|poke|p2|Politoed, F|item
|poke|p2|Jirachi|item
|poke|p2|Ferrothorn, M|item
|poke|p2|Dragonite, F|item
|poke|p2|Tentacruel, F|item
|poke|p2|Sceptile, M|item
|rule|Species Clause: Limit one of each Pokémon
|rule|OHKO Clause: OHKO moves are banned
|rule|Moody Clause: Moody is banned
|rule|Evasion Moves Clause: Evasion moves are banned
|rule|Endless Battle Clause: Forcing endless battles is banned
|rule|HP Percentage Mod: HP is shown in percentages
|rule|Evasion Abilities Clause: Evasion abilities are banned
|rule|Baton Pass Clause: Limit one Baton Passer, can't pass Spe and other stats simultaneously
|rule|Sleep Clause: Sleep-inducing moves are banned
|rule|Swagger Clause: Swagger is banned
|teampreview
|
|t:|1598235959
|start
|switch|p1a: Prince|Politoed, M, shiny|100/100
|switch|p2a: Sceptile|Sceptile, M|100/100
|-weather|RainDance|[from] ability: Drizzle|[of] p1a: Prince
|turn|1
|
|t:|1598235969
|move|p2a: Sceptile|Swords Dance|p2a: Sceptile
|-boost|p2a: Sceptile|atk|2
|move|p1a: Prince|Ice Beam|p2a: Sceptile
|-supereffective|p2a: Sceptile
|-damage|p2a: Sceptile|49/100
|
|-weather|RainDance|[upkeep]
|upkeep
|turn|2
|
|t:|1598235976
|move|p2a: Sceptile|Leaf Blade|p1a: Prince
|-supereffective|p1a: Prince
|-damage|p1a: Prince|0 fnt
|faint|p1a: Prince
|
|-weather|RainDance|[upkeep]
|upkeep
|
|t:|1598235986
|switch|p1a: Knight|Keldeo-Resolute|100/100
|turn|3
|
|t:|1598235989
|move|p1a: Knight|Hidden Power|p2a: Sceptile
|-supereffective|p2a: Sceptile
|-damage|p2a: Sceptile|0 fnt
|faint|p2a: Sceptile
|
|-weather|RainDance|[upkeep]
|upkeep
|c|☆Rain Deathless|sweep time
|
|t:|1598236005
|switch|p2a: A Wall|Ferrothorn, M|100/100
|turn|4
|
|t:|1598236009
|switch|p1a: Digbeth|Excadrill, F, shiny|100/100
|-ability|p1a: Digbeth|Mold Breaker
|-item|p1a: Digbeth|Air Balloon
|move|p2a: A Wall|Stealth Rock|p1a: Digbeth
|-sidestart|p1: Rain Deathless|move: Stealth Rock
|
|-weather|RainDance|[upkeep]
|upkeep
|turn|5
|
|t:|1598236016
|move|p1a: Digbeth|Stealth Rock|p2a: A Wall
|-sidestart|p2: ismokebareherb|move: Stealth Rock
|move|p2a: A Wall|Gyro Ball|p1a: Digbeth
|-resisted|p1a: Digbeth
|-damage|p1a: Digbeth|66/100
|-enditem|p1a: Digbeth|Air Balloon
|
|-weather|RainDance|[upkeep]
|upkeep
|turn|6
|
|t:|1598236027
|move|p1a: Digbeth|Earthquake|p2a: A Wall
|-damage|p2a: A Wall|56/100
|move|p2a: A Wall|Gyro Ball|p1a: Digbeth
|-resisted|p1a: Digbeth
|-damage|p1a: Digbeth|34/100
|
|-weather|RainDance|[upkeep]
|upkeep
|turn|7
|
|t:|1598236034
|move|p1a: Digbeth|Rapid Spin|p2a: A Wall
|-resisted|p2a: A Wall
|-damage|p2a: A Wall|53/100
|-damage|p1a: Digbeth|21/100|[from] ability: Iron Barbs|[of] p2a: A Wall
|-damage|p1a: Digbeth|5/100|[from] item: Rocky Helmet|[of] p2a: A Wall
|-sideend|p1: Rain Deathless|Stealth Rock|[from] move: Rapid Spin|[of] p1a: Digbeth
|move|p2a: A Wall|Power Whip|p1a: Digbeth
|-damage|p1a: Digbeth|0 fnt
|faint|p1a: Digbeth
|
|-weather|RainDance|[upkeep]
|upkeep
|
|t:|1598236046
|switch|p1a: Rachi|Jirachi|100/100
|turn|8
|
|t:|1598236049
|move|p1a: Rachi|Substitute|p1a: Rachi
|-start|p1a: Rachi|Substitute
|-damage|p1a: Rachi|75/100
|move|p2a: A Wall|Thunder Wave||[still]
|-fail|p2a: A Wall
|
|-weather|RainDance|[upkeep]
|-heal|p1a: Rachi|82/100|[from] item: Leftovers
|upkeep
|turn|9
|
|t:|1598236057
|switch|p2a: Tentacruel|Tentacruel, F|100/100
|-damage|p2a: Tentacruel|88/100|[from] Stealth Rock
|move|p1a: Rachi|Calm Mind|p1a: Rachi
|-boost|p1a: Rachi|spa|1
|-boost|p1a: Rachi|spd|1
|
|-weather|RainDance|[upkeep]
|-heal|p2a: Tentacruel|94/100|[from] ability: Rain Dish
|-heal|p1a: Rachi|88/100|[from] item: Leftovers
|-heal|p2a: Tentacruel|99/100|[from] item: Black Sludge
|upkeep
|turn|10
|
|t:|1598236069
|move|p1a: Rachi|Thunder|p2a: Tentacruel
|-supereffective|p2a: Tentacruel
|-damage|p2a: Tentacruel|14/100
|-status|p2a: Tentacruel|par
|move|p2a: Tentacruel|Scald|p1a: Rachi
|-end|p1a: Rachi|Substitute
|
|-weather|RainDance|[upkeep]
|-heal|p2a: Tentacruel|20/100 par|[from] ability: Rain Dish
|-heal|p1a: Rachi|94/100|[from] item: Leftovers
|-heal|p2a: Tentacruel|26/100 par|[from] item: Black Sludge
|upkeep
|turn|11
|
|t:|1598236081
|move|p1a: Rachi|Substitute|p1a: Rachi
|-start|p1a: Rachi|Substitute
|-damage|p1a: Rachi|69/100
|move|p2a: Tentacruel|Rapid Spin|p1a: Rachi
|-resisted|p1a: Rachi
|-activate|p1a: Rachi|Substitute|[damage]
|-sideend|p2: ismokebareherb|Stealth Rock|[from] move: Rapid Spin|[of] p2a: Tentacruel
|
|-weather|RainDance|[upkeep]
|-heal|p2a: Tentacruel|32/100 par|[from] ability: Rain Dish
|-heal|p1a: Rachi|75/100|[from] item: Leftovers
|-heal|p2a: Tentacruel|38/100 par|[from] item: Black Sludge
|upkeep
|turn|12
|c|☆Rain Deathless|gg
|
|t:|1598236091
|move|p1a: Rachi|Calm Mind|p1a: Rachi
|-boost|p1a: Rachi|spa|1
|-boost|p1a: Rachi|spd|1
|move|p2a: Tentacruel|Scald|p1a: Rachi
|-activate|p1a: Rachi|Substitute|[damage]
|
|-weather|RainDance|[upkeep]
|-heal|p2a: Tentacruel|44/100 par|[from] ability: Rain Dish
|-heal|p1a: Rachi|81/100|[from] item: Leftovers
|-heal|p2a: Tentacruel|50/100 par|[from] item: Black Sludge
|upkeep
|turn|13
|
|t:|1598236121
|move|p1a: Rachi|Thunder|p2a: Tentacruel
|-supereffective|p2a: Tentacruel
|-damage|p2a: Tentacruel|0 fnt
|faint|p2a: Tentacruel
|
|-weather|RainDance|[upkeep]
|-heal|p1a: Rachi|88/100|[from] item: Leftovers
|upkeep
|
|t:|1598236125
|switch|p2a: Uh OH! Stinky|Politoed, F|100/100
|turn|14
|
|t:|1598236130
|move|p2a: Uh OH! Stinky|Scald|p1a: Rachi
|-end|p1a: Rachi|Substitute
|move|p1a: Rachi|Thunder|p2a: Uh OH! Stinky
|-supereffective|p2a: Uh OH! Stinky
|-damage|p2a: Uh OH! Stinky|0 fnt
|faint|p2a: Uh OH! Stinky
|
|-weather|RainDance|[upkeep]
|-heal|p1a: Rachi|94/100|[from] item: Leftovers
|upkeep
|
|t:|1598236134
|switch|p2a: 60%|Jirachi|100/100
|turn|15
|
|t:|1598236141
|move|p2a: 60%|Iron Head|p1a: Rachi
|-resisted|p1a: Rachi
|-damage|p1a: Rachi|78/100
|move|p1a: Rachi|Substitute|p1a: Rachi
|-start|p1a: Rachi|Substitute
|-damage|p1a: Rachi|53/100
|
|-weather|RainDance|[upkeep]
|-heal|p1a: Rachi|59/100|[from] item: Leftovers
|upkeep
|turn|16
|
|t:|1598236149
|move|p2a: 60%|Iron Head|p1a: Rachi
|-resisted|p1a: Rachi
|-activate|p1a: Rachi|Substitute|[damage]
|move|p1a: Rachi|Thunder|p2a: 60%
|-damage|p2a: 60%|44/100
|-status|p2a: 60%|par
|
|-weather|RainDance|[upkeep]
|-heal|p1a: Rachi|66/100|[from] item: Leftovers
|upkeep
|turn|17
|-message|ismokebareherb forfeited.
|
|win|Rain Deathless
|l|☆ismokebareherb
|raw|Rain Deathless's rating: 1416 &rarr; <strong>1431</strong><br />(+15 for winning)
|raw|ismokebareherb's rating: 1327 &rarr; <strong>1312</strong><br />(-15 for losing)
