|j|☆seaofdreams
|j|☆LadderGod1
|t:|1727170306
|gametype|singles
|player|p1|seaofdreams|fantina|1354
|player|p2|LadderGod1|265|1342
|teamsize|p1|6
|teamsize|p2|6
|gen|5
|tier|[Gen 5] OU
|rated|
|rule|Species Clause: Limit one of each Pokémon
|rule|OHKO Clause: OHKO moves are banned
|rule|Moody Clause: Moody is banned
|rule|Evasion Items Clause: Evasion items are banned
|rule|Evasion Moves Clause: Evasion moves are banned
|rule|Endless Battle Clause: Forcing endless battles is banned
|rule|HP Percentage Mod: HP is shown in percentages
|rule|Evasion Abilities Clause: Evasion abilities are banned
|rule|Sleep Moves Clause: Sleep-inducing moves are banned
|rule|Swagger Clause: Swagger is banned
|rule|Baton Pass Stat Clause: No Baton Passer may have a way to boost its stats
|clearpoke
|poke|p1|Politoed, M|item
|poke|p1|Volcarona, F|item
|poke|p1|Dragonite, M|item
|poke|p1|Starmie|item
|poke|p1|Lanturn, F|item
|poke|p1|Skarmory, M|item
|poke|p2|Victini|item
|poke|p2|Latios, M|item
|poke|p2|Keldeo|item
|poke|p2|Magnezone|item
|poke|p2|Kyurem-Black|item
|poke|p2|Alakazam, F|item
|teampreview
|c|☆seaofdreams|gl hf
|c|☆LadderGod1|ty u2
|
|t:|1727170337
|start
|switch|p1a: Politoed|Politoed, M, shiny|100/100
|switch|p2a: Kyurem|Kyurem-Black|100/100
|-ability|p2a: Kyurem|Teravolt
|-weather|RainDance|[from] ability: Drizzle|[of] p1a: Politoed
|turn|1
|
|t:|1727170349
|move|p2a: Kyurem|Outrage|p1a: Politoed
|-damage|p1a: Politoed|0 fnt
|faint|p1a: Politoed
|
|-weather|RainDance|[upkeep]
|upkeep
|
|t:|1727170364
|switch|p1a: Skarmory|Skarmory, M|100/100
|turn|2
|
|t:|1727170367
|move|p2a: Kyurem|Outrage|p1a: Skarmory|[from]lockedmove
|-resisted|p1a: Skarmory
|-damage|p1a: Skarmory|51/100
|move|p1a: Skarmory|Stealth Rock|p2a: Kyurem
|-sidestart|p2: LadderGod1|move: Stealth Rock
|
|-weather|RainDance|[upkeep]
|upkeep
|turn|3
|
|t:|1727170373
|move|p2a: Kyurem|Outrage|p1a: Skarmory|[from]lockedmove
|-resisted|p1a: Skarmory
|-damage|p1a: Skarmory|0 fnt
|faint|p1a: Skarmory
|-start|p2a: Kyurem|confusion|[fatigue]
|
|-weather|RainDance|[upkeep]
|upkeep
|
|t:|1727170391
|switch|p1a: Lanturn|Lanturn, F|100/100
|turn|4
|
|t:|1727170394
|-activate|p2a: Kyurem|confusion
|-damage|p2a: Kyurem|87/100|[from] confusion
|move|p1a: Lanturn|Ice Beam|p2a: Kyurem
|-damage|p2a: Kyurem|46/100
|
|-weather|RainDance|[upkeep]
|upkeep
|turn|5
|
|t:|1727170399
|-activate|p2a: Kyurem|confusion
|move|p2a: Kyurem|Outrage|p1a: Lanturn
|-damage|p1a: Lanturn|0 fnt
|faint|p1a: Lanturn
|
|-weather|RainDance|[upkeep]
|upkeep
|
|t:|1727170405
|switch|p1a: Volcarona|Volcarona, F|100/100
|turn|6
|
|t:|1727170408
|-activate|p2a: Kyurem|confusion
|move|p2a: Kyurem|Outrage|p1a: Volcarona|[from]lockedmove
|-damage|p1a: Volcarona|0 fnt
|-status|p2a: Kyurem|brn|[from] ability: Flame Body|[of] p1a: Volcarona
|faint|p1a: Volcarona
|
|-weather|RainDance|[upkeep]
|-damage|p2a: Kyurem|34/100 brn|[from] brn
|upkeep
|
|t:|1727170415
|switch|p1a: Dragonite|Dragonite, M|100/100
|turn|7
|
|t:|1727170418
|-end|p2a: Kyurem|confusion
|move|p2a: Kyurem|Outrage|p1a: Dragonite|[from]lockedmove
|-supereffective|p1a: Dragonite
|-damage|p1a: Dragonite|0 fnt
|faint|p1a: Dragonite
|-start|p2a: Kyurem|confusion|[fatigue]
|
|-weather|RainDance|[upkeep]
|-damage|p2a: Kyurem|21/100 brn|[from] brn
|upkeep
|
|t:|1727170427
|switch|p1a: Starmie|Starmie|100/100
|turn|8
|
|t:|1727170431
|switch|p2a: Latios|Latios, M|100/100
|-damage|p2a: Latios|88/100|[from] Stealth Rock
|move|p1a: Starmie|Ice Beam|p2a: Latios
|-supereffective|p2a: Latios
|-damage|p2a: Latios|16/100
|
|-weather|RainDance|[upkeep]
|upkeep
|turn|9
|
|t:|1727170438
|switch|p2a: Magnezone|Magnezone|100/100
|-damage|p2a: Magnezone|94/100|[from] Stealth Rock
|move|p1a: Starmie|Ice Beam|p2a: Magnezone
|-resisted|p2a: Magnezone
|-damage|p2a: Magnezone|71/100
|
|-weather|RainDance|[upkeep]
|upkeep
|turn|10
|
|t:|1727170446
|move|p1a: Starmie|Hydro Pump|p2a: Magnezone
|-damage|p2a: Magnezone|0 fnt
|faint|p2a: Magnezone
|
|-weather|RainDance|[upkeep]
|upkeep
|
|t:|1727170450
|switch|p2a: Victini|Victini|100/100
|-damage|p2a: Victini|76/100|[from] Stealth Rock
|turn|11
|
|t:|1727170454
|move|p2a: Victini|Bolt Strike|p1a: Starmie
|-supereffective|p1a: Starmie
|-damage|p1a: Starmie|0 fnt
|faint|p1a: Starmie
|
|win|LadderGod1
|raw|seaofdreams's rating: 1354 &rarr; <strong>1333</strong><br />(-21 for losing)
|raw|LadderGod1's rating: 1342 &rarr; <strong>1363</strong><br />(+21 for winning)
|c|☆LadderGod1|gg
|c|☆seaofdreams|gg
|l|☆seaofdreams
|player|p1|
