|j|☆bigMaraRALO
|j|☆baixiaohen
|t:|1745066952
|gametype|singles
|player|p1|bigMaraRALO|102|1322
|player|p2|baixiaohen|n|1434
|teamsize|p1|6
|teamsize|p2|6
|gen|5
|tier|[Gen 5] OU
|rated|
|rule|Species Clause: Limit one of each Pokémon
|rule|OHKO Clause: OHKO moves are banned
|rule|Moody Clause: Moody is banned
|rule|Evasion Items Clause: Evasion items are banned
|rule|Evasion Moves Clause: Evasion moves are banned
|rule|Endless Battle Clause: Forcing endless battles is banned
|rule|HP Percentage Mod: HP is shown in percentages
|rule|Evasion Abilities Clause: Evasion abilities are banned
|rule|Sleep Moves Clause: Sleep-inducing moves are banned
|rule|Swagger Clause: Swagger is banned
|rule|Baton Pass Stat Clause: No Baton Passer may have a way to boost its stats
|clearpoke
|poke|p1|Abomasnow, F|item
|poke|p1|Garchomp, M|item
|poke|p1|Dragonite, M|item
|poke|p1|Jirachi|item
|poke|p1|Starmie|item
|poke|p1|Kyurem-Black|item
|poke|p2|Latios, M|item
|poke|p2|Jirachi|item
|poke|p2|Rotom-Wash|item
|poke|p2|Starmie|item
|poke|p2|Dragonite, M|item
|poke|p2|Mamoswine, F|item
|teampreview
|inactive|Battle timer is ON: inactive players will automatically lose when time's up. (requested by baixiaohen)
|
|t:|1745066970
|start
|switch|p1a: Garchomp|Garchomp, M|100/100
|switch|p2a: Jirachi|Jirachi|100/100
|turn|1
|
|t:|1745066973
|move|p1a: Garchomp|Stealth Rock|p2a: Jirachi
|-sidestart|p2: baixiaohen|move: Stealth Rock
|move|p2a: Jirachi|Body Slam|p1a: Garchomp
|-damage|p1a: Garchomp|80/100
|-status|p1a: Garchomp|par
|-damage|p2a: Jirachi|88/100|[from] ability: Rough Skin|[of] p1a: Garchomp
|
|-heal|p2a: Jirachi|94/100|[from] item: Leftovers
|upkeep
|turn|2
|
|t:|1745066983
|switch|p2a: Rotom|Rotom-Wash|100/100
|-damage|p2a: Rotom|88/100|[from] Stealth Rock
|move|p1a: Garchomp|Earthquake|p2a: Rotom
|-immune|p2a: Rotom|[from] ability: Levitate
|
|upkeep
|turn|3
|
|t:|1745066988
|move|p2a: Rotom|Trick|p1a: Garchomp
|-activate|p2a: Rotom|move: Trick|[of] p1a: Garchomp
|-item|p1a: Garchomp|Choice Scarf|[from] move: Trick
|-item|p2a: Rotom|Yache Berry|[from] move: Trick
|move|p1a: Garchomp|Outrage|p2a: Rotom
|-damage|p2a: Rotom|37/100
|
|upkeep
|turn|4
|
|t:|1745066997
|switch|p2a: Jirachi|Jirachi|94/100
|-damage|p2a: Jirachi|88/100|[from] Stealth Rock
|cant|p1a: Garchomp|par
|
|-heal|p2a: Jirachi|94/100|[from] item: Leftovers
|-start|p1a: Garchomp|confusion|[fatigue]
|upkeep
|turn|5
|
|t:|1745067007
|switch|p1a: Starmie|Starmie|100/100
|-item|p1a: Starmie|Air Balloon
|move|p2a: Jirachi|Stealth Rock|p1a: Starmie
|-sidestart|p1: bigMaraRALO|move: Stealth Rock
|
|-heal|p2a: Jirachi|100/100|[from] item: Leftovers
|upkeep
|turn|6
|
|t:|1745067018
|move|p1a: Starmie|Rapid Spin|p2a: Jirachi
|-resisted|p2a: Jirachi
|-damage|p2a: Jirachi|99/100
|-sideend|p1: bigMaraRALO|Stealth Rock|[from] move: Rapid Spin|[of] p1a: Starmie
|move|p2a: Jirachi|Body Slam|p1a: Starmie
|-damage|p1a: Starmie|69/100
|-enditem|p1a: Starmie|Air Balloon
|
|-heal|p2a: Jirachi|100/100|[from] item: Leftovers
|upkeep
|turn|7
|
|t:|1745067023
|switch|p1a: Garchomp|Garchomp, M|80/100 par
|move|p2a: Jirachi|Body Slam|p1a: Garchomp
|-damage|p1a: Garchomp|62/100 par
|-damage|p2a: Jirachi|88/100|[from] ability: Rough Skin|[of] p1a: Garchomp
|
|-heal|p2a: Jirachi|94/100|[from] item: Leftovers
|upkeep
|turn|8
|
|t:|1745067027
|move|p2a: Jirachi|Iron Head|p1a: Garchomp
|-damage|p1a: Garchomp|36/100 par
|-damage|p2a: Jirachi|82/100|[from] ability: Rough Skin|[of] p1a: Garchomp
|cant|p1a: Garchomp|flinch
|
|-heal|p2a: Jirachi|88/100|[from] item: Leftovers
|upkeep
|turn|9
|
|t:|1745067030
|move|p2a: Jirachi|Iron Head|p1a: Garchomp
|-damage|p1a: Garchomp|10/100 par
|-damage|p2a: Jirachi|76/100|[from] ability: Rough Skin|[of] p1a: Garchomp
|move|p1a: Garchomp|Earthquake|p2a: Jirachi
|-supereffective|p2a: Jirachi
|-damage|p2a: Jirachi|0 fnt
|faint|p2a: Jirachi
|
|upkeep
|
|t:|1745067044
|switch|p2a: Starmie|Starmie|100/100
|-damage|p2a: Starmie|88/100|[from] Stealth Rock
|turn|10
|
|t:|1745067047
|move|p2a: Starmie|Rapid Spin|p1a: Garchomp
|-damage|p1a: Garchomp|7/100 par
|-damage|p2a: Starmie|76/100|[from] ability: Rough Skin|[of] p1a: Garchomp
|-sideend|p2: baixiaohen|Stealth Rock|[from] move: Rapid Spin|[of] p2a: Starmie
|-damage|p2a: Starmie|66/100|[from] item: Life Orb
|move|p1a: Garchomp|Earthquake|p2a: Starmie
|-damage|p2a: Starmie|0 fnt
|faint|p2a: Starmie
|
|upkeep
|
|t:|1745067055
|switch|p2a: Dragonite|Dragonite, M|100/100
|turn|11
|
|t:|1745067059
|switch|p1a: Abomasnow|Abomasnow, F|100/100
|-weather|Hail|[from] ability: Snow Warning|[of] p1a: Abomasnow
|move|p2a: Dragonite|Dragon Dance|p2a: Dragonite
|-boost|p2a: Dragonite|atk|1
|-boost|p2a: Dragonite|spe|1
|
|-weather|Hail|[upkeep]
|-damage|p2a: Dragonite|94/100|[from] Hail
|-heal|p2a: Dragonite|100/100|[from] item: Leftovers
|upkeep
|turn|12
|
|t:|1745067065
|move|p2a: Dragonite|Fire Punch|p1a: Abomasnow
|-supereffective|p1a: Abomasnow
|-enditem|p1a: Abomasnow|Focus Sash
|-damage|p1a: Abomasnow|1/100
|-status|p1a: Abomasnow|brn
|move|p1a: Abomasnow|Blizzard|p2a: Dragonite
|-supereffective|p2a: Dragonite
|-damage|p2a: Dragonite|0 fnt
|faint|p2a: Dragonite
|
|-weather|Hail|[upkeep]
|-damage|p1a: Abomasnow|0 fnt|[from] brn
|faint|p1a: Abomasnow
|upkeep
|-message|baixiaohen forfeited.
|
|win|bigMaraRALO
|raw|bigMaraRALO's rating: 1322 &rarr; <strong>1348</strong><br />(+26 for winning)
|raw|baixiaohen's rating: 1434 &rarr; <strong>1408</strong><br />(-26 for losing)
|l|☆baixiaohen
|player|p2|
