|j|‽MegaStarUniverse
|j|☆The Alchemist 67
|t:|1726347473
|gametype|singles
|player|p1|MegaStarUniverse|nate|1429
|player|p2|The Alchemist 67|ghetsis|1463
|teamsize|p1|6
|teamsize|p2|6
|gen|5
|tier|[Gen 5] OU
|rated|
|rule|Species Clause: Limit one of each Pokémon
|rule|OHKO Clause: OHKO moves are banned
|rule|Moody Clause: Moody is banned
|rule|Evasion Items Clause: Evasion items are banned
|rule|Evasion Moves Clause: Evasion moves are banned
|rule|Endless Battle Clause: Forcing endless battles is banned
|rule|HP Percentage Mod: HP is shown in percentages
|rule|Evasion Abilities Clause: Evasion abilities are banned
|rule|Sleep Moves Clause: Sleep-inducing moves are banned
|rule|Swagger Clause: Swagger is banned
|rule|Baton Pass Stat Clause: No Baton Passer may have a way to boost its stats
|clearpoke
|poke|p1|Tyranitar, M|item
|poke|p1|Landorus-Therian, M|item
|poke|p1|Keldeo|item
|poke|p1|Latios, M|item
|poke|p1|Jirachi|item
|poke|p1|Garchomp, F|item
|poke|p2|Politoed, M|item
|poke|p2|Latios, M|item
|poke|p2|Garchomp, F|item
|poke|p2|Haxorus, F|item
|poke|p2|Mamoswine, M|item
|poke|p2|Magnezone|item
|teampreview
|inactive|Battle timer is ON: inactive players will automatically lose when time's up. (requested by MegaStarUniverse)
|inactive|The Alchemist 67 has 120 seconds left.
|
|t:|1726347511
|start
|switch|p1a: Jirachi|Jirachi|100/100
|switch|p2a: Politoed|Politoed, M|100/100
|-weather|RainDance|[from] ability: Drizzle|[of] p2a: Politoed
|turn|1
|
|t:|1726347515
|move|p2a: Politoed|Hydro Pump|p1a: Jirachi
|-damage|p1a: Jirachi|26/100
|move|p1a: Jirachi|Energy Ball|p2a: Politoed
|-supereffective|p2a: Politoed
|-damage|p2a: Politoed|48/100
|-unboost|p2a: Politoed|spd|1
|
|-weather|RainDance|[upkeep]
|upkeep
|turn|2
|
|t:|1726347531
|switch|p1a: Keldeo|Keldeo|100/100
|move|p2a: Politoed|Hydro Pump|p1a: Keldeo
|-resisted|p1a: Keldeo
|-damage|p1a: Keldeo|56/100
|
|-weather|RainDance|[upkeep]
|upkeep
|turn|3
|
|t:|1726347541
|switch|p2a: Latios|Latios, M|100/100
|move|p1a: Keldeo|Secret Sword|p2a: Latios
|-resisted|p2a: Latios
|-damage|p2a: Latios|72/100
|
|-weather|RainDance|[upkeep]
|upkeep
|turn|4
|
|t:|1726347547
|switch|p1a: Tyranitar|Tyranitar, M|100/100
|-weather|Sandstorm|[from] ability: Sand Stream|[of] p1a: Tyranitar
|switch|p2a: Haxorus|Haxorus, F|100/100
|-ability|p2a: Haxorus|Mold Breaker
|
|-weather|Sandstorm|[upkeep]
|-damage|p2a: Haxorus|94/100|[from] Sandstorm
|upkeep
|turn|5
|
|t:|1726347558
|move|p2a: Haxorus|Outrage|p1a: Tyranitar
|-damage|p1a: Tyranitar|0 fnt
|faint|p1a: Tyranitar
|
|-weather|Sandstorm|[upkeep]
|-damage|p2a: Haxorus|88/100|[from] Sandstorm
|upkeep
|
|t:|1726347569
|switch|p1a: Latios|Latios, M|100/100
|turn|6
|
|t:|1726347571
|move|p1a: Latios|Dragon Pulse|p2a: Haxorus
|-supereffective|p2a: Haxorus
|-damage|p2a: Haxorus|0 fnt
|faint|p2a: Haxorus
|
|-weather|Sandstorm|[upkeep]
|-damage|p1a: Latios|94/100|[from] Sandstorm
|upkeep
|
|t:|1726347580
|switch|p2a: Garchomp|Garchomp, F|100/100
|turn|7
|
|t:|1726347583
|switch|p1a: Landorus|Landorus-Therian, M|100/100
|-ability|p1a: Landorus|Intimidate|boost
|-unboost|p2a: Garchomp|atk|1
|move|p2a: Garchomp|Dragon Claw|p1a: Landorus
|-damage|p1a: Landorus|71/100
|
|-weather|Sandstorm|[upkeep]
|upkeep
|turn|8
|
|t:|1726347591
|switch|p2a: Politoed|Politoed, M|48/100
|-weather|RainDance|[from] ability: Drizzle|[of] p2a: Politoed
|move|p1a: Landorus|U-turn|p2a: Politoed
|-damage|p2a: Politoed|17/100
|
|t:|1726347600
|switch|p1a: Latios|Latios, M|94/100|[from] U-turn
|
|-weather|RainDance|[upkeep]
|upkeep
|turn|9
|
|t:|1726347608
|move|p2a: Politoed|Ice Beam|p1a: Latios
|-supereffective|p1a: Latios
|-damage|p1a: Latios|43/100
|move|p1a: Latios|Dragon Pulse|p2a: Politoed
|-damage|p2a: Politoed|0 fnt
|faint|p2a: Politoed
|
|-weather|RainDance|[upkeep]
|upkeep
|
|t:|1726347615
|switch|p2a: Mamoswine|Mamoswine, M|100/100
|turn|10
|
|t:|1726347623
|switch|p1a: Jirachi|Jirachi|26/100
|move|p2a: Mamoswine|Earthquake|p1a: Jirachi
|-supereffective|p1a: Jirachi
|-enditem|p1a: Jirachi|Shuca Berry|[eat]
|-enditem|p1a: Jirachi|Shuca Berry|[weaken]
|-damage|p1a: Jirachi|0 fnt
|faint|p1a: Jirachi
|-damage|p2a: Mamoswine|91/100|[from] item: Life Orb
|
|-weather|RainDance|[upkeep]
|upkeep
|
|t:|1726347628
|switch|p1a: Keldeo|Keldeo|56/100
|turn|11
|
|t:|1726347642
|switch|p2a: Latios|Latios, M|72/100
|move|p1a: Keldeo|Surf|p2a: Latios
|-resisted|p2a: Latios
|-damage|p2a: Latios|35/100
|
|-weather|RainDance|[upkeep]
|upkeep
|turn|12
|
|t:|1726347648
|move|p1a: Keldeo|Surf|p2a: Latios
|-resisted|p2a: Latios
|-damage|p2a: Latios|0 fnt
|faint|p2a: Latios
|
|-weather|RainDance|[upkeep]
|upkeep
|
|t:|1726347650
|switch|p2a: Garchomp|Garchomp, F|100/100
|turn|13
|
|t:|1726347669
|switch|p1a: Latios|Latios, M|43/100
|move|p2a: Garchomp|Outrage|p1a: Latios
|-supereffective|p1a: Latios
|-damage|p1a: Latios|0 fnt
|faint|p1a: Latios
|
|-weather|RainDance|[upkeep]
|upkeep
|
|t:|1726347672
|switch|p1a: Landorus|Landorus-Therian, M|71/100
|-ability|p1a: Landorus|Intimidate|boost
|-unboost|p2a: Garchomp|atk|1
|turn|14
|
|t:|1726347675
|move|p2a: Garchomp|Outrage|p1a: Landorus|[from]lockedmove
|-damage|p1a: Landorus|24/100
|move|p1a: Landorus|Earthquake|p2a: Garchomp
|-damage|p2a: Garchomp|51/100
|
|-weather|RainDance|[upkeep]
|upkeep
|turn|15
|
|t:|1726347686
|move|p2a: Garchomp|Outrage|p1a: Landorus|[from]lockedmove
|-damage|p1a: Landorus|0 fnt
|faint|p1a: Landorus
|-start|p2a: Garchomp|confusion|[fatigue]
|
|-weather|RainDance|[upkeep]
|upkeep
|
|t:|1726347688
|switch|p1a: Keldeo|Keldeo|56/100
|turn|16
|
|t:|1726347698
|switch|p2a: Magnezone|Magnezone|100/100
|-item|p2a: Magnezone|Air Balloon
|move|p1a: Keldeo|Surf|p2a: Magnezone
|-damage|p2a: Magnezone|0 fnt
|-enditem|p2a: Magnezone|Air Balloon
|faint|p2a: Magnezone
|
|-weather|RainDance|[upkeep]
|upkeep
|
|t:|1726347703
|switch|p2a: Garchomp|Garchomp, F|51/100
|turn|17
|
|t:|1726347705
|move|p1a: Keldeo|Surf|p2a: Garchomp
|-crit|p2a: Garchomp
|-damage|p2a: Garchomp|0 fnt
|faint|p2a: Garchomp
|
|-weather|RainDance|[upkeep]
|upkeep
|c|☆The Alchemist 67|aaaaah
|c|☆The Alchemist 67|dont know if that mattered
|c|☆The Alchemist 67|if yes thats embarassing
|
|t:|1726347733
|switch|p2a: Mamoswine|Mamoswine, M|91/100
|turn|18
|
|t:|1726347736
|move|p2a: Mamoswine|Ice Shard|p1a: Keldeo
|-resisted|p1a: Keldeo
|-crit|p1a: Keldeo
|-damage|p1a: Keldeo|23/100
|-damage|p2a: Mamoswine|81/100|[from] item: Life Orb
|move|p1a: Keldeo|Surf|p2a: Mamoswine
|-supereffective|p2a: Mamoswine
|-damage|p2a: Mamoswine|0 fnt
|faint|p2a: Mamoswine
|
|win|MegaStarUniverse
|raw|MegaStarUniverse's rating: 1429 &rarr; <strong>1451</strong><br />(+22 for winning)
|raw|The Alchemist 67's rating: 1463 &rarr; <strong>1441</strong><br />(-22 for losing)
