|j|☆theyubero
|j|☆lady_dimitrescu_2
|t:|1732061969
|gametype|singles
|player|p1|theyubero|baker|1353
|player|p2|lady_dimitrescu_2|shadowtriad|1266
|teamsize|p1|6
|teamsize|p2|6
|gen|5
|tier|[Gen 5] OU
|rated|
|rule|Species Clause: Limit one of each Pokémon
|rule|OHKO Clause: OHKO moves are banned
|rule|Moody Clause: Moody is banned
|rule|Evasion Items Clause: Evasion items are banned
|rule|Evasion Moves Clause: Evasion moves are banned
|rule|Endless Battle Clause: Forcing endless battles is banned
|rule|HP Percentage Mod: HP is shown in percentages
|rule|Evasion Abilities Clause: Evasion abilities are banned
|rule|Sleep Moves Clause: Sleep-inducing moves are banned
|rule|Swagger Clause: Swagger is banned
|rule|Baton Pass Stat Clause: No Baton Passer may have a way to boost its stats
|clearpoke
|poke|p1|Tyranitar, M|item
|poke|p1|Alakazam, F|item
|poke|p1|Latios, M|item
|poke|p1|Ferrothorn, M|item
|poke|p1|Keldeo|item
|poke|p1|Landorus-Therian, M|item
|poke|p2|Garchomp, M|item
|poke|p2|Latios, M|item
|poke|p2|Rotom-Wash|item
|poke|p2|Salamence, F|item
|poke|p2|Scizor, M|item
|poke|p2|Dragonite, M|item
|teampreview
|inactive|Battle timer is ON: inactive players will automatically lose when time's up. (requested by theyubero)
|
|t:|1732061978
|start
|switch|p1a: Landorus|Landorus-Therian, M|100/100
|switch|p2a: Garchomp|Garchomp, M|100/100
|-ability|p1a: Landorus|Intimidate|boost
|-unboost|p2a: Garchomp|atk|1
|turn|1
|
|t:|1732062006
|move|p2a: Garchomp|Stealth Rock|p1a: Landorus
|-sidestart|p1: theyubero|move: Stealth Rock
|move|p1a: Landorus|Hidden Power|p2a: Garchomp
|-supereffective|p2a: Garchomp
|-damage|p2a: Garchomp|20/100
|
|upkeep
|turn|2
|
|t:|1732062019
|move|p2a: Garchomp|Outrage|p1a: Landorus
|-damage|p1a: Landorus|65/100
|move|p1a: Landorus|Stealth Rock|p2a: Garchomp
|-sidestart|p2: lady_dimitrescu_2|move: Stealth Rock
|
|-heal|p1a: Landorus|71/100|[from] item: Leftovers
|upkeep
|turn|3
|
|t:|1732062027
|move|p2a: Garchomp|Outrage|p1a: Landorus|[from]lockedmove
|-damage|p1a: Landorus|34/100
|move|p1a: Landorus|Hidden Power|p2a: Garchomp
|-supereffective|p2a: Garchomp
|-damage|p2a: Garchomp|0 fnt
|faint|p2a: Garchomp
|
|-heal|p1a: Landorus|40/100|[from] item: Leftovers
|upkeep
|
|t:|1732062048
|switch|p2a: Latios|Latios, M|100/100
|-damage|p2a: Latios|88/100|[from] Stealth Rock
|turn|4
|
|t:|1732062064
|switch|p1a: Ferrothorn|Ferrothorn, M|100/100
|-damage|p1a: Ferrothorn|95/100|[from] Stealth Rock
|move|p2a: Latios|Dragon Pulse|p1a: Ferrothorn
|-resisted|p1a: Ferrothorn
|-damage|p1a: Ferrothorn|70/100
|
|-heal|p1a: Ferrothorn|76/100|[from] item: Leftovers
|upkeep
|turn|5
|
|t:|1732062078
|switch|p2a: Scizor|Scizor, M|100/100
|-damage|p2a: Scizor|88/100|[from] Stealth Rock
|move|p1a: Ferrothorn|Knock Off|p2a: Scizor
|-resisted|p2a: Scizor
|-damage|p2a: Scizor|86/100
|-enditem|p2a: Scizor|Leftovers|[from] move: Knock Off|[of] p1a: Ferrothorn
|
|-heal|p1a: Ferrothorn|82/100|[from] item: Leftovers
|upkeep
|turn|6
|inactive|lady_dimitrescu_2 has 120 seconds left.
|
|t:|1732062100
|switch|p1a: Landorus|Landorus-Therian, M|40/100
|-damage|p1a: Landorus|28/100|[from] Stealth Rock
|-ability|p1a: Landorus|Intimidate|boost
|-unboost|p2a: Scizor|atk|1
|move|p2a: Scizor|Swords Dance|p2a: Scizor
|-boost|p2a: Scizor|atk|2
|
|-heal|p1a: Landorus|34/100|[from] item: Leftovers
|upkeep
|turn|7
|
|t:|1732062117
|switch|p1a: Ferrothorn|Ferrothorn, M|82/100
|-damage|p1a: Ferrothorn|76/100|[from] Stealth Rock
|move|p2a: Scizor|Bullet Punch|p1a: Ferrothorn
|-resisted|p1a: Ferrothorn
|-crit|p1a: Ferrothorn
|-damage|p1a: Ferrothorn|42/100
|-damage|p2a: Scizor|73/100|[from] ability: Iron Barbs|[of] p1a: Ferrothorn
|
|-heal|p1a: Ferrothorn|48/100|[from] item: Leftovers
|upkeep
|turn|8
|inactive|lady_dimitrescu_2 has 120 seconds left.
|
|t:|1732062136
|move|p2a: Scizor|Superpower|p1a: Ferrothorn
|-supereffective|p1a: Ferrothorn
|-damage|p1a: Ferrothorn|0 fnt
|-unboost|p2a: Scizor|atk|1
|-unboost|p2a: Scizor|def|1
|-damage|p2a: Scizor|61/100|[from] ability: Iron Barbs|[of] p1a: Ferrothorn
|faint|p1a: Ferrothorn
|
|upkeep
|
|t:|1732062154
|switch|p1a: Keldeo|Keldeo|100/100
|-damage|p1a: Keldeo|94/100|[from] Stealth Rock
|turn|9
|inactive|lady_dimitrescu_2 has 120 seconds left.
|
|t:|1732062169
|switch|p2a: Latios|Latios, M|88/100
|-damage|p2a: Latios|76/100|[from] Stealth Rock
|move|p1a: Keldeo|Scald|p2a: Latios
|-resisted|p2a: Latios
|-damage|p2a: Latios|56/100
|-status|p2a: Latios|brn
|
|-heal|p1a: Keldeo|100/100|[from] item: Leftovers
|-damage|p2a: Latios|44/100 brn|[from] brn
|upkeep
|turn|10
|inactive|lady_dimitrescu_2 has 120 seconds left.
|
|t:|1732062181
|move|p1a: Keldeo|Protect|p1a: Keldeo
|-singleturn|p1a: Keldeo|Protect
|move|p2a: Latios|Draco Meteor|p1a: Keldeo
|-activate|p1a: Keldeo|move: Protect
|
|-damage|p2a: Latios|31/100 brn|[from] brn
|upkeep
|turn|11
|
|t:|1732062192
|switch|p2a: Rotom|Rotom-Wash|100/100
|-damage|p2a: Rotom|88/100|[from] Stealth Rock
|switch|p1a: Tyranitar|Tyranitar, M|100/100
|-damage|p1a: Tyranitar|88/100|[from] Stealth Rock
|-weather|Sandstorm|[from] ability: Sand Stream|[of] p1a: Tyranitar
|
|-weather|Sandstorm|[upkeep]
|-damage|p2a: Rotom|82/100|[from] Sandstorm
|-heal|p2a: Rotom|88/100|[from] item: Leftovers
|upkeep
|turn|12
|inactive|lady_dimitrescu_2 has 120 seconds left.
|
|t:|1732062211
|switch|p1a: Latios|Latios, M|100/100
|-damage|p1a: Latios|88/100|[from] Stealth Rock
|move|p2a: Rotom|Hydro Pump|p1a: Latios
|-resisted|p1a: Latios
|-crit|p1a: Latios
|-damage|p1a: Latios|47/100
|
|-weather|Sandstorm|[upkeep]
|-damage|p1a: Latios|41/100|[from] Sandstorm
|-damage|p2a: Rotom|82/100|[from] Sandstorm
|-heal|p2a: Rotom|88/100|[from] item: Leftovers
|upkeep
|turn|13
|
|t:|1732062215
|move|p1a: Latios|Draco Meteor|p2a: Rotom
|-damage|p2a: Rotom|34/100
|-unboost|p1a: Latios|spa|2
|move|p2a: Rotom|Thunder Wave|p1a: Latios
|-status|p1a: Latios|par
|
|-weather|Sandstorm|[upkeep]
|-damage|p2a: Rotom|28/100|[from] Sandstorm
|-damage|p1a: Latios|35/100 par|[from] Sandstorm
|-heal|p2a: Rotom|34/100|[from] item: Leftovers
|upkeep
|turn|14
|inactive|lady_dimitrescu_2 has 120 seconds left.
|
|t:|1732062255
|switch|p2a: Latios|Latios, M|31/100 brn
|-damage|p2a: Latios|19/100 brn|[from] Stealth Rock
|move|p1a: Latios|Draco Meteor|p2a: Latios
|-supereffective|p2a: Latios
|-damage|p2a: Latios|0 fnt
|-unboost|p1a: Latios|spa|2
|faint|p2a: Latios
|
|-weather|Sandstorm|[upkeep]
|-damage|p1a: Latios|29/100 par|[from] Sandstorm
|upkeep
|inactive|lady_dimitrescu_2 has 90 seconds left.
|
|t:|1732062279
|switch|p2a: Dragonite|Dragonite, M|100/100
|-damage|p2a: Dragonite|76/100|[from] Stealth Rock
|turn|15
|inactive|lady_dimitrescu_2 has 90 seconds left.
|
|t:|1732062308
|move|p2a: Dragonite|Dragon Dance|p2a: Dragonite
|-boost|p2a: Dragonite|atk|1
|-boost|p2a: Dragonite|spe|1
|cant|p1a: Latios|par
|
|-weather|Sandstorm|[upkeep]
|-damage|p2a: Dragonite|70/100|[from] Sandstorm
|-damage|p1a: Latios|23/100 par|[from] Sandstorm
|upkeep
|turn|16
|
|t:|1732062314
|move|p2a: Dragonite|Outrage|p1a: Latios
|-supereffective|p1a: Latios
|-crit|p1a: Latios
|-damage|p1a: Latios|0 fnt
|faint|p1a: Latios
|
|-weather|Sandstorm|[upkeep]
|-damage|p2a: Dragonite|63/100|[from] Sandstorm
|upkeep
|
|t:|1732062323
|switch|p1a: Landorus|Landorus-Therian, M|34/100
|-damage|p1a: Landorus|22/100|[from] Stealth Rock
|-ability|p1a: Landorus|Intimidate|boost
|-unboost|p2a: Dragonite|atk|1
|turn|17
|
|t:|1732062327
|move|p2a: Dragonite|Outrage|p1a: Landorus|[from]lockedmove
|-crit|p1a: Landorus
|-damage|p1a: Landorus|0 fnt
|faint|p1a: Landorus
|-start|p2a: Dragonite|confusion|[fatigue]
|-enditem|p2a: Dragonite|Lum Berry|[eat]
|-end|p2a: Dragonite|confusion
|
|-weather|Sandstorm|[upkeep]
|-damage|p2a: Dragonite|57/100|[from] Sandstorm
|upkeep
|j| CertamenMeum
|
|t:|1732062336
|switch|p1a: Keldeo|Keldeo|100/100
|-damage|p1a: Keldeo|94/100|[from] Stealth Rock
|turn|18
|inactive|lady_dimitrescu_2 has 120 seconds left.
|
|t:|1732062346
|move|p2a: Dragonite|Outrage|p1a: Keldeo
|-damage|p1a: Keldeo|19/100
|move|p1a: Keldeo|Hidden Power|p2a: Dragonite
|-supereffective|p2a: Dragonite
|-damage|p2a: Dragonite|0 fnt
|faint|p2a: Dragonite
|
|-weather|Sandstorm|[upkeep]
|-damage|p1a: Keldeo|13/100|[from] Sandstorm
|-heal|p1a: Keldeo|19/100|[from] item: Leftovers
|upkeep
|inactive|lady_dimitrescu_2 has 120 seconds left.
|
|t:|1732062362
|switch|p2a: Salamence|Salamence, F|100/100
|-damage|p2a: Salamence|76/100|[from] Stealth Rock
|turn|19
|l| CertamenMeum
|
|t:|1732062393
|move|p2a: Salamence|Earthquake|p1a: Keldeo
|-damage|p1a: Keldeo|0 fnt
|faint|p1a: Keldeo
|-ability|p2a: Salamence|Moxie|boost
|-boost|p2a: Salamence|atk|1
|
|-weather|Sandstorm|[upkeep]
|-damage|p2a: Salamence|70/100|[from] Sandstorm
|upkeep
|
|t:|1732062407
|switch|p1a: Alakazam|Alakazam, F|100/100
|turn|20
|
|t:|1732062410
|move|p2a: Salamence|Earthquake|p1a: Alakazam
|-damage|p1a: Alakazam|0 fnt
|faint|p1a: Alakazam
|-ability|p2a: Salamence|Moxie|boost
|-boost|p2a: Salamence|atk|1
|
|-weather|Sandstorm|[upkeep]
|-damage|p2a: Salamence|64/100|[from] Sandstorm
|upkeep
|-message|theyubero forfeited.
|
|win|lady_dimitrescu_2
|raw|theyubero's rating: 1353 &rarr; <strong>1328</strong><br />(-25 for losing)
|raw|lady_dimitrescu_2's rating: 1266 &rarr; <strong>1297</strong><br />(+31 for winning)
|l|☆theyubero
|player|p1|
