|join|Eber Alakazam
|join|dtw
|player|p1|Eber Alakazam|1
|player|p2|dtw|1
|gametype|singles
|gen|5
|tier|[Gen 5] OU
|rated
|rule|Evasion Abilities Clause: Evasion abilities are banned
|clearpoke
|poke|p1|Blissey, F
|poke|p1|Skarmory, F
|poke|p1|Ferrothorn, M
|poke|p1|Tentacruel, M
|poke|p1|Politoed, M
|poke|p1|Mew
|poke|p2|Staraptor, F
|poke|p2|Rotom-Wash
|poke|p2|Scizor, F
|poke|p2|Tyranitar, M
|poke|p2|Landorus-Therian, M
|poke|p2|Mienshao, M
|rule|Sleep Clause Mod: Limit one foe put to sleep
|rule|Species Clause: Limit one of each Pokémon
|rule|OHKO Clause: OHKO moves are banned
|rule|Moody Clause: Moody is banned
|rule|Evasion Moves Clause: Evasion moves are banned
|rule|Endless Battle Clause: Forcing endless battles is banned
|rule|HP Percentage Mod: HP is reported as percentages
|teampreview
|
|start
|switch|p1a: Skarmory|Skarmory, F|334/334
|switch|p2a: Mienshao|Mienshao, M|271/271
|turn|1
|
|move|p2a: Mienshao|U-turn|p1a: Skarmory
|-resisted|p1a: Skarmory
|-damage|p1a: Skarmory|320/334
|-damage|p2a: Mienshao|226/271|[from] item: Rocky Helmet|[of] p1a: Skarmory
|-damage|p2a: Mienshao|199/271|[from] item: Life Orb
|
|switch|p2a: Landorus-Therian|Landorus-Therian, M|381/381
|-ability|p2a: Landorus-Therian|Intimidate|[of] p1a: Skarmory
|-unboost|p1a: Skarmory|atk|1
|move|p1a: Skarmory|Spikes|p2a: Landorus-Therian
|-sidestart|p2: dtw|Spikes
|
|turn|2
|
|move|p2a: Landorus-Therian|Stealth Rock|p1a: Skarmory
|-sidestart|p1: Eber Alakazam|move: Stealth Rock
|move|p1a: Skarmory|Spikes|p2a: Landorus-Therian
|-sidestart|p2: dtw|Spikes
|
|turn|3
|
|switch|p2a: Rotom-Wash|Rotom-Wash|303/303
|move|p1a: Skarmory|Spikes|p2a: Rotom-Wash
|-sidestart|p2: dtw|Spikes
|
|turn|4
|
|switch|p1a: Blissey|Blissey, F|714/714
|-damage|p1a: Blissey|625/714|[from] Stealth Rock
|move|p2a: Rotom-Wash|Volt Switch|p1a: Blissey
|-crit|p1a: Blissey
|-damage|p1a: Blissey|481/714
|
|switch|p2a: Mienshao|Mienshao, M|271/271
|-damage|p2a: Mienshao|204/271|[from] Spikes
|
|-heal|p1a: Blissey|525/714|[from] item: Leftovers
|turn|5
|
|switch|p1a: Skarmory|Skarmory, F|320/334
|-damage|p1a: Skarmory|279/334|[from] Stealth Rock
|move|p2a: Mienshao|High Jump Kick|p1a: Skarmory
|-damage|p1a: Skarmory|122/334
|-damage|p2a: Mienshao|159/271|[from] item: Rocky Helmet|[of] p1a: Skarmory
|-damage|p2a: Mienshao|132/271|[from] item: Life Orb
|
|turn|6
|
|switch|p1a: Tentacruel|Tentacruel, M|364/364
|-damage|p1a: Tentacruel|319/364|[from] Stealth Rock
|move|p2a: Mienshao|High Jump Kick|p1a: Tentacruel
|-resisted|p1a: Tentacruel
|-damage|p1a: Tentacruel|177/364
|-damage|p2a: Mienshao|105/271|[from] item: Life Orb
|
|-heal|p1a: Tentacruel|199/364|[from] item: Black Sludge
|turn|7
|
|move|p2a: Mienshao|U-turn|p1a: Tentacruel
|-resisted|p1a: Tentacruel
|-damage|p1a: Tentacruel|150/364
|-damage|p2a: Mienshao|78/271|[from] item: Life Orb
|
|switch|p2a: Rotom-Wash|Rotom-Wash|303/303
|move|p1a: Tentacruel|Toxic Spikes|p2a: Rotom-Wash
|-sidestart|p2: dtw|move: Toxic Spikes
|
|-heal|p1a: Tentacruel|172/364|[from] item: Black Sludge
|turn|8
|
|move|p1a: Tentacruel|Protect|p1a: Tentacruel
|-singleturn|p1a: Tentacruel|Protect
|move|p2a: Rotom-Wash|Volt Switch|p1a: Tentacruel
|-activate|p1a: Tentacruel|Protect
|
|-heal|p1a: Tentacruel|194/364|[from] item: Black Sludge
|turn|9
|
|switch|p1a: Ferrothorn|Ferrothorn, M|351/351
|-damage|p1a: Ferrothorn|330/351|[from] Stealth Rock
|move|p2a: Rotom-Wash|Volt Switch|p1a: Ferrothorn
|-resisted|p1a: Ferrothorn
|-damage|p1a: Ferrothorn|303/351
|
|switch|p2a: Staraptor|Staraptor, F|311/311
|
|-heal|p1a: Ferrothorn|324/351|[from] item: Leftovers
|turn|10
|
|switch|p1a: Mew|Mew|404/404
|-damage|p1a: Mew|354/404|[from] Stealth Rock
|move|p2a: Staraptor|Brave Bird|p1a: Mew
|-damage|p1a: Mew|81/404
|-damage|p2a: Staraptor|221/311|[from] recoil|[of] p1a: Mew
|
|-heal|p1a: Mew|106/404|[from] item: Leftovers
|turn|11
|
|switch|p1a: Skarmory|Skarmory, F|122/334
|-damage|p1a: Skarmory|81/334|[from] Stealth Rock
|move|p2a: Staraptor|Brave Bird|p1a: Skarmory
|-resisted|p1a: Skarmory
|-damage|p1a: Skarmory|0 fnt
|-damage|p2a: Staraptor|170/311|[from] item: Rocky Helmet|[of] p1a: Skarmory
|-damage|p2a: Staraptor|143/311|[from] recoil|[of] p1a: Skarmory
|faint|p1a: Skarmory
|
|
|switch|p1a: Ferrothorn|Ferrothorn, M|324/351
|-damage|p1a: Ferrothorn|303/351|[from] Stealth Rock
|turn|12
|
|move|p2a: Staraptor|Brave Bird|p1a: Ferrothorn
|-damage|p1a: Ferrothorn|0 fnt
|-damage|p2a: Staraptor|105/311|[from] ability: Iron Barbs|[of] p1a: Ferrothorn
|-damage|p2a: Staraptor|5/311|[from] recoil|[of] p1a: Ferrothorn
|faint|p1a: Ferrothorn
|
|leave|Eber Alakazam
|player|p1
|-message|eberalakazam lost due to inactivity.
|
|win|dtw
|raw|Ladder updating...
|raw|Eber Alakazam's rating: 1441 &rarr; <strong>1417</strong><br />(-24 for losing)
|raw|dtw's rating: 1377 &rarr; <strong>1400</strong><br />(+23 for winning)