|j|☆Pleasure
|j|☆porrompompom
|player|p1|Pleasure|102
|player|p2|porrompompom|170
|teamsize|p1|6
|teamsize|p2|6
|gametype|singles
|gen|5
|tier|[Gen 5] OU
|rated|
|rule|Sleep Clause Mod: Limit one foe put to sleep
|rule|Species Clause: Limit one of each Pokémon
|rule|OHKO Clause: OHKO moves are banned
|rule|Moody Clause: Moody is banned
|rule|Evasion Moves Clause: Evasion moves are banned
|rule|Endless Battle Clause: Forcing endless battles is banned
|rule|HP Percentage Mod: HP is shown in percentages
|rule|Evasion Abilities Clause: Evasion abilities are banned
|rule|Baton Pass Clause: Limit one Baton Passer, can't pass Spe and other stats simultaneously
|rule|Swagger Clause: Swagger is banned
|clearpoke
|poke|p1|Ferrothorn, M|item
|poke|p1|Heatran, M|item
|poke|p1|Tyranitar, F|item
|poke|p1|Latios, M|item
|poke|p1|Alakazam, F|item
|poke|p1|Gliscor, M|item
|poke|p2|Ninetales, M|item
|poke|p2|Heatran, F|item
|poke|p2|Cresselia, F|item
|poke|p2|Forretress, F|item
|poke|p2|Quagsire, F|item
|poke|p2|Chansey, F|item
|teampreview
|inactive|Battle timer is ON: inactive players will automatically lose when time's up. (requested by Pleasure)
|inactive|porrompompom has 135 seconds left.
|
|start
|switch|p1a: Heatran|Heatran, M|100/100
|switch|p2a: Heatran|Heatran, F|100/100
|turn|1
|inactive|Pleasure has 135 seconds left.
|
|move|p1a: Heatran|Stealth Rock|p2a: Heatran
|-sidestart|p2: porrompompom|move: Stealth Rock
|move|p2a: Heatran|Earth Power|p1a: Heatran
|-supereffective|p1a: Heatran
|-damage|p1a: Heatran|34/100
|
|-heal|p1a: Heatran|40/100|[from] item: Leftovers
|upkeep
|turn|2
|
|switch|p1a: Gliscor|Gliscor, M|100/100
|move|p2a: Heatran|Earth Power|p1a: Gliscor
|-immune|p1a: Gliscor|[msg]
|
|-status|p1a: Gliscor|tox|[from] item: Toxic Orb
|upkeep
|turn|3
|
|switch|p1a: Heatran|Heatran, M|40/100
|switch|p2a: Forretress|Forretress, F|100/100
|-damage|p2a: Forretress|88/100|[from] Stealth Rock
|
|-heal|p1a: Heatran|47/100|[from] item: Leftovers
|-heal|p2a: Forretress|94/100|[from] item: Leftovers
|upkeep
|turn|4
|
|switch|p2a: Chansey|Chansey, F|100/100
|-damage|p2a: Chansey|88/100|[from] Stealth Rock
|move|p1a: Heatran|Roar|p2a: Chansey
|drag|p2a: Heatran|Heatran, F|100/100
|-damage|p2a: Heatran|88/100|[from] Stealth Rock
|
|-heal|p1a: Heatran|53/100|[from] item: Leftovers
|-heal|p2a: Heatran|94/100|[from] item: Leftovers
|upkeep
|turn|5
|
|switch|p1a: Gliscor|Gliscor, M|100/100 tox
|move|p2a: Heatran|Earth Power|p1a: Gliscor
|-immune|p1a: Gliscor|[msg]
|
|-heal|p2a: Heatran|100/100|[from] item: Leftovers
|upkeep
|turn|6
|
|switch|p2a: Forretress|Forretress, F|94/100
|-damage|p2a: Forretress|82/100|[from] Stealth Rock
|move|p1a: Gliscor|Earthquake|p2a: Forretress
|-damage|p2a: Forretress|64/100
|
|-heal|p2a: Forretress|70/100|[from] item: Leftovers
|upkeep
|turn|7
|
|move|p1a: Gliscor|Taunt|p2a: Forretress
|-start|p2a: Forretress|move: Taunt
|cant|p2a: Forretress|move: Taunt|Spikes
|
|-heal|p2a: Forretress|76/100|[from] item: Leftovers
|upkeep
|turn|8
|
|move|p1a: Gliscor|Earthquake|p2a: Forretress
|-damage|p2a: Forretress|57/100
|move|p2a: Forretress|Rapid Spin|p1a: Gliscor
|-damage|p1a: Gliscor|98/100 tox
|-sideend|p2: porrompompom|Stealth Rock|[from] move: Rapid Spin|[of] p2a: Forretress
|
|-heal|p2a: Forretress|63/100|[from] item: Leftovers
|-heal|p1a: Gliscor|100/100 tox|[from] ability: Poison Heal
|upkeep
|turn|9
|
|switch|p2a: Cresselia|Cresselia, F|100/100
|move|p1a: Gliscor|Earthquake|p2a: Cresselia
|-immune|p2a: Cresselia|[msg]|[from] ability: Levitate
|
|upkeep
|turn|10
|
|switch|p1a: Heatran|Heatran, M|53/100
|move|p2a: Cresselia|Thunder Wave|p1a: Heatran
|-status|p1a: Heatran|par
|
|-heal|p1a: Heatran|59/100 par|[from] item: Leftovers
|upkeep
|turn|11
|
|switch|p2a: Chansey|Chansey, F|88/100
|move|p1a: Heatran|Stealth Rock|p2a: Chansey
|-sidestart|p2: porrompompom|move: Stealth Rock
|
|-heal|p1a: Heatran|65/100 par|[from] item: Leftovers
|upkeep
|turn|12
|
|switch|p1a: Ferrothorn|Ferrothorn, M|100/100
|move|p2a: Chansey|Stealth Rock|p1a: Ferrothorn
|-sidestart|p1: Pleasure|move: Stealth Rock
|
|upkeep
|turn|13
|
|switch|p2a: Forretress|Forretress, F|63/100
|-damage|p2a: Forretress|50/100|[from] Stealth Rock
|move|p1a: Ferrothorn|Leech Seed|p2a: Forretress
|-start|p2a: Forretress|move: Leech Seed
|
|-heal|p2a: Forretress|57/100|[from] item: Leftovers
|-damage|p2a: Forretress|44/100|[from] Leech Seed|[of] p1a: Ferrothorn
|upkeep
|turn|14
|
|move|p1a: Ferrothorn|Protect|p1a: Ferrothorn
|-singleturn|p1a: Ferrothorn|Protect
|move|p2a: Forretress|Rapid Spin|p1a: Ferrothorn
|-activate|p1a: Ferrothorn|move: Protect
|
|-heal|p2a: Forretress|50/100|[from] item: Leftovers
|-damage|p2a: Forretress|38/100|[from] Leech Seed|[of] p1a: Ferrothorn
|upkeep
|turn|15
|
|switch|p1a: Heatran|Heatran, M|65/100 par
|-damage|p1a: Heatran|53/100 par|[from] Stealth Rock
|move|p2a: Forretress|Rapid Spin|p1a: Heatran
|-resisted|p1a: Heatran
|-damage|p1a: Heatran|52/100 par
|-end|p2a: Forretress|Leech Seed|[from] move: Rapid Spin|[of] p2a: Forretress
|-sideend|p2: porrompompom|Stealth Rock|[from] move: Rapid Spin|[of] p2a: Forretress
|
|-heal|p2a: Forretress|44/100|[from] item: Leftovers
|-heal|p1a: Heatran|58/100 par|[from] item: Leftovers
|upkeep
|turn|16
|
|switch|p2a: Heatran|Heatran, F|100/100
|move|p1a: Heatran|Lava Plume|p2a: Heatran
|-start|p2a: Heatran|ability: Flash Fire
|
|-heal|p1a: Heatran|64/100 par|[from] item: Leftovers
|upkeep
|turn|17
|
|switch|p1a: Gliscor|Gliscor, M|100/100 tox
|-damage|p1a: Gliscor|88/100 tox|[from] Stealth Rock
|move|p2a: Heatran|Magma Storm|p1a: Gliscor
|-damage|p1a: Gliscor|0 fnt
|faint|p1a: Gliscor
|
|upkeep
|
|switch|p1a: Latios|Latios, M|100/100
|-damage|p1a: Latios|88/100|[from] Stealth Rock
|turn|18
|
|move|p2a: Heatran|Protect|p2a: Heatran
|-singleturn|p2a: Heatran|Protect
|move|p1a: Latios|Trick|p2a: Heatran
|-activate|p2a: Heatran|move: Protect
|
|upkeep
|turn|19
|
|-end|p2a: Heatran|ability: Flash Fire|[silent]
|switch|p2a: Ninetales|Ninetales, M|100/100
|-weather|SunnyDay|[from] ability: Drought|[of] p2a: Ninetales
|move|p1a: Latios|Trick|p2a: Ninetales
|-activate|p1a: Latios|move: Trick|[of] p2a: Ninetales
|-item|p2a: Ninetales|Choice Specs|[from] move: Trick
|-item|p1a: Latios|Leftovers|[from] move: Trick
|
|-weather|SunnyDay|[upkeep]
|-heal|p1a: Latios|94/100|[from] item: Leftovers
|upkeep
|turn|20
|
|switch|p1a: Heatran|Heatran, M|64/100 par
|-damage|p1a: Heatran|52/100 par|[from] Stealth Rock
|switch|p2a: Heatran|Heatran, F|100/100
|
|-weather|SunnyDay|[upkeep]
|-heal|p1a: Heatran|58/100 par|[from] item: Leftovers
|upkeep
|turn|21
|
|switch|p1a: Tyranitar|Tyranitar, F|100/100
|-damage|p1a: Tyranitar|88/100|[from] Stealth Rock
|-weather|Sandstorm|[from] ability: Sand Stream|[of] p1a: Tyranitar
|move|p2a: Heatran|Earth Power|p1a: Tyranitar
|-supereffective|p1a: Tyranitar
|-damage|p1a: Tyranitar|55/100
|
|-weather|Sandstorm|[upkeep]
|upkeep
|turn|22
|
|move|p2a: Heatran|Protect|p2a: Heatran
|-singleturn|p2a: Heatran|Protect
|move|p1a: Tyranitar|Stone Edge|p2a: Heatran
|-activate|p2a: Heatran|move: Protect
|
|-weather|Sandstorm|[upkeep]
|upkeep
|turn|23
|
|switch|p1a: Ferrothorn|Ferrothorn, M|100/100
|-damage|p1a: Ferrothorn|94/100|[from] Stealth Rock
|switch|p2a: Quagsire|Quagsire, F|100/100
|
|-weather|Sandstorm|[upkeep]
|-heal|p1a: Ferrothorn|100/100|[from] item: Leftovers
|upkeep
|turn|24
|
|switch|p2a: Forretress|Forretress, F|44/100
|move|p1a: Ferrothorn|Leech Seed|p2a: Forretress
|-start|p2a: Forretress|move: Leech Seed
|
|-weather|Sandstorm|[upkeep]
|-heal|p2a: Forretress|50/100|[from] item: Leftovers
|-damage|p2a: Forretress|38/100|[from] Leech Seed|[of] p1a: Ferrothorn
|upkeep
|turn|25
|
|move|p2a: Forretress|Spikes|p1a: Ferrothorn
|-sidestart|p1: Pleasure|Spikes
|move|p1a: Ferrothorn|Spikes|p2a: Forretress
|-sidestart|p2: porrompompom|Spikes
|
|-weather|Sandstorm|[upkeep]
|-heal|p2a: Forretress|44/100|[from] item: Leftovers
|-damage|p2a: Forretress|32/100|[from] Leech Seed|[of] p1a: Ferrothorn
|upkeep
|turn|26
|inactive|Pleasure has 135 seconds left.
|
|switch|p1a: Heatran|Heatran, M|58/100 par
|-damage|p1a: Heatran|45/100 par|[from] Stealth Rock
|-damage|p1a: Heatran|33/100 par|[from] Spikes
|move|p2a: Forretress|Rapid Spin|p1a: Heatran
|-resisted|p1a: Heatran
|-damage|p1a: Heatran|31/100 par
|-end|p2a: Forretress|Leech Seed|[from] move: Rapid Spin|[of] p2a: Forretress
|-sideend|p2: porrompompom|Spikes|[from] move: Rapid Spin|[of] p2a: Forretress
|
|-weather|Sandstorm|[upkeep]
|-heal|p2a: Forretress|38/100|[from] item: Leftovers
|-heal|p1a: Heatran|38/100 par|[from] item: Leftovers
|upkeep
|turn|27
|
|switch|p2a: Ninetales|Ninetales, M|100/100
|-weather|SunnyDay|[from] ability: Drought|[of] p2a: Ninetales
|move|p1a: Heatran|Stealth Rock|p2a: Ninetales
|-sidestart|p2: porrompompom|move: Stealth Rock
|
|-weather|SunnyDay|[upkeep]
|-heal|p1a: Heatran|44/100 par|[from] item: Leftovers
|upkeep
|turn|28
|
|switch|p2a: Heatran|Heatran, F|100/100
|-damage|p2a: Heatran|88/100|[from] Stealth Rock
|move|p1a: Heatran|Protect|p1a: Heatran
|-fail|p1a: Heatran
|
|-weather|SunnyDay|[upkeep]
|-heal|p2a: Heatran|94/100|[from] item: Leftovers
|-heal|p1a: Heatran|50/100 par|[from] item: Leftovers
|upkeep
|turn|29
|
|switch|p1a: Latios|Latios, M|94/100
|-damage|p1a: Latios|82/100|[from] Stealth Rock
|move|p2a: Heatran|Earth Power|p1a: Latios
|-immune|p1a: Latios|[msg]|[from] ability: Levitate
|
|-weather|SunnyDay|[upkeep]
|-heal|p1a: Latios|88/100|[from] item: Leftovers
|-heal|p2a: Heatran|100/100|[from] item: Leftovers
|upkeep
|turn|30
|
|move|p1a: Latios|Surf|p2a: Heatran
|-supereffective|p2a: Heatran
|-damage|p2a: Heatran|80/100
|move|p2a: Heatran|Toxic|p1a: Latios|[miss]
|-miss|p2a: Heatran|p1a: Latios
|
|-weather|SunnyDay|[upkeep]
|-heal|p1a: Latios|94/100|[from] item: Leftovers
|-heal|p2a: Heatran|86/100|[from] item: Leftovers
|upkeep
|turn|31
|
|switch|p1a: Tyranitar|Tyranitar, F|55/100
|-damage|p1a: Tyranitar|43/100|[from] Spikes
|-damage|p1a: Tyranitar|31/100|[from] Stealth Rock
|-weather|Sandstorm|[from] ability: Sand Stream|[of] p1a: Tyranitar
|move|p2a: Heatran|Toxic|p1a: Tyranitar
|-status|p1a: Tyranitar|tox
|
|-weather|Sandstorm|[upkeep]
|-heal|p2a: Heatran|92/100|[from] item: Leftovers
|-damage|p1a: Tyranitar|25/100 tox|[from] psn
|upkeep
|turn|32
|
|move|p2a: Heatran|Protect|p2a: Heatran
|-singleturn|p2a: Heatran|Protect
|move|p1a: Tyranitar|Stone Edge|p2a: Heatran
|-activate|p2a: Heatran|move: Protect
|
|-weather|Sandstorm|[upkeep]
|-heal|p2a: Heatran|98/100|[from] item: Leftovers
|-damage|p1a: Tyranitar|12/100 tox|[from] psn
|upkeep
|turn|33
|
|switch|p1a: Ferrothorn|Ferrothorn, M|100/100
|-damage|p1a: Ferrothorn|88/100|[from] Spikes
|-damage|p1a: Ferrothorn|82/100|[from] Stealth Rock
|switch|p2a: Ninetales|Ninetales, M|100/100
|-damage|p2a: Ninetales|76/100|[from] Stealth Rock
|-weather|SunnyDay|[from] ability: Drought|[of] p2a: Ninetales
|
|-weather|SunnyDay|[upkeep]
|-heal|p1a: Ferrothorn|88/100|[from] item: Leftovers
|upkeep
|turn|34
|
|switch|p1a: Heatran|Heatran, M|50/100 par
|-damage|p1a: Heatran|38/100 par|[from] Spikes
|-damage|p1a: Heatran|25/100 par|[from] Stealth Rock
|move|p2a: Ninetales|Roar|p1a: Heatran
|drag|p1a: Latios|Latios, M|94/100
|-damage|p1a: Latios|82/100|[from] Stealth Rock
|
|-weather|SunnyDay|[upkeep]
|-heal|p1a: Latios|88/100|[from] item: Leftovers
|upkeep
|turn|35
|
|switch|p2a: Heatran|Heatran, F|98/100
|-damage|p2a: Heatran|86/100|[from] Stealth Rock
|move|p1a: Latios|Psyshock|p2a: Heatran
|-resisted|p2a: Heatran
|-damage|p2a: Heatran|67/100
|
|-weather|SunnyDay|[upkeep]
|-heal|p1a: Latios|94/100|[from] item: Leftovers
|-heal|p2a: Heatran|73/100|[from] item: Leftovers
|upkeep
|turn|36
|
|move|p2a: Heatran|Protect|p2a: Heatran
|-singleturn|p2a: Heatran|Protect
|move|p1a: Latios|Surf|p2a: Heatran
|-activate|p2a: Heatran|move: Protect
|
|-weather|SunnyDay|[upkeep]
|-heal|p1a: Latios|99/100|[from] item: Leftovers
|-heal|p2a: Heatran|79/100|[from] item: Leftovers
|upkeep
|turn|37
|
|move|p1a: Latios|Surf|p2a: Heatran
|-supereffective|p2a: Heatran
|-damage|p2a: Heatran|58/100
|move|p2a: Heatran|Toxic|p1a: Latios
|-status|p1a: Latios|tox
|
|-weather|SunnyDay|[upkeep]
|-heal|p1a: Latios|100/100 tox|[from] item: Leftovers
|-heal|p2a: Heatran|64/100|[from] item: Leftovers
|-damage|p1a: Latios|95/100 tox|[from] psn
|upkeep
|turn|38
|
|switch|p1a: Alakazam|Alakazam, F|100/100
|move|p2a: Heatran|Protect|p2a: Heatran
|-fail|p2a: Heatran
|
|-weather|SunnyDay|[upkeep]
|-heal|p2a: Heatran|70/100|[from] item: Leftovers
|upkeep
|turn|39
|
|move|p1a: Alakazam|Focus Blast|p2a: Heatran
|-supereffective|p2a: Heatran
|-damage|p2a: Heatran|14/100
|move|p2a: Heatran|Magma Storm|p1a: Alakazam
|-enditem|p1a: Alakazam|Focus Sash
|-damage|p1a: Alakazam|1/100
|-activate|p1a: Alakazam|move: Magma Storm|[of] p2a: Heatran
|
|-weather|SunnyDay|[upkeep]
|-heal|p2a: Heatran|20/100|[from] item: Leftovers
|upkeep
|turn|40
|
|switch|p2a: Cresselia|Cresselia, F|100/100
|-damage|p2a: Cresselia|88/100|[from] Stealth Rock
|move|p1a: Alakazam|Focus Blast|p2a: Cresselia
|-resisted|p2a: Cresselia
|-damage|p2a: Cresselia|75/100
|
|-weather|SunnyDay|[upkeep]
|-heal|p2a: Cresselia|81/100|[from] item: Leftovers
|upkeep
|turn|41
|
|switch|p1a: Ferrothorn|Ferrothorn, M|88/100
|-damage|p1a: Ferrothorn|82/100|[from] Stealth Rock
|-damage|p1a: Ferrothorn|69/100|[from] Spikes
|move|p2a: Cresselia|Ice Beam|p1a: Ferrothorn
|-damage|p1a: Ferrothorn|58/100
|
|-weather|SunnyDay|[upkeep]
|-heal|p2a: Cresselia|87/100|[from] item: Leftovers
|-heal|p1a: Ferrothorn|64/100|[from] item: Leftovers
|upkeep
|turn|42
|
|switch|p2a: Forretress|Forretress, F|38/100
|-damage|p2a: Forretress|25/100|[from] Stealth Rock
|move|p1a: Ferrothorn|Leech Seed|p2a: Forretress
|-start|p2a: Forretress|move: Leech Seed
|
|-weather|SunnyDay|[upkeep]
|-heal|p2a: Forretress|32/100|[from] item: Leftovers
|-heal|p1a: Ferrothorn|70/100|[from] item: Leftovers
|-damage|p2a: Forretress|19/100|[from] Leech Seed|[of] p1a: Ferrothorn
|-heal|p1a: Ferrothorn|83/100|[silent]
|upkeep
|turn|43
|
|move|p2a: Forretress|Pain Split|p1a: Ferrothorn
|-sethp|p1a: Ferrothorn|51/100|p2a: Forretress|51/100|[from] move: Pain Split
|move|p1a: Ferrothorn|Spikes|p2a: Forretress
|-sidestart|p2: porrompompom|Spikes
|
|-weather|SunnyDay|[upkeep]
|-heal|p2a: Forretress|57/100|[from] item: Leftovers
|-heal|p1a: Ferrothorn|57/100|[from] item: Leftovers
|-damage|p2a: Forretress|45/100|[from] Leech Seed|[of] p1a: Ferrothorn
|-heal|p1a: Ferrothorn|70/100|[silent]
|upkeep
|turn|44
|
|move|p1a: Ferrothorn|Protect|p1a: Ferrothorn
|-singleturn|p1a: Ferrothorn|Protect
|move|p2a: Forretress|Rapid Spin|p1a: Ferrothorn
|-activate|p1a: Ferrothorn|move: Protect
|
|-weather|SunnyDay|[upkeep]
|-heal|p2a: Forretress|51/100|[from] item: Leftovers
|-heal|p1a: Ferrothorn|76/100|[from] item: Leftovers
|-damage|p2a: Forretress|38/100|[from] Leech Seed|[of] p1a: Ferrothorn
|-heal|p1a: Ferrothorn|89/100|[silent]
|upkeep
|turn|45
|
|move|p2a: Forretress|Rapid Spin|p1a: Ferrothorn
|-resisted|p1a: Ferrothorn
|-damage|p1a: Ferrothorn|87/100
|-damage|p2a: Forretress|26/100|[from] ability: Iron Barbs|[of] p1a: Ferrothorn
|-end|p2a: Forretress|Leech Seed|[from] move: Rapid Spin|[of] p2a: Forretress
|-sideend|p2: porrompompom|Spikes|[from] move: Rapid Spin|[of] p2a: Forretress
|-sideend|p2: porrompompom|Stealth Rock|[from] move: Rapid Spin|[of] p2a: Forretress
|move|p1a: Ferrothorn|Leech Seed|p2a: Forretress
|-start|p2a: Forretress|move: Leech Seed
|
|-weather|SunnyDay|[upkeep]
|-heal|p2a: Forretress|32/100|[from] item: Leftovers
|-heal|p1a: Ferrothorn|93/100|[from] item: Leftovers
|-damage|p2a: Forretress|20/100|[from] Leech Seed|[of] p1a: Ferrothorn
|-heal|p1a: Ferrothorn|100/100|[silent]
|upkeep
|turn|46
|inactive|Pleasure has 135 seconds left.
|
|switch|p2a: Heatran|Heatran, F|20/100
|switch|p1a: Alakazam|Alakazam, F|1/100
|
|-weather|SunnyDay|[upkeep]
|-heal|p2a: Heatran|26/100|[from] item: Leftovers
|upkeep
|turn|47
|
|move|p2a: Heatran|Protect|p2a: Heatran
|-singleturn|p2a: Heatran|Protect
|move|p1a: Alakazam|Focus Blast|p2a: Heatran
|-activate|p2a: Heatran|move: Protect
|
|-weather|SunnyDay|[upkeep]
|-heal|p2a: Heatran|33/100|[from] item: Leftovers
|upkeep
|turn|48
|
|switch|p1a: Ferrothorn|Ferrothorn, M|100/100
|-damage|p1a: Ferrothorn|94/100|[from] Stealth Rock
|-damage|p1a: Ferrothorn|82/100|[from] Spikes
|switch|p2a: Cresselia|Cresselia, F|87/100
|
|-weather|SunnyDay|[upkeep]
|-heal|p2a: Cresselia|93/100|[from] item: Leftovers
|-heal|p1a: Ferrothorn|88/100|[from] item: Leftovers
|upkeep
|turn|49
|
|switch|p2a: Forretress|Forretress, F|20/100
|move|p1a: Ferrothorn|Spikes|p2a: Forretress
|-sidestart|p2: porrompompom|Spikes
|
|-weather|SunnyDay|[upkeep]
|-heal|p2a: Forretress|26/100|[from] item: Leftovers
|-heal|p1a: Ferrothorn|94/100|[from] item: Leftovers
|upkeep
|turn|50
|
|move|p2a: Forretress|Rapid Spin|p1a: Ferrothorn
|-resisted|p1a: Ferrothorn
|-damage|p1a: Ferrothorn|93/100
|-damage|p2a: Forretress|14/100|[from] ability: Iron Barbs|[of] p1a: Ferrothorn
|-sideend|p2: porrompompom|Spikes|[from] move: Rapid Spin|[of] p2a: Forretress
|move|p1a: Ferrothorn|Leech Seed|p2a: Forretress
|-start|p2a: Forretress|move: Leech Seed
|
|-weather|SunnyDay|[upkeep]
|-heal|p2a: Forretress|20/100|[from] item: Leftovers
|-heal|p1a: Ferrothorn|99/100|[from] item: Leftovers
|-damage|p2a: Forretress|7/100|[from] Leech Seed|[of] p1a: Ferrothorn
|-heal|p1a: Ferrothorn|100/100|[silent]
|upkeep
|turn|51
|inactive|Pleasure has 135 seconds left.
|
|switch|p1a: Alakazam|Alakazam, F|1/100
|move|p2a: Forretress|Rapid Spin|p1a: Alakazam
|-damage|p1a: Alakazam|0 fnt
|-end|p2a: Forretress|Leech Seed|[from] move: Rapid Spin|[of] p2a: Forretress
|faint|p1a: Alakazam
|
|-weather|SunnyDay|[upkeep]
|-heal|p2a: Forretress|14/100|[from] item: Leftovers
|upkeep
|
|switch|p1a: Latios|Latios, M|95/100 tox
|-damage|p1a: Latios|82/100 tox|[from] Stealth Rock
|turn|52
|
|switch|p1a: Ferrothorn|Ferrothorn, M|100/100
|-damage|p1a: Ferrothorn|88/100|[from] Spikes
|-damage|p1a: Ferrothorn|82/100|[from] Stealth Rock
|switch|p2a: Cresselia|Cresselia, F|93/100
|
|-weather|SunnyDay|[upkeep]
|-heal|p2a: Cresselia|99/100|[from] item: Leftovers
|-heal|p1a: Ferrothorn|88/100|[from] item: Leftovers
|upkeep
|turn|53
|
|switch|p2a: Forretress|Forretress, F|14/100
|move|p1a: Ferrothorn|Spikes|p2a: Forretress
|-sidestart|p2: porrompompom|Spikes
|
|-weather|SunnyDay|[upkeep]
|-heal|p2a: Forretress|20/100|[from] item: Leftovers
|-heal|p1a: Ferrothorn|94/100|[from] item: Leftovers
|upkeep
|turn|54
|
|switch|p1a: Tyranitar|Tyranitar, F|12/100 tox
|-damage|p1a: Tyranitar|0 fnt|[from] Stealth Rock
|faint|p1a: Tyranitar
|move|p2a: Forretress|Pain Split|p1: Tyranitar|[notarget]
|-notarget
|
|-weather|SunnyDay|[upkeep]
|-heal|p2a: Forretress|26/100|[from] item: Leftovers
|upkeep
|
|switch|p1a: Latios|Latios, M|82/100 tox
|-damage|p1a: Latios|70/100 tox|[from] Stealth Rock
|turn|55
|
|move|p1a: Latios|Surf|p2a: Forretress
|-damage|p2a: Forretress|4/100
|move|p2a: Forretress|Pain Split|p1a: Latios
|-sethp|p1a: Latios|37/100 tox|p2a: Forretress|32/100|[from] move: Pain Split
|
|-weather|SunnyDay|[upkeep]
|-heal|p1a: Latios|43/100 tox|[from] item: Leftovers
|-heal|p2a: Forretress|38/100|[from] item: Leftovers
|-damage|p1a: Latios|37/100 tox|[from] psn
|upkeep
|turn|56
|-message|Pleasure forfeited.
|
|win|porrompompom
|l|☆Pleasure
|raw|Pleasure's rating: 1444 &rarr; <strong>1424</strong><br />(-20 for losing)
|raw|porrompompom's rating: 1436 &rarr; <strong>1456</strong><br />(+20 for winning)
