|j|☆v50gw
|j|☆gongping
|t:|1730528667
|gametype|singles
|player|p1|v50gw|n|1337
|player|p2|gongping|265|1324
|teamsize|p1|6
|teamsize|p2|6
|gen|5
|tier|[Gen 5] OU
|rated|
|rule|Species Clause: Limit one of each Pokémon
|rule|OHKO Clause: OHKO moves are banned
|rule|Moody Clause: Moody is banned
|rule|Evasion Items Clause: Evasion items are banned
|rule|Evasion Moves Clause: Evasion moves are banned
|rule|Endless Battle Clause: Forcing endless battles is banned
|rule|HP Percentage Mod: HP is shown in percentages
|rule|Evasion Abilities Clause: Evasion abilities are banned
|rule|Sleep Moves Clause: Sleep-inducing moves are banned
|rule|Swagger Clause: Swagger is banned
|rule|Baton Pass Stat Clause: No Baton Passer may have a way to boost its stats
|clearpoke
|poke|p1|Ferrothorn, M|item
|poke|p1|Chansey, F|item
|poke|p1|Alakazam, F|item
|poke|p1|Jellicent, F|item
|poke|p1|Keldeo|item
|poke|p1|Kyurem-Black|item
|poke|p2|Dragonite, M|item
|poke|p2|Excadrill, F|item
|poke|p2|Breloom, F|item
|poke|p2|Latios, M|item
|poke|p2|Starmie|item
|poke|p2|Jirachi|item
|teampreview
|inactive|Battle timer is ON: inactive players will automatically lose when time's up. (requested by v50gw)
|inactive|v50gw has 120 seconds left.
|
|t:|1730528718
|start
|switch|p1a: Alakazam|Alakazam, F|100/100
|switch|p2a: 老登|Excadrill, F|100/100
|-ability|p2a: 老登|Mold Breaker
|turn|1
|
|t:|1730528727
|move|p1a: Alakazam|Hidden Power|p2a: 老登
|-supereffective|p2a: 老登
|-damage|p2a: 老登|35/100
|move|p2a: 老登|Stealth Rock|p1a: Alakazam
|-sidestart|p1: v50gw|move: Stealth Rock
|
|upkeep
|turn|2
|
|t:|1730528737
|move|p1a: Alakazam|Hidden Power|p2a: 老登
|-supereffective|p2a: 老登
|-damage|p2a: 老登|0 fnt
|faint|p2a: 老登
|
|upkeep
|
|t:|1730528746
|switch|p2a: 龙石|Dragonite, M|100/100
|turn|3
|inactive|v50gw has 120 seconds left.
|j| shiyonghao
|
|t:|1730528789
|switch|p1a: Kyurem|Kyurem-Black, shiny|100/100
|-damage|p1a: Kyurem|75/100|[from] Stealth Rock
|-ability|p1a: Kyurem|Teravolt
|move|p2a: 龙石|Dragon Dance|p2a: 龙石
|-boost|p2a: 龙石|atk|1
|-boost|p2a: 龙石|spe|1
|
|upkeep
|turn|4
|inactive|v50gw has 90 seconds left.
|
|t:|1730528822
|move|p1a: Kyurem|Outrage|p2a: 龙石
|-supereffective|p2a: 龙石
|-damage|p2a: 龙石|0 fnt
|faint|p2a: 龙石
|
|upkeep
|
|t:|1730528829
|switch|p2a: 不嘞|Breloom, F|100/100
|turn|5
|
|t:|1730528833
|move|p2a: 不嘞|Mach Punch|p1a: Kyurem
|-supereffective|p1a: Kyurem
|-damage|p1a: Kyurem|17/100
|move|p1a: Kyurem|Outrage|p2a: 不嘞|[from]lockedmove
|-enditem|p2a: 不嘞|Focus Sash
|-damage|p2a: 不嘞|1/100
|
|upkeep
|turn|6
|c|☆v50gw|让让我
|
|t:|1730528849
|move|p2a: 不嘞|Mach Punch|p1a: Kyurem
|-supereffective|p1a: Kyurem
|-damage|p1a: Kyurem|0 fnt
|faint|p1a: Kyurem
|
|upkeep
|inactive|v50gw has 90 seconds left.
|
|t:|1730528866
|switch|p1a: Keldeo|Keldeo|100/100
|-damage|p1a: Keldeo|94/100|[from] Stealth Rock
|turn|7
|inactive|v50gw has 90 seconds left.
|c|☆gongping|哥们，国人？
|
|t:|1730528891
|move|p2a: 不嘞|Mach Punch|p1a: Keldeo
|-damage|p1a: Keldeo|60/100
|move|p1a: Keldeo|Hidden Power|p2a: 不嘞
|-supereffective|p2a: 不嘞
|-damage|p2a: 不嘞|0 fnt
|faint|p2a: 不嘞
|
|upkeep
|c|☆v50gw|嗯啊
|
|t:|1730528900
|switch|p2a: 斯塔米|Starmie|100/100
|turn|8
|inactive|v50gw has 90 seconds left.
|
|t:|1730528919
|switch|p1a: Chansey|Chansey, F, shiny|100/100
|-damage|p1a: Chansey|88/100|[from] Stealth Rock
|move|p2a: 斯塔米|Thunderbolt|p1a: Chansey
|-crit|p1a: Chansey
|-damage|p1a: Chansey|72/100
|
|upkeep
|turn|9
|inactive|v50gw has 90 seconds left.
|c|☆gongping|天王盖地虎
|c|☆gongping|接
|inactive|v50gw has 60 seconds left.
|
|t:|1730528965
|switch|p2a: Jirachi|Jirachi|100/100
|move|p1a: Chansey|Stealth Rock|p2a: Jirachi
|-sidestart|p2: gongping|move: Stealth Rock
|
|upkeep
|turn|10
|c|☆v50gw|天天日他老母？
|inactive|v50gw has 30 seconds left.
|c|☆gongping|？
|
|t:|1730529000
|move|p1a: Chansey|Protect|p1a: Chansey
|-singleturn|p1a: Chansey|Protect
|move|p2a: Jirachi|Iron Head|p1a: Chansey
|-activate|p1a: Chansey|move: Protect
|
|upkeep
|turn|11
|inactive|v50gw has 30 seconds left.
|inactive|v50gw has 20 seconds left.
|inactive|v50gw has 15 seconds left.
|inactive|v50gw has 10 seconds left.
|
|t:|1730529026
|switch|p1a: Ferrothorn|Ferrothorn, M|100/100
|-damage|p1a: Ferrothorn|94/100|[from] Stealth Rock
|move|p2a: Jirachi|Iron Head|p1a: Ferrothorn
|-resisted|p1a: Ferrothorn
|-damage|p1a: Ferrothorn|84/100
|-damage|p2a: Jirachi|88/100|[from] ability: Iron Barbs|[of] p1a: Ferrothorn
|-damage|p2a: Jirachi|72/100|[from] item: Rocky Helmet|[of] p1a: Ferrothorn
|
|upkeep
|turn|12
|inactive|v50gw has 20 seconds left this turn.
|c|☆gongping|你快到时间了
|inactive|v50gw has 15 seconds left.
|inactive|v50gw has 10 seconds left.
|
|t:|1730529039
|switch|p2a: 斯塔米|Starmie|100/100
|-damage|p2a: 斯塔米|88/100|[from] Stealth Rock
|move|p1a: Ferrothorn|Spikes|p2a: 斯塔米
|-sidestart|p2: gongping|Spikes
|
|-heal|p2a: 斯塔米|94/100|[from] item: Leftovers
|upkeep
|turn|13
|inactive|v50gw has 20 seconds left this turn.
|inactive|v50gw has 15 seconds left.
|inactive|v50gw has 10 seconds left.
|
|t:|1730529054
|move|p2a: 斯塔米|Rapid Spin|p1a: Ferrothorn
|-resisted|p1a: Ferrothorn
|-crit|p1a: Ferrothorn
|-damage|p1a: Ferrothorn|82/100
|-damage|p2a: 斯塔米|82/100|[from] ability: Iron Barbs|[of] p1a: Ferrothorn
|-damage|p2a: 斯塔米|66/100|[from] item: Rocky Helmet|[of] p1a: Ferrothorn
|-sideend|p2: gongping|Spikes|[from] move: Rapid Spin|[of] p2a: 斯塔米
|-sideend|p2: gongping|Stealth Rock|[from] move: Rapid Spin|[of] p2a: 斯塔米
|move|p1a: Ferrothorn|Power Whip|p2a: 斯塔米
|-supereffective|p2a: 斯塔米
|-damage|p2a: 斯塔米|0 fnt
|faint|p2a: 斯塔米
|
|upkeep
|inactive|v50gw has 15 seconds left this turn.
|
|t:|1730529064
|switch|p2a: Latios|Latios, M|100/100
|turn|14
|inactive|v50gw has 25 seconds left this turn.
|inactive|v50gw has 20 seconds left.
|
|t:|1730529070
|move|p2a: Latios|Calm Mind|p2a: Latios
|-boost|p2a: Latios|spa|1
|-boost|p2a: Latios|spd|1
|move|p1a: Ferrothorn|Gyro Ball|p2a: Latios
|-damage|p2a: Latios|39/100
|
|-heal|p2a: Latios|45/100|[from] item: Leftovers
|upkeep
|turn|15
|inactive|v50gw has 30 seconds left this turn.
|
|t:|1730529079
|move|p2a: Latios|Ice Beam|p1a: Ferrothorn
|-damage|p1a: Ferrothorn|42/100
|move|p1a: Ferrothorn|Gyro Ball|p2a: Latios
|-damage|p2a: Latios|0 fnt
|faint|p2a: Latios
|
|upkeep
|inactive|v50gw has 30 seconds left this turn.
|
|t:|1730529086
|switch|p2a: Jirachi|Jirachi|72/100
|turn|16
|
|t:|1730529092
|move|p2a: Jirachi|U-turn|p1a: Ferrothorn
|-damage|p1a: Ferrothorn|29/100
|-damage|p2a: Jirachi|59/100|[from] ability: Iron Barbs|[of] p1a: Ferrothorn
|-damage|p2a: Jirachi|43/100|[from] item: Rocky Helmet|[of] p1a: Ferrothorn
|move|p1a: Ferrothorn|Leech Seed|p2a: Jirachi
|-start|p2a: Jirachi|move: Leech Seed
|
|-damage|p2a: Jirachi|31/100|[from] Leech Seed|[of] p1a: Ferrothorn
|-heal|p1a: Ferrothorn|41/100|[silent]
|upkeep
|turn|17
|c|☆v50gw|gg
|
|t:|1730529107
|move|p2a: Jirachi|U-turn|p1a: Ferrothorn
|-damage|p1a: Ferrothorn|28/100
|-damage|p2a: Jirachi|18/100|[from] ability: Iron Barbs|[of] p1a: Ferrothorn
|-damage|p2a: Jirachi|2/100|[from] item: Rocky Helmet|[of] p1a: Ferrothorn
|move|p1a: Ferrothorn|Gyro Ball|p2a: Jirachi
|-resisted|p2a: Jirachi
|-damage|p2a: Jirachi|0 fnt
|faint|p2a: Jirachi
|
|win|v50gw
|raw|v50gw's rating: 1337 &rarr; <strong>1356</strong><br />(+19 for winning)
|raw|gongping's rating: 1324 &rarr; <strong>1305</strong><br />(-19 for losing)
|l|☆gongping
|player|p2|
|l|☆v50gw
|player|p1|
