|j|☆LTitan9
|j|☆HydreigonSpammer
|t:|1736293265
|gametype|singles
|player|p1|LTitan9|acetrainer|1336
|player|p2|HydreigonSpammer|iris|1424
|teamsize|p1|6
|teamsize|p2|6
|gen|5
|tier|[Gen 5] OU
|rated|
|rule|Species Clause: Limit one of each Pokémon
|rule|OHKO Clause: OHKO moves are banned
|rule|Moody Clause: Moody is banned
|rule|Evasion Items Clause: Evasion items are banned
|rule|Evasion Moves Clause: Evasion moves are banned
|rule|Endless Battle Clause: Forcing endless battles is banned
|rule|HP Percentage Mod: HP is shown in percentages
|rule|Evasion Abilities Clause: Evasion abilities are banned
|rule|Sleep Moves Clause: Sleep-inducing moves are banned
|rule|Swagger Clause: Swagger is banned
|rule|Baton Pass Stat Clause: No Baton Passer may have a way to boost its stats
|clearpoke
|poke|p1|Terrakion|item
|poke|p1|Landorus-Therian, M|item
|poke|p1|Starmie|item
|poke|p1|Dragonite, M|item
|poke|p1|Scizor, M|item
|poke|p1|Breloom, M|item
|poke|p2|Terrakion|item
|poke|p2|Keldeo|item
|poke|p2|Tyranitar, F|item
|poke|p2|Garchomp, F|item
|poke|p2|Starmie|item
|poke|p2|Alakazam, F|item
|teampreview
|inactive|Battle timer is ON: inactive players will automatically lose when time's up. (requested by LTitan9)
|
|t:|1736293283
|start
|switch|p1a: Terrakion|Terrakion, shiny|100/100
|switch|p2a: Terrakion|Terrakion|100/100
|turn|1
|
|t:|1736293287
|move|p1a: Terrakion|Close Combat|p2a: Terrakion
|-supereffective|p2a: Terrakion
|-enditem|p2a: Terrakion|Focus Sash
|-damage|p2a: Terrakion|1/100
|-unboost|p1a: Terrakion|def|1
|-unboost|p1a: Terrakion|spd|1
|move|p2a: Terrakion|Close Combat|p1a: Terrakion
|-supereffective|p1a: Terrakion
|-enditem|p1a: Terrakion|Focus Sash
|-damage|p1a: Terrakion|1/100
|-unboost|p2a: Terrakion|def|1
|-unboost|p2a: Terrakion|spd|1
|
|upkeep
|turn|2
|
|t:|1736293298
|move|p1a: Terrakion|Stealth Rock|p2a: Terrakion
|-sidestart|p2: HydreigonSpammer|move: Stealth Rock
|move|p2a: Terrakion|Stealth Rock|p1a: Terrakion
|-sidestart|p1: LTitan9|move: Stealth Rock
|
|upkeep
|turn|3
|
|t:|1736293303
|move|p1a: Terrakion|Close Combat|p2a: Terrakion
|-supereffective|p2a: Terrakion
|-crit|p2a: Terrakion
|-damage|p2a: Terrakion|0 fnt
|-unboost|p1a: Terrakion|def|1
|-unboost|p1a: Terrakion|spd|1
|faint|p2a: Terrakion
|
|upkeep
|
|t:|1736293309
|switch|p2a: Starmie|Starmie|100/100
|-damage|p2a: Starmie|88/100|[from] Stealth Rock
|-item|p2a: Starmie|Air Balloon
|turn|4
|
|t:|1736293315
|move|p2a: Starmie|Rapid Spin|p1a: Terrakion
|-resisted|p1a: Terrakion
|-crit|p1a: Terrakion
|-damage|p1a: Terrakion|0 fnt
|-sideend|p2: HydreigonSpammer|Stealth Rock|[from] move: Rapid Spin|[of] p2a: Starmie
|faint|p1a: Terrakion
|
|upkeep
|
|t:|1736293321
|switch|p1a: Starmie|Starmie, shiny|100/100
|-damage|p1a: Starmie|88/100|[from] Stealth Rock
|-item|p1a: Starmie|Air Balloon
|turn|5
|
|t:|1736293330
|move|p2a: Starmie|Thunderbolt|p1a: Starmie
|-supereffective|p1a: Starmie
|-damage|p1a: Starmie|7/100
|-enditem|p1a: Starmie|Air Balloon
|move|p1a: Starmie|Thunder|p2a: Starmie|[miss]
|-miss|p1a: Starmie|p2a: Starmie
|
|upkeep
|turn|6
|
|t:|1736293336
|move|p1a: Starmie|Rapid Spin|p2a: Starmie
|-crit|p2a: Starmie
|-damage|p2a: Starmie|79/100
|-enditem|p2a: Starmie|Air Balloon
|-sideend|p1: LTitan9|Stealth Rock|[from] move: Rapid Spin|[of] p1a: Starmie
|move|p2a: Starmie|Thunderbolt|p1a: Starmie
|-supereffective|p1a: Starmie
|-damage|p1a: Starmie|0 fnt
|faint|p1a: Starmie
|
|upkeep
|
|t:|1736293346
|switch|p1a: Landorus|Landorus-Therian, M|100/100
|-ability|p1a: Landorus|Intimidate|boost
|-unboost|p2a: Starmie|atk|1
|turn|7
|
|t:|1736293361
|move|p1a: Landorus|U-turn|p2a: Starmie
|-supereffective|p2a: Starmie
|-damage|p2a: Starmie|10/100
|
|t:|1736293365
|switch|p1a: Breloom|Breloom, M|100/100|[from] U-turn
|move|p2a: Starmie|Scald|p1a: Breloom
|-resisted|p1a: Breloom
|-damage|p1a: Breloom|56/100
|
|upkeep
|turn|8
|
|t:|1736293371
|move|p1a: Breloom|Mach Punch|p2a: Starmie
|-resisted|p2a: Starmie
|-damage|p2a: Starmie|0 fnt
|faint|p2a: Starmie
|
|upkeep
|
|t:|1736293394
|switch|p2a: Alakazam|Alakazam, F|100/100
|turn|9
|
|t:|1736293404
|switch|p1a: Scizor|Scizor, M|100/100
|move|p2a: Alakazam|Hidden Power|p1a: Scizor
|-supereffective|p1a: Scizor
|-damage|p1a: Scizor|0 fnt
|faint|p1a: Scizor
|
|upkeep
|
|t:|1736293415
|switch|p1a: Dragonite|Dragonite, M, shiny|100/100
|turn|10
|
|t:|1736293425
|switch|p2a: Tyranitar|Tyranitar, F|100/100
|-weather|Sandstorm|[from] ability: Sand Stream|[of] p2a: Tyranitar
|move|p1a: Dragonite|Extreme Speed|p2a: Tyranitar
|-resisted|p2a: Tyranitar
|-damage|p2a: Tyranitar|87/100
|
|-weather|Sandstorm|[upkeep]
|-damage|p1a: Dragonite|94/100|[from] Sandstorm
|upkeep
|turn|11
|
|t:|1736293437
|move|p1a: Dragonite|Outrage|p2a: Tyranitar
|-damage|p2a: Tyranitar|33/100
|move|p2a: Tyranitar|Ice Punch|p1a: Dragonite
|-supereffective|p1a: Dragonite
|-damage|p1a: Dragonite|0 fnt
|faint|p1a: Dragonite
|
|-weather|Sandstorm|[upkeep]
|upkeep
|
|t:|1736293452
|switch|p1a: Landorus|Landorus-Therian, M|100/100
|-ability|p1a: Landorus|Intimidate|boost
|-unboost|p2a: Tyranitar|atk|1
|turn|12
|
|t:|1736293455
|move|p1a: Landorus|Earthquake|p2a: Tyranitar
|-supereffective|p2a: Tyranitar
|-damage|p2a: Tyranitar|0 fnt
|faint|p2a: Tyranitar
|
|-weather|Sandstorm|[upkeep]
|upkeep
|
|t:|1736293465
|switch|p2a: Garchomp|Garchomp, F|100/100
|turn|13
|
|t:|1736293468
|move|p2a: Garchomp|Outrage|p1a: Landorus
|-damage|p1a: Landorus|39/100
|move|p1a: Landorus|Earthquake|p2a: Garchomp
|-damage|p2a: Garchomp|46/100
|
|-weather|Sandstorm|[upkeep]
|upkeep
|turn|14
|-message|LTitan9 forfeited.
|
|win|HydreigonSpammer
|raw|LTitan9's rating: 1336 &rarr; <strong>1321</strong><br />(-15 for losing)
|raw|HydreigonSpammer's rating: 1424 &rarr; <strong>1439</strong><br />(+15 for winning)
|l|☆LTitan9
|player|p1|
