|j|☆LonzoMadeKuz
|j|☆C4REAL
|player|p1|LonzoMadeKuz|50|1570
|player|p2|C4REAL|cynthia-gen4|1338
|teamsize|p1|6
|teamsize|p2|6
|gametype|singles
|gen|5
|tier|[Gen 5] OU
|rated|
|clearpoke
|poke|p1|Reuniclus, F|item
|poke|p1|Abomasnow, M|item
|poke|p1|Scizor, F|item
|poke|p1|Tentacruel, M|item
|poke|p1|Kyurem-Black|item
|poke|p1|Landorus-Therian, M|item
|poke|p2|Mamoswine, M|item
|poke|p2|Latios, M|item
|poke|p2|Scizor, F|item
|poke|p2|Kyurem-Black|item
|poke|p2|Salamence, M|item
|poke|p2|Magnezone|item
|rule|Species Clause: Limit one of each Pokémon
|rule|OHKO Clause: OHKO moves are banned
|rule|Moody Clause: Moody is banned
|rule|Evasion Moves Clause: Evasion moves are banned
|rule|Endless Battle Clause: Forcing endless battles is banned
|rule|HP Percentage Mod: HP is shown in percentages
|rule|Evasion Abilities Clause: Evasion abilities are banned
|rule|Baton Pass Clause: Limit one Baton Passer, can't pass Spe and other stats simultaneously
|rule|Sleep Clause: Sleep-inducing moves are banned
|rule|Swagger Clause: Swagger is banned
|teampreview
|inactive|Battle timer is ON: inactive players will automatically lose when time's up. (requested by C4REAL)
|inactive|LonzoMadeKuz has 120 seconds left.
|
|start
|switch|p1a: Abomasnow|Abomasnow, M|100/100
|switch|p2a: Scizor|Scizor, F|100/100
|-weather|Hail|[from] ability: Snow Warning|[of] p1a: Abomasnow
|turn|1
|
|move|p1a: Abomasnow|Protect|p1a: Abomasnow
|-singleturn|p1a: Abomasnow|Protect
|move|p2a: Scizor|U-turn|p1a: Abomasnow
|-activate|p1a: Abomasnow|move: Protect
|
|-weather|Hail|[upkeep]
|-damage|p2a: Scizor|94/100|[from] Hail
|upkeep
|turn|2
|inactive|LonzoMadeKuz has 120 seconds left.
|
|switch|p1a: Landorus|Landorus-Therian, M|100/100
|-ability|p1a: Landorus|Intimidate|boost
|-unboost|p2a: Scizor|atk|1
|move|p2a: Scizor|U-turn|p1a: Landorus
|-resisted|p1a: Landorus
|-crit|p1a: Landorus
|-damage|p1a: Landorus|59/100
|-damage|p2a: Scizor|78/100|[from] item: Rocky Helmet|[of] p1a: Landorus
|
|switch|p2a: Mamoswine|Mamoswine, M|100/100|[from]move: U-turn
|
|-weather|Hail|[upkeep]
|-damage|p1a: Landorus|53/100|[from] Hail
|upkeep
|turn|3
|inactive|LonzoMadeKuz has 90 seconds left.
|
|switch|p1a: Kyurem|Kyurem-Black|100/100
|-ability|p1a: Kyurem|Teravolt
|move|p2a: Mamoswine|Stealth Rock|p1a: Kyurem
|-sidestart|p1: LonzoMadeKuz|move: Stealth Rock
|
|-weather|Hail|[upkeep]
|upkeep
|turn|4
|inactive|LonzoMadeKuz has 60 seconds left.
|
|switch|p2a: Scizor|Scizor, F|78/100
|move|p1a: Kyurem|Ice Beam|p2a: Scizor
|-resisted|p2a: Scizor
|-damage|p2a: Scizor|50/100
|
|-weather|Hail|[upkeep]
|-damage|p2a: Scizor|44/100|[from] Hail
|upkeep
|turn|5
|j| Oh Karenn
|c|☆LonzoMadeKuz|oh now you wanna snipe my sets
|
|switch|p1a: Landorus|Landorus-Therian, M|53/100
|-damage|p1a: Landorus|41/100|[from] Stealth Rock
|-ability|p1a: Landorus|Intimidate|boost
|-unboost|p2a: Scizor|atk|1
|switch|p2a: Mamoswine|Mamoswine, M|100/100
|
|-weather|Hail|[upkeep]
|-damage|p1a: Landorus|35/100|[from] Hail
|upkeep
|turn|6
|c|☆LonzoMadeKuz|get a life
|c| Oh Karenn|i already know your sets
|c| Oh Karenn|we played twice
|
|switch|p1a: Kyurem|Kyurem-Black|100/100
|-damage|p1a: Kyurem|75/100|[from] Stealth Rock
|-ability|p1a: Kyurem|Teravolt
|move|p2a: Mamoswine|Ice Shard|p1a: Kyurem
|-damage|p1a: Kyurem|57/100
|
|-weather|Hail|[upkeep]
|-heal|p1a: Kyurem|64/100|[from] item: Leftovers
|upkeep
|turn|7
|c| Oh Karenn|you know you lose the argument so you blocked
|c|☆LonzoMadeKuz|ur gonna change evs
|inactive|LonzoMadeKuz has 60 seconds left.
|c| Oh Karenn|have a good day
|c|☆C4REAL|what is going on
|c|☆LonzoMadeKuz|no i dont wanna talk to trash user
|c| Oh Karenn|he lost and was hella salty
|c|☆LonzoMadeKuz|wsate of time
|c|☆LonzoMadeKuz|cus u wont admit
|
|move|p1a: Kyurem|Ice Beam|p2a: Mamoswine
|-damage|p2a: Mamoswine|38/100
|move|p2a: Mamoswine|Earthquake|p1a: Kyurem
|-damage|p1a: Kyurem|11/100
|
|-weather|Hail|[upkeep]
|-heal|p1a: Kyurem|17/100|[from] item: Leftovers
|upkeep
|turn|8
|c| Oh Karenn|he haxed the shit out of me
|c| Oh Karenn|then i got some hax and he started crying
|c| Oh Karenn|like a hypocrite
|c| Oh Karenn|anyways have fun
|c|☆LonzoMadeKuz|14 year old confirmed
|l| Oh Karenn
|
|switch|p1a: Scizor|Scizor, F|100/100
|-damage|p1a: Scizor|88/100|[from] Stealth Rock
|move|p2a: Mamoswine|Ice Shard|p1a: Scizor
|-resisted|p1a: Scizor
|-damage|p1a: Scizor|77/100
|
|-weather|Hail|[upkeep]
|-damage|p1a: Scizor|71/100|[from] Hail
|upkeep
|turn|9
|
|switch|p2a: Magnezone|Magnezone|100/100
|move|p1a: Scizor|U-turn|p2a: Magnezone
|-resisted|p2a: Magnezone
|-damage|p2a: Magnezone|66/100
|j| Rheumatoid
|inactive|LonzoMadeKuz has 30 seconds left.
|inactive|LonzoMadeKuz has 20 seconds left.
|
|switch|p1a: Tentacruel|Tentacruel, M|100/100|[from]move: U-turn
|-damage|p1a: Tentacruel|88/100|[from] Stealth Rock
|
|-weather|Hail|[upkeep]
|-damage|p1a: Tentacruel|82/100|[from] Hail
|-damage|p2a: Magnezone|60/100|[from] Hail
|-heal|p1a: Tentacruel|88/100|[from] item: Black Sludge
|upkeep
|turn|10
|inactive|LonzoMadeKuz has 30 seconds left this turn.
|
|move|p1a: Tentacruel|Rapid Spin|p2a: Magnezone
|-resisted|p2a: Magnezone
|-damage|p2a: Magnezone|59/100
|-sideend|p1: LonzoMadeKuz|Stealth Rock|[from] move: Rapid Spin|[of] p1a: Tentacruel
|move|p2a: Magnezone|Thunderbolt|p1a: Tentacruel
|-supereffective|p1a: Tentacruel
|-damage|p1a: Tentacruel|0 fnt
|faint|p1a: Tentacruel
|
|-weather|Hail|[upkeep]
|-damage|p2a: Magnezone|53/100|[from] Hail
|upkeep
|inactive|LonzoMadeKuz has 30 seconds left.
|
|switch|p1a: Kyurem|Kyurem-Black|17/100
|-ability|p1a: Kyurem|Teravolt
|turn|11
|
|move|p1a: Kyurem|Earth Power|p2a: Magnezone
|-supereffective|p2a: Magnezone
|-damage|p2a: Magnezone|0 fnt
|faint|p2a: Magnezone
|
|-weather|Hail|[upkeep]
|-heal|p1a: Kyurem|23/100|[from] item: Leftovers
|upkeep
|
|switch|p2a: Salamence|Salamence, M|100/100
|turn|12
|
|switch|p1a: Landorus|Landorus-Therian, M|35/100
|-ability|p1a: Landorus|Intimidate|boost
|-unboost|p2a: Salamence|atk|1
|move|p2a: Salamence|Dragon Claw|p1a: Landorus
|-damage|p1a: Landorus|14/100
|-damage|p2a: Salamence|84/100|[from] item: Rocky Helmet|[of] p1a: Landorus
|
|-weather|Hail|[upkeep]
|-damage|p2a: Salamence|78/100|[from] Hail
|-damage|p1a: Landorus|8/100|[from] Hail
|upkeep
|turn|13
|
|move|p2a: Salamence|Dragon Claw|p1a: Landorus
|-damage|p1a: Landorus|0 fnt
|-damage|p2a: Salamence|61/100|[from] item: Rocky Helmet|[of] p1a: Landorus
|faint|p1a: Landorus
|-ability|p2a: Salamence|Moxie|boost
|-boost|p2a: Salamence|atk|1
|
|-weather|Hail|[upkeep]
|-damage|p2a: Salamence|55/100|[from] Hail
|upkeep
|
|switch|p1a: Scizor|Scizor, F|71/100
|turn|14
|
|move|p1a: Scizor|Bullet Punch|p2a: Salamence
|-damage|p2a: Salamence|0 fnt
|faint|p2a: Salamence
|
|-weather|Hail|[upkeep]
|-damage|p1a: Scizor|65/100|[from] Hail
|upkeep
|
|switch|p2a: Scizor|Scizor, F|44/100
|turn|15
|
|switch|p1a: Abomasnow|Abomasnow, M|100/100
|move|p2a: Scizor|Superpower|p1a: Abomasnow
|-supereffective|p1a: Abomasnow
|-damage|p1a: Abomasnow|0 fnt
|-unboost|p2a: Scizor|atk|1
|-unboost|p2a: Scizor|def|1
|faint|p1a: Abomasnow
|
|-weather|Hail|[upkeep]
|-damage|p2a: Scizor|37/100|[from] Hail
|upkeep
|
|switch|p1a: Scizor|Scizor, F|65/100
|turn|16
|
|switch|p2a: Mamoswine|Mamoswine, M|38/100
|move|p1a: Scizor|Bullet Punch|p2a: Mamoswine
|-supereffective|p2a: Mamoswine
|-damage|p2a: Mamoswine|0 fnt
|faint|p2a: Mamoswine
|
|-weather|Hail|[upkeep]
|-damage|p1a: Scizor|59/100|[from] Hail
|upkeep
|
|switch|p2a: Scizor|Scizor, F|37/100
|turn|17
|
|switch|p1a: Kyurem|Kyurem-Black|23/100
|-ability|p1a: Kyurem|Teravolt
|move|p2a: Scizor|U-turn|p1a: Kyurem
|-damage|p1a: Kyurem|0 fnt
|faint|p1a: Kyurem
|
|switch|p2a: Latios|Latios, M|100/100|[from]move: U-turn
|
|-weather|Hail|[upkeep]
|-damage|p2a: Latios|94/100|[from] Hail
|upkeep
|
|switch|p1a: Scizor|Scizor, F|59/100
|turn|18
|
|move|p1a: Scizor|Bullet Punch|p2a: Latios
|-damage|p2a: Latios|28/100
|move|p2a: Latios|Hidden Power|p1a: Scizor
|-supereffective|p1a: Scizor
|-damage|p1a: Scizor|0 fnt
|faint|p1a: Scizor
|
|-weather|Hail|[upkeep]
|-damage|p2a: Latios|22/100|[from] Hail
|upkeep
|
|switch|p1a: Reuniclus|Reuniclus, F|100/100
|turn|19
|
|switch|p2a: Kyurem|Kyurem-Black|100/100
|-ability|p2a: Kyurem|Teravolt
|move|p1a: Reuniclus|Calm Mind|p1a: Reuniclus
|-boost|p1a: Reuniclus|spa|1
|-boost|p1a: Reuniclus|spd|1
|
|-weather|Hail|[upkeep]
|upkeep
|turn|20
|inactive|LonzoMadeKuz has 120 seconds left.
|
|move|p2a: Kyurem|Outrage|p1a: Reuniclus
|-damage|p1a: Reuniclus|15/100
|move|p1a: Reuniclus|Focus Blast|p2a: Kyurem
|-supereffective|p2a: Kyurem
|-damage|p2a: Kyurem|0 fnt
|faint|p2a: Kyurem
|
|-weather|Hail|[upkeep]
|-heal|p1a: Reuniclus|21/100|[from] item: Leftovers
|upkeep
|
|switch|p2a: Scizor|Scizor, F|37/100
|turn|21
|inactive|LonzoMadeKuz has 120 seconds left.
|j| Miss Understanding
|
|move|p2a: Scizor|Bullet Punch|p1a: Reuniclus
|-damage|p1a: Reuniclus|0 fnt
|faint|p1a: Reuniclus
|
|win|C4REAL
|l|☆LonzoMadeKuz
|raw|LonzoMadeKuz's rating: 1542 &rarr; <strong>1511</strong><br />(-31 for losing)
|raw|C4REAL's rating: 1326 &rarr; <strong>1357</strong><br />(+31 for winning)
