|j|☆hanjunyiwudi
|j|☆phosphor
|t:|1734505748
|gametype|singles
|player|p1|hanjunyiwudi|dawn|1320
|player|p2|phosphor|#phosphor|1323
|teamsize|p1|6
|teamsize|p2|6
|gen|5
|tier|[Gen 5] OU
|rated|
|rule|Species Clause: Limit one of each Pokémon
|rule|OHKO Clause: OHKO moves are banned
|rule|Moody Clause: Moody is banned
|rule|Evasion Items Clause: Evasion items are banned
|rule|Evasion Moves Clause: Evasion moves are banned
|rule|Endless Battle Clause: Forcing endless battles is banned
|rule|HP Percentage Mod: HP is shown in percentages
|rule|Evasion Abilities Clause: Evasion abilities are banned
|rule|Sleep Moves Clause: Sleep-inducing moves are banned
|rule|Swagger Clause: Swagger is banned
|rule|Baton Pass Stat Clause: No Baton Passer may have a way to boost its stats
|clearpoke
|poke|p1|Latios, M|item
|poke|p1|Tyranitar, F|item
|poke|p1|Skarmory, M|item
|poke|p1|Garchomp, F|item
|poke|p1|Jellicent, M|item
|poke|p1|Alakazam, M|item
|poke|p2|Ninetales, F|item
|poke|p2|Excadrill, M|item
|poke|p2|Volcarona, M|item
|poke|p2|Chansey, F|item
|poke|p2|Cresselia, F|item
|poke|p2|Rotom-Wash|item
|teampreview
|c|☆phosphor|gl hf
|
|t:|1734505759
|start
|switch|p1a: Skarmory|Skarmory, M, shiny|100/100
|switch|p2a: Rotom|Rotom-Wash|100/100
|turn|1
|
|t:|1734505766
|move|p1a: Skarmory|Stealth Rock|p2a: Rotom
|-sidestart|p2: phosphor|move: Stealth Rock
|move|p2a: Rotom|Volt Switch|p1a: Skarmory
|-supereffective|p1a: Skarmory
|-damage|p1a: Skarmory|14/100
|
|t:|1734505769
|switch|p2a: Excadrill|Excadrill, M|100/100|[from] Volt Switch
|-damage|p2a: Excadrill|98/100|[from] Stealth Rock
|-ability|p2a: Excadrill|Mold Breaker
|
|-heal|p2a: Excadrill|100/100|[from] item: Leftovers
|upkeep
|turn|2
|
|t:|1734505781
|switch|p1a: Jellicent|Jellicent, M, shiny|100/100
|move|p2a: Excadrill|Substitute|p2a: Excadrill
|-start|p2a: Excadrill|Substitute
|-damage|p2a: Excadrill|75/100
|
|-heal|p2a: Excadrill|82/100|[from] item: Leftovers
|upkeep
|turn|3
|
|t:|1734505790
|move|p2a: Excadrill|Toxic|p1a: Jellicent
|-status|p1a: Jellicent|tox
|move|p1a: Jellicent|Taunt|p2a: Excadrill
|-start|p2a: Excadrill|move: Taunt
|
|-heal|p2a: Excadrill|88/100|[from] item: Leftovers
|-damage|p1a: Jellicent|94/100 tox|[from] psn
|upkeep
|turn|4
|
|t:|1734505808
|switch|p1a: Skarmory|Skarmory, M, shiny|14/100
|move|p2a: Excadrill|Earthquake|p1a: Skarmory
|-immune|p1a: Skarmory
|
|-heal|p2a: Excadrill|94/100|[from] item: Leftovers
|upkeep
|turn|5
|-enditem|p1a: Skarmory|Custap Berry|[eat]
|-activate|p1a: Skarmory|item: Custap Berry|[consumed]
|
|t:|1734505818
|move|p1a: Skarmory|Brave Bird|p2a: Excadrill
|-resisted|p2a: Excadrill
|-end|p2a: Excadrill|Substitute
|-damage|p1a: Skarmory|2/100|[from] Recoil|[of] p2a: Excadrill
|move|p2a: Excadrill|Rapid Spin|p1a: Skarmory
|-resisted|p1a: Skarmory
|-damage|p1a: Skarmory|0 fnt
|-sideend|p2: phosphor|Stealth Rock|[from] move: Rapid Spin|[of] p2a: Excadrill
|faint|p1a: Skarmory
|
|-heal|p2a: Excadrill|99/100|[from] item: Leftovers
|upkeep
|
|t:|1734505831
|switch|p1a: Garchomp|Garchomp, F, shiny|100/100
|turn|6
|
|t:|1734505853
|switch|p2a: Rotom|Rotom-Wash|100/100
|move|p1a: Garchomp|Swords Dance|p1a: Garchomp
|-boost|p1a: Garchomp|atk|2
|
|upkeep
|turn|7
|
|t:|1734505860
|move|p1a: Garchomp|Dual Chop|p2a: Rotom
|-damage|p2a: Rotom|69/100
|-crit|p2a: Rotom
|-damage|p2a: Rotom|3/100
|-hitcount|p2a: Rotom|2
|move|p2a: Rotom|Hidden Power|p1a: Garchomp
|-supereffective|p1a: Garchomp
|-crit|p1a: Garchomp
|-damage|p1a: Garchomp|0 fnt
|faint|p1a: Garchomp
|
|-heal|p2a: Rotom|9/100|[from] item: Leftovers
|upkeep
|
|t:|1734505873
|switch|p1a: Alakazam|Alakazam, M, shiny|100/100
|turn|8
|
|t:|1734505878
|switch|p2a: Chansey|Chansey, F|100/100
|move|p1a: Alakazam|Charge Beam|p2a: Chansey|[miss]
|-miss|p1a: Alakazam|p2a: Chansey
|
|upkeep
|turn|9
|
|t:|1734505884
|move|p1a: Alakazam|Charge Beam|p2a: Chansey
|-damage|p2a: Chansey|95/100
|-boost|p1a: Alakazam|spa|1
|move|p2a: Chansey|Stealth Rock|p1a: Alakazam
|-sidestart|p1: hanjunyiwudi|move: Stealth Rock
|
|upkeep
|turn|10
|
|t:|1734505891
|move|p1a: Alakazam|Charge Beam|p2a: Chansey
|-damage|p2a: Chansey|86/100
|-boost|p1a: Alakazam|spa|1
|move|p2a: Chansey|Seismic Toss|p1a: Alakazam
|-damage|p1a: Alakazam|61/100
|
|upkeep
|turn|11
|
|t:|1734505899
|move|p1a: Alakazam|Focus Blast|p2a: Chansey
|-supereffective|p2a: Chansey
|-damage|p2a: Chansey|36/100
|move|p2a: Chansey|Seismic Toss|p1a: Alakazam
|-damage|p1a: Alakazam|21/100
|
|upkeep
|turn|12
|
|t:|1734505907
|switch|p2a: Rotom|Rotom-Wash|9/100
|move|p1a: Alakazam|Psyshock|p2a: Rotom
|-damage|p2a: Rotom|0 fnt
|faint|p2a: Rotom
|
|upkeep
|
|t:|1734505909
|switch|p2a: Cresselia|Cresselia, F|100/100
|turn|13
|
|t:|1734505916
|move|p1a: Alakazam|Shadow Ball|p2a: Cresselia
|-supereffective|p2a: Cresselia
|-damage|p2a: Cresselia|34/100
|move|p2a: Cresselia|Ice Beam|p1a: Alakazam
|-damage|p1a: Alakazam|0 fnt
|faint|p1a: Alakazam
|
|-heal|p2a: Cresselia|40/100|[from] item: Leftovers
|upkeep
|
|t:|1734505928
|switch|p1a: Latios|Latios, M|100/100
|-damage|p1a: Latios|88/100|[from] Stealth Rock
|turn|14
|
|t:|1734505937
|move|p1a: Latios|Dragon Pulse|p2a: Cresselia
|-damage|p2a: Cresselia|0 fnt
|faint|p2a: Cresselia
|
|upkeep
|
|t:|1734505945
|switch|p2a: Excadrill|Excadrill, M|99/100
|-ability|p2a: Excadrill|Mold Breaker
|turn|15
|-message|hanjunyiwudi forfeited.
|
|win|phosphor
|raw|hanjunyiwudi's rating: 1320 &rarr; <strong>1300</strong><br />(-20 for losing)
|raw|phosphor's rating: 1323 &rarr; <strong>1343</strong><br />(+20 for winning)
|l|☆hanjunyiwudi
|player|p1|
|c|☆phosphor|gg
