|j|☆tohki
|j|☆music non stop
|player|p1|tohki|34
|player|p2|music non stop|277
|teamsize|p1|6
|teamsize|p2|6
|gametype|singles
|gen|5
|tier|[Gen 5] OU
|rated|
|rule|Sleep Clause Mod: Limit one foe put to sleep
|rule|Species Clause: Limit one of each Pokémon
|rule|OHKO Clause: OHKO moves are banned
|rule|Moody Clause: Moody is banned
|rule|Evasion Moves Clause: Evasion moves are banned
|rule|Endless Battle Clause: Forcing endless battles is banned
|rule|HP Percentage Mod: HP is shown in percentages
|rule|Evasion Abilities Clause: Evasion abilities are banned
|rule|Baton Pass Clause: Limit one Baton Passer, can't pass Spe and other stats simultaneously
|rule|Swagger Clause: Swagger is banned
|clearpoke
|poke|p1|Politoed, F|item
|poke|p1|Xatu, M|item
|poke|p1|Diglett, F|item
|poke|p1|Garchomp, M|item
|poke|p1|Moltres|item
|poke|p1|Jirachi|item
|poke|p2|Garchomp, F|item
|poke|p2|Latios, M|item
|poke|p2|Kyurem-Black|item
|poke|p2|Magnezone|item
|poke|p2|Jirachi|item
|poke|p2|Dragonite, M|item
|teampreview
|c|☆tohki|gl hf
|inactive|Battle timer is ON: inactive players will automatically lose when time's up. (requested by music non stop)
|
|start
|switch|p1a: Diglett|Diglett, F|100/100
|switch|p2a: Kyurem|Kyurem-Black|100/100
|-ability|p2a: Kyurem|Teravolt
|turn|1
|
|move|p1a: Diglett|Stealth Rock|p2a: Kyurem
|-sidestart|p2: music non stop|move: Stealth Rock
|move|p2a: Kyurem|Dragon Claw|p1a: Diglett
|-enditem|p1a: Diglett|Focus Sash
|-damage|p1a: Diglett|1/100
|
|upkeep
|turn|2
|
|move|p2a: Kyurem|Dragon Claw|p1a: Diglett
|-damage|p1a: Diglett|0 fnt
|faint|p1a: Diglett
|
|upkeep
|inactive|tohki has 135 seconds left.
|
|switch|p1a: Jirachi|Jirachi|100/100
|turn|3
|
|switch|p2a: Magnezone|Magnezone|100/100
|-damage|p2a: Magnezone|94/100|[from] Stealth Rock
|move|p1a: Jirachi|Thunder|p2a: Magnezone
|-resisted|p2a: Magnezone
|-damage|p2a: Magnezone|78/100
|
|upkeep
|turn|4
|
|move|p1a: Jirachi|Calm Mind|p1a: Jirachi
|-boost|p1a: Jirachi|spa|1
|-boost|p1a: Jirachi|spd|1
|move|p2a: Magnezone|Substitute|p2a: Magnezone
|-start|p2a: Magnezone|Substitute
|-damage|p2a: Magnezone|53/100
|
|upkeep
|turn|5
|j| Kaysse
|
|move|p1a: Jirachi|Substitute|p1a: Jirachi
|-start|p1a: Jirachi|Substitute
|-damage|p1a: Jirachi|75/100
|move|p2a: Magnezone|Thunderbolt|p1a: Jirachi
|-end|p1a: Jirachi|Substitute
|
|-heal|p1a: Jirachi|82/100|[from] item: Leftovers
|upkeep
|turn|6
|
|switch|p2a: Garchomp|Garchomp, F|100/100
|-damage|p2a: Garchomp|94/100|[from] Stealth Rock
|move|p1a: Jirachi|Calm Mind|p1a: Jirachi
|-boost|p1a: Jirachi|spa|1
|-boost|p1a: Jirachi|spd|1
|
|-heal|p1a: Jirachi|88/100|[from] item: Leftovers
|upkeep
|turn|7
|
|switch|p1a: Xatu|Xatu, M|100/100
|move|p2a: Garchomp|Earthquake|p1a: Xatu
|-immune|p1a: Xatu|[msg]
|
|upkeep
|turn|8
|
|switch|p2a: Magnezone|Magnezone|53/100
|-damage|p2a: Magnezone|47/100|[from] Stealth Rock
|move|p1a: Xatu|Toxic|p2a: Magnezone
|-immune|p2a: Magnezone|[msg]
|
|upkeep
|turn|9
|inactive|tohki has 135 seconds left.
|
|move|p1a: Xatu|Night Shade|p2a: Magnezone
|-damage|p2a: Magnezone|15/100
|move|p2a: Magnezone|Flash Cannon|p1a: Xatu
|-damage|p1a: Xatu|39/100
|
|-heal|p1a: Xatu|45/100|[from] item: Leftovers
|upkeep
|turn|10
|
|move|p1a: Xatu|Night Shade|p2a: Magnezone
|-damage|p2a: Magnezone|0 fnt
|faint|p2a: Magnezone
|
|-heal|p1a: Xatu|51/100|[from] item: Leftovers
|upkeep
|j| DASH30
|
|switch|p2a: Kyurem|Kyurem-Black|100/100
|-damage|p2a: Kyurem|75/100|[from] Stealth Rock
|-ability|p2a: Kyurem|Teravolt
|turn|11
|
|move|p2a: Kyurem|Outrage|p1a: Xatu
|-damage|p1a: Xatu|0 fnt
|faint|p1a: Xatu
|
|upkeep
|l| DASH30
|
|switch|p1a: Jirachi|Jirachi|88/100
|turn|12
|l| Kaysse
|
|move|p1a: Jirachi|Thunder|p2a: Kyurem
|-resisted|p2a: Kyurem
|-damage|p2a: Kyurem|62/100
|move|p2a: Kyurem|Outrage|p1a: Jirachi|[from]lockedmove
|-resisted|p1a: Jirachi
|-damage|p1a: Jirachi|44/100
|
|-heal|p1a: Jirachi|50/100|[from] item: Leftovers
|upkeep
|turn|13
|
|move|p1a: Jirachi|Thunder|p2a: Kyurem|[miss]
|-miss|p1a: Jirachi|p2a: Kyurem
|move|p2a: Kyurem|Outrage|p1a: Jirachi|[from]lockedmove
|-resisted|p1a: Jirachi
|-damage|p1a: Jirachi|4/100
|-start|p2a: Kyurem|confusion|[fatigue]
|
|-heal|p1a: Jirachi|11/100|[from] item: Leftovers
|upkeep
|turn|14
|
|move|p1a: Jirachi|Water Pulse|p2a: Kyurem
|-resisted|p2a: Kyurem
|-damage|p2a: Kyurem|55/100
|-activate|p2a: Kyurem|confusion
|move|p2a: Kyurem|Outrage|p1a: Jirachi
|-resisted|p1a: Jirachi
|-damage|p1a: Jirachi|0 fnt
|faint|p1a: Jirachi
|
|upkeep
|inactive|tohki has 135 seconds left.
|
|switch|p1a: Politoed|Politoed, F|100/100
|-weather|RainDance|[from] ability: Drizzle|[of] p1a: Politoed
|turn|15
|
|-activate|p2a: Kyurem|confusion
|-damage|p2a: Kyurem|31/100|[from] confusion
|move|p1a: Politoed|Focus Blast|p2a: Kyurem
|-supereffective|p2a: Kyurem
|-crit|p2a: Kyurem
|-damage|p2a: Kyurem|0 fnt
|faint|p2a: Kyurem
|
|-weather|RainDance|[upkeep]
|upkeep
|
|switch|p2a: Jirachi|Jirachi|100/100
|-damage|p2a: Jirachi|94/100|[from] Stealth Rock
|turn|16
|
|move|p2a: Jirachi|Stealth Rock|p1a: Politoed
|-sidestart|p1: tohki|move: Stealth Rock
|move|p1a: Politoed|Focus Blast|p2a: Jirachi
|-damage|p2a: Jirachi|51/100
|
|-weather|RainDance|[upkeep]
|upkeep
|turn|17
|
|move|p2a: Jirachi|Energy Ball|p1a: Politoed
|-supereffective|p1a: Politoed
|-damage|p1a: Politoed|56/100
|move|p1a: Politoed|Focus Blast|p2a: Jirachi
|-crit|p2a: Jirachi
|-damage|p2a: Jirachi|0 fnt
|faint|p2a: Jirachi
|
|-weather|RainDance|[upkeep]
|upkeep
|
|switch|p2a: Latios|Latios, M|100/100
|-damage|p2a: Latios|88/100|[from] Stealth Rock
|turn|18
|j| DASH30
|
|move|p2a: Latios|Psyshock|p1a: Politoed
|-damage|p1a: Politoed|0 fnt
|faint|p1a: Politoed
|
|-weather|RainDance|[upkeep]
|upkeep
|
|switch|p1a: Garchomp|Garchomp, M|100/100
|-damage|p1a: Garchomp|94/100|[from] Stealth Rock
|turn|19
|
|move|p1a: Garchomp|Outrage|p2a: Latios
|-supereffective|p2a: Latios
|-crit|p2a: Latios
|-damage|p2a: Latios|0 fnt
|faint|p2a: Latios
|
|-weather|RainDance|[upkeep]
|upkeep
|
|switch|p2a: Garchomp|Garchomp, F|94/100
|-damage|p2a: Garchomp|88/100|[from] Stealth Rock
|turn|20
|
|move|p1a: Garchomp|Outrage|p2a: Garchomp|[from]lockedmove
|-supereffective|p2a: Garchomp
|-damage|p2a: Garchomp|0 fnt
|-damage|p1a: Garchomp|82/100|[from] ability: Rough Skin|[of] p2a: Garchomp
|-start|p1a: Garchomp|confusion|[fatigue]
|faint|p2a: Garchomp
|
|-weather|RainDance|[upkeep]
|upkeep
|
|switch|p2a: Dragonite|Dragonite, M|100/100
|-damage|p2a: Dragonite|76/100|[from] Stealth Rock
|turn|21
|
|-activate|p1a: Garchomp|confusion
|-damage|p1a: Garchomp|67/100|[from] confusion
|move|p2a: Dragonite|Outrage|p1a: Garchomp
|-supereffective|p1a: Garchomp
|-damage|p1a: Garchomp|0 fnt
|-damage|p2a: Dragonite|63/100|[from] ability: Rough Skin|[of] p1a: Garchomp
|faint|p1a: Garchomp
|
|-weather|RainDance|[upkeep]
|upkeep
|
|switch|p1a: Moltres|Moltres|100/100
|-damage|p1a: Moltres|51/100|[from] Stealth Rock
|-ability|p1a: Moltres|Pressure
|turn|22
|
|move|p1a: Moltres|Hurricane|p2a: Dragonite
|-crit|p2a: Dragonite
|-damage|p2a: Dragonite|0 fnt
|faint|p2a: Dragonite
|
|win|tohki
|c|☆tohki|gg wp
|l|☆music non stop
|raw|tohki's rating: 1290 &rarr; <strong>1317</strong><br />(+27 for winning)
|raw|music non stop's rating: 1316 &rarr; <strong>1295</strong><br />(-21 for losing)
|l|☆tohki
