|j|☆AnotherUsername42
|j|☆av2336
|t:|1716574733
|gametype|singles
|player|p1|AnotherUsername42|170|1423
|player|p2|av2336|pokemaniac-gen3rs|1425
|teamsize|p1|6
|teamsize|p2|6
|gen|5
|tier|[Gen 5] OU
|rated|
|rule|Species Clause: Limit one of each Pokémon
|rule|OHKO Clause: OHKO moves are banned
|rule|Moody Clause: Moody is banned
|rule|Evasion Items Clause: Evasion items are banned
|rule|Evasion Moves Clause: Evasion moves are banned
|rule|Endless Battle Clause: Forcing endless battles is banned
|rule|HP Percentage Mod: HP is shown in percentages
|rule|Evasion Abilities Clause: Evasion abilities are banned
|rule|Sleep Moves Clause: Sleep-inducing moves are banned
|rule|Swagger Clause: Swagger is banned
|rule|Baton Pass Stat Clause: No Baton Passer may have a way to boost its stats
|clearpoke
|poke|p1|Politoed, F|item
|poke|p1|Gliscor, F|item
|poke|p1|Tentacruel, F|item
|poke|p1|Blissey, F|item
|poke|p1|Ferrothorn, M|item
|poke|p1|Jirachi|item
|poke|p2|Bronzong|item
|poke|p2|Gallade, M|item
|poke|p2|Jellicent, M|item
|poke|p2|Conkeldurr, M|item
|poke|p2|Reuniclus, F|item
|poke|p2|Dragonite, M|item
|teampreview
|inactive|Battle timer is ON: inactive players will automatically lose when time's up. (requested by av2336)
|
|t:|1716574756
|start
|switch|p1a: Politoed|Politoed, F|100/100
|switch|p2a: Bronzong|Bronzong|100/100
|-weather|RainDance|[from] ability: Drizzle|[of] p1a: Politoed
|turn|1
|
|t:|1716574784
|switch|p1a: Jirachi|Jirachi|100/100
|move|p2a: Bronzong|Stealth Rock|p1a: Jirachi
|-sidestart|p1: AnotherUsername42|move: Stealth Rock
|
|-weather|RainDance|[upkeep]
|upkeep
|turn|2
|
|t:|1716574787
|move|p1a: Jirachi|Substitute|p1a: Jirachi
|-start|p1a: Jirachi|Substitute
|-damage|p1a: Jirachi|75/100
|move|p2a: Bronzong|Trick Room|p2a: Bronzong
|-fieldstart|move: Trick Room|[of] p2a: Bronzong
|
|-weather|RainDance|[upkeep]
|-heal|p1a: Jirachi|82/100|[from] item: Leftovers
|upkeep
|turn|3
|
|t:|1716574792
|move|p2a: Bronzong|Explosion|p1a: Jirachi
|-resisted|p1a: Jirachi
|-end|p1a: Jirachi|Substitute
|faint|p2a: Bronzong
|move|p1a: Jirachi|Calm Mind|p1a: Jirachi
|-boost|p1a: Jirachi|spa|1
|-boost|p1a: Jirachi|spd|1
|
|-weather|RainDance|[upkeep]
|-heal|p1a: Jirachi|88/100|[from] item: Leftovers
|upkeep
|
|t:|1716574813
|switch|p2a: Conkeldurr|Conkeldurr, M|100/100
|turn|4
|
|t:|1716574817
|move|p2a: Conkeldurr|Drain Punch|p1a: Jirachi
|-damage|p1a: Jirachi|26/100
|-damage|p2a: Conkeldurr|91/100|[from] item: Life Orb
|move|p1a: Jirachi|Substitute|p1a: Jirachi
|-start|p1a: Jirachi|Substitute
|-damage|p1a: Jirachi|1/100
|
|-weather|RainDance|[upkeep]
|-heal|p1a: Jirachi|7/100|[from] item: Leftovers
|upkeep
|turn|5
|
|t:|1716574838
|move|p2a: Conkeldurr|Drain Punch|p1a: Jirachi
|-end|p1a: Jirachi|Substitute
|-heal|p2a: Conkeldurr|100/100|[from] drain|[of] p1a: Jirachi
|-damage|p2a: Conkeldurr|91/100|[from] item: Life Orb
|move|p1a: Jirachi|Thunder|p2a: Conkeldurr
|-damage|p2a: Conkeldurr|40/100
|-status|p2a: Conkeldurr|par
|
|-weather|RainDance|[upkeep]
|-heal|p1a: Jirachi|13/100|[from] item: Leftovers
|upkeep
|turn|6
|
|t:|1716574853
|switch|p1a: Tentacruel|Tentacruel, F|100/100
|-damage|p1a: Tentacruel|88/100|[from] Stealth Rock
|cant|p2a: Conkeldurr|par
|
|-weather|RainDance|[upkeep]
|-heal|p1a: Tentacruel|94/100|[from] ability: Rain Dish
|-heal|p1a: Tentacruel|99/100|[from] item: Black Sludge
|-fieldend|move: Trick Room
|upkeep
|turn|7
|
|t:|1716574865
|move|p1a: Tentacruel|Rapid Spin|p2a: Conkeldurr
|-damage|p2a: Conkeldurr|37/100 par
|-sideend|p1: AnotherUsername42|Stealth Rock|[from] move: Rapid Spin|[of] p1a: Tentacruel
|move|p2a: Conkeldurr|Thunder Punch|p1a: Tentacruel
|-supereffective|p1a: Tentacruel
|-damage|p1a: Tentacruel|15/100
|-damage|p2a: Conkeldurr|27/100 par|[from] item: Life Orb
|
|-weather|RainDance|[upkeep]
|-heal|p1a: Tentacruel|21/100|[from] ability: Rain Dish
|-heal|p1a: Tentacruel|27/100|[from] item: Black Sludge
|upkeep
|turn|8
|
|t:|1716574876
|move|p1a: Tentacruel|Protect|p1a: Tentacruel
|-singleturn|p1a: Tentacruel|Protect
|move|p2a: Conkeldurr|Drain Punch|p1a: Tentacruel
|-activate|p1a: Tentacruel|move: Protect
|
|-weather|RainDance|[upkeep]
|-heal|p1a: Tentacruel|33/100|[from] ability: Rain Dish
|-heal|p1a: Tentacruel|40/100|[from] item: Black Sludge
|upkeep
|turn|9
|
|t:|1716574889
|move|p1a: Tentacruel|Scald|p2a: Conkeldurr
|-damage|p2a: Conkeldurr|0 fnt
|faint|p2a: Conkeldurr
|
|-weather|RainDance|[upkeep]
|-heal|p1a: Tentacruel|46/100|[from] ability: Rain Dish
|-heal|p1a: Tentacruel|52/100|[from] item: Black Sludge
|upkeep
|
|t:|1716574892
|switch|p2a: Reuniclus|Reuniclus, F|100/100
|turn|10
|
|t:|1716574898
|switch|p1a: Politoed|Politoed, F|100/100
|move|p2a: Reuniclus|Trick Room|p2a: Reuniclus
|-fieldstart|move: Trick Room|[of] p2a: Reuniclus
|
|-weather|RainDance|[upkeep]
|upkeep
|turn|11
|
|t:|1716574908
|move|p2a: Reuniclus|Psychic|p1a: Politoed
|-damage|p1a: Politoed|44/100
|-unboost|p1a: Politoed|spd|1
|move|p1a: Politoed|Perish Song|p1a: Politoed
|-start|p1a: Politoed|perish3|[silent]
|-start|p2a: Reuniclus|perish3|[silent]
|-fieldactivate|move: Perish Song
|
|-weather|RainDance|[upkeep]
|-heal|p1a: Politoed|50/100|[from] item: Leftovers
|-start|p2a: Reuniclus|perish3
|-start|p1a: Politoed|perish3
|upkeep
|turn|12
|
|t:|1716574915
|switch|p1a: Blissey|Blissey, F|100/100
|move|p2a: Reuniclus|Psychic|p1a: Blissey
|-damage|p1a: Blissey|78/100
|
|-weather|RainDance|[upkeep]
|-heal|p1a: Blissey|84/100|[from] item: Leftovers
|-start|p2a: Reuniclus|perish2
|upkeep
|turn|13
|
|t:|1716574918
|switch|p2a: Gallade|Gallade, M|100/100
|move|p1a: Blissey|Stealth Rock|p2a: Gallade
|-sidestart|p2: av2336|move: Stealth Rock
|
|-weather|RainDance|[upkeep]
|-heal|p1a: Blissey|90/100|[from] item: Leftovers
|upkeep
|turn|14
|
|t:|1716574929
|switch|p1a: Gliscor|Gliscor, F|100/100
|move|p2a: Gallade|Leaf Blade|p1a: Gliscor
|-crit|p1a: Gliscor
|-damage|p1a: Gliscor|51/100
|-damage|p2a: Gallade|91/100|[from] item: Life Orb
|
|-weather|RainDance|[upkeep]
|-fieldend|move: Trick Room
|-status|p1a: Gliscor|tox|[from] item: Toxic Orb
|upkeep
|turn|15
|
|t:|1716574940
|move|p1a: Gliscor|Protect|p1a: Gliscor
|-singleturn|p1a: Gliscor|Protect
|move|p2a: Gallade|Trick Room|p2a: Gallade
|-fieldstart|move: Trick Room|[of] p2a: Gallade
|
|-weather|RainDance|[upkeep]
|-heal|p1a: Gliscor|64/100 tox|[from] ability: Poison Heal
|upkeep
|turn|16
|
|t:|1716574945
|move|p2a: Gallade|Ice Punch|p1a: Gliscor
|-supereffective|p1a: Gliscor
|-damage|p1a: Gliscor|0 fnt
|faint|p1a: Gliscor
|-damage|p2a: Gallade|81/100|[from] item: Life Orb
|
|-weather|RainDance|[upkeep]
|upkeep
|j| CertamenMeum
|
|t:|1716574950
|switch|p1a: Ferrothorn|Ferrothorn, M|100/100
|turn|17
|
|t:|1716574961
|move|p1a: Ferrothorn|Toxic|p2a: Gallade
|-status|p2a: Gallade|tox
|move|p2a: Gallade|Close Combat|p1a: Ferrothorn
|-supereffective|p1a: Ferrothorn
|-damage|p1a: Ferrothorn|0 fnt
|-unboost|p2a: Gallade|def|1
|-unboost|p2a: Gallade|spd|1
|-damage|p2a: Gallade|69/100 tox|[from] ability: Iron Barbs|[of] p1a: Ferrothorn
|-damage|p2a: Gallade|52/100 tox|[from] item: Rocky Helmet|[of] p1a: Ferrothorn
|faint|p1a: Ferrothorn
|-damage|p2a: Gallade|42/100 tox|[from] item: Life Orb
|
|-weather|RainDance|[upkeep]
|-damage|p2a: Gallade|36/100 tox|[from] psn
|upkeep
|
|t:|1716574975
|switch|p1a: Tentacruel|Tentacruel, F|52/100
|turn|18
|
|t:|1716574979
|switch|p2a: Reuniclus|Reuniclus, F|100/100
|move|p1a: Tentacruel|Protect||[still]
|-fail|p1a: Tentacruel
|
|-weather|RainDance|[upkeep]
|-heal|p1a: Tentacruel|58/100|[from] ability: Rain Dish
|-heal|p1a: Tentacruel|64/100|[from] item: Black Sludge
|upkeep
|turn|19
|
|t:|1716574987
|move|p1a: Tentacruel|Protect|p1a: Tentacruel
|-singleturn|p1a: Tentacruel|Protect
|move|p2a: Reuniclus|Psychic|p1a: Tentacruel
|-activate|p1a: Tentacruel|move: Protect
|
|-weather|RainDance|[upkeep]
|-heal|p1a: Tentacruel|70/100|[from] ability: Rain Dish
|-heal|p1a: Tentacruel|76/100|[from] item: Black Sludge
|-fieldend|move: Trick Room
|upkeep
|turn|20
|l| CertamenMeum
|
|t:|1716575003
|switch|p1a: Blissey|Blissey, F|90/100
|switch|p2a: Dragonite|Dragonite, M|100/100
|-damage|p2a: Dragonite|76/100|[from] Stealth Rock
|
|-weather|RainDance|[upkeep]
|-heal|p1a: Blissey|96/100|[from] item: Leftovers
|upkeep
|turn|21
|
|t:|1716575016
|move|p2a: Dragonite|Outrage|p1a: Blissey
|-damage|p1a: Blissey|6/100
|move|p1a: Blissey|Toxic|p2a: Dragonite
|-status|p2a: Dragonite|tox
|
|-weather|RainDance|[upkeep]
|-heal|p1a: Blissey|13/100|[from] item: Leftovers
|-damage|p2a: Dragonite|70/100 tox|[from] psn
|upkeep
|turn|22
|j| CertamenMeum
|
|t:|1716575037
|move|p2a: Dragonite|Outrage|p1a: Blissey|[from]lockedmove
|-damage|p1a: Blissey|0 fnt
|faint|p1a: Blissey
|-start|p2a: Dragonite|confusion|[fatigue]
|
|-weather|RainDance|[upkeep]
|-damage|p2a: Dragonite|57/100 tox|[from] psn
|upkeep
|inactive|AnotherUsername42 has 120 seconds left.
|
|t:|1716575058
|switch|p1a: Jirachi|Jirachi|13/100
|turn|23
|
|t:|1716575065
|switch|p2a: Gallade|Gallade, M|36/100 tox
|-damage|p2a: Gallade|30/100 tox|[from] Stealth Rock
|move|p1a: Jirachi|Thunder|p2a: Gallade
|-damage|p2a: Gallade|5/100 tox
|
|-weather|RainDance|[upkeep]
|-heal|p1a: Jirachi|19/100|[from] item: Leftovers
|-damage|p2a: Gallade|0 fnt|[from] psn
|faint|p2a: Gallade
|upkeep
|
|t:|1716575070
|switch|p2a: Jellicent|Jellicent, M|100/100
|-damage|p2a: Jellicent|88/100|[from] Stealth Rock
|-item|p2a: Jellicent|Air Balloon
|turn|24
|
|t:|1716575072
|move|p1a: Jirachi|Thunder|p2a: Jellicent
|-supereffective|p2a: Jellicent
|-damage|p2a: Jellicent|40/100
|-enditem|p2a: Jellicent|Air Balloon
|move|p2a: Jellicent|Trick Room|p2a: Jellicent
|-fieldstart|move: Trick Room|[of] p2a: Jellicent
|
|-weather|RainDance|[upkeep]
|-heal|p1a: Jirachi|25/100|[from] item: Leftovers
|upkeep
|turn|25
|
|t:|1716575083
|switch|p1a: Politoed|Politoed, F|50/100
|move|p2a: Jellicent|Shadow Ball|p1a: Politoed
|-damage|p1a: Politoed|20/100
|
|-weather|RainDance|[upkeep]
|-heal|p1a: Politoed|27/100|[from] item: Leftovers
|upkeep
|turn|26
|
|t:|1716575090
|move|p1a: Politoed|Protect|p1a: Politoed
|-singleturn|p1a: Politoed|Protect
|move|p2a: Jellicent|Shadow Ball|p1a: Politoed
|-activate|p1a: Politoed|move: Protect
|
|-weather|RainDance|[upkeep]
|-heal|p1a: Politoed|33/100|[from] item: Leftovers
|upkeep
|turn|27
|
|t:|1716575097
|move|p2a: Jellicent|Shadow Ball|p1a: Politoed
|-crit|p1a: Politoed
|-damage|p1a: Politoed|0 fnt
|faint|p1a: Politoed
|
|-weather|RainDance|[upkeep]
|upkeep
|
|t:|1716575103
|switch|p1a: Tentacruel|Tentacruel, F|76/100
|turn|28
|
|t:|1716575110
|move|p1a: Tentacruel|Protect|p1a: Tentacruel
|-singleturn|p1a: Tentacruel|Protect
|move|p2a: Jellicent|Shadow Ball|p1a: Tentacruel
|-activate|p1a: Tentacruel|move: Protect
|
|-weather|RainDance|[upkeep]
|-heal|p1a: Tentacruel|82/100|[from] ability: Rain Dish
|-heal|p1a: Tentacruel|88/100|[from] item: Black Sludge
|-fieldend|move: Trick Room
|upkeep
|turn|29
|inactive|AnotherUsername42 has 120 seconds left.
|inactive|AnotherUsername42 has 90 seconds left.
|
|t:|1716575173
|move|p1a: Tentacruel|Protect||[still]
|-fail|p1a: Tentacruel
|move|p2a: Jellicent|Trick Room|p2a: Jellicent
|-fieldstart|move: Trick Room|[of] p2a: Jellicent
|
|-weather|RainDance|[upkeep]
|-heal|p1a: Tentacruel|94/100|[from] ability: Rain Dish
|-heal|p1a: Tentacruel|99/100|[from] item: Black Sludge
|upkeep
|turn|30
|inactive|AnotherUsername42 has 90 seconds left.
|
|t:|1716575189
|switch|p2a: Reuniclus|Reuniclus, F|100/100
|move|p1a: Tentacruel|Protect||[still]
|-fail|p1a: Tentacruel
|
|-weather|RainDance|[upkeep]
|-heal|p1a: Tentacruel|100/100|[from] ability: Rain Dish
|upkeep
|turn|31
|
|t:|1716575194
|move|p2a: Reuniclus|Psychic|p1a: Tentacruel
|-supereffective|p1a: Tentacruel
|-damage|p1a: Tentacruel|0 fnt
|faint|p1a: Tentacruel
|
|-weather|RainDance|[upkeep]
|upkeep
|
|t:|1716575197
|switch|p1a: Jirachi|Jirachi|25/100
|turn|32
|
|t:|1716575204
|move|p2a: Reuniclus|Shadow Ball|p1a: Jirachi
|-damage|p1a: Jirachi|0 fnt
|faint|p1a: Jirachi
|
|win|av2336
|raw|AnotherUsername42's rating: 1423 &rarr; <strong>1404</strong><br />(-19 for losing)
|raw|av2336's rating: 1432 &rarr; <strong>1451</strong><br />(+19 for winning)
|l|☆AnotherUsername42
|player|p1|
|l| CertamenMeum
