|j|☆Mono Luce
|j|☆refsunpersons
|player|p1|Mono Luce|266
|player|p2|refsunpersons|123
|teamsize|p1|6
|teamsize|p2|6
|gametype|singles
|gen|5
|tier|[Gen 5] OU
|rated|
|rule|Sleep Clause Mod: Limit one foe put to sleep
|rule|Species Clause: Limit one of each Pokémon
|rule|OHKO Clause: OHKO moves are banned
|rule|Moody Clause: Moody is banned
|rule|Evasion Moves Clause: Evasion moves are banned
|rule|Endless Battle Clause: Forcing endless battles is banned
|rule|HP Percentage Mod: HP is shown in percentages
|rule|Evasion Abilities Clause: Evasion abilities are banned
|rule|Baton Pass Clause: Limit one Baton Passer, can't pass Spe and other stats simultaneously
|rule|Swagger Clause: Swagger is banned
|clearpoke
|poke|p1|Landorus-Therian, M|item
|poke|p1|Tyranitar, F|item
|poke|p1|Gastrodon, F|item
|poke|p1|Lucario, M|item
|poke|p1|Latios, M|item
|poke|p1|Heatran, M|item
|poke|p2|Politoed, M|item
|poke|p2|Lapras, M|item
|poke|p2|Ferrothorn, M|item
|poke|p2|Garchomp, M|item
|poke|p2|Toxicroak, M|item
|poke|p2|Xatu, M|item
|teampreview
|
|start
|switch|p1a: Tyranitar|Tyranitar, F|100/100
|switch|p2a: Politoed|Politoed, M|100/100
|-weather|RainDance|[from] ability: Drizzle|[of] p2a: Politoed
|-weather|Sandstorm|[from] ability: Sand Stream|[of] p1a: Tyranitar
|turn|1
|c|☆refsunpersons|gl hf
|
|switch|p2a: Xatu|Xatu, M|100/100
|move|p1a: Tyranitar|Stealth Rock|p2a: Xatu
|move|p2a: Xatu|Stealth Rock|p1a: Tyranitar|[from]Magic Bounce
|-sidestart|p1: Mono Luce|move: Stealth Rock
|
|-weather|Sandstorm|[upkeep]
|-damage|p2a: Xatu|95/100|[from] Sandstorm
|upkeep
|turn|2
|
|move|p2a: Xatu|U-turn|p1a: Tyranitar
|-supereffective|p1a: Tyranitar
|-damage|p1a: Tyranitar|79/100
|
|-activate|p2a: Xatu|move: Pursuit
|move|p1a: Tyranitar|Pursuit|p2a: Xatu|[from]Pursuit
|-supereffective|p2a: Xatu
|-damage|p2a: Xatu|0 fnt
|-damage|p1a: Tyranitar|62/100|[from] item: Rocky Helmet|[of] p2a: Xatu
|faint|p2a: Xatu
|
|-weather|Sandstorm|[upkeep]
|upkeep
|
|switch|p2a: Garchomp|Garchomp, M|100/100
|turn|3
|
|move|p2a: Garchomp|Swords Dance|p2a: Garchomp
|-boost|p2a: Garchomp|atk|2
|move|p1a: Tyranitar|Stealth Rock|p2a: Garchomp
|-sidestart|p2: refsunpersons|move: Stealth Rock
|
|-weather|Sandstorm|[upkeep]
|upkeep
|turn|4
|
|switch|p1a: Lucario|Lucario, M|100/100
|-damage|p1a: Lucario|98/100|[from] Stealth Rock
|move|p2a: Garchomp|Earthquake|p1a: Lucario
|-supereffective|p1a: Lucario
|-damage|p1a: Lucario|0 fnt
|faint|p1a: Lucario
|
|-weather|Sandstorm|[upkeep]
|upkeep
|
|switch|p1a: Latios|Latios, M|100/100
|-damage|p1a: Latios|88/100|[from] Stealth Rock
|turn|5
|
|switch|p2a: Ferrothorn|Ferrothorn, M|100/100
|-damage|p2a: Ferrothorn|94/100|[from] Stealth Rock
|move|p1a: Latios|Draco Meteor|p2a: Ferrothorn
|-resisted|p2a: Ferrothorn
|-damage|p2a: Ferrothorn|69/100
|-unboost|p1a: Latios|spa|2
|
|-weather|Sandstorm|[upkeep]
|-damage|p1a: Latios|82/100|[from] Sandstorm
|-heal|p2a: Ferrothorn|75/100|[from] item: Leftovers
|upkeep
|turn|6
|
|switch|p1a: Heatran|Heatran, M|100/100
|-damage|p1a: Heatran|88/100|[from] Stealth Rock
|switch|p2a: Politoed|Politoed, M|100/100
|-damage|p2a: Politoed|88/100|[from] Stealth Rock
|-weather|RainDance|[from] ability: Drizzle|[of] p2a: Politoed
|
|-weather|RainDance|[upkeep]
|-heal|p1a: Heatran|94/100|[from] item: Leftovers
|upkeep
|turn|7
|
|switch|p2a: Garchomp|Garchomp, M|100/100
|-damage|p2a: Garchomp|94/100|[from] Stealth Rock
|move|p1a: Heatran|Magma Storm|p2a: Garchomp
|-resisted|p2a: Garchomp
|-damage|p2a: Garchomp|77/100
|-activate|p2a: Garchomp|move: Magma Storm|[of] p1a: Heatran
|
|-weather|RainDance|[upkeep]
|-heal|p1a: Heatran|100/100|[from] item: Leftovers
|-damage|p2a: Garchomp|71/100|[from] move: Magma Storm|[partiallytrapped]
|upkeep
|turn|8
|
|switch|p1a: Landorus|Landorus-Therian, M|100/100
|-damage|p1a: Landorus|88/100|[from] Stealth Rock
|-ability|p1a: Landorus|Intimidate|boost
|-unboost|p2a: Garchomp|atk|1
|move|p2a: Garchomp|Swords Dance|p2a: Garchomp
|-boost|p2a: Garchomp|atk|2
|
|-weather|RainDance|[upkeep]
|upkeep
|turn|9
|
|move|p2a: Garchomp|Aqua Tail|p1a: Landorus
|-supereffective|p1a: Landorus
|-damage|p1a: Landorus|0 fnt
|faint|p1a: Landorus
|
|-weather|RainDance|[upkeep]
|upkeep
|
|switch|p1a: Gastrodon|Gastrodon, F|100/100
|-damage|p1a: Gastrodon|94/100|[from] Stealth Rock
|turn|10
|
|move|p2a: Garchomp|Outrage|p1a: Gastrodon
|-damage|p1a: Gastrodon|28/100
|move|p1a: Gastrodon|Ice Beam|p2a: Garchomp
|-supereffective|p2a: Garchomp
|-enditem|p2a: Garchomp|Yache Berry|[eat]
|-enditem|p2a: Garchomp|Yache Berry|[weaken]
|-damage|p2a: Garchomp|29/100
|
|-weather|RainDance|[upkeep]
|-heal|p1a: Gastrodon|34/100|[from] item: Leftovers
|upkeep
|turn|11
|
|switch|p1a: Heatran|Heatran, M|100/100
|-damage|p1a: Heatran|88/100|[from] Stealth Rock
|move|p2a: Garchomp|Outrage|p1a: Heatran|[from]lockedmove
|-resisted|p1a: Heatran
|-damage|p1a: Heatran|44/100
|
|-weather|RainDance|[upkeep]
|-heal|p1a: Heatran|51/100|[from] item: Leftovers
|upkeep
|turn|12
|
|move|p2a: Garchomp|Outrage|p1a: Heatran|[from]lockedmove
|-resisted|p1a: Heatran
|-damage|p1a: Heatran|1/100
|-start|p2a: Garchomp|confusion|[fatigue]
|move|p1a: Heatran|Earth Power|p2a: Garchomp
|-damage|p2a: Garchomp|0 fnt
|faint|p2a: Garchomp
|
|-weather|RainDance|[upkeep]
|-heal|p1a: Heatran|7/100|[from] item: Leftovers
|upkeep
|
|switch|p2a: Toxicroak|Toxicroak, M|100/100
|-damage|p2a: Toxicroak|94/100|[from] Stealth Rock
|turn|13
|
|move|p2a: Toxicroak|Drain Punch|p1a: Heatran
|-supereffective|p1a: Heatran
|-damage|p1a: Heatran|0 fnt
|-heal|p2a: Toxicroak|98/100|[from] drain|[of] p1a: Heatran
|-damage|p2a: Toxicroak|88/100|[from] item: Life Orb
|faint|p1a: Heatran
|
|-weather|RainDance|[upkeep]
|-heal|p2a: Toxicroak|99/100|[from] ability: Dry Skin
|upkeep
|
|switch|p1a: Latios|Latios, M|82/100
|-damage|p1a: Latios|70/100|[from] Stealth Rock
|turn|14
|
|switch|p1a: Tyranitar|Tyranitar, F|62/100
|-damage|p1a: Tyranitar|50/100|[from] Stealth Rock
|-weather|Sandstorm|[from] ability: Sand Stream|[of] p1a: Tyranitar
|move|p2a: Toxicroak|Sucker Punch|p1a: Tyranitar|[still]
|-fail|p2a: Toxicroak
|
|-weather|Sandstorm|[upkeep]
|-damage|p2a: Toxicroak|94/100|[from] Sandstorm
|upkeep
|turn|15
|
|switch|p1a: Gastrodon|Gastrodon, F|34/100
|-damage|p1a: Gastrodon|28/100|[from] Stealth Rock
|move|p2a: Toxicroak|Swords Dance|p2a: Toxicroak
|-boost|p2a: Toxicroak|atk|2
|
|-weather|Sandstorm|[upkeep]
|-damage|p2a: Toxicroak|88/100|[from] Sandstorm
|-heal|p1a: Gastrodon|34/100|[from] item: Leftovers
|upkeep
|turn|16
|-message|Mono Luce forfeited.
|
|win|refsunpersons
|l|☆Mono Luce
|raw|Mono Luce's rating: 1391 &rarr; <strong>1368</strong><br />(-23 for losing)
|raw|refsunpersons's rating: 1343 &rarr; <strong>1366</strong><br />(+23 for winning)
