|j|☆Coronet077
|j|☆Rinamarokirurai!
|t:|1704837203
|gametype|singles
|player|p1|Coronet077|266|1416
|player|p2|Rinamarokirurai!|lyra|1340
|teamsize|p1|6
|teamsize|p2|6
|gen|5
|tier|[Gen 5] OU
|rated|
|rule|Species Clause: Limit one of each Pokémon
|rule|OHKO Clause: OHKO moves are banned
|rule|Moody Clause: Moody is banned
|rule|Evasion Items Clause: Evasion items are banned
|rule|Evasion Moves Clause: Evasion moves are banned
|rule|Endless Battle Clause: Forcing endless battles is banned
|rule|HP Percentage Mod: HP is shown in percentages
|rule|Evasion Abilities Clause: Evasion abilities are banned
|rule|Sleep Moves Clause: Sleep-inducing moves are banned
|rule|Swagger Clause: Swagger is banned
|rule|Baton Pass Stat Clause: No Baton Passer may have a way to boost its stats
|clearpoke
|poke|p1|Politoed, F|item
|poke|p1|Ferrothorn, F|item
|poke|p1|Tentacruel, F|item
|poke|p1|Latios, M|item
|poke|p1|Keldeo|item
|poke|p1|Thundurus-Therian, M|item
|poke|p2|Tyranitar, F|item
|poke|p2|Gliscor, F|item
|poke|p2|Ferrothorn, M|item
|poke|p2|Magnezone|item
|poke|p2|Latios, M|item
|poke|p2|Terrakion|item
|teampreview
|inactive|Battle timer is ON: inactive players will automatically lose when time's up. (requested by Rinamarokirurai!)
|
|t:|1704837214
|start
|switch|p1a: Politoed|Politoed, F, shiny|100/100
|switch|p2a: Tyranitar|Tyranitar, F|100/100
|-weather|RainDance|[from] ability: Drizzle|[of] p1a: Politoed
|-weather|Sandstorm|[from] ability: Sand Stream|[of] p2a: Tyranitar
|turn|1
|
|t:|1704837218
|move|p1a: Politoed|Scald|p2a: Tyranitar
|-supereffective|p2a: Tyranitar
|-damage|p2a: Tyranitar|79/100
|move|p2a: Tyranitar|Thunder Wave|p1a: Politoed
|-status|p1a: Politoed|par
|
|-weather|Sandstorm|[upkeep]
|-damage|p1a: Politoed|94/100 par|[from] Sandstorm
|-heal|p1a: Politoed|100/100 par|[from] item: Leftovers
|upkeep
|turn|2
|
|t:|1704837223
|switch|p2a: Ferrothorn|Ferrothorn, M|100/100
|move|p1a: Politoed|Refresh|p1a: Politoed
|-curestatus|p1a: Politoed|par|[msg]
|
|-weather|Sandstorm|[upkeep]
|-damage|p1a: Politoed|94/100|[from] Sandstorm
|-heal|p1a: Politoed|100/100|[from] item: Leftovers
|upkeep
|turn|3
|
|t:|1704837227
|switch|p1a: Ferrothorn|Ferrothorn, F|100/100
|move|p2a: Ferrothorn|Stealth Rock|p1a: Ferrothorn
|-sidestart|p1: Coronet077|move: Stealth Rock
|
|-weather|Sandstorm|[upkeep]
|upkeep
|turn|4
|
|t:|1704837230
|switch|p2a: Terrakion|Terrakion|100/100
|switch|p1a: Thundurus|Thundurus-Therian, M|100/100
|-damage|p1a: Thundurus|76/100|[from] Stealth Rock
|
|-weather|Sandstorm|[upkeep]
|-damage|p1a: Thundurus|69/100|[from] Sandstorm
|-heal|p1a: Thundurus|76/100|[from] item: Leftovers
|upkeep
|turn|5
|
|t:|1704837236
|switch|p1a: Keldeo|Keldeo|100/100
|-damage|p1a: Keldeo|94/100|[from] Stealth Rock
|move|p2a: Terrakion|Close Combat|p1a: Keldeo
|-damage|p1a: Keldeo|0 fnt
|-unboost|p2a: Terrakion|def|1
|-unboost|p2a: Terrakion|spd|1
|faint|p1a: Keldeo
|
|-weather|Sandstorm|[upkeep]
|upkeep
|
|t:|1704837240
|switch|p1a: Politoed|Politoed, F, shiny|100/100
|-damage|p1a: Politoed|88/100|[from] Stealth Rock
|-weather|RainDance|[from] ability: Drizzle|[of] p1a: Politoed
|turn|6
|
|t:|1704837242
|switch|p2a: Ferrothorn|Ferrothorn, M|100/100
|move|p1a: Politoed|Scald|p2a: Ferrothorn
|-resisted|p2a: Ferrothorn
|-damage|p2a: Ferrothorn|87/100
|-status|p2a: Ferrothorn|brn
|
|-weather|RainDance|[upkeep]
|-heal|p1a: Politoed|94/100|[from] item: Leftovers
|-damage|p2a: Ferrothorn|75/100 brn|[from] brn
|upkeep
|turn|7
|
|t:|1704837247
|switch|p1a: Tentacruel|Tentacruel, F|100/100
|-damage|p1a: Tentacruel|88/100|[from] Stealth Rock
|move|p2a: Ferrothorn|Spikes|p1a: Tentacruel
|-sidestart|p1: Coronet077|Spikes
|
|-weather|RainDance|[upkeep]
|-heal|p1a: Tentacruel|94/100|[from] ability: Rain Dish
|-heal|p1a: Tentacruel|99/100|[from] item: Black Sludge
|-damage|p2a: Ferrothorn|62/100 brn|[from] brn
|upkeep
|turn|8
|
|t:|1704837251
|switch|p2a: Magnezone|Magnezone|100/100
|move|p1a: Tentacruel|Rapid Spin|p2a: Magnezone
|-resisted|p2a: Magnezone
|-damage|p2a: Magnezone|99/100
|-sideend|p1: Coronet077|Spikes|[from] move: Rapid Spin|[of] p1a: Tentacruel
|-sideend|p1: Coronet077|Stealth Rock|[from] move: Rapid Spin|[of] p1a: Tentacruel
|
|-weather|RainDance|[upkeep]
|-heal|p1a: Tentacruel|100/100|[from] ability: Rain Dish
|-heal|p2a: Magnezone|100/100|[from] item: Leftovers
|upkeep
|turn|9
|
|t:|1704837257
|move|p1a: Tentacruel|Scald|p2a: Magnezone
|-damage|p2a: Magnezone|56/100
|move|p2a: Magnezone|Substitute|p2a: Magnezone
|-start|p2a: Magnezone|Substitute
|-damage|p2a: Magnezone|31/100
|
|-weather|RainDance|[upkeep]
|-heal|p2a: Magnezone|37/100|[from] item: Leftovers
|upkeep
|turn|10
|
|t:|1704837263
|switch|p1a: Thundurus|Thundurus-Therian, M|76/100
|move|p2a: Magnezone|Thunderbolt|p1a: Thundurus
|-heal|p1a: Thundurus|100/100|[from] ability: Volt Absorb|[of] p2a: Magnezone
|
|-weather|RainDance|[upkeep]
|-heal|p2a: Magnezone|43/100|[from] item: Leftovers
|upkeep
|turn|11
|
|t:|1704837266
|move|p1a: Thundurus|Substitute|p1a: Thundurus
|-start|p1a: Thundurus|Substitute
|-damage|p1a: Thundurus|76/100
|move|p2a: Magnezone|Hidden Power|p1a: Thundurus
|-supereffective|p1a: Thundurus
|-crit|p1a: Thundurus
|-end|p1a: Thundurus|Substitute
|
|-weather|RainDance|[upkeep]
|-heal|p1a: Thundurus|82/100|[from] item: Leftovers
|-heal|p2a: Magnezone|49/100|[from] item: Leftovers
|upkeep
|turn|12
|
|t:|1704837277
|switch|p1a: Ferrothorn|Ferrothorn, F|100/100
|move|p2a: Magnezone|Hidden Power|p1a: Ferrothorn
|-damage|p1a: Ferrothorn|82/100
|
|-weather|RainDance|[upkeep]
|-heal|p2a: Magnezone|55/100|[from] item: Leftovers
|-heal|p1a: Ferrothorn|89/100|[from] item: Leftovers
|upkeep
|turn|13
|
|t:|1704837280
|move|p2a: Magnezone|Charge Beam|p1a: Ferrothorn
|-resisted|p1a: Ferrothorn
|-damage|p1a: Ferrothorn|79/100
|move|p1a: Ferrothorn|Stealth Rock|p2a: Magnezone
|-sidestart|p2: Rinamarokirurai!|move: Stealth Rock
|
|-weather|RainDance|[upkeep]
|-heal|p2a: Magnezone|61/100|[from] item: Leftovers
|-heal|p1a: Ferrothorn|85/100|[from] item: Leftovers
|upkeep
|turn|14
|
|t:|1704837284
|move|p2a: Magnezone|Charge Beam|p1a: Ferrothorn
|-resisted|p1a: Ferrothorn
|-damage|p1a: Ferrothorn|75/100
|-boost|p2a: Magnezone|spa|1
|move|p1a: Ferrothorn|Gyro Ball|p2a: Magnezone
|-resisted|p2a: Magnezone
|-activate|p2a: Magnezone|Substitute|[damage]
|
|-weather|RainDance|[upkeep]
|-heal|p2a: Magnezone|67/100|[from] item: Leftovers
|-heal|p1a: Ferrothorn|82/100|[from] item: Leftovers
|upkeep
|turn|15
|
|t:|1704837286
|move|p2a: Magnezone|Charge Beam|p1a: Ferrothorn
|-resisted|p1a: Ferrothorn
|-damage|p1a: Ferrothorn|67/100
|move|p1a: Ferrothorn|Gyro Ball|p2a: Magnezone
|-resisted|p2a: Magnezone
|-activate|p2a: Magnezone|Substitute|[damage]
|
|-weather|RainDance|[upkeep]
|-heal|p2a: Magnezone|73/100|[from] item: Leftovers
|-heal|p1a: Ferrothorn|74/100|[from] item: Leftovers
|upkeep
|turn|16
|
|t:|1704837288
|move|p2a: Magnezone|Charge Beam|p1a: Ferrothorn
|-resisted|p1a: Ferrothorn
|-damage|p1a: Ferrothorn|60/100
|-boost|p2a: Magnezone|spa|1
|move|p1a: Ferrothorn|Gyro Ball|p2a: Magnezone
|-resisted|p2a: Magnezone
|-end|p2a: Magnezone|Substitute
|
|-weather|RainDance|[upkeep]
|-heal|p2a: Magnezone|79/100|[from] item: Leftovers
|-heal|p1a: Ferrothorn|66/100|[from] item: Leftovers
|upkeep
|turn|17
|
|t:|1704837293
|move|p2a: Magnezone|Substitute|p2a: Magnezone
|-start|p2a: Magnezone|Substitute
|-damage|p2a: Magnezone|54/100
|move|p1a: Ferrothorn|Spikes|p2a: Magnezone
|-sidestart|p2: Rinamarokirurai!|Spikes
|
|-weather|RainDance|[upkeep]
|-heal|p2a: Magnezone|60/100|[from] item: Leftovers
|-heal|p1a: Ferrothorn|73/100|[from] item: Leftovers
|upkeep
|turn|18
|
|t:|1704837295
|move|p2a: Magnezone|Charge Beam|p1a: Ferrothorn
|-resisted|p1a: Ferrothorn
|-damage|p1a: Ferrothorn|52/100
|-boost|p2a: Magnezone|spa|1
|move|p1a: Ferrothorn|Spikes|p2a: Magnezone
|-sidestart|p2: Rinamarokirurai!|Spikes
|
|-weather|RainDance|[upkeep]
|-heal|p2a: Magnezone|66/100|[from] item: Leftovers
|-heal|p1a: Ferrothorn|58/100|[from] item: Leftovers
|upkeep
|turn|19
|
|t:|1704837297
|move|p2a: Magnezone|Charge Beam|p1a: Ferrothorn
|-resisted|p1a: Ferrothorn
|-damage|p1a: Ferrothorn|34/100
|-boost|p2a: Magnezone|spa|1
|move|p1a: Ferrothorn|Spikes|p2a: Magnezone
|-sidestart|p2: Rinamarokirurai!|Spikes
|
|-weather|RainDance|[upkeep]
|-heal|p2a: Magnezone|72/100|[from] item: Leftovers
|-heal|p1a: Ferrothorn|40/100|[from] item: Leftovers
|upkeep
|turn|20
|
|t:|1704837299
|move|p2a: Magnezone|Charge Beam|p1a: Ferrothorn
|-resisted|p1a: Ferrothorn
|-damage|p1a: Ferrothorn|12/100
|move|p1a: Ferrothorn|Gyro Ball|p2a: Magnezone
|-resisted|p2a: Magnezone
|-activate|p2a: Magnezone|Substitute|[damage]
|
|-weather|RainDance|[upkeep]
|-heal|p2a: Magnezone|78/100|[from] item: Leftovers
|-heal|p1a: Ferrothorn|18/100|[from] item: Leftovers
|upkeep
|turn|21
|
|t:|1704837301
|move|p2a: Magnezone|Charge Beam|p1a: Ferrothorn
|-resisted|p1a: Ferrothorn
|-damage|p1a: Ferrothorn|0 fnt
|-boost|p2a: Magnezone|spa|1
|faint|p1a: Ferrothorn
|
|-weather|RainDance|[upkeep]
|-heal|p2a: Magnezone|84/100|[from] item: Leftovers
|upkeep
|
|t:|1704837306
|switch|p1a: Tentacruel|Tentacruel, F|100/100
|turn|22
|
|t:|1704837308
|move|p1a: Tentacruel|Scald|p2a: Magnezone
|-end|p2a: Magnezone|Substitute
|move|p2a: Magnezone|Thunderbolt|p1a: Tentacruel
|-supereffective|p1a: Tentacruel
|-damage|p1a: Tentacruel|0 fnt
|faint|p1a: Tentacruel
|
|-weather|RainDance|[upkeep]
|-heal|p2a: Magnezone|91/100|[from] item: Leftovers
|upkeep
|
|t:|1704837310
|switch|p1a: Latios|Latios, M|100/100
|turn|23
|
|t:|1704837312
|move|p1a: Latios|Surf|p2a: Magnezone
|-damage|p2a: Magnezone|23/100
|move|p2a: Magnezone|Hidden Power|p1a: Latios
|-supereffective|p1a: Latios
|-damage|p1a: Latios|0 fnt
|faint|p1a: Latios
|
|-weather|RainDance|[upkeep]
|-heal|p2a: Magnezone|29/100|[from] item: Leftovers
|upkeep
|
|t:|1704837316
|switch|p1a: Thundurus|Thundurus-Therian, M|82/100
|turn|24
|
|t:|1704837318
|move|p1a: Thundurus|Focus Blast|p2a: Magnezone
|-supereffective|p2a: Magnezone
|-damage|p2a: Magnezone|0 fnt
|faint|p2a: Magnezone
|
|-weather|RainDance|[upkeep]
|-heal|p1a: Thundurus|88/100|[from] item: Leftovers
|upkeep
|
|t:|1704837322
|switch|p2a: Latios|Latios, M|100/100
|-damage|p2a: Latios|88/100|[from] Stealth Rock
|turn|25
|
|t:|1704837326
|switch|p1a: Politoed|Politoed, F, shiny|94/100
|move|p2a: Latios|Dragon Pulse|p1a: Politoed
|-damage|p1a: Politoed|53/100
|
|-weather|RainDance|[upkeep]
|-heal|p1a: Politoed|60/100|[from] item: Leftovers
|upkeep
|turn|26
|
|t:|1704837329
|move|p1a: Politoed|Protect|p1a: Politoed
|-singleturn|p1a: Politoed|Protect
|move|p2a: Latios|Dragon Pulse|p1a: Politoed
|-activate|p1a: Politoed|move: Protect
|
|-weather|RainDance|[upkeep]
|-heal|p1a: Politoed|66/100|[from] item: Leftovers
|upkeep
|turn|27
|
|t:|1704837336
|move|p2a: Latios|Dragon Pulse|p1a: Politoed
|-damage|p1a: Politoed|24/100
|move|p1a: Politoed|Scald|p2a: Latios
|-resisted|p2a: Latios
|-damage|p2a: Latios|69/100
|
|-weather|RainDance|[upkeep]
|-heal|p1a: Politoed|30/100|[from] item: Leftovers
|upkeep
|turn|28
|
|t:|1704837338
|move|p1a: Politoed|Protect|p1a: Politoed
|-singleturn|p1a: Politoed|Protect
|move|p2a: Latios|Dragon Pulse|p1a: Politoed
|-activate|p1a: Politoed|move: Protect
|
|-weather|RainDance|[upkeep]
|-heal|p1a: Politoed|37/100|[from] item: Leftovers
|upkeep
|turn|29
|
|t:|1704837343
|move|p2a: Latios|Dragon Pulse|p1a: Politoed
|-damage|p1a: Politoed|0 fnt
|faint|p1a: Politoed
|
|-weather|RainDance|[upkeep]
|upkeep
|
|t:|1704837344
|switch|p1a: Thundurus|Thundurus-Therian, M|88/100
|turn|30
|
|t:|1704837346
|move|p2a: Latios|Dragon Pulse|p1a: Thundurus
|-damage|p1a: Thundurus|23/100
|move|p1a: Thundurus|Hidden Power|p2a: Latios
|-supereffective|p2a: Latios
|-damage|p2a: Latios|17/100
|
|-weather|RainDance|[upkeep]
|-heal|p1a: Thundurus|29/100|[from] item: Leftovers
|upkeep
|turn|31
|
|t:|1704837348
|move|p2a: Latios|Dragon Pulse|p1a: Thundurus
|-damage|p1a: Thundurus|0 fnt
|faint|p1a: Thundurus
|
|win|Rinamarokirurai!
|raw|Coronet077's rating: 1416 &rarr; <strong>1392</strong><br />(-24 for losing)
|raw|Rinamarokirurai!'s rating: 1340 &rarr; <strong>1364</strong><br />(+24 for winning)
|l|☆Coronet077
|player|p1|
