|j|☆xpeps_10
|j|☆mohican
|t:|1733844929
|gametype|singles
|player|p1|xpeps_10|gentleman-gen4|1341
|player|p2|mohican|swimmer|1451
|teamsize|p1|6
|teamsize|p2|6
|gen|5
|tier|[Gen 5] OU
|rated|
|rule|Species Clause: Limit one of each Pokémon
|rule|OHKO Clause: OHKO moves are banned
|rule|Moody Clause: Moody is banned
|rule|Evasion Items Clause: Evasion items are banned
|rule|Evasion Moves Clause: Evasion moves are banned
|rule|Endless Battle Clause: Forcing endless battles is banned
|rule|HP Percentage Mod: HP is shown in percentages
|rule|Evasion Abilities Clause: Evasion abilities are banned
|rule|Sleep Moves Clause: Sleep-inducing moves are banned
|rule|Swagger Clause: Swagger is banned
|rule|Baton Pass Stat Clause: No Baton Passer may have a way to boost its stats
|clearpoke
|poke|p1|Politoed, M|item
|poke|p1|Thundurus-Therian, M|item
|poke|p1|Starmie|item
|poke|p1|Ferrothorn, F|item
|poke|p1|Lucario, M|item
|poke|p1|Keldeo|item
|poke|p2|Gastrodon, F|item
|poke|p2|Gengar, M|item
|poke|p2|Jirachi|item
|poke|p2|Lucario, F|item
|poke|p2|Skarmory, F|item
|poke|p2|Dragonite, M|item
|teampreview
|inactive|Battle timer is ON: inactive players will automatically lose when time's up. (requested by xpeps_10)
|
|t:|1733844938
|start
|switch|p1a: Ferrothorn|Ferrothorn, F|100/100
|switch|p2a: Skarmory|Skarmory, F|100/100
|turn|1
|
|t:|1733844940
|move|p2a: Skarmory|Taunt|p1a: Ferrothorn
|-start|p1a: Ferrothorn|move: Taunt
|move|p1a: Ferrothorn|Knock Off|p2a: Skarmory
|-resisted|p2a: Skarmory
|-damage|p2a: Skarmory|99/100
|-enditem|p2a: Skarmory|Custap Berry|[from] move: Knock Off|[of] p1a: Ferrothorn
|
|upkeep
|turn|2
|
|t:|1733844957
|switch|p1a: Starmie|Starmie|100/100
|-item|p1a: Starmie|Air Balloon
|move|p2a: Skarmory|Stealth Rock|p1a: Starmie
|-sidestart|p1: xpeps_10|move: Stealth Rock
|
|upkeep
|turn|3
|
|t:|1733844966
|switch|p2a: Gastrodon|Gastrodon, F|100/100
|move|p1a: Starmie|Thunder|p2a: Gastrodon
|-immune|p2a: Gastrodon
|
|upkeep
|turn|4
|
|t:|1733844983
|move|p1a: Starmie|Rapid Spin|p2a: Gastrodon
|-damage|p2a: Gastrodon|97/100
|-sideend|p1: xpeps_10|Stealth Rock|[from] move: Rapid Spin|[of] p1a: Starmie
|move|p2a: Gastrodon|Ice Beam|p1a: Starmie
|-resisted|p1a: Starmie
|-damage|p1a: Starmie|83/100
|-enditem|p1a: Starmie|Air Balloon
|
|-heal|p2a: Gastrodon|100/100|[from] item: Leftovers
|upkeep
|turn|5
|
|t:|1733844987
|switch|p1a: Politoed|Politoed, M, shiny|100/100
|-weather|RainDance|[from] ability: Drizzle|[of] p1a: Politoed
|move|p2a: Gastrodon|Earth Power|p1a: Politoed
|-damage|p1a: Politoed|78/100
|-enditem|p1a: Politoed|Eject Button
|
|t:|1733844993
|switch|p1a: Ferrothorn|Ferrothorn, F|100/100
|
|-weather|RainDance|[upkeep]
|upkeep
|turn|6
|
|t:|1733845002
|switch|p2a: Lucario|Lucario, F|100/100
|move|p1a: Ferrothorn|Stealth Rock|p2a: Lucario
|-sidestart|p2: mohican|move: Stealth Rock
|
|-weather|RainDance|[upkeep]
|upkeep
|turn|7
|
|t:|1733845006
|move|p2a: Lucario|Swords Dance|p2a: Lucario
|-boost|p2a: Lucario|atk|2
|move|p1a: Ferrothorn|Thunder Wave|p2a: Lucario
|-status|p2a: Lucario|par
|
|-weather|RainDance|[upkeep]
|upkeep
|turn|8
|
|t:|1733845022
|switch|p1a: Starmie|Starmie|83/100
|move|p2a: Lucario|Swords Dance|p2a: Lucario
|-boost|p2a: Lucario|atk|2
|
|-weather|RainDance|[upkeep]
|upkeep
|turn|9
|
|t:|1733845026
|move|p2a: Lucario|Extreme Speed|p1a: Starmie
|-damage|p1a: Starmie|0 fnt
|faint|p1a: Starmie
|-damage|p2a: Lucario|91/100 par|[from] item: Life Orb
|
|-weather|RainDance|[upkeep]
|upkeep
|
|t:|1733845035
|switch|p1a: Lucario|Lucario, M|100/100
|turn|10
|
|t:|1733845044
|switch|p2a: Gengar|Gengar, M|100/100
|-damage|p2a: Gengar|88/100|[from] Stealth Rock
|move|p1a: Lucario|Close Combat|p2a: Gengar
|-immune|p2a: Gengar
|
|-weather|RainDance|[upkeep]
|-heal|p2a: Gengar|94/100|[from] item: Black Sludge
|upkeep
|turn|11
|
|t:|1733845051
|switch|p1a: Politoed|Politoed, M, shiny|78/100
|move|p2a: Gengar|Substitute|p2a: Gengar
|-start|p2a: Gengar|Substitute
|-damage|p2a: Gengar|69/100
|
|-weather|RainDance|[upkeep]
|-heal|p2a: Gengar|76/100|[from] item: Black Sludge
|upkeep
|turn|12
|
|t:|1733845056
|move|p2a: Gengar|Shadow Ball|p1a: Politoed
|-damage|p1a: Politoed|46/100
|move|p1a: Politoed|Scald|p2a: Gengar
|-end|p2a: Gengar|Substitute
|
|-weather|RainDance|[upkeep]
|-heal|p2a: Gengar|82/100|[from] item: Black Sludge
|upkeep
|turn|13
|
|t:|1733845064
|move|p2a: Gengar|Disable|p1a: Politoed
|-start|p1a: Politoed|Disable|Scald
|move|p1a: Politoed|Thief|p2a: Gengar
|-supereffective|p2a: Gengar
|-damage|p2a: Gengar|56/100
|-enditem|p2a: Gengar|Black Sludge|[silent]|[from] move: Thief|[of] p1a: Politoed
|-item|p1a: Politoed|Black Sludge|[from] move: Thief|[of] p2a: Gengar
|
|-weather|RainDance|[upkeep]
|-damage|p1a: Politoed|33/100|[from] item: Black Sludge
|upkeep
|turn|14
|
|t:|1733845069
|move|p2a: Gengar|Substitute|p2a: Gengar
|-start|p2a: Gengar|Substitute
|-damage|p2a: Gengar|32/100
|move|p1a: Politoed|Icy Wind|p2a: Gengar
|-activate|p2a: Gengar|Substitute|[damage]
|
|-weather|RainDance|[upkeep]
|-damage|p1a: Politoed|21/100|[from] item: Black Sludge
|upkeep
|turn|15
|
|t:|1733845084
|move|p2a: Gengar|Shadow Ball|p1a: Politoed
|-damage|p1a: Politoed|0 fnt
|faint|p1a: Politoed
|
|-weather|RainDance|[upkeep]
|upkeep
|
|t:|1733845094
|switch|p1a: Ferrothorn|Ferrothorn, F|100/100
|turn|16
|
|t:|1733845098
|move|p2a: Gengar|Focus Blast|p1a: Ferrothorn|[miss]
|-miss|p2a: Gengar|p1a: Ferrothorn
|move|p1a: Ferrothorn|Knock Off|p2a: Gengar
|-supereffective|p2a: Gengar
|-end|p2a: Gengar|Substitute
|
|-weather|RainDance|[upkeep]
|upkeep
|turn|17
|
|t:|1733845104
|move|p2a: Gengar|Disable|p1a: Ferrothorn
|-start|p1a: Ferrothorn|Disable|Knock Off
|cant|p1a: Ferrothorn|Disable|Knock Off
|
|-weather|RainDance|[upkeep]
|upkeep
|turn|18
|
|t:|1733845108
|move|p2a: Gengar|Substitute|p2a: Gengar
|-start|p2a: Gengar|Substitute
|-damage|p2a: Gengar|7/100
|move|p1a: Ferrothorn|Thunder Wave||[still]
|-fail|p1a: Ferrothorn
|
|-weather|RainDance|[upkeep]
|upkeep
|turn|19
|
|t:|1733845114
|move|p2a: Gengar|Focus Blast|p1a: Ferrothorn|[miss]
|-miss|p2a: Gengar|p1a: Ferrothorn
|move|p1a: Ferrothorn|Power Whip|p2a: Gengar
|-resisted|p2a: Gengar
|-end|p2a: Gengar|Substitute
|
|-weather|RainDance|[upkeep]
|upkeep
|turn|20
|
|t:|1733845122
|move|p2a: Gengar|Focus Blast|p1a: Ferrothorn
|-supereffective|p1a: Ferrothorn
|-enditem|p1a: Ferrothorn|Chople Berry|[eat]
|-enditem|p1a: Ferrothorn|Chople Berry|[weaken]
|-damage|p1a: Ferrothorn|76/100
|move|p1a: Ferrothorn|Power Whip|p2a: Gengar
|-resisted|p2a: Gengar
|-damage|p2a: Gengar|0 fnt
|faint|p2a: Gengar
|
|-weather|RainDance|[upkeep]
|-end|p1a: Ferrothorn|Disable
|upkeep
|
|t:|1733845131
|switch|p2a: Skarmory|Skarmory, F|99/100
|-damage|p2a: Skarmory|86/100|[from] Stealth Rock
|turn|21
|
|t:|1733845139
|switch|p1a: Thundurus|Thundurus-Therian, M|100/100
|move|p2a: Skarmory|Stealth Rock|p1a: Thundurus
|-sidestart|p1: xpeps_10|move: Stealth Rock
|
|-weather|RainDance|[upkeep]
|upkeep
|turn|22
|
|t:|1733845143
|switch|p2a: Gastrodon|Gastrodon, F|100/100
|-damage|p2a: Gastrodon|94/100|[from] Stealth Rock
|move|p1a: Thundurus|Thunder|p2a: Gastrodon
|-immune|p2a: Gastrodon
|
|-weather|RainDance|[upkeep]
|-heal|p2a: Gastrodon|100/100|[from] item: Leftovers
|upkeep
|turn|23
|
|t:|1733845152
|move|p1a: Thundurus|Grass Knot|p2a: Gastrodon
|-supereffective|p2a: Gastrodon
|-damage|p2a: Gastrodon|34/100
|move|p2a: Gastrodon|Ice Beam|p1a: Thundurus
|-supereffective|p1a: Thundurus
|-damage|p1a: Thundurus|40/100
|
|-weather|RainDance|[upkeep]
|-heal|p1a: Thundurus|46/100|[from] item: Leftovers
|-heal|p2a: Gastrodon|40/100|[from] item: Leftovers
|upkeep
|turn|24
|
|t:|1733845160
|switch|p2a: Jirachi|Jirachi|100/100
|-damage|p2a: Jirachi|94/100|[from] Stealth Rock
|move|p1a: Thundurus|Thunder|p2a: Jirachi
|-crit|p2a: Jirachi
|-damage|p2a: Jirachi|0 fnt
|faint|p2a: Jirachi
|
|-weather|RainDance|[upkeep]
|-heal|p1a: Thundurus|52/100|[from] item: Leftovers
|upkeep
|
|t:|1733845169
|switch|p2a: Lucario|Lucario, F|91/100 par
|-damage|p2a: Lucario|88/100 par|[from] Stealth Rock
|turn|25
|
|t:|1733845171
|move|p2a: Lucario|Extreme Speed|p1a: Thundurus
|-damage|p1a: Thundurus|4/100
|-damage|p2a: Lucario|78/100 par|[from] item: Life Orb
|move|p1a: Thundurus|Thunder|p2a: Lucario
|-damage|p2a: Lucario|0 fnt
|faint|p2a: Lucario
|
|-weather|RainDance|[upkeep]
|-heal|p1a: Thundurus|10/100|[from] item: Leftovers
|upkeep
|
|t:|1733845175
|switch|p2a: Dragonite|Dragonite, M|100/100
|-damage|p2a: Dragonite|76/100|[from] Stealth Rock
|turn|26
|
|t:|1733845180
|move|p2a: Dragonite|Extreme Speed|p1a: Thundurus
|-damage|p1a: Thundurus|0 fnt
|faint|p1a: Thundurus
|
|-weather|RainDance|[upkeep]
|upkeep
|
|t:|1733845203
|switch|p1a: Keldeo|Keldeo|100/100
|-damage|p1a: Keldeo|94/100|[from] Stealth Rock
|turn|27
|
|t:|1733845210
|move|p1a: Keldeo|Hidden Power|p2a: Dragonite
|-supereffective|p2a: Dragonite
|-damage|p2a: Dragonite|0 fnt
|faint|p2a: Dragonite
|
|-weather|RainDance|[upkeep]
|upkeep
|
|t:|1733845214
|switch|p2a: Gastrodon|Gastrodon, F|40/100
|-damage|p2a: Gastrodon|34/100|[from] Stealth Rock
|turn|28
|
|t:|1733845216
|move|p1a: Keldeo|Hidden Power|p2a: Gastrodon
|-damage|p2a: Gastrodon|15/100
|move|p2a: Gastrodon|Recover|p2a: Gastrodon
|-heal|p2a: Gastrodon|65/100
|
|-weather|RainDance|[upkeep]
|-heal|p2a: Gastrodon|71/100|[from] item: Leftovers
|upkeep
|turn|29
|
|t:|1733845222
|switch|p1a: Ferrothorn|Ferrothorn, F|76/100
|-damage|p1a: Ferrothorn|70/100|[from] Stealth Rock
|move|p2a: Gastrodon|Recover|p2a: Gastrodon
|-heal|p2a: Gastrodon|100/100
|
|-weather|RainDance|[upkeep]
|upkeep
|turn|30
|
|t:|1733845230
|switch|p2a: Skarmory|Skarmory, F|86/100
|-damage|p2a: Skarmory|74/100|[from] Stealth Rock
|move|p1a: Ferrothorn|Power Whip|p2a: Skarmory
|-resisted|p2a: Skarmory
|-damage|p2a: Skarmory|64/100
|
|-weather|RainDance|[upkeep]
|upkeep
|turn|31
|
|t:|1733845235
|switch|p1a: Lucario|Lucario, M|100/100
|-damage|p1a: Lucario|98/100|[from] Stealth Rock
|move|p2a: Skarmory|Spikes|p1a: Lucario
|-sidestart|p1: xpeps_10|Spikes
|
|-weather|RainDance|[upkeep]
|upkeep
|turn|32
|
|t:|1733845244
|switch|p2a: Gastrodon|Gastrodon, F|100/100
|-damage|p2a: Gastrodon|94/100|[from] Stealth Rock
|move|p1a: Lucario|Swords Dance|p1a: Lucario
|-boost|p1a: Lucario|atk|2
|
|-weather|RainDance|[upkeep]
|-heal|p2a: Gastrodon|100/100|[from] item: Leftovers
|upkeep
|turn|33
|
|t:|1733845248
|move|p1a: Lucario|Close Combat|p2a: Gastrodon
|-damage|p2a: Gastrodon|0 fnt
|-unboost|p1a: Lucario|def|1
|-unboost|p1a: Lucario|spd|1
|faint|p2a: Gastrodon
|-damage|p1a: Lucario|88/100|[from] item: Life Orb
|
|-weather|RainDance|[upkeep]
|upkeep
|-message|mohican forfeited.
|
|win|xpeps_10
|raw|xpeps_10's rating: 1341 &rarr; <strong>1367</strong><br />(+26 for winning)
|raw|mohican's rating: 1451 &rarr; <strong>1425</strong><br />(-26 for losing)
|l|☆mohican
|player|p2|
|c|☆xpeps_10|Ggwp
