|j|☆jason & ggnauts
|j|☆Pokemeat
|t:|1729090151
|gametype|singles
|player|p1|jason & ggnauts|maid|1466
|player|p2|Pokemeat|baker|1382
|teamsize|p1|6
|teamsize|p2|6
|gen|5
|tier|[Gen 5] OU
|rated|
|rule|Species Clause: Limit one of each Pokémon
|rule|OHKO Clause: OHKO moves are banned
|rule|Moody Clause: Moody is banned
|rule|Evasion Items Clause: Evasion items are banned
|rule|Evasion Moves Clause: Evasion moves are banned
|rule|Endless Battle Clause: Forcing endless battles is banned
|rule|HP Percentage Mod: HP is shown in percentages
|rule|Evasion Abilities Clause: Evasion abilities are banned
|rule|Sleep Moves Clause: Sleep-inducing moves are banned
|rule|Swagger Clause: Swagger is banned
|rule|Baton Pass Stat Clause: No Baton Passer may have a way to boost its stats
|clearpoke
|poke|p1|Politoed, F|item
|poke|p1|Jellicent, M|item
|poke|p1|Skarmory, F|item
|poke|p1|Sharpedo, M|item
|poke|p1|Thundurus-Therian, M|item
|poke|p1|Jirachi|item
|poke|p2|Magnezone|item
|poke|p2|Jirachi|item
|poke|p2|Kyurem-Black|item
|poke|p2|Latios, M|item
|poke|p2|Garchomp, F|item
|poke|p2|Salamence, F|item
|teampreview
|inactive|Battle timer is ON: inactive players will automatically lose when time's up. (requested by jason & ggnauts)
|
|t:|1729090162
|start
|switch|p1a: Skarmory|Skarmory, F|100/100
|switch|p2a: Jirachi|Jirachi|100/100
|turn|1
|
|t:|1729090171
|move|p1a: Skarmory|Stealth Rock|p2a: Jirachi
|-sidestart|p2: Pokemeat|move: Stealth Rock
|move|p2a: Jirachi|U-turn|p1a: Skarmory
|-resisted|p1a: Skarmory
|-damage|p1a: Skarmory|96/100
|
|t:|1729090173
|switch|p2a: Magnezone|Magnezone|100/100|[from] U-turn
|-damage|p2a: Magnezone|94/100|[from] Stealth Rock
|-item|p2a: Magnezone|Air Balloon
|
|upkeep
|turn|2
|
|t:|1729090176
|move|p1a: Skarmory|Brave Bird|p2a: Magnezone
|-resisted|p2a: Magnezone
|-damage|p2a: Magnezone|82/100
|-enditem|p2a: Magnezone|Air Balloon
|-damage|p1a: Skarmory|92/100|[from] Recoil
|move|p2a: Magnezone|Thunderbolt|p1a: Skarmory
|-supereffective|p1a: Skarmory
|-damage|p1a: Skarmory|0 fnt
|faint|p1a: Skarmory
|
|upkeep
|
|t:|1729090180
|switch|p1a: Thundurus|Thundurus-Therian, M|100/100
|turn|3
|
|t:|1729090190
|switch|p2a: Jirachi|Jirachi|100/100
|-damage|p2a: Jirachi|94/100|[from] Stealth Rock
|move|p1a: Thundurus|Focus Blast|p2a: Jirachi|[miss]
|-miss|p1a: Thundurus|p2a: Jirachi
|
|upkeep
|turn|4
|
|t:|1729090198
|switch|p1a: Politoed|Politoed, F|100/100
|-weather|RainDance|[from] ability: Drizzle|[of] p1a: Politoed
|move|p2a: Jirachi|Stealth Rock|p1a: Politoed
|-sidestart|p1: jason & ggnauts|move: Stealth Rock
|
|-weather|RainDance|[upkeep]
|upkeep
|turn|5
|
|t:|1729090209
|switch|p1a: Thundurus|Thundurus-Therian, M|100/100
|-damage|p1a: Thundurus|76/100|[from] Stealth Rock
|move|p2a: Jirachi|Thunder|p1a: Thundurus
|-heal|p1a: Thundurus|100/100|[from] ability: Volt Absorb|[of] p2a: Jirachi
|
|-weather|RainDance|[upkeep]
|upkeep
|turn|6
|
|t:|1729090216
|move|p1a: Thundurus|Thunder|p2a: Jirachi
|-damage|p2a: Jirachi|50/100
|move|p2a: Jirachi|Icy Wind|p1a: Thundurus
|-supereffective|p1a: Thundurus
|-enditem|p1a: Thundurus|Yache Berry|[eat]
|-enditem|p1a: Thundurus|Yache Berry|[weaken]
|-damage|p1a: Thundurus|84/100
|-unboost|p1a: Thundurus|spe|1
|
|-weather|RainDance|[upkeep]
|upkeep
|turn|7
|
|t:|1729090236
|switch|p2a: Latios|Latios, M|100/100
|-damage|p2a: Latios|88/100|[from] Stealth Rock
|move|p1a: Thundurus|Thunder|p2a: Latios
|-resisted|p2a: Latios
|-damage|p2a: Latios|55/100
|
|-weather|RainDance|[upkeep]
|upkeep
|turn|8
|
|t:|1729090245
|switch|p2a: Magnezone|Magnezone|82/100
|-damage|p2a: Magnezone|76/100|[from] Stealth Rock
|switch|p1a: Jirachi|Jirachi|100/100
|-damage|p1a: Jirachi|94/100|[from] Stealth Rock
|
|-weather|RainDance|[upkeep]
|upkeep
|turn|9
|
|t:|1729090255
|move|p1a: Jirachi|Thunder|p2a: Magnezone
|-resisted|p2a: Magnezone
|-damage|p2a: Magnezone|51/100
|move|p2a: Magnezone|Thunderbolt|p1a: Jirachi
|-damage|p1a: Jirachi|40/100
|
|-weather|RainDance|[upkeep]
|upkeep
|turn|10
|
|t:|1729090262
|move|p1a: Jirachi|Thunder|p2a: Magnezone
|-resisted|p2a: Magnezone
|-damage|p2a: Magnezone|27/100
|move|p2a: Magnezone|Thunderbolt|p1a: Jirachi
|-damage|p1a: Jirachi|0 fnt
|faint|p1a: Jirachi
|
|-weather|RainDance|[upkeep]
|upkeep
|
|t:|1729090268
|switch|p1a: Politoed|Politoed, F|100/100
|-damage|p1a: Politoed|88/100|[from] Stealth Rock
|turn|11
|
|t:|1729090276
|move|p1a: Politoed|Scald|p2a: Magnezone
|-damage|p2a: Magnezone|0 fnt
|faint|p2a: Magnezone
|
|-weather|RainDance|[upkeep]
|upkeep
|inactive|Pokemeat has 120 seconds left.
|
|t:|1729090315
|switch|p2a: Latios|Latios, M|55/100
|-damage|p2a: Latios|43/100|[from] Stealth Rock
|turn|12
|
|t:|1729090318
|move|p2a: Latios|Draco Meteor|p1a: Politoed
|-damage|p1a: Politoed|14/100
|-unboost|p2a: Latios|spa|2
|move|p1a: Politoed|Scald|p2a: Latios
|-resisted|p2a: Latios
|-crit|p2a: Latios
|-damage|p2a: Latios|0 fnt
|faint|p2a: Latios
|
|-weather|RainDance|[upkeep]
|upkeep
|inactive|Pokemeat has 120 seconds left.
|
|t:|1729090346
|switch|p2a: Salamence|Salamence, F|100/100
|-damage|p2a: Salamence|76/100|[from] Stealth Rock
|turn|13
|
|t:|1729090350
|move|p2a: Salamence|Outrage|p1a: Politoed
|-damage|p1a: Politoed|0 fnt
|faint|p1a: Politoed
|-ability|p2a: Salamence|Moxie|boost
|-boost|p2a: Salamence|atk|1
|
|-weather|RainDance|[upkeep]
|upkeep
|
|t:|1729090354
|switch|p1a: Sharpedo|Sharpedo, M|100/100
|-damage|p1a: Sharpedo|88/100|[from] Stealth Rock
|turn|14
|
|t:|1729090357
|move|p1a: Sharpedo|Protect|p1a: Sharpedo
|-singleturn|p1a: Sharpedo|Protect
|move|p2a: Salamence|Outrage|p1a: Sharpedo|[from]lockedmove
|-activate|p1a: Sharpedo|move: Protect
|-start|p2a: Salamence|confusion|[fatigue]
|
|-weather|RainDance|[upkeep]
|-ability|p1a: Sharpedo|Speed Boost|boost
|-boost|p1a: Sharpedo|spe|1
|upkeep
|turn|15
|
|t:|1729090364
|switch|p2a: Jirachi|Jirachi|50/100
|-damage|p2a: Jirachi|43/100|[from] Stealth Rock
|move|p1a: Sharpedo|Protect||[still]
|-fail|p1a: Sharpedo
|
|-weather|RainDance|[upkeep]
|-ability|p1a: Sharpedo|Speed Boost|boost
|-boost|p1a: Sharpedo|spe|1
|upkeep
|turn|16
|
|t:|1729090370
|move|p1a: Sharpedo|Waterfall|p2a: Jirachi
|-damage|p2a: Jirachi|0 fnt
|faint|p2a: Jirachi
|-damage|p1a: Sharpedo|78/100|[from] item: Life Orb
|
|-weather|RainDance|[upkeep]
|-ability|p1a: Sharpedo|Speed Boost|boost
|-boost|p1a: Sharpedo|spe|1
|upkeep
|
|t:|1729090373
|switch|p2a: Kyurem|Kyurem-Black, shiny|100/100
|-damage|p2a: Kyurem|76/100|[from] Stealth Rock
|-ability|p2a: Kyurem|Teravolt
|turn|17
|
|t:|1729090391
|switch|p1a: Jellicent|Jellicent, M|100/100
|-damage|p1a: Jellicent|88/100|[from] Stealth Rock
|move|p2a: Kyurem|Dragon Claw|p1a: Jellicent
|-damage|p1a: Jellicent|0 fnt
|faint|p1a: Jellicent
|
|-weather|RainDance|[upkeep]
|upkeep
|
|t:|1729090395
|switch|p1a: Thundurus|Thundurus-Therian, M|84/100
|-damage|p1a: Thundurus|59/100|[from] Stealth Rock
|turn|18
|
|t:|1729090411
|move|p1a: Thundurus|Focus Blast|p2a: Kyurem
|-supereffective|p2a: Kyurem
|-damage|p2a: Kyurem|0 fnt
|faint|p2a: Kyurem
|
|-weather|RainDance|[upkeep]
|upkeep
|
|t:|1729090421
|switch|p2a: Salamence|Salamence, F|76/100
|-damage|p2a: Salamence|51/100|[from] Stealth Rock
|turn|19
|
|t:|1729090425
|move|p2a: Salamence|Outrage|p1a: Thundurus
|-damage|p1a: Thundurus|0 fnt
|faint|p1a: Thundurus
|-ability|p2a: Salamence|Moxie|boost
|-boost|p2a: Salamence|atk|1
|
|-weather|RainDance|[upkeep]
|upkeep
|
|t:|1729090428
|switch|p1a: Sharpedo|Sharpedo, M|78/100
|-damage|p1a: Sharpedo|66/100|[from] Stealth Rock
|turn|20
|
|t:|1729090430
|move|p1a: Sharpedo|Protect|p1a: Sharpedo
|-singleturn|p1a: Sharpedo|Protect
|move|p2a: Salamence|Outrage|p1a: Sharpedo|[from]lockedmove
|-activate|p1a: Sharpedo|move: Protect
|
|-weather|RainDance|[upkeep]
|-ability|p1a: Sharpedo|Speed Boost|boost
|-boost|p1a: Sharpedo|spe|1
|upkeep
|turn|21
|
|t:|1729090436
|move|p1a: Sharpedo|Protect|p1a: Sharpedo
|-singleturn|p1a: Sharpedo|Protect
|move|p2a: Salamence|Outrage|p1a: Sharpedo
|-activate|p1a: Sharpedo|move: Protect
|
|-weather|RainDance|[upkeep]
|-ability|p1a: Sharpedo|Speed Boost|boost
|-boost|p1a: Sharpedo|spe|1
|upkeep
|turn|22
|
|t:|1729090445
|move|p1a: Sharpedo|Ice Fang|p2a: Salamence
|-supereffective|p2a: Salamence
|-damage|p2a: Salamence|0 fnt
|faint|p2a: Salamence
|-damage|p1a: Sharpedo|56/100|[from] item: Life Orb
|
|-weather|RainDance|[upkeep]
|-ability|p1a: Sharpedo|Speed Boost|boost
|-boost|p1a: Sharpedo|spe|1
|upkeep
|
|t:|1729090448
|switch|p2a: Garchomp|Garchomp, F|100/100
|-damage|p2a: Garchomp|94/100|[from] Stealth Rock
|turn|23
|
|t:|1729090452
|move|p1a: Sharpedo|Ice Fang|p2a: Garchomp|[miss]
|-miss|p1a: Sharpedo|p2a: Garchomp
|move|p2a: Garchomp|Earthquake|p1a: Sharpedo
|-damage|p1a: Sharpedo|0 fnt
|faint|p1a: Sharpedo
|
|win|Pokemeat
|raw|jason &amp; ggnauts's rating: 1466 &rarr; <strong>1441</strong><br />(-25 for losing)
|raw|Pokemeat's rating: 1382 &rarr; <strong>1407</strong><br />(+25 for winning)
|l|☆Pokemeat
|player|p2|
|c|☆jason & ggnauts|!data ice fang
|raw|<ul class="utilichart"><li class="result"><span class="col movenamecol"><a href="https://dex.pokemonshowdown.com/moves/icefang">Ice Fang</a></span> <span class="col typecol"><img src="//play.pokemonshowdown.com/sprites/types/Ice.png" alt="Ice" width="32" height="14"><img src="//play.pokemonshowdown.com/sprites/categories/Physical.png" alt="Physical" width="32" height="14"></span> <span class="col labelcol"><em>Power</em><br>65</span> <span class="col widelabelcol"><em>Accuracy</em><br>95%</span> <span class="col pplabelcol"><em>PP</em><br>24</span> <span class="col movedesccol">10% chance to freeze. 10% chance to flinch.</span> </li><li style="clear:both"></li></ul>

