|j|☆Gh0st of Perdition
|j|☆BUGO NELL'OZONO
|player|p1|Gh0st of Perdition|lady-gen3rs|1587
|player|p2|BUGO NELL'OZONO|blue-gen3|1483
|teamsize|p1|6
|teamsize|p2|6
|gametype|singles
|gen|5
|tier|[Gen 5] OU
|rated|
|clearpoke
|poke|p1|Politoed, F|item
|poke|p1|Ferrothorn, M|item
|poke|p1|Starmie|item
|poke|p1|Keldeo|item
|poke|p1|Latios, M|item
|poke|p1|Tornadus, M|item
|poke|p2|Rotom-Wash|item
|poke|p2|Tyranitar, F|item
|poke|p2|Scizor, F|item
|poke|p2|Latios, M|item
|poke|p2|Garchomp, M|item
|poke|p2|Terrakion|item
|rule|Species Clause: Limit one of each Pokémon
|rule|OHKO Clause: OHKO moves are banned
|rule|Moody Clause: Moody is banned
|rule|Evasion Moves Clause: Evasion moves are banned
|rule|Endless Battle Clause: Forcing endless battles is banned
|rule|HP Percentage Mod: HP is shown in percentages
|rule|Evasion Abilities Clause: Evasion abilities are banned
|rule|Baton Pass Clause: Limit one Baton Passer, can't pass Spe and other stats simultaneously
|rule|Sleep Clause: Sleep-inducing moves are banned
|rule|Swagger Clause: Swagger is banned
|teampreview
|inactive|Battle timer is ON: inactive players will automatically lose when time's up. (requested by BUGO NELL'OZONO)
|
|start
|switch|p1a: Ferrothorn|Ferrothorn, M|100/100
|switch|p2a: Rotom|Rotom-Wash|100/100
|turn|1
|
|move|p2a: Rotom|Will-O-Wisp|p1a: Ferrothorn
|-status|p1a: Ferrothorn|brn
|move|p1a: Ferrothorn|Stealth Rock|p2a: Rotom
|-sidestart|p2: BUGO NELL'OZONO|move: Stealth Rock
|
|-damage|p1a: Ferrothorn|88/100 brn|[from] brn
|upkeep
|turn|2
|
|move|p2a: Rotom|Volt Switch|p1a: Ferrothorn
|-resisted|p1a: Ferrothorn
|-damage|p1a: Ferrothorn|78/100 brn
|
|switch|p2a: Tyranitar|Tyranitar, F|100/100|[from]move: Volt Switch
|-damage|p2a: Tyranitar|88/100|[from] Stealth Rock
|-weather|Sandstorm|[from] ability: Sand Stream|[of] p2a: Tyranitar
|move|p1a: Ferrothorn|Spikes|p2a: Tyranitar
|-sidestart|p2: BUGO NELL'OZONO|Spikes
|
|-weather|Sandstorm|[upkeep]
|-damage|p1a: Ferrothorn|65/100 brn|[from] brn
|upkeep
|turn|3
|
|move|p2a: Tyranitar|Stealth Rock|p1a: Ferrothorn
|-sidestart|p1: Gh0st of Perdition|move: Stealth Rock
|move|p1a: Ferrothorn|Spikes|p2a: Tyranitar
|-sidestart|p2: BUGO NELL'OZONO|Spikes
|
|-weather|Sandstorm|[upkeep]
|-damage|p1a: Ferrothorn|53/100 brn|[from] brn
|upkeep
|turn|4
|
|switch|p2a: Latios|Latios, M|100/100
|-damage|p2a: Latios|88/100|[from] Stealth Rock
|switch|p1a: Politoed|Politoed, F|100/100
|-damage|p1a: Politoed|88/100|[from] Stealth Rock
|-weather|RainDance|[from] ability: Drizzle|[of] p1a: Politoed
|
|-weather|RainDance|[upkeep]
|upkeep
|turn|5
|inactive|Gh0st of Perdition has 120 seconds left.
|
|move|p2a: Latios|Recover|p2a: Latios
|-heal|p2a: Latios|100/100
|move|p1a: Politoed|Endeavor|p2a: Latios
|-immune|p2a: Latios
|
|-weather|RainDance|[upkeep]
|upkeep
|turn|6
|inactive|Gh0st of Perdition has 120 seconds left.
|
|move|p2a: Latios|Surf|p1a: Politoed
|-resisted|p1a: Politoed
|-damage|p1a: Politoed|59/100
|-damage|p2a: Latios|91/100|[from] item: Life Orb
|move|p1a: Politoed|Ice Beam|p2a: Latios
|-supereffective|p2a: Latios
|-damage|p2a: Latios|39/100
|
|-weather|RainDance|[upkeep]
|upkeep
|turn|7
|inactive|Gh0st of Perdition has 120 seconds left.
|
|move|p2a: Latios|Recover|p2a: Latios
|-heal|p2a: Latios|89/100
|move|p1a: Politoed|Ice Beam|p2a: Latios
|-supereffective|p2a: Latios
|-damage|p2a: Latios|40/100
|
|-weather|RainDance|[upkeep]
|upkeep
|turn|8
|
|move|p2a: Latios|Draco Meteor|p1a: Politoed
|-damage|p1a: Politoed|0 fnt
|-unboost|p2a: Latios|spa|2
|-damage|p2a: Latios|30/100|[from] item: Life Orb
|faint|p1a: Politoed
|
|-weather|RainDance|[upkeep]
|upkeep
|inactive|Gh0st of Perdition has 120 seconds left.
|
|switch|p1a: Starmie|Starmie, shiny|100/100
|-damage|p1a: Starmie|88/100|[from] Stealth Rock
|turn|9
|inactive|Gh0st of Perdition has 120 seconds left.
|inactive|BUGO NELL'OZONO has 120 seconds left.
|
|switch|p2a: Tyranitar|Tyranitar, F|88/100
|-damage|p2a: Tyranitar|76/100|[from] Stealth Rock
|-damage|p2a: Tyranitar|59/100|[from] Spikes
|-weather|Sandstorm|[from] ability: Sand Stream|[of] p2a: Tyranitar
|move|p1a: Starmie|Rapid Spin|p2a: Tyranitar
|-resisted|p2a: Tyranitar
|-damage|p2a: Tyranitar|58/100
|-sideend|p1: Gh0st of Perdition|Stealth Rock|[from] move: Rapid Spin|[of] p1a: Starmie
|-damage|p1a: Starmie|78/100|[from] item: Life Orb
|
|-weather|Sandstorm|[upkeep]
|-damage|p1a: Starmie|72/100|[from] Sandstorm
|upkeep
|turn|10
|inactive|BUGO NELL'OZONO has 120 seconds left.
|inactive|BUGO NELL'OZONO has 90 seconds left.
|
|move|p1a: Starmie|Hydro Pump|p2a: Tyranitar
|-supereffective|p2a: Tyranitar
|-damage|p2a: Tyranitar|0 fnt
|-damage|p1a: Starmie|62/100|[from] item: Life Orb
|faint|p2a: Tyranitar
|
|-weather|Sandstorm|[upkeep]
|-damage|p1a: Starmie|56/100|[from] Sandstorm
|upkeep
|
|switch|p2a: Rotom|Rotom-Wash|100/100
|-damage|p2a: Rotom|88/100|[from] Stealth Rock
|turn|11
|
|move|p1a: Starmie|Thunder|p2a: Rotom
|-damage|p2a: Rotom|51/100
|-damage|p1a: Starmie|46/100|[from] item: Life Orb
|move|p2a: Rotom|Volt Switch|p1a: Starmie
|-supereffective|p1a: Starmie
|-crit|p1a: Starmie
|-damage|p1a: Starmie|0 fnt
|faint|p1a: Starmie
|
|switch|p2a: Garchomp|Garchomp, M|100/100|[from]move: Volt Switch
|-damage|p2a: Garchomp|94/100|[from] Stealth Rock
|-damage|p2a: Garchomp|78/100|[from] Spikes
|
|-weather|Sandstorm|[upkeep]
|upkeep
|inactive|Gh0st of Perdition has 120 seconds left.
|j| Ri¢cio☺
|
|switch|p1a: Latios|Latios, M|100/100
|turn|12
|inactive|BUGO NELL'OZONO has 90 seconds left.
|
|switch|p2a: Scizor|Scizor, F|100/100
|-damage|p2a: Scizor|88/100|[from] Stealth Rock
|-damage|p2a: Scizor|72/100|[from] Spikes
|move|p1a: Latios|Dragon Pulse|p2a: Scizor
|-resisted|p2a: Scizor
|-damage|p2a: Scizor|51/100
|
|-weather|Sandstorm|[upkeep]
|-damage|p1a: Latios|95/100|[from] Sandstorm
|-heal|p2a: Scizor|57/100|[from] item: Leftovers
|upkeep
|turn|13
|inactive|BUGO NELL'OZONO has 90 seconds left.
|
|switch|p1a: Keldeo|Keldeo|100/100
|move|p2a: Scizor|U-turn|p1a: Keldeo
|-resisted|p1a: Keldeo
|-damage|p1a: Keldeo|79/100
|inactive|BUGO NELL'OZONO has 90 seconds left.
|
|switch|p2a: Latios|Latios, M|30/100|[from]move: U-turn
|-damage|p2a: Latios|17/100|[from] Stealth Rock
|
|-weather|Sandstorm|[upkeep]
|-damage|p2a: Latios|11/100|[from] Sandstorm
|-damage|p1a: Keldeo|73/100|[from] Sandstorm
|upkeep
|turn|14
|
|move|p2a: Latios|Recover|p2a: Latios
|-heal|p2a: Latios|62/100
|move|p1a: Keldeo|Hidden Power|p2a: Latios
|-supereffective|p2a: Latios
|-damage|p2a: Latios|0 fnt
|faint|p2a: Latios
|
|-weather|Sandstorm|[upkeep]
|-damage|p1a: Keldeo|67/100|[from] Sandstorm
|upkeep
|
|switch|p2a: Rotom|Rotom-Wash|51/100
|-damage|p2a: Rotom|39/100|[from] Stealth Rock
|turn|15
|inactive|BUGO NELL'OZONO has 90 seconds left.
|
|switch|p1a: Ferrothorn|Ferrothorn, M|53/100 brn
|move|p2a: Rotom|Pain Split|p1a: Ferrothorn
|-sethp|p1a: Ferrothorn|43/100 brn|[from] move: Pain Split|[silent]
|-sethp|p2a: Rotom|50/100|[from] move: Pain Split
|
|-weather|Sandstorm|[upkeep]
|-damage|p2a: Rotom|44/100|[from] Sandstorm
|-heal|p2a: Rotom|50/100|[from] item: Leftovers
|-damage|p1a: Ferrothorn|31/100 brn|[from] brn
|upkeep
|turn|16
|inactive|BUGO NELL'OZONO has 90 seconds left.
|j| pais
|
|move|p2a: Rotom|Volt Switch|p1a: Ferrothorn
|-resisted|p1a: Ferrothorn
|-damage|p1a: Ferrothorn|21/100 brn
|
|switch|p2a: Scizor|Scizor, F|57/100|[from]move: Volt Switch
|-damage|p2a: Scizor|40/100|[from] Spikes
|-damage|p2a: Scizor|28/100|[from] Stealth Rock
|move|p1a: Ferrothorn|Spikes|p2a: Scizor
|-sidestart|p2: BUGO NELL'OZONO|Spikes
|
|-weather|Sandstorm|[upkeep]
|-heal|p2a: Scizor|34/100|[from] item: Leftovers
|-damage|p1a: Ferrothorn|8/100 brn|[from] brn
|upkeep
|turn|17
|
|switch|p1a: Keldeo|Keldeo|67/100
|move|p2a: Scizor|Swords Dance|p2a: Scizor
|-boost|p2a: Scizor|atk|2
|
|-weather|Sandstorm|[upkeep]
|-damage|p1a: Keldeo|61/100|[from] Sandstorm
|-heal|p2a: Scizor|40/100|[from] item: Leftovers
|upkeep
|turn|18
|
|move|p2a: Scizor|Bullet Punch|p1a: Keldeo
|-resisted|p1a: Keldeo
|-damage|p1a: Keldeo|24/100
|move|p1a: Keldeo|Secret Sword|p2a: Scizor
|-damage|p2a: Scizor|0 fnt
|faint|p2a: Scizor
|
|-weather|Sandstorm|[upkeep]
|-damage|p1a: Keldeo|18/100|[from] Sandstorm
|upkeep
|
|switch|p2a: Garchomp|Garchomp, M|78/100
|-damage|p2a: Garchomp|53/100|[from] Spikes
|-damage|p2a: Garchomp|47/100|[from] Stealth Rock
|turn|19
|inactive|BUGO NELL'OZONO has 90 seconds left.
|
|switch|p1a: Ferrothorn|Ferrothorn, M|8/100 brn
|move|p2a: Garchomp|Earthquake|p1a: Ferrothorn
|-crit|p1a: Ferrothorn
|-damage|p1a: Ferrothorn|0 fnt
|faint|p1a: Ferrothorn
|
|-weather|Sandstorm|[upkeep]
|upkeep
|
|switch|p1a: Tornadus|Tornadus, M|100/100
|turn|20
|
|switch|p2a: Rotom|Rotom-Wash|50/100
|-damage|p2a: Rotom|38/100|[from] Stealth Rock
|move|p1a: Tornadus|Hurricane|p2a: Rotom
|-resisted|p2a: Rotom
|-damage|p2a: Rotom|3/100
|
|-weather|Sandstorm|[upkeep]
|-damage|p1a: Tornadus|94/100|[from] Sandstorm
|-damage|p2a: Rotom|0 fnt|[from] Sandstorm
|faint|p2a: Rotom
|upkeep
|
|switch|p2a: Terrakion|Terrakion|100/100
|-damage|p2a: Terrakion|94/100|[from] Stealth Rock
|-damage|p2a: Terrakion|70/100|[from] Spikes
|turn|21
|
|move|p1a: Tornadus|Hurricane|p2a: Terrakion|[miss]
|-miss|p1a: Tornadus|p2a: Terrakion
|move|p2a: Terrakion|Stone Edge|p1a: Tornadus
|-supereffective|p1a: Tornadus
|-damage|p1a: Tornadus|0 fnt
|-damage|p2a: Terrakion|60/100|[from] item: Life Orb
|faint|p1a: Tornadus
|
|-weather|Sandstorm|[upkeep]
|upkeep
|
|switch|p1a: Keldeo|Keldeo|18/100
|turn|22
|
|move|p2a: Terrakion|Quick Attack|p1a: Keldeo
|-damage|p1a: Keldeo|0 fnt
|-damage|p2a: Terrakion|50/100|[from] item: Life Orb
|faint|p1a: Keldeo
|
|-weather|Sandstorm|[upkeep]
|upkeep
|
|switch|p1a: Latios|Latios, M|95/100
|turn|23
|
|move|p1a: Latios|Surf|p2a: Terrakion
|-supereffective|p2a: Terrakion
|-damage|p2a: Terrakion|0 fnt
|faint|p2a: Terrakion
|
|-weather|Sandstorm|[upkeep]
|-damage|p1a: Latios|89/100|[from] Sandstorm
|upkeep
|
|switch|p2a: Garchomp|Garchomp, M|47/100
|-damage|p2a: Garchomp|22/100|[from] Spikes
|-damage|p2a: Garchomp|16/100|[from] Stealth Rock
|turn|24
|
|move|p1a: Latios|Surf|p2a: Garchomp
|-damage|p2a: Garchomp|0 fnt
|faint|p2a: Garchomp
|
|win|Gh0st of Perdition
|raw|Gh0st of Perdition's rating: 1592 &rarr; <strong>1606</strong><br />(+14 for winning)
|raw|BUGO NELL&apos;OZONO's rating: 1483 &rarr; <strong>1469</strong><br />(-14 for losing)
|c|☆Gh0st of Perdition|gg
|c|☆BUGO NELL'OZONO|gg
|l|☆BUGO NELL'OZONO
