|j|☆Cinema Staff Fan
|j|☆mudbathingl
|t:|1742338491
|gametype|singles
|player|p1|Cinema Staff Fan|iris|1513
|player|p2|mudbathingl|richboy-gen4|1549
|teamsize|p1|6
|teamsize|p2|6
|gen|5
|tier|[Gen 5] OU
|rated|
|rule|Species Clause: Limit one of each Pokémon
|rule|OHKO Clause: OHKO moves are banned
|rule|Moody Clause: Moody is banned
|rule|Evasion Items Clause: Evasion items are banned
|rule|Evasion Moves Clause: Evasion moves are banned
|rule|Endless Battle Clause: Forcing endless battles is banned
|rule|HP Percentage Mod: HP is shown in percentages
|rule|Evasion Abilities Clause: Evasion abilities are banned
|rule|Sleep Moves Clause: Sleep-inducing moves are banned
|rule|Swagger Clause: Swagger is banned
|rule|Baton Pass Stat Clause: No Baton Passer may have a way to boost its stats
|clearpoke
|poke|p1|Landorus-Therian, M|item
|poke|p1|Conkeldurr, F|item
|poke|p1|Tyranitar, M|item
|poke|p1|Gastrodon-East, F|item
|poke|p1|Alakazam, M|item
|poke|p1|Starmie|item
|poke|p2|Reuniclus, M|item
|poke|p2|Tyranitar, F|item
|poke|p2|Landorus-Therian, M|item
|poke|p2|Excadrill, F|item
|poke|p2|Latios, M|item
|poke|p2|Rotom-Wash|item
|teampreview
|inactive|Battle timer is ON: inactive players will automatically lose when time's up. (requested by mudbathingl)
|
|t:|1742338507
|start
|switch|p1a: Landorus|Landorus-Therian, M|100/100
|switch|p2a: Rotom|Rotom-Wash|100/100
|-ability|p1a: Landorus|Intimidate|boost
|-unboost|p2a: Rotom|atk|1
|turn|1
|
|t:|1742338511
|move|p2a: Rotom|Trick|p1a: Landorus
|-activate|p2a: Rotom|move: Trick|[of] p1a: Landorus
|-item|p1a: Landorus|Choice Scarf|[from] move: Trick
|-item|p2a: Rotom|Focus Sash|[from] move: Trick
|move|p1a: Landorus|Stealth Rock|p2a: Rotom
|-sidestart|p2: mudbathingl|move: Stealth Rock
|
|upkeep
|turn|2
|j| zaaya
|
|t:|1742338524
|switch|p1a: Gastrodon|Gastrodon-East, F|100/100
|switch|p2a: Reuniclus|Reuniclus, M|100/100
|
|upkeep
|turn|3
|
|t:|1742338529
|switch|p1a: Tyranitar|Tyranitar, M|100/100
|-weather|Sandstorm|[from] ability: Sand Stream|[of] p1a: Tyranitar
|move|p2a: Reuniclus|Focus Blast|p1a: Tyranitar|[miss]
|-miss|p2a: Reuniclus|p1a: Tyranitar
|
|-weather|Sandstorm|[upkeep]
|upkeep
|turn|4
|
|t:|1742338532
|move|p1a: Tyranitar|Crunch|p2a: Reuniclus
|-supereffective|p2a: Reuniclus
|-damage|p2a: Reuniclus|49/100
|move|p2a: Reuniclus|Thunder Wave|p1a: Tyranitar
|-status|p1a: Tyranitar|par
|
|-weather|Sandstorm|[upkeep]
|upkeep
|turn|5
|
|t:|1742338535
|move|p2a: Reuniclus|Recover|p2a: Reuniclus
|-heal|p2a: Reuniclus|99/100
|move|p1a: Tyranitar|Pursuit|p2a: Reuniclus
|-supereffective|p2a: Reuniclus
|-damage|p2a: Reuniclus|69/100
|
|-weather|Sandstorm|[upkeep]
|upkeep
|turn|6
|
|t:|1742338540
|move|p2a: Reuniclus|Recover|p2a: Reuniclus
|-heal|p2a: Reuniclus|100/100
|move|p1a: Tyranitar|Crunch|p2a: Reuniclus
|-supereffective|p2a: Reuniclus
|-damage|p2a: Reuniclus|49/100
|-unboost|p2a: Reuniclus|def|1
|
|-weather|Sandstorm|[upkeep]
|upkeep
|turn|7
|
|t:|1742338546
|move|p2a: Reuniclus|Recover|p2a: Reuniclus
|-heal|p2a: Reuniclus|99/100
|cant|p1a: Tyranitar|par
|
|-weather|Sandstorm|[upkeep]
|upkeep
|turn|8
|
|t:|1742338551
|move|p2a: Reuniclus|Focus Blast|p1a: Tyranitar
|-supereffective|p1a: Tyranitar
|-enditem|p1a: Tyranitar|Chople Berry|[eat]
|-enditem|p1a: Tyranitar|Chople Berry|[weaken]
|-damage|p1a: Tyranitar|61/100 par
|move|p1a: Tyranitar|Pursuit|p2a: Reuniclus
|-supereffective|p2a: Reuniclus
|-damage|p2a: Reuniclus|60/100
|
|-weather|Sandstorm|[upkeep]
|upkeep
|turn|9
|
|t:|1742338562
|switch|p1a: Landorus|Landorus-Therian, M|100/100
|-ability|p1a: Landorus|Intimidate|boost
|-unboost|p2a: Reuniclus|atk|1
|move|p2a: Reuniclus|Focus Blast|p1a: Landorus|[miss]
|-miss|p2a: Reuniclus|p1a: Landorus
|
|-weather|Sandstorm|[upkeep]
|upkeep
|turn|10
|
|t:|1742338571
|move|p1a: Landorus|Explosion|p2a: Reuniclus
|-damage|p2a: Reuniclus|0 fnt
|faint|p1a: Landorus
|faint|p2a: Reuniclus
|
|-weather|Sandstorm|[upkeep]
|upkeep
|
|t:|1742338591
|switch|p1a: Alakazam|Alakazam, M|100/100
|switch|p2a: Landorus|Landorus-Therian, M|100/100
|-damage|p2a: Landorus|88/100|[from] Stealth Rock
|-ability|p2a: Landorus|Intimidate|boost
|-unboost|p1a: Alakazam|atk|1
|turn|11
|
|t:|1742338600
|switch|p2a: Tyranitar|Tyranitar, F|100/100
|-damage|p2a: Tyranitar|88/100|[from] Stealth Rock
|move|p1a: Alakazam|Focus Blast|p2a: Tyranitar
|-supereffective|p2a: Tyranitar
|-enditem|p2a: Tyranitar|Chople Berry|[eat]
|-enditem|p2a: Tyranitar|Chople Berry|[weaken]
|-damage|p2a: Tyranitar|49/100
|
|-weather|Sandstorm|[upkeep]
|upkeep
|turn|12
|
|t:|1742338606
|move|p1a: Alakazam|Focus Blast|p2a: Tyranitar
|-supereffective|p2a: Tyranitar
|-damage|p2a: Tyranitar|0 fnt
|faint|p2a: Tyranitar
|
|-weather|Sandstorm|[upkeep]
|upkeep
|
|t:|1742338611
|switch|p2a: Rotom|Rotom-Wash|100/100
|-damage|p2a: Rotom|88/100|[from] Stealth Rock
|turn|13
|
|t:|1742338615
|move|p1a: Alakazam|Energy Ball|p2a: Rotom
|-supereffective|p2a: Rotom
|-damage|p2a: Rotom|29/100
|move|p2a: Rotom|Volt Switch|p1a: Alakazam
|-damage|p1a: Alakazam|60/100
|
|t:|1742338625
|switch|p2a: Latios|Latios, M|100/100|[from] Volt Switch
|-damage|p2a: Latios|88/100|[from] Stealth Rock
|
|-weather|Sandstorm|[upkeep]
|-damage|p2a: Latios|82/100|[from] Sandstorm
|upkeep
|turn|14
|
|t:|1742338627
|move|p1a: Alakazam|Hidden Power|p2a: Latios
|-supereffective|p2a: Latios
|-damage|p2a: Latios|32/100
|move|p2a: Latios|Draco Meteor|p1a: Alakazam
|-crit|p1a: Alakazam
|-damage|p1a: Alakazam|0 fnt
|-unboost|p2a: Latios|spa|2
|faint|p1a: Alakazam
|
|-weather|Sandstorm|[upkeep]
|-damage|p2a: Latios|26/100|[from] Sandstorm
|upkeep
|
|t:|1742338630
|switch|p1a: Tyranitar|Tyranitar, M|61/100 par
|turn|15
|
|t:|1742338637
|-activate|p2a: Latios|move: Pursuit
|move|p1a: Tyranitar|Pursuit|p2a: Latios|[from] Pursuit
|-supereffective|p2a: Latios
|-enditem|p2a: Latios|Colbur Berry|[eat]
|-enditem|p2a: Latios|Colbur Berry|[weaken]
|-damage|p2a: Latios|0 fnt
|faint|p2a: Latios
|-hint|A Pokemon can't switch between when it runs out of HP and when it faints
|
|-weather|Sandstorm|[upkeep]
|upkeep
|
|t:|1742338639
|switch|p2a: Excadrill|Excadrill, F|100/100
|-damage|p2a: Excadrill|97/100|[from] Stealth Rock
|turn|16
|
|t:|1742338648
|switch|p1a: Starmie|Starmie|100/100
|-item|p1a: Starmie|Air Balloon
|move|p2a: Excadrill|Earthquake|p1a: Starmie
|-immune|p1a: Starmie
|
|-weather|Sandstorm|[upkeep]
|-damage|p1a: Starmie|94/100|[from] Sandstorm
|-heal|p2a: Excadrill|100/100|[from] item: Leftovers
|upkeep
|turn|17
|-message|mudbathingl forfeited.
|
|win|Cinema Staff Fan
|raw|Cinema Staff Fan's rating: 1513 &rarr; <strong>1535</strong><br />(+22 for winning)
|raw|mudbathingl's rating: 1549 &rarr; <strong>1527</strong><br />(-22 for losing)
|l|☆mudbathingl
|player|p2|
