|j|☆general bepo 3
|j|☆ShinigamiF
|t:|1596276756
|player|p1|general bepo 3|fantina|1306
|player|p2|ShinigamiF|169|1382
|teamsize|p1|6
|teamsize|p2|6
|gametype|singles
|gen|5
|tier|[Gen 5] OU
|rated|
|clearpoke
|poke|p1|Landorus-Therian, M|item
|poke|p1|Politoed, F|item
|poke|p1|Ferrothorn, F|item
|poke|p1|Porygon2|item
|poke|p1|Starmie|item
|poke|p1|Volcarona, M|item
|poke|p2|Tyranitar, F|item
|poke|p2|Landorus-Therian, M|item
|poke|p2|Garchomp, F|item
|poke|p2|Slowking, M|item
|poke|p2|Jirachi|item
|poke|p2|Ferrothorn, M|item
|rule|Species Clause: Limit one of each Pokémon
|rule|OHKO Clause: OHKO moves are banned
|rule|Moody Clause: Moody is banned
|rule|Evasion Moves Clause: Evasion moves are banned
|rule|Endless Battle Clause: Forcing endless battles is banned
|rule|HP Percentage Mod: HP is shown in percentages
|rule|Evasion Abilities Clause: Evasion abilities are banned
|rule|Baton Pass Clause: Limit one Baton Passer, can't pass Spe and other stats simultaneously
|rule|Sleep Clause: Sleep-inducing moves are banned
|rule|Swagger Clause: Swagger is banned
|teampreview
|c|☆general bepo 3|oh shit
|c|☆general bepo 3|wait
|c|☆general bepo 3|this is
|c|☆general bepo 3|uh
|inactive|Battle timer is ON: inactive players will automatically lose when time's up. (requested by ShinigamiF)
|c|☆general bepo 3|hellraisers team
|c|☆general bepo 3|ye?
|c|☆ShinigamiF|the sample forum
|c|☆ShinigamiF|yes
|inactive|general bepo 3 has 120 seconds left.
|c|☆general bepo 3|ah man i remember when he used this in tours
|c|☆general bepo 3|shit was insane
|
|t:|1596276818
|start
|switch|p1a: Porygon2|Porygon2|100/100
|switch|p2a: Landorus|Landorus-Therian, M|100/100
|-ability|p2a: Landorus|Intimidate|boost
|-unboost|p1a: Porygon2|atk|1
|-ability|p1a: Porygon2|Intimidate|[from] ability: Trace|[of] p2a: Landorus
|-ability|p1a: Porygon2|Intimidate|boost
|-unboost|p2a: Landorus|atk|1
|turn|1
|c|☆ShinigamiF|i haven't played gen 5 ou in my life
|c|☆ShinigamiF|started yesterady
|
|t:|1596276841
|move|p1a: Porygon2|Magic Coat|p1a: Porygon2
|-singleturn|p1a: Porygon2|move: Magic Coat
|move|p2a: Landorus|U-turn|p1a: Porygon2
|-damage|p1a: Porygon2|91/100
|c|☆general bepo 3|its a dead ladder mostly so majority of
|c|☆general bepo 3|ppl are pre bad
|c|☆general bepo 3|like
|inactive|ShinigamiF has 120 seconds left.
|c|☆general bepo 3|only good players are like bkc when he plays on one of his alts rarely
|
|t:|1596276861
|switch|p2a: Tyranitar|Tyranitar, F|100/100|[from]move: U-turn
|-weather|Sandstorm|[from] ability: Sand Stream|[of] p2a: Tyranitar
|
|-weather|Sandstorm|[upkeep]
|-damage|p1a: Porygon2|85/100|[from] Sandstorm
|upkeep
|turn|2
|c|☆general bepo 3|imeridian
|c|☆general bepo 3|and bonginator
|c|☆general bepo 3|from what ive seen
|c|☆ShinigamiF|idk
|c|☆ShinigamiF|i played against the top 10 around yesterday
|c|☆general bepo 3|everyone else in high ladder just plays stall / screen cheese team
|c|☆general bepo 3|i just played
|c|☆ShinigamiF|made me a 6-0 with a toxicroak team
|c|☆general bepo 3|meridian 10m
|c|☆ShinigamiF|with rainj
|c|☆ShinigamiF|so good that man
|c|☆general bepo 3|ah
|inactive|general bepo 3 has 120 seconds left.
|
|t:|1596276894
|switch|p1a: Landorus|Landorus-Therian, M|100/100
|-ability|p1a: Landorus|Intimidate|boost
|-unboost|p2a: Tyranitar|atk|1
|move|p2a: Tyranitar|Superpower|p1a: Landorus
|-resisted|p1a: Landorus
|-damage|p1a: Landorus|90/100
|-unboost|p2a: Tyranitar|atk|1
|-unboost|p2a: Tyranitar|def|1
|
|-weather|Sandstorm|[upkeep]
|-heal|p1a: Landorus|96/100|[from] item: Leftovers
|upkeep
|turn|3
|
|t:|1596276899
|switch|p2a: Landorus|Landorus-Therian, M|100/100
|-ability|p2a: Landorus|Intimidate|boost
|-unboost|p1a: Landorus|atk|1
|move|p1a: Landorus|Stealth Rock|p2a: Landorus
|-sidestart|p2: ShinigamiF|move: Stealth Rock
|
|-weather|Sandstorm|[upkeep]
|-heal|p1a: Landorus|100/100|[from] item: Leftovers
|upkeep
|turn|4
|inactive|general bepo 3 has 120 seconds left.
|
|t:|1596276925
|switch|p1a: Ferrothorn|Ferrothorn, F|100/100
|move|p2a: Landorus|U-turn|p1a: Ferrothorn
|-damage|p1a: Ferrothorn|83/100
|-damage|p2a: Landorus|88/100|[from] ability: Iron Barbs|[of] p1a: Ferrothorn
|
|t:|1596276933
|switch|p2a: Slowking|Slowking, M|100/100|[from]move: U-turn
|-damage|p2a: Slowking|88/100|[from] Stealth Rock
|
|-weather|Sandstorm|[upkeep]
|-damage|p2a: Slowking|82/100|[from] Sandstorm
|-heal|p2a: Slowking|88/100|[from] item: Leftovers
|upkeep
|turn|5
|inactive|general bepo 3 has 120 seconds left.
|
|t:|1596276946
|switch|p1a: Porygon2|Porygon2|85/100
|-ability|p1a: Porygon2|Regenerator|[from] ability: Trace|[of] p2a: Slowking
|move|p2a: Slowking|Thunder Wave|p1a: Porygon2
|-status|p1a: Porygon2|par
|
|-weather|Sandstorm|[upkeep]
|-damage|p2a: Slowking|82/100|[from] Sandstorm
|-damage|p1a: Porygon2|79/100 par|[from] Sandstorm
|-heal|p2a: Slowking|88/100|[from] item: Leftovers
|upkeep
|turn|6
|
|t:|1596276959
|switch|p2a: Landorus|Landorus-Therian, M|88/100
|-damage|p2a: Landorus|76/100|[from] Stealth Rock
|-ability|p2a: Landorus|Intimidate|boost
|-unboost|p1a: Porygon2|atk|1
|move|p1a: Porygon2|Thunder|p2a: Landorus
|-immune|p2a: Landorus
|
|-weather|Sandstorm|[upkeep]
|-damage|p1a: Porygon2|72/100 par|[from] Sandstorm
|-heal|p2a: Landorus|82/100|[from] item: Leftovers
|upkeep
|turn|7
|inactive|general bepo 3 has 120 seconds left.
|
|t:|1596276980
|move|p2a: Landorus|Stealth Rock|p1a: Porygon2
|-sidestart|p1: general bepo 3|move: Stealth Rock
|move|p1a: Porygon2|Thunder|p2a: Landorus
|-immune|p2a: Landorus
|
|-weather|Sandstorm|[upkeep]
|-damage|p1a: Porygon2|66/100 par|[from] Sandstorm
|-heal|p2a: Landorus|88/100|[from] item: Leftovers
|upkeep
|turn|8
|c|☆general bepo 3|shiii
|inactive|general bepo 3 has 120 seconds left.
|
|t:|1596276990
|move|p2a: Landorus|U-turn|p1a: Porygon2
|-damage|p1a: Porygon2|53/100 par
|
|t:|1596276995
|switch|p2a: Tyranitar|Tyranitar, F|100/100|[from]move: U-turn
|-damage|p2a: Tyranitar|88/100|[from] Stealth Rock
|move|p1a: Porygon2|Ice Beam|p2a: Tyranitar
|-damage|p2a: Tyranitar|73/100
|
|-weather|Sandstorm|[upkeep]
|-damage|p1a: Porygon2|47/100 par|[from] Sandstorm
|upkeep
|turn|9
|inactive|general bepo 3 has 120 seconds left.
|c|☆ShinigamiF|why are ladder players bad?
|c|☆general bepo 3|most of them legit just brainlessly click
|
|t:|1596277018
|-activate|p1a: Porygon2|move: Pursuit
|move|p2a: Tyranitar|Pursuit|p1a: Porygon2|[from]Pursuit
|-damage|p1a: Porygon2|19/100 par
|switch|p1a: Landorus|Landorus-Therian, M|100/100
|-damage|p1a: Landorus|88/100|[from] Stealth Rock
|-ability|p1a: Landorus|Intimidate|boost
|-unboost|p2a: Tyranitar|atk|1
|
|-weather|Sandstorm|[upkeep]
|-heal|p1a: Landorus|94/100|[from] item: Leftovers
|upkeep
|turn|10
|c|☆ShinigamiF|honestly me
|
|t:|1596277039
|switch|p2a: Ferrothorn|Ferrothorn, M|100/100
|-damage|p2a: Ferrothorn|94/100|[from] Stealth Rock
|move|p1a: Landorus|U-turn|p2a: Ferrothorn
|-damage|p2a: Ferrothorn|77/100
|-damage|p1a: Landorus|82/100|[from] ability: Iron Barbs|[of] p2a: Ferrothorn
|inactive|general bepo 3 has 120 seconds left.
|c|☆general bepo 3|like there u might call that play fuckin stupid but at same time you already saw magic coat and
|c|☆general bepo 3|p2 always is ice beam
|c|☆general bepo 3|ice beam ohkos
|c|☆general bepo 3|so i figured itd be a uturn to slowking or smt but
|c|☆general bepo 3|eh
|inactive|general bepo 3 has 90 seconds left.
|
|t:|1596277076
|switch|p1a: Volcarona|Volcarona, M|100/100|[from]move: U-turn
|-damage|p1a: Volcarona|51/100|[from] Stealth Rock
|
|-weather|Sandstorm|[upkeep]
|-damage|p1a: Volcarona|45/100|[from] Sandstorm
|-heal|p2a: Ferrothorn|83/100|[from] item: Leftovers
|upkeep
|turn|11
|c|☆ShinigamiF|i think old gen players play ''smarter' ?) than new gens
|inactive|ShinigamiF has 120 seconds left.
|c|☆ShinigamiF|not bcoz greater but
|
|t:|1596277106
|move|p1a: Volcarona|Quiver Dance|p1a: Volcarona
|-boost|p1a: Volcarona|spa|1
|-boost|p1a: Volcarona|spd|1
|-boost|p1a: Volcarona|spe|1
|move|p2a: Ferrothorn|Leech Seed|p1a: Volcarona
|-start|p1a: Volcarona|move: Leech Seed
|
|-weather|Sandstorm|[upkeep]
|-damage|p1a: Volcarona|38/100|[from] Sandstorm
|-heal|p2a: Ferrothorn|89/100|[from] item: Leftovers
|-damage|p1a: Volcarona|26/100|[from] Leech Seed|[of] p2a: Ferrothorn
|-heal|p2a: Ferrothorn|100/100|[silent]
|upkeep
|turn|12
|
|t:|1596277111
|move|p2a: Ferrothorn|Protect|p2a: Ferrothorn
|-singleturn|p2a: Ferrothorn|Protect
|move|p1a: Volcarona|Fire Blast|p2a: Ferrothorn
|-activate|p2a: Ferrothorn|move: Protect
|
|-weather|Sandstorm|[upkeep]
|-damage|p1a: Volcarona|20/100|[from] Sandstorm
|-damage|p1a: Volcarona|7/100|[from] Leech Seed|[of] p2a: Ferrothorn
|upkeep
|turn|13
|c|☆ShinigamiF|they try to predict all the time
|
|t:|1596277122
|switch|p2a: Slowking|Slowking, M|100/100
|-damage|p2a: Slowking|88/100|[from] Stealth Rock
|move|p1a: Volcarona|Bug Buzz|p2a: Slowking
|-supereffective|p2a: Slowking
|-damage|p2a: Slowking|0 fnt
|faint|p2a: Slowking
|
|-weather|Sandstorm|[upkeep]
|-damage|p1a: Volcarona|1/100|[from] Sandstorm
|upkeep
|
|t:|1596277128
|switch|p2a: Ferrothorn|Ferrothorn, M|100/100
|-damage|p2a: Ferrothorn|94/100|[from] Stealth Rock
|turn|14
|
|t:|1596277140
|switch|p1a: Porygon2|Porygon2|52/100 par
|-damage|p1a: Porygon2|40/100 par|[from] Stealth Rock
|-ability|p1a: Porygon2|Iron Barbs|[from] ability: Trace|[of] p2a: Ferrothorn
|move|p2a: Ferrothorn|Protect||[still]
|-fail|p2a: Ferrothorn
|
|-weather|Sandstorm|[upkeep]
|-damage|p1a: Porygon2|34/100 par|[from] Sandstorm
|-heal|p2a: Ferrothorn|100/100|[from] item: Leftovers
|upkeep
|turn|15
|
|t:|1596277148
|move|p2a: Ferrothorn|Power Whip|p1a: Porygon2
|-damage|p1a: Porygon2|10/100 par
|-damage|p2a: Ferrothorn|88/100|[from] ability: Iron Barbs|[of] p1a: Porygon2
|cant|p1a: Porygon2|par
|
|-weather|Sandstorm|[upkeep]
|-damage|p1a: Porygon2|4/100 par|[from] Sandstorm
|-heal|p2a: Ferrothorn|94/100|[from] item: Leftovers
|upkeep
|turn|16
|c|☆general bepo 3|unfortunate
|inactive|general bepo 3 has 120 seconds left.
|
|t:|1596277158
|switch|p1a: Ferrothorn|Ferrothorn, F|83/100
|-damage|p1a: Ferrothorn|77/100|[from] Stealth Rock
|move|p2a: Ferrothorn|Protect||[still]
|-fail|p2a: Ferrothorn
|
|-weather|Sandstorm|[upkeep]
|-heal|p2a: Ferrothorn|100/100|[from] item: Leftovers
|upkeep
|turn|17
|c|☆ShinigamiF|yeah
|c|☆ShinigamiF|tbh it was a missplay
|c|☆ShinigamiF|i thought power wip killed it
|
|t:|1596277171
|move|p2a: Ferrothorn|Spikes|p1a: Ferrothorn
|-sidestart|p1: general bepo 3|Spikes
|move|p1a: Ferrothorn|Spikes|p2a: Ferrothorn
|-sidestart|p2: ShinigamiF|Spikes
|
|-weather|Sandstorm|[upkeep]
|upkeep
|turn|18
|c|☆general bepo 3|if i got recover that was best case cause
|c|☆ShinigamiF|yeah i know
|c|☆ShinigamiF|that's why i'd wanted to kill
|inactive|general bepo 3 has 120 seconds left.
|c|☆general bepo 3|ye
|
|t:|1596277195
|move|p2a: Ferrothorn|Spikes|p1a: Ferrothorn
|-sidestart|p1: general bepo 3|Spikes
|move|p1a: Ferrothorn|Spikes|p2a: Ferrothorn
|-sidestart|p2: ShinigamiF|Spikes
|
|-weather|Sandstorm|[upkeep]
|upkeep
|turn|19
|c|☆ShinigamiF|but i didn't know p2 bulk
|c|☆ShinigamiF|not a missplay anycase
|c|☆general bepo 3|that thing hella bulky
|c|☆ShinigamiF|testing limits excuse
|c|☆ShinigamiF|xD
|
|t:|1596277213
|move|p2a: Ferrothorn|Spikes|p1a: Ferrothorn
|-sidestart|p1: general bepo 3|Spikes
|move|p1a: Ferrothorn|Spikes|p2a: Ferrothorn
|-sidestart|p2: ShinigamiF|Spikes
|
|-weather|Sandstorm|[upkeep]
|upkeep
|turn|20
|c|☆general bepo 3|ye lmao
|
|t:|1596277222
|switch|p2a: Landorus|Landorus-Therian, M|88/100
|-damage|p2a: Landorus|76/100|[from] Stealth Rock
|-ability|p2a: Landorus|Intimidate|boost
|-unboost|p1a: Ferrothorn|atk|1
|move|p1a: Ferrothorn|Leech Seed|p2a: Landorus
|-start|p2a: Landorus|move: Leech Seed
|
|-weather|Sandstorm|[upkeep]
|-heal|p2a: Landorus|82/100|[from] item: Leftovers
|-damage|p2a: Landorus|69/100|[from] Leech Seed|[of] p1a: Ferrothorn
|-heal|p1a: Ferrothorn|91/100|[silent]
|upkeep
|turn|21
|
|t:|1596277235
|move|p2a: Landorus|U-turn|p1a: Ferrothorn
|-damage|p1a: Ferrothorn|75/100
|-damage|p2a: Landorus|57/100|[from] ability: Iron Barbs|[of] p1a: Ferrothorn
|
|t:|1596277242
|switch|p2a: Jirachi|Jirachi|100/100|[from]move: U-turn
|-damage|p2a: Jirachi|94/100|[from] Stealth Rock
|-damage|p2a: Jirachi|70/100|[from] Spikes
|move|p1a: Ferrothorn|Gyro Ball|p2a: Jirachi
|-resisted|p2a: Jirachi
|-damage|p2a: Jirachi|54/100
|
|-weather|Sandstorm|[upkeep]
|-heal|p2a: Jirachi|60/100|[from] item: Leftovers
|upkeep
|turn|22
|
|t:|1596277253
|switch|p1a: Volcarona|Volcarona, M|1/100
|-damage|p1a: Volcarona|0 fnt|[from] Stealth Rock
|faint|p1a: Volcarona
|move|p2a: Jirachi|Calm Mind|p2a: Jirachi
|-boost|p2a: Jirachi|spa|1
|-boost|p2a: Jirachi|spd|1
|
|-weather|Sandstorm|[upkeep]
|-heal|p2a: Jirachi|66/100|[from] item: Leftovers
|upkeep
|
|t:|1596277255
|switch|p1a: Landorus|Landorus-Therian, M|82/100
|-damage|p1a: Landorus|70/100|[from] Stealth Rock
|-ability|p1a: Landorus|Intimidate|boost
|-unboost|p2a: Jirachi|atk|1
|turn|23
|
|t:|1596277258
|move|p2a: Jirachi|Psychic|p1a: Landorus
|-damage|p1a: Landorus|1/100
|move|p1a: Landorus|U-turn|p2a: Jirachi
|-crit|p2a: Jirachi
|-damage|p2a: Jirachi|25/100
|
|t:|1596277279
|switch|p1a: Ferrothorn|Ferrothorn, F|75/100|[from]move: U-turn
|-damage|p1a: Ferrothorn|68/100|[from] Stealth Rock
|-damage|p1a: Ferrothorn|43/100|[from] Spikes
|
|-weather|Sandstorm|[upkeep]
|-heal|p2a: Jirachi|31/100|[from] item: Leftovers
|upkeep
|turn|24
|
|t:|1596277286
|move|p2a: Jirachi|Hidden Power|p1a: Ferrothorn
|-supereffective|p1a: Ferrothorn
|-crit|p1a: Ferrothorn
|-damage|p1a: Ferrothorn|0 fnt
|faint|p1a: Ferrothorn
|
|-weather|Sandstorm|[upkeep]
|-heal|p2a: Jirachi|38/100|[from] item: Leftovers
|upkeep
|c|☆general bepo 3|is this
|c|☆general bepo 3|fire
|c|☆general bepo 3|ah
|c|☆ShinigamiF|btw any tips on building gen 5 ou?
|c|☆ShinigamiF|If i'm playing with a sample is because i have no idea on building
|
|t:|1596277309
|switch|p1a: Starmie|Starmie|100/100
|-damage|p1a: Starmie|88/100|[from] Stealth Rock
|-damage|p1a: Starmie|63/100|[from] Spikes
|turn|25
|
|t:|1596277314
|move|p1a: Starmie|Rapid Spin|p2a: Jirachi
|-resisted|p2a: Jirachi
|-damage|p2a: Jirachi|36/100
|-sideend|p1: general bepo 3|Spikes|[from] move: Rapid Spin|[of] p1a: Starmie
|-sideend|p1: general bepo 3|Stealth Rock|[from] move: Rapid Spin|[of] p1a: Starmie
|move|p2a: Jirachi|Grass Knot|p1a: Starmie
|-supereffective|p1a: Starmie
|-damage|p1a: Starmie|0 fnt
|faint|p1a: Starmie
|
|-weather|Sandstorm|[upkeep]
|-heal|p2a: Jirachi|42/100|[from] item: Leftovers
|upkeep
|
|t:|1596277316
|switch|p1a: Landorus|Landorus-Therian, M|1/100
|-ability|p1a: Landorus|Intimidate|boost
|-unboost|p2a: Jirachi|atk|1
|turn|26
|c|☆general bepo 3|i fucked this game pre bad uh
|c|☆general bepo 3|teambuilding for ladder
|inactive|general bepo 3 has 120 seconds left.
|c|☆general bepo 3|most cases id just focus on having balance like you need both bulk and
|c|☆general bepo 3|breakers
|c|☆general bepo 3|for stall
|c|☆general bepo 3|balance / stall is always most reliable against any teams
|c|☆general bepo 3|but stalls boring
|
|t:|1596277374
|move|p2a: Jirachi|Psychic|p1a: Landorus
|-damage|p1a: Landorus|0 fnt
|faint|p1a: Landorus
|
|-weather|Sandstorm|[upkeep]
|-heal|p2a: Jirachi|48/100|[from] item: Leftovers
|upkeep
|inactive|general bepo 3 has 90 seconds left.
|c|☆ShinigamiF|agree so hard
|c|☆general bepo 3|ye i fkd this game by letting up rocks
|c|☆general bepo 3|overpredicted on
|c|☆general bepo 3|lando p2 turn
|-message|general bepo 3 forfeited.
|
|win|ShinigamiF
|raw|general bepo 3's rating: 1316 &rarr; <strong>1300</strong><br />(-16 for losing)
|raw|ShinigamiF's rating: 1382 &rarr; <strong>1399</strong><br />(+17 for winning)
|c|☆general bepo 3|but ye
|c|☆general bepo 3|just have to learn matchups ig like
|c|☆general bepo 3|i teambuild for both tours
|c|☆ShinigamiF|didactive game tbh
|c|☆ShinigamiF|wp
|c|☆general bepo 3|and ladder i just use standard shit most of the time
|c|☆general bepo 3|lol
|c|☆ShinigamiF|there's a viability ranking
|c|☆ShinigamiF|or some broken ass pokemon
|c|☆ShinigamiF|i should know i can't get
|c|☆ShinigamiF|against my team
|c|☆ShinigamiF|i wrote it so bad
