|j|☆cdrgcde
|j|☆lazyhrpseal
|t:|1744363979
|gametype|singles
|player|p1|cdrgcde|pokekid|1303
|player|p2|lazyhrpseal|preschoolerf|1412
|teamsize|p1|6
|teamsize|p2|6
|gen|5
|tier|[Gen 5] OU
|rated|
|rule|Species Clause: Limit one of each Pokémon
|rule|OHKO Clause: OHKO moves are banned
|rule|Moody Clause: Moody is banned
|rule|Evasion Items Clause: Evasion items are banned
|rule|Evasion Moves Clause: Evasion moves are banned
|rule|Endless Battle Clause: Forcing endless battles is banned
|rule|HP Percentage Mod: HP is shown in percentages
|rule|Evasion Abilities Clause: Evasion abilities are banned
|rule|Sleep Moves Clause: Sleep-inducing moves are banned
|rule|Swagger Clause: Swagger is banned
|rule|Baton Pass Stat Clause: No Baton Passer may have a way to boost its stats
|clearpoke
|poke|p1|Tyranitar, F|item
|poke|p1|Alakazam, F|item
|poke|p1|Latios, M|item
|poke|p1|Ferrothorn, M|item
|poke|p1|Keldeo|item
|poke|p1|Landorus-Therian, M|item
|poke|p2|Forretress, M|item
|poke|p2|Blissey, F|item
|poke|p2|Tyranitar, M|item
|poke|p2|Xatu, M|item
|poke|p2|Jellicent, M|item
|poke|p2|Gliscor, M|item
|teampreview
|inactive|Battle timer is ON: inactive players will automatically lose when time's up. (requested by cdrgcde)
|
|t:|1744363994
|start
|switch|p1a: Landorus|Landorus-Therian, M|100/100
|switch|p2a: Xatu|Xatu, M|100/100
|-ability|p1a: Landorus|Intimidate|boost
|-unboost|p2a: Xatu|atk|1
|turn|1
|
|t:|1744363998
|move|p1a: Landorus|Hidden Power|p2a: Xatu
|-supereffective|p2a: Xatu
|-damage|p2a: Xatu|56/100
|move|p2a: Xatu|Reflect|p2a: Xatu
|-sidestart|p2: lazyhrpseal|Reflect
|
|upkeep
|turn|2
|
|t:|1744364002
|move|p1a: Landorus|Hidden Power|p2a: Xatu
|-supereffective|p2a: Xatu
|-damage|p2a: Xatu|8/100
|move|p2a: Xatu|Roost|p2a: Xatu
|-heal|p2a: Xatu|58/100
|-singleturn|p2a: Xatu|move: Roost
|
|upkeep
|turn|3
|
|t:|1744364006
|switch|p2a: Forretress|Forretress, M|100/100
|move|p1a: Landorus|Hidden Power|p2a: Forretress
|-resisted|p2a: Forretress
|-damage|p2a: Forretress|88/100
|
|-heal|p2a: Forretress|95/100|[from] item: Leftovers
|upkeep
|turn|4
|
|t:|1744364010
|move|p1a: Landorus|U-turn|p2a: Forretress
|-resisted|p2a: Forretress
|-damage|p2a: Forretress|92/100
|
|t:|1744364013
|switch|p1a: Ferrothorn|Ferrothorn, M|100/100|[from] U-turn
|move|p2a: Forretress|Spikes|p1a: Ferrothorn
|-sidestart|p1: cdrgcde|Spikes
|
|-heal|p2a: Forretress|98/100|[from] item: Leftovers
|upkeep
|turn|5
|
|t:|1744364022
|switch|p2a: Xatu|Xatu, M|58/100
|switch|p1a: Tyranitar|Tyranitar, F|100/100
|-damage|p1a: Tyranitar|88/100|[from] Spikes
|-weather|Sandstorm|[from] ability: Sand Stream|[of] p1a: Tyranitar
|
|-weather|Sandstorm|[upkeep]
|-damage|p2a: Xatu|52/100|[from] Sandstorm
|-sideend|p2: lazyhrpseal|Reflect
|upkeep
|turn|6
|j| Seaside Warrior
|
|t:|1744364026
|move|p2a: Xatu|Reflect|p2a: Xatu
|-sidestart|p2: lazyhrpseal|Reflect
|move|p1a: Tyranitar|Crunch|p2a: Xatu
|-supereffective|p2a: Xatu
|-damage|p2a: Xatu|13/100
|-damage|p1a: Tyranitar|71/100|[from] item: Rocky Helmet|[of] p2a: Xatu
|
|-weather|Sandstorm|[upkeep]
|-damage|p2a: Xatu|7/100|[from] Sandstorm
|upkeep
|turn|7
|
|t:|1744364029
|move|p2a: Xatu|Roost|p2a: Xatu
|-heal|p2a: Xatu|57/100
|-singleturn|p2a: Xatu|move: Roost
|move|p1a: Tyranitar|Crunch|p2a: Xatu
|-supereffective|p2a: Xatu
|-damage|p2a: Xatu|15/100
|-damage|p1a: Tyranitar|55/100|[from] item: Rocky Helmet|[of] p2a: Xatu
|
|-weather|Sandstorm|[upkeep]
|-damage|p2a: Xatu|9/100|[from] Sandstorm
|upkeep
|turn|8
|
|t:|1744364031
|move|p2a: Xatu|Roost|p2a: Xatu
|-heal|p2a: Xatu|59/100
|-singleturn|p2a: Xatu|move: Roost
|move|p1a: Tyranitar|Crunch|p2a: Xatu
|-supereffective|p2a: Xatu
|-damage|p2a: Xatu|21/100
|-unboost|p2a: Xatu|def|1
|-damage|p1a: Tyranitar|38/100|[from] item: Rocky Helmet|[of] p2a: Xatu
|
|-weather|Sandstorm|[upkeep]
|-damage|p2a: Xatu|15/100|[from] Sandstorm
|upkeep
|turn|9
|
|t:|1744364035
|-activate|p2a: Xatu|move: Pursuit
|move|p1a: Tyranitar|Pursuit|p2a: Xatu|[from] Pursuit
|-supereffective|p2a: Xatu
|-crit|p2a: Xatu
|-damage|p2a: Xatu|0 fnt
|-damage|p1a: Tyranitar|22/100|[from] item: Rocky Helmet|[of] p2a: Xatu
|faint|p2a: Xatu
|-hint|A Pokemon can't switch between when it runs out of HP and when it faints
|
|-weather|Sandstorm|[upkeep]
|upkeep
|
|t:|1744364038
|switch|p2a: Tyranitar|Tyranitar, M|100/100
|turn|10
|
|t:|1744364042
|move|p2a: Tyranitar|Superpower|p1a: Tyranitar
|-supereffective|p1a: Tyranitar
|-enditem|p1a: Tyranitar|Chople Berry|[eat]
|-enditem|p1a: Tyranitar|Chople Berry|[weaken]
|-damage|p1a: Tyranitar|0 fnt
|-unboost|p2a: Tyranitar|atk|1
|-unboost|p2a: Tyranitar|def|1
|faint|p1a: Tyranitar
|
|-weather|Sandstorm|[upkeep]
|-sideend|p2: lazyhrpseal|Reflect
|upkeep
|
|t:|1744364045
|switch|p1a: Landorus|Landorus-Therian, M|100/100
|-ability|p1a: Landorus|Intimidate|boost
|-unboost|p2a: Tyranitar|atk|1
|turn|11
|
|t:|1744364048
|switch|p2a: Forretress|Forretress, M|98/100
|move|p1a: Landorus|Stealth Rock|p2a: Forretress
|-sidestart|p2: lazyhrpseal|move: Stealth Rock
|
|-weather|Sandstorm|[upkeep]
|-heal|p2a: Forretress|100/100|[from] item: Leftovers
|upkeep
|turn|12
|
|t:|1744364053
|move|p1a: Landorus|Earthquake|p2a: Forretress
|-damage|p2a: Forretress|73/100
|move|p2a: Forretress|Spikes|p1a: Landorus
|-sidestart|p1: cdrgcde|Spikes
|
|-weather|Sandstorm|[upkeep]
|-heal|p2a: Forretress|79/100|[from] item: Leftovers
|upkeep
|turn|13
|
|t:|1744364058
|move|p1a: Landorus|U-turn|p2a: Forretress
|-resisted|p2a: Forretress
|-damage|p2a: Forretress|73/100
|
|t:|1744364061
|switch|p1a: Ferrothorn|Ferrothorn, M|100/100|[from] U-turn
|-damage|p1a: Ferrothorn|84/100|[from] Spikes
|move|p2a: Forretress|Spikes|p1a: Ferrothorn
|-sidestart|p1: cdrgcde|Spikes
|
|-weather|Sandstorm|[upkeep]
|-heal|p2a: Forretress|79/100|[from] item: Leftovers
|upkeep
|turn|14
|
|t:|1744364068
|move|p2a: Forretress|Rapid Spin|p1a: Ferrothorn
|-resisted|p1a: Ferrothorn
|-damage|p1a: Ferrothorn|83/100
|-damage|p2a: Forretress|67/100|[from] ability: Iron Barbs|[of] p1a: Ferrothorn
|-sideend|p2: lazyhrpseal|Stealth Rock|[from] move: Rapid Spin|[of] p2a: Forretress
|move|p1a: Ferrothorn|Knock Off|p2a: Forretress
|-resisted|p2a: Forretress
|-crit|p2a: Forretress
|-damage|p2a: Forretress|64/100
|-enditem|p2a: Forretress|Leftovers|[from] move: Knock Off|[of] p1a: Ferrothorn
|
|-weather|Sandstorm|[upkeep]
|upkeep
|turn|15
|
|t:|1744364073
|switch|p2a: Jellicent|Jellicent, M|100/100
|move|p1a: Ferrothorn|Spikes|p2a: Jellicent
|-sidestart|p2: lazyhrpseal|Spikes
|
|-weather|Sandstorm|[upkeep]
|-damage|p2a: Jellicent|94/100|[from] Sandstorm
|-heal|p2a: Jellicent|100/100|[from] item: Leftovers
|upkeep
|turn|16
|
|t:|1744364085
|move|p2a: Jellicent|Taunt|p1a: Ferrothorn
|-start|p1a: Ferrothorn|move: Taunt
|move|p1a: Ferrothorn|Knock Off|p2a: Jellicent
|-supereffective|p2a: Jellicent
|-crit|p2a: Jellicent
|-damage|p2a: Jellicent|86/100
|-enditem|p2a: Jellicent|Leftovers|[from] move: Knock Off|[of] p1a: Ferrothorn
|
|-weather|Sandstorm|[upkeep]
|-damage|p2a: Jellicent|79/100|[from] Sandstorm
|upkeep
|turn|17
|
|t:|1744364093
|switch|p1a: Alakazam|Alakazam, F|100/100
|move|p2a: Jellicent|Will-O-Wisp|p1a: Alakazam
|-status|p1a: Alakazam|brn
|
|-weather|Sandstorm|[upkeep]
|-damage|p2a: Jellicent|73/100|[from] Sandstorm
|upkeep
|turn|18
|
|t:|1744364097
|switch|p2a: Blissey|Blissey, F|100/100
|-damage|p2a: Blissey|88/100|[from] Spikes
|move|p1a: Alakazam|Grass Knot|p2a: Blissey
|-damage|p2a: Blissey|79/100
|
|-weather|Sandstorm|[upkeep]
|-damage|p2a: Blissey|72/100|[from] Sandstorm
|-heal|p2a: Blissey|79/100|[from] item: Leftovers
|upkeep
|turn|19
|
|t:|1744364106
|switch|p1a: Landorus|Landorus-Therian, M|100/100
|-ability|p1a: Landorus|Intimidate|boost
|-unboost|p2a: Blissey|atk|1
|move|p2a: Blissey|Stealth Rock|p1a: Landorus
|-sidestart|p1: cdrgcde|move: Stealth Rock
|
|-weather|Sandstorm|[upkeep]
|-damage|p2a: Blissey|72/100|[from] Sandstorm
|-heal|p2a: Blissey|79/100|[from] item: Leftovers
|upkeep
|turn|20
|
|t:|1744364109
|switch|p2a: Gliscor|Gliscor, M|100/100
|move|p1a: Landorus|Stealth Rock|p2a: Gliscor
|-sidestart|p2: lazyhrpseal|move: Stealth Rock
|
|-weather|Sandstorm|[upkeep]
|-status|p2a: Gliscor|tox|[from] item: Toxic Orb
|upkeep
|turn|21
|
|t:|1744364114
|move|p1a: Landorus|Hidden Power|p2a: Gliscor
|-supereffective|p2a: Gliscor
|-damage|p2a: Gliscor|37/100 tox
|move|p2a: Gliscor|Ice Fang|p1a: Landorus
|-supereffective|p1a: Landorus
|-crit|p1a: Landorus
|-enditem|p1a: Landorus|Yache Berry|[eat]
|-enditem|p1a: Landorus|Yache Berry|[weaken]
|-damage|p1a: Landorus|51/100
|
|-weather|Sandstorm|[upkeep]
|-heal|p2a: Gliscor|49/100 tox|[from] ability: Poison Heal
|upkeep
|turn|22
|
|t:|1744364118
|switch|p2a: Tyranitar|Tyranitar, M|100/100
|-damage|p2a: Tyranitar|88/100|[from] Spikes
|-damage|p2a: Tyranitar|76/100|[from] Stealth Rock
|move|p1a: Landorus|Hidden Power|p2a: Tyranitar
|-damage|p2a: Tyranitar|64/100
|
|-weather|Sandstorm|[upkeep]
|upkeep
|turn|23
|
|t:|1744364120
|move|p2a: Tyranitar|Ice Beam|p1a: Landorus
|-supereffective|p1a: Landorus
|-damage|p1a: Landorus|0 fnt
|faint|p1a: Landorus
|
|-weather|Sandstorm|[upkeep]
|upkeep
|
|t:|1744364126
|switch|p1a: Keldeo|Keldeo|100/100
|-damage|p1a: Keldeo|76/100|[from] Spikes
|-damage|p1a: Keldeo|70/100|[from] Stealth Rock
|turn|24
|
|t:|1744364133
|switch|p2a: Blissey|Blissey, F|79/100
|-damage|p2a: Blissey|66/100|[from] Spikes
|-damage|p2a: Blissey|54/100|[from] Stealth Rock
|move|p1a: Keldeo|Calm Mind|p1a: Keldeo
|-boost|p1a: Keldeo|spa|1
|-boost|p1a: Keldeo|spd|1
|
|-weather|Sandstorm|[upkeep]
|-damage|p1a: Keldeo|63/100|[from] Sandstorm
|-damage|p2a: Blissey|47/100|[from] Sandstorm
|-heal|p1a: Keldeo|70/100|[from] item: Leftovers
|-heal|p2a: Blissey|54/100|[from] item: Leftovers
|upkeep
|turn|25
|
|t:|1744364140
|switch|p2a: Jellicent|Jellicent, M|73/100
|-damage|p2a: Jellicent|61/100|[from] Spikes
|-damage|p2a: Jellicent|49/100|[from] Stealth Rock
|move|p1a: Keldeo|Secret Sword|p2a: Jellicent
|-immune|p2a: Jellicent
|
|-weather|Sandstorm|[upkeep]
|-damage|p1a: Keldeo|63/100|[from] Sandstorm
|-damage|p2a: Jellicent|42/100|[from] Sandstorm
|-heal|p1a: Keldeo|70/100|[from] item: Leftovers
|upkeep
|turn|26
|
|t:|1744364142
|move|p1a: Keldeo|Hidden Power|p2a: Jellicent
|-supereffective|p2a: Jellicent
|-damage|p2a: Jellicent|0 fnt
|faint|p2a: Jellicent
|
|-weather|Sandstorm|[upkeep]
|-damage|p1a: Keldeo|63/100|[from] Sandstorm
|-heal|p1a: Keldeo|70/100|[from] item: Leftovers
|upkeep
|
|t:|1744364146
|switch|p2a: Tyranitar|Tyranitar, M|64/100
|-damage|p2a: Tyranitar|52/100|[from] Spikes
|-damage|p2a: Tyranitar|39/100|[from] Stealth Rock
|turn|27
|
|t:|1744364148
|move|p2a: Tyranitar|Superpower|p1a: Keldeo
|-crit|p1a: Keldeo
|-damage|p1a: Keldeo|0 fnt
|-unboost|p2a: Tyranitar|atk|1
|-unboost|p2a: Tyranitar|def|1
|faint|p1a: Keldeo
|
|-weather|Sandstorm|[upkeep]
|upkeep
|
|t:|1744364158
|switch|p1a: Alakazam|Alakazam, F|100/100 brn
|turn|28
|
|t:|1744364161
|switch|p2a: Forretress|Forretress, M|64/100
|-damage|p2a: Forretress|51/100|[from] Spikes
|-damage|p2a: Forretress|39/100|[from] Stealth Rock
|move|p1a: Alakazam|Psychic|p2a: Forretress
|-resisted|p2a: Forretress
|-damage|p2a: Forretress|0 fnt
|faint|p2a: Forretress
|
|-weather|Sandstorm|[upkeep]
|upkeep
|
|t:|1744364163
|switch|p2a: Tyranitar|Tyranitar, M|39/100
|-damage|p2a: Tyranitar|27/100|[from] Spikes
|-damage|p2a: Tyranitar|15/100|[from] Stealth Rock
|turn|29
|
|t:|1744364167
|move|p1a: Alakazam|Grass Knot|p2a: Tyranitar
|-supereffective|p2a: Tyranitar
|-damage|p2a: Tyranitar|0 fnt
|faint|p2a: Tyranitar
|
|-weather|Sandstorm|[upkeep]
|upkeep
|
|t:|1744364169
|switch|p2a: Blissey|Blissey, F|54/100
|-damage|p2a: Blissey|41/100|[from] Spikes
|-damage|p2a: Blissey|29/100|[from] Stealth Rock
|turn|30
|
|t:|1744364188
|switch|p1a: Latios|Latios, M|100/100
|-damage|p1a: Latios|88/100|[from] Stealth Rock
|move|p2a: Blissey|Soft-Boiled|p2a: Blissey
|-heal|p2a: Blissey|79/100
|
|-weather|Sandstorm|[upkeep]
|-damage|p1a: Latios|82/100|[from] Sandstorm
|-damage|p2a: Blissey|72/100|[from] Sandstorm
|-heal|p2a: Blissey|79/100|[from] item: Leftovers
|upkeep
|turn|31
|
|t:|1744364199
|switch|p2a: Gliscor|Gliscor, M|49/100 tox
|-damage|p2a: Gliscor|37/100 tox|[from] Stealth Rock
|move|p1a: Latios|Draco Meteor|p2a: Gliscor
|-crit|p2a: Gliscor
|-damage|p2a: Gliscor|0 fnt
|-unboost|p1a: Latios|spa|2
|faint|p2a: Gliscor
|
|-weather|Sandstorm|[upkeep]
|-damage|p1a: Latios|76/100|[from] Sandstorm
|upkeep
|
|t:|1744364201
|switch|p2a: Blissey|Blissey, F|79/100
|-damage|p2a: Blissey|66/100|[from] Spikes
|-damage|p2a: Blissey|54/100|[from] Stealth Rock
|turn|32
|
|t:|1744364205
|switch|p1a: Ferrothorn|Ferrothorn, M|83/100
|-damage|p1a: Ferrothorn|58/100|[from] Spikes
|-damage|p1a: Ferrothorn|52/100|[from] Stealth Rock
|move|p2a: Blissey|Soft-Boiled|p2a: Blissey
|-heal|p2a: Blissey|100/100
|
|-weather|Sandstorm|[upkeep]
|-damage|p2a: Blissey|94/100|[from] Sandstorm
|-heal|p2a: Blissey|100/100|[from] item: Leftovers
|upkeep
|turn|33
|
|t:|1744364211
|move|p2a: Blissey|Thunder Wave|p1a: Ferrothorn
|-status|p1a: Ferrothorn|par
|-enditem|p1a: Ferrothorn|Lum Berry|[eat]
|-curestatus|p1a: Ferrothorn|par|[msg]
|move|p1a: Ferrothorn|Gyro Ball|p2a: Blissey
|-damage|p2a: Blissey|73/100
|
|-weather|Sandstorm|[upkeep]
|-damage|p2a: Blissey|67/100|[from] Sandstorm
|-heal|p2a: Blissey|73/100|[from] item: Leftovers
|upkeep
|turn|34
|
|t:|1744364216
|move|p2a: Blissey|Thunder Wave|p1a: Ferrothorn
|-status|p1a: Ferrothorn|par
|move|p1a: Ferrothorn|Gyro Ball|p2a: Blissey
|-damage|p2a: Blissey|29/100
|
|-weather|Sandstorm|[upkeep]
|-damage|p2a: Blissey|22/100|[from] Sandstorm
|-heal|p2a: Blissey|29/100|[from] item: Leftovers
|upkeep
|turn|35
|
|t:|1744364218
|move|p2a: Blissey|Soft-Boiled|p2a: Blissey
|-heal|p2a: Blissey|79/100
|move|p1a: Ferrothorn|Gyro Ball|p2a: Blissey
|-damage|p2a: Blissey|33/100
|
|-weather|Sandstorm|[upkeep]
|-damage|p2a: Blissey|27/100|[from] Sandstorm
|-heal|p2a: Blissey|33/100|[from] item: Leftovers
|upkeep
|turn|36
|
|t:|1744364221
|switch|p1a: Latios|Latios, M|76/100
|-damage|p1a: Latios|64/100|[from] Stealth Rock
|move|p2a: Blissey|Soft-Boiled|p2a: Blissey
|-heal|p2a: Blissey|83/100
|
|-weather|Sandstorm|[upkeep]
|-damage|p1a: Latios|58/100|[from] Sandstorm
|-damage|p2a: Blissey|77/100|[from] Sandstorm
|-heal|p2a: Blissey|83/100|[from] item: Leftovers
|upkeep
|turn|37
|
|t:|1744364224
|move|p1a: Latios|Trick|p2a: Blissey
|-activate|p1a: Latios|move: Trick|[of] p2a: Blissey
|-item|p2a: Blissey|Choice Scarf|[from] move: Trick
|-item|p1a: Latios|Leftovers|[from] move: Trick
|move|p2a: Blissey|Seismic Toss|p1a: Latios
|-damage|p1a: Latios|25/100
|
|-weather|Sandstorm|[upkeep]
|-damage|p1a: Latios|19/100|[from] Sandstorm
|-damage|p2a: Blissey|77/100|[from] Sandstorm
|-heal|p1a: Latios|25/100|[from] item: Leftovers
|upkeep
|turn|38
|
|t:|1744364227
|move|p1a: Latios|Roost|p1a: Latios
|-heal|p1a: Latios|75/100
|-singleturn|p1a: Latios|move: Roost
|move|p2a: Blissey|Seismic Toss|p1a: Latios
|-damage|p1a: Latios|42/100
|
|-weather|Sandstorm|[upkeep]
|-damage|p1a: Latios|36/100|[from] Sandstorm
|-damage|p2a: Blissey|70/100|[from] Sandstorm
|-heal|p1a: Latios|42/100|[from] item: Leftovers
|upkeep
|turn|39
|
|t:|1744364230
|move|p1a: Latios|Roost|p1a: Latios
|-heal|p1a: Latios|92/100
|-singleturn|p1a: Latios|move: Roost
|move|p2a: Blissey|Seismic Toss|p1a: Latios
|-damage|p1a: Latios|59/100
|
|-weather|Sandstorm|[upkeep]
|-damage|p1a: Latios|53/100|[from] Sandstorm
|-damage|p2a: Blissey|64/100|[from] Sandstorm
|-heal|p1a: Latios|59/100|[from] item: Leftovers
|upkeep
|turn|40
|
|t:|1744364233
|move|p1a: Latios|Surf|p2a: Blissey
|-damage|p2a: Blissey|51/100
|move|p2a: Blissey|Seismic Toss|p1a: Latios
|-damage|p1a: Latios|25/100
|
|-weather|Sandstorm|[upkeep]
|-damage|p1a: Latios|19/100|[from] Sandstorm
|-damage|p2a: Blissey|45/100|[from] Sandstorm
|-heal|p1a: Latios|25/100|[from] item: Leftovers
|upkeep
|turn|41
|
|t:|1744364235
|move|p1a: Latios|Roost|p1a: Latios
|-heal|p1a: Latios|76/100
|-singleturn|p1a: Latios|move: Roost
|move|p2a: Blissey|Seismic Toss|p1a: Latios
|-damage|p1a: Latios|42/100
|
|-weather|Sandstorm|[upkeep]
|-damage|p1a: Latios|36/100|[from] Sandstorm
|-damage|p2a: Blissey|39/100|[from] Sandstorm
|-heal|p1a: Latios|42/100|[from] item: Leftovers
|upkeep
|turn|42
|
|t:|1744364237
|move|p1a: Latios|Roost|p1a: Latios
|-heal|p1a: Latios|93/100
|-singleturn|p1a: Latios|move: Roost
|move|p2a: Blissey|Seismic Toss|p1a: Latios
|-damage|p1a: Latios|59/100
|
|-weather|Sandstorm|[upkeep]
|-damage|p1a: Latios|53/100|[from] Sandstorm
|-damage|p2a: Blissey|33/100|[from] Sandstorm
|-heal|p1a: Latios|59/100|[from] item: Leftovers
|upkeep
|turn|43
|
|t:|1744364239
|move|p1a: Latios|Roost|p1a: Latios
|-heal|p1a: Latios|100/100
|-singleturn|p1a: Latios|move: Roost
|move|p2a: Blissey|Seismic Toss|p1a: Latios
|-damage|p1a: Latios|67/100
|
|-weather|Sandstorm|[upkeep]
|-damage|p1a: Latios|61/100|[from] Sandstorm
|-damage|p2a: Blissey|27/100|[from] Sandstorm
|-heal|p1a: Latios|67/100|[from] item: Leftovers
|upkeep
|turn|44
|
|t:|1744364240
|move|p1a: Latios|Roost|p1a: Latios
|-heal|p1a: Latios|100/100
|-singleturn|p1a: Latios|move: Roost
|move|p2a: Blissey|Seismic Toss|p1a: Latios
|-damage|p1a: Latios|67/100
|
|-weather|Sandstorm|[upkeep]
|-damage|p1a: Latios|61/100|[from] Sandstorm
|-damage|p2a: Blissey|21/100|[from] Sandstorm
|-heal|p1a: Latios|67/100|[from] item: Leftovers
|upkeep
|turn|45
|
|t:|1744364243
|move|p1a: Latios|Roost|p1a: Latios
|-heal|p1a: Latios|100/100
|-singleturn|p1a: Latios|move: Roost
|move|p2a: Blissey|Seismic Toss|p1a: Latios
|-damage|p1a: Latios|67/100
|
|-weather|Sandstorm|[upkeep]
|-damage|p1a: Latios|61/100|[from] Sandstorm
|-damage|p2a: Blissey|14/100|[from] Sandstorm
|-heal|p1a: Latios|67/100|[from] item: Leftovers
|upkeep
|turn|46
|
|t:|1744364246
|move|p1a: Latios|Draco Meteor|p2a: Blissey
|-crit|p2a: Blissey
|-damage|p2a: Blissey|0 fnt
|-unboost|p1a: Latios|spa|2
|faint|p2a: Blissey
|
|win|cdrgcde
|raw|cdrgcde's rating: 1303 &rarr; <strong>1329</strong><br />(+26 for winning)
|raw|lazyhrpseal's rating: 1412 &rarr; <strong>1386</strong><br />(-26 for losing)
