|join|chadbruv
|join|Serperiorthanyou
|player|p1|chadbruv|170
|player|p2|Serperiorthanyou|266
|gametype|singles
|gen|5
|tier|[Gen 5] OU
|rated
|rule|Evasion Abilities Clause: Evasion abilities are banned
|clearpoke
|poke|p1|Tyranitar, M
|poke|p1|Magnezone
|poke|p1|Terrakion
|poke|p1|Latios, M, shiny
|poke|p1|Scizor, F, shiny
|poke|p1|Landorus-Therian, M
|poke|p2|Ninetales, F, shiny
|poke|p2|Cresselia, F, shiny
|poke|p2|Lilligant, F, shiny
|poke|p2|Salamence, M
|poke|p2|Forretress, M
|poke|p2|Heatran, F
|rule|Sleep Clause Mod: Limit one foe put to sleep
|rule|Species Clause: Limit one of each Pokémon
|rule|OHKO Clause: OHKO moves are banned
|rule|Moody Clause: Moody is banned
|rule|Evasion Moves Clause: Evasion moves are banned
|rule|Endless Battle Clause: Forcing endless battles is banned
|rule|HP Percentage Mod: HP is reported as percentages
|teampreview
|join|basco
|
|start
|switch|p1a: Pat Riely|Tyranitar, M|403/403
|switch|p2a: Lilligant|Lilligant, F, shiny|297/297
|-weather|Sandstorm|[from] ability: Sand Stream|[of] p1a: Pat Riely
|turn|1
|
|move|p2a: Lilligant|Sleep Powder|p1a: Pat Riely
|-status|p1a: Pat Riely|slp
|cant|p1a: Pat Riely|slp
|
|-weather|Sandstorm|[upkeep]
|-damage|p2a: Lilligant|279/297|[from] sandstorm
|turn|2
|
|switch|p1a: Bron Bron|Landorus-Therian, M|382/382
|-ability|p1a: Bron Bron|Intimidate|[of] p2a: Lilligant
|-unboost|p2a: Lilligant|atk|1
|move|p2a: Lilligant|Quiver Dance|p2a: Lilligant
|-boost|p2a: Lilligant|spa|1
|-boost|p2a: Lilligant|spd|1
|-boost|p2a: Lilligant|spe|1
|
|-weather|Sandstorm|[upkeep]
|-damage|p2a: Lilligant|261/297|[from] sandstorm
|turn|3
|
|move|p2a: Lilligant|Giga Drain|p1a: Bron Bron
|-damage|p1a: Bron Bron|70/382
|-heal|p2a: Lilligant|297/297|[from] drain|[of] p1a: Bron Bron
|-damage|p2a: Lilligant|268/297|[from] item: Life Orb
|move|p1a: Bron Bron|U-turn|p2a: Lilligant
|-supereffective|p2a: Lilligant
|-damage|p2a: Lilligant|0 fnt
|faint|p2a: Lilligant
|
|switch|p1a: D.Wade|Terrakion|323/323
|
|-weather|Sandstorm|[upkeep]
|
|switch|p2a: Forretress|Forretress, M|354/354
|turn|4
|
|switch|p1a: Ray Allen|Magnezone|283/283
|switch|p2a: Cresselia|Cresselia, F, shiny|444/444
|
|-weather|Sandstorm|[upkeep]
|-damage|p2a: Cresselia|417/444|[from] sandstorm
|-heal|p2a: Cresselia|444/444|[from] item: Leftovers
|turn|5
|
|move|p1a: Ray Allen|Substitute|p1a: Ray Allen
|-start|p1a: Ray Allen|Substitute
|-damage|p1a: Ray Allen|213/283
|move|p2a: Cresselia|Hidden Power|p1a: Ray Allen
|-supereffective|p1a: Ray Allen
|-end|p1a: Ray Allen|Substitute
|
|-weather|Sandstorm|[upkeep]
|-damage|p2a: Cresselia|417/444|[from] sandstorm
|-heal|p1a: Ray Allen|230/283|[from] item: Leftovers
|-heal|p2a: Cresselia|444/444|[from] item: Leftovers
|turn|6
|
|switch|p1a: Pat Riely|Tyranitar, M|403/403 slp
|move|p2a: Cresselia|Hidden Power|p1a: Pat Riely
|-supereffective|p1a: Pat Riely
|-damage|p1a: Pat Riely|315/403 slp
|
|-weather|Sandstorm|[upkeep]
|-damage|p2a: Cresselia|417/444|[from] sandstorm
|-heal|p2a: Cresselia|444/444|[from] item: Leftovers
|-heal|p1a: Pat Riely|340/403 slp|[from] item: Leftovers
|turn|7
|
|switch|p2a: Ninetales|Ninetales, F, shiny|350/350
|-weather|SunnyDay|[from] ability: Drought|[of] p2a: Ninetales
|cant|p1a: Pat Riely|slp
|
|-weather|SunnyDay|[upkeep]
|-heal|p1a: Pat Riely|365/403 slp|[from] item: Leftovers
|turn|8
|
|cant|p1a: Pat Riely|slp
|move|p2a: Ninetales|Roar|p1a: Pat Riely
|drag|p1a: Bron Bron|Landorus-Therian, M|70/382
|-ability|p1a: Bron Bron|Intimidate|[of] p2a: Ninetales
|-unboost|p2a: Ninetales|atk|1
|
|-weather|SunnyDay|[upkeep]
|turn|9
|
|switch|p2a: Salamence|Salamence, M|332/332
|switch|p1a: Pat Riely|Tyranitar, M|365/403 slp
|-weather|Sandstorm|[from] ability: Sand Stream|[of] p1a: Pat Riely
|
|-weather|Sandstorm|[upkeep]
|-damage|p2a: Salamence|312/332|[from] sandstorm
|-heal|p1a: Pat Riely|390/403 slp|[from] item: Leftovers
|turn|10
|
|switch|p1a: Bron Bron|Landorus-Therian, M|70/382
|-ability|p1a: Bron Bron|Intimidate|[of] p2a: Salamence
|-unboost|p2a: Salamence|atk|1
|move|p2a: Salamence|Dragon Dance|p2a: Salamence
|-boost|p2a: Salamence|atk|1
|-boost|p2a: Salamence|spe|1
|
|-weather|Sandstorm|[upkeep]
|-damage|p2a: Salamence|292/332|[from] sandstorm
|turn|11
|
|move|p2a: Salamence|Crunch|p1a: Bron Bron
|-damage|p1a: Bron Bron|0 fnt
|faint|p1a: Bron Bron
|-boost|p2a: Salamence|atk|1|[from] ability: Moxie
|
|-weather|Sandstorm|[upkeep]
|-damage|p2a: Salamence|272/332|[from] sandstorm
|
|switch|p1a: D.Wade|Terrakion|323/323
|turn|12
|
|switch|p2a: Forretress|Forretress, M|354/354
|move|p1a: D.Wade|Stone Edge|p2a: Forretress|[miss]
|-miss|p1a: D.Wade|p2a: Forretress
|
|-weather|Sandstorm|[upkeep]
|turn|13
|
|switch|p2a: Ninetales|Ninetales, F, shiny|350/350
|-weather|SunnyDay|[from] ability: Drought|[of] p2a: Ninetales
|move|p1a: D.Wade|Stone Edge|p2a: Ninetales
|-supereffective|p2a: Ninetales
|-damage|p2a: Ninetales|0 fnt
|faint|p2a: Ninetales
|
|-weather|SunnyDay|[upkeep]
|
|switch|p2a: Cresselia|Cresselia, F, shiny|444/444
|turn|14
|
|switch|p1a: Pat Riely|Tyranitar, M|390/403 slp
|-weather|Sandstorm|[from] ability: Sand Stream|[of] p1a: Pat Riely
|move|p2a: Cresselia|Thunder Wave|p1a: Pat Riely
|-fail|p1a: Pat Riely
|
|-weather|Sandstorm|[upkeep]
|-damage|p2a: Cresselia|417/444|[from] sandstorm
|-heal|p2a: Cresselia|444/444|[from] item: Leftovers
|-heal|p1a: Pat Riely|403/403 slp|[from] item: Leftovers
|turn|15
|
|switch|p2a: Salamence|Salamence, M|272/332
|cant|p1a: Pat Riely|slp
|
|-weather|Sandstorm|[upkeep]
|-damage|p2a: Salamence|252/332|[from] sandstorm
|turn|16
|
|move|p2a: Salamence|Earthquake|p1a: Pat Riely
|-supereffective|p1a: Pat Riely
|-damage|p1a: Pat Riely|171/403 slp
|cant|p1a: Pat Riely|slp
|
|-weather|Sandstorm|[upkeep]
|-damage|p2a: Salamence|232/332|[from] sandstorm
|-heal|p1a: Pat Riely|196/403 slp|[from] item: Leftovers
|turn|17
|
|move|p2a: Salamence|Outrage|p1a: Pat Riely
|-damage|p1a: Pat Riely|0 fnt
|faint|p1a: Pat Riely
|-boost|p2a: Salamence|atk|1|[from] ability: Moxie
|
|-weather|Sandstorm|[upkeep]
|-damage|p2a: Salamence|212/332|[from] sandstorm
|
|switch|p1a: Miller|Scizor, F, shiny|343/343
|turn|18
|
|move|p1a: Miller|Bullet Punch|p2a: Salamence
|-crit|p2a: Salamence
|-damage|p2a: Salamence|0 fnt
|faint|p2a: Salamence
|
|-weather|Sandstorm|[upkeep]
|
|switch|p2a: Heatran|Heatran, F|328/328
|turn|19
|
|switch|p1a: Bosh|Latios, M, shiny|301/301
|move|p2a: Heatran|Flamethrower|p1a: Bosh
|-resisted|p1a: Bosh
|-damage|p1a: Bosh|222/301
|
|-weather|Sandstorm|[upkeep]
|-damage|p1a: Bosh|204/301|[from] sandstorm
|turn|20
|
|switch|p2a: Forretress|Forretress, M|354/354
|move|p1a: Bosh|Surf|p2a: Forretress
|-crit|p2a: Forretress
|-damage|p2a: Forretress|134/354
|
|-weather|Sandstorm|[upkeep]
|-damage|p1a: Bosh|186/301|[from] sandstorm
|-heal|p2a: Forretress|156/354|[from] item: Leftovers
|turn|21
|
|switch|p1a: Ray Allen|Magnezone|230/283
|move|p2a: Forretress|Stealth Rock|p1a: Ray Allen
|-sidestart|p1: chadbruv|move: Stealth Rock
|
|-weather|Sandstorm|[upkeep]
|-heal|p1a: Ray Allen|247/283|[from] item: Leftovers
|-heal|p2a: Forretress|178/354|[from] item: Leftovers
|turn|22
|
|move|p1a: Ray Allen|Substitute|p1a: Ray Allen
|-start|p1a: Ray Allen|Substitute
|-damage|p1a: Ray Allen|177/283
|move|p2a: Forretress|Spikes|p1a: Ray Allen
|-sidestart|p1: chadbruv|Spikes
|
|-weather|Sandstorm|[upkeep]
|-heal|p1a: Ray Allen|194/283|[from] item: Leftovers
|-heal|p2a: Forretress|200/354|[from] item: Leftovers
|turn|23
|
|move|p1a: Ray Allen|Charge Beam|p2a: Forretress
|-damage|p2a: Forretress|116/354
|-boost|p1a: Ray Allen|spa|1
|move|p2a: Forretress|Spikes|p1a: Ray Allen
|-sidestart|p1: chadbruv|Spikes
|
|-weather|Sandstorm|[upkeep]
|-heal|p1a: Ray Allen|211/283|[from] item: Leftovers
|-heal|p2a: Forretress|138/354|[from] item: Leftovers
|turn|24
|
|move|p1a: Ray Allen|Charge Beam|p2a: Forretress
|-damage|p2a: Forretress|9/354
|-boost|p1a: Ray Allen|spa|1
|move|p2a: Forretress|Spikes|p1a: Ray Allen
|-sidestart|p1: chadbruv|Spikes
|
|-weather|Sandstorm|[upkeep]
|-heal|p1a: Ray Allen|228/283|[from] item: Leftovers
|-heal|p2a: Forretress|31/354|[from] item: Leftovers
|turn|25
|
|move|p1a: Ray Allen|Charge Beam|p2a: Forretress
|-damage|p2a: Forretress|0 fnt
|-boost|p1a: Ray Allen|spa|1
|faint|p2a: Forretress
|
|-weather|Sandstorm|[upkeep]
|-heal|p1a: Ray Allen|245/283|[from] item: Leftovers
|
|switch|p2a: Cresselia|Cresselia, F, shiny|444/444
|turn|26
|
|move|p1a: Ray Allen|Flash Cannon|p2a: Cresselia
|-damage|p2a: Cresselia|180/444
|move|p2a: Cresselia|Hidden Power|p1a: Ray Allen
|-supereffective|p1a: Ray Allen
|-end|p1a: Ray Allen|Substitute
|
|-weather|Sandstorm|[upkeep]
|-damage|p2a: Cresselia|153/444|[from] sandstorm
|-heal|p1a: Ray Allen|262/283|[from] item: Leftovers
|-heal|p2a: Cresselia|180/444|[from] item: Leftovers
|turn|27
|
|move|p1a: Ray Allen|Flash Cannon|p2a: Cresselia
|-damage|p2a: Cresselia|0 fnt
|faint|p2a: Cresselia
|
|-weather|Sandstorm|[upkeep]
|-heal|p1a: Ray Allen|279/283|[from] item: Leftovers
|-message|Serperiorthanyou forfeited.
|
|win|chadbruv
|raw|Ladder updating...
|leave|Serperiorthanyou
|player|p2
|raw|chadbruv's rating: 1405 &rarr; <strong>1423</strong><br />(+18 for winning)
|raw|Serperiorthanyou's rating: 1373 &rarr; <strong>1355</strong><br />(-18 for losing)