|j|☆Bark psychosis
|j|☆buyi ygf
|player|p1|Bark psychosis|1
|player|p2|buyi ygf|7
|teamsize|p1|6
|teamsize|p2|6
|gametype|singles
|gen|5
|tier|[Gen 5] OU
|rated|
|rule|Sleep Clause Mod: Limit one foe put to sleep
|rule|Species Clause: Limit one of each Pokémon
|rule|OHKO Clause: OHKO moves are banned
|rule|Moody Clause: Moody is banned
|rule|Evasion Moves Clause: Evasion moves are banned
|rule|Endless Battle Clause: Forcing endless battles is banned
|rule|HP Percentage Mod: HP is shown in percentages
|rule|Evasion Abilities Clause: Evasion abilities are banned
|rule|Baton Pass Clause: Limit one Baton Passer, can't pass Spe and other stats simultaneously
|rule|Swagger Clause: Swagger is banned
|clearpoke
|poke|p1|Skarmory, M|item
|poke|p1|Amoonguss, F|item
|poke|p1|Landorus-Therian, M|item
|poke|p1|Alakazam, M|item
|poke|p1|Keldeo|item
|poke|p1|Tyranitar, M|item
|poke|p2|Skarmory, F|item
|poke|p2|Gengar, F|item
|poke|p2|Volcarona, F|item
|poke|p2|Excadrill, M|item
|poke|p2|Breloom, M|item
|poke|p2|Dragonite, F|item
|teampreview
|inactive|Battle timer is ON: inactive players will automatically lose when time's up. (requested by buyi ygf)
|
|start
|switch|p1a: Alakazam|Alakazam, M|100/100
|switch|p2a: Skarmory|Skarmory, F|100/100
|turn|1
|
|move|p1a: Alakazam|Psychic|p2a: Skarmory
|-resisted|p2a: Skarmory
|-damage|p2a: Skarmory|69/100
|move|p2a: Skarmory|Stealth Rock|p1a: Alakazam
|-sidestart|p1: Bark psychosis|move: Stealth Rock
|
|upkeep
|turn|2
|
|move|p1a: Alakazam|Focus Blast|p2a: Skarmory
|-damage|p2a: Skarmory|12/100
|-enditem|p2a: Skarmory|Salac Berry|[eat]
|-boost|p2a: Skarmory|spe|1
|move|p2a: Skarmory|Spikes|p1a: Alakazam
|-sidestart|p1: Bark psychosis|Spikes
|
|upkeep
|turn|3
|
|switch|p1a: Tyranitar|Tyranitar, M|100/100
|-damage|p1a: Tyranitar|88/100|[from] Spikes
|-damage|p1a: Tyranitar|76/100|[from] Stealth Rock
|-weather|Sandstorm|[from] ability: Sand Stream|[of] p1a: Tyranitar
|move|p2a: Skarmory|Spikes|p1a: Tyranitar
|-sidestart|p1: Bark psychosis|Spikes
|
|-weather|Sandstorm|[upkeep]
|upkeep
|turn|4
|
|move|p2a: Skarmory|Taunt|p1a: Tyranitar
|-start|p1a: Tyranitar|move: Taunt
|move|p1a: Tyranitar|Crunch|p2a: Skarmory
|-resisted|p2a: Skarmory
|-damage|p2a: Skarmory|0 fnt
|faint|p2a: Skarmory
|
|-weather|Sandstorm|[upkeep]
|upkeep
|
|switch|p2a: Breloom|Breloom, M|100/100
|turn|5
|
|switch|p1a: Amoonguss|Amoonguss, F|100/100
|-damage|p1a: Amoonguss|88/100|[from] Stealth Rock
|-damage|p1a: Amoonguss|71/100|[from] Spikes
|move|p2a: Breloom|Spore|p1a: Amoonguss
|-status|p1a: Amoonguss|slp
|
|-weather|Sandstorm|[upkeep]
|-damage|p2a: Breloom|94/100|[from] Sandstorm
|-damage|p1a: Amoonguss|65/100 slp|[from] Sandstorm
|-heal|p1a: Amoonguss|71/100 slp|[from] item: Black Sludge
|upkeep
|turn|6
|
|switch|p1a: Landorus|Landorus-Therian, M|100/100
|-damage|p1a: Landorus|88/100|[from] Stealth Rock
|-ability|p1a: Landorus|Intimidate|boost
|-unboost|p2a: Breloom|atk|1
|move|p2a: Breloom|Swords Dance|p2a: Breloom
|-boost|p2a: Breloom|atk|2
|
|-weather|Sandstorm|[upkeep]
|-damage|p2a: Breloom|88/100|[from] Sandstorm
|-heal|p1a: Landorus|94/100|[from] item: Leftovers
|upkeep
|turn|7
|
|move|p2a: Breloom|Bullet Seed|p1a: Landorus
|-damage|p1a: Landorus|72/100
|-damage|p1a: Landorus|49/100
|-damage|p1a: Landorus|25/100
|-damage|p1a: Landorus|2/100
|-hitcount|p1a: Landorus|4
|move|p1a: Landorus|Stealth Rock|p2a: Breloom
|-sidestart|p2: buyi ygf|move: Stealth Rock
|
|-weather|Sandstorm|[upkeep]
|-damage|p2a: Breloom|82/100|[from] Sandstorm
|-heal|p1a: Landorus|8/100|[from] item: Leftovers
|upkeep
|turn|8
|
|move|p2a: Breloom|Bullet Seed|p1a: Landorus
|-damage|p1a: Landorus|0 fnt
|-hitcount|p1a: Landorus|1
|faint|p1a: Landorus
|
|-weather|Sandstorm|[upkeep]
|-damage|p2a: Breloom|76/100|[from] Sandstorm
|upkeep
|
|switch|p1a: Alakazam|Alakazam, M|100/100
|turn|9
|
|move|p2a: Breloom|Mach Punch|p1a: Alakazam
|-enditem|p2a: Breloom|Fighting Gem|[from] gem|[move] Mach Punch
|-resisted|p1a: Alakazam
|-damage|p1a: Alakazam|3/100
|move|p1a: Alakazam|Psychic|p2a: Breloom
|-supereffective|p2a: Breloom
|-damage|p2a: Breloom|0 fnt
|faint|p2a: Breloom
|
|-weather|Sandstorm|[upkeep]
|upkeep
|
|switch|p2a: Excadrill|Excadrill, M|100/100
|-damage|p2a: Excadrill|97/100|[from] Stealth Rock
|-ability|p2a: Excadrill|Mold Breaker
|turn|10
|
|switch|p1a: Keldeo|Keldeo|100/100
|-damage|p1a: Keldeo|84/100|[from] Spikes
|-damage|p1a: Keldeo|78/100|[from] Stealth Rock
|move|p2a: Excadrill|Rapid Spin|p1a: Keldeo
|-damage|p1a: Keldeo|68/100
|-sideend|p2: buyi ygf|Stealth Rock|[from] move: Rapid Spin|[of] p2a: Excadrill
|
|-weather|Sandstorm|[upkeep]
|-damage|p1a: Keldeo|62/100|[from] Sandstorm
|upkeep
|turn|11
|
|switch|p2a: Dragonite|Dragonite, F|100/100
|move|p1a: Keldeo|Surf|p2a: Dragonite
|-resisted|p2a: Dragonite
|-damage|p2a: Dragonite|80/100
|
|-weather|Sandstorm|[upkeep]
|-damage|p1a: Keldeo|56/100|[from] Sandstorm
|-damage|p2a: Dragonite|74/100|[from] Sandstorm
|upkeep
|turn|12
|
|move|p1a: Keldeo|Surf|p2a: Dragonite
|-resisted|p2a: Dragonite
|-damage|p2a: Dragonite|37/100
|move|p2a: Dragonite|Dragon Dance|p2a: Dragonite
|-boost|p2a: Dragonite|atk|1
|-boost|p2a: Dragonite|spe|1
|
|-weather|Sandstorm|[upkeep]
|-damage|p2a: Dragonite|31/100|[from] Sandstorm
|-damage|p1a: Keldeo|49/100|[from] Sandstorm
|upkeep
|turn|13
|
|switch|p1a: Skarmory|Skarmory, M|100/100
|-damage|p1a: Skarmory|88/100|[from] Stealth Rock
|move|p2a: Dragonite|Outrage|p1a: Skarmory
|-resisted|p1a: Skarmory
|-damage|p1a: Skarmory|51/100
|
|-weather|Sandstorm|[upkeep]
|-damage|p2a: Dragonite|25/100|[from] Sandstorm
|-heal|p1a: Skarmory|57/100|[from] item: Leftovers
|upkeep
|turn|14
|
|move|p2a: Dragonite|Outrage|p1a: Skarmory|[from]lockedmove
|-resisted|p1a: Skarmory
|-damage|p1a: Skarmory|19/100
|move|p1a: Skarmory|Roost|p1a: Skarmory
|-heal|p1a: Skarmory|69/100
|
|-weather|Sandstorm|[upkeep]
|-damage|p2a: Dragonite|19/100|[from] Sandstorm
|-heal|p1a: Skarmory|75/100|[from] item: Leftovers
|upkeep
|turn|15
|
|move|p2a: Dragonite|Outrage|p1a: Skarmory|[from]lockedmove
|-resisted|p1a: Skarmory
|-damage|p1a: Skarmory|35/100
|-start|p2a: Dragonite|confusion|[fatigue]
|-enditem|p2a: Dragonite|Lum Berry|[eat]
|-end|p2a: Dragonite|confusion
|move|p1a: Skarmory|Roost|p1a: Skarmory
|-heal|p1a: Skarmory|85/100
|
|-weather|Sandstorm|[upkeep]
|-damage|p2a: Dragonite|13/100|[from] Sandstorm
|-heal|p1a: Skarmory|91/100|[from] item: Leftovers
|upkeep
|turn|16
|
|move|p2a: Dragonite|Fire Punch|p1a: Skarmory
|-supereffective|p1a: Skarmory
|-damage|p1a: Skarmory|21/100
|move|p1a: Skarmory|Roost|p1a: Skarmory
|-heal|p1a: Skarmory|71/100
|
|-weather|Sandstorm|[upkeep]
|-damage|p2a: Dragonite|6/100|[from] Sandstorm
|-heal|p1a: Skarmory|77/100|[from] item: Leftovers
|upkeep
|turn|17
|inactive|Bark psychosis has 135 seconds left.
|
|move|p2a: Dragonite|Fire Punch|p1a: Skarmory
|-supereffective|p1a: Skarmory
|-damage|p1a: Skarmory|12/100
|move|p1a: Skarmory|Roost|p1a: Skarmory
|-heal|p1a: Skarmory|62/100
|
|-weather|Sandstorm|[upkeep]
|-damage|p2a: Dragonite|0 fnt|[from] Sandstorm
|-heal|p1a: Skarmory|68/100|[from] item: Leftovers
|upkeep
|faint|p2a: Dragonite
|
|switch|p2a: Volcarona|Volcarona, F|100/100
|turn|18
|inactive|Bark psychosis has 135 seconds left.
|
|switch|p1a: Amoonguss|Amoonguss, F|100/100 slp
|-damage|p1a: Amoonguss|88/100 slp|[from] Stealth Rock
|-damage|p1a: Amoonguss|71/100 slp|[from] Spikes
|move|p2a: Volcarona|Quiver Dance|p2a: Volcarona
|-boost|p2a: Volcarona|spa|1
|-boost|p2a: Volcarona|spd|1
|-boost|p2a: Volcarona|spe|1
|
|-weather|Sandstorm|[upkeep]
|-damage|p2a: Volcarona|94/100|[from] Sandstorm
|-damage|p1a: Amoonguss|65/100 slp|[from] Sandstorm
|-heal|p2a: Volcarona|100/100|[from] item: Leftovers
|-heal|p1a: Amoonguss|71/100 slp|[from] item: Black Sludge
|upkeep
|turn|19
|-message|Bark psychosis forfeited.
|
|win|buyi ygf
|l|☆Bark psychosis
|raw|Bark psychosis's rating: 1435 &rarr; <strong>1413</strong><br />(-22 for losing)
|raw|buyi ygf's rating: 1415 &rarr; <strong>1436</strong><br />(+21 for winning)
|l|☆buyi ygf
|j|☆buyi ygf
