|j|☆anglemort33
|j|☆whatsanairport
|t:|1723650400
|gametype|singles
|player|p1|anglemort33|101|1365
|player|p2|whatsanairport|102|1384
|teamsize|p1|6
|teamsize|p2|6
|gen|5
|tier|[Gen 5] OU
|rated|
|rule|Species Clause: Limit one of each Pokémon
|rule|OHKO Clause: OHKO moves are banned
|rule|Moody Clause: Moody is banned
|rule|Evasion Items Clause: Evasion items are banned
|rule|Evasion Moves Clause: Evasion moves are banned
|rule|Endless Battle Clause: Forcing endless battles is banned
|rule|HP Percentage Mod: HP is shown in percentages
|rule|Evasion Abilities Clause: Evasion abilities are banned
|rule|Sleep Moves Clause: Sleep-inducing moves are banned
|rule|Swagger Clause: Swagger is banned
|rule|Baton Pass Stat Clause: No Baton Passer may have a way to boost its stats
|clearpoke
|poke|p1|Tyranitar, M|item
|poke|p1|Skarmory, F|item
|poke|p1|Jellicent, F|item
|poke|p1|Latios, M|item
|poke|p1|Alakazam, M|item
|poke|p1|Gliscor, F|item
|poke|p2|Politoed, M|item
|poke|p2|Jirachi|item
|poke|p2|Jellicent, F|item
|poke|p2|Haxorus, F|item
|poke|p2|Ferrothorn, M|item
|poke|p2|Keldeo|item
|teampreview
|inactive|Battle timer is ON: inactive players will automatically lose when time's up. (requested by whatsanairport)
|inactive|anglemort33 has 120 seconds left.
|
|t:|1723650486
|start
|switch|p1a: Gliscor|Gliscor, F|100/100
|switch|p2a: Keldeo|Keldeo|100/100
|turn|1
|
|t:|1723650502
|move|p1a: Gliscor|Protect|p1a: Gliscor
|-singleturn|p1a: Gliscor|Protect
|move|p2a: Keldeo|Surf|p1a: Gliscor
|-activate|p1a: Gliscor|move: Protect
|
|-status|p1a: Gliscor|tox|[from] item: Toxic Orb
|upkeep
|turn|2
|inactive|whatsanairport has 120 seconds left.
|
|t:|1723650528
|switch|p1a: Latios|Latios, M|100/100
|move|p2a: Keldeo|Surf|p1a: Latios
|-resisted|p1a: Latios
|-damage|p1a: Latios|76/100
|
|upkeep
|turn|3
|
|t:|1723650544
|switch|p2a: Ferrothorn|Ferrothorn, M|100/100
|move|p1a: Latios|Hidden Power|p2a: Ferrothorn
|-supereffective|p2a: Ferrothorn
|-damage|p2a: Ferrothorn|30/100
|
|-heal|p2a: Ferrothorn|36/100|[from] item: Leftovers
|upkeep
|turn|4
|
|t:|1723650556
|switch|p2a: Politoed|Politoed, M|100/100
|-weather|RainDance|[from] ability: Drizzle|[of] p2a: Politoed
|move|p1a: Latios|Draco Meteor|p2a: Politoed
|-damage|p2a: Politoed|36/100
|-unboost|p1a: Latios|spa|2
|
|-weather|RainDance|[upkeep]
|-heal|p2a: Politoed|43/100|[from] item: Leftovers
|upkeep
|turn|5
|inactive|anglemort33 has 120 seconds left.
|
|t:|1723650581
|switch|p1a: Jellicent|Jellicent, F|100/100
|move|p2a: Politoed|Toxic|p1a: Jellicent
|-status|p1a: Jellicent|tox
|
|-weather|RainDance|[upkeep]
|-heal|p2a: Politoed|49/100|[from] item: Leftovers
|-damage|p1a: Jellicent|94/100 tox|[from] psn
|upkeep
|turn|6
|inactive|anglemort33 has 120 seconds left.
|
|t:|1723650592
|move|p2a: Politoed|Protect|p2a: Politoed
|-singleturn|p2a: Politoed|Protect
|move|p1a: Jellicent|Taunt|p2a: Politoed
|-activate|p2a: Politoed|move: Protect
|
|-weather|RainDance|[upkeep]
|-heal|p1a: Jellicent|100/100 tox|[from] item: Leftovers
|-heal|p2a: Politoed|55/100|[from] item: Leftovers
|-damage|p1a: Jellicent|88/100 tox|[from] psn
|upkeep
|turn|7
|inactive|anglemort33 has 120 seconds left.
|
|t:|1723650608
|switch|p1a: Tyranitar|Tyranitar, M|100/100
|-weather|Sandstorm|[from] ability: Sand Stream|[of] p1a: Tyranitar
|switch|p2a: Jirachi|Jirachi|100/100
|
|-weather|Sandstorm|[upkeep]
|upkeep
|turn|8
|inactive|anglemort33 has 120 seconds left.
|inactive|whatsanairport has 120 seconds left.
|
|t:|1723650636
|switch|p2a: Haxorus|Haxorus, F|100/100
|-ability|p2a: Haxorus|Mold Breaker
|switch|p1a: Skarmory|Skarmory, F|100/100
|
|-weather|Sandstorm|[upkeep]
|-damage|p2a: Haxorus|94/100|[from] Sandstorm
|upkeep
|turn|9
|j| Aomine10
|inactive|anglemort33 has 90 seconds left.
|
|t:|1723650678
|switch|p2a: Ferrothorn|Ferrothorn, M|36/100
|move|p1a: Skarmory|Spikes|p2a: Ferrothorn
|-sidestart|p2: whatsanairport|Spikes
|
|-weather|Sandstorm|[upkeep]
|-heal|p2a: Ferrothorn|43/100|[from] item: Leftovers
|upkeep
|turn|10
|
|t:|1723650699
|switch|p1a: Gliscor|Gliscor, F|100/100 tox
|move|p2a: Ferrothorn|Leech Seed|p1a: Gliscor
|-start|p1a: Gliscor|move: Leech Seed
|
|-weather|Sandstorm|[upkeep]
|-heal|p2a: Ferrothorn|49/100|[from] item: Leftovers
|-damage|p1a: Gliscor|88/100 tox|[from] Leech Seed|[of] p2a: Ferrothorn
|-heal|p2a: Ferrothorn|61/100|[silent]
|-heal|p1a: Gliscor|100/100 tox|[from] ability: Poison Heal
|upkeep
|turn|11
|inactive|whatsanairport has 120 seconds left.
|
|t:|1723650709
|move|p1a: Gliscor|Stealth Rock|p2a: Ferrothorn
|-sidestart|p2: whatsanairport|move: Stealth Rock
|move|p2a: Ferrothorn|Stealth Rock|p1a: Gliscor
|-sidestart|p1: anglemort33|move: Stealth Rock
|
|-weather|Sandstorm|[upkeep]
|-heal|p2a: Ferrothorn|68/100|[from] item: Leftovers
|-damage|p1a: Gliscor|88/100 tox|[from] Leech Seed|[of] p2a: Ferrothorn
|-heal|p2a: Ferrothorn|80/100|[silent]
|-heal|p1a: Gliscor|100/100 tox|[from] ability: Poison Heal
|upkeep
|turn|12
|
|t:|1723650723
|move|p1a: Gliscor|U-turn|p2a: Ferrothorn
|-damage|p2a: Ferrothorn|70/100
|-damage|p1a: Gliscor|88/100 tox|[from] ability: Iron Barbs|[of] p2a: Ferrothorn
|
|t:|1723650730
|switch|p1a: Skarmory|Skarmory, F|100/100|[from] U-turn
|-damage|p1a: Skarmory|88/100|[from] Stealth Rock
|move|p2a: Ferrothorn|Power Whip|p1a: Skarmory
|-resisted|p1a: Skarmory
|-damage|p1a: Skarmory|80/100
|
|-weather|Sandstorm|[upkeep]
|-heal|p1a: Skarmory|86/100|[from] item: Leftovers
|-heal|p2a: Ferrothorn|76/100|[from] item: Leftovers
|upkeep
|turn|13
|
|t:|1723650750
|move|p2a: Ferrothorn|Leech Seed|p1a: Skarmory
|-start|p1a: Skarmory|move: Leech Seed
|move|p1a: Skarmory|Whirlwind|p2a: Ferrothorn
|drag|p2a: Jirachi|Jirachi|100/100
|-damage|p2a: Jirachi|88/100|[from] Spikes
|-damage|p2a: Jirachi|82/100|[from] Stealth Rock
|
|-weather|Sandstorm|[upkeep]
|-heal|p2a: Jirachi|88/100|[from] item: Leftovers
|-heal|p1a: Skarmory|92/100|[from] item: Leftovers
|-damage|p1a: Skarmory|80/100|[from] Leech Seed|[of] p2a: Jirachi
|-heal|p2a: Jirachi|98/100|[silent]
|upkeep
|turn|14
|
|t:|1723650768
|move|p2a: Jirachi|Thunder|p1a: Skarmory
|-supereffective|p1a: Skarmory
|-damage|p1a: Skarmory|32/100
|-status|p1a: Skarmory|par
|move|p1a: Skarmory|Whirlwind|p2a: Jirachi
|drag|p2a: Ferrothorn|Ferrothorn, M|76/100
|-damage|p2a: Ferrothorn|64/100|[from] Spikes
|-damage|p2a: Ferrothorn|58/100|[from] Stealth Rock
|
|-weather|Sandstorm|[upkeep]
|-heal|p2a: Ferrothorn|64/100|[from] item: Leftovers
|-heal|p1a: Skarmory|38/100 par|[from] item: Leftovers
|-damage|p1a: Skarmory|26/100 par|[from] Leech Seed|[of] p2a: Ferrothorn
|-heal|p2a: Ferrothorn|75/100|[silent]
|upkeep
|turn|15
|inactive|anglemort33 has 60 seconds left.
|inactive|whatsanairport has 120 seconds left.
|
|t:|1723650792
|switch|p2a: Jirachi|Jirachi|98/100
|-damage|p2a: Jirachi|86/100|[from] Spikes
|-damage|p2a: Jirachi|80/100|[from] Stealth Rock
|switch|p1a: Latios|Latios, M|76/100
|-damage|p1a: Latios|64/100|[from] Stealth Rock
|
|-weather|Sandstorm|[upkeep]
|-damage|p1a: Latios|58/100|[from] Sandstorm
|-heal|p2a: Jirachi|86/100|[from] item: Leftovers
|upkeep
|turn|16
|inactive|anglemort33 has 60 seconds left.
|inactive|whatsanairport has 120 seconds left.
|
|t:|1723650810
|move|p1a: Latios|Hidden Power|p2a: Jirachi
|-supereffective|p2a: Jirachi
|-damage|p2a: Jirachi|42/100
|move|p2a: Jirachi|Psychic|p1a: Latios
|-resisted|p1a: Latios
|-damage|p1a: Latios|42/100
|-unboost|p1a: Latios|spd|1
|
|-weather|Sandstorm|[upkeep]
|-damage|p1a: Latios|36/100|[from] Sandstorm
|-heal|p2a: Jirachi|48/100|[from] item: Leftovers
|upkeep
|turn|17
|inactive|whatsanairport has 120 seconds left.
|inactive|anglemort33 has 60 seconds left.
|
|t:|1723650824
|move|p1a: Latios|Hidden Power|p2a: Jirachi
|-supereffective|p2a: Jirachi
|-damage|p2a: Jirachi|9/100
|move|p2a: Jirachi|Thunder|p1a: Latios
|-resisted|p1a: Latios
|-damage|p1a: Latios|14/100
|
|-weather|Sandstorm|[upkeep]
|-damage|p1a: Latios|8/100|[from] Sandstorm
|-heal|p2a: Jirachi|16/100|[from] item: Leftovers
|upkeep
|turn|18
|inactive|whatsanairport has 120 seconds left.
|inactive|anglemort33 has 60 seconds left.
|
|t:|1723650839
|move|p1a: Latios|Recover|p1a: Latios
|-heal|p1a: Latios|59/100
|move|p2a: Jirachi|Psychic|p1a: Latios
|-resisted|p1a: Latios
|-damage|p1a: Latios|36/100
|-unboost|p1a: Latios|spd|1
|
|-weather|Sandstorm|[upkeep]
|-damage|p1a: Latios|30/100|[from] Sandstorm
|-heal|p2a: Jirachi|22/100|[from] item: Leftovers
|upkeep
|turn|19
|inactive|whatsanairport has 120 seconds left.
|
|t:|1723650848
|move|p1a: Latios|Hidden Power|p2a: Jirachi
|-supereffective|p2a: Jirachi
|-crit|p2a: Jirachi
|-damage|p2a: Jirachi|0 fnt
|faint|p2a: Jirachi
|
|-weather|Sandstorm|[upkeep]
|-damage|p1a: Latios|24/100|[from] Sandstorm
|upkeep
|inactive|whatsanairport has 120 seconds left.
|
|t:|1723650859
|switch|p2a: Keldeo|Keldeo|100/100
|-damage|p2a: Keldeo|88/100|[from] Spikes
|-damage|p2a: Keldeo|82/100|[from] Stealth Rock
|turn|20
|inactive|whatsanairport has 120 seconds left.
|
|t:|1723650873
|switch|p1a: Skarmory|Skarmory, F|26/100 par
|-damage|p1a: Skarmory|14/100 par|[from] Stealth Rock
|move|p2a: Keldeo|Surf|p1a: Skarmory
|-damage|p1a: Skarmory|0 fnt
|faint|p1a: Skarmory
|
|-weather|Sandstorm|[upkeep]
|-damage|p2a: Keldeo|76/100|[from] Sandstorm
|upkeep
|inactive|anglemort33 has 60 seconds left.
|
|t:|1723650889
|switch|p1a: Jellicent|Jellicent, F|88/100 tox
|-damage|p1a: Jellicent|76/100 tox|[from] Stealth Rock
|turn|21
|inactive|whatsanairport has 120 seconds left.
|
|t:|1723650907
|switch|p2a: Jellicent|Jellicent, F|100/100
|-damage|p2a: Jellicent|88/100|[from] Spikes
|-damage|p2a: Jellicent|76/100|[from] Stealth Rock
|move|p1a: Jellicent|Will-O-Wisp|p2a: Jellicent
|-status|p2a: Jellicent|brn
|
|-weather|Sandstorm|[upkeep]
|-damage|p1a: Jellicent|69/100 tox|[from] Sandstorm
|-damage|p2a: Jellicent|69/100 brn|[from] Sandstorm
|-heal|p1a: Jellicent|76/100 tox|[from] item: Leftovers
|-heal|p2a: Jellicent|76/100 brn|[from] item: Leftovers
|-damage|p1a: Jellicent|69/100 tox|[from] psn
|-damage|p2a: Jellicent|63/100 brn|[from] brn
|upkeep
|turn|22
|inactive|whatsanairport has 120 seconds left.
|
|t:|1723650922
|move|p1a: Jellicent|Taunt|p2a: Jellicent
|-start|p2a: Jellicent|move: Taunt
|cant|p2a: Jellicent|move: Taunt|Taunt
|
|-weather|Sandstorm|[upkeep]
|-damage|p1a: Jellicent|63/100 tox|[from] Sandstorm
|-damage|p2a: Jellicent|57/100 brn|[from] Sandstorm
|-heal|p1a: Jellicent|69/100 tox|[from] item: Leftovers
|-heal|p2a: Jellicent|63/100 brn|[from] item: Leftovers
|-damage|p1a: Jellicent|57/100 tox|[from] psn
|-damage|p2a: Jellicent|51/100 brn|[from] brn
|upkeep
|turn|23
|inactive|whatsanairport has 120 seconds left.
|inactive|anglemort33 has 60 seconds left.
|
|t:|1723650940
|move|p1a: Jellicent|Night Shade|p2a: Jellicent
|-damage|p2a: Jellicent|26/100 brn
|move|p2a: Jellicent|Night Shade|p1a: Jellicent
|-damage|p1a: Jellicent|32/100 tox
|
|-weather|Sandstorm|[upkeep]
|-damage|p1a: Jellicent|26/100 tox|[from] Sandstorm
|-damage|p2a: Jellicent|20/100 brn|[from] Sandstorm
|-heal|p1a: Jellicent|32/100 tox|[from] item: Leftovers
|-heal|p2a: Jellicent|26/100 brn|[from] item: Leftovers
|-damage|p1a: Jellicent|14/100 tox|[from] psn
|-damage|p2a: Jellicent|14/100 brn|[from] brn
|upkeep
|turn|24
|inactive|whatsanairport has 120 seconds left.
|
|t:|1723650952
|move|p1a: Jellicent|Night Shade|p2a: Jellicent
|-damage|p2a: Jellicent|0 fnt
|faint|p2a: Jellicent
|
|-weather|Sandstorm|[upkeep]
|-damage|p1a: Jellicent|7/100 tox|[from] Sandstorm
|-heal|p1a: Jellicent|14/100 tox|[from] item: Leftovers
|-damage|p1a: Jellicent|0 fnt|[from] psn
|faint|p1a: Jellicent
|upkeep
|inactive|whatsanairport has 120 seconds left.
|inactive|anglemort33 has 60 seconds left.
|
|t:|1723650982
|switch|p1a: Alakazam|Alakazam, M|100/100
|switch|p2a: Politoed|Politoed, M|55/100
|-damage|p2a: Politoed|43/100|[from] Spikes
|-damage|p2a: Politoed|30/100|[from] Stealth Rock
|-weather|RainDance|[from] ability: Drizzle|[of] p2a: Politoed
|turn|25
|
|t:|1723651002
|move|p2a: Politoed|Protect|p2a: Politoed
|-singleturn|p2a: Politoed|Protect
|move|p1a: Alakazam|Grass Knot|p2a: Politoed
|-activate|p2a: Politoed|move: Protect
|
|-weather|RainDance|[upkeep]
|-heal|p2a: Politoed|36/100|[from] item: Leftovers
|upkeep
|turn|26
|
|t:|1723651014
|switch|p2a: Ferrothorn|Ferrothorn, M|75/100
|-damage|p2a: Ferrothorn|63/100|[from] Spikes
|-damage|p2a: Ferrothorn|57/100|[from] Stealth Rock
|move|p1a: Alakazam|Grass Knot|p2a: Ferrothorn
|-resisted|p2a: Ferrothorn
|-damage|p2a: Ferrothorn|50/100
|
|-weather|RainDance|[upkeep]
|-heal|p2a: Ferrothorn|57/100|[from] item: Leftovers
|upkeep
|turn|27
|
|t:|1723651038
|switch|p1a: Tyranitar|Tyranitar, M|100/100
|-damage|p1a: Tyranitar|88/100|[from] Stealth Rock
|-weather|Sandstorm|[from] ability: Sand Stream|[of] p1a: Tyranitar
|move|p2a: Ferrothorn|Gyro Ball|p1a: Tyranitar
|-supereffective|p1a: Tyranitar
|-damage|p1a: Tyranitar|43/100
|
|-weather|Sandstorm|[upkeep]
|-heal|p2a: Ferrothorn|63/100|[from] item: Leftovers
|upkeep
|turn|28
|inactive|anglemort33 has 30 seconds left.
|
|t:|1723651062
|move|p1a: Tyranitar|Superpower|p2a: Ferrothorn
|-supereffective|p2a: Ferrothorn
|-damage|p2a: Ferrothorn|8/100
|-unboost|p1a: Tyranitar|atk|1
|-unboost|p1a: Tyranitar|def|1
|-damage|p1a: Tyranitar|31/100|[from] ability: Iron Barbs|[of] p2a: Ferrothorn
|move|p2a: Ferrothorn|Gyro Ball|p1a: Tyranitar
|-supereffective|p1a: Tyranitar
|-damage|p1a: Tyranitar|0 fnt
|faint|p1a: Tyranitar
|
|-weather|Sandstorm|[upkeep]
|-heal|p2a: Ferrothorn|14/100|[from] item: Leftovers
|upkeep
|inactive|anglemort33 has 30 seconds left.
|inactive|anglemort33 has 20 seconds left.
|inactive|anglemort33 has 15 seconds left.
|
|t:|1723651084
|switch|p1a: Alakazam|Alakazam, M|100/100
|turn|29
|inactive|anglemort33 has 25 seconds left this turn.
|
|t:|1723651087
|move|p1a: Alakazam|Psyshock|p2a: Ferrothorn
|-resisted|p2a: Ferrothorn
|-damage|p2a: Ferrothorn|0 fnt
|faint|p2a: Ferrothorn
|
|-weather|Sandstorm|[upkeep]
|upkeep
|inactive|anglemort33 has 30 seconds left this turn.
|
|t:|1723651094
|switch|p2a: Politoed|Politoed, M|36/100
|-damage|p2a: Politoed|24/100|[from] Spikes
|-damage|p2a: Politoed|11/100|[from] Stealth Rock
|-weather|RainDance|[from] ability: Drizzle|[of] p2a: Politoed
|turn|30
|inactive|anglemort33 has 30 seconds left.
|
|t:|1723651104
|move|p1a: Alakazam|Psyshock|p2a: Politoed
|-damage|p2a: Politoed|0 fnt
|faint|p2a: Politoed
|
|-weather|RainDance|[upkeep]
|upkeep
|
|t:|1723651110
|switch|p2a: Haxorus|Haxorus, F|94/100
|-damage|p2a: Haxorus|82/100|[from] Spikes
|-damage|p2a: Haxorus|70/100|[from] Stealth Rock
|-ability|p2a: Haxorus|Mold Breaker
|turn|31
|
|t:|1723651117
|move|p1a: Alakazam|Hidden Power|p2a: Haxorus
|-supereffective|p2a: Haxorus
|-damage|p2a: Haxorus|0 fnt
|faint|p2a: Haxorus
|
|-weather|RainDance|[upkeep]
|upkeep
|
|t:|1723651122
|switch|p2a: Keldeo|Keldeo|76/100
|-damage|p2a: Keldeo|63/100|[from] Spikes
|-damage|p2a: Keldeo|57/100|[from] Stealth Rock
|turn|32
|
|t:|1723651127
|move|p2a: Keldeo|Surf|p1a: Alakazam
|-enditem|p1a: Alakazam|Focus Sash
|-damage|p1a: Alakazam|1/100
|move|p1a: Alakazam|Psyshock|p2a: Keldeo
|-supereffective|p2a: Keldeo
|-crit|p2a: Keldeo
|-damage|p2a: Keldeo|0 fnt
|faint|p2a: Keldeo
|
|win|anglemort33
|raw|anglemort33's rating: 1365 &rarr; <strong>1386</strong><br />(+21 for winning)
|raw|whatsanairport's rating: 1384 &rarr; <strong>1363</strong><br />(-21 for losing)
|l|☆whatsanairport
|player|p2|
|c|☆anglemort33|ggs
