|uhtml|medal-msg|<div class="broadcast-blue">Curious what those medals under the avatar are? PS now has Ladder Seasons! For more information, check out the <a href="https://www.smogon.com/forums/threads/3740067/">thread on Smogon.</a></div>
|uhtml|medal-msg|<div class="broadcast-blue">Curious what those medals under the avatar are? PS now has Ladder Seasons! For more information, check out the <a href="https://www.smogon.com/forums/threads/3740067/">thread on Smogon.</a></div>
|j|☆BWC Radio Show
|j|☆Chomp29
|t:|1713841011
|gametype|singles
|player|p1|BWC Radio Show|oak-gen2|1459
|player|p2|Chomp29|lucas|1466
|teamsize|p1|6
|teamsize|p2|6
|gen|5
|tier|[Gen 5] OU
|rated|
|rule|Species Clause: Limit one of each Pokémon
|rule|OHKO Clause: OHKO moves are banned
|rule|Moody Clause: Moody is banned
|rule|Evasion Items Clause: Evasion items are banned
|rule|Evasion Moves Clause: Evasion moves are banned
|rule|Endless Battle Clause: Forcing endless battles is banned
|rule|HP Percentage Mod: HP is shown in percentages
|rule|Evasion Abilities Clause: Evasion abilities are banned
|rule|Sleep Moves Clause: Sleep-inducing moves are banned
|rule|Swagger Clause: Swagger is banned
|rule|Baton Pass Stat Clause: No Baton Passer may have a way to boost its stats
|clearpoke
|poke|p1|Landorus-Therian, M|item
|poke|p1|Ferrothorn, F|item
|poke|p1|Tyranitar, F|item
|poke|p1|Keldeo|item
|poke|p1|Latios, M|item
|poke|p1|Alakazam, F|item
|poke|p2|Aerodactyl, F|item
|poke|p2|Dragonite, M|item
|poke|p2|Starmie|item
|poke|p2|Conkeldurr, M|item
|poke|p2|Jirachi|item
|poke|p2|Cloyster, M|item
|teampreview
|l|☆Chomp29
|player|p2|
|inactive|Battle timer is ON: inactive players will automatically lose when time's up. (requested by BWC Radio Show)
|j|☆Chomp29
|inactive|Chomp29 reconnected and has 145 seconds left.
|player|p2|Chomp29|lucas|
|c|☆Chomp29|Gl
|inactive|Chomp29 has 120 seconds left.
|
|t:|1713841057
|start
|switch|p1a: Keldeo|Keldeo|100/100
|switch|p2a: Aerodactyl|Aerodactyl, F|100/100
|turn|1
|
|t:|1713841060
|move|p2a: Aerodactyl|Stealth Rock|p1a: Keldeo
|-sidestart|p1: BWC Radio Show|move: Stealth Rock
|move|p1a: Keldeo|Icy Wind|p2a: Aerodactyl|[miss]
|-miss|p1a: Keldeo|p2a: Aerodactyl
|
|upkeep
|turn|2
|
|t:|1713841064
|move|p2a: Aerodactyl|Double-Edge|p1a: Keldeo
|-damage|p1a: Keldeo|58/100
|move|p1a: Keldeo|Icy Wind|p2a: Aerodactyl
|-supereffective|p2a: Aerodactyl
|-damage|p2a: Aerodactyl|46/100
|-unboost|p2a: Aerodactyl|spe|1
|
|-heal|p1a: Keldeo|64/100|[from] item: Leftovers
|upkeep
|turn|3
|
|t:|1713841077
|move|p1a: Keldeo|Scald|p2a: Aerodactyl
|-supereffective|p2a: Aerodactyl
|-damage|p2a: Aerodactyl|0 fnt
|faint|p2a: Aerodactyl
|
|-heal|p1a: Keldeo|70/100|[from] item: Leftovers
|upkeep
|
|t:|1713841082
|switch|p2a: Conkeldurr|Conkeldurr, M|100/100
|turn|4
|
|t:|1713841085
|move|p1a: Keldeo|Scald|p2a: Conkeldurr
|-damage|p2a: Conkeldurr|62/100
|-status|p2a: Conkeldurr|brn
|move|p2a: Conkeldurr|Bulk Up|p2a: Conkeldurr
|-boost|p2a: Conkeldurr|atk|1
|-boost|p2a: Conkeldurr|def|1
|
|-heal|p1a: Keldeo|76/100|[from] item: Leftovers
|-heal|p2a: Conkeldurr|68/100 brn|[from] item: Leftovers
|-damage|p2a: Conkeldurr|55/100 brn|[from] brn
|upkeep
|turn|5
|
|t:|1713841091
|switch|p1a: Landorus|Landorus-Therian, M|100/100
|-damage|p1a: Landorus|88/100|[from] Stealth Rock
|-ability|p1a: Landorus|Intimidate|boost
|-unboost|p2a: Conkeldurr|atk|1
|move|p2a: Conkeldurr|Drain Punch|p1a: Landorus
|-resisted|p1a: Landorus
|-damage|p1a: Landorus|60/100
|-heal|p2a: Conkeldurr|69/100 brn|[from] drain|[of] p1a: Landorus
|
|-heal|p1a: Landorus|66/100|[from] item: Leftovers
|-heal|p2a: Conkeldurr|75/100 brn|[from] item: Leftovers
|-damage|p2a: Conkeldurr|63/100 brn|[from] brn
|upkeep
|turn|6
|
|t:|1713841098
|move|p1a: Landorus|Stealth Rock|p2a: Conkeldurr
|-sidestart|p2: Chomp29|move: Stealth Rock
|move|p2a: Conkeldurr|Bulk Up|p2a: Conkeldurr
|-boost|p2a: Conkeldurr|atk|1
|-boost|p2a: Conkeldurr|def|1
|
|-heal|p1a: Landorus|72/100|[from] item: Leftovers
|-heal|p2a: Conkeldurr|69/100 brn|[from] item: Leftovers
|-damage|p2a: Conkeldurr|56/100 brn|[from] brn
|upkeep
|turn|7
|
|t:|1713841104
|move|p1a: Landorus|Earthquake|p2a: Conkeldurr
|-damage|p2a: Conkeldurr|35/100 brn
|move|p2a: Conkeldurr|Drain Punch|p1a: Landorus
|-resisted|p1a: Landorus
|-damage|p1a: Landorus|26/100
|-heal|p2a: Conkeldurr|56/100 brn|[from] drain|[of] p1a: Landorus
|
|-heal|p1a: Landorus|32/100|[from] item: Leftovers
|-heal|p2a: Conkeldurr|62/100 brn|[from] item: Leftovers
|-damage|p2a: Conkeldurr|50/100 brn|[from] brn
|upkeep
|turn|8
|
|t:|1713841112
|move|p1a: Landorus|Earthquake|p2a: Conkeldurr
|-damage|p2a: Conkeldurr|28/100 brn
|move|p2a: Conkeldurr|Drain Punch|p1a: Landorus
|-resisted|p1a: Landorus
|-damage|p1a: Landorus|0 fnt
|-heal|p2a: Conkeldurr|43/100 brn|[from] drain|[of] p1a: Landorus
|faint|p1a: Landorus
|
|-heal|p2a: Conkeldurr|49/100 brn|[from] item: Leftovers
|-damage|p2a: Conkeldurr|37/100 brn|[from] brn
|upkeep
|
|t:|1713841120
|switch|p1a: Keldeo|Keldeo|76/100
|-damage|p1a: Keldeo|70/100|[from] Stealth Rock
|turn|9
|inactive|Chomp29 has 120 seconds left.
|
|t:|1713841178
|move|p1a: Keldeo|Scald|p2a: Conkeldurr
|-damage|p2a: Conkeldurr|2/100 brn
|move|p2a: Conkeldurr|Drain Punch|p1a: Keldeo
|-damage|p1a: Keldeo|0 fnt
|-heal|p2a: Conkeldurr|29/100 brn|[from] drain|[of] p1a: Keldeo
|faint|p1a: Keldeo
|
|-heal|p2a: Conkeldurr|36/100 brn|[from] item: Leftovers
|-damage|p2a: Conkeldurr|23/100 brn|[from] brn
|upkeep
|
|t:|1713841184
|switch|p1a: Alakazam|Alakazam, F|100/100
|turn|10
|
|t:|1713841186
|move|p2a: Conkeldurr|Mach Punch|p1a: Alakazam
|-resisted|p1a: Alakazam
|-damage|p1a: Alakazam|45/100
|move|p1a: Alakazam|Psyshock|p2a: Conkeldurr
|-supereffective|p2a: Conkeldurr
|-damage|p2a: Conkeldurr|0 fnt
|faint|p2a: Conkeldurr
|
|upkeep
|
|t:|1713841188
|switch|p2a: Jirachi|Jirachi|100/100
|-damage|p2a: Jirachi|94/100|[from] Stealth Rock
|turn|11
|
|t:|1713841191
|switch|p1a: Ferrothorn|Ferrothorn, F|100/100
|-damage|p1a: Ferrothorn|95/100|[from] Stealth Rock
|move|p2a: Jirachi|Fire Punch|p1a: Ferrothorn
|-supereffective|p1a: Ferrothorn
|-damage|p1a: Ferrothorn|25/100
|-damage|p2a: Jirachi|82/100|[from] ability: Iron Barbs|[of] p1a: Ferrothorn
|
|upkeep
|turn|12
|
|t:|1713841196
|switch|p1a: Tyranitar|Tyranitar, F|100/100
|-damage|p1a: Tyranitar|88/100|[from] Stealth Rock
|-weather|Sandstorm|[from] ability: Sand Stream|[of] p1a: Tyranitar
|move|p2a: Jirachi|Fire Punch|p1a: Tyranitar
|-resisted|p1a: Tyranitar
|-damage|p1a: Tyranitar|80/100
|
|-weather|Sandstorm|[upkeep]
|upkeep
|turn|13
|inactive|Chomp29 has 120 seconds left.
|
|t:|1713841242
|-activate|p2a: Jirachi|move: Pursuit
|move|p1a: Tyranitar|Pursuit|p2a: Jirachi|[from]Pursuit
|-damage|p2a: Jirachi|47/100
|switch|p2a: Dragonite|Dragonite, M|100/100
|-damage|p2a: Dragonite|75/100|[from] Stealth Rock
|
|-weather|Sandstorm|[upkeep]
|-damage|p2a: Dragonite|69/100|[from] Sandstorm
|-heal|p2a: Dragonite|75/100|[from] item: Leftovers
|upkeep
|turn|14
|
|t:|1713841247
|move|p2a: Dragonite|Outrage|p1a: Tyranitar
|-damage|p1a: Tyranitar|31/100
|move|p1a: Tyranitar|Thunder Wave|p2a: Dragonite
|-status|p2a: Dragonite|par
|
|-weather|Sandstorm|[upkeep]
|-damage|p2a: Dragonite|69/100 par|[from] Sandstorm
|-heal|p2a: Dragonite|75/100 par|[from] item: Leftovers
|upkeep
|turn|15
|
|t:|1713841249
|switch|p1a: Ferrothorn|Ferrothorn, F|25/100
|-damage|p1a: Ferrothorn|19/100|[from] Stealth Rock
|move|p2a: Dragonite|Outrage|p1a: Ferrothorn|[from]lockedmove
|-resisted|p1a: Ferrothorn
|-damage|p1a: Ferrothorn|0 fnt
|-damage|p2a: Dragonite|63/100 par|[from] ability: Iron Barbs|[of] p1a: Ferrothorn
|faint|p1a: Ferrothorn
|
|-weather|Sandstorm|[upkeep]
|-damage|p2a: Dragonite|57/100 par|[from] Sandstorm
|-heal|p2a: Dragonite|63/100 par|[from] item: Leftovers
|upkeep
|
|t:|1713841262
|switch|p1a: Tyranitar|Tyranitar, F|31/100
|-damage|p1a: Tyranitar|19/100|[from] Stealth Rock
|turn|16
|
|t:|1713841266
|move|p1a: Tyranitar|Crunch|p2a: Dragonite
|-crit|p2a: Dragonite
|-damage|p2a: Dragonite|0 fnt
|faint|p2a: Dragonite
|
|-weather|Sandstorm|[upkeep]
|upkeep
|inactive|Chomp29 has 120 seconds left.
|
|t:|1713841288
|switch|p2a: Starmie|Starmie|100/100
|-damage|p2a: Starmie|88/100|[from] Stealth Rock
|-item|p2a: Starmie|Air Balloon
|turn|17
|
|t:|1713841292
|move|p2a: Starmie|Rapid Spin|p1a: Tyranitar
|-resisted|p1a: Tyranitar
|-damage|p1a: Tyranitar|18/100
|-sideend|p2: Chomp29|Stealth Rock|[from] move: Rapid Spin|[of] p2a: Starmie
|move|p1a: Tyranitar|Crunch|p2a: Starmie
|-supereffective|p2a: Starmie
|-damage|p2a: Starmie|0 fnt
|-enditem|p2a: Starmie|Air Balloon
|faint|p2a: Starmie
|
|-weather|Sandstorm|[upkeep]
|upkeep
|
|t:|1713841297
|switch|p2a: Cloyster|Cloyster, M|100/100
|turn|18
|
|t:|1713841301
|move|p2a: Cloyster|Shell Smash|p2a: Cloyster
|-unboost|p2a: Cloyster|def|1
|-unboost|p2a: Cloyster|spd|1
|-boost|p2a: Cloyster|atk|2
|-boost|p2a: Cloyster|spa|2
|-boost|p2a: Cloyster|spe|2
|move|p1a: Tyranitar|Thunder Wave|p2a: Cloyster
|-status|p2a: Cloyster|par
|
|-weather|Sandstorm|[upkeep]
|-damage|p2a: Cloyster|95/100 par|[from] Sandstorm
|upkeep
|turn|19
|
|t:|1713841306
|move|p2a: Cloyster|Ice Shard|p1a: Tyranitar
|-damage|p1a: Tyranitar|0 fnt
|faint|p1a: Tyranitar
|
|-weather|Sandstorm|[upkeep]
|-damage|p2a: Cloyster|89/100 par|[from] Sandstorm
|upkeep
|
|t:|1713841309
|switch|p1a: Alakazam|Alakazam, F|45/100
|turn|20
|
|t:|1713841312
|move|p2a: Cloyster|Ice Shard|p1a: Alakazam
|-damage|p1a: Alakazam|0 fnt
|faint|p1a: Alakazam
|
|-weather|Sandstorm|[upkeep]
|-damage|p2a: Cloyster|83/100 par|[from] Sandstorm
|upkeep
|
|t:|1713841314
|switch|p1a: Latios|Latios, M|100/100
|-damage|p1a: Latios|88/100|[from] Stealth Rock
|turn|21
|
|t:|1713841315
|move|p2a: Cloyster|Ice Shard|p1a: Latios
|-supereffective|p1a: Latios
|-damage|p1a: Latios|0 fnt
|faint|p1a: Latios
|
|win|Chomp29
|raw|BWC Radio Show's rating: 1459 &rarr; <strong>1439</strong><br />(-20 for losing)
|raw|Chomp29's rating: 1466 &rarr; <strong>1486</strong><br />(+20 for winning)
|l|☆BWC Radio Show
|player|p1|
