|j|☆el janitor
|j|☆Alexia B.
|t:|1747014181
|gametype|singles
|player|p1|el janitor|1|1390
|player|p2|Alexia B.|cynthia|1444
|teamsize|p1|6
|teamsize|p2|6
|gen|5
|tier|[Gen 5] OU
|rated|
|rule|Species Clause: Limit one of each Pokémon
|rule|OHKO Clause: OHKO moves are banned
|rule|Moody Clause: Moody is banned
|rule|Evasion Items Clause: Evasion items are banned
|rule|Evasion Moves Clause: Evasion moves are banned
|rule|Endless Battle Clause: Forcing endless battles is banned
|rule|HP Percentage Mod: HP is shown in percentages
|rule|Evasion Abilities Clause: Evasion abilities are banned
|rule|Sleep Moves Clause: Sleep-inducing moves are banned
|rule|Swagger Clause: Swagger is banned
|rule|Baton Pass Stat Clause: No Baton Passer may have a way to boost its stats
|clearpoke
|poke|p1|Azelf|item
|poke|p1|Celebi|item
|poke|p1|Heatran, F|item
|poke|p1|Excadrill, F|item
|poke|p1|Zapdos|item
|poke|p1|Breloom, F|item
|poke|p2|Skarmory, F|item
|poke|p2|Chansey, F|item
|poke|p2|Gliscor, M|item
|poke|p2|Jirachi|item
|poke|p2|Jellicent, F|item
|poke|p2|Tentacruel, F|item
|teampreview
|inactive|Battle timer is ON: inactive players will automatically lose when time's up. (requested by el janitor)
|
|t:|1747014199
|start
|switch|p1a: Heatran|Heatran, F|100/100
|switch|p2a: Jirachi|Jirachi|100/100
|turn|1
|c|☆el janitor|disgusting
|
|t:|1747014205
|move|p2a: Jirachi|U-turn|p1a: Heatran
|-resisted|p1a: Heatran
|-damage|p1a: Heatran|96/100
|
|t:|1747014209
|switch|p2a: Chansey|Chansey, F|100/100|[from] U-turn
|move|p1a: Heatran|Magma Storm|p2a: Chansey
|-damage|p2a: Chansey|83/100
|-activate|p2a: Chansey|move: Magma Storm|[of] p1a: Heatran
|
|-heal|p1a: Heatran|100/100|[from] item: Leftovers
|-damage|p2a: Chansey|77/100|[from] move: Magma Storm|[partiallytrapped]
|upkeep
|turn|2
|
|t:|1747014213
|move|p1a: Heatran|Toxic|p2a: Chansey
|-status|p2a: Chansey|tox
|move|p2a: Chansey|Seismic Toss|p1a: Heatran
|-damage|p1a: Heatran|75/100
|
|-heal|p1a: Heatran|81/100|[from] item: Leftovers
|-damage|p2a: Chansey|71/100 tox|[from] psn
|-damage|p2a: Chansey|65/100 tox|[from] move: Magma Storm|[partiallytrapped]
|upkeep
|turn|3
|
|t:|1747014217
|move|p1a: Heatran|Earth Power|p2a: Chansey
|-damage|p2a: Chansey|56/100 tox
|move|p2a: Chansey|Stealth Rock|p1a: Heatran
|-sidestart|p1: el janitor|move: Stealth Rock
|
|-heal|p1a: Heatran|87/100|[from] item: Leftovers
|-damage|p2a: Chansey|44/100 tox|[from] psn
|-damage|p2a: Chansey|38/100 tox|[from] move: Magma Storm|[partiallytrapped]
|upkeep
|turn|4
|
|t:|1747014220
|move|p1a: Heatran|Earth Power|p2a: Chansey
|-damage|p2a: Chansey|30/100 tox
|-unboost|p2a: Chansey|spd|1
|move|p2a: Chansey|Soft-Boiled|p2a: Chansey
|-heal|p2a: Chansey|80/100 tox
|
|-heal|p1a: Heatran|93/100|[from] item: Leftovers
|-damage|p2a: Chansey|62/100 tox|[from] psn
|-damage|p2a: Chansey|56/100 tox|[from] move: Magma Storm|[partiallytrapped]
|upkeep
|turn|5
|
|t:|1747014228
|move|p1a: Heatran|Earth Power|p2a: Chansey
|-damage|p2a: Chansey|43/100 tox
|move|p2a: Chansey|Seismic Toss|p1a: Heatran
|-damage|p1a: Heatran|67/100
|
|-heal|p1a: Heatran|73/100|[from] item: Leftovers
|-damage|p2a: Chansey|19/100 tox|[from] psn
|-damage|p2a: Chansey|12/100 tox|[from] move: Magma Storm|[partiallytrapped]
|upkeep
|turn|6
|
|t:|1747014238
|move|p1a: Heatran|Earth Power|p2a: Chansey
|-damage|p2a: Chansey|1/100 tox
|move|p2a: Chansey|Seismic Toss|p1a: Heatran
|-damage|p1a: Heatran|48/100
|
|-heal|p1a: Heatran|54/100|[from] item: Leftovers
|-damage|p2a: Chansey|0 fnt|[from] psn
|faint|p2a: Chansey
|upkeep
|
|t:|1747014241
|switch|p2a: Gliscor|Gliscor, M|100/100
|turn|7
|
|t:|1747014252
|switch|p1a: Azelf|Azelf|100/100
|-damage|p1a: Azelf|88/100|[from] Stealth Rock
|move|p2a: Gliscor|Earthquake|p1a: Azelf
|-immune|p1a: Azelf|[from] ability: Levitate
|
|-status|p2a: Gliscor|tox|[from] item: Toxic Orb
|upkeep
|turn|8
|
|t:|1747014265
|move|p1a: Azelf|Stealth Rock|p2a: Gliscor
|-sidestart|p2: Alexia B.|move: Stealth Rock
|move|p2a: Gliscor|Toxic|p1a: Azelf
|-status|p1a: Azelf|tox
|
|-damage|p1a: Azelf|82/100 tox|[from] psn
|upkeep
|turn|9
|
|t:|1747014272
|move|p2a: Gliscor|Protect|p2a: Gliscor
|-singleturn|p2a: Gliscor|Protect
|move|p1a: Azelf|Thunder Wave|p2a: Gliscor
|-immune|p2a: Gliscor
|
|-damage|p1a: Azelf|70/100 tox|[from] psn
|upkeep
|turn|10
|
|t:|1747014279
|move|p1a: Azelf|Explosion|p2a: Gliscor
|-damage|p2a: Gliscor|47/100 tox
|faint|p1a: Azelf
|move|p2a: Gliscor|Taunt|p1: Azelf|[notarget]
|-fail|p2a: Gliscor
|
|-heal|p2a: Gliscor|60/100 tox|[from] ability: Poison Heal
|upkeep
|
|t:|1747014299
|switch|p1a: Zapdos|Zapdos|100/100
|-damage|p1a: Zapdos|76/100|[from] Stealth Rock
|-ability|p1a: Zapdos|Pressure
|turn|11
|
|t:|1747014308
|switch|p2a: Jirachi|Jirachi|100/100
|-damage|p2a: Jirachi|94/100|[from] Stealth Rock
|move|p1a: Zapdos|Hidden Power|p2a: Jirachi
|-resisted|p2a: Jirachi
|-damage|p2a: Jirachi|84/100
|
|-heal|p1a: Zapdos|82/100|[from] item: Leftovers
|upkeep
|turn|12
|
|t:|1747014313
|switch|p1a: Excadrill|Excadrill, F|100/100
|-damage|p1a: Excadrill|97/100|[from] Stealth Rock
|-ability|p1a: Excadrill|Mold Breaker
|move|p2a: Jirachi|Trick|p1a: Excadrill
|-activate|p2a: Jirachi|move: Trick|[of] p1a: Excadrill
|-item|p1a: Excadrill|Choice Scarf|[from] move: Trick
|-item|p2a: Jirachi|Choice Scarf|[from] move: Trick
|
|upkeep
|turn|13
|
|t:|1747014320
|move|p2a: Jirachi|U-turn|p1a: Excadrill
|-resisted|p1a: Excadrill
|-damage|p1a: Excadrill|82/100
|
|t:|1747014324
|switch|p2a: Jellicent|Jellicent, F|100/100|[from] U-turn
|-damage|p2a: Jellicent|88/100|[from] Stealth Rock
|-item|p2a: Jellicent|Air Balloon
|move|p1a: Excadrill|Iron Head|p2a: Jellicent
|-resisted|p2a: Jellicent
|-damage|p2a: Jellicent|61/100
|-enditem|p2a: Jellicent|Air Balloon
|
|upkeep
|turn|14
|
|t:|1747014330
|switch|p1a: Celebi|Celebi|100/100
|-damage|p1a: Celebi|88/100|[from] Stealth Rock
|move|p2a: Jellicent|Scald|p1a: Celebi
|-resisted|p1a: Celebi
|-damage|p1a: Celebi|81/100
|-status|p1a: Celebi|brn
|
|-heal|p1a: Celebi|88/100 brn|[from] item: Leftovers
|-damage|p1a: Celebi|75/100 brn|[from] brn
|upkeep
|turn|15
|
|t:|1747014334
|switch|p2a: Tentacruel|Tentacruel, F|100/100
|-damage|p2a: Tentacruel|88/100|[from] Stealth Rock
|move|p1a: Celebi|U-turn|p2a: Tentacruel
|-resisted|p2a: Tentacruel
|-damage|p2a: Tentacruel|84/100
|
|t:|1747014341
|-curestatus|p1a: Celebi|brn|[from] ability: Natural Cure
|switch|p1a: Excadrill|Excadrill, F|82/100|[from] U-turn
|-damage|p1a: Excadrill|79/100|[from] Stealth Rock
|-ability|p1a: Excadrill|Mold Breaker
|
|-heal|p2a: Tentacruel|90/100|[from] item: Black Sludge
|upkeep
|turn|16
|
|t:|1747014362
|move|p1a: Excadrill|Earthquake|p2a: Tentacruel
|-supereffective|p2a: Tentacruel
|-damage|p2a: Tentacruel|0 fnt
|faint|p2a: Tentacruel
|
|upkeep
|
|t:|1747014367
|switch|p2a: Skarmory|Skarmory, F|100/100
|-damage|p2a: Skarmory|88/100|[from] Stealth Rock
|turn|17
|
|t:|1747014369
|switch|p1a: Heatran|Heatran, F|54/100
|-damage|p1a: Heatran|41/100|[from] Stealth Rock
|move|p2a: Skarmory|Spikes|p1a: Heatran
|-sidestart|p1: el janitor|Spikes
|
|-heal|p1a: Heatran|48/100|[from] item: Leftovers
|upkeep
|turn|18
|
|t:|1747014376
|switch|p2a: Gliscor|Gliscor, M|60/100 tox
|-damage|p2a: Gliscor|47/100 tox|[from] Stealth Rock
|move|p1a: Heatran|Magma Storm|p2a: Gliscor
|-damage|p2a: Gliscor|0 fnt
|faint|p2a: Gliscor
|
|-heal|p1a: Heatran|54/100|[from] item: Leftovers
|upkeep
|
|t:|1747014380
|switch|p2a: Jellicent|Jellicent, F|61/100
|-damage|p2a: Jellicent|49/100|[from] Stealth Rock
|turn|19
|
|t:|1747014396
|move|p1a: Heatran|Protect|p1a: Heatran
|-singleturn|p1a: Heatran|Protect
|move|p2a: Jellicent|Scald|p1a: Heatran
|-activate|p1a: Heatran|move: Protect
|
|-heal|p1a: Heatran|60/100|[from] item: Leftovers
|upkeep
|turn|20
|
|t:|1747014400
|switch|p1a: Celebi|Celebi|75/100
|-damage|p1a: Celebi|63/100|[from] Stealth Rock
|-damage|p1a: Celebi|50/100|[from] Spikes
|move|p2a: Jellicent|Recover|p2a: Jellicent
|-heal|p2a: Jellicent|99/100
|
|-heal|p1a: Celebi|57/100|[from] item: Leftovers
|upkeep
|turn|21
|
|t:|1747014406
|switch|p2a: Jirachi|Jirachi|84/100
|-damage|p2a: Jirachi|78/100|[from] Stealth Rock
|move|p1a: Celebi|Thunder Wave|p2a: Jirachi
|-status|p2a: Jirachi|par
|
|-heal|p1a: Celebi|63/100|[from] item: Leftovers
|upkeep
|turn|22
|
|t:|1747014410
|move|p1a: Celebi|U-turn|p2a: Jirachi
|-damage|p2a: Jirachi|64/100 par
|
|t:|1747014412
|switch|p1a: Excadrill|Excadrill, F|79/100|[from] U-turn
|-damage|p1a: Excadrill|76/100|[from] Stealth Rock
|-damage|p1a: Excadrill|64/100|[from] Spikes
|-ability|p1a: Excadrill|Mold Breaker
|move|p2a: Jirachi|U-turn|p1a: Excadrill
|-resisted|p1a: Excadrill
|-damage|p1a: Excadrill|50/100
|
|t:|1747014421
|switch|p2a: Jellicent|Jellicent, F|99/100|[from] U-turn
|-damage|p2a: Jellicent|86/100|[from] Stealth Rock
|
|upkeep
|turn|23
|
|t:|1747014425
|switch|p1a: Celebi|Celebi|63/100
|-damage|p1a: Celebi|50/100|[from] Stealth Rock
|-damage|p1a: Celebi|38/100|[from] Spikes
|move|p2a: Jellicent|Scald|p1a: Celebi
|-resisted|p1a: Celebi
|-damage|p1a: Celebi|30/100
|-status|p1a: Celebi|brn
|
|-heal|p1a: Celebi|36/100 brn|[from] item: Leftovers
|-damage|p1a: Celebi|24/100 brn|[from] brn
|upkeep
|turn|24
|
|t:|1747014444
|switch|p2a: Skarmory|Skarmory, F|88/100
|-damage|p2a: Skarmory|76/100|[from] Stealth Rock
|move|p1a: Celebi|Recover|p1a: Celebi
|-heal|p1a: Celebi|74/100 brn
|
|-heal|p1a: Celebi|80/100 brn|[from] item: Leftovers
|-damage|p1a: Celebi|68/100 brn|[from] brn
|upkeep
|turn|25
|
|t:|1747014458
|move|p1a: Celebi|U-turn|p2a: Skarmory
|-resisted|p2a: Skarmory
|-damage|p2a: Skarmory|75/100
|-damage|p1a: Celebi|51/100 brn|[from] item: Rocky Helmet|[of] p2a: Skarmory
|
|t:|1747014459
|-curestatus|p1a: Celebi|brn|[from] ability: Natural Cure
|switch|p1a: Zapdos|Zapdos|82/100|[from] U-turn
|-damage|p1a: Zapdos|57/100|[from] Stealth Rock
|-ability|p1a: Zapdos|Pressure
|move|p2a: Skarmory|Spikes|p1a: Zapdos
|-sidestart|p1: el janitor|Spikes
|
|-heal|p1a: Zapdos|63/100|[from] item: Leftovers
|upkeep
|turn|26
|
|t:|1747014467
|switch|p2a: Jirachi|Jirachi|64/100 par
|-damage|p2a: Jirachi|58/100 par|[from] Stealth Rock
|move|p1a: Zapdos|Discharge|p2a: Jirachi
|-damage|p2a: Jirachi|24/100 par
|
|-heal|p1a: Zapdos|69/100|[from] item: Leftovers
|upkeep
|turn|27
|
|t:|1747014476
|move|p1a: Zapdos|Discharge|p2a: Jirachi
|-damage|p2a: Jirachi|0 fnt
|faint|p2a: Jirachi
|
|-heal|p1a: Zapdos|75/100|[from] item: Leftovers
|upkeep
|
|t:|1747014479
|switch|p2a: Jellicent|Jellicent, F|86/100
|-damage|p2a: Jellicent|74/100|[from] Stealth Rock
|turn|28
|
|t:|1747014487
|move|p1a: Zapdos|Discharge|p2a: Jellicent
|-supereffective|p2a: Jellicent
|-damage|p2a: Jellicent|30/100
|-status|p2a: Jellicent|par
|move|p2a: Jellicent|Will-O-Wisp|p1a: Zapdos
|-status|p1a: Zapdos|brn
|
|-heal|p1a: Zapdos|81/100 brn|[from] item: Leftovers
|-damage|p1a: Zapdos|69/100 brn|[from] brn
|upkeep
|turn|29
|
|t:|1747014493
|move|p1a: Zapdos|Discharge|p2a: Jellicent
|-supereffective|p2a: Jellicent
|-damage|p2a: Jellicent|0 fnt
|faint|p2a: Jellicent
|
|-heal|p1a: Zapdos|75/100 brn|[from] item: Leftovers
|-damage|p1a: Zapdos|63/100 brn|[from] brn
|upkeep
|
|t:|1747014495
|switch|p2a: Skarmory|Skarmory, F|75/100
|-damage|p2a: Skarmory|63/100|[from] Stealth Rock
|turn|30
|
|t:|1747014503
|move|p1a: Zapdos|Discharge|p2a: Skarmory
|-supereffective|p2a: Skarmory
|-damage|p2a: Skarmory|0 fnt
|faint|p2a: Skarmory
|
|win|el janitor
|raw|el janitor's rating: 1390 &rarr; <strong>1413</strong><br />(+23 for winning)
|raw|Alexia B.'s rating: 1444 &rarr; <strong>1421</strong><br />(-23 for losing)
|c|☆el janitor|gg
|l|☆Alexia B.
|player|p2|
