|j|‽Weekend Wars
|j|☆CroCoeur
|player|p1|Weekend Wars|149
|player|p2|CroCoeur|161
|teamsize|p1|6
|teamsize|p2|6
|gametype|singles
|gen|5
|tier|[Gen 5] OU
|rated|
|rule|Sleep Clause Mod: Limit one foe put to sleep
|rule|Species Clause: Limit one of each Pokémon
|rule|OHKO Clause: OHKO moves are banned
|rule|Moody Clause: Moody is banned
|rule|Evasion Moves Clause: Evasion moves are banned
|rule|Endless Battle Clause: Forcing endless battles is banned
|rule|HP Percentage Mod: HP is shown in percentages
|rule|Evasion Abilities Clause: Evasion abilities are banned
|rule|Baton Pass Clause: Limit one Baton Passer, can't pass Spe and other stats simultaneously
|rule|Swagger Clause: Swagger is banned
|clearpoke
|poke|p1|Politoed, M|item
|poke|p1|Ferrothorn, M|item
|poke|p1|Keldeo-Resolute|item
|poke|p1|Tentacruel, M|item
|poke|p1|Landorus-Therian, M|item
|poke|p1|Latios, M|item
|poke|p2|Politoed, M|item
|poke|p2|Vaporeon, F|item
|poke|p2|Celebi|item
|poke|p2|Ferrothorn, M|item
|poke|p2|Latios, M|item
|poke|p2|Jirachi|item
|teampreview
|
|start
|switch|p1a: Landorus|Landorus-Therian, M|100/100
|switch|p2a: Politoed|Politoed, M|100/100
|-ability|p1a: Landorus|Intimidate|boost
|-unboost|p2a: Politoed|atk|1
|-weather|RainDance|[from] ability: Drizzle|[of] p2a: Politoed
|turn|1
|
|move|p1a: Landorus|U-turn|p2a: Politoed
|-damage|p2a: Politoed|67/100
|
|switch|p1a: Politoed|Politoed, M|100/100
|move|p2a: Politoed|Ice Beam|p1a: Politoed
|-resisted|p1a: Politoed
|-damage|p1a: Politoed|88/100
|
|-weather|RainDance|[upkeep]
|upkeep
|turn|2
|
|switch|p2a: Vaporeon|Vaporeon, F|100/100
|move|p1a: Politoed|Hypnosis|p2a: Vaporeon|[miss]
|-miss|p1a: Politoed|p2a: Vaporeon
|
|-weather|RainDance|[upkeep]
|upkeep
|turn|3
|
|switch|p1a: Tentacruel|Tentacruel, M|100/100
|move|p2a: Vaporeon|Scald|p1a: Tentacruel
|-resisted|p1a: Tentacruel
|-damage|p1a: Tentacruel|84/100
|
|-weather|RainDance|[upkeep]
|-heal|p1a: Tentacruel|90/100|[from] ability: Rain Dish
|-heal|p1a: Tentacruel|96/100|[from] item: Leftovers
|upkeep
|turn|4
|
|move|p1a: Tentacruel|Toxic Spikes|p2a: Vaporeon
|-sidestart|p2: CroCoeur|move: Toxic Spikes
|move|p2a: Vaporeon|Scald|p1a: Tentacruel
|-resisted|p1a: Tentacruel
|-damage|p1a: Tentacruel|79/100
|
|-weather|RainDance|[upkeep]
|-heal|p1a: Tentacruel|85/100|[from] ability: Rain Dish
|-heal|p1a: Tentacruel|91/100|[from] item: Leftovers
|upkeep
|turn|5
|
|move|p1a: Tentacruel|Protect|p1a: Tentacruel
|-singleturn|p1a: Tentacruel|Protect
|move|p2a: Vaporeon|Scald|p1a: Tentacruel
|-activate|p1a: Tentacruel|move: Protect
|
|-weather|RainDance|[upkeep]
|-heal|p1a: Tentacruel|97/100|[from] ability: Rain Dish
|-heal|p1a: Tentacruel|100/100|[from] item: Leftovers
|upkeep
|turn|6
|
|move|p1a: Tentacruel|Toxic Spikes|p2a: Vaporeon
|-sidestart|p2: CroCoeur|move: Toxic Spikes
|move|p2a: Vaporeon|Scald|p1a: Tentacruel
|-resisted|p1a: Tentacruel
|-damage|p1a: Tentacruel|82/100
|-status|p1a: Tentacruel|brn
|
|-weather|RainDance|[upkeep]
|-heal|p1a: Tentacruel|88/100 brn|[from] ability: Rain Dish
|-heal|p1a: Tentacruel|94/100 brn|[from] item: Leftovers
|-damage|p1a: Tentacruel|82/100 brn|[from] brn
|upkeep
|turn|7
|
|move|p1a: Tentacruel|Protect|p1a: Tentacruel
|-singleturn|p1a: Tentacruel|Protect
|move|p2a: Vaporeon|Acid Armor|p2a: Vaporeon
|-boost|p2a: Vaporeon|def|2
|
|-weather|RainDance|[upkeep]
|-heal|p1a: Tentacruel|88/100 brn|[from] ability: Rain Dish
|-heal|p1a: Tentacruel|94/100 brn|[from] item: Leftovers
|-damage|p1a: Tentacruel|82/100 brn|[from] brn
|upkeep
|turn|8
|
|switch|p1a: Ferrothorn|Ferrothorn, M|100/100
|move|p2a: Vaporeon|Scald|p1a: Ferrothorn
|-resisted|p1a: Ferrothorn
|-crit|p1a: Ferrothorn
|-damage|p1a: Ferrothorn|73/100
|
|-weather|RainDance|[upkeep]
|-heal|p1a: Ferrothorn|79/100|[from] item: Leftovers
|upkeep
|turn|9
|
|move|p2a: Vaporeon|Scald|p1a: Ferrothorn
|-resisted|p1a: Ferrothorn
|-damage|p1a: Ferrothorn|66/100
|move|p1a: Ferrothorn|Spikes|p2a: Vaporeon
|-sidestart|p2: CroCoeur|Spikes
|
|-weather|RainDance|[upkeep]
|-heal|p1a: Ferrothorn|72/100|[from] item: Leftovers
|upkeep
|turn|10
|
|move|p2a: Vaporeon|Scald|p1a: Ferrothorn
|-resisted|p1a: Ferrothorn
|-damage|p1a: Ferrothorn|58/100
|move|p1a: Ferrothorn|Leech Seed|p2a: Vaporeon
|-start|p2a: Vaporeon|move: Leech Seed
|
|-weather|RainDance|[upkeep]
|-heal|p1a: Ferrothorn|64/100|[from] item: Leftovers
|-damage|p2a: Vaporeon|88/100|[from] Leech Seed|[of] p1a: Ferrothorn
|-heal|p1a: Ferrothorn|81/100|[silent]
|upkeep
|turn|11
|
|move|p2a: Vaporeon|Scald|p1a: Ferrothorn
|-resisted|p1a: Ferrothorn
|-damage|p1a: Ferrothorn|66/100
|-status|p1a: Ferrothorn|brn
|move|p1a: Ferrothorn|Stealth Rock|p2a: Vaporeon
|-sidestart|p2: CroCoeur|move: Stealth Rock
|
|-weather|RainDance|[upkeep]
|-heal|p2a: Vaporeon|94/100|[from] item: Leftovers
|-heal|p1a: Ferrothorn|72/100 brn|[from] item: Leftovers
|-damage|p2a: Vaporeon|82/100|[from] Leech Seed|[of] p1a: Ferrothorn
|-heal|p1a: Ferrothorn|89/100 brn|[silent]
|-damage|p1a: Ferrothorn|76/100 brn|[from] brn
|upkeep
|turn|12
|
|switch|p2a: Jirachi|Jirachi|100/100
|-damage|p2a: Jirachi|94/100|[from] Stealth Rock
|-damage|p2a: Jirachi|82/100|[from] Spikes
|move|p1a: Ferrothorn|Spikes|p2a: Jirachi
|-sidestart|p2: CroCoeur|Spikes
|
|-weather|RainDance|[upkeep]
|-heal|p2a: Jirachi|88/100|[from] item: Leftovers
|-heal|p1a: Ferrothorn|82/100 brn|[from] item: Leftovers
|-damage|p1a: Ferrothorn|70/100 brn|[from] brn
|upkeep
|turn|13
|
|switch|p1a: Landorus|Landorus-Therian, M|100/100
|-ability|p1a: Landorus|Intimidate|boost
|-unboost|p2a: Jirachi|atk|1
|move|p2a: Jirachi|Substitute|p2a: Jirachi
|-start|p2a: Jirachi|Substitute
|-damage|p2a: Jirachi|63/100
|
|-weather|RainDance|[upkeep]
|-heal|p2a: Jirachi|69/100|[from] item: Leftovers
|upkeep
|turn|14
|
|move|p1a: Landorus|U-turn|p2a: Jirachi
|-activate|p2a: Jirachi|Substitute|[damage]
|
|switch|p1a: Keldeo|Keldeo-Resolute|100/100
|move|p2a: Jirachi|Thunder|p1a: Keldeo
|-supereffective|p1a: Keldeo
|-damage|p1a: Keldeo|36/100
|
|-weather|RainDance|[upkeep]
|-heal|p2a: Jirachi|75/100|[from] item: Leftovers
|upkeep
|turn|15
|
|switch|p1a: Landorus|Landorus-Therian, M|100/100
|-ability|p1a: Landorus|Intimidate|boost
|-immune|p2a: Jirachi|[msg]
|move|p2a: Jirachi|Thunder|p1a: Landorus
|-immune|p1a: Landorus|[msg]
|
|-weather|RainDance|[upkeep]
|-heal|p2a: Jirachi|82/100|[from] item: Leftovers
|upkeep
|turn|16
|
|move|p1a: Landorus|Earthquake|p2a: Jirachi
|-supereffective|p2a: Jirachi
|-end|p2a: Jirachi|Substitute
|move|p2a: Jirachi|Water Pulse|p1a: Landorus
|-supereffective|p1a: Landorus
|-damage|p1a: Landorus|45/100
|-start|p1a: Landorus|confusion
|
|-weather|RainDance|[upkeep]
|-heal|p2a: Jirachi|88/100|[from] item: Leftovers
|upkeep
|turn|17
|
|switch|p2a: Ferrothorn|Ferrothorn, M|100/100
|-damage|p2a: Ferrothorn|84/100|[from] Spikes
|-damage|p2a: Ferrothorn|78/100|[from] Stealth Rock
|-activate|p1a: Landorus|confusion
|-damage|p1a: Landorus|28/100|[from] confusion
|
|-weather|RainDance|[upkeep]
|-heal|p2a: Ferrothorn|84/100|[from] item: Leftovers
|upkeep
|turn|18
|
|switch|p1a: Keldeo|Keldeo-Resolute|36/100
|move|p2a: Ferrothorn|Stealth Rock|p1a: Keldeo
|-sidestart|p1: Weekend Wars|move: Stealth Rock
|
|-weather|RainDance|[upkeep]
|-heal|p2a: Ferrothorn|90/100|[from] item: Leftovers
|upkeep
|turn|19
|
|switch|p2a: Celebi|Celebi|100/100
|-damage|p2a: Celebi|88/100|[from] Stealth Rock
|-status|p2a: Celebi|tox
|-damage|p2a: Celebi|72/100 tox|[from] Spikes
|move|p1a: Keldeo|Secret Sword|p2a: Celebi
|-resisted|p2a: Celebi
|-damage|p2a: Celebi|46/100 tox
|
|-weather|RainDance|[upkeep]
|-heal|p2a: Celebi|52/100 tox|[from] item: Leftovers
|-damage|p2a: Celebi|46/100 tox|[from] psn
|upkeep
|turn|20
|
|switch|p1a: Latios|Latios, M|100/100
|-damage|p1a: Latios|88/100|[from] Stealth Rock
|move|p2a: Celebi|Recover|p2a: Celebi
|-heal|p2a: Celebi|96/100 tox
|
|-weather|RainDance|[upkeep]
|-heal|p2a: Celebi|100/100 tox|[from] item: Leftovers
|-damage|p2a: Celebi|88/100 tox|[from] psn
|upkeep
|turn|21
|
|switch|p2a: Ferrothorn|Ferrothorn, M|90/100
|-damage|p2a: Ferrothorn|74/100|[from] Spikes
|-damage|p2a: Ferrothorn|68/100|[from] Stealth Rock
|move|p1a: Latios|Surf|p2a: Ferrothorn
|-resisted|p2a: Ferrothorn
|-damage|p2a: Ferrothorn|40/100
|
|-weather|RainDance|[upkeep]
|-heal|p2a: Ferrothorn|46/100|[from] item: Leftovers
|upkeep
|turn|22
|
|switch|p1a: Ferrothorn|Ferrothorn, M|70/100 brn
|-damage|p1a: Ferrothorn|64/100 brn|[from] Stealth Rock
|move|p2a: Ferrothorn|Leech Seed|p1a: Ferrothorn
|-immune|p1a: Ferrothorn|[msg]
|
|-weather|RainDance|[upkeep]
|-heal|p1a: Ferrothorn|70/100 brn|[from] item: Leftovers
|-heal|p2a: Ferrothorn|52/100|[from] item: Leftovers
|-damage|p1a: Ferrothorn|58/100 brn|[from] brn
|upkeep
|turn|23
|
|move|p1a: Ferrothorn|Spikes|p2a: Ferrothorn
|-sidestart|p2: CroCoeur|Spikes
|move|p2a: Ferrothorn|Spikes|p1a: Ferrothorn
|-sidestart|p1: Weekend Wars|Spikes
|
|-weather|RainDance|[upkeep]
|-heal|p1a: Ferrothorn|64/100 brn|[from] item: Leftovers
|-heal|p2a: Ferrothorn|59/100|[from] item: Leftovers
|-damage|p1a: Ferrothorn|51/100 brn|[from] brn
|upkeep
|turn|24
|
|switch|p1a: Tentacruel|Tentacruel, M|82/100 brn
|-damage|p1a: Tentacruel|69/100 brn|[from] Stealth Rock
|-damage|p1a: Tentacruel|57/100 brn|[from] Spikes
|move|p2a: Ferrothorn|Power Whip|p1a: Tentacruel
|-damage|p1a: Tentacruel|21/100 brn
|
|-weather|RainDance|[upkeep]
|-heal|p1a: Tentacruel|27/100 brn|[from] ability: Rain Dish
|-heal|p1a: Tentacruel|33/100 brn|[from] item: Leftovers
|-heal|p2a: Ferrothorn|65/100|[from] item: Leftovers
|-damage|p1a: Tentacruel|21/100 brn|[from] brn
|upkeep
|turn|25
|
|move|p1a: Tentacruel|Rapid Spin|p2a: Ferrothorn
|-resisted|p2a: Ferrothorn
|-damage|p2a: Ferrothorn|65/100
|-damage|p1a: Tentacruel|9/100 brn|[from] ability: Iron Barbs|[of] p2a: Ferrothorn
|-sideend|p1: Weekend Wars|Spikes|[from] move: Rapid Spin|[of] p1a: Tentacruel
|-sideend|p1: Weekend Wars|Stealth Rock|[from] move: Rapid Spin|[of] p1a: Tentacruel
|move|p2a: Ferrothorn|Leech Seed|p1a: Tentacruel
|-start|p1a: Tentacruel|move: Leech Seed
|
|-weather|RainDance|[upkeep]
|-heal|p1a: Tentacruel|15/100 brn|[from] ability: Rain Dish
|-heal|p1a: Tentacruel|21/100 brn|[from] item: Leftovers
|-heal|p2a: Ferrothorn|71/100|[from] item: Leftovers
|-damage|p1a: Tentacruel|8/100 brn|[from] Leech Seed|[of] p2a: Ferrothorn
|-heal|p2a: Ferrothorn|84/100|[silent]
|-damage|p1a: Tentacruel|0 fnt|[from] brn
|upkeep
|faint|p1a: Tentacruel
|
|switch|p1a: Keldeo|Keldeo-Resolute|36/100
|turn|26
|
|switch|p2a: Celebi|Celebi|88/100
|-status|p2a: Celebi|tox
|-damage|p2a: Celebi|63/100 tox|[from] Spikes
|-damage|p2a: Celebi|51/100 tox|[from] Stealth Rock
|move|p1a: Keldeo|Secret Sword|p2a: Celebi
|-resisted|p2a: Celebi
|-damage|p2a: Celebi|24/100 tox
|
|-weather|RainDance|[upkeep]
|-heal|p2a: Celebi|30/100 tox|[from] item: Leftovers
|-damage|p2a: Celebi|24/100 tox|[from] psn
|upkeep
|turn|27
|
|move|p1a: Keldeo|Secret Sword|p2a: Celebi
|-resisted|p2a: Celebi
|-damage|p2a: Celebi|0 fnt
|faint|p2a: Celebi
|
|-weather|RainDance|[upkeep]
|upkeep
|
|switch|p2a: Latios|Latios, M|100/100
|-damage|p2a: Latios|88/100|[from] Stealth Rock
|turn|28
|
|switch|p1a: Ferrothorn|Ferrothorn, M|51/100 brn
|move|p2a: Latios|Draco Meteor|p1a: Ferrothorn
|-resisted|p1a: Ferrothorn
|-damage|p1a: Ferrothorn|30/100 brn
|-unboost|p2a: Latios|spa|2
|
|-weather|RainDance|[upkeep]
|-heal|p1a: Ferrothorn|36/100 brn|[from] item: Leftovers
|-damage|p1a: Ferrothorn|24/100 brn|[from] brn
|upkeep
|turn|29
|
|switch|p2a: Ferrothorn|Ferrothorn, M|84/100
|-damage|p2a: Ferrothorn|59/100|[from] Spikes
|-damage|p2a: Ferrothorn|52/100|[from] Stealth Rock
|switch|p1a: Keldeo|Keldeo-Resolute|36/100
|
|-weather|RainDance|[upkeep]
|-heal|p2a: Ferrothorn|59/100|[from] item: Leftovers
|upkeep
|turn|30
|
|switch|p2a: Politoed|Politoed, M|67/100
|-damage|p2a: Politoed|54/100|[from] Stealth Rock
|-damage|p2a: Politoed|29/100|[from] Spikes
|-status|p2a: Politoed|tox
|move|p1a: Keldeo|Secret Sword|p2a: Politoed
|-damage|p2a: Politoed|0 fnt
|faint|p2a: Politoed
|
|-weather|RainDance|[upkeep]
|upkeep
|
|switch|p2a: Latios|Latios, M|88/100
|-damage|p2a: Latios|76/100|[from] Stealth Rock
|turn|31
|
|switch|p1a: Ferrothorn|Ferrothorn, M|24/100 brn
|move|p2a: Latios|Draco Meteor|p1a: Ferrothorn
|-resisted|p1a: Ferrothorn
|-damage|p1a: Ferrothorn|2/100 brn
|-unboost|p2a: Latios|spa|2
|
|-weather|RainDance|[upkeep]
|-heal|p1a: Ferrothorn|8/100 brn|[from] item: Leftovers
|-damage|p1a: Ferrothorn|0 fnt|[from] brn
|upkeep
|faint|p1a: Ferrothorn
|
|switch|p1a: Politoed|Politoed, M|88/100
|turn|32
|
|switch|p2a: Vaporeon|Vaporeon, F|82/100
|-status|p2a: Vaporeon|tox
|-damage|p2a: Vaporeon|57/100 tox|[from] Spikes
|-damage|p2a: Vaporeon|45/100 tox|[from] Stealth Rock
|switch|p1a: Keldeo|Keldeo-Resolute|36/100
|
|-weather|RainDance|[upkeep]
|-activate|p2a: Vaporeon|ability: Hydration
|-curestatus|p2a: Vaporeon|tox|[msg]
|-heal|p2a: Vaporeon|51/100|[from] item: Leftovers
|upkeep
|turn|33
|
|move|p1a: Keldeo|Hydro Pump|p2a: Vaporeon
|-resisted|p2a: Vaporeon
|-damage|p2a: Vaporeon|15/100
|move|p2a: Vaporeon|Rest|p2a: Vaporeon
|-status|p2a: Vaporeon|slp
|-heal|p2a: Vaporeon|100/100 slp|[silent]
|-status|p2a: Vaporeon|slp|[from] move: Rest
|
|-weather|RainDance|[upkeep]
|-activate|p2a: Vaporeon|ability: Hydration
|-curestatus|p2a: Vaporeon|slp|[msg]
|upkeep
|turn|34
|
|switch|p1a: Latios|Latios, M|88/100
|move|p2a: Vaporeon|Scald|p1a: Latios
|-resisted|p1a: Latios
|-damage|p1a: Latios|65/100
|
|-weather|RainDance|[upkeep]
|upkeep
|turn|35
|
|move|p1a: Latios|Trick|p2a: Vaporeon
|-activate|p1a: Latios|move: Trick|[of] p2a: Vaporeon
|-item|p2a: Vaporeon|Choice Specs|[from] move: Trick
|-item|p1a: Latios|Leftovers|[from] move: Trick
|move|p2a: Vaporeon|Scald|p1a: Latios
|-resisted|p1a: Latios
|-damage|p1a: Latios|28/100
|
|-weather|RainDance|[upkeep]
|-heal|p1a: Latios|34/100|[from] item: Leftovers
|upkeep
|turn|36
|
|move|p1a: Latios|Draco Meteor|p2a: Vaporeon
|-damage|p2a: Vaporeon|62/100
|-unboost|p1a: Latios|spa|2
|move|p2a: Vaporeon|Scald|p1a: Latios
|-resisted|p1a: Latios
|-damage|p1a: Latios|0 fnt
|faint|p1a: Latios
|
|-weather|RainDance|[upkeep]
|upkeep
|
|switch|p1a: Landorus|Landorus-Therian, M|28/100
|-ability|p1a: Landorus|Intimidate|boost
|-unboost|p2a: Vaporeon|atk|1
|turn|37
|
|move|p1a: Landorus|U-turn|p2a: Vaporeon
|-crit|p2a: Vaporeon
|-damage|p2a: Vaporeon|4/100
|
|switch|p1a: Politoed|Politoed, M|88/100
|move|p2a: Vaporeon|Scald|p1a: Politoed
|-resisted|p1a: Politoed
|-damage|p1a: Politoed|58/100
|-status|p1a: Politoed|brn
|
|-weather|RainDance|[upkeep]
|-damage|p1a: Politoed|46/100 brn|[from] brn
|upkeep
|turn|38
|
|move|p1a: Politoed|Ice Beam|p2a: Vaporeon
|-resisted|p2a: Vaporeon
|-damage|p2a: Vaporeon|0 fnt
|faint|p2a: Vaporeon
|
|-weather|RainDance|[upkeep]
|-damage|p1a: Politoed|34/100 brn|[from] brn
|upkeep
|
|switch|p2a: Jirachi|Jirachi|88/100
|-damage|p2a: Jirachi|63/100|[from] Spikes
|-damage|p2a: Jirachi|57/100|[from] Stealth Rock
|turn|39
|
|move|p2a: Jirachi|Substitute|p2a: Jirachi
|-start|p2a: Jirachi|Substitute
|-damage|p2a: Jirachi|32/100
|move|p1a: Politoed|Scald|p2a: Jirachi
|-enditem|p1a: Politoed|Water Gem|[from] gem|[move] Scald
|-end|p2a: Jirachi|Substitute
|
|-weather|RainDance|[upkeep]
|-heal|p2a: Jirachi|38/100|[from] item: Leftovers
|-damage|p1a: Politoed|21/100 brn|[from] brn
|upkeep
|turn|40
|
|move|p2a: Jirachi|Substitute|p2a: Jirachi
|-start|p2a: Jirachi|Substitute
|-damage|p2a: Jirachi|13/100
|move|p1a: Politoed|Scald|p2a: Jirachi
|-crit|p2a: Jirachi
|-end|p2a: Jirachi|Substitute
|
|-weather|RainDance|[upkeep]
|-heal|p2a: Jirachi|19/100|[from] item: Leftovers
|-damage|p1a: Politoed|9/100 brn|[from] brn
|upkeep
|turn|41
|c|☆CroCoeur|ahaha
|
|move|p2a: Jirachi|Water Pulse|p1a: Politoed
|-resisted|p1a: Politoed
|-damage|p1a: Politoed|0 fnt
|faint|p1a: Politoed
|
|-weather|RainDance|[upkeep]
|-heal|p2a: Jirachi|25/100|[from] item: Leftovers
|upkeep
|
|switch|p1a: Keldeo|Keldeo-Resolute|36/100
|turn|42
|
|move|p1a: Keldeo|Scald|p2a: Jirachi
|-damage|p2a: Jirachi|0 fnt
|faint|p2a: Jirachi
|
|-weather|RainDance|[upkeep]
|upkeep
|
|switch|p2a: Latios|Latios, M|76/100
|-damage|p2a: Latios|64/100|[from] Stealth Rock
|turn|43
|
|move|p2a: Latios|Psyshock|p1a: Keldeo
|-supereffective|p1a: Keldeo
|-damage|p1a: Keldeo|0 fnt
|faint|p1a: Keldeo
|
|-weather|RainDance|[upkeep]
|upkeep
|
|switch|p1a: Landorus|Landorus-Therian, M|28/100
|-ability|p1a: Landorus|Intimidate|boost
|-unboost|p2a: Latios|atk|1
|turn|44
|
|switch|p2a: Ferrothorn|Ferrothorn, M|59/100
|-damage|p2a: Ferrothorn|34/100|[from] Spikes
|-damage|p2a: Ferrothorn|27/100|[from] Stealth Rock
|move|p1a: Landorus|Stone Edge|p2a: Ferrothorn
|-resisted|p2a: Ferrothorn
|-damage|p2a: Ferrothorn|16/100
|
|-weather|RainDance|[upkeep]
|-heal|p2a: Ferrothorn|22/100|[from] item: Leftovers
|upkeep
|turn|45
|
|move|p1a: Landorus|Stone Edge|p2a: Ferrothorn
|-resisted|p2a: Ferrothorn
|-crit|p2a: Ferrothorn
|-damage|p2a: Ferrothorn|0 fnt
|faint|p2a: Ferrothorn
|
|-weather|RainDance|[upkeep]
|upkeep
|
|switch|p2a: Latios|Latios, M|64/100
|-damage|p2a: Latios|51/100|[from] Stealth Rock
|turn|46
|
|move|p2a: Latios|Surf|p1a: Landorus
|-supereffective|p1a: Landorus
|-damage|p1a: Landorus|0 fnt
|faint|p1a: Landorus
|
|win|CroCoeur
|l|‽Weekend Wars
|raw|Weekend Wars's rating: 1533 &rarr; <strong>1506</strong><br />(-27 for losing)
|raw|CroCoeur's rating: 1418 &rarr; <strong>1444</strong><br />(+26 for winning)
