|join|PiggK
|join|latios77
|player|p1|PiggK|127
|player|p2|latios77|101
|gametype|singles
|gen|5
|tier|[Gen 5] OU
|rated
|rule|Evasion Abilities Clause: Evasion abilities are banned
|clearpoke
|poke|p1|Scizor, M
|poke|p1|Cobalion
|poke|p1|Thundurus-Therian, M
|poke|p1|Espeon, F
|poke|p1|Dugtrio, F
|poke|p1|Tyranitar, M
|poke|p2|Landorus-Therian, M, shiny
|poke|p2|Rotom-Wash, shiny
|poke|p2|Latias, F, shiny
|poke|p2|Ditto
|poke|p2|Registeel
|poke|p2|Keldeo, shiny
|rule|Sleep Clause Mod: Limit one foe put to sleep
|rule|Species Clause: Limit one of each Pokemon
|rule|OHKO Clause: OHKO moves are banned
|rule|Moody Clause: Moody is banned
|rule|Evasion Moves Clause: Evasion moves are banned
|rule|Endless Battle Clause: Forcing endless battles is banned.
|rule|HP Percentage Mod: HP is reported as percentages
|teampreview
|
|start
|switch|p1a: Espeon|Espeon, F|334/334
|switch|p2a: I'm random|Rotom-Wash, shiny|299/299
|turn|1
|
|move|p1a: Espeon|Light Screen|p1a: Espeon
|-sidestart|p1: PiggK|move: Light Screen
|move|p2a: I'm random|Hydro Pump|p1a: Espeon
|-damage|p1a: Espeon|176/334
|
|turn|2
|
|move|p1a: Espeon|Baton Pass|p1a: Espeon
|
|switch|p1a: Tyranitar|Tyranitar, M|342/342
|-weather|Sandstorm|[from] ability: Sand Stream|[of] p1a: Tyranitar
|move|p2a: I'm random|Hydro Pump|p1a: Tyranitar
|-supereffective|p1a: Tyranitar
|-damage|p1a: Tyranitar|135/342
|
|-weather|Sandstorm|[upkeep]
|-damage|p2a: I'm random|281/299|[from] sandstorm
|turn|3
|chat|latios77|no water resists
|chat|PiggK|nope
|chat|PiggK|also, specs
|chat|PiggK|that's fun
|chat|latios77|random yes
|
|move|p1a: Tyranitar|Stone Edge|p2a: I'm random
|-crit|p2a: I'm random
|-damage|p2a: I'm random|0 fnt
|faint|p2a: I'm random
|
|-weather|Sandstorm|[upkeep]
|chat|latios77|powerful yes
|
|switch|p2a: Underated|Registeel|363/363
|turn|4
|
|switch|p1a: Espeon|Espeon, F|176/334
|move|p2a: Underated|Earthquake|p1a: Espeon
|-damage|p1a: Espeon|45/334
|
|-weather|Sandstorm|[upkeep]
|-damage|p1a: Espeon|25/334|[from] sandstorm
|turn|5
|
|move|p1a: Espeon|Reflect|p1a: Espeon
|-sidestart|p1: PiggK|Reflect
|move|p2a: Underated|Ice Punch|p1a: Espeon
|-damage|p1a: Espeon|0 fnt
|faint|p1a: Espeon
|
|-weather|Sandstorm|[upkeep]
|
|switch|p1a: Scizor|Scizor, M|282/282
|turn|6
|
|move|p1a: Scizor|Swords Dance|p1a: Scizor
|-boost|p1a: Scizor|atk|2
|move|p2a: Underated|Thunder Wave|p1a: Scizor
|-status|p1a: Scizor|par
|
|-weather|Sandstorm|[upkeep]
|turn|7
|
|move|p2a: Underated|Stealth Rock|p1a: Scizor
|-sidestart|p1: PiggK|move: Stealth Rock
|move|p1a: Scizor|Superpower|p2a: Underated
|-supereffective|p2a: Underated
|-damage|p2a: Underated|0 fnt
|-unboost|p1a: Scizor|atk|1
|-unboost|p1a: Scizor|def|1
|faint|p2a: Underated
|
|-weather|Sandstorm|[upkeep]
|
|switch|p2a: Overused|Keldeo, shiny|323/323
|turn|8
|
|move|p2a: Overused|Calm Mind|p2a: Overused
|-boost|p2a: Overused|spa|1
|-boost|p2a: Overused|spd|1
|move|p1a: Scizor|Acrobatics|p2a: Overused
|-enditem|p1a: Scizor|Flying Gem|[from] gem|[move] Acrobatics
|-supereffective|p2a: Overused
|-damage|p2a: Overused|0 fnt
|faint|p2a: Overused
|
|-weather|Sandstorm|[upkeep]
|-sideend|p1: PiggK|move: Light Screen
|
|switch|p2a: Stealth rock|Landorus-Therian, M, shiny|318/318
|-ability|p2a: Stealth rock|Intimidate|[of] p1a: Scizor
|-unboost|p1a: Scizor|atk|1
|turn|9
|chat|latios77|lol i forgot
|
|move|p1a: Scizor|Bullet Punch|p2a: Stealth rock
|-damage|p2a: Stealth rock|198/318
|move|p2a: Stealth rock|Rock Polish|p2a: Stealth rock
|-boost|p2a: Stealth rock|spe|2
|
|-weather|Sandstorm|[upkeep]
|turn|10
|
|move|p1a: Scizor|Bullet Punch|p2a: Stealth rock
|-damage|p2a: Stealth rock|72/318
|move|p2a: Stealth rock|Earthquake|p1a: Scizor
|-damage|p1a: Scizor|77/282 par
|-damage|p2a: Stealth rock|41/318|[from] item: Life Orb
|
|-weather|Sandstorm|[upkeep]
|turn|11
|chat|latios77|bad played gg
|
|switch|p2a: Band set|Ditto|299/299
|-transform|p2a: Band set|p1a: Scizor
|move|p1a: Scizor|Bullet Punch|p2a: Band set
|-resisted|p2a: Band set
|-damage|p2a: Band set|205/299
|
|-weather|Sandstorm|[upkeep]
|turn|12
|
|switch|p1a: Thundurus-Therian|Thundurus-Therian, M|331/331
|-damage|p1a: Thundurus-Therian|249/331|[from] Stealth Rock
|move|p2a: Band set|Bullet Punch|p1a: Thundurus-Therian
|-resisted|p1a: Thundurus-Therian
|-damage|p1a: Thundurus-Therian|210/331
|
|-weather|Sandstorm|[upkeep]
|-damage|p1a: Thundurus-Therian|190/331|[from] sandstorm
|-heal|p1a: Thundurus-Therian|210/331|[from] item: Leftovers
|-sideend|p1: PiggK|Reflect
|turn|13
|
|switch|p2a: Legend|Latias, F, shiny|302/302
|move|p1a: Thundurus-Therian|Agility|p1a: Thundurus-Therian
|-boost|p1a: Thundurus-Therian|spe|2
|
|-weather|Sandstorm|[upkeep]
|-damage|p1a: Thundurus-Therian|190/331|[from] sandstorm
|-damage|p2a: Legend|284/302|[from] sandstorm
|-heal|p1a: Thundurus-Therian|210/331|[from] item: Leftovers
|turn|14
|
|move|p1a: Thundurus-Therian|Hidden Power|p2a: Legend
|-supereffective|p2a: Legend
|-damage|p2a: Legend|120/302
|move|p2a: Legend|Psyshock|p1a: Thundurus-Therian
|-damage|p1a: Thundurus-Therian|0 fnt
|-damage|p2a: Legend|90/302|[from] item: Life Orb
|faint|p1a: Thundurus-Therian
|
|-weather|Sandstorm|[upkeep]
|-damage|p2a: Legend|72/302|[from] sandstorm
|
|switch|p1a: Cobalion|Cobalion|330/330
|-damage|p1a: Cobalion|320/330|[from] Stealth Rock
|turn|15
|
|move|p2a: Legend|Recover|p2a: Legend
|-heal|p2a: Legend|223/302
|move|p1a: Cobalion|Hidden Power|p2a: Legend
|-supereffective|p2a: Legend
|-damage|p2a: Legend|105/302
|
|-weather|Sandstorm|[upkeep]
|-damage|p2a: Legend|87/302|[from] sandstorm
|turn|16
|
|move|p2a: Legend|Recover|p2a: Legend
|-heal|p2a: Legend|238/302
|move|p1a: Cobalion|Hidden Power|p2a: Legend
|-supereffective|p2a: Legend
|-damage|p2a: Legend|125/302
|
|-weather|Sandstorm|[upkeep]
|-damage|p2a: Legend|107/302|[from] sandstorm
|turn|17
|
|move|p2a: Legend|Surf|p1a: Cobalion
|-damage|p1a: Cobalion|116/330
|-damage|p2a: Legend|77/302|[from] item: Life Orb
|move|p1a: Cobalion|Hidden Power|p2a: Legend
|-supereffective|p2a: Legend
|-damage|p2a: Legend|0 fnt
|faint|p2a: Legend
|
|-weather|Sandstorm|[upkeep]
|
|switch|p2a: Band set|Ditto|205/299
|-transform|p2a: Band set|p1a: Cobalion
|turn|18
|
|move|p2a: Band set|Close Combat|p1a: Cobalion
|-supereffective|p1a: Cobalion
|-damage|p1a: Cobalion|0 fnt
|-unboost|p2a: Band set|def|1
|-unboost|p2a: Band set|spd|1
|faint|p1a: Cobalion
|
|-weather|Sandstorm|[upkeep]
|
|switch|p1a: Dugtrio|Dugtrio, F|212/212
|-damage|p1a: Dugtrio|199/212|[from] Stealth Rock
|turn|19
|chat|latios77|no volt switch
|
|move|p2a: Band set|Close Combat|p1a: Dugtrio
|-damage|p1a: Dugtrio|0 fnt
|-unboost|p2a: Band set|def|1
|-unboost|p2a: Band set|spd|1
|faint|p1a: Dugtrio
|
|-weather|Sandstorm|[upkeep]
|chat|latios77|lol i win¿?
|chat|PiggK|yeah, looks like it
|
|switch|p1a: Scizor|Scizor, M|77/282 par
|-damage|p1a: Scizor|42/282 par|[from] Stealth Rock
|turn|20
|
|switch|p2a: Stealth rock|Landorus-Therian, M, shiny|41/318
|-ability|p2a: Stealth rock|Intimidate|[of] p1a: Scizor
|-unboost|p1a: Scizor|atk|1
|move|p1a: Scizor|Superpower|p2a: Stealth rock
|-resisted|p2a: Stealth rock
|-damage|p2a: Stealth rock|0 fnt
|-unboost|p1a: Scizor|atk|1
|-unboost|p1a: Scizor|def|1
|faint|p2a: Stealth rock
|
|-weather|Sandstorm|[upkeep]
|
|switch|p2a: Band set|Ditto|205/299
|-transform|p2a: Band set|p1a: Scizor
|turn|21
|
|move|p2a: Band set|Bullet Punch|p1a: Scizor
|-resisted|p1a: Scizor
|-damage|p1a: Scizor|1/282 par
|move|p1a: Scizor|Acrobatics|p2a: Band set
|-damage|p2a: Band set|97/299
|
|-weather|Sandstorm|[upkeep]
|turn|22
|chat|latios77|lol i play bad¿?
|
|move|p2a: Band set|Bullet Punch|p1a: Scizor
|-resisted|p1a: Scizor
|-damage|p1a: Scizor|0 fnt
|faint|p1a: Scizor
|
|-weather|Sandstorm|[upkeep]
|chat|PiggK|ha, same
|
|switch|p1a: Tyranitar|Tyranitar, M|135/342
|-damage|p1a: Tyranitar|93/342|[from] Stealth Rock
|turn|23
|
|move|p2a: Band set|Bullet Punch|p1a: Tyranitar
|-supereffective|p1a: Tyranitar
|-damage|p1a: Tyranitar|0 fnt
|faint|p1a: Tyranitar
|
|win|latios77
|raw|Ladder updating...
|raw|PiggK's rating: 1398 &rarr; <strong>1373</strong><br />(-25 for losing)
|raw|latios77's rating: 1303 &rarr; <strong>1329</strong><br />(+26 for winning)
|chat|latios77|gg anyway