|j|☆SuperClever
|j|☆Commbacckk
|t:|1728320833
|gametype|singles
|player|p1|SuperClever|red|1342
|player|p2|Commbacckk|170|1340
|teamsize|p1|6
|teamsize|p2|6
|gen|5
|tier|[Gen 5] OU
|rated|
|rule|Species Clause: Limit one of each Pokémon
|rule|OHKO Clause: OHKO moves are banned
|rule|Moody Clause: Moody is banned
|rule|Evasion Items Clause: Evasion items are banned
|rule|Evasion Moves Clause: Evasion moves are banned
|rule|Endless Battle Clause: Forcing endless battles is banned
|rule|HP Percentage Mod: HP is shown in percentages
|rule|Evasion Abilities Clause: Evasion abilities are banned
|rule|Sleep Moves Clause: Sleep-inducing moves are banned
|rule|Swagger Clause: Swagger is banned
|rule|Baton Pass Stat Clause: No Baton Passer may have a way to boost its stats
|clearpoke
|poke|p1|Latios, M|item
|poke|p1|Keldeo|item
|poke|p1|Landorus-Therian, M|item
|poke|p1|Tyranitar, F|item
|poke|p1|Volcarona, M|item
|poke|p1|Starmie|item
|poke|p2|Politoed, M|item
|poke|p2|Ferrothorn, M|item
|poke|p2|Tentacruel, F|item
|poke|p2|Latios, M|item
|poke|p2|Keldeo-Resolute|item
|poke|p2|Thundurus-Therian, M|item
|teampreview
|inactive|Battle timer is ON: inactive players will automatically lose when time's up. (requested by SuperClever)
|
|t:|1728320849
|start
|switch|p1a: Starmie|Starmie, shiny|100/100
|switch|p2a: Keldeo|Keldeo-Resolute|100/100
|turn|1
|
|t:|1728320854
|switch|p2a: Ferrothorn|Ferrothorn, M|100/100
|move|p1a: Starmie|Trick|p2a: Ferrothorn
|-activate|p1a: Starmie|move: Trick|[of] p2a: Ferrothorn
|-item|p2a: Ferrothorn|Choice Scarf|[from] move: Trick
|-item|p1a: Starmie|Leftovers|[from] move: Trick
|
|upkeep
|turn|2
|j| Italo Beat Boy
|
|t:|1728320862
|switch|p1a: Landorus|Landorus-Therian, M, shiny|100/100
|-ability|p1a: Landorus|Intimidate|boost
|-unboost|p2a: Ferrothorn|atk|1
|move|p2a: Ferrothorn|Stealth Rock|p1a: Landorus
|-sidestart|p1: SuperClever|move: Stealth Rock
|
|upkeep
|turn|3
|c| Italo Beat Boy|OMG LOL WTF
|
|t:|1728320875
|switch|p2a: Keldeo|Keldeo-Resolute|100/100
|move|p1a: Landorus|Stealth Rock|p2a: Keldeo
|-sidestart|p2: Commbacckk|move: Stealth Rock
|
|upkeep
|turn|4
|
|t:|1728320884
|switch|p1a: Starmie|Starmie, shiny|100/100
|-damage|p1a: Starmie|88/100|[from] Stealth Rock
|move|p2a: Keldeo|Hydro Pump|p1a: Starmie
|-resisted|p1a: Starmie
|-damage|p1a: Starmie|39/100
|
|-heal|p1a: Starmie|45/100|[from] item: Leftovers
|upkeep
|turn|5
|c| Italo Beat Boy|DJ SKIIIIIIIIIIIIIIIIINHEEEEEEEEAAAAAAAAAAAAAAAAAAAAAAAAADDDDDDDDD!!!!!!!!!!!!!!!!!!!
|
|t:|1728320898
|switch|p2a: Ferrothorn|Ferrothorn, M|100/100
|-damage|p2a: Ferrothorn|94/100|[from] Stealth Rock
|move|p1a: Starmie|Recover|p1a: Starmie
|-heal|p1a: Starmie|95/100
|
|-heal|p1a: Starmie|100/100|[from] item: Leftovers
|upkeep
|turn|6
|inactive|SuperClever has 120 seconds left.
|c| Italo Beat Boy|Jungs, was geht, ist hier korrekte Atmosphäre oder was?
|
|t:|1728320931
|switch|p1a: Landorus|Landorus-Therian, M, shiny|100/100
|-damage|p1a: Landorus|88/100|[from] Stealth Rock
|-ability|p1a: Landorus|Intimidate|boost
|-unboost|p2a: Ferrothorn|atk|1
|move|p2a: Ferrothorn|Power Whip|p1a: Landorus
|-damage|p1a: Landorus|64/100
|
|-heal|p1a: Landorus|70/100|[from] item: Leftovers
|upkeep
|turn|7
|inactive|SuperClever has 120 seconds left.
|
|t:|1728320946
|switch|p2a: Politoed|Politoed, M|100/100
|-damage|p2a: Politoed|88/100|[from] Stealth Rock
|-weather|RainDance|[from] ability: Drizzle|[of] p2a: Politoed
|move|p1a: Landorus|U-turn|p2a: Politoed
|-damage|p2a: Politoed|70/100
|
|t:|1728320967
|switch|p1a: Latios|Latios, M, shiny|100/100|[from] U-turn
|-damage|p1a: Latios|88/100|[from] Stealth Rock
|
|-weather|RainDance|[upkeep]
|-heal|p2a: Politoed|76/100|[from] item: Leftovers
|upkeep
|turn|8
|
|t:|1728320975
|move|p2a: Politoed|Protect|p2a: Politoed
|-singleturn|p2a: Politoed|Protect
|move|p1a: Latios|Psyshock|p2a: Politoed
|-activate|p2a: Politoed|move: Protect
|
|-weather|RainDance|[upkeep]
|-heal|p2a: Politoed|82/100|[from] item: Leftovers
|upkeep
|turn|9
|
|t:|1728320983
|switch|p2a: Latios|Latios, M|100/100
|-damage|p2a: Latios|88/100|[from] Stealth Rock
|move|p1a: Latios|Psyshock|p2a: Latios
|-resisted|p2a: Latios
|-damage|p2a: Latios|42/100
|
|-weather|RainDance|[upkeep]
|upkeep
|turn|10
|c| Italo Beat Boy|IST HIER KORREKTE ATMOSPHÄRE ODER WAS?????
|
|t:|1728320993
|switch|p2a: Tentacruel|Tentacruel, F|100/100
|-damage|p2a: Tentacruel|88/100|[from] Stealth Rock
|switch|p1a: Tyranitar|Tyranitar, F, shiny|100/100
|-damage|p1a: Tyranitar|88/100|[from] Stealth Rock
|-weather|Sandstorm|[from] ability: Sand Stream|[of] p1a: Tyranitar
|
|-weather|Sandstorm|[upkeep]
|-damage|p2a: Tentacruel|82/100|[from] Sandstorm
|-heal|p2a: Tentacruel|88/100|[from] item: Black Sludge
|upkeep
|turn|11
|
|t:|1728321016
|move|p2a: Tentacruel|Toxic|p1a: Tyranitar
|-status|p1a: Tyranitar|tox
|-enditem|p1a: Tyranitar|Lum Berry|[eat]
|-curestatus|p1a: Tyranitar|tox|[msg]
|move|p1a: Tyranitar|Dragon Dance|p1a: Tyranitar
|-boost|p1a: Tyranitar|atk|1
|-boost|p1a: Tyranitar|spe|1
|
|-weather|Sandstorm|[upkeep]
|-damage|p2a: Tentacruel|82/100|[from] Sandstorm
|-heal|p2a: Tentacruel|88/100|[from] item: Black Sludge
|upkeep
|turn|12
|
|t:|1728321026
|move|p1a: Tyranitar|Stone Edge|p2a: Tentacruel|[miss]
|-miss|p1a: Tyranitar|p2a: Tentacruel
|move|p2a: Tentacruel|Toxic|p1a: Tyranitar|[miss]
|-miss|p2a: Tentacruel|p1a: Tyranitar
|
|-weather|Sandstorm|[upkeep]
|-damage|p2a: Tentacruel|82/100|[from] Sandstorm
|-heal|p2a: Tentacruel|88/100|[from] item: Black Sludge
|upkeep
|turn|13
|
|t:|1728321034
|move|p1a: Tyranitar|Stone Edge|p2a: Tentacruel
|-damage|p2a: Tentacruel|0 fnt
|faint|p2a: Tentacruel
|
|-weather|Sandstorm|[upkeep]
|upkeep
|c| Italo Beat Boy|Whatever. Just fill the hole, holefiller!!!!
|
|t:|1728321037
|switch|p2a: Politoed|Politoed, M|82/100
|-damage|p2a: Politoed|70/100|[from] Stealth Rock
|-weather|RainDance|[from] ability: Drizzle|[of] p2a: Politoed
|turn|14
|
|t:|1728321044
|move|p1a: Tyranitar|Stone Edge|p2a: Politoed|[miss]
|-miss|p1a: Tyranitar|p2a: Politoed
|move|p2a: Politoed|Perish Song|p2a: Politoed
|-start|p1a: Tyranitar|perish3|[silent]
|-start|p2a: Politoed|perish3|[silent]
|-fieldactivate|move: Perish Song
|
|-weather|RainDance|[upkeep]
|-heal|p2a: Politoed|76/100|[from] item: Leftovers
|-start|p1a: Tyranitar|perish3
|-start|p2a: Politoed|perish3
|upkeep
|turn|15
|inactive|SuperClever has 120 seconds left.
|
|t:|1728321058
|switch|p1a: Latios|Latios, M, shiny|88/100
|-damage|p1a: Latios|76/100|[from] Stealth Rock
|move|p2a: Politoed|Protect||[still]
|-fail|p2a: Politoed
|
|-weather|RainDance|[upkeep]
|-heal|p2a: Politoed|82/100|[from] item: Leftovers
|-start|p2a: Politoed|perish2
|upkeep
|turn|16
|inactive|SuperClever has 120 seconds left.
|
|t:|1728321068
|switch|p2a: Ferrothorn|Ferrothorn, M|94/100
|-damage|p2a: Ferrothorn|88/100|[from] Stealth Rock
|move|p1a: Latios|Psyshock|p2a: Ferrothorn
|-resisted|p2a: Ferrothorn
|-damage|p2a: Ferrothorn|69/100
|
|-weather|RainDance|[upkeep]
|upkeep
|turn|17
|c| Italo Beat Boy|LULZ WTH
|inactive|SuperClever has 120 seconds left.
|
|t:|1728321081
|switch|p2a: Keldeo|Keldeo-Resolute|100/100
|-damage|p2a: Keldeo|94/100|[from] Stealth Rock
|move|p1a: Latios|Psyshock|p2a: Keldeo
|-supereffective|p2a: Keldeo
|-damage|p2a: Keldeo|0 fnt
|faint|p2a: Keldeo
|
|-weather|RainDance|[upkeep]
|upkeep
|
|t:|1728321086
|switch|p2a: Latios|Latios, M|42/100
|-damage|p2a: Latios|30/100|[from] Stealth Rock
|turn|18
|
|t:|1728321096
|move|p2a: Latios|Draco Meteor|p1a: Latios
|-supereffective|p1a: Latios
|-damage|p1a: Latios|0 fnt
|-unboost|p2a: Latios|spa|2
|faint|p1a: Latios
|
|-weather|RainDance|[upkeep]
|upkeep
|
|t:|1728321105
|switch|p1a: Tyranitar|Tyranitar, F, shiny|88/100
|-damage|p1a: Tyranitar|76/100|[from] Stealth Rock
|-weather|Sandstorm|[from] ability: Sand Stream|[of] p1a: Tyranitar
|turn|19
|
|t:|1728321111
|switch|p2a: Politoed|Politoed, M|82/100
|-damage|p2a: Politoed|70/100|[from] Stealth Rock
|-weather|RainDance|[from] ability: Drizzle|[of] p2a: Politoed
|move|p1a: Tyranitar|Dragon Dance|p1a: Tyranitar
|-boost|p1a: Tyranitar|atk|1
|-boost|p1a: Tyranitar|spe|1
|
|-weather|RainDance|[upkeep]
|-heal|p2a: Politoed|76/100|[from] item: Leftovers
|upkeep
|turn|20
|
|t:|1728321121
|move|p1a: Tyranitar|Stone Edge|p2a: Politoed
|-crit|p2a: Politoed
|-damage|p2a: Politoed|0 fnt
|faint|p2a: Politoed
|
|-weather|RainDance|[upkeep]
|upkeep
|
|t:|1728321124
|switch|p2a: Latios|Latios, M|30/100
|-damage|p2a: Latios|18/100|[from] Stealth Rock
|turn|21
|
|t:|1728321129
|move|p2a: Latios|Surf|p1a: Tyranitar
|-supereffective|p1a: Tyranitar
|-damage|p1a: Tyranitar|0 fnt
|faint|p1a: Tyranitar
|
|-weather|RainDance|[upkeep]
|upkeep
|c| Italo Beat Boy|Just move the boards over there, boardmover!!!!!
|
|t:|1728321152
|switch|p1a: Starmie|Starmie, shiny|100/100
|-damage|p1a: Starmie|88/100|[from] Stealth Rock
|turn|22
|
|t:|1728321157
|switch|p2a: Ferrothorn|Ferrothorn, M|69/100
|-damage|p2a: Ferrothorn|63/100|[from] Stealth Rock
|move|p1a: Starmie|Rapid Spin|p2a: Ferrothorn
|-resisted|p2a: Ferrothorn
|-damage|p2a: Ferrothorn|62/100
|-damage|p1a: Starmie|76/100|[from] ability: Iron Barbs|[of] p2a: Ferrothorn
|-sideend|p1: SuperClever|Stealth Rock|[from] move: Rapid Spin|[of] p1a: Starmie
|
|-weather|RainDance|[upkeep]
|-heal|p1a: Starmie|82/100|[from] item: Leftovers
|upkeep
|turn|23
|c| Italo Beat Boy|Ist diese Bassdrum korrekt?
|
|t:|1728321167
|switch|p1a: Landorus|Landorus-Therian, M, shiny|70/100
|-ability|p1a: Landorus|Intimidate|boost
|-unboost|p2a: Ferrothorn|atk|1
|switch|p2a: Thundurus|Thundurus-Therian, M|100/100
|-damage|p2a: Thundurus|76/100|[from] Stealth Rock
|
|-weather|RainDance|[upkeep]
|-heal|p2a: Thundurus|82/100|[from] item: Leftovers
|-heal|p1a: Landorus|76/100|[from] item: Leftovers
|upkeep
|turn|24
|c| Italo Beat Boy|UND DIESE????
|
|t:|1728321177
|move|p2a: Thundurus|Substitute|p2a: Thundurus
|-start|p2a: Thundurus|Substitute
|-damage|p2a: Thundurus|57/100
|move|p1a: Landorus|Explosion|p2a: Thundurus
|-end|p2a: Thundurus|Substitute
|faint|p1a: Landorus
|
|-weather|RainDance|[upkeep]
|-heal|p2a: Thundurus|63/100|[from] item: Leftovers
|upkeep
|c| Italo Beat Boy|DAFUQ?????????????????
|
|t:|1728321198
|switch|p1a: Keldeo|Keldeo|100/100
|turn|25
|c| Italo Beat Boy|Now he's pissed!
|
|t:|1728321202
|move|p1a: Keldeo|Hydro Pump|p2a: Thundurus
|-damage|p2a: Thundurus|0 fnt
|faint|p2a: Thundurus
|
|-weather|RainDance|[upkeep]
|upkeep
|
|t:|1728321204
|switch|p2a: Latios|Latios, M|18/100
|-damage|p2a: Latios|5/100|[from] Stealth Rock
|turn|26
|
|t:|1728321211
|switch|p1a: Starmie|Starmie, shiny|82/100
|move|p2a: Latios|Thunder|p1a: Starmie
|-supereffective|p1a: Starmie
|-damage|p1a: Starmie|0 fnt
|faint|p1a: Starmie
|
|-weather|RainDance|[upkeep]
|upkeep
|
|t:|1728321219
|switch|p1a: Volcarona|Volcarona, M, shiny|100/100
|turn|27
|c| Italo Beat Boy|OOOUUUHHHH SHIIIIIIIIIT!!!!!
|
|t:|1728321223
|move|p2a: Latios|Thunder|p1a: Volcarona
|-damage|p1a: Volcarona|66/100
|move|p1a: Volcarona|Fiery Dance|p2a: Latios
|-resisted|p2a: Latios
|-damage|p2a: Latios|0 fnt
|-boost|p1a: Volcarona|spa|1
|faint|p2a: Latios
|
|-weather|RainDance|[upkeep]
|-heal|p1a: Volcarona|72/100|[from] item: Leftovers
|upkeep
|-message|Commbacckk forfeited.
|
|win|SuperClever
|raw|SuperClever's rating: 1342 &rarr; <strong>1363</strong><br />(+21 for winning)
|raw|Commbacckk's rating: 1351 &rarr; <strong>1330</strong><br />(-21 for losing)
|l|☆Commbacckk
|player|p2|
|c| Italo Beat Boy|ThatÄskdopsdkoewkföew-fk
|l| Italo Beat Boy
