|j|☆testbwou
|j|☆Paperm47
|t:|1708677917
|gametype|singles
|player|p1|testbwou|2|1322
|player|p2|Paperm47|ash-sinnoh|1380
|teamsize|p1|6
|teamsize|p2|6
|gen|5
|tier|[Gen 5] OU
|rated|
|rule|Species Clause: Limit one of each Pokémon
|rule|OHKO Clause: OHKO moves are banned
|rule|Moody Clause: Moody is banned
|rule|Evasion Items Clause: Evasion items are banned
|rule|Evasion Moves Clause: Evasion moves are banned
|rule|Endless Battle Clause: Forcing endless battles is banned
|rule|HP Percentage Mod: HP is shown in percentages
|rule|Evasion Abilities Clause: Evasion abilities are banned
|rule|Sleep Moves Clause: Sleep-inducing moves are banned
|rule|Swagger Clause: Swagger is banned
|rule|Baton Pass Stat Clause: No Baton Passer may have a way to boost its stats
|clearpoke
|poke|p1|Riolu, M|item
|poke|p1|Forretress, M|item
|poke|p1|Shedinja|item
|poke|p1|Politoed, F|item
|poke|p1|Gengar, F|item
|poke|p1|Starmie|item
|poke|p2|Lucario, M|item
|poke|p2|Heatran, M|item
|poke|p2|Weavile, M|item
|poke|p2|Keldeo-Resolute|item
|poke|p2|Breloom, M|item
|poke|p2|Rotom-Wash|item
|teampreview
|
|t:|1708677944
|start
|switch|p1a: Forretress|Forretress, M|100/100
|switch|p2a: Heatran|Heatran, M|100/100
|turn|1
|inactive|Battle timer is ON: inactive players will automatically lose when time's up. (requested by Paperm47)
|
|t:|1708677946
|move|p1a: Forretress|Stealth Rock|p2a: Heatran
|-sidestart|p2: Paperm47|move: Stealth Rock
|move|p2a: Heatran|Lava Plume|p1a: Forretress
|-supereffective|p1a: Forretress
|-ability|p1a: Forretress|Sturdy
|-damage|p1a: Forretress|1/100
|
|upkeep
|turn|2
|-enditem|p1a: Forretress|Custap Berry|[eat]
|-activate|p1a: Forretress|item: Custap Berry|[consumed]
|
|t:|1708677950
|move|p1a: Forretress|Spikes|p2a: Heatran
|-sidestart|p2: Paperm47|Spikes
|move|p2a: Heatran|Stealth Rock|p1a: Forretress
|-sidestart|p1: testbwou|move: Stealth Rock
|
|upkeep
|turn|3
|
|t:|1708677956
|move|p1a: Forretress|Rapid Spin|p2a: Heatran
|-resisted|p2a: Heatran
|-damage|p2a: Heatran|99/100
|-sideend|p1: testbwou|Stealth Rock|[from] move: Rapid Spin|[of] p1a: Forretress
|move|p2a: Heatran|Lava Plume|p1a: Forretress
|-supereffective|p1a: Forretress
|-damage|p1a: Forretress|0 fnt
|faint|p1a: Forretress
|
|-heal|p2a: Heatran|100/100|[from] item: Leftovers
|upkeep
|
|t:|1708677963
|switch|p1a: Lucаrio|Riolu, M|100/100
|turn|4
|
|t:|1708677967
|move|p2a: Heatran|Lava Plume|p1a: Lucаrio
|-enditem|p1a: Lucаrio|Focus Sash
|-damage|p1a: Lucаrio|1/100
|move|p1a: Lucаrio|Roar|p2a: Heatran
|drag|p2a: Weavile|Weavile, M|100/100
|-damage|p2a: Weavile|76/100|[from] Stealth Rock
|-damage|p2a: Weavile|63/100|[from] Spikes
|-ability|p2a: Weavile|Pressure
|
|upkeep
|turn|5
|
|t:|1708677973
|move|p2a: Weavile|Ice Shard|p1a: Lucаrio
|-damage|p1a: Lucаrio|0 fnt
|faint|p1a: Lucаrio
|
|upkeep
|
|t:|1708677977
|switch|p1a: Politoed|Politoed, F|100/100
|-weather|RainDance|[from] ability: Drizzle|[of] p1a: Politoed
|turn|6
|
|t:|1708677979
|switch|p2a: Rotom|Rotom-Wash|100/100
|-damage|p2a: Rotom|88/100|[from] Stealth Rock
|move|p1a: Politoed|Surf|p2a: Rotom
|-resisted|p2a: Rotom
|-damage|p2a: Rotom|59/100
|
|-weather|RainDance|[upkeep]
|-heal|p2a: Rotom|66/100|[from] item: Leftovers
|upkeep
|turn|7
|
|t:|1708677982
|switch|p1a: Ninjаsk|Shedinja|100/100
|move|p2a: Rotom|Thunder Wave|p1a: Ninjаsk
|-status|p1a: Ninjаsk|par
|
|-weather|RainDance|[upkeep]
|-heal|p2a: Rotom|72/100|[from] item: Leftovers
|upkeep
|turn|8
|
|t:|1708677989
|switch|p2a: Heatran|Heatran, M|100/100
|-damage|p2a: Heatran|88/100|[from] Stealth Rock
|-damage|p2a: Heatran|76/100|[from] Spikes
|switch|p1a: Starmie|Starmie|100/100
|
|-weather|RainDance|[upkeep]
|-heal|p2a: Heatran|82/100|[from] item: Leftovers
|upkeep
|turn|9
|
|t:|1708677992
|move|p2a: Heatran|Protect|p2a: Heatran
|-singleturn|p2a: Heatran|Protect
|move|p1a: Starmie|Surf|p2a: Heatran
|-activate|p2a: Heatran|move: Protect
|
|-weather|RainDance|[upkeep]
|-heal|p2a: Heatran|88/100|[from] item: Leftovers
|upkeep
|turn|10
|
|t:|1708677999
|switch|p2a: Breloom|Breloom, M|100/100
|-damage|p2a: Breloom|94/100|[from] Stealth Rock
|-damage|p2a: Breloom|82/100|[from] Spikes
|move|p1a: Starmie|Surf|p2a: Breloom
|-resisted|p2a: Breloom
|-damage|p2a: Breloom|9/100
|-damage|p1a: Starmie|91/100|[from] item: Life Orb
|
|-weather|RainDance|[upkeep]
|-status|p2a: Breloom|tox|[from] item: Toxic Orb
|upkeep
|turn|11
|
|t:|1708678007
|move|p1a: Starmie|Ice Beam|p2a: Breloom
|-supereffective|p2a: Breloom
|-damage|p2a: Breloom|0 fnt
|faint|p2a: Breloom
|-damage|p1a: Starmie|81/100|[from] item: Life Orb
|
|-weather|RainDance|[upkeep]
|upkeep
|
|t:|1708678020
|switch|p2a: Weavile|Weavile, M|63/100
|-damage|p2a: Weavile|38/100|[from] Stealth Rock
|-damage|p2a: Weavile|26/100|[from] Spikes
|-ability|p2a: Weavile|Pressure
|turn|12
|
|t:|1708678028
|move|p2a: Weavile|Pursuit|p1a: Starmie
|-supereffective|p1a: Starmie
|-damage|p1a: Starmie|0 fnt
|faint|p1a: Starmie
|
|-weather|RainDance|[upkeep]
|upkeep
|
|t:|1708678035
|switch|p1a: Politoed|Politoed, F|100/100
|turn|13
|
|t:|1708678040
|switch|p2a: Rotom|Rotom-Wash|72/100
|-damage|p2a: Rotom|59/100|[from] Stealth Rock
|move|p1a: Politoed|Hidden Power|p2a: Rotom
|-supereffective|p2a: Rotom
|-damage|p2a: Rotom|21/100
|
|-weather|RainDance|[upkeep]
|-heal|p2a: Rotom|27/100|[from] item: Leftovers
|upkeep
|turn|14
|
|t:|1708678043
|move|p1a: Politoed|Hidden Power|p2a: Rotom
|-supereffective|p2a: Rotom
|-damage|p2a: Rotom|0 fnt
|faint|p2a: Rotom
|
|-weather|RainDance|[upkeep]
|upkeep
|j| SKT T1 Motherfaker
|
|t:|1708678048
|switch|p2a: Heatran|Heatran, M|88/100
|-damage|p2a: Heatran|76/100|[from] Stealth Rock
|-damage|p2a: Heatran|63/100|[from] Spikes
|turn|15
|
|t:|1708678075
|switch|p1a: Gengar|Gengar, F|100/100
|move|p2a: Heatran|Stealth Rock|p1a: Gengar
|-sidestart|p1: testbwou|move: Stealth Rock
|
|-weather|RainDance|[upkeep]
|-heal|p2a: Heatran|69/100|[from] item: Leftovers
|upkeep
|turn|16
|
|t:|1708678079
|move|p2a: Heatran|Protect|p2a: Heatran
|-singleturn|p2a: Heatran|Protect
|move|p1a: Gengar|Focus Blast|p2a: Heatran
|-activate|p2a: Heatran|move: Protect
|
|-weather|RainDance|[upkeep]
|-heal|p2a: Heatran|76/100|[from] item: Leftovers
|upkeep
|turn|17
|
|t:|1708678090
|move|p1a: Gengar|Focus Blast|p2a: Heatran
|-supereffective|p2a: Heatran
|-damage|p2a: Heatran|0 fnt
|faint|p2a: Heatran
|-damage|p1a: Gengar|91/100|[from] item: Life Orb
|
|-weather|RainDance|[upkeep]
|upkeep
|
|t:|1708678093
|switch|p2a: Keldeo|Keldeo-Resolute|100/100
|-damage|p2a: Keldeo|94/100|[from] Stealth Rock
|-damage|p2a: Keldeo|82/100|[from] Spikes
|turn|18
|
|t:|1708678122
|switch|p1a: Ninjаsk|Shedinja|100/100 par
|-damage|p1a: Ninjаsk|0 fnt|[from] Stealth Rock
|faint|p1a: Ninjаsk
|move|p2a: Keldeo|Scald|p1: Ninjаsk|[notarget]
|-fail|p2a: Keldeo
|
|-weather|RainDance|[upkeep]
|upkeep
|
|t:|1708678124
|switch|p1a: Politoed|Politoed, F|100/100
|-damage|p1a: Politoed|88/100|[from] Stealth Rock
|turn|19
|
|t:|1708678126
|switch|p2a: Weavile|Weavile, M|26/100
|-damage|p2a: Weavile|1/100|[from] Stealth Rock
|-damage|p2a: Weavile|0 fnt|[from] Spikes
|faint|p2a: Weavile
|move|p1a: Politoed|Psychic|p2: Weavile|[notarget]
|-fail|p1a: Politoed
|
|-weather|RainDance|[upkeep]
|upkeep
|
|t:|1708678128
|switch|p2a: Lucario|Lucario, M|100/100
|-damage|p2a: Lucario|98/100|[from] Stealth Rock
|-damage|p2a: Lucario|85/100|[from] Spikes
|turn|20
|
|t:|1708678138
|switch|p1a: Gengar|Gengar, F|91/100
|-damage|p1a: Gengar|78/100|[from] Stealth Rock
|move|p2a: Lucario|Close Combat|p1a: Gengar
|-immune|p1a: Gengar
|
|-weather|RainDance|[upkeep]
|upkeep
|turn|21
|
|t:|1708678145
|move|p1a: Gengar|Focus Blast|p2a: Lucario
|-supereffective|p2a: Lucario
|-damage|p2a: Lucario|0 fnt
|faint|p2a: Lucario
|-damage|p1a: Gengar|68/100|[from] item: Life Orb
|
|-weather|RainDance|[upkeep]
|upkeep
|
|t:|1708678148
|switch|p2a: Keldeo|Keldeo-Resolute|82/100
|-damage|p2a: Keldeo|76/100|[from] Stealth Rock
|-damage|p2a: Keldeo|63/100|[from] Spikes
|turn|22
|
|t:|1708678149
|move|p1a: Gengar|Thunderbolt|p2a: Keldeo
|-supereffective|p2a: Keldeo
|-damage|p2a: Keldeo|0 fnt
|faint|p2a: Keldeo
|-damage|p1a: Gengar|58/100|[from] item: Life Orb
|
|win|testbwou
|raw|testbwou's rating: 1351 &rarr; <strong>1373</strong><br />(+22 for winning)
|raw|Paperm47's rating: 1387 &rarr; <strong>1365</strong><br />(-22 for losing)
|c|☆testbwou|gg
|l|☆testbwou
|player|p1|
|c|☆Paperm47|gg
|l|☆Paperm47
|player|p2|
