|j|☆u spin my head
|j|☆Ryan Cowtinho
|t:|1716935039
|gametype|singles
|player|p1|u spin my head|pokemaniac|1337
|player|p2|Ryan Cowtinho|li|1404
|teamsize|p1|6
|teamsize|p2|6
|gen|5
|tier|[Gen 5] OU
|rated|
|rule|Species Clause: Limit one of each Pokémon
|rule|OHKO Clause: OHKO moves are banned
|rule|Moody Clause: Moody is banned
|rule|Evasion Items Clause: Evasion items are banned
|rule|Evasion Moves Clause: Evasion moves are banned
|rule|Endless Battle Clause: Forcing endless battles is banned
|rule|HP Percentage Mod: HP is shown in percentages
|rule|Evasion Abilities Clause: Evasion abilities are banned
|rule|Sleep Moves Clause: Sleep-inducing moves are banned
|rule|Swagger Clause: Swagger is banned
|rule|Baton Pass Stat Clause: No Baton Passer may have a way to boost its stats
|clearpoke
|poke|p1|Gallade, M|item
|poke|p1|Crawdaunt, F|item
|poke|p1|Scrafty, M|item
|poke|p1|Gyarados, F|item
|poke|p1|Jirachi|item
|poke|p1|Dragonite, M|item
|poke|p2|Tyranitar, M|item
|poke|p2|Mienshao, M|item
|poke|p2|Ferrothorn, M|item
|poke|p2|Latios, M|item
|poke|p2|Excadrill, F|item
|poke|p2|Dragonite, M|item
|teampreview
|inactive|Battle timer is ON: inactive players will automatically lose when time's up. (requested by u spin my head)
|j| NeonJolteonWasUsed
|
|t:|1716935065
|start
|switch|p1a: Jirachi|Jirachi|100/100
|switch|p2a: Mienshao|Mienshao, M|100/100
|turn|1
|l| NeonJolteonWasUsed
|
|t:|1716935070
|move|p2a: Mienshao|Substitute|p2a: Mienshao
|-start|p2a: Mienshao|Substitute
|-damage|p2a: Mienshao|76/100
|move|p1a: Jirachi|Stealth Rock|p2a: Mienshao
|-sidestart|p2: Ryan Cowtinho|move: Stealth Rock
|
|upkeep
|turn|2
|
|t:|1716935073
|move|p2a: Mienshao|Baton Pass|p2a: Mienshao
|
|t:|1716935075
|switch|p2a: Excadrill|Excadrill, F|100/100|[from] Baton Pass
|-damage|p2a: Excadrill|97/100|[from] Stealth Rock
|move|p1a: Jirachi|Thunder|p2a: Excadrill
|-immune|p2a: Excadrill
|
|-heal|p2a: Excadrill|100/100|[from] item: Leftovers
|upkeep
|turn|3
|
|t:|1716935082
|switch|p1a: Gyarados|Gyarados, F|100/100
|-ability|p1a: Gyarados|Intimidate|boost
|-immune|p2a: Excadrill
|move|p2a: Excadrill|Rapid Spin|p1a: Gyarados
|-damage|p1a: Gyarados|91/100
|-sideend|p2: Ryan Cowtinho|Stealth Rock|[from] move: Rapid Spin|[of] p2a: Excadrill
|
|-heal|p1a: Gyarados|97/100|[from] item: Leftovers
|upkeep
|turn|4
|
|t:|1716935088
|move|p2a: Excadrill|Swords Dance|p2a: Excadrill
|-boost|p2a: Excadrill|atk|2
|move|p1a: Gyarados|Waterfall|p2a: Excadrill
|-supereffective|p2a: Excadrill
|-end|p2a: Excadrill|Substitute
|
|-heal|p1a: Gyarados|100/100|[from] item: Leftovers
|upkeep
|turn|5
|
|t:|1716935091
|switch|p2a: Dragonite|Dragonite, M|100/100
|move|p1a: Gyarados|Waterfall|p2a: Dragonite
|-resisted|p2a: Dragonite
|-damage|p2a: Dragonite|92/100
|
|-heal|p2a: Dragonite|99/100|[from] item: Leftovers
|upkeep
|turn|6
|
|t:|1716935106
|switch|p1a: Dragonite|Dragonite, M|100/100
|move|p2a: Dragonite|Dragon Dance|p2a: Dragonite
|-boost|p2a: Dragonite|atk|1
|-boost|p2a: Dragonite|spe|1
|
|-heal|p2a: Dragonite|100/100|[from] item: Leftovers
|upkeep
|turn|7
|
|t:|1716935114
|move|p2a: Dragonite|Dragon Claw|p1a: Dragonite
|-supereffective|p1a: Dragonite
|-damage|p1a: Dragonite|44/100
|move|p1a: Dragonite|Dragon Dance|p1a: Dragonite
|-boost|p1a: Dragonite|atk|1
|-boost|p1a: Dragonite|spe|1
|
|upkeep
|turn|8
|
|t:|1716935120
|switch|p2a: Ferrothorn|Ferrothorn, M|100/100
|move|p1a: Dragonite|Outrage|p2a: Ferrothorn
|-resisted|p2a: Ferrothorn
|-damage|p2a: Ferrothorn|58/100
|-damage|p1a: Dragonite|32/100|[from] ability: Iron Barbs|[of] p2a: Ferrothorn
|
|-heal|p2a: Ferrothorn|65/100|[from] item: Leftovers
|upkeep
|turn|9
|
|t:|1716935123
|move|p1a: Dragonite|Outrage|p2a: Ferrothorn|[from]lockedmove
|-resisted|p2a: Ferrothorn
|-damage|p2a: Ferrothorn|29/100
|-damage|p1a: Dragonite|20/100|[from] ability: Iron Barbs|[of] p2a: Ferrothorn
|-start|p1a: Dragonite|confusion|[fatigue]
|-enditem|p1a: Dragonite|Lum Berry|[eat]
|-end|p1a: Dragonite|confusion
|move|p2a: Ferrothorn|Stealth Rock|p1a: Dragonite
|-sidestart|p1: u spin my head|move: Stealth Rock
|
|-heal|p2a: Ferrothorn|35/100|[from] item: Leftovers
|upkeep
|turn|10
|
|t:|1716935132
|move|p1a: Dragonite|Fire Punch|p2a: Ferrothorn
|-supereffective|p2a: Ferrothorn
|-damage|p2a: Ferrothorn|0 fnt
|-damage|p1a: Dragonite|7/100|[from] ability: Iron Barbs|[of] p2a: Ferrothorn
|faint|p2a: Ferrothorn
|
|upkeep
|
|t:|1716935139
|switch|p2a: Latios|Latios, M|100/100
|turn|11
|
|t:|1716935141
|switch|p2a: Tyranitar|Tyranitar, M|100/100
|-weather|Sandstorm|[from] ability: Sand Stream|[of] p2a: Tyranitar
|move|p1a: Dragonite|Outrage|p2a: Tyranitar
|-damage|p2a: Tyranitar|16/100
|
|-weather|Sandstorm|[upkeep]
|-damage|p1a: Dragonite|1/100|[from] Sandstorm
|upkeep
|turn|12
|
|t:|1716935148
|move|p1a: Dragonite|Outrage|p2a: Tyranitar|[from]lockedmove
|-damage|p2a: Tyranitar|0 fnt
|faint|p2a: Tyranitar
|-start|p1a: Dragonite|confusion|[fatigue]
|
|-weather|Sandstorm|[upkeep]
|-damage|p1a: Dragonite|0 fnt|[from] Sandstorm
|faint|p1a: Dragonite
|upkeep
|
|t:|1716935156
|switch|p1a: Gallade|Gallade, M|100/100
|switch|p2a: Latios|Latios, M|100/100
|-damage|p1a: Gallade|94/100|[from] Stealth Rock
|turn|13
|
|t:|1716935160
|move|p2a: Latios|Draco Meteor|p1a: Gallade
|-damage|p1a: Gallade|28/100
|-unboost|p2a: Latios|spa|2
|move|p1a: Gallade|Light Screen|p1a: Gallade
|-sidestart|p1: u spin my head|move: Light Screen
|
|-weather|Sandstorm|[upkeep]
|-damage|p2a: Latios|95/100|[from] Sandstorm
|-damage|p1a: Gallade|22/100|[from] Sandstorm
|upkeep
|turn|14
|
|t:|1716935164
|move|p2a: Latios|Draco Meteor|p1a: Gallade
|-damage|p1a: Gallade|7/100
|-unboost|p2a: Latios|spa|2
|move|p1a: Gallade|Reflect|p1a: Gallade
|-sidestart|p1: u spin my head|Reflect
|
|-weather|Sandstorm|[upkeep]
|-damage|p2a: Latios|89/100|[from] Sandstorm
|-damage|p1a: Gallade|1/100|[from] Sandstorm
|upkeep
|turn|15
|
|t:|1716935169
|move|p2a: Latios|Draco Meteor|p1a: Gallade|[miss]
|-miss|p2a: Latios|p1a: Gallade
|move|p1a: Gallade|Memento|p2a: Latios
|-unboost|p2a: Latios|atk|2
|-unboost|p2a: Latios|spa|2
|faint|p1a: Gallade
|
|-weather|Sandstorm|[upkeep]
|-damage|p2a: Latios|83/100|[from] Sandstorm
|upkeep
|
|t:|1716935177
|switch|p1a: Scrafty|Scrafty, M|100/100
|-damage|p1a: Scrafty|94/100|[from] Stealth Rock
|turn|16
|
|t:|1716935182
|switch|p2a: Mienshao|Mienshao, M|100/100
|move|p1a: Scrafty|Dragon Dance|p1a: Scrafty
|-boost|p1a: Scrafty|atk|1
|-boost|p1a: Scrafty|spe|1
|
|-weather|Sandstorm|[upkeep]
|-damage|p1a: Scrafty|88/100|[from] Sandstorm
|-damage|p2a: Mienshao|95/100|[from] Sandstorm
|upkeep
|turn|17
|
|t:|1716935196
|move|p1a: Scrafty|Dragon Dance|p1a: Scrafty
|-boost|p1a: Scrafty|atk|1
|-boost|p1a: Scrafty|spe|1
|move|p2a: Mienshao|High Jump Kick|p1a: Scrafty
|-supereffective|p1a: Scrafty
|-damage|p1a: Scrafty|4/100
|-damage|p2a: Mienshao|85/100|[from] item: Life Orb
|
|-weather|Sandstorm|[upkeep]
|-damage|p1a: Scrafty|0 fnt|[from] Sandstorm
|-damage|p2a: Mienshao|79/100|[from] Sandstorm
|faint|p1a: Scrafty
|upkeep
|
|t:|1716935202
|switch|p1a: Gyarados|Gyarados, F|100/100
|-damage|p1a: Gyarados|76/100|[from] Stealth Rock
|-ability|p1a: Gyarados|Intimidate|boost
|-unboost|p2a: Mienshao|atk|1
|turn|18
|
|t:|1716935206
|switch|p2a: Dragonite|Dragonite, M|100/100
|move|p1a: Gyarados|Dragon Dance|p1a: Gyarados
|-boost|p1a: Gyarados|atk|1
|-boost|p1a: Gyarados|spe|1
|
|-weather|Sandstorm|[upkeep]
|-damage|p1a: Gyarados|69/100|[from] Sandstorm
|-damage|p2a: Dragonite|94/100|[from] Sandstorm
|-heal|p1a: Gyarados|76/100|[from] item: Leftovers
|-heal|p2a: Dragonite|100/100|[from] item: Leftovers
|upkeep
|turn|19
|
|t:|1716935210
|move|p1a: Gyarados|Dragon Dance|p1a: Gyarados
|-boost|p1a: Gyarados|atk|1
|-boost|p1a: Gyarados|spe|1
|move|p2a: Dragonite|Dragon Dance|p2a: Dragonite
|-boost|p2a: Dragonite|atk|1
|-boost|p2a: Dragonite|spe|1
|
|-weather|Sandstorm|[upkeep]
|-damage|p1a: Gyarados|69/100|[from] Sandstorm
|-damage|p2a: Dragonite|94/100|[from] Sandstorm
|-heal|p1a: Gyarados|76/100|[from] item: Leftovers
|-heal|p2a: Dragonite|100/100|[from] item: Leftovers
|upkeep
|turn|20
|
|t:|1716935212
|move|p1a: Gyarados|Bounce||[still]
|-prepare|p1a: Gyarados|Bounce
|move|p2a: Dragonite|Dragon Dance|p2a: Dragonite
|-boost|p2a: Dragonite|atk|1
|-boost|p2a: Dragonite|spe|1
|
|-weather|Sandstorm|[upkeep]
|-damage|p1a: Gyarados|69/100|[from] Sandstorm
|-damage|p2a: Dragonite|94/100|[from] Sandstorm
|-heal|p1a: Gyarados|76/100|[from] item: Leftovers
|-heal|p2a: Dragonite|100/100|[from] item: Leftovers
|-sideend|p1: u spin my head|move: Light Screen
|upkeep
|turn|21
|
|t:|1716935217
|move|p1a: Gyarados|Bounce|p2a: Dragonite|[from]lockedmove
|-damage|p2a: Dragonite|63/100
|-status|p2a: Dragonite|par
|move|p2a: Dragonite|Dragon Dance|p2a: Dragonite
|-boost|p2a: Dragonite|atk|1
|-boost|p2a: Dragonite|spe|1
|
|-weather|Sandstorm|[upkeep]
|-damage|p1a: Gyarados|69/100|[from] Sandstorm
|-damage|p2a: Dragonite|57/100 par|[from] Sandstorm
|-heal|p1a: Gyarados|76/100|[from] item: Leftovers
|-heal|p2a: Dragonite|63/100 par|[from] item: Leftovers
|-sideend|p1: u spin my head|Reflect
|upkeep
|turn|22
|
|t:|1716935224
|move|p1a: Gyarados|Substitute|p1a: Gyarados
|-start|p1a: Gyarados|Substitute
|-damage|p1a: Gyarados|51/100
|cant|p2a: Dragonite|par
|
|-weather|Sandstorm|[upkeep]
|-damage|p1a: Gyarados|44/100|[from] Sandstorm
|-damage|p2a: Dragonite|57/100 par|[from] Sandstorm
|-heal|p1a: Gyarados|51/100|[from] item: Leftovers
|-heal|p2a: Dragonite|63/100 par|[from] item: Leftovers
|upkeep
|turn|23
|
|t:|1716935228
|move|p1a: Gyarados|Waterfall|p2a: Dragonite
|-resisted|p2a: Dragonite
|-damage|p2a: Dragonite|31/100 par
|cant|p2a: Dragonite|par
|
|-weather|Sandstorm|[upkeep]
|-damage|p1a: Gyarados|44/100|[from] Sandstorm
|-damage|p2a: Dragonite|24/100 par|[from] Sandstorm
|-heal|p1a: Gyarados|51/100|[from] item: Leftovers
|-heal|p2a: Dragonite|31/100 par|[from] item: Leftovers
|upkeep
|turn|24
|
|t:|1716935234
|move|p1a: Gyarados|Waterfall|p2a: Dragonite
|-resisted|p2a: Dragonite
|-damage|p2a: Dragonite|0 fnt
|faint|p2a: Dragonite
|
|-weather|Sandstorm|[upkeep]
|-damage|p1a: Gyarados|44/100|[from] Sandstorm
|-heal|p1a: Gyarados|51/100|[from] item: Leftovers
|upkeep
|
|t:|1716935237
|switch|p2a: Latios|Latios, M|83/100
|turn|25
|
|t:|1716935243
|move|p1a: Gyarados|Bounce||[still]
|-prepare|p1a: Gyarados|Bounce
|move|p2a: Latios|Dragon Pulse|p1a: Gyarados|[miss]
|-miss|p2a: Latios|p1a: Gyarados
|
|-weather|Sandstorm|[upkeep]
|-damage|p1a: Gyarados|44/100|[from] Sandstorm
|-damage|p2a: Latios|77/100|[from] Sandstorm
|-heal|p1a: Gyarados|51/100|[from] item: Leftovers
|upkeep
|turn|26
|
|t:|1716935246
|switch|p2a: Excadrill|Excadrill, F|100/100
|move|p1a: Gyarados|Bounce|p2a: Excadrill|[from]lockedmove
|-resisted|p2a: Excadrill
|-damage|p2a: Excadrill|43/100
|
|-weather|Sandstorm|[upkeep]
|-damage|p1a: Gyarados|44/100|[from] Sandstorm
|-heal|p1a: Gyarados|51/100|[from] item: Leftovers
|-heal|p2a: Excadrill|49/100|[from] item: Leftovers
|upkeep
|turn|27
|-message|Ryan Cowtinho forfeited.
|
|win|u spin my head
|raw|u spin my head's rating: 1337 &rarr; <strong>1361</strong><br />(+24 for winning)
|raw|Ryan Cowtinho's rating: 1404 &rarr; <strong>1380</strong><br />(-24 for losing)
|l|☆Ryan Cowtinho
|player|p2|
