|j|☆ETTS1
|j|☆Dewey7
|player|p1|ETTS1|214
|player|p2|Dewey7|134
|teamsize|p1|6
|teamsize|p2|6
|gametype|singles
|gen|5
|tier|[Gen 5] OU
|rated|
|rule|Sleep Clause Mod: Limit one foe put to sleep
|rule|Species Clause: Limit one of each Pokémon
|rule|OHKO Clause: OHKO moves are banned
|rule|Moody Clause: Moody is banned
|rule|Evasion Moves Clause: Evasion moves are banned
|rule|Endless Battle Clause: Forcing endless battles is banned
|rule|HP Percentage Mod: HP is shown in percentages
|rule|Evasion Abilities Clause: Evasion abilities are banned
|rule|Baton Pass Clause: Limit one Baton Passer, can't pass Spe and other stats simultaneously
|rule|Swagger Clause: Swagger is banned
|clearpoke
|poke|p1|Starmie|item
|poke|p1|Honchkrow, F|item
|poke|p1|Terrakion|item
|poke|p1|Scizor, M|item
|poke|p1|Volcarona, M|item
|poke|p1|Keldeo|item
|poke|p2|Politoed, F|item
|poke|p2|Toxicroak, M|item
|poke|p2|Latias, F|item
|poke|p2|Excadrill, M|item
|poke|p2|Ferrothorn, M|item
|poke|p2|Vaporeon, F|item
|teampreview
|
|start
|switch|p1a: Terrakion|Terrakion|100/100
|switch|p2a: Ferrothorn|Ferrothorn, M|100/100
|turn|1
|
|switch|p2a: Toxicroak|Toxicroak, M|100/100
|move|p1a: Terrakion|Taunt|p2a: Toxicroak
|-start|p2a: Toxicroak|move: Taunt
|
|upkeep
|turn|2
|
|move|p1a: Terrakion|Stealth Rock|p2a: Toxicroak
|-sidestart|p2: Dewey7|move: Stealth Rock
|move|p2a: Toxicroak|Drain Punch|p1a: Terrakion
|-supereffective|p1a: Terrakion
|-damage|p1a: Terrakion|37/100
|
|upkeep
|turn|3
|
|move|p1a: Terrakion|Close Combat|p2a: Toxicroak
|-resisted|p2a: Toxicroak
|-crit|p2a: Toxicroak
|-damage|p2a: Toxicroak|49/100
|-unboost|p1a: Terrakion|def|1
|-unboost|p1a: Terrakion|spd|1
|move|p2a: Toxicroak|Drain Punch|p1a: Terrakion
|-supereffective|p1a: Terrakion
|-damage|p1a: Terrakion|0 fnt
|-heal|p2a: Toxicroak|65/100|[from] drain|[of] p1a: Terrakion
|faint|p1a: Terrakion
|
|-heal|p2a: Toxicroak|71/100|[from] item: Black Sludge
|-end|p2a: Toxicroak|move: Taunt
|upkeep
|
|switch|p1a: Volcarona|Volcarona, M|100/100
|turn|4
|
|move|p1a: Volcarona|Quiver Dance|p1a: Volcarona
|-boost|p1a: Volcarona|spa|1
|-boost|p1a: Volcarona|spd|1
|-boost|p1a: Volcarona|spe|1
|move|p2a: Toxicroak|Toxic|p1a: Volcarona
|-status|p1a: Volcarona|tox
|
|-heal|p2a: Toxicroak|77/100|[from] item: Black Sludge
|-damage|p1a: Volcarona|94/100 tox|[from] psn
|upkeep
|turn|5
|
|move|p2a: Toxicroak|Protect|p2a: Toxicroak
|-singleturn|p2a: Toxicroak|Protect
|move|p1a: Volcarona|Quiver Dance|p1a: Volcarona
|-boost|p1a: Volcarona|spa|1
|-boost|p1a: Volcarona|spd|1
|-boost|p1a: Volcarona|spe|1
|
|-heal|p2a: Toxicroak|84/100|[from] item: Black Sludge
|-damage|p1a: Volcarona|82/100 tox|[from] psn
|upkeep
|turn|6
|
|switch|p2a: Politoed|Politoed, F|100/100
|-damage|p2a: Politoed|88/100|[from] Stealth Rock
|-weather|RainDance|[from] ability: Drizzle|[of] p2a: Politoed
|move|p1a: Volcarona|Giga Drain|p2a: Politoed
|-supereffective|p2a: Politoed
|-damage|p2a: Politoed|0 fnt
|-heal|p1a: Volcarona|100/100 tox|[from] drain|[of] p2a: Politoed
|faint|p2a: Politoed
|
|-weather|RainDance|[upkeep]
|-damage|p1a: Volcarona|82/100 tox|[from] psn
|upkeep
|
|switch|p2a: Ferrothorn|Ferrothorn, M|100/100
|-damage|p2a: Ferrothorn|94/100|[from] Stealth Rock
|turn|7
|
|move|p1a: Volcarona|Flamethrower|p2a: Ferrothorn
|-supereffective|p2a: Ferrothorn
|-damage|p2a: Ferrothorn|0 fnt
|faint|p2a: Ferrothorn
|
|-weather|RainDance|[upkeep]
|-damage|p1a: Volcarona|58/100 tox|[from] psn
|upkeep
|
|switch|p2a: Latias|Latias, F|100/100
|-damage|p2a: Latias|88/100|[from] Stealth Rock
|turn|8
|
|move|p1a: Volcarona|Hidden Power|p2a: Latias
|-supereffective|p2a: Latias
|-crit|p2a: Latias
|-damage|p2a: Latias|0 fnt
|faint|p2a: Latias
|
|-weather|RainDance|[upkeep]
|-damage|p1a: Volcarona|27/100 tox|[from] psn
|upkeep
|
|switch|p2a: Toxicroak|Toxicroak, M|84/100
|-damage|p2a: Toxicroak|77/100|[from] Stealth Rock
|turn|9
|
|switch|p1a: Scizor|Scizor, M|100/100
|move|p2a: Toxicroak|Protect||[still]
|-fail|p2a: Toxicroak
|
|-weather|RainDance|[upkeep]
|-heal|p2a: Toxicroak|90/100|[from] ability: Dry Skin
|-heal|p2a: Toxicroak|96/100|[from] item: Black Sludge
|upkeep
|turn|10
|
|move|p1a: Scizor|Swords Dance|p1a: Scizor
|-boost|p1a: Scizor|atk|2
|move|p2a: Toxicroak|Bulk Up|p2a: Toxicroak
|-boost|p2a: Toxicroak|atk|1
|-boost|p2a: Toxicroak|def|1
|
|-weather|RainDance|[upkeep]
|-heal|p2a: Toxicroak|100/100|[from] ability: Dry Skin
|upkeep
|turn|11
|
|move|p1a: Scizor|Acrobatics|p2a: Toxicroak
|-enditem|p1a: Scizor|Flying Gem|[from] gem|[move] Acrobatics
|-supereffective|p2a: Toxicroak
|-damage|p2a: Toxicroak|0 fnt
|faint|p2a: Toxicroak
|
|-weather|RainDance|[upkeep]
|upkeep
|
|switch|p2a: Vaporeon|Vaporeon, F|100/100
|-damage|p2a: Vaporeon|88/100|[from] Stealth Rock
|turn|12
|
|move|p1a: Scizor|Acrobatics|p2a: Vaporeon
|-damage|p2a: Vaporeon|15/100
|move|p2a: Vaporeon|Acid Armor|p2a: Vaporeon
|-boost|p2a: Vaporeon|def|2
|
|-weather|RainDance|[upkeep]
|-heal|p2a: Vaporeon|21/100|[from] item: Leftovers
|upkeep
|turn|13
|
|move|p1a: Scizor|Acrobatics|p2a: Vaporeon
|-damage|p2a: Vaporeon|0 fnt
|faint|p2a: Vaporeon
|
|-weather|RainDance|[upkeep]
|upkeep
|-message|Dewey7 forfeited.
|
|win|ETTS1
|l|☆Dewey7
|raw|ETTS1's rating: 1277 &rarr; <strong>1307</strong><br />(+30 for winning)
|raw|Dewey7's rating: 1349 &rarr; <strong>1325</strong><br />(-24 for losing)
