|j|☆blackkaiser
|j|☆doughboy
|player|p1|blackkaiser|102|1303
|player|p2|doughboy|170|1426
|teamsize|p1|6
|teamsize|p2|6
|gametype|singles
|gen|5
|tier|[Gen 5] OU
|rated|
|rule|Sleep Clause Mod: Limit one foe put to sleep
|rule|Species Clause: Limit one of each Pokémon
|rule|OHKO Clause: OHKO moves are banned
|rule|Moody Clause: Moody is banned
|rule|Evasion Moves Clause: Evasion moves are banned
|rule|Endless Battle Clause: Forcing endless battles is banned
|rule|HP Percentage Mod: HP is shown in percentages
|rule|Evasion Abilities Clause: Evasion abilities are banned
|rule|Baton Pass Clause: Limit one Baton Passer, can't pass Spe and other stats simultaneously
|rule|Swagger Clause: Swagger is banned
|clearpoke
|poke|p1|Hippowdon, M|item
|poke|p1|Ferrothorn, F|item
|poke|p1|Jellicent, M|item
|poke|p1|Latios, M|item
|poke|p1|Garchomp, M|item
|poke|p1|Scizor, F|item
|poke|p2|Garchomp, M|item
|poke|p2|Volcarona, M|item
|poke|p2|Ninetales, F|item
|poke|p2|Heatran, M|item
|poke|p2|Latios, M|item
|poke|p2|Donphan, M|item
|teampreview
|inactive|Battle timer is ON: inactive players will automatically lose when time's up. (requested by blackkaiser)
|
|start
|switch|p1a: Hippowdon|Hippowdon, M|100/100
|switch|p2a: Garchomp|Garchomp, M|100/100
|-weather|Sandstorm|[from] ability: Sand Stream|[of] p1a: Hippowdon
|turn|1
|j| r4wwerewrwe
|
|move|p2a: Garchomp|Outrage|p1a: Hippowdon
|-damage|p1a: Hippowdon|48/100
|move|p1a: Hippowdon|Stealth Rock|p2a: Garchomp
|-sidestart|p2: doughboy|move: Stealth Rock
|
|-weather|Sandstorm|[upkeep]
|-heal|p1a: Hippowdon|54/100|[from] item: Leftovers
|upkeep
|turn|2
|
|switch|p1a: Ferrothorn|Ferrothorn, F|100/100
|move|p2a: Garchomp|Outrage|p1a: Ferrothorn|[from]lockedmove
|-resisted|p1a: Ferrothorn
|-crit|p1a: Ferrothorn
|-damage|p1a: Ferrothorn|48/100
|-damage|p2a: Garchomp|88/100|[from] ability: Iron Barbs|[of] p1a: Ferrothorn
|-damage|p2a: Garchomp|72/100|[from] item: Rocky Helmet|[of] p1a: Ferrothorn
|
|-weather|Sandstorm|[upkeep]
|upkeep
|turn|3
|
|move|p2a: Garchomp|Outrage|p1a: Ferrothorn|[from]lockedmove
|-resisted|p1a: Ferrothorn
|-damage|p1a: Ferrothorn|20/100
|-damage|p2a: Garchomp|59/100|[from] ability: Iron Barbs|[of] p1a: Ferrothorn
|-damage|p2a: Garchomp|43/100|[from] item: Rocky Helmet|[of] p1a: Ferrothorn
|-start|p2a: Garchomp|confusion|[fatigue]
|move|p1a: Ferrothorn|Spikes|p2a: Garchomp
|-sidestart|p2: doughboy|Spikes
|
|-weather|Sandstorm|[upkeep]
|upkeep
|turn|4
|
|switch|p2a: Ninetales|Ninetales, F|100/100
|-damage|p2a: Ninetales|88/100|[from] Spikes
|-damage|p2a: Ninetales|63/100|[from] Stealth Rock
|move|p1a: Ferrothorn|Spikes|p2a: Ninetales
|-sidestart|p2: doughboy|Spikes
|
|-weather|Sandstorm|[upkeep]
|-damage|p2a: Ninetales|57/100|[from] Sandstorm
|-heal|p2a: Ninetales|63/100|[from] item: Leftovers
|upkeep
|turn|5
|
|switch|p1a: Latios|Latios, M, shiny|100/100
|move|p2a: Ninetales|Flamethrower|p1a: Latios
|-resisted|p1a: Latios
|-damage|p1a: Latios|87/100
|
|-weather|Sandstorm|[upkeep]
|-damage|p1a: Latios|81/100|[from] Sandstorm
|-damage|p2a: Ninetales|57/100|[from] Sandstorm
|-heal|p2a: Ninetales|63/100|[from] item: Leftovers
|upkeep
|turn|6
|c|☆doughboy|opps lol
|
|move|p2a: Ninetales|Protect|p2a: Ninetales
|-singleturn|p2a: Ninetales|Protect
|move|p1a: Latios|Surf|p2a: Ninetales
|-activate|p2a: Ninetales|move: Protect
|
|-weather|Sandstorm|[upkeep]
|-damage|p1a: Latios|75/100|[from] Sandstorm
|-damage|p2a: Ninetales|57/100|[from] Sandstorm
|-heal|p2a: Ninetales|63/100|[from] item: Leftovers
|upkeep
|turn|7
|
|switch|p2a: Latios|Latios, M|100/100
|-damage|p2a: Latios|88/100|[from] Stealth Rock
|move|p1a: Latios|Surf|p2a: Latios
|-resisted|p2a: Latios
|-damage|p2a: Latios|65/100
|
|-weather|Sandstorm|[upkeep]
|-damage|p2a: Latios|59/100|[from] Sandstorm
|-damage|p1a: Latios|69/100|[from] Sandstorm
|upkeep
|turn|8
|
|switch|p1a: Scizor|Scizor, F|100/100
|move|p2a: Latios|Trick|p1a: Scizor
|-activate|p2a: Latios|move: Trick|[of] p1a: Scizor
|-item|p1a: Scizor|Choice Scarf|[from] move: Trick
|-item|p2a: Latios|Choice Band|[from] move: Trick
|
|-weather|Sandstorm|[upkeep]
|-damage|p2a: Latios|53/100|[from] Sandstorm
|upkeep
|turn|9
|
|move|p2a: Latios|Draco Meteor|p1a: Scizor
|-resisted|p1a: Scizor
|-damage|p1a: Scizor|55/100
|-unboost|p2a: Latios|spa|2
|move|p1a: Scizor|U-turn|p2a: Latios
|-supereffective|p2a: Latios
|-damage|p2a: Latios|0 fnt
|faint|p2a: Latios
|
|switch|p1a: Latios|Latios, M, shiny|69/100|[from]move: U-turn
|
|-weather|Sandstorm|[upkeep]
|-damage|p1a: Latios|63/100|[from] Sandstorm
|upkeep
|
|switch|p2a: Ninetales|Ninetales, F|63/100
|-damage|p2a: Ninetales|38/100|[from] Stealth Rock
|-damage|p2a: Ninetales|22/100|[from] Spikes
|turn|10
|c| r4wwerewrwe|gg
|inactive|blackkaiser has 120 seconds left.
|
|move|p2a: Ninetales|Protect|p2a: Ninetales
|-singleturn|p2a: Ninetales|Protect
|move|p1a: Latios|Surf|p2a: Ninetales
|-activate|p2a: Ninetales|move: Protect
|
|-weather|Sandstorm|[upkeep]
|-damage|p1a: Latios|57/100|[from] Sandstorm
|-damage|p2a: Ninetales|16/100|[from] Sandstorm
|-heal|p2a: Ninetales|22/100|[from] item: Leftovers
|upkeep
|turn|11
|
|move|p2a: Ninetales|Protect||[still]
|-fail|p2a: Ninetales
|move|p1a: Latios|Surf|p2a: Ninetales
|-supereffective|p2a: Ninetales
|-damage|p2a: Ninetales|0 fnt
|faint|p2a: Ninetales
|
|-weather|Sandstorm|[upkeep]
|-damage|p1a: Latios|51/100|[from] Sandstorm
|upkeep
|
|switch|p2a: Heatran|Heatran, M|100/100
|-damage|p2a: Heatran|88/100|[from] Stealth Rock
|-item|p2a: Heatran|Air Balloon
|turn|12
|
|move|p1a: Latios|Surf|p2a: Heatran
|-supereffective|p2a: Heatran
|-damage|p2a: Heatran|0 fnt
|-enditem|p2a: Heatran|Air Balloon
|faint|p2a: Heatran
|
|-weather|Sandstorm|[upkeep]
|-damage|p1a: Latios|45/100|[from] Sandstorm
|upkeep
|
|switch|p2a: Donphan|Donphan, M|100/100
|-damage|p2a: Donphan|94/100|[from] Stealth Rock
|-damage|p2a: Donphan|78/100|[from] Spikes
|turn|13
|inactive|blackkaiser has 120 seconds left.
|
|move|p2a: Donphan|Ice Shard|p1a: Latios
|-supereffective|p1a: Latios
|-crit|p1a: Latios
|-damage|p1a: Latios|0 fnt
|faint|p1a: Latios
|
|-weather|Sandstorm|[upkeep]
|-heal|p2a: Donphan|84/100|[from] item: Leftovers
|upkeep
|
|switch|p1a: Jellicent|Jellicent, M|100/100
|turn|14
|
|switch|p2a: Garchomp|Garchomp, M|43/100
|-damage|p2a: Garchomp|37/100|[from] Stealth Rock
|-damage|p2a: Garchomp|20/100|[from] Spikes
|move|p1a: Jellicent|Scald|p2a: Garchomp
|-damage|p2a: Garchomp|0 fnt
|faint|p2a: Garchomp
|
|-weather|Sandstorm|[upkeep]
|-damage|p1a: Jellicent|94/100|[from] Sandstorm
|-heal|p1a: Jellicent|100/100|[from] item: Leftovers
|upkeep
|
|switch|p2a: Volcarona|Volcarona, M|100/100
|-damage|p2a: Volcarona|84/100|[from] Spikes
|-damage|p2a: Volcarona|34/100|[from] Stealth Rock
|turn|15
|
|move|p2a: Volcarona|Quiver Dance|p2a: Volcarona
|-boost|p2a: Volcarona|spa|1
|-boost|p2a: Volcarona|spd|1
|-boost|p2a: Volcarona|spe|1
|move|p1a: Jellicent|Scald|p2a: Volcarona
|-supereffective|p2a: Volcarona
|-damage|p2a: Volcarona|0 fnt
|faint|p2a: Volcarona
|
|-weather|Sandstorm|[upkeep]
|-damage|p1a: Jellicent|94/100|[from] Sandstorm
|-heal|p1a: Jellicent|100/100|[from] item: Leftovers
|upkeep
|-message|doughboy forfeited.
|
|win|blackkaiser
|l|☆doughboy
|raw|blackkaiser's rating: 1304 &rarr; <strong>1330</strong><br />(+26 for winning)
|raw|doughboy's rating: 1426 &rarr; <strong>1399</strong><br />(-27 for losing)
