|j|☆TrackhawkSRT
|j|☆chomp29
|t:|1748780913
|gametype|singles
|player|p1|TrackhawkSRT|psychic|1292
|player|p2|chomp29|lucas|1522
|teamsize|p1|6
|teamsize|p2|6
|gen|5
|tier|[Gen 5] OU
|rated|
|rule|Species Clause: Limit one of each Pokémon
|rule|OHKO Clause: OHKO moves are banned
|rule|Moody Clause: Moody is banned
|rule|Evasion Items Clause: Evasion items are banned
|rule|Evasion Moves Clause: Evasion moves are banned
|rule|Endless Battle Clause: Forcing endless battles is banned
|rule|HP Percentage Mod: HP is shown in percentages
|rule|Evasion Abilities Clause: Evasion abilities are banned
|rule|Sleep Moves Clause: Sleep-inducing moves are banned
|rule|Swagger Clause: Swagger is banned
|rule|Baton Pass Stat Clause: No Baton Passer may have a way to boost its stats
|clearpoke
|poke|p1|Jirachi|item
|poke|p1|Volcarona, M|item
|poke|p1|Conkeldurr, F|item
|poke|p1|Starmie|item
|poke|p1|Terrakion|item
|poke|p1|Dragonite, M|item
|poke|p2|Keldeo|item
|poke|p2|Politoed, F|item
|poke|p2|Ferrothorn, F|item
|poke|p2|Scizor, M|item
|poke|p2|Thundurus-Therian, M|item
|poke|p2|Starmie|item
|teampreview
|inactive|Battle timer is ON: inactive players will automatically lose when time's up. (requested by chomp29)
|inactive|chomp29 has 120 seconds left.
|
|t:|1748780959
|start
|switch|p1a: Terrakion|Terrakion|100/100
|switch|p2a: Scizor|Scizor, M|100/100
|turn|1
|
|t:|1748780973
|move|p2a: Scizor|U-turn|p1a: Terrakion
|-resisted|p1a: Terrakion
|-damage|p1a: Terrakion|81/100
|
|t:|1748780976
|switch|p2a: Starmie|Starmie|100/100|[from] U-turn
|-item|p2a: Starmie|Air Balloon
|move|p1a: Terrakion|Stealth Rock|p2a: Starmie
|-sidestart|p2: chomp29|move: Stealth Rock
|
|upkeep
|turn|2
|
|t:|1748780984
|move|p2a: Starmie|Rapid Spin|p1a: Terrakion
|-resisted|p1a: Terrakion
|-damage|p1a: Terrakion|80/100
|-sideend|p2: chomp29|Stealth Rock|[from] move: Rapid Spin|[of] p2a: Starmie
|move|p1a: Terrakion|Stone Edge|p2a: Starmie
|-damage|p2a: Starmie|29/100
|-enditem|p2a: Starmie|Air Balloon
|
|upkeep
|turn|3
|j| jrwy
|
|t:|1748780995
|switch|p1a: Jirachi|Jirachi|100/100
|move|p2a: Starmie|Psychic|p1a: Jirachi
|-resisted|p1a: Jirachi
|-damage|p1a: Jirachi|90/100
|
|upkeep
|turn|4
|inactive|chomp29 has 120 seconds left.
|
|t:|1748781041
|switch|p2a: Scizor|Scizor, M|100/100
|move|p1a: Jirachi|U-turn|p2a: Scizor
|-resisted|p2a: Scizor
|-damage|p2a: Scizor|89/100
|inactive|TrackhawkSRT has 120 seconds left.
|
|t:|1748781075
|switch|p1a: Volcarona|Volcarona, M|100/100|[from] U-turn
|
|upkeep
|turn|5
|inactive|TrackhawkSRT has 120 seconds left.
|
|t:|1748781095
|move|p2a: Scizor|Double-Edge|p1a: Volcarona
|-damage|p1a: Volcarona|39/100
|-damage|p2a: Scizor|66/100|[from] Recoil
|move|p1a: Volcarona|Giga Drain|p2a: Scizor
|-resisted|p2a: Scizor
|-damage|p2a: Scizor|54/100
|-heal|p1a: Volcarona|45/100|[from] drain|[of] p2a: Scizor
|-damage|p1a: Volcarona|35/100|[from] item: Life Orb
|
|upkeep
|turn|6
|inactive|TrackhawkSRT has 120 seconds left.
|
|t:|1748781112
|switch|p2a: Politoed|Politoed, F|100/100
|-weather|RainDance|[from] ability: Drizzle|[of] p2a: Politoed
|switch|p1a: Jirachi|Jirachi|90/100
|
|-weather|RainDance|[upkeep]
|upkeep
|turn|7
|
|t:|1748781120
|move|p1a: Jirachi|U-turn|p2a: Politoed
|-damage|p2a: Politoed|85/100
|
|t:|1748781124
|switch|p1a: Conkeldurr|Conkeldurr, F|100/100|[from] U-turn
|move|p2a: Politoed|Scald|p1a: Conkeldurr
|-damage|p1a: Conkeldurr|64/100
|
|-weather|RainDance|[upkeep]
|-heal|p2a: Politoed|91/100|[from] item: Leftovers
|-heal|p1a: Conkeldurr|70/100|[from] item: Leftovers
|upkeep
|turn|8
|inactive|TrackhawkSRT has 120 seconds left.
|inactive|chomp29 has 120 seconds left.
|
|t:|1748781142
|move|p2a: Politoed|Toxic|p1a: Conkeldurr
|-status|p1a: Conkeldurr|tox
|move|p1a: Conkeldurr|Drain Punch|p2a: Politoed
|-damage|p2a: Politoed|29/100
|-heal|p1a: Conkeldurr|100/100 tox|[from] drain|[of] p2a: Politoed
|
|-weather|RainDance|[upkeep]
|-heal|p2a: Politoed|35/100|[from] item: Leftovers
|-damage|p1a: Conkeldurr|94/100 tox|[from] psn
|upkeep
|turn|9
|inactive|TrackhawkSRT has 120 seconds left.
|
|t:|1748781153
|move|p2a: Politoed|Protect|p2a: Politoed
|-singleturn|p2a: Politoed|Protect
|move|p1a: Conkeldurr|Mach Punch|p2a: Politoed
|-activate|p2a: Politoed|move: Protect
|
|-weather|RainDance|[upkeep]
|-heal|p2a: Politoed|41/100|[from] item: Leftovers
|-heal|p1a: Conkeldurr|100/100 tox|[from] item: Leftovers
|-damage|p1a: Conkeldurr|88/100 tox|[from] psn
|upkeep
|turn|10
|
|t:|1748781159
|move|p2a: Politoed|Scald|p1a: Conkeldurr
|-damage|p1a: Conkeldurr|55/100 tox
|move|p1a: Conkeldurr|Drain Punch|p2a: Politoed
|-damage|p2a: Politoed|0 fnt
|-heal|p1a: Conkeldurr|75/100 tox|[from] drain|[of] p2a: Politoed
|faint|p2a: Politoed
|
|-weather|RainDance|[upkeep]
|-heal|p1a: Conkeldurr|81/100 tox|[from] item: Leftovers
|-damage|p1a: Conkeldurr|63/100 tox|[from] psn
|upkeep
|inactive|chomp29 has 120 seconds left.
|
|t:|1748781173
|switch|p2a: Thundurus|Thundurus-Therian, M|100/100
|turn|11
|
|t:|1748781179
|move|p2a: Thundurus|Thunder|p1a: Conkeldurr
|-damage|p1a: Conkeldurr|0 fnt
|faint|p1a: Conkeldurr
|
|-weather|RainDance|[upkeep]
|upkeep
|
|t:|1748781187
|switch|p1a: Terrakion|Terrakion|80/100
|turn|12
|
|t:|1748781192
|move|p1a: Terrakion|Stone Edge|p2a: Thundurus
|-supereffective|p2a: Thundurus
|-damage|p2a: Thundurus|0 fnt
|faint|p2a: Thundurus
|
|-weather|RainDance|[upkeep]
|upkeep
|
|t:|1748781206
|switch|p2a: Keldeo|Keldeo|100/100
|turn|13
|
|t:|1748781213
|switch|p1a: Volcarona|Volcarona, M|35/100
|move|p2a: Keldeo|Surf|p1a: Volcarona
|-supereffective|p1a: Volcarona
|-damage|p1a: Volcarona|0 fnt
|faint|p1a: Volcarona
|
|-weather|RainDance|[upkeep]
|upkeep
|
|t:|1748781218
|switch|p1a: Dragonite|Dragonite, M|100/100
|turn|14
|
|t:|1748781236
|move|p2a: Keldeo|Surf|p1a: Dragonite
|-resisted|p1a: Dragonite
|-damage|p1a: Dragonite|81/100
|move|p1a: Dragonite|Dragon Dance|p1a: Dragonite
|-boost|p1a: Dragonite|atk|1
|-boost|p1a: Dragonite|spe|1
|
|-weather|RainDance|[upkeep]
|upkeep
|turn|15
|
|t:|1748781242
|switch|p2a: Ferrothorn|Ferrothorn, F|100/100
|move|p1a: Dragonite|Dragon Dance|p1a: Dragonite
|-boost|p1a: Dragonite|atk|1
|-boost|p1a: Dragonite|spe|1
|
|-weather|RainDance|[upkeep]
|upkeep
|turn|16
|
|t:|1748781248
|move|p1a: Dragonite|Fire Punch|p2a: Ferrothorn
|-supereffective|p2a: Ferrothorn
|-damage|p2a: Ferrothorn|0 fnt
|-damage|p1a: Dragonite|69/100|[from] ability: Iron Barbs|[of] p2a: Ferrothorn
|faint|p2a: Ferrothorn
|
|-weather|RainDance|[upkeep]
|upkeep
|
|t:|1748781262
|switch|p2a: Keldeo|Keldeo|100/100
|turn|17
|
|t:|1748781267
|move|p1a: Dragonite|Outrage|p2a: Keldeo
|-damage|p2a: Keldeo|0 fnt
|faint|p2a: Keldeo
|
|-weather|RainDance|[upkeep]
|upkeep
|
|t:|1748781275
|switch|p2a: Starmie|Starmie|29/100
|turn|18
|
|t:|1748781278
|move|p1a: Dragonite|Outrage|p2a: Starmie|[from] lockedmove
|-damage|p2a: Starmie|0 fnt
|faint|p2a: Starmie
|-start|p1a: Dragonite|confusion|[fatigue]
|-enditem|p1a: Dragonite|Lum Berry|[eat]
|-end|p1a: Dragonite|confusion
|
|-weather|RainDance|[upkeep]
|upkeep
|-message|chomp29 forfeited.
|
|win|TrackhawkSRT
|raw|TrackhawkSRT's rating: 1292 &rarr; <strong>1331</strong><br />(+39 for winning)
|raw|chomp29's rating: 1522 &rarr; <strong>1490</strong><br />(-32 for losing)
|l|☆chomp29
|player|p2|
