|j|☆peihan
|j|☆Pythagorean Python
|player|p1|peihan|n|1344
|player|p2|Pythagorean Python|159|1409
|teamsize|p1|6
|teamsize|p2|6
|gametype|singles
|gen|5
|tier|[Gen 5] OU
|rated|
|clearpoke
|poke|p1|Espeon, M|item
|poke|p1|Salamence, F|item
|poke|p1|Scizor, F|item
|poke|p1|Sableye, F|item
|poke|p1|Gastrodon, M|item
|poke|p1|Landorus-Therian, M|item
|poke|p2|Salamence, M|item
|poke|p2|Garchomp, F|item
|poke|p2|Meloetta|item
|poke|p2|Raikou|item
|poke|p2|Mienshao, M|item
|poke|p2|Jirachi|item
|rule|Species Clause: Limit one of each Pokémon
|rule|OHKO Clause: OHKO moves are banned
|rule|Moody Clause: Moody is banned
|rule|Evasion Moves Clause: Evasion moves are banned
|rule|Endless Battle Clause: Forcing endless battles is banned
|rule|HP Percentage Mod: HP is shown in percentages
|rule|Evasion Abilities Clause: Evasion abilities are banned
|rule|Baton Pass Clause: Limit one Baton Passer, can't pass Spe and other stats simultaneously
|rule|Sleep Clause: Sleep-inducing moves are banned
|rule|Swagger Clause: Swagger is banned
|teampreview
|inactive|Battle timer is ON: inactive players will automatically lose when time's up. (requested by peihan)
|
|start
|switch|p1a: Sableye|Sableye, F|100/100
|switch|p2a: Raikou|Raikou|100/100
|-ability|p2a: Raikou|Pressure
|turn|1
|
|switch|p1a: Gastrodon|Gastrodon, M|100/100
|move|p2a: Raikou|Thunderbolt|p1a: Gastrodon
|-immune|p1a: Gastrodon
|
|upkeep
|turn|2
|
|switch|p2a: Meloetta|Meloetta|100/100
|move|p1a: Gastrodon|Earth Power|p2a: Meloetta
|-damage|p2a: Meloetta|79/100
|
|-heal|p2a: Meloetta|85/100|[from] item: Leftovers
|upkeep
|turn|3
|
|move|p1a: Gastrodon|Protect|p1a: Gastrodon
|-singleturn|p1a: Gastrodon|Protect
|move|p2a: Meloetta|Calm Mind|p2a: Meloetta
|-boost|p2a: Meloetta|spa|1
|-boost|p2a: Meloetta|spd|1
|
|-heal|p2a: Meloetta|91/100|[from] item: Leftovers
|upkeep
|turn|4
|
|switch|p1a: Scizor|Scizor, F|100/100
|move|p2a: Meloetta|Psyshock|p1a: Scizor
|-resisted|p1a: Scizor
|-damage|p1a: Scizor|66/100
|
|-heal|p2a: Meloetta|98/100|[from] item: Leftovers
|-heal|p1a: Scizor|73/100|[from] item: Leftovers
|upkeep
|turn|5
|
|move|p2a: Meloetta|Focus Blast|p1a: Scizor
|-damage|p1a: Scizor|0 fnt
|faint|p1a: Scizor
|
|-heal|p2a: Meloetta|100/100|[from] item: Leftovers
|upkeep
|
|switch|p1a: Landorus|Landorus-Therian, M|100/100
|-ability|p1a: Landorus|Intimidate|boost
|-unboost|p2a: Meloetta|atk|1
|turn|6
|
|move|p1a: Landorus|U-turn|p2a: Meloetta
|-supereffective|p2a: Meloetta
|-damage|p2a: Meloetta|57/100
|
|switch|p1a: Sableye|Sableye, F|100/100|[from]move: U-turn
|move|p2a: Meloetta|Psyshock|p1a: Sableye
|-immune|p1a: Sableye
|
|-heal|p2a: Meloetta|63/100|[from] item: Leftovers
|upkeep
|turn|7
|
|move|p1a: Sableye|Will-O-Wisp|p2a: Meloetta
|-status|p2a: Meloetta|brn
|move|p2a: Meloetta|Shadow Ball|p1a: Sableye
|-damage|p1a: Sableye|45/100
|-unboost|p1a: Sableye|spd|1
|
|-heal|p2a: Meloetta|69/100 brn|[from] item: Leftovers
|-heal|p1a: Sableye|51/100|[from] item: Leftovers
|-damage|p2a: Meloetta|57/100 brn|[from] brn
|upkeep
|turn|8
|j| Grtushi
|
|move|p1a: Sableye|Protect|p1a: Sableye
|-singleturn|p1a: Sableye|Protect
|move|p2a: Meloetta|Shadow Ball|p1a: Sableye
|-activate|p1a: Sableye|move: Protect
|
|-heal|p2a: Meloetta|63/100 brn|[from] item: Leftovers
|-heal|p1a: Sableye|57/100|[from] item: Leftovers
|-damage|p2a: Meloetta|51/100 brn|[from] brn
|upkeep
|turn|9
|
|switch|p1a: Gastrodon|Gastrodon, M|100/100
|move|p2a: Meloetta|Shadow Ball|p1a: Gastrodon
|-damage|p1a: Gastrodon|69/100
|-unboost|p1a: Gastrodon|spd|1
|
|-heal|p2a: Meloetta|57/100 brn|[from] item: Leftovers
|-heal|p1a: Gastrodon|75/100|[from] item: Leftovers
|-damage|p2a: Meloetta|44/100 brn|[from] brn
|upkeep
|turn|10
|
|move|p1a: Gastrodon|Protect|p1a: Gastrodon
|-singleturn|p1a: Gastrodon|Protect
|move|p2a: Meloetta|Shadow Ball|p1a: Gastrodon
|-activate|p1a: Gastrodon|move: Protect
|
|-heal|p2a: Meloetta|51/100 brn|[from] item: Leftovers
|-heal|p1a: Gastrodon|81/100|[from] item: Leftovers
|-damage|p2a: Meloetta|38/100 brn|[from] brn
|upkeep
|turn|11
|
|switch|p1a: Sableye|Sableye, F|57/100
|move|p2a: Meloetta|Psyshock|p1a: Sableye
|-immune|p1a: Sableye
|
|-heal|p2a: Meloetta|44/100 brn|[from] item: Leftovers
|-heal|p1a: Sableye|64/100|[from] item: Leftovers
|-damage|p2a: Meloetta|32/100 brn|[from] brn
|upkeep
|turn|12
|j| aetnte
|
|switch|p2a: Salamence|Salamence, M|100/100
|-ability|p2a: Salamence|Intimidate|boost
|-unboost|p1a: Sableye|atk|1
|move|p1a: Sableye|Protect||[still]
|-fail|p1a: Sableye
|
|-heal|p1a: Sableye|70/100|[from] item: Leftovers
|upkeep
|turn|13
|
|move|p1a: Sableye|Will-O-Wisp|p2a: Salamence
|-status|p2a: Salamence|brn
|move|p2a: Salamence|Draco Meteor|p1a: Sableye
|-damage|p1a: Sableye|0 fnt
|-unboost|p2a: Salamence|spa|2
|faint|p1a: Sableye
|
|-damage|p2a: Salamence|88/100 brn|[from] brn
|upkeep
|
|switch|p1a: Salamence|Salamence, F|100/100
|turn|14
|
|switch|p2a: Jirachi|Jirachi|100/100
|move|p1a: Salamence|Dragon Dance|p1a: Salamence
|-boost|p1a: Salamence|atk|1
|-boost|p1a: Salamence|spe|1
|
|upkeep
|turn|15
|
|move|p1a: Salamence|Substitute|p1a: Salamence
|-start|p1a: Salamence|Substitute
|-damage|p1a: Salamence|75/100
|move|p2a: Jirachi|Iron Head|p1a: Salamence
|-end|p1a: Salamence|Substitute
|
|upkeep
|turn|16
|
|move|p1a: Salamence|Dragon Dance|p1a: Salamence
|-boost|p1a: Salamence|atk|1
|-boost|p1a: Salamence|spe|1
|move|p2a: Jirachi|Iron Head|p1a: Salamence
|-damage|p1a: Salamence|34/100
|
|upkeep
|turn|17
|
|move|p1a: Salamence|Fire Fang|p2a: Jirachi
|-supereffective|p2a: Jirachi
|-damage|p2a: Jirachi|10/100
|-heal|p1a: Salamence|45/100|[from] item: Shell Bell|[of] p2a: Jirachi
|move|p2a: Jirachi|Iron Head|p1a: Salamence
|-damage|p1a: Salamence|2/100
|
|-heal|p2a: Jirachi|16/100|[from] item: Leftovers
|upkeep
|turn|18
|
|switch|p2a: Salamence|Salamence, M|88/100 brn
|-ability|p2a: Salamence|Intimidate|boost
|-unboost|p1a: Salamence|atk|1
|move|p1a: Salamence|Fire Fang|p2a: Salamence
|-resisted|p2a: Salamence
|-damage|p2a: Salamence|66/100 brn
|-heal|p1a: Salamence|5/100|[from] item: Shell Bell|[of] p2a: Salamence
|
|-damage|p2a: Salamence|54/100 brn|[from] brn
|upkeep
|turn|19
|
|move|p1a: Salamence|Outrage|p2a: Salamence
|-supereffective|p2a: Salamence
|-damage|p2a: Salamence|0 fnt
|-heal|p1a: Salamence|12/100|[from] item: Shell Bell|[of] p2a: Salamence
|faint|p2a: Salamence
|-ability|p1a: Salamence|Moxie|boost
|-boost|p1a: Salamence|atk|1
|
|upkeep
|
|switch|p2a: Meloetta|Meloetta|32/100 brn
|turn|20
|
|move|p1a: Salamence|Outrage|p2a: Meloetta|[from]lockedmove
|-damage|p2a: Meloetta|0 fnt
|-heal|p1a: Salamence|16/100|[from] item: Shell Bell|[of] p2a: Meloetta
|-start|p1a: Salamence|confusion|[fatigue]
|faint|p2a: Meloetta
|-ability|p1a: Salamence|Moxie|boost
|-boost|p1a: Salamence|atk|1
|
|upkeep
|
|switch|p2a: Jirachi|Jirachi|16/100
|turn|21
|
|-activate|p1a: Salamence|confusion
|-damage|p1a: Salamence|0 fnt|[from] confusion
|faint|p1a: Salamence
|move|p2a: Jirachi|Stealth Rock|p1: Salamence
|-sidestart|p1: peihan|move: Stealth Rock
|
|-heal|p2a: Jirachi|22/100|[from] item: Leftovers
|upkeep
|
|switch|p1a: Espeon|Espeon, M|100/100
|-damage|p1a: Espeon|88/100|[from] Stealth Rock
|turn|22
|
|move|p1a: Espeon|Shadow Ball|p2a: Jirachi
|-damage|p2a: Jirachi|0 fnt
|-damage|p1a: Espeon|78/100|[from] item: Life Orb
|faint|p2a: Jirachi
|
|upkeep
|
|switch|p2a: Raikou|Raikou|100/100
|-ability|p2a: Raikou|Pressure
|turn|23
|
|switch|p1a: Landorus|Landorus-Therian, M|100/100
|-damage|p1a: Landorus|88/100|[from] Stealth Rock
|-ability|p1a: Landorus|Intimidate|boost
|-unboost|p2a: Raikou|atk|1
|move|p2a: Raikou|Signal Beam|p1a: Landorus
|-resisted|p1a: Landorus
|-damage|p1a: Landorus|76/100
|
|-heal|p1a: Landorus|82/100|[from] item: Leftovers
|upkeep
|turn|24
|
|move|p2a: Raikou|Hidden Power|p1a: Landorus
|-supereffective|p1a: Landorus
|-damage|p1a: Landorus|0 fnt
|faint|p1a: Landorus
|
|upkeep
|
|switch|p1a: Gastrodon|Gastrodon, M|81/100
|-damage|p1a: Gastrodon|75/100|[from] Stealth Rock
|turn|25
|
|switch|p2a: Mienshao|Mienshao, M|100/100
|move|p1a: Gastrodon|Earth Power|p2a: Mienshao
|-damage|p2a: Mienshao|36/100
|
|-heal|p1a: Gastrodon|81/100|[from] item: Leftovers
|upkeep
|turn|26
|
|move|p1a: Gastrodon|Protect|p1a: Gastrodon
|-singleturn|p1a: Gastrodon|Protect
|move|p2a: Mienshao|Stone Edge|p1a: Gastrodon
|-activate|p1a: Gastrodon|move: Protect
|
|-heal|p1a: Gastrodon|88/100|[from] item: Leftovers
|upkeep
|turn|27
|
|move|p2a: Mienshao|High Jump Kick|p1a: Gastrodon
|-damage|p1a: Gastrodon|16/100
|move|p1a: Gastrodon|Earth Power|p2a: Mienshao
|-damage|p2a: Mienshao|0 fnt
|faint|p2a: Mienshao
|
|-heal|p1a: Gastrodon|23/100|[from] item: Leftovers
|upkeep
|
|switch|p2a: Garchomp|Garchomp, F|100/100
|turn|28
|
|move|p1a: Gastrodon|Protect|p1a: Gastrodon
|-singleturn|p1a: Gastrodon|Protect
|move|p2a: Garchomp|Outrage|p1a: Gastrodon
|-activate|p1a: Gastrodon|move: Protect
|
|-heal|p1a: Gastrodon|29/100|[from] item: Leftovers
|upkeep
|turn|29
|
|move|p2a: Garchomp|Outrage|p1a: Gastrodon
|-damage|p1a: Gastrodon|0 fnt
|faint|p1a: Gastrodon
|
|upkeep
|
|switch|p1a: Espeon|Espeon, M|78/100
|-damage|p1a: Espeon|66/100|[from] Stealth Rock
|turn|30
|
|move|p2a: Garchomp|Outrage|p1a: Espeon|[from]lockedmove
|-damage|p1a: Espeon|0 fnt
|faint|p1a: Espeon
|
|win|Pythagorean Python
|l| aetnte
|l|☆peihan
|raw|peihan's rating: 1345 &rarr; <strong>1329</strong><br />(-16 for losing)
|raw|Pythagorean Python's rating: 1409 &rarr; <strong>1426</strong><br />(+17 for winning)
