|j|☆stompeur de naze
|j|☆Seiji 15
|player|p1|stompeur de naze|101
|player|p2|Seiji 15|183
|teamsize|p1|6
|teamsize|p2|6
|gametype|singles
|gen|5
|tier|[Gen 5] OU
|rated|
|rule|Sleep Clause Mod: Limit one foe put to sleep
|rule|Species Clause: Limit one of each Pokémon
|rule|OHKO Clause: OHKO moves are banned
|rule|Moody Clause: Moody is banned
|rule|Evasion Moves Clause: Evasion moves are banned
|rule|Endless Battle Clause: Forcing endless battles is banned
|rule|HP Percentage Mod: HP is shown in percentages
|rule|Evasion Abilities Clause: Evasion abilities are banned
|rule|Baton Pass Clause: Limit one Baton Passer, can't pass Spe and other stats simultaneously
|rule|Swagger Clause: Swagger is banned
|clearpoke
|poke|p1|Tyranitar, M|item
|poke|p1|Garchomp, F|item
|poke|p1|Skarmory, M|item
|poke|p1|Mew|item
|poke|p1|Rotom-Wash|item
|poke|p1|Excadrill, F|item
|poke|p2|Ninetales, M|item
|poke|p2|Wobbuffet, M|item
|poke|p2|Dragonite, F|item
|poke|p2|Latios, M|item
|poke|p2|Forretress, M|item
|poke|p2|Garchomp, F|item
|teampreview
|
|start
|switch|p1a: Rotom|Rotom-Wash|100/100
|switch|p2a: Forretress|Forretress, M|100/100
|turn|1
|
|move|p1a: Rotom|Will-O-Wisp|p2a: Forretress
|-status|p2a: Forretress|brn
|move|p2a: Forretress|Toxic Spikes|p1a: Rotom
|-sidestart|p1: stompeur de naze|move: Toxic Spikes
|
|-damage|p2a: Forretress|88/100 brn|[from] brn
|upkeep
|turn|2
|
|switch|p2a: Ninetales|Ninetales, M|100/100
|-weather|SunnyDay|[from] ability: Drought|[of] p2a: Ninetales
|move|p1a: Rotom|Volt Switch|p2a: Ninetales
|-damage|p2a: Ninetales|80/100
|
|switch|p1a: Tyranitar|Tyranitar, M|100/100
|-status|p1a: Tyranitar|psn
|-weather|Sandstorm|[from] ability: Sand Stream|[of] p1a: Tyranitar
|
|-weather|Sandstorm|[upkeep]
|-damage|p2a: Ninetales|74/100|[from] Sandstorm
|-heal|p2a: Ninetales|80/100|[from] item: Leftovers
|-damage|p1a: Tyranitar|88/100 psn|[from] psn
|upkeep
|turn|3
|
|switch|p2a: Forretress|Forretress, M|88/100 brn
|move|p1a: Tyranitar|Stealth Rock|p2a: Forretress
|-sidestart|p2: Seiji 15|move: Stealth Rock
|
|-weather|Sandstorm|[upkeep]
|-heal|p2a: Forretress|94/100 brn|[from] item: Leftovers
|-damage|p1a: Tyranitar|76/100 psn|[from] psn
|-damage|p2a: Forretress|82/100 brn|[from] brn
|upkeep
|turn|4
|j| porrompompom
|
|switch|p1a: Excadrill|Excadrill, F|100/100
|-ability|p1a: Excadrill|Mold Breaker
|switch|p2a: Garchomp|Garchomp, F|100/100
|-damage|p2a: Garchomp|94/100|[from] Stealth Rock
|
|-weather|Sandstorm|[upkeep]
|upkeep
|turn|5
|
|switch|p1a: Skarmory|Skarmory, M|100/100
|move|p2a: Garchomp|Earthquake|p1a: Skarmory
|-immune|p1a: Skarmory|[msg]
|
|-weather|Sandstorm|[upkeep]
|upkeep
|turn|6
|
|move|p2a: Garchomp|Fire Blast|p1a: Skarmory
|-supereffective|p1a: Skarmory
|-damage|p1a: Skarmory|39/100
|move|p1a: Skarmory|Spikes|p2a: Garchomp
|-sidestart|p2: Seiji 15|Spikes
|
|-weather|Sandstorm|[upkeep]
|upkeep
|turn|7
|
|switch|p1a: Rotom|Rotom-Wash|100/100
|move|p2a: Garchomp|Fire Blast|p1a: Rotom
|-resisted|p1a: Rotom
|-crit|p1a: Rotom
|-damage|p1a: Rotom|76/100
|
|-weather|Sandstorm|[upkeep]
|-damage|p1a: Rotom|70/100|[from] Sandstorm
|-heal|p1a: Rotom|76/100|[from] item: Leftovers
|upkeep
|turn|8
|
|move|p2a: Garchomp|Draco Meteor|p1a: Rotom
|-enditem|p2a: Garchomp|Dragon Gem|[from] gem|[move] Draco Meteor
|-damage|p1a: Rotom|9/100
|-unboost|p2a: Garchomp|spa|2
|move|p1a: Rotom|Will-O-Wisp|p2a: Garchomp
|-status|p2a: Garchomp|brn
|
|-weather|Sandstorm|[upkeep]
|-damage|p1a: Rotom|3/100|[from] Sandstorm
|-heal|p1a: Rotom|9/100|[from] item: Leftovers
|-damage|p2a: Garchomp|82/100 brn|[from] brn
|upkeep
|turn|9
|
|switch|p1a: Skarmory|Skarmory, M|39/100
|move|p2a: Garchomp|Draco Meteor|p1a: Skarmory
|-resisted|p1a: Skarmory
|-damage|p1a: Skarmory|27/100
|-unboost|p2a: Garchomp|spa|2
|
|-weather|Sandstorm|[upkeep]
|-damage|p2a: Garchomp|70/100 brn|[from] brn
|upkeep
|turn|10
|
|move|p2a: Garchomp|Stealth Rock|p1a: Skarmory
|-sidestart|p1: stompeur de naze|move: Stealth Rock
|move|p1a: Skarmory|Roost|p1a: Skarmory
|-heal|p1a: Skarmory|77/100
|
|-weather|Sandstorm|[upkeep]
|-damage|p2a: Garchomp|57/100 brn|[from] brn
|upkeep
|turn|11
|
|switch|p2a: Ninetales|Ninetales, M|80/100
|-damage|p2a: Ninetales|68/100|[from] Spikes
|-damage|p2a: Ninetales|43/100|[from] Stealth Rock
|-weather|SunnyDay|[from] ability: Drought|[of] p2a: Ninetales
|move|p1a: Skarmory|Whirlwind|p2a: Ninetales
|drag|p2a: Dragonite|Dragonite, F|100/100
|-damage|p2a: Dragonite|76/100|[from] Stealth Rock
|
|-weather|SunnyDay|[upkeep]
|-heal|p2a: Dragonite|82/100|[from] item: Leftovers
|upkeep
|turn|12
|
|move|p2a: Dragonite|Roost|p2a: Dragonite
|-heal|p2a: Dragonite|100/100
|move|p1a: Skarmory|Whirlwind|p2a: Dragonite
|drag|p2a: Forretress|Forretress, M|82/100 brn
|-damage|p2a: Forretress|69/100 brn|[from] Stealth Rock
|-damage|p2a: Forretress|57/100 brn|[from] Spikes
|
|-weather|SunnyDay|[upkeep]
|-heal|p2a: Forretress|63/100 brn|[from] item: Leftovers
|-damage|p2a: Forretress|51/100 brn|[from] brn
|upkeep
|turn|13
|
|switch|p1a: Excadrill|Excadrill, F|100/100
|-damage|p1a: Excadrill|97/100|[from] Stealth Rock
|-ability|p1a: Excadrill|Mold Breaker
|move|p2a: Forretress|Rapid Spin|p1a: Excadrill
|-resisted|p1a: Excadrill
|-damage|p1a: Excadrill|96/100
|-sideend|p2: Seiji 15|Spikes|[from] move: Rapid Spin|[of] p2a: Forretress
|-sideend|p2: Seiji 15|Stealth Rock|[from] move: Rapid Spin|[of] p2a: Forretress
|
|-weather|SunnyDay|[upkeep]
|-heal|p1a: Excadrill|100/100|[from] item: Leftovers
|-heal|p2a: Forretress|57/100 brn|[from] item: Leftovers
|-damage|p2a: Forretress|44/100 brn|[from] brn
|upkeep
|turn|14
|
|switch|p2a: Latios|Latios, M, shiny|100/100
|move|p1a: Excadrill|Rapid Spin|p2a: Latios
|-damage|p2a: Latios|91/100
|-sideend|p1: stompeur de naze|Toxic Spikes|[from] move: Rapid Spin|[of] p1a: Excadrill
|-sideend|p1: stompeur de naze|Stealth Rock|[from] move: Rapid Spin|[of] p1a: Excadrill
|
|-weather|SunnyDay|[upkeep]
|upkeep
|turn|15
|
|move|p1a: Excadrill|Protect|p1a: Excadrill
|-singleturn|p1a: Excadrill|Protect
|move|p2a: Latios|Earthquake|p1a: Excadrill
|-activate|p1a: Excadrill|move: Protect
|
|-weather|SunnyDay|[upkeep]
|upkeep
|turn|16
|
|switch|p1a: Skarmory|Skarmory, M|77/100
|move|p2a: Latios|Hidden Power|p1a: Skarmory
|-supereffective|p1a: Skarmory
|-damage|p1a: Skarmory|0 fnt
|-damage|p2a: Latios|81/100|[from] item: Life Orb
|faint|p1a: Skarmory
|
|-weather|SunnyDay|[upkeep]
|upkeep
|
|switch|p1a: Tyranitar|Tyranitar, M|76/100 psn
|-weather|Sandstorm|[from] ability: Sand Stream|[of] p1a: Tyranitar
|turn|17
|
|move|p2a: Latios|Earthquake|p1a: Tyranitar
|-supereffective|p1a: Tyranitar
|-damage|p1a: Tyranitar|32/100 psn
|-damage|p2a: Latios|71/100|[from] item: Life Orb
|move|p1a: Tyranitar|Crunch|p2a: Latios
|-supereffective|p2a: Latios
|-damage|p2a: Latios|0 fnt
|faint|p2a: Latios
|
|-weather|Sandstorm|[upkeep]
|-damage|p1a: Tyranitar|20/100 psn|[from] psn
|upkeep
|
|switch|p2a: Ninetales|Ninetales, M|43/100
|-weather|SunnyDay|[from] ability: Drought|[of] p2a: Ninetales
|turn|18
|
|switch|p1a: Mew|Mew|100/100
|move|p2a: Ninetales|Flamethrower|p1a: Mew
|-damage|p1a: Mew|63/100
|
|-weather|SunnyDay|[upkeep]
|-heal|p2a: Ninetales|49/100|[from] item: Leftovers
|-heal|p1a: Mew|69/100|[from] item: Leftovers
|upkeep
|turn|19
|
|move|p2a: Ninetales|Will-O-Wisp|p1a: Mew|[miss]
|-miss|p2a: Ninetales|p1a: Mew
|move|p1a: Mew|Soft-Boiled|p1a: Mew
|-heal|p1a: Mew|100/100
|
|-weather|SunnyDay|[upkeep]
|-heal|p2a: Ninetales|55/100|[from] item: Leftovers
|upkeep
|turn|20
|
|switch|p1a: Tyranitar|Tyranitar, M|20/100 psn
|-weather|Sandstorm|[from] ability: Sand Stream|[of] p1a: Tyranitar
|move|p2a: Ninetales|Will-O-Wisp|p1a: Tyranitar
|-fail|p1a: Tyranitar
|
|-weather|Sandstorm|[upkeep]
|-damage|p2a: Ninetales|49/100|[from] Sandstorm
|-heal|p2a: Ninetales|55/100|[from] item: Leftovers
|-damage|p1a: Tyranitar|7/100 psn|[from] psn
|upkeep
|turn|21
|j| UbersFrenchGang ⁂~
|
|switch|p1a: Garchomp|Garchomp, F|100/100
|move|p2a: Ninetales|Flamethrower|p1a: Garchomp
|-resisted|p1a: Garchomp
|-damage|p1a: Garchomp|86/100
|
|-weather|Sandstorm|[upkeep]
|-damage|p2a: Ninetales|49/100|[from] Sandstorm
|-heal|p2a: Ninetales|55/100|[from] item: Leftovers
|upkeep
|turn|22
|l| UbersFrenchGang ⁂~
|
|switch|p1a: Rotom|Rotom-Wash|9/100
|switch|p2a: Forretress|Forretress, M|44/100 brn
|
|-weather|Sandstorm|[upkeep]
|-damage|p1a: Rotom|3/100|[from] Sandstorm
|-heal|p1a: Rotom|9/100|[from] item: Leftovers
|-heal|p2a: Forretress|51/100 brn|[from] item: Leftovers
|-damage|p2a: Forretress|38/100 brn|[from] brn
|upkeep
|turn|23
|
|move|p1a: Rotom|Pain Split|p2a: Forretress
|-sethp|p2a: Forretress|23/100 brn|p1a: Rotom|27/100|[from] move: Pain Split
|move|p2a: Forretress|Volt Switch|p1a: Rotom
|-damage|p1a: Rotom|19/100
|
|switch|p2a: Ninetales|Ninetales, M|55/100
|-weather|SunnyDay|[from] ability: Drought|[of] p2a: Ninetales
|
|-weather|SunnyDay|[upkeep]
|-heal|p2a: Ninetales|61/100|[from] item: Leftovers
|-heal|p1a: Rotom|25/100|[from] item: Leftovers
|upkeep
|turn|24
|
|switch|p2a: Forretress|Forretress, M|23/100 brn
|move|p1a: Rotom|Pain Split|p2a: Forretress
|-sethp|p2a: Forretress|22/100 brn|p1a: Rotom|26/100|[from] move: Pain Split
|
|-weather|SunnyDay|[upkeep]
|-heal|p1a: Rotom|32/100|[from] item: Leftovers
|-heal|p2a: Forretress|28/100 brn|[from] item: Leftovers
|-damage|p2a: Forretress|16/100 brn|[from] brn
|upkeep
|turn|25
|
|move|p1a: Rotom|Volt Switch|p2a: Forretress
|-damage|p2a: Forretress|0 fnt
|faint|p2a: Forretress
|
|switch|p1a: Mew|Mew|100/100
|
|-weather|SunnyDay|[upkeep]
|upkeep
|
|switch|p2a: Ninetales|Ninetales, M|61/100
|turn|26
|
|move|p2a: Ninetales|Will-O-Wisp|p1a: Mew|[miss]
|-miss|p2a: Ninetales|p1a: Mew
|move|p1a: Mew|Taunt|p2a: Ninetales
|-start|p2a: Ninetales|move: Taunt
|
|-weather|SunnyDay|[upkeep]
|-heal|p2a: Ninetales|67/100|[from] item: Leftovers
|upkeep
|turn|27
|
|switch|p2a: Garchomp|Garchomp, F|57/100 brn
|move|p1a: Mew|Ice Beam|p2a: Garchomp
|-supereffective|p2a: Garchomp
|-damage|p2a: Garchomp|0 fnt
|faint|p2a: Garchomp
|
|-weather|SunnyDay|[upkeep]
|upkeep
|
|switch|p2a: Ninetales|Ninetales, M|67/100
|turn|28
|
|move|p2a: Ninetales|Will-O-Wisp|p1a: Mew
|-status|p1a: Mew|brn
|-activate|p1a: Mew|ability: Synchronize
|-immune|p2a: Ninetales|[msg]
|move|p1a: Mew|Taunt|p2a: Ninetales
|-start|p2a: Ninetales|move: Taunt
|
|-weather|SunnyDay|[upkeep]
|-heal|p2a: Ninetales|73/100|[from] item: Leftovers
|-damage|p1a: Mew|88/100 brn|[from] brn
|upkeep
|turn|29
|
|move|p2a: Ninetales|Flamethrower|p1a: Mew
|-damage|p1a: Mew|54/100 brn
|move|p1a: Mew|Soft-Boiled|p1a: Mew
|-heal|p1a: Mew|100/100 brn
|
|-weather|SunnyDay|[upkeep]
|-heal|p2a: Ninetales|79/100|[from] item: Leftovers
|-damage|p1a: Mew|88/100 brn|[from] brn
|upkeep
|turn|30
|
|move|p2a: Ninetales|Flamethrower|p1a: Mew
|-damage|p1a: Mew|54/100 brn
|move|p1a: Mew|Soft-Boiled|p1a: Mew
|-heal|p1a: Mew|100/100 brn
|
|-weather|SunnyDay|[upkeep]
|-heal|p2a: Ninetales|85/100|[from] item: Leftovers
|-damage|p1a: Mew|88/100 brn|[from] brn
|upkeep
|turn|31
|
|move|p2a: Ninetales|Flamethrower|p1a: Mew
|-damage|p1a: Mew|56/100 brn
|move|p1a: Mew|Soft-Boiled|p1a: Mew
|-heal|p1a: Mew|100/100 brn
|
|-weather|SunnyDay|[upkeep]
|-heal|p2a: Ninetales|91/100|[from] item: Leftovers
|-damage|p1a: Mew|88/100 brn|[from] brn
|-end|p2a: Ninetales|move: Taunt
|upkeep
|turn|32
|
|move|p2a: Ninetales|Flamethrower|p1a: Mew
|-damage|p1a: Mew|51/100 brn
|move|p1a: Mew|Soft-Boiled|p1a: Mew
|-heal|p1a: Mew|100/100 brn
|
|-weather|SunnyDay|[upkeep]
|-heal|p2a: Ninetales|97/100|[from] item: Leftovers
|-damage|p1a: Mew|88/100 brn|[from] brn
|upkeep
|turn|33
|
|move|p2a: Ninetales|Flamethrower|p1a: Mew
|-damage|p1a: Mew|54/100 brn
|move|p1a: Mew|Soft-Boiled|p1a: Mew
|-heal|p1a: Mew|100/100 brn
|
|-weather|SunnyDay|[upkeep]
|-heal|p2a: Ninetales|100/100|[from] item: Leftovers
|-damage|p1a: Mew|88/100 brn|[from] brn
|upkeep
|turn|34
|
|switch|p1a: Garchomp|Garchomp, F|86/100
|move|p2a: Ninetales|Flamethrower|p1a: Garchomp
|-resisted|p1a: Garchomp
|-damage|p1a: Garchomp|62/100
|
|-weather|SunnyDay|[upkeep]
|upkeep
|turn|35
|
|move|p2a: Ninetales|Protect|p2a: Ninetales
|-singleturn|p2a: Ninetales|Protect
|move|p1a: Garchomp|Earthquake|p2a: Ninetales
|-activate|p2a: Ninetales|move: Protect
|
|-weather|SunnyDay|[upkeep]
|upkeep
|turn|36
|
|switch|p1a: Rotom|Rotom-Wash|32/100
|switch|p2a: Dragonite|Dragonite, F|100/100
|
|-weather|SunnyDay|[upkeep]
|-heal|p1a: Rotom|37/100|[from] item: Leftovers
|upkeep
|turn|37
|
|move|p2a: Dragonite|Substitute|p2a: Dragonite
|-start|p2a: Dragonite|Substitute
|-damage|p2a: Dragonite|76/100
|move|p1a: Rotom|Volt Switch|p2a: Dragonite
|-activate|p2a: Dragonite|Substitute|[damage]
|
|switch|p1a: Garchomp|Garchomp, F|62/100
|
|-weather|SunnyDay|[upkeep]
|-heal|p2a: Dragonite|82/100|[from] item: Leftovers
|upkeep
|turn|38
|
|move|p1a: Garchomp|Dual Chop|p2a: Dragonite|[miss]
|-miss|p1a: Garchomp|p2a: Dragonite
|move|p2a: Dragonite|Dragon Claw|p1a: Garchomp
|-supereffective|p1a: Garchomp
|-damage|p1a: Garchomp|0 fnt
|-damage|p2a: Dragonite|69/100|[from] ability: Rough Skin|[of] p1a: Garchomp
|faint|p1a: Garchomp
|
|-weather|SunnyDay|[upkeep]
|-heal|p2a: Dragonite|76/100|[from] item: Leftovers
|upkeep
|c|☆stompeur de naze|ofc
|
|switch|p1a: Mew|Mew|88/100 brn
|turn|39
|
|move|p2a: Dragonite|Roost|p2a: Dragonite
|-heal|p2a: Dragonite|100/100
|move|p1a: Mew|Ice Beam|p2a: Dragonite
|-supereffective|p2a: Dragonite
|-end|p2a: Dragonite|Substitute
|
|-weather|SunnyDay|[upkeep]
|-heal|p1a: Mew|94/100 brn|[from] item: Leftovers
|-damage|p1a: Mew|82/100 brn|[from] brn
|upkeep
|turn|40
|
|switch|p2a: Ninetales|Ninetales, M|100/100
|move|p1a: Mew|Ice Beam|p2a: Ninetales
|-resisted|p2a: Ninetales
|-damage|p2a: Ninetales|93/100
|
|-weather|SunnyDay|[upkeep]
|-heal|p2a: Ninetales|99/100|[from] item: Leftovers
|-heal|p1a: Mew|88/100 brn|[from] item: Leftovers
|-damage|p1a: Mew|76/100 brn|[from] brn
|upkeep
|turn|41
|
|move|p2a: Ninetales|Flamethrower|p1a: Mew
|-damage|p1a: Mew|42/100 brn
|move|p1a: Mew|Soft-Boiled|p1a: Mew
|-heal|p1a: Mew|92/100 brn
|
|-weather|SunnyDay|[upkeep]
|-heal|p2a: Ninetales|100/100|[from] item: Leftovers
|-heal|p1a: Mew|98/100 brn|[from] item: Leftovers
|-damage|p1a: Mew|86/100 brn|[from] brn
|upkeep
|turn|42
|
|switch|p1a: Rotom|Rotom-Wash|37/100
|move|p2a: Ninetales|Flamethrower|p1a: Rotom
|-resisted|p1a: Rotom
|-damage|p1a: Rotom|20/100
|
|-weather|SunnyDay|[upkeep]
|-heal|p1a: Rotom|26/100|[from] item: Leftovers
|upkeep
|turn|43
|
|move|p2a: Ninetales|Will-O-Wisp|p1a: Rotom
|-status|p1a: Rotom|brn
|move|p1a: Rotom|Pain Split|p2a: Ninetales
|-sethp|p2a: Ninetales|62/100|p1a: Rotom|71/100 brn|[from] move: Pain Split
|
|-weather|SunnyDay|[upkeep]
|-heal|p2a: Ninetales|68/100|[from] item: Leftovers
|-heal|p1a: Rotom|77/100 brn|[from] item: Leftovers
|-damage|p1a: Rotom|65/100 brn|[from] brn
|upkeep
|turn|44
|
|move|p2a: Ninetales|Protect|p2a: Ninetales
|-singleturn|p2a: Ninetales|Protect
|move|p1a: Rotom|Volt Switch|p2a: Ninetales
|-activate|p2a: Ninetales|move: Protect
|
|-weather|SunnyDay|[upkeep]
|-heal|p2a: Ninetales|74/100|[from] item: Leftovers
|-heal|p1a: Rotom|70/100 brn|[from] item: Leftovers
|-damage|p1a: Rotom|58/100 brn|[from] brn
|upkeep
|turn|45
|
|switch|p2a: Wobbuffet|Wobbuffet, M|100/100
|move|p1a: Rotom|Hydro Pump|p2a: Wobbuffet
|-damage|p2a: Wobbuffet|87/100
|
|-weather|SunnyDay|[upkeep]
|-heal|p1a: Rotom|64/100 brn|[from] item: Leftovers
|-damage|p1a: Rotom|52/100 brn|[from] brn
|upkeep
|turn|46
|
|switch|p2a: Ninetales|Ninetales, M|74/100
|move|p1a: Rotom|Will-O-Wisp|p2a: Ninetales
|-immune|p2a: Ninetales|[msg]
|
|-weather|SunnyDay|[upkeep]
|-heal|p2a: Ninetales|80/100|[from] item: Leftovers
|-heal|p1a: Rotom|58/100 brn|[from] item: Leftovers
|-damage|p1a: Rotom|46/100 brn|[from] brn
|upkeep
|turn|47
|
|move|p2a: Ninetales|Flamethrower|p1a: Rotom
|-resisted|p1a: Rotom
|-damage|p1a: Rotom|31/100 brn
|move|p1a: Rotom|Will-O-Wisp|p2a: Ninetales
|-immune|p2a: Ninetales|[msg]
|
|-weather|SunnyDay|[upkeep]
|-heal|p2a: Ninetales|86/100|[from] item: Leftovers
|-heal|p1a: Rotom|37/100 brn|[from] item: Leftovers
|-damage|p1a: Rotom|25/100 brn|[from] brn
|upkeep
|turn|48
|
|move|p1a: Rotom|Pain Split|p2a: Ninetales
|-sethp|p2a: Ninetales|54/100|p1a: Rotom|62/100 brn|[from] move: Pain Split
|move|p2a: Ninetales|Roar|p1a: Rotom
|drag|p1a: Excadrill|Excadrill, F|100/100
|-ability|p1a: Excadrill|Mold Breaker
|
|-weather|SunnyDay|[upkeep]
|-heal|p2a: Ninetales|60/100|[from] item: Leftovers
|upkeep
|turn|49
|
|switch|p2a: Dragonite|Dragonite, F|100/100
|switch|p1a: Rotom|Rotom-Wash|62/100 brn
|
|-weather|SunnyDay|[upkeep]
|-heal|p1a: Rotom|67/100 brn|[from] item: Leftovers
|-damage|p1a: Rotom|55/100 brn|[from] brn
|upkeep
|turn|50
|
|move|p2a: Dragonite|Substitute|p2a: Dragonite
|-start|p2a: Dragonite|Substitute
|-damage|p2a: Dragonite|76/100
|move|p1a: Rotom|Volt Switch|p2a: Dragonite
|-activate|p2a: Dragonite|Substitute|[damage]
|
|switch|p1a: Mew|Mew|86/100 brn
|
|-weather|SunnyDay|[upkeep]
|-heal|p2a: Dragonite|82/100|[from] item: Leftovers
|-heal|p1a: Mew|92/100 brn|[from] item: Leftovers
|-damage|p1a: Mew|80/100 brn|[from] brn
|upkeep
|turn|51
|
|move|p2a: Dragonite|Dragon Dance|p2a: Dragonite
|-boost|p2a: Dragonite|atk|1
|-boost|p2a: Dragonite|spe|1
|move|p1a: Mew|Ice Beam|p2a: Dragonite
|-supereffective|p2a: Dragonite
|-end|p2a: Dragonite|Substitute
|
|-weather|SunnyDay|[upkeep]
|-heal|p2a: Dragonite|88/100|[from] item: Leftovers
|-heal|p1a: Mew|86/100 brn|[from] item: Leftovers
|-damage|p1a: Mew|74/100 brn|[from] brn
|upkeep
|turn|52
|
|move|p2a: Dragonite|Substitute|p2a: Dragonite
|-start|p2a: Dragonite|Substitute
|-damage|p2a: Dragonite|63/100
|move|p1a: Mew|Ice Beam|p2a: Dragonite
|-supereffective|p2a: Dragonite
|-end|p2a: Dragonite|Substitute
|
|-weather|SunnyDay|[upkeep]
|-heal|p2a: Dragonite|69/100|[from] item: Leftovers
|-heal|p1a: Mew|80/100 brn|[from] item: Leftovers
|-damage|p1a: Mew|67/100 brn|[from] brn
|upkeep
|turn|53
|
|move|p2a: Dragonite|Substitute|p2a: Dragonite
|-start|p2a: Dragonite|Substitute
|-damage|p2a: Dragonite|44/100
|move|p1a: Mew|Taunt|p2a: Dragonite
|-start|p2a: Dragonite|move: Taunt
|
|-weather|SunnyDay|[upkeep]
|-heal|p2a: Dragonite|51/100|[from] item: Leftovers
|-heal|p1a: Mew|74/100 brn|[from] item: Leftovers
|-damage|p1a: Mew|61/100 brn|[from] brn
|upkeep
|turn|54
|
|move|p2a: Dragonite|Dragon Claw|p1a: Mew
|-damage|p1a: Mew|25/100 brn
|move|p1a: Mew|Ice Beam|p2a: Dragonite
|-supereffective|p2a: Dragonite
|-end|p2a: Dragonite|Substitute
|
|-weather|SunnyDay|[upkeep]
|-heal|p2a: Dragonite|57/100|[from] item: Leftovers
|-heal|p1a: Mew|31/100 brn|[from] item: Leftovers
|-damage|p1a: Mew|19/100 brn|[from] brn
|upkeep
|turn|55
|
|switch|p1a: Excadrill|Excadrill, F|100/100
|-ability|p1a: Excadrill|Mold Breaker
|move|p2a: Dragonite|Dragon Claw|p1a: Excadrill
|-resisted|p1a: Excadrill
|-damage|p1a: Excadrill|70/100
|
|-weather|SunnyDay|[upkeep]
|-heal|p2a: Dragonite|63/100|[from] item: Leftovers
|-heal|p1a: Excadrill|76/100|[from] item: Leftovers
|upkeep
|turn|56
|
|switch|p2a: Wobbuffet|Wobbuffet, M|87/100
|move|p1a: Excadrill|Toxic|p2a: Wobbuffet|[miss]
|-miss|p1a: Excadrill|p2a: Wobbuffet
|
|-weather|SunnyDay|[upkeep]
|-heal|p1a: Excadrill|82/100|[from] item: Leftovers
|upkeep
|turn|57
|
|move|p1a: Excadrill|Toxic|p2a: Wobbuffet
|-status|p2a: Wobbuffet|tox
|move|p2a: Wobbuffet|Encore|p1a: Excadrill
|-start|p1a: Excadrill|Encore
|
|-weather|SunnyDay|[upkeep]
|-heal|p1a: Excadrill|88/100|[from] item: Leftovers
|-damage|p2a: Wobbuffet|81/100 tox|[from] psn
|upkeep
|turn|58
|
|switch|p2a: Ninetales|Ninetales, M|60/100
|move|p1a: Excadrill|Toxic|p2a: Ninetales
|-status|p2a: Ninetales|tox
|
|-weather|SunnyDay|[upkeep]
|-heal|p2a: Ninetales|66/100 tox|[from] item: Leftovers
|-heal|p1a: Excadrill|94/100|[from] item: Leftovers
|-damage|p2a: Ninetales|60/100 tox|[from] psn
|upkeep
|turn|59
|
|switch|p2a: Dragonite|Dragonite, F|63/100
|switch|p1a: Rotom|Rotom-Wash|55/100 brn
|
|-weather|SunnyDay|[upkeep]
|-heal|p2a: Dragonite|69/100|[from] item: Leftovers
|-heal|p1a: Rotom|61/100 brn|[from] item: Leftovers
|-damage|p1a: Rotom|49/100 brn|[from] brn
|upkeep
|turn|60
|
|move|p2a: Dragonite|Substitute|p2a: Dragonite
|-start|p2a: Dragonite|Substitute
|-damage|p2a: Dragonite|44/100
|move|p1a: Rotom|Volt Switch|p2a: Dragonite
|-activate|p2a: Dragonite|Substitute|[damage]
|c|☆stompeur de naze|no gg nice luck  gl in esport, owait pokemon is a dead game
|l|☆stompeur de naze
|player|p1|
|inactive|Battle timer is ON: inactive players will automatically lose when time's up. (requested by Seiji 15)
|l| porrompompom
|inactive|stompeur de naze has 20 seconds to reconnect!
|inactive|stompeur de naze has 15 seconds to reconnect!
|inactive|stompeur de naze has 10 seconds to reconnect!
|inactive|stompeur de naze has 5 seconds to reconnect!
|-message|stompeur de naze lost due to inactivity.
|
|win|Seiji 15
|raw|stompeur de naze's rating: 1348 &rarr; <strong>1327</strong><br />(-21 for losing)
|raw|Seiji 15's rating: 1343 &rarr; <strong>1363</strong><br />(+20 for winning)
|l|☆Seiji 15
|j|☆Seiji 15
