|j|☆HANMA JACK
|j|☆CroCoeur
|player|p1|HANMA JACK|247
|player|p2|CroCoeur|161
|teamsize|p1|6
|teamsize|p2|6
|gametype|singles
|gen|5
|tier|[Gen 5] OU
|rated|
|rule|Sleep Clause Mod: Limit one foe put to sleep
|rule|Species Clause: Limit one of each Pokémon
|rule|OHKO Clause: OHKO moves are banned
|rule|Moody Clause: Moody is banned
|rule|Evasion Moves Clause: Evasion moves are banned
|rule|Endless Battle Clause: Forcing endless battles is banned
|rule|HP Percentage Mod: HP is shown in percentages
|rule|Evasion Abilities Clause: Evasion abilities are banned
|rule|Baton Pass Clause: Limit one Baton Passer, can't pass Spe and other stats simultaneously
|rule|Swagger Clause: Swagger is banned
|clearpoke
|poke|p1|Politoed, M|item
|poke|p1|Jirachi|item
|poke|p1|Kyurem-Black|item
|poke|p1|Thundurus-Therian, M|item
|poke|p1|Donphan, M|item
|poke|p1|Keldeo|item
|poke|p2|Politoed, M|item
|poke|p2|Vaporeon, F|item
|poke|p2|Celebi|item
|poke|p2|Ferrothorn, M|item
|poke|p2|Latios, M|item
|poke|p2|Jirachi|item
|teampreview
|c|☆HANMA JACK|GL HF
|c|☆CroCoeur|Hf
|inactive|Battle timer is ON: inactive players will automatically lose when time's up. (requested by CroCoeur)
|
|start
|switch|p1a: Thundurus|Thundurus-Therian, M|100/100
|switch|p2a: Vaporeon|Vaporeon, F|100/100
|turn|1
|
|switch|p2a: Celebi|Celebi|100/100
|move|p1a: Thundurus|Hidden Power|p2a: Celebi
|-supereffective|p2a: Celebi
|-damage|p2a: Celebi|54/100
|
|-heal|p2a: Celebi|61/100|[from] item: Leftovers
|upkeep
|turn|2
|
|move|p1a: Thundurus|Hidden Power|p2a: Celebi
|-supereffective|p2a: Celebi
|-crit|p2a: Celebi
|-damage|p2a: Celebi|0 fnt
|faint|p2a: Celebi
|
|upkeep
|
|switch|p2a: Politoed|Politoed, M|100/100
|-weather|RainDance|[from] ability: Drizzle|[of] p2a: Politoed
|turn|3
|
|switch|p1a: Politoed|Politoed, M|100/100
|move|p2a: Politoed|Hydro Pump|p1a: Politoed
|-resisted|p1a: Politoed
|-damage|p1a: Politoed|61/100
|
|-weather|RainDance|[upkeep]
|upkeep
|turn|4
|
|switch|p2a: Vaporeon|Vaporeon, F|100/100
|move|p1a: Politoed|Hypnosis|p2a: Vaporeon|[miss]
|-miss|p1a: Politoed|p2a: Vaporeon
|
|-weather|RainDance|[upkeep]
|upkeep
|turn|5
|
|switch|p1a: Kyurem|Kyurem-Black|100/100
|-ability|p1a: Kyurem|Teravolt
|move|p2a: Vaporeon|Scald|p1a: Kyurem
|-resisted|p1a: Kyurem
|-damage|p1a: Kyurem|79/100
|-status|p1a: Kyurem|brn
|
|-weather|RainDance|[upkeep]
|-heal|p1a: Kyurem|86/100 brn|[from] item: Leftovers
|-damage|p1a: Kyurem|73/100 brn|[from] brn
|upkeep
|turn|6
|
|move|p1a: Kyurem|Fusion Bolt|p2a: Vaporeon
|-supereffective|p2a: Vaporeon
|-damage|p2a: Vaporeon|59/100
|move|p2a: Vaporeon|Acid Armor|p2a: Vaporeon
|-boost|p2a: Vaporeon|def|2
|
|-weather|RainDance|[upkeep]
|-heal|p1a: Kyurem|79/100 brn|[from] item: Leftovers
|-heal|p2a: Vaporeon|65/100|[from] item: Leftovers
|-damage|p1a: Kyurem|67/100 brn|[from] brn
|upkeep
|turn|7
|
|switch|p1a: Thundurus|Thundurus-Therian, M|100/100
|move|p2a: Vaporeon|Scald|p1a: Thundurus
|-damage|p1a: Thundurus|38/100
|
|-weather|RainDance|[upkeep]
|-heal|p2a: Vaporeon|71/100|[from] item: Leftovers
|upkeep
|turn|8
|inactive|CroCoeur has 120 seconds left.
|
|switch|p2a: Latios|Latios, M|100/100
|move|p1a: Thundurus|Thunder|p2a: Latios
|-resisted|p2a: Latios
|-damage|p2a: Latios|66/100
|-status|p2a: Latios|par
|
|-weather|RainDance|[upkeep]
|upkeep
|turn|9
|
|switch|p1a: Jirachi|Jirachi|100/100
|move|p2a: Latios|Psyshock|p1a: Jirachi
|-resisted|p1a: Jirachi
|-damage|p1a: Jirachi|92/100
|
|-weather|RainDance|[upkeep]
|-heal|p1a: Jirachi|98/100|[from] item: Leftovers
|upkeep
|turn|10
|
|switch|p1a: Donphan|Donphan, M|100/100
|switch|p2a: Ferrothorn|Ferrothorn, M|100/100
|
|-weather|RainDance|[upkeep]
|upkeep
|turn|11
|
|move|p1a: Donphan|Stealth Rock|p2a: Ferrothorn
|-sidestart|p2: CroCoeur|move: Stealth Rock
|move|p2a: Ferrothorn|Stealth Rock|p1a: Donphan
|-sidestart|p1: HANMA JACK|move: Stealth Rock
|
|-weather|RainDance|[upkeep]
|upkeep
|turn|12
|
|switch|p1a: Kyurem|Kyurem-Black|67/100 brn
|-damage|p1a: Kyurem|42/100 brn|[from] Stealth Rock
|-ability|p1a: Kyurem|Teravolt
|move|p2a: Ferrothorn|Leech Seed|p1a: Kyurem
|-start|p1a: Kyurem|move: Leech Seed
|
|-weather|RainDance|[upkeep]
|-heal|p1a: Kyurem|48/100 brn|[from] item: Leftovers
|-damage|p1a: Kyurem|36/100 brn|[from] Leech Seed|[of] p2a: Ferrothorn
|-damage|p1a: Kyurem|24/100 brn|[from] brn
|upkeep
|turn|13
|
|move|p1a: Kyurem|Ice Beam|p2a: Ferrothorn
|-damage|p2a: Ferrothorn|67/100
|move|p2a: Ferrothorn|Power Whip|p1a: Kyurem
|-resisted|p1a: Kyurem
|-damage|p1a: Kyurem|4/100 brn
|
|-weather|RainDance|[upkeep]
|-heal|p1a: Kyurem|11/100 brn|[from] item: Leftovers
|-heal|p2a: Ferrothorn|74/100|[from] item: Leftovers
|-damage|p1a: Kyurem|0 fnt|[from] Leech Seed|[of] p2a: Ferrothorn
|-heal|p2a: Ferrothorn|85/100|[silent]
|upkeep
|faint|p1a: Kyurem
|
|switch|p1a: Keldeo|Keldeo|100/100
|-damage|p1a: Keldeo|94/100|[from] Stealth Rock
|turn|14
|
|switch|p2a: Latios|Latios, M|66/100 par
|-damage|p2a: Latios|53/100 par|[from] Stealth Rock
|move|p1a: Keldeo|Secret Sword|p2a: Latios
|-resisted|p2a: Latios
|-damage|p2a: Latios|11/100 par
|
|-weather|RainDance|[upkeep]
|upkeep
|turn|15
|
|move|p1a: Keldeo|Secret Sword|p2a: Latios
|-resisted|p2a: Latios
|-damage|p2a: Latios|0 fnt
|faint|p2a: Latios
|
|-weather|RainDance|[upkeep]
|upkeep
|
|switch|p2a: Jirachi|Jirachi|100/100
|-damage|p2a: Jirachi|94/100|[from] Stealth Rock
|turn|16
|
|switch|p1a: Donphan|Donphan, M|100/100
|-damage|p1a: Donphan|94/100|[from] Stealth Rock
|move|p2a: Jirachi|Substitute|p2a: Jirachi
|-start|p2a: Jirachi|Substitute
|-damage|p2a: Jirachi|69/100
|
|-weather|RainDance|[upkeep]
|-heal|p2a: Jirachi|75/100|[from] item: Leftovers
|-heal|p1a: Donphan|100/100|[from] item: Leftovers
|upkeep
|turn|17
|
|move|p2a: Jirachi|Water Pulse|p1a: Donphan
|-supereffective|p1a: Donphan
|-damage|p1a: Donphan|42/100
|-start|p1a: Donphan|confusion
|-activate|p1a: Donphan|confusion
|-damage|p1a: Donphan|36/100|[from] confusion
|
|-weather|RainDance|[upkeep]
|-heal|p2a: Jirachi|82/100|[from] item: Leftovers
|-heal|p1a: Donphan|42/100|[from] item: Leftovers
|upkeep
|turn|18
|
|move|p2a: Jirachi|Water Pulse|p1a: Donphan
|-supereffective|p1a: Donphan
|-damage|p1a: Donphan|0 fnt
|faint|p1a: Donphan
|
|-weather|RainDance|[upkeep]
|-heal|p2a: Jirachi|88/100|[from] item: Leftovers
|upkeep
|
|switch|p1a: Politoed|Politoed, M|61/100
|-damage|p1a: Politoed|48/100|[from] Stealth Rock
|turn|19
|
|switch|p1a: Thundurus|Thundurus-Therian, M|38/100
|-damage|p1a: Thundurus|13/100|[from] Stealth Rock
|move|p2a: Jirachi|Thunder|p1a: Thundurus
|-heal|p1a: Thundurus|38/100|[from] ability: Volt Absorb|[of] p2a: Jirachi
|
|-weather|RainDance|[upkeep]
|-heal|p2a: Jirachi|94/100|[from] item: Leftovers
|upkeep
|turn|20
|
|move|p1a: Thundurus|Volt Switch|p2a: Jirachi
|-end|p2a: Jirachi|Substitute
|
|switch|p1a: Keldeo|Keldeo|94/100
|-damage|p1a: Keldeo|88/100|[from] Stealth Rock
|move|p2a: Jirachi|Water Pulse|p1a: Keldeo
|-resisted|p1a: Keldeo
|-damage|p1a: Keldeo|77/100
|
|-weather|RainDance|[upkeep]
|-heal|p2a: Jirachi|99/100|[from] item: Leftovers
|upkeep
|turn|21
|
|move|p1a: Keldeo|Secret Sword|p2a: Jirachi
|-damage|p2a: Jirachi|45/100
|move|p2a: Jirachi|Substitute|p2a: Jirachi
|-start|p2a: Jirachi|Substitute
|-damage|p2a: Jirachi|20/100
|
|-weather|RainDance|[upkeep]
|-heal|p2a: Jirachi|26/100|[from] item: Leftovers
|upkeep
|turn|22
|
|move|p1a: Keldeo|Secret Sword|p2a: Jirachi
|-end|p2a: Jirachi|Substitute
|move|p2a: Jirachi|Thunder|p1a: Keldeo
|-supereffective|p1a: Keldeo
|-damage|p1a: Keldeo|13/100
|-status|p1a: Keldeo|par
|
|-weather|RainDance|[upkeep]
|-heal|p2a: Jirachi|33/100|[from] item: Leftovers
|upkeep
|turn|23
|
|move|p2a: Jirachi|Substitute|p2a: Jirachi
|-start|p2a: Jirachi|Substitute
|-damage|p2a: Jirachi|8/100
|move|p1a: Keldeo|Secret Sword|p2a: Jirachi
|-end|p2a: Jirachi|Substitute
|
|-weather|RainDance|[upkeep]
|-heal|p2a: Jirachi|14/100|[from] item: Leftovers
|upkeep
|turn|24
|
|switch|p1a: Politoed|Politoed, M|48/100
|-damage|p1a: Politoed|36/100|[from] Stealth Rock
|move|p2a: Jirachi|Thunder|p1a: Politoed
|-supereffective|p1a: Politoed
|-damage|p1a: Politoed|0 fnt
|faint|p1a: Politoed
|
|-weather|RainDance|[upkeep]
|-heal|p2a: Jirachi|20/100|[from] item: Leftovers
|upkeep
|
|switch|p1a: Jirachi|Jirachi|98/100
|-damage|p1a: Jirachi|92/100|[from] Stealth Rock
|turn|25
|
|switch|p2a: Ferrothorn|Ferrothorn, M|85/100
|-damage|p2a: Ferrothorn|79/100|[from] Stealth Rock
|move|p1a: Jirachi|Body Slam|p2a: Ferrothorn
|-resisted|p2a: Ferrothorn
|-damage|p2a: Ferrothorn|72/100
|-damage|p1a: Jirachi|79/100|[from] ability: Iron Barbs|[of] p2a: Ferrothorn
|-status|p2a: Ferrothorn|par
|
|-weather|RainDance|[upkeep]
|-heal|p1a: Jirachi|85/100|[from] item: Leftovers
|-heal|p2a: Ferrothorn|79/100 par|[from] item: Leftovers
|upkeep
|turn|26
|
|move|p1a: Jirachi|Wish|p1a: Jirachi
|move|p2a: Ferrothorn|Leech Seed|p1a: Jirachi
|-start|p1a: Jirachi|move: Leech Seed
|
|-weather|RainDance|[upkeep]
|-heal|p1a: Jirachi|92/100|[from] item: Leftovers
|-heal|p2a: Ferrothorn|85/100 par|[from] item: Leftovers
|-damage|p1a: Jirachi|79/100|[from] Leech Seed|[of] p2a: Ferrothorn
|-heal|p2a: Ferrothorn|99/100 par|[silent]
|upkeep
|turn|27
|
|switch|p1a: Thundurus|Thundurus-Therian, M|38/100
|-damage|p1a: Thundurus|13/100|[from] Stealth Rock
|switch|p2a: Politoed|Politoed, M|100/100
|-damage|p2a: Politoed|88/100|[from] Stealth Rock
|
|-weather|RainDance|[upkeep]
|-heal|p1a: Thundurus|81/100|[from] move: Wish|[wisher] Jirachi
|upkeep
|turn|28
|
|move|p1a: Thundurus|Thunder|p2a: Politoed
|-supereffective|p2a: Politoed
|-damage|p2a: Politoed|0 fnt
|faint|p2a: Politoed
|
|-weather|RainDance|[upkeep]
|upkeep
|
|switch|p2a: Ferrothorn|Ferrothorn, M|99/100 par
|-damage|p2a: Ferrothorn|93/100 par|[from] Stealth Rock
|turn|29
|
|switch|p1a: Jirachi|Jirachi|79/100
|-damage|p1a: Jirachi|73/100|[from] Stealth Rock
|move|p2a: Ferrothorn|Leech Seed|p1a: Jirachi
|-start|p1a: Jirachi|move: Leech Seed
|
|-weather|RainDance|[upkeep]
|-heal|p1a: Jirachi|79/100|[from] item: Leftovers
|-heal|p2a: Ferrothorn|99/100 par|[from] item: Leftovers
|-damage|p1a: Jirachi|67/100|[from] Leech Seed|[of] p2a: Ferrothorn
|-heal|p2a: Ferrothorn|100/100 par|[silent]
|upkeep
|turn|30
|
|switch|p1a: Keldeo|Keldeo|13/100 par
|-damage|p1a: Keldeo|7/100 par|[from] Stealth Rock
|switch|p2a: Vaporeon|Vaporeon, F|71/100
|-damage|p2a: Vaporeon|58/100|[from] Stealth Rock
|
|-weather|RainDance|[upkeep]
|-heal|p2a: Vaporeon|64/100|[from] item: Leftovers
|upkeep
|turn|31
|
|switch|p1a: Jirachi|Jirachi|67/100
|-damage|p1a: Jirachi|61/100|[from] Stealth Rock
|move|p2a: Vaporeon|Scald|p1a: Jirachi
|-damage|p1a: Jirachi|35/100
|-status|p1a: Jirachi|brn
|
|-weather|RainDance|[upkeep]
|-heal|p1a: Jirachi|41/100 brn|[from] item: Leftovers
|-heal|p2a: Vaporeon|70/100|[from] item: Leftovers
|-damage|p1a: Jirachi|28/100 brn|[from] brn
|upkeep
|turn|32
|
|move|p1a: Jirachi|Wish|p1a: Jirachi
|move|p2a: Vaporeon|Rest|p2a: Vaporeon
|-status|p2a: Vaporeon|slp
|-heal|p2a: Vaporeon|100/100 slp|[silent]
|-status|p2a: Vaporeon|slp|[from] move: Rest
|
|-weather|RainDance|[upkeep]
|-heal|p1a: Jirachi|35/100 brn|[from] item: Leftovers
|-activate|p2a: Vaporeon|ability: Hydration
|-curestatus|p2a: Vaporeon|slp|[msg]
|-damage|p1a: Jirachi|22/100 brn|[from] brn
|upkeep
|turn|33
|
|move|p1a: Jirachi|Protect|p1a: Jirachi
|-singleturn|p1a: Jirachi|Protect
|move|p2a: Vaporeon|Roar|p1a: Jirachi
|-activate|p1a: Jirachi|move: Protect
|
|-weather|RainDance|[upkeep]
|-heal|p1a: Jirachi|72/100 brn|[from] move: Wish|[wisher] Jirachi
|-heal|p1a: Jirachi|78/100 brn|[from] item: Leftovers
|-damage|p1a: Jirachi|66/100 brn|[from] brn
|upkeep
|turn|34
|
|move|p1a: Jirachi|Wish|p1a: Jirachi
|move|p2a: Vaporeon|Roar|p1a: Jirachi
|drag|p1a: Keldeo|Keldeo|7/100 par
|-damage|p1a: Keldeo|1/100 par|[from] Stealth Rock
|
|-weather|RainDance|[upkeep]
|upkeep
|turn|35
|
|move|p2a: Vaporeon|Scald|p1a: Keldeo
|-resisted|p1a: Keldeo
|-damage|p1a: Keldeo|0 fnt
|faint|p1a: Keldeo
|
|-weather|RainDance|[upkeep]
|upkeep
|
|switch|p1a: Thundurus|Thundurus-Therian, M|81/100
|-damage|p1a: Thundurus|56/100|[from] Stealth Rock
|turn|36
|
|switch|p2a: Ferrothorn|Ferrothorn, M|100/100 par
|-damage|p2a: Ferrothorn|94/100 par|[from] Stealth Rock
|move|p1a: Thundurus|Thunder|p2a: Ferrothorn
|-resisted|p2a: Ferrothorn
|-damage|p2a: Ferrothorn|70/100 par
|
|-weather|RainDance|[upkeep]
|-heal|p2a: Ferrothorn|76/100 par|[from] item: Leftovers
|upkeep
|turn|37
|
|switch|p1a: Jirachi|Jirachi|66/100 brn
|-damage|p1a: Jirachi|60/100 brn|[from] Stealth Rock
|move|p2a: Ferrothorn|Leech Seed|p1a: Jirachi
|-start|p1a: Jirachi|move: Leech Seed
|
|-weather|RainDance|[upkeep]
|-heal|p1a: Jirachi|66/100 brn|[from] item: Leftovers
|-heal|p2a: Ferrothorn|82/100 par|[from] item: Leftovers
|-damage|p1a: Jirachi|54/100 brn|[from] Leech Seed|[of] p2a: Ferrothorn
|-heal|p2a: Ferrothorn|96/100 par|[silent]
|-damage|p1a: Jirachi|41/100 brn|[from] brn
|upkeep
|turn|38
|
|switch|p2a: Vaporeon|Vaporeon, F|100/100
|-damage|p2a: Vaporeon|88/100|[from] Stealth Rock
|move|p1a: Jirachi|Wish|p1a: Jirachi
|
|-weather|RainDance|[upkeep]
|-heal|p1a: Jirachi|48/100 brn|[from] item: Leftovers
|-heal|p2a: Vaporeon|94/100|[from] item: Leftovers
|-damage|p1a: Jirachi|35/100 brn|[from] Leech Seed|[of] p2a: Vaporeon
|-heal|p2a: Vaporeon|100/100|[silent]
|-damage|p1a: Jirachi|23/100 brn|[from] brn
|upkeep
|turn|39
|
|move|p1a: Jirachi|Body Slam|p2a: Vaporeon
|-damage|p2a: Vaporeon|89/100
|-status|p2a: Vaporeon|par
|move|p2a: Vaporeon|Roar|p1a: Jirachi
|drag|p1a: Thundurus|Thundurus-Therian, M|56/100
|-damage|p1a: Thundurus|31/100|[from] Stealth Rock
|
|-weather|RainDance|[upkeep]
|-heal|p1a: Thundurus|99/100|[from] move: Wish|[wisher] Jirachi
|-activate|p2a: Vaporeon|ability: Hydration
|-curestatus|p2a: Vaporeon|par|[msg]
|-heal|p2a: Vaporeon|96/100|[from] item: Leftovers
|upkeep
|turn|40
|
|switch|p2a: Ferrothorn|Ferrothorn, M|96/100 par
|-damage|p2a: Ferrothorn|90/100 par|[from] Stealth Rock
|move|p1a: Thundurus|Focus Blast|p2a: Ferrothorn
|-supereffective|p2a: Ferrothorn
|-damage|p2a: Ferrothorn|21/100 par
|
|-weather|RainDance|[upkeep]
|-heal|p2a: Ferrothorn|27/100 par|[from] item: Leftovers
|upkeep
|turn|41
|
|switch|p2a: Vaporeon|Vaporeon, F|96/100
|-damage|p2a: Vaporeon|83/100|[from] Stealth Rock
|move|p1a: Thundurus|Focus Blast|p2a: Vaporeon
|-damage|p2a: Vaporeon|58/100
|
|-weather|RainDance|[upkeep]
|-heal|p2a: Vaporeon|64/100|[from] item: Leftovers
|upkeep
|turn|42
|
|switch|p1a: Jirachi|Jirachi|23/100 brn
|-damage|p1a: Jirachi|17/100 brn|[from] Stealth Rock
|move|p2a: Vaporeon|Scald|p1a: Jirachi
|-damage|p1a: Jirachi|0 fnt
|faint|p1a: Jirachi
|
|-weather|RainDance|[upkeep]
|-heal|p2a: Vaporeon|70/100|[from] item: Leftovers
|upkeep
|
|switch|p1a: Thundurus|Thundurus-Therian, M|99/100
|-damage|p1a: Thundurus|74/100|[from] Stealth Rock
|turn|43
|
|switch|p2a: Jirachi|Jirachi|20/100
|-damage|p2a: Jirachi|14/100|[from] Stealth Rock
|move|p1a: Thundurus|Thunder|p2a: Jirachi
|-damage|p2a: Jirachi|0 fnt
|faint|p2a: Jirachi
|
|-weather|RainDance|[upkeep]
|upkeep
|
|switch|p2a: Ferrothorn|Ferrothorn, M|27/100 par
|-damage|p2a: Ferrothorn|21/100 par|[from] Stealth Rock
|turn|44
|
|move|p1a: Thundurus|Thunder|p2a: Ferrothorn
|-resisted|p2a: Ferrothorn
|-damage|p2a: Ferrothorn|0 fnt
|faint|p2a: Ferrothorn
|
|-weather|RainDance|[upkeep]
|upkeep
|c|☆HANMA JACK|gg wp
|
|switch|p2a: Vaporeon|Vaporeon, F|70/100
|-damage|p2a: Vaporeon|58/100|[from] Stealth Rock
|turn|45
|
|move|p1a: Thundurus|Thunder|p2a: Vaporeon
|-supereffective|p2a: Vaporeon
|-damage|p2a: Vaporeon|0 fnt
|faint|p2a: Vaporeon
|
|win|HANMA JACK
|raw|HANMA JACK's rating: 1286 &rarr; <strong>1316</strong><br />(+30 for winning)
|raw|CroCoeur's rating: 1364 &rarr; <strong>1340</strong><br />(-24 for losing)
|l|☆CroCoeur
