|j|☆SattleBimulator
|j|☆chundee galaxy
|t:|1739371112
|gametype|singles
|player|p1|SattleBimulator|169|1317
|player|p2|chundee galaxy|alder|1504
|teamsize|p1|6
|teamsize|p2|6
|gen|5
|tier|[Gen 5] OU
|rated|
|rule|Species Clause: Limit one of each Pokémon
|rule|OHKO Clause: OHKO moves are banned
|rule|Moody Clause: Moody is banned
|rule|Evasion Items Clause: Evasion items are banned
|rule|Evasion Moves Clause: Evasion moves are banned
|rule|Endless Battle Clause: Forcing endless battles is banned
|rule|HP Percentage Mod: HP is shown in percentages
|rule|Evasion Abilities Clause: Evasion abilities are banned
|rule|Sleep Moves Clause: Sleep-inducing moves are banned
|rule|Swagger Clause: Swagger is banned
|rule|Baton Pass Stat Clause: No Baton Passer may have a way to boost its stats
|clearpoke
|poke|p1|Politoed, M|item
|poke|p1|Thundurus-Therian, M|item
|poke|p1|Keldeo-Resolute|item
|poke|p1|Starmie|item
|poke|p1|Latios, M|item
|poke|p1|Rotom-Wash|item
|poke|p2|Politoed, M|item
|poke|p2|Gyarados, F|item
|poke|p2|Keldeo|item
|poke|p2|Breloom, F|item
|poke|p2|Metagross|item
|poke|p2|Scizor, F|item
|teampreview
|inactive|Battle timer is ON: inactive players will automatically lose when time's up. (requested by SattleBimulator)
|inactive|chundee galaxy has 120 seconds left.
|
|t:|1739371147
|start
|switch|p1a: Rotom|Rotom-Wash|100/100
|switch|p2a: Keldeo|Keldeo|100/100
|turn|1
|
|t:|1739371154
|move|p1a: Rotom|Thunder|p2a: Keldeo|[miss]
|-miss|p1a: Rotom|p2a: Keldeo
|move|p2a: Keldeo|Hidden Power|p1a: Rotom
|-supereffective|p1a: Rotom
|-crit|p1a: Rotom
|-damage|p1a: Rotom|0 fnt
|faint|p1a: Rotom
|
|upkeep
|c|☆SattleBimulator|lol
|c|☆chundee galaxy|im sorry lol
|
|t:|1739371165
|switch|p1a: Latios|Latios, M|100/100
|turn|2
|c|☆chundee galaxy|thats wack
|
|t:|1739371170
|switch|p2a: Metagross|Metagross|100/100
|move|p1a: Latios|Psychic|p2a: Metagross
|-resisted|p2a: Metagross
|-damage|p2a: Metagross|89/100
|
|upkeep
|turn|3
|
|t:|1739371177
|-activate|p1a: Latios|move: Pursuit
|move|p2a: Metagross|Pursuit|p1a: Latios|[from] Pursuit
|-supereffective|p1a: Latios
|-damage|p1a: Latios|9/100
|switch|p1a: Politoed|Politoed, M|100/100
|-weather|RainDance|[from] ability: Drizzle|[of] p1a: Politoed
|
|-weather|RainDance|[upkeep]
|upkeep
|turn|4
|
|t:|1739371188
|move|p1a: Politoed|Scald|p2a: Metagross
|-damage|p2a: Metagross|49/100
|move|p2a: Metagross|Stealth Rock|p1a: Politoed
|-sidestart|p1: SattleBimulator|move: Stealth Rock
|
|-weather|RainDance|[upkeep]
|upkeep
|turn|5
|
|t:|1739371196
|move|p1a: Politoed|Encore|p2a: Metagross
|-start|p2a: Metagross|Encore
|move|p2a: Metagross|Stealth Rock||[still]
|-fail|p2a: Metagross
|
|-weather|RainDance|[upkeep]
|upkeep
|turn|6
|
|t:|1739371202
|switch|p2a: Keldeo|Keldeo|100/100
|move|p1a: Politoed|Scald|p2a: Keldeo
|-resisted|p2a: Keldeo
|-damage|p2a: Keldeo|80/100
|-status|p2a: Keldeo|brn
|
|-weather|RainDance|[upkeep]
|-damage|p2a: Keldeo|68/100 brn|[from] brn
|upkeep
|turn|7
|
|t:|1739371212
|move|p2a: Keldeo|Secret Sword|p1a: Politoed
|-damage|p1a: Politoed|52/100
|move|p1a: Politoed|Hidden Power|p2a: Keldeo
|-supereffective|p2a: Keldeo
|-damage|p2a: Keldeo|33/100 brn
|
|-weather|RainDance|[upkeep]
|-heal|p1a: Politoed|58/100|[from] item: Leftovers
|-damage|p2a: Keldeo|20/100 brn|[from] brn
|upkeep
|turn|8
|
|t:|1739371221
|switch|p2a: Metagross|Metagross|49/100
|move|p1a: Politoed|Scald|p2a: Metagross
|-damage|p2a: Metagross|12/100
|
|-weather|RainDance|[upkeep]
|-heal|p1a: Politoed|65/100|[from] item: Leftovers
|upkeep
|turn|9
|
|t:|1739371229
|move|p1a: Politoed|Scald|p2a: Metagross
|-damage|p2a: Metagross|0 fnt
|faint|p2a: Metagross
|
|-weather|RainDance|[upkeep]
|-heal|p1a: Politoed|71/100|[from] item: Leftovers
|upkeep
|
|t:|1739371236
|switch|p2a: Breloom|Breloom, F|100/100
|turn|10
|
|t:|1739371241
|move|p2a: Breloom|Bullet Seed|p1a: Politoed
|-supereffective|p1a: Politoed
|-damage|p1a: Politoed|18/100
|-supereffective|p1a: Politoed
|-damage|p1a: Politoed|0 fnt
|faint|p1a: Politoed
|-hitcount|p1: Politoed|2
|
|-weather|RainDance|[upkeep]
|upkeep
|
|t:|1739371245
|switch|p1a: Starmie|Starmie|100/100
|-damage|p1a: Starmie|88/100|[from] Stealth Rock
|-item|p1a: Starmie|Air Balloon
|turn|11
|
|t:|1739371264
|move|p1a: Starmie|Rapid Spin|p2a: Breloom
|-damage|p2a: Breloom|96/100
|-sideend|p1: SattleBimulator|Stealth Rock|[from] move: Rapid Spin|[of] p1a: Starmie
|move|p2a: Breloom|Bullet Seed|p1a: Starmie
|-supereffective|p1a: Starmie
|-damage|p1a: Starmie|0 fnt
|-enditem|p1a: Starmie|Air Balloon
|faint|p1a: Starmie
|-hitcount|p1: Starmie|1
|
|-weather|RainDance|[upkeep]
|upkeep
|
|t:|1739371266
|switch|p1a: Thundurus|Thundurus-Therian, M|100/100
|turn|12
|
|t:|1739371279
|move|p1a: Thundurus|Hidden Power|p2a: Breloom
|-supereffective|p2a: Breloom
|-damage|p2a: Breloom|0 fnt
|faint|p2a: Breloom
|-damage|p1a: Thundurus|91/100|[from] item: Life Orb
|
|-weather|RainDance|[upkeep]
|upkeep
|
|t:|1739371289
|switch|p2a: Keldeo|Keldeo|20/100 brn
|turn|13
|
|t:|1739371292
|switch|p1a: Latios|Latios, M|9/100
|move|p2a: Keldeo|Surf|p1a: Latios
|-resisted|p1a: Latios
|-damage|p1a: Latios|0 fnt
|faint|p1a: Latios
|
|-weather|RainDance|[upkeep]
|-damage|p2a: Keldeo|8/100 brn|[from] brn
|upkeep
|
|t:|1739371296
|switch|p1a: Keldeo|Keldeo-Resolute|100/100
|turn|14
|
|t:|1739371307
|switch|p2a: Politoed|Politoed, M|100/100
|move|p1a: Keldeo|Secret Sword|p2a: Politoed
|-crit|p2a: Politoed
|-damage|p2a: Politoed|0 fnt
|faint|p2a: Politoed
|
|-weather|RainDance|[upkeep]
|upkeep
|
|t:|1739371323
|switch|p2a: Gyarados|Gyarados, F|100/100
|turn|15
|
|t:|1739371328
|switch|p1a: Thundurus|Thundurus-Therian, M|91/100
|move|p2a: Gyarados|Waterfall|p1a: Thundurus
|-damage|p1a: Thundurus|0 fnt
|faint|p1a: Thundurus
|-ability|p2a: Gyarados|Moxie|boost
|-boost|p2a: Gyarados|atk|1
|
|-weather|RainDance|[upkeep]
|upkeep
|
|t:|1739371330
|switch|p1a: Keldeo|Keldeo-Resolute|100/100
|turn|16
|c|☆chundee galaxy|gg sorry bout the hax
|
|t:|1739371340
|move|p1a: Keldeo|Surf|p2a: Gyarados
|-resisted|p2a: Gyarados
|-damage|p2a: Gyarados|62/100
|move|p2a: Gyarados|Waterfall|p1a: Keldeo
|-resisted|p1a: Keldeo
|-damage|p1a: Keldeo|48/100
|
|-weather|RainDance|[upkeep]
|upkeep
|turn|17
|
|t:|1739371347
|move|p1a: Keldeo|Surf|p2a: Gyarados
|-resisted|p2a: Gyarados
|-crit|p2a: Gyarados
|-damage|p2a: Gyarados|0 fnt
|faint|p2a: Gyarados
|
|-weather|RainDance|[upkeep]
|upkeep
|
|t:|1739371352
|switch|p2a: Keldeo|Keldeo|8/100 brn
|turn|18
|
|t:|1739371356
|move|p1a: Keldeo|Surf|p2a: Keldeo
|-resisted|p2a: Keldeo
|-damage|p2a: Keldeo|0 fnt
|faint|p2a: Keldeo
|
|-weather|RainDance|[upkeep]
|upkeep
|
|t:|1739371361
|switch|p2a: Scizor|Scizor, F|100/100
|turn|19
|
|t:|1739371364
|move|p1a: Keldeo|Surf|p2a: Scizor
|-damage|p2a: Scizor|0 fnt
|faint|p2a: Scizor
|
|win|SattleBimulator
|raw|SattleBimulator's rating: 1317 &rarr; <strong>1347</strong><br />(+30 for winning)
|raw|chundee galaxy's rating: 1504 &rarr; <strong>1474</strong><br />(-30 for losing)
