|uhtml|medal-msg|<div class="broadcast-blue">Curious what those medals under the avatar are? PS now has Ladder Seasons! For more information, check out the <a href="https://www.smogon.com/forums/threads/3740067/">thread on Smogon.</a></div>
|uhtml|medal-msg|<div class="broadcast-blue">Curious what those medals under the avatar are? PS now has Ladder Seasons! For more information, check out the <a href="https://www.smogon.com/forums/threads/3740067/">thread on Smogon.</a></div>
|j|☆torinoko city
|j|☆BWVC BookofConke
|t:|1713256871
|gametype|singles
|player|p1|torinoko city|miku-flying|1426
|player|p2|BWVC BookofConke|silver|1354
|teamsize|p1|6
|teamsize|p2|6
|gen|5
|tier|[Gen 5] OU
|rated|
|rule|Species Clause: Limit one of each Pokémon
|rule|OHKO Clause: OHKO moves are banned
|rule|Moody Clause: Moody is banned
|rule|Evasion Items Clause: Evasion items are banned
|rule|Evasion Moves Clause: Evasion moves are banned
|rule|Endless Battle Clause: Forcing endless battles is banned
|rule|HP Percentage Mod: HP is shown in percentages
|rule|Evasion Abilities Clause: Evasion abilities are banned
|rule|Sleep Moves Clause: Sleep-inducing moves are banned
|rule|Swagger Clause: Swagger is banned
|rule|Baton Pass Stat Clause: No Baton Passer may have a way to boost its stats
|clearpoke
|poke|p1|Politoed, M|item
|poke|p1|Ferrothorn, M|item
|poke|p1|Starmie|item
|poke|p1|Latios, M|item
|poke|p1|Thundurus-Therian, M|item
|poke|p1|Garchomp, M|item
|poke|p2|Garchomp, F|item
|poke|p2|Kyurem-Black|item
|poke|p2|Magnezone|item
|poke|p2|Salamence, M|item
|poke|p2|Scizor, M|item
|poke|p2|Starmie|item
|teampreview
|inactive|Battle timer is ON: inactive players will automatically lose when time's up. (requested by torinoko city)
|c|☆torinoko city|hi conke
|j| Lkira-sama
|
|t:|1713256884
|start
|switch|p1a: Politoed|Politoed, M|100/100
|switch|p2a: Garchomp|Garchomp, F|100/100
|-weather|RainDance|[from] ability: Drizzle|[of] p1a: Politoed
|turn|1
|
|t:|1713256895
|move|p2a: Garchomp|Stealth Rock|p1a: Politoed
|-sidestart|p1: torinoko city|move: Stealth Rock
|move|p1a: Politoed|Scald|p2a: Garchomp
|-damage|p2a: Garchomp|61/100
|
|-weather|RainDance|[upkeep]
|upkeep
|turn|2
|
|t:|1713256906
|move|p2a: Garchomp|Earthquake|p1a: Politoed
|-damage|p1a: Politoed|62/100
|move|p1a: Politoed|Scald|p2a: Garchomp
|-damage|p2a: Garchomp|22/100
|
|-weather|RainDance|[upkeep]
|upkeep
|turn|3
|
|t:|1713256917
|move|p2a: Garchomp|Outrage|p1a: Politoed
|-damage|p1a: Politoed|12/100
|move|p1a: Politoed|Scald|p2a: Garchomp
|-damage|p2a: Garchomp|0 fnt
|faint|p2a: Garchomp
|
|-weather|RainDance|[upkeep]
|upkeep
|
|t:|1713256932
|switch|p2a: Salamence|Salamence, M|100/100
|turn|4
|
|t:|1713256935
|switch|p2a: Magnezone|Magnezone|100/100
|switch|p1a: Ferrothorn|Ferrothorn, M|100/100
|-damage|p1a: Ferrothorn|94/100|[from] Stealth Rock
|
|-weather|RainDance|[upkeep]
|-heal|p1a: Ferrothorn|100/100|[from] item: Leftovers
|upkeep
|turn|5
|
|t:|1713256945
|move|p2a: Magnezone|Sunny Day|p2a: Magnezone
|-weather|SunnyDay
|move|p1a: Ferrothorn|Stealth Rock|p2a: Magnezone
|-sidestart|p2: BWVC BookofConke|move: Stealth Rock
|
|-weather|SunnyDay|[upkeep]
|upkeep
|turn|6
|
|t:|1713256951
|move|p2a: Magnezone|Hidden Power|p1a: Ferrothorn
|-supereffective|p1a: Ferrothorn
|-damage|p1a: Ferrothorn|10/100
|move|p1a: Ferrothorn|Spikes|p2a: Magnezone
|-sidestart|p2: BWVC BookofConke|Spikes
|
|-weather|SunnyDay|[upkeep]
|-heal|p1a: Ferrothorn|16/100|[from] item: Leftovers
|upkeep
|turn|7
|
|t:|1713256967
|move|p2a: Magnezone|Hidden Power|p1a: Ferrothorn
|-supereffective|p1a: Ferrothorn
|-damage|p1a: Ferrothorn|0 fnt
|faint|p1a: Ferrothorn
|
|-weather|SunnyDay|[upkeep]
|upkeep
|
|t:|1713256971
|switch|p1a: Starmie|Starmie|100/100
|-damage|p1a: Starmie|88/100|[from] Stealth Rock
|-item|p1a: Starmie|Air Balloon
|turn|8
|
|t:|1713256984
|move|p1a: Starmie|Rapid Spin|p2a: Magnezone
|-resisted|p2a: Magnezone
|-damage|p2a: Magnezone|99/100
|-sideend|p1: torinoko city|Stealth Rock|[from] move: Rapid Spin|[of] p1a: Starmie
|move|p2a: Magnezone|Thunderbolt|p1a: Starmie
|-supereffective|p1a: Starmie
|-damage|p1a: Starmie|0 fnt
|-enditem|p1a: Starmie|Air Balloon
|faint|p1a: Starmie
|
|-weather|SunnyDay|[upkeep]
|upkeep
|
|t:|1713256990
|switch|p1a: Politoed|Politoed, M|12/100
|-weather|RainDance|[from] ability: Drizzle|[of] p1a: Politoed
|turn|9
|
|t:|1713256998
|switch|p1a: mr chomps|Garchomp, M|100/100
|move|p2a: Magnezone|Sunny Day|p2a: Magnezone
|-weather|SunnyDay
|
|-weather|SunnyDay|[upkeep]
|upkeep
|turn|10
|
|t:|1713257013
|switch|p2a: Starmie|Starmie|100/100
|-damage|p2a: Starmie|88/100|[from] Stealth Rock
|-item|p2a: Starmie|Air Balloon
|move|p1a: mr chomps|Earthquake|p2a: Starmie
|-immune|p2a: Starmie
|
|-weather|SunnyDay|[upkeep]
|upkeep
|turn|11
|
|t:|1713257035
|switch|p1a: Politoed|Politoed, M|12/100
|-weather|RainDance|[from] ability: Drizzle|[of] p1a: Politoed
|move|p2a: Starmie|Rapid Spin|p1a: Politoed
|-damage|p1a: Politoed|9/100
|-sideend|p2: BWVC BookofConke|Spikes|[from] move: Rapid Spin|[of] p2a: Starmie
|-sideend|p2: BWVC BookofConke|Stealth Rock|[from] move: Rapid Spin|[of] p2a: Starmie
|
|-weather|RainDance|[upkeep]
|upkeep
|turn|12
|
|t:|1713257048
|switch|p1a: Bird Noises|Thundurus-Therian, M|100/100
|move|p2a: Starmie|Surf|p1a: Bird Noises
|-damage|p1a: Bird Noises|0 fnt
|faint|p1a: Bird Noises
|
|-weather|RainDance|[upkeep]
|upkeep
|
|t:|1713257053
|switch|p1a: Latios|Latios, M|100/100
|turn|13
|inactive|BWVC BookofConke has 120 seconds left.
|
|t:|1713257074
|switch|p2a: Kyurem|Kyurem-Black|100/100
|-ability|p2a: Kyurem|Teravolt
|move|p1a: Latios|Draco Meteor|p2a: Kyurem
|-supereffective|p2a: Kyurem
|-crit|p2a: Kyurem
|-damage|p2a: Kyurem|0 fnt
|-unboost|p1a: Latios|spa|2
|faint|p2a: Kyurem
|
|-weather|RainDance|[upkeep]
|upkeep
|inactive|BWVC BookofConke has 120 seconds left.
|
|t:|1713257086
|switch|p2a: Scizor|Scizor, M|100/100
|turn|14
|
|t:|1713257091
|-activate|p1a: Latios|move: Pursuit
|move|p2a: Scizor|Pursuit|p1a: Latios|[from]Pursuit
|-supereffective|p1a: Latios
|-damage|p1a: Latios|10/100
|switch|p1a: Politoed|Politoed, M|9/100
|
|-weather|RainDance|[upkeep]
|upkeep
|turn|15
|l| Lkira-sama
|inactive|BWVC BookofConke has 120 seconds left.
|
|t:|1713257107
|move|p2a: Scizor|Bullet Punch|p1a: Politoed
|-resisted|p1a: Politoed
|-damage|p1a: Politoed|0 fnt
|faint|p1a: Politoed
|
|-weather|RainDance|[upkeep]
|upkeep
|
|t:|1713257111
|switch|p1a: mr chomps|Garchomp, M|100/100
|turn|16
|inactive|BWVC BookofConke has 120 seconds left.
|
|t:|1713257129
|switch|p2a: Magnezone|Magnezone|99/100
|move|p1a: mr chomps|Aqua Tail|p2a: Magnezone|[miss]
|-miss|p1a: mr chomps|p2a: Magnezone
|
|-weather|RainDance|[upkeep]
|upkeep
|turn|17
|inactive|BWVC BookofConke has 120 seconds left.
|
|t:|1713257139
|move|p1a: mr chomps|Aqua Tail|p2a: Magnezone
|-damage|p2a: Magnezone|50/100
|move|p2a: Magnezone|Sunny Day|p2a: Magnezone
|-weather|SunnyDay
|
|-weather|SunnyDay|[upkeep]
|upkeep
|turn|18
|inactive|BWVC BookofConke has 120 seconds left.
|
|t:|1713257158
|switch|p2a: Starmie|Starmie|88/100
|-item|p2a: Starmie|Air Balloon
|move|p1a: mr chomps|Swords Dance|p1a: mr chomps
|-boost|p1a: mr chomps|atk|2
|
|-weather|SunnyDay|[upkeep]
|upkeep
|turn|19
|inactive|BWVC BookofConke has 120 seconds left.
|
|t:|1713257168
|move|p2a: Starmie|Ice Beam|p1a: mr chomps
|-supereffective|p1a: mr chomps
|-enditem|p1a: mr chomps|Yache Berry|[eat]
|-enditem|p1a: mr chomps|Yache Berry|[weaken]
|-damage|p1a: mr chomps|38/100
|move|p1a: mr chomps|Outrage|p2a: Starmie
|-damage|p2a: Starmie|0 fnt
|-enditem|p2a: Starmie|Air Balloon
|faint|p2a: Starmie
|
|-weather|SunnyDay|[upkeep]
|upkeep
|inactive|BWVC BookofConke has 120 seconds left.
|
|t:|1713257180
|switch|p2a: Salamence|Salamence, M|100/100
|turn|20
|
|t:|1713257183
|move|p2a: Salamence|Outrage|p1a: mr chomps
|-supereffective|p1a: mr chomps
|-damage|p1a: mr chomps|0 fnt
|-damage|p2a: Salamence|88/100|[from] ability: Rough Skin|[of] p1a: mr chomps
|faint|p1a: mr chomps
|-ability|p2a: Salamence|Moxie|boost
|-boost|p2a: Salamence|atk|1
|
|-weather|SunnyDay|[upkeep]
|upkeep
|
|t:|1713257186
|switch|p1a: Latios|Latios, M|10/100
|turn|21
|
|t:|1713257195
|move|p1a: Latios|Dragon Pulse|p2a: Salamence
|-supereffective|p2a: Salamence
|-damage|p2a: Salamence|0 fnt
|faint|p2a: Salamence
|
|-weather|none
|upkeep
|
|t:|1713257201
|switch|p2a: Scizor|Scizor, M|100/100
|turn|22
|
|t:|1713257205
|move|p2a: Scizor|Bullet Punch|p1a: Latios
|-damage|p1a: Latios|0 fnt
|faint|p1a: Latios
|
|win|BWVC BookofConke
|raw|torinoko city's rating: 1426 &rarr; <strong>1402</strong><br />(-24 for losing)
|raw|BWVC BookofConke's rating: 1354 &rarr; <strong>1378</strong><br />(+24 for winning)
|c|☆torinoko city|gg
|l|☆torinoko city
|player|p1|
|c|☆BWVC BookofConke|Gg
