|j|☆The Hail Incident
|j|☆magialice
|t:|1731464653
|gametype|singles
|player|p1|The Hail Incident|flannery|1396
|player|p2|magialice|miku-flying|1544
|teamsize|p1|6
|teamsize|p2|6
|gen|5
|tier|[Gen 5] OU
|rated|
|rule|Species Clause: Limit one of each Pokémon
|rule|OHKO Clause: OHKO moves are banned
|rule|Moody Clause: Moody is banned
|rule|Evasion Items Clause: Evasion items are banned
|rule|Evasion Moves Clause: Evasion moves are banned
|rule|Endless Battle Clause: Forcing endless battles is banned
|rule|HP Percentage Mod: HP is shown in percentages
|rule|Evasion Abilities Clause: Evasion abilities are banned
|rule|Sleep Moves Clause: Sleep-inducing moves are banned
|rule|Swagger Clause: Swagger is banned
|rule|Baton Pass Stat Clause: No Baton Passer may have a way to boost its stats
|clearpoke
|poke|p1|Magnezone|item
|poke|p1|Jirachi|item
|poke|p1|Kyurem-Black|item
|poke|p1|Haxorus, F|item
|poke|p1|Latios, M|item
|poke|p1|Mamoswine, F|item
|poke|p2|Tyranitar, F|item
|poke|p2|Keldeo|item
|poke|p2|Terrakion|item
|poke|p2|Landorus-Therian, M|item
|poke|p2|Celebi|item
|poke|p2|Excadrill, F|item
|teampreview
|inactive|Battle timer is ON: inactive players will automatically lose when time's up. (requested by magialice)
|
|t:|1731464676
|start
|switch|p1a: Mamoswine|Mamoswine, F, shiny|100/100
|switch|p2a: Keldeo|Keldeo|100/100
|turn|1
|
|t:|1731464684
|switch|p1a: Jirachi|Jirachi, shiny|100/100
|move|p2a: Keldeo|Scald|p1a: Jirachi
|-damage|p1a: Jirachi|65/100
|
|-heal|p1a: Jirachi|71/100|[from] item: Leftovers
|upkeep
|turn|2
|
|t:|1731464690
|switch|p2a: Excadrill|Excadrill, F|100/100
|move|p1a: Jirachi|Stealth Rock|p2a: Excadrill
|-sidestart|p2: magialice|move: Stealth Rock
|
|-heal|p1a: Jirachi|77/100|[from] item: Leftovers
|upkeep
|turn|3
|j| T800Trainer
|
|t:|1731464695
|move|p1a: Jirachi|Icy Wind|p2a: Excadrill
|-damage|p2a: Excadrill|89/100
|-unboost|p2a: Excadrill|spe|1
|move|p2a: Excadrill|Rapid Spin|p1a: Jirachi
|-resisted|p1a: Jirachi
|-damage|p1a: Jirachi|74/100
|-sideend|p2: magialice|Stealth Rock|[from] move: Rapid Spin|[of] p2a: Excadrill
|
|-heal|p1a: Jirachi|80/100|[from] item: Leftovers
|-heal|p2a: Excadrill|95/100|[from] item: Leftovers
|upkeep
|turn|4
|
|t:|1731464703
|switch|p2a: Landorus|Landorus-Therian, M|100/100
|-ability|p2a: Landorus|Intimidate|boost
|-unboost|p1a: Jirachi|atk|1
|move|p1a: Jirachi|U-turn|p2a: Landorus
|-resisted|p2a: Landorus
|-damage|p2a: Landorus|95/100
|
|t:|1731464714
|switch|p1a: Haxorus|Haxorus, F, shiny|100/100|[from] U-turn
|-ability|p1a: Haxorus|Unnerve
|
|upkeep
|turn|5
|
|t:|1731464719
|move|p2a: Landorus|Earthquake|p1a: Haxorus
|-damage|p1a: Haxorus|31/100
|move|p1a: Haxorus|Dragon Dance|p1a: Haxorus
|-boost|p1a: Haxorus|atk|1
|-boost|p1a: Haxorus|spe|1
|
|upkeep
|turn|6
|
|t:|1731464725
|switch|p2a: Excadrill|Excadrill, F|95/100
|move|p1a: Haxorus|Dragon Dance|p1a: Haxorus
|-boost|p1a: Haxorus|atk|1
|-boost|p1a: Haxorus|spe|1
|
|-heal|p2a: Excadrill|100/100|[from] item: Leftovers
|upkeep
|turn|7
|
|t:|1731464729
|switch|p2a: Tyranitar|Tyranitar, F|100/100
|-weather|Sandstorm|[from] ability: Sand Stream|[of] p2a: Tyranitar
|move|p1a: Haxorus|Outrage|p2a: Tyranitar
|-damage|p2a: Tyranitar|0 fnt
|faint|p2a: Tyranitar
|
|-weather|Sandstorm|[upkeep]
|-damage|p1a: Haxorus|25/100|[from] Sandstorm
|upkeep
|
|t:|1731464737
|switch|p2a: Excadrill|Excadrill, F|100/100
|turn|8
|
|t:|1731464739
|move|p1a: Haxorus|Outrage|p2a: Excadrill|[from]lockedmove
|-resisted|p2a: Excadrill
|-damage|p2a: Excadrill|0 fnt
|faint|p2a: Excadrill
|-start|p1a: Haxorus|confusion|[fatigue]
|-enditem|p1a: Haxorus|Lum Berry|[eat]
|-end|p1a: Haxorus|confusion
|
|-weather|Sandstorm|[upkeep]
|-damage|p1a: Haxorus|19/100|[from] Sandstorm
|upkeep
|
|t:|1731464743
|switch|p2a: Celebi|Celebi|100/100
|turn|9
|
|t:|1731464745
|move|p1a: Haxorus|Outrage|p2a: Celebi
|-damage|p2a: Celebi|0 fnt
|faint|p2a: Celebi
|
|-weather|Sandstorm|[upkeep]
|-damage|p1a: Haxorus|12/100|[from] Sandstorm
|upkeep
|
|t:|1731464749
|switch|p2a: Terrakion|Terrakion|100/100
|turn|10
|
|t:|1731464751
|move|p2a: Terrakion|Quick Attack|p1a: Haxorus
|-damage|p1a: Haxorus|0 fnt
|faint|p1a: Haxorus
|
|-weather|Sandstorm|[upkeep]
|upkeep
|l| T800Trainer
|
|t:|1731464760
|switch|p1a: Jirachi|Jirachi, shiny|80/100
|turn|11
|
|t:|1731464764
|switch|p2a: Landorus|Landorus-Therian, M|95/100
|-ability|p2a: Landorus|Intimidate|boost
|-unboost|p1a: Jirachi|atk|1
|move|p1a: Jirachi|Icy Wind|p2a: Landorus
|-supereffective|p2a: Landorus
|-damage|p2a: Landorus|32/100
|-unboost|p2a: Landorus|spe|1
|
|-weather|Sandstorm|[upkeep]
|-heal|p1a: Jirachi|86/100|[from] item: Leftovers
|upkeep
|turn|12
|
|t:|1731464768
|move|p1a: Jirachi|Icy Wind|p2a: Landorus
|-supereffective|p2a: Landorus
|-crit|p2a: Landorus
|-damage|p2a: Landorus|0 fnt
|faint|p2a: Landorus
|
|-weather|Sandstorm|[upkeep]
|-heal|p1a: Jirachi|92/100|[from] item: Leftovers
|upkeep
|
|t:|1731464772
|switch|p2a: Keldeo|Keldeo|100/100
|turn|13
|
|t:|1731464774
|move|p2a: Keldeo|Scald|p1a: Jirachi
|-damage|p1a: Jirachi|61/100
|move|p1a: Jirachi|Icy Wind|p2a: Keldeo
|-resisted|p2a: Keldeo
|-damage|p2a: Keldeo|94/100
|-unboost|p2a: Keldeo|spe|1
|
|-weather|Sandstorm|[upkeep]
|-damage|p2a: Keldeo|88/100|[from] Sandstorm
|-heal|p1a: Jirachi|67/100|[from] item: Leftovers
|-heal|p2a: Keldeo|94/100|[from] item: Leftovers
|upkeep
|turn|14
|
|t:|1731464776
|move|p1a: Jirachi|Stealth Rock|p2a: Keldeo
|-sidestart|p2: magialice|move: Stealth Rock
|move|p2a: Keldeo|Scald|p1a: Jirachi
|-damage|p1a: Jirachi|34/100
|-status|p1a: Jirachi|brn
|
|-weather|Sandstorm|[upkeep]
|-damage|p2a: Keldeo|88/100|[from] Sandstorm
|-heal|p1a: Jirachi|40/100 brn|[from] item: Leftovers
|-heal|p2a: Keldeo|94/100|[from] item: Leftovers
|-damage|p1a: Jirachi|28/100 brn|[from] brn
|upkeep
|turn|15
|
|t:|1731464779
|move|p1a: Jirachi|Thunder|p2a: Keldeo
|-supereffective|p2a: Keldeo
|-damage|p2a: Keldeo|39/100
|move|p2a: Keldeo|Calm Mind|p2a: Keldeo
|-boost|p2a: Keldeo|spa|1
|-boost|p2a: Keldeo|spd|1
|
|-weather|Sandstorm|[upkeep]
|-damage|p2a: Keldeo|32/100|[from] Sandstorm
|-heal|p1a: Jirachi|34/100 brn|[from] item: Leftovers
|-heal|p2a: Keldeo|39/100|[from] item: Leftovers
|-damage|p1a: Jirachi|22/100 brn|[from] brn
|upkeep
|turn|16
|
|t:|1731464783
|move|p1a: Jirachi|Icy Wind|p2a: Keldeo
|-resisted|p2a: Keldeo
|-damage|p2a: Keldeo|35/100
|-unboost|p2a: Keldeo|spe|1
|move|p2a: Keldeo|Scald|p1a: Jirachi
|-damage|p1a: Jirachi|0 fnt
|faint|p1a: Jirachi
|
|-weather|Sandstorm|[upkeep]
|-damage|p2a: Keldeo|28/100|[from] Sandstorm
|-heal|p2a: Keldeo|35/100|[from] item: Leftovers
|upkeep
|
|t:|1731464790
|switch|p1a: Mamoswine|Mamoswine, F, shiny|100/100
|turn|17
|
|t:|1731464792
|move|p1a: Mamoswine|Earthquake|p2a: Keldeo
|-damage|p2a: Keldeo|0 fnt
|faint|p2a: Keldeo
|
|-weather|Sandstorm|[upkeep]
|upkeep
|
|t:|1731464794
|switch|p2a: Terrakion|Terrakion|100/100
|-damage|p2a: Terrakion|94/100|[from] Stealth Rock
|turn|18
|c|☆The Hail Incident|gg
|c|☆magialice|gg
|
|t:|1731464799
|move|p1a: Mamoswine|Ice Shard|p2a: Terrakion
|-damage|p2a: Terrakion|72/100
|move|p2a: Terrakion|Close Combat|p1a: Mamoswine
|-supereffective|p1a: Mamoswine
|-damage|p1a: Mamoswine|0 fnt
|-unboost|p2a: Terrakion|def|1
|-unboost|p2a: Terrakion|spd|1
|faint|p1a: Mamoswine
|
|-weather|Sandstorm|[upkeep]
|upkeep
|
|t:|1731464802
|switch|p1a: Latios|Latios, M, shiny|100/100
|turn|19
|
|t:|1731464804
|move|p1a: Latios|Dragon Pulse|p2a: Terrakion
|-damage|p2a: Terrakion|16/100
|move|p2a: Terrakion|Close Combat|p1a: Latios
|-resisted|p1a: Latios
|-damage|p1a: Latios|32/100
|-unboost|p2a: Terrakion|def|1
|-unboost|p2a: Terrakion|spd|1
|
|-weather|Sandstorm|[upkeep]
|-damage|p1a: Latios|26/100|[from] Sandstorm
|upkeep
|turn|20
|
|t:|1731464807
|move|p1a: Latios|Dragon Pulse|p2a: Terrakion
|-damage|p2a: Terrakion|0 fnt
|faint|p2a: Terrakion
|
|win|The Hail Incident
|raw|The Hail Incident's rating: 1396 &rarr; <strong>1424</strong><br />(+28 for winning)
|raw|magialice's rating: 1544 &rarr; <strong>1516</strong><br />(-28 for losing)
|l|☆magialice
|player|p2|
