|j|☆el janitor
|j|☆Cashman $100000
|t:|1747166569
|gametype|singles
|player|p1|el janitor|101|1368
|player|p2|Cashman $100000|102|1415
|teamsize|p1|6
|teamsize|p2|6
|gen|5
|tier|[Gen 5] OU
|rated|
|rule|Species Clause: Limit one of each Pokémon
|rule|OHKO Clause: OHKO moves are banned
|rule|Moody Clause: Moody is banned
|rule|Evasion Items Clause: Evasion items are banned
|rule|Evasion Moves Clause: Evasion moves are banned
|rule|Endless Battle Clause: Forcing endless battles is banned
|rule|HP Percentage Mod: HP is shown in percentages
|rule|Evasion Abilities Clause: Evasion abilities are banned
|rule|Sleep Moves Clause: Sleep-inducing moves are banned
|rule|Swagger Clause: Swagger is banned
|rule|Baton Pass Stat Clause: No Baton Passer may have a way to boost its stats
|clearpoke
|poke|p1|Azelf|item
|poke|p1|Celebi|item
|poke|p1|Heatran, M|item
|poke|p1|Excadrill, M|item
|poke|p1|Zapdos|item
|poke|p1|Breloom, M|item
|poke|p2|Tyranitar, F|item
|poke|p2|Alakazam, M|item
|poke|p2|Latios, M|item
|poke|p2|Ferrothorn, F|item
|poke|p2|Keldeo|item
|poke|p2|Landorus-Therian, M|item
|teampreview
|l|☆el janitor
|player|p1|
|inactive|Battle timer is ON: inactive players will automatically lose when time's up. (requested by Cashman $100000)
|j|☆el janitor
|inactive|el janitor reconnected and has 135 seconds left.
|player|p1|el janitor|101|
|
|t:|1747166597
|start
|switch|p1a: Breloom|Breloom, M|100/100
|switch|p2a: Tyranitar|Tyranitar, F|100/100
|-weather|Sandstorm|[from] ability: Sand Stream|[of] p2a: Tyranitar
|turn|1
|
|t:|1747166603
|switch|p2a: Landorus|Landorus-Therian, M|100/100
|-ability|p2a: Landorus|Intimidate|boost
|-unboost|p1a: Breloom|atk|1
|move|p1a: Breloom|Bullet Seed|p2a: Landorus
|-crit|p2a: Landorus
|-damage|p2a: Landorus|39/100
|-crit|p2a: Landorus
|-damage|p2a: Landorus|0 fnt
|faint|p2a: Landorus
|-hitcount|p2: Landorus|2
|
|-weather|Sandstorm|[upkeep]
|-damage|p1a: Breloom|94/100|[from] Sandstorm
|upkeep
|
|t:|1747166610
|switch|p2a: Alakazam|Alakazam, M|100/100
|turn|2
|
|t:|1747166618
|switch|p1a: Celebi|Celebi|100/100
|move|p2a: Alakazam|Psychic|p1a: Celebi
|-resisted|p1a: Celebi
|-damage|p1a: Celebi|82/100
|-unboost|p1a: Celebi|spd|1
|
|-weather|Sandstorm|[upkeep]
|-damage|p1a: Celebi|76/100|[from] Sandstorm
|-heal|p1a: Celebi|82/100|[from] item: Leftovers
|upkeep
|turn|3
|
|t:|1747166622
|switch|p1a: Heatran|Heatran, M|100/100
|move|p2a: Alakazam|Shadow Ball|p1a: Heatran
|-resisted|p1a: Heatran
|-damage|p1a: Heatran|89/100
|-unboost|p1a: Heatran|spd|1
|
|-weather|Sandstorm|[upkeep]
|-heal|p1a: Heatran|95/100|[from] item: Leftovers
|upkeep
|turn|4
|
|t:|1747166627
|switch|p2a: Keldeo|Keldeo|100/100
|switch|p1a: Celebi|Celebi|82/100
|
|-weather|Sandstorm|[upkeep]
|-damage|p2a: Keldeo|94/100|[from] Sandstorm
|-damage|p1a: Celebi|76/100|[from] Sandstorm
|-heal|p2a: Keldeo|100/100|[from] item: Leftovers
|-heal|p1a: Celebi|82/100|[from] item: Leftovers
|upkeep
|turn|5
|
|t:|1747166635
|switch|p2a: Ferrothorn|Ferrothorn, F|100/100
|move|p1a: Celebi|U-turn|p2a: Ferrothorn
|-damage|p2a: Ferrothorn|91/100
|-damage|p1a: Celebi|69/100|[from] ability: Iron Barbs|[of] p2a: Ferrothorn
|
|t:|1747166637
|switch|p1a: Breloom|Breloom, M|94/100|[from] U-turn
|
|-weather|Sandstorm|[upkeep]
|-damage|p1a: Breloom|88/100|[from] Sandstorm
|upkeep
|turn|6
|
|t:|1747166643
|switch|p2a: Latios|Latios, M|100/100
|move|p1a: Breloom|Superpower|p2a: Latios
|-resisted|p2a: Latios
|-damage|p2a: Latios|26/100
|-unboost|p1a: Breloom|atk|1
|-unboost|p1a: Breloom|def|1
|
|-weather|Sandstorm|[upkeep]
|-damage|p2a: Latios|20/100|[from] Sandstorm
|-damage|p1a: Breloom|82/100|[from] Sandstorm
|upkeep
|turn|7
|
|t:|1747166650
|switch|p1a: Heatran|Heatran, M|95/100
|move|p2a: Latios|Trick|p1a: Heatran
|-activate|p2a: Latios|move: Trick|[of] p1a: Heatran
|-item|p1a: Heatran|Choice Scarf|[from] move: Trick
|-item|p2a: Latios|Leftovers|[from] move: Trick
|
|-weather|Sandstorm|[upkeep]
|-damage|p2a: Latios|14/100|[from] Sandstorm
|-heal|p2a: Latios|20/100|[from] item: Leftovers
|upkeep
|turn|8
|
|t:|1747166662
|switch|p2a: Keldeo|Keldeo|100/100
|move|p1a: Heatran|Toxic|p2a: Keldeo
|-status|p2a: Keldeo|tox
|
|-weather|Sandstorm|[upkeep]
|-damage|p2a: Keldeo|94/100 tox|[from] Sandstorm
|-heal|p2a: Keldeo|100/100 tox|[from] item: Leftovers
|-damage|p2a: Keldeo|94/100 tox|[from] psn
|upkeep
|turn|9
|
|t:|1747166673
|switch|p1a: Azelf|Azelf|100/100
|move|p2a: Keldeo|Hidden Power|p1a: Azelf
|-damage|p1a: Azelf|60/100
|
|-weather|Sandstorm|[upkeep]
|-damage|p1a: Azelf|54/100|[from] Sandstorm
|-damage|p2a: Keldeo|88/100 tox|[from] Sandstorm
|-heal|p2a: Keldeo|94/100 tox|[from] item: Leftovers
|-damage|p2a: Keldeo|82/100 tox|[from] psn
|upkeep
|turn|10
|
|t:|1747166685
|move|p1a: Azelf|Stealth Rock|p2a: Keldeo
|-sidestart|p2: Cashman $100000|move: Stealth Rock
|move|p2a: Keldeo|Scald|p1a: Azelf
|-damage|p1a: Azelf|0 fnt
|faint|p1a: Azelf
|
|-weather|Sandstorm|[upkeep]
|-damage|p2a: Keldeo|76/100 tox|[from] Sandstorm
|-heal|p2a: Keldeo|82/100 tox|[from] item: Leftovers
|-damage|p2a: Keldeo|63/100 tox|[from] psn
|upkeep
|
|t:|1747166693
|switch|p1a: Excadrill|Excadrill, M|100/100
|-ability|p1a: Excadrill|Mold Breaker
|turn|11
|
|t:|1747166696
|move|p1a: Excadrill|Earthquake|p2a: Keldeo
|-damage|p2a: Keldeo|0 fnt
|faint|p2a: Keldeo
|
|-weather|Sandstorm|[upkeep]
|upkeep
|-message|Cashman $100000 forfeited.
|
|win|el janitor
|raw|el janitor's rating: 1368 &rarr; <strong>1391</strong><br />(+23 for winning)
|raw|Cashman $100000's rating: 1415 &rarr; <strong>1392</strong><br />(-23 for losing)
|l|☆Cashman $100000
|player|p2|
