|j|☆herz 5
|j|☆Kretensky
|t:|1747471265
|gametype|singles
|player|p1|herz 5|101|1436
|player|p2|Kretensky|schoolkidf|1318
|teamsize|p1|6
|teamsize|p2|6
|gen|5
|tier|[Gen 5] OU
|rated|
|rule|Species Clause: Limit one of each Pokémon
|rule|OHKO Clause: OHKO moves are banned
|rule|Moody Clause: Moody is banned
|rule|Evasion Items Clause: Evasion items are banned
|rule|Evasion Moves Clause: Evasion moves are banned
|rule|Endless Battle Clause: Forcing endless battles is banned
|rule|HP Percentage Mod: HP is shown in percentages
|rule|Evasion Abilities Clause: Evasion abilities are banned
|rule|Sleep Moves Clause: Sleep-inducing moves are banned
|rule|Swagger Clause: Swagger is banned
|rule|Baton Pass Stat Clause: No Baton Passer may have a way to boost its stats
|clearpoke
|poke|p1|Starmie|item
|poke|p1|Mamoswine, F|item
|poke|p1|Volcarona, F|item
|poke|p1|Conkeldurr, F|item
|poke|p1|Jirachi|item
|poke|p1|Latios, M|item
|poke|p2|Victini|item
|poke|p2|Conkeldurr, M|item
|poke|p2|Terrakion|item
|poke|p2|Thundurus-Therian, M|item
|poke|p2|Breloom, M|item
|poke|p2|Tyranitar, M|item
|teampreview
|
|t:|1747471276
|start
|switch|p1a: Mamoswine|Mamoswine, F|100/100
|switch|p2a: Terrakion|Terrakion|100/100
|-item|p2a: Terrakion|Air Balloon
|turn|1
|
|t:|1747471284
|switch|p1a: Jirachi|Jirachi|100/100
|move|p2a: Terrakion|Stealth Rock|p1a: Jirachi
|-sidestart|p1: herz 5|move: Stealth Rock
|
|upkeep
|turn|2
|
|t:|1747471291
|switch|p2a: Victini|Victini|100/100
|move|p1a: Jirachi|Stealth Rock|p2a: Victini
|-sidestart|p2: Kretensky|move: Stealth Rock
|
|upkeep
|turn|3
|
|t:|1747471295
|move|p1a: Jirachi|U-turn|p2a: Victini
|-damage|p2a: Victini|86/100
|inactive|Battle timer is ON: inactive players will automatically lose when time's up. (requested by Kretensky)
|
|t:|1747471313
|switch|p1a: Conkeldurr|Conkeldurr, F|100/100|[from] U-turn
|-damage|p1a: Conkeldurr|94/100|[from] Stealth Rock
|move|p2a: Victini|Trick Room|p2a: Victini
|-fieldstart|move: Trick Room|[of] p2a: Victini
|
|upkeep
|turn|4
|
|t:|1747471317
|move|p1a: Conkeldurr|Thunder Punch|p2a: Victini
|-damage|p2a: Victini|51/100
|-damage|p1a: Conkeldurr|85/100|[from] item: Life Orb
|move|p2a: Victini|V-create|p1a: Conkeldurr
|-crit|p1a: Conkeldurr
|-damage|p1a: Conkeldurr|0 fnt
|-unboost|p2a: Victini|spe|1
|-unboost|p2a: Victini|def|1
|-unboost|p2a: Victini|spd|1
|faint|p1a: Conkeldurr
|
|upkeep
|
|t:|1747471323
|switch|p1a: Latios|Latios, M|100/100
|-damage|p1a: Latios|88/100|[from] Stealth Rock
|turn|5
|
|t:|1747471327
|move|p2a: Victini|V-create|p1a: Latios
|-resisted|p1a: Latios
|-damage|p1a: Latios|18/100
|-unboost|p2a: Victini|spe|1
|-unboost|p2a: Victini|def|1
|-unboost|p2a: Victini|spd|1
|move|p1a: Latios|Trick|p2a: Victini
|-activate|p1a: Latios|move: Trick|[of] p2a: Victini
|-item|p2a: Victini|Choice Specs|[from] move: Trick
|-item|p1a: Latios|Charcoal|[from] move: Trick
|
|upkeep
|turn|6
|
|t:|1747471333
|move|p2a: Victini|V-create|p1a: Latios
|-resisted|p1a: Latios
|-damage|p1a: Latios|0 fnt
|-unboost|p2a: Victini|spe|1
|-unboost|p2a: Victini|def|1
|-unboost|p2a: Victini|spd|1
|faint|p1a: Latios
|
|upkeep
|
|t:|1747471336
|switch|p1a: Starmie|Starmie|100/100
|-damage|p1a: Starmie|88/100|[from] Stealth Rock
|-item|p1a: Starmie|Air Balloon
|turn|7
|
|t:|1747471339
|move|p2a: Victini|V-create|p1a: Starmie
|-resisted|p1a: Starmie
|-damage|p1a: Starmie|23/100
|-unboost|p2a: Victini|spe|1
|-unboost|p2a: Victini|def|1
|-unboost|p2a: Victini|spd|1
|-enditem|p1a: Starmie|Air Balloon
|move|p1a: Starmie|Rapid Spin|p2a: Victini
|-damage|p2a: Victini|41/100
|-sideend|p1: herz 5|Stealth Rock|[from] move: Rapid Spin|[of] p1a: Starmie
|
|-fieldend|move: Trick Room
|upkeep
|turn|8
|
|t:|1747471344
|move|p1a: Starmie|Ice Beam|p2a: Victini
|-resisted|p2a: Victini
|-damage|p2a: Victini|7/100
|move|p2a: Victini|V-create|p1a: Starmie
|-resisted|p1a: Starmie
|-damage|p1a: Starmie|0 fnt
|-unboost|p2a: Victini|spe|1
|-unboost|p2a: Victini|def|1
|-unboost|p2a: Victini|spd|1
|faint|p1a: Starmie
|
|upkeep
|
|t:|1747471350
|switch|p1a: Mamoswine|Mamoswine, F|100/100
|turn|9
|
|t:|1747471353
|move|p1a: Mamoswine|Substitute|p1a: Mamoswine
|-start|p1a: Mamoswine|Substitute
|-damage|p1a: Mamoswine|76/100
|move|p2a: Victini|V-create|p1a: Mamoswine
|-supereffective|p1a: Mamoswine
|-end|p1a: Mamoswine|Substitute
|-unboost|p2a: Victini|spe|1
|-unboost|p2a: Victini|def|1
|-unboost|p2a: Victini|spd|1
|
|upkeep
|turn|10
|
|t:|1747471355
|move|p1a: Mamoswine|Substitute|p1a: Mamoswine
|-start|p1a: Mamoswine|Substitute
|-damage|p1a: Mamoswine|51/100
|move|p2a: Victini|V-create|p1a: Mamoswine
|-supereffective|p1a: Mamoswine
|-end|p1a: Mamoswine|Substitute
|
|upkeep
|turn|11
|
|t:|1747471357
|move|p1a: Mamoswine|Substitute|p1a: Mamoswine
|-start|p1a: Mamoswine|Substitute
|-damage|p1a: Mamoswine|26/100
|move|p2a: Victini|V-create|p1a: Mamoswine
|-supereffective|p1a: Mamoswine
|-end|p1a: Mamoswine|Substitute
|
|upkeep
|turn|12
|
|t:|1747471361
|move|p1a: Mamoswine|Substitute|p1a: Mamoswine
|-start|p1a: Mamoswine|Substitute
|-damage|p1a: Mamoswine|1/100
|-activate|p2a: Victini|move: Struggle
|move|p2a: Victini|Struggle|p1a: Mamoswine
|-activate|p1a: Mamoswine|Substitute|[damage]
|-damage|p2a: Victini|0 fnt|[from] recoil
|faint|p2a: Victini
|
|upkeep
|
|t:|1747471370
|switch|p2a: Conkeldurr|Conkeldurr, M|100/100
|-damage|p2a: Conkeldurr|94/100|[from] Stealth Rock
|turn|13
|
|t:|1747471392
|move|p1a: Mamoswine|Earthquake|p2a: Conkeldurr
|-damage|p2a: Conkeldurr|44/100
|move|p2a: Conkeldurr|Drain Punch|p1a: Mamoswine
|-supereffective|p1a: Mamoswine
|-end|p1a: Mamoswine|Substitute
|-heal|p2a: Conkeldurr|48/100|[from] drain|[of] p1a: Mamoswine
|
|-heal|p2a: Conkeldurr|54/100|[from] item: Leftovers
|upkeep
|turn|14
|
|t:|1747471400
|move|p2a: Conkeldurr|Mach Punch|p1a: Mamoswine
|-supereffective|p1a: Mamoswine
|-damage|p1a: Mamoswine|0 fnt
|faint|p1a: Mamoswine
|
|-heal|p2a: Conkeldurr|60/100|[from] item: Leftovers
|upkeep
|
|t:|1747471402
|switch|p1a: Volcarona|Volcarona, F|100/100
|turn|15
|
|t:|1747471406
|move|p1a: Volcarona|Quiver Dance|p1a: Volcarona
|-boost|p1a: Volcarona|spa|1
|-boost|p1a: Volcarona|spd|1
|-boost|p1a: Volcarona|spe|1
|move|p2a: Conkeldurr|Drain Punch|p1a: Volcarona
|-resisted|p1a: Volcarona
|-crit|p1a: Volcarona
|-damage|p1a: Volcarona|38/100
|-heal|p2a: Conkeldurr|86/100|[from] drain|[of] p1a: Volcarona
|
|-heal|p2a: Conkeldurr|92/100|[from] item: Leftovers
|upkeep
|turn|16
|
|t:|1747471416
|move|p1a: Volcarona|Giga Drain|p2a: Conkeldurr
|-damage|p2a: Conkeldurr|54/100
|-heal|p1a: Volcarona|61/100|[from] drain|[of] p2a: Conkeldurr
|move|p2a: Conkeldurr|Drain Punch|p1a: Volcarona
|-resisted|p1a: Volcarona
|-damage|p1a: Volcarona|29/100
|-heal|p2a: Conkeldurr|67/100|[from] drain|[of] p1a: Volcarona
|
|-heal|p2a: Conkeldurr|73/100|[from] item: Leftovers
|upkeep
|turn|17
|
|t:|1747471423
|move|p1a: Volcarona|Flamethrower|p2a: Conkeldurr
|-damage|p2a: Conkeldurr|8/100
|-status|p2a: Conkeldurr|brn
|move|p2a: Conkeldurr|Drain Punch|p1a: Volcarona
|-resisted|p1a: Volcarona
|-damage|p1a: Volcarona|0 fnt
|-heal|p2a: Conkeldurr|20/100 brn|[from] drain|[of] p1a: Volcarona
|faint|p1a: Volcarona
|
|-heal|p2a: Conkeldurr|26/100 brn|[from] item: Leftovers
|-damage|p2a: Conkeldurr|13/100 brn|[from] brn
|upkeep
|
|t:|1747471427
|switch|p1a: Jirachi|Jirachi|100/100
|turn|18
|c|☆Kretensky|I love GUYS
|c|☆Kretensky|I MEANT GUTS
|
|t:|1747471440
|move|p2a: Conkeldurr|Mach Punch|p1a: Jirachi
|-damage|p1a: Jirachi|74/100
|move|p1a: Jirachi|Iron Head|p2a: Conkeldurr
|-crit|p2a: Conkeldurr
|-damage|p2a: Conkeldurr|0 fnt
|faint|p2a: Conkeldurr
|
|upkeep
|
|t:|1747471453
|switch|p2a: Breloom|Breloom, M|100/100
|-damage|p2a: Breloom|94/100|[from] Stealth Rock
|turn|19
|c|☆Kretensky|he's so bulky
|
|t:|1747471470
|move|p2a: Breloom|Protect|p2a: Breloom
|-singleturn|p2a: Breloom|Protect
|move|p1a: Jirachi|Iron Head|p2a: Breloom
|-activate|p2a: Breloom|move: Protect
|
|-status|p2a: Breloom|tox|[from] item: Toxic Orb
|upkeep
|turn|20
|
|t:|1747471475
|move|p1a: Jirachi|Iron Head|p2a: Breloom
|-damage|p2a: Breloom|58/100 tox
|cant|p2a: Breloom|flinch
|
|-heal|p2a: Breloom|70/100 tox|[from] ability: Poison Heal
|upkeep
|turn|21
|
|t:|1747471493
|move|p2a: Breloom|Protect|p2a: Breloom
|-singleturn|p2a: Breloom|Protect
|move|p1a: Jirachi|Iron Head|p2a: Breloom
|-activate|p2a: Breloom|move: Protect
|
|-heal|p2a: Breloom|83/100 tox|[from] ability: Poison Heal
|upkeep
|turn|22
|
|t:|1747471497
|move|p1a: Jirachi|Iron Head|p2a: Breloom
|-damage|p2a: Breloom|44/100 tox
|cant|p2a: Breloom|flinch
|
|-heal|p2a: Breloom|57/100 tox|[from] ability: Poison Heal
|upkeep
|turn|23
|
|t:|1747471501
|move|p2a: Breloom|Protect|p2a: Breloom
|-singleturn|p2a: Breloom|Protect
|move|p1a: Jirachi|U-turn|p2a: Breloom
|-activate|p2a: Breloom|move: Protect
|
|-heal|p2a: Breloom|69/100 tox|[from] ability: Poison Heal
|upkeep
|turn|24
|
|t:|1747471511
|move|p1a: Jirachi|Iron Head|p2a: Breloom
|-damage|p2a: Breloom|36/100 tox
|cant|p2a: Breloom|flinch
|
|-heal|p2a: Breloom|49/100 tox|[from] ability: Poison Heal
|upkeep
|turn|25
|
|t:|1747471515
|move|p2a: Breloom|Protect|p2a: Breloom
|-singleturn|p2a: Breloom|Protect
|move|p1a: Jirachi|U-turn|p2a: Breloom
|-activate|p2a: Breloom|move: Protect
|
|-heal|p2a: Breloom|61/100 tox|[from] ability: Poison Heal
|upkeep
|turn|26
|
|t:|1747471522
|switch|p2a: Terrakion|Terrakion|100/100
|-damage|p2a: Terrakion|94/100|[from] Stealth Rock
|-item|p2a: Terrakion|Air Balloon
|move|p1a: Jirachi|Iron Head|p2a: Terrakion
|-supereffective|p2a: Terrakion
|-damage|p2a: Terrakion|31/100
|-enditem|p2a: Terrakion|Air Balloon
|
|upkeep
|turn|27
|
|t:|1747471527
|move|p2a: Terrakion|Close Combat|p1a: Jirachi
|-damage|p1a: Jirachi|23/100
|-unboost|p2a: Terrakion|def|1
|-unboost|p2a: Terrakion|spd|1
|-enditem|p1a: Jirachi|Salac Berry|[eat]
|-boost|p1a: Jirachi|spe|1|[from] item: Salac Berry
|move|p1a: Jirachi|Iron Head|p2a: Terrakion
|-supereffective|p2a: Terrakion
|-damage|p2a: Terrakion|0 fnt
|faint|p2a: Terrakion
|
|upkeep
|
|t:|1747471539
|switch|p2a: Breloom|Breloom, M|61/100 tox
|-damage|p2a: Breloom|55/100 tox|[from] Stealth Rock
|turn|28
|
|t:|1747471541
|move|p2a: Breloom|Protect|p2a: Breloom
|-singleturn|p2a: Breloom|Protect
|move|p1a: Jirachi|Iron Head|p2a: Breloom
|-activate|p2a: Breloom|move: Protect
|
|-heal|p2a: Breloom|68/100 tox|[from] ability: Poison Heal
|upkeep
|turn|29
|
|t:|1747471549
|move|p1a: Jirachi|Iron Head|p2a: Breloom
|-damage|p2a: Breloom|33/100 tox
|cant|p2a: Breloom|flinch
|
|-heal|p2a: Breloom|45/100 tox|[from] ability: Poison Heal
|upkeep
|turn|30
|
|t:|1747471552
|move|p1a: Jirachi|U-turn|p2a: Breloom
|-damage|p2a: Breloom|23/100 tox
|move|p2a: Breloom|Bulk Up|p2a: Breloom
|-boost|p2a: Breloom|atk|1
|-boost|p2a: Breloom|def|1
|
|-heal|p2a: Breloom|35/100 tox|[from] ability: Poison Heal
|upkeep
|turn|31
|
|t:|1747471557
|move|p2a: Breloom|Protect|p2a: Breloom
|-singleturn|p2a: Breloom|Protect
|move|p1a: Jirachi|Iron Head|p2a: Breloom
|-activate|p2a: Breloom|move: Protect
|
|-heal|p2a: Breloom|48/100 tox|[from] ability: Poison Heal
|upkeep
|turn|32
|
|t:|1747471560
|move|p1a: Jirachi|Iron Head|p2a: Breloom
|-crit|p2a: Breloom
|-damage|p2a: Breloom|0 fnt
|faint|p2a: Breloom
|
|upkeep
|
|t:|1747471566
|switch|p2a: Thundurus|Thundurus-Therian, M|100/100
|-damage|p2a: Thundurus|76/100|[from] Stealth Rock
|turn|33
|
|t:|1747471568
|move|p1a: Jirachi|Iron Head|p2a: Thundurus
|-resisted|p2a: Thundurus
|-crit|p2a: Thundurus
|-damage|p2a: Thundurus|32/100
|cant|p2a: Thundurus|flinch
|
|-heal|p2a: Thundurus|38/100|[from] item: Leftovers
|upkeep
|turn|34
|
|t:|1747471573
|move|p1a: Jirachi|Iron Head|p2a: Thundurus
|-resisted|p2a: Thundurus
|-damage|p2a: Thundurus|16/100
|cant|p2a: Thundurus|flinch
|
|-heal|p2a: Thundurus|22/100|[from] item: Leftovers
|upkeep
|turn|35
|
|t:|1747471578
|move|p1a: Jirachi|Iron Head|p2a: Thundurus
|-resisted|p2a: Thundurus
|-damage|p2a: Thundurus|0 fnt
|faint|p2a: Thundurus
|
|upkeep
|c|☆herz 5|rachi auf die 1
|c|☆Kretensky|...
|
|t:|1747471590
|switch|p2a: Tyranitar|Tyranitar, M|100/100
|-damage|p2a: Tyranitar|88/100|[from] Stealth Rock
|-weather|Sandstorm|[from] ability: Sand Stream|[of] p2a: Tyranitar
|turn|36
|
|t:|1747471592
|move|p1a: Jirachi|Iron Head|p2a: Tyranitar
|-supereffective|p2a: Tyranitar
|-damage|p2a: Tyranitar|35/100
|move|p2a: Tyranitar|Crunch|p1a: Jirachi
|-damage|p1a: Jirachi|0 fnt
|faint|p1a: Jirachi
|
|win|Kretensky
|raw|herz 5's rating: 1436 &rarr; <strong>1409</strong><br />(-27 for losing)
|raw|Kretensky's rating: 1318 &rarr; <strong>1345</strong><br />(+27 for winning)
|c|☆herz 5|LOL
|c|☆Kretensky|justice...
|c|☆herz 5|s
|c|☆herz 5|m
|c|☆herz 5|d
|l|☆herz 5
|player|p1|
|c|☆Kretensky|gg
