|j|☆genepoolvariantuno
|j|☆SouthernChicken
|t:|1724174399
|gametype|singles
|player|p1|genepoolvariantuno|lucas|1343
|player|p2|SouthernChicken|170|1362
|teamsize|p1|6
|teamsize|p2|6
|gen|5
|tier|[Gen 5] OU
|rated|
|rule|Species Clause: Limit one of each Pokémon
|rule|OHKO Clause: OHKO moves are banned
|rule|Moody Clause: Moody is banned
|rule|Evasion Items Clause: Evasion items are banned
|rule|Evasion Moves Clause: Evasion moves are banned
|rule|Endless Battle Clause: Forcing endless battles is banned
|rule|HP Percentage Mod: HP is shown in percentages
|rule|Evasion Abilities Clause: Evasion abilities are banned
|rule|Sleep Moves Clause: Sleep-inducing moves are banned
|rule|Swagger Clause: Swagger is banned
|rule|Baton Pass Stat Clause: No Baton Passer may have a way to boost its stats
|clearpoke
|poke|p1|Tyranitar, M|item
|poke|p1|Conkeldurr, M|item
|poke|p1|Latios, M|item
|poke|p1|Starmie|item
|poke|p1|Jirachi|item
|poke|p1|Landorus-Therian, M|item
|poke|p2|Kyurem-Black|item
|poke|p2|Excadrill, F|item
|poke|p2|Heatran, F|item
|poke|p2|Rotom-Wash|item
|poke|p2|Latios, M|item
|poke|p2|Poliwrath, F|item
|teampreview
|inactive|Battle timer is ON: inactive players will automatically lose when time's up. (requested by genepoolvariantuno)
|
|t:|1724174418
|start
|switch|p1a: Tyranitar|Tyranitar, M|100/100
|switch|p2a: Poliwrath|Poliwrath, F|100/100
|-weather|Sandstorm|[from] ability: Sand Stream|[of] p1a: Tyranitar
|turn|1
|
|t:|1724174428
|switch|p1a: Landorus|Landorus-Therian, M|100/100
|-ability|p1a: Landorus|Intimidate|boost
|-unboost|p2a: Poliwrath|atk|1
|-singleturn|p2a: Poliwrath|move: Focus Punch
|move|p2a: Poliwrath|Focus Punch|p1a: Landorus
|-resisted|p1a: Landorus
|-damage|p1a: Landorus|70/100
|
|-weather|Sandstorm|[upkeep]
|-damage|p2a: Poliwrath|94/100|[from] Sandstorm
|-heal|p1a: Landorus|76/100|[from] item: Leftovers
|upkeep
|turn|2
|
|t:|1724174443
|switch|p2a: Rotom|Rotom-Wash|100/100
|move|p1a: Landorus|Stealth Rock|p2a: Rotom
|-sidestart|p2: SouthernChicken|move: Stealth Rock
|
|-weather|Sandstorm|[upkeep]
|-damage|p2a: Rotom|94/100|[from] Sandstorm
|-heal|p2a: Rotom|100/100|[from] item: Leftovers
|-heal|p1a: Landorus|82/100|[from] item: Leftovers
|upkeep
|turn|3
|
|t:|1724174453
|move|p2a: Rotom|Will-O-Wisp|p1a: Landorus|[miss]
|-miss|p2a: Rotom|p1a: Landorus
|move|p1a: Landorus|U-turn|p2a: Rotom
|-damage|p2a: Rotom|83/100
|
|t:|1724174458
|switch|p1a: Conkeldurr|Conkeldurr, M|100/100|[from] U-turn
|
|-weather|Sandstorm|[upkeep]
|-damage|p2a: Rotom|77/100|[from] Sandstorm
|-damage|p1a: Conkeldurr|94/100|[from] Sandstorm
|-heal|p2a: Rotom|83/100|[from] item: Leftovers
|-heal|p1a: Conkeldurr|100/100|[from] item: Leftovers
|upkeep
|turn|4
|
|t:|1724174469
|move|p2a: Rotom|Hydro Pump|p1a: Conkeldurr
|-damage|p1a: Conkeldurr|65/100
|move|p1a: Conkeldurr|Bulk Up|p1a: Conkeldurr
|-boost|p1a: Conkeldurr|atk|1
|-boost|p1a: Conkeldurr|def|1
|
|-weather|Sandstorm|[upkeep]
|-damage|p2a: Rotom|77/100|[from] Sandstorm
|-damage|p1a: Conkeldurr|59/100|[from] Sandstorm
|-heal|p2a: Rotom|83/100|[from] item: Leftovers
|-heal|p1a: Conkeldurr|65/100|[from] item: Leftovers
|upkeep
|turn|5
|
|t:|1724174480
|move|p2a: Rotom|Hydro Pump|p1a: Conkeldurr
|-damage|p1a: Conkeldurr|29/100
|move|p1a: Conkeldurr|Drain Punch|p2a: Rotom
|-damage|p2a: Rotom|35/100
|-heal|p1a: Conkeldurr|47/100|[from] drain|[of] p2a: Rotom
|
|-weather|Sandstorm|[upkeep]
|-damage|p2a: Rotom|29/100|[from] Sandstorm
|-damage|p1a: Conkeldurr|41/100|[from] Sandstorm
|-heal|p2a: Rotom|35/100|[from] item: Leftovers
|-heal|p1a: Conkeldurr|47/100|[from] item: Leftovers
|upkeep
|turn|6
|
|t:|1724174492
|move|p2a: Rotom|Volt Switch|p1a: Conkeldurr
|-damage|p1a: Conkeldurr|24/100
|
|t:|1724174496
|switch|p2a: Latios|Latios, M|100/100|[from] Volt Switch
|-damage|p2a: Latios|88/100|[from] Stealth Rock
|move|p1a: Conkeldurr|Drain Punch|p2a: Latios
|-resisted|p2a: Latios
|-damage|p2a: Latios|50/100
|-heal|p1a: Conkeldurr|39/100|[from] drain|[of] p2a: Latios
|
|-weather|Sandstorm|[upkeep]
|-damage|p2a: Latios|44/100|[from] Sandstorm
|-damage|p1a: Conkeldurr|33/100|[from] Sandstorm
|-heal|p1a: Conkeldurr|39/100|[from] item: Leftovers
|upkeep
|turn|7
|
|t:|1724174514
|switch|p1a: Tyranitar|Tyranitar, M|100/100
|move|p2a: Latios|Recover|p2a: Latios
|-heal|p2a: Latios|94/100
|
|-weather|Sandstorm|[upkeep]
|-damage|p2a: Latios|88/100|[from] Sandstorm
|upkeep
|turn|8
|
|t:|1724174521
|move|p2a: Latios|Surf|p1a: Tyranitar
|-supereffective|p1a: Tyranitar
|-damage|p1a: Tyranitar|67/100
|move|p1a: Tyranitar|Crunch|p2a: Latios
|-supereffective|p2a: Latios
|-enditem|p2a: Latios|Colbur Berry|[eat]
|-enditem|p2a: Latios|Colbur Berry|[weaken]
|-damage|p2a: Latios|0 fnt
|faint|p2a: Latios
|
|-weather|Sandstorm|[upkeep]
|upkeep
|
|t:|1724174536
|switch|p2a: Poliwrath|Poliwrath, F|94/100
|-damage|p2a: Poliwrath|88/100|[from] Stealth Rock
|turn|9
|
|t:|1724174541
|move|p2a: Poliwrath|Waterfall|p1a: Tyranitar
|-supereffective|p1a: Tyranitar
|-damage|p1a: Tyranitar|0 fnt
|faint|p1a: Tyranitar
|
|-weather|Sandstorm|[upkeep]
|-damage|p2a: Poliwrath|82/100|[from] Sandstorm
|upkeep
|
|t:|1724174550
|switch|p1a: Landorus|Landorus-Therian, M|82/100
|-ability|p1a: Landorus|Intimidate|boost
|-unboost|p2a: Poliwrath|atk|1
|turn|10
|
|t:|1724174555
|move|p1a: Landorus|U-turn|p2a: Poliwrath
|-resisted|p2a: Poliwrath
|-damage|p2a: Poliwrath|72/100
|
|t:|1724174560
|switch|p1a: Starmie|Starmie|100/100|[from] U-turn
|-item|p1a: Starmie|Air Balloon
|move|p2a: Poliwrath|Waterfall|p1a: Starmie
|-resisted|p1a: Starmie
|-crit|p1a: Starmie
|-damage|p1a: Starmie|20/100
|-enditem|p1a: Starmie|Air Balloon
|
|-weather|Sandstorm|[upkeep]
|-damage|p1a: Starmie|14/100|[from] Sandstorm
|-damage|p2a: Poliwrath|66/100|[from] Sandstorm
|upkeep
|turn|11
|
|t:|1724174574
|move|p1a: Starmie|Hydro Pump|p2a: Poliwrath
|-heal|p2a: Poliwrath|91/100|[from] ability: Water Absorb|[of] p1a: Starmie
|move|p2a: Poliwrath|Waterfall|p1a: Starmie
|-resisted|p1a: Starmie
|-damage|p1a: Starmie|0 fnt
|faint|p1a: Starmie
|
|-weather|Sandstorm|[upkeep]
|-damage|p2a: Poliwrath|85/100|[from] Sandstorm
|upkeep
|
|t:|1724174586
|switch|p1a: Landorus|Landorus-Therian, M|82/100
|-ability|p1a: Landorus|Intimidate|boost
|-unboost|p2a: Poliwrath|atk|1
|turn|12
|
|t:|1724174591
|switch|p2a: Rotom|Rotom-Wash|35/100
|-damage|p2a: Rotom|23/100|[from] Stealth Rock
|move|p1a: Landorus|Earthquake|p2a: Rotom
|-immune|p2a: Rotom|[from] ability: Levitate
|
|-weather|Sandstorm|[upkeep]
|-damage|p2a: Rotom|17/100|[from] Sandstorm
|-heal|p2a: Rotom|23/100|[from] item: Leftovers
|-heal|p1a: Landorus|88/100|[from] item: Leftovers
|upkeep
|turn|13
|
|t:|1724174605
|move|p2a: Rotom|Pain Split|p1a: Landorus
|-sethp|p1a: Landorus|53/100|[from] move: Pain Split|[silent]
|-sethp|p2a: Rotom|66/100|[from] move: Pain Split
|move|p1a: Landorus|U-turn|p2a: Rotom
|-damage|p2a: Rotom|48/100
|
|t:|1724174611
|switch|p1a: Latios|Latios, M|100/100|[from] U-turn
|
|-weather|Sandstorm|[upkeep]
|-damage|p1a: Latios|95/100|[from] Sandstorm
|-damage|p2a: Rotom|42/100|[from] Sandstorm
|-heal|p2a: Rotom|48/100|[from] item: Leftovers
|upkeep
|turn|14
|
|t:|1724174620
|move|p1a: Latios|Dragon Pulse|p2a: Rotom
|-crit|p2a: Rotom
|-damage|p2a: Rotom|0 fnt
|faint|p2a: Rotom
|
|-weather|Sandstorm|[upkeep]
|-damage|p1a: Latios|89/100|[from] Sandstorm
|upkeep
|
|t:|1724174635
|switch|p2a: Heatran|Heatran, F|100/100
|-damage|p2a: Heatran|88/100|[from] Stealth Rock
|turn|15
|
|t:|1724174640
|switch|p1a: Landorus|Landorus-Therian, M|53/100
|-ability|p1a: Landorus|Intimidate|boost
|-unboost|p2a: Heatran|atk|1
|move|p2a: Heatran|Lava Plume|p1a: Landorus
|-damage|p1a: Landorus|27/100
|-status|p1a: Landorus|brn
|
|-weather|Sandstorm|[upkeep]
|-heal|p1a: Landorus|33/100 brn|[from] item: Leftovers
|-heal|p2a: Heatran|94/100|[from] item: Leftovers
|-damage|p1a: Landorus|21/100 brn|[from] brn
|upkeep
|turn|16
|
|t:|1724174653
|move|p2a: Heatran|Protect|p2a: Heatran
|-singleturn|p2a: Heatran|Protect
|move|p1a: Landorus|U-turn|p2a: Heatran
|-activate|p2a: Heatran|move: Protect
|
|-weather|Sandstorm|[upkeep]
|-heal|p1a: Landorus|27/100 brn|[from] item: Leftovers
|-heal|p2a: Heatran|100/100|[from] item: Leftovers
|-damage|p1a: Landorus|15/100 brn|[from] brn
|upkeep
|turn|17
|
|t:|1724174666
|switch|p2a: Poliwrath|Poliwrath, F|85/100
|-damage|p2a: Poliwrath|79/100|[from] Stealth Rock
|move|p1a: Landorus|Earthquake|p2a: Poliwrath
|-damage|p2a: Poliwrath|56/100
|
|-weather|Sandstorm|[upkeep]
|-damage|p2a: Poliwrath|50/100|[from] Sandstorm
|-heal|p1a: Landorus|21/100 brn|[from] item: Leftovers
|-damage|p1a: Landorus|9/100 brn|[from] brn
|upkeep
|turn|18
|
|t:|1724174683
|switch|p2a: Heatran|Heatran, F|100/100
|-damage|p2a: Heatran|88/100|[from] Stealth Rock
|move|p1a: Landorus|Earthquake|p2a: Heatran
|-supereffective|p2a: Heatran
|-damage|p2a: Heatran|11/100
|
|-weather|Sandstorm|[upkeep]
|-heal|p1a: Landorus|15/100 brn|[from] item: Leftovers
|-heal|p2a: Heatran|18/100|[from] item: Leftovers
|-damage|p1a: Landorus|2/100 brn|[from] brn
|upkeep
|turn|19
|
|t:|1724174694
|move|p2a: Heatran|Protect|p2a: Heatran
|-singleturn|p2a: Heatran|Protect
|move|p1a: Landorus|Earthquake|p2a: Heatran
|-activate|p2a: Heatran|move: Protect
|
|-weather|Sandstorm|[upkeep]
|-heal|p1a: Landorus|8/100 brn|[from] item: Leftovers
|-heal|p2a: Heatran|24/100|[from] item: Leftovers
|-damage|p1a: Landorus|0 fnt|[from] brn
|faint|p1a: Landorus
|upkeep
|
|t:|1724174699
|switch|p1a: Latios|Latios, M|89/100
|turn|20
|
|t:|1724174707
|move|p1a: Latios|Draco Meteor|p2a: Heatran
|-resisted|p2a: Heatran
|-damage|p2a: Heatran|3/100
|-unboost|p1a: Latios|spa|2
|move|p2a: Heatran|Lava Plume|p1a: Latios
|-resisted|p1a: Latios
|-damage|p1a: Latios|71/100
|-status|p1a: Latios|brn
|
|-weather|Sandstorm|[upkeep]
|-damage|p1a: Latios|65/100 brn|[from] Sandstorm
|-heal|p2a: Heatran|9/100|[from] item: Leftovers
|-damage|p1a: Latios|52/100 brn|[from] brn
|upkeep
|turn|21
|
|t:|1724174720
|switch|p1a: Jirachi|Jirachi|100/100
|move|p2a: Heatran|Protect||[still]
|-fail|p2a: Heatran
|
|-weather|Sandstorm|[upkeep]
|-heal|p2a: Heatran|15/100|[from] item: Leftovers
|upkeep
|turn|22
|
|t:|1724174731
|move|p2a: Heatran|Protect|p2a: Heatran
|-singleturn|p2a: Heatran|Protect
|move|p1a: Jirachi|U-turn|p2a: Heatran
|-activate|p2a: Heatran|move: Protect
|
|-weather|Sandstorm|[upkeep]
|-heal|p2a: Heatran|21/100|[from] item: Leftovers
|upkeep
|turn|23
|
|t:|1724174744
|move|p1a: Jirachi|U-turn|p2a: Heatran
|-resisted|p2a: Heatran
|-damage|p2a: Heatran|17/100
|
|t:|1724174747
|switch|p1a: Latios|Latios, M|52/100 brn|[from] U-turn
|move|p2a: Heatran|Lava Plume|p1a: Latios
|-resisted|p1a: Latios
|-damage|p1a: Latios|36/100 brn
|
|-weather|Sandstorm|[upkeep]
|-damage|p1a: Latios|30/100 brn|[from] Sandstorm
|-heal|p2a: Heatran|24/100|[from] item: Leftovers
|-damage|p1a: Latios|17/100 brn|[from] brn
|upkeep
|turn|24
|
|t:|1724174757
|move|p2a: Heatran|Protect|p2a: Heatran
|-singleturn|p2a: Heatran|Protect
|move|p1a: Latios|Dragon Pulse|p2a: Heatran
|-activate|p2a: Heatran|move: Protect
|
|-weather|Sandstorm|[upkeep]
|-damage|p1a: Latios|11/100 brn|[from] Sandstorm
|-heal|p2a: Heatran|30/100|[from] item: Leftovers
|-damage|p1a: Latios|0 fnt|[from] brn
|faint|p1a: Latios
|upkeep
|
|t:|1724174762
|switch|p1a: Jirachi|Jirachi|100/100
|turn|25
|
|t:|1724174770
|move|p1a: Jirachi|Healing Wish|p1a: Jirachi
|faint|p1a: Jirachi
|move|p2a: Heatran|Lava Plume|p1: Jirachi|[notarget]
|-fail|p2a: Heatran
|
|-weather|Sandstorm|[upkeep]
|-heal|p2a: Heatran|36/100|[from] item: Leftovers
|upkeep
|
|t:|1724174774
|switch|p1a: Conkeldurr|Conkeldurr, M|39/100
|-heal|p1a: Conkeldurr|100/100|[from] move: Healing Wish
|turn|26
|
|t:|1724174780
|switch|p2a: Poliwrath|Poliwrath, F|50/100
|-damage|p2a: Poliwrath|44/100|[from] Stealth Rock
|move|p1a: Conkeldurr|Drain Punch|p2a: Poliwrath
|-damage|p2a: Poliwrath|8/100
|
|-weather|Sandstorm|[upkeep]
|-damage|p2a: Poliwrath|2/100|[from] Sandstorm
|-damage|p1a: Conkeldurr|94/100|[from] Sandstorm
|-heal|p1a: Conkeldurr|100/100|[from] item: Leftovers
|upkeep
|turn|27
|
|t:|1724174792
|move|p1a: Conkeldurr|Mach Punch|p2a: Poliwrath
|-damage|p2a: Poliwrath|0 fnt
|faint|p2a: Poliwrath
|
|-weather|Sandstorm|[upkeep]
|-damage|p1a: Conkeldurr|94/100|[from] Sandstorm
|-heal|p1a: Conkeldurr|100/100|[from] item: Leftovers
|upkeep
|
|t:|1724174806
|switch|p2a: Heatran|Heatran, F|36/100
|-damage|p2a: Heatran|24/100|[from] Stealth Rock
|turn|28
|
|t:|1724174810
|move|p1a: Conkeldurr|Mach Punch|p2a: Heatran
|-supereffective|p2a: Heatran
|-damage|p2a: Heatran|0 fnt
|faint|p2a: Heatran
|
|-weather|Sandstorm|[upkeep]
|-damage|p1a: Conkeldurr|94/100|[from] Sandstorm
|-heal|p1a: Conkeldurr|100/100|[from] item: Leftovers
|upkeep
|
|t:|1724174825
|switch|p2a: Excadrill|Excadrill, F|100/100
|-damage|p2a: Excadrill|98/100|[from] Stealth Rock
|-ability|p2a: Excadrill|Mold Breaker
|turn|29
|
|t:|1724174833
|move|p2a: Excadrill|Earthquake|p1a: Conkeldurr
|-damage|p1a: Conkeldurr|59/100
|move|p1a: Conkeldurr|Drain Punch|p2a: Excadrill
|-supereffective|p2a: Excadrill
|-crit|p2a: Excadrill
|-damage|p2a: Excadrill|0 fnt
|-heal|p1a: Conkeldurr|100/100|[from] drain|[of] p2a: Excadrill
|faint|p2a: Excadrill
|
|-weather|Sandstorm|[upkeep]
|-damage|p1a: Conkeldurr|94/100|[from] Sandstorm
|-heal|p1a: Conkeldurr|100/100|[from] item: Leftovers
|upkeep
|
|t:|1724174845
|switch|p2a: Kyurem|Kyurem-Black|100/100
|-damage|p2a: Kyurem|76/100|[from] Stealth Rock
|-ability|p2a: Kyurem|Teravolt
|turn|30
|
|t:|1724174854
|move|p2a: Kyurem|Fusion Bolt|p1a: Conkeldurr
|-damage|p1a: Conkeldurr|65/100
|move|p1a: Conkeldurr|Drain Punch|p2a: Kyurem
|-supereffective|p2a: Kyurem
|-damage|p2a: Kyurem|0 fnt
|-heal|p1a: Conkeldurr|100/100|[from] drain|[of] p2a: Kyurem
|faint|p2a: Kyurem
|
|win|genepoolvariantuno
|raw|genepoolvariantuno's rating: 1343 &rarr; <strong>1364</strong><br />(+21 for winning)
|raw|SouthernChicken's rating: 1362 &rarr; <strong>1341</strong><br />(-21 for losing)
|l|☆SouthernChicken
|player|p2|
