|j|☆Croaset
|j|☆Neighthan Trainer
|t:|1708464676
|gametype|singles
|player|p1|Croaset|elesa|1386
|player|p2|Neighthan Trainer|pokemonranger-gen4|1320
|teamsize|p1|6
|teamsize|p2|6
|gen|5
|tier|[Gen 5] OU
|rated|
|rule|Species Clause: Limit one of each Pokémon
|rule|OHKO Clause: OHKO moves are banned
|rule|Moody Clause: Moody is banned
|rule|Evasion Items Clause: Evasion items are banned
|rule|Evasion Moves Clause: Evasion moves are banned
|rule|Endless Battle Clause: Forcing endless battles is banned
|rule|HP Percentage Mod: HP is shown in percentages
|rule|Evasion Abilities Clause: Evasion abilities are banned
|rule|Sleep Moves Clause: Sleep-inducing moves are banned
|rule|Swagger Clause: Swagger is banned
|rule|Baton Pass Stat Clause: No Baton Passer may have a way to boost its stats
|clearpoke
|poke|p1|Politoed, F|item
|poke|p1|Tentacruel, F|item
|poke|p1|Ferrothorn, M|item
|poke|p1|Keldeo-Resolute|item
|poke|p1|Reuniclus, F|item
|poke|p1|Toxicroak, F|item
|poke|p2|Espeon, F|item
|poke|p2|Sableye, M|item
|poke|p2|Hydreigon, M|item
|poke|p2|Gyarados, F|item
|poke|p2|Nidoking, M|item
|poke|p2|Machamp, M|item
|teampreview
|inactive|Battle timer is ON: inactive players will automatically lose when time's up. (requested by Croaset)
|
|t:|1708464725
|start
|switch|p1a: Politoed|Politoed, F, shiny|100/100
|switch|p2a: Espeon|Espeon, F|100/100
|-weather|RainDance|[from] ability: Drizzle|[of] p1a: Politoed
|turn|1
|
|t:|1708464745
|switch|p1a: Reuniclus|Reuniclus, F|100/100
|move|p2a: Espeon|Light Screen|p2a: Espeon
|-sidestart|p2: Neighthan Trainer|move: Light Screen
|
|-weather|RainDance|[upkeep]
|upkeep
|turn|2
|
|t:|1708464760
|move|p2a: Espeon|Baton Pass|p2a: Espeon
|
|t:|1708464763
|switch|p2a: Hydreigon|Hydreigon, M, shiny|100/100|[from] Baton Pass
|move|p1a: Reuniclus|Calm Mind|p1a: Reuniclus
|-boost|p1a: Reuniclus|spa|1
|-boost|p1a: Reuniclus|spd|1
|
|-weather|RainDance|[upkeep]
|upkeep
|turn|3
|
|t:|1708464773
|switch|p1a: Ferrothorn|Ferrothorn, M, shiny|100/100
|move|p2a: Hydreigon|Dark Pulse|p1a: Ferrothorn
|-resisted|p1a: Ferrothorn
|-damage|p1a: Ferrothorn|86/100
|
|-weather|RainDance|[upkeep]
|-heal|p1a: Ferrothorn|93/100|[from] item: Leftovers
|upkeep
|turn|4
|
|t:|1708464784
|switch|p2a: Espeon|Espeon, F|100/100
|move|p1a: Ferrothorn|Knock Off|p2a: Espeon
|-supereffective|p2a: Espeon
|-damage|p2a: Espeon|86/100
|-enditem|p2a: Espeon|Light Clay|[from] move: Knock Off|[of] p1a: Ferrothorn
|
|-weather|RainDance|[upkeep]
|-heal|p1a: Ferrothorn|99/100|[from] item: Leftovers
|upkeep
|turn|5
|
|t:|1708464794
|switch|p1a: Reuniclus|Reuniclus, F|100/100
|move|p2a: Espeon|Reflect|p2a: Espeon
|-sidestart|p2: Neighthan Trainer|Reflect
|
|-weather|RainDance|[upkeep]
|upkeep
|turn|6
|
|t:|1708464803
|move|p2a: Espeon|Baton Pass|p2a: Espeon
|
|t:|1708464812
|switch|p2a: Sableye|Sableye, M|100/100|[from] Baton Pass
|move|p1a: Reuniclus|Toxic|p2a: Sableye
|-status|p2a: Sableye|tox
|
|-weather|RainDance|[upkeep]
|-damage|p2a: Sableye|94/100 tox|[from] psn
|upkeep
|turn|7
|
|t:|1708464821
|switch|p1a: Ferrothorn|Ferrothorn, M, shiny|99/100
|move|p2a: Sableye|Trick|p1a: Ferrothorn
|-activate|p2a: Sableye|move: Trick|[of] p1a: Ferrothorn
|-item|p1a: Ferrothorn|Iron Ball|[from] move: Trick
|-item|p2a: Sableye|Leftovers|[from] move: Trick
|
|-weather|RainDance|[upkeep]
|-heal|p2a: Sableye|100/100 tox|[from] item: Leftovers
|-damage|p2a: Sableye|88/100 tox|[from] psn
|upkeep
|turn|8
|
|t:|1708464831
|move|p2a: Sableye|Taunt|p1a: Ferrothorn
|-start|p1a: Ferrothorn|move: Taunt
|move|p1a: Ferrothorn|Knock Off|p2a: Sableye
|-damage|p2a: Sableye|85/100 tox
|-enditem|p2a: Sableye|Leftovers|[from] move: Knock Off|[of] p1a: Ferrothorn
|
|-weather|RainDance|[upkeep]
|-damage|p2a: Sableye|67/100 tox|[from] psn
|-sideend|p2: Neighthan Trainer|move: Light Screen
|upkeep
|turn|9
|
|t:|1708464848
|move|p2a: Sableye|Will-O-Wisp|p1a: Ferrothorn
|-status|p1a: Ferrothorn|brn
|move|p1a: Ferrothorn|Knock Off|p2a: Sableye
|-damage|p2a: Sableye|65/100 tox
|
|-weather|RainDance|[upkeep]
|-damage|p2a: Sableye|40/100 tox|[from] psn
|-damage|p1a: Ferrothorn|86/100 brn|[from] brn
|-sideend|p2: Neighthan Trainer|Reflect
|upkeep
|turn|10
|
|t:|1708464873
|switch|p1a: Reuniclus|Reuniclus, F|100/100
|move|p2a: Sableye|Recover|p2a: Sableye
|-heal|p2a: Sableye|90/100 tox
|
|-weather|RainDance|[upkeep]
|-damage|p2a: Sableye|59/100 tox|[from] psn
|upkeep
|turn|11
|inactive|Neighthan Trainer has 120 seconds left.
|
|t:|1708464899
|switch|p2a: Hydreigon|Hydreigon, M, shiny|100/100
|switch|p1a: Ferrothorn|Ferrothorn, M, shiny|86/100 brn
|
|-weather|RainDance|[upkeep]
|-damage|p1a: Ferrothorn|74/100 brn|[from] brn
|upkeep
|turn|12
|
|t:|1708464909
|move|p2a: Hydreigon|U-turn|p1a: Ferrothorn
|-damage|p1a: Ferrothorn|64/100 brn
|-damage|p2a: Hydreigon|88/100|[from] ability: Iron Barbs|[of] p1a: Ferrothorn
|
|t:|1708464913
|switch|p2a: Espeon|Espeon, F|86/100|[from] U-turn
|move|p1a: Ferrothorn|Leech Seed|p2a: Espeon
|move|p2a: Espeon|Leech Seed|p1a: Ferrothorn|[from]ability: Magic Bounce
|-immune|p1a: Ferrothorn
|
|-weather|RainDance|[upkeep]
|-damage|p1a: Ferrothorn|51/100 brn|[from] brn
|upkeep
|turn|13
|
|t:|1708464923
|switch|p1a: Reuniclus|Reuniclus, F|100/100
|move|p2a: Espeon|Reflect|p2a: Espeon
|-sidestart|p2: Neighthan Trainer|Reflect
|
|-weather|RainDance|[upkeep]
|upkeep
|turn|14
|
|t:|1708464928
|move|p2a: Espeon|Light Screen|p2a: Espeon
|-sidestart|p2: Neighthan Trainer|move: Light Screen
|move|p1a: Reuniclus|Calm Mind|p1a: Reuniclus
|-boost|p1a: Reuniclus|spa|1
|-boost|p1a: Reuniclus|spd|1
|
|-weather|RainDance|[upkeep]
|upkeep
|turn|15
|
|t:|1708464934
|move|p2a: Espeon|Baton Pass|p2a: Espeon
|
|t:|1708464936
|switch|p2a: Hydreigon|Hydreigon, M, shiny|88/100|[from] Baton Pass
|move|p1a: Reuniclus|Calm Mind|p1a: Reuniclus
|-boost|p1a: Reuniclus|spa|1
|-boost|p1a: Reuniclus|spd|1
|
|-weather|RainDance|[upkeep]
|upkeep
|turn|16
|
|t:|1708464942
|move|p2a: Hydreigon|Dark Pulse|p1a: Reuniclus
|-supereffective|p1a: Reuniclus
|-damage|p1a: Reuniclus|59/100
|move|p1a: Reuniclus|Toxic|p2a: Hydreigon
|-status|p2a: Hydreigon|tox
|
|-weather|RainDance|[upkeep]
|-heal|p1a: Reuniclus|66/100|[from] item: Leftovers
|-damage|p2a: Hydreigon|82/100 tox|[from] psn
|upkeep
|turn|17
|
|t:|1708464952
|switch|p1a: Keldeo|Keldeo-Resolute|100/100
|move|p2a: Hydreigon|Dark Pulse|p1a: Keldeo
|-resisted|p1a: Keldeo
|-damage|p1a: Keldeo|73/100
|-ability|p1a: Keldeo|Justified|boost
|-boost|p1a: Keldeo|atk|1
|
|-weather|RainDance|[upkeep]
|-damage|p2a: Hydreigon|70/100 tox|[from] psn
|-sideend|p2: Neighthan Trainer|Reflect
|upkeep
|turn|18
|
|t:|1708464964
|switch|p2a: Sableye|Sableye, M|59/100 tox
|move|p1a: Keldeo|Hydro Pump|p2a: Sableye|[miss]
|-miss|p1a: Keldeo|p2a: Sableye
|
|-weather|RainDance|[upkeep]
|-damage|p2a: Sableye|53/100 tox|[from] psn
|-sideend|p2: Neighthan Trainer|move: Light Screen
|upkeep
|turn|19
|
|t:|1708464975
|switch|p1a: Reuniclus|Reuniclus, F|66/100
|move|p2a: Sableye|Trick|p1a: Reuniclus
|-activate|p2a: Sableye|move: Trick|[of] p1a: Reuniclus
|-enditem|p1a: Reuniclus|Leftovers|[silent]|[from] move: Trick
|-item|p2a: Sableye|Leftovers|[from] move: Trick
|
|-weather|RainDance|[upkeep]
|-heal|p2a: Sableye|59/100 tox|[from] item: Leftovers
|-damage|p2a: Sableye|47/100 tox|[from] psn
|upkeep
|turn|20
|
|t:|1708464990
|move|p2a: Sableye|Taunt|p1a: Reuniclus
|-start|p1a: Reuniclus|move: Taunt
|cant|p1a: Reuniclus|move: Taunt|Recover
|
|-weather|RainDance|[upkeep]
|-heal|p2a: Sableye|53/100 tox|[from] item: Leftovers
|-damage|p2a: Sableye|34/100 tox|[from] psn
|upkeep
|turn|21
|
|t:|1708464998
|move|p2a: Sableye|Recover|p2a: Sableye
|-heal|p2a: Sableye|84/100 tox
|move|p1a: Reuniclus|Psyshock|p2a: Sableye
|-immune|p2a: Sableye
|
|-weather|RainDance|[upkeep]
|-heal|p2a: Sableye|90/100 tox|[from] item: Leftovers
|-damage|p2a: Sableye|65/100 tox|[from] psn
|upkeep
|turn|22
|
|t:|1708465007
|switch|p2a: Hydreigon|Hydreigon, M, shiny|70/100 tox
|move|p1a: Reuniclus|Psyshock|p2a: Hydreigon
|-immune|p2a: Hydreigon
|
|-weather|RainDance|[upkeep]
|-damage|p2a: Hydreigon|64/100 tox|[from] psn
|-end|p1a: Reuniclus|move: Taunt
|upkeep
|turn|23
|
|t:|1708465015
|switch|p1a: Ferrothorn|Ferrothorn, M, shiny|51/100 brn
|move|p2a: Hydreigon|U-turn|p1a: Ferrothorn
|-damage|p1a: Ferrothorn|42/100 brn
|-damage|p2a: Hydreigon|51/100 tox|[from] ability: Iron Barbs|[of] p1a: Ferrothorn
|
|t:|1708465021
|switch|p2a: Machamp|Machamp, M|100/100|[from] U-turn
|
|-weather|RainDance|[upkeep]
|-damage|p1a: Ferrothorn|30/100 brn|[from] brn
|upkeep
|turn|24
|
|t:|1708465030
|switch|p1a: Toxicroak|Toxicroak, F|100/100
|move|p2a: Machamp|Substitute|p2a: Machamp
|-start|p2a: Machamp|Substitute
|-damage|p2a: Machamp|76/100
|
|-weather|RainDance|[upkeep]
|-heal|p2a: Machamp|82/100|[from] item: Leftovers
|upkeep
|turn|25
|
|t:|1708465038
|move|p1a: Toxicroak|Substitute|p1a: Toxicroak
|-start|p1a: Toxicroak|Substitute
|-damage|p1a: Toxicroak|76/100
|move|p2a: Machamp|Dynamic Punch|p1a: Toxicroak
|-resisted|p1a: Toxicroak
|-end|p1a: Toxicroak|Substitute
|
|-weather|RainDance|[upkeep]
|-heal|p1a: Toxicroak|88/100|[from] ability: Dry Skin
|-heal|p1a: Toxicroak|94/100|[from] item: Black Sludge
|-heal|p2a: Machamp|88/100|[from] item: Leftovers
|upkeep
|turn|26
|
|t:|1708465056
|move|p1a: Toxicroak|Substitute|p1a: Toxicroak
|-start|p1a: Toxicroak|Substitute
|-damage|p1a: Toxicroak|69/100
|move|p2a: Machamp|Dynamic Punch|p1a: Toxicroak
|-resisted|p1a: Toxicroak
|-end|p1a: Toxicroak|Substitute
|
|-weather|RainDance|[upkeep]
|-heal|p1a: Toxicroak|82/100|[from] ability: Dry Skin
|-heal|p1a: Toxicroak|88/100|[from] item: Black Sludge
|-heal|p2a: Machamp|94/100|[from] item: Leftovers
|upkeep
|turn|27
|
|t:|1708465067
|move|p1a: Toxicroak|Substitute|p1a: Toxicroak
|-start|p1a: Toxicroak|Substitute
|-damage|p1a: Toxicroak|63/100
|move|p2a: Machamp|Thunder Punch|p1a: Toxicroak
|-crit|p1a: Toxicroak
|-end|p1a: Toxicroak|Substitute
|
|-weather|RainDance|[upkeep]
|-heal|p1a: Toxicroak|76/100|[from] ability: Dry Skin
|-heal|p1a: Toxicroak|82/100|[from] item: Black Sludge
|-heal|p2a: Machamp|99/100|[from] item: Leftovers
|upkeep
|turn|28
|
|t:|1708465078
|move|p1a: Toxicroak|Substitute|p1a: Toxicroak
|-start|p1a: Toxicroak|Substitute
|-damage|p1a: Toxicroak|57/100
|move|p2a: Machamp|Thunder Punch|p1a: Toxicroak
|-end|p1a: Toxicroak|Substitute
|
|-weather|RainDance|[upkeep]
|-heal|p1a: Toxicroak|69/100|[from] ability: Dry Skin
|-heal|p1a: Toxicroak|76/100|[from] item: Black Sludge
|-heal|p2a: Machamp|100/100|[from] item: Leftovers
|upkeep
|turn|29
|
|t:|1708465093
|move|p1a: Toxicroak|Bulk Up|p1a: Toxicroak
|-boost|p1a: Toxicroak|atk|1
|-boost|p1a: Toxicroak|def|1
|move|p2a: Machamp|Thunder Punch|p1a: Toxicroak
|-damage|p1a: Toxicroak|49/100
|
|-weather|RainDance|[upkeep]
|-heal|p1a: Toxicroak|62/100|[from] ability: Dry Skin
|-heal|p1a: Toxicroak|68/100|[from] item: Black Sludge
|upkeep
|turn|30
|
|t:|1708465102
|move|p1a: Toxicroak|Substitute|p1a: Toxicroak
|-start|p1a: Toxicroak|Substitute
|-damage|p1a: Toxicroak|43/100
|move|p2a: Machamp|Dynamic Punch|p1a: Toxicroak
|-resisted|p1a: Toxicroak
|-activate|p1a: Toxicroak|Substitute|[damage]
|
|-weather|RainDance|[upkeep]
|-heal|p1a: Toxicroak|55/100|[from] ability: Dry Skin
|-heal|p1a: Toxicroak|62/100|[from] item: Black Sludge
|upkeep
|turn|31
|
|t:|1708465125
|move|p1a: Toxicroak|Bulk Up|p1a: Toxicroak
|-boost|p1a: Toxicroak|atk|1
|-boost|p1a: Toxicroak|def|1
|move|p2a: Machamp|Thunder Punch|p1a: Toxicroak
|-end|p1a: Toxicroak|Substitute
|
|-weather|RainDance|[upkeep]
|-heal|p1a: Toxicroak|74/100|[from] ability: Dry Skin
|-heal|p1a: Toxicroak|80/100|[from] item: Black Sludge
|upkeep
|turn|32
|
|t:|1708465135
|move|p1a: Toxicroak|Substitute|p1a: Toxicroak
|-start|p1a: Toxicroak|Substitute
|-damage|p1a: Toxicroak|55/100
|move|p2a: Machamp|Thunder Punch|p1a: Toxicroak
|-activate|p1a: Toxicroak|Substitute|[damage]
|
|-weather|RainDance|[upkeep]
|-heal|p1a: Toxicroak|68/100|[from] ability: Dry Skin
|-heal|p1a: Toxicroak|74/100|[from] item: Black Sludge
|upkeep
|turn|33
|
|t:|1708465145
|move|p1a: Toxicroak|Bulk Up|p1a: Toxicroak
|-boost|p1a: Toxicroak|atk|1
|-boost|p1a: Toxicroak|def|1
|move|p2a: Machamp|Thunder Punch|p1a: Toxicroak
|-end|p1a: Toxicroak|Substitute
|
|-weather|RainDance|[upkeep]
|-heal|p1a: Toxicroak|86/100|[from] ability: Dry Skin
|-heal|p1a: Toxicroak|93/100|[from] item: Black Sludge
|upkeep
|turn|34
|
|t:|1708465156
|move|p1a: Toxicroak|Substitute|p1a: Toxicroak
|-start|p1a: Toxicroak|Substitute
|-damage|p1a: Toxicroak|68/100
|move|p2a: Machamp|Thunder Punch|p1a: Toxicroak
|-activate|p1a: Toxicroak|Substitute|[damage]
|
|-weather|RainDance|[upkeep]
|-heal|p1a: Toxicroak|80/100|[from] ability: Dry Skin
|-heal|p1a: Toxicroak|86/100|[from] item: Black Sludge
|upkeep
|turn|35
|
|t:|1708465165
|move|p1a: Toxicroak|Bulk Up|p1a: Toxicroak
|-boost|p1a: Toxicroak|atk|1
|-boost|p1a: Toxicroak|def|1
|move|p2a: Machamp|Thunder Punch|p1a: Toxicroak
|-end|p1a: Toxicroak|Substitute
|
|-weather|RainDance|[upkeep]
|-heal|p1a: Toxicroak|99/100|[from] ability: Dry Skin
|-heal|p1a: Toxicroak|100/100|[from] item: Black Sludge
|upkeep
|turn|36
|
|t:|1708465175
|move|p1a: Toxicroak|Substitute|p1a: Toxicroak
|-start|p1a: Toxicroak|Substitute
|-damage|p1a: Toxicroak|76/100
|move|p2a: Machamp|Dynamic Punch|p1a: Toxicroak
|-resisted|p1a: Toxicroak
|-activate|p1a: Toxicroak|Substitute|[damage]
|
|-weather|RainDance|[upkeep]
|-heal|p1a: Toxicroak|88/100|[from] ability: Dry Skin
|-heal|p1a: Toxicroak|94/100|[from] item: Black Sludge
|upkeep
|turn|37
|
|t:|1708465186
|move|p1a: Toxicroak|Bulk Up|p1a: Toxicroak
|-boost|p1a: Toxicroak|atk|1
|-boost|p1a: Toxicroak|def|1
|move|p2a: Machamp|Thunder Punch|p1a: Toxicroak
|-activate|p1a: Toxicroak|Substitute|[damage]
|
|-weather|RainDance|[upkeep]
|-heal|p1a: Toxicroak|100/100|[from] ability: Dry Skin
|upkeep
|turn|38
|
|t:|1708465195
|move|p1a: Toxicroak|Bulk Up|p1a: Toxicroak
|-boost|p1a: Toxicroak|atk|1
|-boost|p1a: Toxicroak|def|1
|move|p2a: Machamp|Thunder Punch|p1a: Toxicroak
|-end|p1a: Toxicroak|Substitute
|
|-weather|RainDance|[upkeep]
|upkeep
|turn|39
|
|t:|1708465204
|move|p1a: Toxicroak|Substitute|p1a: Toxicroak
|-start|p1a: Toxicroak|Substitute
|-damage|p1a: Toxicroak|76/100
|move|p2a: Machamp|Dynamic Punch|p1a: Toxicroak
|-resisted|p1a: Toxicroak
|-activate|p1a: Toxicroak|Substitute|[damage]
|
|-weather|RainDance|[upkeep]
|-heal|p1a: Toxicroak|88/100|[from] ability: Dry Skin
|-heal|p1a: Toxicroak|94/100|[from] item: Black Sludge
|upkeep
|turn|40
|
|t:|1708465214
|move|p1a: Toxicroak|Drain Punch|p2a: Machamp
|-crit|p2a: Machamp
|-end|p2a: Machamp|Substitute
|-heal|p1a: Toxicroak|100/100|[from] drain|[of] p2a: Machamp
|move|p2a: Machamp|Thunder Punch|p1a: Toxicroak
|-activate|p1a: Toxicroak|Substitute|[damage]
|
|-weather|RainDance|[upkeep]
|upkeep
|turn|41
|c|☆Neighthan Trainer|gg
|-message|Neighthan Trainer forfeited.
|
|win|Croaset
|raw|Croaset's rating: 1386 &rarr; <strong>1402</strong><br />(+16 for winning)
|raw|Neighthan Trainer's rating: 1320 &rarr; <strong>1304</strong><br />(-16 for losing)
|l|☆Neighthan Trainer
|player|p2|
