|j|☆spliffdiff
|j|☆HydreigonSpammer
|t:|1734614321
|gametype|singles
|player|p1|spliffdiff|170|1384
|player|p2|HydreigonSpammer|veteranf|1375
|teamsize|p1|6
|teamsize|p2|6
|gen|5
|tier|[Gen 5] OU
|rated|
|rule|Species Clause: Limit one of each Pokémon
|rule|OHKO Clause: OHKO moves are banned
|rule|Moody Clause: Moody is banned
|rule|Evasion Items Clause: Evasion items are banned
|rule|Evasion Moves Clause: Evasion moves are banned
|rule|Endless Battle Clause: Forcing endless battles is banned
|rule|HP Percentage Mod: HP is shown in percentages
|rule|Evasion Abilities Clause: Evasion abilities are banned
|rule|Sleep Moves Clause: Sleep-inducing moves are banned
|rule|Swagger Clause: Swagger is banned
|rule|Baton Pass Stat Clause: No Baton Passer may have a way to boost its stats
|clearpoke
|poke|p1|Honchkrow, F|item
|poke|p1|Terrakion|item
|poke|p1|Garchomp, F|item
|poke|p1|Conkeldurr, M|item
|poke|p1|Keldeo-Resolute|item
|poke|p1|Breloom, F|item
|poke|p2|Conkeldurr, M|item
|poke|p2|Seismitoad, M|item
|poke|p2|Alakazam, F|item
|poke|p2|Hydreigon, F|item
|poke|p2|Amoonguss, M|item
|poke|p2|Tyranitar, F|item
|teampreview
|inactive|Battle timer is ON: inactive players will automatically lose when time's up. (requested by spliffdiff)
|
|t:|1734614353
|start
|switch|p1a: Terrakion|Terrakion|100/100
|switch|p2a: Hydreigon|Hydreigon, F, shiny|100/100
|turn|1
|
|t:|1734614374
|switch|p2a: Seismitoad|Seismitoad, M|100/100
|move|p1a: Terrakion|Close Combat|p2a: Seismitoad
|-damage|p2a: Seismitoad|53/100
|-unboost|p1a: Terrakion|def|1
|-unboost|p1a: Terrakion|spd|1
|
|-heal|p2a: Seismitoad|59/100|[from] item: Leftovers
|upkeep
|turn|2
|inactive|spliffdiff has 120 seconds left.
|
|t:|1734614422
|move|p1a: Terrakion|Stealth Rock|p2a: Seismitoad
|-sidestart|p2: HydreigonSpammer|move: Stealth Rock
|move|p2a: Seismitoad|Scald|p1a: Terrakion
|-supereffective|p1a: Terrakion
|-damage|p1a: Terrakion|15/100
|
|-heal|p2a: Seismitoad|65/100|[from] item: Leftovers
|upkeep
|turn|3
|
|t:|1734614433
|move|p1a: Terrakion|Taunt|p2a: Seismitoad
|-start|p2a: Seismitoad|move: Taunt
|move|p2a: Seismitoad|Scald|p1a: Terrakion
|-supereffective|p1a: Terrakion
|-damage|p1a: Terrakion|0 fnt
|faint|p1a: Terrakion
|
|-heal|p2a: Seismitoad|71/100|[from] item: Leftovers
|upkeep
|
|t:|1734614441
|switch|p1a: Keldeo|Keldeo-Resolute|100/100
|turn|4
|inactive|spliffdiff has 120 seconds left.
|
|t:|1734614456
|move|p1a: Keldeo|Secret Sword|p2a: Seismitoad
|-damage|p2a: Seismitoad|39/100
|move|p2a: Seismitoad|Knock Off|p1a: Keldeo
|-resisted|p1a: Keldeo
|-damage|p1a: Keldeo|98/100
|-ability|p1a: Keldeo|Justified|boost
|-boost|p1a: Keldeo|atk|1
|-enditem|p1a: Keldeo|Payapa Berry|[from] move: Knock Off|[of] p2a: Seismitoad
|
|-heal|p2a: Seismitoad|46/100|[from] item: Leftovers
|upkeep
|turn|5
|
|t:|1734614475
|switch|p2a: Amoonguss|Amoonguss, M|100/100
|-damage|p2a: Amoonguss|88/100|[from] Stealth Rock
|move|p1a: Keldeo|Secret Sword|p2a: Amoonguss
|-resisted|p2a: Amoonguss
|-damage|p2a: Amoonguss|73/100
|
|-heal|p2a: Amoonguss|79/100|[from] item: Black Sludge
|upkeep
|turn|6
|
|t:|1734614487
|switch|p1a: Conkeldurr|Conkeldurr, M|100/100
|move|p2a: Amoonguss|Giga Drain|p1a: Conkeldurr
|-crit|p1a: Conkeldurr
|-damage|p1a: Conkeldurr|35/100
|-heal|p2a: Amoonguss|100/100|[from] drain|[of] p1a: Conkeldurr
|
|upkeep
|turn|7
|
|t:|1734614505
|switch|p2a: Conkeldurr|Conkeldurr, M|100/100
|-damage|p2a: Conkeldurr|94/100|[from] Stealth Rock
|move|p1a: Conkeldurr|Ice Punch|p2a: Conkeldurr
|-damage|p2a: Conkeldurr|71/100
|
|-heal|p2a: Conkeldurr|77/100|[from] item: Leftovers
|upkeep
|turn|8
|
|t:|1734614514
|move|p1a: Conkeldurr|Drain Punch|p2a: Conkeldurr
|-damage|p2a: Conkeldurr|44/100
|-heal|p1a: Conkeldurr|55/100|[from] drain|[of] p2a: Conkeldurr
|move|p2a: Conkeldurr|Drain Punch|p1a: Conkeldurr
|-damage|p1a: Conkeldurr|31/100
|-heal|p2a: Conkeldurr|54/100|[from] drain|[of] p1a: Conkeldurr
|
|-heal|p2a: Conkeldurr|60/100|[from] item: Leftovers
|upkeep
|turn|9
|
|t:|1734614521
|move|p2a: Conkeldurr|Bulk Up|p2a: Conkeldurr
|-boost|p2a: Conkeldurr|atk|1
|-boost|p2a: Conkeldurr|def|1
|move|p1a: Conkeldurr|Drain Punch|p2a: Conkeldurr
|-damage|p2a: Conkeldurr|36/100
|-heal|p1a: Conkeldurr|45/100|[from] drain|[of] p2a: Conkeldurr
|
|-heal|p2a: Conkeldurr|42/100|[from] item: Leftovers
|upkeep
|turn|10
|
|t:|1734614532
|move|p2a: Conkeldurr|Drain Punch|p1a: Conkeldurr
|-damage|p1a: Conkeldurr|6/100
|-heal|p2a: Conkeldurr|59/100|[from] drain|[of] p1a: Conkeldurr
|move|p1a: Conkeldurr|Drain Punch|p2a: Conkeldurr
|-damage|p2a: Conkeldurr|36/100
|-heal|p1a: Conkeldurr|20/100|[from] drain|[of] p2a: Conkeldurr
|
|-heal|p2a: Conkeldurr|42/100|[from] item: Leftovers
|upkeep
|turn|11
|
|t:|1734614541
|move|p2a: Conkeldurr|Mach Punch|p1a: Conkeldurr
|-damage|p1a: Conkeldurr|0 fnt
|faint|p1a: Conkeldurr
|
|-heal|p2a: Conkeldurr|48/100|[from] item: Leftovers
|upkeep
|
|t:|1734614550
|switch|p1a: Keldeo|Keldeo-Resolute|98/100
|turn|12
|
|t:|1734614562
|move|p1a: Keldeo|Surf|p2a: Conkeldurr
|-damage|p2a: Conkeldurr|13/100
|move|p2a: Conkeldurr|Drain Punch|p1a: Keldeo
|-damage|p1a: Keldeo|39/100
|-heal|p2a: Conkeldurr|36/100|[from] drain|[of] p1a: Keldeo
|
|-heal|p2a: Conkeldurr|42/100|[from] item: Leftovers
|upkeep
|turn|13
|
|t:|1734614574
|move|p1a: Keldeo|Surf|p2a: Conkeldurr
|-damage|p2a: Conkeldurr|5/100
|move|p2a: Conkeldurr|Drain Punch|p1a: Keldeo
|-damage|p1a: Keldeo|0 fnt
|-heal|p2a: Conkeldurr|20/100|[from] drain|[of] p1a: Keldeo
|faint|p1a: Keldeo
|
|-heal|p2a: Conkeldurr|26/100|[from] item: Leftovers
|upkeep
|
|t:|1734614585
|switch|p1a: Garchomp|Garchomp, F|100/100
|turn|14
|
|t:|1734614591
|move|p2a: Conkeldurr|Mach Punch|p1a: Garchomp
|-damage|p1a: Garchomp|72/100
|-damage|p2a: Conkeldurr|14/100|[from] ability: Rough Skin|[of] p1a: Garchomp
|move|p1a: Garchomp|Earthquake|p2a: Conkeldurr
|-crit|p2a: Conkeldurr
|-damage|p2a: Conkeldurr|0 fnt
|faint|p2a: Conkeldurr
|
|upkeep
|
|t:|1734614600
|switch|p2a: Alakazam|Alakazam, F|100/100
|turn|15
|
|t:|1734614604
|move|p2a: Alakazam|Hidden Power|p1a: Garchomp
|-supereffective|p1a: Garchomp
|-enditem|p1a: Garchomp|Yache Berry|[eat]
|-enditem|p1a: Garchomp|Yache Berry|[weaken]
|-damage|p1a: Garchomp|12/100
|move|p1a: Garchomp|Dual Chop|p2a: Alakazam
|-damage|p2a: Alakazam|43/100
|-damage|p2a: Alakazam|0 fnt
|faint|p2a: Alakazam
|-hitcount|p2: Alakazam|2
|
|upkeep
|
|t:|1734614629
|switch|p2a: Tyranitar|Tyranitar, F|100/100
|-damage|p2a: Tyranitar|88/100|[from] Stealth Rock
|-weather|Sandstorm|[from] ability: Sand Stream|[of] p2a: Tyranitar
|turn|16
|
|t:|1734614638
|move|p2a: Tyranitar|Crunch|p1a: Garchomp
|-damage|p1a: Garchomp|0 fnt
|-damage|p2a: Tyranitar|76/100|[from] ability: Rough Skin|[of] p1a: Garchomp
|faint|p1a: Garchomp
|
|-weather|Sandstorm|[upkeep]
|upkeep
|
|t:|1734614648
|switch|p1a: Breloom|Breloom, F|100/100
|turn|17
|
|t:|1734614655
|switch|p2a: Amoonguss|Amoonguss, M|100/100
|-damage|p2a: Amoonguss|88/100|[from] Stealth Rock
|move|p1a: Breloom|Swords Dance|p1a: Breloom
|-boost|p1a: Breloom|atk|2
|
|-weather|Sandstorm|[upkeep]
|-damage|p1a: Breloom|94/100|[from] Sandstorm
|-damage|p2a: Amoonguss|82/100|[from] Sandstorm
|-heal|p2a: Amoonguss|88/100|[from] item: Black Sludge
|upkeep
|turn|18
|
|t:|1734614665
|move|p1a: Breloom|Bullet Seed|p2a: Amoonguss
|-resisted|p2a: Amoonguss
|-damage|p2a: Amoonguss|81/100
|-resisted|p2a: Amoonguss
|-damage|p2a: Amoonguss|73/100
|-hitcount|p2a: Amoonguss|2
|move|p2a: Amoonguss|Sludge Bomb|p1a: Breloom
|-supereffective|p1a: Breloom
|-damage|p1a: Breloom|0 fnt
|faint|p1a: Breloom
|
|-weather|Sandstorm|[upkeep]
|-damage|p2a: Amoonguss|67/100|[from] Sandstorm
|-heal|p2a: Amoonguss|73/100|[from] item: Black Sludge
|upkeep
|
|t:|1734614673
|switch|p1a: Honchkrow|Honchkrow, F|100/100
|turn|19
|
|t:|1734614675
|move|p1a: Honchkrow|Brave Bird|p2a: Amoonguss
|-supereffective|p2a: Amoonguss
|-crit|p2a: Amoonguss
|-damage|p2a: Amoonguss|0 fnt
|faint|p2a: Amoonguss
|-damage|p1a: Honchkrow|74/100|[from] Recoil
|
|-weather|Sandstorm|[upkeep]
|-damage|p1a: Honchkrow|68/100|[from] Sandstorm
|upkeep
|
|t:|1734614680
|switch|p2a: Hydreigon|Hydreigon, F, shiny|100/100
|-damage|p2a: Hydreigon|88/100|[from] Stealth Rock
|turn|20
|
|t:|1734614683
|move|p2a: Hydreigon|Dragon Pulse|p1a: Honchkrow
|-damage|p1a: Honchkrow|0 fnt
|faint|p1a: Honchkrow
|
|win|HydreigonSpammer
|raw|spliffdiff's rating: 1384 &rarr; <strong>1363</strong><br />(-21 for losing)
|raw|HydreigonSpammer's rating: 1375 &rarr; <strong>1396</strong><br />(+21 for winning)
