|j|BKC
|j|Manson Hart
|player|p1|BKC|#bkc
|player|p2|Manson Hart|89
|gametype|singles
|gen|5
|tier|[Gen 5] OU
|rated
|seed|
|rule|Evasion Abilities Clause: Evasion abilities are banned
|rule|Baton Pass Clause: Limit one Baton Passer, can't pass Spe and other stats simultaneously
|rule|Swagger Clause: Swagger is banned
|clearpoke
|poke|p1|Landorus-Therian, M|item
|poke|p1|Tyranitar, F|item
|poke|p1|Slowking, F|item
|poke|p1|Garchomp, M|item
|poke|p1|Breloom, M|item
|poke|p1|Jirachi|item
|poke|p2|Keldeo-Resolute|item
|poke|p2|Salamence, F|item
|poke|p2|Celebi|item
|poke|p2|Darmanitan, M|item
|poke|p2|Excadrill, F|item
|poke|p2|Skarmory, M|item
|rule|Sleep Clause Mod: Limit one foe put to sleep
|rule|Species Clause: Limit one of each Pokémon
|rule|OHKO Clause: OHKO moves are banned
|rule|Moody Clause: Moody is banned
|rule|Evasion Moves Clause: Evasion moves are banned
|rule|Endless Battle Clause: Forcing endless battles is banned
|rule|HP Percentage Mod: HP is shown in percentages
|teampreview
|choice||
|
|start
|switch|p1a: Landorus|Landorus-Therian, M|100/100
|switch|p2a: Celebi|Celebi|100/100
|-ability|p1a: Landorus|Intimidate|boost
|-unboost|p2a: Celebi|atk|1
|turn|1
|choice||
|
|switch|p2a: Skarmory|Skarmory, M|100/100
|move|p1a: Landorus|U-turn|p2a: Skarmory
|-resisted|p2a: Skarmory
|-damage|p2a: Skarmory|96/100
|choice||
|
|switch|p1a: Jirachi|Jirachi|100/100
|
|-heal|p2a: Skarmory|100/100|[from] item: Leftovers
|turn|2
|choice||
|
|switch|p2a: Celebi|Celebi|100/100
|move|p1a: Jirachi|Stealth Rock|p2a: Celebi
|-sidestart|p2: Manson Hart|move: Stealth Rock
|
|turn|3
|choice||
|
|switch|p1a: Landorus|Landorus-Therian, M|100/100
|-ability|p1a: Landorus|Intimidate|boost
|-unboost|p2a: Celebi|atk|1
|move|p2a: Celebi|Stealth Rock|p1a: Landorus
|-sidestart|p1: BKC|move: Stealth Rock
|
|turn|4
|choice||
|
|switch|p2a: Skarmory|Skarmory, M|100/100
|-damage|p2a: Skarmory|88/100|[from] Stealth Rock
|move|p1a: Landorus|U-turn|p2a: Skarmory
|-resisted|p2a: Skarmory
|-damage|p2a: Skarmory|84/100
|choice||
|
|switch|p1a: Breloom|Breloom, M|100/100
|-damage|p1a: Breloom|94/100|[from] Stealth Rock
|
|-heal|p2a: Skarmory|90/100|[from] item: Leftovers
|turn|5
|choice||
|
|switch|p2a: Excadrill|Excadrill, F|100/100
|-damage|p2a: Excadrill|97/100|[from] Stealth Rock
|-ability|p2a: Excadrill|Mold Breaker
|-item|p2a: Excadrill|Air Balloon
|move|p1a: Breloom|Spore|p2a: Excadrill
|-status|p2a: Excadrill|slp
|
|turn|6
|j|hkttkytjt
|choice||
|
|switch|p2a: Celebi|Celebi|100/100
|-damage|p2a: Celebi|88/100|[from] Stealth Rock
|switch|p1a: Tyranitar|Tyranitar, F|100/100
|-damage|p1a: Tyranitar|88/100|[from] Stealth Rock
|-weather|Sandstorm|[from] ability: Sand Stream|[of] p1a: Tyranitar
|
|-weather|Sandstorm|[upkeep]
|-damage|p2a: Celebi|82/100|[from] sandstorm
|-heal|p2a: Celebi|88/100|[from] item: Leftovers
|turn|7
|choice||
|
|move|p2a: Celebi|Thunder Wave|p1a: Tyranitar
|-status|p1a: Tyranitar|par
|move|p1a: Tyranitar|Pursuit|p2a: Celebi
|-supereffective|p2a: Celebi
|-damage|p2a: Celebi|60/100
|
|-weather|Sandstorm|[upkeep]
|-damage|p2a: Celebi|54/100|[from] sandstorm
|-heal|p2a: Celebi|60/100|[from] item: Leftovers
|turn|8
|choice||
|
|move|p2a: Celebi|Giga Drain|p1a: Tyranitar
|-supereffective|p1a: Tyranitar
|-damage|p1a: Tyranitar|57/100 par
|-heal|p2a: Celebi|73/100|[from] drain|[of] p1a: Tyranitar
|cant|p1a: Tyranitar|par
|
|-weather|Sandstorm|[upkeep]
|-damage|p2a: Celebi|67/100|[from] sandstorm
|-heal|p2a: Celebi|73/100|[from] item: Leftovers
|turn|9
|choice||
|
|move|p2a: Celebi|Baton Pass|p2a: Celebi
|choice||
|
|switch|p2a: Keldeo|Keldeo-Resolute|100/100
|-damage|p2a: Keldeo|94/100|[from] Stealth Rock
|cant|p1a: Tyranitar|par
|
|-weather|Sandstorm|[upkeep]
|-damage|p2a: Keldeo|88/100|[from] sandstorm
|turn|10
|choice||
|
|switch|p2a: Celebi|Celebi|73/100
|-damage|p2a: Celebi|61/100|[from] Stealth Rock
|switch|p1a: Slowking|Slowking, F|100/100
|-damage|p1a: Slowking|88/100|[from] Stealth Rock
|
|-weather|Sandstorm|[upkeep]
|-damage|p2a: Celebi|55/100|[from] sandstorm
|-damage|p1a: Slowking|82/100|[from] sandstorm
|-heal|p2a: Celebi|61/100|[from] item: Leftovers
|-heal|p1a: Slowking|88/100|[from] item: Leftovers
|turn|11
|choice||
|
|move|p2a: Celebi|Giga Drain|p1a: Slowking
|-supereffective|p1a: Slowking
|-damage|p1a: Slowking|44/100
|-heal|p2a: Celebi|82/100|[from] drain|[of] p1a: Slowking
|move|p1a: Slowking|Fire Blast|p2a: Celebi
|-supereffective|p2a: Celebi
|-damage|p2a: Celebi|17/100
|
|-weather|Sandstorm|[upkeep]
|-damage|p2a: Celebi|10/100|[from] sandstorm
|-damage|p1a: Slowking|38/100|[from] sandstorm
|-heal|p2a: Celebi|17/100|[from] item: Leftovers
|-heal|p1a: Slowking|44/100|[from] item: Leftovers
|turn|12
|choice||
|
|switch|p1a: Landorus|Landorus-Therian, M|100/100
|-damage|p1a: Landorus|88/100|[from] Stealth Rock
|-ability|p1a: Landorus|Intimidate|boost
|-unboost|p2a: Celebi|atk|1
|move|p2a: Celebi|Baton Pass|p2a: Celebi
|choice||
|
|switch|p2a: Keldeo|Keldeo-Resolute|88/100
|-damage|p2a: Keldeo|82/100|[from] Stealth Rock
|
|-weather|Sandstorm|[upkeep]
|-damage|p2a: Keldeo|76/100|[from] sandstorm
|turn|13
|choice||
|
|switch|p1a: Slowking|Slowking, F|77/100
|-damage|p1a: Slowking|65/100|[from] Stealth Rock
|move|p2a: Keldeo|Scald|p1a: Slowking
|-resisted|p1a: Slowking
|-damage|p1a: Slowking|49/100
|
|-weather|Sandstorm|[upkeep]
|-damage|p2a: Keldeo|70/100|[from] sandstorm
|-damage|p1a: Slowking|43/100|[from] sandstorm
|-heal|p1a: Slowking|49/100|[from] item: Leftovers
|turn|14
|choice||
|
|switch|p2a: Skarmory|Skarmory, M|90/100
|-damage|p2a: Skarmory|77/100|[from] Stealth Rock
|move|p1a: Slowking|Fire Blast|p2a: Skarmory
|-supereffective|p2a: Skarmory
|-damage|p2a: Skarmory|0 fnt
|faint|p2a: Skarmory
|
|-weather|Sandstorm|[upkeep]
|-damage|p1a: Slowking|43/100|[from] sandstorm
|-heal|p1a: Slowking|49/100|[from] item: Leftovers
|choice||
|
|switch|p2a: Darmanitan|Darmanitan, M|100/100
|-damage|p2a: Darmanitan|76/100|[from] Stealth Rock
|turn|15
|choice||
|
|switch|p1a: Garchomp|Garchomp, M|100/100
|-damage|p1a: Garchomp|94/100|[from] Stealth Rock
|move|p2a: Darmanitan|U-turn|p1a: Garchomp
|-damage|p1a: Garchomp|67/100
|-damage|p2a: Darmanitan|63/100|[from] ability: Rough Skin|[of] p1a: Garchomp
|choice||
|
|switch|p2a: Keldeo|Keldeo-Resolute|70/100
|-damage|p2a: Keldeo|63/100|[from] Stealth Rock
|
|-weather|Sandstorm|[upkeep]
|-damage|p2a: Keldeo|57/100|[from] sandstorm
|turn|16
|choice||
|
|switch|p2a: Celebi|Celebi|17/100
|-damage|p2a: Celebi|4/100|[from] Stealth Rock
|switch|p1a: Slowking|Slowking, F|82/100
|-damage|p1a: Slowking|70/100|[from] Stealth Rock
|
|-weather|Sandstorm|[upkeep]
|-damage|p2a: Celebi|0 fnt|[from] sandstorm
|-damage|p1a: Slowking|64/100|[from] sandstorm
|-heal|p1a: Slowking|70/100|[from] item: Leftovers
|faint|p2a: Celebi
|choice||
|
|switch|p2a: Darmanitan|Darmanitan, M|63/100
|-damage|p2a: Darmanitan|39/100|[from] Stealth Rock
|turn|17
|choice||
|
|switch|p1a: Garchomp|Garchomp, M|67/100
|-damage|p1a: Garchomp|60/100|[from] Stealth Rock
|move|p2a: Darmanitan|U-turn|p1a: Garchomp
|-crit|p1a: Garchomp
|-damage|p1a: Garchomp|11/100
|-damage|p2a: Darmanitan|26/100|[from] ability: Rough Skin|[of] p1a: Garchomp
|choice||
|
|switch|p2a: Keldeo|Keldeo-Resolute|57/100
|-damage|p2a: Keldeo|51/100|[from] Stealth Rock
|
|-weather|Sandstorm|[upkeep]
|-damage|p2a: Keldeo|45/100|[from] sandstorm
|turn|18
|choice||
|
|switch|p1a: Slowking|Slowking, F|100/100
|-damage|p1a: Slowking|88/100|[from] Stealth Rock
|move|p2a: Keldeo|Scald|p1a: Slowking
|-resisted|p1a: Slowking
|-damage|p1a: Slowking|71/100
|
|-weather|Sandstorm|[upkeep]
|-damage|p2a: Keldeo|39/100|[from] sandstorm
|-damage|p1a: Slowking|65/100|[from] sandstorm
|-heal|p1a: Slowking|71/100|[from] item: Leftovers
|turn|19
|choice||
|
|move|p2a: Keldeo|Scald|p1a: Slowking
|-resisted|p1a: Slowking
|-damage|p1a: Slowking|55/100
|move|p1a: Slowking|Scald|p2a: Keldeo
|-resisted|p2a: Keldeo
|-damage|p2a: Keldeo|15/100
|
|-weather|Sandstorm|[upkeep]
|-damage|p2a: Keldeo|9/100|[from] sandstorm
|-damage|p1a: Slowking|49/100|[from] sandstorm
|-heal|p1a: Slowking|55/100|[from] item: Leftovers
|turn|20
|choice||
|
|move|p2a: Keldeo|Scald|p1a: Slowking
|-resisted|p1a: Slowking
|-damage|p1a: Slowking|37/100
|move|p1a: Slowking|Slack Off|p1a: Slowking
|-heal|p1a: Slowking|88/100
|
|-weather|Sandstorm|[upkeep]
|-damage|p2a: Keldeo|3/100|[from] sandstorm
|-damage|p1a: Slowking|81/100|[from] sandstorm
|-heal|p1a: Slowking|88/100|[from] item: Leftovers
|turn|21
|choice||
|
|move|p2a: Keldeo|Scald|p1a: Slowking
|-resisted|p1a: Slowking
|-damage|p1a: Slowking|72/100
|move|p1a: Slowking|Slack Off|p1a: Slowking
|-heal|p1a: Slowking|100/100
|
|-weather|Sandstorm|[upkeep]
|-damage|p2a: Keldeo|0 fnt|[from] sandstorm
|-damage|p1a: Slowking|94/100|[from] sandstorm
|-heal|p1a: Slowking|100/100|[from] item: Leftovers
|faint|p2a: Keldeo
|choice||
|
|switch|p2a: Salamence|Salamence, F|100/100
|-damage|p2a: Salamence|76/100|[from] Stealth Rock
|-ability|p2a: Salamence|Intimidate|boost
|-unboost|p1a: Slowking|atk|1
|turn|22
|choice||
|
|move|p2a: Salamence|Draco Meteor|p1a: Slowking
|-damage|p1a: Slowking|36/100
|-unboost|p2a: Salamence|spa|2
|-damage|p2a: Salamence|66/100|[from] item: Life Orb
|move|p1a: Slowking|Psyshock|p2a: Salamence
|-damage|p2a: Salamence|20/100
|
|-weather|Sandstorm|[upkeep]
|-damage|p2a: Salamence|14/100|[from] sandstorm
|-damage|p1a: Slowking|30/100|[from] sandstorm
|-heal|p1a: Slowking|36/100|[from] item: Leftovers
|turn|23
|choice||
|
|move|p2a: Salamence|Roost|p2a: Salamence
|-heal|p2a: Salamence|64/100
|move|p1a: Slowking|Slack Off|p1a: Slowking
|-heal|p1a: Slowking|86/100
|
|-weather|Sandstorm|[upkeep]
|-damage|p2a: Salamence|58/100|[from] sandstorm
|-damage|p1a: Slowking|80/100|[from] sandstorm
|-heal|p1a: Slowking|86/100|[from] item: Leftovers
|turn|24
|choice||
|
|move|p2a: Salamence|Roost|p2a: Salamence
|-heal|p2a: Salamence|100/100
|move|p1a: Slowking|Psyshock|p2a: Salamence
|-damage|p2a: Salamence|54/100
|
|-weather|Sandstorm|[upkeep]
|-damage|p2a: Salamence|48/100|[from] sandstorm
|-damage|p1a: Slowking|80/100|[from] sandstorm
|-heal|p1a: Slowking|86/100|[from] item: Leftovers
|turn|25
|choice||
|
|move|p2a: Salamence|Roost|p2a: Salamence
|-heal|p2a: Salamence|98/100
|move|p1a: Slowking|Psyshock|p2a: Salamence
|-damage|p2a: Salamence|53/100
|
|-weather|Sandstorm|[upkeep]
|-damage|p2a: Salamence|47/100|[from] sandstorm
|-damage|p1a: Slowking|80/100|[from] sandstorm
|-heal|p1a: Slowking|86/100|[from] item: Leftovers
|turn|26
|-message|Manson Hart forfeited.
|l|Manson Hart
|
|win|BKC
|player|p2
|player|p1
|raw|BKC's rating: 1523 &rarr; <strong>1534</strong><br />(+11 for winning)
|raw|Manson Hart's rating: 1347 &rarr; <strong>1336</strong><br />(-11 for losing)