|j|☆lezlez
|j|☆Gh0st of Perdition
|player|p1|lezlez|169|1312
|player|p2|Gh0st of Perdition|guitarist-gen4|1508
|teamsize|p1|6
|teamsize|p2|6
|gametype|singles
|gen|5
|tier|[Gen 5] OU
|rated|
|clearpoke
|poke|p1|Starmie|item
|poke|p1|Scizor, F|item
|poke|p1|Jellicent, M|item
|poke|p1|Garchomp, F|item
|poke|p1|Skarmory, M|item
|poke|p1|Salamence, M|item
|poke|p2|Tyranitar, F|item
|poke|p2|Landorus-Therian, M|item
|poke|p2|Terrakion|item
|poke|p2|Excadrill, F|item
|poke|p2|Breloom, F|item
|poke|p2|Rotom-Wash|item
|rule|Species Clause: Limit one of each Pokémon
|rule|OHKO Clause: OHKO moves are banned
|rule|Moody Clause: Moody is banned
|rule|Evasion Moves Clause: Evasion moves are banned
|rule|Endless Battle Clause: Forcing endless battles is banned
|rule|HP Percentage Mod: HP is shown in percentages
|rule|Evasion Abilities Clause: Evasion abilities are banned
|rule|Baton Pass Clause: Limit one Baton Passer, can't pass Spe and other stats simultaneously
|rule|Sleep Clause: Sleep-inducing moves are banned
|rule|Swagger Clause: Swagger is banned
|teampreview
|inactive|Battle timer is ON: inactive players will automatically lose when time's up. (requested by lezlez)
|
|start
|switch|p1a: Skarmory|Skarmory, M|100/100
|switch|p2a: Rotom|Rotom-Wash|100/100
|turn|1
|
|move|p1a: Skarmory|Taunt|p2a: Rotom
|-start|p2a: Rotom|move: Taunt
|move|p2a: Rotom|Volt Switch|p1a: Skarmory
|-supereffective|p1a: Skarmory
|-damage|p1a: Skarmory|21/100
|
|switch|p2a: Excadrill|Excadrill, F|100/100|[from]move: Volt Switch
|
|upkeep
|turn|2
|
|switch|p1a: Salamence|Salamence, M|100/100
|move|p2a: Excadrill|Rapid Spin|p1a: Salamence
|-damage|p1a: Salamence|92/100
|
|upkeep
|turn|3
|
|move|p2a: Excadrill|Protect|p2a: Excadrill
|-singleturn|p2a: Excadrill|Protect
|move|p1a: Salamence|Fire Blast|p2a: Excadrill
|-activate|p2a: Excadrill|move: Protect
|
|upkeep
|turn|4
|
|switch|p1a: Skarmory|Skarmory, M|21/100
|switch|p2a: Tyranitar|Tyranitar, F|100/100
|-weather|Sandstorm|[from] ability: Sand Stream|[of] p2a: Tyranitar
|
|-weather|Sandstorm|[upkeep]
|upkeep
|turn|5
|-enditem|p1a: Skarmory|Custap Berry|[eat]
|-activate|p1a: Skarmory|item: Custap Berry|[consumed]
|
|switch|p2a: Excadrill|Excadrill, F|100/100
|move|p1a: Skarmory|Stealth Rock|p2a: Excadrill
|-sidestart|p2: Gh0st of Perdition|move: Stealth Rock
|
|-weather|Sandstorm|[upkeep]
|upkeep
|turn|6
|
|switch|p1a: Jellicent|Jellicent, M|100/100
|move|p2a: Excadrill|Earthquake|p1a: Jellicent
|-damage|p1a: Jellicent|36/100
|
|-weather|Sandstorm|[upkeep]
|-damage|p1a: Jellicent|30/100|[from] Sandstorm
|-heal|p1a: Jellicent|36/100|[from] item: Leftovers
|upkeep
|turn|7
|
|move|p2a: Excadrill|Earthquake|p1a: Jellicent
|-damage|p1a: Jellicent|0 fnt
|faint|p1a: Jellicent
|
|-weather|Sandstorm|[upkeep]
|upkeep
|
|switch|p1a: Salamence|Salamence, M|92/100
|turn|8
|
|move|p2a: Excadrill|Protect|p2a: Excadrill
|-singleturn|p2a: Excadrill|Protect
|move|p1a: Salamence|Dragon Claw|p2a: Excadrill
|-activate|p2a: Excadrill|move: Protect
|
|-weather|Sandstorm|[upkeep]
|-damage|p1a: Salamence|86/100|[from] Sandstorm
|upkeep
|turn|9
|
|move|p1a: Salamence|Dragon Claw|p2a: Excadrill
|-resisted|p2a: Excadrill
|-damage|p2a: Excadrill|74/100
|move|p2a: Excadrill|Iron Head|p1a: Salamence
|-damage|p1a: Salamence|19/100
|
|-weather|Sandstorm|[upkeep]
|-damage|p1a: Salamence|13/100|[from] Sandstorm
|-heal|p2a: Excadrill|80/100|[from] item: Leftovers
|upkeep
|turn|10
|c|☆lezlez|gg
|c|☆Gh0st of Perdition|Gg
|c|☆lezlez|first game in ages tbj
|c|☆lezlez|tbh
|c|☆Gh0st of Perdition|ahah, i know the feel, rusted af
|c|☆lezlez|mhm
|inactive|Gh0st of Perdition has 120 seconds left.
|c|☆lezlez|mind if i rematch again?
|c|☆Gh0st of Perdition|nah np
|c|☆lezlez|i need the practice and the que takes for ever
|
|switch|p1a: Skarmory|Skarmory, M|21/100
|move|p2a: Excadrill|Iron Head|p1a: Skarmory
|-resisted|p1a: Skarmory
|-damage|p1a: Skarmory|0 fnt
|faint|p1a: Skarmory
|
|-weather|Sandstorm|[upkeep]
|-heal|p2a: Excadrill|86/100|[from] item: Leftovers
|upkeep
|c|☆Gh0st of Perdition|it's ok man, feel free to chall
|
|switch|p1a: Salamence|Salamence, M|13/100
|turn|11
|c|☆lezlez|thanks
|
|move|p2a: Excadrill|Protect|p2a: Excadrill
|-singleturn|p2a: Excadrill|Protect
|move|p1a: Salamence|Fire Blast|p2a: Excadrill
|-activate|p2a: Excadrill|move: Protect
|
|-weather|Sandstorm|[upkeep]
|-damage|p1a: Salamence|7/100|[from] Sandstorm
|-heal|p2a: Excadrill|92/100|[from] item: Leftovers
|upkeep
|turn|12
|
|switch|p2a: Tyranitar|Tyranitar, F|100/100
|-damage|p2a: Tyranitar|88/100|[from] Stealth Rock
|move|p1a: Salamence|Fire Blast|p2a: Tyranitar
|-resisted|p2a: Tyranitar
|-damage|p2a: Tyranitar|80/100
|
|-weather|Sandstorm|[upkeep]
|-damage|p1a: Salamence|1/100|[from] Sandstorm
|upkeep
|turn|13
|
|-activate|p1a: Salamence|move: Pursuit
|move|p2a: Tyranitar|Pursuit|p1a: Salamence|[from]Pursuit
|-damage|p1a: Salamence|0 fnt
|-hint|A Pokemon can't switch between when it runs out of HP and when it faints
|faint|p1a: Salamence
|
|-weather|Sandstorm|[upkeep]
|upkeep
|c|☆lezlez|xD
|
|switch|p1a: Scizor|Scizor, F|100/100
|turn|14
|
|switch|p1a: Starmie|Starmie|100/100
|move|p2a: Tyranitar|Fire Blast|p1a: Starmie|[miss]
|-miss|p2a: Tyranitar|p1a: Starmie
|
|-weather|Sandstorm|[upkeep]
|-damage|p1a: Starmie|94/100|[from] Sandstorm
|upkeep
|turn|15
|
|move|p1a: Starmie|Hydro Pump|p2a: Tyranitar
|-supereffective|p2a: Tyranitar
|-damage|p2a: Tyranitar|18/100
|-damage|p1a: Starmie|84/100|[from] item: Life Orb
|move|p2a: Tyranitar|Crunch|p1a: Starmie
|-supereffective|p1a: Starmie
|-damage|p1a: Starmie|0 fnt
|faint|p1a: Starmie
|
|-weather|Sandstorm|[upkeep]
|upkeep
|c|☆lezlez|woah
|
|switch|p1a: Garchomp|Garchomp, F|100/100
|turn|16
|-enditem|p2a: Tyranitar|Custap Berry|[eat]
|-activate|p2a: Tyranitar|item: Custap Berry|[consumed]
|
|move|p2a: Tyranitar|Ice Beam|p1a: Garchomp
|-supereffective|p1a: Garchomp
|-enditem|p1a: Garchomp|Yache Berry|[eat]
|-enditem|p1a: Garchomp|Yache Berry|[weaken]
|-damage|p1a: Garchomp|55/100
|move|p1a: Garchomp|Substitute|p1a: Garchomp
|-start|p1a: Garchomp|Substitute
|-damage|p1a: Garchomp|30/100
|
|-weather|Sandstorm|[upkeep]
|upkeep
|turn|17
|c|☆lezlez|uwu tyraitar mix set
|
|move|p1a: Garchomp|Earthquake|p2a: Tyranitar
|-supereffective|p2a: Tyranitar
|-damage|p2a: Tyranitar|0 fnt
|faint|p2a: Tyranitar
|
|-weather|Sandstorm|[upkeep]
|upkeep
|
|switch|p2a: Landorus|Landorus-Therian, M|100/100
|-damage|p2a: Landorus|88/100|[from] Stealth Rock
|-ability|p2a: Landorus|Intimidate|boost
|-immune|p1a: Garchomp
|turn|18
|
|move|p1a: Garchomp|Dragon Claw|p2a: Landorus
|-damage|p2a: Landorus|51/100
|-damage|p1a: Garchomp|14/100|[from] item: Rocky Helmet|[of] p2a: Landorus
|move|p2a: Landorus|Earthquake|p1a: Garchomp
|-end|p1a: Garchomp|Substitute
|
|-weather|Sandstorm|[upkeep]
|upkeep
|turn|19
|
|move|p1a: Garchomp|Dragon Claw|p2a: Landorus
|-damage|p2a: Landorus|14/100
|-damage|p1a: Garchomp|0 fnt|[from] item: Rocky Helmet|[of] p2a: Landorus
|faint|p1a: Garchomp
|move|p2a: Landorus|Stealth Rock|p1: Garchomp
|-sidestart|p1: lezlez|move: Stealth Rock
|
|-weather|Sandstorm|[upkeep]
|upkeep
|
|switch|p1a: Scizor|Scizor, F|100/100
|-damage|p1a: Scizor|88/100|[from] Stealth Rock
|turn|20
|
|move|p1a: Scizor|Bullet Punch|p2a: Landorus
|-damage|p2a: Landorus|0 fnt
|-damage|p1a: Scizor|71/100|[from] item: Rocky Helmet|[of] p2a: Landorus
|-damage|p1a: Scizor|62/100|[from] item: Life Orb
|faint|p2a: Landorus
|
|-weather|Sandstorm|[upkeep]
|upkeep
|
|switch|p2a: Excadrill|Excadrill, F|92/100
|-damage|p2a: Excadrill|89/100|[from] Stealth Rock
|turn|21
|
|move|p2a: Excadrill|Earthquake|p1a: Scizor
|-damage|p1a: Scizor|0 fnt
|faint|p1a: Scizor
|
|win|Gh0st of Perdition
|raw|lezlez's rating: 1313 &rarr; <strong>1303</strong><br />(-10 for losing)
|raw|Gh0st of Perdition's rating: 1508 &rarr; <strong>1517</strong><br />(+9 for winning)
|c|☆lezlez|gg!
|c|☆Gh0st of Perdition|Gg
|l|☆lezlez
