|j|☆HydreigonSpammer
|j|☆seanb143
|t:|1735686100
|gametype|singles
|player|p1|HydreigonSpammer|acetrainer|1448
|player|p2|seanb143|emmet|1350
|teamsize|p1|6
|teamsize|p2|6
|gen|5
|tier|[Gen 5] OU
|rated|
|rule|Species Clause: Limit one of each Pokémon
|rule|OHKO Clause: OHKO moves are banned
|rule|Moody Clause: Moody is banned
|rule|Evasion Items Clause: Evasion items are banned
|rule|Evasion Moves Clause: Evasion moves are banned
|rule|Endless Battle Clause: Forcing endless battles is banned
|rule|HP Percentage Mod: HP is shown in percentages
|rule|Evasion Abilities Clause: Evasion abilities are banned
|rule|Sleep Moves Clause: Sleep-inducing moves are banned
|rule|Swagger Clause: Swagger is banned
|rule|Baton Pass Stat Clause: No Baton Passer may have a way to boost its stats
|clearpoke
|poke|p1|Garchomp, M|item
|poke|p1|Hydreigon, F|item
|poke|p1|Jirachi|item
|poke|p1|Gengar, F|item
|poke|p1|Latios, M|item
|poke|p1|Rotom-Wash|item
|poke|p2|Jellicent, F|item
|poke|p2|Scizor, M|item
|poke|p2|Starmie|item
|poke|p2|Heatran, M|item
|poke|p2|Ninetales, M|item
|poke|p2|Landorus-Therian, M|item
|teampreview
|inactive|Battle timer is ON: inactive players will automatically lose when time's up. (requested by seanb143)
|
|t:|1735686129
|start
|switch|p1a: Garchomp|Garchomp, M|100/100
|switch|p2a: Landorus|Landorus-Therian, M, shiny|100/100
|-ability|p2a: Landorus|Intimidate|boost
|-unboost|p1a: Garchomp|atk|1
|turn|1
|j| radaty
|
|t:|1735686147
|move|p1a: Garchomp|Stealth Rock|p2a: Landorus
|-sidestart|p2: seanb143|move: Stealth Rock
|move|p2a: Landorus|U-turn|p1a: Garchomp
|-damage|p1a: Garchomp|55/100
|-damage|p2a: Landorus|88/100|[from] ability: Rough Skin|[of] p1a: Garchomp
|
|t:|1735686154
|switch|p2a: Starmie|Starmie, shiny|100/100|[from] U-turn
|-damage|p2a: Starmie|88/100|[from] Stealth Rock
|
|-heal|p2a: Starmie|94/100|[from] item: Leftovers
|upkeep
|turn|2
|
|t:|1735686164
|move|p2a: Starmie|Hydro Pump|p1a: Garchomp
|-damage|p1a: Garchomp|2/100
|move|p1a: Garchomp|Draco Meteor|p2a: Starmie
|-damage|p2a: Starmie|22/100
|-unboost|p1a: Garchomp|spa|2
|
|-heal|p2a: Starmie|28/100|[from] item: Leftovers
|upkeep
|turn|3
|
|t:|1735686173
|switch|p1a: Gengar|Gengar, F|100/100
|move|p2a: Starmie|Rapid Spin|p1a: Gengar
|-immune|p1a: Gengar
|
|-heal|p2a: Starmie|34/100|[from] item: Leftovers
|upkeep
|turn|4
|
|t:|1735686182
|switch|p2a: Heatran|Heatran, M, shiny|100/100
|-damage|p2a: Heatran|88/100|[from] Stealth Rock
|move|p1a: Gengar|Shadow Ball|p2a: Heatran
|-resisted|p2a: Heatran
|-damage|p2a: Heatran|76/100
|
|-heal|p2a: Heatran|82/100|[from] item: Leftovers
|upkeep
|turn|5
|
|t:|1735686185
|switch|p1a: Garchomp|Garchomp, M|2/100
|move|p2a: Heatran|Stealth Rock|p1a: Garchomp
|-sidestart|p1: HydreigonSpammer|move: Stealth Rock
|
|-heal|p2a: Heatran|88/100|[from] item: Leftovers
|upkeep
|turn|6
|
|t:|1735686192
|move|p1a: Garchomp|Earthquake|p2a: Heatran
|-supereffective|p2a: Heatran
|-damage|p2a: Heatran|0 fnt
|faint|p2a: Heatran
|
|upkeep
|
|t:|1735686194
|switch|p2a: Starmie|Starmie, shiny|34/100
|-damage|p2a: Starmie|22/100|[from] Stealth Rock
|turn|7
|j| damn das crazy
|
|t:|1735686204
|switch|p1a: Gengar|Gengar, F|100/100
|-damage|p1a: Gengar|88/100|[from] Stealth Rock
|move|p2a: Starmie|Psyshock|p1a: Gengar
|-supereffective|p1a: Gengar
|-damage|p1a: Gengar|0 fnt
|faint|p1a: Gengar
|
|-heal|p2a: Starmie|28/100|[from] item: Leftovers
|upkeep
|
|t:|1735686207
|switch|p1a: Hydreigon|Hydreigon, F, shiny|100/100
|-damage|p1a: Hydreigon|88/100|[from] Stealth Rock
|turn|8
|
|t:|1735686213
|switch|p2a: Scizor|Scizor, M, shiny|100/100
|-damage|p2a: Scizor|88/100|[from] Stealth Rock
|move|p1a: Hydreigon|Dark Pulse|p2a: Scizor
|-resisted|p2a: Scizor
|-damage|p2a: Scizor|56/100
|
|upkeep
|turn|9
|
|t:|1735686217
|switch|p1a: Garchomp|Garchomp, M|2/100
|-damage|p1a: Garchomp|0 fnt|[from] Stealth Rock
|faint|p1a: Garchomp
|move|p2a: Scizor|U-turn|p1: Garchomp|[notarget]
|-fail|p2a: Scizor
|
|upkeep
|
|t:|1735686229
|switch|p1a: Rotom|Rotom-Wash|100/100
|-damage|p1a: Rotom|88/100|[from] Stealth Rock
|turn|10
|l| damn das crazy
|
|t:|1735686238
|move|p2a: Scizor|U-turn|p1a: Rotom
|-damage|p1a: Rotom|36/100
|
|t:|1735686242
|switch|p2a: Jellicent|Jellicent, F, shiny|100/100|[from] U-turn
|-damage|p2a: Jellicent|88/100|[from] Stealth Rock
|move|p1a: Rotom|Discharge|p2a: Jellicent
|-supereffective|p2a: Jellicent
|-damage|p2a: Jellicent|27/100
|-damage|p1a: Rotom|27/100|[from] item: Life Orb
|
|-heal|p2a: Jellicent|33/100|[from] item: Leftovers
|upkeep
|turn|11
|
|t:|1735686251
|move|p1a: Rotom|Discharge|p2a: Jellicent
|-supereffective|p2a: Jellicent
|-damage|p2a: Jellicent|0 fnt
|faint|p2a: Jellicent
|-damage|p1a: Rotom|17/100|[from] item: Life Orb
|
|upkeep
|
|t:|1735686259
|switch|p2a: Ninetales|Ninetales, M, shiny|100/100
|-damage|p2a: Ninetales|76/100|[from] Stealth Rock
|-weather|SunnyDay|[from] ability: Drought|[of] p2a: Ninetales
|turn|12
|
|t:|1735686265
|move|p2a: Ninetales|Solar Beam||[still]
|-prepare|p2a: Ninetales|Solar Beam
|-anim|p2a: Ninetales|Solar Beam|p1a: Rotom
|-supereffective|p1a: Rotom
|-damage|p1a: Rotom|0 fnt
|faint|p1a: Rotom
|
|-weather|SunnyDay|[upkeep]
|-heal|p2a: Ninetales|82/100|[from] item: Leftovers
|upkeep
|
|t:|1735686274
|switch|p1a: Latios|Latios, M|100/100
|-damage|p1a: Latios|88/100|[from] Stealth Rock
|turn|13
|
|t:|1735686281
|move|p1a: Latios|Dragon Pulse|p2a: Ninetales
|-damage|p2a: Ninetales|1/100
|move|p2a: Ninetales|Will-O-Wisp|p1a: Latios
|-status|p1a: Latios|brn
|
|-weather|SunnyDay|[upkeep]
|-heal|p2a: Ninetales|7/100|[from] item: Leftovers
|-damage|p1a: Latios|76/100 brn|[from] brn
|upkeep
|turn|14
|
|t:|1735686288
|move|p1a: Latios|Dragon Pulse|p2a: Ninetales
|-damage|p2a: Ninetales|0 fnt
|faint|p2a: Ninetales
|
|-weather|SunnyDay|[upkeep]
|-damage|p1a: Latios|64/100 brn|[from] brn
|upkeep
|
|t:|1735686292
|switch|p2a: Scizor|Scizor, M, shiny|56/100
|-damage|p2a: Scizor|44/100|[from] Stealth Rock
|turn|15
|
|t:|1735686300
|move|p2a: Scizor|U-turn|p1a: Latios
|-supereffective|p1a: Latios
|-damage|p1a: Latios|0 fnt
|faint|p1a: Latios
|
|t:|1735686303
|switch|p2a: Landorus|Landorus-Therian, M, shiny|88/100|[from] U-turn
|-damage|p2a: Landorus|76/100|[from] Stealth Rock
|
|-weather|SunnyDay|[upkeep]
|upkeep
|
|t:|1735686309
|switch|p1a: Hydreigon|Hydreigon, F, shiny|88/100
|-damage|p1a: Hydreigon|76/100|[from] Stealth Rock
|turn|16
|
|t:|1735686322
|switch|p2a: Starmie|Starmie, shiny|28/100
|-damage|p2a: Starmie|16/100|[from] Stealth Rock
|move|p1a: Hydreigon|Draco Meteor|p2a: Starmie
|-damage|p2a: Starmie|0 fnt
|-unboost|p1a: Hydreigon|spa|2
|faint|p2a: Starmie
|
|-weather|SunnyDay|[upkeep]
|upkeep
|
|t:|1735686325
|switch|p2a: Scizor|Scizor, M, shiny|44/100
|-damage|p2a: Scizor|31/100|[from] Stealth Rock
|turn|17
|
|t:|1735686330
|switch|p1a: Jirachi|Jirachi|100/100
|-damage|p1a: Jirachi|94/100|[from] Stealth Rock
|move|p2a: Scizor|U-turn|p1a: Jirachi
|-damage|p1a: Jirachi|65/100
|
|t:|1735686332
|switch|p2a: Landorus|Landorus-Therian, M, shiny|76/100|[from] U-turn
|-damage|p2a: Landorus|64/100|[from] Stealth Rock
|-ability|p2a: Landorus|Intimidate|boost
|-unboost|p1a: Jirachi|atk|1
|
|-weather|SunnyDay|[upkeep]
|-heal|p1a: Jirachi|71/100|[from] item: Leftovers
|upkeep
|turn|18
|
|t:|1735686342
|move|p2a: Landorus|Superpower|p1a: Jirachi
|-damage|p1a: Jirachi|11/100
|-unboost|p2a: Landorus|atk|1
|-unboost|p2a: Landorus|def|1
|move|p1a: Jirachi|U-turn|p2a: Landorus
|-resisted|p2a: Landorus
|-damage|p2a: Landorus|55/100
|
|t:|1735686345
|switch|p1a: Hydreigon|Hydreigon, F, shiny|76/100|[from] U-turn
|-damage|p1a: Hydreigon|64/100|[from] Stealth Rock
|
|-weather|SunnyDay|[upkeep]
|upkeep
|turn|19
|
|t:|1735686357
|move|p1a: Hydreigon|Draco Meteor|p2a: Landorus
|-damage|p2a: Landorus|0 fnt
|-unboost|p1a: Hydreigon|spa|2
|faint|p2a: Landorus
|
|-weather|SunnyDay|[upkeep]
|upkeep
|
|t:|1735686360
|switch|p2a: Scizor|Scizor, M, shiny|31/100
|-damage|p2a: Scizor|19/100|[from] Stealth Rock
|turn|20
|
|t:|1735686371
|switch|p1a: Jirachi|Jirachi|11/100
|-damage|p1a: Jirachi|5/100|[from] Stealth Rock
|move|p2a: Scizor|U-turn|p1a: Jirachi
|-damage|p1a: Jirachi|0 fnt
|faint|p1a: Jirachi
|
|-weather|SunnyDay|[upkeep]
|upkeep
|
|t:|1735686373
|switch|p1a: Hydreigon|Hydreigon, F, shiny|64/100
|-damage|p1a: Hydreigon|51/100|[from] Stealth Rock
|turn|21
|
|t:|1735686377
|move|p1a: Hydreigon|Dark Pulse|p2a: Scizor
|-resisted|p2a: Scizor
|-damage|p2a: Scizor|0 fnt
|faint|p2a: Scizor
|
|win|HydreigonSpammer
|raw|HydreigonSpammer's rating: 1448 &rarr; <strong>1463</strong><br />(+15 for winning)
|raw|seanb143's rating: 1350 &rarr; <strong>1335</strong><br />(-15 for losing)
|l|☆seanb143
|player|p2|
