|j|BKC
|j|Manolou
|player|p1|BKC|#bkc
|player|p2|Manolou|10
|gametype|singles
|gen|5
|tier|[Gen 5] OU
|rated
|seed|
|rule|Evasion Abilities Clause: Evasion abilities are banned
|rule|Baton Pass Clause: Limit one Baton Passer, can't pass Spe and other stats simultaneously
|rule|Swagger Clause: Swagger is banned
|clearpoke
|poke|p1|Tyranitar, M|item
|poke|p1|Jirachi|item
|poke|p1|Landorus-Therian, M|item
|poke|p1|Latios, M|item
|poke|p1|Breloom, M|item
|poke|p1|Keldeo|item
|poke|p2|Jirachi|item
|poke|p2|Kyurem-Black|item
|poke|p2|Landorus-Therian, M|item
|poke|p2|Kingdra, F|item
|poke|p2|Latias, F|item
|poke|p2|Starmie|item
|rule|Sleep Clause Mod: Limit one foe put to sleep
|rule|Species Clause: Limit one of each Pokémon
|rule|OHKO Clause: OHKO moves are banned
|rule|Moody Clause: Moody is banned
|rule|Evasion Moves Clause: Evasion moves are banned
|rule|Endless Battle Clause: Forcing endless battles is banned
|rule|HP Percentage Mod: HP is shown in percentages
|teampreview
|c|★BKC|Oh, so THIS is it.
|c|★BKC|g_L
|c|★Manolou|this is it
|choice||
|
|start
|switch|p1a: Landorus|Landorus-Therian, M|100/100
|switch|p2a: Jirachi|Jirachi|100/100
|-ability|p1a: Landorus|Intimidate|boost
|-unboost|p2a: Jirachi|atk|1
|turn|1
|choice||
|
|move|p1a: Landorus|U-turn|p2a: Jirachi
|-damage|p2a: Jirachi|77/100
|choice||
|
|switch|p1a: Jirachi|Jirachi|100/100
|move|p2a: Jirachi|Toxic|p1a: Jirachi
|-immune|p1a: Jirachi|[msg]
|
|-heal|p2a: Jirachi|83/100|[from] item: Leftovers
|turn|2
|choice||
|
|move|p2a: Jirachi|Substitute|p2a: Jirachi
|-start|p2a: Jirachi|Substitute
|-damage|p2a: Jirachi|58/100
|move|p1a: Jirachi|Stealth Rock|p2a: Jirachi
|-sidestart|p2: Manolou|move: Stealth Rock
|
|-heal|p2a: Jirachi|64/100|[from] item: Leftovers
|turn|3
|choice||
|
|move|p2a: Jirachi|Fire Punch|p1a: Jirachi
|-supereffective|p1a: Jirachi
|-damage|p1a: Jirachi|76/100
|move|p1a: Jirachi|Hidden Power|p2a: Jirachi
|-supereffective|p2a: Jirachi
|-end|p2a: Jirachi|Substitute
|
|-heal|p2a: Jirachi|70/100|[from] item: Leftovers
|turn|4
|choice||
|
|switch|p1a: Landorus|Landorus-Therian, M|100/100
|-ability|p1a: Landorus|Intimidate|boost
|-unboost|p2a: Jirachi|atk|1
|move|p2a: Jirachi|Fire Punch|p1a: Landorus
|-damage|p1a: Landorus|90/100
|
|-heal|p2a: Jirachi|76/100|[from] item: Leftovers
|turn|5
|choice||
|
|move|p1a: Landorus|U-turn|p2a: Jirachi
|-damage|p2a: Jirachi|52/100
|choice||
|
|switch|p1a: Jirachi|Jirachi|76/100
|move|p2a: Jirachi|Substitute|p2a: Jirachi
|-start|p2a: Jirachi|Substitute
|-damage|p2a: Jirachi|27/100
|
|-heal|p2a: Jirachi|34/100|[from] item: Leftovers
|turn|6
|choice||
|
|move|p2a: Jirachi|Fire Punch|p1a: Jirachi
|-supereffective|p1a: Jirachi
|-damage|p1a: Jirachi|59/100
|move|p1a: Jirachi|Hidden Power|p2a: Jirachi
|-supereffective|p2a: Jirachi
|-end|p2a: Jirachi|Substitute
|
|-heal|p2a: Jirachi|40/100|[from] item: Leftovers
|turn|7
|choice||
|
|switch|p1a: Landorus|Landorus-Therian, M|90/100
|-ability|p1a: Landorus|Intimidate|boost
|-unboost|p2a: Jirachi|atk|1
|move|p2a: Jirachi|Iron Head|p1a: Landorus
|-damage|p1a: Landorus|78/100
|
|-heal|p2a: Jirachi|46/100|[from] item: Leftovers
|turn|8
|choice||
|
|move|p1a: Landorus|U-turn|p2a: Jirachi
|-damage|p2a: Jirachi|21/100
|choice||
|
|switch|p1a: Keldeo|Keldeo|100/100
|move|p2a: Jirachi|Fire Punch|p1a: Keldeo
|-resisted|p1a: Keldeo
|-damage|p1a: Keldeo|97/100
|
|-heal|p2a: Jirachi|27/100|[from] item: Leftovers
|turn|9
|choice||
|
|move|p1a: Keldeo|Secret Sword|p2a: Jirachi
|-damage|p2a: Jirachi|0 fnt
|faint|p2a: Jirachi
|
|choice||
|
|switch|p2a: Starmie|Starmie|100/100
|-damage|p2a: Starmie|88/100|[from] Stealth Rock
|turn|10
|choice||
|
|move|p2a: Starmie|Rapid Spin|p1a: Keldeo
|-damage|p1a: Keldeo|92/100
|-sideend|p2: Manolou|Stealth Rock|[from] move: Rapid Spin|[of] p2a: Starmie
|-damage|p2a: Starmie|78/100|[from] item: Life Orb
|move|p1a: Keldeo|Hidden Power|p2a: Starmie
|-supereffective|p2a: Starmie
|-damage|p2a: Starmie|0 fnt
|faint|p2a: Starmie
|
|c|★Manolou|ouch
|c|★BKC|open and shut case, johnson
|choice||
|
|switch|p2a: Landorus|Landorus-Therian, M|100/100
|-ability|p2a: Landorus|Intimidate|boost
|-unboost|p1a: Keldeo|atk|1
|turn|11
|choice||
|
|move|p1a: Keldeo|Icy Wind|p2a: Landorus
|-supereffective|p2a: Landorus
|-enditem|p2a: Landorus|Focus Sash
|-damage|p2a: Landorus|1/100
|-unboost|p2a: Landorus|spe|1
|move|p2a: Landorus|Explosion|p1a: Keldeo
|-damage|p1a: Keldeo|0 fnt
|faint|p2a: Landorus
|faint|p1a: Keldeo
|
|c|★Manolou|this place is a mess
|c|★Manolou|check for semen
|choice||
|
|switch|p2a: Latias|Latias, F|100/100
|switch|p1a: Jirachi|Jirachi|59/100
|turn|12
|choice||
|
|move|p2a: Latias|Trick|p1a: Jirachi
|-activate|p2a: Latias|move: Trick|[of] p1a: Jirachi
|-item|p1a: Jirachi|Choice Scarf|[from] move: Trick
|-item|p2a: Latias|Shuca Berry|[from] move: Trick
|move|p1a: Jirachi|Stealth Rock|p2a: Latias
|-sidestart|p2: Manolou|move: Stealth Rock
|
|turn|13
|choice||
|
|switch|p1a: Tyranitar|Tyranitar, M|100/100
|-weather|Sandstorm|[from] ability: Sand Stream|[of] p1a: Tyranitar
|move|p2a: Latias|Surf|p1a: Tyranitar
|-supereffective|p1a: Tyranitar
|-damage|p1a: Tyranitar|62/100
|
|-weather|Sandstorm|[upkeep]
|-damage|p2a: Latias|95/100|[from] sandstorm
|turn|14
|choice||
|
|switch|p2a: Kyurem|Kyurem-Black|100/100
|-damage|p2a: Kyurem|76/100|[from] Stealth Rock
|-ability|p2a: Kyurem|Teravolt
|move|p1a: Tyranitar|Crunch|p2a: Kyurem
|-damage|p2a: Kyurem|19/100
|
|-weather|Sandstorm|[upkeep]
|-damage|p2a: Kyurem|13/100|[from] sandstorm
|turn|15
|choice||
|
|switch|p1a: Jirachi|Jirachi|59/100
|move|p2a: Kyurem|Outrage|p1a: Jirachi
|-resisted|p1a: Jirachi
|-damage|p1a: Jirachi|4/100
|
|-weather|Sandstorm|[upkeep]
|-damage|p2a: Kyurem|7/100|[from] sandstorm
|turn|16
|choice||
|
|move|p1a: Jirachi|Icy Wind|p2a: Kyurem
|-damage|p2a: Kyurem|0 fnt
|faint|p2a: Kyurem
|
|-weather|Sandstorm|[upkeep]
|choice||
|
|switch|p2a: Kingdra|Kingdra, F|100/100
|-damage|p2a: Kingdra|88/100|[from] Stealth Rock
|turn|17
|choice||
|
|move|p1a: Jirachi|Icy Wind|p2a: Kingdra
|-damage|p2a: Kingdra|68/100
|-unboost|p2a: Kingdra|spe|1
|move|p2a: Kingdra|Rain Dance|p2a: Kingdra
|-weather|RainDance
|
|-weather|RainDance|[upkeep]
|turn|18
|choice||
|
|move|p1a: Jirachi|Icy Wind|p2a: Kingdra
|-damage|p2a: Kingdra|44/100
|-unboost|p2a: Kingdra|spe|1
|move|p2a: Kingdra|Dragon Pulse|p1a: Jirachi
|-resisted|p1a: Jirachi
|-damage|p1a: Jirachi|0 fnt
|-damage|p2a: Kingdra|35/100|[from] item: Life Orb
|faint|p1a: Jirachi
|
|-weather|RainDance|[upkeep]
|choice||
|
|switch|p1a: Tyranitar|Tyranitar, M|62/100
|-weather|Sandstorm|[from] ability: Sand Stream|[of] p1a: Tyranitar
|turn|19
|c|★Manolou|WOW
|c|★Manolou|that threw a wrench in my plans
|choice||
|
|move|p1a: Tyranitar|Crunch|p2a: Kingdra
|-damage|p2a: Kingdra|0 fnt
|faint|p2a: Kingdra
|
|-weather|Sandstorm|[upkeep]
|c|★BKC|lmao
|choice||
|
|switch|p2a: Latias|Latias, F|95/100
|-damage|p2a: Latias|82/100|[from] Stealth Rock
|turn|20
|choice||
|
|move|p2a: Latias|Surf|p1a: Tyranitar
|-supereffective|p1a: Tyranitar
|-damage|p1a: Tyranitar|22/100
|move|p1a: Tyranitar|Crunch|p2a: Latias
|-supereffective|p2a: Latias
|-damage|p2a: Latias|0 fnt
|faint|p2a: Latias
|
|win|BKC
|player|p1
|player|p2
|raw|BKC's rating: 1476 &rarr; <strong>1498</strong><br />(+22 for winning)
|raw|Manolou's rating: 1502 &rarr; <strong>1481</strong><br />(-21 for losing)
|c|★BKC|gg
|c|★Manolou|gg
|l|Manolou