|j|‽BKC LADDER ACC
|j|☆Fabianosizour
|player|p1|BKC LADDER ACC|hiker-gen4|1391
|player|p2|Fabianosizour|red|1369
|teamsize|p1|6
|teamsize|p2|6
|gametype|singles
|gen|5
|tier|[Gen 5] OU
|rated|
|clearpoke
|poke|p1|Tyranitar, M|item
|poke|p1|Landorus-Therian, M|item
|poke|p1|Seismitoad, F|item
|poke|p1|Skarmory, F|item
|poke|p1|Latios, M|item
|poke|p1|Excadrill, F|item
|poke|p2|Hydreigon, M|item
|poke|p2|Landorus-Therian, M|item
|poke|p2|Scizor, M|item
|poke|p2|Starmie|item
|poke|p2|Ferrothorn, M|item
|poke|p2|Latios, M|item
|rule|Species Clause: Limit one of each Pokémon
|rule|OHKO Clause: OHKO moves are banned
|rule|Moody Clause: Moody is banned
|rule|Evasion Moves Clause: Evasion moves are banned
|rule|Endless Battle Clause: Forcing endless battles is banned
|rule|HP Percentage Mod: HP is shown in percentages
|rule|Evasion Abilities Clause: Evasion abilities are banned
|rule|Baton Pass Clause: Limit one Baton Passer, can't pass Spe and other stats simultaneously
|rule|Sleep Clause: Sleep-inducing moves are banned
|rule|Swagger Clause: Swagger is banned
|teampreview
|
|start
|switch|p1a: Landorus|Landorus-Therian, M|100/100
|switch|p2a: Flat Earth|Landorus-Therian, M|100/100
|-ability|p1a: Landorus|Intimidate|boost
|-unboost|p2a: Flat Earth|atk|1
|-ability|p2a: Flat Earth|Intimidate|boost
|-unboost|p1a: Landorus|atk|1
|turn|1
|
|move|p1a: Landorus|U-turn|p2a: Flat Earth
|-resisted|p2a: Flat Earth
|-crit|p2a: Flat Earth
|-damage|p2a: Flat Earth|78/100
|-damage|p1a: Landorus|84/100|[from] item: Rocky Helmet|[of] p2a: Flat Earth
|inactive|Battle timer is ON: inactive players will automatically lose when time's up. (requested by Fabianosizour)
|
|switch|p1a: Skarmory|Skarmory, F|100/100|[from]move: U-turn
|move|p2a: Flat Earth|Hidden Power|p1a: Skarmory
|-damage|p1a: Skarmory|84/100
|
|upkeep
|turn|2
|
|move|p2a: Flat Earth|Stealth Rock|p1a: Skarmory
|-sidestart|p1: BKC LADDER ACC|move: Stealth Rock
|move|p1a: Skarmory|Spikes|p2a: Flat Earth
|-sidestart|p2: Fabianosizour|Spikes
|
|upkeep
|turn|3
|
|move|p2a: Flat Earth|U-turn|p1a: Skarmory
|-resisted|p1a: Skarmory
|-damage|p1a: Skarmory|81/100
|-damage|p2a: Flat Earth|62/100|[from] item: Rocky Helmet|[of] p1a: Skarmory
|
|switch|p2a: Face of Abyss|Hydreigon, M|100/100|[from]move: U-turn
|move|p1a: Skarmory|Whirlwind|p2a: Face of Abyss
|drag|p2a: Tree of Life|Ferrothorn, M|100/100
|-damage|p2a: Tree of Life|88/100|[from] Spikes
|
|-heal|p2a: Tree of Life|94/100|[from] item: Leftovers
|upkeep
|turn|4
|
|move|p1a: Skarmory|Taunt|p2a: Tree of Life
|-start|p2a: Tree of Life|move: Taunt
|cant|p2a: Tree of Life|move: Taunt|Spikes
|
|-heal|p2a: Tree of Life|99/100|[from] item: Leftovers
|upkeep
|turn|5
|
|switch|p2a: Face of Abyss|Hydreigon, M|100/100
|move|p1a: Skarmory|Spikes|p2a: Face of Abyss
|-sidestart|p2: Fabianosizour|Spikes
|
|upkeep
|turn|6
|
|switch|p1a: Latios|Latios, M|100/100
|-damage|p1a: Latios|88/100|[from] Stealth Rock
|move|p2a: Face of Abyss|U-turn|p1a: Latios
|-supereffective|p1a: Latios
|-damage|p1a: Latios|47/100
|
|switch|p2a: Tree of Silicon|Scizor, M|100/100|[from]move: U-turn
|-damage|p2a: Tree of Silicon|84/100|[from] Spikes
|
|-heal|p2a: Tree of Silicon|90/100|[from] item: Leftovers
|upkeep
|turn|7
|
|switch|p1a: Skarmory|Skarmory, F|81/100
|-damage|p1a: Skarmory|69/100|[from] Stealth Rock
|move|p2a: Tree of Silicon|U-turn|p1a: Skarmory
|-resisted|p1a: Skarmory
|-damage|p1a: Skarmory|63/100
|-damage|p2a: Tree of Silicon|73/100|[from] item: Rocky Helmet|[of] p1a: Skarmory
|
|switch|p2a: Face of Abyss|Hydreigon, M|100/100|[from]move: U-turn
|
|upkeep
|turn|8
|
|switch|p1a: Tyranitar|Tyranitar, M|100/100
|-damage|p1a: Tyranitar|88/100|[from] Stealth Rock
|-weather|Sandstorm|[from] ability: Sand Stream|[of] p1a: Tyranitar
|move|p2a: Face of Abyss|Flamethrower|p1a: Tyranitar
|-resisted|p1a: Tyranitar
|-damage|p1a: Tyranitar|81/100
|
|-weather|Sandstorm|[upkeep]
|-damage|p2a: Face of Abyss|94/100|[from] Sandstorm
|-heal|p2a: Face of Abyss|100/100|[from] item: Leftovers
|upkeep
|turn|9
|
|move|p2a: Face of Abyss|U-turn|p1a: Tyranitar
|-supereffective|p1a: Tyranitar
|-damage|p1a: Tyranitar|54/100
|
|switch|p2a: Tree of Silicon|Scizor, M|73/100|[from]move: U-turn
|-damage|p2a: Tree of Silicon|57/100|[from] Spikes
|move|p1a: Tyranitar|Stealth Rock|p2a: Tree of Silicon
|-sidestart|p2: Fabianosizour|move: Stealth Rock
|
|-weather|Sandstorm|[upkeep]
|-heal|p2a: Tree of Silicon|63/100|[from] item: Leftovers
|upkeep
|turn|10
|
|switch|p1a: Landorus|Landorus-Therian, M|84/100
|-damage|p1a: Landorus|72/100|[from] Stealth Rock
|-ability|p1a: Landorus|Intimidate|boost
|-unboost|p2a: Tree of Silicon|atk|1
|move|p2a: Tree of Silicon|Roost|p2a: Tree of Silicon
|-heal|p2a: Tree of Silicon|100/100
|-singleturn|p2a: Tree of Silicon|move: Roost
|
|-weather|Sandstorm|[upkeep]
|upkeep
|turn|11
|
|move|p1a: Landorus|Earthquake|p2a: Tree of Silicon
|-damage|p2a: Tree of Silicon|44/100
|move|p2a: Tree of Silicon|U-turn|p1a: Landorus
|-resisted|p1a: Landorus
|-damage|p1a: Landorus|61/100
|
|switch|p2a: Water of Flood|Starmie|100/100|[from]move: U-turn
|-damage|p2a: Water of Flood|88/100|[from] Stealth Rock
|-damage|p2a: Water of Flood|72/100|[from] Spikes
|
|-weather|Sandstorm|[upkeep]
|-damage|p2a: Water of Flood|66/100|[from] Sandstorm
|-heal|p2a: Water of Flood|72/100|[from] item: Leftovers
|upkeep
|turn|12
|
|move|p1a: Landorus|Earthquake|p2a: Water of Flood
|-crit|p2a: Water of Flood
|-damage|p2a: Water of Flood|0 fnt
|faint|p2a: Water of Flood
|
|-weather|Sandstorm|[upkeep]
|upkeep
|
|switch|p2a: Flat Earth|Landorus-Therian, M|62/100
|-damage|p2a: Flat Earth|49/100|[from] Stealth Rock
|-ability|p2a: Flat Earth|Intimidate|boost
|-unboost|p1a: Landorus|atk|1
|turn|13
|
|switch|p1a: Skarmory|Skarmory, F|63/100
|-damage|p1a: Skarmory|51/100|[from] Stealth Rock
|move|p2a: Flat Earth|U-turn|p1a: Skarmory
|-resisted|p1a: Skarmory
|-damage|p1a: Skarmory|46/100
|-damage|p2a: Flat Earth|33/100|[from] item: Rocky Helmet|[of] p1a: Skarmory
|
|switch|p2a: Face of Abyss|Hydreigon, M|100/100|[from]move: U-turn
|-damage|p2a: Face of Abyss|88/100|[from] Stealth Rock
|
|-weather|Sandstorm|[upkeep]
|-damage|p2a: Face of Abyss|82/100|[from] Sandstorm
|-heal|p2a: Face of Abyss|88/100|[from] item: Leftovers
|upkeep
|turn|14
|
|switch|p1a: Seismitoad|Seismitoad, F|100/100
|-damage|p1a: Seismitoad|94/100|[from] Stealth Rock
|move|p2a: Face of Abyss|U-turn|p1a: Seismitoad
|-damage|p1a: Seismitoad|84/100
|
|switch|p2a: Tree of Life|Ferrothorn, M|99/100|[from]move: U-turn
|-damage|p2a: Tree of Life|94/100|[from] Stealth Rock
|-damage|p2a: Tree of Life|78/100|[from] Spikes
|
|-weather|Sandstorm|[upkeep]
|-heal|p1a: Seismitoad|90/100|[from] item: Leftovers
|-heal|p2a: Tree of Life|84/100|[from] item: Leftovers
|upkeep
|turn|15
|
|switch|p1a: Skarmory|Skarmory, F|46/100
|-damage|p1a: Skarmory|34/100|[from] Stealth Rock
|move|p2a: Tree of Life|Spikes|p1a: Skarmory
|-sidestart|p1: BKC LADDER ACC|Spikes
|
|-weather|Sandstorm|[upkeep]
|-heal|p2a: Tree of Life|90/100|[from] item: Leftovers
|upkeep
|turn|16
|
|switch|p2a: Face of Abyss|Hydreigon, M|88/100
|-damage|p2a: Face of Abyss|76/100|[from] Stealth Rock
|move|p1a: Skarmory|Roost|p1a: Skarmory
|-heal|p1a: Skarmory|84/100
|-singleturn|p1a: Skarmory|move: Roost
|
|-weather|Sandstorm|[upkeep]
|-damage|p2a: Face of Abyss|70/100|[from] Sandstorm
|-heal|p2a: Face of Abyss|76/100|[from] item: Leftovers
|upkeep
|turn|17
|
|switch|p1a: Seismitoad|Seismitoad, F|90/100
|-damage|p1a: Seismitoad|84/100|[from] Stealth Rock
|-damage|p1a: Seismitoad|72/100|[from] Spikes
|move|p2a: Face of Abyss|Flamethrower|p1a: Seismitoad
|-resisted|p1a: Seismitoad
|-damage|p1a: Seismitoad|56/100
|
|-weather|Sandstorm|[upkeep]
|-damage|p2a: Face of Abyss|70/100|[from] Sandstorm
|-heal|p2a: Face of Abyss|76/100|[from] item: Leftovers
|-heal|p1a: Seismitoad|62/100|[from] item: Leftovers
|upkeep
|turn|18
|
|move|p2a: Face of Abyss|U-turn|p1a: Seismitoad
|-damage|p1a: Seismitoad|51/100
|
|switch|p2a: Tree of Life|Ferrothorn, M|90/100|[from]move: U-turn
|-damage|p2a: Tree of Life|73/100|[from] Spikes
|-damage|p2a: Tree of Life|67/100|[from] Stealth Rock
|move|p1a: Seismitoad|Knock Off|p2a: Tree of Life
|-resisted|p2a: Tree of Life
|-damage|p2a: Tree of Life|65/100
|-damage|p1a: Seismitoad|39/100|[from] ability: Iron Barbs|[of] p2a: Tree of Life
|-enditem|p2a: Tree of Life|Leftovers|[from] move: Knock Off|[of] p1a: Seismitoad
|
|-weather|Sandstorm|[upkeep]
|-heal|p1a: Seismitoad|45/100|[from] item: Leftovers
|upkeep
|turn|19
|
|switch|p1a: Excadrill|Excadrill, F|100/100
|-damage|p1a: Excadrill|88/100|[from] Spikes
|-damage|p1a: Excadrill|85/100|[from] Stealth Rock
|move|p2a: Tree of Life|Spikes|p1a: Excadrill
|-sidestart|p1: BKC LADDER ACC|Spikes
|
|-weather|Sandstorm|[upkeep]
|-heal|p1a: Excadrill|91/100|[from] item: Leftovers
|upkeep
|turn|20
|
|move|p1a: Excadrill|Rapid Spin|p2a: Tree of Life
|-resisted|p2a: Tree of Life
|-damage|p2a: Tree of Life|63/100
|-damage|p1a: Excadrill|79/100|[from] ability: Iron Barbs|[of] p2a: Tree of Life
|-sideend|p1: BKC LADDER ACC|Spikes|[from] move: Rapid Spin|[of] p1a: Excadrill
|-sideend|p1: BKC LADDER ACC|Stealth Rock|[from] move: Rapid Spin|[of] p1a: Excadrill
|move|p2a: Tree of Life|Leech Seed|p1a: Excadrill
|-start|p1a: Excadrill|move: Leech Seed
|
|-weather|Sandstorm|[upkeep]
|-heal|p1a: Excadrill|85/100|[from] item: Leftovers
|-damage|p1a: Excadrill|73/100|[from] Leech Seed|[of] p2a: Tree of Life
|-heal|p2a: Tree of Life|76/100|[silent]
|upkeep
|turn|21
|
|switch|p1a: Skarmory|Skarmory, F|84/100
|move|p2a: Tree of Life|Spikes|p1a: Skarmory
|-sidestart|p1: BKC LADDER ACC|Spikes
|
|-weather|Sandstorm|[upkeep]
|upkeep
|turn|22
|
|switch|p2a: Face of Abyss|Hydreigon, M|76/100
|-damage|p2a: Face of Abyss|64/100|[from] Stealth Rock
|move|p1a: Skarmory|Taunt|p2a: Face of Abyss
|-start|p2a: Face of Abyss|move: Taunt
|
|-weather|Sandstorm|[upkeep]
|-damage|p2a: Face of Abyss|57/100|[from] Sandstorm
|-heal|p2a: Face of Abyss|64/100|[from] item: Leftovers
|upkeep
|turn|23
|
|switch|p1a: Tyranitar|Tyranitar, M|54/100
|-damage|p1a: Tyranitar|42/100|[from] Spikes
|move|p2a: Face of Abyss|U-turn|p1a: Tyranitar
|-supereffective|p1a: Tyranitar
|-damage|p1a: Tyranitar|18/100
|
|switch|p2a: Flat Earth|Landorus-Therian, M|33/100|[from]move: U-turn
|-damage|p2a: Flat Earth|20/100|[from] Stealth Rock
|-ability|p2a: Flat Earth|Intimidate|boost
|-unboost|p1a: Tyranitar|atk|1
|
|-weather|Sandstorm|[upkeep]
|upkeep
|turn|24
|
|switch|p1a: Skarmory|Skarmory, F|84/100
|move|p2a: Flat Earth|Stealth Rock|p1a: Skarmory
|-sidestart|p1: BKC LADDER ACC|move: Stealth Rock
|
|-weather|Sandstorm|[upkeep]
|upkeep
|turn|25
|
|switch|p2a: Face of Abyss|Hydreigon, M|64/100
|-damage|p2a: Face of Abyss|51/100|[from] Stealth Rock
|move|p1a: Skarmory|Spikes|p2a: Face of Abyss
|-sidestart|p2: Fabianosizour|Spikes
|
|-weather|Sandstorm|[upkeep]
|-damage|p2a: Face of Abyss|45/100|[from] Sandstorm
|-heal|p2a: Face of Abyss|51/100|[from] item: Leftovers
|upkeep
|turn|26
|
|switch|p1a: Tyranitar|Tyranitar, M|18/100
|-damage|p1a: Tyranitar|5/100|[from] Spikes
|-damage|p1a: Tyranitar|0 fnt|[from] Stealth Rock
|faint|p1a: Tyranitar
|move|p2a: Face of Abyss|Roost|p2a: Face of Abyss
|-heal|p2a: Face of Abyss|100/100
|-singleturn|p2a: Face of Abyss|move: Roost
|
|-weather|Sandstorm|[upkeep]
|-damage|p2a: Face of Abyss|94/100|[from] Sandstorm
|-heal|p2a: Face of Abyss|100/100|[from] item: Leftovers
|upkeep
|
|switch|p1a: Latios|Latios, M|47/100
|-damage|p1a: Latios|34/100|[from] Stealth Rock
|turn|27
|
|switch|p2a: Tree of Life|Ferrothorn, M|76/100
|-damage|p2a: Tree of Life|70/100|[from] Stealth Rock
|-damage|p2a: Tree of Life|45/100|[from] Spikes
|move|p1a: Latios|Recover|p1a: Latios
|-heal|p1a: Latios|84/100
|
|-weather|Sandstorm|[upkeep]
|-damage|p1a: Latios|78/100|[from] Sandstorm
|upkeep
|turn|28
|
|switch|p1a: Excadrill|Excadrill, F|73/100
|-damage|p1a: Excadrill|61/100|[from] Spikes
|-damage|p1a: Excadrill|58/100|[from] Stealth Rock
|move|p2a: Tree of Life|Leech Seed|p1a: Excadrill
|-start|p1a: Excadrill|move: Leech Seed
|
|-weather|Sandstorm|[upkeep]
|-heal|p1a: Excadrill|64/100|[from] item: Leftovers
|-damage|p1a: Excadrill|52/100|[from] Leech Seed|[of] p2a: Tree of Life
|-heal|p2a: Tree of Life|58/100|[silent]
|upkeep
|turn|29
|
|move|p2a: Tree of Life|Protect|p2a: Tree of Life
|-singleturn|p2a: Tree of Life|Protect
|move|p1a: Excadrill|Rapid Spin|p2a: Tree of Life
|-activate|p2a: Tree of Life|move: Protect
|
|-weather|Sandstorm|[upkeep]
|-heal|p1a: Excadrill|58/100|[from] item: Leftovers
|-damage|p1a: Excadrill|45/100|[from] Leech Seed|[of] p2a: Tree of Life
|-heal|p2a: Tree of Life|71/100|[silent]
|upkeep
|turn|30
|
|move|p1a: Excadrill|Rapid Spin|p2a: Tree of Life
|-resisted|p2a: Tree of Life
|-damage|p2a: Tree of Life|68/100
|-damage|p1a: Excadrill|33/100|[from] ability: Iron Barbs|[of] p2a: Tree of Life
|-end|p1a: Excadrill|Leech Seed|[from] move: Rapid Spin|[of] p1a: Excadrill
|-sideend|p1: BKC LADDER ACC|Spikes|[from] move: Rapid Spin|[of] p1a: Excadrill
|-sideend|p1: BKC LADDER ACC|Stealth Rock|[from] move: Rapid Spin|[of] p1a: Excadrill
|move|p2a: Tree of Life|Spikes|p1a: Excadrill
|-sidestart|p1: BKC LADDER ACC|Spikes
|
|-weather|Sandstorm|[upkeep]
|-heal|p1a: Excadrill|39/100|[from] item: Leftovers
|upkeep
|turn|31
|
|switch|p1a: Skarmory|Skarmory, F|84/100
|move|p2a: Tree of Life|Spikes|p1a: Skarmory
|-sidestart|p1: BKC LADDER ACC|Spikes
|
|-weather|Sandstorm|[upkeep]
|upkeep
|turn|32
|
|switch|p2a: Face of Abyss|Hydreigon, M|100/100
|-damage|p2a: Face of Abyss|88/100|[from] Stealth Rock
|move|p1a: Skarmory|Whirlwind|p2a: Face of Abyss
|drag|p2a: Tree of Silicon|Scizor, M|44/100
|-damage|p2a: Tree of Silicon|32/100|[from] Stealth Rock
|-damage|p2a: Tree of Silicon|7/100|[from] Spikes
|
|-weather|Sandstorm|[upkeep]
|-heal|p2a: Tree of Silicon|13/100|[from] item: Leftovers
|upkeep
|turn|33
|
|move|p2a: Tree of Silicon|Roost|p2a: Tree of Silicon
|-heal|p2a: Tree of Silicon|63/100
|-singleturn|p2a: Tree of Silicon|move: Roost
|move|p1a: Skarmory|Taunt|p2a: Tree of Silicon
|-start|p2a: Tree of Silicon|move: Taunt
|
|-weather|Sandstorm|[upkeep]
|-heal|p2a: Tree of Silicon|70/100|[from] item: Leftovers
|upkeep
|turn|34
|
|move|p2a: Tree of Silicon|U-turn|p1a: Skarmory
|-resisted|p1a: Skarmory
|-damage|p1a: Skarmory|79/100
|-damage|p2a: Tree of Silicon|53/100|[from] item: Rocky Helmet|[of] p1a: Skarmory
|
|switch|p2a: Face of Abyss|Hydreigon, M|88/100|[from]move: U-turn
|-damage|p2a: Face of Abyss|76/100|[from] Stealth Rock
|move|p1a: Skarmory|Whirlwind|p2a: Face of Abyss
|drag|p2a: Tree of Life|Ferrothorn, M|68/100
|-damage|p2a: Tree of Life|62/100|[from] Stealth Rock
|-damage|p2a: Tree of Life|37/100|[from] Spikes
|
|-weather|Sandstorm|[upkeep]
|upkeep
|turn|35
|
|move|p2a: Tree of Life|Protect|p2a: Tree of Life
|-singleturn|p2a: Tree of Life|Protect
|move|p1a: Skarmory|Taunt|p2a: Tree of Life
|-activate|p2a: Tree of Life|move: Protect
|
|-weather|Sandstorm|[upkeep]
|upkeep
|turn|36
|
|switch|p2a: Face of Abyss|Hydreigon, M|76/100
|-damage|p2a: Face of Abyss|64/100|[from] Stealth Rock
|move|p1a: Skarmory|Taunt|p2a: Face of Abyss
|-start|p2a: Face of Abyss|move: Taunt
|
|-weather|Sandstorm|[upkeep]
|-damage|p2a: Face of Abyss|57/100|[from] Sandstorm
|-heal|p2a: Face of Abyss|64/100|[from] item: Leftovers
|upkeep
|turn|37
|
|switch|p1a: Seismitoad|Seismitoad, F|45/100
|-damage|p1a: Seismitoad|28/100|[from] Spikes
|move|p2a: Face of Abyss|U-turn|p1a: Seismitoad
|-crit|p1a: Seismitoad
|-damage|p1a: Seismitoad|6/100
|
|switch|p2a: Firmament|Latios, M|100/100|[from]move: U-turn
|-damage|p2a: Firmament|88/100|[from] Stealth Rock
|
|-weather|Sandstorm|[upkeep]
|-damage|p2a: Firmament|82/100|[from] Sandstorm
|-heal|p1a: Seismitoad|12/100|[from] item: Leftovers
|upkeep
|turn|38
|
|move|p2a: Firmament|Ice Beam|p1a: Seismitoad
|-damage|p1a: Seismitoad|0 fnt
|faint|p1a: Seismitoad
|
|-weather|Sandstorm|[upkeep]
|-damage|p2a: Firmament|76/100|[from] Sandstorm
|upkeep
|
|switch|p1a: Latios|Latios, M|78/100
|turn|39
|inactive|Fabianosizour has 120 seconds left.
|inactive|Fabianosizour has 90 seconds left.
|
|switch|p2a: Tree of Life|Ferrothorn, M|37/100
|-damage|p2a: Tree of Life|12/100|[from] Spikes
|-damage|p2a: Tree of Life|6/100|[from] Stealth Rock
|move|p1a: Latios|Draco Meteor|p2a: Tree of Life
|-resisted|p2a: Tree of Life
|-damage|p2a: Tree of Life|0 fnt
|-unboost|p1a: Latios|spa|2
|faint|p2a: Tree of Life
|
|-weather|Sandstorm|[upkeep]
|-damage|p1a: Latios|72/100|[from] Sandstorm
|upkeep
|
|switch|p2a: Firmament|Latios, M|76/100
|-damage|p2a: Firmament|64/100|[from] Stealth Rock
|turn|40
|inactive|Fabianosizour has 90 seconds left.
|
|switch|p1a: Skarmory|Skarmory, F|79/100
|move|p2a: Firmament|Draco Meteor|p1a: Skarmory
|-resisted|p1a: Skarmory
|-damage|p1a: Skarmory|43/100
|-unboost|p2a: Firmament|spa|2
|
|-weather|Sandstorm|[upkeep]
|-damage|p2a: Firmament|58/100|[from] Sandstorm
|upkeep
|turn|41
|inactive|Fabianosizour has 90 seconds left.
|
|switch|p2a: Face of Abyss|Hydreigon, M|64/100
|-damage|p2a: Face of Abyss|51/100|[from] Stealth Rock
|move|p1a: Skarmory|Roost|p1a: Skarmory
|-heal|p1a: Skarmory|93/100
|-singleturn|p1a: Skarmory|move: Roost
|
|-weather|Sandstorm|[upkeep]
|-damage|p2a: Face of Abyss|45/100|[from] Sandstorm
|-heal|p2a: Face of Abyss|51/100|[from] item: Leftovers
|upkeep
|turn|42
|inactive|Fabianosizour has 90 seconds left.
|
|move|p2a: Face of Abyss|Dark Pulse|p1a: Skarmory
|-resisted|p1a: Skarmory
|-damage|p1a: Skarmory|76/100
|move|p1a: Skarmory|Whirlwind|p2a: Face of Abyss
|drag|p2a: Flat Earth|Landorus-Therian, M|20/100
|-damage|p2a: Flat Earth|8/100|[from] Stealth Rock
|-ability|p2a: Flat Earth|Intimidate|boost
|-unboost|p1a: Skarmory|atk|1
|
|-weather|Sandstorm|[upkeep]
|upkeep
|turn|43
|
|move|p2a: Flat Earth|Stealth Rock|p1a: Skarmory
|-sidestart|p1: BKC LADDER ACC|move: Stealth Rock
|move|p1a: Skarmory|Taunt|p2a: Flat Earth
|-start|p2a: Flat Earth|move: Taunt
|
|-weather|Sandstorm|[upkeep]
|upkeep
|turn|44
|
|move|p2a: Flat Earth|U-turn|p1a: Skarmory
|-resisted|p1a: Skarmory
|-damage|p1a: Skarmory|71/100
|-damage|p2a: Flat Earth|0 fnt|[from] item: Rocky Helmet|[of] p1a: Skarmory
|faint|p2a: Flat Earth
|move|p1a: Skarmory|Whirlwind|p2: Flat Earth|[notarget]
|-fail|p1a: Skarmory
|
|-weather|Sandstorm|[upkeep]
|upkeep
|
|switch|p2a: Face of Abyss|Hydreigon, M|51/100
|-damage|p2a: Face of Abyss|39/100|[from] Stealth Rock
|turn|45
|
|switch|p1a: Landorus|Landorus-Therian, M|61/100
|-damage|p1a: Landorus|49/100|[from] Stealth Rock
|-ability|p1a: Landorus|Intimidate|boost
|-unboost|p2a: Face of Abyss|atk|1
|move|p2a: Face of Abyss|Roost|p2a: Face of Abyss
|-heal|p2a: Face of Abyss|89/100
|-singleturn|p2a: Face of Abyss|move: Roost
|
|-weather|Sandstorm|[upkeep]
|-damage|p2a: Face of Abyss|83/100|[from] Sandstorm
|-heal|p2a: Face of Abyss|89/100|[from] item: Leftovers
|upkeep
|turn|46
|inactive|Fabianosizour has 120 seconds left.
|
|move|p1a: Landorus|Superpower|p2a: Face of Abyss
|-supereffective|p2a: Face of Abyss
|-damage|p2a: Face of Abyss|0 fnt
|-unboost|p1a: Landorus|atk|1
|-unboost|p1a: Landorus|def|1
|faint|p2a: Face of Abyss
|
|-weather|Sandstorm|[upkeep]
|upkeep
|
|switch|p2a: Tree of Silicon|Scizor, M|53/100
|-damage|p2a: Tree of Silicon|41/100|[from] Stealth Rock
|-damage|p2a: Tree of Silicon|16/100|[from] Spikes
|turn|47
|inactive|Fabianosizour has 120 seconds left.
|c|☆Fabianosizour|I think I screwed up, but gg
|-message|Fabianosizour forfeited.
|
|win|BKC LADDER ACC
|l|‽BKC LADDER ACC
|raw|BKC LADDER ACC's rating: 1401 &rarr; <strong>1419</strong><br />(+18 for winning)
|raw|Fabianosizour's rating: 1369 &rarr; <strong>1351</strong><br />(-18 for losing)
