|j|☆dominique cross
|j|☆bw lordd moonman
|t:|1707601220
|gametype|singles
|player|p1|dominique cross|pokemonbreeder-gen4|1438
|player|p2|bw lordd moonman|miku-water|1543
|teamsize|p1|6
|teamsize|p2|6
|gen|5
|tier|[Gen 5] OU
|rated|
|rule|Species Clause: Limit one of each Pokémon
|rule|OHKO Clause: OHKO moves are banned
|rule|Moody Clause: Moody is banned
|rule|Evasion Items Clause: Evasion items are banned
|rule|Evasion Moves Clause: Evasion moves are banned
|rule|Endless Battle Clause: Forcing endless battles is banned
|rule|HP Percentage Mod: HP is shown in percentages
|rule|Evasion Abilities Clause: Evasion abilities are banned
|rule|Sleep Moves Clause: Sleep-inducing moves are banned
|rule|Swagger Clause: Swagger is banned
|rule|Baton Pass Stat Clause: No Baton Passer may have a way to boost its stats
|clearpoke
|poke|p1|Ninetales, F|item
|poke|p1|Donphan, F|item
|poke|p1|Heatran, M|item
|poke|p1|Blissey, F|item
|poke|p1|Cresselia, F|item
|poke|p1|Latios, M|item
|poke|p2|Excadrill, F|item
|poke|p2|Blissey, F|item
|poke|p2|Tyranitar, F|item
|poke|p2|Slowbro, F|item
|poke|p2|Zapdos|item
|poke|p2|Terrakion|item
|teampreview
|inactive|Battle timer is ON: inactive players will automatically lose when time's up. (requested by dominique cross)
|inactive|bw lordd moonman has 120 seconds left.
|
|t:|1707601259
|start
|switch|p1a: Donphan|Donphan, F|100/100
|switch|p2a: Slowbro|Slowbro, F|100/100
|turn|1
|
|t:|1707601271
|switch|p2a: Terrakion|Terrakion|100/100
|move|p1a: Donphan|Protect||[still]
|-fail|p1a: Donphan
|
|upkeep
|turn|2
|
|t:|1707601282
|switch|p2a: Slowbro|Slowbro, F|100/100
|move|p1a: Donphan|Toxic|p2a: Slowbro
|-status|p2a: Slowbro|tox
|
|-damage|p2a: Slowbro|94/100 tox|[from] psn
|upkeep
|turn|3
|
|t:|1707601285
|switch|p1a: Blissey|Blissey, F|100/100
|move|p2a: Slowbro|Slack Off|p2a: Slowbro
|-heal|p2a: Slowbro|100/100 tox
|
|-damage|p2a: Slowbro|88/100 tox|[from] psn
|upkeep
|turn|4
|
|t:|1707601290
|switch|p2a: Terrakion|Terrakion|100/100
|move|p1a: Blissey|Stealth Rock|p2a: Terrakion
|-sidestart|p2: bw lordd moonman|move: Stealth Rock
|
|upkeep
|turn|5
|
|t:|1707601296
|switch|p1a: Cresselia|Cresselia, F|100/100
|move|p2a: Terrakion|Close Combat|p1a: Cresselia
|-resisted|p1a: Cresselia
|-damage|p1a: Cresselia|78/100
|-unboost|p2a: Terrakion|def|1
|-unboost|p2a: Terrakion|spd|1
|
|-heal|p1a: Cresselia|84/100|[from] item: Leftovers
|upkeep
|turn|6
|
|t:|1707601301
|switch|p1a: Donphan|Donphan, F|100/100
|move|p2a: Terrakion|Close Combat|p1a: Donphan
|-damage|p1a: Donphan|42/100
|-unboost|p2a: Terrakion|def|1
|-unboost|p2a: Terrakion|spd|1
|
|-heal|p1a: Donphan|48/100|[from] item: Leftovers
|upkeep
|turn|7
|
|t:|1707601306
|move|p1a: Donphan|Protect|p1a: Donphan
|-singleturn|p1a: Donphan|Protect
|move|p2a: Terrakion|Close Combat|p1a: Donphan
|-activate|p1a: Donphan|move: Protect
|
|-heal|p1a: Donphan|54/100|[from] item: Leftovers
|upkeep
|turn|8
|
|t:|1707601310
|switch|p2a: Excadrill|Excadrill, F|100/100
|-damage|p2a: Excadrill|97/100|[from] Stealth Rock
|switch|p1a: Cresselia|Cresselia, F|84/100
|
|-heal|p2a: Excadrill|100/100|[from] item: Leftovers
|-heal|p1a: Cresselia|90/100|[from] item: Leftovers
|upkeep
|turn|9
|
|t:|1707601316
|move|p2a: Excadrill|Rapid Spin|p1a: Cresselia
|-damage|p1a: Cresselia|86/100
|-sideend|p2: bw lordd moonman|Stealth Rock|[from] move: Rapid Spin|[of] p2a: Excadrill
|move|p1a: Cresselia|Trick Room|p1a: Cresselia
|-fieldstart|move: Trick Room|[of] p1a: Cresselia
|
|-heal|p1a: Cresselia|92/100|[from] item: Leftovers
|upkeep
|turn|10
|
|t:|1707601325
|switch|p1a: Donphan|Donphan, F|54/100
|switch|p2a: Tyranitar|Tyranitar, F|100/100
|-weather|Sandstorm|[from] ability: Sand Stream|[of] p2a: Tyranitar
|
|-weather|Sandstorm|[upkeep]
|-heal|p1a: Donphan|60/100|[from] item: Leftovers
|upkeep
|turn|11
|
|t:|1707601333
|switch|p1a: Blissey|Blissey, F|100/100
|move|p2a: Tyranitar|Ice Punch|p1a: Blissey
|-damage|p1a: Blissey|74/100
|
|-weather|Sandstorm|[upkeep]
|-damage|p1a: Blissey|68/100|[from] Sandstorm
|-heal|p1a: Blissey|74/100|[from] item: Leftovers
|upkeep
|turn|12
|
|t:|1707601338
|switch|p2a: Excadrill|Excadrill, F|100/100
|move|p1a: Blissey|Wish|p1a: Blissey
|
|-weather|Sandstorm|[upkeep]
|-damage|p1a: Blissey|68/100|[from] Sandstorm
|-heal|p1a: Blissey|74/100|[from] item: Leftovers
|upkeep
|turn|13
|
|t:|1707601344
|switch|p1a: Donphan|Donphan, F|60/100
|move|p2a: Excadrill|Earthquake|p1a: Donphan
|-damage|p1a: Donphan|23/100
|
|-weather|Sandstorm|[upkeep]
|-heal|p1a: Donphan|100/100|[from] move: Wish|[wisher] Blissey
|-fieldend|move: Trick Room
|upkeep
|turn|14
|
|t:|1707601352
|switch|p2a: Slowbro|Slowbro, F|100/100 tox
|switch|p1a: Ninetales|Ninetales, F|100/100
|-weather|SunnyDay|[from] ability: Drought|[of] p1a: Ninetales
|
|-weather|SunnyDay|[upkeep]
|-damage|p2a: Slowbro|94/100 tox|[from] psn
|upkeep
|turn|15
|
|t:|1707601362
|switch|p1a: Donphan|Donphan, F|100/100
|switch|p2a: Zapdos|Zapdos|100/100
|-ability|p2a: Zapdos|Pressure
|
|-weather|SunnyDay|[upkeep]
|upkeep
|turn|16
|
|t:|1707601368
|move|p2a: Zapdos|Heat Wave|p1a: Donphan
|-damage|p1a: Donphan|46/100
|move|p1a: Donphan|Toxic|p2a: Zapdos
|-status|p2a: Zapdos|tox
|
|-weather|SunnyDay|[upkeep]
|-heal|p1a: Donphan|52/100|[from] item: Leftovers
|-damage|p2a: Zapdos|94/100 tox|[from] psn
|upkeep
|turn|17
|
|t:|1707601379
|move|p1a: Donphan|Protect|p1a: Donphan
|-singleturn|p1a: Donphan|Protect
|move|p2a: Zapdos|Heat Wave|p1a: Donphan
|-activate|p1a: Donphan|move: Protect
|
|-weather|SunnyDay|[upkeep]
|-heal|p2a: Zapdos|100/100 tox|[from] item: Leftovers
|-heal|p1a: Donphan|58/100|[from] item: Leftovers
|-damage|p2a: Zapdos|88/100 tox|[from] psn
|upkeep
|turn|18
|
|t:|1707601383
|move|p1a: Donphan|Protect||[still]
|-fail|p1a: Donphan
|move|p2a: Zapdos|Volt Switch|p1a: Donphan
|-immune|p1a: Donphan
|
|-weather|SunnyDay|[upkeep]
|-heal|p2a: Zapdos|94/100 tox|[from] item: Leftovers
|-heal|p1a: Donphan|64/100|[from] item: Leftovers
|-damage|p2a: Zapdos|75/100 tox|[from] psn
|upkeep
|turn|19
|
|t:|1707601390
|switch|p2a: Tyranitar|Tyranitar, F|100/100
|-weather|Sandstorm|[from] ability: Sand Stream|[of] p2a: Tyranitar
|move|p1a: Donphan|Earthquake|p2a: Tyranitar
|-supereffective|p2a: Tyranitar
|-damage|p2a: Tyranitar|18/100
|
|-weather|Sandstorm|[upkeep]
|-heal|p1a: Donphan|70/100|[from] item: Leftovers
|upkeep
|turn|20
|
|t:|1707601396
|switch|p2a: Slowbro|Slowbro, F|100/100 tox
|switch|p1a: Ninetales|Ninetales, F|100/100
|-weather|SunnyDay|[from] ability: Drought|[of] p1a: Ninetales
|
|-weather|SunnyDay|[upkeep]
|-damage|p2a: Slowbro|94/100 tox|[from] psn
|upkeep
|turn|21
|
|t:|1707601401
|switch|p1a: Blissey|Blissey, F|74/100
|move|p2a: Slowbro|Psychic|p1a: Blissey
|-damage|p1a: Blissey|64/100
|
|-weather|SunnyDay|[upkeep]
|-heal|p1a: Blissey|70/100|[from] item: Leftovers
|-damage|p2a: Slowbro|82/100 tox|[from] psn
|upkeep
|turn|22
|
|t:|1707601405
|switch|p2a: Terrakion|Terrakion|100/100
|move|p1a: Blissey|Stealth Rock|p2a: Terrakion
|-sidestart|p2: bw lordd moonman|move: Stealth Rock
|
|-weather|SunnyDay|[upkeep]
|-heal|p1a: Blissey|77/100|[from] item: Leftovers
|upkeep
|turn|23
|
|t:|1707601408
|switch|p1a: Cresselia|Cresselia, F|92/100
|move|p2a: Terrakion|Stone Edge|p1a: Cresselia
|-damage|p1a: Cresselia|56/100
|
|-weather|SunnyDay|[upkeep]
|-heal|p1a: Cresselia|62/100|[from] item: Leftovers
|upkeep
|turn|24
|
|t:|1707601416
|switch|p2a: Excadrill|Excadrill, F|100/100
|-damage|p2a: Excadrill|97/100|[from] Stealth Rock
|switch|p1a: Donphan|Donphan, F|70/100
|
|-weather|SunnyDay|[upkeep]
|-heal|p2a: Excadrill|100/100|[from] item: Leftovers
|-heal|p1a: Donphan|76/100|[from] item: Leftovers
|upkeep
|turn|25
|
|t:|1707601421
|switch|p2a: Slowbro|Slowbro, F|100/100 tox
|-damage|p2a: Slowbro|88/100 tox|[from] Stealth Rock
|move|p1a: Donphan|Earthquake|p2a: Slowbro
|-damage|p2a: Slowbro|64/100 tox
|
|-weather|SunnyDay|[upkeep]
|-heal|p1a: Donphan|82/100|[from] item: Leftovers
|-damage|p2a: Slowbro|58/100 tox|[from] psn
|upkeep
|turn|26
|
|t:|1707601425
|switch|p1a: Heatran|Heatran, M|100/100
|move|p2a: Slowbro|Scald|p1a: Heatran
|-supereffective|p1a: Heatran
|-damage|p1a: Heatran|77/100
|
|-weather|SunnyDay|[upkeep]
|-damage|p2a: Slowbro|46/100 tox|[from] psn
|upkeep
|turn|27
|
|t:|1707601431
|switch|p2a: Blissey|Blissey, F|100/100
|-damage|p2a: Blissey|88/100|[from] Stealth Rock
|move|p1a: Heatran|Eruption|p2a: Blissey
|-damage|p2a: Blissey|34/100
|
|-weather|SunnyDay|[upkeep]
|-heal|p2a: Blissey|40/100|[from] item: Leftovers
|upkeep
|turn|28
|
|t:|1707601437
|switch|p2a: Terrakion|Terrakion|100/100
|-damage|p2a: Terrakion|94/100|[from] Stealth Rock
|move|p1a: Heatran|Eruption|p2a: Terrakion
|-resisted|p2a: Terrakion
|-damage|p2a: Terrakion|15/100
|
|-weather|SunnyDay|[upkeep]
|upkeep
|turn|29
|
|t:|1707601444
|switch|p1a: Latios|Latios, M|100/100
|move|p2a: Terrakion|X-Scissor|p1a: Latios
|-supereffective|p1a: Latios
|-damage|p1a: Latios|0 fnt
|faint|p1a: Latios
|
|-weather|SunnyDay|[upkeep]
|upkeep
|
|t:|1707601453
|switch|p1a: Heatran|Heatran, M|77/100
|turn|30
|
|t:|1707601458
|switch|p2a: Tyranitar|Tyranitar, F|18/100
|-damage|p2a: Tyranitar|5/100|[from] Stealth Rock
|-weather|Sandstorm|[from] ability: Sand Stream|[of] p2a: Tyranitar
|move|p1a: Heatran|Flamethrower|p2a: Tyranitar
|-resisted|p2a: Tyranitar
|-damage|p2a: Tyranitar|0 fnt
|faint|p2a: Tyranitar
|
|-weather|Sandstorm|[upkeep]
|upkeep
|
|t:|1707601462
|switch|p2a: Excadrill|Excadrill, F|100/100
|-damage|p2a: Excadrill|97/100|[from] Stealth Rock
|turn|31
|
|t:|1707601466
|switch|p1a: Ninetales|Ninetales, F|100/100
|-weather|SunnyDay|[from] ability: Drought|[of] p1a: Ninetales
|move|p2a: Excadrill|Earthquake|p1a: Ninetales
|-supereffective|p1a: Ninetales
|-crit|p1a: Ninetales
|-damage|p1a: Ninetales|0 fnt
|faint|p1a: Ninetales
|
|-weather|SunnyDay|[upkeep]
|-heal|p2a: Excadrill|100/100|[from] item: Leftovers
|upkeep
|
|t:|1707601468
|switch|p1a: Donphan|Donphan, F|82/100
|turn|32
|
|t:|1707601473
|switch|p2a: Slowbro|Slowbro, F|79/100 tox
|-damage|p2a: Slowbro|67/100 tox|[from] Stealth Rock
|move|p1a: Donphan|Earthquake|p2a: Slowbro
|-damage|p2a: Slowbro|43/100 tox
|
|-weather|SunnyDay|[upkeep]
|-heal|p1a: Donphan|88/100|[from] item: Leftovers
|-damage|p2a: Slowbro|37/100 tox|[from] psn
|upkeep
|turn|33
|
|t:|1707601477
|switch|p1a: Blissey|Blissey, F|77/100
|move|p2a: Slowbro|Slack Off|p2a: Slowbro
|-heal|p2a: Slowbro|87/100 tox
|
|-weather|SunnyDay|[upkeep]
|-heal|p1a: Blissey|83/100|[from] item: Leftovers
|-damage|p2a: Slowbro|75/100 tox|[from] psn
|upkeep
|turn|34
|
|t:|1707601484
|switch|p2a: Excadrill|Excadrill, F|100/100
|-damage|p2a: Excadrill|97/100|[from] Stealth Rock
|move|p1a: Blissey|Wish|p1a: Blissey
|
|-weather|SunnyDay|[upkeep]
|-heal|p2a: Excadrill|100/100|[from] item: Leftovers
|-heal|p1a: Blissey|89/100|[from] item: Leftovers
|upkeep
|turn|35
|
|t:|1707601489
|switch|p1a: Cresselia|Cresselia, F|62/100
|move|p2a: Excadrill|Rapid Spin|p1a: Cresselia
|-damage|p1a: Cresselia|59/100
|-sideend|p2: bw lordd moonman|Stealth Rock|[from] move: Rapid Spin|[of] p2a: Excadrill
|
|-weather|SunnyDay|[upkeep]
|-heal|p1a: Cresselia|100/100|[from] move: Wish|[wisher] Blissey
|upkeep
|turn|36
|
|t:|1707601494
|switch|p2a: Blissey|Blissey, F|40/100
|move|p1a: Cresselia|Trick Room|p1a: Cresselia
|-fieldstart|move: Trick Room|[of] p1a: Cresselia
|
|-weather|SunnyDay|[upkeep]
|-heal|p2a: Blissey|46/100|[from] item: Leftovers
|upkeep
|turn|37
|
|t:|1707601498
|switch|p1a: Blissey|Blissey, F|89/100
|move|p2a: Blissey|Soft-Boiled|p2a: Blissey
|-heal|p2a: Blissey|96/100
|
|-weather|SunnyDay|[upkeep]
|-heal|p2a: Blissey|100/100|[from] item: Leftovers
|-heal|p1a: Blissey|95/100|[from] item: Leftovers
|upkeep
|turn|38
|
|t:|1707601502
|move|p2a: Blissey|Stealth Rock|p1a: Blissey
|-sidestart|p1: dominique cross|move: Stealth Rock
|move|p1a: Blissey|Wish|p1a: Blissey
|
|-weather|SunnyDay|[upkeep]
|-heal|p1a: Blissey|100/100|[from] item: Leftovers
|upkeep
|turn|39
|
|t:|1707601506
|switch|p1a: Heatran|Heatran, M|77/100
|-damage|p1a: Heatran|64/100|[from] Stealth Rock
|move|p2a: Blissey|Thunder Wave|p1a: Heatran
|-status|p1a: Heatran|par
|
|-weather|SunnyDay|[upkeep]
|-heal|p1a: Heatran|100/100 par|[from] move: Wish|[wisher] Blissey
|upkeep
|turn|40
|
|t:|1707601509
|move|p1a: Heatran|Eruption|p2a: Blissey
|-damage|p2a: Blissey|29/100
|move|p2a: Blissey|Soft-Boiled|p2a: Blissey
|-heal|p2a: Blissey|79/100
|
|-weather|SunnyDay|[upkeep]
|-heal|p2a: Blissey|85/100|[from] item: Leftovers
|-fieldend|move: Trick Room
|upkeep
|turn|41
|
|t:|1707601513
|switch|p1a: Blissey|Blissey, F|100/100
|-damage|p1a: Blissey|88/100|[from] Stealth Rock
|move|p2a: Blissey|Seismic Toss|p1a: Blissey
|-damage|p1a: Blissey|74/100
|
|-weather|SunnyDay|[upkeep]
|-heal|p1a: Blissey|80/100|[from] item: Leftovers
|-heal|p2a: Blissey|91/100|[from] item: Leftovers
|upkeep
|turn|42
|
|t:|1707601516
|switch|p2a: Terrakion|Terrakion|15/100
|move|p1a: Blissey|Wish|p1a: Blissey
|
|-weather|SunnyDay|[upkeep]
|-heal|p1a: Blissey|86/100|[from] item: Leftovers
|upkeep
|turn|43
|
|t:|1707601519
|switch|p1a: Donphan|Donphan, F|88/100
|-damage|p1a: Donphan|82/100|[from] Stealth Rock
|move|p2a: Terrakion|Close Combat|p1a: Donphan
|-damage|p1a: Donphan|26/100
|-unboost|p2a: Terrakion|def|1
|-unboost|p2a: Terrakion|spd|1
|
|-weather|SunnyDay|[upkeep]
|-heal|p1a: Donphan|100/100|[from] move: Wish|[wisher] Blissey
|upkeep
|turn|44
|
|t:|1707601528
|move|p2a: Terrakion|Close Combat|p1a: Donphan
|-damage|p1a: Donphan|45/100
|-unboost|p2a: Terrakion|def|1
|-unboost|p2a: Terrakion|spd|1
|move|p1a: Donphan|Rapid Spin|p2a: Terrakion
|-resisted|p2a: Terrakion
|-damage|p2a: Terrakion|9/100
|-sideend|p1: dominique cross|Stealth Rock|[from] move: Rapid Spin|[of] p1a: Donphan
|
|-weather|SunnyDay|[upkeep]
|-heal|p1a: Donphan|51/100|[from] item: Leftovers
|upkeep
|turn|45
|
|t:|1707601532
|move|p1a: Donphan|Protect|p1a: Donphan
|-singleturn|p1a: Donphan|Protect
|move|p2a: Terrakion|Close Combat|p1a: Donphan
|-activate|p1a: Donphan|move: Protect
|
|-weather|SunnyDay|[upkeep]
|-heal|p1a: Donphan|57/100|[from] item: Leftovers
|upkeep
|turn|46
|
|t:|1707601536
|switch|p2a: Slowbro|Slowbro, F|100/100 tox
|switch|p1a: Cresselia|Cresselia, F|100/100
|
|-weather|SunnyDay|[upkeep]
|-damage|p2a: Slowbro|94/100 tox|[from] psn
|upkeep
|turn|47
|
|t:|1707601539
|switch|p1a: Blissey|Blissey, F|86/100
|switch|p2a: Terrakion|Terrakion|9/100
|
|-weather|SunnyDay|[upkeep]
|-heal|p1a: Blissey|93/100|[from] item: Leftovers
|upkeep
|turn|48
|
|t:|1707601542
|switch|p1a: Cresselia|Cresselia, F|100/100
|move|p2a: Terrakion|Close Combat|p1a: Cresselia
|-resisted|p1a: Cresselia
|-crit|p1a: Cresselia
|-damage|p1a: Cresselia|54/100
|-unboost|p2a: Terrakion|def|1
|-unboost|p2a: Terrakion|spd|1
|
|-weather|SunnyDay|[upkeep]
|-heal|p1a: Cresselia|60/100|[from] item: Leftovers
|upkeep
|turn|49
|
|t:|1707601545
|switch|p2a: Excadrill|Excadrill, F|100/100
|move|p1a: Cresselia|Moonlight|p1a: Cresselia
|-heal|p1a: Cresselia|100/100
|
|-weather|SunnyDay|[upkeep]
|upkeep
|turn|50
|
|t:|1707601549
|move|p2a: Excadrill|Swords Dance|p2a: Excadrill
|-boost|p2a: Excadrill|atk|2
|move|p1a: Cresselia|Trick Room|p1a: Cresselia
|-fieldstart|move: Trick Room|[of] p1a: Cresselia
|
|-weather|SunnyDay|[upkeep]
|upkeep
|turn|51
|
|t:|1707601557
|switch|p1a: Donphan|Donphan, F|57/100
|move|p2a: Excadrill|Earthquake|p1a: Donphan
|-damage|p1a: Donphan|0 fnt
|faint|p1a: Donphan
|
|-weather|SunnyDay|[upkeep]
|upkeep
|
|t:|1707601558
|switch|p1a: Heatran|Heatran, M|100/100 par
|turn|52
|
|t:|1707601564
|switch|p2a: Zapdos|Zapdos|75/100 tox
|-ability|p2a: Zapdos|Pressure
|cant|p1a: Heatran|par
|
|-weather|SunnyDay|[upkeep]
|-heal|p2a: Zapdos|82/100 tox|[from] item: Leftovers
|-damage|p2a: Zapdos|75/100 tox|[from] psn
|upkeep
|turn|53
|
|t:|1707601568
|move|p1a: Heatran|Eruption|p2a: Zapdos
|-damage|p2a: Zapdos|0 fnt
|faint|p2a: Zapdos
|
|-weather|SunnyDay|[upkeep]
|upkeep
|
|t:|1707601571
|switch|p2a: Blissey|Blissey, F|91/100
|turn|54
|
|t:|1707601575
|move|p1a: Heatran|Eruption|p2a: Blissey
|-damage|p2a: Blissey|21/100
|move|p2a: Blissey|Soft-Boiled|p2a: Blissey
|-heal|p2a: Blissey|71/100
|
|-weather|SunnyDay|[upkeep]
|-heal|p2a: Blissey|77/100|[from] item: Leftovers
|-fieldend|move: Trick Room
|upkeep
|turn|55
|
|t:|1707601580
|switch|p2a: Terrakion|Terrakion|9/100
|switch|p1a: Cresselia|Cresselia, F|100/100
|
|-weather|SunnyDay|[upkeep]
|upkeep
|turn|56
|
|t:|1707601584
|move|p2a: Terrakion|Stone Edge|p1a: Cresselia|[miss]
|-miss|p2a: Terrakion|p1a: Cresselia
|move|p1a: Cresselia|Trick Room|p1a: Cresselia
|-fieldstart|move: Trick Room|[of] p1a: Cresselia
|
|-weather|SunnyDay|[upkeep]
|upkeep
|turn|57
|
|t:|1707601587
|switch|p2a: Excadrill|Excadrill, F|100/100
|move|p1a: Cresselia|Ice Beam|p2a: Excadrill
|-damage|p2a: Excadrill|74/100
|
|-weather|SunnyDay|[upkeep]
|-heal|p2a: Excadrill|81/100|[from] item: Leftovers
|upkeep
|turn|58
|
|t:|1707601590
|move|p1a: Cresselia|Ice Beam|p2a: Excadrill
|-damage|p2a: Excadrill|57/100
|move|p2a: Excadrill|Swords Dance|p2a: Excadrill
|-boost|p2a: Excadrill|atk|2
|
|-weather|SunnyDay|[upkeep]
|-heal|p2a: Excadrill|63/100|[from] item: Leftovers
|upkeep
|turn|59
|
|t:|1707601594
|switch|p1a: Heatran|Heatran, M|100/100 par
|move|p2a: Excadrill|Iron Head|p1a: Heatran
|-resisted|p1a: Heatran
|-damage|p1a: Heatran|82/100 par
|
|-weather|SunnyDay|[upkeep]
|-heal|p2a: Excadrill|69/100|[from] item: Leftovers
|upkeep
|turn|60
|
|t:|1707601597
|switch|p2a: Blissey|Blissey, F|77/100
|move|p1a: Heatran|Flamethrower|p2a: Blissey
|-damage|p2a: Blissey|36/100
|
|-weather|SunnyDay|[upkeep]
|-heal|p2a: Blissey|42/100|[from] item: Leftovers
|-fieldend|move: Trick Room
|upkeep
|turn|61
|
|t:|1707601601
|move|p2a: Blissey|Soft-Boiled|p2a: Blissey
|-heal|p2a: Blissey|92/100
|cant|p1a: Heatran|par
|
|-weather|SunnyDay|[upkeep]
|-heal|p2a: Blissey|98/100|[from] item: Leftovers
|upkeep
|turn|62
|
|t:|1707601605
|switch|p1a: Blissey|Blissey, F|93/100
|move|p2a: Blissey|Stealth Rock|p1a: Blissey
|-sidestart|p1: dominique cross|move: Stealth Rock
|
|-weather|SunnyDay|[upkeep]
|-heal|p1a: Blissey|99/100|[from] item: Leftovers
|-heal|p2a: Blissey|100/100|[from] item: Leftovers
|upkeep
|turn|63
|
|t:|1707601609
|switch|p2a: Excadrill|Excadrill, F|69/100
|move|p1a: Blissey|Seismic Toss|p2a: Excadrill
|-damage|p2a: Excadrill|41/100
|
|-weather|SunnyDay|[upkeep]
|-heal|p2a: Excadrill|47/100|[from] item: Leftovers
|-heal|p1a: Blissey|100/100|[from] item: Leftovers
|upkeep
|turn|64
|
|t:|1707601614
|move|p2a: Excadrill|Swords Dance|p2a: Excadrill
|-boost|p2a: Excadrill|atk|2
|move|p1a: Blissey|Seismic Toss|p2a: Excadrill
|-damage|p2a: Excadrill|20/100
|
|-weather|SunnyDay|[upkeep]
|-heal|p2a: Excadrill|26/100|[from] item: Leftovers
|upkeep
|turn|65
|
|t:|1707601618
|switch|p1a: Cresselia|Cresselia, F|100/100
|-damage|p1a: Cresselia|88/100|[from] Stealth Rock
|move|p2a: Excadrill|Earthquake|p1a: Cresselia
|-immune|p1a: Cresselia|[from] ability: Levitate
|
|-weather|SunnyDay|[upkeep]
|-heal|p2a: Excadrill|32/100|[from] item: Leftovers
|-heal|p1a: Cresselia|94/100|[from] item: Leftovers
|upkeep
|turn|66
|
|t:|1707601620
|move|p2a: Excadrill|Iron Head|p1a: Cresselia
|-damage|p1a: Cresselia|52/100
|move|p1a: Cresselia|Trick Room|p1a: Cresselia
|-fieldstart|move: Trick Room|[of] p1a: Cresselia
|
|-weather|SunnyDay|[upkeep]
|-heal|p1a: Cresselia|58/100|[from] item: Leftovers
|-heal|p2a: Excadrill|38/100|[from] item: Leftovers
|upkeep
|turn|67
|
|t:|1707601624
|move|p1a: Cresselia|Ice Beam|p2a: Excadrill
|-damage|p2a: Excadrill|15/100
|move|p2a: Excadrill|Iron Head|p1a: Cresselia
|-damage|p1a: Cresselia|17/100
|
|-weather|SunnyDay|[upkeep]
|-heal|p1a: Cresselia|23/100|[from] item: Leftovers
|-heal|p2a: Excadrill|21/100|[from] item: Leftovers
|upkeep
|turn|68
|
|t:|1707601634
|move|p1a: Cresselia|Moonlight|p1a: Cresselia
|-heal|p1a: Cresselia|90/100
|move|p2a: Excadrill|Iron Head|p1a: Cresselia
|-damage|p1a: Cresselia|52/100
|
|-weather|SunnyDay|[upkeep]
|-heal|p1a: Cresselia|59/100|[from] item: Leftovers
|-heal|p2a: Excadrill|27/100|[from] item: Leftovers
|upkeep
|turn|69
|
|t:|1707601638
|move|p1a: Cresselia|Ice Beam|p2a: Excadrill
|-damage|p2a: Excadrill|5/100
|move|p2a: Excadrill|Iron Head|p1a: Cresselia
|-damage|p1a: Cresselia|17/100
|
|-weather|SunnyDay|[upkeep]
|-heal|p1a: Cresselia|23/100|[from] item: Leftovers
|-heal|p2a: Excadrill|11/100|[from] item: Leftovers
|upkeep
|turn|70
|
|t:|1707601641
|move|p1a: Cresselia|Moonlight|p1a: Cresselia
|-heal|p1a: Cresselia|89/100
|move|p2a: Excadrill|Iron Head|p1a: Cresselia
|-damage|p1a: Cresselia|48/100
|
|-weather|SunnyDay|[upkeep]
|-heal|p1a: Cresselia|54/100|[from] item: Leftovers
|-heal|p2a: Excadrill|17/100|[from] item: Leftovers
|-fieldend|move: Trick Room
|upkeep
|turn|71
|
|t:|1707601644
|move|p2a: Excadrill|Iron Head|p1a: Cresselia
|-damage|p1a: Cresselia|12/100
|move|p1a: Cresselia|Trick Room|p1a: Cresselia
|-fieldstart|move: Trick Room|[of] p1a: Cresselia
|
|-weather|SunnyDay|[upkeep]
|-heal|p1a: Cresselia|18/100|[from] item: Leftovers
|-heal|p2a: Excadrill|23/100|[from] item: Leftovers
|upkeep
|turn|72
|
|t:|1707601648
|move|p1a: Cresselia|Ice Beam|p2a: Excadrill
|-damage|p2a: Excadrill|0 fnt
|faint|p2a: Excadrill
|
|-weather|SunnyDay|[upkeep]
|-heal|p1a: Cresselia|24/100|[from] item: Leftovers
|upkeep
|
|t:|1707601653
|switch|p2a: Blissey|Blissey, F|100/100
|turn|73
|
|t:|1707601658
|move|p2a: Blissey|Seismic Toss|p1a: Cresselia
|-damage|p1a: Cresselia|2/100
|move|p1a: Cresselia|Moonlight|p1a: Cresselia
|-heal|p1a: Cresselia|68/100
|
|-weather|SunnyDay|[upkeep]
|-heal|p1a: Cresselia|75/100|[from] item: Leftovers
|upkeep
|turn|74
|
|t:|1707601664
|switch|p1a: Blissey|Blissey, F|100/100
|-damage|p1a: Blissey|88/100|[from] Stealth Rock
|move|p2a: Blissey|Thunder Wave|p1a: Blissey
|-status|p1a: Blissey|par
|
|-weather|SunnyDay|[upkeep]
|-heal|p1a: Blissey|94/100 par|[from] item: Leftovers
|upkeep
|turn|75
|
|t:|1707601670
|cant|p1a: Blissey|par
|move|p2a: Blissey|Seismic Toss|p1a: Blissey
|-damage|p1a: Blissey|80/100 par
|
|-weather|SunnyDay|[upkeep]
|-heal|p1a: Blissey|86/100 par|[from] item: Leftovers
|-fieldend|move: Trick Room
|upkeep
|turn|76
|
|t:|1707601674
|switch|p2a: Terrakion|Terrakion|9/100
|move|p1a: Blissey|Seismic Toss|p2a: Terrakion
|-damage|p2a: Terrakion|0 fnt
|faint|p2a: Terrakion
|
|-weather|SunnyDay|[upkeep]
|-heal|p1a: Blissey|93/100 par|[from] item: Leftovers
|upkeep
|
|t:|1707601677
|switch|p2a: Blissey|Blissey, F|100/100
|turn|77
|
|t:|1707601680
|switch|p2a: Slowbro|Slowbro, F|100/100 tox
|move|p1a: Blissey|Stealth Rock|p2a: Slowbro
|-sidestart|p2: bw lordd moonman|move: Stealth Rock
|
|-weather|SunnyDay|[upkeep]
|-heal|p1a: Blissey|99/100 par|[from] item: Leftovers
|-damage|p2a: Slowbro|94/100 tox|[from] psn
|upkeep
|turn|78
|
|t:|1707601684
|switch|p2a: Blissey|Blissey, F|100/100
|-damage|p2a: Blissey|88/100|[from] Stealth Rock
|-curestatus|p1a: Blissey|par|[from] ability: Natural Cure
|switch|p1a: Cresselia|Cresselia, F|75/100
|-damage|p1a: Cresselia|62/100|[from] Stealth Rock
|
|-weather|SunnyDay|[upkeep]
|-heal|p1a: Cresselia|68/100|[from] item: Leftovers
|-heal|p2a: Blissey|94/100|[from] item: Leftovers
|upkeep
|turn|79
|
|t:|1707601687
|move|p1a: Cresselia|Toxic|p2a: Blissey|[miss]
|-miss|p1a: Cresselia|p2a: Blissey
|move|p2a: Blissey|Thunder Wave|p1a: Cresselia
|-status|p1a: Cresselia|par
|
|-weather|SunnyDay|[upkeep]
|-heal|p2a: Blissey|99/100|[from] item: Leftovers
|-heal|p1a: Cresselia|74/100 par|[from] item: Leftovers
|upkeep
|turn|80
|
|t:|1707601691
|move|p2a: Blissey|Seismic Toss|p1a: Cresselia
|-damage|p1a: Cresselia|52/100 par
|move|p1a: Cresselia|Toxic|p2a: Blissey
|-status|p2a: Blissey|tox
|
|-weather|SunnyDay|[upkeep]
|-heal|p2a: Blissey|100/100 tox|[from] item: Leftovers
|-heal|p1a: Cresselia|58/100 par|[from] item: Leftovers
|-damage|p2a: Blissey|94/100 tox|[from] psn
|upkeep
|turn|81
|
|t:|1707601696
|move|p2a: Blissey|Seismic Toss|p1a: Cresselia
|-damage|p1a: Cresselia|35/100 par
|move|p1a: Cresselia|Moonlight|p1a: Cresselia
|-heal|p1a: Cresselia|100/100 par
|
|-weather|SunnyDay|[upkeep]
|-heal|p2a: Blissey|100/100 tox|[from] item: Leftovers
|-damage|p2a: Blissey|88/100 tox|[from] psn
|upkeep
|turn|82
|
|t:|1707601699
|-curestatus|p2a: Blissey|tox|[from] ability: Natural Cure
|switch|p2a: Slowbro|Slowbro, F|100/100 tox
|-damage|p2a: Slowbro|88/100 tox|[from] Stealth Rock
|switch|p1a: Blissey|Blissey, F|99/100
|-damage|p1a: Blissey|86/100|[from] Stealth Rock
|
|-weather|SunnyDay|[upkeep]
|-heal|p1a: Blissey|93/100|[from] item: Leftovers
|-damage|p2a: Slowbro|82/100 tox|[from] psn
|upkeep
|turn|83
|
|t:|1707601703
|move|p1a: Blissey|Seismic Toss|p2a: Slowbro
|-damage|p2a: Slowbro|57/100 tox
|-damage|p1a: Blissey|76/100|[from] item: Rocky Helmet|[of] p2a: Slowbro
|move|p2a: Slowbro|Scald|p1a: Blissey
|-damage|p1a: Blissey|71/100
|
|-weather|SunnyDay|[upkeep]
|-heal|p1a: Blissey|78/100|[from] item: Leftovers
|-damage|p2a: Slowbro|44/100 tox|[from] psn
|upkeep
|turn|84
|
|t:|1707601706
|switch|p2a: Blissey|Blissey, F|88/100
|-damage|p2a: Blissey|76/100|[from] Stealth Rock
|move|p1a: Blissey|Wish|p1a: Blissey
|
|-weather|SunnyDay|[upkeep]
|-heal|p1a: Blissey|84/100|[from] item: Leftovers
|-heal|p2a: Blissey|82/100|[from] item: Leftovers
|upkeep
|turn|85
|
|t:|1707601708
|switch|p1a: Heatran|Heatran, M|82/100 par
|-damage|p1a: Heatran|70/100 par|[from] Stealth Rock
|move|p2a: Blissey|Seismic Toss|p1a: Heatran
|-damage|p1a: Heatran|44/100 par
|
|-weather|SunnyDay|[upkeep]
|-heal|p1a: Heatran|100/100 par|[from] move: Wish|[wisher] Blissey
|-heal|p2a: Blissey|88/100|[from] item: Leftovers
|upkeep
|turn|86
|
|t:|1707601714
|move|p2a: Blissey|Seismic Toss|p1a: Heatran
|-damage|p1a: Heatran|75/100 par
|move|p1a: Heatran|Flamethrower|p2a: Blissey
|-damage|p2a: Blissey|45/100
|
|-weather|SunnyDay|[upkeep]
|-heal|p2a: Blissey|51/100|[from] item: Leftovers
|upkeep
|turn|87
|
|t:|1707601722
|move|p2a: Blissey|Seismic Toss|p1a: Heatran
|-damage|p1a: Heatran|49/100 par
|move|p1a: Heatran|Flamethrower|p2a: Blissey
|-damage|p2a: Blissey|6/100
|
|-weather|SunnyDay|[upkeep]
|-heal|p2a: Blissey|12/100|[from] item: Leftovers
|upkeep
|turn|88
|
|t:|1707601725
|move|p2a: Blissey|Soft-Boiled|p2a: Blissey
|-heal|p2a: Blissey|62/100
|cant|p1a: Heatran|par
|
|-weather|SunnyDay|[upkeep]
|-heal|p2a: Blissey|69/100|[from] item: Leftovers
|upkeep
|turn|89
|
|t:|1707601727
|switch|p1a: Blissey|Blissey, F|84/100
|-damage|p1a: Blissey|71/100|[from] Stealth Rock
|move|p2a: Blissey|Seismic Toss|p1a: Blissey
|-damage|p1a: Blissey|57/100
|
|-weather|SunnyDay|[upkeep]
|-heal|p2a: Blissey|75/100|[from] item: Leftovers
|-heal|p1a: Blissey|64/100|[from] item: Leftovers
|upkeep
|turn|90
|
|t:|1707601735
|move|p2a: Blissey|Stealth Rock||[still]
|-fail|p2a: Blissey
|move|p1a: Blissey|Soft-Boiled|p1a: Blissey
|-heal|p1a: Blissey|100/100
|
|-weather|SunnyDay|[upkeep]
|-heal|p2a: Blissey|81/100|[from] item: Leftovers
|upkeep
|turn|91
|
|t:|1707601738
|move|p1a: Blissey|Seismic Toss|p2a: Blissey
|-damage|p2a: Blissey|67/100
|move|p2a: Blissey|Thunder Wave|p1a: Blissey
|-status|p1a: Blissey|par
|
|-weather|SunnyDay|[upkeep]
|-heal|p2a: Blissey|73/100|[from] item: Leftovers
|upkeep
|turn|92
|
|t:|1707601740
|move|p2a: Blissey|Seismic Toss|p1a: Blissey
|-damage|p1a: Blissey|86/100 par
|cant|p1a: Blissey|par
|
|-weather|SunnyDay|[upkeep]
|-heal|p2a: Blissey|79/100|[from] item: Leftovers
|-heal|p1a: Blissey|93/100 par|[from] item: Leftovers
|upkeep
|turn|93
|
|t:|1707601742
|switch|p2a: Slowbro|Slowbro, F|78/100 tox
|-damage|p2a: Slowbro|65/100 tox|[from] Stealth Rock
|move|p1a: Blissey|Wish|p1a: Blissey
|
|-weather|SunnyDay|[upkeep]
|-heal|p1a: Blissey|99/100 par|[from] item: Leftovers
|-damage|p2a: Slowbro|59/100 tox|[from] psn
|upkeep
|turn|94
|
|t:|1707601746
|switch|p2a: Blissey|Blissey, F|79/100
|-damage|p2a: Blissey|67/100|[from] Stealth Rock
|-curestatus|p1a: Blissey|par|[from] ability: Natural Cure
|switch|p1a: Heatran|Heatran, M|49/100 par
|-damage|p1a: Heatran|36/100 par|[from] Stealth Rock
|
|-weather|SunnyDay|[upkeep]
|-heal|p1a: Heatran|100/100 par|[from] move: Wish|[wisher] Blissey
|-heal|p2a: Blissey|73/100|[from] item: Leftovers
|upkeep
|turn|95
|
|t:|1707601750
|move|p2a: Blissey|Seismic Toss|p1a: Heatran
|-damage|p1a: Heatran|75/100 par
|cant|p1a: Heatran|par
|
|-weather|SunnyDay|[upkeep]
|-heal|p2a: Blissey|79/100|[from] item: Leftovers
|upkeep
|turn|96
|
|t:|1707601755
|move|p2a: Blissey|Seismic Toss|p1a: Heatran
|-damage|p1a: Heatran|49/100 par
|cant|p1a: Heatran|par
|
|-weather|SunnyDay|[upkeep]
|-heal|p2a: Blissey|85/100|[from] item: Leftovers
|upkeep
|turn|97
|
|t:|1707601757
|switch|p1a: Blissey|Blissey, F|99/100
|-damage|p1a: Blissey|86/100|[from] Stealth Rock
|move|p2a: Blissey|Seismic Toss|p1a: Blissey
|-damage|p1a: Blissey|72/100
|
|-weather|SunnyDay|[upkeep]
|-heal|p2a: Blissey|91/100|[from] item: Leftovers
|-heal|p1a: Blissey|79/100|[from] item: Leftovers
|upkeep
|turn|98
|
|t:|1707601765
|switch|p2a: Slowbro|Slowbro, F|92/100 tox
|-damage|p2a: Slowbro|80/100 tox|[from] Stealth Rock
|move|p1a: Blissey|Wish|p1a: Blissey
|
|-weather|SunnyDay|[upkeep]
|-heal|p1a: Blissey|85/100|[from] item: Leftovers
|-damage|p2a: Slowbro|74/100 tox|[from] psn
|upkeep
|turn|99
|
|t:|1707601769
|switch|p1a: Heatran|Heatran, M|49/100 par
|-damage|p1a: Heatran|36/100 par|[from] Stealth Rock
|move|p2a: Slowbro|Ice Beam|p1a: Heatran
|-resisted|p1a: Heatran
|-damage|p1a: Heatran|31/100 par
|
|-weather|SunnyDay|[upkeep]
|-heal|p1a: Heatran|100/100 par|[from] move: Wish|[wisher] Blissey
|-damage|p2a: Slowbro|62/100 tox|[from] psn
|upkeep
|turn|100
|-message|bw lordd moonman forfeited.
|
|win|dominique cross
|raw|dominique cross's rating: 1438 &rarr; <strong>1464</strong><br />(+26 for winning)
|raw|bw lordd moonman's rating: 1543 &rarr; <strong>1517</strong><br />(-26 for losing)
|l|☆bw lordd moonman
|player|p2|
|c|☆dominique cross|gg
