|j|☆blackkaiser
|j|☆Chaos23333
|player|p1|blackkaiser|2|1548
|player|p2|Chaos23333|acerola|1378
|teamsize|p1|6
|teamsize|p2|6
|gametype|singles
|gen|5
|tier|[Gen 5] OU
|rated|
|clearpoke
|poke|p1|Hippowdon, F|item
|poke|p1|Ferrothorn, M|item
|poke|p1|Jellicent, M|item
|poke|p1|Latios, M|item
|poke|p1|Garchomp, M|item
|poke|p1|Scizor, M|item
|poke|p2|Politoed, F|item
|poke|p2|Ferrothorn, M|item
|poke|p2|Latios, M|item
|poke|p2|Keldeo|item
|poke|p2|Tentacruel, M|item
|poke|p2|Thundurus-Therian, M|item
|rule|Species Clause: Limit one of each Pokémon
|rule|OHKO Clause: OHKO moves are banned
|rule|Moody Clause: Moody is banned
|rule|Evasion Moves Clause: Evasion moves are banned
|rule|Endless Battle Clause: Forcing endless battles is banned
|rule|HP Percentage Mod: HP is shown in percentages
|rule|Evasion Abilities Clause: Evasion abilities are banned
|rule|Baton Pass Clause: Limit one Baton Passer, can't pass Spe and other stats simultaneously
|rule|Sleep Clause: Sleep-inducing moves are banned
|rule|Swagger Clause: Swagger is banned
|teampreview
|inactive|Battle timer is ON: inactive players will automatically lose when time's up. (requested by blackkaiser)
|
|start
|switch|p1a: Hippowdon|Hippowdon, F|100/100
|switch|p2a: Latios|Latios, M|100/100
|-weather|Sandstorm|[from] ability: Sand Stream|[of] p1a: Hippowdon
|turn|1
|
|switch|p1a: Jellicent|Jellicent, M|100/100
|move|p2a: Latios|Trick|p1a: Jellicent
|-activate|p2a: Latios|move: Trick|[of] p1a: Jellicent
|-item|p1a: Jellicent|Choice Specs|[from] move: Trick
|-item|p2a: Latios|Leftovers|[from] move: Trick
|
|-weather|Sandstorm|[upkeep]
|-damage|p2a: Latios|95/100|[from] Sandstorm
|-damage|p1a: Jellicent|94/100|[from] Sandstorm
|-heal|p2a: Latios|100/100|[from] item: Leftovers
|upkeep
|turn|2
|
|move|p2a: Latios|Draco Meteor|p1a: Jellicent
|-damage|p1a: Jellicent|49/100
|-unboost|p2a: Latios|spa|2
|move|p1a: Jellicent|Will-O-Wisp|p2a: Latios
|-status|p2a: Latios|brn
|
|-weather|Sandstorm|[upkeep]
|-damage|p2a: Latios|95/100 brn|[from] Sandstorm
|-damage|p1a: Jellicent|43/100|[from] Sandstorm
|-heal|p2a: Latios|100/100 brn|[from] item: Leftovers
|-damage|p2a: Latios|88/100 brn|[from] brn
|upkeep
|turn|3
|
|switch|p2a: Ferrothorn|Ferrothorn, M|100/100
|switch|p1a: Ferrothorn|Ferrothorn, M|100/100
|
|-weather|Sandstorm|[upkeep]
|upkeep
|turn|4
|
|move|p1a: Ferrothorn|Spikes|p2a: Ferrothorn
|-sidestart|p2: Chaos23333|Spikes
|move|p2a: Ferrothorn|Stealth Rock|p1a: Ferrothorn
|-sidestart|p1: blackkaiser|move: Stealth Rock
|
|-weather|Sandstorm|[upkeep]
|upkeep
|turn|5
|
|move|p1a: Ferrothorn|Spikes|p2a: Ferrothorn
|-sidestart|p2: Chaos23333|Spikes
|move|p2a: Ferrothorn|Knock Off|p1a: Ferrothorn
|-resisted|p1a: Ferrothorn
|-damage|p1a: Ferrothorn|99/100
|-damage|p2a: Ferrothorn|88/100|[from] ability: Iron Barbs|[of] p1a: Ferrothorn
|-damage|p2a: Ferrothorn|72/100|[from] item: Rocky Helmet|[of] p1a: Ferrothorn
|-enditem|p1a: Ferrothorn|Rocky Helmet|[from] move: Knock Off|[of] p2a: Ferrothorn
|
|-weather|Sandstorm|[upkeep]
|-heal|p2a: Ferrothorn|78/100|[from] item: Leftovers
|upkeep
|turn|6
|
|move|p1a: Ferrothorn|Spikes|p2a: Ferrothorn
|-sidestart|p2: Chaos23333|Spikes
|move|p2a: Ferrothorn|Spikes|p1a: Ferrothorn
|-sidestart|p1: blackkaiser|Spikes
|
|-weather|Sandstorm|[upkeep]
|-heal|p2a: Ferrothorn|84/100|[from] item: Leftovers
|upkeep
|turn|7
|
|switch|p1a: Hippowdon|Hippowdon, F|100/100
|-damage|p1a: Hippowdon|88/100|[from] Spikes
|-damage|p1a: Hippowdon|82/100|[from] Stealth Rock
|move|p2a: Ferrothorn|Spikes|p1a: Hippowdon
|-sidestart|p1: blackkaiser|Spikes
|
|-weather|Sandstorm|[upkeep]
|-heal|p1a: Hippowdon|88/100|[from] item: Leftovers
|-heal|p2a: Ferrothorn|90/100|[from] item: Leftovers
|upkeep
|turn|8
|
|move|p1a: Hippowdon|Stealth Rock|p2a: Ferrothorn
|-sidestart|p2: Chaos23333|move: Stealth Rock
|move|p2a: Ferrothorn|Knock Off|p1a: Hippowdon
|-crit|p1a: Hippowdon
|-damage|p1a: Hippowdon|83/100
|-enditem|p1a: Hippowdon|Leftovers|[from] move: Knock Off|[of] p2a: Ferrothorn
|
|-weather|Sandstorm|[upkeep]
|-heal|p2a: Ferrothorn|97/100|[from] item: Leftovers
|upkeep
|turn|9
|
|move|p2a: Ferrothorn|Spikes|p1a: Hippowdon
|-sidestart|p1: blackkaiser|Spikes
|move|p1a: Hippowdon|Roar|p2a: Ferrothorn
|drag|p2a: Tentacruel|Tentacruel, M|100/100
|-damage|p2a: Tentacruel|76/100|[from] Spikes
|-damage|p2a: Tentacruel|63/100|[from] Stealth Rock
|
|-weather|Sandstorm|[upkeep]
|-damage|p2a: Tentacruel|57/100|[from] Sandstorm
|-heal|p2a: Tentacruel|63/100|[from] item: Black Sludge
|upkeep
|turn|10
|
|switch|p1a: Jellicent|Jellicent, M|43/100
|-damage|p1a: Jellicent|18/100|[from] Spikes
|-damage|p1a: Jellicent|5/100|[from] Stealth Rock
|move|p2a: Tentacruel|Toxic|p1a: Jellicent
|-status|p1a: Jellicent|tox
|
|-weather|Sandstorm|[upkeep]
|-damage|p2a: Tentacruel|57/100|[from] Sandstorm
|-damage|p1a: Jellicent|0 fnt|[from] Sandstorm
|faint|p1a: Jellicent
|-heal|p2a: Tentacruel|63/100|[from] item: Black Sludge
|upkeep
|
|switch|p1a: Garchomp|Garchomp, M|100/100
|-damage|p1a: Garchomp|94/100|[from] Stealth Rock
|-damage|p1a: Garchomp|69/100|[from] Spikes
|turn|11
|
|move|p1a: Garchomp|Earthquake|p2a: Tentacruel
|-supereffective|p2a: Tentacruel
|-damage|p2a: Tentacruel|0 fnt
|-damage|p1a: Garchomp|60/100|[from] item: Life Orb
|faint|p2a: Tentacruel
|
|-weather|Sandstorm|[upkeep]
|upkeep
|
|switch|p2a: Latios|Latios, M|88/100 brn
|-damage|p2a: Latios|76/100 brn|[from] Stealth Rock
|turn|12
|
|switch|p1a: Ferrothorn|Ferrothorn, M|99/100
|-damage|p1a: Ferrothorn|74/100|[from] Spikes
|-damage|p1a: Ferrothorn|68/100|[from] Stealth Rock
|move|p2a: Latios|Draco Meteor|p1a: Ferrothorn
|-resisted|p1a: Ferrothorn
|-damage|p1a: Ferrothorn|35/100
|-unboost|p2a: Latios|spa|2
|
|-weather|Sandstorm|[upkeep]
|-damage|p2a: Latios|70/100 brn|[from] Sandstorm
|-heal|p2a: Latios|76/100 brn|[from] item: Leftovers
|-damage|p2a: Latios|64/100 brn|[from] brn
|upkeep
|turn|13
|
|switch|p2a: Ferrothorn|Ferrothorn, M|97/100
|-damage|p2a: Ferrothorn|90/100|[from] Stealth Rock
|-damage|p2a: Ferrothorn|65/100|[from] Spikes
|move|p1a: Ferrothorn|Leech Seed|p2a: Ferrothorn
|-immune|p2a: Ferrothorn
|
|-weather|Sandstorm|[upkeep]
|-heal|p2a: Ferrothorn|72/100|[from] item: Leftovers
|upkeep
|turn|14
|
|move|p1a: Ferrothorn|Thunder Wave|p2a: Ferrothorn
|-status|p2a: Ferrothorn|par
|move|p2a: Ferrothorn|Power Whip|p1a: Ferrothorn|[miss]
|-miss|p2a: Ferrothorn|p1a: Ferrothorn
|
|-weather|Sandstorm|[upkeep]
|-heal|p2a: Ferrothorn|78/100 par|[from] item: Leftovers
|upkeep
|turn|15
|
|switch|p1a: Garchomp|Garchomp, M|60/100
|-damage|p1a: Garchomp|35/100|[from] Spikes
|-damage|p1a: Garchomp|29/100|[from] Stealth Rock
|cant|p2a: Ferrothorn|par
|
|-weather|Sandstorm|[upkeep]
|-heal|p2a: Ferrothorn|84/100 par|[from] item: Leftovers
|upkeep
|turn|16
|
|move|p1a: Garchomp|Fire Blast|p2a: Ferrothorn
|-supereffective|p2a: Ferrothorn
|-crit|p2a: Ferrothorn
|-damage|p2a: Ferrothorn|0 fnt
|-damage|p1a: Garchomp|19/100|[from] item: Life Orb
|faint|p2a: Ferrothorn
|
|-weather|Sandstorm|[upkeep]
|upkeep
|
|switch|p2a: Keldeo|Keldeo|100/100
|-damage|p2a: Keldeo|94/100|[from] Stealth Rock
|-damage|p2a: Keldeo|70/100|[from] Spikes
|turn|17
|
|move|p2a: Keldeo|Surf|p1a: Garchomp
|-damage|p1a: Garchomp|0 fnt
|faint|p1a: Garchomp
|
|-weather|Sandstorm|[upkeep]
|-damage|p2a: Keldeo|63/100|[from] Sandstorm
|upkeep
|
|switch|p1a: Latios|Latios, M, shiny|100/100
|-damage|p1a: Latios|88/100|[from] Stealth Rock
|turn|18
|
|switch|p2a: Politoed|Politoed, F|100/100
|-damage|p2a: Politoed|76/100|[from] Spikes
|-damage|p2a: Politoed|63/100|[from] Stealth Rock
|-weather|RainDance|[from] ability: Drizzle|[of] p2a: Politoed
|move|p1a: Latios|Psyshock|p2a: Politoed
|-damage|p2a: Politoed|12/100
|
|-weather|RainDance|[upkeep]
|-heal|p2a: Politoed|18/100|[from] item: Leftovers
|upkeep
|turn|19
|
|move|p2a: Politoed|Protect|p2a: Politoed
|-singleturn|p2a: Politoed|Protect
|move|p1a: Latios|Psyshock|p2a: Politoed
|-activate|p2a: Politoed|move: Protect
|
|-weather|RainDance|[upkeep]
|-heal|p2a: Politoed|24/100|[from] item: Leftovers
|upkeep
|turn|20
|
|move|p1a: Latios|Psyshock|p2a: Politoed
|-damage|p2a: Politoed|0 fnt
|faint|p2a: Politoed
|
|-weather|RainDance|[upkeep]
|upkeep
|
|switch|p2a: Keldeo|Keldeo|63/100
|-damage|p2a: Keldeo|39/100|[from] Spikes
|-damage|p2a: Keldeo|32/100|[from] Stealth Rock
|turn|21
|
|switch|p1a: Hippowdon|Hippowdon, F|83/100
|-damage|p1a: Hippowdon|58/100|[from] Spikes
|-damage|p1a: Hippowdon|52/100|[from] Stealth Rock
|-weather|Sandstorm|[from] ability: Sand Stream|[of] p1a: Hippowdon
|move|p2a: Keldeo|Hidden Power|p1a: Hippowdon
|-supereffective|p1a: Hippowdon
|-damage|p1a: Hippowdon|0 fnt
|faint|p1a: Hippowdon
|
|-weather|Sandstorm|[upkeep]
|-damage|p2a: Keldeo|26/100|[from] Sandstorm
|upkeep
|
|switch|p1a: Scizor|Scizor, M|100/100
|-damage|p1a: Scizor|76/100|[from] Spikes
|-damage|p1a: Scizor|63/100|[from] Stealth Rock
|turn|22
|
|move|p1a: Scizor|Bullet Punch|p2a: Keldeo
|-resisted|p2a: Keldeo
|-damage|p2a: Keldeo|0 fnt
|faint|p2a: Keldeo
|
|-weather|Sandstorm|[upkeep]
|upkeep
|
|switch|p2a: Thundurus|Thundurus-Therian, M|100/100
|-damage|p2a: Thundurus|76/100|[from] Stealth Rock
|turn|23
|
|switch|p1a: Ferrothorn|Ferrothorn, M|35/100
|-damage|p1a: Ferrothorn|10/100|[from] Spikes
|-damage|p1a: Ferrothorn|4/100|[from] Stealth Rock
|move|p2a: Thundurus|Agility|p2a: Thundurus
|-boost|p2a: Thundurus|spe|2
|
|-weather|Sandstorm|[upkeep]
|-damage|p2a: Thundurus|69/100|[from] Sandstorm
|-heal|p2a: Thundurus|76/100|[from] item: Leftovers
|upkeep
|turn|24
|
|move|p2a: Thundurus|Hidden Power|p1a: Ferrothorn
|-damage|p1a: Ferrothorn|0 fnt
|faint|p1a: Ferrothorn
|
|-weather|Sandstorm|[upkeep]
|-damage|p2a: Thundurus|69/100|[from] Sandstorm
|-heal|p2a: Thundurus|76/100|[from] item: Leftovers
|upkeep
|
|switch|p1a: Latios|Latios, M, shiny|88/100
|-damage|p1a: Latios|76/100|[from] Stealth Rock
|turn|25
|
|move|p2a: Thundurus|Hidden Power|p1a: Latios
|-supereffective|p1a: Latios
|-damage|p1a: Latios|12/100
|move|p1a: Latios|Draco Meteor|p2a: Thundurus
|-damage|p2a: Thundurus|0 fnt
|-unboost|p1a: Latios|spa|2
|faint|p2a: Thundurus
|
|-weather|Sandstorm|[upkeep]
|-damage|p1a: Latios|6/100|[from] Sandstorm
|upkeep
|c|☆blackkaiser|gg
|
|switch|p2a: Latios|Latios, M|64/100 brn
|-damage|p2a: Latios|51/100 brn|[from] Stealth Rock
|turn|26
|c|☆Chaos23333|gg
|
|move|p1a: Latios|Draco Meteor|p2a: Latios
|-supereffective|p2a: Latios
|-damage|p2a: Latios|0 fnt
|-unboost|p1a: Latios|spa|2
|faint|p2a: Latios
|
|win|blackkaiser
|raw|blackkaiser's rating: 1548 &rarr; <strong>1559</strong><br />(+11 for winning)
|raw|Chaos23333's rating: 1378 &rarr; <strong>1367</strong><br />(-11 for losing)
