|j|☆gilftl208
|j|☆1995 idm room
|player|p1|gilftl208|lucas-gen4pt|1636
|player|p2|1995 idm room|acetrainerf-gen2|1302
|teamsize|p1|6
|teamsize|p2|6
|gametype|singles
|gen|5
|tier|[Gen 5] OU
|rated|
|clearpoke
|poke|p1|Alakazam, M|item
|poke|p1|Garchomp, M|item
|poke|p1|Ferrothorn, M|item
|poke|p1|Landorus-Therian, M|item
|poke|p1|Jellicent, M|item
|poke|p1|Tyranitar, M|item
|poke|p2|Politoed, M|item
|poke|p2|Tentacruel, F|item
|poke|p2|Breloom, F|item
|poke|p2|Mamoswine, M|item
|poke|p2|Tornadus, M|item
|poke|p2|Bronzong|item
|rule|Species Clause: Limit one of each Pokémon
|rule|OHKO Clause: OHKO moves are banned
|rule|Moody Clause: Moody is banned
|rule|Evasion Moves Clause: Evasion moves are banned
|rule|Endless Battle Clause: Forcing endless battles is banned
|rule|HP Percentage Mod: HP is shown in percentages
|rule|Evasion Abilities Clause: Evasion abilities are banned
|rule|Baton Pass Clause: Limit one Baton Passer, can't pass Spe and other stats simultaneously
|rule|Sleep Clause: Sleep-inducing moves are banned
|rule|Swagger Clause: Swagger is banned
|teampreview
|
|start
|switch|p1a: Landorus|Landorus-Therian, M|100/100
|switch|p2a: Breloom|Breloom, F, shiny|100/100
|-ability|p1a: Landorus|Intimidate|boost
|-unboost|p2a: Breloom|atk|1
|turn|1
|
|move|p1a: Landorus|U-turn|p2a: Breloom
|-damage|p2a: Breloom|65/100
|
|switch|p1a: Ferrothorn|Ferrothorn, M|100/100|[from]move: U-turn
|move|p2a: Breloom|Bulk Up|p2a: Breloom
|-boost|p2a: Breloom|atk|1
|-boost|p2a: Breloom|def|1
|
|-status|p2a: Breloom|tox|[from] item: Toxic Orb
|upkeep
|turn|2
|
|switch|p1a: Landorus|Landorus-Therian, M|100/100
|-ability|p1a: Landorus|Intimidate|boost
|-unboost|p2a: Breloom|atk|1
|move|p2a: Breloom|Bulk Up|p2a: Breloom
|-boost|p2a: Breloom|atk|1
|-boost|p2a: Breloom|def|1
|
|-heal|p2a: Breloom|78/100 tox|[from] ability: Poison Heal
|upkeep
|turn|3
|
|switch|p2a: Politoed|Politoed, M|100/100
|-weather|RainDance|[from] ability: Drizzle|[of] p2a: Politoed
|move|p1a: Landorus|U-turn|p2a: Politoed
|-damage|p2a: Politoed|64/100
|
|switch|p1a: Ferrothorn|Ferrothorn, M|100/100|[from]move: U-turn
|
|-weather|RainDance|[upkeep]
|upkeep
|turn|4
|inactive|Battle timer is ON: inactive players will automatically lose when time's up. (requested by gilftl208)
|
|switch|p2a: Breloom|Breloom, F, shiny|78/100 tox
|move|p1a: Ferrothorn|Spikes|p2a: Breloom
|-sidestart|p2: 1995 idm room|Spikes
|
|-weather|RainDance|[upkeep]
|-heal|p2a: Breloom|90/100 tox|[from] ability: Poison Heal
|upkeep
|turn|5
|
|switch|p1a: Garchomp|Garchomp, M|100/100
|move|p2a: Breloom|Bulk Up|p2a: Breloom
|-boost|p2a: Breloom|atk|1
|-boost|p2a: Breloom|def|1
|
|-weather|RainDance|[upkeep]
|-heal|p2a: Breloom|100/100 tox|[from] ability: Poison Heal
|upkeep
|turn|6
|
|move|p1a: Garchomp|Outrage|p2a: Breloom
|-damage|p2a: Breloom|9/100 tox
|move|p2a: Breloom|Drain Punch|p1a: Garchomp
|-damage|p1a: Garchomp|43/100
|-heal|p2a: Breloom|41/100 tox|[from] drain|[of] p1a: Garchomp
|-damage|p2a: Breloom|29/100 tox|[from] ability: Rough Skin|[of] p1a: Garchomp
|
|-weather|RainDance|[upkeep]
|-heal|p2a: Breloom|41/100 tox|[from] ability: Poison Heal
|upkeep
|turn|7
|
|move|p2a: Breloom|Protect|p2a: Breloom
|-singleturn|p2a: Breloom|Protect
|move|p1a: Garchomp|Outrage|p2a: Breloom|[from]lockedmove
|-activate|p2a: Breloom|move: Protect
|
|-weather|RainDance|[upkeep]
|-heal|p2a: Breloom|54/100 tox|[from] ability: Poison Heal
|upkeep
|turn|8
|
|switch|p1a: Tyranitar|Tyranitar, M|100/100
|-weather|Sandstorm|[from] ability: Sand Stream|[of] p1a: Tyranitar
|switch|p2a: Bronzong|Bronzong|100/100
|
|-weather|Sandstorm|[upkeep]
|upkeep
|turn|9
|
|switch|p2a: Mamoswine|Mamoswine, M|100/100
|-damage|p2a: Mamoswine|88/100|[from] Spikes
|move|p1a: Tyranitar|Crunch|p2a: Mamoswine
|-damage|p2a: Mamoswine|35/100
|
|-weather|Sandstorm|[upkeep]
|upkeep
|turn|10
|
|switch|p1a: Ferrothorn|Ferrothorn, M|100/100
|move|p2a: Mamoswine|Stealth Rock|p1a: Ferrothorn
|-sidestart|p1: gilftl208|move: Stealth Rock
|
|-weather|Sandstorm|[upkeep]
|upkeep
|turn|11
|
|move|p2a: Mamoswine|Icicle Crash|p1a: Ferrothorn
|-damage|p1a: Ferrothorn|69/100
|move|p1a: Ferrothorn|Gyro Ball|p2a: Mamoswine
|-supereffective|p2a: Mamoswine
|-damage|p2a: Mamoswine|0 fnt
|faint|p2a: Mamoswine
|
|-weather|Sandstorm|[upkeep]
|-heal|p1a: Ferrothorn|75/100|[from] item: Leftovers
|upkeep
|
|switch|p2a: Breloom|Breloom, F, shiny|54/100 tox
|-damage|p2a: Breloom|41/100 tox|[from] Spikes
|turn|12
|
|switch|p2a: Politoed|Politoed, M|64/100
|-damage|p2a: Politoed|52/100|[from] Spikes
|-weather|RainDance|[from] ability: Drizzle|[of] p2a: Politoed
|switch|p1a: Landorus|Landorus-Therian, M|100/100
|-damage|p1a: Landorus|88/100|[from] Stealth Rock
|-ability|p1a: Landorus|Intimidate|boost
|-unboost|p2a: Politoed|atk|1
|
|-weather|RainDance|[upkeep]
|upkeep
|turn|13
|
|switch|p2a: Tornadus|Tornadus, M|100/100
|move|p1a: Landorus|U-turn|p2a: Tornadus
|-resisted|p2a: Tornadus
|-damage|p2a: Tornadus|79/100
|
|switch|p1a: Alakazam|Alakazam, M|100/100|[from]move: U-turn
|
|-weather|RainDance|[upkeep]
|upkeep
|turn|14
|
|switch|p2a: Bronzong|Bronzong|100/100
|move|p1a: Alakazam|Psychic|p2a: Bronzong
|-resisted|p2a: Bronzong
|-damage|p2a: Bronzong|92/100
|
|-weather|RainDance|[upkeep]
|-heal|p2a: Bronzong|98/100|[from] item: Leftovers
|upkeep
|turn|15
|
|switch|p1a: Ferrothorn|Ferrothorn, M|75/100
|-damage|p1a: Ferrothorn|69/100|[from] Stealth Rock
|switch|p2a: Breloom|Breloom, F, shiny|41/100 tox
|-damage|p2a: Breloom|29/100 tox|[from] Spikes
|
|-weather|RainDance|[upkeep]
|-heal|p1a: Ferrothorn|75/100|[from] item: Leftovers
|-heal|p2a: Breloom|41/100 tox|[from] ability: Poison Heal
|upkeep
|turn|16
|
|switch|p1a: Alakazam|Alakazam, M|100/100
|move|p2a: Breloom|Bulk Up|p2a: Breloom
|-boost|p2a: Breloom|atk|1
|-boost|p2a: Breloom|def|1
|
|-weather|RainDance|[upkeep]
|-heal|p2a: Breloom|54/100 tox|[from] ability: Poison Heal
|upkeep
|turn|17
|
|move|p2a: Breloom|Protect|p2a: Breloom
|-singleturn|p2a: Breloom|Protect
|move|p1a: Alakazam|Psychic|p2a: Breloom
|-activate|p2a: Breloom|move: Protect
|
|-weather|RainDance|[upkeep]
|-heal|p2a: Breloom|66/100 tox|[from] ability: Poison Heal
|upkeep
|turn|18
|
|switch|p1a: Ferrothorn|Ferrothorn, M|75/100
|-damage|p1a: Ferrothorn|69/100|[from] Stealth Rock
|move|p2a: Breloom|Drain Punch|p1a: Ferrothorn
|-supereffective|p1a: Ferrothorn
|-damage|p1a: Ferrothorn|0 fnt
|-heal|p2a: Breloom|100/100 tox|[from] drain|[of] p1a: Ferrothorn
|-damage|p2a: Breloom|88/100 tox|[from] ability: Iron Barbs|[of] p1a: Ferrothorn
|faint|p1a: Ferrothorn
|
|-weather|RainDance|[upkeep]
|-heal|p2a: Breloom|100/100 tox|[from] ability: Poison Heal
|upkeep
|
|switch|p1a: Alakazam|Alakazam, M|100/100
|turn|19
|
|switch|p2a: Bronzong|Bronzong|98/100
|move|p1a: Alakazam|Psychic|p2a: Bronzong
|-resisted|p2a: Bronzong
|-damage|p2a: Bronzong|90/100
|
|-weather|RainDance|[upkeep]
|-heal|p2a: Bronzong|97/100|[from] item: Leftovers
|upkeep
|turn|20
|
|switch|p1a: Jellicent|Jellicent, M, shiny|100/100
|-damage|p1a: Jellicent|88/100|[from] Stealth Rock
|move|p2a: Bronzong|Toxic|p1a: Jellicent
|-status|p1a: Jellicent|tox
|
|-weather|RainDance|[upkeep]
|-heal|p1a: Jellicent|94/100 tox|[from] item: Leftovers
|-heal|p2a: Bronzong|100/100|[from] item: Leftovers
|-damage|p1a: Jellicent|88/100 tox|[from] psn
|upkeep
|turn|21
|
|switch|p1a: Alakazam|Alakazam, M|100/100
|switch|p2a: Breloom|Breloom, F, shiny|100/100 tox
|-damage|p2a: Breloom|88/100 tox|[from] Spikes
|
|-weather|RainDance|[upkeep]
|-heal|p2a: Breloom|100/100 tox|[from] ability: Poison Heal
|upkeep
|turn|22
|
|switch|p1a: Tyranitar|Tyranitar, M|100/100
|-damage|p1a: Tyranitar|88/100|[from] Stealth Rock
|-weather|Sandstorm|[from] ability: Sand Stream|[of] p1a: Tyranitar
|switch|p2a: Bronzong|Bronzong|100/100
|
|-weather|Sandstorm|[upkeep]
|upkeep
|turn|23
|inactive|1995 idm room has 120 seconds left.
|
|switch|p2a: Breloom|Breloom, F, shiny|100/100 tox
|-damage|p2a: Breloom|88/100 tox|[from] Spikes
|move|p1a: Tyranitar|Fire Blast|p2a: Breloom
|-supereffective|p2a: Breloom
|-damage|p2a: Breloom|0 fnt
|faint|p2a: Breloom
|
|-weather|Sandstorm|[upkeep]
|upkeep
|inactive|1995 idm room has 120 seconds left.
|
|switch|p2a: Tornadus|Tornadus, M|79/100
|turn|24
|
|switch|p1a: Jellicent|Jellicent, M, shiny|88/100 tox
|-damage|p1a: Jellicent|76/100 tox|[from] Stealth Rock
|move|p2a: Tornadus|Hurricane|p1a: Jellicent
|-damage|p1a: Jellicent|9/100 tox
|-damage|p2a: Tornadus|70/100|[from] item: Life Orb
|
|-weather|Sandstorm|[upkeep]
|-damage|p2a: Tornadus|64/100|[from] Sandstorm
|-damage|p1a: Jellicent|2/100 tox|[from] Sandstorm
|-heal|p1a: Jellicent|9/100 tox|[from] item: Leftovers
|-damage|p1a: Jellicent|2/100 tox|[from] psn
|upkeep
|turn|25
|
|move|p2a: Tornadus|Knock Off|p1a: Jellicent
|-supereffective|p1a: Jellicent
|-damage|p1a: Jellicent|0 fnt
|-enditem|p1a: Jellicent|Leftovers|[from] move: Knock Off|[of] p2a: Tornadus
|-damage|p2a: Tornadus|54/100|[from] item: Life Orb
|faint|p1a: Jellicent
|
|-weather|Sandstorm|[upkeep]
|-damage|p2a: Tornadus|48/100|[from] Sandstorm
|upkeep
|
|switch|p1a: Alakazam|Alakazam, M|100/100
|turn|26
|inactive|1995 idm room has 120 seconds left.
|
|switch|p2a: Bronzong|Bronzong|100/100
|move|p1a: Alakazam|Psychic|p2a: Bronzong
|-resisted|p2a: Bronzong
|-damage|p2a: Bronzong|92/100
|
|-weather|Sandstorm|[upkeep]
|-heal|p2a: Bronzong|99/100|[from] item: Leftovers
|upkeep
|turn|27
|
|switch|p1a: Landorus|Landorus-Therian, M|88/100
|-damage|p1a: Landorus|76/100|[from] Stealth Rock
|-ability|p1a: Landorus|Intimidate|boost
|-unboost|p2a: Bronzong|atk|1
|move|p2a: Bronzong|Gyro Ball|p1a: Landorus
|-damage|p1a: Landorus|37/100
|
|-weather|Sandstorm|[upkeep]
|-heal|p2a: Bronzong|100/100|[from] item: Leftovers
|upkeep
|turn|28
|
|move|p1a: Landorus|U-turn|p2a: Bronzong
|-crit|p2a: Bronzong
|-damage|p2a: Bronzong|49/100
|
|switch|p1a: Tyranitar|Tyranitar, M|88/100|[from]move: U-turn
|-damage|p1a: Tyranitar|76/100|[from] Stealth Rock
|move|p2a: Bronzong|Gyro Ball|p1a: Tyranitar
|-supereffective|p1a: Tyranitar
|-damage|p1a: Tyranitar|41/100
|
|-weather|Sandstorm|[upkeep]
|-heal|p2a: Bronzong|56/100|[from] item: Leftovers
|upkeep
|turn|29
|
|switch|p2a: Tentacruel|Tentacruel, F|100/100
|-damage|p2a: Tentacruel|88/100|[from] Spikes
|move|p1a: Tyranitar|Crunch|p2a: Tentacruel
|-damage|p2a: Tentacruel|40/100
|
|-weather|Sandstorm|[upkeep]
|-damage|p2a: Tentacruel|33/100|[from] Sandstorm
|-heal|p2a: Tentacruel|40/100|[from] item: Black Sludge
|upkeep
|turn|30
|
|switch|p1a: Alakazam|Alakazam, M|100/100
|move|p2a: Tentacruel|Scald|p1a: Alakazam
|-damage|p1a: Alakazam|63/100
|-status|p1a: Alakazam|brn
|
|-weather|Sandstorm|[upkeep]
|-damage|p2a: Tentacruel|33/100|[from] Sandstorm
|-heal|p2a: Tentacruel|40/100|[from] item: Black Sludge
|upkeep
|turn|31
|
|move|p1a: Alakazam|Psychic|p2a: Tentacruel
|-supereffective|p2a: Tentacruel
|-damage|p2a: Tentacruel|0 fnt
|faint|p2a: Tentacruel
|
|-weather|Sandstorm|[upkeep]
|upkeep
|
|switch|p2a: Politoed|Politoed, M|52/100
|-damage|p2a: Politoed|40/100|[from] Spikes
|-weather|RainDance|[from] ability: Drizzle|[of] p2a: Politoed
|turn|32
|
|switch|p1a: Garchomp|Garchomp, M|43/100
|-damage|p1a: Garchomp|37/100|[from] Stealth Rock
|move|p2a: Politoed|Hydro Pump|p1a: Garchomp
|-damage|p1a: Garchomp|0 fnt
|faint|p1a: Garchomp
|
|-weather|RainDance|[upkeep]
|upkeep
|
|switch|p1a: Landorus|Landorus-Therian, M|37/100
|-damage|p1a: Landorus|24/100|[from] Stealth Rock
|-ability|p1a: Landorus|Intimidate|boost
|-unboost|p2a: Politoed|atk|1
|turn|33
|inactive|gilftl208 has 120 seconds left.
|
|switch|p2a: Tornadus|Tornadus, M|48/100
|move|p1a: Landorus|Superpower|p2a: Tornadus
|-resisted|p2a: Tornadus
|-damage|p2a: Tornadus|12/100
|-unboost|p1a: Landorus|atk|1
|-unboost|p1a: Landorus|def|1
|
|-weather|RainDance|[upkeep]
|upkeep
|turn|34
|
|move|p1a: Landorus|Superpower|p2a: Tornadus
|-resisted|p2a: Tornadus
|-damage|p2a: Tornadus|0 fnt
|-unboost|p1a: Landorus|atk|1
|-unboost|p1a: Landorus|def|1
|faint|p2a: Tornadus
|
|-weather|RainDance|[upkeep]
|upkeep
|
|switch|p2a: Bronzong|Bronzong|56/100
|turn|35
|
|switch|p1a: Alakazam|Alakazam, M|63/100 brn
|move|p2a: Bronzong|Gyro Ball|p1a: Alakazam
|-damage|p1a: Alakazam|0 fnt
|faint|p1a: Alakazam
|
|-weather|RainDance|[upkeep]
|-heal|p2a: Bronzong|62/100|[from] item: Leftovers
|upkeep
|
|switch|p1a: Tyranitar|Tyranitar, M|41/100
|-damage|p1a: Tyranitar|28/100|[from] Stealth Rock
|-weather|Sandstorm|[from] ability: Sand Stream|[of] p1a: Tyranitar
|turn|36
|inactive|1995 idm room has 120 seconds left.
|
|move|p1a: Tyranitar|Crunch|p2a: Bronzong
|-damage|p2a: Bronzong|21/100
|move|p2a: Bronzong|Gyro Ball|p1a: Tyranitar
|-supereffective|p1a: Tyranitar
|-damage|p1a: Tyranitar|0 fnt
|faint|p1a: Tyranitar
|
|-weather|Sandstorm|[upkeep]
|-heal|p2a: Bronzong|27/100|[from] item: Leftovers
|upkeep
|
|switch|p1a: Landorus|Landorus-Therian, M|24/100
|-damage|p1a: Landorus|12/100|[from] Stealth Rock
|-ability|p1a: Landorus|Intimidate|boost
|-unboost|p2a: Bronzong|atk|1
|turn|37
|
|switch|p2a: Politoed|Politoed, M|40/100
|-damage|p2a: Politoed|27/100|[from] Spikes
|-weather|RainDance|[from] ability: Drizzle|[of] p2a: Politoed
|move|p1a: Landorus|Superpower|p2a: Politoed
|-damage|p2a: Politoed|0 fnt
|-unboost|p1a: Landorus|atk|1
|-unboost|p1a: Landorus|def|1
|faint|p2a: Politoed
|
|-weather|RainDance|[upkeep]
|upkeep
|
|switch|p2a: Bronzong|Bronzong|27/100
|turn|38
|
|move|p1a: Landorus|Superpower|p2a: Bronzong
|-damage|p2a: Bronzong|2/100
|-unboost|p1a: Landorus|atk|1
|-unboost|p1a: Landorus|def|1
|move|p2a: Bronzong|Gyro Ball|p1a: Landorus
|-damage|p1a: Landorus|0 fnt
|faint|p1a: Landorus
|
|win|1995 idm room
|c|☆1995 idm room|gg
|c|☆gilftl208|gg
|raw|gilftl208's rating: 1636 &rarr; <strong>1602</strong><br />(-34 for losing)
|raw|1995 idm room's rating: 1302 &rarr; <strong>1337</strong><br />(+35 for winning)
