|j|☆jouer no l
|j|☆ms breadner
|t:|1707621523
|gametype|singles
|player|p1|jouer no l|silver|1296
|player|p2|ms breadner|170|1378
|teamsize|p1|6
|teamsize|p2|6
|gen|5
|tier|[Gen 5] OU
|rated|
|rule|Species Clause: Limit one of each Pokémon
|rule|OHKO Clause: OHKO moves are banned
|rule|Moody Clause: Moody is banned
|rule|Evasion Items Clause: Evasion items are banned
|rule|Evasion Moves Clause: Evasion moves are banned
|rule|Endless Battle Clause: Forcing endless battles is banned
|rule|HP Percentage Mod: HP is shown in percentages
|rule|Evasion Abilities Clause: Evasion abilities are banned
|rule|Sleep Moves Clause: Sleep-inducing moves are banned
|rule|Swagger Clause: Swagger is banned
|rule|Baton Pass Stat Clause: No Baton Passer may have a way to boost its stats
|clearpoke
|poke|p1|Politoed, F|item
|poke|p1|Ferrothorn, M|item
|poke|p1|Latios, M|item
|poke|p1|Mamoswine, M|item
|poke|p1|Xatu, F|item
|poke|p1|Keldeo-Resolute|item
|poke|p2|Abomasnow, M|item
|poke|p2|Forretress, F|item
|poke|p2|Cloyster, F|item
|poke|p2|Reuniclus, F|item
|poke|p2|Gliscor, M|item
|poke|p2|Alakazam, M|item
|teampreview
|
|t:|1707621534
|start
|switch|p1a: Keldeo|Keldeo-Resolute|100/100
|switch|p2a: Gliscor|Gliscor, M|100/100
|turn|1
|
|t:|1707621543
|move|p2a: Gliscor|Protect|p2a: Gliscor
|-singleturn|p2a: Gliscor|Protect
|move|p1a: Keldeo|Scald|p2a: Gliscor
|-activate|p2a: Gliscor|move: Protect
|
|-status|p2a: Gliscor|tox|[from] item: Toxic Orb
|upkeep
|turn|2
|
|t:|1707621550
|switch|p2a: Abomasnow|Abomasnow, M|100/100
|-weather|Hail|[from] ability: Snow Warning|[of] p2a: Abomasnow
|move|p1a: Keldeo|Scald|p2a: Abomasnow
|-resisted|p2a: Abomasnow
|-damage|p2a: Abomasnow|69/100
|
|-weather|Hail|[upkeep]
|-damage|p1a: Keldeo|94/100|[from] Hail
|-heal|p2a: Abomasnow|75/100|[from] item: Leftovers
|upkeep
|turn|3
|
|t:|1707621561
|switch|p1a: Ferrothorn|Ferrothorn, M|100/100
|-singleturn|p2a: Abomasnow|move: Focus Punch
|move|p2a: Abomasnow|Focus Punch|p1a: Ferrothorn
|-supereffective|p1a: Ferrothorn
|-damage|p1a: Ferrothorn|31/100
|-damage|p2a: Abomasnow|63/100|[from] ability: Iron Barbs|[of] p1a: Ferrothorn
|
|-weather|Hail|[upkeep]
|-damage|p1a: Ferrothorn|24/100|[from] Hail
|-heal|p2a: Abomasnow|69/100|[from] item: Leftovers
|-heal|p1a: Ferrothorn|31/100|[from] item: Leftovers
|upkeep
|turn|4
|
|t:|1707621580
|switch|p2a: Forretress|Forretress, F|100/100
|move|p1a: Ferrothorn|Stealth Rock|p2a: Forretress
|-sidestart|p2: ms breadner|move: Stealth Rock
|
|-weather|Hail|[upkeep]
|-damage|p1a: Ferrothorn|24/100|[from] Hail
|-heal|p1a: Ferrothorn|31/100|[from] item: Leftovers
|upkeep
|turn|5
|
|t:|1707621587
|switch|p1a: Xatu|Xatu, F|100/100
|move|p2a: Forretress|Rapid Spin|p1a: Xatu
|-damage|p1a: Xatu|97/100
|-damage|p2a: Forretress|84/100|[from] item: Rocky Helmet|[of] p1a: Xatu
|-sideend|p2: ms breadner|Stealth Rock|[from] move: Rapid Spin|[of] p2a: Forretress
|
|-weather|Hail|[upkeep]
|-damage|p1a: Xatu|91/100|[from] Hail
|-heal|p2a: Forretress|90/100|[from] item: Leftovers
|upkeep
|turn|6
|
|t:|1707621597
|switch|p2a: Gliscor|Gliscor, M|100/100 tox
|move|p1a: Xatu|Night Shade|p2a: Gliscor
|-damage|p2a: Gliscor|72/100 tox
|
|-weather|Hail|[upkeep]
|-damage|p1a: Xatu|85/100|[from] Hail
|-damage|p2a: Gliscor|66/100 tox|[from] Hail
|-heal|p2a: Gliscor|78/100 tox|[from] ability: Poison Heal
|upkeep
|turn|7
|
|t:|1707621605
|move|p1a: Xatu|Reflect|p1a: Xatu
|-sidestart|p1: jouer no l|Reflect
|move|p2a: Gliscor|Knock Off|p1a: Xatu
|-supereffective|p1a: Xatu
|-damage|p1a: Xatu|80/100
|-damage|p2a: Gliscor|62/100 tox|[from] item: Rocky Helmet|[of] p1a: Xatu
|-enditem|p1a: Xatu|Rocky Helmet|[from] move: Knock Off|[of] p2a: Gliscor
|
|-weather|Hail|[upkeep]
|-damage|p1a: Xatu|74/100|[from] Hail
|-damage|p2a: Gliscor|56/100 tox|[from] Hail
|-heal|p2a: Gliscor|68/100 tox|[from] ability: Poison Heal
|upkeep
|turn|8
|
|t:|1707621617
|switch|p1a: Politoed|Politoed, F|100/100
|-weather|RainDance|[from] ability: Drizzle|[of] p1a: Politoed
|move|p2a: Gliscor|Protect||[still]
|-fail|p2a: Gliscor
|
|-weather|RainDance|[upkeep]
|-heal|p2a: Gliscor|80/100 tox|[from] ability: Poison Heal
|upkeep
|turn|9
|
|t:|1707621626
|switch|p1a: Xatu|Xatu, F|74/100
|move|p2a: Gliscor|Protect||[still]
|-fail|p2a: Gliscor
|
|-weather|RainDance|[upkeep]
|-heal|p2a: Gliscor|93/100 tox|[from] ability: Poison Heal
|upkeep
|turn|10
|
|t:|1707621640
|move|p2a: Gliscor|Protect|p2a: Gliscor
|-singleturn|p2a: Gliscor|Protect
|move|p1a: Xatu|U-turn|p2a: Gliscor
|-activate|p2a: Gliscor|move: Protect
|
|-weather|RainDance|[upkeep]
|-heal|p2a: Gliscor|100/100 tox|[from] ability: Poison Heal
|upkeep
|turn|11
|
|t:|1707621648
|move|p1a: Xatu|U-turn|p2a: Gliscor
|-resisted|p2a: Gliscor
|-damage|p2a: Gliscor|95/100 tox
|
|t:|1707621652
|switch|p1a: Ferrothorn|Ferrothorn, M|31/100|[from] U-turn
|move|p2a: Gliscor|Knock Off|p1a: Ferrothorn
|-resisted|p1a: Ferrothorn
|-damage|p1a: Ferrothorn|30/100
|-damage|p2a: Gliscor|83/100 tox|[from] ability: Iron Barbs|[of] p1a: Ferrothorn
|-enditem|p1a: Ferrothorn|Leftovers|[from] move: Knock Off|[of] p2a: Gliscor
|
|-weather|RainDance|[upkeep]
|-heal|p2a: Gliscor|95/100 tox|[from] ability: Poison Heal
|-sideend|p1: jouer no l|Reflect
|upkeep
|turn|12
|
|t:|1707621662
|move|p2a: Gliscor|Stealth Rock|p1a: Ferrothorn
|-sidestart|p1: jouer no l|move: Stealth Rock
|move|p1a: Ferrothorn|Stealth Rock|p2a: Gliscor
|-sidestart|p2: ms breadner|move: Stealth Rock
|
|-weather|RainDance|[upkeep]
|-heal|p2a: Gliscor|100/100 tox|[from] ability: Poison Heal
|upkeep
|turn|13
|
|t:|1707621674
|switch|p2a: Forretress|Forretress, F|90/100
|-damage|p2a: Forretress|78/100|[from] Stealth Rock
|move|p1a: Ferrothorn|Knock Off|p2a: Forretress
|-resisted|p2a: Forretress
|-damage|p2a: Forretress|76/100
|-enditem|p2a: Forretress|Leftovers|[from] move: Knock Off|[of] p1a: Ferrothorn
|
|-weather|RainDance|[upkeep]
|upkeep
|turn|14
|
|t:|1707621685
|move|p2a: Forretress|Rapid Spin|p1a: Ferrothorn
|-resisted|p1a: Ferrothorn
|-damage|p1a: Ferrothorn|29/100
|-damage|p2a: Forretress|64/100|[from] ability: Iron Barbs|[of] p1a: Ferrothorn
|-sideend|p2: ms breadner|Stealth Rock|[from] move: Rapid Spin|[of] p2a: Forretress
|move|p1a: Ferrothorn|Stealth Rock|p2a: Forretress
|-sidestart|p2: ms breadner|move: Stealth Rock
|
|-weather|RainDance|[upkeep]
|upkeep
|turn|15
|
|t:|1707621697
|move|p2a: Forretress|Spikes|p1a: Ferrothorn
|-sidestart|p1: jouer no l|Spikes
|move|p1a: Ferrothorn|Stealth Rock||[still]
|-fail|p1a: Ferrothorn
|
|-weather|RainDance|[upkeep]
|upkeep
|turn|16
|
|t:|1707621703
|switch|p1a: Keldeo|Keldeo-Resolute|94/100
|-damage|p1a: Keldeo|88/100|[from] Stealth Rock
|-damage|p1a: Keldeo|76/100|[from] Spikes
|move|p2a: Forretress|Rapid Spin|p1a: Keldeo
|-damage|p1a: Keldeo|72/100
|-sideend|p2: ms breadner|Stealth Rock|[from] move: Rapid Spin|[of] p2a: Forretress
|
|-weather|RainDance|[upkeep]
|upkeep
|turn|17
|
|t:|1707621712
|switch|p2a: Abomasnow|Abomasnow, M|69/100
|-weather|Hail|[from] ability: Snow Warning|[of] p2a: Abomasnow
|move|p1a: Keldeo|Scald|p2a: Abomasnow
|-resisted|p2a: Abomasnow
|-crit|p2a: Abomasnow
|-damage|p2a: Abomasnow|1/100
|
|-weather|Hail|[upkeep]
|-damage|p1a: Keldeo|66/100|[from] Hail
|-heal|p2a: Abomasnow|7/100|[from] item: Leftovers
|upkeep
|turn|18
|
|t:|1707621723
|move|p1a: Keldeo|Scald|p2a: Abomasnow
|-resisted|p2a: Abomasnow
|-damage|p2a: Abomasnow|0 fnt
|faint|p2a: Abomasnow
|
|-weather|Hail|[upkeep]
|-damage|p1a: Keldeo|60/100|[from] Hail
|upkeep
|
|t:|1707621738
|switch|p2a: Reuniclus|Reuniclus, F|100/100
|turn|19
|
|t:|1707621743
|move|p1a: Keldeo|Scald|p2a: Reuniclus
|-damage|p2a: Reuniclus|39/100
|-status|p2a: Reuniclus|brn
|move|p2a: Reuniclus|Psychic|p1a: Keldeo
|-supereffective|p1a: Keldeo
|-damage|p1a: Keldeo|0 fnt
|faint|p1a: Keldeo
|
|-weather|Hail|[upkeep]
|upkeep
|
|t:|1707621749
|switch|p1a: Mamoswine|Mamoswine, M|100/100
|-damage|p1a: Mamoswine|88/100|[from] Stealth Rock
|-damage|p1a: Mamoswine|75/100|[from] Spikes
|turn|20
|
|t:|1707621759
|move|p1a: Mamoswine|Earthquake|p2a: Reuniclus
|-damage|p2a: Reuniclus|0 fnt
|faint|p2a: Reuniclus
|
|-weather|Hail|[upkeep]
|upkeep
|
|t:|1707621768
|switch|p2a: Alakazam|Alakazam, M|100/100
|turn|21
|
|t:|1707621774
|switch|p1a: Ferrothorn|Ferrothorn, M|29/100
|-damage|p1a: Ferrothorn|22/100|[from] Stealth Rock
|-damage|p1a: Ferrothorn|10/100|[from] Spikes
|move|p2a: Alakazam|Focus Blast|p1a: Ferrothorn
|-supereffective|p1a: Ferrothorn
|-damage|p1a: Ferrothorn|0 fnt
|faint|p1a: Ferrothorn
|
|-weather|Hail|[upkeep]
|upkeep
|
|t:|1707621777
|switch|p1a: Politoed|Politoed, F|100/100
|-damage|p1a: Politoed|88/100|[from] Stealth Rock
|-damage|p1a: Politoed|76/100|[from] Spikes
|-weather|RainDance|[from] ability: Drizzle|[of] p1a: Politoed
|turn|22
|
|t:|1707621790
|switch|p2a: Gliscor|Gliscor, M|100/100 tox
|move|p1a: Politoed|Scald|p2a: Gliscor
|-supereffective|p2a: Gliscor
|-damage|p2a: Gliscor|41/100 tox
|
|-weather|RainDance|[upkeep]
|-heal|p1a: Politoed|82/100|[from] item: Leftovers
|-heal|p2a: Gliscor|53/100 tox|[from] ability: Poison Heal
|upkeep
|turn|23
|
|t:|1707621802
|move|p2a: Gliscor|Protect|p2a: Gliscor
|-singleturn|p2a: Gliscor|Protect
|move|p1a: Politoed|Scald|p2a: Gliscor
|-activate|p2a: Gliscor|move: Protect
|
|-weather|RainDance|[upkeep]
|-heal|p1a: Politoed|88/100|[from] item: Leftovers
|-heal|p2a: Gliscor|65/100 tox|[from] ability: Poison Heal
|upkeep
|turn|24
|
|t:|1707621811
|switch|p2a: Forretress|Forretress, F|64/100
|move|p1a: Politoed|Scald|p2a: Forretress
|-damage|p2a: Forretress|5/100
|
|-weather|RainDance|[upkeep]
|-heal|p1a: Politoed|94/100|[from] item: Leftovers
|upkeep
|turn|25
|
|t:|1707621818
|move|p1a: Politoed|Scald|p2a: Forretress
|-damage|p2a: Forretress|0 fnt
|faint|p2a: Forretress
|
|-weather|RainDance|[upkeep]
|-heal|p1a: Politoed|99/100|[from] item: Leftovers
|upkeep
|
|t:|1707621824
|switch|p2a: Cloyster|Cloyster, F|100/100
|turn|26
|
|t:|1707621827
|move|p2a: Cloyster|Shell Smash|p2a: Cloyster
|-unboost|p2a: Cloyster|def|1
|-unboost|p2a: Cloyster|spd|1
|-boost|p2a: Cloyster|atk|2
|-boost|p2a: Cloyster|spa|2
|-boost|p2a: Cloyster|spe|2
|move|p1a: Politoed|Encore|p2a: Cloyster
|-start|p2a: Cloyster|Encore
|
|-weather|RainDance|[upkeep]
|-heal|p1a: Politoed|100/100|[from] item: Leftovers
|upkeep
|turn|27
|-message|ms breadner forfeited.
|
|win|jouer no l
|raw|jouer no l's rating: 1296 &rarr; <strong>1327</strong><br />(+31 for winning)
|raw|ms breadner's rating: 1378 &rarr; <strong>1353</strong><br />(-25 for losing)
|l|☆ms breadner
|player|p2|
|l|☆jouer no l
|player|p1|
