|j|☆Kairak
|j|☆porrompompom
|player|p1|Kairak|76|1450
|player|p2|porrompompom|169|1503
|teamsize|p1|6
|teamsize|p2|6
|gametype|singles
|gen|5
|tier|[Gen 5] OU
|rated|
|rule|Sleep Clause Mod: Limit one foe put to sleep
|rule|Species Clause: Limit one of each Pokémon
|rule|OHKO Clause: OHKO moves are banned
|rule|Moody Clause: Moody is banned
|rule|Evasion Moves Clause: Evasion moves are banned
|rule|Endless Battle Clause: Forcing endless battles is banned
|rule|HP Percentage Mod: HP is shown in percentages
|rule|Evasion Abilities Clause: Evasion abilities are banned
|rule|Baton Pass Clause: Limit one Baton Passer, can't pass Spe and other stats simultaneously
|rule|Swagger Clause: Swagger is banned
|clearpoke
|poke|p1|Gyarados, F|item
|poke|p1|Garchomp, M|item
|poke|p1|Thundurus-Therian, M|item
|poke|p1|Ferrothorn, F|item
|poke|p1|Keldeo-Resolute|item
|poke|p1|Excadrill, F|item
|poke|p2|Mamoswine, F|item
|poke|p2|Ferrothorn, F|item
|poke|p2|Slowbro, M|item
|poke|p2|Excadrill, F|item
|poke|p2|Dragonite, M|item
|poke|p2|Magnezone|item
|teampreview
|j| RainMan42
|
|start
|switch|p1a: Garchomp|Garchomp, M|100/100
|switch|p2a: Mamoswine|Mamoswine, F|100/100
|turn|1
|
|move|p1a: Garchomp|Fire Blast|p2a: Mamoswine
|-supereffective|p2a: Mamoswine
|-damage|p2a: Mamoswine|69/100
|move|p2a: Mamoswine|Icicle Crash|p1a: Garchomp
|-supereffective|p1a: Garchomp
|-crit|p1a: Garchomp
|-damage|p1a: Garchomp|0 fnt
|faint|p1a: Garchomp
|
|upkeep
|
|switch|p1a: Keldeo|Keldeo-Resolute|100/100
|turn|2
|
|switch|p1a: Thundurus|Thundurus-Therian, M|100/100
|switch|p2a: Slowbro|Slowbro, M|100/100
|
|upkeep
|turn|3
|
|switch|p2a: Excadrill|Excadrill, F|100/100
|-ability|p2a: Excadrill|Mold Breaker
|move|p1a: Thundurus|Nasty Plot|p1a: Thundurus
|-boost|p1a: Thundurus|spa|2
|
|upkeep
|turn|4
|
|move|p1a: Thundurus|Focus Blast|p2a: Excadrill|[miss]
|-miss|p1a: Thundurus|p2a: Excadrill
|move|p2a: Excadrill|Toxic|p1a: Thundurus
|-status|p1a: Thundurus|tox
|
|-damage|p1a: Thundurus|94/100 tox|[from] psn
|upkeep
|turn|5
|
|switch|p1a: Ferrothorn|Ferrothorn, F|100/100
|move|p2a: Excadrill|Protect||[still]
|-fail|p2a: Excadrill
|
|upkeep
|turn|6
|
|switch|p2a: Magnezone|Magnezone|100/100
|switch|p1a: Excadrill|Excadrill, F|100/100
|-ability|p1a: Excadrill|Mold Breaker
|
|upkeep
|turn|7
|
|switch|p2a: Slowbro|Slowbro, M|100/100
|move|p1a: Excadrill|Earthquake|p2a: Slowbro
|-damage|p2a: Slowbro|70/100
|
|-heal|p2a: Slowbro|77/100|[from] item: Leftovers
|upkeep
|turn|8
|
|move|p1a: Excadrill|Earthquake|p2a: Slowbro
|-crit|p2a: Slowbro
|-damage|p2a: Slowbro|9/100
|move|p2a: Slowbro|Scald|p1a: Excadrill
|-supereffective|p1a: Excadrill
|-damage|p1a: Excadrill|21/100
|-status|p1a: Excadrill|brn
|
|-heal|p2a: Slowbro|15/100|[from] item: Leftovers
|-damage|p1a: Excadrill|9/100 brn|[from] brn
|upkeep
|turn|9
|
|switch|p1a: Gyarados|Gyarados, F|100/100
|switch|p2a: Dragonite|Dragonite, M|100/100
|
|upkeep
|turn|10
|
|switch|p1a: Ferrothorn|Ferrothorn, F|100/100
|switch|p2a: Magnezone|Magnezone|100/100
|
|upkeep
|turn|11
|
|move|p2a: Magnezone|Hidden Power|p1a: Ferrothorn
|-supereffective|p1a: Ferrothorn
|-damage|p1a: Ferrothorn|19/100
|move|p1a: Ferrothorn|Stealth Rock|p2a: Magnezone
|-sidestart|p2: porrompompom|move: Stealth Rock
|
|-heal|p1a: Ferrothorn|25/100|[from] item: Leftovers
|upkeep
|turn|12
|
|move|p2a: Magnezone|Hidden Power|p1a: Ferrothorn
|-supereffective|p1a: Ferrothorn
|-damage|p1a: Ferrothorn|0 fnt
|faint|p1a: Ferrothorn
|
|upkeep
|
|switch|p1a: Gyarados|Gyarados, F|100/100
|turn|13
|
|switch|p2a: Ferrothorn|Ferrothorn, F|100/100
|-damage|p2a: Ferrothorn|95/100|[from] Stealth Rock
|move|p1a: Gyarados|Dragon Dance|p1a: Gyarados
|-boost|p1a: Gyarados|atk|1
|-boost|p1a: Gyarados|spe|1
|
|-heal|p2a: Ferrothorn|100/100|[from] item: Leftovers
|upkeep
|turn|14
|
|move|p1a: Gyarados|Substitute|p1a: Gyarados
|-start|p1a: Gyarados|Substitute
|-damage|p1a: Gyarados|76/100
|move|p2a: Ferrothorn|Power Whip|p1a: Gyarados
|-end|p1a: Gyarados|Substitute
|
|-heal|p1a: Gyarados|82/100|[from] item: Leftovers
|upkeep
|turn|15
|
|move|p1a: Gyarados|Dragon Dance|p1a: Gyarados
|-boost|p1a: Gyarados|atk|1
|-boost|p1a: Gyarados|spe|1
|move|p2a: Ferrothorn|Power Whip|p1a: Gyarados
|-damage|p1a: Gyarados|32/100
|
|-heal|p1a: Gyarados|38/100|[from] item: Leftovers
|upkeep
|turn|16
|
|move|p1a: Gyarados|Bounce||[still]
|-prepare|p1a: Gyarados|Bounce|p2a: Ferrothorn
|move|p2a: Ferrothorn|Power Whip|p1a: Gyarados|[miss]
|-miss|p2a: Ferrothorn|p1a: Gyarados
|
|-heal|p1a: Gyarados|44/100|[from] item: Leftovers
|upkeep
|turn|17
|
|move|p1a: Gyarados|Bounce|p2a: Ferrothorn|[from]lockedmove
|-damage|p2a: Ferrothorn|40/100
|-damage|p1a: Gyarados|31/100|[from] ability: Iron Barbs|[of] p2a: Ferrothorn
|-status|p2a: Ferrothorn|par
|move|p2a: Ferrothorn|Power Whip|p1a: Gyarados
|-damage|p1a: Gyarados|0 fnt
|faint|p1a: Gyarados
|
|-heal|p2a: Ferrothorn|46/100 par|[from] item: Leftovers
|upkeep
|
|switch|p1a: Thundurus|Thundurus-Therian, M|94/100 tox
|turn|18
|
|move|p2a: Ferrothorn|Protect|p2a: Ferrothorn
|-singleturn|p2a: Ferrothorn|Protect
|move|p1a: Thundurus|Nasty Plot|p1a: Thundurus
|-boost|p1a: Thundurus|spa|2
|
|-heal|p1a: Thundurus|100/100 tox|[from] item: Leftovers
|-heal|p2a: Ferrothorn|51/100 par|[from] item: Leftovers
|-damage|p1a: Thundurus|94/100 tox|[from] psn
|upkeep
|turn|19
|
|cant|p2a: Ferrothorn|par
|move|p1a: Thundurus|Focus Blast|p2a: Ferrothorn
|-supereffective|p2a: Ferrothorn
|-damage|p2a: Ferrothorn|0 fnt
|faint|p2a: Ferrothorn
|
|-heal|p1a: Thundurus|100/100 tox|[from] item: Leftovers
|-damage|p1a: Thundurus|88/100 tox|[from] psn
|upkeep
|
|switch|p2a: Mamoswine|Mamoswine, F|69/100
|-damage|p2a: Mamoswine|56/100|[from] Stealth Rock
|turn|20
|
|move|p2a: Mamoswine|Ice Shard|p1a: Thundurus
|-supereffective|p1a: Thundurus
|-damage|p1a: Thundurus|0 fnt
|faint|p1a: Thundurus
|
|upkeep
|
|switch|p1a: Keldeo|Keldeo-Resolute|100/100
|turn|21
|-message|Kairak forfeited.
|
|win|porrompompom
|l|☆Kairak
|l|☆porrompompom
|raw|Kairak's rating: 1451 &rarr; <strong>1434</strong><br />(-17 for losing)
|raw|porrompompom's rating: 1503 &rarr; <strong>1520</strong><br />(+17 for winning)
|j|☆porrompompom
|player|p2|porrompompom|169
