|j|☆Odissey Nausicaa
|j|☆AltCauseImInsecure
|player|p1|Odissey Nausicaa|100|1351
|player|p2|AltCauseImInsecure|battlegirl|1340
|teamsize|p1|6
|teamsize|p2|6
|gametype|singles
|gen|5
|tier|[Gen 5] OU
|rated|
|rule|Sleep Clause Mod: Limit one foe put to sleep
|rule|Species Clause: Limit one of each Pokémon
|rule|OHKO Clause: OHKO moves are banned
|rule|Moody Clause: Moody is banned
|rule|Evasion Moves Clause: Evasion moves are banned
|rule|Endless Battle Clause: Forcing endless battles is banned
|rule|HP Percentage Mod: HP is shown in percentages
|rule|Evasion Abilities Clause: Evasion abilities are banned
|rule|Baton Pass Clause: Limit one Baton Passer, can't pass Spe and other stats simultaneously
|rule|Swagger Clause: Swagger is banned
|clearpoke
|poke|p1|Breloom, F|item
|poke|p1|Alakazam, M|item
|poke|p1|Garchomp, M|item
|poke|p1|Froslass, F|item
|poke|p1|Scizor, F|item
|poke|p1|Keldeo|item
|poke|p2|Tyranitar, M|item
|poke|p2|Mienshao, M|item
|poke|p2|Gliscor, M|item
|poke|p2|Skarmory, M|item
|poke|p2|Amoonguss, M|item
|poke|p2|Alakazam, M|item
|teampreview
|inactive|Battle timer is ON: inactive players will automatically lose when time's up. (requested by Odissey Nausicaa)
|j| Sergiandreds
|
|start
|switch|p1a: Froslass|Froslass, F, shiny|100/100
|switch|p2a: Alakazam|Alakazam, M|100/100
|turn|1
|
|move|p2a: Alakazam|Psychic|p1a: Froslass
|-damage|p1a: Froslass|28/100
|-start|p2a: Alakazam|Disable|Psychic|[from] ability: Cursed Body|[of] p1a: Froslass
|move|p1a: Froslass|Ice Beam|p2a: Alakazam
|-damage|p2a: Alakazam|40/100
|
|upkeep
|turn|2
|c|☆AltCauseImInsecure|Ma porxa
|
|switch|p2a: Tyranitar|Tyranitar, M|100/100
|-weather|Sandstorm|[from] ability: Sand Stream|[of] p2a: Tyranitar
|move|p1a: Froslass|Spikes|p2a: Tyranitar
|-sidestart|p2: AltCauseImInsecure|Spikes
|
|-weather|Sandstorm|[upkeep]
|-damage|p1a: Froslass|22/100|[from] Sandstorm
|upkeep
|turn|3
|
|move|p1a: Froslass|Destiny Bond|p1a: Froslass
|-singlemove|p1a: Froslass|Destiny Bond
|move|p2a: Tyranitar|Stealth Rock|p1a: Froslass
|-sidestart|p1: Odissey Nausicaa|move: Stealth Rock
|
|-weather|Sandstorm|[upkeep]
|-damage|p1a: Froslass|16/100|[from] Sandstorm
|upkeep
|turn|4
|j| II Armando II
|
|move|p1a: Froslass|Ice Beam|p2a: Tyranitar
|-damage|p2a: Tyranitar|83/100
|move|p2a: Tyranitar|Crunch|p1a: Froslass
|-supereffective|p1a: Froslass
|-damage|p1a: Froslass|0 fnt
|-start|p2a: Tyranitar|Disable|Crunch|[from] ability: Cursed Body|[of] p1a: Froslass
|faint|p1a: Froslass
|
|-weather|Sandstorm|[upkeep]
|upkeep
|
|switch|p1a: Keldeo|Keldeo|100/100
|-damage|p1a: Keldeo|94/100|[from] Stealth Rock
|turn|5
|
|switch|p2a: Amoonguss|Amoonguss, M|100/100
|-damage|p2a: Amoonguss|88/100|[from] Spikes
|move|p1a: Keldeo|Calm Mind|p1a: Keldeo
|-boost|p1a: Keldeo|spa|1
|-boost|p1a: Keldeo|spd|1
|
|-weather|Sandstorm|[upkeep]
|-damage|p1a: Keldeo|88/100|[from] Sandstorm
|-damage|p2a: Amoonguss|82/100|[from] Sandstorm
|-heal|p2a: Amoonguss|88/100|[from] item: Black Sludge
|upkeep
|turn|6
|
|move|p1a: Keldeo|Hidden Power|p2a: Amoonguss
|-supereffective|p2a: Amoonguss
|-damage|p2a: Amoonguss|36/100
|move|p2a: Amoonguss|Giga Drain|p1a: Keldeo
|-supereffective|p1a: Keldeo
|-damage|p1a: Keldeo|50/100
|-heal|p2a: Amoonguss|50/100|[from] drain|[of] p1a: Keldeo
|
|-weather|Sandstorm|[upkeep]
|-damage|p1a: Keldeo|44/100|[from] Sandstorm
|-damage|p2a: Amoonguss|44/100|[from] Sandstorm
|-heal|p2a: Amoonguss|50/100|[from] item: Black Sludge
|upkeep
|turn|7
|
|switch|p2a: Mienshao|Mienshao, M|100/100
|-damage|p2a: Mienshao|88/100|[from] Spikes
|move|p1a: Keldeo|Hidden Power|p2a: Mienshao
|-damage|p2a: Mienshao|13/100
|
|-weather|Sandstorm|[upkeep]
|-damage|p2a: Mienshao|8/100|[from] Sandstorm
|-damage|p1a: Keldeo|38/100|[from] Sandstorm
|upkeep
|turn|8
|
|switch|p1a: Garchomp|Garchomp, M|100/100
|-damage|p1a: Garchomp|94/100|[from] Stealth Rock
|move|p2a: Mienshao|Hidden Power|p1a: Garchomp
|-supereffective|p1a: Garchomp
|-enditem|p1a: Garchomp|Yache Berry|[eat]
|-enditem|p1a: Garchomp|Yache Berry|[weaken]
|-damage|p1a: Garchomp|60/100
|
|-weather|Sandstorm|[upkeep]
|-damage|p2a: Mienshao|2/100|[from] Sandstorm
|upkeep
|turn|9
|
|switch|p2a: Skarmory|Skarmory, M|100/100
|switch|p1a: Scizor|Scizor, F|100/100
|-damage|p1a: Scizor|88/100|[from] Stealth Rock
|
|-weather|Sandstorm|[upkeep]
|upkeep
|turn|10
|
|move|p2a: Skarmory|Spikes|p1a: Scizor
|-sidestart|p1: Odissey Nausicaa|Spikes
|move|p1a: Scizor|U-turn|p2a: Skarmory
|-resisted|p2a: Skarmory
|-damage|p2a: Skarmory|90/100
|-damage|p1a: Scizor|72/100|[from] item: Rocky Helmet|[of] p2a: Skarmory
|
|switch|p1a: Alakazam|Alakazam, M|100/100|[from]move: U-turn
|
|-weather|Sandstorm|[upkeep]
|upkeep
|turn|11
|
|switch|p2a: Gliscor|Gliscor, M|100/100
|move|p1a: Alakazam|Focus Blast|p2a: Gliscor|[miss]
|-miss|p1a: Alakazam|p2a: Gliscor
|
|-weather|Sandstorm|[upkeep]
|-status|p2a: Gliscor|tox|[from] item: Toxic Orb
|upkeep
|turn|12
|
|move|p1a: Alakazam|Hidden Power|p2a: Gliscor
|-supereffective|p2a: Gliscor
|-damage|p2a: Gliscor|0 fnt
|faint|p2a: Gliscor
|
|-weather|Sandstorm|[upkeep]
|upkeep
|
|switch|p2a: Mienshao|Mienshao, M|35/100
|-damage|p2a: Mienshao|23/100|[from] Spikes
|turn|13
|
|move|p2a: Mienshao|U-turn|p1a: Alakazam
|-supereffective|p1a: Alakazam
|-enditem|p1a: Alakazam|Focus Sash
|-damage|p1a: Alakazam|1/100
|
|switch|p2a: Tyranitar|Tyranitar, M|83/100|[from]move: U-turn
|-damage|p2a: Tyranitar|71/100|[from] Spikes
|move|p1a: Alakazam|Psychic|p2a: Tyranitar
|-immune|p2a: Tyranitar
|
|-weather|Sandstorm|[upkeep]
|upkeep
|turn|14
|
|move|p1a: Alakazam|Focus Blast|p2a: Tyranitar
|-supereffective|p2a: Tyranitar
|-enditem|p2a: Tyranitar|Chople Berry|[eat]
|-enditem|p2a: Tyranitar|Chople Berry|[weaken]
|-damage|p2a: Tyranitar|32/100
|move|p2a: Tyranitar|Pursuit|p1a: Alakazam
|-supereffective|p1a: Alakazam
|-damage|p1a: Alakazam|0 fnt
|faint|p1a: Alakazam
|
|-weather|Sandstorm|[upkeep]
|upkeep
|j| Nat607
|
|switch|p1a: Garchomp|Garchomp, M|60/100
|-damage|p1a: Garchomp|54/100|[from] Stealth Rock
|-damage|p1a: Garchomp|42/100|[from] Spikes
|turn|15
|
|move|p1a: Garchomp|Stealth Rock|p2a: Tyranitar
|-sidestart|p2: AltCauseImInsecure|move: Stealth Rock
|move|p2a: Tyranitar|Crunch|p1a: Garchomp
|-damage|p1a: Garchomp|0 fnt
|-damage|p2a: Tyranitar|19/100|[from] ability: Rough Skin|[of] p1a: Garchomp
|faint|p1a: Garchomp
|
|-weather|Sandstorm|[upkeep]
|upkeep
|
|switch|p1a: Breloom|Breloom, F|100/100
|-damage|p1a: Breloom|94/100|[from] Stealth Rock
|-damage|p1a: Breloom|82/100|[from] Spikes
|turn|16
|
|switch|p2a: Amoonguss|Amoonguss, M|83/100
|-damage|p2a: Amoonguss|71/100|[from] Stealth Rock
|-damage|p2a: Amoonguss|59/100|[from] Spikes
|move|p1a: Breloom|Drain Punch|p2a: Amoonguss
|-resisted|p2a: Amoonguss
|-crit|p2a: Amoonguss
|-damage|p2a: Amoonguss|28/100
|-heal|p1a: Breloom|100/100|[from] drain|[of] p2a: Amoonguss
|
|-weather|Sandstorm|[upkeep]
|-damage|p1a: Breloom|94/100|[from] Sandstorm
|-damage|p2a: Amoonguss|22/100|[from] Sandstorm
|-heal|p2a: Amoonguss|28/100|[from] item: Black Sludge
|-status|p1a: Breloom|tox|[from] item: Toxic Orb
|upkeep
|turn|17
|
|switch|p2a: Tyranitar|Tyranitar, M|19/100
|-damage|p2a: Tyranitar|7/100|[from] Stealth Rock
|-damage|p2a: Tyranitar|0 fnt|[from] Spikes
|faint|p2a: Tyranitar
|move|p1a: Breloom|Spore|p2: Tyranitar|[notarget]
|-fail|p1a: Breloom
|
|-weather|Sandstorm|[upkeep]
|-damage|p1a: Breloom|88/100 tox|[from] Sandstorm
|-heal|p1a: Breloom|100/100 tox|[from] ability: Poison Heal
|upkeep
|
|switch|p2a: Alakazam|Alakazam, M|40/100
|turn|18
|
|move|p1a: Breloom|Protect|p1a: Breloom
|-singleturn|p1a: Breloom|Protect
|move|p2a: Alakazam|Psychic|p1a: Breloom
|-activate|p1a: Breloom|move: Protect
|
|-weather|Sandstorm|[upkeep]
|-damage|p1a: Breloom|94/100 tox|[from] Sandstorm
|-heal|p1a: Breloom|100/100 tox|[from] ability: Poison Heal
|upkeep
|turn|19
|
|switch|p1a: Scizor|Scizor, F|72/100
|-damage|p1a: Scizor|59/100|[from] Spikes
|-damage|p1a: Scizor|47/100|[from] Stealth Rock
|move|p2a: Alakazam|Psychic|p1a: Scizor
|-resisted|p1a: Scizor
|-damage|p1a: Scizor|14/100
|
|-weather|Sandstorm|[upkeep]
|upkeep
|turn|20
|
|switch|p2a: Skarmory|Skarmory, M|90/100
|-damage|p2a: Skarmory|78/100|[from] Stealth Rock
|move|p1a: Scizor|Superpower|p2a: Skarmory
|-damage|p2a: Skarmory|23/100
|-damage|p1a: Scizor|0 fnt|[from] item: Rocky Helmet|[of] p2a: Skarmory
|faint|p1a: Scizor
|
|-weather|Sandstorm|[upkeep]
|upkeep
|
|switch|p1a: Keldeo|Keldeo|38/100
|-damage|p1a: Keldeo|26/100|[from] Spikes
|-damage|p1a: Keldeo|20/100|[from] Stealth Rock
|turn|21
|
|move|p1a: Keldeo|Hidden Power|p2a: Skarmory
|-damage|p2a: Skarmory|0 fnt
|faint|p2a: Skarmory
|
|-weather|Sandstorm|[upkeep]
|-damage|p1a: Keldeo|13/100|[from] Sandstorm
|upkeep
|
|switch|p2a: Alakazam|Alakazam, M|40/100
|turn|22
|
|move|p2a: Alakazam|Psychic|p1a: Keldeo
|-supereffective|p1a: Keldeo
|-damage|p1a: Keldeo|0 fnt
|faint|p1a: Keldeo
|
|-weather|Sandstorm|[upkeep]
|upkeep
|
|switch|p1a: Breloom|Breloom, F|100/100 tox
|-damage|p1a: Breloom|94/100 tox|[from] Stealth Rock
|-damage|p1a: Breloom|82/100 tox|[from] Spikes
|turn|23
|c|☆Odissey Nausicaa|gg
|
|move|p2a: Alakazam|Psychic|p1a: Breloom
|-supereffective|p1a: Breloom
|-damage|p1a: Breloom|0 fnt
|faint|p1a: Breloom
|
|win|AltCauseImInsecure
|l|☆Odissey Nausicaa
|raw|Odissey Nausicaa's rating: 1351 &rarr; <strong>1331</strong><br />(-20 for losing)
|raw|AltCauseImInsecure's rating: 1340 &rarr; <strong>1360</strong><br />(+20 for winning)
