|j|☆stonya
|j|☆HydreigonSpammer
|t:|1734365492
|gametype|singles
|player|p1|stonya|101|1412
|player|p2|HydreigonSpammer|veteranf|1447
|teamsize|p1|6
|teamsize|p2|6
|gen|5
|tier|[Gen 5] OU
|rated|
|rule|Species Clause: Limit one of each Pokémon
|rule|OHKO Clause: OHKO moves are banned
|rule|Moody Clause: Moody is banned
|rule|Evasion Items Clause: Evasion items are banned
|rule|Evasion Moves Clause: Evasion moves are banned
|rule|Endless Battle Clause: Forcing endless battles is banned
|rule|HP Percentage Mod: HP is shown in percentages
|rule|Evasion Abilities Clause: Evasion abilities are banned
|rule|Sleep Moves Clause: Sleep-inducing moves are banned
|rule|Swagger Clause: Swagger is banned
|rule|Baton Pass Stat Clause: No Baton Passer may have a way to boost its stats
|clearpoke
|poke|p1|Tyranitar, M|item
|poke|p1|Magnezone|item
|poke|p1|Terrakion|item
|poke|p1|Latios, M|item
|poke|p1|Scizor, F|item
|poke|p1|Landorus-Therian, M|item
|poke|p2|Hydreigon, F|item
|poke|p2|Amoonguss, M|item
|poke|p2|Tyranitar, F|item
|poke|p2|Keldeo|item
|poke|p2|Magnezone|item
|poke|p2|Garchomp, M|item
|teampreview
|inactive|Battle timer is ON: inactive players will automatically lose when time's up. (requested by HydreigonSpammer)
|
|t:|1734365509
|start
|switch|p1a: Pat Riely|Tyranitar, M|100/100
|switch|p2a: Garchomp|Garchomp, M|100/100
|-weather|Sandstorm|[from] ability: Sand Stream|[of] p1a: Pat Riely
|turn|1
|
|t:|1734365520
|move|p2a: Garchomp|Earthquake|p1a: Pat Riely
|-supereffective|p1a: Pat Riely
|-damage|p1a: Pat Riely|18/100
|move|p1a: Pat Riely|Stealth Rock|p2a: Garchomp
|-sidestart|p2: HydreigonSpammer|move: Stealth Rock
|
|-weather|Sandstorm|[upkeep]
|-heal|p1a: Pat Riely|24/100|[from] item: Leftovers
|upkeep
|turn|2
|
|t:|1734365526
|move|p2a: Garchomp|Stealth Rock|p1a: Pat Riely
|-sidestart|p1: stonya|move: Stealth Rock
|move|p1a: Pat Riely|Ice Beam|p2a: Garchomp
|-supereffective|p2a: Garchomp
|-enditem|p2a: Garchomp|Focus Sash
|-damage|p2a: Garchomp|1/100
|
|-weather|Sandstorm|[upkeep]
|-heal|p1a: Pat Riely|31/100|[from] item: Leftovers
|upkeep
|turn|3
|
|t:|1734365534
|move|p2a: Garchomp|Earthquake|p1a: Pat Riely
|-supereffective|p1a: Pat Riely
|-damage|p1a: Pat Riely|0 fnt
|faint|p1a: Pat Riely
|
|-weather|Sandstorm|[upkeep]
|upkeep
|
|t:|1734365540
|switch|p1a: D.Wade|Terrakion|100/100
|-damage|p1a: D.Wade|94/100|[from] Stealth Rock
|turn|4
|
|t:|1734365544
|move|p1a: D.Wade|Close Combat|p2a: Garchomp
|-damage|p2a: Garchomp|0 fnt
|-unboost|p1a: D.Wade|def|1
|-unboost|p1a: D.Wade|spd|1
|-damage|p1a: D.Wade|82/100|[from] ability: Rough Skin|[of] p2a: Garchomp
|faint|p2a: Garchomp
|
|-weather|Sandstorm|[upkeep]
|upkeep
|
|t:|1734365549
|switch|p2a: Keldeo|Keldeo|100/100
|-damage|p2a: Keldeo|94/100|[from] Stealth Rock
|turn|5
|inactive|stonya has 120 seconds left.
|
|t:|1734365592
|switch|p1a: Bron Bron|Landorus-Therian, M|100/100
|-damage|p1a: Bron Bron|88/100|[from] Stealth Rock
|-ability|p1a: Bron Bron|Intimidate|boost
|-unboost|p2a: Keldeo|atk|1
|move|p2a: Keldeo|Scald|p1a: Bron Bron
|-supereffective|p1a: Bron Bron
|-damage|p1a: Bron Bron|0 fnt
|faint|p1a: Bron Bron
|
|-weather|Sandstorm|[upkeep]
|-damage|p2a: Keldeo|88/100|[from] Sandstorm
|upkeep
|j| NwasTaken
|
|t:|1734365594
|switch|p1a: Bosh|Latios, M, shiny|100/100
|-damage|p1a: Bosh|88/100|[from] Stealth Rock
|turn|6
|l| NwasTaken
|j| NwasTaken
|
|t:|1734365609
|switch|p2a: Amoonguss|Amoonguss, M|100/100
|-damage|p2a: Amoonguss|88/100|[from] Stealth Rock
|move|p1a: Bosh|Energy Ball|p2a: Amoonguss
|-resisted|p2a: Amoonguss
|-damage|p2a: Amoonguss|83/100
|
|-weather|Sandstorm|[upkeep]
|-damage|p1a: Bosh|82/100|[from] Sandstorm
|-damage|p2a: Amoonguss|77/100|[from] Sandstorm
|-heal|p2a: Amoonguss|83/100|[from] item: Black Sludge
|upkeep
|turn|7
|
|t:|1734365618
|move|p1a: Bosh|Psyshock|p2a: Amoonguss
|-supereffective|p2a: Amoonguss
|-damage|p2a: Amoonguss|0 fnt
|faint|p2a: Amoonguss
|
|-weather|Sandstorm|[upkeep]
|-damage|p1a: Bosh|76/100|[from] Sandstorm
|upkeep
|
|t:|1734365622
|switch|p2a: Tyranitar|Tyranitar, F|100/100
|-damage|p2a: Tyranitar|88/100|[from] Stealth Rock
|turn|8
|
|t:|1734365627
|move|p1a: Bosh|Surf|p2a: Tyranitar
|-supereffective|p2a: Tyranitar
|-damage|p2a: Tyranitar|54/100
|move|p2a: Tyranitar|Pursuit|p1a: Bosh
|-supereffective|p1a: Bosh
|-damage|p1a: Bosh|28/100
|
|-weather|Sandstorm|[upkeep]
|-damage|p1a: Bosh|22/100|[from] Sandstorm
|upkeep
|turn|9
|
|t:|1734365631
|move|p1a: Bosh|Surf|p2a: Tyranitar
|-supereffective|p2a: Tyranitar
|-damage|p2a: Tyranitar|18/100
|move|p2a: Tyranitar|Pursuit|p1a: Bosh
|-supereffective|p1a: Bosh
|-damage|p1a: Bosh|0 fnt
|faint|p1a: Bosh
|
|-weather|Sandstorm|[upkeep]
|upkeep
|
|t:|1734365635
|switch|p1a: Miller|Scizor, F, shiny|100/100
|-damage|p1a: Miller|88/100|[from] Stealth Rock
|turn|10
|
|t:|1734365640
|move|p1a: Miller|U-turn|p2a: Tyranitar
|-supereffective|p2a: Tyranitar
|-damage|p2a: Tyranitar|0 fnt
|faint|p2a: Tyranitar
|
|t:|1734365645
|switch|p1a: D.Wade|Terrakion|82/100|[from] U-turn
|-damage|p1a: D.Wade|76/100|[from] Stealth Rock
|
|-weather|Sandstorm|[upkeep]
|upkeep
|l| NwasTaken
|
|t:|1734365649
|switch|p2a: Keldeo|Keldeo|88/100
|-damage|p2a: Keldeo|82/100|[from] Stealth Rock
|turn|11
|
|t:|1734365677
|switch|p1a: Ray Allen|Magnezone|100/100
|-damage|p1a: Ray Allen|94/100|[from] Stealth Rock
|move|p2a: Keldeo|Secret Sword|p1a: Ray Allen
|-supereffective|p1a: Ray Allen
|-damage|p1a: Ray Allen|0 fnt
|faint|p1a: Ray Allen
|
|-weather|Sandstorm|[upkeep]
|-damage|p2a: Keldeo|76/100|[from] Sandstorm
|upkeep
|
|t:|1734365684
|switch|p1a: Miller|Scizor, F, shiny|88/100
|-damage|p1a: Miller|76/100|[from] Stealth Rock
|turn|12
|
|t:|1734365695
|switch|p2a: Hydreigon|Hydreigon, F, shiny|100/100
|-damage|p2a: Hydreigon|88/100|[from] Stealth Rock
|move|p1a: Miller|U-turn|p2a: Hydreigon
|-supereffective|p2a: Hydreigon
|-damage|p2a: Hydreigon|0 fnt
|faint|p2a: Hydreigon
|
|t:|1734365700
|switch|p1a: D.Wade|Terrakion|76/100|[from] U-turn
|-damage|p1a: D.Wade|70/100|[from] Stealth Rock
|
|-weather|Sandstorm|[upkeep]
|upkeep
|
|t:|1734365704
|switch|p2a: Keldeo|Keldeo|76/100
|-damage|p2a: Keldeo|70/100|[from] Stealth Rock
|turn|13
|
|t:|1734365709
|switch|p1a: Miller|Scizor, F, shiny|76/100
|-damage|p1a: Miller|64/100|[from] Stealth Rock
|move|p2a: Keldeo|Secret Sword|p1a: Miller
|-damage|p1a: Miller|20/100
|
|-weather|Sandstorm|[upkeep]
|-damage|p2a: Keldeo|63/100|[from] Sandstorm
|upkeep
|turn|14
|
|t:|1734365714
|move|p1a: Miller|Bullet Punch|p2a: Keldeo
|-resisted|p2a: Keldeo
|-damage|p2a: Keldeo|34/100
|move|p2a: Keldeo|Secret Sword|p1a: Miller
|-damage|p1a: Miller|0 fnt
|faint|p1a: Miller
|
|-weather|Sandstorm|[upkeep]
|-damage|p2a: Keldeo|28/100|[from] Sandstorm
|upkeep
|
|t:|1734365715
|switch|p1a: D.Wade|Terrakion|70/100
|-damage|p1a: D.Wade|63/100|[from] Stealth Rock
|turn|15
|
|t:|1734365718
|move|p2a: Keldeo|Secret Sword|p1a: D.Wade
|-supereffective|p1a: D.Wade
|-damage|p1a: D.Wade|0 fnt
|faint|p1a: D.Wade
|
|win|HydreigonSpammer
|raw|stonya's rating: 1412 &rarr; <strong>1394</strong><br />(-18 for losing)
|raw|HydreigonSpammer's rating: 1447 &rarr; <strong>1465</strong><br />(+18 for winning)
