|j|☆mefu64
|j|☆SkillfullBeing
|t:|1730509116
|gametype|singles
|player|p1|mefu64|roughneck|1271
|player|p2|SkillfullBeing|nate|1407
|teamsize|p1|6
|teamsize|p2|6
|gen|5
|tier|[Gen 5] OU
|rated|
|rule|Species Clause: Limit one of each Pokémon
|rule|OHKO Clause: OHKO moves are banned
|rule|Moody Clause: Moody is banned
|rule|Evasion Items Clause: Evasion items are banned
|rule|Evasion Moves Clause: Evasion moves are banned
|rule|Endless Battle Clause: Forcing endless battles is banned
|rule|HP Percentage Mod: HP is shown in percentages
|rule|Evasion Abilities Clause: Evasion abilities are banned
|rule|Sleep Moves Clause: Sleep-inducing moves are banned
|rule|Swagger Clause: Swagger is banned
|rule|Baton Pass Stat Clause: No Baton Passer may have a way to boost its stats
|clearpoke
|poke|p1|Tyranitar, F|item
|poke|p1|Latios, M|item
|poke|p1|Mamoswine, M|item
|poke|p1|Alakazam, M|item
|poke|p1|Rotom-Wash|item
|poke|p1|Ferrothorn, M|item
|poke|p2|Tyranitar, M|item
|poke|p2|Alakazam, F|item
|poke|p2|Landorus-Therian, M|item
|poke|p2|Keldeo|item
|poke|p2|Excadrill, F|item
|poke|p2|Ferrothorn, M|item
|teampreview
|inactive|Battle timer is ON: inactive players will automatically lose when time's up. (requested by SkillfullBeing)
|
|t:|1730509125
|start
|switch|p1a: Rotom|Rotom-Wash|100/100
|switch|p2a: Landorus|Landorus-Therian, M|100/100
|-ability|p2a: Landorus|Intimidate|boost
|-unboost|p1a: Rotom|atk|1
|turn|1
|
|t:|1730509130
|move|p2a: Landorus|U-turn|p1a: Rotom
|-damage|p1a: Rotom|81/100
|
|t:|1730509136
|switch|p2a: Ferrothorn|Ferrothorn, M|100/100|[from] U-turn
|move|p1a: Rotom|Will-O-Wisp|p2a: Ferrothorn
|-status|p2a: Ferrothorn|brn
|
|-heal|p1a: Rotom|87/100|[from] item: Leftovers
|-damage|p2a: Ferrothorn|88/100 brn|[from] brn
|upkeep
|turn|2
|
|t:|1730509150
|switch|p1a: Mamoswine|Mamoswine, M|100/100
|move|p2a: Ferrothorn|Stealth Rock|p1a: Mamoswine
|-sidestart|p1: mefu64|move: Stealth Rock
|
|-heal|p2a: Ferrothorn|94/100 brn|[from] item: Leftovers
|-damage|p2a: Ferrothorn|82/100 brn|[from] brn
|upkeep
|turn|3
|
|t:|1730509157
|move|p1a: Mamoswine|Superpower|p2a: Ferrothorn
|-supereffective|p2a: Ferrothorn
|-damage|p2a: Ferrothorn|0 fnt
|-unboost|p1a: Mamoswine|atk|1
|-unboost|p1a: Mamoswine|def|1
|-damage|p1a: Mamoswine|88/100|[from] ability: Iron Barbs|[of] p2a: Ferrothorn
|faint|p2a: Ferrothorn
|
|upkeep
|
|t:|1730509164
|switch|p2a: Keldeo|Keldeo|100/100
|turn|4
|
|t:|1730509172
|switch|p1a: Rotom|Rotom-Wash|87/100
|-damage|p1a: Rotom|75/100|[from] Stealth Rock
|move|p2a: Keldeo|Secret Sword|p1a: Rotom
|-damage|p1a: Rotom|36/100
|
|-heal|p1a: Rotom|42/100|[from] item: Leftovers
|upkeep
|turn|5
|
|t:|1730509180
|move|p2a: Keldeo|Secret Sword|p1a: Rotom
|-damage|p1a: Rotom|8/100
|move|p1a: Rotom|Thunder Wave|p2a: Keldeo
|-status|p2a: Keldeo|par
|
|-heal|p1a: Rotom|14/100|[from] item: Leftovers
|upkeep
|turn|6
|
|t:|1730509185
|move|p2a: Keldeo|Protect|p2a: Keldeo
|-singleturn|p2a: Keldeo|Protect
|move|p1a: Rotom|Thunderbolt|p2a: Keldeo
|-activate|p2a: Keldeo|move: Protect
|
|-heal|p1a: Rotom|20/100|[from] item: Leftovers
|upkeep
|turn|7
|
|t:|1730509191
|switch|p2a: Landorus|Landorus-Therian, M|100/100
|-ability|p2a: Landorus|Intimidate|boost
|-unboost|p1a: Rotom|atk|1
|move|p1a: Rotom|Thunderbolt|p2a: Landorus
|-immune|p2a: Landorus
|
|-heal|p1a: Rotom|26/100|[from] item: Leftovers
|upkeep
|turn|8
|
|t:|1730509197
|move|p2a: Landorus|U-turn|p1a: Rotom
|-damage|p1a: Rotom|8/100
|
|t:|1730509199
|switch|p2a: Tyranitar|Tyranitar, M|100/100|[from] U-turn
|-weather|Sandstorm|[from] ability: Sand Stream|[of] p2a: Tyranitar
|move|p1a: Rotom|Will-O-Wisp|p2a: Tyranitar
|-status|p2a: Tyranitar|brn
|
|-weather|Sandstorm|[upkeep]
|-damage|p1a: Rotom|2/100|[from] Sandstorm
|-heal|p1a: Rotom|8/100|[from] item: Leftovers
|-damage|p2a: Tyranitar|88/100 brn|[from] brn
|upkeep
|turn|9
|
|t:|1730509205
|move|p1a: Rotom|Hydro Pump|p2a: Tyranitar
|-supereffective|p2a: Tyranitar
|-damage|p2a: Tyranitar|51/100 brn
|move|p2a: Tyranitar|Pursuit|p1a: Rotom
|-damage|p1a: Rotom|1/100
|
|-weather|Sandstorm|[upkeep]
|-damage|p1a: Rotom|0 fnt|[from] Sandstorm
|faint|p1a: Rotom
|-damage|p2a: Tyranitar|38/100 brn|[from] brn
|upkeep
|inactive|mefu64 has 120 seconds left.
|
|t:|1730509246
|switch|p1a: Ferrothorn|Ferrothorn, M|100/100
|-damage|p1a: Ferrothorn|94/100|[from] Stealth Rock
|turn|10
|
|t:|1730509250
|move|p2a: Tyranitar|Flamethrower|p1a: Ferrothorn
|-supereffective|p1a: Ferrothorn
|-damage|p1a: Ferrothorn|49/100
|move|p1a: Ferrothorn|Power Whip|p2a: Tyranitar
|-supereffective|p2a: Tyranitar
|-damage|p2a: Tyranitar|0 fnt
|faint|p2a: Tyranitar
|
|-weather|Sandstorm|[upkeep]
|-heal|p1a: Ferrothorn|55/100|[from] item: Leftovers
|upkeep
|
|t:|1730509263
|switch|p2a: Keldeo|Keldeo|100/100 par
|turn|11
|
|t:|1730509268
|cant|p2a: Keldeo|par
|move|p1a: Ferrothorn|Spikes|p2a: Keldeo
|-sidestart|p2: SkillfullBeing|Spikes
|
|-weather|Sandstorm|[upkeep]
|-damage|p2a: Keldeo|94/100 par|[from] Sandstorm
|-heal|p2a: Keldeo|100/100 par|[from] item: Leftovers
|-heal|p1a: Ferrothorn|61/100|[from] item: Leftovers
|upkeep
|turn|12
|
|t:|1730509272
|move|p2a: Keldeo|Secret Sword|p1a: Ferrothorn
|-supereffective|p1a: Ferrothorn
|-damage|p1a: Ferrothorn|0 fnt
|faint|p1a: Ferrothorn
|
|-weather|Sandstorm|[upkeep]
|-damage|p2a: Keldeo|94/100 par|[from] Sandstorm
|-heal|p2a: Keldeo|100/100 par|[from] item: Leftovers
|upkeep
|j| kamalatheinstalled
|
|t:|1730509279
|switch|p1a: Alakazam|Alakazam, M|100/100
|turn|13
|
|t:|1730509282
|move|p2a: Keldeo|Protect|p2a: Keldeo
|-singleturn|p2a: Keldeo|Protect
|move|p1a: Alakazam|Psyshock|p2a: Keldeo
|-activate|p2a: Keldeo|move: Protect
|
|-weather|Sandstorm|[upkeep]
|-damage|p2a: Keldeo|94/100 par|[from] Sandstorm
|-heal|p2a: Keldeo|100/100 par|[from] item: Leftovers
|upkeep
|turn|14
|
|t:|1730509291
|switch|p2a: Landorus|Landorus-Therian, M|100/100
|-ability|p2a: Landorus|Intimidate|boost
|-unboost|p1a: Alakazam|atk|1
|move|p1a: Alakazam|Psyshock|p2a: Landorus
|-crit|p2a: Landorus
|-damage|p2a: Landorus|10/100
|
|-weather|Sandstorm|[upkeep]
|upkeep
|turn|15
|l| kamalatheinstalled
|
|t:|1730509303
|move|p2a: Landorus|U-turn|p1a: Alakazam
|-supereffective|p1a: Alakazam
|-enditem|p1a: Alakazam|Focus Sash
|-damage|p1a: Alakazam|1/100
|
|t:|1730509307
|switch|p2a: Alakazam|Alakazam, F|100/100|[from] U-turn
|move|p1a: Alakazam|Hidden Power|p2a: Alakazam
|-damage|p2a: Alakazam|64/100
|
|-weather|Sandstorm|[upkeep]
|upkeep
|turn|16
|
|t:|1730509312
|switch|p1a: Tyranitar|Tyranitar, F|100/100
|-damage|p1a: Tyranitar|88/100|[from] Stealth Rock
|move|p2a: Alakazam|Energy Ball|p1a: Tyranitar
|-supereffective|p1a: Tyranitar
|-damage|p1a: Tyranitar|59/100
|
|-weather|Sandstorm|[upkeep]
|upkeep
|turn|17
|
|t:|1730509316
|move|p2a: Alakazam|Focus Blast|p1a: Tyranitar
|-supereffective|p1a: Tyranitar
|-enditem|p1a: Tyranitar|Chople Berry|[eat]
|-enditem|p1a: Tyranitar|Chople Berry|[weaken]
|-damage|p1a: Tyranitar|20/100
|move|p1a: Tyranitar|Pursuit|p2a: Alakazam
|-supereffective|p2a: Alakazam
|-damage|p2a: Alakazam|0 fnt
|faint|p2a: Alakazam
|
|-weather|Sandstorm|[upkeep]
|upkeep
|
|t:|1730509331
|switch|p2a: Excadrill|Excadrill, F|100/100
|-item|p2a: Excadrill|Air Balloon
|turn|18
|
|t:|1730509334
|move|p2a: Excadrill|Iron Head|p1a: Tyranitar
|-supereffective|p1a: Tyranitar
|-damage|p1a: Tyranitar|0 fnt
|faint|p1a: Tyranitar
|
|-weather|Sandstorm|[upkeep]
|upkeep
|
|t:|1730509350
|switch|p1a: Latios|Latios, M|100/100
|-damage|p1a: Latios|88/100|[from] Stealth Rock
|turn|19
|
|t:|1730509354
|move|p1a: Latios|Surf|p2a: Excadrill
|-supereffective|p2a: Excadrill
|-damage|p2a: Excadrill|20/100
|-enditem|p2a: Excadrill|Air Balloon
|move|p2a: Excadrill|Iron Head|p1a: Latios
|-damage|p1a: Latios|11/100
|
|-weather|Sandstorm|[upkeep]
|-damage|p1a: Latios|5/100|[from] Sandstorm
|upkeep
|turn|20
|
|t:|1730509360
|move|p1a: Latios|Surf|p2a: Excadrill
|-supereffective|p2a: Excadrill
|-damage|p2a: Excadrill|0 fnt
|faint|p2a: Excadrill
|
|-weather|Sandstorm|[upkeep]
|-damage|p1a: Latios|0 fnt|[from] Sandstorm
|faint|p1a: Latios
|upkeep
|
|t:|1730509372
|switch|p1a: Alakazam|Alakazam, M|1/100
|switch|p2a: Keldeo|Keldeo|100/100 par
|-damage|p2a: Keldeo|88/100 par|[from] Spikes
|turn|21
|
|t:|1730509377
|move|p1a: Alakazam|Psyshock|p2a: Keldeo
|-supereffective|p2a: Keldeo
|-damage|p2a: Keldeo|0 fnt
|faint|p2a: Keldeo
|
|-weather|Sandstorm|[upkeep]
|upkeep
|
|t:|1730509379
|switch|p2a: Landorus|Landorus-Therian, M|10/100
|-ability|p2a: Landorus|Intimidate|boost
|-unboost|p1a: Alakazam|atk|1
|turn|22
|
|t:|1730509381
|move|p2a: Landorus|Earthquake|p1a: Alakazam
|-damage|p1a: Alakazam|0 fnt
|faint|p1a: Alakazam
|
|-weather|Sandstorm|[upkeep]
|upkeep
|
|t:|1730509384
|switch|p1a: Mamoswine|Mamoswine, M|88/100
|-damage|p1a: Mamoswine|76/100|[from] Stealth Rock
|turn|23
|
|t:|1730509385
|move|p1a: Mamoswine|Ice Shard|p2a: Landorus
|-supereffective|p2a: Landorus
|-damage|p2a: Landorus|0 fnt
|faint|p2a: Landorus
|
|win|mefu64
|raw|mefu64's rating: 1271 &rarr; <strong>1305</strong><br />(+34 for winning)
|raw|SkillfullBeing's rating: 1407 &rarr; <strong>1380</strong><br />(-27 for losing)
|l|☆SkillfullBeing
|player|p2|
