|j|☆Avalon2502
|j|☆bmy
|player|p1|Avalon2502|267
|player|p2|bmy|282
|teamsize|p1|6
|teamsize|p2|6
|gametype|singles
|gen|5
|tier|[Gen 5] OU
|rated|
|rule|Sleep Clause Mod: Limit one foe put to sleep
|rule|Species Clause: Limit one of each Pokémon
|rule|OHKO Clause: OHKO moves are banned
|rule|Moody Clause: Moody is banned
|rule|Evasion Moves Clause: Evasion moves are banned
|rule|Endless Battle Clause: Forcing endless battles is banned
|rule|HP Percentage Mod: HP is shown in percentages
|rule|Evasion Abilities Clause: Evasion abilities are banned
|rule|Baton Pass Clause: Limit one Baton Passer, can't pass Spe and other stats simultaneously
|rule|Swagger Clause: Swagger is banned
|clearpoke
|poke|p1|Infernape, F|item
|poke|p1|Tyranitar, M|item
|poke|p1|Hydreigon, M|item
|poke|p1|Jirachi|item
|poke|p1|Latios, M|item
|poke|p1|Salamence, M|item
|poke|p2|Garchomp, F|item
|poke|p2|Magneton|item
|poke|p2|Roserade, F|item
|poke|p2|Keldeo-Resolute|item
|poke|p2|Metagross|item
|poke|p2|Latios, M|item
|teampreview
|inactive|Battle timer is ON: inactive players will automatically lose when time's up. (requested by Avalon2502)
|c|☆Avalon2502|hi gl hf
|
|start
|switch|p1a: Infernape|Infernape, F|100/100
|switch|p2a: Roserade|Roserade, F|100/100
|turn|1
|
|switch|p2a: Garchomp|Garchomp, F|100/100
|move|p1a: Infernape|Fake Out|p2a: Garchomp
|-damage|p2a: Garchomp|93/100
|-damage|p1a: Infernape|88/100|[from] ability: Rough Skin|[of] p2a: Garchomp
|-damage|p1a: Infernape|72/100|[from] item: Rocky Helmet|[of] p2a: Garchomp
|
|upkeep
|turn|2
|
|move|p1a: Infernape|Stealth Rock|p2a: Garchomp
|-sidestart|p2: bmy|move: Stealth Rock
|move|p2a: Garchomp|Stealth Rock|p1a: Infernape
|-sidestart|p1: Avalon2502|move: Stealth Rock
|
|upkeep
|turn|3
|inactive|Avalon2502 has 135 seconds left.
|
|switch|p1a: Latios|Latios, M|100/100
|-damage|p1a: Latios|88/100|[from] Stealth Rock
|move|p2a: Garchomp|Dragon Tail|p1a: Latios
|-supereffective|p1a: Latios
|-damage|p1a: Latios|22/100
|drag|p1a: Hydreigon|Hydreigon, M|100/100
|-damage|p1a: Hydreigon|88/100|[from] Stealth Rock
|
|-heal|p1a: Hydreigon|94/100|[from] item: Leftovers
|upkeep
|turn|4
|inactive|bmy has 135 seconds left.
|
|switch|p2a: Keldeo|Keldeo-Resolute|100/100
|-damage|p2a: Keldeo|94/100|[from] Stealth Rock
|move|p1a: Hydreigon|Dragon Pulse|p2a: Keldeo
|-damage|p2a: Keldeo|35/100
|
|-heal|p1a: Hydreigon|100/100|[from] item: Leftovers
|upkeep
|turn|5
|
|switch|p1a: Infernape|Infernape, F|72/100
|-damage|p1a: Infernape|60/100|[from] Stealth Rock
|move|p2a: Keldeo|Secret Sword|p1a: Infernape
|-damage|p1a: Infernape|0 fnt
|faint|p1a: Infernape
|
|upkeep
|
|switch|p1a: Salamence|Salamence, M|100/100
|-damage|p1a: Salamence|76/100|[from] Stealth Rock
|turn|6
|inactive|bmy has 135 seconds left.
|
|switch|p2a: Garchomp|Garchomp, F|93/100
|-damage|p2a: Garchomp|87/100|[from] Stealth Rock
|move|p1a: Salamence|Earthquake|p2a: Garchomp
|-damage|p2a: Garchomp|64/100
|
|upkeep
|turn|7
|
|switch|p1a: Tyranitar|Tyranitar, M|100/100
|-damage|p1a: Tyranitar|88/100|[from] Stealth Rock
|-weather|Sandstorm|[from] ability: Sand Stream|[of] p1a: Tyranitar
|move|p2a: Garchomp|Dragon Tail|p1a: Tyranitar
|-damage|p1a: Tyranitar|65/100
|drag|p1a: Hydreigon|Hydreigon, M|100/100
|-damage|p1a: Hydreigon|88/100|[from] Stealth Rock
|
|-weather|Sandstorm|[upkeep]
|-damage|p1a: Hydreigon|82/100|[from] Sandstorm
|-heal|p1a: Hydreigon|88/100|[from] item: Leftovers
|upkeep
|turn|8
|
|switch|p2a: Roserade|Roserade, F|100/100
|-damage|p2a: Roserade|88/100|[from] Stealth Rock
|move|p1a: Hydreigon|Dragon Pulse|p2a: Roserade
|-damage|p2a: Roserade|20/100
|
|-weather|Sandstorm|[upkeep]
|-damage|p2a: Roserade|14/100|[from] Sandstorm
|-damage|p1a: Hydreigon|82/100|[from] Sandstorm
|-heal|p1a: Hydreigon|88/100|[from] item: Leftovers
|upkeep
|turn|9
|
|move|p2a: Roserade|Sludge Bomb|p1a: Hydreigon
|-damage|p1a: Hydreigon|37/100
|move|p1a: Hydreigon|Substitute|p1a: Hydreigon
|-start|p1a: Hydreigon|Substitute
|-damage|p1a: Hydreigon|12/100
|
|-weather|Sandstorm|[upkeep]
|-damage|p2a: Roserade|8/100|[from] Sandstorm
|-damage|p1a: Hydreigon|6/100|[from] Sandstorm
|-heal|p1a: Hydreigon|12/100|[from] item: Leftovers
|upkeep
|turn|10
|
|move|p2a: Roserade|Sludge Bomb|p1a: Hydreigon
|-end|p1a: Hydreigon|Substitute
|move|p1a: Hydreigon|Dragon Pulse|p2a: Roserade
|-damage|p2a: Roserade|0 fnt
|faint|p2a: Roserade
|
|-weather|Sandstorm|[upkeep]
|-damage|p1a: Hydreigon|6/100|[from] Sandstorm
|-heal|p1a: Hydreigon|12/100|[from] item: Leftovers
|upkeep
|
|switch|p2a: Latios|Latios, M|100/100
|-damage|p2a: Latios|88/100|[from] Stealth Rock
|turn|11
|
|move|p2a: Latios|Dragon Claw|p1a: Hydreigon
|-supereffective|p1a: Hydreigon
|-damage|p1a: Hydreigon|0 fnt
|faint|p1a: Hydreigon
|
|-weather|Sandstorm|[upkeep]
|-damage|p2a: Latios|82/100|[from] Sandstorm
|upkeep
|j| Master Origami
|
|switch|p1a: Jirachi|Jirachi|100/100
|-damage|p1a: Jirachi|94/100|[from] Stealth Rock
|turn|12
|
|move|p2a: Latios|Earthquake|p1a: Jirachi
|-supereffective|p1a: Jirachi
|-damage|p1a: Jirachi|53/100
|move|p1a: Jirachi|Substitute|p1a: Jirachi
|-start|p1a: Jirachi|Substitute
|-damage|p1a: Jirachi|28/100
|
|-weather|Sandstorm|[upkeep]
|-damage|p2a: Latios|76/100|[from] Sandstorm
|-heal|p1a: Jirachi|34/100|[from] item: Leftovers
|upkeep
|turn|13
|
|move|p2a: Latios|Earthquake|p1a: Jirachi
|-supereffective|p1a: Jirachi
|-end|p1a: Jirachi|Substitute
|move|p1a: Jirachi|Thunder|p2a: Latios
|-resisted|p2a: Latios
|-damage|p2a: Latios|62/100
|-status|p2a: Latios|par
|-enditem|p2a: Latios|Lum Berry|[eat]
|-curestatus|p2a: Latios|par|[msg]
|
|-weather|Sandstorm|[upkeep]
|-damage|p2a: Latios|56/100|[from] Sandstorm
|-heal|p1a: Jirachi|40/100|[from] item: Leftovers
|upkeep
|turn|14
|j| Dayanne or Mavis
|j| Exaliburn88
|inactive|Avalon2502 has 135 seconds left.
|
|switch|p1a: Latios|Latios, M|22/100
|-damage|p1a: Latios|10/100|[from] Stealth Rock
|move|p2a: Latios|Earthquake|p1a: Latios
|-immune|p1a: Latios|[msg]|[from] ability: Levitate
|
|-weather|Sandstorm|[upkeep]
|-damage|p2a: Latios|50/100|[from] Sandstorm
|-damage|p1a: Latios|4/100|[from] Sandstorm
|upkeep
|turn|15
|
|move|p1a: Latios|Draco Meteor|p2a: Latios
|-supereffective|p2a: Latios
|-damage|p2a: Latios|0 fnt
|-unboost|p1a: Latios|spa|2
|faint|p2a: Latios
|
|-weather|Sandstorm|[upkeep]
|-damage|p1a: Latios|0 fnt|[from] Sandstorm
|upkeep
|faint|p1a: Latios
|
|switch|p2a: Keldeo|Keldeo-Resolute|35/100
|switch|p1a: Tyranitar|Tyranitar, M|65/100
|-damage|p2a: Keldeo|28/100|[from] Stealth Rock
|-damage|p1a: Tyranitar|53/100|[from] Stealth Rock
|turn|16
|
|move|p2a: Keldeo|Secret Sword|p1a: Tyranitar
|-supereffective|p1a: Tyranitar
|-crit|p1a: Tyranitar
|-damage|p1a: Tyranitar|0 fnt
|faint|p1a: Tyranitar
|
|-weather|Sandstorm|[upkeep]
|-damage|p2a: Keldeo|22/100|[from] Sandstorm
|upkeep
|c|☆Avalon2502|fuck you're scarfed
|
|switch|p1a: Jirachi|Jirachi|40/100
|-damage|p1a: Jirachi|34/100|[from] Stealth Rock
|turn|17
|l| Master Origami
|
|switch|p2a: Magneton|Magneton|100/100
|-damage|p2a: Magneton|94/100|[from] Stealth Rock
|move|p1a: Jirachi|Psyshock|p2a: Magneton
|-resisted|p2a: Magneton
|-damage|p2a: Magneton|76/100
|
|-weather|Sandstorm|[upkeep]
|-heal|p1a: Jirachi|40/100|[from] item: Leftovers
|upkeep
|turn|18
|l| Exaliburn88
|
|move|p2a: Magneton|Thunderbolt|p1a: Jirachi
|-damage|p1a: Jirachi|1/100
|move|p1a: Jirachi|Substitute|p1a: Jirachi
|-fail|p1a: Jirachi|move: Substitute|[weak]
|
|-weather|Sandstorm|[upkeep]
|-heal|p1a: Jirachi|8/100|[from] item: Leftovers
|upkeep
|turn|19
|
|move|p2a: Magneton|Thunderbolt|p1a: Jirachi
|-damage|p1a: Jirachi|0 fnt
|faint|p1a: Jirachi
|
|-weather|Sandstorm|[upkeep]
|upkeep
|
|switch|p1a: Salamence|Salamence, M|76/100
|-damage|p1a: Salamence|51/100|[from] Stealth Rock
|turn|20
|c|☆bmy|gg
|
|move|p1a: Salamence|Outrage|p2a: Magneton
|-resisted|p2a: Magneton
|-damage|p2a: Magneton|30/100
|move|p2a: Magneton|Thunderbolt|p1a: Salamence
|-damage|p1a: Salamence|0 fnt
|faint|p1a: Salamence
|
|win|bmy
|l|☆Avalon2502
|raw|Avalon2502's rating: 1339 &rarr; <strong>1329</strong><br />(-10 for losing)
|raw|bmy's rating: 1532 &rarr; <strong>1542</strong><br />(+10 for winning)
|l|☆bmy
