|j|☆Jellium
|j|☆affksl
|t:|1714844830
|gametype|singles
|player|p1|Jellium|scientist-gen4|1332
|player|p2|affksl|pokemaniac-gen3rs|1325
|teamsize|p1|6
|teamsize|p2|6
|gen|5
|tier|[Gen 5] OU
|rated|
|rule|Species Clause: Limit one of each Pokémon
|rule|OHKO Clause: OHKO moves are banned
|rule|Moody Clause: Moody is banned
|rule|Evasion Items Clause: Evasion items are banned
|rule|Evasion Moves Clause: Evasion moves are banned
|rule|Endless Battle Clause: Forcing endless battles is banned
|rule|HP Percentage Mod: HP is shown in percentages
|rule|Evasion Abilities Clause: Evasion abilities are banned
|rule|Sleep Moves Clause: Sleep-inducing moves are banned
|rule|Swagger Clause: Swagger is banned
|rule|Baton Pass Stat Clause: No Baton Passer may have a way to boost its stats
|clearpoke
|poke|p1|Garchomp, M|item
|poke|p1|Volcarona, M|item
|poke|p1|Dragonite, F|item
|poke|p1|Breloom, F|item
|poke|p1|Starmie|item
|poke|p1|Scizor, M|item
|poke|p2|Mew|item
|poke|p2|Uxie|item
|poke|p2|Cloyster, M|item
|poke|p2|Mamoswine, F|item
|poke|p2|Lucario, M|item
|poke|p2|Gyarados, M|item
|teampreview
|inactive|Battle timer is ON: inactive players will automatically lose when time's up. (requested by affksl)
|j| Fukina
|
|t:|1714844840
|start
|switch|p1a: Garchomp|Garchomp, M|100/100
|switch|p2a: Mew|Mew|100/100
|turn|1
|
|t:|1714844845
|move|p1a: Garchomp|Stealth Rock|p2a: Mew
|-sidestart|p2: affksl|move: Stealth Rock
|move|p2a: Mew|Reflect|p2a: Mew
|-sidestart|p2: affksl|Reflect
|
|upkeep
|turn|2
|
|t:|1714844848
|move|p1a: Garchomp|Swords Dance|p1a: Garchomp
|-boost|p1a: Garchomp|atk|2
|move|p2a: Mew|Stealth Rock|p1a: Garchomp
|-sidestart|p1: Jellium|move: Stealth Rock
|
|upkeep
|turn|3
|
|t:|1714844852
|move|p1a: Garchomp|Swords Dance|p1a: Garchomp
|-boost|p1a: Garchomp|atk|2
|move|p2a: Mew|Light Screen|p2a: Mew
|-sidestart|p2: affksl|move: Light Screen
|
|upkeep
|turn|4
|
|t:|1714844858
|switch|p2a: Lucario|Lucario, M|100/100
|-damage|p2a: Lucario|98/100|[from] Stealth Rock
|move|p1a: Garchomp|Outrage|p2a: Lucario
|-resisted|p2a: Lucario
|-damage|p2a: Lucario|19/100
|
|upkeep
|turn|5
|
|t:|1714844862
|move|p2a: Lucario|Extreme Speed|p1a: Garchomp
|-damage|p1a: Garchomp|62/100
|-damage|p2a: Lucario|7/100|[from] ability: Rough Skin|[of] p1a: Garchomp
|-damage|p2a: Lucario|0 fnt|[from] item: Life Orb
|faint|p2a: Lucario
|move|p1a: Garchomp|Outrage|p2: Lucario|[from]lockedmove|[notarget]
|-fail|p1a: Garchomp
|-start|p1a: Garchomp|confusion|[fatigue]
|
|upkeep
|
|t:|1714844865
|switch|p2a: Mamoswine|Mamoswine, F|100/100
|-damage|p2a: Mamoswine|88/100|[from] Stealth Rock
|turn|6
|
|t:|1714844868
|move|p2a: Mamoswine|Ice Shard|p1a: Garchomp
|-supereffective|p1a: Garchomp
|-damage|p1a: Garchomp|0 fnt
|faint|p1a: Garchomp
|-damage|p2a: Mamoswine|78/100|[from] item: Life Orb
|
|upkeep
|
|t:|1714844888
|switch|p1a: Starmie|Starmie|100/100
|-damage|p1a: Starmie|88/100|[from] Stealth Rock
|-item|p1a: Starmie|Air Balloon
|turn|7
|
|t:|1714844905
|move|p1a: Starmie|Rapid Spin|p2a: Mamoswine
|-damage|p2a: Mamoswine|76/100
|-sideend|p1: Jellium|Stealth Rock|[from] move: Rapid Spin|[of] p1a: Starmie
|move|p2a: Mamoswine|Icicle Crash|p1a: Starmie
|-resisted|p1a: Starmie
|-damage|p1a: Starmie|48/100
|-enditem|p1a: Starmie|Air Balloon
|-damage|p2a: Mamoswine|66/100|[from] item: Life Orb
|
|upkeep
|turn|8
|
|t:|1714844914
|switch|p2a: Mew|Mew|100/100
|-damage|p2a: Mew|88/100|[from] Stealth Rock
|move|p1a: Starmie|Hydro Pump|p2a: Mew
|-damage|p2a: Mew|57/100
|
|-sideend|p2: affksl|Reflect
|upkeep
|turn|9
|
|t:|1714844931
|switch|p1a: Volcarona|Volcarona, M, shiny|100/100
|move|p2a: Mew|Reflect|p2a: Mew
|-sidestart|p2: affksl|Reflect
|
|upkeep
|turn|10
|
|t:|1714844934
|move|p2a: Mew|Taunt|p1a: Volcarona
|-start|p1a: Volcarona|move: Taunt
|cant|p1a: Volcarona|move: Taunt|Quiver Dance
|
|-sideend|p2: affksl|move: Light Screen
|upkeep
|turn|11
|
|t:|1714844940
|move|p2a: Mew|Light Screen|p2a: Mew
|-sidestart|p2: affksl|move: Light Screen
|move|p1a: Volcarona|Bug Buzz|p2a: Mew
|-supereffective|p2a: Mew
|-damage|p2a: Mew|0 fnt
|faint|p2a: Mew
|
|upkeep
|
|t:|1714844952
|switch|p2a: Gyarados|Gyarados, M|100/100
|-damage|p2a: Gyarados|76/100|[from] Stealth Rock
|turn|12
|
|t:|1714844979
|move|p1a: Volcarona|Psychic|p2a: Gyarados
|-crit|p2a: Gyarados
|-damage|p2a: Gyarados|10/100
|move|p2a: Gyarados|Dragon Dance|p2a: Gyarados
|-boost|p2a: Gyarados|atk|1
|-boost|p2a: Gyarados|spe|1
|
|-heal|p2a: Gyarados|17/100|[from] item: Leftovers
|-end|p1a: Volcarona|move: Taunt
|upkeep
|turn|13
|
|t:|1714844990
|switch|p1a: Dragonite|Dragonite, F, shiny|100/100
|move|p2a: Gyarados|Waterfall|p1a: Dragonite
|-resisted|p1a: Dragonite
|-damage|p1a: Dragonite|83/100
|
|-heal|p2a: Gyarados|23/100|[from] item: Leftovers
|upkeep
|turn|14
|
|t:|1714845008
|move|p1a: Dragonite|Extreme Speed|p2a: Gyarados
|-damage|p2a: Gyarados|4/100
|move|p2a: Gyarados|Bounce||[still]
|-prepare|p2a: Gyarados|Bounce
|
|-heal|p2a: Gyarados|10/100|[from] item: Leftovers
|upkeep
|turn|15
|
|t:|1714845019
|move|p2a: Gyarados|Bounce|p1a: Dragonite|[from]lockedmove
|-damage|p1a: Dragonite|18/100
|move|p1a: Dragonite|Dragon Dance|p1a: Dragonite
|-boost|p1a: Dragonite|atk|1
|-boost|p1a: Dragonite|spe|1
|
|-heal|p2a: Gyarados|16/100|[from] item: Leftovers
|upkeep
|turn|16
|
|t:|1714845033
|move|p1a: Dragonite|Extreme Speed|p2a: Gyarados
|-damage|p2a: Gyarados|0 fnt
|faint|p2a: Gyarados
|
|-sideend|p2: affksl|Reflect
|upkeep
|
|t:|1714845040
|switch|p2a: Uxie|Uxie|100/100
|-damage|p2a: Uxie|88/100|[from] Stealth Rock
|turn|17
|
|t:|1714845043
|move|p1a: Dragonite|Outrage|p2a: Uxie
|-damage|p2a: Uxie|3/100
|move|p2a: Uxie|Reflect|p2a: Uxie
|-sidestart|p2: affksl|Reflect
|
|upkeep
|turn|18
|
|t:|1714845049
|move|p1a: Dragonite|Outrage|p2a: Uxie|[from]lockedmove
|-damage|p2a: Uxie|0 fnt
|faint|p2a: Uxie
|-start|p1a: Dragonite|confusion|[fatigue]
|-enditem|p1a: Dragonite|Lum Berry|[eat]
|-end|p1a: Dragonite|confusion
|
|-sideend|p2: affksl|move: Light Screen
|upkeep
|
|t:|1714845059
|switch|p2a: Cloyster|Cloyster, M|100/100
|-damage|p2a: Cloyster|76/100|[from] Stealth Rock
|turn|19
|
|t:|1714845070
|move|p2a: Cloyster|Ice Shard|p1a: Dragonite
|-supereffective|p1a: Dragonite
|-damage|p1a: Dragonite|0 fnt
|faint|p1a: Dragonite
|
|upkeep
|
|t:|1714845088
|switch|p1a: Starmie|Starmie|48/100
|turn|20
|
|t:|1714845093
|move|p1a: Starmie|Thunderbolt|p2a: Cloyster
|-supereffective|p2a: Cloyster
|-damage|p2a: Cloyster|0 fnt
|faint|p2a: Cloyster
|
|upkeep
|
|t:|1714845096
|switch|p2a: Mamoswine|Mamoswine, F|66/100
|-damage|p2a: Mamoswine|54/100|[from] Stealth Rock
|turn|21
|
|t:|1714845098
|move|p1a: Starmie|Hydro Pump|p2a: Mamoswine
|-supereffective|p2a: Mamoswine
|-damage|p2a: Mamoswine|0 fnt
|faint|p2a: Mamoswine
|
|win|Jellium
|raw|Jellium's rating: 1332 &rarr; <strong>1352</strong><br />(+20 for winning)
|raw|affksl's rating: 1325 &rarr; <strong>1305</strong><br />(-20 for losing)
|l|☆affksl
|player|p2|
|c|☆Jellium|gg
