|j|☆marcbando
|j|☆Yokao893
|t:|1705348730
|gametype|singles
|player|p1|marcbando|ruinmaniac|1263
|player|p2|Yokao893|hilbert-wonderlauncher|1364
|teamsize|p1|6
|teamsize|p2|6
|gen|5
|tier|[Gen 5] OU
|rated|
|rule|Species Clause: Limit one of each Pokémon
|rule|OHKO Clause: OHKO moves are banned
|rule|Moody Clause: Moody is banned
|rule|Evasion Items Clause: Evasion items are banned
|rule|Evasion Moves Clause: Evasion moves are banned
|rule|Endless Battle Clause: Forcing endless battles is banned
|rule|HP Percentage Mod: HP is shown in percentages
|rule|Evasion Abilities Clause: Evasion abilities are banned
|rule|Sleep Moves Clause: Sleep-inducing moves are banned
|rule|Swagger Clause: Swagger is banned
|rule|Baton Pass Stat Clause: No Baton Passer may have a way to boost its stats
|clearpoke
|poke|p1|Tyranitar, M|item
|poke|p1|Mamoswine, M|item
|poke|p1|Keldeo|item
|poke|p1|Amoonguss, F|item
|poke|p1|Gliscor, M|item
|poke|p1|Excadrill, M|item
|poke|p2|Jirachi|item
|poke|p2|Kyurem-Black|item
|poke|p2|Latios, M|item
|poke|p2|Magnezone|item
|poke|p2|Dragonite, M|item
|poke|p2|Garchomp, M|item
|teampreview
|inactive|Battle timer is ON: inactive players will automatically lose when time's up. (requested by Yokao893)
|inactive|marcbando also wants the timer to be on.
|
|t:|1705348746
|start
|switch|p1a: Tyranitar|Tyranitar, M|100/100
|switch|p2a: Dr. Doom|Jirachi|100/100
|-weather|Sandstorm|[from] ability: Sand Stream|[of] p1a: Tyranitar
|turn|1
|
|t:|1705348754
|move|p2a: Dr. Doom|Stealth Rock|p1a: Tyranitar
|-sidestart|p1: marcbando|move: Stealth Rock
|move|p1a: Tyranitar|Ice Beam|p2a: Dr. Doom
|-resisted|p2a: Dr. Doom
|-damage|p2a: Dr. Doom|93/100
|-status|p2a: Dr. Doom|frz
|
|-weather|Sandstorm|[upkeep]
|-heal|p2a: Dr. Doom|99/100 frz|[from] item: Leftovers
|upkeep
|turn|2
|
|t:|1705348762
|cant|p2a: Dr. Doom|frz
|move|p1a: Tyranitar|Pursuit|p2a: Dr. Doom
|-damage|p2a: Dr. Doom|84/100 frz
|
|-weather|Sandstorm|[upkeep]
|-heal|p2a: Dr. Doom|90/100 frz|[from] item: Leftovers
|upkeep
|turn|3
|
|t:|1705348765
|cant|p2a: Dr. Doom|frz
|move|p1a: Tyranitar|Crunch|p2a: Dr. Doom
|-damage|p2a: Dr. Doom|56/100 frz
|
|-weather|Sandstorm|[upkeep]
|-heal|p2a: Dr. Doom|62/100 frz|[from] item: Leftovers
|upkeep
|turn|4
|
|t:|1705348771
|cant|p2a: Dr. Doom|frz
|move|p1a: Tyranitar|Pursuit|p2a: Dr. Doom
|-damage|p2a: Dr. Doom|45/100 frz
|
|-weather|Sandstorm|[upkeep]
|-heal|p2a: Dr. Doom|51/100 frz|[from] item: Leftovers
|upkeep
|turn|5
|
|t:|1705348775
|cant|p2a: Dr. Doom|frz
|move|p1a: Tyranitar|Pursuit|p2a: Dr. Doom
|-damage|p2a: Dr. Doom|35/100 frz
|
|-weather|Sandstorm|[upkeep]
|-heal|p2a: Dr. Doom|42/100 frz|[from] item: Leftovers
|upkeep
|turn|6
|
|t:|1705348778
|-curestatus|p2a: Dr. Doom|frz|[msg]
|move|p2a: Dr. Doom|U-turn|p1a: Tyranitar
|-supereffective|p1a: Tyranitar
|-damage|p1a: Tyranitar|75/100
|
|t:|1705348784
|switch|p2a: Alex|Kyurem-Black|100/100|[from] U-turn
|-ability|p2a: Alex|Teravolt
|move|p1a: Tyranitar|Crunch|p2a: Alex
|-damage|p2a: Alex|65/100
|
|-weather|Sandstorm|[upkeep]
|-damage|p2a: Alex|59/100|[from] Sandstorm
|upkeep
|turn|7
|
|t:|1705348798
|switch|p1a: Keldeo|Keldeo|100/100
|-damage|p1a: Keldeo|94/100|[from] Stealth Rock
|move|p2a: Alex|Dragon Claw|p1a: Keldeo
|-damage|p1a: Keldeo|0 fnt
|faint|p1a: Keldeo
|
|-weather|Sandstorm|[upkeep]
|-damage|p2a: Alex|53/100|[from] Sandstorm
|upkeep
|
|t:|1705348801
|switch|p1a: Amoonguss|Amoonguss, F|100/100
|-damage|p1a: Amoonguss|88/100|[from] Stealth Rock
|turn|8
|
|t:|1705348806
|move|p2a: Alex|Dragon Claw|p1a: Amoonguss
|-damage|p1a: Amoonguss|6/100
|move|p1a: Amoonguss|Toxic|p2a: Alex
|-status|p2a: Alex|tox
|
|-weather|Sandstorm|[upkeep]
|-damage|p2a: Alex|47/100 tox|[from] Sandstorm
|-damage|p1a: Amoonguss|0 fnt|[from] Sandstorm
|faint|p1a: Amoonguss
|-damage|p2a: Alex|41/100 tox|[from] psn
|upkeep
|
|t:|1705348811
|switch|p1a: Gliscor|Gliscor, M|100/100
|-damage|p1a: Gliscor|88/100|[from] Stealth Rock
|turn|9
|
|t:|1705348816
|switch|p2a: Dr. Doom|Jirachi|42/100
|move|p1a: Gliscor|Protect||[still]
|-fail|p1a: Gliscor
|
|-weather|Sandstorm|[upkeep]
|-heal|p2a: Dr. Doom|48/100|[from] item: Leftovers
|-status|p1a: Gliscor|tox|[from] item: Toxic Orb
|upkeep
|turn|10
|
|t:|1705348822
|move|p1a: Gliscor|U-turn|p2a: Dr. Doom
|-damage|p2a: Dr. Doom|36/100
|
|t:|1705348829
|switch|p1a: Excadrill|Excadrill, M|100/100|[from] U-turn
|-damage|p1a: Excadrill|97/100|[from] Stealth Rock
|move|p2a: Dr. Doom|Icy Wind|p1a: Excadrill
|-damage|p1a: Excadrill|84/100
|-unboost|p1a: Excadrill|spe|1
|
|-weather|Sandstorm|[upkeep]
|-heal|p2a: Dr. Doom|42/100|[from] item: Leftovers
|-heal|p1a: Excadrill|90/100|[from] item: Leftovers
|upkeep
|turn|11
|
|t:|1705348856
|move|p2a: Dr. Doom|U-turn|p1a: Excadrill
|-resisted|p1a: Excadrill
|-damage|p1a: Excadrill|80/100
|
|t:|1705348861
|switch|p2a: Gorilla Grip|Magnezone|100/100|[from] U-turn
|-item|p2a: Gorilla Grip|Air Balloon
|move|p1a: Excadrill|Rapid Spin|p2a: Gorilla Grip
|-resisted|p2a: Gorilla Grip
|-damage|p2a: Gorilla Grip|97/100
|-enditem|p2a: Gorilla Grip|Air Balloon
|-sideend|p1: marcbando|Stealth Rock|[from] move: Rapid Spin|[of] p1a: Excadrill
|
|-weather|Sandstorm|[upkeep]
|-heal|p1a: Excadrill|86/100|[from] item: Leftovers
|upkeep
|turn|12
|
|t:|1705348877
|move|p2a: Gorilla Grip|Magnet Rise|p2a: Gorilla Grip
|-start|p2a: Gorilla Grip|Magnet Rise
|move|p1a: Excadrill|Earthquake|p2a: Gorilla Grip
|-immune|p2a: Gorilla Grip
|
|-weather|Sandstorm|[upkeep]
|-heal|p1a: Excadrill|92/100|[from] item: Leftovers
|upkeep
|turn|13
|
|t:|1705348880
|move|p2a: Gorilla Grip|Sunny Day|p2a: Gorilla Grip
|-weather|SunnyDay
|move|p1a: Excadrill|Iron Head|p2a: Gorilla Grip
|-resisted|p2a: Gorilla Grip
|-damage|p2a: Gorilla Grip|88/100
|
|-weather|SunnyDay|[upkeep]
|-heal|p1a: Excadrill|98/100|[from] item: Leftovers
|upkeep
|turn|14
|
|t:|1705348884
|move|p2a: Gorilla Grip|Hidden Power|p1a: Excadrill
|-supereffective|p1a: Excadrill
|-damage|p1a: Excadrill|12/100
|move|p1a: Excadrill|Iron Head|p2a: Gorilla Grip
|-resisted|p2a: Gorilla Grip
|-damage|p2a: Gorilla Grip|78/100
|
|-weather|SunnyDay|[upkeep]
|-heal|p1a: Excadrill|18/100|[from] item: Leftovers
|upkeep
|turn|15
|
|t:|1705348888
|move|p2a: Gorilla Grip|Hidden Power|p1a: Excadrill
|-supereffective|p1a: Excadrill
|-damage|p1a: Excadrill|0 fnt
|faint|p1a: Excadrill
|
|-weather|SunnyDay|[upkeep]
|upkeep
|
|t:|1705348893
|switch|p1a: Mamoswine|Mamoswine, M|100/100
|turn|16
|
|t:|1705348924
|move|p1a: Mamoswine|Superpower|p2a: Gorilla Grip
|-supereffective|p2a: Gorilla Grip
|-damage|p2a: Gorilla Grip|0 fnt
|-unboost|p1a: Mamoswine|atk|1
|-unboost|p1a: Mamoswine|def|1
|faint|p2a: Gorilla Grip
|
|-weather|SunnyDay|[upkeep]
|upkeep
|inactive|Yokao893 has 120 seconds left.
|
|t:|1705348944
|switch|p2a: Alex|Kyurem-Black|41/100 tox
|-ability|p2a: Alex|Teravolt
|turn|17
|inactive|marcbando has 120 seconds left.
|
|t:|1705348992
|switch|p1a: Tyranitar|Tyranitar, M|75/100
|-weather|Sandstorm|[from] ability: Sand Stream|[of] p1a: Tyranitar
|move|p2a: Alex|Outrage|p1a: Tyranitar
|-damage|p1a: Tyranitar|0 fnt
|faint|p1a: Tyranitar
|
|-weather|Sandstorm|[upkeep]
|-damage|p2a: Alex|35/100 tox|[from] Sandstorm
|-damage|p2a: Alex|28/100 tox|[from] psn
|upkeep
|
|t:|1705348996
|switch|p1a: Gliscor|Gliscor, M|88/100 tox
|turn|18
|inactive|Yokao893 has 120 seconds left.
|
|t:|1705349023
|move|p1a: Gliscor|Protect|p1a: Gliscor
|-singleturn|p1a: Gliscor|Protect
|move|p2a: Alex|Outrage|p1a: Gliscor|[from]lockedmove
|-activate|p1a: Gliscor|move: Protect
|
|-weather|Sandstorm|[upkeep]
|-damage|p2a: Alex|22/100 tox|[from] Sandstorm
|-damage|p2a: Alex|10/100 tox|[from] psn
|-heal|p1a: Gliscor|100/100 tox|[from] ability: Poison Heal
|upkeep
|turn|19
|l|☆marcbando
|inactive|marcbando disconnected and has a minute to reconnect!
|player|p1|
|j|☆marcbando
|inactive|marcbando reconnected and has 105 seconds left.
|player|p1|marcbando|ruinmaniac
|inactive|marcbando has 90 seconds left.
|
|t:|1705349054
|move|p2a: Alex|Outrage|p1a: Gliscor
|-damage|p1a: Gliscor|3/100 tox
|move|p1a: Gliscor|Stealth Rock|p2a: Alex
|-sidestart|p2: Yokao893|move: Stealth Rock
|
|-weather|Sandstorm|[upkeep]
|-damage|p2a: Alex|4/100 tox|[from] Sandstorm
|-damage|p2a: Alex|0 fnt|[from] psn
|faint|p2a: Alex
|-heal|p1a: Gliscor|16/100 tox|[from] ability: Poison Heal
|upkeep
|
|t:|1705349062
|switch|p2a: Nomnom|Garchomp, M|100/100
|-damage|p2a: Nomnom|94/100|[from] Stealth Rock
|turn|20
|
|t:|1705349070
|move|p2a: Nomnom|Substitute|p2a: Nomnom
|-start|p2a: Nomnom|Substitute
|-damage|p2a: Nomnom|69/100
|move|p1a: Gliscor|Earthquake|p2a: Nomnom
|-end|p2a: Nomnom|Substitute
|
|-weather|Sandstorm|[upkeep]
|-heal|p1a: Gliscor|28/100 tox|[from] ability: Poison Heal
|upkeep
|turn|21
|
|t:|1705349077
|move|p2a: Nomnom|Swords Dance|p2a: Nomnom
|-boost|p2a: Nomnom|atk|2
|move|p1a: Gliscor|Earthquake|p2a: Nomnom
|-damage|p2a: Nomnom|34/100
|
|-weather|Sandstorm|[upkeep]
|-heal|p1a: Gliscor|41/100 tox|[from] ability: Poison Heal
|upkeep
|turn|22
|
|t:|1705349085
|move|p2a: Nomnom|Dragon Claw|p1a: Gliscor
|-damage|p1a: Gliscor|0 fnt
|faint|p1a: Gliscor
|
|-weather|Sandstorm|[upkeep]
|upkeep
|
|t:|1705349087
|switch|p1a: Mamoswine|Mamoswine, M|100/100
|turn|23
|
|t:|1705349090
|move|p1a: Mamoswine|Ice Shard|p2a: Nomnom
|-supereffective|p2a: Nomnom
|-damage|p2a: Nomnom|0 fnt
|faint|p2a: Nomnom
|
|-weather|Sandstorm|[upkeep]
|upkeep
|
|t:|1705349094
|switch|p2a: Dr. Doom|Jirachi|42/100
|-damage|p2a: Dr. Doom|36/100|[from] Stealth Rock
|turn|24
|
|t:|1705349097
|move|p1a: Mamoswine|Ice Shard|p2a: Dr. Doom
|-resisted|p2a: Dr. Doom
|-damage|p2a: Dr. Doom|22/100
|move|p2a: Dr. Doom|Icy Wind|p1a: Mamoswine|[miss]
|-miss|p2a: Dr. Doom|p1a: Mamoswine
|
|-weather|Sandstorm|[upkeep]
|-heal|p2a: Dr. Doom|28/100|[from] item: Leftovers
|upkeep
|turn|25
|
|t:|1705349100
|move|p1a: Mamoswine|Ice Shard|p2a: Dr. Doom
|-resisted|p2a: Dr. Doom
|-damage|p2a: Dr. Doom|14/100
|move|p2a: Dr. Doom|Icy Wind|p1a: Mamoswine|[miss]
|-miss|p2a: Dr. Doom|p1a: Mamoswine
|
|-weather|Sandstorm|[upkeep]
|-heal|p2a: Dr. Doom|21/100|[from] item: Leftovers
|upkeep
|turn|26
|
|t:|1705349103
|move|p1a: Mamoswine|Ice Shard|p2a: Dr. Doom
|-resisted|p2a: Dr. Doom
|-damage|p2a: Dr. Doom|8/100
|move|p2a: Dr. Doom|Icy Wind|p1a: Mamoswine
|-damage|p1a: Mamoswine|92/100
|-unboost|p1a: Mamoswine|spe|1
|
|-weather|Sandstorm|[upkeep]
|-heal|p2a: Dr. Doom|14/100|[from] item: Leftovers
|upkeep
|turn|27
|
|t:|1705349106
|move|p1a: Mamoswine|Ice Shard|p2a: Dr. Doom
|-resisted|p2a: Dr. Doom
|-damage|p2a: Dr. Doom|1/100
|move|p2a: Dr. Doom|Icy Wind|p1a: Mamoswine
|-crit|p1a: Mamoswine
|-damage|p1a: Mamoswine|73/100
|-unboost|p1a: Mamoswine|spe|1
|
|-weather|Sandstorm|[upkeep]
|-heal|p2a: Dr. Doom|8/100|[from] item: Leftovers
|upkeep
|turn|28
|
|t:|1705349110
|move|p1a: Mamoswine|Ice Shard|p2a: Dr. Doom
|-resisted|p2a: Dr. Doom
|-damage|p2a: Dr. Doom|0 fnt
|faint|p2a: Dr. Doom
|
|-weather|Sandstorm|[upkeep]
|upkeep
|
|t:|1705349113
|switch|p2a: B-61|Latios, M|100/100
|-damage|p2a: B-61|88/100|[from] Stealth Rock
|turn|29
|
|t:|1705349116
|move|p1a: Mamoswine|Ice Shard|p2a: B-61
|-supereffective|p2a: B-61
|-damage|p2a: B-61|0 fnt
|faint|p2a: B-61
|
|-weather|Sandstorm|[upkeep]
|upkeep
|
|t:|1705349120
|switch|p2a: Magic!|Dragonite, M|100/100
|-damage|p2a: Magic!|76/100|[from] Stealth Rock
|turn|30
|
|t:|1705349123
|move|p2a: Magic!|Extreme Speed|p1a: Mamoswine
|-damage|p1a: Mamoswine|35/100
|move|p1a: Mamoswine|Ice Shard|p2a: Magic!
|-supereffective|p2a: Magic!
|-damage|p2a: Magic!|0 fnt
|faint|p2a: Magic!
|
|win|marcbando
|raw|marcbando's rating: 1263 &rarr; <strong>1295</strong><br />(+32 for winning)
|raw|Yokao893's rating: 1364 &rarr; <strong>1338</strong><br />(-26 for losing)
|l|☆Yokao893
|player|p2|
