|j|☆hgfjhds
|j|☆TheRareCandyDealer
|player|p1|hgfjhds|ash|1644
|player|p2|TheRareCandyDealer|dragontamer|1381
|teamsize|p1|6
|teamsize|p2|6
|gametype|singles
|gen|5
|tier|[Gen 5] OU
|rated|
|clearpoke
|poke|p1|Froslass, F|item
|poke|p1|Jellicent, F|item
|poke|p1|Mamoswine, M|item
|poke|p1|Scizor, F|item
|poke|p1|Latios, M|item
|poke|p1|Alakazam, M|item
|poke|p2|Politoed, M|item
|poke|p2|Haxorus, F|item
|poke|p2|Garchomp, M|item
|poke|p2|Ferrothorn, M|item
|poke|p2|Starmie|item
|poke|p2|Keldeo-Resolute|item
|rule|Species Clause: Limit one of each Pokémon
|rule|OHKO Clause: OHKO moves are banned
|rule|Moody Clause: Moody is banned
|rule|Evasion Moves Clause: Evasion moves are banned
|rule|Endless Battle Clause: Forcing endless battles is banned
|rule|HP Percentage Mod: HP is shown in percentages
|rule|Evasion Abilities Clause: Evasion abilities are banned
|rule|Baton Pass Clause: Limit one Baton Passer, can't pass Spe and other stats simultaneously
|rule|Sleep Clause: Sleep-inducing moves are banned
|rule|Swagger Clause: Swagger is banned
|teampreview
|inactive|Battle timer is ON: inactive players will automatically lose when time's up. (requested by hgfjhds)
|
|start
|switch|p1a: Froslass|Froslass, F|100/100
|switch|p2a: Politoed|Politoed, M|100/100
|-weather|RainDance|[from] ability: Drizzle|[of] p2a: Politoed
|turn|1
|
|move|p1a: Froslass|Spikes|p2a: Politoed
|-sidestart|p2: TheRareCandyDealer|Spikes
|move|p2a: Politoed|Toxic|p1a: Froslass
|-status|p1a: Froslass|tox
|
|-weather|RainDance|[upkeep]
|-damage|p1a: Froslass|94/100 tox|[from] psn
|upkeep
|turn|2
|
|move|p1a: Froslass|Spikes|p2a: Politoed
|-sidestart|p2: TheRareCandyDealer|Spikes
|move|p2a: Politoed|Scald|p1a: Froslass
|-damage|p1a: Froslass|36/100 tox
|
|-weather|RainDance|[upkeep]
|-damage|p1a: Froslass|24/100 tox|[from] psn
|upkeep
|turn|3
|
|move|p1a: Froslass|Destiny Bond|p1a: Froslass
|-singlemove|p1a: Froslass|Destiny Bond
|move|p2a: Politoed|Scald|p1a: Froslass
|-damage|p1a: Froslass|0 fnt
|faint|p1a: Froslass
|-activate|p1a: Froslass|move: Destiny Bond
|faint|p2a: Politoed
|
|-weather|RainDance|[upkeep]
|upkeep
|
|switch|p1a: Alakazam|Alakazam, M|100/100
|switch|p2a: Starmie|Starmie|100/100
|-damage|p2a: Starmie|84/100|[from] Spikes
|turn|4
|
|switch|p2a: Ferrothorn|Ferrothorn, M|100/100
|-damage|p2a: Ferrothorn|84/100|[from] Spikes
|move|p1a: Alakazam|Shadow Ball|p2a: Ferrothorn
|-resisted|p2a: Ferrothorn
|-damage|p2a: Ferrothorn|70/100
|
|-weather|RainDance|[upkeep]
|-heal|p2a: Ferrothorn|76/100|[from] item: Leftovers
|upkeep
|turn|5
|
|move|p1a: Alakazam|Focus Blast|p2a: Ferrothorn
|-supereffective|p2a: Ferrothorn
|-damage|p2a: Ferrothorn|0 fnt
|faint|p2a: Ferrothorn
|
|-weather|RainDance|[upkeep]
|upkeep
|
|switch|p2a: Haxorus|Haxorus, F|100/100
|-damage|p2a: Haxorus|84/100|[from] Spikes
|-ability|p2a: Haxorus|Mold Breaker
|turn|6
|
|move|p1a: Alakazam|Psychic|p2a: Haxorus
|-damage|p2a: Haxorus|0 fnt
|faint|p2a: Haxorus
|
|-weather|RainDance|[upkeep]
|upkeep
|
|switch|p2a: Garchomp|Garchomp, M|100/100
|-damage|p2a: Garchomp|84/100|[from] Spikes
|turn|7
|
|switch|p1a: Mamoswine|Mamoswine, M|100/100
|move|p2a: Garchomp|Earthquake|p1a: Mamoswine
|-damage|p1a: Mamoswine|17/100
|-damage|p2a: Garchomp|74/100|[from] item: Life Orb
|
|-weather|RainDance|[upkeep]
|upkeep
|turn|8
|
|switch|p2a: Starmie|Starmie|84/100
|-damage|p2a: Starmie|68/100|[from] Spikes
|move|p1a: Mamoswine|Earthquake|p2a: Starmie
|-damage|p2a: Starmie|0 fnt
|faint|p2a: Starmie
|
|-weather|RainDance|[upkeep]
|upkeep
|
|switch|p2a: Keldeo|Keldeo-Resolute|100/100
|-damage|p2a: Keldeo|84/100|[from] Spikes
|turn|9
|
|move|p2a: Keldeo|Icy Wind|p1a: Mamoswine
|-damage|p1a: Mamoswine|0 fnt
|faint|p1a: Mamoswine
|
|-weather|RainDance|[upkeep]
|upkeep
|
|switch|p1a: Latios|Latios, M|100/100
|turn|10
|
|move|p1a: Latios|Psyshock|p2a: Keldeo
|-supereffective|p2a: Keldeo
|-damage|p2a: Keldeo|0 fnt
|faint|p2a: Keldeo
|
|-weather|RainDance|[upkeep]
|upkeep
|c|☆TheRareCandyDealer|gg
|c|☆hgfjhds|gg
|-message|TheRareCandyDealer forfeited.
|
|win|hgfjhds
|l|☆TheRareCandyDealer
|raw|hgfjhds's rating: 1644 &rarr; <strong>1652</strong><br />(+8 for winning)
|raw|TheRareCandyDealer's rating: 1381 &rarr; <strong>1374</strong><br />(-7 for losing)
