|uhtml|medal-msg|<div class="broadcast-blue">Curious what those medals under the avatar are? PS now has Ladder Seasons! For more information, check out the <a href="https://www.smogon.com/forums/threads/3740067/">thread on Smogon.</a></div>
|uhtml|medal-msg|<div class="broadcast-blue">Curious what those medals under the avatar are? PS now has Ladder Seasons! For more information, check out the <a href="https://www.smogon.com/forums/threads/3740067/">thread on Smogon.</a></div>
|j|☆Jellium
|j|☆ihymyly
|t:|1714170799
|gametype|singles
|player|p1|Jellium|scientist-gen4|1305
|player|p2|ihymyly|cheryl|1355
|teamsize|p1|6
|teamsize|p2|6
|gen|5
|tier|[Gen 5] OU
|rated|
|rule|Species Clause: Limit one of each Pokémon
|rule|OHKO Clause: OHKO moves are banned
|rule|Moody Clause: Moody is banned
|rule|Evasion Items Clause: Evasion items are banned
|rule|Evasion Moves Clause: Evasion moves are banned
|rule|Endless Battle Clause: Forcing endless battles is banned
|rule|HP Percentage Mod: HP is shown in percentages
|rule|Evasion Abilities Clause: Evasion abilities are banned
|rule|Sleep Moves Clause: Sleep-inducing moves are banned
|rule|Swagger Clause: Swagger is banned
|rule|Baton Pass Stat Clause: No Baton Passer may have a way to boost its stats
|clearpoke
|poke|p1|Garchomp, M|item
|poke|p1|Volcarona, M|item
|poke|p1|Dragonite, F|item
|poke|p1|Breloom, F|item
|poke|p1|Starmie|item
|poke|p1|Scizor, F|item
|poke|p2|Thundurus-Therian, M|item
|poke|p2|Politoed, M|item
|poke|p2|Starmie|item
|poke|p2|Keldeo|item
|poke|p2|Latios, M|item
|poke|p2|Ferrothorn, M|item
|teampreview
|
|t:|1714170812
|start
|switch|p1a: Garchomp|Garchomp, M|100/100
|switch|p2a: Keldeo|Keldeo|100/100
|turn|1
|
|t:|1714170821
|move|p2a: Keldeo|Substitute|p2a: Keldeo
|-start|p2a: Keldeo|Substitute
|-damage|p2a: Keldeo|75/100
|move|p1a: Garchomp|Stealth Rock|p2a: Keldeo
|-sidestart|p2: ihymyly|move: Stealth Rock
|
|-heal|p2a: Keldeo|82/100|[from] item: Leftovers
|upkeep
|turn|2
|
|t:|1714170825
|move|p2a: Keldeo|Scald|p1a: Garchomp
|-damage|p1a: Garchomp|53/100
|-status|p1a: Garchomp|brn
|move|p1a: Garchomp|Earthquake|p2a: Keldeo
|-end|p2a: Keldeo|Substitute
|
|-heal|p2a: Keldeo|88/100|[from] item: Leftovers
|-damage|p1a: Garchomp|41/100 brn|[from] brn
|upkeep
|turn|3
|
|t:|1714170829
|move|p2a: Keldeo|Scald|p1a: Garchomp
|-damage|p1a: Garchomp|0 fnt
|faint|p1a: Garchomp
|
|-heal|p2a: Keldeo|94/100|[from] item: Leftovers
|upkeep
|
|t:|1714170837
|switch|p1a: Breloom|Breloom, F, shiny|100/100
|turn|4
|
|t:|1714170842
|move|p2a: Keldeo|Secret Sword|p1a: Breloom
|-damage|p1a: Breloom|27/100
|move|p1a: Breloom|Bullet Seed|p2a: Keldeo
|-supereffective|p2a: Keldeo
|-damage|p2a: Keldeo|29/100
|-supereffective|p2a: Keldeo
|-damage|p2a: Keldeo|0 fnt
|faint|p2a: Keldeo
|-hitcount|p2: Keldeo|2
|-damage|p1a: Breloom|17/100|[from] item: Life Orb
|
|upkeep
|
|t:|1714170846
|switch|p2a: Starmie|Starmie|100/100
|-damage|p2a: Starmie|88/100|[from] Stealth Rock
|turn|5
|
|t:|1714170860
|move|p2a: Starmie|Ice Beam|p1a: Breloom
|-supereffective|p1a: Breloom
|-damage|p1a: Breloom|0 fnt
|faint|p1a: Breloom
|-damage|p2a: Starmie|78/100|[from] item: Life Orb
|
|upkeep
|
|t:|1714170876
|switch|p1a: Scizor|Scizor, F|100/100
|turn|6
|
|t:|1714170878
|move|p2a: Starmie|Hydro Pump|p1a: Scizor
|-damage|p1a: Scizor|15/100
|-damage|p2a: Starmie|68/100|[from] item: Life Orb
|move|p1a: Scizor|Swords Dance|p1a: Scizor
|-boost|p1a: Scizor|atk|2
|
|upkeep
|turn|7
|
|t:|1714170882
|switch|p2a: Ferrothorn|Ferrothorn, M|100/100
|-damage|p2a: Ferrothorn|94/100|[from] Stealth Rock
|move|p1a: Scizor|Quick Attack|p2a: Ferrothorn
|-resisted|p2a: Ferrothorn
|-damage|p2a: Ferrothorn|73/100
|-damage|p1a: Scizor|3/100|[from] ability: Iron Barbs|[of] p2a: Ferrothorn
|-damage|p1a: Scizor|0 fnt|[from] item: Life Orb
|faint|p1a: Scizor
|
|-heal|p2a: Ferrothorn|79/100|[from] item: Leftovers
|upkeep
|
|t:|1714170890
|switch|p1a: Volcarona|Volcarona, M, shiny|100/100
|turn|8
|
|t:|1714170893
|switch|p2a: Politoed|Politoed, M|100/100
|-damage|p2a: Politoed|88/100|[from] Stealth Rock
|-weather|RainDance|[from] ability: Drizzle|[of] p2a: Politoed
|move|p1a: Volcarona|Quiver Dance|p1a: Volcarona
|-boost|p1a: Volcarona|spa|1
|-boost|p1a: Volcarona|spd|1
|-boost|p1a: Volcarona|spe|1
|
|-weather|RainDance|[upkeep]
|-heal|p2a: Politoed|94/100|[from] item: Leftovers
|upkeep
|turn|9
|
|t:|1714170898
|move|p1a: Volcarona|Bug Buzz|p2a: Politoed
|-damage|p2a: Politoed|5/100
|move|p2a: Politoed|Encore|p1a: Volcarona
|-start|p1a: Volcarona|Encore
|
|-weather|RainDance|[upkeep]
|-heal|p2a: Politoed|11/100|[from] item: Leftovers
|upkeep
|turn|10
|
|t:|1714170903
|move|p1a: Volcarona|Bug Buzz|p2a: Politoed
|-damage|p2a: Politoed|0 fnt
|faint|p2a: Politoed
|
|-weather|RainDance|[upkeep]
|upkeep
|
|t:|1714170908
|switch|p2a: Thundurus|Thundurus-Therian, M|100/100
|-damage|p2a: Thundurus|76/100|[from] Stealth Rock
|turn|11
|
|t:|1714170911
|move|p1a: Volcarona|Bug Buzz|p2a: Thundurus
|-resisted|p2a: Thundurus
|-damage|p2a: Thundurus|23/100
|move|p2a: Thundurus|Thunder|p1a: Volcarona
|-damage|p1a: Volcarona|48/100
|
|-weather|RainDance|[upkeep]
|-heal|p2a: Thundurus|30/100|[from] item: Leftovers
|upkeep
|turn|12
|
|t:|1714170917
|move|p1a: Volcarona|Bug Buzz|p2a: Thundurus
|-resisted|p2a: Thundurus
|-damage|p2a: Thundurus|0 fnt
|faint|p2a: Thundurus
|
|-weather|RainDance|[upkeep]
|-end|p1a: Volcarona|Encore
|upkeep
|
|t:|1714170919
|switch|p2a: Latios|Latios, M|100/100
|-damage|p2a: Latios|88/100|[from] Stealth Rock
|turn|13
|
|t:|1714170920
|move|p2a: Latios|Surf|p1a: Volcarona
|-supereffective|p1a: Volcarona
|-crit|p1a: Volcarona
|-damage|p1a: Volcarona|0 fnt
|faint|p1a: Volcarona
|
|-weather|RainDance|[upkeep]
|upkeep
|
|t:|1714170927
|switch|p1a: Dragonite|Dragonite, F, shiny|100/100
|turn|14
|
|t:|1714170931
|switch|p2a: Ferrothorn|Ferrothorn, M|79/100
|-damage|p2a: Ferrothorn|73/100|[from] Stealth Rock
|move|p1a: Dragonite|Dragon Dance|p1a: Dragonite
|-boost|p1a: Dragonite|atk|1
|-boost|p1a: Dragonite|spe|1
|
|-weather|RainDance|[upkeep]
|-heal|p2a: Ferrothorn|79/100|[from] item: Leftovers
|upkeep
|turn|15
|
|t:|1714170941
|move|p1a: Dragonite|Dragon Dance|p1a: Dragonite
|-boost|p1a: Dragonite|atk|1
|-boost|p1a: Dragonite|spe|1
|move|p2a: Ferrothorn|Knock Off|p1a: Dragonite
|-damage|p1a: Dragonite|98/100
|-enditem|p1a: Dragonite|Lum Berry|[from] move: Knock Off|[of] p2a: Ferrothorn
|
|-weather|RainDance|[upkeep]
|-heal|p2a: Ferrothorn|85/100|[from] item: Leftovers
|upkeep
|turn|16
|
|t:|1714170946
|move|p1a: Dragonite|Earthquake|p2a: Ferrothorn
|-damage|p2a: Ferrothorn|31/100
|move|p2a: Ferrothorn|Power Whip|p1a: Dragonite
|-resisted|p1a: Dragonite
|-damage|p1a: Dragonite|87/100
|
|-weather|RainDance|[upkeep]
|-heal|p2a: Ferrothorn|37/100|[from] item: Leftovers
|upkeep
|turn|17
|
|t:|1714170953
|move|p1a: Dragonite|Dragon Dance|p1a: Dragonite
|-boost|p1a: Dragonite|atk|1
|-boost|p1a: Dragonite|spe|1
|move|p2a: Ferrothorn|Power Whip|p1a: Dragonite|[miss]
|-miss|p2a: Ferrothorn|p1a: Dragonite
|
|-weather|RainDance|[upkeep]
|-heal|p2a: Ferrothorn|43/100|[from] item: Leftovers
|upkeep
|turn|18
|
|t:|1714170960
|move|p1a: Dragonite|Earthquake|p2a: Ferrothorn
|-damage|p2a: Ferrothorn|0 fnt
|faint|p2a: Ferrothorn
|
|-weather|RainDance|[upkeep]
|upkeep
|
|t:|1714170963
|switch|p2a: Starmie|Starmie|68/100
|-damage|p2a: Starmie|56/100|[from] Stealth Rock
|turn|19
|
|t:|1714170967
|move|p1a: Dragonite|Outrage|p2a: Starmie
|-damage|p2a: Starmie|0 fnt
|faint|p2a: Starmie
|
|-weather|RainDance|[upkeep]
|upkeep
|-message|ihymyly forfeited.
|
|win|Jellium
|raw|Jellium's rating: 1305 &rarr; <strong>1328</strong><br />(+23 for winning)
|raw|ihymyly's rating: 1355 &rarr; <strong>1332</strong><br />(-23 for losing)
|l|☆ihymyly
|player|p2|
