|j|☆radaty
|j|☆blossummm
|t:|1717085501
|gametype|singles
|player|p1|radaty|266|1387
|player|p2|blossummm|bianca|1450
|teamsize|p1|6
|teamsize|p2|6
|gen|5
|tier|[Gen 5] OU
|rated|
|rule|Species Clause: Limit one of each Pokémon
|rule|OHKO Clause: OHKO moves are banned
|rule|Moody Clause: Moody is banned
|rule|Evasion Items Clause: Evasion items are banned
|rule|Evasion Moves Clause: Evasion moves are banned
|rule|Endless Battle Clause: Forcing endless battles is banned
|rule|HP Percentage Mod: HP is shown in percentages
|rule|Evasion Abilities Clause: Evasion abilities are banned
|rule|Sleep Moves Clause: Sleep-inducing moves are banned
|rule|Swagger Clause: Swagger is banned
|rule|Baton Pass Stat Clause: No Baton Passer may have a way to boost its stats
|clearpoke
|poke|p1|Chansey, F|item
|poke|p1|Xatu, M|item
|poke|p1|Sableye, M|item
|poke|p1|Quagsire, M|item
|poke|p1|Tentacruel, F|item
|poke|p1|Jirachi|item
|poke|p2|Skarmory, F|item
|poke|p2|Latios, M|item
|poke|p2|Jellicent, F|item
|poke|p2|Tyranitar, F|item
|poke|p2|Alakazam, F|item
|poke|p2|Garchomp, F|item
|teampreview
|inactive|Battle timer is ON: inactive players will automatically lose when time's up. (requested by radaty)
|inactive|blossummm has 120 seconds left.
|l|☆radaty
|inactive|radaty disconnected and has a minute to reconnect!
|player|p1|
|j|☆radaty
|inactive|radaty reconnected.
|player|p1|radaty|266|
|inactive|blossummm has 90 seconds left.
|
|t:|1717085591
|start
|switch|p1a: Sableye|Sableye, M|100/100
|switch|p2a: Tyranitar|Tyranitar, F, shiny|100/100
|-weather|Sandstorm|[from] ability: Sand Stream|[of] p2a: Tyranitar
|turn|1
|
|t:|1717085600
|switch|p2a: Alakazam|Alakazam, F|100/100
|move|p1a: Sableye|Will-O-Wisp|p2a: Alakazam
|-status|p2a: Alakazam|brn
|
|-weather|Sandstorm|[upkeep]
|-damage|p1a: Sableye|95/100|[from] Sandstorm
|-heal|p1a: Sableye|100/100|[from] item: Leftovers
|upkeep
|turn|2
|
|t:|1717085606
|move|p2a: Alakazam|Shadow Ball|p1a: Sableye
|-damage|p1a: Sableye|40/100
|-unboost|p1a: Sableye|spd|1
|move|p1a: Sableye|Foul Play|p2a: Alakazam
|-supereffective|p2a: Alakazam
|-damage|p2a: Alakazam|42/100 brn
|
|-weather|Sandstorm|[upkeep]
|-damage|p1a: Sableye|34/100|[from] Sandstorm
|-heal|p1a: Sableye|40/100|[from] item: Leftovers
|upkeep
|turn|3
|
|t:|1717085613
|switch|p1a: Jirachi|Jirachi|100/100
|move|p2a: Alakazam|Shadow Ball|p1a: Jirachi
|-damage|p1a: Jirachi|70/100
|
|-weather|Sandstorm|[upkeep]
|-heal|p1a: Jirachi|76/100|[from] item: Leftovers
|upkeep
|turn|4
|
|t:|1717085638
|switch|p2a: Skarmory|Skarmory, F|100/100
|move|p1a: Jirachi|Fire Punch|p2a: Skarmory
|-supereffective|p2a: Skarmory
|-damage|p2a: Skarmory|65/100
|
|-weather|Sandstorm|[upkeep]
|-heal|p1a: Jirachi|83/100|[from] item: Leftovers
|upkeep
|turn|5
|
|t:|1717085645
|switch|p1a: Xatu|Xatu, M|100/100
|move|p2a: Skarmory|Brave Bird|p1a: Xatu
|-damage|p1a: Xatu|56/100
|-damage|p2a: Skarmory|47/100|[from] Recoil
|
|-weather|Sandstorm|[upkeep]
|-damage|p1a: Xatu|50/100|[from] Sandstorm
|-heal|p1a: Xatu|56/100|[from] item: Leftovers
|upkeep
|turn|6
|
|t:|1717085651
|move|p2a: Skarmory|Brave Bird|p1a: Xatu
|-damage|p1a: Xatu|14/100
|-damage|p2a: Skarmory|30/100|[from] Recoil
|move|p1a: Xatu|U-turn|p2a: Skarmory
|-resisted|p2a: Skarmory
|-damage|p2a: Skarmory|27/100
|
|t:|1717085655
|switch|p1a: Jirachi|Jirachi|83/100|[from] U-turn
|
|-weather|Sandstorm|[upkeep]
|-heal|p1a: Jirachi|89/100|[from] item: Leftovers
|upkeep
|turn|7
|
|t:|1717085661
|switch|p2a: Jellicent|Jellicent, F|100/100
|move|p1a: Jirachi|Fire Punch|p2a: Jellicent
|-resisted|p2a: Jellicent
|-damage|p2a: Jellicent|94/100
|-status|p2a: Jellicent|brn
|
|-weather|Sandstorm|[upkeep]
|-damage|p2a: Jellicent|88/100 brn|[from] Sandstorm
|-heal|p1a: Jirachi|95/100|[from] item: Leftovers
|-heal|p2a: Jellicent|94/100 brn|[from] item: Leftovers
|-damage|p2a: Jellicent|81/100 brn|[from] brn
|upkeep
|turn|8
|
|t:|1717085668
|move|p1a: Jirachi|Protect|p1a: Jirachi
|-singleturn|p1a: Jirachi|Protect
|move|p2a: Jellicent|Scald|p1a: Jirachi
|-activate|p1a: Jirachi|move: Protect
|
|-weather|Sandstorm|[upkeep]
|-damage|p2a: Jellicent|75/100 brn|[from] Sandstorm
|-heal|p1a: Jirachi|100/100|[from] item: Leftovers
|-heal|p2a: Jellicent|81/100 brn|[from] item: Leftovers
|-damage|p2a: Jellicent|69/100 brn|[from] brn
|upkeep
|turn|9
|
|t:|1717085671
|move|p1a: Jirachi|Iron Head|p2a: Jellicent
|-resisted|p2a: Jellicent
|-crit|p2a: Jellicent
|-damage|p2a: Jellicent|48/100 brn
|move|p2a: Jellicent|Will-O-Wisp|p1a: Jirachi|[miss]
|-miss|p2a: Jellicent|p1a: Jirachi
|
|-weather|Sandstorm|[upkeep]
|-damage|p2a: Jellicent|42/100 brn|[from] Sandstorm
|-heal|p2a: Jellicent|48/100 brn|[from] item: Leftovers
|-damage|p2a: Jellicent|36/100 brn|[from] brn
|upkeep
|turn|10
|
|t:|1717085678
|move|p1a: Jirachi|Iron Head|p2a: Jellicent
|-resisted|p2a: Jellicent
|-damage|p2a: Jellicent|24/100 brn
|move|p2a: Jellicent|Recover|p2a: Jellicent
|-heal|p2a: Jellicent|74/100 brn
|
|-weather|Sandstorm|[upkeep]
|-damage|p2a: Jellicent|68/100 brn|[from] Sandstorm
|-heal|p2a: Jellicent|74/100 brn|[from] item: Leftovers
|-damage|p2a: Jellicent|62/100 brn|[from] brn
|upkeep
|turn|11
|
|t:|1717085687
|move|p1a: Jirachi|Protect|p1a: Jirachi
|-singleturn|p1a: Jirachi|Protect
|move|p2a: Jellicent|Recover|p2a: Jellicent
|-heal|p2a: Jellicent|100/100 brn
|
|-weather|Sandstorm|[upkeep]
|-damage|p2a: Jellicent|94/100 brn|[from] Sandstorm
|-heal|p2a: Jellicent|100/100 brn|[from] item: Leftovers
|-damage|p2a: Jellicent|88/100 brn|[from] brn
|upkeep
|turn|12
|
|t:|1717085693
|switch|p1a: Chansey|Chansey, F|100/100
|move|p2a: Jellicent|Scald|p1a: Chansey
|-damage|p1a: Chansey|94/100
|
|-weather|Sandstorm|[upkeep]
|-damage|p2a: Jellicent|82/100 brn|[from] Sandstorm
|-damage|p1a: Chansey|88/100|[from] Sandstorm
|-heal|p2a: Jellicent|88/100 brn|[from] item: Leftovers
|-damage|p2a: Jellicent|76/100 brn|[from] brn
|upkeep
|turn|13
|
|t:|1717085700
|switch|p2a: Skarmory|Skarmory, F|27/100
|move|p1a: Chansey|Stealth Rock|p2a: Skarmory
|-sidestart|p2: blossummm|move: Stealth Rock
|
|-weather|Sandstorm|[upkeep]
|-damage|p1a: Chansey|82/100|[from] Sandstorm
|upkeep
|turn|14
|
|t:|1717085706
|switch|p1a: Sableye|Sableye, M|40/100
|move|p2a: Skarmory|Brave Bird|p1a: Sableye
|-damage|p1a: Sableye|0 fnt
|faint|p1a: Sableye
|-damage|p2a: Skarmory|12/100|[from] Recoil
|
|-weather|Sandstorm|[upkeep]
|upkeep
|
|t:|1717085709
|switch|p1a: Jirachi|Jirachi|100/100
|turn|15
|-enditem|p2a: Skarmory|Custap Berry|[eat]
|-activate|p2a: Skarmory|item: Custap Berry|[consumed]
|
|t:|1717085713
|switch|p1a: Xatu|Xatu, M|14/100
|move|p2a: Skarmory|Stealth Rock|p1a: Xatu
|move|p1a: Xatu|Stealth Rock||[from]ability: Magic Bounce|[still]
|-fail|p1a: Xatu
|
|-weather|Sandstorm|[upkeep]
|-damage|p1a: Xatu|8/100|[from] Sandstorm
|-heal|p1a: Xatu|14/100|[from] item: Leftovers
|upkeep
|turn|16
|
|t:|1717085720
|move|p2a: Skarmory|Brave Bird|p1a: Xatu
|-damage|p1a: Xatu|0 fnt
|faint|p1a: Xatu
|-damage|p2a: Skarmory|7/100|[from] Recoil
|
|-weather|Sandstorm|[upkeep]
|upkeep
|
|t:|1717085722
|switch|p1a: Jirachi|Jirachi|100/100
|turn|17
|
|t:|1717085725
|move|p1a: Jirachi|Fire Punch|p2a: Skarmory
|-supereffective|p2a: Skarmory
|-damage|p2a: Skarmory|0 fnt
|faint|p2a: Skarmory
|
|-weather|Sandstorm|[upkeep]
|upkeep
|
|t:|1717085739
|switch|p2a: Garchomp|Garchomp, F|100/100
|-damage|p2a: Garchomp|94/100|[from] Stealth Rock
|turn|18
|
|t:|1717085742
|switch|p1a: Quagsire|Quagsire, M|100/100
|move|p2a: Garchomp|Earthquake|p1a: Quagsire
|-damage|p1a: Quagsire|63/100
|
|-weather|Sandstorm|[upkeep]
|-heal|p1a: Quagsire|69/100|[from] item: Leftovers
|upkeep
|turn|19
|
|t:|1717085762
|switch|p2a: Jellicent|Jellicent, F|76/100 brn
|-damage|p2a: Jellicent|63/100 brn|[from] Stealth Rock
|move|p1a: Quagsire|Recover|p1a: Quagsire
|-heal|p1a: Quagsire|100/100
|
|-weather|Sandstorm|[upkeep]
|-damage|p2a: Jellicent|57/100 brn|[from] Sandstorm
|-heal|p2a: Jellicent|63/100 brn|[from] item: Leftovers
|-damage|p2a: Jellicent|51/100 brn|[from] brn
|upkeep
|turn|20
|
|t:|1717085767
|switch|p1a: Tentacruel|Tentacruel, F|100/100
|move|p2a: Jellicent|Will-O-Wisp|p1a: Tentacruel|[miss]
|-miss|p2a: Jellicent|p1a: Tentacruel
|
|-weather|Sandstorm|[upkeep]
|-damage|p1a: Tentacruel|94/100|[from] Sandstorm
|-damage|p2a: Jellicent|45/100 brn|[from] Sandstorm
|-heal|p1a: Tentacruel|100/100|[from] item: Black Sludge
|-heal|p2a: Jellicent|51/100 brn|[from] item: Leftovers
|-damage|p2a: Jellicent|38/100 brn|[from] brn
|upkeep
|turn|21
|
|t:|1717085772
|move|p1a: Tentacruel|Toxic Spikes|p2a: Jellicent
|-sidestart|p2: blossummm|move: Toxic Spikes
|move|p2a: Jellicent|Recover|p2a: Jellicent
|-heal|p2a: Jellicent|88/100 brn
|
|-weather|Sandstorm|[upkeep]
|-damage|p1a: Tentacruel|94/100|[from] Sandstorm
|-damage|p2a: Jellicent|82/100 brn|[from] Sandstorm
|-heal|p1a: Tentacruel|100/100|[from] item: Black Sludge
|-heal|p2a: Jellicent|88/100 brn|[from] item: Leftovers
|-damage|p2a: Jellicent|76/100 brn|[from] brn
|upkeep
|turn|22
|
|t:|1717085776
|move|p1a: Tentacruel|Toxic Spikes|p2a: Jellicent
|-sidestart|p2: blossummm|move: Toxic Spikes
|move|p2a: Jellicent|Scald|p1a: Tentacruel
|-resisted|p1a: Tentacruel
|-damage|p1a: Tentacruel|92/100
|-status|p1a: Tentacruel|brn
|
|-weather|Sandstorm|[upkeep]
|-damage|p1a: Tentacruel|86/100 brn|[from] Sandstorm
|-damage|p2a: Jellicent|70/100 brn|[from] Sandstorm
|-heal|p1a: Tentacruel|92/100 brn|[from] item: Black Sludge
|-heal|p2a: Jellicent|76/100 brn|[from] item: Leftovers
|-damage|p1a: Tentacruel|79/100 brn|[from] brn
|-damage|p2a: Jellicent|63/100 brn|[from] brn
|upkeep
|turn|23
|
|t:|1717085784
|switch|p1a: Chansey|Chansey, F|82/100
|move|p2a: Jellicent|Recover|p2a: Jellicent
|-heal|p2a: Jellicent|100/100 brn
|
|-weather|Sandstorm|[upkeep]
|-damage|p2a: Jellicent|94/100 brn|[from] Sandstorm
|-damage|p1a: Chansey|75/100|[from] Sandstorm
|-heal|p2a: Jellicent|100/100 brn|[from] item: Leftovers
|-damage|p2a: Jellicent|88/100 brn|[from] brn
|upkeep
|turn|24
|
|t:|1717085788
|move|p2a: Jellicent|Will-O-Wisp|p1a: Chansey
|-status|p1a: Chansey|brn
|move|p1a: Chansey|Seismic Toss|p2a: Jellicent
|-immune|p2a: Jellicent
|
|-weather|Sandstorm|[upkeep]
|-damage|p2a: Jellicent|82/100 brn|[from] Sandstorm
|-damage|p1a: Chansey|69/100 brn|[from] Sandstorm
|-heal|p2a: Jellicent|88/100 brn|[from] item: Leftovers
|-damage|p2a: Jellicent|76/100 brn|[from] brn
|-damage|p1a: Chansey|57/100 brn|[from] brn
|upkeep
|turn|25
|
|t:|1717085795
|move|p2a: Jellicent|Scald|p1a: Chansey
|-damage|p1a: Chansey|49/100 brn
|move|p1a: Chansey|Soft-Boiled|p1a: Chansey
|-heal|p1a: Chansey|99/100 brn
|
|-weather|Sandstorm|[upkeep]
|-damage|p2a: Jellicent|69/100 brn|[from] Sandstorm
|-damage|p1a: Chansey|93/100 brn|[from] Sandstorm
|-heal|p2a: Jellicent|76/100 brn|[from] item: Leftovers
|-damage|p2a: Jellicent|63/100 brn|[from] brn
|-damage|p1a: Chansey|81/100 brn|[from] brn
|upkeep
|turn|26
|
|t:|1717085799
|move|p2a: Jellicent|Recover|p2a: Jellicent
|-heal|p2a: Jellicent|100/100 brn
|move|p1a: Chansey|Seismic Toss|p2a: Jellicent
|-immune|p2a: Jellicent
|
|-weather|Sandstorm|[upkeep]
|-damage|p2a: Jellicent|94/100 brn|[from] Sandstorm
|-damage|p1a: Chansey|75/100 brn|[from] Sandstorm
|-heal|p2a: Jellicent|100/100 brn|[from] item: Leftovers
|-damage|p2a: Jellicent|88/100 brn|[from] brn
|-damage|p1a: Chansey|62/100 brn|[from] brn
|upkeep
|turn|27
|
|t:|1717085804
|move|p2a: Jellicent|Scald|p1a: Chansey
|-damage|p1a: Chansey|56/100 brn
|move|p1a: Chansey|Seismic Toss|p2a: Jellicent
|-immune|p2a: Jellicent
|
|-weather|Sandstorm|[upkeep]
|-damage|p2a: Jellicent|82/100 brn|[from] Sandstorm
|-damage|p1a: Chansey|49/100 brn|[from] Sandstorm
|-heal|p2a: Jellicent|88/100 brn|[from] item: Leftovers
|-damage|p2a: Jellicent|76/100 brn|[from] brn
|-damage|p1a: Chansey|37/100 brn|[from] brn
|upkeep
|turn|28
|
|t:|1717085810
|move|p2a: Jellicent|Recover|p2a: Jellicent
|-heal|p2a: Jellicent|100/100 brn
|move|p1a: Chansey|Soft-Boiled|p1a: Chansey
|-heal|p1a: Chansey|87/100 brn
|
|-weather|Sandstorm|[upkeep]
|-damage|p2a: Jellicent|94/100 brn|[from] Sandstorm
|-damage|p1a: Chansey|81/100 brn|[from] Sandstorm
|-heal|p2a: Jellicent|100/100 brn|[from] item: Leftovers
|-damage|p2a: Jellicent|88/100 brn|[from] brn
|-damage|p1a: Chansey|68/100 brn|[from] brn
|upkeep
|turn|29
|
|t:|1717085814
|move|p2a: Jellicent|Scald|p1a: Chansey
|-damage|p1a: Chansey|62/100 brn
|move|p1a: Chansey|Soft-Boiled|p1a: Chansey
|-heal|p1a: Chansey|100/100 brn
|
|-weather|Sandstorm|[upkeep]
|-damage|p2a: Jellicent|82/100 brn|[from] Sandstorm
|-damage|p1a: Chansey|94/100 brn|[from] Sandstorm
|-heal|p2a: Jellicent|88/100 brn|[from] item: Leftovers
|-damage|p2a: Jellicent|76/100 brn|[from] brn
|-damage|p1a: Chansey|82/100 brn|[from] brn
|upkeep
|turn|30
|
|t:|1717085818
|-curestatus|p1a: Chansey|brn|[from] ability: Natural Cure
|switch|p1a: Tentacruel|Tentacruel, F|79/100 brn
|move|p2a: Jellicent|Scald|p1a: Tentacruel
|-resisted|p1a: Tentacruel
|-damage|p1a: Tentacruel|72/100 brn
|
|-weather|Sandstorm|[upkeep]
|-damage|p1a: Tentacruel|66/100 brn|[from] Sandstorm
|-damage|p2a: Jellicent|69/100 brn|[from] Sandstorm
|-heal|p1a: Tentacruel|72/100 brn|[from] item: Black Sludge
|-heal|p2a: Jellicent|76/100 brn|[from] item: Leftovers
|-damage|p1a: Tentacruel|59/100 brn|[from] brn
|-damage|p2a: Jellicent|63/100 brn|[from] brn
|upkeep
|turn|31
|
|t:|1717085823
|move|p1a: Tentacruel|Protect|p1a: Tentacruel
|-singleturn|p1a: Tentacruel|Protect
|move|p2a: Jellicent|Recover|p2a: Jellicent
|-heal|p2a: Jellicent|100/100 brn
|
|-weather|Sandstorm|[upkeep]
|-damage|p1a: Tentacruel|53/100 brn|[from] Sandstorm
|-damage|p2a: Jellicent|94/100 brn|[from] Sandstorm
|-heal|p1a: Tentacruel|59/100 brn|[from] item: Black Sludge
|-heal|p2a: Jellicent|100/100 brn|[from] item: Leftovers
|-damage|p1a: Tentacruel|47/100 brn|[from] brn
|-damage|p2a: Jellicent|88/100 brn|[from] brn
|upkeep
|turn|32
|
|t:|1717085827
|switch|p1a: Chansey|Chansey, F|82/100
|move|p2a: Jellicent|Scald|p1a: Chansey
|-crit|p1a: Chansey
|-damage|p1a: Chansey|69/100
|-status|p1a: Chansey|brn
|
|-weather|Sandstorm|[upkeep]
|-damage|p2a: Jellicent|82/100 brn|[from] Sandstorm
|-damage|p1a: Chansey|63/100 brn|[from] Sandstorm
|-heal|p2a: Jellicent|88/100 brn|[from] item: Leftovers
|-damage|p2a: Jellicent|76/100 brn|[from] brn
|-damage|p1a: Chansey|50/100 brn|[from] brn
|upkeep
|turn|33
|
|t:|1717085831
|move|p2a: Jellicent|Scald|p1a: Chansey
|-damage|p1a: Chansey|44/100 brn
|move|p1a: Chansey|Soft-Boiled|p1a: Chansey
|-heal|p1a: Chansey|94/100 brn
|
|-weather|Sandstorm|[upkeep]
|-damage|p2a: Jellicent|69/100 brn|[from] Sandstorm
|-damage|p1a: Chansey|88/100 brn|[from] Sandstorm
|-heal|p2a: Jellicent|76/100 brn|[from] item: Leftovers
|-damage|p2a: Jellicent|63/100 brn|[from] brn
|-damage|p1a: Chansey|75/100 brn|[from] brn
|upkeep
|turn|34
|
|t:|1717085837
|-curestatus|p1a: Chansey|brn|[from] ability: Natural Cure
|switch|p1a: Jirachi|Jirachi|100/100
|move|p2a: Jellicent|Recover|p2a: Jellicent
|-heal|p2a: Jellicent|100/100 brn
|
|-weather|Sandstorm|[upkeep]
|-damage|p2a: Jellicent|94/100 brn|[from] Sandstorm
|-heal|p2a: Jellicent|100/100 brn|[from] item: Leftovers
|-damage|p2a: Jellicent|88/100 brn|[from] brn
|upkeep
|turn|35
|
|t:|1717085840
|move|p1a: Jirachi|Protect|p1a: Jirachi
|-singleturn|p1a: Jirachi|Protect
|move|p2a: Jellicent|Scald|p1a: Jirachi
|-activate|p1a: Jirachi|move: Protect
|
|-weather|Sandstorm|[upkeep]
|-damage|p2a: Jellicent|82/100 brn|[from] Sandstorm
|-heal|p2a: Jellicent|88/100 brn|[from] item: Leftovers
|-damage|p2a: Jellicent|76/100 brn|[from] brn
|upkeep
|turn|36
|
|t:|1717085845
|move|p1a: Jirachi|Iron Head|p2a: Jellicent
|-resisted|p2a: Jellicent
|-damage|p2a: Jellicent|66/100 brn
|cant|p2a: Jellicent|flinch
|
|-weather|Sandstorm|[upkeep]
|-damage|p2a: Jellicent|59/100 brn|[from] Sandstorm
|-heal|p2a: Jellicent|66/100 brn|[from] item: Leftovers
|-damage|p2a: Jellicent|53/100 brn|[from] brn
|upkeep
|turn|37
|
|t:|1717085850
|move|p1a: Jirachi|Iron Head|p2a: Jellicent
|-resisted|p2a: Jellicent
|-crit|p2a: Jellicent
|-damage|p2a: Jellicent|33/100 brn
|move|p2a: Jellicent|Scald|p1a: Jirachi
|-damage|p1a: Jirachi|80/100
|-status|p1a: Jirachi|brn
|
|-weather|Sandstorm|[upkeep]
|-damage|p2a: Jellicent|26/100 brn|[from] Sandstorm
|-heal|p1a: Jirachi|86/100 brn|[from] item: Leftovers
|-heal|p2a: Jellicent|33/100 brn|[from] item: Leftovers
|-damage|p1a: Jirachi|74/100 brn|[from] brn
|-damage|p2a: Jellicent|20/100 brn|[from] brn
|upkeep
|turn|38
|
|t:|1717085855
|move|p1a: Jirachi|Iron Head|p2a: Jellicent
|-resisted|p2a: Jellicent
|-damage|p2a: Jellicent|15/100 brn
|cant|p2a: Jellicent|flinch
|
|-weather|Sandstorm|[upkeep]
|-damage|p2a: Jellicent|9/100 brn|[from] Sandstorm
|-heal|p1a: Jirachi|80/100 brn|[from] item: Leftovers
|-heal|p2a: Jellicent|15/100 brn|[from] item: Leftovers
|-damage|p1a: Jirachi|68/100 brn|[from] brn
|-damage|p2a: Jellicent|3/100 brn|[from] brn
|upkeep
|turn|39
|
|t:|1717085860
|move|p1a: Jirachi|Iron Head|p2a: Jellicent
|-resisted|p2a: Jellicent
|-damage|p2a: Jellicent|0 fnt
|faint|p2a: Jellicent
|
|-weather|Sandstorm|[upkeep]
|-heal|p1a: Jirachi|74/100 brn|[from] item: Leftovers
|-damage|p1a: Jirachi|62/100 brn|[from] brn
|upkeep
|
|t:|1717085876
|switch|p2a: Latios|Latios, M|100/100
|-damage|p2a: Latios|88/100|[from] Stealth Rock
|turn|40
|
|t:|1717085879
|switch|p1a: Tentacruel|Tentacruel, F|47/100 brn
|move|p2a: Latios|Hidden Power|p1a: Tentacruel
|-resisted|p1a: Tentacruel
|-damage|p1a: Tentacruel|39/100 brn
|
|-weather|Sandstorm|[upkeep]
|-damage|p2a: Latios|82/100|[from] Sandstorm
|-damage|p1a: Tentacruel|33/100 brn|[from] Sandstorm
|-heal|p1a: Tentacruel|39/100 brn|[from] item: Black Sludge
|-damage|p1a: Tentacruel|26/100 brn|[from] brn
|upkeep
|turn|41
|
|t:|1717085885
|move|p2a: Latios|Psyshock|p1a: Tentacruel
|-supereffective|p1a: Tentacruel
|-damage|p1a: Tentacruel|0 fnt
|faint|p1a: Tentacruel
|
|-weather|Sandstorm|[upkeep]
|-damage|p2a: Latios|76/100|[from] Sandstorm
|upkeep
|
|t:|1717085889
|switch|p1a: Chansey|Chansey, F|75/100
|turn|42
|
|t:|1717085892
|move|p2a: Latios|Psyshock|p1a: Chansey
|-damage|p1a: Chansey|48/100
|move|p1a: Chansey|Soft-Boiled|p1a: Chansey
|-heal|p1a: Chansey|98/100
|
|-weather|Sandstorm|[upkeep]
|-damage|p2a: Latios|70/100|[from] Sandstorm
|-damage|p1a: Chansey|92/100|[from] Sandstorm
|upkeep
|turn|43
|
|t:|1717085897
|switch|p2a: Tyranitar|Tyranitar, F, shiny|100/100
|-damage|p2a: Tyranitar|88/100|[from] Stealth Rock
|-status|p2a: Tyranitar|tox
|move|p1a: Chansey|Seismic Toss|p2a: Tyranitar
|-damage|p2a: Tyranitar|63/100 tox
|
|-weather|Sandstorm|[upkeep]
|-damage|p1a: Chansey|86/100|[from] Sandstorm
|-damage|p2a: Tyranitar|57/100 tox|[from] psn
|upkeep
|turn|44
|
|t:|1717085908
|switch|p1a: Jirachi|Jirachi|62/100 brn
|move|p2a: Tyranitar|Superpower|p1a: Jirachi
|-damage|p1a: Jirachi|28/100 brn
|-unboost|p2a: Tyranitar|atk|1
|-unboost|p2a: Tyranitar|def|1
|
|-weather|Sandstorm|[upkeep]
|-heal|p1a: Jirachi|34/100 brn|[from] item: Leftovers
|-damage|p2a: Tyranitar|45/100 tox|[from] psn
|-damage|p1a: Jirachi|21/100 brn|[from] brn
|upkeep
|turn|45
|
|t:|1717085915
|move|p1a: Jirachi|Iron Head|p2a: Tyranitar
|-supereffective|p2a: Tyranitar
|-damage|p2a: Tyranitar|11/100 tox
|cant|p2a: Tyranitar|flinch
|
|-weather|Sandstorm|[upkeep]
|-heal|p1a: Jirachi|28/100 brn|[from] item: Leftovers
|-damage|p2a: Tyranitar|0 fnt|[from] psn
|faint|p2a: Tyranitar
|-damage|p1a: Jirachi|15/100 brn|[from] brn
|upkeep
|
|t:|1717085937
|switch|p2a: Latios|Latios, M|70/100
|-damage|p2a: Latios|58/100|[from] Stealth Rock
|turn|46
|
|t:|1717085943
|move|p2a: Latios|Hidden Power|p1a: Jirachi
|-supereffective|p1a: Jirachi
|-damage|p1a: Jirachi|0 fnt
|faint|p1a: Jirachi
|
|-weather|Sandstorm|[upkeep]
|-damage|p2a: Latios|52/100|[from] Sandstorm
|upkeep
|
|t:|1717085945
|switch|p1a: Chansey|Chansey, F|86/100
|turn|47
|
|t:|1717085950
|move|p2a: Latios|Draco Meteor|p1a: Chansey|[miss]
|-miss|p2a: Latios|p1a: Chansey
|move|p1a: Chansey|Seismic Toss|p2a: Latios
|-damage|p2a: Latios|19/100
|
|-weather|Sandstorm|[upkeep]
|-damage|p2a: Latios|13/100|[from] Sandstorm
|-damage|p1a: Chansey|80/100|[from] Sandstorm
|upkeep
|turn|48
|
|t:|1717085954
|move|p2a: Latios|Draco Meteor|p1a: Chansey
|-damage|p1a: Chansey|58/100
|-unboost|p2a: Latios|spa|2
|move|p1a: Chansey|Soft-Boiled|p1a: Chansey
|-heal|p1a: Chansey|100/100
|
|-weather|Sandstorm|[upkeep]
|-damage|p2a: Latios|7/100|[from] Sandstorm
|-damage|p1a: Chansey|94/100|[from] Sandstorm
|upkeep
|turn|49
|
|t:|1717085959
|move|p2a: Latios|Draco Meteor|p1a: Chansey|[miss]
|-miss|p2a: Latios|p1a: Chansey
|move|p1a: Chansey|Toxic|p2a: Latios
|-status|p2a: Latios|tox
|
|-weather|Sandstorm|[upkeep]
|-damage|p2a: Latios|1/100 tox|[from] Sandstorm
|-damage|p1a: Chansey|88/100|[from] Sandstorm
|-damage|p2a: Latios|0 fnt|[from] psn
|faint|p2a: Latios
|upkeep
|
|t:|1717085964
|switch|p2a: Garchomp|Garchomp, F|94/100
|-damage|p2a: Garchomp|88/100|[from] Stealth Rock
|-status|p2a: Garchomp|tox
|turn|50
|
|t:|1717085973
|switch|p1a: Quagsire|Quagsire, M|100/100
|move|p2a: Garchomp|Outrage|p1a: Quagsire
|-damage|p1a: Quagsire|58/100
|
|-weather|Sandstorm|[upkeep]
|-heal|p1a: Quagsire|64/100|[from] item: Leftovers
|-damage|p2a: Garchomp|82/100 tox|[from] psn
|upkeep
|turn|51
|
|t:|1717085976
|move|p2a: Garchomp|Outrage|p1a: Quagsire|[from]lockedmove
|-damage|p1a: Quagsire|19/100
|-start|p2a: Garchomp|confusion|[fatigue]
|move|p1a: Quagsire|Recover|p1a: Quagsire
|-heal|p1a: Quagsire|69/100
|
|-weather|Sandstorm|[upkeep]
|-heal|p1a: Quagsire|76/100|[from] item: Leftovers
|-damage|p2a: Garchomp|70/100 tox|[from] psn
|upkeep
|turn|52
|
|t:|1717085979
|-activate|p2a: Garchomp|confusion
|-damage|p2a: Garchomp|57/100 tox|[from] confusion
|move|p1a: Quagsire|Recover|p1a: Quagsire
|-heal|p1a: Quagsire|100/100
|
|-weather|Sandstorm|[upkeep]
|-damage|p2a: Garchomp|38/100 tox|[from] psn
|upkeep
|turn|53
|
|t:|1717085987
|-activate|p2a: Garchomp|confusion
|move|p2a: Garchomp|Outrage|p1a: Quagsire
|-crit|p1a: Quagsire
|-damage|p1a: Quagsire|11/100
|move|p1a: Quagsire|Scald|p2a: Garchomp
|-damage|p2a: Garchomp|18/100 tox
|
|-weather|Sandstorm|[upkeep]
|-heal|p1a: Quagsire|17/100|[from] item: Leftovers
|-damage|p2a: Garchomp|0 fnt|[from] psn
|faint|p2a: Garchomp
|upkeep
|
|t:|1717085992
|switch|p2a: Alakazam|Alakazam, F|42/100 brn
|turn|54
|
|t:|1717085999
|move|p2a: Alakazam|Psychic|p1a: Quagsire
|-damage|p1a: Quagsire|0 fnt
|faint|p1a: Quagsire
|
|-weather|Sandstorm|[upkeep]
|upkeep
|
|t:|1717086007
|switch|p1a: Chansey|Chansey, F|88/100
|turn|55
|
|t:|1717086011
|move|p2a: Alakazam|Psychic|p1a: Chansey
|-damage|p1a: Chansey|70/100
|move|p1a: Chansey|Seismic Toss|p2a: Alakazam
|-damage|p2a: Alakazam|2/100 brn
|
|-weather|Sandstorm|[upkeep]
|-damage|p1a: Chansey|64/100|[from] Sandstorm
|upkeep
|turn|56
|c|☆blossummm|gg
|
|t:|1717086034
|move|p2a: Alakazam|Psychic|p1a: Chansey
|-damage|p1a: Chansey|47/100
|move|p1a: Chansey|Seismic Toss|p2a: Alakazam
|-damage|p2a: Alakazam|0 fnt
|faint|p2a: Alakazam
|
|win|radaty
|raw|radaty's rating: 1387 &rarr; <strong>1411</strong><br />(+24 for winning)
|raw|blossummm's rating: 1450 &rarr; <strong>1426</strong><br />(-24 for losing)
|c|☆radaty|Gg
