|j|☆daddy_days2
|j|☆skillfullbeing
|t:|1739399994
|gametype|singles
|player|p1|daddy_days2|1|1428
|player|p2|skillfullbeing|nate|1433
|teamsize|p1|6
|teamsize|p2|6
|gen|5
|tier|[Gen 5] OU
|rated|
|rule|Species Clause: Limit one of each Pokémon
|rule|OHKO Clause: OHKO moves are banned
|rule|Moody Clause: Moody is banned
|rule|Evasion Items Clause: Evasion items are banned
|rule|Evasion Moves Clause: Evasion moves are banned
|rule|Endless Battle Clause: Forcing endless battles is banned
|rule|HP Percentage Mod: HP is shown in percentages
|rule|Evasion Abilities Clause: Evasion abilities are banned
|rule|Sleep Moves Clause: Sleep-inducing moves are banned
|rule|Swagger Clause: Swagger is banned
|rule|Baton Pass Stat Clause: No Baton Passer may have a way to boost its stats
|clearpoke
|poke|p1|Kyurem-Black|item
|poke|p1|Garchomp, M|item
|poke|p1|Starmie|item
|poke|p1|Bisharp, F|item
|poke|p1|Conkeldurr, M|item
|poke|p1|Scyther, M|item
|poke|p2|Jirachi|item
|poke|p2|Garchomp, F|item
|poke|p2|Latios, M|item
|poke|p2|Kyurem-Black|item
|poke|p2|Salamence, F|item
|poke|p2|Magnezone|item
|teampreview
|inactive|Battle timer is ON: inactive players will automatically lose when time's up. (requested by skillfullbeing)
|
|t:|1739400010
|start
|switch|p1a: Pain Killer|Garchomp, M|100/100
|switch|p2a: Garchomp|Garchomp, F|100/100
|turn|1
|inactive|daddy_days2 has 120 seconds left.
|
|t:|1739400057
|move|p2a: Garchomp|Outrage|p1a: Pain Killer
|-supereffective|p1a: Pain Killer
|-damage|p1a: Pain Killer|23/100
|-damage|p2a: Garchomp|88/100|[from] ability: Rough Skin|[of] p1a: Pain Killer
|-damage|p2a: Garchomp|72/100|[from] item: Rocky Helmet|[of] p1a: Pain Killer
|move|p1a: Pain Killer|Stealth Rock|p2a: Garchomp
|-sidestart|p2: skillfullbeing|move: Stealth Rock
|
|upkeep
|turn|2
|
|t:|1739400067
|move|p1a: Pain Killer|Endure|p1a: Pain Killer
|-singleturn|p1a: Pain Killer|move: Endure
|move|p2a: Garchomp|Outrage|p1a: Pain Killer|[from] lockedmove
|-supereffective|p1a: Pain Killer
|-activate|p1a: Pain Killer|move: Endure
|-damage|p1a: Pain Killer|1/100
|-damage|p2a: Garchomp|59/100|[from] ability: Rough Skin|[of] p1a: Pain Killer
|-damage|p2a: Garchomp|43/100|[from] item: Rocky Helmet|[of] p1a: Pain Killer
|
|upkeep
|turn|3
|
|t:|1739400077
|move|p1a: Pain Killer|Endure|p1a: Pain Killer
|-singleturn|p1a: Pain Killer|move: Endure
|move|p2a: Garchomp|Outrage|p1a: Pain Killer|[from] lockedmove
|-supereffective|p1a: Pain Killer
|-activate|p1a: Pain Killer|move: Endure
|-damage|p1a: Pain Killer|1/100
|-damage|p2a: Garchomp|30/100|[from] ability: Rough Skin|[of] p1a: Pain Killer
|-damage|p2a: Garchomp|14/100|[from] item: Rocky Helmet|[of] p1a: Pain Killer
|-start|p2a: Garchomp|confusion|[fatigue]
|
|upkeep
|turn|4
|
|t:|1739400088
|-activate|p2a: Garchomp|confusion
|-damage|p2a: Garchomp|0 fnt|[from] confusion
|faint|p2a: Garchomp
|move|p1a: Pain Killer|Dragon Tail|p2: Garchomp|[notarget]
|-fail|p1a: Pain Killer
|
|upkeep
|
|t:|1739400096
|switch|p2a: Jirachi|Jirachi|100/100
|-damage|p2a: Jirachi|94/100|[from] Stealth Rock
|turn|5
|c|☆daddy_days2|eheh
|inactive|daddy_days2 has 120 seconds left.
|
|t:|1739400104
|move|p2a: Jirachi|Stealth Rock|p1a: Pain Killer
|-sidestart|p1: daddy_days2|move: Stealth Rock
|move|p1a: Pain Killer|Dragon Tail|p2a: Jirachi
|-resisted|p2a: Jirachi
|-damage|p2a: Jirachi|84/100
|drag|p2a: Magnezone|Magnezone|100/100
|-damage|p2a: Magnezone|94/100|[from] Stealth Rock
|-item|p2a: Magnezone|Air Balloon
|
|upkeep
|turn|6
|inactive|daddy_days2 has 120 seconds left.
|
|t:|1739400116
|move|p1a: Pain Killer|Endure|p1a: Pain Killer
|-singleturn|p1a: Pain Killer|move: Endure
|move|p2a: Magnezone|Hidden Power|p1a: Pain Killer
|-resisted|p1a: Pain Killer
|-activate|p1a: Pain Killer|move: Endure
|-damage|p1a: Pain Killer|1/100
|
|upkeep
|turn|7
|
|t:|1739400124
|switch|p1a: Starlight|Starmie|100/100
|-damage|p1a: Starlight|88/100|[from] Stealth Rock
|move|p2a: Magnezone|Hidden Power|p1a: Starlight
|-resisted|p1a: Starlight
|-damage|p1a: Starlight|74/100
|
|-heal|p1a: Starlight|80/100|[from] item: Leftovers
|upkeep
|turn|8
|
|t:|1739400135
|move|p1a: Starlight|Rapid Spin|p2a: Magnezone
|-resisted|p2a: Magnezone
|-damage|p2a: Magnezone|93/100
|-enditem|p2a: Magnezone|Air Balloon
|-sideend|p1: daddy_days2|Stealth Rock|[from] move: Rapid Spin|[of] p1a: Starlight
|move|p2a: Magnezone|Volt Switch|p1a: Starlight
|-supereffective|p1a: Starlight
|-damage|p1a: Starlight|0 fnt
|faint|p1a: Starlight
|
|t:|1739400142
|switch|p2a: Salamence|Salamence, F|100/100|[from] Volt Switch
|-damage|p2a: Salamence|76/100|[from] Stealth Rock
|
|upkeep
|
|t:|1739400150
|switch|p1a: Shrekster|Conkeldurr, M|100/100
|turn|9
|
|t:|1739400156
|move|p2a: Salamence|Outrage|p1a: Shrekster
|-damage|p1a: Shrekster|50/100
|move|p1a: Shrekster|Ice Punch|p2a: Salamence
|-supereffective|p2a: Salamence
|-damage|p2a: Salamence|0 fnt
|faint|p2a: Salamence
|
|-heal|p1a: Shrekster|56/100|[from] item: Leftovers
|upkeep
|
|t:|1739400159
|switch|p2a: Jirachi|Jirachi|84/100
|-damage|p2a: Jirachi|78/100|[from] Stealth Rock
|turn|10
|
|t:|1739400170
|move|p2a: Jirachi|Stealth Rock|p1a: Shrekster
|-sidestart|p1: daddy_days2|move: Stealth Rock
|move|p1a: Shrekster|Drain Punch|p2a: Jirachi
|-damage|p2a: Jirachi|34/100
|-heal|p1a: Shrekster|78/100|[from] drain|[of] p2a: Jirachi
|
|-heal|p2a: Jirachi|41/100|[from] item: Leftovers
|-heal|p1a: Shrekster|84/100|[from] item: Leftovers
|upkeep
|turn|11
|
|t:|1739400180
|move|p2a: Jirachi|Thunder Wave|p1a: Shrekster
|-status|p1a: Shrekster|par
|move|p1a: Shrekster|Drain Punch|p2a: Jirachi
|-damage|p2a: Jirachi|0 fnt
|-heal|p1a: Shrekster|100/100 par|[from] drain|[of] p2a: Jirachi
|faint|p2a: Jirachi
|
|upkeep
|
|t:|1739400182
|switch|p2a: Kyurem|Kyurem-Black|100/100
|-damage|p2a: Kyurem|76/100|[from] Stealth Rock
|-ability|p2a: Kyurem|Teravolt
|turn|12
|
|t:|1739400195
|move|p1a: Shrekster|Mach Punch|p2a: Kyurem
|-supereffective|p2a: Kyurem
|-damage|p2a: Kyurem|23/100
|move|p2a: Kyurem|Outrage|p1a: Shrekster
|-damage|p1a: Shrekster|5/100 par
|
|-heal|p1a: Shrekster|12/100 par|[from] item: Leftovers
|upkeep
|turn|13
|
|t:|1739400204
|move|p1a: Shrekster|Mach Punch|p2a: Kyurem
|-supereffective|p2a: Kyurem
|-damage|p2a: Kyurem|0 fnt
|faint|p2a: Kyurem
|
|-heal|p1a: Shrekster|18/100 par|[from] item: Leftovers
|upkeep
|
|t:|1739400208
|switch|p2a: Latios|Latios, M|100/100
|-damage|p2a: Latios|88/100|[from] Stealth Rock
|turn|14
|
|t:|1739400216
|switch|p1a: Adolf|Bisharp, F|100/100
|-damage|p1a: Adolf|95/100|[from] Stealth Rock
|-item|p1a: Adolf|Air Balloon
|move|p2a: Latios|Dragon Pulse|p1a: Adolf
|-resisted|p1a: Adolf
|-damage|p1a: Adolf|63/100
|-enditem|p1a: Adolf|Air Balloon
|
|upkeep
|turn|15
|
|t:|1739400226
|-activate|p2a: Latios|move: Pursuit
|move|p1a: Adolf|Pursuit|p2a: Latios|[from] Pursuit
|-supereffective|p2a: Latios
|-damage|p2a: Latios|0 fnt
|faint|p2a: Latios
|-hint|A Pokemon can't switch between when it runs out of HP and when it faints
|
|upkeep
|
|t:|1739400230
|switch|p2a: Magnezone|Magnezone|93/100
|-damage|p2a: Magnezone|87/100|[from] Stealth Rock
|turn|16
|c|☆skillfullbeing|WTF is this?!
|
|t:|1739400242
|move|p2a: Magnezone|Hidden Power|p1a: Adolf
|-supereffective|p1a: Adolf
|-damage|p1a: Adolf|0 fnt
|faint|p1a: Adolf
|
|upkeep
|
|t:|1739400252
|switch|p1a: Insane Dwayne|Kyurem-Black|100/100
|-damage|p1a: Insane Dwayne|76/100|[from] Stealth Rock
|-ability|p1a: Insane Dwayne|Teravolt
|turn|17
|
|t:|1739400259
|move|p1a: Insane Dwayne|Outrage|p2a: Magnezone
|-resisted|p2a: Magnezone
|-damage|p2a: Magnezone|23/100
|move|p2a: Magnezone|Volt Switch|p1a: Insane Dwayne
|-resisted|p1a: Insane Dwayne
|-damage|p1a: Insane Dwayne|59/100
|
|upkeep
|turn|18
|-message|skillfullbeing forfeited.
|
|win|daddy_days2
|raw|daddy_days2's rating: 1428 &rarr; <strong>1448</strong><br />(+20 for winning)
|raw|skillfullbeing's rating: 1433 &rarr; <strong>1413</strong><br />(-20 for losing)
|l|☆skillfullbeing
|player|p2|
