|j|☆u1412036
|j|☆bkshtjj
|player|p1|u1412036|170
|player|p2|bkshtjj|120
|teamsize|p1|6
|teamsize|p2|6
|gametype|singles
|gen|5
|tier|[Gen 5] OU
|rated|
|rule|Sleep Clause Mod: Limit one foe put to sleep
|rule|Species Clause: Limit one of each Pokémon
|rule|OHKO Clause: OHKO moves are banned
|rule|Moody Clause: Moody is banned
|rule|Evasion Moves Clause: Evasion moves are banned
|rule|Endless Battle Clause: Forcing endless battles is banned
|rule|HP Percentage Mod: HP is shown in percentages
|rule|Evasion Abilities Clause: Evasion abilities are banned
|rule|Baton Pass Clause: Limit one Baton Passer, can't pass Spe and other stats simultaneously
|rule|Swagger Clause: Swagger is banned
|clearpoke
|poke|p1|Terrakion|item
|poke|p1|Kyurem-Black|item
|poke|p1|Magnezone|item
|poke|p1|Dragonite, F|item
|poke|p1|Latios, M|item
|poke|p1|Jirachi|item
|poke|p2|Scizor, F|item
|poke|p2|Mamoswine, F|item
|poke|p2|Volcarona, M|item
|poke|p2|Tentacruel, F|item
|poke|p2|Abomasnow, M|item
|poke|p2|Latias, F|item
|teampreview
|l|☆bkshtjj
|player|p2|
|j|☆bkshtjj
|player|p2|bkshtjj|120
|inactive|Battle timer is ON: inactive players will automatically lose when time's up. (requested by bkshtjj)
|l|☆u1412036
|inactive|u1412036 disconnected and has a minute to reconnect!
|player|p1|
|j| Tapu Buggo
|j|☆u1412036
|inactive|u1412036 reconnected and has 120 seconds left.
|player|p1|u1412036|170
|
|start
|switch|p1a: Purger|Terrakion|100/100
|switch|p2a: Mamoswine|Mamoswine, F|100/100
|turn|1
|inactive|u1412036 has 135 seconds left.
|l| Tapu Buggo
|inactive|u1412036 has 120 seconds left.
|
|move|p1a: Purger|Close Combat|p2a: Mamoswine
|-supereffective|p2a: Mamoswine
|-enditem|p2a: Mamoswine|Focus Sash
|-damage|p2a: Mamoswine|1/100
|-unboost|p1a: Purger|def|1
|-unboost|p1a: Purger|spd|1
|move|p2a: Mamoswine|Earthquake|p1a: Purger
|-supereffective|p1a: Purger
|-enditem|p1a: Purger|Focus Sash
|-damage|p1a: Purger|1/100
|
|upkeep
|turn|2
|inactive|u1412036 has 135 seconds left.
|inactive|bkshtjj has 135 seconds left.
|inactive|bkshtjj has 120 seconds left.
|
|switch|p1a: BKC|Kyurem-Black|100/100
|-ability|p1a: BKC|Teravolt
|move|p2a: Mamoswine|Ice Shard|p1a: BKC
|-damage|p1a: BKC|81/100
|
|upkeep
|turn|3
|inactive|u1412036 has 135 seconds left.
|
|move|p1a: BKC|Ice Beam|p2a: Mamoswine
|-damage|p2a: Mamoswine|0
|-damage|p1a: BKC|71/100|[from] item: Life Orb
|faint|p2a: Mamoswine
|
|upkeep
|
|switch|p2a: Scizor|Scizor, F, shiny|100/100
|turn|4
|inactive|u1412036 has 135 seconds left.
|inactive|u1412036 has 120 seconds left.
|
|move|p1a: BKC|Fusion Bolt|p2a: Scizor
|-damage|p2a: Scizor|47/100
|-damage|p1a: BKC|61/100|[from] item: Life Orb
|move|p2a: Scizor|Superpower|p1a: BKC
|-supereffective|p1a: BKC
|-damage|p1a: BKC|0
|-unboost|p2a: Scizor|atk|1
|-unboost|p2a: Scizor|def|1
|faint|p1a: BKC
|
|upkeep
|inactive|u1412036 has 120 seconds left.
|inactive|u1412036 has 105 seconds left.
|
|switch|p1a: Stone_Cold|Dragonite, F|100/100
|turn|5
|inactive|u1412036 has 105 seconds left.
|
|switch|p2a: Abomasnow|Abomasnow, M, shiny|100/100
|-weather|Hail|[from] ability: Snow Warning|[of] p2a: Abomasnow
|move|p1a: Stone_Cold|Dragon Dance|p1a: Stone_Cold
|-boost|p1a: Stone_Cold|atk|1
|-boost|p1a: Stone_Cold|spe|1
|
|-weather|Hail|[upkeep]
|-damage|p1a: Stone_Cold|94/100|[from] Hail
|upkeep
|turn|6
|inactive|u1412036 has 105 seconds left.
|
|move|p2a: Abomasnow|Protect|p2a: Abomasnow
|-singleturn|p2a: Abomasnow|Protect
|move|p1a: Stone_Cold|Outrage|p2a: Abomasnow
|-activate|p2a: Abomasnow|move: Protect
|
|-weather|Hail|[upkeep]
|-damage|p1a: Stone_Cold|88/100|[from] Hail
|upkeep
|turn|7
|inactive|u1412036 has 105 seconds left.
|
|move|p2a: Abomasnow|Ice Shard|p1a: Stone_Cold
|-supereffective|p1a: Stone_Cold
|-damage|p1a: Stone_Cold|0
|faint|p1a: Stone_Cold
|
|-weather|Hail|[upkeep]
|upkeep
|inactive|u1412036 has 105 seconds left.
|
|switch|p1a: Jirachi|Jirachi|100/100
|turn|8
|
|switch|p2a: Volcarona|Volcarona, M, shiny|100/100
|move|p1a: Jirachi|Substitute|p1a: Jirachi
|-start|p1a: Jirachi|Substitute
|-damage|p1a: Jirachi|75/100
|
|-weather|Hail|[upkeep]
|-damage|p2a: Volcarona|94/100|[from] Hail
|-damage|p1a: Jirachi|69/100|[from] Hail
|-heal|p2a: Volcarona|100/100|[from] item: Leftovers
|-heal|p1a: Jirachi|75/100|[from] item: Leftovers
|upkeep
|turn|9
|inactive|u1412036 has 105 seconds left.
|
|move|p2a: Volcarona|Fiery Dance|p1a: Jirachi
|-supereffective|p1a: Jirachi
|-end|p1a: Jirachi|Substitute
|-boost|p2a: Volcarona|spa|1
|move|p1a: Jirachi|Thunderbolt|p2a: Volcarona
|-damage|p2a: Volcarona|79/100
|-status|p2a: Volcarona|par
|
|-weather|Hail|[upkeep]
|-damage|p1a: Jirachi|69/100|[from] Hail
|-damage|p2a: Volcarona|73/100 par|[from] Hail
|-heal|p1a: Jirachi|75/100|[from] item: Leftovers
|-heal|p2a: Volcarona|79/100 par|[from] item: Leftovers
|upkeep
|turn|10
|inactive|u1412036 has 105 seconds left.
|inactive|u1412036 has 90 seconds left.
|inactive|u1412036 has 75 seconds left.
|
|switch|p1a: IDM Hugo|Latios, M|100/100
|cant|p2a: Volcarona|par
|
|-weather|Hail|[upkeep]
|-damage|p1a: IDM Hugo|95/100|[from] Hail
|-damage|p2a: Volcarona|73/100 par|[from] Hail
|-heal|p2a: Volcarona|79/100 par|[from] item: Leftovers
|upkeep
|turn|11
|inactive|u1412036 has 75 seconds left.
|inactive|bkshtjj has 135 seconds left.
|inactive|bkshtjj has 120 seconds left.
|
|move|p1a: IDM Hugo|Draco Meteor|p2a: Volcarona
|-damage|p2a: Volcarona|9/100 par
|-unboost|p1a: IDM Hugo|spa|2
|cant|p2a: Volcarona|par
|
|-weather|Hail|[upkeep]
|-damage|p1a: IDM Hugo|89/100|[from] Hail
|-damage|p2a: Volcarona|2/100 par|[from] Hail
|-heal|p2a: Volcarona|9/100 par|[from] item: Leftovers
|upkeep
|turn|12
|inactive|u1412036 has 75 seconds left.
|c|☆bkshtjj|。。。
|
|move|p1a: IDM Hugo|Draco Meteor|p2a: Volcarona
|-crit|p2a: Volcarona
|-damage|p2a: Volcarona|0 par
|-unboost|p1a: IDM Hugo|spa|2
|faint|p2a: Volcarona
|
|-weather|Hail|[upkeep]
|-damage|p1a: IDM Hugo|83/100|[from] Hail
|upkeep
|
|switch|p2a: Abomasnow|Abomasnow, M, shiny|100/100
|turn|13
|inactive|u1412036 has 75 seconds left.
|
|switch|p1a: CTC|Magnezone|100/100
|switch|p2a: Tentacruel|Tentacruel, F, shiny|100/100
|
|-weather|Hail|[upkeep]
|-damage|p2a: Tentacruel|94/100|[from] Hail
|-damage|p1a: CTC|95/100|[from] Hail
|-heal|p2a: Tentacruel|100/100|[from] item: Leftovers
|upkeep
|turn|14
|inactive|u1412036 has 75 seconds left.
|
|switch|p2a: Latias|Latias, F|100/100
|move|p1a: CTC|Volt Switch|p2a: Latias
|-resisted|p2a: Latias
|-damage|p2a: Latias|80/100
|inactive|u1412036 has 75 seconds left.
|inactive|u1412036 has 60 seconds left.
|
|switch|p1a: Jirachi|Jirachi|75/100
|
|-weather|Hail|[upkeep]
|-damage|p2a: Latias|74/100|[from] Hail
|-damage|p1a: Jirachi|69/100|[from] Hail
|-heal|p2a: Latias|80/100|[from] item: Leftovers
|-heal|p1a: Jirachi|75/100|[from] item: Leftovers
|upkeep
|turn|15
|inactive|u1412036 has 60 seconds left.
|
|switch|p2a: Tentacruel|Tentacruel, F, shiny|100/100
|move|p1a: Jirachi|Substitute|p1a: Jirachi
|-start|p1a: Jirachi|Substitute
|-damage|p1a: Jirachi|50/100
|
|-weather|Hail|[upkeep]
|-damage|p1a: Jirachi|44/100|[from] Hail
|-damage|p2a: Tentacruel|94/100|[from] Hail
|-heal|p1a: Jirachi|50/100|[from] item: Leftovers
|-heal|p2a: Tentacruel|100/100|[from] item: Leftovers
|upkeep
|turn|16
|inactive|u1412036 has 60 seconds left.
|
|move|p1a: Jirachi|Calm Mind|p1a: Jirachi
|-boost|p1a: Jirachi|spa|1
|-boost|p1a: Jirachi|spd|1
|move|p2a: Tentacruel|Scald|p1a: Jirachi
|-activate|p1a: Jirachi|Substitute|[damage]
|
|-weather|Hail|[upkeep]
|-damage|p1a: Jirachi|44/100|[from] Hail
|-damage|p2a: Tentacruel|94/100|[from] Hail
|-heal|p1a: Jirachi|50/100|[from] item: Leftovers
|-heal|p2a: Tentacruel|100/100|[from] item: Leftovers
|upkeep
|turn|17
|inactive|u1412036 has 60 seconds left.
|
|move|p1a: Jirachi|Calm Mind|p1a: Jirachi
|-boost|p1a: Jirachi|spa|1
|-boost|p1a: Jirachi|spd|1
|move|p2a: Tentacruel|Scald|p1a: Jirachi
|-activate|p1a: Jirachi|Substitute|[damage]
|
|-weather|Hail|[upkeep]
|-damage|p1a: Jirachi|44/100|[from] Hail
|-damage|p2a: Tentacruel|94/100|[from] Hail
|-heal|p1a: Jirachi|50/100|[from] item: Leftovers
|-heal|p2a: Tentacruel|100/100|[from] item: Leftovers
|upkeep
|turn|18
|inactive|u1412036 has 60 seconds left.
|
|move|p1a: Jirachi|Psyshock|p2a: Tentacruel
|-supereffective|p2a: Tentacruel
|-damage|p2a: Tentacruel|0
|faint|p2a: Tentacruel
|
|-weather|Hail|[upkeep]
|-damage|p1a: Jirachi|44/100|[from] Hail
|-heal|p1a: Jirachi|50/100|[from] item: Leftovers
|upkeep
|
|switch|p2a: Abomasnow|Abomasnow, M, shiny|100/100
|turn|19
|inactive|u1412036 has 75 seconds left.
|inactive|u1412036 has 60 seconds left.
|
|move|p2a: Abomasnow|Ice Shard|p1a: Jirachi
|-resisted|p1a: Jirachi
|-end|p1a: Jirachi|Substitute
|move|p1a: Jirachi|Psyshock|p2a: Abomasnow
|-damage|p2a: Abomasnow|43/100
|
|-weather|Hail|[upkeep]
|-damage|p1a: Jirachi|44/100|[from] Hail
|-heal|p1a: Jirachi|50/100|[from] item: Leftovers
|upkeep
|turn|20
|inactive|u1412036 has 60 seconds left.
|
|move|p1a: Jirachi|Substitute|p1a: Jirachi
|-start|p1a: Jirachi|Substitute
|-damage|p1a: Jirachi|25/100
|move|p2a: Abomasnow|Wood Hammer|p1a: Jirachi
|-resisted|p1a: Jirachi
|-activate|p1a: Jirachi|Substitute|[damage]
|-damage|p2a: Abomasnow|36/100|[from] Recoil|[of] p1a: Jirachi
|
|-weather|Hail|[upkeep]
|-damage|p1a: Jirachi|19/100|[from] Hail
|-heal|p1a: Jirachi|25/100|[from] item: Leftovers
|upkeep
|turn|21
|
|move|p2a: Abomasnow|Ice Shard|p1a: Jirachi
|-resisted|p1a: Jirachi
|-end|p1a: Jirachi|Substitute
|move|p1a: Jirachi|Psyshock|p2a: Abomasnow
|-crit|p2a: Abomasnow
|-damage|p2a: Abomasnow|0
|faint|p2a: Abomasnow
|
|-weather|Hail|[upkeep]
|-damage|p1a: Jirachi|19/100|[from] Hail
|-heal|p1a: Jirachi|25/100|[from] item: Leftovers
|upkeep
|
|switch|p2a: Scizor|Scizor, F, shiny|47/100
|turn|22
|inactive|u1412036 has 60 seconds left.
|
|move|p1a: Jirachi|Thunderbolt|p2a: Scizor
|-damage|p2a: Scizor|0
|faint|p2a: Scizor
|
|-weather|Hail|[upkeep]
|-damage|p1a: Jirachi|19/100|[from] Hail
|-heal|p1a: Jirachi|25/100|[from] item: Leftovers
|upkeep
|
|switch|p2a: Latias|Latias, F|80/100
|turn|23
|
|move|p2a: Latias|Calm Mind|p2a: Latias
|-boost|p2a: Latias|spa|1
|-boost|p2a: Latias|spd|1
|move|p1a: Jirachi|Psyshock|p2a: Latias
|-resisted|p2a: Latias
|-damage|p2a: Latias|49/100
|
|-weather|Hail|[upkeep]
|-damage|p2a: Latias|43/100|[from] Hail
|-damage|p1a: Jirachi|19/100|[from] Hail
|-heal|p2a: Latias|49/100|[from] item: Leftovers
|-heal|p1a: Jirachi|25/100|[from] item: Leftovers
|upkeep
|turn|24
|inactive|u1412036 has 75 seconds left.
|
|move|p2a: Latias|Calm Mind|p2a: Latias
|-boost|p2a: Latias|spa|1
|-boost|p2a: Latias|spd|1
|move|p1a: Jirachi|Psyshock|p2a: Latias
|-resisted|p2a: Latias
|-damage|p2a: Latias|19/100
|
|-weather|Hail|[upkeep]
|-damage|p2a: Latias|13/100|[from] Hail
|-damage|p1a: Jirachi|19/100|[from] Hail
|-heal|p2a: Latias|19/100|[from] item: Leftovers
|-heal|p1a: Jirachi|25/100|[from] item: Leftovers
|upkeep
|turn|25
|inactive|u1412036 has 75 seconds left.
|inactive|u1412036 has 60 seconds left.
|
|move|p2a: Latias|Roost|p2a: Latias
|-heal|p2a: Latias|69/100
|move|p1a: Jirachi|Calm Mind|p1a: Jirachi
|-boost|p1a: Jirachi|spa|1
|-boost|p1a: Jirachi|spd|1
|
|-weather|Hail|[upkeep]
|-damage|p2a: Latias|63/100|[from] Hail
|-damage|p1a: Jirachi|19/100|[from] Hail
|-heal|p2a: Latias|69/100|[from] item: Leftovers
|-heal|p1a: Jirachi|25/100|[from] item: Leftovers
|upkeep
|turn|26
|inactive|u1412036 has 60 seconds left.
|
|move|p2a: Latias|Hidden Power|p1a: Jirachi
|-supereffective|p1a: Jirachi
|-damage|p1a: Jirachi|3/100
|move|p1a: Jirachi|Psyshock|p2a: Latias
|-resisted|p2a: Latias
|-damage|p2a: Latias|35/100
|
|-weather|Hail|[upkeep]
|-damage|p2a: Latias|29/100|[from] Hail
|-damage|p1a: Jirachi|0|[from] Hail
|-heal|p2a: Latias|35/100|[from] item: Leftovers
|upkeep
|faint|p1a: Jirachi
|inactive|u1412036 has 60 seconds left.
|
|switch|p1a: IDM Hugo|Latios, M|83/100
|turn|27
|
|move|p1a: IDM Hugo|Draco Meteor|p2a: Latias|[miss]
|-miss|p1a: IDM Hugo|p2a: Latias
|move|p2a: Latias|Dragon Pulse|p1a: IDM Hugo
|-supereffective|p1a: IDM Hugo
|-damage|p1a: IDM Hugo|0
|faint|p1a: IDM Hugo
|
|-weather|Hail|[upkeep]
|-damage|p2a: Latias|29/100|[from] Hail
|-heal|p2a: Latias|35/100|[from] item: Leftovers
|upkeep
|c|☆bkshtjj|miss
|c|☆bkshtjj|good
|inactive|u1412036 has 75 seconds left.
|
|switch|p1a: CTC|Magnezone|95/100
|turn|28
|
|move|p2a: Latias|Roost|p2a: Latias
|-heal|p2a: Latias|85/100
|move|p1a: CTC|Flash Cannon|p2a: Latias
|-damage|p2a: Latias|57/100
|
|-weather|Hail|[upkeep]
|-damage|p2a: Latias|51/100|[from] Hail
|-damage|p1a: CTC|89/100|[from] Hail
|-heal|p2a: Latias|57/100|[from] item: Leftovers
|upkeep
|turn|29
|
|move|p2a: Latias|Roost|p2a: Latias
|-heal|p2a: Latias|100/100
|move|p1a: CTC|Flash Cannon|p2a: Latias
|-damage|p2a: Latias|75/100
|
|-weather|Hail|[upkeep]
|-damage|p2a: Latias|69/100|[from] Hail
|-damage|p1a: CTC|83/100|[from] Hail
|-heal|p2a: Latias|75/100|[from] item: Leftovers
|upkeep
|turn|30
|inactive|u1412036 has 90 seconds left.
|
|move|p2a: Latias|Hidden Power|p1a: CTC
|-supereffective|p1a: CTC
|-damage|p1a: CTC|0
|faint|p1a: CTC
|
|-weather|Hail|[upkeep]
|-damage|p2a: Latias|69/100|[from] Hail
|-heal|p2a: Latias|75/100|[from] item: Leftovers
|upkeep
|
|switch|p1a: Purger|Terrakion|1/100
|turn|31
|
|move|p2a: Latias|Hidden Power|p1a: Purger
|-resisted|p1a: Purger
|-damage|p1a: Purger|0
|faint|p1a: Purger
|
|win|bkshtjj
|raw|u1412036's rating: 1367 &rarr; <strong>1342</strong><br />(-25 for losing)
|raw|bkshtjj's rating: 1280 &rarr; <strong>1311</strong><br />(+31 for winning)
|c|☆bkshtjj|gg
