|j|☆scrublord999
|j|☆Croaset
|t:|1732397201
|gametype|singles
|player|p1|scrublord999|burglar|1413
|player|p2|Croaset|elesa|1405
|teamsize|p1|6
|teamsize|p2|6
|gen|5
|tier|[Gen 5] OU
|rated|
|rule|Species Clause: Limit one of each Pokémon
|rule|OHKO Clause: OHKO moves are banned
|rule|Moody Clause: Moody is banned
|rule|Evasion Items Clause: Evasion items are banned
|rule|Evasion Moves Clause: Evasion moves are banned
|rule|Endless Battle Clause: Forcing endless battles is banned
|rule|HP Percentage Mod: HP is shown in percentages
|rule|Evasion Abilities Clause: Evasion abilities are banned
|rule|Sleep Moves Clause: Sleep-inducing moves are banned
|rule|Swagger Clause: Swagger is banned
|rule|Baton Pass Stat Clause: No Baton Passer may have a way to boost its stats
|clearpoke
|poke|p1|Abomasnow, M|item
|poke|p1|Forretress, M|item
|poke|p1|Jellicent, F|item
|poke|p1|Heatran, M|item
|poke|p1|Mamoswine, M|item
|poke|p1|Latios, M|item
|poke|p2|Latios, M|item
|poke|p2|Tyranitar, F|item
|poke|p2|Landorus-Therian, M|item
|poke|p2|Excadrill, F|item
|poke|p2|Ferrothorn, M|item
|poke|p2|Reuniclus, M|item
|teampreview
|inactive|Battle timer is ON: inactive players will automatically lose when time's up. (requested by scrublord999)
|
|t:|1732397233
|start
|switch|p1a: Abomasnow|Abomasnow, M|100/100
|switch|p2a: Landorus|Landorus-Therian, M|100/100
|-weather|Hail|[from] ability: Snow Warning|[of] p1a: Abomasnow
|-ability|p2a: Landorus|Intimidate|boost
|-unboost|p1a: Abomasnow|atk|1
|turn|1
|
|t:|1732397243
|move|p1a: Abomasnow|Blizzard|p2a: Landorus
|-supereffective|p2a: Landorus
|-damage|p2a: Landorus|0 fnt
|faint|p2a: Landorus
|
|-weather|Hail|[upkeep]
|upkeep
|
|t:|1732397261
|switch|p2a: Tyranitar|Tyranitar, F|100/100
|-weather|Sandstorm|[from] ability: Sand Stream|[of] p2a: Tyranitar
|turn|2
|
|t:|1732397270
|switch|p1a: Jellicent|Jellicent, F|100/100
|move|p2a: Tyranitar|Thunder Wave|p1a: Jellicent
|-status|p1a: Jellicent|par
|
|-weather|Sandstorm|[upkeep]
|-damage|p1a: Jellicent|94/100 par|[from] Sandstorm
|upkeep
|turn|3
|
|t:|1732397273
|move|p2a: Tyranitar|Crunch|p1a: Jellicent
|-supereffective|p1a: Jellicent
|-damage|p1a: Jellicent|17/100 par
|-damage|p2a: Tyranitar|84/100|[from] item: Rocky Helmet|[of] p1a: Jellicent
|move|p1a: Jellicent|Will-O-Wisp|p2a: Tyranitar
|-status|p2a: Tyranitar|brn
|
|-weather|Sandstorm|[upkeep]
|-damage|p1a: Jellicent|10/100 par|[from] Sandstorm
|-damage|p2a: Tyranitar|72/100 brn|[from] brn
|upkeep
|turn|4
|
|t:|1732397278
|move|p2a: Tyranitar|Pursuit|p1a: Jellicent
|-supereffective|p1a: Jellicent
|-damage|p1a: Jellicent|0 fnt
|-damage|p2a: Tyranitar|55/100 brn|[from] item: Rocky Helmet|[of] p1a: Jellicent
|faint|p1a: Jellicent
|
|-weather|Sandstorm|[upkeep]
|-damage|p2a: Tyranitar|43/100 brn|[from] brn
|upkeep
|
|t:|1732397291
|switch|p1a: Forretress|Forretress, M|100/100
|turn|5
|
|t:|1732397293
|move|p2a: Tyranitar|Thunder Wave|p1a: Forretress
|-status|p1a: Forretress|par
|cant|p1a: Forretress|par
|
|-weather|Sandstorm|[upkeep]
|-damage|p2a: Tyranitar|30/100 brn|[from] brn
|upkeep
|turn|6
|
|t:|1732397298
|switch|p2a: Excadrill|Excadrill, F|100/100
|-ability|p2a: Excadrill|Mold Breaker
|move|p1a: Forretress|Spikes|p2a: Excadrill
|-sidestart|p2: Croaset|Spikes
|
|-weather|Sandstorm|[upkeep]
|upkeep
|turn|7
|
|t:|1732397306
|move|p2a: Excadrill|Rapid Spin|p1a: Forretress
|-resisted|p1a: Forretress
|-damage|p1a: Forretress|99/100 par
|-sideend|p2: Croaset|Spikes|[from] move: Rapid Spin|[of] p2a: Excadrill
|move|p1a: Forretress|Spikes|p2a: Excadrill
|-sidestart|p2: Croaset|Spikes
|
|-weather|Sandstorm|[upkeep]
|-heal|p1a: Forretress|100/100 par|[from] item: Leftovers
|upkeep
|turn|8
|
|t:|1732397320
|switch|p1a: Abomasnow|Abomasnow, M|100/100
|-weather|Hail|[from] ability: Snow Warning|[of] p1a: Abomasnow
|move|p2a: Excadrill|Rapid Spin|p1a: Abomasnow
|-damage|p1a: Abomasnow|92/100
|-sideend|p2: Croaset|Spikes|[from] move: Rapid Spin|[of] p2a: Excadrill
|
|-weather|Hail|[upkeep]
|-damage|p2a: Excadrill|94/100|[from] Hail
|-heal|p2a: Excadrill|100/100|[from] item: Leftovers
|upkeep
|turn|9
|
|t:|1732397324
|move|p2a: Excadrill|Protect|p2a: Excadrill
|-singleturn|p2a: Excadrill|Protect
|move|p1a: Abomasnow|Blizzard|p2a: Excadrill
|-activate|p2a: Excadrill|move: Protect
|
|-weather|Hail|[upkeep]
|-damage|p2a: Excadrill|94/100|[from] Hail
|-heal|p2a: Excadrill|100/100|[from] item: Leftovers
|upkeep
|turn|10
|
|t:|1732397333
|switch|p2a: Tyranitar|Tyranitar, F|30/100 brn
|-weather|Sandstorm|[from] ability: Sand Stream|[of] p2a: Tyranitar
|move|p1a: Abomasnow|Blizzard|p2a: Tyranitar|[miss]
|-miss|p1a: Abomasnow|p2a: Tyranitar
|
|-weather|Sandstorm|[upkeep]
|-damage|p1a: Abomasnow|86/100|[from] Sandstorm
|-damage|p2a: Tyranitar|18/100 brn|[from] brn
|upkeep
|turn|11
|
|t:|1732397344
|switch|p1a: Forretress|Forretress, M|100/100 par
|move|p2a: Tyranitar|Thunder Wave|p1a: Forretress
|-fail|p1a: Forretress|par
|
|-weather|Sandstorm|[upkeep]
|-damage|p2a: Tyranitar|5/100 brn|[from] brn
|upkeep
|turn|12
|
|t:|1732397351
|switch|p2a: Reuniclus|Reuniclus, M|100/100
|cant|p1a: Forretress|par
|
|-weather|Sandstorm|[upkeep]
|upkeep
|turn|13
|
|t:|1732397356
|move|p2a: Reuniclus|Calm Mind|p2a: Reuniclus
|-boost|p2a: Reuniclus|spa|1
|-boost|p2a: Reuniclus|spd|1
|move|p1a: Forretress|Spikes|p2a: Reuniclus
|-sidestart|p2: Croaset|Spikes
|
|-weather|Sandstorm|[upkeep]
|upkeep
|turn|14
|
|t:|1732397360
|move|p2a: Reuniclus|Calm Mind|p2a: Reuniclus
|-boost|p2a: Reuniclus|spa|1
|-boost|p2a: Reuniclus|spd|1
|move|p1a: Forretress|Explosion|p2a: Reuniclus
|-damage|p2a: Reuniclus|67/100
|faint|p1a: Forretress
|
|-weather|Sandstorm|[upkeep]
|-heal|p2a: Reuniclus|73/100|[from] item: Leftovers
|upkeep
|
|t:|1732397366
|switch|p1a: Latios|Latios, M|100/100
|turn|15
|
|t:|1732397379
|switch|p2a: Tyranitar|Tyranitar, F|5/100 brn
|-damage|p2a: Tyranitar|0 fnt|[from] Spikes
|faint|p2a: Tyranitar
|move|p1a: Latios|Trick|p2: Tyranitar|[notarget]
|-fail|p1a: Latios
|
|-weather|Sandstorm|[upkeep]
|-damage|p1a: Latios|95/100|[from] Sandstorm
|upkeep
|
|t:|1732397382
|switch|p2a: Latios|Latios, M|100/100
|turn|16
|
|t:|1732397391
|switch|p1a: Heatran|Heatran, M|100/100
|-item|p1a: Heatran|Air Balloon
|move|p2a: Latios|Thunder Wave|p1a: Heatran
|-status|p1a: Heatran|par
|
|-weather|Sandstorm|[upkeep]
|-damage|p2a: Latios|95/100|[from] Sandstorm
|upkeep
|turn|17
|
|t:|1732397394
|move|p2a: Latios|Surf|p1a: Heatran
|-supereffective|p1a: Heatran
|-damage|p1a: Heatran|31/100 par
|-enditem|p1a: Heatran|Air Balloon
|move|p1a: Heatran|Stealth Rock|p2a: Latios
|-sidestart|p2: Croaset|move: Stealth Rock
|
|-weather|Sandstorm|[upkeep]
|-damage|p2a: Latios|89/100|[from] Sandstorm
|upkeep
|turn|18
|
|t:|1732397398
|move|p2a: Latios|Surf|p1a: Heatran
|-supereffective|p1a: Heatran
|-damage|p1a: Heatran|0 fnt
|faint|p1a: Heatran
|
|-weather|Sandstorm|[upkeep]
|-damage|p2a: Latios|83/100|[from] Sandstorm
|upkeep
|
|t:|1732397401
|switch|p1a: Abomasnow|Abomasnow, M|86/100
|-weather|Hail|[from] ability: Snow Warning|[of] p1a: Abomasnow
|turn|19
|
|t:|1732397409
|switch|p2a: Excadrill|Excadrill, F|100/100
|-damage|p2a: Excadrill|88/100|[from] Spikes
|-damage|p2a: Excadrill|85/100|[from] Stealth Rock
|-ability|p2a: Excadrill|Mold Breaker
|move|p1a: Abomasnow|Blizzard|p2a: Excadrill
|-damage|p2a: Excadrill|25/100
|-status|p2a: Excadrill|frz
|
|-weather|Hail|[upkeep]
|-damage|p2a: Excadrill|18/100 frz|[from] Hail
|-heal|p2a: Excadrill|25/100 frz|[from] item: Leftovers
|upkeep
|turn|20
|
|t:|1732397412
|move|p1a: Abomasnow|Blizzard|p2a: Excadrill
|-damage|p2a: Excadrill|0 fnt
|faint|p2a: Excadrill
|
|-weather|Hail|[upkeep]
|upkeep
|
|t:|1732397414
|switch|p2a: Ferrothorn|Ferrothorn, M|100/100
|-damage|p2a: Ferrothorn|88/100|[from] Spikes
|-damage|p2a: Ferrothorn|82/100|[from] Stealth Rock
|turn|21
|
|t:|1732397423
|move|p1a: Abomasnow|Blizzard|p2a: Ferrothorn
|-damage|p2a: Ferrothorn|37/100
|-status|p2a: Ferrothorn|frz
|-curestatus|p2a: Ferrothorn|frz|[msg]
|move|p2a: Ferrothorn|Spikes|p1a: Abomasnow
|-sidestart|p1: scrublord999|Spikes
|
|-weather|Hail|[upkeep]
|-damage|p2a: Ferrothorn|30/100|[from] Hail
|-heal|p2a: Ferrothorn|37/100|[from] item: Leftovers
|upkeep
|turn|22
|
|t:|1732397428
|move|p1a: Abomasnow|Blizzard|p2a: Ferrothorn
|-damage|p2a: Ferrothorn|0 fnt
|faint|p2a: Ferrothorn
|
|-weather|Hail|[upkeep]
|upkeep
|
|t:|1732397430
|switch|p2a: Reuniclus|Reuniclus, M|73/100
|turn|23
|
|t:|1732397435
|switch|p1a: Latios|Latios, M|95/100
|move|p2a: Reuniclus|Calm Mind|p2a: Reuniclus
|-boost|p2a: Reuniclus|spa|1
|-boost|p2a: Reuniclus|spd|1
|
|-weather|Hail|[upkeep]
|-damage|p1a: Latios|89/100|[from] Hail
|-heal|p2a: Reuniclus|79/100|[from] item: Leftovers
|upkeep
|turn|24
|
|t:|1732397443
|switch|p2a: Latios|Latios, M|83/100
|-damage|p2a: Latios|70/100|[from] Stealth Rock
|move|p1a: Latios|Draco Meteor|p2a: Latios
|-supereffective|p2a: Latios
|-damage|p2a: Latios|0 fnt
|-unboost|p1a: Latios|spa|2
|faint|p2a: Latios
|
|-weather|Hail|[upkeep]
|-damage|p1a: Latios|83/100|[from] Hail
|upkeep
|
|t:|1732397445
|switch|p2a: Reuniclus|Reuniclus, M|79/100
|turn|25
|
|t:|1732397448
|switch|p1a: Abomasnow|Abomasnow, M|86/100
|-damage|p1a: Abomasnow|74/100|[from] Spikes
|move|p2a: Reuniclus|Calm Mind|p2a: Reuniclus
|-boost|p2a: Reuniclus|spa|1
|-boost|p2a: Reuniclus|spd|1
|
|-weather|Hail|[upkeep]
|-heal|p2a: Reuniclus|85/100|[from] item: Leftovers
|upkeep
|turn|26
|
|t:|1732397454
|switch|p1a: Latios|Latios, M|83/100
|move|p2a: Reuniclus|Signal Beam|p1a: Latios
|-supereffective|p1a: Latios
|-damage|p1a: Latios|11/100
|
|-weather|Hail|[upkeep]
|-damage|p1a: Latios|5/100|[from] Hail
|-heal|p2a: Reuniclus|92/100|[from] item: Leftovers
|upkeep
|turn|27
|
|t:|1732397459
|move|p1a: Latios|Draco Meteor|p2a: Reuniclus
|-damage|p2a: Reuniclus|43/100
|-unboost|p1a: Latios|spa|2
|move|p2a: Reuniclus|Signal Beam|p1a: Latios
|-supereffective|p1a: Latios
|-damage|p1a: Latios|0 fnt
|faint|p1a: Latios
|
|-weather|Hail|[upkeep]
|-heal|p2a: Reuniclus|50/100|[from] item: Leftovers
|upkeep
|
|t:|1732397463
|switch|p1a: Mamoswine|Mamoswine, M|100/100
|-damage|p1a: Mamoswine|88/100|[from] Spikes
|turn|28
|
|t:|1732397465
|move|p1a: Mamoswine|Earthquake|p2a: Reuniclus
|-damage|p2a: Reuniclus|3/100
|-damage|p1a: Mamoswine|78/100|[from] item: Life Orb
|move|p2a: Reuniclus|Recover|p2a: Reuniclus
|-heal|p2a: Reuniclus|53/100
|
|-weather|Hail|[upkeep]
|-heal|p2a: Reuniclus|59/100|[from] item: Leftovers
|upkeep
|turn|29
|
|t:|1732397470
|move|p1a: Mamoswine|Earthquake|p2a: Reuniclus
|-damage|p2a: Reuniclus|13/100
|-damage|p1a: Mamoswine|68/100|[from] item: Life Orb
|move|p2a: Reuniclus|Recover|p2a: Reuniclus
|-heal|p2a: Reuniclus|63/100
|
|-weather|Hail|[upkeep]
|-heal|p2a: Reuniclus|69/100|[from] item: Leftovers
|upkeep
|turn|30
|
|t:|1732397472
|move|p1a: Mamoswine|Earthquake|p2a: Reuniclus
|-damage|p2a: Reuniclus|26/100
|-damage|p1a: Mamoswine|58/100|[from] item: Life Orb
|move|p2a: Reuniclus|Recover|p2a: Reuniclus
|-heal|p2a: Reuniclus|76/100
|
|-weather|Hail|[upkeep]
|-heal|p2a: Reuniclus|82/100|[from] item: Leftovers
|upkeep
|turn|31
|
|t:|1732397475
|move|p1a: Mamoswine|Earthquake|p2a: Reuniclus
|-crit|p2a: Reuniclus
|-damage|p2a: Reuniclus|0 fnt
|faint|p2a: Reuniclus
|-damage|p1a: Mamoswine|48/100|[from] item: Life Orb
|
|win|scrublord999
|raw|scrublord999's rating: 1413 &rarr; <strong>1433</strong><br />(+20 for winning)
|raw|Croaset's rating: 1405 &rarr; <strong>1385</strong><br />(-20 for losing)
