|j|☆testbwou
|j|☆KarateD35
|t:|1708957549
|gametype|singles
|player|p1|testbwou|102|1350
|player|p2|KarateD35|shadowtriad|1369
|teamsize|p1|6
|teamsize|p2|6
|gen|5
|tier|[Gen 5] OU
|rated|
|rule|Species Clause: Limit one of each Pokémon
|rule|OHKO Clause: OHKO moves are banned
|rule|Moody Clause: Moody is banned
|rule|Evasion Items Clause: Evasion items are banned
|rule|Evasion Moves Clause: Evasion moves are banned
|rule|Endless Battle Clause: Forcing endless battles is banned
|rule|HP Percentage Mod: HP is shown in percentages
|rule|Evasion Abilities Clause: Evasion abilities are banned
|rule|Sleep Moves Clause: Sleep-inducing moves are banned
|rule|Swagger Clause: Swagger is banned
|rule|Baton Pass Stat Clause: No Baton Passer may have a way to boost its stats
|clearpoke
|poke|p1|Riolu, F|item
|poke|p1|Forretress, F|item
|poke|p1|Shedinja|item
|poke|p1|Politoed, F|item
|poke|p1|Gengar, M|item
|poke|p1|Starmie|item
|poke|p2|Azelf|item
|poke|p2|Alakazam, F|item
|poke|p2|Garchomp, M|item
|poke|p2|Tyranitar, M|item
|poke|p2|Mew|item
|poke|p2|Latios, M|item
|teampreview
|c|☆KarateD35|Ugh
|c|☆KarateD35|U again
|
|t:|1708957582
|start
|switch|p1a: Forretress|Forretress, F|100/100
|switch|p2a: Sloth|Mew, shiny|100/100
|turn|1
|
|t:|1708957586
|move|p2a: Sloth|Flamethrower|p1a: Forretress
|-supereffective|p1a: Forretress
|-ability|p1a: Forretress|Sturdy
|-damage|p1a: Forretress|1/100
|-damage|p2a: Sloth|91/100|[from] item: Life Orb
|move|p1a: Forretress|Volt Switch|p2a: Sloth
|-damage|p2a: Sloth|74/100
|
|t:|1708957589
|switch|p1a: Gengar|Gengar, M|100/100|[from] Volt Switch
|
|upkeep
|turn|2
|
|t:|1708957596
|switch|p2a: Gluttony|Tyranitar, M|100/100
|-weather|Sandstorm|[from] ability: Sand Stream|[of] p2a: Gluttony
|move|p1a: Gengar|Shadow Ball|p2a: Gluttony
|-resisted|p2a: Gluttony
|-damage|p2a: Gluttony|86/100
|-unboost|p2a: Gluttony|spd|1
|-damage|p1a: Gengar|91/100|[from] item: Life Orb
|
|-weather|Sandstorm|[upkeep]
|-damage|p1a: Gengar|84/100|[from] Sandstorm
|upkeep
|turn|3
|
|t:|1708957611
|move|p1a: Gengar|Focus Blast|p2a: Gluttony
|-supereffective|p2a: Gluttony
|-enditem|p2a: Gluttony|Chople Berry|[eat]
|-enditem|p2a: Gluttony|Chople Berry|[weaken]
|-damage|p2a: Gluttony|0 fnt
|faint|p2a: Gluttony
|-damage|p1a: Gengar|74/100|[from] item: Life Orb
|
|-weather|Sandstorm|[upkeep]
|-damage|p1a: Gengar|68/100|[from] Sandstorm
|upkeep
|
|t:|1708957621
|switch|p2a: Envy|Azelf, shiny|100/100
|turn|4
|
|t:|1708957623
|move|p2a: Envy|Zen Headbutt|p1a: Gengar
|-supereffective|p1a: Gengar
|-damage|p1a: Gengar|0 fnt
|faint|p1a: Gengar
|-damage|p2a: Envy|91/100|[from] item: Life Orb
|
|-weather|Sandstorm|[upkeep]
|-damage|p2a: Envy|84/100|[from] Sandstorm
|upkeep
|
|t:|1708957626
|switch|p1a: Forretress|Forretress, F|1/100
|turn|5
|-enditem|p1a: Forretress|Custap Berry|[eat]
|-activate|p1a: Forretress|item: Custap Berry|[consumed]
|
|t:|1708957640
|move|p1a: Forretress|Stealth Rock|p2a: Envy
|-sidestart|p2: KarateD35|move: Stealth Rock
|move|p2a: Envy|Thunder Punch|p1a: Forretress
|-damage|p1a: Forretress|0 fnt
|faint|p1a: Forretress
|-damage|p2a: Envy|74/100|[from] item: Life Orb
|
|-weather|Sandstorm|[upkeep]
|-damage|p2a: Envy|68/100|[from] Sandstorm
|upkeep
|
|t:|1708957650
|switch|p1a: Politoed|Politoed, F|100/100
|-weather|RainDance|[from] ability: Drizzle|[of] p1a: Politoed
|turn|6
|j| SKT T1 Motherfaker
|
|t:|1708957658
|move|p1a: Politoed|Surf|p2a: Envy
|-damage|p2a: Envy|0 fnt
|faint|p2a: Envy
|
|-weather|RainDance|[upkeep]
|upkeep
|
|t:|1708957681
|switch|p2a: Pride|Garchomp, M|100/100
|-damage|p2a: Pride|94/100|[from] Stealth Rock
|turn|7
|
|t:|1708957692
|move|p1a: Politoed|Surf|p2a: Pride
|-damage|p2a: Pride|30/100
|move|p2a: Pride|Earthquake|p1a: Politoed
|-damage|p1a: Politoed|33/100
|
|-weather|RainDance|[upkeep]
|upkeep
|turn|8
|
|t:|1708957708
|move|p1a: Politoed|Surf|p2a: Pride
|-damage|p2a: Pride|0 fnt
|faint|p2a: Pride
|
|-weather|RainDance|[upkeep]
|upkeep
|
|t:|1708957711
|switch|p2a: Lust|Latios, M, shiny|100/100
|-damage|p2a: Lust|88/100|[from] Stealth Rock
|turn|9
|
|t:|1708957721
|switch|p2a: Sloth|Mew, shiny|74/100
|-damage|p2a: Sloth|62/100|[from] Stealth Rock
|switch|p1a: Shedinja|Shedinja|100/100
|
|-weather|RainDance|[upkeep]
|upkeep
|turn|10
|
|t:|1708957733
|move|p1a: Shedinja|Sucker Punch|p2a: Sloth
|-supereffective|p2a: Sloth
|-damage|p2a: Sloth|18/100
|move|p2a: Sloth|Flamethrower|p1a: Shedinja
|-supereffective|p1a: Shedinja
|-enditem|p1a: Shedinja|Focus Sash
|-damage|p1a: Shedinja|100/100
|-damage|p2a: Sloth|8/100|[from] item: Life Orb
|
|-weather|RainDance|[upkeep]
|upkeep
|turn|11
|
|t:|1708957752
|move|p1a: Shedinja|Shadow Sneak|p2a: Sloth
|-supereffective|p2a: Sloth
|-damage|p2a: Sloth|0 fnt
|faint|p2a: Sloth
|
|-weather|RainDance|[upkeep]
|upkeep
|
|t:|1708957764
|switch|p2a: Greed|Alakazam, F|100/100
|turn|12
|
|t:|1708957767
|switch|p1a: Riolu|Riolu, F|100/100
|move|p2a: Greed|Shadow Ball|p1a: Riolu
|-damage|p1a: Riolu|12/100
|
|-weather|RainDance|[upkeep]
|upkeep
|turn|13
|
|t:|1708957784
|move|p1a: Riolu|Copycat|p1a: Riolu
|move|p1a: Riolu|Shadow Ball|p2a: Greed|[from]move: Copycat
|-supereffective|p2a: Greed
|-damage|p2a: Greed|76/100
|move|p2a: Greed|Energy Ball|p1a: Riolu
|-damage|p1a: Riolu|0 fnt
|faint|p1a: Riolu
|
|-weather|RainDance|[upkeep]
|upkeep
|
|t:|1708957786
|switch|p1a: Politoed|Politoed, F|33/100
|turn|14
|
|t:|1708957803
|switch|p2a: Lust|Latios, M, shiny|88/100
|-damage|p2a: Lust|76/100|[from] Stealth Rock
|move|p1a: Politoed|Ice Beam|p2a: Lust
|-supereffective|p2a: Lust
|-damage|p2a: Lust|23/100
|-status|p2a: Lust|frz
|
|-weather|RainDance|[upkeep]
|upkeep
|turn|15
|
|t:|1708957806
|cant|p2a: Lust|frz
|move|p1a: Politoed|Ice Beam|p2a: Lust
|-supereffective|p2a: Lust
|-crit|p2a: Lust
|-damage|p2a: Lust|0 fnt
|faint|p2a: Lust
|
|-weather|RainDance|[upkeep]
|upkeep
|
|t:|1708957809
|switch|p2a: Greed|Alakazam, F|76/100
|turn|16
|
|t:|1708957811
|switch|p1a: Starmie|Starmie|100/100
|move|p2a: Greed|Energy Ball|p1a: Starmie
|-supereffective|p1a: Starmie
|-damage|p1a: Starmie|19/100
|
|-weather|RainDance|[upkeep]
|upkeep
|turn|17
|
|t:|1708957827
|move|p2a: Greed|Energy Ball|p1a: Starmie
|-supereffective|p1a: Starmie
|-damage|p1a: Starmie|0 fnt
|faint|p1a: Starmie
|
|-weather|RainDance|[upkeep]
|upkeep
|
|t:|1708957830
|switch|p1a: Politoed|Politoed, F|33/100
|turn|18
|
|t:|1708957833
|move|p1a: Politoed|Surf|p2a: Greed
|-damage|p2a: Greed|0 fnt
|faint|p2a: Greed
|
|win|testbwou
|raw|testbwou's rating: 1350 &rarr; <strong>1371</strong><br />(+21 for winning)
|raw|KarateD35's rating: 1369 &rarr; <strong>1348</strong><br />(-21 for losing)
|l|☆KarateD35
|player|p2|
|l|☆testbwou
|player|p1|
