|j|☆DJ CRIB DEF
|j|☆Burpcoke
|t:|1716309989
|gametype|singles
|player|p1|DJ CRIB DEF|pryce-gen2|1349
|player|p2|Burpcoke|unknown|1341
|teamsize|p1|6
|teamsize|p2|6
|gen|5
|tier|[Gen 5] OU
|rated|
|rule|Species Clause: Limit one of each Pokémon
|rule|OHKO Clause: OHKO moves are banned
|rule|Moody Clause: Moody is banned
|rule|Evasion Items Clause: Evasion items are banned
|rule|Evasion Moves Clause: Evasion moves are banned
|rule|Endless Battle Clause: Forcing endless battles is banned
|rule|HP Percentage Mod: HP is shown in percentages
|rule|Evasion Abilities Clause: Evasion abilities are banned
|rule|Sleep Moves Clause: Sleep-inducing moves are banned
|rule|Swagger Clause: Swagger is banned
|rule|Baton Pass Stat Clause: No Baton Passer may have a way to boost its stats
|clearpoke
|poke|p1|Accelgor, M|item
|poke|p1|Dragonite, F|item
|poke|p1|Victini|item
|poke|p1|Staraptor, F|item
|poke|p1|Blissey, F|item
|poke|p1|Chansey, F|item
|poke|p2|Tyranitar, M|item
|poke|p2|Alakazam, M|item
|poke|p2|Latios, M|item
|poke|p2|Ferrothorn, F|item
|poke|p2|Landorus-Therian, M|item
|poke|p2|Jellicent, M|item
|teampreview
|c|☆Burpcoke|whats up bro
|c|☆DJ CRIB DEF|Yo
|inactive|Battle timer is ON: inactive players will automatically lose when time's up. (requested by DJ CRIB DEF)
|inactive|Burpcoke has 120 seconds left.
|
|t:|1716310060
|start
|switch|p1a: Victini|Victini|100/100
|switch|p2a: Paper Plane|Latios, M|100/100
|turn|1
|
|t:|1716310083
|move|p2a: Paper Plane|Draco Meteor|p1a: Victini
|-damage|p1a: Victini|36/100
|-unboost|p2a: Paper Plane|spa|2
|move|p1a: Victini|Final Gambit|p2a: Paper Plane
|-damage|p2a: Paper Plane|53/100
|faint|p1a: Victini
|
|upkeep
|j| AngryPidgeon
|
|t:|1716310093
|switch|p1a: Blissey|Blissey, F|100/100
|turn|2
|
|t:|1716310100
|switch|p2a: Pringles|Jellicent, M, shiny|100/100
|move|p1a: Blissey|Copycat|p1a: Blissey
|move|p1a: Blissey|Final Gambit|p2a: Pringles|[from]move: Copycat
|-immune|p2a: Pringles
|
|upkeep
|turn|3
|
|t:|1716310116
|switch|p1a: Chansey|Chansey, F|100/100
|move|p2a: Pringles|Taunt|p1a: Chansey
|-start|p1a: Chansey|move: Taunt
|
|upkeep
|turn|4
|
|t:|1716310130
|switch|p2a: The Attic|Landorus-Therian, M|100/100
|-ability|p2a: The Attic|Intimidate|boost
|-unboost|p1a: Chansey|atk|1
|switch|p1a: Blissey|Blissey, F|100/100
|
|upkeep
|turn|5
|
|t:|1716310143
|switch|p1a: Staraptor|Staraptor, F|100/100
|-ability|p1a: Staraptor|Intimidate|boost
|-unboost|p2a: The Attic|atk|1
|move|p2a: The Attic|Stealth Rock|p1a: Staraptor
|-sidestart|p1: DJ CRIB DEF|move: Stealth Rock
|
|upkeep
|turn|6
|inactive|Burpcoke has 120 seconds left.
|c|☆DJ CRIB DEF|honestly ghost types arent fair
|
|t:|1716310187
|switch|p2a: Pringles|Jellicent, M, shiny|100/100
|move|p1a: Staraptor|Final Gambit|p2a: Pringles
|-immune|p2a: Pringles
|
|upkeep
|turn|7
|
|t:|1716310194
|switch|p1a: Blissey|Blissey, F|100/100
|-damage|p1a: Blissey|88/100|[from] Stealth Rock
|move|p2a: Pringles|Will-O-Wisp|p1a: Blissey|[miss]
|-miss|p2a: Pringles|p1a: Blissey
|
|upkeep
|turn|8
|inactive|Burpcoke has 120 seconds left.
|
|t:|1716310202
|move|p1a: Blissey|Copycat|p1a: Blissey
|move|p1a: Blissey|Will-O-Wisp|p2a: Pringles|[from]move: Copycat
|-status|p2a: Pringles|brn
|move|p2a: Pringles|Taunt|p1a: Blissey
|-start|p1a: Blissey|move: Taunt
|
|-damage|p2a: Pringles|88/100 brn|[from] brn
|upkeep
|turn|9
|j| sk8head
|
|t:|1716310211
|switch|p1a: Chansey|Chansey, F|100/100
|-damage|p1a: Chansey|88/100|[from] Stealth Rock
|move|p2a: Pringles|Will-O-Wisp|p1a: Chansey
|-status|p1a: Chansey|brn
|
|-heal|p2a: Pringles|94/100 brn|[from] item: Leftovers
|-damage|p2a: Pringles|82/100 brn|[from] brn
|-damage|p1a: Chansey|75/100 brn|[from] brn
|upkeep
|turn|10
|
|t:|1716310217
|switch|p2a: Paper Plane|Latios, M|53/100
|-curestatus|p1a: Chansey|brn|[from] ability: Natural Cure
|switch|p1a: Blissey|Blissey, F|88/100
|-damage|p1a: Blissey|76/100|[from] Stealth Rock
|
|upkeep
|turn|11
|
|t:|1716310225
|move|p2a: Paper Plane|Trick|p1a: Blissey
|-activate|p2a: Paper Plane|move: Trick|[of] p1a: Blissey
|-item|p1a: Blissey|Choice Scarf|[from] move: Trick
|-item|p2a: Paper Plane|Choice Scarf|[from] move: Trick
|move|p1a: Blissey|Copycat||[still]
|-fail|p1a: Blissey
|
|upkeep
|turn|12
|
|t:|1716310231
|move|p2a: Paper Plane|Recover|p2a: Paper Plane
|-heal|p2a: Paper Plane|100/100
|move|p1a: Blissey|Copycat|p1a: Blissey
|move|p1a: Blissey|Recover|p1a: Blissey|[from]move: Copycat
|-heal|p1a: Blissey|100/100
|
|upkeep
|turn|13
|
|t:|1716310247
|switch|p2a: MechaGodzilla|Tyranitar, M|100/100
|-weather|Sandstorm|[from] ability: Sand Stream|[of] p2a: MechaGodzilla
|switch|p1a: Chansey|Chansey, F|75/100
|-damage|p1a: Chansey|63/100|[from] Stealth Rock
|
|-weather|Sandstorm|[upkeep]
|-damage|p1a: Chansey|57/100|[from] Sandstorm
|upkeep
|turn|14
|inactive|DJ CRIB DEF has 120 seconds left.
|
|t:|1716310287
|move|p2a: MechaGodzilla|Pursuit|p1a: Chansey
|-damage|p1a: Chansey|44/100
|move|p1a: Chansey|Toxic|p2a: MechaGodzilla
|-status|p2a: MechaGodzilla|tox
|
|-weather|Sandstorm|[upkeep]
|-damage|p1a: Chansey|37/100|[from] Sandstorm
|-damage|p2a: MechaGodzilla|94/100 tox|[from] psn
|upkeep
|turn|15
|
|t:|1716310293
|switch|p2a: Lego Bricks|Ferrothorn, F, shiny|100/100
|move|p1a: Chansey|Soft-Boiled|p1a: Chansey
|-heal|p1a: Chansey|87/100
|
|-weather|Sandstorm|[upkeep]
|-damage|p1a: Chansey|81/100|[from] Sandstorm
|upkeep
|turn|16
|
|t:|1716310300
|switch|p1a: Blissey|Blissey, F|100/100
|-damage|p1a: Blissey|88/100|[from] Stealth Rock
|move|p2a: Lego Bricks|Knock Off|p1a: Blissey
|-damage|p1a: Blissey|79/100
|-enditem|p1a: Blissey|Choice Scarf|[from] move: Knock Off|[of] p2a: Lego Bricks
|
|-weather|Sandstorm|[upkeep]
|-damage|p1a: Blissey|72/100|[from] Sandstorm
|upkeep
|turn|17
|
|t:|1716310320
|move|p1a: Blissey|Copycat|p1a: Blissey
|move|p1a: Blissey|Knock Off|p2a: Lego Bricks|[from]move: Copycat
|-resisted|p2a: Lego Bricks
|-damage|p2a: Lego Bricks|99/100
|-damage|p1a: Blissey|60/100|[from] ability: Iron Barbs|[of] p2a: Lego Bricks
|-enditem|p2a: Lego Bricks|Leftovers|[from] move: Knock Off|[of] p1a: Blissey
|move|p2a: Lego Bricks|Spikes|p1a: Blissey
|-sidestart|p1: DJ CRIB DEF|Spikes
|
|-weather|Sandstorm|[upkeep]
|-damage|p1a: Blissey|54/100|[from] Sandstorm
|upkeep
|turn|18
|
|t:|1716310334
|move|p1a: Blissey|Copycat|p1a: Blissey
|move|p1a: Blissey|Spikes|p2a: Lego Bricks|[from]move: Copycat
|-sidestart|p2: Burpcoke|Spikes
|move|p2a: Lego Bricks|Gyro Ball|p1a: Blissey
|-damage|p1a: Blissey|0 fnt
|faint|p1a: Blissey
|
|-weather|Sandstorm|[upkeep]
|upkeep
|
|t:|1716310342
|switch|p1a: Dragonite|Dragonite, F|100/100
|-damage|p1a: Dragonite|76/100|[from] Stealth Rock
|turn|19
|
|t:|1716310350
|switch|p2a: Paper Plane|Latios, M|100/100
|move|p1a: Dragonite|Substitute|p1a: Dragonite
|-start|p1a: Dragonite|Substitute
|-damage|p1a: Dragonite|51/100
|
|-weather|Sandstorm|[upkeep]
|-damage|p2a: Paper Plane|95/100|[from] Sandstorm
|-damage|p1a: Dragonite|45/100|[from] Sandstorm
|-heal|p1a: Dragonite|51/100|[from] item: Leftovers
|upkeep
|turn|20
|
|t:|1716310357
|move|p2a: Paper Plane|Draco Meteor|p1a: Dragonite
|-supereffective|p1a: Dragonite
|-end|p1a: Dragonite|Substitute
|-unboost|p2a: Paper Plane|spa|2
|move|p1a: Dragonite|Roost|p1a: Dragonite
|-heal|p1a: Dragonite|100/100
|-singleturn|p1a: Dragonite|move: Roost
|
|-weather|Sandstorm|[upkeep]
|-damage|p2a: Paper Plane|89/100|[from] Sandstorm
|-damage|p1a: Dragonite|94/100|[from] Sandstorm
|-heal|p1a: Dragonite|100/100|[from] item: Leftovers
|upkeep
|turn|21
|
|t:|1716310363
|switch|p2a: The Attic|Landorus-Therian, M|100/100
|-ability|p2a: The Attic|Intimidate|boost
|-unboost|p1a: Dragonite|atk|1
|move|p1a: Dragonite|Substitute|p1a: Dragonite
|-start|p1a: Dragonite|Substitute
|-damage|p1a: Dragonite|76/100
|
|-weather|Sandstorm|[upkeep]
|-damage|p1a: Dragonite|69/100|[from] Sandstorm
|-heal|p1a: Dragonite|76/100|[from] item: Leftovers
|upkeep
|turn|22
|
|t:|1716310366
|move|p2a: The Attic|Hidden Power|p1a: Dragonite
|-supereffective|p1a: Dragonite
|-end|p1a: Dragonite|Substitute
|move|p1a: Dragonite|Dragon Dance|p1a: Dragonite
|-boost|p1a: Dragonite|atk|1
|-boost|p1a: Dragonite|spe|1
|
|-weather|Sandstorm|[upkeep]
|-damage|p1a: Dragonite|69/100|[from] Sandstorm
|-heal|p1a: Dragonite|76/100|[from] item: Leftovers
|upkeep
|turn|23
|
|t:|1716310375
|move|p1a: Dragonite|Substitute|p1a: Dragonite
|-start|p1a: Dragonite|Substitute
|-damage|p1a: Dragonite|51/100
|move|p2a: The Attic|Hidden Power|p1a: Dragonite
|-supereffective|p1a: Dragonite
|-crit|p1a: Dragonite
|-end|p1a: Dragonite|Substitute
|
|-weather|Sandstorm|[upkeep]
|-damage|p1a: Dragonite|45/100|[from] Sandstorm
|-heal|p1a: Dragonite|51/100|[from] item: Leftovers
|upkeep
|turn|24
|
|t:|1716310385
|move|p1a: Dragonite|Roost|p1a: Dragonite
|-heal|p1a: Dragonite|100/100
|-singleturn|p1a: Dragonite|move: Roost
|move|p2a: The Attic|Earthquake|p1a: Dragonite
|-damage|p1a: Dragonite|81/100
|
|-weather|Sandstorm|[upkeep]
|-damage|p1a: Dragonite|75/100|[from] Sandstorm
|-heal|p1a: Dragonite|81/100|[from] item: Leftovers
|upkeep
|turn|25
|
|t:|1716310401
|move|p1a: Dragonite|Substitute|p1a: Dragonite
|-start|p1a: Dragonite|Substitute
|-damage|p1a: Dragonite|56/100
|move|p2a: The Attic|Hidden Power|p1a: Dragonite
|-supereffective|p1a: Dragonite
|-crit|p1a: Dragonite
|-end|p1a: Dragonite|Substitute
|
|-weather|Sandstorm|[upkeep]
|-damage|p1a: Dragonite|50/100|[from] Sandstorm
|-heal|p1a: Dragonite|56/100|[from] item: Leftovers
|upkeep
|turn|26
|
|t:|1716310406
|move|p1a: Dragonite|Roost|p1a: Dragonite
|-heal|p1a: Dragonite|100/100
|-singleturn|p1a: Dragonite|move: Roost
|move|p2a: The Attic|Hidden Power|p1a: Dragonite
|-supereffective|p1a: Dragonite
|-crit|p1a: Dragonite
|-damage|p1a: Dragonite|72/100
|
|-weather|Sandstorm|[upkeep]
|-damage|p1a: Dragonite|66/100|[from] Sandstorm
|-heal|p1a: Dragonite|72/100|[from] item: Leftovers
|upkeep
|turn|27
|
|t:|1716310412
|move|p1a: Dragonite|Roost|p1a: Dragonite
|-heal|p1a: Dragonite|100/100
|-singleturn|p1a: Dragonite|move: Roost
|move|p2a: The Attic|Hidden Power|p1a: Dragonite
|-supereffective|p1a: Dragonite
|-damage|p1a: Dragonite|86/100
|
|-weather|Sandstorm|[upkeep]
|-damage|p1a: Dragonite|80/100|[from] Sandstorm
|-heal|p1a: Dragonite|86/100|[from] item: Leftovers
|upkeep
|turn|28
|l| AngryPidgeon
|
|t:|1716310420
|move|p1a: Dragonite|Dragon Dance|p1a: Dragonite
|-boost|p1a: Dragonite|atk|1
|-boost|p1a: Dragonite|spe|1
|move|p2a: The Attic|Hidden Power|p1a: Dragonite
|-supereffective|p1a: Dragonite
|-damage|p1a: Dragonite|28/100
|
|-weather|Sandstorm|[upkeep]
|-damage|p1a: Dragonite|22/100|[from] Sandstorm
|-heal|p1a: Dragonite|28/100|[from] item: Leftovers
|upkeep
|turn|29
|
|t:|1716310441
|move|p1a: Dragonite|Roost|p1a: Dragonite
|-heal|p1a: Dragonite|78/100
|-singleturn|p1a: Dragonite|move: Roost
|move|p2a: The Attic|Earthquake|p1a: Dragonite
|-damage|p1a: Dragonite|36/100
|
|-weather|Sandstorm|[upkeep]
|-damage|p1a: Dragonite|30/100|[from] Sandstorm
|-heal|p1a: Dragonite|36/100|[from] item: Leftovers
|upkeep
|turn|30
|
|t:|1716310451
|move|p1a: Dragonite|Roost|p1a: Dragonite
|-heal|p1a: Dragonite|86/100
|-singleturn|p1a: Dragonite|move: Roost
|move|p2a: The Attic|U-turn|p1a: Dragonite
|-damage|p1a: Dragonite|68/100
|
|t:|1716310455
|switch|p2a: Paper Plane|Latios, M|89/100|[from] U-turn
|
|-weather|Sandstorm|[upkeep]
|-damage|p2a: Paper Plane|83/100|[from] Sandstorm
|-damage|p1a: Dragonite|62/100|[from] Sandstorm
|-heal|p1a: Dragonite|68/100|[from] item: Leftovers
|upkeep
|turn|31
|
|t:|1716310473
|switch|p1a: Chansey|Chansey, F|81/100
|-damage|p1a: Chansey|69/100|[from] Stealth Rock
|-damage|p1a: Chansey|56/100|[from] Spikes
|move|p2a: Paper Plane|Draco Meteor|p1a: Chansey
|-damage|p1a: Chansey|31/100
|-unboost|p2a: Paper Plane|spa|2
|
|-weather|Sandstorm|[upkeep]
|-damage|p2a: Paper Plane|77/100|[from] Sandstorm
|-damage|p1a: Chansey|25/100|[from] Sandstorm
|upkeep
|turn|32
|inactive|Burpcoke has 120 seconds left.
|
|t:|1716310509
|switch|p2a: The Attic|Landorus-Therian, M|100/100
|-ability|p2a: The Attic|Intimidate|boost
|-unboost|p1a: Chansey|atk|1
|move|p1a: Chansey|Soft-Boiled|p1a: Chansey
|-heal|p1a: Chansey|75/100
|
|-weather|Sandstorm|[upkeep]
|-damage|p1a: Chansey|69/100|[from] Sandstorm
|upkeep
|turn|33
|
|t:|1716310514
|move|p2a: The Attic|Earthquake|p1a: Chansey
|-damage|p1a: Chansey|40/100
|move|p1a: Chansey|Toxic|p2a: The Attic
|-status|p2a: The Attic|tox
|
|-weather|Sandstorm|[upkeep]
|-damage|p1a: Chansey|34/100|[from] Sandstorm
|-damage|p2a: The Attic|94/100 tox|[from] psn
|upkeep
|turn|34
|
|t:|1716310522
|switch|p2a: MechaGodzilla|Tyranitar, M|94/100 tox
|-damage|p2a: MechaGodzilla|82/100 tox|[from] Spikes
|move|p1a: Chansey|Soft-Boiled|p1a: Chansey
|-heal|p1a: Chansey|84/100
|
|-weather|Sandstorm|[upkeep]
|-damage|p1a: Chansey|77/100|[from] Sandstorm
|-damage|p2a: MechaGodzilla|76/100 tox|[from] psn
|upkeep
|turn|35
|
|t:|1716310534
|switch|p2a: Paper Plane|Latios, M|77/100
|switch|p1a: Accelgor|Accelgor, M|100/100
|-damage|p1a: Accelgor|75/100|[from] Stealth Rock
|-damage|p1a: Accelgor|63/100|[from] Spikes
|
|-weather|Sandstorm|[upkeep]
|-damage|p1a: Accelgor|57/100|[from] Sandstorm
|-damage|p2a: Paper Plane|71/100|[from] Sandstorm
|upkeep
|turn|36
|
|t:|1716310544
|move|p1a: Accelgor|Bug Buzz|p2a: Paper Plane
|-supereffective|p2a: Paper Plane
|-damage|p2a: Paper Plane|8/100
|move|p2a: Paper Plane|Draco Meteor|p1a: Accelgor
|-damage|p1a: Accelgor|0 fnt
|-unboost|p2a: Paper Plane|spa|2
|faint|p1a: Accelgor
|
|-weather|Sandstorm|[upkeep]
|-damage|p2a: Paper Plane|2/100|[from] Sandstorm
|upkeep
|
|t:|1716310552
|switch|p1a: Chansey|Chansey, F|77/100
|-damage|p1a: Chansey|65/100|[from] Stealth Rock
|-damage|p1a: Chansey|52/100|[from] Spikes
|turn|37
|
|t:|1716310556
|move|p2a: Paper Plane|Draco Meteor|p1a: Chansey
|-damage|p1a: Chansey|41/100
|-unboost|p2a: Paper Plane|spa|2
|move|p1a: Chansey|Soft-Boiled|p1a: Chansey
|-heal|p1a: Chansey|91/100
|
|-weather|Sandstorm|[upkeep]
|-damage|p2a: Paper Plane|0 fnt|[from] Sandstorm
|-damage|p1a: Chansey|85/100|[from] Sandstorm
|faint|p2a: Paper Plane
|upkeep
|
|t:|1716310568
|switch|p2a: MechaGodzilla|Tyranitar, M|76/100 tox
|-damage|p2a: MechaGodzilla|63/100 tox|[from] Spikes
|turn|38
|
|t:|1716310576
|move|p2a: MechaGodzilla|Crunch|p1a: Chansey
|-damage|p1a: Chansey|60/100
|-unboost|p1a: Chansey|def|1
|move|p1a: Chansey|Seismic Toss|p2a: MechaGodzilla
|-damage|p2a: MechaGodzilla|38/100 tox
|
|-weather|Sandstorm|[upkeep]
|-damage|p1a: Chansey|54/100|[from] Sandstorm
|-damage|p2a: MechaGodzilla|32/100 tox|[from] psn
|upkeep
|turn|39
|
|t:|1716310581
|move|p2a: MechaGodzilla|Pursuit|p1a: Chansey
|-damage|p1a: Chansey|35/100
|move|p1a: Chansey|Soft-Boiled|p1a: Chansey
|-heal|p1a: Chansey|85/100
|
|-weather|Sandstorm|[upkeep]
|-damage|p1a: Chansey|78/100|[from] Sandstorm
|-damage|p2a: MechaGodzilla|20/100 tox|[from] psn
|upkeep
|turn|40
|
|t:|1716310586
|move|p2a: MechaGodzilla|Superpower|p1a: Chansey
|-supereffective|p1a: Chansey
|-damage|p1a: Chansey|4/100
|-unboost|p2a: MechaGodzilla|atk|1
|-unboost|p2a: MechaGodzilla|def|1
|move|p1a: Chansey|Soft-Boiled|p1a: Chansey
|-heal|p1a: Chansey|54/100
|
|-weather|Sandstorm|[upkeep]
|-damage|p1a: Chansey|48/100|[from] Sandstorm
|-damage|p2a: MechaGodzilla|1/100 tox|[from] psn
|upkeep
|turn|41
|
|t:|1716310592
|switch|p1a: Staraptor|Staraptor, F|100/100
|-damage|p1a: Staraptor|76/100|[from] Stealth Rock
|-ability|p1a: Staraptor|Intimidate|boost
|-unboost|p2a: MechaGodzilla|atk|1
|move|p2a: MechaGodzilla|Superpower|p1a: Staraptor
|-damage|p1a: Staraptor|51/100
|-unboost|p2a: MechaGodzilla|atk|1
|-unboost|p2a: MechaGodzilla|def|1
|
|-weather|Sandstorm|[upkeep]
|-damage|p1a: Staraptor|45/100|[from] Sandstorm
|-damage|p2a: MechaGodzilla|0 fnt|[from] psn
|faint|p2a: MechaGodzilla
|upkeep
|
|t:|1716310601
|switch|p2a: The Attic|Landorus-Therian, M|94/100 tox
|-ability|p2a: The Attic|Intimidate|boost
|-unboost|p1a: Staraptor|atk|1
|turn|42
|c| sk8head|TANKED
|
|t:|1716310620
|switch|p2a: Pringles|Jellicent, M, shiny|82/100 brn
|-damage|p2a: Pringles|69/100 brn|[from] Spikes
|move|p1a: Staraptor|Final Gambit|p2a: Pringles
|-immune|p2a: Pringles
|
|-weather|Sandstorm|[upkeep]
|-damage|p1a: Staraptor|38/100|[from] Sandstorm
|-damage|p2a: Pringles|63/100 brn|[from] Sandstorm
|-heal|p2a: Pringles|69/100 brn|[from] item: Leftovers
|-damage|p2a: Pringles|57/100 brn|[from] brn
|upkeep
|turn|43
|
|t:|1716310633
|switch|p1a: Dragonite|Dragonite, F|68/100
|-damage|p1a: Dragonite|44/100|[from] Stealth Rock
|move|p2a: Pringles|Will-O-Wisp|p1a: Dragonite
|-status|p1a: Dragonite|brn
|
|-weather|Sandstorm|[upkeep]
|-damage|p1a: Dragonite|37/100 brn|[from] Sandstorm
|-damage|p2a: Pringles|51/100 brn|[from] Sandstorm
|-heal|p1a: Dragonite|44/100 brn|[from] item: Leftovers
|-heal|p2a: Pringles|57/100 brn|[from] item: Leftovers
|-damage|p1a: Dragonite|31/100 brn|[from] brn
|-damage|p2a: Pringles|45/100 brn|[from] brn
|upkeep
|turn|44
|c|☆DJ CRIB DEF|gg
|
|t:|1716310639
|switch|p1a: Staraptor|Staraptor, F|38/100
|-damage|p1a: Staraptor|14/100|[from] Stealth Rock
|-ability|p1a: Staraptor|Intimidate|boost
|-unboost|p2a: Pringles|atk|1
|move|p2a: Pringles|Recover|p2a: Pringles
|-heal|p2a: Pringles|95/100 brn
|
|-weather|Sandstorm|[upkeep]
|-damage|p1a: Staraptor|7/100|[from] Sandstorm
|-damage|p2a: Pringles|89/100 brn|[from] Sandstorm
|-heal|p2a: Pringles|95/100 brn|[from] item: Leftovers
|-damage|p2a: Pringles|82/100 brn|[from] brn
|upkeep
|turn|45
|
|t:|1716310660
|switch|p2a: The Attic|Landorus-Therian, M|94/100 tox
|-ability|p2a: The Attic|Intimidate|boost
|-unboost|p1a: Staraptor|atk|1
|move|p1a: Staraptor|Brave Bird|p2a: The Attic
|-damage|p2a: The Attic|64/100 tox
|-damage|p1a: Staraptor|0 fnt|[from] Recoil
|faint|p1a: Staraptor
|
|-weather|Sandstorm|[upkeep]
|-heal|p2a: The Attic|70/100 tox|[from] item: Leftovers
|-damage|p2a: The Attic|64/100 tox|[from] psn
|upkeep
|
|t:|1716310663
|switch|p1a: Chansey|Chansey, F|48/100
|-damage|p1a: Chansey|36/100|[from] Stealth Rock
|-damage|p1a: Chansey|23/100|[from] Spikes
|turn|46
|
|t:|1716310667
|move|p2a: The Attic|Earthquake|p1a: Chansey
|-damage|p1a: Chansey|0 fnt
|faint|p1a: Chansey
|
|-weather|Sandstorm|[upkeep]
|-heal|p2a: The Attic|70/100 tox|[from] item: Leftovers
|-damage|p2a: The Attic|58/100 tox|[from] psn
|upkeep
|l| sk8head
|
|t:|1716310671
|switch|p1a: Dragonite|Dragonite, F|31/100 brn
|-damage|p1a: Dragonite|6/100 brn|[from] Stealth Rock
|turn|47
|
|t:|1716310674
|move|p2a: The Attic|Hidden Power|p1a: Dragonite
|-supereffective|p1a: Dragonite
|-damage|p1a: Dragonite|0 fnt
|faint|p1a: Dragonite
|
|win|Burpcoke
|raw|DJ CRIB DEF's rating: 1349 &rarr; <strong>1329</strong><br />(-20 for losing)
|raw|Burpcoke's rating: 1341 &rarr; <strong>1361</strong><br />(+20 for winning)
|c|☆Burpcoke|Gg
