|j|☆Bonginator
|j|☆TommyULi
|player|p1|Bonginator|lucas|1581
|player|p2|TommyULi|gambler|1282
|teamsize|p1|6
|teamsize|p2|6
|gametype|singles
|gen|5
|tier|[Gen 5] OU
|rated|
|clearpoke
|poke|p1|Keldeo|item
|poke|p1|Politoed, F|item
|poke|p1|Tentacruel, F|item
|poke|p1|Landorus-Therian, M|item
|poke|p1|Scizor, F|item
|poke|p1|Dragonite, M|item
|poke|p2|Politoed, F|item
|poke|p2|Jirachi|item
|poke|p2|Forretress, M|item
|poke|p2|Espeon, M|item
|poke|p2|Moltres|item
|poke|p2|Dragonite, F|item
|rule|Species Clause: Limit one of each Pokémon
|rule|OHKO Clause: OHKO moves are banned
|rule|Moody Clause: Moody is banned
|rule|Evasion Moves Clause: Evasion moves are banned
|rule|Endless Battle Clause: Forcing endless battles is banned
|rule|HP Percentage Mod: HP is shown in percentages
|rule|Evasion Abilities Clause: Evasion abilities are banned
|rule|Baton Pass Clause: Limit one Baton Passer, can't pass Spe and other stats simultaneously
|rule|Sleep Clause: Sleep-inducing moves are banned
|rule|Swagger Clause: Swagger is banned
|teampreview
|inactive|Battle timer is ON: inactive players will automatically lose when time's up. (requested by Bonginator)
|
|start
|switch|p1a: Politoed|Politoed, F|100/100
|switch|p2a: Forretress|Forretress, M|100/100
|-weather|RainDance|[from] ability: Drizzle|[of] p1a: Politoed
|turn|1
|
|move|p1a: Politoed|Surf|p2a: Forretress
|-damage|p2a: Forretress|47/100
|move|p2a: Forretress|Stealth Rock|p1a: Politoed
|-sidestart|p1: Bonginator|move: Stealth Rock
|
|-weather|RainDance|[upkeep]
|-heal|p2a: Forretress|53/100|[from] item: Leftovers
|upkeep
|turn|2
|j| donkeykongcheeks
|
|switch|p2a: Dragonite|Dragonite, F, shiny|100/100
|move|p1a: Politoed|Surf|p2a: Dragonite
|-resisted|p2a: Dragonite
|-damage|p2a: Dragonite|87/100
|
|-weather|RainDance|[upkeep]
|upkeep
|turn|3
|
|switch|p1a: Landorus|Landorus-Therian, M|100/100
|-damage|p1a: Landorus|88/100|[from] Stealth Rock
|-ability|p1a: Landorus|Intimidate|boost
|-unboost|p2a: Dragonite|atk|1
|move|p2a: Dragonite|Outrage|p1a: Landorus
|-damage|p1a: Landorus|14/100
|
|-weather|RainDance|[upkeep]
|upkeep
|turn|4
|
|move|p1a: Landorus|Stealth Rock|p2a: Dragonite
|-sidestart|p2: TommyULi|move: Stealth Rock
|move|p2a: Dragonite|Outrage|p1a: Landorus|[from]lockedmove
|-crit|p1a: Landorus
|-damage|p1a: Landorus|0 fnt
|-start|p2a: Dragonite|confusion|[fatigue]
|faint|p1a: Landorus
|
|-weather|RainDance|[upkeep]
|upkeep
|
|switch|p1a: Politoed|Politoed, F|100/100
|-damage|p1a: Politoed|88/100|[from] Stealth Rock
|turn|5
|
|switch|p2a: Politoed|Politoed, F, shiny|100/100
|-damage|p2a: Politoed|88/100|[from] Stealth Rock
|move|p1a: Politoed|Ice Beam|p2a: Politoed
|-resisted|p2a: Politoed
|-damage|p2a: Politoed|75/100
|
|-weather|RainDance|[upkeep]
|upkeep
|turn|6
|j| GEI爷PA
|
|switch|p1a: Tentacruel|Tentacruel, F|100/100
|-damage|p1a: Tentacruel|88/100|[from] Stealth Rock
|move|p2a: Politoed|Ice Beam|p1a: Tentacruel
|-resisted|p1a: Tentacruel
|-damage|p1a: Tentacruel|72/100
|
|-weather|RainDance|[upkeep]
|-heal|p1a: Tentacruel|78/100|[from] ability: Rain Dish
|-heal|p1a: Tentacruel|84/100|[from] item: Black Sludge
|upkeep
|turn|7
|l| GEI爷PA
|
|switch|p2a: Jirachi|Jirachi|100/100
|-damage|p2a: Jirachi|94/100|[from] Stealth Rock
|move|p1a: Tentacruel|Scald|p2a: Jirachi
|-damage|p2a: Jirachi|67/100
|-status|p2a: Jirachi|brn
|
|-weather|RainDance|[upkeep]
|-heal|p1a: Tentacruel|90/100|[from] ability: Rain Dish
|-heal|p2a: Jirachi|73/100 brn|[from] item: Leftovers
|-heal|p1a: Tentacruel|96/100|[from] item: Black Sludge
|-damage|p2a: Jirachi|61/100 brn|[from] brn
|upkeep
|turn|8
|
|move|p2a: Jirachi|Calm Mind|p2a: Jirachi
|-boost|p2a: Jirachi|spa|1
|-boost|p2a: Jirachi|spd|1
|move|p1a: Tentacruel|Rapid Spin|p2a: Jirachi
|-resisted|p2a: Jirachi
|-crit|p2a: Jirachi
|-damage|p2a: Jirachi|58/100 brn
|-sideend|p1: Bonginator|Stealth Rock|[from] move: Rapid Spin|[of] p1a: Tentacruel
|
|-weather|RainDance|[upkeep]
|-heal|p1a: Tentacruel|100/100|[from] ability: Rain Dish
|-heal|p2a: Jirachi|64/100 brn|[from] item: Leftovers
|-damage|p2a: Jirachi|52/100 brn|[from] brn
|upkeep
|turn|9
|
|move|p1a: Tentacruel|Protect|p1a: Tentacruel
|-singleturn|p1a: Tentacruel|Protect
|move|p2a: Jirachi|Thunder|p1a: Tentacruel
|-activate|p1a: Tentacruel|move: Protect
|
|-weather|RainDance|[upkeep]
|-heal|p2a: Jirachi|58/100 brn|[from] item: Leftovers
|-damage|p2a: Jirachi|46/100 brn|[from] brn
|upkeep
|turn|10
|
|switch|p1a: Scizor|Scizor, F|100/100
|move|p2a: Jirachi|Thunder|p1a: Scizor
|-damage|p1a: Scizor|64/100
|
|-weather|RainDance|[upkeep]
|-heal|p2a: Jirachi|52/100 brn|[from] item: Leftovers
|-damage|p2a: Jirachi|39/100 brn|[from] brn
|upkeep
|turn|11
|
|switch|p2a: Forretress|Forretress, M|53/100
|-damage|p2a: Forretress|41/100|[from] Stealth Rock
|switch|p1a: Tentacruel|Tentacruel, F|100/100
|
|-weather|RainDance|[upkeep]
|-heal|p2a: Forretress|47/100|[from] item: Leftovers
|upkeep
|turn|12
|
|move|p1a: Tentacruel|Scald|p2a: Forretress
|-damage|p2a: Forretress|14/100
|move|p2a: Forretress|Rapid Spin|p1a: Tentacruel
|-damage|p1a: Tentacruel|96/100
|-sideend|p2: TommyULi|Stealth Rock|[from] move: Rapid Spin|[of] p2a: Forretress
|
|-weather|RainDance|[upkeep]
|-heal|p1a: Tentacruel|100/100|[from] ability: Rain Dish
|-heal|p2a: Forretress|20/100|[from] item: Leftovers
|upkeep
|turn|13
|
|switch|p2a: Dragonite|Dragonite, F, shiny|87/100
|move|p1a: Tentacruel|Scald|p2a: Dragonite
|-resisted|p2a: Dragonite
|-damage|p2a: Dragonite|69/100
|
|-weather|RainDance|[upkeep]
|upkeep
|turn|14
|inactive|TommyULi has 120 seconds left.
|
|move|p1a: Tentacruel|Toxic|p2a: Dragonite
|-status|p2a: Dragonite|tox
|move|p2a: Dragonite|Earthquake|p1a: Tentacruel
|-supereffective|p1a: Tentacruel
|-damage|p1a: Tentacruel|0 fnt
|faint|p1a: Tentacruel
|
|-weather|RainDance|[upkeep]
|-damage|p2a: Dragonite|63/100 tox|[from] psn
|upkeep
|
|switch|p1a: Dragonite|Dragonite, M|100/100
|turn|15
|
|switch|p2a: Forretress|Forretress, M|20/100
|move|p1a: Dragonite|Extreme Speed|p2a: Forretress
|-resisted|p2a: Forretress
|-damage|p2a: Forretress|4/100
|
|-weather|RainDance|[upkeep]
|-heal|p2a: Forretress|10/100|[from] item: Leftovers
|upkeep
|turn|16
|inactive|TommyULi has 120 seconds left.
|inactive|Bonginator has 120 seconds left.
|
|move|p1a: Dragonite|Extreme Speed|p2a: Forretress
|-resisted|p2a: Forretress
|-damage|p2a: Forretress|0 fnt
|faint|p2a: Forretress
|
|-weather|RainDance|[upkeep]
|upkeep
|
|switch|p2a: Espeon|Espeon, M|100/100
|turn|17
|
|move|p1a: Dragonite|Extreme Speed|p2a: Espeon
|-damage|p2a: Espeon|28/100
|move|p2a: Espeon|Reflect|p2a: Espeon
|-sidestart|p2: TommyULi|Reflect
|
|-weather|RainDance|[upkeep]
|upkeep
|turn|18
|
|switch|p2a: Moltres|Moltres, shiny|100/100
|-ability|p2a: Moltres|Pressure
|move|p1a: Dragonite|Extreme Speed|p2a: Moltres
|-damage|p2a: Moltres|72/100
|
|-weather|RainDance|[upkeep]
|upkeep
|turn|19
|
|switch|p1a: Keldeo|Keldeo|100/100
|move|p2a: Moltres|Hurricane|p1a: Keldeo
|-supereffective|p1a: Keldeo
|-damage|p1a: Keldeo|0 fnt
|-damage|p2a: Moltres|62/100|[from] item: Life Orb
|faint|p1a: Keldeo
|
|-weather|RainDance|[upkeep]
|upkeep
|
|switch|p1a: Politoed|Politoed, F|88/100
|turn|20
|
|move|p1a: Politoed|Hydro Pump|p2a: Moltres
|-supereffective|p2a: Moltres
|-damage|p2a: Moltres|0 fnt
|faint|p2a: Moltres
|
|-weather|RainDance|[upkeep]
|upkeep
|
|switch|p2a: Dragonite|Dragonite, F, shiny|63/100 tox
|turn|21
|
|switch|p1a: Scizor|Scizor, F|64/100
|move|p2a: Dragonite|Outrage|p1a: Scizor
|-resisted|p1a: Scizor
|-damage|p1a: Scizor|13/100
|
|-weather|RainDance|[upkeep]
|-damage|p2a: Dragonite|57/100 tox|[from] psn
|upkeep
|turn|22
|
|move|p1a: Scizor|Bullet Punch|p2a: Dragonite
|-damage|p2a: Dragonite|42/100 tox
|move|p2a: Dragonite|Outrage|p1a: Scizor|[from]lockedmove
|-resisted|p1a: Scizor
|-damage|p1a: Scizor|0 fnt
|-start|p2a: Dragonite|confusion|[fatigue]
|faint|p1a: Scizor
|
|-weather|RainDance|[upkeep]
|-damage|p2a: Dragonite|29/100 tox|[from] psn
|upkeep
|
|switch|p1a: Politoed|Politoed, F|88/100
|turn|23
|
|switch|p2a: Politoed|Politoed, F, shiny|75/100
|move|p1a: Politoed|Ice Beam|p2a: Politoed
|-resisted|p2a: Politoed
|-damage|p2a: Politoed|61/100
|
|-weather|RainDance|[upkeep]
|upkeep
|turn|24
|
|move|p1a: Politoed|Ice Beam|p2a: Politoed
|-resisted|p2a: Politoed
|-damage|p2a: Politoed|48/100
|-status|p2a: Politoed|frz
|-curestatus|p2a: Politoed|frz|[from] move: Scald
|move|p2a: Politoed|Scald|p1a: Politoed
|-resisted|p1a: Politoed
|-damage|p1a: Politoed|49/100
|-status|p1a: Politoed|brn
|
|-weather|RainDance|[upkeep]
|-damage|p1a: Politoed|36/100 brn|[from] brn
|-sideend|p2: TommyULi|Reflect
|upkeep
|turn|25
|
|switch|p1a: Dragonite|Dragonite, M|100/100
|move|p2a: Politoed|Scald|p1a: Dragonite
|-resisted|p1a: Dragonite
|-damage|p1a: Dragonite|79/100
|
|-weather|RainDance|[upkeep]
|upkeep
|turn|26
|
|switch|p2a: Jirachi|Jirachi|39/100 brn
|move|p1a: Dragonite|Extreme Speed|p2a: Jirachi
|-resisted|p2a: Jirachi
|-damage|p2a: Jirachi|21/100 brn
|
|-weather|RainDance|[upkeep]
|-heal|p2a: Jirachi|27/100 brn|[from] item: Leftovers
|-damage|p2a: Jirachi|14/100 brn|[from] brn
|upkeep
|turn|27
|
|move|p1a: Dragonite|Extreme Speed|p2a: Jirachi
|-resisted|p2a: Jirachi
|-damage|p2a: Jirachi|0 fnt
|faint|p2a: Jirachi
|
|-weather|RainDance|[upkeep]
|upkeep
|
|switch|p2a: Politoed|Politoed, F, shiny|48/100
|turn|28
|
|switch|p1a: Politoed|Politoed, F|36/100 brn
|move|p2a: Politoed|Scald|p1a: Politoed
|-resisted|p1a: Politoed
|-damage|p1a: Politoed|0 fnt
|faint|p1a: Politoed
|
|-weather|RainDance|[upkeep]
|upkeep
|
|switch|p1a: Dragonite|Dragonite, M|79/100
|turn|29
|
|move|p1a: Dragonite|Extreme Speed|p2a: Politoed
|-damage|p2a: Politoed|0 fnt
|faint|p2a: Politoed
|
|-weather|RainDance|[upkeep]
|upkeep
|
|switch|p2a: Espeon|Espeon, M|28/100
|turn|30
|
|move|p2a: Espeon|Psyshock|p1a: Dragonite
|-damage|p1a: Dragonite|43/100
|-activate|p1a: Dragonite|move: Struggle
|move|p1a: Dragonite|Struggle|p2a: Espeon
|-damage|p2a: Espeon|0 fnt
|-damage|p1a: Dragonite|18/100|[from] recoil
|faint|p2a: Espeon
|
|-weather|RainDance|[upkeep]
|upkeep
|
|switch|p2a: Dragonite|Dragonite, F, shiny|29/100 tox
|turn|31
|
|move|p2a: Dragonite|Extreme Speed|p1a: Dragonite
|-damage|p1a: Dragonite|0 fnt
|faint|p1a: Dragonite
|
|win|TommyULi
|c|☆TommyULi|gg
|l|☆Bonginator
|l| donkeykongcheeks
|raw|Bonginator's rating: 1582 &rarr; <strong>1548</strong><br />(-34 for losing)
|raw|TommyULi's rating: 1283 &rarr; <strong>1325</strong><br />(+42 for winning)
