|j|Wtfh
|j|dysphasia
|player|p1|Wtfh|170
|player|p2|dysphasia|1
|gametype|singles
|gen|5
|tier|[Gen 5] OU
|rated
|seed|
|rule|Evasion Abilities Clause: Evasion abilities are banned
|rule|Baton Pass Clause: Limit one Baton Passer, can't pass Spe and other stats simultaneously
|rule|Swagger Clause: Swagger is banned
|clearpoke
|poke|p1|Terrakion|item
|poke|p1|Dragonite, M|item
|poke|p1|Volcarona, M|item
|poke|p1|Starmie|item
|poke|p1|Jirachi|item
|poke|p1|Latios, M|item
|poke|p2|Landorus-Therian, M|item
|poke|p2|Tyranitar, M|item
|poke|p2|Ferrothorn, M|item
|poke|p2|Garchomp, M|item
|poke|p2|Jellicent, M|item
|poke|p2|Reuniclus, M|item
|rule|Sleep Clause Mod: Limit one foe put to sleep
|rule|Species Clause: Limit one of each Pokémon
|rule|OHKO Clause: OHKO moves are banned
|rule|Moody Clause: Moody is banned
|rule|Evasion Moves Clause: Evasion moves are banned
|rule|Endless Battle Clause: Forcing endless battles is banned
|rule|HP Percentage Mod: HP is shown in percentages
|teampreview
|c|★dysphasia|hf
|c|★Wtfh|U2
|choice||
|
|start
|switch|p1a: Terrakion|Terrakion|100/100
|switch|p2a: Jellicent|Jellicent, M|100/100
|turn|1
|choice||
|
|move|p1a: Terrakion|Stealth Rock|p2a: Jellicent
|-sidestart|p2: dysphasia|move: Stealth Rock
|move|p2a: Jellicent|Scald|p1a: Terrakion
|-supereffective|p1a: Terrakion
|-damage|p1a: Terrakion|42/100
|
|turn|2
|choice||
|
|move|p1a: Terrakion|Stone Edge|p2a: Jellicent
|-damage|p2a: Jellicent|52/100
|move|p2a: Jellicent|Scald|p1a: Terrakion
|-supereffective|p1a: Terrakion
|-damage|p1a: Terrakion|0 fnt
|faint|p1a: Terrakion
|
|-heal|p2a: Jellicent|58/100|[from] item: Leftovers
|choice||
|
|switch|p1a: Latios|Latios, M|100/100
|turn|3
|choice||
|
|switch|p2a: Tyranitar|Tyranitar, M|100/100
|-damage|p2a: Tyranitar|88/100|[from] Stealth Rock
|-weather|Sandstorm|[from] ability: Sand Stream|[of] p2a: Tyranitar
|move|p1a: Latios|Draco Meteor|p2a: Tyranitar
|-damage|p2a: Tyranitar|45/100
|-unboost|p1a: Latios|spa|2
|-damage|p1a: Latios|91/100|[from] item: Life Orb
|
|-weather|Sandstorm|[upkeep]
|-damage|p1a: Latios|85/100|[from] sandstorm
|turn|4
|choice||
|
|move|p1a: Latios|Earthquake|p2a: Tyranitar
|-supereffective|p2a: Tyranitar
|-damage|p2a: Tyranitar|7/100
|-damage|p1a: Latios|75/100|[from] item: Life Orb
|move|p2a: Tyranitar|Stealth Rock|p1a: Latios
|-sidestart|p1: Wtfh|move: Stealth Rock
|
|-weather|Sandstorm|[upkeep]
|-damage|p1a: Latios|69/100|[from] sandstorm
|turn|5
|choice||
|
|switch|p1a: Jirachi|Jirachi|100/100
|-damage|p1a: Jirachi|94/100|[from] Stealth Rock
|switch|p2a: Ferrothorn|Ferrothorn, M|100/100
|-damage|p2a: Ferrothorn|94/100|[from] Stealth Rock
|
|-weather|Sandstorm|[upkeep]
|-heal|p2a: Ferrothorn|100/100|[from] item: Leftovers
|turn|6
|choice||
|
|move|p1a: Jirachi|U-turn|p2a: Ferrothorn
|-damage|p2a: Ferrothorn|87/100
|-damage|p1a: Jirachi|82/100|[from] ability: Iron Barbs|[of] p2a: Ferrothorn
|choice||
|
|switch|p1a: Starmie|Starmie|100/100
|-damage|p1a: Starmie|88/100|[from] Stealth Rock
|move|p2a: Ferrothorn|Spikes|p1a: Starmie
|-sidestart|p1: Wtfh|Spikes
|
|-weather|Sandstorm|[upkeep]
|-damage|p1a: Starmie|82/100|[from] sandstorm
|-heal|p2a: Ferrothorn|93/100|[from] item: Leftovers
|turn|7
|choice||
|
|move|p2a: Ferrothorn|Protect|p2a: Ferrothorn
|-singleturn|p2a: Ferrothorn|Protect
|move|p1a: Starmie|Rapid Spin|p2a: Ferrothorn
|-activate|p2a: Ferrothorn|Protect
|
|-weather|Sandstorm|[upkeep]
|-damage|p1a: Starmie|76/100|[from] sandstorm
|-heal|p2a: Ferrothorn|99/100|[from] item: Leftovers
|turn|8
|choice||
|
|switch|p2a: Tyranitar|Tyranitar, M|7/100
|-damage|p2a: Tyranitar|0 fnt|[from] Stealth Rock
|faint|p2a: Tyranitar
|move|p1a: Starmie|Rapid Spin|p2: Tyranitar|[notarget]
|-notarget
|
|-weather|Sandstorm|[upkeep]
|-damage|p1a: Starmie|70/100|[from] sandstorm
|choice||
|
|switch|p2a: Garchomp|Garchomp, M|100/100
|-damage|p2a: Garchomp|94/100|[from] Stealth Rock
|turn|9
|choice||
|
|move|p2a: Garchomp|Earthquake|p1a: Starmie
|-damage|p1a: Starmie|0 fnt
|faint|p1a: Starmie
|
|-weather|Sandstorm|[upkeep]
|choice||
|
|switch|p1a: Latios|Latios, M|69/100
|-damage|p1a: Latios|56/100|[from] Stealth Rock
|turn|10
|choice||
|
|switch|p2a: Jellicent|Jellicent, M|58/100
|-damage|p2a: Jellicent|46/100|[from] Stealth Rock
|switch|p1a: Volcarona|Volcarona, M|100/100
|-damage|p1a: Volcarona|88/100|[from] Spikes
|-damage|p1a: Volcarona|38/100|[from] Stealth Rock
|
|-weather|Sandstorm|[upkeep]
|-damage|p1a: Volcarona|32/100|[from] sandstorm
|-damage|p2a: Jellicent|40/100|[from] sandstorm
|-heal|p2a: Jellicent|46/100|[from] item: Leftovers
|turn|11
|choice||
|
|move|p1a: Volcarona|Giga Drain|p2a: Jellicent
|-supereffective|p2a: Jellicent
|-damage|p2a: Jellicent|7/100
|-heal|p1a: Volcarona|56/100|[from] drain|[of] p2a: Jellicent
|move|p2a: Jellicent|Scald|p1a: Volcarona
|-supereffective|p1a: Volcarona
|-damage|p1a: Volcarona|8/100
|
|-weather|Sandstorm|[upkeep]
|-damage|p1a: Volcarona|2/100|[from] sandstorm
|-damage|p2a: Jellicent|1/100|[from] sandstorm
|-heal|p2a: Jellicent|7/100|[from] item: Leftovers
|turn|12
|choice||
|
|move|p1a: Volcarona|Giga Drain|p2a: Jellicent
|-supereffective|p2a: Jellicent
|-damage|p2a: Jellicent|0 fnt
|-heal|p1a: Volcarona|6/100|[from] drain|[of] p2a: Jellicent
|faint|p2a: Jellicent
|
|-weather|Sandstorm|[upkeep]
|-damage|p1a: Volcarona|0 fnt|[from] sandstorm
|faint|p1a: Volcarona
|choice||
|
|switch|p2a: Garchomp|Garchomp, M|94/100
|switch|p1a: Jirachi|Jirachi|82/100
|-damage|p2a: Garchomp|88/100|[from] Stealth Rock
|-damage|p1a: Jirachi|70/100|[from] Spikes
|-damage|p1a: Jirachi|64/100|[from] Stealth Rock
|turn|13
|choice||
|
|switch|p2a: Ferrothorn|Ferrothorn, M|99/100
|-damage|p2a: Ferrothorn|93/100|[from] Stealth Rock
|switch|p1a: Latios|Latios, M|56/100
|-damage|p1a: Latios|44/100|[from] Stealth Rock
|
|-weather|Sandstorm|[upkeep]
|-damage|p1a: Latios|38/100|[from] sandstorm
|-heal|p2a: Ferrothorn|99/100|[from] item: Leftovers
|turn|14
|choice||
|
|move|p2a: Ferrothorn|Protect|p2a: Ferrothorn
|-singleturn|p2a: Ferrothorn|Protect
|move|p1a: Latios|Roost|p1a: Latios
|-heal|p1a: Latios|88/100
|
|-weather|Sandstorm|[upkeep]
|-damage|p1a: Latios|82/100|[from] sandstorm
|-heal|p2a: Ferrothorn|100/100|[from] item: Leftovers
|turn|15
|choice||
|
|switch|p2a: Reuniclus|Reuniclus, M|100/100
|move|p1a: Latios|Roost|p1a: Latios
|-heal|p1a: Latios|100/100
|
|-weather|Sandstorm|[upkeep]
|-damage|p1a: Latios|95/100|[from] sandstorm
|turn|16
|choice||
|
|move|p1a: Latios|Draco Meteor|p2a: Reuniclus
|-damage|p2a: Reuniclus|6/100
|-unboost|p1a: Latios|spa|2
|-damage|p1a: Latios|85/100|[from] item: Life Orb
|move|p2a: Reuniclus|Recover|p2a: Reuniclus
|-heal|p2a: Reuniclus|56/100
|
|-weather|Sandstorm|[upkeep]
|-damage|p1a: Latios|79/100|[from] sandstorm
|-heal|p2a: Reuniclus|62/100|[from] item: Leftovers
|turn|17
|choice||
|
|switch|p1a: Dragonite|Dragonite, M|100/100
|-damage|p1a: Dragonite|76/100|[from] Stealth Rock
|move|p2a: Reuniclus|Recover|p2a: Reuniclus
|-heal|p2a: Reuniclus|100/100
|
|-weather|Sandstorm|[upkeep]
|-damage|p1a: Dragonite|70/100|[from] sandstorm
|turn|18
|choice||
|
|move|p1a: Dragonite|Fire Punch|p2a: Reuniclus
|-damage|p2a: Reuniclus|67/100
|move|p2a: Reuniclus|Psyshock|p1a: Dragonite
|-damage|p1a: Dragonite|32/100
|
|-weather|Sandstorm|[upkeep]
|-damage|p1a: Dragonite|26/100|[from] sandstorm
|-heal|p2a: Reuniclus|73/100|[from] item: Leftovers
|turn|19
|-message|Wtfh forfeited.
|
|win|dysphasia
|player|p1
|player|p2
|l|Wtfh
|raw|Wtfh's rating: 1345 &rarr; <strong>1326</strong><br />(-19 for losing)
|raw|dysphasia's rating: 1361 &rarr; <strong>1380</strong><br />(+19 for winning)