|j|☆ceilingfan1
|j|☆somedude363
|t:|1708661413
|gametype|singles
|player|p1|ceilingfan1|265|1384
|player|p2|somedude363|burglar|1411
|teamsize|p1|6
|teamsize|p2|6
|gen|5
|tier|[Gen 5] OU
|rated|
|rule|Species Clause: Limit one of each Pokémon
|rule|OHKO Clause: OHKO moves are banned
|rule|Moody Clause: Moody is banned
|rule|Evasion Items Clause: Evasion items are banned
|rule|Evasion Moves Clause: Evasion moves are banned
|rule|Endless Battle Clause: Forcing endless battles is banned
|rule|HP Percentage Mod: HP is shown in percentages
|rule|Evasion Abilities Clause: Evasion abilities are banned
|rule|Sleep Moves Clause: Sleep-inducing moves are banned
|rule|Swagger Clause: Swagger is banned
|rule|Baton Pass Stat Clause: No Baton Passer may have a way to boost its stats
|clearpoke
|poke|p1|Tyranitar, M|item
|poke|p1|Excadrill, F|item
|poke|p1|Ferrothorn, F|item
|poke|p1|Reuniclus, F|item
|poke|p1|Garchomp, M|item
|poke|p1|Heatran, F|item
|poke|p2|Clefable, F|item
|poke|p2|Latias, F|item
|poke|p2|Hippowdon, M|item
|poke|p2|Skarmory, F|item
|poke|p2|Reuniclus, F|item
|poke|p2|Bronzong|item
|teampreview
|inactive|Battle timer is ON: inactive players will automatically lose when time's up. (requested by somedude363)
|
|t:|1708661435
|start
|switch|p1a: Tyranitar|Tyranitar, M|100/100
|switch|p2a: CTC|Hippowdon, M|100/100
|-weather|Sandstorm|[from] ability: Sand Stream|[of] p1a: Tyranitar
|turn|1
|
|t:|1708661439
|move|p1a: Tyranitar|Ice Beam|p2a: CTC
|-supereffective|p2a: CTC
|-damage|p2a: CTC|62/100
|move|p2a: CTC|Stealth Rock|p1a: Tyranitar
|-sidestart|p1: ceilingfan1|move: Stealth Rock
|
|-weather|Sandstorm|[upkeep]
|-heal|p2a: CTC|69/100|[from] item: Leftovers
|upkeep
|turn|2
|
|t:|1708661443
|move|p1a: Tyranitar|Ice Beam|p2a: CTC
|-supereffective|p2a: CTC
|-damage|p2a: CTC|29/100
|move|p2a: CTC|Earthquake|p1a: Tyranitar
|-supereffective|p1a: Tyranitar
|-damage|p1a: Tyranitar|36/100
|
|-weather|Sandstorm|[upkeep]
|-heal|p2a: CTC|35/100|[from] item: Leftovers
|upkeep
|turn|3
|
|t:|1708661451
|switch|p1a: Heatran|Heatran, F|100/100
|-damage|p1a: Heatran|88/100|[from] Stealth Rock
|-item|p1a: Heatran|Air Balloon
|switch|p2a: Dotaku|Bronzong|100/100
|
|-weather|Sandstorm|[upkeep]
|upkeep
|turn|4
|
|t:|1708661459
|switch|p2a: Estrogen|Clefable, F|100/100
|move|p1a: Heatran|Magma Storm|p2a: Estrogen|[miss]
|-miss|p1a: Heatran|p2a: Estrogen
|
|-weather|Sandstorm|[upkeep]
|upkeep
|turn|5
|
|t:|1708661464
|move|p1a: Heatran|Magma Storm|p2a: Estrogen|[miss]
|-miss|p1a: Heatran|p2a: Estrogen
|move|p2a: Estrogen|Seismic Toss|p1a: Heatran
|-damage|p1a: Heatran|62/100
|-enditem|p1a: Heatran|Air Balloon
|
|-weather|Sandstorm|[upkeep]
|upkeep
|turn|6
|
|t:|1708661467
|move|p1a: Heatran|Magma Storm|p2a: Estrogen|[miss]
|-miss|p1a: Heatran|p2a: Estrogen
|move|p2a: Estrogen|Thunder Wave|p1a: Heatran
|-status|p1a: Heatran|par
|
|-weather|Sandstorm|[upkeep]
|upkeep
|turn|7
|
|t:|1708661470
|move|p2a: Estrogen|Seismic Toss|p1a: Heatran
|-damage|p1a: Heatran|36/100 par
|cant|p1a: Heatran|par
|
|-weather|Sandstorm|[upkeep]
|upkeep
|turn|8
|
|t:|1708661476
|move|p2a: Estrogen|Seismic Toss|p1a: Heatran
|-damage|p1a: Heatran|10/100 par
|move|p1a: Heatran|Magma Storm|p2a: Estrogen|[miss]
|-miss|p1a: Heatran|p2a: Estrogen
|
|-weather|Sandstorm|[upkeep]
|upkeep
|turn|9
|
|t:|1708661483
|move|p2a: Estrogen|Seismic Toss|p1a: Heatran
|-damage|p1a: Heatran|0 fnt
|faint|p1a: Heatran
|
|-weather|Sandstorm|[upkeep]
|upkeep
|
|t:|1708661491
|switch|p1a: Garchomp|Garchomp, M|100/100
|-damage|p1a: Garchomp|94/100|[from] Stealth Rock
|turn|10
|
|t:|1708661495
|switch|p2a: Homotron 3000|Skarmory, F|100/100
|move|p1a: Garchomp|Swords Dance|p1a: Garchomp
|-boost|p1a: Garchomp|atk|2
|
|-weather|Sandstorm|[upkeep]
|-heal|p1a: Garchomp|100/100|[from] item: Leftovers
|upkeep
|turn|11
|
|t:|1708661499
|move|p1a: Garchomp|Fire Fang|p2a: Homotron 3000|[miss]
|-miss|p1a: Garchomp|p2a: Homotron 3000
|move|p2a: Homotron 3000|Whirlwind|p1a: Garchomp
|drag|p1a: Reuniclus|Reuniclus, F|100/100
|
|-weather|Sandstorm|[upkeep]
|upkeep
|turn|12
|
|t:|1708661507
|move|p1a: Reuniclus|Calm Mind|p1a: Reuniclus
|-boost|p1a: Reuniclus|spa|1
|-boost|p1a: Reuniclus|spd|1
|move|p2a: Homotron 3000|Whirlwind|p1a: Reuniclus
|drag|p1a: Ferrothorn|Ferrothorn, F|100/100
|-damage|p1a: Ferrothorn|94/100|[from] Stealth Rock
|
|-weather|Sandstorm|[upkeep]
|-heal|p1a: Ferrothorn|100/100|[from] item: Leftovers
|upkeep
|turn|13
|
|t:|1708661513
|move|p2a: Homotron 3000|Spikes|p1a: Ferrothorn
|-sidestart|p1: ceilingfan1|Spikes
|move|p1a: Ferrothorn|Spikes|p2a: Homotron 3000
|-sidestart|p2: somedude363|Spikes
|
|-weather|Sandstorm|[upkeep]
|upkeep
|turn|14
|
|t:|1708661516
|move|p2a: Homotron 3000|Spikes|p1a: Ferrothorn
|-sidestart|p1: ceilingfan1|Spikes
|move|p1a: Ferrothorn|Spikes|p2a: Homotron 3000
|-sidestart|p2: somedude363|Spikes
|
|-weather|Sandstorm|[upkeep]
|upkeep
|turn|15
|
|t:|1708661521
|move|p2a: Homotron 3000|Spikes|p1a: Ferrothorn
|-sidestart|p1: ceilingfan1|Spikes
|move|p1a: Ferrothorn|Spikes|p2a: Homotron 3000
|-sidestart|p2: somedude363|Spikes
|
|-weather|Sandstorm|[upkeep]
|upkeep
|turn|16
|
|t:|1708661524
|move|p1a: Ferrothorn|Leech Seed|p2a: Homotron 3000
|-start|p2a: Homotron 3000|move: Leech Seed
|move|p2a: Homotron 3000|Whirlwind|p1a: Ferrothorn
|drag|p1a: Excadrill|Excadrill, F|100/100
|-damage|p1a: Excadrill|97/100|[from] Stealth Rock
|-damage|p1a: Excadrill|73/100|[from] Spikes
|-ability|p1a: Excadrill|Mold Breaker
|
|-weather|Sandstorm|[upkeep]
|-damage|p2a: Homotron 3000|88/100|[from] Leech Seed|[of] p1a: Excadrill
|-heal|p1a: Excadrill|84/100|[silent]
|upkeep
|turn|17
|
|t:|1708661530
|switch|p2a: Dotaku|Bronzong|100/100
|move|p1a: Excadrill|Rapid Spin|p2a: Dotaku
|-resisted|p2a: Dotaku
|-damage|p2a: Dotaku|97/100
|-sideend|p1: ceilingfan1|Spikes|[from] move: Rapid Spin|[of] p1a: Excadrill
|-sideend|p1: ceilingfan1|Stealth Rock|[from] move: Rapid Spin|[of] p1a: Excadrill
|
|-weather|Sandstorm|[upkeep]
|-heal|p2a: Dotaku|100/100|[from] item: Leftovers
|upkeep
|turn|18
|
|t:|1708661540
|switch|p1a: Tyranitar|Tyranitar, M|36/100
|switch|p2a: Homotron 3000|Skarmory, F|88/100
|
|-weather|Sandstorm|[upkeep]
|upkeep
|turn|19
|
|t:|1708661546
|switch|p2a: Estrogen|Clefable, F|100/100
|move|p1a: Tyranitar|Fire Blast|p2a: Estrogen
|-damage|p2a: Estrogen|79/100
|
|-weather|Sandstorm|[upkeep]
|-heal|p2a: Estrogen|85/100|[from] item: Leftovers
|upkeep
|turn|20
|
|t:|1708661551
|switch|p1a: Garchomp|Garchomp, M|100/100
|move|p2a: Estrogen|Seismic Toss|p1a: Garchomp
|-damage|p1a: Garchomp|74/100
|
|-weather|Sandstorm|[upkeep]
|-heal|p1a: Garchomp|80/100|[from] item: Leftovers
|-heal|p2a: Estrogen|91/100|[from] item: Leftovers
|upkeep
|turn|21
|
|t:|1708661555
|move|p1a: Garchomp|Swords Dance|p1a: Garchomp
|-boost|p1a: Garchomp|atk|2
|move|p2a: Estrogen|Knock Off|p1a: Garchomp
|-damage|p1a: Garchomp|77/100
|-enditem|p1a: Garchomp|Leftovers|[from] move: Knock Off|[of] p2a: Estrogen
|
|-weather|Sandstorm|[upkeep]
|-heal|p2a: Estrogen|97/100|[from] item: Leftovers
|upkeep
|turn|22
|
|t:|1708661563
|switch|p2a: CTC|Hippowdon, M|35/100
|-damage|p2a: CTC|10/100|[from] Spikes
|move|p1a: Garchomp|Swords Dance|p1a: Garchomp
|-boost|p1a: Garchomp|atk|2
|
|-weather|Sandstorm|[upkeep]
|-heal|p2a: CTC|16/100|[from] item: Leftovers
|upkeep
|turn|23
|
|t:|1708661567
|move|p1a: Garchomp|Dragon Claw|p2a: CTC
|-damage|p2a: CTC|0 fnt
|faint|p2a: CTC
|
|-weather|Sandstorm|[upkeep]
|upkeep
|
|t:|1708661569
|switch|p2a: Valentinus|Latias, F, shiny|100/100
|turn|24
|
|t:|1708661573
|switch|p1a: Ferrothorn|Ferrothorn, F|100/100
|move|p2a: Valentinus|Draco Meteor|p1a: Ferrothorn
|-resisted|p1a: Ferrothorn
|-damage|p1a: Ferrothorn|81/100
|-unboost|p2a: Valentinus|spa|2
|
|-weather|Sandstorm|[upkeep]
|-damage|p2a: Valentinus|95/100|[from] Sandstorm
|-heal|p1a: Ferrothorn|87/100|[from] item: Leftovers
|upkeep
|turn|25
|
|t:|1708661579
|switch|p1a: Tyranitar|Tyranitar, M|36/100
|move|p2a: Valentinus|Thunder Wave|p1a: Tyranitar
|-status|p1a: Tyranitar|par
|
|-weather|Sandstorm|[upkeep]
|-damage|p2a: Valentinus|89/100|[from] Sandstorm
|upkeep
|turn|26
|
|t:|1708661582
|switch|p2a: Homotron 3000|Skarmory, F|88/100
|move|p1a: Tyranitar|Ice Beam|p2a: Homotron 3000
|-damage|p2a: Homotron 3000|51/100
|
|-weather|Sandstorm|[upkeep]
|upkeep
|turn|27
|
|t:|1708661591
|switch|p2a: Estrogen|Clefable, F|97/100
|switch|p1a: Ferrothorn|Ferrothorn, F|87/100
|
|-weather|Sandstorm|[upkeep]
|-heal|p2a: Estrogen|100/100|[from] item: Leftovers
|-heal|p1a: Ferrothorn|93/100|[from] item: Leftovers
|upkeep
|turn|28
|
|t:|1708661593
|switch|p1a: Reuniclus|Reuniclus, F|100/100
|move|p2a: Estrogen|Thunder Wave|p1a: Reuniclus
|-status|p1a: Reuniclus|par
|
|-weather|Sandstorm|[upkeep]
|upkeep
|turn|29
|
|t:|1708661597
|move|p2a: Estrogen|Seismic Toss|p1a: Reuniclus
|-damage|p1a: Reuniclus|77/100 par
|move|p1a: Reuniclus|Calm Mind|p1a: Reuniclus
|-boost|p1a: Reuniclus|spa|1
|-boost|p1a: Reuniclus|spd|1
|
|-weather|Sandstorm|[upkeep]
|-heal|p1a: Reuniclus|83/100 par|[from] item: Leftovers
|upkeep
|turn|30
|
|t:|1708661609
|switch|p2a: Sand angel|Reuniclus, F|100/100
|move|p1a: Reuniclus|Focus Blast|p2a: Sand angel|[miss]
|-miss|p1a: Reuniclus|p2a: Sand angel
|
|-weather|Sandstorm|[upkeep]
|-heal|p1a: Reuniclus|89/100 par|[from] item: Leftovers
|upkeep
|turn|31
|
|t:|1708661613
|move|p2a: Sand angel|Calm Mind|p2a: Sand angel
|-boost|p2a: Sand angel|spa|1
|-boost|p2a: Sand angel|spd|1
|move|p1a: Reuniclus|Calm Mind|p1a: Reuniclus
|-boost|p1a: Reuniclus|spa|1
|-boost|p1a: Reuniclus|spd|1
|
|-weather|Sandstorm|[upkeep]
|-heal|p1a: Reuniclus|95/100 par|[from] item: Leftovers
|upkeep
|turn|32
|
|t:|1708661616
|move|p2a: Sand angel|Calm Mind|p2a: Sand angel
|-boost|p2a: Sand angel|spa|1
|-boost|p2a: Sand angel|spd|1
|cant|p1a: Reuniclus|par
|
|-weather|Sandstorm|[upkeep]
|-heal|p1a: Reuniclus|100/100 par|[from] item: Leftovers
|upkeep
|turn|33
|
|t:|1708661621
|move|p2a: Sand angel|Calm Mind|p2a: Sand angel
|-boost|p2a: Sand angel|spa|1
|-boost|p2a: Sand angel|spd|1
|cant|p1a: Reuniclus|par
|
|-weather|Sandstorm|[upkeep]
|upkeep
|turn|34
|
|t:|1708661624
|move|p2a: Sand angel|Calm Mind|p2a: Sand angel
|-boost|p2a: Sand angel|spa|1
|-boost|p2a: Sand angel|spd|1
|cant|p1a: Reuniclus|par
|
|-weather|Sandstorm|[upkeep]
|upkeep
|turn|35
|
|t:|1708661629
|move|p2a: Sand angel|Calm Mind|p2a: Sand angel
|-boost|p2a: Sand angel|spa|1
|-boost|p2a: Sand angel|spd|1
|move|p1a: Reuniclus|Calm Mind|p1a: Reuniclus
|-boost|p1a: Reuniclus|spa|1
|-boost|p1a: Reuniclus|spd|1
|
|-weather|Sandstorm|[upkeep]
|upkeep
|turn|36
|
|t:|1708661635
|move|p2a: Sand angel|Calm Mind|p2a: Sand angel
|-boost|p2a: Sand angel|spa|1
|-boost|p2a: Sand angel|spd|1
|move|p1a: Reuniclus|Calm Mind|p1a: Reuniclus
|-boost|p1a: Reuniclus|spa|1
|-boost|p1a: Reuniclus|spd|1
|
|-weather|Sandstorm|[upkeep]
|upkeep
|turn|37
|
|t:|1708661637
|move|p2a: Sand angel|Psyshock|p1a: Reuniclus
|-resisted|p1a: Reuniclus
|-damage|p1a: Reuniclus|51/100 par
|cant|p1a: Reuniclus|par
|
|-weather|Sandstorm|[upkeep]
|-heal|p1a: Reuniclus|57/100 par|[from] item: Leftovers
|upkeep
|turn|38
|
|t:|1708661640
|move|p2a: Sand angel|Psyshock|p1a: Reuniclus
|-resisted|p1a: Reuniclus
|-damage|p1a: Reuniclus|7/100 par
|move|p1a: Reuniclus|Recover|p1a: Reuniclus
|-heal|p1a: Reuniclus|57/100 par
|
|-weather|Sandstorm|[upkeep]
|-heal|p1a: Reuniclus|63/100 par|[from] item: Leftovers
|upkeep
|turn|39
|-message|ceilingfan1 forfeited.
|
|win|somedude363
|raw|ceilingfan1's rating: 1384 &rarr; <strong>1366</strong><br />(-18 for losing)
|raw|somedude363's rating: 1411 &rarr; <strong>1429</strong><br />(+18 for winning)
|l|☆ceilingfan1
|player|p1|
|l|☆somedude363
|player|p2|
|j|☆ceilingfan1
|player|p1|ceilingfan1|265
