|uhtml|medal-msg|<div class="broadcast-blue">Curious what those medals under the avatar are? PS now has Ladder Seasons! For more information, check out the <a href="https://www.smogon.com/forums/threads/3740067/">thread on Smogon.</a></div>
|uhtml|medal-msg|<div class="broadcast-blue">Curious what those medals under the avatar are? PS now has Ladder Seasons! For more information, check out the <a href="https://www.smogon.com/forums/threads/3740067/">thread on Smogon.</a></div>
|j|☆leoperi99
|j|☆thbigstuff27
|t:|1712524136
|gametype|singles
|player|p1|leoperi99|juggler-gen2|1470
|player|p2|thbigstuff27|clair|1357
|teamsize|p1|6
|teamsize|p2|6
|gen|5
|tier|[Gen 5] OU
|rated|
|rule|Species Clause: Limit one of each Pokémon
|rule|OHKO Clause: OHKO moves are banned
|rule|Moody Clause: Moody is banned
|rule|Evasion Items Clause: Evasion items are banned
|rule|Evasion Moves Clause: Evasion moves are banned
|rule|Endless Battle Clause: Forcing endless battles is banned
|rule|HP Percentage Mod: HP is shown in percentages
|rule|Evasion Abilities Clause: Evasion abilities are banned
|rule|Sleep Moves Clause: Sleep-inducing moves are banned
|rule|Swagger Clause: Swagger is banned
|rule|Baton Pass Stat Clause: No Baton Passer may have a way to boost its stats
|clearpoke
|poke|p1|Meloetta|item
|poke|p1|Celebi|item
|poke|p1|Skarmory, F|item
|poke|p1|Tyranitar, F|item
|poke|p1|Landorus-Therian, M|item
|poke|p1|Excadrill, F|item
|poke|p2|Jirachi|item
|poke|p2|Politoed, F|item
|poke|p2|Landorus-Therian, M|item
|poke|p2|Starmie|item
|poke|p2|Dragonite, M|item
|poke|p2|Mew|item
|teampreview
|inactive|Battle timer is ON: inactive players will automatically lose when time's up. (requested by leoperi99)
|inactive|thbigstuff27 has 120 seconds left.
|
|t:|1712524245
|start
|switch|p1a: KingLion-Therian|Landorus-Therian, M, shiny|100/100
|switch|p2a: Landorus|Landorus-Therian, M|100/100
|-ability|p2a: Landorus|Intimidate|boost
|-unboost|p1a: KingLion-Therian|atk|1
|-ability|p1a: KingLion-Therian|Intimidate|boost
|-unboost|p2a: Landorus|atk|1
|turn|1
|
|t:|1712524256
|move|p2a: Landorus|U-turn|p1a: KingLion-Therian
|-resisted|p1a: KingLion-Therian
|-damage|p1a: KingLion-Therian|91/100
|
|t:|1712524274
|switch|p2a: Politoed|Politoed, F|100/100|[from] U-turn
|-weather|RainDance|[from] ability: Drizzle|[of] p2a: Politoed
|move|p1a: KingLion-Therian|Hidden Power|p2a: Politoed
|-resisted|p2a: Politoed
|-damage|p2a: Politoed|93/100
|
|-weather|RainDance|[upkeep]
|-heal|p2a: Politoed|99/100|[from] item: Leftovers
|upkeep
|turn|2
|
|t:|1712524288
|switch|p1a: Celeblissey|Celebi|100/100
|switch|p2a: Landorus|Landorus-Therian, M|100/100
|-ability|p2a: Landorus|Intimidate|boost
|-unboost|p1a: Celeblissey|atk|1
|
|-weather|RainDance|[upkeep]
|upkeep
|turn|3
|
|t:|1712524314
|switch|p1a: Ferrothorn.|Skarmory, F, shiny|100/100
|move|p2a: Landorus|U-turn|p1a: Ferrothorn.
|-resisted|p1a: Ferrothorn.
|-damage|p1a: Ferrothorn.|97/100
|inactive|thbigstuff27 has 120 seconds left.
|
|t:|1712524363
|switch|p2a: Jirachi|Jirachi|100/100|[from] U-turn
|
|-weather|RainDance|[upkeep]
|-heal|p1a: Ferrothorn.|100/100|[from] item: Leftovers
|upkeep
|turn|4
|
|t:|1712524383
|switch|p1a: Celeblissey|Celebi|100/100
|move|p2a: Jirachi|Substitute|p2a: Jirachi
|-start|p2a: Jirachi|Substitute
|-damage|p2a: Jirachi|76/100
|
|-weather|RainDance|[upkeep]
|-heal|p2a: Jirachi|82/100|[from] item: Leftovers
|upkeep
|turn|5
|inactive|thbigstuff27 has 120 seconds left.
|inactive|thbigstuff27 has 90 seconds left.
|
|t:|1712524433
|move|p2a: Jirachi|Thunder|p1a: Celeblissey
|-resisted|p1a: Celeblissey
|-damage|p1a: Celeblissey|89/100
|-status|p1a: Celeblissey|par
|move|p1a: Celeblissey|Stealth Rock|p2a: Jirachi
|-sidestart|p2: thbigstuff27|move: Stealth Rock
|
|-weather|RainDance|[upkeep]
|-heal|p2a: Jirachi|88/100|[from] item: Leftovers
|-heal|p1a: Celeblissey|95/100 par|[from] item: Leftovers
|upkeep
|turn|6
|
|t:|1712524445
|-curestatus|p1a: Celeblissey|par|[from] ability: Natural Cure
|switch|p1a: Psychics Please :)|Tyranitar, F, shiny|100/100
|-weather|Sandstorm|[from] ability: Sand Stream|[of] p1a: Psychics Please :)
|move|p2a: Jirachi|Calm Mind|p2a: Jirachi
|-boost|p2a: Jirachi|spa|1
|-boost|p2a: Jirachi|spd|1
|
|-weather|Sandstorm|[upkeep]
|-heal|p2a: Jirachi|94/100|[from] item: Leftovers
|upkeep
|turn|7
|
|t:|1712524447
|move|p2a: Jirachi|Thunder|p1a: Psychics Please :)
|-damage|p1a: Psychics Please :)|75/100
|-status|p1a: Psychics Please :)|par
|move|p1a: Psychics Please :)|Crunch|p2a: Jirachi
|-end|p2a: Jirachi|Substitute
|
|-weather|Sandstorm|[upkeep]
|-heal|p2a: Jirachi|99/100|[from] item: Leftovers
|upkeep
|turn|8
|
|t:|1712524450
|move|p2a: Jirachi|Water Pulse|p1a: Psychics Please :)
|-supereffective|p1a: Psychics Please :)
|-crit|p1a: Psychics Please :)
|-damage|p1a: Psychics Please :)|21/100 par
|cant|p1a: Psychics Please :)|par
|
|-weather|Sandstorm|[upkeep]
|-heal|p2a: Jirachi|100/100|[from] item: Leftovers
|upkeep
|turn|9
|c|☆leoperi99|jesus christ
|
|t:|1712524457
|move|p2a: Jirachi|Water Pulse|p1a: Psychics Please :)
|-supereffective|p1a: Psychics Please :)
|-damage|p1a: Psychics Please :)|0 fnt
|faint|p1a: Psychics Please :)
|
|-weather|Sandstorm|[upkeep]
|upkeep
|
|t:|1712524459
|switch|p1a: KingLion-Therian|Landorus-Therian, M, shiny|91/100
|-ability|p1a: KingLion-Therian|Intimidate|boost
|-unboost|p2a: Jirachi|atk|1
|turn|10
|
|t:|1712524462
|switch|p2a: Politoed|Politoed, F|99/100
|-damage|p2a: Politoed|87/100|[from] Stealth Rock
|-weather|RainDance|[from] ability: Drizzle|[of] p2a: Politoed
|move|p1a: KingLion-Therian|Earthquake|p2a: Politoed
|-damage|p2a: Politoed|46/100
|
|-weather|RainDance|[upkeep]
|-heal|p2a: Politoed|52/100|[from] item: Leftovers
|upkeep
|turn|11
|
|t:|1712524465
|switch|p2a: Landorus|Landorus-Therian, M|100/100
|-damage|p2a: Landorus|88/100|[from] Stealth Rock
|-ability|p2a: Landorus|Intimidate|boost
|-unboost|p1a: KingLion-Therian|atk|1
|move|p1a: KingLion-Therian|Earthquake|p2a: Landorus
|-immune|p2a: Landorus
|
|-weather|RainDance|[upkeep]
|upkeep
|turn|12
|
|t:|1712524468
|switch|p1a: Ferrothorn.|Skarmory, F, shiny|100/100
|move|p2a: Landorus|U-turn|p1a: Ferrothorn.
|-resisted|p1a: Ferrothorn.
|-damage|p1a: Ferrothorn.|97/100
|
|t:|1712524470
|switch|p2a: Jirachi|Jirachi|100/100|[from] U-turn
|-damage|p2a: Jirachi|94/100|[from] Stealth Rock
|
|-weather|RainDance|[upkeep]
|-heal|p2a: Jirachi|100/100|[from] item: Leftovers
|-heal|p1a: Ferrothorn.|100/100|[from] item: Leftovers
|upkeep
|turn|13
|
|t:|1712524474
|switch|p1a: You know the drill|Excadrill, F|100/100
|move|p2a: Jirachi|Substitute|p2a: Jirachi
|-start|p2a: Jirachi|Substitute
|-damage|p2a: Jirachi|76/100
|
|-weather|RainDance|[upkeep]
|-heal|p2a: Jirachi|82/100|[from] item: Leftovers
|upkeep
|turn|14
|
|t:|1712524476
|move|p1a: You know the drill|Earthquake|p2a: Jirachi
|-supereffective|p2a: Jirachi
|-end|p2a: Jirachi|Substitute
|move|p2a: Jirachi|Water Pulse|p1a: You know the drill
|-supereffective|p1a: You know the drill
|-damage|p1a: You know the drill|21/100
|
|-weather|RainDance|[upkeep]
|-heal|p1a: You know the drill|27/100|[from] item: Leftovers
|-heal|p2a: Jirachi|88/100|[from] item: Leftovers
|upkeep
|turn|15
|
|t:|1712524481
|switch|p2a: Landorus|Landorus-Therian, M|88/100
|-damage|p2a: Landorus|76/100|[from] Stealth Rock
|-ability|p2a: Landorus|Intimidate|boost
|-unboost|p1a: You know the drill|atk|1
|move|p1a: You know the drill|Iron Head|p2a: Landorus
|-damage|p2a: Landorus|39/100
|
|-weather|RainDance|[upkeep]
|-heal|p1a: You know the drill|33/100|[from] item: Leftovers
|upkeep
|turn|16
|
|t:|1712524485
|switch|p1a: KingLion-Therian|Landorus-Therian, M, shiny|91/100
|-ability|p1a: KingLion-Therian|Intimidate|boost
|-unboost|p2a: Landorus|atk|1
|move|p2a: Landorus|U-turn|p1a: KingLion-Therian
|-resisted|p1a: KingLion-Therian
|-damage|p1a: KingLion-Therian|82/100
|
|t:|1712524494
|switch|p2a: Politoed|Politoed, F|52/100|[from] U-turn
|-damage|p2a: Politoed|39/100|[from] Stealth Rock
|
|-weather|RainDance|[upkeep]
|-heal|p2a: Politoed|46/100|[from] item: Leftovers
|upkeep
|turn|17
|
|t:|1712524501
|move|p2a: Politoed|Protect|p2a: Politoed
|-singleturn|p2a: Politoed|Protect
|move|p1a: KingLion-Therian|U-turn|p2a: Politoed
|-activate|p2a: Politoed|move: Protect
|
|-weather|RainDance|[upkeep]
|-heal|p2a: Politoed|52/100|[from] item: Leftovers
|upkeep
|turn|18
|
|t:|1712524512
|switch|p2a: Landorus|Landorus-Therian, M|39/100
|-damage|p2a: Landorus|27/100|[from] Stealth Rock
|-ability|p2a: Landorus|Intimidate|boost
|-unboost|p1a: KingLion-Therian|atk|1
|move|p1a: KingLion-Therian|U-turn|p2a: Landorus
|-resisted|p2a: Landorus
|-damage|p2a: Landorus|16/100
|
|t:|1712524524
|switch|p1a: Ferrothorn.|Skarmory, F, shiny|100/100|[from] U-turn
|
|-weather|RainDance|[upkeep]
|upkeep
|turn|19
|
|t:|1712524527
|move|p2a: Landorus|Stealth Rock|p1a: Ferrothorn.
|-sidestart|p1: leoperi99|move: Stealth Rock
|move|p1a: Ferrothorn.|Whirlwind|p2a: Landorus
|drag|p2a: Dragonite|Dragonite, M|100/100
|-damage|p2a: Dragonite|76/100|[from] Stealth Rock
|
|-weather|RainDance|[upkeep]
|upkeep
|turn|20
|
|t:|1712524532
|move|p2a: Dragonite|Waterfall|p1a: Ferrothorn.
|-damage|p1a: Ferrothorn.|74/100
|move|p1a: Ferrothorn.|Spikes|p2a: Dragonite
|-sidestart|p2: thbigstuff27|Spikes
|
|-weather|RainDance|[upkeep]
|-heal|p1a: Ferrothorn.|80/100|[from] item: Leftovers
|upkeep
|turn|21
|
|t:|1712524539
|switch|p2a: Mew|Mew|100/100
|-damage|p2a: Mew|88/100|[from] Stealth Rock
|-damage|p2a: Mew|76/100|[from] Spikes
|move|p1a: Ferrothorn.|Whirlwind|p2a: Mew
|drag|p2a: Dragonite|Dragonite, M|76/100
|-damage|p2a: Dragonite|51/100|[from] Stealth Rock
|
|-weather|RainDance|[upkeep]
|-heal|p1a: Ferrothorn.|86/100|[from] item: Leftovers
|upkeep
|turn|22
|
|t:|1712524544
|switch|p2a: Starmie|Starmie|100/100
|-damage|p2a: Starmie|88/100|[from] Stealth Rock
|-damage|p2a: Starmie|76/100|[from] Spikes
|move|p1a: Ferrothorn.|Whirlwind|p2a: Starmie
|drag|p2a: Politoed|Politoed, F|52/100
|-damage|p2a: Politoed|39/100|[from] Stealth Rock
|-damage|p2a: Politoed|27/100|[from] Spikes
|
|-weather|RainDance|[upkeep]
|-heal|p1a: Ferrothorn.|92/100|[from] item: Leftovers
|-heal|p2a: Politoed|33/100|[from] item: Leftovers
|upkeep
|turn|23
|
|t:|1712524547
|switch|p1a: Celeblissey|Celebi|95/100
|-damage|p1a: Celeblissey|83/100|[from] Stealth Rock
|move|p2a: Politoed|Scald|p1a: Celeblissey
|-resisted|p1a: Celeblissey
|-damage|p1a: Celeblissey|71/100
|
|-weather|RainDance|[upkeep]
|-heal|p1a: Celeblissey|77/100|[from] item: Leftovers
|-heal|p2a: Politoed|39/100|[from] item: Leftovers
|upkeep
|turn|24
|
|t:|1712524549
|move|p2a: Politoed|Protect|p2a: Politoed
|-singleturn|p2a: Politoed|Protect
|move|p1a: Celeblissey|Grass Knot|p2a: Politoed
|-activate|p2a: Politoed|move: Protect
|
|-weather|RainDance|[upkeep]
|-heal|p1a: Celeblissey|83/100|[from] item: Leftovers
|-heal|p2a: Politoed|46/100|[from] item: Leftovers
|upkeep
|turn|25
|
|t:|1712524556
|switch|p2a: Dragonite|Dragonite, M|51/100
|-damage|p2a: Dragonite|26/100|[from] Stealth Rock
|move|p1a: Celeblissey|Grass Knot|p2a: Dragonite
|-resisted|p2a: Dragonite
|-crit|p2a: Dragonite
|-damage|p2a: Dragonite|4/100
|
|-weather|RainDance|[upkeep]
|-heal|p1a: Celeblissey|89/100|[from] item: Leftovers
|upkeep
|turn|26
|
|t:|1712524563
|switch|p1a: You know the drill|Excadrill, F|33/100
|-damage|p1a: You know the drill|30/100|[from] Stealth Rock
|move|p2a: Dragonite|Waterfall|p1a: You know the drill
|-supereffective|p1a: You know the drill
|-damage|p1a: You know the drill|0 fnt
|faint|p1a: You know the drill
|
|-weather|RainDance|[upkeep]
|upkeep
|
|t:|1712524566
|switch|p1a: KingLion-Therian|Landorus-Therian, M, shiny|82/100
|-damage|p1a: KingLion-Therian|70/100|[from] Stealth Rock
|-ability|p1a: KingLion-Therian|Intimidate|boost
|-unboost|p2a: Dragonite|atk|1
|turn|27
|
|t:|1712524573
|move|p2a: Dragonite|Extreme Speed|p1a: KingLion-Therian
|-crit|p1a: KingLion-Therian
|-damage|p1a: KingLion-Therian|8/100
|move|p1a: KingLion-Therian|U-turn|p2a: Dragonite
|-resisted|p2a: Dragonite
|-damage|p2a: Dragonite|0 fnt
|faint|p2a: Dragonite
|c|☆leoperi99|wtf
|
|t:|1712524583
|switch|p1a: Whats ur fav song|Meloetta|100/100|[from] U-turn
|-damage|p1a: Whats ur fav song|88/100|[from] Stealth Rock
|
|-weather|RainDance|[upkeep]
|-heal|p1a: Whats ur fav song|94/100|[from] item: Leftovers
|upkeep
|
|t:|1712524592
|switch|p2a: Starmie|Starmie|76/100
|-damage|p2a: Starmie|64/100|[from] Stealth Rock
|-damage|p2a: Starmie|51/100|[from] Spikes
|turn|28
|
|t:|1712524594
|move|p2a: Starmie|Rapid Spin|p1a: Whats ur fav song
|-damage|p1a: Whats ur fav song|91/100
|-sideend|p2: thbigstuff27|Spikes|[from] move: Rapid Spin|[of] p2a: Starmie
|-sideend|p2: thbigstuff27|Stealth Rock|[from] move: Rapid Spin|[of] p2a: Starmie
|move|p1a: Whats ur fav song|Relic Song|p2a: Starmie
|-crit|p2a: Starmie
|-damage|p2a: Starmie|0 fnt
|faint|p2a: Starmie
|-formechange|p1a: Whats ur fav song|Meloetta-Pirouette|[msg]
|
|-weather|RainDance|[upkeep]
|-heal|p1a: Whats ur fav song|97/100|[from] item: Leftovers
|upkeep
|
|t:|1712524607
|switch|p2a: Jirachi|Jirachi|88/100
|turn|29
|
|t:|1712524612
|move|p1a: Whats ur fav song|Close Combat|p2a: Jirachi
|-damage|p2a: Jirachi|35/100
|-unboost|p1a: Whats ur fav song|def|1
|-unboost|p1a: Whats ur fav song|spd|1
|move|p2a: Jirachi|Water Pulse|p1a: Whats ur fav song
|-damage|p1a: Whats ur fav song|46/100
|-start|p1a: Whats ur fav song|confusion
|
|-weather|RainDance|[upkeep]
|-heal|p1a: Whats ur fav song|52/100|[from] item: Leftovers
|-heal|p2a: Jirachi|41/100|[from] item: Leftovers
|upkeep
|turn|30
|
|t:|1712524622
|switch|p2a: Landorus|Landorus-Therian, M|16/100
|-ability|p2a: Landorus|Intimidate|boost
|-unboost|p1a: Whats ur fav song|atk|1
|-activate|p1a: Whats ur fav song|confusion
|move|p1a: Whats ur fav song|Close Combat|p2a: Landorus
|-resisted|p2a: Landorus
|-damage|p2a: Landorus|0 fnt
|-unboost|p1a: Whats ur fav song|def|1
|-unboost|p1a: Whats ur fav song|spd|1
|faint|p2a: Landorus
|
|-weather|RainDance|[upkeep]
|-heal|p1a: Whats ur fav song|58/100|[from] item: Leftovers
|upkeep
|
|t:|1712524634
|switch|p2a: Jirachi|Jirachi|41/100
|turn|31
|
|t:|1712524645
|switch|p1a: KingLion-Therian|Landorus-Therian, M, shiny|8/100
|-damage|p1a: KingLion-Therian|0 fnt|[from] Stealth Rock
|faint|p1a: KingLion-Therian
|move|p2a: Jirachi|Water Pulse|p1: KingLion-Therian|[notarget]
|-fail|p2a: Jirachi
|
|-weather|RainDance|[upkeep]
|-heal|p2a: Jirachi|47/100|[from] item: Leftovers
|upkeep
|
|t:|1712524647
|switch|p1a: Whats ur fav song|Meloetta|58/100
|-damage|p1a: Whats ur fav song|46/100|[from] Stealth Rock
|turn|32
|
|t:|1712524655
|switch|p2a: Mew|Mew|76/100
|move|p1a: Whats ur fav song|Relic Song|p2a: Mew
|-damage|p2a: Mew|48/100
|-formechange|p1a: Whats ur fav song|Meloetta-Pirouette|[msg]
|
|-weather|RainDance|[upkeep]
|-heal|p1a: Whats ur fav song|52/100|[from] item: Leftovers
|upkeep
|turn|33
|
|t:|1712524662
|move|p1a: Whats ur fav song|U-turn|p2a: Mew
|-supereffective|p2a: Mew
|-damage|p2a: Mew|4/100
|
|t:|1712524669
|switch|p1a: Ferrothorn.|Skarmory, F, shiny|92/100|[from] U-turn
|-damage|p1a: Ferrothorn.|80/100|[from] Stealth Rock
|move|p2a: Mew|Earthquake|p1a: Ferrothorn.
|-immune|p1a: Ferrothorn.
|
|-weather|RainDance|[upkeep]
|-heal|p1a: Ferrothorn.|86/100|[from] item: Leftovers
|upkeep
|turn|34
|
|t:|1712524675
|switch|p2a: Politoed|Politoed, F|46/100
|move|p1a: Ferrothorn.|Spikes|p2a: Politoed
|-sidestart|p2: thbigstuff27|Spikes
|
|-weather|RainDance|[upkeep]
|-heal|p2a: Politoed|52/100|[from] item: Leftovers
|-heal|p1a: Ferrothorn.|92/100|[from] item: Leftovers
|upkeep
|turn|35
|
|t:|1712524688
|move|p1a: Ferrothorn.|Spikes|p2a: Politoed
|-sidestart|p2: thbigstuff27|Spikes
|move|p2a: Politoed|Scald|p1a: Ferrothorn.
|-damage|p1a: Ferrothorn.|42/100
|
|-weather|RainDance|[upkeep]
|-heal|p2a: Politoed|58/100|[from] item: Leftovers
|-heal|p1a: Ferrothorn.|48/100|[from] item: Leftovers
|upkeep
|turn|36
|
|t:|1712524692
|move|p1a: Ferrothorn.|Spikes|p2a: Politoed
|-sidestart|p2: thbigstuff27|Spikes
|move|p2a: Politoed|Scald|p1a: Ferrothorn.
|-damage|p1a: Ferrothorn.|0 fnt
|faint|p1a: Ferrothorn.
|
|-weather|RainDance|[upkeep]
|-heal|p2a: Politoed|64/100|[from] item: Leftovers
|upkeep
|
|t:|1712524693
|switch|p1a: Celeblissey|Celebi|89/100
|-damage|p1a: Celeblissey|77/100|[from] Stealth Rock
|turn|37
|
|t:|1712524696
|move|p2a: Politoed|Protect|p2a: Politoed
|-singleturn|p2a: Politoed|Protect
|move|p1a: Celeblissey|Stealth Rock|p2a: Politoed
|-sidestart|p2: thbigstuff27|move: Stealth Rock
|
|-weather|RainDance|[upkeep]
|-heal|p1a: Celeblissey|83/100|[from] item: Leftovers
|-heal|p2a: Politoed|71/100|[from] item: Leftovers
|upkeep
|turn|38
|
|t:|1712524700
|move|p1a: Celeblissey|Grass Knot|p2a: Politoed
|-supereffective|p2a: Politoed
|-damage|p2a: Politoed|36/100
|move|p2a: Politoed|Perish Song|p2a: Politoed
|-start|p1a: Celeblissey|perish3|[silent]
|-start|p2a: Politoed|perish3|[silent]
|-fieldactivate|move: Perish Song
|
|-weather|RainDance|[upkeep]
|-heal|p1a: Celeblissey|89/100|[from] item: Leftovers
|-heal|p2a: Politoed|42/100|[from] item: Leftovers
|-start|p1a: Celeblissey|perish3
|-start|p2a: Politoed|perish3
|upkeep
|turn|39
|
|t:|1712524704
|move|p2a: Politoed|Protect|p2a: Politoed
|-singleturn|p2a: Politoed|Protect
|move|p1a: Celeblissey|Grass Knot|p2a: Politoed
|-activate|p2a: Politoed|move: Protect
|
|-weather|RainDance|[upkeep]
|-heal|p1a: Celeblissey|96/100|[from] item: Leftovers
|-heal|p2a: Politoed|48/100|[from] item: Leftovers
|-start|p1a: Celeblissey|perish2
|-start|p2a: Politoed|perish2
|upkeep
|turn|40
|
|t:|1712524708
|move|p2a: Politoed|Protect|p2a: Politoed
|-singleturn|p2a: Politoed|Protect
|move|p1a: Celeblissey|Grass Knot|p2a: Politoed
|-activate|p2a: Politoed|move: Protect
|
|-weather|RainDance|[upkeep]
|-heal|p1a: Celeblissey|100/100|[from] item: Leftovers
|-heal|p2a: Politoed|54/100|[from] item: Leftovers
|-start|p1a: Celeblissey|perish1
|-start|p2a: Politoed|perish1
|upkeep
|turn|41
|
|t:|1712524735
|move|p1a: Celeblissey|Grass Knot|p2a: Politoed
|-supereffective|p2a: Politoed
|-damage|p2a: Politoed|18/100
|move|p2a: Politoed|Scald|p1a: Celeblissey
|-resisted|p1a: Celeblissey
|-damage|p1a: Celeblissey|89/100
|
|-weather|RainDance|[upkeep]
|-heal|p1a: Celeblissey|95/100|[from] item: Leftovers
|-heal|p2a: Politoed|25/100|[from] item: Leftovers
|-start|p1a: Celeblissey|perish0
|-start|p2a: Politoed|perish0
|upkeep
|faint|p1a: Celeblissey
|faint|p2a: Politoed
|
|t:|1712524747
|switch|p1a: Whats ur fav song|Meloetta|52/100
|switch|p2a: Mew|Mew|4/100
|-damage|p2a: Mew|0 fnt|[from] Spikes
|faint|p2a: Mew
|-damage|p1a: Whats ur fav song|39/100|[from] Stealth Rock
|
|t:|1712524753
|switch|p2a: Jirachi|Jirachi|47/100
|-damage|p2a: Jirachi|22/100|[from] Spikes
|-damage|p2a: Jirachi|16/100|[from] Stealth Rock
|turn|42
|c|☆thbigstuff27|gg
|
|t:|1712524758
|move|p1a: Whats ur fav song|Close Combat|p2a: Jirachi
|-damage|p2a: Jirachi|0 fnt
|-unboost|p1a: Whats ur fav song|def|1
|-unboost|p1a: Whats ur fav song|spd|1
|faint|p2a: Jirachi
|
|win|leoperi99
|raw|leoperi99's rating: 1470 &rarr; <strong>1484</strong><br />(+14 for winning)
|raw|thbigstuff27's rating: 1357 &rarr; <strong>1343</strong><br />(-14 for losing)
|l|☆thbigstuff27
|player|p2|
|c|☆leoperi99|gg
