|j|☆Salutethewolf
|j|☆Cinema Staff Fan
|t:|1745835600
|gametype|singles
|player|p1|Salutethewolf|hugh|1528
|player|p2|Cinema Staff Fan|miku-water|1451
|teamsize|p1|6
|teamsize|p2|6
|gen|5
|tier|[Gen 5] OU
|rated|
|rule|Species Clause: Limit one of each Pokémon
|rule|OHKO Clause: OHKO moves are banned
|rule|Moody Clause: Moody is banned
|rule|Evasion Items Clause: Evasion items are banned
|rule|Evasion Moves Clause: Evasion moves are banned
|rule|Endless Battle Clause: Forcing endless battles is banned
|rule|HP Percentage Mod: HP is shown in percentages
|rule|Evasion Abilities Clause: Evasion abilities are banned
|rule|Sleep Moves Clause: Sleep-inducing moves are banned
|rule|Swagger Clause: Swagger is banned
|rule|Baton Pass Stat Clause: No Baton Passer may have a way to boost its stats
|clearpoke
|poke|p1|Bronzong|item
|poke|p1|Porygon2|item
|poke|p1|Rhyperior, F|item
|poke|p1|Hariyama, F|item
|poke|p1|Reuniclus, M|item
|poke|p1|Alakazam, M|item
|poke|p2|Kyurem-Black|item
|poke|p2|Tyranitar, F|item
|poke|p2|Gastrodon-East, F|item
|poke|p2|Forretress, F|item
|poke|p2|Landorus-Therian, M|item
|poke|p2|Keldeo|item
|teampreview
|inactive|Battle timer is ON: inactive players will automatically lose when time's up. (requested by Cinema Staff Fan)
|inactive|Salutethewolf also wants the timer to be on.
|inactive|Salutethewolf has 120 seconds left.
|
|t:|1745835635
|start
|switch|p1a: Bronzong|Bronzong, shiny|100/100
|switch|p2a: Keldeo|Keldeo|100/100
|turn|1
|
|t:|1745835646
|move|p2a: Keldeo|Surf|p1a: Bronzong
|-damage|p1a: Bronzong|34/100
|move|p1a: Bronzong|Trick Room|p1a: Bronzong
|-fieldstart|move: Trick Room|[of] p1a: Bronzong
|
|upkeep
|turn|2
|
|t:|1745835652
|move|p1a: Bronzong|Stealth Rock|p2a: Keldeo
|-sidestart|p2: Cinema Staff Fan|move: Stealth Rock
|move|p2a: Keldeo|Surf|p1a: Bronzong
|-damage|p1a: Bronzong|0 fnt
|faint|p1a: Bronzong
|
|upkeep
|
|t:|1745835668
|switch|p1a: Hariyama|Hariyama, F, shiny|100/100
|turn|3
|
|t:|1745835676
|move|p1a: Hariyama|Thunder Punch|p2a: Keldeo
|-supereffective|p2a: Keldeo
|-damage|p2a: Keldeo|0 fnt
|faint|p2a: Keldeo
|
|upkeep
|
|t:|1745835687
|switch|p2a: Gastrodon|Gastrodon-East, F|100/100
|-damage|p2a: Gastrodon|94/100|[from] Stealth Rock
|turn|4
|
|t:|1745835691
|move|p1a: Hariyama|Close Combat|p2a: Gastrodon
|-damage|p2a: Gastrodon|34/100
|-unboost|p1a: Hariyama|def|1
|-unboost|p1a: Hariyama|spd|1
|-damage|p1a: Hariyama|91/100|[from] item: Life Orb
|move|p2a: Gastrodon|Scald|p1a: Hariyama
|-damage|p1a: Hariyama|52/100
|
|-heal|p2a: Gastrodon|40/100|[from] item: Leftovers
|upkeep
|turn|5
|
|t:|1745835709
|move|p1a: Hariyama|Close Combat|p2a: Gastrodon
|-damage|p2a: Gastrodon|0 fnt
|-unboost|p1a: Hariyama|def|1
|-unboost|p1a: Hariyama|spd|1
|faint|p2a: Gastrodon
|-damage|p1a: Hariyama|42/100|[from] item: Life Orb
|
|-fieldend|move: Trick Room
|upkeep
|
|t:|1745835713
|switch|p2a: Kyurem|Kyurem-Black|100/100
|-damage|p2a: Kyurem|76/100|[from] Stealth Rock
|-ability|p2a: Kyurem|Teravolt
|turn|6
|
|t:|1745835736
|move|p2a: Kyurem|Dragon Claw|p1a: Hariyama
|-damage|p1a: Hariyama|0 fnt
|faint|p1a: Hariyama
|
|upkeep
|inactive|Salutethewolf has 120 seconds left.
|
|t:|1745835758
|switch|p1a: Porygon2|Porygon2, shiny|100/100
|-ability|p1a: Porygon2|Download|boost
|-boost|p1a: Porygon2|spa|1
|turn|7
|inactive|Salutethewolf has 120 seconds left.
|
|t:|1745835766
|move|p2a: Kyurem|Dragon Claw|p1a: Porygon2
|-crit|p1a: Porygon2
|-damage|p1a: Porygon2|0 fnt
|faint|p1a: Porygon2
|
|upkeep
|inactive|Salutethewolf has 120 seconds left.
|
|t:|1745835777
|switch|p1a: Reuniclus|Reuniclus, M, shiny|100/100
|turn|8
|
|t:|1745835780
|move|p2a: Kyurem|Dragon Claw|p1a: Reuniclus
|-damage|p1a: Reuniclus|12/100
|move|p1a: Reuniclus|Trick Room|p1a: Reuniclus
|-fieldstart|move: Trick Room|[of] p1a: Reuniclus
|
|upkeep
|turn|9
|
|t:|1745835786
|switch|p2a: Forretress|Forretress, F|100/100
|-damage|p2a: Forretress|88/100|[from] Stealth Rock
|move|p1a: Reuniclus|Focus Blast|p2a: Forretress
|-damage|p2a: Forretress|31/100
|
|-heal|p2a: Forretress|38/100|[from] item: Leftovers
|upkeep
|turn|10
|
|t:|1745835796
|move|p1a: Reuniclus|Focus Blast|p2a: Forretress|[miss]
|-miss|p1a: Reuniclus|p2a: Forretress
|move|p2a: Forretress|Gyro Ball|p1a: Reuniclus
|-damage|p1a: Reuniclus|6/100
|
|-heal|p2a: Forretress|44/100|[from] item: Leftovers
|upkeep
|turn|11
|
|t:|1745835807
|move|p1a: Reuniclus|Focus Blast|p2a: Forretress
|-damage|p2a: Forretress|0 fnt
|faint|p2a: Forretress
|
|upkeep
|
|t:|1745835812
|switch|p2a: Tyranitar|Tyranitar, F|100/100
|-damage|p2a: Tyranitar|88/100|[from] Stealth Rock
|-weather|Sandstorm|[from] ability: Sand Stream|[of] p2a: Tyranitar
|turn|12
|
|t:|1745835818
|move|p1a: Reuniclus|Focus Blast|p2a: Tyranitar
|-supereffective|p2a: Tyranitar
|-enditem|p2a: Tyranitar|Chople Berry|[eat]
|-enditem|p2a: Tyranitar|Chople Berry|[weaken]
|-damage|p2a: Tyranitar|28/100
|move|p2a: Tyranitar|Pursuit|p1a: Reuniclus
|-supereffective|p1a: Reuniclus
|-damage|p1a: Reuniclus|0 fnt
|faint|p1a: Reuniclus
|
|-weather|Sandstorm|[upkeep]
|-fieldend|move: Trick Room
|upkeep
|
|t:|1745835830
|switch|p1a: Alakazam|Alakazam, M, shiny|100/100
|turn|13
|
|t:|1745835839
|move|p1a: Alakazam|Focus Blast|p2a: Tyranitar
|-supereffective|p2a: Tyranitar
|-damage|p2a: Tyranitar|0 fnt
|faint|p2a: Tyranitar
|
|-weather|Sandstorm|[upkeep]
|upkeep
|
|t:|1745835842
|switch|p2a: Landorus|Landorus-Therian, M|100/100
|-damage|p2a: Landorus|88/100|[from] Stealth Rock
|-ability|p2a: Landorus|Intimidate|boost
|-unboost|p1a: Alakazam|atk|1
|turn|14
|
|t:|1745835850
|move|p2a: Landorus|U-turn|p1a: Alakazam
|-supereffective|p1a: Alakazam
|-enditem|p1a: Alakazam|Focus Sash
|-damage|p1a: Alakazam|1/100
|
|t:|1745835852
|switch|p2a: Kyurem|Kyurem-Black|76/100|[from] U-turn
|-damage|p2a: Kyurem|51/100|[from] Stealth Rock
|-ability|p2a: Kyurem|Teravolt
|move|p1a: Alakazam|Hidden Power|p2a: Kyurem
|-damage|p2a: Kyurem|27/100
|
|-weather|Sandstorm|[upkeep]
|-damage|p2a: Kyurem|20/100|[from] Sandstorm
|upkeep
|turn|15
|
|t:|1745835869
|move|p1a: Alakazam|Psychic|p2a: Kyurem
|-damage|p2a: Kyurem|0 fnt
|faint|p2a: Kyurem
|
|-weather|Sandstorm|[upkeep]
|upkeep
|
|t:|1745835872
|switch|p2a: Landorus|Landorus-Therian, M|88/100
|-damage|p2a: Landorus|76/100|[from] Stealth Rock
|-ability|p2a: Landorus|Intimidate|boost
|-unboost|p1a: Alakazam|atk|1
|turn|16
|
|t:|1745835880
|move|p2a: Landorus|Earthquake|p1a: Alakazam
|-damage|p1a: Alakazam|0 fnt
|faint|p1a: Alakazam
|
|-weather|Sandstorm|[upkeep]
|upkeep
|
|t:|1745835886
|switch|p1a: Rhyperior|Rhyperior, F, shiny|100/100
|turn|17
|
|t:|1745835889
|move|p2a: Landorus|Earthquake|p1a: Rhyperior
|-supereffective|p1a: Rhyperior
|-damage|p1a: Rhyperior|53/100
|move|p1a: Rhyperior|Ice Punch|p2a: Landorus
|-supereffective|p2a: Landorus
|-damage|p2a: Landorus|0 fnt
|faint|p2a: Landorus
|-damage|p1a: Rhyperior|43/100|[from] item: Life Orb
|
|win|Salutethewolf
|raw|Salutethewolf's rating: 1528 &rarr; <strong>1544</strong><br />(+16 for winning)
|raw|Cinema Staff Fan's rating: 1451 &rarr; <strong>1435</strong><br />(-16 for losing)
|l|☆Cinema Staff Fan
|player|p2|
