|j|☆Frexa ✘
|j|☆EMP activated
|player|p1|Frexa ✘|101|1488
|player|p2|EMP activated|ingo|1412
|teamsize|p1|6
|teamsize|p2|6
|gametype|singles
|gen|5
|tier|[Gen 5] OU
|rated|
|rule|Sleep Clause Mod: Limit one foe put to sleep
|rule|Species Clause: Limit one of each Pokémon
|rule|OHKO Clause: OHKO moves are banned
|rule|Moody Clause: Moody is banned
|rule|Evasion Moves Clause: Evasion moves are banned
|rule|Endless Battle Clause: Forcing endless battles is banned
|rule|HP Percentage Mod: HP is shown in percentages
|rule|Evasion Abilities Clause: Evasion abilities are banned
|rule|Baton Pass Clause: Limit one Baton Passer, can't pass Spe and other stats simultaneously
|rule|Swagger Clause: Swagger is banned
|clearpoke
|poke|p1|Amoonguss, F|item
|poke|p1|Skarmory, M|item
|poke|p1|Excadrill, F|item
|poke|p1|Gastrodon, M|item
|poke|p1|Tyranitar, M|item
|poke|p1|Volcarona, F|item
|poke|p2|Politoed, F|item
|poke|p2|Breloom, M|item
|poke|p2|Tentacruel, M|item
|poke|p2|Jirachi|item
|poke|p2|Tornadus, M|item
|poke|p2|Garchomp, M|item
|teampreview
|
|start
|switch|p1a: Amoonguss|Amoonguss, F|100/100
|switch|p2a: Tornadus|Tornadus, M|100/100
|turn|1
|
|move|p2a: Tornadus|Taunt|p1a: Amoonguss
|-start|p1a: Amoonguss|move: Taunt
|cant|p1a: Amoonguss|move: Taunt|Spore
|
|upkeep
|turn|2
|
|switch|p1a: Tyranitar|Tyranitar, M|100/100
|-weather|Sandstorm|[from] ability: Sand Stream|[of] p1a: Tyranitar
|move|p2a: Tornadus|Focus Blast|p1a: Tyranitar
|-supereffective|p1a: Tyranitar
|-damage|p1a: Tyranitar|0 fnt
|faint|p1a: Tyranitar
|
|-weather|Sandstorm|[upkeep]
|-damage|p2a: Tornadus|94/100|[from] Sandstorm
|upkeep
|
|switch|p1a: Gastrodon|Gastrodon, M|100/100
|turn|3
|
|move|p2a: Tornadus|U-turn|p1a: Gastrodon
|-damage|p1a: Gastrodon|89/100
|
|switch|p2a: Politoed|Politoed, F|100/100|[from]move: U-turn
|-weather|RainDance|[from] ability: Drizzle|[of] p2a: Politoed
|move|p1a: Gastrodon|Toxic|p2a: Politoed
|-status|p2a: Politoed|tox
|
|-weather|RainDance|[upkeep]
|-heal|p1a: Gastrodon|95/100|[from] item: Leftovers
|-damage|p2a: Politoed|94/100 tox|[from] psn
|upkeep
|turn|4
|inactive|Battle timer is ON: inactive players will automatically lose when time's up. (requested by EMP activated)
|
|switch|p2a: Breloom|Breloom, M|100/100
|switch|p1a: Amoonguss|Amoonguss, F|100/100
|
|-weather|RainDance|[upkeep]
|-status|p2a: Breloom|tox|[from] item: Toxic Orb
|upkeep
|turn|5
|
|move|p2a: Breloom|Bulk Up|p2a: Breloom
|-boost|p2a: Breloom|atk|1
|-boost|p2a: Breloom|def|1
|move|p1a: Amoonguss|Hidden Power|p2a: Breloom
|-supereffective|p2a: Breloom
|-damage|p2a: Breloom|85/100 tox
|
|-weather|RainDance|[upkeep]
|-heal|p2a: Breloom|98/100 tox|[from] ability: Poison Heal
|upkeep
|turn|6
|
|switch|p1a: Skarmory|Skarmory, M|100/100
|move|p2a: Breloom|Spore|p1a: Skarmory
|-status|p1a: Skarmory|slp|[from] move: Spore
|
|-weather|RainDance|[upkeep]
|-heal|p2a: Breloom|100/100 tox|[from] ability: Poison Heal
|upkeep
|turn|7
|
|switch|p1a: Volcarona|Volcarona, F|100/100
|move|p2a: Breloom|Drain Punch|p1a: Volcarona
|-resisted|p1a: Volcarona
|-damage|p1a: Volcarona|61/100
|
|-weather|RainDance|[upkeep]
|upkeep
|turn|8
|
|move|p1a: Volcarona|Quiver Dance|p1a: Volcarona
|-boost|p1a: Volcarona|spa|1
|-boost|p1a: Volcarona|spd|1
|-boost|p1a: Volcarona|spe|1
|move|p2a: Breloom|Facade|p1a: Volcarona
|-damage|p1a: Volcarona|0 fnt
|faint|p1a: Volcarona
|
|-weather|RainDance|[upkeep]
|upkeep
|-message|Frexa ✘ forfeited.
|
|win|EMP activated
|l|☆Frexa ✘
|raw|Frexa ✘'s rating: 1488 &rarr; <strong>1463</strong><br />(-25 for losing)
|raw|EMP activated's rating: 1412 &rarr; <strong>1436</strong><br />(+24 for winning)
