|j|☆Guyver 2
|j|☆daddy_days2
|t:|1739406982
|gametype|singles
|player|p1|Guyver 2|blaine|1254
|player|p2|daddy_days2|benga|1544
|teamsize|p1|6
|teamsize|p2|6
|gen|5
|tier|[Gen 5] OU
|rated|
|rule|Species Clause: Limit one of each Pokémon
|rule|OHKO Clause: OHKO moves are banned
|rule|Moody Clause: Moody is banned
|rule|Evasion Items Clause: Evasion items are banned
|rule|Evasion Moves Clause: Evasion moves are banned
|rule|Endless Battle Clause: Forcing endless battles is banned
|rule|HP Percentage Mod: HP is shown in percentages
|rule|Evasion Abilities Clause: Evasion abilities are banned
|rule|Sleep Moves Clause: Sleep-inducing moves are banned
|rule|Swagger Clause: Swagger is banned
|rule|Baton Pass Stat Clause: No Baton Passer may have a way to boost its stats
|clearpoke
|poke|p1|Hippowdon, M|item
|poke|p1|Terrakion|item
|poke|p1|Garchomp, M|item
|poke|p1|Heatran, M|item
|poke|p1|Scizor, M|item
|poke|p1|Celebi|item
|poke|p2|Kyurem-Black|item
|poke|p2|Garchomp, M|item
|poke|p2|Conkeldurr, F|item
|poke|p2|Starmie|item
|poke|p2|Bisharp, F|item
|poke|p2|Scyther, M|item
|teampreview
|inactive|Battle timer is ON: inactive players will automatically lose when time's up. (requested by Guyver 2)
|
|t:|1739406986
|start
|switch|p1a: Garchomp|Garchomp, M, shiny|100/100
|switch|p2a: Painkiller|Garchomp, M|100/100
|turn|1
|
|t:|1739406995
|move|p1a: Garchomp|Outrage|p2a: Painkiller
|-supereffective|p2a: Painkiller
|-damage|p2a: Painkiller|20/100
|-damage|p1a: Garchomp|88/100|[from] ability: Rough Skin|[of] p2a: Painkiller
|-damage|p1a: Garchomp|72/100|[from] item: Rocky Helmet|[of] p2a: Painkiller
|move|p2a: Painkiller|Stealth Rock|p1a: Garchomp
|-sidestart|p1: Guyver 2|move: Stealth Rock
|
|upkeep
|turn|2
|
|t:|1739407005
|move|p2a: Painkiller|Endure|p2a: Painkiller
|-singleturn|p2a: Painkiller|move: Endure
|move|p1a: Garchomp|Outrage|p2a: Painkiller|[from] lockedmove
|-supereffective|p2a: Painkiller
|-activate|p2a: Painkiller|move: Endure
|-damage|p2a: Painkiller|1/100
|-damage|p1a: Garchomp|59/100|[from] ability: Rough Skin|[of] p2a: Painkiller
|-damage|p1a: Garchomp|43/100|[from] item: Rocky Helmet|[of] p2a: Painkiller
|-start|p1a: Garchomp|confusion|[fatigue]
|
|upkeep
|turn|3
|
|t:|1739407017
|switch|p1a: Scizor|Scizor, M, shiny|100/100
|-damage|p1a: Scizor|88/100|[from] Stealth Rock
|move|p2a: Painkiller|Dragon Tail|p1a: Scizor
|-resisted|p1a: Scizor
|-damage|p1a: Scizor|75/100
|drag|p1a: Terrakion|Terrakion|100/100
|-damage|p1a: Terrakion|94/100|[from] Stealth Rock
|
|upkeep
|turn|4
|
|t:|1739407030
|move|p2a: Painkiller|Endure|p2a: Painkiller
|-singleturn|p2a: Painkiller|move: Endure
|move|p1a: Terrakion|Hidden Power|p2a: Painkiller
|-supereffective|p2a: Painkiller
|-activate|p2a: Painkiller|move: Endure
|-damage|p2a: Painkiller|1/100
|-damage|p1a: Terrakion|84/100|[from] item: Life Orb
|
|upkeep
|turn|5
|
|t:|1739407041
|switch|p2a: Starlight|Starmie|100/100
|move|p1a: Terrakion|Stone Edge|p2a: Starlight|[miss]
|-miss|p1a: Terrakion|p2a: Starlight
|
|upkeep
|turn|6
|
|t:|1739407052
|switch|p1a: Celebi|Celebi|100/100
|-damage|p1a: Celebi|88/100|[from] Stealth Rock
|move|p2a: Starlight|Psyshock|p1a: Celebi
|-resisted|p1a: Celebi
|-damage|p1a: Celebi|74/100
|
|upkeep
|turn|7
|
|t:|1739407061
|switch|p2a: Adolf|Bisharp, F|100/100
|-item|p2a: Adolf|Air Balloon
|move|p1a: Celebi|Leaf Storm|p2a: Adolf
|-resisted|p2a: Adolf
|-damage|p2a: Adolf|38/100
|-unboost|p1a: Celebi|spa|2
|-enditem|p2a: Adolf|Air Balloon
|
|upkeep
|turn|8
|
|t:|1739407073
|-activate|p1a: Celebi|move: Pursuit
|move|p2a: Adolf|Pursuit|p1a: Celebi|[from] Pursuit
|-supereffective|p1a: Celebi
|-damage|p1a: Celebi|0 fnt
|faint|p1a: Celebi
|-hint|A Pokemon can't switch between when it runs out of HP and when it faints
|
|upkeep
|
|t:|1739407082
|switch|p1a: Hippowdon|Hippowdon, M|100/100
|-damage|p1a: Hippowdon|94/100|[from] Stealth Rock
|-weather|Sandstorm|[from] ability: Sand Stream|[of] p1a: Hippowdon
|turn|9
|
|t:|1739407089
|move|p2a: Adolf|Iron Head|p1a: Hippowdon
|-damage|p1a: Hippowdon|71/100
|cant|p1a: Hippowdon|flinch
|
|-weather|Sandstorm|[upkeep]
|-heal|p1a: Hippowdon|77/100|[from] item: Leftovers
|upkeep
|turn|10
|
|t:|1739407099
|move|p2a: Adolf|Iron Head|p1a: Hippowdon
|-damage|p1a: Hippowdon|53/100
|move|p1a: Hippowdon|Stealth Rock|p2a: Adolf
|-sidestart|p2: daddy_days2|move: Stealth Rock
|
|-weather|Sandstorm|[upkeep]
|-heal|p1a: Hippowdon|59/100|[from] item: Leftovers
|upkeep
|turn|11
|
|t:|1739407107
|move|p2a: Adolf|Iron Head|p1a: Hippowdon
|-damage|p1a: Hippowdon|34/100
|move|p1a: Hippowdon|Slack Off|p1a: Hippowdon
|-heal|p1a: Hippowdon|84/100
|
|-weather|Sandstorm|[upkeep]
|-heal|p1a: Hippowdon|90/100|[from] item: Leftovers
|upkeep
|turn|12
|
|t:|1739407117
|move|p2a: Adolf|Iron Head|p1a: Hippowdon
|-damage|p1a: Hippowdon|68/100
|move|p1a: Hippowdon|Earthquake|p2a: Adolf
|-supereffective|p2a: Adolf
|-damage|p2a: Adolf|0 fnt
|faint|p2a: Adolf
|
|-weather|Sandstorm|[upkeep]
|-heal|p1a: Hippowdon|74/100|[from] item: Leftovers
|upkeep
|
|t:|1739407128
|switch|p2a: Starlight|Starmie|100/100
|-damage|p2a: Starlight|88/100|[from] Stealth Rock
|turn|13
|
|t:|1739407140
|move|p2a: Starlight|Rapid Spin|p1a: Hippowdon
|-damage|p1a: Hippowdon|72/100
|-sideend|p2: daddy_days2|Stealth Rock|[from] move: Rapid Spin|[of] p2a: Starlight
|move|p1a: Hippowdon|Earthquake|p2a: Starlight
|-damage|p2a: Starlight|44/100
|
|-weather|Sandstorm|[upkeep]
|-damage|p2a: Starlight|38/100|[from] Sandstorm
|-heal|p2a: Starlight|44/100|[from] item: Leftovers
|-heal|p1a: Hippowdon|79/100|[from] item: Leftovers
|upkeep
|turn|14
|
|t:|1739407152
|move|p2a: Starlight|Hydro Pump|p1a: Hippowdon
|-supereffective|p1a: Hippowdon
|-damage|p1a: Hippowdon|0 fnt
|faint|p1a: Hippowdon
|
|-weather|Sandstorm|[upkeep]
|-damage|p2a: Starlight|38/100|[from] Sandstorm
|-heal|p2a: Starlight|44/100|[from] item: Leftovers
|upkeep
|
|t:|1739407165
|switch|p1a: Garchomp|Garchomp, M, shiny|43/100
|-damage|p1a: Garchomp|37/100|[from] Stealth Rock
|turn|15
|
|t:|1739407170
|move|p1a: Garchomp|Outrage|p2a: Starlight
|-damage|p2a: Starlight|0 fnt
|faint|p2a: Starlight
|
|-weather|Sandstorm|[upkeep]
|upkeep
|
|t:|1739407177
|switch|p2a: Painkiller|Garchomp, M|1/100
|turn|16
|
|t:|1739407181
|move|p2a: Painkiller|Endure|p2a: Painkiller
|-singleturn|p2a: Painkiller|move: Endure
|move|p1a: Garchomp|Outrage|p2a: Painkiller|[from] lockedmove
|-supereffective|p2a: Painkiller
|-activate|p2a: Painkiller|move: Endure
|-damage|p2a: Painkiller|1/100
|-damage|p1a: Garchomp|24/100|[from] ability: Rough Skin|[of] p2a: Painkiller
|-damage|p1a: Garchomp|8/100|[from] item: Rocky Helmet|[of] p2a: Painkiller
|
|-weather|Sandstorm|[upkeep]
|upkeep
|turn|17
|
|t:|1739407193
|move|p2a: Painkiller|Endure|p2a: Painkiller
|-singleturn|p2a: Painkiller|move: Endure
|move|p1a: Garchomp|Outrage|p2a: Painkiller|[from] lockedmove
|-supereffective|p2a: Painkiller
|-activate|p2a: Painkiller|move: Endure
|-damage|p2a: Painkiller|1/100
|-damage|p1a: Garchomp|0 fnt|[from] ability: Rough Skin|[of] p2a: Painkiller
|faint|p1a: Garchomp
|
|-weather|Sandstorm|[upkeep]
|upkeep
|
|t:|1739407211
|switch|p1a: Terrakion|Terrakion|84/100
|-damage|p1a: Terrakion|78/100|[from] Stealth Rock
|turn|18
|
|t:|1739407217
|move|p1a: Terrakion|Hidden Power|p2a: Painkiller
|-supereffective|p2a: Painkiller
|-damage|p2a: Painkiller|0 fnt
|faint|p2a: Painkiller
|-damage|p1a: Terrakion|68/100|[from] item: Life Orb
|
|-weather|Sandstorm|[upkeep]
|upkeep
|
|t:|1739407226
|switch|p2a: Blade|Scyther, M|100/100
|turn|19
|
|t:|1739407231
|move|p2a: Blade|Brick Break|p1a: Terrakion
|-supereffective|p1a: Terrakion
|-damage|p1a: Terrakion|5/100
|move|p1a: Terrakion|Stone Edge|p2a: Blade
|-supereffective|p2a: Blade
|-damage|p2a: Blade|0 fnt
|faint|p2a: Blade
|-damage|p1a: Terrakion|0 fnt|[from] item: Life Orb
|faint|p1a: Terrakion
|
|-weather|Sandstorm|[upkeep]
|upkeep
|
|t:|1739407244
|switch|p1a: Heatran|Heatran, M|100/100
|switch|p2a: Shrekster|Conkeldurr, F|100/100
|-damage|p1a: Heatran|88/100|[from] Stealth Rock
|turn|20
|
|t:|1739407252
|move|p1a: Heatran|Fire Blast|p2a: Shrekster
|-crit|p2a: Shrekster
|-damage|p2a: Shrekster|0 fnt
|faint|p2a: Shrekster
|
|-weather|Sandstorm|[upkeep]
|upkeep
|
|t:|1739407259
|switch|p2a: Insane Dwayne|Kyurem-Black|100/100
|-ability|p2a: Insane Dwayne|Teravolt
|turn|21
|
|t:|1739407271
|move|p1a: Heatran|Fire Blast|p2a: Insane Dwayne
|-damage|p2a: Insane Dwayne|37/100
|move|p2a: Insane Dwayne|Fusion Bolt|p1a: Heatran
|-damage|p1a: Heatran|18/100
|
|-weather|Sandstorm|[upkeep]
|-damage|p2a: Insane Dwayne|31/100|[from] Sandstorm
|upkeep
|turn|22
|
|t:|1739407281
|move|p1a: Heatran|Fire Blast|p2a: Insane Dwayne
|-damage|p2a: Insane Dwayne|0 fnt
|faint|p2a: Insane Dwayne
|
|win|Guyver 2
|raw|Guyver 2's rating: 1254 &rarr; <strong>1296</strong><br />(+42 for winning)
|raw|daddy_days2's rating: 1544 &rarr; <strong>1510</strong><br />(-34 for losing)
