|j|☆HydreigonSpammer
|j|☆CringLord!
|t:|1737844800
|gametype|singles
|player|p1|HydreigonSpammer|lass-gen4dp|1427
|player|p2|CringLord!|skierf|1466
|teamsize|p1|6
|teamsize|p2|6
|gen|5
|tier|[Gen 5] OU
|rated|
|rule|Species Clause: Limit one of each Pokémon
|rule|OHKO Clause: OHKO moves are banned
|rule|Moody Clause: Moody is banned
|rule|Evasion Items Clause: Evasion items are banned
|rule|Evasion Moves Clause: Evasion moves are banned
|rule|Endless Battle Clause: Forcing endless battles is banned
|rule|HP Percentage Mod: HP is shown in percentages
|rule|Evasion Abilities Clause: Evasion abilities are banned
|rule|Sleep Moves Clause: Sleep-inducing moves are banned
|rule|Swagger Clause: Swagger is banned
|rule|Baton Pass Stat Clause: No Baton Passer may have a way to boost its stats
|clearpoke
|poke|p1|Ferrothorn, M|item
|poke|p1|Landorus-Therian, M|item
|poke|p1|Tyranitar, M|item
|poke|p1|Hydreigon, F|item
|poke|p1|Rotom-Wash|item
|poke|p1|Latios, M|item
|poke|p2|Tyranitar, F|item
|poke|p2|Landorus-Therian, M|item
|poke|p2|Excadrill, M|item
|poke|p2|Garchomp, F|item
|poke|p2|Celebi|item
|poke|p2|Rotom-Wash|item
|teampreview
|inactive|Battle timer is ON: inactive players will automatically lose when time's up. (requested by CringLord!)
|
|t:|1737844841
|start
|switch|p1a: Hydreigon|Hydreigon, F, shiny|100/100
|switch|p2a: Rotom|Rotom-Wash|100/100
|turn|1
|
|t:|1737844848
|switch|p2a: Tyranitar|Tyranitar, F|100/100
|-weather|Sandstorm|[from] ability: Sand Stream|[of] p2a: Tyranitar
|move|p1a: Hydreigon|Substitute|p1a: Hydreigon
|-start|p1a: Hydreigon|Substitute
|-damage|p1a: Hydreigon|76/100
|
|-weather|Sandstorm|[upkeep]
|-damage|p1a: Hydreigon|69/100|[from] Sandstorm
|-heal|p1a: Hydreigon|76/100|[from] item: Leftovers
|upkeep
|turn|2
|
|t:|1737844857
|move|p1a: Hydreigon|Earth Power|p2a: Tyranitar
|-supereffective|p2a: Tyranitar
|-damage|p2a: Tyranitar|72/100
|move|p2a: Tyranitar|Rock Slide|p1a: Hydreigon
|-end|p1a: Hydreigon|Substitute
|
|-weather|Sandstorm|[upkeep]
|-damage|p1a: Hydreigon|69/100|[from] Sandstorm
|-heal|p1a: Hydreigon|76/100|[from] item: Leftovers
|upkeep
|turn|3
|
|t:|1737844886
|switch|p1a: Landorus|Landorus-Therian, M|100/100
|-ability|p1a: Landorus|Intimidate|boost
|-unboost|p2a: Tyranitar|atk|1
|move|p2a: Tyranitar|Superpower|p1a: Landorus
|-resisted|p1a: Landorus
|-damage|p1a: Landorus|84/100
|-unboost|p2a: Tyranitar|atk|1
|-unboost|p2a: Tyranitar|def|1
|
|-weather|Sandstorm|[upkeep]
|upkeep
|turn|4
|
|t:|1737844898
|switch|p2a: Landorus|Landorus-Therian, M|100/100
|-ability|p2a: Landorus|Intimidate|boost
|-unboost|p1a: Landorus|atk|1
|move|p1a: Landorus|U-turn|p2a: Landorus
|-resisted|p2a: Landorus
|-damage|p2a: Landorus|90/100
|
|t:|1737844909
|switch|p1a: Latios|Latios, M|100/100|[from] U-turn
|
|-weather|Sandstorm|[upkeep]
|-damage|p1a: Latios|95/100|[from] Sandstorm
|-heal|p2a: Landorus|96/100|[from] item: Leftovers
|upkeep
|turn|5
|
|t:|1737844921
|switch|p2a: Celebi|Celebi|100/100
|move|p1a: Latios|Draco Meteor|p2a: Celebi
|-damage|p2a: Celebi|34/100
|-unboost|p1a: Latios|spa|2
|
|-weather|Sandstorm|[upkeep]
|-damage|p1a: Latios|89/100|[from] Sandstorm
|-damage|p2a: Celebi|27/100|[from] Sandstorm
|-heal|p2a: Celebi|34/100|[from] item: Leftovers
|upkeep
|turn|6
|
|t:|1737844932
|switch|p1a: Hydreigon|Hydreigon, F, shiny|76/100
|move|p2a: Celebi|Recover|p2a: Celebi
|-heal|p2a: Celebi|84/100
|
|-weather|Sandstorm|[upkeep]
|-damage|p1a: Hydreigon|69/100|[from] Sandstorm
|-damage|p2a: Celebi|77/100|[from] Sandstorm
|-heal|p1a: Hydreigon|76/100|[from] item: Leftovers
|-heal|p2a: Celebi|84/100|[from] item: Leftovers
|upkeep
|turn|7
|
|t:|1737844940
|move|p1a: Hydreigon|Fire Blast|p2a: Celebi
|-supereffective|p2a: Celebi
|-damage|p2a: Celebi|35/100
|move|p2a: Celebi|Stealth Rock|p1a: Hydreigon
|-sidestart|p1: HydreigonSpammer|move: Stealth Rock
|
|-weather|Sandstorm|[upkeep]
|-damage|p1a: Hydreigon|69/100|[from] Sandstorm
|-damage|p2a: Celebi|28/100|[from] Sandstorm
|-heal|p1a: Hydreigon|76/100|[from] item: Leftovers
|-heal|p2a: Celebi|35/100|[from] item: Leftovers
|upkeep
|turn|8
|
|t:|1737844949
|switch|p2a: Tyranitar|Tyranitar, F|72/100
|move|p1a: Hydreigon|Draco Meteor|p2a: Tyranitar
|-damage|p2a: Tyranitar|36/100
|-unboost|p1a: Hydreigon|spa|2
|
|-weather|Sandstorm|[upkeep]
|-damage|p1a: Hydreigon|69/100|[from] Sandstorm
|-heal|p1a: Hydreigon|76/100|[from] item: Leftovers
|upkeep
|turn|9
|
|t:|1737844967
|switch|p1a: Landorus|Landorus-Therian, M|84/100
|-damage|p1a: Landorus|72/100|[from] Stealth Rock
|-ability|p1a: Landorus|Intimidate|boost
|-unboost|p2a: Tyranitar|atk|1
|switch|p2a: Rotom|Rotom-Wash|100/100
|
|-weather|Sandstorm|[upkeep]
|-damage|p2a: Rotom|94/100|[from] Sandstorm
|-heal|p2a: Rotom|100/100|[from] item: Leftovers
|upkeep
|turn|10
|
|t:|1737844972
|move|p1a: Landorus|U-turn|p2a: Rotom
|-damage|p2a: Rotom|79/100
|
|t:|1737844977
|switch|p1a: Ferrothorn|Ferrothorn, M|100/100|[from] U-turn
|-damage|p1a: Ferrothorn|94/100|[from] Stealth Rock
|move|p2a: Rotom|Volt Switch|p1a: Ferrothorn
|-resisted|p1a: Ferrothorn
|-damage|p1a: Ferrothorn|86/100
|
|t:|1737845004
|switch|p2a: Excadrill|Excadrill, M|100/100|[from] Volt Switch
|
|-weather|Sandstorm|[upkeep]
|upkeep
|turn|11
|inactive|HydreigonSpammer has 120 seconds left.
|
|t:|1737845035
|switch|p1a: Rotom|Rotom-Wash|100/100
|-damage|p1a: Rotom|88/100|[from] Stealth Rock
|move|p2a: Excadrill|Earthquake|p1a: Rotom
|-immune|p1a: Rotom|[from] ability: Levitate
|
|-weather|Sandstorm|[upkeep]
|-damage|p1a: Rotom|82/100|[from] Sandstorm
|-heal|p1a: Rotom|88/100|[from] item: Leftovers
|upkeep
|turn|12
|inactive|HydreigonSpammer has 120 seconds left.
|
|t:|1737845048
|switch|p2a: Celebi|Celebi|35/100
|move|p1a: Rotom|Volt Switch|p2a: Celebi
|-resisted|p2a: Celebi
|-damage|p2a: Celebi|27/100
|inactive|HydreigonSpammer has 120 seconds left.
|
|t:|1737845062
|switch|p1a: Hydreigon|Hydreigon, F, shiny|76/100|[from] Volt Switch
|-damage|p1a: Hydreigon|63/100|[from] Stealth Rock
|
|-weather|Sandstorm|[upkeep]
|-damage|p1a: Hydreigon|57/100|[from] Sandstorm
|-damage|p2a: Celebi|21/100|[from] Sandstorm
|-heal|p1a: Hydreigon|63/100|[from] item: Leftovers
|-heal|p2a: Celebi|27/100|[from] item: Leftovers
|upkeep
|turn|13
|inactive|HydreigonSpammer has 120 seconds left.
|
|t:|1737845078
|move|p1a: Hydreigon|Draco Meteor|p2a: Celebi
|-crit|p2a: Celebi
|-damage|p2a: Celebi|0 fnt
|-unboost|p1a: Hydreigon|spa|2
|faint|p2a: Celebi
|
|-weather|Sandstorm|[upkeep]
|-damage|p1a: Hydreigon|57/100|[from] Sandstorm
|-heal|p1a: Hydreigon|63/100|[from] item: Leftovers
|upkeep
|
|t:|1737845084
|switch|p2a: Landorus|Landorus-Therian, M|96/100
|-ability|p2a: Landorus|Intimidate|boost
|-unboost|p1a: Hydreigon|atk|1
|turn|14
|inactive|HydreigonSpammer has 120 seconds left.
|
|t:|1737845097
|switch|p1a: Ferrothorn|Ferrothorn, M|86/100
|-damage|p1a: Ferrothorn|79/100|[from] Stealth Rock
|move|p2a: Landorus|Substitute|p2a: Landorus
|-start|p2a: Landorus|Substitute
|-damage|p2a: Landorus|71/100
|
|-weather|Sandstorm|[upkeep]
|-heal|p2a: Landorus|77/100|[from] item: Leftovers
|upkeep
|turn|15
|
|t:|1737845103
|move|p2a: Landorus|Earthquake|p1a: Ferrothorn
|-damage|p1a: Ferrothorn|43/100
|move|p1a: Ferrothorn|Gyro Ball|p2a: Landorus
|-end|p2a: Landorus|Substitute
|
|-weather|Sandstorm|[upkeep]
|-heal|p2a: Landorus|83/100|[from] item: Leftovers
|upkeep
|turn|16
|inactive|HydreigonSpammer has 120 seconds left.
|j| donttalk2mebrazy
|inactive|HydreigonSpammer has 90 seconds left.
|
|t:|1737845149
|move|p2a: Landorus|Substitute|p2a: Landorus
|-start|p2a: Landorus|Substitute
|-damage|p2a: Landorus|58/100
|move|p1a: Ferrothorn|Gyro Ball|p2a: Landorus
|-end|p2a: Landorus|Substitute
|
|-weather|Sandstorm|[upkeep]
|-heal|p2a: Landorus|64/100|[from] item: Leftovers
|upkeep
|turn|17
|
|t:|1737845156
|move|p2a: Landorus|Earthquake|p1a: Ferrothorn
|-damage|p1a: Ferrothorn|3/100
|move|p1a: Ferrothorn|Gyro Ball|p2a: Landorus
|-damage|p2a: Landorus|4/100
|
|-weather|Sandstorm|[upkeep]
|-heal|p2a: Landorus|10/100|[from] item: Leftovers
|upkeep
|turn|18
|
|t:|1737845160
|move|p2a: Landorus|Smack Down|p1a: Ferrothorn
|-resisted|p1a: Ferrothorn
|-damage|p1a: Ferrothorn|0 fnt
|faint|p1a: Ferrothorn
|
|-weather|Sandstorm|[upkeep]
|-heal|p2a: Landorus|16/100|[from] item: Leftovers
|upkeep
|c| donttalk2mebrazy|lmfao
|
|t:|1737845170
|switch|p1a: Hydreigon|Hydreigon, F, shiny|63/100
|-damage|p1a: Hydreigon|51/100|[from] Stealth Rock
|turn|19
|c| donttalk2mebrazy|this looks wraps
|j| pex890
|
|t:|1737845188
|switch|p2a: Tyranitar|Tyranitar, F|36/100
|move|p1a: Hydreigon|Fire Blast|p2a: Tyranitar
|-resisted|p2a: Tyranitar
|-crit|p2a: Tyranitar
|-damage|p2a: Tyranitar|15/100
|
|-weather|Sandstorm|[upkeep]
|-damage|p1a: Hydreigon|45/100|[from] Sandstorm
|-heal|p1a: Hydreigon|51/100|[from] item: Leftovers
|upkeep
|turn|20
|
|t:|1737845196
|move|p1a: Hydreigon|Earth Power|p2a: Tyranitar
|-supereffective|p2a: Tyranitar
|-damage|p2a: Tyranitar|0 fnt
|faint|p2a: Tyranitar
|
|-weather|Sandstorm|[upkeep]
|-damage|p1a: Hydreigon|45/100|[from] Sandstorm
|-heal|p1a: Hydreigon|51/100|[from] item: Leftovers
|upkeep
|
|t:|1737845200
|switch|p2a: Garchomp|Garchomp, F|100/100
|turn|21
|inactive|HydreigonSpammer has 120 seconds left.
|
|t:|1737845217
|move|p2a: Garchomp|Dual Chop|p1a: Hydreigon|[miss]
|-miss|p2a: Garchomp|p1a: Hydreigon
|move|p1a: Hydreigon|Draco Meteor|p2a: Garchomp
|-supereffective|p2a: Garchomp
|-damage|p2a: Garchomp|0 fnt
|-unboost|p1a: Hydreigon|spa|2
|faint|p2a: Garchomp
|
|-weather|Sandstorm|[upkeep]
|-damage|p1a: Hydreigon|45/100|[from] Sandstorm
|-heal|p1a: Hydreigon|51/100|[from] item: Leftovers
|upkeep
|c|☆CringLord!|ggs wp
|c|☆HydreigonSpammer|damnn
|-message|CringLord! forfeited.
|
|win|HydreigonSpammer
|raw|HydreigonSpammer's rating: 1427 &rarr; <strong>1449</strong><br />(+22 for winning)
|raw|CringLord!'s rating: 1466 &rarr; <strong>1444</strong><br />(-22 for losing)
|c|☆HydreigonSpammer|sry
|c|☆CringLord!|u good
|c|☆HydreigonSpammer|no i lucky
|l| donttalk2mebrazy
|l|☆HydreigonSpammer
|player|p1|
|c|☆CringLord!|tis the game we play
