|j|☆Mohican
|j|☆HANMA JACK
|t:|1735454166
|gametype|singles
|player|p1|Mohican|swimmer|1453
|player|p2|HANMA JACK|#phosphor|1646
|teamsize|p1|6
|teamsize|p2|6
|gen|5
|tier|[Gen 5] OU
|rated|
|rule|Species Clause: Limit one of each Pokémon
|rule|OHKO Clause: OHKO moves are banned
|rule|Moody Clause: Moody is banned
|rule|Evasion Items Clause: Evasion items are banned
|rule|Evasion Moves Clause: Evasion moves are banned
|rule|Endless Battle Clause: Forcing endless battles is banned
|rule|HP Percentage Mod: HP is shown in percentages
|rule|Evasion Abilities Clause: Evasion abilities are banned
|rule|Sleep Moves Clause: Sleep-inducing moves are banned
|rule|Swagger Clause: Swagger is banned
|rule|Baton Pass Stat Clause: No Baton Passer may have a way to boost its stats
|clearpoke
|poke|p1|Gastrodon, M|item
|poke|p1|Gengar, F|item
|poke|p1|Jirachi|item
|poke|p1|Lucario, M|item
|poke|p1|Skarmory, M|item
|poke|p1|Dragonite, M|item
|poke|p2|Ninetales, M|item
|poke|p2|Excadrill, M|item
|poke|p2|Volcarona, F|item
|poke|p2|Chansey, F|item
|poke|p2|Cresselia, F|item
|poke|p2|Rotom-Wash|item
|teampreview
|c|☆HANMA JACK|gl hf
|
|t:|1735454183
|start
|switch|p1a: Skarmory|Skarmory, M|100/100
|switch|p2a: Rotom|Rotom-Wash|100/100
|turn|1
|c|☆Mohican|u2
|
|t:|1735454190
|move|p1a: Skarmory|Stealth Rock|p2a: Rotom
|-sidestart|p2: HANMA JACK|move: Stealth Rock
|move|p2a: Rotom|Volt Switch|p1a: Skarmory
|-supereffective|p1a: Skarmory
|-damage|p1a: Skarmory|16/100
|
|t:|1735454192
|switch|p2a: Excadrill|Excadrill, M|100/100|[from] Volt Switch
|-damage|p2a: Excadrill|98/100|[from] Stealth Rock
|-ability|p2a: Excadrill|Mold Breaker
|
|-heal|p2a: Excadrill|100/100|[from] item: Leftovers
|upkeep
|turn|2
|
|t:|1735454207
|switch|p1a: Gengar|Gengar, F|100/100
|move|p2a: Excadrill|Substitute|p2a: Excadrill
|-start|p2a: Excadrill|Substitute
|-damage|p2a: Excadrill|75/100
|
|-heal|p2a: Excadrill|82/100|[from] item: Leftovers
|upkeep
|turn|3
|
|t:|1735454215
|move|p1a: Gengar|Substitute|p1a: Gengar
|-start|p1a: Gengar|Substitute
|-damage|p1a: Gengar|76/100
|move|p2a: Excadrill|Earthquake|p1a: Gengar
|-supereffective|p1a: Gengar
|-end|p1a: Gengar|Substitute
|
|-heal|p1a: Gengar|82/100|[from] item: Black Sludge
|-heal|p2a: Excadrill|88/100|[from] item: Leftovers
|upkeep
|turn|4
|
|t:|1735454221
|move|p1a: Gengar|Disable|p2a: Excadrill
|-start|p2a: Excadrill|Disable|Earthquake
|cant|p2a: Excadrill|Disable|Earthquake
|
|-heal|p1a: Gengar|88/100|[from] item: Black Sludge
|-heal|p2a: Excadrill|94/100|[from] item: Leftovers
|upkeep
|turn|5
|
|t:|1735454265
|move|p1a: Gengar|Shadow Ball|p2a: Excadrill
|-resisted|p2a: Excadrill
|-end|p2a: Excadrill|Substitute
|move|p2a: Excadrill|Substitute|p2a: Excadrill
|-start|p2a: Excadrill|Substitute
|-damage|p2a: Excadrill|69/100
|
|-heal|p1a: Gengar|94/100|[from] item: Black Sludge
|-heal|p2a: Excadrill|75/100|[from] item: Leftovers
|upkeep
|turn|6
|
|t:|1735454276
|move|p1a: Gengar|Shadow Ball|p2a: Excadrill
|-resisted|p2a: Excadrill
|-end|p2a: Excadrill|Substitute
|move|p2a: Excadrill|Substitute|p2a: Excadrill
|-start|p2a: Excadrill|Substitute
|-damage|p2a: Excadrill|50/100
|
|-heal|p1a: Gengar|99/100|[from] item: Black Sludge
|-heal|p2a: Excadrill|56/100|[from] item: Leftovers
|upkeep
|turn|7
|
|t:|1735454289
|move|p1a: Gengar|Substitute|p1a: Gengar
|-start|p1a: Gengar|Substitute
|-damage|p1a: Gengar|75/100
|move|p2a: Excadrill|Substitute|p2a: Excadrill
|-fail|p2a: Excadrill|move: Substitute
|
|-heal|p1a: Gengar|81/100|[from] item: Black Sludge
|-heal|p2a: Excadrill|63/100|[from] item: Leftovers
|-end|p2a: Excadrill|Disable
|upkeep
|turn|8
|
|t:|1735454301
|move|p1a: Gengar|Shadow Ball|p2a: Excadrill
|-resisted|p2a: Excadrill
|-end|p2a: Excadrill|Substitute
|move|p2a: Excadrill|Earthquake|p1a: Gengar
|-supereffective|p1a: Gengar
|-end|p1a: Gengar|Substitute
|
|-heal|p1a: Gengar|87/100|[from] item: Black Sludge
|-heal|p2a: Excadrill|69/100|[from] item: Leftovers
|upkeep
|turn|9
|
|t:|1735454314
|switch|p2a: Ninetales|Ninetales, M|100/100
|-damage|p2a: Ninetales|76/100|[from] Stealth Rock
|-weather|SunnyDay|[from] ability: Drought|[of] p2a: Ninetales
|move|p1a: Gengar|Substitute|p1a: Gengar
|-start|p1a: Gengar|Substitute
|-damage|p1a: Gengar|63/100
|
|-weather|SunnyDay|[upkeep]
|-heal|p1a: Gengar|69/100|[from] item: Black Sludge
|upkeep
|turn|10
|
|t:|1735454336
|move|p1a: Gengar|Shadow Ball|p2a: Ninetales
|-damage|p2a: Ninetales|23/100
|-unboost|p2a: Ninetales|spd|1
|move|p2a: Ninetales|Fire Blast|p1a: Gengar|[miss]
|-miss|p2a: Ninetales|p1a: Gengar
|
|-weather|SunnyDay|[upkeep]
|-heal|p1a: Gengar|75/100|[from] item: Black Sludge
|upkeep
|turn|11
|
|t:|1735454347
|switch|p2a: Rotom|Rotom-Wash|100/100
|-damage|p2a: Rotom|88/100|[from] Stealth Rock
|move|p1a: Gengar|Shadow Ball|p2a: Rotom
|-damage|p2a: Rotom|40/100
|
|-weather|SunnyDay|[upkeep]
|-heal|p1a: Gengar|81/100|[from] item: Black Sludge
|-heal|p2a: Rotom|47/100|[from] item: Leftovers
|upkeep
|turn|12
|
|t:|1735454362
|switch|p2a: Chansey|Chansey, F|100/100
|-damage|p2a: Chansey|88/100|[from] Stealth Rock
|move|p1a: Gengar|Shadow Ball|p2a: Chansey
|-immune|p2a: Chansey
|
|-weather|SunnyDay|[upkeep]
|-heal|p1a: Gengar|87/100|[from] item: Black Sludge
|upkeep
|turn|13
|
|t:|1735454367
|switch|p1a: Lucario|Lucario, M|100/100
|move|p2a: Chansey|Stealth Rock|p1a: Lucario
|-sidestart|p1: Mohican|move: Stealth Rock
|
|-weather|SunnyDay|[upkeep]
|upkeep
|turn|14
|
|t:|1735454374
|switch|p2a: Ninetales|Ninetales, M|23/100
|-damage|p2a: Ninetales|0 fnt|[from] Stealth Rock
|faint|p2a: Ninetales
|move|p1a: Lucario|Swords Dance|p1a: Lucario
|-boost|p1a: Lucario|atk|2
|
|-weather|SunnyDay|[upkeep]
|upkeep
|
|t:|1735454377
|switch|p2a: Excadrill|Excadrill, M|69/100
|-damage|p2a: Excadrill|66/100|[from] Stealth Rock
|-ability|p2a: Excadrill|Mold Breaker
|turn|15
|
|t:|1735454387
|move|p1a: Lucario|Close Combat|p2a: Excadrill
|-supereffective|p2a: Excadrill
|-damage|p2a: Excadrill|0 fnt
|-unboost|p1a: Lucario|def|1
|-unboost|p1a: Lucario|spd|1
|faint|p2a: Excadrill
|-damage|p1a: Lucario|91/100|[from] item: Life Orb
|
|-weather|SunnyDay|[upkeep]
|upkeep
|
|t:|1735454393
|switch|p2a: Cresselia|Cresselia, F|100/100
|-damage|p2a: Cresselia|88/100|[from] Stealth Rock
|turn|16
|c|☆HANMA JACK|this team is like my hardest counter ngl
|
|t:|1735454416
|switch|p1a: Jirachi|Jirachi|100/100
|-damage|p1a: Jirachi|94/100|[from] Stealth Rock
|move|p2a: Cresselia|Moonlight|p2a: Cresselia
|-heal|p2a: Cresselia|100/100
|
|-weather|SunnyDay|[upkeep]
|upkeep
|turn|17
|
|t:|1735454424
|switch|p2a: Rotom|Rotom-Wash|47/100
|-damage|p2a: Rotom|34/100|[from] Stealth Rock
|move|p1a: Jirachi|Trick|p2a: Rotom
|-activate|p1a: Jirachi|move: Trick|[of] p2a: Rotom
|-item|p2a: Rotom|Choice Scarf|[from] move: Trick
|-item|p1a: Jirachi|Leftovers|[from] move: Trick
|
|-weather|SunnyDay|[upkeep]
|-heal|p1a: Jirachi|100/100|[from] item: Leftovers
|upkeep
|turn|18
|
|t:|1735454436
|move|p2a: Rotom|Pain Split|p1a: Jirachi
|-sethp|p1a: Jirachi|65/100|[from] move: Pain Split|[silent]
|-sethp|p2a: Rotom|73/100|[from] move: Pain Split
|move|p1a: Jirachi|U-turn|p2a: Rotom
|-damage|p2a: Rotom|54/100
|
|t:|1735454443
|switch|p1a: Skarmory|Skarmory, M|16/100|[from] U-turn
|-damage|p1a: Skarmory|3/100|[from] Stealth Rock
|
|-weather|SunnyDay|[upkeep]
|upkeep
|turn|19
|j| skatehead
|-enditem|p1a: Skarmory|Custap Berry|[eat]
|-activate|p1a: Skarmory|item: Custap Berry|[consumed]
|
|t:|1735454462
|switch|p2a: Cresselia|Cresselia, F|100/100
|-damage|p2a: Cresselia|88/100|[from] Stealth Rock
|move|p1a: Skarmory|Spikes|p2a: Cresselia
|-sidestart|p2: HANMA JACK|Spikes
|
|-weather|SunnyDay|[upkeep]
|-heal|p2a: Cresselia|94/100|[from] item: Leftovers
|upkeep
|turn|20
|
|t:|1735454477
|move|p1a: Skarmory|Taunt|p2a: Cresselia
|-start|p2a: Cresselia|move: Taunt
|move|p2a: Cresselia|Ice Beam|p1a: Skarmory
|-damage|p1a: Skarmory|0 fnt
|faint|p1a: Skarmory
|
|-weather|SunnyDay|[upkeep]
|-heal|p2a: Cresselia|99/100|[from] item: Leftovers
|upkeep
|
|t:|1735454489
|switch|p1a: Jirachi|Jirachi|65/100
|-damage|p1a: Jirachi|59/100|[from] Stealth Rock
|turn|21
|
|t:|1735454496
|switch|p2a: Rotom|Rotom-Wash|54/100
|-damage|p2a: Rotom|42/100|[from] Stealth Rock
|move|p1a: Jirachi|Iron Head|p2a: Rotom
|-resisted|p2a: Rotom
|-damage|p2a: Rotom|34/100
|
|-weather|SunnyDay|[upkeep]
|-heal|p1a: Jirachi|65/100|[from] item: Leftovers
|upkeep
|turn|22
|
|t:|1735454503
|switch|p1a: Gastrodon|Gastrodon, M|100/100
|-damage|p1a: Gastrodon|94/100|[from] Stealth Rock
|move|p2a: Rotom|Volt Switch|p1a: Gastrodon
|-immune|p1a: Gastrodon
|
|-weather|SunnyDay|[upkeep]
|-heal|p1a: Gastrodon|100/100|[from] item: Leftovers
|upkeep
|turn|23
|
|t:|1735454513
|switch|p2a: Volcarona|Volcarona, F|100/100
|-damage|p2a: Volcarona|51/100|[from] Stealth Rock
|-damage|p2a: Volcarona|38/100|[from] Spikes
|switch|p1a: Lucario|Lucario, M|91/100
|-damage|p1a: Lucario|88/100|[from] Stealth Rock
|
|-weather|SunnyDay|[upkeep]
|upkeep
|turn|24
|j| Stricxs
|
|t:|1735454532
|switch|p1a: Dragonite|Dragonite, M|100/100
|-damage|p1a: Dragonite|76/100|[from] Stealth Rock
|move|p2a: Volcarona|Fire Blast|p1a: Dragonite
|-resisted|p1a: Dragonite
|-damage|p1a: Dragonite|17/100
|-status|p1a: Dragonite|brn
|-enditem|p1a: Dragonite|Lum Berry|[eat]
|-curestatus|p1a: Dragonite|brn|[msg]
|
|-weather|SunnyDay|[upkeep]
|upkeep
|turn|25
|
|t:|1735454547
|move|p1a: Dragonite|Extreme Speed|p2a: Volcarona
|-damage|p2a: Volcarona|0 fnt
|faint|p2a: Volcarona
|
|-weather|SunnyDay|[upkeep]
|upkeep
|
|t:|1735454551
|switch|p2a: Cresselia|Cresselia, F|99/100
|-damage|p2a: Cresselia|88/100|[from] Stealth Rock
|turn|26
|
|t:|1735454556
|move|p1a: Dragonite|Outrage|p2a: Cresselia
|-damage|p2a: Cresselia|53/100
|move|p2a: Cresselia|Ice Beam|p1a: Dragonite
|-supereffective|p1a: Dragonite
|-damage|p1a: Dragonite|0 fnt
|faint|p1a: Dragonite
|
|-weather|SunnyDay|[upkeep]
|-heal|p2a: Cresselia|60/100|[from] item: Leftovers
|upkeep
|
|t:|1735454570
|switch|p1a: Jirachi|Jirachi|65/100
|-damage|p1a: Jirachi|59/100|[from] Stealth Rock
|turn|27
|
|t:|1735454581
|move|p1a: Jirachi|Iron Head|p2a: Cresselia
|-damage|p2a: Cresselia|42/100
|move|p2a: Cresselia|Moonlight|p2a: Cresselia
|-heal|p2a: Cresselia|100/100
|
|-weather|SunnyDay|[upkeep]
|-heal|p1a: Jirachi|65/100|[from] item: Leftovers
|upkeep
|turn|28
|
|t:|1735454590
|switch|p2a: Rotom|Rotom-Wash|34/100
|-damage|p2a: Rotom|22/100|[from] Stealth Rock
|move|p1a: Jirachi|Iron Head|p2a: Rotom
|-resisted|p2a: Rotom
|-damage|p2a: Rotom|15/100
|
|-weather|SunnyDay|[upkeep]
|-heal|p1a: Jirachi|71/100|[from] item: Leftovers
|upkeep
|turn|29
|
|t:|1735454604
|move|p2a: Rotom|Pain Split|p1a: Jirachi
|-sethp|p1a: Jirachi|42/100|[from] move: Pain Split|[silent]
|-sethp|p2a: Rotom|48/100|[from] move: Pain Split
|move|p1a: Jirachi|Fire Punch|p2a: Rotom
|-resisted|p2a: Rotom
|-damage|p2a: Rotom|33/100
|
|-weather|SunnyDay|[upkeep]
|-heal|p1a: Jirachi|49/100|[from] item: Leftovers
|upkeep
|turn|30
|
|t:|1735454620
|switch|p2a: Chansey|Chansey, F|88/100
|-damage|p2a: Chansey|75/100|[from] Stealth Rock
|-damage|p2a: Chansey|63/100|[from] Spikes
|move|p1a: Jirachi|Fire Punch|p2a: Chansey
|-damage|p2a: Chansey|43/100
|-status|p2a: Chansey|brn
|
|-weather|SunnyDay|[upkeep]
|-heal|p1a: Jirachi|55/100|[from] item: Leftovers
|-damage|p2a: Chansey|30/100 brn|[from] brn
|upkeep
|turn|31
|
|t:|1735454633
|move|p1a: Jirachi|Iron Head|p2a: Chansey
|-damage|p2a: Chansey|6/100 brn
|cant|p2a: Chansey|flinch
|
|-weather|SunnyDay|[upkeep]
|-heal|p1a: Jirachi|61/100|[from] item: Leftovers
|-damage|p2a: Chansey|0 fnt|[from] brn
|faint|p2a: Chansey
|upkeep
|
|t:|1735454636
|switch|p2a: Cresselia|Cresselia, F|100/100
|-damage|p2a: Cresselia|88/100|[from] Stealth Rock
|turn|32
|
|t:|1735454645
|move|p1a: Jirachi|Iron Head|p2a: Cresselia
|-damage|p2a: Cresselia|71/100
|move|p2a: Cresselia|Ice Beam|p1a: Jirachi
|-resisted|p1a: Jirachi
|-damage|p1a: Jirachi|52/100
|
|-weather|SunnyDay|[upkeep]
|-heal|p1a: Jirachi|59/100|[from] item: Leftovers
|-heal|p2a: Cresselia|77/100|[from] item: Leftovers
|upkeep
|turn|33
|
|t:|1735454661
|move|p1a: Jirachi|Iron Head|p2a: Cresselia
|-damage|p2a: Cresselia|59/100
|move|p2a: Cresselia|Ice Beam|p1a: Jirachi
|-resisted|p1a: Jirachi
|-damage|p1a: Jirachi|50/100
|
|-weather|SunnyDay|[upkeep]
|-heal|p1a: Jirachi|56/100|[from] item: Leftovers
|-heal|p2a: Cresselia|65/100|[from] item: Leftovers
|upkeep
|turn|34
|
|t:|1735454671
|move|p1a: Jirachi|Iron Head|p2a: Cresselia
|-damage|p2a: Cresselia|47/100
|cant|p2a: Cresselia|flinch
|
|-weather|SunnyDay|[upkeep]
|-heal|p1a: Jirachi|62/100|[from] item: Leftovers
|-heal|p2a: Cresselia|53/100|[from] item: Leftovers
|upkeep
|turn|35
|
|t:|1735454680
|move|p1a: Jirachi|Iron Head|p2a: Cresselia
|-damage|p2a: Cresselia|36/100
|move|p2a: Cresselia|Moonlight|p2a: Cresselia
|-heal|p2a: Cresselia|100/100
|
|-weather|SunnyDay|[upkeep]
|-heal|p1a: Jirachi|69/100|[from] item: Leftovers
|upkeep
|turn|36
|
|t:|1735454686
|move|p1a: Jirachi|Fire Punch|p2a: Cresselia
|-damage|p2a: Cresselia|83/100
|move|p2a: Cresselia|Ice Beam|p1a: Jirachi
|-resisted|p1a: Jirachi
|-damage|p1a: Jirachi|59/100
|
|-weather|SunnyDay|[upkeep]
|-heal|p1a: Jirachi|66/100|[from] item: Leftovers
|-heal|p2a: Cresselia|89/100|[from] item: Leftovers
|upkeep
|turn|37
|c|☆HANMA JACK|yeah you got me gg
|-message|HANMA JACK forfeited.
|
|win|Mohican
|raw|Mohican's rating: 1453 &rarr; <strong>1483</strong><br />(+30 for winning)
|raw|HANMA JACK's rating: 1646 &rarr; <strong>1616</strong><br />(-30 for losing)
