|j|☆Neighthan Trainer
|j|☆Bronzongsunderbell
|t:|1745952578
|gametype|singles
|player|p1|Neighthan Trainer|pokemonranger-gen4|1317
|player|p2|Bronzongsunderbell|101|1432
|teamsize|p1|6
|teamsize|p2|6
|gen|5
|tier|[Gen 5] OU
|rated|
|rule|Species Clause: Limit one of each Pokémon
|rule|OHKO Clause: OHKO moves are banned
|rule|Moody Clause: Moody is banned
|rule|Evasion Items Clause: Evasion items are banned
|rule|Evasion Moves Clause: Evasion moves are banned
|rule|Endless Battle Clause: Forcing endless battles is banned
|rule|HP Percentage Mod: HP is shown in percentages
|rule|Evasion Abilities Clause: Evasion abilities are banned
|rule|Sleep Moves Clause: Sleep-inducing moves are banned
|rule|Swagger Clause: Swagger is banned
|rule|Baton Pass Stat Clause: No Baton Passer may have a way to boost its stats
|clearpoke
|poke|p1|Forretress, F|item
|poke|p1|Jellicent, M|item
|poke|p1|Hitmontop, M|item
|poke|p1|Honchkrow, M|item
|poke|p1|Garchomp, F|item
|poke|p1|Tyranitar, M|item
|poke|p2|Tyranitar, F|item
|poke|p2|Rotom-Heat|item
|poke|p2|Terrakion|item
|poke|p2|Alakazam, F|item
|poke|p2|Forretress, L99, F|item
|poke|p2|Jellicent, F|item
|teampreview
|inactive|Battle timer is ON: inactive players will automatically lose when time's up. (requested by Bronzongsunderbell)
|
|t:|1745952587
|start
|switch|p1a: Garchomp|Garchomp, F|100/100
|switch|p2a: Forretress|Forretress, L99, F|100/100
|turn|1
|
|t:|1745952597
|move|p1a: Garchomp|Fire Blast|p2a: Forretress
|-supereffective|p2a: Forretress
|-ability|p2a: Forretress|Sturdy
|-damage|p2a: Forretress|1/100
|-damage|p1a: Garchomp|91/100|[from] item: Life Orb
|move|p2a: Forretress|Stealth Rock|p1a: Garchomp
|-sidestart|p1: Neighthan Trainer|move: Stealth Rock
|
|upkeep
|turn|2
|-enditem|p2a: Forretress|Custap Berry|[eat]
|-activate|p2a: Forretress|item: Custap Berry|[consumed]
|
|t:|1745952606
|switch|p1a: Jellicent|Jellicent, M|100/100
|-damage|p1a: Jellicent|88/100|[from] Stealth Rock
|move|p2a: Forretress|Spikes|p1a: Jellicent
|-sidestart|p1: Neighthan Trainer|Spikes
|
|-heal|p1a: Jellicent|94/100|[from] item: Leftovers
|upkeep
|turn|3
|
|t:|1745952619
|move|p1a: Jellicent|Will-O-Wisp|p2a: Forretress
|-status|p2a: Forretress|brn
|move|p2a: Forretress|Volt Switch|p1a: Jellicent
|-supereffective|p1a: Jellicent
|-damage|p1a: Jellicent|82/100
|inactive|Bronzongsunderbell has 120 seconds left.
|
|t:|1745952676
|switch|p2a: Rotom|Rotom-Heat|100/100|[from] Volt Switch
|
|-heal|p1a: Jellicent|89/100|[from] item: Leftovers
|upkeep
|turn|4
|
|t:|1745952694
|move|p2a: Rotom|Volt Switch|p1a: Jellicent
|-supereffective|p1a: Jellicent
|-damage|p1a: Jellicent|53/100
|inactive|Bronzongsunderbell has 90 seconds left.
|
|t:|1745952715
|switch|p2a: Tyranitar|Tyranitar, F|100/100|[from] Volt Switch
|-weather|Sandstorm|[from] ability: Sand Stream|[of] p2a: Tyranitar
|move|p1a: Jellicent|Recover|p1a: Jellicent
|-heal|p1a: Jellicent|100/100
|
|-weather|Sandstorm|[upkeep]
|-damage|p1a: Jellicent|94/100|[from] Sandstorm
|-heal|p1a: Jellicent|100/100|[from] item: Leftovers
|upkeep
|turn|5
|inactive|Bronzongsunderbell has 90 seconds left.
|
|t:|1745952731
|move|p1a: Jellicent|Will-O-Wisp|p2a: Tyranitar|[miss]
|-miss|p1a: Jellicent|p2a: Tyranitar
|move|p2a: Tyranitar|Thunder Wave|p1a: Jellicent
|-status|p1a: Jellicent|par
|
|-weather|Sandstorm|[upkeep]
|-damage|p1a: Jellicent|94/100 par|[from] Sandstorm
|-heal|p1a: Jellicent|100/100 par|[from] item: Leftovers
|upkeep
|turn|6
|
|t:|1745952740
|move|p2a: Tyranitar|Crunch|p1a: Jellicent
|-supereffective|p1a: Jellicent
|-damage|p1a: Jellicent|17/100 par
|-unboost|p1a: Jellicent|def|1
|move|p1a: Jellicent|Scald|p2a: Tyranitar
|-supereffective|p2a: Tyranitar
|-damage|p2a: Tyranitar|76/100
|-status|p2a: Tyranitar|brn
|
|-weather|Sandstorm|[upkeep]
|-damage|p1a: Jellicent|10/100 par|[from] Sandstorm
|-heal|p1a: Jellicent|17/100 par|[from] item: Leftovers
|-damage|p2a: Tyranitar|64/100 brn|[from] brn
|upkeep
|turn|7
|
|t:|1745952753
|move|p2a: Tyranitar|Pursuit|p1a: Jellicent
|-supereffective|p1a: Jellicent
|-damage|p1a: Jellicent|0 fnt
|faint|p1a: Jellicent
|
|-weather|Sandstorm|[upkeep]
|-damage|p2a: Tyranitar|51/100 brn|[from] brn
|upkeep
|
|t:|1745952761
|switch|p1a: Forretress|Forretress, F|100/100
|-damage|p1a: Forretress|88/100|[from] Stealth Rock
|-damage|p1a: Forretress|76/100|[from] Spikes
|turn|8
|inactive|Bronzongsunderbell has 120 seconds left.
|
|t:|1745952768
|switch|p2a: Jellicent|Jellicent, F|100/100
|-item|p2a: Jellicent|Air Balloon
|move|p1a: Forretress|Stealth Rock|p2a: Jellicent
|-sidestart|p2: Bronzongsunderbell|move: Stealth Rock
|
|-weather|Sandstorm|[upkeep]
|-damage|p2a: Jellicent|94/100|[from] Sandstorm
|upkeep
|turn|9
|
|t:|1745952781
|move|p2a: Jellicent|Hydro Pump|p1a: Forretress
|-damage|p1a: Forretress|4/100
|move|p1a: Forretress|Giga Drain|p2a: Jellicent
|-supereffective|p2a: Jellicent
|-damage|p2a: Jellicent|74/100
|-heal|p1a: Forretress|15/100|[from] drain|[of] p2a: Jellicent
|-enditem|p2a: Jellicent|Air Balloon
|
|-weather|Sandstorm|[upkeep]
|-damage|p2a: Jellicent|68/100|[from] Sandstorm
|upkeep
|turn|10
|
|t:|1745952800
|move|p2a: Jellicent|Hidden Power|p1a: Forretress
|-supereffective|p1a: Forretress
|-damage|p1a: Forretress|0 fnt
|faint|p1a: Forretress
|
|-weather|Sandstorm|[upkeep]
|-damage|p2a: Jellicent|62/100|[from] Sandstorm
|upkeep
|
|t:|1745952817
|switch|p1a: Tyranitar|Tyranitar, M|100/100
|-damage|p1a: Tyranitar|88/100|[from] Stealth Rock
|-damage|p1a: Tyranitar|76/100|[from] Spikes
|turn|11
|
|t:|1745952829
|move|p2a: Jellicent|Hydro Pump|p1a: Tyranitar|[miss]
|-miss|p2a: Jellicent|p1a: Tyranitar
|move|p1a: Tyranitar|Pursuit|p2a: Jellicent
|-supereffective|p2a: Jellicent
|-damage|p2a: Jellicent|18/100
|
|-weather|Sandstorm|[upkeep]
|-damage|p2a: Jellicent|12/100|[from] Sandstorm
|upkeep
|turn|12
|
|t:|1745952846
|move|p2a: Jellicent|Hydro Pump|p1a: Tyranitar
|-supereffective|p1a: Tyranitar
|-crit|p1a: Tyranitar
|-damage|p1a: Tyranitar|0 fnt
|faint|p1a: Tyranitar
|
|-weather|Sandstorm|[upkeep]
|-damage|p2a: Jellicent|6/100|[from] Sandstorm
|upkeep
|
|t:|1745952853
|switch|p1a: Honchkrow|Honchkrow, M|100/100
|-damage|p1a: Honchkrow|76/100|[from] Stealth Rock
|turn|13
|
|t:|1745952857
|move|p1a: Honchkrow|Brave Bird|p2a: Jellicent
|-damage|p2a: Jellicent|0 fnt
|faint|p2a: Jellicent
|-ability|p1a: Honchkrow|Moxie|boost
|-boost|p1a: Honchkrow|atk|1
|-damage|p1a: Honchkrow|74/100|[from] Recoil
|
|-weather|Sandstorm|[upkeep]
|-damage|p1a: Honchkrow|68/100|[from] Sandstorm
|upkeep
|inactive|Bronzongsunderbell has 120 seconds left.
|
|t:|1745952892
|switch|p2a: Terrakion|Terrakion|100/100
|-damage|p2a: Terrakion|94/100|[from] Stealth Rock
|turn|14
|
|t:|1745952910
|move|p1a: Honchkrow|Sucker Punch|p2a: Terrakion
|-resisted|p2a: Terrakion
|-damage|p2a: Terrakion|42/100
|-ability|p2a: Terrakion|Justified|boost
|-boost|p2a: Terrakion|atk|1
|move|p2a: Terrakion|Close Combat|p1a: Honchkrow
|-damage|p1a: Honchkrow|0 fnt
|-unboost|p2a: Terrakion|def|1
|-unboost|p2a: Terrakion|spd|1
|faint|p1a: Honchkrow
|
|-weather|Sandstorm|[upkeep]
|upkeep
|
|t:|1745952921
|switch|p1a: Hitmontop|Hitmontop, M|100/100
|-damage|p1a: Hitmontop|95/100|[from] Stealth Rock
|-damage|p1a: Hitmontop|82/100|[from] Spikes
|turn|15
|
|t:|1745952927
|move|p1a: Hitmontop|Mach Punch|p2a: Terrakion
|-supereffective|p2a: Terrakion
|-damage|p2a: Terrakion|0 fnt
|faint|p2a: Terrakion
|
|-weather|Sandstorm|[upkeep]
|-damage|p1a: Hitmontop|76/100|[from] Sandstorm
|upkeep
|
|t:|1745952941
|switch|p2a: Rotom|Rotom-Heat|100/100
|-damage|p2a: Rotom|76/100|[from] Stealth Rock
|turn|16
|
|t:|1745952958
|move|p2a: Rotom|Overheat|p1a: Hitmontop
|-damage|p1a: Hitmontop|16/100
|-unboost|p2a: Rotom|spa|2
|move|p1a: Hitmontop|Rock Slide|p2a: Rotom
|-supereffective|p2a: Rotom
|-damage|p2a: Rotom|12/100
|
|-weather|Sandstorm|[upkeep]
|-damage|p2a: Rotom|6/100|[from] Sandstorm
|-damage|p1a: Hitmontop|10/100|[from] Sandstorm
|-heal|p2a: Rotom|12/100|[from] item: Leftovers
|upkeep
|turn|17
|
|t:|1745952969
|move|p1a: Hitmontop|Mach Punch|p2a: Rotom
|-damage|p2a: Rotom|0 fnt
|faint|p2a: Rotom
|
|-weather|Sandstorm|[upkeep]
|-damage|p1a: Hitmontop|4/100|[from] Sandstorm
|upkeep
|
|t:|1745952984
|switch|p2a: Tyranitar|Tyranitar, F|51/100 brn
|-damage|p2a: Tyranitar|39/100 brn|[from] Stealth Rock
|turn|18
|
|t:|1745952989
|move|p1a: Hitmontop|Mach Punch|p2a: Tyranitar
|-supereffective|p2a: Tyranitar
|-enditem|p2a: Tyranitar|Chople Berry|[eat]
|-enditem|p2a: Tyranitar|Chople Berry|[weaken]
|-damage|p2a: Tyranitar|0 fnt
|faint|p2a: Tyranitar
|
|-weather|Sandstorm|[upkeep]
|-damage|p1a: Hitmontop|0 fnt|[from] Sandstorm
|faint|p1a: Hitmontop
|upkeep
|
|t:|1745952997
|switch|p1a: Garchomp|Garchomp, F|91/100
|switch|p2a: Alakazam|Alakazam, F|100/100
|-damage|p1a: Garchomp|85/100|[from] Stealth Rock
|-damage|p1a: Garchomp|72/100|[from] Spikes
|turn|19
|
|t:|1745953003
|move|p2a: Alakazam|Hidden Power|p1a: Garchomp
|-supereffective|p1a: Garchomp
|-damage|p1a: Garchomp|0 fnt
|faint|p1a: Garchomp
|
|win|Bronzongsunderbell
|raw|Neighthan Trainer's rating: 1317 &rarr; <strong>1303</strong><br />(-14 for losing)
|raw|Bronzongsunderbell's rating: 1432 &rarr; <strong>1446</strong><br />(+14 for winning)
|l|☆Neighthan Trainer
|player|p1|
