|j|☆porrompompom
|j|☆iMeridian
|player|p1|porrompompom|1|1568
|player|p2|iMeridian|169|1611
|teamsize|p1|6
|teamsize|p2|6
|gametype|singles
|gen|5
|tier|[Gen 5] OU
|rated|
|clearpoke
|poke|p1|Politoed, M|item
|poke|p1|Vaporeon, F|item
|poke|p1|Latias, F|item
|poke|p1|Jirachi|item
|poke|p1|Ferrothorn, M|item
|poke|p1|Tentacruel, M|item
|poke|p2|Politoed, F|item
|poke|p2|Starmie|item
|poke|p2|Scizor, M|item
|poke|p2|Thundurus-Therian, M|item
|poke|p2|Keldeo-Resolute|item
|poke|p2|Ferrothorn, F|item
|rule|Species Clause: Limit one of each Pokémon
|rule|OHKO Clause: OHKO moves are banned
|rule|Moody Clause: Moody is banned
|rule|Evasion Moves Clause: Evasion moves are banned
|rule|Endless Battle Clause: Forcing endless battles is banned
|rule|HP Percentage Mod: HP is shown in percentages
|rule|Evasion Abilities Clause: Evasion abilities are banned
|rule|Baton Pass Clause: Limit one Baton Passer, can't pass Spe and other stats simultaneously
|rule|Sleep Clause: Sleep-inducing moves are banned
|rule|Swagger Clause: Swagger is banned
|teampreview
|
|start
|switch|p1a: Politoed|Politoed, M|100/100
|switch|p2a: Scizor|Scizor, M|100/100
|-weather|RainDance|[from] ability: Drizzle|[of] p1a: Politoed
|turn|1
|inactive|Battle timer is ON: inactive players will automatically lose when time's up. (requested by iMeridian)
|
|move|p1a: Politoed|Hydro Pump|p2a: Scizor
|-damage|p2a: Scizor|4/100
|move|p2a: Scizor|U-turn|p1a: Politoed
|-damage|p1a: Politoed|22/100
|
|switch|p2a: Ferrothorn|Ferrothorn, F|100/100|[from]move: U-turn
|
|-weather|RainDance|[upkeep]
|upkeep
|turn|2
|
|switch|p1a: Ferrothorn|Ferrothorn, M|100/100
|move|p2a: Ferrothorn|Stealth Rock|p1a: Ferrothorn
|-sidestart|p1: porrompompom|move: Stealth Rock
|
|-weather|RainDance|[upkeep]
|upkeep
|turn|3
|
|move|p1a: Ferrothorn|Stealth Rock|p2a: Ferrothorn
|-sidestart|p2: iMeridian|move: Stealth Rock
|move|p2a: Ferrothorn|Spikes|p1a: Ferrothorn
|-sidestart|p1: porrompompom|Spikes
|
|-weather|RainDance|[upkeep]
|upkeep
|turn|4
|
|move|p1a: Ferrothorn|Spikes|p2a: Ferrothorn
|-sidestart|p2: iMeridian|Spikes
|move|p2a: Ferrothorn|Spikes|p1a: Ferrothorn
|-sidestart|p1: porrompompom|Spikes
|
|-weather|RainDance|[upkeep]
|upkeep
|turn|5
|
|switch|p2a: Keldeo|Keldeo-Resolute|100/100
|-damage|p2a: Keldeo|88/100|[from] Spikes
|-damage|p2a: Keldeo|82/100|[from] Stealth Rock
|move|p1a: Ferrothorn|Spikes|p2a: Keldeo
|-sidestart|p2: iMeridian|Spikes
|
|-weather|RainDance|[upkeep]
|upkeep
|turn|6
|
|switch|p2a: Thundurus|Thundurus-Therian, M|100/100
|-damage|p2a: Thundurus|76/100|[from] Stealth Rock
|switch|p1a: Tentacruel|Tentacruel, M|100/100
|-damage|p1a: Tentacruel|88/100|[from] Stealth Rock
|-damage|p1a: Tentacruel|72/100|[from] Spikes
|
|-weather|RainDance|[upkeep]
|-heal|p1a: Tentacruel|78/100|[from] ability: Rain Dish
|-heal|p1a: Tentacruel|84/100|[from] item: Black Sludge
|upkeep
|turn|7
|
|switch|p1a: Latias|Latias, F|100/100
|-damage|p1a: Latias|88/100|[from] Stealth Rock
|move|p2a: Thundurus|Thunder|p1a: Latias
|-resisted|p1a: Latias
|-damage|p1a: Latias|64/100
|
|-weather|RainDance|[upkeep]
|-heal|p1a: Latias|70/100|[from] item: Leftovers
|upkeep
|turn|8
|
|switch|p2a: Ferrothorn|Ferrothorn, F|100/100
|-damage|p2a: Ferrothorn|84/100|[from] Spikes
|-damage|p2a: Ferrothorn|78/100|[from] Stealth Rock
|move|p1a: Latias|Roost|p1a: Latias
|-heal|p1a: Latias|100/100
|-singleturn|p1a: Latias|move: Roost
|
|-weather|RainDance|[upkeep]
|-heal|p2a: Ferrothorn|84/100|[from] item: Leftovers
|upkeep
|turn|9
|l|☆porrompompom
|inactive|porrompompom disconnected and has a minute to reconnect!
|player|p1|
|inactive|iMeridian has 120 seconds left.
|inactive|porrompompom has 30 seconds to reconnect!
|inactive|porrompompom has 20 seconds to reconnect!
|inactive|porrompompom has 15 seconds to reconnect!
|inactive|porrompompom has 10 seconds to reconnect!
|inactive|porrompompom has 5 seconds to reconnect!
|-message|porrompompom lost due to inactivity.
|
|win|iMeridian
|raw|porrompompom's rating: 1568 &rarr; <strong>1549</strong><br />(-19 for losing)
|raw|iMeridian's rating: 1582 &rarr; <strong>1602</strong><br />(+20 for winning)
