|j|☆DSdududu
|j|☆EG Jhonx
|t:|1724540276
|gametype|singles
|player|p1|DSdududu|preschooler|1351
|player|p2|EG Jhonx|#wcop2024chile|1463
|teamsize|p1|6
|teamsize|p2|6
|gen|5
|tier|[Gen 5] OU
|rated|
|rule|Species Clause: Limit one of each Pokémon
|rule|OHKO Clause: OHKO moves are banned
|rule|Moody Clause: Moody is banned
|rule|Evasion Items Clause: Evasion items are banned
|rule|Evasion Moves Clause: Evasion moves are banned
|rule|Endless Battle Clause: Forcing endless battles is banned
|rule|HP Percentage Mod: HP is shown in percentages
|rule|Evasion Abilities Clause: Evasion abilities are banned
|rule|Sleep Moves Clause: Sleep-inducing moves are banned
|rule|Swagger Clause: Swagger is banned
|rule|Baton Pass Stat Clause: No Baton Passer may have a way to boost its stats
|clearpoke
|poke|p1|Terrakion|item
|poke|p1|Tyranitar, F|item
|poke|p1|Celebi|item
|poke|p1|Excadrill, F|item
|poke|p1|Landorus-Therian, M|item
|poke|p1|Keldeo|item
|poke|p2|Terrakion|item
|poke|p2|Tyranitar, F|item
|poke|p2|Skarmory, F|item
|poke|p2|Gastrodon, F|item
|poke|p2|Excadrill, M|item
|poke|p2|Celebi|item
|teampreview
|c|☆EG Jhonx|hf
|
|t:|1724540307
|start
|switch|p1a: Keldeo|Keldeo|100/100
|switch|p2a: Celebi|Celebi|100/100
|turn|1
|j| My name is Blaise
|
|t:|1724540359
|switch|p1a: Tyranitar|Tyranitar, F|100/100
|-weather|Sandstorm|[from] ability: Sand Stream|[of] p1a: Tyranitar
|move|p2a: Celebi|Nasty Plot|p2a: Celebi
|-boost|p2a: Celebi|spa|2
|
|-weather|Sandstorm|[upkeep]
|-damage|p2a: Celebi|94/100|[from] Sandstorm
|-heal|p2a: Celebi|100/100|[from] item: Leftovers
|upkeep
|turn|2
|
|t:|1724540383
|move|p2a: Celebi|Leaf Storm|p1a: Tyranitar
|-supereffective|p1a: Tyranitar
|-damage|p1a: Tyranitar|1/100
|-unboost|p2a: Celebi|spa|2
|move|p1a: Tyranitar|Crunch|p2a: Celebi
|-supereffective|p2a: Celebi
|-crit|p2a: Celebi
|-damage|p2a: Celebi|0 fnt
|faint|p2a: Celebi
|
|-weather|Sandstorm|[upkeep]
|upkeep
|c|☆EG Jhonx|ah
|c|☆EG Jhonx|lol
|
|t:|1724540405
|switch|p2a: Excadrill|Excadrill, M|100/100
|turn|3
|
|t:|1724540412
|move|p2a: Excadrill|Iron Head|p1a: Tyranitar
|-supereffective|p1a: Tyranitar
|-damage|p1a: Tyranitar|0 fnt
|faint|p1a: Tyranitar
|
|-weather|Sandstorm|[upkeep]
|upkeep
|
|t:|1724540448
|switch|p1a: Keldeo|Keldeo|100/100
|turn|4
|
|t:|1724540456
|move|p2a: Excadrill|Iron Head|p1a: Keldeo
|-resisted|p1a: Keldeo
|-damage|p1a: Keldeo|66/100
|move|p1a: Keldeo|Toxic|p2a: Excadrill
|-immune|p2a: Excadrill
|
|-weather|Sandstorm|[upkeep]
|-damage|p1a: Keldeo|60/100|[from] Sandstorm
|-heal|p1a: Keldeo|66/100|[from] item: Leftovers
|upkeep
|turn|5
|
|t:|1724540463
|switch|p2a: Gastrodon|Gastrodon, F|100/100
|move|p1a: Keldeo|Protect||[still]
|-fail|p1a: Keldeo
|
|-weather|Sandstorm|[upkeep]
|-damage|p1a: Keldeo|60/100|[from] Sandstorm
|-heal|p1a: Keldeo|66/100|[from] item: Leftovers
|upkeep
|turn|6
|
|t:|1724540478
|switch|p2a: Skarmory|Skarmory, F|100/100
|move|p1a: Keldeo|Toxic|p2a: Skarmory
|-immune|p2a: Skarmory
|
|-weather|Sandstorm|[upkeep]
|-damage|p1a: Keldeo|60/100|[from] Sandstorm
|-heal|p1a: Keldeo|66/100|[from] item: Leftovers
|upkeep
|turn|7
|
|t:|1724540488
|move|p1a: Keldeo|Scald|p2a: Skarmory
|-damage|p2a: Skarmory|59/100
|move|p2a: Skarmory|Brave Bird|p1a: Keldeo
|-supereffective|p1a: Keldeo
|-damage|p1a: Keldeo|0 fnt
|faint|p1a: Keldeo
|-damage|p2a: Skarmory|38/100|[from] Recoil
|
|-weather|Sandstorm|[upkeep]
|upkeep
|inactive|Battle timer is ON: inactive players will automatically lose when time's up. (requested by EG Jhonx)
|
|t:|1724540505
|switch|p1a: Terrakion|Terrakion|100/100
|turn|8
|
|t:|1724540511
|switch|p2a: Gastrodon|Gastrodon, F|100/100
|move|p1a: Terrakion|Close Combat|p2a: Gastrodon
|-damage|p2a: Gastrodon|35/100
|-unboost|p1a: Terrakion|def|1
|-unboost|p1a: Terrakion|spd|1
|
|-weather|Sandstorm|[upkeep]
|-heal|p2a: Gastrodon|41/100|[from] item: Leftovers
|upkeep
|turn|9
|inactive|EG Jhonx has 120 seconds left.
|
|t:|1724540548
|switch|p2a: Tyranitar|Tyranitar, F|100/100
|move|p1a: Terrakion|Close Combat|p2a: Tyranitar
|-supereffective|p2a: Tyranitar
|-crit|p2a: Tyranitar
|-enditem|p2a: Tyranitar|Chople Berry|[eat]
|-enditem|p2a: Tyranitar|Chople Berry|[weaken]
|-damage|p2a: Tyranitar|0 fnt
|-unboost|p1a: Terrakion|def|1
|-unboost|p1a: Terrakion|spd|1
|faint|p2a: Tyranitar
|
|-weather|Sandstorm|[upkeep]
|upkeep
|
|t:|1724540559
|switch|p2a: Excadrill|Excadrill, M|100/100
|turn|10
|
|t:|1724540567
|switch|p1a: Celebi|Celebi|100/100
|move|p2a: Excadrill|Iron Head|p1a: Celebi
|-damage|p1a: Celebi|67/100
|
|-weather|Sandstorm|[upkeep]
|-damage|p1a: Celebi|61/100|[from] Sandstorm
|-heal|p1a: Celebi|67/100|[from] item: Leftovers
|upkeep
|turn|11
|
|t:|1724540591
|move|p2a: Excadrill|Iron Head|p1a: Celebi
|-damage|p1a: Celebi|31/100
|move|p1a: Celebi|Leaf Storm|p2a: Excadrill
|-damage|p2a: Excadrill|31/100
|-unboost|p1a: Celebi|spa|2
|
|-weather|Sandstorm|[upkeep]
|-damage|p1a: Celebi|25/100|[from] Sandstorm
|-heal|p1a: Celebi|31/100|[from] item: Leftovers
|upkeep
|turn|12
|
|t:|1724540604
|switch|p1a: Landorus|Landorus-Therian, M|100/100
|-ability|p1a: Landorus|Intimidate|boost
|-unboost|p2a: Excadrill|atk|1
|move|p2a: Excadrill|Iron Head|p1a: Landorus
|-damage|p1a: Landorus|68/100
|
|-weather|Sandstorm|[upkeep]
|-heal|p1a: Landorus|74/100|[from] item: Leftovers
|upkeep
|turn|13
|
|t:|1724540625
|move|p2a: Excadrill|Iron Head|p1a: Landorus
|-damage|p1a: Landorus|41/100
|move|p1a: Landorus|U-turn|p2a: Excadrill
|-resisted|p2a: Excadrill
|-damage|p2a: Excadrill|14/100
|inactive|DSdududu has 120 seconds left.
|
|t:|1724540651
|switch|p1a: Celebi|Celebi|31/100|[from] U-turn
|
|-weather|Sandstorm|[upkeep]
|-damage|p1a: Celebi|25/100|[from] Sandstorm
|-heal|p1a: Celebi|31/100|[from] item: Leftovers
|upkeep
|turn|14
|
|t:|1724540656
|move|p2a: Excadrill|Iron Head|p1a: Celebi
|-damage|p1a: Celebi|9/100
|move|p1a: Celebi|Leaf Storm|p2a: Excadrill
|-damage|p2a: Excadrill|0 fnt
|-unboost|p1a: Celebi|spa|2
|faint|p2a: Excadrill
|
|-weather|Sandstorm|[upkeep]
|-damage|p1a: Celebi|3/100|[from] Sandstorm
|-heal|p1a: Celebi|9/100|[from] item: Leftovers
|upkeep
|
|t:|1724540668
|switch|p2a: Terrakion|Terrakion|100/100
|turn|15
|inactive|DSdududu has 120 seconds left.
|
|t:|1724540679
|move|p2a: Terrakion|Rock Polish|p2a: Terrakion
|-boost|p2a: Terrakion|spe|2
|move|p1a: Celebi|Leaf Storm|p2a: Terrakion
|-supereffective|p2a: Terrakion
|-damage|p2a: Terrakion|63/100
|-unboost|p1a: Celebi|spa|2
|
|-weather|Sandstorm|[upkeep]
|-damage|p1a: Celebi|3/100|[from] Sandstorm
|-heal|p1a: Celebi|9/100|[from] item: Leftovers
|upkeep
|turn|16
|inactive|DSdududu has 120 seconds left.
|
|t:|1724540691
|move|p2a: Terrakion|Swords Dance|p2a: Terrakion
|-boost|p2a: Terrakion|atk|2
|move|p1a: Celebi|Baton Pass|p1a: Celebi
|
|t:|1724540695
|switch|p1a: Landorus|Landorus-Therian, M|41/100|[from] Baton Pass
|-ability|p1a: Landorus|Intimidate|boost
|-unboost|p2a: Terrakion|atk|1
|
|-weather|Sandstorm|[upkeep]
|-heal|p1a: Landorus|47/100|[from] item: Leftovers
|upkeep
|turn|17
|inactive|DSdududu has 120 seconds left.
|
|t:|1724540718
|move|p2a: Terrakion|Close Combat|p1a: Landorus
|-resisted|p1a: Landorus
|-damage|p1a: Landorus|0 fnt
|-unboost|p2a: Terrakion|def|1
|-unboost|p2a: Terrakion|spd|1
|faint|p1a: Landorus
|-damage|p2a: Terrakion|53/100|[from] item: Life Orb
|
|-weather|Sandstorm|[upkeep]
|upkeep
|
|t:|1724540727
|switch|p1a: Celebi|Celebi|9/100
|turn|18
|
|t:|1724540735
|move|p2a: Terrakion|Close Combat|p1a: Celebi
|-resisted|p1a: Celebi
|-damage|p1a: Celebi|0 fnt
|-unboost|p2a: Terrakion|def|1
|-unboost|p2a: Terrakion|spd|1
|faint|p1a: Celebi
|-damage|p2a: Terrakion|44/100|[from] item: Life Orb
|
|-weather|Sandstorm|[upkeep]
|upkeep
|inactive|DSdududu has 120 seconds left.
|
|t:|1724540753
|switch|p1a: Terrakion|Terrakion|100/100
|turn|19
|c|☆EG Jhonx|god bless
|
|t:|1724540761
|move|p1a: Terrakion|Quick Attack|p2a: Terrakion
|-resisted|p2a: Terrakion
|-damage|p2a: Terrakion|18/100
|move|p2a: Terrakion|Close Combat|p1a: Terrakion
|-supereffective|p1a: Terrakion
|-damage|p1a: Terrakion|0 fnt
|-unboost|p2a: Terrakion|def|1
|-unboost|p2a: Terrakion|spd|1
|faint|p1a: Terrakion
|-damage|p2a: Terrakion|9/100|[from] item: Life Orb
|
|-weather|Sandstorm|[upkeep]
|upkeep
|
|t:|1724540767
|switch|p1a: Excadrill|Excadrill, F|100/100
|-ability|p1a: Excadrill|Mold Breaker
|turn|20
|c|☆EG Jhonx|gg
|c|☆DSdududu|gg
|
|t:|1724540790
|move|p2a: Terrakion|Close Combat|p1a: Excadrill
|-supereffective|p1a: Excadrill
|-damage|p1a: Excadrill|0 fnt
|-unboost|p2a: Terrakion|def|1
|-unboost|p2a: Terrakion|spd|1
|faint|p1a: Excadrill
|-damage|p2a: Terrakion|0 fnt|[from] item: Life Orb
|faint|p2a: Terrakion
|
|win|EG Jhonx
|raw|DSdududu's rating: 1351 &rarr; <strong>1337</strong><br />(-14 for losing)
|raw|EG Jhonx's rating: 1463 &rarr; <strong>1477</strong><br />(+14 for winning)
