|j|☆CroCoeur
|j|☆Invisible Enemy
|player|p1|CroCoeur|161
|player|p2|Invisible Enemy|2
|teamsize|p1|6
|teamsize|p2|6
|gametype|singles
|gen|5
|tier|[Gen 5] OU
|rated|
|rule|Sleep Clause Mod: Limit one foe put to sleep
|rule|Species Clause: Limit one of each Pokémon
|rule|OHKO Clause: OHKO moves are banned
|rule|Moody Clause: Moody is banned
|rule|Evasion Moves Clause: Evasion moves are banned
|rule|Endless Battle Clause: Forcing endless battles is banned
|rule|HP Percentage Mod: HP is shown in percentages
|rule|Evasion Abilities Clause: Evasion abilities are banned
|rule|Baton Pass Clause: Limit one Baton Passer, can't pass Spe and other stats simultaneously
|rule|Swagger Clause: Swagger is banned
|clearpoke
|poke|p1|Politoed, M|item
|poke|p1|Vaporeon, F|item
|poke|p1|Celebi|item
|poke|p1|Ferrothorn, M|item
|poke|p1|Latios, M|item
|poke|p1|Jirachi|item
|poke|p2|Tyranitar, M|item
|poke|p2|Jirachi|item
|poke|p2|Keldeo|item
|poke|p2|Kyurem-Black|item
|poke|p2|Latios, M|item
|poke|p2|Terrakion|item
|teampreview
|inactive|Battle timer is ON: inactive players will automatically lose when time's up. (requested by CroCoeur)
|
|start
|switch|p1a: Politoed|Politoed, M|100/100
|switch|p2a: Jirachi|Jirachi|100/100
|-weather|RainDance|[from] ability: Drizzle|[of] p1a: Politoed
|turn|1
|
|switch|p2a: Kyurem|Kyurem-Black|100/100
|-ability|p2a: Kyurem|Teravolt
|move|p1a: Politoed|Hydro Pump|p2a: Kyurem
|-resisted|p2a: Kyurem
|-damage|p2a: Kyurem|66/100
|
|-weather|RainDance|[upkeep]
|-heal|p2a: Kyurem|73/100|[from] item: Leftovers
|upkeep
|turn|2
|
|switch|p1a: Ferrothorn|Ferrothorn, M|100/100
|switch|p2a: Terrakion|Terrakion|100/100
|
|-weather|RainDance|[upkeep]
|upkeep
|turn|3
|
|switch|p1a: Celebi|Celebi|100/100
|move|p2a: Terrakion|Close Combat|p1a: Celebi
|-resisted|p1a: Celebi
|-damage|p1a: Celebi|64/100
|-unboost|p2a: Terrakion|def|1
|-unboost|p2a: Terrakion|spd|1
|-damage|p2a: Terrakion|91/100|[from] item: Life Orb
|
|-weather|RainDance|[upkeep]
|-heal|p1a: Celebi|70/100|[from] item: Leftovers
|upkeep
|turn|4
|
|switch|p2a: Kyurem|Kyurem-Black|73/100
|-ability|p2a: Kyurem|Teravolt
|move|p1a: Celebi|Giga Drain|p2a: Kyurem
|-resisted|p2a: Kyurem
|-damage|p2a: Kyurem|61/100
|-heal|p1a: Celebi|76/100|[from] drain|[of] p2a: Kyurem
|
|-weather|RainDance|[upkeep]
|-heal|p2a: Kyurem|67/100|[from] item: Leftovers
|-heal|p1a: Celebi|82/100|[from] item: Leftovers
|upkeep
|turn|5
|
|switch|p1a: Politoed|Politoed, M|100/100
|move|p2a: Kyurem|Earth Power|p1a: Politoed
|-crit|p1a: Politoed
|-damage|p1a: Politoed|31/100
|
|-weather|RainDance|[upkeep]
|-heal|p2a: Kyurem|73/100|[from] item: Leftovers
|upkeep
|turn|6
|
|switch|p1a: Ferrothorn|Ferrothorn, M|100/100
|switch|p2a: Tyranitar|Tyranitar, M|100/100
|-weather|Sandstorm|[from] ability: Sand Stream|[of] p2a: Tyranitar
|
|-weather|Sandstorm|[upkeep]
|upkeep
|turn|7
|
|move|p2a: Tyranitar|Stealth Rock|p1a: Ferrothorn
|-sidestart|p1: CroCoeur|move: Stealth Rock
|move|p1a: Ferrothorn|Stealth Rock|p2a: Tyranitar
|-sidestart|p2: Invisible Enemy|move: Stealth Rock
|
|-weather|Sandstorm|[upkeep]
|upkeep
|turn|8
|
|move|p2a: Tyranitar|Fire Blast|p1a: Ferrothorn|[miss]
|-miss|p2a: Tyranitar|p1a: Ferrothorn
|move|p1a: Ferrothorn|Spikes|p2a: Tyranitar
|-sidestart|p2: Invisible Enemy|Spikes
|
|-weather|Sandstorm|[upkeep]
|upkeep
|turn|9
|
|switch|p1a: Politoed|Politoed, M|31/100
|-damage|p1a: Politoed|19/100|[from] Stealth Rock
|-weather|RainDance|[from] ability: Drizzle|[of] p1a: Politoed
|move|p2a: Tyranitar|Fire Blast|p1a: Politoed|[miss]
|-miss|p2a: Tyranitar|p1a: Politoed
|
|-weather|RainDance|[upkeep]
|upkeep
|turn|10
|
|switch|p2a: Latios|Latios, M|100/100
|-damage|p2a: Latios|88/100|[from] Stealth Rock
|move|p1a: Politoed|Hydro Pump|p2a: Latios|[miss]
|-miss|p1a: Politoed|p2a: Latios
|
|-weather|RainDance|[upkeep]
|upkeep
|turn|11
|
|switch|p2a: Tyranitar|Tyranitar, M|100/100
|-damage|p2a: Tyranitar|88/100|[from] Stealth Rock
|-damage|p2a: Tyranitar|76/100|[from] Spikes
|-weather|Sandstorm|[from] ability: Sand Stream|[of] p2a: Tyranitar
|switch|p1a: Ferrothorn|Ferrothorn, M|100/100
|-damage|p1a: Ferrothorn|94/100|[from] Stealth Rock
|
|-weather|Sandstorm|[upkeep]
|-heal|p1a: Ferrothorn|100/100|[from] item: Leftovers
|upkeep
|turn|12
|
|switch|p2a: Jirachi|Jirachi|100/100
|-damage|p2a: Jirachi|94/100|[from] Stealth Rock
|-damage|p2a: Jirachi|82/100|[from] Spikes
|switch|p1a: Vaporeon|Vaporeon, F|100/100
|-damage|p1a: Vaporeon|88/100|[from] Stealth Rock
|
|-weather|Sandstorm|[upkeep]
|-damage|p1a: Vaporeon|82/100|[from] Sandstorm
|-heal|p1a: Vaporeon|88/100|[from] item: Leftovers
|upkeep
|turn|13
|
|move|p2a: Jirachi|Iron Head|p1a: Vaporeon
|-resisted|p1a: Vaporeon
|-damage|p1a: Vaporeon|70/100
|cant|p1a: Vaporeon|flinch
|
|-weather|Sandstorm|[upkeep]
|-damage|p1a: Vaporeon|64/100|[from] Sandstorm
|-heal|p1a: Vaporeon|70/100|[from] item: Leftovers
|upkeep
|turn|14
|
|switch|p1a: Ferrothorn|Ferrothorn, M|100/100
|-damage|p1a: Ferrothorn|94/100|[from] Stealth Rock
|move|p2a: Jirachi|Iron Head|p1a: Ferrothorn
|-resisted|p1a: Ferrothorn
|-damage|p1a: Ferrothorn|85/100
|-damage|p2a: Jirachi|70/100|[from] ability: Iron Barbs|[of] p1a: Ferrothorn
|
|-weather|Sandstorm|[upkeep]
|-heal|p1a: Ferrothorn|91/100|[from] item: Leftovers
|upkeep
|turn|15
|
|move|p2a: Jirachi|Hidden Power|p1a: Ferrothorn
|-supereffective|p1a: Ferrothorn
|-damage|p1a: Ferrothorn|33/100
|move|p1a: Ferrothorn|Power Whip|p2a: Jirachi|[miss]
|-miss|p1a: Ferrothorn|p2a: Jirachi
|
|-weather|Sandstorm|[upkeep]
|-heal|p1a: Ferrothorn|39/100|[from] item: Leftovers
|upkeep
|turn|16
|
|switch|p1a: Celebi|Celebi|82/100
|-damage|p1a: Celebi|70/100|[from] Stealth Rock
|move|p2a: Jirachi|Icy Wind|p1a: Celebi|[miss]
|-miss|p2a: Jirachi|p1a: Celebi
|
|-weather|Sandstorm|[upkeep]
|-damage|p1a: Celebi|64/100|[from] Sandstorm
|-heal|p1a: Celebi|70/100|[from] item: Leftovers
|upkeep
|turn|17
|
|move|p2a: Jirachi|Iron Head|p1a: Celebi
|-damage|p1a: Celebi|44/100
|cant|p1a: Celebi|flinch
|
|-weather|Sandstorm|[upkeep]
|-damage|p1a: Celebi|37/100|[from] Sandstorm
|-heal|p1a: Celebi|44/100|[from] item: Leftovers
|upkeep
|turn|18
|
|move|p2a: Jirachi|Iron Head|p1a: Celebi
|-damage|p1a: Celebi|18/100
|cant|p1a: Celebi|flinch
|
|-weather|Sandstorm|[upkeep]
|-damage|p1a: Celebi|12/100|[from] Sandstorm
|-heal|p1a: Celebi|18/100|[from] item: Leftovers
|upkeep
|turn|19
|
|switch|p1a: Ferrothorn|Ferrothorn, M|39/100
|-damage|p1a: Ferrothorn|33/100|[from] Stealth Rock
|move|p2a: Jirachi|Hidden Power|p1a: Ferrothorn
|-supereffective|p1a: Ferrothorn
|-damage|p1a: Ferrothorn|0 fnt
|faint|p1a: Ferrothorn
|
|-weather|Sandstorm|[upkeep]
|upkeep
|
|switch|p1a: Jirachi|Jirachi|100/100
|-damage|p1a: Jirachi|94/100|[from] Stealth Rock
|turn|20
|
|move|p1a: Jirachi|Substitute|p1a: Jirachi
|-start|p1a: Jirachi|Substitute
|-damage|p1a: Jirachi|69/100
|move|p2a: Jirachi|Iron Head|p1a: Jirachi
|-resisted|p1a: Jirachi
|-activate|p1a: Jirachi|Substitute|[damage]
|
|-weather|Sandstorm|[upkeep]
|-heal|p1a: Jirachi|75/100|[from] item: Leftovers
|upkeep
|turn|21
|
|move|p1a: Jirachi|Calm Mind|p1a: Jirachi
|-boost|p1a: Jirachi|spa|1
|-boost|p1a: Jirachi|spd|1
|move|p2a: Jirachi|Hidden Power|p1a: Jirachi
|-supereffective|p1a: Jirachi
|-end|p1a: Jirachi|Substitute
|
|-weather|Sandstorm|[upkeep]
|-heal|p1a: Jirachi|82/100|[from] item: Leftovers
|upkeep
|turn|22
|
|move|p1a: Jirachi|Substitute|p1a: Jirachi
|-start|p1a: Jirachi|Substitute
|-damage|p1a: Jirachi|57/100
|move|p2a: Jirachi|Hidden Power|p1a: Jirachi
|-supereffective|p1a: Jirachi
|-activate|p1a: Jirachi|Substitute|[damage]
|
|-weather|Sandstorm|[upkeep]
|-heal|p1a: Jirachi|63/100|[from] item: Leftovers
|upkeep
|turn|23
|
|move|p1a: Jirachi|Calm Mind|p1a: Jirachi
|-boost|p1a: Jirachi|spa|1
|-boost|p1a: Jirachi|spd|1
|move|p2a: Jirachi|Iron Head|p1a: Jirachi
|-resisted|p1a: Jirachi
|-end|p1a: Jirachi|Substitute
|
|-weather|Sandstorm|[upkeep]
|-heal|p1a: Jirachi|69/100|[from] item: Leftovers
|upkeep
|turn|24
|
|switch|p2a: Keldeo|Keldeo|100/100
|-damage|p2a: Keldeo|94/100|[from] Stealth Rock
|-damage|p2a: Keldeo|82/100|[from] Spikes
|move|p1a: Jirachi|Substitute|p1a: Jirachi
|-start|p1a: Jirachi|Substitute
|-damage|p1a: Jirachi|44/100
|
|-weather|Sandstorm|[upkeep]
|-damage|p2a: Keldeo|76/100|[from] Sandstorm
|-heal|p1a: Jirachi|50/100|[from] item: Leftovers
|upkeep
|turn|25
|
|move|p2a: Keldeo|Secret Sword|p1a: Jirachi
|-crit|p1a: Jirachi
|-end|p1a: Jirachi|Substitute
|move|p1a: Jirachi|Thunder|p2a: Keldeo
|-supereffective|p2a: Keldeo
|-damage|p2a: Keldeo|0 fnt
|faint|p2a: Keldeo
|
|-weather|Sandstorm|[upkeep]
|-heal|p1a: Jirachi|56/100|[from] item: Leftovers
|upkeep
|
|switch|p2a: Terrakion|Terrakion|91/100
|-damage|p2a: Terrakion|84/100|[from] Stealth Rock
|-damage|p2a: Terrakion|72/100|[from] Spikes
|turn|26
|
|move|p2a: Terrakion|Close Combat|p1a: Jirachi
|-damage|p1a: Jirachi|0 fnt
|-unboost|p2a: Terrakion|def|1
|-unboost|p2a: Terrakion|spd|1
|-damage|p2a: Terrakion|62/100|[from] item: Life Orb
|faint|p1a: Jirachi
|
|-weather|Sandstorm|[upkeep]
|upkeep
|
|switch|p1a: Latios|Latios, M|100/100
|-damage|p1a: Latios|88/100|[from] Stealth Rock
|turn|27
|
|move|p1a: Latios|Surf|p2a: Terrakion
|-supereffective|p2a: Terrakion
|-damage|p2a: Terrakion|0 fnt
|faint|p2a: Terrakion
|
|-weather|Sandstorm|[upkeep]
|-damage|p1a: Latios|82/100|[from] Sandstorm
|upkeep
|
|switch|p2a: Tyranitar|Tyranitar, M|76/100
|-damage|p2a: Tyranitar|63/100|[from] Stealth Rock
|-damage|p2a: Tyranitar|51/100|[from] Spikes
|turn|28
|
|move|p1a: Latios|Surf|p2a: Tyranitar
|-supereffective|p2a: Tyranitar
|-enditem|p2a: Tyranitar|Passho Berry|[eat]
|-enditem|p2a: Tyranitar|Passho Berry|[weaken]
|-damage|p2a: Tyranitar|34/100
|move|p2a: Tyranitar|Crunch|p1a: Latios
|-supereffective|p1a: Latios
|-damage|p1a: Latios|0 fnt
|faint|p1a: Latios
|
|-weather|Sandstorm|[upkeep]
|upkeep
|inactive|CroCoeur has 120 seconds left.
|
|switch|p1a: Celebi|Celebi|18/100
|-damage|p1a: Celebi|6/100|[from] Stealth Rock
|turn|29
|
|switch|p2a: Jirachi|Jirachi|70/100
|-damage|p2a: Jirachi|64/100|[from] Stealth Rock
|-damage|p2a: Jirachi|51/100|[from] Spikes
|move|p1a: Celebi|Giga Drain|p2a: Jirachi
|-resisted|p2a: Jirachi
|-damage|p2a: Jirachi|37/100
|-heal|p1a: Celebi|12/100|[from] drain|[of] p2a: Jirachi
|
|-weather|Sandstorm|[upkeep]
|-damage|p1a: Celebi|6/100|[from] Sandstorm
|-heal|p1a: Celebi|12/100|[from] item: Leftovers
|upkeep
|turn|30
|
|move|p2a: Jirachi|Iron Head|p1a: Celebi
|-damage|p1a: Celebi|0 fnt
|faint|p1a: Celebi
|
|-weather|Sandstorm|[upkeep]
|upkeep
|
|switch|p1a: Vaporeon|Vaporeon, F|70/100
|-damage|p1a: Vaporeon|58/100|[from] Stealth Rock
|turn|31
|
|move|p2a: Jirachi|Energy Ball|p1a: Vaporeon
|-supereffective|p1a: Vaporeon
|-damage|p1a: Vaporeon|33/100
|-unboost|p1a: Vaporeon|spd|1
|move|p1a: Vaporeon|Scald|p2a: Jirachi
|-crit|p2a: Jirachi
|-damage|p2a: Jirachi|0 fnt
|faint|p2a: Jirachi
|
|-weather|Sandstorm|[upkeep]
|-damage|p1a: Vaporeon|27/100|[from] Sandstorm
|-heal|p1a: Vaporeon|33/100|[from] item: Leftovers
|upkeep
|
|switch|p2a: Kyurem|Kyurem-Black|73/100
|-damage|p2a: Kyurem|48/100|[from] Stealth Rock
|-damage|p2a: Kyurem|36/100|[from] Spikes
|-ability|p2a: Kyurem|Teravolt
|turn|32
|
|move|p2a: Kyurem|Fusion Bolt|p1a: Vaporeon
|-supereffective|p1a: Vaporeon
|-damage|p1a: Vaporeon|0 fnt
|faint|p1a: Vaporeon
|
|-weather|Sandstorm|[upkeep]
|-damage|p2a: Kyurem|30/100|[from] Sandstorm
|-heal|p2a: Kyurem|36/100|[from] item: Leftovers
|upkeep
|
|switch|p1a: Politoed|Politoed, M|19/100
|-damage|p1a: Politoed|6/100|[from] Stealth Rock
|-weather|RainDance|[from] ability: Drizzle|[of] p1a: Politoed
|turn|33
|
|switch|p2a: Tyranitar|Tyranitar, M|34/100
|-damage|p2a: Tyranitar|22/100|[from] Spikes
|-damage|p2a: Tyranitar|10/100|[from] Stealth Rock
|-weather|Sandstorm|[from] ability: Sand Stream|[of] p2a: Tyranitar
|move|p1a: Politoed|Hydro Pump|p2a: Tyranitar|[miss]
|-miss|p1a: Politoed|p2a: Tyranitar
|
|-weather|Sandstorm|[upkeep]
|-damage|p1a: Politoed|0 fnt|[from] Sandstorm
|upkeep
|faint|p1a: Politoed
|
|win|Invisible Enemy
|raw|CroCoeur's rating: 1403 &rarr; <strong>1385</strong><br />(-18 for losing)
|raw|Invisible Enemy's rating: 1425 &rarr; <strong>1444</strong><br />(+19 for winning)
|l|☆CroCoeur
