|j|☆neinrehh
|j|☆ButterfreeUser
|player|p1|neinrehh|4
|player|p2|ButterfreeUser|bruno-gen3
|teamsize|p1|6
|teamsize|p2|6
|gametype|singles
|gen|5
|tier|[Gen 5] OU
|rated|
|rule|Sleep Clause Mod: Limit one foe put to sleep
|rule|Species Clause: Limit one of each Pokémon
|rule|OHKO Clause: OHKO moves are banned
|rule|Moody Clause: Moody is banned
|rule|Evasion Moves Clause: Evasion moves are banned
|rule|Endless Battle Clause: Forcing endless battles is banned
|rule|HP Percentage Mod: HP is shown in percentages
|rule|Evasion Abilities Clause: Evasion abilities are banned
|rule|Baton Pass Clause: Limit one Baton Passer, can't pass Spe and other stats simultaneously
|rule|Swagger Clause: Swagger is banned
|clearpoke
|poke|p1|Tyranitar, M|item
|poke|p1|Alomomola, M|item
|poke|p1|Celebi|item
|poke|p1|Landorus-Therian, M|item
|poke|p1|Seismitoad, M|item
|poke|p1|Excadrill, F|item
|poke|p2|Excadrill, F|item
|poke|p2|Jirachi|item
|poke|p2|Suicune|item
|poke|p2|Butterfree, M|item
|poke|p2|Magnezone|item
|poke|p2|Latios, M|item
|teampreview
|c|☆ButterfreeUser|gl hf
|c|☆neinrehh|gl
|
|start
|switch|p1a: Tyranitar|Tyranitar, M|100/100
|switch|p2a: Jirachi|Jirachi|100/100
|-weather|Sandstorm|[from] ability: Sand Stream|[of] p1a: Tyranitar
|turn|1
|
|switch|p1a: Seismitoad|Seismitoad, M|100/100
|move|p2a: Jirachi|U-turn|p1a: Seismitoad
|-damage|p1a: Seismitoad|87/100
|
|switch|p2a: Latios|Latios, M|100/100
|
|-weather|Sandstorm|[upkeep]
|-damage|p2a: Latios|95/100|[from] Sandstorm
|-heal|p1a: Seismitoad|93/100|[from] item: Leftovers
|upkeep
|turn|2
|
|switch|p1a: Celebi|Celebi|100/100
|move|p2a: Latios|Dragon Pulse|p1a: Celebi
|-damage|p1a: Celebi|54/100
|
|-weather|Sandstorm|[upkeep]
|-damage|p2a: Latios|89/100|[from] Sandstorm
|-damage|p1a: Celebi|48/100|[from] Sandstorm
|-heal|p1a: Celebi|54/100|[from] item: Leftovers
|upkeep
|turn|3
|
|switch|p2a: Excadrill|Excadrill, F|100/100
|-ability|p2a: Excadrill|Mold Breaker
|move|p1a: Celebi|Recover|p1a: Celebi
|-heal|p1a: Celebi|100/100
|
|-weather|Sandstorm|[upkeep]
|-damage|p1a: Celebi|94/100|[from] Sandstorm
|-heal|p1a: Celebi|100/100|[from] item: Leftovers
|upkeep
|turn|4
|
|switch|p1a: Seismitoad|Seismitoad, M|93/100
|move|p2a: Excadrill|Stealth Rock|p1a: Seismitoad
|-sidestart|p1: neinrehh|move: Stealth Rock
|
|-weather|Sandstorm|[upkeep]
|-heal|p1a: Seismitoad|99/100|[from] item: Leftovers
|upkeep
|turn|5
|
|switch|p2a: Latios|Latios, M|89/100
|move|p1a: Seismitoad|Stealth Rock|p2a: Latios
|-sidestart|p2: ButterfreeUser|move: Stealth Rock
|
|-weather|Sandstorm|[upkeep]
|-damage|p2a: Latios|83/100|[from] Sandstorm
|-heal|p1a: Seismitoad|100/100|[from] item: Leftovers
|upkeep
|turn|6
|
|switch|p1a: Celebi|Celebi|100/100
|-damage|p1a: Celebi|88/100|[from] Stealth Rock
|move|p2a: Latios|Draco Meteor|p1a: Celebi
|-damage|p1a: Celebi|13/100
|-unboost|p2a: Latios|spa|2
|
|-weather|Sandstorm|[upkeep]
|-damage|p2a: Latios|77/100|[from] Sandstorm
|-damage|p1a: Celebi|7/100|[from] Sandstorm
|-heal|p1a: Celebi|13/100|[from] item: Leftovers
|upkeep
|turn|7
|
|switch|p2a: Jirachi|Jirachi|100/100
|-damage|p2a: Jirachi|94/100|[from] Stealth Rock
|move|p1a: Celebi|Recover|p1a: Celebi
|-heal|p1a: Celebi|63/100
|
|-weather|Sandstorm|[upkeep]
|-damage|p1a: Celebi|57/100|[from] Sandstorm
|-heal|p1a: Celebi|63/100|[from] item: Leftovers
|upkeep
|turn|8
|j| Fly-n-Penguin
|
|switch|p1a: Alomomola|Alomomola, M|100/100
|-damage|p1a: Alomomola|88/100|[from] Stealth Rock
|move|p2a: Jirachi|U-turn|p1a: Alomomola
|-crit|p1a: Alomomola
|-damage|p1a: Alomomola|65/100
|
|switch|p2a: Latios|Latios, M|77/100
|-damage|p2a: Latios|64/100|[from] Stealth Rock
|
|-weather|Sandstorm|[upkeep]
|-damage|p2a: Latios|58/100|[from] Sandstorm
|-damage|p1a: Alomomola|59/100|[from] Sandstorm
|-heal|p1a: Alomomola|65/100|[from] item: Leftovers
|upkeep
|turn|9
|
|switch|p1a: Celebi|Celebi|63/100
|-damage|p1a: Celebi|51/100|[from] Stealth Rock
|move|p2a: Latios|Dragon Pulse|p1a: Celebi
|-damage|p1a: Celebi|5/100
|
|-weather|Sandstorm|[upkeep]
|-damage|p2a: Latios|52/100|[from] Sandstorm
|-damage|p1a: Celebi|0 fnt|[from] Sandstorm
|faint|p1a: Celebi
|upkeep
|
|switch|p1a: Tyranitar|Tyranitar, M|100/100
|-damage|p1a: Tyranitar|88/100|[from] Stealth Rock
|turn|10
|
|move|p2a: Latios|Dragon Pulse|p1a: Tyranitar
|-damage|p1a: Tyranitar|44/100
|move|p1a: Tyranitar|Pursuit|p2a: Latios
|-supereffective|p2a: Latios
|-damage|p2a: Latios|0 fnt
|faint|p2a: Latios
|
|-weather|Sandstorm|[upkeep]
|upkeep
|
|switch|p2a: Excadrill|Excadrill, F|100/100
|-damage|p2a: Excadrill|97/100|[from] Stealth Rock
|-ability|p2a: Excadrill|Mold Breaker
|turn|11
|
|switch|p1a: Seismitoad|Seismitoad, M|100/100
|-damage|p1a: Seismitoad|94/100|[from] Stealth Rock
|move|p2a: Excadrill|Rapid Spin|p1a: Seismitoad
|-damage|p1a: Seismitoad|90/100
|-sideend|p2: ButterfreeUser|Stealth Rock|[from] move: Rapid Spin|[of] p2a: Excadrill
|
|-weather|Sandstorm|[upkeep]
|-heal|p2a: Excadrill|100/100|[from] item: Leftovers
|-heal|p1a: Seismitoad|96/100|[from] item: Leftovers
|upkeep
|turn|12
|
|move|p2a: Excadrill|Earthquake|p1a: Seismitoad
|-damage|p1a: Seismitoad|64/100
|move|p1a: Seismitoad|Scald|p2a: Excadrill
|-supereffective|p2a: Excadrill
|-damage|p2a: Excadrill|62/100
|
|-weather|Sandstorm|[upkeep]
|-heal|p2a: Excadrill|68/100|[from] item: Leftovers
|-heal|p1a: Seismitoad|70/100|[from] item: Leftovers
|upkeep
|turn|13
|
|move|p2a: Excadrill|Earthquake|p1a: Seismitoad
|-damage|p1a: Seismitoad|36/100
|move|p1a: Seismitoad|Stealth Rock|p2a: Excadrill
|-sidestart|p2: ButterfreeUser|move: Stealth Rock
|
|-weather|Sandstorm|[upkeep]
|-heal|p2a: Excadrill|74/100|[from] item: Leftovers
|-heal|p1a: Seismitoad|42/100|[from] item: Leftovers
|upkeep
|turn|14
|
|move|p2a: Excadrill|Rapid Spin|p1a: Seismitoad
|-damage|p1a: Seismitoad|38/100
|-sideend|p2: ButterfreeUser|Stealth Rock|[from] move: Rapid Spin|[of] p2a: Excadrill
|move|p1a: Seismitoad|Scald|p2a: Excadrill
|-supereffective|p2a: Excadrill
|-crit|p2a: Excadrill
|-damage|p2a: Excadrill|0 fnt
|faint|p2a: Excadrill
|
|-weather|Sandstorm|[upkeep]
|-heal|p1a: Seismitoad|44/100|[from] item: Leftovers
|upkeep
|
|switch|p2a: Love Deluxe|Butterfree, M|100/100
|turn|15
|
|move|p2a: Love Deluxe|Bug Buzz|p1a: Seismitoad
|-damage|p1a: Seismitoad|0 fnt
|-damage|p2a: Love Deluxe|91/100|[from] item: Life Orb
|faint|p1a: Seismitoad
|
|-weather|Sandstorm|[upkeep]
|-damage|p2a: Love Deluxe|84/100|[from] Sandstorm
|upkeep
|
|switch|p1a: Landorus|Landorus-Therian, M|100/100
|-damage|p1a: Landorus|88/100|[from] Stealth Rock
|-ability|p1a: Landorus|Intimidate|boost
|-unboost|p2a: Love Deluxe|atk|1
|turn|16
|
|switch|p2a: Suicune|Suicune|100/100
|-ability|p2a: Suicune|Pressure
|move|p1a: Landorus|Smack Down|p2a: Suicune
|-damage|p2a: Suicune|91/100
|
|-weather|Sandstorm|[upkeep]
|-damage|p2a: Suicune|85/100|[from] Sandstorm
|-heal|p1a: Landorus|94/100|[from] item: Leftovers
|-heal|p2a: Suicune|91/100|[from] item: Leftovers
|upkeep
|turn|17
|
|switch|p1a: Alomomola|Alomomola, M|99/100
|-damage|p1a: Alomomola|86/100|[from] Stealth Rock
|move|p2a: Suicune|Scald|p1a: Alomomola
|-resisted|p1a: Alomomola
|-damage|p1a: Alomomola|72/100
|-status|p1a: Alomomola|brn
|
|-weather|Sandstorm|[upkeep]
|-damage|p2a: Suicune|85/100|[from] Sandstorm
|-damage|p1a: Alomomola|66/100 brn|[from] Sandstorm
|-heal|p2a: Suicune|91/100|[from] item: Leftovers
|-heal|p1a: Alomomola|72/100 brn|[from] item: Leftovers
|-damage|p1a: Alomomola|60/100 brn|[from] brn
|upkeep
|turn|18
|
|move|p2a: Suicune|Calm Mind|p2a: Suicune
|-boost|p2a: Suicune|spa|1
|-boost|p2a: Suicune|spd|1
|move|p1a: Alomomola|Toxic|p2a: Suicune
|-status|p2a: Suicune|tox
|
|-weather|Sandstorm|[upkeep]
|-damage|p2a: Suicune|85/100 tox|[from] Sandstorm
|-damage|p1a: Alomomola|53/100 brn|[from] Sandstorm
|-heal|p2a: Suicune|91/100 tox|[from] item: Leftovers
|-heal|p1a: Alomomola|60/100 brn|[from] item: Leftovers
|-damage|p2a: Suicune|85/100 tox|[from] psn
|-damage|p1a: Alomomola|47/100 brn|[from] brn
|upkeep
|turn|19
|
|move|p2a: Suicune|Calm Mind|p2a: Suicune
|-boost|p2a: Suicune|spa|1
|-boost|p2a: Suicune|spd|1
|move|p1a: Alomomola|Wish|p1a: Alomomola
|
|-weather|Sandstorm|[upkeep]
|-damage|p2a: Suicune|78/100 tox|[from] Sandstorm
|-damage|p1a: Alomomola|41/100 brn|[from] Sandstorm
|-heal|p2a: Suicune|85/100 tox|[from] item: Leftovers
|-heal|p1a: Alomomola|47/100 brn|[from] item: Leftovers
|-damage|p2a: Suicune|72/100 tox|[from] psn
|-damage|p1a: Alomomola|35/100 brn|[from] brn
|upkeep
|turn|20
|
|switch|p1a: Tyranitar|Tyranitar, M|44/100
|-damage|p1a: Tyranitar|31/100|[from] Stealth Rock
|move|p2a: Suicune|Rest|p2a: Suicune
|-status|p2a: Suicune|slp
|-heal|p2a: Suicune|100/100 slp|[silent]
|-status|p2a: Suicune|slp|[from] move: Rest
|
|-weather|Sandstorm|[upkeep]
|-damage|p2a: Suicune|94/100 slp|[from] Sandstorm
|-heal|p1a: Tyranitar|99/100|[from] move: Wish|[wisher] Alomomola
|-heal|p2a: Suicune|100/100 slp|[from] item: Leftovers
|upkeep
|turn|21
|
|cant|p2a: Suicune|slp
|move|p2a: Suicune|Sleep Talk|p2a: Suicune
|move|p2a: Suicune|Scald|p1a: Tyranitar|[from]Sleep Talk
|-supereffective|p1a: Tyranitar
|-damage|p1a: Tyranitar|36/100
|-status|p1a: Tyranitar|brn
|move|p1a: Tyranitar|Stone Edge|p2a: Suicune|[miss]
|-miss|p1a: Tyranitar|p2a: Suicune
|
|-weather|Sandstorm|[upkeep]
|-damage|p2a: Suicune|94/100 slp|[from] Sandstorm
|-heal|p2a: Suicune|100/100 slp|[from] item: Leftovers
|-damage|p1a: Tyranitar|24/100 brn|[from] brn
|upkeep
|turn|22
|c|☆neinrehh|g
|-message|neinrehh forfeited.
|
|win|ButterfreeUser
|c|☆ButterfreeUser|sry
|l|☆neinrehh
|raw|neinrehh's rating: 1352 &rarr; <strong>1330</strong><br />(-22 for losing)
|raw|ButterfreeUser's rating: 1302 &rarr; <strong>1325</strong><br />(+23 for winning)
