|j|☆Orvandel
|j|☆Team Tester 5
|player|p1|Orvandel|veteran|1357
|player|p2|Team Tester 5|blue|1279
|teamsize|p1|6
|teamsize|p2|6
|gametype|singles
|gen|5
|tier|[Gen 5] OU
|rated|
|rule|Sleep Clause Mod: Limit one foe put to sleep
|rule|Species Clause: Limit one of each Pokémon
|rule|OHKO Clause: OHKO moves are banned
|rule|Moody Clause: Moody is banned
|rule|Evasion Moves Clause: Evasion moves are banned
|rule|Endless Battle Clause: Forcing endless battles is banned
|rule|HP Percentage Mod: HP is shown in percentages
|rule|Evasion Abilities Clause: Evasion abilities are banned
|rule|Baton Pass Clause: Limit one Baton Passer, can't pass Spe and other stats simultaneously
|rule|Swagger Clause: Swagger is banned
|clearpoke
|poke|p1|Mamoswine, M|item
|poke|p1|Spiritomb, M|item
|poke|p1|Conkeldurr, M|item
|poke|p1|Forretress, M|item
|poke|p1|Vaporeon, F|item
|poke|p1|Hydreigon, M|item
|poke|p2|Espeon, F|item
|poke|p2|Garchomp, F|item
|poke|p2|Infernape, M|item
|poke|p2|Bisharp, F|item
|poke|p2|Ludicolo, M|item
|poke|p2|Aerodactyl, M|item
|teampreview
|c|☆Team Tester 5|Greetings
|c|☆Orvandel|hey
|
|start
|switch|p1a: Mamoswine|Mamoswine, M|100/100
|switch|p2a: Espeon|Espeon, F|100/100
|turn|1
|
|move|p2a: Espeon|Grass Knot|p1a: Mamoswine
|-supereffective|p1a: Mamoswine
|-damage|p1a: Mamoswine|0 fnt
|faint|p1a: Mamoswine
|
|upkeep
|
|switch|p1a: Hydreigon|Hydreigon, M, shiny|100/100
|turn|2
|
|move|p1a: Hydreigon|Dark Pulse|p2a: Espeon
|-supereffective|p2a: Espeon
|-enditem|p2a: Espeon|Focus Sash
|-damage|p2a: Espeon|1/100
|move|p2a: Espeon|Signal Beam|p1a: Hydreigon
|-supereffective|p1a: Hydreigon
|-damage|p1a: Hydreigon|40/100
|
|upkeep
|turn|3
|
|move|p1a: Hydreigon|Dark Pulse|p2a: Espeon
|-supereffective|p2a: Espeon
|-damage|p2a: Espeon|0 fnt
|faint|p2a: Espeon
|
|upkeep
|
|switch|p2a: Infernape|Infernape, M|100/100
|turn|4
|
|switch|p1a: Spiritomb|Spiritomb, M|100/100
|-ability|p1a: Spiritomb|Pressure
|move|p2a: Infernape|Mach Punch|p1a: Spiritomb
|-immune|p1a: Spiritomb
|
|upkeep
|turn|5
|
|move|p2a: Infernape|Fire Punch|p1a: Spiritomb
|-damage|p1a: Spiritomb|68/100
|move|p1a: Spiritomb|Will-O-Wisp|p2a: Infernape|[miss]
|-miss|p1a: Spiritomb|p2a: Infernape
|
|-heal|p1a: Spiritomb|74/100|[from] item: Leftovers
|upkeep
|turn|6
|
|move|p2a: Infernape|Fire Punch|p1a: Spiritomb
|-damage|p1a: Spiritomb|42/100
|move|p1a: Spiritomb|Will-O-Wisp|p2a: Infernape
|-immune|p2a: Infernape
|
|-heal|p1a: Spiritomb|48/100|[from] item: Leftovers
|upkeep
|turn|7
|c|☆Team Tester 5|Reminder, Infernape is a fire type
|
|move|p2a: Infernape|Fire Punch|p1a: Spiritomb
|-damage|p1a: Spiritomb|17/100
|move|p1a: Spiritomb|Pain Split|p2a: Infernape
|-sethp|p2a: Infernape|59/100|[from] move: Pain Split|[silent]
|-sethp|p1a: Spiritomb|57/100|[from] move: Pain Split
|
|-heal|p1a: Spiritomb|63/100|[from] item: Leftovers
|upkeep
|turn|8
|c|☆Orvandel|didnt know they were immune to it
|c|☆Orvandel|just said "miss" the first time
|c|☆Team Tester 5|Yeah the text makes it confusing
|
|switch|p1a: Conkeldurr|Conkeldurr, M|100/100
|move|p2a: Infernape|Fire Punch|p1a: Conkeldurr
|-damage|p1a: Conkeldurr|63/100
|
|-heal|p1a: Conkeldurr|69/100|[from] item: Leftovers
|upkeep
|turn|9
|
|switch|p2a: Bisharp|Bisharp, F|100/100
|move|p1a: Conkeldurr|Drain Punch|p2a: Bisharp|[miss]
|-miss|p1a: Conkeldurr|p2a: Bisharp
|
|-heal|p1a: Conkeldurr|75/100|[from] item: Leftovers
|upkeep
|turn|10
|c|☆Orvandel|<ut
|c|☆Orvandel|how did i miss a 100% precision atk
|c|☆Team Tester 5|Bright powder
|c|☆Orvandel|hell no fck that shit
|-message|Orvandel forfeited.
|
|win|Team Tester 5
|l|☆Orvandel
|c|☆Team Tester 5|Gg
|raw|Orvandel's rating: 1357 &rarr; <strong>1333</strong><br />(-24 for losing)
|raw|Team Tester 5's rating: 1279 &rarr; <strong>1309</strong><br />(+30 for winning)
|l|☆Team Tester 5
|j|☆Team Tester 5
|player|p2|Team Tester 5|colress
