|j|☆jz's mom
|j|☆pihgvgerbtr
|t:|1746065251
|gametype|singles
|player|p1|jz's mom|wallace|1357
|player|p2|pihgvgerbtr|hilbert-wonderlauncher|1306
|teamsize|p1|6
|teamsize|p2|6
|gen|5
|tier|[Gen 5] OU
|rated|
|rule|Species Clause: Limit one of each Pokémon
|rule|OHKO Clause: OHKO moves are banned
|rule|Moody Clause: Moody is banned
|rule|Evasion Items Clause: Evasion items are banned
|rule|Evasion Moves Clause: Evasion moves are banned
|rule|Endless Battle Clause: Forcing endless battles is banned
|rule|HP Percentage Mod: HP is shown in percentages
|rule|Evasion Abilities Clause: Evasion abilities are banned
|rule|Sleep Moves Clause: Sleep-inducing moves are banned
|rule|Swagger Clause: Swagger is banned
|rule|Baton Pass Stat Clause: No Baton Passer may have a way to boost its stats
|clearpoke
|poke|p1|Tyranitar, F|item
|poke|p1|Alakazam, M|item
|poke|p1|Latios, M|item
|poke|p1|Ferrothorn, F|item
|poke|p1|Keldeo|item
|poke|p1|Landorus-Therian, M|item
|poke|p2|Tyranitar, F|item
|poke|p2|Latios, M|item
|poke|p2|Landorus-Therian, M|item
|poke|p2|Ferrothorn, F|item
|poke|p2|Rotom-Wash|item
|poke|p2|Excadrill, M|item
|teampreview
|inactive|Battle timer is ON: inactive players will automatically lose when time's up. (requested by jz's mom)
|
|t:|1746065262
|start
|switch|p1a: Ferrothorn|Ferrothorn, F|100/100
|switch|p2a: Rotom|Rotom-Wash, shiny|100/100
|turn|1
|
|t:|1746065265
|move|p2a: Rotom|Will-O-Wisp|p1a: Ferrothorn
|-status|p1a: Ferrothorn|brn
|-enditem|p1a: Ferrothorn|Lum Berry|[eat]
|-curestatus|p1a: Ferrothorn|brn|[msg]
|move|p1a: Ferrothorn|Power Whip|p2a: Rotom
|-supereffective|p2a: Rotom
|-damage|p2a: Rotom|41/100
|
|-heal|p2a: Rotom|48/100|[from] item: Leftovers
|upkeep
|turn|2
|
|t:|1746065274
|move|p2a: Rotom|Will-O-Wisp|p1a: Ferrothorn|[miss]
|-miss|p2a: Rotom|p1a: Ferrothorn
|move|p1a: Ferrothorn|Knock Off|p2a: Rotom
|-damage|p2a: Rotom|44/100
|-enditem|p2a: Rotom|Leftovers|[from] move: Knock Off|[of] p1a: Ferrothorn
|
|upkeep
|turn|3
|
|t:|1746065277
|move|p2a: Rotom|Will-O-Wisp|p1a: Ferrothorn
|-status|p1a: Ferrothorn|brn
|move|p1a: Ferrothorn|Spikes|p2a: Rotom
|-sidestart|p2: pihgvgerbtr|Spikes
|
|-damage|p1a: Ferrothorn|88/100 brn|[from] brn
|upkeep
|turn|4
|
|t:|1746065279
|move|p2a: Rotom|Pain Split|p1a: Ferrothorn
|-sethp|p1a: Ferrothorn|63/100 brn|[from] move: Pain Split|[silent]
|-sethp|p2a: Rotom|73/100|[from] move: Pain Split
|move|p1a: Ferrothorn|Power Whip|p2a: Rotom
|-supereffective|p2a: Rotom
|-damage|p2a: Rotom|43/100
|
|-damage|p1a: Ferrothorn|51/100 brn|[from] brn
|upkeep
|turn|5
|
|t:|1746065286
|move|p2a: Rotom|Volt Switch|p1a: Ferrothorn
|-resisted|p1a: Ferrothorn
|-damage|p1a: Ferrothorn|42/100 brn
|
|t:|1746065289
|switch|p2a: Excadrill|Excadrill, M, shiny|100/100|[from] Volt Switch
|-damage|p2a: Excadrill|88/100|[from] Spikes
|move|p1a: Ferrothorn|Knock Off|p2a: Excadrill
|-resisted|p2a: Excadrill
|-damage|p2a: Excadrill|87/100
|-enditem|p2a: Excadrill|Leftovers|[from] move: Knock Off|[of] p1a: Ferrothorn
|
|-damage|p1a: Ferrothorn|29/100 brn|[from] brn
|upkeep
|turn|6
|
|t:|1746065297
|switch|p1a: Landorus|Landorus-Therian, M|100/100
|-ability|p1a: Landorus|Intimidate|boost
|-unboost|p2a: Excadrill|atk|1
|move|p2a: Excadrill|Rapid Spin|p1a: Landorus
|-damage|p1a: Landorus|96/100
|-sideend|p2: pihgvgerbtr|Spikes|[from] move: Rapid Spin|[of] p2a: Excadrill
|
|-heal|p1a: Landorus|100/100|[from] item: Leftovers
|upkeep
|turn|7
|
|t:|1746065301
|move|p1a: Landorus|Stealth Rock|p2a: Excadrill
|-sidestart|p2: pihgvgerbtr|move: Stealth Rock
|move|p2a: Excadrill|Iron Head|p1a: Landorus
|-damage|p1a: Landorus|70/100
|
|-heal|p1a: Landorus|77/100|[from] item: Leftovers
|upkeep
|turn|8
|
|t:|1746065306
|switch|p2a: Landorus|Landorus-Therian, M, shiny|100/100
|-damage|p2a: Landorus|88/100|[from] Stealth Rock
|-ability|p2a: Landorus|Intimidate|boost
|-unboost|p1a: Landorus|atk|1
|move|p1a: Landorus|U-turn|p2a: Landorus
|-resisted|p2a: Landorus
|-damage|p2a: Landorus|80/100
|
|t:|1746065312
|switch|p1a: Keldeo|Keldeo|100/100|[from] U-turn
|
|-heal|p2a: Landorus|86/100|[from] item: Leftovers
|upkeep
|turn|9
|
|t:|1746065321
|switch|p2a: Rotom|Rotom-Wash, shiny|43/100
|-damage|p2a: Rotom|31/100|[from] Stealth Rock
|move|p1a: Keldeo|Scald|p2a: Rotom
|-resisted|p2a: Rotom
|-damage|p2a: Rotom|10/100
|
|upkeep
|turn|10
|
|t:|1746065325
|move|p1a: Keldeo|Scald|p2a: Rotom
|-resisted|p2a: Rotom
|-damage|p2a: Rotom|0 fnt
|faint|p2a: Rotom
|
|upkeep
|
|t:|1746065329
|switch|p2a: Tyranitar|Tyranitar, F, shiny|100/100
|-damage|p2a: Tyranitar|88/100|[from] Stealth Rock
|-weather|Sandstorm|[from] ability: Sand Stream|[of] p2a: Tyranitar
|turn|11
|
|t:|1746065335
|move|p1a: Keldeo|Secret Sword|p2a: Tyranitar
|-supereffective|p2a: Tyranitar
|-enditem|p2a: Tyranitar|Chople Berry|[eat]
|-enditem|p2a: Tyranitar|Chople Berry|[weaken]
|-damage|p2a: Tyranitar|28/100
|move|p2a: Tyranitar|Thunder Wave|p1a: Keldeo
|-status|p1a: Keldeo|par
|
|-weather|Sandstorm|[upkeep]
|-damage|p1a: Keldeo|94/100 par|[from] Sandstorm
|-heal|p1a: Keldeo|100/100 par|[from] item: Leftovers
|upkeep
|turn|12
|
|t:|1746065344
|move|p2a: Tyranitar|Superpower|p1a: Keldeo
|-damage|p1a: Keldeo|53/100 par
|-unboost|p2a: Tyranitar|atk|1
|-unboost|p2a: Tyranitar|def|1
|move|p1a: Keldeo|Scald|p2a: Tyranitar
|-supereffective|p2a: Tyranitar
|-damage|p2a: Tyranitar|0 fnt
|faint|p2a: Tyranitar
|
|-weather|Sandstorm|[upkeep]
|-damage|p1a: Keldeo|47/100 par|[from] Sandstorm
|-heal|p1a: Keldeo|53/100 par|[from] item: Leftovers
|upkeep
|
|t:|1746065353
|switch|p2a: Excadrill|Excadrill, M, shiny|87/100
|-damage|p2a: Excadrill|84/100|[from] Stealth Rock
|turn|13
|
|t:|1746065360
|move|p2a: Excadrill|Earthquake|p1a: Keldeo
|-crit|p1a: Keldeo
|-damage|p1a: Keldeo|0 fnt
|faint|p1a: Keldeo
|
|-weather|Sandstorm|[upkeep]
|upkeep
|
|t:|1746065375
|switch|p1a: Landorus|Landorus-Therian, M|77/100
|-ability|p1a: Landorus|Intimidate|boost
|-unboost|p2a: Excadrill|atk|1
|turn|14
|
|t:|1746065380
|switch|p2a: Landorus|Landorus-Therian, M, shiny|86/100
|-damage|p2a: Landorus|74/100|[from] Stealth Rock
|-ability|p2a: Landorus|Intimidate|boost
|-unboost|p1a: Landorus|atk|1
|move|p1a: Landorus|Earthquake|p2a: Landorus
|-immune|p2a: Landorus
|
|-weather|Sandstorm|[upkeep]
|-heal|p1a: Landorus|83/100|[from] item: Leftovers
|-heal|p2a: Landorus|80/100|[from] item: Leftovers
|upkeep
|turn|15
|
|t:|1746065390
|move|p1a: Landorus|Hidden Power|p2a: Landorus
|-supereffective|p2a: Landorus
|-damage|p2a: Landorus|0 fnt
|faint|p2a: Landorus
|
|-weather|Sandstorm|[upkeep]
|-heal|p1a: Landorus|89/100|[from] item: Leftovers
|upkeep
|
|t:|1746065395
|switch|p2a: Ferrothorn|Ferrothorn, F, shiny|100/100
|-damage|p2a: Ferrothorn|94/100|[from] Stealth Rock
|turn|16
|
|t:|1746065406
|move|p1a: Landorus|Earthquake|p2a: Ferrothorn
|-damage|p2a: Ferrothorn|70/100
|move|p2a: Ferrothorn|Stealth Rock|p1a: Landorus
|-sidestart|p1: jz's mom|move: Stealth Rock
|
|-weather|Sandstorm|[upkeep]
|-heal|p1a: Landorus|95/100|[from] item: Leftovers
|-heal|p2a: Ferrothorn|76/100|[from] item: Leftovers
|upkeep
|turn|17
|
|t:|1746065411
|switch|p1a: Alakazam|Alakazam, M|100/100
|move|p2a: Ferrothorn|Gyro Ball|p1a: Alakazam
|-damage|p1a: Alakazam|0 fnt
|faint|p1a: Alakazam
|
|-weather|Sandstorm|[upkeep]
|-heal|p2a: Ferrothorn|83/100|[from] item: Leftovers
|upkeep
|
|t:|1746065415
|switch|p1a: Tyranitar|Tyranitar, F|100/100
|-damage|p1a: Tyranitar|88/100|[from] Stealth Rock
|turn|18
|inactive|pihgvgerbtr has 120 seconds left.
|inactive|pihgvgerbtr has 90 seconds left.
|
|t:|1746065483
|switch|p2a: Latios|Latios, M, shiny|100/100
|-damage|p2a: Latios|88/100|[from] Stealth Rock
|move|p1a: Tyranitar|Flamethrower|p2a: Latios
|-resisted|p2a: Latios
|-damage|p2a: Latios|77/100
|
|-weather|Sandstorm|[upkeep]
|-damage|p2a: Latios|71/100|[from] Sandstorm
|upkeep
|turn|19
|inactive|pihgvgerbtr has 90 seconds left.
|
|t:|1746065502
|move|p2a: Latios|Surf|p1a: Tyranitar
|-supereffective|p1a: Tyranitar
|-damage|p1a: Tyranitar|55/100
|move|p1a: Tyranitar|Pursuit|p2a: Latios
|-supereffective|p2a: Latios
|-damage|p2a: Latios|17/100
|
|-weather|Sandstorm|[upkeep]
|-damage|p2a: Latios|11/100|[from] Sandstorm
|upkeep
|turn|20
|inactive|pihgvgerbtr has 90 seconds left.
|
|t:|1746065511
|-activate|p2a: Latios|move: Pursuit
|move|p1a: Tyranitar|Pursuit|p2a: Latios|[from] Pursuit
|-supereffective|p2a: Latios
|-damage|p2a: Latios|0 fnt
|faint|p2a: Latios
|-hint|A Pokemon can't switch between when it runs out of HP and when it faints
|
|-weather|Sandstorm|[upkeep]
|upkeep
|inactive|pihgvgerbtr has 90 seconds left.
|
|t:|1746065517
|switch|p2a: Excadrill|Excadrill, M, shiny|84/100
|-damage|p2a: Excadrill|81/100|[from] Stealth Rock
|turn|21
|
|t:|1746065527
|switch|p1a: Ferrothorn|Ferrothorn, F|29/100 brn
|-damage|p1a: Ferrothorn|23/100 brn|[from] Stealth Rock
|move|p2a: Excadrill|Rapid Spin|p1a: Ferrothorn
|-resisted|p1a: Ferrothorn
|-damage|p1a: Ferrothorn|21/100 brn
|-damage|p2a: Excadrill|68/100|[from] ability: Iron Barbs|[of] p1a: Ferrothorn
|-sideend|p2: pihgvgerbtr|Stealth Rock|[from] move: Rapid Spin|[of] p2a: Excadrill
|
|-weather|Sandstorm|[upkeep]
|-damage|p1a: Ferrothorn|8/100 brn|[from] brn
|upkeep
|turn|22
|
|t:|1746065533
|move|p2a: Excadrill|Earthquake|p1a: Ferrothorn
|-damage|p1a: Ferrothorn|0 fnt
|faint|p1a: Ferrothorn
|
|-weather|Sandstorm|[upkeep]
|upkeep
|
|t:|1746065537
|switch|p1a: Landorus|Landorus-Therian, M|95/100
|-damage|p1a: Landorus|83/100|[from] Stealth Rock
|-ability|p1a: Landorus|Intimidate|boost
|-unboost|p2a: Excadrill|atk|1
|turn|23
|
|t:|1746065544
|switch|p2a: Ferrothorn|Ferrothorn, F, shiny|83/100
|move|p1a: Landorus|Earthquake|p2a: Ferrothorn
|-damage|p2a: Ferrothorn|47/100
|
|-weather|Sandstorm|[upkeep]
|-heal|p1a: Landorus|89/100|[from] item: Leftovers
|-heal|p2a: Ferrothorn|53/100|[from] item: Leftovers
|upkeep
|turn|24
|inactive|pihgvgerbtr has 120 seconds left.
|
|t:|1746065555
|move|p1a: Landorus|Earthquake|p2a: Ferrothorn
|-damage|p2a: Ferrothorn|20/100
|move|p2a: Ferrothorn|Gyro Ball|p1a: Landorus
|-crit|p1a: Landorus
|-damage|p1a: Landorus|0 fnt
|faint|p1a: Landorus
|
|-weather|Sandstorm|[upkeep]
|-heal|p2a: Ferrothorn|26/100|[from] item: Leftovers
|upkeep
|
|t:|1746065558
|switch|p1a: Tyranitar|Tyranitar, F|55/100
|-damage|p1a: Tyranitar|43/100|[from] Stealth Rock
|turn|25
|inactive|pihgvgerbtr has 120 seconds left.
|inactive|pihgvgerbtr has 90 seconds left.
|
|t:|1746065612
|switch|p2a: Excadrill|Excadrill, M, shiny|68/100
|move|p1a: Tyranitar|Flamethrower|p2a: Excadrill
|-supereffective|p2a: Excadrill
|-damage|p2a: Excadrill|14/100
|-status|p2a: Excadrill|brn
|
|-weather|Sandstorm|[upkeep]
|-damage|p2a: Excadrill|2/100 brn|[from] brn
|upkeep
|turn|26
|inactive|pihgvgerbtr has 90 seconds left.
|
|t:|1746065628
|switch|p2a: Ferrothorn|Ferrothorn, F, shiny|26/100
|switch|p1a: Latios|Latios, M|100/100
|-damage|p1a: Latios|88/100|[from] Stealth Rock
|
|-weather|Sandstorm|[upkeep]
|-damage|p1a: Latios|82/100|[from] Sandstorm
|-heal|p2a: Ferrothorn|33/100|[from] item: Leftovers
|upkeep
|turn|27
|inactive|pihgvgerbtr has 90 seconds left.
|
|t:|1746065634
|move|p1a: Latios|Trick|p2a: Ferrothorn
|-activate|p1a: Latios|move: Trick|[of] p2a: Ferrothorn
|-item|p2a: Ferrothorn|Choice Scarf|[from] move: Trick
|-item|p1a: Latios|Leftovers|[from] move: Trick
|move|p2a: Ferrothorn|Gyro Ball|p1a: Latios
|-damage|p1a: Latios|17/100
|
|-weather|Sandstorm|[upkeep]
|-damage|p1a: Latios|11/100|[from] Sandstorm
|-heal|p1a: Latios|17/100|[from] item: Leftovers
|upkeep
|turn|28
|
|t:|1746065642
|move|p1a: Latios|Draco Meteor|p2a: Ferrothorn
|-resisted|p2a: Ferrothorn
|-damage|p2a: Ferrothorn|11/100
|-unboost|p1a: Latios|spa|2
|move|p2a: Ferrothorn|Gyro Ball|p1a: Latios
|-damage|p1a: Latios|0 fnt
|faint|p1a: Latios
|
|-weather|Sandstorm|[upkeep]
|upkeep
|
|t:|1746065645
|switch|p1a: Tyranitar|Tyranitar, F|43/100
|-damage|p1a: Tyranitar|31/100|[from] Stealth Rock
|turn|29
|
|t:|1746065648
|move|p1a: Tyranitar|Flamethrower|p2a: Ferrothorn
|-supereffective|p2a: Ferrothorn
|-damage|p2a: Ferrothorn|0 fnt
|faint|p2a: Ferrothorn
|
|-weather|Sandstorm|[upkeep]
|upkeep
|
|t:|1746065650
|switch|p2a: Excadrill|Excadrill, M, shiny|2/100 brn
|turn|30
|
|t:|1746065652
|move|p2a: Excadrill|Earthquake|p1a: Tyranitar
|-supereffective|p1a: Tyranitar
|-damage|p1a: Tyranitar|0 fnt
|faint|p1a: Tyranitar
|
|win|pihgvgerbtr
|raw|jz&apos;s mom's rating: 1357 &rarr; <strong>1334</strong><br />(-23 for losing)
|raw|pihgvgerbtr's rating: 1306 &rarr; <strong>1329</strong><br />(+23 for winning)
|l|☆jz's mom
|player|p1|
