|j|☆bkxcb
|j|☆Mikeflem12326171
|t:|1747968678
|gametype|singles
|player|p1|bkxcb|1|1402
|player|p2|Mikeflem12326171|colress|1313
|teamsize|p1|6
|teamsize|p2|6
|gen|5
|tier|[Gen 5] OU
|rated|
|rule|Species Clause: Limit one of each Pokémon
|rule|OHKO Clause: OHKO moves are banned
|rule|Moody Clause: Moody is banned
|rule|Evasion Items Clause: Evasion items are banned
|rule|Evasion Moves Clause: Evasion moves are banned
|rule|Endless Battle Clause: Forcing endless battles is banned
|rule|HP Percentage Mod: HP is shown in percentages
|rule|Evasion Abilities Clause: Evasion abilities are banned
|rule|Sleep Moves Clause: Sleep-inducing moves are banned
|rule|Swagger Clause: Swagger is banned
|rule|Baton Pass Stat Clause: No Baton Passer may have a way to boost its stats
|clearpoke
|poke|p1|Mamoswine, M|item
|poke|p1|Latios, M|item
|poke|p1|Scizor, F|item
|poke|p1|Kyurem-Black|item
|poke|p1|Salamence, M|item
|poke|p1|Magnezone|item
|poke|p2|Dragonite, M|item
|poke|p2|Scizor, F|item
|poke|p2|Ferrothorn, M|item
|poke|p2|Volcarona, M|item
|poke|p2|Starmie|item
|poke|p2|Chansey, F|item
|teampreview
|
|t:|1747968725
|start
|switch|p1a: Magnezone|Magnezone|100/100
|switch|p2a: Starfy|Starmie|100/100
|turn|1
|
|t:|1747968732
|switch|p2a: Chansey|Chansey, F|100/100
|move|p1a: Magnezone|Volt Switch|p2a: Chansey
|-damage|p2a: Chansey|88/100
|
|t:|1747968735
|switch|p1a: Mamoswine|Mamoswine, M|100/100|[from] Volt Switch
|
|upkeep
|turn|2
|
|t:|1747968741
|switch|p2a: Firethorn|Ferrothorn, M, shiny|100/100
|move|p1a: Mamoswine|Stealth Rock|p2a: Firethorn
|-sidestart|p2: Mikeflem12326171|move: Stealth Rock
|
|upkeep
|turn|3
|
|t:|1747968750
|switch|p1a: Magnezone|Magnezone|100/100
|move|p2a: Firethorn|Stealth Rock|p1a: Magnezone
|-sidestart|p1: bkxcb|move: Stealth Rock
|
|upkeep
|turn|4
|
|t:|1747968755
|move|p1a: Magnezone|Hidden Power|p2a: Firethorn
|-supereffective|p2a: Firethorn
|-damage|p2a: Firethorn|0 fnt
|faint|p2a: Firethorn
|
|upkeep
|
|t:|1747968766
|switch|p2a: Vulcanis|Volcarona, M|100/100
|-damage|p2a: Vulcanis|51/100|[from] Stealth Rock
|turn|5
|
|t:|1747968775
|move|p2a: Vulcanis|Quiver Dance|p2a: Vulcanis
|-boost|p2a: Vulcanis|spa|1
|-boost|p2a: Vulcanis|spd|1
|-boost|p2a: Vulcanis|spe|1
|move|p1a: Magnezone|Hidden Power|p2a: Vulcanis
|-damage|p2a: Vulcanis|28/100
|-enditem|p2a: Vulcanis|Sitrus Berry|[eat]
|-heal|p2a: Vulcanis|53/100|[from] item: Sitrus Berry
|
|upkeep
|turn|6
|
|t:|1747968808
|switch|p1a: Mamoswine|Mamoswine, M|100/100
|-damage|p1a: Mamoswine|88/100|[from] Stealth Rock
|move|p2a: Vulcanis|Quiver Dance|p2a: Vulcanis
|-boost|p2a: Vulcanis|spa|1
|-boost|p2a: Vulcanis|spd|1
|-boost|p2a: Vulcanis|spe|1
|
|upkeep
|turn|7
|
|t:|1747968814
|move|p1a: Mamoswine|Ice Shard|p2a: Vulcanis
|-resisted|p2a: Vulcanis
|-damage|p2a: Vulcanis|40/100
|move|p2a: Vulcanis|Flamethrower|p1a: Mamoswine
|-supereffective|p1a: Mamoswine
|-damage|p1a: Mamoswine|0 fnt
|faint|p1a: Mamoswine
|
|upkeep
|
|t:|1747968824
|switch|p1a: Scizor|Scizor, F|100/100
|-damage|p1a: Scizor|88/100|[from] Stealth Rock
|turn|8
|
|t:|1747968827
|move|p1a: Scizor|Quick Attack|p2a: Vulcanis
|-damage|p2a: Vulcanis|2/100
|move|p2a: Vulcanis|Flamethrower|p1a: Scizor
|-supereffective|p1a: Scizor
|-damage|p1a: Scizor|0 fnt
|faint|p1a: Scizor
|
|upkeep
|
|t:|1747968837
|switch|p1a: Latios|Latios, M|100/100
|-damage|p1a: Latios|88/100|[from] Stealth Rock
|turn|9
|
|t:|1747968841
|move|p2a: Vulcanis|Bug Buzz|p1a: Latios
|-supereffective|p1a: Latios
|-crit|p1a: Latios
|-damage|p1a: Latios|0 fnt
|faint|p1a: Latios
|
|upkeep
|
|t:|1747968843
|switch|p1a: Kyurem|Kyurem-Black|100/100
|-damage|p1a: Kyurem|75/100|[from] Stealth Rock
|-ability|p1a: Kyurem|Teravolt
|turn|10
|
|t:|1747968847
|move|p2a: Vulcanis|Flamethrower|p1a: Kyurem
|-damage|p1a: Kyurem|0 fnt
|faint|p1a: Kyurem
|
|upkeep
|
|t:|1747968848
|switch|p1a: Salamence|Salamence, M|100/100
|-damage|p1a: Salamence|76/100|[from] Stealth Rock
|turn|11
|
|t:|1747968850
|move|p2a: Vulcanis|Hidden Power|p1a: Salamence
|-supereffective|p1a: Salamence
|-damage|p1a: Salamence|0 fnt
|faint|p1a: Salamence
|
|upkeep
|
|t:|1747968852
|switch|p1a: Magnezone|Magnezone|100/100
|-damage|p1a: Magnezone|94/100|[from] Stealth Rock
|turn|12
|
|t:|1747968855
|move|p2a: Vulcanis|Flamethrower|p1a: Magnezone
|-supereffective|p1a: Magnezone
|-crit|p1a: Magnezone
|-damage|p1a: Magnezone|0 fnt
|faint|p1a: Magnezone
|
|win|Mikeflem12326171
|raw|bkxcb's rating: 1402 &rarr; <strong>1377</strong><br />(-25 for losing)
|raw|Mikeflem12326171's rating: 1313 &rarr; <strong>1338</strong><br />(+25 for winning)
|l|☆bkxcb
|player|p1|
