|j|☆Juaann69
|j|☆stonya
|t:|1705211322
|gametype|singles
|player|p1|Juaann69|rosa|1364
|player|p2|stonya|2|1345
|teamsize|p1|6
|teamsize|p2|6
|gen|5
|tier|[Gen 5] OU
|rated|
|rule|Species Clause: Limit one of each Pokémon
|rule|OHKO Clause: OHKO moves are banned
|rule|Moody Clause: Moody is banned
|rule|Evasion Items Clause: Evasion items are banned
|rule|Evasion Moves Clause: Evasion moves are banned
|rule|Endless Battle Clause: Forcing endless battles is banned
|rule|HP Percentage Mod: HP is shown in percentages
|rule|Evasion Abilities Clause: Evasion abilities are banned
|rule|Sleep Moves Clause: Sleep-inducing moves are banned
|rule|Swagger Clause: Swagger is banned
|rule|Baton Pass Stat Clause: No Baton Passer may have a way to boost its stats
|clearpoke
|poke|p1|Gyarados, M|item
|poke|p1|Nidoking, M|item
|poke|p1|Dragonite, M|item
|poke|p1|Garchomp, M|item
|poke|p1|Gengar, M|item
|poke|p1|Scizor, M|item
|poke|p2|Tyranitar, M|item
|poke|p2|Magnezone|item
|poke|p2|Terrakion|item
|poke|p2|Latios, M|item
|poke|p2|Scizor, M|item
|poke|p2|Landorus-Therian, M|item
|teampreview
|
|t:|1705211334
|start
|switch|p1a: Scizor|Scizor, M, shiny|100/100
|switch|p2a: Pat Riely|Tyranitar, M|100/100
|-weather|Sandstorm|[from] ability: Sand Stream|[of] p2a: Pat Riely
|turn|1
|inactive|Battle timer is ON: inactive players will automatically lose when time's up. (requested by Juaann69)
|
|t:|1705211339
|switch|p2a: Bron Bron|Landorus-Therian, M|100/100
|-ability|p2a: Bron Bron|Intimidate|boost
|-unboost|p1a: Scizor|atk|1
|move|p1a: Scizor|U-turn|p2a: Bron Bron
|-resisted|p2a: Bron Bron
|-damage|p2a: Bron Bron|80/100
|
|t:|1705211350
|switch|p1a: Gyarados|Gyarados, M, shiny|100/100|[from] U-turn
|-ability|p1a: Gyarados|Intimidate|boost
|-unboost|p2a: Bron Bron|atk|1
|
|-weather|Sandstorm|[upkeep]
|-damage|p1a: Gyarados|94/100|[from] Sandstorm
|-heal|p1a: Gyarados|100/100|[from] item: Leftovers
|upkeep
|turn|2
|
|t:|1705211362
|switch|p2a: Pat Riely|Tyranitar, M|100/100
|move|p1a: Gyarados|Dragon Dance|p1a: Gyarados
|-boost|p1a: Gyarados|atk|1
|-boost|p1a: Gyarados|spe|1
|
|-weather|Sandstorm|[upkeep]
|-damage|p1a: Gyarados|94/100|[from] Sandstorm
|-heal|p1a: Gyarados|100/100|[from] item: Leftovers
|upkeep
|turn|3
|
|t:|1705211371
|move|p1a: Gyarados|Waterfall|p2a: Pat Riely
|-supereffective|p2a: Pat Riely
|-damage|p2a: Pat Riely|0 fnt
|faint|p2a: Pat Riely
|
|-weather|Sandstorm|[upkeep]
|-damage|p1a: Gyarados|94/100|[from] Sandstorm
|-heal|p1a: Gyarados|100/100|[from] item: Leftovers
|upkeep
|
|t:|1705211374
|switch|p2a: D.Wade|Terrakion|100/100
|turn|4
|
|t:|1705211380
|move|p2a: D.Wade|Stone Edge|p1a: Gyarados
|-supereffective|p1a: Gyarados
|-crit|p1a: Gyarados
|-damage|p1a: Gyarados|0 fnt
|faint|p1a: Gyarados
|
|-weather|Sandstorm|[upkeep]
|upkeep
|
|t:|1705211393
|switch|p1a: Nidoking|Nidoking, M, shiny|100/100
|turn|5
|
|t:|1705211402
|switch|p2a: Miller|Scizor, M, shiny|100/100
|move|p1a: Nidoking|Ice Beam|p2a: Miller
|-resisted|p2a: Miller
|-damage|p2a: Miller|79/100
|
|-weather|Sandstorm|[upkeep]
|upkeep
|turn|6
|inactive|stonya has 120 seconds left.
|
|t:|1705211437
|switch|p1a: Dragonite|Dragonite, M, shiny|100/100
|move|p2a: Miller|Bullet Punch|p1a: Dragonite
|-damage|p1a: Dragonite|76/100
|
|-weather|Sandstorm|[upkeep]
|-damage|p1a: Dragonite|70/100|[from] Sandstorm
|upkeep
|turn|7
|
|t:|1705211447
|switch|p2a: Bron Bron|Landorus-Therian, M|80/100
|-ability|p2a: Bron Bron|Intimidate|boost
|-unboost|p1a: Dragonite|atk|1
|move|p1a: Dragonite|Dragon Dance|p1a: Dragonite
|-boost|p1a: Dragonite|atk|1
|-boost|p1a: Dragonite|spe|1
|
|-weather|Sandstorm|[upkeep]
|-damage|p1a: Dragonite|64/100|[from] Sandstorm
|upkeep
|turn|8
|
|t:|1705211456
|move|p1a: Dragonite|Dragon Claw|p2a: Bron Bron
|-damage|p2a: Bron Bron|37/100
|move|p2a: Bron Bron|Hidden Power|p1a: Dragonite
|-supereffective|p1a: Dragonite
|-damage|p1a: Dragonite|0 fnt
|faint|p1a: Dragonite
|
|-weather|Sandstorm|[upkeep]
|upkeep
|
|t:|1705211472
|switch|p1a: Gengar|Gengar, M, shiny|100/100
|turn|9
|
|t:|1705211482
|move|p1a: Gengar|Substitute|p1a: Gengar
|-start|p1a: Gengar|Substitute
|-damage|p1a: Gengar|76/100
|move|p2a: Bron Bron|Hidden Power|p1a: Gengar
|-end|p1a: Gengar|Substitute
|
|-weather|Sandstorm|[upkeep]
|-damage|p1a: Gengar|69/100|[from] Sandstorm
|-heal|p1a: Gengar|76/100|[from] item: Black Sludge
|upkeep
|turn|10
|
|t:|1705211493
|move|p1a: Gengar|Shadow Ball|p2a: Bron Bron
|-damage|p2a: Bron Bron|0 fnt
|faint|p2a: Bron Bron
|
|-weather|Sandstorm|[upkeep]
|-damage|p1a: Gengar|69/100|[from] Sandstorm
|-heal|p1a: Gengar|76/100|[from] item: Black Sludge
|upkeep
|
|t:|1705211498
|switch|p2a: Miller|Scizor, M, shiny|79/100
|turn|11
|
|t:|1705211510
|switch|p1a: Scizor|Scizor, M, shiny|100/100
|move|p2a: Miller|Bullet Punch|p1a: Scizor
|-resisted|p1a: Scizor
|-damage|p1a: Scizor|75/100
|
|-weather|Sandstorm|[upkeep]
|upkeep
|turn|12
|
|t:|1705211521
|move|p2a: Miller|Bullet Punch|p1a: Scizor
|-resisted|p1a: Scizor
|-damage|p1a: Scizor|50/100
|move|p1a: Scizor|Superpower|p2a: Miller
|-damage|p2a: Miller|12/100
|-unboost|p1a: Scizor|atk|1
|-unboost|p1a: Scizor|def|1
|
|-weather|Sandstorm|[upkeep]
|upkeep
|turn|13
|
|t:|1705211530
|switch|p1a: Garchomp|Garchomp, M, shiny|100/100
|move|p2a: Miller|Bullet Punch|p1a: Garchomp
|-damage|p1a: Garchomp|52/100
|-damage|p2a: Miller|0 fnt|[from] ability: Rough Skin|[of] p1a: Garchomp
|faint|p2a: Miller
|
|-weather|Sandstorm|[upkeep]
|upkeep
|
|t:|1705211534
|switch|p2a: Bosh|Latios, M, shiny|100/100
|turn|14
|
|t:|1705211540
|move|p2a: Bosh|Draco Meteor|p1a: Garchomp
|-supereffective|p1a: Garchomp
|-damage|p1a: Garchomp|0 fnt
|-unboost|p2a: Bosh|spa|2
|faint|p1a: Garchomp
|
|-weather|Sandstorm|[upkeep]
|-damage|p2a: Bosh|95/100|[from] Sandstorm
|upkeep
|
|t:|1705211547
|switch|p1a: Scizor|Scizor, M, shiny|50/100
|turn|15
|
|t:|1705211561
|switch|p2a: D.Wade|Terrakion|100/100
|move|p1a: Scizor|U-turn|p2a: D.Wade
|-resisted|p2a: D.Wade
|-crit|p2a: D.Wade
|-damage|p2a: D.Wade|28/100
|
|t:|1705211570
|switch|p1a: Nidoking|Nidoking, M, shiny|100/100|[from] U-turn
|
|-weather|Sandstorm|[upkeep]
|upkeep
|turn|16
|
|t:|1705211579
|move|p2a: D.Wade|Close Combat|p1a: Nidoking
|-resisted|p1a: Nidoking
|-damage|p1a: Nidoking|54/100
|-unboost|p2a: D.Wade|def|1
|-unboost|p2a: D.Wade|spd|1
|move|p1a: Nidoking|Ice Beam|p2a: D.Wade
|-damage|p2a: D.Wade|0 fnt
|faint|p2a: D.Wade
|
|-weather|Sandstorm|[upkeep]
|upkeep
|
|t:|1705211582
|switch|p2a: Bosh|Latios, M, shiny|95/100
|turn|17
|
|t:|1705211597
|switch|p1a: Scizor|Scizor, M, shiny|50/100
|move|p2a: Bosh|Surf|p1a: Scizor
|-damage|p1a: Scizor|9/100
|
|-weather|Sandstorm|[upkeep]
|-damage|p2a: Bosh|89/100|[from] Sandstorm
|upkeep
|turn|18
|
|t:|1705211605
|switch|p2a: Ray Allen|Magnezone|100/100
|move|p1a: Scizor|Bullet Punch|p2a: Ray Allen
|-resisted|p2a: Ray Allen
|-damage|p2a: Ray Allen|86/100
|
|-weather|Sandstorm|[upkeep]
|-heal|p2a: Ray Allen|92/100|[from] item: Leftovers
|upkeep
|turn|19
|
|t:|1705211613
|move|p1a: Scizor|Bullet Punch|p2a: Ray Allen
|-resisted|p2a: Ray Allen
|-damage|p2a: Ray Allen|78/100
|move|p2a: Ray Allen|Substitute|p2a: Ray Allen
|-start|p2a: Ray Allen|Substitute
|-damage|p2a: Ray Allen|54/100
|
|-weather|Sandstorm|[upkeep]
|-heal|p2a: Ray Allen|60/100|[from] item: Leftovers
|upkeep
|turn|20
|
|t:|1705211621
|move|p1a: Scizor|Bullet Punch|p2a: Ray Allen
|-resisted|p2a: Ray Allen
|-activate|p2a: Ray Allen|Substitute|[damage]
|move|p2a: Ray Allen|Charge Beam|p1a: Scizor
|-damage|p1a: Scizor|0 fnt
|faint|p1a: Scizor
|
|-weather|Sandstorm|[upkeep]
|-heal|p2a: Ray Allen|66/100|[from] item: Leftovers
|upkeep
|
|t:|1705211640
|switch|p1a: Gengar|Gengar, M, shiny|76/100
|turn|21
|
|t:|1705211649
|move|p1a: Gengar|Shadow Ball|p2a: Ray Allen
|-resisted|p2a: Ray Allen
|-end|p2a: Ray Allen|Substitute
|move|p2a: Ray Allen|Flash Cannon|p1a: Gengar
|-crit|p1a: Gengar
|-damage|p1a: Gengar|0 fnt
|faint|p1a: Gengar
|
|-weather|Sandstorm|[upkeep]
|-heal|p2a: Ray Allen|72/100|[from] item: Leftovers
|upkeep
|
|t:|1705211658
|switch|p1a: Nidoking|Nidoking, M, shiny|54/100
|turn|22
|
|t:|1705211662
|move|p1a: Nidoking|Ice Beam|p2a: Ray Allen
|-resisted|p2a: Ray Allen
|-damage|p2a: Ray Allen|50/100
|move|p2a: Ray Allen|Flash Cannon|p1a: Nidoking
|-damage|p1a: Nidoking|0 fnt
|faint|p1a: Nidoking
|
|win|stonya
|raw|Juaann69's rating: 1364 &rarr; <strong>1343</strong><br />(-21 for losing)
|raw|stonya's rating: 1345 &rarr; <strong>1366</strong><br />(+21 for winning)
|l|☆Juaann69
|player|p1|
|raw|<div class="broadcast-red"><b>The server is restarting soon.</b><br />Please finish your battles quickly. No new battles can be started until the server resets in a few minutes.</div>
