|j|☆unzipscrogre
|j|☆Paltham
|t:|1749533365
|gametype|singles
|player|p1|unzipscrogre|unknown|1374
|player|p2|Paltham|265|1278
|teamsize|p1|6
|teamsize|p2|6
|gen|5
|tier|[Gen 5] OU
|rated|
|rule|Species Clause: Limit one of each Pokémon
|rule|OHKO Clause: OHKO moves are banned
|rule|Moody Clause: Moody is banned
|rule|Evasion Items Clause: Evasion items are banned
|rule|Evasion Moves Clause: Evasion moves are banned
|rule|Endless Battle Clause: Forcing endless battles is banned
|rule|HP Percentage Mod: HP is shown in percentages
|rule|Evasion Abilities Clause: Evasion abilities are banned
|rule|Sleep Moves Clause: Sleep-inducing moves are banned
|rule|Swagger Clause: Swagger is banned
|rule|Baton Pass Stat Clause: No Baton Passer may have a way to boost its stats
|clearpoke
|poke|p1|Hippowdon, F|item
|poke|p1|Ferrothorn, M|item
|poke|p1|Rotom|item
|poke|p1|Reuniclus, M|item
|poke|p1|Latios, M|item
|poke|p1|Alakazam, M|item
|poke|p2|Hitmonlee, M|item
|poke|p2|Latios, M|item
|poke|p2|Landorus-Therian, M|item
|poke|p2|Tyranitar, M|item
|poke|p2|Alakazam, M|item
|poke|p2|Keldeo|item
|teampreview
|inactive|Battle timer is ON: inactive players will automatically lose when time's up. (requested by unzipscrogre)
|
|t:|1749533389
|start
|switch|p1a: Hippowdon|Hippowdon, F|100/100
|switch|p2a: Landorus|Landorus-Therian, M|100/100
|-ability|p2a: Landorus|Intimidate|boost
|-unboost|p1a: Hippowdon|atk|1
|-weather|Sandstorm|[from] ability: Sand Stream|[of] p1a: Hippowdon
|turn|1
|
|t:|1749533399
|move|p2a: Landorus|Stealth Rock|p1a: Hippowdon
|-sidestart|p1: unzipscrogre|move: Stealth Rock
|move|p1a: Hippowdon|Stealth Rock|p2a: Landorus
|-sidestart|p2: Paltham|move: Stealth Rock
|
|-weather|Sandstorm|[upkeep]
|upkeep
|turn|2
|
|t:|1749533408
|move|p2a: Landorus|U-turn|p1a: Hippowdon
|-damage|p1a: Hippowdon|86/100
|
|t:|1749533417
|switch|p2a: Tyranitar|Tyranitar, M|100/100|[from] U-turn
|-damage|p2a: Tyranitar|88/100|[from] Stealth Rock
|move|p1a: Hippowdon|Whirlwind|p2a: Tyranitar
|drag|p2a: Keldeo|Keldeo|100/100
|-damage|p2a: Keldeo|94/100|[from] Stealth Rock
|
|-weather|Sandstorm|[upkeep]
|-damage|p2a: Keldeo|88/100|[from] Sandstorm
|-heal|p2a: Keldeo|94/100|[from] item: Leftovers
|-heal|p1a: Hippowdon|93/100|[from] item: Leftovers
|upkeep
|turn|3
|
|t:|1749533429
|switch|p1a: Latios|Latios, M, shiny|100/100
|-damage|p1a: Latios|88/100|[from] Stealth Rock
|move|p2a: Keldeo|Scald|p1a: Latios
|-resisted|p1a: Latios
|-damage|p1a: Latios|67/100
|
|-weather|Sandstorm|[upkeep]
|-damage|p1a: Latios|61/100|[from] Sandstorm
|-damage|p2a: Keldeo|88/100|[from] Sandstorm
|-heal|p2a: Keldeo|94/100|[from] item: Leftovers
|upkeep
|turn|4
|
|t:|1749533437
|move|p1a: Latios|Draco Meteor|p2a: Keldeo
|-damage|p2a: Keldeo|13/100
|-unboost|p1a: Latios|spa|2
|-enditem|p1a: Latios|White Herb
|-clearnegativeboost|p1a: Latios|[silent]
|move|p2a: Keldeo|Scald|p1a: Latios
|-resisted|p1a: Latios
|-damage|p1a: Latios|38/100
|-status|p1a: Latios|brn
|
|-weather|Sandstorm|[upkeep]
|-damage|p1a: Latios|32/100 brn|[from] Sandstorm
|-damage|p2a: Keldeo|6/100|[from] Sandstorm
|-heal|p2a: Keldeo|13/100|[from] item: Leftovers
|-damage|p1a: Latios|19/100 brn|[from] brn
|upkeep
|turn|5
|
|t:|1749533447
|move|p2a: Keldeo|Protect|p2a: Keldeo
|-singleturn|p2a: Keldeo|Protect
|move|p1a: Latios|Draco Meteor|p2a: Keldeo
|-activate|p2a: Keldeo|move: Protect
|
|-weather|Sandstorm|[upkeep]
|-damage|p1a: Latios|13/100 brn|[from] Sandstorm
|-damage|p2a: Keldeo|6/100|[from] Sandstorm
|-heal|p2a: Keldeo|13/100|[from] item: Leftovers
|-damage|p1a: Latios|1/100 brn|[from] brn
|upkeep
|turn|6
|
|t:|1749533459
|move|p2a: Keldeo|Protect||[still]
|-fail|p2a: Keldeo
|move|p1a: Latios|Roost|p1a: Latios
|-heal|p1a: Latios|51/100 brn
|-singleturn|p1a: Latios|move: Roost
|
|-weather|Sandstorm|[upkeep]
|-damage|p1a: Latios|45/100 brn|[from] Sandstorm
|-damage|p2a: Keldeo|6/100|[from] Sandstorm
|-heal|p2a: Keldeo|13/100|[from] item: Leftovers
|-damage|p1a: Latios|33/100 brn|[from] brn
|upkeep
|turn|7
|
|t:|1749533469
|move|p1a: Latios|Roost|p1a: Latios
|-heal|p1a: Latios|83/100 brn
|-singleturn|p1a: Latios|move: Roost
|move|p2a: Keldeo|Scald|p1a: Latios
|-resisted|p1a: Latios
|-damage|p1a: Latios|60/100 brn
|
|-weather|Sandstorm|[upkeep]
|-damage|p1a: Latios|54/100 brn|[from] Sandstorm
|-damage|p2a: Keldeo|6/100|[from] Sandstorm
|-heal|p2a: Keldeo|13/100|[from] item: Leftovers
|-damage|p1a: Latios|41/100 brn|[from] brn
|upkeep
|turn|8
|
|t:|1749533475
|move|p2a: Keldeo|Protect|p2a: Keldeo
|-singleturn|p2a: Keldeo|Protect
|move|p1a: Latios|Surf|p2a: Keldeo
|-activate|p2a: Keldeo|move: Protect
|
|-weather|Sandstorm|[upkeep]
|-damage|p1a: Latios|35/100 brn|[from] Sandstorm
|-damage|p2a: Keldeo|6/100|[from] Sandstorm
|-heal|p2a: Keldeo|13/100|[from] item: Leftovers
|-damage|p1a: Latios|23/100 brn|[from] brn
|upkeep
|turn|9
|
|t:|1749533480
|move|p1a: Latios|Roost|p1a: Latios
|-heal|p1a: Latios|73/100 brn
|-singleturn|p1a: Latios|move: Roost
|move|p2a: Keldeo|Hidden Power|p1a: Latios
|-supereffective|p1a: Latios
|-damage|p1a: Latios|27/100 brn
|
|-weather|Sandstorm|[upkeep]
|-damage|p1a: Latios|21/100 brn|[from] Sandstorm
|-damage|p2a: Keldeo|6/100|[from] Sandstorm
|-heal|p2a: Keldeo|13/100|[from] item: Leftovers
|-damage|p1a: Latios|8/100 brn|[from] brn
|upkeep
|turn|10
|
|t:|1749533490
|move|p1a: Latios|Roost|p1a: Latios
|-heal|p1a: Latios|59/100 brn
|-singleturn|p1a: Latios|move: Roost
|move|p2a: Keldeo|Hidden Power|p1a: Latios
|-supereffective|p1a: Latios
|-damage|p1a: Latios|8/100 brn
|
|-weather|Sandstorm|[upkeep]
|-damage|p1a: Latios|2/100 brn|[from] Sandstorm
|-damage|p2a: Keldeo|6/100|[from] Sandstorm
|-heal|p2a: Keldeo|13/100|[from] item: Leftovers
|-damage|p1a: Latios|0 fnt|[from] brn
|faint|p1a: Latios
|upkeep
|
|t:|1749533494
|switch|p1a: Alakazam|Alakazam, M, shiny|100/100
|turn|11
|
|t:|1749533502
|move|p1a: Alakazam|Signal Beam|p2a: Keldeo
|-resisted|p2a: Keldeo
|-damage|p2a: Keldeo|0 fnt
|faint|p2a: Keldeo
|
|-weather|Sandstorm|[upkeep]
|upkeep
|
|t:|1749533513
|switch|p2a: Tyranitar|Tyranitar, M|88/100
|-damage|p2a: Tyranitar|76/100|[from] Stealth Rock
|turn|12
|
|t:|1749533517
|move|p1a: Alakazam|Focus Blast|p2a: Tyranitar|[miss]
|-miss|p1a: Alakazam|p2a: Tyranitar
|move|p2a: Tyranitar|Thunder Wave|p1a: Alakazam
|-status|p1a: Alakazam|par
|
|-weather|Sandstorm|[upkeep]
|upkeep
|turn|13
|
|t:|1749533524
|move|p2a: Tyranitar|Crunch|p1a: Alakazam
|-supereffective|p1a: Alakazam
|-enditem|p1a: Alakazam|Focus Sash
|-damage|p1a: Alakazam|1/100 par
|-unboost|p1a: Alakazam|def|1
|cant|p1a: Alakazam|par
|
|-weather|Sandstorm|[upkeep]
|upkeep
|turn|14
|
|t:|1749533531
|move|p2a: Tyranitar|Crunch|p1a: Alakazam
|-supereffective|p1a: Alakazam
|-damage|p1a: Alakazam|0 fnt
|faint|p1a: Alakazam
|
|-weather|Sandstorm|[upkeep]
|upkeep
|
|t:|1749533534
|switch|p1a: Ferrothorn|Ferrothorn, M|100/100
|-damage|p1a: Ferrothorn|95/100|[from] Stealth Rock
|turn|15
|
|t:|1749533539
|move|p2a: Tyranitar|Flamethrower|p1a: Ferrothorn
|-supereffective|p1a: Ferrothorn
|-damage|p1a: Ferrothorn|34/100
|move|p1a: Ferrothorn|Spikes|p2a: Tyranitar
|-sidestart|p2: Paltham|Spikes
|
|-weather|Sandstorm|[upkeep]
|-heal|p1a: Ferrothorn|40/100|[from] item: Leftovers
|upkeep
|turn|16
|
|t:|1749533545
|move|p2a: Tyranitar|Thunder Wave|p1a: Ferrothorn
|-status|p1a: Ferrothorn|par
|move|p1a: Ferrothorn|Iron Head|p2a: Tyranitar
|-supereffective|p2a: Tyranitar
|-damage|p2a: Tyranitar|34/100
|
|-weather|Sandstorm|[upkeep]
|-heal|p1a: Ferrothorn|46/100 par|[from] item: Leftovers
|upkeep
|turn|17
|
|t:|1749533550
|move|p2a: Tyranitar|Flamethrower|p1a: Ferrothorn
|-supereffective|p1a: Ferrothorn
|-damage|p1a: Ferrothorn|0 fnt
|faint|p1a: Ferrothorn
|
|-weather|Sandstorm|[upkeep]
|upkeep
|
|t:|1749533552
|switch|p1a: Hippowdon|Hippowdon, F|93/100
|-damage|p1a: Hippowdon|86/100|[from] Stealth Rock
|turn|18
|
|t:|1749533556
|move|p2a: Tyranitar|Crunch|p1a: Hippowdon
|-damage|p1a: Hippowdon|63/100
|move|p1a: Hippowdon|Earthquake|p2a: Tyranitar
|-supereffective|p2a: Tyranitar
|-damage|p2a: Tyranitar|0 fnt
|faint|p2a: Tyranitar
|
|-weather|Sandstorm|[upkeep]
|-heal|p1a: Hippowdon|69/100|[from] item: Leftovers
|upkeep
|
|t:|1749533563
|switch|p2a: Hitmonlee|Hitmonlee, M|100/100
|-damage|p2a: Hitmonlee|94/100|[from] Stealth Rock
|-damage|p2a: Hitmonlee|82/100|[from] Spikes
|turn|19
|
|t:|1749533568
|switch|p1a: Rotom|Rotom, shiny|100/100
|-damage|p1a: Rotom|88/100|[from] Stealth Rock
|move|p2a: Hitmonlee|Fling|p1a: Rotom
|-supereffective|p1a: Rotom
|-damage|p1a: Rotom|0 fnt
|-enditem|p2a: Hitmonlee|Hard Stone|[from] move: Fling
|faint|p1a: Rotom
|
|-weather|Sandstorm|[upkeep]
|-damage|p2a: Hitmonlee|76/100|[from] Sandstorm
|upkeep
|
|t:|1749533574
|switch|p1a: Reuniclus|Reuniclus, M, shiny|100/100
|turn|20
|
|t:|1749533580
|move|p2a: Hitmonlee|Stone Edge|p1a: Reuniclus
|-damage|p1a: Reuniclus|77/100
|move|p1a: Reuniclus|Calm Mind|p1a: Reuniclus
|-boost|p1a: Reuniclus|spa|1
|-boost|p1a: Reuniclus|spd|1
|
|-weather|Sandstorm|[upkeep]
|-damage|p2a: Hitmonlee|69/100|[from] Sandstorm
|upkeep
|turn|21
|
|t:|1749533592
|move|p2a: Hitmonlee|Stone Edge|p1a: Reuniclus
|-damage|p1a: Reuniclus|51/100
|move|p1a: Reuniclus|Recover|p1a: Reuniclus
|-heal|p1a: Reuniclus|100/100
|
|-weather|Sandstorm|[upkeep]
|-damage|p2a: Hitmonlee|63/100|[from] Sandstorm
|upkeep
|turn|22
|
|t:|1749533598
|move|p2a: Hitmonlee|Stone Edge|p1a: Reuniclus|[miss]
|-miss|p2a: Hitmonlee|p1a: Reuniclus
|move|p1a: Reuniclus|Calm Mind|p1a: Reuniclus
|-boost|p1a: Reuniclus|spa|1
|-boost|p1a: Reuniclus|spd|1
|
|-weather|Sandstorm|[upkeep]
|-damage|p2a: Hitmonlee|57/100|[from] Sandstorm
|upkeep
|turn|23
|
|t:|1749533603
|move|p2a: Hitmonlee|Stone Edge|p1a: Reuniclus|[miss]
|-miss|p2a: Hitmonlee|p1a: Reuniclus
|move|p1a: Reuniclus|Psyshock|p2a: Hitmonlee
|-supereffective|p2a: Hitmonlee
|-damage|p2a: Hitmonlee|0 fnt
|faint|p2a: Hitmonlee
|
|-weather|Sandstorm|[upkeep]
|upkeep
|
|t:|1749533608
|switch|p2a: Landorus|Landorus-Therian, M|100/100
|-damage|p2a: Landorus|88/100|[from] Stealth Rock
|-ability|p2a: Landorus|Intimidate|boost
|-unboost|p1a: Reuniclus|atk|1
|turn|24
|
|t:|1749533613
|move|p2a: Landorus|U-turn|p1a: Reuniclus
|-supereffective|p1a: Reuniclus
|-damage|p1a: Reuniclus|67/100
|
|t:|1749533616
|switch|p2a: Alakazam|Alakazam, M|100/100|[from] U-turn
|move|p1a: Reuniclus|Recover|p1a: Reuniclus
|-heal|p1a: Reuniclus|100/100
|
|-weather|Sandstorm|[upkeep]
|upkeep
|turn|25
|
|t:|1749533624
|move|p2a: Alakazam|Shadow Ball|p1a: Reuniclus
|-supereffective|p1a: Reuniclus
|-damage|p1a: Reuniclus|67/100
|move|p1a: Reuniclus|Psyshock|p2a: Alakazam
|-resisted|p2a: Alakazam
|-damage|p2a: Alakazam|15/100
|
|-weather|Sandstorm|[upkeep]
|upkeep
|turn|26
|
|t:|1749533632
|move|p2a: Alakazam|Shadow Ball|p1a: Reuniclus
|-supereffective|p1a: Reuniclus
|-damage|p1a: Reuniclus|33/100
|-unboost|p1a: Reuniclus|spd|1
|move|p1a: Reuniclus|Recover|p1a: Reuniclus
|-heal|p1a: Reuniclus|83/100
|
|-weather|Sandstorm|[upkeep]
|upkeep
|turn|27
|
|t:|1749533641
|switch|p1a: Hippowdon|Hippowdon, F|69/100
|-damage|p1a: Hippowdon|63/100|[from] Stealth Rock
|move|p2a: Alakazam|Shadow Ball|p1a: Hippowdon
|-damage|p1a: Hippowdon|33/100
|
|-weather|Sandstorm|[upkeep]
|-heal|p1a: Hippowdon|39/100|[from] item: Leftovers
|upkeep
|turn|28
|
|t:|1749533646
|move|p2a: Alakazam|Grass Knot|p1a: Hippowdon
|-supereffective|p1a: Hippowdon
|-damage|p1a: Hippowdon|0 fnt
|faint|p1a: Hippowdon
|
|-weather|Sandstorm|[upkeep]
|upkeep
|
|t:|1749533647
|switch|p1a: Reuniclus|Reuniclus, M, shiny|83/100
|turn|29
|
|t:|1749533650
|move|p2a: Alakazam|Shadow Ball|p1a: Reuniclus
|-supereffective|p1a: Reuniclus
|-damage|p1a: Reuniclus|22/100
|move|p1a: Reuniclus|Recover|p1a: Reuniclus
|-heal|p1a: Reuniclus|72/100
|
|-weather|Sandstorm|[upkeep]
|upkeep
|turn|30
|c|☆unzipscrogre|gg
|-message|unzipscrogre forfeited.
|
|win|Paltham
|raw|unzipscrogre's rating: 1374 &rarr; <strong>1349</strong><br />(-25 for losing)
|raw|Paltham's rating: 1278 &rarr; <strong>1310</strong><br />(+32 for winning)
|l|☆unzipscrogre
|player|p1|
