|j|☆WeR#4Hay!
|j|☆SwitchStorm
|t:|1731526871
|gametype|singles
|player|p1|WeR#4Hay!|2|1475
|player|p2|SwitchStorm|hugh|1423
|teamsize|p1|6
|teamsize|p2|6
|gen|5
|tier|[Gen 5] OU
|rated|
|rule|Species Clause: Limit one of each Pokémon
|rule|OHKO Clause: OHKO moves are banned
|rule|Moody Clause: Moody is banned
|rule|Evasion Items Clause: Evasion items are banned
|rule|Evasion Moves Clause: Evasion moves are banned
|rule|Endless Battle Clause: Forcing endless battles is banned
|rule|HP Percentage Mod: HP is shown in percentages
|rule|Evasion Abilities Clause: Evasion abilities are banned
|rule|Sleep Moves Clause: Sleep-inducing moves are banned
|rule|Swagger Clause: Swagger is banned
|rule|Baton Pass Stat Clause: No Baton Passer may have a way to boost its stats
|clearpoke
|poke|p1|Tyranitar, F|item
|poke|p1|Landorus-Therian, M|item
|poke|p1|Latios, M|item
|poke|p1|Terrakion|item
|poke|p1|Rotom-Wash|item
|poke|p1|Ferrothorn, F|item
|poke|p2|Politoed, F|item
|poke|p2|Magnezone|item
|poke|p2|Keldeo-Resolute|item
|poke|p2|Landorus-Therian, M|item
|poke|p2|Jirachi|item
|poke|p2|Thundurus-Therian, M|item
|teampreview
|inactive|Battle timer is ON: inactive players will automatically lose when time's up. (requested by SwitchStorm)
|
|t:|1731526921
|start
|switch|p1a: Ferrothorn|Ferrothorn, F|100/100
|switch|p2a: Landorus|Landorus-Therian, M|100/100
|-ability|p2a: Landorus|Intimidate|boost
|-unboost|p1a: Ferrothorn|atk|1
|turn|1
|
|t:|1731526930
|move|p2a: Landorus|U-turn|p1a: Ferrothorn
|-damage|p1a: Ferrothorn|83/100
|-damage|p2a: Landorus|88/100|[from] ability: Iron Barbs|[of] p1a: Ferrothorn
|
|t:|1731526932
|switch|p2a: Magnezone|Magnezone|100/100|[from] U-turn
|move|p1a: Ferrothorn|Stealth Rock|p2a: Magnezone
|-sidestart|p2: SwitchStorm|move: Stealth Rock
|
|-heal|p1a: Ferrothorn|89/100|[from] item: Leftovers
|upkeep
|turn|2
|
|t:|1731526942
|move|p2a: Magnezone|Substitute|p2a: Magnezone
|-start|p2a: Magnezone|Substitute
|-damage|p2a: Magnezone|76/100
|move|p1a: Ferrothorn|Spikes|p2a: Magnezone
|-sidestart|p2: SwitchStorm|Spikes
|
|-heal|p2a: Magnezone|82/100|[from] item: Leftovers
|-heal|p1a: Ferrothorn|95/100|[from] item: Leftovers
|upkeep
|turn|3
|
|t:|1731526952
|move|p2a: Magnezone|Charge Beam|p1a: Ferrothorn
|-resisted|p1a: Ferrothorn
|-damage|p1a: Ferrothorn|86/100
|move|p1a: Ferrothorn|Spikes|p2a: Magnezone
|-sidestart|p2: SwitchStorm|Spikes
|
|-heal|p2a: Magnezone|88/100|[from] item: Leftovers
|-heal|p1a: Ferrothorn|92/100|[from] item: Leftovers
|upkeep
|turn|4
|
|t:|1731526956
|move|p2a: Magnezone|Charge Beam|p1a: Ferrothorn
|-resisted|p1a: Ferrothorn
|-damage|p1a: Ferrothorn|83/100
|-boost|p2a: Magnezone|spa|1
|move|p1a: Ferrothorn|Spikes|p2a: Magnezone
|-sidestart|p2: SwitchStorm|Spikes
|
|-heal|p2a: Magnezone|94/100|[from] item: Leftovers
|-heal|p1a: Ferrothorn|89/100|[from] item: Leftovers
|upkeep
|turn|5
|
|t:|1731526969
|move|p2a: Magnezone|Charge Beam|p1a: Ferrothorn
|-resisted|p1a: Ferrothorn
|-damage|p1a: Ferrothorn|75/100
|-boost|p2a: Magnezone|spa|1
|move|p1a: Ferrothorn|Power Whip|p2a: Magnezone
|-resisted|p2a: Magnezone
|-activate|p2a: Magnezone|Substitute|[damage]
|
|-heal|p2a: Magnezone|99/100|[from] item: Leftovers
|-heal|p1a: Ferrothorn|81/100|[from] item: Leftovers
|upkeep
|turn|6
|
|t:|1731526975
|move|p2a: Magnezone|Charge Beam|p1a: Ferrothorn
|-resisted|p1a: Ferrothorn
|-damage|p1a: Ferrothorn|63/100
|-boost|p2a: Magnezone|spa|1
|move|p1a: Ferrothorn|Power Whip|p2a: Magnezone|[miss]
|-miss|p1a: Ferrothorn|p2a: Magnezone
|
|-heal|p2a: Magnezone|100/100|[from] item: Leftovers
|-heal|p1a: Ferrothorn|69/100|[from] item: Leftovers
|upkeep
|turn|7
|
|t:|1731526988
|move|p2a: Magnezone|Charge Beam|p1a: Ferrothorn
|-resisted|p1a: Ferrothorn
|-damage|p1a: Ferrothorn|44/100
|move|p1a: Ferrothorn|Power Whip|p2a: Magnezone|[miss]
|-miss|p1a: Ferrothorn|p2a: Magnezone
|
|-heal|p1a: Ferrothorn|50/100|[from] item: Leftovers
|upkeep
|turn|8
|
|t:|1731526993
|move|p2a: Magnezone|Charge Beam|p1a: Ferrothorn
|-resisted|p1a: Ferrothorn
|-damage|p1a: Ferrothorn|27/100
|-boost|p2a: Magnezone|spa|1
|move|p1a: Ferrothorn|Power Whip|p2a: Magnezone
|-resisted|p2a: Magnezone
|-activate|p2a: Magnezone|Substitute|[damage]
|
|-heal|p1a: Ferrothorn|33/100|[from] item: Leftovers
|upkeep
|turn|9
|
|t:|1731527001
|move|p2a: Magnezone|Charge Beam|p1a: Ferrothorn
|-resisted|p1a: Ferrothorn
|-damage|p1a: Ferrothorn|7/100
|move|p1a: Ferrothorn|Power Whip|p2a: Magnezone|[miss]
|-miss|p1a: Ferrothorn|p2a: Magnezone
|
|-heal|p1a: Ferrothorn|13/100|[from] item: Leftovers
|upkeep
|turn|10
|
|t:|1731527024
|move|p2a: Magnezone|Charge Beam|p1a: Ferrothorn
|-resisted|p1a: Ferrothorn
|-damage|p1a: Ferrothorn|0 fnt
|-boost|p2a: Magnezone|spa|1
|faint|p1a: Ferrothorn
|
|upkeep
|
|t:|1731527032
|switch|p1a: Landorus|Landorus-Therian, M|100/100
|-ability|p1a: Landorus|Intimidate|boost
|-immune|p2a: Magnezone
|turn|11
|
|t:|1731527035
|move|p1a: Landorus|Earthquake|p2a: Magnezone
|-supereffective|p2a: Magnezone
|-crit|p2a: Magnezone
|-end|p2a: Magnezone|Substitute
|move|p2a: Magnezone|Substitute|p2a: Magnezone
|-start|p2a: Magnezone|Substitute
|-damage|p2a: Magnezone|76/100
|
|-heal|p2a: Magnezone|82/100|[from] item: Leftovers
|upkeep
|turn|12
|
|t:|1731527037
|move|p1a: Landorus|Earthquake|p2a: Magnezone
|-supereffective|p2a: Magnezone
|-end|p2a: Magnezone|Substitute
|move|p2a: Magnezone|Hidden Power|p1a: Landorus
|-supereffective|p1a: Landorus
|-damage|p1a: Landorus|0 fnt
|faint|p1a: Landorus
|
|-heal|p2a: Magnezone|88/100|[from] item: Leftovers
|upkeep
|
|t:|1731527041
|switch|p1a: Terrakion|Terrakion|100/100
|turn|13
|
|t:|1731527043
|move|p1a: Terrakion|Close Combat|p2a: Magnezone
|-supereffective|p2a: Magnezone
|-damage|p2a: Magnezone|0 fnt
|-unboost|p1a: Terrakion|def|1
|-unboost|p1a: Terrakion|spd|1
|faint|p2a: Magnezone
|
|upkeep
|
|t:|1731527046
|switch|p2a: Landorus|Landorus-Therian, M|88/100
|-damage|p2a: Landorus|76/100|[from] Stealth Rock
|-ability|p2a: Landorus|Intimidate|boost
|-unboost|p1a: Terrakion|atk|1
|turn|14
|
|t:|1731527051
|switch|p1a: Rotom|Rotom-Wash|100/100
|move|p2a: Landorus|U-turn|p1a: Rotom
|-damage|p1a: Rotom|78/100
|
|t:|1731527053
|switch|p2a: Jirachi|Jirachi|100/100|[from] U-turn
|-damage|p2a: Jirachi|94/100|[from] Stealth Rock
|-damage|p2a: Jirachi|69/100|[from] Spikes
|
|-heal|p2a: Jirachi|76/100|[from] item: Leftovers
|-heal|p1a: Rotom|84/100|[from] item: Leftovers
|upkeep
|turn|15
|
|t:|1731527056
|move|p2a: Jirachi|Stealth Rock|p1a: Rotom
|-sidestart|p1: WeR#4Hay!|move: Stealth Rock
|move|p1a: Rotom|Will-O-Wisp|p2a: Jirachi
|-status|p2a: Jirachi|brn
|
|-heal|p2a: Jirachi|82/100 brn|[from] item: Leftovers
|-heal|p1a: Rotom|90/100|[from] item: Leftovers
|-damage|p2a: Jirachi|69/100 brn|[from] brn
|upkeep
|turn|16
|
|t:|1731527061
|move|p2a: Jirachi|Thunder|p1a: Rotom
|-damage|p1a: Rotom|61/100
|-status|p1a: Rotom|par
|move|p1a: Rotom|Hydro Pump|p2a: Jirachi
|-damage|p2a: Jirachi|42/100 brn
|
|-heal|p2a: Jirachi|49/100 brn|[from] item: Leftovers
|-heal|p1a: Rotom|67/100 par|[from] item: Leftovers
|-damage|p2a: Jirachi|36/100 brn|[from] brn
|upkeep
|turn|17
|
|t:|1731527068
|move|p2a: Jirachi|Thunder|p1a: Rotom|[miss]
|-miss|p2a: Jirachi|p1a: Rotom
|cant|p1a: Rotom|par
|
|-heal|p2a: Jirachi|42/100 brn|[from] item: Leftovers
|-heal|p1a: Rotom|73/100 par|[from] item: Leftovers
|-damage|p2a: Jirachi|30/100 brn|[from] brn
|upkeep
|turn|18
|
|t:|1731527070
|move|p2a: Jirachi|Thunder|p1a: Rotom
|-damage|p1a: Rotom|46/100 par
|cant|p1a: Rotom|par
|
|-heal|p2a: Jirachi|36/100 brn|[from] item: Leftovers
|-heal|p1a: Rotom|52/100 par|[from] item: Leftovers
|-damage|p2a: Jirachi|24/100 brn|[from] brn
|upkeep
|turn|19
|
|t:|1731527074
|move|p2a: Jirachi|Thunder|p1a: Rotom
|-damage|p1a: Rotom|27/100 par
|move|p1a: Rotom|Hydro Pump|p2a: Jirachi
|-damage|p2a: Jirachi|0 fnt
|faint|p2a: Jirachi
|
|-heal|p1a: Rotom|33/100 par|[from] item: Leftovers
|upkeep
|
|t:|1731527082
|switch|p2a: Thundurus|Thundurus-Therian, M|100/100
|-damage|p2a: Thundurus|76/100|[from] Stealth Rock
|turn|20
|inactive|WeR#4Hay! has 120 seconds left.
|
|t:|1731527114
|switch|p1a: Tyranitar|Tyranitar, F|100/100
|-damage|p1a: Tyranitar|88/100|[from] Stealth Rock
|-weather|Sandstorm|[from] ability: Sand Stream|[of] p1a: Tyranitar
|move|p2a: Thundurus|Agility|p2a: Thundurus
|-boost|p2a: Thundurus|spe|2
|
|-weather|Sandstorm|[upkeep]
|-damage|p2a: Thundurus|69/100|[from] Sandstorm
|upkeep
|turn|21
|
|t:|1731527117
|move|p2a: Thundurus|Grass Knot|p1a: Tyranitar
|-supereffective|p1a: Tyranitar
|-damage|p1a: Tyranitar|37/100
|move|p1a: Tyranitar|Ice Beam|p2a: Thundurus
|-supereffective|p2a: Thundurus
|-damage|p2a: Thundurus|24/100
|-enditem|p2a: Thundurus|Sitrus Berry|[eat]
|-heal|p2a: Thundurus|49/100|[from] item: Sitrus Berry
|
|-weather|Sandstorm|[upkeep]
|-damage|p2a: Thundurus|43/100|[from] Sandstorm
|upkeep
|turn|22
|
|t:|1731527129
|switch|p1a: Latios|Latios, M|100/100
|-damage|p1a: Latios|88/100|[from] Stealth Rock
|move|p2a: Thundurus|Grass Knot|p1a: Latios
|-resisted|p1a: Latios
|-damage|p1a: Latios|69/100
|
|-weather|Sandstorm|[upkeep]
|-damage|p2a: Thundurus|36/100|[from] Sandstorm
|-damage|p1a: Latios|63/100|[from] Sandstorm
|upkeep
|turn|23
|
|t:|1731527138
|switch|p1a: Terrakion|Terrakion|100/100
|-damage|p1a: Terrakion|94/100|[from] Stealth Rock
|move|p2a: Thundurus|Hidden Power|p1a: Terrakion
|-damage|p1a: Terrakion|74/100
|
|-weather|Sandstorm|[upkeep]
|-damage|p2a: Thundurus|30/100|[from] Sandstorm
|upkeep
|turn|24
|
|t:|1731527142
|move|p1a: Terrakion|Quick Attack|p2a: Thundurus
|-damage|p2a: Thundurus|2/100
|move|p2a: Thundurus|Grass Knot|p1a: Terrakion
|-supereffective|p1a: Terrakion
|-damage|p1a: Terrakion|0 fnt
|faint|p1a: Terrakion
|
|-weather|Sandstorm|[upkeep]
|-damage|p2a: Thundurus|0 fnt|[from] Sandstorm
|faint|p2a: Thundurus
|upkeep
|
|t:|1731527152
|switch|p1a: Latios|Latios, M|63/100
|switch|p2a: Landorus|Landorus-Therian, M|76/100
|-damage|p2a: Landorus|64/100|[from] Stealth Rock
|-ability|p2a: Landorus|Intimidate|boost
|-unboost|p1a: Latios|atk|1
|-damage|p1a: Latios|51/100|[from] Stealth Rock
|turn|25
|
|t:|1731527163
|switch|p1a: Rotom|Rotom-Wash|33/100 par
|-damage|p1a: Rotom|21/100 par|[from] Stealth Rock
|move|p2a: Landorus|U-turn|p1a: Rotom
|-damage|p1a: Rotom|1/100 par
|
|t:|1731527168
|switch|p2a: Keldeo|Keldeo-Resolute|100/100|[from] U-turn
|-damage|p2a: Keldeo|94/100|[from] Stealth Rock
|-damage|p2a: Keldeo|70/100|[from] Spikes
|
|-weather|Sandstorm|[upkeep]
|-damage|p2a: Keldeo|63/100|[from] Sandstorm
|-damage|p1a: Rotom|0 fnt|[from] Sandstorm
|faint|p1a: Rotom
|upkeep
|
|t:|1731527171
|switch|p1a: Latios|Latios, M|51/100
|-damage|p1a: Latios|39/100|[from] Stealth Rock
|turn|26
|
|t:|1731527173
|move|p2a: Keldeo|Icy Wind|p1a: Latios
|-supereffective|p1a: Latios
|-damage|p1a: Latios|0 fnt
|faint|p1a: Latios
|
|-weather|Sandstorm|[upkeep]
|-damage|p2a: Keldeo|57/100|[from] Sandstorm
|upkeep
|
|t:|1731527175
|switch|p1a: Tyranitar|Tyranitar, F|37/100
|-damage|p1a: Tyranitar|25/100|[from] Stealth Rock
|turn|27
|-message|WeR#4Hay! forfeited.
|
|win|SwitchStorm
|raw|WeR#4Hay!'s rating: 1475 &rarr; <strong>1452</strong><br />(-23 for losing)
|raw|SwitchStorm's rating: 1423 &rarr; <strong>1446</strong><br />(+23 for winning)
|l|☆WeR#4Hay!
|player|p1|
|l|☆SwitchStorm
|player|p2|
|j|☆SwitchStorm
|player|p2|SwitchStorm|hugh|
|c|☆SwitchStorm|/log SwitchStorm made this room public.
