|j|☆D47K/H347T
|j|☆Lagme
|player|p1|D47K/H347T|plasmagruntf-gen5bw|1262
|player|p2|Lagme|aromalady|1385
|teamsize|p1|6
|teamsize|p2|6
|gametype|singles
|gen|5
|tier|[Gen 5] OU
|rated|
|clearpoke
|poke|p1|Magnezone|item
|poke|p1|Latios, M|item
|poke|p1|Kyurem-Black|item
|poke|p1|Jellicent, M|item
|poke|p1|Infernape, M|item
|poke|p1|Forretress, F|item
|poke|p2|Kyurem-Black|item
|poke|p2|Starmie|item
|poke|p2|Magnezone|item
|poke|p2|Dragonite, M|item
|poke|p2|Garchomp, M|item
|poke|p2|Heatran, F|item
|rule|Species Clause: Limit one of each Pokémon
|rule|OHKO Clause: OHKO moves are banned
|rule|Moody Clause: Moody is banned
|rule|Evasion Moves Clause: Evasion moves are banned
|rule|Endless Battle Clause: Forcing endless battles is banned
|rule|HP Percentage Mod: HP is shown in percentages
|rule|Evasion Abilities Clause: Evasion abilities are banned
|rule|Baton Pass Clause: Limit one Baton Passer, can't pass Spe and other stats simultaneously
|rule|Sleep Clause: Sleep-inducing moves are banned
|rule|Swagger Clause: Swagger is banned
|teampreview
|inactive|Battle timer is ON: inactive players will automatically lose when time's up. (requested by D47K/H347T)
|inactive|Lagme has 120 seconds left.
|c|☆Lagme|Mdrr
|c|☆Lagme|DH
|c|☆D47K/H347T|Ptn
|c|☆D47K/H347T|Mais pq
|c|☆D47K/H347T|Xd
|c|☆D47K/H347T|La viiie
|inactive|Lagme has 90 seconds left.
|c|☆Lagme|Huhuhu
|
|start
|switch|p1a: Forretress|Forretress, F|100/100
|switch|p2a: Magnezone|Magnezone|100/100
|turn|1
|c|☆D47K/H347T|So saaad
|c|☆Lagme|Nice
|
|move|p2a: Magnezone|Hidden Power|p1a: Forretress
|-supereffective|p1a: Forretress
|-ability|p1a: Forretress|Sturdy
|-damage|p1a: Forretress|1/100
|move|p1a: Forretress|Stealth Rock|p2a: Magnezone
|-sidestart|p2: Lagme|move: Stealth Rock
|
|-heal|p1a: Forretress|7/100|[from] item: Leftovers
|upkeep
|turn|2
|
|move|p2a: Magnezone|Hidden Power|p1a: Forretress
|-supereffective|p1a: Forretress
|-damage|p1a: Forretress|0 fnt
|faint|p1a: Forretress
|
|upkeep
|
|switch|p1a: Infernape|Infernape, M|100/100
|turn|3
|c|☆Lagme|Chuis à 1400 me fe po baisser
|
|switch|p2a: Garchomp|Garchomp, M|100/100
|-damage|p2a: Garchomp|94/100|[from] Stealth Rock
|move|p1a: Infernape|U-turn|p2a: Garchomp
|-damage|p2a: Garchomp|67/100
|-damage|p1a: Infernape|88/100|[from] ability: Rough Skin|[of] p2a: Garchomp
|-damage|p1a: Infernape|78/100|[from] item: Life Orb
|
|switch|p1a: Latios|Latios, M|100/100|[from]move: U-turn
|
|upkeep
|turn|4
|
|move|p1a: Latios|Draco Meteor|p2a: Garchomp
|-supereffective|p2a: Garchomp
|-damage|p2a: Garchomp|0 fnt
|-unboost|p1a: Latios|spa|2
|faint|p2a: Garchomp
|
|upkeep
|c|☆Lagme|Scarf nani
|
|switch|p2a: Starmie|Starmie|100/100
|-damage|p2a: Starmie|88/100|[from] Stealth Rock
|turn|5
|c|☆D47K/H347T|Bah
|
|switch|p1a: Jellicent|Jellicent, M|100/100
|move|p2a: Starmie|Rapid Spin|p1a: Jellicent
|-immune|p1a: Jellicent
|
|upkeep
|turn|6
|
|move|p2a: Starmie|Thunderbolt|p1a: Jellicent
|-supereffective|p1a: Jellicent
|-damage|p1a: Jellicent|61/100
|-damage|p2a: Starmie|78/100|[from] item: Life Orb
|move|p1a: Jellicent|Will-O-Wisp|p2a: Starmie
|-status|p2a: Starmie|brn
|
|-heal|p1a: Jellicent|67/100|[from] item: Leftovers
|-damage|p2a: Starmie|66/100 brn|[from] brn
|upkeep
|turn|7
|
|switch|p2a: Magnezone|Magnezone|100/100
|-damage|p2a: Magnezone|94/100|[from] Stealth Rock
|move|p1a: Jellicent|Hex|p2a: Magnezone
|-resisted|p2a: Magnezone
|-damage|p2a: Magnezone|84/100
|
|-heal|p1a: Jellicent|73/100|[from] item: Leftovers
|upkeep
|turn|8
|
|switch|p1a: Magnezone|Magnezone|100/100
|move|p2a: Magnezone|Substitute|p2a: Magnezone
|-start|p2a: Magnezone|Substitute
|-damage|p2a: Magnezone|59/100
|
|upkeep
|turn|9
|
|move|p2a: Magnezone|Hidden Power|p1a: Magnezone
|-supereffective|p1a: Magnezone
|-damage|p1a: Magnezone|28/100
|move|p1a: Magnezone|Hidden Power|p2a: Magnezone
|-supereffective|p2a: Magnezone
|-end|p2a: Magnezone|Substitute
|
|-heal|p1a: Magnezone|34/100|[from] item: Leftovers
|upkeep
|turn|10
|
|move|p2a: Magnezone|Hidden Power|p1a: Magnezone
|-supereffective|p1a: Magnezone
|-damage|p1a: Magnezone|0 fnt
|faint|p1a: Magnezone
|
|upkeep
|c|☆D47K/H347T|T'a le bon zone
|c|☆D47K/H347T|Pas un specs ou scarf de merde
|c|☆D47K/H347T|Bg
|
|switch|p1a: Infernape|Infernape, M|78/100
|turn|11
|c|☆Lagme|Hehe
|
|move|p1a: Infernape|Close Combat|p2a: Magnezone
|-supereffective|p2a: Magnezone
|-enditem|p2a: Magnezone|Chople Berry|[eat]
|-enditem|p2a: Magnezone|Chople Berry|[weaken]
|-damage|p2a: Magnezone|0 fnt
|-unboost|p1a: Infernape|def|1
|-unboost|p1a: Infernape|spd|1
|-damage|p1a: Infernape|68/100|[from] item: Life Orb
|faint|p2a: Magnezone
|
|upkeep
|
|switch|p2a: Starmie|Starmie|66/100 brn
|-damage|p2a: Starmie|54/100 brn|[from] Stealth Rock
|turn|12
|
|switch|p1a: Jellicent|Jellicent, M|73/100
|move|p2a: Starmie|Thunderbolt|p1a: Jellicent
|-supereffective|p1a: Jellicent
|-damage|p1a: Jellicent|23/100
|-damage|p2a: Starmie|44/100 brn|[from] item: Life Orb
|
|-heal|p1a: Jellicent|29/100|[from] item: Leftovers
|-damage|p2a: Starmie|32/100 brn|[from] brn
|upkeep
|turn|13
|
|move|p2a: Starmie|Thunderbolt|p1a: Jellicent
|-supereffective|p1a: Jellicent
|-damage|p1a: Jellicent|0 fnt
|-damage|p2a: Starmie|22/100 brn|[from] item: Life Orb
|faint|p1a: Jellicent
|
|-damage|p2a: Starmie|9/100 brn|[from] brn
|upkeep
|c|☆Lagme|Yes
|
|switch|p1a: Kyurem|Kyurem-Black|100/100
|-ability|p1a: Kyurem|Teravolt
|turn|14
|
|move|p1a: Kyurem|Outrage|p2a: Starmie
|-damage|p2a: Starmie|0 fnt
|faint|p2a: Starmie
|
|upkeep
|
|switch|p2a: Heatran|Heatran, F|100/100
|-damage|p2a: Heatran|88/100|[from] Stealth Rock
|turn|15
|
|move|p1a: Kyurem|Outrage|p2a: Heatran|[from]lockedmove
|-resisted|p2a: Heatran
|-damage|p2a: Heatran|56/100
|move|p2a: Heatran|Magma Storm|p1a: Kyurem
|-damage|p1a: Kyurem|47/100
|-activate|p1a: Kyurem|move: Magma Storm|[of] p2a: Heatran
|
|-heal|p2a: Heatran|62/100|[from] item: Leftovers
|-damage|p1a: Kyurem|41/100|[from] move: Magma Storm|[partiallytrapped]
|upkeep
|turn|16
|
|move|p1a: Kyurem|Outrage|p2a: Heatran|[from]lockedmove
|-resisted|p2a: Heatran
|-damage|p2a: Heatran|26/100
|-start|p1a: Kyurem|confusion|[fatigue]
|move|p2a: Heatran|Earth Power|p1a: Kyurem
|-damage|p1a: Kyurem|13/100
|
|-heal|p2a: Heatran|32/100|[from] item: Leftovers
|-damage|p1a: Kyurem|7/100|[from] move: Magma Storm|[partiallytrapped]
|upkeep
|turn|17
|
|-activate|p1a: Kyurem|confusion
|-damage|p1a: Kyurem|0 fnt|[from] confusion
|faint|p1a: Kyurem
|move|p2a: Heatran|Earth Power|p1: Kyurem|[notarget]
|-fail|p2a: Heatran
|
|-heal|p2a: Heatran|38/100|[from] item: Leftovers
|upkeep
|c|☆D47K/H347T|Tsss
|c|☆Lagme|A
|
|switch|p1a: Infernape|Infernape, M|68/100
|turn|18
|
|move|p1a: Infernape|Close Combat|p2a: Heatran
|-supereffective|p2a: Heatran
|-damage|p2a: Heatran|0 fnt
|-unboost|p1a: Infernape|def|1
|-unboost|p1a: Infernape|spd|1
|-damage|p1a: Infernape|59/100|[from] item: Life Orb
|faint|p2a: Heatran
|
|upkeep
|
|switch|p2a: Dragonite|Dragonite, M|100/100
|-damage|p2a: Dragonite|76/100|[from] Stealth Rock
|turn|19
|
|switch|p1a: Latios|Latios, M|100/100
|move|p2a: Dragonite|Dragon Dance|p2a: Dragonite
|-boost|p2a: Dragonite|atk|1
|-boost|p2a: Dragonite|spe|1
|
|upkeep
|turn|20
|
|switch|p2a: Kyurem|Kyurem-Black|100/100
|-damage|p2a: Kyurem|76/100|[from] Stealth Rock
|-ability|p2a: Kyurem|Teravolt
|move|p1a: Latios|Draco Meteor|p2a: Kyurem
|-supereffective|p2a: Kyurem
|-damage|p2a: Kyurem|0 fnt
|-unboost|p1a: Latios|spa|2
|faint|p2a: Kyurem
|
|upkeep
|j| satoshi24102007
|
|switch|p2a: Dragonite|Dragonite, M|76/100
|-damage|p2a: Dragonite|51/100|[from] Stealth Rock
|turn|21
|c|☆Lagme|Omg ce choke
|c|☆Lagme|Jpp
|c|☆D47K/H347T|Du coup j fait quoi ?
|c|☆D47K/H347T|Ah ah
|c|☆D47K/H347T|Que t haud lad et pas moi
|inactive|D47K/H347T has 120 seconds left.
|
|move|p1a: Latios|Draco Meteor|p2a: Dragonite
|-supereffective|p2a: Dragonite
|-damage|p2a: Dragonite|0 fnt
|-unboost|p1a: Latios|spa|2
|faint|p2a: Dragonite
|
|win|D47K/H347T
|raw|D47K&#x2f;H347T's rating: 1262 &rarr; <strong>1296</strong><br />(+34 for winning)
|raw|Lagme's rating: 1385 &rarr; <strong>1358</strong><br />(-27 for losing)
|c|☆Lagme|Jayjay
|c|☆D47K/H347T|Gaygay
|c|☆Lagme|En même temps double Scarf de ses mor
|c|☆D47K/H347T|Bah
|c|☆D47K/H347T|C trop bien xD
|c|☆Lagme|MON LAD PTN
|c|☆D47K/H347T|Kb tios double scarf
|c|☆D47K/H347T|Ca taff
|c|☆D47K/H347T|Bcp
|c|☆Lagme|Mon ladd
|c|☆D47K/H347T|Oui baaah
|c|☆D47K/H347T|Fallais pas me snip x
|c|☆D47K/H347T|XD
|c|☆Lagme|Mee
|c|☆Lagme|Ça partait si bien
|c|☆D47K/H347T|Bah
|c|☆D47K/H347T|Tu m'a donné les roc grt
|c|☆Lagme|Je vais rager sur le MU
|c|☆D47K/H347T|A
|c|☆D47K/H347T|Gratos
|c|☆D47K/H347T|XD
|c|☆Lagme|Sans importance blbl
|c|☆Lagme|De toutes manières
|c|☆D47K/H347T|T aurai sub sur forretress
|c|☆Lagme|Avec foretress
|c|☆Lagme|Bah il les aurais mis quand même
|c|☆Lagme|Et des spikes avec ça
|c|☆D47K/H347T|Mwahahaha xD
|l| satoshi24102007
|c|☆Lagme|Donc j'avais pas trop le choa
|c|☆D47K/H347T|Mais voir le lead ferrotress ct bo
|c|☆Lagme|Merci
|c|☆Lagme|Je suis bo
|c|☆D47K/H347T|Que le leae evident c'est infernape
|c|☆Lagme|Ui
|c|☆D47K/H347T|Donc prevoir que je lead pas lui c'est bg
|c|☆Lagme|Mais je suis dans la 4eme dimensipn
