|j|☆HaxerAreBastards
|j|‽Gh0st of Perdition
|player|p1|HaxerAreBastards|249|1389
|player|p2|Gh0st of Perdition|gentleman-gen1rb|1325
|teamsize|p1|6
|teamsize|p2|6
|gametype|singles
|gen|5
|tier|[Gen 5] OU
|rated|
|clearpoke
|poke|p1|Infernape, M|item
|poke|p1|Conkeldurr, F|item
|poke|p1|Tyranitar, F|item
|poke|p1|Jellicent, M|item
|poke|p1|Bronzong|item
|poke|p1|Reuniclus, M|item
|poke|p2|Starmie|item
|poke|p2|Politoed, M|item
|poke|p2|Scizor, M|item
|poke|p2|Celebi|item
|poke|p2|Empoleon, F|item
|poke|p2|Xatu, M|item
|rule|Species Clause: Limit one of each Pokémon
|rule|OHKO Clause: OHKO moves are banned
|rule|Moody Clause: Moody is banned
|rule|Evasion Moves Clause: Evasion moves are banned
|rule|Endless Battle Clause: Forcing endless battles is banned
|rule|HP Percentage Mod: HP is shown in percentages
|rule|Evasion Abilities Clause: Evasion abilities are banned
|rule|Baton Pass Clause: Limit one Baton Passer, can't pass Spe and other stats simultaneously
|rule|Sleep Clause: Sleep-inducing moves are banned
|rule|Swagger Clause: Swagger is banned
|teampreview
|
|start
|switch|p1a: Tyranitar|Tyranitar, F|100/100
|switch|p2a: Celebi|Celebi|100/100
|-weather|Sandstorm|[from] ability: Sand Stream|[of] p1a: Tyranitar
|turn|1
|inactive|Battle timer is ON: inactive players will automatically lose when time's up. (requested by Gh0st of Perdition)
|inactive|HaxerAreBastards also wants the timer to be on.
|
|move|p2a: Celebi|U-turn|p1a: Tyranitar
|-supereffective|p1a: Tyranitar
|-damage|p1a: Tyranitar|75/100
|
|switch|p2a: Scizor|Scizor, M|100/100|[from]move: U-turn
|move|p1a: Tyranitar|Crunch|p2a: Scizor
|-resisted|p2a: Scizor
|-damage|p2a: Scizor|75/100
|
|-weather|Sandstorm|[upkeep]
|upkeep
|turn|2
|
|move|p2a: Scizor|U-turn|p1a: Tyranitar
|-supereffective|p1a: Tyranitar
|-damage|p1a: Tyranitar|0 fnt
|faint|p1a: Tyranitar
|
|switch|p2a: Politoed|Politoed, M|100/100|[from]move: U-turn
|-weather|RainDance|[from] ability: Drizzle|[of] p2a: Politoed
|
|-weather|RainDance|[upkeep]
|upkeep
|
|switch|p1a: Jellicent|Jellicent, M, shiny|100/100
|turn|3
|
|switch|p2a: Celebi|Celebi|100/100
|move|p1a: Jellicent|Trick Room|p1a: Jellicent
|-fieldstart|move: Trick Room|[of] p1a: Jellicent
|
|-weather|RainDance|[upkeep]
|upkeep
|turn|4
|
|switch|p1a: Conkeldurr|Conkeldurr, F|100/100
|switch|p2a: Empoleon|Empoleon, F|100/100
|
|-weather|RainDance|[upkeep]
|upkeep
|turn|5
|
|switch|p2a: Xatu|Xatu, M|100/100
|move|p1a: Conkeldurr|Drain Punch|p2a: Xatu
|-resisted|p2a: Xatu
|-damage|p2a: Xatu|82/100
|-damage|p1a: Conkeldurr|84/100|[from] item: Rocky Helmet|[of] p2a: Xatu
|-damage|p1a: Conkeldurr|74/100|[from] item: Life Orb
|
|-weather|RainDance|[upkeep]
|upkeep
|turn|6
|
|switch|p2a: Empoleon|Empoleon, F|100/100
|move|p1a: Conkeldurr|Ice Punch|p2a: Empoleon
|-resisted|p2a: Empoleon
|-damage|p2a: Empoleon|89/100
|-damage|p1a: Conkeldurr|64/100|[from] item: Life Orb
|
|-weather|RainDance|[upkeep]
|-heal|p2a: Empoleon|95/100|[from] item: Leftovers
|upkeep
|turn|7
|
|switch|p2a: Xatu|Xatu, M|82/100
|move|p1a: Conkeldurr|Thunder Punch|p2a: Xatu
|-supereffective|p2a: Xatu
|-damage|p2a: Xatu|0 fnt
|-damage|p1a: Conkeldurr|47/100|[from] item: Rocky Helmet|[of] p2a: Xatu
|-damage|p1a: Conkeldurr|38/100|[from] item: Life Orb
|faint|p2a: Xatu
|
|-weather|RainDance|[upkeep]
|-fieldend|move: Trick Room
|upkeep
|
|switch|p2a: Empoleon|Empoleon, F|95/100
|turn|8
|
|switch|p1a: Jellicent|Jellicent, M, shiny|100/100
|move|p2a: Empoleon|Scald|p1a: Jellicent
|-immune|p1a: Jellicent|[from] ability: Water Absorb
|
|-weather|RainDance|[upkeep]
|-heal|p2a: Empoleon|100/100|[from] item: Leftovers
|upkeep
|turn|9
|
|move|p2a: Empoleon|Stealth Rock|p1a: Jellicent
|-sidestart|p1: HaxerAreBastards|move: Stealth Rock
|move|p1a: Jellicent|Trick Room|p1a: Jellicent
|-fieldstart|move: Trick Room|[of] p1a: Jellicent
|
|-weather|RainDance|[upkeep]
|upkeep
|turn|10
|
|move|p1a: Jellicent|Scald|p2a: Empoleon
|-resisted|p2a: Empoleon
|-damage|p2a: Empoleon|83/100
|move|p2a: Empoleon|Knock Off|p1a: Jellicent
|-supereffective|p1a: Jellicent
|-damage|p1a: Jellicent|92/100
|-enditem|p1a: Jellicent|Leftovers|[from] move: Knock Off|[of] p2a: Empoleon
|
|-weather|RainDance|[upkeep]
|-heal|p2a: Empoleon|89/100|[from] item: Leftovers
|upkeep
|turn|11
|
|switch|p1a: Conkeldurr|Conkeldurr, F|38/100
|-damage|p1a: Conkeldurr|31/100|[from] Stealth Rock
|switch|p2a: Celebi|Celebi|100/100
|
|-weather|RainDance|[upkeep]
|upkeep
|turn|12
|
|move|p1a: Conkeldurr|Drain Punch|p2a: Celebi
|-resisted|p2a: Celebi
|-damage|p2a: Celebi|70/100
|-heal|p1a: Conkeldurr|48/100|[from] drain|[of] p2a: Celebi
|-damage|p1a: Conkeldurr|38/100|[from] item: Life Orb
|move|p2a: Celebi|Grass Knot|p1a: Conkeldurr
|-damage|p1a: Conkeldurr|0 fnt
|faint|p1a: Conkeldurr
|
|-weather|RainDance|[upkeep]
|-heal|p2a: Celebi|76/100|[from] item: Leftovers
|upkeep
|j| Sombra da Maldade
|inactive|HaxerAreBastards has 120 seconds left.
|c|☆HaxerAreBastards|It would be easier if you weren't playing like a fucking r*tard
|j| Rex Barbatos Lupus
|
|switch|p1a: Reuniclus|Reuniclus, M|100/100
|turn|13
|
|switch|p2a: Scizor|Scizor, M|75/100
|move|p1a: Reuniclus|Shadow Ball|p2a: Scizor
|-resisted|p2a: Scizor
|-damage|p2a: Scizor|48/100
|
|-weather|RainDance|[upkeep]
|-fieldend|move: Trick Room
|upkeep
|turn|14
|l| Rex Barbatos Lupus
|
|switch|p1a: Infernape|Infernape, M|100/100
|-damage|p1a: Infernape|88/100|[from] Stealth Rock
|move|p2a: Scizor|U-turn|p1a: Infernape
|-resisted|p1a: Infernape
|-damage|p1a: Infernape|66/100
|
|switch|p2a: Starmie|Starmie|100/100|[from]move: U-turn
|
|-weather|RainDance|[upkeep]
|upkeep
|turn|15
|
|move|p2a: Starmie|Thunder|p1a: Infernape
|-damage|p1a: Infernape|0 fnt
|faint|p1a: Infernape
|
|-weather|RainDance|[upkeep]
|upkeep
|
|switch|p1a: Reuniclus|Reuniclus, M|100/100
|turn|16
|
|move|p2a: Starmie|Thunder|p1a: Reuniclus
|-damage|p1a: Reuniclus|55/100
|move|p1a: Reuniclus|Trick Room|p1a: Reuniclus
|-fieldstart|move: Trick Room|[of] p1a: Reuniclus
|
|-weather|RainDance|[upkeep]
|upkeep
|turn|17
|
|switch|p2a: Scizor|Scizor, M|48/100
|move|p1a: Reuniclus|Focus Blast|p2a: Scizor|[miss]
|-miss|p1a: Reuniclus|p2a: Scizor
|
|-weather|RainDance|[upkeep]
|upkeep
|turn|18
|c|☆HaxerAreBastards|Oh come on just fuck ur fatty mom
|
|move|p2a: Scizor|Bullet Punch|p1a: Reuniclus
|-damage|p1a: Reuniclus|9/100
|move|p1a: Reuniclus|Focus Blast|p2a: Scizor
|-damage|p2a: Scizor|0 fnt
|faint|p2a: Scizor
|
|-weather|RainDance|[upkeep]
|upkeep
|
|switch|p2a: Celebi|Celebi|76/100
|turn|19
|
|move|p1a: Reuniclus|Shadow Ball|p2a: Celebi
|-supereffective|p2a: Celebi
|-crit|p2a: Celebi
|-damage|p2a: Celebi|0 fnt
|faint|p2a: Celebi
|
|-weather|RainDance|[upkeep]
|upkeep
|c| Sombra da Maldade|why mad?
|inactive|Gh0st of Perdition has 120 seconds left.
|
|switch|p2a: Empoleon|Empoleon, F|89/100
|turn|20
|
|switch|p1a: Jellicent|Jellicent, M, shiny|92/100
|-damage|p1a: Jellicent|80/100|[from] Stealth Rock
|switch|p2a: Politoed|Politoed, M|100/100
|
|-weather|RainDance|[upkeep]
|-fieldend|move: Trick Room
|upkeep
|turn|21
|
|move|p2a: Politoed|Hidden Power|p1a: Jellicent
|-supereffective|p1a: Jellicent
|-damage|p1a: Jellicent|33/100
|move|p1a: Jellicent|Trick Room|p1a: Jellicent
|-fieldstart|move: Trick Room|[of] p1a: Jellicent
|
|-weather|RainDance|[upkeep]
|upkeep
|turn|22
|
|move|p1a: Jellicent|Energy Ball|p2a: Politoed
|-supereffective|p2a: Politoed
|-damage|p2a: Politoed|52/100
|move|p2a: Politoed|Hidden Power|p1a: Jellicent
|-supereffective|p1a: Jellicent
|-damage|p1a: Jellicent|0 fnt
|faint|p1a: Jellicent
|
|-weather|RainDance|[upkeep]
|upkeep
|
|switch|p1a: Reuniclus|Reuniclus, M|9/100
|turn|23
|inactive|HaxerAreBastards has 120 seconds left.
|
|switch|p2a: Starmie|Starmie|100/100
|move|p1a: Reuniclus|Shadow Ball|p2a: Starmie
|-supereffective|p2a: Starmie
|-damage|p2a: Starmie|0 fnt
|faint|p2a: Starmie
|
|-weather|RainDance|[upkeep]
|upkeep
|
|switch|p2a: Politoed|Politoed, M|52/100
|turn|24
|
|move|p1a: Reuniclus|Focus Blast|p2a: Politoed
|-damage|p2a: Politoed|0 fnt
|faint|p2a: Politoed
|
|-weather|RainDance|[upkeep]
|upkeep
|
|switch|p2a: Empoleon|Empoleon, F|89/100
|turn|25
|
|move|p1a: Reuniclus|Focus Blast|p2a: Empoleon
|-supereffective|p2a: Empoleon
|-damage|p2a: Empoleon|13/100
|move|p2a: Empoleon|Scald|p1a: Reuniclus
|-damage|p1a: Reuniclus|0 fnt
|faint|p1a: Reuniclus
|
|-weather|RainDance|[upkeep]
|-heal|p2a: Empoleon|20/100|[from] item: Leftovers
|-fieldend|move: Trick Room
|upkeep
|
|switch|p1a: Bronzong|Bronzong|100/100
|-damage|p1a: Bronzong|94/100|[from] Stealth Rock
|turn|26
|
|move|p2a: Empoleon|Scald|p1a: Bronzong
|-crit|p1a: Bronzong
|-damage|p1a: Bronzong|0 fnt
|faint|p1a: Bronzong
|
|win|Gh0st of Perdition
|c|☆HaxerAreBastards|SERIOUSLY ?!?!?!?!
|raw|HaxerAreBastards's rating: 1389 &rarr; <strong>1365</strong><br />(-24 for losing)
|raw|Gh0st of Perdition's rating: 1325 &rarr; <strong>1349</strong><br />(+24 for winning)
|c|☆HaxerAreBastards|COME ON !!!!!!!!!!
|n|‽Gh0st of Perdition|gh0stofperdition
|n|‽haxersloveyoutho|gh0stofperdition
