|j|☆TimidKiwi
|j|☆Prof. Fouge
|player|p1|TimidKiwi|197
|player|p2|Prof. Fouge|224
|teamsize|p1|6
|teamsize|p2|6
|gametype|singles
|gen|5
|tier|[Gen 5] OU
|rated|
|rule|Sleep Clause Mod: Limit one foe put to sleep
|rule|Species Clause: Limit one of each Pokémon
|rule|OHKO Clause: OHKO moves are banned
|rule|Moody Clause: Moody is banned
|rule|Evasion Moves Clause: Evasion moves are banned
|rule|Endless Battle Clause: Forcing endless battles is banned
|rule|HP Percentage Mod: HP is shown in percentages
|rule|Evasion Abilities Clause: Evasion abilities are banned
|rule|Baton Pass Clause: Limit one Baton Passer, can't pass Spe and other stats simultaneously
|rule|Swagger Clause: Swagger is banned
|clearpoke
|poke|p1|Keldeo-Resolute|item
|poke|p1|Breloom, M|item
|poke|p1|Jirachi|item
|poke|p1|Politoed, M|item
|poke|p1|Ferrothorn, F|item
|poke|p1|Kyurem-Black|item
|poke|p2|Tyranitar, M|item
|poke|p2|Excadrill, M|item
|poke|p2|Terrakion|item
|poke|p2|Rotom-Wash|item
|poke|p2|Landorus-Therian, M|item
|poke|p2|Latios, M|item
|teampreview
|inactive|Battle timer is ON: inactive players will automatically lose when time's up. (requested by TimidKiwi)
|
|start
|switch|p1a: Kyurem|Kyurem-Black|100/100
|switch|p2a: Terrakion|Terrakion|100/100
|-ability|p1a: Kyurem|Teravolt
|turn|1
|
|switch|p1a: Ferrothorn|Ferrothorn, F|100/100
|move|p2a: Terrakion|Close Combat|p1a: Ferrothorn
|-supereffective|p1a: Ferrothorn
|-damage|p1a: Ferrothorn|0 fnt
|-damage|p2a: Terrakion|88/100|[from] ability: Iron Barbs|[of] p1a: Ferrothorn
|-damage|p2a: Terrakion|71/100|[from] item: Rocky Helmet|[of] p1a: Ferrothorn
|-unboost|p2a: Terrakion|def|1
|-unboost|p2a: Terrakion|spd|1
|-damage|p2a: Terrakion|62/100|[from] item: Life Orb
|faint|p1a: Ferrothorn
|
|upkeep
|
|switch|p1a: Politoed|Politoed, M, shiny|100/100
|-weather|RainDance|[from] ability: Drizzle|[of] p1a: Politoed
|turn|2
|
|switch|p2a: Rotom|Rotom-Wash|100/100
|move|p1a: Politoed|Scald|p2a: Rotom
|-resisted|p2a: Rotom
|-damage|p2a: Rotom|73/100
|-status|p2a: Rotom|brn
|
|-weather|RainDance|[upkeep]
|-heal|p2a: Rotom|79/100 brn|[from] item: Leftovers
|-damage|p2a: Rotom|67/100 brn|[from] brn
|upkeep
|turn|3
|c|☆Prof. Fouge|Your politoed = spam scald xd
|
|move|p1a: Politoed|Scald|p2a: Rotom
|-resisted|p2a: Rotom
|-damage|p2a: Rotom|39/100 brn
|move|p2a: Rotom|Thunder Wave|p1a: Politoed
|-status|p1a: Politoed|par
|
|-weather|RainDance|[upkeep]
|-heal|p2a: Rotom|45/100 brn|[from] item: Leftovers
|-damage|p2a: Rotom|33/100 brn|[from] brn
|upkeep
|turn|4
|
|move|p2a: Rotom|Volt Switch|p1a: Politoed
|-supereffective|p1a: Politoed
|-damage|p1a: Politoed|48/100 par
|
|switch|p2a: Tyranitar|Tyranitar, M|100/100
|-weather|Sandstorm|[from] ability: Sand Stream|[of] p2a: Tyranitar
|move|p1a: Politoed|Scald|p2a: Tyranitar
|-supereffective|p2a: Tyranitar
|-damage|p2a: Tyranitar|60/100
|
|-weather|Sandstorm|[upkeep]
|-damage|p1a: Politoed|42/100 par|[from] Sandstorm
|upkeep
|turn|5
|c|☆TimidKiwi|yeah, yet to find a better alternative
|
|move|p2a: Tyranitar|Crunch|p1a: Politoed
|-damage|p1a: Politoed|0 fnt
|faint|p1a: Politoed
|
|-weather|Sandstorm|[upkeep]
|upkeep
|
|switch|p1a: Breloom|Breloom, M|100/100
|turn|6
|
|switch|p2a: Latios|Latios, M|100/100
|move|p1a: Breloom|Low Sweep|p2a: Latios
|-resisted|p2a: Latios
|-damage|p2a: Latios|60/100
|-unboost|p2a: Latios|spe|1
|-damage|p1a: Breloom|91/100|[from] item: Life Orb
|
|-weather|Sandstorm|[upkeep]
|-damage|p1a: Breloom|84/100|[from] Sandstorm
|-damage|p2a: Latios|54/100|[from] Sandstorm
|upkeep
|turn|7
|
|switch|p2a: Rotom|Rotom-Wash|33/100 brn
|move|p1a: Breloom|Bullet Seed|p2a: Rotom
|-supereffective|p2a: Rotom
|-damage|p2a: Rotom|0 fnt
|-hitcount|p2a: Rotom|1
|-damage|p1a: Breloom|75/100|[from] item: Life Orb
|faint|p2a: Rotom
|
|-weather|Sandstorm|[upkeep]
|-damage|p1a: Breloom|68/100|[from] Sandstorm
|upkeep
|inactive|Prof. Fouge has 120 seconds left.
|inactive|Prof. Fouge has 90 seconds left.
|c|☆Prof. Fouge|Ahah np scald scarf toed is great
|
|switch|p2a: Latios|Latios, M|54/100
|turn|8
|
|switch|p2a: Landorus|Landorus-Therian, M|100/100
|-ability|p2a: Landorus|Intimidate|boost
|-unboost|p1a: Breloom|atk|1
|switch|p1a: Jirachi|Jirachi|100/100
|
|-weather|Sandstorm|[upkeep]
|upkeep
|turn|9
|
|move|p2a: Landorus|Earthquake|p1a: Jirachi
|-supereffective|p1a: Jirachi
|-enditem|p1a: Jirachi|Shuca Berry|[eat]
|-enditem|p1a: Jirachi|Shuca Berry|[weaken]
|-damage|p1a: Jirachi|40/100
|move|p1a: Jirachi|Icy Wind|p2a: Landorus
|-supereffective|p2a: Landorus
|-damage|p2a: Landorus|10/100
|-unboost|p2a: Landorus|spe|1
|
|-weather|Sandstorm|[upkeep]
|upkeep
|turn|10
|
|move|p1a: Jirachi|Icy Wind|p2a: Landorus
|-supereffective|p2a: Landorus
|-damage|p2a: Landorus|0 fnt
|faint|p2a: Landorus
|
|-weather|Sandstorm|[upkeep]
|upkeep
|
|switch|p2a: Excadrill|Excadrill, M|100/100
|turn|11
|inactive|TimidKiwi has 120 seconds left.
|
|move|p2a: Excadrill|Earthquake|p1a: Jirachi
|-supereffective|p1a: Jirachi
|-crit|p1a: Jirachi
|-damage|p1a: Jirachi|0 fnt
|faint|p1a: Jirachi
|
|-weather|Sandstorm|[upkeep]
|upkeep
|
|switch|p1a: Keldeo|Keldeo-Resolute|100/100
|turn|12
|inactive|TimidKiwi has 120 seconds left.
|
|switch|p2a: Tyranitar|Tyranitar, M|60/100
|move|p1a: Keldeo|Surf|p2a: Tyranitar
|-supereffective|p2a: Tyranitar
|-damage|p2a: Tyranitar|5/100
|
|-weather|Sandstorm|[upkeep]
|-damage|p1a: Keldeo|94/100|[from] Sandstorm
|upkeep
|turn|13
|
|move|p1a: Keldeo|Surf|p2a: Tyranitar
|-supereffective|p2a: Tyranitar
|-damage|p2a: Tyranitar|0 fnt
|faint|p2a: Tyranitar
|
|-weather|Sandstorm|[upkeep]
|-damage|p1a: Keldeo|88/100|[from] Sandstorm
|upkeep
|
|switch|p2a: Latios|Latios, M|54/100
|turn|14
|
|move|p1a: Keldeo|Surf|p2a: Latios
|-resisted|p2a: Latios
|-damage|p2a: Latios|30/100
|move|p2a: Latios|Draco Meteor|p1a: Keldeo
|-damage|p1a: Keldeo|0 fnt
|-unboost|p2a: Latios|spa|2
|faint|p1a: Keldeo
|
|-weather|Sandstorm|[upkeep]
|-damage|p2a: Latios|24/100|[from] Sandstorm
|upkeep
|
|switch|p1a: Kyurem|Kyurem-Black|100/100
|-ability|p1a: Kyurem|Teravolt
|turn|15
|
|move|p2a: Latios|Draco Meteor|p1a: Kyurem
|-supereffective|p1a: Kyurem
|-damage|p1a: Kyurem|0 fnt
|-unboost|p2a: Latios|spa|2
|faint|p1a: Kyurem
|
|-weather|Sandstorm|[upkeep]
|-damage|p2a: Latios|18/100|[from] Sandstorm
|upkeep
|
|switch|p1a: Breloom|Breloom, M|68/100
|turn|16
|
|move|p1a: Breloom|Mach Punch|p2a: Latios
|-resisted|p2a: Latios
|-damage|p2a: Latios|0 fnt
|-damage|p1a: Breloom|59/100|[from] item: Life Orb
|faint|p2a: Latios
|
|-weather|Sandstorm|[upkeep]
|-damage|p1a: Breloom|52/100|[from] Sandstorm
|upkeep
|
|switch|p2a: Excadrill|Excadrill, M|100/100
|turn|17
|
|move|p1a: Breloom|Mach Punch|p2a: Excadrill
|-supereffective|p2a: Excadrill
|-damage|p2a: Excadrill|0 fnt
|-damage|p1a: Breloom|42/100|[from] item: Life Orb
|faint|p2a: Excadrill
|
|-weather|Sandstorm|[upkeep]
|-damage|p1a: Breloom|36/100|[from] Sandstorm
|upkeep
|c|☆TimidKiwi|sand offense is tough
|c|☆TimidKiwi|nice game
|inactive|Prof. Fouge has 120 seconds left.
|c|☆Prof. Fouge|Yeah gg dudd
|j| Invisible Enemy
|
|switch|p2a: Terrakion|Terrakion|62/100
|turn|18
|
|move|p1a: Breloom|Mach Punch|p2a: Terrakion
|-supereffective|p2a: Terrakion
|-damage|p2a: Terrakion|0 fnt
|-damage|p1a: Breloom|26/100|[from] item: Life Orb
|faint|p2a: Terrakion
|
|win|TimidKiwi
|raw|TimidKiwi's rating: 1454 &rarr; <strong>1473</strong><br />(+19 for winning)
|raw|Prof. Fouge's rating: 1425 &rarr; <strong>1406</strong><br />(-19 for losing)
|l|☆Prof. Fouge
