|j|☆kodaekim
|j|☆rstlne123
|t:|1748735519
|gametype|singles
|player|p1|kodaekim|2|1390
|player|p2|rstlne123|lady|1418
|teamsize|p1|6
|teamsize|p2|6
|gen|5
|tier|[Gen 5] OU
|rated|
|rule|Species Clause: Limit one of each Pokémon
|rule|OHKO Clause: OHKO moves are banned
|rule|Moody Clause: Moody is banned
|rule|Evasion Items Clause: Evasion items are banned
|rule|Evasion Moves Clause: Evasion moves are banned
|rule|Endless Battle Clause: Forcing endless battles is banned
|rule|HP Percentage Mod: HP is shown in percentages
|rule|Evasion Abilities Clause: Evasion abilities are banned
|rule|Sleep Moves Clause: Sleep-inducing moves are banned
|rule|Swagger Clause: Swagger is banned
|rule|Baton Pass Stat Clause: No Baton Passer may have a way to boost its stats
|clearpoke
|poke|p1|Tyranitar, F|item
|poke|p1|Garchomp, F|item
|poke|p1|Rotom-Wash|item
|poke|p1|Landorus-Therian, M|item
|poke|p1|Jirachi|item
|poke|p1|Latios, M|item
|poke|p2|Politoed, M|item
|poke|p2|Keldeo|item
|poke|p2|Latios, M|item
|poke|p2|Starmie|item
|poke|p2|Thundurus-Therian, M|item
|poke|p2|Jirachi|item
|teampreview
|inactive|Battle timer is ON: inactive players will automatically lose when time's up. (requested by kodaekim)
|inactive|kodaekim has 120 seconds left.
|inactive|rstlne123 has 120 seconds left.
|
|t:|1748735559
|start
|switch|p1a: Rotom|Rotom-Wash|100/100
|switch|p2a: Latios|Latios, M|100/100
|turn|1
|
|t:|1748735571
|switch|p1a: Jirachi|Jirachi|100/100
|move|p2a: Latios|Draco Meteor|p1a: Jirachi|[miss]
|-miss|p2a: Latios|p1a: Jirachi
|
|upkeep
|turn|2
|
|t:|1748735577
|switch|p2a: Thundurus|Thundurus-Therian, M|100/100
|move|p1a: Jirachi|Ice Punch|p2a: Thundurus
|-supereffective|p2a: Thundurus
|-damage|p2a: Thundurus|19/100
|-status|p2a: Thundurus|frz
|
|-heal|p2a: Thundurus|25/100 frz|[from] item: Leftovers
|upkeep
|turn|3
|
|t:|1748735584
|switch|p2a: Jirachi|Jirachi|100/100
|move|p1a: Jirachi|Ice Punch|p2a: Jirachi
|-resisted|p2a: Jirachi
|-damage|p2a: Jirachi|92/100
|-status|p2a: Jirachi|frz
|
|-heal|p2a: Jirachi|98/100 frz|[from] item: Leftovers
|upkeep
|turn|4
|c|☆kodaekim|damn
|c|☆kodaekim|that sucks so much
|
|t:|1748735596
|switch|p1a: Landorus|Landorus-Therian, M|100/100
|-ability|p1a: Landorus|Intimidate|boost
|-unboost|p2a: Jirachi|atk|1
|-curestatus|p2a: Jirachi|frz|[msg]
|move|p2a: Jirachi|Stealth Rock|p1a: Landorus
|-sidestart|p1: kodaekim|move: Stealth Rock
|
|-heal|p2a: Jirachi|100/100|[from] item: Leftovers
|upkeep
|turn|5
|
|t:|1748735600
|move|p1a: Landorus|U-turn|p2a: Jirachi
|-crit|p2a: Jirachi
|-damage|p2a: Jirachi|58/100
|
|t:|1748735603
|switch|p1a: Jirachi|Jirachi|100/100|[from] U-turn
|-damage|p1a: Jirachi|94/100|[from] Stealth Rock
|move|p2a: Jirachi|Icy Wind|p1a: Jirachi|[miss]
|-miss|p2a: Jirachi|p1a: Jirachi
|
|-heal|p2a: Jirachi|64/100|[from] item: Leftovers
|upkeep
|turn|6
|
|t:|1748735612
|move|p1a: Jirachi|Fire Punch|p2a: Jirachi
|-supereffective|p2a: Jirachi
|-damage|p2a: Jirachi|20/100
|move|p2a: Jirachi|Thunder|p1a: Jirachi
|-damage|p1a: Jirachi|65/100
|-status|p1a: Jirachi|par
|
|-heal|p2a: Jirachi|26/100|[from] item: Leftovers
|upkeep
|turn|7
|
|t:|1748735623
|switch|p2a: Thundurus|Thundurus-Therian, M|25/100 frz
|move|p1a: Jirachi|Fire Punch|p2a: Thundurus
|-damage|p2a: Thundurus|0 fnt
|faint|p2a: Thundurus
|
|upkeep
|
|t:|1748735627
|switch|p2a: Keldeo|Keldeo|100/100
|turn|8
|
|t:|1748735649
|move|p2a: Keldeo|Hydro Pump|p1a: Jirachi|[miss]
|-miss|p2a: Keldeo|p1a: Jirachi
|move|p1a: Jirachi|Thunder|p2a: Keldeo|[miss]
|-miss|p1a: Jirachi|p2a: Keldeo
|
|upkeep
|turn|9
|
|t:|1748735653
|move|p2a: Keldeo|Hydro Pump|p1a: Jirachi
|-crit|p1a: Jirachi
|-damage|p1a: Jirachi|0 fnt
|faint|p1a: Jirachi
|
|upkeep
|
|t:|1748735661
|switch|p1a: Latios|Latios, M|100/100
|-damage|p1a: Latios|88/100|[from] Stealth Rock
|turn|10
|
|t:|1748735666
|switch|p2a: Jirachi|Jirachi|26/100
|move|p1a: Latios|Draco Meteor|p2a: Jirachi
|-resisted|p2a: Jirachi
|-damage|p2a: Jirachi|0 fnt
|-unboost|p1a: Latios|spa|2
|faint|p2a: Jirachi
|
|upkeep
|
|t:|1748735672
|switch|p2a: Latios|Latios, M|100/100
|turn|11
|
|t:|1748735677
|switch|p2a: Keldeo|Keldeo|100/100
|switch|p1a: Tyranitar|Tyranitar, F|100/100
|-damage|p1a: Tyranitar|88/100|[from] Stealth Rock
|-weather|Sandstorm|[from] ability: Sand Stream|[of] p1a: Tyranitar
|
|-weather|Sandstorm|[upkeep]
|-damage|p2a: Keldeo|94/100|[from] Sandstorm
|upkeep
|turn|12
|
|t:|1748735684
|move|p2a: Keldeo|Secret Sword|p1a: Tyranitar
|-supereffective|p1a: Tyranitar
|-enditem|p1a: Tyranitar|Chople Berry|[eat]
|-enditem|p1a: Tyranitar|Chople Berry|[weaken]
|-damage|p1a: Tyranitar|0 fnt
|faint|p1a: Tyranitar
|
|-weather|Sandstorm|[upkeep]
|-damage|p2a: Keldeo|88/100|[from] Sandstorm
|upkeep
|
|t:|1748735688
|switch|p1a: Latios|Latios, M|88/100
|-damage|p1a: Latios|76/100|[from] Stealth Rock
|turn|13
|
|t:|1748735692
|switch|p2a: Politoed|Politoed, M|100/100
|-weather|RainDance|[from] ability: Drizzle|[of] p2a: Politoed
|move|p1a: Latios|Draco Meteor|p2a: Politoed
|-damage|p2a: Politoed|1/100
|-unboost|p1a: Latios|spa|2
|
|-weather|RainDance|[upkeep]
|-heal|p2a: Politoed|8/100|[from] item: Leftovers
|upkeep
|turn|14
|
|t:|1748735699
|move|p1a: Latios|Draco Meteor|p2a: Politoed
|-damage|p2a: Politoed|0 fnt
|-unboost|p1a: Latios|spa|2
|faint|p2a: Politoed
|
|-weather|RainDance|[upkeep]
|upkeep
|
|t:|1748735701
|switch|p2a: Latios|Latios, M|100/100
|turn|15
|
|t:|1748735707
|switch|p1a: Garchomp|Garchomp, F|100/100
|-damage|p1a: Garchomp|94/100|[from] Stealth Rock
|move|p2a: Latios|Dragon Pulse|p1a: Garchomp
|-supereffective|p1a: Garchomp
|-damage|p1a: Garchomp|0 fnt
|faint|p1a: Garchomp
|
|-weather|RainDance|[upkeep]
|upkeep
|
|t:|1748735709
|switch|p1a: Landorus|Landorus-Therian, M|100/100
|-damage|p1a: Landorus|88/100|[from] Stealth Rock
|-ability|p1a: Landorus|Intimidate|boost
|-unboost|p2a: Latios|atk|1
|turn|16
|
|t:|1748735716
|move|p2a: Latios|Dragon Pulse|p1a: Landorus
|-crit|p1a: Landorus
|-damage|p1a: Landorus|0 fnt
|faint|p1a: Landorus
|
|-weather|RainDance|[upkeep]
|upkeep
|c|☆kodaekim|yeah thats chill
|
|t:|1748735723
|switch|p1a: Rotom|Rotom-Wash|100/100
|-damage|p1a: Rotom|88/100|[from] Stealth Rock
|turn|17
|
|t:|1748735727
|move|p2a: Latios|Dragon Pulse|p1a: Rotom
|-damage|p1a: Rotom|26/100
|move|p1a: Rotom|Hydro Pump|p2a: Latios
|-resisted|p2a: Latios
|-crit|p2a: Latios
|-damage|p2a: Latios|3/100
|
|-weather|RainDance|[upkeep]
|-heal|p1a: Rotom|32/100|[from] item: Leftovers
|upkeep
|turn|18
|
|t:|1748735732
|move|p2a: Latios|Dragon Pulse|p1a: Rotom
|-damage|p1a: Rotom|0 fnt
|faint|p1a: Rotom
|
|-weather|RainDance|[upkeep]
|upkeep
|
|t:|1748735734
|switch|p1a: Latios|Latios, M|76/100
|-damage|p1a: Latios|64/100|[from] Stealth Rock
|turn|19
|
|t:|1748735735
|move|p2a: Latios|Dragon Pulse|p1a: Latios
|-supereffective|p1a: Latios
|-damage|p1a: Latios|0 fnt
|faint|p1a: Latios
|
|win|rstlne123
|raw|kodaekim's rating: 1390 &rarr; <strong>1372</strong><br />(-18 for losing)
|raw|rstlne123's rating: 1418 &rarr; <strong>1436</strong><br />(+18 for winning)
