|j|☆baixiaohen
|j|☆qscf331
|t:|1738890977
|gametype|singles
|player|p1|baixiaohen|steven|1314
|player|p2|qscf331|170|1379
|teamsize|p1|6
|teamsize|p2|6
|gen|5
|tier|[Gen 5] OU
|rated|
|rule|Species Clause: Limit one of each Pokémon
|rule|OHKO Clause: OHKO moves are banned
|rule|Moody Clause: Moody is banned
|rule|Evasion Items Clause: Evasion items are banned
|rule|Evasion Moves Clause: Evasion moves are banned
|rule|Endless Battle Clause: Forcing endless battles is banned
|rule|HP Percentage Mod: HP is shown in percentages
|rule|Evasion Abilities Clause: Evasion abilities are banned
|rule|Sleep Moves Clause: Sleep-inducing moves are banned
|rule|Swagger Clause: Swagger is banned
|rule|Baton Pass Stat Clause: No Baton Passer may have a way to boost its stats
|clearpoke
|poke|p1|Jirachi|item
|poke|p1|Scizor, M|item
|poke|p1|Celebi|item
|poke|p1|Gyarados, F|item
|poke|p1|Heatran, F|item
|poke|p1|Starmie|item
|poke|p2|Latios, M|item
|poke|p2|Skarmory, F|item
|poke|p2|Excadrill, M|item
|poke|p2|Tyranitar, F|item
|poke|p2|Keldeo|item
|poke|p2|Terrakion|item
|teampreview
|
|t:|1738890987
|start
|switch|p1a: Jirachi|Jirachi, shiny|100/100
|switch|p2a: Skarmory|Skarmory, F|100/100
|turn|1
|
|t:|1738890990
|move|p1a: Jirachi|Trick|p2a: Skarmory
|-activate|p1a: Jirachi|move: Trick|[of] p2a: Skarmory
|-item|p2a: Skarmory|Choice Scarf|[from] move: Trick
|-item|p1a: Jirachi|Custap Berry|[from] move: Trick
|move|p2a: Skarmory|Stealth Rock|p1a: Jirachi
|-sidestart|p1: baixiaohen|move: Stealth Rock
|
|upkeep
|turn|2
|
|t:|1738890996
|switch|p2a: Excadrill|Excadrill, M|100/100
|move|p1a: Jirachi|U-turn|p2a: Excadrill
|-resisted|p2a: Excadrill
|-damage|p2a: Excadrill|85/100
|
|t:|1738891006
|switch|p1a: Starmie|Starmie, shiny|100/100|[from] U-turn
|-damage|p1a: Starmie|88/100|[from] Stealth Rock
|
|-heal|p2a: Excadrill|91/100|[from] item: Leftovers
|upkeep
|turn|3
|
|t:|1738891010
|move|p1a: Starmie|Hydro Pump|p2a: Excadrill|[miss]
|-miss|p1a: Starmie|p2a: Excadrill
|move|p2a: Excadrill|Earthquake|p1a: Starmie
|-damage|p1a: Starmie|2/100
|
|-heal|p2a: Excadrill|97/100|[from] item: Leftovers
|upkeep
|turn|4
|
|t:|1738891015
|switch|p2a: Latios|Latios, M|100/100
|move|p1a: Starmie|Rapid Spin|p2a: Latios
|-damage|p2a: Latios|94/100
|-sideend|p1: baixiaohen|Stealth Rock|[from] move: Rapid Spin|[of] p1a: Starmie
|-damage|p1a: Starmie|0 fnt|[from] item: Life Orb
|faint|p1a: Starmie
|
|upkeep
|
|t:|1738891031
|switch|p1a: Scizor|Scizor, M|100/100
|turn|5
|
|t:|1738891042
|switch|p2a: Keldeo|Keldeo|100/100
|move|p1a: Scizor|Swords Dance|p1a: Scizor
|-boost|p1a: Scizor|atk|2
|
|upkeep
|turn|6
|
|t:|1738891047
|move|p1a: Scizor|Quick Attack|p2a: Keldeo
|-damage|p2a: Keldeo|31/100
|-damage|p1a: Scizor|91/100|[from] item: Life Orb
|move|p2a: Keldeo|Scald|p1a: Scizor
|-damage|p1a: Scizor|40/100
|
|-heal|p2a: Keldeo|37/100|[from] item: Leftovers
|upkeep
|turn|7
|
|t:|1738891057
|move|p2a: Keldeo|Protect|p2a: Keldeo
|-singleturn|p2a: Keldeo|Protect
|move|p1a: Scizor|Quick Attack|p2a: Keldeo
|-activate|p2a: Keldeo|move: Protect
|
|-heal|p2a: Keldeo|43/100|[from] item: Leftovers
|upkeep
|turn|8
|
|t:|1738891065
|switch|p2a: Tyranitar|Tyranitar, F|100/100
|-weather|Sandstorm|[from] ability: Sand Stream|[of] p2a: Tyranitar
|move|p1a: Scizor|Quick Attack|p2a: Tyranitar
|-resisted|p2a: Tyranitar
|-damage|p2a: Tyranitar|77/100
|-damage|p1a: Scizor|30/100|[from] item: Life Orb
|
|-weather|Sandstorm|[upkeep]
|upkeep
|turn|9
|
|t:|1738891074
|switch|p2a: Excadrill|Excadrill, M|97/100
|move|p1a: Scizor|Superpower|p2a: Excadrill
|-supereffective|p2a: Excadrill
|-damage|p2a: Excadrill|0 fnt
|-unboost|p1a: Scizor|atk|1
|-unboost|p1a: Scizor|def|1
|faint|p2a: Excadrill
|-damage|p1a: Scizor|20/100|[from] item: Life Orb
|
|-weather|Sandstorm|[upkeep]
|upkeep
|
|t:|1738891088
|switch|p2a: Skarmory|Skarmory, F|100/100
|turn|10
|
|t:|1738891093
|move|p2a: Skarmory|Brave Bird|p1a: Scizor
|-damage|p1a: Scizor|0 fnt
|faint|p1a: Scizor
|-damage|p2a: Skarmory|92/100|[from] Recoil
|
|-weather|Sandstorm|[upkeep]
|upkeep
|
|t:|1738891097
|switch|p1a: Gyarados|Gyarados, F, shiny|100/100
|-ability|p1a: Gyarados|Intimidate|boost
|-unboost|p2a: Skarmory|atk|1
|turn|11
|
|t:|1738891101
|switch|p2a: Terrakion|Terrakion|100/100
|move|p1a: Gyarados|Dragon Dance|p1a: Gyarados
|-boost|p1a: Gyarados|atk|1
|-boost|p1a: Gyarados|spe|1
|
|-weather|Sandstorm|[upkeep]
|-damage|p1a: Gyarados|94/100|[from] Sandstorm
|-heal|p1a: Gyarados|100/100|[from] item: Leftovers
|upkeep
|turn|12
|
|t:|1738891105
|move|p2a: Terrakion|Rock Slide|p1a: Gyarados
|-supereffective|p1a: Gyarados
|-damage|p1a: Gyarados|4/100
|move|p1a: Gyarados|Waterfall|p2a: Terrakion
|-supereffective|p2a: Terrakion
|-damage|p2a: Terrakion|0 fnt
|faint|p2a: Terrakion
|
|-weather|Sandstorm|[upkeep]
|-damage|p1a: Gyarados|0 fnt|[from] Sandstorm
|faint|p1a: Gyarados
|upkeep
|
|t:|1738891125
|switch|p2a: Keldeo|Keldeo|43/100
|switch|p1a: Celebi|Celebi|100/100
|turn|13
|
|t:|1738891131
|move|p2a: Keldeo|Toxic|p1a: Celebi
|-status|p1a: Celebi|tox
|move|p1a: Celebi|Giga Drain|p2a: Keldeo
|-supereffective|p2a: Keldeo
|-damage|p2a: Keldeo|0 fnt
|faint|p2a: Keldeo
|
|-weather|Sandstorm|[upkeep]
|-damage|p1a: Celebi|94/100 tox|[from] Sandstorm
|-heal|p1a: Celebi|100/100 tox|[from] item: Leftovers
|-damage|p1a: Celebi|94/100 tox|[from] psn
|upkeep
|
|t:|1738891141
|switch|p2a: Tyranitar|Tyranitar, F|77/100
|turn|14
|
|t:|1738891148
|move|p1a: Celebi|Thunder Wave|p2a: Tyranitar
|-status|p2a: Tyranitar|par
|move|p2a: Tyranitar|Crunch|p1a: Celebi
|-supereffective|p1a: Celebi
|-damage|p1a: Celebi|24/100 tox
|
|-weather|Sandstorm|[upkeep]
|-damage|p1a: Celebi|18/100 tox|[from] Sandstorm
|-heal|p1a: Celebi|24/100 tox|[from] item: Leftovers
|-damage|p1a: Celebi|12/100 tox|[from] psn
|upkeep
|turn|15
|j| Amphi N enjoyer
|
|t:|1738891155
|move|p1a: Celebi|Giga Drain|p2a: Tyranitar
|-supereffective|p2a: Tyranitar
|-crit|p2a: Tyranitar
|-damage|p2a: Tyranitar|29/100 par
|-heal|p1a: Celebi|36/100 tox|[from] drain|[of] p2a: Tyranitar
|move|p2a: Tyranitar|Pursuit|p1a: Celebi
|-supereffective|p1a: Celebi
|-damage|p1a: Celebi|0 fnt
|faint|p1a: Celebi
|
|-weather|Sandstorm|[upkeep]
|upkeep
|
|t:|1738891170
|switch|p1a: Jirachi|Jirachi, shiny|100/100
|turn|16
|
|t:|1738891176
|switch|p2a: Skarmory|Skarmory, F|92/100
|move|p1a: Jirachi|Iron Head|p2a: Skarmory
|-resisted|p2a: Skarmory
|-damage|p2a: Skarmory|76/100
|
|-weather|Sandstorm|[upkeep]
|upkeep
|turn|17
|
|t:|1738891180
|move|p2a: Skarmory|Spikes|p1a: Jirachi
|-sidestart|p1: baixiaohen|Spikes
|move|p1a: Jirachi|Fire Punch|p2a: Skarmory
|-supereffective|p2a: Skarmory
|-crit|p2a: Skarmory
|-damage|p2a: Skarmory|0 fnt
|faint|p2a: Skarmory
|
|-weather|Sandstorm|[upkeep]
|upkeep
|
|t:|1738891186
|switch|p2a: Tyranitar|Tyranitar, F|29/100 par
|turn|18
|
|t:|1738891189
|move|p1a: Jirachi|Iron Head|p2a: Tyranitar
|-supereffective|p2a: Tyranitar
|-damage|p2a: Tyranitar|0 fnt
|faint|p2a: Tyranitar
|
|-weather|Sandstorm|[upkeep]
|upkeep
|
|t:|1738891191
|switch|p2a: Latios|Latios, M|94/100
|turn|19
|
|t:|1738891202
|move|p2a: Latios|Surf|p1a: Jirachi
|-crit|p1a: Jirachi
|-damage|p1a: Jirachi|0 fnt
|faint|p1a: Jirachi
|
|-weather|Sandstorm|[upkeep]
|-damage|p2a: Latios|88/100|[from] Sandstorm
|upkeep
|-message|baixiaohen forfeited.
|
|win|qscf331
|raw|baixiaohen's rating: 1314 &rarr; <strong>1298</strong><br />(-16 for losing)
|raw|qscf331's rating: 1379 &rarr; <strong>1395</strong><br />(+16 for winning)
|l|☆baixiaohen
|player|p1|
