|j|☆deidara95
|j|☆LarvitarFan
|player|p1|deidara95|226
|player|p2|LarvitarFan|164
|teamsize|p1|6
|teamsize|p2|6
|gametype|singles
|gen|5
|tier|[Gen 5] OU
|rated|
|rule|Sleep Clause Mod: Limit one foe put to sleep
|rule|Species Clause: Limit one of each Pokémon
|rule|OHKO Clause: OHKO moves are banned
|rule|Moody Clause: Moody is banned
|rule|Evasion Moves Clause: Evasion moves are banned
|rule|Endless Battle Clause: Forcing endless battles is banned
|rule|HP Percentage Mod: HP is shown in percentages
|rule|Evasion Abilities Clause: Evasion abilities are banned
|rule|Baton Pass Clause: Limit one Baton Passer, can't pass Spe and other stats simultaneously
|rule|Swagger Clause: Swagger is banned
|clearpoke
|poke|p1|Garchomp, M|item
|poke|p1|Alakazam, M|item
|poke|p1|Tyranitar, F|item
|poke|p1|Latios, M|item
|poke|p1|Rotom-Wash|item
|poke|p1|Skarmory, M|item
|poke|p2|Tyranitar, F|item
|poke|p2|Reuniclus, F|item
|poke|p2|Breloom, F|item
|poke|p2|Garchomp, F|item
|poke|p2|Rotom-Wash|item
|poke|p2|Jirachi|item
|teampreview
|
|start
|switch|p1a: Latios|Latios, M|100/100
|switch|p2a: Jirachi|Jirachi|100/100
|turn|1
|
|switch|p1a: Rotom|Rotom-Wash|100/100
|move|p2a: Jirachi|Stealth Rock|p1a: Rotom
|-sidestart|p1: deidara95|move: Stealth Rock
|
|upkeep
|turn|2
|
|switch|p2a: Reuniclus|Reuniclus, F|100/100
|move|p1a: Rotom|Will-O-Wisp|p2a: Reuniclus|[miss]
|-miss|p1a: Rotom|p2a: Reuniclus
|
|upkeep
|turn|3
|
|move|p1a: Rotom|Hydro Pump|p2a: Reuniclus
|-damage|p2a: Reuniclus|58/100
|move|p2a: Reuniclus|Focus Blast|p1a: Rotom
|-crit|p1a: Rotom
|-damage|p1a: Rotom|8/100
|
|-heal|p1a: Rotom|14/100|[from] item: Leftovers
|upkeep
|turn|4
|
|switch|p2a: Breloom|Breloom, F|100/100
|move|p1a: Rotom|Pain Split|p2a: Breloom
|-sethp|p2a: Breloom|58/100|p1a: Rotom|51/100|[from] move: Pain Split
|
|-heal|p1a: Rotom|57/100|[from] item: Leftovers
|upkeep
|turn|5
|
|move|p1a: Rotom|Will-O-Wisp|p2a: Breloom
|-status|p2a: Breloom|brn
|move|p2a: Breloom|Low Sweep|p1a: Rotom
|-damage|p1a: Rotom|18/100
|-unboost|p1a: Rotom|spe|1
|
|-heal|p1a: Rotom|24/100|[from] item: Leftovers
|-damage|p2a: Breloom|46/100 brn|[from] brn
|upkeep
|turn|6
|
|switch|p1a: Latios|Latios, M|100/100
|-damage|p1a: Latios|88/100|[from] Stealth Rock
|move|p2a: Breloom|Low Sweep|p1a: Latios
|-resisted|p1a: Latios
|-damage|p1a: Latios|64/100
|-unboost|p1a: Latios|spe|1
|
|-damage|p2a: Breloom|34/100 brn|[from] brn
|upkeep
|turn|7
|
|switch|p2a: Tyranitar|Tyranitar, F|100/100
|-weather|Sandstorm|[from] ability: Sand Stream|[of] p2a: Tyranitar
|move|p1a: Latios|Surf|p2a: Tyranitar
|-supereffective|p2a: Tyranitar
|-damage|p2a: Tyranitar|55/100
|
|-weather|Sandstorm|[upkeep]
|-damage|p1a: Latios|58/100|[from] sandstorm
|upkeep
|turn|8
|
|move|p2a: Tyranitar|Crunch|p1a: Latios
|-supereffective|p1a: Latios
|-damage|p1a: Latios|0 fnt
|faint|p1a: Latios
|
|-weather|Sandstorm|[upkeep]
|upkeep
|
|switch|p1a: Tyranitar|Tyranitar, F|100/100
|-damage|p1a: Tyranitar|88/100|[from] Stealth Rock
|turn|9
|
|switch|p2a: Breloom|Breloom, F|34/100 brn
|move|p1a: Tyranitar|Stealth Rock|p2a: Breloom
|-sidestart|p2: LarvitarFan|move: Stealth Rock
|
|-weather|Sandstorm|[upkeep]
|-damage|p2a: Breloom|28/100 brn|[from] sandstorm
|-damage|p2a: Breloom|15/100 brn|[from] brn
|upkeep
|turn|10
|
|switch|p1a: Rotom|Rotom-Wash|24/100
|-damage|p1a: Rotom|11/100|[from] Stealth Rock
|move|p2a: Breloom|Low Sweep|p1a: Rotom
|-damage|p1a: Rotom|0 fnt
|faint|p1a: Rotom
|
|-weather|Sandstorm|[upkeep]
|-damage|p2a: Breloom|9/100 brn|[from] sandstorm
|-damage|p2a: Breloom|0 fnt|[from] brn
|upkeep
|faint|p2a: Breloom
|
|switch|p1a: Garchomp|Garchomp, M|100/100
|switch|p2a: Rotom|Rotom-Wash|100/100
|-damage|p1a: Garchomp|94/100|[from] Stealth Rock
|-damage|p2a: Rotom|88/100|[from] Stealth Rock
|turn|11
|
|switch|p1a: Alakazam|Alakazam, M|100/100
|move|p2a: Rotom|Hydro Pump|p1a: Alakazam|[miss]
|-miss|p2a: Rotom|p1a: Alakazam
|
|-weather|Sandstorm|[upkeep]
|-damage|p2a: Rotom|82/100|[from] sandstorm
|-heal|p2a: Rotom|88/100|[from] item: Leftovers
|upkeep
|turn|12
|
|move|p1a: Alakazam|Psychic|p2a: Rotom
|-damage|p2a: Rotom|51/100
|move|p2a: Rotom|Volt Switch|p1a: Alakazam
|-damage|p1a: Alakazam|64/100
|
|switch|p2a: Garchomp|Garchomp, F|100/100
|-damage|p2a: Garchomp|94/100|[from] Stealth Rock
|
|-weather|Sandstorm|[upkeep]
|upkeep
|turn|13
|
|switch|p1a: Skarmory|Skarmory, M|100/100
|-damage|p1a: Skarmory|88/100|[from] Stealth Rock
|move|p2a: Garchomp|Earthquake|p1a: Skarmory
|-immune|p1a: Skarmory|[msg]
|
|-weather|Sandstorm|[upkeep]
|-heal|p1a: Skarmory|94/100|[from] item: Leftovers
|upkeep
|turn|14
|
|switch|p2a: Jirachi|Jirachi|100/100
|-damage|p2a: Jirachi|94/100|[from] Stealth Rock
|move|p1a: Skarmory|Spikes|p2a: Jirachi
|-sidestart|p2: LarvitarFan|Spikes
|
|-weather|Sandstorm|[upkeep]
|-heal|p2a: Jirachi|100/100|[from] item: Leftovers
|-heal|p1a: Skarmory|100/100|[from] item: Leftovers
|upkeep
|turn|15
|
|move|p2a: Jirachi|Wish|p2a: Jirachi
|move|p1a: Skarmory|Whirlwind|p2a: Jirachi
|drag|p2a: Rotom|Rotom-Wash|51/100
|-damage|p2a: Rotom|39/100|[from] Stealth Rock
|
|-weather|Sandstorm|[upkeep]
|-damage|p2a: Rotom|33/100|[from] sandstorm
|-heal|p2a: Rotom|39/100|[from] item: Leftovers
|upkeep
|turn|16
|
|switch|p1a: Tyranitar|Tyranitar, F|88/100
|-damage|p1a: Tyranitar|76/100|[from] Stealth Rock
|move|p2a: Rotom|Will-O-Wisp|p1a: Tyranitar
|-status|p1a: Tyranitar|brn
|
|-weather|Sandstorm|[upkeep]
|-damage|p2a: Rotom|33/100|[from] sandstorm
|-heal|p2a: Rotom|99/100|[from] move: Wish|[wisher] Jirachi
|-heal|p2a: Rotom|100/100|[from] item: Leftovers
|-damage|p1a: Tyranitar|63/100 brn|[from] brn
|upkeep
|turn|17
|
|move|p2a: Rotom|Volt Switch|p1a: Tyranitar
|-damage|p1a: Tyranitar|51/100 brn
|
|switch|p2a: Jirachi|Jirachi|100/100
|-damage|p2a: Jirachi|94/100|[from] Stealth Rock
|-damage|p2a: Jirachi|82/100|[from] Spikes
|move|p1a: Tyranitar|Crunch|p2a: Jirachi
|-crit|p2a: Jirachi
|-damage|p2a: Jirachi|57/100
|
|-weather|Sandstorm|[upkeep]
|-heal|p2a: Jirachi|63/100|[from] item: Leftovers
|-damage|p1a: Tyranitar|39/100 brn|[from] brn
|upkeep
|turn|18
|
|switch|p1a: Garchomp|Garchomp, M|94/100
|-damage|p1a: Garchomp|88/100|[from] Stealth Rock
|move|p2a: Jirachi|Wish|p2a: Jirachi
|
|-weather|Sandstorm|[upkeep]
|-heal|p2a: Jirachi|69/100|[from] item: Leftovers
|upkeep
|turn|19
|
|switch|p2a: Garchomp|Garchomp, F|94/100
|-damage|p2a: Garchomp|82/100|[from] Spikes
|-damage|p2a: Garchomp|76/100|[from] Stealth Rock
|move|p1a: Garchomp|Swords Dance|p1a: Garchomp
|-boost|p1a: Garchomp|atk|2
|
|-weather|Sandstorm|[upkeep]
|-heal|p2a: Garchomp|100/100|[from] move: Wish|[wisher] Jirachi
|upkeep
|turn|20
|
|move|p2a: Garchomp|Dragon Claw|p1a: Garchomp
|-supereffective|p1a: Garchomp
|-damage|p1a: Garchomp|4/100
|-damage|p2a: Garchomp|88/100|[from] ability: Rough Skin|[of] p1a: Garchomp
|move|p1a: Garchomp|Outrage|p2a: Garchomp
|-supereffective|p2a: Garchomp
|-damage|p2a: Garchomp|0 fnt
|-damage|p1a: Garchomp|0 fnt|[from] ability: Rough Skin|[of] p2a: Garchomp
|faint|p1a: Garchomp
|faint|p2a: Garchomp
|
|-weather|Sandstorm|[upkeep]
|upkeep
|
|switch|p2a: Rotom|Rotom-Wash|100/100
|switch|p1a: Alakazam|Alakazam, M|64/100
|-damage|p2a: Rotom|88/100|[from] Stealth Rock
|turn|21
|
|move|p1a: Alakazam|Psychic|p2a: Rotom
|-damage|p2a: Rotom|48/100
|-unboost|p2a: Rotom|spd|1
|move|p2a: Rotom|Volt Switch|p1a: Alakazam
|-damage|p1a: Alakazam|28/100
|
|switch|p2a: Jirachi|Jirachi|69/100
|-damage|p2a: Jirachi|57/100|[from] Spikes
|-damage|p2a: Jirachi|51/100|[from] Stealth Rock
|
|-weather|Sandstorm|[upkeep]
|-heal|p2a: Jirachi|57/100|[from] item: Leftovers
|upkeep
|turn|22
|
|switch|p1a: Skarmory|Skarmory, M|100/100
|-damage|p1a: Skarmory|88/100|[from] Stealth Rock
|move|p2a: Jirachi|Iron Head|p1a: Skarmory
|-resisted|p1a: Skarmory
|-damage|p1a: Skarmory|79/100
|
|-weather|Sandstorm|[upkeep]
|-heal|p2a: Jirachi|63/100|[from] item: Leftovers
|-heal|p1a: Skarmory|85/100|[from] item: Leftovers
|upkeep
|turn|23
|
|switch|p1a: Alakazam|Alakazam, M|28/100
|move|p2a: Jirachi|Wish|p2a: Jirachi
|
|-weather|Sandstorm|[upkeep]
|-heal|p2a: Jirachi|69/100|[from] item: Leftovers
|upkeep
|turn|24
|
|move|p1a: Alakazam|Encore|p2a: Jirachi
|-start|p2a: Jirachi|Encore
|move|p2a: Jirachi|Wish|p2a: Jirachi
|-fail|p2a: Jirachi
|
|-weather|Sandstorm|[upkeep]
|-heal|p2a: Jirachi|100/100|[from] move: Wish|[wisher] Jirachi
|upkeep
|turn|25
|
|move|p1a: Alakazam|Focus Blast|p2a: Jirachi|[miss]
|-miss|p1a: Alakazam|p2a: Jirachi
|move|p2a: Jirachi|Wish|p2a: Jirachi
|
|-weather|Sandstorm|[upkeep]
|upkeep
|turn|26
|
|switch|p2a: Reuniclus|Reuniclus, F|58/100
|move|p1a: Alakazam|Shadow Ball|p2a: Reuniclus
|-supereffective|p2a: Reuniclus
|-damage|p2a: Reuniclus|4/100
|
|-weather|Sandstorm|[upkeep]
|-heal|p2a: Reuniclus|51/100|[from] move: Wish|[wisher] Jirachi
|upkeep
|turn|27
|
|switch|p2a: Jirachi|Jirachi|100/100
|-damage|p2a: Jirachi|94/100|[from] Stealth Rock
|-damage|p2a: Jirachi|82/100|[from] Spikes
|move|p1a: Alakazam|Shadow Ball|p2a: Jirachi
|-damage|p2a: Jirachi|60/100
|
|-weather|Sandstorm|[upkeep]
|-heal|p2a: Jirachi|66/100|[from] item: Leftovers
|upkeep
|turn|28
|
|switch|p1a: Skarmory|Skarmory, M|85/100
|-damage|p1a: Skarmory|73/100|[from] Stealth Rock
|move|p2a: Jirachi|Fire Punch|p1a: Skarmory
|-supereffective|p1a: Skarmory
|-damage|p1a: Skarmory|54/100
|
|-weather|Sandstorm|[upkeep]
|-heal|p2a: Jirachi|72/100|[from] item: Leftovers
|-heal|p1a: Skarmory|60/100|[from] item: Leftovers
|upkeep
|turn|29
|
|move|p2a: Jirachi|Fire Punch|p1a: Skarmory
|-supereffective|p1a: Skarmory
|-damage|p1a: Skarmory|40/100
|move|p1a: Skarmory|Whirlwind|p2a: Jirachi
|drag|p2a: Rotom|Rotom-Wash|48/100
|-damage|p2a: Rotom|35/100|[from] Stealth Rock
|
|-weather|Sandstorm|[upkeep]
|-damage|p2a: Rotom|29/100|[from] sandstorm
|-heal|p2a: Rotom|35/100|[from] item: Leftovers
|-heal|p1a: Skarmory|46/100|[from] item: Leftovers
|upkeep
|turn|30
|
|switch|p1a: Tyranitar|Tyranitar, F|39/100 brn
|-damage|p1a: Tyranitar|26/100 brn|[from] Stealth Rock
|move|p2a: Rotom|Volt Switch|p1a: Tyranitar
|-damage|p1a: Tyranitar|14/100 brn
|
|switch|p2a: Jirachi|Jirachi|72/100
|-damage|p2a: Jirachi|66/100|[from] Stealth Rock
|-damage|p2a: Jirachi|53/100|[from] Spikes
|
|-weather|Sandstorm|[upkeep]
|-heal|p2a: Jirachi|60/100|[from] item: Leftovers
|-damage|p1a: Tyranitar|1/100 brn|[from] brn
|upkeep
|turn|31
|
|switch|p1a: Alakazam|Alakazam, M|28/100
|move|p2a: Jirachi|Wish|p2a: Jirachi
|
|-weather|Sandstorm|[upkeep]
|-heal|p2a: Jirachi|66/100|[from] item: Leftovers
|upkeep
|turn|32
|
|switch|p2a: Rotom|Rotom-Wash|35/100
|-damage|p2a: Rotom|23/100|[from] Stealth Rock
|move|p1a: Alakazam|Psychic|p2a: Rotom
|-damage|p2a: Rotom|0 fnt
|faint|p2a: Rotom
|
|-weather|Sandstorm|[upkeep]
|upkeep
|
|switch|p2a: Jirachi|Jirachi|66/100
|-damage|p2a: Jirachi|53/100|[from] Spikes
|-damage|p2a: Jirachi|47/100|[from] Stealth Rock
|turn|33
|
|switch|p1a: Tyranitar|Tyranitar, F|1/100 brn
|-damage|p1a: Tyranitar|0 fnt|[from] Stealth Rock
|faint|p1a: Tyranitar
|move|p2a: Jirachi|Wish|p2a: Jirachi
|
|-weather|Sandstorm|[upkeep]
|-heal|p2a: Jirachi|53/100|[from] item: Leftovers
|upkeep
|
|switch|p1a: Alakazam|Alakazam, M|28/100
|turn|34
|
|move|p1a: Alakazam|Encore|p2a: Jirachi
|-start|p2a: Jirachi|Encore
|move|p2a: Jirachi|Wish|p2a: Jirachi
|-fail|p2a: Jirachi
|
|-weather|Sandstorm|[upkeep]
|-heal|p2a: Jirachi|100/100|[from] move: Wish|[wisher] Jirachi
|upkeep
|turn|35
|
|move|p1a: Alakazam|Focus Blast|p2a: Jirachi
|-damage|p2a: Jirachi|69/100
|move|p2a: Jirachi|Wish|p2a: Jirachi
|
|-weather|Sandstorm|[upkeep]
|-heal|p2a: Jirachi|75/100|[from] item: Leftovers
|upkeep
|turn|36
|
|switch|p2a: Tyranitar|Tyranitar, F|55/100
|-damage|p2a: Tyranitar|42/100|[from] Stealth Rock
|-damage|p2a: Tyranitar|30/100|[from] Spikes
|move|p1a: Alakazam|Shadow Ball|p2a: Tyranitar
|-resisted|p2a: Tyranitar
|-damage|p2a: Tyranitar|21/100
|-unboost|p2a: Tyranitar|spd|1
|
|-weather|Sandstorm|[upkeep]
|-heal|p2a: Tyranitar|80/100|[from] move: Wish|[wisher] Jirachi
|upkeep
|turn|37
|
|move|p1a: Alakazam|Focus Blast|p2a: Tyranitar
|-supereffective|p2a: Tyranitar
|-damage|p2a: Tyranitar|0 fnt
|faint|p2a: Tyranitar
|
|-weather|Sandstorm|[upkeep]
|upkeep
|
|switch|p2a: Jirachi|Jirachi|75/100
|-damage|p2a: Jirachi|69/100|[from] Stealth Rock
|-damage|p2a: Jirachi|56/100|[from] Spikes
|turn|38
|
|switch|p1a: Skarmory|Skarmory, M|46/100
|-damage|p1a: Skarmory|34/100|[from] Stealth Rock
|move|p2a: Jirachi|Fire Punch|p1a: Skarmory
|-supereffective|p1a: Skarmory
|-damage|p1a: Skarmory|14/100
|
|-weather|Sandstorm|[upkeep]
|-heal|p2a: Jirachi|63/100|[from] item: Leftovers
|-heal|p1a: Skarmory|20/100|[from] item: Leftovers
|upkeep
|turn|39
|
|move|p2a: Jirachi|Fire Punch|p1a: Skarmory
|-supereffective|p1a: Skarmory
|-damage|p1a: Skarmory|0 fnt
|faint|p1a: Skarmory
|
|-weather|Sandstorm|[upkeep]
|-heal|p2a: Jirachi|69/100|[from] item: Leftovers
|upkeep
|
|switch|p1a: Alakazam|Alakazam, M|28/100
|turn|40
|
|move|p1a: Alakazam|Focus Blast|p2a: Jirachi|[miss]
|-miss|p1a: Alakazam|p2a: Jirachi
|move|p2a: Jirachi|Iron Head|p1a: Alakazam
|-damage|p1a: Alakazam|0 fnt
|faint|p1a: Alakazam
|
|win|LarvitarFan
|l|☆deidara95
|raw|deidara95's rating: 1473 &rarr; <strong>1455</strong><br />(-18 for losing)
|raw|LarvitarFan's rating: 1511 &rarr; <strong>1529</strong><br />(+18 for winning)
