|j|☆HungryJef
|j|☆Primary Trout
|t:|1730669734
|gametype|singles
|player|p1|HungryJef|ethan|1361
|player|p2|Primary Trout|marshal|1388
|teamsize|p1|6
|teamsize|p2|6
|gen|5
|tier|[Gen 5] OU
|rated|
|rule|Species Clause: Limit one of each Pokémon
|rule|OHKO Clause: OHKO moves are banned
|rule|Moody Clause: Moody is banned
|rule|Evasion Items Clause: Evasion items are banned
|rule|Evasion Moves Clause: Evasion moves are banned
|rule|Endless Battle Clause: Forcing endless battles is banned
|rule|HP Percentage Mod: HP is shown in percentages
|rule|Evasion Abilities Clause: Evasion abilities are banned
|rule|Sleep Moves Clause: Sleep-inducing moves are banned
|rule|Swagger Clause: Swagger is banned
|rule|Baton Pass Stat Clause: No Baton Passer may have a way to boost its stats
|clearpoke
|poke|p1|Garchomp, F|item
|poke|p1|Volcarona, M|item
|poke|p1|Scizor, F|item
|poke|p1|Jirachi|item
|poke|p1|Starmie|item
|poke|p1|Latios, M|item
|poke|p2|Rotom-Wash|item
|poke|p2|Tyranitar, M|item
|poke|p2|Latios, M|item
|poke|p2|Landorus-Therian, M|item
|poke|p2|Keldeo-Resolute|item
|poke|p2|Garchomp, F|item
|teampreview
|inactive|Battle timer is ON: inactive players will automatically lose when time's up. (requested by Primary Trout)
|
|t:|1730669746
|start
|switch|p1a: Jirachi|Jirachi|100/100
|switch|p2a: Rotom|Rotom-Wash|100/100
|turn|1
|
|t:|1730669751
|move|p2a: Rotom|Will-O-Wisp|p1a: Jirachi|[miss]
|-miss|p2a: Rotom|p1a: Jirachi
|move|p1a: Jirachi|Stealth Rock|p2a: Rotom
|-sidestart|p2: Primary Trout|move: Stealth Rock
|
|upkeep
|turn|2
|
|t:|1730669760
|move|p2a: Rotom|Hydro Pump|p1a: Jirachi
|-damage|p1a: Jirachi|70/100
|move|p1a: Jirachi|Energy Ball|p2a: Rotom
|-supereffective|p2a: Rotom
|-damage|p2a: Rotom|53/100
|
|upkeep
|turn|3
|
|t:|1730669765
|move|p2a: Rotom|Volt Switch|p1a: Jirachi
|-damage|p1a: Jirachi|51/100
|
|t:|1730669768
|switch|p2a: Garchomp|Garchomp, F|100/100|[from] Volt Switch
|-damage|p2a: Garchomp|94/100|[from] Stealth Rock
|move|p1a: Jirachi|Energy Ball|p2a: Garchomp
|-damage|p2a: Garchomp|75/100
|
|-heal|p2a: Garchomp|81/100|[from] item: Leftovers
|upkeep
|turn|4
|
|t:|1730669776
|switch|p1a: Starmie|Starmie|100/100
|-item|p1a: Starmie|Air Balloon
|move|p2a: Garchomp|Substitute|p2a: Garchomp
|-start|p2a: Garchomp|Substitute
|-damage|p2a: Garchomp|56/100
|
|-heal|p2a: Garchomp|63/100|[from] item: Leftovers
|upkeep
|turn|5
|
|t:|1730669781
|move|p1a: Starmie|Ice Beam|p2a: Garchomp
|-supereffective|p2a: Garchomp
|-end|p2a: Garchomp|Substitute
|move|p2a: Garchomp|Dragon Claw|p1a: Starmie
|-damage|p1a: Starmie|37/100
|-enditem|p1a: Starmie|Air Balloon
|
|-heal|p2a: Garchomp|69/100|[from] item: Leftovers
|upkeep
|turn|6
|
|t:|1730669789
|switch|p2a: Keldeo|Keldeo-Resolute|100/100
|-damage|p2a: Keldeo|94/100|[from] Stealth Rock
|move|p1a: Starmie|Hydro Pump|p2a: Keldeo
|-resisted|p2a: Keldeo
|-damage|p2a: Keldeo|55/100
|
|upkeep
|turn|7
|
|t:|1730669793
|move|p2a: Keldeo|Hydro Pump|p1a: Starmie|[miss]
|-miss|p2a: Keldeo|p1a: Starmie
|move|p1a: Starmie|Toxic|p2a: Keldeo
|-status|p2a: Keldeo|tox
|
|-damage|p2a: Keldeo|48/100 tox|[from] psn
|upkeep
|turn|8
|
|t:|1730669798
|switch|p2a: Tyranitar|Tyranitar, M|100/100
|-damage|p2a: Tyranitar|88/100|[from] Stealth Rock
|-weather|Sandstorm|[from] ability: Sand Stream|[of] p2a: Tyranitar
|switch|p1a: Jirachi|Jirachi|51/100
|
|-weather|Sandstorm|[upkeep]
|upkeep
|turn|9
|
|t:|1730669803
|move|p1a: Jirachi|U-turn|p2a: Tyranitar
|-supereffective|p2a: Tyranitar
|-damage|p2a: Tyranitar|61/100
|
|t:|1730669806
|switch|p1a: Volcarona|Volcarona, M|100/100|[from] U-turn
|move|p2a: Tyranitar|Crunch|p1a: Volcarona
|-crit|p1a: Volcarona
|-damage|p1a: Volcarona|0 fnt
|faint|p1a: Volcarona
|
|-weather|Sandstorm|[upkeep]
|upkeep
|
|t:|1730669813
|switch|p1a: Garchomp|Garchomp, F|100/100
|turn|10
|
|t:|1730669816
|switch|p2a: Landorus|Landorus-Therian, M|100/100
|-damage|p2a: Landorus|88/100|[from] Stealth Rock
|-ability|p2a: Landorus|Intimidate|boost
|-unboost|p1a: Garchomp|atk|1
|move|p1a: Garchomp|Draco Meteor|p2a: Landorus
|-damage|p2a: Landorus|16/100
|-unboost|p1a: Garchomp|spa|2
|-damage|p1a: Garchomp|91/100|[from] item: Life Orb
|
|-weather|Sandstorm|[upkeep]
|-heal|p2a: Landorus|22/100|[from] item: Leftovers
|upkeep
|turn|11
|
|t:|1730669825
|switch|p1a: Scizor|Scizor, F|100/100
|move|p2a: Landorus|Stealth Rock|p1a: Scizor
|-sidestart|p1: HungryJef|move: Stealth Rock
|
|-weather|Sandstorm|[upkeep]
|-heal|p2a: Landorus|29/100|[from] item: Leftovers
|upkeep
|turn|12
|
|t:|1730669836
|move|p2a: Landorus|Earthquake|p1a: Scizor
|-damage|p1a: Scizor|43/100
|move|p1a: Scizor|U-turn|p2a: Landorus
|-resisted|p2a: Landorus
|-damage|p2a: Landorus|2/100
|
|t:|1730669842
|switch|p1a: Starmie|Starmie|37/100|[from] U-turn
|-damage|p1a: Starmie|25/100|[from] Stealth Rock
|
|-weather|Sandstorm|[upkeep]
|-damage|p1a: Starmie|19/100|[from] Sandstorm
|-heal|p2a: Landorus|8/100|[from] item: Leftovers
|upkeep
|turn|13
|
|t:|1730669846
|move|p1a: Starmie|Rapid Spin|p2a: Landorus
|-crit|p2a: Landorus
|-damage|p2a: Landorus|3/100
|-sideend|p1: HungryJef|Stealth Rock|[from] move: Rapid Spin|[of] p1a: Starmie
|move|p2a: Landorus|Earthquake|p1a: Starmie
|-damage|p1a: Starmie|0 fnt
|faint|p1a: Starmie
|
|-weather|Sandstorm|[upkeep]
|-heal|p2a: Landorus|9/100|[from] item: Leftovers
|upkeep
|
|t:|1730669852
|switch|p1a: Scizor|Scizor, F|43/100
|turn|14
|
|t:|1730669856
|switch|p2a: Rotom|Rotom-Wash|53/100
|-damage|p2a: Rotom|41/100|[from] Stealth Rock
|move|p1a: Scizor|Bullet Punch|p2a: Rotom
|-resisted|p2a: Rotom
|-damage|p2a: Rotom|24/100
|
|-weather|Sandstorm|[upkeep]
|-damage|p2a: Rotom|18/100|[from] Sandstorm
|upkeep
|turn|15
|
|t:|1730669861
|move|p1a: Scizor|Bullet Punch|p2a: Rotom
|-resisted|p2a: Rotom
|-damage|p2a: Rotom|2/100
|move|p2a: Rotom|Hydro Pump|p1a: Scizor
|-crit|p1a: Scizor
|-damage|p1a: Scizor|0 fnt
|faint|p1a: Scizor
|
|-weather|Sandstorm|[upkeep]
|-damage|p2a: Rotom|0 fnt|[from] Sandstorm
|faint|p2a: Rotom
|upkeep
|
|t:|1730669872
|switch|p2a: Keldeo|Keldeo-Resolute|48/100 tox
|switch|p1a: Jirachi|Jirachi|51/100
|-damage|p2a: Keldeo|42/100 tox|[from] Stealth Rock
|turn|16
|
|t:|1730669875
|switch|p2a: Garchomp|Garchomp, F|69/100
|-damage|p2a: Garchomp|63/100|[from] Stealth Rock
|move|p1a: Jirachi|Energy Ball|p2a: Garchomp
|-damage|p2a: Garchomp|42/100
|
|-weather|Sandstorm|[upkeep]
|-heal|p2a: Garchomp|48/100|[from] item: Leftovers
|upkeep
|turn|17
|
|t:|1730669878
|move|p2a: Garchomp|Earthquake|p1a: Jirachi
|-supereffective|p1a: Jirachi
|-crit|p1a: Jirachi
|-enditem|p1a: Jirachi|Shuca Berry|[eat]
|-enditem|p1a: Jirachi|Shuca Berry|[weaken]
|-damage|p1a: Jirachi|0 fnt
|faint|p1a: Jirachi
|
|-weather|Sandstorm|[upkeep]
|-heal|p2a: Garchomp|54/100|[from] item: Leftovers
|upkeep
|
|t:|1730669884
|switch|p1a: Latios|Latios, M|100/100
|turn|18
|
|t:|1730669887
|switch|p1a: Garchomp|Garchomp, F|91/100
|move|p2a: Garchomp|Dragon Claw|p1a: Garchomp
|-supereffective|p1a: Garchomp
|-crit|p1a: Garchomp
|-damage|p1a: Garchomp|0 fnt
|-damage|p2a: Garchomp|42/100|[from] ability: Rough Skin|[of] p1a: Garchomp
|faint|p1a: Garchomp
|
|-weather|Sandstorm|[upkeep]
|-heal|p2a: Garchomp|48/100|[from] item: Leftovers
|upkeep
|-message|HungryJef forfeited.
|
|win|Primary Trout
|raw|HungryJef's rating: 1361 &rarr; <strong>1343</strong><br />(-18 for losing)
|raw|Primary Trout's rating: 1388 &rarr; <strong>1406</strong><br />(+18 for winning)
|l|☆HungryJef
|player|p1|
