|j|Stads
|j|NotWhatUrExpecting
|player|p1|Stads|169
|player|p2|NotWhatUrExpecting|101
|gametype|singles
|gen|5
|tier|[Gen 5] OU
|rated
|seed|
|rule|Evasion Abilities Clause: Evasion abilities are banned
|rule|Baton Pass Clause: Limit one Baton Passer, can't pass Spe and other stats simultaneously
|rule|Swagger Clause: Swagger is banned
|clearpoke
|poke|p1|Politoed, F|item
|poke|p1|Ferrothorn, M|item
|poke|p1|Tentacruel, F|item
|poke|p1|Landorus-Therian, M|item
|poke|p1|Scizor, F|item
|poke|p1|Thundurus-Therian, M|item
|poke|p2|Mamoswine, M|item
|poke|p2|Latios, M|item
|poke|p2|Scizor, F|item
|poke|p2|Kyurem-Black|item
|poke|p2|Salamence, M|item
|poke|p2|Magnezone|item
|rule|Sleep Clause Mod: Limit one foe put to sleep
|rule|Species Clause: Limit one of each Pokémon
|rule|OHKO Clause: OHKO moves are banned
|rule|Moody Clause: Moody is banned
|rule|Evasion Moves Clause: Evasion moves are banned
|rule|Endless Battle Clause: Forcing endless battles is banned
|rule|HP Percentage Mod: HP is shown in percentages
|teampreview
|choice||
|
|start
|switch|p1a: Politoed|Politoed, F|100/100
|switch|p2a: Mamoswine|Mamoswine, M|100/100
|-weather|RainDance|[from] ability: Drizzle|[of] p1a: Politoed
|turn|1
|choice||
|
|move|p2a: Mamoswine|Stealth Rock|p1a: Politoed
|-sidestart|p1: Stads|move: Stealth Rock
|move|p1a: Politoed|Scald|p2a: Mamoswine
|-supereffective|p2a: Mamoswine
|-enditem|p2a: Mamoswine|Focus Sash
|-damage|p2a: Mamoswine|1/100
|
|-weather|RainDance|[upkeep]
|turn|2
|choice||
|
|move|p2a: Mamoswine|Endeavor|p1a: Politoed
|-damage|p1a: Politoed|1/100
|move|p1a: Politoed|Scald|p2a: Mamoswine
|-supereffective|p2a: Mamoswine
|-damage|p2a: Mamoswine|0 fnt
|faint|p2a: Mamoswine
|
|-weather|RainDance|[upkeep]
|-heal|p1a: Politoed|7/100|[from] item: Leftovers
|choice||
|
|switch|p2a: Latios|Latios, M|100/100
|turn|3
|choice||
|
|move|p1a: Politoed|Protect|p1a: Politoed
|-singleturn|p1a: Politoed|Protect
|move|p2a: Latios|Psychic|p1a: Politoed
|-activate|p1a: Politoed|Protect
|
|-weather|RainDance|[upkeep]
|-heal|p1a: Politoed|13/100|[from] item: Leftovers
|turn|4
|choice||
|
|move|p2a: Latios|Psychic|p1a: Politoed
|-damage|p1a: Politoed|0 fnt
|faint|p1a: Politoed
|
|-weather|RainDance|[upkeep]
|choice||
|
|switch|p1a: Scizor|Scizor, F|100/100
|-damage|p1a: Scizor|88/100|[from] Stealth Rock
|turn|5
|choice||
|
|switch|p2a: Scizor|Scizor, F|100/100
|move|p1a: Scizor|U-turn|p2a: Scizor
|-resisted|p2a: Scizor
|-damage|p2a: Scizor|71/100
|choice||
|
|switch|p1a: Tentacruel|Tentacruel, F|100/100
|-damage|p1a: Tentacruel|88/100|[from] Stealth Rock
|
|-weather|RainDance|[upkeep]
|-heal|p1a: Tentacruel|94/100|[from] ability: Rain Dish
|-heal|p1a: Tentacruel|99/100|[from] item: Black Sludge
|turn|6
|j|shyamm98
|choice||
|
|move|p1a: Tentacruel|Rapid Spin|p2a: Scizor
|-resisted|p2a: Scizor
|-damage|p2a: Scizor|69/100
|-sideend|p1: Stads|Stealth Rock|[from] move: Rapid Spin|[of] p1a: Tentacruel
|move|p2a: Scizor|U-turn|p1a: Tentacruel
|-resisted|p1a: Tentacruel
|-damage|p1a: Tentacruel|69/100
|choice||
|
|switch|p2a: Latios|Latios, M|100/100
|
|-weather|RainDance|[upkeep]
|-heal|p1a: Tentacruel|75/100|[from] ability: Rain Dish
|-heal|p1a: Tentacruel|81/100|[from] item: Black Sludge
|turn|7
|choice||
|
|move|p1a: Tentacruel|Protect|p1a: Tentacruel
|-singleturn|p1a: Tentacruel|Protect
|move|p2a: Latios|Surf|p1a: Tentacruel
|-activate|p1a: Tentacruel|Protect
|
|-weather|RainDance|[upkeep]
|-heal|p1a: Tentacruel|87/100|[from] ability: Rain Dish
|-heal|p1a: Tentacruel|93/100|[from] item: Black Sludge
|turn|8
|choice||
|
|switch|p2a: Scizor|Scizor, F|69/100
|move|p1a: Tentacruel|Toxic|p2a: Scizor
|-immune|p2a: Scizor|[msg]
|
|-weather|RainDance|[upkeep]
|-heal|p1a: Tentacruel|99/100|[from] ability: Rain Dish
|-heal|p1a: Tentacruel|100/100|[from] item: Black Sludge
|turn|9
|choice||
|
|move|p1a: Tentacruel|Scald|p2a: Scizor
|-damage|p2a: Scizor|27/100
|move|p2a: Scizor|U-turn|p1a: Tentacruel
|-resisted|p1a: Tentacruel
|-damage|p1a: Tentacruel|70/100
|choice||
|
|switch|p2a: Kyurem|Kyurem-Black|100/100
|-ability|p2a: Kyurem|Teravolt
|
|-weather|RainDance|[upkeep]
|-heal|p1a: Tentacruel|76/100|[from] ability: Rain Dish
|-heal|p1a: Tentacruel|82/100|[from] item: Black Sludge
|turn|10
|choice||
|
|move|p2a: Kyurem|Dragon Claw|p1a: Tentacruel
|-damage|p1a: Tentacruel|7/100
|move|p1a: Tentacruel|Toxic|p2a: Kyurem
|-status|p2a: Kyurem|tox
|
|-weather|RainDance|[upkeep]
|-heal|p1a: Tentacruel|13/100|[from] ability: Rain Dish
|-heal|p1a: Tentacruel|19/100|[from] item: Black Sludge
|-damage|p2a: Kyurem|94/100 tox|[from] psn
|turn|11
|choice||
|
|move|p1a: Tentacruel|Protect|p1a: Tentacruel
|-singleturn|p1a: Tentacruel|Protect
|move|p2a: Kyurem|Dragon Claw|p1a: Tentacruel
|-activate|p1a: Tentacruel|Protect
|
|-weather|RainDance|[upkeep]
|-heal|p1a: Tentacruel|25/100|[from] ability: Rain Dish
|-heal|p1a: Tentacruel|31/100|[from] item: Black Sludge
|-damage|p2a: Kyurem|82/100 tox|[from] psn
|turn|12
|choice||
|
|switch|p1a: Ferrothorn|Ferrothorn, M|100/100
|move|p2a: Kyurem|Dragon Claw|p1a: Ferrothorn
|-resisted|p1a: Ferrothorn
|-damage|p1a: Ferrothorn|73/100
|-damage|p2a: Kyurem|70/100 tox|[from] ability: Iron Barbs|[of] p1a: Ferrothorn
|
|-weather|RainDance|[upkeep]
|-heal|p1a: Ferrothorn|79/100|[from] item: Leftovers
|-damage|p2a: Kyurem|51/100 tox|[from] psn
|turn|13
|choice||
|
|switch|p2a: Magnezone|Magnezone|100/100
|switch|p1a: Tentacruel|Tentacruel, F|31/100
|
|-weather|RainDance|[upkeep]
|-heal|p1a: Tentacruel|37/100|[from] ability: Rain Dish
|-heal|p1a: Tentacruel|43/100|[from] item: Black Sludge
|turn|14
|choice||
|
|move|p1a: Tentacruel|Protect|p1a: Tentacruel
|-singleturn|p1a: Tentacruel|Protect
|move|p2a: Magnezone|Volt Switch|p1a: Tentacruel
|-activate|p1a: Tentacruel|Protect
|
|-weather|RainDance|[upkeep]
|-heal|p1a: Tentacruel|49/100|[from] ability: Rain Dish
|-heal|p1a: Tentacruel|55/100|[from] item: Black Sludge
|turn|15
|choice||
|
|switch|p1a: Thundurus|Thundurus-Therian, M|100/100
|switch|p2a: Salamence|Salamence, M|100/100
|
|-weather|RainDance|[upkeep]
|turn|16
|choice||
|
|move|p2a: Salamence|Dragon Claw|p1a: Thundurus
|-damage|p1a: Thundurus|45/100
|move|p1a: Thundurus|Hidden Power|p2a: Salamence
|-supereffective|p2a: Salamence
|-damage|p2a: Salamence|0 fnt
|faint|p2a: Salamence
|
|-weather|RainDance|[upkeep]
|-heal|p1a: Thundurus|51/100|[from] item: Leftovers
|choice||
|
|switch|p2a: Scizor|Scizor, F|27/100
|turn|17
|choice||
|
|move|p2a: Scizor|Bullet Punch|p1a: Thundurus
|-resisted|p1a: Thundurus
|-damage|p1a: Thundurus|14/100
|move|p1a: Thundurus|Thunder|p2a: Scizor
|-damage|p2a: Scizor|0 fnt
|faint|p2a: Scizor
|
|-weather|RainDance|[upkeep]
|-heal|p1a: Thundurus|20/100|[from] item: Leftovers
|choice||
|
|switch|p2a: Magnezone|Magnezone|100/100
|turn|18
|choice||
|
|move|p1a: Thundurus|Thunder|p2a: Magnezone
|-resisted|p2a: Magnezone
|-damage|p2a: Magnezone|49/100
|move|p2a: Magnezone|Flash Cannon|p1a: Thundurus
|-resisted|p1a: Thundurus
|-damage|p1a: Thundurus|0 fnt
|faint|p1a: Thundurus
|
|-weather|RainDance|[upkeep]
|choice||
|
|switch|p1a: Tentacruel|Tentacruel, F|55/100
|turn|19
|choice||
|
|switch|p2a: Kyurem|Kyurem-Black|51/100 tox
|-ability|p2a: Kyurem|Teravolt
|move|p1a: Tentacruel|Scald|p2a: Kyurem
|-resisted|p2a: Kyurem
|-damage|p2a: Kyurem|35/100 tox
|
|-weather|RainDance|[upkeep]
|-heal|p1a: Tentacruel|61/100|[from] ability: Rain Dish
|-heal|p1a: Tentacruel|67/100|[from] item: Black Sludge
|-damage|p2a: Kyurem|29/100 tox|[from] psn
|turn|20
|choice||
|
|move|p1a: Tentacruel|Protect|p1a: Tentacruel
|-singleturn|p1a: Tentacruel|Protect
|move|p2a: Kyurem|Fusion Bolt|p1a: Tentacruel
|-activate|p1a: Tentacruel|Protect
|
|-weather|RainDance|[upkeep]
|-heal|p1a: Tentacruel|74/100|[from] ability: Rain Dish
|-heal|p1a: Tentacruel|80/100|[from] item: Black Sludge
|-damage|p2a: Kyurem|17/100 tox|[from] psn
|turn|21
|choice||
|
|switch|p2a: Latios|Latios, M|100/100
|switch|p1a: Landorus|Landorus-Therian, M|100/100
|-ability|p1a: Landorus|Intimidate|boost
|-unboost|p2a: Latios|atk|1
|
|-weather|RainDance|[upkeep]
|turn|22
|choice||
|
|switch|p1a: Ferrothorn|Ferrothorn, M|79/100
|move|p2a: Latios|Draco Meteor|p1a: Ferrothorn
|-resisted|p1a: Ferrothorn
|-damage|p1a: Ferrothorn|40/100
|-unboost|p2a: Latios|spa|2
|
|-weather|RainDance|[upkeep]
|-heal|p1a: Ferrothorn|47/100|[from] item: Leftovers
|turn|23
|choice||
|
|switch|p2a: Magnezone|Magnezone|49/100
|move|p1a: Ferrothorn|Leech Seed|p2a: Magnezone
|-start|p2a: Magnezone|move: Leech Seed
|
|-weather|RainDance|[upkeep]
|-heal|p1a: Ferrothorn|53/100|[from] item: Leftovers
|-damage|p2a: Magnezone|37/100|[from] Leech Seed|[of] p1a: Ferrothorn
|-heal|p1a: Ferrothorn|63/100|[silent]
|turn|24
|choice||
|
|move|p2a: Magnezone|Hidden Power|p1a: Ferrothorn
|-supereffective|p1a: Ferrothorn
|-damage|p1a: Ferrothorn|0 fnt
|faint|p1a: Ferrothorn
|
|-weather|RainDance|[upkeep]
|choice||
|
|switch|p1a: Landorus|Landorus-Therian, M|100/100
|-ability|p1a: Landorus|Intimidate|boost
|-unboost|p2a: Magnezone|atk|1
|turn|25
|choice||
|
|switch|p2a: Kyurem|Kyurem-Black|17/100 tox
|-ability|p2a: Kyurem|Teravolt
|move|p1a: Landorus|U-turn|p2a: Kyurem
|-damage|p2a: Kyurem|0 fnt
|faint|p2a: Kyurem
|choice||
|
|switch|p1a: Tentacruel|Tentacruel, F|80/100
|
|-weather|RainDance|[upkeep]
|-heal|p1a: Tentacruel|86/100|[from] ability: Rain Dish
|-heal|p1a: Tentacruel|92/100|[from] item: Black Sludge
|choice||
|
|switch|p2a: Latios|Latios, M|100/100
|turn|26
|choice||
|
|move|p1a: Tentacruel|Protect|p1a: Tentacruel
|-singleturn|p1a: Tentacruel|Protect
|move|p2a: Latios|Psychic|p1a: Tentacruel
|-activate|p1a: Tentacruel|Protect
|
|-weather|RainDance|[upkeep]
|-heal|p1a: Tentacruel|98/100|[from] ability: Rain Dish
|-heal|p1a: Tentacruel|100/100|[from] item: Black Sludge
|turn|27
|choice||
|
|move|p2a: Latios|Psychic|p1a: Tentacruel
|-supereffective|p1a: Tentacruel
|-damage|p1a: Tentacruel|0 fnt
|faint|p1a: Tentacruel
|
|-weather|RainDance|[upkeep]
|choice||
|
|switch|p1a: Scizor|Scizor, F|88/100
|turn|28
|choice||
|
|switch|p2a: Magnezone|Magnezone|37/100
|move|p1a: Scizor|U-turn|p2a: Magnezone
|-resisted|p2a: Magnezone
|-damage|p2a: Magnezone|5/100
|choice||
|
|switch|p1a: Landorus|Landorus-Therian, M|100/100
|-ability|p1a: Landorus|Intimidate|boost
|-unboost|p2a: Magnezone|atk|1
|
|-weather|RainDance|[upkeep]
|turn|29
|choice||
|
|move|p1a: Landorus|U-turn|p2a: Magnezone
|-resisted|p2a: Magnezone
|-damage|p2a: Magnezone|0 fnt
|faint|p2a: Magnezone
|choice||
|
|switch|p1a: Scizor|Scizor, F|88/100
|
|-weather|RainDance|[upkeep]
|choice||
|
|switch|p2a: Latios|Latios, M|100/100
|turn|30
|choice||
|
|move|p1a: Scizor|Bullet Punch|p2a: Latios
|-damage|p2a: Latios|32/100
|move|p2a: Latios|Surf|p1a: Scizor
|-crit|p1a: Scizor
|-damage|p1a: Scizor|0 fnt
|faint|p1a: Scizor
|
|-weather|RainDance|[upkeep]
|c|★Stads|crits!
|c|★Stads|crits :(
|choice||
|
|switch|p1a: Landorus|Landorus-Therian, M|100/100
|-ability|p1a: Landorus|Intimidate|boost
|-unboost|p2a: Latios|atk|1
|turn|31
|choice||
|
|move|p2a: Latios|Surf|p1a: Landorus
|-supereffective|p1a: Landorus
|-damage|p1a: Landorus|0 fnt
|faint|p1a: Landorus
|
|win|NotWhatUrExpecting
|player|p1
|player|p2
|raw|Stads's rating: 1312 &rarr; <strong>1293</strong><br />(-19 for losing)
|raw|NotWhatUrExpecting's rating: 1328 &rarr; <strong>1347</strong><br />(+19 for winning)
|l|Stads