|j|☆porrompompom
|j|☆Moonscales 木
|player|p1|porrompompom|2
|player|p2|Moonscales 木|209
|teamsize|p1|6
|teamsize|p2|6
|gametype|singles
|gen|5
|tier|[Gen 5] OU
|rated|
|rule|Sleep Clause Mod: Limit one foe put to sleep
|rule|Species Clause: Limit one of each Pokémon
|rule|OHKO Clause: OHKO moves are banned
|rule|Moody Clause: Moody is banned
|rule|Evasion Moves Clause: Evasion moves are banned
|rule|Endless Battle Clause: Forcing endless battles is banned
|rule|HP Percentage Mod: HP is shown in percentages
|rule|Evasion Abilities Clause: Evasion abilities are banned
|rule|Baton Pass Clause: Limit one Baton Passer, can't pass Spe and other stats simultaneously
|rule|Swagger Clause: Swagger is banned
|clearpoke
|poke|p1|Mienshao, M|item
|poke|p1|Scizor, F|item
|poke|p1|Rotom-Wash|item
|poke|p1|Landorus-Therian, M|item
|poke|p1|Latios, M|item
|poke|p1|Xatu, F|item
|poke|p2|Scizor, F|item
|poke|p2|Magnezone|item
|poke|p2|Landorus-Therian, M|item
|poke|p2|Starmie|item
|poke|p2|Dragonite, F|item
|poke|p2|Garchomp, M|item
|teampreview
|inactive|Battle timer is ON: inactive players will automatically lose when time's up. (requested by Moonscales 木)
|
|start
|switch|p1a: Rotom|Rotom-Wash|100/100
|switch|p2a: Landorus|Landorus-Therian, M|100/100
|-ability|p2a: Landorus|Intimidate|boost
|-unboost|p1a: Rotom|atk|1
|turn|1
|
|move|p2a: Landorus|U-turn|p1a: Rotom
|-damage|p1a: Rotom|71/100
|
|switch|p2a: Magnezone|Magnezone, shiny|100/100
|move|p1a: Rotom|Will-O-Wisp|p2a: Magnezone
|-status|p2a: Magnezone|brn
|
|-heal|p1a: Rotom|77/100|[from] item: Leftovers
|-damage|p2a: Magnezone|88/100 brn|[from] brn
|upkeep
|turn|2
|
|switch|p2a: Starmie|Starmie, shiny|100/100
|move|p1a: Rotom|Hydro Pump|p2a: Starmie
|-resisted|p2a: Starmie
|-damage|p2a: Starmie|68/100
|
|-heal|p1a: Rotom|83/100|[from] item: Leftovers
|upkeep
|turn|3
|
|move|p2a: Starmie|Psyshock|p1a: Rotom
|-damage|p1a: Rotom|37/100
|-damage|p2a: Starmie|58/100|[from] item: Life Orb
|move|p1a: Rotom|Volt Switch|p2a: Starmie
|-supereffective|p2a: Starmie
|-damage|p2a: Starmie|0 fnt
|faint|p2a: Starmie
|
|switch|p1a: Mienshao|Mienshao, M|100/100
|
|upkeep
|
|switch|p2a: Garchomp|Garchomp, M|100/100
|turn|4
|
|move|p1a: Mienshao|U-turn|p2a: Garchomp
|-damage|p2a: Garchomp|78/100
|-damage|p1a: Mienshao|88/100|[from] ability: Rough Skin|[of] p2a: Garchomp
|
|switch|p1a: Xatu|Xatu, F|100/100
|move|p2a: Garchomp|Swords Dance|p2a: Garchomp
|-boost|p2a: Garchomp|atk|2
|
|upkeep
|turn|5
|
|switch|p1a: Rotom|Rotom-Wash|37/100
|move|p2a: Garchomp|Outrage|p1a: Rotom
|-damage|p1a: Rotom|0 fnt
|faint|p1a: Rotom
|
|upkeep
|
|switch|p1a: Latios|Latios, M|100/100
|turn|6
|
|move|p1a: Latios|Draco Meteor|p2a: Garchomp
|-supereffective|p2a: Garchomp
|-damage|p2a: Garchomp|0 fnt
|-unboost|p1a: Latios|spa|2
|faint|p2a: Garchomp
|
|upkeep
|
|switch|p2a: Scizor|Scizor, F|100/100
|turn|7
|
|switch|p1a: Landorus|Landorus-Therian, M|100/100
|-ability|p1a: Landorus|Intimidate|boost
|-unboost|p2a: Scizor|atk|1
|move|p2a: Scizor|U-turn|p1a: Landorus
|-resisted|p1a: Landorus
|-damage|p1a: Landorus|92/100
|
|switch|p2a: Dragonite|Dragonite, F|100/100
|
|-heal|p1a: Landorus|98/100|[from] item: Leftovers
|upkeep
|turn|8
|
|move|p1a: Landorus|U-turn|p2a: Dragonite
|-resisted|p2a: Dragonite
|-damage|p2a: Dragonite|94/100
|
|switch|p1a: Scizor|Scizor, F|100/100
|move|p2a: Dragonite|Fire Punch|p1a: Scizor
|-supereffective|p1a: Scizor
|-damage|p1a: Scizor|0 fnt
|faint|p1a: Scizor
|
|upkeep
|
|switch|p1a: Latios|Latios, M|100/100
|turn|9
|
|switch|p2a: Magnezone|Magnezone, shiny|88/100 brn
|move|p1a: Latios|Draco Meteor|p2a: Magnezone
|-resisted|p2a: Magnezone
|-damage|p2a: Magnezone|19/100 brn
|-unboost|p1a: Latios|spa|2
|
|-damage|p2a: Magnezone|7/100 brn|[from] brn
|upkeep
|turn|10
|
|move|p1a: Latios|Draco Meteor|p2a: Magnezone
|-resisted|p2a: Magnezone
|-damage|p2a: Magnezone|0 fnt
|-unboost|p1a: Latios|spa|2
|faint|p2a: Magnezone
|
|upkeep
|
|switch|p2a: Landorus|Landorus-Therian, M|100/100
|-ability|p2a: Landorus|Intimidate|boost
|-unboost|p1a: Latios|atk|1
|turn|11
|
|switch|p1a: Mienshao|Mienshao, M|100/100
|move|p2a: Landorus|Hidden Power|p1a: Mienshao
|-damage|p1a: Mienshao|71/100
|
|upkeep
|turn|12
|
|switch|p2a: Scizor|Scizor, F|100/100
|move|p1a: Mienshao|U-turn|p2a: Scizor
|-resisted|p2a: Scizor
|-damage|p2a: Scizor|89/100
|
|switch|p1a: Landorus|Landorus-Therian, M|98/100
|-ability|p1a: Landorus|Intimidate|boost
|-unboost|p2a: Scizor|atk|1
|
|-heal|p1a: Landorus|100/100|[from] item: Leftovers
|-heal|p2a: Scizor|95/100|[from] item: Leftovers
|upkeep
|turn|13
|
|move|p1a: Landorus|Stealth Rock|p2a: Scizor
|-sidestart|p2: Moonscales 木|move: Stealth Rock
|move|p2a: Scizor|Swords Dance|p2a: Scizor
|-boost|p2a: Scizor|atk|2
|
|-heal|p2a: Scizor|100/100|[from] item: Leftovers
|upkeep
|turn|14
|
|move|p1a: Landorus|U-turn|p2a: Scizor
|-resisted|p2a: Scizor
|-damage|p2a: Scizor|89/100
|
|switch|p1a: Xatu|Xatu, F|100/100
|move|p2a: Scizor|Swords Dance|p2a: Scizor
|-boost|p2a: Scizor|atk|2
|
|-heal|p2a: Scizor|95/100|[from] item: Leftovers
|upkeep
|turn|15
|
|move|p2a: Scizor|Bullet Punch|p1a: Xatu
|-damage|p1a: Xatu|28/100
|-damage|p2a: Scizor|78/100|[from] item: Rocky Helmet|[of] p1a: Xatu
|move|p1a: Xatu|Heat Wave|p2a: Scizor
|-supereffective|p2a: Scizor
|-damage|p2a: Scizor|0 fnt
|faint|p2a: Scizor
|
|upkeep
|
|switch|p2a: Landorus|Landorus-Therian, M|100/100
|-damage|p2a: Landorus|88/100|[from] Stealth Rock
|-ability|p2a: Landorus|Intimidate|boost
|-unboost|p1a: Xatu|atk|1
|turn|16
|
|move|p2a: Landorus|U-turn|p1a: Xatu
|-damage|p1a: Xatu|3/100
|-damage|p2a: Landorus|72/100|[from] item: Rocky Helmet|[of] p1a: Xatu
|
|switch|p2a: Dragonite|Dragonite, F|94/100
|-damage|p2a: Dragonite|70/100|[from] Stealth Rock
|move|p1a: Xatu|U-turn|p2a: Dragonite
|-resisted|p2a: Dragonite
|-damage|p2a: Dragonite|66/100
|
|switch|p1a: Landorus|Landorus-Therian, M|100/100
|-ability|p1a: Landorus|Intimidate|boost
|-unboost|p2a: Dragonite|atk|1
|
|upkeep
|turn|17
|
|move|p1a: Landorus|Stone Edge|p2a: Dragonite
|-supereffective|p2a: Dragonite
|-damage|p2a: Dragonite|0 fnt
|faint|p2a: Dragonite
|
|upkeep
|
|switch|p2a: Landorus|Landorus-Therian, M|72/100
|-damage|p2a: Landorus|59/100|[from] Stealth Rock
|-ability|p2a: Landorus|Intimidate|boost
|-unboost|p1a: Landorus|atk|1
|turn|18
|
|switch|p1a: Xatu|Xatu, F|3/100
|move|p2a: Landorus|Hidden Power|p1a: Xatu
|-supereffective|p1a: Xatu
|-damage|p1a: Xatu|0 fnt
|faint|p1a: Xatu
|
|upkeep
|
|switch|p1a: Mienshao|Mienshao, M|100/100
|turn|19
|
|move|p1a: Mienshao|Hidden Power|p2a: Landorus
|-supereffective|p2a: Landorus
|-damage|p2a: Landorus|0 fnt
|faint|p2a: Landorus
|
|win|porrompompom
|l|☆Moonscales 木
|raw|porrompompom's rating: 1514 &rarr; <strong>1525</strong><br />(+11 for winning)
|raw|Moonscales 木's rating: 1342 &rarr; <strong>1331</strong><br />(-11 for losing)
