|j|☆CertamenMeum
|j|☆Goddison Rae
|t:|1732136650
|gametype|singles
|player|p1|CertamenMeum|fisherman-gen4|1329
|player|p2|Goddison Rae|2|1312
|teamsize|p1|6
|teamsize|p2|6
|gen|5
|tier|[Gen 5] OU
|rated|
|rule|Species Clause: Limit one of each Pokémon
|rule|OHKO Clause: OHKO moves are banned
|rule|Moody Clause: Moody is banned
|rule|Evasion Items Clause: Evasion items are banned
|rule|Evasion Moves Clause: Evasion moves are banned
|rule|Endless Battle Clause: Forcing endless battles is banned
|rule|HP Percentage Mod: HP is shown in percentages
|rule|Evasion Abilities Clause: Evasion abilities are banned
|rule|Sleep Moves Clause: Sleep-inducing moves are banned
|rule|Swagger Clause: Swagger is banned
|rule|Baton Pass Stat Clause: No Baton Passer may have a way to boost its stats
|clearpoke
|poke|p1|Terrakion|item
|poke|p1|Infernape, M|item
|poke|p1|Keldeo|item
|poke|p1|Lucario, M|item
|poke|p1|Scrafty, M|item
|poke|p1|Conkeldurr, M|item
|poke|p2|Magnezone|item
|poke|p2|Reuniclus, F|item
|poke|p2|Jirachi|item
|poke|p2|Dragonite, M|item
|poke|p2|Garchomp, F|item
|poke|p2|Mamoswine, F|item
|teampreview
|inactive|Battle timer is ON: inactive players will automatically lose when time's up. (requested by CertamenMeum)
|
|t:|1732136663
|start
|switch|p1a: ゴウカザル|Infernape, M, shiny|100/100
|switch|p2a: Garchomp|Garchomp, F|100/100
|turn|1
|
|t:|1732136671
|move|p2a: Garchomp|Earthquake|p1a: ゴウカザル
|-supereffective|p1a: ゴウカザル
|-enditem|p1a: ゴウカザル|Focus Sash
|-damage|p1a: ゴウカザル|1/100
|move|p1a: ゴウカザル|Stealth Rock|p2a: Garchomp
|-sidestart|p2: Goddison Rae|move: Stealth Rock
|
|upkeep
|turn|2
|
|t:|1732136674
|move|p2a: Garchomp|Earthquake|p1a: ゴウカザル
|-supereffective|p1a: ゴウカザル
|-damage|p1a: ゴウカザル|0 fnt
|faint|p1a: ゴウカザル
|
|upkeep
|
|t:|1732136678
|switch|p1a: ズルズキン|Scrafty, M|100/100
|-ability|p1a: ズルズキン|Intimidate|boost
|-unboost|p2a: Garchomp|atk|1
|turn|3
|inactive|Goddison Rae has 120 seconds left.
|
|t:|1732136709
|switch|p2a: Magnezone|Magnezone|100/100
|-damage|p2a: Magnezone|94/100|[from] Stealth Rock
|-item|p2a: Magnezone|Air Balloon
|move|p1a: ズルズキン|High Jump Kick|p2a: Magnezone
|-supereffective|p2a: Magnezone
|-damage|p2a: Magnezone|0 fnt
|-enditem|p2a: Magnezone|Air Balloon
|faint|p2a: Magnezone
|
|upkeep
|inactive|Goddison Rae has 120 seconds left.
|
|t:|1732136729
|switch|p2a: Dragonite|Dragonite, M|100/100
|-damage|p2a: Dragonite|76/100|[from] Stealth Rock
|turn|4
|
|t:|1732136733
|switch|p1a: テラキオン|Terrakion|100/100
|move|p2a: Dragonite|Dragon Dance|p2a: Dragonite
|-boost|p2a: Dragonite|atk|1
|-boost|p2a: Dragonite|spe|1
|
|upkeep
|turn|5
|
|t:|1732136737
|move|p1a: テラキオン|Stone Edge|p2a: Dragonite
|-supereffective|p2a: Dragonite
|-crit|p2a: Dragonite
|-damage|p2a: Dragonite|0 fnt
|faint|p2a: Dragonite
|
|upkeep
|
|t:|1732136743
|switch|p2a: Reuniclus|Reuniclus, F|100/100
|turn|6
|
|t:|1732136751
|move|p1a: テラキオン|Stone Edge|p2a: Reuniclus
|-damage|p2a: Reuniclus|62/100
|move|p2a: Reuniclus|Acid Armor|p2a: Reuniclus
|-boost|p2a: Reuniclus|def|2
|
|upkeep
|turn|7
|
|t:|1732136763
|switch|p1a: ズルズキン|Scrafty, M|100/100
|-ability|p1a: ズルズキン|Intimidate|boost
|-unboost|p2a: Reuniclus|atk|1
|move|p2a: Reuniclus|Recover|p2a: Reuniclus
|-heal|p2a: Reuniclus|100/100
|
|upkeep
|turn|8
|
|t:|1732136768
|move|p1a: ズルズキン|Crunch|p2a: Reuniclus
|-supereffective|p2a: Reuniclus
|-damage|p2a: Reuniclus|60/100
|-damage|p1a: ズルズキン|84/100|[from] item: Rocky Helmet|[of] p2a: Reuniclus
|move|p2a: Reuniclus|Acid Armor|p2a: Reuniclus
|-boost|p2a: Reuniclus|def|2
|
|upkeep
|turn|9
|
|t:|1732136773
|move|p1a: ズルズキン|Crunch|p2a: Reuniclus
|-supereffective|p2a: Reuniclus
|-damage|p2a: Reuniclus|34/100
|-damage|p1a: ズルズキン|68/100|[from] item: Rocky Helmet|[of] p2a: Reuniclus
|move|p2a: Reuniclus|Recover|p2a: Reuniclus
|-heal|p2a: Reuniclus|84/100
|
|upkeep
|turn|10
|
|t:|1732136778
|move|p1a: ズルズキン|Crunch|p2a: Reuniclus
|-supereffective|p2a: Reuniclus
|-damage|p2a: Reuniclus|55/100
|-unboost|p2a: Reuniclus|def|1
|-damage|p1a: ズルズキン|51/100|[from] item: Rocky Helmet|[of] p2a: Reuniclus
|move|p2a: Reuniclus|Recover|p2a: Reuniclus
|-heal|p2a: Reuniclus|100/100
|
|upkeep
|turn|11
|
|t:|1732136784
|move|p1a: ズルズキン|Crunch|p2a: Reuniclus
|-supereffective|p2a: Reuniclus
|-damage|p2a: Reuniclus|68/100
|-unboost|p2a: Reuniclus|def|1
|-damage|p1a: ズルズキン|35/100|[from] item: Rocky Helmet|[of] p2a: Reuniclus
|move|p2a: Reuniclus|Acid Armor|p2a: Reuniclus
|-boost|p2a: Reuniclus|def|2
|
|upkeep
|turn|12
|
|t:|1732136787
|move|p1a: ズルズキン|Crunch|p2a: Reuniclus
|-supereffective|p2a: Reuniclus
|-damage|p2a: Reuniclus|42/100
|-damage|p1a: ズルズキン|19/100|[from] item: Rocky Helmet|[of] p2a: Reuniclus
|move|p2a: Reuniclus|Recover|p2a: Reuniclus
|-heal|p2a: Reuniclus|92/100
|
|upkeep
|turn|13
|
|t:|1732136791
|move|p1a: ズルズキン|Crunch|p2a: Reuniclus
|-supereffective|p2a: Reuniclus
|-damage|p2a: Reuniclus|67/100
|-damage|p1a: ズルズキン|2/100|[from] item: Rocky Helmet|[of] p2a: Reuniclus
|move|p2a: Reuniclus|Calm Mind|p2a: Reuniclus
|-boost|p2a: Reuniclus|spa|1
|-boost|p2a: Reuniclus|spd|1
|
|upkeep
|turn|14
|
|t:|1732136795
|move|p1a: ズルズキン|Crunch|p2a: Reuniclus
|-supereffective|p2a: Reuniclus
|-damage|p2a: Reuniclus|42/100
|-damage|p1a: ズルズキン|0 fnt|[from] item: Rocky Helmet|[of] p2a: Reuniclus
|faint|p1a: ズルズキン
|move|p2a: Reuniclus|Recover|p2a: Reuniclus
|-heal|p2a: Reuniclus|92/100
|
|upkeep
|
|t:|1732136803
|switch|p1a: ルカリオ|Lucario, M, shiny|100/100
|turn|15
|
|t:|1732136811
|move|p1a: ルカリオ|Swords Dance|p1a: ルカリオ
|-boost|p1a: ルカリオ|atk|2
|move|p2a: Reuniclus|Psyshock|p1a: ルカリオ
|-damage|p1a: ルカリオ|13/100
|
|upkeep
|turn|16
|
|t:|1732136817
|move|p1a: ルカリオ|Crunch|p2a: Reuniclus
|-supereffective|p2a: Reuniclus
|-damage|p2a: Reuniclus|60/100
|-damage|p1a: ルカリオ|0 fnt|[from] item: Rocky Helmet|[of] p2a: Reuniclus
|faint|p1a: ルカリオ
|move|p2a: Reuniclus|Recover|p2a: Reuniclus
|-heal|p2a: Reuniclus|100/100
|
|upkeep
|
|t:|1732136823
|switch|p1a: ローブシン|Conkeldurr, M|100/100
|turn|17
|
|t:|1732136846
|move|p2a: Reuniclus|Psyshock|p1a: ローブシン
|-supereffective|p1a: ローブシン
|-damage|p1a: ローブシン|0 fnt
|faint|p1a: ローブシン
|
|upkeep
|-message|CertamenMeum forfeited.
|
|win|Goddison Rae
|raw|CertamenMeum's rating: 1329 &rarr; <strong>1308</strong><br />(-21 for losing)
|raw|Goddison Rae's rating: 1312 &rarr; <strong>1333</strong><br />(+21 for winning)
|l|☆CertamenMeum
|player|p1|
