|j|☆porrompompom
|j|☆Avalon2502
|player|p1|porrompompom|1
|player|p2|Avalon2502|148
|teamsize|p1|6
|teamsize|p2|6
|gametype|singles
|gen|5
|tier|[Gen 5] OU
|rated|
|rule|Sleep Clause Mod: Limit one foe put to sleep
|rule|Species Clause: Limit one of each Pokémon
|rule|OHKO Clause: OHKO moves are banned
|rule|Moody Clause: Moody is banned
|rule|Evasion Moves Clause: Evasion moves are banned
|rule|Endless Battle Clause: Forcing endless battles is banned
|rule|HP Percentage Mod: HP is shown in percentages
|rule|Evasion Abilities Clause: Evasion abilities are banned
|rule|Baton Pass Clause: Limit one Baton Passer, can't pass Spe and other stats simultaneously
|rule|Swagger Clause: Swagger is banned
|clearpoke
|poke|p1|Heatran, F|item
|poke|p1|Mew|item
|poke|p1|Ninetales, M|item
|poke|p1|Chansey, F|item
|poke|p1|Dragonite, F|item
|poke|p1|Donphan, M|item
|poke|p2|Ferrothorn, M|item
|poke|p2|Politoed, F|item
|poke|p2|Tornadus, M|item
|poke|p2|Celebi|item
|poke|p2|Jirachi|item
|poke|p2|Tentacruel, F|item
|teampreview
|inactive|Battle timer is ON: inactive players will automatically lose when time's up. (requested by Avalon2502)
|
|start
|switch|p1a: Chansey|Chansey, F|100/100
|switch|p2a: Politoed|Politoed, F|100/100
|-weather|RainDance|[from] ability: Drizzle|[of] p2a: Politoed
|turn|1
|
|switch|p2a: Ferrothorn|Ferrothorn, M|100/100
|switch|p1a: Ninetales|Ninetales, M|100/100
|-weather|SunnyDay|[from] ability: Drought|[of] p1a: Ninetales
|
|-weather|SunnyDay|[upkeep]
|upkeep
|turn|2
|
|switch|p2a: Politoed|Politoed, F|100/100
|-weather|RainDance|[from] ability: Drizzle|[of] p2a: Politoed
|move|p1a: Ninetales|Will-O-Wisp|p2a: Politoed
|-status|p2a: Politoed|brn
|
|-weather|RainDance|[upkeep]
|-damage|p2a: Politoed|88/100 brn|[from] brn
|upkeep
|turn|3
|
|switch|p1a: Chansey|Chansey, F|100/100
|switch|p2a: Tornadus|Tornadus, M|100/100
|
|-weather|RainDance|[upkeep]
|upkeep
|turn|4
|
|switch|p1a: Ninetales|Ninetales, M|100/100
|-weather|SunnyDay|[from] ability: Drought|[of] p1a: Ninetales
|move|p2a: Tornadus|Focus Blast|p1a: Ninetales
|-damage|p1a: Ninetales|39/100
|
|-weather|SunnyDay|[upkeep]
|-heal|p1a: Ninetales|45/100|[from] item: Leftovers
|upkeep
|turn|5
|j| boboandersons
|
|switch|p2a: Politoed|Politoed, F|88/100 brn
|-weather|RainDance|[from] ability: Drizzle|[of] p2a: Politoed
|switch|p1a: Chansey|Chansey, F|100/100
|
|-weather|RainDance|[upkeep]
|-heal|p2a: Politoed|94/100 brn|[from] item: Leftovers
|-damage|p2a: Politoed|82/100 brn|[from] brn
|upkeep
|turn|6
|
|switch|p2a: Celebi|Celebi|100/100
|move|p1a: Chansey|Wish|p1a: Chansey
|
|-weather|RainDance|[upkeep]
|upkeep
|turn|7
|
|switch|p1a: Ninetales|Ninetales, M|45/100
|-weather|SunnyDay|[from] ability: Drought|[of] p1a: Ninetales
|move|p2a: Celebi|U-turn|p1a: Ninetales
|-resisted|p1a: Ninetales
|-damage|p1a: Ninetales|36/100
|
|switch|p2a: Politoed|Politoed, F|82/100 brn
|-weather|RainDance|[from] ability: Drizzle|[of] p2a: Politoed
|
|-weather|RainDance|[upkeep]
|-heal|p1a: Ninetales|100/100|[from] move: Wish|[wisher] Chansey
|-heal|p2a: Politoed|88/100 brn|[from] item: Leftovers
|-damage|p2a: Politoed|75/100 brn|[from] brn
|upkeep
|turn|8
|
|switch|p1a: Chansey|Chansey, F|100/100
|move|p2a: Politoed|Scald|p1a: Chansey
|-damage|p1a: Chansey|90/100
|
|-weather|RainDance|[upkeep]
|-heal|p2a: Politoed|82/100 brn|[from] item: Leftovers
|-damage|p2a: Politoed|69/100 brn|[from] brn
|upkeep
|turn|9
|
|switch|p1a: Ninetales|Ninetales, M|100/100
|-weather|SunnyDay|[from] ability: Drought|[of] p1a: Ninetales
|move|p2a: Politoed|Toxic|p1a: Ninetales
|-status|p1a: Ninetales|tox
|
|-weather|SunnyDay|[upkeep]
|-heal|p2a: Politoed|75/100 brn|[from] item: Leftovers
|-damage|p1a: Ninetales|94/100 tox|[from] psn
|-damage|p2a: Politoed|63/100 brn|[from] brn
|upkeep
|turn|10
|
|switch|p1a: Chansey|Chansey, F|90/100
|switch|p2a: Tentacruel|Tentacruel, F|100/100
|
|-weather|SunnyDay|[upkeep]
|upkeep
|turn|11
|
|switch|p2a: Politoed|Politoed, F|63/100 brn
|-weather|RainDance|[from] ability: Drizzle|[of] p2a: Politoed
|move|p1a: Chansey|Heal Bell|p1a: Chansey
|-activate|p1a: Chansey|move: Heal Bell
|-curestatus|p1: Ninetales|tox|[msg]
|
|-weather|RainDance|[upkeep]
|-heal|p2a: Politoed|69/100 brn|[from] item: Leftovers
|-damage|p2a: Politoed|57/100 brn|[from] brn
|upkeep
|turn|12
|
|switch|p1a: Ninetales|Ninetales, M|94/100
|-weather|SunnyDay|[from] ability: Drought|[of] p1a: Ninetales
|move|p2a: Politoed|Scald|p1a: Ninetales
|-supereffective|p1a: Ninetales
|-crit|p1a: Ninetales
|-damage|p1a: Ninetales|41/100
|
|-weather|SunnyDay|[upkeep]
|-heal|p1a: Ninetales|47/100|[from] item: Leftovers
|-heal|p2a: Politoed|63/100 brn|[from] item: Leftovers
|-damage|p2a: Politoed|50/100 brn|[from] brn
|upkeep
|turn|13
|
|switch|p1a: Heatran|Heatran, F|100/100
|switch|p2a: Tentacruel|Tentacruel, F|100/100
|
|-weather|SunnyDay|[upkeep]
|upkeep
|turn|14
|
|move|p2a: Tentacruel|Scald|p1a: Heatran
|-supereffective|p1a: Heatran
|-damage|p1a: Heatran|80/100
|move|p1a: Heatran|Magma Storm|p2a: Tentacruel|[miss]
|-miss|p1a: Heatran|p2a: Tentacruel
|
|-weather|SunnyDay|[upkeep]
|-heal|p1a: Heatran|86/100|[from] item: Leftovers
|upkeep
|turn|15
|
|switch|p2a: Politoed|Politoed, F|50/100 brn
|-weather|RainDance|[from] ability: Drizzle|[of] p2a: Politoed
|move|p1a: Heatran|Magma Storm|p2a: Politoed
|-resisted|p2a: Politoed
|-damage|p2a: Politoed|39/100 brn
|-activate|p2a: Politoed|move: Magma Storm|[of] p1a: Heatran
|
|-weather|RainDance|[upkeep]
|-heal|p1a: Heatran|93/100|[from] item: Leftovers
|-heal|p2a: Politoed|45/100 brn|[from] item: Leftovers
|-damage|p2a: Politoed|33/100 brn|[from] brn
|-damage|p2a: Politoed|26/100 brn|[from] move: Magma Storm|[partiallytrapped]
|upkeep
|turn|16
|
|move|p1a: Heatran|Earth Power|p2a: Politoed
|-damage|p2a: Politoed|4/100 brn
|move|p2a: Politoed|Scald|p1a: Heatran
|-supereffective|p1a: Heatran
|-damage|p1a: Heatran|37/100
|
|-weather|RainDance|[upkeep]
|-heal|p1a: Heatran|43/100|[from] item: Leftovers
|-heal|p2a: Politoed|10/100 brn|[from] item: Leftovers
|-damage|p2a: Politoed|0 fnt|[from] brn
|faint|p2a: Politoed
|upkeep
|
|switch|p2a: Tornadus|Tornadus, M|100/100
|turn|17
|
|switch|p1a: Chansey|Chansey, F|90/100
|move|p2a: Tornadus|Hurricane|p1a: Chansey
|-damage|p1a: Chansey|63/100
|
|-weather|RainDance|[upkeep]
|upkeep
|turn|18
|
|move|p2a: Tornadus|Hurricane|p1a: Chansey
|-damage|p1a: Chansey|34/100
|move|p1a: Chansey|Soft-Boiled|p1a: Chansey
|-heal|p1a: Chansey|84/100
|
|-weather|RainDance|[upkeep]
|upkeep
|turn|19
|
|move|p2a: Tornadus|Hurricane|p1a: Chansey
|-damage|p1a: Chansey|57/100
|move|p1a: Chansey|Soft-Boiled|p1a: Chansey
|-heal|p1a: Chansey|100/100
|
|-weather|RainDance|[upkeep]
|upkeep
|turn|20
|
|switch|p1a: Ninetales|Ninetales, M|47/100
|-weather|SunnyDay|[from] ability: Drought|[of] p1a: Ninetales
|move|p2a: Tornadus|Hurricane|p1a: Ninetales
|-damage|p1a: Ninetales|0 fnt
|faint|p1a: Ninetales
|
|-weather|SunnyDay|[upkeep]
|upkeep
|
|switch|p1a: Chansey|Chansey, F|100/100
|turn|21
|
|switch|p2a: Ferrothorn|Ferrothorn, M|100/100
|move|p1a: Chansey|Seismic Toss|p2a: Ferrothorn
|-damage|p2a: Ferrothorn|72/100
|-damage|p1a: Chansey|88/100|[from] ability: Iron Barbs|[of] p2a: Ferrothorn
|
|-weather|SunnyDay|[upkeep]
|-heal|p2a: Ferrothorn|78/100|[from] item: Leftovers
|upkeep
|turn|22
|
|switch|p1a: Heatran|Heatran, F|43/100
|move|p2a: Ferrothorn|Stealth Rock|p1a: Heatran
|-sidestart|p1: porrompompom|move: Stealth Rock
|
|-weather|SunnyDay|[upkeep]
|-heal|p1a: Heatran|49/100|[from] item: Leftovers
|-heal|p2a: Ferrothorn|85/100|[from] item: Leftovers
|upkeep
|turn|23
|
|move|p2a: Ferrothorn|Protect|p2a: Ferrothorn
|-singleturn|p2a: Ferrothorn|Protect
|move|p1a: Heatran|Magma Storm|p2a: Ferrothorn
|-activate|p2a: Ferrothorn|move: Protect
|
|-weather|SunnyDay|[upkeep]
|-heal|p1a: Heatran|55/100|[from] item: Leftovers
|-heal|p2a: Ferrothorn|91/100|[from] item: Leftovers
|upkeep
|turn|24
|
|switch|p2a: Tentacruel|Tentacruel, F|100/100
|move|p1a: Heatran|Magma Storm|p2a: Tentacruel
|-resisted|p2a: Tentacruel
|-damage|p2a: Tentacruel|70/100
|-activate|p2a: Tentacruel|move: Magma Storm|[of] p1a: Heatran
|
|-weather|SunnyDay|[upkeep]
|-heal|p1a: Heatran|62/100|[from] item: Leftovers
|-heal|p2a: Tentacruel|76/100|[from] item: Black Sludge
|-damage|p2a: Tentacruel|70/100|[from] move: Magma Storm|[partiallytrapped]
|upkeep
|turn|25
|
|switch|p1a: Chansey|Chansey, F|88/100
|-damage|p1a: Chansey|76/100|[from] Stealth Rock
|move|p2a: Tentacruel|Scald|p1a: Chansey
|-crit|p1a: Chansey
|-damage|p1a: Chansey|69/100
|-status|p1a: Chansey|brn
|
|-weather|SunnyDay|[upkeep]
|-heal|p2a: Tentacruel|76/100|[from] item: Black Sludge
|-damage|p1a: Chansey|57/100 brn|[from] brn
|upkeep
|turn|26
|
|move|p2a: Tentacruel|Toxic Spikes|p1a: Chansey
|-sidestart|p1: porrompompom|move: Toxic Spikes
|move|p1a: Chansey|Soft-Boiled|p1a: Chansey
|-heal|p1a: Chansey|100/100 brn
|
|-weather|SunnyDay|[upkeep]
|-heal|p2a: Tentacruel|82/100|[from] item: Black Sludge
|-damage|p1a: Chansey|88/100 brn|[from] brn
|upkeep
|turn|27
|
|move|p2a: Tentacruel|Toxic Spikes|p1a: Chansey
|-sidestart|p1: porrompompom|move: Toxic Spikes
|move|p1a: Chansey|Wish|p1a: Chansey
|
|-weather|SunnyDay|[upkeep]
|-heal|p2a: Tentacruel|88/100|[from] item: Black Sludge
|-damage|p1a: Chansey|76/100 brn|[from] brn
|upkeep
|turn|28
|
|switch|p2a: Tornadus|Tornadus, M|100/100
|switch|p1a: Donphan|Donphan, M|100/100
|-status|p1a: Donphan|tox
|-damage|p1a: Donphan|94/100 tox|[from] Stealth Rock
|
|-weather|SunnyDay|[upkeep]
|-heal|p1a: Donphan|100/100 tox|[from] move: Wish|[wisher] Chansey
|-damage|p1a: Donphan|94/100 tox|[from] psn
|upkeep
|turn|29
|
|switch|p1a: Chansey|Chansey, F|76/100
|-damage|p1a: Chansey|63/100|[from] Stealth Rock
|-status|p1a: Chansey|tox
|move|p2a: Tornadus|Hurricane|p1a: Chansey
|-damage|p1a: Chansey|34/100 tox
|-start|p1a: Chansey|confusion
|
|-weather|SunnyDay|[upkeep]
|-damage|p1a: Chansey|28/100 tox|[from] psn
|upkeep
|turn|30
|
|move|p2a: Tornadus|Hurricane|p1a: Chansey|[miss]
|-miss|p2a: Tornadus|p1a: Chansey
|-activate|p1a: Chansey|confusion
|-damage|p1a: Chansey|28/100 tox|[from] confusion
|
|-weather|SunnyDay|[upkeep]
|-damage|p1a: Chansey|15/100 tox|[from] psn
|upkeep
|turn|31
|
|move|p2a: Tornadus|Hurricane|p1a: Chansey
|-damage|p1a: Chansey|0 fnt
|faint|p1a: Chansey
|
|-weather|SunnyDay|[upkeep]
|upkeep
|j| Faedri
|c|☆porrompompom|Why is it that was no surprise
|
|switch|p1a: Heatran|Heatran, F|62/100
|-damage|p1a: Heatran|49/100|[from] Stealth Rock
|turn|32
|
|switch|p2a: Tentacruel|Tentacruel, F|88/100
|move|p1a: Heatran|Magma Storm|p2a: Tentacruel
|-resisted|p2a: Tentacruel
|-damage|p2a: Tentacruel|54/100
|-activate|p2a: Tentacruel|move: Magma Storm|[of] p1a: Heatran
|
|-weather|SunnyDay|[upkeep]
|-heal|p1a: Heatran|55/100|[from] item: Leftovers
|-heal|p2a: Tentacruel|60/100|[from] item: Black Sludge
|-damage|p2a: Tentacruel|54/100|[from] move: Magma Storm|[partiallytrapped]
|upkeep
|turn|33
|
|move|p2a: Tentacruel|Scald|p1a: Heatran
|-supereffective|p1a: Heatran
|-damage|p1a: Heatran|38/100
|move|p1a: Heatran|Earth Power|p2a: Tentacruel
|-supereffective|p2a: Tentacruel
|-damage|p2a: Tentacruel|10/100
|
|-weather|SunnyDay|[upkeep]
|-heal|p2a: Tentacruel|16/100|[from] item: Black Sludge
|-heal|p1a: Heatran|44/100|[from] item: Leftovers
|-damage|p2a: Tentacruel|10/100|[from] move: Magma Storm|[partiallytrapped]
|upkeep
|turn|34
|
|move|p1a: Heatran|Earth Power|p2a: Tentacruel
|-supereffective|p2a: Tentacruel
|-damage|p2a: Tentacruel|0 fnt
|faint|p2a: Tentacruel
|
|-weather|SunnyDay|[upkeep]
|-heal|p1a: Heatran|50/100|[from] item: Leftovers
|upkeep
|
|switch|p2a: Tornadus|Tornadus, M|100/100
|turn|35
|
|switch|p1a: Dragonite|Dragonite, F|100/100
|-damage|p1a: Dragonite|76/100|[from] Stealth Rock
|move|p2a: Tornadus|Focus Blast|p1a: Dragonite|[miss]
|-miss|p2a: Tornadus|p1a: Dragonite
|
|-weather|SunnyDay|[upkeep]
|-heal|p1a: Dragonite|82/100|[from] item: Leftovers
|upkeep
|turn|36
|
|switch|p2a: Ferrothorn|Ferrothorn, M|91/100
|move|p1a: Dragonite|Substitute|p1a: Dragonite
|-start|p1a: Dragonite|Substitute
|-damage|p1a: Dragonite|57/100
|
|-weather|SunnyDay|[upkeep]
|-heal|p1a: Dragonite|63/100|[from] item: Leftovers
|-heal|p2a: Ferrothorn|97/100|[from] item: Leftovers
|upkeep
|turn|37
|
|move|p1a: Dragonite|Roost|p1a: Dragonite
|-heal|p1a: Dragonite|100/100
|move|p2a: Ferrothorn|Gyro Ball|p1a: Dragonite
|-activate|p1a: Dragonite|Substitute|[damage]
|
|-weather|SunnyDay|[upkeep]
|-heal|p2a: Ferrothorn|100/100|[from] item: Leftovers
|upkeep
|turn|38
|
|move|p1a: Dragonite|Dragon Dance|p1a: Dragonite
|-boost|p1a: Dragonite|atk|1
|-boost|p1a: Dragonite|spe|1
|move|p2a: Ferrothorn|Gyro Ball|p1a: Dragonite
|-end|p1a: Dragonite|Substitute
|
|-weather|SunnyDay|[upkeep]
|upkeep
|turn|39
|
|move|p1a: Dragonite|Substitute|p1a: Dragonite
|-start|p1a: Dragonite|Substitute
|-damage|p1a: Dragonite|76/100
|move|p2a: Ferrothorn|Gyro Ball|p1a: Dragonite
|-end|p1a: Dragonite|Substitute
|
|-weather|SunnyDay|[upkeep]
|-heal|p1a: Dragonite|82/100|[from] item: Leftovers
|upkeep
|turn|40
|
|move|p1a: Dragonite|Roost|p1a: Dragonite
|-heal|p1a: Dragonite|100/100
|move|p2a: Ferrothorn|Gyro Ball|p1a: Dragonite
|-damage|p1a: Dragonite|78/100
|
|-weather|SunnyDay|[upkeep]
|-heal|p1a: Dragonite|84/100|[from] item: Leftovers
|upkeep
|turn|41
|
|move|p1a: Dragonite|Substitute|p1a: Dragonite
|-start|p1a: Dragonite|Substitute
|-damage|p1a: Dragonite|59/100
|move|p2a: Ferrothorn|Leech Seed||[still]
|-fail|p2a: Ferrothorn
|
|-weather|SunnyDay|[upkeep]
|-heal|p1a: Dragonite|66/100|[from] item: Leftovers
|upkeep
|turn|42
|
|move|p1a: Dragonite|Roost|p1a: Dragonite
|-heal|p1a: Dragonite|100/100
|move|p2a: Ferrothorn|Gyro Ball|p1a: Dragonite
|-activate|p1a: Dragonite|Substitute|[damage]
|
|-weather|SunnyDay|[upkeep]
|upkeep
|turn|43
|
|move|p1a: Dragonite|Dragon Dance|p1a: Dragonite
|-boost|p1a: Dragonite|atk|1
|-boost|p1a: Dragonite|spe|1
|move|p2a: Ferrothorn|Gyro Ball|p1a: Dragonite
|-end|p1a: Dragonite|Substitute
|
|-weather|SunnyDay|[upkeep]
|upkeep
|turn|44
|
|switch|p2a: Jirachi|Jirachi|100/100
|move|p1a: Dragonite|Substitute|p1a: Dragonite
|-start|p1a: Dragonite|Substitute
|-damage|p1a: Dragonite|76/100
|
|-weather|SunnyDay|[upkeep]
|-heal|p1a: Dragonite|82/100|[from] item: Leftovers
|upkeep
|turn|45
|
|move|p1a: Dragonite|Roost|p1a: Dragonite
|-heal|p1a: Dragonite|100/100
|move|p2a: Jirachi|Iron Head|p1a: Dragonite
|-activate|p1a: Dragonite|Substitute|[damage]
|
|-weather|SunnyDay|[upkeep]
|upkeep
|turn|46
|
|move|p1a: Dragonite|Dragon Dance|p1a: Dragonite
|-boost|p1a: Dragonite|atk|1
|-boost|p1a: Dragonite|spe|1
|move|p2a: Jirachi|Iron Head|p1a: Dragonite
|-activate|p1a: Dragonite|Substitute|[damage]
|
|-weather|SunnyDay|[upkeep]
|upkeep
|turn|47
|
|move|p1a: Dragonite|Dragon Dance|p1a: Dragonite
|-boost|p1a: Dragonite|atk|1
|-boost|p1a: Dragonite|spe|1
|move|p2a: Jirachi|Iron Head|p1a: Dragonite
|-end|p1a: Dragonite|Substitute
|
|-weather|SunnyDay|[upkeep]
|upkeep
|turn|48
|
|switch|p2a: Celebi|Celebi|100/100
|move|p1a: Dragonite|Substitute|p1a: Dragonite
|-start|p1a: Dragonite|Substitute
|-damage|p1a: Dragonite|76/100
|
|-weather|SunnyDay|[upkeep]
|-heal|p1a: Dragonite|82/100|[from] item: Leftovers
|upkeep
|turn|49
|
|move|p1a: Dragonite|Dragon Claw|p2a: Celebi
|-damage|p2a: Celebi|17/100
|move|p2a: Celebi|Perish Song|p2a: Celebi
|-start|p1a: Dragonite|perish3|[silent]
|-start|p2a: Celebi|perish3|[silent]
|-fieldactivate|move: Perish Song
|
|-weather|SunnyDay|[upkeep]
|-heal|p1a: Dragonite|88/100|[from] item: Leftovers
|-heal|p2a: Celebi|24/100|[from] item: Leftovers
|-start|p1a: Dragonite|perish3
|-start|p2a: Celebi|perish3
|upkeep
|turn|50
|
|switch|p2a: Ferrothorn|Ferrothorn, M|100/100
|move|p1a: Dragonite|Dragon Claw|p2a: Ferrothorn
|-resisted|p2a: Ferrothorn
|-damage|p2a: Ferrothorn|63/100
|-damage|p1a: Dragonite|76/100|[from] ability: Iron Barbs|[of] p2a: Ferrothorn
|
|-weather|SunnyDay|[upkeep]
|-heal|p1a: Dragonite|82/100|[from] item: Leftovers
|-heal|p2a: Ferrothorn|70/100|[from] item: Leftovers
|-start|p1a: Dragonite|perish2
|upkeep
|turn|51
|
|move|p2a: Ferrothorn|Protect|p2a: Ferrothorn
|-singleturn|p2a: Ferrothorn|Protect
|move|p1a: Dragonite|Roost|p1a: Dragonite
|-heal|p1a: Dragonite|100/100
|
|-weather|SunnyDay|[upkeep]
|-heal|p2a: Ferrothorn|76/100|[from] item: Leftovers
|-start|p1a: Dragonite|perish1
|upkeep
|turn|52
|
|switch|p1a: Donphan|Donphan, M|94/100 tox
|-damage|p1a: Donphan|88/100 tox|[from] Stealth Rock
|move|p2a: Ferrothorn|Leech Seed|p1a: Donphan
|-start|p1a: Donphan|move: Leech Seed
|
|-weather|SunnyDay|[upkeep]
|-heal|p1a: Donphan|94/100 tox|[from] item: Leftovers
|-heal|p2a: Ferrothorn|82/100|[from] item: Leftovers
|-damage|p1a: Donphan|82/100 tox|[from] Leech Seed|[of] p2a: Ferrothorn
|-heal|p2a: Ferrothorn|95/100|[silent]
|-damage|p1a: Donphan|76/100 tox|[from] psn
|upkeep
|turn|53
|
|switch|p2a: Celebi|Celebi|24/100
|move|p1a: Donphan|Rapid Spin|p2a: Celebi
|-damage|p2a: Celebi|19/100
|-end|p1a: Donphan|Leech Seed|[from] move: Rapid Spin|[of] p1a: Donphan
|-sideend|p1: porrompompom|Toxic Spikes|[from] move: Rapid Spin|[of] p1a: Donphan
|-sideend|p1: porrompompom|Stealth Rock|[from] move: Rapid Spin|[of] p1a: Donphan
|
|-weather|SunnyDay|[upkeep]
|-heal|p2a: Celebi|25/100|[from] item: Leftovers
|-heal|p1a: Donphan|82/100 tox|[from] item: Leftovers
|-damage|p1a: Donphan|70/100 tox|[from] psn
|upkeep
|turn|54
|
|move|p2a: Celebi|Recover|p2a: Celebi
|-heal|p2a: Celebi|75/100
|move|p1a: Donphan|Stealth Rock|p2a: Celebi
|-sidestart|p2: Avalon2502|move: Stealth Rock
|
|-weather|SunnyDay|[upkeep]
|-heal|p2a: Celebi|81/100|[from] item: Leftovers
|-heal|p1a: Donphan|76/100 tox|[from] item: Leftovers
|-damage|p1a: Donphan|58/100 tox|[from] psn
|upkeep
|turn|55
|
|switch|p1a: Heatran|Heatran, F|50/100
|move|p2a: Celebi|Giga Drain|p1a: Heatran
|-resisted|p1a: Heatran
|-damage|p1a: Heatran|45/100
|-heal|p2a: Celebi|84/100|[from] drain|[of] p1a: Heatran
|
|-weather|SunnyDay|[upkeep]
|-heal|p1a: Heatran|51/100|[from] item: Leftovers
|-heal|p2a: Celebi|90/100|[from] item: Leftovers
|upkeep
|turn|56
|
|move|p1a: Heatran|Magma Storm|p2a: Celebi|[miss]
|-miss|p1a: Heatran|p2a: Celebi
|move|p2a: Celebi|U-turn|p1a: Heatran
|-resisted|p1a: Heatran
|-damage|p1a: Heatran|48/100
|
|switch|p2a: Jirachi|Jirachi|100/100
|-damage|p2a: Jirachi|94/100|[from] Stealth Rock
|
|-weather|SunnyDay|[upkeep]
|-heal|p1a: Heatran|54/100|[from] item: Leftovers
|-heal|p2a: Jirachi|100/100|[from] item: Leftovers
|upkeep
|turn|57
|c|☆porrompompom|-.-
|
|move|p2a: Jirachi|Protect|p2a: Jirachi
|-singleturn|p2a: Jirachi|Protect
|move|p1a: Heatran|Magma Storm|p2a: Jirachi
|-activate|p2a: Jirachi|move: Protect
|
|-weather|SunnyDay|[upkeep]
|-heal|p1a: Heatran|60/100|[from] item: Leftovers
|upkeep
|turn|58
|
|move|p2a: Jirachi|Protect|p2a: Jirachi
|-singleturn|p2a: Jirachi|Protect
|move|p1a: Heatran|Magma Storm|p2a: Jirachi
|-activate|p2a: Jirachi|move: Protect
|
|-weather|SunnyDay|[upkeep]
|-heal|p1a: Heatran|67/100|[from] item: Leftovers
|upkeep
|turn|59
|c|☆porrompompom|Dumbest shit of my entire existence
|
|switch|p2a: Celebi|Celebi|90/100
|-damage|p2a: Celebi|77/100|[from] Stealth Rock
|move|p1a: Heatran|Taunt|p2a: Celebi
|-start|p2a: Celebi|move: Taunt
|
|-weather|SunnyDay|[upkeep]
|-heal|p1a: Heatran|73/100|[from] item: Leftovers
|-heal|p2a: Celebi|84/100|[from] item: Leftovers
|upkeep
|turn|60
|
|move|p1a: Heatran|Toxic|p2a: Celebi|[miss]
|-miss|p1a: Heatran|p2a: Celebi
|move|p2a: Celebi|U-turn|p1a: Heatran
|-resisted|p1a: Heatran
|-damage|p1a: Heatran|70/100
|
|switch|p2a: Tornadus|Tornadus, M|100/100
|-damage|p2a: Tornadus|76/100|[from] Stealth Rock
|
|-weather|SunnyDay|[upkeep]
|-heal|p1a: Heatran|76/100|[from] item: Leftovers
|upkeep
|turn|61
|
|switch|p1a: Mew|Mew|100/100
|move|p2a: Tornadus|Hurricane|p1a: Mew|[miss]
|-miss|p2a: Tornadus|p1a: Mew
|
|-weather|SunnyDay|[upkeep]
|upkeep
|turn|62
|
|switch|p1a: Heatran|Heatran, F|76/100
|move|p2a: Tornadus|Hurricane|p1a: Heatran|[miss]
|-miss|p2a: Tornadus|p1a: Heatran
|
|-weather|SunnyDay|[upkeep]
|-heal|p1a: Heatran|82/100|[from] item: Leftovers
|upkeep
|turn|63
|
|switch|p2a: Jirachi|Jirachi|100/100
|-damage|p2a: Jirachi|94/100|[from] Stealth Rock
|move|p1a: Heatran|Toxic|p2a: Jirachi
|-immune|p2a: Jirachi
|
|-weather|SunnyDay|[upkeep]
|-heal|p1a: Heatran|89/100|[from] item: Leftovers
|-heal|p2a: Jirachi|100/100|[from] item: Leftovers
|upkeep
|turn|64
|
|move|p1a: Heatran|Taunt|p2a: Jirachi
|-start|p2a: Jirachi|move: Taunt
|move|p2a: Jirachi|Thunder|p1a: Heatran|[miss]
|-miss|p2a: Jirachi|p1a: Heatran
|
|-weather|SunnyDay|[upkeep]
|-heal|p1a: Heatran|95/100|[from] item: Leftovers
|upkeep
|turn|65
|
|move|p1a: Heatran|Earth Power|p2a: Jirachi
|-supereffective|p2a: Jirachi
|-damage|p2a: Jirachi|68/100
|move|p2a: Jirachi|Thunder|p1a: Heatran
|-damage|p1a: Heatran|76/100
|
|-weather|SunnyDay|[upkeep]
|-heal|p1a: Heatran|82/100|[from] item: Leftovers
|-heal|p2a: Jirachi|74/100|[from] item: Leftovers
|upkeep
|turn|66
|
|move|p1a: Heatran|Earth Power|p2a: Jirachi
|-supereffective|p2a: Jirachi
|-damage|p2a: Jirachi|40/100
|move|p2a: Jirachi|Thunder|p1a: Heatran|[miss]
|-miss|p2a: Jirachi|p1a: Heatran
|
|-weather|SunnyDay|[upkeep]
|-heal|p1a: Heatran|88/100|[from] item: Leftovers
|-heal|p2a: Jirachi|47/100|[from] item: Leftovers
|-end|p2a: Jirachi|move: Taunt
|upkeep
|turn|67
|
|move|p1a: Heatran|Earth Power|p2a: Jirachi
|-supereffective|p2a: Jirachi
|-damage|p2a: Jirachi|13/100
|move|p2a: Jirachi|Wish|p2a: Jirachi
|
|-weather|SunnyDay|[upkeep]
|-heal|p1a: Heatran|95/100|[from] item: Leftovers
|-heal|p2a: Jirachi|19/100|[from] item: Leftovers
|upkeep
|turn|68
|
|move|p2a: Jirachi|Protect|p2a: Jirachi
|-singleturn|p2a: Jirachi|Protect
|move|p1a: Heatran|Earth Power|p2a: Jirachi
|-activate|p2a: Jirachi|move: Protect
|
|-weather|SunnyDay|[upkeep]
|-heal|p2a: Jirachi|69/100|[from] move: Wish|[wisher] Jirachi
|-heal|p1a: Heatran|100/100|[from] item: Leftovers
|-heal|p2a: Jirachi|75/100|[from] item: Leftovers
|upkeep
|turn|69
|
|move|p1a: Heatran|Taunt|p2a: Jirachi
|-start|p2a: Jirachi|move: Taunt
|move|p2a: Jirachi|Thunder|p1a: Heatran|[miss]
|-miss|p2a: Jirachi|p1a: Heatran
|
|-weather|SunnyDay|[upkeep]
|-heal|p2a: Jirachi|81/100|[from] item: Leftovers
|upkeep
|turn|70
|
|move|p1a: Heatran|Earth Power|p2a: Jirachi
|-supereffective|p2a: Jirachi
|-damage|p2a: Jirachi|49/100
|move|p2a: Jirachi|Thunder|p1a: Heatran
|-damage|p1a: Heatran|80/100
|-status|p1a: Heatran|par
|
|-weather|SunnyDay|[upkeep]
|-heal|p2a: Jirachi|55/100|[from] item: Leftovers
|-heal|p1a: Heatran|86/100 par|[from] item: Leftovers
|upkeep
|turn|71
|
|move|p2a: Jirachi|Iron Head|p1a: Heatran
|-resisted|p1a: Heatran
|-damage|p1a: Heatran|80/100 par
|cant|p1a: Heatran|flinch
|
|-weather|SunnyDay|[upkeep]
|-heal|p2a: Jirachi|61/100|[from] item: Leftovers
|-heal|p1a: Heatran|87/100 par|[from] item: Leftovers
|-end|p2a: Jirachi|move: Taunt
|upkeep
|turn|72
|
|move|p2a: Jirachi|Iron Head|p1a: Heatran
|-resisted|p1a: Heatran
|-damage|p1a: Heatran|80/100 par
|cant|p1a: Heatran|flinch
|
|-weather|SunnyDay|[upkeep]
|-heal|p2a: Jirachi|67/100|[from] item: Leftovers
|-heal|p1a: Heatran|87/100 par|[from] item: Leftovers
|upkeep
|turn|73
|
|move|p2a: Jirachi|Iron Head|p1a: Heatran
|-resisted|p1a: Heatran
|-damage|p1a: Heatran|81/100 par
|cant|p1a: Heatran|flinch
|
|-weather|SunnyDay|[upkeep]
|-heal|p2a: Jirachi|74/100|[from] item: Leftovers
|-heal|p1a: Heatran|88/100 par|[from] item: Leftovers
|upkeep
|turn|74
|
|switch|p2a: Tornadus|Tornadus, M|76/100
|-damage|p2a: Tornadus|51/100|[from] Stealth Rock
|cant|p1a: Heatran|par
|
|-weather|SunnyDay|[upkeep]
|-heal|p1a: Heatran|94/100 par|[from] item: Leftovers
|upkeep
|turn|75
|
|move|p2a: Tornadus|Hurricane|p1a: Heatran
|-resisted|p1a: Heatran
|-damage|p1a: Heatran|58/100 par
|move|p1a: Heatran|Toxic|p2a: Tornadus|[miss]
|-miss|p1a: Heatran|p2a: Tornadus
|
|-weather|SunnyDay|[upkeep]
|-heal|p1a: Heatran|64/100 par|[from] item: Leftovers
|upkeep
|turn|76
|
|move|p2a: Tornadus|Hurricane|p1a: Heatran
|-resisted|p1a: Heatran
|-damage|p1a: Heatran|26/100 par
|cant|p1a: Heatran|par
|
|-weather|SunnyDay|[upkeep]
|-heal|p1a: Heatran|32/100 par|[from] item: Leftovers
|upkeep
|turn|77
|
|move|p2a: Tornadus|Hurricane|p1a: Heatran|[miss]
|-miss|p2a: Tornadus|p1a: Heatran
|cant|p1a: Heatran|par
|
|-weather|SunnyDay|[upkeep]
|-heal|p1a: Heatran|39/100 par|[from] item: Leftovers
|upkeep
|turn|78
|
|move|p2a: Tornadus|Hurricane|p1a: Heatran|[miss]
|-miss|p2a: Tornadus|p1a: Heatran
|move|p1a: Heatran|Toxic|p2a: Tornadus
|-status|p2a: Tornadus|tox
|
|-weather|SunnyDay|[upkeep]
|-heal|p1a: Heatran|45/100 par|[from] item: Leftovers
|-damage|p2a: Tornadus|45/100 tox|[from] psn
|upkeep
|turn|79
|
|move|p2a: Tornadus|Hurricane|p1a: Heatran|[miss]
|-miss|p2a: Tornadus|p1a: Heatran
|move|p1a: Heatran|Earth Power|p2a: Tornadus
|-immune|p2a: Tornadus
|
|-weather|SunnyDay|[upkeep]
|-heal|p1a: Heatran|51/100 par|[from] item: Leftovers
|-damage|p2a: Tornadus|33/100 tox|[from] psn
|upkeep
|turn|80
|
|move|p2a: Tornadus|Hurricane|p1a: Heatran|[miss]
|-miss|p2a: Tornadus|p1a: Heatran
|move|p1a: Heatran|Earth Power|p2a: Tornadus
|-immune|p2a: Tornadus
|
|-weather|SunnyDay|[upkeep]
|-heal|p1a: Heatran|57/100 par|[from] item: Leftovers
|-damage|p2a: Tornadus|15/100 tox|[from] psn
|upkeep
|turn|81
|
|switch|p2a: Ferrothorn|Ferrothorn, M|95/100
|-damage|p2a: Ferrothorn|89/100|[from] Stealth Rock
|cant|p1a: Heatran|par
|
|-weather|SunnyDay|[upkeep]
|-heal|p1a: Heatran|64/100 par|[from] item: Leftovers
|-heal|p2a: Ferrothorn|95/100|[from] item: Leftovers
|upkeep
|turn|82
|
|switch|p1a: Dragonite|Dragonite, F|100/100
|move|p2a: Ferrothorn|Leech Seed|p1a: Dragonite
|-start|p1a: Dragonite|move: Leech Seed
|
|-weather|SunnyDay|[upkeep]
|-heal|p2a: Ferrothorn|100/100|[from] item: Leftovers
|-damage|p1a: Dragonite|88/100|[from] Leech Seed|[of] p2a: Ferrothorn
|upkeep
|turn|83
|
|switch|p1a: Mew|Mew|100/100
|switch|p2a: Jirachi|Jirachi|74/100
|-damage|p2a: Jirachi|67/100|[from] Stealth Rock
|
|-weather|SunnyDay|[upkeep]
|-heal|p2a: Jirachi|74/100|[from] item: Leftovers
|upkeep
|turn|84
|
|move|p1a: Mew|Will-O-Wisp|p2a: Jirachi|[miss]
|-miss|p1a: Mew|p2a: Jirachi
|move|p2a: Jirachi|Thunder|p1a: Mew|[miss]
|-miss|p2a: Jirachi|p1a: Mew
|
|-weather|SunnyDay|[upkeep]
|-heal|p2a: Jirachi|80/100|[from] item: Leftovers
|upkeep
|turn|85
|
|switch|p2a: Celebi|Celebi|84/100
|-damage|p2a: Celebi|71/100|[from] Stealth Rock
|move|p1a: Mew|Will-O-Wisp|p2a: Celebi
|-status|p2a: Celebi|brn
|
|-weather|SunnyDay|[upkeep]
|-heal|p2a: Celebi|77/100 brn|[from] item: Leftovers
|-damage|p2a: Celebi|65/100 brn|[from] brn
|upkeep
|turn|86
|
|move|p1a: Mew|Taunt|p2a: Celebi
|-start|p2a: Celebi|move: Taunt
|move|p2a: Celebi|U-turn|p1a: Mew
|-supereffective|p1a: Mew
|-damage|p1a: Mew|91/100
|
|switch|p2a: Tornadus|Tornadus, M|15/100 tox
|-damage|p2a: Tornadus|0 fnt|[from] Stealth Rock
|faint|p2a: Tornadus
|
|-weather|SunnyDay|[upkeep]
|-heal|p1a: Mew|98/100|[from] item: Leftovers
|upkeep
|
|switch|p2a: Jirachi|Jirachi|80/100
|-damage|p2a: Jirachi|74/100|[from] Stealth Rock
|turn|87
|
|move|p1a: Mew|Will-O-Wisp|p2a: Jirachi
|-status|p2a: Jirachi|brn
|move|p2a: Jirachi|Thunder|p1a: Mew
|-damage|p1a: Mew|76/100
|
|-weather|SunnyDay|[upkeep]
|-heal|p1a: Mew|83/100|[from] item: Leftovers
|-heal|p2a: Jirachi|80/100 brn|[from] item: Leftovers
|-damage|p2a: Jirachi|67/100 brn|[from] brn
|upkeep
|turn|88
|l|☆Avalon2502
|inactive|Avalon2502 disconnected and has a minute to reconnect!
|player|p2|
|inactive|Avalon2502 has 60 seconds to reconnect!
|j|☆Avalon2502
|inactive|Avalon2502 reconnected and has 135 seconds left.
|player|p2|Avalon2502|148
|
|switch|p1a: Heatran|Heatran, F|64/100 par
|move|p2a: Jirachi|Thunder|p1a: Heatran|[miss]
|-miss|p2a: Jirachi|p1a: Heatran
|
|-weather|SunnyDay|[upkeep]
|-heal|p2a: Jirachi|74/100 brn|[from] item: Leftovers
|-heal|p1a: Heatran|70/100 par|[from] item: Leftovers
|-damage|p2a: Jirachi|61/100 brn|[from] brn
|upkeep
|turn|89
|-message|Avalon2502 forfeited.
|
|win|porrompompom
|l|☆Avalon2502
|raw|porrompompom's rating: 1523 &rarr; <strong>1533</strong><br />(+10 for winning)
|raw|Avalon2502's rating: 1324 &rarr; <strong>1315</strong><br />(-9 for losing)
|l|☆porrompompom
