|j|☆TheFireWithin100
|j|☆baixiaohen
|t:|1739885956
|gametype|singles
|player|p1|TheFireWithin100|266|1280
|player|p2|baixiaohen|steven|1368
|teamsize|p1|6
|teamsize|p2|6
|gen|5
|tier|[Gen 5] OU
|rated|
|rule|Species Clause: Limit one of each Pokémon
|rule|OHKO Clause: OHKO moves are banned
|rule|Moody Clause: Moody is banned
|rule|Evasion Items Clause: Evasion items are banned
|rule|Evasion Moves Clause: Evasion moves are banned
|rule|Endless Battle Clause: Forcing endless battles is banned
|rule|HP Percentage Mod: HP is shown in percentages
|rule|Evasion Abilities Clause: Evasion abilities are banned
|rule|Sleep Moves Clause: Sleep-inducing moves are banned
|rule|Swagger Clause: Swagger is banned
|rule|Baton Pass Stat Clause: No Baton Passer may have a way to boost its stats
|clearpoke
|poke|p1|Crawdaunt, M|item
|poke|p1|Alakazam, F|item
|poke|p1|Metagross|item
|poke|p1|Starmie|item
|poke|p1|Heracross, F|item
|poke|p1|Golurk|item
|poke|p2|Jirachi|item
|poke|p2|Scizor, M|item
|poke|p2|Celebi|item
|poke|p2|Gyarados, M|item
|poke|p2|Heatran, M|item
|poke|p2|Starmie|item
|teampreview
|
|t:|1739885990
|start
|switch|p1a: Golurk|Golurk|100/100
|switch|p2a: Celebi|Celebi|100/100
|turn|1
|inactive|Battle timer is ON: inactive players will automatically lose when time's up. (requested by baixiaohen)
|
|t:|1739886039
|switch|p1a: Metagross|Metagross|100/100
|-item|p1a: Metagross|Air Balloon
|move|p2a: Celebi|Giga Drain|p1a: Metagross
|-resisted|p1a: Metagross
|-damage|p1a: Metagross|84/100
|-enditem|p1a: Metagross|Air Balloon
|
|upkeep
|turn|2
|j| Hauntaholics
|
|t:|1739886058
|move|p2a: Celebi|Thunder Wave|p1a: Metagross
|-status|p1a: Metagross|par
|move|p1a: Metagross|Earthquake|p2a: Celebi
|-resisted|p2a: Celebi
|-damage|p2a: Celebi|82/100
|
|-heal|p2a: Celebi|89/100|[from] item: Leftovers
|upkeep
|turn|3
|
|t:|1739886068
|switch|p2a: Heatran|Heatran, M, shiny|100/100
|move|p1a: Metagross|Ice Punch|p2a: Heatran
|-resisted|p2a: Heatran
|-damage|p2a: Heatran|96/100
|
|-heal|p2a: Heatran|100/100|[from] item: Leftovers
|upkeep
|turn|4
|
|t:|1739886078
|move|p2a: Heatran|Stealth Rock|p1a: Metagross
|-sidestart|p1: TheFireWithin100|move: Stealth Rock
|move|p1a: Metagross|Earthquake|p2a: Heatran
|-supereffective|p2a: Heatran
|-damage|p2a: Heatran|0 fnt
|faint|p2a: Heatran
|
|upkeep
|
|t:|1739886088
|switch|p2a: Gyarados|Gyarados, M, shiny|100/100
|-ability|p2a: Gyarados|Intimidate|boost
|-fail|p1a: Metagross|unboost|[from] ability: Clear Body|[of] p1a: Metagross
|turn|5
|
|t:|1739886099
|move|p2a: Gyarados|Dragon Dance|p2a: Gyarados
|-boost|p2a: Gyarados|atk|1
|-boost|p2a: Gyarados|spe|1
|move|p1a: Metagross|Meteor Mash|p2a: Gyarados
|-resisted|p2a: Gyarados
|-damage|p2a: Gyarados|65/100
|-boost|p1a: Metagross|atk|1
|
|-heal|p2a: Gyarados|71/100|[from] item: Leftovers
|upkeep
|turn|6
|
|t:|1739886109
|move|p2a: Gyarados|Earthquake|p1a: Metagross
|-supereffective|p1a: Metagross
|-damage|p1a: Metagross|0 fnt
|faint|p1a: Metagross
|
|-heal|p2a: Gyarados|77/100|[from] item: Leftovers
|upkeep
|
|t:|1739886123
|switch|p1a: Heracross|Heracross, F|100/100
|-damage|p1a: Heracross|88/100|[from] Stealth Rock
|turn|7
|
|t:|1739886129
|move|p1a: Heracross|Stone Edge|p2a: Gyarados
|-supereffective|p2a: Gyarados
|-damage|p2a: Gyarados|0 fnt
|faint|p2a: Gyarados
|-ability|p1a: Heracross|Moxie|boost
|-boost|p1a: Heracross|atk|1
|
|upkeep
|
|t:|1739886134
|switch|p2a: Jirachi|Jirachi, shiny|100/100
|turn|8
|
|t:|1739886140
|switch|p1a: Golurk|Golurk|100/100
|-damage|p1a: Golurk|94/100|[from] Stealth Rock
|move|p2a: Jirachi|Trick|p1a: Golurk
|-activate|p2a: Jirachi|move: Trick|[of] p1a: Golurk
|-item|p1a: Golurk|Choice Scarf|[from] move: Trick
|-item|p2a: Jirachi|Leftovers|[from] move: Trick
|
|upkeep
|turn|9
|
|t:|1739886153
|move|p2a: Jirachi|Iron Head|p1a: Golurk
|-damage|p1a: Golurk|59/100
|move|p1a: Golurk|Stealth Rock|p2a: Jirachi
|-sidestart|p2: baixiaohen|move: Stealth Rock
|
|upkeep
|turn|10
|
|t:|1739886176
|switch|p1a: Starmie|Starmie|100/100
|-damage|p1a: Starmie|88/100|[from] Stealth Rock
|-item|p1a: Starmie|Air Balloon
|move|p2a: Jirachi|U-turn|p1a: Starmie
|-supereffective|p1a: Starmie
|-damage|p1a: Starmie|22/100
|-enditem|p1a: Starmie|Air Balloon
|
|t:|1739886195
|switch|p2a: Scizor|Scizor, M|100/100|[from] U-turn
|-damage|p2a: Scizor|88/100|[from] Stealth Rock
|
|upkeep
|turn|11
|
|t:|1739886203
|move|p2a: Scizor|Quick Attack|p1a: Starmie
|-crit|p1a: Starmie
|-damage|p1a: Starmie|0 fnt
|faint|p1a: Starmie
|-damage|p2a: Scizor|78/100|[from] item: Life Orb
|
|upkeep
|inactive|TheFireWithin100 has 120 seconds left.
|
|t:|1739886234
|switch|p1a: Heracross|Heracross, F|88/100
|-damage|p1a: Heracross|76/100|[from] Stealth Rock
|turn|12
|inactive|TheFireWithin100 has 120 seconds left.
|
|t:|1739886244
|switch|p2a: Celebi|Celebi|89/100
|-damage|p2a: Celebi|76/100|[from] Stealth Rock
|move|p1a: Heracross|Megahorn|p2a: Celebi
|-supereffective|p2a: Celebi
|-damage|p2a: Celebi|0 fnt
|faint|p2a: Celebi
|-ability|p1a: Heracross|Moxie|boost
|-boost|p1a: Heracross|atk|1
|
|upkeep
|
|t:|1739886251
|switch|p2a: Scizor|Scizor, M|78/100
|-damage|p2a: Scizor|66/100|[from] Stealth Rock
|turn|13
|inactive|TheFireWithin100 has 120 seconds left.
|
|t:|1739886277
|switch|p1a: Golurk|Golurk|59/100
|-damage|p1a: Golurk|53/100|[from] Stealth Rock
|move|p2a: Scizor|Bullet Punch|p1a: Golurk
|-damage|p1a: Golurk|2/100
|-damage|p2a: Scizor|56/100|[from] item: Life Orb
|
|upkeep
|turn|14
|
|t:|1739886287
|move|p2a: Scizor|Bullet Punch|p1a: Golurk
|-damage|p1a: Golurk|0 fnt
|faint|p1a: Golurk
|-damage|p2a: Scizor|46/100|[from] item: Life Orb
|
|upkeep
|
|t:|1739886296
|switch|p1a: Crawdaunt|Crawdaunt, M|100/100
|-damage|p1a: Crawdaunt|88/100|[from] Stealth Rock
|turn|15
|
|t:|1739886308
|move|p2a: Scizor|Quick Attack|p1a: Crawdaunt
|-damage|p1a: Crawdaunt|44/100
|-damage|p2a: Scizor|36/100|[from] item: Life Orb
|move|p1a: Crawdaunt|Crabhammer|p2a: Scizor
|-damage|p2a: Scizor|0 fnt
|faint|p2a: Scizor
|-damage|p1a: Crawdaunt|34/100|[from] item: Life Orb
|
|upkeep
|
|t:|1739886312
|switch|p2a: Starmie|Starmie, shiny|100/100
|-damage|p2a: Starmie|88/100|[from] Stealth Rock
|turn|16
|
|t:|1739886320
|move|p2a: Starmie|Thunder|p1a: Crawdaunt
|-supereffective|p1a: Crawdaunt
|-damage|p1a: Crawdaunt|0 fnt
|faint|p1a: Crawdaunt
|-damage|p2a: Starmie|78/100|[from] item: Life Orb
|
|upkeep
|
|t:|1739886333
|switch|p1a: Alakazam|Alakazam, F|100/100
|turn|17
|
|t:|1739886339
|move|p1a: Alakazam|Energy Ball|p2a: Starmie
|-supereffective|p2a: Starmie
|-damage|p2a: Starmie|0 fnt
|faint|p2a: Starmie
|
|upkeep
|
|t:|1739886342
|switch|p2a: Jirachi|Jirachi, shiny|100/100
|-damage|p2a: Jirachi|94/100|[from] Stealth Rock
|turn|18
|
|t:|1739886350
|move|p1a: Alakazam|Focus Blast|p2a: Jirachi|[miss]
|-miss|p1a: Alakazam|p2a: Jirachi
|move|p2a: Jirachi|U-turn|p1a: Alakazam
|-supereffective|p1a: Alakazam
|-enditem|p1a: Alakazam|Focus Sash
|-damage|p1a: Alakazam|1/100
|
|-heal|p2a: Jirachi|100/100|[from] item: Leftovers
|upkeep
|turn|19
|
|t:|1739886365
|move|p1a: Alakazam|Focus Blast|p2a: Jirachi
|-damage|p2a: Jirachi|56/100
|move|p2a: Jirachi|Iron Head|p1a: Alakazam
|-crit|p1a: Alakazam
|-damage|p1a: Alakazam|0 fnt
|faint|p1a: Alakazam
|
|-heal|p2a: Jirachi|62/100|[from] item: Leftovers
|upkeep
|
|t:|1739886375
|switch|p1a: Heracross|Heracross, F|76/100
|-damage|p1a: Heracross|64/100|[from] Stealth Rock
|turn|20
|
|t:|1739886379
|move|p1a: Heracross|Earthquake|p2a: Jirachi
|-supereffective|p2a: Jirachi
|-crit|p2a: Jirachi
|-damage|p2a: Jirachi|0 fnt
|faint|p2a: Jirachi
|-ability|p1a: Heracross|Moxie|boost
|-boost|p1a: Heracross|atk|1
|
|win|TheFireWithin100
|raw|TheFireWithin100's rating: 1280 &rarr; <strong>1311</strong><br />(+31 for winning)
|raw|baixiaohen's rating: 1368 &rarr; <strong>1343</strong><br />(-25 for losing)
|l| Hauntaholics
