|j|☆Crimsonbacon38
|j|☆seanb143
|t:|1716439491
|gametype|singles
|player|p1|Crimsonbacon38|barry|1316
|player|p2|seanb143|emmet|1459
|teamsize|p1|6
|teamsize|p2|6
|gen|5
|tier|[Gen 5] OU
|rated|
|rule|Species Clause: Limit one of each Pokémon
|rule|OHKO Clause: OHKO moves are banned
|rule|Moody Clause: Moody is banned
|rule|Evasion Items Clause: Evasion items are banned
|rule|Evasion Moves Clause: Evasion moves are banned
|rule|Endless Battle Clause: Forcing endless battles is banned
|rule|HP Percentage Mod: HP is shown in percentages
|rule|Evasion Abilities Clause: Evasion abilities are banned
|rule|Sleep Moves Clause: Sleep-inducing moves are banned
|rule|Swagger Clause: Swagger is banned
|rule|Baton Pass Stat Clause: No Baton Passer may have a way to boost its stats
|clearpoke
|poke|p1|Tyranitar, F|item
|poke|p1|Excadrill, F|item
|poke|p1|Magnezone|item
|poke|p1|Garchomp, M|item
|poke|p1|Latios, M|item
|poke|p1|Kyurem-Black|item
|poke|p2|Abomasnow, F|item
|poke|p2|Kyurem-Black|item
|poke|p2|Jellicent, M|item
|poke|p2|Landorus-Therian, M|item
|poke|p2|Weavile, F|item
|poke|p2|Starmie|item
|teampreview
|inactive|Battle timer is ON: inactive players will automatically lose when time's up. (requested by seanb143)
|
|t:|1716439501
|start
|switch|p1a: Tyranitar|Tyranitar, F|100/100
|switch|p2a: Jellicent|Jellicent, M, shiny|100/100
|-weather|Sandstorm|[from] ability: Sand Stream|[of] p1a: Tyranitar
|turn|1
|
|t:|1716439505
|move|p2a: Jellicent|Will-O-Wisp|p1a: Tyranitar
|-status|p1a: Tyranitar|brn
|move|p1a: Tyranitar|Stealth Rock|p2a: Jellicent
|-sidestart|p2: seanb143|move: Stealth Rock
|
|-weather|Sandstorm|[upkeep]
|-damage|p2a: Jellicent|94/100|[from] Sandstorm
|-heal|p2a: Jellicent|100/100|[from] item: Leftovers
|-damage|p1a: Tyranitar|88/100 brn|[from] brn
|upkeep
|turn|2
|
|t:|1716439511
|move|p2a: Jellicent|Night Shade|p1a: Tyranitar
|-damage|p1a: Tyranitar|63/100 brn
|move|p1a: Tyranitar|Crunch|p2a: Jellicent
|-supereffective|p2a: Jellicent
|-damage|p2a: Jellicent|61/100
|-unboost|p2a: Jellicent|def|1
|
|-weather|Sandstorm|[upkeep]
|-damage|p2a: Jellicent|55/100|[from] Sandstorm
|-heal|p2a: Jellicent|61/100|[from] item: Leftovers
|-damage|p1a: Tyranitar|51/100 brn|[from] brn
|upkeep
|turn|3
|
|t:|1716439515
|switch|p2a: Landorus|Landorus-Therian, M, shiny|100/100
|-damage|p2a: Landorus|88/100|[from] Stealth Rock
|-ability|p2a: Landorus|Intimidate|boost
|-unboost|p1a: Tyranitar|atk|1
|move|p1a: Tyranitar|Crunch|p2a: Landorus
|-damage|p2a: Landorus|72/100
|
|-weather|Sandstorm|[upkeep]
|-heal|p2a: Landorus|78/100|[from] item: Leftovers
|-damage|p1a: Tyranitar|38/100 brn|[from] brn
|upkeep
|turn|4
|
|t:|1716439519
|switch|p1a: Latios|Latios, M|100/100
|move|p2a: Landorus|Stealth Rock|p1a: Latios
|-sidestart|p1: Crimsonbacon38|move: Stealth Rock
|
|-weather|Sandstorm|[upkeep]
|-damage|p1a: Latios|95/100|[from] Sandstorm
|-heal|p2a: Landorus|84/100|[from] item: Leftovers
|upkeep
|turn|5
|
|t:|1716439526
|switch|p2a: Jellicent|Jellicent, M, shiny|61/100
|-damage|p2a: Jellicent|49/100|[from] Stealth Rock
|move|p1a: Latios|Draco Meteor|p2a: Jellicent
|-damage|p2a: Jellicent|0 fnt
|-unboost|p1a: Latios|spa|2
|faint|p2a: Jellicent
|
|-weather|Sandstorm|[upkeep]
|-damage|p1a: Latios|89/100|[from] Sandstorm
|upkeep
|
|t:|1716439529
|switch|p2a: Weavile|Weavile, F, shiny|100/100
|-damage|p2a: Weavile|76/100|[from] Stealth Rock
|-ability|p2a: Weavile|Pressure
|turn|6
|
|t:|1716439533
|move|p2a: Weavile|Pursuit|p1a: Latios
|-supereffective|p1a: Latios
|-damage|p1a: Latios|20/100
|move|p1a: Latios|Draco Meteor|p2a: Weavile|[miss]
|-miss|p1a: Latios|p2a: Weavile
|
|-weather|Sandstorm|[upkeep]
|-damage|p2a: Weavile|70/100|[from] Sandstorm
|-damage|p1a: Latios|14/100|[from] Sandstorm
|upkeep
|turn|7
|
|t:|1716439538
|move|p2a: Weavile|Pursuit|p1a: Latios
|-supereffective|p1a: Latios
|-damage|p1a: Latios|0 fnt
|faint|p1a: Latios
|
|-weather|Sandstorm|[upkeep]
|-damage|p2a: Weavile|63/100|[from] Sandstorm
|upkeep
|
|t:|1716439550
|switch|p1a: Kyurem|Kyurem-Black|100/100
|-damage|p1a: Kyurem|76/100|[from] Stealth Rock
|-ability|p1a: Kyurem|Teravolt
|turn|8
|
|t:|1716439557
|move|p2a: Weavile|Low Kick|p1a: Kyurem
|-supereffective|p1a: Kyurem
|-enditem|p1a: Kyurem|Chople Berry|[eat]
|-enditem|p1a: Kyurem|Chople Berry|[weaken]
|-damage|p1a: Kyurem|53/100
|move|p1a: Kyurem|Dragon Claw|p2a: Weavile
|-damage|p2a: Weavile|0 fnt
|faint|p2a: Weavile
|
|-weather|Sandstorm|[upkeep]
|-damage|p1a: Kyurem|47/100|[from] Sandstorm
|upkeep
|
|t:|1716439577
|switch|p2a: Starmie|Starmie, shiny|100/100
|-damage|p2a: Starmie|88/100|[from] Stealth Rock
|turn|9
|
|t:|1716439581
|move|p2a: Starmie|Psyshock|p1a: Kyurem
|-damage|p1a: Kyurem|24/100
|move|p1a: Kyurem|Fusion Bolt|p2a: Starmie
|-supereffective|p2a: Starmie
|-damage|p2a: Starmie|0 fnt
|faint|p2a: Starmie
|
|-weather|Sandstorm|[upkeep]
|-damage|p1a: Kyurem|18/100|[from] Sandstorm
|upkeep
|
|t:|1716439585
|switch|p2a: Abomasnow|Abomasnow, F, shiny|100/100
|-damage|p2a: Abomasnow|75/100|[from] Stealth Rock
|-weather|Hail|[from] ability: Snow Warning|[of] p2a: Abomasnow
|turn|10
|
|t:|1716439589
|move|p2a: Abomasnow|Ice Shard|p1a: Kyurem
|-damage|p1a: Kyurem|7/100
|move|p1a: Kyurem|Outrage|p2a: Abomasnow
|-crit|p2a: Abomasnow
|-damage|p2a: Abomasnow|0 fnt
|faint|p2a: Abomasnow
|
|-weather|Hail|[upkeep]
|upkeep
|
|t:|1716439592
|switch|p2a: Kyurem|Kyurem-Black, shiny|100/100
|-damage|p2a: Kyurem|76/100|[from] Stealth Rock
|-ability|p2a: Kyurem|Teravolt
|turn|11
|
|t:|1716439595
|move|p2a: Kyurem|Outrage|p1a: Kyurem
|-supereffective|p1a: Kyurem
|-damage|p1a: Kyurem|0 fnt
|faint|p1a: Kyurem
|
|-weather|Hail|[upkeep]
|upkeep
|
|t:|1716439606
|switch|p1a: Tyranitar|Tyranitar, F|38/100 brn
|-damage|p1a: Tyranitar|26/100 brn|[from] Stealth Rock
|-weather|Sandstorm|[from] ability: Sand Stream|[of] p1a: Tyranitar
|turn|12
|
|t:|1716439609
|move|p2a: Kyurem|Outrage|p1a: Tyranitar|[from]lockedmove
|-damage|p1a: Tyranitar|0 fnt
|faint|p1a: Tyranitar
|
|-weather|Sandstorm|[upkeep]
|-damage|p2a: Kyurem|70/100|[from] Sandstorm
|upkeep
|
|t:|1716439620
|switch|p1a: Excadrill|Excadrill, F|100/100
|-damage|p1a: Excadrill|97/100|[from] Stealth Rock
|turn|13
|
|t:|1716439625
|move|p2a: Kyurem|Outrage|p1a: Excadrill|[from]lockedmove
|-resisted|p1a: Excadrill
|-damage|p1a: Excadrill|45/100
|-start|p2a: Kyurem|confusion|[fatigue]
|move|p1a: Excadrill|Iron Head|p2a: Kyurem
|-supereffective|p2a: Kyurem
|-damage|p2a: Kyurem|0 fnt
|faint|p2a: Kyurem
|
|-weather|Sandstorm|[upkeep]
|-heal|p1a: Excadrill|51/100|[from] item: Leftovers
|upkeep
|
|t:|1716439628
|switch|p2a: Landorus|Landorus-Therian, M, shiny|84/100
|-damage|p2a: Landorus|72/100|[from] Stealth Rock
|-ability|p2a: Landorus|Intimidate|boost
|-unboost|p1a: Excadrill|atk|1
|turn|14
|
|t:|1716439635
|move|p2a: Landorus|Earthquake|p1a: Excadrill
|-supereffective|p1a: Excadrill
|-damage|p1a: Excadrill|0 fnt
|faint|p1a: Excadrill
|
|-weather|Sandstorm|[upkeep]
|-heal|p2a: Landorus|78/100|[from] item: Leftovers
|upkeep
|
|t:|1716439637
|switch|p1a: Magnezone|Magnezone|100/100
|-damage|p1a: Magnezone|94/100|[from] Stealth Rock
|turn|15
|
|t:|1716439642
|move|p2a: Landorus|Earthquake|p1a: Magnezone
|-supereffective|p1a: Magnezone
|-damage|p1a: Magnezone|0 fnt
|faint|p1a: Magnezone
|
|-weather|Sandstorm|[upkeep]
|-heal|p2a: Landorus|84/100|[from] item: Leftovers
|upkeep
|
|t:|1716439643
|switch|p1a: Garchomp|Garchomp, M|100/100
|-damage|p1a: Garchomp|94/100|[from] Stealth Rock
|turn|16
|
|t:|1716439646
|move|p1a: Garchomp|Outrage|p2a: Landorus
|-damage|p2a: Landorus|13/100
|move|p2a: Landorus|Hidden Power|p1a: Garchomp
|-supereffective|p1a: Garchomp
|-damage|p1a: Garchomp|14/100
|
|-weather|Sandstorm|[upkeep]
|-heal|p2a: Landorus|19/100|[from] item: Leftovers
|upkeep
|turn|17
|
|t:|1716439652
|move|p1a: Garchomp|Outrage|p2a: Landorus|[from]lockedmove
|-damage|p2a: Landorus|0 fnt
|faint|p2a: Landorus
|
|win|Crimsonbacon38
|raw|Crimsonbacon38's rating: 1316 &rarr; <strong>1344</strong><br />(+28 for winning)
|raw|seanb143's rating: 1459 &rarr; <strong>1431</strong><br />(-28 for losing)
|c|☆Crimsonbacon38|gg
|l|☆seanb143
|player|p2|
