|j|☆leoperi99
|j|☆SweetKarma
|t:|1702567251
|gametype|singles
|player|p1|leoperi99|kris-gen2|1467
|player|p2|SweetKarma|veteran|1321
|teamsize|p1|6
|teamsize|p2|6
|gen|5
|tier|[Gen 5] OU
|rated|
|rule|Species Clause: Limit one of each Pokémon
|rule|OHKO Clause: OHKO moves are banned
|rule|Moody Clause: Moody is banned
|rule|Evasion Items Clause: Evasion items are banned
|rule|Evasion Moves Clause: Evasion moves are banned
|rule|Endless Battle Clause: Forcing endless battles is banned
|rule|HP Percentage Mod: HP is shown in percentages
|rule|Evasion Abilities Clause: Evasion abilities are banned
|rule|Sleep Moves Clause: Sleep-inducing moves are banned
|rule|Swagger Clause: Swagger is banned
|rule|Baton Pass Stat Clause: No Baton Passer may have a way to boost its stats
|clearpoke
|poke|p1|Politoed, F|item
|poke|p1|Tentacruel, F|item
|poke|p1|Ferrothorn, M|item
|poke|p1|Latios, M|item
|poke|p1|Gyarados, F|item
|poke|p1|Kyurem-Black|item
|poke|p2|Hippowdon, M|item
|poke|p2|Jirachi|item
|poke|p2|Celebi|item
|poke|p2|Garchomp, M|item
|poke|p2|Terrakion|item
|poke|p2|Rotom-Wash|item
|teampreview
|
|t:|1702567315
|start
|switch|p1a: le frog|Politoed, F, shiny|100/100
|switch|p2a: Scrotom-Wash|Rotom-Wash|100/100
|-weather|RainDance|[from] ability: Drizzle|[of] p1a: le frog
|turn|1
|c|☆leoperi99|glhf
|
|t:|1702567324
|move|p1a: le frog|Protect|p1a: le frog
|-singleturn|p1a: le frog|Protect
|move|p2a: Scrotom-Wash|Volt Switch|p1a: le frog
|-activate|p1a: le frog|move: Protect
|
|-weather|RainDance|[upkeep]
|upkeep
|turn|2
|
|t:|1702567330
|switch|p1a: Ferrothorn|Ferrothorn, M, shiny|100/100
|move|p2a: Scrotom-Wash|Volt Switch|p1a: Ferrothorn
|-resisted|p1a: Ferrothorn
|-damage|p1a: Ferrothorn|90/100
|
|t:|1702567339
|switch|p2a: Forgotten|Terrakion|100/100|[from] Volt Switch
|
|-weather|RainDance|[upkeep]
|upkeep
|turn|3
|
|t:|1702567349
|switch|p1a: Gyarados|Gyarados, F, shiny|100/100
|move|p2a: Forgotten|Stone Edge|p1a: Gyarados
|-supereffective|p1a: Gyarados
|-damage|p1a: Gyarados|0 fnt
|faint|p1a: Gyarados
|
|-weather|RainDance|[upkeep]
|upkeep
|
|t:|1702567353
|switch|p1a: Ferrothorn|Ferrothorn, M, shiny|90/100
|turn|4
|
|t:|1702567365
|move|p2a: Forgotten|Close Combat|p1a: Ferrothorn
|-supereffective|p1a: Ferrothorn
|-damage|p1a: Ferrothorn|4/100
|-unboost|p2a: Forgotten|def|1
|-unboost|p2a: Forgotten|spd|1
|-damage|p2a: Forgotten|88/100|[from] ability: Iron Barbs|[of] p1a: Ferrothorn
|move|p1a: Ferrothorn|Stealth Rock|p2a: Forgotten
|-sidestart|p2: SweetKarma|move: Stealth Rock
|
|-weather|RainDance|[upkeep]
|upkeep
|turn|5
|
|t:|1702567379
|switch|p1a: Latios|Latios, M|100/100
|move|p2a: Forgotten|Close Combat|p1a: Latios
|-resisted|p1a: Latios
|-crit|p1a: Latios
|-damage|p1a: Latios|21/100
|-unboost|p2a: Forgotten|def|1
|-unboost|p2a: Forgotten|spd|1
|
|-weather|RainDance|[upkeep]
|upkeep
|turn|6
|-message|leoperi99 forfeited.
|
|win|SweetKarma
|raw|leoperi99's rating: 1467 &rarr; <strong>1439</strong><br />(-28 for losing)
|raw|SweetKarma's rating: 1321 &rarr; <strong>1349</strong><br />(+28 for winning)
