|j|‽E0 Palourde
|j|☆cglob
|t:|1735775931
|gametype|singles
|player|p1|E0 Palourde|ingo|1337
|player|p2|cglob|265|1335
|teamsize|p1|6
|teamsize|p2|6
|gen|5
|tier|[Gen 5] OU
|rated|
|rule|Species Clause: Limit one of each Pokémon
|rule|OHKO Clause: OHKO moves are banned
|rule|Moody Clause: Moody is banned
|rule|Evasion Items Clause: Evasion items are banned
|rule|Evasion Moves Clause: Evasion moves are banned
|rule|Endless Battle Clause: Forcing endless battles is banned
|rule|HP Percentage Mod: HP is shown in percentages
|rule|Evasion Abilities Clause: Evasion abilities are banned
|rule|Sleep Moves Clause: Sleep-inducing moves are banned
|rule|Swagger Clause: Swagger is banned
|rule|Baton Pass Stat Clause: No Baton Passer may have a way to boost its stats
|clearpoke
|poke|p1|Ferrothorn, M|item
|poke|p1|Politoed, F|item
|poke|p1|Tentacruel, M|item
|poke|p1|Latios, M|item
|poke|p1|Dragonite, M|item
|poke|p1|Keldeo|item
|poke|p2|Forretress, F|item
|poke|p2|Garchomp, M|item
|poke|p2|Reuniclus, F|item
|poke|p2|Sigilyph, F|item
|poke|p2|Porygon2|item
|poke|p2|Lanturn, M|item
|teampreview
|l|☆cglob
|player|p2|
|inactive|Battle timer is ON: inactive players will automatically lose when time's up. (requested by E0 Palourde)
|j|☆cglob
|inactive|cglob reconnected and has 130 seconds left.
|player|p2|cglob|265|
|
|t:|1735775990
|start
|switch|p1a: Politoed|Politoed, F|100/100
|switch|p2a: the beef :(|Lanturn, M|100/100
|-weather|RainDance|[from] ability: Drizzle|[of] p1a: Politoed
|turn|1
|
|t:|1735775997
|move|p1a: Politoed|Protect|p1a: Politoed
|-singleturn|p1a: Politoed|Protect
|move|p2a: the beef :(|Volt Switch|p1a: Politoed
|-activate|p1a: Politoed|move: Protect
|
|-weather|RainDance|[upkeep]
|upkeep
|turn|2
|
|t:|1735776001
|switch|p1a: Ferrothorn|Ferrothorn, M|100/100
|move|p2a: the beef :(|Volt Switch|p1a: Ferrothorn
|-resisted|p1a: Ferrothorn
|-damage|p1a: Ferrothorn|81/100
|
|t:|1735776006
|switch|p2a: S…|Reuniclus, F|100/100|[from] Volt Switch
|
|-weather|RainDance|[upkeep]
|-heal|p1a: Ferrothorn|87/100|[from] item: Leftovers
|upkeep
|turn|3
|
|t:|1735776011
|switch|p1a: Latios|Latios, M|100/100
|move|p2a: S…|Focus Blast|p1a: Latios|[miss]
|-miss|p2a: S…|p1a: Latios
|
|-weather|RainDance|[upkeep]
|upkeep
|turn|4
|
|t:|1735776026
|switch|p2a: Vigil #24|Sigilyph, F|100/100
|move|p1a: Latios|Draco Meteor|p2a: Vigil #24
|-damage|p2a: Vigil #24|19/100
|-unboost|p1a: Latios|spa|2
|
|-weather|RainDance|[upkeep]
|upkeep
|turn|5
|
|t:|1735776034
|switch|p2a: Ricket Flick|Forretress, F|100/100
|move|p1a: Latios|Draco Meteor|p2a: Ricket Flick
|-resisted|p2a: Ricket Flick
|-damage|p2a: Ricket Flick|80/100
|-unboost|p1a: Latios|spa|2
|
|-weather|RainDance|[upkeep]
|upkeep
|turn|6
|
|t:|1735776046
|switch|p1a: Dragonite|Dragonite, M|100/100
|move|p2a: Ricket Flick|Volt Switch|p1a: Dragonite
|-crit|p1a: Dragonite
|-damage|p1a: Dragonite|90/100
|
|t:|1735776052
|switch|p2a: the beef :(|Lanturn, M|100/100|[from] Volt Switch
|
|-weather|RainDance|[upkeep]
|upkeep
|turn|7
|
|t:|1735776058
|switch|p1a: Ferrothorn|Ferrothorn, M|87/100
|move|p2a: the beef :(|Volt Switch|p1a: Ferrothorn
|-resisted|p1a: Ferrothorn
|-damage|p1a: Ferrothorn|68/100
|
|t:|1735776061
|switch|p2a: S…|Reuniclus, F|100/100|[from] Volt Switch
|
|-weather|RainDance|[upkeep]
|-heal|p1a: Ferrothorn|74/100|[from] item: Leftovers
|upkeep
|turn|8
|
|t:|1735776065
|switch|p1a: Latios|Latios, M|100/100
|move|p2a: S…|Focus Blast|p1a: Latios|[miss]
|-miss|p2a: S…|p1a: Latios
|
|-weather|RainDance|[upkeep]
|upkeep
|turn|9
|
|t:|1735776070
|switch|p2a: Vigil #24|Sigilyph, F|19/100
|move|p1a: Latios|Surf|p2a: Vigil #24
|-damage|p2a: Vigil #24|0 fnt
|faint|p2a: Vigil #24
|
|-weather|RainDance|[upkeep]
|upkeep
|
|t:|1735776075
|switch|p2a: the beef :(|Lanturn, M|100/100
|turn|10
|
|t:|1735776080
|switch|p1a: Ferrothorn|Ferrothorn, M|74/100
|move|p2a: the beef :(|Volt Switch|p1a: Ferrothorn
|-resisted|p1a: Ferrothorn
|-damage|p1a: Ferrothorn|57/100
|
|t:|1735776084
|switch|p2a: S…|Reuniclus, F|100/100|[from] Volt Switch
|
|-weather|RainDance|[upkeep]
|-heal|p1a: Ferrothorn|63/100|[from] item: Leftovers
|upkeep
|turn|11
|
|t:|1735776088
|switch|p1a: Latios|Latios, M|100/100
|move|p2a: S…|Focus Blast|p1a: Latios
|-resisted|p1a: Latios
|-damage|p1a: Latios|71/100
|
|-weather|RainDance|[upkeep]
|upkeep
|turn|12
|
|t:|1735776094
|switch|p2a: Ricket Flick|Forretress, F|80/100
|move|p1a: Latios|Draco Meteor|p2a: Ricket Flick
|-resisted|p2a: Ricket Flick
|-damage|p2a: Ricket Flick|41/100
|-unboost|p1a: Latios|spa|2
|
|-weather|RainDance|[upkeep]
|upkeep
|turn|13
|
|t:|1735776101
|switch|p1a: Ferrothorn|Ferrothorn, M|63/100
|move|p2a: Ricket Flick|Stealth Rock|p1a: Ferrothorn
|-sidestart|p1: E0 Palourde|move: Stealth Rock
|
|-weather|RainDance|[upkeep]
|-heal|p1a: Ferrothorn|69/100|[from] item: Leftovers
|upkeep
|turn|14
|
|t:|1735776105
|move|p2a: Ricket Flick|Volt Switch|p1a: Ferrothorn
|-resisted|p1a: Ferrothorn
|-damage|p1a: Ferrothorn|64/100
|
|t:|1735776107
|switch|p2a: S…|Reuniclus, F|100/100|[from] Volt Switch
|move|p1a: Ferrothorn|Stealth Rock|p2a: S…
|-sidestart|p2: cglob|move: Stealth Rock
|
|-weather|RainDance|[upkeep]
|-heal|p1a: Ferrothorn|70/100|[from] item: Leftovers
|upkeep
|turn|15
|
|t:|1735776115
|switch|p1a: Tentacruel|Tentacruel, M|100/100
|-damage|p1a: Tentacruel|88/100|[from] Stealth Rock
|move|p2a: S…|Trick Room|p2a: S…
|-fieldstart|move: Trick Room|[of] p2a: S…
|
|-weather|RainDance|[upkeep]
|-heal|p1a: Tentacruel|94/100|[from] ability: Rain Dish
|-heal|p1a: Tentacruel|99/100|[from] item: Black Sludge
|upkeep
|turn|16
|
|t:|1735776123
|move|p1a: Tentacruel|Protect|p1a: Tentacruel
|-singleturn|p1a: Tentacruel|Protect
|move|p2a: S…|Psyshock|p1a: Tentacruel
|-activate|p1a: Tentacruel|move: Protect
|
|-weather|RainDance|[upkeep]
|-heal|p1a: Tentacruel|100/100|[from] ability: Rain Dish
|upkeep
|turn|17
|
|t:|1735776129
|switch|p1a: Ferrothorn|Ferrothorn, M|70/100
|-damage|p1a: Ferrothorn|64/100|[from] Stealth Rock
|move|p2a: S…|Psyshock|p1a: Ferrothorn
|-resisted|p1a: Ferrothorn
|-damage|p1a: Ferrothorn|43/100
|
|-weather|RainDance|[upkeep]
|-heal|p1a: Ferrothorn|50/100|[from] item: Leftovers
|upkeep
|turn|18
|
|t:|1735776140
|move|p1a: Ferrothorn|Power Whip|p2a: S…
|-damage|p2a: S…|45/100
|move|p2a: S…|Focus Blast|p1a: Ferrothorn|[miss]
|-miss|p2a: S…|p1a: Ferrothorn
|
|-weather|RainDance|[upkeep]
|-heal|p1a: Ferrothorn|56/100|[from] item: Leftovers
|upkeep
|turn|19
|
|t:|1735776146
|move|p1a: Ferrothorn|Power Whip|p2a: S…
|-damage|p2a: S…|0 fnt
|faint|p2a: S…
|
|-weather|RainDance|[upkeep]
|-heal|p1a: Ferrothorn|62/100|[from] item: Leftovers
|-fieldend|move: Trick Room
|upkeep
|
|t:|1735776154
|switch|p2a: the beef :(|Lanturn, M|100/100
|-damage|p2a: the beef :(|88/100|[from] Stealth Rock
|turn|20
|
|t:|1735776159
|move|p2a: the beef :(|Surf|p1a: Ferrothorn
|-resisted|p1a: Ferrothorn
|-damage|p1a: Ferrothorn|25/100
|move|p1a: Ferrothorn|Power Whip|p2a: the beef :(
|-supereffective|p2a: the beef :(
|-damage|p2a: the beef :(|0 fnt
|faint|p2a: the beef :(
|
|-weather|RainDance|[upkeep]
|-heal|p1a: Ferrothorn|32/100|[from] item: Leftovers
|upkeep
|
|t:|1735776163
|switch|p2a: Char Boggin|Garchomp, M|100/100
|-damage|p2a: Char Boggin|94/100|[from] Stealth Rock
|turn|21
|
|t:|1735776166
|move|p2a: Char Boggin|Fire Blast|p1a: Ferrothorn
|-supereffective|p1a: Ferrothorn
|-damage|p1a: Ferrothorn|0 fnt
|faint|p1a: Ferrothorn
|
|-weather|RainDance|[upkeep]
|upkeep
|
|t:|1735776175
|switch|p1a: Tentacruel|Tentacruel, M|100/100
|-damage|p1a: Tentacruel|88/100|[from] Stealth Rock
|turn|22
|
|t:|1735776181
|switch|p2a: Ricket Flick|Forretress, F|41/100
|-damage|p2a: Ricket Flick|29/100|[from] Stealth Rock
|move|p1a: Tentacruel|Rapid Spin|p2a: Ricket Flick
|-resisted|p2a: Ricket Flick
|-damage|p2a: Ricket Flick|28/100
|-damage|p1a: Tentacruel|72/100|[from] item: Rocky Helmet|[of] p2a: Ricket Flick
|-sideend|p1: E0 Palourde|Stealth Rock|[from] move: Rapid Spin|[of] p1a: Tentacruel
|
|-weather|RainDance|[upkeep]
|-heal|p1a: Tentacruel|78/100|[from] ability: Rain Dish
|-heal|p1a: Tentacruel|84/100|[from] item: Black Sludge
|upkeep
|turn|23
|
|t:|1735776186
|move|p1a: Tentacruel|Toxic Spikes|p2a: Ricket Flick
|-sidestart|p2: cglob|move: Toxic Spikes
|move|p2a: Ricket Flick|Rapid Spin|p1a: Tentacruel
|-damage|p1a: Tentacruel|79/100
|-sideend|p2: cglob|Toxic Spikes|[from] move: Rapid Spin|[of] p2a: Ricket Flick
|-sideend|p2: cglob|Stealth Rock|[from] move: Rapid Spin|[of] p2a: Ricket Flick
|
|-weather|RainDance|[upkeep]
|-heal|p1a: Tentacruel|85/100|[from] ability: Rain Dish
|-heal|p1a: Tentacruel|91/100|[from] item: Black Sludge
|upkeep
|turn|24
|
|t:|1735776190
|move|p1a: Tentacruel|Toxic Spikes|p2a: Ricket Flick
|-sidestart|p2: cglob|move: Toxic Spikes
|move|p2a: Ricket Flick|Volt Switch|p1a: Tentacruel
|-supereffective|p1a: Tentacruel
|-damage|p1a: Tentacruel|73/100
|
|t:|1735776198
|switch|p2a: expectations(555)|Porygon2|100/100|[from] Volt Switch
|-status|p2a: expectations(555)|psn
|
|-weather|RainDance|[upkeep]
|-heal|p1a: Tentacruel|79/100|[from] ability: Rain Dish
|-heal|p1a: Tentacruel|85/100|[from] item: Black Sludge
|-damage|p2a: expectations(555)|88/100 psn|[from] psn
|upkeep
|turn|25
|
|t:|1735776204
|switch|p2a: Ricket Flick|Forretress, F|28/100
|move|p1a: Tentacruel|Protect||[still]
|-fail|p1a: Tentacruel
|
|-weather|RainDance|[upkeep]
|-heal|p1a: Tentacruel|91/100|[from] ability: Rain Dish
|-heal|p1a: Tentacruel|97/100|[from] item: Black Sludge
|upkeep
|turn|26
|
|t:|1735776207
|move|p1a: Tentacruel|Protect|p1a: Tentacruel
|-singleturn|p1a: Tentacruel|Protect
|move|p2a: Ricket Flick|Rapid Spin|p1a: Tentacruel
|-activate|p1a: Tentacruel|move: Protect
|
|-weather|RainDance|[upkeep]
|-heal|p1a: Tentacruel|100/100|[from] ability: Rain Dish
|upkeep
|turn|27
|
|t:|1735776213
|move|p1a: Tentacruel|Scald|p2a: Ricket Flick
|-damage|p2a: Ricket Flick|0 fnt
|faint|p2a: Ricket Flick
|
|-weather|RainDance|[upkeep]
|upkeep
|
|t:|1735776217
|switch|p2a: Char Boggin|Garchomp, M|94/100
|-status|p2a: Char Boggin|psn
|turn|28
|
|t:|1735776221
|move|p2a: Char Boggin|Dragon Claw|p1a: Tentacruel
|-damage|p1a: Tentacruel|54/100
|move|p1a: Tentacruel|Scald|p2a: Char Boggin
|-damage|p2a: Char Boggin|50/100 psn
|
|-weather|RainDance|[upkeep]
|-heal|p1a: Tentacruel|60/100|[from] ability: Rain Dish
|-heal|p1a: Tentacruel|66/100|[from] item: Black Sludge
|-damage|p2a: Char Boggin|38/100 psn|[from] psn
|upkeep
|turn|29
|-message|cglob forfeited.
|
|win|E0 Palourde
|raw|E0 Palourde's rating: 1337 &rarr; <strong>1357</strong><br />(+20 for winning)
|raw|cglob's rating: 1335 &rarr; <strong>1315</strong><br />(-20 for losing)
|l|☆cglob
|player|p2|
