|j|☆maple_syrup689hoe
|j|☆cdrgcde
|t:|1744604119
|gametype|singles
|player|p1|maple_syrup689hoe|rosa|1358
|player|p2|cdrgcde|hilbert|1372
|teamsize|p1|6
|teamsize|p2|6
|gen|5
|tier|[Gen 5] OU
|rated|
|rule|Species Clause: Limit one of each Pokémon
|rule|OHKO Clause: OHKO moves are banned
|rule|Moody Clause: Moody is banned
|rule|Evasion Items Clause: Evasion items are banned
|rule|Evasion Moves Clause: Evasion moves are banned
|rule|Endless Battle Clause: Forcing endless battles is banned
|rule|HP Percentage Mod: HP is shown in percentages
|rule|Evasion Abilities Clause: Evasion abilities are banned
|rule|Sleep Moves Clause: Sleep-inducing moves are banned
|rule|Swagger Clause: Swagger is banned
|rule|Baton Pass Stat Clause: No Baton Passer may have a way to boost its stats
|clearpoke
|poke|p1|Abomasnow, F|item
|poke|p1|Walrein, M|item
|poke|p1|Ferrothorn, M|item
|poke|p1|Tentacruel, M|item
|poke|p1|Garchomp, M|item
|poke|p1|Reuniclus, M|item
|poke|p2|Politoed, F|item
|poke|p2|Keldeo-Resolute|item
|poke|p2|Jirachi|item
|poke|p2|Tentacruel, M|item
|poke|p2|Ferrothorn, M|item
|poke|p2|Thundurus-Therian, M|item
|teampreview
|inactive|Battle timer is ON: inactive players will automatically lose when time's up. (requested by cdrgcde)
|
|t:|1744604149
|start
|switch|p1a: Garchomp|Garchomp, M|100/100
|switch|p2a: Politoed|Politoed, F|100/100
|-weather|RainDance|[from] ability: Drizzle|[of] p2a: Politoed
|turn|1
|
|t:|1744604156
|move|p1a: Garchomp|Stealth Rock|p2a: Politoed
|-sidestart|p2: cdrgcde|move: Stealth Rock
|move|p2a: Politoed|Ice Beam|p1a: Garchomp
|-supereffective|p1a: Garchomp
|-damage|p1a: Garchomp|27/100
|
|-weather|RainDance|[upkeep]
|upkeep
|turn|2
|
|t:|1744604161
|switch|p1a: Abomasnow|Abomasnow, F|100/100
|-weather|Hail|[from] ability: Snow Warning|[of] p1a: Abomasnow
|move|p2a: Politoed|Ice Beam|p1a: Abomasnow
|-damage|p1a: Abomasnow|81/100
|
|-weather|Hail|[upkeep]
|-damage|p2a: Politoed|94/100|[from] Hail
|-heal|p2a: Politoed|100/100|[from] item: Leftovers
|-heal|p1a: Abomasnow|87/100|[from] item: Leftovers
|upkeep
|turn|3
|
|t:|1744604169
|switch|p2a: Jirachi|Jirachi|100/100
|-damage|p2a: Jirachi|94/100|[from] Stealth Rock
|move|p1a: Abomasnow|Blizzard|p2a: Jirachi
|-resisted|p2a: Jirachi
|-damage|p2a: Jirachi|73/100
|
|-weather|Hail|[upkeep]
|-damage|p2a: Jirachi|67/100|[from] Hail
|-heal|p1a: Abomasnow|94/100|[from] item: Leftovers
|upkeep
|turn|4
|
|t:|1744604172
|switch|p1a: Garchomp|Garchomp, M|27/100
|move|p2a: Jirachi|U-turn|p1a: Garchomp
|-damage|p1a: Garchomp|9/100
|-damage|p2a: Jirachi|55/100|[from] ability: Rough Skin|[of] p1a: Garchomp
|-damage|p2a: Jirachi|38/100|[from] item: Rocky Helmet|[of] p1a: Garchomp
|
|t:|1744604177
|switch|p2a: Keldeo|Keldeo-Resolute|100/100|[from] U-turn
|-damage|p2a: Keldeo|94/100|[from] Stealth Rock
|
|-weather|Hail|[upkeep]
|-damage|p2a: Keldeo|88/100|[from] Hail
|-damage|p1a: Garchomp|2/100|[from] Hail
|-heal|p2a: Keldeo|94/100|[from] item: Leftovers
|upkeep
|turn|5
|
|t:|1744604183
|switch|p1a: Tentacruel|Tentacruel, M|100/100
|move|p2a: Keldeo|Secret Sword|p1a: Tentacruel
|-resisted|p1a: Tentacruel
|-damage|p1a: Tentacruel|72/100
|
|-weather|Hail|[upkeep]
|-damage|p2a: Keldeo|88/100|[from] Hail
|-damage|p1a: Tentacruel|66/100|[from] Hail
|-heal|p2a: Keldeo|94/100|[from] item: Leftovers
|-heal|p1a: Tentacruel|72/100|[from] item: Black Sludge
|upkeep
|turn|6
|
|t:|1744604187
|switch|p2a: Tentacruel|Tentacruel, M|100/100
|-damage|p2a: Tentacruel|88/100|[from] Stealth Rock
|move|p1a: Tentacruel|Scald|p2a: Tentacruel
|-resisted|p2a: Tentacruel
|-damage|p2a: Tentacruel|79/100
|-status|p2a: Tentacruel|brn
|
|-weather|Hail|[upkeep]
|-damage|p2a: Tentacruel|73/100 brn|[from] Hail
|-damage|p1a: Tentacruel|66/100|[from] Hail
|-heal|p2a: Tentacruel|79/100 brn|[from] item: Black Sludge
|-heal|p1a: Tentacruel|72/100|[from] item: Black Sludge
|-damage|p2a: Tentacruel|66/100 brn|[from] brn
|upkeep
|turn|7
|
|t:|1744604191
|switch|p1a: Ferrothorn|Ferrothorn, M|100/100
|move|p2a: Tentacruel|Rapid Spin|p1a: Ferrothorn
|-resisted|p1a: Ferrothorn
|-damage|p1a: Ferrothorn|99/100
|-damage|p2a: Tentacruel|54/100 brn|[from] ability: Iron Barbs|[of] p1a: Ferrothorn
|-sideend|p2: cdrgcde|Stealth Rock|[from] move: Rapid Spin|[of] p2a: Tentacruel
|
|-weather|Hail|[upkeep]
|-damage|p2a: Tentacruel|48/100 brn|[from] Hail
|-damage|p1a: Ferrothorn|94/100|[from] Hail
|-heal|p2a: Tentacruel|54/100 brn|[from] item: Black Sludge
|-heal|p1a: Ferrothorn|99/100|[from] item: Leftovers
|-damage|p2a: Tentacruel|42/100 brn|[from] brn
|upkeep
|turn|8
|
|t:|1744604219
|switch|p2a: Ferrothorn|Ferrothorn, M|100/100
|move|p1a: Ferrothorn|Spikes|p2a: Ferrothorn
|-sidestart|p2: cdrgcde|Spikes
|
|-weather|Hail|[upkeep]
|-damage|p1a: Ferrothorn|94/100|[from] Hail
|-damage|p2a: Ferrothorn|94/100|[from] Hail
|-heal|p1a: Ferrothorn|99/100|[from] item: Leftovers
|upkeep
|turn|9
|
|t:|1744604226
|move|p1a: Ferrothorn|Spikes|p2a: Ferrothorn
|-sidestart|p2: cdrgcde|Spikes
|move|p2a: Ferrothorn|Stealth Rock|p1a: Ferrothorn
|-sidestart|p1: maple_syrup689hoe|move: Stealth Rock
|
|-weather|Hail|[upkeep]
|-damage|p1a: Ferrothorn|94/100|[from] Hail
|-damage|p2a: Ferrothorn|88/100|[from] Hail
|-heal|p1a: Ferrothorn|99/100|[from] item: Leftovers
|upkeep
|turn|10
|
|t:|1744604229
|move|p1a: Ferrothorn|Spikes|p2a: Ferrothorn
|-sidestart|p2: cdrgcde|Spikes
|move|p2a: Ferrothorn|Spikes|p1a: Ferrothorn
|-sidestart|p1: maple_syrup689hoe|Spikes
|
|-weather|Hail|[upkeep]
|-damage|p1a: Ferrothorn|94/100|[from] Hail
|-damage|p2a: Ferrothorn|82/100|[from] Hail
|-heal|p1a: Ferrothorn|99/100|[from] item: Leftovers
|upkeep
|turn|11
|
|t:|1744604236
|switch|p1a: Tentacruel|Tentacruel, M|72/100
|-damage|p1a: Tentacruel|60/100|[from] Stealth Rock
|-damage|p1a: Tentacruel|47/100|[from] Spikes
|move|p2a: Ferrothorn|Power Whip|p1a: Tentacruel
|-damage|p1a: Tentacruel|0 fnt
|faint|p1a: Tentacruel
|
|-weather|Hail|[upkeep]
|-damage|p2a: Ferrothorn|75/100|[from] Hail
|upkeep
|
|t:|1744604242
|switch|p1a: Abomasnow|Abomasnow, F|94/100
|-damage|p1a: Abomasnow|69/100|[from] Stealth Rock
|-damage|p1a: Abomasnow|56/100|[from] Spikes
|turn|12
|
|t:|1744604250
|switch|p2a: Keldeo|Keldeo-Resolute|94/100
|-damage|p2a: Keldeo|70/100|[from] Spikes
|move|p1a: Abomasnow|Protect||[still]
|-fail|p1a: Abomasnow
|
|-weather|Hail|[upkeep]
|-damage|p2a: Keldeo|63/100|[from] Hail
|-heal|p2a: Keldeo|70/100|[from] item: Leftovers
|-heal|p1a: Abomasnow|62/100|[from] item: Leftovers
|upkeep
|turn|13
|
|t:|1744604254
|switch|p1a: Garchomp|Garchomp, M|2/100
|-damage|p1a: Garchomp|0 fnt|[from] Stealth Rock
|faint|p1a: Garchomp
|move|p2a: Keldeo|Secret Sword|p1: Garchomp|[notarget]
|-fail|p2a: Keldeo
|
|-weather|Hail|[upkeep]
|-damage|p2a: Keldeo|63/100|[from] Hail
|-heal|p2a: Keldeo|70/100|[from] item: Leftovers
|upkeep
|
|t:|1744604258
|switch|p1a: Reuniclus|Reuniclus, M|100/100
|turn|14
|
|t:|1744604271
|switch|p2a: Ferrothorn|Ferrothorn, M|75/100
|-damage|p2a: Ferrothorn|50/100|[from] Spikes
|move|p1a: Reuniclus|Psychic|p2a: Ferrothorn
|-resisted|p2a: Ferrothorn
|-damage|p2a: Ferrothorn|24/100
|
|-weather|Hail|[upkeep]
|-damage|p2a: Ferrothorn|17/100|[from] Hail
|upkeep
|turn|15
|
|t:|1744604274
|move|p1a: Reuniclus|Hidden Power|p2a: Ferrothorn
|-supereffective|p2a: Ferrothorn
|-damage|p2a: Ferrothorn|0 fnt
|faint|p2a: Ferrothorn
|
|-weather|Hail|[upkeep]
|upkeep
|
|t:|1744604279
|switch|p2a: Politoed|Politoed, F|100/100
|-damage|p2a: Politoed|75/100|[from] Spikes
|-weather|RainDance|[from] ability: Drizzle|[of] p2a: Politoed
|turn|16
|
|t:|1744604285
|switch|p2a: Thundurus|Thundurus-Therian, M|100/100
|switch|p1a: Ferrothorn|Ferrothorn, M|99/100
|-damage|p1a: Ferrothorn|94/100|[from] Stealth Rock
|-damage|p1a: Ferrothorn|81/100|[from] Spikes
|
|-weather|RainDance|[upkeep]
|-heal|p1a: Ferrothorn|87/100|[from] item: Leftovers
|upkeep
|turn|17
|
|t:|1744604289
|move|p2a: Thundurus|Nasty Plot|p2a: Thundurus
|-boost|p2a: Thundurus|spa|2
|move|p1a: Ferrothorn|Leech Seed|p2a: Thundurus
|-start|p2a: Thundurus|move: Leech Seed
|
|-weather|RainDance|[upkeep]
|-heal|p1a: Ferrothorn|94/100|[from] item: Leftovers
|-damage|p2a: Thundurus|88/100|[from] Leech Seed|[of] p1a: Ferrothorn
|-heal|p1a: Ferrothorn|100/100|[silent]
|upkeep
|turn|18
|
|t:|1744604295
|move|p2a: Thundurus|Focus Blast|p1a: Ferrothorn
|-supereffective|p1a: Ferrothorn
|-damage|p1a: Ferrothorn|0 fnt
|faint|p1a: Ferrothorn
|
|-weather|RainDance|[upkeep]
|-heal|p2a: Thundurus|94/100|[from] item: Leftovers
|upkeep
|
|t:|1744604298
|switch|p1a: Abomasnow|Abomasnow, F|62/100
|-damage|p1a: Abomasnow|37/100|[from] Stealth Rock
|-damage|p1a: Abomasnow|25/100|[from] Spikes
|-weather|Hail|[from] ability: Snow Warning|[of] p1a: Abomasnow
|turn|19
|
|t:|1744604302
|move|p1a: Abomasnow|Protect|p1a: Abomasnow
|-singleturn|p1a: Abomasnow|Protect
|move|p2a: Thundurus|Hidden Power|p1a: Abomasnow
|-activate|p1a: Abomasnow|move: Protect
|
|-weather|Hail|[upkeep]
|-damage|p2a: Thundurus|88/100|[from] Hail
|-heal|p2a: Thundurus|94/100|[from] item: Leftovers
|-heal|p1a: Abomasnow|31/100|[from] item: Leftovers
|-damage|p2a: Thundurus|82/100|[from] Leech Seed|[of] p1a: Abomasnow
|-heal|p1a: Abomasnow|41/100|[silent]
|upkeep
|turn|20
|
|t:|1744604305
|switch|p1a: Reuniclus|Reuniclus, M|100/100
|move|p2a: Thundurus|Focus Blast|p1a: Reuniclus
|-resisted|p1a: Reuniclus
|-damage|p1a: Reuniclus|67/100
|
|-weather|Hail|[upkeep]
|-damage|p2a: Thundurus|76/100|[from] Hail
|-heal|p2a: Thundurus|82/100|[from] item: Leftovers
|-damage|p2a: Thundurus|69/100|[from] Leech Seed|[of] p1a: Reuniclus
|-heal|p1a: Reuniclus|76/100|[silent]
|upkeep
|turn|21
|
|t:|1744604311
|move|p2a: Thundurus|Thunder|p1a: Reuniclus
|-damage|p1a: Reuniclus|0 fnt
|faint|p1a: Reuniclus
|
|-weather|Hail|[upkeep]
|-damage|p2a: Thundurus|63/100|[from] Hail
|-heal|p2a: Thundurus|69/100|[from] item: Leftovers
|upkeep
|-message|maple_syrup689hoe forfeited.
|
|win|cdrgcde
|raw|maple_syrup689hoe's rating: 1358 &rarr; <strong>1339</strong><br />(-19 for losing)
|raw|cdrgcde's rating: 1372 &rarr; <strong>1391</strong><br />(+19 for winning)
|l|☆maple_syrup689hoe
|player|p1|
