|j|☆seanb143
|j|☆Cubavision
|t:|1745035189
|gametype|singles
|player|p1|seanb143|emmet|1409
|player|p2|Cubavision|musician|1372
|teamsize|p1|6
|teamsize|p2|6
|gen|5
|tier|[Gen 5] OU
|rated|
|rule|Species Clause: Limit one of each Pokémon
|rule|OHKO Clause: OHKO moves are banned
|rule|Moody Clause: Moody is banned
|rule|Evasion Items Clause: Evasion items are banned
|rule|Evasion Moves Clause: Evasion moves are banned
|rule|Endless Battle Clause: Forcing endless battles is banned
|rule|HP Percentage Mod: HP is shown in percentages
|rule|Evasion Abilities Clause: Evasion abilities are banned
|rule|Sleep Moves Clause: Sleep-inducing moves are banned
|rule|Swagger Clause: Swagger is banned
|rule|Baton Pass Stat Clause: No Baton Passer may have a way to boost its stats
|clearpoke
|poke|p1|Jellicent, F|item
|poke|p1|Scizor, M|item
|poke|p1|Starmie|item
|poke|p1|Heatran, F|item
|poke|p1|Ninetales, M|item
|poke|p1|Landorus-Therian, M|item
|poke|p2|Tyranitar, F|item
|poke|p2|Amoonguss, M|item
|poke|p2|Excadrill, M|item
|poke|p2|Keldeo|item
|poke|p2|Gliscor, F|item
|poke|p2|Mamoswine, M|item
|teampreview
|inactive|Battle timer is ON: inactive players will automatically lose when time's up. (requested by seanb143)
|
|t:|1745035202
|start
|switch|p1a: Starmie|Starmie, shiny|100/100
|switch|p2a: Mamoswine|Mamoswine, M|100/100
|-item|p1a: Starmie|Air Balloon
|turn|1
|
|t:|1745035215
|switch|p2a: Amoonguss|Amoonguss, M|100/100
|move|p1a: Starmie|Hydro Pump|p2a: Amoonguss
|-resisted|p2a: Amoonguss
|-damage|p2a: Amoonguss|66/100
|
|-heal|p2a: Amoonguss|72/100|[from] item: Black Sludge
|upkeep
|turn|2
|
|t:|1745035221
|switch|p2a: Tyranitar|Tyranitar, F|100/100
|-weather|Sandstorm|[from] ability: Sand Stream|[of] p2a: Tyranitar
|move|p1a: Starmie|Psyshock|p2a: Tyranitar
|-immune|p2a: Tyranitar
|
|-weather|Sandstorm|[upkeep]
|-damage|p1a: Starmie|94/100|[from] Sandstorm
|upkeep
|turn|3
|
|t:|1745035233
|move|p1a: Starmie|Hydro Pump|p2a: Tyranitar|[miss]
|-miss|p1a: Starmie|p2a: Tyranitar
|move|p2a: Tyranitar|Crunch|p1a: Starmie
|-supereffective|p1a: Starmie
|-damage|p1a: Starmie|0 fnt
|-enditem|p1a: Starmie|Air Balloon
|faint|p1a: Starmie
|
|-weather|Sandstorm|[upkeep]
|upkeep
|
|t:|1745035237
|switch|p1a: Landorus|Landorus-Therian, M, shiny|100/100
|-ability|p1a: Landorus|Intimidate|boost
|-unboost|p2a: Tyranitar|atk|1
|turn|4
|
|t:|1745035242
|switch|p2a: Mamoswine|Mamoswine, M|100/100
|move|p1a: Landorus|U-turn|p2a: Mamoswine
|-damage|p2a: Mamoswine|52/100
|
|t:|1745035248
|switch|p1a: Scizor|Scizor, M, shiny|100/100|[from] U-turn
|
|-weather|Sandstorm|[upkeep]
|upkeep
|turn|5
|
|t:|1745035254
|switch|p2a: Gliscor|Gliscor, F|100/100
|move|p1a: Scizor|U-turn|p2a: Gliscor
|-resisted|p2a: Gliscor
|-damage|p2a: Gliscor|90/100
|
|t:|1745035256
|switch|p1a: Ninetales|Ninetales, M, shiny|100/100|[from] U-turn
|-weather|SunnyDay|[from] ability: Drought|[of] p1a: Ninetales
|
|-weather|SunnyDay|[upkeep]
|-status|p2a: Gliscor|tox|[from] item: Toxic Orb
|upkeep
|turn|6
|
|t:|1745035271
|move|p1a: Ninetales|Inferno|p2a: Gliscor|[miss]
|-miss|p1a: Ninetales|p2a: Gliscor
|move|p2a: Gliscor|Stealth Rock|p1a: Ninetales
|-sidestart|p1: seanb143|move: Stealth Rock
|
|-weather|SunnyDay|[upkeep]
|-heal|p2a: Gliscor|100/100 tox|[from] ability: Poison Heal
|upkeep
|turn|7
|
|t:|1745035278
|move|p2a: Gliscor|Protect|p2a: Gliscor
|-singleturn|p2a: Gliscor|Protect
|move|p1a: Ninetales|Hidden Power|p2a: Gliscor
|-activate|p2a: Gliscor|move: Protect
|
|-weather|SunnyDay|[upkeep]
|upkeep
|turn|8
|
|t:|1745035298
|move|p1a: Ninetales|Hidden Power|p2a: Gliscor
|-supereffective|p2a: Gliscor
|-damage|p2a: Gliscor|23/100 tox
|move|p2a: Gliscor|Knock Off|p1a: Ninetales
|-damage|p1a: Ninetales|94/100
|-enditem|p1a: Ninetales|Leftovers|[from] move: Knock Off|[of] p2a: Gliscor
|
|-weather|SunnyDay|[upkeep]
|-heal|p2a: Gliscor|36/100 tox|[from] ability: Poison Heal
|upkeep
|turn|9
|
|t:|1745035305
|move|p2a: Gliscor|Protect|p2a: Gliscor
|-singleturn|p2a: Gliscor|Protect
|move|p1a: Ninetales|Hidden Power|p2a: Gliscor
|-activate|p2a: Gliscor|move: Protect
|
|-weather|SunnyDay|[upkeep]
|-heal|p2a: Gliscor|48/100 tox|[from] ability: Poison Heal
|upkeep
|turn|10
|
|t:|1745035316
|switch|p2a: Tyranitar|Tyranitar, F|100/100
|-weather|Sandstorm|[from] ability: Sand Stream|[of] p2a: Tyranitar
|move|p1a: Ninetales|Inferno|p2a: Tyranitar|[miss]
|-miss|p1a: Ninetales|p2a: Tyranitar
|
|-weather|Sandstorm|[upkeep]
|-damage|p1a: Ninetales|88/100|[from] Sandstorm
|upkeep
|turn|11
|
|t:|1745035325
|switch|p1a: Landorus|Landorus-Therian, M, shiny|100/100
|-damage|p1a: Landorus|88/100|[from] Stealth Rock
|-ability|p1a: Landorus|Intimidate|boost
|-unboost|p2a: Tyranitar|atk|1
|move|p2a: Tyranitar|Thunder Wave|p1a: Landorus
|-immune|p1a: Landorus
|
|-weather|Sandstorm|[upkeep]
|upkeep
|turn|12
|
|t:|1745035330
|switch|p2a: Gliscor|Gliscor, F|48/100 tox
|move|p1a: Landorus|Stone Edge|p2a: Gliscor|[miss]
|-miss|p1a: Landorus|p2a: Gliscor
|
|-weather|Sandstorm|[upkeep]
|-heal|p2a: Gliscor|61/100 tox|[from] ability: Poison Heal
|upkeep
|turn|13
|
|t:|1745035338
|move|p2a: Gliscor|Protect|p2a: Gliscor
|-singleturn|p2a: Gliscor|Protect
|move|p1a: Landorus|Stone Edge|p2a: Gliscor
|-activate|p2a: Gliscor|move: Protect
|
|-weather|Sandstorm|[upkeep]
|-heal|p2a: Gliscor|73/100 tox|[from] ability: Poison Heal
|upkeep
|turn|14
|
|t:|1745035347
|switch|p2a: Amoonguss|Amoonguss, M|100/100
|move|p1a: Landorus|Stone Edge|p2a: Amoonguss
|-damage|p2a: Amoonguss|59/100
|
|-weather|Sandstorm|[upkeep]
|-damage|p2a: Amoonguss|53/100|[from] Sandstorm
|-heal|p2a: Amoonguss|59/100|[from] item: Black Sludge
|upkeep
|turn|15
|
|t:|1745035359
|switch|p1a: Heatran|Heatran, F, shiny|100/100
|-damage|p1a: Heatran|88/100|[from] Stealth Rock
|move|p2a: Amoonguss|Stun Spore|p1a: Heatran|[miss]
|-miss|p2a: Amoonguss|p1a: Heatran
|
|-weather|Sandstorm|[upkeep]
|-damage|p2a: Amoonguss|53/100|[from] Sandstorm
|-heal|p1a: Heatran|94/100|[from] item: Leftovers
|-heal|p2a: Amoonguss|59/100|[from] item: Black Sludge
|upkeep
|turn|16
|
|t:|1745035369
|switch|p2a: Keldeo|Keldeo|100/100
|move|p1a: Heatran|Stealth Rock|p2a: Keldeo
|-sidestart|p2: Cubavision|move: Stealth Rock
|
|-weather|Sandstorm|[upkeep]
|-damage|p2a: Keldeo|94/100|[from] Sandstorm
|-heal|p2a: Keldeo|100/100|[from] item: Leftovers
|-heal|p1a: Heatran|100/100|[from] item: Leftovers
|upkeep
|turn|17
|
|t:|1745035377
|switch|p1a: Jellicent|Jellicent, F, shiny|100/100
|-damage|p1a: Jellicent|88/100|[from] Stealth Rock
|move|p2a: Keldeo|Scald|p1a: Jellicent
|-heal|p1a: Jellicent|100/100|[from] ability: Water Absorb|[of] p2a: Keldeo
|
|-weather|Sandstorm|[upkeep]
|-damage|p2a: Keldeo|94/100|[from] Sandstorm
|-damage|p1a: Jellicent|94/100|[from] Sandstorm
|-heal|p2a: Keldeo|100/100|[from] item: Leftovers
|-heal|p1a: Jellicent|100/100|[from] item: Leftovers
|upkeep
|turn|18
|
|t:|1745035386
|switch|p2a: Amoonguss|Amoonguss, M|93/100
|-damage|p2a: Amoonguss|80/100|[from] Stealth Rock
|switch|p1a: Ninetales|Ninetales, M, shiny|88/100
|-damage|p1a: Ninetales|63/100|[from] Stealth Rock
|-weather|SunnyDay|[from] ability: Drought|[of] p1a: Ninetales
|
|-weather|SunnyDay|[upkeep]
|-heal|p2a: Amoonguss|86/100|[from] item: Black Sludge
|upkeep
|turn|19
|
|t:|1745035394
|switch|p2a: Tyranitar|Tyranitar, F|100/100
|-damage|p2a: Tyranitar|88/100|[from] Stealth Rock
|-weather|Sandstorm|[from] ability: Sand Stream|[of] p2a: Tyranitar
|move|p1a: Ninetales|Inferno|p2a: Tyranitar
|-resisted|p2a: Tyranitar
|-damage|p2a: Tyranitar|81/100
|-status|p2a: Tyranitar|brn
|
|-weather|Sandstorm|[upkeep]
|-damage|p1a: Ninetales|57/100|[from] Sandstorm
|-damage|p2a: Tyranitar|68/100 brn|[from] brn
|upkeep
|turn|20
|
|t:|1745035402
|move|p1a: Ninetales|Sunny Day|p1a: Ninetales
|-weather|SunnyDay
|move|p2a: Tyranitar|Pursuit|p1a: Ninetales
|-damage|p1a: Ninetales|43/100
|
|-weather|SunnyDay|[upkeep]
|-damage|p2a: Tyranitar|56/100 brn|[from] brn
|upkeep
|turn|21
|
|t:|1745035406
|move|p1a: Ninetales|Solar Beam||[still]
|-prepare|p1a: Ninetales|Solar Beam
|-anim|p1a: Ninetales|Solar Beam|p2a: Tyranitar
|-supereffective|p2a: Tyranitar
|-damage|p2a: Tyranitar|21/100 brn
|move|p2a: Tyranitar|Thunder Wave|p1a: Ninetales
|-status|p1a: Ninetales|par
|
|-weather|SunnyDay|[upkeep]
|-damage|p2a: Tyranitar|8/100 brn|[from] brn
|upkeep
|turn|22
|
|t:|1745035417
|switch|p2a: Gliscor|Gliscor, F|73/100 tox
|-damage|p2a: Gliscor|61/100 tox|[from] Stealth Rock
|move|p1a: Ninetales|Inferno|p2a: Gliscor|[miss]
|-miss|p1a: Ninetales|p2a: Gliscor
|
|-weather|SunnyDay|[upkeep]
|-heal|p2a: Gliscor|73/100 tox|[from] ability: Poison Heal
|upkeep
|turn|23
|
|t:|1745035425
|move|p2a: Gliscor|Earthquake|p1a: Ninetales
|-supereffective|p1a: Ninetales
|-damage|p1a: Ninetales|0 fnt
|faint|p1a: Ninetales
|
|-weather|SunnyDay|[upkeep]
|-heal|p2a: Gliscor|86/100 tox|[from] ability: Poison Heal
|upkeep
|
|t:|1745035430
|switch|p1a: Landorus|Landorus-Therian, M, shiny|88/100
|-damage|p1a: Landorus|76/100|[from] Stealth Rock
|-ability|p1a: Landorus|Intimidate|boost
|-unboost|p2a: Gliscor|atk|1
|turn|24
|
|t:|1745035437
|move|p2a: Gliscor|Protect|p2a: Gliscor
|-singleturn|p2a: Gliscor|Protect
|move|p1a: Landorus|U-turn|p2a: Gliscor
|-activate|p2a: Gliscor|move: Protect
|
|-weather|none
|-heal|p2a: Gliscor|98/100 tox|[from] ability: Poison Heal
|upkeep
|turn|25
|
|t:|1745035451
|move|p1a: Landorus|U-turn|p2a: Gliscor
|-resisted|p2a: Gliscor
|-damage|p2a: Gliscor|85/100 tox
|
|t:|1745035454
|switch|p1a: Jellicent|Jellicent, F, shiny|100/100|[from] U-turn
|-damage|p1a: Jellicent|88/100|[from] Stealth Rock
|move|p2a: Gliscor|Earthquake|p1a: Jellicent
|-crit|p1a: Jellicent
|-damage|p1a: Jellicent|17/100
|
|-heal|p1a: Jellicent|23/100|[from] item: Leftovers
|-heal|p2a: Gliscor|98/100 tox|[from] ability: Poison Heal
|upkeep
|turn|26
|
|t:|1745035475
|switch|p2a: Tyranitar|Tyranitar, F|8/100 brn
|-damage|p2a: Tyranitar|0 fnt|[from] Stealth Rock
|faint|p2a: Tyranitar
|move|p1a: Jellicent|Recover|p1a: Jellicent
|-heal|p1a: Jellicent|73/100
|
|-heal|p1a: Jellicent|79/100|[from] item: Leftovers
|upkeep
|l|☆seanb143
|inactive|seanb143 disconnected and has a minute to reconnect!
|player|p1|
|
|t:|1745035484
|switch|p2a: Amoonguss|Amoonguss, M|100/100
|-damage|p2a: Amoonguss|88/100|[from] Stealth Rock
|turn|27
|l|☆Cubavision
|inactive|Cubavision disconnected and has a minute to reconnect!
|player|p2|
|inactive|seanb143 has 30 seconds to reconnect!
|inactive|seanb143 has 20 seconds to reconnect!
|inactive|seanb143 has 15 seconds to reconnect!
|j|☆Cubavision
|inactive|Cubavision reconnected.
|player|p2|Cubavision|musician|
|inactive|seanb143 has 10 seconds to reconnect!
|inactive|seanb143 has 5 seconds to reconnect!
|-message|seanb143 lost due to inactivity.
|
|win|Cubavision
|raw|seanb143's rating: 1409 &rarr; <strong>1387</strong><br />(-22 for losing)
|raw|Cubavision's rating: 1372 &rarr; <strong>1394</strong><br />(+22 for winning)
