|j|☆MP58
|j|☆sankafola
|player|p1|MP58|ltsurge|1340
|player|p2|sankafola|juan|1440
|teamsize|p1|6
|teamsize|p2|6
|gametype|singles
|gen|5
|tier|[Gen 5] OU
|rated|
|rule|Species Clause: Limit one of each Pokémon
|rule|OHKO Clause: OHKO moves are banned
|rule|Moody Clause: Moody is banned
|rule|Evasion Moves Clause: Evasion moves are banned
|rule|Endless Battle Clause: Forcing endless battles is banned
|rule|HP Percentage Mod: HP is shown in percentages
|rule|Evasion Abilities Clause: Evasion abilities are banned
|rule|Baton Pass Clause: Limit one Baton Passer, can't pass Spe and other stats simultaneously
|rule|Sleep Clause: Sleep-inducing moves are banned
|rule|Swagger Clause: Swagger is banned
|clearpoke
|poke|p1|Magnezone|item
|poke|p1|Mamoswine, M|item
|poke|p1|Dragonite, M|item
|poke|p1|Latios, M|item
|poke|p1|Scizor, M|item
|poke|p1|Salamence, F|item
|poke|p2|Lucario, M|item
|poke|p2|Forretress, M|item
|poke|p2|Scizor, M|item
|poke|p2|Gengar, F|item
|poke|p2|Latios, M|item
|poke|p2|Keldeo-Resolute|item
|teampreview
|
|start
|switch|p1a: Magnezone|Magnezone|100/100
|switch|p2a: Forretress|Forretress, M|100/100
|turn|1
|
|move|p1a: Magnezone|Hidden Power|p2a: Forretress
|-supereffective|p2a: Forretress
|-ability|p2a: Forretress|Sturdy
|-damage|p2a: Forretress|1/100
|move|p2a: Forretress|Stealth Rock|p1a: Magnezone
|-sidestart|p1: MP58|move: Stealth Rock
|
|upkeep
|turn|2
|-enditem|p2a: Forretress|Custap Berry|[eat]
|-activate|p2a: Forretress|item: Custap Berry|[consumed]
|
|move|p2a: Forretress|Spikes|p1a: Magnezone
|-sidestart|p1: MP58|Spikes
|move|p1a: Magnezone|Hidden Power|p2a: Forretress
|-supereffective|p2a: Forretress
|-damage|p2a: Forretress|0 fnt
|faint|p2a: Forretress
|
|upkeep
|inactive|Battle timer is ON: inactive players will automatically lose when time's up. (requested by MP58)
|
|switch|p2a: Latios|Latios, M|100/100
|turn|3
|
|switch|p1a: Scizor|Scizor, M|100/100
|-damage|p1a: Scizor|88/100|[from] Stealth Rock
|-damage|p1a: Scizor|76/100|[from] Spikes
|move|p2a: Latios|Psyshock|p1a: Scizor
|-resisted|p1a: Scizor
|-damage|p1a: Scizor|46/100
|
|upkeep
|turn|4
|
|switch|p2a: Scizor|Scizor, M|100/100
|move|p1a: Scizor|U-turn|p2a: Scizor
|-resisted|p2a: Scizor
|-damage|p2a: Scizor|67/100
|
|switch|p1a: Magnezone|Magnezone|100/100|[from]move: U-turn
|-damage|p1a: Magnezone|94/100|[from] Stealth Rock
|-damage|p1a: Magnezone|82/100|[from] Spikes
|
|upkeep
|turn|5
|
|move|p2a: Scizor|Bullet Punch|p1a: Magnezone
|-resisted|p1a: Magnezone
|-damage|p1a: Magnezone|73/100
|move|p1a: Magnezone|Hidden Power|p2a: Scizor
|-supereffective|p2a: Scizor
|-damage|p2a: Scizor|0 fnt
|faint|p2a: Scizor
|
|upkeep
|
|switch|p2a: Latios|Latios, M|100/100
|turn|6
|
|switch|p1a: Scizor|Scizor, M|46/100
|-damage|p1a: Scizor|34/100|[from] Stealth Rock
|-damage|p1a: Scizor|22/100|[from] Spikes
|move|p2a: Latios|Psyshock|p1a: Scizor
|-resisted|p1a: Scizor
|-damage|p1a: Scizor|0 fnt
|faint|p1a: Scizor
|
|upkeep
|
|switch|p1a: Mamoswine|Mamoswine, M|100/100
|-damage|p1a: Mamoswine|88/100|[from] Stealth Rock
|-damage|p1a: Mamoswine|76/100|[from] Spikes
|turn|7
|
|move|p1a: Mamoswine|Ice Shard|p2a: Latios
|-supereffective|p2a: Latios
|-damage|p2a: Latios|22/100
|-damage|p1a: Mamoswine|66/100|[from] item: Life Orb
|move|p2a: Latios|Psyshock|p1a: Mamoswine
|-damage|p1a: Mamoswine|0 fnt
|faint|p1a: Mamoswine
|
|upkeep
|
|switch|p1a: Salamence|Salamence, F|100/100
|-damage|p1a: Salamence|76/100|[from] Stealth Rock
|turn|8
|
|move|p1a: Salamence|Dragon Claw|p2a: Latios
|-supereffective|p2a: Latios
|-damage|p2a: Latios|0 fnt
|faint|p2a: Latios
|-ability|p1a: Salamence|Moxie|boost
|-boost|p1a: Salamence|atk|1
|
|upkeep
|
|switch|p2a: Keldeo|Keldeo-Resolute|100/100
|turn|9
|
|move|p2a: Keldeo|Hidden Power|p1a: Salamence
|-supereffective|p1a: Salamence
|-damage|p1a: Salamence|0 fnt
|faint|p1a: Salamence
|
|upkeep
|
|switch|p1a: Magnezone|Magnezone|73/100
|-damage|p1a: Magnezone|67/100|[from] Stealth Rock
|-damage|p1a: Magnezone|55/100|[from] Spikes
|turn|10
|inactive|sankafola has 120 seconds left.
|inactive|sankafola has 90 seconds left.
|inactive|sankafola has 60 seconds left.
|
|switch|p2a: Lucario|Lucario, M|100/100
|move|p1a: Magnezone|Thunderbolt|p2a: Lucario
|-damage|p2a: Lucario|0 fnt
|faint|p2a: Lucario
|
|upkeep
|
|switch|p2a: Gengar|Gengar, F|100/100
|turn|11
|
|move|p2a: Gengar|Disable|p1a: Magnezone
|-start|p1a: Magnezone|Disable|Thunderbolt
|cant|p1a: Magnezone|Disable|Thunderbolt
|
|upkeep
|turn|12
|
|switch|p1a: Dragonite|Dragonite, M|100/100
|-damage|p1a: Dragonite|76/100|[from] Stealth Rock
|move|p2a: Gengar|Substitute|p2a: Gengar
|-start|p2a: Gengar|Substitute
|-damage|p2a: Gengar|76/100
|
|-heal|p2a: Gengar|82/100|[from] item: Black Sludge
|upkeep
|turn|13
|
|move|p2a: Gengar|Shadow Ball|p1a: Dragonite
|-crit|p1a: Dragonite
|-damage|p1a: Dragonite|1/100
|move|p1a: Dragonite|Outrage|p2a: Gengar
|-end|p2a: Gengar|Substitute
|
|-heal|p2a: Gengar|88/100|[from] item: Black Sludge
|upkeep
|turn|14
|inactive|sankafola has 90 seconds left.
|inactive|sankafola has 60 seconds left.
|
|move|p2a: Gengar|Disable|p1a: Dragonite
|-start|p1a: Dragonite|Disable|Outrage
|cant|p1a: Dragonite|Disable|Outrage
|
|-heal|p2a: Gengar|94/100|[from] item: Black Sludge
|-start|p1a: Dragonite|confusion|[fatigue]
|upkeep
|turn|15
|
|switch|p1a: Latios|Latios, M|100/100
|-damage|p1a: Latios|88/100|[from] Stealth Rock
|move|p2a: Gengar|Substitute|p2a: Gengar
|-start|p2a: Gengar|Substitute
|-damage|p2a: Gengar|69/100
|
|-heal|p2a: Gengar|75/100|[from] item: Black Sludge
|upkeep
|turn|16
|
|move|p2a: Gengar|Shadow Ball|p1a: Latios
|-supereffective|p1a: Latios
|-damage|p1a: Latios|0 fnt
|faint|p1a: Latios
|
|-heal|p2a: Gengar|81/100|[from] item: Black Sludge
|upkeep
|
|switch|p1a: Magnezone|Magnezone|55/100
|-damage|p1a: Magnezone|48/100|[from] Stealth Rock
|-damage|p1a: Magnezone|36/100|[from] Spikes
|turn|17
|inactive|sankafola has 60 seconds left.
|
|move|p2a: Gengar|Shadow Ball|p1a: Magnezone
|-resisted|p1a: Magnezone
|-damage|p1a: Magnezone|11/100
|-unboost|p1a: Magnezone|spd|1
|move|p1a: Magnezone|Thunderbolt|p2a: Gengar
|-crit|p2a: Gengar
|-end|p2a: Gengar|Substitute
|
|-heal|p2a: Gengar|88/100|[from] item: Black Sludge
|upkeep
|turn|18
|inactive|sankafola has 60 seconds left.
|c|☆sankafola|gg
|
|move|p2a: Gengar|Shadow Ball|p1a: Magnezone
|-resisted|p1a: Magnezone
|-damage|p1a: Magnezone|0 fnt
|faint|p1a: Magnezone
|
|-heal|p2a: Gengar|94/100|[from] item: Black Sludge
|upkeep
|
|switch|p1a: Dragonite|Dragonite, M|1/100
|-damage|p1a: Dragonite|0 fnt|[from] Stealth Rock
|faint|p1a: Dragonite
|
|win|sankafola
|c|☆MP58|gg
|l|☆MP58
|raw|MP58's rating: 1341 &rarr; <strong>1326</strong><br />(-15 for losing)
|raw|sankafola's rating: 1440 &rarr; <strong>1455</strong><br />(+15 for winning)
