|j|☆Esurient
|j|☆chomp29
|t:|1718144286
|gametype|singles
|player|p1|Esurient|169|1336
|player|p2|chomp29|lucas|1554
|teamsize|p1|6
|teamsize|p2|6
|gen|5
|tier|[Gen 5] OU
|rated|
|rule|Species Clause: Limit one of each Pokémon
|rule|OHKO Clause: OHKO moves are banned
|rule|Moody Clause: Moody is banned
|rule|Evasion Items Clause: Evasion items are banned
|rule|Evasion Moves Clause: Evasion moves are banned
|rule|Endless Battle Clause: Forcing endless battles is banned
|rule|HP Percentage Mod: HP is shown in percentages
|rule|Evasion Abilities Clause: Evasion abilities are banned
|rule|Sleep Moves Clause: Sleep-inducing moves are banned
|rule|Swagger Clause: Swagger is banned
|rule|Baton Pass Stat Clause: No Baton Passer may have a way to boost its stats
|clearpoke
|poke|p1|Tyranitar, F|item
|poke|p1|Skarmory, F|item
|poke|p1|Gliscor, M|item
|poke|p1|Rotom-Wash|item
|poke|p1|Hydreigon, M|item
|poke|p1|Reuniclus, F|item
|poke|p2|Abomasnow, F|item
|poke|p2|Chansey, F|item
|poke|p2|Skarmory, M|item
|poke|p2|Gliscor, M|item
|poke|p2|Forretress, M|item
|poke|p2|Jellicent, M|item
|teampreview
|inactive|Battle timer is ON: inactive players will automatically lose when time's up. (requested by chomp29)
|inactive|chomp29 has 120 seconds left.
|
|t:|1718144336
|start
|switch|p1a: Reuniclus|Reuniclus, F|100/100
|switch|p2a: Gliscor|Gliscor, M|100/100
|turn|1
|
|t:|1718144342
|switch|p1a: Gliscor|Gliscor, M|100/100
|move|p2a: Gliscor|Knock Off|p1a: Gliscor
|-damage|p1a: Gliscor|97/100
|-enditem|p1a: Gliscor|Toxic Orb|[from] move: Knock Off|[of] p2a: Gliscor
|
|-status|p2a: Gliscor|tox|[from] item: Toxic Orb
|upkeep
|turn|2
|inactive|chomp29 has 120 seconds left.
|
|t:|1718144391
|switch|p2a: Forretress|Forretress, M|100/100
|switch|p1a: Hydreigon|Hydreigon, M|100/100
|
|upkeep
|turn|3
|
|t:|1718144406
|switch|p2a: Chansey|Chansey, F|100/100
|move|p1a: Hydreigon|Focus Blast|p2a: Chansey
|-supereffective|p2a: Chansey
|-damage|p2a: Chansey|59/100
|-unboost|p2a: Chansey|spd|1
|
|upkeep
|turn|4
|inactive|chomp29 has 120 seconds left.
|
|t:|1718144419
|switch|p2a: Jellicent|Jellicent, M|100/100
|move|p1a: Hydreigon|Focus Blast|p2a: Jellicent
|-immune|p2a: Jellicent
|
|upkeep
|turn|5
|
|t:|1718144423
|switch|p1a: Rotom|Rotom-Wash|100/100
|move|p2a: Jellicent|Will-O-Wisp|p1a: Rotom|[miss]
|-miss|p2a: Jellicent|p1a: Rotom
|
|upkeep
|turn|6
|
|t:|1718144426
|move|p1a: Rotom|Volt Switch|p2a: Jellicent
|-supereffective|p2a: Jellicent
|-damage|p2a: Jellicent|38/100
|-damage|p1a: Rotom|91/100|[from] item: Life Orb
|
|t:|1718144430
|switch|p1a: Hydreigon|Hydreigon, M|100/100|[from] Volt Switch
|move|p2a: Jellicent|Will-O-Wisp|p1a: Hydreigon
|-status|p1a: Hydreigon|brn
|
|-heal|p2a: Jellicent|44/100|[from] item: Leftovers
|-damage|p1a: Hydreigon|88/100 brn|[from] brn
|upkeep
|turn|7
|
|t:|1718144437
|switch|p2a: Chansey|Chansey, F|59/100
|move|p1a: Hydreigon|Dark Pulse|p2a: Chansey
|-damage|p2a: Chansey|39/100
|
|-damage|p1a: Hydreigon|76/100 brn|[from] brn
|upkeep
|turn|8
|
|t:|1718144441
|switch|p1a: Tyranitar|Tyranitar, F|100/100
|-weather|Sandstorm|[from] ability: Sand Stream|[of] p1a: Tyranitar
|move|p2a: Chansey|Soft-Boiled|p2a: Chansey
|-heal|p2a: Chansey|89/100
|
|-weather|Sandstorm|[upkeep]
|-damage|p2a: Chansey|82/100|[from] Sandstorm
|upkeep
|turn|9
|
|t:|1718144449
|move|p1a: Tyranitar|Pursuit|p2a: Chansey
|-damage|p2a: Chansey|65/100
|move|p2a: Chansey|Stealth Rock|p1a: Tyranitar
|-sidestart|p1: Esurient|move: Stealth Rock
|
|-weather|Sandstorm|[upkeep]
|-damage|p2a: Chansey|59/100|[from] Sandstorm
|upkeep
|turn|10
|
|t:|1718144452
|move|p1a: Tyranitar|Stone Edge|p2a: Chansey
|-crit|p2a: Chansey
|-damage|p2a: Chansey|0 fnt
|faint|p2a: Chansey
|
|-weather|Sandstorm|[upkeep]
|upkeep
|inactive|chomp29 has 120 seconds left.
|
|t:|1718144483
|switch|p2a: Forretress|Forretress, M|100/100
|turn|11
|
|t:|1718144489
|switch|p1a: Skarmory|Skarmory, F|100/100
|-damage|p1a: Skarmory|88/100|[from] Stealth Rock
|move|p2a: Forretress|Volt Switch|p1a: Skarmory
|-supereffective|p1a: Skarmory
|-damage|p1a: Skarmory|64/100
|
|t:|1718144494
|switch|p2a: Abomasnow|Abomasnow, F|100/100|[from] Volt Switch
|-weather|Hail|[from] ability: Snow Warning|[of] p2a: Abomasnow
|
|-weather|Hail|[upkeep]
|-damage|p1a: Skarmory|58/100|[from] Hail
|upkeep
|turn|12
|
|t:|1718144498
|move|p2a: Abomasnow|Blizzard|p1a: Skarmory
|-damage|p1a: Skarmory|3/100
|-status|p1a: Skarmory|frz
|cant|p1a: Skarmory|frz
|
|-weather|Hail|[upkeep]
|-damage|p1a: Skarmory|0 fnt|[from] Hail
|faint|p1a: Skarmory
|upkeep
|
|t:|1718144503
|switch|p1a: Tyranitar|Tyranitar, F|100/100
|-damage|p1a: Tyranitar|88/100|[from] Stealth Rock
|-weather|Sandstorm|[from] ability: Sand Stream|[of] p1a: Tyranitar
|turn|13
|
|t:|1718144508
|switch|p2a: Skarmory|Skarmory, M|100/100
|move|p1a: Tyranitar|Stone Edge|p2a: Skarmory|[miss]
|-miss|p1a: Tyranitar|p2a: Skarmory
|
|-weather|Sandstorm|[upkeep]
|upkeep
|turn|14
|
|t:|1718144512
|move|p1a: Tyranitar|Stone Edge|p2a: Skarmory|[miss]
|-miss|p1a: Tyranitar|p2a: Skarmory
|move|p2a: Skarmory|Whirlwind|p1a: Tyranitar
|drag|p1a: Gliscor|Gliscor, M|97/100
|-damage|p1a: Gliscor|84/100|[from] Stealth Rock
|
|-weather|Sandstorm|[upkeep]
|upkeep
|turn|15
|
|t:|1718144517
|move|p1a: Gliscor|Ice Fang|p2a: Skarmory
|-damage|p2a: Skarmory|92/100
|-status|p2a: Skarmory|frz
|cant|p2a: Skarmory|frz
|
|-weather|Sandstorm|[upkeep]
|-heal|p2a: Skarmory|98/100 frz|[from] item: Leftovers
|upkeep
|turn|16
|
|t:|1718144522
|switch|p1a: Hydreigon|Hydreigon, M|76/100 brn
|-damage|p1a: Hydreigon|64/100 brn|[from] Stealth Rock
|cant|p2a: Skarmory|frz
|
|-weather|Sandstorm|[upkeep]
|-damage|p1a: Hydreigon|57/100 brn|[from] Sandstorm
|-heal|p2a: Skarmory|100/100 frz|[from] item: Leftovers
|-damage|p1a: Hydreigon|45/100 brn|[from] brn
|upkeep
|turn|17
|
|t:|1718144525
|move|p1a: Hydreigon|Draco Meteor|p2a: Skarmory
|-resisted|p2a: Skarmory
|-damage|p2a: Skarmory|37/100 frz
|-unboost|p1a: Hydreigon|spa|2
|cant|p2a: Skarmory|frz
|
|-weather|Sandstorm|[upkeep]
|-damage|p1a: Hydreigon|39/100 brn|[from] Sandstorm
|-heal|p2a: Skarmory|43/100 frz|[from] item: Leftovers
|-damage|p1a: Hydreigon|27/100 brn|[from] brn
|upkeep
|turn|18
|
|t:|1718144528
|switch|p1a: Rotom|Rotom-Wash|91/100
|-damage|p1a: Rotom|78/100|[from] Stealth Rock
|cant|p2a: Skarmory|frz
|
|-weather|Sandstorm|[upkeep]
|-damage|p1a: Rotom|72/100|[from] Sandstorm
|-heal|p2a: Skarmory|49/100 frz|[from] item: Leftovers
|upkeep
|turn|19
|
|t:|1718144530
|switch|p2a: Gliscor|Gliscor, M|100/100 tox
|move|p1a: Rotom|Volt Switch|p2a: Gliscor
|-immune|p2a: Gliscor
|
|-weather|Sandstorm|[upkeep]
|-damage|p1a: Rotom|66/100|[from] Sandstorm
|upkeep
|turn|20
|
|t:|1718144534
|switch|p2a: Abomasnow|Abomasnow, F|100/100
|-weather|Hail|[from] ability: Snow Warning|[of] p2a: Abomasnow
|move|p1a: Rotom|Hydro Pump|p2a: Abomasnow
|-resisted|p2a: Abomasnow
|-damage|p2a: Abomasnow|60/100
|-damage|p1a: Rotom|56/100|[from] item: Life Orb
|
|-weather|Hail|[upkeep]
|-damage|p1a: Rotom|49/100|[from] Hail
|-heal|p2a: Abomasnow|66/100|[from] item: Leftovers
|upkeep
|turn|21
|
|t:|1718144539
|switch|p2a: Gliscor|Gliscor, M|100/100 tox
|move|p1a: Rotom|Volt Switch|p2a: Gliscor
|-immune|p2a: Gliscor
|
|-weather|Hail|[upkeep]
|-damage|p1a: Rotom|43/100|[from] Hail
|-damage|p2a: Gliscor|94/100 tox|[from] Hail
|-heal|p2a: Gliscor|100/100 tox|[from] ability: Poison Heal
|upkeep
|turn|22
|
|t:|1718144551
|switch|p2a: Jellicent|Jellicent, M|44/100
|move|p1a: Rotom|Pain Split|p2a: Jellicent
|-sethp|p2a: Jellicent|36/100|[from] move: Pain Split|[silent]
|-sethp|p1a: Rotom|56/100|[from] move: Pain Split
|
|-weather|Hail|[upkeep]
|-damage|p1a: Rotom|49/100|[from] Hail
|-damage|p2a: Jellicent|30/100|[from] Hail
|-heal|p2a: Jellicent|36/100|[from] item: Leftovers
|upkeep
|turn|23
|
|t:|1718144567
|move|p1a: Rotom|Hidden Power|p2a: Jellicent
|-supereffective|p2a: Jellicent
|-damage|p2a: Jellicent|0 fnt
|faint|p2a: Jellicent
|-damage|p1a: Rotom|40/100|[from] item: Life Orb
|
|-weather|Hail|[upkeep]
|-damage|p1a: Rotom|33/100|[from] Hail
|upkeep
|
|t:|1718144576
|switch|p2a: Abomasnow|Abomasnow, F|66/100
|turn|24
|
|t:|1718144577
|move|p1a: Rotom|Volt Switch|p2a: Abomasnow
|-resisted|p2a: Abomasnow
|-damage|p2a: Abomasnow|42/100
|-damage|p1a: Rotom|23/100|[from] item: Life Orb
|
|t:|1718144586
|switch|p1a: Gliscor|Gliscor, M|84/100|[from] Volt Switch
|-damage|p1a: Gliscor|72/100|[from] Stealth Rock
|move|p2a: Abomasnow|Giga Drain|p1a: Gliscor
|-damage|p1a: Gliscor|44/100
|-heal|p2a: Abomasnow|56/100|[from] drain|[of] p1a: Gliscor
|
|-weather|Hail|[upkeep]
|-damage|p1a: Gliscor|38/100|[from] Hail
|-heal|p2a: Abomasnow|63/100|[from] item: Leftovers
|upkeep
|turn|25
|
|t:|1718144603
|switch|p2a: Skarmory|Skarmory, M|49/100 frz
|move|p1a: Gliscor|Ice Fang|p2a: Skarmory
|-damage|p2a: Skarmory|40/100 frz
|
|-weather|Hail|[upkeep]
|-damage|p1a: Gliscor|32/100|[from] Hail
|-damage|p2a: Skarmory|34/100 frz|[from] Hail
|-heal|p2a: Skarmory|40/100 frz|[from] item: Leftovers
|upkeep
|turn|26
|
|t:|1718144617
|switch|p1a: Tyranitar|Tyranitar, F|88/100
|-damage|p1a: Tyranitar|76/100|[from] Stealth Rock
|-weather|Sandstorm|[from] ability: Sand Stream|[of] p1a: Tyranitar
|-curestatus|p2a: Skarmory|frz|[msg]
|move|p2a: Skarmory|Roost|p2a: Skarmory
|-heal|p2a: Skarmory|90/100
|-singleturn|p2a: Skarmory|move: Roost
|
|-weather|Sandstorm|[upkeep]
|-heal|p2a: Skarmory|96/100|[from] item: Leftovers
|upkeep
|turn|27
|
|t:|1718144621
|move|p1a: Tyranitar|Stealth Rock|p2a: Skarmory
|-sidestart|p2: chomp29|move: Stealth Rock
|move|p2a: Skarmory|Spikes|p1a: Tyranitar
|-sidestart|p1: Esurient|Spikes
|
|-weather|Sandstorm|[upkeep]
|-heal|p2a: Skarmory|100/100|[from] item: Leftovers
|upkeep
|turn|28
|
|t:|1718144625
|move|p1a: Tyranitar|Stone Edge|p2a: Skarmory
|-crit|p2a: Skarmory
|-damage|p2a: Skarmory|30/100
|move|p2a: Skarmory|Brave Bird|p1a: Tyranitar
|-resisted|p1a: Tyranitar
|-damage|p1a: Tyranitar|62/100
|-damage|p2a: Skarmory|24/100|[from] Recoil
|
|-weather|Sandstorm|[upkeep]
|-heal|p2a: Skarmory|30/100|[from] item: Leftovers
|upkeep
|turn|29
|
|t:|1718144627
|move|p1a: Tyranitar|Stone Edge|p2a: Skarmory
|-crit|p2a: Skarmory
|-damage|p2a: Skarmory|0 fnt
|faint|p2a: Skarmory
|
|-weather|Sandstorm|[upkeep]
|upkeep
|
|t:|1718144630
|switch|p2a: Forretress|Forretress, M|100/100
|-damage|p2a: Forretress|88/100|[from] Stealth Rock
|turn|30
|
|t:|1718144637
|switch|p1a: Gliscor|Gliscor, M|32/100
|-damage|p1a: Gliscor|19/100|[from] Stealth Rock
|move|p2a: Forretress|Rapid Spin|p1a: Gliscor
|-damage|p1a: Gliscor|16/100
|-sideend|p2: chomp29|Stealth Rock|[from] move: Rapid Spin|[of] p2a: Forretress
|
|-weather|Sandstorm|[upkeep]
|-heal|p2a: Forretress|94/100|[from] item: Leftovers
|upkeep
|turn|31
|
|t:|1718144642
|move|p1a: Gliscor|Ice Fang|p2a: Forretress
|-resisted|p2a: Forretress
|-damage|p2a: Forretress|90/100
|move|p2a: Forretress|Toxic Spikes|p1a: Gliscor
|-sidestart|p1: Esurient|move: Toxic Spikes
|
|-weather|Sandstorm|[upkeep]
|-heal|p2a: Forretress|96/100|[from] item: Leftovers
|upkeep
|turn|32
|
|t:|1718144651
|switch|p2a: Abomasnow|Abomasnow, F|63/100
|-weather|Hail|[from] ability: Snow Warning|[of] p2a: Abomasnow
|move|p1a: Gliscor|Earthquake|p2a: Abomasnow
|-resisted|p2a: Abomasnow
|-damage|p2a: Abomasnow|43/100
|
|-weather|Hail|[upkeep]
|-damage|p1a: Gliscor|10/100|[from] Hail
|-heal|p2a: Abomasnow|49/100|[from] item: Leftovers
|upkeep
|turn|33
|
|t:|1718144655
|move|p1a: Gliscor|Ice Fang|p2a: Abomasnow
|-damage|p2a: Abomasnow|29/100
|move|p2a: Abomasnow|Giga Drain|p1a: Gliscor
|-damage|p1a: Gliscor|0 fnt
|-heal|p2a: Abomasnow|34/100|[from] drain|[of] p1a: Gliscor
|faint|p1a: Gliscor
|
|-weather|Hail|[upkeep]
|-heal|p2a: Abomasnow|40/100|[from] item: Leftovers
|upkeep
|
|t:|1718144665
|switch|p1a: Tyranitar|Tyranitar, F|62/100
|-damage|p1a: Tyranitar|50/100|[from] Stealth Rock
|-damage|p1a: Tyranitar|37/100|[from] Spikes
|-status|p1a: Tyranitar|psn
|-weather|Sandstorm|[from] ability: Sand Stream|[of] p1a: Tyranitar
|turn|34
|inactive|chomp29 has 120 seconds left.
|inactive|chomp29 has 90 seconds left.
|
|t:|1718144733
|move|p2a: Abomasnow|Giga Drain|p1a: Tyranitar
|-supereffective|p1a: Tyranitar
|-damage|p1a: Tyranitar|0 fnt
|-heal|p2a: Abomasnow|61/100|[from] drain|[of] p1a: Tyranitar
|faint|p1a: Tyranitar
|
|-weather|Sandstorm|[upkeep]
|-damage|p2a: Abomasnow|54/100|[from] Sandstorm
|-heal|p2a: Abomasnow|61/100|[from] item: Leftovers
|upkeep
|
|t:|1718144737
|switch|p1a: Reuniclus|Reuniclus, F|100/100
|-status|p1a: Reuniclus|psn
|turn|35
|
|t:|1718144743
|move|p2a: Abomasnow|Worry Seed|p1a: Reuniclus
|-endability|p1a: Reuniclus|Magic Guard|[from] move: Worry Seed
|-ability|p1a: Reuniclus|Insomnia|[from] move: Worry Seed
|move|p1a: Reuniclus|Hidden Power|p2a: Abomasnow
|-supereffective|p2a: Abomasnow
|-damage|p2a: Abomasnow|0 fnt
|faint|p2a: Abomasnow
|-damage|p1a: Reuniclus|91/100 psn|[from] item: Life Orb
|
|-weather|Sandstorm|[upkeep]
|-damage|p1a: Reuniclus|84/100 psn|[from] Sandstorm
|-damage|p1a: Reuniclus|72/100 psn|[from] psn
|upkeep
|inactive|chomp29 has 90 seconds left.
|
|t:|1718144760
|switch|p2a: Forretress|Forretress, M|96/100
|turn|36
|
|t:|1718144763
|move|p2a: Forretress|Volt Switch|p1a: Reuniclus
|-damage|p1a: Reuniclus|62/100 psn
|
|t:|1718144765
|switch|p2a: Gliscor|Gliscor, M|100/100 tox|[from] Volt Switch
|move|p1a: Reuniclus|Hidden Power|p2a: Gliscor
|-damage|p2a: Gliscor|72/100 tox
|-damage|p1a: Reuniclus|52/100 psn|[from] item: Life Orb
|
|-weather|Sandstorm|[upkeep]
|-damage|p1a: Reuniclus|46/100 psn|[from] Sandstorm
|-heal|p2a: Gliscor|84/100 tox|[from] ability: Poison Heal
|-damage|p1a: Reuniclus|34/100 psn|[from] psn
|upkeep
|turn|37
|
|t:|1718144780
|move|p2a: Gliscor|Knock Off|p1a: Reuniclus
|-supereffective|p1a: Reuniclus
|-damage|p1a: Reuniclus|24/100 psn
|-enditem|p1a: Reuniclus|Life Orb|[from] move: Knock Off|[of] p2a: Gliscor
|move|p1a: Reuniclus|Psyshock|p2a: Gliscor
|-damage|p2a: Gliscor|50/100 tox
|
|-weather|Sandstorm|[upkeep]
|-damage|p1a: Reuniclus|18/100 psn|[from] Sandstorm
|-heal|p2a: Gliscor|63/100 tox|[from] ability: Poison Heal
|-damage|p1a: Reuniclus|6/100 psn|[from] psn
|upkeep
|turn|38
|inactive|chomp29 has 90 seconds left.
|inactive|chomp29 has 60 seconds left.
|
|t:|1718144836
|move|p2a: Gliscor|Taunt|p1a: Reuniclus
|-start|p1a: Reuniclus|move: Taunt
|move|p1a: Reuniclus|Hidden Power|p2a: Gliscor
|-damage|p2a: Gliscor|41/100 tox
|
|-weather|Sandstorm|[upkeep]
|-damage|p1a: Reuniclus|0 fnt|[from] Sandstorm
|faint|p1a: Reuniclus
|-heal|p2a: Gliscor|53/100 tox|[from] ability: Poison Heal
|upkeep
|
|t:|1718144853
|switch|p1a: Rotom|Rotom-Wash|23/100
|-damage|p1a: Rotom|11/100|[from] Stealth Rock
|turn|39
|inactive|chomp29 has 60 seconds left.
|
|t:|1718144858
|move|p1a: Rotom|Hydro Pump|p2a: Gliscor
|-supereffective|p2a: Gliscor
|-crit|p2a: Gliscor
|-damage|p2a: Gliscor|0 fnt
|faint|p2a: Gliscor
|-damage|p1a: Rotom|1/100|[from] item: Life Orb
|
|-weather|Sandstorm|[upkeep]
|-damage|p1a: Rotom|0 fnt|[from] Sandstorm
|faint|p1a: Rotom
|upkeep
|
|t:|1718144861
|switch|p1a: Hydreigon|Hydreigon, M|27/100 brn
|switch|p2a: Forretress|Forretress, M|96/100
|-damage|p1a: Hydreigon|14/100 brn|[from] Stealth Rock
|turn|40
|
|t:|1718144863
|move|p1a: Hydreigon|Fire Blast|p2a: Forretress
|-supereffective|p2a: Forretress
|-damage|p2a: Forretress|0 fnt
|faint|p2a: Forretress
|
|win|Esurient
|raw|Esurient's rating: 1336 &rarr; <strong>1367</strong><br />(+31 for winning)
|raw|chomp29's rating: 1554 &rarr; <strong>1523</strong><br />(-31 for losing)
|l|☆chomp29
|player|p2|
