|j|☆Mobileishard
|j|☆ksksjsnsn
|t:|1730644732
|gametype|singles
|player|p1|Mobileishard|170|1517
|player|p2|ksksjsnsn|policeman-gen4|1369
|teamsize|p1|6
|teamsize|p2|6
|gen|5
|tier|[Gen 5] OU
|rated|
|rule|Species Clause: Limit one of each Pokémon
|rule|OHKO Clause: OHKO moves are banned
|rule|Moody Clause: Moody is banned
|rule|Evasion Items Clause: Evasion items are banned
|rule|Evasion Moves Clause: Evasion moves are banned
|rule|Endless Battle Clause: Forcing endless battles is banned
|rule|HP Percentage Mod: HP is shown in percentages
|rule|Evasion Abilities Clause: Evasion abilities are banned
|rule|Sleep Moves Clause: Sleep-inducing moves are banned
|rule|Swagger Clause: Swagger is banned
|rule|Baton Pass Stat Clause: No Baton Passer may have a way to boost its stats
|clearpoke
|poke|p1|Politoed, M|item
|poke|p1|Keldeo-Resolute|item
|poke|p1|Thundurus-Therian, M|item
|poke|p1|Dragonite, F|item
|poke|p1|Tentacruel, F|item
|poke|p1|Ferrothorn, M|item
|poke|p2|Bronzong|item
|poke|p2|Conkeldurr, F|item
|poke|p2|Reuniclus, F|item
|poke|p2|Scizor, M|item
|poke|p2|Garchomp, M|item
|poke|p2|Dragonite, M|item
|teampreview
|
|t:|1730644736
|start
|switch|p1a: Politoed|Politoed, M|100/100
|switch|p2a: Dragonite|Dragonite, M|100/100
|-weather|RainDance|[from] ability: Drizzle|[of] p1a: Politoed
|turn|1
|
|t:|1730644744
|move|p2a: Dragonite|Draco Meteor|p1a: Politoed|[miss]
|-miss|p2a: Dragonite|p1a: Politoed
|move|p1a: Politoed|Toxic|p2a: Dragonite
|-status|p2a: Dragonite|tox
|
|-weather|RainDance|[upkeep]
|-damage|p2a: Dragonite|94/100 tox|[from] psn
|upkeep
|turn|2
|j| SKT T1 Motherfaker
|
|t:|1730644748
|move|p1a: Politoed|Protect|p1a: Politoed
|-singleturn|p1a: Politoed|Protect
|move|p2a: Dragonite|Draco Meteor|p1a: Politoed
|-activate|p1a: Politoed|move: Protect
|
|-weather|RainDance|[upkeep]
|-damage|p2a: Dragonite|82/100 tox|[from] psn
|upkeep
|turn|3
|
|t:|1730644755
|switch|p1a: Tentacruel|Tentacruel, F|100/100
|move|p2a: Dragonite|Draco Meteor|p1a: Tentacruel
|-crit|p1a: Tentacruel
|-damage|p1a: Tentacruel|0 fnt
|-unboost|p2a: Dragonite|spa|2
|faint|p1a: Tentacruel
|-damage|p2a: Dragonite|72/100 tox|[from] item: Life Orb
|
|-weather|RainDance|[upkeep]
|-damage|p2a: Dragonite|53/100 tox|[from] psn
|upkeep
|
|t:|1730644768
|switch|p1a: Ferrothorn|Ferrothorn, M|100/100
|turn|4
|
|t:|1730644771
|move|p2a: Dragonite|Superpower|p1a: Ferrothorn
|-supereffective|p1a: Ferrothorn
|-damage|p1a: Ferrothorn|29/100
|-unboost|p2a: Dragonite|atk|1
|-unboost|p2a: Dragonite|def|1
|-damage|p2a: Dragonite|41/100 tox|[from] ability: Iron Barbs|[of] p1a: Ferrothorn
|-damage|p2a: Dragonite|31/100 tox|[from] item: Life Orb
|move|p1a: Ferrothorn|Stealth Rock|p2a: Dragonite
|-sidestart|p2: ksksjsnsn|move: Stealth Rock
|
|-weather|RainDance|[upkeep]
|-heal|p1a: Ferrothorn|36/100|[from] item: Leftovers
|-damage|p2a: Dragonite|6/100 tox|[from] psn
|upkeep
|turn|5
|
|t:|1730644780
|switch|p1a: Politoed|Politoed, M|100/100
|move|p2a: Dragonite|Flamethrower|p1a: Politoed
|-resisted|p1a: Politoed
|-damage|p1a: Politoed|97/100
|-damage|p2a: Dragonite|0 fnt|[from] item: Life Orb
|faint|p2a: Dragonite
|
|-weather|RainDance|[upkeep]
|-heal|p1a: Politoed|100/100|[from] item: Leftovers
|upkeep
|
|t:|1730644794
|switch|p2a: Bronzong|Bronzong|100/100
|-damage|p2a: Bronzong|94/100|[from] Stealth Rock
|turn|6
|
|t:|1730644797
|move|p1a: Politoed|Scald|p2a: Bronzong
|-crit|p2a: Bronzong
|-damage|p2a: Bronzong|36/100
|move|p2a: Bronzong|Stealth Rock|p1a: Politoed
|-sidestart|p1: Mobileishard|move: Stealth Rock
|
|-weather|RainDance|[upkeep]
|upkeep
|turn|7
|
|t:|1730644805
|move|p1a: Politoed|Encore|p2a: Bronzong
|-start|p2a: Bronzong|Encore
|move|p2a: Bronzong|Stealth Rock||[still]
|-fail|p2a: Bronzong
|
|-weather|RainDance|[upkeep]
|upkeep
|turn|8
|
|t:|1730644819
|switch|p2a: Scizor|Scizor, M|100/100
|-damage|p2a: Scizor|88/100|[from] Stealth Rock
|move|p1a: Politoed|Scald|p2a: Scizor
|-damage|p2a: Scizor|37/100
|
|-weather|RainDance|[upkeep]
|upkeep
|turn|9
|
|t:|1730644830
|move|p2a: Scizor|Bug Bite|p1a: Politoed
|-damage|p1a: Politoed|34/100
|-damage|p2a: Scizor|27/100|[from] item: Life Orb
|move|p1a: Politoed|Scald|p2a: Scizor
|-damage|p2a: Scizor|0 fnt
|faint|p2a: Scizor
|
|-weather|RainDance|[upkeep]
|-heal|p1a: Politoed|40/100|[from] item: Leftovers
|upkeep
|
|t:|1730644835
|switch|p2a: Bronzong|Bronzong|36/100
|-damage|p2a: Bronzong|30/100|[from] Stealth Rock
|turn|10
|
|t:|1730644838
|move|p1a: Politoed|Scald|p2a: Bronzong
|-damage|p2a: Bronzong|2/100
|move|p2a: Bronzong|Trick Room|p2a: Bronzong
|-fieldstart|move: Trick Room|[of] p2a: Bronzong
|
|-weather|RainDance|[upkeep]
|-heal|p1a: Politoed|46/100|[from] item: Leftovers
|upkeep
|turn|11
|
|t:|1730644842
|move|p1a: Politoed|Protect|p1a: Politoed
|-singleturn|p1a: Politoed|Protect
|move|p2a: Bronzong|Explosion|p1a: Politoed
|-activate|p1a: Politoed|move: Protect
|faint|p2a: Bronzong
|
|-weather|RainDance|[upkeep]
|-heal|p1a: Politoed|52/100|[from] item: Leftovers
|upkeep
|
|t:|1730644847
|switch|p2a: Conkeldurr|Conkeldurr, F|100/100
|-damage|p2a: Conkeldurr|94/100|[from] Stealth Rock
|turn|12
|
|t:|1730644851
|move|p2a: Conkeldurr|Thunder Punch|p1a: Politoed
|-supereffective|p1a: Politoed
|-damage|p1a: Politoed|0 fnt
|faint|p1a: Politoed
|-damage|p2a: Conkeldurr|84/100|[from] item: Life Orb
|
|-weather|RainDance|[upkeep]
|upkeep
|
|t:|1730644858
|switch|p1a: Keldeo|Keldeo-Resolute|100/100
|-damage|p1a: Keldeo|94/100|[from] Stealth Rock
|turn|13
|
|t:|1730644866
|switch|p1a: Thundurus|Thundurus-Therian, M|100/100
|-damage|p1a: Thundurus|76/100|[from] Stealth Rock
|move|p2a: Conkeldurr|Ice Punch|p1a: Thundurus
|-supereffective|p1a: Thundurus
|-damage|p1a: Thundurus|0 fnt
|faint|p1a: Thundurus
|-damage|p2a: Conkeldurr|75/100|[from] item: Life Orb
|
|-weather|RainDance|[upkeep]
|upkeep
|
|t:|1730644871
|switch|p1a: Ferrothorn|Ferrothorn, M|36/100
|-damage|p1a: Ferrothorn|29/100|[from] Stealth Rock
|turn|14
|
|t:|1730644876
|move|p1a: Ferrothorn|Spikes|p2a: Conkeldurr
|-sidestart|p2: ksksjsnsn|Spikes
|move|p2a: Conkeldurr|Ice Punch|p1a: Ferrothorn
|-damage|p1a: Ferrothorn|0 fnt
|-damage|p2a: Conkeldurr|62/100|[from] ability: Iron Barbs|[of] p1a: Ferrothorn
|faint|p1a: Ferrothorn
|-damage|p2a: Conkeldurr|52/100|[from] item: Life Orb
|
|-weather|RainDance|[upkeep]
|-fieldend|move: Trick Room
|upkeep
|
|t:|1730644878
|switch|p1a: Keldeo|Keldeo-Resolute|94/100
|-damage|p1a: Keldeo|88/100|[from] Stealth Rock
|turn|15
|
|t:|1730644883
|move|p2a: Conkeldurr|Mach Punch|p1a: Keldeo
|-damage|p1a: Keldeo|47/100
|-damage|p2a: Conkeldurr|42/100|[from] item: Life Orb
|move|p1a: Keldeo|Surf|p2a: Conkeldurr
|-damage|p2a: Conkeldurr|0 fnt
|faint|p2a: Conkeldurr
|
|-weather|RainDance|[upkeep]
|upkeep
|
|t:|1730644886
|switch|p2a: Reuniclus|Reuniclus, F|100/100
|turn|16
|
|t:|1730644889
|move|p1a: Keldeo|Surf|p2a: Reuniclus
|-damage|p2a: Reuniclus|32/100
|move|p2a: Reuniclus|Trick Room|p2a: Reuniclus
|-fieldstart|move: Trick Room|[of] p2a: Reuniclus
|
|-weather|RainDance|[upkeep]
|upkeep
|turn|17
|
|t:|1730644893
|move|p2a: Reuniclus|Psyshock|p1a: Keldeo
|-supereffective|p1a: Keldeo
|-damage|p1a: Keldeo|0 fnt
|faint|p1a: Keldeo
|
|-weather|RainDance|[upkeep]
|upkeep
|
|t:|1730644896
|switch|p1a: Dragonite|Dragonite, F|100/100
|-damage|p1a: Dragonite|76/100|[from] Stealth Rock
|turn|18
|
|t:|1730644899
|move|p2a: Reuniclus|Psyshock|p1a: Dragonite
|-damage|p1a: Dragonite|24/100
|move|p1a: Dragonite|Roost|p1a: Dragonite
|-heal|p1a: Dragonite|74/100
|-singleturn|p1a: Dragonite|move: Roost
|
|-weather|RainDance|[upkeep]
|-heal|p1a: Dragonite|80/100|[from] item: Leftovers
|upkeep
|turn|19
|
|t:|1730644904
|move|p2a: Reuniclus|Psyshock|p1a: Dragonite
|-damage|p1a: Dragonite|31/100
|move|p1a: Dragonite|Roost|p1a: Dragonite
|-heal|p1a: Dragonite|81/100
|-singleturn|p1a: Dragonite|move: Roost
|
|-weather|RainDance|[upkeep]
|-heal|p1a: Dragonite|87/100|[from] item: Leftovers
|upkeep
|turn|20
|
|t:|1730644911
|move|p2a: Reuniclus|Psyshock|p1a: Dragonite
|-damage|p1a: Dragonite|35/100
|move|p1a: Dragonite|Substitute|p1a: Dragonite
|-start|p1a: Dragonite|Substitute
|-damage|p1a: Dragonite|10/100
|
|-weather|RainDance|[upkeep]
|-heal|p1a: Dragonite|16/100|[from] item: Leftovers
|-fieldend|move: Trick Room
|upkeep
|turn|21
|
|t:|1730644917
|move|p1a: Dragonite|Dragon Claw|p2a: Reuniclus
|-damage|p2a: Reuniclus|0 fnt
|faint|p2a: Reuniclus
|
|-weather|RainDance|[upkeep]
|-heal|p1a: Dragonite|23/100|[from] item: Leftovers
|upkeep
|
|t:|1730644919
|switch|p2a: Garchomp|Garchomp, M|100/100
|-damage|p2a: Garchomp|94/100|[from] Stealth Rock
|-damage|p2a: Garchomp|82/100|[from] Spikes
|turn|22
|
|t:|1730644922
|move|p2a: Garchomp|Dual Chop|p1a: Dragonite
|-supereffective|p1a: Dragonite
|-end|p1a: Dragonite|Substitute
|-supereffective|p1a: Dragonite
|-damage|p1a: Dragonite|0 fnt
|faint|p1a: Dragonite
|-hitcount|p1: Dragonite|2
|
|win|ksksjsnsn
|raw|Mobileishard's rating: 1517 &rarr; <strong>1489</strong><br />(-28 for losing)
|raw|ksksjsnsn's rating: 1369 &rarr; <strong>1397</strong><br />(+28 for winning)
|l|☆Mobileishard
|player|p1|
|l|☆ksksjsnsn
|player|p2|
