|join|arm96
|join|Pythagorean Python
|player|p1|arm96|87
|player|p2|Pythagorean Python|266
|gametype|singles
|gen|5
|tier|[Gen 5] OU
|rated
|rule|Evasion Abilities Clause: Evasion abilities are banned
|clearpoke
|poke|p1|Dragonite, M
|poke|p1|Breloom, M
|poke|p1|Volcarona, F
|poke|p1|Mamoswine, F
|poke|p1|Starmie
|poke|p1|Scizor, M
|poke|p2|Skarmory, M
|poke|p2|Blissey, F
|poke|p2|Hippowdon, F
|poke|p2|Alakazam, F
|poke|p2|Terrakion
|poke|p2|Starmie
|rule|Sleep Clause Mod: Limit one foe put to sleep
|rule|Species Clause: Limit one of each Pokemon
|rule|OHKO Clause: OHKO moves are banned
|rule|Moody Clause: Moody is banned
|rule|Evasion Moves Clause: Evasion moves are banned
|rule|Endless Battle Clause: Forcing endless battles is banned.
|rule|HP Percentage Mod: HP is reported as percentages
|teampreview
|
|start
|switch|p1a: Breloom|Breloom, M|262/262
|switch|p2a: Terrakion|Terrakion|324/324
|turn|1
|
|move|p2a: Terrakion|Close Combat|p1a: Breloom
|-damage|p1a: Breloom|0 fnt
|-unboost|p2a: Terrakion|def|1
|-unboost|p2a: Terrakion|spd|1
|-damage|p2a: Terrakion|292/324|[from] item: Life Orb
|faint|p1a: Breloom
|
|
|switch|p1a: Volcarona|Volcarona, F|312/312
|turn|2
|
|move|p2a: Terrakion|Stone Edge|p1a: Volcarona
|-supereffective|p1a: Volcarona
|-enditem|p1a: Volcarona|Focus Sash
|-damage|p1a: Volcarona|1/312
|-damage|p2a: Terrakion|260/324|[from] item: Life Orb
|move|p1a: Volcarona|Quiver Dance|p1a: Volcarona
|-boost|p1a: Volcarona|spa|1
|-boost|p1a: Volcarona|spd|1
|-boost|p1a: Volcarona|spe|1
|
|turn|3
|
|switch|p2a: Blissey|Blissey, F|714/714
|move|p1a: Volcarona|Hidden Power|p2a: Blissey
|-crit|p2a: Blissey
|-damage|p2a: Blissey|495/714
|
|-heal|p2a: Blissey|539/714|[from] item: Leftovers
|turn|4
|
|move|p1a: Volcarona|Bug Buzz|p2a: Blissey
|-damage|p2a: Blissey|316/714
|move|p2a: Blissey|Seismic Toss|p1a: Volcarona
|-damage|p1a: Volcarona|0 fnt
|faint|p1a: Volcarona
|
|-heal|p2a: Blissey|360/714|[from] item: Leftovers
|
|switch|p1a: Mamoswine|Mamoswine, F|362/362
|turn|5
|
|move|p1a: Mamoswine|Earthquake|p2a: Blissey
|-damage|p2a: Blissey|23/714
|move|p2a: Blissey|Seismic Toss|p1a: Mamoswine
|-damage|p1a: Mamoswine|262/362
|
|-heal|p2a: Blissey|67/714|[from] item: Leftovers
|turn|6
|
|move|p1a: Mamoswine|Stealth Rock|p2a: Blissey
|-sidestart|p2: Pythagorean Python|move: Stealth Rock
|move|p2a: Blissey|Seismic Toss|p1a: Mamoswine
|-damage|p1a: Mamoswine|162/362
|
|-heal|p2a: Blissey|111/714|[from] item: Leftovers
|turn|7
|
|move|p1a: Mamoswine|Ice Shard|p2a: Blissey
|-damage|p2a: Blissey|0 fnt
|faint|p2a: Blissey
|
|
|switch|p2a: Starmie|Starmie|261/261
|-damage|p2a: Starmie|229/261|[from] Stealth Rock
|turn|8
|
|move|p1a: Mamoswine|Ice Shard|p2a: Starmie
|-resisted|p2a: Starmie
|-damage|p2a: Starmie|187/261
|move|p2a: Starmie|Surf|p1a: Mamoswine
|-supereffective|p1a: Mamoswine
|-damage|p1a: Mamoswine|0 fnt
|faint|p1a: Mamoswine
|
|
|switch|p1a: Dragonite|Dragonite, M|324/324
|turn|9
|
|move|p2a: Starmie|Ice Beam|p1a: Dragonite
|-supereffective|p1a: Dragonite
|-damage|p1a: Dragonite|77/324
|move|p1a: Dragonite|Dragon Dance|p1a: Dragonite
|-boost|p1a: Dragonite|atk|1
|-boost|p1a: Dragonite|spe|1
|
|turn|10
|
|move|p1a: Dragonite|Extreme Speed|p2a: Starmie
|-crit|p2a: Starmie
|-damage|p2a: Starmie|0 fnt
|faint|p2a: Starmie
|
|
|switch|p2a: Skarmory|Skarmory, M|334/334
|-damage|p2a: Skarmory|293/334|[from] Stealth Rock
|turn|11
|
|move|p1a: Dragonite|Fire Punch|p2a: Skarmory
|-supereffective|p2a: Skarmory
|-damage|p2a: Skarmory|121/334
|move|p2a: Skarmory|Drill Peck|p1a: Dragonite
|-damage|p1a: Dragonite|0 fnt
|faint|p1a: Dragonite
|
|-heal|p2a: Skarmory|141/334|[from] item: Leftovers
|
|switch|p1a: Starmie|Starmie|262/262
|turn|12
|
|move|p1a: Starmie|Thunderbolt|p2a: Skarmory
|-crit|p2a: Skarmory
|-supereffective|p2a: Skarmory
|-damage|p2a: Skarmory|0 fnt
|-damage|p1a: Starmie|236/262|[from] item: Life Orb
|faint|p2a: Skarmory
|
|
|switch|p2a: Alakazam|Alakazam, F|252/252
|turn|13
|
|move|p2a: Alakazam|Signal Beam|p1a: Starmie
|-crit|p1a: Starmie
|-supereffective|p1a: Starmie
|-damage|p1a: Starmie|0 fnt
|faint|p1a: Starmie
|
|
|switch|p1a: Scizor|Scizor, M|282/282
|turn|14
|
|move|p1a: Scizor|Bullet Punch|p2a: Alakazam
|-damage|p2a: Alakazam|0 fnt
|-damage|p1a: Scizor|254/282|[from] item: Life Orb
|faint|p2a: Alakazam
|
|
|switch|p2a: Terrakion|Terrakion|260/324
|-damage|p2a: Terrakion|240/324|[from] Stealth Rock
|turn|15
|
|move|p1a: Scizor|Bullet Punch|p2a: Terrakion
|-supereffective|p2a: Terrakion
|-damage|p2a: Terrakion|0 fnt
|-damage|p1a: Scizor|226/282|[from] item: Life Orb
|faint|p2a: Terrakion
|
|
|switch|p2a: Hippowdon|Hippowdon, F|420/420
|-damage|p2a: Hippowdon|394/420|[from] Stealth Rock
|-weather|Sandstorm|[from] ability: Sand Stream|[of] p2a: Hippowdon
|turn|16
|
|move|p1a: Scizor|Bug Bite|p2a: Hippowdon
|-damage|p2a: Hippowdon|260/420
|-damage|p1a: Scizor|198/282|[from] item: Life Orb
|move|p2a: Hippowdon|Earthquake|p1a: Scizor
|-damage|p1a: Scizor|65/282
|
|-weather|Sandstorm|[upkeep]
|-heal|p2a: Hippowdon|286/420|[from] item: Leftovers
|turn|17
|
|move|p1a: Scizor|Bug Bite|p2a: Hippowdon
|-damage|p2a: Hippowdon|160/420
|-damage|p1a: Scizor|37/282|[from] item: Life Orb
|move|p2a: Hippowdon|Earthquake|p1a: Scizor
|-damage|p1a: Scizor|0 fnt
|faint|p1a: Scizor
|
|win|Pythagorean Python
|raw|Ladder updating...
|raw|arm96's rating: 1552 &rarr; <strong>1525</strong><br />(-27 for losing)
|raw|Pythagorean Python's rating: 1430 &rarr; <strong>1457</strong><br />(+27 for winning)
|chat|Pythagorean Python|gg