|j|☆cnmdy
|j|☆ryusen696969
|t:|1748265162
|gametype|singles
|player|p1|cnmdy|giovanni|1387
|player|p2|ryusen696969|170|1306
|teamsize|p1|6
|teamsize|p2|6
|gen|5
|tier|[Gen 5] OU
|rated|
|rule|Species Clause: Limit one of each Pokémon
|rule|OHKO Clause: OHKO moves are banned
|rule|Moody Clause: Moody is banned
|rule|Evasion Items Clause: Evasion items are banned
|rule|Evasion Moves Clause: Evasion moves are banned
|rule|Endless Battle Clause: Forcing endless battles is banned
|rule|HP Percentage Mod: HP is shown in percentages
|rule|Evasion Abilities Clause: Evasion abilities are banned
|rule|Sleep Moves Clause: Sleep-inducing moves are banned
|rule|Swagger Clause: Swagger is banned
|rule|Baton Pass Stat Clause: No Baton Passer may have a way to boost its stats
|clearpoke
|poke|p1|Thundurus-Therian, M|item
|poke|p1|Gengar, F|item
|poke|p1|Mamoswine, F|item
|poke|p1|Bisharp, M|item
|poke|p1|Scizor, M|item
|poke|p1|Gyarados, F|item
|poke|p2|Garchomp, F|item
|poke|p2|Blissey, F|item
|poke|p2|Suicune|item
|poke|p2|Scizor, F|item
|poke|p2|Zoroark, M|item
|poke|p2|Alakazam, M|item
|teampreview
|inactive|Battle timer is ON: inactive players will automatically lose when time's up. (requested by ryusen696969)
|inactive|cnmdy also wants the timer to be on.
|
|t:|1748265167
|start
|switch|p1a: Gengar|Gengar, F|100/100
|switch|p2a: Garchomp|Garchomp, F|100/100
|turn|1
|
|t:|1748265174
|move|p1a: Gengar|Trick|p2a: Garchomp
|-activate|p1a: Gengar|move: Trick|[of] p2a: Garchomp
|-item|p2a: Garchomp|Choice Scarf|[from] move: Trick
|-item|p1a: Gengar|Expert Belt|[from] move: Trick
|move|p2a: Garchomp|Dark Pulse|p1a: Gengar
|-supereffective|p1a: Gengar
|-damage|p1a: Gengar|0 fnt
|faint|p1a: Gengar
|
|upkeep
|
|t:|1748265190
|switch|p1a: Scizor|Scizor, M|100/100
|turn|2
|l|☆ryusen696969
|inactive|ryusen696969 disconnected and has a minute to reconnect!
|player|p2|
|j|☆ryusen696969
|inactive|ryusen696969 reconnected and has 145 seconds left.
|player|p2|ryusen696969|170|
|
|t:|1748265201
|switch|p2a: Suicune|Suicune, shiny|100/100
|-ability|p2a: Suicune|Pressure
|move|p1a: Scizor|Swords Dance|p1a: Scizor
|-boost|p1a: Scizor|atk|2
|
|upkeep
|turn|3
|
|t:|1748265208
|move|p1a: Scizor|Bug Bite|p2a: Suicune
|-damage|p2a: Suicune|31/100
|-damage|p1a: Scizor|90/100|[from] item: Life Orb
|move|p2a: Suicune|Surf|p1a: Scizor
|-damage|p1a: Scizor|46/100
|
|-heal|p2a: Suicune|37/100|[from] item: Leftovers
|upkeep
|turn|4
|
|t:|1748265216
|move|p1a: Scizor|Bug Bite|p2a: Suicune
|-damage|p2a: Suicune|0 fnt
|faint|p2a: Suicune
|-damage|p1a: Scizor|36/100|[from] item: Life Orb
|
|upkeep
|
|t:|1748265219
|switch|p2a: Garchomp|Garchomp, F|100/100
|turn|5
|
|t:|1748265223
|move|p1a: Scizor|Bullet Punch|p2a: Garchomp
|-damage|p2a: Garchomp|16/100
|-damage|p1a: Scizor|24/100|[from] ability: Rough Skin|[of] p2a: Garchomp
|-damage|p1a: Scizor|14/100|[from] item: Life Orb
|move|p2a: Garchomp|Earthquake|p1a: Scizor
|-damage|p1a: Scizor|0 fnt
|faint|p1a: Scizor
|
|upkeep
|
|t:|1748265234
|switch|p1a: Gyarados|Gyarados, F|100/100
|-ability|p1a: Gyarados|Intimidate|boost
|-unboost|p2a: Garchomp|atk|1
|turn|6
|
|t:|1748265240
|switch|p2a: Blissey|Blissey, F|100/100
|move|p1a: Gyarados|Dragon Dance|p1a: Gyarados
|-boost|p1a: Gyarados|atk|1
|-boost|p1a: Gyarados|spe|1
|
|upkeep
|turn|7
|
|t:|1748265244
|move|p1a: Gyarados|Substitute|p1a: Gyarados
|-start|p1a: Gyarados|Substitute
|-damage|p1a: Gyarados|76/100
|move|p2a: Blissey|Thunderbolt|p1a: Gyarados
|-supereffective|p1a: Gyarados
|-end|p1a: Gyarados|Substitute
|
|-heal|p1a: Gyarados|82/100|[from] item: Leftovers
|upkeep
|turn|8
|
|t:|1748265251
|move|p1a: Gyarados|Waterfall|p2a: Blissey
|-enditem|p2a: Blissey|Focus Sash
|-damage|p2a: Blissey|1/100
|cant|p2a: Blissey|flinch
|
|-heal|p1a: Gyarados|88/100|[from] item: Leftovers
|upkeep
|turn|9
|
|t:|1748265258
|move|p1a: Gyarados|Waterfall|p2a: Blissey
|-crit|p2a: Blissey
|-damage|p2a: Blissey|0 fnt
|faint|p2a: Blissey
|
|-heal|p1a: Gyarados|94/100|[from] item: Leftovers
|upkeep
|
|t:|1748265260
|switch|p2a: Garchomp|Garchomp, F|16/100
|turn|10
|
|t:|1748265264
|move|p2a: Garchomp|Stone Edge|p1a: Gyarados
|-supereffective|p1a: Gyarados
|-damage|p1a: Gyarados|12/100
|move|p1a: Gyarados|Waterfall|p2a: Garchomp
|-damage|p2a: Garchomp|0 fnt
|-damage|p1a: Gyarados|0 fnt|[from] ability: Rough Skin|[of] p2a: Garchomp
|faint|p1a: Gyarados
|faint|p2a: Garchomp
|
|upkeep
|
|t:|1748265279
|switch|p2a: Scizor|Scizor, F|100/100
|switch|p1a: Mamoswine|Mamoswine, F|100/100
|turn|11
|
|t:|1748265285
|move|p2a: Scizor|Hidden Power|p1a: Mamoswine
|-damage|p1a: Mamoswine|84/100
|move|p1a: Mamoswine|Icicle Spear|p2a: Scizor
|-damage|p2a: Scizor|67/100
|replace|p2a: Zoroark|Zoroark, M
|-end|p2a: Zoroark|Illusion
|-damage|p2a: Zoroark|32/100
|-damage|p2a: Zoroark|0 fnt
|faint|p2a: Zoroark
|-hitcount|p2: Zoroark|3
|-damage|p1a: Mamoswine|74/100|[from] item: Life Orb
|
|upkeep
|
|t:|1748265288
|switch|p2a: Scizor|Scizor, F|100/100
|turn|12
|
|t:|1748265296
|move|p2a: Scizor|Bullet Punch|p1a: Mamoswine
|-supereffective|p1a: Mamoswine
|-damage|p1a: Mamoswine|0 fnt
|faint|p1a: Mamoswine
|
|upkeep
|
|t:|1748265299
|switch|p1a: Thundurus|Thundurus-Therian, M|100/100
|turn|13
|
|t:|1748265304
|move|p1a: Thundurus|Agility|p1a: Thundurus
|-boost|p1a: Thundurus|spe|2
|move|p2a: Scizor|U-turn|p1a: Thundurus
|-resisted|p1a: Thundurus
|-damage|p1a: Thundurus|73/100
|
|t:|1748265307
|switch|p2a: Alakazam|Alakazam, M|100/100|[from] U-turn
|
|upkeep
|turn|14
|
|t:|1748265311
|move|p1a: Thundurus|Thunderbolt|p2a: Alakazam
|-damage|p2a: Alakazam|16/100
|-status|p2a: Alakazam|par
|cant|p2a: Alakazam|par
|
|upkeep
|turn|15
|
|t:|1748265317
|move|p1a: Thundurus|Thunderbolt|p2a: Alakazam
|-damage|p2a: Alakazam|0 fnt
|faint|p2a: Alakazam
|
|upkeep
|-message|ryusen696969 forfeited.
|
|win|cnmdy
|raw|cnmdy's rating: 1387 &rarr; <strong>1402</strong><br />(+15 for winning)
|raw|ryusen696969's rating: 1306 &rarr; <strong>1291</strong><br />(-15 for losing)
|l|☆ryusen696969
|player|p2|
