|j|☆sidalin
|j|☆repinho2711
|t:|1725685834
|gametype|singles
|player|p1|sidalin|265|1315
|player|p2|repinho2711|ethan|1476
|teamsize|p1|6
|teamsize|p2|6
|gen|5
|tier|[Gen 5] OU
|rated|
|rule|Species Clause: Limit one of each Pokémon
|rule|OHKO Clause: OHKO moves are banned
|rule|Moody Clause: Moody is banned
|rule|Evasion Items Clause: Evasion items are banned
|rule|Evasion Moves Clause: Evasion moves are banned
|rule|Endless Battle Clause: Forcing endless battles is banned
|rule|HP Percentage Mod: HP is shown in percentages
|rule|Evasion Abilities Clause: Evasion abilities are banned
|rule|Sleep Moves Clause: Sleep-inducing moves are banned
|rule|Swagger Clause: Swagger is banned
|rule|Baton Pass Stat Clause: No Baton Passer may have a way to boost its stats
|clearpoke
|poke|p1|Virizion|item
|poke|p1|Skarmory, F|item
|poke|p1|Jellicent, M|item
|poke|p1|Nidoqueen, F|item
|poke|p1|Excadrill, M|item
|poke|p1|Hydreigon, M|item
|poke|p2|Scizor, M|item
|poke|p2|Donphan, M|item
|poke|p2|Virizion|item
|poke|p2|Milotic, M|item
|poke|p2|Dragonite, M|item
|poke|p2|Alakazam, M|item
|teampreview
|inactive|Battle timer is ON: inactive players will automatically lose when time's up. (requested by repinho2711)
|
|t:|1725685862
|start
|switch|p1a: Nidoqueen|Nidoqueen, F|100/100
|switch|p2a: Milotic|Milotic, M|100/100
|turn|1
|
|t:|1725685869
|move|p2a: Milotic|Ice Beam|p1a: Nidoqueen
|-supereffective|p1a: Nidoqueen
|-damage|p1a: Nidoqueen|46/100
|move|p1a: Nidoqueen|Toxic Spikes|p2a: Milotic
|-sidestart|p2: repinho2711|move: Toxic Spikes
|
|-heal|p1a: Nidoqueen|53/100|[from] item: Black Sludge
|upkeep
|turn|2
|
|t:|1725685876
|switch|p1a: Excadrill|Excadrill, M|100/100
|-ability|p1a: Excadrill|Mold Breaker
|move|p2a: Milotic|Scald|p1a: Excadrill
|-supereffective|p1a: Excadrill
|-damage|p1a: Excadrill|51/100
|
|-heal|p1a: Excadrill|57/100|[from] item: Leftovers
|upkeep
|turn|3
|
|t:|1725685879
|move|p1a: Excadrill|Protect|p1a: Excadrill
|-singleturn|p1a: Excadrill|Protect
|move|p2a: Milotic|Scald|p1a: Excadrill
|-activate|p1a: Excadrill|move: Protect
|
|-heal|p1a: Excadrill|63/100|[from] item: Leftovers
|upkeep
|turn|4
|
|t:|1725685883
|switch|p1a: Jellicent|Jellicent, M|100/100
|-item|p1a: Jellicent|Air Balloon
|move|p2a: Milotic|Scald|p1a: Jellicent
|-immune|p1a: Jellicent|[from] ability: Water Absorb
|
|upkeep
|turn|5
|
|t:|1725685888
|move|p2a: Milotic|Ice Beam|p1a: Jellicent
|-resisted|p1a: Jellicent
|-damage|p1a: Jellicent|89/100
|-enditem|p1a: Jellicent|Air Balloon
|move|p1a: Jellicent|Will-O-Wisp|p2a: Milotic|[miss]
|-miss|p1a: Jellicent|p2a: Milotic
|
|upkeep
|turn|6
|
|t:|1725685893
|switch|p2a: Alakazam|Alakazam, M|100/100
|-status|p2a: Alakazam|psn
|move|p1a: Jellicent|Will-O-Wisp|p2a: Alakazam|[miss]
|-miss|p1a: Jellicent|p2a: Alakazam
|
|upkeep
|turn|7
|
|t:|1725685899
|switch|p1a: Hydreigon|Hydreigon, M|100/100
|move|p2a: Alakazam|Charge Beam|p1a: Hydreigon
|-resisted|p1a: Hydreigon
|-damage|p1a: Hydreigon|90/100
|
|upkeep
|turn|8
|
|t:|1725685903
|switch|p2a: Milotic|Milotic, M|100/100
|-status|p2a: Milotic|psn
|move|p1a: Hydreigon|U-turn|p2a: Milotic
|-damage|p2a: Milotic|90/100 psn
|
|t:|1725685907
|switch|p1a: Virizion|Virizion|100/100|[from] U-turn
|
|-heal|p2a: Milotic|96/100 psn|[from] item: Leftovers
|-damage|p2a: Milotic|84/100 psn|[from] psn
|upkeep
|turn|9
|
|t:|1725685913
|switch|p1a: Jellicent|Jellicent, M|89/100
|switch|p2a: Scizor|Scizor, M|100/100
|
|upkeep
|turn|10
|
|t:|1725685916
|move|p2a: Scizor|Pursuit|p1a: Jellicent
|-supereffective|p1a: Jellicent
|-crit|p1a: Jellicent
|-damage|p1a: Jellicent|0 fnt
|faint|p1a: Jellicent
|
|upkeep
|
|t:|1725685921
|switch|p1a: Skarmory|Skarmory, F|100/100
|turn|11
|
|t:|1725685925
|switch|p2a: Alakazam|Alakazam, M|100/100 psn
|move|p1a: Skarmory|Stealth Rock|p2a: Alakazam
|-sidestart|p2: repinho2711|move: Stealth Rock
|
|upkeep
|turn|12
|
|t:|1725685928
|switch|p1a: Hydreigon|Hydreigon, M|90/100
|move|p2a: Alakazam|Charge Beam|p1a: Hydreigon|[miss]
|-miss|p2a: Alakazam|p1a: Hydreigon
|
|upkeep
|turn|13
|
|t:|1725685932
|move|p1a: Hydreigon|Dark Pulse|p2a: Alakazam
|-supereffective|p2a: Alakazam
|-enditem|p2a: Alakazam|Focus Sash
|-damage|p2a: Alakazam|1/100 psn
|cant|p2a: Alakazam|flinch
|
|upkeep
|turn|14
|
|t:|1725685937
|switch|p2a: Virizion|Virizion|100/100
|-status|p2a: Virizion|psn
|-enditem|p2a: Virizion|Lum Berry|[eat]
|-curestatus|p2a: Virizion|psn|[msg]
|-damage|p2a: Virizion|94/100|[from] Stealth Rock
|move|p1a: Hydreigon|Dark Pulse|p2a: Virizion
|-resisted|p2a: Virizion
|-crit|p2a: Virizion
|-damage|p2a: Virizion|59/100
|-ability|p2a: Virizion|Justified|boost
|-boost|p2a: Virizion|atk|1
|
|upkeep
|turn|15
|
|t:|1725685942
|switch|p1a: Skarmory|Skarmory, F|100/100
|move|p2a: Virizion|Close Combat|p1a: Skarmory
|-damage|p1a: Skarmory|54/100
|-unboost|p2a: Virizion|def|1
|-unboost|p2a: Virizion|spd|1
|-damage|p2a: Virizion|43/100|[from] item: Rocky Helmet|[of] p1a: Skarmory
|
|upkeep
|turn|16
|
|t:|1725685945
|move|p2a: Virizion|Close Combat|p1a: Skarmory
|-damage|p1a: Skarmory|11/100
|-unboost|p2a: Virizion|def|1
|-unboost|p2a: Virizion|spd|1
|-damage|p2a: Virizion|26/100|[from] item: Rocky Helmet|[of] p1a: Skarmory
|move|p1a: Skarmory|Roost|p1a: Skarmory
|-heal|p1a: Skarmory|61/100
|-singleturn|p1a: Skarmory|move: Roost
|
|upkeep
|turn|17
|
|t:|1725685950
|move|p2a: Virizion|Close Combat|p1a: Skarmory
|-damage|p1a: Skarmory|16/100
|-unboost|p2a: Virizion|def|1
|-unboost|p2a: Virizion|spd|1
|-damage|p2a: Virizion|10/100|[from] item: Rocky Helmet|[of] p1a: Skarmory
|move|p1a: Skarmory|Whirlwind|p2a: Virizion
|drag|p2a: Dragonite|Dragonite, M|100/100
|-damage|p2a: Dragonite|76/100|[from] Stealth Rock
|
|upkeep
|turn|18
|
|t:|1725685956
|move|p2a: Dragonite|Fire Punch|p1a: Skarmory
|-supereffective|p1a: Skarmory
|-damage|p1a: Skarmory|0 fnt
|-damage|p2a: Dragonite|59/100|[from] item: Rocky Helmet|[of] p1a: Skarmory
|faint|p1a: Skarmory
|
|upkeep
|
|t:|1725685961
|switch|p1a: Hydreigon|Hydreigon, M|90/100
|turn|19
|
|t:|1725685965
|move|p2a: Dragonite|Extreme Speed|p1a: Hydreigon
|-damage|p1a: Hydreigon|55/100
|move|p1a: Hydreigon|Draco Meteor|p2a: Dragonite
|-supereffective|p2a: Dragonite
|-damage|p2a: Dragonite|0 fnt
|-unboost|p1a: Hydreigon|spa|2
|faint|p2a: Dragonite
|
|upkeep
|
|t:|1725685971
|switch|p2a: Scizor|Scizor, M|100/100
|-damage|p2a: Scizor|88/100|[from] Stealth Rock
|turn|20
|
|t:|1725685975
|switch|p1a: Nidoqueen|Nidoqueen, F|53/100
|move|p2a: Scizor|U-turn|p1a: Nidoqueen
|-resisted|p1a: Nidoqueen
|-damage|p1a: Nidoqueen|26/100
|
|t:|1725685980
|switch|p2a: Alakazam|Alakazam, M|1/100 psn|[from] U-turn
|
|-heal|p1a: Nidoqueen|32/100|[from] item: Black Sludge
|upkeep
|turn|21
|
|t:|1725685985
|move|p2a: Alakazam|Hidden Power|p1a: Nidoqueen
|-supereffective|p1a: Nidoqueen
|-damage|p1a: Nidoqueen|0 fnt
|faint|p1a: Nidoqueen
|
|upkeep
|
|t:|1725685989
|switch|p1a: Hydreigon|Hydreigon, M|55/100
|turn|22
|
|t:|1725685995
|switch|p2a: Milotic|Milotic, M|84/100 psn
|-damage|p2a: Milotic|71/100 psn|[from] Stealth Rock
|move|p1a: Hydreigon|U-turn|p2a: Milotic
|-damage|p2a: Milotic|59/100 psn
|
|t:|1725685997
|switch|p1a: Virizion|Virizion|100/100|[from] U-turn
|
|-heal|p2a: Milotic|65/100 psn|[from] item: Leftovers
|-damage|p2a: Milotic|53/100 psn|[from] psn
|upkeep
|turn|23
|
|t:|1725685999
|move|p1a: Virizion|Swords Dance|p1a: Virizion
|-boost|p1a: Virizion|atk|2
|move|p2a: Milotic|Dragon Tail|p1a: Virizion
|-damage|p1a: Virizion|89/100
|drag|p1a: Excadrill|Excadrill, M|63/100
|-ability|p1a: Excadrill|Mold Breaker
|
|-heal|p1a: Excadrill|69/100|[from] item: Leftovers
|-heal|p2a: Milotic|59/100 psn|[from] item: Leftovers
|-damage|p2a: Milotic|46/100 psn|[from] psn
|upkeep
|turn|24
|
|t:|1725686004
|switch|p1a: Hydreigon|Hydreigon, M|55/100
|move|p2a: Milotic|Scald|p1a: Hydreigon
|-resisted|p1a: Hydreigon
|-damage|p1a: Hydreigon|35/100
|
|-heal|p2a: Milotic|52/100 psn|[from] item: Leftovers
|-damage|p2a: Milotic|40/100 psn|[from] psn
|upkeep
|turn|25
|
|t:|1725686006
|move|p1a: Hydreigon|Draco Meteor|p2a: Milotic
|-damage|p2a: Milotic|0 fnt
|-unboost|p1a: Hydreigon|spa|2
|faint|p2a: Milotic
|
|upkeep
|
|t:|1725686010
|switch|p2a: Scizor|Scizor, M|88/100
|-damage|p2a: Scizor|76/100|[from] Stealth Rock
|turn|26
|
|t:|1725686012
|switch|p1a: Excadrill|Excadrill, M|69/100
|-ability|p1a: Excadrill|Mold Breaker
|move|p2a: Scizor|U-turn|p1a: Excadrill
|-resisted|p1a: Excadrill
|-damage|p1a: Excadrill|30/100
|
|t:|1725686014
|switch|p2a: Donphan|Donphan, M|100/100|[from] U-turn
|-status|p2a: Donphan|psn
|-damage|p2a: Donphan|94/100 psn|[from] Stealth Rock
|
|-heal|p1a: Excadrill|36/100|[from] item: Leftovers
|-heal|p2a: Donphan|100/100 psn|[from] item: Leftovers
|-damage|p2a: Donphan|88/100 psn|[from] psn
|upkeep
|turn|27
|
|t:|1725686019
|move|p1a: Excadrill|Protect|p1a: Excadrill
|-singleturn|p1a: Excadrill|Protect
|move|p2a: Donphan|Rapid Spin|p1a: Excadrill
|-activate|p1a: Excadrill|move: Protect
|
|-heal|p1a: Excadrill|42/100|[from] item: Leftovers
|-heal|p2a: Donphan|94/100 psn|[from] item: Leftovers
|-damage|p2a: Donphan|82/100 psn|[from] psn
|upkeep
|turn|28
|
|t:|1725686025
|move|p1a: Excadrill|Earthquake|p2a: Donphan
|-damage|p2a: Donphan|51/100 psn
|move|p2a: Donphan|Rapid Spin|p1a: Excadrill
|-resisted|p1a: Excadrill
|-damage|p1a: Excadrill|38/100
|-sideend|p2: repinho2711|Toxic Spikes|[from] move: Rapid Spin|[of] p2a: Donphan
|-sideend|p2: repinho2711|Stealth Rock|[from] move: Rapid Spin|[of] p2a: Donphan
|
|-heal|p1a: Excadrill|44/100|[from] item: Leftovers
|-heal|p2a: Donphan|57/100 psn|[from] item: Leftovers
|-damage|p2a: Donphan|45/100 psn|[from] psn
|upkeep
|turn|29
|
|t:|1725686030
|switch|p2a: Scizor|Scizor, M|76/100
|move|p1a: Excadrill|Protect||[still]
|-fail|p1a: Excadrill
|
|-heal|p1a: Excadrill|50/100|[from] item: Leftovers
|upkeep
|turn|30
|
|t:|1725686038
|move|p1a: Excadrill|Protect|p1a: Excadrill
|-singleturn|p1a: Excadrill|Protect
|move|p2a: Scizor|Superpower|p1a: Excadrill
|-activate|p1a: Excadrill|move: Protect
|
|-heal|p1a: Excadrill|56/100|[from] item: Leftovers
|upkeep
|turn|31
|
|t:|1725686044
|switch|p1a: Virizion|Virizion|89/100
|move|p2a: Scizor|Superpower|p1a: Virizion
|-damage|p1a: Virizion|0 fnt
|-unboost|p2a: Scizor|atk|1
|-unboost|p2a: Scizor|def|1
|faint|p1a: Virizion
|
|upkeep
|
|t:|1725686046
|switch|p1a: Excadrill|Excadrill, M|56/100
|-ability|p1a: Excadrill|Mold Breaker
|turn|32
|
|t:|1725686054
|switch|p2a: Donphan|Donphan, M|45/100 psn
|move|p1a: Excadrill|Earthquake|p2a: Donphan
|-damage|p2a: Donphan|16/100 psn
|
|-heal|p1a: Excadrill|62/100|[from] item: Leftovers
|-heal|p2a: Donphan|22/100 psn|[from] item: Leftovers
|-damage|p2a: Donphan|10/100 psn|[from] psn
|upkeep
|turn|33
|
|t:|1725686057
|move|p1a: Excadrill|Protect|p1a: Excadrill
|-singleturn|p1a: Excadrill|Protect
|move|p2a: Donphan|Stealth Rock|p1a: Excadrill
|-sidestart|p1: sidalin|move: Stealth Rock
|
|-heal|p1a: Excadrill|68/100|[from] item: Leftovers
|-heal|p2a: Donphan|16/100 psn|[from] item: Leftovers
|-damage|p2a: Donphan|3/100 psn|[from] psn
|upkeep
|turn|34
|
|t:|1725686059
|move|p1a: Excadrill|Rapid Spin|p2a: Donphan
|-damage|p2a: Donphan|0 fnt
|-sideend|p1: sidalin|Stealth Rock|[from] move: Rapid Spin|[of] p1a: Excadrill
|faint|p2a: Donphan
|
|-heal|p1a: Excadrill|74/100|[from] item: Leftovers
|upkeep
|
|t:|1725686063
|switch|p2a: Virizion|Virizion|10/100
|turn|35
|
|t:|1725686065
|move|p1a: Excadrill|Protect|p1a: Excadrill
|-singleturn|p1a: Excadrill|Protect
|move|p2a: Virizion|Close Combat|p1a: Excadrill
|-activate|p1a: Excadrill|move: Protect
|
|-heal|p1a: Excadrill|80/100|[from] item: Leftovers
|upkeep
|turn|36
|
|t:|1725686067
|move|p2a: Virizion|Close Combat|p1a: Excadrill
|-supereffective|p1a: Excadrill
|-damage|p1a: Excadrill|0 fnt
|-unboost|p2a: Virizion|def|1
|-unboost|p2a: Virizion|spd|1
|faint|p1a: Excadrill
|
|upkeep
|
|t:|1725686070
|switch|p1a: Hydreigon|Hydreigon, M|35/100
|turn|37
|
|t:|1725686072
|move|p1a: Hydreigon|Dark Pulse|p2a: Virizion
|-resisted|p2a: Virizion
|-damage|p2a: Virizion|0 fnt
|faint|p2a: Virizion
|
|upkeep
|
|t:|1725686075
|switch|p2a: Scizor|Scizor, M|76/100
|turn|38
|
|t:|1725686076
|move|p2a: Scizor|Bullet Punch|p1a: Hydreigon
|-damage|p1a: Hydreigon|0 fnt
|faint|p1a: Hydreigon
|
|win|repinho2711
|raw|sidalin's rating: 1315 &rarr; <strong>1304</strong><br />(-11 for losing)
|raw|repinho2711's rating: 1476 &rarr; <strong>1487</strong><br />(+11 for winning)
|l|☆repinho2711
|player|p2|
