|j|☆Gh0st of Perdition
|j|☆Kylopa
|player|p1|Gh0st of Perdition|guitarist-gen4|1573
|player|p2|Kylopa|blue|1400
|teamsize|p1|6
|teamsize|p2|6
|gametype|singles
|gen|5
|tier|[Gen 5] OU
|rated|
|clearpoke
|poke|p1|Tyranitar, M|item
|poke|p1|Landorus-Therian, M|item
|poke|p1|Terrakion|item
|poke|p1|Excadrill, F|item
|poke|p1|Breloom, M|item
|poke|p1|Rotom-Wash|item
|poke|p2|Garchomp, M|item
|poke|p2|Jirachi|item
|poke|p2|Latios, M|item
|poke|p2|Dragonite, M|item
|poke|p2|Magnezone|item
|poke|p2|Kyurem-Black|item
|rule|Species Clause: Limit one of each Pokémon
|rule|OHKO Clause: OHKO moves are banned
|rule|Moody Clause: Moody is banned
|rule|Evasion Moves Clause: Evasion moves are banned
|rule|Endless Battle Clause: Forcing endless battles is banned
|rule|HP Percentage Mod: HP is shown in percentages
|rule|Evasion Abilities Clause: Evasion abilities are banned
|rule|Baton Pass Clause: Limit one Baton Passer, can't pass Spe and other stats simultaneously
|rule|Sleep Clause: Sleep-inducing moves are banned
|rule|Swagger Clause: Swagger is banned
|teampreview
|inactive|Battle timer is ON: inactive players will automatically lose when time's up. (requested by Kylopa)
|
|start
|switch|p1a: Terrakion|Terrakion|100/100
|switch|p2a: Jirachi|Jirachi|100/100
|turn|1
|
|move|p1a: Terrakion|Close Combat|p2a: Jirachi
|-damage|p2a: Jirachi|29/100
|-unboost|p1a: Terrakion|def|1
|-unboost|p1a: Terrakion|spd|1
|move|p2a: Jirachi|Icy Wind|p1a: Terrakion
|-damage|p1a: Terrakion|78/100
|-unboost|p1a: Terrakion|spe|1
|
|-heal|p2a: Jirachi|35/100|[from] item: Leftovers
|upkeep
|turn|2
|
|switch|p1a: Excadrill|Excadrill, F|100/100
|move|p2a: Jirachi|Stealth Rock|p1a: Excadrill
|-sidestart|p1: Gh0st of Perdition|move: Stealth Rock
|
|-heal|p2a: Jirachi|41/100|[from] item: Leftovers
|upkeep
|turn|3
|
|move|p1a: Excadrill|Rapid Spin|p2a: Jirachi
|-resisted|p2a: Jirachi
|-crit|p2a: Jirachi
|-damage|p2a: Jirachi|35/100
|-sideend|p1: Gh0st of Perdition|Stealth Rock|[from] move: Rapid Spin|[of] p1a: Excadrill
|move|p2a: Jirachi|Icy Wind|p1a: Excadrill
|-damage|p1a: Excadrill|82/100
|-unboost|p1a: Excadrill|spe|1
|
|-heal|p2a: Jirachi|41/100|[from] item: Leftovers
|-heal|p1a: Excadrill|88/100|[from] item: Leftovers
|upkeep
|turn|4
|
|switch|p1a: Rotom|Rotom-Wash|100/100
|move|p2a: Jirachi|U-turn|p1a: Rotom
|-damage|p1a: Rotom|86/100
|
|switch|p2a: Kyurem|Kyurem-Black|100/100|[from]move: U-turn
|-ability|p2a: Kyurem|Teravolt
|
|-heal|p1a: Rotom|92/100|[from] item: Leftovers
|upkeep
|turn|5
|
|move|p2a: Kyurem|Outrage|p1a: Rotom
|-damage|p1a: Rotom|0 fnt
|faint|p1a: Rotom
|
|upkeep
|
|switch|p1a: Terrakion|Terrakion|78/100
|turn|6
|
|move|p1a: Terrakion|Close Combat|p2a: Kyurem
|-supereffective|p2a: Kyurem
|-damage|p2a: Kyurem|0 fnt
|-unboost|p1a: Terrakion|def|1
|-unboost|p1a: Terrakion|spd|1
|faint|p2a: Kyurem
|
|upkeep
|
|switch|p2a: Latios|Latios, M|100/100
|turn|7
|
|switch|p1a: Tyranitar|Tyranitar, M|100/100
|-weather|Sandstorm|[from] ability: Sand Stream|[of] p1a: Tyranitar
|move|p2a: Latios|Surf|p1a: Tyranitar
|-supereffective|p1a: Tyranitar
|-damage|p1a: Tyranitar|56/100
|
|-weather|Sandstorm|[upkeep]
|-damage|p2a: Latios|95/100|[from] Sandstorm
|upkeep
|turn|8
|
|move|p2a: Latios|Surf|p1a: Tyranitar
|-supereffective|p1a: Tyranitar
|-damage|p1a: Tyranitar|8/100
|move|p1a: Tyranitar|Crunch|p2a: Latios
|-supereffective|p2a: Latios
|-damage|p2a: Latios|0 fnt
|faint|p2a: Latios
|
|-weather|Sandstorm|[upkeep]
|upkeep
|
|switch|p2a: Jirachi|Jirachi|41/100
|turn|9
|
|switch|p1a: Excadrill|Excadrill, F|88/100
|move|p2a: Jirachi|U-turn|p1a: Excadrill
|-resisted|p1a: Excadrill
|-damage|p1a: Excadrill|78/100
|
|switch|p2a: Magnezone|Magnezone|100/100|[from]move: U-turn
|-item|p2a: Magnezone|Air Balloon
|
|-weather|Sandstorm|[upkeep]
|-heal|p1a: Excadrill|84/100|[from] item: Leftovers
|upkeep
|turn|10
|
|move|p1a: Excadrill|Iron Head|p2a: Magnezone
|-resisted|p2a: Magnezone
|-damage|p2a: Magnezone|88/100
|-enditem|p2a: Magnezone|Air Balloon
|cant|p2a: Magnezone|flinch
|
|-weather|Sandstorm|[upkeep]
|-heal|p1a: Excadrill|90/100|[from] item: Leftovers
|upkeep
|turn|11
|
|move|p1a: Excadrill|Earthquake|p2a: Magnezone
|-supereffective|p2a: Magnezone
|-crit|p2a: Magnezone
|-damage|p2a: Magnezone|0 fnt
|faint|p2a: Magnezone
|
|-weather|Sandstorm|[upkeep]
|-heal|p1a: Excadrill|96/100|[from] item: Leftovers
|upkeep
|
|switch|p2a: Dragonite|Dragonite, M|100/100
|turn|12
|
|switch|p1a: Landorus|Landorus-Therian, M|100/100
|-ability|p1a: Landorus|Intimidate|boost
|-unboost|p2a: Dragonite|atk|1
|switch|p2a: Jirachi|Jirachi|41/100
|
|-weather|Sandstorm|[upkeep]
|-heal|p2a: Jirachi|47/100|[from] item: Leftovers
|upkeep
|turn|13
|
|switch|p1a: Tyranitar|Tyranitar, M|8/100
|move|p2a: Jirachi|Icy Wind|p1a: Tyranitar
|-damage|p1a: Tyranitar|3/100
|-unboost|p1a: Tyranitar|spe|1
|
|-weather|Sandstorm|[upkeep]
|-heal|p2a: Jirachi|54/100|[from] item: Leftovers
|upkeep
|turn|14
|
|switch|p1a: Excadrill|Excadrill, F|96/100
|move|p2a: Jirachi|Icy Wind|p1a: Excadrill
|-damage|p1a: Excadrill|80/100
|-unboost|p1a: Excadrill|spe|1
|
|-weather|Sandstorm|[upkeep]
|-heal|p2a: Jirachi|60/100|[from] item: Leftovers
|-heal|p1a: Excadrill|86/100|[from] item: Leftovers
|upkeep
|turn|15
|
|move|p2a: Jirachi|U-turn|p1a: Excadrill
|-resisted|p1a: Excadrill
|-damage|p1a: Excadrill|76/100
|
|switch|p2a: Garchomp|Garchomp, M|100/100|[from]move: U-turn
|move|p1a: Excadrill|Earthquake|p2a: Garchomp
|-damage|p2a: Garchomp|37/100
|
|-weather|Sandstorm|[upkeep]
|-heal|p1a: Excadrill|82/100|[from] item: Leftovers
|upkeep
|turn|16
|
|switch|p2a: Jirachi|Jirachi|60/100
|switch|p1a: Landorus|Landorus-Therian, M|100/100
|-ability|p1a: Landorus|Intimidate|boost
|-unboost|p2a: Jirachi|atk|1
|
|-weather|Sandstorm|[upkeep]
|-heal|p2a: Jirachi|66/100|[from] item: Leftovers
|upkeep
|turn|17
|
|switch|p1a: Excadrill|Excadrill, F|82/100
|move|p2a: Jirachi|Icy Wind|p1a: Excadrill
|-damage|p1a: Excadrill|65/100
|-unboost|p1a: Excadrill|spe|1
|
|-weather|Sandstorm|[upkeep]
|-heal|p2a: Jirachi|72/100|[from] item: Leftovers
|-heal|p1a: Excadrill|71/100|[from] item: Leftovers
|upkeep
|turn|18
|
|switch|p2a: Dragonite|Dragonite, M|100/100
|move|p1a: Excadrill|Earthquake|p2a: Dragonite
|-immune|p2a: Dragonite
|
|-weather|Sandstorm|[upkeep]
|-damage|p2a: Dragonite|94/100|[from] Sandstorm
|-heal|p1a: Excadrill|77/100|[from] item: Leftovers
|upkeep
|turn|19
|
|switch|p2a: Garchomp|Garchomp, M|37/100
|switch|p1a: Tyranitar|Tyranitar, M|3/100
|
|-weather|Sandstorm|[upkeep]
|upkeep
|turn|20
|-enditem|p1a: Tyranitar|Custap Berry|[eat]
|-activate|p1a: Tyranitar|item: Custap Berry|[consumed]
|
|move|p1a: Tyranitar|Ice Beam|p2a: Garchomp
|-supereffective|p2a: Garchomp
|-damage|p2a: Garchomp|0 fnt
|faint|p2a: Garchomp
|
|-weather|Sandstorm|[upkeep]
|upkeep
|
|switch|p2a: Dragonite|Dragonite, M|94/100
|turn|21
|
|move|p2a: Dragonite|Extreme Speed|p1a: Tyranitar
|-resisted|p1a: Tyranitar
|-damage|p1a: Tyranitar|0 fnt
|faint|p1a: Tyranitar
|
|-weather|Sandstorm|[upkeep]
|-damage|p2a: Dragonite|88/100|[from] Sandstorm
|upkeep
|
|switch|p1a: Excadrill|Excadrill, F|77/100
|turn|22
|
|move|p1a: Excadrill|Iron Head|p2a: Dragonite
|-crit|p2a: Dragonite
|-damage|p2a: Dragonite|0 fnt
|faint|p2a: Dragonite
|
|-weather|Sandstorm|[upkeep]
|-heal|p1a: Excadrill|83/100|[from] item: Leftovers
|upkeep
|
|switch|p2a: Jirachi|Jirachi|72/100
|turn|23
|
|move|p1a: Excadrill|Earthquake|p2a: Jirachi
|-supereffective|p2a: Jirachi
|-damage|p2a: Jirachi|0 fnt
|faint|p2a: Jirachi
|
|win|Gh0st of Perdition
|l|☆Kylopa
|raw|Gh0st of Perdition's rating: 1573 &rarr; <strong>1584</strong><br />(+11 for winning)
|raw|Kylopa's rating: 1400 &rarr; <strong>1390</strong><br />(-10 for losing)
