|j|LarvitarFan
|j|Kunclord Andrew
|player|p1|LarvitarFan|164
|teamsize|p1|6
|player|p2|Kunclord Andrew|284
|teamsize|p2|6
|gametype|singles
|gen|5
|tier|[Gen 5] OU
|rated|
|seed|14234,40694,25161,54691
|rule|Sleep Clause Mod: Limit one foe put to sleep
|rule|Species Clause: Limit one of each Pokémon
|rule|OHKO Clause: OHKO moves are banned
|rule|Moody Clause: Moody is banned
|rule|Evasion Moves Clause: Evasion moves are banned
|rule|Endless Battle Clause: Forcing endless battles is banned
|rule|HP Percentage Mod: HP is shown in percentages
|rule|Evasion Abilities Clause: Evasion abilities are banned
|rule|Baton Pass Clause: Limit one Baton Passer, can't pass Spe and other stats simultaneously
|rule|Swagger Clause: Swagger is banned
|clearpoke
|poke|p1|Tyranitar, F|item
|poke|p1|Reuniclus, F|item
|poke|p1|Gliscor, F|item
|poke|p1|Gengar, F|item
|poke|p1|Breloom, F|item
|poke|p1|Chansey, F|item
|poke|p2|Starmie|item
|poke|p2|Moltres|item
|poke|p2|Breloom, M|item
|poke|p2|Skarmory, F|item
|poke|p2|Tyranitar, F|item
|poke|p2|Reuniclus, F|item
|teampreview
|choice|team 6, team 2, team 3, team 4, team 5, team 1|team 2, team 1, team 3, team 4, team 5, team 6
|
|start
|switch|p1a: Chansey|Chansey, F|704/704
|switch|p2a: I SEE FIRE|Moltres|383/383
|-ability|p2a: I SEE FIRE|Pressure
|turn|1
|choice|move stealthrock|move substitute
|
|move|p2a: I SEE FIRE|Substitute|p2a: I SEE FIRE
|-start|p2a: I SEE FIRE|Substitute
|-damage|p2a: I SEE FIRE|288/383
|move|p1a: Chansey|Stealth Rock|p2a: I SEE FIRE
|-sidestart|p2: Kunclord Andrew|move: Stealth Rock
|
|-heal|p2a: I SEE FIRE|311/383|[from] item: Leftovers
|upkeep
|turn|2
|choice|move seismictoss|move hurricane
|
|move|p2a: I SEE FIRE|Hurricane|p1a: Chansey
|-damage|p1a: Chansey|589/704
|move|p1a: Chansey|Seismic Toss|p2a: I SEE FIRE
|-end|p2a: I SEE FIRE|Substitute
|
|-heal|p2a: I SEE FIRE|334/383|[from] item: Leftovers
|upkeep
|turn|3
|choice|move seismictoss|switch 3
|
|switch|p2a: SOMEDAY|Breloom, M|320/320
|-damage|p2a: SOMEDAY|300/320|[from] Stealth Rock
|move|p1a: Chansey|Seismic Toss|p2a: SOMEDAY
|-damage|p2a: SOMEDAY|200/320
|
|-status|p2a: SOMEDAY|tox|[from] item: Toxic Orb
|upkeep
|turn|4
|choice|move toxic|move spore
|
|move|p2a: SOMEDAY|Spore|p1a: Chansey
|-status|p1a: Chansey|slp
|cant|p1a: Chansey|slp
|
|-heal|p2a: SOMEDAY|240/320 tox|[from] ability: Poison Heal
|upkeep
|turn|5
|choice|switch 3|move spore
|
|-curestatus|p1a: Chansey|slp|[from] ability: Natural Cure
|switch|p1a: Gliscor|Gliscor, F|352/352
|move|p2a: SOMEDAY|Spore|p1a: Gliscor
|-status|p1a: Gliscor|slp
|
|-heal|p2a: SOMEDAY|280/320 tox|[from] ability: Poison Heal
|upkeep
|turn|6
|choice|switch 5|move leechseed
|
|switch|p1a: Breloom|Breloom, F|262/262
|move|p2a: SOMEDAY|Leech Seed|p1a: Breloom
|-immune|p1a: Breloom|[msg]
|
|-heal|p2a: SOMEDAY|320/320 tox|[from] ability: Poison Heal
|upkeep
|turn|7
|choice|move lowsweep|move drainpunch
|
|move|p1a: Breloom|Low Sweep|p2a: SOMEDAY
|-damage|p2a: SOMEDAY|0 fnt
|faint|p2a: SOMEDAY
|
|upkeep
|choice||switch 4
|
|switch|p2a: YOUNG BLOOD|Skarmory, F|333/333
|-damage|p2a: YOUNG BLOOD|292/333|[from] Stealth Rock
|turn|8
|choice|switch 2|move spikes
|
|switch|p1a: Reuniclus|Reuniclus, F|424/424
|move|p2a: YOUNG BLOOD|Spikes|p1a: Reuniclus
|-sidestart|p1: LarvitarFan|Spikes
|
|-heal|p2a: YOUNG BLOOD|312/333|[from] item: Leftovers
|upkeep
|turn|9
|j|CZ
|c|+CZ|HOLY WHAT
|choice|move hiddenpower|switch 5
|
|switch|p2a: POWER|Tyranitar, F|404/404
|-damage|p2a: POWER|354/404|[from] Stealth Rock
|-weather|Sandstorm|[from] ability: Sand Stream|[of] p2a: POWER
|move|p1a: Reuniclus|Hidden Power|p2a: POWER
|-resisted|p2a: POWER
|-damage|p2a: POWER|329/404
|
|-weather|Sandstorm|[upkeep]
|upkeep
|turn|10
|choice|switch 2|move stealthrock
|
|switch|p1a: Breloom|Breloom, F|262/262
|-damage|p1a: Breloom|230/262|[from] Spikes
|move|p2a: POWER|Stealth Rock|p1a: Breloom
|-sidestart|p1: LarvitarFan|move: Stealth Rock
|
|-weather|Sandstorm|[upkeep]
|-damage|p1a: Breloom|214/262|[from] sandstorm
|upkeep
|turn|11
|choice|move lowsweep|switch 6
|
|switch|p2a: GREEK TRAGEDY|Reuniclus, F|424/424
|move|p1a: Breloom|Low Sweep|p2a: GREEK TRAGEDY
|-resisted|p2a: GREEK TRAGEDY
|-damage|p2a: GREEK TRAGEDY|312/424
|-unboost|p2a: GREEK TRAGEDY|spe|1
|
|-weather|Sandstorm|[upkeep]
|-damage|p1a: Breloom|198/262|[from] sandstorm
|upkeep
|turn|12
|choice|switch 6|move focusblast
|
|switch|p1a: Tyranitar|Tyranitar, F|341/341
|-damage|p1a: Tyranitar|299/341|[from] Stealth Rock
|-damage|p1a: Tyranitar|257/341|[from] Spikes
|move|p2a: GREEK TRAGEDY|Focus Blast|p1a: Tyranitar
|-supereffective|p1a: Tyranitar
|-damage|p1a: Tyranitar|0 fnt
|faint|p1a: Tyranitar
|
|-weather|Sandstorm|[upkeep]
|upkeep
|c|+CZ|Kunclord Andrew. How was the bday
|choice|switch 2|
|
|switch|p1a: Reuniclus|Reuniclus, F|424/424
|turn|13
|c|☆Kunclord Andrew|it was ok
|c|☆Kunclord Andrew|went to werk
|c|+CZ|:[
|choice|move calmmind|move calmmind
|
|move|p1a: Reuniclus|Calm Mind|p1a: Reuniclus
|-boost|p1a: Reuniclus|spa|1
|-boost|p1a: Reuniclus|spd|1
|move|p2a: GREEK TRAGEDY|Calm Mind|p2a: GREEK TRAGEDY
|-boost|p2a: GREEK TRAGEDY|spa|1
|-boost|p2a: GREEK TRAGEDY|spd|1
|
|-weather|Sandstorm|[upkeep]
|upkeep
|turn|14
|c|☆Kunclord Andrew|i did my celeb
|c|☆Kunclord Andrew|over the weekend
|choice|move calmmind|switch 6
|
|switch|p2a: POWER|Tyranitar, F|329/404
|-damage|p2a: POWER|279/404|[from] Stealth Rock
|move|p1a: Reuniclus|Calm Mind|p1a: Reuniclus
|-boost|p1a: Reuniclus|spa|1
|-boost|p1a: Reuniclus|spd|1
|
|-weather|Sandstorm|[upkeep]
|upkeep
|turn|15
|c|+CZ|Fair
|choice|move recover|move crunch
|
|move|p2a: POWER|Crunch|p1a: Reuniclus
|-supereffective|p1a: Reuniclus
|-damage|p1a: Reuniclus|182/424
|move|p1a: Reuniclus|Recover|p1a: Reuniclus
|-heal|p1a: Reuniclus|394/424
|
|-weather|Sandstorm|[upkeep]
|upkeep
|turn|16
|c|+CZ|Should've come mine. Partaaay
|choice|move recover|move crunch
|
|move|p2a: POWER|Crunch|p1a: Reuniclus
|-supereffective|p1a: Reuniclus
|-damage|p1a: Reuniclus|136/424
|move|p1a: Reuniclus|Recover|p1a: Reuniclus
|-heal|p1a: Reuniclus|348/424
|
|-weather|Sandstorm|[upkeep]
|upkeep
|turn|17
|c|☆Kunclord Andrew|that trip
|c|☆Kunclord Andrew|would be too: expensive
|c|+CZ|Pfft
|c|+CZ|Hashtag worth
|choice|move hiddenpower|move crunch
|
|move|p2a: POWER|Crunch|p1a: Reuniclus
|-supereffective|p1a: Reuniclus
|-damage|p1a: Reuniclus|102/424
|-unboost|p1a: Reuniclus|def|1
|move|p1a: Reuniclus|Hidden Power|p2a: POWER
|-resisted|p2a: POWER
|-damage|p2a: POWER|228/404
|
|-weather|Sandstorm|[upkeep]
|upkeep
|turn|18
|choice|switch 5|move crunch
|
|switch|p1a: Gliscor|Gliscor, F|352/352 slp
|-damage|p1a: Gliscor|308/352 slp|[from] Stealth Rock
|move|p2a: POWER|Crunch|p1a: Gliscor
|-damage|p1a: Gliscor|188/352 slp
|
|-weather|Sandstorm|[upkeep]
|upkeep
|turn|19
|choice|move earthquake|switch 2
|
|switch|p2a: FROM FINNER|Starmie|323/323
|-damage|p2a: FROM FINNER|283/323|[from] Stealth Rock
|cant|p1a: Gliscor|slp
|
|-weather|Sandstorm|[upkeep]
|-damage|p2a: FROM FINNER|263/323|[from] sandstorm
|-heal|p2a: FROM FINNER|283/323|[from] item: Leftovers
|upkeep
|turn|20
|choice|switch 3|move rapidspin
|
|switch|p1a: Chansey|Chansey, F|589/704
|-damage|p1a: Chansey|501/704|[from] Stealth Rock
|-damage|p1a: Chansey|413/704|[from] Spikes
|move|p2a: FROM FINNER|Rapid Spin|p1a: Chansey
|-damage|p1a: Chansey|398/704
|-sideend|p2: Kunclord Andrew|Stealth Rock|[from] move: Rapid Spin|[of] p2a: FROM FINNER
|
|-weather|Sandstorm|[upkeep]
|-damage|p2a: FROM FINNER|263/323|[from] sandstorm
|-damage|p1a: Chansey|354/704|[from] sandstorm
|-heal|p2a: FROM FINNER|283/323|[from] item: Leftovers
|upkeep
|turn|21
|choice|move stealthrock|switch 2
|
|switch|p2a: POWER|Tyranitar, F|228/404
|move|p1a: Chansey|Stealth Rock|p2a: POWER
|-sidestart|p2: Kunclord Andrew|move: Stealth Rock
|
|-weather|Sandstorm|[upkeep]
|-damage|p1a: Chansey|310/704|[from] sandstorm
|upkeep
|turn|22
|choice|move softboiled|move pursuit
|
|move|p2a: POWER|Pursuit|p1a: Chansey
|-damage|p1a: Chansey|214/704
|move|p1a: Chansey|Soft-Boiled|p1a: Chansey
|-heal|p1a: Chansey|566/704
|
|-weather|Sandstorm|[upkeep]
|-damage|p1a: Chansey|522/704|[from] sandstorm
|upkeep
|turn|23
|choice|move seismictoss|move superpower
|
|move|p2a: POWER|Superpower|p1a: Chansey
|-supereffective|p1a: Chansey
|-damage|p1a: Chansey|164/704
|-unboost|p2a: POWER|atk|1
|-unboost|p2a: POWER|def|1
|move|p1a: Chansey|Seismic Toss|p2a: POWER
|-damage|p2a: POWER|128/404
|
|-weather|Sandstorm|[upkeep]
|-damage|p1a: Chansey|120/704|[from] sandstorm
|upkeep
|turn|24
|choice|move softboiled|move superpower
|
|move|p2a: POWER|Superpower|p1a: Chansey
|-supereffective|p1a: Chansey
|-crit|p1a: Chansey
|-damage|p1a: Chansey|0 fnt
|-unboost|p2a: POWER|atk|1
|-unboost|p2a: POWER|def|1
|faint|p1a: Chansey
|
|-weather|Sandstorm|[upkeep]
|upkeep
|choice|switch 6|
|
|switch|p1a: Breloom|Breloom, F|198/262
|-damage|p1a: Breloom|166/262|[from] Spikes
|-damage|p1a: Breloom|150/262|[from] Stealth Rock
|turn|25
|choice|move bulletseed|move pursuit
|
|move|p1a: Breloom|Bullet Seed|p2a: POWER
|-supereffective|p2a: POWER
|-damage|p2a: POWER|0 fnt
|-hitcount|p2a: POWER|1
|faint|p2a: POWER
|
|-weather|Sandstorm|[upkeep]
|-damage|p1a: Breloom|134/262|[from] sandstorm
|upkeep
|choice||switch 5
|
|switch|p2a: YOUNG BLOOD|Skarmory, F|312/333
|-damage|p2a: YOUNG BLOOD|271/333|[from] Stealth Rock
|turn|26
|choice|switch 3|move bravebird
|
|switch|p1a: Gliscor|Gliscor, F|188/352 slp
|-damage|p1a: Gliscor|144/352 slp|[from] Stealth Rock
|move|p2a: YOUNG BLOOD|Brave Bird|p1a: Gliscor
|-damage|p1a: Gliscor|53/352 slp
|-damage|p2a: YOUNG BLOOD|241/333|[from] Recoil|[of] p1a: Gliscor
|
|-weather|Sandstorm|[upkeep]
|-heal|p2a: YOUNG BLOOD|261/333|[from] item: Leftovers
|upkeep
|turn|27
|choice|move roost|move bravebird
|
|cant|p1a: Gliscor|slp
|move|p2a: YOUNG BLOOD|Brave Bird|p1a: Gliscor
|-damage|p1a: Gliscor|0 fnt
|-damage|p2a: YOUNG BLOOD|244/333|[from] Recoil|[of] p1a: Gliscor
|faint|p1a: Gliscor
|
|-weather|Sandstorm|[upkeep]
|-heal|p2a: YOUNG BLOOD|264/333|[from] item: Leftovers
|upkeep
|choice|switch 4|
|
|switch|p1a: Gengar|Gengar, F|261/261
|-damage|p1a: Gengar|229/261|[from] Stealth Rock
|turn|28
|choice|move thunderbolt|switch 6
|
|switch|p2a: GREEK TRAGEDY|Reuniclus, F|312/424
|move|p1a: Gengar|Thunderbolt|p2a: GREEK TRAGEDY
|-damage|p2a: GREEK TRAGEDY|187/424
|
|-weather|Sandstorm|[upkeep]
|-damage|p1a: Gengar|213/261|[from] sandstorm
|-heal|p1a: Gengar|229/261|[from] item: Black Sludge
|upkeep
|turn|29
|choice|move shadowball|move recover
|
|move|p1a: Gengar|Shadow Ball|p2a: GREEK TRAGEDY
|-supereffective|p2a: GREEK TRAGEDY
|-damage|p2a: GREEK TRAGEDY|0 fnt
|faint|p2a: GREEK TRAGEDY
|
|-weather|Sandstorm|[upkeep]
|-damage|p1a: Gengar|213/261|[from] sandstorm
|-heal|p1a: Gengar|229/261|[from] item: Black Sludge
|upkeep
|choice||switch 2
|
|switch|p2a: FROM FINNER|Starmie|283/323
|-damage|p2a: FROM FINNER|243/323|[from] Stealth Rock
|turn|30
|c|☆Kunclord Andrew|o
|c|☆Kunclord Andrew|derpin
|choice|move shadowball|move scald
|
|move|p2a: FROM FINNER|Scald|p1a: Gengar
|-damage|p1a: Gengar|108/261
|-status|p1a: Gengar|brn
|move|p1a: Gengar|Shadow Ball|p2a: FROM FINNER
|-supereffective|p2a: FROM FINNER
|-damage|p2a: FROM FINNER|0 fnt
|faint|p2a: FROM FINNER
|
|-weather|Sandstorm|[upkeep]
|-damage|p1a: Gengar|92/261 brn|[from] sandstorm
|-heal|p1a: Gengar|108/261 brn|[from] item: Black Sludge
|-damage|p1a: Gengar|76/261 brn|[from] brn
|upkeep
|choice||switch 6
|
|switch|p2a: YOUNG BLOOD|Skarmory, F|264/333
|-damage|p2a: YOUNG BLOOD|223/333|[from] Stealth Rock
|turn|31
|c|☆Kunclord Andrew|gg
|choice|move thunderbolt|move roost
|
|move|p1a: Gengar|Thunderbolt|p2a: YOUNG BLOOD
|-supereffective|p2a: YOUNG BLOOD
|-damage|p2a: YOUNG BLOOD|0 fnt
|faint|p2a: YOUNG BLOOD
|
|-weather|Sandstorm|[upkeep]
|-damage|p1a: Gengar|60/261 brn|[from] sandstorm
|-heal|p1a: Gengar|76/261 brn|[from] item: Black Sludge
|-damage|p1a: Gengar|44/261 brn|[from] brn
|upkeep
|choice||switch 3
|
|switch|p2a: I SEE FIRE|Moltres|334/383
|-damage|p2a: I SEE FIRE|143/383|[from] Stealth Rock
|-ability|p2a: I SEE FIRE|Pressure
|turn|32
|choice|move thunderbolt|move roost
|
|move|p1a: Gengar|Thunderbolt|p2a: I SEE FIRE
|-supereffective|p2a: I SEE FIRE
|-damage|p2a: I SEE FIRE|0 fnt
|faint|p2a: I SEE FIRE
|
|win|LarvitarFan
|l|CZ
|l|Kunclord Andrew
|raw|LarvitarFan's rating: 1275 &rarr; <strong>1308</strong><br />(+33 for winning)
|raw|Kunclord Andrew's rating: 1391 &rarr; <strong>1365</strong><br />(-26 for losing)
|c|☆LarvitarFan|Nice choke dumbass