|j|1ndigoblue
|j|GonSharingan
|player|p1|1ndigoblue|50
|player|p2|GonSharingan|1
|gametype|singles
|gen|5
|tier|[Gen 5] OU
|rated
|seed|
|rule|Evasion Abilities Clause: Evasion abilities are banned
|rule|Baton Pass Clause: Limit one Baton Passer, can't pass Spe and other stats simultaneously
|rule|Swagger Clause: Swagger is banned
|clearpoke
|poke|p1|Politoed, M|item
|poke|p1|Latios, M|item
|poke|p1|Starmie|item
|poke|p1|Dugtrio, M|item
|poke|p1|Jirachi|item
|poke|p1|Tornadus, M|item
|poke|p2|Alakazam, M|item
|poke|p2|Dragonite, M|item
|poke|p2|Scizor, M|item
|poke|p2|Ferrothorn, F|item
|poke|p2|Politoed, M|item
|poke|p2|Keldeo-Resolute|item
|rule|Sleep Clause Mod: Limit one foe put to sleep
|rule|Species Clause: Limit one of each Pokémon
|rule|OHKO Clause: OHKO moves are banned
|rule|Moody Clause: Moody is banned
|rule|Evasion Moves Clause: Evasion moves are banned
|rule|Endless Battle Clause: Forcing endless battles is banned
|rule|HP Percentage Mod: HP is shown in percentages
|teampreview
|choice||
|
|start
|switch|p1a: Dugtrio|Dugtrio, M|100/100
|switch|p2a: Kakuma|Ferrothorn, F|100/100
|turn|1
|choice||
|
|move|p1a: Dugtrio|Stealth Rock|p2a: Kakuma
|-sidestart|p2: GonSharingan|move: Stealth Rock
|move|p2a: Kakuma|Stealth Rock|p1a: Dugtrio
|-sidestart|p1: 1ndigoblue|move: Stealth Rock
|
|turn|2
|choice||
|
|move|p1a: Dugtrio|Earthquake|p2a: Kakuma
|-damage|p2a: Kakuma|75/100
|move|p2a: Kakuma|Leech Seed|p1a: Dugtrio
|-start|p1a: Dugtrio|move: Leech Seed
|
|-damage|p1a: Dugtrio|88/100|[from] Leech Seed|[of] p2a: Kakuma
|-heal|p2a: Kakuma|81/100|[silent]
|turn|3
|choice||
|
|switch|p1a: Politoed|Politoed, M|100/100
|-damage|p1a: Politoed|88/100|[from] Stealth Rock
|-weather|RainDance|[from] ability: Drizzle|[of] p1a: Politoed
|move|p2a: Kakuma|Leech Seed|p1a: Politoed
|-start|p1a: Politoed|move: Leech Seed
|
|-weather|RainDance|[upkeep]
|-damage|p1a: Politoed|76/100|[from] Leech Seed|[of] p2a: Kakuma
|-heal|p2a: Kakuma|93/100|[silent]
|turn|4
|choice||
|
|move|p1a: Politoed|Hypnosis|p2a: Kakuma
|-status|p2a: Kakuma|slp
|cant|p2a: Kakuma|slp
|
|-weather|RainDance|[upkeep]
|-damage|p1a: Politoed|64/100|[from] Leech Seed|[of] p2a: Kakuma
|-heal|p2a: Kakuma|100/100 slp|[silent]
|turn|5
|choice||
|
|switch|p1a: Starmie|Starmie|100/100
|-damage|p1a: Starmie|88/100|[from] Stealth Rock
|cant|p2a: Kakuma|slp
|
|-weather|RainDance|[upkeep]
|turn|6
|choice||
|
|move|p1a: Starmie|Rapid Spin|p2a: Kakuma
|-resisted|p2a: Kakuma
|-damage|p2a: Kakuma|99/100 slp
|-damage|p1a: Starmie|76/100|[from] ability: Iron Barbs|[of] p2a: Kakuma
|-damage|p1a: Starmie|60/100|[from] item: Rocky Helmet|[of] p2a: Kakuma
|-sideend|p1: 1ndigoblue|Stealth Rock|[from] move: Rapid Spin|[of] p1a: Starmie
|-damage|p1a: Starmie|50/100|[from] item: Life Orb
|cant|p2a: Kakuma|slp
|
|-weather|RainDance|[upkeep]
|turn|7
|choice||
|
|switch|p1a: Jirachi|Jirachi|100/100
|-curestatus|p2a: Kakuma|slp|[msg]
|move|p2a: Kakuma|Leech Seed|p1a: Jirachi
|-start|p1a: Jirachi|move: Leech Seed
|
|-weather|RainDance|[upkeep]
|-damage|p1a: Jirachi|88/100|[from] Leech Seed|[of] p2a: Kakuma
|-heal|p2a: Kakuma|100/100|[silent]
|turn|8
|choice||
|
|switch|p1a: Tornadus|Tornadus, M|100/100
|move|p2a: Kakuma|Stealth Rock|p1a: Tornadus
|-sidestart|p1: 1ndigoblue|move: Stealth Rock
|
|-weather|RainDance|[upkeep]
|turn|9
|choice||
|
|move|p1a: Tornadus|Hurricane|p2a: Kakuma
|-damage|p2a: Kakuma|40/100
|-start|p2a: Kakuma|confusion
|-activate|p2a: Kakuma|confusion
|move|p2a: Kakuma|Spikes|p1a: Tornadus
|-sidestart|p1: 1ndigoblue|Spikes
|
|-weather|RainDance|[upkeep]
|turn|10
|choice||
|
|move|p1a: Tornadus|Hurricane|p2a: Kakuma
|-damage|p2a: Kakuma|0 fnt
|faint|p2a: Kakuma
|
|-weather|RainDance|[upkeep]
|choice||
|
|switch|p2a: Ichirota|Politoed, M|100/100
|-damage|p2a: Ichirota|88/100|[from] Stealth Rock
|turn|11
|choice||
|
|switch|p1a: Politoed|Politoed, M|64/100
|-damage|p1a: Politoed|51/100|[from] Spikes
|-damage|p1a: Politoed|39/100|[from] Stealth Rock
|move|p2a: Ichirota|Hydro Pump|p1a: Politoed
|-resisted|p1a: Politoed
|-damage|p1a: Politoed|0 fnt
|faint|p1a: Politoed
|
|-weather|RainDance|[upkeep]
|choice||
|
|switch|p1a: Latios|Latios, M|100/100
|-damage|p1a: Latios|88/100|[from] Stealth Rock
|turn|12
|choice||
|
|move|p1a: Latios|Surf|p2a: Ichirota
|-resisted|p2a: Ichirota
|-damage|p2a: Ichirota|51/100
|move|p2a: Ichirota|Hydro Pump|p1a: Latios
|-resisted|p1a: Latios
|-damage|p1a: Latios|35/100
|
|-weather|RainDance|[upkeep]
|turn|13
|choice||
|
|switch|p1a: Dugtrio|Dugtrio, M|88/100
|-damage|p1a: Dugtrio|82/100|[from] Stealth Rock
|-damage|p1a: Dugtrio|70/100|[from] Spikes
|move|p2a: Ichirota|Hydro Pump|p1a: Dugtrio
|-supereffective|p1a: Dugtrio
|-damage|p1a: Dugtrio|0 fnt
|faint|p1a: Dugtrio
|
|-weather|RainDance|[upkeep]
|choice||
|
|switch|p1a: Starmie|Starmie|50/100
|-damage|p1a: Starmie|38/100|[from] Spikes
|-damage|p1a: Starmie|25/100|[from] Stealth Rock
|turn|14
|choice||
|
|move|p1a: Starmie|Rapid Spin|p2a: Ichirota
|-damage|p2a: Ichirota|46/100
|-sideend|p1: 1ndigoblue|Spikes|[from] move: Rapid Spin|[of] p1a: Starmie
|-sideend|p1: 1ndigoblue|Stealth Rock|[from] move: Rapid Spin|[of] p1a: Starmie
|-damage|p1a: Starmie|15/100|[from] item: Life Orb
|move|p2a: Ichirota|Hydro Pump|p1a: Starmie
|-resisted|p1a: Starmie
|-damage|p1a: Starmie|0 fnt
|faint|p1a: Starmie
|
|-weather|RainDance|[upkeep]
|choice||
|
|switch|p1a: Tornadus|Tornadus, M|100/100
|turn|15
|choice||
|
|move|p1a: Tornadus|Hurricane|p2a: Ichirota
|-damage|p2a: Ichirota|0 fnt
|faint|p2a: Ichirota
|
|-weather|RainDance|[upkeep]
|choice||
|
|switch|p2a: Mamoru|Alakazam, M|100/100
|turn|16
|choice||
|
|switch|p1a: Latios|Latios, M|35/100
|move|p2a: Mamoru|Focus Blast|p1a: Latios|[miss]
|-miss|p2a: Mamoru|p1a: Latios
|
|-weather|RainDance|[upkeep]
|turn|17
|choice||
|
|move|p2a: Mamoru|Shadow Ball|p1a: Latios
|-supereffective|p1a: Latios
|-damage|p1a: Latios|0 fnt
|faint|p1a: Latios
|
|-weather|RainDance|[upkeep]
|choice||
|
|switch|p1a: Jirachi|Jirachi|88/100
|turn|18
|choice||
|
|switch|p2a: Kido|Scizor, M|100/100
|-damage|p2a: Kido|88/100|[from] Stealth Rock
|move|p1a: Jirachi|Thunder|p2a: Kido
|-crit|p2a: Kido
|-damage|p2a: Kido|8/100
|-status|p2a: Kido|par
|
|-weather|RainDance|[upkeep]
|-heal|p1a: Jirachi|94/100|[from] item: Leftovers
|turn|19
|c|★GonSharingan|omg
|choice||
|
|move|p1a: Jirachi|Substitute|p1a: Jirachi
|-start|p1a: Jirachi|Substitute
|-damage|p1a: Jirachi|69/100
|move|p2a: Kido|U-turn|p1a: Jirachi
|-end|p1a: Jirachi|Substitute
|choice||
|
|switch|p2a: Goenji|Dragonite, M|100/100
|-damage|p2a: Goenji|75/100|[from] Stealth Rock
|
|-weather|RainDance|[upkeep]
|-heal|p1a: Jirachi|75/100|[from] item: Leftovers
|turn|20
|choice||
|
|move|p1a: Jirachi|Thunder|p2a: Goenji
|-damage|p2a: Goenji|39/100
|-status|p2a: Goenji|par
|cant|p2a: Goenji|par
|
|-weather|RainDance|[upkeep]
|-heal|p1a: Jirachi|82/100|[from] item: Leftovers
|turn|21
|c|★GonSharingan|omg
|choice||
|
|move|p1a: Jirachi|Substitute|p1a: Jirachi
|-start|p1a: Jirachi|Substitute
|-damage|p1a: Jirachi|57/100
|cant|p2a: Goenji|par
|
|-weather|RainDance|[upkeep]
|-heal|p1a: Jirachi|63/100|[from] item: Leftovers
|turn|22
|choice||
|
|move|p1a: Jirachi|Thunder|p2a: Goenji
|-damage|p2a: Goenji|2/100 par
|move|p2a: Goenji|Earthquake|p1a: Jirachi
|-supereffective|p1a: Jirachi
|-end|p1a: Jirachi|Substitute
|
|-weather|RainDance|[upkeep]
|-heal|p1a: Jirachi|69/100|[from] item: Leftovers
|turn|23
|choice||
|
|move|p1a: Jirachi|Substitute|p1a: Jirachi
|-start|p1a: Jirachi|Substitute
|-damage|p1a: Jirachi|44/100
|move|p2a: Goenji|Earthquake|p1a: Jirachi
|-supereffective|p1a: Jirachi
|-end|p1a: Jirachi|Substitute
|
|-weather|RainDance|[upkeep]
|-heal|p1a: Jirachi|50/100|[from] item: Leftovers
|turn|24
|choice||
|
|move|p1a: Jirachi|Substitute|p1a: Jirachi
|-start|p1a: Jirachi|Substitute
|-damage|p1a: Jirachi|25/100
|cant|p2a: Goenji|par
|
|-weather|RainDance|[upkeep]
|-heal|p1a: Jirachi|31/100|[from] item: Leftovers
|turn|25
|choice||
|
|move|p1a: Jirachi|Thunder|p2a: Goenji
|-damage|p2a: Goenji|0 fnt
|faint|p2a: Goenji
|
|-weather|RainDance|[upkeep]
|-heal|p1a: Jirachi|38/100|[from] item: Leftovers
|c|★GonSharingan|nice
|choice||
|
|switch|p2a: Mamoru|Alakazam, M|100/100
|turn|26
|choice||
|
|move|p2a: Mamoru|Shadow Ball|p1a: Jirachi
|-activate|p1a: Jirachi|Substitute|[damage]
|move|p1a: Jirachi|Thunder|p2a: Mamoru
|-damage|p2a: Mamoru|52/100
|-status|p2a: Mamoru|par
|
|-weather|RainDance|[upkeep]
|-heal|p1a: Jirachi|44/100|[from] item: Leftovers
|turn|27
|choice||
|
|move|p1a: Jirachi|Calm Mind|p1a: Jirachi
|-boost|p1a: Jirachi|spa|1
|-boost|p1a: Jirachi|spd|1
|cant|p2a: Mamoru|par
|
|-weather|RainDance|[upkeep]
|-heal|p1a: Jirachi|50/100|[from] item: Leftovers
|turn|28
|choice||
|
|move|p1a: Jirachi|Thunder|p2a: Mamoru
|-damage|p2a: Mamoru|0 fnt
|faint|p2a: Mamoru
|
|-weather|RainDance|[upkeep]
|-heal|p1a: Jirachi|56/100|[from] item: Leftovers
|choice||
|
|switch|p2a: Keldeo|Keldeo-Resolute|100/100
|-damage|p2a: Keldeo|94/100|[from] Stealth Rock
|turn|29
|choice||
|
|move|p2a: Keldeo|Hydro Pump|p1a: Jirachi|[miss]
|-miss|p2a: Keldeo|p1a: Jirachi
|move|p1a: Jirachi|Thunder|p2a: Keldeo
|-supereffective|p2a: Keldeo
|-damage|p2a: Keldeo|0 fnt
|faint|p2a: Keldeo
|
|-weather|RainDance|[upkeep]
|-heal|p1a: Jirachi|62/100|[from] item: Leftovers
|c|★GonSharingan|bg
|c|★1ndigoblue|ty
|choice||
|
|switch|p2a: Kido|Scizor, M|8/100 par
|-damage|p2a: Kido|0 fnt|[from] Stealth Rock
|faint|p2a: Kido
|
|win|1ndigoblue
|player|p1
|player|p2
|c|★1ndigoblue|gg
|raw|1ndigoblue's rating: 1276 &rarr; <strong>1305</strong><br />(+29 for winning)
|raw|GonSharingan's rating: 1335 &rarr; <strong>1312</strong><br />(-23 for losing)