|j|☆Kairak
|j|☆jailer steve
|player|p1|Kairak|76|1433
|player|p2|jailer steve|196|1367
|teamsize|p1|6
|teamsize|p2|6
|gametype|singles
|gen|5
|tier|[Gen 5] OU
|rated|
|rule|Sleep Clause Mod: Limit one foe put to sleep
|rule|Species Clause: Limit one of each Pokémon
|rule|OHKO Clause: OHKO moves are banned
|rule|Moody Clause: Moody is banned
|rule|Evasion Moves Clause: Evasion moves are banned
|rule|Endless Battle Clause: Forcing endless battles is banned
|rule|HP Percentage Mod: HP is shown in percentages
|rule|Evasion Abilities Clause: Evasion abilities are banned
|rule|Baton Pass Clause: Limit one Baton Passer, can't pass Spe and other stats simultaneously
|rule|Swagger Clause: Swagger is banned
|clearpoke
|poke|p1|Gyarados, F|item
|poke|p1|Garchomp, M|item
|poke|p1|Thundurus-Therian, M|item
|poke|p1|Ferrothorn, F|item
|poke|p1|Keldeo-Resolute|item
|poke|p1|Excadrill, F|item
|poke|p2|Scizor, M|item
|poke|p2|Ditto|item
|poke|p2|Chansey, F|item
|poke|p2|Xatu, F|item
|poke|p2|Slowbro, M|item
|poke|p2|Excadrill, M|item
|teampreview
|
|start
|switch|p1a: Thundurus|Thundurus-Therian, M|100/100
|switch|p2a: Chansey|Chansey, F|100/100
|turn|1
|j| ruber draft
|
|switch|p1a: Ferrothorn|Ferrothorn, F|100/100
|move|p2a: Chansey|Stealth Rock|p1a: Ferrothorn
|-sidestart|p1: Kairak|move: Stealth Rock
|
|upkeep
|turn|2
|
|switch|p2a: Xatu|Xatu, F|100/100
|move|p1a: Ferrothorn|Swords Dance|p1a: Ferrothorn
|-boost|p1a: Ferrothorn|atk|2
|
|upkeep
|turn|3
|
|move|p2a: Xatu|Reflect|p2a: Xatu
|-sidestart|p2: jailer steve|Reflect
|move|p1a: Ferrothorn|Gyro Ball|p2a: Xatu
|-damage|p2a: Xatu|58/100
|-damage|p1a: Ferrothorn|84/100|[from] item: Rocky Helmet|[of] p2a: Xatu
|
|-heal|p1a: Ferrothorn|90/100|[from] item: Leftovers
|upkeep
|turn|4
|
|move|p2a: Xatu|Night Shade|p1a: Ferrothorn
|-damage|p1a: Ferrothorn|62/100
|move|p1a: Ferrothorn|Swords Dance|p1a: Ferrothorn
|-boost|p1a: Ferrothorn|atk|2
|
|-heal|p1a: Ferrothorn|68/100|[from] item: Leftovers
|upkeep
|turn|5
|
|move|p2a: Xatu|Night Shade|p1a: Ferrothorn
|-damage|p1a: Ferrothorn|40/100
|move|p1a: Ferrothorn|Gyro Ball|p2a: Xatu
|-damage|p2a: Xatu|0 fnt
|-damage|p1a: Ferrothorn|23/100|[from] item: Rocky Helmet|[of] p2a: Xatu
|faint|p2a: Xatu
|
|-heal|p1a: Ferrothorn|29/100|[from] item: Leftovers
|upkeep
|
|switch|p2a: Excadrill|Excadrill, M|100/100
|-ability|p2a: Excadrill|Mold Breaker
|turn|6
|
|move|p2a: Excadrill|Earthquake|p1a: Ferrothorn
|-damage|p1a: Ferrothorn|2/100
|move|p1a: Ferrothorn|Power Whip|p2a: Excadrill
|-damage|p2a: Excadrill|31/100
|
|-heal|p2a: Excadrill|37/100|[from] item: Leftovers
|-heal|p1a: Ferrothorn|8/100|[from] item: Leftovers
|upkeep
|turn|7
|
|switch|p1a: Garchomp|Garchomp, M|100/100
|-damage|p1a: Garchomp|94/100|[from] Stealth Rock
|move|p2a: Excadrill|Earthquake|p1a: Garchomp
|-damage|p1a: Garchomp|59/100
|
|-heal|p2a: Excadrill|43/100|[from] item: Leftovers
|-sideend|p2: jailer steve|Reflect
|upkeep
|turn|8
|
|switch|p2a: Slowbro|Slowbro, M|100/100
|move|p1a: Garchomp|Stealth Rock|p2a: Slowbro
|-sidestart|p2: jailer steve|move: Stealth Rock
|
|upkeep
|turn|9
|
|switch|p1a: Ferrothorn|Ferrothorn, F|8/100
|-damage|p1a: Ferrothorn|2/100|[from] Stealth Rock
|move|p2a: Slowbro|Ice Beam|p1a: Ferrothorn
|-damage|p1a: Ferrothorn|0 fnt
|faint|p1a: Ferrothorn
|
|upkeep
|
|switch|p1a: Gyarados|Gyarados, F|100/100
|-damage|p1a: Gyarados|76/100|[from] Stealth Rock
|turn|10
|
|move|p1a: Gyarados|Substitute|p1a: Gyarados
|-start|p1a: Gyarados|Substitute
|-damage|p1a: Gyarados|51/100
|move|p2a: Slowbro|Psychic|p1a: Gyarados
|-end|p1a: Gyarados|Substitute
|
|-heal|p1a: Gyarados|57/100|[from] item: Leftovers
|upkeep
|turn|11
|
|move|p1a: Gyarados|Dragon Dance|p1a: Gyarados
|-boost|p1a: Gyarados|atk|1
|-boost|p1a: Gyarados|spe|1
|move|p2a: Slowbro|Psychic|p1a: Gyarados
|-damage|p1a: Gyarados|24/100
|
|-heal|p1a: Gyarados|30/100|[from] item: Leftovers
|upkeep
|turn|12
|
|move|p1a: Gyarados|Bounce||[still]
|-prepare|p1a: Gyarados|Bounce|p2a: Slowbro
|move|p2a: Slowbro|Psychic|p1a: Gyarados|[miss]
|-miss|p2a: Slowbro|p1a: Gyarados
|
|-heal|p1a: Gyarados|36/100|[from] item: Leftovers
|upkeep
|turn|13
|
|move|p1a: Gyarados|Bounce|p2a: Slowbro|[from]lockedmove
|-damage|p2a: Slowbro|50/100
|-status|p2a: Slowbro|par
|cant|p2a: Slowbro|par
|
|-heal|p1a: Gyarados|42/100|[from] item: Leftovers
|-heal|p2a: Slowbro|56/100 par|[from] item: Leftovers
|upkeep
|turn|14
|
|move|p1a: Gyarados|Bounce||[still]
|-prepare|p1a: Gyarados|Bounce|p2a: Slowbro
|move|p2a: Slowbro|Slack Off|p2a: Slowbro
|-heal|p2a: Slowbro|100/100 par
|
|-heal|p1a: Gyarados|48/100|[from] item: Leftovers
|upkeep
|turn|15
|
|move|p1a: Gyarados|Bounce|p2a: Slowbro|[from]lockedmove
|-damage|p2a: Slowbro|47/100 par
|move|p2a: Slowbro|Psychic|p1a: Gyarados
|-damage|p1a: Gyarados|13/100
|
|-heal|p1a: Gyarados|20/100|[from] item: Leftovers
|-heal|p2a: Slowbro|53/100 par|[from] item: Leftovers
|upkeep
|turn|16
|
|move|p1a: Gyarados|Dragon Dance|p1a: Gyarados
|-boost|p1a: Gyarados|atk|1
|-boost|p1a: Gyarados|spe|1
|move|p2a: Slowbro|Psychic|p1a: Gyarados
|-damage|p1a: Gyarados|0 fnt
|faint|p1a: Gyarados
|
|-heal|p2a: Slowbro|59/100 par|[from] item: Leftovers
|upkeep
|
|switch|p1a: Excadrill|Excadrill, F|100/100
|-damage|p1a: Excadrill|97/100|[from] Stealth Rock
|-ability|p1a: Excadrill|Mold Breaker
|turn|17
|
|move|p1a: Excadrill|Earthquake|p2a: Slowbro
|-damage|p2a: Slowbro|16/100 par
|move|p2a: Slowbro|Scald|p1a: Excadrill
|-supereffective|p1a: Excadrill
|-damage|p1a: Excadrill|27/100
|-status|p1a: Excadrill|brn
|
|-heal|p2a: Slowbro|22/100 par|[from] item: Leftovers
|-damage|p1a: Excadrill|15/100 brn|[from] brn
|upkeep
|turn|18
|
|switch|p2a: Scizor|Scizor, M|100/100
|-damage|p2a: Scizor|88/100|[from] Stealth Rock
|move|p1a: Excadrill|Earthquake|p2a: Scizor
|-damage|p2a: Scizor|64/100
|
|-heal|p2a: Scizor|70/100|[from] item: Leftovers
|-damage|p1a: Excadrill|2/100 brn|[from] brn
|upkeep
|turn|19
|
|switch|p1a: Garchomp|Garchomp, M|59/100
|-damage|p1a: Garchomp|53/100|[from] Stealth Rock
|move|p2a: Scizor|Bullet Punch|p1a: Garchomp
|-damage|p1a: Garchomp|33/100
|-damage|p2a: Scizor|58/100|[from] ability: Rough Skin|[of] p1a: Garchomp
|-damage|p2a: Scizor|41/100|[from] item: Rocky Helmet|[of] p1a: Garchomp
|
|-heal|p2a: Scizor|47/100|[from] item: Leftovers
|upkeep
|turn|20
|
|switch|p2a: Slowbro|Slowbro, M|55/100 par
|-damage|p2a: Slowbro|42/100 par|[from] Stealth Rock
|move|p1a: Garchomp|Earthquake|p2a: Slowbro
|-damage|p2a: Slowbro|10/100 par
|
|-heal|p2a: Slowbro|16/100 par|[from] item: Leftovers
|upkeep
|turn|21
|j| ORAS1789
|
|switch|p2a: Scizor|Scizor, M|47/100
|-damage|p2a: Scizor|35/100|[from] Stealth Rock
|move|p1a: Garchomp|Earthquake|p2a: Scizor
|-damage|p2a: Scizor|0 fnt
|faint|p2a: Scizor
|
|upkeep
|
|switch|p2a: Ditto|Ditto|100/100
|-damage|p2a: Ditto|88/100|[from] Stealth Rock
|-transform|p2a: Ditto|p1a: Garchomp|[from] ability: Imposter
|turn|22
|
|move|p2a: Ditto|Earthquake|p1a: Garchomp
|-damage|p1a: Garchomp|0 fnt
|faint|p1a: Garchomp
|
|upkeep
|
|switch|p1a: Thundurus|Thundurus-Therian, M|100/100
|-damage|p1a: Thundurus|76/100|[from] Stealth Rock
|turn|23
|
|switch|p2a: Chansey|Chansey, F|100/100
|-damage|p2a: Chansey|88/100|[from] Stealth Rock
|move|p1a: Thundurus|Nasty Plot|p1a: Thundurus
|-boost|p1a: Thundurus|spa|2
|
|-heal|p1a: Thundurus|82/100|[from] item: Leftovers
|upkeep
|turn|24
|
|move|p1a: Thundurus|Focus Blast|p2a: Chansey|[miss]
|-miss|p1a: Thundurus|p2a: Chansey
|move|p2a: Chansey|Toxic|p1a: Thundurus
|-status|p1a: Thundurus|tox
|
|-heal|p1a: Thundurus|88/100 tox|[from] item: Leftovers
|-damage|p1a: Thundurus|82/100 tox|[from] psn
|upkeep
|turn|25
|
|move|p1a: Thundurus|Focus Blast|p2a: Chansey|[miss]
|-miss|p1a: Thundurus|p2a: Chansey
|move|p2a: Chansey|Soft-Boiled|p2a: Chansey
|-heal|p2a: Chansey|100/100
|
|-heal|p1a: Thundurus|88/100 tox|[from] item: Leftovers
|-damage|p1a: Thundurus|76/100 tox|[from] psn
|upkeep
|turn|26
|
|move|p1a: Thundurus|Focus Blast|p2a: Chansey
|-supereffective|p2a: Chansey
|-damage|p2a: Chansey|44/100
|move|p2a: Chansey|Soft-Boiled|p2a: Chansey
|-heal|p2a: Chansey|94/100
|
|-heal|p1a: Thundurus|82/100 tox|[from] item: Leftovers
|-damage|p1a: Thundurus|64/100 tox|[from] psn
|upkeep
|turn|27
|
|move|p1a: Thundurus|Nasty Plot|p1a: Thundurus
|-boost|p1a: Thundurus|spa|2
|move|p2a: Chansey|Seismic Toss|p1a: Thundurus
|-damage|p1a: Thundurus|30/100 tox
|
|-heal|p1a: Thundurus|36/100 tox|[from] item: Leftovers
|-damage|p1a: Thundurus|12/100 tox|[from] psn
|upkeep
|turn|28
|
|move|p1a: Thundurus|Focus Blast|p2a: Chansey
|-supereffective|p2a: Chansey
|-damage|p2a: Chansey|10/100
|move|p2a: Chansey|Soft-Boiled|p2a: Chansey
|-heal|p2a: Chansey|60/100
|
|-heal|p1a: Thundurus|18/100 tox|[from] item: Leftovers
|-damage|p1a: Thundurus|0 fnt|[from] psn
|faint|p1a: Thundurus
|upkeep
|
|switch|p1a: Keldeo|Keldeo-Resolute|100/100
|-damage|p1a: Keldeo|94/100|[from] Stealth Rock
|turn|29
|
|switch|p2a: Excadrill|Excadrill, M|43/100
|-damage|p2a: Excadrill|40/100|[from] Stealth Rock
|-ability|p2a: Excadrill|Mold Breaker
|move|p1a: Keldeo|Hydro Pump|p2a: Excadrill
|-supereffective|p2a: Excadrill
|-damage|p2a: Excadrill|0 fnt
|faint|p2a: Excadrill
|
|upkeep
|
|switch|p2a: Slowbro|Slowbro, M|49/100 par
|-damage|p2a: Slowbro|37/100 par|[from] Stealth Rock
|turn|30
|
|switch|p2a: Chansey|Chansey, F|60/100
|-damage|p2a: Chansey|48/100|[from] Stealth Rock
|move|p1a: Keldeo|Hydro Pump|p2a: Chansey
|-damage|p2a: Chansey|30/100
|
|upkeep
|turn|31
|
|move|p1a: Keldeo|Hydro Pump|p2a: Chansey
|-damage|p2a: Chansey|12/100
|move|p2a: Chansey|Soft-Boiled|p2a: Chansey
|-heal|p2a: Chansey|62/100
|
|upkeep
|turn|32
|-message|Kairak forfeited.
|
|win|jailer steve
|l|☆Kairak
|raw|Kairak's rating: 1434 &rarr; <strong>1410</strong><br />(-24 for losing)
|raw|jailer steve's rating: 1367 &rarr; <strong>1391</strong><br />(+24 for winning)
