|join|immatureprick
|join|alex32
|player|p1|immatureprick|214
|player|p2|alex32|2
|gametype|singles
|gen|5
|tier|[Gen 5] OU
|rated
|rule|Evasion Abilities Clause: Evasion abilities are banned
|clearpoke
|poke|p1|Chansey, F
|poke|p1|Gliscor, F, shiny
|poke|p1|Ferrothorn, F, shiny
|poke|p1|Tentacruel, F, shiny
|poke|p1|Politoed, F, shiny
|poke|p1|Jirachi, shiny
|poke|p2|Tyranitar, F
|poke|p2|Landorus-Therian, M
|poke|p2|Stoutland, M
|poke|p2|Starmie
|poke|p2|Scizor, F
|poke|p2|Celebi
|rule|Sleep Clause Mod: Limit one foe put to sleep
|rule|Species Clause: Limit one of each Pokemon
|rule|OHKO Clause: OHKO moves are banned
|rule|Moody Clause: Moody is banned
|rule|Evasion Moves Clause: Evasion moves are banned
|rule|Endless Battle Clause: Forcing endless battles is banned.
|rule|HP Percentage Mod: HP is reported as percentages
|teampreview
|chat|alex32|hi
|chat|alex32|hf
|chat|immatureprick|you too bro
|chat|alex32|thx
|
|start
|switch|p1a: Politoed|Politoed, F, shiny|384/384
|switch|p2a: Celebi|Celebi|404/404
|-weather|RainDance|[from] ability: Drizzle|[of] p1a: Politoed
|turn|1
|
|move|p2a: Celebi|Stealth Rock|p1a: Politoed
|-sidestart|p1: immatureprick|move: Stealth Rock
|move|p1a: Politoed|Toxic|p2a: Celebi
|-status|p2a: Celebi|tox
|
|-weather|RainDance|[upkeep]
|-damage|p2a: Celebi|379/404 tox|[from] psn
|turn|2
|
|switch|p2a: Tyranitar|Tyranitar, F|341/341
|-weather|Sandstorm|[from] ability: Sand Stream|[of] p2a: Tyranitar
|switch|p1a: Chansey|Chansey, F|704/704
|-damage|p1a: Chansey|616/704|[from] Stealth Rock
|
|-weather|Sandstorm|[upkeep]
|-damage|p1a: Chansey|572/704|[from] sandstorm
|turn|3
|
|switch|p1a: Politoed|Politoed, F, shiny|384/384
|-damage|p1a: Politoed|336/384|[from] Stealth Rock
|-weather|RainDance|[from] ability: Drizzle|[of] p1a: Politoed
|move|p2a: Tyranitar|Stone Edge|p1a: Politoed|[miss]
|-miss|p2a: Tyranitar|p1a: Politoed
|
|-weather|RainDance|[upkeep]
|-heal|p1a: Politoed|360/384|[from] item: Leftovers
|turn|4
|
|switch|p2a: Celebi|Celebi|379/404
|move|p1a: Politoed|Scald|p2a: Celebi
|-resisted|p2a: Celebi
|-damage|p2a: Celebi|336/404
|-status|p2a: Celebi|brn
|
|-weather|RainDance|[upkeep]
|-heal|p2a: Celebi|361/404 brn|[from] item: Leftovers
|-heal|p1a: Politoed|384/384|[from] item: Leftovers
|-damage|p2a: Celebi|311/404 brn|[from] brn
|turn|5
|
|switch|p1a: Chansey|Chansey, F|572/704
|-damage|p1a: Chansey|484/704|[from] Stealth Rock
|move|p2a: Celebi|U-turn|p1a: Chansey
|-damage|p1a: Chansey|449/704
|
|switch|p2a: Tyranitar|Tyranitar, F|341/341
|-weather|Sandstorm|[from] ability: Sand Stream|[of] p2a: Tyranitar
|
|-weather|Sandstorm|[upkeep]
|-damage|p1a: Chansey|405/704|[from] sandstorm
|turn|6
|
|switch|p1a: Politoed|Politoed, F, shiny|384/384
|-damage|p1a: Politoed|336/384|[from] Stealth Rock
|-weather|RainDance|[from] ability: Drizzle|[of] p1a: Politoed
|move|p2a: Tyranitar|Stone Edge|p1a: Politoed
|-damage|p1a: Politoed|144/384
|
|-weather|RainDance|[upkeep]
|-heal|p1a: Politoed|168/384|[from] item: Leftovers
|turn|7
|
|move|p2a: Tyranitar|Stone Edge|p1a: Politoed|[miss]
|-miss|p2a: Tyranitar|p1a: Politoed
|move|p1a: Politoed|Scald|p2a: Tyranitar
|-supereffective|p2a: Tyranitar
|-damage|p2a: Tyranitar|69/341
|
|-weather|RainDance|[upkeep]
|-heal|p1a: Politoed|192/384|[from] item: Leftovers
|turn|8
|
|switch|p2a: Celebi|Celebi|311/404
|move|p1a: Politoed|Protect|p1a: Politoed
|-fail|p1a: Politoed
|
|-weather|RainDance|[upkeep]
|-heal|p2a: Celebi|336/404|[from] item: Leftovers
|-heal|p1a: Politoed|216/384|[from] item: Leftovers
|turn|9
|
|move|p2a: Celebi|Giga Drain|p1a: Politoed
|-supereffective|p1a: Politoed
|-damage|p1a: Politoed|46/384
|-heal|p2a: Celebi|404/404|[from] drain|[of] p1a: Politoed
|move|p1a: Politoed|Toxic|p2a: Celebi
|-status|p2a: Celebi|tox
|
|-weather|RainDance|[upkeep]
|-heal|p1a: Politoed|70/384|[from] item: Leftovers
|-damage|p2a: Celebi|379/404 tox|[from] psn
|turn|10
|
|switch|p1a: Gliscor|Gliscor, F, shiny|354/354
|-damage|p1a: Gliscor|310/354|[from] Stealth Rock
|move|p2a: Celebi|U-turn|p1a: Gliscor
|-resisted|p1a: Gliscor
|-damage|p1a: Gliscor|296/354
|
|switch|p2a: Tyranitar|Tyranitar, F|69/341
|-weather|Sandstorm|[from] ability: Sand Stream|[of] p2a: Tyranitar
|
|-weather|Sandstorm|[upkeep]
|-status|p1a: Gliscor|tox|[from] item: Toxic Orb
|turn|11
|
|move|p2a: Tyranitar|Ice Beam|p1a: Gliscor
|-supereffective|p1a: Gliscor
|-damage|p1a: Gliscor|0 fnt
|faint|p1a: Gliscor
|
|-weather|Sandstorm|[upkeep]
|
|switch|p1a: Chansey|Chansey, F|405/704
|-damage|p1a: Chansey|317/704|[from] Stealth Rock
|turn|12
|
|switch|p2a: Scizor|Scizor, F|343/343
|move|p1a: Chansey|Soft-Boiled|p1a: Chansey
|-heal|p1a: Chansey|669/704
|
|-weather|Sandstorm|[upkeep]
|-damage|p1a: Chansey|625/704|[from] sandstorm
|turn|13
|
|switch|p1a: Tentacruel|Tentacruel, F, shiny|364/364
|-damage|p1a: Tentacruel|319/364|[from] Stealth Rock
|move|p2a: Scizor|Superpower|p1a: Tentacruel
|-resisted|p1a: Tentacruel
|-damage|p1a: Tentacruel|209/364
|-unboost|p2a: Scizor|atk|1
|-unboost|p2a: Scizor|def|1
|
|-weather|Sandstorm|[upkeep]
|-damage|p1a: Tentacruel|187/364|[from] sandstorm
|-heal|p1a: Tentacruel|209/364|[from] item: Black Sludge
|turn|14
|
|switch|p2a: Starmie|Starmie|261/261
|move|p1a: Tentacruel|Scald|p2a: Starmie
|-resisted|p2a: Starmie
|-damage|p2a: Starmie|215/261
|
|-weather|Sandstorm|[upkeep]
|-damage|p2a: Starmie|199/261|[from] sandstorm
|-damage|p1a: Tentacruel|187/364|[from] sandstorm
|-heal|p2a: Starmie|215/261|[from] item: Leftovers
|-heal|p1a: Tentacruel|209/364|[from] item: Black Sludge
|turn|15
|
|switch|p1a: Chansey|Chansey, F|625/704
|-damage|p1a: Chansey|537/704|[from] Stealth Rock
|move|p2a: Starmie|Thunderbolt|p1a: Chansey
|-damage|p1a: Chansey|461/704
|
|-weather|Sandstorm|[upkeep]
|-damage|p2a: Starmie|199/261|[from] sandstorm
|-damage|p1a: Chansey|417/704|[from] sandstorm
|-heal|p2a: Starmie|215/261|[from] item: Leftovers
|turn|16
|
|switch|p2a: Scizor|Scizor, F|343/343
|move|p1a: Chansey|Seismic Toss|p2a: Scizor
|-damage|p2a: Scizor|243/343
|
|-weather|Sandstorm|[upkeep]
|-damage|p1a: Chansey|373/704|[from] sandstorm
|turn|17
|
|move|p2a: Scizor|Pursuit|p1a: Chansey|[from]Pursuit
|-damage|p1a: Chansey|182/704
|switch|p1a: Tentacruel|Tentacruel, F, shiny|209/364
|-damage|p1a: Tentacruel|164/364|[from] Stealth Rock
|
|-weather|Sandstorm|[upkeep]
|-damage|p1a: Tentacruel|142/364|[from] sandstorm
|-heal|p1a: Tentacruel|164/364|[from] item: Black Sludge
|turn|18
|
|switch|p2a: Celebi|Celebi|379/404
|move|p1a: Tentacruel|Scald|p2a: Celebi
|-resisted|p2a: Celebi
|-damage|p2a: Celebi|352/404
|-status|p2a: Celebi|brn
|
|-weather|Sandstorm|[upkeep]
|-damage|p1a: Tentacruel|142/364|[from] sandstorm
|-damage|p2a: Celebi|327/404 brn|[from] sandstorm
|-heal|p1a: Tentacruel|164/364|[from] item: Black Sludge
|-heal|p2a: Celebi|352/404 brn|[from] item: Leftovers
|-damage|p2a: Celebi|302/404 brn|[from] brn
|turn|19
|
|move|p1a: Tentacruel|Protect|p1a: Tentacruel
|-singleturn|p1a: Tentacruel|Protect
|move|p2a: Celebi|U-turn|p1a: Tentacruel
|-activate|p1a: Tentacruel|Protect
|
|-weather|Sandstorm|[upkeep]
|-damage|p1a: Tentacruel|142/364|[from] sandstorm
|-damage|p2a: Celebi|277/404 brn|[from] sandstorm
|-heal|p1a: Tentacruel|164/364|[from] item: Black Sludge
|-heal|p2a: Celebi|302/404 brn|[from] item: Leftovers
|-damage|p2a: Celebi|252/404 brn|[from] brn
|turn|20
|
|switch|p1a: Ferrothorn|Ferrothorn, F, shiny|351/351
|-damage|p1a: Ferrothorn|330/351|[from] Stealth Rock
|move|p2a: Celebi|Giga Drain|p1a: Ferrothorn
|-resisted|p1a: Ferrothorn
|-damage|p1a: Ferrothorn|317/351
|-heal|p2a: Celebi|259/404 brn|[from] drain|[of] p1a: Ferrothorn
|
|-weather|Sandstorm|[upkeep]
|-damage|p2a: Celebi|234/404 brn|[from] sandstorm
|-heal|p2a: Celebi|259/404 brn|[from] item: Leftovers
|-damage|p2a: Celebi|209/404 brn|[from] brn
|turn|21
|
|switch|p2a: Landorus-Therian|Landorus-Therian, M|369/369
|-ability|p2a: Landorus-Therian|Intimidate|[of] p1a: Ferrothorn
|-unboost|p1a: Ferrothorn|atk|1
|move|p1a: Ferrothorn|Spikes|p2a: Landorus-Therian
|-sidestart|p2: alex32|Spikes
|
|-weather|Sandstorm|[upkeep]
|turn|22
|
|move|p2a: Landorus-Therian|Substitute|p2a: Landorus-Therian
|-start|p2a: Landorus-Therian|Substitute
|-damage|p2a: Landorus-Therian|277/369
|move|p1a: Ferrothorn|Leech Seed|p2a: Landorus-Therian
|
|-weather|Sandstorm|[upkeep]
|-heal|p2a: Landorus-Therian|300/369|[from] item: Leftovers
|turn|23
|
|move|p2a: Landorus-Therian|Bulk Up|p2a: Landorus-Therian
|-boost|p2a: Landorus-Therian|atk|1
|-boost|p2a: Landorus-Therian|def|1
|move|p1a: Ferrothorn|Spikes|p2a: Landorus-Therian
|-sidestart|p2: alex32|Spikes
|
|-weather|Sandstorm|[upkeep]
|-heal|p2a: Landorus-Therian|323/369|[from] item: Leftovers
|turn|24
|
|move|p2a: Landorus-Therian|Bulk Up|p2a: Landorus-Therian
|-boost|p2a: Landorus-Therian|atk|1
|-boost|p2a: Landorus-Therian|def|1
|move|p1a: Ferrothorn|Spikes|p2a: Landorus-Therian
|-sidestart|p2: alex32|Spikes
|
|-weather|Sandstorm|[upkeep]
|-heal|p2a: Landorus-Therian|346/369|[from] item: Leftovers
|turn|25
|
|move|p2a: Landorus-Therian|Bulk Up|p2a: Landorus-Therian
|-boost|p2a: Landorus-Therian|atk|1
|-boost|p2a: Landorus-Therian|def|1
|move|p1a: Ferrothorn|Power Whip|p2a: Landorus-Therian
|-activate|p2a: Landorus-Therian|Substitute|[damage]
|
|-weather|Sandstorm|[upkeep]
|-heal|p2a: Landorus-Therian|369/369|[from] item: Leftovers
|turn|26
|
|move|p2a: Landorus-Therian|Bulk Up|p2a: Landorus-Therian
|-boost|p2a: Landorus-Therian|atk|1
|-boost|p2a: Landorus-Therian|def|1
|move|p1a: Ferrothorn|Power Whip|p2a: Landorus-Therian
|-activate|p2a: Landorus-Therian|Substitute|[damage]
|
|-weather|Sandstorm|[upkeep]
|turn|27
|
|move|p2a: Landorus-Therian|Bulk Up|p2a: Landorus-Therian
|-boost|p2a: Landorus-Therian|atk|1
|-boost|p2a: Landorus-Therian|def|1
|move|p1a: Ferrothorn|Power Whip|p2a: Landorus-Therian
|-end|p2a: Landorus-Therian|Substitute
|
|-weather|Sandstorm|[upkeep]
|turn|28
|
|move|p2a: Landorus-Therian|Substitute|p2a: Landorus-Therian
|-start|p2a: Landorus-Therian|Substitute
|-damage|p2a: Landorus-Therian|277/369
|move|p1a: Ferrothorn|Toxic|p2a: Landorus-Therian
|
|-weather|Sandstorm|[upkeep]
|-heal|p2a: Landorus-Therian|300/369|[from] item: Leftovers
|turn|29
|
|switch|p1a: Jirachi|Jirachi, shiny|404/404
|-damage|p1a: Jirachi|379/404|[from] Stealth Rock
|move|p2a: Landorus-Therian|Earthquake|p1a: Jirachi
|-supereffective|p1a: Jirachi
|-damage|p1a: Jirachi|0 fnt
|faint|p1a: Jirachi
|
|-weather|Sandstorm|[upkeep]
|-heal|p2a: Landorus-Therian|323/369|[from] item: Leftovers
|
|switch|p1a: Ferrothorn|Ferrothorn, F, shiny|317/351
|-damage|p1a: Ferrothorn|296/351|[from] Stealth Rock
|turn|30
|
|move|p2a: Landorus-Therian|Earthquake|p1a: Ferrothorn
|-damage|p1a: Ferrothorn|0 fnt
|faint|p1a: Ferrothorn
|
|-weather|Sandstorm|[upkeep]
|-heal|p2a: Landorus-Therian|346/369|[from] item: Leftovers
|
|switch|p1a: Chansey|Chansey, F|182/704
|-damage|p1a: Chansey|94/704|[from] Stealth Rock
|turn|31
|
|move|p2a: Landorus-Therian|Earthquake|p1a: Chansey
|-damage|p1a: Chansey|0 fnt
|faint|p1a: Chansey
|
|-weather|Sandstorm|[upkeep]
|-heal|p2a: Landorus-Therian|369/369|[from] item: Leftovers
|
|switch|p1a: Tentacruel|Tentacruel, F, shiny|164/364
|-damage|p1a: Tentacruel|119/364|[from] Stealth Rock
|turn|32
|
|move|p1a: Tentacruel|Protect|p1a: Tentacruel
|-singleturn|p1a: Tentacruel|Protect
|move|p2a: Landorus-Therian|Earthquake|p1a: Tentacruel
|-activate|p1a: Tentacruel|Protect
|
|-weather|Sandstorm|[upkeep]
|-damage|p1a: Tentacruel|97/364|[from] sandstorm
|-heal|p1a: Tentacruel|119/364|[from] item: Black Sludge
|turn|33
|
|move|p2a: Landorus-Therian|Earthquake|p1a: Tentacruel
|-supereffective|p1a: Tentacruel
|-damage|p1a: Tentacruel|0 fnt
|faint|p1a: Tentacruel
|
|-weather|Sandstorm|[upkeep]
|
|switch|p1a: Politoed|Politoed, F, shiny|70/384
|-damage|p1a: Politoed|22/384|[from] Stealth Rock
|-weather|RainDance|[from] ability: Drizzle|[of] p1a: Politoed
|turn|34
|
|move|p2a: Landorus-Therian|Earthquake|p1a: Politoed
|-damage|p1a: Politoed|0 fnt
|faint|p1a: Politoed
|
|win|alex32
|raw|Ladder updating...
|raw|immatureprick's rating: 1340 &rarr; <strong>1320</strong><br />(-20 for losing)
|raw|alex32's rating: 1338 &rarr; <strong>1358</strong><br />(+20 for winning)
|chat|alex32|gg
|leave|immatureprick
|player|p1