|j|☆mudkipslaps
|j|☆anglemort33
|t:|1728835639
|gametype|singles
|player|p1|mudkipslaps|caitlin|1432
|player|p2|anglemort33|170|1316
|teamsize|p1|6
|teamsize|p2|6
|gen|5
|tier|[Gen 5] OU
|rated|
|rule|Species Clause: Limit one of each Pokémon
|rule|OHKO Clause: OHKO moves are banned
|rule|Moody Clause: Moody is banned
|rule|Evasion Items Clause: Evasion items are banned
|rule|Evasion Moves Clause: Evasion moves are banned
|rule|Endless Battle Clause: Forcing endless battles is banned
|rule|HP Percentage Mod: HP is shown in percentages
|rule|Evasion Abilities Clause: Evasion abilities are banned
|rule|Sleep Moves Clause: Sleep-inducing moves are banned
|rule|Swagger Clause: Swagger is banned
|rule|Baton Pass Stat Clause: No Baton Passer may have a way to boost its stats
|clearpoke
|poke|p1|Tyranitar, M|item
|poke|p1|Landorus-Therian, M|item
|poke|p1|Excadrill, F|item
|poke|p1|Keldeo|item
|poke|p1|Celebi|item
|poke|p1|Rotom-Wash|item
|poke|p2|Tyranitar, F|item
|poke|p2|Skarmory, F|item
|poke|p2|Jellicent, M|item
|poke|p2|Latios, M|item
|poke|p2|Alakazam, F|item
|poke|p2|Gliscor, F|item
|teampreview
|inactive|Battle timer is ON: inactive players will automatically lose when time's up. (requested by mudkipslaps)
|inactive|anglemort33 has 120 seconds left.
|
|t:|1728835673
|start
|switch|p1a: Theodore|Landorus-Therian, M|100/100
|switch|p2a: Latios|Latios, M|100/100
|-ability|p1a: Theodore|Intimidate|boost
|-unboost|p2a: Latios|atk|1
|turn|1
|
|t:|1728835680
|switch|p2a: Skarmory|Skarmory, F|100/100
|switch|p1a: Scrimblo|Tyranitar, M|100/100
|-weather|Sandstorm|[from] ability: Sand Stream|[of] p1a: Scrimblo
|
|-weather|Sandstorm|[upkeep]
|upkeep
|turn|2
|
|t:|1728835692
|switch|p1a: Theodore|Landorus-Therian, M|100/100
|-ability|p1a: Theodore|Intimidate|boost
|-unboost|p2a: Skarmory|atk|1
|move|p2a: Skarmory|Spikes|p1a: Theodore
|-sidestart|p1: mudkipslaps|Spikes
|
|-weather|Sandstorm|[upkeep]
|upkeep
|turn|3
|
|t:|1728835697
|move|p1a: Theodore|Stealth Rock|p2a: Skarmory
|-sidestart|p2: anglemort33|move: Stealth Rock
|move|p2a: Skarmory|Spikes|p1a: Theodore
|-sidestart|p1: mudkipslaps|Spikes
|
|-weather|Sandstorm|[upkeep]
|upkeep
|turn|4
|
|t:|1728835699
|move|p1a: Theodore|U-turn|p2a: Skarmory
|-resisted|p2a: Skarmory
|-damage|p2a: Skarmory|96/100
|
|t:|1728835709
|switch|p1a: Glorp|Rotom-Wash|100/100|[from] U-turn
|move|p2a: Skarmory|Spikes|p1a: Glorp
|-sidestart|p1: mudkipslaps|Spikes
|
|-weather|Sandstorm|[upkeep]
|-damage|p1a: Glorp|94/100|[from] Sandstorm
|-heal|p1a: Glorp|100/100|[from] item: Leftovers
|-heal|p2a: Skarmory|100/100|[from] item: Leftovers
|upkeep
|turn|5
|inactive|anglemort33 has 120 seconds left.
|
|t:|1728835746
|switch|p2a: Latios|Latios, M|100/100
|-damage|p2a: Latios|88/100|[from] Stealth Rock
|move|p1a: Glorp|Will-O-Wisp|p2a: Latios
|-status|p2a: Latios|brn
|
|-weather|Sandstorm|[upkeep]
|-damage|p2a: Latios|82/100 brn|[from] Sandstorm
|-damage|p1a: Glorp|94/100|[from] Sandstorm
|-heal|p1a: Glorp|100/100|[from] item: Leftovers
|-damage|p2a: Latios|70/100 brn|[from] brn
|upkeep
|turn|6
|inactive|anglemort33 has 120 seconds left.
|
|t:|1728835762
|switch|p2a: Gliscor|Gliscor, F|100/100
|-damage|p2a: Gliscor|88/100|[from] Stealth Rock
|move|p1a: Glorp|Volt Switch|p2a: Gliscor
|-immune|p2a: Gliscor
|
|-weather|Sandstorm|[upkeep]
|-damage|p1a: Glorp|94/100|[from] Sandstorm
|-heal|p1a: Glorp|100/100|[from] item: Leftovers
|-status|p2a: Gliscor|tox|[from] item: Toxic Orb
|upkeep
|turn|7
|
|t:|1728835773
|move|p2a: Gliscor|Stealth Rock|p1a: Glorp
|-sidestart|p1: mudkipslaps|move: Stealth Rock
|move|p1a: Glorp|Volt Switch|p2a: Gliscor
|-immune|p2a: Gliscor
|
|-weather|Sandstorm|[upkeep]
|-damage|p1a: Glorp|94/100|[from] Sandstorm
|-heal|p1a: Glorp|100/100|[from] item: Leftovers
|-heal|p2a: Gliscor|100/100 tox|[from] ability: Poison Heal
|upkeep
|turn|8
|
|t:|1728835784
|move|p2a: Gliscor|U-turn|p1a: Glorp
|-crit|p1a: Glorp
|-damage|p1a: Glorp|74/100
|inactive|anglemort33 has 90 seconds left.
|
|t:|1728835814
|switch|p2a: Jellicent|Jellicent, M|100/100|[from] U-turn
|-damage|p2a: Jellicent|88/100|[from] Stealth Rock
|move|p1a: Glorp|Volt Switch|p2a: Jellicent
|-supereffective|p2a: Jellicent
|-damage|p2a: Jellicent|48/100
|
|t:|1728835840
|switch|p1a: Bibi|Celebi|100/100|[from] Volt Switch
|-damage|p1a: Bibi|75/100|[from] Spikes
|-damage|p1a: Bibi|63/100|[from] Stealth Rock
|
|-weather|Sandstorm|[upkeep]
|-damage|p1a: Bibi|57/100|[from] Sandstorm
|-damage|p2a: Jellicent|42/100|[from] Sandstorm
|-heal|p1a: Bibi|63/100|[from] item: Leftovers
|-heal|p2a: Jellicent|48/100|[from] item: Leftovers
|upkeep
|turn|9
|inactive|anglemort33 has 90 seconds left.
|
|t:|1728835862
|move|p1a: Bibi|Nasty Plot|p1a: Bibi
|-boost|p1a: Bibi|spa|2
|move|p2a: Jellicent|Recover|p2a: Jellicent
|-heal|p2a: Jellicent|98/100
|
|-weather|Sandstorm|[upkeep]
|-damage|p1a: Bibi|57/100|[from] Sandstorm
|-damage|p2a: Jellicent|92/100|[from] Sandstorm
|-heal|p1a: Bibi|63/100|[from] item: Leftovers
|-heal|p2a: Jellicent|98/100|[from] item: Leftovers
|upkeep
|turn|10
|inactive|anglemort33 has 90 seconds left.
|
|t:|1728835871
|switch|p2a: Tyranitar|Tyranitar, F|100/100
|-damage|p2a: Tyranitar|88/100|[from] Stealth Rock
|move|p1a: Bibi|Recover|p1a: Bibi
|-heal|p1a: Bibi|100/100
|
|-weather|Sandstorm|[upkeep]
|-damage|p1a: Bibi|94/100|[from] Sandstorm
|-heal|p1a: Bibi|100/100|[from] item: Leftovers
|upkeep
|turn|11
|inactive|anglemort33 has 90 seconds left.
|
|t:|1728835883
|move|p1a: Bibi|Leaf Storm|p2a: Tyranitar
|-supereffective|p2a: Tyranitar
|-damage|p2a: Tyranitar|0 fnt
|-unboost|p1a: Bibi|spa|2
|faint|p2a: Tyranitar
|
|-weather|Sandstorm|[upkeep]
|-damage|p1a: Bibi|94/100|[from] Sandstorm
|-heal|p1a: Bibi|100/100|[from] item: Leftovers
|upkeep
|inactive|anglemort33 has 90 seconds left.
|
|t:|1728835893
|switch|p2a: Skarmory|Skarmory, F|100/100
|-damage|p2a: Skarmory|88/100|[from] Stealth Rock
|turn|12
|
|t:|1728835897
|switch|p1a: Glorp|Rotom-Wash|74/100
|-damage|p1a: Glorp|61/100|[from] Stealth Rock
|move|p2a: Skarmory|Whirlwind|p1a: Glorp
|drag|p1a: Bibi|Celebi|100/100
|-damage|p1a: Bibi|75/100|[from] Spikes
|-damage|p1a: Bibi|63/100|[from] Stealth Rock
|
|-weather|Sandstorm|[upkeep]
|-damage|p1a: Bibi|57/100|[from] Sandstorm
|-heal|p1a: Bibi|63/100|[from] item: Leftovers
|-heal|p2a: Skarmory|94/100|[from] item: Leftovers
|upkeep
|turn|13
|
|t:|1728835907
|move|p1a: Bibi|Recover|p1a: Bibi
|-heal|p1a: Bibi|100/100
|move|p2a: Skarmory|Brave Bird|p1a: Bibi
|-supereffective|p1a: Bibi
|-crit|p1a: Bibi
|-damage|p1a: Bibi|0 fnt
|faint|p1a: Bibi
|-damage|p2a: Skarmory|54/100|[from] Recoil
|
|-weather|Sandstorm|[upkeep]
|-heal|p2a: Skarmory|60/100|[from] item: Leftovers
|upkeep
|
|t:|1728835910
|switch|p1a: Gibby|Excadrill, F|100/100
|-damage|p1a: Gibby|76/100|[from] Spikes
|-damage|p1a: Gibby|73/100|[from] Stealth Rock
|turn|14
|
|t:|1728835916
|switch|p2a: Jellicent|Jellicent, M|98/100
|-damage|p2a: Jellicent|86/100|[from] Stealth Rock
|move|p1a: Gibby|Rapid Spin|p2a: Jellicent
|-immune|p2a: Jellicent
|
|-weather|Sandstorm|[upkeep]
|-damage|p2a: Jellicent|79/100|[from] Sandstorm
|-heal|p2a: Jellicent|86/100|[from] item: Leftovers
|upkeep
|turn|15
|inactive|anglemort33 has 120 seconds left.
|
|t:|1728835928
|switch|p1a: Glorp|Rotom-Wash|61/100
|-damage|p1a: Glorp|49/100|[from] Stealth Rock
|move|p2a: Jellicent|Will-O-Wisp|p1a: Glorp
|-status|p1a: Glorp|brn
|
|-weather|Sandstorm|[upkeep]
|-damage|p2a: Jellicent|79/100|[from] Sandstorm
|-damage|p1a: Glorp|42/100 brn|[from] Sandstorm
|-heal|p2a: Jellicent|86/100|[from] item: Leftovers
|-heal|p1a: Glorp|49/100 brn|[from] item: Leftovers
|-damage|p1a: Glorp|36/100 brn|[from] brn
|upkeep
|turn|16
|inactive|anglemort33 has 120 seconds left.
|
|t:|1728835941
|move|p2a: Jellicent|Night Shade|p1a: Glorp
|-damage|p1a: Glorp|3/100 brn
|move|p1a: Glorp|Hydro Pump|p2a: Jellicent
|-heal|p2a: Jellicent|100/100|[from] ability: Water Absorb|[of] p1a: Glorp
|
|-weather|Sandstorm|[upkeep]
|-damage|p2a: Jellicent|94/100|[from] Sandstorm
|-damage|p1a: Glorp|0 fnt|[from] Sandstorm
|faint|p1a: Glorp
|-heal|p2a: Jellicent|100/100|[from] item: Leftovers
|upkeep
|
|t:|1728835959
|switch|p1a: Scrimblo|Tyranitar, M|100/100
|-damage|p1a: Scrimblo|76/100|[from] Spikes
|-damage|p1a: Scrimblo|63/100|[from] Stealth Rock
|turn|17
|
|t:|1728835968
|move|p2a: Jellicent|Will-O-Wisp|p1a: Scrimblo|[miss]
|-miss|p2a: Jellicent|p1a: Scrimblo
|move|p1a: Scrimblo|Stone Edge|p2a: Jellicent
|-damage|p2a: Jellicent|23/100
|
|-weather|Sandstorm|[upkeep]
|-damage|p2a: Jellicent|17/100|[from] Sandstorm
|-heal|p2a: Jellicent|23/100|[from] item: Leftovers
|upkeep
|turn|18
|inactive|anglemort33 has 120 seconds left.
|
|t:|1728835990
|switch|p2a: Gliscor|Gliscor, F|100/100 tox
|-damage|p2a: Gliscor|88/100 tox|[from] Stealth Rock
|move|p1a: Scrimblo|Stone Edge|p2a: Gliscor
|-damage|p2a: Gliscor|33/100 tox
|
|-weather|Sandstorm|[upkeep]
|-heal|p2a: Gliscor|46/100 tox|[from] ability: Poison Heal
|upkeep
|turn|19
|inactive|anglemort33 has 120 seconds left.
|
|t:|1728835998
|switch|p1a: Theodore|Landorus-Therian, M|100/100
|-damage|p1a: Theodore|88/100|[from] Stealth Rock
|-ability|p1a: Theodore|Intimidate|boost
|-unboost|p2a: Gliscor|atk|1
|move|p2a: Gliscor|Earthquake|p1a: Theodore
|-immune|p1a: Theodore
|
|-weather|Sandstorm|[upkeep]
|-heal|p1a: Theodore|94/100|[from] item: Leftovers
|-heal|p2a: Gliscor|58/100 tox|[from] ability: Poison Heal
|upkeep
|turn|20
|
|t:|1728836006
|move|p2a: Gliscor|Protect|p2a: Gliscor
|-singleturn|p2a: Gliscor|Protect
|move|p1a: Theodore|Hidden Power|p2a: Gliscor
|-activate|p2a: Gliscor|move: Protect
|
|-weather|Sandstorm|[upkeep]
|-heal|p1a: Theodore|100/100|[from] item: Leftovers
|-heal|p2a: Gliscor|71/100 tox|[from] ability: Poison Heal
|upkeep
|turn|21
|
|t:|1728836014
|switch|p2a: Latios|Latios, M|70/100 brn
|-damage|p2a: Latios|58/100 brn|[from] Stealth Rock
|move|p1a: Theodore|Earthquake|p2a: Latios
|-immune|p2a: Latios|[from] ability: Levitate
|
|-weather|Sandstorm|[upkeep]
|-damage|p2a: Latios|52/100 brn|[from] Sandstorm
|-damage|p2a: Latios|39/100 brn|[from] brn
|upkeep
|turn|22
|
|t:|1728836030
|switch|p1a: Scrimblo|Tyranitar, M|63/100
|-damage|p1a: Scrimblo|39/100|[from] Spikes
|-damage|p1a: Scrimblo|26/100|[from] Stealth Rock
|move|p2a: Latios|Surf|p1a: Scrimblo
|-supereffective|p1a: Scrimblo
|-damage|p1a: Scrimblo|0 fnt
|faint|p1a: Scrimblo
|
|-weather|Sandstorm|[upkeep]
|-damage|p2a: Latios|33/100 brn|[from] Sandstorm
|-damage|p2a: Latios|21/100 brn|[from] brn
|upkeep
|
|t:|1728836034
|switch|p1a: Gibby|Excadrill, F|73/100
|-damage|p1a: Gibby|48/100|[from] Spikes
|-damage|p1a: Gibby|45/100|[from] Stealth Rock
|turn|23
|
|t:|1728836058
|switch|p2a: Jellicent|Jellicent, M|23/100
|-damage|p2a: Jellicent|10/100|[from] Stealth Rock
|move|p1a: Gibby|Iron Head|p2a: Jellicent
|-resisted|p2a: Jellicent
|-damage|p2a: Jellicent|0 fnt
|faint|p2a: Jellicent
|
|-weather|Sandstorm|[upkeep]
|upkeep
|inactive|anglemort33 has 120 seconds left.
|
|t:|1728836084
|switch|p2a: Skarmory|Skarmory, F|60/100
|-damage|p2a: Skarmory|48/100|[from] Stealth Rock
|turn|24
|
|t:|1728836108
|move|p1a: Gibby|Iron Head|p2a: Skarmory
|-resisted|p2a: Skarmory
|-crit|p2a: Skarmory
|-damage|p2a: Skarmory|5/100
|move|p2a: Skarmory|Roost|p2a: Skarmory
|-heal|p2a: Skarmory|55/100
|-singleturn|p2a: Skarmory|move: Roost
|
|-weather|Sandstorm|[upkeep]
|-heal|p2a: Skarmory|61/100|[from] item: Leftovers
|upkeep
|turn|25
|
|t:|1728836116
|move|p1a: Gibby|Iron Head|p2a: Skarmory
|-resisted|p2a: Skarmory
|-crit|p2a: Skarmory
|-damage|p2a: Skarmory|16/100
|cant|p2a: Skarmory|flinch
|
|-weather|Sandstorm|[upkeep]
|-heal|p2a: Skarmory|22/100|[from] item: Leftovers
|upkeep
|turn|26
|
|t:|1728836126
|move|p1a: Gibby|Iron Head|p2a: Skarmory
|-resisted|p2a: Skarmory
|-damage|p2a: Skarmory|1/100
|move|p2a: Skarmory|Roost|p2a: Skarmory
|-heal|p2a: Skarmory|51/100
|-singleturn|p2a: Skarmory|move: Roost
|
|-weather|Sandstorm|[upkeep]
|-heal|p2a: Skarmory|57/100|[from] item: Leftovers
|upkeep
|turn|27
|
|t:|1728836131
|move|p1a: Gibby|Iron Head|p2a: Skarmory
|-resisted|p2a: Skarmory
|-damage|p2a: Skarmory|33/100
|cant|p2a: Skarmory|flinch
|
|-weather|Sandstorm|[upkeep]
|-heal|p2a: Skarmory|39/100|[from] item: Leftovers
|upkeep
|turn|28
|
|t:|1728836135
|move|p1a: Gibby|Iron Head|p2a: Skarmory
|-resisted|p2a: Skarmory
|-damage|p2a: Skarmory|17/100
|move|p2a: Skarmory|Roost|p2a: Skarmory
|-heal|p2a: Skarmory|67/100
|-singleturn|p2a: Skarmory|move: Roost
|
|-weather|Sandstorm|[upkeep]
|-heal|p2a: Skarmory|73/100|[from] item: Leftovers
|upkeep
|turn|29
|
|t:|1728836139
|move|p1a: Gibby|Iron Head|p2a: Skarmory
|-resisted|p2a: Skarmory
|-damage|p2a: Skarmory|51/100
|move|p2a: Skarmory|Roost|p2a: Skarmory
|-heal|p2a: Skarmory|100/100
|-singleturn|p2a: Skarmory|move: Roost
|
|-weather|Sandstorm|[upkeep]
|upkeep
|turn|30
|
|t:|1728836144
|move|p1a: Gibby|Iron Head|p2a: Skarmory
|-resisted|p2a: Skarmory
|-damage|p2a: Skarmory|78/100
|cant|p2a: Skarmory|flinch
|
|-weather|Sandstorm|[upkeep]
|-heal|p2a: Skarmory|84/100|[from] item: Leftovers
|upkeep
|turn|31
|
|t:|1728836148
|move|p1a: Gibby|Iron Head|p2a: Skarmory
|-resisted|p2a: Skarmory
|-damage|p2a: Skarmory|61/100
|move|p2a: Skarmory|Brave Bird|p1a: Gibby
|-resisted|p1a: Gibby
|-damage|p1a: Gibby|22/100
|-damage|p2a: Skarmory|53/100|[from] Recoil
|
|-weather|Sandstorm|[upkeep]
|-heal|p2a: Skarmory|59/100|[from] item: Leftovers
|upkeep
|turn|32
|
|t:|1728836152
|move|p1a: Gibby|Iron Head|p2a: Skarmory
|-resisted|p2a: Skarmory
|-damage|p2a: Skarmory|36/100
|move|p2a: Skarmory|Roost|p2a: Skarmory
|-heal|p2a: Skarmory|86/100
|-singleturn|p2a: Skarmory|move: Roost
|
|-weather|Sandstorm|[upkeep]
|-heal|p2a: Skarmory|92/100|[from] item: Leftovers
|upkeep
|turn|33
|
|t:|1728836158
|move|p1a: Gibby|Iron Head|p2a: Skarmory
|-resisted|p2a: Skarmory
|-damage|p2a: Skarmory|69/100
|cant|p2a: Skarmory|flinch
|
|-weather|Sandstorm|[upkeep]
|-heal|p2a: Skarmory|75/100|[from] item: Leftovers
|upkeep
|turn|34
|
|t:|1728836162
|move|p1a: Gibby|Iron Head|p2a: Skarmory
|-resisted|p2a: Skarmory
|-damage|p2a: Skarmory|53/100
|cant|p2a: Skarmory|flinch
|
|-weather|Sandstorm|[upkeep]
|-heal|p2a: Skarmory|59/100|[from] item: Leftovers
|upkeep
|turn|35
|
|t:|1728836166
|move|p1a: Gibby|Iron Head|p2a: Skarmory
|-resisted|p2a: Skarmory
|-damage|p2a: Skarmory|34/100
|cant|p2a: Skarmory|flinch
|
|-weather|Sandstorm|[upkeep]
|-heal|p2a: Skarmory|40/100|[from] item: Leftovers
|upkeep
|turn|36
|
|t:|1728836169
|move|p1a: Gibby|Iron Head|p2a: Skarmory
|-resisted|p2a: Skarmory
|-damage|p2a: Skarmory|18/100
|move|p2a: Skarmory|Roost|p2a: Skarmory
|-heal|p2a: Skarmory|68/100
|-singleturn|p2a: Skarmory|move: Roost
|
|-weather|Sandstorm|[upkeep]
|-heal|p2a: Skarmory|74/100|[from] item: Leftovers
|upkeep
|turn|37
|
|t:|1728836173
|move|p1a: Gibby|Iron Head|p2a: Skarmory
|-resisted|p2a: Skarmory
|-damage|p2a: Skarmory|53/100
|move|p2a: Skarmory|Roost|p2a: Skarmory
|-heal|p2a: Skarmory|100/100
|-singleturn|p2a: Skarmory|move: Roost
|
|-weather|Sandstorm|[upkeep]
|upkeep
|turn|38
|
|t:|1728836176
|move|p1a: Gibby|Iron Head|p2a: Skarmory
|-resisted|p2a: Skarmory
|-damage|p2a: Skarmory|77/100
|cant|p2a: Skarmory|flinch
|
|-weather|Sandstorm|[upkeep]
|-heal|p2a: Skarmory|83/100|[from] item: Leftovers
|upkeep
|turn|39
|
|t:|1728836178
|move|p1a: Gibby|Iron Head|p2a: Skarmory
|-resisted|p2a: Skarmory
|-damage|p2a: Skarmory|61/100
|move|p2a: Skarmory|Whirlwind|p1a: Gibby
|drag|p1a: Kendra|Keldeo|100/100
|-damage|p1a: Kendra|76/100|[from] Spikes
|-damage|p1a: Kendra|70/100|[from] Stealth Rock
|
|-weather|Sandstorm|[upkeep]
|-damage|p1a: Kendra|63/100|[from] Sandstorm
|-heal|p2a: Skarmory|67/100|[from] item: Leftovers
|upkeep
|turn|40
|
|t:|1728836185
|move|p1a: Kendra|Surf|p2a: Skarmory
|-damage|p2a: Skarmory|0 fnt
|faint|p2a: Skarmory
|
|-weather|Sandstorm|[upkeep]
|-damage|p1a: Kendra|57/100|[from] Sandstorm
|upkeep
|
|t:|1728836190
|switch|p2a: Alakazam|Alakazam, F|100/100
|turn|41
|
|t:|1728836192
|move|p2a: Alakazam|Psyshock|p1a: Kendra
|-supereffective|p1a: Kendra
|-damage|p1a: Kendra|0 fnt
|faint|p1a: Kendra
|
|-weather|Sandstorm|[upkeep]
|upkeep
|
|t:|1728836195
|switch|p1a: Theodore|Landorus-Therian, M|100/100
|-damage|p1a: Theodore|88/100|[from] Stealth Rock
|-ability|p1a: Theodore|Intimidate|boost
|-unboost|p2a: Alakazam|atk|1
|turn|42
|
|t:|1728836200
|move|p2a: Alakazam|Hidden Power|p1a: Theodore
|-supereffective|p1a: Theodore
|-damage|p1a: Theodore|0 fnt
|faint|p1a: Theodore
|
|-weather|Sandstorm|[upkeep]
|upkeep
|
|t:|1728836201
|switch|p1a: Gibby|Excadrill, F|22/100
|-damage|p1a: Gibby|0 fnt|[from] Spikes
|faint|p1a: Gibby
|
|win|anglemort33
|raw|mudkipslaps's rating: 1432 &rarr; <strong>1406</strong><br />(-26 for losing)
|raw|anglemort33's rating: 1316 &rarr; <strong>1342</strong><br />(+26 for winning)
|l|☆mudkipslaps
|player|p1|
