|j|☆JonahPSYCH
|j|☆jusuraveragenoob
|t:|1598734058
|player|p1|JonahPSYCH|richboy-gen4|1541
|player|p2|jusuraveragenoob|170|1471
|teamsize|p1|6
|teamsize|p2|6
|gametype|singles
|gen|5
|tier|[Gen 5] OU
|rated|
|clearpoke
|poke|p1|Salamence, F|item
|poke|p1|Metagross|item
|poke|p1|Dragonite, M|item
|poke|p1|Garchomp, M|item
|poke|p1|Tyranitar, M|item
|poke|p1|Latios, M|item
|poke|p2|Tyranitar, M|item
|poke|p2|Ferrothorn, M|item
|poke|p2|Heatran, F|item
|poke|p2|Amoonguss, M|item
|poke|p2|Gliscor, F|item
|poke|p2|Alakazam, F|item
|rule|Species Clause: Limit one of each Pokémon
|rule|OHKO Clause: OHKO moves are banned
|rule|Moody Clause: Moody is banned
|rule|Evasion Moves Clause: Evasion moves are banned
|rule|Endless Battle Clause: Forcing endless battles is banned
|rule|HP Percentage Mod: HP is shown in percentages
|rule|Evasion Abilities Clause: Evasion abilities are banned
|rule|Baton Pass Clause: Limit one Baton Passer, can't pass Spe and other stats simultaneously
|rule|Sleep Clause: Sleep-inducing moves are banned
|rule|Swagger Clause: Swagger is banned
|teampreview
|c|☆jusuraveragenoob|hf
|
|t:|1598734103
|start
|switch|p1a: Latios|Latios, M|100/100
|switch|p2a: shrooms|Amoonguss, M, shiny|100/100
|turn|1
|c|☆JonahPSYCH|u2
|
|t:|1598734111
|switch|p2a: tar|Tyranitar, M, shiny|100/100
|-weather|Sandstorm|[from] ability: Sand Stream|[of] p2a: tar
|move|p1a: Latios|Ice Beam|p2a: tar
|-damage|p2a: tar|75/100
|-damage|p1a: Latios|91/100|[from] item: Life Orb
|
|-weather|Sandstorm|[upkeep]
|-damage|p1a: Latios|85/100|[from] Sandstorm
|upkeep
|turn|2
|
|t:|1598734120
|move|p1a: Latios|Draco Meteor|p2a: tar|[miss]
|-miss|p1a: Latios|p2a: tar
|move|p2a: tar|Stealth Rock|p1a: Latios
|-sidestart|p1: JonahPSYCH|move: Stealth Rock
|
|-weather|Sandstorm|[upkeep]
|-damage|p1a: Latios|79/100|[from] Sandstorm
|upkeep
|turn|3
|c|☆jusuraveragenoob|sry
|
|t:|1598734128
|move|p1a: Latios|Draco Meteor|p2a: tar
|-damage|p2a: tar|28/100
|-unboost|p1a: Latios|spa|2
|-damage|p1a: Latios|69/100|[from] item: Life Orb
|move|p2a: tar|Pursuit|p1a: Latios
|-supereffective|p1a: Latios
|-damage|p1a: Latios|7/100
|
|-weather|Sandstorm|[upkeep]
|-damage|p1a: Latios|1/100|[from] Sandstorm
|upkeep
|turn|4
|
|t:|1598734140
|switch|p2a: birb|Ferrothorn, M|100/100
|move|p1a: Latios|Draco Meteor|p2a: birb|[miss]
|-miss|p1a: Latios|p2a: birb
|
|-weather|Sandstorm|[upkeep]
|-damage|p1a: Latios|0 fnt|[from] Sandstorm
|faint|p1a: Latios
|upkeep
|
|t:|1598734154
|switch|p1a: Dragonite|Dragonite, M|100/100
|-damage|p1a: Dragonite|76/100|[from] Stealth Rock
|turn|5
|
|t:|1598734159
|move|p1a: Dragonite|Fire Punch|p2a: birb
|-supereffective|p2a: birb
|-damage|p2a: birb|7/100
|-damage|p1a: Dragonite|63/100|[from] ability: Iron Barbs|[of] p2a: birb
|move|p2a: birb|Gyro Ball|p1a: Dragonite
|-damage|p1a: Dragonite|13/100
|
|-weather|Sandstorm|[upkeep]
|-damage|p1a: Dragonite|7/100|[from] Sandstorm
|-heal|p2a: birb|13/100|[from] item: Leftovers
|upkeep
|turn|6
|
|t:|1598734172
|move|p2a: birb|Protect|p2a: birb
|-singleturn|p2a: birb|Protect
|move|p1a: Dragonite|Fire Punch|p2a: birb
|-activate|p2a: birb|move: Protect
|
|-weather|Sandstorm|[upkeep]
|-damage|p1a: Dragonite|0 fnt|[from] Sandstorm
|faint|p1a: Dragonite
|-heal|p2a: birb|19/100|[from] item: Leftovers
|upkeep
|
|t:|1598734189
|switch|p1a: Garchomp|Garchomp, M|100/100
|-damage|p1a: Garchomp|94/100|[from] Stealth Rock
|turn|7
|j| Mammary
|
|t:|1598734195
|switch|p2a: scor|Gliscor, F|100/100
|move|p1a: Garchomp|Fire Blast|p2a: scor
|-damage|p2a: scor|80/100
|
|-weather|Sandstorm|[upkeep]
|-status|p2a: scor|tox|[from] item: Toxic Orb
|upkeep
|turn|8
|
|t:|1598734204
|move|p1a: Garchomp|Stealth Rock|p2a: scor
|-sidestart|p2: jusuraveragenoob|move: Stealth Rock
|move|p2a: scor|Toxic|p1a: Garchomp
|-status|p1a: Garchomp|tox
|
|-weather|Sandstorm|[upkeep]
|-damage|p1a: Garchomp|88/100 tox|[from] psn
|-heal|p2a: scor|93/100 tox|[from] ability: Poison Heal
|upkeep
|turn|9
|
|t:|1598734212
|move|p2a: scor|Earthquake|p1a: Garchomp
|-damage|p1a: Garchomp|65/100 tox
|move|p1a: Garchomp|Dragon Tail|p2a: scor
|-damage|p2a: scor|74/100 tox
|drag|p2a: shrooms|Amoonguss, M, shiny|100/100
|-damage|p2a: shrooms|88/100|[from] Stealth Rock
|
|-weather|Sandstorm|[upkeep]
|-damage|p2a: shrooms|82/100|[from] Sandstorm
|-heal|p2a: shrooms|88/100|[from] item: Black Sludge
|-damage|p1a: Garchomp|53/100 tox|[from] psn
|upkeep
|turn|10
|
|t:|1598734224
|switch|p2a: tar|Tyranitar, M, shiny|28/100
|-damage|p2a: tar|15/100|[from] Stealth Rock
|move|p1a: Garchomp|Dragon Tail|p2a: tar|[miss]
|-miss|p1a: Garchomp|p2a: tar
|
|-weather|Sandstorm|[upkeep]
|-damage|p1a: Garchomp|34/100 tox|[from] psn
|upkeep
|turn|11
|
|t:|1598734232
|move|p1a: Garchomp|Earthquake|p2a: tar
|-supereffective|p2a: tar
|-damage|p2a: tar|0 fnt
|faint|p2a: tar
|
|-weather|Sandstorm|[upkeep]
|-damage|p1a: Garchomp|9/100 tox|[from] psn
|upkeep
|
|t:|1598734249
|switch|p2a: zam|Alakazam, F|100/100
|turn|12
|
|t:|1598734263
|move|p2a: zam|Shadow Ball|p1a: Garchomp
|-damage|p1a: Garchomp|0 fnt
|faint|p1a: Garchomp
|
|-weather|Sandstorm|[upkeep]
|upkeep
|
|t:|1598734270
|switch|p1a: Tyranitar|Tyranitar, M|100/100
|-damage|p1a: Tyranitar|88/100|[from] Stealth Rock
|turn|13
|
|t:|1598734274
|-activate|p2a: zam|move: Pursuit
|move|p1a: Tyranitar|Pursuit|p2a: zam|[from]Pursuit
|-supereffective|p2a: zam
|-enditem|p2a: zam|Focus Sash
|-damage|p2a: zam|1/100
|switch|p2a: birb|Ferrothorn, M|19/100
|-damage|p2a: birb|13/100|[from] Stealth Rock
|
|-weather|Sandstorm|[upkeep]
|-heal|p2a: birb|19/100|[from] item: Leftovers
|upkeep
|turn|14
|
|t:|1598734289
|switch|p1a: Salamence|Salamence, F|100/100
|-damage|p1a: Salamence|76/100|[from] Stealth Rock
|move|p2a: birb|Leech Seed|p1a: Salamence
|-start|p1a: Salamence|move: Leech Seed
|
|-weather|Sandstorm|[upkeep]
|-damage|p1a: Salamence|70/100|[from] Sandstorm
|-heal|p2a: birb|25/100|[from] item: Leftovers
|-damage|p1a: Salamence|57/100|[from] Leech Seed|[of] p2a: birb
|-heal|p2a: birb|37/100|[silent]
|upkeep
|turn|15
|
|t:|1598734301
|switch|p1a: Tyranitar|Tyranitar, M|88/100
|-damage|p1a: Tyranitar|76/100|[from] Stealth Rock
|move|p2a: birb|Protect||[still]
|-fail|p2a: birb
|
|-weather|Sandstorm|[upkeep]
|-heal|p2a: birb|43/100|[from] item: Leftovers
|upkeep
|turn|16
|j| Raykililegend
|
|t:|1598734310
|move|p2a: birb|Protect|p2a: birb
|-singleturn|p2a: birb|Protect
|move|p1a: Tyranitar|Superpower|p2a: birb
|-activate|p2a: birb|move: Protect
|
|-weather|Sandstorm|[upkeep]
|-heal|p2a: birb|49/100|[from] item: Leftovers
|upkeep
|turn|17
|
|t:|1598734317
|switch|p1a: Metagross|Metagross|100/100
|-damage|p1a: Metagross|94/100|[from] Stealth Rock
|switch|p2a: scor|Gliscor, F|74/100 tox
|-damage|p2a: scor|61/100 tox|[from] Stealth Rock
|
|-weather|Sandstorm|[upkeep]
|-heal|p2a: scor|74/100 tox|[from] ability: Poison Heal
|upkeep
|turn|18
|
|t:|1598734328
|switch|p2a: Heatran|Heatran, F, shiny|100/100
|-damage|p2a: Heatran|88/100|[from] Stealth Rock
|move|p1a: Metagross|Zen Headbutt|p2a: Heatran
|-resisted|p2a: Heatran
|-damage|p2a: Heatran|59/100
|
|-weather|Sandstorm|[upkeep]
|upkeep
|turn|19
|
|t:|1598734336
|switch|p1a: Tyranitar|Tyranitar, M|76/100
|-damage|p1a: Tyranitar|64/100|[from] Stealth Rock
|move|p2a: Heatran|Magma Storm|p1a: Tyranitar
|-resisted|p1a: Tyranitar
|-damage|p1a: Tyranitar|44/100
|-activate|p1a: Tyranitar|move: Magma Storm|[of] p2a: Heatran
|
|-weather|Sandstorm|[upkeep]
|-damage|p1a: Tyranitar|38/100|[from] move: Magma Storm|[partiallytrapped]
|upkeep
|turn|20
|
|t:|1598734347
|move|p1a: Tyranitar|Superpower|p2a: Heatran
|-supereffective|p2a: Heatran
|-damage|p2a: Heatran|0 fnt
|-unboost|p1a: Tyranitar|atk|1
|-unboost|p1a: Tyranitar|def|1
|faint|p2a: Heatran
|
|-weather|Sandstorm|[upkeep]
|upkeep
|
|t:|1598734350
|switch|p2a: scor|Gliscor, F|74/100 tox
|-damage|p2a: scor|61/100 tox|[from] Stealth Rock
|turn|21
|
|t:|1598734363
|switch|p1a: Salamence|Salamence, F|57/100
|-damage|p1a: Salamence|33/100|[from] Stealth Rock
|move|p2a: scor|Toxic|p1a: Salamence|[miss]
|-miss|p2a: scor|p1a: Salamence
|
|-weather|Sandstorm|[upkeep]
|-damage|p1a: Salamence|26/100|[from] Sandstorm
|-heal|p2a: scor|74/100 tox|[from] ability: Poison Heal
|upkeep
|turn|22
|
|t:|1598734377
|switch|p2a: birb|Ferrothorn, M|49/100
|-damage|p2a: birb|43/100|[from] Stealth Rock
|move|p1a: Salamence|Outrage|p2a: birb
|-resisted|p2a: birb
|-damage|p2a: birb|20/100
|-damage|p1a: Salamence|14/100|[from] ability: Iron Barbs|[of] p2a: birb
|
|-weather|Sandstorm|[upkeep]
|-damage|p1a: Salamence|8/100|[from] Sandstorm
|-heal|p2a: birb|26/100|[from] item: Leftovers
|upkeep
|turn|23
|
|t:|1598734389
|move|p1a: Salamence|Outrage|p2a: birb|[from]lockedmove
|-resisted|p2a: birb
|-damage|p2a: birb|5/100
|-damage|p1a: Salamence|0 fnt|[from] ability: Iron Barbs|[of] p2a: birb
|faint|p1a: Salamence
|move|p2a: birb|Spikes|p1: Salamence
|-sidestart|p1: JonahPSYCH|Spikes
|
|-weather|Sandstorm|[upkeep]
|-heal|p2a: birb|11/100|[from] item: Leftovers
|upkeep
|
|t:|1598734405
|switch|p1a: Metagross|Metagross|94/100
|-damage|p1a: Metagross|88/100|[from] Stealth Rock
|-damage|p1a: Metagross|76/100|[from] Spikes
|turn|24
|
|t:|1598734411
|move|p1a: Metagross|Zen Headbutt|p2a: birb
|-resisted|p2a: birb
|-damage|p2a: birb|0 fnt
|-damage|p1a: Metagross|64/100|[from] ability: Iron Barbs|[of] p2a: birb
|faint|p2a: birb
|
|-weather|Sandstorm|[upkeep]
|upkeep
|
|t:|1598734415
|switch|p2a: scor|Gliscor, F|74/100 tox
|-damage|p2a: scor|61/100 tox|[from] Stealth Rock
|turn|25
|
|t:|1598734420
|move|p2a: scor|Roost|p2a: scor
|-heal|p2a: scor|100/100 tox
|-singleturn|p2a: scor|move: Roost
|move|p1a: Metagross|Zen Headbutt|p2a: scor
|-damage|p2a: scor|48/100 tox
|
|-weather|Sandstorm|[upkeep]
|-heal|p2a: scor|60/100 tox|[from] ability: Poison Heal
|upkeep
|turn|26
|j| LT73IU ad
|
|t:|1598734428
|move|p2a: scor|Earthquake|p1a: Metagross
|-supereffective|p1a: Metagross
|-damage|p1a: Metagross|9/100
|move|p1a: Metagross|Zen Headbutt|p2a: scor
|-crit|p2a: scor
|-damage|p2a: scor|0 fnt
|faint|p2a: scor
|
|-weather|Sandstorm|[upkeep]
|upkeep
|
|t:|1598734434
|switch|p2a: zam|Alakazam, F|1/100
|turn|27
|
|t:|1598734441
|move|p2a: zam|Shadow Ball|p1a: Metagross
|-damage|p1a: Metagross|0 fnt
|faint|p1a: Metagross
|
|-weather|Sandstorm|[upkeep]
|upkeep
|
|t:|1598734446
|switch|p1a: Tyranitar|Tyranitar, M|38/100
|-damage|p1a: Tyranitar|26/100|[from] Spikes
|-damage|p1a: Tyranitar|13/100|[from] Stealth Rock
|turn|28
|
|t:|1598734451
|move|p2a: zam|Hidden Power|p1a: Tyranitar
|-damage|p1a: Tyranitar|0 fnt
|faint|p1a: Tyranitar
|
|win|jusuraveragenoob
|c|☆jusuraveragenoob|gg
|c|☆JonahPSYCH|gg
|l| LT73IU ad
|l|☆JonahPSYCH
|raw|JonahPSYCH's rating: 1541 &rarr; <strong>1517</strong><br />(-24 for losing)
|raw|jusuraveragenoob's rating: 1471 &rarr; <strong>1495</strong><br />(+24 for winning)
