|j|jimmyo
|j|Manson Hart
|player|p1|jimmyo|161
|player|p2|Manson Hart|89
|gametype|singles
|gen|5
|tier|[Gen 5] OU
|rated
|seed|
|rule|Evasion Abilities Clause: Evasion abilities are banned
|rule|Baton Pass Clause: Limit one Baton Passer, can't pass Spe and other stats simultaneously
|rule|Swagger Clause: Swagger is banned
|clearpoke
|poke|p1|Politoed, M|item
|poke|p1|Ferrothorn, M|item
|poke|p1|Keldeo-Resolute|item
|poke|p1|Salamence, M|item
|poke|p1|Jirachi|item
|poke|p1|Latios, M|item
|poke|p2|Hydreigon, F|item
|poke|p2|Tentacruel, F|item
|poke|p2|Ferrothorn, F|item
|poke|p2|Alakazam, M|item
|poke|p2|Terrakion|item
|poke|p2|Landorus-Therian, M|item
|rule|Sleep Clause Mod: Limit one foe put to sleep
|rule|Species Clause: Limit one of each Pokémon
|rule|OHKO Clause: OHKO moves are banned
|rule|Moody Clause: Moody is banned
|rule|Evasion Moves Clause: Evasion moves are banned
|rule|Endless Battle Clause: Forcing endless battles is banned
|rule|HP Percentage Mod: HP is shown in percentages
|teampreview
|choice||
|
|start
|switch|p1a: Politoed|Politoed, M|100/100
|switch|p2a: Ferrothorn|Ferrothorn, F|100/100
|-weather|RainDance|[from] ability: Drizzle|[of] p1a: Politoed
|turn|1
|choice||
|
|move|p1a: Politoed|Scald|p2a: Ferrothorn
|-resisted|p2a: Ferrothorn
|-damage|p2a: Ferrothorn|84/100
|-status|p2a: Ferrothorn|brn
|move|p2a: Ferrothorn|Power Whip|p1a: Politoed
|-supereffective|p1a: Politoed
|-damage|p1a: Politoed|68/100
|
|-weather|RainDance|[upkeep]
|-heal|p1a: Politoed|74/100|[from] item: Leftovers
|-heal|p2a: Ferrothorn|90/100 brn|[from] item: Leftovers
|-damage|p2a: Ferrothorn|77/100 brn|[from] brn
|turn|2
|choice||
|
|switch|p1a: Ferrothorn|Ferrothorn, M|100/100
|move|p2a: Ferrothorn|Stealth Rock|p1a: Ferrothorn
|-sidestart|p1: jimmyo|move: Stealth Rock
|
|-weather|RainDance|[upkeep]
|-heal|p2a: Ferrothorn|84/100 brn|[from] item: Leftovers
|-damage|p2a: Ferrothorn|71/100 brn|[from] brn
|turn|3
|choice||
|
|switch|p2a: Tentacruel|Tentacruel, F|100/100
|move|p1a: Ferrothorn|Stealth Rock|p2a: Tentacruel
|-sidestart|p2: Manson Hart|move: Stealth Rock
|
|-weather|RainDance|[upkeep]
|turn|4
|choice||
|
|switch|p1a: Latios|Latios, M|100/100
|-damage|p1a: Latios|88/100|[from] Stealth Rock
|move|p2a: Tentacruel|Scald|p1a: Latios
|-resisted|p1a: Latios
|-damage|p1a: Latios|71/100
|
|-weather|RainDance|[upkeep]
|turn|5
|choice||
|
|switch|p2a: Ferrothorn|Ferrothorn, F|71/100 brn
|-damage|p2a: Ferrothorn|65/100 brn|[from] Stealth Rock
|move|p1a: Latios|Draco Meteor|p2a: Ferrothorn
|-resisted|p2a: Ferrothorn
|-damage|p2a: Ferrothorn|21/100 brn
|-unboost|p1a: Latios|spa|2
|
|-weather|RainDance|[upkeep]
|-heal|p2a: Ferrothorn|27/100 brn|[from] item: Leftovers
|-damage|p2a: Ferrothorn|15/100 brn|[from] brn
|turn|6
|choice||
|
|move|p1a: Latios|Draco Meteor|p2a: Ferrothorn
|-resisted|p2a: Ferrothorn
|-damage|p2a: Ferrothorn|0 fnt
|-unboost|p1a: Latios|spa|2
|faint|p2a: Ferrothorn
|
|-weather|RainDance|[upkeep]
|choice||
|
|switch|p2a: Tentacruel|Tentacruel, F|100/100
|-damage|p2a: Tentacruel|88/100|[from] Stealth Rock
|turn|7
|choice||
|
|switch|p1a: Jirachi|Jirachi|100/100
|-damage|p1a: Jirachi|94/100|[from] Stealth Rock
|move|p2a: Tentacruel|Scald|p1a: Jirachi
|-damage|p1a: Jirachi|73/100
|
|-weather|RainDance|[upkeep]
|-heal|p2a: Tentacruel|94/100|[from] item: Black Sludge
|-heal|p1a: Jirachi|79/100|[from] item: Leftovers
|turn|8
|choice||
|
|move|p2a: Tentacruel|Scald|p1a: Jirachi
|-damage|p1a: Jirachi|58/100
|move|p1a: Jirachi|Icy Wind|p2a: Tentacruel
|-resisted|p2a: Tentacruel
|-damage|p2a: Tentacruel|90/100
|-unboost|p2a: Tentacruel|spe|1
|
|-weather|RainDance|[upkeep]
|-heal|p1a: Jirachi|64/100|[from] item: Leftovers
|-heal|p2a: Tentacruel|96/100|[from] item: Black Sludge
|turn|9
|choice||
|
|move|p1a: Jirachi|Wish|p1a: Jirachi
|move|p2a: Tentacruel|Scald|p1a: Jirachi
|-damage|p1a: Jirachi|44/100
|
|-weather|RainDance|[upkeep]
|-heal|p1a: Jirachi|50/100|[from] item: Leftovers
|-heal|p2a: Tentacruel|100/100|[from] item: Black Sludge
|turn|10
|choice||
|
|move|p1a: Jirachi|Thunder|p2a: Tentacruel
|-supereffective|p2a: Tentacruel
|-damage|p2a: Tentacruel|66/100
|move|p2a: Tentacruel|Rapid Spin|p1a: Jirachi
|-resisted|p1a: Jirachi
|-damage|p1a: Jirachi|49/100
|-sideend|p2: Manson Hart|Stealth Rock|[from] move: Rapid Spin|[of] p2a: Tentacruel
|
|-weather|RainDance|[upkeep]
|-heal|p1a: Jirachi|99/100|[from] move: Wish|[wisher] Jirachi
|-heal|p1a: Jirachi|100/100|[from] item: Leftovers
|-heal|p2a: Tentacruel|72/100|[from] item: Black Sludge
|turn|11
|choice||
|
|move|p1a: Jirachi|Thunder|p2a: Tentacruel
|-supereffective|p2a: Tentacruel
|-damage|p2a: Tentacruel|37/100
|-status|p2a: Tentacruel|par
|move|p2a: Tentacruel|Scald|p1a: Jirachi
|-damage|p1a: Jirachi|78/100
|-status|p1a: Jirachi|brn
|
|-weather|RainDance|[upkeep]
|-heal|p1a: Jirachi|84/100 brn|[from] item: Leftovers
|-heal|p2a: Tentacruel|43/100 par|[from] item: Black Sludge
|-damage|p1a: Jirachi|72/100 brn|[from] brn
|turn|12
|choice||
|
|switch|p2a: Landorus|Landorus-Therian, M|100/100
|-ability|p2a: Landorus|Intimidate|boost
|-unboost|p1a: Jirachi|atk|1
|move|p1a: Jirachi|Wish|p1a: Jirachi
|
|-weather|RainDance|[upkeep]
|-heal|p1a: Jirachi|78/100 brn|[from] item: Leftovers
|-damage|p1a: Jirachi|66/100 brn|[from] brn
|turn|13
|choice||
|
|switch|p1a: Politoed|Politoed, M|74/100
|-damage|p1a: Politoed|62/100|[from] Stealth Rock
|move|p2a: Landorus|Stone Edge|p1a: Politoed
|-damage|p1a: Politoed|17/100
|-damage|p2a: Landorus|91/100|[from] item: Life Orb
|
|-weather|RainDance|[upkeep]
|-heal|p1a: Politoed|69/100|[from] move: Wish|[wisher] Jirachi
|-heal|p1a: Politoed|75/100|[from] item: Leftovers
|turn|14
|choice||
|
|move|p2a: Landorus|Earthquake|p1a: Politoed
|-damage|p1a: Politoed|9/100
|-damage|p2a: Landorus|81/100|[from] item: Life Orb
|move|p1a: Politoed|Scald|p2a: Landorus
|-supereffective|p2a: Landorus
|-damage|p2a: Landorus|0 fnt
|faint|p2a: Landorus
|
|-weather|RainDance|[upkeep]
|-heal|p1a: Politoed|15/100|[from] item: Leftovers
|choice||
|
|switch|p2a: Alakazam|Alakazam, M|100/100
|turn|15
|choice||
|
|move|p2a: Alakazam|Psychic|p1a: Politoed
|-damage|p1a: Politoed|0 fnt
|faint|p1a: Politoed
|
|-weather|RainDance|[upkeep]
|choice||
|
|switch|p1a: Jirachi|Jirachi|66/100 brn
|-damage|p1a: Jirachi|60/100 brn|[from] Stealth Rock
|turn|16
|choice||
|
|move|p2a: Alakazam|Focus Blast|p1a: Jirachi
|-damage|p1a: Jirachi|28/100 brn
|-unboost|p1a: Jirachi|spd|1
|move|p1a: Jirachi|Thunder|p2a: Alakazam
|-damage|p2a: Alakazam|54/100
|-status|p2a: Alakazam|par
|
|-weather|RainDance|[upkeep]
|-heal|p1a: Jirachi|34/100 brn|[from] item: Leftovers
|-damage|p1a: Jirachi|22/100 brn|[from] brn
|turn|17
|choice||
|
|move|p1a: Jirachi|Iron Head|p2a: Alakazam
|-damage|p2a: Alakazam|21/100 par
|cant|p2a: Alakazam|par
|
|-weather|RainDance|[upkeep]
|-heal|p1a: Jirachi|28/100 brn|[from] item: Leftovers
|-damage|p1a: Jirachi|16/100 brn|[from] brn
|turn|18
|choice||
|
|switch|p2a: Tentacruel|Tentacruel, F|43/100 par
|move|p1a: Jirachi|Iron Head|p2a: Tentacruel
|-resisted|p2a: Tentacruel
|-damage|p2a: Tentacruel|32/100 par
|
|-weather|RainDance|[upkeep]
|-heal|p1a: Jirachi|22/100 brn|[from] item: Leftovers
|-heal|p2a: Tentacruel|38/100 par|[from] item: Black Sludge
|-damage|p1a: Jirachi|9/100 brn|[from] brn
|turn|19
|choice||
|
|move|p1a: Jirachi|Wish|p1a: Jirachi
|move|p2a: Tentacruel|Scald|p1a: Jirachi
|-damage|p1a: Jirachi|0 fnt
|faint|p1a: Jirachi
|
|-weather|RainDance|[upkeep]
|-heal|p2a: Tentacruel|44/100 par|[from] item: Black Sludge
|choice||
|
|switch|p1a: Latios|Latios, M|71/100
|-damage|p1a: Latios|59/100|[from] Stealth Rock
|turn|20
|choice||
|
|move|p1a: Latios|Draco Meteor|p2a: Tentacruel|[miss]
|-miss|p1a: Latios|p2a: Tentacruel
|move|p2a: Tentacruel|Ice Beam|p1a: Latios
|-supereffective|p1a: Latios
|-damage|p1a: Latios|22/100
|
|-weather|RainDance|[upkeep]
|-heal|p1a: Latios|89/100|[from] move: Wish|[wisher] Jirachi
|-heal|p2a: Tentacruel|50/100 par|[from] item: Black Sludge
|turn|21
|choice||
|
|move|p1a: Latios|Draco Meteor|p2a: Tentacruel
|-damage|p2a: Tentacruel|0 fnt
|-unboost|p1a: Latios|spa|2
|faint|p2a: Tentacruel
|
|-weather|RainDance|[upkeep]
|choice||
|
|switch|p2a: Terrakion|Terrakion|100/100
|turn|22
|choice||
|
|switch|p1a: Keldeo|Keldeo-Resolute|100/100
|-damage|p1a: Keldeo|94/100|[from] Stealth Rock
|move|p2a: Terrakion|Close Combat|p1a: Keldeo
|-damage|p1a: Keldeo|0 fnt
|-unboost|p2a: Terrakion|def|1
|-unboost|p2a: Terrakion|spd|1
|faint|p1a: Keldeo
|
|-weather|RainDance|[upkeep]
|choice||
|
|switch|p1a: Latios|Latios, M|89/100
|-damage|p1a: Latios|76/100|[from] Stealth Rock
|turn|23
|choice||
|
|switch|p2a: Alakazam|Alakazam, M|21/100 par
|move|p1a: Latios|Surf|p2a: Alakazam
|-damage|p2a: Alakazam|0 fnt
|faint|p2a: Alakazam
|
|-weather|RainDance|[upkeep]
|choice||
|
|switch|p2a: Hydreigon|Hydreigon, F|100/100
|turn|24
|choice||
|
|switch|p2a: Terrakion|Terrakion|100/100
|switch|p1a: Ferrothorn|Ferrothorn, M|100/100
|-damage|p1a: Ferrothorn|95/100|[from] Stealth Rock
|
|-weather|RainDance|[upkeep]
|-heal|p1a: Ferrothorn|100/100|[from] item: Leftovers
|turn|25
|choice||
|
|move|p2a: Terrakion|Close Combat|p1a: Ferrothorn
|-supereffective|p1a: Ferrothorn
|-damage|p1a: Ferrothorn|0 fnt
|-damage|p2a: Terrakion|88/100|[from] ability: Iron Barbs|[of] p1a: Ferrothorn
|-unboost|p2a: Terrakion|def|1
|-unboost|p2a: Terrakion|spd|1
|faint|p1a: Ferrothorn
|
|-weather|RainDance|[upkeep]
|choice||
|
|switch|p1a: Latios|Latios, M|76/100
|-damage|p1a: Latios|64/100|[from] Stealth Rock
|turn|26
|choice||
|
|move|p1a: Latios|Draco Meteor|p2a: Terrakion
|-damage|p2a: Terrakion|0 fnt
|-unboost|p1a: Latios|spa|2
|faint|p2a: Terrakion
|
|-weather|RainDance|[upkeep]
|choice||
|
|switch|p2a: Hydreigon|Hydreigon, F|100/100
|turn|27
|choice||
|
|move|p2a: Hydreigon|Dark Pulse|p1a: Latios
|-supereffective|p1a: Latios
|-damage|p1a: Latios|0 fnt
|faint|p1a: Latios
|
|-weather|RainDance|[upkeep]
|choice||
|
|switch|p1a: Salamence|Salamence, M|100/100
|-damage|p1a: Salamence|76/100|[from] Stealth Rock
|turn|28
|choice||
|
|move|p1a: Salamence|Outrage|p2a: Hydreigon
|-supereffective|p2a: Hydreigon
|-damage|p2a: Hydreigon|0 fnt
|faint|p2a: Hydreigon
|-ability|p1a: Salamence|Moxie|boost
|-boost|p1a: Salamence|atk|1
|
|win|jimmyo
|player|p1
|player|p2
|c|★jimmyo|gg
|raw|jimmyo's rating: 1458 &rarr; <strong>1471</strong><br />(+13 for winning)
|raw|Manson Hart's rating: 1328 &rarr; <strong>1315</strong><br />(-13 for losing)
|c|★Manson Hart|good hax
|c|★Manson Hart|;)
|l|Manson Hart