|j|☆katsuko vlone ❄️
|j|☆ImpedanceisFutile
|player|p1|katsuko vlone ❄️|138
|player|p2|ImpedanceisFutile|42
|teamsize|p1|6
|teamsize|p2|6
|gametype|singles
|gen|5
|tier|[Gen 5] OU
|rated|
|rule|Sleep Clause Mod: Limit one foe put to sleep
|rule|Species Clause: Limit one of each Pokémon
|rule|OHKO Clause: OHKO moves are banned
|rule|Moody Clause: Moody is banned
|rule|Evasion Moves Clause: Evasion moves are banned
|rule|Endless Battle Clause: Forcing endless battles is banned
|rule|HP Percentage Mod: HP is shown in percentages
|rule|Evasion Abilities Clause: Evasion abilities are banned
|rule|Baton Pass Clause: Limit one Baton Passer, can't pass Spe and other stats simultaneously
|rule|Swagger Clause: Swagger is banned
|clearpoke
|poke|p1|Tyranitar, M|item
|poke|p1|Terrakion|item
|poke|p1|Landorus-Therian, M|item
|poke|p1|Excadrill, M|item
|poke|p1|Amoonguss, M|item
|poke|p1|Slowbro, M|item
|poke|p2|Latios, M|item
|poke|p2|Jirachi|item
|poke|p2|Breloom, F|item
|poke|p2|Tyranitar, F|item
|poke|p2|Landorus-Therian, M|item
|poke|p2|Gastrodon, F|item
|teampreview
|c|☆ImpedanceisFutile|t
|c|☆ImpedanceisFutile|hf
|c|☆katsuko vlone ❄️|hf
|
|start
|switch|p1a: Slowbro|Slowbro, M, shiny|100/100
|switch|p2a: Latios|Latios, M|100/100
|turn|1
|
|switch|p2a: Breloom|Breloom, F|100/100
|switch|p1a: Tyranitar|Tyranitar, M, shiny|100/100
|-weather|Sandstorm|[from] ability: Sand Stream|[of] p1a: Tyranitar
|
|-weather|Sandstorm|[upkeep]
|-damage|p2a: Breloom|94/100|[from] Sandstorm
|upkeep
|turn|2
|
|-singleturn|p2a: Breloom|move: Focus Punch
|move|p1a: Tyranitar|Ice Beam|p2a: Breloom
|-supereffective|p2a: Breloom
|-damage|p2a: Breloom|0 fnt
|faint|p2a: Breloom
|
|-weather|Sandstorm|[upkeep]
|upkeep
|
|switch|p2a: Tyranitar|Tyranitar, F|100/100
|turn|3
|
|switch|p1a: Landorus|Landorus-Therian, M|100/100
|-ability|p1a: Landorus|Intimidate|boost
|-unboost|p2a: Tyranitar|atk|1
|move|p2a: Tyranitar|Superpower|p1a: Landorus
|-resisted|p1a: Landorus
|-damage|p1a: Landorus|84/100
|-unboost|p2a: Tyranitar|atk|1
|-unboost|p2a: Tyranitar|def|1
|
|-weather|Sandstorm|[upkeep]
|upkeep
|turn|4
|
|switch|p2a: Landorus|Landorus-Therian, M|100/100
|-ability|p2a: Landorus|Intimidate|boost
|-unboost|p1a: Landorus|atk|1
|move|p1a: Landorus|Stealth Rock|p2a: Landorus
|-sidestart|p2: ImpedanceisFutile|move: Stealth Rock
|
|-weather|Sandstorm|[upkeep]
|upkeep
|turn|5
|
|switch|p1a: Tyranitar|Tyranitar, M, shiny|100/100
|move|p2a: Landorus|U-turn|p1a: Tyranitar
|-supereffective|p1a: Tyranitar
|-damage|p1a: Tyranitar|58/100
|
|switch|p2a: Tyranitar|Tyranitar, F|100/100
|-damage|p2a: Tyranitar|88/100|[from] Stealth Rock
|
|-weather|Sandstorm|[upkeep]
|upkeep
|turn|6
|
|switch|p1a: Landorus|Landorus-Therian, M|84/100
|-ability|p1a: Landorus|Intimidate|boost
|-unboost|p2a: Tyranitar|atk|1
|move|p2a: Tyranitar|Stealth Rock|p1a: Landorus
|-sidestart|p1: katsuko vlone ❄️|move: Stealth Rock
|
|-weather|Sandstorm|[upkeep]
|upkeep
|turn|7
|
|move|p1a: Landorus|U-turn|p2a: Tyranitar
|-supereffective|p2a: Tyranitar
|-damage|p2a: Tyranitar|50/100
|
|-activate|p1a: Landorus|move: Pursuit
|move|p2a: Tyranitar|Pursuit|p1a: Landorus|[from]Pursuit
|-damage|p1a: Landorus|53/100
|switch|p1a: Tyranitar|Tyranitar, M, shiny|58/100
|-damage|p1a: Tyranitar|45/100|[from] Stealth Rock
|
|-weather|Sandstorm|[upkeep]
|upkeep
|turn|8
|
|switch|p2a: Jirachi|Jirachi|100/100
|-damage|p2a: Jirachi|94/100|[from] Stealth Rock
|move|p1a: Tyranitar|Ice Beam|p2a: Jirachi
|-resisted|p2a: Jirachi
|-damage|p2a: Jirachi|83/100
|
|-weather|Sandstorm|[upkeep]
|-heal|p2a: Jirachi|90/100|[from] item: Leftovers
|upkeep
|turn|9
|
|switch|p1a: Excadrill|Excadrill, M|100/100
|-damage|p1a: Excadrill|98/100|[from] Stealth Rock
|move|p2a: Jirachi|Iron Head|p1a: Excadrill
|-resisted|p1a: Excadrill
|-damage|p1a: Excadrill|77/100
|
|-weather|Sandstorm|[upkeep]
|-heal|p2a: Jirachi|96/100|[from] item: Leftovers
|-heal|p1a: Excadrill|83/100|[from] item: Leftovers
|upkeep
|turn|10
|
|switch|p2a: Latios|Latios, M|100/100
|-damage|p2a: Latios|88/100|[from] Stealth Rock
|move|p1a: Excadrill|Rapid Spin|p2a: Latios
|-damage|p2a: Latios|77/100
|-sideend|p1: katsuko vlone ❄️|Stealth Rock|[from] move: Rapid Spin|[of] p1a: Excadrill
|
|-weather|Sandstorm|[upkeep]
|-damage|p2a: Latios|71/100|[from] Sandstorm
|-heal|p1a: Excadrill|89/100|[from] item: Leftovers
|upkeep
|turn|11
|
|move|p1a: Excadrill|Protect|p1a: Excadrill
|-singleturn|p1a: Excadrill|Protect
|move|p2a: Latios|Dragon Pulse|p1a: Excadrill
|-activate|p1a: Excadrill|move: Protect
|
|-weather|Sandstorm|[upkeep]
|-damage|p2a: Latios|65/100|[from] Sandstorm
|-heal|p1a: Excadrill|96/100|[from] item: Leftovers
|upkeep
|turn|12
|
|switch|p2a: Gastrodon|Gastrodon, F|100/100
|-damage|p2a: Gastrodon|94/100|[from] Stealth Rock
|switch|p1a: Tyranitar|Tyranitar, M, shiny|45/100
|
|-weather|Sandstorm|[upkeep]
|-heal|p2a: Gastrodon|100/100|[from] item: Leftovers
|upkeep
|turn|13
|
|switch|p1a: Amoonguss|Amoonguss, M, shiny|100/100
|move|p2a: Gastrodon|Earthquake|p1a: Amoonguss
|-damage|p1a: Amoonguss|73/100
|
|-weather|Sandstorm|[upkeep]
|-damage|p1a: Amoonguss|67/100|[from] Sandstorm
|-heal|p1a: Amoonguss|73/100|[from] item: Black Sludge
|upkeep
|turn|14
|
|switch|p2a: Landorus|Landorus-Therian, M|100/100
|-damage|p2a: Landorus|88/100|[from] Stealth Rock
|-ability|p2a: Landorus|Intimidate|boost
|-unboost|p1a: Amoonguss|atk|1
|move|p1a: Amoonguss|Giga Drain|p2a: Landorus
|-damage|p2a: Landorus|54/100
|-heal|p1a: Amoonguss|86/100|[from] drain|[of] p2a: Landorus
|
|-weather|Sandstorm|[upkeep]
|-damage|p1a: Amoonguss|80/100|[from] Sandstorm
|-heal|p1a: Amoonguss|86/100|[from] item: Black Sludge
|upkeep
|turn|15
|
|switch|p1a: Slowbro|Slowbro, M, shiny|100/100
|move|p2a: Landorus|U-turn|p1a: Slowbro
|-supereffective|p1a: Slowbro
|-damage|p1a: Slowbro|71/100
|-damage|p2a: Landorus|38/100|[from] item: Rocky Helmet|[of] p1a: Slowbro
|
|switch|p2a: Jirachi|Jirachi|96/100
|-damage|p2a: Jirachi|90/100|[from] Stealth Rock
|
|-weather|Sandstorm|[upkeep]
|-damage|p1a: Slowbro|65/100|[from] Sandstorm
|-heal|p2a: Jirachi|96/100|[from] item: Leftovers
|upkeep
|turn|16
|
|switch|p1a: Excadrill|Excadrill, M|96/100
|move|p2a: Jirachi|Thunderbolt|p1a: Excadrill
|-immune|p1a: Excadrill
|
|-weather|Sandstorm|[upkeep]
|-heal|p2a: Jirachi|100/100|[from] item: Leftovers
|-heal|p1a: Excadrill|100/100|[from] item: Leftovers
|upkeep
|turn|17
|
|switch|p2a: Latios|Latios, M|65/100
|-damage|p2a: Latios|53/100|[from] Stealth Rock
|move|p1a: Excadrill|Protect||[still]
|-fail|p1a: Excadrill
|
|-weather|Sandstorm|[upkeep]
|-damage|p2a: Latios|47/100|[from] Sandstorm
|upkeep
|turn|18
|
|move|p1a: Excadrill|Protect|p1a: Excadrill
|-singleturn|p1a: Excadrill|Protect
|move|p2a: Latios|Recover|p2a: Latios
|-heal|p2a: Latios|97/100
|
|-weather|Sandstorm|[upkeep]
|-damage|p2a: Latios|91/100|[from] Sandstorm
|upkeep
|turn|19
|
|switch|p2a: Landorus|Landorus-Therian, M|38/100
|-damage|p2a: Landorus|26/100|[from] Stealth Rock
|-ability|p2a: Landorus|Intimidate|boost
|-unboost|p1a: Excadrill|atk|1
|switch|p1a: Tyranitar|Tyranitar, M, shiny|45/100
|
|-weather|Sandstorm|[upkeep]
|upkeep
|turn|20
|
|switch|p1a: Slowbro|Slowbro, M, shiny|98/100
|move|p2a: Landorus|Earthquake|p1a: Slowbro
|-damage|p1a: Slowbro|65/100
|
|-weather|Sandstorm|[upkeep]
|-damage|p1a: Slowbro|59/100|[from] Sandstorm
|upkeep
|turn|21
|
|switch|p2a: Gastrodon|Gastrodon, F|100/100
|-damage|p2a: Gastrodon|94/100|[from] Stealth Rock
|move|p1a: Slowbro|Scald|p2a: Gastrodon
|-ability|p2a: Gastrodon|Storm Drain|boost
|-boost|p2a: Gastrodon|spa|1
|
|-weather|Sandstorm|[upkeep]
|-damage|p1a: Slowbro|53/100|[from] Sandstorm
|-heal|p2a: Gastrodon|100/100|[from] item: Leftovers
|upkeep
|turn|22
|
|switch|p1a: Amoonguss|Amoonguss, M, shiny|100/100
|move|p2a: Gastrodon|Ice Beam|p1a: Amoonguss
|-supereffective|p1a: Amoonguss
|-damage|p1a: Amoonguss|56/100
|
|-weather|Sandstorm|[upkeep]
|-damage|p1a: Amoonguss|49/100|[from] Sandstorm
|-heal|p1a: Amoonguss|56/100|[from] item: Black Sludge
|upkeep
|turn|23
|
|switch|p2a: Landorus|Landorus-Therian, M|26/100
|-damage|p2a: Landorus|13/100|[from] Stealth Rock
|-ability|p2a: Landorus|Intimidate|boost
|-unboost|p1a: Amoonguss|atk|1
|move|p1a: Amoonguss|Giga Drain|p2a: Landorus
|-damage|p2a: Landorus|0 fnt
|-heal|p1a: Amoonguss|61/100|[from] drain|[of] p2a: Landorus
|faint|p2a: Landorus
|
|-weather|Sandstorm|[upkeep]
|-damage|p1a: Amoonguss|55/100|[from] Sandstorm
|-heal|p1a: Amoonguss|61/100|[from] item: Black Sludge
|upkeep
|
|switch|p2a: Tyranitar|Tyranitar, F|50/100
|-damage|p2a: Tyranitar|37/100|[from] Stealth Rock
|turn|24
|
|switch|p1a: Excadrill|Excadrill, M|100/100
|move|p2a: Tyranitar|Stealth Rock|p1a: Excadrill
|-sidestart|p1: katsuko vlone ❄️|move: Stealth Rock
|
|-weather|Sandstorm|[upkeep]
|upkeep
|turn|25
|
|move|p1a: Excadrill|Rapid Spin|p2a: Tyranitar
|-resisted|p2a: Tyranitar
|-damage|p2a: Tyranitar|34/100
|-sideend|p1: katsuko vlone ❄️|Stealth Rock|[from] move: Rapid Spin|[of] p1a: Excadrill
|move|p2a: Tyranitar|Superpower|p1a: Excadrill
|-supereffective|p1a: Excadrill
|-damage|p1a: Excadrill|0 fnt
|-unboost|p2a: Tyranitar|atk|1
|-unboost|p2a: Tyranitar|def|1
|faint|p1a: Excadrill
|
|-weather|Sandstorm|[upkeep]
|upkeep
|
|switch|p1a: Landorus|Landorus-Therian, M|53/100
|-ability|p1a: Landorus|Intimidate|boost
|-unboost|p2a: Tyranitar|atk|1
|turn|26
|
|switch|p2a: Latios|Latios, M|91/100
|-damage|p2a: Latios|79/100|[from] Stealth Rock
|move|p1a: Landorus|U-turn|p2a: Latios
|-supereffective|p2a: Latios
|-damage|p2a: Latios|3/100
|
|switch|p1a: Terrakion|Terrakion|100/100
|
|-weather|Sandstorm|[upkeep]
|-damage|p2a: Latios|0 fnt|[from] Sandstorm
|upkeep
|faint|p2a: Latios
|
|switch|p2a: Jirachi|Jirachi|100/100
|-damage|p2a: Jirachi|94/100|[from] Stealth Rock
|turn|27
|c|☆ImpedanceisFutile|gg
|-message|ImpedanceisFutile forfeited.
|
|win|katsuko vlone ❄️
|l|☆ImpedanceisFutile
|raw|katsuko vlone ❄️'s rating: 1398 &rarr; <strong>1414</strong><br />(+16 for winning)
|raw|ImpedanceisFutile's rating: 1329 &rarr; <strong>1313</strong><br />(-16 for losing)
|c|☆katsuko vlone ❄️|gg
