|j|☆dr.jeckyl
|j|☆Rain Deathless
|t:|1598667221
|player|p1|dr.jeckyl|169|1555
|player|p2|Rain Deathless|acetrainer-gen4dp|1513
|teamsize|p1|6
|teamsize|p2|6
|gametype|singles
|gen|5
|tier|[Gen 5] OU
|rated|
|clearpoke
|poke|p1|Gliscor, M|item
|poke|p1|Salamence, F|item
|poke|p1|Latios, M|item
|poke|p1|Magnezone|item
|poke|p1|Skarmory, F|item
|poke|p1|Starmie|item
|poke|p2|Politoed, M|item
|poke|p2|Jirachi|item
|poke|p2|Excadrill, F|item
|poke|p2|Keldeo-Resolute|item
|poke|p2|Starmie|item
|poke|p2|Dragonite, M|item
|rule|Species Clause: Limit one of each Pokémon
|rule|OHKO Clause: OHKO moves are banned
|rule|Moody Clause: Moody is banned
|rule|Evasion Moves Clause: Evasion moves are banned
|rule|Endless Battle Clause: Forcing endless battles is banned
|rule|HP Percentage Mod: HP is shown in percentages
|rule|Evasion Abilities Clause: Evasion abilities are banned
|rule|Baton Pass Clause: Limit one Baton Passer, can't pass Spe and other stats simultaneously
|rule|Sleep Clause: Sleep-inducing moves are banned
|rule|Swagger Clause: Swagger is banned
|teampreview
|c|☆Rain Deathless|gl
|c|☆Rain Deathless|thinkinh
|c|☆Rain Deathless|g
|
|t:|1598667258
|start
|switch|p1a: Latios|Latios, M|100/100
|switch|p2a: Azure|Starmie, shiny|100/100
|turn|1
|
|t:|1598667263
|move|p2a: Azure|Ice Beam|p1a: Latios
|-supereffective|p1a: Latios
|-damage|p1a: Latios|25/100
|-damage|p2a: Azure|91/100|[from] item: Life Orb
|move|p1a: Latios|Draco Meteor|p2a: Azure
|-damage|p2a: Azure|0 fnt
|-unboost|p1a: Latios|spa|2
|faint|p2a: Azure
|
|upkeep
|c|☆Rain Deathless|wow
|c|☆dr.jeckyl|r u surprised?
|c|☆Rain Deathless|i cant believe you let me do that
|c|☆Rain Deathless|yeah
|c|☆dr.jeckyl|do what?
|c|☆Rain Deathless|you really messed up
|c|☆Rain Deathless|t
|c|☆Rain Deathless|ty
|c|☆dr.jeckyl|how so?
|c|☆Rain Deathless|*
|c|☆Rain Deathless|thinking of play
|c|☆dr.jeckyl|in my experience most starmies dont carry ice beam
|c|☆Rain Deathless|thats not what im talking about
|c|☆Rain Deathless|tbh
|c|☆Rain Deathless|i could still los
|c|☆Rain Deathless|lose
|c|☆Rain Deathless|but
|inactive|Battle timer is ON: inactive players will automatically lose when time's up. (requested by dr.jeckyl)
|c|☆Rain Deathless|eh, ill tell you after if you even care
|c|☆dr.jeckyl|sure we can analyze after
|
|t:|1598667388
|switch|p2a: Prince|Politoed, M, shiny|100/100
|-weather|RainDance|[from] ability: Drizzle|[of] p2a: Prince
|turn|2
|c|☆Rain Deathless|cool
|
|t:|1598667400
|switch|p1a: Starmie|Starmie|100/100
|move|p2a: Prince|Scald|p1a: Starmie
|-resisted|p1a: Starmie
|-crit|p1a: Starmie
|-damage|p1a: Starmie|53/100
|
|-weather|RainDance|[upkeep]
|-heal|p1a: Starmie|59/100|[from] item: Leftovers
|upkeep
|turn|3
|
|t:|1598667408
|move|p1a: Starmie|Scald|p2a: Prince
|-resisted|p2a: Prince
|-damage|p2a: Prince|84/100
|move|p2a: Prince|Scald|p1a: Starmie
|-resisted|p1a: Starmie
|-damage|p1a: Starmie|37/100
|
|-weather|RainDance|[upkeep]
|-heal|p1a: Starmie|43/100|[from] item: Leftovers
|-heal|p2a: Prince|90/100|[from] item: Leftovers
|upkeep
|turn|4
|
|t:|1598667419
|move|p1a: Starmie|Recover|p1a: Starmie
|-heal|p1a: Starmie|93/100
|move|p2a: Prince|Scald|p1a: Starmie
|-resisted|p1a: Starmie
|-damage|p1a: Starmie|70/100
|
|-weather|RainDance|[upkeep]
|-heal|p1a: Starmie|76/100|[from] item: Leftovers
|-heal|p2a: Prince|97/100|[from] item: Leftovers
|upkeep
|turn|5
|
|t:|1598667429
|move|p1a: Starmie|Scald|p2a: Prince
|-resisted|p2a: Prince
|-damage|p2a: Prince|81/100
|-status|p2a: Prince|brn
|move|p2a: Prince|Encore|p1a: Starmie
|-start|p1a: Starmie|Encore
|
|-weather|RainDance|[upkeep]
|-heal|p1a: Starmie|82/100|[from] item: Leftovers
|-heal|p2a: Prince|88/100 brn|[from] item: Leftovers
|-damage|p2a: Prince|75/100 brn|[from] brn
|upkeep
|turn|6
|
|t:|1598667440
|move|p1a: Starmie|Scald|p2a: Prince
|-resisted|p2a: Prince
|-damage|p2a: Prince|61/100 brn
|move|p2a: Prince|Scald|p1a: Starmie
|-resisted|p1a: Starmie
|-damage|p1a: Starmie|60/100
|
|-weather|RainDance|[upkeep]
|-heal|p1a: Starmie|66/100|[from] item: Leftovers
|-heal|p2a: Prince|67/100 brn|[from] item: Leftovers
|-damage|p2a: Prince|54/100 brn|[from] brn
|upkeep
|turn|7
|c|☆Rain Deathless|im weak to recover starmie so you may have this
|c|☆Rain Deathless|well analyze after
|
|t:|1598667467
|switch|p1a: Latios|Latios, M|25/100
|move|p2a: Prince|Scald|p1a: Latios
|-resisted|p1a: Latios
|-damage|p1a: Latios|6/100
|
|-weather|RainDance|[upkeep]
|-heal|p2a: Prince|61/100 brn|[from] item: Leftovers
|-damage|p2a: Prince|48/100 brn|[from] brn
|upkeep
|turn|8
|c|☆dr.jeckyl|yup
|inactive|dr.jeckyl has 120 seconds left.
|
|t:|1598667483
|move|p1a: Latios|Thunder|p2a: Prince
|-supereffective|p2a: Prince
|-damage|p2a: Prince|0 fnt
|faint|p2a: Prince
|
|-weather|RainDance|[upkeep]
|upkeep
|
|t:|1598667496
|switch|p2a: Knight|Keldeo-Resolute|100/100
|turn|9
|
|t:|1598667501
|move|p2a: Knight|Surf|p1a: Latios
|-resisted|p1a: Latios
|-damage|p1a: Latios|0 fnt
|faint|p1a: Latios
|
|-weather|RainDance|[upkeep]
|upkeep
|
|t:|1598667512
|switch|p1a: Starmie|Starmie|66/100
|turn|10
|
|t:|1598667515
|move|p2a: Knight|Surf|p1a: Starmie
|-resisted|p1a: Starmie
|-damage|p1a: Starmie|19/100
|move|p1a: Starmie|Psyshock|p2a: Knight
|-supereffective|p2a: Knight
|-damage|p2a: Knight|37/100
|
|-weather|RainDance|[upkeep]
|-heal|p1a: Starmie|25/100|[from] item: Leftovers
|upkeep
|turn|11
|c|☆Rain Deathless|there we go
|
|t:|1598667525
|move|p2a: Knight|Surf|p1a: Starmie
|-resisted|p1a: Starmie
|-damage|p1a: Starmie|0 fnt
|faint|p1a: Starmie
|
|-weather|RainDance|[upkeep]
|upkeep
|
|t:|1598667531
|switch|p1a: Salamence|Salamence, F|100/100
|turn|12
|j| Mammary
|
|t:|1598667548
|move|p2a: Knight|Surf|p1a: Salamence
|-resisted|p1a: Salamence
|-damage|p1a: Salamence|52/100
|move|p1a: Salamence|Earthquake|p2a: Knight
|-damage|p2a: Knight|0 fnt
|faint|p2a: Knight
|-ability|p1a: Salamence|Moxie|boost
|-boost|p1a: Salamence|atk|1
|
|-weather|RainDance|[upkeep]
|upkeep
|
|t:|1598667557
|switch|p2a: Digbeth|Excadrill, F, shiny|100/100
|-ability|p2a: Digbeth|Mold Breaker
|-item|p2a: Digbeth|Air Balloon
|turn|13
|
|t:|1598667569
|switch|p1a: Skarmory|Skarmory, F|100/100
|move|p2a: Digbeth|Stealth Rock|p1a: Skarmory
|-sidestart|p1: dr.jeckyl|move: Stealth Rock
|
|-weather|RainDance|[upkeep]
|upkeep
|turn|14
|
|t:|1598667580
|switch|p2a: Rachi|Jirachi|100/100
|move|p1a: Skarmory|Stealth Rock|p2a: Rachi
|-sidestart|p2: Rain Deathless|move: Stealth Rock
|
|-weather|RainDance|[upkeep]
|upkeep
|turn|15
|c|☆Rain Deathless|whooa
|c|☆dr.jeckyl|what is it?
|c|☆Rain Deathless|i did wrong rachi set
|c|☆Rain Deathless|:/
|c|☆dr.jeckyl|oof
|c|☆Rain Deathless|im not sub set
|c|☆dr.jeckyl|i assumed thunder
|inactive|Rain Deathless has 120 seconds left.
|c|☆dr.jeckyl|with iron head
|c|☆Rain Deathless|it is thunder
|c|☆Rain Deathless|nah
|c|☆Rain Deathless|flash cannon
|c|☆Rain Deathless|but
|c|☆Rain Deathless|no sub
|c|☆Rain Deathless|meh
|
|t:|1598667631
|switch|p1a: Magnezone|Magnezone|100/100
|-damage|p1a: Magnezone|94/100|[from] Stealth Rock
|move|p2a: Rachi|Thunder|p1a: Magnezone
|-resisted|p1a: Magnezone
|-damage|p1a: Magnezone|79/100
|
|-weather|RainDance|[upkeep]
|-heal|p1a: Magnezone|85/100|[from] item: Leftovers
|upkeep
|turn|16
|c|☆dr.jeckyl|ah i see
|c|☆Rain Deathless|well
|c|☆Rain Deathless|o well
|
|t:|1598667641
|move|p2a: Rachi|Calm Mind|p2a: Rachi
|-boost|p2a: Rachi|spa|1
|-boost|p2a: Rachi|spd|1
|move|p1a: Magnezone|Sunny Day|p1a: Magnezone
|-weather|SunnyDay
|
|-weather|SunnyDay|[upkeep]
|-heal|p1a: Magnezone|91/100|[from] item: Leftovers
|upkeep
|turn|17
|c|☆dr.jeckyl|hoping no hp ground
|c|☆Rain Deathless|nah
|
|t:|1598667650
|move|p2a: Rachi|Thunder|p1a: Magnezone
|-resisted|p1a: Magnezone
|-damage|p1a: Magnezone|71/100
|-status|p1a: Magnezone|par
|move|p1a: Magnezone|Substitute|p1a: Magnezone
|-start|p1a: Magnezone|Substitute
|-damage|p1a: Magnezone|46/100 par
|
|-weather|SunnyDay|[upkeep]
|-heal|p1a: Magnezone|52/100 par|[from] item: Leftovers
|upkeep
|turn|18
|
|t:|1598667659
|move|p2a: Rachi|Calm Mind|p2a: Rachi
|-boost|p2a: Rachi|spa|1
|-boost|p2a: Rachi|spd|1
|move|p1a: Magnezone|Hidden Power|p2a: Rachi
|-supereffective|p2a: Rachi
|-damage|p2a: Rachi|68/100
|
|-weather|SunnyDay|[upkeep]
|-heal|p2a: Rachi|75/100|[from] item: Leftovers
|-heal|p1a: Magnezone|58/100 par|[from] item: Leftovers
|upkeep
|turn|19
|
|t:|1598667668
|move|p2a: Rachi|Calm Mind|p2a: Rachi
|-boost|p2a: Rachi|spa|1
|-boost|p2a: Rachi|spd|1
|move|p1a: Magnezone|Hidden Power|p2a: Rachi
|-supereffective|p2a: Rachi
|-crit|p2a: Rachi
|-damage|p2a: Rachi|0 fnt
|faint|p2a: Rachi
|
|-weather|SunnyDay|[upkeep]
|-heal|p1a: Magnezone|65/100 par|[from] item: Leftovers
|upkeep
|c|☆dr.jeckyl|ive got hp ground on my gen 4 rachi catches everyone off guard
|c|☆dr.jeckyl|whoops
|c|☆Rain Deathless|np
|c|☆Rain Deathless|also
|c|☆Rain Deathless|i didnt milk my keldeo
|inactive|Rain Deathless has 90 seconds left.
|c|☆Rain Deathless|you messed up and sacked off your latios
|c|☆Rain Deathless|but i was dumb
|c|☆Rain Deathless|and didnt switch on the eq
|c|☆dr.jeckyl|well i have starmie to check keldeo
|c|☆Rain Deathless|so i deserve the L
|inactive|Rain Deathless has 60 seconds left.
|c|☆Rain Deathless|i broke your starme
|c|☆Rain Deathless|but didnt milk it
|c|☆Rain Deathless|im dumb
|c|☆dr.jeckyl|but once starmie died i could play around knowing u were scarfed
|c|☆Rain Deathless|nah
|c|☆Rain Deathless|it doesnt matter
|c|☆Rain Deathless|i fucked up
|c|☆dr.jeckyl|thats why i went mence cuz u were locked into surf
|c|☆Rain Deathless|i shouldve swapped
|inactive|Rain Deathless has 30 seconds left.
|c|☆Rain Deathless|balloon exca
|
|t:|1598667762
|switch|p2a: Digbeth|Excadrill, F, shiny|100/100
|-damage|p2a: Digbeth|97/100|[from] Stealth Rock
|-ability|p2a: Digbeth|Mold Breaker
|-item|p2a: Digbeth|Air Balloon
|turn|20
|c|☆Rain Deathless|im dumb and choked
|
|t:|1598667769
|move|p2a: Digbeth|Earthquake|p1a: Magnezone
|-supereffective|p1a: Magnezone
|-end|p1a: Magnezone|Substitute
|move|p1a: Magnezone|Hidden Power|p2a: Digbeth
|-supereffective|p2a: Digbeth
|-damage|p2a: Digbeth|0 fnt
|-enditem|p2a: Digbeth|Air Balloon
|faint|p2a: Digbeth
|
|-weather|none
|-heal|p1a: Magnezone|71/100 par|[from] item: Leftovers
|upkeep
|c|☆Rain Deathless|however
|c|☆Rain Deathless|i have one final play
|
|t:|1598667778
|switch|p2a: Dragoon|Dragonite, M|100/100
|-damage|p2a: Dragoon|75/100|[from] Stealth Rock
|turn|21
|
|t:|1598667784
|move|p2a: Dragoon|Substitute|p2a: Dragoon
|-start|p2a: Dragoon|Substitute
|-damage|p2a: Dragoon|50/100
|cant|p1a: Magnezone|par
|
|-heal|p2a: Dragoon|57/100|[from] item: Leftovers
|-heal|p1a: Magnezone|77/100 par|[from] item: Leftovers
|upkeep
|turn|22
|c|☆dr.jeckyl|oof
|
|t:|1598667792
|move|p2a: Dragoon|Roost|p2a: Dragoon
|-heal|p2a: Dragoon|100/100
|-singleturn|p2a: Dragoon|move: Roost
|move|p1a: Magnezone|Volt Switch|p2a: Dragoon
|-resisted|p2a: Dragoon
|-activate|p2a: Dragoon|Substitute|[damage]
|c|☆Rain Deathless|you have no idea
|c|☆dr.jeckyl|wdym
|c|☆Rain Deathless|;]
|c| Mammary|BRAVE BIRD DRAGONITE
|c| Mammary|(I wish)
|c|☆dr.jeckyl|i know ur set
|inactive|dr.jeckyl has 120 seconds left.
|c|☆dr.jeckyl|i literally cant beat it rn
|c|☆Rain Deathless|im sure you do
|c|☆Rain Deathless|im rain god
|
|t:|1598667830
|switch|p1a: Gliscor|Gliscor, M|100/100|[from]move: Volt Switch
|-damage|p1a: Gliscor|88/100|[from] Stealth Rock
|
|-status|p1a: Gliscor|tox|[from] item: Toxic Orb
|upkeep
|turn|23
|c|☆Rain Deathless|its well known in 2020 now
|inactive|Rain Deathless has 60 seconds left.
|c|☆Rain Deathless|lets play the real game
|c|☆Rain Deathless|GL
|
|t:|1598667841
|switch|p1a: Magnezone|Magnezone|77/100 par
|-damage|p1a: Magnezone|71/100 par|[from] Stealth Rock
|move|p2a: Dragoon|Dragon Dance|p2a: Dragoon
|-boost|p2a: Dragoon|atk|1
|-boost|p2a: Dragoon|spe|1
|
|-heal|p1a: Magnezone|77/100 par|[from] item: Leftovers
|upkeep
|turn|24
|inactive|Rain Deathless has 60 seconds left.
|j| yellow42
|
|t:|1598667849
|move|p2a: Dragoon|Dragon Dance|p2a: Dragoon
|-boost|p2a: Dragoon|atk|1
|-boost|p2a: Dragoon|spe|1
|move|p1a: Magnezone|Volt Switch|p2a: Dragoon
|-end|p2a: Dragoon|Substitute
|c|☆dr.jeckyl|r u bulky?
|inactive|dr.jeckyl has 120 seconds left.
|c| Mammary|of course he's bulky
|c|☆Rain Deathless|ive told you so much
|c|☆Rain Deathless|and now you ask me for more
|c|☆dr.jeckyl|ya ik hes bulky
|
|t:|1598667878
|switch|p1a: Gliscor|Gliscor, M|88/100 tox|[from]move: Volt Switch
|-damage|p1a: Gliscor|76/100 tox|[from] Stealth Rock
|
|-heal|p1a: Gliscor|88/100 tox|[from] ability: Poison Heal
|upkeep
|turn|25
|c|☆Rain Deathless|btw
|c|☆Rain Deathless|your skarm cant whirlwind now
|inactive|Rain Deathless has 60 seconds left.
|c|☆Rain Deathless|whic
|c|☆Rain Deathless|which
|c|☆dr.jeckyl|ik
|c|☆Rain Deathless|was kinda the point
|c|☆Rain Deathless|for me
|
|t:|1598667902
|move|p2a: Dragoon|Substitute|p2a: Dragoon
|-start|p2a: Dragoon|Substitute
|-damage|p2a: Dragoon|75/100
|move|p1a: Gliscor|Toxic||[still]
|-fail|p1a: Gliscor
|
|-heal|p2a: Dragoon|82/100|[from] item: Leftovers
|-heal|p1a: Gliscor|100/100 tox|[from] ability: Poison Heal
|upkeep
|turn|26
|inactive|Rain Deathless has 60 seconds left.
|c|☆Rain Deathless|GG
|c|☆dr.jeckyl|fuck u have speed
|c|☆dr.jeckyl|gg
|
|t:|1598667910
|switch|p1a: Magnezone|Magnezone|77/100 par
|-damage|p1a: Magnezone|71/100 par|[from] Stealth Rock
|move|p2a: Dragoon|Roost|p2a: Dragoon
|-heal|p2a: Dragoon|100/100
|-singleturn|p2a: Dragoon|move: Roost
|
|-heal|p1a: Magnezone|77/100 par|[from] item: Leftovers
|upkeep
|turn|27
|c|☆Rain Deathless|ofc
|c|☆Rain Deathless|im rain god
|
|t:|1598667919
|move|p2a: Dragoon|Dragon Dance|p2a: Dragoon
|-boost|p2a: Dragoon|atk|1
|-boost|p2a: Dragoon|spe|1
|move|p1a: Magnezone|Volt Switch|p2a: Dragoon
|-activate|p2a: Dragoon|Substitute|[damage]
|
|t:|1598667929
|switch|p1a: Salamence|Salamence, F|52/100|[from]move: Volt Switch
|-damage|p1a: Salamence|27/100|[from] Stealth Rock
|
|upkeep
|turn|28
|c|☆Rain Deathless|(thats my main acc name)
|
|t:|1598667933
|move|p2a: Dragoon|Dragon Claw|p1a: Salamence
|-supereffective|p1a: Salamence
|-crit|p1a: Salamence
|-damage|p1a: Salamence|0 fnt
|faint|p1a: Salamence
|
|upkeep
|c| Mammary|Who's rain god?
|c|☆Rain Deathless|my main acc
|c|☆Rain Deathless|but
|c|☆Rain Deathless|im running this acc
|c|☆dr.jeckyl|lol didnt even realize im #20 on the ladder rn
|inactive|dr.jeckyl has 120 seconds left.
|c|☆Rain Deathless|but i flopped on main
|c|☆Rain Deathless|nice
|
|t:|1598667992
|switch|p1a: Magnezone|Magnezone|77/100 par
|-damage|p1a: Magnezone|71/100 par|[from] Stealth Rock
|turn|29
|c|☆Rain Deathless|i hit 1500 5 days ago
|inactive|Rain Deathless has 90 seconds left.
|c|☆dr.jeckyl|not bad
|c|☆Rain Deathless|this is my first game back
|c|☆Rain Deathless|was on tilt
|inactive|dr.jeckyl has 90 seconds left.
|c| Mammary|lol do you guys know HALOCENE?
|c|☆dr.jeckyl|i was #1 on gen 4 for a bit with 1660 or so but then stopped caring and dropped
|c|☆Rain Deathless|yeah i have him in discord
|inactive|Rain Deathless has 60 seconds left.
|c|☆Rain Deathless|we talk shop
|
|t:|1598668035
|move|p2a: Dragoon|Dragon Claw|p1a: Magnezone
|-resisted|p1a: Magnezone
|-crit|p1a: Magnezone
|-damage|p1a: Magnezone|0 fnt
|faint|p1a: Magnezone
|
|upkeep
|
|t:|1598668040
|switch|p1a: Skarmory|Skarmory, F|100/100
|-damage|p1a: Skarmory|88/100|[from] Stealth Rock
|turn|30
|c| Mammary|I once beat him on ladder here lol
|inactive|Rain Deathless has 60 seconds left.
|c|☆dr.jeckyl|what team does he use?
|c|☆Rain Deathless|i played him 1 month ago
|c|☆Rain Deathless|107 turn game
|
|t:|1598668062
|move|p2a: Dragoon|Dragon Claw|p1a: Skarmory
|-resisted|p1a: Skarmory
|-damage|p1a: Skarmory|53/100
|move|p1a: Skarmory|Roost|p1a: Skarmory
|-heal|p1a: Skarmory|100/100
|-singleturn|p1a: Skarmory|move: Roost
|
|upkeep
|turn|31
|c| Mammary|It's been all down hill from there. and it was a Rain hydro pump spam team
|c|☆Rain Deathless|thats how we met lol
|
|t:|1598668074
|move|p2a: Dragoon|Dragon Claw|p1a: Skarmory
|-resisted|p1a: Skarmory
|-damage|p1a: Skarmory|67/100
|move|p1a: Skarmory|Spikes|p2a: Dragoon
|-sidestart|p2: Rain Deathless|Spikes
|
|upkeep
|turn|32
|c| Mammary|lol spikes
|c|☆Rain Deathless|i feared your latios
|c|☆Rain Deathless|but you gave it up insantly
|c|☆Rain Deathless|instantly*
|
|t:|1598668098
|move|p2a: Dragoon|Dragon Dance|p2a: Dragoon
|-boost|p2a: Dragoon|atk|1
|-boost|p2a: Dragoon|spe|1
|move|p1a: Skarmory|Roost|p1a: Skarmory
|-heal|p1a: Skarmory|100/100
|-singleturn|p1a: Skarmory|move: Roost
|
|upkeep
|turn|33
|c|☆dr.jeckyl|ya cuz most dragonites have e speed
|c|☆Rain Deathless|i know
|c|☆dr.jeckyl|and i didnt expect ice beam i thought ud switch
|
|t:|1598668115
|move|p2a: Dragoon|Dragon Dance|p2a: Dragoon
|-boost|p2a: Dragoon|atk|1
|-boost|p2a: Dragoon|spe|1
|move|p1a: Skarmory|Spikes|p2a: Dragoon
|-sidestart|p2: Rain Deathless|Spikes
|
|upkeep
|turn|34
|c|☆Rain Deathless|i have balls
|
|t:|1598668122
|move|p2a: Dragoon|Dragon Dance|p2a: Dragoon
|-boost|p2a: Dragoon|atk|1
|-boost|p2a: Dragoon|spe|1
|move|p1a: Skarmory|Roost||[still]
|-fail|p1a: Skarmory|heal
|
|upkeep
|turn|35
|
|t:|1598668128
|move|p2a: Dragoon|Dragon Claw|p1a: Skarmory
|-resisted|p1a: Skarmory
|-damage|p1a: Skarmory|45/100
|move|p1a: Skarmory|Roost|p1a: Skarmory
|-heal|p1a: Skarmory|95/100
|-singleturn|p1a: Skarmory|move: Roost
|
|upkeep
|turn|36
|c| Mammary|Spikes should hurt you if you roost imo
|c|☆dr.jeckyl|now its mind games
|inactive|dr.jeckyl has 120 seconds left.
|c|☆Rain Deathless|ah
|c|☆Rain Deathless|k
|c|☆dr.jeckyl|rly wish i had leftovers
|
|t:|1598668140
|move|p2a: Dragoon|Dragon Dance|p2a: Dragoon
|-boost|p2a: Dragoon|atk|0
|-boost|p2a: Dragoon|spe|0
|move|p1a: Skarmory|Spikes|p2a: Dragoon
|-sidestart|p2: Rain Deathless|Spikes
|
|upkeep
|turn|37
|inactive|dr.jeckyl has 120 seconds left.
|inactive|Rain Deathless has 60 seconds left.
|
|t:|1598668147
|move|p2a: Dragoon|Dragon Dance|p2a: Dragoon
|-boost|p2a: Dragoon|atk|0
|-boost|p2a: Dragoon|spe|0
|move|p1a: Skarmory|Roost|p1a: Skarmory
|-heal|p1a: Skarmory|100/100
|-singleturn|p1a: Skarmory|move: Roost
|
|upkeep
|turn|38
|inactive|Rain Deathless has 60 seconds left.
|c|☆Rain Deathless|well play this game too
|
|t:|1598668163
|move|p2a: Dragoon|Dragon Dance|p2a: Dragoon
|-boost|p2a: Dragoon|atk|0
|-boost|p2a: Dragoon|spe|0
|move|p1a: Skarmory|Spikes||[still]
|-fail|p1a: Skarmory
|
|upkeep
|turn|39
|inactive|Rain Deathless has 60 seconds left.
|
|t:|1598668169
|move|p2a: Dragoon|Dragon Dance|p2a: Dragoon
|-boost|p2a: Dragoon|atk|0
|-boost|p2a: Dragoon|spe|0
|move|p1a: Skarmory|Roost||[still]
|-fail|p1a: Skarmory|heal
|
|upkeep
|turn|40
|
|t:|1598668174
|move|p2a: Dragoon|Dragon Dance|p2a: Dragoon
|-boost|p2a: Dragoon|atk|0
|-boost|p2a: Dragoon|spe|0
|move|p1a: Skarmory|Whirlwind||[still]
|-fail|p1a: Skarmory
|
|upkeep
|turn|41
|
|t:|1598668180
|move|p2a: Dragoon|Substitute|p2a: Dragoon
|-fail|p2a: Dragoon|move: Substitute
|move|p1a: Skarmory|Whirlwind||[still]
|-fail|p1a: Skarmory
|
|upkeep
|turn|42
|
|t:|1598668184
|switch|p1a: Gliscor|Gliscor, M|100/100 tox
|-damage|p1a: Gliscor|88/100 tox|[from] Stealth Rock
|move|p2a: Dragoon|Dragon Claw|p1a: Gliscor
|-damage|p1a: Gliscor|6/100 tox
|
|-heal|p1a: Gliscor|18/100 tox|[from] ability: Poison Heal
|upkeep
|turn|43
|c|☆Rain Deathless|gotcha
|
|t:|1598668193
|move|p1a: Gliscor|Protect|p1a: Gliscor
|-singleturn|p1a: Gliscor|Protect
|move|p2a: Dragoon|Dragon Claw|p1a: Gliscor
|-activate|p1a: Gliscor|move: Protect
|
|-heal|p1a: Gliscor|30/100 tox|[from] ability: Poison Heal
|upkeep
|turn|44
|c|☆Rain Deathless|1 down
|inactive|Rain Deathless has 90 seconds left.
|c|☆Rain Deathless|1 to go
|
|t:|1598668202
|move|p1a: Gliscor|Protect||[still]
|-fail|p1a: Gliscor
|move|p2a: Dragoon|Dragon Claw|p1a: Gliscor
|-damage|p1a: Gliscor|0 fnt
|faint|p1a: Gliscor
|
|upkeep
|
|t:|1598668205
|switch|p1a: Skarmory|Skarmory, F|100/100
|-damage|p1a: Skarmory|88/100|[from] Stealth Rock
|turn|45
|inactive|Rain Deathless has 90 seconds left.
|
|t:|1598668225
|move|p2a: Dragoon|Dragon Dance|p2a: Dragoon
|-boost|p2a: Dragoon|atk|0
|-boost|p2a: Dragoon|spe|0
|move|p1a: Skarmory|Whirlwind||[still]
|-fail|p1a: Skarmory
|
|upkeep
|turn|46
|inactive|Rain Deathless has 90 seconds left.
|
|t:|1598668232
|move|p2a: Dragoon|Dragon Claw|p1a: Skarmory
|-resisted|p1a: Skarmory
|-damage|p1a: Skarmory|40/100
|move|p1a: Skarmory|Roost|p1a: Skarmory
|-heal|p1a: Skarmory|90/100
|-singleturn|p1a: Skarmory|move: Roost
|
|upkeep
|turn|47
|c| Mammary|Are there any infiltrator Ice beam users?
|
|t:|1598668241
|move|p2a: Dragoon|Dragon Dance|p2a: Dragoon
|-boost|p2a: Dragoon|atk|0
|-boost|p2a: Dragoon|spe|0
|move|p1a: Skarmory|Spikes||[still]
|-fail|p1a: Skarmory
|
|upkeep
|turn|48
|
|t:|1598668249
|move|p2a: Dragoon|Dragon Dance|p2a: Dragoon
|-boost|p2a: Dragoon|atk|0
|-boost|p2a: Dragoon|spe|0
|move|p1a: Skarmory|Spikes||[still]
|-fail|p1a: Skarmory
|
|upkeep
|turn|49
|c| Mammary|probably not in OU at least right?
|
|t:|1598668255
|move|p2a: Dragoon|Dragon Dance|p2a: Dragoon
|-boost|p2a: Dragoon|atk|0
|-boost|p2a: Dragoon|spe|0
|move|p1a: Skarmory|Roost|p1a: Skarmory
|-heal|p1a: Skarmory|100/100
|-singleturn|p1a: Skarmory|move: Roost
|
|upkeep
|turn|50
|c|☆dr.jeckyl|idk i dont think that ability was common in this gen
|c|☆dr.jeckyl|cuz i think chandelure and crobat were the only decent ones
|
|t:|1598668279
|move|p2a: Dragoon|Dragon Dance|p2a: Dragoon
|-boost|p2a: Dragoon|atk|0
|-boost|p2a: Dragoon|spe|0
|move|p1a: Skarmory|Roost||[still]
|-fail|p1a: Skarmory|heal
|
|upkeep
|turn|51
|
|t:|1598668285
|move|p2a: Dragoon|Dragon Dance|p2a: Dragoon
|-boost|p2a: Dragoon|atk|0
|-boost|p2a: Dragoon|spe|0
|move|p1a: Skarmory|Spikes||[still]
|-fail|p1a: Skarmory
|
|upkeep
|turn|52
|inactive|Rain Deathless has 120 seconds left.
|
|t:|1598668291
|move|p2a: Dragoon|Dragon Dance|p2a: Dragoon
|-boost|p2a: Dragoon|atk|0
|-boost|p2a: Dragoon|spe|0
|move|p1a: Skarmory|Spikes||[still]
|-fail|p1a: Skarmory
|
|upkeep
|turn|53
|
|t:|1598668297
|move|p2a: Dragoon|Dragon Dance|p2a: Dragoon
|-boost|p2a: Dragoon|atk|0
|-boost|p2a: Dragoon|spe|0
|move|p1a: Skarmory|Spikes||[still]
|-fail|p1a: Skarmory
|
|upkeep
|turn|54
|
|t:|1598668305
|move|p2a: Dragoon|Dragon Dance|p2a: Dragoon
|-boost|p2a: Dragoon|atk|0
|-boost|p2a: Dragoon|spe|0
|move|p1a: Skarmory|Roost||[still]
|-fail|p1a: Skarmory|heal
|
|upkeep
|turn|55
|
|t:|1598668311
|move|p2a: Dragoon|Dragon Dance|p2a: Dragoon
|-boost|p2a: Dragoon|atk|0
|-boost|p2a: Dragoon|spe|0
|move|p1a: Skarmory|Spikes||[still]
|-fail|p1a: Skarmory
|
|upkeep
|turn|56
|
|t:|1598668317
|move|p2a: Dragoon|Dragon Dance|p2a: Dragoon
|-boost|p2a: Dragoon|atk|0
|-boost|p2a: Dragoon|spe|0
|move|p1a: Skarmory|Spikes||[still]
|-fail|p1a: Skarmory
|
|upkeep
|turn|57
|
|t:|1598668324
|move|p2a: Dragoon|Dragon Dance|p2a: Dragoon
|-boost|p2a: Dragoon|atk|0
|-boost|p2a: Dragoon|spe|0
|move|p1a: Skarmory|Spikes||[still]
|-fail|p1a: Skarmory
|
|upkeep
|turn|58
|
|t:|1598668331
|move|p2a: Dragoon|Dragon Dance|p2a: Dragoon
|-boost|p2a: Dragoon|atk|0
|-boost|p2a: Dragoon|spe|0
|move|p1a: Skarmory|Spikes||[still]
|-fail|p1a: Skarmory
|
|upkeep
|turn|59
|
|t:|1598668336
|move|p2a: Dragoon|Dragon Claw|p1a: Skarmory
|-resisted|p1a: Skarmory
|-damage|p1a: Skarmory|46/100
|move|p1a: Skarmory|Spikes||[still]
|-fail|p1a: Skarmory
|
|upkeep
|turn|60
|c|☆Rain Deathless|GG
|c|☆dr.jeckyl|welp gg
|c|☆Rain Deathless|GG
|
|t:|1598668348
|move|p2a: Dragoon|Dragon Claw|p1a: Skarmory
|-resisted|p1a: Skarmory
|-crit|p1a: Skarmory
|-damage|p1a: Skarmory|0 fnt
|faint|p1a: Skarmory
|
|win|Rain Deathless
|l|☆dr.jeckyl
|raw|dr.jeckyl's rating: 1555 &rarr; <strong>1533</strong><br />(-22 for losing)
|raw|Rain Deathless's rating: 1513 &rarr; <strong>1536</strong><br />(+23 for winning)
|c| Mammary|Damn imagine if Shadow Tag Chandelure was allowed to happen lol
|c| Mammary|GeeGee
|l| Mammary
|j| Kautilya07
