|j|Maximilliona
|j|Usatoday
|player|p1|Maximilliona|69
|player|p2|Usatoday|101
|gametype|singles
|gen|5
|tier|[Gen 5] OU
|rated
|seed|
|rule|Evasion Abilities Clause: Evasion abilities are banned
|rule|Baton Pass Clause: Limit one Baton Passer, can't pass Spe and other stats simultaneously
|clearpoke
|poke|p1|Tyranitar, M, shiny|item
|poke|p1|Landorus-Therian, M|item
|poke|p1|Heatran, M|item
|poke|p1|Jellicent, F|item
|poke|p1|Ferrothorn, F|item
|poke|p1|Latios, M, shiny|item
|poke|p2|Politoed, M|item
|poke|p2|Donphan, F|item
|poke|p2|Tornadus, M|item
|poke|p2|Keldeo-Resolute|item
|poke|p2|Froslass, F|item
|poke|p2|Scizor, F|item
|rule|Sleep Clause Mod: Limit one foe put to sleep
|rule|Species Clause: Limit one of each Pokémon
|rule|OHKO Clause: OHKO moves are banned
|rule|Moody Clause: Moody is banned
|rule|Evasion Moves Clause: Evasion moves are banned
|rule|Endless Battle Clause: Forcing endless battles is banned
|rule|HP Percentage Mod: HP is shown in percentages
|teampreview
|c|★Usatoday|:)
|c|★Maximilliona|rip me
|c|★Maximilliona|xD
|choice||
|
|start
|switch|p1a: Primal|Landorus-Therian, M|100/100
|switch|p2a: Froslass|Froslass, F|100/100
|-ability|p1a: Primal|Intimidate|boost
|-unboost|p2a: Froslass|atk|1
|turn|1
|choice||
|
|switch|p1a: Godzilla|Tyranitar, M, shiny|100/100
|-weather|Sandstorm|[from] ability: Sand Stream|[of] p1a: Godzilla
|move|p2a: Froslass|Spikes|p1a: Godzilla
|-sidestart|p1: Maximilliona|Spikes
|
|-weather|Sandstorm|[upkeep]
|-damage|p2a: Froslass|94/100|[from] sandstorm
|-heal|p2a: Froslass|100/100|[from] item: Leftovers
|turn|2
|choice||
|
|move|p1a: Godzilla|Pursuit|p2a: Froslass
|-supereffective|p2a: Froslass
|-damage|p2a: Froslass|43/100
|move|p2a: Froslass|Destiny Bond|p2a: Froslass
|-singlemove|p2a: Froslass|Destiny Bond
|
|-weather|Sandstorm|[upkeep]
|-damage|p2a: Froslass|37/100|[from] sandstorm
|-heal|p2a: Froslass|43/100|[from] item: Leftovers
|turn|3
|choice||
|
|switch|p1a: Smaug|Heatran, M|100/100
|-damage|p1a: Smaug|88/100|[from] Spikes
|move|p2a: Froslass|Taunt|p1a: Smaug
|-start|p1a: Smaug|move: Taunt
|
|-weather|Sandstorm|[upkeep]
|-damage|p2a: Froslass|37/100|[from] sandstorm
|-heal|p2a: Froslass|43/100|[from] item: Leftovers
|-heal|p1a: Smaug|94/100|[from] item: Leftovers
|turn|4
|choice||
|
|move|p2a: Froslass|Spikes|p1a: Smaug
|-sidestart|p1: Maximilliona|Spikes
|move|p1a: Smaug|Hidden Power|p2a: Froslass
|-resisted|p2a: Froslass
|-damage|p2a: Froslass|26/100
|
|-weather|Sandstorm|[upkeep]
|-damage|p2a: Froslass|20/100|[from] sandstorm
|-heal|p2a: Froslass|26/100|[from] item: Leftovers
|-heal|p1a: Smaug|100/100|[from] item: Leftovers
|turn|5
|choice||
|
|switch|p1a: Godzilla|Tyranitar, M, shiny|100/100
|-damage|p1a: Godzilla|84/100|[from] Spikes
|move|p2a: Froslass|Destiny Bond|p2a: Froslass
|-singlemove|p2a: Froslass|Destiny Bond
|
|-weather|Sandstorm|[upkeep]
|-damage|p2a: Froslass|20/100|[from] sandstorm
|-heal|p2a: Froslass|26/100|[from] item: Leftovers
|turn|6
|choice||
|
|switch|p1a: Smaug|Heatran, M|100/100
|-damage|p1a: Smaug|84/100|[from] Spikes
|move|p2a: Froslass|Taunt|p1a: Smaug
|-start|p1a: Smaug|move: Taunt
|
|-weather|Sandstorm|[upkeep]
|-damage|p2a: Froslass|20/100|[from] sandstorm
|-heal|p2a: Froslass|26/100|[from] item: Leftovers
|-heal|p1a: Smaug|90/100|[from] item: Leftovers
|turn|7
|choice||
|
|move|p2a: Froslass|Destiny Bond|p2a: Froslass
|-singlemove|p2a: Froslass|Destiny Bond
|move|p1a: Smaug|Lava Plume|p2a: Froslass
|-supereffective|p2a: Froslass
|-damage|p2a: Froslass|0 fnt
|faint|p2a: Froslass
|-activate|p2a: Froslass|Destiny Bond
|faint|p1a: Smaug
|
|-weather|Sandstorm|[upkeep]
|c|★Maximilliona|rip
|c|★Usatoday|Suicide leads done right
|c|★Maximilliona|very annoying
|choice||
|
|switch|p2a: Scizor|Scizor, F|100/100
|switch|p1a: Jelli|Jellicent, F|100/100
|-damage|p1a: Jelli|84/100|[from] Spikes
|turn|8
|choice||
|
|move|p2a: Scizor|Pursuit|p1a: Jelli
|-supereffective|p1a: Jelli
|-damage|p1a: Jelli|28/100
|move|p1a: Jelli|Recover|p1a: Jelli
|-heal|p1a: Jelli|78/100
|
|-weather|Sandstorm|[upkeep]
|-damage|p1a: Jelli|72/100|[from] sandstorm
|-heal|p1a: Jelli|78/100|[from] item: Leftovers
|turn|9
|choice||
|
|move|p2a: Scizor|Pursuit|p1a: Jelli
|-supereffective|p1a: Jelli
|-damage|p1a: Jelli|24/100
|move|p1a: Jelli|Will-O-Wisp|p2a: Scizor
|-status|p2a: Scizor|brn
|
|-weather|Sandstorm|[upkeep]
|-damage|p1a: Jelli|18/100|[from] sandstorm
|-heal|p1a: Jelli|24/100|[from] item: Leftovers
|-damage|p2a: Scizor|88/100 brn|[from] brn
|turn|10
|choice||
|
|move|p2a: Scizor|Pursuit|p1a: Jelli
|-supereffective|p1a: Jelli
|-crit|p1a: Jelli
|-damage|p1a: Jelli|0 fnt
|faint|p1a: Jelli
|
|-weather|Sandstorm|[upkeep]
|-damage|p2a: Scizor|76/100 brn|[from] brn
|c|★Maximilliona|ffs
|choice||
|
|switch|p1a: Ironside|Ferrothorn, F|100/100
|-damage|p1a: Ironside|84/100|[from] Spikes
|turn|11
|choice||
|
|switch|p2a: Politoed|Politoed, M|100/100
|-weather|RainDance|[from] ability: Drizzle|[of] p2a: Politoed
|move|p1a: Ironside|Spikes|p2a: Politoed
|-sidestart|p2: Usatoday|Spikes
|
|-weather|RainDance|[upkeep]
|-heal|p1a: Ironside|90/100|[from] item: Leftovers
|turn|12
|choice||
|
|move|p2a: Politoed|Scald|p1a: Ironside
|-resisted|p1a: Ironside
|-damage|p1a: Ironside|77/100
|move|p1a: Ironside|Leech Seed|p2a: Politoed
|-start|p2a: Politoed|move: Leech Seed
|
|-weather|RainDance|[upkeep]
|-heal|p1a: Ironside|83/100|[from] item: Leftovers
|-damage|p2a: Politoed|88/100|[from] Leech Seed|[of] p1a: Ironside
|-heal|p1a: Ironside|97/100|[silent]
|turn|13
|choice||
|
|move|p2a: Politoed|Scald|p1a: Ironside
|-resisted|p1a: Ironside
|-damage|p1a: Ironside|83/100
|-status|p1a: Ironside|brn
|move|p1a: Ironside|Leech Seed|p2a: Politoed
|-fail|p2a: Politoed
|
|-weather|RainDance|[upkeep]
|-heal|p2a: Politoed|94/100|[from] item: Leftovers
|-heal|p1a: Ironside|90/100 brn|[from] item: Leftovers
|-damage|p2a: Politoed|82/100|[from] Leech Seed|[of] p1a: Ironside
|-heal|p1a: Ironside|100/100 brn|[silent]
|-damage|p1a: Ironside|88/100 brn|[from] brn
|turn|14
|choice||
|
|switch|p2a: Scizor|Scizor, F|76/100 brn
|-damage|p2a: Scizor|63/100 brn|[from] Spikes
|move|p1a: Ironside|Spikes|p2a: Scizor
|-sidestart|p2: Usatoday|Spikes
|
|-weather|RainDance|[upkeep]
|-heal|p1a: Ironside|94/100 brn|[from] item: Leftovers
|-damage|p2a: Scizor|51/100 brn|[from] brn
|-damage|p1a: Ironside|82/100 brn|[from] brn
|turn|15
|choice||
|
|switch|p1a: Primal|Landorus-Therian, M|100/100
|-ability|p1a: Primal|Intimidate|boost
|-unboost|p2a: Scizor|atk|1
|move|p2a: Scizor|Superpower|p1a: Primal
|-resisted|p1a: Primal
|-damage|p1a: Primal|93/100
|-unboost|p2a: Scizor|atk|1
|-unboost|p2a: Scizor|def|1
|
|-weather|RainDance|[upkeep]
|-heal|p1a: Primal|99/100|[from] item: Leftovers
|-damage|p2a: Scizor|39/100 brn|[from] brn
|turn|16
|choice||
|
|move|p1a: Primal|U-turn|p2a: Scizor
|-resisted|p2a: Scizor
|-damage|p2a: Scizor|18/100 brn
|choice||
|
|switch|p1a: Jetstream|Latios, M, shiny|100/100
|move|p2a: Scizor|Superpower|p1a: Jetstream
|-resisted|p1a: Jetstream
|-damage|p1a: Jetstream|88/100
|-unboost|p2a: Scizor|atk|1
|-unboost|p2a: Scizor|def|1
|
|-weather|RainDance|[upkeep]
|-damage|p2a: Scizor|5/100 brn|[from] brn
|turn|17
|choice||
|
|switch|p1a: Primal|Landorus-Therian, M|99/100
|-ability|p1a: Primal|Intimidate|boost
|-unboost|p2a: Scizor|atk|1
|move|p2a: Scizor|Superpower|p1a: Primal
|-resisted|p1a: Primal
|-damage|p1a: Primal|95/100
|-unboost|p2a: Scizor|atk|1
|-unboost|p2a: Scizor|def|1
|
|-weather|RainDance|[upkeep]
|-heal|p1a: Primal|100/100|[from] item: Leftovers
|-damage|p2a: Scizor|0 fnt|[from] brn
|faint|p2a: Scizor
|choice||
|
|switch|p2a: Donphan|Donphan, F|100/100
|-damage|p2a: Donphan|84/100|[from] Spikes
|turn|18
|choice||
|
|move|p1a: Primal|Earthquake|p2a: Donphan
|-damage|p2a: Donphan|55/100
|move|p2a: Donphan|Stealth Rock|p1a: Primal
|-sidestart|p1: Maximilliona|move: Stealth Rock
|
|-weather|RainDance|[upkeep]
|-heal|p2a: Donphan|62/100|[from] item: Leftovers
|turn|19
|choice||
|
|move|p2a: Donphan|Ice Shard|p1a: Primal
|-supereffective|p1a: Primal
|-crit|p1a: Primal
|-damage|p1a: Primal|34/100
|move|p1a: Primal|Earthquake|p2a: Donphan
|-damage|p2a: Donphan|31/100
|
|-weather|RainDance|[upkeep]
|-heal|p1a: Primal|40/100|[from] item: Leftovers
|-heal|p2a: Donphan|37/100|[from] item: Leftovers
|turn|20
|c|★Maximilliona|that is the second time that has happened to me in 5 min xD
|choice||
|
|switch|p1a: Ironside|Ferrothorn, F|82/100 brn
|-damage|p1a: Ironside|65/100 brn|[from] Spikes
|-damage|p1a: Ironside|59/100 brn|[from] Stealth Rock
|move|p2a: Donphan|Rapid Spin|p1a: Ironside
|-resisted|p1a: Ironside
|-damage|p1a: Ironside|57/100 brn
|-damage|p2a: Donphan|25/100|[from] ability: Iron Barbs|[of] p1a: Ironside
|-sideend|p2: Usatoday|Spikes|[from] move: Rapid Spin|[of] p2a: Donphan
|
|-weather|RainDance|[upkeep]
|-heal|p2a: Donphan|31/100|[from] item: Leftovers
|-heal|p1a: Ironside|63/100 brn|[from] item: Leftovers
|-damage|p1a: Ironside|51/100 brn|[from] brn
|turn|21
|choice||
|
|switch|p1a: Jetstream|Latios, M, shiny|88/100
|-damage|p1a: Jetstream|76/100|[from] Stealth Rock
|move|p2a: Donphan|Earthquake|p1a: Jetstream
|-immune|p1a: Jetstream|[msg]|[from] ability: Levitate
|
|-weather|RainDance|[upkeep]
|-heal|p2a: Donphan|37/100|[from] item: Leftovers
|turn|22
|choice||
|
|move|p2a: Donphan|Ice Shard|p1a: Jetstream
|-supereffective|p1a: Jetstream
|-damage|p1a: Jetstream|47/100
|move|p1a: Jetstream|Draco Meteor|p2a: Donphan
|-damage|p2a: Donphan|0 fnt
|-unboost|p1a: Jetstream|spa|2
|faint|p2a: Donphan
|
|-weather|RainDance|[upkeep]
|choice||
|
|switch|p2a: Tornadus|Tornadus, M|100/100
|turn|23
|choice||
|
|switch|p1a: Ironside|Ferrothorn, F|51/100 brn
|-damage|p1a: Ironside|45/100 brn|[from] Stealth Rock
|-damage|p1a: Ironside|28/100 brn|[from] Spikes
|move|p2a: Tornadus|Tailwind|p2a: Tornadus
|-sidestart|p2: Usatoday|move: Tailwind
|
|-weather|RainDance|[upkeep]
|-heal|p1a: Ironside|34/100 brn|[from] item: Leftovers
|-damage|p1a: Ironside|22/100 brn|[from] brn
|turn|24
|choice||
|
|move|p2a: Tornadus|Hurricane|p1a: Ironside
|-damage|p1a: Ironside|0 fnt
|faint|p1a: Ironside
|
|-weather|RainDance|[upkeep]
|choice||
|
|switch|p1a: Godzilla|Tyranitar, M, shiny|84/100
|-damage|p1a: Godzilla|68/100|[from] Spikes
|-damage|p1a: Godzilla|55/100|[from] Stealth Rock
|-weather|Sandstorm|[from] ability: Sand Stream|[of] p1a: Godzilla
|turn|25
|choice||
|
|move|p2a: Tornadus|U-turn|p1a: Godzilla
|-supereffective|p1a: Godzilla
|-damage|p1a: Godzilla|20/100
|choice||
|
|switch|p2a: Politoed|Politoed, M|82/100
|-weather|RainDance|[from] ability: Drizzle|[of] p2a: Politoed
|move|p1a: Godzilla|Stone Edge|p2a: Politoed|[miss]
|-miss|p1a: Godzilla|p2a: Politoed
|
|-weather|RainDance|[upkeep]
|-heal|p2a: Politoed|88/100|[from] item: Leftovers
|turn|26
|c|★Maximilliona|kek
|c|★Maximilliona|thanks for bringing the hax here
|c|★Maximilliona|great to start another tilt
|-message|Maximilliona forfeited.
|
|win|Usatoday
|player|p1
|player|p2
|l|Maximilliona
|raw|Maximilliona's rating: 1343 &rarr; <strong>1323</strong><br />(-20 for losing)
|raw|Usatoday's rating: 1345 &rarr; <strong>1365</strong><br />(+20 for winning)