|j|☆el janitor
|j|☆ajkjqwk
|t:|1711036413
|gametype|singles
|player|p1|el janitor|burglar|1394
|player|p2|ajkjqwk|101|1338
|teamsize|p1|6
|teamsize|p2|6
|gen|5
|tier|[Gen 5] OU
|rated|
|rule|Species Clause: Limit one of each Pokémon
|rule|OHKO Clause: OHKO moves are banned
|rule|Moody Clause: Moody is banned
|rule|Evasion Items Clause: Evasion items are banned
|rule|Evasion Moves Clause: Evasion moves are banned
|rule|Endless Battle Clause: Forcing endless battles is banned
|rule|HP Percentage Mod: HP is shown in percentages
|rule|Evasion Abilities Clause: Evasion abilities are banned
|rule|Sleep Moves Clause: Sleep-inducing moves are banned
|rule|Swagger Clause: Swagger is banned
|rule|Baton Pass Stat Clause: No Baton Passer may have a way to boost its stats
|clearpoke
|poke|p1|Azelf|item
|poke|p1|Celebi|item
|poke|p1|Heatran, M|item
|poke|p1|Excadrill, M|item
|poke|p1|Zapdos|item
|poke|p1|Breloom, F|item
|poke|p2|Tyranitar, M|item
|poke|p2|Mienshao, F|item
|poke|p2|Ferrothorn, M|item
|poke|p2|Gliscor, F|item
|poke|p2|Alakazam, M|item
|poke|p2|Rotom-Wash|item
|teampreview
|inactive|Battle timer is ON: inactive players will automatically lose when time's up. (requested by el janitor)
|
|t:|1711036420
|start
|switch|p1a: Breloom|Breloom, F|100/100
|switch|p2a: Mienshao|Mienshao, F, shiny|100/100
|turn|1
|
|t:|1711036428
|switch|p1a: Heatran|Heatran, M|100/100
|move|p2a: Mienshao|U-turn|p1a: Heatran
|-resisted|p1a: Heatran
|-damage|p1a: Heatran|96/100
|c|☆el janitor|glhf
|
|t:|1711036437
|switch|p2a: Gliscor|Gliscor, F|100/100|[from] U-turn
|
|-heal|p1a: Heatran|100/100|[from] item: Leftovers
|-status|p2a: Gliscor|tox|[from] item: Toxic Orb
|upkeep
|turn|2
|c|☆ajkjqwk|glhf
|
|t:|1711036449
|switch|p1a: Zapdos|Zapdos|100/100
|-ability|p1a: Zapdos|Pressure
|move|p2a: Gliscor|Earthquake|p1a: Zapdos
|-immune|p1a: Zapdos
|
|upkeep
|turn|3
|
|t:|1711036455
|switch|p1a: Breloom|Breloom, F|100/100
|switch|p2a: Rotom|Rotom-Wash, shiny|100/100
|
|upkeep
|turn|4
|
|t:|1711036465
|move|p1a: Breloom|Bullet Seed|p2a: Rotom
|-supereffective|p2a: Rotom
|-crit|p2a: Rotom
|-damage|p2a: Rotom|1/100
|-supereffective|p2a: Rotom
|-damage|p2a: Rotom|0 fnt
|faint|p2a: Rotom
|-hitcount|p2: Rotom|2
|
|upkeep
|
|t:|1711036474
|switch|p2a: Alakazam|Alakazam, M|100/100
|turn|5
|
|t:|1711036477
|switch|p1a: Heatran|Heatran, M|100/100
|move|p2a: Alakazam|Psychic|p1a: Heatran
|-resisted|p1a: Heatran
|-damage|p1a: Heatran|84/100
|-unboost|p1a: Heatran|spd|1
|
|-heal|p1a: Heatran|91/100|[from] item: Leftovers
|upkeep
|turn|6
|
|t:|1711036480
|switch|p2a: Gliscor|Gliscor, F|100/100 tox
|switch|p1a: Celebi|Celebi|100/100
|
|upkeep
|turn|7
|
|t:|1711036484
|move|p1a: Celebi|U-turn|p2a: Gliscor
|-resisted|p2a: Gliscor
|-damage|p2a: Gliscor|95/100 tox
|
|t:|1711036486
|switch|p1a: Zapdos|Zapdos|100/100|[from] U-turn
|-ability|p1a: Zapdos|Pressure
|move|p2a: Gliscor|Swords Dance|p2a: Gliscor
|-boost|p2a: Gliscor|atk|2
|
|-heal|p2a: Gliscor|100/100 tox|[from] ability: Poison Heal
|upkeep
|turn|8
|
|t:|1711036492
|move|p1a: Zapdos|Hidden Power|p2a: Gliscor
|-supereffective|p2a: Gliscor
|-damage|p2a: Gliscor|20/100 tox
|move|p2a: Gliscor|Facade|p1a: Zapdos
|-damage|p1a: Zapdos|39/100
|
|-heal|p1a: Zapdos|46/100|[from] item: Leftovers
|-heal|p2a: Gliscor|32/100 tox|[from] ability: Poison Heal
|upkeep
|turn|9
|
|t:|1711036498
|move|p2a: Gliscor|Protect|p2a: Gliscor
|-singleturn|p2a: Gliscor|Protect
|move|p1a: Zapdos|Roost|p1a: Zapdos
|-heal|p1a: Zapdos|96/100
|-singleturn|p1a: Zapdos|move: Roost
|
|-heal|p1a: Zapdos|100/100|[from] item: Leftovers
|-heal|p2a: Gliscor|45/100 tox|[from] ability: Poison Heal
|upkeep
|turn|10
|
|t:|1711036504
|switch|p2a: Tyranitar|Tyranitar, M|100/100
|-weather|Sandstorm|[from] ability: Sand Stream|[of] p2a: Tyranitar
|move|p1a: Zapdos|Hidden Power|p2a: Tyranitar
|-damage|p2a: Tyranitar|91/100
|
|-weather|Sandstorm|[upkeep]
|-damage|p1a: Zapdos|94/100|[from] Sandstorm
|-heal|p1a: Zapdos|100/100|[from] item: Leftovers
|upkeep
|turn|11
|
|t:|1711036517
|switch|p1a: Excadrill|Excadrill, M|100/100
|-ability|p1a: Excadrill|Mold Breaker
|move|p2a: Tyranitar|Stealth Rock|p1a: Excadrill
|-sidestart|p1: el janitor|move: Stealth Rock
|
|-weather|Sandstorm|[upkeep]
|upkeep
|turn|12
|
|t:|1711036524
|switch|p2a: Gliscor|Gliscor, F|45/100 tox
|move|p1a: Excadrill|Rapid Spin|p2a: Gliscor
|-damage|p2a: Gliscor|39/100 tox
|-sideend|p1: el janitor|Stealth Rock|[from] move: Rapid Spin|[of] p1a: Excadrill
|
|-weather|Sandstorm|[upkeep]
|-heal|p2a: Gliscor|52/100 tox|[from] ability: Poison Heal
|upkeep
|turn|13
|
|t:|1711036534
|switch|p1a: Zapdos|Zapdos|100/100
|-ability|p1a: Zapdos|Pressure
|move|p2a: Gliscor|Facade|p1a: Zapdos
|-damage|p1a: Zapdos|67/100
|
|-weather|Sandstorm|[upkeep]
|-damage|p1a: Zapdos|61/100|[from] Sandstorm
|-heal|p1a: Zapdos|67/100|[from] item: Leftovers
|-heal|p2a: Gliscor|64/100 tox|[from] ability: Poison Heal
|upkeep
|turn|14
|
|t:|1711036539
|switch|p2a: Tyranitar|Tyranitar, M|91/100
|move|p1a: Zapdos|Roost|p1a: Zapdos
|-heal|p1a: Zapdos|100/100
|-singleturn|p1a: Zapdos|move: Roost
|
|-weather|Sandstorm|[upkeep]
|-damage|p1a: Zapdos|94/100|[from] Sandstorm
|-heal|p1a: Zapdos|100/100|[from] item: Leftovers
|upkeep
|turn|15
|
|t:|1711036551
|-activate|p1a: Zapdos|move: Pursuit
|move|p2a: Tyranitar|Pursuit|p1a: Zapdos|[from]Pursuit
|-damage|p1a: Zapdos|57/100
|switch|p1a: Excadrill|Excadrill, M|100/100
|-ability|p1a: Excadrill|Mold Breaker
|
|-weather|Sandstorm|[upkeep]
|upkeep
|turn|16
|
|t:|1711036557
|switch|p1a: Zapdos|Zapdos|57/100
|-ability|p1a: Zapdos|Pressure
|switch|p2a: Ferrothorn|Ferrothorn, M|100/100
|
|-weather|Sandstorm|[upkeep]
|-damage|p1a: Zapdos|51/100|[from] Sandstorm
|-heal|p1a: Zapdos|57/100|[from] item: Leftovers
|upkeep
|turn|17
|
|t:|1711036559
|move|p1a: Zapdos|Heat Wave|p2a: Ferrothorn
|-supereffective|p2a: Ferrothorn
|-damage|p2a: Ferrothorn|25/100
|move|p2a: Ferrothorn|Spikes|p1a: Zapdos
|-sidestart|p1: el janitor|Spikes
|
|-weather|Sandstorm|[upkeep]
|-damage|p1a: Zapdos|51/100|[from] Sandstorm
|-heal|p1a: Zapdos|57/100|[from] item: Leftovers
|-heal|p2a: Ferrothorn|32/100|[from] item: Leftovers
|upkeep
|turn|18
|
|t:|1711036564
|switch|p2a: Tyranitar|Tyranitar, M|91/100
|move|p1a: Zapdos|Roost|p1a: Zapdos
|-heal|p1a: Zapdos|100/100
|-singleturn|p1a: Zapdos|move: Roost
|
|-weather|Sandstorm|[upkeep]
|-damage|p1a: Zapdos|94/100|[from] Sandstorm
|-heal|p1a: Zapdos|100/100|[from] item: Leftovers
|upkeep
|turn|19
|
|t:|1711036574
|move|p1a: Zapdos|Discharge|p2a: Tyranitar
|-damage|p2a: Tyranitar|73/100
|-status|p2a: Tyranitar|par
|move|p2a: Tyranitar|Stealth Rock|p1a: Zapdos
|-sidestart|p1: el janitor|move: Stealth Rock
|
|-weather|Sandstorm|[upkeep]
|-damage|p1a: Zapdos|94/100|[from] Sandstorm
|-heal|p1a: Zapdos|100/100|[from] item: Leftovers
|upkeep
|turn|20
|
|t:|1711036581
|switch|p1a: Excadrill|Excadrill, M|100/100
|-damage|p1a: Excadrill|88/100|[from] Spikes
|-damage|p1a: Excadrill|85/100|[from] Stealth Rock
|-ability|p1a: Excadrill|Mold Breaker
|move|p2a: Tyranitar|Crunch|p1a: Excadrill
|-resisted|p1a: Excadrill
|-damage|p1a: Excadrill|55/100
|-unboost|p1a: Excadrill|def|1
|
|-weather|Sandstorm|[upkeep]
|upkeep
|turn|21
|
|t:|1711036589
|move|p1a: Excadrill|Rapid Spin|p2a: Tyranitar
|-resisted|p2a: Tyranitar
|-damage|p2a: Tyranitar|70/100 par
|-sideend|p1: el janitor|Spikes|[from] move: Rapid Spin|[of] p1a: Excadrill
|-sideend|p1: el janitor|Stealth Rock|[from] move: Rapid Spin|[of] p1a: Excadrill
|move|p2a: Tyranitar|Stealth Rock|p1a: Excadrill
|-sidestart|p1: el janitor|move: Stealth Rock
|
|-weather|Sandstorm|[upkeep]
|upkeep
|turn|22
|
|t:|1711036604
|switch|p1a: Zapdos|Zapdos|100/100
|-damage|p1a: Zapdos|76/100|[from] Stealth Rock
|-ability|p1a: Zapdos|Pressure
|switch|p2a: Ferrothorn|Ferrothorn, M|32/100
|
|-weather|Sandstorm|[upkeep]
|-damage|p1a: Zapdos|69/100|[from] Sandstorm
|-heal|p1a: Zapdos|76/100|[from] item: Leftovers
|-heal|p2a: Ferrothorn|38/100|[from] item: Leftovers
|upkeep
|turn|23
|
|t:|1711036610
|switch|p2a: Tyranitar|Tyranitar, M|70/100 par
|move|p1a: Zapdos|Heat Wave|p2a: Tyranitar
|-resisted|p2a: Tyranitar
|-damage|p2a: Tyranitar|63/100 par
|
|-weather|Sandstorm|[upkeep]
|-damage|p1a: Zapdos|69/100|[from] Sandstorm
|-heal|p1a: Zapdos|76/100|[from] item: Leftovers
|upkeep
|turn|24
|
|t:|1711036615
|move|p1a: Zapdos|Roost|p1a: Zapdos
|-heal|p1a: Zapdos|100/100
|-singleturn|p1a: Zapdos|move: Roost
|move|p2a: Tyranitar|Crunch|p1a: Zapdos
|-damage|p1a: Zapdos|56/100
|
|-weather|Sandstorm|[upkeep]
|-damage|p1a: Zapdos|50/100|[from] Sandstorm
|-heal|p1a: Zapdos|56/100|[from] item: Leftovers
|upkeep
|turn|25
|
|t:|1711036624
|move|p1a: Zapdos|Discharge|p2a: Tyranitar
|-crit|p2a: Tyranitar
|-damage|p2a: Tyranitar|31/100 par
|move|p2a: Tyranitar|Crunch|p1a: Zapdos
|-damage|p1a: Zapdos|11/100
|-unboost|p1a: Zapdos|def|1
|
|-weather|Sandstorm|[upkeep]
|-damage|p1a: Zapdos|5/100|[from] Sandstorm
|-heal|p1a: Zapdos|11/100|[from] item: Leftovers
|upkeep
|turn|26
|
|t:|1711036631
|-activate|p1a: Zapdos|move: Pursuit
|cant|p2a: Tyranitar|par
|switch|p1a: Excadrill|Excadrill, M|55/100
|-damage|p1a: Excadrill|52/100|[from] Stealth Rock
|-ability|p1a: Excadrill|Mold Breaker
|
|-weather|Sandstorm|[upkeep]
|upkeep
|turn|27
|c|☆ajkjqwk|pain
|
|t:|1711036643
|move|p1a: Excadrill|Rapid Spin|p2a: Tyranitar
|-resisted|p2a: Tyranitar
|-damage|p2a: Tyranitar|28/100 par
|-sideend|p1: el janitor|Stealth Rock|[from] move: Rapid Spin|[of] p1a: Excadrill
|move|p2a: Tyranitar|Stealth Rock|p1a: Excadrill
|-sidestart|p1: el janitor|move: Stealth Rock
|
|-weather|Sandstorm|[upkeep]
|upkeep
|turn|28
|
|t:|1711036647
|move|p1a: Excadrill|Rapid Spin|p2a: Tyranitar
|-resisted|p2a: Tyranitar
|-damage|p2a: Tyranitar|25/100 par
|-sideend|p1: el janitor|Stealth Rock|[from] move: Rapid Spin|[of] p1a: Excadrill
|move|p2a: Tyranitar|Stealth Rock|p1a: Excadrill
|-sidestart|p1: el janitor|move: Stealth Rock
|
|-weather|Sandstorm|[upkeep]
|upkeep
|turn|29
|
|t:|1711036653
|switch|p2a: Ferrothorn|Ferrothorn, M|38/100
|move|p1a: Excadrill|Rapid Spin|p2a: Ferrothorn
|-resisted|p2a: Ferrothorn
|-damage|p2a: Ferrothorn|35/100
|-damage|p1a: Excadrill|39/100|[from] ability: Iron Barbs|[of] p2a: Ferrothorn
|-sideend|p1: el janitor|Stealth Rock|[from] move: Rapid Spin|[of] p1a: Excadrill
|
|-weather|Sandstorm|[upkeep]
|-heal|p2a: Ferrothorn|42/100|[from] item: Leftovers
|upkeep
|turn|30
|
|t:|1711036662
|switch|p1a: Breloom|Breloom, F|100/100
|move|p2a: Ferrothorn|Knock Off|p1a: Breloom
|-resisted|p1a: Breloom
|-damage|p1a: Breloom|97/100
|-enditem|p1a: Breloom|Choice Band|[from] move: Knock Off|[of] p2a: Ferrothorn
|
|-weather|Sandstorm|[upkeep]
|-damage|p1a: Breloom|91/100|[from] Sandstorm
|-heal|p2a: Ferrothorn|48/100|[from] item: Leftovers
|upkeep
|turn|31
|
|t:|1711036666
|switch|p1a: Zapdos|Zapdos|11/100
|-ability|p1a: Zapdos|Pressure
|switch|p2a: Tyranitar|Tyranitar, M|25/100 par
|
|-weather|Sandstorm|[upkeep]
|-damage|p1a: Zapdos|5/100|[from] Sandstorm
|-heal|p1a: Zapdos|11/100|[from] item: Leftovers
|upkeep
|turn|32
|
|t:|1711036690
|move|p1a: Zapdos|Roost|p1a: Zapdos
|-heal|p1a: Zapdos|62/100
|-singleturn|p1a: Zapdos|move: Roost
|move|p2a: Tyranitar|Crunch|p1a: Zapdos
|-damage|p1a: Zapdos|16/100
|
|-weather|Sandstorm|[upkeep]
|-damage|p1a: Zapdos|10/100|[from] Sandstorm
|-heal|p1a: Zapdos|16/100|[from] item: Leftovers
|upkeep
|turn|33
|inactive|ajkjqwk has 120 seconds left.
|
|t:|1711036720
|move|p1a: Zapdos|Roost|p1a: Zapdos
|-heal|p1a: Zapdos|66/100
|-singleturn|p1a: Zapdos|move: Roost
|cant|p2a: Tyranitar|par
|
|-weather|Sandstorm|[upkeep]
|-damage|p1a: Zapdos|60/100|[from] Sandstorm
|-heal|p1a: Zapdos|66/100|[from] item: Leftovers
|upkeep
|turn|34
|
|t:|1711036727
|move|p1a: Zapdos|Discharge|p2a: Tyranitar
|-damage|p2a: Tyranitar|8/100 par
|move|p2a: Tyranitar|Crunch|p1a: Zapdos
|-damage|p1a: Zapdos|19/100
|
|-weather|Sandstorm|[upkeep]
|-damage|p1a: Zapdos|13/100|[from] Sandstorm
|-heal|p1a: Zapdos|19/100|[from] item: Leftovers
|upkeep
|turn|35
|
|t:|1711036732
|move|p1a: Zapdos|Discharge|p2a: Tyranitar
|-damage|p2a: Tyranitar|0 fnt
|faint|p2a: Tyranitar
|
|-weather|Sandstorm|[upkeep]
|-damage|p1a: Zapdos|13/100|[from] Sandstorm
|-heal|p1a: Zapdos|19/100|[from] item: Leftovers
|upkeep
|
|t:|1711036736
|switch|p2a: Alakazam|Alakazam, M|100/100
|turn|36
|
|t:|1711036746
|switch|p1a: Heatran|Heatran, M|91/100
|move|p2a: Alakazam|Focus Blast|p1a: Heatran|[miss]
|-miss|p2a: Alakazam|p1a: Heatran
|
|-weather|Sandstorm|[upkeep]
|-heal|p1a: Heatran|97/100|[from] item: Leftovers
|upkeep
|turn|37
|c|☆ajkjqwk|my luck fucking sucks
|
|t:|1711036761
|switch|p2a: Ferrothorn|Ferrothorn, M|48/100
|move|p1a: Heatran|Earth Power|p2a: Ferrothorn
|-damage|p2a: Ferrothorn|32/100
|
|-weather|Sandstorm|[upkeep]
|-heal|p1a: Heatran|100/100|[from] item: Leftovers
|-heal|p2a: Ferrothorn|39/100|[from] item: Leftovers
|upkeep
|turn|38
|c|☆el janitor|fb sucks in general
|c|☆ajkjqwk|yeah but also your zap should had been dead
|inactive|ajkjqwk has 120 seconds left.
|
|t:|1711036803
|switch|p2a: Gliscor|Gliscor, F|64/100 tox
|move|p1a: Heatran|Magma Storm|p2a: Gliscor
|-damage|p2a: Gliscor|21/100 tox
|-activate|p2a: Gliscor|move: Magma Storm|[of] p1a: Heatran
|
|-weather|Sandstorm|[upkeep]
|-heal|p2a: Gliscor|33/100 tox|[from] ability: Poison Heal
|-damage|p2a: Gliscor|27/100 tox|[from] move: Magma Storm|[partiallytrapped]
|upkeep
|turn|39
|
|t:|1711036823
|switch|p1a: Breloom|Breloom, F|91/100
|move|p2a: Gliscor|Facade|p1a: Breloom
|-damage|p1a: Breloom|45/100
|
|-weather|Sandstorm|[upkeep]
|-damage|p1a: Breloom|38/100|[from] Sandstorm
|-heal|p2a: Gliscor|39/100 tox|[from] ability: Poison Heal
|upkeep
|turn|40
|
|t:|1711036832
|move|p2a: Gliscor|Protect|p2a: Gliscor
|-singleturn|p2a: Gliscor|Protect
|move|p1a: Breloom|Bullet Seed|p2a: Gliscor
|-activate|p2a: Gliscor|move: Protect
|
|-weather|Sandstorm|[upkeep]
|-damage|p1a: Breloom|32/100|[from] Sandstorm
|-heal|p2a: Gliscor|52/100 tox|[from] ability: Poison Heal
|upkeep
|turn|41
|
|t:|1711036836
|move|p1a: Breloom|Bullet Seed|p2a: Gliscor
|-damage|p2a: Gliscor|37/100 tox
|-damage|p2a: Gliscor|21/100 tox
|-damage|p2a: Gliscor|4/100 tox
|-damage|p2a: Gliscor|0 fnt
|faint|p2a: Gliscor
|-hitcount|p2: Gliscor|4
|
|-weather|Sandstorm|[upkeep]
|-damage|p1a: Breloom|26/100|[from] Sandstorm
|upkeep
|
|t:|1711036839
|switch|p2a: Mienshao|Mienshao, F, shiny|100/100
|turn|42
|
|t:|1711036847
|switch|p1a: Heatran|Heatran, M|100/100
|move|p2a: Mienshao|U-turn|p1a: Heatran
|-resisted|p1a: Heatran
|-damage|p1a: Heatran|96/100
|
|t:|1711036859
|switch|p2a: Ferrothorn|Ferrothorn, M|39/100|[from] U-turn
|
|-weather|Sandstorm|[upkeep]
|-heal|p1a: Heatran|100/100|[from] item: Leftovers
|-heal|p2a: Ferrothorn|45/100|[from] item: Leftovers
|upkeep
|turn|43
|inactive|ajkjqwk has 120 seconds left.
|
|t:|1711036904
|move|p1a: Heatran|Magma Storm|p2a: Ferrothorn|[miss]
|-miss|p1a: Heatran|p2a: Ferrothorn
|move|p2a: Ferrothorn|Stealth Rock|p1a: Heatran
|-sidestart|p1: el janitor|move: Stealth Rock
|
|-weather|Sandstorm|[upkeep]
|-heal|p2a: Ferrothorn|51/100|[from] item: Leftovers
|upkeep
|turn|44
|
|t:|1711036925
|move|p1a: Heatran|Magma Storm|p2a: Ferrothorn
|-supereffective|p2a: Ferrothorn
|-damage|p2a: Ferrothorn|0 fnt
|faint|p2a: Ferrothorn
|
|-weather|Sandstorm|[upkeep]
|upkeep
|inactive|ajkjqwk has 90 seconds left.
|inactive|ajkjqwk has 60 seconds left.
|inactive|ajkjqwk has 30 seconds left.
|inactive|ajkjqwk has 20 seconds left.
|inactive|ajkjqwk has 15 seconds left.
|
|t:|1711037018
|switch|p2a: Mienshao|Mienshao, F, shiny|100/100
|turn|45
|inactive|ajkjqwk has 25 seconds left this turn.
|
|t:|1711037020
|move|p1a: Heatran|Protect|p1a: Heatran
|-singleturn|p1a: Heatran|Protect
|move|p2a: Mienshao|High Jump Kick|p1a: Heatran
|-activate|p1a: Heatran|move: Protect
|-damage|p2a: Mienshao|51/100|[from] highjumpkick
|
|-weather|Sandstorm|[upkeep]
|-damage|p2a: Mienshao|45/100|[from] Sandstorm
|upkeep
|turn|46
|
|t:|1711037023
|switch|p1a: Azelf|Azelf|100/100
|-damage|p1a: Azelf|88/100|[from] Stealth Rock
|move|p2a: Mienshao|High Jump Kick|p1a: Azelf
|-resisted|p1a: Azelf
|-damage|p1a: Azelf|34/100
|-enditem|p1a: Azelf|Sitrus Berry|[eat]
|-heal|p1a: Azelf|59/100|[from] item: Sitrus Berry
|
|-weather|Sandstorm|[upkeep]
|-damage|p2a: Mienshao|39/100|[from] Sandstorm
|-damage|p1a: Azelf|53/100|[from] Sandstorm
|upkeep
|turn|47
|
|t:|1711037033
|move|p2a: Mienshao|High Jump Kick|p1a: Azelf
|-resisted|p1a: Azelf
|-damage|p1a: Azelf|0 fnt
|faint|p1a: Azelf
|
|-weather|Sandstorm|[upkeep]
|-damage|p2a: Mienshao|33/100|[from] Sandstorm
|upkeep
|
|t:|1711037035
|switch|p1a: Heatran|Heatran, M|100/100
|-damage|p1a: Heatran|88/100|[from] Stealth Rock
|turn|48
|
|t:|1711037060
|switch|p2a: Alakazam|Alakazam, M|100/100
|move|p1a: Heatran|Earth Power|p2a: Alakazam
|-damage|p2a: Alakazam|63/100
|
|-weather|Sandstorm|[upkeep]
|-heal|p1a: Heatran|94/100|[from] item: Leftovers
|upkeep
|turn|49
|
|t:|1711037063
|move|p2a: Alakazam|Focus Blast|p1a: Heatran
|-supereffective|p1a: Heatran
|-damage|p1a: Heatran|40/100
|move|p1a: Heatran|Magma Storm|p2a: Alakazam
|-damage|p2a: Alakazam|0 fnt
|faint|p2a: Alakazam
|
|-weather|Sandstorm|[upkeep]
|-heal|p1a: Heatran|46/100|[from] item: Leftovers
|upkeep
|
|t:|1711037066
|switch|p2a: Mienshao|Mienshao, F, shiny|66/100
|turn|50
|c|☆ajkjqwk|gg
|
|t:|1711037072
|move|p1a: Heatran|Protect|p1a: Heatran
|-singleturn|p1a: Heatran|Protect
|move|p2a: Mienshao|Stone Edge|p1a: Heatran
|-activate|p1a: Heatran|move: Protect
|
|-weather|Sandstorm|[upkeep]
|-damage|p2a: Mienshao|60/100|[from] Sandstorm
|-heal|p1a: Heatran|52/100|[from] item: Leftovers
|upkeep
|turn|51
|c|☆el janitor|gg
|
|t:|1711037077
|move|p2a: Mienshao|Stone Edge|p1a: Heatran
|-damage|p1a: Heatran|26/100
|move|p1a: Heatran|Magma Storm|p2a: Mienshao
|-damage|p2a: Mienshao|0 fnt
|faint|p2a: Mienshao
|
|win|el janitor
|raw|el janitor's rating: 1394 &rarr; <strong>1412</strong><br />(+18 for winning)
|raw|ajkjqwk's rating: 1362 &rarr; <strong>1344</strong><br />(-18 for losing)
|l|☆el janitor
|player|p1|
|l|☆ajkjqwk
|player|p2|
|j|☆el janitor
|player|p1|el janitor|burglar
