|j|bwlt3 ban scald
|j|dice
|player|p1|bwlt3 ban scald|137
|player|p2|dice|113
|gametype|singles
|gen|5
|tier|[Gen 5] OU
|rated
|seed|
|rule|Evasion Abilities Clause: Evasion abilities are banned
|rule|Baton Pass Clause: Limit one Baton Passer, can't pass Spe and other stats simultaneously
|rule|Swagger Clause: Swagger is banned
|clearpoke
|poke|p1|Landorus-Therian, M|item
|poke|p1|Ferrothorn, F|item
|poke|p1|Jellicent, M|item
|poke|p1|Tyranitar, F|item
|poke|p1|Alakazam, F|item
|poke|p1|Garchomp, M|item
|poke|p2|Garchomp, M|item
|poke|p2|Latias, F|item
|poke|p2|Kabutops, M|item
|poke|p2|Tornadus, M|item
|poke|p2|Scizor, F|item
|poke|p2|Ludicolo, M|item
|rule|Sleep Clause Mod: Limit one foe put to sleep
|rule|Species Clause: Limit one of each Pokémon
|rule|OHKO Clause: OHKO moves are banned
|rule|Moody Clause: Moody is banned
|rule|Evasion Moves Clause: Evasion moves are banned
|rule|Endless Battle Clause: Forcing endless battles is banned
|rule|HP Percentage Mod: HP is shown in percentages
|teampreview
|c|★dice|nice
|c|★bwlt3 ban scald|get the fuck outta here
|c|★dice|time to pummel u
|choice||
|
|start
|switch|p1a: Jellicent|Jellicent, M|100/100
|switch|p2a: Garchomp|Garchomp, M|100/100
|turn|1
|choice||
|
|switch|p2a: Latias|Latias, F|100/100
|move|p1a: Jellicent|Will-O-Wisp|p2a: Latias
|-status|p2a: Latias|brn
|
|-damage|p2a: Latias|88/100 brn|[from] brn
|turn|2
|choice||
|
|switch|p2a: Garchomp|Garchomp, M|100/100
|move|p1a: Jellicent|Scald|p2a: Garchomp
|-crit|p2a: Garchomp
|-damage|p2a: Garchomp|40/100
|-status|p2a: Garchomp|brn
|
|-damage|p2a: Garchomp|28/100 brn|[from] brn
|turn|3
|j|alawnzo
|c|★dice|omg.
|choice||
|
|move|p2a: Garchomp|Stealth Rock|p1a: Jellicent
|-sidestart|p1: bwlt3 ban scald|move: Stealth Rock
|move|p1a: Jellicent|Scald|p2a: Garchomp
|-damage|p2a: Garchomp|0 fnt
|faint|p2a: Garchomp
|
|choice||
|
|switch|p2a: Ludicolo|Ludicolo, M|100/100
|turn|4
|choice||
|
|switch|p1a: Ferrothorn|Ferrothorn, F|100/100
|-damage|p1a: Ferrothorn|95/100|[from] Stealth Rock
|move|p2a: Ludicolo|Giga Drain|p1a: Ferrothorn
|-resisted|p1a: Ferrothorn
|-damage|p1a: Ferrothorn|88/100
|-damage|p2a: Ludicolo|91/100|[from] item: Life Orb
|
|-heal|p1a: Ferrothorn|94/100|[from] item: Leftovers
|turn|5
|choice||
|
|move|p2a: Ludicolo|Focus Blast|p1a: Ferrothorn
|-supereffective|p1a: Ferrothorn
|-damage|p1a: Ferrothorn|33/100
|-damage|p2a: Ludicolo|81/100|[from] item: Life Orb
|move|p1a: Ferrothorn|Thunder Wave|p2a: Ludicolo
|-status|p2a: Ludicolo|par
|
|-heal|p1a: Ferrothorn|39/100|[from] item: Leftovers
|turn|6
|choice||
|
|move|p1a: Ferrothorn|Spikes|p2a: Ludicolo
|-sidestart|p2: dice|Spikes
|move|p2a: Ludicolo|Rain Dance|p2a: Ludicolo
|-weather|RainDance
|
|-weather|RainDance|[upkeep]
|-heal|p1a: Ferrothorn|45/100|[from] item: Leftovers
|turn|7
|choice||
|
|switch|p1a: Jellicent|Jellicent, M|100/100
|-damage|p1a: Jellicent|88/100|[from] Stealth Rock
|cant|p2a: Ludicolo|par
|
|-weather|RainDance|[upkeep]
|-heal|p1a: Jellicent|94/100|[from] item: Leftovers
|turn|8
|choice||
|
|switch|p1a: Tyranitar|Tyranitar, F|100/100
|-damage|p1a: Tyranitar|88/100|[from] Stealth Rock
|-weather|Sandstorm|[from] ability: Sand Stream|[of] p1a: Tyranitar
|move|p2a: Ludicolo|Giga Drain|p1a: Tyranitar
|-supereffective|p1a: Tyranitar
|-damage|p1a: Tyranitar|44/100
|-heal|p2a: Ludicolo|100/100 par|[from] drain|[of] p1a: Tyranitar
|-damage|p2a: Ludicolo|91/100 par|[from] item: Life Orb
|
|-weather|Sandstorm|[upkeep]
|-damage|p2a: Ludicolo|85/100 par|[from] sandstorm
|turn|9
|choice||
|
|switch|p1a: Ferrothorn|Ferrothorn, F|45/100
|-damage|p1a: Ferrothorn|39/100|[from] Stealth Rock
|cant|p2a: Ludicolo|par
|
|-weather|Sandstorm|[upkeep]
|-damage|p2a: Ludicolo|79/100 par|[from] sandstorm
|-heal|p1a: Ferrothorn|45/100|[from] item: Leftovers
|turn|10
|choice||
|
|move|p1a: Ferrothorn|Power Whip|p2a: Ludicolo|[miss]
|-miss|p1a: Ferrothorn|p2a: Ludicolo
|move|p2a: Ludicolo|Rain Dance|p2a: Ludicolo
|-weather|RainDance
|
|-weather|RainDance|[upkeep]
|-heal|p1a: Ferrothorn|51/100|[from] item: Leftovers
|turn|11
|choice||
|
|move|p2a: Ludicolo|Focus Blast|p1a: Ferrothorn
|-supereffective|p1a: Ferrothorn
|-damage|p1a: Ferrothorn|0 fnt
|-damage|p2a: Ludicolo|69/100 par|[from] item: Life Orb
|faint|p1a: Ferrothorn
|
|-weather|RainDance|[upkeep]
|choice||
|
|switch|p1a: Garchomp|Garchomp, M|100/100
|-damage|p1a: Garchomp|94/100|[from] Stealth Rock
|turn|12
|choice||
|
|switch|p2a: Scizor|Scizor, F|100/100
|-damage|p2a: Scizor|88/100|[from] Spikes
|move|p1a: Garchomp|Outrage|p2a: Scizor
|-resisted|p2a: Scizor
|-damage|p2a: Scizor|57/100
|
|-weather|RainDance|[upkeep]
|turn|13
|choice||
|
|move|p1a: Garchomp|Outrage|p2a: Scizor|[from]lockedmove
|-resisted|p2a: Scizor
|-damage|p2a: Scizor|25/100
|-start|p1a: Garchomp|confusion|[fatigue]
|move|p2a: Scizor|U-turn|p1a: Garchomp
|-damage|p1a: Garchomp|35/100
|-damage|p2a: Scizor|13/100|[from] ability: Rough Skin|[of] p1a: Garchomp
|choice||
|
|switch|p2a: Tornadus|Tornadus, M|100/100
|
|-weather|RainDance|[upkeep]
|turn|14
|choice||
|
|switch|p1a: Tyranitar|Tyranitar, F|44/100
|-damage|p1a: Tyranitar|32/100|[from] Stealth Rock
|-weather|Sandstorm|[from] ability: Sand Stream|[of] p1a: Tyranitar
|move|p2a: Tornadus|U-turn|p1a: Tyranitar
|-supereffective|p1a: Tyranitar
|-damage|p1a: Tyranitar|0 fnt
|faint|p1a: Tyranitar
|choice||
|
|switch|p2a: Kabutops|Kabutops, M|100/100
|-damage|p2a: Kabutops|88/100|[from] Spikes
|
|-weather|Sandstorm|[upkeep]
|choice||
|
|switch|p1a: Alakazam|Alakazam, F|100/100
|turn|15
|choice||
|
|move|p1a: Alakazam|Focus Blast|p2a: Kabutops
|-supereffective|p2a: Kabutops
|-damage|p2a: Kabutops|0 fnt
|faint|p2a: Kabutops
|
|-weather|Sandstorm|[upkeep]
|choice||
|
|switch|p2a: Latias|Latias, F|88/100 brn
|turn|16
|choice||
|
|move|p1a: Alakazam|Shadow Ball|p2a: Latias
|-supereffective|p2a: Latias
|-damage|p2a: Latias|32/100 brn
|move|p2a: Latias|Thunder|p1a: Alakazam
|-damage|p1a: Alakazam|19/100
|-status|p1a: Alakazam|par
|-damage|p2a: Latias|22/100 brn|[from] item: Life Orb
|
|-weather|Sandstorm|[upkeep]
|-damage|p2a: Latias|16/100 brn|[from] sandstorm
|-damage|p2a: Latias|3/100 brn|[from] brn
|turn|17
|c|★bwlt3 ban scald|of fucking course
|choice||
|
|move|p2a: Latias|Rain Dance|p2a: Latias
|-weather|RainDance
|move|p1a: Alakazam|Shadow Ball|p2a: Latias
|-supereffective|p2a: Latias
|-crit|p2a: Latias
|-damage|p2a: Latias|0 fnt
|faint|p2a: Latias
|
|-weather|RainDance|[upkeep]
|choice||
|
|switch|p2a: Tornadus|Tornadus, M|100/100
|turn|18
|choice||
|
|move|p2a: Tornadus|Hurricane|p1a: Alakazam
|-damage|p1a: Alakazam|0 fnt
|faint|p1a: Alakazam
|
|-weather|RainDance|[upkeep]
|choice||
|
|switch|p1a: Garchomp|Garchomp, M|35/100
|-damage|p1a: Garchomp|29/100|[from] Stealth Rock
|turn|19
|choice||
|
|move|p1a: Garchomp|Outrage|p2a: Tornadus
|-damage|p2a: Tornadus|12/100
|move|p2a: Tornadus|Hurricane|p1a: Garchomp
|-damage|p1a: Garchomp|0 fnt
|faint|p1a: Garchomp
|
|-weather|RainDance|[upkeep]
|choice||
|
|switch|p1a: Jellicent|Jellicent, M|94/100
|-damage|p1a: Jellicent|82/100|[from] Stealth Rock
|turn|20
|choice||
|
|switch|p2a: Ludicolo|Ludicolo, M|69/100 par
|-damage|p2a: Ludicolo|56/100 par|[from] Spikes
|move|p1a: Jellicent|Scald|p2a: Ludicolo
|-resisted|p2a: Ludicolo
|-damage|p2a: Ludicolo|45/100 par
|
|-weather|RainDance|[upkeep]
|-heal|p1a: Jellicent|88/100|[from] item: Leftovers
|turn|21
|choice||
|
|switch|p1a: Landorus|Landorus-Therian, M|100/100
|-damage|p1a: Landorus|88/100|[from] Stealth Rock
|-ability|p1a: Landorus|Intimidate|boost
|-unboost|p2a: Ludicolo|atk|1
|move|p2a: Ludicolo|Hydro Pump|p1a: Landorus
|-supereffective|p1a: Landorus
|-damage|p1a: Landorus|0 fnt
|-damage|p2a: Ludicolo|35/100 par|[from] item: Life Orb
|faint|p1a: Landorus
|
|-weather|none
|choice||
|
|switch|p1a: Jellicent|Jellicent, M|88/100
|-damage|p1a: Jellicent|76/100|[from] Stealth Rock
|turn|22
|c|★bwlt3 ban scald|yeah f off
|choice||
|
|move|p1a: Jellicent|Scald|p2a: Ludicolo
|-resisted|p2a: Ludicolo
|-damage|p2a: Ludicolo|28/100 par
|move|p2a: Ludicolo|Giga Drain|p1a: Jellicent
|-supereffective|p1a: Jellicent
|-damage|p1a: Jellicent|10/100
|-heal|p2a: Ludicolo|73/100 par|[from] drain|[of] p1a: Jellicent
|-damage|p2a: Ludicolo|63/100 par|[from] item: Life Orb
|
|-heal|p1a: Jellicent|16/100|[from] item: Leftovers
|turn|23
|choice||
|
|move|p1a: Jellicent|Recover|p1a: Jellicent
|-heal|p1a: Jellicent|66/100
|move|p2a: Ludicolo|Giga Drain|p1a: Jellicent
|-supereffective|p1a: Jellicent
|-damage|p1a: Jellicent|2/100
|-heal|p2a: Ludicolo|100/100 par|[from] drain|[of] p1a: Jellicent
|-damage|p2a: Ludicolo|91/100 par|[from] item: Life Orb
|
|-heal|p1a: Jellicent|8/100|[from] item: Leftovers
|turn|24
|choice||
|
|move|p1a: Jellicent|Recover|p1a: Jellicent
|-heal|p1a: Jellicent|58/100
|move|p2a: Ludicolo|Giga Drain|p1a: Jellicent
|-supereffective|p1a: Jellicent
|-damage|p1a: Jellicent|0 fnt
|-heal|p2a: Ludicolo|100/100 par|[from] drain|[of] p1a: Jellicent
|-damage|p2a: Ludicolo|91/100 par|[from] item: Life Orb
|faint|p1a: Jellicent
|
|win|dice
|player|p1
|player|p2
|raw|bwlt3 ban scald's rating: 1413 &rarr; <strong>1389</strong><br />(-24 for losing)
|raw|dice's rating: 1340 &rarr; <strong>1364</strong><br />(+24 for winning)
|l|alawnzo
|l|bwlt3 ban scald