|j|☆Jellium
|j|☆sr mikey
|t:|1714683918
|gametype|singles
|player|p1|Jellium|scientist-gen4|1314
|player|p2|sr mikey|saturn|1431
|teamsize|p1|6
|teamsize|p2|6
|gen|5
|tier|[Gen 5] OU
|rated|
|rule|Species Clause: Limit one of each Pokémon
|rule|OHKO Clause: OHKO moves are banned
|rule|Moody Clause: Moody is banned
|rule|Evasion Items Clause: Evasion items are banned
|rule|Evasion Moves Clause: Evasion moves are banned
|rule|Endless Battle Clause: Forcing endless battles is banned
|rule|HP Percentage Mod: HP is shown in percentages
|rule|Evasion Abilities Clause: Evasion abilities are banned
|rule|Sleep Moves Clause: Sleep-inducing moves are banned
|rule|Swagger Clause: Swagger is banned
|rule|Baton Pass Stat Clause: No Baton Passer may have a way to boost its stats
|clearpoke
|poke|p1|Garchomp, F|item
|poke|p1|Volcarona, F|item
|poke|p1|Dragonite, M|item
|poke|p1|Breloom, M|item
|poke|p1|Starmie|item
|poke|p1|Scizor, M|item
|poke|p2|Politoed, F|item
|poke|p2|Tornadus, M|item
|poke|p2|Dragonite, M|item
|poke|p2|Garchomp, M|item
|poke|p2|Forretress, M|item
|poke|p2|Scizor, F|item
|teampreview
|
|t:|1714683953
|start
|switch|p1a: Garchomp|Garchomp, F|100/100
|switch|p2a: Forretress|Forretress, M|100/100
|turn|1
|inactive|Battle timer is ON: inactive players will automatically lose when time's up. (requested by sr mikey)
|
|t:|1714683971
|move|p1a: Garchomp|Swords Dance|p1a: Garchomp
|-boost|p1a: Garchomp|atk|2
|move|p2a: Forretress|Stealth Rock|p1a: Garchomp
|-sidestart|p1: Jellium|move: Stealth Rock
|
|upkeep
|turn|2
|
|t:|1714683976
|move|p1a: Garchomp|Stealth Rock|p2a: Forretress
|-sidestart|p2: sr mikey|move: Stealth Rock
|move|p2a: Forretress|Hidden Power|p1a: Garchomp
|-supereffective|p1a: Garchomp
|-damage|p1a: Garchomp|50/100
|
|upkeep
|turn|3
|
|t:|1714683981
|move|p1a: Garchomp|Earthquake|p2a: Forretress
|-damage|p2a: Forretress|38/100
|move|p2a: Forretress|Hidden Power|p1a: Garchomp
|-supereffective|p1a: Garchomp
|-damage|p1a: Garchomp|5/100
|
|-heal|p2a: Forretress|45/100|[from] item: Leftovers
|upkeep
|turn|4
|
|t:|1714683996
|move|p1a: Garchomp|Outrage|p2a: Forretress
|-resisted|p2a: Forretress
|-damage|p2a: Forretress|9/100
|move|p2a: Forretress|Hidden Power|p1a: Garchomp
|-supereffective|p1a: Garchomp
|-damage|p1a: Garchomp|0 fnt
|faint|p1a: Garchomp
|
|-heal|p2a: Forretress|15/100|[from] item: Leftovers
|upkeep
|inactive|Jellium has 120 seconds left.
|
|t:|1714684032
|switch|p1a: Breloom|Breloom, M, shiny|100/100
|-damage|p1a: Breloom|94/100|[from] Stealth Rock
|turn|5
|inactive|Jellium has 120 seconds left.
|
|t:|1714684039
|move|p1a: Breloom|Low Sweep|p2a: Forretress
|-damage|p2a: Forretress|0 fnt
|faint|p2a: Forretress
|-damage|p1a: Breloom|84/100|[from] item: Life Orb
|
|upkeep
|inactive|sr mikey has 120 seconds left.
|
|t:|1714684095
|switch|p2a: Scizor|Scizor, F|100/100
|-damage|p2a: Scizor|88/100|[from] Stealth Rock
|turn|6
|
|t:|1714684105
|move|p2a: Scizor|Bullet Punch|p1a: Breloom
|-damage|p1a: Breloom|18/100
|move|p1a: Breloom|Superpower|p2a: Scizor
|-damage|p2a: Scizor|0 fnt
|-unboost|p1a: Breloom|atk|1
|-unboost|p1a: Breloom|def|1
|faint|p2a: Scizor
|-damage|p1a: Breloom|8/100|[from] item: Life Orb
|
|upkeep
|
|t:|1714684116
|switch|p2a: Dragonite|Dragonite, M|100/100
|-damage|p2a: Dragonite|76/100|[from] Stealth Rock
|turn|7
|
|t:|1714684124
|move|p2a: Dragonite|Extreme Speed|p1a: Breloom
|-damage|p1a: Breloom|0 fnt
|faint|p1a: Breloom
|
|upkeep
|inactive|Jellium has 120 seconds left.
|
|t:|1714684157
|switch|p1a: Starmie|Starmie|100/100
|-damage|p1a: Starmie|88/100|[from] Stealth Rock
|-item|p1a: Starmie|Air Balloon
|turn|8
|inactive|sr mikey has 120 seconds left.
|
|t:|1714684177
|move|p2a: Dragonite|Extreme Speed|p1a: Starmie
|-damage|p1a: Starmie|14/100
|-enditem|p1a: Starmie|Air Balloon
|move|p1a: Starmie|Rapid Spin|p2a: Dragonite
|-damage|p2a: Dragonite|70/100
|-sideend|p1: Jellium|Stealth Rock|[from] move: Rapid Spin|[of] p1a: Starmie
|
|upkeep
|turn|9
|
|t:|1714684183
|move|p2a: Dragonite|Extreme Speed|p1a: Starmie
|-damage|p1a: Starmie|0 fnt
|faint|p1a: Starmie
|
|upkeep
|
|t:|1714684188
|switch|p1a: Scizor|Scizor, M|100/100
|turn|10
|
|t:|1714684194
|switch|p2a: Politoed|Politoed, F, shiny|100/100
|-damage|p2a: Politoed|88/100|[from] Stealth Rock
|-weather|RainDance|[from] ability: Drizzle|[of] p2a: Politoed
|move|p1a: Scizor|Swords Dance|p1a: Scizor
|-boost|p1a: Scizor|atk|2
|
|-weather|RainDance|[upkeep]
|upkeep
|turn|11
|
|t:|1714684199
|move|p1a: Scizor|Quick Attack|p2a: Politoed
|-damage|p2a: Politoed|34/100
|-damage|p1a: Scizor|91/100|[from] item: Life Orb
|move|p2a: Politoed|Surf|p1a: Scizor
|-damage|p1a: Scizor|0 fnt
|faint|p1a: Scizor
|
|-weather|RainDance|[upkeep]
|upkeep
|
|t:|1714684202
|switch|p1a: Dragonite|Dragonite, M, shiny|100/100
|turn|12
|
|t:|1714684206
|move|p1a: Dragonite|Dragon Dance|p1a: Dragonite
|-boost|p1a: Dragonite|atk|1
|-boost|p1a: Dragonite|spe|1
|move|p2a: Politoed|Surf|p1a: Dragonite
|-resisted|p1a: Dragonite
|-damage|p1a: Dragonite|78/100
|
|-weather|RainDance|[upkeep]
|upkeep
|turn|13
|
|t:|1714684213
|move|p1a: Dragonite|Dragon Dance|p1a: Dragonite
|-boost|p1a: Dragonite|atk|1
|-boost|p1a: Dragonite|spe|1
|move|p2a: Politoed|Surf|p1a: Dragonite
|-resisted|p1a: Dragonite
|-damage|p1a: Dragonite|27/100
|
|-weather|RainDance|[upkeep]
|upkeep
|turn|14
|
|t:|1714684216
|move|p1a: Dragonite|Extreme Speed|p2a: Politoed
|-damage|p2a: Politoed|0 fnt
|faint|p2a: Politoed
|
|-weather|RainDance|[upkeep]
|upkeep
|
|t:|1714684223
|switch|p2a: Tornadus|Tornadus, M, shiny|100/100
|-damage|p2a: Tornadus|76/100|[from] Stealth Rock
|turn|15
|
|t:|1714684231
|move|p1a: Dragonite|Extreme Speed|p2a: Tornadus
|-damage|p2a: Tornadus|0 fnt
|faint|p2a: Tornadus
|
|-weather|RainDance|[upkeep]
|upkeep
|
|t:|1714684242
|switch|p2a: Dragonite|Dragonite, M|70/100
|-damage|p2a: Dragonite|46/100|[from] Stealth Rock
|turn|16
|
|t:|1714684247
|move|p1a: Dragonite|Extreme Speed|p2a: Dragonite
|-damage|p2a: Dragonite|0 fnt
|faint|p2a: Dragonite
|
|-weather|RainDance|[upkeep]
|upkeep
|
|t:|1714684249
|switch|p2a: Garchomp|Garchomp, M, shiny|100/100
|-damage|p2a: Garchomp|94/100|[from] Stealth Rock
|turn|17
|
|t:|1714684255
|move|p1a: Dragonite|Outrage|p2a: Garchomp
|-supereffective|p2a: Garchomp
|-damage|p2a: Garchomp|0 fnt
|-damage|p1a: Dragonite|15/100|[from] ability: Rough Skin|[of] p2a: Garchomp
|faint|p2a: Garchomp
|
|win|Jellium
|raw|Jellium's rating: 1314 &rarr; <strong>1340</strong><br />(+26 for winning)
|raw|sr mikey's rating: 1431 &rarr; <strong>1405</strong><br />(-26 for losing)
|c|☆Jellium|gg
