|j|☆leoperi99
|j|☆ajkjqwk
|t:|1702560665
|gametype|singles
|player|p1|leoperi99|kris-gen2|1391
|player|p2|ajkjqwk|266|1472
|teamsize|p1|6
|teamsize|p2|6
|gen|5
|tier|[Gen 5] OU
|rated|
|rule|Species Clause: Limit one of each Pokémon
|rule|OHKO Clause: OHKO moves are banned
|rule|Moody Clause: Moody is banned
|rule|Evasion Items Clause: Evasion items are banned
|rule|Evasion Moves Clause: Evasion moves are banned
|rule|Endless Battle Clause: Forcing endless battles is banned
|rule|HP Percentage Mod: HP is shown in percentages
|rule|Evasion Abilities Clause: Evasion abilities are banned
|rule|Sleep Moves Clause: Sleep-inducing moves are banned
|rule|Swagger Clause: Swagger is banned
|rule|Baton Pass Stat Clause: No Baton Passer may have a way to boost its stats
|clearpoke
|poke|p1|Politoed, F|item
|poke|p1|Tentacruel, M|item
|poke|p1|Ferrothorn, F|item
|poke|p1|Latios, M|item
|poke|p1|Gyarados, M|item
|poke|p1|Kyurem-Black|item
|poke|p2|Jirachi|item
|poke|p2|Cloyster, M|item
|poke|p2|Volcarona, M|item
|poke|p2|Dragonite, M|item
|poke|p2|Skarmory, F|item
|poke|p2|Starmie|item
|teampreview
|
|t:|1702560682
|start
|switch|p1a: Kyurem|Kyurem-Black, shiny|100/100
|switch|p2a: Skarmory|Skarmory, F|100/100
|-ability|p1a: Kyurem|Teravolt
|turn|1
|
|t:|1702560694
|switch|p2a: Jirachi|Jirachi|100/100
|move|p1a: Kyurem|Substitute|p1a: Kyurem
|-start|p1a: Kyurem|Substitute
|-damage|p1a: Kyurem|76/100
|
|-heal|p1a: Kyurem|82/100|[from] item: Leftovers
|upkeep
|turn|2
|
|t:|1702560701
|move|p2a: Jirachi|Iron Head|p1a: Kyurem
|-supereffective|p1a: Kyurem
|-end|p1a: Kyurem|Substitute
|move|p1a: Kyurem|Earth Power|p2a: Jirachi
|-supereffective|p2a: Jirachi
|-damage|p2a: Jirachi|44/100
|
|-heal|p1a: Kyurem|88/100|[from] item: Leftovers
|upkeep
|turn|3
|
|t:|1702560716
|switch|p2a: Skarmory|Skarmory, F|100/100
|switch|p1a: le frog|Politoed, F, shiny|100/100
|-weather|RainDance|[from] ability: Drizzle|[of] p1a: le frog
|
|-weather|RainDance|[upkeep]
|upkeep
|turn|4
|
|t:|1702560738
|switch|p1a: Kyurem|Kyurem-Black, shiny|88/100
|-ability|p1a: Kyurem|Teravolt
|move|p2a: Skarmory|Stealth Rock|p1a: Kyurem
|-sidestart|p1: leoperi99|move: Stealth Rock
|
|-weather|RainDance|[upkeep]
|-heal|p1a: Kyurem|94/100|[from] item: Leftovers
|upkeep
|turn|5
|
|t:|1702560768
|move|p1a: Kyurem|Substitute|p1a: Kyurem
|-start|p1a: Kyurem|Substitute
|-damage|p1a: Kyurem|69/100
|move|p2a: Skarmory|Spikes|p1a: Kyurem
|-sidestart|p1: leoperi99|Spikes
|
|-weather|RainDance|[upkeep]
|-heal|p1a: Kyurem|75/100|[from] item: Leftovers
|upkeep
|turn|6
|
|t:|1702560771
|move|p1a: Kyurem|Ice Beam|p2a: Skarmory
|-damage|p2a: Skarmory|10/100
|-status|p2a: Skarmory|frz
|cant|p2a: Skarmory|frz
|
|-weather|RainDance|[upkeep]
|-heal|p1a: Kyurem|81/100|[from] item: Leftovers
|upkeep
|turn|7
|c|☆leoperi99|mb
|-enditem|p2a: Skarmory|Custap Berry|[eat]
|-activate|p2a: Skarmory|item: Custap Berry|[consumed]
|
|t:|1702560782
|-curestatus|p2a: Skarmory|frz|[msg]
|move|p2a: Skarmory|Spikes|p1a: Kyurem
|-sidestart|p1: leoperi99|Spikes
|move|p1a: Kyurem|Fusion Bolt|p2a: Skarmory
|-supereffective|p2a: Skarmory
|-damage|p2a: Skarmory|0 fnt
|faint|p2a: Skarmory
|
|-weather|RainDance|[upkeep]
|-heal|p1a: Kyurem|88/100|[from] item: Leftovers
|upkeep
|
|t:|1702560786
|switch|p2a: Jirachi|Jirachi|44/100
|turn|8
|c|☆ajkjqwk|it's ok
|
|t:|1702560794
|move|p2a: Jirachi|Iron Head|p1a: Kyurem
|-supereffective|p1a: Kyurem
|-end|p1a: Kyurem|Substitute
|move|p1a: Kyurem|Earth Power|p2a: Jirachi
|-supereffective|p2a: Jirachi
|-damage|p2a: Jirachi|0 fnt
|faint|p2a: Jirachi
|
|-weather|RainDance|[upkeep]
|-heal|p1a: Kyurem|94/100|[from] item: Leftovers
|upkeep
|
|t:|1702560809
|switch|p2a: Volcarona|Volcarona, M|100/100
|turn|9
|
|t:|1702560812
|move|p2a: Volcarona|Quiver Dance|p2a: Volcarona
|-boost|p2a: Volcarona|spa|1
|-boost|p2a: Volcarona|spd|1
|-boost|p2a: Volcarona|spe|1
|move|p1a: Kyurem|Fusion Bolt|p2a: Volcarona
|-damage|p2a: Volcarona|40/100
|
|-weather|RainDance|[upkeep]
|-heal|p1a: Kyurem|99/100|[from] item: Leftovers
|upkeep
|turn|10
|
|t:|1702560816
|move|p2a: Volcarona|Giga Drain|p1a: Kyurem
|-resisted|p1a: Kyurem
|-damage|p1a: Kyurem|80/100
|-heal|p2a: Volcarona|53/100|[from] drain|[of] p1a: Kyurem
|move|p1a: Kyurem|Fusion Bolt|p2a: Volcarona
|-damage|p2a: Volcarona|0 fnt
|faint|p2a: Volcarona
|
|-weather|RainDance|[upkeep]
|-heal|p1a: Kyurem|87/100|[from] item: Leftovers
|upkeep
|
|t:|1702560822
|switch|p2a: Dragonite|Dragonite, M|100/100
|turn|11
|
|t:|1702560825
|move|p1a: Kyurem|Ice Beam|p2a: Dragonite
|-supereffective|p2a: Dragonite
|-damage|p2a: Dragonite|0 fnt
|faint|p2a: Dragonite
|
|-weather|RainDance|[upkeep]
|-heal|p1a: Kyurem|93/100|[from] item: Leftovers
|upkeep
|c|☆ajkjqwk|oh yeah teravolt
|-message|ajkjqwk forfeited.
|
|win|leoperi99
|raw|leoperi99's rating: 1391 &rarr; <strong>1416</strong><br />(+25 for winning)
|raw|ajkjqwk's rating: 1472 &rarr; <strong>1447</strong><br />(-25 for losing)
|l|☆ajkjqwk
