|j|☆Yelou
|j|☆chockwayne
|player|p1|Yelou|whitney|1506
|player|p2|chockwayne|1|1443
|teamsize|p1|6
|teamsize|p2|6
|gametype|singles
|gen|5
|tier|[Gen 5] OU
|rated|
|clearpoke
|poke|p1|Garbodor, M|item
|poke|p1|Garchomp, F|item
|poke|p1|Kyurem|item
|poke|p1|Cofagrigus, M|item
|poke|p1|Salamence, F|item
|poke|p1|Jirachi|item
|poke|p2|Politoed, F|item
|poke|p2|Ferrothorn, F|item
|poke|p2|Tornadus, M|item
|poke|p2|Tentacruel, F|item
|poke|p2|Garchomp, F|item
|poke|p2|Jirachi|item
|rule|Species Clause: Limit one of each Pokémon
|rule|OHKO Clause: OHKO moves are banned
|rule|Moody Clause: Moody is banned
|rule|Evasion Moves Clause: Evasion moves are banned
|rule|Endless Battle Clause: Forcing endless battles is banned
|rule|HP Percentage Mod: HP is shown in percentages
|rule|Evasion Abilities Clause: Evasion abilities are banned
|rule|Baton Pass Clause: Limit one Baton Passer, can't pass Spe and other stats simultaneously
|rule|Sleep Clause: Sleep-inducing moves are banned
|rule|Swagger Clause: Swagger is banned
|teampreview
|
|start
|switch|p1a: Jirachi|Jirachi|100/100
|switch|p2a: Politoed|Politoed, F|100/100
|-weather|RainDance|[from] ability: Drizzle|[of] p2a: Politoed
|turn|1
|
|move|p1a: Jirachi|U-turn|p2a: Politoed
|-damage|p2a: Politoed|68/100
|
|switch|p1a: Kyurem|Kyurem|100/100|[from]move: U-turn
|-ability|p1a: Kyurem|Pressure
|move|p2a: Politoed|Hydro Pump|p1a: Kyurem
|-resisted|p1a: Kyurem
|-damage|p1a: Kyurem|67/100
|
|-weather|RainDance|[upkeep]
|-heal|p1a: Kyurem|73/100|[from] item: Leftovers
|upkeep
|turn|2
|j| lisbno
|
|switch|p2a: Jirachi|Jirachi|100/100
|switch|p1a: Garchomp|Garchomp, F|100/100
|
|-weather|RainDance|[upkeep]
|upkeep
|turn|3
|inactive|Battle timer is ON: inactive players will automatically lose when time's up. (requested by chockwayne)
|
|move|p2a: Jirachi|Icy Wind|p1a: Garchomp
|-supereffective|p1a: Garchomp
|-damage|p1a: Garchomp|45/100
|-unboost|p1a: Garchomp|spe|1
|move|p1a: Garchomp|Stealth Rock|p2a: Jirachi
|-sidestart|p2: chockwayne|move: Stealth Rock
|
|-weather|RainDance|[upkeep]
|upkeep
|turn|4
|
|switch|p1a: Jirachi|Jirachi|100/100
|move|p2a: Jirachi|Substitute|p2a: Jirachi
|-start|p2a: Jirachi|Substitute
|-damage|p2a: Jirachi|76/100
|
|-weather|RainDance|[upkeep]
|-heal|p2a: Jirachi|82/100|[from] item: Leftovers
|upkeep
|turn|5
|
|move|p1a: Jirachi|U-turn|p2a: Jirachi
|-end|p2a: Jirachi|Substitute
|
|switch|p1a: Garchomp|Garchomp, F|45/100|[from]move: U-turn
|move|p2a: Jirachi|Thunder|p1a: Garchomp
|-immune|p1a: Garchomp
|
|-weather|RainDance|[upkeep]
|-heal|p2a: Jirachi|88/100|[from] item: Leftovers
|upkeep
|turn|6
|
|switch|p1a: Jirachi|Jirachi|100/100
|move|p2a: Jirachi|Icy Wind|p1a: Jirachi
|-resisted|p1a: Jirachi
|-damage|p1a: Jirachi|94/100
|-unboost|p1a: Jirachi|spe|1
|
|-weather|RainDance|[upkeep]
|-heal|p2a: Jirachi|94/100|[from] item: Leftovers
|upkeep
|turn|7
|
|move|p2a: Jirachi|Thunder|p1a: Jirachi
|-damage|p1a: Jirachi|63/100
|move|p1a: Jirachi|U-turn|p2a: Jirachi
|-damage|p2a: Jirachi|68/100
|
|switch|p1a: Salamence|Salamence, F|100/100|[from]move: U-turn
|
|-weather|RainDance|[upkeep]
|-heal|p2a: Jirachi|74/100|[from] item: Leftovers
|upkeep
|turn|8
|
|switch|p2a: Ferrothorn|Ferrothorn, F|100/100
|-damage|p2a: Ferrothorn|94/100|[from] Stealth Rock
|move|p1a: Salamence|Earthquake|p2a: Ferrothorn
|-damage|p2a: Ferrothorn|71/100
|
|-weather|RainDance|[upkeep]
|-heal|p2a: Ferrothorn|77/100|[from] item: Leftovers
|upkeep
|turn|9
|
|switch|p1a: Cofagrigus|Cofagrigus, M|100/100
|move|p2a: Ferrothorn|Stealth Rock|p1a: Cofagrigus
|-sidestart|p1: Yelou|move: Stealth Rock
|
|-weather|RainDance|[upkeep]
|-heal|p2a: Ferrothorn|84/100|[from] item: Leftovers
|upkeep
|turn|10
|
|move|p1a: Cofagrigus|Nasty Plot|p1a: Cofagrigus
|-boost|p1a: Cofagrigus|spa|2
|move|p2a: Ferrothorn|Knock Off|p1a: Cofagrigus
|-supereffective|p1a: Cofagrigus
|-damage|p1a: Cofagrigus|94/100
|-activate|p1a: Cofagrigus|ability: Mummy|Iron Barbs|[of] p2a: Ferrothorn
|-enditem|p1a: Cofagrigus|Leftovers|[from] move: Knock Off|[of] p2a: Ferrothorn
|
|-weather|RainDance|[upkeep]
|-heal|p2a: Ferrothorn|90/100|[from] item: Leftovers
|upkeep
|turn|11
|
|move|p1a: Cofagrigus|Hidden Power|p2a: Ferrothorn
|-supereffective|p2a: Ferrothorn
|-damage|p2a: Ferrothorn|30/100
|move|p2a: Ferrothorn|Spikes|p1a: Cofagrigus
|-sidestart|p1: Yelou|Spikes
|
|-weather|RainDance|[upkeep]
|-heal|p2a: Ferrothorn|36/100|[from] item: Leftovers
|upkeep
|turn|12
|
|switch|p2a: Politoed|Politoed, F|68/100
|-damage|p2a: Politoed|56/100|[from] Stealth Rock
|move|p1a: Cofagrigus|Shadow Ball|p2a: Politoed
|-damage|p2a: Politoed|0 fnt
|faint|p2a: Politoed
|
|-weather|RainDance|[upkeep]
|upkeep
|
|switch|p2a: Jirachi|Jirachi|74/100
|-damage|p2a: Jirachi|68/100|[from] Stealth Rock
|turn|13
|
|move|p2a: Jirachi|Iron Head|p1a: Cofagrigus
|-damage|p1a: Cofagrigus|69/100
|-activate|p1a: Cofagrigus|ability: Mummy|Serene Grace|[of] p2a: Jirachi
|cant|p1a: Cofagrigus|flinch
|
|-weather|RainDance|[upkeep]
|-heal|p2a: Jirachi|74/100|[from] item: Leftovers
|upkeep
|turn|14
|
|move|p2a: Jirachi|Thunder|p1a: Cofagrigus
|-damage|p1a: Cofagrigus|34/100
|move|p1a: Cofagrigus|Shadow Ball|p2a: Jirachi
|-damage|p2a: Jirachi|6/100
|
|-weather|RainDance|[upkeep]
|-heal|p2a: Jirachi|12/100|[from] item: Leftovers
|upkeep
|turn|15
|
|move|p2a: Jirachi|Thunder|p1a: Cofagrigus
|-damage|p1a: Cofagrigus|2/100
|move|p1a: Cofagrigus|Shadow Ball|p2a: Jirachi
|-crit|p2a: Jirachi
|-damage|p2a: Jirachi|0 fnt
|faint|p2a: Jirachi
|
|-weather|RainDance|[upkeep]
|upkeep
|
|switch|p2a: Tentacruel|Tentacruel, F|100/100
|-damage|p2a: Tentacruel|88/100|[from] Stealth Rock
|turn|16
|
|move|p2a: Tentacruel|Scald|p1a: Cofagrigus
|-damage|p1a: Cofagrigus|0 fnt
|faint|p1a: Cofagrigus
|
|-weather|RainDance|[upkeep]
|-heal|p2a: Tentacruel|94/100|[from] ability: Rain Dish
|-heal|p2a: Tentacruel|100/100|[from] item: Leftovers
|upkeep
|
|switch|p1a: Kyurem|Kyurem|73/100
|-damage|p1a: Kyurem|61/100|[from] Spikes
|-damage|p1a: Kyurem|36/100|[from] Stealth Rock
|-ability|p1a: Kyurem|Pressure
|turn|17
|
|move|p1a: Kyurem|Substitute|p1a: Kyurem
|-start|p1a: Kyurem|Substitute
|-damage|p1a: Kyurem|11/100
|move|p2a: Tentacruel|Scald|p1a: Kyurem
|-resisted|p1a: Kyurem
|-activate|p1a: Kyurem|Substitute|[damage]
|
|-weather|RainDance|[upkeep]
|-heal|p1a: Kyurem|17/100|[from] item: Leftovers
|upkeep
|turn|18
|
|move|p1a: Kyurem|Roost|p1a: Kyurem
|-heal|p1a: Kyurem|67/100
|-singleturn|p1a: Kyurem|move: Roost
|move|p2a: Tentacruel|Scald|p1a: Kyurem
|-resisted|p1a: Kyurem
|-end|p1a: Kyurem|Substitute
|
|-weather|RainDance|[upkeep]
|-heal|p1a: Kyurem|74/100|[from] item: Leftovers
|upkeep
|turn|19
|
|move|p1a: Kyurem|Substitute|p1a: Kyurem
|-start|p1a: Kyurem|Substitute
|-damage|p1a: Kyurem|49/100
|move|p2a: Tentacruel|Scald|p1a: Kyurem
|-resisted|p1a: Kyurem
|-activate|p1a: Kyurem|Substitute|[damage]
|
|-weather|RainDance|[upkeep]
|-heal|p1a: Kyurem|55/100|[from] item: Leftovers
|upkeep
|turn|20
|
|move|p1a: Kyurem|Earth Power|p2a: Tentacruel
|-supereffective|p2a: Tentacruel
|-damage|p2a: Tentacruel|44/100
|move|p2a: Tentacruel|Scald|p1a: Kyurem
|-resisted|p1a: Kyurem
|-end|p1a: Kyurem|Substitute
|
|-weather|RainDance|[upkeep]
|-heal|p2a: Tentacruel|51/100|[from] ability: Rain Dish
|-heal|p1a: Kyurem|61/100|[from] item: Leftovers
|-heal|p2a: Tentacruel|57/100|[from] item: Leftovers
|upkeep
|turn|21
|
|move|p1a: Kyurem|Substitute|p1a: Kyurem
|-start|p1a: Kyurem|Substitute
|-damage|p1a: Kyurem|36/100
|move|p2a: Tentacruel|Rapid Spin|p1a: Kyurem
|-activate|p1a: Kyurem|Substitute|[damage]
|-sideend|p2: chockwayne|Stealth Rock|[from] move: Rapid Spin|[of] p2a: Tentacruel
|
|-weather|RainDance|[upkeep]
|-heal|p2a: Tentacruel|63/100|[from] ability: Rain Dish
|-heal|p1a: Kyurem|42/100|[from] item: Leftovers
|-heal|p2a: Tentacruel|69/100|[from] item: Leftovers
|upkeep
|turn|22
|
|move|p1a: Kyurem|Earth Power|p2a: Tentacruel
|-supereffective|p2a: Tentacruel
|-damage|p2a: Tentacruel|12/100
|move|p2a: Tentacruel|Scald|p1a: Kyurem
|-resisted|p1a: Kyurem
|-activate|p1a: Kyurem|Substitute|[damage]
|
|-weather|RainDance|[upkeep]
|-heal|p2a: Tentacruel|18/100|[from] ability: Rain Dish
|-heal|p1a: Kyurem|48/100|[from] item: Leftovers
|-heal|p2a: Tentacruel|24/100|[from] item: Leftovers
|upkeep
|turn|23
|
|move|p2a: Tentacruel|Protect|p2a: Tentacruel
|-singleturn|p2a: Tentacruel|Protect
|move|p1a: Kyurem|Earth Power|p2a: Tentacruel
|-activate|p2a: Tentacruel|move: Protect
|
|-weather|RainDance|[upkeep]
|-heal|p2a: Tentacruel|30/100|[from] ability: Rain Dish
|-heal|p1a: Kyurem|55/100|[from] item: Leftovers
|-heal|p2a: Tentacruel|37/100|[from] item: Leftovers
|upkeep
|turn|24
|
|switch|p2a: Garchomp|Garchomp, F|100/100
|move|p1a: Kyurem|Ice Beam|p2a: Garchomp
|-supereffective|p2a: Garchomp
|-crit|p2a: Garchomp
|-enditem|p2a: Garchomp|Yache Berry|[eat]
|-enditem|p2a: Garchomp|Yache Berry|[weaken]
|-damage|p2a: Garchomp|0 fnt
|faint|p2a: Garchomp
|
|-weather|RainDance|[upkeep]
|-heal|p1a: Kyurem|61/100|[from] item: Leftovers
|upkeep
|
|switch|p2a: Tornadus|Tornadus, M|100/100
|turn|25
|
|move|p2a: Tornadus|Hurricane|p1a: Kyurem
|-end|p1a: Kyurem|Substitute
|move|p1a: Kyurem|Ice Beam|p2a: Tornadus
|-supereffective|p2a: Tornadus
|-damage|p2a: Tornadus|0 fnt
|faint|p2a: Tornadus
|
|-weather|RainDance|[upkeep]
|-heal|p1a: Kyurem|67/100|[from] item: Leftovers
|upkeep
|l|☆chockwayne
|inactive|chockwayne disconnected and has a minute to reconnect!
|player|p2|
|inactive|chockwayne has 30 seconds to reconnect!
|inactive|chockwayne has 20 seconds to reconnect!
|inactive|chockwayne has 15 seconds to reconnect!
|inactive|chockwayne has 10 seconds to reconnect!
|inactive|chockwayne has 5 seconds to reconnect!
|-message|chockwayne lost due to inactivity.
|
|win|Yelou
|l| lisbno
|raw|Yelou's rating: 1506 &rarr; <strong>1522</strong><br />(+16 for winning)
|raw|chockwayne's rating: 1444 &rarr; <strong>1427</strong><br />(-17 for losing)
