|j|☆Excaliburn88tests
|j|☆Clawdia Chauchat
|t:|1705143363
|gametype|singles
|player|p1|Excaliburn88tests|flannery|1422
|player|p2|Clawdia Chauchat|winona|1388
|teamsize|p1|6
|teamsize|p2|6
|gen|5
|tier|[Gen 5] OU
|rated|
|rule|Species Clause: Limit one of each Pokémon
|rule|OHKO Clause: OHKO moves are banned
|rule|Moody Clause: Moody is banned
|rule|Evasion Items Clause: Evasion items are banned
|rule|Evasion Moves Clause: Evasion moves are banned
|rule|Endless Battle Clause: Forcing endless battles is banned
|rule|HP Percentage Mod: HP is shown in percentages
|rule|Evasion Abilities Clause: Evasion abilities are banned
|rule|Sleep Moves Clause: Sleep-inducing moves are banned
|rule|Swagger Clause: Swagger is banned
|rule|Baton Pass Stat Clause: No Baton Passer may have a way to boost its stats
|clearpoke
|poke|p1|Ninetales, F|item
|poke|p1|Heatran, F|item
|poke|p1|Excadrill, F|item
|poke|p1|Zapdos|item
|poke|p1|Xatu, M|item
|poke|p1|Scizor, M|item
|poke|p2|Dragonite, M|item
|poke|p2|Latios, M|item
|poke|p2|Starmie|item
|poke|p2|Scizor, F|item
|poke|p2|Breloom, M|item
|poke|p2|Garchomp, F|item
|teampreview
|
|t:|1705143382
|start
|switch|p1a: Maxilos|Scizor, M|100/100
|switch|p2a: Toru Watanabe|Garchomp, F|100/100
|turn|1
|
|t:|1705143393
|move|p2a: Toru Watanabe|Fire Blast|p1a: Maxilos
|-supereffective|p1a: Maxilos
|-damage|p1a: Maxilos|0 fnt
|faint|p1a: Maxilos
|
|upkeep
|
|t:|1705143399
|switch|p1a: Zapdos|Zapdos, shiny|100/100
|-ability|p1a: Zapdos|Pressure
|turn|2
|
|t:|1705143403
|move|p2a: Toru Watanabe|Stealth Rock|p1a: Zapdos
|-sidestart|p1: Excaliburn88tests|move: Stealth Rock
|move|p1a: Zapdos|Hidden Power|p2a: Toru Watanabe
|-supereffective|p2a: Toru Watanabe
|-enditem|p2a: Toru Watanabe|Focus Sash
|-damage|p2a: Toru Watanabe|1/100
|
|upkeep
|turn|3
|
|t:|1705143419
|move|p2a: Toru Watanabe|Outrage|p1a: Zapdos
|-damage|p1a: Zapdos|32/100
|move|p1a: Zapdos|Hidden Power|p2a: Toru Watanabe
|-supereffective|p2a: Toru Watanabe
|-damage|p2a: Toru Watanabe|0 fnt
|faint|p2a: Toru Watanabe
|
|-heal|p1a: Zapdos|38/100|[from] item: Leftovers
|upkeep
|
|t:|1705143429
|switch|p2a: Et Tu Brute|Starmie, shiny|100/100
|turn|4
|
|t:|1705143432
|switch|p1a: All Apologies|Ninetales, F, shiny|100/100
|-damage|p1a: All Apologies|75/100|[from] Stealth Rock
|-weather|SunnyDay|[from] ability: Drought|[of] p1a: All Apologies
|move|p2a: Et Tu Brute|Ice Beam|p1a: All Apologies
|-resisted|p1a: All Apologies
|-damage|p1a: All Apologies|56/100
|-damage|p2a: Et Tu Brute|91/100|[from] item: Life Orb
|
|-weather|SunnyDay|[upkeep]
|-heal|p1a: All Apologies|62/100|[from] item: Leftovers
|upkeep
|turn|5
|
|t:|1705143458
|switch|p2a: Concorde I Miss U|Latios, M|100/100
|move|p1a: All Apologies|Pain Split|p2a: Concorde I Miss U
|-sethp|p2a: Concorde I Miss U|83/100|[from] move: Pain Split|[silent]
|-sethp|p1a: All Apologies|78/100|[from] move: Pain Split
|
|-weather|SunnyDay|[upkeep]
|-heal|p1a: All Apologies|84/100|[from] item: Leftovers
|upkeep
|turn|6
|
|t:|1705143484
|switch|p1a: Kirei|Excadrill, F, shiny|100/100
|-damage|p1a: Kirei|97/100|[from] Stealth Rock
|-ability|p1a: Kirei|Mold Breaker
|move|p2a: Concorde I Miss U|Trick|p1a: Kirei
|-activate|p2a: Concorde I Miss U|move: Trick|[of] p1a: Kirei
|-item|p1a: Kirei|Choice Scarf|[from] move: Trick
|-item|p2a: Concorde I Miss U|Leftovers|[from] move: Trick
|
|-weather|SunnyDay|[upkeep]
|-heal|p2a: Concorde I Miss U|89/100|[from] item: Leftovers
|upkeep
|turn|7
|
|t:|1705143503
|move|p1a: Kirei|Rapid Spin|p2a: Concorde I Miss U
|-damage|p2a: Concorde I Miss U|80/100
|-sideend|p1: Excaliburn88tests|Stealth Rock|[from] move: Rapid Spin|[of] p1a: Kirei
|move|p2a: Concorde I Miss U|Surf|p1a: Kirei
|-supereffective|p1a: Kirei
|-damage|p1a: Kirei|66/100
|
|-weather|SunnyDay|[upkeep]
|-heal|p2a: Concorde I Miss U|86/100|[from] item: Leftovers
|upkeep
|turn|8
|
|t:|1705143524
|switch|p1a: Pizza Nightmare|Heatran, F, shiny|100/100
|move|p2a: Concorde I Miss U|Surf|p1a: Pizza Nightmare
|-supereffective|p1a: Pizza Nightmare
|-damage|p1a: Pizza Nightmare|73/100
|
|-weather|SunnyDay|[upkeep]
|-heal|p2a: Concorde I Miss U|92/100|[from] item: Leftovers
|-heal|p1a: Pizza Nightmare|79/100|[from] item: Leftovers
|upkeep
|turn|9
|
|t:|1705143537
|move|p2a: Concorde I Miss U|Surf|p1a: Pizza Nightmare
|-supereffective|p1a: Pizza Nightmare
|-damage|p1a: Pizza Nightmare|54/100
|move|p1a: Pizza Nightmare|Torment|p2a: Concorde I Miss U
|-start|p2a: Concorde I Miss U|Torment
|
|-weather|SunnyDay|[upkeep]
|-heal|p2a: Concorde I Miss U|98/100|[from] item: Leftovers
|-heal|p1a: Pizza Nightmare|60/100|[from] item: Leftovers
|upkeep
|turn|10
|
|t:|1705143549
|move|p2a: Concorde I Miss U|Draco Meteor|p1a: Pizza Nightmare
|-resisted|p1a: Pizza Nightmare
|-damage|p1a: Pizza Nightmare|29/100
|-unboost|p2a: Concorde I Miss U|spa|2
|move|p1a: Pizza Nightmare|Substitute|p1a: Pizza Nightmare
|-start|p1a: Pizza Nightmare|Substitute
|-damage|p1a: Pizza Nightmare|4/100
|
|-weather|SunnyDay|[upkeep]
|-heal|p2a: Concorde I Miss U|100/100|[from] item: Leftovers
|-heal|p1a: Pizza Nightmare|10/100|[from] item: Leftovers
|upkeep
|turn|11
|
|t:|1705143555
|switch|p2a: Et Tu Brute|Starmie, shiny|91/100
|move|p1a: Pizza Nightmare|Protect||[still]
|-fail|p1a: Pizza Nightmare
|
|-weather|SunnyDay|[upkeep]
|-heal|p1a: Pizza Nightmare|16/100|[from] item: Leftovers
|upkeep
|turn|12
|
|t:|1705143595
|move|p1a: Pizza Nightmare|Protect|p1a: Pizza Nightmare
|-singleturn|p1a: Pizza Nightmare|Protect
|move|p2a: Et Tu Brute|Thunderbolt|p1a: Pizza Nightmare
|-activate|p1a: Pizza Nightmare|move: Protect
|
|-weather|SunnyDay|[upkeep]
|-heal|p1a: Pizza Nightmare|23/100|[from] item: Leftovers
|upkeep
|turn|13
|
|t:|1705143612
|move|p2a: Et Tu Brute|Thunderbolt|p1a: Pizza Nightmare
|-end|p1a: Pizza Nightmare|Substitute
|-damage|p2a: Et Tu Brute|81/100|[from] item: Life Orb
|move|p1a: Pizza Nightmare|Lava Plume|p2a: Et Tu Brute
|-resisted|p2a: Et Tu Brute
|-damage|p2a: Et Tu Brute|45/100
|
|-weather|SunnyDay|[upkeep]
|-heal|p1a: Pizza Nightmare|29/100|[from] item: Leftovers
|upkeep
|turn|14
|
|t:|1705143630
|move|p1a: Pizza Nightmare|Protect|p1a: Pizza Nightmare
|-singleturn|p1a: Pizza Nightmare|Protect
|move|p2a: Et Tu Brute|Hydro Pump|p1a: Pizza Nightmare
|-activate|p1a: Pizza Nightmare|move: Protect
|
|-weather|SunnyDay|[upkeep]
|-heal|p1a: Pizza Nightmare|35/100|[from] item: Leftovers
|upkeep
|turn|15
|
|t:|1705143653
|switch|p1a: All Apologies|Ninetales, F, shiny|84/100
|move|p2a: Et Tu Brute|Hydro Pump|p1a: All Apologies
|-supereffective|p1a: All Apologies
|-crit|p1a: All Apologies
|-damage|p1a: All Apologies|0 fnt
|faint|p1a: All Apologies
|-damage|p2a: Et Tu Brute|35/100|[from] item: Life Orb
|
|-weather|SunnyDay|[upkeep]
|upkeep
|
|t:|1705143675
|switch|p1a: Zapdos|Zapdos, shiny|38/100
|-ability|p1a: Zapdos|Pressure
|turn|16
|
|t:|1705143762
|switch|p1a: Pizza Nightmare|Heatran, F, shiny|35/100
|move|p2a: Et Tu Brute|Ice Beam|p1a: Pizza Nightmare
|-resisted|p1a: Pizza Nightmare
|-damage|p1a: Pizza Nightmare|26/100
|-damage|p2a: Et Tu Brute|25/100|[from] item: Life Orb
|
|-weather|SunnyDay|[upkeep]
|-heal|p1a: Pizza Nightmare|32/100|[from] item: Leftovers
|upkeep
|turn|17
|inactive|Battle timer is ON: inactive players will automatically lose when time's up. (requested by Clawdia Chauchat)
|
|t:|1705143819
|move|p1a: Pizza Nightmare|Protect|p1a: Pizza Nightmare
|-singleturn|p1a: Pizza Nightmare|Protect
|move|p2a: Et Tu Brute|Hydro Pump|p1a: Pizza Nightmare
|-activate|p1a: Pizza Nightmare|move: Protect
|
|-weather|SunnyDay|[upkeep]
|-heal|p1a: Pizza Nightmare|38/100|[from] item: Leftovers
|upkeep
|turn|18
|inactive|Excaliburn88tests has 120 seconds left.
|
|t:|1705143853
|move|p2a: Et Tu Brute|Hydro Pump|p1a: Pizza Nightmare|[miss]
|-miss|p2a: Et Tu Brute|p1a: Pizza Nightmare
|move|p1a: Pizza Nightmare|Lava Plume|p2a: Et Tu Brute
|-resisted|p2a: Et Tu Brute
|-damage|p2a: Et Tu Brute|0 fnt
|faint|p2a: Et Tu Brute
|
|-weather|SunnyDay|[upkeep]
|-heal|p1a: Pizza Nightmare|44/100|[from] item: Leftovers
|upkeep
|
|t:|1705143862
|switch|p2a: Red Scare|Breloom, M, shiny|100/100
|turn|19
|
|t:|1705143865
|switch|p1a: one drippy birb|Xatu, M, shiny|100/100
|move|p2a: Red Scare|Mach Punch|p1a: one drippy birb
|-resisted|p1a: one drippy birb
|-damage|p1a: one drippy birb|92/100
|-damage|p2a: Red Scare|84/100|[from] item: Rocky Helmet|[of] p1a: one drippy birb
|
|-weather|SunnyDay|[upkeep]
|upkeep
|turn|20
|
|t:|1705143874
|switch|p2a: Concorde I Miss U|Latios, M|100/100
|move|p1a: one drippy birb|Reflect|p1a: one drippy birb
|-sidestart|p1: Excaliburn88tests|Reflect
|
|-weather|SunnyDay|[upkeep]
|upkeep
|turn|21
|
|t:|1705143888
|switch|p1a: Kirei|Excadrill, F, shiny|66/100
|-ability|p1a: Kirei|Mold Breaker
|move|p2a: Concorde I Miss U|Draco Meteor|p1a: Kirei
|-resisted|p1a: Kirei
|-damage|p1a: Kirei|27/100
|-unboost|p2a: Concorde I Miss U|spa|2
|
|-weather|SunnyDay|[upkeep]
|upkeep
|turn|22
|
|t:|1705143895
|switch|p2a: Arab Strap|Scizor, F|100/100
|move|p1a: Kirei|Stealth Rock|p2a: Arab Strap
|-sidestart|p2: Clawdia Chauchat|move: Stealth Rock
|
|-weather|SunnyDay|[upkeep]
|upkeep
|turn|23
|
|t:|1705143918
|switch|p1a: Zapdos|Zapdos, shiny|38/100
|-ability|p1a: Zapdos|Pressure
|move|p2a: Arab Strap|Swords Dance|p2a: Arab Strap
|-boost|p2a: Arab Strap|atk|2
|
|-weather|SunnyDay|[upkeep]
|-heal|p1a: Zapdos|44/100|[from] item: Leftovers
|upkeep
|turn|24
|
|t:|1705143935
|move|p2a: Arab Strap|Bullet Punch|p1a: Zapdos
|-resisted|p1a: Zapdos
|-damage|p1a: Zapdos|22/100
|-damage|p2a: Arab Strap|91/100|[from] item: Life Orb
|move|p1a: Zapdos|Roost|p1a: Zapdos
|-heal|p1a: Zapdos|72/100
|-singleturn|p1a: Zapdos|move: Roost
|
|-weather|SunnyDay|[upkeep]
|-heal|p1a: Zapdos|78/100|[from] item: Leftovers
|-sideend|p1: Excaliburn88tests|Reflect
|upkeep
|turn|25
|
|t:|1705143951
|move|p2a: Arab Strap|Bullet Punch|p1a: Zapdos
|-resisted|p1a: Zapdos
|-damage|p1a: Zapdos|33/100
|-damage|p2a: Arab Strap|81/100|[from] item: Life Orb
|move|p1a: Zapdos|Heat Wave|p2a: Arab Strap
|-supereffective|p2a: Arab Strap
|-damage|p2a: Arab Strap|0 fnt
|faint|p2a: Arab Strap
|
|-weather|SunnyDay|[upkeep]
|-heal|p1a: Zapdos|39/100|[from] item: Leftovers
|upkeep
|
|t:|1705143958
|switch|p2a: Concorde I Miss U|Latios, M|100/100
|-damage|p2a: Concorde I Miss U|88/100|[from] Stealth Rock
|turn|26
|inactive|Excaliburn88tests has 120 seconds left.
|
|t:|1705143983
|switch|p1a: Kirei|Excadrill, F, shiny|27/100
|-ability|p1a: Kirei|Mold Breaker
|move|p2a: Concorde I Miss U|Dragon Pulse|p1a: Kirei
|-resisted|p1a: Kirei
|-damage|p1a: Kirei|4/100
|
|-weather|SunnyDay|[upkeep]
|-heal|p2a: Concorde I Miss U|94/100|[from] item: Leftovers
|upkeep
|turn|27
|inactive|Excaliburn88tests has 120 seconds left.
|
|t:|1705144006
|switch|p2a: Red Scare|Breloom, M, shiny|84/100
|-damage|p2a: Red Scare|78/100|[from] Stealth Rock
|move|p1a: Kirei|Earthquake|p2a: Red Scare
|-resisted|p2a: Red Scare
|-crit|p2a: Red Scare
|-damage|p2a: Red Scare|1/100
|
|-weather|SunnyDay|[upkeep]
|upkeep
|turn|28
|
|t:|1705144022
|move|p2a: Red Scare|Mach Punch|p1a: Kirei
|-supereffective|p1a: Kirei
|-damage|p1a: Kirei|0 fnt
|faint|p1a: Kirei
|
|-weather|SunnyDay|[upkeep]
|upkeep
|
|t:|1705144025
|switch|p1a: one drippy birb|Xatu, M, shiny|92/100
|turn|29
|inactive|Excaliburn88tests has 120 seconds left.
|
|t:|1705144048
|move|p1a: one drippy birb|Reflect|p1a: one drippy birb
|-sidestart|p1: Excaliburn88tests|Reflect
|move|p2a: Red Scare|Bullet Seed|p1a: one drippy birb
|-resisted|p1a: one drippy birb
|-damage|p1a: one drippy birb|85/100
|-resisted|p1a: one drippy birb
|-damage|p1a: one drippy birb|79/100
|-resisted|p1a: one drippy birb
|-damage|p1a: one drippy birb|73/100
|-resisted|p1a: one drippy birb
|-damage|p1a: one drippy birb|67/100
|-hitcount|p1a: one drippy birb|4
|
|-weather|SunnyDay|[upkeep]
|upkeep
|turn|30
|inactive|Excaliburn88tests has 120 seconds left.
|
|t:|1705144054
|move|p1a: one drippy birb|U-turn|p2a: Red Scare
|-damage|p2a: Red Scare|0 fnt
|faint|p2a: Red Scare
|inactive|Excaliburn88tests has 120 seconds left.
|inactive|Excaliburn88tests has 90 seconds left.
|
|t:|1705144089
|switch|p1a: Zapdos|Zapdos, shiny|39/100|[from] U-turn
|-ability|p1a: Zapdos|Pressure
|
|-weather|SunnyDay|[upkeep]
|-heal|p1a: Zapdos|45/100|[from] item: Leftovers
|upkeep
|
|t:|1705144097
|switch|p2a: Concorde I Miss U|Latios, M|94/100
|-damage|p2a: Concorde I Miss U|82/100|[from] Stealth Rock
|turn|31
|inactive|Excaliburn88tests has 90 seconds left.
|
|t:|1705144122
|switch|p1a: Pizza Nightmare|Heatran, F, shiny|44/100
|move|p2a: Concorde I Miss U|Dragon Pulse|p1a: Pizza Nightmare
|-resisted|p1a: Pizza Nightmare
|-damage|p1a: Pizza Nightmare|26/100
|
|-weather|SunnyDay|[upkeep]
|-heal|p2a: Concorde I Miss U|88/100|[from] item: Leftovers
|-heal|p1a: Pizza Nightmare|32/100|[from] item: Leftovers
|upkeep
|turn|32
|inactive|Excaliburn88tests has 90 seconds left.
|
|t:|1705144130
|move|p1a: Pizza Nightmare|Protect|p1a: Pizza Nightmare
|-singleturn|p1a: Pizza Nightmare|Protect
|move|p2a: Concorde I Miss U|Surf|p1a: Pizza Nightmare
|-activate|p1a: Pizza Nightmare|move: Protect
|
|-weather|SunnyDay|[upkeep]
|-heal|p2a: Concorde I Miss U|94/100|[from] item: Leftovers
|-heal|p1a: Pizza Nightmare|38/100|[from] item: Leftovers
|upkeep
|turn|33
|inactive|Excaliburn88tests has 90 seconds left.
|
|t:|1705144150
|move|p2a: Concorde I Miss U|Surf|p1a: Pizza Nightmare
|-supereffective|p1a: Pizza Nightmare
|-damage|p1a: Pizza Nightmare|12/100
|move|p1a: Pizza Nightmare|Torment|p2a: Concorde I Miss U
|-start|p2a: Concorde I Miss U|Torment
|
|-weather|SunnyDay|[upkeep]
|-heal|p2a: Concorde I Miss U|99/100|[from] item: Leftovers
|-heal|p1a: Pizza Nightmare|18/100|[from] item: Leftovers
|-sideend|p1: Excaliburn88tests|Reflect
|upkeep
|turn|34
|
|t:|1705144163
|move|p1a: Pizza Nightmare|Protect|p1a: Pizza Nightmare
|-singleturn|p1a: Pizza Nightmare|Protect
|move|p2a: Concorde I Miss U|Dragon Pulse|p1a: Pizza Nightmare
|-activate|p1a: Pizza Nightmare|move: Protect
|
|-weather|SunnyDay|[upkeep]
|-heal|p2a: Concorde I Miss U|100/100|[from] item: Leftovers
|-heal|p1a: Pizza Nightmare|24/100|[from] item: Leftovers
|upkeep
|turn|35
|
|t:|1705144170
|switch|p1a: one drippy birb|Xatu, M, shiny|67/100
|move|p2a: Concorde I Miss U|Surf|p1a: one drippy birb
|-damage|p1a: one drippy birb|47/100
|
|-weather|SunnyDay|[upkeep]
|upkeep
|turn|36
|inactive|Excaliburn88tests has 90 seconds left.
|
|t:|1705144187
|move|p2a: Concorde I Miss U|Dragon Pulse|p1a: one drippy birb
|-damage|p1a: one drippy birb|0 fnt
|faint|p1a: one drippy birb
|
|-weather|SunnyDay|[upkeep]
|upkeep
|
|t:|1705144197
|switch|p1a: Pizza Nightmare|Heatran, F, shiny|24/100
|turn|37
|
|t:|1705144212
|move|p1a: Pizza Nightmare|Protect|p1a: Pizza Nightmare
|-singleturn|p1a: Pizza Nightmare|Protect
|move|p2a: Concorde I Miss U|Surf|p1a: Pizza Nightmare
|-activate|p1a: Pizza Nightmare|move: Protect
|
|-weather|SunnyDay|[upkeep]
|-heal|p1a: Pizza Nightmare|30/100|[from] item: Leftovers
|upkeep
|turn|38
|inactive|Excaliburn88tests has 90 seconds left.
|
|t:|1705144229
|move|p2a: Concorde I Miss U|Draco Meteor|p1a: Pizza Nightmare
|-resisted|p1a: Pizza Nightmare
|-damage|p1a: Pizza Nightmare|0 fnt
|-unboost|p2a: Concorde I Miss U|spa|2
|faint|p1a: Pizza Nightmare
|
|-weather|SunnyDay|[upkeep]
|upkeep
|
|t:|1705144232
|switch|p1a: Zapdos|Zapdos, shiny|45/100
|-ability|p1a: Zapdos|Pressure
|turn|39
|
|t:|1705144247
|switch|p2a: Crete Boy|Dragonite, M|100/100
|-damage|p2a: Crete Boy|76/100|[from] Stealth Rock
|move|p1a: Zapdos|Roost|p1a: Zapdos
|-heal|p1a: Zapdos|95/100
|-singleturn|p1a: Zapdos|move: Roost
|
|-weather|SunnyDay|[upkeep]
|-heal|p1a: Zapdos|100/100|[from] item: Leftovers
|upkeep
|turn|40
|
|t:|1705144250
|move|p2a: Crete Boy|Extreme Speed|p1a: Zapdos
|-damage|p1a: Zapdos|67/100
|move|p1a: Zapdos|Hidden Power|p2a: Crete Boy
|-supereffective|p2a: Crete Boy
|-damage|p2a: Crete Boy|0 fnt
|faint|p2a: Crete Boy
|
|-weather|SunnyDay|[upkeep]
|-heal|p1a: Zapdos|73/100|[from] item: Leftovers
|upkeep
|
|t:|1705144253
|switch|p2a: Concorde I Miss U|Latios, M|100/100
|-damage|p2a: Concorde I Miss U|88/100|[from] Stealth Rock
|turn|41
|inactive|Excaliburn88tests has 120 seconds left.
|
|t:|1705144260
|move|p2a: Concorde I Miss U|Dragon Pulse|p1a: Zapdos
|-damage|p1a: Zapdos|36/100
|move|p1a: Zapdos|Roost|p1a: Zapdos
|-heal|p1a: Zapdos|86/100
|-singleturn|p1a: Zapdos|move: Roost
|
|-weather|SunnyDay|[upkeep]
|-heal|p2a: Concorde I Miss U|94/100|[from] item: Leftovers
|-heal|p1a: Zapdos|92/100|[from] item: Leftovers
|upkeep
|turn|42
|inactive|Excaliburn88tests has 120 seconds left.
|
|t:|1705144280
|move|p2a: Concorde I Miss U|Dragon Pulse|p1a: Zapdos
|-damage|p1a: Zapdos|49/100
|move|p1a: Zapdos|Roost|p1a: Zapdos
|-heal|p1a: Zapdos|99/100
|-singleturn|p1a: Zapdos|move: Roost
|
|-weather|SunnyDay|[upkeep]
|-heal|p2a: Concorde I Miss U|99/100|[from] item: Leftovers
|-heal|p1a: Zapdos|100/100|[from] item: Leftovers
|upkeep
|turn|43
|
|t:|1705144298
|move|p2a: Concorde I Miss U|Dragon Pulse|p1a: Zapdos
|-damage|p1a: Zapdos|64/100
|move|p1a: Zapdos|Roost|p1a: Zapdos
|-heal|p1a: Zapdos|100/100
|-singleturn|p1a: Zapdos|move: Roost
|
|-weather|SunnyDay|[upkeep]
|-heal|p2a: Concorde I Miss U|100/100|[from] item: Leftovers
|upkeep
|turn|44
|
|t:|1705144311
|move|p2a: Concorde I Miss U|Dragon Pulse|p1a: Zapdos
|-damage|p1a: Zapdos|60/100
|move|p1a: Zapdos|Roost|p1a: Zapdos
|-heal|p1a: Zapdos|100/100
|-singleturn|p1a: Zapdos|move: Roost
|
|-weather|SunnyDay|[upkeep]
|upkeep
|turn|45
|inactive|Clawdia Chauchat has 120 seconds left.
|
|t:|1705144349
|move|p2a: Concorde I Miss U|Dragon Pulse|p1a: Zapdos
|-damage|p1a: Zapdos|60/100
|move|p1a: Zapdos|Roost|p1a: Zapdos
|-heal|p1a: Zapdos|100/100
|-singleturn|p1a: Zapdos|move: Roost
|
|-weather|SunnyDay|[upkeep]
|upkeep
|turn|46
|
|t:|1705144353
|move|p2a: Concorde I Miss U|Dragon Pulse|p1a: Zapdos
|-damage|p1a: Zapdos|58/100
|move|p1a: Zapdos|Roost|p1a: Zapdos
|-heal|p1a: Zapdos|100/100
|-singleturn|p1a: Zapdos|move: Roost
|
|-weather|SunnyDay|[upkeep]
|upkeep
|turn|47
|
|t:|1705144357
|move|p2a: Concorde I Miss U|Draco Meteor|p1a: Zapdos
|-damage|p1a: Zapdos|40/100
|-unboost|p2a: Concorde I Miss U|spa|2
|move|p1a: Zapdos|Roost|p1a: Zapdos
|-heal|p1a: Zapdos|90/100
|-singleturn|p1a: Zapdos|move: Roost
|
|-weather|SunnyDay|[upkeep]
|-heal|p1a: Zapdos|96/100|[from] item: Leftovers
|upkeep
|turn|48
|
|t:|1705144362
|move|p2a: Concorde I Miss U|Draco Meteor|p1a: Zapdos
|-damage|p1a: Zapdos|66/100
|-unboost|p2a: Concorde I Miss U|spa|2
|move|p1a: Zapdos|Roost|p1a: Zapdos
|-heal|p1a: Zapdos|100/100
|-singleturn|p1a: Zapdos|move: Roost
|
|-weather|SunnyDay|[upkeep]
|upkeep
|turn|49
|
|t:|1705144367
|move|p2a: Concorde I Miss U|Draco Meteor|p1a: Zapdos
|-damage|p1a: Zapdos|81/100
|-unboost|p2a: Concorde I Miss U|spa|2
|move|p1a: Zapdos|Roost|p1a: Zapdos
|-heal|p1a: Zapdos|100/100
|-singleturn|p1a: Zapdos|move: Roost
|
|-weather|SunnyDay|[upkeep]
|upkeep
|turn|50
|c|☆Excaliburn88tests|gg
|inactive|Clawdia Chauchat has 120 seconds left.
|
|t:|1705144399
|move|p2a: Concorde I Miss U|Surf|p1a: Zapdos
|-damage|p1a: Zapdos|97/100
|move|p1a: Zapdos|Hidden Power|p2a: Concorde I Miss U
|-supereffective|p2a: Concorde I Miss U
|-damage|p2a: Concorde I Miss U|57/100
|
|-weather|SunnyDay|[upkeep]
|-heal|p2a: Concorde I Miss U|63/100|[from] item: Leftovers
|-heal|p1a: Zapdos|100/100|[from] item: Leftovers
|upkeep
|turn|51
|
|t:|1705144403
|move|p2a: Concorde I Miss U|Surf|p1a: Zapdos
|-damage|p1a: Zapdos|97/100
|move|p1a: Zapdos|Hidden Power|p2a: Concorde I Miss U
|-supereffective|p2a: Concorde I Miss U
|-damage|p2a: Concorde I Miss U|12/100
|
|-weather|SunnyDay|[upkeep]
|-heal|p2a: Concorde I Miss U|18/100|[from] item: Leftovers
|-heal|p1a: Zapdos|100/100|[from] item: Leftovers
|upkeep
|turn|52
|inactive|Clawdia Chauchat has 120 seconds left.
|
|t:|1705144434
|move|p2a: Concorde I Miss U|Surf|p1a: Zapdos
|-damage|p1a: Zapdos|97/100
|move|p1a: Zapdos|Hidden Power|p2a: Concorde I Miss U
|-supereffective|p2a: Concorde I Miss U
|-damage|p2a: Concorde I Miss U|0 fnt
|faint|p2a: Concorde I Miss U
|
|win|Excaliburn88tests
|raw|Excaliburn88tests's rating: 1422 &rarr; <strong>1442</strong><br />(+20 for winning)
|raw|Clawdia Chauchat's rating: 1424 &rarr; <strong>1404</strong><br />(-20 for losing)
|l|☆Clawdia Chauchat
|player|p2|
