|j|☆BWR Ashes
|j|☆BWR Terra
|t:|1719092656
|gametype|singles
|player|p1|BWR Ashes|skier-gen2|1267
|player|p2|BWR Terra|zinnia|1364
|teamsize|p1|6
|teamsize|p2|6
|gen|5
|tier|[Gen 5] OU
|rated|
|rule|Species Clause: Limit one of each Pokémon
|rule|OHKO Clause: OHKO moves are banned
|rule|Moody Clause: Moody is banned
|rule|Evasion Items Clause: Evasion items are banned
|rule|Evasion Moves Clause: Evasion moves are banned
|rule|Endless Battle Clause: Forcing endless battles is banned
|rule|HP Percentage Mod: HP is shown in percentages
|rule|Evasion Abilities Clause: Evasion abilities are banned
|rule|Sleep Moves Clause: Sleep-inducing moves are banned
|rule|Swagger Clause: Swagger is banned
|rule|Baton Pass Stat Clause: No Baton Passer may have a way to boost its stats
|clearpoke
|poke|p1|Tyranitar, M|item
|poke|p1|Landorus-Therian, M|item
|poke|p1|Ferrothorn, F|item
|poke|p1|Slowking, M|item
|poke|p1|Mienshao, M|item
|poke|p1|Excadrill, F|item
|poke|p2|Politoed, F|item
|poke|p2|Starmie|item
|poke|p2|Thundurus-Therian, M|item
|poke|p2|Garchomp, M|item
|poke|p2|Ferrothorn, M|item
|poke|p2|Keldeo|item
|teampreview
|inactive|Battle timer is ON: inactive players will automatically lose when time's up. (requested by BWR Terra)
|inactive|BWR Ashes has 120 seconds left.
|inactive|BWR Ashes has 90 seconds left.
|inactive|BWR Ashes has 60 seconds left.
|inactive|BWR Ashes has 30 seconds left.
|inactive|BWR Ashes has 20 seconds left.
|
|t:|1719092787
|start
|switch|p1a: work up return|Mienshao, M|100/100
|switch|p2a: Ferrothorn|Ferrothorn, M|100/100
|turn|1
|
|t:|1719092795
|switch|p2a: Politoed|Politoed, F|100/100
|-weather|RainDance|[from] ability: Drizzle|[of] p2a: Politoed
|move|p1a: work up return|High Jump Kick|p2a: Politoed|[miss]
|-miss|p1a: work up return|p2a: Politoed
|-damage|p1a: work up return|51/100|[from] highjumpkick
|
|-weather|RainDance|[upkeep]
|upkeep
|turn|2
|inactive|BWR Ashes has 90 seconds left.
|
|t:|1719092805
|switch|p1a: plasma skip enc|Ferrothorn, F|100/100
|move|p2a: Politoed|Scald|p1a: plasma skip enc
|-resisted|p1a: plasma skip enc
|-damage|p1a: plasma skip enc|88/100
|
|-weather|RainDance|[upkeep]
|-heal|p1a: plasma skip enc|95/100|[from] item: Leftovers
|upkeep
|turn|3
|j| BillyFan
|
|t:|1719092809
|switch|p2a: Ferrothorn|Ferrothorn, M|100/100
|move|p1a: plasma skip enc|Spikes|p2a: Ferrothorn
|-sidestart|p2: BWR Terra|Spikes
|
|-weather|RainDance|[upkeep]
|-heal|p1a: plasma skip enc|100/100|[from] item: Leftovers
|upkeep
|turn|4
|
|t:|1719092823
|switch|p1a: work up return|Mienshao, M|84/100
|move|p2a: Ferrothorn|Stealth Rock|p1a: work up return
|-sidestart|p1: BWR Ashes|move: Stealth Rock
|
|-weather|RainDance|[upkeep]
|upkeep
|turn|5
|
|t:|1719092827
|move|p1a: work up return|High Jump Kick|p2a: Ferrothorn|[miss]
|-miss|p1a: work up return|p2a: Ferrothorn
|-damage|p1a: work up return|34/100|[from] highjumpkick
|move|p2a: Ferrothorn|Gyro Ball|p1a: work up return
|-damage|p1a: work up return|0 fnt
|faint|p1a: work up return
|
|-weather|RainDance|[upkeep]
|upkeep
|c|☆BWR Terra|im so sorry
|
|t:|1719092834
|switch|p1a: x attack x3 eq|Tyranitar, M|100/100
|-damage|p1a: x attack x3 eq|88/100|[from] Stealth Rock
|-weather|Sandstorm|[from] ability: Sand Stream|[of] p1a: x attack x3 eq
|turn|6
|
|t:|1719092841
|move|p1a: x attack x3 eq|Fire Blast|p2a: Ferrothorn
|-supereffective|p2a: Ferrothorn
|-crit|p2a: Ferrothorn
|-damage|p2a: Ferrothorn|0 fnt
|faint|p2a: Ferrothorn
|
|-weather|Sandstorm|[upkeep]
|upkeep
|
|t:|1719092845
|switch|p2a: Politoed|Politoed, F|100/100
|-damage|p2a: Politoed|88/100|[from] Spikes
|-weather|RainDance|[from] ability: Drizzle|[of] p2a: Politoed
|turn|7
|
|t:|1719092848
|switch|p1a: plasma skip enc|Ferrothorn, F|100/100
|-damage|p1a: plasma skip enc|94/100|[from] Stealth Rock
|move|p2a: Politoed|Scald|p1a: plasma skip enc
|-resisted|p1a: plasma skip enc
|-crit|p1a: plasma skip enc
|-damage|p1a: plasma skip enc|69/100
|
|-weather|RainDance|[upkeep]
|-heal|p1a: plasma skip enc|75/100|[from] item: Leftovers
|upkeep
|turn|8
|
|t:|1719092857
|switch|p2a: Thundurus|Thundurus-Therian, M|100/100
|move|p1a: plasma skip enc|Power Whip|p2a: Thundurus
|-resisted|p2a: Thundurus
|-crit|p2a: Thundurus
|-damage|p2a: Thundurus|44/100
|
|-weather|RainDance|[upkeep]
|-heal|p1a: plasma skip enc|81/100|[from] item: Leftovers
|upkeep
|turn|9
|
|t:|1719092868
|switch|p1a: Landorus|Landorus-Therian, M|100/100
|-damage|p1a: Landorus|88/100|[from] Stealth Rock
|-ability|p1a: Landorus|Intimidate|boost
|-unboost|p2a: Thundurus|atk|1
|move|p2a: Thundurus|Thunder|p1a: Landorus
|-immune|p1a: Landorus
|
|-weather|RainDance|[upkeep]
|-heal|p1a: Landorus|94/100|[from] item: Leftovers
|upkeep
|turn|10
|
|t:|1719092878
|switch|p1a: first ball drilbur|Excadrill, F|100/100
|-damage|p1a: first ball drilbur|97/100|[from] Stealth Rock
|-ability|p1a: first ball drilbur|Mold Breaker
|move|p2a: Thundurus|Hidden Power|p1a: first ball drilbur
|-damage|p1a: first ball drilbur|62/100
|
|-weather|RainDance|[upkeep]
|upkeep
|turn|11
|
|t:|1719092886
|move|p1a: first ball drilbur|Rapid Spin|p2a: Thundurus
|-damage|p2a: Thundurus|33/100
|-sideend|p1: BWR Ashes|Stealth Rock|[from] move: Rapid Spin|[of] p1a: first ball drilbur
|move|p2a: Thundurus|Hidden Power|p1a: first ball drilbur
|-damage|p1a: first ball drilbur|21/100
|
|-weather|RainDance|[upkeep]
|upkeep
|turn|12
|
|t:|1719092889
|switch|p1a: x attack x3 eq|Tyranitar, M|88/100
|-weather|Sandstorm|[from] ability: Sand Stream|[of] p1a: x attack x3 eq
|move|p2a: Thundurus|Hidden Power|p1a: x attack x3 eq
|-damage|p1a: x attack x3 eq|73/100
|
|-weather|Sandstorm|[upkeep]
|-damage|p2a: Thundurus|27/100|[from] Sandstorm
|upkeep
|turn|13
|
|t:|1719092899
|move|p2a: Thundurus|Grass Knot|p1a: x attack x3 eq
|-supereffective|p1a: x attack x3 eq
|-damage|p1a: x attack x3 eq|24/100
|move|p1a: x attack x3 eq|Pursuit|p2a: Thundurus
|-damage|p2a: Thundurus|0 fnt
|faint|p2a: Thundurus
|
|-weather|Sandstorm|[upkeep]
|upkeep
|
|t:|1719092903
|switch|p2a: Politoed|Politoed, F|88/100
|-damage|p2a: Politoed|75/100|[from] Spikes
|-weather|RainDance|[from] ability: Drizzle|[of] p2a: Politoed
|turn|14
|
|t:|1719092907
|switch|p1a: plasma skip enc|Ferrothorn, F|81/100
|move|p2a: Politoed|Scald|p1a: plasma skip enc
|-resisted|p1a: plasma skip enc
|-damage|p1a: plasma skip enc|69/100
|-status|p1a: plasma skip enc|brn
|
|-weather|RainDance|[upkeep]
|-heal|p1a: plasma skip enc|75/100 brn|[from] item: Leftovers
|-damage|p1a: plasma skip enc|62/100 brn|[from] brn
|upkeep
|turn|15
|
|t:|1719092921
|switch|p2a: Garchomp|Garchomp, M|100/100
|-damage|p2a: Garchomp|88/100|[from] Spikes
|move|p1a: plasma skip enc|Gyro Ball|p2a: Garchomp
|-damage|p2a: Garchomp|64/100
|-damage|p1a: plasma skip enc|50/100 brn|[from] ability: Rough Skin|[of] p2a: Garchomp
|
|-weather|RainDance|[upkeep]
|-heal|p1a: plasma skip enc|56/100 brn|[from] item: Leftovers
|-damage|p1a: plasma skip enc|44/100 brn|[from] brn
|upkeep
|turn|16
|
|t:|1719092926
|switch|p1a: Landorus|Landorus-Therian, M|94/100
|-ability|p1a: Landorus|Intimidate|boost
|-unboost|p2a: Garchomp|atk|1
|move|p2a: Garchomp|Earthquake|p1a: Landorus
|-immune|p1a: Landorus
|
|-weather|RainDance|[upkeep]
|-heal|p1a: Landorus|99/100|[from] item: Leftovers
|upkeep
|turn|17
|
|t:|1719092930
|switch|p2a: Politoed|Politoed, F|75/100
|-damage|p2a: Politoed|63/100|[from] Spikes
|move|p1a: Landorus|Earthquake|p2a: Politoed
|-damage|p2a: Politoed|20/100
|-enditem|p2a: Politoed|Eject Button
|
|t:|1719092933
|switch|p2a: Keldeo|Keldeo|100/100
|-damage|p2a: Keldeo|88/100|[from] Spikes
|
|-weather|RainDance|[upkeep]
|-heal|p1a: Landorus|100/100|[from] item: Leftovers
|upkeep
|turn|18
|
|t:|1719092935
|switch|p1a: Slowking|Slowking, M|100/100
|move|p2a: Keldeo|Hydro Pump|p1a: Slowking|[miss]
|-miss|p2a: Keldeo|p1a: Slowking
|
|-weather|RainDance|[upkeep]
|upkeep
|turn|19
|
|t:|1719092937
|move|p2a: Keldeo|Hydro Pump|p1a: Slowking
|-resisted|p1a: Slowking
|-damage|p1a: Slowking|51/100
|move|p1a: Slowking|Psyshock|p2a: Keldeo
|-supereffective|p2a: Keldeo
|-damage|p2a: Keldeo|29/100
|
|-weather|RainDance|[upkeep]
|-heal|p1a: Slowking|57/100|[from] item: Leftovers
|upkeep
|turn|20
|
|t:|1719092946
|move|p2a: Keldeo|Hydro Pump|p1a: Slowking
|-resisted|p1a: Slowking
|-damage|p1a: Slowking|8/100
|move|p1a: Slowking|Psyshock|p2a: Keldeo
|-supereffective|p2a: Keldeo
|-crit|p2a: Keldeo
|-damage|p2a: Keldeo|0 fnt
|faint|p2a: Keldeo
|
|-weather|RainDance|[upkeep]
|-heal|p1a: Slowking|14/100|[from] item: Leftovers
|upkeep
|
|t:|1719092952
|switch|p2a: Starmie|Starmie|100/100
|-item|p2a: Starmie|Air Balloon
|turn|21
|
|t:|1719092957
|switch|p1a: plasma skip enc|Ferrothorn, F|44/100 brn
|move|p2a: Starmie|Thunder|p1a: plasma skip enc
|-resisted|p1a: plasma skip enc
|-damage|p1a: plasma skip enc|29/100 brn
|
|-weather|RainDance|[upkeep]
|-heal|p1a: plasma skip enc|35/100 brn|[from] item: Leftovers
|-damage|p1a: plasma skip enc|22/100 brn|[from] brn
|upkeep
|turn|22
|
|t:|1719092961
|switch|p1a: x attack x3 eq|Tyranitar, M|24/100
|-weather|Sandstorm|[from] ability: Sand Stream|[of] p1a: x attack x3 eq
|move|p2a: Starmie|Ice Beam|p1a: x attack x3 eq
|-crit|p1a: x attack x3 eq
|-damage|p1a: x attack x3 eq|0 fnt
|faint|p1a: x attack x3 eq
|
|-weather|Sandstorm|[upkeep]
|-damage|p2a: Starmie|94/100|[from] Sandstorm
|upkeep
|
|t:|1719092974
|switch|p1a: plasma skip enc|Ferrothorn, F|22/100 brn
|turn|23
|
|t:|1719092981
|switch|p1a: Slowking|Slowking, M|48/100
|move|p2a: Starmie|Ice Beam|p1a: Slowking
|-resisted|p1a: Slowking
|-damage|p1a: Slowking|34/100
|-status|p1a: Slowking|frz
|
|-weather|Sandstorm|[upkeep]
|-damage|p2a: Starmie|88/100|[from] Sandstorm
|-damage|p1a: Slowking|28/100 frz|[from] Sandstorm
|-heal|p1a: Slowking|34/100 frz|[from] item: Leftovers
|upkeep
|turn|24
|
|t:|1719092986
|switch|p1a: plasma skip enc|Ferrothorn, F|22/100 brn
|move|p2a: Starmie|Thunder|p1a: plasma skip enc|[miss]
|-miss|p2a: Starmie|p1a: plasma skip enc
|
|-weather|Sandstorm|[upkeep]
|-damage|p2a: Starmie|82/100|[from] Sandstorm
|-heal|p1a: plasma skip enc|29/100 brn|[from] item: Leftovers
|-damage|p1a: plasma skip enc|16/100 brn|[from] brn
|upkeep
|turn|25
|
|t:|1719092990
|switch|p2a: Politoed|Politoed, F|20/100
|-damage|p2a: Politoed|8/100|[from] Spikes
|-weather|RainDance|[from] ability: Drizzle|[of] p2a: Politoed
|switch|p1a: Slowking|Slowking, M|67/100 frz
|
|-weather|RainDance|[upkeep]
|-heal|p1a: Slowking|73/100 frz|[from] item: Leftovers
|upkeep
|turn|26
|
|t:|1719092995
|move|p2a: Politoed|Thief|p1a: Slowking
|-supereffective|p1a: Slowking
|-damage|p1a: Slowking|63/100 frz
|-enditem|p1a: Slowking|Leftovers|[silent]|[from] move: Thief|[of] p2a: Politoed
|-item|p2a: Politoed|Leftovers|[from] move: Thief|[of] p1a: Slowking
|cant|p1a: Slowking|frz
|
|-weather|RainDance|[upkeep]
|-heal|p2a: Politoed|14/100|[from] item: Leftovers
|upkeep
|turn|27
|
|t:|1719092999
|switch|p2a: Starmie|Starmie|82/100
|-item|p2a: Starmie|Air Balloon
|cant|p1a: Slowking|frz
|
|-weather|RainDance|[upkeep]
|upkeep
|turn|28
|
|t:|1719093002
|switch|p1a: plasma skip enc|Ferrothorn, F|16/100 brn
|move|p2a: Starmie|Thunder|p1a: plasma skip enc
|-resisted|p1a: plasma skip enc
|-damage|p1a: plasma skip enc|2/100 brn
|
|-weather|RainDance|[upkeep]
|-heal|p1a: plasma skip enc|8/100 brn|[from] item: Leftovers
|-damage|p1a: plasma skip enc|0 fnt|[from] brn
|faint|p1a: plasma skip enc
|upkeep
|
|t:|1719093004
|switch|p1a: Slowking|Slowking, M|96/100 frz
|turn|29
|
|t:|1719093006
|move|p2a: Starmie|Thunder|p1a: Slowking
|-supereffective|p1a: Slowking
|-damage|p1a: Slowking|47/100 frz
|-curestatus|p1a: Slowking|frz|[from] move: Scald
|move|p1a: Slowking|Scald|p2a: Starmie
|-resisted|p2a: Starmie
|-damage|p2a: Starmie|54/100
|-enditem|p2a: Starmie|Air Balloon
|
|-weather|RainDance|[upkeep]
|upkeep
|turn|30
|
|t:|1719093013
|move|p2a: Starmie|Ice Beam|p1a: Slowking
|-resisted|p1a: Slowking
|-damage|p1a: Slowking|37/100
|move|p1a: Slowking|Scald|p2a: Starmie
|-resisted|p2a: Starmie
|-damage|p2a: Starmie|22/100
|
|-weather|RainDance|[upkeep]
|upkeep
|turn|31
|
|t:|1719093015
|move|p2a: Starmie|Thunder|p1a: Slowking
|-supereffective|p1a: Slowking
|-damage|p1a: Slowking|0 fnt
|faint|p1a: Slowking
|
|-weather|RainDance|[upkeep]
|upkeep
|
|t:|1719093017
|switch|p1a: first ball drilbur|Excadrill, F|21/100
|-ability|p1a: first ball drilbur|Mold Breaker
|turn|32
|
|t:|1719093019
|move|p1a: first ball drilbur|Earthquake|p2a: Starmie
|-damage|p2a: Starmie|0 fnt
|faint|p2a: Starmie
|
|-weather|RainDance|[upkeep]
|upkeep
|
|t:|1719093024
|switch|p2a: Garchomp|Garchomp, M|64/100
|-damage|p2a: Garchomp|52/100|[from] Spikes
|turn|33
|
|t:|1719093052
|move|p2a: Garchomp|Dual Chop|p1a: first ball drilbur
|-resisted|p1a: first ball drilbur
|-damage|p1a: first ball drilbur|5/100
|-resisted|p1a: first ball drilbur
|-damage|p1a: first ball drilbur|0 fnt
|faint|p1a: first ball drilbur
|-hitcount|p1: first ball drilbur|2
|
|-weather|RainDance|[upkeep]
|upkeep
|
|t:|1719093054
|switch|p1a: Landorus|Landorus-Therian, M|100/100
|-ability|p1a: Landorus|Intimidate|boost
|-unboost|p2a: Garchomp|atk|1
|turn|34
|
|t:|1719093060
|switch|p2a: Politoed|Politoed, F|14/100
|-damage|p2a: Politoed|1/100|[from] Spikes
|move|p1a: Landorus|Hidden Power|p2a: Politoed
|-resisted|p2a: Politoed
|-damage|p2a: Politoed|0 fnt
|faint|p2a: Politoed
|
|-weather|RainDance|[upkeep]
|upkeep
|
|t:|1719093061
|switch|p2a: Garchomp|Garchomp, M|52/100
|-damage|p2a: Garchomp|39/100|[from] Spikes
|turn|35
|
|t:|1719093064
|move|p2a: Garchomp|Outrage|p1a: Landorus
|-damage|p1a: Landorus|37/100
|move|p1a: Landorus|Earthquake|p2a: Garchomp
|-damage|p2a: Garchomp|0 fnt
|faint|p2a: Garchomp
|
|win|BWR Ashes
|raw|BWR Ashes's rating: 1267 &rarr; <strong>1299</strong><br />(+32 for winning)
|raw|BWR Terra's rating: 1364 &rarr; <strong>1339</strong><br />(-25 for losing)
|c|☆BWR Terra|gg
|c|☆BWR Ashes|Wp
|c|☆BWR Terra|the luck pendulum
|c|☆BWR Terra|swung so hard
|c|☆BWR Ashes|It gave me
|c|☆BWR Ashes|anxiety
|c|☆BWR Terra|i kinda forgot you had scald
|c|☆BWR Terra|threw the game, there
|c|☆BWR Terra|well ur still in a good spot for reqs now, wp
|l|☆BWR Terra
|player|p2|
|c|☆BWR Ashes|sfslkafjasl;kfjsa\
