|j|☆PStargazer
|j|☆primaveraportena
|player|p1|PStargazer|#yellow
|player|p2|primaveraportena|168
|teamsize|p1|6
|teamsize|p2|6
|gametype|singles
|gen|5
|tier|[Gen 5] OU
|rated|
|rule|Sleep Clause Mod: Limit one foe put to sleep
|rule|Species Clause: Limit one of each Pokémon
|rule|OHKO Clause: OHKO moves are banned
|rule|Moody Clause: Moody is banned
|rule|Evasion Moves Clause: Evasion moves are banned
|rule|Endless Battle Clause: Forcing endless battles is banned
|rule|HP Percentage Mod: HP is shown in percentages
|rule|Evasion Abilities Clause: Evasion abilities are banned
|rule|Baton Pass Clause: Limit one Baton Passer, can't pass Spe and other stats simultaneously
|rule|Swagger Clause: Swagger is banned
|clearpoke
|poke|p1|Starmie|item
|poke|p1|Tyranitar, M|item
|poke|p1|Ferrothorn, M|item
|poke|p1|Landorus-Therian, M|item
|poke|p1|Volcarona, F|item
|poke|p1|Garchomp, F|item
|poke|p2|Politoed, F|item
|poke|p2|Latias, F|item
|poke|p2|Ferrothorn, F|item
|poke|p2|Xatu, M|item
|poke|p2|Excadrill, F|item
|poke|p2|Azumarill, F|item
|teampreview
|
|start
|switch|p1a: Landorus|Landorus-Therian, M|100/100
|switch|p2a: Politoed|Politoed, F|100/100
|-weather|RainDance|[from] ability: Drizzle|[of] p2a: Politoed
|-ability|p1a: Landorus|Intimidate|boost
|-unboost|p2a: Politoed|atk|1
|turn|1
|
|switch|p1a: Ferrothorn|Ferrothorn, M|100/100
|move|p2a: Politoed|Ice Beam|p1a: Ferrothorn
|-damage|p1a: Ferrothorn|83/100
|
|-weather|RainDance|[upkeep]
|-heal|p1a: Ferrothorn|89/100|[from] item: Leftovers
|upkeep
|turn|2
|
|switch|p2a: Xatu|Xatu, M|100/100
|move|p1a: Ferrothorn|Power Whip|p2a: Xatu
|-resisted|p2a: Xatu
|-damage|p2a: Xatu|80/100
|-damage|p1a: Ferrothorn|72/100|[from] item: Rocky Helmet|[of] p2a: Xatu
|
|-weather|RainDance|[upkeep]
|-heal|p1a: Ferrothorn|79/100|[from] item: Leftovers
|upkeep
|turn|3
|
|switch|p1a: Starmie|Starmie|100/100
|move|p2a: Xatu|Toxic|p1a: Starmie|[miss]
|-miss|p2a: Xatu|p1a: Starmie
|
|-weather|RainDance|[upkeep]
|upkeep
|turn|4
|
|switch|p1a: Volcarona|Volcarona, F|100/100
|switch|p2a: Ferrothorn|Ferrothorn, F|100/100
|
|-weather|RainDance|[upkeep]
|upkeep
|turn|5
|
|switch|p2a: Azumarill|Azumarill, F|100/100
|move|p1a: Volcarona|Fire Blast|p2a: Azumarill
|-resisted|p2a: Azumarill
|-damage|p2a: Azumarill|85/100
|
|-weather|RainDance|[upkeep]
|upkeep
|turn|6
|
|move|p1a: Volcarona|Giga Drain|p2a: Azumarill
|-supereffective|p2a: Azumarill
|-damage|p2a: Azumarill|27/100
|move|p2a: Azumarill|Double-Edge|p1a: Volcarona
|-damage|p1a: Volcarona|0 fnt
|-damage|p2a: Azumarill|0 fnt|[from] Recoil
|faint|p1a: Volcarona
|faint|p2a: Azumarill
|
|-weather|RainDance|[upkeep]
|upkeep
|
|switch|p1a: Tyranitar|Tyranitar, M|100/100
|switch|p2a: Politoed|Politoed, F|100/100
|-weather|Sandstorm|[from] ability: Sand Stream|[of] p1a: Tyranitar
|turn|7
|
|switch|p2a: Excadrill|Excadrill, F|100/100
|-ability|p2a: Excadrill|Mold Breaker
|move|p1a: Tyranitar|Superpower|p2a: Excadrill
|-supereffective|p2a: Excadrill
|-crit|p2a: Excadrill
|-damage|p2a: Excadrill|0 fnt
|-unboost|p1a: Tyranitar|atk|1
|-unboost|p1a: Tyranitar|def|1
|faint|p2a: Excadrill
|
|-weather|Sandstorm|[upkeep]
|upkeep
|
|switch|p2a: Ferrothorn|Ferrothorn, F|100/100
|turn|8
|
|switch|p1a: Ferrothorn|Ferrothorn, M|79/100
|move|p2a: Ferrothorn|Stealth Rock|p1a: Ferrothorn
|-sidestart|p1: PStargazer|move: Stealth Rock
|
|-weather|Sandstorm|[upkeep]
|-heal|p1a: Ferrothorn|85/100|[from] item: Leftovers
|upkeep
|turn|9
|
|move|p1a: Ferrothorn|Spikes|p2a: Ferrothorn
|-sidestart|p2: primaveraportena|Spikes
|move|p2a: Ferrothorn|Spikes|p1a: Ferrothorn
|-sidestart|p1: PStargazer|Spikes
|
|-weather|Sandstorm|[upkeep]
|-heal|p1a: Ferrothorn|91/100|[from] item: Leftovers
|upkeep
|turn|10
|
|switch|p1a: Tyranitar|Tyranitar, M|100/100
|-damage|p1a: Tyranitar|88/100|[from] Spikes
|-damage|p1a: Tyranitar|76/100|[from] Stealth Rock
|move|p2a: Ferrothorn|Power Whip|p1a: Tyranitar
|-supereffective|p1a: Tyranitar
|-damage|p1a: Tyranitar|9/100
|
|-weather|Sandstorm|[upkeep]
|upkeep
|turn|11
|
|switch|p2a: Xatu|Xatu, M|80/100
|move|p1a: Tyranitar|Superpower|p2a: Xatu
|-resisted|p2a: Xatu
|-damage|p2a: Xatu|61/100
|-damage|p1a: Tyranitar|0 fnt|[from] item: Rocky Helmet|[of] p2a: Xatu
|faint|p1a: Tyranitar
|-formechange|p1a: Tyranitar|Tyranitar|
|
|-weather|Sandstorm|[upkeep]
|-damage|p2a: Xatu|55/100|[from] Sandstorm
|upkeep
|
|switch|p1a: Starmie|Starmie|100/100
|-damage|p1a: Starmie|88/100|[from] Spikes
|-damage|p1a: Starmie|76/100|[from] Stealth Rock
|turn|12
|
|move|p1a: Starmie|Rapid Spin|p2a: Xatu
|-damage|p2a: Xatu|53/100
|-damage|p1a: Starmie|59/100|[from] item: Rocky Helmet|[of] p2a: Xatu
|-sideend|p1: PStargazer|Spikes|[from] move: Rapid Spin|[of] p1a: Starmie
|-sideend|p1: PStargazer|Stealth Rock|[from] move: Rapid Spin|[of] p1a: Starmie
|move|p2a: Xatu|U-turn|p1a: Starmie
|-supereffective|p1a: Starmie
|-crit|p1a: Starmie
|-damage|p1a: Starmie|4/100
|
|switch|p2a: Ferrothorn|Ferrothorn, F|100/100
|-damage|p2a: Ferrothorn|88/100|[from] Spikes
|
|-weather|Sandstorm|[upkeep]
|-damage|p1a: Starmie|0 fnt|[from] Sandstorm
|faint|p1a: Starmie
|-heal|p2a: Ferrothorn|94/100|[from] item: Leftovers
|upkeep
|c|☆primaveraportena|sry
|
|switch|p1a: Landorus|Landorus-Therian, M|100/100
|-ability|p1a: Landorus|Intimidate|boost
|-unboost|p2a: Ferrothorn|atk|1
|turn|13
|
|switch|p2a: Xatu|Xatu, M|53/100
|move|p1a: Landorus|Earthquake|p2a: Xatu
|-immune|p2a: Xatu
|
|-weather|Sandstorm|[upkeep]
|-damage|p2a: Xatu|47/100|[from] Sandstorm
|upkeep
|turn|14
|
|move|p1a: Landorus|Hidden Power|p2a: Xatu
|-supereffective|p2a: Xatu
|-damage|p2a: Xatu|2/100
|move|p2a: Xatu|Toxic|p1a: Landorus
|-status|p1a: Landorus|tox
|
|-weather|Sandstorm|[upkeep]
|-damage|p2a: Xatu|0 fnt|[from] Sandstorm
|faint|p2a: Xatu
|-damage|p1a: Landorus|94/100 tox|[from] psn
|upkeep
|
|switch|p2a: Politoed|Politoed, F|100/100
|-damage|p2a: Politoed|88/100|[from] Spikes
|-weather|RainDance|[from] ability: Drizzle|[of] p2a: Politoed
|turn|15
|
|switch|p2a: Ferrothorn|Ferrothorn, F|94/100
|-damage|p2a: Ferrothorn|82/100|[from] Spikes
|switch|p1a: Ferrothorn|Ferrothorn, M|91/100
|
|-weather|RainDance|[upkeep]
|-heal|p1a: Ferrothorn|97/100|[from] item: Leftovers
|-heal|p2a: Ferrothorn|88/100|[from] item: Leftovers
|upkeep
|turn|16
|
|move|p1a: Ferrothorn|Thunder Wave|p2a: Ferrothorn
|-status|p2a: Ferrothorn|par
|cant|p2a: Ferrothorn|par
|
|-weather|RainDance|[upkeep]
|-heal|p1a: Ferrothorn|100/100|[from] item: Leftovers
|-heal|p2a: Ferrothorn|94/100 par|[from] item: Leftovers
|upkeep
|turn|17
|
|move|p1a: Ferrothorn|Power Whip|p2a: Ferrothorn
|-resisted|p2a: Ferrothorn
|-damage|p2a: Ferrothorn|88/100 par
|-damage|p1a: Ferrothorn|88/100|[from] ability: Iron Barbs|[of] p2a: Ferrothorn
|move|p2a: Ferrothorn|Spikes|p1a: Ferrothorn
|-sidestart|p1: PStargazer|Spikes
|
|-weather|RainDance|[upkeep]
|-heal|p1a: Ferrothorn|94/100|[from] item: Leftovers
|-heal|p2a: Ferrothorn|94/100 par|[from] item: Leftovers
|upkeep
|turn|18
|
|switch|p1a: Landorus|Landorus-Therian, M|94/100 tox
|-ability|p1a: Landorus|Intimidate|boost
|-unboost|p2a: Ferrothorn|atk|1
|move|p2a: Ferrothorn|Spikes|p1a: Landorus
|-sidestart|p1: PStargazer|Spikes
|
|-weather|RainDance|[upkeep]
|-heal|p1a: Landorus|100/100 tox|[from] item: Leftovers
|-heal|p2a: Ferrothorn|100/100 par|[from] item: Leftovers
|-damage|p1a: Landorus|94/100 tox|[from] psn
|upkeep
|turn|19
|j| Haiiku
|l| Haiiku
|
|switch|p2a: Latias|Latias, F|100/100
|move|p1a: Landorus|Earthquake|p2a: Latias
|-immune|p2a: Latias|[from] ability: Levitate
|
|-weather|RainDance|[upkeep]
|-heal|p1a: Landorus|100/100 tox|[from] item: Leftovers
|-damage|p1a: Landorus|88/100 tox|[from] psn
|upkeep
|turn|20
|
|move|p2a: Latias|Dragon Pulse|p1a: Landorus
|-crit|p1a: Landorus
|-damage|p1a: Landorus|12/100 tox
|move|p1a: Landorus|U-turn|p2a: Latias
|-supereffective|p2a: Latias
|-damage|p2a: Latias|49/100
|
|switch|p1a: Garchomp|Garchomp, F|100/100
|-damage|p1a: Garchomp|84/100|[from] Spikes
|
|-weather|RainDance|[upkeep]
|-heal|p2a: Latias|56/100|[from] item: Leftovers
|upkeep
|turn|21
|
|switch|p2a: Ferrothorn|Ferrothorn, F|100/100 par
|-damage|p2a: Ferrothorn|88/100 par|[from] Spikes
|move|p1a: Garchomp|Dragon Claw|p2a: Ferrothorn
|-resisted|p2a: Ferrothorn
|-damage|p2a: Ferrothorn|74/100 par
|-damage|p1a: Garchomp|72/100|[from] ability: Iron Barbs|[of] p2a: Ferrothorn
|
|-weather|RainDance|[upkeep]
|-heal|p2a: Ferrothorn|80/100 par|[from] item: Leftovers
|upkeep
|turn|22
|-message|PStargazer forfeited.
|
|win|primaveraportena
|l|☆PStargazer
|raw|PStargazer's rating: 1467 &rarr; <strong>1436</strong><br />(-31 for losing)
|raw|primaveraportena's rating: 1254 &rarr; <strong>1293</strong><br />(+39 for winning)
