|j|☆Fabianosizour
|j|☆mr sandaconda
|player|p1|Fabianosizour|red|1373
|player|p2|mr sandaconda|ghetsis-gen5bw|1322
|teamsize|p1|6
|teamsize|p2|6
|gametype|singles
|gen|5
|tier|[Gen 5] OU
|rated|
|clearpoke
|poke|p1|Hydreigon, M|item
|poke|p1|Landorus-Therian, M|item
|poke|p1|Scizor, M|item
|poke|p1|Starmie|item
|poke|p1|Ferrothorn, M|item
|poke|p1|Latios, M|item
|poke|p2|Politoed, F|item
|poke|p2|Ferrothorn, F|item
|poke|p2|Tentacruel, F|item
|poke|p2|Dragonite, F|item
|poke|p2|Tornadus, M|item
|poke|p2|Starmie|item
|rule|Species Clause: Limit one of each Pokémon
|rule|OHKO Clause: OHKO moves are banned
|rule|Moody Clause: Moody is banned
|rule|Evasion Moves Clause: Evasion moves are banned
|rule|Endless Battle Clause: Forcing endless battles is banned
|rule|HP Percentage Mod: HP is shown in percentages
|rule|Evasion Abilities Clause: Evasion abilities are banned
|rule|Baton Pass Clause: Limit one Baton Passer, can't pass Spe and other stats simultaneously
|rule|Sleep Clause: Sleep-inducing moves are banned
|rule|Swagger Clause: Swagger is banned
|teampreview
|inactive|Battle timer is ON: inactive players will automatically lose when time's up. (requested by mr sandaconda)
|
|start
|switch|p1a: Tree of Life|Ferrothorn, M|100/100
|switch|p2a: Today's Forecast|Politoed, F|100/100
|-weather|RainDance|[from] ability: Drizzle|[of] p2a: Today's Forecast
|turn|1
|
|switch|p2a: Rainy days me like|Ferrothorn, F|100/100
|move|p1a: Tree of Life|Spikes|p2a: Rainy days me like
|-sidestart|p2: mr sandaconda|Spikes
|
|-weather|RainDance|[upkeep]
|upkeep
|turn|2
|
|switch|p1a: Flat Earth|Landorus-Therian, M|100/100
|-ability|p1a: Flat Earth|Intimidate|boost
|-unboost|p2a: Rainy days me like|atk|1
|move|p2a: Rainy days me like|Stealth Rock|p1a: Flat Earth
|-sidestart|p1: Fabianosizour|move: Stealth Rock
|
|-weather|RainDance|[upkeep]
|upkeep
|turn|3
|
|move|p1a: Flat Earth|Stealth Rock|p2a: Rainy days me like
|-sidestart|p2: mr sandaconda|move: Stealth Rock
|move|p2a: Rainy days me like|Leech Seed|p1a: Flat Earth
|-start|p1a: Flat Earth|move: Leech Seed
|
|-weather|RainDance|[upkeep]
|-damage|p1a: Flat Earth|88/100|[from] Leech Seed|[of] p2a: Rainy days me like
|upkeep
|turn|4
|inactive|Fabianosizour has 120 seconds left.
|
|move|p1a: Flat Earth|U-turn|p2a: Rainy days me like
|-damage|p2a: Rainy days me like|83/100
|-damage|p1a: Flat Earth|76/100|[from] ability: Iron Barbs|[of] p2a: Rainy days me like
|inactive|Fabianosizour has 120 seconds left.
|
|switch|p1a: Face of Abyss|Hydreigon, M|100/100|[from]move: U-turn
|-damage|p1a: Face of Abyss|88/100|[from] Stealth Rock
|move|p2a: Rainy days me like|Spikes|p1a: Face of Abyss
|-sidestart|p1: Fabianosizour|Spikes
|
|-weather|RainDance|[upkeep]
|-heal|p1a: Face of Abyss|94/100|[from] item: Leftovers
|-heal|p2a: Rainy days me like|89/100|[from] item: Leftovers
|upkeep
|turn|5
|
|switch|p2a: Kyogre's bff|Tentacruel, F|100/100
|-damage|p2a: Kyogre's bff|88/100|[from] Spikes
|-damage|p2a: Kyogre's bff|76/100|[from] Stealth Rock
|move|p1a: Face of Abyss|Flamethrower|p2a: Kyogre's bff
|-resisted|p2a: Kyogre's bff
|-damage|p2a: Kyogre's bff|70/100
|
|-weather|RainDance|[upkeep]
|-heal|p2a: Kyogre's bff|76/100|[from] ability: Rain Dish
|-heal|p1a: Face of Abyss|100/100|[from] item: Leftovers
|-heal|p2a: Kyogre's bff|82/100|[from] item: Black Sludge
|upkeep
|turn|6
|
|move|p1a: Face of Abyss|U-turn|p2a: Kyogre's bff
|-resisted|p2a: Kyogre's bff
|-crit|p2a: Kyogre's bff
|-damage|p2a: Kyogre's bff|68/100
|
|switch|p1a: Water of Flood|Starmie|100/100|[from]move: U-turn
|-damage|p1a: Water of Flood|88/100|[from] Spikes
|-damage|p1a: Water of Flood|76/100|[from] Stealth Rock
|move|p2a: Kyogre's bff|Rapid Spin|p1a: Water of Flood
|-damage|p1a: Water of Flood|73/100
|-sideend|p2: mr sandaconda|Spikes|[from] move: Rapid Spin|[of] p2a: Kyogre's bff
|-sideend|p2: mr sandaconda|Stealth Rock|[from] move: Rapid Spin|[of] p2a: Kyogre's bff
|
|-weather|RainDance|[upkeep]
|-heal|p2a: Kyogre's bff|74/100|[from] ability: Rain Dish
|-heal|p1a: Water of Flood|79/100|[from] item: Leftovers
|-heal|p2a: Kyogre's bff|80/100|[from] item: Black Sludge
|upkeep
|turn|7
|
|move|p1a: Water of Flood|Rapid Spin|p2a: Kyogre's bff
|-damage|p2a: Kyogre's bff|78/100
|-sideend|p1: Fabianosizour|Spikes|[from] move: Rapid Spin|[of] p1a: Water of Flood
|-sideend|p1: Fabianosizour|Stealth Rock|[from] move: Rapid Spin|[of] p1a: Water of Flood
|move|p2a: Kyogre's bff|Toxic|p1a: Water of Flood
|-status|p1a: Water of Flood|tox
|
|-weather|RainDance|[upkeep]
|-heal|p2a: Kyogre's bff|84/100|[from] ability: Rain Dish
|-heal|p1a: Water of Flood|85/100 tox|[from] item: Leftovers
|-heal|p2a: Kyogre's bff|90/100|[from] item: Black Sludge
|-damage|p1a: Water of Flood|79/100 tox|[from] psn
|upkeep
|turn|8
|
|switch|p1a: Face of Abyss|Hydreigon, M|100/100
|move|p2a: Kyogre's bff|Substitute|p2a: Kyogre's bff
|-start|p2a: Kyogre's bff|Substitute
|-damage|p2a: Kyogre's bff|65/100
|
|-weather|RainDance|[upkeep]
|-heal|p2a: Kyogre's bff|71/100|[from] ability: Rain Dish
|-heal|p2a: Kyogre's bff|77/100|[from] item: Black Sludge
|upkeep
|turn|9
|
|move|p1a: Face of Abyss|U-turn|p2a: Kyogre's bff
|-resisted|p2a: Kyogre's bff
|-activate|p2a: Kyogre's bff|Substitute|[damage]
|
|switch|p1a: Tree of Life|Ferrothorn, M|100/100|[from]move: U-turn
|move|p2a: Kyogre's bff|Toxic|p1a: Tree of Life
|-immune|p1a: Tree of Life
|
|-weather|RainDance|[upkeep]
|-heal|p2a: Kyogre's bff|83/100|[from] ability: Rain Dish
|-heal|p2a: Kyogre's bff|89/100|[from] item: Black Sludge
|upkeep
|turn|10
|
|move|p2a: Kyogre's bff|Scald|p1a: Tree of Life
|-resisted|p1a: Tree of Life
|-damage|p1a: Tree of Life|89/100
|move|p1a: Tree of Life|Spikes|p2a: Kyogre's bff
|-sidestart|p2: mr sandaconda|Spikes
|
|-weather|RainDance|[upkeep]
|-heal|p2a: Kyogre's bff|96/100|[from] ability: Rain Dish
|-heal|p2a: Kyogre's bff|100/100|[from] item: Black Sludge
|-heal|p1a: Tree of Life|95/100|[from] item: Leftovers
|upkeep
|turn|11
|
|move|p2a: Kyogre's bff|Scald|p1a: Tree of Life
|-resisted|p1a: Tree of Life
|-damage|p1a: Tree of Life|84/100
|move|p1a: Tree of Life|Seed Bomb|p2a: Kyogre's bff
|-end|p2a: Kyogre's bff|Substitute
|
|-weather|RainDance|[upkeep]
|-heal|p1a: Tree of Life|90/100|[from] item: Leftovers
|upkeep
|turn|12
|
|switch|p1a: Water of Flood|Starmie|79/100
|move|p2a: Kyogre's bff|Rapid Spin|p1a: Water of Flood
|-damage|p1a: Water of Flood|76/100
|-sideend|p2: mr sandaconda|Spikes|[from] move: Rapid Spin|[of] p2a: Kyogre's bff
|
|-weather|RainDance|[upkeep]
|-heal|p1a: Water of Flood|82/100|[from] item: Leftovers
|upkeep
|turn|13
|
|move|p1a: Water of Flood|Psychic|p2a: Kyogre's bff
|-supereffective|p2a: Kyogre's bff
|-damage|p2a: Kyogre's bff|51/100
|move|p2a: Kyogre's bff|Toxic|p1a: Water of Flood
|-status|p1a: Water of Flood|tox
|
|-weather|RainDance|[upkeep]
|-heal|p2a: Kyogre's bff|57/100|[from] ability: Rain Dish
|-heal|p1a: Water of Flood|88/100 tox|[from] item: Leftovers
|-heal|p2a: Kyogre's bff|63/100|[from] item: Black Sludge
|-damage|p1a: Water of Flood|82/100 tox|[from] psn
|upkeep
|turn|14
|
|-curestatus|p1a: Water of Flood|tox|[from] ability: Natural Cure
|switch|p1a: Face of Abyss|Hydreigon, M|100/100
|switch|p2a: Rainy days me like|Ferrothorn, F|89/100
|
|-weather|RainDance|[upkeep]
|-heal|p2a: Rainy days me like|96/100|[from] item: Leftovers
|upkeep
|turn|15
|
|move|p1a: Face of Abyss|Flamethrower|p2a: Rainy days me like
|-supereffective|p2a: Rainy days me like
|-damage|p2a: Rainy days me like|58/100
|move|p2a: Rainy days me like|Spikes|p1a: Face of Abyss
|-sidestart|p1: Fabianosizour|Spikes
|
|-weather|RainDance|[upkeep]
|-heal|p2a: Rainy days me like|64/100|[from] item: Leftovers
|upkeep
|turn|16
|
|switch|p2a: Today's Forecast|Politoed, F|100/100
|move|p1a: Face of Abyss|U-turn|p2a: Today's Forecast
|-damage|p2a: Today's Forecast|89/100
|
|switch|p1a: Tree of Life|Ferrothorn, M|90/100|[from]move: U-turn
|-damage|p1a: Tree of Life|78/100|[from] Spikes
|
|-weather|RainDance|[upkeep]
|-heal|p2a: Today's Forecast|96/100|[from] item: Leftovers
|-heal|p1a: Tree of Life|84/100|[from] item: Leftovers
|upkeep
|turn|17
|
|switch|p2a: DPP'S Dragon|Dragonite, F|100/100
|move|p1a: Tree of Life|Spikes|p2a: DPP'S Dragon
|-sidestart|p2: mr sandaconda|Spikes
|
|-weather|RainDance|[upkeep]
|-heal|p1a: Tree of Life|90/100|[from] item: Leftovers
|upkeep
|turn|18
|
|switch|p1a: Flat Earth|Landorus-Therian, M|76/100
|-ability|p1a: Flat Earth|Intimidate|boost
|-unboost|p2a: DPP'S Dragon|atk|1
|move|p2a: DPP'S Dragon|Substitute|p2a: DPP'S Dragon
|-start|p2a: DPP'S Dragon|Substitute
|-damage|p2a: DPP'S Dragon|75/100
|
|-weather|RainDance|[upkeep]
|-heal|p2a: DPP'S Dragon|82/100|[from] item: Leftovers
|upkeep
|turn|19
|
|move|p2a: DPP'S Dragon|Dragon Dance|p2a: DPP'S Dragon
|-boost|p2a: DPP'S Dragon|atk|1
|-boost|p2a: DPP'S Dragon|spe|1
|move|p1a: Flat Earth|Hidden Power|p2a: DPP'S Dragon
|-supereffective|p2a: DPP'S Dragon
|-end|p2a: DPP'S Dragon|Substitute
|
|-weather|RainDance|[upkeep]
|-heal|p2a: DPP'S Dragon|88/100|[from] item: Leftovers
|upkeep
|turn|20
|
|move|p2a: DPP'S Dragon|Substitute|p2a: DPP'S Dragon
|-start|p2a: DPP'S Dragon|Substitute
|-damage|p2a: DPP'S Dragon|63/100
|move|p1a: Flat Earth|Hidden Power|p2a: DPP'S Dragon
|-supereffective|p2a: DPP'S Dragon
|-end|p2a: DPP'S Dragon|Substitute
|
|-weather|RainDance|[upkeep]
|-heal|p2a: DPP'S Dragon|69/100|[from] item: Leftovers
|upkeep
|turn|21
|
|move|p2a: DPP'S Dragon|Substitute|p2a: DPP'S Dragon
|-start|p2a: DPP'S Dragon|Substitute
|-damage|p2a: DPP'S Dragon|44/100
|move|p1a: Flat Earth|Hidden Power|p2a: DPP'S Dragon
|-supereffective|p2a: DPP'S Dragon
|-end|p2a: DPP'S Dragon|Substitute
|
|-weather|RainDance|[upkeep]
|-heal|p2a: DPP'S Dragon|50/100|[from] item: Leftovers
|upkeep
|turn|22
|
|move|p2a: DPP'S Dragon|Dragon Dance|p2a: DPP'S Dragon
|-boost|p2a: DPP'S Dragon|atk|1
|-boost|p2a: DPP'S Dragon|spe|1
|move|p1a: Flat Earth|Hidden Power|p2a: DPP'S Dragon
|-supereffective|p2a: DPP'S Dragon
|-damage|p2a: DPP'S Dragon|0 fnt
|faint|p2a: DPP'S Dragon
|
|-weather|RainDance|[upkeep]
|upkeep
|c|☆mr sandaconda|Misclixk
|
|switch|p2a: Ringtail|Tornadus, M|100/100
|turn|23
|c|☆Fabianosizour|this is pokemon or Subsmon?
|
|switch|p1a: Tree of Life|Ferrothorn, M|90/100
|-damage|p1a: Tree of Life|78/100|[from] Spikes
|move|p2a: Ringtail|Hurricane|p1a: Tree of Life
|-damage|p1a: Tree of Life|23/100
|
|-weather|RainDance|[upkeep]
|-heal|p1a: Tree of Life|29/100|[from] item: Leftovers
|upkeep
|turn|24
|
|switch|p1a: Firmament|Latios, M|100/100
|move|p2a: Ringtail|Hurricane|p1a: Firmament
|-damage|p1a: Firmament|2/100
|
|-weather|RainDance|[upkeep]
|upkeep
|turn|25
|c|☆mr sandaconda|What
|
|move|p1a: Firmament|Draco Meteor|p2a: Ringtail
|-damage|p2a: Ringtail|2/100
|-unboost|p1a: Firmament|spa|2
|move|p2a: Ringtail|Hurricane|p1a: Firmament
|-damage|p1a: Firmament|0 fnt
|faint|p1a: Firmament
|
|-weather|RainDance|[upkeep]
|upkeep
|
|switch|p1a: Tree of Silicon|Scizor, M|100/100
|-damage|p1a: Tree of Silicon|88/100|[from] Spikes
|turn|26
|
|switch|p2a: Kyogre's bff|Tentacruel, F|63/100
|-damage|p2a: Kyogre's bff|51/100|[from] Spikes
|move|p1a: Tree of Silicon|Bullet Punch|p2a: Kyogre's bff
|-resisted|p2a: Kyogre's bff
|-damage|p2a: Kyogre's bff|39/100
|
|-weather|RainDance|[upkeep]
|-heal|p2a: Kyogre's bff|45/100|[from] ability: Rain Dish
|-heal|p1a: Tree of Silicon|94/100|[from] item: Leftovers
|-heal|p2a: Kyogre's bff|51/100|[from] item: Black Sludge
|upkeep
|turn|27
|
|move|p1a: Tree of Silicon|U-turn|p2a: Kyogre's bff
|-resisted|p2a: Kyogre's bff
|-damage|p2a: Kyogre's bff|38/100
|
|switch|p1a: Water of Flood|Starmie|82/100|[from]move: U-turn
|-damage|p1a: Water of Flood|70/100|[from] Spikes
|move|p2a: Kyogre's bff|Scald|p1a: Water of Flood
|-resisted|p1a: Water of Flood
|-damage|p1a: Water of Flood|50/100
|-status|p1a: Water of Flood|brn
|
|-weather|RainDance|[upkeep]
|-heal|p2a: Kyogre's bff|44/100|[from] ability: Rain Dish
|-heal|p1a: Water of Flood|56/100 brn|[from] item: Leftovers
|-heal|p2a: Kyogre's bff|50/100|[from] item: Black Sludge
|-damage|p1a: Water of Flood|44/100 brn|[from] brn
|upkeep
|turn|28
|
|move|p1a: Water of Flood|Psychic|p2a: Kyogre's bff
|-supereffective|p2a: Kyogre's bff
|-damage|p2a: Kyogre's bff|0 fnt
|faint|p2a: Kyogre's bff
|
|-weather|RainDance|[upkeep]
|-heal|p1a: Water of Flood|50/100 brn|[from] item: Leftovers
|-damage|p1a: Water of Flood|38/100 brn|[from] brn
|upkeep
|
|switch|p2a: Starmie|Starmie|100/100
|-damage|p2a: Starmie|88/100|[from] Spikes
|turn|29
|
|-curestatus|p1a: Water of Flood|brn|[from] ability: Natural Cure
|switch|p1a: Tree of Life|Ferrothorn, M|29/100
|-damage|p1a: Tree of Life|16/100|[from] Spikes
|move|p2a: Starmie|Thunder|p1a: Tree of Life
|-resisted|p1a: Tree of Life
|-damage|p1a: Tree of Life|2/100
|-status|p1a: Tree of Life|par
|-damage|p2a: Starmie|78/100|[from] item: Life Orb
|
|-weather|RainDance|[upkeep]
|-heal|p1a: Tree of Life|8/100 par|[from] item: Leftovers
|upkeep
|turn|30
|
|move|p2a: Starmie|Thunder|p1a: Tree of Life
|-resisted|p1a: Tree of Life
|-damage|p1a: Tree of Life|0 fnt
|-damage|p2a: Starmie|68/100|[from] item: Life Orb
|faint|p1a: Tree of Life
|
|-weather|RainDance|[upkeep]
|upkeep
|
|switch|p1a: Face of Abyss|Hydreigon, M|100/100
|turn|31
|
|switch|p2a: Rainy days me like|Ferrothorn, F|64/100
|-damage|p2a: Rainy days me like|52/100|[from] Spikes
|move|p1a: Face of Abyss|Dark Pulse|p2a: Rainy days me like
|-resisted|p2a: Rainy days me like
|-damage|p2a: Rainy days me like|39/100
|
|-weather|RainDance|[upkeep]
|-heal|p2a: Rainy days me like|45/100|[from] item: Leftovers
|upkeep
|turn|32
|
|move|p1a: Face of Abyss|Flamethrower|p2a: Rainy days me like
|-supereffective|p2a: Rainy days me like
|-damage|p2a: Rainy days me like|6/100
|move|p2a: Rainy days me like|Leech Seed|p1a: Face of Abyss
|-start|p1a: Face of Abyss|move: Leech Seed
|
|-weather|RainDance|[upkeep]
|-heal|p2a: Rainy days me like|12/100|[from] item: Leftovers
|-damage|p1a: Face of Abyss|88/100|[from] Leech Seed|[of] p2a: Rainy days me like
|-heal|p2a: Rainy days me like|24/100|[silent]
|upkeep
|turn|33
|
|switch|p2a: Today's Forecast|Politoed, F|96/100
|-damage|p2a: Today's Forecast|83/100|[from] Spikes
|move|p1a: Face of Abyss|U-turn|p2a: Today's Forecast
|-damage|p2a: Today's Forecast|71/100
|
|switch|p1a: Water of Flood|Starmie|38/100|[from]move: U-turn
|-damage|p1a: Water of Flood|25/100|[from] Spikes
|
|-weather|RainDance|[upkeep]
|-heal|p1a: Water of Flood|31/100|[from] item: Leftovers
|-heal|p2a: Today's Forecast|77/100|[from] item: Leftovers
|upkeep
|turn|34
|
|move|p2a: Today's Forecast|Protect|p2a: Today's Forecast
|-singleturn|p2a: Today's Forecast|Protect
|move|p1a: Water of Flood|Recover|p1a: Water of Flood
|-heal|p1a: Water of Flood|82/100
|
|-weather|RainDance|[upkeep]
|-heal|p1a: Water of Flood|88/100|[from] item: Leftovers
|-heal|p2a: Today's Forecast|84/100|[from] item: Leftovers
|upkeep
|turn|35
|
|switch|p2a: Starmie|Starmie|68/100
|-damage|p2a: Starmie|56/100|[from] Spikes
|move|p1a: Water of Flood|Psychic|p2a: Starmie
|-resisted|p2a: Starmie
|-damage|p2a: Starmie|33/100
|
|-weather|RainDance|[upkeep]
|-heal|p1a: Water of Flood|94/100|[from] item: Leftovers
|upkeep
|turn|36
|
|switch|p1a: Face of Abyss|Hydreigon, M|88/100
|move|p2a: Starmie|Thunder|p1a: Face of Abyss
|-resisted|p1a: Face of Abyss
|-damage|p1a: Face of Abyss|65/100
|-damage|p2a: Starmie|23/100|[from] item: Life Orb
|
|-weather|RainDance|[upkeep]
|-heal|p1a: Face of Abyss|71/100|[from] item: Leftovers
|upkeep
|turn|37
|
|move|p2a: Starmie|Ice Beam|p1a: Face of Abyss
|-supereffective|p1a: Face of Abyss
|-damage|p1a: Face of Abyss|2/100
|-damage|p2a: Starmie|13/100|[from] item: Life Orb
|move|p1a: Face of Abyss|Dark Pulse|p2a: Starmie
|-supereffective|p2a: Starmie
|-crit|p2a: Starmie
|-damage|p2a: Starmie|0 fnt
|faint|p2a: Starmie
|
|-weather|RainDance|[upkeep]
|-heal|p1a: Face of Abyss|8/100|[from] item: Leftovers
|upkeep
|
|switch|p2a: Ringtail|Tornadus, M|2/100
|turn|38
|
|switch|p1a: Flat Earth|Landorus-Therian, M|76/100
|-ability|p1a: Flat Earth|Intimidate|boost
|-unboost|p2a: Ringtail|atk|1
|move|p2a: Ringtail|Hurricane|p1a: Flat Earth
|-damage|p1a: Flat Earth|0 fnt
|faint|p1a: Flat Earth
|
|-weather|RainDance|[upkeep]
|upkeep
|
|switch|p1a: Tree of Silicon|Scizor, M|94/100
|-damage|p1a: Tree of Silicon|82/100|[from] Spikes
|turn|39
|
|switch|p2a: Rainy days me like|Ferrothorn, F|24/100
|-damage|p2a: Rainy days me like|12/100|[from] Spikes
|move|p1a: Tree of Silicon|Bullet Punch|p2a: Rainy days me like
|-resisted|p2a: Rainy days me like
|-damage|p2a: Rainy days me like|2/100
|-damage|p1a: Tree of Silicon|70/100|[from] ability: Iron Barbs|[of] p2a: Rainy days me like
|
|-weather|RainDance|[upkeep]
|-heal|p1a: Tree of Silicon|76/100|[from] item: Leftovers
|-heal|p2a: Rainy days me like|8/100|[from] item: Leftovers
|upkeep
|turn|40
|
|move|p1a: Tree of Silicon|Bullet Punch|p2a: Rainy days me like
|-resisted|p2a: Rainy days me like
|-damage|p2a: Rainy days me like|0 fnt
|-damage|p1a: Tree of Silicon|64/100|[from] ability: Iron Barbs|[of] p2a: Rainy days me like
|faint|p2a: Rainy days me like
|
|-weather|RainDance|[upkeep]
|-heal|p1a: Tree of Silicon|70/100|[from] item: Leftovers
|upkeep
|
|switch|p2a: Today's Forecast|Politoed, F|84/100
|-damage|p2a: Today's Forecast|71/100|[from] Spikes
|turn|41
|
|switch|p1a: Water of Flood|Starmie|94/100
|-damage|p1a: Water of Flood|82/100|[from] Spikes
|move|p2a: Today's Forecast|Scald|p1a: Water of Flood
|-resisted|p1a: Water of Flood
|-damage|p1a: Water of Flood|59/100
|
|-weather|RainDance|[upkeep]
|-heal|p1a: Water of Flood|65/100|[from] item: Leftovers
|-heal|p2a: Today's Forecast|77/100|[from] item: Leftovers
|upkeep
|turn|42
|
|move|p2a: Today's Forecast|Protect|p2a: Today's Forecast
|-singleturn|p2a: Today's Forecast|Protect
|move|p1a: Water of Flood|Psychic|p2a: Today's Forecast
|-activate|p2a: Today's Forecast|move: Protect
|
|-weather|RainDance|[upkeep]
|-heal|p1a: Water of Flood|71/100|[from] item: Leftovers
|-heal|p2a: Today's Forecast|84/100|[from] item: Leftovers
|upkeep
|turn|43
|
|move|p1a: Water of Flood|Psychic|p2a: Today's Forecast
|-damage|p2a: Today's Forecast|56/100
|move|p2a: Today's Forecast|Toxic|p1a: Water of Flood
|-status|p1a: Water of Flood|tox
|
|-weather|RainDance|[upkeep]
|-heal|p1a: Water of Flood|78/100 tox|[from] item: Leftovers
|-heal|p2a: Today's Forecast|62/100|[from] item: Leftovers
|-damage|p1a: Water of Flood|71/100 tox|[from] psn
|upkeep
|turn|44
|
|move|p1a: Water of Flood|Psychic|p2a: Today's Forecast
|-damage|p2a: Today's Forecast|33/100
|move|p2a: Today's Forecast|Scald|p1a: Water of Flood
|-resisted|p1a: Water of Flood
|-damage|p1a: Water of Flood|47/100 tox
|
|-weather|RainDance|[upkeep]
|-heal|p1a: Water of Flood|53/100 tox|[from] item: Leftovers
|-heal|p2a: Today's Forecast|39/100|[from] item: Leftovers
|-damage|p1a: Water of Flood|41/100 tox|[from] psn
|upkeep
|turn|45
|
|-curestatus|p1a: Water of Flood|tox|[from] ability: Natural Cure
|switch|p1a: Face of Abyss|Hydreigon, M|8/100
|move|p2a: Today's Forecast|Protect||[still]
|-fail|p2a: Today's Forecast
|
|-weather|RainDance|[upkeep]
|-heal|p1a: Face of Abyss|14/100|[from] item: Leftovers
|-heal|p2a: Today's Forecast|45/100|[from] item: Leftovers
|upkeep
|turn|46
|
|move|p2a: Today's Forecast|Protect|p2a: Today's Forecast
|-singleturn|p2a: Today's Forecast|Protect
|move|p1a: Face of Abyss|Dark Pulse|p2a: Today's Forecast
|-activate|p2a: Today's Forecast|move: Protect
|
|-weather|RainDance|[upkeep]
|-heal|p1a: Face of Abyss|20/100|[from] item: Leftovers
|-heal|p2a: Today's Forecast|52/100|[from] item: Leftovers
|upkeep
|turn|47
|
|move|p1a: Face of Abyss|Dark Pulse|p2a: Today's Forecast
|-damage|p2a: Today's Forecast|20/100
|cant|p2a: Today's Forecast|flinch
|
|-weather|RainDance|[upkeep]
|-heal|p1a: Face of Abyss|27/100|[from] item: Leftovers
|-heal|p2a: Today's Forecast|27/100|[from] item: Leftovers
|upkeep
|turn|48
|
|move|p2a: Today's Forecast|Protect|p2a: Today's Forecast
|-singleturn|p2a: Today's Forecast|Protect
|move|p1a: Face of Abyss|Dark Pulse|p2a: Today's Forecast
|-activate|p2a: Today's Forecast|move: Protect
|
|-weather|RainDance|[upkeep]
|-heal|p1a: Face of Abyss|33/100|[from] item: Leftovers
|-heal|p2a: Today's Forecast|33/100|[from] item: Leftovers
|upkeep
|turn|49
|
|move|p1a: Face of Abyss|Dark Pulse|p2a: Today's Forecast
|-damage|p2a: Today's Forecast|0 fnt
|faint|p2a: Today's Forecast
|
|-weather|RainDance|[upkeep]
|-heal|p1a: Face of Abyss|39/100|[from] item: Leftovers
|upkeep
|
|switch|p2a: Ringtail|Tornadus, M|2/100
|turn|50
|
|move|p2a: Ringtail|Hurricane|p1a: Face of Abyss
|-damage|p1a: Face of Abyss|0 fnt
|faint|p1a: Face of Abyss
|
|-weather|RainDance|[upkeep]
|upkeep
|
|switch|p1a: Tree of Silicon|Scizor, M|70/100
|-damage|p1a: Tree of Silicon|58/100|[from] Spikes
|turn|51
|
|move|p1a: Tree of Silicon|Bullet Punch|p2a: Ringtail
|-damage|p2a: Ringtail|0 fnt
|faint|p2a: Ringtail
|
|win|Fabianosizour
|l|☆mr sandaconda
|raw|Fabianosizour's rating: 1373 &rarr; <strong>1390</strong><br />(+17 for winning)
|raw|mr sandaconda's rating: 1322 &rarr; <strong>1305</strong><br />(-17 for losing)
