|j|☆HydreigonSpammer
|j|☆Blaise BWOU
|t:|1735215421
|gametype|singles
|player|p1|HydreigonSpammer|acetrainer|1292
|player|p2|Blaise BWOU|n|1345
|teamsize|p1|6
|teamsize|p2|6
|gen|5
|tier|[Gen 5] OU
|rated|
|rule|Species Clause: Limit one of each Pokémon
|rule|OHKO Clause: OHKO moves are banned
|rule|Moody Clause: Moody is banned
|rule|Evasion Items Clause: Evasion items are banned
|rule|Evasion Moves Clause: Evasion moves are banned
|rule|Endless Battle Clause: Forcing endless battles is banned
|rule|HP Percentage Mod: HP is shown in percentages
|rule|Evasion Abilities Clause: Evasion abilities are banned
|rule|Sleep Moves Clause: Sleep-inducing moves are banned
|rule|Swagger Clause: Swagger is banned
|rule|Baton Pass Stat Clause: No Baton Passer may have a way to boost its stats
|clearpoke
|poke|p1|Hydreigon, F|item
|poke|p1|Gliscor, F|item
|poke|p1|Rotom-Wash|item
|poke|p1|Jirachi|item
|poke|p1|Mamoswine, F|item
|poke|p1|Latios, M|item
|poke|p2|Aerodactyl, M|item
|poke|p2|Dragonite, M|item
|poke|p2|Scizor, M|item
|poke|p2|Infernape, M|item
|poke|p2|Breloom, M|item
|poke|p2|Lucario, M|item
|teampreview
|c|☆Blaise BWOU|hehe hi
|c|☆HydreigonSpammer|always laddering? <3
|
|t:|1735215432
|start
|switch|p1a: Mamoswine|Mamoswine, F|100/100
|switch|p2a: Sonic|Aerodactyl, M|100/100
|turn|1
|c|☆Blaise BWOU|yep
|
|t:|1735215442
|move|p1a: Mamoswine|Ice Shard|p2a: Sonic
|-supereffective|p2a: Sonic
|-damage|p2a: Sonic|25/100
|move|p2a: Sonic|Taunt|p1a: Mamoswine
|-start|p1a: Mamoswine|move: Taunt
|
|upkeep
|turn|2
|
|t:|1735215446
|switch|p2a: Z|Scizor, M|100/100
|move|p1a: Mamoswine|Ice Shard|p2a: Z
|-resisted|p2a: Z
|-damage|p2a: Z|87/100
|
|upkeep
|turn|3
|
|t:|1735215457
|switch|p1a: Gliscor|Gliscor, F|100/100
|move|p2a: Z|U-turn|p1a: Gliscor
|-resisted|p1a: Gliscor
|-damage|p1a: Gliscor|84/100
|
|t:|1735215459
|switch|p2a: Sonic|Aerodactyl, M|25/100|[from] U-turn
|
|-status|p1a: Gliscor|tox|[from] item: Toxic Orb
|upkeep
|turn|4
|
|t:|1735215464
|switch|p1a: Mamoswine|Mamoswine, F|100/100
|move|p2a: Sonic|Stealth Rock|p1a: Mamoswine
|-sidestart|p1: HydreigonSpammer|move: Stealth Rock
|
|upkeep
|turn|5
|
|t:|1735215469
|move|p1a: Mamoswine|Ice Shard|p2a: Sonic
|-supereffective|p2a: Sonic
|-damage|p2a: Sonic|0 fnt
|faint|p2a: Sonic
|
|upkeep
|
|t:|1735215474
|switch|p2a: Z|Scizor, M|87/100
|turn|6
|
|t:|1735215477
|move|p2a: Z|U-turn|p1a: Mamoswine
|-damage|p1a: Mamoswine|55/100
|
|t:|1735215480
|switch|p2a: L-Drago|Dragonite, M|100/100|[from] U-turn
|move|p1a: Mamoswine|Stealth Rock|p2a: L-Drago
|-sidestart|p2: Blaise BWOU|move: Stealth Rock
|
|upkeep
|turn|7
|
|t:|1735215488
|move|p2a: L-Drago|Extreme Speed|p1a: Mamoswine
|-damage|p1a: Mamoswine|20/100
|-damage|p2a: L-Drago|91/100|[from] item: Life Orb
|move|p1a: Mamoswine|Ice Shard|p2a: L-Drago
|-supereffective|p2a: L-Drago
|-damage|p2a: L-Drago|0 fnt
|faint|p2a: L-Drago
|
|upkeep
|
|t:|1735215493
|switch|p2a: Z|Scizor, M|87/100
|-damage|p2a: Z|75/100|[from] Stealth Rock
|turn|8
|
|t:|1735215500
|switch|p1a: Gliscor|Gliscor, F|84/100 tox
|-damage|p1a: Gliscor|71/100 tox|[from] Stealth Rock
|move|p2a: Z|U-turn|p1a: Gliscor
|-resisted|p1a: Gliscor
|-damage|p1a: Gliscor|53/100 tox
|
|t:|1735215503
|switch|p2a: Sun Wukong|Infernape, M|100/100|[from] U-turn
|-damage|p2a: Sun Wukong|88/100|[from] Stealth Rock
|
|-heal|p1a: Gliscor|65/100 tox|[from] ability: Poison Heal
|upkeep
|turn|9
|
|t:|1735215506
|move|p1a: Gliscor|Protect|p1a: Gliscor
|-singleturn|p1a: Gliscor|Protect
|move|p2a: Sun Wukong|Hidden Power|p1a: Gliscor
|-activate|p1a: Gliscor|move: Protect
|
|-heal|p1a: Gliscor|78/100 tox|[from] ability: Poison Heal
|upkeep
|turn|10
|
|t:|1735215509
|switch|p1a: Mamoswine|Mamoswine, F|20/100
|-damage|p1a: Mamoswine|8/100|[from] Stealth Rock
|move|p2a: Sun Wukong|Hidden Power|p1a: Mamoswine
|-damage|p1a: Mamoswine|0 fnt
|faint|p1a: Mamoswine
|
|upkeep
|
|t:|1735215513
|switch|p1a: Rotom|Rotom-Wash|100/100
|-damage|p1a: Rotom|88/100|[from] Stealth Rock
|turn|11
|
|t:|1735215523
|switch|p2a: Ali|Breloom, M, shiny|100/100
|-damage|p2a: Ali|94/100|[from] Stealth Rock
|move|p1a: Rotom|Volt Switch|p2a: Ali
|-resisted|p2a: Ali
|-damage|p2a: Ali|82/100
|
|t:|1735215535
|switch|p1a: Hydreigon|Hydreigon, F, shiny|100/100|[from] Volt Switch
|-damage|p1a: Hydreigon|88/100|[from] Stealth Rock
|
|-status|p2a: Ali|tox|[from] item: Toxic Orb
|upkeep
|turn|12
|
|t:|1735215554
|move|p1a: Hydreigon|Draco Meteor|p2a: Ali
|-damage|p2a: Ali|0 fnt
|-unboost|p1a: Hydreigon|spa|2
|faint|p2a: Ali
|
|upkeep
|
|t:|1735215557
|switch|p2a: Saitama|Lucario, M, shiny|100/100
|-damage|p2a: Saitama|98/100|[from] Stealth Rock
|turn|13
|
|t:|1735215564
|switch|p1a: Gliscor|Gliscor, F|78/100 tox
|-damage|p1a: Gliscor|65/100 tox|[from] Stealth Rock
|move|p2a: Saitama|Swords Dance|p2a: Saitama
|-boost|p2a: Saitama|atk|2
|
|-heal|p1a: Gliscor|78/100 tox|[from] ability: Poison Heal
|upkeep
|turn|14
|
|t:|1735215571
|move|p2a: Saitama|Extreme Speed|p1a: Gliscor
|-damage|p1a: Gliscor|18/100 tox
|-damage|p2a: Saitama|88/100|[from] item: Life Orb
|move|p1a: Gliscor|Earthquake|p2a: Saitama
|-supereffective|p2a: Saitama
|-damage|p2a: Saitama|0 fnt
|faint|p2a: Saitama
|
|-heal|p1a: Gliscor|30/100 tox|[from] ability: Poison Heal
|upkeep
|
|t:|1735215576
|switch|p2a: Z|Scizor, M|75/100
|-damage|p2a: Z|62/100|[from] Stealth Rock
|turn|15
|
|t:|1735215578
|move|p1a: Gliscor|Protect|p1a: Gliscor
|-singleturn|p1a: Gliscor|Protect
|move|p2a: Z|U-turn|p1a: Gliscor
|-activate|p1a: Gliscor|move: Protect
|
|-heal|p1a: Gliscor|43/100 tox|[from] ability: Poison Heal
|upkeep
|turn|16
|
|t:|1735215582
|move|p2a: Z|U-turn|p1a: Gliscor
|-resisted|p1a: Gliscor
|-damage|p1a: Gliscor|26/100 tox
|c|☆Blaise BWOU|gg
|
|t:|1735215585
|switch|p2a: Sun Wukong|Infernape, M|88/100|[from] U-turn
|-damage|p2a: Sun Wukong|76/100|[from] Stealth Rock
|move|p1a: Gliscor|Earthquake|p2a: Sun Wukong
|-supereffective|p2a: Sun Wukong
|-damage|p2a: Sun Wukong|0 fnt
|faint|p2a: Sun Wukong
|
|-heal|p1a: Gliscor|38/100 tox|[from] ability: Poison Heal
|upkeep
|c|☆HydreigonSpammer|gg
|
|t:|1735215587
|switch|p2a: Z|Scizor, M|62/100
|-damage|p2a: Z|50/100|[from] Stealth Rock
|turn|17
|
|t:|1735215590
|move|p2a: Z|U-turn|p1a: Gliscor
|-resisted|p1a: Gliscor
|-crit|p1a: Gliscor
|-damage|p1a: Gliscor|5/100 tox
|move|p1a: Gliscor|Earthquake|p2a: Z
|-damage|p2a: Z|0 fnt
|faint|p2a: Z
|
|win|HydreigonSpammer
|raw|HydreigonSpammer's rating: 1292 &rarr; <strong>1321</strong><br />(+29 for winning)
|raw|Blaise BWOU's rating: 1345 &rarr; <strong>1322</strong><br />(-23 for losing)
