|j|☆Spritzalcianuro96
|j|☆Hanouna2022
|t:|1597064352
|player|p1|Spritzalcianuro96|colress|1599
|player|p2|Hanouna2022|clown|1449
|teamsize|p1|6
|teamsize|p2|6
|gametype|singles
|gen|5
|tier|[Gen 5] OU
|rated|
|clearpoke
|poke|p1|Skarmory, M|item
|poke|p1|Garchomp, M|item
|poke|p1|Scizor, F|item
|poke|p1|Jellicent, M|item
|poke|p1|Alakazam, M|item
|poke|p1|Salamence, M|item
|poke|p2|Tentacruel, F|item
|poke|p2|Breloom, F|item
|poke|p2|Politoed, F|item
|poke|p2|Ferrothorn, M|item
|poke|p2|Tornadus, M|item
|poke|p2|Kyurem|item
|rule|Species Clause: Limit one of each Pokémon
|rule|OHKO Clause: OHKO moves are banned
|rule|Moody Clause: Moody is banned
|rule|Evasion Moves Clause: Evasion moves are banned
|rule|Endless Battle Clause: Forcing endless battles is banned
|rule|HP Percentage Mod: HP is shown in percentages
|rule|Evasion Abilities Clause: Evasion abilities are banned
|rule|Baton Pass Clause: Limit one Baton Passer, can't pass Spe and other stats simultaneously
|rule|Sleep Clause: Sleep-inducing moves are banned
|rule|Swagger Clause: Swagger is banned
|teampreview
|j| Bi Tragic
|inactive|Battle timer is ON: inactive players will automatically lose when time's up. (requested by Spritzalcianuro96)
|
|t:|1597064389
|start
|switch|p1a: Skarmory|Skarmory, M|100/100
|switch|p2a: Politoed|Politoed, F|100/100
|-weather|RainDance|[from] ability: Drizzle|[of] p2a: Politoed
|turn|1
|
|t:|1597064408
|move|p1a: Skarmory|Stealth Rock|p2a: Politoed
|-sidestart|p2: Hanouna2022|move: Stealth Rock
|move|p2a: Politoed|Encore|p1a: Skarmory
|-start|p1a: Skarmory|Encore
|
|-weather|RainDance|[upkeep]
|upkeep
|turn|2
|
|t:|1597064423
|switch|p1a: Jellicent|Jellicent, M|100/100
|move|p2a: Politoed|Hydro Pump|p1a: Jellicent
|-immune|p1a: Jellicent|[from] ability: Water Absorb
|
|-weather|RainDance|[upkeep]
|upkeep
|turn|3
|
|t:|1597064431
|switch|p1a: Skarmory|Skarmory, M|100/100
|move|p2a: Politoed|Encore||[still]
|-fail|p2a: Politoed
|
|-weather|RainDance|[upkeep]
|upkeep
|turn|4
|
|t:|1597064438
|move|p1a: Skarmory|Spikes|p2a: Politoed
|-sidestart|p2: Hanouna2022|Spikes
|move|p2a: Politoed|Hydro Pump|p1a: Skarmory
|-enditem|p2a: Politoed|Water Gem|[from] gem
|-ability|p1a: Skarmory|Sturdy
|-damage|p1a: Skarmory|1/100
|
|-weather|RainDance|[upkeep]
|upkeep
|turn|5
|-enditem|p1a: Skarmory|Custap Berry|[eat]
|-activate|p1a: Skarmory|item: Custap Berry|[consumed]
|
|t:|1597064456
|switch|p2a: Tentacruel|Tentacruel, F|100/100
|-damage|p2a: Tentacruel|88/100|[from] Spikes
|-damage|p2a: Tentacruel|76/100|[from] Stealth Rock
|move|p1a: Skarmory|Brave Bird|p2a: Tentacruel
|-damage|p2a: Tentacruel|33/100
|-damage|p1a: Skarmory|0 fnt|[from] Recoil
|faint|p1a: Skarmory
|
|-weather|RainDance|[upkeep]
|-heal|p2a: Tentacruel|39/100|[from] ability: Rain Dish
|-heal|p2a: Tentacruel|45/100|[from] item: Black Sludge
|upkeep
|inactive|Spritzalcianuro96 has 120 seconds left.
|j| Ovan95
|l| Ovan95
|
|t:|1597064496
|switch|p1a: Alakazam|Alakazam, M|100/100
|turn|6
|
|t:|1597064499
|move|p2a: Tentacruel|Protect|p2a: Tentacruel
|-singleturn|p2a: Tentacruel|Protect
|move|p1a: Alakazam|Psychic|p2a: Tentacruel
|-activate|p2a: Tentacruel|move: Protect
|
|-weather|RainDance|[upkeep]
|-heal|p2a: Tentacruel|51/100|[from] ability: Rain Dish
|-heal|p2a: Tentacruel|57/100|[from] item: Black Sludge
|upkeep
|turn|7
|
|t:|1597064512
|switch|p2a: Ferrothorn|Ferrothorn, M|100/100
|-damage|p2a: Ferrothorn|95/100|[from] Stealth Rock
|-damage|p2a: Ferrothorn|82/100|[from] Spikes
|move|p1a: Alakazam|Psychic|p2a: Ferrothorn
|-resisted|p2a: Ferrothorn
|-damage|p2a: Ferrothorn|68/100
|
|-weather|RainDance|[upkeep]
|-heal|p2a: Ferrothorn|74/100|[from] item: Leftovers
|upkeep
|turn|8
|inactive|Spritzalcianuro96 has 120 seconds left.
|
|t:|1597064530
|switch|p1a: Jellicent|Jellicent, M|100/100
|move|p2a: Ferrothorn|Knock Off|p1a: Jellicent
|-supereffective|p1a: Jellicent
|-damage|p1a: Jellicent|93/100
|-enditem|p1a: Jellicent|Leftovers|[from] move: Knock Off|[of] p2a: Ferrothorn
|
|-weather|RainDance|[upkeep]
|-heal|p2a: Ferrothorn|80/100|[from] item: Leftovers
|upkeep
|turn|9
|
|t:|1597064549
|switch|p2a: Tentacruel|Tentacruel, F|57/100
|-damage|p2a: Tentacruel|44/100|[from] Spikes
|-damage|p2a: Tentacruel|32/100|[from] Stealth Rock
|move|p1a: Jellicent|Will-O-Wisp|p2a: Tentacruel
|-status|p2a: Tentacruel|brn
|
|-weather|RainDance|[upkeep]
|-heal|p2a: Tentacruel|38/100 brn|[from] ability: Rain Dish
|-heal|p2a: Tentacruel|44/100 brn|[from] item: Black Sludge
|-damage|p2a: Tentacruel|32/100 brn|[from] brn
|upkeep
|turn|10
|
|t:|1597064560
|move|p2a: Tentacruel|Toxic Spikes|p1a: Jellicent
|-sidestart|p1: Spritzalcianuro96|move: Toxic Spikes
|move|p1a: Jellicent|Taunt|p2a: Tentacruel
|-start|p2a: Tentacruel|move: Taunt
|
|-weather|RainDance|[upkeep]
|-heal|p2a: Tentacruel|38/100 brn|[from] ability: Rain Dish
|-heal|p2a: Tentacruel|44/100 brn|[from] item: Black Sludge
|-damage|p2a: Tentacruel|32/100 brn|[from] brn
|upkeep
|turn|11
|
|t:|1597064585
|switch|p2a: Politoed|Politoed, F|100/100
|-damage|p2a: Politoed|88/100|[from] Stealth Rock
|-damage|p2a: Politoed|75/100|[from] Spikes
|move|p1a: Jellicent|Scald|p2a: Politoed
|-resisted|p2a: Politoed
|-damage|p2a: Politoed|60/100
|
|-weather|RainDance|[upkeep]
|upkeep
|turn|12
|
|t:|1597064593
|move|p2a: Politoed|Encore|p1a: Jellicent
|-start|p1a: Jellicent|Encore
|move|p1a: Jellicent|Scald|p2a: Politoed
|-resisted|p2a: Politoed
|-damage|p2a: Politoed|45/100
|-status|p2a: Politoed|brn
|
|-weather|RainDance|[upkeep]
|-damage|p2a: Politoed|32/100 brn|[from] brn
|upkeep
|turn|13
|
|t:|1597064603
|switch|p1a: Alakazam|Alakazam, M|100/100
|-status|p1a: Alakazam|psn
|move|p2a: Politoed|Ice Beam|p1a: Alakazam
|-damage|p1a: Alakazam|57/100 psn
|
|-weather|RainDance|[upkeep]
|-damage|p2a: Politoed|20/100 brn|[from] brn
|upkeep
|turn|14
|
|t:|1597064615
|move|p1a: Alakazam|Psychic|p2a: Politoed
|-damage|p2a: Politoed|0 fnt
|faint|p2a: Politoed
|
|-weather|RainDance|[upkeep]
|upkeep
|
|t:|1597064623
|switch|p2a: Breloom|Breloom, F|100/100
|-damage|p2a: Breloom|88/100|[from] Spikes
|-damage|p2a: Breloom|82/100|[from] Stealth Rock
|turn|15
|
|t:|1597064633
|switch|p1a: Salamence|Salamence, M|100/100
|move|p2a: Breloom|Mach Punch|p1a: Salamence
|-enditem|p2a: Breloom|Fighting Gem|[from] gem
|-resisted|p1a: Salamence
|-damage|p1a: Salamence|71/100
|
|-weather|RainDance|[upkeep]
|upkeep
|turn|16
|
|t:|1597064648
|switch|p2a: Ferrothorn|Ferrothorn, M|80/100
|-damage|p2a: Ferrothorn|68/100|[from] Spikes
|-damage|p2a: Ferrothorn|62/100|[from] Stealth Rock
|move|p1a: Salamence|Fire Blast|p2a: Ferrothorn
|-supereffective|p2a: Ferrothorn
|-damage|p2a: Ferrothorn|29/100
|
|-weather|RainDance|[upkeep]
|-heal|p2a: Ferrothorn|35/100|[from] item: Leftovers
|upkeep
|turn|17
|
|t:|1597064670
|switch|p1a: Alakazam|Alakazam, M|57/100 psn
|move|p2a: Ferrothorn|Stealth Rock|p1a: Alakazam
|-sidestart|p1: Spritzalcianuro96|move: Stealth Rock
|
|-weather|RainDance|[upkeep]
|-heal|p2a: Ferrothorn|41/100|[from] item: Leftovers
|upkeep
|turn|18
|
|t:|1597064676
|move|p1a: Alakazam|Focus Blast|p2a: Ferrothorn
|-supereffective|p2a: Ferrothorn
|-damage|p2a: Ferrothorn|0 fnt
|faint|p2a: Ferrothorn
|
|-weather|RainDance|[upkeep]
|upkeep
|inactive|Hanouna2022 has 120 seconds left.
|
|t:|1597064712
|switch|p2a: Tornadus|Tornadus, M|100/100
|-damage|p2a: Tornadus|76/100|[from] Stealth Rock
|turn|19
|
|t:|1597064718
|move|p2a: Tornadus|Tailwind|p2a: Tornadus
|-sidestart|p2: Hanouna2022|move: Tailwind
|move|p1a: Alakazam|Psychic|p2a: Tornadus
|-crit|p2a: Tornadus
|-damage|p2a: Tornadus|0 fnt
|faint|p2a: Tornadus
|
|-weather|RainDance|[upkeep]
|upkeep
|inactive|Hanouna2022 has 120 seconds left.
|
|t:|1597064747
|switch|p2a: Breloom|Breloom, F|82/100
|-damage|p2a: Breloom|70/100|[from] Spikes
|-damage|p2a: Breloom|64/100|[from] Stealth Rock
|turn|20
|
|t:|1597064768
|switch|p1a: Jellicent|Jellicent, M|93/100
|-status|p1a: Jellicent|psn
|-damage|p1a: Jellicent|80/100 psn|[from] Stealth Rock
|move|p2a: Breloom|Bullet Seed|p1a: Jellicent
|-supereffective|p1a: Jellicent
|-damage|p1a: Jellicent|48/100 psn
|-supereffective|p1a: Jellicent
|-damage|p1a: Jellicent|15/100 psn
|-supereffective|p1a: Jellicent
|-damage|p1a: Jellicent|0 fnt
|-hitcount|p1a: Jellicent|3
|faint|p1a: Jellicent
|
|-weather|RainDance|[upkeep]
|upkeep
|
|t:|1597064773
|switch|p1a: Scizor|Scizor, F|100/100
|-damage|p1a: Scizor|88/100|[from] Stealth Rock
|turn|21
|
|t:|1597064777
|move|p1a: Scizor|Bullet Punch|p2a: Breloom
|-damage|p2a: Breloom|0 fnt
|-damage|p1a: Scizor|78/100|[from] item: Life Orb
|faint|p2a: Breloom
|
|-weather|RainDance|[upkeep]
|upkeep
|
|t:|1597064784
|switch|p2a: Kyurem|Kyurem|100/100
|-damage|p2a: Kyurem|88/100|[from] Spikes
|-damage|p2a: Kyurem|63/100|[from] Stealth Rock
|-ability|p2a: Kyurem|Pressure
|turn|22
|
|t:|1597064787
|move|p1a: Scizor|Bullet Punch|p2a: Kyurem
|-supereffective|p2a: Kyurem
|-damage|p2a: Kyurem|0 fnt
|-damage|p1a: Scizor|69/100|[from] item: Life Orb
|faint|p2a: Kyurem
|
|-weather|RainDance|[upkeep]
|-sideend|p2: Hanouna2022|move: Tailwind
|upkeep
|-message|Hanouna2022 forfeited.
|
|win|Spritzalcianuro96
|l|☆Hanouna2022
|raw|Spritzalcianuro96's rating: 1599 &rarr; <strong>1612</strong><br />(+13 for winning)
|raw|Hanouna2022's rating: 1461 &rarr; <strong>1449</strong><br />(-12 for losing)
