|j|☆affksl1
|j|☆sidis
|t:|1707342173
|gametype|singles
|player|p1|affksl1|pokemaniac-gen3rs|1315
|player|p2|sidis|iris|1469
|teamsize|p1|6
|teamsize|p2|6
|gen|5
|tier|[Gen 5] OU
|rated|
|rule|Species Clause: Limit one of each Pokémon
|rule|OHKO Clause: OHKO moves are banned
|rule|Moody Clause: Moody is banned
|rule|Evasion Items Clause: Evasion items are banned
|rule|Evasion Moves Clause: Evasion moves are banned
|rule|Endless Battle Clause: Forcing endless battles is banned
|rule|HP Percentage Mod: HP is shown in percentages
|rule|Evasion Abilities Clause: Evasion abilities are banned
|rule|Sleep Moves Clause: Sleep-inducing moves are banned
|rule|Swagger Clause: Swagger is banned
|rule|Baton Pass Stat Clause: No Baton Passer may have a way to boost its stats
|clearpoke
|poke|p1|Garchomp, M|item
|poke|p1|Volcarona, F|item
|poke|p1|Dragonite, M|item
|poke|p1|Breloom, M|item
|poke|p1|Starmie|item
|poke|p1|Scizor, F|item
|poke|p2|Latios, M|item
|poke|p2|Gyarados, M|item
|poke|p2|Mamoswine, F|item
|poke|p2|Reuniclus, M|item
|poke|p2|Rotom-Wash|item
|poke|p2|Starmie|item
|teampreview
|inactive|Battle timer is ON: inactive players will automatically lose when time's up. (requested by affksl1)
|inactive|sidis has 120 seconds left.
|
|t:|1707342206
|start
|switch|p1a: Garchomp|Garchomp, M|100/100
|switch|p2a: Mamoswine|Mamoswine, F|100/100
|turn|1
|
|t:|1707342214
|move|p1a: Garchomp|Stealth Rock|p2a: Mamoswine
|-sidestart|p2: sidis|move: Stealth Rock
|move|p2a: Mamoswine|Icicle Crash|p1a: Garchomp
|-supereffective|p1a: Garchomp
|-enditem|p1a: Garchomp|Focus Sash
|-damage|p1a: Garchomp|1/100
|
|upkeep
|turn|2
|
|t:|1707342219
|switch|p1a: Scizor|Scizor, F|100/100
|move|p2a: Mamoswine|Ice Shard|p1a: Scizor
|-resisted|p1a: Scizor
|-damage|p1a: Scizor|89/100
|
|upkeep
|turn|3
|inactive|affksl1 has 120 seconds left.
|inactive|sidis has 120 seconds left.
|
|t:|1707342256
|switch|p2a: Rotom|Rotom-Wash|100/100
|-damage|p2a: Rotom|88/100|[from] Stealth Rock
|move|p1a: Scizor|Bullet Punch|p2a: Rotom
|-resisted|p2a: Rotom
|-damage|p2a: Rotom|76/100
|-damage|p1a: Scizor|79/100|[from] item: Life Orb
|
|-heal|p2a: Rotom|82/100|[from] item: Leftovers
|upkeep
|turn|4
|
|t:|1707342261
|switch|p1a: Garchomp|Garchomp, M|1/100
|move|p2a: Rotom|Will-O-Wisp|p1a: Garchomp|[miss]
|-miss|p2a: Rotom|p1a: Garchomp
|
|-heal|p2a: Rotom|88/100|[from] item: Leftovers
|upkeep
|turn|5
|
|t:|1707342271
|move|p1a: Garchomp|Outrage|p2a: Rotom
|-damage|p2a: Rotom|22/100
|move|p2a: Rotom|Hydro Pump|p1a: Garchomp
|-damage|p1a: Garchomp|0 fnt
|faint|p1a: Garchomp
|
|-heal|p2a: Rotom|28/100|[from] item: Leftovers
|upkeep
|
|t:|1707342289
|switch|p1a: Breloom|Breloom, M|100/100
|turn|6
|
|t:|1707342302
|move|p1a: Breloom|Mach Punch|p2a: Rotom
|-damage|p2a: Rotom|0 fnt
|faint|p2a: Rotom
|-damage|p1a: Breloom|91/100|[from] item: Life Orb
|
|upkeep
|
|t:|1707342308
|switch|p2a: Starmie|Starmie|100/100
|-damage|p2a: Starmie|88/100|[from] Stealth Rock
|turn|7
|
|t:|1707342337
|switch|p1a: Scizor|Scizor, F|79/100
|move|p2a: Starmie|Rapid Spin|p1a: Scizor
|-resisted|p1a: Scizor
|-damage|p1a: Scizor|76/100
|-sideend|p2: sidis|Stealth Rock|[from] move: Rapid Spin|[of] p2a: Starmie
|-damage|p2a: Starmie|78/100|[from] item: Life Orb
|
|upkeep
|turn|8
|
|t:|1707342341
|move|p2a: Starmie|Hydro Pump|p1a: Scizor
|-damage|p1a: Scizor|0 fnt
|faint|p1a: Scizor
|-damage|p2a: Starmie|68/100|[from] item: Life Orb
|
|upkeep
|
|t:|1707342348
|switch|p1a: Dragonite|Dragonite, M|100/100
|turn|9
|inactive|affksl1 has 120 seconds left.
|inactive|sidis has 120 seconds left.
|
|t:|1707342402
|switch|p2a: Mamoswine|Mamoswine, F|100/100
|move|p1a: Dragonite|Dragon Dance|p1a: Dragonite
|-boost|p1a: Dragonite|atk|1
|-boost|p1a: Dragonite|spe|1
|
|upkeep
|turn|10
|inactive|affksl1 has 90 seconds left.
|
|t:|1707342419
|move|p1a: Dragonite|Fire Punch|p2a: Mamoswine
|-supereffective|p2a: Mamoswine
|-damage|p2a: Mamoswine|53/100
|move|p2a: Mamoswine|Icicle Crash|p1a: Dragonite
|-supereffective|p1a: Dragonite
|-damage|p1a: Dragonite|0 fnt
|faint|p1a: Dragonite
|
|upkeep
|inactive|affksl1 has 90 seconds left.
|
|t:|1707342435
|switch|p1a: Starmie|Starmie|100/100
|-item|p1a: Starmie|Air Balloon
|turn|11
|
|t:|1707342452
|switch|p2a: Gyarados|Gyarados, M|100/100
|-ability|p2a: Gyarados|Intimidate|boost
|-unboost|p1a: Starmie|atk|1
|move|p1a: Starmie|Hydro Pump|p2a: Gyarados
|-resisted|p2a: Gyarados
|-damage|p2a: Gyarados|64/100
|
|-heal|p2a: Gyarados|70/100|[from] item: Leftovers
|upkeep
|turn|12
|
|t:|1707342455
|move|p1a: Starmie|Thunderbolt|p2a: Gyarados
|-supereffective|p2a: Gyarados
|-damage|p2a: Gyarados|0 fnt
|faint|p2a: Gyarados
|
|upkeep
|
|t:|1707342462
|switch|p2a: Latios|Latios, M|100/100
|turn|13
|
|t:|1707342468
|switch|p1a: Breloom|Breloom, M|91/100
|move|p2a: Latios|Dragon Dance|p2a: Latios
|-boost|p2a: Latios|atk|1
|-boost|p2a: Latios|spe|1
|
|upkeep
|turn|14
|
|t:|1707342474
|move|p2a: Latios|Ice Beam|p1a: Breloom
|-supereffective|p1a: Breloom
|-damage|p1a: Breloom|0 fnt
|faint|p1a: Breloom
|-damage|p2a: Latios|91/100|[from] item: Life Orb
|
|upkeep
|
|t:|1707342477
|switch|p1a: Volcarona|Volcarona, F|100/100
|turn|15
|
|t:|1707342480
|move|p2a: Latios|Outrage|p1a: Volcarona
|-crit|p1a: Volcarona
|-damage|p1a: Volcarona|0 fnt
|faint|p1a: Volcarona
|-damage|p2a: Latios|81/100|[from] item: Life Orb
|
|upkeep
|-message|affksl1 forfeited.
|
|win|sidis
|raw|affksl1's rating: 1315 &rarr; <strong>1303</strong><br />(-12 for losing)
|raw|sidis's rating: 1469 &rarr; <strong>1481</strong><br />(+12 for winning)
|l|☆affksl1
|player|p1|
