|j|☆Onionpizza
|j|☆fatgripz
|player|p1|Onionpizza|169|1344
|player|p2|fatgripz|101|1270
|teamsize|p1|6
|teamsize|p2|6
|gametype|singles
|gen|5
|tier|[Gen 5] OU
|rated|
|clearpoke
|poke|p1|Skarmory, F|item
|poke|p1|Alakazam, M|item
|poke|p1|Garchomp, M|item
|poke|p1|Tentacruel, M|item
|poke|p1|Gengar, M|item
|poke|p1|Scizor, M|item
|poke|p2|Politoed, M|item
|poke|p2|Tornadus, M|item
|poke|p2|Keldeo|item
|poke|p2|Scizor, F|item
|poke|p2|Starmie|item
|poke|p2|Landorus-Therian, M|item
|rule|Species Clause: Limit one of each Pokémon
|rule|OHKO Clause: OHKO moves are banned
|rule|Moody Clause: Moody is banned
|rule|Evasion Moves Clause: Evasion moves are banned
|rule|Endless Battle Clause: Forcing endless battles is banned
|rule|HP Percentage Mod: HP is shown in percentages
|rule|Evasion Abilities Clause: Evasion abilities are banned
|rule|Baton Pass Clause: Limit one Baton Passer, can't pass Spe and other stats simultaneously
|rule|Sleep Clause: Sleep-inducing moves are banned
|rule|Swagger Clause: Swagger is banned
|teampreview
|
|start
|switch|p1a: Skarmory|Skarmory, F|100/100
|switch|p2a: Politoed|Politoed, M|100/100
|-weather|RainDance|[from] ability: Drizzle|[of] p2a: Politoed
|turn|1
|
|move|p1a: Skarmory|Stealth Rock|p2a: Politoed
|-sidestart|p2: fatgripz|move: Stealth Rock
|move|p2a: Politoed|Scald|p1a: Skarmory
|-damage|p1a: Skarmory|31/100
|
|-weather|RainDance|[upkeep]
|upkeep
|turn|2
|
|move|p1a: Skarmory|Spikes|p2a: Politoed
|-sidestart|p2: fatgripz|Spikes
|move|p2a: Politoed|Scald|p1a: Skarmory
|-damage|p1a: Skarmory|0 fnt
|faint|p1a: Skarmory
|
|-weather|RainDance|[upkeep]
|upkeep
|
|switch|p1a: Tentacruel|Tentacruel, M|100/100
|turn|3
|
|switch|p2a: Starmie|Starmie|100/100
|-damage|p2a: Starmie|88/100|[from] Stealth Rock
|-damage|p2a: Starmie|76/100|[from] Spikes
|move|p1a: Tentacruel|Toxic|p2a: Starmie
|-status|p2a: Starmie|tox
|
|-weather|RainDance|[upkeep]
|-heal|p2a: Starmie|82/100 tox|[from] item: Leftovers
|-damage|p2a: Starmie|76/100 tox|[from] psn
|upkeep
|turn|4
|
|switch|p1a: Gengar|Gengar, M|100/100
|move|p2a: Starmie|Psyshock|p1a: Gengar
|-supereffective|p1a: Gengar
|-crit|p1a: Gengar
|-damage|p1a: Gengar|0 fnt
|faint|p1a: Gengar
|
|-weather|RainDance|[upkeep]
|-heal|p2a: Starmie|82/100 tox|[from] item: Leftovers
|-damage|p2a: Starmie|70/100 tox|[from] psn
|upkeep
|c|☆fatgripz|bro u seriously think im spinning on gar
|
|switch|p1a: Garchomp|Garchomp, M|100/100
|turn|5
|c|☆fatgripz|when psyshock hits tent and gar
|
|move|p1a: Garchomp|Dragon Claw|p2a: Starmie
|-damage|p2a: Starmie|23/100 tox
|move|p2a: Starmie|Rapid Spin|p1a: Garchomp
|-damage|p1a: Garchomp|97/100
|-damage|p2a: Starmie|10/100 tox|[from] ability: Rough Skin|[of] p1a: Garchomp
|-sideend|p2: fatgripz|Spikes|[from] move: Rapid Spin|[of] p2a: Starmie
|-sideend|p2: fatgripz|Stealth Rock|[from] move: Rapid Spin|[of] p2a: Starmie
|
|-weather|RainDance|[upkeep]
|-heal|p2a: Starmie|17/100 tox|[from] item: Leftovers
|-damage|p2a: Starmie|0 fnt|[from] psn
|faint|p2a: Starmie
|upkeep
|
|switch|p2a: Scizor|Scizor, F|100/100
|turn|6
|c|☆Onionpizza|I’m not pro like you sorry
|
|switch|p1a: Tentacruel|Tentacruel, M|100/100
|move|p2a: Scizor|U-turn|p1a: Tentacruel
|-resisted|p1a: Tentacruel
|-damage|p1a: Tentacruel|69/100
|
|switch|p2a: Landorus|Landorus-Therian, M|100/100|[from]move: U-turn
|-ability|p2a: Landorus|Intimidate|boost
|-unboost|p1a: Tentacruel|atk|1
|
|-weather|RainDance|[upkeep]
|-heal|p1a: Tentacruel|75/100|[from] ability: Rain Dish
|-heal|p1a: Tentacruel|81/100|[from] item: Black Sludge
|upkeep
|turn|7
|c|☆fatgripz|just think for a second brother
|
|move|p1a: Tentacruel|Protect|p1a: Tentacruel
|-singleturn|p1a: Tentacruel|Protect
|move|p2a: Landorus|Earthquake|p1a: Tentacruel
|-activate|p1a: Tentacruel|move: Protect
|
|-weather|RainDance|[upkeep]
|-heal|p1a: Tentacruel|88/100|[from] ability: Rain Dish
|-heal|p1a: Tentacruel|94/100|[from] item: Black Sludge
|upkeep
|turn|8
|c|☆fatgripz|also like u cant sack skarm when i have a spinner
|c|☆fatgripz|and when i have lando u cant let both your ground immunes die
|
|move|p2a: Landorus|Earthquake|p1a: Tentacruel
|-supereffective|p1a: Tentacruel
|-crit|p1a: Tentacruel
|-damage|p1a: Tentacruel|0 fnt
|faint|p1a: Tentacruel
|
|-weather|RainDance|[upkeep]
|upkeep
|c|☆fatgripz|now i can just click eq whenever i want
|
|switch|p1a: Alakazam|Alakazam, M|100/100
|turn|9
|
|switch|p2a: Scizor|Scizor, F|100/100
|move|p1a: Alakazam|Psychic|p2a: Scizor
|-resisted|p2a: Scizor
|-damage|p2a: Scizor|74/100
|
|-weather|RainDance|[upkeep]
|upkeep
|turn|10
|
|move|p1a: Alakazam|Focus Blast|p2a: Scizor|[miss]
|-miss|p1a: Alakazam|p2a: Scizor
|move|p2a: Scizor|Pursuit|p1a: Alakazam
|-supereffective|p1a: Alakazam
|-enditem|p1a: Alakazam|Focus Sash
|-damage|p1a: Alakazam|1/100
|
|-weather|RainDance|[upkeep]
|upkeep
|turn|11
|
|move|p1a: Alakazam|Focus Blast|p2a: Scizor
|-damage|p2a: Scizor|19/100
|-unboost|p2a: Scizor|spd|1
|move|p2a: Scizor|Pursuit|p1a: Alakazam
|-supereffective|p1a: Alakazam
|-crit|p1a: Alakazam
|-damage|p1a: Alakazam|0 fnt
|faint|p1a: Alakazam
|
|-weather|RainDance|[upkeep]
|upkeep
|
|switch|p1a: Garchomp|Garchomp, M|97/100
|turn|12
|
|switch|p2a: Landorus|Landorus-Therian, M|100/100
|-ability|p2a: Landorus|Intimidate|boost
|-unboost|p1a: Garchomp|atk|1
|move|p1a: Garchomp|Outrage|p2a: Landorus
|-damage|p2a: Landorus|64/100
|
|-weather|RainDance|[upkeep]
|-heal|p2a: Landorus|70/100|[from] item: Leftovers
|upkeep
|turn|13
|
|move|p1a: Garchomp|Outrage|p2a: Landorus|[from]lockedmove
|-damage|p2a: Landorus|36/100
|move|p2a: Landorus|Hidden Power|p1a: Garchomp
|-supereffective|p1a: Garchomp
|-damage|p1a: Garchomp|10/100
|
|-weather|RainDance|[upkeep]
|-heal|p2a: Landorus|42/100|[from] item: Leftovers
|upkeep
|turn|14
|
|move|p1a: Garchomp|Outrage|p2a: Landorus|[from]lockedmove
|-damage|p2a: Landorus|6/100
|-start|p1a: Garchomp|confusion|[fatigue]
|move|p2a: Landorus|Earthquake|p1a: Garchomp
|-damage|p1a: Garchomp|0 fnt
|faint|p1a: Garchomp
|
|-weather|RainDance|[upkeep]
|-heal|p2a: Landorus|12/100|[from] item: Leftovers
|upkeep
|
|switch|p1a: Scizor|Scizor, M|100/100
|turn|15
|
|move|p1a: Scizor|Bullet Punch|p2a: Landorus
|-damage|p2a: Landorus|0 fnt
|faint|p2a: Landorus
|
|-weather|RainDance|[upkeep]
|upkeep
|
|switch|p2a: Politoed|Politoed, M|100/100
|turn|16
|
|move|p1a: Scizor|Bullet Punch|p2a: Politoed
|-resisted|p2a: Politoed
|-damage|p2a: Politoed|81/100
|move|p2a: Politoed|Scald|p1a: Scizor
|-damage|p1a: Scizor|56/100
|
|-weather|RainDance|[upkeep]
|-heal|p2a: Politoed|87/100|[from] item: Leftovers
|upkeep
|turn|17
|
|move|p1a: Scizor|Bullet Punch|p2a: Politoed
|-resisted|p2a: Politoed
|-damage|p2a: Politoed|67/100
|move|p2a: Politoed|Scald|p1a: Scizor
|-damage|p1a: Scizor|12/100
|
|-weather|RainDance|[upkeep]
|-heal|p2a: Politoed|74/100|[from] item: Leftovers
|upkeep
|turn|18
|
|move|p1a: Scizor|Bullet Punch|p2a: Politoed
|-resisted|p2a: Politoed
|-damage|p2a: Politoed|55/100
|move|p2a: Politoed|Scald|p1a: Scizor
|-damage|p1a: Scizor|0 fnt
|faint|p1a: Scizor
|
|win|fatgripz
|raw|Onionpizza's rating: 1344 &rarr; <strong>1319</strong><br />(-25 for losing)
|raw|fatgripz's rating: 1270 &rarr; <strong>1300</strong><br />(+30 for winning)
|l|☆Onionpizza
