|j|‽HaxerAreBastards
|j|☆STATS Xavi
|player|p1|HaxerAreBastards|249|1436
|player|p2|STATS Xavi|preschooler|1315
|teamsize|p1|6
|teamsize|p2|6
|gametype|singles
|gen|5
|tier|[Gen 5] OU
|rated|
|clearpoke
|poke|p1|Infernape, F|item
|poke|p1|Conkeldurr, M|item
|poke|p1|Tyranitar, M|item
|poke|p1|Jellicent, M|item
|poke|p1|Bronzong|item
|poke|p1|Reuniclus, F|item
|poke|p2|Hippowdon, F|item
|poke|p2|Gastrodon-East, F|item
|poke|p2|Skarmory, M|item
|poke|p2|Excadrill, M|item
|poke|p2|Jirachi|item
|poke|p2|Sigilyph, M|item
|rule|Species Clause: Limit one of each Pokémon
|rule|OHKO Clause: OHKO moves are banned
|rule|Moody Clause: Moody is banned
|rule|Evasion Moves Clause: Evasion moves are banned
|rule|Endless Battle Clause: Forcing endless battles is banned
|rule|HP Percentage Mod: HP is shown in percentages
|rule|Evasion Abilities Clause: Evasion abilities are banned
|rule|Baton Pass Clause: Limit one Baton Passer, can't pass Spe and other stats simultaneously
|rule|Sleep Clause: Sleep-inducing moves are banned
|rule|Swagger Clause: Swagger is banned
|teampreview
|inactive|Battle timer is ON: inactive players will automatically lose when time's up. (requested by STATS Xavi)
|c|☆STATS Xavi|Hi!
|
|start
|switch|p1a: Jellicent|Jellicent, M, shiny|100/100
|switch|p2a: Headnown|Sigilyph, M|100/100
|turn|1
|
|move|p2a: Headnown|Cosmic Power|p2a: Headnown
|-boost|p2a: Headnown|def|1
|-boost|p2a: Headnown|spd|1
|move|p1a: Jellicent|Trick Room|p1a: Jellicent
|-fieldstart|move: Trick Room|[of] p1a: Jellicent
|
|-status|p2a: Headnown|brn|[from] item: Flame Orb
|upkeep
|turn|2
|
|switch|p1a: Conkeldurr|Conkeldurr, M|100/100
|move|p2a: Headnown|Psycho Shift|p1a: Conkeldurr
|-status|p1a: Conkeldurr|brn
|-curestatus|p2a: Headnown|brn|[msg]
|
|-damage|p1a: Conkeldurr|88/100 brn|[from] brn
|-status|p2a: Headnown|brn|[from] item: Flame Orb
|upkeep
|turn|3
|
|move|p1a: Conkeldurr|Thunder Punch|p2a: Headnown
|-supereffective|p2a: Headnown
|-damage|p2a: Headnown|75/100 brn
|-damage|p1a: Conkeldurr|78/100 brn|[from] item: Life Orb
|move|p2a: Headnown|Cosmic Power|p2a: Headnown
|-boost|p2a: Headnown|def|1
|-boost|p2a: Headnown|spd|1
|
|-damage|p1a: Conkeldurr|66/100 brn|[from] brn
|upkeep
|turn|4
|
|move|p1a: Conkeldurr|Thunder Punch|p2a: Headnown
|-supereffective|p2a: Headnown
|-damage|p2a: Headnown|55/100 brn
|-damage|p1a: Conkeldurr|56/100 brn|[from] item: Life Orb
|move|p2a: Headnown|Cosmic Power|p2a: Headnown
|-boost|p2a: Headnown|def|1
|-boost|p2a: Headnown|spd|1
|
|-damage|p1a: Conkeldurr|44/100 brn|[from] brn
|upkeep
|turn|5
|
|move|p1a: Conkeldurr|Thunder Punch|p2a: Headnown
|-supereffective|p2a: Headnown
|-damage|p2a: Headnown|40/100 brn
|-damage|p1a: Conkeldurr|34/100 brn|[from] item: Life Orb
|move|p2a: Headnown|Roost|p2a: Headnown
|-heal|p2a: Headnown|90/100 brn
|-singleturn|p2a: Headnown|move: Roost
|
|-damage|p1a: Conkeldurr|21/100 brn|[from] brn
|-fieldend|move: Trick Room
|upkeep
|turn|6
|
|move|p2a: Headnown|Cosmic Power|p2a: Headnown
|-boost|p2a: Headnown|def|1
|-boost|p2a: Headnown|spd|1
|move|p1a: Conkeldurr|Thunder Punch|p2a: Headnown
|-supereffective|p2a: Headnown
|-damage|p2a: Headnown|76/100 brn
|-damage|p1a: Conkeldurr|11/100 brn|[from] item: Life Orb
|
|-damage|p1a: Conkeldurr|0 fnt|[from] brn
|faint|p1a: Conkeldurr
|upkeep
|
|switch|p1a: Reuniclus|Reuniclus, F|100/100
|turn|7
|
|move|p2a: Headnown|Stored Power|p1a: Reuniclus
|-resisted|p1a: Reuniclus
|-damage|p1a: Reuniclus|73/100
|move|p1a: Reuniclus|Trick Room|p1a: Reuniclus
|-fieldstart|move: Trick Room|[of] p1a: Reuniclus
|
|upkeep
|turn|8
|
|move|p1a: Reuniclus|Shadow Ball|p2a: Headnown
|-supereffective|p2a: Headnown
|-damage|p2a: Headnown|44/100 brn
|move|p2a: Headnown|Stored Power|p1a: Reuniclus
|-resisted|p1a: Reuniclus
|-damage|p1a: Reuniclus|43/100
|
|upkeep
|turn|9
|
|move|p1a: Reuniclus|Shadow Ball|p2a: Headnown
|-supereffective|p2a: Headnown
|-damage|p2a: Headnown|11/100 brn
|move|p2a: Headnown|Roost|p2a: Headnown
|-heal|p2a: Headnown|61/100 brn
|-singleturn|p2a: Headnown|move: Roost
|
|upkeep
|turn|10
|
|move|p1a: Reuniclus|Shadow Ball|p2a: Headnown
|-supereffective|p2a: Headnown
|-damage|p2a: Headnown|32/100 brn
|move|p2a: Headnown|Stored Power|p1a: Reuniclus
|-resisted|p1a: Reuniclus
|-damage|p1a: Reuniclus|16/100
|
|upkeep
|turn|11
|
|move|p1a: Reuniclus|Shadow Ball|p2a: Headnown
|-supereffective|p2a: Headnown
|-damage|p2a: Headnown|3/100 brn
|-unboost|p2a: Headnown|spd|1
|move|p2a: Headnown|Stored Power|p1a: Reuniclus
|-resisted|p1a: Reuniclus
|-damage|p1a: Reuniclus|0 fnt
|faint|p1a: Reuniclus
|
|-fieldend|move: Trick Room
|upkeep
|
|switch|p1a: Tyranitar|Tyranitar, M|100/100
|-weather|Sandstorm|[from] ability: Sand Stream|[of] p1a: Tyranitar
|turn|12
|
|switch|p2a: Piupiupiu|Skarmory, M|100/100
|move|p1a: Tyranitar|Crunch|p2a: Piupiupiu
|-resisted|p2a: Piupiupiu
|-damage|p2a: Piupiupiu|89/100
|-unboost|p2a: Piupiupiu|def|1
|
|-weather|Sandstorm|[upkeep]
|upkeep
|turn|13
|
|switch|p2a: Hattori el ninja|Hippowdon, F|100/100
|move|p1a: Tyranitar|Flamethrower|p2a: Hattori el ninja
|-damage|p2a: Hattori el ninja|80/100
|
|-weather|Sandstorm|[upkeep]
|-heal|p2a: Hattori el ninja|86/100|[from] item: Leftovers
|upkeep
|turn|14
|
|move|p2a: Hattori el ninja|Stealth Rock|p1a: Tyranitar
|-sidestart|p1: HaxerAreBastards|move: Stealth Rock
|move|p1a: Tyranitar|Ice Beam|p2a: Hattori el ninja
|-supereffective|p2a: Hattori el ninja
|-damage|p2a: Hattori el ninja|41/100
|
|-weather|Sandstorm|[upkeep]
|-heal|p2a: Hattori el ninja|47/100|[from] item: Leftovers
|upkeep
|turn|15
|
|move|p2a: Hattori el ninja|Slack Off|p2a: Hattori el ninja
|-heal|p2a: Hattori el ninja|97/100
|move|p1a: Tyranitar|Ice Beam|p2a: Hattori el ninja
|-supereffective|p2a: Hattori el ninja
|-damage|p2a: Hattori el ninja|53/100
|
|-weather|Sandstorm|[upkeep]
|-heal|p2a: Hattori el ninja|60/100|[from] item: Leftovers
|upkeep
|turn|16
|
|move|p2a: Hattori el ninja|Earthquake|p1a: Tyranitar
|-supereffective|p1a: Tyranitar
|-damage|p1a: Tyranitar|35/100
|move|p1a: Tyranitar|Ice Beam|p2a: Hattori el ninja
|-supereffective|p2a: Hattori el ninja
|-damage|p2a: Hattori el ninja|14/100
|
|-weather|Sandstorm|[upkeep]
|-heal|p2a: Hattori el ninja|20/100|[from] item: Leftovers
|upkeep
|turn|17
|
|move|p2a: Hattori el ninja|Slack Off|p2a: Hattori el ninja
|-heal|p2a: Hattori el ninja|70/100
|move|p1a: Tyranitar|Ice Beam|p2a: Hattori el ninja
|-supereffective|p2a: Hattori el ninja
|-damage|p2a: Hattori el ninja|29/100
|
|-weather|Sandstorm|[upkeep]
|-heal|p2a: Hattori el ninja|35/100|[from] item: Leftovers
|upkeep
|turn|18
|
|switch|p1a: Bronzong|Bronzong|100/100
|-damage|p1a: Bronzong|94/100|[from] Stealth Rock
|move|p2a: Hattori el ninja|Slack Off|p2a: Hattori el ninja
|-heal|p2a: Hattori el ninja|85/100
|
|-weather|Sandstorm|[upkeep]
|-heal|p2a: Hattori el ninja|91/100|[from] item: Leftovers
|upkeep
|turn|19
|
|move|p2a: Hattori el ninja|Whirlwind|p1a: Bronzong
|drag|p1a: Tyranitar|Tyranitar, M|35/100
|-damage|p1a: Tyranitar|23/100|[from] Stealth Rock
|
|-weather|Sandstorm|[upkeep]
|-heal|p2a: Hattori el ninja|97/100|[from] item: Leftovers
|upkeep
|turn|20
|
|move|p2a: Hattori el ninja|Earthquake|p1a: Tyranitar
|-supereffective|p1a: Tyranitar
|-crit|p1a: Tyranitar
|-damage|p1a: Tyranitar|0 fnt
|faint|p1a: Tyranitar
|
|-weather|Sandstorm|[upkeep]
|-heal|p2a: Hattori el ninja|100/100|[from] item: Leftovers
|upkeep
|
|switch|p1a: Jellicent|Jellicent, M, shiny|100/100
|-damage|p1a: Jellicent|88/100|[from] Stealth Rock
|turn|21
|c|☆STATS Xavi|Are you muted?
|
|switch|p2a: Amu Pinguilí|Gastrodon-East, F|100/100
|move|p1a: Jellicent|Scald|p2a: Amu Pinguilí
|-ability|p2a: Amu Pinguilí|Storm Drain|boost
|-boost|p2a: Amu Pinguilí|spa|1
|
|-weather|Sandstorm|[upkeep]
|-damage|p1a: Jellicent|82/100|[from] Sandstorm
|-heal|p1a: Jellicent|88/100|[from] item: Leftovers
|upkeep
|turn|22
|
|move|p1a: Jellicent|Energy Ball|p2a: Amu Pinguilí
|-supereffective|p2a: Amu Pinguilí
|-damage|p2a: Amu Pinguilí|34/100
|move|p2a: Amu Pinguilí|Hidden Power|p1a: Jellicent
|-supereffective|p1a: Jellicent
|-damage|p1a: Jellicent|54/100
|
|-weather|Sandstorm|[upkeep]
|-damage|p1a: Jellicent|48/100|[from] Sandstorm
|-heal|p1a: Jellicent|54/100|[from] item: Leftovers
|-heal|p2a: Amu Pinguilí|40/100|[from] item: Leftovers
|upkeep
|turn|23
|
|switch|p2a: W¡sh & K'3D Shop|Jirachi|100/100
|move|p1a: Jellicent|Trick Room|p1a: Jellicent
|-fieldstart|move: Trick Room|[of] p1a: Jellicent
|
|-weather|Sandstorm|[upkeep]
|-damage|p1a: Jellicent|48/100|[from] Sandstorm
|-heal|p1a: Jellicent|54/100|[from] item: Leftovers
|upkeep
|turn|24
|
|switch|p2a: Amu Pinguilí|Gastrodon-East, F|40/100
|move|p1a: Jellicent|Scald|p2a: Amu Pinguilí
|-ability|p2a: Amu Pinguilí|Storm Drain|boost
|-boost|p2a: Amu Pinguilí|spa|1
|
|-weather|Sandstorm|[upkeep]
|-damage|p1a: Jellicent|48/100|[from] Sandstorm
|-heal|p1a: Jellicent|54/100|[from] item: Leftovers
|-heal|p2a: Amu Pinguilí|46/100|[from] item: Leftovers
|upkeep
|turn|25
|
|move|p2a: Amu Pinguilí|Hidden Power|p1a: Jellicent
|-supereffective|p1a: Jellicent
|-damage|p1a: Jellicent|15/100
|move|p1a: Jellicent|Energy Ball|p2a: Amu Pinguilí
|-supereffective|p2a: Amu Pinguilí
|-crit|p2a: Amu Pinguilí
|-damage|p2a: Amu Pinguilí|0 fnt
|faint|p2a: Amu Pinguilí
|
|-weather|Sandstorm|[upkeep]
|-damage|p1a: Jellicent|9/100|[from] Sandstorm
|-heal|p1a: Jellicent|15/100|[from] item: Leftovers
|upkeep
|
|switch|p2a: Hattori el ninja|Hippowdon, F|100/100
|turn|26
|
|move|p1a: Jellicent|Scald|p2a: Hattori el ninja
|-supereffective|p2a: Hattori el ninja
|-damage|p2a: Hattori el ninja|54/100
|-status|p2a: Hattori el ninja|brn
|move|p2a: Hattori el ninja|Earthquake|p1a: Jellicent
|-crit|p1a: Jellicent
|-damage|p1a: Jellicent|0 fnt
|faint|p1a: Jellicent
|
|-weather|Sandstorm|[upkeep]
|-heal|p2a: Hattori el ninja|60/100 brn|[from] item: Leftovers
|-damage|p2a: Hattori el ninja|48/100 brn|[from] brn
|upkeep
|
|switch|p1a: Bronzong|Bronzong|94/100
|-damage|p1a: Bronzong|88/100|[from] Stealth Rock
|turn|27
|inactive|HaxerAreBastards has 120 seconds left.
|
|move|p1a: Bronzong|Gyro Ball|p2a: Hattori el ninja
|-damage|p2a: Hattori el ninja|16/100 brn
|move|p2a: Hattori el ninja|Slack Off|p2a: Hattori el ninja
|-heal|p2a: Hattori el ninja|66/100 brn
|
|-weather|Sandstorm|[upkeep]
|-heal|p2a: Hattori el ninja|72/100 brn|[from] item: Leftovers
|-damage|p2a: Hattori el ninja|60/100 brn|[from] brn
|-fieldend|move: Trick Room
|upkeep
|turn|28
|
|move|p2a: Hattori el ninja|Slack Off|p2a: Hattori el ninja
|-heal|p2a: Hattori el ninja|100/100 brn
|move|p1a: Bronzong|Trick Room|p1a: Bronzong
|-fieldstart|move: Trick Room|[of] p1a: Bronzong
|
|-weather|Sandstorm|[upkeep]
|-damage|p2a: Hattori el ninja|88/100 brn|[from] brn
|upkeep
|turn|29
|
|move|p1a: Bronzong|Earthquake|p2a: Hattori el ninja
|-crit|p2a: Hattori el ninja
|-damage|p2a: Hattori el ninja|46/100 brn
|move|p2a: Hattori el ninja|Earthquake|p1a: Bronzong
|-immune|p1a: Bronzong|[from] ability: Levitate
|
|-weather|Sandstorm|[upkeep]
|-heal|p2a: Hattori el ninja|52/100 brn|[from] item: Leftovers
|-damage|p2a: Hattori el ninja|40/100 brn|[from] brn
|upkeep
|turn|30
|
|switch|p2a: Piupiupiu|Skarmory, M|89/100
|move|p1a: Bronzong|Earthquake|p2a: Piupiupiu
|-immune|p2a: Piupiupiu
|
|-weather|Sandstorm|[upkeep]
|upkeep
|turn|31
|inactive|HaxerAreBastards has 120 seconds left.
|inactive|HaxerAreBastards has 90 seconds left.
|
|switch|p1a: Infernape|Infernape, F|100/100
|-damage|p1a: Infernape|88/100|[from] Stealth Rock
|move|p2a: Piupiupiu|Spikes|p1a: Infernape
|-sidestart|p1: HaxerAreBastards|Spikes
|
|-weather|Sandstorm|[upkeep]
|-damage|p1a: Infernape|82/100|[from] Sandstorm
|upkeep
|turn|32
|
|move|p2a: Piupiupiu|Brave Bird|p1a: Infernape
|-supereffective|p1a: Infernape
|-damage|p1a: Infernape|0 fnt
|-damage|p2a: Piupiupiu|64/100|[from] Recoil
|faint|p1a: Infernape
|
|-weather|Sandstorm|[upkeep]
|-fieldend|move: Trick Room
|upkeep
|
|switch|p1a: Bronzong|Bronzong|88/100
|-damage|p1a: Bronzong|82/100|[from] Stealth Rock
|turn|33
|l|‽HaxerAreBastards
|inactive|HaxerAreBastards disconnected and has a minute to reconnect!
|player|p1|
|
|move|p2a: Piupiupiu|Roost|p2a: Piupiupiu
|-heal|p2a: Piupiupiu|100/100
|-singleturn|p2a: Piupiupiu|move: Roost
|move|p1a: Bronzong|Explosion|p2a: Piupiupiu
|-resisted|p2a: Piupiupiu
|-damage|p2a: Piupiupiu|78/100
|faint|p1a: Bronzong
|
|win|STATS Xavi
|raw|HaxerAreBastards's rating: 1436 &rarr; <strong>1409</strong><br />(-27 for losing)
|raw|STATS Xavi's rating: 1316 &rarr; <strong>1343</strong><br />(+27 for winning)
