|join|filipmerda
|join|katerina2
|player|p1|filipmerda|283
|player|p2|katerina2|150
|gametype|singles
|gen|5
|tier|[Gen 5] OU
|rated
|rule|Evasion Abilities Clause: Evasion abilities are banned
|clearpoke
|poke|p1|Scizor, M
|poke|p1|Garchomp, F
|poke|p1|Latios, M
|poke|p1|Tyranitar, M
|poke|p1|Landorus-Therian, M
|poke|p1|Keldeo
|poke|p2|Shaymin, shiny
|poke|p2|Espeon, M
|poke|p2|Dragonite, M
|poke|p2|Mew
|poke|p2|Swampert, M
|poke|p2|Scizor, M
|rule|Sleep Clause Mod: Limit one foe put to sleep
|rule|Species Clause: Limit one of each Pokemon
|rule|OHKO Clause: OHKO moves are banned
|rule|Moody Clause: Moody is banned
|rule|Evasion Moves Clause: Evasion moves are banned
|rule|Endless Battle Clause: Forcing endless battles is banned
|rule|HP Percentage Mod: HP is reported as percentages
|teampreview
|
|start
|switch|p1a: Landorus-Therian|Landorus-Therian, M|381/381
|switch|p2a: Rex|Swampert, M|404/404
|-ability|p1a: Landorus-Therian|Intimidate|[of] p2a: Rex
|-unboost|p2a: Rex|atk|1
|turn|1
|
|move|p1a: Landorus-Therian|Stealth Rock|p2a: Rex
|-sidestart|p2: katerina2|move: Stealth Rock
|move|p2a: Rex|Stealth Rock|p1a: Landorus-Therian
|-sidestart|p1: filipmerda|move: Stealth Rock
|
|turn|2
|
|move|p1a: Landorus-Therian|U-turn|p2a: Rex
|-damage|p2a: Rex|337/404
|
|switch|p1a: Keldeo|Keldeo|323/323
|-damage|p1a: Keldeo|303/323|[from] Stealth Rock
|move|p2a: Rex|Waterfall|p1a: Keldeo
|-resisted|p1a: Keldeo
|-damage|p1a: Keldeo|260/323
|
|-heal|p1a: Keldeo|280/323|[from] item: Leftovers
|-heal|p2a: Rex|362/404|[from] item: Leftovers
|turn|3
|
|move|p1a: Keldeo|Substitute|p1a: Keldeo
|-start|p1a: Keldeo|Substitute
|-damage|p1a: Keldeo|200/323
|move|p2a: Rex|Roar|p1a: Keldeo
|drag|p1a: Latios|Latios, M|301/301
|-damage|p1a: Latios|264/301|[from] Stealth Rock
|
|-heal|p2a: Rex|387/404|[from] item: Leftovers
|turn|4
|
|move|p1a: Latios|Draco Meteor|p2a: Rex
|-damage|p2a: Rex|0 fnt
|-unboost|p1a: Latios|spa|2
|faint|p2a: Rex
|
|
|switch|p2a: She-Grey|Espeon, M|334/334
|-damage|p2a: She-Grey|293/334|[from] Stealth Rock
|turn|5
|
|switch|p1a: Scizor|Scizor, M|344/344
|-damage|p1a: Scizor|301/344|[from] Stealth Rock
|move|p2a: She-Grey|Reflect|p2a: She-Grey
|-sidestart|p2: katerina2|Reflect
|
|-heal|p2a: She-Grey|313/334|[from] item: Leftovers
|turn|6
|
|move|p2a: She-Grey|Hidden Power|p1a: Scizor
|-supereffective|p1a: Scizor
|-damage|p1a: Scizor|0 fnt
|faint|p1a: Scizor
|
|-heal|p2a: She-Grey|333/334|[from] item: Leftovers
|
|switch|p1a: Tyranitar|Tyranitar, M|404/404
|-damage|p1a: Tyranitar|354/404|[from] Stealth Rock
|-weather|Sandstorm|[from] ability: Sand Stream|[of] p1a: Tyranitar
|turn|7
|
|move|p2a: She-Grey|Grass Knot|p1a: Tyranitar
|-supereffective|p1a: Tyranitar
|-damage|p1a: Tyranitar|246/404
|move|p1a: Tyranitar|Crunch|p2a: She-Grey
|-supereffective|p2a: She-Grey
|-damage|p2a: She-Grey|143/334
|
|-weather|Sandstorm|[upkeep]
|-damage|p2a: She-Grey|123/334|[from] sandstorm
|-heal|p2a: She-Grey|143/334|[from] item: Leftovers
|-heal|p1a: Tyranitar|271/404|[from] item: Leftovers
|turn|8
|
|move|p2a: She-Grey|Grass Knot|p1a: Tyranitar
|-supereffective|p1a: Tyranitar
|-damage|p1a: Tyranitar|153/404
|move|p1a: Tyranitar|Crunch|p2a: She-Grey
|-supereffective|p2a: She-Grey
|-damage|p2a: She-Grey|0 fnt
|faint|p2a: She-Grey
|
|-weather|Sandstorm|[upkeep]
|-heal|p1a: Tyranitar|178/404|[from] item: Leftovers
|
|switch|p2a: Scizor|Scizor, M|344/344
|-damage|p2a: Scizor|301/344|[from] Stealth Rock
|turn|9
|
|switch|p1a: Landorus-Therian|Landorus-Therian, M|381/381
|-damage|p1a: Landorus-Therian|334/381|[from] Stealth Rock
|-ability|p1a: Landorus-Therian|Intimidate|[of] p2a: Scizor
|-unboost|p2a: Scizor|atk|1
|move|p2a: Scizor|Swords Dance|p2a: Scizor
|-boost|p2a: Scizor|atk|2
|
|-weather|Sandstorm|[upkeep]
|-heal|p1a: Landorus-Therian|357/381|[from] item: Leftovers
|-heal|p2a: Scizor|322/344|[from] item: Leftovers
|-sideend|p2: katerina2|Reflect
|turn|10
|
|move|p2a: Scizor|Bullet Punch|p1a: Landorus-Therian
|-damage|p1a: Landorus-Therian|212/381
|move|p1a: Landorus-Therian|Earthquake|p2a: Scizor
|-damage|p2a: Scizor|154/344
|
|-weather|Sandstorm|[upkeep]
|-heal|p1a: Landorus-Therian|235/381|[from] item: Leftovers
|-heal|p2a: Scizor|175/344|[from] item: Leftovers
|turn|11
|
|switch|p2a: Mike|Dragonite, M|386/386
|-damage|p2a: Mike|290/386|[from] Stealth Rock
|move|p1a: Landorus-Therian|Earthquake|p2a: Mike
|-immune|p2a: Mike|[msg]
|
|-weather|Sandstorm|[upkeep]
|-damage|p2a: Mike|266/386|[from] sandstorm
|-heal|p1a: Landorus-Therian|258/381|[from] item: Leftovers
|-heal|p2a: Mike|290/386|[from] item: Leftovers
|turn|12
|
|move|p1a: Landorus-Therian|Hidden Power|p2a: Mike
|-supereffective|p2a: Mike
|-damage|p2a: Mike|62/386
|move|p2a: Mike|Ice Beam|p1a: Landorus-Therian
|-supereffective|p1a: Landorus-Therian
|-damage|p1a: Landorus-Therian|0 fnt
|faint|p1a: Landorus-Therian
|
|-weather|Sandstorm|[upkeep]
|-damage|p2a: Mike|38/386|[from] sandstorm
|-heal|p2a: Mike|62/386|[from] item: Leftovers
|
|switch|p1a: Latios|Latios, M|264/301
|-damage|p1a: Latios|227/301|[from] Stealth Rock
|turn|13
|
|move|p1a: Latios|Draco Meteor|p2a: Mike
|-supereffective|p2a: Mike
|-damage|p2a: Mike|0 fnt
|-unboost|p1a: Latios|spa|2
|faint|p2a: Mike
|
|-weather|Sandstorm|[upkeep]
|-damage|p1a: Latios|209/301|[from] sandstorm
|
|switch|p2a: Scizor|Scizor, M|175/344
|-damage|p2a: Scizor|132/344|[from] Stealth Rock
|turn|14
|
|switch|p1a: Tyranitar|Tyranitar, M|178/404
|-damage|p1a: Tyranitar|128/404|[from] Stealth Rock
|move|p2a: Scizor|Swords Dance|p2a: Scizor
|-boost|p2a: Scizor|atk|2
|
|-weather|Sandstorm|[upkeep]
|-heal|p2a: Scizor|153/344|[from] item: Leftovers
|-heal|p1a: Tyranitar|153/404|[from] item: Leftovers
|turn|15
|
|move|p2a: Scizor|Bullet Punch|p1a: Tyranitar
|-supereffective|p1a: Tyranitar
|-damage|p1a: Tyranitar|0 fnt
|faint|p1a: Tyranitar
|
|-weather|Sandstorm|[upkeep]
|-heal|p2a: Scizor|174/344|[from] item: Leftovers
|
|switch|p1a: Keldeo|Keldeo|200/323
|-damage|p1a: Keldeo|180/323|[from] Stealth Rock
|turn|16
|
|move|p2a: Scizor|Bullet Punch|p1a: Keldeo
|-crit|p1a: Keldeo
|-resisted|p1a: Keldeo
|-damage|p1a: Keldeo|0 fnt
|faint|p1a: Keldeo
|
|-weather|Sandstorm|[upkeep]
|-heal|p2a: Scizor|195/344|[from] item: Leftovers
|
|switch|p1a: Garchomp|Garchomp, F|358/358
|-damage|p1a: Garchomp|336/358|[from] Stealth Rock
|turn|17
|
|move|p2a: Scizor|Bullet Punch|p1a: Garchomp
|-damage|p1a: Garchomp|90/358
|-damage|p2a: Scizor|152/344|[from] ability: Rough Skin|[of] p1a: Garchomp
|move|p1a: Garchomp|Earthquake|p2a: Scizor
|-damage|p2a: Scizor|0 fnt
|faint|p2a: Scizor
|
|-weather|Sandstorm|[upkeep]
|
|switch|p2a: Cuddles v2|Shaymin, shiny|404/404
|-damage|p2a: Cuddles v2|354/404|[from] Stealth Rock
|turn|18
|
|switch|p1a: Latios|Latios, M|209/301
|-damage|p1a: Latios|172/301|[from] Stealth Rock
|move|p2a: Cuddles v2|Leech Seed|p1a: Latios|[miss]
|-miss|p2a: Cuddles v2|p1a: Latios
|
|-weather|Sandstorm|[upkeep]
|-damage|p1a: Latios|154/301|[from] sandstorm
|-damage|p2a: Cuddles v2|329/404|[from] sandstorm
|-heal|p2a: Cuddles v2|354/404|[from] item: Leftovers
|turn|19
|
|move|p1a: Latios|Draco Meteor|p2a: Cuddles v2
|-damage|p2a: Cuddles v2|57/404
|-unboost|p1a: Latios|spa|2
|move|p2a: Cuddles v2|Leech Seed|p1a: Latios
|-start|p1a: Latios|move: Leech Seed
|
|-weather|Sandstorm|[upkeep]
|-damage|p1a: Latios|136/301|[from] sandstorm
|-damage|p2a: Cuddles v2|32/404|[from] sandstorm
|-heal|p2a: Cuddles v2|57/404|[from] item: Leftovers
|-damage|p1a: Latios|99/301|[from] Leech Seed|[of] p2a: Cuddles v2
|-heal|p2a: Cuddles v2|94/404|[silent]
|turn|20
|
|move|p1a: Latios|Draco Meteor|p2a: Cuddles v2
|-damage|p2a: Cuddles v2|0 fnt
|-unboost|p1a: Latios|spa|2
|faint|p2a: Cuddles v2
|
|-weather|Sandstorm|[upkeep]
|-damage|p1a: Latios|81/301|[from] sandstorm
|
|switch|p2a: Cuddles|Mew|404/404
|-damage|p2a: Cuddles|354/404|[from] Stealth Rock
|turn|21
|
|move|p1a: Latios|Draco Meteor|p2a: Cuddles|[miss]
|-miss|p1a: Latios|p2a: Cuddles
|move|p2a: Cuddles|Ice Beam|p1a: Latios
|-supereffective|p1a: Latios
|-damage|p1a: Latios|0 fnt
|faint|p1a: Latios
|
|-weather|Sandstorm|[upkeep]
|-damage|p2a: Cuddles|329/404|[from] sandstorm
|
|switch|p1a: Garchomp|Garchomp, F|90/358
|-damage|p1a: Garchomp|68/358|[from] Stealth Rock
|turn|22
|
|move|p1a: Garchomp|Outrage|p2a: Cuddles
|-damage|p2a: Cuddles|101/404
|move|p2a: Cuddles|Ice Beam|p1a: Garchomp
|-supereffective|p1a: Garchomp
|-damage|p1a: Garchomp|0 fnt
|faint|p1a: Garchomp
|
|win|katerina2
|raw|Ladder updating...
|raw|filipmerda's rating: 1381 &rarr; <strong>1361</strong><br />(-20 for losing)
|raw|katerina2's rating: 1372 &rarr; <strong>1393</strong><br />(+21 for winning)
|leave|katerina2
|player|p2