|j|☆BWVC BookofConke
|j|☆E.V.A 008
|t:|1717087273
|gametype|singles
|player|p1|BWVC BookofConke|silver|1480
|player|p2|E.V.A 008|steven|1368
|teamsize|p1|6
|teamsize|p2|6
|gen|5
|tier|[Gen 5] OU
|rated|
|rule|Species Clause: Limit one of each Pokémon
|rule|OHKO Clause: OHKO moves are banned
|rule|Moody Clause: Moody is banned
|rule|Evasion Items Clause: Evasion items are banned
|rule|Evasion Moves Clause: Evasion moves are banned
|rule|Endless Battle Clause: Forcing endless battles is banned
|rule|HP Percentage Mod: HP is shown in percentages
|rule|Evasion Abilities Clause: Evasion abilities are banned
|rule|Sleep Moves Clause: Sleep-inducing moves are banned
|rule|Swagger Clause: Swagger is banned
|rule|Baton Pass Stat Clause: No Baton Passer may have a way to boost its stats
|clearpoke
|poke|p1|Abomasnow, F|item
|poke|p1|Kyurem-Black|item
|poke|p1|Latios, M|item
|poke|p1|Garchomp, M|item
|poke|p1|Starmie|item
|poke|p1|Jirachi|item
|poke|p2|Jirachi|item
|poke|p2|Magnezone|item
|poke|p2|Latios, M|item
|poke|p2|Garchomp, M|item
|poke|p2|Kyurem-Black|item
|poke|p2|Salamence, M|item
|teampreview
|
|t:|1717087305
|start
|switch|p1a: Abomasnow|Abomasnow, F|100/100
|switch|p2a: Kyurem|Kyurem-Black|100/100
|-ability|p2a: Kyurem|Teravolt
|-weather|Hail|[from] ability: Snow Warning|[of] p1a: Abomasnow
|turn|1
|
|t:|1717087335
|move|p2a: Kyurem|Dragon Claw|p1a: Abomasnow
|-enditem|p1a: Abomasnow|Focus Sash
|-damage|p1a: Abomasnow|1/100
|move|p1a: Abomasnow|Blizzard|p2a: Kyurem
|-damage|p2a: Kyurem|49/100
|
|-weather|Hail|[upkeep]
|upkeep
|turn|2
|
|t:|1717087364
|move|p1a: Abomasnow|Ice Shard|p2a: Kyurem
|-damage|p2a: Kyurem|37/100
|move|p2a: Kyurem|Dragon Claw|p1a: Abomasnow
|-damage|p1a: Abomasnow|0 fnt
|faint|p1a: Abomasnow
|
|-weather|Hail|[upkeep]
|upkeep
|
|t:|1717087379
|switch|p1a: Latios|Latios, M|100/100
|turn|3
|
|t:|1717087391
|switch|p1a: Garchomp|Garchomp, M|100/100
|move|p2a: Kyurem|Dragon Claw|p1a: Garchomp
|-supereffective|p1a: Garchomp
|-damage|p1a: Garchomp|0 fnt
|-damage|p2a: Kyurem|24/100|[from] ability: Rough Skin|[of] p1a: Garchomp
|faint|p1a: Garchomp
|
|-weather|Hail|[upkeep]
|upkeep
|
|t:|1717087407
|switch|p1a: Starmie|Starmie|100/100
|-item|p1a: Starmie|Air Balloon
|turn|4
|
|t:|1717087412
|move|p1a: Starmie|Hydro Pump|p2a: Kyurem|[miss]
|-miss|p1a: Starmie|p2a: Kyurem
|move|p2a: Kyurem|Dragon Claw|p1a: Starmie
|-damage|p1a: Starmie|0 fnt
|-enditem|p1a: Starmie|Air Balloon
|faint|p1a: Starmie
|
|-weather|Hail|[upkeep]
|upkeep
|
|t:|1717087426
|switch|p1a: Latios|Latios, M|100/100
|turn|5
|
|t:|1717087434
|move|p1a: Latios|Draco Meteor|p2a: Kyurem
|-supereffective|p2a: Kyurem
|-damage|p2a: Kyurem|0 fnt
|-unboost|p1a: Latios|spa|2
|faint|p2a: Kyurem
|
|-weather|Hail|[upkeep]
|-damage|p1a: Latios|95/100|[from] Hail
|upkeep
|
|t:|1717087437
|switch|p2a: Jirachi|Jirachi|100/100
|turn|6
|c|☆BWVC BookofConke|Remind me never to double ever again
|
|t:|1717087459
|switch|p1a: Jirachi|Jirachi|100/100
|move|p2a: Jirachi|Stealth Rock|p1a: Jirachi
|-sidestart|p1: BWVC BookofConke|move: Stealth Rock
|
|-weather|Hail|[upkeep]
|-damage|p1a: Jirachi|94/100|[from] Hail
|-damage|p2a: Jirachi|94/100|[from] Hail
|-heal|p1a: Jirachi|100/100|[from] item: Leftovers
|-heal|p2a: Jirachi|100/100|[from] item: Leftovers
|upkeep
|turn|7
|
|t:|1717087474
|move|p1a: Jirachi|Fire Punch|p2a: Jirachi
|-supereffective|p2a: Jirachi
|-damage|p2a: Jirachi|71/100
|move|p2a: Jirachi|U-turn|p1a: Jirachi
|-damage|p1a: Jirachi|87/100
|
|t:|1717087478
|switch|p2a: Magnezone|Magnezone|100/100|[from] U-turn
|-item|p2a: Magnezone|Air Balloon
|
|-weather|Hail|[upkeep]
|-damage|p1a: Jirachi|80/100|[from] Hail
|-damage|p2a: Magnezone|94/100|[from] Hail
|-heal|p1a: Jirachi|87/100|[from] item: Leftovers
|upkeep
|turn|8
|
|t:|1717087503
|move|p1a: Jirachi|Stealth Rock|p2a: Magnezone
|-sidestart|p2: E.V.A 008|move: Stealth Rock
|move|p2a: Magnezone|Hidden Power|p1a: Jirachi
|-supereffective|p1a: Jirachi
|-damage|p1a: Jirachi|51/100
|
|-weather|Hail|[upkeep]
|-damage|p1a: Jirachi|45/100|[from] Hail
|-damage|p2a: Magnezone|88/100|[from] Hail
|-heal|p1a: Jirachi|51/100|[from] item: Leftovers
|upkeep
|turn|9
|
|t:|1717087516
|move|p1a: Jirachi|Fire Punch|p2a: Magnezone
|-supereffective|p2a: Magnezone
|-damage|p2a: Magnezone|49/100
|-enditem|p2a: Magnezone|Air Balloon
|move|p2a: Magnezone|Hidden Power|p1a: Jirachi
|-supereffective|p1a: Jirachi
|-damage|p1a: Jirachi|15/100
|
|-weather|Hail|[upkeep]
|-damage|p1a: Jirachi|9/100|[from] Hail
|-damage|p2a: Magnezone|43/100|[from] Hail
|-heal|p1a: Jirachi|15/100|[from] item: Leftovers
|upkeep
|turn|10
|
|t:|1717087529
|move|p1a: Jirachi|U-turn|p2a: Magnezone
|-resisted|p2a: Magnezone
|-damage|p2a: Magnezone|34/100
|
|t:|1717087550
|switch|p1a: Kyurem|Kyurem-Black|100/100|[from] U-turn
|-damage|p1a: Kyurem|76/100|[from] Stealth Rock
|-ability|p1a: Kyurem|Teravolt
|move|p2a: Magnezone|Hidden Power|p1a: Kyurem
|-damage|p1a: Kyurem|50/100
|
|-weather|Hail|[upkeep]
|-damage|p2a: Magnezone|28/100|[from] Hail
|upkeep
|turn|11
|
|t:|1717087561
|move|p1a: Kyurem|Substitute|p1a: Kyurem
|-start|p1a: Kyurem|Substitute
|-damage|p1a: Kyurem|25/100
|move|p2a: Magnezone|Hidden Power|p1a: Kyurem
|-activate|p1a: Kyurem|Substitute|[damage]
|
|-weather|Hail|[upkeep]
|-damage|p2a: Magnezone|21/100|[from] Hail
|upkeep
|turn|12
|
|t:|1717087572
|move|p1a: Kyurem|Fusion Bolt|p2a: Magnezone
|-resisted|p2a: Magnezone
|-damage|p2a: Magnezone|0 fnt
|faint|p2a: Magnezone
|
|-weather|Hail|[upkeep]
|upkeep
|
|t:|1717087575
|switch|p2a: Garchomp|Garchomp, M|100/100
|-damage|p2a: Garchomp|94/100|[from] Stealth Rock
|turn|13
|
|t:|1717087599
|move|p2a: Garchomp|Dual Chop|p1a: Kyurem
|-supereffective|p1a: Kyurem
|-end|p1a: Kyurem|Substitute
|-supereffective|p1a: Kyurem
|-damage|p1a: Kyurem|0 fnt
|faint|p1a: Kyurem
|-hitcount|p1: Kyurem|2
|
|-weather|Hail|[upkeep]
|-damage|p2a: Garchomp|88/100|[from] Hail
|upkeep
|
|t:|1717087613
|switch|p1a: Latios|Latios, M|95/100
|-damage|p1a: Latios|82/100|[from] Stealth Rock
|turn|14
|
|t:|1717087623
|switch|p2a: Salamence|Salamence, M|100/100
|-damage|p2a: Salamence|76/100|[from] Stealth Rock
|-ability|p2a: Salamence|Intimidate|boost
|-unboost|p1a: Latios|atk|1
|move|p1a: Latios|Surf|p2a: Salamence
|-resisted|p2a: Salamence
|-damage|p2a: Salamence|55/100
|
|-weather|Hail|[upkeep]
|-damage|p1a: Latios|76/100|[from] Hail
|-damage|p2a: Salamence|49/100|[from] Hail
|upkeep
|turn|15
|
|t:|1717087638
|move|p1a: Latios|Draco Meteor|p2a: Salamence|[miss]
|-miss|p1a: Latios|p2a: Salamence
|move|p2a: Salamence|Draco Meteor|p1a: Latios
|-supereffective|p1a: Latios
|-damage|p1a: Latios|0 fnt
|-unboost|p2a: Salamence|spa|2
|faint|p1a: Latios
|-damage|p2a: Salamence|39/100|[from] item: Life Orb
|
|-weather|Hail|[upkeep]
|-damage|p2a: Salamence|33/100|[from] Hail
|upkeep
|
|t:|1717087651
|switch|p1a: Jirachi|Jirachi|15/100
|-damage|p1a: Jirachi|9/100|[from] Stealth Rock
|turn|16
|
|t:|1717087660
|move|p2a: Salamence|Fire Blast|p1a: Jirachi
|-supereffective|p1a: Jirachi
|-damage|p1a: Jirachi|0 fnt
|faint|p1a: Jirachi
|-damage|p2a: Salamence|23/100|[from] item: Life Orb
|
|win|E.V.A 008
|raw|BWVC BookofConke's rating: 1480 &rarr; <strong>1454</strong><br />(-26 for losing)
|raw|E.V.A 008's rating: 1368 &rarr; <strong>1394</strong><br />(+26 for winning)
|l|☆E.V.A 008
|player|p2|
