|j|☆Darkininha
|j|☆Croaset
|t:|1702831775
|gametype|singles
|player|p1|Darkininha|rocketgruntf|1475
|player|p2|Croaset|elesa|1366
|teamsize|p1|6
|teamsize|p2|6
|gen|5
|tier|[Gen 5] OU
|rated|
|rule|Species Clause: Limit one of each Pokémon
|rule|OHKO Clause: OHKO moves are banned
|rule|Moody Clause: Moody is banned
|rule|Evasion Items Clause: Evasion items are banned
|rule|Evasion Moves Clause: Evasion moves are banned
|rule|Endless Battle Clause: Forcing endless battles is banned
|rule|HP Percentage Mod: HP is shown in percentages
|rule|Evasion Abilities Clause: Evasion abilities are banned
|rule|Sleep Moves Clause: Sleep-inducing moves are banned
|rule|Swagger Clause: Swagger is banned
|rule|Baton Pass Stat Clause: No Baton Passer may have a way to boost its stats
|clearpoke
|poke|p1|Tyranitar, F|item
|poke|p1|Slowking, F|item
|poke|p1|Amoonguss, M|item
|poke|p1|Breloom, F|item
|poke|p1|Donphan, M|item
|poke|p1|Togekiss, M|item
|poke|p2|Tyranitar, M|item
|poke|p2|Landorus-Therian, M|item
|poke|p2|Terrakion|item
|poke|p2|Celebi|item
|poke|p2|Excadrill, M|item
|poke|p2|Keldeo|item
|teampreview
|inactive|Battle timer is ON: inactive players will automatically lose when time's up. (requested by Darkininha)
|
|t:|1702831792
|start
|switch|p1a: Amoonguss|Amoonguss, M|100/100
|switch|p2a: Scary Monsters|Landorus-Therian, M|100/100
|-ability|p2a: Scary Monsters|Intimidate|boost
|-unboost|p1a: Amoonguss|atk|1
|turn|1
|
|t:|1702831806
|move|p2a: Scary Monsters|U-turn|p1a: Amoonguss
|-damage|p1a: Amoonguss|85/100
|
|t:|1702831811
|switch|p2a: Green Green Grass|Celebi|100/100|[from] U-turn
|move|p1a: Amoonguss|Stun Spore|p2a: Green Green Grass|[miss]
|-miss|p1a: Amoonguss|p2a: Green Green Grass
|
|-heal|p1a: Amoonguss|92/100|[from] item: Black Sludge
|upkeep
|turn|2
|
|t:|1702831833
|switch|p1a: Tyranitar|Tyranitar, F|100/100
|-weather|Sandstorm|[from] ability: Sand Stream|[of] p1a: Tyranitar
|move|p2a: Green Green Grass|Substitute|p2a: Green Green Grass
|-start|p2a: Green Green Grass|Substitute
|-damage|p2a: Green Green Grass|75/100
|
|-weather|Sandstorm|[upkeep]
|-damage|p2a: Green Green Grass|69/100|[from] Sandstorm
|-heal|p2a: Green Green Grass|75/100|[from] item: Leftovers
|upkeep
|turn|3
|
|t:|1702831840
|move|p2a: Green Green Grass|Baton Pass|p2a: Green Green Grass
|
|t:|1702831846
|switch|p2a: Made in Heaven|Keldeo|100/100|[from] Baton Pass
|move|p1a: Tyranitar|Stealth Rock|p2a: Made in Heaven
|-sidestart|p2: Croaset|move: Stealth Rock
|
|-weather|Sandstorm|[upkeep]
|-damage|p2a: Made in Heaven|94/100|[from] Sandstorm
|-heal|p2a: Made in Heaven|100/100|[from] item: Leftovers
|upkeep
|turn|4
|j| Loskzi9
|
|t:|1702831856
|switch|p1a: Amoonguss|Amoonguss, M|100/100
|move|p2a: Made in Heaven|Scald|p1a: Amoonguss
|-resisted|p1a: Amoonguss
|-damage|p1a: Amoonguss|82/100
|
|-weather|Sandstorm|[upkeep]
|-damage|p2a: Made in Heaven|94/100|[from] Sandstorm
|-damage|p1a: Amoonguss|76/100|[from] Sandstorm
|-heal|p2a: Made in Heaven|100/100|[from] item: Leftovers
|-heal|p1a: Amoonguss|82/100|[from] item: Black Sludge
|upkeep
|turn|5
|
|t:|1702831861
|move|p2a: Made in Heaven|Scald|p1a: Amoonguss
|-resisted|p1a: Amoonguss
|-damage|p1a: Amoonguss|61/100
|-status|p1a: Amoonguss|brn
|move|p1a: Amoonguss|Giga Drain|p2a: Made in Heaven
|-supereffective|p2a: Made in Heaven
|-end|p2a: Made in Heaven|Substitute
|-heal|p1a: Amoonguss|73/100 brn|[from] drain|[of] p2a: Made in Heaven
|
|-weather|Sandstorm|[upkeep]
|-damage|p2a: Made in Heaven|94/100|[from] Sandstorm
|-damage|p1a: Amoonguss|67/100 brn|[from] Sandstorm
|-heal|p2a: Made in Heaven|100/100|[from] item: Leftovers
|-heal|p1a: Amoonguss|73/100 brn|[from] item: Black Sludge
|-damage|p1a: Amoonguss|61/100 brn|[from] brn
|upkeep
|turn|6
|
|t:|1702831889
|switch|p2a: Green Green Grass|Celebi|75/100
|-damage|p2a: Green Green Grass|63/100|[from] Stealth Rock
|move|p1a: Amoonguss|Stun Spore|p2a: Green Green Grass
|-status|p2a: Green Green Grass|par
|
|-weather|Sandstorm|[upkeep]
|-damage|p1a: Amoonguss|54/100 brn|[from] Sandstorm
|-damage|p2a: Green Green Grass|57/100 par|[from] Sandstorm
|-heal|p1a: Amoonguss|61/100 brn|[from] item: Black Sludge
|-heal|p2a: Green Green Grass|63/100 par|[from] item: Leftovers
|-damage|p1a: Amoonguss|48/100 brn|[from] brn
|upkeep
|turn|7
|
|t:|1702831903
|move|p1a: Amoonguss|Clear Smog|p2a: Green Green Grass
|-supereffective|p2a: Green Green Grass
|-damage|p2a: Green Green Grass|42/100 par
|-clearboost|p2a: Green Green Grass
|cant|p2a: Green Green Grass|par
|
|-weather|Sandstorm|[upkeep]
|-damage|p1a: Amoonguss|42/100 brn|[from] Sandstorm
|-damage|p2a: Green Green Grass|36/100 par|[from] Sandstorm
|-heal|p1a: Amoonguss|48/100 brn|[from] item: Black Sludge
|-heal|p2a: Green Green Grass|42/100 par|[from] item: Leftovers
|-damage|p1a: Amoonguss|36/100 brn|[from] brn
|upkeep
|turn|8
|
|t:|1702831917
|switch|p1a: Tyranitar|Tyranitar, F|100/100
|cant|p2a: Green Green Grass|par
|
|-weather|Sandstorm|[upkeep]
|-damage|p2a: Green Green Grass|36/100 par|[from] Sandstorm
|-heal|p2a: Green Green Grass|42/100 par|[from] item: Leftovers
|upkeep
|turn|9
|
|t:|1702831923
|-curestatus|p2a: Green Green Grass|par|[from] ability: Natural Cure
|switch|p2a: Tusk|Terrakion, shiny|100/100
|-damage|p2a: Tusk|94/100|[from] Stealth Rock
|move|p1a: Tyranitar|Crunch|p2a: Tusk
|-resisted|p2a: Tusk
|-damage|p2a: Tusk|75/100
|-ability|p2a: Tusk|Justified|boost
|-boost|p2a: Tusk|atk|1
|
|-weather|Sandstorm|[upkeep]
|upkeep
|turn|10
|
|t:|1702831934
|switch|p1a: Slowking|Slowking, F|100/100
|move|p2a: Tusk|Close Combat|p1a: Slowking
|-resisted|p1a: Slowking
|-damage|p1a: Slowking|54/100
|-unboost|p2a: Tusk|def|1
|-unboost|p2a: Tusk|spd|1
|
|-weather|Sandstorm|[upkeep]
|-damage|p1a: Slowking|48/100|[from] Sandstorm
|-heal|p1a: Slowking|54/100|[from] item: Leftovers
|upkeep
|turn|11
|
|t:|1702831940
|switch|p2a: Heavy Weather|Tyranitar, M|100/100
|-damage|p2a: Heavy Weather|88/100|[from] Stealth Rock
|move|p1a: Slowking|Thunder Wave|p2a: Heavy Weather
|-status|p2a: Heavy Weather|par
|
|-weather|Sandstorm|[upkeep]
|-damage|p1a: Slowking|48/100|[from] Sandstorm
|-heal|p1a: Slowking|54/100|[from] item: Leftovers
|upkeep
|turn|12
|
|t:|1702831946
|switch|p1a: Breloom|Breloom, F|100/100
|cant|p2a: Heavy Weather|par
|
|-weather|Sandstorm|[upkeep]
|-damage|p1a: Breloom|94/100|[from] Sandstorm
|-status|p1a: Breloom|tox|[from] item: Toxic Orb
|upkeep
|turn|13
|
|t:|1702831951
|switch|p2a: Scary Monsters|Landorus-Therian, M|100/100
|-damage|p2a: Scary Monsters|88/100|[from] Stealth Rock
|-ability|p2a: Scary Monsters|Intimidate|boost
|-unboost|p1a: Breloom|atk|1
|move|p1a: Breloom|Bulk Up|p1a: Breloom
|-boost|p1a: Breloom|atk|1
|-boost|p1a: Breloom|def|1
|
|-weather|Sandstorm|[upkeep]
|-damage|p1a: Breloom|88/100 tox|[from] Sandstorm
|-heal|p2a: Scary Monsters|94/100|[from] item: Leftovers
|-heal|p1a: Breloom|100/100 tox|[from] ability: Poison Heal
|upkeep
|turn|14
|l| Loskzi9
|
|t:|1702831979
|move|p2a: Scary Monsters|Stealth Rock|p1a: Breloom
|-sidestart|p1: Darkininha|move: Stealth Rock
|move|p1a: Breloom|Bulk Up|p1a: Breloom
|-boost|p1a: Breloom|atk|1
|-boost|p1a: Breloom|def|1
|
|-weather|Sandstorm|[upkeep]
|-damage|p1a: Breloom|94/100 tox|[from] Sandstorm
|-heal|p2a: Scary Monsters|99/100|[from] item: Leftovers
|-heal|p1a: Breloom|100/100 tox|[from] ability: Poison Heal
|upkeep
|turn|15
|
|t:|1702831981
|move|p2a: Scary Monsters|Hidden Power|p1a: Breloom
|-supereffective|p1a: Breloom
|-damage|p1a: Breloom|68/100 tox
|move|p1a: Breloom|Bulk Up|p1a: Breloom
|-boost|p1a: Breloom|atk|1
|-boost|p1a: Breloom|def|1
|
|-weather|Sandstorm|[upkeep]
|-damage|p1a: Breloom|62/100 tox|[from] Sandstorm
|-heal|p2a: Scary Monsters|100/100|[from] item: Leftovers
|-heal|p1a: Breloom|74/100 tox|[from] ability: Poison Heal
|upkeep
|turn|16
|
|t:|1702831992
|move|p2a: Scary Monsters|U-turn|p1a: Breloom
|-damage|p1a: Breloom|63/100 tox
|
|t:|1702831994
|switch|p2a: Green Green Grass|Celebi|42/100|[from] U-turn
|-damage|p2a: Green Green Grass|30/100|[from] Stealth Rock
|move|p1a: Breloom|Seed Bomb|p2a: Green Green Grass
|-resisted|p2a: Green Green Grass
|-damage|p2a: Green Green Grass|0 fnt
|faint|p2a: Green Green Grass
|
|-weather|Sandstorm|[upkeep]
|-damage|p1a: Breloom|57/100 tox|[from] Sandstorm
|-heal|p1a: Breloom|70/100 tox|[from] ability: Poison Heal
|upkeep
|
|t:|1702831999
|switch|p2a: Made in Heaven|Keldeo|100/100
|-damage|p2a: Made in Heaven|94/100|[from] Stealth Rock
|turn|17
|
|t:|1702832004
|move|p2a: Made in Heaven|Icy Wind|p1a: Breloom
|-supereffective|p1a: Breloom
|-damage|p1a: Breloom|27/100 tox
|-unboost|p1a: Breloom|spe|1
|move|p1a: Breloom|Seed Bomb|p2a: Made in Heaven
|-supereffective|p2a: Made in Heaven
|-damage|p2a: Made in Heaven|0 fnt
|faint|p2a: Made in Heaven
|
|-weather|Sandstorm|[upkeep]
|-damage|p1a: Breloom|21/100 tox|[from] Sandstorm
|-heal|p1a: Breloom|34/100 tox|[from] ability: Poison Heal
|upkeep
|
|t:|1702832009
|switch|p2a: Scary Monsters|Landorus-Therian, M|100/100
|-damage|p2a: Scary Monsters|88/100|[from] Stealth Rock
|-ability|p2a: Scary Monsters|Intimidate|boost
|-unboost|p1a: Breloom|atk|1
|turn|18
|
|t:|1702832017
|move|p1a: Breloom|Protect|p1a: Breloom
|-singleturn|p1a: Breloom|Protect
|move|p2a: Scary Monsters|Hidden Power|p1a: Breloom
|-activate|p1a: Breloom|move: Protect
|
|-weather|Sandstorm|[upkeep]
|-damage|p1a: Breloom|27/100 tox|[from] Sandstorm
|-heal|p2a: Scary Monsters|94/100|[from] item: Leftovers
|-heal|p1a: Breloom|40/100 tox|[from] ability: Poison Heal
|upkeep
|turn|19
|
|t:|1702832024
|move|p2a: Scary Monsters|Hidden Power|p1a: Breloom
|-supereffective|p1a: Breloom
|-damage|p1a: Breloom|4/100 tox
|move|p1a: Breloom|Seed Bomb|p2a: Scary Monsters
|-damage|p2a: Scary Monsters|40/100
|
|-weather|Sandstorm|[upkeep]
|-damage|p1a: Breloom|0 fnt|[from] Sandstorm
|faint|p1a: Breloom
|-heal|p2a: Scary Monsters|46/100|[from] item: Leftovers
|upkeep
|j| Loskzi9
|
|t:|1702832052
|switch|p1a: Donphan|Donphan, M|100/100
|-damage|p1a: Donphan|94/100|[from] Stealth Rock
|turn|20
|
|t:|1702832072
|move|p2a: Scary Monsters|Hidden Power|p1a: Donphan
|-supereffective|p1a: Donphan
|-damage|p1a: Donphan|50/100
|move|p1a: Donphan|Rapid Spin|p2a: Scary Monsters
|-damage|p2a: Scary Monsters|39/100
|-sideend|p1: Darkininha|Stealth Rock|[from] move: Rapid Spin|[of] p1a: Donphan
|
|-weather|Sandstorm|[upkeep]
|-heal|p2a: Scary Monsters|45/100|[from] item: Leftovers
|-heal|p1a: Donphan|57/100|[from] item: Leftovers
|upkeep
|turn|21
|
|t:|1702832076
|move|p1a: Donphan|Ice Shard|p2a: Scary Monsters
|-supereffective|p2a: Scary Monsters
|-damage|p2a: Scary Monsters|0 fnt
|faint|p2a: Scary Monsters
|
|-weather|Sandstorm|[upkeep]
|-heal|p1a: Donphan|63/100|[from] item: Leftovers
|upkeep
|
|t:|1702832083
|switch|p2a: Tusk|Terrakion, shiny|75/100
|-damage|p2a: Tusk|69/100|[from] Stealth Rock
|turn|22
|
|t:|1702832089
|move|p2a: Tusk|Close Combat|p1a: Donphan
|-damage|p1a: Donphan|19/100
|-unboost|p2a: Tusk|def|1
|-unboost|p2a: Tusk|spd|1
|move|p1a: Donphan|Earthquake|p2a: Tusk
|-supereffective|p2a: Tusk
|-damage|p2a: Tusk|0 fnt
|faint|p2a: Tusk
|
|-weather|Sandstorm|[upkeep]
|-heal|p1a: Donphan|25/100|[from] item: Leftovers
|upkeep
|
|t:|1702832092
|switch|p2a: Ball Breaker|Excadrill, M|100/100
|-damage|p2a: Ball Breaker|97/100|[from] Stealth Rock
|-ability|p2a: Ball Breaker|Mold Breaker
|turn|23
|
|t:|1702832094
|move|p2a: Ball Breaker|Earthquake|p1a: Donphan
|-damage|p1a: Donphan|0 fnt
|faint|p1a: Donphan
|
|-weather|Sandstorm|[upkeep]
|-heal|p2a: Ball Breaker|100/100|[from] item: Leftovers
|upkeep
|
|t:|1702832103
|switch|p1a: Slowking|Slowking, F|88/100
|turn|24
|
|t:|1702832106
|switch|p2a: Heavy Weather|Tyranitar, M|88/100 par
|-damage|p2a: Heavy Weather|76/100 par|[from] Stealth Rock
|move|p1a: Slowking|Scald|p2a: Heavy Weather
|-supereffective|p2a: Heavy Weather
|-damage|p2a: Heavy Weather|53/100 par
|
|-weather|Sandstorm|[upkeep]
|-damage|p1a: Slowking|81/100|[from] Sandstorm
|-heal|p1a: Slowking|88/100|[from] item: Leftovers
|upkeep
|turn|25
|
|t:|1702832118
|move|p1a: Slowking|Scald|p2a: Heavy Weather
|-supereffective|p2a: Heavy Weather
|-damage|p2a: Heavy Weather|31/100 par
|move|p2a: Heavy Weather|Crunch|p1a: Slowking
|-supereffective|p1a: Slowking
|-damage|p1a: Slowking|17/100
|
|-weather|Sandstorm|[upkeep]
|-damage|p1a: Slowking|11/100|[from] Sandstorm
|-heal|p1a: Slowking|17/100|[from] item: Leftovers
|upkeep
|turn|26
|
|t:|1702832125
|move|p1a: Slowking|Scald|p2a: Heavy Weather
|-supereffective|p2a: Heavy Weather
|-damage|p2a: Heavy Weather|10/100 par
|move|p2a: Heavy Weather|Crunch|p1a: Slowking
|-supereffective|p1a: Slowking
|-damage|p1a: Slowking|0 fnt
|faint|p1a: Slowking
|
|-weather|Sandstorm|[upkeep]
|upkeep
|
|t:|1702832137
|switch|p1a: Amoonguss|Amoonguss, M|69/100 brn
|turn|27
|
|t:|1702832139
|move|p1a: Amoonguss|Giga Drain|p2a: Heavy Weather
|-supereffective|p2a: Heavy Weather
|-damage|p2a: Heavy Weather|0 fnt
|-heal|p1a: Amoonguss|73/100 brn|[from] drain|[of] p2a: Heavy Weather
|faint|p2a: Heavy Weather
|
|-weather|Sandstorm|[upkeep]
|-damage|p1a: Amoonguss|67/100 brn|[from] Sandstorm
|-heal|p1a: Amoonguss|73/100 brn|[from] item: Black Sludge
|-damage|p1a: Amoonguss|61/100 brn|[from] brn
|upkeep
|
|t:|1702832140
|switch|p2a: Ball Breaker|Excadrill, M|100/100
|-damage|p2a: Ball Breaker|97/100|[from] Stealth Rock
|-ability|p2a: Ball Breaker|Mold Breaker
|turn|28
|
|t:|1702832144
|move|p2a: Ball Breaker|Protect|p2a: Ball Breaker
|-singleturn|p2a: Ball Breaker|Protect
|move|p1a: Amoonguss|Stun Spore|p2a: Ball Breaker
|-activate|p2a: Ball Breaker|move: Protect
|
|-weather|Sandstorm|[upkeep]
|-damage|p1a: Amoonguss|55/100 brn|[from] Sandstorm
|-heal|p2a: Ball Breaker|100/100|[from] item: Leftovers
|-heal|p1a: Amoonguss|61/100 brn|[from] item: Black Sludge
|-damage|p1a: Amoonguss|48/100 brn|[from] brn
|upkeep
|turn|29
|
|t:|1702832148
|move|p2a: Ball Breaker|Earthquake|p1a: Amoonguss
|-damage|p1a: Amoonguss|13/100 brn
|move|p1a: Amoonguss|Hidden Power|p2a: Ball Breaker
|-supereffective|p2a: Ball Breaker
|-damage|p2a: Ball Breaker|63/100
|
|-weather|Sandstorm|[upkeep]
|-damage|p1a: Amoonguss|7/100 brn|[from] Sandstorm
|-heal|p2a: Ball Breaker|69/100|[from] item: Leftovers
|-heal|p1a: Amoonguss|13/100 brn|[from] item: Black Sludge
|-damage|p1a: Amoonguss|0 fnt|[from] brn
|faint|p1a: Amoonguss
|upkeep
|
|t:|1702832155
|switch|p1a: Togekiss|Togekiss, M|100/100
|turn|30
|
|t:|1702832157
|move|p2a: Ball Breaker|Protect|p2a: Ball Breaker
|-singleturn|p2a: Ball Breaker|Protect
|move|p1a: Togekiss|Air Slash|p2a: Ball Breaker
|-activate|p2a: Ball Breaker|move: Protect
|
|-weather|Sandstorm|[upkeep]
|-damage|p1a: Togekiss|94/100|[from] Sandstorm
|-heal|p2a: Ball Breaker|75/100|[from] item: Leftovers
|-heal|p1a: Togekiss|100/100|[from] item: Leftovers
|upkeep
|turn|31
|
|t:|1702832160
|move|p2a: Ball Breaker|Rock Slide|p1a: Togekiss
|-supereffective|p1a: Togekiss
|-damage|p1a: Togekiss|38/100
|move|p1a: Togekiss|Air Slash|p2a: Ball Breaker
|-resisted|p2a: Ball Breaker
|-damage|p2a: Ball Breaker|50/100
|
|-weather|Sandstorm|[upkeep]
|-damage|p1a: Togekiss|32/100|[from] Sandstorm
|-heal|p2a: Ball Breaker|56/100|[from] item: Leftovers
|-heal|p1a: Togekiss|38/100|[from] item: Leftovers
|upkeep
|turn|32
|c|☆Darkininha|gg
|-message|Darkininha forfeited.
|
|win|Croaset
|raw|Darkininha's rating: 1475 &rarr; <strong>1449</strong><br />(-26 for losing)
|raw|Croaset's rating: 1366 &rarr; <strong>1392</strong><br />(+26 for winning)
