|j|☆assndix
|j|☆Invisible Enemy
|player|p1|assndix|144
|player|p2|Invisible Enemy|167
|teamsize|p1|6
|teamsize|p2|6
|gametype|singles
|gen|5
|tier|[Gen 5] OU
|rated|
|rule|Sleep Clause Mod: Limit one foe put to sleep
|rule|Species Clause: Limit one of each Pokémon
|rule|OHKO Clause: OHKO moves are banned
|rule|Moody Clause: Moody is banned
|rule|Evasion Moves Clause: Evasion moves are banned
|rule|Endless Battle Clause: Forcing endless battles is banned
|rule|HP Percentage Mod: HP is shown in percentages
|rule|Evasion Abilities Clause: Evasion abilities are banned
|rule|Baton Pass Clause: Limit one Baton Passer, can't pass Spe and other stats simultaneously
|rule|Swagger Clause: Swagger is banned
|clearpoke
|poke|p1|Froslass, F|item
|poke|p1|Garchomp, F|item
|poke|p1|Keldeo|item
|poke|p1|Breloom, F|item
|poke|p1|Scizor, F|item
|poke|p1|Alakazam, M|item
|poke|p2|Politoed, M|item
|poke|p2|Magnezone|item
|poke|p2|Gyarados, F|item
|poke|p2|Ferrothorn, F|item
|poke|p2|Excadrill, F|item
|poke|p2|Latias, F|item
|teampreview
|inactive|Battle timer is ON: inactive players will automatically lose when time's up. (requested by assndix)
|
|start
|switch|p1a: Froslass|Froslass, F|100/100
|switch|p2a: Politoed|Politoed, M|100/100
|-weather|RainDance|[from] ability: Drizzle|[of] p2a: Politoed
|turn|1
|
|move|p1a: Froslass|Spikes|p2a: Politoed
|-sidestart|p2: Invisible Enemy|Spikes
|move|p2a: Politoed|Scald|p1a: Froslass
|-damage|p1a: Froslass|43/100
|
|-weather|RainDance|[upkeep]
|upkeep
|turn|2
|
|switch|p1a: Keldeo|Keldeo|100/100
|move|p2a: Politoed|Scald|p1a: Keldeo
|-resisted|p1a: Keldeo
|-damage|p1a: Keldeo|79/100
|
|-weather|RainDance|[upkeep]
|upkeep
|turn|3
|
|switch|p1a: Scizor|Scizor, F|100/100
|move|p2a: Politoed|Hypnosis|p1a: Scizor
|-status|p1a: Scizor|slp
|
|-weather|RainDance|[upkeep]
|upkeep
|turn|4
|
|switch|p1a: Breloom|Breloom, F|100/100
|move|p2a: Politoed|Scald|p1a: Breloom
|-resisted|p1a: Breloom
|-damage|p1a: Breloom|60/100
|
|-weather|RainDance|[upkeep]
|upkeep
|turn|5
|
|switch|p2a: Ferrothorn|Ferrothorn, F|100/100
|-damage|p2a: Ferrothorn|88/100|[from] Spikes
|move|p1a: Breloom|Spore|p2a: Ferrothorn
|-status|p2a: Ferrothorn|slp
|
|-weather|RainDance|[upkeep]
|-heal|p2a: Ferrothorn|94/100 slp|[from] item: Leftovers
|upkeep
|turn|6
|
|switch|p1a: Froslass|Froslass, F|43/100
|cant|p2a: Ferrothorn|slp
|move|p2a: Ferrothorn|Sleep Talk|p2a: Ferrothorn
|move|p2a: Ferrothorn|Knock Off|p1a: Froslass|[from]Sleep Talk
|-supereffective|p1a: Froslass
|-damage|p1a: Froslass|29/100
|-start|p2a: Ferrothorn|Disable|Sleep Talk|[from] ability: Cursed Body|[of] p1a: Froslass
|-enditem|p1a: Froslass|Focus Sash|[from] move: Knock Off|[of] p2a: Ferrothorn
|
|-weather|RainDance|[upkeep]
|-heal|p2a: Ferrothorn|100/100 slp|[from] item: Leftovers
|upkeep
|turn|7
|
|switch|p2a: Politoed|Politoed, M|100/100
|-damage|p2a: Politoed|88/100|[from] Spikes
|move|p1a: Froslass|Spikes|p2a: Politoed
|-sidestart|p2: Invisible Enemy|Spikes
|
|-weather|RainDance|[upkeep]
|-heal|p2a: Politoed|94/100|[from] item: Leftovers
|upkeep
|turn|8
|
|move|p1a: Froslass|Spikes|p2a: Politoed
|-sidestart|p2: Invisible Enemy|Spikes
|move|p2a: Politoed|Scald|p1a: Froslass
|-damage|p1a: Froslass|0 fnt
|-start|p2a: Politoed|Disable|Scald|[from] ability: Cursed Body|[of] p1a: Froslass
|faint|p1a: Froslass
|
|-weather|RainDance|[upkeep]
|-heal|p2a: Politoed|100/100|[from] item: Leftovers
|upkeep
|
|switch|p1a: Scizor|Scizor, F|100/100 slp
|turn|9
|
|switch|p2a: Gyarados|Gyarados, F|100/100
|-ability|p2a: Gyarados|Intimidate|boost
|-unboost|p1a: Scizor|atk|1
|cant|p1a: Scizor|slp
|
|-weather|RainDance|[upkeep]
|upkeep
|turn|10
|
|switch|p1a: Keldeo|Keldeo|79/100
|move|p2a: Gyarados|Dragon Dance|p2a: Gyarados
|-boost|p2a: Gyarados|atk|1
|-boost|p2a: Gyarados|spe|1
|
|-weather|RainDance|[upkeep]
|upkeep
|turn|11
|
|move|p2a: Gyarados|Bounce||[still]
|-prepare|p2a: Gyarados|Bounce|p1a: Keldeo
|move|p1a: Keldeo|Hidden Power|p2a: Gyarados|[miss]
|-miss|p1a: Keldeo|p2a: Gyarados
|
|-weather|RainDance|[upkeep]
|upkeep
|turn|12
|
|move|p2a: Gyarados|Bounce|p1a: Keldeo|[from]lockedmove
|-supereffective|p1a: Keldeo
|-damage|p1a: Keldeo|0 fnt
|faint|p1a: Keldeo
|
|-weather|RainDance|[upkeep]
|upkeep
|-message|assndix forfeited.
|
|win|Invisible Enemy
|l|☆assndix
|raw|assndix's rating: 1492 &rarr; <strong>1478</strong><br />(-14 for losing)
|raw|Invisible Enemy's rating: 1599 &rarr; <strong>1613</strong><br />(+14 for winning)
|l|☆Invisible Enemy
|j| Empyreal Paradigm
