|j|☆Croaset
|j|☆EliteGarchxmp
|t:|1706207083
|gametype|singles
|player|p1|Croaset|elesa|1369
|player|p2|EliteGarchxmp|steven|1350
|teamsize|p1|6
|teamsize|p2|6
|gen|5
|tier|[Gen 5] OU
|rated|
|rule|Species Clause: Limit one of each Pokémon
|rule|OHKO Clause: OHKO moves are banned
|rule|Moody Clause: Moody is banned
|rule|Evasion Items Clause: Evasion items are banned
|rule|Evasion Moves Clause: Evasion moves are banned
|rule|Endless Battle Clause: Forcing endless battles is banned
|rule|HP Percentage Mod: HP is shown in percentages
|rule|Evasion Abilities Clause: Evasion abilities are banned
|rule|Sleep Moves Clause: Sleep-inducing moves are banned
|rule|Swagger Clause: Swagger is banned
|rule|Baton Pass Stat Clause: No Baton Passer may have a way to boost its stats
|clearpoke
|poke|p1|Landorus-Therian, M|item
|poke|p1|Latios, M|item
|poke|p1|Scizor, M|item
|poke|p1|Excadrill, F|item
|poke|p1|Rotom-Wash|item
|poke|p1|Dragonite, M|item
|poke|p2|Politoed, M|item
|poke|p2|Latios, M|item
|poke|p2|Toxicroak, M|item
|poke|p2|Tentacruel, M|item
|poke|p2|Ferrothorn, M|item
|poke|p2|Thundurus-Therian, M|item
|teampreview
|inactive|Battle timer is ON: inactive players will automatically lose when time's up. (requested by EliteGarchxmp)
|
|t:|1706207109
|start
|switch|p1a: High Voltage|Rotom-Wash|100/100
|switch|p2a: Politoed|Politoed, M, shiny|100/100
|-weather|RainDance|[from] ability: Drizzle|[of] p2a: Politoed
|turn|1
|
|t:|1706207122
|move|p2a: Politoed|Protect|p2a: Politoed
|-singleturn|p2a: Politoed|Protect
|move|p1a: High Voltage|Will-O-Wisp|p2a: Politoed
|-activate|p2a: Politoed|move: Protect
|
|-weather|RainDance|[upkeep]
|upkeep
|turn|2
|
|t:|1706207138
|move|p1a: High Voltage|Will-O-Wisp|p2a: Politoed
|-status|p2a: Politoed|brn
|move|p2a: Politoed|Encore|p1a: High Voltage
|-start|p1a: High Voltage|Encore
|
|-weather|RainDance|[upkeep]
|-damage|p2a: Politoed|88/100 brn|[from] brn
|upkeep
|turn|3
|
|t:|1706207163
|switch|p2a: Tentacruel|Tentacruel, M, shiny|100/100
|move|p1a: High Voltage|Will-O-Wisp|p2a: Tentacruel
|-status|p2a: Tentacruel|brn
|
|-weather|RainDance|[upkeep]
|-damage|p2a: Tentacruel|88/100 brn|[from] brn
|upkeep
|turn|4
|
|t:|1706207176
|switch|p1a: Latios|Latios, M|100/100
|move|p2a: Tentacruel|Toxic|p1a: Latios
|-status|p1a: Latios|tox
|
|-weather|RainDance|[upkeep]
|-heal|p2a: Tentacruel|94/100 brn|[from] ability: Rain Dish
|-heal|p2a: Tentacruel|99/100 brn|[from] item: Black Sludge
|-damage|p1a: Latios|95/100 tox|[from] psn
|-damage|p2a: Tentacruel|88/100 brn|[from] brn
|upkeep
|turn|5
|
|t:|1706207187
|switch|p1a: High Voltage|Rotom-Wash|100/100
|move|p2a: Tentacruel|Protect||[still]
|-fail|p2a: Tentacruel
|
|-weather|RainDance|[upkeep]
|-heal|p2a: Tentacruel|94/100 brn|[from] ability: Rain Dish
|-heal|p2a: Tentacruel|99/100 brn|[from] item: Black Sludge
|-damage|p2a: Tentacruel|88/100 brn|[from] brn
|upkeep
|turn|6
|
|t:|1706207197
|switch|p2a: Thundurus|Thundurus-Therian, M|100/100
|move|p1a: High Voltage|Volt Switch|p2a: Thundurus
|-immune|p2a: Thundurus|[from] ability: Volt Absorb
|
|-weather|RainDance|[upkeep]
|upkeep
|turn|7
|
|t:|1706207204
|move|p2a: Thundurus|Substitute|p2a: Thundurus
|-start|p2a: Thundurus|Substitute
|-damage|p2a: Thundurus|76/100
|move|p1a: High Voltage|Hydro Pump|p2a: Thundurus|[miss]
|-miss|p1a: High Voltage|p2a: Thundurus
|
|-weather|RainDance|[upkeep]
|-heal|p2a: Thundurus|82/100|[from] item: Leftovers
|upkeep
|turn|8
|
|t:|1706207211
|move|p2a: Thundurus|Nasty Plot|p2a: Thundurus
|-boost|p2a: Thundurus|spa|2
|move|p1a: High Voltage|Hydro Pump|p2a: Thundurus
|-end|p2a: Thundurus|Substitute
|
|-weather|RainDance|[upkeep]
|-heal|p2a: Thundurus|88/100|[from] item: Leftovers
|upkeep
|turn|9
|
|t:|1706207222
|move|p2a: Thundurus|Substitute|p2a: Thundurus
|-start|p2a: Thundurus|Substitute
|-damage|p2a: Thundurus|63/100
|move|p1a: High Voltage|Hydro Pump|p2a: Thundurus|[miss]
|-miss|p1a: High Voltage|p2a: Thundurus
|
|-weather|RainDance|[upkeep]
|-heal|p2a: Thundurus|69/100|[from] item: Leftovers
|upkeep
|turn|10
|
|t:|1706207234
|move|p2a: Thundurus|Nasty Plot|p2a: Thundurus
|-boost|p2a: Thundurus|spa|2
|move|p1a: High Voltage|Hydro Pump|p2a: Thundurus
|-end|p2a: Thundurus|Substitute
|
|-weather|RainDance|[upkeep]
|-heal|p2a: Thundurus|75/100|[from] item: Leftovers
|upkeep
|turn|11
|
|t:|1706207242
|move|p2a: Thundurus|Substitute|p2a: Thundurus
|-start|p2a: Thundurus|Substitute
|-damage|p2a: Thundurus|50/100
|move|p1a: High Voltage|Hydro Pump|p2a: Thundurus
|-end|p2a: Thundurus|Substitute
|
|-weather|RainDance|[upkeep]
|-heal|p2a: Thundurus|56/100|[from] item: Leftovers
|upkeep
|turn|12
|
|t:|1706207252
|switch|p1a: Latios|Latios, M|95/100 tox
|move|p2a: Thundurus|Substitute|p2a: Thundurus
|-start|p2a: Thundurus|Substitute
|-damage|p2a: Thundurus|32/100
|
|-weather|RainDance|[upkeep]
|-heal|p2a: Thundurus|38/100|[from] item: Leftovers
|-damage|p1a: Latios|89/100 tox|[from] psn
|upkeep
|turn|13
|
|t:|1706207262
|move|p1a: Latios|Psychic|p2a: Thundurus
|-end|p2a: Thundurus|Substitute
|move|p2a: Thundurus|Hidden Power|p1a: Latios
|-supereffective|p1a: Latios
|-damage|p1a: Latios|0 fnt
|faint|p1a: Latios
|
|-weather|RainDance|[upkeep]
|-heal|p2a: Thundurus|44/100|[from] item: Leftovers
|upkeep
|
|t:|1706207268
|switch|p1a: Stone Free|Excadrill, F|100/100
|-ability|p1a: Stone Free|Mold Breaker
|turn|14
|
|t:|1706207273
|move|p2a: Thundurus|Hidden Power|p1a: Stone Free
|-damage|p1a: Stone Free|13/100
|move|p1a: Stone Free|Rock Slide|p2a: Thundurus
|-supereffective|p2a: Thundurus
|-damage|p2a: Thundurus|0 fnt
|faint|p2a: Thundurus
|
|-weather|RainDance|[upkeep]
|-heal|p1a: Stone Free|20/100|[from] item: Leftovers
|upkeep
|
|t:|1706207289
|switch|p2a: Politoed|Politoed, M, shiny|88/100 brn
|turn|15
|
|t:|1706207298
|switch|p1a: High Voltage|Rotom-Wash|100/100
|move|p2a: Politoed|Refresh|p2a: Politoed
|-curestatus|p2a: Politoed|brn|[msg]
|
|-weather|RainDance|[upkeep]
|-heal|p2a: Politoed|94/100|[from] item: Leftovers
|upkeep
|turn|16
|
|t:|1706207308
|move|p1a: High Voltage|Will-O-Wisp|p2a: Politoed
|-status|p2a: Politoed|brn
|move|p2a: Politoed|Scald|p1a: High Voltage
|-resisted|p1a: High Voltage
|-damage|p1a: High Voltage|81/100
|
|-weather|RainDance|[upkeep]
|-heal|p1a: High Voltage|87/100|[from] item: Leftovers
|-heal|p2a: Politoed|100/100 brn|[from] item: Leftovers
|-damage|p2a: Politoed|88/100 brn|[from] brn
|upkeep
|turn|17
|
|t:|1706207330
|move|p1a: High Voltage|Volt Switch|p2a: Politoed
|-supereffective|p2a: Politoed
|-damage|p2a: Politoed|29/100 brn
|
|t:|1706207334
|switch|p1a: Stone Free|Excadrill, F|20/100|[from] Volt Switch
|-ability|p1a: Stone Free|Mold Breaker
|move|p2a: Politoed|Encore||[still]
|-fail|p2a: Politoed
|
|-weather|RainDance|[upkeep]
|-heal|p1a: Stone Free|26/100|[from] item: Leftovers
|-heal|p2a: Politoed|35/100 brn|[from] item: Leftovers
|-damage|p2a: Politoed|22/100 brn|[from] brn
|upkeep
|turn|18
|
|t:|1706207345
|move|p1a: Stone Free|Earthquake|p2a: Politoed
|-damage|p2a: Politoed|0 fnt
|faint|p2a: Politoed
|
|-weather|RainDance|[upkeep]
|-heal|p1a: Stone Free|32/100|[from] item: Leftovers
|upkeep
|
|t:|1706207350
|switch|p2a: Latios|Latios, M|100/100
|turn|19
|
|t:|1706207361
|move|p2a: Latios|Surf|p1a: Stone Free
|-supereffective|p1a: Stone Free
|-damage|p1a: Stone Free|0 fnt
|faint|p1a: Stone Free
|
|-weather|RainDance|[upkeep]
|upkeep
|
|t:|1706207363
|switch|p1a: Bullet|Scizor, M|100/100
|turn|20
|
|t:|1706207369
|move|p2a: Latios|Surf|p1a: Bullet
|-damage|p1a: Bullet|45/100
|move|p1a: Bullet|Pursuit|p2a: Latios
|-supereffective|p2a: Latios
|-damage|p2a: Latios|0 fnt
|faint|p2a: Latios
|
|-weather|RainDance|[upkeep]
|upkeep
|
|t:|1706207379
|switch|p2a: Ferrothorn|Ferrothorn, M, shiny|100/100
|turn|21
|
|t:|1706207383
|switch|p1a: Made in Heaven|Dragonite, M|100/100
|move|p2a: Ferrothorn|Leech Seed|p1a: Made in Heaven
|-start|p1a: Made in Heaven|move: Leech Seed
|
|-weather|RainDance|[upkeep]
|-damage|p1a: Made in Heaven|88/100|[from] Leech Seed|[of] p2a: Ferrothorn
|upkeep
|turn|22
|
|t:|1706207391
|move|p1a: Made in Heaven|Dragon Dance|p1a: Made in Heaven
|-boost|p1a: Made in Heaven|atk|1
|-boost|p1a: Made in Heaven|spe|1
|move|p2a: Ferrothorn|Knock Off|p1a: Made in Heaven
|-damage|p1a: Made in Heaven|83/100
|-enditem|p1a: Made in Heaven|Lum Berry|[from] move: Knock Off|[of] p2a: Ferrothorn
|
|-weather|RainDance|[upkeep]
|-damage|p1a: Made in Heaven|71/100|[from] Leech Seed|[of] p2a: Ferrothorn
|upkeep
|turn|23
|
|t:|1706207405
|move|p1a: Made in Heaven|Dragon Dance|p1a: Made in Heaven
|-boost|p1a: Made in Heaven|atk|1
|-boost|p1a: Made in Heaven|spe|1
|move|p2a: Ferrothorn|Spikes|p1a: Made in Heaven
|-sidestart|p1: Croaset|Spikes
|
|-weather|RainDance|[upkeep]
|-damage|p1a: Made in Heaven|58/100|[from] Leech Seed|[of] p2a: Ferrothorn
|upkeep
|turn|24
|
|t:|1706207411
|move|p2a: Ferrothorn|Protect|p2a: Ferrothorn
|-singleturn|p2a: Ferrothorn|Protect
|move|p1a: Made in Heaven|Dragon Dance|p1a: Made in Heaven
|-boost|p1a: Made in Heaven|atk|1
|-boost|p1a: Made in Heaven|spe|1
|
|-weather|RainDance|[upkeep]
|-damage|p1a: Made in Heaven|46/100|[from] Leech Seed|[of] p2a: Ferrothorn
|upkeep
|turn|25
|
|t:|1706207419
|move|p1a: Made in Heaven|Fire Punch|p2a: Ferrothorn
|-supereffective|p2a: Ferrothorn
|-damage|p2a: Ferrothorn|13/100
|-damage|p1a: Made in Heaven|34/100|[from] ability: Iron Barbs|[of] p2a: Ferrothorn
|move|p2a: Ferrothorn|Spikes|p1a: Made in Heaven
|-sidestart|p1: Croaset|Spikes
|
|-weather|RainDance|[upkeep]
|-heal|p2a: Ferrothorn|19/100|[from] item: Leftovers
|-damage|p1a: Made in Heaven|21/100|[from] Leech Seed|[of] p2a: Ferrothorn
|-heal|p2a: Ferrothorn|31/100|[silent]
|upkeep
|turn|26
|
|t:|1706207428
|move|p2a: Ferrothorn|Protect|p2a: Ferrothorn
|-singleturn|p2a: Ferrothorn|Protect
|move|p1a: Made in Heaven|Fire Punch|p2a: Ferrothorn
|-activate|p2a: Ferrothorn|move: Protect
|
|-weather|RainDance|[upkeep]
|-heal|p2a: Ferrothorn|37/100|[from] item: Leftovers
|-damage|p1a: Made in Heaven|9/100|[from] Leech Seed|[of] p2a: Ferrothorn
|-heal|p2a: Ferrothorn|48/100|[silent]
|upkeep
|turn|27
|
|t:|1706207440
|switch|p2a: Tentacruel|Tentacruel, M, shiny|88/100 brn
|move|p1a: Made in Heaven|Earthquake|p2a: Tentacruel
|-supereffective|p2a: Tentacruel
|-damage|p2a: Tentacruel|0 fnt
|faint|p2a: Tentacruel
|
|-weather|RainDance|[upkeep]
|upkeep
|
|t:|1706207448
|switch|p2a: Ferrothorn|Ferrothorn, M, shiny|48/100
|turn|28
|
|t:|1706207454
|move|p2a: Ferrothorn|Protect|p2a: Ferrothorn
|-singleturn|p2a: Ferrothorn|Protect
|move|p1a: Made in Heaven|Earthquake|p2a: Ferrothorn
|-activate|p2a: Ferrothorn|move: Protect
|
|-weather|RainDance|[upkeep]
|-heal|p2a: Ferrothorn|54/100|[from] item: Leftovers
|-damage|p1a: Made in Heaven|0 fnt|[from] Leech Seed|[of] p2a: Ferrothorn
|-heal|p2a: Ferrothorn|62/100|[silent]
|faint|p1a: Made in Heaven
|upkeep
|
|t:|1706207460
|switch|p1a: High Voltage|Rotom-Wash|87/100
|turn|29
|
|t:|1706207466
|move|p1a: High Voltage|Will-O-Wisp|p2a: Ferrothorn
|-status|p2a: Ferrothorn|brn
|move|p2a: Ferrothorn|Leech Seed|p1a: High Voltage|[miss]
|-miss|p2a: Ferrothorn|p1a: High Voltage
|
|-weather|RainDance|[upkeep]
|-heal|p1a: High Voltage|93/100|[from] item: Leftovers
|-heal|p2a: Ferrothorn|68/100 brn|[from] item: Leftovers
|-damage|p2a: Ferrothorn|56/100 brn|[from] brn
|upkeep
|turn|30
|
|t:|1706207475
|move|p1a: High Voltage|Volt Switch|p2a: Ferrothorn
|-resisted|p2a: Ferrothorn
|-damage|p2a: Ferrothorn|41/100 brn
|
|t:|1706207477
|switch|p1a: Bullet|Scizor, M|45/100|[from] Volt Switch
|-damage|p1a: Bullet|28/100|[from] Spikes
|move|p2a: Ferrothorn|Leech Seed|p1a: Bullet
|-start|p1a: Bullet|move: Leech Seed
|
|-weather|RainDance|[upkeep]
|-heal|p2a: Ferrothorn|47/100 brn|[from] item: Leftovers
|-damage|p1a: Bullet|16/100|[from] Leech Seed|[of] p2a: Ferrothorn
|-heal|p2a: Ferrothorn|59/100 brn|[silent]
|-damage|p2a: Ferrothorn|46/100 brn|[from] brn
|upkeep
|turn|31
|
|t:|1706207489
|move|p1a: Bullet|Superpower|p2a: Ferrothorn
|-supereffective|p2a: Ferrothorn
|-damage|p2a: Ferrothorn|0 fnt
|-unboost|p1a: Bullet|atk|1
|-unboost|p1a: Bullet|def|1
|-damage|p1a: Bullet|3/100|[from] ability: Iron Barbs|[of] p2a: Ferrothorn
|faint|p2a: Ferrothorn
|
|-weather|RainDance|[upkeep]
|upkeep
|
|t:|1706207497
|switch|p2a: Toxicroak|Toxicroak, M, shiny|100/100
|turn|32
|
|t:|1706207501
|switch|p1a: High Voltage|Rotom-Wash|93/100
|move|p2a: Toxicroak|Substitute|p2a: Toxicroak
|-start|p2a: Toxicroak|Substitute
|-damage|p2a: Toxicroak|76/100
|
|-weather|RainDance|[upkeep]
|-heal|p2a: Toxicroak|88/100|[from] ability: Dry Skin
|-heal|p1a: High Voltage|99/100|[from] item: Leftovers
|upkeep
|turn|33
|
|t:|1706207510
|move|p2a: Toxicroak|Swords Dance|p2a: Toxicroak
|-boost|p2a: Toxicroak|atk|2
|move|p1a: High Voltage|Volt Switch|p2a: Toxicroak
|-end|p2a: Toxicroak|Substitute
|
|t:|1706207512
|switch|p1a: Scary Monsters|Landorus-Therian, M|100/100|[from] Volt Switch
|-ability|p1a: Scary Monsters|Intimidate|boost
|-unboost|p2a: Toxicroak|atk|1
|
|-weather|RainDance|[upkeep]
|-heal|p2a: Toxicroak|100/100|[from] ability: Dry Skin
|upkeep
|turn|34
|
|t:|1706207522
|move|p1a: Scary Monsters|Earthquake|p2a: Toxicroak
|-supereffective|p2a: Toxicroak
|-damage|p2a: Toxicroak|0 fnt
|faint|p2a: Toxicroak
|
|win|Croaset
|raw|Croaset's rating: 1369 &rarr; <strong>1388</strong><br />(+19 for winning)
|raw|EliteGarchxmp's rating: 1350 &rarr; <strong>1331</strong><br />(-19 for losing)
