|j|☆magialice
|j|☆blossummm
|t:|1717128116
|gametype|singles
|player|p1|magialice|miku-flying|1493
|player|p2|blossummm|bianca|1363
|teamsize|p1|6
|teamsize|p2|6
|gen|5
|tier|[Gen 5] OU
|rated|
|rule|Species Clause: Limit one of each Pokémon
|rule|OHKO Clause: OHKO moves are banned
|rule|Moody Clause: Moody is banned
|rule|Evasion Items Clause: Evasion items are banned
|rule|Evasion Moves Clause: Evasion moves are banned
|rule|Endless Battle Clause: Forcing endless battles is banned
|rule|HP Percentage Mod: HP is shown in percentages
|rule|Evasion Abilities Clause: Evasion abilities are banned
|rule|Sleep Moves Clause: Sleep-inducing moves are banned
|rule|Swagger Clause: Swagger is banned
|rule|Baton Pass Stat Clause: No Baton Passer may have a way to boost its stats
|clearpoke
|poke|p1|Hippowdon, M|item
|poke|p1|Excadrill, F|item
|poke|p1|Mandibuzz, F|item
|poke|p1|Reuniclus, F|item
|poke|p1|Latios, M|item
|poke|p1|Skarmory, F|item
|poke|p2|Skarmory, F|item
|poke|p2|Latios, M|item
|poke|p2|Jellicent, F|item
|poke|p2|Tyranitar, F|item
|poke|p2|Alakazam, F|item
|poke|p2|Landorus-Therian, M|item
|teampreview
|inactive|Battle timer is ON: inactive players will automatically lose when time's up. (requested by magialice)
|
|t:|1717128133
|start
|switch|p1a: Hippowdon|Hippowdon, M|100/100
|switch|p2a: Skarmory|Skarmory, F|100/100
|-weather|Sandstorm|[from] ability: Sand Stream|[of] p1a: Hippowdon
|turn|1
|
|t:|1717128141
|switch|p1a: Excadrill|Excadrill, F|100/100
|move|p2a: Skarmory|Taunt|p1a: Excadrill
|-start|p1a: Excadrill|move: Taunt
|
|-weather|Sandstorm|[upkeep]
|upkeep
|turn|2
|
|t:|1717128146
|switch|p2a: Jellicent|Jellicent, F|100/100
|move|p1a: Excadrill|Iron Head|p2a: Jellicent
|-resisted|p2a: Jellicent
|-damage|p2a: Jellicent|77/100
|
|-weather|Sandstorm|[upkeep]
|-damage|p2a: Jellicent|71/100|[from] Sandstorm
|-heal|p2a: Jellicent|77/100|[from] item: Leftovers
|upkeep
|turn|3
|
|t:|1717128153
|switch|p1a: Reuniclus|Reuniclus, F|100/100
|move|p2a: Jellicent|Scald|p1a: Reuniclus
|-damage|p1a: Reuniclus|77/100
|
|-weather|Sandstorm|[upkeep]
|-damage|p2a: Jellicent|71/100|[from] Sandstorm
|-heal|p2a: Jellicent|77/100|[from] item: Leftovers
|-heal|p1a: Reuniclus|83/100|[from] item: Leftovers
|upkeep
|turn|4
|
|t:|1717128162
|switch|p2a: Tyranitar|Tyranitar, F, shiny|100/100
|switch|p1a: Skarmory|Skarmory, F|100/100
|
|-weather|Sandstorm|[upkeep]
|upkeep
|turn|5
|
|t:|1717128168
|move|p1a: Skarmory|Spikes|p2a: Tyranitar
|-sidestart|p2: blossummm|Spikes
|move|p2a: Tyranitar|Thunder Wave|p1a: Skarmory
|-status|p1a: Skarmory|par
|
|-weather|Sandstorm|[upkeep]
|upkeep
|turn|6
|
|t:|1717128178
|switch|p2a: Skarmory|Skarmory, F|100/100
|switch|p1a: Hippowdon|Hippowdon, M|100/100
|
|-weather|Sandstorm|[upkeep]
|upkeep
|turn|7
|
|t:|1717128181
|switch|p1a: Excadrill|Excadrill, F|100/100
|move|p2a: Skarmory|Taunt|p1a: Excadrill
|-start|p1a: Excadrill|move: Taunt
|
|-weather|Sandstorm|[upkeep]
|upkeep
|turn|8
|
|t:|1717128190
|move|p1a: Excadrill|Earthquake|p2a: Skarmory
|-immune|p2a: Skarmory
|move|p2a: Skarmory|Stealth Rock|p1a: Excadrill
|-sidestart|p1: magialice|move: Stealth Rock
|
|-weather|Sandstorm|[upkeep]
|upkeep
|turn|9
|
|t:|1717128195
|switch|p2a: Landorus|Landorus-Therian, M|100/100
|-ability|p2a: Landorus|Intimidate|boost
|-unboost|p1a: Excadrill|atk|1
|move|p1a: Excadrill|Earthquake|p2a: Landorus
|-immune|p2a: Landorus
|
|-weather|Sandstorm|[upkeep]
|-end|p1a: Excadrill|move: Taunt
|upkeep
|turn|10
|
|t:|1717128201
|switch|p1a: Skarmory|Skarmory, F|100/100 par
|-damage|p1a: Skarmory|88/100 par|[from] Stealth Rock
|move|p2a: Landorus|U-turn|p1a: Skarmory
|-resisted|p1a: Skarmory
|-damage|p1a: Skarmory|83/100 par
|-damage|p2a: Landorus|84/100|[from] item: Rocky Helmet|[of] p1a: Skarmory
|
|t:|1717128212
|switch|p2a: Alakazam|Alakazam, F|100/100|[from] U-turn
|
|-weather|Sandstorm|[upkeep]
|upkeep
|turn|11
|
|t:|1717128216
|switch|p1a: Mandibuzz|Mandibuzz, F|100/100
|-damage|p1a: Mandibuzz|76/100|[from] Stealth Rock
|move|p2a: Alakazam|Hidden Power|p1a: Mandibuzz
|-crit|p1a: Mandibuzz
|-damage|p1a: Mandibuzz|39/100
|
|-weather|Sandstorm|[upkeep]
|-heal|p1a: Mandibuzz|45/100|[from] item: Leftovers
|upkeep
|turn|12
|
|t:|1717128231
|switch|p2a: Skarmory|Skarmory, F|100/100
|move|p1a: Mandibuzz|Roost|p1a: Mandibuzz
|-heal|p1a: Mandibuzz|95/100
|-singleturn|p1a: Mandibuzz|move: Roost
|
|-weather|Sandstorm|[upkeep]
|-heal|p1a: Mandibuzz|100/100|[from] item: Leftovers
|upkeep
|turn|13
|
|t:|1717128237
|switch|p1a: Excadrill|Excadrill, F|100/100
|-damage|p1a: Excadrill|97/100|[from] Stealth Rock
|move|p2a: Skarmory|Spikes|p1a: Excadrill
|-sidestart|p1: magialice|Spikes
|
|-weather|Sandstorm|[upkeep]
|-heal|p1a: Excadrill|100/100|[from] item: Leftovers
|upkeep
|turn|14
|
|t:|1717128243
|switch|p2a: Jellicent|Jellicent, F|77/100
|-damage|p2a: Jellicent|65/100|[from] Spikes
|move|p1a: Excadrill|Rapid Spin|p2a: Jellicent
|-immune|p2a: Jellicent
|
|-weather|Sandstorm|[upkeep]
|-damage|p2a: Jellicent|59/100|[from] Sandstorm
|-heal|p2a: Jellicent|65/100|[from] item: Leftovers
|upkeep
|turn|15
|
|t:|1717128250
|switch|p2a: Tyranitar|Tyranitar, F, shiny|100/100
|-damage|p2a: Tyranitar|88/100|[from] Spikes
|move|p1a: Excadrill|Earthquake|p2a: Tyranitar
|-supereffective|p2a: Tyranitar
|-damage|p2a: Tyranitar|0 fnt
|faint|p2a: Tyranitar
|
|-weather|Sandstorm|[upkeep]
|upkeep
|
|t:|1717128276
|switch|p2a: Latios|Latios, M|100/100
|turn|16
|
|t:|1717128294
|switch|p1a: Hippowdon|Hippowdon, M|100/100
|-damage|p1a: Hippowdon|94/100|[from] Stealth Rock
|-damage|p1a: Hippowdon|82/100|[from] Spikes
|move|p2a: Latios|Surf|p1a: Hippowdon
|-supereffective|p1a: Hippowdon
|-damage|p1a: Hippowdon|31/100
|
|-weather|Sandstorm|[upkeep]
|-damage|p2a: Latios|95/100|[from] Sandstorm
|-heal|p1a: Hippowdon|37/100|[from] item: Leftovers
|upkeep
|turn|17
|
|t:|1717128299
|move|p2a: Latios|Surf|p1a: Hippowdon
|-supereffective|p1a: Hippowdon
|-damage|p1a: Hippowdon|0 fnt
|faint|p1a: Hippowdon
|
|-weather|Sandstorm|[upkeep]
|-damage|p2a: Latios|89/100|[from] Sandstorm
|upkeep
|
|t:|1717128306
|switch|p1a: Mandibuzz|Mandibuzz, F|100/100
|-damage|p1a: Mandibuzz|76/100|[from] Stealth Rock
|turn|18
|
|t:|1717128311
|move|p2a: Latios|Draco Meteor|p1a: Mandibuzz
|-damage|p1a: Mandibuzz|35/100
|-unboost|p2a: Latios|spa|2
|move|p1a: Mandibuzz|Roost|p1a: Mandibuzz
|-heal|p1a: Mandibuzz|85/100
|-singleturn|p1a: Mandibuzz|move: Roost
|
|-weather|Sandstorm|[upkeep]
|-damage|p2a: Latios|83/100|[from] Sandstorm
|-heal|p1a: Mandibuzz|91/100|[from] item: Leftovers
|upkeep
|turn|19
|
|t:|1717128321
|switch|p2a: Landorus|Landorus-Therian, M|84/100
|-ability|p2a: Landorus|Intimidate|boost
|-unboost|p1a: Mandibuzz|atk|1
|move|p1a: Mandibuzz|Taunt|p2a: Landorus
|-start|p2a: Landorus|move: Taunt
|
|-weather|Sandstorm|[upkeep]
|-heal|p1a: Mandibuzz|97/100|[from] item: Leftovers
|upkeep
|turn|20
|
|t:|1717128329
|switch|p1a: Skarmory|Skarmory, F|83/100 par
|-damage|p1a: Skarmory|71/100 par|[from] Stealth Rock
|move|p2a: Landorus|Stone Edge|p1a: Skarmory
|-damage|p1a: Skarmory|45/100 par
|
|-weather|Sandstorm|[upkeep]
|upkeep
|turn|21
|
|t:|1717128334
|move|p2a: Landorus|Stone Edge|p1a: Skarmory|[miss]
|-miss|p2a: Landorus|p1a: Skarmory
|move|p1a: Skarmory|Roost|p1a: Skarmory
|-heal|p1a: Skarmory|95/100 par
|-singleturn|p1a: Skarmory|move: Roost
|
|-weather|Sandstorm|[upkeep]
|-end|p2a: Landorus|move: Taunt
|upkeep
|turn|22
|
|t:|1717128337
|move|p2a: Landorus|Stone Edge|p1a: Skarmory
|-damage|p1a: Skarmory|70/100 par
|move|p1a: Skarmory|Whirlwind|p2a: Landorus
|drag|p2a: Latios|Latios, M|83/100
|
|-weather|Sandstorm|[upkeep]
|-damage|p2a: Latios|77/100|[from] Sandstorm
|upkeep
|turn|23
|
|t:|1717128341
|move|p2a: Latios|Hidden Power|p1a: Skarmory
|-supereffective|p1a: Skarmory
|-damage|p1a: Skarmory|22/100 par
|cant|p1a: Skarmory|par
|
|-weather|Sandstorm|[upkeep]
|-damage|p2a: Latios|71/100|[from] Sandstorm
|upkeep
|turn|24
|
|t:|1717128349
|move|p2a: Latios|Surf|p1a: Skarmory
|-damage|p1a: Skarmory|0 fnt
|faint|p1a: Skarmory
|
|-weather|Sandstorm|[upkeep]
|-damage|p2a: Latios|65/100|[from] Sandstorm
|upkeep
|
|t:|1717128352
|switch|p1a: Mandibuzz|Mandibuzz, F|97/100
|-damage|p1a: Mandibuzz|72/100|[from] Stealth Rock
|turn|25
|
|t:|1717128362
|move|p2a: Latios|Draco Meteor|p1a: Mandibuzz
|-damage|p1a: Mandibuzz|28/100
|-unboost|p2a: Latios|spa|2
|move|p1a: Mandibuzz|Roost|p1a: Mandibuzz
|-heal|p1a: Mandibuzz|78/100
|-singleturn|p1a: Mandibuzz|move: Roost
|
|-weather|Sandstorm|[upkeep]
|-damage|p2a: Latios|59/100|[from] Sandstorm
|-heal|p1a: Mandibuzz|84/100|[from] item: Leftovers
|upkeep
|turn|26
|
|t:|1717128370
|switch|p2a: Skarmory|Skarmory, F|100/100
|move|p1a: Mandibuzz|Foul Play|p2a: Skarmory
|-resisted|p2a: Skarmory
|-damage|p2a: Skarmory|84/100
|
|-weather|Sandstorm|[upkeep]
|-heal|p1a: Mandibuzz|90/100|[from] item: Leftovers
|upkeep
|turn|27
|
|t:|1717128378
|switch|p1a: Excadrill|Excadrill, F|100/100
|-damage|p1a: Excadrill|97/100|[from] Stealth Rock
|-damage|p1a: Excadrill|85/100|[from] Spikes
|move|p2a: Skarmory|Brave Bird|p1a: Excadrill
|-resisted|p1a: Excadrill
|-damage|p1a: Excadrill|51/100
|-damage|p2a: Skarmory|69/100|[from] Recoil
|
|-weather|Sandstorm|[upkeep]
|-heal|p1a: Excadrill|57/100|[from] item: Leftovers
|upkeep
|turn|28
|
|t:|1717128384
|switch|p2a: Jellicent|Jellicent, F|65/100
|-damage|p2a: Jellicent|52/100|[from] Spikes
|move|p1a: Excadrill|Earthquake|p2a: Jellicent
|-damage|p2a: Jellicent|0 fnt
|faint|p2a: Jellicent
|
|-weather|Sandstorm|[upkeep]
|-heal|p1a: Excadrill|63/100|[from] item: Leftovers
|upkeep
|
|t:|1717128398
|switch|p2a: Latios|Latios, M|59/100
|turn|29
|
|t:|1717128407
|switch|p1a: Mandibuzz|Mandibuzz, F|90/100
|-damage|p1a: Mandibuzz|66/100|[from] Stealth Rock
|move|p2a: Latios|Surf|p1a: Mandibuzz
|-damage|p1a: Mandibuzz|45/100
|
|-weather|Sandstorm|[upkeep]
|-damage|p2a: Latios|53/100|[from] Sandstorm
|-heal|p1a: Mandibuzz|51/100|[from] item: Leftovers
|upkeep
|turn|30
|
|t:|1717128424
|switch|p2a: Landorus|Landorus-Therian, M|84/100
|-ability|p2a: Landorus|Intimidate|boost
|-unboost|p1a: Mandibuzz|atk|1
|move|p1a: Mandibuzz|Roost|p1a: Mandibuzz
|-heal|p1a: Mandibuzz|100/100
|-singleturn|p1a: Mandibuzz|move: Roost
|
|-weather|Sandstorm|[upkeep]
|upkeep
|turn|31
|
|t:|1717128430
|switch|p1a: Excadrill|Excadrill, F|63/100
|-damage|p1a: Excadrill|60/100|[from] Stealth Rock
|-damage|p1a: Excadrill|47/100|[from] Spikes
|move|p2a: Landorus|Stone Edge|p1a: Excadrill
|-resisted|p1a: Excadrill
|-damage|p1a: Excadrill|36/100
|
|-weather|Sandstorm|[upkeep]
|-heal|p1a: Excadrill|42/100|[from] item: Leftovers
|upkeep
|turn|32
|
|t:|1717128438
|switch|p2a: Skarmory|Skarmory, F|69/100
|move|p1a: Excadrill|Rapid Spin|p2a: Skarmory
|-resisted|p2a: Skarmory
|-damage|p2a: Skarmory|65/100
|-sideend|p1: magialice|Spikes|[from] move: Rapid Spin|[of] p1a: Excadrill
|-sideend|p1: magialice|Stealth Rock|[from] move: Rapid Spin|[of] p1a: Excadrill
|
|-weather|Sandstorm|[upkeep]
|-heal|p1a: Excadrill|48/100|[from] item: Leftovers
|upkeep
|turn|33
|
|t:|1717128443
|move|p1a: Excadrill|Swords Dance|p1a: Excadrill
|-boost|p1a: Excadrill|atk|2
|move|p2a: Skarmory|Stealth Rock|p1a: Excadrill
|-sidestart|p1: magialice|move: Stealth Rock
|
|-weather|Sandstorm|[upkeep]
|-heal|p1a: Excadrill|54/100|[from] item: Leftovers
|upkeep
|turn|34
|
|t:|1717128446
|move|p1a: Excadrill|Rapid Spin|p2a: Skarmory
|-resisted|p2a: Skarmory
|-damage|p2a: Skarmory|58/100
|-sideend|p1: magialice|Stealth Rock|[from] move: Rapid Spin|[of] p1a: Excadrill
|move|p2a: Skarmory|Taunt|p1a: Excadrill
|-start|p1a: Excadrill|move: Taunt
|
|-weather|Sandstorm|[upkeep]
|-heal|p1a: Excadrill|60/100|[from] item: Leftovers
|upkeep
|turn|35
|
|t:|1717128449
|move|p1a: Excadrill|Iron Head|p2a: Skarmory
|-resisted|p2a: Skarmory
|-damage|p2a: Skarmory|1/100
|move|p2a: Skarmory|Stealth Rock|p1a: Excadrill
|-sidestart|p1: magialice|move: Stealth Rock
|
|-weather|Sandstorm|[upkeep]
|-heal|p1a: Excadrill|66/100|[from] item: Leftovers
|upkeep
|turn|36
|-enditem|p2a: Skarmory|Custap Berry|[eat]
|-activate|p2a: Skarmory|item: Custap Berry|[consumed]
|
|t:|1717128457
|move|p2a: Skarmory|Brave Bird|p1a: Excadrill
|-resisted|p1a: Excadrill
|-damage|p1a: Excadrill|36/100
|-damage|p2a: Skarmory|0 fnt|[from] Recoil
|faint|p2a: Skarmory
|move|p1a: Excadrill|Rapid Spin|p2: Skarmory|[notarget]
|-fail|p1a: Excadrill
|
|-weather|Sandstorm|[upkeep]
|-heal|p1a: Excadrill|42/100|[from] item: Leftovers
|upkeep
|
|t:|1717128482
|switch|p2a: Alakazam|Alakazam, F|100/100
|turn|37
|
|t:|1717128487
|switch|p1a: Mandibuzz|Mandibuzz, F|100/100
|-damage|p1a: Mandibuzz|76/100|[from] Stealth Rock
|move|p2a: Alakazam|Hidden Power|p1a: Mandibuzz
|-damage|p1a: Mandibuzz|56/100
|
|-weather|Sandstorm|[upkeep]
|-heal|p1a: Mandibuzz|62/100|[from] item: Leftovers
|upkeep
|turn|38
|
|t:|1717128493
|move|p2a: Alakazam|Hidden Power|p1a: Mandibuzz
|-damage|p1a: Mandibuzz|42/100
|move|p1a: Mandibuzz|Roost|p1a: Mandibuzz
|-heal|p1a: Mandibuzz|92/100
|-singleturn|p1a: Mandibuzz|move: Roost
|
|-weather|Sandstorm|[upkeep]
|-heal|p1a: Mandibuzz|99/100|[from] item: Leftovers
|upkeep
|turn|39
|
|t:|1717128496
|switch|p2a: Landorus|Landorus-Therian, M|84/100
|-ability|p2a: Landorus|Intimidate|boost
|-unboost|p1a: Mandibuzz|atk|1
|move|p1a: Mandibuzz|Foul Play|p2a: Landorus
|-damage|p2a: Landorus|36/100
|
|-weather|Sandstorm|[upkeep]
|-heal|p1a: Mandibuzz|100/100|[from] item: Leftovers
|upkeep
|turn|40
|
|t:|1717128505
|switch|p1a: Excadrill|Excadrill, F|42/100
|-damage|p1a: Excadrill|39/100|[from] Stealth Rock
|move|p2a: Landorus|Hidden Power|p1a: Excadrill
|-damage|p1a: Excadrill|17/100
|
|-weather|Sandstorm|[upkeep]
|-heal|p1a: Excadrill|23/100|[from] item: Leftovers
|upkeep
|turn|41
|
|t:|1717128508
|move|p2a: Landorus|Hidden Power|p1a: Excadrill
|-damage|p1a: Excadrill|1/100
|move|p1a: Excadrill|Rapid Spin|p2a: Landorus
|-damage|p2a: Landorus|29/100
|-sideend|p1: magialice|Stealth Rock|[from] move: Rapid Spin|[of] p1a: Excadrill
|
|-weather|Sandstorm|[upkeep]
|-heal|p1a: Excadrill|7/100|[from] item: Leftovers
|upkeep
|turn|42
|
|t:|1717128511
|move|p2a: Landorus|Hidden Power|p1a: Excadrill
|-damage|p1a: Excadrill|0 fnt
|faint|p1a: Excadrill
|
|-weather|Sandstorm|[upkeep]
|upkeep
|
|t:|1717128522
|switch|p1a: Reuniclus|Reuniclus, F|83/100
|turn|43
|
|t:|1717128528
|switch|p2a: Alakazam|Alakazam, F|100/100
|move|p1a: Reuniclus|Calm Mind|p1a: Reuniclus
|-boost|p1a: Reuniclus|spa|1
|-boost|p1a: Reuniclus|spd|1
|
|-weather|Sandstorm|[upkeep]
|-heal|p1a: Reuniclus|89/100|[from] item: Leftovers
|upkeep
|turn|44
|
|t:|1717128531
|move|p2a: Alakazam|Shadow Ball|p1a: Reuniclus
|-supereffective|p1a: Reuniclus
|-damage|p1a: Reuniclus|43/100
|-unboost|p1a: Reuniclus|spd|1
|move|p1a: Reuniclus|Signal Beam|p2a: Alakazam
|-supereffective|p2a: Alakazam
|-damage|p2a: Alakazam|2/100
|
|-weather|Sandstorm|[upkeep]
|-heal|p1a: Reuniclus|50/100|[from] item: Leftovers
|upkeep
|turn|45
|
|t:|1717128535
|switch|p1a: Mandibuzz|Mandibuzz, F|100/100
|move|p2a: Alakazam|Shadow Ball|p1a: Mandibuzz
|-resisted|p1a: Mandibuzz
|-damage|p1a: Mandibuzz|89/100
|
|-weather|Sandstorm|[upkeep]
|-heal|p1a: Mandibuzz|95/100|[from] item: Leftovers
|upkeep
|turn|46
|
|t:|1717128547
|move|p2a: Alakazam|Hidden Power|p1a: Mandibuzz
|-damage|p1a: Mandibuzz|77/100
|move|p1a: Mandibuzz|Foul Play|p2a: Alakazam
|-supereffective|p2a: Alakazam
|-damage|p2a: Alakazam|0 fnt
|faint|p2a: Alakazam
|
|-weather|Sandstorm|[upkeep]
|-heal|p1a: Mandibuzz|83/100|[from] item: Leftovers
|upkeep
|
|t:|1717128550
|switch|p2a: Latios|Latios, M|53/100
|turn|47
|
|t:|1717128552
|move|p2a: Latios|Draco Meteor|p1a: Mandibuzz
|-damage|p1a: Mandibuzz|39/100
|-unboost|p2a: Latios|spa|2
|move|p1a: Mandibuzz|Foul Play|p2a: Latios
|-supereffective|p2a: Latios
|-enditem|p2a: Latios|Colbur Berry|[eat]
|-enditem|p2a: Latios|Colbur Berry|[weaken]
|-damage|p2a: Latios|22/100
|
|-weather|Sandstorm|[upkeep]
|-damage|p2a: Latios|16/100|[from] Sandstorm
|-heal|p1a: Mandibuzz|45/100|[from] item: Leftovers
|upkeep
|turn|48
|
|t:|1717128555
|move|p2a: Latios|Draco Meteor|p1a: Mandibuzz
|-damage|p1a: Mandibuzz|23/100
|-unboost|p2a: Latios|spa|2
|move|p1a: Mandibuzz|Roost|p1a: Mandibuzz
|-heal|p1a: Mandibuzz|73/100
|-singleturn|p1a: Mandibuzz|move: Roost
|
|-weather|Sandstorm|[upkeep]
|-damage|p2a: Latios|10/100|[from] Sandstorm
|-heal|p1a: Mandibuzz|79/100|[from] item: Leftovers
|upkeep
|turn|49
|
|t:|1717128559
|move|p2a: Latios|Draco Meteor|p1a: Mandibuzz
|-damage|p1a: Mandibuzz|65/100
|-unboost|p2a: Latios|spa|2
|move|p1a: Mandibuzz|Foul Play|p2a: Latios
|-supereffective|p2a: Latios
|-crit|p2a: Latios
|-damage|p2a: Latios|0 fnt
|faint|p2a: Latios
|
|-weather|Sandstorm|[upkeep]
|-heal|p1a: Mandibuzz|71/100|[from] item: Leftovers
|upkeep
|
|t:|1717128561
|switch|p2a: Landorus|Landorus-Therian, M|29/100
|-ability|p2a: Landorus|Intimidate|boost
|-unboost|p1a: Mandibuzz|atk|1
|turn|50
|
|t:|1717128563
|move|p2a: Landorus|Hidden Power|p1a: Mandibuzz
|-supereffective|p1a: Mandibuzz
|-damage|p1a: Mandibuzz|50/100
|move|p1a: Mandibuzz|Foul Play|p2a: Landorus
|-damage|p2a: Landorus|0 fnt
|faint|p2a: Landorus
|
|win|magialice
|raw|magialice's rating: 1493 &rarr; <strong>1506</strong><br />(+13 for winning)
|raw|blossummm's rating: 1363 &rarr; <strong>1350</strong><br />(-13 for losing)
