|j|☆Blub234
|j|‽vustyfans
|t:|1724979742
|gametype|singles
|player|p1|Blub234|2|1456
|player|p2|vustyfans|101|1530
|teamsize|p1|6
|teamsize|p2|6
|gen|5
|tier|[Gen 5] OU
|rated|
|rule|Species Clause: Limit one of each Pokémon
|rule|OHKO Clause: OHKO moves are banned
|rule|Moody Clause: Moody is banned
|rule|Evasion Items Clause: Evasion items are banned
|rule|Evasion Moves Clause: Evasion moves are banned
|rule|Endless Battle Clause: Forcing endless battles is banned
|rule|HP Percentage Mod: HP is shown in percentages
|rule|Evasion Abilities Clause: Evasion abilities are banned
|rule|Sleep Moves Clause: Sleep-inducing moves are banned
|rule|Swagger Clause: Swagger is banned
|rule|Baton Pass Stat Clause: No Baton Passer may have a way to boost its stats
|clearpoke
|poke|p1|Magnezone|item
|poke|p1|Kyurem-Black|item
|poke|p1|Jirachi|item
|poke|p1|Garchomp, M|item
|poke|p1|Latios, M|item
|poke|p1|Dragonite, M|item
|poke|p2|Tyranitar, M|item
|poke|p2|Latias, F|item
|poke|p2|Rotom-Wash|item
|poke|p2|Alakazam, M|item
|poke|p2|Landorus-Therian, M|item
|poke|p2|Excadrill, M|item
|teampreview
|
|t:|1724979773
|start
|switch|p1a: Jirachi|Jirachi|100/100
|switch|p2a: Tyranitar|Tyranitar, M|100/100
|-weather|Sandstorm|[from] ability: Sand Stream|[of] p2a: Tyranitar
|turn|1
|
|t:|1724979780
|move|p1a: Jirachi|Iron Head|p2a: Tyranitar
|-supereffective|p2a: Tyranitar
|-damage|p2a: Tyranitar|60/100
|cant|p2a: Tyranitar|flinch
|
|-weather|Sandstorm|[upkeep]
|upkeep
|turn|2
|
|t:|1724979785
|move|p1a: Jirachi|Stealth Rock|p2a: Tyranitar
|-sidestart|p2: vustyfans|move: Stealth Rock
|move|p2a: Tyranitar|Stealth Rock|p1a: Jirachi
|-sidestart|p1: Blub234|move: Stealth Rock
|
|-weather|Sandstorm|[upkeep]
|upkeep
|turn|3
|
|t:|1724979790
|move|p1a: Jirachi|Iron Head|p2a: Tyranitar
|-supereffective|p2a: Tyranitar
|-damage|p2a: Tyranitar|19/100
|move|p2a: Tyranitar|Crunch|p1a: Jirachi
|-damage|p1a: Jirachi|67/100
|
|-weather|Sandstorm|[upkeep]
|-heal|p1a: Jirachi|73/100|[from] item: Leftovers
|upkeep
|turn|4
|j| night suwu
|
|t:|1724979796
|move|p1a: Jirachi|Iron Head|p2a: Tyranitar
|-supereffective|p2a: Tyranitar
|-damage|p2a: Tyranitar|0 fnt
|faint|p2a: Tyranitar
|
|-weather|Sandstorm|[upkeep]
|-heal|p1a: Jirachi|79/100|[from] item: Leftovers
|upkeep
|
|t:|1724979797
|switch|p2a: Excadrill|Excadrill, M|100/100
|-damage|p2a: Excadrill|97/100|[from] Stealth Rock
|turn|5
|
|t:|1724979802
|move|p2a: Excadrill|Substitute|p2a: Excadrill
|-start|p2a: Excadrill|Substitute
|-damage|p2a: Excadrill|73/100
|move|p1a: Jirachi|U-turn|p2a: Excadrill
|-resisted|p2a: Excadrill
|-activate|p2a: Excadrill|Substitute|[damage]
|l| night suwu
|
|t:|1724979809
|switch|p1a: Garchomp|Garchomp, M|100/100|[from] U-turn
|-damage|p1a: Garchomp|94/100|[from] Stealth Rock
|
|-weather|Sandstorm|[upkeep]
|-heal|p2a: Excadrill|79/100|[from] item: Leftovers
|upkeep
|turn|6
|
|t:|1724979812
|move|p2a: Excadrill|Protect|p2a: Excadrill
|-singleturn|p2a: Excadrill|Protect
|move|p1a: Garchomp|Earthquake|p2a: Excadrill
|-activate|p2a: Excadrill|move: Protect
|
|-weather|Sandstorm|[upkeep]
|-heal|p2a: Excadrill|85/100|[from] item: Leftovers
|upkeep
|turn|7
|
|t:|1724979815
|move|p1a: Garchomp|Earthquake|p2a: Excadrill
|-supereffective|p2a: Excadrill
|-end|p2a: Excadrill|Substitute
|move|p2a: Excadrill|Earthquake|p1a: Garchomp
|-damage|p1a: Garchomp|16/100
|
|-weather|Sandstorm|[upkeep]
|-heal|p2a: Excadrill|91/100|[from] item: Leftovers
|upkeep
|turn|8
|
|t:|1724979818
|switch|p2a: Landorus|Landorus-Therian, M|100/100
|-damage|p2a: Landorus|88/100|[from] Stealth Rock
|-ability|p2a: Landorus|Intimidate|boost
|-unboost|p1a: Garchomp|atk|1
|move|p1a: Garchomp|Earthquake|p2a: Landorus
|-immune|p2a: Landorus
|
|-weather|Sandstorm|[upkeep]
|upkeep
|turn|9
|
|t:|1724979827
|switch|p1a: Latios|Latios, M|100/100
|-damage|p1a: Latios|88/100|[from] Stealth Rock
|move|p2a: Landorus|U-turn|p1a: Latios
|-supereffective|p1a: Latios
|-damage|p1a: Latios|30/100
|
|t:|1724979834
|switch|p2a: Excadrill|Excadrill, M|91/100|[from] U-turn
|-damage|p2a: Excadrill|88/100|[from] Stealth Rock
|
|-weather|Sandstorm|[upkeep]
|-damage|p1a: Latios|24/100|[from] Sandstorm
|-heal|p2a: Excadrill|94/100|[from] item: Leftovers
|upkeep
|turn|10
|
|t:|1724979837
|move|p2a: Excadrill|Protect|p2a: Excadrill
|-singleturn|p2a: Excadrill|Protect
|move|p1a: Latios|Surf|p2a: Excadrill
|-activate|p2a: Excadrill|move: Protect
|
|-weather|Sandstorm|[upkeep]
|-damage|p1a: Latios|18/100|[from] Sandstorm
|-heal|p2a: Excadrill|99/100|[from] item: Leftovers
|upkeep
|turn|11
|
|t:|1724979847
|switch|p1a: Jirachi|Jirachi|79/100
|-damage|p1a: Jirachi|73/100|[from] Stealth Rock
|switch|p2a: Latias|Latias, F|100/100
|-damage|p2a: Latias|88/100|[from] Stealth Rock
|
|-weather|Sandstorm|[upkeep]
|-damage|p2a: Latias|82/100|[from] Sandstorm
|-heal|p1a: Jirachi|79/100|[from] item: Leftovers
|upkeep
|turn|12
|
|t:|1724979877
|move|p2a: Latias|Thunder Wave|p1a: Jirachi
|-status|p1a: Jirachi|par
|cant|p1a: Jirachi|par
|
|-weather|Sandstorm|[upkeep]
|-damage|p2a: Latias|76/100|[from] Sandstorm
|-heal|p1a: Jirachi|85/100 par|[from] item: Leftovers
|upkeep
|turn|13
|
|t:|1724979884
|switch|p2a: Rotom|Rotom-Wash|100/100
|-damage|p2a: Rotom|88/100|[from] Stealth Rock
|move|p1a: Jirachi|U-turn|p2a: Rotom
|-damage|p2a: Rotom|76/100
|
|t:|1724979890
|switch|p1a: Kyurem|Kyurem-Black|100/100|[from] U-turn
|-damage|p1a: Kyurem|76/100|[from] Stealth Rock
|-ability|p1a: Kyurem|Teravolt
|
|-weather|Sandstorm|[upkeep]
|-damage|p1a: Kyurem|70/100|[from] Sandstorm
|-damage|p2a: Rotom|70/100|[from] Sandstorm
|-heal|p2a: Rotom|76/100|[from] item: Leftovers
|upkeep
|turn|14
|
|t:|1724979908
|move|p1a: Kyurem|Outrage|p2a: Rotom
|-damage|p2a: Rotom|0 fnt
|faint|p2a: Rotom
|
|-weather|Sandstorm|[upkeep]
|-damage|p1a: Kyurem|63/100|[from] Sandstorm
|upkeep
|
|t:|1724979913
|switch|p2a: Latias|Latias, F|76/100
|-damage|p2a: Latias|64/100|[from] Stealth Rock
|turn|15
|
|t:|1724979916
|move|p2a: Latias|Draco Meteor|p1a: Kyurem|[miss]
|-miss|p2a: Latias|p1a: Kyurem
|move|p1a: Kyurem|Outrage|p2a: Latias|[from]lockedmove
|-supereffective|p2a: Latias
|-damage|p2a: Latias|0 fnt
|-damage|p1a: Kyurem|47/100|[from] item: Rocky Helmet|[of] p2a: Latias
|faint|p2a: Latias
|-start|p1a: Kyurem|confusion|[fatigue]
|
|-weather|Sandstorm|[upkeep]
|-damage|p1a: Kyurem|41/100|[from] Sandstorm
|upkeep
|
|t:|1724979918
|switch|p2a: Excadrill|Excadrill, M|99/100
|-damage|p2a: Excadrill|97/100|[from] Stealth Rock
|turn|16
|
|t:|1724979924
|switch|p1a: Latios|Latios, M|18/100
|-damage|p1a: Latios|5/100|[from] Stealth Rock
|move|p2a: Excadrill|Substitute|p2a: Excadrill
|-start|p2a: Excadrill|Substitute
|-damage|p2a: Excadrill|72/100
|
|-weather|Sandstorm|[upkeep]
|-damage|p1a: Latios|0 fnt|[from] Sandstorm
|faint|p1a: Latios
|-heal|p2a: Excadrill|78/100|[from] item: Leftovers
|upkeep
|
|t:|1724979928
|switch|p1a: Garchomp|Garchomp, M|16/100
|-damage|p1a: Garchomp|10/100|[from] Stealth Rock
|turn|17
|
|t:|1724979931
|move|p2a: Excadrill|Protect|p2a: Excadrill
|-singleturn|p2a: Excadrill|Protect
|move|p1a: Garchomp|Earthquake|p2a: Excadrill
|-activate|p2a: Excadrill|move: Protect
|
|-weather|Sandstorm|[upkeep]
|-heal|p2a: Excadrill|84/100|[from] item: Leftovers
|upkeep
|turn|18
|
|t:|1724979934
|move|p1a: Garchomp|Earthquake|p2a: Excadrill
|-supereffective|p2a: Excadrill
|-end|p2a: Excadrill|Substitute
|move|p2a: Excadrill|Earthquake|p1a: Garchomp
|-damage|p1a: Garchomp|0 fnt
|faint|p1a: Garchomp
|
|-weather|Sandstorm|[upkeep]
|-heal|p2a: Excadrill|90/100|[from] item: Leftovers
|upkeep
|
|t:|1724979937
|switch|p1a: Magnezone|Magnezone|100/100
|-damage|p1a: Magnezone|94/100|[from] Stealth Rock
|-item|p1a: Magnezone|Air Balloon
|turn|19
|
|t:|1724979940
|move|p2a: Excadrill|Iron Head|p1a: Magnezone
|-resisted|p1a: Magnezone
|-damage|p1a: Magnezone|78/100
|-enditem|p1a: Magnezone|Air Balloon
|move|p1a: Magnezone|Hidden Power|p2a: Excadrill
|-supereffective|p2a: Excadrill
|-damage|p2a: Excadrill|24/100
|
|-weather|Sandstorm|[upkeep]
|-heal|p2a: Excadrill|30/100|[from] item: Leftovers
|upkeep
|turn|20
|
|t:|1724979944
|move|p2a: Excadrill|Earthquake|p1a: Magnezone
|-supereffective|p1a: Magnezone
|-damage|p1a: Magnezone|0 fnt
|faint|p1a: Magnezone
|
|-weather|Sandstorm|[upkeep]
|-heal|p2a: Excadrill|37/100|[from] item: Leftovers
|upkeep
|
|t:|1724979946
|switch|p1a: Dragonite|Dragonite, M|100/100
|-damage|p1a: Dragonite|76/100|[from] Stealth Rock
|turn|21
|j| tyrash
|
|t:|1724979952
|switch|p2a: Landorus|Landorus-Therian, M|88/100
|-damage|p2a: Landorus|76/100|[from] Stealth Rock
|-ability|p2a: Landorus|Intimidate|boost
|-unboost|p1a: Dragonite|atk|1
|move|p1a: Dragonite|Earthquake|p2a: Landorus
|-immune|p2a: Landorus
|
|-weather|Sandstorm|[upkeep]
|-damage|p1a: Dragonite|69/100|[from] Sandstorm
|upkeep
|turn|22
|
|t:|1724979960
|move|p2a: Landorus|Hidden Power|p1a: Dragonite
|-supereffective|p1a: Dragonite
|-damage|p1a: Dragonite|0 fnt
|faint|p1a: Dragonite
|
|-weather|Sandstorm|[upkeep]
|upkeep
|
|t:|1724979963
|switch|p1a: Kyurem|Kyurem-Black|41/100
|-damage|p1a: Kyurem|16/100|[from] Stealth Rock
|-ability|p1a: Kyurem|Teravolt
|turn|23
|
|t:|1724979968
|switch|p2a: Alakazam|Alakazam, M|100/100
|move|p1a: Kyurem|Outrage|p2a: Alakazam
|-enditem|p2a: Alakazam|Focus Sash
|-damage|p2a: Alakazam|1/100
|
|-weather|Sandstorm|[upkeep]
|-damage|p1a: Kyurem|10/100|[from] Sandstorm
|upkeep
|turn|24
|
|t:|1724979971
|move|p2a: Alakazam|Psychic|p1a: Kyurem
|-damage|p1a: Kyurem|0 fnt
|faint|p1a: Kyurem
|
|-weather|Sandstorm|[upkeep]
|upkeep
|
|t:|1724979973
|switch|p1a: Jirachi|Jirachi|85/100 par
|-damage|p1a: Jirachi|79/100 par|[from] Stealth Rock
|turn|25
|
|t:|1724979981
|move|p2a: Alakazam|Focus Blast|p1a: Jirachi
|-damage|p1a: Jirachi|51/100 par
|move|p1a: Jirachi|Body Slam|p2a: Alakazam
|-damage|p2a: Alakazam|0 fnt
|faint|p2a: Alakazam
|
|-weather|Sandstorm|[upkeep]
|-heal|p1a: Jirachi|57/100 par|[from] item: Leftovers
|upkeep
|
|t:|1724979984
|switch|p2a: Excadrill|Excadrill, M|37/100
|-damage|p2a: Excadrill|33/100|[from] Stealth Rock
|turn|26
|
|t:|1724979987
|move|p2a: Excadrill|Earthquake|p1a: Jirachi
|-supereffective|p1a: Jirachi
|-damage|p1a: Jirachi|0 fnt
|faint|p1a: Jirachi
|
|win|vustyfans
|raw|Blub234's rating: 1456 &rarr; <strong>1440</strong><br />(-16 for losing)
|raw|vustyfans's rating: 1530 &rarr; <strong>1546</strong><br />(+16 for winning)
