|j|☆AtlanticAveRe
|j|☆Wilder Mind
|player|p1|AtlanticAveRe|2
|player|p2|Wilder Mind|5
|teamsize|p1|6
|teamsize|p2|6
|gametype|singles
|gen|5
|tier|[Gen 5] OU
|rated|
|rule|Sleep Clause Mod: Limit one foe put to sleep
|rule|Species Clause: Limit one of each Pokémon
|rule|OHKO Clause: OHKO moves are banned
|rule|Moody Clause: Moody is banned
|rule|Evasion Moves Clause: Evasion moves are banned
|rule|Endless Battle Clause: Forcing endless battles is banned
|rule|HP Percentage Mod: HP is shown in percentages
|rule|Evasion Abilities Clause: Evasion abilities are banned
|rule|Baton Pass Clause: Limit one Baton Passer, can't pass Spe and other stats simultaneously
|rule|Swagger Clause: Swagger is banned
|clearpoke
|poke|p1|Espeon, F|item
|poke|p1|Forretress, M|item
|poke|p1|Volcarona, F|item
|poke|p1|Tyranitar, M|item
|poke|p1|Lucario, F|item
|poke|p1|Gyarados, M|item
|poke|p2|Tyranitar, F|item
|poke|p2|Rotom-Wash|item
|poke|p2|Landorus-Therian, M|item
|poke|p2|Keldeo|item
|poke|p2|Latios, M|item
|poke|p2|Scizor, F|item
|teampreview
|inactive|Battle timer is ON: inactive players will automatically lose when time's up. (requested by AtlanticAveRe)
|
|start
|switch|p1a: Espeon|Espeon, F|100/100
|switch|p2a: Landorus|Landorus-Therian, M|100/100
|-ability|p2a: Landorus|Intimidate|boost
|-unboost|p1a: Espeon|atk|1
|turn|1
|
|move|p1a: Espeon|Reflect|p1a: Espeon
|-sidestart|p1: AtlanticAveRe|Reflect
|move|p2a: Landorus|Swords Dance|p2a: Landorus
|-boost|p2a: Landorus|atk|2
|
|upkeep
|turn|2
|
|move|p1a: Espeon|Light Screen|p1a: Espeon
|-sidestart|p1: AtlanticAveRe|move: Light Screen
|move|p2a: Landorus|Earthquake|p1a: Espeon
|-damage|p1a: Espeon|16/100
|
|upkeep
|turn|3
|inactive|AtlanticAveRe has 135 seconds left.
|
|move|p1a: Espeon|Baton Pass|p1a: Espeon
|
|switch|p1a: Gyarados|Gyarados, M|100/100
|move|p2a: Landorus|Earthquake|p1a: Gyarados
|-immune|p1a: Gyarados|[msg]
|
|upkeep
|turn|4
|inactive|AtlanticAveRe has 135 seconds left.
|
|switch|p2a: Rotom|Rotom-Wash|100/100
|move|p1a: Gyarados|Waterfall|p2a: Rotom
|-resisted|p2a: Rotom
|-damage|p2a: Rotom|87/100
|
|-heal|p2a: Rotom|94/100|[from] item: Leftovers
|upkeep
|turn|5
|inactive|Wilder Mind has 135 seconds left.
|
|switch|p1a: Espeon|Espeon, F|16/100
|move|p2a: Rotom|Volt Switch|p1a: Espeon
|-damage|p1a: Espeon|3/100
|
|switch|p2a: Tyranitar|Tyranitar, F|100/100
|-weather|Sandstorm|[from] ability: Sand Stream|[of] p2a: Tyranitar
|
|-weather|Sandstorm|[upkeep]
|-damage|p1a: Espeon|0 fnt|[from] Sandstorm
|upkeep
|faint|p1a: Espeon
|inactive|AtlanticAveRe has 135 seconds left.
|
|switch|p1a: Tyranitar|Tyranitar, M|100/100
|turn|6
|
|move|p1a: Tyranitar|Dragon Dance|p1a: Tyranitar
|-boost|p1a: Tyranitar|atk|1
|-boost|p1a: Tyranitar|spe|1
|move|p2a: Tyranitar|Stealth Rock|p1a: Tyranitar
|-sidestart|p1: AtlanticAveRe|move: Stealth Rock
|
|-weather|Sandstorm|[upkeep]
|upkeep
|turn|7
|
|move|p1a: Tyranitar|Dragon Dance|p1a: Tyranitar
|-boost|p1a: Tyranitar|atk|1
|-boost|p1a: Tyranitar|spe|1
|move|p2a: Tyranitar|Superpower|p1a: Tyranitar
|-supereffective|p1a: Tyranitar
|-enditem|p1a: Tyranitar|Chople Berry|[eat]
|-enditem|p1a: Tyranitar|Chople Berry|[weaken]
|-damage|p1a: Tyranitar|64/100
|-unboost|p2a: Tyranitar|atk|1
|-unboost|p2a: Tyranitar|def|1
|
|-weather|Sandstorm|[upkeep]
|upkeep
|turn|8
|
|switch|p2a: Landorus|Landorus-Therian, M|100/100
|-ability|p2a: Landorus|Intimidate|boost
|-unboost|p1a: Tyranitar|atk|1
|move|p1a: Tyranitar|Stone Edge|p2a: Landorus|[miss]
|-miss|p1a: Tyranitar|p2a: Landorus
|
|-weather|Sandstorm|[upkeep]
|-sideend|p1: AtlanticAveRe|Reflect
|upkeep
|turn|9
|inactive|Wilder Mind has 135 seconds left.
|
|move|p1a: Tyranitar|Stone Edge|p2a: Landorus
|-damage|p2a: Landorus|15/100
|move|p2a: Landorus|Superpower|p1a: Tyranitar
|-enditem|p2a: Landorus|Fighting Gem|[from] gem|[move] Superpower
|-supereffective|p1a: Tyranitar
|-crit|p1a: Tyranitar
|-damage|p1a: Tyranitar|0 fnt
|-unboost|p2a: Landorus|atk|1
|-unboost|p2a: Landorus|def|1
|faint|p1a: Tyranitar
|
|-weather|Sandstorm|[upkeep]
|-sideend|p1: AtlanticAveRe|move: Light Screen
|upkeep
|
|switch|p1a: Forretress|Forretress, M|100/100
|-damage|p1a: Forretress|88/100|[from] Stealth Rock
|turn|10
|
|move|p2a: Landorus|Swords Dance|p2a: Landorus
|-boost|p2a: Landorus|atk|2
|move|p1a: Forretress|Rapid Spin|p2a: Landorus
|-damage|p2a: Landorus|8/100
|-sideend|p1: AtlanticAveRe|Stealth Rock|[from] move: Rapid Spin|[of] p1a: Forretress
|
|-weather|Sandstorm|[upkeep]
|upkeep
|turn|11
|
|move|p2a: Landorus|Earthquake|p1a: Forretress
|-damage|p1a: Forretress|40/100
|-enditem|p1a: Forretress|Red Card|[of] p2a: Landorus
|drag|p2a: Tyranitar|Tyranitar, F|100/100
|move|p1a: Forretress|Stealth Rock|p2a: Tyranitar
|-sidestart|p2: Wilder Mind|move: Stealth Rock
|
|-weather|Sandstorm|[upkeep]
|upkeep
|turn|12
|
|move|p2a: Tyranitar|Stealth Rock|p1a: Forretress
|-sidestart|p1: AtlanticAveRe|move: Stealth Rock
|move|p1a: Forretress|Spikes|p2a: Tyranitar
|-sidestart|p2: Wilder Mind|Spikes
|
|-weather|Sandstorm|[upkeep]
|upkeep
|turn|13
|
|move|p2a: Tyranitar|Superpower|p1a: Forretress
|-damage|p1a: Forretress|17/100
|-unboost|p2a: Tyranitar|atk|1
|-unboost|p2a: Tyranitar|def|1
|move|p1a: Forretress|Rapid Spin|p2a: Tyranitar
|-resisted|p2a: Tyranitar
|-crit|p2a: Tyranitar
|-damage|p2a: Tyranitar|96/100
|-sideend|p1: AtlanticAveRe|Stealth Rock|[from] move: Rapid Spin|[of] p1a: Forretress
|
|-weather|Sandstorm|[upkeep]
|upkeep
|turn|14
|
|move|p2a: Tyranitar|Stealth Rock|p1a: Forretress
|-sidestart|p1: AtlanticAveRe|move: Stealth Rock
|move|p1a: Forretress|Rapid Spin|p2a: Tyranitar
|-resisted|p2a: Tyranitar
|-damage|p2a: Tyranitar|93/100
|-sideend|p1: AtlanticAveRe|Stealth Rock|[from] move: Rapid Spin|[of] p1a: Forretress
|
|-weather|Sandstorm|[upkeep]
|upkeep
|turn|15
|
|move|p2a: Tyranitar|Stealth Rock|p1a: Forretress
|-sidestart|p1: AtlanticAveRe|move: Stealth Rock
|move|p1a: Forretress|Rapid Spin|p2a: Tyranitar
|-resisted|p2a: Tyranitar
|-damage|p2a: Tyranitar|91/100
|-sideend|p1: AtlanticAveRe|Stealth Rock|[from] move: Rapid Spin|[of] p1a: Forretress
|
|-weather|Sandstorm|[upkeep]
|upkeep
|turn|16
|
|move|p2a: Tyranitar|Superpower|p1a: Forretress
|-damage|p1a: Forretress|2/100
|-unboost|p2a: Tyranitar|atk|1
|-unboost|p2a: Tyranitar|def|1
|move|p1a: Forretress|Rapid Spin|p2a: Tyranitar
|-resisted|p2a: Tyranitar
|-damage|p2a: Tyranitar|87/100
|
|-weather|Sandstorm|[upkeep]
|upkeep
|turn|17
|
|move|p2a: Tyranitar|Stealth Rock|p1a: Forretress
|-sidestart|p1: AtlanticAveRe|move: Stealth Rock
|move|p1a: Forretress|Rapid Spin|p2a: Tyranitar
|-resisted|p2a: Tyranitar
|-damage|p2a: Tyranitar|84/100
|-sideend|p1: AtlanticAveRe|Stealth Rock|[from] move: Rapid Spin|[of] p1a: Forretress
|
|-weather|Sandstorm|[upkeep]
|upkeep
|turn|18
|
|move|p2a: Tyranitar|Stealth Rock|p1a: Forretress
|-sidestart|p1: AtlanticAveRe|move: Stealth Rock
|move|p1a: Forretress|Rapid Spin|p2a: Tyranitar
|-resisted|p2a: Tyranitar
|-damage|p2a: Tyranitar|81/100
|-sideend|p1: AtlanticAveRe|Stealth Rock|[from] move: Rapid Spin|[of] p1a: Forretress
|
|-weather|Sandstorm|[upkeep]
|upkeep
|turn|19
|
|move|p2a: Tyranitar|Stealth Rock|p1a: Forretress
|-sidestart|p1: AtlanticAveRe|move: Stealth Rock
|move|p1a: Forretress|Rapid Spin|p2a: Tyranitar
|-resisted|p2a: Tyranitar
|-damage|p2a: Tyranitar|78/100
|-sideend|p1: AtlanticAveRe|Stealth Rock|[from] move: Rapid Spin|[of] p1a: Forretress
|
|-weather|Sandstorm|[upkeep]
|upkeep
|turn|20
|
|move|p2a: Tyranitar|Stealth Rock|p1a: Forretress
|-sidestart|p1: AtlanticAveRe|move: Stealth Rock
|move|p1a: Forretress|Rapid Spin|p2a: Tyranitar
|-resisted|p2a: Tyranitar
|-damage|p2a: Tyranitar|74/100
|-sideend|p1: AtlanticAveRe|Stealth Rock|[from] move: Rapid Spin|[of] p1a: Forretress
|
|-weather|Sandstorm|[upkeep]
|upkeep
|turn|21
|
|move|p2a: Tyranitar|Stealth Rock|p1a: Forretress
|-sidestart|p1: AtlanticAveRe|move: Stealth Rock
|move|p1a: Forretress|Rapid Spin|p2a: Tyranitar
|-resisted|p2a: Tyranitar
|-damage|p2a: Tyranitar|71/100
|-sideend|p1: AtlanticAveRe|Stealth Rock|[from] move: Rapid Spin|[of] p1a: Forretress
|
|-weather|Sandstorm|[upkeep]
|upkeep
|turn|22
|
|move|p2a: Tyranitar|Stealth Rock|p1a: Forretress
|-sidestart|p1: AtlanticAveRe|move: Stealth Rock
|move|p1a: Forretress|Rapid Spin|p2a: Tyranitar
|-resisted|p2a: Tyranitar
|-crit|p2a: Tyranitar
|-damage|p2a: Tyranitar|64/100
|-sideend|p1: AtlanticAveRe|Stealth Rock|[from] move: Rapid Spin|[of] p1a: Forretress
|
|-weather|Sandstorm|[upkeep]
|upkeep
|turn|23
|
|move|p2a: Tyranitar|Stealth Rock|p1a: Forretress
|-sidestart|p1: AtlanticAveRe|move: Stealth Rock
|move|p1a: Forretress|Rapid Spin|p2a: Tyranitar
|-resisted|p2a: Tyranitar
|-damage|p2a: Tyranitar|61/100
|-sideend|p1: AtlanticAveRe|Stealth Rock|[from] move: Rapid Spin|[of] p1a: Forretress
|
|-weather|Sandstorm|[upkeep]
|upkeep
|turn|24
|
|move|p2a: Tyranitar|Stealth Rock|p1a: Forretress
|-sidestart|p1: AtlanticAveRe|move: Stealth Rock
|move|p1a: Forretress|Rapid Spin|p2a: Tyranitar
|-resisted|p2a: Tyranitar
|-damage|p2a: Tyranitar|58/100
|-sideend|p1: AtlanticAveRe|Stealth Rock|[from] move: Rapid Spin|[of] p1a: Forretress
|
|-weather|Sandstorm|[upkeep]
|upkeep
|turn|25
|
|move|p2a: Tyranitar|Stealth Rock|p1a: Forretress
|-sidestart|p1: AtlanticAveRe|move: Stealth Rock
|move|p1a: Forretress|Rapid Spin|p2a: Tyranitar
|-resisted|p2a: Tyranitar
|-damage|p2a: Tyranitar|55/100
|-sideend|p1: AtlanticAveRe|Stealth Rock|[from] move: Rapid Spin|[of] p1a: Forretress
|
|-weather|Sandstorm|[upkeep]
|upkeep
|turn|26
|
|move|p2a: Tyranitar|Stealth Rock|p1a: Forretress
|-sidestart|p1: AtlanticAveRe|move: Stealth Rock
|move|p1a: Forretress|Rapid Spin|p2a: Tyranitar
|-resisted|p2a: Tyranitar
|-damage|p2a: Tyranitar|51/100
|-sideend|p1: AtlanticAveRe|Stealth Rock|[from] move: Rapid Spin|[of] p1a: Forretress
|
|-weather|Sandstorm|[upkeep]
|upkeep
|turn|27
|
|move|p2a: Tyranitar|Stealth Rock|p1a: Forretress
|-sidestart|p1: AtlanticAveRe|move: Stealth Rock
|move|p1a: Forretress|Rapid Spin|p2a: Tyranitar
|-resisted|p2a: Tyranitar
|-damage|p2a: Tyranitar|48/100
|-sideend|p1: AtlanticAveRe|Stealth Rock|[from] move: Rapid Spin|[of] p1a: Forretress
|
|-weather|Sandstorm|[upkeep]
|upkeep
|turn|28
|
|move|p2a: Tyranitar|Stealth Rock|p1a: Forretress
|-sidestart|p1: AtlanticAveRe|move: Stealth Rock
|move|p1a: Forretress|Rapid Spin|p2a: Tyranitar
|-resisted|p2a: Tyranitar
|-crit|p2a: Tyranitar
|-damage|p2a: Tyranitar|41/100
|-sideend|p1: AtlanticAveRe|Stealth Rock|[from] move: Rapid Spin|[of] p1a: Forretress
|
|-weather|Sandstorm|[upkeep]
|upkeep
|turn|29
|
|move|p2a: Tyranitar|Stealth Rock|p1a: Forretress
|-sidestart|p1: AtlanticAveRe|move: Stealth Rock
|move|p1a: Forretress|Rapid Spin|p2a: Tyranitar
|-resisted|p2a: Tyranitar
|-damage|p2a: Tyranitar|38/100
|-sideend|p1: AtlanticAveRe|Stealth Rock|[from] move: Rapid Spin|[of] p1a: Forretress
|
|-weather|Sandstorm|[upkeep]
|upkeep
|turn|30
|
|move|p2a: Tyranitar|Stealth Rock|p1a: Forretress
|-sidestart|p1: AtlanticAveRe|move: Stealth Rock
|move|p1a: Forretress|Rapid Spin|p2a: Tyranitar
|-resisted|p2a: Tyranitar
|-damage|p2a: Tyranitar|34/100
|-sideend|p1: AtlanticAveRe|Stealth Rock|[from] move: Rapid Spin|[of] p1a: Forretress
|
|-weather|Sandstorm|[upkeep]
|upkeep
|turn|31
|
|move|p2a: Tyranitar|Stealth Rock|p1a: Forretress
|-sidestart|p1: AtlanticAveRe|move: Stealth Rock
|move|p1a: Forretress|Rapid Spin|p2a: Tyranitar
|-resisted|p2a: Tyranitar
|-damage|p2a: Tyranitar|31/100
|-sideend|p1: AtlanticAveRe|Stealth Rock|[from] move: Rapid Spin|[of] p1a: Forretress
|
|-weather|Sandstorm|[upkeep]
|upkeep
|turn|32
|
|move|p2a: Tyranitar|Stealth Rock|p1a: Forretress
|-sidestart|p1: AtlanticAveRe|move: Stealth Rock
|move|p1a: Forretress|Rapid Spin|p2a: Tyranitar
|-resisted|p2a: Tyranitar
|-damage|p2a: Tyranitar|28/100
|-sideend|p1: AtlanticAveRe|Stealth Rock|[from] move: Rapid Spin|[of] p1a: Forretress
|
|-weather|Sandstorm|[upkeep]
|upkeep
|turn|33
|
|move|p2a: Tyranitar|Stealth Rock|p1a: Forretress
|-sidestart|p1: AtlanticAveRe|move: Stealth Rock
|move|p1a: Forretress|Rapid Spin|p2a: Tyranitar
|-resisted|p2a: Tyranitar
|-damage|p2a: Tyranitar|24/100
|-sideend|p1: AtlanticAveRe|Stealth Rock|[from] move: Rapid Spin|[of] p1a: Forretress
|
|-weather|Sandstorm|[upkeep]
|upkeep
|turn|34
|
|move|p2a: Tyranitar|Stealth Rock|p1a: Forretress
|-sidestart|p1: AtlanticAveRe|move: Stealth Rock
|move|p1a: Forretress|Rapid Spin|p2a: Tyranitar
|-resisted|p2a: Tyranitar
|-damage|p2a: Tyranitar|21/100
|-sideend|p1: AtlanticAveRe|Stealth Rock|[from] move: Rapid Spin|[of] p1a: Forretress
|
|-weather|Sandstorm|[upkeep]
|upkeep
|turn|35
|
|move|p2a: Tyranitar|Stealth Rock|p1a: Forretress
|-sidestart|p1: AtlanticAveRe|move: Stealth Rock
|move|p1a: Forretress|Rapid Spin|p2a: Tyranitar
|-resisted|p2a: Tyranitar
|-damage|p2a: Tyranitar|17/100
|-sideend|p1: AtlanticAveRe|Stealth Rock|[from] move: Rapid Spin|[of] p1a: Forretress
|
|-weather|Sandstorm|[upkeep]
|upkeep
|turn|36
|
|move|p2a: Tyranitar|Stealth Rock|p1a: Forretress
|-sidestart|p1: AtlanticAveRe|move: Stealth Rock
|move|p1a: Forretress|Rapid Spin|p2a: Tyranitar
|-resisted|p2a: Tyranitar
|-damage|p2a: Tyranitar|14/100
|-sideend|p1: AtlanticAveRe|Stealth Rock|[from] move: Rapid Spin|[of] p1a: Forretress
|
|-weather|Sandstorm|[upkeep]
|upkeep
|turn|37
|
|move|p2a: Tyranitar|Stealth Rock|p1a: Forretress
|-sidestart|p1: AtlanticAveRe|move: Stealth Rock
|move|p1a: Forretress|Rapid Spin|p2a: Tyranitar
|-resisted|p2a: Tyranitar
|-damage|p2a: Tyranitar|11/100
|-sideend|p1: AtlanticAveRe|Stealth Rock|[from] move: Rapid Spin|[of] p1a: Forretress
|
|-weather|Sandstorm|[upkeep]
|upkeep
|turn|38
|
|move|p2a: Tyranitar|Stealth Rock|p1a: Forretress
|-sidestart|p1: AtlanticAveRe|move: Stealth Rock
|move|p1a: Forretress|Rapid Spin|p2a: Tyranitar
|-resisted|p2a: Tyranitar
|-damage|p2a: Tyranitar|7/100
|-sideend|p1: AtlanticAveRe|Stealth Rock|[from] move: Rapid Spin|[of] p1a: Forretress
|
|-weather|Sandstorm|[upkeep]
|upkeep
|turn|39
|
|move|p2a: Tyranitar|Stealth Rock|p1a: Forretress
|-sidestart|p1: AtlanticAveRe|move: Stealth Rock
|move|p1a: Forretress|Rapid Spin|p2a: Tyranitar
|-resisted|p2a: Tyranitar
|-damage|p2a: Tyranitar|4/100
|-sideend|p1: AtlanticAveRe|Stealth Rock|[from] move: Rapid Spin|[of] p1a: Forretress
|
|-weather|Sandstorm|[upkeep]
|upkeep
|turn|40
|
|move|p2a: Tyranitar|Stealth Rock|p1a: Forretress
|-sidestart|p1: AtlanticAveRe|move: Stealth Rock
|move|p1a: Forretress|Rapid Spin|p2a: Tyranitar
|-resisted|p2a: Tyranitar
|-damage|p2a: Tyranitar|1/100
|-sideend|p1: AtlanticAveRe|Stealth Rock|[from] move: Rapid Spin|[of] p1a: Forretress
|
|-weather|Sandstorm|[upkeep]
|upkeep
|turn|41
|
|move|p2a: Tyranitar|Stealth Rock|p1a: Forretress
|-sidestart|p1: AtlanticAveRe|move: Stealth Rock
|move|p1a: Forretress|Rapid Spin|p2a: Tyranitar
|-resisted|p2a: Tyranitar
|-damage|p2a: Tyranitar|0 fnt
|-sideend|p1: AtlanticAveRe|Stealth Rock|[from] move: Rapid Spin|[of] p1a: Forretress
|faint|p2a: Tyranitar
|
|-weather|Sandstorm|[upkeep]
|upkeep
|c|☆AtlanticAveRe|xdxdxdxdxdxdd
|
|switch|p2a: Latios|Latios, M|100/100
|-damage|p2a: Latios|88/100|[from] Stealth Rock
|turn|42
|
|move|p2a: Latios|Surf|p1a: Forretress
|-crit|p1a: Forretress
|-damage|p1a: Forretress|0 fnt
|faint|p1a: Forretress
|
|-weather|Sandstorm|[upkeep]
|-damage|p2a: Latios|82/100|[from] Sandstorm
|upkeep
|inactive|AtlanticAveRe has 135 seconds left.
|
|switch|p1a: Lucario|Lucario, F|100/100
|turn|43
|
|move|p2a: Latios|Surf|p1a: Lucario
|-damage|p1a: Lucario|18/100
|move|p1a: Lucario|Swords Dance|p1a: Lucario
|-boost|p1a: Lucario|atk|2
|
|-weather|Sandstorm|[upkeep]
|-damage|p2a: Latios|76/100|[from] Sandstorm
|upkeep
|turn|44
|
|switch|p2a: Landorus|Landorus-Therian, M|8/100
|-damage|p2a: Landorus|0 fnt|[from] Stealth Rock
|faint|p2a: Landorus
|move|p1a: Lucario|Extreme Speed|p2: Landorus|[notarget]
|-notarget
|
|-weather|Sandstorm|[upkeep]
|upkeep
|
|switch|p2a: Scizor|Scizor, F|100/100
|-damage|p2a: Scizor|88/100|[from] Spikes
|-damage|p2a: Scizor|76/100|[from] Stealth Rock
|turn|45
|
|switch|p1a: Volcarona|Volcarona, F|100/100
|move|p2a: Scizor|Bullet Punch|p1a: Volcarona
|-resisted|p1a: Volcarona
|-damage|p1a: Volcarona|79/100
|
|-weather|Sandstorm|[upkeep]
|-damage|p1a: Volcarona|73/100|[from] Sandstorm
|-heal|p2a: Scizor|82/100|[from] item: Leftovers
|upkeep
|turn|46
|
|move|p1a: Volcarona|Quiver Dance|p1a: Volcarona
|-boost|p1a: Volcarona|spa|1
|-boost|p1a: Volcarona|spd|1
|-boost|p1a: Volcarona|spe|1
|move|p2a: Scizor|Swords Dance|p2a: Scizor
|-boost|p2a: Scizor|atk|2
|
|-weather|Sandstorm|[upkeep]
|-damage|p1a: Volcarona|67/100|[from] Sandstorm
|-heal|p2a: Scizor|88/100|[from] item: Leftovers
|upkeep
|turn|47
|
|move|p2a: Scizor|Bullet Punch|p1a: Volcarona
|-resisted|p1a: Volcarona
|-damage|p1a: Volcarona|25/100
|move|p1a: Volcarona|Fire Blast|p2a: Scizor
|-supereffective|p2a: Scizor
|-damage|p2a: Scizor|0 fnt
|faint|p2a: Scizor
|
|-weather|Sandstorm|[upkeep]
|-damage|p1a: Volcarona|19/100|[from] Sandstorm
|upkeep
|
|switch|p2a: Keldeo|Keldeo|100/100
|-damage|p2a: Keldeo|94/100|[from] Stealth Rock
|-damage|p2a: Keldeo|82/100|[from] Spikes
|turn|48
|
|move|p2a: Keldeo|Surf|p1a: Volcarona
|-supereffective|p1a: Volcarona
|-damage|p1a: Volcarona|0 fnt
|faint|p1a: Volcarona
|
|-weather|Sandstorm|[upkeep]
|-damage|p2a: Keldeo|76/100|[from] Sandstorm
|upkeep
|
|switch|p1a: Gyarados|Gyarados, M|100/100
|turn|49
|
|switch|p2a: Rotom|Rotom-Wash|94/100
|-damage|p2a: Rotom|81/100|[from] Stealth Rock
|move|p1a: Gyarados|Dragon Dance|p1a: Gyarados
|-boost|p1a: Gyarados|atk|1
|-boost|p1a: Gyarados|spe|1
|
|-weather|Sandstorm|[upkeep]
|-damage|p1a: Gyarados|94/100|[from] Sandstorm
|-damage|p2a: Rotom|75/100|[from] Sandstorm
|-heal|p1a: Gyarados|100/100|[from] item: Leftovers
|-heal|p2a: Rotom|81/100|[from] item: Leftovers
|upkeep
|turn|50
|
|move|p1a: Gyarados|Bounce|p2a: Rotom|[still]
|-prepare|p1a: Gyarados|Bounce|p2a: Rotom
|move|p2a: Rotom|Volt Switch|p1a: Gyarados|[miss]
|-miss|p2a: Rotom|p1a: Gyarados
|
|-weather|Sandstorm|[upkeep]
|-damage|p1a: Gyarados|94/100|[from] Sandstorm
|-damage|p2a: Rotom|75/100|[from] Sandstorm
|-heal|p1a: Gyarados|100/100|[from] item: Leftovers
|-heal|p2a: Rotom|81/100|[from] item: Leftovers
|upkeep
|turn|51
|
|move|p1a: Gyarados|Bounce|p2a: Rotom|[from]lockedmove
|-resisted|p2a: Rotom
|-damage|p2a: Rotom|45/100
|move|p2a: Rotom|Volt Switch|p1a: Gyarados
|-supereffective|p1a: Gyarados
|-damage|p1a: Gyarados|0 fnt
|faint|p1a: Gyarados
|
|switch|p2a: Keldeo|Keldeo|76/100
|-damage|p2a: Keldeo|70/100|[from] Stealth Rock
|-damage|p2a: Keldeo|57/100|[from] Spikes
|
|-weather|Sandstorm|[upkeep]
|-damage|p2a: Keldeo|51/100|[from] Sandstorm
|upkeep
|
|switch|p1a: Lucario|Lucario, F|18/100
|turn|52
|
|move|p1a: Lucario|Extreme Speed|p2a: Keldeo
|-damage|p2a: Keldeo|13/100
|-damage|p1a: Lucario|8/100|[from] item: Life Orb
|move|p2a: Keldeo|Surf|p1a: Lucario
|-damage|p1a: Lucario|0 fnt
|faint|p1a: Lucario
|
|win|Wilder Mind
|l|☆AtlanticAveRe
|c|☆Wilder Mind|xdxdxdxd
|c|☆Wilder Mind|easy
|raw|AtlanticAveRe's rating: 1360 &rarr; <strong>1341</strong><br />(-19 for losing)
|raw|Wilder Mind's rating: 1384 &rarr; <strong>1403</strong><br />(+19 for winning)
