|j|☆Ryanj32
|j|☆Darkortex
|t:|1731984176
|gametype|singles
|player|p1|Ryanj32|red|1321
|player|p2|Darkortex|hilbert|1390
|teamsize|p1|6
|teamsize|p2|6
|gen|5
|tier|[Gen 5] OU
|rated|
|rule|Species Clause: Limit one of each Pokémon
|rule|OHKO Clause: OHKO moves are banned
|rule|Moody Clause: Moody is banned
|rule|Evasion Items Clause: Evasion items are banned
|rule|Evasion Moves Clause: Evasion moves are banned
|rule|Endless Battle Clause: Forcing endless battles is banned
|rule|HP Percentage Mod: HP is shown in percentages
|rule|Evasion Abilities Clause: Evasion abilities are banned
|rule|Sleep Moves Clause: Sleep-inducing moves are banned
|rule|Swagger Clause: Swagger is banned
|rule|Baton Pass Stat Clause: No Baton Passer may have a way to boost its stats
|clearpoke
|poke|p1|Politoed, M|item
|poke|p1|Garchomp, F|item
|poke|p1|Thundurus-Therian, M|item
|poke|p1|Starmie|item
|poke|p1|Ferrothorn, M|item
|poke|p1|Keldeo|item
|poke|p2|Ninetales, F|item
|poke|p2|Chansey, F|item
|poke|p2|Cresselia, F|item
|poke|p2|Excadrill, M|item
|poke|p2|Xatu, F|item
|poke|p2|Volcarona, F|item
|teampreview
|inactive|Battle timer is ON: inactive players will automatically lose when time's up. (requested by Darkortex)
|
|t:|1731984203
|start
|switch|p1a: Politoed|Politoed, M, shiny|100/100
|switch|p2a: Chansey|Chansey, F|100/100
|-weather|RainDance|[from] ability: Drizzle|[of] p1a: Politoed
|turn|1
|
|t:|1731984221
|move|p1a: Politoed|Focus Blast|p2a: Chansey
|-supereffective|p2a: Chansey
|-damage|p2a: Chansey|69/100
|move|p2a: Chansey|Stealth Rock|p1a: Politoed
|-sidestart|p1: Ryanj32|move: Stealth Rock
|
|-weather|RainDance|[upkeep]
|upkeep
|turn|2
|
|t:|1731984237
|switch|p1a: Starmie|Starmie, shiny|100/100
|-damage|p1a: Starmie|88/100|[from] Stealth Rock
|move|p2a: Chansey|Toxic|p1a: Starmie
|-status|p1a: Starmie|tox
|
|-weather|RainDance|[upkeep]
|-damage|p1a: Starmie|82/100 tox|[from] psn
|upkeep
|turn|3
|
|t:|1731984244
|move|p1a: Starmie|Psyshock|p2a: Chansey
|-damage|p2a: Chansey|42/100
|-damage|p1a: Starmie|72/100 tox|[from] item: Life Orb
|move|p2a: Chansey|Stealth Rock||[still]
|-fail|p2a: Chansey
|
|-weather|RainDance|[upkeep]
|-damage|p1a: Starmie|60/100 tox|[from] psn
|upkeep
|turn|4
|
|t:|1731984251
|move|p1a: Starmie|Psyshock|p2a: Chansey
|-damage|p2a: Chansey|12/100
|-damage|p1a: Starmie|50/100 tox|[from] item: Life Orb
|move|p2a: Chansey|Soft-Boiled|p2a: Chansey
|-heal|p2a: Chansey|62/100
|
|-weather|RainDance|[upkeep]
|-damage|p1a: Starmie|32/100 tox|[from] psn
|upkeep
|turn|5
|
|t:|1731984258
|move|p1a: Starmie|Psyshock|p2a: Chansey
|-damage|p2a: Chansey|33/100
|-damage|p1a: Starmie|22/100 tox|[from] item: Life Orb
|move|p2a: Chansey|Soft-Boiled|p2a: Chansey
|-heal|p2a: Chansey|83/100
|
|-weather|RainDance|[upkeep]
|-damage|p1a: Starmie|0 fnt|[from] psn
|faint|p1a: Starmie
|upkeep
|
|t:|1731984263
|switch|p1a: Garchomp|Garchomp, F, shiny|100/100
|-damage|p1a: Garchomp|94/100|[from] Stealth Rock
|turn|6
|
|t:|1731984271
|switch|p2a: Cresselia|Cresselia, F|100/100
|move|p1a: Garchomp|Outrage|p2a: Cresselia
|-damage|p2a: Cresselia|64/100
|
|-weather|RainDance|[upkeep]
|-heal|p2a: Cresselia|71/100|[from] item: Leftovers
|upkeep
|turn|7
|
|t:|1731984276
|move|p1a: Garchomp|Outrage|p2a: Cresselia|[from]lockedmove
|-damage|p2a: Cresselia|34/100
|move|p2a: Cresselia|Ice Beam|p1a: Garchomp
|-supereffective|p1a: Garchomp
|-enditem|p1a: Garchomp|Yache Berry|[eat]
|-enditem|p1a: Garchomp|Yache Berry|[weaken]
|-damage|p1a: Garchomp|53/100
|-status|p1a: Garchomp|frz
|
|-weather|RainDance|[upkeep]
|-heal|p2a: Cresselia|40/100|[from] item: Leftovers
|upkeep
|turn|8
|
|t:|1731984284
|-curestatus|p1a: Garchomp|frz|[msg]
|move|p1a: Garchomp|Outrage|p2a: Cresselia|[from]lockedmove
|-damage|p2a: Cresselia|7/100
|-start|p1a: Garchomp|confusion|[fatigue]
|move|p2a: Cresselia|Ice Beam|p1a: Garchomp
|-supereffective|p1a: Garchomp
|-damage|p1a: Garchomp|0 fnt
|faint|p1a: Garchomp
|
|-weather|RainDance|[upkeep]
|-heal|p2a: Cresselia|13/100|[from] item: Leftovers
|upkeep
|
|t:|1731984292
|switch|p1a: Thundurus|Thundurus-Therian, M, shiny|100/100
|-damage|p1a: Thundurus|76/100|[from] Stealth Rock
|turn|9
|
|t:|1731984298
|move|p1a: Thundurus|Focus Blast|p2a: Cresselia
|-resisted|p2a: Cresselia
|-damage|p2a: Cresselia|0 fnt
|faint|p2a: Cresselia
|
|-weather|RainDance|[upkeep]
|upkeep
|
|t:|1731984300
|switch|p2a: Ninetales|Ninetales, F|100/100
|-weather|SunnyDay|[from] ability: Drought|[of] p2a: Ninetales
|turn|10
|
|t:|1731984305
|switch|p1a: Politoed|Politoed, M, shiny|100/100
|-damage|p1a: Politoed|88/100|[from] Stealth Rock
|-weather|RainDance|[from] ability: Drizzle|[of] p1a: Politoed
|move|p2a: Ninetales|Will-O-Wisp|p1a: Politoed|[miss]
|-miss|p2a: Ninetales|p1a: Politoed
|
|-weather|RainDance|[upkeep]
|upkeep
|turn|11
|
|t:|1731984313
|switch|p2a: Chansey|Chansey, F|83/100
|move|p1a: Politoed|Hydro Pump|p2a: Chansey
|-damage|p2a: Chansey|50/100
|
|-weather|RainDance|[upkeep]
|upkeep
|turn|12
|
|t:|1731984321
|switch|p1a: Ferrothorn|Ferrothorn, M, shiny|100/100
|-damage|p1a: Ferrothorn|94/100|[from] Stealth Rock
|move|p2a: Chansey|Soft-Boiled|p2a: Chansey
|-heal|p2a: Chansey|99/100
|
|-weather|RainDance|[upkeep]
|-heal|p1a: Ferrothorn|100/100|[from] item: Leftovers
|upkeep
|turn|13
|
|t:|1731984326
|switch|p2a: Xatu|Xatu, F|100/100
|move|p1a: Ferrothorn|Leech Seed|p2a: Xatu
|move|p2a: Xatu|Leech Seed|p1a: Ferrothorn|[from]ability: Magic Bounce
|-immune|p1a: Ferrothorn
|
|-weather|RainDance|[upkeep]
|upkeep
|turn|14
|
|t:|1731984332
|switch|p1a: Keldeo|Keldeo|100/100
|-damage|p1a: Keldeo|94/100|[from] Stealth Rock
|move|p2a: Xatu|Night Shade|p1a: Keldeo
|-damage|p1a: Keldeo|63/100
|
|-weather|RainDance|[upkeep]
|upkeep
|turn|15
|
|t:|1731984341
|switch|p2a: Ninetales|Ninetales, F|100/100
|-weather|SunnyDay|[from] ability: Drought|[of] p2a: Ninetales
|move|p1a: Keldeo|Secret Sword|p2a: Ninetales
|-damage|p2a: Ninetales|56/100
|
|-weather|SunnyDay|[upkeep]
|-heal|p2a: Ninetales|62/100|[from] item: Leftovers
|upkeep
|turn|16
|j| nanmoboys
|
|t:|1731984350
|switch|p2a: Xatu|Xatu, F|100/100
|move|p1a: Keldeo|Secret Sword|p2a: Xatu
|-resisted|p2a: Xatu
|-damage|p2a: Xatu|90/100
|
|-weather|SunnyDay|[upkeep]
|upkeep
|turn|17
|
|t:|1731984355
|switch|p1a: Thundurus|Thundurus-Therian, M, shiny|76/100
|-damage|p1a: Thundurus|51/100|[from] Stealth Rock
|move|p2a: Xatu|U-turn|p1a: Thundurus
|-resisted|p1a: Thundurus
|-damage|p1a: Thundurus|42/100
|
|t:|1731984358
|switch|p2a: Volcarona|Volcarona, F|100/100|[from] U-turn
|
|-weather|SunnyDay|[upkeep]
|upkeep
|turn|18
|
|t:|1731984361
|move|p2a: Volcarona|Quiver Dance|p2a: Volcarona
|-boost|p2a: Volcarona|spa|1
|-boost|p2a: Volcarona|spd|1
|-boost|p2a: Volcarona|spe|1
|move|p1a: Thundurus|Thunder|p2a: Volcarona|[miss]
|-miss|p1a: Thundurus|p2a: Volcarona
|
|-weather|SunnyDay|[upkeep]
|upkeep
|turn|19
|
|t:|1731984367
|move|p2a: Volcarona|Quiver Dance|p2a: Volcarona
|-boost|p2a: Volcarona|spa|1
|-boost|p2a: Volcarona|spd|1
|-boost|p2a: Volcarona|spe|1
|move|p1a: Thundurus|Thunder|p2a: Volcarona|[miss]
|-miss|p1a: Thundurus|p2a: Volcarona
|
|-weather|SunnyDay|[upkeep]
|upkeep
|turn|20
|
|t:|1731984372
|move|p2a: Volcarona|Quiver Dance|p2a: Volcarona
|-boost|p2a: Volcarona|spa|1
|-boost|p2a: Volcarona|spd|1
|-boost|p2a: Volcarona|spe|1
|move|p1a: Thundurus|Thunder|p2a: Volcarona
|-damage|p2a: Volcarona|69/100
|
|-weather|SunnyDay|[upkeep]
|upkeep
|turn|21
|
|t:|1731984382
|move|p2a: Volcarona|Flamethrower|p1a: Thundurus
|-damage|p1a: Thundurus|0 fnt
|faint|p1a: Thundurus
|
|-weather|SunnyDay|[upkeep]
|upkeep
|
|t:|1731984385
|switch|p1a: Politoed|Politoed, M, shiny|88/100
|-damage|p1a: Politoed|76/100|[from] Stealth Rock
|-weather|RainDance|[from] ability: Drizzle|[of] p1a: Politoed
|turn|22
|
|t:|1731984388
|move|p2a: Volcarona|Bug Buzz|p1a: Politoed
|-damage|p1a: Politoed|0 fnt
|faint|p1a: Politoed
|
|-weather|RainDance|[upkeep]
|upkeep
|
|t:|1731984391
|switch|p1a: Ferrothorn|Ferrothorn, M, shiny|100/100
|-damage|p1a: Ferrothorn|94/100|[from] Stealth Rock
|turn|23
|
|t:|1731984395
|move|p2a: Volcarona|Flamethrower|p1a: Ferrothorn
|-supereffective|p1a: Ferrothorn
|-damage|p1a: Ferrothorn|0 fnt
|faint|p1a: Ferrothorn
|
|-weather|RainDance|[upkeep]
|upkeep
|
|t:|1731984397
|switch|p1a: Keldeo|Keldeo|63/100
|-damage|p1a: Keldeo|57/100|[from] Stealth Rock
|turn|24
|
|t:|1731984400
|move|p2a: Volcarona|Bug Buzz|p1a: Keldeo
|-resisted|p1a: Keldeo
|-damage|p1a: Keldeo|0 fnt
|faint|p1a: Keldeo
|
|win|Darkortex
|raw|Ryanj32's rating: 1321 &rarr; <strong>1305</strong><br />(-16 for losing)
|raw|Darkortex's rating: 1390 &rarr; <strong>1406</strong><br />(+16 for winning)
|l|☆Darkortex
|player|p2|
|l|☆Ryanj32
|player|p1|
