|j|☆Hans Bloodsmith
|j|☆chomp29
|t:|1743566946
|gametype|singles
|player|p1|Hans Bloodsmith|plasmagrunt|1363
|player|p2|chomp29|lucas|1518
|teamsize|p1|6
|teamsize|p2|6
|gen|5
|tier|[Gen 5] OU
|rated|
|rule|Species Clause: Limit one of each Pokémon
|rule|OHKO Clause: OHKO moves are banned
|rule|Moody Clause: Moody is banned
|rule|Evasion Items Clause: Evasion items are banned
|rule|Evasion Moves Clause: Evasion moves are banned
|rule|Endless Battle Clause: Forcing endless battles is banned
|rule|HP Percentage Mod: HP is shown in percentages
|rule|Evasion Abilities Clause: Evasion abilities are banned
|rule|Sleep Moves Clause: Sleep-inducing moves are banned
|rule|Swagger Clause: Swagger is banned
|rule|Baton Pass Stat Clause: No Baton Passer may have a way to boost its stats
|clearpoke
|poke|p1|Volcarona, M|item
|poke|p1|Hydreigon, M|item
|poke|p1|Mamoswine, M|item
|poke|p1|Magnezone|item
|poke|p1|Toxicroak, F|item
|poke|p1|Politoed, M|item
|poke|p2|Tornadus, M|item
|poke|p2|Gyarados, F|item
|poke|p2|Politoed, F|item
|poke|p2|Ferrothorn, M|item
|poke|p2|Tentacruel, M|item
|poke|p2|Excadrill, M|item
|teampreview
|inactive|Battle timer is ON: inactive players will automatically lose when time's up. (requested by chomp29)
|inactive|Hans Bloodsmith also wants the timer to be on.
|inactive|chomp29 has 120 seconds left.
|
|t:|1743566987
|start
|switch|p1a: Francis|Politoed, M|100/100
|switch|p2a: Ferrothorn|Ferrothorn, M|100/100
|-weather|RainDance|[from] ability: Drizzle|[of] p1a: Francis
|turn|1
|
|t:|1743566993
|switch|p1a: Stein|Magnezone|100/100
|move|p2a: Ferrothorn|Stealth Rock|p1a: Stein
|-sidestart|p1: Hans Bloodsmith|move: Stealth Rock
|
|-weather|RainDance|[upkeep]
|upkeep
|turn|2
|
|t:|1743566996
|move|p1a: Stein|Substitute|p1a: Stein
|-start|p1a: Stein|Substitute
|-damage|p1a: Stein|76/100
|move|p2a: Ferrothorn|Spikes|p1a: Stein
|-sidestart|p1: Hans Bloodsmith|Spikes
|
|-weather|RainDance|[upkeep]
|-heal|p1a: Stein|82/100|[from] item: Leftovers
|upkeep
|turn|3
|
|t:|1743567001
|move|p1a: Stein|Charge Beam|p2a: Ferrothorn
|-resisted|p2a: Ferrothorn
|-damage|p2a: Ferrothorn|87/100
|-boost|p1a: Stein|spa|1
|move|p2a: Ferrothorn|Power Whip|p1a: Stein
|-resisted|p1a: Stein
|-end|p1a: Stein|Substitute
|-damage|p2a: Ferrothorn|77/100|[from] item: Life Orb
|
|-weather|RainDance|[upkeep]
|-heal|p1a: Stein|88/100|[from] item: Leftovers
|upkeep
|turn|4
|
|t:|1743567005
|move|p1a: Stein|Substitute|p1a: Stein
|-start|p1a: Stein|Substitute
|-damage|p1a: Stein|63/100
|move|p2a: Ferrothorn|Power Whip|p1a: Stein
|-resisted|p1a: Stein
|-end|p1a: Stein|Substitute
|-damage|p2a: Ferrothorn|67/100|[from] item: Life Orb
|
|-weather|RainDance|[upkeep]
|-heal|p1a: Stein|69/100|[from] item: Leftovers
|upkeep
|turn|5
|
|t:|1743567011
|move|p1a: Stein|Thunder|p2a: Ferrothorn
|-resisted|p2a: Ferrothorn
|-damage|p2a: Ferrothorn|22/100
|move|p2a: Ferrothorn|Power Whip|p1a: Stein
|-resisted|p1a: Stein
|-damage|p1a: Stein|29/100
|-damage|p2a: Ferrothorn|12/100|[from] item: Life Orb
|
|-weather|RainDance|[upkeep]
|-heal|p1a: Stein|35/100|[from] item: Leftovers
|upkeep
|turn|6
|
|t:|1743567015
|move|p1a: Stein|Charge Beam|p2a: Ferrothorn
|-resisted|p2a: Ferrothorn
|-damage|p2a: Ferrothorn|0 fnt
|-boost|p1a: Stein|spa|1
|faint|p2a: Ferrothorn
|
|-weather|RainDance|[upkeep]
|-heal|p1a: Stein|41/100|[from] item: Leftovers
|upkeep
|
|t:|1743567033
|switch|p2a: Gyarados|Gyarados, F|100/100
|-ability|p2a: Gyarados|Intimidate|boost
|-unboost|p1a: Stein|atk|1
|turn|7
|
|t:|1743567037
|move|p2a: Gyarados|Earthquake|p1a: Stein
|-supereffective|p1a: Stein
|-crit|p1a: Stein
|-damage|p1a: Stein|0 fnt
|faint|p1a: Stein
|-damage|p2a: Gyarados|91/100|[from] item: Life Orb
|
|-weather|RainDance|[upkeep]
|upkeep
|
|t:|1743567047
|switch|p1a: Francis|Politoed, M|100/100
|-damage|p1a: Francis|88/100|[from] Stealth Rock
|-damage|p1a: Francis|76/100|[from] Spikes
|turn|8
|
|t:|1743567066
|switch|p2a: Tentacruel|Tentacruel, M|100/100
|move|p1a: Francis|Hydro Pump|p2a: Tentacruel
|-resisted|p2a: Tentacruel
|-damage|p2a: Tentacruel|53/100
|
|-weather|RainDance|[upkeep]
|-heal|p2a: Tentacruel|59/100|[from] ability: Rain Dish
|-heal|p2a: Tentacruel|65/100|[from] item: Black Sludge
|upkeep
|turn|9
|
|t:|1743567071
|switch|p2a: Tornadus|Tornadus, M|100/100
|switch|p1a: Verona|Toxicroak, F|100/100
|-damage|p1a: Verona|94/100|[from] Stealth Rock
|-damage|p1a: Verona|82/100|[from] Spikes
|
|-weather|RainDance|[upkeep]
|-heal|p1a: Verona|94/100|[from] ability: Dry Skin
|upkeep
|turn|10
|
|t:|1743567076
|move|p2a: Tornadus|Hurricane|p1a: Verona
|-supereffective|p1a: Verona
|-damage|p1a: Verona|0 fnt
|faint|p1a: Verona
|
|-weather|RainDance|[upkeep]
|upkeep
|
|t:|1743567081
|switch|p1a: Klaus|Mamoswine, M|100/100
|-damage|p1a: Klaus|88/100|[from] Stealth Rock
|-damage|p1a: Klaus|76/100|[from] Spikes
|turn|11
|
|t:|1743567090
|move|p2a: Tornadus|Hurricane|p1a: Klaus
|-crit|p1a: Klaus
|-damage|p1a: Klaus|0 fnt
|faint|p1a: Klaus
|
|-weather|RainDance|[upkeep]
|upkeep
|
|t:|1743567094
|switch|p1a: Francis|Politoed, M|76/100
|-damage|p1a: Francis|64/100|[from] Stealth Rock
|-damage|p1a: Francis|52/100|[from] Spikes
|turn|12
|
|t:|1743567099
|move|p2a: Tornadus|Hurricane|p1a: Francis
|-damage|p1a: Francis|0 fnt
|faint|p1a: Francis
|
|-weather|RainDance|[upkeep]
|upkeep
|
|t:|1743567104
|switch|p1a: Hannibal|Hydreigon, M|100/100
|-damage|p1a: Hannibal|88/100|[from] Stealth Rock
|turn|13
|
|t:|1743567109
|move|p1a: Hannibal|Draco Meteor|p2a: Tornadus
|-damage|p2a: Tornadus|12/100
|-unboost|p1a: Hannibal|spa|2
|move|p2a: Tornadus|Hurricane|p1a: Hannibal
|-damage|p1a: Hannibal|16/100
|-start|p1a: Hannibal|confusion
|
|-weather|RainDance|[upkeep]
|upkeep
|turn|14
|
|t:|1743567112
|-activate|p1a: Hannibal|confusion
|move|p1a: Hannibal|Draco Meteor|p2a: Tornadus
|-damage|p2a: Tornadus|0 fnt
|-unboost|p1a: Hannibal|spa|2
|faint|p2a: Tornadus
|
|-weather|RainDance|[upkeep]
|upkeep
|
|t:|1743567114
|switch|p2a: Gyarados|Gyarados, F|91/100
|-ability|p2a: Gyarados|Intimidate|boost
|-unboost|p1a: Hannibal|atk|1
|turn|15
|
|t:|1743567117
|-end|p1a: Hannibal|confusion
|move|p1a: Hannibal|Draco Meteor|p2a: Gyarados
|-damage|p2a: Gyarados|66/100
|-unboost|p1a: Hannibal|spa|2
|move|p2a: Gyarados|Dragon Dance|p2a: Gyarados
|-boost|p2a: Gyarados|atk|1
|-boost|p2a: Gyarados|spe|1
|
|-weather|RainDance|[upkeep]
|upkeep
|turn|16
|
|t:|1743567122
|move|p1a: Hannibal|Draco Meteor|p2a: Gyarados|[miss]
|-miss|p1a: Hannibal|p2a: Gyarados
|move|p2a: Gyarados|Waterfall|p1a: Hannibal
|-resisted|p1a: Hannibal
|-damage|p1a: Hannibal|0 fnt
|faint|p1a: Hannibal
|-damage|p2a: Gyarados|56/100|[from] item: Life Orb
|
|-weather|RainDance|[upkeep]
|upkeep
|-message|Hans Bloodsmith forfeited.
|
|win|chomp29
|raw|Hans Bloodsmith's rating: 1363 &rarr; <strong>1351</strong><br />(-12 for losing)
|raw|chomp29's rating: 1518 &rarr; <strong>1530</strong><br />(+12 for winning)
|l|☆Hans Bloodsmith
|player|p1|
