|j|‽nidiedi
|j|☆leoperi99
|t:|1723153067
|gametype|singles
|player|p1|nidiedi|169|1436
|player|p2|leoperi99|hala|1347
|teamsize|p1|6
|teamsize|p2|6
|gen|5
|tier|[Gen 5] OU
|rated|
|rule|Species Clause: Limit one of each Pokémon
|rule|OHKO Clause: OHKO moves are banned
|rule|Moody Clause: Moody is banned
|rule|Evasion Items Clause: Evasion items are banned
|rule|Evasion Moves Clause: Evasion moves are banned
|rule|Endless Battle Clause: Forcing endless battles is banned
|rule|HP Percentage Mod: HP is shown in percentages
|rule|Evasion Abilities Clause: Evasion abilities are banned
|rule|Sleep Moves Clause: Sleep-inducing moves are banned
|rule|Swagger Clause: Swagger is banned
|rule|Baton Pass Stat Clause: No Baton Passer may have a way to boost its stats
|clearpoke
|poke|p1|Volcarona, F|item
|poke|p1|Salamence, F|item
|poke|p1|Xatu, F|item
|poke|p1|Ninetales, F|item
|poke|p1|Excadrill, M|item
|poke|p1|Heatran, F|item
|poke|p2|Skarmory, M|item
|poke|p2|Excadrill, M|item
|poke|p2|Mamoswine, F|item
|poke|p2|Jellicent, F|item
|poke|p2|Breloom, F|item
|poke|p2|Staraptor, M|item
|teampreview
|inactive|Battle timer is ON: inactive players will automatically lose when time's up. (requested by nidiedi)
|
|t:|1723153094
|start
|switch|p1a: Ninetales|Ninetales, F|100/100
|switch|p2a: Skarmory|Skarmory, M|100/100
|-weather|SunnyDay|[from] ability: Drought|[of] p1a: Ninetales
|turn|1
|inactive|leoperi99 has 120 seconds left.
|
|t:|1723153138
|switch|p1a: Xatu|Xatu, F|100/100
|move|p2a: Skarmory|Stealth Rock|p1a: Xatu
|move|p1a: Xatu|Stealth Rock|p2a: Skarmory|[from]ability: Magic Bounce
|-sidestart|p2: leoperi99|move: Stealth Rock
|
|-weather|SunnyDay|[upkeep]
|upkeep
|turn|2
|
|t:|1723153144
|switch|p2a: Excadrill|Excadrill, M|100/100
|-damage|p2a: Excadrill|97/100|[from] Stealth Rock
|-ability|p2a: Excadrill|Mold Breaker
|move|p1a: Xatu|Reflect|p1a: Xatu
|-sidestart|p1: nidiedi|Reflect
|
|-weather|SunnyDay|[upkeep]
|upkeep
|turn|3
|j| hhvhjgm
|inactive|nidiedi has 120 seconds left.
|
|t:|1723153180
|move|p2a: Excadrill|Rapid Spin|p1a: Xatu
|-damage|p1a: Xatu|97/100
|-damage|p2a: Excadrill|81/100|[from] item: Rocky Helmet|[of] p1a: Xatu
|-sideend|p2: leoperi99|Stealth Rock|[from] move: Rapid Spin|[of] p2a: Excadrill
|move|p1a: Xatu|U-turn|p2a: Excadrill
|-resisted|p2a: Excadrill
|-damage|p2a: Excadrill|71/100
|
|t:|1723153196
|switch|p1a: Ninetales|Ninetales, F|100/100|[from] U-turn
|
|-weather|SunnyDay|[upkeep]
|upkeep
|turn|4
|l| hhvhjgm
|inactive|leoperi99 has 120 seconds left.
|
|t:|1723153221
|switch|p2a: Jellicent|Jellicent, F|100/100
|-item|p2a: Jellicent|Air Balloon
|move|p1a: Ninetales|Flamethrower|p2a: Jellicent
|-resisted|p2a: Jellicent
|-damage|p2a: Jellicent|84/100
|-enditem|p2a: Jellicent|Air Balloon
|
|-weather|SunnyDay|[upkeep]
|upkeep
|turn|5
|
|t:|1723153226
|move|p1a: Ninetales|Solar Beam||[still]
|-prepare|p1a: Ninetales|Solar Beam
|-anim|p1a: Ninetales|Solar Beam|p2a: Jellicent
|-supereffective|p2a: Jellicent
|-crit|p2a: Jellicent
|-damage|p2a: Jellicent|12/100
|move|p2a: Jellicent|Night Shade|p1a: Ninetales
|-damage|p1a: Ninetales|72/100
|-enditem|p1a: Ninetales|Eject Button
|inactive|nidiedi has 120 seconds left.
|
|t:|1723153245
|switch|p1a: Volcarona|Volcarona, F|100/100
|
|-weather|SunnyDay|[upkeep]
|upkeep
|turn|6
|inactive|leoperi99 has 120 seconds left.
|
|t:|1723153287
|move|p1a: Volcarona|Flamethrower|p2a: Jellicent
|-resisted|p2a: Jellicent
|-crit|p2a: Jellicent
|-damage|p2a: Jellicent|0 fnt
|faint|p2a: Jellicent
|
|-weather|SunnyDay|[upkeep]
|-sideend|p1: nidiedi|Reflect
|upkeep
|
|t:|1723153294
|switch|p2a: Excadrill|Excadrill, M|71/100
|-ability|p2a: Excadrill|Mold Breaker
|turn|7
|inactive|nidiedi has 90 seconds left.
|
|t:|1723153323
|switch|p1a: Salamence|Salamence, F|100/100
|move|p2a: Excadrill|Rock Slide|p1a: Salamence|[miss]
|-miss|p2a: Excadrill|p1a: Salamence
|
|-weather|SunnyDay|[upkeep]
|upkeep
|turn|8
|
|t:|1723153352
|switch|p2a: Mamoswine|Mamoswine, F|100/100
|move|p1a: Salamence|Earthquake|p2a: Mamoswine
|-damage|p2a: Mamoswine|57/100
|
|-weather|SunnyDay|[upkeep]
|upkeep
|turn|9
|
|t:|1723153365
|switch|p1a: Ninetales|Ninetales, F|72/100
|move|p2a: Mamoswine|Substitute|p2a: Mamoswine
|-start|p2a: Mamoswine|Substitute
|-damage|p2a: Mamoswine|32/100
|
|-weather|SunnyDay|[upkeep]
|upkeep
|turn|10
|
|t:|1723153371
|move|p1a: Ninetales|Flamethrower|p2a: Mamoswine
|-supereffective|p2a: Mamoswine
|-end|p2a: Mamoswine|Substitute
|move|p2a: Mamoswine|Earthquake|p1a: Ninetales
|-supereffective|p1a: Ninetales
|-damage|p1a: Ninetales|0 fnt
|faint|p1a: Ninetales
|
|-weather|SunnyDay|[upkeep]
|upkeep
|inactive|nidiedi has 90 seconds left.
|
|t:|1723153394
|switch|p1a: Heatran|Heatran, F|100/100
|-item|p1a: Heatran|Air Balloon
|turn|11
|inactive|nidiedi has 90 seconds left.
|inactive|leoperi99 has 120 seconds left.
|inactive|leoperi99 has 90 seconds left.
|
|t:|1723153437
|switch|p2a: Excadrill|Excadrill, M|71/100
|-ability|p2a: Excadrill|Mold Breaker
|move|p1a: Heatran|Flame Charge|p2a: Excadrill
|-supereffective|p2a: Excadrill
|-damage|p2a: Excadrill|15/100
|-boost|p1a: Heatran|spe|1
|
|-weather|SunnyDay|[upkeep]
|upkeep
|turn|12
|
|t:|1723153443
|move|p2a: Excadrill|Rock Slide|p1a: Heatran|[miss]
|-miss|p2a: Excadrill|p1a: Heatran
|move|p1a: Heatran|Flame Charge|p2a: Excadrill
|-supereffective|p2a: Excadrill
|-crit|p2a: Excadrill
|-damage|p2a: Excadrill|0 fnt
|-boost|p1a: Heatran|spe|1
|faint|p2a: Excadrill
|
|-weather|SunnyDay|[upkeep]
|upkeep
|
|t:|1723153447
|switch|p2a: Staraptor|Staraptor, M|100/100
|turn|13
|
|t:|1723153455
|move|p1a: Heatran|Flamethrower|p2a: Staraptor
|-damage|p2a: Staraptor|0 fnt
|faint|p2a: Staraptor
|
|-weather|SunnyDay|[upkeep]
|upkeep
|
|t:|1723153457
|switch|p2a: Breloom|Breloom, F|100/100
|turn|14
|c|☆leoperi99|nice hax
|
|t:|1723153462
|move|p2a: Breloom|Mach Punch|p1a: Heatran
|-supereffective|p1a: Heatran
|-damage|p1a: Heatran|15/100
|-enditem|p1a: Heatran|Air Balloon
|move|p1a: Heatran|Flamethrower|p2a: Breloom
|-supereffective|p2a: Breloom
|-damage|p2a: Breloom|0 fnt
|faint|p2a: Breloom
|
|-weather|SunnyDay|[upkeep]
|upkeep
|-message|leoperi99 forfeited.
|
|win|nidiedi
|raw|nidiedi's rating: 1436 &rarr; <strong>1451</strong><br />(+15 for winning)
|raw|leoperi99's rating: 1347 &rarr; <strong>1332</strong><br />(-15 for losing)
|l|☆leoperi99
|player|p2|
|l|‽nidiedi
|player|p1|
|j|‽nidiedi
|player|p1|nidiedi|169|
|n|‽nidiedi|nidiedi
