|j|☆RS Open
|j|☆Fabianosizour
|player|p1|RS Open|115|1457
|player|p2|Fabianosizour|red|1320
|teamsize|p1|6
|teamsize|p2|6
|gametype|singles
|gen|5
|tier|[Gen 5] OU
|rated|
|clearpoke
|poke|p1|Tyranitar, M|item
|poke|p1|Scizor, M|item
|poke|p1|Rotom-Wash|item
|poke|p1|Celebi|item
|poke|p1|Landorus-Therian, M|item
|poke|p1|Terrakion|item
|poke|p2|Tyranitar, M|item
|poke|p2|Scizor, M|item
|poke|p2|Rotom-Wash|item
|poke|p2|Hydreigon, M|item
|poke|p2|Ferrothorn, M|item
|poke|p2|Hippowdon, M|item
|rule|Species Clause: Limit one of each Pokémon
|rule|OHKO Clause: OHKO moves are banned
|rule|Moody Clause: Moody is banned
|rule|Evasion Moves Clause: Evasion moves are banned
|rule|Endless Battle Clause: Forcing endless battles is banned
|rule|HP Percentage Mod: HP is shown in percentages
|rule|Evasion Abilities Clause: Evasion abilities are banned
|rule|Baton Pass Clause: Limit one Baton Passer, can't pass Spe and other stats simultaneously
|rule|Sleep Clause: Sleep-inducing moves are banned
|rule|Swagger Clause: Swagger is banned
|teampreview
|inactive|Battle timer is ON: inactive players will automatically lose when time's up. (requested by RS Open)
|
|start
|switch|p1a: Tyranitar|Tyranitar, M|100/100
|switch|p2a: Flat Earth|Hippowdon, M, shiny|100/100
|-weather|Sandstorm|[from] ability: Sand Stream|[of] p1a: Tyranitar
|turn|1
|
|move|p1a: Tyranitar|Stealth Rock|p2a: Flat Earth
|-sidestart|p2: Fabianosizour|move: Stealth Rock
|move|p2a: Flat Earth|Stealth Rock|p1a: Tyranitar
|-sidestart|p1: RS Open|move: Stealth Rock
|
|-weather|Sandstorm|[upkeep]
|upkeep
|turn|2
|
|switch|p1a: Rotom|Rotom-Wash|100/100
|-damage|p1a: Rotom|88/100|[from] Stealth Rock
|move|p2a: Flat Earth|Roar|p1a: Rotom
|drag|p1a: Tyranitar|Tyranitar, M|100/100
|-damage|p1a: Tyranitar|88/100|[from] Stealth Rock
|
|-weather|Sandstorm|[upkeep]
|upkeep
|turn|3
|
|switch|p1a: Rotom|Rotom-Wash|88/100
|-damage|p1a: Rotom|75/100|[from] Stealth Rock
|move|p2a: Flat Earth|Roar|p1a: Rotom
|drag|p1a: Scizor|Scizor, M|100/100
|-damage|p1a: Scizor|88/100|[from] Stealth Rock
|
|-weather|Sandstorm|[upkeep]
|upkeep
|turn|4
|
|switch|p2a: Tree of Life|Ferrothorn, M|100/100
|-damage|p2a: Tree of Life|95/100|[from] Stealth Rock
|move|p1a: Scizor|U-turn|p2a: Tree of Life
|-damage|p2a: Tree of Life|52/100
|-damage|p1a: Scizor|76/100|[from] ability: Iron Barbs|[of] p2a: Tree of Life
|
|switch|p1a: Terrakion|Terrakion|100/100|[from]move: U-turn
|-damage|p1a: Terrakion|94/100|[from] Stealth Rock
|
|-weather|Sandstorm|[upkeep]
|-heal|p2a: Tree of Life|58/100|[from] item: Leftovers
|upkeep
|turn|5
|
|switch|p2a: Flat Earth|Hippowdon, M, shiny|100/100
|-damage|p2a: Flat Earth|94/100|[from] Stealth Rock
|move|p1a: Terrakion|Substitute|p1a: Terrakion
|-start|p1a: Terrakion|Substitute
|-damage|p1a: Terrakion|69/100
|
|-weather|Sandstorm|[upkeep]
|upkeep
|turn|6
|
|move|p1a: Terrakion|Close Combat|p2a: Flat Earth
|-damage|p2a: Flat Earth|59/100
|-unboost|p1a: Terrakion|def|1
|-unboost|p1a: Terrakion|spd|1
|-damage|p1a: Terrakion|53/100|[from] item: Rocky Helmet|[of] p2a: Flat Earth
|move|p2a: Flat Earth|Earthquake|p1a: Terrakion
|-supereffective|p1a: Terrakion
|-end|p1a: Terrakion|Substitute
|
|-weather|Sandstorm|[upkeep]
|upkeep
|turn|7
|
|switch|p1a: Landorus|Landorus-Therian, M|100/100
|-damage|p1a: Landorus|88/100|[from] Stealth Rock
|-ability|p1a: Landorus|Intimidate|boost
|-unboost|p2a: Flat Earth|atk|1
|move|p2a: Flat Earth|Slack Off|p2a: Flat Earth
|-heal|p2a: Flat Earth|100/100
|
|-weather|Sandstorm|[upkeep]
|upkeep
|turn|8
|
|switch|p1a: Rotom|Rotom-Wash|75/100
|-damage|p1a: Rotom|63/100|[from] Stealth Rock
|move|p2a: Flat Earth|Roar|p1a: Rotom
|drag|p1a: Tyranitar|Tyranitar, M|88/100
|-damage|p1a: Tyranitar|76/100|[from] Stealth Rock
|
|-weather|Sandstorm|[upkeep]
|upkeep
|turn|9
|
|move|p1a: Tyranitar|Ice Beam|p2a: Flat Earth
|-supereffective|p2a: Flat Earth
|-damage|p2a: Flat Earth|54/100
|move|p2a: Flat Earth|Earthquake|p1a: Tyranitar
|-supereffective|p1a: Tyranitar
|-damage|p1a: Tyranitar|40/100
|
|-weather|Sandstorm|[upkeep]
|upkeep
|turn|10
|
|switch|p1a: Rotom|Rotom-Wash|63/100
|-damage|p1a: Rotom|50/100|[from] Stealth Rock
|move|p2a: Flat Earth|Slack Off|p2a: Flat Earth
|-heal|p2a: Flat Earth|100/100
|
|-weather|Sandstorm|[upkeep]
|-damage|p1a: Rotom|44/100|[from] Sandstorm
|upkeep
|turn|11
|
|switch|p2a: Tree of Life|Ferrothorn, M|58/100
|-damage|p2a: Tree of Life|52/100|[from] Stealth Rock
|move|p1a: Rotom|Will-O-Wisp|p2a: Tree of Life
|-status|p2a: Tree of Life|brn
|
|-weather|Sandstorm|[upkeep]
|-damage|p1a: Rotom|38/100|[from] Sandstorm
|-heal|p2a: Tree of Life|58/100 brn|[from] item: Leftovers
|-damage|p2a: Tree of Life|46/100 brn|[from] brn
|upkeep
|turn|12
|
|move|p1a: Rotom|Volt Switch|p2a: Tree of Life
|-resisted|p2a: Tree of Life
|-crit|p2a: Tree of Life
|-damage|p2a: Tree of Life|30/100 brn
|
|switch|p1a: Scizor|Scizor, M|76/100|[from]move: Volt Switch
|-damage|p1a: Scizor|63/100|[from] Stealth Rock
|move|p2a: Tree of Life|Spikes|p1a: Scizor
|-sidestart|p1: RS Open|Spikes
|
|-weather|Sandstorm|[upkeep]
|-heal|p2a: Tree of Life|36/100 brn|[from] item: Leftovers
|-damage|p2a: Tree of Life|23/100 brn|[from] brn
|upkeep
|turn|13
|
|switch|p2a: Flat Earth|Hippowdon, M, shiny|100/100
|-damage|p2a: Flat Earth|94/100|[from] Stealth Rock
|move|p1a: Scizor|U-turn|p2a: Flat Earth
|-damage|p2a: Flat Earth|62/100
|-damage|p1a: Scizor|47/100|[from] item: Rocky Helmet|[of] p2a: Flat Earth
|
|switch|p1a: Rotom|Rotom-Wash|38/100|[from]move: U-turn
|-damage|p1a: Rotom|25/100|[from] Stealth Rock
|
|-weather|Sandstorm|[upkeep]
|-damage|p1a: Rotom|19/100|[from] Sandstorm
|upkeep
|turn|14
|
|switch|p2a: Tree of Life|Ferrothorn, M|23/100 brn
|-damage|p2a: Tree of Life|17/100 brn|[from] Stealth Rock
|move|p1a: Rotom|Hydro Pump|p2a: Tree of Life
|-resisted|p2a: Tree of Life
|-damage|p2a: Tree of Life|3/100 brn
|
|-weather|Sandstorm|[upkeep]
|-damage|p1a: Rotom|13/100|[from] Sandstorm
|-heal|p2a: Tree of Life|9/100 brn|[from] item: Leftovers
|-damage|p2a: Tree of Life|0 fnt|[from] brn
|faint|p2a: Tree of Life
|upkeep
|inactive|Fabianosizour has 120 seconds left.
|
|switch|p2a: Face of Abyss|Hydreigon, M|100/100
|-damage|p2a: Face of Abyss|88/100|[from] Stealth Rock
|turn|15
|inactive|Fabianosizour has 120 seconds left.
|
|move|p1a: Rotom|Rest|p1a: Rotom
|-status|p1a: Rotom|slp|[from] move: Rest
|-heal|p1a: Rotom|100/100 slp|[silent]
|-enditem|p1a: Rotom|Chesto Berry|[eat]
|-curestatus|p1a: Rotom|slp|[msg]
|move|p2a: Face of Abyss|Dark Pulse|p1a: Rotom
|-damage|p1a: Rotom|51/100
|
|-weather|Sandstorm|[upkeep]
|-damage|p1a: Rotom|45/100|[from] Sandstorm
|-damage|p2a: Face of Abyss|82/100|[from] Sandstorm
|-heal|p2a: Face of Abyss|88/100|[from] item: Leftovers
|upkeep
|turn|16
|inactive|Fabianosizour has 120 seconds left.
|
|move|p1a: Rotom|Volt Switch|p2a: Face of Abyss
|-resisted|p2a: Face of Abyss
|-damage|p2a: Face of Abyss|76/100
|
|switch|p1a: Tyranitar|Tyranitar, M|40/100|[from]move: Volt Switch
|-damage|p1a: Tyranitar|27/100|[from] Stealth Rock
|-damage|p1a: Tyranitar|15/100|[from] Spikes
|move|p2a: Face of Abyss|Dark Pulse|p1a: Tyranitar
|-resisted|p1a: Tyranitar
|-damage|p1a: Tyranitar|5/100
|
|-weather|Sandstorm|[upkeep]
|-damage|p2a: Face of Abyss|70/100|[from] Sandstorm
|-heal|p2a: Face of Abyss|76/100|[from] item: Leftovers
|upkeep
|turn|17
|
|move|p2a: Face of Abyss|Flamethrower|p1a: Tyranitar
|-resisted|p1a: Tyranitar
|-damage|p1a: Tyranitar|0 fnt
|faint|p1a: Tyranitar
|
|-weather|Sandstorm|[upkeep]
|-damage|p2a: Face of Abyss|70/100|[from] Sandstorm
|-heal|p2a: Face of Abyss|76/100|[from] item: Leftovers
|upkeep
|
|switch|p1a: Landorus|Landorus-Therian, M|88/100
|-damage|p1a: Landorus|76/100|[from] Stealth Rock
|-ability|p1a: Landorus|Intimidate|boost
|-unboost|p2a: Face of Abyss|atk|1
|turn|18
|
|switch|p2a: Flat Earth|Hippowdon, M, shiny|62/100
|-damage|p2a: Flat Earth|56/100|[from] Stealth Rock
|move|p1a: Landorus|U-turn|p2a: Flat Earth
|-damage|p2a: Flat Earth|41/100
|-damage|p1a: Landorus|59/100|[from] item: Rocky Helmet|[of] p2a: Flat Earth
|
|switch|p1a: Celebi|Celebi|100/100|[from]move: U-turn
|-damage|p1a: Celebi|88/100|[from] Stealth Rock
|-damage|p1a: Celebi|76/100|[from] Spikes
|
|-weather|Sandstorm|[upkeep]
|-damage|p1a: Celebi|70/100|[from] Sandstorm
|upkeep
|turn|19
|
|switch|p2a: Tree of Silicon|Scizor, M|100/100
|-damage|p2a: Tree of Silicon|88/100|[from] Stealth Rock
|move|p1a: Celebi|Leaf Storm|p2a: Tree of Silicon
|-resisted|p2a: Tree of Silicon
|-damage|p2a: Tree of Silicon|62/100
|-unboost|p1a: Celebi|spa|2
|-damage|p1a: Celebi|60/100|[from] item: Life Orb
|
|-weather|Sandstorm|[upkeep]
|-damage|p1a: Celebi|54/100|[from] Sandstorm
|upkeep
|turn|20
|
|move|p2a: Tree of Silicon|U-turn|p1a: Celebi
|-supereffective|p1a: Celebi
|-damage|p1a: Celebi|0 fnt
|faint|p1a: Celebi
|inactive|Fabianosizour has 120 seconds left.
|inactive|Fabianosizour has 90 seconds left.
|
|switch|p2a: Water of Flood|Rotom-Wash|100/100|[from]move: U-turn
|-damage|p2a: Water of Flood|88/100|[from] Stealth Rock
|
|-weather|Sandstorm|[upkeep]
|-damage|p2a: Water of Flood|82/100|[from] Sandstorm
|-heal|p2a: Water of Flood|88/100|[from] item: Leftovers
|upkeep
|inactive|RS Open has 120 seconds left.
|
|switch|p1a: Landorus|Landorus-Therian, M|59/100
|-damage|p1a: Landorus|47/100|[from] Stealth Rock
|-ability|p1a: Landorus|Intimidate|boost
|-unboost|p2a: Water of Flood|atk|1
|turn|21
|
|move|p1a: Landorus|Explosion|p2a: Water of Flood
|-damage|p2a: Water of Flood|0 fnt
|faint|p1a: Landorus
|faint|p2a: Water of Flood
|
|-weather|Sandstorm|[upkeep]
|upkeep
|
|switch|p1a: Rotom|Rotom-Wash|45/100
|switch|p2a: Face of Abyss|Hydreigon, M|76/100
|-damage|p1a: Rotom|32/100|[from] Stealth Rock
|-damage|p2a: Face of Abyss|64/100|[from] Stealth Rock
|turn|22
|c|☆Fabianosizour|Islamic Lando
|
|move|p1a: Rotom|Hydro Pump|p2a: Face of Abyss
|-resisted|p2a: Face of Abyss
|-damage|p2a: Face of Abyss|45/100
|move|p2a: Face of Abyss|Dark Pulse|p1a: Rotom
|-damage|p1a: Rotom|0 fnt
|faint|p1a: Rotom
|
|-weather|Sandstorm|[upkeep]
|-damage|p2a: Face of Abyss|39/100|[from] Sandstorm
|-heal|p2a: Face of Abyss|45/100|[from] item: Leftovers
|upkeep
|
|switch|p1a: Terrakion|Terrakion|53/100
|-damage|p1a: Terrakion|46/100|[from] Stealth Rock
|-damage|p1a: Terrakion|34/100|[from] Spikes
|turn|23
|
|move|p1a: Terrakion|Substitute|p1a: Terrakion
|-start|p1a: Terrakion|Substitute
|-damage|p1a: Terrakion|9/100
|move|p2a: Face of Abyss|Flamethrower|p1a: Terrakion
|-resisted|p1a: Terrakion
|-activate|p1a: Terrakion|Substitute|[damage]
|
|-weather|Sandstorm|[upkeep]
|-damage|p2a: Face of Abyss|39/100|[from] Sandstorm
|-heal|p2a: Face of Abyss|45/100|[from] item: Leftovers
|upkeep
|turn|24
|
|switch|p2a: Flat Earth|Hippowdon, M, shiny|41/100
|-damage|p2a: Flat Earth|35/100|[from] Stealth Rock
|move|p1a: Terrakion|Close Combat|p2a: Flat Earth
|-damage|p2a: Flat Earth|1/100
|-unboost|p1a: Terrakion|def|1
|-unboost|p1a: Terrakion|spd|1
|-damage|p1a: Terrakion|0 fnt|[from] item: Rocky Helmet|[of] p2a: Flat Earth
|faint|p1a: Terrakion
|
|-weather|Sandstorm|[upkeep]
|upkeep
|
|switch|p1a: Scizor|Scizor, M|47/100
|-damage|p1a: Scizor|34/100|[from] Spikes
|-damage|p1a: Scizor|22/100|[from] Stealth Rock
|turn|25
|
|move|p1a: Scizor|Bullet Punch|p2a: Flat Earth
|-crit|p2a: Flat Earth
|-damage|p2a: Flat Earth|0 fnt
|-damage|p1a: Scizor|5/100|[from] item: Rocky Helmet|[of] p2a: Flat Earth
|faint|p2a: Flat Earth
|
|-weather|Sandstorm|[upkeep]
|upkeep
|
|switch|p2a: Tree of Silicon|Scizor, M|62/100
|-damage|p2a: Tree of Silicon|49/100|[from] Stealth Rock
|turn|26
|
|move|p2a: Tree of Silicon|Bullet Punch|p1a: Scizor
|-resisted|p1a: Scizor
|-damage|p1a: Scizor|0 fnt
|faint|p1a: Scizor
|
|win|Fabianosizour
|l|☆RS Open
|raw|RS Open's rating: 1458 &rarr; <strong>1430</strong><br />(-28 for losing)
|raw|Fabianosizour's rating: 1320 &rarr; <strong>1348</strong><br />(+28 for winning)
