|j|☆the goldeen boy
|j|☆Lancer MK
|player|p1|the goldeen boy|misty-gen1rb
|player|p2|Lancer MK|tucker-gen3
|teamsize|p1|6
|teamsize|p2|6
|gametype|singles
|gen|5
|tier|[Gen 5] OU
|rated|
|rule|Sleep Clause Mod: Limit one foe put to sleep
|rule|Species Clause: Limit one of each Pokémon
|rule|OHKO Clause: OHKO moves are banned
|rule|Moody Clause: Moody is banned
|rule|Evasion Moves Clause: Evasion moves are banned
|rule|Endless Battle Clause: Forcing endless battles is banned
|rule|HP Percentage Mod: HP is shown in percentages
|rule|Evasion Abilities Clause: Evasion abilities are banned
|rule|Baton Pass Clause: Limit one Baton Passer, can't pass Spe and other stats simultaneously
|rule|Swagger Clause: Swagger is banned
|clearpoke
|poke|p1|Dragonite, F|item
|poke|p1|Garchomp, M|item
|poke|p1|Excadrill, M|item
|poke|p1|Keldeo|item
|poke|p1|Kyurem-Black|item
|poke|p1|Latios, M|item
|poke|p2|Conkeldurr, M|item
|poke|p2|Espeon, F|item
|poke|p2|Cloyster, M|item
|poke|p2|Landorus-Therian, M|item
|poke|p2|Empoleon, F|item
|poke|p2|Scizor, F|item
|teampreview
|inactive|Battle timer is ON: inactive players will automatically lose when time's up. (requested by Lancer MK)
|
|start
|switch|p1a: Keldeo|Keldeo|100/100
|switch|p2a: Landorus|Landorus-Therian, M|100/100
|-ability|p2a: Landorus|Intimidate|boost
|-unboost|p1a: Keldeo|atk|1
|turn|1
|
|move|p1a: Keldeo|Scald|p2a: Landorus
|-supereffective|p2a: Landorus
|-enditem|p2a: Landorus|Focus Sash
|-damage|p2a: Landorus|1/100
|move|p2a: Landorus|Stealth Rock|p1a: Keldeo
|-sidestart|p1: the goldeen boy|move: Stealth Rock
|
|upkeep
|turn|2
|
|move|p1a: Keldeo|Scald|p2a: Landorus
|-supereffective|p2a: Landorus
|-damage|p2a: Landorus|0 fnt
|faint|p2a: Landorus
|
|upkeep
|
|switch|p2a: Empoleon|Empoleon, F|100/100
|turn|3
|inactive|the goldeen boy has 120 seconds left.
|
|switch|p1a: Garchomp|Garchomp, M|100/100
|-damage|p1a: Garchomp|94/100|[from] Stealth Rock
|move|p2a: Empoleon|Surf|p1a: Garchomp
|-damage|p1a: Garchomp|29/100
|-damage|p2a: Empoleon|91/100|[from] item: Life Orb
|
|upkeep
|turn|4
|
|switch|p2a: Espeon|Espeon, F|100/100
|move|p1a: Garchomp|Stealth Rock|p2a: Espeon
|move|p2a: Espeon|Stealth Rock||[from]Magic Bounce|[still]
|-fail|p2a: Espeon
|
|upkeep
|turn|5
|
|move|p2a: Espeon|Baton Pass|p2a: Espeon
|
|switch|p2a: Conkeldurr|Conkeldurr, M, shiny|100/100
|move|p1a: Garchomp|Outrage|p2a: Conkeldurr
|-damage|p2a: Conkeldurr|41/100
|
|-status|p2a: Conkeldurr|brn|[from] item: Flame Orb
|upkeep
|turn|6
|
|move|p2a: Conkeldurr|Mach Punch|p1a: Garchomp
|-damage|p1a: Garchomp|0 fnt
|-damage|p2a: Conkeldurr|29/100 brn|[from] ability: Rough Skin|[of] p1a: Garchomp
|faint|p1a: Garchomp
|
|-damage|p2a: Conkeldurr|16/100 brn|[from] brn
|upkeep
|
|switch|p1a: Dragonite|Dragonite, F|100/100
|-damage|p1a: Dragonite|76/100|[from] Stealth Rock
|turn|7
|
|move|p1a: Dragonite|Earthquake|p2a: Conkeldurr
|-damage|p2a: Conkeldurr|0 fnt
|faint|p2a: Conkeldurr
|
|upkeep
|
|switch|p2a: Cloyster|Cloyster, M, shiny|100/100
|turn|8
|
|move|p1a: Dragonite|Outrage|p2a: Cloyster
|-damage|p2a: Cloyster|38/100
|move|p2a: Cloyster|Shell Smash|p2a: Cloyster
|-unboost|p2a: Cloyster|def|1
|-unboost|p2a: Cloyster|spd|1
|-boost|p2a: Cloyster|atk|2
|-boost|p2a: Cloyster|spa|2
|-boost|p2a: Cloyster|spe|2
|
|upkeep
|turn|9
|
|move|p2a: Cloyster|Ice Shard|p1a: Dragonite
|-supereffective|p1a: Dragonite
|-damage|p1a: Dragonite|0 fnt
|faint|p1a: Dragonite
|
|upkeep
|
|switch|p1a: Keldeo|Keldeo|100/100
|-damage|p1a: Keldeo|94/100|[from] Stealth Rock
|turn|10
|
|move|p2a: Cloyster|Icicle Spear|p1a: Keldeo
|-resisted|p1a: Keldeo
|-damage|p1a: Keldeo|80/100
|-resisted|p1a: Keldeo
|-crit|p1a: Keldeo
|-damage|p1a: Keldeo|49/100
|-resisted|p1a: Keldeo
|-damage|p1a: Keldeo|34/100
|-resisted|p1a: Keldeo
|-damage|p1a: Keldeo|19/100
|-resisted|p1a: Keldeo
|-damage|p1a: Keldeo|4/100
|-hitcount|p1a: Keldeo|5
|cant|p1a: Keldeo|flinch
|
|upkeep
|turn|11
|-message|the goldeen boy forfeited.
|
|win|Lancer MK
|l|☆the goldeen boy
|raw|the goldeen boy's rating: 1368 &rarr; <strong>1345</strong><br />(-23 for losing)
|raw|Lancer MK's rating: 1319 &rarr; <strong>1342</strong><br />(+23 for winning)
