|j|☆ewqwerty5
|j|☆Spritzalcianuro96
|t:|1595747827
|player|p1|ewqwerty5|palmer|1365
|player|p2|Spritzalcianuro96|clair|1530
|teamsize|p1|6
|teamsize|p2|6
|gametype|singles
|gen|5
|tier|[Gen 5] OU
|rated|
|clearpoke
|poke|p1|Tornadus, M|item
|poke|p1|Keldeo|item
|poke|p1|Politoed, M|item
|poke|p1|Ferrothorn, M|item
|poke|p1|Starmie|item
|poke|p1|Toxicroak, M|item
|poke|p2|Jirachi|item
|poke|p2|Hydreigon, M|item
|poke|p2|Thundurus-Therian, M|item
|poke|p2|Starmie|item
|poke|p2|Scizor, M|item
|poke|p2|Garchomp, F|item
|rule|Species Clause: Limit one of each Pokémon
|rule|OHKO Clause: OHKO moves are banned
|rule|Moody Clause: Moody is banned
|rule|Evasion Moves Clause: Evasion moves are banned
|rule|Endless Battle Clause: Forcing endless battles is banned
|rule|HP Percentage Mod: HP is shown in percentages
|rule|Evasion Abilities Clause: Evasion abilities are banned
|rule|Baton Pass Clause: Limit one Baton Passer, can't pass Spe and other stats simultaneously
|rule|Sleep Clause: Sleep-inducing moves are banned
|rule|Swagger Clause: Swagger is banned
|teampreview
|
|t:|1595747841
|start
|switch|p1a: Ferrothorn|Ferrothorn, M|100/100
|switch|p2a: Hydreigon|Hydreigon, M|100/100
|turn|1
|
|t:|1595747851
|switch|p1a: Politoed|Politoed, M|100/100
|-weather|RainDance|[from] ability: Drizzle|[of] p1a: Politoed
|move|p2a: Hydreigon|Flamethrower|p1a: Politoed
|-resisted|p1a: Politoed
|-damage|p1a: Politoed|90/100
|-damage|p2a: Hydreigon|91/100|[from] item: Life Orb
|
|-weather|RainDance|[upkeep]
|-heal|p1a: Politoed|97/100|[from] item: Leftovers
|upkeep
|turn|2
|
|t:|1595747868
|switch|p2a: Starmie|Starmie|100/100
|switch|p1a: Ferrothorn|Ferrothorn, M|100/100
|
|-weather|RainDance|[upkeep]
|upkeep
|turn|3
|
|t:|1595747885
|switch|p2a: Garchomp|Garchomp, F|100/100
|move|p1a: Ferrothorn|Stealth Rock|p2a: Garchomp
|-sidestart|p2: Spritzalcianuro96|move: Stealth Rock
|
|-weather|RainDance|[upkeep]
|upkeep
|turn|4
|
|t:|1595747890
|move|p2a: Garchomp|Stealth Rock|p1a: Ferrothorn
|-sidestart|p1: ewqwerty5|move: Stealth Rock
|move|p1a: Ferrothorn|Gyro Ball|p2a: Garchomp
|-damage|p2a: Garchomp|67/100
|-damage|p1a: Ferrothorn|88/100|[from] ability: Rough Skin|[of] p2a: Garchomp
|-damage|p1a: Ferrothorn|72/100|[from] item: Rocky Helmet|[of] p2a: Garchomp
|
|-weather|RainDance|[upkeep]
|-heal|p1a: Ferrothorn|78/100|[from] item: Leftovers
|upkeep
|turn|5
|
|t:|1595747903
|switch|p1a: Tornadus|Tornadus, M|100/100
|-damage|p1a: Tornadus|76/100|[from] Stealth Rock
|move|p2a: Garchomp|Dragon Tail|p1a: Tornadus
|-damage|p1a: Tornadus|38/100
|drag|p1a: Starmie|Starmie|100/100
|-damage|p1a: Starmie|88/100|[from] Stealth Rock
|
|-weather|RainDance|[upkeep]
|upkeep
|turn|6
|
|t:|1595747922
|switch|p2a: Starmie|Starmie|100/100
|-damage|p2a: Starmie|88/100|[from] Stealth Rock
|move|p1a: Starmie|Ice Beam|p2a: Starmie
|-resisted|p2a: Starmie
|-damage|p2a: Starmie|60/100
|-damage|p1a: Starmie|78/100|[from] item: Life Orb
|
|-weather|RainDance|[upkeep]
|-heal|p2a: Starmie|66/100|[from] item: Leftovers
|upkeep
|turn|7
|
|t:|1595747927
|move|p1a: Starmie|Thunder|p2a: Starmie
|-supereffective|p2a: Starmie
|-damage|p2a: Starmie|0 fnt
|-damage|p1a: Starmie|68/100|[from] item: Life Orb
|faint|p2a: Starmie
|
|-weather|RainDance|[upkeep]
|upkeep
|
|t:|1595747934
|switch|p2a: Scizor|Scizor, M|100/100
|-damage|p2a: Scizor|88/100|[from] Stealth Rock
|turn|8
|
|t:|1595747939
|move|p2a: Scizor|U-turn|p1a: Starmie
|-supereffective|p1a: Starmie
|-damage|p1a: Starmie|0 fnt
|faint|p1a: Starmie
|
|t:|1595747955
|switch|p2a: Jirachi|Jirachi|100/100|[from]move: U-turn
|-damage|p2a: Jirachi|94/100|[from] Stealth Rock
|
|-weather|RainDance|[upkeep]
|upkeep
|
|t:|1595747959
|switch|p1a: Keldeo|Keldeo|100/100
|-damage|p1a: Keldeo|94/100|[from] Stealth Rock
|turn|9
|
|t:|1595747964
|move|p1a: Keldeo|Hydro Pump|p2a: Jirachi|[miss]
|-miss|p1a: Keldeo|p2a: Jirachi
|move|p2a: Jirachi|Thunderbolt|p1a: Keldeo
|-supereffective|p1a: Keldeo
|-damage|p1a: Keldeo|17/100
|
|-weather|RainDance|[upkeep]
|upkeep
|turn|10
|
|t:|1595747985
|move|p1a: Keldeo|Hydro Pump|p2a: Jirachi|[miss]
|-miss|p1a: Keldeo|p2a: Jirachi
|move|p2a: Jirachi|Thunderbolt|p1a: Keldeo
|-supereffective|p1a: Keldeo
|-damage|p1a: Keldeo|0 fnt
|faint|p1a: Keldeo
|
|-weather|RainDance|[upkeep]
|upkeep
|c|☆ewqwerty5|lol
|c|☆ewqwerty5|of course
|c|☆ewqwerty5|4% chance btw
|
|t:|1595748002
|switch|p1a: Ferrothorn|Ferrothorn, M|78/100
|-damage|p1a: Ferrothorn|72/100|[from] Stealth Rock
|turn|11
|
|t:|1595748007
|move|p2a: Jirachi|Fire Punch|p1a: Ferrothorn
|-supereffective|p1a: Ferrothorn
|-crit|p1a: Ferrothorn
|-damage|p1a: Ferrothorn|7/100
|-damage|p2a: Jirachi|82/100|[from] ability: Iron Barbs|[of] p1a: Ferrothorn
|move|p1a: Ferrothorn|Spikes|p2a: Jirachi
|-sidestart|p2: Spritzalcianuro96|Spikes
|
|-weather|RainDance|[upkeep]
|-heal|p1a: Ferrothorn|14/100|[from] item: Leftovers
|upkeep
|turn|12
|c|☆ewqwerty5|and a crit
|c|☆ewqwerty5|0.4% chance
|c|☆ewqwerty5|keep going
|
|t:|1595748029
|move|p2a: Jirachi|Fire Punch|p1a: Ferrothorn
|-supereffective|p1a: Ferrothorn
|-damage|p1a: Ferrothorn|0 fnt
|-damage|p2a: Jirachi|70/100|[from] ability: Iron Barbs|[of] p1a: Ferrothorn
|faint|p1a: Ferrothorn
|
|-weather|RainDance|[upkeep]
|upkeep
|
|t:|1595748037
|switch|p1a: Politoed|Politoed, M|97/100
|-damage|p1a: Politoed|84/100|[from] Stealth Rock
|turn|13
|
|t:|1595748043
|move|p2a: Jirachi|Thunderbolt|p1a: Politoed
|-supereffective|p1a: Politoed
|-damage|p1a: Politoed|25/100
|move|p1a: Politoed|Scald|p2a: Jirachi
|-damage|p2a: Jirachi|27/100
|
|-weather|RainDance|[upkeep]
|-heal|p1a: Politoed|31/100|[from] item: Leftovers
|upkeep
|turn|14
|
|t:|1595748050
|move|p2a: Jirachi|Thunderbolt|p1a: Politoed
|-supereffective|p1a: Politoed
|-damage|p1a: Politoed|0 fnt
|faint|p1a: Politoed
|
|-weather|RainDance|[upkeep]
|upkeep
|
|t:|1595748059
|switch|p1a: Tornadus|Tornadus, M|38/100
|-damage|p1a: Tornadus|14/100|[from] Stealth Rock
|turn|15
|
|t:|1595748064
|move|p1a: Tornadus|Superpower|p2a: Jirachi
|-damage|p2a: Jirachi|0 fnt
|-unboost|p1a: Tornadus|atk|1
|-unboost|p1a: Tornadus|def|1
|-damage|p1a: Tornadus|4/100|[from] item: Life Orb
|faint|p2a: Jirachi
|
|-weather|RainDance|[upkeep]
|upkeep
|
|t:|1595748069
|switch|p2a: Scizor|Scizor, M|88/100
|-damage|p2a: Scizor|76/100|[from] Spikes
|-damage|p2a: Scizor|63/100|[from] Stealth Rock
|turn|16
|
|t:|1595748074
|move|p2a: Scizor|Bullet Punch|p1a: Tornadus
|-damage|p1a: Tornadus|0 fnt
|faint|p1a: Tornadus
|
|-weather|RainDance|[upkeep]
|upkeep
|
|t:|1595748078
|switch|p1a: Toxicroak|Toxicroak, M, shiny|100/100
|-damage|p1a: Toxicroak|94/100|[from] Stealth Rock
|turn|17
|
|t:|1595748098
|move|p2a: Scizor|Bullet Punch|p1a: Toxicroak
|-crit|p1a: Toxicroak
|-damage|p1a: Toxicroak|0 fnt
|faint|p1a: Toxicroak
|
|win|Spritzalcianuro96
|raw|ewqwerty5's rating: 1365 &rarr; <strong>1354</strong><br />(-11 for losing)
|raw|Spritzalcianuro96's rating: 1530 &rarr; <strong>1541</strong><br />(+11 for winning)
