|j|☆ITHelpdeskguy
|j|☆magialice
|t:|1731086761
|gametype|singles
|player|p1|ITHelpdeskguy|emmet|1311
|player|p2|magialice|miku-flying|1417
|teamsize|p1|6
|teamsize|p2|6
|gen|5
|tier|[Gen 5] OU
|rated|
|rule|Species Clause: Limit one of each Pokémon
|rule|OHKO Clause: OHKO moves are banned
|rule|Moody Clause: Moody is banned
|rule|Evasion Items Clause: Evasion items are banned
|rule|Evasion Moves Clause: Evasion moves are banned
|rule|Endless Battle Clause: Forcing endless battles is banned
|rule|HP Percentage Mod: HP is shown in percentages
|rule|Evasion Abilities Clause: Evasion abilities are banned
|rule|Sleep Moves Clause: Sleep-inducing moves are banned
|rule|Swagger Clause: Swagger is banned
|rule|Baton Pass Stat Clause: No Baton Passer may have a way to boost its stats
|clearpoke
|poke|p1|Tyranitar, F|item
|poke|p1|Skarmory, F|item
|poke|p1|Alakazam, M|item
|poke|p1|Gliscor, F|item
|poke|p1|Hydreigon, F|item
|poke|p1|Gastrodon-East, M|item
|poke|p2|Alakazam, M|item
|poke|p2|Latios, M|item
|poke|p2|Tyranitar, F|item
|poke|p2|Landorus-Therian, M|item
|poke|p2|Ferrothorn, F|item
|poke|p2|Rotom-Wash|item
|teampreview
|inactive|Battle timer is ON: inactive players will automatically lose when time's up. (requested by magialice)
|
|t:|1731086789
|start
|switch|p1a: Gliscor|Gliscor, F|100/100
|switch|p2a: Landorus|Landorus-Therian, M|100/100
|-ability|p2a: Landorus|Intimidate|boost
|-unboost|p1a: Gliscor|atk|1
|turn|1
|
|t:|1731086792
|move|p1a: Gliscor|Protect|p1a: Gliscor
|-singleturn|p1a: Gliscor|Protect
|move|p2a: Landorus|Stealth Rock|p1a: Gliscor
|-sidestart|p1: ITHelpdeskguy|move: Stealth Rock
|
|-status|p1a: Gliscor|tox|[from] item: Toxic Orb
|upkeep
|turn|2
|
|t:|1731086797
|switch|p1a: Gastrodon|Gastrodon-East, M|100/100
|-damage|p1a: Gastrodon|94/100|[from] Stealth Rock
|move|p2a: Landorus|Hidden Power|p1a: Gastrodon
|-damage|p1a: Gastrodon|78/100
|
|-heal|p1a: Gastrodon|84/100|[from] item: Leftovers
|upkeep
|turn|3
|
|t:|1731086801
|switch|p2a: Ferrothorn|Ferrothorn, F|100/100
|move|p1a: Gastrodon|Scald|p2a: Ferrothorn
|-resisted|p2a: Ferrothorn
|-damage|p2a: Ferrothorn|91/100
|
|-heal|p1a: Gastrodon|90/100|[from] item: Leftovers
|upkeep
|turn|4
|
|t:|1731086808
|switch|p1a: Skarmory|Skarmory, F|100/100
|-damage|p1a: Skarmory|88/100|[from] Stealth Rock
|move|p2a: Ferrothorn|Thunder Wave|p1a: Skarmory
|-status|p1a: Skarmory|par
|
|-heal|p1a: Skarmory|94/100 par|[from] item: Leftovers
|upkeep
|turn|5
|
|t:|1731086810
|switch|p2a: Rotom|Rotom-Wash|100/100
|move|p1a: Skarmory|Spikes|p2a: Rotom
|-sidestart|p2: magialice|Spikes
|
|-heal|p1a: Skarmory|99/100 par|[from] item: Leftovers
|upkeep
|turn|6
|
|t:|1731086815
|switch|p1a: Gastrodon|Gastrodon-East, M|90/100
|-damage|p1a: Gastrodon|84/100|[from] Stealth Rock
|move|p2a: Rotom|Hydro Pump|p1a: Gastrodon
|-ability|p1a: Gastrodon|Storm Drain|boost
|-boost|p1a: Gastrodon|spa|1
|
|-heal|p1a: Gastrodon|90/100|[from] item: Leftovers
|upkeep
|turn|7
|inactive|ITHelpdeskguy has 120 seconds left.
|
|t:|1731086846
|switch|p1a: Hydreigon|Hydreigon, F|100/100
|-damage|p1a: Hydreigon|88/100|[from] Stealth Rock
|move|p2a: Rotom|Will-O-Wisp|p1a: Hydreigon
|-status|p1a: Hydreigon|brn
|
|-heal|p1a: Hydreigon|94/100 brn|[from] item: Leftovers
|-damage|p1a: Hydreigon|82/100 brn|[from] brn
|upkeep
|turn|8
|inactive|ITHelpdeskguy has 120 seconds left.
|inactive|magialice has 120 seconds left.
|
|t:|1731086878
|switch|p2a: Ferrothorn|Ferrothorn, F|91/100
|-damage|p2a: Ferrothorn|78/100|[from] Spikes
|move|p1a: Hydreigon|Draco Meteor|p2a: Ferrothorn|[miss]
|-miss|p1a: Hydreigon|p2a: Ferrothorn
|
|-heal|p1a: Hydreigon|88/100 brn|[from] item: Leftovers
|-damage|p1a: Hydreigon|76/100 brn|[from] brn
|upkeep
|turn|9
|
|t:|1731086885
|switch|p2a: Latios|Latios, M, shiny|100/100
|move|p1a: Hydreigon|Fire Blast|p2a: Latios|[miss]
|-miss|p1a: Hydreigon|p2a: Latios
|
|-heal|p1a: Hydreigon|82/100 brn|[from] item: Leftovers
|-damage|p1a: Hydreigon|70/100 brn|[from] brn
|upkeep
|turn|10
|j| thisisnotmyuser
|inactive|ITHelpdeskguy has 120 seconds left.
|
|t:|1731086904
|switch|p1a: Tyranitar|Tyranitar, F|100/100
|-damage|p1a: Tyranitar|88/100|[from] Stealth Rock
|-weather|Sandstorm|[from] ability: Sand Stream|[of] p1a: Tyranitar
|move|p2a: Latios|Draco Meteor|p1a: Tyranitar
|-damage|p1a: Tyranitar|10/100
|-unboost|p2a: Latios|spa|2
|
|-weather|Sandstorm|[upkeep]
|-damage|p2a: Latios|95/100|[from] Sandstorm
|upkeep
|turn|11
|
|t:|1731086913
|switch|p1a: Skarmory|Skarmory, F|99/100 par
|-damage|p1a: Skarmory|88/100 par|[from] Stealth Rock
|move|p2a: Latios|Draco Meteor|p1a: Skarmory
|-resisted|p1a: Skarmory
|-damage|p1a: Skarmory|60/100 par
|-unboost|p2a: Latios|spa|2
|
|-weather|Sandstorm|[upkeep]
|-damage|p2a: Latios|89/100|[from] Sandstorm
|-heal|p1a: Skarmory|66/100 par|[from] item: Leftovers
|upkeep
|turn|12
|inactive|ITHelpdeskguy has 120 seconds left.
|
|t:|1731086924
|switch|p2a: Rotom|Rotom-Wash|100/100
|cant|p1a: Skarmory|par
|
|-weather|Sandstorm|[upkeep]
|-damage|p2a: Rotom|94/100|[from] Sandstorm
|-heal|p2a: Rotom|100/100|[from] item: Leftovers
|-heal|p1a: Skarmory|72/100 par|[from] item: Leftovers
|upkeep
|turn|13
|inactive|ITHelpdeskguy has 120 seconds left.
|
|t:|1731086932
|switch|p1a: Hydreigon|Hydreigon, F|70/100 brn
|-damage|p1a: Hydreigon|57/100 brn|[from] Stealth Rock
|move|p2a: Rotom|Will-O-Wisp|p1a: Hydreigon
|-fail|p1a: Hydreigon|brn
|
|-weather|Sandstorm|[upkeep]
|-damage|p1a: Hydreigon|51/100 brn|[from] Sandstorm
|-damage|p2a: Rotom|94/100|[from] Sandstorm
|-heal|p1a: Hydreigon|57/100 brn|[from] item: Leftovers
|-heal|p2a: Rotom|100/100|[from] item: Leftovers
|-damage|p1a: Hydreigon|45/100 brn|[from] brn
|upkeep
|turn|14
|
|t:|1731086937
|move|p1a: Hydreigon|Draco Meteor|p2a: Rotom
|-damage|p2a: Rotom|25/100
|-unboost|p1a: Hydreigon|spa|2
|move|p2a: Rotom|Volt Switch|p1a: Hydreigon
|-resisted|p1a: Hydreigon
|-damage|p1a: Hydreigon|31/100 brn
|
|t:|1731086941
|switch|p2a: Alakazam|Alakazam, M|100/100|[from] Volt Switch
|
|-weather|Sandstorm|[upkeep]
|-damage|p1a: Hydreigon|24/100 brn|[from] Sandstorm
|-heal|p1a: Hydreigon|31/100 brn|[from] item: Leftovers
|-damage|p1a: Hydreigon|18/100 brn|[from] brn
|upkeep
|turn|15
|j| radaty
|
|t:|1731086944
|move|p2a: Alakazam|Signal Beam|p1a: Hydreigon
|-supereffective|p1a: Hydreigon
|-damage|p1a: Hydreigon|0 fnt
|faint|p1a: Hydreigon
|
|-weather|Sandstorm|[upkeep]
|upkeep
|
|t:|1731086952
|switch|p1a: Gastrodon|Gastrodon-East, M|90/100
|-damage|p1a: Gastrodon|84/100|[from] Stealth Rock
|turn|16
|
|t:|1731086956
|switch|p2a: Rotom|Rotom-Wash|25/100
|move|p1a: Gastrodon|Scald|p2a: Rotom
|-resisted|p2a: Rotom
|-damage|p2a: Rotom|13/100
|
|-weather|Sandstorm|[upkeep]
|-damage|p2a: Rotom|6/100|[from] Sandstorm
|-heal|p2a: Rotom|13/100|[from] item: Leftovers
|-heal|p1a: Gastrodon|90/100|[from] item: Leftovers
|upkeep
|turn|17
|
|t:|1731086965
|switch|p1a: Gliscor|Gliscor, F|100/100 tox
|-damage|p1a: Gliscor|88/100 tox|[from] Stealth Rock
|move|p2a: Rotom|Pain Split|p1a: Gliscor
|-sethp|p1a: Gliscor|49/100 tox|[from] move: Pain Split|[silent]
|-sethp|p2a: Rotom|57/100|[from] move: Pain Split
|
|-weather|Sandstorm|[upkeep]
|-damage|p2a: Rotom|51/100|[from] Sandstorm
|-heal|p2a: Rotom|57/100|[from] item: Leftovers
|-heal|p1a: Gliscor|62/100 tox|[from] ability: Poison Heal
|upkeep
|turn|18
|
|t:|1731086977
|switch|p1a: Skarmory|Skarmory, F|72/100 par
|-damage|p1a: Skarmory|60/100 par|[from] Stealth Rock
|switch|p2a: Landorus|Landorus-Therian, M|100/100
|-ability|p2a: Landorus|Intimidate|boost
|-unboost|p1a: Skarmory|atk|1
|
|-weather|Sandstorm|[upkeep]
|-heal|p1a: Skarmory|66/100 par|[from] item: Leftovers
|upkeep
|turn|19
|
|t:|1731086982
|move|p2a: Landorus|U-turn|p1a: Skarmory
|-resisted|p1a: Skarmory
|-damage|p1a: Skarmory|61/100 par
|
|t:|1731086984
|switch|p2a: Rotom|Rotom-Wash|57/100|[from] U-turn
|move|p1a: Skarmory|Spikes|p2a: Rotom
|-sidestart|p2: magialice|Spikes
|
|-weather|Sandstorm|[upkeep]
|-damage|p2a: Rotom|51/100|[from] Sandstorm
|-heal|p2a: Rotom|57/100|[from] item: Leftovers
|-heal|p1a: Skarmory|67/100 par|[from] item: Leftovers
|upkeep
|turn|20
|
|t:|1731086992
|switch|p1a: Tyranitar|Tyranitar, F|10/100
|-damage|p1a: Tyranitar|0 fnt|[from] Stealth Rock
|faint|p1a: Tyranitar
|move|p2a: Rotom|Hydro Pump|p1: Tyranitar|[notarget]
|-fail|p2a: Rotom
|
|-weather|Sandstorm|[upkeep]
|-damage|p2a: Rotom|51/100|[from] Sandstorm
|-heal|p2a: Rotom|57/100|[from] item: Leftovers
|upkeep
|
|t:|1731087003
|switch|p1a: Gastrodon|Gastrodon-East, M|90/100
|-damage|p1a: Gastrodon|84/100|[from] Stealth Rock
|turn|21
|
|t:|1731087008
|move|p2a: Rotom|Will-O-Wisp|p1a: Gastrodon
|-status|p1a: Gastrodon|brn
|move|p1a: Gastrodon|Scald|p2a: Rotom
|-resisted|p2a: Rotom
|-damage|p2a: Rotom|45/100
|-status|p2a: Rotom|brn
|
|-weather|Sandstorm|[upkeep]
|-damage|p2a: Rotom|39/100 brn|[from] Sandstorm
|-heal|p2a: Rotom|45/100 brn|[from] item: Leftovers
|-heal|p1a: Gastrodon|90/100 brn|[from] item: Leftovers
|-damage|p2a: Rotom|32/100 brn|[from] brn
|-damage|p1a: Gastrodon|78/100 brn|[from] brn
|upkeep
|turn|22
|
|t:|1731087013
|move|p2a: Rotom|Pain Split|p1a: Gastrodon
|-sethp|p1a: Gastrodon|50/100 brn|[from] move: Pain Split|[silent]
|-sethp|p2a: Rotom|71/100 brn|[from] move: Pain Split
|move|p1a: Gastrodon|Recover|p1a: Gastrodon
|-heal|p1a: Gastrodon|100/100 brn
|
|-weather|Sandstorm|[upkeep]
|-damage|p2a: Rotom|64/100 brn|[from] Sandstorm
|-heal|p2a: Rotom|71/100 brn|[from] item: Leftovers
|-damage|p2a: Rotom|58/100 brn|[from] brn
|-damage|p1a: Gastrodon|88/100 brn|[from] brn
|upkeep
|turn|23
|
|t:|1731087023
|switch|p2a: Ferrothorn|Ferrothorn, F|78/100
|-damage|p2a: Ferrothorn|62/100|[from] Spikes
|move|p1a: Gastrodon|Scald|p2a: Ferrothorn
|-resisted|p2a: Ferrothorn
|-damage|p2a: Ferrothorn|50/100
|-status|p2a: Ferrothorn|brn
|-enditem|p2a: Ferrothorn|Lum Berry|[eat]
|-curestatus|p2a: Ferrothorn|brn|[msg]
|
|-weather|Sandstorm|[upkeep]
|-heal|p1a: Gastrodon|94/100 brn|[from] item: Leftovers
|-damage|p1a: Gastrodon|82/100 brn|[from] brn
|upkeep
|turn|24
|
|t:|1731087029
|switch|p1a: Skarmory|Skarmory, F|67/100 par
|-damage|p1a: Skarmory|55/100 par|[from] Stealth Rock
|move|p2a: Ferrothorn|Power Whip|p1a: Skarmory
|-resisted|p1a: Skarmory
|-damage|p1a: Skarmory|45/100 par
|
|-weather|Sandstorm|[upkeep]
|-heal|p1a: Skarmory|51/100 par|[from] item: Leftovers
|upkeep
|turn|25
|
|t:|1731087032
|move|p2a: Ferrothorn|Spikes|p1a: Skarmory
|-sidestart|p1: ITHelpdeskguy|Spikes
|move|p1a: Skarmory|Roost|p1a: Skarmory
|-heal|p1a: Skarmory|100/100 par
|-singleturn|p1a: Skarmory|move: Roost
|
|-weather|Sandstorm|[upkeep]
|upkeep
|turn|26
|
|t:|1731087036
|switch|p1a: Gliscor|Gliscor, F|62/100 tox
|-damage|p1a: Gliscor|49/100 tox|[from] Stealth Rock
|move|p2a: Ferrothorn|Spikes|p1a: Gliscor
|-sidestart|p1: ITHelpdeskguy|Spikes
|
|-weather|Sandstorm|[upkeep]
|-heal|p1a: Gliscor|62/100 tox|[from] ability: Poison Heal
|upkeep
|turn|27
|
|t:|1731087045
|switch|p2a: Latios|Latios, M, shiny|89/100
|move|p1a: Gliscor|Stealth Rock|p2a: Latios
|-sidestart|p2: magialice|move: Stealth Rock
|
|-weather|Sandstorm|[upkeep]
|-damage|p2a: Latios|83/100|[from] Sandstorm
|-heal|p1a: Gliscor|74/100 tox|[from] ability: Poison Heal
|upkeep
|turn|28
|
|t:|1731087049
|move|p1a: Gliscor|Protect|p1a: Gliscor
|-singleturn|p1a: Gliscor|Protect
|move|p2a: Latios|Trick|p1a: Gliscor
|-activate|p1a: Gliscor|move: Protect
|
|-weather|Sandstorm|[upkeep]
|-damage|p2a: Latios|77/100|[from] Sandstorm
|-heal|p1a: Gliscor|87/100 tox|[from] ability: Poison Heal
|upkeep
|turn|29
|
|t:|1731087062
|switch|p2a: Landorus|Landorus-Therian, M|100/100
|-damage|p2a: Landorus|88/100|[from] Stealth Rock
|-ability|p2a: Landorus|Intimidate|boost
|-unboost|p1a: Gliscor|atk|1
|switch|p1a: Alakazam|Alakazam, M|100/100
|
|-weather|Sandstorm|[upkeep]
|-heal|p2a: Landorus|94/100|[from] item: Leftovers
|upkeep
|turn|30
|
|t:|1731087068
|switch|p2a: Tyranitar|Tyranitar, F|100/100
|-damage|p2a: Tyranitar|84/100|[from] Spikes
|-damage|p2a: Tyranitar|72/100|[from] Stealth Rock
|move|p1a: Alakazam|Hidden Power|p2a: Tyranitar
|-damage|p2a: Tyranitar|61/100
|
|-weather|Sandstorm|[upkeep]
|upkeep
|turn|31
|
|t:|1731087077
|-activate|p1a: Alakazam|move: Pursuit
|move|p2a: Tyranitar|Pursuit|p1a: Alakazam|[from]Pursuit
|-supereffective|p1a: Alakazam
|-enditem|p1a: Alakazam|Focus Sash
|-damage|p1a: Alakazam|1/100
|switch|p1a: Skarmory|Skarmory, F|100/100 par
|-damage|p1a: Skarmory|88/100 par|[from] Stealth Rock
|
|-weather|Sandstorm|[upkeep]
|-heal|p1a: Skarmory|94/100 par|[from] item: Leftovers
|upkeep
|turn|32
|
|t:|1731087080
|move|p2a: Tyranitar|Fire Blast|p1a: Skarmory
|-supereffective|p1a: Skarmory
|-damage|p1a: Skarmory|45/100 par
|move|p1a: Skarmory|Roost|p1a: Skarmory
|-heal|p1a: Skarmory|95/100 par
|-singleturn|p1a: Skarmory|move: Roost
|
|-weather|Sandstorm|[upkeep]
|-heal|p1a: Skarmory|100/100 par|[from] item: Leftovers
|upkeep
|turn|33
|
|t:|1731087085
|switch|p1a: Gastrodon|Gastrodon-East, M|82/100 brn
|-damage|p1a: Gastrodon|76/100 brn|[from] Stealth Rock
|-damage|p1a: Gastrodon|59/100 brn|[from] Spikes
|move|p2a: Tyranitar|Fire Blast|p1a: Gastrodon
|-resisted|p1a: Gastrodon
|-damage|p1a: Gastrodon|46/100 brn
|
|-weather|Sandstorm|[upkeep]
|-heal|p1a: Gastrodon|52/100 brn|[from] item: Leftovers
|-damage|p1a: Gastrodon|40/100 brn|[from] brn
|upkeep
|turn|34
|
|t:|1731087090
|switch|p2a: Latios|Latios, M, shiny|77/100
|-damage|p2a: Latios|64/100|[from] Stealth Rock
|switch|p1a: Gliscor|Gliscor, F|87/100 tox
|-damage|p1a: Gliscor|74/100 tox|[from] Stealth Rock
|
|-weather|Sandstorm|[upkeep]
|-damage|p2a: Latios|58/100|[from] Sandstorm
|-heal|p1a: Gliscor|87/100 tox|[from] ability: Poison Heal
|upkeep
|turn|35
|
|t:|1731087094
|move|p1a: Gliscor|Protect|p1a: Gliscor
|-singleturn|p1a: Gliscor|Protect
|move|p2a: Latios|Surf|p1a: Gliscor
|-activate|p1a: Gliscor|move: Protect
|
|-weather|Sandstorm|[upkeep]
|-damage|p2a: Latios|52/100|[from] Sandstorm
|-heal|p1a: Gliscor|99/100 tox|[from] ability: Poison Heal
|upkeep
|turn|36
|
|t:|1731087101
|switch|p2a: Alakazam|Alakazam, M|100/100
|switch|p1a: Skarmory|Skarmory, F|100/100 par
|-damage|p1a: Skarmory|88/100 par|[from] Stealth Rock
|
|-weather|Sandstorm|[upkeep]
|-heal|p1a: Skarmory|94/100 par|[from] item: Leftovers
|upkeep
|turn|37
|
|t:|1731087106
|switch|p2a: Landorus|Landorus-Therian, M|94/100
|-damage|p2a: Landorus|82/100|[from] Stealth Rock
|-ability|p2a: Landorus|Intimidate|boost
|-unboost|p1a: Skarmory|atk|1
|move|p1a: Skarmory|Brave Bird|p2a: Landorus
|-damage|p2a: Landorus|60/100
|-damage|p1a: Skarmory|86/100 par|[from] Recoil
|
|-weather|Sandstorm|[upkeep]
|-heal|p2a: Landorus|66/100|[from] item: Leftovers
|-heal|p1a: Skarmory|92/100 par|[from] item: Leftovers
|upkeep
|turn|38
|
|t:|1731087118
|move|p2a: Landorus|Hidden Power|p1a: Skarmory
|-damage|p1a: Skarmory|77/100 par
|move|p1a: Skarmory|Whirlwind|p2a: Landorus
|drag|p2a: Rotom|Rotom-Wash|58/100 brn
|-damage|p2a: Rotom|46/100 brn|[from] Stealth Rock
|
|-weather|Sandstorm|[upkeep]
|-damage|p2a: Rotom|39/100 brn|[from] Sandstorm
|-heal|p2a: Rotom|46/100 brn|[from] item: Leftovers
|-heal|p1a: Skarmory|83/100 par|[from] item: Leftovers
|-damage|p2a: Rotom|33/100 brn|[from] brn
|upkeep
|turn|39
|
|t:|1731087127
|switch|p1a: Gastrodon|Gastrodon-East, M|40/100 brn
|-damage|p1a: Gastrodon|34/100 brn|[from] Stealth Rock
|-damage|p1a: Gastrodon|17/100 brn|[from] Spikes
|move|p2a: Rotom|Pain Split|p1a: Gastrodon
|-sethp|p1a: Gastrodon|20/100 brn|[from] move: Pain Split|[silent]
|-sethp|p2a: Rotom|28/100 brn|[from] move: Pain Split
|
|-weather|Sandstorm|[upkeep]
|-damage|p2a: Rotom|22/100 brn|[from] Sandstorm
|-heal|p2a: Rotom|28/100 brn|[from] item: Leftovers
|-heal|p1a: Gastrodon|26/100 brn|[from] item: Leftovers
|-damage|p2a: Rotom|16/100 brn|[from] brn
|-damage|p1a: Gastrodon|14/100 brn|[from] brn
|upkeep
|turn|40
|
|t:|1731087132
|move|p2a: Rotom|Pain Split|p1a: Gastrodon
|-sethp|p1a: Gastrodon|12/100 brn|[from] move: Pain Split|[silent]
|-sethp|p2a: Rotom|17/100 brn|[from] move: Pain Split
|move|p1a: Gastrodon|Recover|p1a: Gastrodon
|-heal|p1a: Gastrodon|62/100 brn
|
|-weather|Sandstorm|[upkeep]
|-damage|p2a: Rotom|11/100 brn|[from] Sandstorm
|-heal|p2a: Rotom|17/100 brn|[from] item: Leftovers
|-heal|p1a: Gastrodon|69/100 brn|[from] item: Leftovers
|-damage|p2a: Rotom|5/100 brn|[from] brn
|-damage|p1a: Gastrodon|56/100 brn|[from] brn
|upkeep
|turn|41
|
|t:|1731087138
|switch|p1a: Alakazam|Alakazam, M|1/100
|move|p2a: Rotom|Pain Split|p1a: Alakazam
|-sethp|p1a: Alakazam|3/100|[from] move: Pain Split|[silent]
|-sethp|p2a: Rotom|3/100 brn|[from] move: Pain Split
|
|-weather|Sandstorm|[upkeep]
|-damage|p2a: Rotom|0 fnt|[from] Sandstorm
|faint|p2a: Rotom
|upkeep
|
|t:|1731087144
|switch|p2a: Tyranitar|Tyranitar, F|61/100
|-damage|p2a: Tyranitar|45/100|[from] Spikes
|-damage|p2a: Tyranitar|32/100|[from] Stealth Rock
|turn|42
|
|t:|1731087145
|move|p1a: Alakazam|Focus Blast|p2a: Tyranitar
|-supereffective|p2a: Tyranitar
|-enditem|p2a: Tyranitar|Chople Berry|[eat]
|-enditem|p2a: Tyranitar|Chople Berry|[weaken]
|-damage|p2a: Tyranitar|0 fnt
|faint|p2a: Tyranitar
|
|-weather|Sandstorm|[upkeep]
|upkeep
|
|t:|1731087149
|switch|p2a: Alakazam|Alakazam, M|100/100
|turn|43
|
|t:|1731087175
|switch|p1a: Gastrodon|Gastrodon-East, M|56/100 brn
|-damage|p1a: Gastrodon|50/100 brn|[from] Stealth Rock
|-damage|p1a: Gastrodon|33/100 brn|[from] Spikes
|move|p2a: Alakazam|Signal Beam|p1a: Gastrodon
|-damage|p1a: Gastrodon|7/100 brn
|
|-weather|Sandstorm|[upkeep]
|-heal|p1a: Gastrodon|13/100 brn|[from] item: Leftovers
|-damage|p1a: Gastrodon|1/100 brn|[from] brn
|upkeep
|turn|44
|l| thisisnotmyuser
|
|t:|1731087178
|move|p2a: Alakazam|Signal Beam|p1a: Gastrodon
|-damage|p1a: Gastrodon|0 fnt
|faint|p1a: Gastrodon
|
|-weather|Sandstorm|[upkeep]
|upkeep
|
|t:|1731087180
|switch|p1a: Skarmory|Skarmory, F|83/100 par
|-damage|p1a: Skarmory|70/100 par|[from] Stealth Rock
|turn|45
|
|t:|1731087184
|switch|p2a: Landorus|Landorus-Therian, M|66/100
|-damage|p2a: Landorus|54/100|[from] Stealth Rock
|-ability|p2a: Landorus|Intimidate|boost
|-unboost|p1a: Skarmory|atk|1
|move|p1a: Skarmory|Brave Bird|p2a: Landorus
|-damage|p2a: Landorus|34/100
|-damage|p1a: Skarmory|62/100 par|[from] Recoil
|
|-weather|Sandstorm|[upkeep]
|-heal|p2a: Landorus|40/100|[from] item: Leftovers
|-heal|p1a: Skarmory|68/100 par|[from] item: Leftovers
|upkeep
|turn|46
|
|t:|1731087187
|move|p2a: Landorus|Hidden Power|p1a: Skarmory
|-damage|p1a: Skarmory|51/100 par
|move|p1a: Skarmory|Roost|p1a: Skarmory
|-heal|p1a: Skarmory|100/100 par
|-singleturn|p1a: Skarmory|move: Roost
|
|-weather|Sandstorm|[upkeep]
|-heal|p2a: Landorus|46/100|[from] item: Leftovers
|upkeep
|turn|47
|
|t:|1731087190
|move|p2a: Landorus|Hidden Power|p1a: Skarmory
|-damage|p1a: Skarmory|84/100 par
|move|p1a: Skarmory|Spikes|p2a: Landorus
|-sidestart|p2: magialice|Spikes
|
|-weather|Sandstorm|[upkeep]
|-heal|p2a: Landorus|52/100|[from] item: Leftovers
|-heal|p1a: Skarmory|90/100 par|[from] item: Leftovers
|upkeep
|turn|48
|
|t:|1731087192
|move|p2a: Landorus|Hidden Power|p1a: Skarmory
|-damage|p1a: Skarmory|74/100 par
|cant|p1a: Skarmory|par
|
|-weather|Sandstorm|[upkeep]
|-heal|p2a: Landorus|58/100|[from] item: Leftovers
|-heal|p1a: Skarmory|80/100 par|[from] item: Leftovers
|upkeep
|turn|49
|
|t:|1731087196
|move|p2a: Landorus|Hidden Power|p1a: Skarmory
|-damage|p1a: Skarmory|63/100 par
|move|p1a: Skarmory|Roost|p1a: Skarmory
|-heal|p1a: Skarmory|100/100 par
|-singleturn|p1a: Skarmory|move: Roost
|
|-weather|Sandstorm|[upkeep]
|-heal|p2a: Landorus|64/100|[from] item: Leftovers
|upkeep
|turn|50
|
|t:|1731087199
|move|p2a: Landorus|Hidden Power|p1a: Skarmory
|-damage|p1a: Skarmory|85/100 par
|move|p1a: Skarmory|Whirlwind|p2a: Landorus
|drag|p2a: Latios|Latios, M, shiny|52/100
|-damage|p2a: Latios|40/100|[from] Stealth Rock
|
|-weather|Sandstorm|[upkeep]
|-damage|p2a: Latios|34/100|[from] Sandstorm
|-heal|p1a: Skarmory|91/100 par|[from] item: Leftovers
|upkeep
|turn|51
|
|t:|1731087225
|switch|p1a: Gliscor|Gliscor, F|99/100 tox
|-damage|p1a: Gliscor|87/100 tox|[from] Stealth Rock
|move|p2a: Latios|Recover|p2a: Latios
|-heal|p2a: Latios|84/100
|
|-weather|Sandstorm|[upkeep]
|-damage|p2a: Latios|78/100|[from] Sandstorm
|-heal|p1a: Gliscor|99/100 tox|[from] ability: Poison Heal
|upkeep
|turn|52
|
|t:|1731087233
|switch|p2a: Landorus|Landorus-Therian, M|64/100
|-damage|p2a: Landorus|51/100|[from] Stealth Rock
|-ability|p2a: Landorus|Intimidate|boost
|-unboost|p1a: Gliscor|atk|1
|move|p1a: Gliscor|U-turn|p2a: Landorus
|-resisted|p2a: Landorus
|-damage|p2a: Landorus|46/100
|
|t:|1731087236
|switch|p1a: Skarmory|Skarmory, F|91/100 par|[from] U-turn
|-damage|p1a: Skarmory|79/100 par|[from] Stealth Rock
|
|-weather|Sandstorm|[upkeep]
|-heal|p2a: Landorus|52/100|[from] item: Leftovers
|-heal|p1a: Skarmory|85/100 par|[from] item: Leftovers
|upkeep
|turn|53
|
|t:|1731087238
|move|p2a: Landorus|Hidden Power|p1a: Skarmory
|-damage|p1a: Skarmory|70/100 par
|move|p1a: Skarmory|Whirlwind|p2a: Landorus
|drag|p2a: Ferrothorn|Ferrothorn, F|50/100
|-damage|p2a: Ferrothorn|25/100|[from] Spikes
|-damage|p2a: Ferrothorn|19/100|[from] Stealth Rock
|
|-weather|Sandstorm|[upkeep]
|-heal|p1a: Skarmory|76/100 par|[from] item: Leftovers
|upkeep
|turn|54
|
|t:|1731087247
|move|p2a: Ferrothorn|Power Whip|p1a: Skarmory|[miss]
|-miss|p2a: Ferrothorn|p1a: Skarmory
|move|p1a: Skarmory|Roost|p1a: Skarmory
|-heal|p1a: Skarmory|100/100 par
|-singleturn|p1a: Skarmory|move: Roost
|
|-weather|Sandstorm|[upkeep]
|upkeep
|turn|55
|
|t:|1731087251
|switch|p2a: Landorus|Landorus-Therian, M|52/100
|-damage|p2a: Landorus|40/100|[from] Stealth Rock
|-ability|p2a: Landorus|Intimidate|boost
|-unboost|p1a: Skarmory|atk|1
|move|p1a: Skarmory|Brave Bird|p2a: Landorus
|-damage|p2a: Landorus|19/100
|-damage|p1a: Skarmory|93/100 par|[from] Recoil
|
|-weather|Sandstorm|[upkeep]
|-heal|p2a: Landorus|25/100|[from] item: Leftovers
|-heal|p1a: Skarmory|99/100 par|[from] item: Leftovers
|upkeep
|turn|56
|
|t:|1731087256
|move|p2a: Landorus|Hidden Power|p1a: Skarmory
|-damage|p1a: Skarmory|83/100 par
|move|p1a: Skarmory|Brave Bird|p2a: Landorus
|-damage|p2a: Landorus|2/100
|-damage|p1a: Skarmory|74/100 par|[from] Recoil
|
|-weather|Sandstorm|[upkeep]
|-heal|p2a: Landorus|8/100|[from] item: Leftovers
|-heal|p1a: Skarmory|80/100 par|[from] item: Leftovers
|upkeep
|turn|57
|
|t:|1731087265
|move|p2a: Landorus|Hidden Power|p1a: Skarmory
|-damage|p1a: Skarmory|63/100 par
|move|p1a: Skarmory|Roost|p1a: Skarmory
|-heal|p1a: Skarmory|100/100 par
|-singleturn|p1a: Skarmory|move: Roost
|
|-weather|Sandstorm|[upkeep]
|-heal|p2a: Landorus|14/100|[from] item: Leftovers
|upkeep
|turn|58
|
|t:|1731087271
|move|p2a: Landorus|Hidden Power|p1a: Skarmory
|-damage|p1a: Skarmory|85/100 par
|move|p1a: Skarmory|Brave Bird|p2a: Landorus
|-crit|p2a: Landorus
|-damage|p2a: Landorus|0 fnt
|faint|p2a: Landorus
|-damage|p1a: Skarmory|80/100 par|[from] Recoil
|
|-weather|Sandstorm|[upkeep]
|-heal|p1a: Skarmory|86/100 par|[from] item: Leftovers
|upkeep
|
|t:|1731087274
|switch|p2a: Latios|Latios, M, shiny|78/100
|-damage|p2a: Latios|66/100|[from] Stealth Rock
|turn|59
|
|t:|1731087278
|switch|p1a: Gliscor|Gliscor, F|99/100 tox
|-damage|p1a: Gliscor|87/100 tox|[from] Stealth Rock
|move|p2a: Latios|Surf|p1a: Gliscor
|-supereffective|p1a: Gliscor
|-damage|p1a: Gliscor|0 fnt
|faint|p1a: Gliscor
|
|-weather|Sandstorm|[upkeep]
|-damage|p2a: Latios|60/100|[from] Sandstorm
|upkeep
|
|t:|1731087281
|switch|p1a: Alakazam|Alakazam, M|3/100
|turn|60
|
|t:|1731087284
|switch|p2a: Ferrothorn|Ferrothorn, F|19/100
|-damage|p2a: Ferrothorn|0 fnt|[from] Spikes
|faint|p2a: Ferrothorn
|move|p1a: Alakazam|Shadow Ball|p2: Ferrothorn|[notarget]
|-fail|p1a: Alakazam
|
|-weather|Sandstorm|[upkeep]
|upkeep
|
|t:|1731087286
|switch|p2a: Alakazam|Alakazam, M|100/100
|turn|61
|
|t:|1731087291
|switch|p1a: Skarmory|Skarmory, F|86/100 par
|-damage|p1a: Skarmory|74/100 par|[from] Stealth Rock
|move|p2a: Alakazam|Hidden Power|p1a: Skarmory
|-damage|p1a: Skarmory|50/100 par
|
|-weather|Sandstorm|[upkeep]
|-heal|p1a: Skarmory|56/100 par|[from] item: Leftovers
|upkeep
|turn|62
|
|t:|1731087294
|move|p2a: Alakazam|Focus Blast|p1a: Skarmory|[miss]
|-miss|p2a: Alakazam|p1a: Skarmory
|cant|p1a: Skarmory|par
|
|-weather|Sandstorm|[upkeep]
|-heal|p1a: Skarmory|62/100 par|[from] item: Leftovers
|upkeep
|turn|63
|
|t:|1731087297
|move|p2a: Alakazam|Hidden Power|p1a: Skarmory
|-crit|p1a: Skarmory
|-damage|p1a: Skarmory|15/100 par
|move|p1a: Skarmory|Roost|p1a: Skarmory
|-heal|p1a: Skarmory|65/100 par
|-singleturn|p1a: Skarmory|move: Roost
|
|-weather|Sandstorm|[upkeep]
|-heal|p1a: Skarmory|71/100 par|[from] item: Leftovers
|upkeep
|turn|64
|
|t:|1731087302
|move|p2a: Alakazam|Hidden Power|p1a: Skarmory
|-damage|p1a: Skarmory|47/100 par
|move|p1a: Skarmory|Roost|p1a: Skarmory
|-heal|p1a: Skarmory|97/100 par
|-singleturn|p1a: Skarmory|move: Roost
|
|-weather|Sandstorm|[upkeep]
|-heal|p1a: Skarmory|100/100 par|[from] item: Leftovers
|upkeep
|turn|65
|
|t:|1731087307
|move|p2a: Alakazam|Hidden Power|p1a: Skarmory
|-damage|p1a: Skarmory|78/100 par
|move|p1a: Skarmory|Brave Bird|p2a: Alakazam
|-damage|p2a: Alakazam|17/100
|-damage|p1a: Skarmory|57/100 par|[from] Recoil
|
|-weather|Sandstorm|[upkeep]
|-heal|p1a: Skarmory|63/100 par|[from] item: Leftovers
|upkeep
|turn|66
|
|t:|1731087310
|move|p2a: Alakazam|Focus Blast|p1a: Skarmory
|-damage|p1a: Skarmory|26/100 par
|-unboost|p1a: Skarmory|spd|1
|move|p1a: Skarmory|Roost|p1a: Skarmory
|-heal|p1a: Skarmory|76/100 par
|-singleturn|p1a: Skarmory|move: Roost
|
|-weather|Sandstorm|[upkeep]
|-heal|p1a: Skarmory|82/100 par|[from] item: Leftovers
|upkeep
|turn|67
|
|t:|1731087316
|move|p2a: Alakazam|Hidden Power|p1a: Skarmory
|-damage|p1a: Skarmory|44/100 par
|move|p1a: Skarmory|Brave Bird|p2a: Alakazam
|-damage|p2a: Alakazam|0 fnt
|faint|p2a: Alakazam
|-damage|p1a: Skarmory|40/100 par|[from] Recoil
|
|-weather|Sandstorm|[upkeep]
|-heal|p1a: Skarmory|46/100 par|[from] item: Leftovers
|upkeep
|
|t:|1731087319
|switch|p2a: Latios|Latios, M, shiny|60/100
|-damage|p2a: Latios|48/100|[from] Stealth Rock
|turn|68
|
|t:|1731087322
|move|p2a: Latios|Trick|p1a: Skarmory
|-activate|p2a: Latios|move: Trick|[of] p1a: Skarmory
|-item|p1a: Skarmory|Choice Specs|[from] move: Trick
|-item|p2a: Latios|Leftovers|[from] move: Trick
|move|p1a: Skarmory|Brave Bird|p2a: Latios
|-damage|p2a: Latios|0 fnt
|faint|p2a: Latios
|-damage|p1a: Skarmory|32/100 par|[from] Recoil
|
|win|ITHelpdeskguy
|raw|ITHelpdeskguy's rating: 1311 &rarr; <strong>1337</strong><br />(+26 for winning)
|raw|magialice's rating: 1417 &rarr; <strong>1391</strong><br />(-26 for losing)
|l|☆magialice
|player|p2|
|c|☆ITHelpdeskguy|gg
|j|☆magialice
|player|p2|magialice|miku-flying|
|c|☆magialice|gg
