|j|☆seaofdreams
|j|☆ghosted by brizz
|t:|1733420285
|gametype|singles
|player|p1|seaofdreams|fantina|1328
|player|p2|ghosted by brizz|yancy|1499
|teamsize|p1|6
|teamsize|p2|6
|gen|5
|tier|[Gen 5] OU
|rated|
|rule|Species Clause: Limit one of each Pokémon
|rule|OHKO Clause: OHKO moves are banned
|rule|Moody Clause: Moody is banned
|rule|Evasion Items Clause: Evasion items are banned
|rule|Evasion Moves Clause: Evasion moves are banned
|rule|Endless Battle Clause: Forcing endless battles is banned
|rule|HP Percentage Mod: HP is shown in percentages
|rule|Evasion Abilities Clause: Evasion abilities are banned
|rule|Sleep Moves Clause: Sleep-inducing moves are banned
|rule|Swagger Clause: Swagger is banned
|rule|Baton Pass Stat Clause: No Baton Passer may have a way to boost its stats
|clearpoke
|poke|p1|Politoed, F|item
|poke|p1|Toxicroak, M|item
|poke|p1|Tentacruel, F|item
|poke|p1|Ferrothorn, M|item
|poke|p1|Lanturn, F|item
|poke|p1|Thundurus-Therian, M|item
|poke|p2|Machamp, F|item
|poke|p2|Excadrill, M|item
|poke|p2|Cresselia, F|item
|poke|p2|Amoonguss, M|item
|poke|p2|Landorus-Therian, M|item
|poke|p2|Meloetta|item
|teampreview
|c|☆seaofdreams|gl hf
|inactive|Battle timer is ON: inactive players will automatically lose when time's up. (requested by ghosted by brizz)
|
|t:|1733420298
|start
|switch|p1a: Politoed|Politoed, F|100/100
|switch|p2a: Meloetta|Meloetta|100/100
|-weather|RainDance|[from] ability: Drizzle|[of] p1a: Politoed
|turn|1
|
|t:|1733420305
|move|p1a: Politoed|Protect|p1a: Politoed
|-singleturn|p1a: Politoed|Protect
|move|p2a: Meloetta|Relic Song|p1a: Politoed
|-activate|p1a: Politoed|move: Protect
|
|-weather|RainDance|[upkeep]
|upkeep
|turn|2
|c|☆ghosted by brizz|hf
|
|t:|1733420314
|move|p2a: Meloetta|Relic Song|p1a: Politoed
|-damage|p1a: Politoed|75/100
|-status|p1a: Politoed|slp|[from] move: Relic Song
|-formechange|p2a: Meloetta|Meloetta-Pirouette|[msg]
|cant|p1a: Politoed|slp
|
|-weather|RainDance|[upkeep]
|-heal|p1a: Politoed|81/100 slp|[from] item: Leftovers
|upkeep
|turn|3
|
|t:|1733420323
|move|p2a: Meloetta|Close Combat|p1a: Politoed
|-damage|p1a: Politoed|35/100 slp
|-unboost|p2a: Meloetta|def|1
|-unboost|p2a: Meloetta|spd|1
|cant|p1a: Politoed|slp
|
|-weather|RainDance|[upkeep]
|-heal|p1a: Politoed|41/100 slp|[from] item: Leftovers
|upkeep
|turn|4
|
|t:|1733420346
|switch|p1a: Tentacruel|Tentacruel, F|100/100
|move|p2a: Meloetta|Close Combat|p1a: Tentacruel
|-resisted|p1a: Tentacruel
|-damage|p1a: Tentacruel|66/100
|-unboost|p2a: Meloetta|def|1
|-unboost|p2a: Meloetta|spd|1
|
|-weather|RainDance|[upkeep]
|-heal|p1a: Tentacruel|72/100|[from] ability: Rain Dish
|-heal|p1a: Tentacruel|78/100|[from] item: Black Sludge
|upkeep
|turn|5
|
|t:|1733420364
|switch|p2a: Amoonguss|Amoonguss, M|100/100
|switch|p1a: Ferrothorn|Ferrothorn, M|100/100
|
|-weather|RainDance|[upkeep]
|upkeep
|turn|6
|
|t:|1733420373
|switch|p2a: Olive|Machamp, F, shiny|100/100
|move|p1a: Ferrothorn|Stealth Rock|p2a: Olive
|-sidestart|p2: ghosted by brizz|move: Stealth Rock
|
|-weather|RainDance|[upkeep]
|upkeep
|turn|7
|
|t:|1733420391
|switch|p1a: Tentacruel|Tentacruel, F|78/100
|move|p2a: Olive|Dynamic Punch|p1a: Tentacruel
|-resisted|p1a: Tentacruel
|-damage|p1a: Tentacruel|45/100
|-start|p1a: Tentacruel|confusion
|
|-weather|RainDance|[upkeep]
|-heal|p1a: Tentacruel|51/100|[from] ability: Rain Dish
|-heal|p1a: Tentacruel|57/100|[from] item: Black Sludge
|upkeep
|turn|8
|
|t:|1733420405
|-activate|p1a: Tentacruel|confusion
|move|p1a: Tentacruel|Scald|p2a: Olive
|-damage|p2a: Olive|71/100
|move|p2a: Olive|Stone Edge|p1a: Tentacruel
|-damage|p1a: Tentacruel|16/100
|
|-weather|RainDance|[upkeep]
|-heal|p1a: Tentacruel|22/100|[from] ability: Rain Dish
|-heal|p1a: Tentacruel|28/100|[from] item: Black Sludge
|-heal|p2a: Olive|77/100|[from] item: Leftovers
|upkeep
|turn|9
|
|t:|1733420417
|switch|p2a: Amoonguss|Amoonguss, M|100/100
|-damage|p2a: Amoonguss|88/100|[from] Stealth Rock
|-activate|p1a: Tentacruel|confusion
|-damage|p1a: Tentacruel|21/100|[from] confusion
|
|-weather|RainDance|[upkeep]
|-heal|p1a: Tentacruel|27/100|[from] ability: Rain Dish
|-heal|p1a: Tentacruel|33/100|[from] item: Black Sludge
|-heal|p2a: Amoonguss|94/100|[from] item: Black Sludge
|upkeep
|turn|10
|
|t:|1733420427
|switch|p1a: Ferrothorn|Ferrothorn, M|100/100
|move|p2a: Amoonguss|Sunny Day|p2a: Amoonguss
|-weather|SunnyDay
|
|-weather|SunnyDay|[upkeep]
|-heal|p2a: Amoonguss|100/100|[from] item: Black Sludge
|upkeep
|turn|11
|
|t:|1733420433
|move|p2a: Amoonguss|Hidden Power|p1a: Ferrothorn
|-supereffective|p1a: Ferrothorn
|-damage|p1a: Ferrothorn|46/100
|move|p1a: Ferrothorn|Spikes|p2a: Amoonguss
|-sidestart|p2: ghosted by brizz|Spikes
|
|-weather|SunnyDay|[upkeep]
|-heal|p1a: Ferrothorn|52/100|[from] item: Leftovers
|upkeep
|turn|12
|
|t:|1733420441
|switch|p1a: Politoed|Politoed, F|41/100 slp
|-weather|RainDance|[from] ability: Drizzle|[of] p1a: Politoed
|move|p2a: Amoonguss|Hidden Power|p1a: Politoed
|-resisted|p1a: Politoed
|-damage|p1a: Politoed|38/100 slp
|
|-weather|RainDance|[upkeep]
|-heal|p1a: Politoed|45/100 slp|[from] item: Leftovers
|upkeep
|turn|13
|
|t:|1733420467
|cant|p1a: Politoed|slp
|move|p2a: Amoonguss|Sunny Day|p2a: Amoonguss
|-weather|SunnyDay
|
|-weather|SunnyDay|[upkeep]
|-heal|p1a: Politoed|51/100 slp|[from] item: Leftovers
|upkeep
|turn|14
|
|t:|1733420476
|switch|p1a: Ferrothorn|Ferrothorn, M|52/100
|move|p2a: Amoonguss|Giga Drain|p1a: Ferrothorn
|-resisted|p1a: Ferrothorn
|-damage|p1a: Ferrothorn|49/100
|
|-weather|SunnyDay|[upkeep]
|-heal|p1a: Ferrothorn|55/100|[from] item: Leftovers
|upkeep
|turn|15
|
|t:|1733420483
|switch|p2a: Olive|Machamp, F, shiny|77/100
|-damage|p2a: Olive|71/100|[from] Stealth Rock
|-damage|p2a: Olive|59/100|[from] Spikes
|switch|p1a: Politoed|Politoed, F|51/100 slp
|-weather|RainDance|[from] ability: Drizzle|[of] p1a: Politoed
|
|-weather|RainDance|[upkeep]
|-heal|p1a: Politoed|57/100 slp|[from] item: Leftovers
|-heal|p2a: Olive|65/100|[from] item: Leftovers
|upkeep
|turn|16
|
|t:|1733420494
|cant|p1a: Politoed|slp
|move|p2a: Olive|Dynamic Punch|p1a: Politoed
|-damage|p1a: Politoed|17/100 slp
|-start|p1a: Politoed|confusion
|
|-weather|RainDance|[upkeep]
|-heal|p1a: Politoed|23/100 slp|[from] item: Leftovers
|-heal|p2a: Olive|71/100|[from] item: Leftovers
|upkeep
|turn|17
|
|t:|1733420504
|switch|p1a: Tentacruel|Tentacruel, F|33/100
|move|p2a: Olive|Dynamic Punch|p1a: Tentacruel
|-resisted|p1a: Tentacruel
|-damage|p1a: Tentacruel|1/100
|-start|p1a: Tentacruel|confusion
|
|-weather|RainDance|[upkeep]
|-heal|p1a: Tentacruel|7/100|[from] ability: Rain Dish
|-heal|p1a: Tentacruel|13/100|[from] item: Black Sludge
|-heal|p2a: Olive|77/100|[from] item: Leftovers
|upkeep
|turn|18
|
|t:|1733420520
|-activate|p1a: Tentacruel|confusion
|move|p1a: Tentacruel|Toxic|p2a: Olive
|-status|p2a: Olive|tox
|move|p2a: Olive|Stone Edge|p1a: Tentacruel
|-damage|p1a: Tentacruel|0 fnt
|faint|p1a: Tentacruel
|
|-weather|RainDance|[upkeep]
|-heal|p2a: Olive|84/100 tox|[from] item: Leftovers
|-damage|p2a: Olive|77/100 tox|[from] psn
|upkeep
|
|t:|1733420529
|switch|p1a: Toxicroak|Toxicroak, M|100/100
|turn|19
|
|t:|1733420537
|switch|p2a: Cresselia|Cresselia, F|100/100
|-damage|p2a: Cresselia|88/100|[from] Stealth Rock
|move|p1a: Toxicroak|Swords Dance|p1a: Toxicroak
|-boost|p1a: Toxicroak|atk|2
|
|-weather|RainDance|[upkeep]
|upkeep
|turn|20
|
|t:|1733420563
|move|p1a: Toxicroak|Sucker Punch||[still]
|-fail|p1a: Toxicroak
|move|p2a: Cresselia|Thunder Wave|p1a: Toxicroak
|-status|p1a: Toxicroak|par
|
|-weather|RainDance|[upkeep]
|upkeep
|turn|21
|
|t:|1733420569
|move|p1a: Toxicroak|Sucker Punch||[still]
|-fail|p1a: Toxicroak
|move|p2a: Cresselia|Flash|p1a: Toxicroak
|-unboost|p1a: Toxicroak|accuracy|1
|
|-weather|RainDance|[upkeep]
|upkeep
|turn|22
|
|t:|1733420575
|move|p2a: Cresselia|Flash|p1a: Toxicroak
|-unboost|p1a: Toxicroak|accuracy|1
|move|p1a: Toxicroak|Ice Punch|p2a: Cresselia|[miss]
|-miss|p1a: Toxicroak|p2a: Cresselia
|
|-weather|RainDance|[upkeep]
|upkeep
|turn|23
|
|t:|1733420587
|switch|p1a: Lanturn|Lanturn, F|100/100
|move|p2a: Cresselia|Flash|p1a: Lanturn
|-unboost|p1a: Lanturn|accuracy|1
|
|-weather|RainDance|[upkeep]
|upkeep
|turn|24
|
|t:|1733420596
|switch|p2a: Meloetta|Meloetta|100/100
|-damage|p2a: Meloetta|88/100|[from] Stealth Rock
|-damage|p2a: Meloetta|76/100|[from] Spikes
|move|p1a: Lanturn|Heal Bell|p1a: Lanturn
|-activate|p1a: Lanturn|move: Heal Bell
|-curestatus|p1: Politoed|slp|[msg]
|-curestatus|p1: Toxicroak|par|[msg]
|
|-weather|RainDance|[upkeep]
|upkeep
|turn|25
|
|t:|1733420607
|move|p2a: Meloetta|Relic Song|p1a: Lanturn
|-damage|p1a: Lanturn|80/100
|-formechange|p2a: Meloetta|Meloetta-Pirouette|[msg]
|move|p1a: Lanturn|Toxic|p2a: Meloetta|[miss]
|-miss|p1a: Lanturn|p2a: Meloetta
|
|-weather|RainDance|[upkeep]
|-heal|p1a: Lanturn|86/100|[from] item: Leftovers
|upkeep
|turn|26
|
|t:|1733420618
|move|p2a: Meloetta|Close Combat|p1a: Lanturn
|-damage|p1a: Lanturn|22/100
|-unboost|p2a: Meloetta|def|1
|-unboost|p2a: Meloetta|spd|1
|move|p1a: Lanturn|Volt Switch|p2a: Meloetta
|-damage|p2a: Meloetta|42/100
|
|t:|1733420625
|switch|p1a: Thundurus|Thundurus-Therian, M|100/100|[from] Volt Switch
|
|-weather|RainDance|[upkeep]
|upkeep
|turn|27
|inactive|ghosted by brizz has 120 seconds left.
|
|t:|1733420655
|move|p2a: Meloetta|Ice Punch|p1a: Thundurus
|-supereffective|p1a: Thundurus
|-damage|p1a: Thundurus|26/100
|move|p1a: Thundurus|Agility|p1a: Thundurus
|-boost|p1a: Thundurus|spe|2
|
|-weather|RainDance|[upkeep]
|-heal|p1a: Thundurus|32/100|[from] item: Leftovers
|upkeep
|turn|28
|inactive|ghosted by brizz has 120 seconds left.
|
|t:|1733420668
|move|p1a: Thundurus|Thunder|p2a: Meloetta
|-damage|p2a: Meloetta|0 fnt
|faint|p2a: Meloetta
|
|-weather|RainDance|[upkeep]
|-heal|p1a: Thundurus|38/100|[from] item: Leftovers
|upkeep
|inactive|ghosted by brizz has 120 seconds left.
|
|t:|1733420673
|switch|p2a: Amoonguss|Amoonguss, M|100/100
|-damage|p2a: Amoonguss|88/100|[from] Stealth Rock
|-damage|p2a: Amoonguss|76/100|[from] Spikes
|turn|29
|
|t:|1733420678
|move|p1a: Thundurus|Hidden Power|p2a: Amoonguss
|-supereffective|p2a: Amoonguss
|-damage|p2a: Amoonguss|39/100
|move|p2a: Amoonguss|Stun Spore|p1a: Thundurus
|-status|p1a: Thundurus|par
|
|-weather|RainDance|[upkeep]
|-heal|p1a: Thundurus|44/100 par|[from] item: Leftovers
|-heal|p2a: Amoonguss|45/100|[from] item: Black Sludge
|upkeep
|turn|30
|
|t:|1733420687
|switch|p2a: Cresselia|Cresselia, F|88/100
|-damage|p2a: Cresselia|76/100|[from] Stealth Rock
|move|p1a: Thundurus|Hidden Power|p2a: Cresselia
|-damage|p2a: Cresselia|59/100
|
|-weather|RainDance|[upkeep]
|-heal|p1a: Thundurus|51/100 par|[from] item: Leftovers
|upkeep
|turn|31
|
|t:|1733420697
|switch|p1a: Lanturn|Lanturn, F|22/100
|move|p2a: Cresselia|Ice Beam|p1a: Lanturn
|-resisted|p1a: Lanturn
|-damage|p1a: Lanturn|16/100
|
|-weather|RainDance|[upkeep]
|-heal|p1a: Lanturn|22/100|[from] item: Leftovers
|upkeep
|turn|32
|
|t:|1733420706
|switch|p2a: Excadrill|Excadrill, M|100/100
|-damage|p2a: Excadrill|97/100|[from] Stealth Rock
|-damage|p2a: Excadrill|85/100|[from] Spikes
|-ability|p2a: Excadrill|Mold Breaker
|move|p1a: Lanturn|Heal Bell|p1a: Lanturn
|-activate|p1a: Lanturn|move: Heal Bell
|-curestatus|p1: Thundurus|par|[msg]
|
|-weather|RainDance|[upkeep]
|-heal|p1a: Lanturn|28/100|[from] item: Leftovers
|upkeep
|turn|33
|
|t:|1733420717
|move|p2a: Excadrill|Earthquake|p1a: Lanturn
|-supereffective|p1a: Lanturn
|-damage|p1a: Lanturn|0 fnt
|faint|p1a: Lanturn
|
|-weather|RainDance|[upkeep]
|upkeep
|
|t:|1733420736
|switch|p1a: Thundurus|Thundurus-Therian, M|51/100
|turn|34
|
|t:|1733420745
|move|p2a: Excadrill|Fling|p1a: Thundurus
|-damage|p1a: Thundurus|34/100
|-status|p1a: Thundurus|par
|-enditem|p2a: Excadrill|Light Ball|[from] move: Fling
|move|p1a: Thundurus|Focus Blast|p2a: Excadrill
|-supereffective|p2a: Excadrill
|-crit|p2a: Excadrill
|-damage|p2a: Excadrill|0 fnt
|faint|p2a: Excadrill
|
|-weather|RainDance|[upkeep]
|-heal|p1a: Thundurus|40/100 par|[from] item: Leftovers
|upkeep
|
|t:|1733420758
|switch|p2a: Cresselia|Cresselia, F|59/100
|-damage|p2a: Cresselia|46/100|[from] Stealth Rock
|turn|35
|
|t:|1733420763
|move|p2a: Cresselia|Ice Beam|p1a: Thundurus
|-supereffective|p1a: Thundurus
|-damage|p1a: Thundurus|0 fnt
|faint|p1a: Thundurus
|
|-weather|RainDance|[upkeep]
|upkeep
|
|t:|1733420776
|switch|p1a: Toxicroak|Toxicroak, M|100/100
|turn|36
|
|t:|1733420779
|move|p1a: Toxicroak|Swords Dance|p1a: Toxicroak
|-boost|p1a: Toxicroak|atk|2
|move|p2a: Cresselia|Thunder Wave|p1a: Toxicroak
|-status|p1a: Toxicroak|par
|
|-weather|RainDance|[upkeep]
|upkeep
|turn|37
|
|t:|1733420791
|move|p2a: Cresselia|Flash|p1a: Toxicroak
|-unboost|p1a: Toxicroak|accuracy|1
|move|p1a: Toxicroak|Ice Punch|p2a: Cresselia
|-damage|p2a: Cresselia|14/100
|-damage|p1a: Toxicroak|84/100 par|[from] item: Rocky Helmet|[of] p2a: Cresselia
|-damage|p1a: Toxicroak|74/100 par|[from] item: Life Orb
|
|-weather|RainDance|[upkeep]
|-heal|p1a: Toxicroak|86/100 par|[from] ability: Dry Skin
|upkeep
|turn|38
|
|t:|1733420800
|move|p2a: Cresselia|Flash|p1a: Toxicroak
|-unboost|p1a: Toxicroak|accuracy|1
|cant|p1a: Toxicroak|par
|
|-weather|RainDance|[upkeep]
|-heal|p1a: Toxicroak|99/100 par|[from] ability: Dry Skin
|upkeep
|turn|39
|
|t:|1733420807
|move|p2a: Cresselia|Flash|p1a: Toxicroak
|-unboost|p1a: Toxicroak|accuracy|1
|move|p1a: Toxicroak|Ice Punch|p2a: Cresselia
|-damage|p2a: Cresselia|0 fnt
|-damage|p1a: Toxicroak|82/100 par|[from] item: Rocky Helmet|[of] p2a: Cresselia
|faint|p2a: Cresselia
|-damage|p1a: Toxicroak|72/100 par|[from] item: Life Orb
|
|-weather|RainDance|[upkeep]
|-heal|p1a: Toxicroak|85/100 par|[from] ability: Dry Skin
|upkeep
|
|t:|1733420810
|switch|p2a: Landorus|Landorus-Therian, M|100/100
|-damage|p2a: Landorus|88/100|[from] Stealth Rock
|-ability|p2a: Landorus|Intimidate|boost
|-unboost|p1a: Toxicroak|atk|1
|turn|40
|
|t:|1733420829
|switch|p1a: Politoed|Politoed, F|23/100
|move|p2a: Landorus|Earthquake|p1a: Politoed
|-damage|p1a: Politoed|0 fnt
|faint|p1a: Politoed
|
|-weather|RainDance|[upkeep]
|-heal|p2a: Landorus|94/100|[from] item: Leftovers
|upkeep
|
|t:|1733420836
|switch|p1a: Ferrothorn|Ferrothorn, M|55/100
|turn|41
|
|t:|1733420840
|switch|p2a: Amoonguss|Amoonguss, M|78/100
|-damage|p2a: Amoonguss|66/100|[from] Stealth Rock
|-damage|p2a: Amoonguss|54/100|[from] Spikes
|move|p1a: Ferrothorn|Power Whip|p2a: Amoonguss
|-resisted|p2a: Amoonguss
|-damage|p2a: Amoonguss|43/100
|
|-weather|RainDance|[upkeep]
|-heal|p2a: Amoonguss|50/100|[from] item: Black Sludge
|-heal|p1a: Ferrothorn|62/100|[from] item: Leftovers
|upkeep
|turn|42
|
|t:|1733420852
|switch|p1a: Toxicroak|Toxicroak, M|85/100 par
|move|p2a: Amoonguss|Sunny Day|p2a: Amoonguss
|-weather|SunnyDay
|
|-weather|SunnyDay|[upkeep]
|-damage|p1a: Toxicroak|72/100 par|[from] ability: Dry Skin|[of] p1a: Toxicroak
|-heal|p2a: Amoonguss|56/100|[from] item: Black Sludge
|upkeep
|turn|43
|
|t:|1733420861
|move|p2a: Amoonguss|Hidden Power|p1a: Toxicroak
|-crit|p1a: Toxicroak
|-damage|p1a: Toxicroak|5/100 par
|move|p1a: Toxicroak|Ice Punch|p2a: Amoonguss
|-supereffective|p2a: Amoonguss
|-damage|p2a: Amoonguss|0 fnt
|faint|p2a: Amoonguss
|-damage|p1a: Toxicroak|0 fnt|[from] item: Life Orb
|faint|p1a: Toxicroak
|
|-weather|SunnyDay|[upkeep]
|upkeep
|
|t:|1733420870
|switch|p1a: Ferrothorn|Ferrothorn, M|62/100
|switch|p2a: Olive|Machamp, F, shiny|77/100 tox
|-damage|p2a: Olive|71/100 tox|[from] Stealth Rock
|-damage|p2a: Olive|59/100 tox|[from] Spikes
|turn|44
|
|t:|1733420876
|move|p2a: Olive|Dynamic Punch|p1a: Ferrothorn
|-supereffective|p1a: Ferrothorn
|-damage|p1a: Ferrothorn|0 fnt
|-damage|p2a: Olive|46/100 tox|[from] ability: Iron Barbs|[of] p1a: Ferrothorn
|faint|p1a: Ferrothorn
|
|win|ghosted by brizz
|raw|seaofdreams's rating: 1328 &rarr; <strong>1317</strong><br />(-11 for losing)
|raw|ghosted by brizz's rating: 1499 &rarr; <strong>1510</strong><br />(+11 for winning)
|c|☆seaofdreams|gg
|c|☆ghosted by brizz|gg
|l|☆seaofdreams
|player|p1|
|l|☆ghosted by brizz
|player|p2|
|j|☆ghosted by brizz
|player|p2|ghosted by brizz|yancy|
