|j|☆zf
|j|☆kenjishinoka
|t:|1735080329
|gametype|singles
|player|p1|zf|backpacker|1399
|player|p2|kenjishinoka|102|1466
|teamsize|p1|6
|teamsize|p2|6
|gen|5
|tier|[Gen 5] OU
|rated|
|rule|Species Clause: Limit one of each Pokémon
|rule|OHKO Clause: OHKO moves are banned
|rule|Moody Clause: Moody is banned
|rule|Evasion Items Clause: Evasion items are banned
|rule|Evasion Moves Clause: Evasion moves are banned
|rule|Endless Battle Clause: Forcing endless battles is banned
|rule|HP Percentage Mod: HP is shown in percentages
|rule|Evasion Abilities Clause: Evasion abilities are banned
|rule|Sleep Moves Clause: Sleep-inducing moves are banned
|rule|Swagger Clause: Swagger is banned
|rule|Baton Pass Stat Clause: No Baton Passer may have a way to boost its stats
|clearpoke
|poke|p1|Hippowdon, F|item
|poke|p1|Latios, M|item
|poke|p1|Skarmory, F|item
|poke|p1|Jellicent, F|item
|poke|p1|Clefable, F|item
|poke|p1|Alakazam, M|item
|poke|p2|Gyarados, F|item
|poke|p2|Sableye, F|item
|poke|p2|Magnezone|item
|poke|p2|Jellicent, M|item
|poke|p2|Skarmory, F|item
|poke|p2|Excadrill, F|item
|teampreview
|inactive|Battle timer is ON: inactive players will automatically lose when time's up. (requested by kenjishinoka)
|
|t:|1735080337
|start
|switch|p1a: Clefable|Clefable, F|100/100
|switch|p2a: Skarmory|Skarmory, F|100/100
|turn|1
|
|t:|1735080341
|move|p2a: Skarmory|Taunt|p1a: Clefable
|-start|p1a: Clefable|move: Taunt
|cant|p1a: Clefable|move: Taunt|Thunder Wave
|
|upkeep
|turn|2
|
|t:|1735080345
|move|p2a: Skarmory|Stealth Rock|p1a: Clefable
|-sidestart|p1: zf|move: Stealth Rock
|move|p1a: Clefable|Seismic Toss|p2a: Skarmory
|-damage|p2a: Skarmory|64/100
|
|upkeep
|turn|3
|
|t:|1735080353
|move|p2a: Skarmory|Spikes|p1a: Clefable
|-sidestart|p1: zf|Spikes
|move|p1a: Clefable|Seismic Toss|p2a: Skarmory
|-damage|p2a: Skarmory|27/100
|
|-end|p1a: Clefable|move: Taunt
|upkeep
|turn|4
|
|t:|1735080362
|move|p2a: Skarmory|Spikes|p1a: Clefable
|-sidestart|p1: zf|Spikes
|move|p1a: Clefable|Knock Off|p2a: Skarmory
|-resisted|p2a: Skarmory
|-damage|p2a: Skarmory|25/100
|-enditem|p2a: Skarmory|Custap Berry|[from] move: Knock Off|[of] p1a: Clefable
|
|upkeep
|turn|5
|
|t:|1735080368
|move|p2a: Skarmory|Spikes|p1a: Clefable
|-sidestart|p1: zf|Spikes
|move|p1a: Clefable|Thunder Wave|p2a: Skarmory
|-status|p2a: Skarmory|par
|
|upkeep
|turn|6
|
|t:|1735080371
|move|p1a: Clefable|Seismic Toss|p2a: Skarmory
|-damage|p2a: Skarmory|0 fnt
|faint|p2a: Skarmory
|
|upkeep
|j| Yor Gasai
|
|t:|1735080388
|switch|p2a: Excadrill|Excadrill, F|100/100
|-ability|p2a: Excadrill|Mold Breaker
|turn|7
|
|t:|1735080394
|switch|p1a: Skarmory|Skarmory, F|100/100
|-damage|p1a: Skarmory|88/100|[from] Stealth Rock
|move|p2a: Excadrill|Iron Head|p1a: Skarmory
|-resisted|p1a: Skarmory
|-damage|p1a: Skarmory|71/100
|
|-heal|p1a: Skarmory|77/100|[from] item: Leftovers
|upkeep
|turn|8
|
|t:|1735080401
|switch|p2a: Magnezone|Magnezone|100/100
|-item|p2a: Magnezone|Air Balloon
|switch|p1a: Hippowdon|Hippowdon, F|100/100
|-damage|p1a: Hippowdon|94/100|[from] Stealth Rock
|-damage|p1a: Hippowdon|69/100|[from] Spikes
|-weather|Sandstorm|[from] ability: Sand Stream|[of] p1a: Hippowdon
|
|-weather|Sandstorm|[upkeep]
|-heal|p1a: Hippowdon|75/100|[from] item: Leftovers
|upkeep
|turn|9
|
|t:|1735080415
|switch|p2a: Jellicent|Jellicent, M|100/100
|move|p1a: Hippowdon|Stealth Rock|p2a: Jellicent
|-sidestart|p2: kenjishinoka|move: Stealth Rock
|
|-weather|Sandstorm|[upkeep]
|-damage|p2a: Jellicent|94/100|[from] Sandstorm
|-heal|p1a: Hippowdon|82/100|[from] item: Leftovers
|upkeep
|turn|10
|
|t:|1735080423
|switch|p1a: Jellicent|Jellicent, F|100/100
|-damage|p1a: Jellicent|88/100|[from] Stealth Rock
|-item|p1a: Jellicent|Air Balloon
|move|p2a: Jellicent|Shadow Ball|p1a: Jellicent
|-supereffective|p1a: Jellicent
|-damage|p1a: Jellicent|1/100
|-enditem|p1a: Jellicent|Air Balloon
|
|-weather|Sandstorm|[upkeep]
|-damage|p1a: Jellicent|0 fnt|[from] Sandstorm
|-damage|p2a: Jellicent|88/100|[from] Sandstorm
|faint|p1a: Jellicent
|upkeep
|
|t:|1735080427
|switch|p1a: Clefable|Clefable, F|100/100
|turn|11
|
|t:|1735080452
|switch|p2a: Sableye|Sableye, F|100/100
|-damage|p2a: Sableye|88/100|[from] Stealth Rock
|move|p1a: Clefable|Seismic Toss|p2a: Sableye
|-immune|p2a: Sableye
|
|-weather|Sandstorm|[upkeep]
|-damage|p2a: Sableye|82/100|[from] Sandstorm
|upkeep
|turn|12
|
|t:|1735080459
|move|p2a: Sableye|Trick|p1a: Clefable
|-activate|p2a: Sableye|move: Trick|[of] p1a: Clefable
|-item|p1a: Clefable|Lagging Tail|[from] move: Trick
|-item|p2a: Sableye|Leftovers|[from] move: Trick
|move|p1a: Clefable|Knock Off|p2a: Sableye
|-damage|p2a: Sableye|78/100
|-enditem|p2a: Sableye|Leftovers|[from] move: Knock Off|[of] p1a: Clefable
|
|-weather|Sandstorm|[upkeep]
|-damage|p2a: Sableye|72/100|[from] Sandstorm
|upkeep
|turn|13
|
|t:|1735080466
|move|p2a: Sableye|Taunt|p1a: Clefable
|-start|p1a: Clefable|move: Taunt
|cant|p1a: Clefable|move: Taunt|Thunder Wave
|
|-weather|Sandstorm|[upkeep]
|-damage|p2a: Sableye|67/100|[from] Sandstorm
|upkeep
|turn|14
|
|t:|1735080475
|switch|p1a: Latios|Latios, M|100/100
|-damage|p1a: Latios|88/100|[from] Stealth Rock
|move|p2a: Sableye|Foul Play|p1a: Latios
|-supereffective|p1a: Latios
|-damage|p1a: Latios|20/100
|
|-weather|Sandstorm|[upkeep]
|-damage|p1a: Latios|14/100|[from] Sandstorm
|-damage|p2a: Sableye|61/100|[from] Sandstorm
|upkeep
|turn|15
|
|t:|1735080480
|move|p2a: Sableye|Trick|p1a: Latios
|-activate|p2a: Sableye|move: Trick|[of] p1a: Latios
|-enditem|p1a: Latios|Choice Specs|[silent]|[from] move: Trick
|-item|p2a: Sableye|Choice Specs|[from] move: Trick
|move|p1a: Latios|Draco Meteor|p2a: Sableye
|-damage|p2a: Sableye|0 fnt
|-unboost|p1a: Latios|spa|2
|faint|p2a: Sableye
|
|-weather|Sandstorm|[upkeep]
|-damage|p1a: Latios|8/100|[from] Sandstorm
|upkeep
|
|t:|1735080499
|switch|p2a: Gyarados|Gyarados, F|100/100
|-damage|p2a: Gyarados|76/100|[from] Stealth Rock
|turn|16
|
|t:|1735080518
|switch|p1a: Skarmory|Skarmory, F|77/100
|-damage|p1a: Skarmory|65/100|[from] Stealth Rock
|move|p2a: Gyarados|Waterfall|p1a: Skarmory
|-damage|p1a: Skarmory|28/100
|
|-weather|Sandstorm|[upkeep]
|-damage|p2a: Gyarados|70/100|[from] Sandstorm
|-heal|p1a: Skarmory|34/100|[from] item: Leftovers
|upkeep
|turn|17
|
|t:|1735080525
|switch|p1a: Latios|Latios, M|8/100
|-damage|p1a: Latios|0 fnt|[from] Stealth Rock
|faint|p1a: Latios
|move|p2a: Gyarados|Waterfall|p1: Latios|[notarget]
|-fail|p2a: Gyarados
|
|-weather|Sandstorm|[upkeep]
|-damage|p2a: Gyarados|64/100|[from] Sandstorm
|upkeep
|
|t:|1735080528
|switch|p1a: Alakazam|Alakazam, M|100/100
|turn|18
|
|t:|1735080531
|move|p2a: Gyarados|Waterfall|p1a: Alakazam
|-enditem|p1a: Alakazam|Focus Sash
|-damage|p1a: Alakazam|1/100
|move|p1a: Alakazam|Psyshock|p2a: Gyarados
|-crit|p2a: Gyarados
|-damage|p2a: Gyarados|0 fnt
|faint|p2a: Gyarados
|
|-weather|Sandstorm|[upkeep]
|upkeep
|
|t:|1735080539
|switch|p2a: Excadrill|Excadrill, F|100/100
|-damage|p2a: Excadrill|97/100|[from] Stealth Rock
|-ability|p2a: Excadrill|Mold Breaker
|turn|19
|
|t:|1735080542
|move|p2a: Excadrill|Rapid Spin|p1a: Alakazam
|-damage|p1a: Alakazam|0 fnt
|-sideend|p2: kenjishinoka|Stealth Rock|[from] move: Rapid Spin|[of] p2a: Excadrill
|faint|p1a: Alakazam
|
|-weather|Sandstorm|[upkeep]
|upkeep
|
|t:|1735080546
|switch|p1a: Hippowdon|Hippowdon, F|82/100
|-damage|p1a: Hippowdon|75/100|[from] Stealth Rock
|-damage|p1a: Hippowdon|50/100|[from] Spikes
|turn|20
|
|t:|1735080556
|switch|p2a: Jellicent|Jellicent, M|88/100
|move|p1a: Hippowdon|Slack Off|p1a: Hippowdon
|-heal|p1a: Hippowdon|100/100
|
|-weather|Sandstorm|[upkeep]
|-damage|p2a: Jellicent|82/100|[from] Sandstorm
|upkeep
|turn|21
|
|t:|1735080559
|switch|p1a: Clefable|Clefable, F|100/100
|move|p2a: Jellicent|Surf|p1a: Clefable
|-damage|p1a: Clefable|60/100
|
|-weather|Sandstorm|[upkeep]
|-damage|p2a: Jellicent|76/100|[from] Sandstorm
|upkeep
|turn|22
|
|t:|1735080572
|switch|p2a: Excadrill|Excadrill, F|97/100
|-ability|p2a: Excadrill|Mold Breaker
|move|p1a: Clefable|Soft-Boiled|p1a: Clefable
|-heal|p1a: Clefable|100/100
|
|-weather|Sandstorm|[upkeep]
|upkeep
|turn|23
|
|t:|1735080581
|move|p2a: Excadrill|Iron Head|p1a: Clefable
|-damage|p1a: Clefable|56/100
|move|p1a: Clefable|Soft-Boiled|p1a: Clefable
|-heal|p1a: Clefable|100/100
|
|-weather|Sandstorm|[upkeep]
|upkeep
|turn|24
|
|t:|1735080585
|move|p2a: Excadrill|Iron Head|p1a: Clefable
|-damage|p1a: Clefable|53/100
|cant|p1a: Clefable|flinch
|
|-weather|Sandstorm|[upkeep]
|upkeep
|turn|25
|
|t:|1735080591
|switch|p1a: Skarmory|Skarmory, F|34/100
|-damage|p1a: Skarmory|22/100|[from] Stealth Rock
|move|p2a: Excadrill|Iron Head|p1a: Skarmory
|-resisted|p1a: Skarmory
|-damage|p1a: Skarmory|7/100
|
|-weather|Sandstorm|[upkeep]
|-heal|p1a: Skarmory|13/100|[from] item: Leftovers
|upkeep
|turn|26
|
|t:|1735080595
|move|p2a: Excadrill|Iron Head|p1a: Skarmory
|-resisted|p1a: Skarmory
|-damage|p1a: Skarmory|0 fnt
|faint|p1a: Skarmory
|
|-weather|Sandstorm|[upkeep]
|upkeep
|
|t:|1735080596
|switch|p1a: Hippowdon|Hippowdon, F|100/100
|-damage|p1a: Hippowdon|94/100|[from] Stealth Rock
|-damage|p1a: Hippowdon|69/100|[from] Spikes
|turn|27
|
|t:|1735080605
|switch|p2a: Magnezone|Magnezone|100/100
|-item|p2a: Magnezone|Air Balloon
|move|p1a: Hippowdon|Earthquake|p2a: Magnezone
|-immune|p2a: Magnezone
|
|-weather|Sandstorm|[upkeep]
|-heal|p1a: Hippowdon|75/100|[from] item: Leftovers
|upkeep
|turn|28
|
|t:|1735080614
|switch|p2a: Jellicent|Jellicent, M|76/100
|move|p1a: Hippowdon|Stealth Rock|p2a: Jellicent
|-sidestart|p2: kenjishinoka|move: Stealth Rock
|
|-weather|Sandstorm|[upkeep]
|-damage|p2a: Jellicent|70/100|[from] Sandstorm
|-heal|p1a: Hippowdon|82/100|[from] item: Leftovers
|upkeep
|turn|29
|
|t:|1735080624
|move|p2a: Jellicent|Surf|p1a: Hippowdon
|-supereffective|p1a: Hippowdon
|-damage|p1a: Hippowdon|0 fnt
|faint|p1a: Hippowdon
|
|-weather|Sandstorm|[upkeep]
|-damage|p2a: Jellicent|63/100|[from] Sandstorm
|upkeep
|
|t:|1735080626
|switch|p1a: Clefable|Clefable, F|53/100
|turn|30
|
|t:|1735080640
|move|p2a: Jellicent|Surf|p1a: Clefable
|-damage|p1a: Clefable|6/100
|move|p1a: Clefable|Soft-Boiled|p1a: Clefable
|-heal|p1a: Clefable|56/100
|
|-weather|Sandstorm|[upkeep]
|-damage|p2a: Jellicent|57/100|[from] Sandstorm
|upkeep
|turn|31
|
|t:|1735080649
|move|p2a: Jellicent|Surf|p1a: Clefable
|-damage|p1a: Clefable|12/100
|move|p1a: Clefable|Thunder Wave|p2a: Jellicent
|-status|p2a: Jellicent|par
|
|-weather|Sandstorm|[upkeep]
|-damage|p2a: Jellicent|51/100 par|[from] Sandstorm
|upkeep
|turn|32
|
|t:|1735080653
|move|p2a: Jellicent|Surf|p1a: Clefable
|-damage|p1a: Clefable|0 fnt
|faint|p1a: Clefable
|
|win|kenjishinoka
|raw|zf's rating: 1399 &rarr; <strong>1383</strong><br />(-16 for losing)
|raw|kenjishinoka's rating: 1466 &rarr; <strong>1482</strong><br />(+16 for winning)
