|j|☆basco
|j|☆dr.jeckyl
|player|p1|basco|1
|player|p2|dr.jeckyl|2
|teamsize|p1|6
|teamsize|p2|6
|gametype|singles
|gen|5
|tier|[Gen 5] OU
|rated|
|rule|Sleep Clause Mod: Limit one foe put to sleep
|rule|Species Clause: Limit one of each Pokémon
|rule|OHKO Clause: OHKO moves are banned
|rule|Moody Clause: Moody is banned
|rule|Evasion Moves Clause: Evasion moves are banned
|rule|Endless Battle Clause: Forcing endless battles is banned
|rule|HP Percentage Mod: HP is shown in percentages
|rule|Evasion Abilities Clause: Evasion abilities are banned
|rule|Baton Pass Clause: Limit one Baton Passer, can't pass Spe and other stats simultaneously
|rule|Swagger Clause: Swagger is banned
|clearpoke
|poke|p1|Tyranitar, M|item
|poke|p1|Magnezone|item
|poke|p1|Terrakion|item
|poke|p1|Latios, M|item
|poke|p1|Scizor, F|item
|poke|p1|Landorus-Therian, M|item
|poke|p2|Politoed, M|item
|poke|p2|Ferrothorn, M|item
|poke|p2|Tornadus, M|item
|poke|p2|Azumarill, M|item
|poke|p2|Raikou|item
|poke|p2|Latios, M|item
|teampreview
|inactive|Battle timer is ON: inactive players will automatically lose when time's up. (requested by dr.jeckyl)
|
|start
|switch|p1a: Pat Riely|Tyranitar, M|100/100
|switch|p2a: Raikou|Raikou, shiny|100/100
|-ability|p2a: Raikou|Pressure
|-weather|Sandstorm|[from] ability: Sand Stream|[of] p1a: Pat Riely
|turn|1
|
|move|p2a: Raikou|Aura Sphere|p1a: Pat Riely
|-supereffective|p1a: Pat Riely
|-damage|p1a: Pat Riely|26/100
|-damage|p2a: Raikou|91/100|[from] item: Life Orb
|move|p1a: Pat Riely|Stealth Rock|p2a: Raikou
|-sidestart|p2: dr.jeckyl|move: Stealth Rock
|
|-weather|Sandstorm|[upkeep]
|-damage|p2a: Raikou|84/100|[from] Sandstorm
|-heal|p1a: Pat Riely|32/100|[from] item: Leftovers
|upkeep
|turn|2
|
|switch|p1a: Bron Bron|Landorus-Therian, M|100/100
|-ability|p1a: Bron Bron|Intimidate|boost
|-unboost|p2a: Raikou|atk|1
|move|p2a: Raikou|Hidden Power|p1a: Bron Bron
|-supereffective|p1a: Bron Bron
|-damage|p1a: Bron Bron|0 fnt
|-damage|p2a: Raikou|74/100|[from] item: Life Orb
|faint|p1a: Bron Bron
|
|-weather|Sandstorm|[upkeep]
|-damage|p2a: Raikou|68/100|[from] Sandstorm
|upkeep
|
|switch|p1a: D.Wade|Terrakion|100/100
|turn|3
|
|switch|p2a: Politoed|Politoed, M|100/100
|-damage|p2a: Politoed|88/100|[from] Stealth Rock
|-weather|RainDance|[from] ability: Drizzle|[of] p2a: Politoed
|move|p1a: D.Wade|Close Combat|p2a: Politoed
|-damage|p2a: Politoed|41/100
|-unboost|p1a: D.Wade|def|1
|-unboost|p1a: D.Wade|spd|1
|
|-weather|RainDance|[upkeep]
|-heal|p2a: Politoed|47/100|[from] item: Leftovers
|upkeep
|turn|4
|
|switch|p2a: Latios|Latios, M|100/100
|-damage|p2a: Latios|88/100|[from] Stealth Rock
|move|p1a: D.Wade|Close Combat|p2a: Latios
|-resisted|p2a: Latios
|-damage|p2a: Latios|45/100
|-unboost|p1a: D.Wade|def|1
|-unboost|p1a: D.Wade|spd|1
|
|-weather|RainDance|[upkeep]
|upkeep
|turn|5
|
|switch|p1a: Pat Riely|Tyranitar, M|32/100
|-weather|Sandstorm|[from] ability: Sand Stream|[of] p1a: Pat Riely
|move|p2a: Latios|Surf|p1a: Pat Riely
|-supereffective|p1a: Pat Riely
|-damage|p1a: Pat Riely|0 fnt
|-damage|p2a: Latios|35/100|[from] item: Life Orb
|faint|p1a: Pat Riely
|
|-weather|Sandstorm|[upkeep]
|-damage|p2a: Latios|29/100|[from] Sandstorm
|upkeep
|
|switch|p1a: D.Wade|Terrakion|100/100
|turn|6
|
|move|p1a: D.Wade|Close Combat|p2a: Latios
|-resisted|p2a: Latios
|-damage|p2a: Latios|0 fnt
|-unboost|p1a: D.Wade|def|1
|-unboost|p1a: D.Wade|spd|1
|faint|p2a: Latios
|
|-weather|Sandstorm|[upkeep]
|upkeep
|
|switch|p2a: Politoed|Politoed, M|47/100
|-damage|p2a: Politoed|35/100|[from] Stealth Rock
|-weather|RainDance|[from] ability: Drizzle|[of] p2a: Politoed
|turn|7
|
|move|p1a: D.Wade|Close Combat|p2a: Politoed
|-damage|p2a: Politoed|0 fnt
|-unboost|p1a: D.Wade|def|1
|-unboost|p1a: D.Wade|spd|1
|faint|p2a: Politoed
|
|-weather|RainDance|[upkeep]
|upkeep
|
|switch|p2a: Azumarill|Azumarill, M|100/100
|-damage|p2a: Azumarill|88/100|[from] Stealth Rock
|turn|8
|
|switch|p1a: Bosh|Latios, M, shiny|100/100
|move|p2a: Azumarill|Aqua Jet|p1a: Bosh
|-resisted|p1a: Bosh
|-damage|p1a: Bosh|63/100
|
|-weather|RainDance|[upkeep]
|upkeep
|turn|9
|
|switch|p1a: Ray Allen|Magnezone|100/100
|switch|p2a: Ferrothorn|Ferrothorn, M|100/100
|-damage|p2a: Ferrothorn|94/100|[from] Stealth Rock
|
|-weather|RainDance|[upkeep]
|-heal|p2a: Ferrothorn|100/100|[from] item: Leftovers
|upkeep
|turn|10
|
|move|p1a: Ray Allen|Substitute|p1a: Ray Allen
|-start|p1a: Ray Allen|Substitute
|-damage|p1a: Ray Allen|76/100
|move|p2a: Ferrothorn|Stealth Rock|p1a: Ray Allen
|-sidestart|p1: basco|move: Stealth Rock
|
|-weather|RainDance|[upkeep]
|-heal|p1a: Ray Allen|82/100|[from] item: Leftovers
|upkeep
|turn|11
|
|move|p1a: Ray Allen|Charge Beam|p2a: Ferrothorn
|-resisted|p2a: Ferrothorn
|-damage|p2a: Ferrothorn|92/100
|-boost|p1a: Ray Allen|spa|1
|move|p2a: Ferrothorn|Spikes|p1a: Ray Allen
|-sidestart|p1: basco|Spikes
|
|-weather|RainDance|[upkeep]
|-heal|p1a: Ray Allen|88/100|[from] item: Leftovers
|-heal|p2a: Ferrothorn|99/100|[from] item: Leftovers
|upkeep
|turn|12
|
|move|p1a: Ray Allen|Charge Beam|p2a: Ferrothorn
|-resisted|p2a: Ferrothorn
|-damage|p2a: Ferrothorn|87/100
|move|p2a: Ferrothorn|Spikes|p1a: Ray Allen
|-sidestart|p1: basco|Spikes
|
|-weather|RainDance|[upkeep]
|-heal|p1a: Ray Allen|94/100|[from] item: Leftovers
|-heal|p2a: Ferrothorn|93/100|[from] item: Leftovers
|upkeep
|turn|13
|
|move|p1a: Ray Allen|Charge Beam|p2a: Ferrothorn
|-resisted|p2a: Ferrothorn
|-damage|p2a: Ferrothorn|80/100
|move|p2a: Ferrothorn|Spikes|p1a: Ray Allen
|-sidestart|p1: basco|Spikes
|
|-weather|RainDance|[upkeep]
|-heal|p1a: Ray Allen|99/100|[from] item: Leftovers
|-heal|p2a: Ferrothorn|86/100|[from] item: Leftovers
|upkeep
|turn|14
|
|move|p1a: Ray Allen|Charge Beam|p2a: Ferrothorn|[miss]
|-miss|p1a: Ray Allen|p2a: Ferrothorn
|move|p2a: Ferrothorn|Gyro Ball|p1a: Ray Allen
|-resisted|p1a: Ray Allen
|-activate|p1a: Ray Allen|Substitute|[damage]
|
|-weather|RainDance|[upkeep]
|-heal|p1a: Ray Allen|100/100|[from] item: Leftovers
|-heal|p2a: Ferrothorn|93/100|[from] item: Leftovers
|upkeep
|turn|15
|
|move|p1a: Ray Allen|Charge Beam|p2a: Ferrothorn
|-resisted|p2a: Ferrothorn
|-damage|p2a: Ferrothorn|81/100
|-boost|p1a: Ray Allen|spa|1
|move|p2a: Ferrothorn|Gyro Ball|p1a: Ray Allen
|-resisted|p1a: Ray Allen
|-end|p1a: Ray Allen|Substitute
|
|-weather|RainDance|[upkeep]
|-heal|p2a: Ferrothorn|87/100|[from] item: Leftovers
|upkeep
|turn|16
|
|move|p1a: Ray Allen|Substitute|p1a: Ray Allen
|-start|p1a: Ray Allen|Substitute
|-damage|p1a: Ray Allen|76/100
|move|p2a: Ferrothorn|Gyro Ball|p1a: Ray Allen
|-resisted|p1a: Ray Allen
|-activate|p1a: Ray Allen|Substitute|[damage]
|
|-weather|RainDance|[upkeep]
|-heal|p1a: Ray Allen|82/100|[from] item: Leftovers
|-heal|p2a: Ferrothorn|93/100|[from] item: Leftovers
|upkeep
|turn|17
|
|move|p1a: Ray Allen|Charge Beam|p2a: Ferrothorn
|-resisted|p2a: Ferrothorn
|-damage|p2a: Ferrothorn|77/100
|-boost|p1a: Ray Allen|spa|1
|move|p2a: Ferrothorn|Gyro Ball|p1a: Ray Allen
|-resisted|p1a: Ray Allen
|-end|p1a: Ray Allen|Substitute
|
|-weather|RainDance|[upkeep]
|-heal|p1a: Ray Allen|88/100|[from] item: Leftovers
|-heal|p2a: Ferrothorn|83/100|[from] item: Leftovers
|upkeep
|turn|18
|
|move|p1a: Ray Allen|Substitute|p1a: Ray Allen
|-start|p1a: Ray Allen|Substitute
|-damage|p1a: Ray Allen|63/100
|move|p2a: Ferrothorn|Gyro Ball|p1a: Ray Allen
|-resisted|p1a: Ray Allen
|-activate|p1a: Ray Allen|Substitute|[damage]
|
|-weather|RainDance|[upkeep]
|-heal|p1a: Ray Allen|69/100|[from] item: Leftovers
|-heal|p2a: Ferrothorn|89/100|[from] item: Leftovers
|upkeep
|turn|19
|
|move|p1a: Ray Allen|Hidden Power|p2a: Ferrothorn
|-supereffective|p2a: Ferrothorn
|-damage|p2a: Ferrothorn|10/100
|move|p2a: Ferrothorn|Gyro Ball|p1a: Ray Allen
|-resisted|p1a: Ray Allen
|-end|p1a: Ray Allen|Substitute
|
|-weather|RainDance|[upkeep]
|-heal|p1a: Ray Allen|75/100|[from] item: Leftovers
|-heal|p2a: Ferrothorn|16/100|[from] item: Leftovers
|upkeep
|turn|20
|
|move|p1a: Ray Allen|Substitute|p1a: Ray Allen
|-start|p1a: Ray Allen|Substitute
|-damage|p1a: Ray Allen|50/100
|move|p2a: Ferrothorn|Gyro Ball|p1a: Ray Allen
|-resisted|p1a: Ray Allen
|-activate|p1a: Ray Allen|Substitute|[damage]
|
|-weather|RainDance|[upkeep]
|-heal|p1a: Ray Allen|56/100|[from] item: Leftovers
|-heal|p2a: Ferrothorn|22/100|[from] item: Leftovers
|upkeep
|turn|21
|
|move|p1a: Ray Allen|Charge Beam|p2a: Ferrothorn
|-resisted|p2a: Ferrothorn
|-damage|p2a: Ferrothorn|3/100
|move|p2a: Ferrothorn|Gyro Ball|p1a: Ray Allen
|-resisted|p1a: Ray Allen
|-end|p1a: Ray Allen|Substitute
|
|-weather|RainDance|[upkeep]
|-heal|p1a: Ray Allen|62/100|[from] item: Leftovers
|-heal|p2a: Ferrothorn|9/100|[from] item: Leftovers
|upkeep
|turn|22
|
|move|p1a: Ray Allen|Substitute|p1a: Ray Allen
|-start|p1a: Ray Allen|Substitute
|-damage|p1a: Ray Allen|38/100
|move|p2a: Ferrothorn|Leech Seed||[still]
|-fail|p2a: Ferrothorn
|
|-weather|RainDance|[upkeep]
|-heal|p1a: Ray Allen|44/100|[from] item: Leftovers
|-heal|p2a: Ferrothorn|15/100|[from] item: Leftovers
|upkeep
|turn|23
|
|move|p1a: Ray Allen|Charge Beam|p2a: Ferrothorn|[miss]
|-miss|p1a: Ray Allen|p2a: Ferrothorn
|move|p2a: Ferrothorn|Leech Seed||[still]
|-fail|p2a: Ferrothorn
|
|-weather|RainDance|[upkeep]
|-heal|p1a: Ray Allen|50/100|[from] item: Leftovers
|-heal|p2a: Ferrothorn|22/100|[from] item: Leftovers
|upkeep
|turn|24
|
|move|p1a: Ray Allen|Charge Beam|p2a: Ferrothorn|[miss]
|-miss|p1a: Ray Allen|p2a: Ferrothorn
|move|p2a: Ferrothorn|Leech Seed||[still]
|-fail|p2a: Ferrothorn
|
|-weather|RainDance|[upkeep]
|-heal|p1a: Ray Allen|56/100|[from] item: Leftovers
|-heal|p2a: Ferrothorn|28/100|[from] item: Leftovers
|upkeep
|turn|25
|
|move|p1a: Ray Allen|Charge Beam|p2a: Ferrothorn
|-resisted|p2a: Ferrothorn
|-damage|p2a: Ferrothorn|7/100
|move|p2a: Ferrothorn|Leech Seed||[still]
|-fail|p2a: Ferrothorn
|
|-weather|RainDance|[upkeep]
|-heal|p1a: Ray Allen|62/100|[from] item: Leftovers
|-heal|p2a: Ferrothorn|14/100|[from] item: Leftovers
|upkeep
|turn|26
|
|move|p1a: Ray Allen|Charge Beam|p2a: Ferrothorn
|-resisted|p2a: Ferrothorn
|-damage|p2a: Ferrothorn|0 fnt
|-boost|p1a: Ray Allen|spa|1
|faint|p2a: Ferrothorn
|
|-weather|RainDance|[upkeep]
|-heal|p1a: Ray Allen|68/100|[from] item: Leftovers
|upkeep
|
|switch|p2a: Raikou|Raikou, shiny|68/100
|-damage|p2a: Raikou|56/100|[from] Stealth Rock
|-ability|p2a: Raikou|Pressure
|turn|27
|
|move|p2a: Raikou|Aura Sphere|p1a: Ray Allen
|-supereffective|p1a: Ray Allen
|-end|p1a: Ray Allen|Substitute
|-damage|p2a: Raikou|46/100|[from] item: Life Orb
|move|p1a: Ray Allen|Flash Cannon|p2a: Raikou
|-resisted|p2a: Raikou
|-damage|p2a: Raikou|0 fnt
|faint|p2a: Raikou
|
|-weather|RainDance|[upkeep]
|-heal|p1a: Ray Allen|74/100|[from] item: Leftovers
|upkeep
|
|switch|p2a: Tornadus|Tornadus, M|100/100
|-damage|p2a: Tornadus|76/100|[from] Stealth Rock
|turn|28
|
|move|p2a: Tornadus|Focus Blast|p1a: Ray Allen|[miss]
|-miss|p2a: Tornadus|p1a: Ray Allen
|move|p1a: Ray Allen|Flash Cannon|p2a: Tornadus
|-damage|p2a: Tornadus|0 fnt
|faint|p2a: Tornadus
|
|-weather|RainDance|[upkeep]
|-heal|p1a: Ray Allen|80/100|[from] item: Leftovers
|upkeep
|
|switch|p2a: Azumarill|Azumarill, M|88/100
|-damage|p2a: Azumarill|76/100|[from] Stealth Rock
|turn|29
|
|move|p2a: Azumarill|Aqua Jet|p1a: Ray Allen
|-damage|p1a: Ray Allen|17/100
|move|p1a: Ray Allen|Flash Cannon|p2a: Azumarill
|-resisted|p2a: Azumarill
|-damage|p2a: Azumarill|17/100
|
|-weather|RainDance|[upkeep]
|-heal|p1a: Ray Allen|23/100|[from] item: Leftovers
|upkeep
|turn|30
|
|move|p2a: Azumarill|Aqua Jet|p1a: Ray Allen
|-damage|p1a: Ray Allen|0 fnt
|faint|p1a: Ray Allen
|
|-weather|RainDance|[upkeep]
|upkeep
|
|switch|p1a: Miller|Scizor, F, shiny|100/100
|-damage|p1a: Miller|88/100|[from] Stealth Rock
|-damage|p1a: Miller|63/100|[from] Spikes
|turn|31
|
|move|p1a: Miller|Bullet Punch|p2a: Azumarill
|-resisted|p2a: Azumarill
|-damage|p2a: Azumarill|0 fnt
|faint|p2a: Azumarill
|
|win|basco
|l|☆dr.jeckyl
|raw|basco's rating: 1343 &rarr; <strong>1365</strong><br />(+22 for winning)
|raw|dr.jeckyl's rating: 1372 &rarr; <strong>1350</strong><br />(-22 for losing)
