|j|☆hgfjhds
|j|☆dadabber
|player|p1|hgfjhds|cress|1570
|player|p2|dadabber|lusamine-nihilego|1385
|teamsize|p1|6
|teamsize|p2|6
|gametype|singles
|gen|5
|tier|[Gen 5] OU
|rated|
|clearpoke
|poke|p1|Garchomp, F|item
|poke|p1|Alakazam, M|item
|poke|p1|Skarmory, F|item
|poke|p1|Jellicent, M|item
|poke|p1|Keldeo-Resolute|item
|poke|p1|Hippowdon, F|item
|poke|p2|Mamoswine, M|item
|poke|p2|Latios, M|item
|poke|p2|Scizor, F|item
|poke|p2|Kyurem-Black|item
|poke|p2|Salamence, M|item
|poke|p2|Magnezone|item
|rule|Species Clause: Limit one of each Pokémon
|rule|OHKO Clause: OHKO moves are banned
|rule|Moody Clause: Moody is banned
|rule|Evasion Moves Clause: Evasion moves are banned
|rule|Endless Battle Clause: Forcing endless battles is banned
|rule|HP Percentage Mod: HP is shown in percentages
|rule|Evasion Abilities Clause: Evasion abilities are banned
|rule|Baton Pass Clause: Limit one Baton Passer, can't pass Spe and other stats simultaneously
|rule|Sleep Clause: Sleep-inducing moves are banned
|rule|Swagger Clause: Swagger is banned
|teampreview
|inactive|Battle timer is ON: inactive players will automatically lose when time's up. (requested by hgfjhds)
|
|start
|switch|p1a: Hippowdon|Hippowdon, F|100/100
|switch|p2a: Mamoswine|Mamoswine, M|100/100
|-weather|Sandstorm|[from] ability: Sand Stream|[of] p1a: Hippowdon
|turn|1
|
|move|p2a: Mamoswine|Stealth Rock|p1a: Hippowdon
|-sidestart|p1: hgfjhds|move: Stealth Rock
|move|p1a: Hippowdon|Stealth Rock|p2a: Mamoswine
|-sidestart|p2: dadabber|move: Stealth Rock
|
|-weather|Sandstorm|[upkeep]
|upkeep
|turn|2
|
|switch|p1a: Skarmory|Skarmory, F|100/100
|-damage|p1a: Skarmory|88/100|[from] Stealth Rock
|move|p2a: Mamoswine|Ice Shard|p1a: Skarmory
|-damage|p1a: Skarmory|70/100
|
|-weather|Sandstorm|[upkeep]
|-heal|p1a: Skarmory|76/100|[from] item: Leftovers
|upkeep
|turn|3
|
|switch|p2a: Magnezone|Magnezone|100/100
|-damage|p2a: Magnezone|94/100|[from] Stealth Rock
|move|p1a: Skarmory|Whirlwind|p2a: Magnezone
|drag|p2a: Scizor|Scizor, F|100/100
|-damage|p2a: Scizor|88/100|[from] Stealth Rock
|
|-weather|Sandstorm|[upkeep]
|-heal|p1a: Skarmory|82/100|[from] item: Leftovers
|upkeep
|turn|4
|
|switch|p2a: Magnezone|Magnezone|94/100
|-damage|p2a: Magnezone|88/100|[from] Stealth Rock
|move|p1a: Skarmory|Whirlwind|p2a: Magnezone
|drag|p2a: Mamoswine|Mamoswine, M|100/100
|-damage|p2a: Mamoswine|88/100|[from] Stealth Rock
|
|-weather|Sandstorm|[upkeep]
|-heal|p1a: Skarmory|88/100|[from] item: Leftovers
|upkeep
|turn|5
|
|switch|p2a: Latios|Latios, M|100/100
|-damage|p2a: Latios|88/100|[from] Stealth Rock
|move|p1a: Skarmory|Spikes|p2a: Latios
|-sidestart|p2: dadabber|Spikes
|
|-weather|Sandstorm|[upkeep]
|-damage|p2a: Latios|82/100|[from] Sandstorm
|-heal|p1a: Skarmory|94/100|[from] item: Leftovers
|upkeep
|turn|6
|
|switch|p1a: Jellicent|Jellicent, M|100/100
|-damage|p1a: Jellicent|88/100|[from] Stealth Rock
|move|p2a: Latios|Surf|p1a: Jellicent
|-heal|p1a: Jellicent|100/100|[from] ability: Water Absorb|[of] p2a: Latios
|
|-weather|Sandstorm|[upkeep]
|-damage|p2a: Latios|76/100|[from] Sandstorm
|-damage|p1a: Jellicent|94/100|[from] Sandstorm
|-heal|p1a: Jellicent|100/100|[from] item: Leftovers
|upkeep
|turn|7
|
|switch|p2a: Magnezone|Magnezone|88/100
|-damage|p2a: Magnezone|76/100|[from] Spikes
|-damage|p2a: Magnezone|70/100|[from] Stealth Rock
|move|p1a: Jellicent|Will-O-Wisp|p2a: Magnezone
|-status|p2a: Magnezone|brn
|
|-weather|Sandstorm|[upkeep]
|-damage|p1a: Jellicent|94/100|[from] Sandstorm
|-heal|p1a: Jellicent|100/100|[from] item: Leftovers
|-damage|p2a: Magnezone|58/100 brn|[from] brn
|upkeep
|turn|8
|
|move|p2a: Magnezone|Flash Cannon|p1a: Jellicent
|-resisted|p1a: Jellicent
|-damage|p1a: Jellicent|73/100
|move|p1a: Jellicent|Scald|p2a: Magnezone
|-damage|p2a: Magnezone|26/100 brn
|
|-weather|Sandstorm|[upkeep]
|-damage|p1a: Jellicent|67/100|[from] Sandstorm
|-heal|p1a: Jellicent|73/100|[from] item: Leftovers
|-damage|p2a: Magnezone|13/100 brn|[from] brn
|upkeep
|turn|9
|c|☆dadabber|u crazy
|
|move|p2a: Magnezone|Flash Cannon|p1a: Jellicent
|-resisted|p1a: Jellicent
|-damage|p1a: Jellicent|44/100
|move|p1a: Jellicent|Recover|p1a: Jellicent
|-heal|p1a: Jellicent|95/100
|
|-weather|Sandstorm|[upkeep]
|-damage|p1a: Jellicent|88/100|[from] Sandstorm
|-heal|p1a: Jellicent|95/100|[from] item: Leftovers
|-damage|p2a: Magnezone|1/100 brn|[from] brn
|upkeep
|turn|10
|
|switch|p2a: Kyurem|Kyurem-Black|100/100
|-damage|p2a: Kyurem|75/100|[from] Stealth Rock
|-damage|p2a: Kyurem|63/100|[from] Spikes
|-ability|p2a: Kyurem|Teravolt
|move|p1a: Jellicent|Recover|p1a: Jellicent
|-heal|p1a: Jellicent|100/100
|
|-weather|Sandstorm|[upkeep]
|-damage|p2a: Kyurem|57/100|[from] Sandstorm
|-damage|p1a: Jellicent|94/100|[from] Sandstorm
|-heal|p1a: Jellicent|100/100|[from] item: Leftovers
|upkeep
|turn|11
|
|move|p2a: Kyurem|Outrage|p1a: Jellicent
|-crit|p1a: Jellicent
|-damage|p1a: Jellicent|0 fnt
|faint|p1a: Jellicent
|
|-weather|Sandstorm|[upkeep]
|-damage|p2a: Kyurem|51/100|[from] Sandstorm
|upkeep
|
|switch|p1a: Keldeo|Keldeo-Resolute|100/100
|-damage|p1a: Keldeo|94/100|[from] Stealth Rock
|turn|12
|
|move|p1a: Keldeo|Secret Sword|p2a: Kyurem
|-supereffective|p2a: Kyurem
|-damage|p2a: Kyurem|0 fnt
|faint|p2a: Kyurem
|
|-weather|Sandstorm|[upkeep]
|-damage|p1a: Keldeo|88/100|[from] Sandstorm
|upkeep
|
|switch|p2a: Scizor|Scizor, F|88/100
|-damage|p2a: Scizor|76/100|[from] Stealth Rock
|-damage|p2a: Scizor|64/100|[from] Spikes
|turn|13
|
|move|p1a: Keldeo|Secret Sword|p2a: Scizor
|-damage|p2a: Scizor|0 fnt
|faint|p2a: Scizor
|
|-weather|Sandstorm|[upkeep]
|-damage|p1a: Keldeo|82/100|[from] Sandstorm
|upkeep
|
|switch|p2a: Latios|Latios, M|76/100
|-damage|p2a: Latios|64/100|[from] Stealth Rock
|turn|14
|
|move|p1a: Keldeo|Secret Sword|p2a: Latios
|-resisted|p2a: Latios
|-damage|p2a: Latios|20/100
|move|p2a: Latios|Psychic|p1a: Keldeo
|-supereffective|p1a: Keldeo
|-damage|p1a: Keldeo|0 fnt
|faint|p1a: Keldeo
|
|-weather|Sandstorm|[upkeep]
|-damage|p2a: Latios|14/100|[from] Sandstorm
|upkeep
|
|switch|p1a: Alakazam|Alakazam, M|100/100
|turn|15
|
|switch|p2a: Magnezone|Magnezone|1/100 brn
|-damage|p2a: Magnezone|0 fnt|[from] Stealth Rock
|faint|p2a: Magnezone
|move|p1a: Alakazam|Psychic|p2: Magnezone|[notarget]
|-fail|p1a: Alakazam
|
|-weather|Sandstorm|[upkeep]
|upkeep
|
|switch|p2a: Mamoswine|Mamoswine, M|88/100
|-damage|p2a: Mamoswine|76/100|[from] Stealth Rock
|-damage|p2a: Mamoswine|63/100|[from] Spikes
|turn|16
|
|move|p2a: Mamoswine|Ice Shard|p1a: Alakazam
|-crit|p1a: Alakazam
|-damage|p1a: Alakazam|0 fnt
|faint|p1a: Alakazam
|
|-weather|Sandstorm|[upkeep]
|upkeep
|
|switch|p1a: Skarmory|Skarmory, F|94/100
|-damage|p1a: Skarmory|82/100|[from] Stealth Rock
|turn|17
|
|move|p2a: Mamoswine|Ice Shard|p1a: Skarmory
|-damage|p1a: Skarmory|64/100
|move|p1a: Skarmory|Roost|p1a: Skarmory
|-heal|p1a: Skarmory|100/100
|-singleturn|p1a: Skarmory|move: Roost
|
|-weather|Sandstorm|[upkeep]
|upkeep
|turn|18
|
|move|p2a: Mamoswine|Ice Shard|p1a: Skarmory
|-damage|p1a: Skarmory|81/100
|move|p1a: Skarmory|Whirlwind|p2a: Mamoswine
|drag|p2a: Salamence|Salamence, M|100/100
|-damage|p2a: Salamence|76/100|[from] Stealth Rock
|
|-weather|Sandstorm|[upkeep]
|-damage|p2a: Salamence|70/100|[from] Sandstorm
|-heal|p1a: Skarmory|87/100|[from] item: Leftovers
|upkeep
|turn|19
|
|move|p2a: Salamence|Fire Blast|p1a: Skarmory
|-supereffective|p1a: Skarmory
|-damage|p1a: Skarmory|38/100
|move|p1a: Skarmory|Whirlwind|p2a: Salamence
|drag|p2a: Latios|Latios, M|14/100
|-damage|p2a: Latios|1/100|[from] Stealth Rock
|
|-weather|Sandstorm|[upkeep]
|-damage|p2a: Latios|0 fnt|[from] Sandstorm
|faint|p2a: Latios
|-heal|p1a: Skarmory|44/100|[from] item: Leftovers
|upkeep
|inactive|dadabber has 120 seconds left.
|c|☆dadabber|Ad: Click here to make a coward team. Hgfjhds: over 9 million clicks have been registered. Ad: Please stop spam clicking, please, we have given you the best coward team please stop
|-message|dadabber forfeited.
|
|win|hgfjhds
|l|☆dadabber
|raw|hgfjhds's rating: 1570 &rarr; <strong>1580</strong><br />(+10 for winning)
|raw|dadabber's rating: 1385 &rarr; <strong>1374</strong><br />(-11 for losing)
|c|☆hgfjhds|lmao
