|j|☆Persephone's Grace
|j|☆turde master
|player|p1|Persephone's Grace|elesa|1414
|player|p2|turde master|swimmer-gen4|1353
|teamsize|p1|6
|teamsize|p2|6
|gametype|singles
|gen|5
|tier|[Gen 5] OU
|rated|
|clearpoke
|poke|p1|Azelf|item
|poke|p1|Mew|item
|poke|p1|Thundurus-Therian, M|item
|poke|p1|Empoleon, F|item
|poke|p1|Jirachi|item
|poke|p1|Latios, M|item
|poke|p2|Mew|item
|poke|p2|Abomasnow, F|item
|poke|p2|Gyarados, M|item
|poke|p2|Tentacruel, M|item
|poke|p2|Kyurem|item
|poke|p2|Landorus-Therian, M|item
|rule|Species Clause: Limit one of each Pokémon
|rule|OHKO Clause: OHKO moves are banned
|rule|Moody Clause: Moody is banned
|rule|Evasion Moves Clause: Evasion moves are banned
|rule|Endless Battle Clause: Forcing endless battles is banned
|rule|HP Percentage Mod: HP is shown in percentages
|rule|Evasion Abilities Clause: Evasion abilities are banned
|rule|Baton Pass Clause: Limit one Baton Passer, can't pass Spe and other stats simultaneously
|rule|Sleep Clause: Sleep-inducing moves are banned
|rule|Swagger Clause: Swagger is banned
|teampreview
|
|start
|switch|p1a: Azelf|Azelf|100/100
|switch|p2a: Mew|Mew|100/100
|turn|1
|inactive|Battle timer is ON: inactive players will automatically lose when time's up. (requested by Persephone's Grace)
|
|move|p1a: Azelf|Taunt|p2a: Mew
|-start|p2a: Mew|move: Taunt
|cant|p2a: Mew|move: Taunt|Stealth Rock
|
|upkeep
|turn|2
|
|move|p1a: Azelf|Stealth Rock|p2a: Mew
|-sidestart|p2: turde master|move: Stealth Rock
|move|p2a: Mew|Thunderbolt|p1a: Azelf
|-damage|p1a: Azelf|61/100
|-status|p1a: Azelf|par
|
|upkeep
|turn|3
|
|move|p2a: Mew|Thunderbolt|p1a: Azelf
|-damage|p1a: Azelf|23/100 par
|move|p1a: Azelf|Light Screen|p1a: Azelf
|-sidestart|p1: Persephone's Grace|move: Light Screen
|
|-end|p2a: Mew|move: Taunt
|upkeep
|turn|4
|
|switch|p1a: Mew|Mew|100/100
|move|p2a: Mew|Stealth Rock|p1a: Mew
|-sidestart|p1: Persephone's Grace|move: Stealth Rock
|
|upkeep
|turn|5
|
|move|p1a: Mew|Iron Defense|p1a: Mew
|-boost|p1a: Mew|def|2
|move|p2a: Mew|Thunderbolt|p1a: Mew
|-damage|p1a: Mew|87/100
|
|-heal|p1a: Mew|94/100|[from] item: Leftovers
|upkeep
|turn|6
|
|switch|p2a: Gyarados|Gyarados, M|100/100
|-damage|p2a: Gyarados|76/100|[from] Stealth Rock
|-ability|p2a: Gyarados|Intimidate|boost
|-unboost|p1a: Mew|atk|1
|move|p1a: Mew|Calm Mind|p1a: Mew
|-boost|p1a: Mew|spa|1
|-boost|p1a: Mew|spd|1
|
|-heal|p1a: Mew|99/100|[from] item: Leftovers
|-heal|p2a: Gyarados|82/100|[from] item: Leftovers
|upkeep
|turn|7
|
|move|p1a: Mew|Taunt|p2a: Gyarados
|-start|p2a: Gyarados|move: Taunt
|cant|p2a: Gyarados|move: Taunt|Substitute
|
|-heal|p1a: Mew|100/100|[from] item: Leftovers
|-heal|p2a: Gyarados|88/100|[from] item: Leftovers
|upkeep
|turn|8
|
|move|p1a: Mew|Calm Mind|p1a: Mew
|-boost|p1a: Mew|spa|1
|-boost|p1a: Mew|spd|1
|move|p2a: Gyarados|Waterfall|p1a: Mew
|-damage|p1a: Mew|85/100
|
|-heal|p1a: Mew|92/100|[from] item: Leftovers
|-heal|p2a: Gyarados|94/100|[from] item: Leftovers
|upkeep
|turn|9
|
|move|p1a: Mew|Iron Defense|p1a: Mew
|-boost|p1a: Mew|def|2
|move|p2a: Gyarados|Waterfall|p1a: Mew
|-damage|p1a: Mew|82/100
|
|-heal|p1a: Mew|88/100|[from] item: Leftovers
|-heal|p2a: Gyarados|99/100|[from] item: Leftovers
|-end|p2a: Gyarados|move: Taunt
|upkeep
|turn|10
|
|move|p1a: Mew|Taunt|p2a: Gyarados
|-start|p2a: Gyarados|move: Taunt
|move|p2a: Gyarados|Waterfall|p1a: Mew
|-damage|p1a: Mew|78/100
|
|-heal|p1a: Mew|84/100|[from] item: Leftovers
|-heal|p2a: Gyarados|100/100|[from] item: Leftovers
|-sideend|p1: Persephone's Grace|move: Light Screen
|upkeep
|turn|11
|
|switch|p2a: Tentacruel|Tentacruel, M|100/100
|-damage|p2a: Tentacruel|88/100|[from] Stealth Rock
|move|p1a: Mew|Calm Mind|p1a: Mew
|-boost|p1a: Mew|spa|1
|-boost|p1a: Mew|spd|1
|
|-heal|p1a: Mew|90/100|[from] item: Leftovers
|-heal|p2a: Tentacruel|94/100|[from] item: Black Sludge
|upkeep
|turn|12
|
|move|p1a: Mew|Calm Mind|p1a: Mew
|-boost|p1a: Mew|spa|1
|-boost|p1a: Mew|spd|1
|move|p2a: Tentacruel|Rapid Spin|p1a: Mew
|-damage|p1a: Mew|89/100
|-sideend|p2: turde master|Stealth Rock|[from] move: Rapid Spin|[of] p2a: Tentacruel
|
|-heal|p1a: Mew|96/100|[from] item: Leftovers
|-heal|p2a: Tentacruel|99/100|[from] item: Black Sludge
|upkeep
|turn|13
|
|move|p1a: Mew|Baton Pass|p1a: Mew
|
|switch|p1a: Empoleon|Empoleon, F|100/100|[from]move: Baton Pass
|-damage|p1a: Empoleon|94/100|[from] Stealth Rock
|move|p2a: Tentacruel|Toxic|p1a: Empoleon
|-immune|p1a: Empoleon
|
|-heal|p2a: Tentacruel|100/100|[from] item: Black Sludge
|upkeep
|turn|14
|
|move|p2a: Tentacruel|Scald|p1a: Empoleon
|-resisted|p1a: Empoleon
|-damage|p1a: Empoleon|90/100
|-status|p1a: Empoleon|brn
|move|p1a: Empoleon|Substitute|p1a: Empoleon
|-start|p1a: Empoleon|Substitute
|-damage|p1a: Empoleon|65/100 brn
|
|-damage|p1a: Empoleon|53/100 brn|[from] brn
|upkeep
|turn|15
|
|switch|p2a: Mew|Mew|100/100
|move|p1a: Empoleon|Agility|p1a: Empoleon
|-boost|p1a: Empoleon|spe|2
|
|-damage|p1a: Empoleon|41/100 brn|[from] brn
|upkeep
|turn|16
|j| Ununhexium
|
|move|p1a: Empoleon|Surf|p2a: Mew
|-damage|p2a: Mew|0 fnt
|faint|p2a: Mew
|
|-damage|p1a: Empoleon|28/100 brn|[from] brn
|upkeep
|
|switch|p2a: Tentacruel|Tentacruel, M|100/100
|turn|17
|
|move|p1a: Empoleon|Surf|p2a: Tentacruel
|-resisted|p2a: Tentacruel
|-damage|p2a: Tentacruel|18/100
|move|p2a: Tentacruel|Scald|p1a: Empoleon
|-resisted|p1a: Empoleon
|-activate|p1a: Empoleon|Substitute|[damage]
|
|-heal|p2a: Tentacruel|24/100|[from] item: Black Sludge
|-damage|p1a: Empoleon|16/100 brn|[from] brn
|upkeep
|-enditem|p1a: Empoleon|Petaya Berry|[eat]
|-boost|p1a: Empoleon|spa|1|[from] item: Petaya Berry
|turn|18
|
|move|p1a: Empoleon|Surf|p2a: Tentacruel
|-resisted|p2a: Tentacruel
|-damage|p2a: Tentacruel|0 fnt
|faint|p2a: Tentacruel
|
|-damage|p1a: Empoleon|4/100 brn|[from] brn
|upkeep
|j| sam92
|inactive|turde master has 120 seconds left.
|
|switch|p2a: Gyarados|Gyarados, M|100/100
|-ability|p2a: Gyarados|Intimidate|boost
|-immune|p1a: Empoleon
|turn|19
|
|move|p1a: Empoleon|Surf|p2a: Gyarados
|-resisted|p2a: Gyarados
|-damage|p2a: Gyarados|7/100
|move|p2a: Gyarados|Dragon Dance|p2a: Gyarados
|-boost|p2a: Gyarados|atk|1
|-boost|p2a: Gyarados|spe|1
|
|-heal|p2a: Gyarados|13/100|[from] item: Leftovers
|-damage|p1a: Empoleon|0 fnt|[from] brn
|faint|p1a: Empoleon
|upkeep
|
|switch|p1a: Latios|Latios, M|100/100
|-damage|p1a: Latios|88/100|[from] Stealth Rock
|turn|20
|l| sam92
|
|move|p1a: Latios|Thunder Wave|p2a: Gyarados
|-status|p2a: Gyarados|par
|move|p2a: Gyarados|Waterfall|p1a: Latios
|-resisted|p1a: Latios
|-damage|p1a: Latios|59/100
|
|-heal|p2a: Gyarados|19/100 par|[from] item: Leftovers
|upkeep
|turn|21
|
|move|p1a: Latios|Reflect|p1a: Latios
|-sidestart|p1: Persephone's Grace|Reflect
|move|p2a: Gyarados|Waterfall|p1a: Latios
|-resisted|p1a: Latios
|-crit|p1a: Latios
|-damage|p1a: Latios|6/100
|
|-heal|p2a: Gyarados|25/100 par|[from] item: Leftovers
|upkeep
|turn|22
|
|move|p1a: Latios|Light Screen|p1a: Latios
|-sidestart|p1: Persephone's Grace|move: Light Screen
|move|p2a: Gyarados|Waterfall|p1a: Latios
|-resisted|p1a: Latios
|-damage|p1a: Latios|0 fnt
|faint|p1a: Latios
|
|-heal|p2a: Gyarados|31/100 par|[from] item: Leftovers
|upkeep
|j| sam92
|l| sam92
|
|switch|p1a: Mew|Mew|96/100
|-damage|p1a: Mew|83/100|[from] Stealth Rock
|turn|23
|
|switch|p2a: Abomasnow|Abomasnow, F|100/100
|-weather|Hail|[from] ability: Snow Warning|[of] p2a: Abomasnow
|move|p1a: Mew|Iron Defense|p1a: Mew
|-boost|p1a: Mew|def|2
|
|-weather|Hail|[upkeep]
|-damage|p1a: Mew|77/100|[from] Hail
|-heal|p1a: Mew|83/100|[from] item: Leftovers
|upkeep
|turn|24
|
|move|p1a: Mew|Taunt|p2a: Abomasnow
|-start|p2a: Abomasnow|move: Taunt
|move|p2a: Abomasnow|Blizzard|p1a: Mew
|-damage|p1a: Mew|66/100
|
|-weather|Hail|[upkeep]
|-damage|p1a: Mew|60/100|[from] Hail
|-heal|p1a: Mew|66/100|[from] item: Leftovers
|upkeep
|turn|25
|j| sam92
|
|move|p1a: Mew|Calm Mind|p1a: Mew
|-boost|p1a: Mew|spa|1
|-boost|p1a: Mew|spd|1
|move|p2a: Abomasnow|Blizzard|p1a: Mew
|-damage|p1a: Mew|54/100
|
|-weather|Hail|[upkeep]
|-damage|p1a: Mew|48/100|[from] Hail
|-heal|p1a: Mew|54/100|[from] item: Leftovers
|upkeep
|turn|26
|
|move|p1a: Mew|Calm Mind|p1a: Mew
|-boost|p1a: Mew|spa|1
|-boost|p1a: Mew|spd|1
|move|p2a: Abomasnow|Blizzard|p1a: Mew
|-damage|p1a: Mew|45/100
|
|-weather|Hail|[upkeep]
|-damage|p1a: Mew|39/100|[from] Hail
|-heal|p1a: Mew|45/100|[from] item: Leftovers
|-end|p2a: Abomasnow|move: Taunt
|upkeep
|turn|27
|
|move|p1a: Mew|Calm Mind|p1a: Mew
|-boost|p1a: Mew|spa|1
|-boost|p1a: Mew|spd|1
|move|p2a: Abomasnow|Blizzard|p1a: Mew
|-damage|p1a: Mew|38/100
|-status|p1a: Mew|frz
|
|-weather|Hail|[upkeep]
|-damage|p1a: Mew|32/100 frz|[from] Hail
|-heal|p1a: Mew|38/100 frz|[from] item: Leftovers
|upkeep
|turn|28
|
|switch|p2a: Landorus|Landorus-Therian, M|100/100
|-ability|p2a: Landorus|Intimidate|boost
|-unboost|p1a: Mew|atk|1
|-curestatus|p1a: Mew|frz|[msg]
|move|p1a: Mew|Calm Mind|p1a: Mew
|-boost|p1a: Mew|spa|1
|-boost|p1a: Mew|spd|1
|
|-weather|Hail|[upkeep]
|-damage|p1a: Mew|32/100|[from] Hail
|-damage|p2a: Landorus|94/100|[from] Hail
|-heal|p1a: Mew|38/100|[from] item: Leftovers
|-sideend|p1: Persephone's Grace|Reflect
|upkeep
|turn|29
|
|move|p1a: Mew|Baton Pass|p1a: Mew
|
|switch|p1a: Thundurus|Thundurus-Therian, M|100/100|[from]move: Baton Pass
|-damage|p1a: Thundurus|76/100|[from] Stealth Rock
|move|p2a: Landorus|U-turn|p1a: Thundurus
|-resisted|p1a: Thundurus
|-damage|p1a: Thundurus|67/100
|
|switch|p2a: Abomasnow|Abomasnow, F|100/100|[from]move: U-turn
|
|-weather|Hail|[upkeep]
|-damage|p1a: Thundurus|61/100|[from] Hail
|-heal|p1a: Thundurus|67/100|[from] item: Leftovers
|-sideend|p1: Persephone's Grace|move: Light Screen
|upkeep
|turn|30
|
|move|p1a: Thundurus|Hidden Power|p2a: Abomasnow
|-damage|p2a: Abomasnow|8/100
|move|p2a: Abomasnow|Blizzard|p1a: Thundurus
|-supereffective|p1a: Thundurus
|-crit|p1a: Thundurus
|-damage|p1a: Thundurus|0 fnt
|faint|p1a: Thundurus
|
|-weather|Hail|[upkeep]
|-heal|p2a: Abomasnow|14/100|[from] item: Leftovers
|upkeep
|
|switch|p1a: Jirachi|Jirachi|100/100
|-damage|p1a: Jirachi|94/100|[from] Stealth Rock
|turn|31
|
|move|p1a: Jirachi|Iron Head|p2a: Abomasnow
|-supereffective|p2a: Abomasnow
|-damage|p2a: Abomasnow|0 fnt
|faint|p2a: Abomasnow
|
|-weather|Hail|[upkeep]
|-damage|p1a: Jirachi|88/100|[from] Hail
|upkeep
|
|switch|p2a: Landorus|Landorus-Therian, M|94/100
|-ability|p2a: Landorus|Intimidate|boost
|-unboost|p1a: Jirachi|atk|1
|turn|32
|
|move|p2a: Landorus|Earthquake|p1a: Jirachi
|-supereffective|p1a: Jirachi
|-enditem|p1a: Jirachi|Shuca Berry|[eat]
|-enditem|p1a: Jirachi|Shuca Berry|[weaken]
|-damage|p1a: Jirachi|28/100
|move|p1a: Jirachi|U-turn|p2a: Landorus
|-resisted|p2a: Landorus
|-damage|p2a: Landorus|87/100
|
|switch|p1a: Azelf|Azelf|23/100 par|[from]move: U-turn
|-damage|p1a: Azelf|11/100 par|[from] Stealth Rock
|
|-weather|Hail|[upkeep]
|-damage|p2a: Landorus|81/100|[from] Hail
|-damage|p1a: Azelf|4/100 par|[from] Hail
|upkeep
|turn|33
|
|move|p2a: Landorus|Hidden Power|p1a: Azelf
|-damage|p1a: Azelf|0 fnt
|faint|p1a: Azelf
|
|-weather|Hail|[upkeep]
|-damage|p2a: Landorus|75/100|[from] Hail
|upkeep
|-message|Persephone's Grace forfeited.
|
|win|turde master
|l|☆Persephone's Grace
|raw|Persephone&apos;s Grace's rating: 1414 &rarr; <strong>1390</strong><br />(-24 for losing)
|raw|turde master's rating: 1353 &rarr; <strong>1377</strong><br />(+24 for winning)
|l| sam92
