|j|☆pahvi
|j|☆nidiedi
|t:|1724506130
|gametype|singles
|player|p1|pahvi|cyclistf-gen4|1326
|player|p2|nidiedi|169|1510
|teamsize|p1|6
|teamsize|p2|6
|gen|5
|tier|[Gen 5] OU
|rated|
|rule|Species Clause: Limit one of each Pokémon
|rule|OHKO Clause: OHKO moves are banned
|rule|Moody Clause: Moody is banned
|rule|Evasion Items Clause: Evasion items are banned
|rule|Evasion Moves Clause: Evasion moves are banned
|rule|Endless Battle Clause: Forcing endless battles is banned
|rule|HP Percentage Mod: HP is shown in percentages
|rule|Evasion Abilities Clause: Evasion abilities are banned
|rule|Sleep Moves Clause: Sleep-inducing moves are banned
|rule|Swagger Clause: Swagger is banned
|rule|Baton Pass Stat Clause: No Baton Passer may have a way to boost its stats
|clearpoke
|poke|p1|Ninetales, M|item
|poke|p1|Victini|item
|poke|p1|Darmanitan, F|item
|poke|p1|Volcarona, F|item
|poke|p1|Xatu, F|item
|poke|p1|Gliscor, F|item
|poke|p2|Heatran, F|item
|poke|p2|Latios, M|item
|poke|p2|Breloom, M|item
|poke|p2|Landorus-Therian, M|item
|poke|p2|Excadrill, F|item
|poke|p2|Ninetales, M|item
|teampreview
|inactive|Battle timer is ON: inactive players will automatically lose when time's up. (requested by nidiedi)
|inactive|nidiedi has 120 seconds left.
|
|t:|1724506163
|start
|switch|p1a: Darmanitan|Darmanitan, F|100/100
|switch|p2a: Landorus|Landorus-Therian, M|100/100
|-ability|p2a: Landorus|Intimidate|boost
|-unboost|p1a: Darmanitan|atk|1
|turn|1
|
|t:|1724506174
|move|p1a: Darmanitan|U-turn|p2a: Landorus
|-resisted|p2a: Landorus
|-damage|p2a: Landorus|91/100
|
|t:|1724506176
|switch|p1a: Xatu|Xatu, F|100/100|[from] U-turn
|move|p2a: Landorus|Earthquake|p1a: Xatu
|-immune|p1a: Xatu
|
|upkeep
|turn|2
|
|t:|1724506199
|switch|p2a: Breloom|Breloom, M|100/100
|move|p1a: Xatu|U-turn|p2a: Breloom
|-damage|p2a: Breloom|84/100
|
|t:|1724506208
|switch|p1a: Victini|Victini|100/100|[from] U-turn
|
|-status|p2a: Breloom|tox|[from] item: Toxic Orb
|upkeep
|turn|3
|
|t:|1724506214
|move|p2a: Breloom|Protect|p2a: Breloom
|-singleturn|p2a: Breloom|Protect
|move|p1a: Victini|Zen Headbutt|p2a: Breloom
|-activate|p2a: Breloom|move: Protect
|
|-heal|p2a: Breloom|96/100 tox|[from] ability: Poison Heal
|upkeep
|turn|4
|
|t:|1724506232
|switch|p1a: Ninetales|Ninetales, M|100/100
|-weather|SunnyDay|[from] ability: Drought|[of] p1a: Ninetales
|switch|p2a: Landorus|Landorus-Therian, M|91/100
|-ability|p2a: Landorus|Intimidate|boost
|-unboost|p1a: Ninetales|atk|1
|
|-weather|SunnyDay|[upkeep]
|upkeep
|turn|5
|
|t:|1724506244
|switch|p1a: Xatu|Xatu, F|100/100
|move|p2a: Landorus|U-turn|p1a: Xatu
|-damage|p1a: Xatu|76/100
|-damage|p2a: Landorus|74/100|[from] item: Rocky Helmet|[of] p1a: Xatu
|inactive|nidiedi has 120 seconds left.
|
|t:|1724506281
|switch|p2a: Heatran|Heatran, F|100/100|[from] U-turn
|-item|p2a: Heatran|Air Balloon
|
|-weather|SunnyDay|[upkeep]
|upkeep
|turn|6
|
|t:|1724506290
|move|p2a: Heatran|Fire Blast|p1a: Xatu
|-damage|p1a: Xatu|0 fnt
|faint|p1a: Xatu
|
|-weather|SunnyDay|[upkeep]
|upkeep
|
|t:|1724506294
|switch|p1a: Darmanitan|Darmanitan, F|100/100
|turn|7
|inactive|nidiedi has 120 seconds left.
|
|t:|1724506311
|switch|p2a: Breloom|Breloom, M|96/100 tox
|move|p1a: Darmanitan|U-turn|p2a: Breloom
|-damage|p2a: Breloom|65/100 tox
|
|t:|1724506319
|switch|p1a: Gliscor|Gliscor, F|100/100|[from] U-turn
|
|-weather|SunnyDay|[upkeep]
|-heal|p2a: Breloom|77/100 tox|[from] ability: Poison Heal
|-status|p1a: Gliscor|tox|[from] item: Toxic Orb
|upkeep
|turn|8
|inactive|nidiedi has 120 seconds left.
|inactive|nidiedi has 90 seconds left.
|
|t:|1724506354
|move|p1a: Gliscor|Stealth Rock|p2a: Breloom
|-sidestart|p2: nidiedi|move: Stealth Rock
|move|p2a: Breloom|Bulk Up|p2a: Breloom
|-boost|p2a: Breloom|atk|1
|-boost|p2a: Breloom|def|1
|
|-weather|SunnyDay|[upkeep]
|-heal|p2a: Breloom|90/100 tox|[from] ability: Poison Heal
|upkeep
|turn|9
|inactive|nidiedi has 90 seconds left.
|
|t:|1724506371
|switch|p1a: Ninetales|Ninetales, M|100/100
|move|p2a: Breloom|Drain Punch|p1a: Ninetales
|-crit|p1a: Ninetales
|-damage|p1a: Ninetales|0 fnt
|-heal|p2a: Breloom|100/100 tox|[from] drain|[of] p1a: Ninetales
|faint|p1a: Ninetales
|
|-weather|SunnyDay|[upkeep]
|upkeep
|
|t:|1724506377
|switch|p1a: Darmanitan|Darmanitan, F|100/100
|turn|10
|
|t:|1724506381
|move|p2a: Breloom|Protect|p2a: Breloom
|-singleturn|p2a: Breloom|Protect
|move|p1a: Darmanitan|Flare Blitz|p2a: Breloom
|-activate|p2a: Breloom|move: Protect
|
|-weather|SunnyDay|[upkeep]
|upkeep
|turn|11
|
|t:|1724506386
|switch|p2a: Heatran|Heatran, F|100/100
|-damage|p2a: Heatran|88/100|[from] Stealth Rock
|-item|p2a: Heatran|Air Balloon
|move|p1a: Darmanitan|Flare Blitz|p2a: Heatran
|-start|p2a: Heatran|ability: Flash Fire
|
|-weather|SunnyDay|[upkeep]
|upkeep
|turn|12
|
|t:|1724506400
|switch|p1a: Gliscor|Gliscor, F|100/100 tox
|move|p2a: Heatran|Flame Charge|p1a: Gliscor
|-crit|p1a: Gliscor
|-damage|p1a: Gliscor|60/100 tox
|-boost|p2a: Heatran|spe|1
|
|-weather|SunnyDay|[upkeep]
|-heal|p1a: Gliscor|72/100 tox|[from] ability: Poison Heal
|upkeep
|turn|13
|
|t:|1724506409
|move|p2a: Heatran|Hidden Power|p1a: Gliscor
|-supereffective|p1a: Gliscor
|-damage|p1a: Gliscor|0 fnt
|faint|p1a: Gliscor
|
|-weather|SunnyDay|[upkeep]
|upkeep
|
|t:|1724506411
|switch|p1a: Darmanitan|Darmanitan, F|100/100
|turn|14
|inactive|nidiedi has 120 seconds left.
|
|t:|1724506425
|-end|p2a: Heatran|ability: Flash Fire|[silent]
|switch|p2a: Breloom|Breloom, M|100/100 tox
|-damage|p2a: Breloom|94/100 tox|[from] Stealth Rock
|move|p1a: Darmanitan|Rock Slide|p2a: Breloom
|-resisted|p2a: Breloom
|-damage|p2a: Breloom|70/100 tox
|
|-weather|SunnyDay|[upkeep]
|-heal|p2a: Breloom|82/100 tox|[from] ability: Poison Heal
|upkeep
|turn|15
|inactive|nidiedi has 120 seconds left.
|
|t:|1724506440
|switch|p1a: Victini|Victini|100/100
|switch|p2a: Landorus|Landorus-Therian, M|74/100
|-damage|p2a: Landorus|62/100|[from] Stealth Rock
|-ability|p2a: Landorus|Intimidate|boost
|-unboost|p1a: Victini|atk|1
|
|-weather|SunnyDay|[upkeep]
|upkeep
|turn|16
|
|t:|1724506447
|move|p2a: Landorus|Earthquake|p1a: Victini
|-supereffective|p1a: Victini
|-damage|p1a: Victini|0 fnt
|faint|p1a: Victini
|
|-weather|SunnyDay|[upkeep]
|upkeep
|
|t:|1724506450
|switch|p1a: Darmanitan|Darmanitan, F|100/100
|turn|17
|
|t:|1724506454
|switch|p2a: Breloom|Breloom, M|82/100 tox
|-damage|p2a: Breloom|76/100 tox|[from] Stealth Rock
|move|p1a: Darmanitan|Flare Blitz|p2a: Breloom
|-supereffective|p2a: Breloom
|-crit|p2a: Breloom
|-damage|p2a: Breloom|0 fnt
|faint|p2a: Breloom
|-damage|p1a: Darmanitan|78/100|[from] Recoil
|
|-weather|SunnyDay|[upkeep]
|upkeep
|
|t:|1724506460
|switch|p2a: Heatran|Heatran, F|88/100
|-damage|p2a: Heatran|76/100|[from] Stealth Rock
|-item|p2a: Heatran|Air Balloon
|turn|18
|
|t:|1724506471
|switch|p1a: Volcarona|Volcarona, F|100/100
|move|p2a: Heatran|Fire Blast|p1a: Volcarona
|-damage|p1a: Volcarona|0 fnt
|faint|p1a: Volcarona
|
|-weather|SunnyDay|[upkeep]
|upkeep
|-message|pahvi forfeited.
|
|win|nidiedi
|raw|pahvi's rating: 1326 &rarr; <strong>1316</strong><br />(-10 for losing)
|raw|nidiedi's rating: 1510 &rarr; <strong>1520</strong><br />(+10 for winning)
|l|☆pahvi
|player|p1|
