|join|Mariano Rapper
|join|kemonter
|player|p1|Mariano Rapper|264
|player|p2|kemonter|34
|gametype|singles
|gen|5
|tier|[Gen 5] OU
|rated
|rule|Evasion Abilities Clause: Evasion abilities are banned
|clearpoke
|poke|p1|Abomasnow, F
|poke|p1|Jirachi
|poke|p1|Starmie
|poke|p1|Walrein, F
|poke|p1|Infernape, M
|poke|p1|Sigilyph, F
|poke|p2|Starmie
|poke|p2|Thundurus-Therian, M
|poke|p2|Terrakion
|poke|p2|Garchomp, M
|poke|p2|Jirachi
|poke|p2|Breloom, F
|rule|Sleep Clause Mod: Limit one foe put to sleep
|rule|Species Clause: Limit one of each Pokemon
|rule|OHKO Clause: OHKO moves are banned
|rule|Moody Clause: Moody is banned
|rule|Evasion Moves Clause: Evasion moves are banned
|rule|Endless Battle Clause: Forcing endless battles is banned.
|rule|HP Percentage Mod: HP is reported as percentages
|teampreview
|
|start
|switch|p1a: Infernape|Infernape, M|356/356
|switch|p2a: Breaker 2|Breloom, F|261/261
|turn|1
|
|switch|p2a: Utility|Starmie|261/261
|move|p1a: Infernape|Stealth Rock|p2a: Utility
|-sidestart|p2: kemonter|move: Stealth Rock
|
|turn|2
|
|switch|p1a: Abomasnow|Abomasnow, F|321/321
|-weather|Hail|[from] ability: Snow Warning|[of] p1a: Abomasnow
|move|p2a: Utility|Rapid Spin|p1a: Abomasnow
|-damage|p1a: Abomasnow|296/321
|-sideend|p2: kemonter|Stealth Rock|[from] move: Rapid Spin|[of] p2a: Utility
|-damage|p2a: Utility|235/261|[from] item: Life Orb
|
|-weather|Hail|[upkeep]
|-damage|p2a: Utility|219/261|[from] hail
|-heal|p1a: Abomasnow|316/321|[from] item: Leftovers
|turn|3
|join|Hot N Cold
|leave|Hot N Cold
|
|switch|p2a: Lead|Jirachi|343/343
|switch|p1a: Sigilyph|Sigilyph, F|348/348
|
|-weather|Hail|[upkeep]
|-damage|p2a: Lead|322/343|[from] hail
|-status|p1a: Sigilyph|brn|[from] item: Flame Orb
|turn|4
|
|move|p2a: Lead|Thunder|p1a: Sigilyph|[miss]
|-miss|p2a: Lead|p1a: Sigilyph
|move|p1a: Sigilyph|Psycho Shift|p2a: Lead
|-status|p2a: Lead|brn
|-curestatus|p1a: Sigilyph|brn
|
|-weather|Hail|[upkeep]
|-damage|p2a: Lead|301/343 brn|[from] hail
|-damage|p2a: Lead|259/343 brn|[from] brn
|-status|p1a: Sigilyph|brn|[from] item: Flame Orb
|turn|5
|
|switch|p1a: Infernape|Infernape, M|356/356
|move|p2a: Lead|Thunder|p1a: Infernape
|-damage|p1a: Infernape|243/356
|
|-weather|Hail|[upkeep]
|-damage|p2a: Lead|238/343 brn|[from] hail
|-damage|p1a: Infernape|221/356|[from] hail
|-damage|p2a: Lead|196/343 brn|[from] brn
|turn|6
|
|move|p2a: Lead|Stealth Rock|p1a: Infernape
|-sidestart|p1: Mariano Rapper|move: Stealth Rock
|move|p1a: Infernape|Stealth Rock|p2a: Lead
|-sidestart|p2: kemonter|move: Stealth Rock
|
|-weather|Hail|[upkeep]
|-damage|p2a: Lead|175/343 brn|[from] hail
|-damage|p1a: Infernape|199/356|[from] hail
|-damage|p2a: Lead|133/343 brn|[from] brn
|turn|7
|
|switch|p2a: Utility|Starmie|219/261
|-damage|p2a: Utility|187/261|[from] Stealth Rock
|switch|p1a: Jirachi|Jirachi|404/404
|-damage|p1a: Jirachi|379/404|[from] Stealth Rock
|
|-weather|Hail|[upkeep]
|-damage|p2a: Utility|171/261|[from] hail
|-damage|p1a: Jirachi|354/404|[from] hail
|-heal|p1a: Jirachi|379/404|[from] item: Leftovers
|turn|8
|
|move|p1a: Jirachi|Protect|p1a: Jirachi
|-singleturn|p1a: Jirachi|Protect
|move|p2a: Utility|Rapid Spin|p1a: Jirachi
|-activate|p1a: Jirachi|Protect
|
|-weather|Hail|[upkeep]
|-damage|p2a: Utility|155/261|[from] hail
|-damage|p1a: Jirachi|354/404|[from] hail
|-heal|p1a: Jirachi|379/404|[from] item: Leftovers
|turn|9
|
|move|p2a: Utility|Rapid Spin|p1a: Jirachi
|-resisted|p1a: Jirachi
|-damage|p1a: Jirachi|373/404
|-sideend|p2: kemonter|Stealth Rock|[from] move: Rapid Spin|[of] p2a: Utility
|-damage|p2a: Utility|129/261|[from] item: Life Orb
|move|p1a: Jirachi|Body Slam|p2a: Utility
|-damage|p2a: Utility|55/261
|-status|p2a: Utility|par
|
|-weather|Hail|[upkeep]
|-damage|p1a: Jirachi|348/404|[from] hail
|-damage|p2a: Utility|39/261 par|[from] hail
|-heal|p1a: Jirachi|373/404|[from] item: Leftovers
|turn|10
|
|move|p1a: Jirachi|Wish|p1a: Jirachi
|move|p2a: Utility|Hydro Pump|p1a: Jirachi
|-damage|p1a: Jirachi|146/404
|-damage|p2a: Utility|13/261 par|[from] item: Life Orb
|
|-weather|Hail|[upkeep]
|-damage|p1a: Jirachi|121/404|[from] hail
|-damage|p2a: Utility|0 fnt|[from] hail
|-heal|p1a: Jirachi|146/404|[from] item: Leftovers
|faint|p2a: Utility
|
|switch|p2a: Speed|Garchomp, M|360/360
|turn|11
|
|move|p2a: Speed|Substitute|p2a: Speed
|-start|p2a: Speed|Substitute
|-damage|p2a: Speed|270/360
|move|p1a: Jirachi|Body Slam|p2a: Speed
|-activate|p2a: Speed|Substitute|[damage]
|
|-weather|Hail|[upkeep]
|-damage|p2a: Speed|248/360|[from] hail
|-damage|p1a: Jirachi|121/404|[from] hail
|-heal|p1a: Jirachi|323/404|[from] move: Wish|[wisher] Jirachi
|-heal|p1a: Jirachi|348/404|[from] item: Leftovers
|turn|12
|
|move|p2a: Speed|Earthquake|p1a: Jirachi
|-supereffective|p1a: Jirachi
|-damage|p1a: Jirachi|6/404
|move|p1a: Jirachi|Iron Head|p2a: Speed
|-end|p2a: Speed|Substitute
|
|-weather|Hail|[upkeep]
|-damage|p2a: Speed|226/360|[from] hail
|-damage|p1a: Jirachi|0 fnt|[from] hail
|faint|p1a: Jirachi
|
|switch|p1a: Sigilyph|Sigilyph, F|348/348 brn
|turn|13
|
|move|p2a: Speed|Outrage|p1a: Sigilyph
|-damage|p1a: Sigilyph|180/348 brn
|move|p1a: Sigilyph|Ice Beam|p2a: Speed
|-supereffective|p2a: Speed
|-damage|p2a: Speed|0 fnt
|faint|p2a: Speed
|
|-weather|Hail|[upkeep]
|
|switch|p2a: Sweeper|Thundurus-Therian, M|331/331
|turn|14
|
|move|p2a: Sweeper|Thunderbolt|p1a: Sigilyph
|-supereffective|p1a: Sigilyph
|-damage|p1a: Sigilyph|0 fnt
|faint|p1a: Sigilyph
|
|-weather|Hail|[upkeep]
|-damage|p2a: Sweeper|311/331|[from] hail
|-heal|p2a: Sweeper|331/331|[from] item: Leftovers
|
|switch|p1a: Abomasnow|Abomasnow, F|316/321
|-damage|p1a: Abomasnow|236/321|[from] Stealth Rock
|turn|15
|
|switch|p2a: Breaker 1|Terrakion|322/322
|move|p1a: Abomasnow|Substitute|p1a: Abomasnow
|-start|p1a: Abomasnow|Substitute
|-damage|p1a: Abomasnow|156/321
|
|-weather|Hail|[upkeep]
|-damage|p2a: Breaker 1|302/322|[from] hail
|-heal|p1a: Abomasnow|176/321|[from] item: Leftovers
|turn|16
|
|-singleturn|p1a: Abomasnow|move: Focus Punch
|move|p2a: Breaker 1|Stone Edge|p1a: Abomasnow
|-supereffective|p1a: Abomasnow
|-end|p1a: Abomasnow|Substitute
|-damage|p2a: Breaker 1|270/322|[from] item: Life Orb
|move|p1a: Abomasnow|Focus Punch|p2a: Breaker 1
|-crit|p2a: Breaker 1
|-supereffective|p2a: Breaker 1
|-damage|p2a: Breaker 1|0 fnt
|faint|p2a: Breaker 1
|
|-weather|Hail|[upkeep]
|-heal|p1a: Abomasnow|196/321|[from] item: Leftovers
|
|switch|p2a: Breaker 2|Breloom, F|261/261
|turn|17
|
|switch|p1a: Infernape|Infernape, M|199/356
|-damage|p1a: Infernape|155/356|[from] Stealth Rock
|move|p2a: Breaker 2|Spore|p1a: Infernape
|-status|p1a: Infernape|slp
|
|-weather|Hail|[upkeep]
|-damage|p2a: Breaker 2|245/261|[from] hail
|-damage|p1a: Infernape|133/356 slp|[from] hail
|turn|18
|
|switch|p2a: Sweeper|Thundurus-Therian, M|331/331
|cant|p1a: Infernape|slp
|
|-weather|Hail|[upkeep]
|-damage|p2a: Sweeper|311/331|[from] hail
|-damage|p1a: Infernape|111/356 slp|[from] hail
|-heal|p2a: Sweeper|331/331|[from] item: Leftovers
|turn|19
|
|move|p2a: Sweeper|Agility|p2a: Sweeper
|-boost|p2a: Sweeper|spe|2
|-curestatus|p1a: Infernape|slp
|move|p1a: Infernape|Rock Slide|p2a: Sweeper
|-supereffective|p2a: Sweeper
|-damage|p2a: Sweeper|177/331
|
|-weather|Hail|[upkeep]
|-damage|p2a: Sweeper|157/331|[from] hail
|-damage|p1a: Infernape|89/356|[from] hail
|-heal|p2a: Sweeper|177/331|[from] item: Leftovers
|turn|20
|
|move|p2a: Sweeper|Thunderbolt|p1a: Infernape
|-damage|p1a: Infernape|0 fnt
|faint|p1a: Infernape
|
|-weather|Hail|[upkeep]
|-damage|p2a: Sweeper|157/331|[from] hail
|-heal|p2a: Sweeper|177/331|[from] item: Leftovers
|
|switch|p1a: Abomasnow|Abomasnow, F|196/321
|-damage|p1a: Abomasnow|116/321|[from] Stealth Rock
|turn|21
|
|move|p2a: Sweeper|Thunderbolt|p1a: Abomasnow
|-resisted|p1a: Abomasnow
|-damage|p1a: Abomasnow|8/321
|-status|p1a: Abomasnow|par
|move|p1a: Abomasnow|Blizzard|p2a: Sweeper
|-supereffective|p2a: Sweeper
|-damage|p2a: Sweeper|0 fnt
|faint|p2a: Sweeper
|
|-weather|Hail|[upkeep]
|-heal|p1a: Abomasnow|28/321 par|[from] item: Leftovers
|
|switch|p2a: Breaker 2|Breloom, F|245/261
|turn|22
|
|move|p2a: Breaker 2|Low Sweep|p1a: Abomasnow
|-supereffective|p1a: Abomasnow
|-damage|p1a: Abomasnow|0 fnt
|faint|p1a: Abomasnow
|
|-weather|Hail|[upkeep]
|-damage|p2a: Breaker 2|229/261|[from] hail
|
|switch|p1a: Starmie|Starmie|324/324
|-damage|p1a: Starmie|284/324|[from] Stealth Rock
|turn|23
|
|move|p1a: Starmie|Psyshock|p2a: Breaker 2
|-crit|p2a: Breaker 2
|-supereffective|p2a: Breaker 2
|-damage|p2a: Breaker 2|0 fnt
|faint|p2a: Breaker 2
|
|-weather|Hail|[upkeep]
|-damage|p1a: Starmie|264/324|[from] hail
|-heal|p1a: Starmie|284/324|[from] item: Leftovers
|
|switch|p2a: Lead|Jirachi|133/343 brn
|turn|24
|
|move|p1a: Starmie|Scald|p2a: Lead
|-damage|p2a: Lead|46/343 brn
|move|p2a: Lead|Thunder|p1a: Starmie
|-supereffective|p1a: Starmie
|-damage|p1a: Starmie|0 fnt
|faint|p1a: Starmie
|
|-weather|Hail|[upkeep]
|-damage|p2a: Lead|25/343 brn|[from] hail
|-damage|p2a: Lead|0 fnt|[from] brn
|faint|p2a: Lead
|
|win|Mariano Rapper
|raw|Ladder updating...
|raw|Mariano Rapper's rating: 1332 &rarr; <strong>1363</strong><br />(+31 for winning)
|raw|kemonter's rating: 1565 &rarr; <strong>1533</strong><br />(-32 for losing)
|leave|kemonter
|player|p2