|j|☆winter lanterns
|j|☆DRAGONKING JASON
|player|p1|winter lanterns|1|1336
|player|p2|DRAGONKING JASON|170|1337
|teamsize|p1|6
|teamsize|p2|6
|gametype|singles
|gen|5
|tier|[Gen 5] OU
|rated|
|clearpoke
|poke|p1|Skarmory, M|item
|poke|p1|Breloom, F|item
|poke|p1|Gengar, F|item
|poke|p1|Reuniclus, F|item
|poke|p1|Scizor, M|item
|poke|p1|Kingdra, M|item
|poke|p2|Politoed, M|item
|poke|p2|Garchomp, F|item
|poke|p2|Gyarados, M|item
|poke|p2|Latios, M|item
|poke|p2|Starmie|item
|poke|p2|Ferrothorn, F|item
|rule|Species Clause: Limit one of each Pokémon
|rule|OHKO Clause: OHKO moves are banned
|rule|Moody Clause: Moody is banned
|rule|Evasion Moves Clause: Evasion moves are banned
|rule|Endless Battle Clause: Forcing endless battles is banned
|rule|HP Percentage Mod: HP is shown in percentages
|rule|Evasion Abilities Clause: Evasion abilities are banned
|rule|Baton Pass Clause: Limit one Baton Passer, can't pass Spe and other stats simultaneously
|rule|Sleep Clause: Sleep-inducing moves are banned
|rule|Swagger Clause: Swagger is banned
|teampreview
|
|start
|switch|p1a: Skarmory|Skarmory, M|100/100
|switch|p2a: Gyarados|Gyarados, M|100/100
|-ability|p2a: Gyarados|Intimidate|boost
|-unboost|p1a: Skarmory|atk|1
|turn|1
|
|move|p1a: Skarmory|Taunt|p2a: Gyarados
|-start|p2a: Gyarados|move: Taunt
|move|p2a: Gyarados|Waterfall|p1a: Skarmory
|-damage|p1a: Skarmory|58/100
|
|upkeep
|turn|2
|
|switch|p2a: Politoed|Politoed, M|100/100
|-weather|RainDance|[from] ability: Drizzle|[of] p2a: Politoed
|move|p1a: Skarmory|Stealth Rock|p2a: Politoed
|-sidestart|p2: DRAGONKING JASON|move: Stealth Rock
|
|-weather|RainDance|[upkeep]
|upkeep
|turn|3
|
|move|p2a: Politoed|Hydro Pump|p1a: Skarmory
|-damage|p1a: Skarmory|0 fnt
|faint|p1a: Skarmory
|
|-weather|RainDance|[upkeep]
|upkeep
|
|switch|p1a: Breloom|Breloom, F|100/100
|turn|4
|
|move|p2a: Politoed|Hydro Pump|p1a: Breloom
|-resisted|p1a: Breloom
|-damage|p1a: Breloom|28/100
|move|p1a: Breloom|Bullet Seed|p2a: Politoed
|-supereffective|p2a: Politoed
|-damage|p2a: Politoed|30/100
|-supereffective|p2a: Politoed
|-damage|p2a: Politoed|0 fnt
|-hitcount|p2a: Politoed|2
|-damage|p1a: Breloom|18/100|[from] item: Life Orb
|faint|p2a: Politoed
|
|-weather|RainDance|[upkeep]
|upkeep
|
|switch|p2a: Garchomp|Garchomp, F|100/100
|-damage|p2a: Garchomp|94/100|[from] Stealth Rock
|turn|5
|
|move|p1a: Breloom|Mach Punch|p2a: Garchomp
|-damage|p2a: Garchomp|52/100
|-damage|p1a: Breloom|6/100|[from] ability: Rough Skin|[of] p2a: Garchomp
|-damage|p1a: Breloom|0 fnt|[from] item: Life Orb
|faint|p1a: Breloom
|move|p2a: Garchomp|Earthquake|p1: Breloom|[notarget]
|-fail|p2a: Garchomp
|
|-weather|RainDance|[upkeep]
|upkeep
|
|switch|p1a: Gengar|Gengar, F|100/100
|turn|6
|
|switch|p2a: Ferrothorn|Ferrothorn, F|100/100
|-damage|p2a: Ferrothorn|94/100|[from] Stealth Rock
|move|p1a: Gengar|Shadow Ball|p2a: Ferrothorn
|-resisted|p2a: Ferrothorn
|-damage|p2a: Ferrothorn|75/100
|-damage|p1a: Gengar|91/100|[from] item: Life Orb
|
|-weather|RainDance|[upkeep]
|-heal|p2a: Ferrothorn|82/100|[from] item: Leftovers
|upkeep
|turn|7
|
|move|p1a: Gengar|Shadow Ball|p2a: Ferrothorn
|-resisted|p2a: Ferrothorn
|-damage|p2a: Ferrothorn|64/100
|-unboost|p2a: Ferrothorn|spd|1
|-damage|p1a: Gengar|81/100|[from] item: Life Orb
|move|p2a: Ferrothorn|Stealth Rock|p1a: Gengar
|-sidestart|p1: winter lanterns|move: Stealth Rock
|
|-weather|RainDance|[upkeep]
|-heal|p2a: Ferrothorn|71/100|[from] item: Leftovers
|upkeep
|turn|8
|
|move|p1a: Gengar|Focus Blast|p2a: Ferrothorn
|-supereffective|p2a: Ferrothorn
|-damage|p2a: Ferrothorn|0 fnt
|-damage|p1a: Gengar|71/100|[from] item: Life Orb
|faint|p2a: Ferrothorn
|
|-weather|RainDance|[upkeep]
|upkeep
|
|switch|p2a: Starmie|Starmie|100/100
|-damage|p2a: Starmie|88/100|[from] Stealth Rock
|turn|9
|
|move|p2a: Starmie|Psyshock|p1a: Gengar
|-supereffective|p1a: Gengar
|-damage|p1a: Gengar|0 fnt
|-damage|p2a: Starmie|78/100|[from] item: Life Orb
|faint|p1a: Gengar
|
|-weather|RainDance|[upkeep]
|upkeep
|
|switch|p1a: Kingdra|Kingdra, M|100/100
|-damage|p1a: Kingdra|88/100|[from] Stealth Rock
|turn|10
|
|switch|p2a: Garchomp|Garchomp, F|52/100
|-damage|p2a: Garchomp|46/100|[from] Stealth Rock
|move|p1a: Kingdra|Draco Meteor|p2a: Garchomp
|-supereffective|p2a: Garchomp
|-damage|p2a: Garchomp|0 fnt
|-unboost|p1a: Kingdra|spa|2
|-damage|p1a: Kingdra|78/100|[from] item: Life Orb
|faint|p2a: Garchomp
|
|-weather|RainDance|[upkeep]
|upkeep
|
|switch|p2a: Gyarados|Gyarados, M|100/100
|-damage|p2a: Gyarados|76/100|[from] Stealth Rock
|-ability|p2a: Gyarados|Intimidate|boost
|-unboost|p1a: Kingdra|atk|1
|turn|11
|
|switch|p1a: Reuniclus|Reuniclus, F|100/100
|move|p2a: Gyarados|Dragon Dance|p2a: Gyarados
|-boost|p2a: Gyarados|atk|1
|-boost|p2a: Gyarados|spe|1
|
|-weather|RainDance|[upkeep]
|-heal|p2a: Gyarados|82/100|[from] item: Leftovers
|upkeep
|turn|12
|
|move|p2a: Gyarados|Waterfall|p1a: Reuniclus
|-damage|p1a: Reuniclus|0 fnt
|faint|p1a: Reuniclus
|
|-weather|RainDance|[upkeep]
|-heal|p2a: Gyarados|88/100|[from] item: Leftovers
|upkeep
|
|switch|p1a: Kingdra|Kingdra, M|78/100
|-damage|p1a: Kingdra|66/100|[from] Stealth Rock
|turn|13
|
|switch|p2a: Latios|Latios, M|100/100
|-damage|p2a: Latios|88/100|[from] Stealth Rock
|move|p1a: Kingdra|Draco Meteor|p2a: Latios
|-supereffective|p2a: Latios
|-damage|p2a: Latios|0 fnt
|-unboost|p1a: Kingdra|spa|2
|-damage|p1a: Kingdra|56/100|[from] item: Life Orb
|faint|p2a: Latios
|
|-weather|RainDance|[upkeep]
|upkeep
|
|switch|p2a: Starmie|Starmie|78/100
|-damage|p2a: Starmie|66/100|[from] Stealth Rock
|turn|14
|
|switch|p1a: Scizor|Scizor, M|100/100
|-damage|p1a: Scizor|88/100|[from] Stealth Rock
|move|p2a: Starmie|Hydro Pump|p1a: Scizor
|-damage|p1a: Scizor|0 fnt
|-damage|p2a: Starmie|56/100|[from] item: Life Orb
|faint|p1a: Scizor
|
|-weather|RainDance|[upkeep]
|upkeep
|
|switch|p1a: Kingdra|Kingdra, M|56/100
|-damage|p1a: Kingdra|43/100|[from] Stealth Rock
|turn|15
|
|move|p1a: Kingdra|Hydro Pump|p2a: Starmie|[miss]
|-miss|p1a: Kingdra|p2a: Starmie
|move|p2a: Starmie|Thunder|p1a: Kingdra
|-damage|p1a: Kingdra|0 fnt
|-damage|p2a: Starmie|46/100|[from] item: Life Orb
|faint|p1a: Kingdra
|
|win|DRAGONKING JASON
|l|☆winter lanterns
|raw|winter lanterns's rating: 1336 &rarr; <strong>1316</strong><br />(-20 for losing)
|raw|DRAGONKING JASON's rating: 1337 &rarr; <strong>1357</strong><br />(+20 for winning)
