|j|☆big ups pal
|j|☆IUPLC
|t:|1706223810
|gametype|singles
|player|p1|big ups pal|miku-ground|1394
|player|p2|IUPLC|iris-gen5bw2|1566
|teamsize|p1|6
|teamsize|p2|6
|gen|5
|tier|[Gen 5] OU
|rated|
|rule|Species Clause: Limit one of each Pokémon
|rule|OHKO Clause: OHKO moves are banned
|rule|Moody Clause: Moody is banned
|rule|Evasion Items Clause: Evasion items are banned
|rule|Evasion Moves Clause: Evasion moves are banned
|rule|Endless Battle Clause: Forcing endless battles is banned
|rule|HP Percentage Mod: HP is shown in percentages
|rule|Evasion Abilities Clause: Evasion abilities are banned
|rule|Sleep Moves Clause: Sleep-inducing moves are banned
|rule|Swagger Clause: Swagger is banned
|rule|Baton Pass Stat Clause: No Baton Passer may have a way to boost its stats
|clearpoke
|poke|p1|Politoed, F|item
|poke|p1|Breloom, F|item
|poke|p1|Latios, M|item
|poke|p1|Tentacruel, M|item
|poke|p1|Mamoswine, F|item
|poke|p1|Bronzong|item
|poke|p2|Tyranitar, F|item
|poke|p2|Garchomp, F|item
|poke|p2|Gliscor, F|item
|poke|p2|Excadrill, F|item
|poke|p2|Celebi|item
|poke|p2|Slowbro, F|item
|teampreview
|inactive|Battle timer is ON: inactive players will automatically lose when time's up. (requested by IUPLC)
|inactive|big ups pal has 120 seconds left.
|
|t:|1706223846
|start
|switch|p1a: Breloom|Breloom, F, shiny|100/100
|switch|p2a: Gliscor|Gliscor, F|100/100
|turn|1
|
|t:|1706223849
|move|p2a: Gliscor|Knock Off|p1a: Breloom
|-resisted|p1a: Breloom
|-damage|p1a: Breloom|98/100
|-enditem|p1a: Breloom|Toxic Orb|[from] move: Knock Off|[of] p2a: Gliscor
|move|p1a: Breloom|Swords Dance|p1a: Breloom
|-boost|p1a: Breloom|atk|2
|
|-status|p2a: Gliscor|tox|[from] item: Toxic Orb
|upkeep
|turn|2
|
|t:|1706223862
|switch|p2a: Celebi|Celebi|100/100
|move|p1a: Breloom|Swords Dance|p1a: Breloom
|-boost|p1a: Breloom|atk|2
|
|upkeep
|turn|3
|
|t:|1706223874
|switch|p2a: Garchomp|Garchomp, F|100/100
|move|p1a: Breloom|Drain Punch|p2a: Garchomp
|-damage|p2a: Garchomp|0 fnt
|-heal|p1a: Breloom|100/100|[from] drain|[of] p2a: Garchomp
|-damage|p1a: Breloom|88/100|[from] ability: Rough Skin|[of] p2a: Garchomp
|faint|p2a: Garchomp
|
|upkeep
|
|t:|1706223878
|switch|p2a: Tyranitar|Tyranitar, F|100/100
|-weather|Sandstorm|[from] ability: Sand Stream|[of] p2a: Tyranitar
|turn|4
|
|t:|1706223880
|move|p2a: Tyranitar|Ice Punch|p1a: Breloom
|-supereffective|p1a: Breloom
|-damage|p1a: Breloom|20/100
|move|p1a: Breloom|Drain Punch|p2a: Tyranitar
|-supereffective|p2a: Tyranitar
|-damage|p2a: Tyranitar|0 fnt
|-heal|p1a: Breloom|73/100|[from] drain|[of] p2a: Tyranitar
|faint|p2a: Tyranitar
|
|-weather|Sandstorm|[upkeep]
|-damage|p1a: Breloom|67/100|[from] Sandstorm
|upkeep
|
|t:|1706223883
|switch|p2a: Excadrill|Excadrill, F|100/100
|turn|5
|
|t:|1706223884
|move|p2a: Excadrill|Iron Head|p1a: Breloom
|-damage|p1a: Breloom|2/100
|cant|p1a: Breloom|flinch
|
|-weather|Sandstorm|[upkeep]
|-damage|p1a: Breloom|0 fnt|[from] Sandstorm
|faint|p1a: Breloom
|upkeep
|
|t:|1706223892
|switch|p1a: Politoed|Politoed, F|100/100
|-weather|RainDance|[from] ability: Drizzle|[of] p1a: Politoed
|turn|6
|
|t:|1706223900
|switch|p2a: Celebi|Celebi|100/100
|switch|p1a: Mamoswine|Mamoswine, F|100/100
|
|-weather|RainDance|[upkeep]
|upkeep
|turn|7
|
|t:|1706223906
|switch|p2a: Slowbro|Slowbro, F|100/100
|move|p1a: Mamoswine|Stealth Rock|p2a: Slowbro
|-sidestart|p2: IUPLC|move: Stealth Rock
|
|-weather|RainDance|[upkeep]
|upkeep
|turn|8
|
|t:|1706223911
|switch|p1a: Politoed|Politoed, F|100/100
|move|p2a: Slowbro|Scald|p1a: Politoed
|-resisted|p1a: Politoed
|-damage|p1a: Politoed|81/100
|-status|p1a: Politoed|brn
|
|-weather|RainDance|[upkeep]
|-heal|p1a: Politoed|88/100 brn|[from] item: Leftovers
|-damage|p1a: Politoed|75/100 brn|[from] brn
|upkeep
|turn|9
|
|t:|1706223913
|switch|p2a: Celebi|Celebi|100/100
|-damage|p2a: Celebi|88/100|[from] Stealth Rock
|move|p1a: Politoed|Refresh|p1a: Politoed
|-curestatus|p1a: Politoed|brn|[msg]
|
|-weather|RainDance|[upkeep]
|-heal|p2a: Celebi|94/100|[from] item: Leftovers
|-heal|p1a: Politoed|81/100|[from] item: Leftovers
|upkeep
|turn|10
|
|t:|1706223916
|move|p1a: Politoed|Protect|p1a: Politoed
|-singleturn|p1a: Politoed|Protect
|move|p2a: Celebi|Leaf Storm|p1a: Politoed
|-activate|p1a: Politoed|move: Protect
|
|-weather|RainDance|[upkeep]
|-heal|p2a: Celebi|100/100|[from] item: Leftovers
|-heal|p1a: Politoed|88/100|[from] item: Leftovers
|upkeep
|turn|11
|
|t:|1706223919
|switch|p1a: Bronzong|Bronzong|100/100
|move|p2a: Celebi|Thunder Wave|p1a: Bronzong
|-status|p1a: Bronzong|par
|
|-weather|RainDance|[upkeep]
|upkeep
|turn|12
|
|t:|1706223935
|switch|p2a: Gliscor|Gliscor, F|100/100 tox
|-damage|p2a: Gliscor|88/100 tox|[from] Stealth Rock
|switch|p1a: Tentacruel|Tentacruel, M|100/100
|
|-weather|RainDance|[upkeep]
|-heal|p2a: Gliscor|100/100 tox|[from] ability: Poison Heal
|upkeep
|turn|13
|
|t:|1706223941
|move|p1a: Tentacruel|Scald|p2a: Gliscor
|-supereffective|p2a: Gliscor
|-damage|p2a: Gliscor|39/100 tox
|move|p2a: Gliscor|Earthquake|p1a: Tentacruel
|-supereffective|p1a: Tentacruel
|-damage|p1a: Tentacruel|26/100
|
|-weather|RainDance|[upkeep]
|-heal|p1a: Tentacruel|32/100|[from] ability: Rain Dish
|-heal|p1a: Tentacruel|38/100|[from] item: Black Sludge
|-heal|p2a: Gliscor|52/100 tox|[from] ability: Poison Heal
|upkeep
|turn|14
|
|t:|1706223952
|switch|p1a: Politoed|Politoed, F|88/100
|move|p2a: Gliscor|Protect||[still]
|-fail|p2a: Gliscor
|
|-weather|RainDance|[upkeep]
|-heal|p1a: Politoed|94/100|[from] item: Leftovers
|-heal|p2a: Gliscor|64/100 tox|[from] ability: Poison Heal
|upkeep
|turn|15
|
|t:|1706223959
|move|p2a: Gliscor|Protect|p2a: Gliscor
|-singleturn|p2a: Gliscor|Protect
|move|p1a: Politoed|Scald|p2a: Gliscor
|-activate|p2a: Gliscor|move: Protect
|
|-weather|RainDance|[upkeep]
|-heal|p1a: Politoed|99/100|[from] item: Leftovers
|-heal|p2a: Gliscor|77/100 tox|[from] ability: Poison Heal
|upkeep
|turn|16
|
|t:|1706223963
|switch|p2a: Celebi|Celebi|100/100
|-damage|p2a: Celebi|88/100|[from] Stealth Rock
|switch|p1a: Mamoswine|Mamoswine, F|100/100
|
|-weather|RainDance|[upkeep]
|-heal|p2a: Celebi|94/100|[from] item: Leftovers
|upkeep
|turn|17
|
|t:|1706223974
|switch|p2a: Slowbro|Slowbro, F|100/100
|-damage|p2a: Slowbro|88/100|[from] Stealth Rock
|move|p1a: Mamoswine|Icicle Crash|p2a: Slowbro
|-resisted|p2a: Slowbro
|-damage|p2a: Slowbro|74/100
|
|-weather|RainDance|[upkeep]
|upkeep
|turn|18
|
|t:|1706223981
|switch|p1a: Bronzong|Bronzong|100/100 par
|move|p2a: Slowbro|Scald|p1a: Bronzong
|-damage|p1a: Bronzong|72/100 par
|
|-weather|RainDance|[upkeep]
|-heal|p1a: Bronzong|78/100 par|[from] item: Leftovers
|upkeep
|turn|19
|
|t:|1706223998
|switch|p2a: Gliscor|Gliscor, F|77/100 tox
|-damage|p2a: Gliscor|64/100 tox|[from] Stealth Rock
|switch|p1a: Politoed|Politoed, F|99/100
|
|-weather|RainDance|[upkeep]
|-heal|p1a: Politoed|100/100|[from] item: Leftovers
|-heal|p2a: Gliscor|77/100 tox|[from] ability: Poison Heal
|upkeep
|turn|20
|
|t:|1706224003
|move|p2a: Gliscor|Protect|p2a: Gliscor
|-singleturn|p2a: Gliscor|Protect
|move|p1a: Politoed|Encore|p2a: Gliscor
|-activate|p2a: Gliscor|move: Protect
|
|-weather|RainDance|[upkeep]
|-heal|p2a: Gliscor|89/100 tox|[from] ability: Poison Heal
|upkeep
|turn|21
|
|t:|1706224007
|move|p2a: Gliscor|Knock Off|p1a: Politoed
|-damage|p1a: Politoed|97/100
|-enditem|p1a: Politoed|Leftovers|[from] move: Knock Off|[of] p2a: Gliscor
|move|p1a: Politoed|Scald|p2a: Gliscor
|-supereffective|p2a: Gliscor
|-damage|p2a: Gliscor|28/100 tox
|
|-weather|RainDance|[upkeep]
|-heal|p2a: Gliscor|40/100 tox|[from] ability: Poison Heal
|upkeep
|turn|22
|
|t:|1706224013
|move|p2a: Gliscor|Protect|p2a: Gliscor
|-singleturn|p2a: Gliscor|Protect
|move|p1a: Politoed|Scald|p2a: Gliscor
|-activate|p2a: Gliscor|move: Protect
|
|-weather|RainDance|[upkeep]
|-heal|p2a: Gliscor|53/100 tox|[from] ability: Poison Heal
|upkeep
|turn|23
|
|t:|1706224018
|switch|p2a: Celebi|Celebi|94/100
|-damage|p2a: Celebi|82/100|[from] Stealth Rock
|move|p1a: Politoed|Scald|p2a: Celebi
|-resisted|p2a: Celebi
|-damage|p2a: Celebi|70/100
|-status|p2a: Celebi|brn
|
|-weather|RainDance|[upkeep]
|-heal|p2a: Celebi|76/100 brn|[from] item: Leftovers
|-damage|p2a: Celebi|64/100 brn|[from] brn
|upkeep
|turn|24
|
|t:|1706224023
|move|p1a: Politoed|Protect|p1a: Politoed
|-singleturn|p1a: Politoed|Protect
|move|p2a: Celebi|Leaf Storm|p1a: Politoed
|-activate|p1a: Politoed|move: Protect
|
|-weather|RainDance|[upkeep]
|-heal|p2a: Celebi|70/100 brn|[from] item: Leftovers
|-damage|p2a: Celebi|57/100 brn|[from] brn
|upkeep
|turn|25
|inactive|big ups pal has 120 seconds left.
|
|t:|1706224053
|switch|p1a: Latios|Latios, M|100/100
|move|p2a: Celebi|Recover|p2a: Celebi
|-heal|p2a: Celebi|100/100 brn
|
|-weather|RainDance|[upkeep]
|-damage|p2a: Celebi|88/100 brn|[from] brn
|upkeep
|turn|26
|inactive|big ups pal has 120 seconds left.
|
|t:|1706224066
|switch|p1a: Mamoswine|Mamoswine, F|100/100
|-curestatus|p2a: Celebi|brn|[from] ability: Natural Cure
|switch|p2a: Excadrill|Excadrill, F|100/100
|-damage|p2a: Excadrill|97/100|[from] Stealth Rock
|
|-weather|RainDance|[upkeep]
|-heal|p2a: Excadrill|100/100|[from] item: Leftovers
|upkeep
|turn|27
|
|t:|1706224074
|switch|p2a: Slowbro|Slowbro, F|100/100
|-damage|p2a: Slowbro|88/100|[from] Stealth Rock
|switch|p1a: Bronzong|Bronzong|78/100 par
|
|-weather|RainDance|[upkeep]
|-heal|p1a: Bronzong|85/100 par|[from] item: Leftovers
|upkeep
|turn|28
|inactive|big ups pal has 120 seconds left.
|
|t:|1706224092
|switch|p2a: Gliscor|Gliscor, F|53/100 tox
|-damage|p2a: Gliscor|40/100 tox|[from] Stealth Rock
|switch|p1a: Politoed|Politoed, F|97/100
|
|-weather|RainDance|[upkeep]
|-heal|p2a: Gliscor|53/100 tox|[from] ability: Poison Heal
|upkeep
|turn|29
|
|t:|1706224099
|move|p2a: Gliscor|Protect|p2a: Gliscor
|-singleturn|p2a: Gliscor|Protect
|move|p1a: Politoed|Scald|p2a: Gliscor
|-activate|p2a: Gliscor|move: Protect
|
|-weather|RainDance|[upkeep]
|-heal|p2a: Gliscor|65/100 tox|[from] ability: Poison Heal
|upkeep
|turn|30
|
|t:|1706224103
|switch|p2a: Celebi|Celebi|88/100
|-damage|p2a: Celebi|76/100|[from] Stealth Rock
|move|p1a: Politoed|Scald|p2a: Celebi
|-resisted|p2a: Celebi
|-damage|p2a: Celebi|65/100
|
|-weather|RainDance|[upkeep]
|-heal|p2a: Celebi|71/100|[from] item: Leftovers
|upkeep
|turn|31
|
|t:|1706224105
|move|p1a: Politoed|Protect|p1a: Politoed
|-singleturn|p1a: Politoed|Protect
|move|p2a: Celebi|Hidden Power|p1a: Politoed
|-activate|p1a: Politoed|move: Protect
|
|-weather|RainDance|[upkeep]
|-heal|p2a: Celebi|77/100|[from] item: Leftovers
|upkeep
|turn|32
|j| CasinoTime
|
|t:|1706224114
|switch|p1a: Bronzong|Bronzong|85/100 par
|move|p2a: Celebi|Thunder Wave|p1a: Bronzong
|-fail|p1a: Bronzong|par
|
|-weather|RainDance|[upkeep]
|-heal|p2a: Celebi|83/100|[from] item: Leftovers
|-heal|p1a: Bronzong|91/100 par|[from] item: Leftovers
|upkeep
|turn|33
|
|t:|1706224132
|switch|p2a: Gliscor|Gliscor, F|65/100 tox
|-damage|p2a: Gliscor|53/100 tox|[from] Stealth Rock
|move|p1a: Bronzong|Earthquake|p2a: Gliscor
|-immune|p2a: Gliscor
|
|-weather|RainDance|[upkeep]
|-heal|p1a: Bronzong|97/100 par|[from] item: Leftovers
|-heal|p2a: Gliscor|65/100 tox|[from] ability: Poison Heal
|upkeep
|turn|34
|
|t:|1706224139
|move|p1a: Bronzong|Protect|p1a: Bronzong
|-singleturn|p1a: Bronzong|Protect
|move|p2a: Gliscor|Knock Off|p1a: Bronzong
|-activate|p1a: Bronzong|move: Protect
|
|-weather|RainDance|[upkeep]
|-heal|p1a: Bronzong|100/100 par|[from] item: Leftovers
|-heal|p2a: Gliscor|78/100 tox|[from] ability: Poison Heal
|upkeep
|turn|35
|
|t:|1706224152
|switch|p1a: Politoed|Politoed, F|97/100
|move|p2a: Gliscor|Earthquake|p1a: Politoed
|-damage|p1a: Politoed|73/100
|
|-weather|RainDance|[upkeep]
|-heal|p2a: Gliscor|90/100 tox|[from] ability: Poison Heal
|upkeep
|turn|36
|
|t:|1706224165
|switch|p1a: Mamoswine|Mamoswine, F|100/100
|move|p2a: Gliscor|Protect||[still]
|-fail|p2a: Gliscor
|
|-weather|RainDance|[upkeep]
|-heal|p2a: Gliscor|100/100 tox|[from] ability: Poison Heal
|upkeep
|turn|37
|
|t:|1706224171
|switch|p1a: Tentacruel|Tentacruel, M|38/100
|switch|p2a: Slowbro|Slowbro, F|100/100
|-damage|p2a: Slowbro|88/100|[from] Stealth Rock
|
|-weather|RainDance|[upkeep]
|-heal|p1a: Tentacruel|44/100|[from] ability: Rain Dish
|-heal|p1a: Tentacruel|50/100|[from] item: Black Sludge
|upkeep
|turn|38
|l| CasinoTime
|
|t:|1706224196
|switch|p2a: Celebi|Celebi|83/100
|-damage|p2a: Celebi|71/100|[from] Stealth Rock
|move|p1a: Tentacruel|Protect||[still]
|-fail|p1a: Tentacruel
|
|-weather|RainDance|[upkeep]
|-heal|p1a: Tentacruel|56/100|[from] ability: Rain Dish
|-heal|p1a: Tentacruel|62/100|[from] item: Black Sludge
|-heal|p2a: Celebi|77/100|[from] item: Leftovers
|upkeep
|turn|39
|
|t:|1706224200
|move|p1a: Tentacruel|Protect|p1a: Tentacruel
|-singleturn|p1a: Tentacruel|Protect
|move|p2a: Celebi|Thunder Wave|p1a: Tentacruel
|-activate|p1a: Tentacruel|move: Protect
|
|-weather|RainDance|[upkeep]
|-heal|p1a: Tentacruel|68/100|[from] ability: Rain Dish
|-heal|p1a: Tentacruel|74/100|[from] item: Black Sludge
|-heal|p2a: Celebi|83/100|[from] item: Leftovers
|upkeep
|turn|40
|
|t:|1706224207
|switch|p1a: Bronzong|Bronzong|100/100 par
|switch|p2a: Gliscor|Gliscor, F|100/100 tox
|-damage|p2a: Gliscor|88/100 tox|[from] Stealth Rock
|
|-weather|RainDance|[upkeep]
|-heal|p2a: Gliscor|100/100 tox|[from] ability: Poison Heal
|upkeep
|turn|41
|
|t:|1706224218
|switch|p1a: Mamoswine|Mamoswine, F|100/100
|move|p2a: Gliscor|Taunt|p1a: Mamoswine
|-start|p1a: Mamoswine|move: Taunt
|
|-weather|RainDance|[upkeep]
|upkeep
|turn|42
|
|t:|1706224225
|switch|p2a: Slowbro|Slowbro, F|100/100
|-damage|p2a: Slowbro|88/100|[from] Stealth Rock
|move|p1a: Mamoswine|Icicle Crash|p2a: Slowbro|[miss]
|-miss|p1a: Mamoswine|p2a: Slowbro
|
|-weather|RainDance|[upkeep]
|upkeep
|turn|43
|
|t:|1706224234
|switch|p1a: Tentacruel|Tentacruel, M|74/100
|move|p2a: Slowbro|Scald|p1a: Tentacruel
|-resisted|p1a: Tentacruel
|-damage|p1a: Tentacruel|58/100
|
|-weather|RainDance|[upkeep]
|-heal|p1a: Tentacruel|64/100|[from] ability: Rain Dish
|-heal|p1a: Tentacruel|70/100|[from] item: Black Sludge
|upkeep
|turn|44
|
|t:|1706224237
|switch|p2a: Celebi|Celebi|83/100
|-damage|p2a: Celebi|71/100|[from] Stealth Rock
|move|p1a: Tentacruel|Toxic|p2a: Celebi
|-status|p2a: Celebi|tox
|
|-weather|RainDance|[upkeep]
|-heal|p1a: Tentacruel|76/100|[from] ability: Rain Dish
|-heal|p1a: Tentacruel|82/100|[from] item: Black Sludge
|-heal|p2a: Celebi|77/100 tox|[from] item: Leftovers
|-damage|p2a: Celebi|71/100 tox|[from] psn
|upkeep
|turn|45
|
|t:|1706224243
|move|p1a: Tentacruel|Scald|p2a: Celebi
|-resisted|p2a: Celebi
|-crit|p2a: Celebi
|-damage|p2a: Celebi|47/100 tox
|move|p2a: Celebi|Recover|p2a: Celebi
|-heal|p2a: Celebi|98/100 tox
|
|-weather|RainDance|[upkeep]
|-heal|p1a: Tentacruel|88/100|[from] ability: Rain Dish
|-heal|p1a: Tentacruel|94/100|[from] item: Black Sludge
|-heal|p2a: Celebi|100/100 tox|[from] item: Leftovers
|-damage|p2a: Celebi|88/100 tox|[from] psn
|upkeep
|turn|46
|
|t:|1706224248
|move|p1a: Tentacruel|Protect|p1a: Tentacruel
|-singleturn|p1a: Tentacruel|Protect
|move|p2a: Celebi|Thunder Wave|p1a: Tentacruel
|-activate|p1a: Tentacruel|move: Protect
|
|-weather|RainDance|[upkeep]
|-heal|p1a: Tentacruel|100/100|[from] ability: Rain Dish
|-heal|p2a: Celebi|94/100 tox|[from] item: Leftovers
|-damage|p2a: Celebi|76/100 tox|[from] psn
|upkeep
|turn|47
|
|t:|1706224270
|switch|p1a: Bronzong|Bronzong|100/100 par
|move|p2a: Celebi|Thunder Wave|p1a: Bronzong
|-fail|p1a: Bronzong|par
|
|-weather|RainDance|[upkeep]
|-heal|p2a: Celebi|82/100 tox|[from] item: Leftovers
|-damage|p2a: Celebi|57/100 tox|[from] psn
|upkeep
|turn|48
|inactive|big ups pal has 120 seconds left.
|
|t:|1706224293
|-curestatus|p2a: Celebi|tox|[from] ability: Natural Cure
|switch|p2a: Gliscor|Gliscor, F|100/100 tox
|-damage|p2a: Gliscor|88/100 tox|[from] Stealth Rock
|switch|p1a: Politoed|Politoed, F|73/100
|
|-weather|RainDance|[upkeep]
|-heal|p2a: Gliscor|100/100 tox|[from] ability: Poison Heal
|upkeep
|turn|49
|
|t:|1706224300
|switch|p2a: Celebi|Celebi|57/100
|-damage|p2a: Celebi|45/100|[from] Stealth Rock
|move|p1a: Politoed|Scald|p2a: Celebi
|-resisted|p2a: Celebi
|-damage|p2a: Celebi|32/100
|
|-weather|RainDance|[upkeep]
|-heal|p2a: Celebi|38/100|[from] item: Leftovers
|upkeep
|turn|50
|
|t:|1706224304
|switch|p1a: Mamoswine|Mamoswine, F|100/100
|move|p2a: Celebi|Recover|p2a: Celebi
|-heal|p2a: Celebi|88/100
|
|-weather|RainDance|[upkeep]
|-heal|p2a: Celebi|95/100|[from] item: Leftovers
|upkeep
|turn|51
|
|t:|1706224308
|switch|p1a: Tentacruel|Tentacruel, M|100/100
|switch|p2a: Slowbro|Slowbro, F|100/100
|-damage|p2a: Slowbro|88/100|[from] Stealth Rock
|
|-weather|RainDance|[upkeep]
|upkeep
|turn|52
|
|t:|1706224312
|switch|p2a: Celebi|Celebi|95/100
|-damage|p2a: Celebi|82/100|[from] Stealth Rock
|move|p1a: Tentacruel|Toxic|p2a: Celebi
|-status|p2a: Celebi|tox
|
|-weather|RainDance|[upkeep]
|-heal|p2a: Celebi|88/100 tox|[from] item: Leftovers
|-damage|p2a: Celebi|82/100 tox|[from] psn
|upkeep
|turn|53
|
|t:|1706224315
|move|p1a: Tentacruel|Protect|p1a: Tentacruel
|-singleturn|p1a: Tentacruel|Protect
|move|p2a: Celebi|Thunder Wave|p1a: Tentacruel
|-activate|p1a: Tentacruel|move: Protect
|
|-weather|RainDance|[upkeep]
|-heal|p2a: Celebi|88/100 tox|[from] item: Leftovers
|-damage|p2a: Celebi|76/100 tox|[from] psn
|upkeep
|turn|54
|
|t:|1706224320
|switch|p1a: Bronzong|Bronzong|100/100 par
|move|p2a: Celebi|Hidden Power|p1a: Bronzong
|-supereffective|p1a: Bronzong
|-damage|p1a: Bronzong|89/100 par
|
|-weather|RainDance|[upkeep]
|-heal|p2a: Celebi|82/100 tox|[from] item: Leftovers
|-heal|p1a: Bronzong|95/100 par|[from] item: Leftovers
|-damage|p2a: Celebi|64/100 tox|[from] psn
|upkeep
|turn|55
|
|t:|1706224329
|-curestatus|p2a: Celebi|tox|[from] ability: Natural Cure
|switch|p2a: Gliscor|Gliscor, F|100/100 tox
|-damage|p2a: Gliscor|88/100 tox|[from] Stealth Rock
|move|p1a: Bronzong|Gravity|p1a: Bronzong
|-fieldstart|move: Gravity
|
|-weather|RainDance|[upkeep]
|-heal|p1a: Bronzong|100/100 par|[from] item: Leftovers
|-heal|p2a: Gliscor|100/100 tox|[from] ability: Poison Heal
|upkeep
|turn|56
|
|t:|1706224339
|switch|p1a: Politoed|Politoed, F|73/100
|move|p2a: Gliscor|Earthquake|p1a: Politoed
|-damage|p1a: Politoed|48/100
|
|-weather|RainDance|[upkeep]
|upkeep
|turn|57
|
|t:|1706224347
|switch|p2a: Celebi|Celebi|64/100
|-damage|p2a: Celebi|51/100|[from] Stealth Rock
|move|p1a: Politoed|Scald|p2a: Celebi
|-resisted|p2a: Celebi
|-damage|p2a: Celebi|39/100
|
|-weather|RainDance|[upkeep]
|-heal|p2a: Celebi|45/100|[from] item: Leftovers
|upkeep
|turn|58
|
|t:|1706224352
|move|p2a: Celebi|Recover|p2a: Celebi
|-heal|p2a: Celebi|95/100
|move|p1a: Politoed|Encore|p2a: Celebi
|-start|p2a: Celebi|Encore
|
|-weather|RainDance|[upkeep]
|-heal|p2a: Celebi|100/100|[from] item: Leftovers
|upkeep
|turn|59
|
|t:|1706224357
|move|p2a: Celebi|Recover||[still]
|-fail|p2a: Celebi|heal
|move|p1a: Politoed|Scald|p2a: Celebi
|-resisted|p2a: Celebi
|-damage|p2a: Celebi|90/100
|
|-weather|RainDance|[upkeep]
|-heal|p2a: Celebi|96/100|[from] item: Leftovers
|-fieldend|move: Gravity
|upkeep
|turn|60
|
|t:|1706224362
|move|p2a: Celebi|Recover|p2a: Celebi
|-heal|p2a: Celebi|100/100
|move|p1a: Politoed|Scald|p2a: Celebi
|-resisted|p2a: Celebi
|-damage|p2a: Celebi|89/100
|-status|p2a: Celebi|brn
|
|-weather|RainDance|[upkeep]
|-heal|p2a: Celebi|95/100 brn|[from] item: Leftovers
|-damage|p2a: Celebi|82/100 brn|[from] brn
|upkeep
|turn|61
|
|t:|1706224372
|move|p2a: Celebi|Recover|p2a: Celebi
|-heal|p2a: Celebi|100/100 brn
|move|p1a: Politoed|Refresh||[still]
|-fail|p1a: Politoed
|
|-weather|RainDance|[upkeep]
|-damage|p2a: Celebi|88/100 brn|[from] brn
|-end|p2a: Celebi|Encore
|upkeep
|turn|62
|
|t:|1706224378
|move|p1a: Politoed|Protect|p1a: Politoed
|-singleturn|p1a: Politoed|Protect
|move|p2a: Celebi|Leaf Storm|p1a: Politoed
|-activate|p1a: Politoed|move: Protect
|
|-weather|RainDance|[upkeep]
|-heal|p2a: Celebi|94/100 brn|[from] item: Leftovers
|-damage|p2a: Celebi|82/100 brn|[from] brn
|upkeep
|turn|63
|
|t:|1706224388
|-curestatus|p2a: Celebi|brn|[from] ability: Natural Cure
|switch|p2a: Gliscor|Gliscor, F|100/100 tox
|-damage|p2a: Gliscor|88/100 tox|[from] Stealth Rock
|switch|p1a: Bronzong|Bronzong|100/100 par
|
|-weather|RainDance|[upkeep]
|-heal|p2a: Gliscor|100/100 tox|[from] ability: Poison Heal
|upkeep
|turn|64
|
|t:|1706224398
|switch|p1a: Mamoswine|Mamoswine, F|100/100
|move|p2a: Gliscor|Knock Off|p1a: Mamoswine
|-damage|p1a: Mamoswine|96/100
|-enditem|p1a: Mamoswine|Expert Belt|[from] move: Knock Off|[of] p2a: Gliscor
|
|-weather|RainDance|[upkeep]
|upkeep
|turn|65
|
|t:|1706224408
|switch|p2a: Slowbro|Slowbro, F|100/100
|-damage|p2a: Slowbro|88/100|[from] Stealth Rock
|move|p1a: Mamoswine|Icicle Crash|p2a: Slowbro
|-resisted|p2a: Slowbro
|-damage|p2a: Slowbro|74/100
|
|-weather|RainDance|[upkeep]
|upkeep
|turn|66
|
|t:|1706224415
|switch|p1a: Bronzong|Bronzong|100/100 par
|move|p2a: Slowbro|Scald|p1a: Bronzong
|-damage|p1a: Bronzong|72/100 par
|
|-weather|RainDance|[upkeep]
|-heal|p1a: Bronzong|78/100 par|[from] item: Leftovers
|upkeep
|turn|67
|
|t:|1706224419
|switch|p2a: Gliscor|Gliscor, F|100/100 tox
|-damage|p2a: Gliscor|88/100 tox|[from] Stealth Rock
|move|p1a: Bronzong|Protect||[still]
|-fail|p1a: Bronzong
|
|-weather|RainDance|[upkeep]
|-heal|p1a: Bronzong|84/100 par|[from] item: Leftovers
|-heal|p2a: Gliscor|100/100 tox|[from] ability: Poison Heal
|upkeep
|turn|68
|
|t:|1706224449
|switch|p1a: Latios|Latios, M|100/100
|move|p2a: Gliscor|Earthquake|p1a: Latios
|-immune|p1a: Latios|[from] ability: Levitate
|
|-weather|RainDance|[upkeep]
|upkeep
|turn|69
|
|t:|1706224463
|move|p2a: Gliscor|Protect|p2a: Gliscor
|-singleturn|p2a: Gliscor|Protect
|move|p1a: Latios|Draco Meteor|p2a: Gliscor
|-activate|p2a: Gliscor|move: Protect
|
|-weather|RainDance|[upkeep]
|upkeep
|turn|70
|
|t:|1706224467
|switch|p1a: Tentacruel|Tentacruel, M|100/100
|switch|p2a: Excadrill|Excadrill, F|100/100
|-damage|p2a: Excadrill|97/100|[from] Stealth Rock
|
|-weather|RainDance|[upkeep]
|-heal|p2a: Excadrill|100/100|[from] item: Leftovers
|upkeep
|turn|71
|
|t:|1706224473
|move|p1a: Tentacruel|Toxic|p2a: Excadrill
|-immune|p2a: Excadrill
|move|p2a: Excadrill|Earthquake|p1a: Tentacruel
|-supereffective|p1a: Tentacruel
|-damage|p1a: Tentacruel|0 fnt
|faint|p1a: Tentacruel
|
|-weather|RainDance|[upkeep]
|upkeep
|
|t:|1706224483
|switch|p1a: Latios|Latios, M|100/100
|turn|72
|inactive|big ups pal has 120 seconds left.
|inactive|big ups pal has 90 seconds left.
|
|t:|1706224557
|switch|p2a: Celebi|Celebi|82/100
|-damage|p2a: Celebi|69/100|[from] Stealth Rock
|move|p1a: Latios|Surf|p2a: Celebi
|-resisted|p2a: Celebi
|-damage|p2a: Celebi|54/100
|
|-weather|RainDance|[upkeep]
|-heal|p2a: Celebi|60/100|[from] item: Leftovers
|upkeep
|turn|73
|
|t:|1706224567
|switch|p1a: Bronzong|Bronzong|84/100 par
|move|p2a: Celebi|Recover|p2a: Celebi
|-heal|p2a: Celebi|100/100
|
|-weather|RainDance|[upkeep]
|-heal|p1a: Bronzong|90/100 par|[from] item: Leftovers
|upkeep
|turn|74
|
|t:|1706224576
|switch|p2a: Gliscor|Gliscor, F|100/100 tox
|-damage|p2a: Gliscor|88/100 tox|[from] Stealth Rock
|move|p1a: Bronzong|Earthquake|p2a: Gliscor
|-immune|p2a: Gliscor
|
|-weather|RainDance|[upkeep]
|-heal|p1a: Bronzong|97/100 par|[from] item: Leftovers
|-heal|p2a: Gliscor|100/100 tox|[from] ability: Poison Heal
|upkeep
|turn|75
|inactive|big ups pal has 90 seconds left.
|
|t:|1706224582
|switch|p1a: Latios|Latios, M|100/100
|move|p2a: Gliscor|Knock Off|p1a: Latios
|-supereffective|p1a: Latios
|-damage|p1a: Latios|89/100
|-enditem|p1a: Latios|Choice Scarf|[from] move: Knock Off|[of] p2a: Gliscor
|
|-weather|RainDance|[upkeep]
|upkeep
|turn|76
|
|t:|1706224587
|switch|p2a: Celebi|Celebi|100/100
|-damage|p2a: Celebi|88/100|[from] Stealth Rock
|move|p1a: Latios|Surf|p2a: Celebi
|-resisted|p2a: Celebi
|-damage|p2a: Celebi|73/100
|
|-weather|RainDance|[upkeep]
|-heal|p2a: Celebi|79/100|[from] item: Leftovers
|upkeep
|turn|77
|
|t:|1706224592
|switch|p1a: Bronzong|Bronzong|97/100 par
|move|p2a: Celebi|Thunder Wave|p1a: Bronzong
|-fail|p1a: Bronzong|par
|
|-weather|RainDance|[upkeep]
|-heal|p2a: Celebi|85/100|[from] item: Leftovers
|-heal|p1a: Bronzong|100/100 par|[from] item: Leftovers
|upkeep
|turn|78
|
|t:|1706224596
|switch|p2a: Gliscor|Gliscor, F|100/100 tox
|-damage|p2a: Gliscor|88/100 tox|[from] Stealth Rock
|cant|p1a: Bronzong|par
|
|-weather|RainDance|[upkeep]
|-heal|p2a: Gliscor|100/100 tox|[from] ability: Poison Heal
|upkeep
|turn|79
|
|t:|1706224604
|switch|p1a: Mamoswine|Mamoswine, F|96/100
|move|p2a: Gliscor|Knock Off|p1a: Mamoswine
|-damage|p1a: Mamoswine|90/100
|
|-weather|RainDance|[upkeep]
|upkeep
|turn|80
|
|t:|1706224611
|switch|p2a: Slowbro|Slowbro, F|100/100
|-damage|p2a: Slowbro|88/100|[from] Stealth Rock
|move|p1a: Mamoswine|Icicle Crash|p2a: Slowbro
|-resisted|p2a: Slowbro
|-damage|p2a: Slowbro|74/100
|
|-weather|RainDance|[upkeep]
|upkeep
|turn|81
|
|t:|1706224617
|switch|p1a: Bronzong|Bronzong|100/100 par
|move|p2a: Slowbro|Scald|p1a: Bronzong
|-damage|p1a: Bronzong|72/100 par
|
|-weather|RainDance|[upkeep]
|-heal|p1a: Bronzong|78/100 par|[from] item: Leftovers
|upkeep
|turn|82
|
|t:|1706224620
|switch|p2a: Gliscor|Gliscor, F|100/100 tox
|-damage|p2a: Gliscor|88/100 tox|[from] Stealth Rock
|move|p1a: Bronzong|Protect||[still]
|-fail|p1a: Bronzong
|
|-weather|RainDance|[upkeep]
|-heal|p1a: Bronzong|84/100 par|[from] item: Leftovers
|-heal|p2a: Gliscor|100/100 tox|[from] ability: Poison Heal
|upkeep
|turn|83
|
|t:|1706224629
|switch|p1a: Latios|Latios, M|89/100
|move|p2a: Gliscor|Taunt|p1a: Latios
|-start|p1a: Latios|move: Taunt
|
|-weather|RainDance|[upkeep]
|upkeep
|turn|84
|
|t:|1706224652
|switch|p2a: Celebi|Celebi|85/100
|-damage|p2a: Celebi|73/100|[from] Stealth Rock
|move|p1a: Latios|Thunder|p2a: Celebi
|-resisted|p2a: Celebi
|-damage|p2a: Celebi|60/100
|
|-weather|RainDance|[upkeep]
|-heal|p2a: Celebi|66/100|[from] item: Leftovers
|upkeep
|turn|85
|
|t:|1706224660
|switch|p1a: Bronzong|Bronzong|84/100 par
|move|p2a: Celebi|Recover|p2a: Celebi
|-heal|p2a: Celebi|100/100
|
|-weather|RainDance|[upkeep]
|-heal|p1a: Bronzong|90/100 par|[from] item: Leftovers
|upkeep
|turn|86
|
|t:|1706224674
|switch|p2a: Gliscor|Gliscor, F|100/100 tox
|-damage|p2a: Gliscor|88/100 tox|[from] Stealth Rock
|move|p1a: Bronzong|Gyro Ball|p2a: Gliscor
|-damage|p2a: Gliscor|52/100 tox
|
|-weather|RainDance|[upkeep]
|-heal|p1a: Bronzong|97/100 par|[from] item: Leftovers
|-heal|p2a: Gliscor|65/100 tox|[from] ability: Poison Heal
|upkeep
|turn|87
|
|t:|1706224682
|move|p2a: Gliscor|Knock Off|p1a: Bronzong
|-damage|p1a: Bronzong|93/100 par
|-enditem|p1a: Bronzong|Leftovers|[from] move: Knock Off|[of] p2a: Gliscor
|move|p1a: Bronzong|Gyro Ball|p2a: Gliscor
|-damage|p2a: Gliscor|24/100 tox
|
|-weather|RainDance|[upkeep]
|-heal|p2a: Gliscor|36/100 tox|[from] ability: Poison Heal
|upkeep
|turn|88
|
|t:|1706224688
|move|p2a: Gliscor|Protect|p2a: Gliscor
|-singleturn|p2a: Gliscor|Protect
|move|p1a: Bronzong|Earthquake|p2a: Gliscor
|-immune|p2a: Gliscor
|
|-weather|RainDance|[upkeep]
|-heal|p2a: Gliscor|49/100 tox|[from] ability: Poison Heal
|upkeep
|turn|89
|
|t:|1706224694
|switch|p2a: Slowbro|Slowbro, F|100/100
|-damage|p2a: Slowbro|88/100|[from] Stealth Rock
|switch|p1a: Latios|Latios, M|89/100
|
|-weather|RainDance|[upkeep]
|upkeep
|turn|90
|
|t:|1706224700
|switch|p2a: Celebi|Celebi|100/100
|-damage|p2a: Celebi|88/100|[from] Stealth Rock
|move|p1a: Latios|Thunder|p2a: Celebi
|-resisted|p2a: Celebi
|-damage|p2a: Celebi|74/100
|
|-weather|RainDance|[upkeep]
|-heal|p2a: Celebi|81/100|[from] item: Leftovers
|upkeep
|turn|91
|
|t:|1706224710
|switch|p1a: Bronzong|Bronzong|93/100 par
|move|p2a: Celebi|Thunder Wave|p1a: Bronzong
|-fail|p1a: Bronzong|par
|
|-weather|RainDance|[upkeep]
|-heal|p2a: Celebi|87/100|[from] item: Leftovers
|upkeep
|turn|92
|
|t:|1706224717
|switch|p2a: Slowbro|Slowbro, F|100/100
|-damage|p2a: Slowbro|88/100|[from] Stealth Rock
|move|p1a: Bronzong|Gyro Ball|p2a: Slowbro
|-resisted|p2a: Slowbro
|-damage|p2a: Slowbro|75/100
|-damage|p1a: Bronzong|77/100 par|[from] item: Rocky Helmet|[of] p2a: Slowbro
|
|-weather|RainDance|[upkeep]
|upkeep
|turn|93
|
|t:|1706224726
|switch|p1a: Latios|Latios, M|89/100
|move|p2a: Slowbro|Scald|p1a: Latios
|-resisted|p1a: Latios
|-damage|p1a: Latios|66/100
|
|-weather|RainDance|[upkeep]
|upkeep
|turn|94
|
|t:|1706224735
|switch|p2a: Celebi|Celebi|87/100
|-damage|p2a: Celebi|74/100|[from] Stealth Rock
|move|p1a: Latios|Draco Meteor|p2a: Celebi
|-damage|p2a: Celebi|29/100
|-unboost|p1a: Latios|spa|2
|
|-weather|RainDance|[upkeep]
|-heal|p2a: Celebi|35/100|[from] item: Leftovers
|upkeep
|turn|95
|
|t:|1706224760
|move|p1a: Latios|Draco Meteor|p2a: Celebi
|-damage|p2a: Celebi|13/100
|-unboost|p1a: Latios|spa|2
|move|p2a: Celebi|Recover|p2a: Celebi
|-heal|p2a: Celebi|63/100
|
|-weather|RainDance|[upkeep]
|-heal|p2a: Celebi|69/100|[from] item: Leftovers
|upkeep
|turn|96
|
|t:|1706224770
|switch|p1a: Bronzong|Bronzong|77/100 par
|move|p2a: Celebi|Recover|p2a: Celebi
|-heal|p2a: Celebi|100/100
|
|-weather|RainDance|[upkeep]
|upkeep
|turn|97
|
|t:|1706224783
|switch|p2a: Slowbro|Slowbro, F|100/100
|-damage|p2a: Slowbro|88/100|[from] Stealth Rock
|move|p1a: Bronzong|Protect||[still]
|-fail|p1a: Bronzong
|
|-weather|RainDance|[upkeep]
|upkeep
|turn|98
|
|t:|1706224792
|move|p1a: Bronzong|Protect|p1a: Bronzong
|-singleturn|p1a: Bronzong|Protect
|move|p2a: Slowbro|Scald|p1a: Bronzong
|-activate|p1a: Bronzong|move: Protect
|
|-weather|RainDance|[upkeep]
|upkeep
|turn|99
|
|t:|1706224798
|switch|p1a: Latios|Latios, M|66/100
|move|p2a: Slowbro|Scald|p1a: Latios
|-resisted|p1a: Latios
|-damage|p1a: Latios|43/100
|
|-weather|RainDance|[upkeep]
|upkeep
|turn|100
|
|t:|1706224805
|switch|p1a: Mamoswine|Mamoswine, F|90/100
|switch|p2a: Excadrill|Excadrill, F|100/100
|-damage|p2a: Excadrill|97/100|[from] Stealth Rock
|
|-weather|RainDance|[upkeep]
|-heal|p2a: Excadrill|100/100|[from] item: Leftovers
|upkeep
|turn|101
|
|t:|1706224814
|switch|p2a: Slowbro|Slowbro, F|100/100
|-damage|p2a: Slowbro|88/100|[from] Stealth Rock
|switch|p1a: Bronzong|Bronzong|77/100 par
|
|-weather|RainDance|[upkeep]
|upkeep
|turn|102
|inactive|big ups pal has 120 seconds left.
|
|t:|1706224829
|move|p1a: Bronzong|Protect|p1a: Bronzong
|-singleturn|p1a: Bronzong|Protect
|move|p2a: Slowbro|Ice Beam|p1a: Bronzong
|-activate|p1a: Bronzong|move: Protect
|
|-weather|RainDance|[upkeep]
|upkeep
|turn|103
|
|t:|1706224839
|move|p2a: Slowbro|Ice Beam|p1a: Bronzong
|-resisted|p1a: Bronzong
|-damage|p1a: Bronzong|68/100 par
|cant|p1a: Bronzong|par
|
|-weather|RainDance|[upkeep]
|upkeep
|turn|104
|
|t:|1706224843
|move|p1a: Bronzong|Protect|p1a: Bronzong
|-singleturn|p1a: Bronzong|Protect
|move|p2a: Slowbro|Scald|p1a: Bronzong
|-activate|p1a: Bronzong|move: Protect
|
|-weather|RainDance|[upkeep]
|upkeep
|turn|105
|
|t:|1706224847
|move|p2a: Slowbro|Ice Beam|p1a: Bronzong
|-resisted|p1a: Bronzong
|-crit|p1a: Bronzong
|-damage|p1a: Bronzong|53/100 par
|cant|p1a: Bronzong|par
|
|-weather|RainDance|[upkeep]
|upkeep
|turn|106
|
|t:|1706224854
|switch|p1a: Politoed|Politoed, F|48/100
|move|p2a: Slowbro|Scald|p1a: Politoed
|-resisted|p1a: Politoed
|-damage|p1a: Politoed|30/100
|
|-weather|RainDance|[upkeep]
|upkeep
|turn|107
|
|t:|1706224857
|switch|p2a: Celebi|Celebi|100/100
|-damage|p2a: Celebi|88/100|[from] Stealth Rock
|move|p1a: Politoed|Protect||[still]
|-fail|p1a: Politoed
|
|-weather|RainDance|[upkeep]
|-heal|p2a: Celebi|94/100|[from] item: Leftovers
|upkeep
|turn|108
|
|t:|1706224861
|move|p1a: Politoed|Protect|p1a: Politoed
|-singleturn|p1a: Politoed|Protect
|move|p2a: Celebi|Thunder Wave|p1a: Politoed
|-activate|p1a: Politoed|move: Protect
|
|-weather|RainDance|[upkeep]
|-heal|p2a: Celebi|100/100|[from] item: Leftovers
|upkeep
|turn|109
|
|t:|1706224871
|switch|p1a: Bronzong|Bronzong|53/100 par
|move|p2a: Celebi|Leaf Storm|p1a: Bronzong
|-resisted|p1a: Bronzong
|-damage|p1a: Bronzong|37/100 par
|-unboost|p2a: Celebi|spa|2
|
|-weather|RainDance|[upkeep]
|upkeep
|turn|110
|
|t:|1706224878
|switch|p2a: Slowbro|Slowbro, F|100/100
|-damage|p2a: Slowbro|88/100|[from] Stealth Rock
|switch|p1a: Latios|Latios, M|43/100
|
|-weather|RainDance|[upkeep]
|upkeep
|turn|111
|
|t:|1706224886
|switch|p2a: Celebi|Celebi|100/100
|-damage|p2a: Celebi|88/100|[from] Stealth Rock
|move|p1a: Latios|Thunder|p2a: Celebi
|-resisted|p2a: Celebi
|-damage|p2a: Celebi|75/100
|
|-weather|RainDance|[upkeep]
|-heal|p2a: Celebi|82/100|[from] item: Leftovers
|upkeep
|turn|112
|
|t:|1706224894
|switch|p1a: Mamoswine|Mamoswine, F|90/100
|move|p2a: Celebi|Thunder Wave|p1a: Mamoswine
|-immune|p1a: Mamoswine
|
|-weather|RainDance|[upkeep]
|-heal|p2a: Celebi|88/100|[from] item: Leftovers
|upkeep
|turn|113
|
|t:|1706224899
|switch|p2a: Slowbro|Slowbro, F|100/100
|-damage|p2a: Slowbro|88/100|[from] Stealth Rock
|move|p1a: Mamoswine|Earthquake|p2a: Slowbro
|-damage|p2a: Slowbro|54/100
|
|-weather|RainDance|[upkeep]
|upkeep
|turn|114
|
|t:|1706224917
|switch|p1a: Latios|Latios, M|43/100
|move|p2a: Slowbro|Slack Off|p2a: Slowbro
|-heal|p2a: Slowbro|100/100
|
|-weather|RainDance|[upkeep]
|upkeep
|turn|115
|
|t:|1706224924
|switch|p2a: Gliscor|Gliscor, F|49/100 tox
|-damage|p2a: Gliscor|36/100 tox|[from] Stealth Rock
|move|p1a: Latios|Draco Meteor|p2a: Gliscor|[miss]
|-miss|p1a: Latios|p2a: Gliscor
|
|-weather|RainDance|[upkeep]
|-heal|p2a: Gliscor|49/100 tox|[from] ability: Poison Heal
|upkeep
|turn|116
|
|t:|1706224931
|move|p2a: Gliscor|Protect|p2a: Gliscor
|-singleturn|p2a: Gliscor|Protect
|move|p1a: Latios|Psyshock|p2a: Gliscor
|-activate|p2a: Gliscor|move: Protect
|
|-weather|RainDance|[upkeep]
|-heal|p2a: Gliscor|61/100 tox|[from] ability: Poison Heal
|upkeep
|turn|117
|
|t:|1706224936
|switch|p2a: Celebi|Celebi|88/100
|-damage|p2a: Celebi|75/100|[from] Stealth Rock
|move|p1a: Latios|Surf|p2a: Celebi
|-resisted|p2a: Celebi
|-crit|p2a: Celebi
|-damage|p2a: Celebi|45/100
|
|-weather|RainDance|[upkeep]
|-heal|p2a: Celebi|51/100|[from] item: Leftovers
|upkeep
|turn|118
|
|t:|1706224943
|move|p1a: Latios|Draco Meteor|p2a: Celebi
|-crit|p2a: Celebi
|-damage|p2a: Celebi|0 fnt
|-unboost|p1a: Latios|spa|2
|faint|p2a: Celebi
|
|-weather|RainDance|[upkeep]
|upkeep
|
|t:|1706224947
|switch|p2a: Excadrill|Excadrill, F|100/100
|-damage|p2a: Excadrill|97/100|[from] Stealth Rock
|turn|119
|
|t:|1706224951
|switch|p1a: Bronzong|Bronzong|37/100 par
|move|p2a: Excadrill|Swords Dance|p2a: Excadrill
|-boost|p2a: Excadrill|atk|2
|
|-weather|RainDance|[upkeep]
|-heal|p2a: Excadrill|100/100|[from] item: Leftovers
|upkeep
|turn|120
|
|t:|1706224953
|move|p2a: Excadrill|Iron Head|p1a: Bronzong
|-resisted|p1a: Bronzong
|-damage|p1a: Bronzong|8/100 par
|move|p1a: Bronzong|Earthquake|p2a: Excadrill
|-supereffective|p2a: Excadrill
|-damage|p2a: Excadrill|41/100
|
|-weather|RainDance|[upkeep]
|-heal|p2a: Excadrill|48/100|[from] item: Leftovers
|upkeep
|turn|121
|
|t:|1706224963
|move|p2a: Excadrill|Iron Head|p1a: Bronzong
|-resisted|p1a: Bronzong
|-damage|p1a: Bronzong|0 fnt
|faint|p1a: Bronzong
|
|-weather|RainDance|[upkeep]
|-heal|p2a: Excadrill|54/100|[from] item: Leftovers
|upkeep
|
|t:|1706224965
|switch|p1a: Latios|Latios, M|43/100
|turn|122
|
|t:|1706224969
|switch|p2a: Slowbro|Slowbro, F|100/100
|-damage|p2a: Slowbro|88/100|[from] Stealth Rock
|move|p1a: Latios|Surf|p2a: Slowbro
|-resisted|p2a: Slowbro
|-damage|p2a: Slowbro|64/100
|
|-weather|RainDance|[upkeep]
|upkeep
|turn|123
|
|t:|1706224972
|switch|p2a: Gliscor|Gliscor, F|61/100 tox
|-damage|p2a: Gliscor|49/100 tox|[from] Stealth Rock
|move|p1a: Latios|Thunder|p2a: Gliscor
|-immune|p2a: Gliscor
|
|-weather|RainDance|[upkeep]
|-heal|p2a: Gliscor|61/100 tox|[from] ability: Poison Heal
|upkeep
|turn|124
|
|t:|1706224975
|move|p2a: Gliscor|Protect|p2a: Gliscor
|-singleturn|p2a: Gliscor|Protect
|move|p1a: Latios|Surf|p2a: Gliscor
|-activate|p2a: Gliscor|move: Protect
|
|-weather|RainDance|[upkeep]
|-heal|p2a: Gliscor|74/100 tox|[from] ability: Poison Heal
|upkeep
|turn|125
|
|t:|1706224978
|move|p1a: Latios|Surf|p2a: Gliscor
|-supereffective|p2a: Gliscor
|-damage|p2a: Gliscor|0 fnt
|faint|p2a: Gliscor
|
|-weather|RainDance|[upkeep]
|upkeep
|
|t:|1706224983
|switch|p2a: Slowbro|Slowbro, F|97/100
|-damage|p2a: Slowbro|85/100|[from] Stealth Rock
|turn|126
|
|t:|1706224992
|switch|p1a: Politoed|Politoed, F|30/100
|move|p2a: Slowbro|Ice Beam|p1a: Politoed
|-resisted|p1a: Politoed
|-damage|p1a: Politoed|20/100
|-status|p1a: Politoed|frz
|
|-weather|RainDance|[upkeep]
|upkeep
|turn|127
|
|t:|1706224996
|-curestatus|p1a: Politoed|frz|[from] move: Scald
|move|p1a: Politoed|Scald|p2a: Slowbro
|-resisted|p2a: Slowbro
|-damage|p2a: Slowbro|66/100
|move|p2a: Slowbro|Scald|p1a: Politoed
|-resisted|p1a: Politoed
|-damage|p1a: Politoed|1/100
|
|-weather|RainDance|[upkeep]
|upkeep
|turn|128
|
|t:|1706225000
|move|p1a: Politoed|Scald|p2a: Slowbro
|-resisted|p2a: Slowbro
|-damage|p2a: Slowbro|47/100
|-status|p2a: Slowbro|brn
|move|p2a: Slowbro|Slack Off|p2a: Slowbro
|-heal|p2a: Slowbro|97/100 brn
|
|-weather|RainDance|[upkeep]
|-damage|p2a: Slowbro|85/100 brn|[from] brn
|upkeep
|turn|129
|
|t:|1706225004
|switch|p2a: Excadrill|Excadrill, F|54/100
|-damage|p2a: Excadrill|51/100|[from] Stealth Rock
|move|p1a: Politoed|Encore||[still]
|-fail|p1a: Politoed
|
|-weather|RainDance|[upkeep]
|-heal|p2a: Excadrill|57/100|[from] item: Leftovers
|upkeep
|turn|130
|
|t:|1706225011
|move|p2a: Excadrill|Rapid Spin|p1a: Politoed
|-damage|p1a: Politoed|0 fnt
|-sideend|p2: IUPLC|Stealth Rock|[from] move: Rapid Spin|[of] p2a: Excadrill
|faint|p1a: Politoed
|
|-weather|RainDance|[upkeep]
|-heal|p2a: Excadrill|63/100|[from] item: Leftovers
|upkeep
|
|t:|1706225017
|switch|p1a: Latios|Latios, M|43/100
|turn|131
|
|t:|1706225018
|switch|p2a: Slowbro|Slowbro, F|100/100 brn
|move|p1a: Latios|Surf|p2a: Slowbro
|-resisted|p2a: Slowbro
|-damage|p2a: Slowbro|73/100 brn
|
|-weather|RainDance|[upkeep]
|-damage|p2a: Slowbro|60/100 brn|[from] brn
|upkeep
|turn|132
|
|t:|1706225023
|switch|p2a: Excadrill|Excadrill, F|63/100
|move|p1a: Latios|Thunder|p2a: Excadrill
|-immune|p2a: Excadrill
|
|-weather|RainDance|[upkeep]
|-heal|p2a: Excadrill|69/100|[from] item: Leftovers
|upkeep
|turn|133
|
|t:|1706225028
|switch|p2a: Slowbro|Slowbro, F|94/100 brn
|move|p1a: Latios|Surf|p2a: Slowbro
|-resisted|p2a: Slowbro
|-damage|p2a: Slowbro|69/100 brn
|
|-weather|RainDance|[upkeep]
|-damage|p2a: Slowbro|56/100 brn|[from] brn
|upkeep
|turn|134
|
|t:|1706225033
|move|p1a: Latios|Thunder|p2a: Slowbro
|-supereffective|p2a: Slowbro
|-damage|p2a: Slowbro|0 fnt
|faint|p2a: Slowbro
|
|-weather|RainDance|[upkeep]
|upkeep
|
|t:|1706225035
|switch|p2a: Excadrill|Excadrill, F|69/100
|turn|135
|
|t:|1706225037
|move|p1a: Latios|Surf|p2a: Excadrill
|-supereffective|p2a: Excadrill
|-damage|p2a: Excadrill|0 fnt
|faint|p2a: Excadrill
|
|win|big ups pal
|raw|big ups pal's rating: 1394 &rarr; <strong>1423</strong><br />(+29 for winning)
|raw|IUPLC's rating: 1566 &rarr; <strong>1537</strong><br />(-29 for losing)
|l|☆IUPLC
|player|p2|
|c|☆big ups pal|Im crying
