|j|☆BWR monai
|j|☆SauceBoss10
|t:|1718917992
|gametype|singles
|player|p1|BWR monai|backpacker|1335
|player|p2|SauceBoss10|swimmer-gen4dp|1517
|teamsize|p1|6
|teamsize|p2|6
|gen|5
|tier|[Gen 5] OU
|rated|
|rule|Species Clause: Limit one of each Pokémon
|rule|OHKO Clause: OHKO moves are banned
|rule|Moody Clause: Moody is banned
|rule|Evasion Items Clause: Evasion items are banned
|rule|Evasion Moves Clause: Evasion moves are banned
|rule|Endless Battle Clause: Forcing endless battles is banned
|rule|HP Percentage Mod: HP is shown in percentages
|rule|Evasion Abilities Clause: Evasion abilities are banned
|rule|Sleep Moves Clause: Sleep-inducing moves are banned
|rule|Swagger Clause: Swagger is banned
|rule|Baton Pass Stat Clause: No Baton Passer may have a way to boost its stats
|clearpoke
|poke|p1|Blissey, F|item
|poke|p1|Clefable, M|item
|poke|p1|Amoonguss, M|item
|poke|p1|Forretress, M|item
|poke|p1|Gliscor, F|item
|poke|p1|Xatu, M|item
|poke|p2|Ninetales, F|item
|poke|p2|Volcarona, M|item
|poke|p2|Victini|item
|poke|p2|Xatu, F|item
|poke|p2|Cresselia, F|item
|poke|p2|Excadrill, F|item
|teampreview
|inactive|Battle timer is ON: inactive players will automatically lose when time's up. (requested by SauceBoss10)
|
|t:|1718918004
|start
|switch|p1a: Blissey|Blissey, F|100/100
|switch|p2a: Volcarona|Volcarona, M|100/100
|turn|1
|
|t:|1718918007
|switch|p2a: Xatu|Xatu, F, shiny|100/100
|move|p1a: Blissey|Thunder Wave|p2a: Xatu
|move|p2a: Xatu|Thunder Wave|p1a: Blissey|[from]ability: Magic Bounce
|-status|p1a: Blissey|par
|
|upkeep
|turn|2
|
|t:|1718918019
|switch|p2a: Excadrill|Excadrill, F, shiny|100/100
|-ability|p2a: Excadrill|Mold Breaker
|move|p1a: Blissey|Seismic Toss|p2a: Excadrill
|-damage|p2a: Excadrill|76/100
|
|-heal|p2a: Excadrill|82/100|[from] item: Leftovers
|upkeep
|turn|3
|
|t:|1718918023
|-curestatus|p1a: Blissey|par|[from] ability: Natural Cure
|switch|p1a: Forretress|Forretress, M|100/100
|move|p2a: Excadrill|Stealth Rock|p1a: Forretress
|-sidestart|p1: BWR monai|move: Stealth Rock
|
|-heal|p2a: Excadrill|88/100|[from] item: Leftovers
|upkeep
|turn|4
|
|t:|1718918026
|switch|p2a: Xatu|Xatu, F, shiny|100/100
|move|p1a: Forretress|Rapid Spin|p2a: Xatu
|-damage|p2a: Xatu|97/100
|-damage|p1a: Forretress|84/100|[from] item: Rocky Helmet|[of] p2a: Xatu
|-sideend|p1: BWR monai|Stealth Rock|[from] move: Rapid Spin|[of] p1a: Forretress
|
|-heal|p1a: Forretress|90/100|[from] item: Leftovers
|upkeep
|turn|5
|
|t:|1718918033
|switch|p2a: Ninetales|Ninetales, F|100/100
|-weather|SunnyDay|[from] ability: Drought|[of] p2a: Ninetales
|switch|p1a: Blissey|Blissey, F|100/100
|
|-weather|SunnyDay|[upkeep]
|upkeep
|turn|6
|
|t:|1718918042
|switch|p2a: Xatu|Xatu, F, shiny|97/100
|move|p1a: Blissey|Seismic Toss|p2a: Xatu
|-damage|p2a: Xatu|67/100
|-damage|p1a: Blissey|84/100|[from] item: Rocky Helmet|[of] p2a: Xatu
|
|-weather|SunnyDay|[upkeep]
|-heal|p1a: Blissey|90/100|[from] item: Leftovers
|upkeep
|turn|7
|inactive|BWR monai has 120 seconds left.
|
|t:|1718918081
|move|p2a: Xatu|Roost|p2a: Xatu
|-heal|p2a: Xatu|100/100
|-singleturn|p2a: Xatu|move: Roost
|move|p1a: Blissey|Seismic Toss|p2a: Xatu
|-damage|p2a: Xatu|71/100
|-damage|p1a: Blissey|73/100|[from] item: Rocky Helmet|[of] p2a: Xatu
|
|-weather|SunnyDay|[upkeep]
|-heal|p1a: Blissey|80/100|[from] item: Leftovers
|upkeep
|turn|8
|
|t:|1718918103
|move|p2a: Xatu|Roost|p2a: Xatu
|-heal|p2a: Xatu|100/100
|-singleturn|p2a: Xatu|move: Roost
|move|p1a: Blissey|Seismic Toss|p2a: Xatu
|-damage|p2a: Xatu|71/100
|-damage|p1a: Blissey|63/100|[from] item: Rocky Helmet|[of] p2a: Xatu
|
|-weather|SunnyDay|[upkeep]
|-heal|p1a: Blissey|69/100|[from] item: Leftovers
|upkeep
|turn|9
|
|t:|1718918108
|switch|p2a: Victini|Victini|100/100
|move|p1a: Blissey|Seismic Toss|p2a: Victini
|-damage|p2a: Victini|71/100
|
|-weather|SunnyDay|[upkeep]
|-heal|p1a: Blissey|75/100|[from] item: Leftovers
|upkeep
|turn|10
|
|t:|1718918118
|switch|p1a: Amoonguss|Amoonguss, M|100/100
|move|p2a: Victini|Trick|p1a: Amoonguss
|-activate|p2a: Victini|move: Trick|[of] p1a: Amoonguss
|-item|p1a: Amoonguss|Choice Scarf|[from] move: Trick
|-item|p2a: Victini|Leftovers|[from] move: Trick
|
|-weather|SunnyDay|[upkeep]
|-heal|p2a: Victini|77/100|[from] item: Leftovers
|upkeep
|turn|11
|
|t:|1718918129
|move|p2a: Victini|V-create|p1a: Amoonguss
|-supereffective|p1a: Amoonguss
|-damage|p1a: Amoonguss|0 fnt
|-unboost|p2a: Victini|spe|1
|-unboost|p2a: Victini|def|1
|-unboost|p2a: Victini|spd|1
|faint|p1a: Amoonguss
|
|-weather|SunnyDay|[upkeep]
|-heal|p2a: Victini|83/100|[from] item: Leftovers
|upkeep
|
|t:|1718918132
|switch|p1a: Gliscor|Gliscor, F|100/100
|turn|12
|
|t:|1718918137
|switch|p2a: Xatu|Xatu, F, shiny|71/100
|move|p1a: Gliscor|Earthquake|p2a: Xatu
|-immune|p2a: Xatu
|
|-weather|SunnyDay|[upkeep]
|-status|p1a: Gliscor|tox|[from] item: Toxic Orb
|upkeep
|turn|13
|
|t:|1718918153
|move|p1a: Gliscor|Swords Dance|p1a: Gliscor
|-boost|p1a: Gliscor|atk|2
|move|p2a: Xatu|Reflect|p2a: Xatu
|-sidestart|p2: SauceBoss10|Reflect
|
|-weather|SunnyDay|[upkeep]
|upkeep
|turn|14
|
|t:|1718918160
|switch|p2a: Volcarona|Volcarona, M|100/100
|move|p1a: Gliscor|Swords Dance|p1a: Gliscor
|-boost|p1a: Gliscor|atk|2
|
|-weather|SunnyDay|[upkeep]
|upkeep
|turn|15
|
|t:|1718918166
|switch|p1a: Blissey|Blissey, F|75/100
|move|p2a: Volcarona|Hidden Power|p1a: Blissey
|-crit|p1a: Blissey
|-damage|p1a: Blissey|59/100
|
|-weather|SunnyDay|[upkeep]
|-heal|p1a: Blissey|65/100|[from] item: Leftovers
|upkeep
|turn|16
|
|t:|1718918176
|switch|p2a: Xatu|Xatu, F, shiny|71/100
|move|p1a: Blissey|Thunder Wave|p2a: Xatu
|move|p2a: Xatu|Thunder Wave|p1a: Blissey|[from]ability: Magic Bounce
|-status|p1a: Blissey|par
|
|-weather|SunnyDay|[upkeep]
|-heal|p1a: Blissey|71/100 par|[from] item: Leftovers
|upkeep
|turn|17
|
|t:|1718918185
|-curestatus|p1a: Blissey|par|[from] ability: Natural Cure
|switch|p1a: Gliscor|Gliscor, F|100/100 tox
|move|p2a: Xatu|Roost|p2a: Xatu
|-heal|p2a: Xatu|100/100
|-singleturn|p2a: Xatu|move: Roost
|
|-weather|SunnyDay|[upkeep]
|-sideend|p2: SauceBoss10|Reflect
|upkeep
|turn|18
|
|t:|1718918193
|switch|p2a: Victini|Victini|83/100
|move|p1a: Gliscor|Swords Dance|p1a: Gliscor
|-boost|p1a: Gliscor|atk|2
|
|-weather|SunnyDay|[upkeep]
|-heal|p2a: Victini|90/100|[from] item: Leftovers
|upkeep
|turn|19
|
|t:|1718918197
|move|p2a: Victini|V-create|p1a: Gliscor
|-damage|p1a: Gliscor|20/100 tox
|-unboost|p2a: Victini|spe|1
|-unboost|p2a: Victini|def|1
|-unboost|p2a: Victini|spd|1
|move|p1a: Gliscor|Earthquake|p2a: Victini
|-supereffective|p2a: Victini
|-damage|p2a: Victini|0 fnt
|faint|p2a: Victini
|
|-weather|SunnyDay|[upkeep]
|-heal|p1a: Gliscor|33/100 tox|[from] ability: Poison Heal
|upkeep
|
|t:|1718918206
|switch|p2a: Ninetales|Ninetales, F|100/100
|turn|20
|
|t:|1718918210
|move|p1a: Gliscor|Protect|p1a: Gliscor
|-singleturn|p1a: Gliscor|Protect
|move|p2a: Ninetales|Flamethrower|p1a: Gliscor
|-activate|p1a: Gliscor|move: Protect
|
|-weather|SunnyDay|[upkeep]
|-heal|p1a: Gliscor|45/100 tox|[from] ability: Poison Heal
|upkeep
|turn|21
|
|t:|1718918215
|switch|p1a: Blissey|Blissey, F|71/100
|move|p2a: Ninetales|Flamethrower|p1a: Blissey
|-damage|p1a: Blissey|56/100
|
|-weather|SunnyDay|[upkeep]
|-heal|p1a: Blissey|62/100|[from] item: Leftovers
|upkeep
|turn|22
|
|t:|1718918220
|switch|p2a: Excadrill|Excadrill, F, shiny|88/100
|-ability|p2a: Excadrill|Mold Breaker
|move|p1a: Blissey|Soft-Boiled|p1a: Blissey
|-heal|p1a: Blissey|100/100
|
|-weather|SunnyDay|[upkeep]
|-heal|p2a: Excadrill|94/100|[from] item: Leftovers
|upkeep
|turn|23
|
|t:|1718918228
|switch|p2a: Cresselia|Cresselia, F|100/100
|switch|p1a: Forretress|Forretress, M|90/100
|
|-weather|SunnyDay|[upkeep]
|-heal|p1a: Forretress|97/100|[from] item: Leftovers
|upkeep
|turn|24
|
|t:|1718918232
|switch|p1a: Blissey|Blissey, F|100/100
|move|p2a: Cresselia|Calm Mind|p2a: Cresselia
|-boost|p2a: Cresselia|spa|1
|-boost|p2a: Cresselia|spd|1
|
|-weather|SunnyDay|[upkeep]
|upkeep
|turn|25
|
|t:|1718918243
|move|p2a: Cresselia|Calm Mind|p2a: Cresselia
|-boost|p2a: Cresselia|spa|1
|-boost|p2a: Cresselia|spd|1
|move|p1a: Blissey|Thunder Wave|p2a: Cresselia
|-status|p2a: Cresselia|par
|
|-weather|SunnyDay|[upkeep]
|upkeep
|turn|26
|
|t:|1718918247
|switch|p1a: Clefable|Clefable, M|100/100
|move|p2a: Cresselia|Calm Mind|p2a: Cresselia
|-boost|p2a: Cresselia|spa|1
|-boost|p2a: Cresselia|spd|1
|
|-weather|SunnyDay|[upkeep]
|upkeep
|turn|27
|
|t:|1718918250
|move|p1a: Clefable|Knock Off|p2a: Cresselia
|-supereffective|p2a: Cresselia
|-damage|p2a: Cresselia|97/100 par
|-enditem|p2a: Cresselia|Leftovers|[from] move: Knock Off|[of] p1a: Clefable
|move|p2a: Cresselia|Calm Mind|p2a: Cresselia
|-boost|p2a: Cresselia|spa|1
|-boost|p2a: Cresselia|spd|1
|
|-weather|SunnyDay|[upkeep]
|upkeep
|turn|28
|
|t:|1718918254
|move|p1a: Clefable|Seismic Toss|p2a: Cresselia
|-damage|p2a: Cresselia|74/100 par
|cant|p2a: Cresselia|par
|
|-weather|SunnyDay|[upkeep]
|upkeep
|turn|29
|
|t:|1718918259
|move|p1a: Clefable|Seismic Toss|p2a: Cresselia
|-damage|p2a: Cresselia|52/100 par
|move|p2a: Cresselia|Moonlight|p2a: Cresselia
|-heal|p2a: Cresselia|100/100 par
|
|-weather|SunnyDay|[upkeep]
|upkeep
|turn|30
|
|t:|1718918261
|move|p1a: Clefable|Encore|p2a: Cresselia
|-start|p2a: Cresselia|Encore
|move|p2a: Cresselia|Moonlight|p2a: Cresselia
|-fail|p2a: Cresselia|heal
|
|-weather|SunnyDay|[upkeep]
|upkeep
|turn|31
|
|t:|1718918265
|switch|p1a: Gliscor|Gliscor, F|45/100 tox
|move|p2a: Cresselia|Moonlight|p2a: Cresselia
|-fail|p2a: Cresselia|heal
|
|-weather|SunnyDay|[upkeep]
|-heal|p1a: Gliscor|58/100 tox|[from] ability: Poison Heal
|upkeep
|turn|32
|
|t:|1718918268
|move|p1a: Gliscor|Swords Dance|p1a: Gliscor
|-boost|p1a: Gliscor|atk|2
|move|p2a: Cresselia|Moonlight|p2a: Cresselia
|-fail|p2a: Cresselia|heal
|
|-weather|SunnyDay|[upkeep]
|-heal|p1a: Gliscor|70/100 tox|[from] ability: Poison Heal
|-end|p2a: Cresselia|Encore
|upkeep
|turn|33
|
|t:|1718918271
|move|p1a: Gliscor|Protect|p1a: Gliscor
|-singleturn|p1a: Gliscor|Protect
|move|p2a: Cresselia|Ice Beam|p1a: Gliscor
|-activate|p1a: Gliscor|move: Protect
|
|-weather|SunnyDay|[upkeep]
|-heal|p1a: Gliscor|83/100 tox|[from] ability: Poison Heal
|upkeep
|turn|34
|
|t:|1718918275
|switch|p1a: Clefable|Clefable, M|100/100
|move|p2a: Cresselia|Calm Mind|p2a: Cresselia
|-boost|p2a: Cresselia|spa|1
|-boost|p2a: Cresselia|spd|1
|
|-weather|SunnyDay|[upkeep]
|upkeep
|turn|35
|
|t:|1718918279
|move|p1a: Clefable|Encore|p2a: Cresselia
|-start|p2a: Cresselia|Encore
|move|p2a: Cresselia|Calm Mind|p2a: Cresselia
|-boost|p2a: Cresselia|spa|1
|-boost|p2a: Cresselia|spd|1
|
|-weather|SunnyDay|[upkeep]
|upkeep
|turn|36
|
|t:|1718918281
|move|p1a: Clefable|Seismic Toss|p2a: Cresselia
|-damage|p2a: Cresselia|78/100 par
|cant|p2a: Cresselia|par
|
|-weather|SunnyDay|[upkeep]
|upkeep
|turn|37
|
|t:|1718918283
|move|p1a: Clefable|Seismic Toss|p2a: Cresselia
|-damage|p2a: Cresselia|55/100 par
|move|p2a: Cresselia|Calm Mind|p2a: Cresselia
|-boost|p2a: Cresselia|spa|0
|-boost|p2a: Cresselia|spd|0
|
|-weather|SunnyDay|[upkeep]
|-end|p2a: Cresselia|Encore
|upkeep
|turn|38
|
|t:|1718918285
|move|p1a: Clefable|Encore|p2a: Cresselia
|-start|p2a: Cresselia|Encore
|move|p2a: Cresselia|Calm Mind|p2a: Cresselia
|-boost|p2a: Cresselia|spa|0
|-boost|p2a: Cresselia|spd|0
|
|-weather|SunnyDay|[upkeep]
|upkeep
|turn|39
|-message|SauceBoss10 forfeited.
|
|win|BWR monai
|raw|BWR monai's rating: 1335 &rarr; <strong>1365</strong><br />(+30 for winning)
|raw|SauceBoss10's rating: 1517 &rarr; <strong>1487</strong><br />(-30 for losing)
|l|☆SauceBoss10
|player|p2|
|l|☆BWR monai
|player|p1|
|j|☆BWR monai
|player|p1|BWR monai|backpacker|
