|j|☆Lancer MK
|j|☆refsunpersons
|player|p1|Lancer MK|#zinnia
|player|p2|refsunpersons|15
|teamsize|p1|6
|teamsize|p2|6
|gametype|singles
|gen|5
|tier|[Gen 5] OU
|rated|
|rule|Sleep Clause Mod: Limit one foe put to sleep
|rule|Species Clause: Limit one of each Pokémon
|rule|OHKO Clause: OHKO moves are banned
|rule|Moody Clause: Moody is banned
|rule|Evasion Moves Clause: Evasion moves are banned
|rule|Endless Battle Clause: Forcing endless battles is banned
|rule|HP Percentage Mod: HP is shown in percentages
|rule|Evasion Abilities Clause: Evasion abilities are banned
|rule|Baton Pass Clause: Limit one Baton Passer, can't pass Spe and other stats simultaneously
|rule|Swagger Clause: Swagger is banned
|clearpoke
|poke|p1|Reuniclus, M|item
|poke|p1|Tyranitar, M|item
|poke|p1|Rotom-Wash|item
|poke|p1|Landorus-Therian, M|item
|poke|p1|Gastrodon, F|item
|poke|p1|Excadrill, M|item
|poke|p2|Politoed, M|item
|poke|p2|Ferrothorn, M|item
|poke|p2|Xatu, F|item
|poke|p2|Diglett, M|item
|poke|p2|Latias, F|item
|poke|p2|Toxicroak, F|item
|teampreview
|inactive|Battle timer is ON: inactive players will automatically lose when time's up. (requested by Lancer MK)
|
|start
|switch|p1a: Rotom|Rotom-Wash|100/100
|switch|p2a: zaku|Xatu, F|100/100
|turn|1
|
|move|p1a: Rotom|Volt Switch|p2a: zaku
|-supereffective|p2a: zaku
|-damage|p2a: zaku|13/100
|
|switch|p1a: Tyranitar|Tyranitar, M|100/100
|-weather|Sandstorm|[from] ability: Sand Stream|[of] p1a: Tyranitar
|move|p2a: zaku|U-turn|p1a: Tyranitar
|-supereffective|p1a: Tyranitar
|-damage|p1a: Tyranitar|84/100
|
|switch|p2a: zeong|Toxicroak, F|100/100
|
|-weather|Sandstorm|[upkeep]
|-damage|p2a: zeong|94/100|[from] Sandstorm
|upkeep
|turn|2
|
|switch|p1a: Landorus|Landorus-Therian, M|100/100
|-ability|p1a: Landorus|Intimidate|boost
|-unboost|p2a: zeong|atk|1
|move|p2a: zeong|Ice Punch|p1a: Landorus
|-supereffective|p1a: Landorus
|-damage|p1a: Landorus|23/100
|-damage|p2a: zeong|85/100|[from] item: Life Orb
|
|-weather|Sandstorm|[upkeep]
|-damage|p2a: zeong|78/100|[from] Sandstorm
|upkeep
|turn|3
|
|switch|p2a: big zam|Ferrothorn, M|100/100
|move|p1a: Landorus|U-turn|p2a: big zam
|-damage|p2a: big zam|85/100
|-damage|p1a: Landorus|11/100|[from] ability: Iron Barbs|[of] p2a: big zam
|
|switch|p1a: Tyranitar|Tyranitar, M|84/100
|
|-weather|Sandstorm|[upkeep]
|-heal|p2a: big zam|91/100|[from] item: Leftovers
|upkeep
|turn|4
|
|switch|p2a: zaku|Xatu, F|13/100
|move|p1a: Tyranitar|Fire Blast|p2a: zaku
|-damage|p2a: zaku|0 fnt
|faint|p2a: zaku
|
|-weather|Sandstorm|[upkeep]
|upkeep
|
|switch|p2a: zeong|Toxicroak, F|78/100
|turn|5
|
|switch|p1a: Reuniclus|Reuniclus, M|100/100
|move|p2a: zeong|Swords Dance|p2a: zeong
|-boost|p2a: zeong|atk|2
|
|-weather|Sandstorm|[upkeep]
|-damage|p2a: zeong|72/100|[from] Sandstorm
|upkeep
|turn|6
|
|move|p2a: zeong|Sucker Punch|p1a: Reuniclus
|-supereffective|p1a: Reuniclus
|-damage|p1a: Reuniclus|6/100
|-damage|p2a: zeong|62/100|[from] item: Life Orb
|move|p1a: Reuniclus|Psyshock|p2a: zeong
|-supereffective|p2a: zeong
|-damage|p2a: zeong|0 fnt
|faint|p2a: zeong
|
|-weather|Sandstorm|[upkeep]
|-heal|p1a: Reuniclus|12/100|[from] item: Leftovers
|upkeep
|
|switch|p2a: rx-78-2|Latias, F|100/100
|turn|7
|
|switch|p2a: acguy|Diglett, M|100/100
|switch|p1a: Tyranitar|Tyranitar, M|84/100
|
|-weather|Sandstorm|[upkeep]
|upkeep
|turn|8
|
|move|p2a: acguy|Earthquake|p1a: Tyranitar
|-supereffective|p1a: Tyranitar
|-damage|p1a: Tyranitar|44/100
|move|p1a: Tyranitar|Ice Beam|p2a: acguy
|-supereffective|p2a: acguy
|-enditem|p2a: acguy|Focus Sash
|-damage|p2a: acguy|1/100
|
|-weather|Sandstorm|[upkeep]
|upkeep
|turn|9
|
|move|p2a: acguy|Reversal|p1a: Tyranitar
|-supereffective|p1a: Tyranitar
|-enditem|p1a: Tyranitar|Chople Berry|[eat]
|-enditem|p1a: Tyranitar|Chople Berry|[weaken]
|-damage|p1a: Tyranitar|0 fnt
|faint|p1a: Tyranitar
|
|-weather|Sandstorm|[upkeep]
|upkeep
|
|switch|p1a: Landorus|Landorus-Therian, M|11/100
|-ability|p1a: Landorus|Intimidate|boost
|-unboost|p2a: acguy|atk|1
|turn|10
|
|switch|p2a: big zam|Ferrothorn, M|91/100
|move|p1a: Landorus|Earthquake|p2a: big zam
|-damage|p2a: big zam|56/100
|
|-weather|Sandstorm|[upkeep]
|-heal|p2a: big zam|63/100|[from] item: Leftovers
|upkeep
|turn|11
|
|switch|p1a: Rotom|Rotom-Wash|100/100
|switch|p2a: rx-78-2|Latias, F|100/100
|
|-weather|Sandstorm|[upkeep]
|-damage|p2a: rx-78-2|94/100|[from] Sandstorm
|-damage|p1a: Rotom|94/100|[from] Sandstorm
|-heal|p2a: rx-78-2|100/100|[from] item: Leftovers
|-heal|p1a: Rotom|100/100|[from] item: Leftovers
|upkeep
|turn|12
|
|move|p2a: rx-78-2|Substitute|p2a: rx-78-2
|-start|p2a: rx-78-2|Substitute
|-damage|p2a: rx-78-2|75/100
|move|p1a: Rotom|Volt Switch|p2a: rx-78-2
|-resisted|p2a: rx-78-2
|-activate|p2a: rx-78-2|Substitute|[damage]
|
|switch|p1a: Landorus|Landorus-Therian, M|11/100
|-ability|p1a: Landorus|Intimidate|boost
|-immune|p2a: rx-78-2|[msg]
|
|-weather|Sandstorm|[upkeep]
|-damage|p2a: rx-78-2|69/100|[from] Sandstorm
|-heal|p2a: rx-78-2|75/100|[from] item: Leftovers
|upkeep
|turn|13
|
|move|p1a: Landorus|U-turn|p2a: rx-78-2
|-supereffective|p2a: rx-78-2
|-end|p2a: rx-78-2|Substitute
|
|switch|p1a: Excadrill|Excadrill, M|100/100
|-ability|p1a: Excadrill|Mold Breaker
|-item|p1a: Excadrill|Air Balloon
|move|p2a: rx-78-2|Dragon Pulse|p1a: Excadrill
|-resisted|p1a: Excadrill
|-damage|p1a: Excadrill|77/100
|-enditem|p1a: Excadrill|Air Balloon
|
|-weather|Sandstorm|[upkeep]
|-damage|p2a: rx-78-2|69/100|[from] Sandstorm
|-heal|p2a: rx-78-2|75/100|[from] item: Leftovers
|upkeep
|turn|14
|
|switch|p2a: big zam|Ferrothorn, M|63/100
|move|p1a: Excadrill|Earthquake|p2a: big zam
|-damage|p2a: big zam|28/100
|
|-weather|Sandstorm|[upkeep]
|-heal|p2a: big zam|35/100|[from] item: Leftovers
|upkeep
|turn|15
|
|move|p1a: Excadrill|Swords Dance|p1a: Excadrill
|-boost|p1a: Excadrill|atk|2
|move|p2a: big zam|Spikes|p1a: Excadrill
|-sidestart|p1: Lancer MK|Spikes
|
|-weather|Sandstorm|[upkeep]
|-heal|p2a: big zam|41/100|[from] item: Leftovers
|upkeep
|turn|16
|
|move|p1a: Excadrill|Earthquake|p2a: big zam
|-damage|p2a: big zam|0 fnt
|faint|p2a: big zam
|
|-weather|Sandstorm|[upkeep]
|upkeep
|
|switch|p2a: acguy|Diglett, M|1/100
|turn|17
|
|move|p2a: acguy|Reversal|p1a: Excadrill
|-supereffective|p1a: Excadrill
|-damage|p1a: Excadrill|0 fnt
|faint|p1a: Excadrill
|
|-weather|Sandstorm|[upkeep]
|upkeep
|
|switch|p1a: Landorus|Landorus-Therian, M|11/100
|-ability|p1a: Landorus|Intimidate|boost
|-unboost|p2a: acguy|atk|1
|turn|18
|
|move|p1a: Landorus|U-turn|p2a: acguy
|-damage|p2a: acguy|0 fnt
|faint|p2a: acguy
|
|switch|p1a: Gastrodon|Gastrodon, F|100/100
|-damage|p1a: Gastrodon|88/100|[from] Spikes
|
|-weather|Sandstorm|[upkeep]
|-heal|p1a: Gastrodon|94/100|[from] item: Leftovers
|upkeep
|
|switch|p2a: rx-78-2|Latias, F|75/100
|turn|19
|
|move|p2a: rx-78-2|Substitute|p2a: rx-78-2
|-start|p2a: rx-78-2|Substitute
|-damage|p2a: rx-78-2|50/100
|move|p1a: Gastrodon|Ice Beam|p2a: rx-78-2
|-supereffective|p2a: rx-78-2
|-crit|p2a: rx-78-2
|-end|p2a: rx-78-2|Substitute
|
|-weather|Sandstorm|[upkeep]
|-damage|p2a: rx-78-2|44/100|[from] Sandstorm
|-heal|p2a: rx-78-2|50/100|[from] item: Leftovers
|-heal|p1a: Gastrodon|99/100|[from] item: Leftovers
|upkeep
|turn|20
|
|move|p2a: rx-78-2|Substitute|p2a: rx-78-2
|-start|p2a: rx-78-2|Substitute
|-damage|p2a: rx-78-2|25/100
|move|p1a: Gastrodon|Toxic|p2a: rx-78-2
|-fail|p2a: rx-78-2
|
|-weather|Sandstorm|[upkeep]
|-damage|p2a: rx-78-2|19/100|[from] Sandstorm
|-heal|p2a: rx-78-2|25/100|[from] item: Leftovers
|-heal|p1a: Gastrodon|100/100|[from] item: Leftovers
|upkeep
|turn|21
|
|move|p2a: rx-78-2|Calm Mind|p2a: rx-78-2
|-boost|p2a: rx-78-2|spa|1
|-boost|p2a: rx-78-2|spd|1
|move|p1a: Gastrodon|Ice Beam|p2a: rx-78-2
|-supereffective|p2a: rx-78-2
|-activate|p2a: rx-78-2|Substitute|[damage]
|
|-weather|Sandstorm|[upkeep]
|-damage|p2a: rx-78-2|19/100|[from] Sandstorm
|-heal|p2a: rx-78-2|25/100|[from] item: Leftovers
|upkeep
|turn|22
|
|move|p2a: rx-78-2|Roost|p2a: rx-78-2
|-heal|p2a: rx-78-2|75/100
|move|p1a: Gastrodon|Ice Beam|p2a: rx-78-2
|-supereffective|p2a: rx-78-2
|-crit|p2a: rx-78-2
|-end|p2a: rx-78-2|Substitute
|
|-weather|Sandstorm|[upkeep]
|-damage|p2a: rx-78-2|69/100|[from] Sandstorm
|-heal|p2a: rx-78-2|75/100|[from] item: Leftovers
|upkeep
|turn|23
|
|switch|p1a: Landorus|Landorus-Therian, M|11/100
|-ability|p1a: Landorus|Intimidate|boost
|-unboost|p2a: rx-78-2|atk|1
|move|p2a: rx-78-2|Substitute|p2a: rx-78-2
|-start|p2a: rx-78-2|Substitute
|-damage|p2a: rx-78-2|50/100
|
|-weather|Sandstorm|[upkeep]
|-damage|p2a: rx-78-2|44/100|[from] Sandstorm
|-heal|p2a: rx-78-2|50/100|[from] item: Leftovers
|upkeep
|turn|24
|
|move|p1a: Landorus|U-turn|p2a: rx-78-2
|-supereffective|p2a: rx-78-2
|-end|p2a: rx-78-2|Substitute
|
|switch|p1a: Reuniclus|Reuniclus, M|12/100
|move|p2a: rx-78-2|Roost|p2a: rx-78-2
|-heal|p2a: rx-78-2|100/100
|
|-weather|Sandstorm|[upkeep]
|-damage|p2a: rx-78-2|94/100|[from] Sandstorm
|-heal|p2a: rx-78-2|100/100|[from] item: Leftovers
|-heal|p1a: Reuniclus|18/100|[from] item: Leftovers
|upkeep
|turn|25
|
|move|p2a: rx-78-2|Dragon Pulse|p1a: Reuniclus
|-damage|p1a: Reuniclus|0 fnt
|faint|p1a: Reuniclus
|
|-weather|Sandstorm|[upkeep]
|-damage|p2a: rx-78-2|94/100|[from] Sandstorm
|-heal|p2a: rx-78-2|100/100|[from] item: Leftovers
|upkeep
|
|switch|p1a: Landorus|Landorus-Therian, M|11/100
|-ability|p1a: Landorus|Intimidate|boost
|-unboost|p2a: rx-78-2|atk|1
|turn|26
|
|move|p1a: Landorus|U-turn|p2a: rx-78-2
|-supereffective|p2a: rx-78-2
|-damage|p2a: rx-78-2|46/100
|
|switch|p1a: Rotom|Rotom-Wash|100/100
|move|p2a: rx-78-2|Dragon Pulse|p1a: Rotom
|-damage|p1a: Rotom|43/100
|
|-weather|Sandstorm|[upkeep]
|-damage|p2a: rx-78-2|40/100|[from] Sandstorm
|-damage|p1a: Rotom|37/100|[from] Sandstorm
|-heal|p2a: rx-78-2|46/100|[from] item: Leftovers
|-heal|p1a: Rotom|43/100|[from] item: Leftovers
|upkeep
|turn|27
|
|switch|p1a: Landorus|Landorus-Therian, M|11/100
|-ability|p1a: Landorus|Intimidate|boost
|-unboost|p2a: rx-78-2|atk|1
|move|p2a: rx-78-2|Substitute|p2a: rx-78-2
|-start|p2a: rx-78-2|Substitute
|-damage|p2a: rx-78-2|21/100
|
|-weather|Sandstorm|[upkeep]
|-damage|p2a: rx-78-2|15/100|[from] Sandstorm
|-heal|p2a: rx-78-2|21/100|[from] item: Leftovers
|upkeep
|turn|28
|
|move|p1a: Landorus|U-turn|p2a: rx-78-2
|-supereffective|p2a: rx-78-2
|-end|p2a: rx-78-2|Substitute
|
|switch|p1a: Rotom|Rotom-Wash|43/100
|move|p2a: rx-78-2|Roost|p2a: rx-78-2
|-heal|p2a: rx-78-2|71/100
|
|-weather|Sandstorm|[upkeep]
|-damage|p2a: rx-78-2|65/100|[from] Sandstorm
|-damage|p1a: Rotom|37/100|[from] Sandstorm
|-heal|p2a: rx-78-2|71/100|[from] item: Leftovers
|-heal|p1a: Rotom|43/100|[from] item: Leftovers
|upkeep
|turn|29
|
|move|p2a: rx-78-2|Substitute|p2a: rx-78-2
|-start|p2a: rx-78-2|Substitute
|-damage|p2a: rx-78-2|46/100
|move|p1a: Rotom|Volt Switch|p2a: rx-78-2
|-resisted|p2a: rx-78-2
|-activate|p2a: rx-78-2|Substitute|[damage]
|-message|Lancer MK forfeited.
|
|win|refsunpersons
|l|☆Lancer MK
|raw|Lancer MK's rating: 1322 &rarr; <strong>1306</strong><br />(-16 for losing)
|raw|refsunpersons's rating: 1395 &rarr; <strong>1411</strong><br />(+16 for winning)
