|j|☆yoloboy9000
|j|☆gamerno1
|player|p1|yoloboy9000|2|1547
|player|p2|gamerno1|39|1404
|teamsize|p1|6
|teamsize|p2|6
|gametype|singles
|gen|5
|tier|[Gen 5] OU
|rated|
|clearpoke
|poke|p1|Tyranitar, M|item
|poke|p1|Magnezone|item
|poke|p1|Terrakion|item
|poke|p1|Latios, M|item
|poke|p1|Scizor, M|item
|poke|p1|Landorus-Therian, M|item
|poke|p2|Mamoswine, M|item
|poke|p2|Cloyster, F|item
|poke|p2|Lucario, M|item
|poke|p2|Gyarados, M|item
|poke|p2|Mew|item
|poke|p2|Uxie|item
|rule|Species Clause: Limit one of each Pokémon
|rule|OHKO Clause: OHKO moves are banned
|rule|Moody Clause: Moody is banned
|rule|Evasion Moves Clause: Evasion moves are banned
|rule|Endless Battle Clause: Forcing endless battles is banned
|rule|HP Percentage Mod: HP is shown in percentages
|rule|Evasion Abilities Clause: Evasion abilities are banned
|rule|Baton Pass Clause: Limit one Baton Passer, can't pass Spe and other stats simultaneously
|rule|Sleep Clause: Sleep-inducing moves are banned
|rule|Swagger Clause: Swagger is banned
|teampreview
|inactive|Battle timer is ON: inactive players will automatically lose when time's up. (requested by yoloboy9000)
|
|start
|switch|p1a: Pat Riely|Tyranitar, M|100/100
|switch|p2a: Mew|Mew|100/100
|-weather|Sandstorm|[from] ability: Sand Stream|[of] p1a: Pat Riely
|turn|1
|
|move|p2a: Mew|Taunt|p1a: Pat Riely
|-start|p1a: Pat Riely|move: Taunt
|cant|p1a: Pat Riely|move: Taunt|Stealth Rock
|
|-weather|Sandstorm|[upkeep]
|-damage|p2a: Mew|94/100|[from] Sandstorm
|upkeep
|turn|2
|
|switch|p1a: Bron Bron|Landorus-Therian, M|100/100
|-ability|p1a: Bron Bron|Intimidate|boost
|-unboost|p2a: Mew|atk|1
|move|p2a: Mew|Reflect|p2a: Mew
|-sidestart|p2: gamerno1|Reflect
|
|-weather|Sandstorm|[upkeep]
|-damage|p2a: Mew|88/100|[from] Sandstorm
|upkeep
|turn|3
|
|move|p2a: Mew|Stealth Rock|p1a: Bron Bron
|-sidestart|p1: yoloboy9000|move: Stealth Rock
|move|p1a: Bron Bron|Toxic|p2a: Mew
|-status|p2a: Mew|tox
|-activate|p2a: Mew|ability: Synchronize
|-status|p1a: Bron Bron|tox
|
|-weather|Sandstorm|[upkeep]
|-damage|p2a: Mew|82/100 tox|[from] Sandstorm
|-damage|p2a: Mew|76/100 tox|[from] psn
|-damage|p1a: Bron Bron|94/100 tox|[from] psn
|upkeep
|turn|4
|
|move|p2a: Mew|Light Screen|p2a: Mew
|-sidestart|p2: gamerno1|move: Light Screen
|move|p1a: Bron Bron|U-turn|p2a: Mew
|-supereffective|p2a: Mew
|-damage|p2a: Mew|47/100 tox
|
|switch|p1a: Miller|Scizor, M, shiny|100/100|[from]move: U-turn
|-damage|p1a: Miller|88/100|[from] Stealth Rock
|
|-weather|Sandstorm|[upkeep]
|-damage|p2a: Mew|41/100 tox|[from] Sandstorm
|-damage|p2a: Mew|28/100 tox|[from] psn
|upkeep
|turn|5
|
|move|p2a: Mew|Taunt|p1a: Miller
|-start|p1a: Miller|move: Taunt
|move|p1a: Miller|U-turn|p2a: Mew
|-supereffective|p2a: Mew
|-damage|p2a: Mew|0 fnt
|faint|p2a: Mew
|
|switch|p1a: Bron Bron|Landorus-Therian, M|94/100 tox|[from]move: U-turn
|-damage|p1a: Bron Bron|82/100 tox|[from] Stealth Rock
|
|-weather|Sandstorm|[upkeep]
|-damage|p1a: Bron Bron|76/100 tox|[from] psn
|upkeep
|
|switch|p2a: Gyarados|Gyarados, M|100/100
|turn|6
|
|move|p2a: Gyarados|Substitute|p2a: Gyarados
|-start|p2a: Gyarados|Substitute
|-damage|p2a: Gyarados|76/100
|move|p1a: Bron Bron|U-turn|p2a: Gyarados
|-resisted|p2a: Gyarados
|-activate|p2a: Gyarados|Substitute|[damage]
|
|switch|p1a: Pat Riely|Tyranitar, M|100/100|[from]move: U-turn
|-damage|p1a: Pat Riely|88/100|[from] Stealth Rock
|
|-weather|Sandstorm|[upkeep]
|-damage|p2a: Gyarados|69/100|[from] Sandstorm
|-heal|p2a: Gyarados|76/100|[from] item: Leftovers
|-heal|p1a: Pat Riely|94/100|[from] item: Leftovers
|upkeep
|turn|7
|
|move|p2a: Gyarados|Waterfall|p1a: Pat Riely
|-supereffective|p1a: Pat Riely
|-damage|p1a: Pat Riely|29/100
|move|p1a: Pat Riely|Roar|p2a: Gyarados
|drag|p2a: Mamoswine|Mamoswine, M|100/100
|
|-weather|Sandstorm|[upkeep]
|-heal|p1a: Pat Riely|35/100|[from] item: Leftovers
|upkeep
|turn|8
|
|move|p2a: Mamoswine|Earthquake|p1a: Pat Riely
|-supereffective|p1a: Pat Riely
|-crit|p1a: Pat Riely
|-damage|p1a: Pat Riely|0 fnt
|-damage|p2a: Mamoswine|91/100|[from] item: Life Orb
|faint|p1a: Pat Riely
|
|-weather|Sandstorm|[upkeep]
|upkeep
|
|switch|p1a: Miller|Scizor, M, shiny|88/100
|-damage|p1a: Miller|76/100|[from] Stealth Rock
|turn|9
|
|move|p2a: Mamoswine|Earthquake|p1a: Miller
|-damage|p1a: Miller|6/100
|-damage|p2a: Mamoswine|81/100|[from] item: Life Orb
|move|p1a: Miller|U-turn|p2a: Mamoswine
|-damage|p2a: Mamoswine|47/100
|
|switch|p1a: Bosh|Latios, M, shiny|100/100|[from]move: U-turn
|-damage|p1a: Bosh|88/100|[from] Stealth Rock
|
|-weather|Sandstorm|[upkeep]
|-damage|p1a: Bosh|82/100|[from] Sandstorm
|-sideend|p2: gamerno1|Reflect
|upkeep
|turn|10
|
|move|p2a: Mamoswine|Ice Shard|p1a: Bosh
|-supereffective|p1a: Bosh
|-crit|p1a: Bosh
|-damage|p1a: Bosh|0 fnt
|-damage|p2a: Mamoswine|37/100|[from] item: Life Orb
|faint|p1a: Bosh
|
|-weather|Sandstorm|[upkeep]
|upkeep
|
|switch|p1a: D.Wade|Terrakion|100/100
|-damage|p1a: D.Wade|94/100|[from] Stealth Rock
|turn|11
|
|move|p2a: Mamoswine|Ice Shard|p1a: D.Wade
|-damage|p1a: D.Wade|65/100
|-damage|p2a: Mamoswine|27/100|[from] item: Life Orb
|move|p1a: D.Wade|Stone Edge|p2a: Mamoswine|[miss]
|-miss|p1a: D.Wade|p2a: Mamoswine
|
|-weather|Sandstorm|[upkeep]
|-sideend|p2: gamerno1|move: Light Screen
|upkeep
|turn|12
|
|move|p2a: Mamoswine|Ice Shard|p1a: D.Wade
|-damage|p1a: D.Wade|33/100
|-damage|p2a: Mamoswine|17/100|[from] item: Life Orb
|move|p1a: D.Wade|Stone Edge|p2a: Mamoswine
|-damage|p2a: Mamoswine|0 fnt
|faint|p2a: Mamoswine
|
|-weather|Sandstorm|[upkeep]
|upkeep
|
|switch|p2a: Uxie|Uxie|100/100
|turn|13
|
|switch|p1a: Bron Bron|Landorus-Therian, M|76/100 tox
|-damage|p1a: Bron Bron|64/100 tox|[from] Stealth Rock
|-ability|p1a: Bron Bron|Intimidate|boost
|-unboost|p2a: Uxie|atk|1
|move|p2a: Uxie|Thunder Wave|p1a: Bron Bron
|-immune|p1a: Bron Bron
|
|-weather|Sandstorm|[upkeep]
|-damage|p2a: Uxie|94/100|[from] Sandstorm
|-damage|p1a: Bron Bron|58/100 tox|[from] psn
|upkeep
|turn|14
|
|move|p2a: Uxie|Reflect|p2a: Uxie
|-sidestart|p2: gamerno1|Reflect
|move|p1a: Bron Bron|Toxic|p2a: Uxie
|-status|p2a: Uxie|tox
|
|-weather|Sandstorm|[upkeep]
|-damage|p2a: Uxie|88/100 tox|[from] Sandstorm
|-damage|p2a: Uxie|82/100 tox|[from] psn
|-damage|p1a: Bron Bron|46/100 tox|[from] psn
|upkeep
|turn|15
|
|move|p2a: Uxie|Light Screen|p2a: Uxie
|-sidestart|p2: gamerno1|move: Light Screen
|move|p1a: Bron Bron|U-turn|p2a: Uxie
|-supereffective|p2a: Uxie
|-damage|p2a: Uxie|61/100 tox
|
|switch|p1a: Ray Allen|Magnezone|100/100|[from]move: U-turn
|-damage|p1a: Ray Allen|94/100|[from] Stealth Rock
|
|-weather|Sandstorm|[upkeep]
|-damage|p2a: Uxie|55/100 tox|[from] Sandstorm
|-heal|p1a: Ray Allen|100/100|[from] item: Leftovers
|-damage|p2a: Uxie|42/100 tox|[from] psn
|upkeep
|turn|16
|
|move|p1a: Ray Allen|Substitute|p1a: Ray Allen
|-start|p1a: Ray Allen|Substitute
|-damage|p1a: Ray Allen|76/100
|move|p2a: Uxie|Thunder Wave||[still]
|-fail|p2a: Uxie
|
|-weather|Sandstorm|[upkeep]
|-damage|p2a: Uxie|36/100 tox|[from] Sandstorm
|-heal|p1a: Ray Allen|82/100|[from] item: Leftovers
|-damage|p2a: Uxie|17/100 tox|[from] psn
|upkeep
|turn|17
|
|move|p1a: Ray Allen|Charge Beam|p2a: Uxie
|-damage|p2a: Uxie|8/100 tox
|move|p2a: Uxie|Thunder Wave||[still]
|-fail|p2a: Uxie
|
|-weather|Sandstorm|[upkeep]
|-damage|p2a: Uxie|2/100 tox|[from] Sandstorm
|-heal|p1a: Ray Allen|88/100|[from] item: Leftovers
|-damage|p2a: Uxie|0 fnt|[from] psn
|faint|p2a: Uxie
|upkeep
|
|switch|p2a: Lucario|Lucario, M|100/100
|turn|18
|
|move|p2a: Lucario|Close Combat|p1a: Ray Allen
|-supereffective|p1a: Ray Allen
|-end|p1a: Ray Allen|Substitute
|-unboost|p2a: Lucario|def|1
|-unboost|p2a: Lucario|spd|1
|-damage|p2a: Lucario|91/100|[from] item: Life Orb
|move|p1a: Ray Allen|Substitute|p1a: Ray Allen
|-start|p1a: Ray Allen|Substitute
|-damage|p1a: Ray Allen|63/100
|
|-weather|Sandstorm|[upkeep]
|-heal|p1a: Ray Allen|69/100|[from] item: Leftovers
|upkeep
|turn|19
|
|move|p2a: Lucario|Close Combat|p1a: Ray Allen
|-supereffective|p1a: Ray Allen
|-end|p1a: Ray Allen|Substitute
|-unboost|p2a: Lucario|def|1
|-unboost|p2a: Lucario|spd|1
|-damage|p2a: Lucario|81/100|[from] item: Life Orb
|move|p1a: Ray Allen|Substitute|p1a: Ray Allen
|-start|p1a: Ray Allen|Substitute
|-damage|p1a: Ray Allen|44/100
|
|-weather|Sandstorm|[upkeep]
|-heal|p1a: Ray Allen|50/100|[from] item: Leftovers
|upkeep
|turn|20
|
|move|p2a: Lucario|Close Combat|p1a: Ray Allen
|-supereffective|p1a: Ray Allen
|-end|p1a: Ray Allen|Substitute
|-unboost|p2a: Lucario|def|1
|-unboost|p2a: Lucario|spd|1
|-damage|p2a: Lucario|71/100|[from] item: Life Orb
|move|p1a: Ray Allen|Substitute|p1a: Ray Allen
|-start|p1a: Ray Allen|Substitute
|-damage|p1a: Ray Allen|26/100
|
|-weather|Sandstorm|[upkeep]
|-heal|p1a: Ray Allen|32/100|[from] item: Leftovers
|upkeep
|turn|21
|
|move|p2a: Lucario|Close Combat|p1a: Ray Allen
|-supereffective|p1a: Ray Allen
|-end|p1a: Ray Allen|Substitute
|-unboost|p2a: Lucario|def|1
|-unboost|p2a: Lucario|spd|1
|-damage|p2a: Lucario|61/100|[from] item: Life Orb
|move|p1a: Ray Allen|Substitute|p1a: Ray Allen
|-start|p1a: Ray Allen|Substitute
|-damage|p1a: Ray Allen|7/100
|
|-weather|Sandstorm|[upkeep]
|-heal|p1a: Ray Allen|13/100|[from] item: Leftovers
|-sideend|p2: gamerno1|Reflect
|upkeep
|turn|22
|
|move|p2a: Lucario|Close Combat|p1a: Ray Allen
|-supereffective|p1a: Ray Allen
|-end|p1a: Ray Allen|Substitute
|-unboost|p2a: Lucario|def|1
|-unboost|p2a: Lucario|spd|1
|-damage|p2a: Lucario|51/100|[from] item: Life Orb
|move|p1a: Ray Allen|Hidden Power|p2a: Lucario
|-supereffective|p2a: Lucario
|-damage|p2a: Lucario|0 fnt
|faint|p2a: Lucario
|
|-weather|Sandstorm|[upkeep]
|-heal|p1a: Ray Allen|19/100|[from] item: Leftovers
|-sideend|p2: gamerno1|move: Light Screen
|upkeep
|
|switch|p2a: Gyarados|Gyarados, M|76/100
|turn|23
|
|move|p2a: Gyarados|Waterfall|p1a: Ray Allen
|-damage|p1a: Ray Allen|0 fnt
|faint|p1a: Ray Allen
|-ability|p2a: Gyarados|Moxie|boost
|-boost|p2a: Gyarados|atk|1
|
|-weather|Sandstorm|[upkeep]
|-damage|p2a: Gyarados|69/100|[from] Sandstorm
|-heal|p2a: Gyarados|76/100|[from] item: Leftovers
|upkeep
|
|switch|p1a: D.Wade|Terrakion|33/100
|-damage|p1a: D.Wade|27/100|[from] Stealth Rock
|turn|24
|
|move|p1a: D.Wade|Stone Edge|p2a: Gyarados
|-supereffective|p2a: Gyarados
|-damage|p2a: Gyarados|0 fnt
|faint|p2a: Gyarados
|
|-weather|Sandstorm|[upkeep]
|upkeep
|
|switch|p2a: Cloyster|Cloyster, F|100/100
|turn|25
|
|move|p1a: D.Wade|Stone Edge|p2a: Cloyster
|-supereffective|p2a: Cloyster
|-damage|p2a: Cloyster|19/100
|move|p2a: Cloyster|Shell Smash|p2a: Cloyster
|-unboost|p2a: Cloyster|def|1
|-unboost|p2a: Cloyster|spd|1
|-boost|p2a: Cloyster|atk|2
|-boost|p2a: Cloyster|spa|2
|-boost|p2a: Cloyster|spe|2
|
|-weather|Sandstorm|[upkeep]
|-damage|p2a: Cloyster|12/100|[from] Sandstorm
|upkeep
|turn|26
|
|move|p2a: Cloyster|Icicle Spear|p1a: D.Wade
|-damage|p1a: D.Wade|0 fnt
|-hitcount|p1a: D.Wade|1
|faint|p1a: D.Wade
|
|-weather|Sandstorm|[upkeep]
|-damage|p2a: Cloyster|6/100|[from] Sandstorm
|upkeep
|
|switch|p1a: Bron Bron|Landorus-Therian, M|46/100 tox
|-damage|p1a: Bron Bron|33/100 tox|[from] Stealth Rock
|-ability|p1a: Bron Bron|Intimidate|boost
|-unboost|p2a: Cloyster|atk|1
|turn|27
|
|switch|p1a: Miller|Scizor, M, shiny|6/100
|-damage|p1a: Miller|0 fnt|[from] Stealth Rock
|faint|p1a: Miller
|move|p2a: Cloyster|Icicle Spear|p1: Miller|[notarget]
|-fail|p2a: Cloyster
|
|-weather|Sandstorm|[upkeep]
|-damage|p2a: Cloyster|0 fnt|[from] Sandstorm
|faint|p2a: Cloyster
|
|win|yoloboy9000
|upkeep
|raw|yoloboy9000's rating: 1547 &rarr; <strong>1560</strong><br />(+13 for winning)
|raw|gamerno1's rating: 1404 &rarr; <strong>1392</strong><br />(-12 for losing)
|l|☆gamerno1
