|j|☆Conflict
|j|☆basewave
|player|p1|Conflict|266|1545
|player|p2|basewave|morty|1440
|teamsize|p1|6
|teamsize|p2|6
|gametype|singles
|gen|5
|tier|[Gen 5] OU
|rated|
|rule|Sleep Clause Mod: Limit one foe put to sleep
|rule|Species Clause: Limit one of each Pokémon
|rule|OHKO Clause: OHKO moves are banned
|rule|Moody Clause: Moody is banned
|rule|Evasion Moves Clause: Evasion moves are banned
|rule|Endless Battle Clause: Forcing endless battles is banned
|rule|HP Percentage Mod: HP is shown in percentages
|rule|Evasion Abilities Clause: Evasion abilities are banned
|rule|Baton Pass Clause: Limit one Baton Passer, can't pass Spe and other stats simultaneously
|rule|Swagger Clause: Swagger is banned
|clearpoke
|poke|p1|Landorus-Therian, M|item
|poke|p1|Tyranitar, F|item
|poke|p1|Heatran, F|item
|poke|p1|Rotom-Wash|item
|poke|p1|Ferrothorn, M|item
|poke|p1|Mew|item
|poke|p2|Garchomp, M|item
|poke|p2|Alakazam, M|item
|poke|p2|Tyranitar, M|item
|poke|p2|Landorus-Therian, M|item
|poke|p2|Ferrothorn, M|item
|poke|p2|Latios, M|item
|teampreview
|
|start
|switch|p1a: Mew|Mew|100/100
|switch|p2a: Tyranitar|Tyranitar, M|100/100
|-weather|Sandstorm|[from] ability: Sand Stream|[of] p2a: Tyranitar
|turn|1
|inactive|Battle timer is ON: inactive players will automatically lose when time's up. (requested by Conflict)
|
|move|p1a: Mew|Will-O-Wisp|p2a: Tyranitar
|-status|p2a: Tyranitar|brn
|move|p2a: Tyranitar|Dark Pulse|p1a: Mew
|-supereffective|p1a: Mew
|-damage|p1a: Mew|36/100
|
|-weather|Sandstorm|[upkeep]
|-damage|p1a: Mew|30/100|[from] Sandstorm
|-heal|p1a: Mew|36/100|[from] item: Leftovers
|-damage|p2a: Tyranitar|88/100 brn|[from] brn
|upkeep
|turn|2
|
|switch|p1a: Heatran|Heatran, F|100/100
|move|p2a: Tyranitar|Dark Pulse|p1a: Heatran
|-resisted|p1a: Heatran
|-damage|p1a: Heatran|88/100
|
|-weather|Sandstorm|[upkeep]
|-heal|p1a: Heatran|94/100|[from] item: Leftovers
|-damage|p2a: Tyranitar|76/100 brn|[from] brn
|upkeep
|turn|3
|
|switch|p2a: Alakazam|Alakazam, M|100/100
|move|p1a: Heatran|Toxic|p2a: Alakazam
|-status|p2a: Alakazam|tox
|
|-weather|Sandstorm|[upkeep]
|-heal|p1a: Heatran|100/100|[from] item: Leftovers
|upkeep
|turn|4
|
|switch|p2a: Latios|Latios, M|100/100
|switch|p1a: Landorus|Landorus-Therian, M|100/100
|-ability|p1a: Landorus|Intimidate|boost
|-unboost|p2a: Latios|atk|1
|
|-weather|Sandstorm|[upkeep]
|-damage|p2a: Latios|95/100|[from] Sandstorm
|upkeep
|turn|5
|
|switch|p2a: Ferrothorn|Ferrothorn, M|100/100
|switch|p1a: Ferrothorn|Ferrothorn, M|100/100
|
|-weather|Sandstorm|[upkeep]
|upkeep
|turn|6
|
|switch|p1a: Mew|Mew|36/100
|move|p2a: Ferrothorn|Spikes|p1a: Mew
|-sidestart|p1: Conflict|Spikes
|
|-weather|Sandstorm|[upkeep]
|-damage|p1a: Mew|30/100|[from] Sandstorm
|-heal|p1a: Mew|36/100|[from] item: Leftovers
|upkeep
|turn|7
|
|switch|p2a: Tyranitar|Tyranitar, M|76/100 brn
|move|p1a: Mew|Soft-Boiled|p1a: Mew
|-heal|p1a: Mew|86/100
|
|-weather|Sandstorm|[upkeep]
|-damage|p1a: Mew|80/100|[from] Sandstorm
|-heal|p1a: Mew|86/100|[from] item: Leftovers
|-damage|p2a: Tyranitar|64/100 brn|[from] brn
|upkeep
|turn|8
|
|switch|p1a: Ferrothorn|Ferrothorn, M|100/100
|-damage|p1a: Ferrothorn|88/100|[from] Spikes
|move|p2a: Tyranitar|Superpower|p1a: Ferrothorn
|-supereffective|p1a: Ferrothorn
|-damage|p1a: Ferrothorn|59/100
|-damage|p2a: Tyranitar|52/100 brn|[from] ability: Iron Barbs|[of] p1a: Ferrothorn
|-unboost|p2a: Tyranitar|atk|1
|-unboost|p2a: Tyranitar|def|1
|
|-weather|Sandstorm|[upkeep]
|-heal|p1a: Ferrothorn|65/100|[from] item: Leftovers
|-damage|p2a: Tyranitar|39/100 brn|[from] brn
|upkeep
|turn|9
|
|switch|p1a: Heatran|Heatran, F|100/100
|-damage|p1a: Heatran|88/100|[from] Spikes
|move|p2a: Tyranitar|Fire Blast|p1a: Heatran
|-start|p1a: Heatran|ability: Flash Fire
|
|-weather|Sandstorm|[upkeep]
|-heal|p1a: Heatran|94/100|[from] item: Leftovers
|-damage|p2a: Tyranitar|27/100 brn|[from] brn
|upkeep
|turn|10
|
|switch|p2a: Latios|Latios, M|95/100
|move|p1a: Heatran|Lava Plume|p2a: Latios
|-resisted|p2a: Latios
|-damage|p2a: Latios|69/100
|-status|p2a: Latios|brn
|
|-weather|Sandstorm|[upkeep]
|-damage|p2a: Latios|63/100 brn|[from] Sandstorm
|-heal|p1a: Heatran|100/100|[from] item: Leftovers
|-damage|p2a: Latios|51/100 brn|[from] brn
|upkeep
|turn|11
|j| fatchour
|
|move|p1a: Heatran|Protect|p1a: Heatran
|-singleturn|p1a: Heatran|Protect
|move|p2a: Latios|Surf|p1a: Heatran
|-activate|p1a: Heatran|move: Protect
|
|-weather|Sandstorm|[upkeep]
|-damage|p2a: Latios|45/100 brn|[from] Sandstorm
|-damage|p2a: Latios|33/100 brn|[from] brn
|upkeep
|turn|12
|
|move|p2a: Latios|Roost|p2a: Latios
|-heal|p2a: Latios|83/100 brn
|-singleturn|p2a: Latios|move: Roost
|move|p1a: Heatran|Lava Plume|p2a: Latios
|-resisted|p2a: Latios
|-crit|p2a: Latios
|-damage|p2a: Latios|31/100 brn
|
|-weather|Sandstorm|[upkeep]
|-damage|p2a: Latios|25/100 brn|[from] Sandstorm
|-damage|p2a: Latios|13/100 brn|[from] brn
|upkeep
|turn|13
|
|-end|p1a: Heatran|ability: Flash Fire|[silent]
|switch|p1a: Tyranitar|Tyranitar, F|100/100
|-damage|p1a: Tyranitar|88/100|[from] Spikes
|move|p2a: Latios|Roost|p2a: Latios
|-heal|p2a: Latios|63/100 brn
|-singleturn|p2a: Latios|move: Roost
|
|-weather|Sandstorm|[upkeep]
|-damage|p2a: Latios|57/100 brn|[from] Sandstorm
|-damage|p2a: Latios|45/100 brn|[from] brn
|upkeep
|turn|14
|
|move|p1a: Tyranitar|Pursuit|p2a: Latios
|-supereffective|p2a: Latios
|-damage|p2a: Latios|0 fnt
|faint|p2a: Latios
|
|-weather|Sandstorm|[upkeep]
|upkeep
|
|switch|p2a: Landorus|Landorus-Therian, M|100/100
|-ability|p2a: Landorus|Intimidate|boost
|-unboost|p1a: Tyranitar|atk|1
|turn|15
|
|switch|p1a: Ferrothorn|Ferrothorn, M|65/100
|-damage|p1a: Ferrothorn|53/100|[from] Spikes
|move|p2a: Landorus|U-turn|p1a: Ferrothorn
|-damage|p1a: Ferrothorn|35/100
|-damage|p2a: Landorus|88/100|[from] ability: Iron Barbs|[of] p1a: Ferrothorn
|
|switch|p2a: Tyranitar|Tyranitar, M|27/100 brn|[from]move: U-turn
|
|-weather|Sandstorm|[upkeep]
|-heal|p1a: Ferrothorn|42/100|[from] item: Leftovers
|-damage|p2a: Tyranitar|15/100 brn|[from] brn
|upkeep
|turn|16
|
|move|p1a: Ferrothorn|Protect|p1a: Ferrothorn
|-singleturn|p1a: Ferrothorn|Protect
|move|p2a: Tyranitar|Superpower|p1a: Ferrothorn
|-activate|p1a: Ferrothorn|move: Protect
|
|-weather|Sandstorm|[upkeep]
|-heal|p1a: Ferrothorn|48/100|[from] item: Leftovers
|-damage|p2a: Tyranitar|3/100 brn|[from] brn
|upkeep
|turn|17
|
|switch|p1a: Tyranitar|Tyranitar, F|88/100
|-damage|p1a: Tyranitar|76/100|[from] Spikes
|move|p2a: Tyranitar|Ice Beam|p1a: Tyranitar
|-damage|p1a: Tyranitar|60/100
|
|-weather|Sandstorm|[upkeep]
|-damage|p2a: Tyranitar|0 fnt|[from] brn
|faint|p2a: Tyranitar
|upkeep
|
|switch|p2a: Landorus|Landorus-Therian, M|88/100
|-ability|p2a: Landorus|Intimidate|boost
|-unboost|p1a: Tyranitar|atk|1
|turn|18
|
|move|p2a: Landorus|U-turn|p1a: Tyranitar
|-supereffective|p1a: Tyranitar
|-damage|p1a: Tyranitar|8/100
|l| fatchour
|
|switch|p2a: Ferrothorn|Ferrothorn, M|100/100|[from]move: U-turn
|move|p1a: Tyranitar|Superpower|p2a: Ferrothorn
|-supereffective|p2a: Ferrothorn
|-damage|p2a: Ferrothorn|62/100
|-damage|p1a: Tyranitar|0 fnt|[from] ability: Iron Barbs|[of] p2a: Ferrothorn
|faint|p1a: Tyranitar
|
|-weather|Sandstorm|[upkeep]
|-heal|p2a: Ferrothorn|68/100|[from] item: Leftovers
|upkeep
|
|switch|p1a: Heatran|Heatran, F|100/100
|-damage|p1a: Heatran|88/100|[from] Spikes
|turn|19
|
|switch|p2a: Garchomp|Garchomp, M|100/100
|move|p1a: Heatran|Lava Plume|p2a: Garchomp
|-resisted|p2a: Garchomp
|-damage|p2a: Garchomp|80/100
|
|-weather|Sandstorm|[upkeep]
|-heal|p1a: Heatran|94/100|[from] item: Leftovers
|upkeep
|turn|20
|
|switch|p1a: Landorus|Landorus-Therian, M|100/100
|-ability|p1a: Landorus|Intimidate|boost
|-unboost|p2a: Garchomp|atk|1
|move|p2a: Garchomp|Stealth Rock|p1a: Landorus
|-sidestart|p1: Conflict|move: Stealth Rock
|
|-weather|Sandstorm|[upkeep]
|upkeep
|turn|21
|
|switch|p2a: Ferrothorn|Ferrothorn, M|68/100
|move|p1a: Landorus|Stealth Rock|p2a: Ferrothorn
|-sidestart|p2: basewave|move: Stealth Rock
|
|-weather|Sandstorm|[upkeep]
|-heal|p2a: Ferrothorn|74/100|[from] item: Leftovers
|upkeep
|turn|22
|
|switch|p1a: Ferrothorn|Ferrothorn, M|48/100
|-damage|p1a: Ferrothorn|35/100|[from] Spikes
|-damage|p1a: Ferrothorn|29/100|[from] Stealth Rock
|move|p2a: Ferrothorn|Spikes|p1a: Ferrothorn
|-sidestart|p1: Conflict|Spikes
|
|-weather|Sandstorm|[upkeep]
|-heal|p1a: Ferrothorn|35/100|[from] item: Leftovers
|-heal|p2a: Ferrothorn|80/100|[from] item: Leftovers
|upkeep
|turn|23
|
|switch|p2a: Alakazam|Alakazam, M|100/100 tox
|move|p1a: Ferrothorn|Spikes|p2a: Alakazam
|-sidestart|p2: basewave|Spikes
|
|-weather|Sandstorm|[upkeep]
|-heal|p1a: Ferrothorn|42/100|[from] item: Leftovers
|upkeep
|turn|24
|
|move|p1a: Ferrothorn|Protect|p1a: Ferrothorn
|-singleturn|p1a: Ferrothorn|Protect
|move|p2a: Alakazam|Focus Blast|p1a: Ferrothorn
|-activate|p1a: Ferrothorn|move: Protect
|
|-weather|Sandstorm|[upkeep]
|-heal|p1a: Ferrothorn|48/100|[from] item: Leftovers
|upkeep
|turn|25
|
|move|p2a: Alakazam|Focus Blast|p1a: Ferrothorn
|-supereffective|p1a: Ferrothorn
|-damage|p1a: Ferrothorn|0 fnt
|faint|p1a: Ferrothorn
|
|-weather|Sandstorm|[upkeep]
|upkeep
|inactive|Conflict has 120 seconds left.
|
|switch|p1a: Rotom|Rotom-Wash|100/100
|-damage|p1a: Rotom|88/100|[from] Stealth Rock
|turn|26
|
|switch|p2a: Landorus|Landorus-Therian, M|88/100
|-damage|p2a: Landorus|76/100|[from] Stealth Rock
|-ability|p2a: Landorus|Intimidate|boost
|-unboost|p1a: Rotom|atk|1
|move|p1a: Rotom|Volt Switch|p2a: Landorus
|-immune|p2a: Landorus
|
|-weather|Sandstorm|[upkeep]
|-damage|p1a: Rotom|82/100|[from] Sandstorm
|-heal|p1a: Rotom|88/100|[from] item: Leftovers
|upkeep
|turn|27
|inactive|Conflict has 120 seconds left.
|
|move|p2a: Landorus|U-turn|p1a: Rotom
|-crit|p1a: Rotom
|-damage|p1a: Rotom|27/100
|
|switch|p2a: Ferrothorn|Ferrothorn, M|80/100|[from]move: U-turn
|-damage|p2a: Ferrothorn|68/100|[from] Spikes
|-damage|p2a: Ferrothorn|62/100|[from] Stealth Rock
|move|p1a: Rotom|Volt Switch|p2a: Ferrothorn
|-resisted|p2a: Ferrothorn
|-damage|p2a: Ferrothorn|53/100
|
|switch|p1a: Heatran|Heatran, F|94/100|[from]move: Volt Switch
|-damage|p1a: Heatran|82/100|[from] Stealth Rock
|-damage|p1a: Heatran|65/100|[from] Spikes
|
|-weather|Sandstorm|[upkeep]
|-heal|p1a: Heatran|71/100|[from] item: Leftovers
|-heal|p2a: Ferrothorn|59/100|[from] item: Leftovers
|upkeep
|turn|28
|
|switch|p2a: Garchomp|Garchomp, M|80/100
|-damage|p2a: Garchomp|68/100|[from] Spikes
|-damage|p2a: Garchomp|62/100|[from] Stealth Rock
|move|p1a: Heatran|Lava Plume|p2a: Garchomp
|-resisted|p2a: Garchomp
|-damage|p2a: Garchomp|41/100
|
|-weather|Sandstorm|[upkeep]
|-heal|p1a: Heatran|78/100|[from] item: Leftovers
|upkeep
|turn|29
|
|switch|p1a: Landorus|Landorus-Therian, M|100/100
|-damage|p1a: Landorus|88/100|[from] Stealth Rock
|-ability|p1a: Landorus|Intimidate|boost
|-unboost|p2a: Garchomp|atk|1
|move|p2a: Garchomp|Outrage|p1a: Landorus
|-enditem|p2a: Garchomp|Dragon Gem|[from] gem|[move] Outrage
|-damage|p1a: Landorus|38/100
|
|-weather|Sandstorm|[upkeep]
|-heal|p1a: Landorus|44/100|[from] item: Leftovers
|upkeep
|turn|30
|
|move|p2a: Garchomp|Outrage|p1a: Landorus|[from]lockedmove
|-damage|p1a: Landorus|10/100
|move|p1a: Landorus|Hidden Power|p2a: Garchomp
|-supereffective|p2a: Garchomp
|-damage|p2a: Garchomp|0 fnt
|faint|p2a: Garchomp
|
|-weather|Sandstorm|[upkeep]
|-heal|p1a: Landorus|16/100|[from] item: Leftovers
|upkeep
|
|switch|p2a: Alakazam|Alakazam, M|100/100 tox
|turn|31
|
|move|p2a: Alakazam|Psychic|p1a: Landorus
|-damage|p1a: Landorus|0 fnt
|faint|p1a: Landorus
|
|-weather|Sandstorm|[upkeep]
|upkeep
|
|switch|p1a: Heatran|Heatran, F|78/100
|-damage|p1a: Heatran|65/100|[from] Stealth Rock
|-damage|p1a: Heatran|49/100|[from] Spikes
|turn|32
|
|move|p1a: Heatran|Protect|p1a: Heatran
|-singleturn|p1a: Heatran|Protect
|move|p2a: Alakazam|Focus Blast|p1a: Heatran
|-activate|p1a: Heatran|move: Protect
|
|-weather|Sandstorm|[upkeep]
|-heal|p1a: Heatran|55/100|[from] item: Leftovers
|upkeep
|turn|33
|
|move|p2a: Alakazam|Focus Blast|p1a: Heatran|[miss]
|-miss|p2a: Alakazam|p1a: Heatran
|move|p1a: Heatran|Lava Plume|p2a: Alakazam
|-damage|p2a: Alakazam|48/100 tox
|
|-weather|Sandstorm|[upkeep]
|-heal|p1a: Heatran|61/100|[from] item: Leftovers
|upkeep
|turn|34
|
|move|p2a: Alakazam|Focus Blast|p1a: Heatran
|-supereffective|p1a: Heatran
|-damage|p1a: Heatran|0 fnt
|faint|p1a: Heatran
|
|-weather|Sandstorm|[upkeep]
|upkeep
|
|switch|p1a: Mew|Mew|86/100
|-damage|p1a: Mew|73/100|[from] Stealth Rock
|-damage|p1a: Mew|57/100|[from] Spikes
|turn|35
|
|move|p2a: Alakazam|Shadow Ball|p1a: Mew
|-supereffective|p1a: Mew
|-damage|p1a: Mew|2/100
|move|p1a: Mew|Soft-Boiled|p1a: Mew
|-heal|p1a: Mew|52/100
|
|-weather|Sandstorm|[upkeep]
|-damage|p1a: Mew|46/100|[from] Sandstorm
|-heal|p1a: Mew|52/100|[from] item: Leftovers
|upkeep
|turn|36
|-message|Conflict forfeited.
|
|win|basewave
|l|☆Conflict
|raw|Conflict's rating: 1553 &rarr; <strong>1527</strong><br />(-26 for losing)
|raw|basewave's rating: 1454 &rarr; <strong>1479</strong><br />(+25 for winning)
