|j|☆blackkaiser
|j|☆ey2137r
|player|p1|blackkaiser|101|1569
|player|p2|ey2137r|steven|1376
|teamsize|p1|6
|teamsize|p2|6
|gametype|singles
|gen|5
|tier|[Gen 5] OU
|rated|
|clearpoke
|poke|p1|Hippowdon, F|item
|poke|p1|Ferrothorn, F|item
|poke|p1|Jellicent, F|item
|poke|p1|Latios, M|item
|poke|p1|Garchomp, M|item
|poke|p1|Scizor, F|item
|poke|p2|Slowbro, M|item
|poke|p2|Amoonguss, M|item
|poke|p2|Heatran, F|item
|poke|p2|Excadrill, M|item
|poke|p2|Dragonite, M|item
|poke|p2|Scrafty, M|item
|rule|Species Clause: Limit one of each Pokémon
|rule|OHKO Clause: OHKO moves are banned
|rule|Moody Clause: Moody is banned
|rule|Evasion Moves Clause: Evasion moves are banned
|rule|Endless Battle Clause: Forcing endless battles is banned
|rule|HP Percentage Mod: HP is shown in percentages
|rule|Evasion Abilities Clause: Evasion abilities are banned
|rule|Baton Pass Clause: Limit one Baton Passer, can't pass Spe and other stats simultaneously
|rule|Sleep Clause: Sleep-inducing moves are banned
|rule|Swagger Clause: Swagger is banned
|teampreview
|inactive|Battle timer is ON: inactive players will automatically lose when time's up. (requested by ey2137r)
|
|start
|switch|p1a: Hippowdon|Hippowdon, F|100/100
|switch|p2a: Heatran|Heatran, F|100/100
|-weather|Sandstorm|[from] ability: Sand Stream|[of] p1a: Hippowdon
|turn|1
|
|move|p2a: Heatran|Stealth Rock|p1a: Hippowdon
|-sidestart|p1: blackkaiser|move: Stealth Rock
|move|p1a: Hippowdon|Stealth Rock|p2a: Heatran
|-sidestart|p2: ey2137r|move: Stealth Rock
|
|-weather|Sandstorm|[upkeep]
|upkeep
|turn|2
|
|switch|p2a: Slowbro|Slowbro, M|100/100
|-damage|p2a: Slowbro|88/100|[from] Stealth Rock
|move|p1a: Hippowdon|Roar|p2a: Slowbro
|drag|p2a: Scrafty|Scrafty, M|100/100
|-damage|p2a: Scrafty|95/100|[from] Stealth Rock
|
|-weather|Sandstorm|[upkeep]
|-damage|p2a: Scrafty|89/100|[from] Sandstorm
|-heal|p2a: Scrafty|95/100|[from] item: Leftovers
|upkeep
|turn|3
|
|move|p2a: Scrafty|Ice Punch|p1a: Hippowdon
|-supereffective|p1a: Hippowdon
|-damage|p1a: Hippowdon|80/100
|move|p1a: Hippowdon|Earthquake|p2a: Scrafty
|-damage|p2a: Scrafty|54/100
|
|-weather|Sandstorm|[upkeep]
|-damage|p2a: Scrafty|48/100|[from] Sandstorm
|-heal|p2a: Scrafty|54/100|[from] item: Leftovers
|-heal|p1a: Hippowdon|87/100|[from] item: Leftovers
|upkeep
|turn|4
|
|switch|p2a: Slowbro|Slowbro, M|100/100
|-damage|p2a: Slowbro|88/100|[from] Stealth Rock
|move|p1a: Hippowdon|Roar|p2a: Slowbro
|drag|p2a: Scrafty|Scrafty, M|54/100
|-damage|p2a: Scrafty|48/100|[from] Stealth Rock
|
|-weather|Sandstorm|[upkeep]
|-damage|p2a: Scrafty|43/100|[from] Sandstorm
|-heal|p2a: Scrafty|48/100|[from] item: Leftovers
|-heal|p1a: Hippowdon|93/100|[from] item: Leftovers
|upkeep
|turn|5
|
|switch|p2a: Slowbro|Slowbro, M|100/100
|-damage|p2a: Slowbro|88/100|[from] Stealth Rock
|move|p1a: Hippowdon|Earthquake|p2a: Slowbro
|-damage|p2a: Slowbro|67/100
|
|-weather|Sandstorm|[upkeep]
|-damage|p2a: Slowbro|61/100|[from] Sandstorm
|-heal|p1a: Hippowdon|99/100|[from] item: Leftovers
|-heal|p2a: Slowbro|67/100|[from] item: Leftovers
|upkeep
|turn|6
|
|switch|p1a: Jellicent|Jellicent, F|100/100
|-damage|p1a: Jellicent|88/100|[from] Stealth Rock
|move|p2a: Slowbro|Scald|p1a: Jellicent
|-heal|p1a: Jellicent|100/100|[from] ability: Water Absorb|[of] p2a: Slowbro
|
|-weather|Sandstorm|[upkeep]
|-damage|p1a: Jellicent|94/100|[from] Sandstorm
|-damage|p2a: Slowbro|61/100|[from] Sandstorm
|-heal|p1a: Jellicent|100/100|[from] item: Leftovers
|-heal|p2a: Slowbro|67/100|[from] item: Leftovers
|upkeep
|turn|7
|
|switch|p2a: Amoonguss|Amoonguss, M|100/100
|-damage|p2a: Amoonguss|88/100|[from] Stealth Rock
|move|p1a: Jellicent|Shadow Ball|p2a: Amoonguss
|-damage|p2a: Amoonguss|73/100
|
|-weather|Sandstorm|[upkeep]
|-damage|p1a: Jellicent|94/100|[from] Sandstorm
|-damage|p2a: Amoonguss|66/100|[from] Sandstorm
|-heal|p1a: Jellicent|100/100|[from] item: Leftovers
|-heal|p2a: Amoonguss|73/100|[from] item: Black Sludge
|upkeep
|turn|8
|
|move|p1a: Jellicent|Will-O-Wisp|p2a: Amoonguss
|-status|p2a: Amoonguss|brn
|move|p2a: Amoonguss|Giga Drain|p1a: Jellicent
|-supereffective|p1a: Jellicent
|-damage|p1a: Jellicent|75/100
|-heal|p2a: Amoonguss|85/100 brn|[from] drain|[of] p1a: Jellicent
|
|-weather|Sandstorm|[upkeep]
|-damage|p1a: Jellicent|69/100|[from] Sandstorm
|-damage|p2a: Amoonguss|78/100 brn|[from] Sandstorm
|-heal|p1a: Jellicent|75/100|[from] item: Leftovers
|-heal|p2a: Amoonguss|85/100 brn|[from] item: Black Sludge
|-damage|p2a: Amoonguss|72/100 brn|[from] brn
|upkeep
|turn|9
|
|switch|p1a: Garchomp|Garchomp, M|100/100
|-damage|p1a: Garchomp|94/100|[from] Stealth Rock
|move|p2a: Amoonguss|Stun Spore|p1a: Garchomp|[miss]
|-miss|p2a: Amoonguss|p1a: Garchomp
|
|-weather|Sandstorm|[upkeep]
|-damage|p2a: Amoonguss|66/100 brn|[from] Sandstorm
|-heal|p2a: Amoonguss|72/100 brn|[from] item: Black Sludge
|-damage|p2a: Amoonguss|60/100 brn|[from] brn
|upkeep
|turn|10
|
|switch|p2a: Slowbro|Slowbro, M|100/100
|-damage|p2a: Slowbro|88/100|[from] Stealth Rock
|move|p1a: Garchomp|Fire Blast|p2a: Slowbro
|-resisted|p2a: Slowbro
|-damage|p2a: Slowbro|68/100
|-damage|p1a: Garchomp|85/100|[from] item: Life Orb
|
|-weather|Sandstorm|[upkeep]
|-damage|p2a: Slowbro|61/100|[from] Sandstorm
|-heal|p2a: Slowbro|68/100|[from] item: Leftovers
|upkeep
|turn|11
|
|move|p1a: Garchomp|Draco Meteor|p2a: Slowbro
|-damage|p2a: Slowbro|2/100
|-unboost|p1a: Garchomp|spa|2
|-damage|p1a: Garchomp|75/100|[from] item: Life Orb
|move|p2a: Slowbro|Ice Beam|p1a: Garchomp
|-supereffective|p1a: Garchomp
|-damage|p1a: Garchomp|0 fnt
|faint|p1a: Garchomp
|
|-weather|Sandstorm|[upkeep]
|-damage|p2a: Slowbro|0 fnt|[from] Sandstorm
|faint|p2a: Slowbro
|upkeep
|
|switch|p1a: Hippowdon|Hippowdon, F|99/100
|switch|p2a: Amoonguss|Amoonguss, M|93/100 brn
|-damage|p1a: Hippowdon|93/100|[from] Stealth Rock
|-damage|p2a: Amoonguss|80/100 brn|[from] Stealth Rock
|turn|12
|
|switch|p1a: Ferrothorn|Ferrothorn, F|100/100
|-damage|p1a: Ferrothorn|95/100|[from] Stealth Rock
|move|p2a: Amoonguss|Giga Drain|p1a: Ferrothorn
|-resisted|p1a: Ferrothorn
|-damage|p1a: Ferrothorn|89/100
|-heal|p2a: Amoonguss|82/100 brn|[from] drain|[of] p1a: Ferrothorn
|
|-weather|Sandstorm|[upkeep]
|-damage|p2a: Amoonguss|76/100 brn|[from] Sandstorm
|-heal|p2a: Amoonguss|82/100 brn|[from] item: Black Sludge
|-damage|p2a: Amoonguss|70/100 brn|[from] brn
|upkeep
|turn|13
|
|move|p2a: Amoonguss|Hidden Power|p1a: Ferrothorn
|-supereffective|p1a: Ferrothorn
|-damage|p1a: Ferrothorn|40/100
|move|p1a: Ferrothorn|Spikes|p2a: Amoonguss
|-sidestart|p2: ey2137r|Spikes
|
|-weather|Sandstorm|[upkeep]
|-damage|p2a: Amoonguss|64/100 brn|[from] Sandstorm
|-heal|p2a: Amoonguss|70/100 brn|[from] item: Black Sludge
|-damage|p2a: Amoonguss|57/100 brn|[from] brn
|upkeep
|turn|14
|
|move|p2a: Amoonguss|Hidden Power|p1a: Ferrothorn
|-supereffective|p1a: Ferrothorn
|-damage|p1a: Ferrothorn|0 fnt
|faint|p1a: Ferrothorn
|
|-weather|Sandstorm|[upkeep]
|-damage|p2a: Amoonguss|51/100 brn|[from] Sandstorm
|-heal|p2a: Amoonguss|57/100 brn|[from] item: Black Sludge
|-damage|p2a: Amoonguss|45/100 brn|[from] brn
|upkeep
|
|switch|p1a: Latios|Latios, M, shiny|100/100
|-damage|p1a: Latios|88/100|[from] Stealth Rock
|turn|15
|
|switch|p2a: Heatran|Heatran, F|100/100
|-damage|p2a: Heatran|88/100|[from] Stealth Rock
|-damage|p2a: Heatran|76/100|[from] Spikes
|move|p1a: Latios|Draco Meteor|p2a: Heatran
|-resisted|p2a: Heatran
|-damage|p2a: Heatran|42/100
|-unboost|p1a: Latios|spa|2
|
|-weather|Sandstorm|[upkeep]
|-damage|p1a: Latios|82/100|[from] Sandstorm
|-heal|p2a: Heatran|48/100|[from] item: Leftovers
|upkeep
|turn|16
|
|switch|p1a: Hippowdon|Hippowdon, F|93/100
|-damage|p1a: Hippowdon|87/100|[from] Stealth Rock
|switch|p2a: Excadrill|Excadrill, M|100/100
|-damage|p2a: Excadrill|97/100|[from] Stealth Rock
|-damage|p2a: Excadrill|85/100|[from] Spikes
|-ability|p2a: Excadrill|Mold Breaker
|
|-weather|Sandstorm|[upkeep]
|-heal|p1a: Hippowdon|93/100|[from] item: Leftovers
|upkeep
|turn|17
|
|switch|p1a: Jellicent|Jellicent, F|75/100
|-damage|p1a: Jellicent|63/100|[from] Stealth Rock
|move|p2a: Excadrill|Rapid Spin|p1a: Jellicent
|-immune|p1a: Jellicent
|
|-weather|Sandstorm|[upkeep]
|-damage|p1a: Jellicent|57/100|[from] Sandstorm
|-heal|p1a: Jellicent|63/100|[from] item: Leftovers
|upkeep
|turn|18
|
|switch|p2a: Heatran|Heatran, F|48/100
|-damage|p2a: Heatran|36/100|[from] Spikes
|-damage|p2a: Heatran|23/100|[from] Stealth Rock
|move|p1a: Jellicent|Scald|p2a: Heatran
|-supereffective|p2a: Heatran
|-damage|p2a: Heatran|0 fnt
|faint|p2a: Heatran
|
|-weather|Sandstorm|[upkeep]
|-damage|p1a: Jellicent|57/100|[from] Sandstorm
|-heal|p1a: Jellicent|63/100|[from] item: Leftovers
|upkeep
|
|switch|p2a: Scrafty|Scrafty, M|48/100
|-damage|p2a: Scrafty|36/100|[from] Spikes
|-damage|p2a: Scrafty|30/100|[from] Stealth Rock
|turn|19
|
|switch|p1a: Hippowdon|Hippowdon, F|93/100
|-damage|p1a: Hippowdon|87/100|[from] Stealth Rock
|move|p2a: Scrafty|Crunch|p1a: Hippowdon
|-damage|p1a: Hippowdon|69/100
|
|-weather|Sandstorm|[upkeep]
|-damage|p2a: Scrafty|24/100|[from] Sandstorm
|-heal|p2a: Scrafty|30/100|[from] item: Leftovers
|-heal|p1a: Hippowdon|75/100|[from] item: Leftovers
|upkeep
|turn|20
|
|switch|p2a: Amoonguss|Amoonguss, M|78/100 brn
|-damage|p2a: Amoonguss|66/100 brn|[from] Spikes
|-damage|p2a: Amoonguss|53/100 brn|[from] Stealth Rock
|move|p1a: Hippowdon|Earthquake|p2a: Amoonguss
|-damage|p2a: Amoonguss|15/100 brn
|
|-weather|Sandstorm|[upkeep]
|-damage|p2a: Amoonguss|9/100 brn|[from] Sandstorm
|-heal|p1a: Hippowdon|81/100|[from] item: Leftovers
|-heal|p2a: Amoonguss|15/100 brn|[from] item: Black Sludge
|-damage|p2a: Amoonguss|2/100 brn|[from] brn
|upkeep
|turn|21
|
|move|p1a: Hippowdon|Earthquake|p2a: Amoonguss
|-damage|p2a: Amoonguss|0 fnt
|faint|p2a: Amoonguss
|
|-weather|Sandstorm|[upkeep]
|-heal|p1a: Hippowdon|87/100|[from] item: Leftovers
|upkeep
|inactive|ey2137r has 120 seconds left.
|
|switch|p2a: Dragonite|Dragonite, M|100/100
|-damage|p2a: Dragonite|76/100|[from] Stealth Rock
|turn|22
|
|move|p2a: Dragonite|Earthquake|p1a: Hippowdon
|-damage|p1a: Hippowdon|68/100
|move|p1a: Hippowdon|Roar|p2a: Dragonite
|drag|p2a: Excadrill|Excadrill, M|85/100
|-damage|p2a: Excadrill|73/100|[from] Spikes
|-damage|p2a: Excadrill|69/100|[from] Stealth Rock
|-ability|p2a: Excadrill|Mold Breaker
|
|-weather|Sandstorm|[upkeep]
|-heal|p1a: Hippowdon|74/100|[from] item: Leftovers
|upkeep
|turn|23
|
|move|p2a: Excadrill|Earthquake|p1a: Hippowdon
|-damage|p1a: Hippowdon|44/100
|move|p1a: Hippowdon|Earthquake|p2a: Excadrill
|-supereffective|p2a: Excadrill
|-damage|p2a: Excadrill|0 fnt
|faint|p2a: Excadrill
|
|-weather|Sandstorm|[upkeep]
|-heal|p1a: Hippowdon|50/100|[from] item: Leftovers
|upkeep
|inactive|ey2137r has 120 seconds left.
|
|switch|p2a: Scrafty|Scrafty, M|30/100
|-damage|p2a: Scrafty|18/100|[from] Spikes
|-damage|p2a: Scrafty|12/100|[from] Stealth Rock
|turn|24
|
|move|p2a: Scrafty|Drain Punch|p1a: Hippowdon
|-crit|p1a: Hippowdon
|-damage|p1a: Hippowdon|16/100
|-heal|p2a: Scrafty|39/100|[from] drain|[of] p1a: Hippowdon
|move|p1a: Hippowdon|Slack Off|p1a: Hippowdon
|-heal|p1a: Hippowdon|66/100
|
|-weather|Sandstorm|[upkeep]
|-damage|p2a: Scrafty|33/100|[from] Sandstorm
|-heal|p2a: Scrafty|39/100|[from] item: Leftovers
|-heal|p1a: Hippowdon|73/100|[from] item: Leftovers
|upkeep
|turn|25
|
|move|p2a: Scrafty|Drain Punch|p1a: Hippowdon
|-crit|p1a: Hippowdon
|-damage|p1a: Hippowdon|42/100
|-heal|p2a: Scrafty|62/100|[from] drain|[of] p1a: Hippowdon
|move|p1a: Hippowdon|Roar|p2a: Scrafty
|drag|p2a: Dragonite|Dragonite, M|76/100
|-damage|p2a: Dragonite|51/100|[from] Stealth Rock
|
|-weather|Sandstorm|[upkeep]
|-damage|p2a: Dragonite|45/100|[from] Sandstorm
|-heal|p1a: Hippowdon|48/100|[from] item: Leftovers
|upkeep
|turn|26
|
|move|p2a: Dragonite|Outrage|p1a: Hippowdon
|-damage|p1a: Hippowdon|16/100
|move|p1a: Hippowdon|Slack Off|p1a: Hippowdon
|-heal|p1a: Hippowdon|66/100
|
|-weather|Sandstorm|[upkeep]
|-damage|p2a: Dragonite|39/100|[from] Sandstorm
|-heal|p1a: Hippowdon|73/100|[from] item: Leftovers
|upkeep
|turn|27
|-message|ey2137r forfeited.
|
|win|blackkaiser
|l|☆ey2137r
|raw|blackkaiser's rating: 1569 &rarr; <strong>1579</strong><br />(+10 for winning)
|raw|ey2137r's rating: 1376 &rarr; <strong>1366</strong><br />(-10 for losing)
