|uhtml|medal-msg|<div class="broadcast-blue">Curious what those medals under the avatar are? PS now has Ladder Seasons! For more information, check out the <a href="https://www.smogon.com/forums/threads/3740067/">thread on Smogon.</a></div>
|uhtml|medal-msg|<div class="broadcast-blue">Curious what those medals under the avatar are? PS now has Ladder Seasons! For more information, check out the <a href="https://www.smogon.com/forums/threads/3740067/">thread on Smogon.</a></div>
|j|☆BWVC BookofConke
|j|☆torinoko city
|t:|1713309150
|gametype|singles
|player|p1|BWVC BookofConke|silver|1401
|player|p2|torinoko city|miku-flying|1392
|teamsize|p1|6
|teamsize|p2|6
|gen|5
|tier|[Gen 5] OU
|rated|
|rule|Species Clause: Limit one of each Pokémon
|rule|OHKO Clause: OHKO moves are banned
|rule|Moody Clause: Moody is banned
|rule|Evasion Items Clause: Evasion items are banned
|rule|Evasion Moves Clause: Evasion moves are banned
|rule|Endless Battle Clause: Forcing endless battles is banned
|rule|HP Percentage Mod: HP is shown in percentages
|rule|Evasion Abilities Clause: Evasion abilities are banned
|rule|Sleep Moves Clause: Sleep-inducing moves are banned
|rule|Swagger Clause: Swagger is banned
|rule|Baton Pass Stat Clause: No Baton Passer may have a way to boost its stats
|clearpoke
|poke|p1|Garchomp, M|item
|poke|p1|Kyurem-Black|item
|poke|p1|Latios, M|item
|poke|p1|Magnezone|item
|poke|p1|Reuniclus, F|item
|poke|p1|Scizor, F|item
|poke|p2|Politoed, F|item
|poke|p2|Ferrothorn, F|item
|poke|p2|Tentacruel, M|item
|poke|p2|Latios, M|item
|poke|p2|Mamoswine, F|item
|poke|p2|Thundurus-Therian, M|item
|teampreview
|inactive|Battle timer is ON: inactive players will automatically lose when time's up. (requested by torinoko city)
|c|☆torinoko city|hi conke
|j| Neighthan Trainer
|
|t:|1713309170
|start
|switch|p1a: Kyurem|Kyurem-Black|100/100
|switch|p2a: Politoed|Politoed, F|100/100
|-ability|p1a: Kyurem|Teravolt
|-weather|RainDance|[from] ability: Drizzle|[of] p2a: Politoed
|turn|1
|c|☆BWVC BookofConke|Hello
|j| paralelepipid
|c|☆BWVC BookofConke|Still testing stuff haha
|
|t:|1713309200
|move|p1a: Kyurem|Fusion Bolt|p2a: Politoed
|-supereffective|p2a: Politoed
|-damage|p2a: Politoed|0 fnt
|faint|p2a: Politoed
|
|-weather|RainDance|[upkeep]
|upkeep
|
|t:|1713309204
|switch|p2a: Mamoswine|Mamoswine, F|100/100
|turn|2
|inactive|BWVC BookofConke has 120 seconds left.
|
|t:|1713309248
|switch|p1a: Reuniclus|Reuniclus, F|100/100
|move|p2a: Mamoswine|Icicle Crash|p1a: Reuniclus
|-damage|p1a: Reuniclus|28/100
|
|-weather|RainDance|[upkeep]
|upkeep
|turn|3
|l| paralelepipid
|j| paralelepipid
|l| paralelepipid
|inactive|BWVC BookofConke has 90 seconds left.
|
|t:|1713309280
|move|p2a: Mamoswine|Icicle Crash|p1a: Reuniclus
|-damage|p1a: Reuniclus|0 fnt
|faint|p1a: Reuniclus
|
|-weather|RainDance|[upkeep]
|upkeep
|
|t:|1713309291
|switch|p1a: Scizor|Scizor, F|100/100
|turn|4
|j| paralelepipid
|
|t:|1713309298
|switch|p2a: Tentacruel|Tentacruel, M|100/100
|move|p1a: Scizor|U-turn|p2a: Tentacruel
|-resisted|p2a: Tentacruel
|-crit|p2a: Tentacruel
|-damage|p2a: Tentacruel|34/100
|
|t:|1713309311
|switch|p1a: Garchomp|Garchomp, M|100/100|[from] U-turn
|
|-weather|RainDance|[upkeep]
|-heal|p2a: Tentacruel|40/100|[from] ability: Rain Dish
|-heal|p2a: Tentacruel|46/100|[from] item: Black Sludge
|upkeep
|turn|5
|
|t:|1713309319
|move|p1a: Garchomp|Stealth Rock|p2a: Tentacruel
|-sidestart|p2: torinoko city|move: Stealth Rock
|move|p2a: Tentacruel|Scald|p1a: Garchomp
|-crit|p1a: Garchomp
|-damage|p1a: Garchomp|32/100
|-status|p1a: Garchomp|brn
|
|-weather|RainDance|[upkeep]
|-heal|p2a: Tentacruel|52/100|[from] ability: Rain Dish
|-heal|p2a: Tentacruel|58/100|[from] item: Black Sludge
|-damage|p1a: Garchomp|19/100 brn|[from] brn
|upkeep
|turn|6
|l| paralelepipid
|
|t:|1713309340
|move|p2a: Tentacruel|Protect|p2a: Tentacruel
|-singleturn|p2a: Tentacruel|Protect
|move|p1a: Garchomp|Earthquake|p2a: Tentacruel
|-activate|p2a: Tentacruel|move: Protect
|
|-weather|RainDance|[upkeep]
|-heal|p2a: Tentacruel|64/100|[from] ability: Rain Dish
|-heal|p2a: Tentacruel|70/100|[from] item: Black Sludge
|-damage|p1a: Garchomp|7/100 brn|[from] brn
|upkeep
|turn|7
|
|t:|1713309351
|move|p2a: Tentacruel|Protect||[still]
|-fail|p2a: Tentacruel
|move|p1a: Garchomp|Outrage|p2a: Tentacruel
|-damage|p2a: Tentacruel|32/100
|
|-weather|RainDance|[upkeep]
|-heal|p2a: Tentacruel|38/100|[from] ability: Rain Dish
|-heal|p2a: Tentacruel|44/100|[from] item: Black Sludge
|-damage|p1a: Garchomp|0 fnt|[from] brn
|faint|p1a: Garchomp
|upkeep
|inactive|BWVC BookofConke has 60 seconds left.
|
|t:|1713309368
|switch|p1a: Kyurem|Kyurem-Black|100/100
|-ability|p1a: Kyurem|Teravolt
|turn|8
|inactive|BWVC BookofConke has 60 seconds left.
|
|t:|1713309381
|move|p2a: Tentacruel|Protect|p2a: Tentacruel
|-singleturn|p2a: Tentacruel|Protect
|move|p1a: Kyurem|Dragon Claw|p2a: Tentacruel
|-activate|p2a: Tentacruel|move: Protect
|
|-weather|RainDance|[upkeep]
|-heal|p2a: Tentacruel|50/100|[from] ability: Rain Dish
|-heal|p2a: Tentacruel|57/100|[from] item: Black Sludge
|upkeep
|turn|9
|
|t:|1713309391
|move|p2a: Tentacruel|Rapid Spin|p1a: Kyurem
|-damage|p1a: Kyurem|98/100
|-sideend|p2: torinoko city|Stealth Rock|[from] move: Rapid Spin|[of] p2a: Tentacruel
|move|p1a: Kyurem|Dragon Claw|p2a: Tentacruel
|-damage|p2a: Tentacruel|0 fnt
|faint|p2a: Tentacruel
|
|-weather|RainDance|[upkeep]
|upkeep
|
|t:|1713309404
|switch|p2a: Ferrothorn|Ferrothorn, F|100/100
|turn|10
|
|t:|1713309407
|switch|p1a: Magnezone|Magnezone|100/100
|move|p2a: Ferrothorn|Stealth Rock|p1a: Magnezone
|-sidestart|p1: BWVC BookofConke|move: Stealth Rock
|
|-weather|RainDance|[upkeep]
|upkeep
|turn|11
|
|t:|1713309417
|move|p1a: Magnezone|Sunny Day|p1a: Magnezone
|-weather|SunnyDay
|move|p2a: Ferrothorn|Spikes|p1a: Magnezone
|-sidestart|p1: BWVC BookofConke|Spikes
|
|-weather|SunnyDay|[upkeep]
|upkeep
|turn|12
|
|t:|1713309423
|move|p1a: Magnezone|Hidden Power|p2a: Ferrothorn
|-supereffective|p2a: Ferrothorn
|-damage|p2a: Ferrothorn|0 fnt
|faint|p2a: Ferrothorn
|
|-weather|SunnyDay|[upkeep]
|upkeep
|
|t:|1713309426
|switch|p2a: Mamoswine|Mamoswine, F|100/100
|turn|13
|inactive|BWVC BookofConke has 90 seconds left.
|
|t:|1713309440
|move|p2a: Mamoswine|Earthquake|p1a: Magnezone
|-supereffective|p1a: Magnezone
|-damage|p1a: Magnezone|0 fnt
|faint|p1a: Magnezone
|
|-weather|SunnyDay|[upkeep]
|upkeep
|inactive|BWVC BookofConke has 90 seconds left.
|
|t:|1713309449
|switch|p1a: Latios|Latios, M|100/100
|-damage|p1a: Latios|88/100|[from] Stealth Rock
|turn|14
|inactive|BWVC BookofConke has 90 seconds left.
|
|t:|1713309461
|switch|p2a: Latios|Latios, M|100/100
|move|p1a: Latios|Dragon Pulse|p2a: Latios
|-supereffective|p2a: Latios
|-damage|p2a: Latios|9/100
|
|-weather|SunnyDay|[upkeep]
|upkeep
|turn|15
|inactive|BWVC BookofConke has 90 seconds left.
|
|t:|1713309477
|switch|p1a: Scizor|Scizor, F|100/100
|-damage|p1a: Scizor|88/100|[from] Stealth Rock
|-damage|p1a: Scizor|76/100|[from] Spikes
|move|p2a: Latios|Dragon Pulse|p1a: Scizor
|-resisted|p1a: Scizor
|-damage|p1a: Scizor|38/100
|
|-weather|none
|upkeep
|turn|16
|inactive|BWVC BookofConke has 90 seconds left.
|
|t:|1713309509
|move|p1a: Scizor|Bullet Punch|p2a: Latios
|-damage|p2a: Latios|0 fnt
|faint|p2a: Latios
|
|upkeep
|
|t:|1713309512
|switch|p2a: Thundurus|Thundurus-Therian, M|100/100
|turn|17
|
|t:|1713309518
|move|p1a: Scizor|Bullet Punch|p2a: Thundurus
|-resisted|p2a: Thundurus
|-damage|p2a: Thundurus|60/100
|move|p2a: Thundurus|Agility|p2a: Thundurus
|-boost|p2a: Thundurus|spe|2
|
|-heal|p2a: Thundurus|67/100|[from] item: Leftovers
|upkeep
|turn|18
|
|t:|1713309527
|move|p1a: Scizor|Bullet Punch|p2a: Thundurus
|-resisted|p2a: Thundurus
|-crit|p2a: Thundurus
|-damage|p2a: Thundurus|0 fnt
|faint|p2a: Thundurus
|
|upkeep
|
|t:|1713309530
|switch|p2a: Mamoswine|Mamoswine, F|100/100
|turn|19
|
|t:|1713309534
|move|p2a: Mamoswine|Ice Shard|p1a: Scizor
|-resisted|p1a: Scizor
|-damage|p1a: Scizor|20/100
|move|p1a: Scizor|Bullet Punch|p2a: Mamoswine
|-supereffective|p2a: Mamoswine
|-damage|p2a: Mamoswine|0 fnt
|faint|p2a: Mamoswine
|
|win|BWVC BookofConke
|raw|BWVC BookofConke's rating: 1401 &rarr; <strong>1420</strong><br />(+19 for winning)
|raw|torinoko city's rating: 1392 &rarr; <strong>1373</strong><br />(-19 for losing)
|c|☆torinoko city|gg
|l|☆torinoko city
|player|p2|
|c|☆BWVC BookofConke|Oog sorry
|l| Neighthan Trainer
