|uhtml|medal-msg|<div class="broadcast-blue">Curious what those medals under the avatar are? PS now has Ladder Seasons! For more information, check out the <a href="https://www.smogon.com/forums/threads/3740067/">thread on Smogon.</a></div>
|uhtml|medal-msg|<div class="broadcast-blue">Curious what those medals under the avatar are? PS now has Ladder Seasons! For more information, check out the <a href="https://www.smogon.com/forums/threads/3740067/">thread on Smogon.</a></div>
|j|☆ghosted by brizz
|j|☆torinoko city
|t:|1712675805
|gametype|singles
|player|p1|ghosted by brizz|lady-gen6oras|1503
|player|p2|torinoko city|miku-flying|1371
|teamsize|p1|6
|teamsize|p2|6
|gen|5
|tier|[Gen 5] OU
|rated|
|rule|Species Clause: Limit one of each Pokémon
|rule|OHKO Clause: OHKO moves are banned
|rule|Moody Clause: Moody is banned
|rule|Evasion Items Clause: Evasion items are banned
|rule|Evasion Moves Clause: Evasion moves are banned
|rule|Endless Battle Clause: Forcing endless battles is banned
|rule|HP Percentage Mod: HP is shown in percentages
|rule|Evasion Abilities Clause: Evasion abilities are banned
|rule|Sleep Moves Clause: Sleep-inducing moves are banned
|rule|Swagger Clause: Swagger is banned
|rule|Baton Pass Stat Clause: No Baton Passer may have a way to boost its stats
|clearpoke
|poke|p1|Breloom, M|item
|poke|p1|Latios, M|item
|poke|p1|Scizor, M|item
|poke|p1|Gyarados, F|item
|poke|p1|Krookodile, F|item
|poke|p1|Aerodactyl, M|item
|poke|p2|Tyranitar, M|item
|poke|p2|Skarmory, F|item
|poke|p2|Alakazam, M|item
|poke|p2|Gastrodon, M|item
|poke|p2|Gliscor, F|item
|poke|p2|Reuniclus, M|item
|teampreview
|inactive|Battle timer is ON: inactive players will automatically lose when time's up. (requested by torinoko city)
|
|t:|1712675816
|start
|switch|p1a: Aerodactyl|Aerodactyl, M|100/100
|switch|p2a: Gliscor|Gliscor, F|100/100
|-ability|p1a: Aerodactyl|Pressure
|turn|1
|
|t:|1712675821
|switch|p2a: Gastrodon|Gastrodon, M|100/100
|move|p1a: Aerodactyl|Taunt|p2a: Gastrodon
|-start|p2a: Gastrodon|move: Taunt
|
|upkeep
|turn|2
|
|t:|1712675824
|move|p1a: Aerodactyl|Stealth Rock|p2a: Gastrodon
|-sidestart|p2: torinoko city|move: Stealth Rock
|move|p2a: Gastrodon|Scald|p1a: Aerodactyl
|-supereffective|p1a: Aerodactyl
|-damage|p1a: Aerodactyl|31/100
|-status|p1a: Aerodactyl|brn
|
|-damage|p1a: Aerodactyl|19/100 brn|[from] brn
|upkeep
|turn|3
|
|t:|1712675830
|move|p1a: Aerodactyl|Crunch|p2a: Gastrodon
|-damage|p2a: Gastrodon|93/100
|-unboost|p2a: Gastrodon|def|1
|move|p2a: Gastrodon|Scald|p1a: Aerodactyl
|-supereffective|p1a: Aerodactyl
|-crit|p1a: Aerodactyl
|-damage|p1a: Aerodactyl|0 fnt
|faint|p1a: Aerodactyl
|
|-end|p2a: Gastrodon|move: Taunt
|upkeep
|
|t:|1712675850
|switch|p1a: Breloom|Breloom, M|100/100
|turn|4
|
|t:|1712675855
|switch|p2a: Skarmory|Skarmory, F|100/100
|-damage|p2a: Skarmory|88/100|[from] Stealth Rock
|move|p1a: Breloom|Low Sweep|p2a: Skarmory
|-damage|p2a: Skarmory|47/100
|-unboost|p2a: Skarmory|spe|1
|-damage|p1a: Breloom|84/100|[from] item: Rocky Helmet|[of] p2a: Skarmory
|
|upkeep
|turn|5
|
|t:|1712675858
|switch|p2a: Gliscor|Gliscor, F|100/100
|-damage|p2a: Gliscor|88/100|[from] Stealth Rock
|move|p1a: Breloom|Superpower|p2a: Gliscor
|-resisted|p2a: Gliscor
|-damage|p2a: Gliscor|64/100
|-unboost|p1a: Breloom|atk|1
|-unboost|p1a: Breloom|def|1
|
|-status|p2a: Gliscor|tox|[from] item: Toxic Orb
|upkeep
|turn|6
|
|t:|1712675866
|switch|p1a: Gyarados|Gyarados, F|100/100
|-ability|p1a: Gyarados|Intimidate|boost
|-unboost|p2a: Gliscor|atk|1
|move|p2a: Gliscor|Stealth Rock|p1a: Gyarados
|-sidestart|p1: ghosted by brizz|move: Stealth Rock
|
|-heal|p2a: Gliscor|76/100 tox|[from] ability: Poison Heal
|upkeep
|turn|7
|
|t:|1712675873
|switch|p2a: Reuniclus|Reuniclus, M|100/100
|move|p1a: Gyarados|Dragon Dance|p1a: Gyarados
|-boost|p1a: Gyarados|atk|1
|-boost|p1a: Gyarados|spe|1
|
|upkeep
|turn|8
|
|t:|1712675875
|move|p1a: Gyarados|Waterfall|p2a: Reuniclus
|-damage|p2a: Reuniclus|52/100
|move|p2a: Reuniclus|Psyshock|p1a: Gyarados
|-damage|p1a: Gyarados|49/100
|
|upkeep
|turn|9
|
|t:|1712675880
|move|p1a: Gyarados|Waterfall|p2a: Reuniclus
|-damage|p2a: Reuniclus|0 fnt
|faint|p2a: Reuniclus
|
|upkeep
|
|t:|1712675884
|switch|p2a: Alakazam|Alakazam, M|100/100
|turn|10
|
|t:|1712675889
|move|p1a: Gyarados|Waterfall|p2a: Alakazam
|-enditem|p2a: Alakazam|Focus Sash
|-damage|p2a: Alakazam|1/100
|move|p2a: Alakazam|Psychic|p1a: Gyarados
|-damage|p1a: Gyarados|2/100
|
|upkeep
|turn|11
|
|t:|1712675899
|switch|p2a: Skarmory|Skarmory, F|47/100
|-damage|p2a: Skarmory|35/100|[from] Stealth Rock
|move|p1a: Gyarados|Waterfall|p2a: Skarmory
|-damage|p2a: Skarmory|0 fnt
|-damage|p1a: Gyarados|0 fnt|[from] item: Rocky Helmet|[of] p2a: Skarmory
|faint|p1a: Gyarados
|faint|p2a: Skarmory
|
|upkeep
|
|t:|1712675910
|switch|p1a: Breloom|Breloom, M|84/100
|switch|p2a: Gastrodon|Gastrodon, M|93/100
|-damage|p1a: Breloom|78/100|[from] Stealth Rock
|-damage|p2a: Gastrodon|86/100|[from] Stealth Rock
|turn|12
|
|t:|1712675916
|switch|p2a: Gliscor|Gliscor, F|76/100 tox
|-damage|p2a: Gliscor|64/100 tox|[from] Stealth Rock
|move|p1a: Breloom|Bullet Seed|p2a: Gliscor
|-damage|p2a: Gliscor|46/100 tox
|-damage|p2a: Gliscor|29/100 tox
|-damage|p2a: Gliscor|14/100 tox
|-damage|p2a: Gliscor|0 fnt
|faint|p2a: Gliscor
|-hitcount|p2: Gliscor|4
|
|upkeep
|
|t:|1712675920
|switch|p2a: Tyranitar|Tyranitar, M|100/100
|-damage|p2a: Tyranitar|88/100|[from] Stealth Rock
|-weather|Sandstorm|[from] ability: Sand Stream|[of] p2a: Tyranitar
|turn|13
|
|t:|1712675924
|move|p1a: Breloom|Low Sweep|p2a: Tyranitar
|-supereffective|p2a: Tyranitar
|-enditem|p2a: Tyranitar|Chople Berry|[eat]
|-enditem|p2a: Tyranitar|Chople Berry|[weaken]
|-damage|p2a: Tyranitar|6/100
|-unboost|p2a: Tyranitar|spe|1
|move|p2a: Tyranitar|Fire Blast|p1a: Breloom
|-supereffective|p1a: Breloom
|-damage|p1a: Breloom|0 fnt
|faint|p1a: Breloom
|
|-weather|Sandstorm|[upkeep]
|upkeep
|
|t:|1712675933
|switch|p1a: Krookodile|Krookodile, F|100/100
|-damage|p1a: Krookodile|94/100|[from] Stealth Rock
|turn|14
|
|t:|1712675936
|move|p1a: Krookodile|Earthquake|p2a: Tyranitar
|-supereffective|p2a: Tyranitar
|-damage|p2a: Tyranitar|0 fnt
|faint|p2a: Tyranitar
|-ability|p1a: Krookodile|Moxie|boost
|-boost|p1a: Krookodile|atk|1
|
|-weather|Sandstorm|[upkeep]
|upkeep
|
|t:|1712675938
|switch|p2a: Gastrodon|Gastrodon, M|86/100
|-damage|p2a: Gastrodon|80/100|[from] Stealth Rock
|turn|15
|
|t:|1712675942
|move|p1a: Krookodile|Earthquake|p2a: Gastrodon
|-damage|p2a: Gastrodon|27/100
|-enditem|p2a: Gastrodon|Sitrus Berry|[eat]
|-heal|p2a: Gastrodon|52/100|[from] item: Sitrus Berry
|move|p2a: Gastrodon|Recover|p2a: Gastrodon
|-heal|p2a: Gastrodon|100/100
|
|-weather|Sandstorm|[upkeep]
|upkeep
|turn|16
|
|t:|1712675945
|move|p1a: Krookodile|Earthquake|p2a: Gastrodon
|-damage|p2a: Gastrodon|45/100
|move|p2a: Gastrodon|Scald|p1a: Krookodile
|-supereffective|p1a: Krookodile
|-damage|p1a: Krookodile|23/100
|-status|p1a: Krookodile|brn
|
|-weather|Sandstorm|[upkeep]
|-damage|p1a: Krookodile|11/100 brn|[from] brn
|upkeep
|turn|17
|
|t:|1712675948
|move|p1a: Krookodile|Earthquake|p2a: Gastrodon
|-damage|p2a: Gastrodon|16/100
|move|p2a: Gastrodon|Recover|p2a: Gastrodon
|-heal|p2a: Gastrodon|66/100
|
|-weather|Sandstorm|[upkeep]
|-damage|p1a: Krookodile|0 fnt|[from] brn
|faint|p1a: Krookodile
|upkeep
|
|t:|1712675953
|switch|p1a: Scizor|Scizor, M|100/100
|-damage|p1a: Scizor|88/100|[from] Stealth Rock
|turn|18
|
|t:|1712675956
|move|p1a: Scizor|Swords Dance|p1a: Scizor
|-boost|p1a: Scizor|atk|2
|move|p2a: Gastrodon|Scald|p1a: Scizor
|-damage|p1a: Scizor|63/100
|
|-weather|Sandstorm|[upkeep]
|-heal|p1a: Scizor|69/100|[from] item: Leftovers
|upkeep
|turn|19
|
|t:|1712675958
|move|p1a: Scizor|Bug Bite|p2a: Gastrodon
|-crit|p2a: Gastrodon
|-damage|p2a: Gastrodon|0 fnt
|faint|p2a: Gastrodon
|
|-weather|Sandstorm|[upkeep]
|-heal|p1a: Scizor|75/100|[from] item: Leftovers
|upkeep
|
|t:|1712675960
|switch|p2a: Alakazam|Alakazam, M|1/100
|turn|20
|
|t:|1712675962
|move|p1a: Scizor|Bullet Punch|p2a: Alakazam
|-damage|p2a: Alakazam|0 fnt
|faint|p2a: Alakazam
|
|win|ghosted by brizz
|raw|ghosted by brizz's rating: 1503 &rarr; <strong>1516</strong><br />(+13 for winning)
|raw|torinoko city's rating: 1371 &rarr; <strong>1358</strong><br />(-13 for losing)
|c|☆torinoko city|gg
|c|☆ghosted by brizz|gg
|l|☆ghosted by brizz
|player|p1|
|l|☆torinoko city
|player|p2|
|j|☆ghosted by brizz
|player|p1|ghosted by brizz|lady-gen6oras|
