|join|Pythagorean Python
|join|The Hiphopopotomus
|player|p1|Pythagorean Python|10
|player|p2|The Hiphopopotomus|151
|gametype|singles
|gen|5
|tier|[Gen 5] OU
|rated
|rule|Evasion Abilities Clause: Evasion abilities are banned
|clearpoke
|poke|p1|Dusclops, M
|poke|p1|Riolu, M
|poke|p1|Forretress, F
|poke|p1|Ferrothorn, F
|poke|p1|Gengar, F
|poke|p1|Aerodactyl, M
|poke|p2|Metagross
|poke|p2|Tyranitar, F
|poke|p2|Infernape, M
|poke|p2|Scizor, M
|poke|p2|Breloom, F
|poke|p2|Zapdos
|rule|Sleep Clause Mod: Limit one foe put to sleep
|rule|Species Clause: Limit one of each Pokemon
|rule|OHKO Clause: OHKO moves are banned
|rule|Moody Clause: Moody is banned
|rule|Evasion Moves Clause: Evasion moves are banned
|rule|Endless Battle Clause: Forcing endless battles is banned.
|rule|HP Percentage Mod: HP is reported as percentages
|teampreview
|
|start
|switch|p1a: Forretress|Forretress, F|354/354
|switch|p2a: Metagross|Metagross|364/364
|turn|1
|
|move|p2a: Metagross|Stealth Rock|p1a: Forretress
|-sidestart|p1: Pythagorean Python|move: Stealth Rock
|move|p1a: Forretress|Stealth Rock|p2a: Metagross
|-sidestart|p2: The Hiphopopotomus|move: Stealth Rock
|
|turn|2
|
|move|p2a: Metagross|Earthquake|p1a: Forretress
|-damage|p1a: Forretress|276/354
|move|p1a: Forretress|Rapid Spin|p2a: Metagross
|-resisted|p2a: Metagross
|-damage|p2a: Metagross|358/364
|-sideend|p1: Pythagorean Python|Stealth Rock|[from] move: Rapid Spin|[of] p1a: Forretress
|
|-heal|p1a: Forretress|298/354|[from] item: Leftovers
|turn|3
|
|move|p2a: Metagross|Earthquake|p1a: Forretress
|-damage|p1a: Forretress|225/354
|move|p1a: Forretress|Toxic Spikes|p2a: Metagross
|-sidestart|p2: The Hiphopopotomus|move: Toxic Spikes
|
|-heal|p1a: Forretress|247/354|[from] item: Leftovers
|turn|4
|
|move|p2a: Metagross|Stealth Rock|p1a: Forretress
|-sidestart|p1: Pythagorean Python|move: Stealth Rock
|move|p1a: Forretress|Toxic Spikes|p2a: Metagross
|-sidestart|p2: The Hiphopopotomus|move: Toxic Spikes
|
|-heal|p1a: Forretress|269/354|[from] item: Leftovers
|turn|5
|
|switch|p2a: Breloom|Breloom, F|272/272
|-status|p2a: Breloom|tox
|-damage|p2a: Breloom|255/272 tox|[from] Stealth Rock
|move|p1a: Forretress|Rapid Spin|p2a: Breloom
|-damage|p2a: Breloom|236/272 tox
|-sideend|p1: Pythagorean Python|Stealth Rock|[from] move: Rapid Spin|[of] p1a: Forretress
|
|-heal|p1a: Forretress|291/354|[from] item: Leftovers
|-heal|p2a: Breloom|270/272 tox|[from] ability: Poison Heal
|turn|6
|
|switch|p1a: Aerodactyl|Aerodactyl, M|364/364
|-ability|p1a: Aerodactyl|Pressure
|move|p2a: Breloom|Spore|p1a: Aerodactyl
|-status|p1a: Aerodactyl|slp
|
|-heal|p2a: Breloom|272/272 tox|[from] ability: Poison Heal
|turn|7
|
|switch|p2a: Scizor|Scizor, M|344/344
|-damage|p2a: Scizor|301/344|[from] Stealth Rock
|cant|p1a: Aerodactyl|slp
|move|p1a: Aerodactyl|Sleep Talk|p1a: Aerodactyl
|move|p1a: Aerodactyl|Rest|p1a: Aerodactyl|[from]Sleep Talk
|-fail|p1a: Aerodactyl
|
|turn|8
|
|move|p2a: Scizor|Bullet Punch|p1a: Aerodactyl
|-supereffective|p1a: Aerodactyl
|-enditem|p1a: Aerodactyl|Focus Sash
|-damage|p1a: Aerodactyl|1/364 slp
|cant|p1a: Aerodactyl|slp
|move|p1a: Aerodactyl|Sleep Talk|p1a: Aerodactyl
|move|p1a: Aerodactyl|Whirlwind|p2a: Scizor|[from]Sleep Talk
|drag|p2a: Breloom|Breloom, F|272/272 tox
|-damage|p2a: Breloom|255/272 tox|[from] Stealth Rock
|
|-heal|p2a: Breloom|272/272 tox|[from] ability: Poison Heal
|turn|9
|
|-curestatus|p1a: Aerodactyl|slp
|move|p1a: Aerodactyl|Sleep Talk|p1a: Aerodactyl
|-fail|p1a: Aerodactyl
|move|p2a: Breloom|Substitute|p2a: Breloom
|-start|p2a: Breloom|Substitute
|-damage|p2a: Breloom|204/272 tox
|
|-heal|p2a: Breloom|238/272 tox|[from] ability: Poison Heal
|turn|10
|
|move|p1a: Aerodactyl|Rest|p1a: Aerodactyl
|-status|p1a: Aerodactyl|slp
|-heal|p1a: Aerodactyl|364/364 slp|[silent]
|-status|p1a: Aerodactyl|slp|[from] move: Rest
|move|p2a: Breloom|Spore|p1a: Aerodactyl
|-fail|p1a: Aerodactyl|slp
|
|-heal|p2a: Breloom|272/272 tox|[from] ability: Poison Heal
|turn|11
|
|-singleturn|p2a: Breloom|move: Focus Punch
|cant|p1a: Aerodactyl|slp
|move|p1a: Aerodactyl|Sleep Talk|p1a: Aerodactyl
|move|p1a: Aerodactyl|Roar|p2a: Breloom|[from]Sleep Talk
|drag|p2a: Scizor|Scizor, M|301/344
|-damage|p2a: Scizor|258/344|[from] Stealth Rock
|
|turn|12
|
|move|p2a: Scizor|Bullet Punch|p1a: Aerodactyl
|-supereffective|p1a: Aerodactyl
|-damage|p1a: Aerodactyl|0 fnt
|faint|p1a: Aerodactyl
|
|
|switch|p1a: Ferrothorn|Ferrothorn, F|352/352
|turn|13
|
|switch|p2a: Metagross|Metagross|358/364
|-damage|p2a: Metagross|336/364|[from] Stealth Rock
|move|p1a: Ferrothorn|Spikes|p2a: Metagross
|-sidestart|p2: The Hiphopopotomus|Spikes
|
|turn|14
|
|move|p2a: Metagross|Stealth Rock|p1a: Ferrothorn
|-sidestart|p1: Pythagorean Python|move: Stealth Rock
|move|p1a: Ferrothorn|Spikes|p2a: Metagross
|-sidestart|p2: The Hiphopopotomus|Spikes
|
|turn|15
|
|move|p2a: Metagross|Earthquake|p1a: Ferrothorn
|-damage|p1a: Ferrothorn|275/352
|move|p1a: Ferrothorn|Thunder Wave|p2a: Metagross
|-status|p2a: Metagross|par
|-enditem|p2a: Metagross|Lum Berry|[eat]
|-curestatus|p2a: Metagross|par
|
|-heal|p1a: Ferrothorn|297/352|[from] item: Leftovers
|turn|16
|
|move|p2a: Metagross|Earthquake|p1a: Ferrothorn
|-damage|p1a: Ferrothorn|212/352
|move|p1a: Ferrothorn|Spikes|p2a: Metagross
|-sidestart|p2: The Hiphopopotomus|Spikes
|
|-heal|p1a: Ferrothorn|234/352|[from] item: Leftovers
|turn|17
|
|switch|p1a: Forretress|Forretress, F|291/354
|-damage|p1a: Forretress|247/354|[from] Stealth Rock
|move|p2a: Metagross|Earthquake|p1a: Forretress
|-damage|p1a: Forretress|166/354
|
|-heal|p1a: Forretress|188/354|[from] item: Leftovers
|turn|18
|
|switch|p2a: Zapdos|Zapdos|322/322
|-damage|p2a: Zapdos|242/322|[from] Stealth Rock
|-ability|p2a: Zapdos|Pressure
|move|p1a: Forretress|Rapid Spin|p2a: Zapdos
|-crit|p2a: Zapdos
|-damage|p2a: Zapdos|208/322
|-sideend|p1: Pythagorean Python|Stealth Rock|[from] move: Rapid Spin|[of] p1a: Forretress
|
|-heal|p1a: Forretress|210/354|[from] item: Leftovers
|turn|19
|
|switch|p1a: Ferrothorn|Ferrothorn, F|234/352
|move|p2a: Zapdos|Heat Wave|p1a: Ferrothorn
|-supereffective|p1a: Ferrothorn
|-damage|p1a: Ferrothorn|0 fnt
|faint|p1a: Ferrothorn
|
|
|switch|p1a: Riolu|Riolu, M|284/284
|turn|20
|
|move|p2a: Zapdos|Heat Wave|p1a: Riolu
|-damage|p1a: Riolu|30/284
|move|p1a: Riolu|Roar|p2a: Zapdos
|drag|p2a: Scizor|Scizor, M|258/344
|-damage|p2a: Scizor|215/344|[from] Stealth Rock
|-damage|p2a: Scizor|129/344|[from] Spikes
|
|turn|21
|
|move|p1a: Riolu|Copycat|p1a: Riolu
|move|p1a: Riolu|Roar|p2a: Scizor|[from]Copycat
|drag|p2a: Metagross|Metagross|336/364
|-damage|p2a: Metagross|245/364|[from] Spikes
|-damage|p2a: Metagross|223/364|[from] Stealth Rock
|
|turn|22
|
|move|p1a: Riolu|Copycat|p1a: Riolu
|move|p1a: Riolu|Roar|p2a: Metagross|[from]Copycat
|drag|p2a: Tyranitar|Tyranitar, F|342/342
|-damage|p2a: Tyranitar|257/342|[from] Spikes
|-damage|p2a: Tyranitar|215/342|[from] Stealth Rock
|-status|p2a: Tyranitar|tox
|-weather|Sandstorm|[from] ability: Sand Stream|[of] p2a: Tyranitar
|-enditem|p2a: Tyranitar|Lum Berry|[eat]
|-curestatus|p2a: Tyranitar|tox
|
|-weather|Sandstorm|[upkeep]
|-damage|p1a: Riolu|13/284|[from] sandstorm
|turn|23
|
|move|p2a: Tyranitar|Dragon Dance|p2a: Tyranitar
|-boost|p2a: Tyranitar|atk|1
|-boost|p2a: Tyranitar|spe|1
|move|p1a: Riolu|Drain Punch|p2a: Tyranitar
|-supereffective|p2a: Tyranitar
|-damage|p2a: Tyranitar|0 fnt
|-heal|p1a: Riolu|121/284|[from] drain|[of] p2a: Tyranitar
|faint|p2a: Tyranitar
|
|-weather|Sandstorm|[upkeep]
|-damage|p1a: Riolu|104/284|[from] sandstorm
|
|switch|p2a: Breloom|Breloom, F|272/272 tox
|-damage|p2a: Breloom|255/272 tox|[from] Stealth Rock
|-damage|p2a: Breloom|187/272 tox|[from] Spikes
|turn|24
|
|move|p2a: Breloom|Spore|p1a: Riolu
|-status|p1a: Riolu|slp
|cant|p1a: Riolu|slp
|
|-weather|Sandstorm|[upkeep]
|-damage|p1a: Riolu|87/284 slp|[from] sandstorm
|-damage|p2a: Breloom|170/272 tox|[from] sandstorm
|-heal|p2a: Breloom|204/272 tox|[from] ability: Poison Heal
|turn|25
|
|move|p2a: Breloom|Substitute|p2a: Breloom
|-start|p2a: Breloom|Substitute
|-damage|p2a: Breloom|136/272 tox
|-curestatus|p1a: Riolu|slp
|move|p1a: Riolu|Roar|p2a: Breloom
|drag|p2a: Infernape|Infernape, M|293/293
|-damage|p2a: Infernape|257/293|[from] Stealth Rock
|-damage|p2a: Infernape|184/293|[from] Spikes
|-status|p2a: Infernape|tox
|
|-weather|Sandstorm|[upkeep]
|-damage|p2a: Infernape|166/293 tox|[from] sandstorm
|-damage|p1a: Riolu|70/284|[from] sandstorm
|-damage|p2a: Infernape|148/293 tox|[from] psn
|turn|26
|
|move|p1a: Riolu|Copycat|p1a: Riolu
|move|p1a: Riolu|Roar|p2a: Infernape|[from]Copycat
|drag|p2a: Zapdos|Zapdos|208/322
|-damage|p2a: Zapdos|128/322|[from] Stealth Rock
|-ability|p2a: Zapdos|Pressure
|
|-weather|Sandstorm|[upkeep]
|-damage|p2a: Zapdos|108/322|[from] sandstorm
|-damage|p1a: Riolu|53/284|[from] sandstorm
|turn|27
|
|move|p1a: Riolu|Copycat|p1a: Riolu
|move|p1a: Riolu|Roar|p2a: Zapdos|[from]Copycat
|drag|p2a: Breloom|Breloom, F|136/272 tox
|-damage|p2a: Breloom|119/272 tox|[from] Stealth Rock
|-damage|p2a: Breloom|51/272 tox|[from] Spikes
|
|-weather|Sandstorm|[upkeep]
|-damage|p1a: Riolu|36/284|[from] sandstorm
|-damage|p2a: Breloom|34/272 tox|[from] sandstorm
|-heal|p2a: Breloom|68/272 tox|[from] ability: Poison Heal
|turn|28
|
|move|p1a: Riolu|Copycat|p1a: Riolu
|move|p1a: Riolu|Roar|p2a: Breloom|[from]Copycat
|drag|p2a: Zapdos|Zapdos|108/322
|-damage|p2a: Zapdos|28/322|[from] Stealth Rock
|-ability|p2a: Zapdos|Pressure
|
|-weather|Sandstorm|[upkeep]
|-damage|p2a: Zapdos|8/322|[from] sandstorm
|-damage|p1a: Riolu|19/284|[from] sandstorm
|turn|29
|
|switch|p2a: Infernape|Infernape, M|148/293 tox
|-damage|p2a: Infernape|75/293 tox|[from] Spikes
|-damage|p2a: Infernape|39/293 tox|[from] Stealth Rock
|move|p1a: Riolu|Copycat|p1a: Riolu
|move|p1a: Riolu|Roar|p2a: Infernape|[from]Copycat
|drag|p2a: Zapdos|Zapdos|8/322
|-damage|p2a: Zapdos|0 fnt|[from] Stealth Rock
|faint|p2a: Zapdos
|
|-weather|Sandstorm|[upkeep]
|-damage|p1a: Riolu|2/284|[from] sandstorm
|
|switch|p2a: Metagross|Metagross|223/364
|-damage|p2a: Metagross|132/364|[from] Spikes
|-damage|p2a: Metagross|110/364|[from] Stealth Rock
|turn|30
|
|move|p1a: Riolu|Copycat|p1a: Riolu
|move|p1a: Riolu|Roar|p2a: Metagross|[from]Copycat
|drag|p2a: Infernape|Infernape, M|39/293 tox
|-damage|p2a: Infernape|3/293 tox|[from] Stealth Rock
|-damage|p2a: Infernape|0 fnt|[from] Spikes
|faint|p2a: Infernape
|
|-weather|Sandstorm|[upkeep]
|-damage|p1a: Riolu|0 fnt|[from] sandstorm
|faint|p1a: Riolu
|
|switch|p2a: Metagross|Metagross|110/364
|-damage|p2a: Metagross|19/364|[from] Spikes
|-damage|p2a: Metagross|0 fnt|[from] Stealth Rock
|faint|p2a: Metagross
|switch|p1a: Dusclops|Dusclops, M|222/222
|-ability|p1a: Dusclops|Pressure
|
|switch|p2a: Breloom|Breloom, F|68/272 tox
|-damage|p2a: Breloom|51/272 tox|[from] Stealth Rock
|-damage|p2a: Breloom|0 fnt|[from] Spikes
|faint|p2a: Breloom
|
|switch|p2a: Scizor|Scizor, M|129/344
|-damage|p2a: Scizor|86/344|[from] Stealth Rock
|-damage|p2a: Scizor|0 fnt|[from] Spikes
|faint|p2a: Scizor
|
|win|Pythagorean Python
|raw|Ladder updating...
|raw|Pythagorean Python's rating: 1270 &rarr; <strong>1300</strong><br />(+30 for winning)
|raw|The Hiphopopotomus's rating: 1342 &rarr; <strong>1318</strong><br />(-24 for losing)
|chat|Pythagorean Python|gg
|leave|The Hiphopopotomus
|player|p2