|j|☆mythcenter
|j|☆robediacqua
|t:|1721555916
|gametype|singles
|player|p1|mythcenter|swimmerf-gen4|1412
|player|p2|robediacqua|lucas|1428
|teamsize|p1|6
|teamsize|p2|6
|gen|5
|tier|[Gen 5] OU
|rated|
|rule|Species Clause: Limit one of each Pokémon
|rule|OHKO Clause: OHKO moves are banned
|rule|Moody Clause: Moody is banned
|rule|Evasion Items Clause: Evasion items are banned
|rule|Evasion Moves Clause: Evasion moves are banned
|rule|Endless Battle Clause: Forcing endless battles is banned
|rule|HP Percentage Mod: HP is shown in percentages
|rule|Evasion Abilities Clause: Evasion abilities are banned
|rule|Sleep Moves Clause: Sleep-inducing moves are banned
|rule|Swagger Clause: Swagger is banned
|rule|Baton Pass Stat Clause: No Baton Passer may have a way to boost its stats
|clearpoke
|poke|p1|Politoed, M|item
|poke|p1|Gliscor, M|item
|poke|p1|Ferrothorn, M|item
|poke|p1|Tentacruel, M|item
|poke|p1|Jirachi|item
|poke|p1|Keldeo-Resolute|item
|poke|p2|Seismitoad, M|item
|poke|p2|Keldeo|item
|poke|p2|Starmie|item
|poke|p2|Empoleon, F|item
|poke|p2|Rotom-Wash|item
|poke|p2|Politoed, F|item
|teampreview
|inactive|Battle timer is ON: inactive players will automatically lose when time's up. (requested by robediacqua)
|
|t:|1721555945
|start
|switch|p1a: Gliscor|Gliscor, M|100/100
|switch|p2a: Rotom|Rotom-Wash|100/100
|turn|1
|
|t:|1721555956
|move|p1a: Gliscor|Protect|p1a: Gliscor
|-singleturn|p1a: Gliscor|Protect
|move|p2a: Rotom|Hydro Pump|p1a: Gliscor
|-activate|p1a: Gliscor|move: Protect
|
|-status|p1a: Gliscor|tox|[from] item: Toxic Orb
|upkeep
|turn|2
|
|t:|1721555971
|switch|p2a: Keldeo|Keldeo|100/100
|switch|p1a: Jirachi|Jirachi|100/100
|
|upkeep
|turn|3
|
|t:|1721555981
|switch|p2a: Seismitoad|Seismitoad, M|100/100
|move|p1a: Jirachi|Body Slam|p2a: Seismitoad
|-damage|p2a: Seismitoad|87/100
|
|-heal|p2a: Seismitoad|93/100|[from] item: Leftovers
|upkeep
|turn|4
|
|t:|1721555994
|move|p1a: Jirachi|U-turn|p2a: Seismitoad
|-damage|p2a: Seismitoad|82/100
|
|t:|1721555998
|switch|p1a: Ferrothorn|Ferrothorn, M|100/100|[from] U-turn
|move|p2a: Seismitoad|Scald|p1a: Ferrothorn
|-resisted|p1a: Ferrothorn
|-damage|p1a: Ferrothorn|92/100
|
|-heal|p2a: Seismitoad|88/100|[from] item: Leftovers
|-heal|p1a: Ferrothorn|98/100|[from] item: Leftovers
|upkeep
|turn|5
|
|t:|1721556012
|switch|p2a: エンペルト|Empoleon, F|100/100
|move|p1a: Ferrothorn|Power Whip|p2a: エンペルト
|-damage|p2a: エンペルト|60/100
|
|-heal|p2a: エンペルト|66/100|[from] item: Leftovers
|-heal|p1a: Ferrothorn|100/100|[from] item: Leftovers
|upkeep
|turn|6
|
|t:|1721556027
|switch|p1a: Politoed|Politoed, M|100/100
|-weather|RainDance|[from] ability: Drizzle|[of] p1a: Politoed
|move|p2a: エンペルト|Knock Off|p1a: Politoed
|-damage|p1a: Politoed|96/100
|-enditem|p1a: Politoed|Choice Scarf|[from] move: Knock Off|[of] p2a: エンペルト
|
|-weather|RainDance|[upkeep]
|-heal|p2a: エンペルト|72/100|[from] item: Leftovers
|upkeep
|turn|7
|
|t:|1721556040
|move|p2a: エンペルト|Protect|p2a: エンペルト
|-singleturn|p2a: エンペルト|Protect
|move|p1a: Politoed|Psychic|p2a: エンペルト
|-activate|p2a: エンペルト|move: Protect
|
|-weather|RainDance|[upkeep]
|-heal|p2a: エンペルト|78/100|[from] item: Leftovers
|upkeep
|turn|8
|
|t:|1721556049
|move|p1a: Politoed|Encore|p2a: エンペルト
|-start|p2a: エンペルト|Encore
|move|p2a: エンペルト|Protect||[still]
|-fail|p2a: エンペルト
|
|-weather|RainDance|[upkeep]
|-heal|p2a: エンペルト|85/100|[from] item: Leftovers
|upkeep
|turn|9
|
|t:|1721556055
|switch|p1a: Ferrothorn|Ferrothorn, M|100/100
|switch|p2a: Rotom|Rotom-Wash|100/100
|
|-weather|RainDance|[upkeep]
|upkeep
|turn|10
|
|t:|1721556067
|switch|p1a: Gliscor|Gliscor, M|100/100 tox
|move|p2a: Rotom|Trick|p1a: Gliscor
|-activate|p2a: Rotom|move: Trick|[of] p1a: Gliscor
|-item|p1a: Gliscor|Choice Scarf|[from] move: Trick
|-item|p2a: Rotom|Toxic Orb|[from] move: Trick
|
|-weather|RainDance|[upkeep]
|-status|p2a: Rotom|tox|[from] item: Toxic Orb
|upkeep
|turn|11
|
|t:|1721556081
|move|p1a: Gliscor|Substitute|p1a: Gliscor
|-start|p1a: Gliscor|Substitute
|-damage|p1a: Gliscor|75/100 tox
|move|p2a: Rotom|Hydro Pump|p1a: Gliscor
|-supereffective|p1a: Gliscor
|-end|p1a: Gliscor|Substitute
|
|-weather|RainDance|[upkeep]
|-heal|p1a: Gliscor|88/100 tox|[from] ability: Poison Heal
|-damage|p2a: Rotom|94/100 tox|[from] psn
|upkeep
|turn|12
|
|t:|1721556088
|move|p1a: Gliscor|Substitute|p1a: Gliscor
|-start|p1a: Gliscor|Substitute
|-damage|p1a: Gliscor|63/100 tox
|move|p2a: Rotom|Volt Switch|p1a: Gliscor
|-immune|p1a: Gliscor
|
|-weather|RainDance|[upkeep]
|-heal|p1a: Gliscor|75/100 tox|[from] ability: Poison Heal
|-damage|p2a: Rotom|82/100 tox|[from] psn
|upkeep
|turn|13
|
|t:|1721556093
|switch|p2a: エンペルト|Empoleon, F|85/100
|move|p1a: Gliscor|Substitute|p1a: Gliscor
|-fail|p1a: Gliscor|move: Substitute
|
|-weather|RainDance|[upkeep]
|-heal|p2a: エンペルト|91/100|[from] item: Leftovers
|-heal|p1a: Gliscor|88/100 tox|[from] ability: Poison Heal
|upkeep
|turn|14
|
|t:|1721556109
|switch|p1a: Keldeo|Keldeo-Resolute|100/100
|move|p2a: エンペルト|Knock Off|p1a: Keldeo
|-resisted|p1a: Keldeo
|-damage|p1a: Keldeo|99/100
|-ability|p1a: Keldeo|Justified|boost
|-boost|p1a: Keldeo|atk|1
|-enditem|p1a: Keldeo|Choice Specs|[from] move: Knock Off|[of] p2a: エンペルト
|
|-weather|RainDance|[upkeep]
|-heal|p2a: エンペルト|97/100|[from] item: Leftovers
|upkeep
|turn|15
|
|t:|1721556117
|switch|p2a: Starmie|Starmie|100/100
|move|p1a: Keldeo|Secret Sword|p2a: Starmie
|-resisted|p2a: Starmie
|-damage|p2a: Starmie|69/100
|
|-weather|RainDance|[upkeep]
|upkeep
|turn|16
|
|t:|1721556125
|switch|p1a: Ferrothorn|Ferrothorn, M|100/100
|move|p2a: Starmie|Surf|p1a: Ferrothorn
|-resisted|p1a: Ferrothorn
|-damage|p1a: Ferrothorn|54/100
|
|-weather|RainDance|[upkeep]
|-heal|p1a: Ferrothorn|60/100|[from] item: Leftovers
|upkeep
|turn|17
|
|t:|1721556136
|switch|p2a: エンペルト|Empoleon, F|97/100
|move|p1a: Ferrothorn|Knock Off|p2a: エンペルト
|-resisted|p2a: エンペルト
|-damage|p2a: エンペルト|95/100
|-enditem|p2a: エンペルト|Leftovers|[from] move: Knock Off|[of] p1a: Ferrothorn
|
|-weather|RainDance|[upkeep]
|-heal|p1a: Ferrothorn|66/100|[from] item: Leftovers
|upkeep
|turn|18
|inactive|mythcenter has 120 seconds left.
|
|t:|1721556169
|switch|p1a: Keldeo|Keldeo-Resolute|99/100
|move|p2a: エンペルト|Scald|p1a: Keldeo
|-resisted|p1a: Keldeo
|-damage|p1a: Keldeo|74/100
|
|-weather|RainDance|[upkeep]
|upkeep
|turn|19
|
|t:|1721556182
|switch|p2a: Seismitoad|Seismitoad, M|88/100
|move|p1a: Keldeo|Secret Sword|p2a: Seismitoad
|-damage|p2a: Seismitoad|58/100
|
|-weather|RainDance|[upkeep]
|-heal|p2a: Seismitoad|64/100|[from] item: Leftovers
|upkeep
|turn|20
|
|t:|1721556194
|move|p1a: Keldeo|Secret Sword|p2a: Seismitoad
|-damage|p2a: Seismitoad|34/100
|move|p2a: Seismitoad|Scald|p1a: Keldeo
|-resisted|p1a: Keldeo
|-damage|p1a: Keldeo|52/100
|
|-weather|RainDance|[upkeep]
|-heal|p2a: Seismitoad|40/100|[from] item: Leftovers
|upkeep
|turn|21
|
|t:|1721556197
|move|p2a: Seismitoad|Protect|p2a: Seismitoad
|-singleturn|p2a: Seismitoad|Protect
|move|p1a: Keldeo|Secret Sword|p2a: Seismitoad
|-activate|p2a: Seismitoad|move: Protect
|
|-weather|RainDance|[upkeep]
|-heal|p2a: Seismitoad|47/100|[from] item: Leftovers
|upkeep
|turn|22
|
|t:|1721556200
|move|p1a: Keldeo|Secret Sword|p2a: Seismitoad
|-damage|p2a: Seismitoad|12/100
|move|p2a: Seismitoad|Toxic|p1a: Keldeo
|-status|p1a: Keldeo|tox
|
|-weather|RainDance|[upkeep]
|-heal|p2a: Seismitoad|18/100|[from] item: Leftovers
|-damage|p1a: Keldeo|46/100 tox|[from] psn
|upkeep
|turn|23
|
|t:|1721556206
|move|p2a: Seismitoad|Protect|p2a: Seismitoad
|-singleturn|p2a: Seismitoad|Protect
|move|p1a: Keldeo|Secret Sword|p2a: Seismitoad
|-activate|p2a: Seismitoad|move: Protect
|
|-weather|RainDance|[upkeep]
|-heal|p2a: Seismitoad|24/100|[from] item: Leftovers
|-damage|p1a: Keldeo|34/100 tox|[from] psn
|upkeep
|turn|24
|
|t:|1721556211
|switch|p2a: Starmie|Starmie|69/100
|move|p1a: Keldeo|Secret Sword|p2a: Starmie
|-resisted|p2a: Starmie
|-damage|p2a: Starmie|34/100
|
|-weather|RainDance|[upkeep]
|-damage|p1a: Keldeo|15/100 tox|[from] psn
|upkeep
|turn|25
|
|t:|1721556230
|switch|p1a: Politoed|Politoed, M|96/100
|move|p2a: Starmie|Surf|p1a: Politoed
|-resisted|p1a: Politoed
|-damage|p1a: Politoed|27/100
|
|-weather|RainDance|[upkeep]
|upkeep
|turn|26
|
|t:|1721556238
|move|p2a: Starmie|Surf|p1a: Politoed
|-resisted|p1a: Politoed
|-damage|p1a: Politoed|0 fnt
|faint|p1a: Politoed
|
|-weather|RainDance|[upkeep]
|upkeep
|inactive|mythcenter has 120 seconds left.
|
|t:|1721556271
|switch|p1a: Ferrothorn|Ferrothorn, M|66/100
|turn|27
|
|t:|1721556279
|move|p2a: Starmie|Surf|p1a: Ferrothorn
|-resisted|p1a: Ferrothorn
|-damage|p1a: Ferrothorn|32/100
|move|p1a: Ferrothorn|Power Whip|p2a: Starmie
|-supereffective|p2a: Starmie
|-damage|p2a: Starmie|0 fnt
|faint|p2a: Starmie
|
|-weather|RainDance|[upkeep]
|-heal|p1a: Ferrothorn|38/100|[from] item: Leftovers
|upkeep
|
|t:|1721556284
|switch|p2a: Keldeo|Keldeo|100/100
|turn|28
|inactive|mythcenter has 120 seconds left.
|
|t:|1721556306
|switch|p1a: Gliscor|Gliscor, M|88/100 tox
|move|p2a: Keldeo|Secret Sword|p1a: Gliscor
|-resisted|p1a: Gliscor
|-damage|p1a: Gliscor|62/100 tox
|
|-weather|RainDance|[upkeep]
|-heal|p1a: Gliscor|75/100 tox|[from] ability: Poison Heal
|upkeep
|turn|29
|
|t:|1721556316
|switch|p1a: Tentacruel|Tentacruel, M|100/100
|switch|p2a: Seismitoad|Seismitoad, M|24/100
|
|-weather|RainDance|[upkeep]
|-heal|p2a: Seismitoad|31/100|[from] item: Leftovers
|upkeep
|turn|30
|
|t:|1721556326
|move|p1a: Tentacruel|Toxic|p2a: Seismitoad
|-status|p2a: Seismitoad|tox
|move|p2a: Seismitoad|Scald|p1a: Tentacruel
|-resisted|p1a: Tentacruel
|-damage|p1a: Tentacruel|86/100
|
|-weather|RainDance|[upkeep]
|-heal|p1a: Tentacruel|93/100|[from] ability: Rain Dish
|-heal|p1a: Tentacruel|99/100|[from] item: Black Sludge
|-heal|p2a: Seismitoad|37/100 tox|[from] item: Leftovers
|-damage|p2a: Seismitoad|31/100 tox|[from] psn
|upkeep
|turn|31
|
|t:|1721556333
|move|p1a: Tentacruel|Substitute|p1a: Tentacruel
|-start|p1a: Tentacruel|Substitute
|-damage|p1a: Tentacruel|74/100
|move|p2a: Seismitoad|Scald|p1a: Tentacruel
|-resisted|p1a: Tentacruel
|-activate|p1a: Tentacruel|Substitute|[damage]
|
|-weather|RainDance|[upkeep]
|-heal|p1a: Tentacruel|80/100|[from] ability: Rain Dish
|-heal|p1a: Tentacruel|86/100|[from] item: Black Sludge
|-heal|p2a: Seismitoad|37/100 tox|[from] item: Leftovers
|-damage|p2a: Seismitoad|24/100 tox|[from] psn
|upkeep
|turn|32
|
|t:|1721556345
|move|p1a: Tentacruel|Toxic|p2a: Seismitoad|[miss]
|-miss|p1a: Tentacruel|p2a: Seismitoad
|move|p2a: Seismitoad|Stealth Rock|p1a: Tentacruel
|-sidestart|p1: mythcenter|move: Stealth Rock
|
|-weather|RainDance|[upkeep]
|-heal|p1a: Tentacruel|92/100|[from] ability: Rain Dish
|-heal|p1a: Tentacruel|98/100|[from] item: Black Sludge
|-heal|p2a: Seismitoad|31/100 tox|[from] item: Leftovers
|-damage|p2a: Seismitoad|12/100 tox|[from] psn
|upkeep
|turn|33
|
|t:|1721556350
|switch|p2a: Rotom|Rotom-Wash|82/100 tox
|move|p1a: Tentacruel|Rapid Spin|p2a: Rotom
|-damage|p2a: Rotom|79/100 tox
|-sideend|p1: mythcenter|Stealth Rock|[from] move: Rapid Spin|[of] p1a: Tentacruel
|
|-weather|RainDance|[upkeep]
|-heal|p1a: Tentacruel|100/100|[from] ability: Rain Dish
|-damage|p2a: Rotom|73/100 tox|[from] psn
|upkeep
|turn|34
|
|t:|1721556367
|move|p1a: Tentacruel|Scald|p2a: Rotom
|-resisted|p2a: Rotom
|-crit|p2a: Rotom
|-damage|p2a: Rotom|27/100 tox
|move|p2a: Rotom|Volt Switch|p1a: Tentacruel
|-supereffective|p1a: Tentacruel
|-end|p1a: Tentacruel|Substitute
|
|t:|1721556372
|switch|p2a: Politoed|Politoed, F|100/100|[from] Volt Switch
|
|-weather|RainDance|[upkeep]
|upkeep
|turn|35
|
|t:|1721556378
|switch|p1a: Jirachi|Jirachi|100/100
|move|p2a: Politoed|Scald|p1a: Jirachi
|-crit|p1a: Jirachi
|-damage|p1a: Jirachi|25/100
|-status|p1a: Jirachi|brn
|
|-weather|RainDance|[upkeep]
|-heal|p1a: Jirachi|31/100 brn|[from] item: Leftovers
|-damage|p1a: Jirachi|19/100 brn|[from] brn
|upkeep
|turn|36
|
|t:|1721556388
|move|p2a: Politoed|Scald|p1a: Jirachi
|-damage|p1a: Jirachi|0 fnt
|faint|p1a: Jirachi
|
|-weather|RainDance|[upkeep]
|upkeep
|
|t:|1721556412
|switch|p1a: Ferrothorn|Ferrothorn, M|38/100
|turn|37
|
|t:|1721556418
|switch|p2a: Rotom|Rotom-Wash|27/100 tox
|move|p1a: Ferrothorn|Spikes|p2a: Rotom
|-sidestart|p2: robediacqua|Spikes
|
|-weather|RainDance|[upkeep]
|-heal|p1a: Ferrothorn|44/100|[from] item: Leftovers
|-damage|p2a: Rotom|21/100 tox|[from] psn
|upkeep
|turn|38
|
|t:|1721556427
|switch|p1a: Gliscor|Gliscor, M|75/100 tox
|move|p2a: Rotom|Hydro Pump|p1a: Gliscor
|-supereffective|p1a: Gliscor
|-crit|p1a: Gliscor
|-damage|p1a: Gliscor|0 fnt
|faint|p1a: Gliscor
|
|-weather|RainDance|[upkeep]
|-damage|p2a: Rotom|9/100 tox|[from] psn
|upkeep
|
|t:|1721556436
|switch|p1a: Tentacruel|Tentacruel, M|100/100
|turn|39
|
|t:|1721556440
|move|p1a: Tentacruel|Scald|p2a: Rotom
|-resisted|p2a: Rotom
|-damage|p2a: Rotom|0 fnt
|faint|p2a: Rotom
|
|-weather|RainDance|[upkeep]
|upkeep
|
|t:|1721556449
|switch|p2a: Politoed|Politoed, F|100/100
|-damage|p2a: Politoed|88/100|[from] Spikes
|turn|40
|
|t:|1721556455
|move|p1a: Tentacruel|Toxic|p2a: Politoed|[miss]
|-miss|p1a: Tentacruel|p2a: Politoed
|move|p2a: Politoed|Scald|p1a: Tentacruel
|-resisted|p1a: Tentacruel
|-crit|p1a: Tentacruel
|-damage|p1a: Tentacruel|59/100
|-status|p1a: Tentacruel|brn
|
|-weather|RainDance|[upkeep]
|-heal|p1a: Tentacruel|65/100 brn|[from] ability: Rain Dish
|-heal|p1a: Tentacruel|71/100 brn|[from] item: Black Sludge
|-damage|p1a: Tentacruel|59/100 brn|[from] brn
|upkeep
|turn|41
|
|t:|1721556474
|move|p1a: Tentacruel|Toxic|p2a: Politoed
|-status|p2a: Politoed|tox
|move|p2a: Politoed|Psychic|p1a: Tentacruel
|-supereffective|p1a: Tentacruel
|-damage|p1a: Tentacruel|21/100 brn
|
|-weather|RainDance|[upkeep]
|-heal|p1a: Tentacruel|27/100 brn|[from] ability: Rain Dish
|-heal|p1a: Tentacruel|34/100 brn|[from] item: Black Sludge
|-damage|p2a: Politoed|82/100 tox|[from] psn
|-damage|p1a: Tentacruel|21/100 brn|[from] brn
|upkeep
|turn|42
|-message|mythcenter forfeited.
|
|win|robediacqua
|raw|mythcenter's rating: 1412 &rarr; <strong>1393</strong><br />(-19 for losing)
|raw|robediacqua's rating: 1428 &rarr; <strong>1447</strong><br />(+19 for winning)
|l|☆mythcenter
|player|p1|
