|j|☆Yokao893
|j|☆sidis
|t:|1709588453
|gametype|singles
|player|p1|Yokao893|hilbert|1426
|player|p2|sidis|iris-gen5bw2|1316
|teamsize|p1|6
|teamsize|p2|6
|gen|5
|tier|[Gen 5] OU
|rated|
|rule|Species Clause: Limit one of each Pokémon
|rule|OHKO Clause: OHKO moves are banned
|rule|Moody Clause: Moody is banned
|rule|Evasion Items Clause: Evasion items are banned
|rule|Evasion Moves Clause: Evasion moves are banned
|rule|Endless Battle Clause: Forcing endless battles is banned
|rule|HP Percentage Mod: HP is shown in percentages
|rule|Evasion Abilities Clause: Evasion abilities are banned
|rule|Sleep Moves Clause: Sleep-inducing moves are banned
|rule|Swagger Clause: Swagger is banned
|rule|Baton Pass Stat Clause: No Baton Passer may have a way to boost its stats
|clearpoke
|poke|p1|Jirachi|item
|poke|p1|Kyurem-Black|item
|poke|p1|Latios, M|item
|poke|p1|Magnezone|item
|poke|p1|Dragonite, M|item
|poke|p1|Garchomp, M|item
|poke|p2|Garchomp, F|item
|poke|p2|Volcarona, F|item
|poke|p2|Ferrothorn, F|item
|poke|p2|Keldeo|item
|poke|p2|Thundurus-Therian, M|item
|poke|p2|Scizor, F|item
|teampreview
|inactive|Battle timer is ON: inactive players will automatically lose when time's up. (requested by Yokao893)
|
|t:|1709588466
|start
|switch|p1a: Alex|Kyurem-Black|100/100
|switch|p2a: Garchomp|Garchomp, F|100/100
|-ability|p1a: Alex|Teravolt
|turn|1
|
|t:|1709588468
|move|p2a: Garchomp|Stealth Rock|p1a: Alex
|-sidestart|p1: Yokao893|move: Stealth Rock
|move|p1a: Alex|Dragon Claw|p2a: Garchomp
|-supereffective|p2a: Garchomp
|-enditem|p2a: Garchomp|Focus Sash
|-damage|p2a: Garchomp|1/100
|-damage|p1a: Alex|88/100|[from] ability: Rough Skin|[of] p2a: Garchomp
|
|upkeep
|turn|2
|
|t:|1709588480
|switch|p1a: Footdive!|Jirachi|100/100
|-damage|p1a: Footdive!|94/100|[from] Stealth Rock
|move|p2a: Garchomp|Dragon Claw|p1a: Footdive!
|-resisted|p1a: Footdive!
|-damage|p1a: Footdive!|79/100
|
|-heal|p1a: Footdive!|85/100|[from] item: Leftovers
|upkeep
|turn|3
|
|t:|1709588488
|switch|p1a: B-61|Latios, M|100/100
|-damage|p1a: B-61|88/100|[from] Stealth Rock
|move|p2a: Garchomp|Earthquake|p1a: B-61
|-immune|p1a: B-61|[from] ability: Levitate
|
|upkeep
|turn|4
|
|t:|1709588490
|switch|p2a: Ferrothorn|Ferrothorn, F|100/100
|move|p1a: B-61|Dragon Pulse|p2a: Ferrothorn
|-resisted|p2a: Ferrothorn
|-damage|p2a: Ferrothorn|82/100
|
|-heal|p2a: Ferrothorn|88/100|[from] item: Leftovers
|upkeep
|turn|5
|
|t:|1709588505
|switch|p1a: Footdive!|Jirachi|85/100
|-damage|p1a: Footdive!|79/100|[from] Stealth Rock
|switch|p2a: Volcarona|Volcarona, F|100/100
|
|-heal|p1a: Footdive!|85/100|[from] item: Leftovers
|upkeep
|turn|6
|
|t:|1709588511
|move|p2a: Volcarona|Quiver Dance|p2a: Volcarona
|-boost|p2a: Volcarona|spa|1
|-boost|p2a: Volcarona|spd|1
|-boost|p2a: Volcarona|spe|1
|move|p1a: Footdive!|Thunder|p2a: Volcarona|[miss]
|-miss|p1a: Footdive!|p2a: Volcarona
|
|-heal|p1a: Footdive!|91/100|[from] item: Leftovers
|upkeep
|turn|7
|
|t:|1709588517
|move|p2a: Volcarona|Quiver Dance|p2a: Volcarona
|-boost|p2a: Volcarona|spa|1
|-boost|p2a: Volcarona|spd|1
|-boost|p2a: Volcarona|spe|1
|move|p1a: Footdive!|U-turn|p2a: Volcarona
|-resisted|p2a: Volcarona
|-damage|p2a: Volcarona|89/100
|
|t:|1709588520
|switch|p1a: NomNom|Garchomp, M|100/100|[from] U-turn
|-damage|p1a: NomNom|94/100|[from] Stealth Rock
|
|upkeep
|turn|8
|
|t:|1709588522
|move|p2a: Volcarona|Bug Buzz|p1a: NomNom
|-damage|p1a: NomNom|0 fnt
|faint|p1a: NomNom
|
|upkeep
|
|t:|1709588526
|switch|p1a: Magic Man!|Dragonite, M|100/100
|-damage|p1a: Magic Man!|76/100|[from] Stealth Rock
|turn|9
|
|t:|1709588529
|move|p2a: Volcarona|Bug Buzz|p1a: Magic Man!
|-resisted|p1a: Magic Man!
|-damage|p1a: Magic Man!|24/100
|move|p1a: Magic Man!|Outrage|p2a: Volcarona
|-damage|p2a: Volcarona|0 fnt
|faint|p2a: Volcarona
|
|upkeep
|
|t:|1709588539
|switch|p2a: Ferrothorn|Ferrothorn, F|88/100
|turn|10
|
|t:|1709588543
|move|p1a: Magic Man!|Outrage|p2a: Ferrothorn|[from]lockedmove
|-resisted|p2a: Ferrothorn
|-damage|p2a: Ferrothorn|64/100
|-damage|p1a: Magic Man!|12/100|[from] ability: Iron Barbs|[of] p2a: Ferrothorn
|-start|p1a: Magic Man!|confusion|[fatigue]
|-enditem|p1a: Magic Man!|Lum Berry|[eat]
|-end|p1a: Magic Man!|confusion
|move|p2a: Ferrothorn|Spikes|p1a: Magic Man!
|-sidestart|p1: Yokao893|Spikes
|
|-heal|p2a: Ferrothorn|70/100|[from] item: Leftovers
|upkeep
|turn|11
|
|t:|1709588548
|switch|p1a: Gorilla Grip|Magnezone|100/100
|-damage|p1a: Gorilla Grip|94/100|[from] Stealth Rock
|-item|p1a: Gorilla Grip|Air Balloon
|move|p2a: Ferrothorn|Spikes|p1a: Gorilla Grip
|-sidestart|p1: Yokao893|Spikes
|
|-heal|p2a: Ferrothorn|76/100|[from] item: Leftovers
|upkeep
|turn|12
|
|t:|1709588550
|move|p1a: Gorilla Grip|Hidden Power|p2a: Ferrothorn
|-supereffective|p2a: Ferrothorn
|-damage|p2a: Ferrothorn|3/100
|move|p2a: Ferrothorn|Leech Seed|p1a: Gorilla Grip
|-start|p1a: Gorilla Grip|move: Leech Seed
|
|-heal|p2a: Ferrothorn|10/100|[from] item: Leftovers
|-damage|p1a: Gorilla Grip|82/100|[from] Leech Seed|[of] p2a: Ferrothorn
|-heal|p2a: Ferrothorn|20/100|[silent]
|upkeep
|turn|13
|
|t:|1709588554
|move|p1a: Gorilla Grip|Hidden Power|p2a: Ferrothorn
|-supereffective|p2a: Ferrothorn
|-damage|p2a: Ferrothorn|0 fnt
|faint|p2a: Ferrothorn
|
|upkeep
|
|t:|1709588560
|switch|p2a: Thundurus|Thundurus-Therian, M|100/100
|turn|14
|
|t:|1709588582
|move|p2a: Thundurus|Agility|p2a: Thundurus
|-boost|p2a: Thundurus|spe|2
|move|p1a: Gorilla Grip|Hidden Power|p2a: Thundurus
|-crit|p2a: Thundurus
|-damage|p2a: Thundurus|25/100
|
|-damage|p1a: Gorilla Grip|70/100|[from] Leech Seed|[of] p2a: Thundurus
|-heal|p2a: Thundurus|37/100|[silent]
|upkeep
|turn|15
|
|t:|1709588587
|move|p2a: Thundurus|Focus Blast|p1a: Gorilla Grip
|-supereffective|p1a: Gorilla Grip
|-crit|p1a: Gorilla Grip
|-damage|p1a: Gorilla Grip|0 fnt
|-enditem|p1a: Gorilla Grip|Air Balloon
|faint|p1a: Gorilla Grip
|-damage|p2a: Thundurus|27/100|[from] item: Life Orb
|
|upkeep
|
|t:|1709588592
|switch|p1a: Footdive!|Jirachi|91/100
|-damage|p1a: Footdive!|85/100|[from] Stealth Rock
|-damage|p1a: Footdive!|68/100|[from] Spikes
|turn|16
|
|t:|1709588594
|move|p2a: Thundurus|Thunderbolt|p1a: Footdive!
|-damage|p1a: Footdive!|25/100
|-damage|p2a: Thundurus|17/100|[from] item: Life Orb
|move|p1a: Footdive!|Icy Wind|p2a: Thundurus
|-supereffective|p2a: Thundurus
|-damage|p2a: Thundurus|0 fnt
|faint|p2a: Thundurus
|
|-heal|p1a: Footdive!|31/100|[from] item: Leftovers
|upkeep
|
|t:|1709588600
|switch|p2a: Keldeo|Keldeo|100/100
|turn|17
|
|t:|1709588603
|move|p2a: Keldeo|Scald|p1a: Footdive!
|-damage|p1a: Footdive!|1/100
|move|p1a: Footdive!|Stealth Rock|p2a: Keldeo
|-sidestart|p2: sidis|move: Stealth Rock
|
|-heal|p1a: Footdive!|8/100|[from] item: Leftovers
|upkeep
|turn|18
|
|t:|1709588608
|move|p2a: Keldeo|Scald|p1a: Footdive!
|-damage|p1a: Footdive!|0 fnt
|faint|p1a: Footdive!
|
|upkeep
|
|t:|1709588613
|switch|p1a: B-61|Latios, M|88/100
|-damage|p1a: B-61|76/100|[from] Stealth Rock
|turn|19
|
|t:|1709588615
|switch|p2a: Garchomp|Garchomp, F|1/100
|-damage|p2a: Garchomp|0 fnt|[from] Stealth Rock
|faint|p2a: Garchomp
|move|p1a: B-61|Draco Meteor|p2: Garchomp|[notarget]
|-fail|p1a: B-61
|
|upkeep
|
|t:|1709588617
|switch|p2a: Scizor|Scizor, F|100/100
|-damage|p2a: Scizor|88/100|[from] Stealth Rock
|turn|20
|
|t:|1709588637
|move|p2a: Scizor|Bullet Punch|p1a: B-61
|-damage|p1a: B-61|11/100
|move|p1a: B-61|Draco Meteor|p2a: Scizor
|-resisted|p2a: Scizor
|-damage|p2a: Scizor|36/100
|-unboost|p1a: B-61|spa|2
|
|upkeep
|turn|21
|
|t:|1709588641
|move|p2a: Scizor|Bullet Punch|p1a: B-61
|-damage|p1a: B-61|0 fnt
|faint|p1a: B-61
|
|upkeep
|
|t:|1709588644
|switch|p1a: Alex|Kyurem-Black|88/100
|-damage|p1a: Alex|63/100|[from] Stealth Rock
|-damage|p1a: Alex|47/100|[from] Spikes
|-ability|p1a: Alex|Teravolt
|turn|22
|
|t:|1709588646
|move|p2a: Scizor|Bullet Punch|p1a: Alex
|-supereffective|p1a: Alex
|-damage|p1a: Alex|0 fnt
|faint|p1a: Alex
|
|upkeep
|-message|Yokao893 forfeited.
|
|win|sidis
|raw|Yokao893's rating: 1426 &rarr; <strong>1401</strong><br />(-25 for losing)
|raw|sidis's rating: 1332 &rarr; <strong>1357</strong><br />(+25 for winning)
|l|☆Yokao893
|player|p1|
