|j|☆SadisticLust
|j|☆Dog strangler
|player|p1|SadisticLust|burglar-gen2|1269
|player|p2|Dog strangler|20|1405
|teamsize|p1|6
|teamsize|p2|6
|gametype|singles
|gen|5
|tier|[Gen 5] OU
|rated|
|clearpoke
|poke|p1|Politoed, F|item
|poke|p1|Breloom, M|item
|poke|p1|Jirachi|item
|poke|p1|Keldeo|item
|poke|p1|Tentacruel, F|item
|poke|p1|Landorus-Therian, M|item
|poke|p2|Gyarados, F|item
|poke|p2|Kyurem|item
|poke|p2|Tentacruel, F|item
|poke|p2|Landorus-Therian, M|item
|poke|p2|Celebi|item
|poke|p2|Heatran, F|item
|rule|Species Clause: Limit one of each Pokémon
|rule|OHKO Clause: OHKO moves are banned
|rule|Moody Clause: Moody is banned
|rule|Evasion Moves Clause: Evasion moves are banned
|rule|Endless Battle Clause: Forcing endless battles is banned
|rule|HP Percentage Mod: HP is shown in percentages
|rule|Evasion Abilities Clause: Evasion abilities are banned
|rule|Baton Pass Clause: Limit one Baton Passer, can't pass Spe and other stats simultaneously
|rule|Sleep Clause: Sleep-inducing moves are banned
|rule|Swagger Clause: Swagger is banned
|teampreview
|
|start
|switch|p1a: Breloom|Breloom, M, shiny|100/100
|switch|p2a: Kyurem|Kyurem|100/100
|-ability|p2a: Kyurem|Pressure
|turn|1
|
|switch|p1a: Chariot Requiem|Jirachi|100/100
|move|p2a: Kyurem|Substitute|p2a: Kyurem
|-start|p2a: Kyurem|Substitute
|-damage|p2a: Kyurem|75/100
|
|-heal|p2a: Kyurem|82/100|[from] item: Leftovers
|upkeep
|turn|2
|
|move|p2a: Kyurem|Earth Power|p1a: Chariot Requiem
|-supereffective|p1a: Chariot Requiem
|-damage|p1a: Chariot Requiem|60/100
|move|p1a: Chariot Requiem|Iron Head|p2a: Kyurem
|-supereffective|p2a: Kyurem
|-end|p2a: Kyurem|Substitute
|
|-heal|p2a: Kyurem|88/100|[from] item: Leftovers
|-heal|p1a: Chariot Requiem|67/100|[from] item: Leftovers
|upkeep
|turn|3
|
|switch|p2a: Heatran|Heatran, F|100/100
|move|p1a: Chariot Requiem|Body Slam|p2a: Heatran
|-resisted|p2a: Heatran
|-damage|p2a: Heatran|91/100
|
|-heal|p1a: Chariot Requiem|73/100|[from] item: Leftovers
|upkeep
|turn|4
|
|switch|p1a: Politoed|Politoed, F, shiny|100/100
|-weather|RainDance|[from] ability: Drizzle|[of] p1a: Politoed
|move|p2a: Heatran|Earth Power|p1a: Politoed
|-damage|p1a: Politoed|70/100
|
|-weather|RainDance|[upkeep]
|-heal|p1a: Politoed|76/100|[from] item: Leftovers
|upkeep
|turn|5
|
|switch|p2a: Celebi|Celebi|100/100
|switch|p1a: Landorus|Landorus-Therian, M|100/100
|-ability|p1a: Landorus|Intimidate|boost
|-unboost|p2a: Celebi|atk|1
|
|-weather|RainDance|[upkeep]
|upkeep
|turn|6
|
|switch|p2a: Landorus|Landorus-Therian, M|100/100
|-ability|p2a: Landorus|Intimidate|boost
|-unboost|p1a: Landorus|atk|1
|move|p1a: Landorus|U-turn|p2a: Landorus
|-resisted|p2a: Landorus
|-damage|p2a: Landorus|94/100
|
|switch|p1a: Keldeo|Keldeo|100/100|[from]move: U-turn
|
|-weather|RainDance|[upkeep]
|-heal|p2a: Landorus|99/100|[from] item: Leftovers
|upkeep
|turn|7
|
|switch|p2a: Celebi|Celebi|100/100
|move|p1a: Keldeo|Surf|p2a: Celebi
|-resisted|p2a: Celebi
|-damage|p2a: Celebi|79/100
|
|-weather|RainDance|[upkeep]
|-heal|p2a: Celebi|85/100|[from] item: Leftovers
|upkeep
|turn|8
|
|switch|p1a: Chariot Requiem|Jirachi|73/100
|move|p2a: Celebi|Thunder Wave|p1a: Chariot Requiem
|-status|p1a: Chariot Requiem|par
|
|-weather|RainDance|[upkeep]
|-heal|p2a: Celebi|92/100|[from] item: Leftovers
|-heal|p1a: Chariot Requiem|79/100 par|[from] item: Leftovers
|upkeep
|turn|9
|
|move|p2a: Celebi|Psychic|p1a: Chariot Requiem
|-resisted|p1a: Chariot Requiem
|-damage|p1a: Chariot Requiem|75/100 par
|-unboost|p1a: Chariot Requiem|spd|1
|cant|p1a: Chariot Requiem|par
|
|-weather|RainDance|[upkeep]
|-heal|p2a: Celebi|98/100|[from] item: Leftovers
|-heal|p1a: Chariot Requiem|81/100 par|[from] item: Leftovers
|upkeep
|turn|10
|
|switch|p2a: Gyarados|Gyarados, F|100/100
|-ability|p2a: Gyarados|Intimidate|boost
|-unboost|p1a: Chariot Requiem|atk|1
|cant|p1a: Chariot Requiem|par
|
|-weather|RainDance|[upkeep]
|-heal|p1a: Chariot Requiem|87/100 par|[from] item: Leftovers
|upkeep
|turn|11
|
|switch|p1a: Breloom|Breloom, M, shiny|100/100
|move|p2a: Gyarados|Waterfall|p1a: Breloom
|-resisted|p1a: Breloom
|-damage|p1a: Breloom|60/100
|
|-weather|RainDance|[upkeep]
|-status|p1a: Breloom|tox|[from] item: Toxic Orb
|upkeep
|turn|12
|
|move|p2a: Gyarados|Substitute|p2a: Gyarados
|-start|p2a: Gyarados|Substitute
|-damage|p2a: Gyarados|76/100
|move|p1a: Breloom|Drain Punch|p2a: Gyarados
|-resisted|p2a: Gyarados
|-activate|p2a: Gyarados|Substitute|[damage]
|-heal|p1a: Breloom|73/100 tox|[from] drain|[of] p2a: Gyarados
|
|-weather|RainDance|[upkeep]
|-heal|p2a: Gyarados|82/100|[from] item: Leftovers
|-heal|p1a: Breloom|85/100 tox|[from] ability: Poison Heal
|upkeep
|turn|13
|
|move|p2a: Gyarados|Dragon Dance|p2a: Gyarados
|-boost|p2a: Gyarados|atk|1
|-boost|p2a: Gyarados|spe|1
|move|p1a: Breloom|Bulk Up|p1a: Breloom
|-boost|p1a: Breloom|atk|1
|-boost|p1a: Breloom|def|1
|
|-weather|RainDance|[upkeep]
|-heal|p2a: Gyarados|88/100|[from] item: Leftovers
|-heal|p1a: Breloom|98/100 tox|[from] ability: Poison Heal
|upkeep
|turn|14
|
|switch|p2a: Celebi|Celebi|98/100
|move|p1a: Breloom|Bulk Up|p1a: Breloom
|-boost|p1a: Breloom|atk|1
|-boost|p1a: Breloom|def|1
|
|-weather|RainDance|[upkeep]
|-heal|p2a: Celebi|100/100|[from] item: Leftovers
|-heal|p1a: Breloom|100/100 tox|[from] ability: Poison Heal
|upkeep
|turn|15
|
|switch|p1a: Chariot Requiem|Jirachi|87/100 par
|move|p2a: Celebi|Perish Song|p2a: Celebi
|-start|p1a: Chariot Requiem|perish3|[silent]
|-start|p2a: Celebi|perish3|[silent]
|-fieldactivate|move: Perish Song
|
|-weather|RainDance|[upkeep]
|-heal|p1a: Chariot Requiem|93/100 par|[from] item: Leftovers
|-start|p2a: Celebi|perish3
|-start|p1a: Chariot Requiem|perish3
|upkeep
|turn|16
|
|switch|p2a: Tentacruel|Tentacruel, F|100/100
|move|p1a: Chariot Requiem|Body Slam|p2a: Tentacruel
|-damage|p2a: Tentacruel|83/100
|
|-weather|RainDance|[upkeep]
|-heal|p2a: Tentacruel|89/100|[from] ability: Rain Dish
|-heal|p2a: Tentacruel|95/100|[from] item: Black Sludge
|-heal|p1a: Chariot Requiem|99/100 par|[from] item: Leftovers
|-start|p1a: Chariot Requiem|perish2
|upkeep
|turn|17
|
|switch|p2a: Celebi|Celebi|100/100
|switch|p1a: Breloom|Breloom, M, shiny|100/100 tox
|
|-weather|RainDance|[upkeep]
|upkeep
|turn|18
|
|switch|p2a: Landorus|Landorus-Therian, M|99/100
|-ability|p2a: Landorus|Intimidate|boost
|-unboost|p1a: Breloom|atk|1
|switch|p1a: Chariot Requiem|Jirachi|99/100 par
|
|-weather|RainDance|[upkeep]
|-heal|p2a: Landorus|100/100|[from] item: Leftovers
|-heal|p1a: Chariot Requiem|100/100 par|[from] item: Leftovers
|upkeep
|turn|19
|
|switch|p1a: Landorus|Landorus-Therian, M|100/100
|-ability|p1a: Landorus|Intimidate|boost
|-unboost|p2a: Landorus|atk|1
|move|p2a: Landorus|Stealth Rock|p1a: Landorus
|-sidestart|p1: SadisticLust|move: Stealth Rock
|
|-weather|RainDance|[upkeep]
|upkeep
|turn|20
|
|switch|p2a: Gyarados|Gyarados, F|88/100
|-ability|p2a: Gyarados|Intimidate|boost
|-unboost|p1a: Landorus|atk|1
|move|p1a: Landorus|Stealth Rock|p2a: Gyarados
|-sidestart|p2: Dog strangler|move: Stealth Rock
|
|-weather|RainDance|[upkeep]
|-heal|p2a: Gyarados|94/100|[from] item: Leftovers
|upkeep
|turn|21
|
|switch|p1a: Breloom|Breloom, M, shiny|100/100 tox
|-damage|p1a: Breloom|94/100 tox|[from] Stealth Rock
|move|p2a: Gyarados|Dragon Dance|p2a: Gyarados
|-boost|p2a: Gyarados|atk|1
|-boost|p2a: Gyarados|spe|1
|
|-weather|RainDance|[upkeep]
|-heal|p2a: Gyarados|100/100|[from] item: Leftovers
|-heal|p1a: Breloom|100/100 tox|[from] ability: Poison Heal
|upkeep
|turn|22
|
|move|p2a: Gyarados|Bounce||[still]
|-prepare|p2a: Gyarados|Bounce|p1a: Breloom
|move|p1a: Breloom|Bulk Up|p1a: Breloom
|-boost|p1a: Breloom|atk|1
|-boost|p1a: Breloom|def|1
|
|-weather|RainDance|[upkeep]
|upkeep
|turn|23
|
|move|p1a: Breloom|Protect|p1a: Breloom
|-singleturn|p1a: Breloom|Protect
|move|p2a: Gyarados|Bounce|p1a: Breloom|[from]lockedmove
|-activate|p1a: Breloom|move: Protect
|
|-weather|RainDance|[upkeep]
|upkeep
|turn|24
|
|move|p2a: Gyarados|Waterfall|p1a: Breloom
|-resisted|p1a: Breloom
|-damage|p1a: Breloom|65/100 tox
|move|p1a: Breloom|Seed Bomb|p2a: Gyarados
|-damage|p2a: Gyarados|33/100
|
|-weather|RainDance|[upkeep]
|-heal|p2a: Gyarados|39/100|[from] item: Leftovers
|-heal|p1a: Breloom|77/100 tox|[from] ability: Poison Heal
|upkeep
|turn|25
|
|switch|p2a: Celebi|Celebi|100/100
|-damage|p2a: Celebi|88/100|[from] Stealth Rock
|move|p1a: Breloom|Drain Punch|p2a: Celebi
|-resisted|p2a: Celebi
|-damage|p2a: Celebi|66/100
|-heal|p1a: Breloom|91/100 tox|[from] drain|[of] p2a: Celebi
|
|-weather|RainDance|[upkeep]
|-heal|p2a: Celebi|72/100|[from] item: Leftovers
|-heal|p1a: Breloom|100/100 tox|[from] ability: Poison Heal
|upkeep
|turn|26
|
|move|p1a: Breloom|Protect|p1a: Breloom
|-singleturn|p1a: Breloom|Protect
|move|p2a: Celebi|Thunder Wave|p1a: Breloom
|-activate|p1a: Breloom|move: Protect
|
|-weather|RainDance|[upkeep]
|-heal|p2a: Celebi|78/100|[from] item: Leftovers
|upkeep
|turn|27
|
|switch|p1a: Chariot Requiem|Jirachi|100/100 par
|-damage|p1a: Chariot Requiem|94/100 par|[from] Stealth Rock
|move|p2a: Celebi|Perish Song|p2a: Celebi
|-start|p1a: Chariot Requiem|perish3|[silent]
|-start|p2a: Celebi|perish3|[silent]
|-fieldactivate|move: Perish Song
|
|-weather|RainDance|[upkeep]
|-heal|p2a: Celebi|84/100|[from] item: Leftovers
|-heal|p1a: Chariot Requiem|100/100 par|[from] item: Leftovers
|-start|p2a: Celebi|perish3
|-start|p1a: Chariot Requiem|perish3
|upkeep
|turn|28
|
|switch|p2a: Tentacruel|Tentacruel, F|95/100
|-damage|p2a: Tentacruel|83/100|[from] Stealth Rock
|cant|p1a: Chariot Requiem|par
|
|-weather|RainDance|[upkeep]
|-heal|p2a: Tentacruel|89/100|[from] ability: Rain Dish
|-heal|p2a: Tentacruel|95/100|[from] item: Black Sludge
|-start|p1a: Chariot Requiem|perish2
|upkeep
|turn|29
|
|move|p2a: Tentacruel|Rapid Spin|p1a: Chariot Requiem
|-resisted|p1a: Chariot Requiem
|-damage|p1a: Chariot Requiem|99/100 par
|-sideend|p2: Dog strangler|Stealth Rock|[from] move: Rapid Spin|[of] p2a: Tentacruel
|cant|p1a: Chariot Requiem|par
|
|-weather|RainDance|[upkeep]
|-heal|p2a: Tentacruel|100/100|[from] ability: Rain Dish
|-heal|p1a: Chariot Requiem|100/100 par|[from] item: Leftovers
|-start|p1a: Chariot Requiem|perish1
|upkeep
|turn|30
|
|switch|p2a: Kyurem|Kyurem|88/100
|-ability|p2a: Kyurem|Pressure
|switch|p1a: Breloom|Breloom, M, shiny|100/100 tox
|-damage|p1a: Breloom|94/100 tox|[from] Stealth Rock
|
|-weather|RainDance|[upkeep]
|-heal|p2a: Kyurem|94/100|[from] item: Leftovers
|-heal|p1a: Breloom|100/100 tox|[from] ability: Poison Heal
|upkeep
|turn|31
|
|move|p2a: Kyurem|Substitute|p2a: Kyurem
|-start|p2a: Kyurem|Substitute
|-damage|p2a: Kyurem|69/100
|move|p1a: Breloom|Drain Punch|p2a: Kyurem
|-supereffective|p2a: Kyurem
|-end|p2a: Kyurem|Substitute
|
|-weather|RainDance|[upkeep]
|-heal|p2a: Kyurem|75/100|[from] item: Leftovers
|upkeep
|turn|32
|
|switch|p1a: Chariot Requiem|Jirachi|100/100 par
|-damage|p1a: Chariot Requiem|94/100 par|[from] Stealth Rock
|move|p2a: Kyurem|Substitute|p2a: Kyurem
|-start|p2a: Kyurem|Substitute
|-damage|p2a: Kyurem|50/100
|
|-weather|RainDance|[upkeep]
|-heal|p2a: Kyurem|56/100|[from] item: Leftovers
|-heal|p1a: Chariot Requiem|100/100 par|[from] item: Leftovers
|upkeep
|turn|33
|
|move|p2a: Kyurem|Earth Power|p1a: Chariot Requiem
|-supereffective|p1a: Chariot Requiem
|-damage|p1a: Chariot Requiem|54/100 par
|cant|p1a: Chariot Requiem|par
|
|-weather|RainDance|[upkeep]
|-heal|p2a: Kyurem|63/100|[from] item: Leftovers
|-heal|p1a: Chariot Requiem|61/100 par|[from] item: Leftovers
|upkeep
|turn|34
|
|move|p2a: Kyurem|Earth Power|p1a: Chariot Requiem
|-supereffective|p1a: Chariot Requiem
|-damage|p1a: Chariot Requiem|22/100 par
|move|p1a: Chariot Requiem|Wish|p1a: Chariot Requiem
|
|-weather|RainDance|[upkeep]
|-heal|p2a: Kyurem|69/100|[from] item: Leftovers
|-heal|p1a: Chariot Requiem|28/100 par|[from] item: Leftovers
|upkeep
|turn|35
|
|move|p1a: Chariot Requiem|Protect|p1a: Chariot Requiem
|-singleturn|p1a: Chariot Requiem|Protect
|move|p2a: Kyurem|Earth Power|p1a: Chariot Requiem
|-activate|p1a: Chariot Requiem|move: Protect
|
|-weather|RainDance|[upkeep]
|-heal|p1a: Chariot Requiem|78/100 par|[from] move: Wish|[wisher] Chariot Requiem
|-heal|p2a: Kyurem|75/100|[from] item: Leftovers
|-heal|p1a: Chariot Requiem|84/100 par|[from] item: Leftovers
|upkeep
|turn|36
|
|move|p2a: Kyurem|Earth Power|p1a: Chariot Requiem
|-supereffective|p1a: Chariot Requiem
|-damage|p1a: Chariot Requiem|38/100 par
|-unboost|p1a: Chariot Requiem|spd|1
|move|p1a: Chariot Requiem|Wish|p1a: Chariot Requiem
|
|-weather|RainDance|[upkeep]
|-heal|p2a: Kyurem|81/100|[from] item: Leftovers
|-heal|p1a: Chariot Requiem|45/100 par|[from] item: Leftovers
|upkeep
|turn|37
|
|move|p1a: Chariot Requiem|Protect|p1a: Chariot Requiem
|-singleturn|p1a: Chariot Requiem|Protect
|move|p2a: Kyurem|Roost|p2a: Kyurem
|-heal|p2a: Kyurem|100/100
|-singleturn|p2a: Kyurem|move: Roost
|
|-weather|RainDance|[upkeep]
|-heal|p1a: Chariot Requiem|95/100 par|[from] move: Wish|[wisher] Chariot Requiem
|-heal|p1a: Chariot Requiem|100/100 par|[from] item: Leftovers
|upkeep
|turn|38
|
|switch|p1a: Politoed|Politoed, F, shiny|76/100
|-damage|p1a: Politoed|64/100|[from] Stealth Rock
|move|p2a: Kyurem|Earth Power|p1a: Politoed
|-damage|p1a: Politoed|31/100
|
|-weather|RainDance|[upkeep]
|-heal|p1a: Politoed|37/100|[from] item: Leftovers
|upkeep
|turn|39
|
|move|p2a: Kyurem|Earth Power|p1a: Politoed
|-damage|p1a: Politoed|8/100
|move|p1a: Politoed|Rest|p1a: Politoed
|-status|p1a: Politoed|slp|[from] move: Rest
|-heal|p1a: Politoed|100/100 slp|[silent]
|
|-weather|RainDance|[upkeep]
|upkeep
|turn|40
|
|move|p2a: Kyurem|Ice Beam|p1a: Politoed
|-resisted|p1a: Politoed
|-damage|p1a: Politoed|77/100 slp
|cant|p1a: Politoed|slp
|move|p1a: Politoed|Sleep Talk|p1a: Politoed
|move|p1a: Politoed|Rest|p1a: Politoed|[from]Sleep Talk
|-fail|p1a: Politoed
|
|-weather|RainDance|[upkeep]
|-heal|p1a: Politoed|83/100 slp|[from] item: Leftovers
|upkeep
|turn|41
|
|move|p2a: Kyurem|Ice Beam|p1a: Politoed
|-resisted|p1a: Politoed
|-damage|p1a: Politoed|61/100 slp
|cant|p1a: Politoed|slp
|move|p1a: Politoed|Sleep Talk|p1a: Politoed
|move|p1a: Politoed|Scald|p2a: Kyurem|[from]Sleep Talk
|-resisted|p2a: Kyurem
|-activate|p2a: Kyurem|Substitute|[damage]
|
|-weather|RainDance|[upkeep]
|-heal|p1a: Politoed|67/100 slp|[from] item: Leftovers
|upkeep
|turn|42
|
|move|p2a: Kyurem|Earth Power|p1a: Politoed
|-crit|p1a: Politoed
|-damage|p1a: Politoed|7/100 slp
|-curestatus|p1a: Politoed|slp|[msg]
|move|p1a: Politoed|Rest|p1a: Politoed
|-status|p1a: Politoed|slp|[from] move: Rest
|-heal|p1a: Politoed|100/100 slp|[silent]
|
|-weather|RainDance|[upkeep]
|upkeep
|turn|43
|
|move|p2a: Kyurem|Ice Beam|p1a: Politoed
|-resisted|p1a: Politoed
|-damage|p1a: Politoed|77/100 slp
|cant|p1a: Politoed|slp
|move|p1a: Politoed|Sleep Talk|p1a: Politoed
|move|p1a: Politoed|Rest|p1a: Politoed|[from]Sleep Talk
|-fail|p1a: Politoed
|
|-weather|RainDance|[upkeep]
|-heal|p1a: Politoed|84/100 slp|[from] item: Leftovers
|upkeep
|turn|44
|
|switch|p2a: Gyarados|Gyarados, F|39/100
|-ability|p2a: Gyarados|Intimidate|boost
|-unboost|p1a: Politoed|atk|1
|cant|p1a: Politoed|slp
|move|p1a: Politoed|Sleep Talk|p1a: Politoed
|move|p1a: Politoed|Toxic|p2a: Gyarados|[from]Sleep Talk
|-status|p2a: Gyarados|tox
|
|-weather|RainDance|[upkeep]
|-heal|p2a: Gyarados|45/100 tox|[from] item: Leftovers
|-heal|p1a: Politoed|90/100 slp|[from] item: Leftovers
|-damage|p2a: Gyarados|39/100 tox|[from] psn
|upkeep
|turn|45
|
|switch|p2a: Celebi|Celebi|84/100
|switch|p1a: Breloom|Breloom, M, shiny|100/100 tox
|-damage|p1a: Breloom|94/100 tox|[from] Stealth Rock
|
|-weather|RainDance|[upkeep]
|-heal|p2a: Celebi|91/100|[from] item: Leftovers
|-heal|p1a: Breloom|100/100 tox|[from] ability: Poison Heal
|upkeep
|turn|46
|
|switch|p2a: Landorus|Landorus-Therian, M|100/100
|-ability|p2a: Landorus|Intimidate|boost
|-unboost|p1a: Breloom|atk|1
|switch|p1a: Landorus|Landorus-Therian, M|100/100
|-damage|p1a: Landorus|88/100|[from] Stealth Rock
|-ability|p1a: Landorus|Intimidate|boost
|-unboost|p2a: Landorus|atk|1
|
|-weather|RainDance|[upkeep]
|upkeep
|turn|47
|
|move|p1a: Landorus|Stealth Rock|p2a: Landorus
|-sidestart|p2: Dog strangler|move: Stealth Rock
|move|p2a: Landorus|U-turn|p1a: Landorus
|-resisted|p1a: Landorus
|-damage|p1a: Landorus|82/100
|
|switch|p2a: Tentacruel|Tentacruel, F|100/100|[from]move: U-turn
|-damage|p2a: Tentacruel|88/100|[from] Stealth Rock
|
|-weather|RainDance|[upkeep]
|-heal|p2a: Tentacruel|94/100|[from] ability: Rain Dish
|-heal|p2a: Tentacruel|99/100|[from] item: Black Sludge
|upkeep
|turn|48
|
|move|p2a: Tentacruel|Rapid Spin|p1a: Landorus
|-damage|p1a: Landorus|80/100
|-sideend|p2: Dog strangler|Stealth Rock|[from] move: Rapid Spin|[of] p2a: Tentacruel
|move|p1a: Landorus|Earthquake|p2a: Tentacruel
|-supereffective|p2a: Tentacruel
|-damage|p2a: Tentacruel|16/100
|
|-weather|RainDance|[upkeep]
|-heal|p2a: Tentacruel|22/100|[from] ability: Rain Dish
|-heal|p2a: Tentacruel|28/100|[from] item: Black Sludge
|upkeep
|turn|49
|
|move|p2a: Tentacruel|Scald|p1a: Landorus
|-supereffective|p1a: Landorus
|-damage|p1a: Landorus|2/100
|move|p1a: Landorus|Earthquake|p2a: Tentacruel
|-supereffective|p2a: Tentacruel
|-damage|p2a: Tentacruel|0 fnt
|faint|p2a: Tentacruel
|
|-weather|RainDance|[upkeep]
|upkeep
|
|switch|p2a: Kyurem|Kyurem|100/100
|-ability|p2a: Kyurem|Pressure
|turn|50
|
|move|p2a: Kyurem|Ice Beam|p1a: Landorus
|-supereffective|p1a: Landorus
|-damage|p1a: Landorus|0 fnt
|faint|p1a: Landorus
|
|-weather|RainDance|[upkeep]
|upkeep
|
|switch|p1a: Tentacruel|Tentacruel, F|100/100
|-damage|p1a: Tentacruel|88/100|[from] Stealth Rock
|turn|51
|
|switch|p2a: Celebi|Celebi|91/100
|move|p1a: Tentacruel|Rapid Spin|p2a: Celebi
|-damage|p2a: Celebi|88/100
|-sideend|p1: SadisticLust|Stealth Rock|[from] move: Rapid Spin|[of] p1a: Tentacruel
|
|-weather|RainDance|[upkeep]
|-heal|p1a: Tentacruel|94/100|[from] ability: Rain Dish
|-heal|p1a: Tentacruel|99/100|[from] item: Leftovers
|-heal|p2a: Celebi|94/100|[from] item: Leftovers
|upkeep
|turn|52
|
|switch|p1a: Chariot Requiem|Jirachi|100/100 par
|move|p2a: Celebi|Psychic|p1a: Chariot Requiem
|-resisted|p1a: Chariot Requiem
|-damage|p1a: Chariot Requiem|96/100 par
|-unboost|p1a: Chariot Requiem|spd|1
|
|-weather|RainDance|[upkeep]
|-heal|p2a: Celebi|100/100|[from] item: Leftovers
|-heal|p1a: Chariot Requiem|100/100 par|[from] item: Leftovers
|upkeep
|turn|53
|
|move|p2a: Celebi|Perish Song|p2a: Celebi
|-start|p1a: Chariot Requiem|perish3|[silent]
|-start|p2a: Celebi|perish3|[silent]
|-fieldactivate|move: Perish Song
|move|p1a: Chariot Requiem|Wish|p1a: Chariot Requiem
|
|-weather|RainDance|[upkeep]
|-start|p2a: Celebi|perish3
|-start|p1a: Chariot Requiem|perish3
|upkeep
|turn|54
|
|switch|p2a: Landorus|Landorus-Therian, M|100/100
|-ability|p2a: Landorus|Intimidate|boost
|-unboost|p1a: Chariot Requiem|atk|1
|move|p1a: Chariot Requiem|Body Slam|p2a: Landorus
|-damage|p2a: Landorus|89/100
|-status|p2a: Landorus|par
|
|-weather|RainDance|[upkeep]
|-heal|p2a: Landorus|95/100 par|[from] item: Leftovers
|-start|p1a: Chariot Requiem|perish2
|upkeep
|turn|55
|
|switch|p1a: Keldeo|Keldeo|100/100
|cant|p2a: Landorus|par
|
|-weather|RainDance|[upkeep]
|-heal|p2a: Landorus|100/100 par|[from] item: Leftovers
|upkeep
|turn|56
|
|switch|p2a: Celebi|Celebi|100/100
|move|p1a: Keldeo|Hydro Pump|p2a: Celebi
|-resisted|p2a: Celebi
|-damage|p2a: Celebi|70/100
|
|-weather|RainDance|[upkeep]
|-heal|p2a: Celebi|76/100|[from] item: Leftovers
|upkeep
|turn|57
|
|switch|p1a: Chariot Requiem|Jirachi|100/100 par
|move|p2a: Celebi|Recover|p2a: Celebi
|-heal|p2a: Celebi|100/100
|
|-weather|RainDance|[upkeep]
|upkeep
|turn|58
|
|switch|p2a: Landorus|Landorus-Therian, M|100/100 par
|-ability|p2a: Landorus|Intimidate|boost
|-unboost|p1a: Chariot Requiem|atk|1
|move|p1a: Chariot Requiem|Iron Head|p2a: Landorus
|-crit|p2a: Landorus
|-damage|p2a: Landorus|59/100 par
|
|-weather|RainDance|[upkeep]
|-heal|p2a: Landorus|65/100 par|[from] item: Leftovers
|upkeep
|turn|59
|
|switch|p1a: Keldeo|Keldeo|100/100
|move|p2a: Landorus|Stealth Rock|p1a: Keldeo
|-sidestart|p1: SadisticLust|move: Stealth Rock
|
|-weather|RainDance|[upkeep]
|-heal|p2a: Landorus|71/100 par|[from] item: Leftovers
|upkeep
|turn|60
|
|switch|p2a: Celebi|Celebi|100/100
|move|p1a: Keldeo|Surf|p2a: Celebi
|-resisted|p2a: Celebi
|-damage|p2a: Celebi|76/100
|
|-weather|RainDance|[upkeep]
|-heal|p2a: Celebi|82/100|[from] item: Leftovers
|upkeep
|turn|61
|
|switch|p1a: Tentacruel|Tentacruel, F|99/100
|-damage|p1a: Tentacruel|88/100|[from] Stealth Rock
|move|p2a: Celebi|Thunder Wave|p1a: Tentacruel
|-status|p1a: Tentacruel|par
|
|-weather|RainDance|[upkeep]
|-heal|p1a: Tentacruel|94/100 par|[from] ability: Rain Dish
|-heal|p2a: Celebi|89/100|[from] item: Leftovers
|-heal|p1a: Tentacruel|99/100 par|[from] item: Leftovers
|upkeep
|turn|62
|
|move|p2a: Celebi|Psychic|p1a: Tentacruel
|-supereffective|p1a: Tentacruel
|-damage|p1a: Tentacruel|47/100 par
|move|p1a: Tentacruel|Rapid Spin|p2a: Celebi
|-damage|p2a: Celebi|86/100
|-sideend|p1: SadisticLust|Stealth Rock|[from] move: Rapid Spin|[of] p1a: Tentacruel
|
|-weather|RainDance|[upkeep]
|-heal|p1a: Tentacruel|53/100 par|[from] ability: Rain Dish
|-heal|p2a: Celebi|92/100|[from] item: Leftovers
|-heal|p1a: Tentacruel|59/100 par|[from] item: Leftovers
|upkeep
|turn|63
|
|switch|p2a: Landorus|Landorus-Therian, M|71/100 par
|-ability|p2a: Landorus|Intimidate|boost
|-unboost|p1a: Tentacruel|atk|1
|switch|p1a: Chariot Requiem|Jirachi|100/100 par
|
|-weather|RainDance|[upkeep]
|-heal|p2a: Landorus|77/100 par|[from] item: Leftovers
|upkeep
|turn|64
|
|switch|p1a: Keldeo|Keldeo|100/100
|move|p2a: Landorus|U-turn|p1a: Keldeo
|-resisted|p1a: Keldeo
|-damage|p1a: Keldeo|85/100
|
|switch|p2a: Celebi|Celebi|92/100|[from]move: U-turn
|
|-weather|RainDance|[upkeep]
|-heal|p2a: Celebi|99/100|[from] item: Leftovers
|upkeep
|turn|65
|
|switch|p1a: Chariot Requiem|Jirachi|100/100 par
|move|p2a: Celebi|Psychic|p1a: Chariot Requiem
|-resisted|p1a: Chariot Requiem
|-damage|p1a: Chariot Requiem|96/100 par
|
|-weather|RainDance|[upkeep]
|-heal|p2a: Celebi|100/100|[from] item: Leftovers
|-heal|p1a: Chariot Requiem|100/100 par|[from] item: Leftovers
|upkeep
|turn|66
|
|move|p2a: Celebi|Psychic|p1a: Chariot Requiem
|-resisted|p1a: Chariot Requiem
|-damage|p1a: Chariot Requiem|96/100 par
|move|p1a: Chariot Requiem|Wish|p1a: Chariot Requiem
|
|-weather|RainDance|[upkeep]
|-heal|p1a: Chariot Requiem|100/100 par|[from] item: Leftovers
|upkeep
|turn|67
|
|move|p2a: Celebi|Psychic|p1a: Chariot Requiem
|-resisted|p1a: Chariot Requiem
|-damage|p1a: Chariot Requiem|96/100 par
|cant|p1a: Chariot Requiem|par
|
|-weather|RainDance|[upkeep]
|-heal|p1a: Chariot Requiem|100/100 par|[from] move: Wish|[wisher] Chariot Requiem
|upkeep
|turn|68
|
|switch|p2a: Kyurem|Kyurem|100/100
|-ability|p2a: Kyurem|Pressure
|move|p1a: Chariot Requiem|Iron Head|p2a: Kyurem
|-supereffective|p2a: Kyurem
|-damage|p2a: Kyurem|47/100
|
|-weather|RainDance|[upkeep]
|-heal|p2a: Kyurem|53/100|[from] item: Leftovers
|upkeep
|turn|69
|
|move|p2a: Kyurem|Roost|p2a: Kyurem
|-heal|p2a: Kyurem|100/100
|-singleturn|p2a: Kyurem|move: Roost
|move|p1a: Chariot Requiem|Body Slam|p2a: Kyurem
|-damage|p2a: Kyurem|83/100
|-status|p2a: Kyurem|par
|
|-weather|RainDance|[upkeep]
|-heal|p2a: Kyurem|89/100 par|[from] item: Leftovers
|upkeep
|turn|70
|-message|Dog strangler forfeited.
|
|win|SadisticLust
|l|☆Dog strangler
|raw|SadisticLust's rating: 1269 &rarr; <strong>1303</strong><br />(+34 for winning)
|raw|Dog strangler's rating: 1391 &rarr; <strong>1364</strong><br />(-27 for losing)
