|j|☆LeafStoned
|j|☆Nalorium ⧳
|t:|1725243410
|gametype|singles
|player|p1|LeafStoned|169|1542
|player|p2|Nalorium ⧳|#nalorium|1570
|teamsize|p1|6
|teamsize|p2|6
|gen|5
|tier|[Gen 5] OU
|rated|
|rule|Species Clause: Limit one of each Pokémon
|rule|OHKO Clause: OHKO moves are banned
|rule|Moody Clause: Moody is banned
|rule|Evasion Items Clause: Evasion items are banned
|rule|Evasion Moves Clause: Evasion moves are banned
|rule|Endless Battle Clause: Forcing endless battles is banned
|rule|HP Percentage Mod: HP is shown in percentages
|rule|Evasion Abilities Clause: Evasion abilities are banned
|rule|Sleep Moves Clause: Sleep-inducing moves are banned
|rule|Swagger Clause: Swagger is banned
|rule|Baton Pass Stat Clause: No Baton Passer may have a way to boost its stats
|clearpoke
|poke|p1|Politoed, F|item
|poke|p1|Thundurus-Therian, M|item
|poke|p1|Ferrothorn, M|item
|poke|p1|Excadrill, F|item
|poke|p1|Lapras, M|item
|poke|p1|Latios, M|item
|poke|p2|Chansey, F|item
|poke|p2|Cresselia, F|item
|poke|p2|Donphan, F|item
|poke|p2|Heatran, M|item
|poke|p2|Ninetales, F|item
|poke|p2|Volcarona, M|item
|teampreview
|
|t:|1725243424
|start
|switch|p1a: Excadrill|Excadrill, F|100/100
|switch|p2a: Heatran|Heatran, M, shiny|100/100
|-ability|p1a: Excadrill|Mold Breaker
|turn|1
|
|t:|1725243429
|switch|p2a: Donphan|Donphan, F, shiny|100/100
|move|p1a: Excadrill|Earthquake|p2a: Donphan
|-damage|p2a: Donphan|68/100
|
|-heal|p2a: Donphan|74/100|[from] item: Leftovers
|upkeep
|turn|2
|
|t:|1725243435
|switch|p1a: Politoed|Politoed, F|100/100
|-weather|RainDance|[from] ability: Drizzle|[of] p1a: Politoed
|switch|p2a: Heatran|Heatran, M, shiny|100/100
|
|-weather|RainDance|[upkeep]
|upkeep
|turn|3
|
|t:|1725243448
|move|p2a: Heatran|Sunny Day|p2a: Heatran
|-weather|SunnyDay
|move|p1a: Politoed|Scald|p2a: Heatran
|-supereffective|p2a: Heatran
|-damage|p2a: Heatran|73/100
|
|-weather|SunnyDay|[upkeep]
|-heal|p2a: Heatran|79/100|[from] item: Leftovers
|upkeep
|turn|4
|
|t:|1725243454
|switch|p1a: Latios|Latios, M|100/100
|move|p2a: Heatran|Magma Storm|p1a: Latios
|-resisted|p1a: Latios
|-damage|p1a: Latios|44/100
|-activate|p1a: Latios|move: Magma Storm|[of] p2a: Heatran
|
|-weather|SunnyDay|[upkeep]
|-heal|p2a: Heatran|85/100|[from] item: Leftovers
|-damage|p1a: Latios|38/100|[from] move: Magma Storm|[partiallytrapped]
|upkeep
|turn|5
|inactive|Battle timer is ON: inactive players will automatically lose when time's up. (requested by LeafStoned)
|
|t:|1725243466
|switch|p2a: Volcarona|Volcarona, M, shiny|100/100
|move|p1a: Latios|Trick|p2a: Volcarona
|-activate|p1a: Latios|move: Trick|[of] p2a: Volcarona
|-item|p2a: Volcarona|Choice Scarf|[from] move: Trick
|-item|p1a: Latios|Leftovers|[from] move: Trick
|
|-weather|SunnyDay|[upkeep]
|-heal|p1a: Latios|44/100|[from] item: Leftovers
|upkeep
|turn|6
|
|t:|1725243474
|switch|p2a: Heatran|Heatran, M, shiny|85/100
|switch|p1a: Politoed|Politoed, F|100/100
|-weather|RainDance|[from] ability: Drizzle|[of] p1a: Politoed
|
|-weather|RainDance|[upkeep]
|-heal|p2a: Heatran|91/100|[from] item: Leftovers
|upkeep
|turn|7
|
|t:|1725243478
|move|p2a: Heatran|Sunny Day|p2a: Heatran
|-weather|SunnyDay
|move|p1a: Politoed|Encore|p2a: Heatran
|-start|p2a: Heatran|Encore
|
|-weather|SunnyDay|[upkeep]
|-heal|p2a: Heatran|97/100|[from] item: Leftovers
|upkeep
|turn|8
|
|t:|1725243482
|switch|p2a: Chansey|Chansey, F, shiny|100/100
|move|p1a: Politoed|Scald|p2a: Chansey
|-damage|p2a: Chansey|97/100
|
|-weather|SunnyDay|[upkeep]
|upkeep
|turn|9
|
|t:|1725243488
|switch|p1a: Latios|Latios, M|44/100
|switch|p2a: Heatran|Heatran, M, shiny|97/100
|
|-weather|SunnyDay|[upkeep]
|-heal|p1a: Latios|50/100|[from] item: Leftovers
|-heal|p2a: Heatran|100/100|[from] item: Leftovers
|upkeep
|turn|10
|
|t:|1725243508
|move|p1a: Latios|Recover|p1a: Latios
|-heal|p1a: Latios|99/100
|move|p2a: Heatran|Magma Storm|p1a: Latios
|-resisted|p1a: Latios
|-damage|p1a: Latios|49/100
|-activate|p1a: Latios|move: Magma Storm|[of] p2a: Heatran
|
|-weather|SunnyDay|[upkeep]
|-heal|p1a: Latios|55/100|[from] item: Leftovers
|-damage|p1a: Latios|49/100|[from] move: Magma Storm|[partiallytrapped]
|upkeep
|turn|11
|
|t:|1725243513
|move|p1a: Latios|Recover|p1a: Latios
|-heal|p1a: Latios|99/100
|move|p2a: Heatran|Dragon Pulse|p1a: Latios
|-supereffective|p1a: Latios
|-damage|p1a: Latios|28/100
|
|-weather|none
|-heal|p1a: Latios|34/100|[from] item: Leftovers
|-damage|p1a: Latios|28/100|[from] move: Magma Storm|[partiallytrapped]
|upkeep
|turn|12
|
|t:|1725243520
|move|p1a: Latios|Surf|p2a: Heatran
|-supereffective|p2a: Heatran
|-damage|p2a: Heatran|31/100
|move|p2a: Heatran|Dragon Pulse|p1a: Latios
|-supereffective|p1a: Latios
|-damage|p1a: Latios|0 fnt
|faint|p1a: Latios
|
|-heal|p2a: Heatran|37/100|[from] item: Leftovers
|upkeep
|
|t:|1725243529
|switch|p1a: Excadrill|Excadrill, F|100/100
|-ability|p1a: Excadrill|Mold Breaker
|turn|13
|
|t:|1725243534
|switch|p2a: Donphan|Donphan, F, shiny|74/100
|move|p1a: Excadrill|Earthquake|p2a: Donphan
|-damage|p2a: Donphan|41/100
|
|-heal|p2a: Donphan|47/100|[from] item: Leftovers
|upkeep
|turn|14
|
|t:|1725243539
|switch|p1a: Politoed|Politoed, F|100/100
|-weather|RainDance|[from] ability: Drizzle|[of] p1a: Politoed
|move|p2a: Donphan|Earthquake|p1a: Politoed
|-damage|p1a: Politoed|66/100
|
|-weather|RainDance|[upkeep]
|-heal|p1a: Politoed|72/100|[from] item: Leftovers
|-heal|p2a: Donphan|53/100|[from] item: Leftovers
|upkeep
|turn|15
|
|t:|1725243546
|switch|p2a: Ninetales|Ninetales, F|100/100
|-weather|SunnyDay|[from] ability: Drought|[of] p2a: Ninetales
|move|p1a: Politoed|Toxic|p2a: Ninetales
|-status|p2a: Ninetales|tox
|
|-weather|SunnyDay|[upkeep]
|-heal|p1a: Politoed|78/100|[from] item: Leftovers
|-damage|p2a: Ninetales|94/100 tox|[from] psn
|upkeep
|turn|16
|
|t:|1725243549
|switch|p2a: Heatran|Heatran, M, shiny|37/100
|move|p1a: Politoed|Protect||[still]
|-fail|p1a: Politoed
|
|-weather|SunnyDay|[upkeep]
|-heal|p2a: Heatran|43/100|[from] item: Leftovers
|-heal|p1a: Politoed|84/100|[from] item: Leftovers
|upkeep
|turn|17
|
|t:|1725243573
|move|p1a: Politoed|Protect|p1a: Politoed
|-singleturn|p1a: Politoed|Protect
|move|p2a: Heatran|Magma Storm|p1a: Politoed
|-activate|p1a: Politoed|move: Protect
|
|-weather|SunnyDay|[upkeep]
|-heal|p2a: Heatran|49/100|[from] item: Leftovers
|-heal|p1a: Politoed|90/100|[from] item: Leftovers
|upkeep
|turn|18
|
|t:|1725243575
|switch|p1a: Thundurus|Thundurus-Therian, M|100/100
|move|p2a: Heatran|Magma Storm|p1a: Thundurus
|-damage|p1a: Thundurus|0 fnt
|faint|p1a: Thundurus
|
|-weather|SunnyDay|[upkeep]
|-heal|p2a: Heatran|55/100|[from] item: Leftovers
|upkeep
|
|t:|1725243580
|switch|p1a: Excadrill|Excadrill, F|100/100
|-ability|p1a: Excadrill|Mold Breaker
|turn|19
|
|t:|1725243590
|switch|p2a: Cresselia|Cresselia, F, shiny|100/100
|move|p1a: Excadrill|Earthquake|p2a: Cresselia
|-damage|p2a: Cresselia|72/100
|
|-weather|SunnyDay|[upkeep]
|-heal|p2a: Cresselia|78/100|[from] item: Leftovers
|upkeep
|turn|20
|
|t:|1725243593
|switch|p1a: Ferrothorn|Ferrothorn, M|100/100
|move|p2a: Cresselia|Thunder Wave|p1a: Ferrothorn
|-status|p1a: Ferrothorn|par
|
|-weather|SunnyDay|[upkeep]
|-heal|p2a: Cresselia|84/100|[from] item: Leftovers
|upkeep
|turn|21
|
|t:|1725243599
|switch|p2a: Heatran|Heatran, M, shiny|55/100
|move|p1a: Ferrothorn|Stealth Rock|p2a: Heatran
|-sidestart|p2: Nalorium ⧳|move: Stealth Rock
|
|-weather|SunnyDay|[upkeep]
|-heal|p2a: Heatran|61/100|[from] item: Leftovers
|upkeep
|turn|22
|
|t:|1725243604
|switch|p1a: Politoed|Politoed, F|90/100
|-weather|RainDance|[from] ability: Drizzle|[of] p1a: Politoed
|move|p2a: Heatran|Magma Storm|p1a: Politoed
|-resisted|p1a: Politoed
|-damage|p1a: Politoed|75/100
|-activate|p1a: Politoed|move: Magma Storm|[of] p2a: Heatran
|
|-weather|RainDance|[upkeep]
|-heal|p2a: Heatran|68/100|[from] item: Leftovers
|-heal|p1a: Politoed|81/100|[from] item: Leftovers
|-damage|p1a: Politoed|75/100|[from] move: Magma Storm|[partiallytrapped]
|upkeep
|turn|23
|
|t:|1725243611
|move|p2a: Heatran|Sunny Day|p2a: Heatran
|-weather|SunnyDay
|move|p1a: Politoed|Encore|p2a: Heatran
|-start|p2a: Heatran|Encore
|
|-weather|SunnyDay|[upkeep]
|-heal|p2a: Heatran|74/100|[from] item: Leftovers
|-heal|p1a: Politoed|81/100|[from] item: Leftovers
|-damage|p1a: Politoed|75/100|[from] move: Magma Storm|[partiallytrapped]
|upkeep
|turn|24
|
|t:|1725243629
|switch|p2a: Chansey|Chansey, F, shiny|97/100
|-damage|p2a: Chansey|85/100|[from] Stealth Rock
|move|p1a: Politoed|Scald|p2a: Chansey
|-crit|p2a: Chansey
|-damage|p2a: Chansey|76/100
|
|-weather|SunnyDay|[upkeep]
|-heal|p1a: Politoed|81/100|[from] item: Leftovers
|upkeep
|turn|25
|
|t:|1725243637
|switch|p1a: Excadrill|Excadrill, F|100/100
|-ability|p1a: Excadrill|Mold Breaker
|move|p2a: Chansey|Heal Bell|p2a: Chansey
|-activate|p2a: Chansey|move: Heal Bell
|-curestatus|p2: Ninetales|tox|[msg]
|
|-weather|SunnyDay|[upkeep]
|upkeep
|turn|26
|
|t:|1725243654
|switch|p1a: Politoed|Politoed, F|81/100
|-weather|RainDance|[from] ability: Drizzle|[of] p1a: Politoed
|move|p2a: Chansey|Soft-Boiled|p2a: Chansey
|-heal|p2a: Chansey|100/100
|
|-weather|RainDance|[upkeep]
|-heal|p1a: Politoed|87/100|[from] item: Leftovers
|upkeep
|turn|27
|
|t:|1725243676
|move|p1a: Politoed|Toxic|p2a: Chansey
|-status|p2a: Chansey|tox
|move|p2a: Chansey|Stealth Rock|p1a: Politoed
|-sidestart|p1: LeafStoned|move: Stealth Rock
|
|-weather|RainDance|[upkeep]
|-heal|p1a: Politoed|93/100|[from] item: Leftovers
|-damage|p2a: Chansey|94/100 tox|[from] psn
|upkeep
|turn|28
|
|t:|1725243684
|switch|p1a: Excadrill|Excadrill, F|100/100
|-damage|p1a: Excadrill|97/100|[from] Stealth Rock
|-ability|p1a: Excadrill|Mold Breaker
|-curestatus|p2a: Chansey|tox|[from] ability: Natural Cure
|switch|p2a: Ninetales|Ninetales, F|94/100
|-damage|p2a: Ninetales|70/100|[from] Stealth Rock
|-weather|SunnyDay|[from] ability: Drought|[of] p2a: Ninetales
|
|-weather|SunnyDay|[upkeep]
|-heal|p2a: Ninetales|76/100|[from] item: Leftovers
|upkeep
|turn|29
|
|t:|1725243688
|move|p2a: Ninetales|Protect|p2a: Ninetales
|-singleturn|p2a: Ninetales|Protect
|move|p1a: Excadrill|Rapid Spin|p2a: Ninetales
|-activate|p2a: Ninetales|move: Protect
|
|-weather|SunnyDay|[upkeep]
|-heal|p2a: Ninetales|82/100|[from] item: Leftovers
|upkeep
|turn|30
|
|t:|1725243702
|switch|p1a: Politoed|Politoed, F|93/100
|-damage|p1a: Politoed|81/100|[from] Stealth Rock
|-weather|RainDance|[from] ability: Drizzle|[of] p1a: Politoed
|move|p2a: Ninetales|Will-O-Wisp|p1a: Politoed
|-status|p1a: Politoed|brn
|
|-weather|RainDance|[upkeep]
|-heal|p2a: Ninetales|88/100|[from] item: Leftovers
|-heal|p1a: Politoed|87/100 brn|[from] item: Leftovers
|-damage|p1a: Politoed|75/100 brn|[from] brn
|upkeep
|turn|31
|
|t:|1725243710
|switch|p1a: Lapras|Lapras, M|100/100
|-damage|p1a: Lapras|75/100|[from] Stealth Rock
|move|p2a: Ninetales|Sunny Day|p2a: Ninetales
|-weather|SunnyDay
|
|-weather|SunnyDay|[upkeep]
|-heal|p2a: Ninetales|94/100|[from] item: Leftovers
|-heal|p1a: Lapras|82/100|[from] item: Leftovers
|upkeep
|turn|32
|
|t:|1725243728
|switch|p1a: Politoed|Politoed, F|75/100 brn
|-damage|p1a: Politoed|62/100 brn|[from] Stealth Rock
|-weather|RainDance|[from] ability: Drizzle|[of] p1a: Politoed
|move|p2a: Ninetales|Will-O-Wisp|p1a: Politoed
|-fail|p1a: Politoed|brn
|
|-weather|RainDance|[upkeep]
|-heal|p2a: Ninetales|99/100|[from] item: Leftovers
|-heal|p1a: Politoed|68/100 brn|[from] item: Leftovers
|-damage|p1a: Politoed|56/100 brn|[from] brn
|upkeep
|turn|33
|
|t:|1725243735
|switch|p1a: Excadrill|Excadrill, F|97/100
|-damage|p1a: Excadrill|94/100|[from] Stealth Rock
|-ability|p1a: Excadrill|Mold Breaker
|move|p2a: Ninetales|Sunny Day|p2a: Ninetales
|-weather|SunnyDay
|
|-weather|SunnyDay|[upkeep]
|-heal|p2a: Ninetales|100/100|[from] item: Leftovers
|upkeep
|turn|34
|
|t:|1725243759
|move|p2a: Ninetales|Protect|p2a: Ninetales
|-singleturn|p2a: Ninetales|Protect
|move|p1a: Excadrill|Earthquake|p2a: Ninetales
|-activate|p2a: Ninetales|move: Protect
|
|-weather|SunnyDay|[upkeep]
|upkeep
|turn|35
|
|t:|1725243763
|switch|p2a: Cresselia|Cresselia, F, shiny|84/100
|-damage|p2a: Cresselia|72/100|[from] Stealth Rock
|move|p1a: Excadrill|Earthquake|p2a: Cresselia
|-damage|p2a: Cresselia|42/100
|
|-weather|SunnyDay|[upkeep]
|-heal|p2a: Cresselia|48/100|[from] item: Leftovers
|upkeep
|turn|36
|
|t:|1725243766
|move|p1a: Excadrill|Earthquake|p2a: Cresselia
|-damage|p2a: Cresselia|21/100
|move|p2a: Cresselia|Moonlight|p2a: Cresselia
|-heal|p2a: Cresselia|88/100
|
|-weather|SunnyDay|[upkeep]
|-heal|p2a: Cresselia|94/100|[from] item: Leftovers
|upkeep
|turn|37
|
|t:|1725243770
|move|p1a: Excadrill|Earthquake|p2a: Cresselia
|-damage|p2a: Cresselia|66/100
|move|p2a: Cresselia|Ice Beam|p1a: Excadrill
|-damage|p1a: Excadrill|71/100
|
|-weather|none
|-heal|p2a: Cresselia|72/100|[from] item: Leftovers
|upkeep
|turn|38
|
|t:|1725243775
|move|p1a: Excadrill|Earthquake|p2a: Cresselia
|-damage|p2a: Cresselia|41/100
|move|p2a: Cresselia|Moonlight|p2a: Cresselia
|-heal|p2a: Cresselia|91/100
|
|-heal|p2a: Cresselia|97/100|[from] item: Leftovers
|upkeep
|turn|39
|
|t:|1725243780
|move|p1a: Excadrill|Earthquake|p2a: Cresselia
|-damage|p2a: Cresselia|69/100
|move|p2a: Cresselia|Ice Beam|p1a: Excadrill
|-damage|p1a: Excadrill|49/100
|
|-heal|p2a: Cresselia|75/100|[from] item: Leftovers
|upkeep
|turn|40
|j| MoCanah97
|
|t:|1725243793
|switch|p1a: Politoed|Politoed, F|56/100 brn
|-damage|p1a: Politoed|44/100 brn|[from] Stealth Rock
|-weather|RainDance|[from] ability: Drizzle|[of] p1a: Politoed
|move|p2a: Cresselia|Moonlight|p2a: Cresselia
|-heal|p2a: Cresselia|99/100
|
|-weather|RainDance|[upkeep]
|-heal|p2a: Cresselia|100/100|[from] item: Leftovers
|-heal|p1a: Politoed|50/100 brn|[from] item: Leftovers
|-damage|p1a: Politoed|38/100 brn|[from] brn
|upkeep
|turn|41
|
|t:|1725243800
|switch|p2a: Ninetales|Ninetales, F|100/100
|-damage|p2a: Ninetales|76/100|[from] Stealth Rock
|-weather|SunnyDay|[from] ability: Drought|[of] p2a: Ninetales
|switch|p1a: Excadrill|Excadrill, F|49/100
|-damage|p1a: Excadrill|46/100|[from] Stealth Rock
|-ability|p1a: Excadrill|Mold Breaker
|
|-weather|SunnyDay|[upkeep]
|-heal|p2a: Ninetales|82/100|[from] item: Leftovers
|upkeep
|turn|42
|
|t:|1725243808
|move|p2a: Ninetales|Protect|p2a: Ninetales
|-singleturn|p2a: Ninetales|Protect
|move|p1a: Excadrill|Rapid Spin|p2a: Ninetales
|-activate|p2a: Ninetales|move: Protect
|
|-weather|SunnyDay|[upkeep]
|-heal|p2a: Ninetales|88/100|[from] item: Leftovers
|upkeep
|turn|43
|
|t:|1725243838
|move|p1a: Excadrill|Rapid Spin|p2a: Ninetales
|-damage|p2a: Ninetales|81/100
|-sideend|p1: LeafStoned|Stealth Rock|[from] move: Rapid Spin|[of] p1a: Excadrill
|move|p2a: Ninetales|Flamethrower|p1a: Excadrill
|-supereffective|p1a: Excadrill
|-damage|p1a: Excadrill|0 fnt
|faint|p1a: Excadrill
|
|-weather|SunnyDay|[upkeep]
|-heal|p2a: Ninetales|87/100|[from] item: Leftovers
|upkeep
|
|t:|1725243844
|switch|p1a: Politoed|Politoed, F|38/100 brn
|-weather|RainDance|[from] ability: Drizzle|[of] p1a: Politoed
|turn|44
|
|t:|1725243847
|switch|p1a: Lapras|Lapras, M|82/100
|move|p2a: Ninetales|Sunny Day|p2a: Ninetales
|-weather|SunnyDay
|
|-weather|SunnyDay|[upkeep]
|-heal|p2a: Ninetales|93/100|[from] item: Leftovers
|-heal|p1a: Lapras|88/100|[from] item: Leftovers
|upkeep
|turn|45
|
|t:|1725243854
|move|p2a: Ninetales|Will-O-Wisp|p1a: Lapras
|-status|p1a: Lapras|brn
|move|p1a: Lapras|Curse|p1a: Lapras
|-unboost|p1a: Lapras|spe|1
|-boost|p1a: Lapras|atk|1
|-boost|p1a: Lapras|def|1
|
|-weather|SunnyDay|[upkeep]
|-heal|p2a: Ninetales|99/100|[from] item: Leftovers
|-heal|p1a: Lapras|94/100 brn|[from] item: Leftovers
|-damage|p1a: Lapras|82/100 brn|[from] brn
|upkeep
|turn|46
|
|t:|1725243862
|switch|p2a: Donphan|Donphan, F, shiny|53/100
|-damage|p2a: Donphan|47/100|[from] Stealth Rock
|move|p1a: Lapras|Curse|p1a: Lapras
|-unboost|p1a: Lapras|spe|1
|-boost|p1a: Lapras|atk|1
|-boost|p1a: Lapras|def|1
|
|-weather|SunnyDay|[upkeep]
|-heal|p2a: Donphan|53/100|[from] item: Leftovers
|-heal|p1a: Lapras|88/100 brn|[from] item: Leftovers
|-damage|p1a: Lapras|75/100 brn|[from] brn
|upkeep
|turn|47
|
|t:|1725243866
|move|p2a: Donphan|Rapid Spin|p1a: Lapras
|-damage|p1a: Lapras|73/100 brn
|-sideend|p2: Nalorium ⧳|Stealth Rock|[from] move: Rapid Spin|[of] p2a: Donphan
|move|p1a: Lapras|Curse|p1a: Lapras
|-unboost|p1a: Lapras|spe|1
|-boost|p1a: Lapras|atk|1
|-boost|p1a: Lapras|def|1
|
|-weather|SunnyDay|[upkeep]
|-heal|p2a: Donphan|60/100|[from] item: Leftovers
|-heal|p1a: Lapras|79/100 brn|[from] item: Leftovers
|-damage|p1a: Lapras|66/100 brn|[from] brn
|upkeep
|turn|48
|
|t:|1725243874
|switch|p2a: Volcarona|Volcarona, M, shiny|100/100
|move|p1a: Lapras|Rest|p1a: Lapras
|-status|p1a: Lapras|slp|[from] move: Rest
|-heal|p1a: Lapras|100/100 slp|[silent]
|
|-weather|none
|upkeep
|turn|49
|
|t:|1725243881
|switch|p2a: Ninetales|Ninetales, F|99/100
|-weather|SunnyDay|[from] ability: Drought|[of] p2a: Ninetales
|cant|p1a: Lapras|slp
|
|-weather|SunnyDay|[upkeep]
|-heal|p2a: Ninetales|100/100|[from] item: Leftovers
|upkeep
|turn|50
|
|t:|1725243885
|switch|p2a: Volcarona|Volcarona, M, shiny|100/100
|cant|p1a: Lapras|slp
|
|-weather|SunnyDay|[upkeep]
|upkeep
|turn|51
|
|t:|1725243887
|move|p2a: Volcarona|Flamethrower|p1a: Lapras
|-damage|p1a: Lapras|58/100 slp
|-curestatus|p1a: Lapras|slp|[msg]
|move|p1a: Lapras|Waterfall|p2a: Volcarona
|-supereffective|p2a: Volcarona
|-damage|p2a: Volcarona|34/100
|-status|p1a: Lapras|brn|[from] ability: Flame Body|[of] p2a: Volcarona
|
|-weather|SunnyDay|[upkeep]
|-heal|p1a: Lapras|65/100 brn|[from] item: Leftovers
|-damage|p1a: Lapras|52/100 brn|[from] brn
|upkeep
|turn|52
|
|t:|1725243895
|move|p2a: Volcarona|Flamethrower|p1a: Lapras
|-damage|p1a: Lapras|13/100 brn
|move|p1a: Lapras|Rest|p1a: Lapras
|-status|p1a: Lapras|slp|[from] move: Rest
|-heal|p1a: Lapras|100/100 slp|[silent]
|
|-weather|SunnyDay|[upkeep]
|upkeep
|turn|53
|
|t:|1725243901
|switch|p1a: Politoed|Politoed, F|38/100 brn
|-weather|RainDance|[from] ability: Drizzle|[of] p1a: Politoed
|move|p2a: Volcarona|Flamethrower|p1a: Politoed
|-resisted|p1a: Politoed
|-damage|p1a: Politoed|29/100 brn
|
|-weather|RainDance|[upkeep]
|-heal|p1a: Politoed|35/100 brn|[from] item: Leftovers
|-damage|p1a: Politoed|23/100 brn|[from] brn
|upkeep
|turn|54
|
|t:|1725243905
|switch|p2a: Ninetales|Ninetales, F|100/100
|-weather|SunnyDay|[from] ability: Drought|[of] p2a: Ninetales
|switch|p1a: Lapras|Lapras, M|100/100 slp
|
|-weather|SunnyDay|[upkeep]
|upkeep
|turn|55
|
|t:|1725243913
|switch|p2a: Volcarona|Volcarona, M, shiny|34/100
|cant|p1a: Lapras|slp
|
|-weather|SunnyDay|[upkeep]
|upkeep
|turn|56
|
|t:|1725243917
|switch|p1a: Politoed|Politoed, F|23/100 brn
|-weather|RainDance|[from] ability: Drizzle|[of] p1a: Politoed
|move|p2a: Volcarona|Flamethrower|p1a: Politoed
|-resisted|p1a: Politoed
|-damage|p1a: Politoed|13/100 brn
|
|-weather|RainDance|[upkeep]
|-heal|p1a: Politoed|19/100 brn|[from] item: Leftovers
|-damage|p1a: Politoed|7/100 brn|[from] brn
|upkeep
|turn|57
|
|t:|1725243927
|switch|p2a: Ninetales|Ninetales, F|100/100
|-weather|SunnyDay|[from] ability: Drought|[of] p2a: Ninetales
|switch|p1a: Lapras|Lapras, M|100/100 slp
|
|-weather|SunnyDay|[upkeep]
|upkeep
|turn|58
|
|t:|1725243931
|switch|p2a: Heatran|Heatran, M, shiny|74/100
|cant|p1a: Lapras|slp
|
|-weather|SunnyDay|[upkeep]
|-heal|p2a: Heatran|80/100|[from] item: Leftovers
|upkeep
|turn|59
|
|t:|1725243935
|move|p2a: Heatran|Solar Beam||[still]
|-prepare|p2a: Heatran|Solar Beam
|-anim|p2a: Heatran|Solar Beam|p1a: Lapras
|-supereffective|p1a: Lapras
|-damage|p1a: Lapras|43/100 slp
|cant|p1a: Lapras|slp
|
|-weather|SunnyDay|[upkeep]
|-heal|p2a: Heatran|86/100|[from] item: Leftovers
|-heal|p1a: Lapras|49/100 slp|[from] item: Leftovers
|upkeep
|turn|60
|
|t:|1725243943
|move|p2a: Heatran|Solar Beam||[still]
|-prepare|p2a: Heatran|Solar Beam
|-anim|p2a: Heatran|Solar Beam|p1a: Lapras
|-supereffective|p1a: Lapras
|-damage|p1a: Lapras|0 fnt
|faint|p1a: Lapras
|
|-weather|SunnyDay|[upkeep]
|-heal|p2a: Heatran|92/100|[from] item: Leftovers
|upkeep
|
|t:|1725243946
|switch|p1a: Ferrothorn|Ferrothorn, M|100/100 par
|turn|61
|
|t:|1725243949
|move|p2a: Heatran|Magma Storm|p1a: Ferrothorn
|-supereffective|p1a: Ferrothorn
|-damage|p1a: Ferrothorn|0 fnt
|faint|p1a: Ferrothorn
|
|-weather|SunnyDay|[upkeep]
|-heal|p2a: Heatran|99/100|[from] item: Leftovers
|upkeep
|
|t:|1725243951
|switch|p1a: Politoed|Politoed, F|7/100 brn
|-weather|RainDance|[from] ability: Drizzle|[of] p1a: Politoed
|turn|62
|c|☆LeafStoned|Gg!
|
|t:|1725243959
|move|p2a: Heatran|Dragon Pulse|p1a: Politoed
|-crit|p1a: Politoed
|-damage|p1a: Politoed|0 fnt
|faint|p1a: Politoed
|
|win|Nalorium ⧳
|raw|LeafStoned's rating: 1542 &rarr; <strong>1525</strong><br />(-17 for losing)
|raw|Nalorium ⧳'s rating: 1591 &rarr; <strong>1608</strong><br />(+17 for winning)
|l|☆LeafStoned
|player|p1|
|l|☆Nalorium ⧳
|player|p2|
