|j|☆SattleBimulator
|j|☆skamnewton
|t:|1739728112
|gametype|singles
|player|p1|SattleBimulator|101|1322
|player|p2|skamnewton|2|1343
|teamsize|p1|6
|teamsize|p2|6
|gen|5
|tier|[Gen 5] OU
|rated|
|rule|Species Clause: Limit one of each Pokémon
|rule|OHKO Clause: OHKO moves are banned
|rule|Moody Clause: Moody is banned
|rule|Evasion Items Clause: Evasion items are banned
|rule|Evasion Moves Clause: Evasion moves are banned
|rule|Endless Battle Clause: Forcing endless battles is banned
|rule|HP Percentage Mod: HP is shown in percentages
|rule|Evasion Abilities Clause: Evasion abilities are banned
|rule|Sleep Moves Clause: Sleep-inducing moves are banned
|rule|Swagger Clause: Swagger is banned
|rule|Baton Pass Stat Clause: No Baton Passer may have a way to boost its stats
|clearpoke
|poke|p1|Politoed, M|item
|poke|p1|Thundurus-Therian, M|item
|poke|p1|Keldeo-Resolute|item
|poke|p1|Starmie|item
|poke|p1|Latios, M|item
|poke|p1|Rotom-Wash|item
|poke|p2|Scrafty, M|item
|poke|p2|Togekiss, F|item
|poke|p2|Jellicent, F|item
|poke|p2|Claydol|item
|poke|p2|Scizor, F|item
|poke|p2|Landorus-Therian, M|item
|teampreview
|inactive|Battle timer is ON: inactive players will automatically lose when time's up. (requested by SattleBimulator)
|
|t:|1739728137
|start
|switch|p1a: Politoed|Politoed, M|100/100
|switch|p2a: Togekiss|Togekiss, F|100/100
|-weather|RainDance|[from] ability: Drizzle|[of] p1a: Politoed
|turn|1
|
|t:|1739728140
|move|p2a: Togekiss|Substitute|p2a: Togekiss
|-start|p2a: Togekiss|Substitute
|-damage|p2a: Togekiss|76/100
|move|p1a: Politoed|Scald|p2a: Togekiss
|-end|p2a: Togekiss|Substitute
|
|-weather|RainDance|[upkeep]
|upkeep
|turn|2
|
|t:|1739728145
|move|p2a: Togekiss|Air Slash|p1a: Politoed
|-damage|p1a: Politoed|72/100
|cant|p1a: Politoed|flinch
|
|-weather|RainDance|[upkeep]
|-heal|p1a: Politoed|79/100|[from] item: Leftovers
|upkeep
|turn|3
|
|t:|1739728150
|move|p2a: Togekiss|Air Slash|p1a: Politoed
|-damage|p1a: Politoed|49/100
|cant|p1a: Politoed|flinch
|
|-weather|RainDance|[upkeep]
|-heal|p1a: Politoed|55/100|[from] item: Leftovers
|upkeep
|turn|4
|
|t:|1739728153
|move|p2a: Togekiss|Air Slash|p1a: Politoed
|-damage|p1a: Politoed|24/100
|move|p1a: Politoed|Scald|p2a: Togekiss
|-damage|p2a: Togekiss|43/100
|-status|p2a: Togekiss|brn
|
|-weather|RainDance|[upkeep]
|-heal|p1a: Politoed|31/100|[from] item: Leftovers
|-damage|p2a: Togekiss|31/100 brn|[from] brn
|upkeep
|turn|5
|
|t:|1739728159
|move|p2a: Togekiss|Air Slash|p1a: Politoed
|-damage|p1a: Politoed|3/100
|cant|p1a: Politoed|flinch
|
|-weather|RainDance|[upkeep]
|-heal|p1a: Politoed|9/100|[from] item: Leftovers
|-damage|p2a: Togekiss|19/100 brn|[from] brn
|upkeep
|-enditem|p2a: Togekiss|Salac Berry|[eat]
|-boost|p2a: Togekiss|spe|1|[from] item: Salac Berry
|turn|6
|
|t:|1739728163
|move|p2a: Togekiss|Air Slash|p1a: Politoed
|-damage|p1a: Politoed|0 fnt
|faint|p1a: Politoed
|
|-weather|RainDance|[upkeep]
|-damage|p2a: Togekiss|6/100 brn|[from] brn
|upkeep
|
|t:|1739728172
|switch|p1a: Keldeo|Keldeo-Resolute|100/100
|turn|7
|
|t:|1739728174
|move|p1a: Keldeo|Surf|p2a: Togekiss
|-damage|p2a: Togekiss|0 fnt
|faint|p2a: Togekiss
|
|-weather|RainDance|[upkeep]
|upkeep
|
|t:|1739728177
|switch|p2a: Jellicent|Jellicent, F|100/100
|turn|8
|
|t:|1739728181
|switch|p1a: Rotom|Rotom-Wash|100/100
|move|p2a: Jellicent|Water Spout|p1a: Rotom
|-resisted|p1a: Rotom
|-damage|p1a: Rotom|8/100
|
|-weather|RainDance|[upkeep]
|upkeep
|turn|9
|
|t:|1739728188
|move|p1a: Rotom|Hydro Pump|p2a: Jellicent
|-immune|p2a: Jellicent|[from] ability: Water Absorb
|move|p2a: Jellicent|Water Spout|p1a: Rotom
|-resisted|p1a: Rotom
|-damage|p1a: Rotom|0 fnt
|faint|p1a: Rotom
|
|-weather|RainDance|[upkeep]
|upkeep
|
|t:|1739728195
|switch|p1a: Thundurus|Thundurus-Therian, M|100/100
|turn|10
|
|t:|1739728198
|switch|p2a: Landorus|Landorus-Therian, M|100/100
|-ability|p2a: Landorus|Intimidate|boost
|-unboost|p1a: Thundurus|atk|1
|move|p1a: Thundurus|Thunder|p2a: Landorus
|-immune|p2a: Landorus
|
|-weather|RainDance|[upkeep]
|upkeep
|turn|11
|
|t:|1739728203
|move|p2a: Landorus|U-turn|p1a: Thundurus
|-resisted|p1a: Thundurus
|-damage|p1a: Thundurus|79/100
|
|t:|1739728212
|switch|p2a: Jellicent|Jellicent, F|100/100|[from] U-turn
|move|p1a: Thundurus|Hidden Power|p2a: Jellicent
|-resisted|p2a: Jellicent
|-damage|p2a: Jellicent|84/100
|-damage|p1a: Thundurus|69/100|[from] item: Life Orb
|
|-weather|RainDance|[upkeep]
|upkeep
|turn|12
|
|t:|1739728215
|move|p1a: Thundurus|Thunder|p2a: Jellicent
|-supereffective|p2a: Jellicent
|-damage|p2a: Jellicent|0 fnt
|faint|p2a: Jellicent
|-damage|p1a: Thundurus|59/100|[from] item: Life Orb
|
|-weather|RainDance|[upkeep]
|upkeep
|j| cell city
|
|t:|1739728223
|switch|p2a: Landorus|Landorus-Therian, M|100/100
|-ability|p2a: Landorus|Intimidate|boost
|-unboost|p1a: Thundurus|atk|1
|turn|13
|
|t:|1739728229
|move|p2a: Landorus|Stone Edge|p1a: Thundurus
|-supereffective|p1a: Thundurus
|-damage|p1a: Thundurus|0 fnt
|faint|p1a: Thundurus
|
|-weather|RainDance|[upkeep]
|upkeep
|
|t:|1739728232
|switch|p1a: Keldeo|Keldeo-Resolute|100/100
|turn|14
|
|t:|1739728242
|switch|p2a: Claydol|Claydol|100/100
|move|p1a: Keldeo|Surf|p2a: Claydol
|-supereffective|p2a: Claydol
|-enditem|p2a: Claydol|Passho Berry|[eat]
|-enditem|p2a: Claydol|Passho Berry|[weaken]
|-damage|p2a: Claydol|46/100
|
|-weather|RainDance|[upkeep]
|upkeep
|turn|15
|
|t:|1739728249
|move|p1a: Keldeo|Surf|p2a: Claydol
|-supereffective|p2a: Claydol
|-crit|p2a: Claydol
|-damage|p2a: Claydol|0 fnt
|faint|p2a: Claydol
|
|-weather|RainDance|[upkeep]
|upkeep
|
|t:|1739728261
|switch|p2a: Scrafty|Scrafty, M|100/100
|turn|16
|
|t:|1739728265
|move|p1a: Keldeo|Surf|p2a: Scrafty
|-damage|p2a: Scrafty|51/100
|move|p2a: Scrafty|Bulk Up|p2a: Scrafty
|-boost|p2a: Scrafty|atk|1
|-boost|p2a: Scrafty|def|1
|
|-weather|RainDance|[upkeep]
|-heal|p2a: Scrafty|57/100|[from] item: Leftovers
|upkeep
|turn|17
|
|t:|1739728268
|move|p1a: Keldeo|Surf|p2a: Scrafty
|-damage|p2a: Scrafty|5/100
|move|p2a: Scrafty|Drain Punch|p1a: Keldeo
|-damage|p1a: Keldeo|63/100
|-heal|p2a: Scrafty|23/100|[from] drain|[of] p1a: Keldeo
|
|-weather|RainDance|[upkeep]
|-heal|p2a: Scrafty|29/100|[from] item: Leftovers
|upkeep
|turn|18
|
|t:|1739728278
|move|p1a: Keldeo|Surf|p2a: Scrafty
|-damage|p2a: Scrafty|0 fnt
|faint|p2a: Scrafty
|
|-weather|RainDance|[upkeep]
|upkeep
|
|t:|1739728281
|switch|p2a: Landorus|Landorus-Therian, M|100/100
|-ability|p2a: Landorus|Intimidate|boost
|-unboost|p1a: Keldeo|atk|1
|turn|19
|
|t:|1739728283
|move|p1a: Keldeo|Surf|p2a: Landorus
|-supereffective|p2a: Landorus
|-damage|p2a: Landorus|0 fnt
|faint|p2a: Landorus
|
|-weather|RainDance|[upkeep]
|upkeep
|
|t:|1739728285
|switch|p2a: Scizor|Scizor, F|100/100
|turn|20
|
|t:|1739728289
|move|p1a: Keldeo|Surf|p2a: Scizor
|-crit|p2a: Scizor
|-damage|p2a: Scizor|0 fnt
|faint|p2a: Scizor
|
|win|SattleBimulator
|raw|SattleBimulator's rating: 1322 &rarr; <strong>1343</strong><br />(+21 for winning)
|raw|skamnewton's rating: 1343 &rarr; <strong>1322</strong><br />(-21 for losing)
