|j|☆Nalorium ⧳
|j|☆scraggy1234567
|t:|1725239900
|gametype|singles
|player|p1|Nalorium ⧳|#nalorium|1512
|player|p2|scraggy1234567|n|1303
|teamsize|p1|6
|teamsize|p2|6
|gen|5
|tier|[Gen 5] OU
|rated|
|rule|Species Clause: Limit one of each Pokémon
|rule|OHKO Clause: OHKO moves are banned
|rule|Moody Clause: Moody is banned
|rule|Evasion Items Clause: Evasion items are banned
|rule|Evasion Moves Clause: Evasion moves are banned
|rule|Endless Battle Clause: Forcing endless battles is banned
|rule|HP Percentage Mod: HP is shown in percentages
|rule|Evasion Abilities Clause: Evasion abilities are banned
|rule|Sleep Moves Clause: Sleep-inducing moves are banned
|rule|Swagger Clause: Swagger is banned
|rule|Baton Pass Stat Clause: No Baton Passer may have a way to boost its stats
|clearpoke
|poke|p1|Excadrill, F|item
|poke|p1|Ferrothorn, F|item
|poke|p1|Hippowdon, M|item
|poke|p1|Landorus-Therian, M|item
|poke|p1|Slowking, F|item
|poke|p1|Tyranitar, M|item
|poke|p2|Hippowdon, M|item
|poke|p2|Alakazam, F|item
|poke|p2|Forretress, F|item
|poke|p2|Crobat, F|item
|poke|p2|Gastrodon, M|item
|poke|p2|Heatran, M|item
|teampreview
|inactive|Battle timer is ON: inactive players will automatically lose when time's up. (requested by scraggy1234567)
|
|t:|1725239910
|start
|switch|p1a: Ferrothorn|Ferrothorn, F|100/100
|switch|p2a: Brobat|Crobat, F|100/100
|turn|1
|
|t:|1725239920
|move|p2a: Brobat|U-turn|p1a: Ferrothorn
|-damage|p1a: Ferrothorn|89/100
|-damage|p2a: Brobat|88/100|[from] ability: Iron Barbs|[of] p1a: Ferrothorn
|
|t:|1725239925
|switch|p2a: Heatran|Heatran, M|100/100|[from] U-turn
|move|p1a: Ferrothorn|Knock Off|p2a: Heatran
|-resisted|p2a: Heatran
|-damage|p2a: Heatran|98/100
|-enditem|p2a: Heatran|Leftovers|[from] move: Knock Off|[of] p1a: Ferrothorn
|
|-heal|p1a: Ferrothorn|96/100|[from] item: Leftovers
|upkeep
|turn|2
|
|t:|1725239931
|switch|p1a: Hippowdon|Hippowdon, M|100/100
|-weather|Sandstorm|[from] ability: Sand Stream|[of] p1a: Hippowdon
|move|p2a: Heatran|Magma Storm|p1a: Hippowdon|[miss]
|-miss|p2a: Heatran|p1a: Hippowdon
|
|-weather|Sandstorm|[upkeep]
|upkeep
|turn|3
|
|t:|1725239934
|move|p2a: Heatran|Protect|p2a: Heatran
|-singleturn|p2a: Heatran|Protect
|move|p1a: Hippowdon|Stealth Rock|p2a: Heatran
|-sidestart|p2: scraggy1234567|move: Stealth Rock
|
|-weather|Sandstorm|[upkeep]
|upkeep
|turn|4
|
|t:|1725239942
|switch|p2a: Gastrodon|Gastrodon, M|100/100
|-damage|p2a: Gastrodon|94/100|[from] Stealth Rock
|move|p1a: Hippowdon|Earthquake|p2a: Gastrodon
|-damage|p2a: Gastrodon|66/100
|
|-weather|Sandstorm|[upkeep]
|-heal|p2a: Gastrodon|72/100|[from] item: Leftovers
|upkeep
|turn|5
|
|t:|1725239947
|switch|p1a: Ferrothorn|Ferrothorn, F|96/100
|switch|p2a: Heatran|Heatran, M|98/100
|-damage|p2a: Heatran|86/100|[from] Stealth Rock
|
|-weather|Sandstorm|[upkeep]
|-heal|p1a: Ferrothorn|100/100|[from] item: Leftovers
|upkeep
|turn|6
|
|t:|1725239954
|switch|p1a: Hippowdon|Hippowdon, M|100/100
|move|p2a: Heatran|Magma Storm|p1a: Hippowdon
|-damage|p1a: Hippowdon|54/100
|-activate|p1a: Hippowdon|move: Magma Storm|[of] p2a: Heatran
|
|-weather|Sandstorm|[upkeep]
|-heal|p1a: Hippowdon|60/100|[from] item: Leftovers
|-damage|p1a: Hippowdon|54/100|[from] move: Magma Storm|[partiallytrapped]
|upkeep
|turn|7
|
|t:|1725239959
|move|p2a: Heatran|Protect|p2a: Heatran
|-singleturn|p2a: Heatran|Protect
|move|p1a: Hippowdon|Slack Off|p1a: Hippowdon
|-heal|p1a: Hippowdon|100/100
|
|-weather|Sandstorm|[upkeep]
|-damage|p1a: Hippowdon|94/100|[from] move: Magma Storm|[partiallytrapped]
|upkeep
|turn|8
|
|t:|1725239967
|switch|p2a: Brobat|Crobat, F|88/100
|-damage|p2a: Brobat|63/100|[from] Stealth Rock
|move|p1a: Hippowdon|Earthquake|p2a: Brobat
|-immune|p2a: Brobat
|
|-weather|Sandstorm|[upkeep]
|-damage|p2a: Brobat|57/100|[from] Sandstorm
|-heal|p2a: Brobat|63/100|[from] item: Black Sludge
|-heal|p1a: Hippowdon|100/100|[from] item: Leftovers
|upkeep
|turn|9
|
|t:|1725239977
|switch|p1a: Ferrothorn|Ferrothorn, F|100/100
|move|p2a: Brobat|Roost|p2a: Brobat
|-heal|p2a: Brobat|100/100
|-singleturn|p2a: Brobat|move: Roost
|
|-weather|Sandstorm|[upkeep]
|-damage|p2a: Brobat|94/100|[from] Sandstorm
|-heal|p2a: Brobat|100/100|[from] item: Black Sludge
|upkeep
|turn|10
|j| Sebas4906
|
|t:|1725239982
|move|p2a: Brobat|Taunt|p1a: Ferrothorn
|-start|p1a: Ferrothorn|move: Taunt
|cant|p1a: Ferrothorn|move: Taunt|Leech Seed
|
|-weather|Sandstorm|[upkeep]
|-damage|p2a: Brobat|94/100|[from] Sandstorm
|-heal|p2a: Brobat|100/100|[from] item: Black Sludge
|upkeep
|turn|11
|
|t:|1725239990
|switch|p2a: FT.Knox|Forretress, F|100/100
|-damage|p2a: FT.Knox|88/100|[from] Stealth Rock
|move|p1a: Ferrothorn|Knock Off|p2a: FT.Knox
|-resisted|p2a: FT.Knox
|-damage|p2a: FT.Knox|87/100
|-enditem|p2a: FT.Knox|Leftovers|[from] move: Knock Off|[of] p1a: Ferrothorn
|
|-weather|Sandstorm|[upkeep]
|upkeep
|turn|12
|
|t:|1725239995
|switch|p1a: Slowking|Slowking, F|100/100
|move|p2a: FT.Knox|Rapid Spin|p1a: Slowking
|-damage|p1a: Slowking|98/100
|-sideend|p2: scraggy1234567|Stealth Rock|[from] move: Rapid Spin|[of] p2a: FT.Knox
|
|-weather|Sandstorm|[upkeep]
|-damage|p1a: Slowking|92/100|[from] Sandstorm
|-heal|p1a: Slowking|98/100|[from] item: Leftovers
|upkeep
|turn|13
|
|t:|1725239999
|switch|p2a: Gastrodon|Gastrodon, M|72/100
|move|p1a: Slowking|Scald|p2a: Gastrodon
|-ability|p2a: Gastrodon|Storm Drain|boost
|-boost|p2a: Gastrodon|spa|1
|
|-weather|Sandstorm|[upkeep]
|-damage|p1a: Slowking|92/100|[from] Sandstorm
|-heal|p2a: Gastrodon|78/100|[from] item: Leftovers
|-heal|p1a: Slowking|98/100|[from] item: Leftovers
|upkeep
|turn|14
|l| Sebas4906
|
|t:|1725240004
|switch|p1a: Ferrothorn|Ferrothorn, F|100/100
|move|p2a: Gastrodon|Scald|p1a: Ferrothorn
|-resisted|p1a: Ferrothorn
|-damage|p1a: Ferrothorn|85/100
|
|-weather|Sandstorm|[upkeep]
|-heal|p2a: Gastrodon|84/100|[from] item: Leftovers
|-heal|p1a: Ferrothorn|92/100|[from] item: Leftovers
|upkeep
|turn|15
|
|t:|1725240008
|switch|p2a: FT.Knox|Forretress, F|87/100
|move|p1a: Ferrothorn|Spikes|p2a: FT.Knox
|-sidestart|p2: scraggy1234567|Spikes
|
|-weather|Sandstorm|[upkeep]
|-heal|p1a: Ferrothorn|98/100|[from] item: Leftovers
|upkeep
|turn|16
|
|t:|1725240011
|switch|p1a: Slowking|Slowking, F|100/100
|move|p2a: FT.Knox|Spikes|p1a: Slowking
|-sidestart|p1: Nalorium ⧳|Spikes
|
|-weather|Sandstorm|[upkeep]
|-damage|p1a: Slowking|94/100|[from] Sandstorm
|-heal|p1a: Slowking|100/100|[from] item: Leftovers
|upkeep
|turn|17
|
|t:|1725240015
|move|p2a: FT.Knox|Volt Switch|p1a: Slowking
|-supereffective|p1a: Slowking
|-damage|p1a: Slowking|83/100
|
|t:|1725240018
|switch|p2a: Gastrodon|Gastrodon, M|84/100|[from] Volt Switch
|-damage|p2a: Gastrodon|72/100|[from] Spikes
|move|p1a: Slowking|Fire Blast|p2a: Gastrodon
|-resisted|p2a: Gastrodon
|-damage|p2a: Gastrodon|58/100
|
|-weather|Sandstorm|[upkeep]
|-damage|p1a: Slowking|77/100|[from] Sandstorm
|-heal|p2a: Gastrodon|64/100|[from] item: Leftovers
|-heal|p1a: Slowking|83/100|[from] item: Leftovers
|upkeep
|turn|18
|
|t:|1725240023
|switch|p1a: Ferrothorn|Ferrothorn, F|98/100
|-damage|p1a: Ferrothorn|85/100|[from] Spikes
|move|p2a: Gastrodon|Recover|p2a: Gastrodon
|-heal|p2a: Gastrodon|100/100
|
|-weather|Sandstorm|[upkeep]
|-heal|p1a: Ferrothorn|92/100|[from] item: Leftovers
|upkeep
|turn|19
|
|t:|1725240032
|switch|p2a: Heatran|Heatran, M|86/100
|-damage|p2a: Heatran|73/100|[from] Spikes
|move|p1a: Ferrothorn|Leech Seed|p2a: Heatran
|-start|p2a: Heatran|move: Leech Seed
|
|-weather|Sandstorm|[upkeep]
|-heal|p1a: Ferrothorn|98/100|[from] item: Leftovers
|-damage|p2a: Heatran|61/100|[from] Leech Seed|[of] p1a: Ferrothorn
|-heal|p1a: Ferrothorn|100/100|[silent]
|upkeep
|turn|20
|
|t:|1725240035
|switch|p1a: Hippowdon|Hippowdon, M|100/100
|-damage|p1a: Hippowdon|88/100|[from] Spikes
|move|p2a: Heatran|Magma Storm|p1a: Hippowdon
|-damage|p1a: Hippowdon|34/100
|-activate|p1a: Hippowdon|move: Magma Storm|[of] p2a: Heatran
|
|-weather|Sandstorm|[upkeep]
|-heal|p1a: Hippowdon|40/100|[from] item: Leftovers
|-damage|p2a: Heatran|48/100|[from] Leech Seed|[of] p1a: Hippowdon
|-heal|p1a: Hippowdon|50/100|[silent]
|-damage|p1a: Hippowdon|44/100|[from] move: Magma Storm|[partiallytrapped]
|upkeep
|turn|21
|
|t:|1725240042
|move|p2a: Heatran|Hidden Power|p1a: Hippowdon
|-supereffective|p1a: Hippowdon
|-damage|p1a: Hippowdon|7/100
|move|p1a: Hippowdon|Stealth Rock|p2a: Heatran
|-sidestart|p2: scraggy1234567|move: Stealth Rock
|
|-weather|Sandstorm|[upkeep]
|-heal|p1a: Hippowdon|13/100|[from] item: Leftovers
|-damage|p2a: Heatran|36/100|[from] Leech Seed|[of] p1a: Hippowdon
|-heal|p1a: Hippowdon|23/100|[silent]
|-damage|p1a: Hippowdon|17/100|[from] move: Magma Storm|[partiallytrapped]
|upkeep
|turn|22
|
|t:|1725240046
|move|p2a: Heatran|Hidden Power|p1a: Hippowdon
|-supereffective|p1a: Hippowdon
|-damage|p1a: Hippowdon|0 fnt
|faint|p1a: Hippowdon
|
|-weather|Sandstorm|[upkeep]
|upkeep
|
|t:|1725240048
|switch|p1a: Landorus|Landorus-Therian, M|100/100
|-ability|p1a: Landorus|Intimidate|boost
|-unboost|p2a: Heatran|atk|1
|turn|23
|
|t:|1725240051
|move|p2a: Heatran|Protect|p2a: Heatran
|-singleturn|p2a: Heatran|Protect
|move|p1a: Landorus|Earthquake|p2a: Heatran
|-activate|p2a: Heatran|move: Protect
|
|-weather|Sandstorm|[upkeep]
|-damage|p2a: Heatran|24/100|[from] Leech Seed|[of] p1a: Landorus
|upkeep
|turn|24
|
|t:|1725240057
|switch|p2a: Gastrodon|Gastrodon, M|100/100
|-damage|p2a: Gastrodon|88/100|[from] Spikes
|-damage|p2a: Gastrodon|82/100|[from] Stealth Rock
|move|p1a: Landorus|Earthquake|p2a: Gastrodon
|-damage|p2a: Gastrodon|48/100
|
|-weather|Sandstorm|[upkeep]
|-heal|p2a: Gastrodon|54/100|[from] item: Leftovers
|upkeep
|turn|25
|
|t:|1725240061
|move|p1a: Landorus|Knock Off|p2a: Gastrodon
|-damage|p2a: Gastrodon|50/100
|-enditem|p2a: Gastrodon|Leftovers|[from] move: Knock Off|[of] p1a: Landorus
|move|p2a: Gastrodon|Recover|p2a: Gastrodon
|-heal|p2a: Gastrodon|99/100
|
|-weather|Sandstorm|[upkeep]
|upkeep
|turn|26
|
|t:|1725240065
|switch|p2a: FT.Knox|Forretress, F|87/100
|-damage|p2a: FT.Knox|74/100|[from] Spikes
|-damage|p2a: FT.Knox|62/100|[from] Stealth Rock
|move|p1a: Landorus|U-turn|p2a: FT.Knox
|-resisted|p2a: FT.Knox
|-damage|p2a: FT.Knox|55/100
|
|t:|1725240070
|switch|p1a: Slowking|Slowking, F|100/100|[from] U-turn
|-damage|p1a: Slowking|88/100|[from] Spikes
|
|-weather|Sandstorm|[upkeep]
|-damage|p1a: Slowking|82/100|[from] Sandstorm
|-heal|p1a: Slowking|88/100|[from] item: Leftovers
|upkeep
|turn|27
|
|t:|1725240078
|switch|p2a: Gastrodon|Gastrodon, M|99/100
|-damage|p2a: Gastrodon|87/100|[from] Spikes
|-damage|p2a: Gastrodon|81/100|[from] Stealth Rock
|move|p1a: Slowking|Fire Blast|p2a: Gastrodon
|-resisted|p2a: Gastrodon
|-damage|p2a: Gastrodon|68/100
|
|-weather|Sandstorm|[upkeep]
|-damage|p1a: Slowking|82/100|[from] Sandstorm
|-heal|p1a: Slowking|88/100|[from] item: Leftovers
|upkeep
|turn|28
|
|t:|1725240086
|switch|p2a: FT.Knox|Forretress, F|55/100
|-damage|p2a: FT.Knox|43/100|[from] Spikes
|-damage|p2a: FT.Knox|30/100|[from] Stealth Rock
|move|p1a: Slowking|Dragon Tail|p2a: FT.Knox
|-resisted|p2a: FT.Knox
|-crit|p2a: FT.Knox
|-damage|p2a: FT.Knox|25/100
|drag|p2a: Big Chompa|Hippowdon, M|100/100
|-damage|p2a: Big Chompa|88/100|[from] Spikes
|-damage|p2a: Big Chompa|82/100|[from] Stealth Rock
|
|-weather|Sandstorm|[upkeep]
|-damage|p1a: Slowking|82/100|[from] Sandstorm
|-heal|p2a: Big Chompa|88/100|[from] item: Leftovers
|-heal|p1a: Slowking|88/100|[from] item: Leftovers
|upkeep
|turn|29
|
|t:|1725240091
|move|p2a: Big Chompa|Stealth Rock|p1a: Slowking
|-sidestart|p1: Nalorium ⧳|move: Stealth Rock
|move|p1a: Slowking|Scald|p2a: Big Chompa
|-supereffective|p2a: Big Chompa
|-damage|p2a: Big Chompa|49/100
|
|-weather|Sandstorm|[upkeep]
|-damage|p1a: Slowking|82/100|[from] Sandstorm
|-heal|p2a: Big Chompa|55/100|[from] item: Leftovers
|-heal|p1a: Slowking|88/100|[from] item: Leftovers
|upkeep
|turn|30
|
|t:|1725240093
|move|p2a: Big Chompa|Slack Off|p2a: Big Chompa
|-heal|p2a: Big Chompa|100/100
|move|p1a: Slowking|Scald|p2a: Big Chompa
|-supereffective|p2a: Big Chompa
|-damage|p2a: Big Chompa|62/100
|
|-weather|Sandstorm|[upkeep]
|-damage|p1a: Slowking|82/100|[from] Sandstorm
|-heal|p2a: Big Chompa|68/100|[from] item: Leftovers
|-heal|p1a: Slowking|88/100|[from] item: Leftovers
|upkeep
|turn|31
|
|t:|1725240096
|switch|p2a: Gastrodon|Gastrodon, M|68/100
|-damage|p2a: Gastrodon|56/100|[from] Spikes
|-damage|p2a: Gastrodon|50/100|[from] Stealth Rock
|move|p1a: Slowking|Scald|p2a: Gastrodon
|-ability|p2a: Gastrodon|Storm Drain|boost
|-boost|p2a: Gastrodon|spa|1
|
|-weather|Sandstorm|[upkeep]
|-damage|p1a: Slowking|82/100|[from] Sandstorm
|-heal|p1a: Slowking|88/100|[from] item: Leftovers
|upkeep
|turn|32
|
|t:|1725240098
|move|p2a: Gastrodon|Recover|p2a: Gastrodon
|-heal|p2a: Gastrodon|99/100
|move|p1a: Slowking|Dragon Tail|p2a: Gastrodon
|-damage|p2a: Gastrodon|93/100
|drag|p2a: Big Chompa|Hippowdon, M|68/100
|-damage|p2a: Big Chompa|56/100|[from] Spikes
|-damage|p2a: Big Chompa|50/100|[from] Stealth Rock
|
|-weather|Sandstorm|[upkeep]
|-damage|p1a: Slowking|82/100|[from] Sandstorm
|-heal|p2a: Big Chompa|56/100|[from] item: Leftovers
|-heal|p1a: Slowking|88/100|[from] item: Leftovers
|upkeep
|turn|33
|
|t:|1725240100
|move|p2a: Big Chompa|Earthquake|p1a: Slowking
|-damage|p1a: Slowking|63/100
|move|p1a: Slowking|Scald|p2a: Big Chompa
|-supereffective|p2a: Big Chompa
|-damage|p2a: Big Chompa|14/100
|
|-weather|Sandstorm|[upkeep]
|-damage|p1a: Slowking|57/100|[from] Sandstorm
|-heal|p2a: Big Chompa|20/100|[from] item: Leftovers
|-heal|p1a: Slowking|63/100|[from] item: Leftovers
|upkeep
|turn|34
|
|t:|1725240102
|move|p2a: Big Chompa|Slack Off|p2a: Big Chompa
|-heal|p2a: Big Chompa|70/100
|move|p1a: Slowking|Slack Off|p1a: Slowking
|-heal|p1a: Slowking|100/100
|
|-weather|Sandstorm|[upkeep]
|-damage|p1a: Slowking|94/100|[from] Sandstorm
|-heal|p2a: Big Chompa|76/100|[from] item: Leftovers
|-heal|p1a: Slowking|100/100|[from] item: Leftovers
|upkeep
|turn|35
|
|t:|1725240105
|move|p1a: Slowking|Scald|p2a: Big Chompa
|-supereffective|p2a: Big Chompa
|-damage|p2a: Big Chompa|40/100
|move|p2a: Big Chompa|Whirlwind|p1a: Slowking
|drag|p1a: Tyranitar|Tyranitar, M|100/100
|-damage|p1a: Tyranitar|88/100|[from] Spikes
|-damage|p1a: Tyranitar|76/100|[from] Stealth Rock
|
|-weather|Sandstorm|[upkeep]
|-heal|p2a: Big Chompa|46/100|[from] item: Leftovers
|upkeep
|turn|36
|
|t:|1725240113
|switch|p1a: Landorus|Landorus-Therian, M|100/100
|-damage|p1a: Landorus|88/100|[from] Stealth Rock
|-ability|p1a: Landorus|Intimidate|boost
|-unboost|p2a: Big Chompa|atk|1
|move|p2a: Big Chompa|Slack Off|p2a: Big Chompa
|-heal|p2a: Big Chompa|96/100
|
|-weather|Sandstorm|[upkeep]
|-heal|p1a: Landorus|94/100|[from] item: Leftovers
|-heal|p2a: Big Chompa|100/100|[from] item: Leftovers
|upkeep
|turn|37
|
|t:|1725240116
|move|p1a: Landorus|Knock Off|p2a: Big Chompa
|-damage|p2a: Big Chompa|96/100
|-enditem|p2a: Big Chompa|Leftovers|[from] move: Knock Off|[of] p1a: Landorus
|move|p2a: Big Chompa|Whirlwind|p1a: Landorus
|drag|p1a: Slowking|Slowking, F|100/100
|-damage|p1a: Slowking|88/100|[from] Spikes
|-damage|p1a: Slowking|76/100|[from] Stealth Rock
|
|-weather|Sandstorm|[upkeep]
|-damage|p1a: Slowking|70/100|[from] Sandstorm
|-heal|p1a: Slowking|76/100|[from] item: Leftovers
|upkeep
|turn|38
|
|t:|1725240126
|switch|p2a: Gastrodon|Gastrodon, M|93/100
|-damage|p2a: Gastrodon|80/100|[from] Spikes
|-damage|p2a: Gastrodon|74/100|[from] Stealth Rock
|move|p1a: Slowking|Scald|p2a: Gastrodon
|-ability|p2a: Gastrodon|Storm Drain|boost
|-boost|p2a: Gastrodon|spa|1
|
|-weather|Sandstorm|[upkeep]
|-damage|p1a: Slowking|70/100|[from] Sandstorm
|-heal|p1a: Slowking|76/100|[from] item: Leftovers
|upkeep
|turn|39
|
|t:|1725240131
|move|p2a: Gastrodon|Toxic|p1a: Slowking
|-status|p1a: Slowking|tox
|move|p1a: Slowking|Dragon Tail|p2a: Gastrodon
|-damage|p2a: Gastrodon|67/100
|drag|p2a: Heatran|Heatran, M|24/100
|-damage|p2a: Heatran|11/100|[from] Spikes
|-damage|p2a: Heatran|0 fnt|[from] Stealth Rock
|faint|p2a: Heatran
|
|-weather|Sandstorm|[upkeep]
|-damage|p1a: Slowking|70/100 tox|[from] Sandstorm
|-heal|p1a: Slowking|76/100 tox|[from] item: Leftovers
|-damage|p1a: Slowking|70/100 tox|[from] psn
|upkeep
|
|t:|1725240143
|switch|p2a: Brobat|Crobat, F|100/100
|-damage|p2a: Brobat|76/100|[from] Stealth Rock
|turn|40
|
|t:|1725240147
|move|p2a: Brobat|U-turn|p1a: Slowking
|-supereffective|p1a: Slowking
|-damage|p1a: Slowking|44/100 tox
|
|t:|1725240150
|switch|p2a: Gastrodon|Gastrodon, M|67/100|[from] U-turn
|-damage|p2a: Gastrodon|55/100|[from] Spikes
|-damage|p2a: Gastrodon|49/100|[from] Stealth Rock
|move|p1a: Slowking|Slack Off|p1a: Slowking
|-heal|p1a: Slowking|94/100 tox
|
|-weather|Sandstorm|[upkeep]
|-damage|p1a: Slowking|88/100 tox|[from] Sandstorm
|-heal|p1a: Slowking|94/100 tox|[from] item: Leftovers
|-damage|p1a: Slowking|81/100 tox|[from] psn
|upkeep
|turn|41
|
|t:|1725240156
|move|p2a: Gastrodon|Recover|p2a: Gastrodon
|-heal|p2a: Gastrodon|99/100
|move|p1a: Slowking|Dragon Tail|p2a: Gastrodon|[miss]
|-miss|p1a: Slowking|p2a: Gastrodon
|
|-weather|Sandstorm|[upkeep]
|-damage|p1a: Slowking|75/100 tox|[from] Sandstorm
|-heal|p1a: Slowking|81/100 tox|[from] item: Leftovers
|-damage|p1a: Slowking|63/100 tox|[from] psn
|upkeep
|turn|42
|
|t:|1725240162
|move|p2a: Gastrodon|Ice Beam|p1a: Slowking
|-resisted|p1a: Slowking
|-damage|p1a: Slowking|55/100 tox
|move|p1a: Slowking|Slack Off|p1a: Slowking
|-heal|p1a: Slowking|100/100 tox
|
|-weather|Sandstorm|[upkeep]
|-damage|p1a: Slowking|94/100 tox|[from] Sandstorm
|-heal|p1a: Slowking|100/100 tox|[from] item: Leftovers
|-damage|p1a: Slowking|76/100 tox|[from] psn
|upkeep
|turn|43
|
|t:|1725240164
|switch|p1a: Ferrothorn|Ferrothorn, F|100/100
|-damage|p1a: Ferrothorn|88/100|[from] Spikes
|-damage|p1a: Ferrothorn|82/100|[from] Stealth Rock
|move|p2a: Gastrodon|Ice Beam|p1a: Ferrothorn
|-crit|p1a: Ferrothorn
|-damage|p1a: Ferrothorn|49/100
|
|-weather|Sandstorm|[upkeep]
|-heal|p1a: Ferrothorn|55/100|[from] item: Leftovers
|upkeep
|turn|44
|
|t:|1725240168
|switch|p2a: FT.Knox|Forretress, F|25/100
|-damage|p2a: FT.Knox|12/100|[from] Spikes
|-damage|p2a: FT.Knox|0 fnt|[from] Stealth Rock
|faint|p2a: FT.Knox
|switch|p1a: Slowking|Slowking, F|100/100 tox
|-damage|p1a: Slowking|88/100 tox|[from] Spikes
|-damage|p1a: Slowking|76/100 tox|[from] Stealth Rock
|
|-weather|Sandstorm|[upkeep]
|-damage|p1a: Slowking|70/100 tox|[from] Sandstorm
|-heal|p1a: Slowking|76/100 tox|[from] item: Leftovers
|-damage|p1a: Slowking|70/100 tox|[from] psn
|upkeep
|
|t:|1725240182
|switch|p2a: Wanna see a trick?|Alakazam, F|100/100
|turn|45
|
|t:|1725240185
|move|p2a: Wanna see a trick?|Shadow Ball|p1a: Slowking
|-supereffective|p1a: Slowking
|-damage|p1a: Slowking|22/100 tox
|move|p1a: Slowking|Dragon Tail|p2a: Wanna see a trick?
|-damage|p2a: Wanna see a trick?|76/100
|drag|p2a: Big Chompa|Hippowdon, M|96/100
|-damage|p2a: Big Chompa|83/100|[from] Spikes
|-damage|p2a: Big Chompa|77/100|[from] Stealth Rock
|
|-weather|Sandstorm|[upkeep]
|-damage|p1a: Slowking|16/100 tox|[from] Sandstorm
|-heal|p1a: Slowking|22/100 tox|[from] item: Leftovers
|-damage|p1a: Slowking|10/100 tox|[from] psn
|upkeep
|turn|46
|
|t:|1725240192
|switch|p1a: Landorus|Landorus-Therian, M|94/100
|-damage|p1a: Landorus|82/100|[from] Stealth Rock
|-ability|p1a: Landorus|Intimidate|boost
|-unboost|p2a: Big Chompa|atk|1
|move|p2a: Big Chompa|Earthquake|p1a: Landorus
|-immune|p1a: Landorus
|
|-weather|Sandstorm|[upkeep]
|-heal|p1a: Landorus|88/100|[from] item: Leftovers
|upkeep
|turn|47
|
|t:|1725240195
|move|p1a: Landorus|U-turn|p2a: Big Chompa
|-damage|p2a: Big Chompa|62/100
|
|t:|1725240197
|switch|p1a: Excadrill|Excadrill, F|100/100|[from] U-turn
|-damage|p1a: Excadrill|88/100|[from] Spikes
|-damage|p1a: Excadrill|85/100|[from] Stealth Rock
|-ability|p1a: Excadrill|Mold Breaker
|move|p2a: Big Chompa|Whirlwind|p1a: Excadrill
|drag|p1a: Tyranitar|Tyranitar, M|76/100
|-damage|p1a: Tyranitar|64/100|[from] Spikes
|-damage|p1a: Tyranitar|51/100|[from] Stealth Rock
|
|-weather|Sandstorm|[upkeep]
|upkeep
|turn|48
|
|t:|1725240201
|switch|p1a: Landorus|Landorus-Therian, M|88/100
|-damage|p1a: Landorus|75/100|[from] Stealth Rock
|-ability|p1a: Landorus|Intimidate|boost
|-unboost|p2a: Big Chompa|atk|1
|move|p2a: Big Chompa|Earthquake|p1a: Landorus
|-immune|p1a: Landorus
|
|-weather|Sandstorm|[upkeep]
|-heal|p1a: Landorus|81/100|[from] item: Leftovers
|upkeep
|turn|49
|
|t:|1725240205
|move|p1a: Landorus|U-turn|p2a: Big Chompa
|-damage|p2a: Big Chompa|48/100
|
|t:|1725240206
|switch|p1a: Excadrill|Excadrill, F|85/100|[from] U-turn
|-damage|p1a: Excadrill|73/100|[from] Spikes
|-damage|p1a: Excadrill|69/100|[from] Stealth Rock
|-ability|p1a: Excadrill|Mold Breaker
|move|p2a: Big Chompa|Slack Off|p2a: Big Chompa
|-heal|p2a: Big Chompa|98/100
|
|-weather|Sandstorm|[upkeep]
|-heal|p1a: Excadrill|76/100|[from] item: Leftovers
|upkeep
|turn|50
|
|t:|1725240208
|move|p1a: Excadrill|Rapid Spin|p2a: Big Chompa
|-damage|p2a: Big Chompa|93/100
|-sideend|p1: Nalorium ⧳|Spikes|[from] move: Rapid Spin|[of] p1a: Excadrill
|-sideend|p1: Nalorium ⧳|Stealth Rock|[from] move: Rapid Spin|[of] p1a: Excadrill
|move|p2a: Big Chompa|Earthquake|p1a: Excadrill
|-supereffective|p1a: Excadrill
|-damage|p1a: Excadrill|30/100
|
|-weather|Sandstorm|[upkeep]
|-heal|p1a: Excadrill|36/100|[from] item: Leftovers
|upkeep
|turn|51
|
|t:|1725240213
|switch|p1a: Slowking|Slowking, F|43/100 tox
|move|p2a: Big Chompa|Earthquake|p1a: Slowking
|-damage|p1a: Slowking|29/100 tox
|
|-weather|Sandstorm|[upkeep]
|-damage|p1a: Slowking|23/100 tox|[from] Sandstorm
|-heal|p1a: Slowking|29/100 tox|[from] item: Leftovers
|-damage|p1a: Slowking|23/100 tox|[from] psn
|upkeep
|turn|52
|
|t:|1725240220
|move|p2a: Big Chompa|Earthquake|p1a: Slowking
|-damage|p1a: Slowking|10/100 tox
|move|p1a: Slowking|Slack Off|p1a: Slowking
|-heal|p1a: Slowking|60/100 tox
|
|-weather|Sandstorm|[upkeep]
|-damage|p1a: Slowking|54/100 tox|[from] Sandstorm
|-heal|p1a: Slowking|60/100 tox|[from] item: Leftovers
|-damage|p1a: Slowking|48/100 tox|[from] psn
|upkeep
|turn|53
|
|t:|1725240225
|move|p2a: Big Chompa|Stealth Rock|p1a: Slowking
|-sidestart|p1: Nalorium ⧳|move: Stealth Rock
|move|p1a: Slowking|Slack Off|p1a: Slowking
|-heal|p1a: Slowking|98/100 tox
|
|-weather|Sandstorm|[upkeep]
|-damage|p1a: Slowking|92/100 tox|[from] Sandstorm
|-heal|p1a: Slowking|98/100 tox|[from] item: Leftovers
|-damage|p1a: Slowking|79/100 tox|[from] psn
|upkeep
|turn|54
|
|t:|1725240231
|switch|p1a: Ferrothorn|Ferrothorn, F|55/100
|-damage|p1a: Ferrothorn|49/100|[from] Stealth Rock
|move|p2a: Big Chompa|Earthquake|p1a: Ferrothorn
|-damage|p1a: Ferrothorn|37/100
|
|-weather|Sandstorm|[upkeep]
|-heal|p1a: Ferrothorn|43/100|[from] item: Leftovers
|upkeep
|turn|55
|
|t:|1725240237
|switch|p2a: Wanna see a trick?|Alakazam, F|76/100
|move|p1a: Ferrothorn|Spikes|p2a: Wanna see a trick?
|-sidestart|p2: scraggy1234567|Spikes
|
|-weather|Sandstorm|[upkeep]
|-heal|p1a: Ferrothorn|49/100|[from] item: Leftovers
|upkeep
|turn|56
|
|t:|1725240244
|switch|p1a: Slowking|Slowking, F|100/100 tox
|-damage|p1a: Slowking|88/100 tox|[from] Stealth Rock
|move|p2a: Wanna see a trick?|Focus Blast|p1a: Slowking
|-resisted|p1a: Slowking
|-damage|p1a: Slowking|72/100 tox
|
|-weather|Sandstorm|[upkeep]
|-damage|p1a: Slowking|66/100 tox|[from] Sandstorm
|-heal|p1a: Slowking|72/100 tox|[from] item: Leftovers
|-damage|p1a: Slowking|66/100 tox|[from] psn
|upkeep
|turn|57
|
|t:|1725240255
|switch|p2a: Brobat|Crobat, F|76/100
|-damage|p2a: Brobat|51/100|[from] Stealth Rock
|move|p1a: Slowking|Scald|p2a: Brobat
|-damage|p2a: Brobat|21/100
|
|-weather|Sandstorm|[upkeep]
|-damage|p2a: Brobat|15/100|[from] Sandstorm
|-damage|p1a: Slowking|60/100 tox|[from] Sandstorm
|-heal|p2a: Brobat|21/100|[from] item: Black Sludge
|-heal|p1a: Slowking|66/100 tox|[from] item: Leftovers
|-damage|p1a: Slowking|54/100 tox|[from] psn
|upkeep
|turn|58
|
|t:|1725240260
|switch|p1a: Tyranitar|Tyranitar, M|51/100
|-damage|p1a: Tyranitar|39/100|[from] Stealth Rock
|move|p2a: Brobat|Taunt|p1a: Tyranitar
|-start|p1a: Tyranitar|move: Taunt
|
|-weather|Sandstorm|[upkeep]
|-damage|p2a: Brobat|15/100|[from] Sandstorm
|-heal|p2a: Brobat|21/100|[from] item: Black Sludge
|upkeep
|turn|59
|
|t:|1725240263
|move|p2a: Brobat|Roost|p2a: Brobat
|-heal|p2a: Brobat|71/100
|-singleturn|p2a: Brobat|move: Roost
|move|p1a: Tyranitar|Crunch|p2a: Brobat
|-damage|p2a: Brobat|20/100
|
|-weather|Sandstorm|[upkeep]
|-damage|p2a: Brobat|14/100|[from] Sandstorm
|-heal|p2a: Brobat|20/100|[from] item: Black Sludge
|upkeep
|turn|60
|
|t:|1725240265
|move|p2a: Brobat|Roost|p2a: Brobat
|-heal|p2a: Brobat|71/100
|-singleturn|p2a: Brobat|move: Roost
|move|p1a: Tyranitar|Crunch|p2a: Brobat
|-damage|p2a: Brobat|24/100
|-unboost|p2a: Brobat|def|1
|
|-weather|Sandstorm|[upkeep]
|-damage|p2a: Brobat|17/100|[from] Sandstorm
|-heal|p2a: Brobat|24/100|[from] item: Black Sludge
|-end|p1a: Tyranitar|move: Taunt
|upkeep
|turn|61
|
|t:|1725240268
|move|p2a: Brobat|U-turn|p1a: Tyranitar
|-supereffective|p1a: Tyranitar
|-damage|p1a: Tyranitar|7/100
|
|t:|1725240276
|switch|p2a: Gastrodon|Gastrodon, M|99/100|[from] U-turn
|-damage|p2a: Gastrodon|82/100|[from] Spikes
|-damage|p2a: Gastrodon|76/100|[from] Stealth Rock
|move|p1a: Tyranitar|Crunch|p2a: Gastrodon
|-damage|p2a: Gastrodon|46/100
|
|-weather|Sandstorm|[upkeep]
|upkeep
|turn|62
|
|t:|1725240278
|move|p1a: Tyranitar|Crunch|p2a: Gastrodon
|-damage|p2a: Gastrodon|14/100
|move|p2a: Gastrodon|Recover|p2a: Gastrodon
|-heal|p2a: Gastrodon|64/100
|
|-weather|Sandstorm|[upkeep]
|upkeep
|turn|63
|
|t:|1725240286
|switch|p1a: Ferrothorn|Ferrothorn, F|49/100
|-damage|p1a: Ferrothorn|43/100|[from] Stealth Rock
|move|p2a: Gastrodon|Recover|p2a: Gastrodon
|-heal|p2a: Gastrodon|100/100
|
|-weather|Sandstorm|[upkeep]
|-heal|p1a: Ferrothorn|49/100|[from] item: Leftovers
|upkeep
|turn|64
|
|t:|1725240288
|move|p2a: Gastrodon|Scald|p1a: Ferrothorn
|-resisted|p1a: Ferrothorn
|-damage|p1a: Ferrothorn|39/100
|move|p1a: Ferrothorn|Spikes|p2a: Gastrodon
|-sidestart|p2: scraggy1234567|Spikes
|
|-weather|Sandstorm|[upkeep]
|-heal|p1a: Ferrothorn|46/100|[from] item: Leftovers
|upkeep
|turn|65
|-message|scraggy1234567 forfeited.
|
|win|Nalorium ⧳
|raw|Nalorium ⧳'s rating: 1519 &rarr; <strong>1528</strong><br />(+9 for winning)
|raw|scraggy1234567's rating: 1303 &rarr; <strong>1294</strong><br />(-9 for losing)
|l|☆scraggy1234567
|player|p2|
