|j|BLT2 days
|j|CZ
|player|p1|BLT2 days|167
|player|p2|CZ|290
|gametype|singles
|gen|5
|tier|[Gen 5] OU
|rated
|seed|
|rule|Evasion Abilities Clause: Evasion abilities are banned
|rule|Baton Pass Clause: Limit one Baton Passer, can't pass Spe and other stats simultaneously
|rule|Swagger Clause: Swagger is banned
|clearpoke
|poke|p1|Politoed, M|item
|poke|p1|Donphan, M|item
|poke|p1|Feraligatr, F|item
|poke|p1|Jirachi|item
|poke|p1|Kyurem-Black|item
|poke|p1|Tornadus, M|item
|poke|p2|Politoed, M, shiny|item
|poke|p2|Suicune|item
|poke|p2|Jirachi|item
|poke|p2|Ferrothorn, M|item
|poke|p2|Landorus-Therian, M|item
|poke|p2|Latias, F|item
|rule|Sleep Clause Mod: Limit one foe put to sleep
|rule|Species Clause: Limit one of each Pokémon
|rule|OHKO Clause: OHKO moves are banned
|rule|Moody Clause: Moody is banned
|rule|Evasion Moves Clause: Evasion moves are banned
|rule|Endless Battle Clause: Forcing endless battles is banned
|rule|HP Percentage Mod: HP is shown in percentages
|teampreview
|choice||
|
|start
|switch|p1a: Feraligatr|Feraligatr, F|100/100
|switch|p2a: Suicune|Suicune|100/100
|-ability|p2a: Suicune|Pressure
|turn|1
|j|BLT2 Analytic
|j|FINCHINATOR
|c| FINCHINATOR|anal arent u fifth
|j|Empo
|c| FINCHINATOR|and days 6th
|choice||
|
|move|p2a: Suicune|Substitute|p2a: Suicune
|-start|p2a: Suicune|Substitute
|-damage|p2a: Suicune|75/100
|move|p1a: Feraligatr|Swords Dance|p1a: Feraligatr
|-boost|p1a: Feraligatr|atk|2
|
|-heal|p2a: Suicune|82/100|[from] item: Leftovers
|turn|2
|c| FINCHINATOR|?
|c| BLT2 Analytic|y
|c|★BLT2 days|y
|c| FINCHINATOR|im 3rd
|c| FINCHINATOR|so basically
|c| Empo|anal sounds bad
|c| FINCHINATOR|only 1 of u
|c| FINCHINATOR|can do it.
|c| Empo|just call him analytic yn
|choice||
|
|move|p1a: Feraligatr|Aqua Jet|p2a: Suicune
|-resisted|p2a: Suicune
|-activate|p2a: Suicune|Substitute|[damage]
|move|p2a: Suicune|Scald|p1a: Feraligatr
|-resisted|p1a: Feraligatr
|-damage|p1a: Feraligatr|86/100
|-status|p1a: Feraligatr|brn
|
|-heal|p2a: Suicune|88/100|[from] item: Leftovers
|-damage|p1a: Feraligatr|74/100 brn|[from] brn
|turn|3
|c| BLT2 Analytic|i cant find any games
|c| BLT2 Analytic|finch if ur real
|c| Empo|no one can
|choice||
|
|move|p2a: Suicune|Calm Mind|p2a: Suicune
|-boost|p2a: Suicune|spa|1
|-boost|p2a: Suicune|spd|1
|move|p1a: Feraligatr|Swords Dance|p1a: Feraligatr
|-boost|p1a: Feraligatr|atk|2
|
|-heal|p2a: Suicune|94/100|[from] item: Leftovers
|-damage|p1a: Feraligatr|61/100 brn|[from] brn
|turn|4
|c| BLT2 Analytic|search for one
|choice||
|
|move|p2a: Suicune|Protect|p2a: Suicune
|-singleturn|p2a: Suicune|Protect
|move|p1a: Feraligatr|Superpower|p2a: Suicune
|-activate|p2a: Suicune|Protect
|
|-heal|p2a: Suicune|99/100|[from] item: Leftovers
|-damage|p1a: Feraligatr|49/100 brn|[from] brn
|turn|5
|choice||
|
|move|p2a: Suicune|Scald|p1a: Feraligatr
|-resisted|p1a: Feraligatr
|-damage|p1a: Feraligatr|29/100 brn
|move|p1a: Feraligatr|Superpower|p2a: Suicune
|-end|p2a: Suicune|Substitute
|-unboost|p1a: Feraligatr|atk|1
|-unboost|p1a: Feraligatr|def|1
|
|-heal|p2a: Suicune|100/100|[from] item: Leftovers
|-damage|p1a: Feraligatr|17/100 brn|[from] brn
|turn|6
|choice||
|
|move|p2a: Suicune|Substitute|p2a: Suicune
|-start|p2a: Suicune|Substitute
|-damage|p2a: Suicune|75/100
|move|p1a: Feraligatr|Superpower|p2a: Suicune
|-end|p2a: Suicune|Substitute
|-unboost|p1a: Feraligatr|atk|1
|-unboost|p1a: Feraligatr|def|1
|
|-heal|p2a: Suicune|82/100|[from] item: Leftovers
|-damage|p1a: Feraligatr|5/100 brn|[from] brn
|turn|7
|choice||
|
|move|p2a: Suicune|Substitute|p2a: Suicune
|-start|p2a: Suicune|Substitute
|-damage|p2a: Suicune|57/100
|move|p1a: Feraligatr|Superpower|p2a: Suicune
|-end|p2a: Suicune|Substitute
|-unboost|p1a: Feraligatr|atk|1
|-unboost|p1a: Feraligatr|def|1
|
|-heal|p2a: Suicune|63/100|[from] item: Leftovers
|-damage|p1a: Feraligatr|0 fnt|[from] brn
|faint|p1a: Feraligatr
|choice||
|
|switch|p1a: Kyurem|Kyurem-Black|100/100
|-ability|p1a: Kyurem|Teravolt
|turn|8
|choice||
|
|move|p2a: Suicune|Protect|p2a: Suicune
|-singleturn|p2a: Suicune|Protect
|move|p1a: Kyurem|Substitute|p1a: Kyurem
|-start|p1a: Kyurem|Substitute
|-damage|p1a: Kyurem|75/100
|
|-heal|p2a: Suicune|69/100|[from] item: Leftovers
|-heal|p1a: Kyurem|82/100|[from] item: Leftovers
|turn|9
|choice||
|
|switch|p2a: Ferrothorn|Ferrothorn, M|100/100
|move|p1a: Kyurem|Fusion Bolt|p2a: Ferrothorn
|-resisted|p2a: Ferrothorn
|-damage|p2a: Ferrothorn|85/100
|
|-heal|p1a: Kyurem|88/100|[from] item: Leftovers
|-heal|p2a: Ferrothorn|91/100|[from] item: Leftovers
|turn|10
|choice||
|
|move|p1a: Kyurem|Ice Beam|p2a: Ferrothorn
|-crit|p2a: Ferrothorn
|-damage|p2a: Ferrothorn|41/100
|move|p2a: Ferrothorn|Gyro Ball|p1a: Kyurem
|-supereffective|p1a: Kyurem
|-end|p1a: Kyurem|Substitute
|
|-heal|p1a: Kyurem|94/100|[from] item: Leftovers
|-heal|p2a: Ferrothorn|47/100|[from] item: Leftovers
|turn|11
|choice||
|
|switch|p1a: Politoed|Politoed, M|100/100
|-weather|RainDance|[from] ability: Drizzle|[of] p1a: Politoed
|move|p2a: Ferrothorn|Gyro Ball|p1a: Politoed
|-resisted|p1a: Politoed
|-damage|p1a: Politoed|67/100
|
|-weather|RainDance|[upkeep]
|-heal|p2a: Ferrothorn|53/100|[from] item: Leftovers
|turn|12
|choice||
|
|move|p1a: Politoed|Encore|p2a: Ferrothorn
|-start|p2a: Ferrothorn|Encore
|move|p2a: Ferrothorn|Gyro Ball|p1a: Politoed
|-resisted|p1a: Politoed
|-damage|p1a: Politoed|35/100
|
|-weather|RainDance|[upkeep]
|-heal|p2a: Ferrothorn|60/100|[from] item: Leftovers
|turn|13
|choice||
|
|switch|p1a: Jirachi|Jirachi|100/100
|switch|p2a: Suicune|Suicune|69/100
|-ability|p2a: Suicune|Pressure
|
|-weather|RainDance|[upkeep]
|-heal|p2a: Suicune|75/100|[from] item: Leftovers
|turn|14
|choice||
|
|move|p2a: Suicune|Protect|p2a: Suicune
|-singleturn|p2a: Suicune|Protect
|move|p1a: Jirachi|Thunder|p2a: Suicune
|-activate|p2a: Suicune|Protect
|
|-weather|RainDance|[upkeep]
|-heal|p2a: Suicune|81/100|[from] item: Leftovers
|turn|15
|choice||
|
|switch|p2a: Landorus|Landorus-Therian, M|100/100
|-ability|p2a: Landorus|Intimidate|boost
|-unboost|p1a: Jirachi|atk|1
|move|p1a: Jirachi|U-turn|p2a: Landorus
|-resisted|p2a: Landorus
|-damage|p2a: Landorus|96/100
|choice||
|
|switch|p1a: Politoed|Politoed, M|35/100
|
|-weather|RainDance|[upkeep]
|-heal|p2a: Landorus|100/100|[from] item: Leftovers
|turn|16
|choice||
|
|switch|p2a: Jirachi|Jirachi|100/100
|move|p1a: Politoed|Ice Beam|p2a: Jirachi
|-resisted|p2a: Jirachi
|-damage|p2a: Jirachi|92/100
|
|-weather|RainDance|[upkeep]
|-heal|p2a: Jirachi|98/100|[from] item: Leftovers
|turn|17
|choice||
|
|switch|p1a: Donphan|Donphan, M|100/100
|switch|p2a: Suicune|Suicune|81/100
|-ability|p2a: Suicune|Pressure
|
|-weather|RainDance|[upkeep]
|-heal|p2a: Suicune|88/100|[from] item: Leftovers
|turn|18
|choice||
|
|switch|p1a: Kyurem|Kyurem-Black|94/100
|-ability|p1a: Kyurem|Teravolt
|move|p2a: Suicune|Substitute|p2a: Suicune
|-start|p2a: Suicune|Substitute
|-damage|p2a: Suicune|63/100
|
|-weather|RainDance|[upkeep]
|-heal|p2a: Suicune|69/100|[from] item: Leftovers
|-heal|p1a: Kyurem|99/100|[from] item: Leftovers
|turn|19
|choice||
|
|move|p2a: Suicune|Scald|p1a: Kyurem
|-resisted|p1a: Kyurem
|-damage|p1a: Kyurem|83/100
|-status|p1a: Kyurem|brn
|move|p1a: Kyurem|Substitute|p1a: Kyurem
|-start|p1a: Kyurem|Substitute
|-damage|p1a: Kyurem|58/100 brn
|
|-weather|RainDance|[upkeep]
|-heal|p2a: Suicune|75/100|[from] item: Leftovers
|-heal|p1a: Kyurem|64/100 brn|[from] item: Leftovers
|-damage|p1a: Kyurem|52/100 brn|[from] brn
|turn|20
|choice||
|
|move|p2a: Suicune|Protect|p2a: Suicune
|-singleturn|p2a: Suicune|Protect
|move|p1a: Kyurem|Fusion Bolt|p2a: Suicune
|-activate|p2a: Suicune|Protect
|
|-weather|RainDance|[upkeep]
|-heal|p2a: Suicune|81/100|[from] item: Leftovers
|-heal|p1a: Kyurem|58/100 brn|[from] item: Leftovers
|-damage|p1a: Kyurem|46/100 brn|[from] brn
|turn|21
|choice||
|
|move|p2a: Suicune|Calm Mind|p2a: Suicune
|-boost|p2a: Suicune|spa|1
|-boost|p2a: Suicune|spd|1
|move|p1a: Kyurem|Fusion Bolt|p2a: Suicune
|-supereffective|p2a: Suicune
|-end|p2a: Suicune|Substitute
|
|-weather|RainDance|[upkeep]
|-heal|p2a: Suicune|87/100|[from] item: Leftovers
|-heal|p1a: Kyurem|52/100 brn|[from] item: Leftovers
|-damage|p1a: Kyurem|40/100 brn|[from] brn
|turn|22
|choice||
|
|move|p2a: Suicune|Substitute|p2a: Suicune
|-start|p2a: Suicune|Substitute
|-damage|p2a: Suicune|62/100
|move|p1a: Kyurem|Fusion Bolt|p2a: Suicune
|-supereffective|p2a: Suicune
|-end|p2a: Suicune|Substitute
|
|-weather|RainDance|[upkeep]
|-heal|p2a: Suicune|69/100|[from] item: Leftovers
|-heal|p1a: Kyurem|46/100 brn|[from] item: Leftovers
|-damage|p1a: Kyurem|33/100 brn|[from] brn
|turn|23
|choice||
|
|move|p2a: Suicune|Substitute|p2a: Suicune
|-start|p2a: Suicune|Substitute
|-damage|p2a: Suicune|44/100
|move|p1a: Kyurem|Fusion Bolt|p2a: Suicune
|-supereffective|p2a: Suicune
|-end|p2a: Suicune|Substitute
|
|-weather|RainDance|[upkeep]
|-heal|p2a: Suicune|50/100|[from] item: Leftovers
|-heal|p1a: Kyurem|40/100 brn|[from] item: Leftovers
|-damage|p1a: Kyurem|27/100 brn|[from] brn
|turn|24
|choice||
|
|move|p2a: Suicune|Substitute|p2a: Suicune
|-start|p2a: Suicune|Substitute
|-damage|p2a: Suicune|25/100
|move|p1a: Kyurem|Outrage|p2a: Suicune
|-end|p2a: Suicune|Substitute
|
|-weather|RainDance|[upkeep]
|-heal|p2a: Suicune|31/100|[from] item: Leftovers
|-heal|p1a: Kyurem|33/100 brn|[from] item: Leftovers
|-damage|p1a: Kyurem|21/100 brn|[from] brn
|turn|25
|c| BLT2 FINCHINATOR|why's there a sub cm protect suicune
|choice||
|
|move|p2a: Suicune|Protect|p2a: Suicune
|-singleturn|p2a: Suicune|Protect
|move|p1a: Kyurem|Outrage|p2a: Suicune|[from]lockedmove
|-activate|p2a: Suicune|Protect
|
|-weather|RainDance|[upkeep]
|-heal|p2a: Suicune|37/100|[from] item: Leftovers
|-heal|p1a: Kyurem|27/100 brn|[from] item: Leftovers
|-damage|p1a: Kyurem|15/100 brn|[from] brn
|turn|26
|c| BLT2 FINCHINATOR|in bw ou
|c| BLT2 FINCHINATOR|this man's amazing
|choice||
|
|switch|p2a: Ferrothorn|Ferrothorn, M|60/100
|move|p1a: Kyurem|Outrage|p2a: Ferrothorn
|-resisted|p2a: Ferrothorn
|-damage|p2a: Ferrothorn|46/100
|-damage|p1a: Kyurem|2/100 brn|[from] ability: Iron Barbs|[of] p2a: Ferrothorn
|
|-weather|RainDance|[upkeep]
|-heal|p1a: Kyurem|9/100 brn|[from] item: Leftovers
|-heal|p2a: Ferrothorn|52/100|[from] item: Leftovers
|-damage|p1a: Kyurem|0 fnt|[from] brn
|faint|p1a: Kyurem
|choice||
|
|switch|p1a: Tornadus|Tornadus, M|100/100
|turn|27
|choice||
|
|switch|p2a: Jirachi|Jirachi|98/100
|move|p1a: Tornadus|Hurricane|p2a: Jirachi
|-resisted|p2a: Jirachi
|-damage|p2a: Jirachi|74/100
|-damage|p1a: Tornadus|91/100|[from] item: Life Orb
|
|-weather|RainDance|[upkeep]
|-heal|p2a: Jirachi|80/100|[from] item: Leftovers
|turn|28
|choice||
|
|move|p1a: Tornadus|U-turn|p2a: Jirachi
|-damage|p2a: Jirachi|64/100
|-damage|p1a: Tornadus|81/100|[from] item: Life Orb
|choice||
|
|switch|p1a: Donphan|Donphan, M|100/100
|move|p2a: Jirachi|Wish|p2a: Jirachi
|
|-weather|RainDance|[upkeep]
|-heal|p2a: Jirachi|70/100|[from] item: Leftovers
|turn|29
|choice||
|
|switch|p2a: Ferrothorn|Ferrothorn, M|52/100
|move|p1a: Donphan|Stealth Rock|p2a: Ferrothorn
|-sidestart|p2: CZ|move: Stealth Rock
|
|-weather|RainDance|[upkeep]
|-heal|p2a: Ferrothorn|100/100|[from] move: Wish|[wisher] Jirachi
|turn|30
|choice||
|
|switch|p1a: Jirachi|Jirachi|100/100
|move|p2a: Ferrothorn|Leech Seed|p1a: Jirachi|[miss]
|-miss|p2a: Ferrothorn|p1a: Jirachi
|
|-weather|RainDance|[upkeep]
|turn|31
|choice||
|
|switch|p2a: Landorus|Landorus-Therian, M|100/100
|-damage|p2a: Landorus|88/100|[from] Stealth Rock
|-ability|p2a: Landorus|Intimidate|boost
|-unboost|p1a: Jirachi|atk|1
|move|p1a: Jirachi|Wish|p1a: Jirachi
|
|-weather|RainDance|[upkeep]
|-heal|p2a: Landorus|94/100|[from] item: Leftovers
|turn|32
|choice||
|
|move|p2a: Landorus|Stealth Rock|p1a: Jirachi
|-sidestart|p1: BLT2 days|move: Stealth Rock
|move|p1a: Jirachi|U-turn|p2a: Landorus
|-resisted|p2a: Landorus
|-damage|p2a: Landorus|90/100
|choice||
|
|switch|p1a: Politoed|Politoed, M|35/100
|-damage|p1a: Politoed|22/100|[from] Stealth Rock
|
|-weather|RainDance|[upkeep]
|-heal|p1a: Politoed|85/100|[from] move: Wish|[wisher] Jirachi
|-heal|p2a: Landorus|96/100|[from] item: Leftovers
|turn|33
|choice||
|
|switch|p2a: Ferrothorn|Ferrothorn, M|100/100
|-damage|p2a: Ferrothorn|94/100|[from] Stealth Rock
|move|p1a: Politoed|Ice Beam|p2a: Ferrothorn
|-damage|p2a: Ferrothorn|74/100
|
|-weather|RainDance|[upkeep]
|-heal|p2a: Ferrothorn|80/100|[from] item: Leftovers
|turn|34
|choice||
|
|switch|p1a: Donphan|Donphan, M|100/100
|-damage|p1a: Donphan|94/100|[from] Stealth Rock
|move|p2a: Ferrothorn|Leech Seed|p1a: Donphan
|-start|p1a: Donphan|move: Leech Seed
|
|-weather|RainDance|[upkeep]
|-heal|p1a: Donphan|100/100|[from] item: Leftovers
|-heal|p2a: Ferrothorn|87/100|[from] item: Leftovers
|-damage|p1a: Donphan|88/100|[from] Leech Seed|[of] p2a: Ferrothorn
|-heal|p2a: Ferrothorn|99/100|[silent]
|turn|35
|choice||
|
|switch|p1a: Jirachi|Jirachi|100/100
|-damage|p1a: Jirachi|94/100|[from] Stealth Rock
|switch|p2a: Suicune|Suicune|37/100
|-damage|p2a: Suicune|25/100|[from] Stealth Rock
|-ability|p2a: Suicune|Pressure
|
|-weather|RainDance|[upkeep]
|-heal|p2a: Suicune|31/100|[from] item: Leftovers
|-heal|p1a: Jirachi|100/100|[from] item: Leftovers
|turn|36
|choice||
|
|move|p2a: Suicune|Protect|p2a: Suicune
|-singleturn|p2a: Suicune|Protect
|move|p1a: Jirachi|Thunder|p2a: Suicune
|-activate|p2a: Suicune|Protect
|
|-weather|RainDance|[upkeep]
|-heal|p2a: Suicune|37/100|[from] item: Leftovers
|turn|37
|j|typolmao
|choice||
|
|switch|p2a: Landorus|Landorus-Therian, M|96/100
|-damage|p2a: Landorus|84/100|[from] Stealth Rock
|-ability|p2a: Landorus|Intimidate|boost
|-unboost|p1a: Jirachi|atk|1
|move|p1a: Jirachi|Thunder|p2a: Landorus
|-immune|p2a: Landorus|[msg]
|
|-weather|RainDance|[upkeep]
|-heal|p2a: Landorus|90/100|[from] item: Leftovers
|turn|38
|choice||
|
|switch|p1a: Donphan|Donphan, M|88/100
|-damage|p1a: Donphan|82/100|[from] Stealth Rock
|move|p2a: Landorus|Earthquake|p1a: Donphan
|-damage|p1a: Donphan|54/100
|
|-weather|RainDance|[upkeep]
|-heal|p2a: Landorus|96/100|[from] item: Leftovers
|-heal|p1a: Donphan|60/100|[from] item: Leftovers
|turn|39
|choice||
|
|move|p2a: Landorus|Hidden Power|p1a: Donphan
|-supereffective|p1a: Donphan
|-damage|p1a: Donphan|18/100
|move|p1a: Donphan|Rapid Spin|p2a: Landorus
|-damage|p2a: Landorus|91/100
|-sideend|p1: BLT2 days|Stealth Rock|[from] move: Rapid Spin|[of] p1a: Donphan
|
|-weather|RainDance|[upkeep]
|-heal|p2a: Landorus|97/100|[from] item: Leftovers
|-heal|p1a: Donphan|24/100|[from] item: Leftovers
|turn|40
|choice||
|
|switch|p1a: Politoed|Politoed, M|85/100
|move|p2a: Landorus|Stealth Rock|p1a: Politoed
|-sidestart|p1: BLT2 days|move: Stealth Rock
|
|-weather|RainDance|[upkeep]
|-heal|p2a: Landorus|100/100|[from] item: Leftovers
|turn|41
|choice||
|
|switch|p2a: Ferrothorn|Ferrothorn, M|99/100
|-damage|p2a: Ferrothorn|94/100|[from] Stealth Rock
|move|p1a: Politoed|Encore|p2a: Ferrothorn
|-fail|p2a: Ferrothorn
|
|-weather|RainDance|[upkeep]
|-heal|p2a: Ferrothorn|99/100|[from] item: Leftovers
|turn|42
|choice||
|
|switch|p1a: Donphan|Donphan, M|24/100
|-damage|p1a: Donphan|18/100|[from] Stealth Rock
|move|p2a: Ferrothorn|Leech Seed|p1a: Donphan
|-start|p1a: Donphan|move: Leech Seed
|
|-weather|RainDance|[upkeep]
|-heal|p1a: Donphan|24/100|[from] item: Leftovers
|-heal|p2a: Ferrothorn|100/100|[from] item: Leftovers
|-damage|p1a: Donphan|11/100|[from] Leech Seed|[of] p2a: Ferrothorn
|turn|43
|choice||
|
|move|p1a: Donphan|Rapid Spin|p2a: Ferrothorn
|-resisted|p2a: Ferrothorn
|-damage|p2a: Ferrothorn|99/100
|-damage|p1a: Donphan|0 fnt|[from] ability: Iron Barbs|[of] p2a: Ferrothorn
|faint|p1a: Donphan
|move|p2a: Ferrothorn|Spikes|p1: Donphan
|-sidestart|p1: BLT2 days|Spikes
|
|-weather|RainDance|[upkeep]
|-heal|p2a: Ferrothorn|100/100|[from] item: Leftovers
|choice||
|
|switch|p1a: Tornadus|Tornadus, M|81/100
|-damage|p1a: Tornadus|56/100|[from] Stealth Rock
|turn|44
|choice||
|
|move|p1a: Tornadus|Hurricane|p2a: Ferrothorn
|-damage|p2a: Ferrothorn|44/100
|-start|p2a: Ferrothorn|confusion
|-damage|p1a: Tornadus|47/100|[from] item: Life Orb
|-activate|p2a: Ferrothorn|confusion
|-damage|p2a: Ferrothorn|38/100|[from] confusion
|
|-weather|RainDance|[upkeep]
|-heal|p2a: Ferrothorn|44/100|[from] item: Leftovers
|turn|45
|choice||
|
|switch|p2a: Jirachi|Jirachi|70/100
|-damage|p2a: Jirachi|64/100|[from] Stealth Rock
|move|p1a: Tornadus|Hurricane|p2a: Jirachi
|-resisted|p2a: Jirachi
|-damage|p2a: Jirachi|37/100
|-damage|p1a: Tornadus|37/100|[from] item: Life Orb
|
|-weather|RainDance|[upkeep]
|-heal|p2a: Jirachi|44/100|[from] item: Leftovers
|turn|46
|choice||
|
|move|p1a: Tornadus|Hurricane|p2a: Jirachi
|-resisted|p2a: Jirachi
|-damage|p2a: Jirachi|18/100
|-start|p2a: Jirachi|confusion
|-damage|p1a: Tornadus|27/100|[from] item: Life Orb
|-activate|p2a: Jirachi|confusion
|-damage|p2a: Jirachi|11/100|[from] confusion
|
|-weather|RainDance|[upkeep]
|-heal|p2a: Jirachi|17/100|[from] item: Leftovers
|turn|47
|c| Empo|ghemo
|choice||
|
|-activate|p2a: Jirachi|confusion
|-damage|p2a: Jirachi|10/100|[from] confusion
|move|p1a: Tornadus|Hurricane|p2a: Jirachi
|-resisted|p2a: Jirachi
|-damage|p2a: Jirachi|0 fnt
|-damage|p1a: Tornadus|18/100|[from] item: Life Orb
|faint|p2a: Jirachi
|
|-weather|RainDance|[upkeep]
|c|★CZ|That's a shame
|choice||
|
|switch|p2a: Politoed|Politoed, M, shiny|100/100
|-damage|p2a: Politoed|88/100|[from] Stealth Rock
|turn|48
|choice||
|
|move|p2a: Politoed|Ice Beam|p1a: Tornadus
|-supereffective|p1a: Tornadus
|-damage|p1a: Tornadus|0 fnt
|faint|p1a: Tornadus
|
|-weather|RainDance|[upkeep]
|choice||
|
|switch|p1a: Jirachi|Jirachi|100/100
|-damage|p1a: Jirachi|94/100|[from] Stealth Rock
|-damage|p1a: Jirachi|82/100|[from] Spikes
|turn|49
|choice||
|
|switch|p2a: Landorus|Landorus-Therian, M|100/100
|-damage|p2a: Landorus|88/100|[from] Stealth Rock
|-ability|p2a: Landorus|Intimidate|boost
|-unboost|p1a: Jirachi|atk|1
|move|p1a: Jirachi|U-turn|p2a: Landorus
|-resisted|p2a: Landorus
|-damage|p2a: Landorus|83/100
|choice||
|
|switch|p1a: Politoed|Politoed, M|85/100
|-damage|p1a: Politoed|72/100|[from] Spikes
|-damage|p1a: Politoed|60/100|[from] Stealth Rock
|
|-weather|RainDance|[upkeep]
|-heal|p2a: Landorus|89/100|[from] item: Leftovers
|turn|50
|choice||
|
|switch|p2a: Suicune|Suicune|37/100
|-damage|p2a: Suicune|25/100|[from] Stealth Rock
|-ability|p2a: Suicune|Pressure
|move|p1a: Politoed|Ice Beam|p2a: Suicune
|-resisted|p2a: Suicune
|-damage|p2a: Suicune|15/100
|
|-weather|RainDance|[upkeep]
|-heal|p2a: Suicune|21/100|[from] item: Leftovers
|turn|51
|l|typolmao
|choice||
|
|move|p1a: Politoed|Ice Beam|p2a: Suicune
|-resisted|p2a: Suicune
|-damage|p2a: Suicune|12/100
|move|p2a: Suicune|Scald|p1a: Politoed
|-resisted|p1a: Politoed
|-damage|p1a: Politoed|40/100
|
|-weather|RainDance|[upkeep]
|-heal|p2a: Suicune|18/100|[from] item: Leftovers
|turn|52
|choice||
|
|move|p2a: Suicune|Protect|p2a: Suicune
|-singleturn|p2a: Suicune|Protect
|move|p1a: Politoed|Ice Beam|p2a: Suicune
|-activate|p2a: Suicune|Protect
|
|-weather|RainDance|[upkeep]
|-heal|p2a: Suicune|24/100|[from] item: Leftovers
|turn|53
|choice||
|
|move|p1a: Politoed|Ice Beam|p2a: Suicune
|-resisted|p2a: Suicune
|-damage|p2a: Suicune|15/100
|move|p2a: Suicune|Scald|p1a: Politoed
|-resisted|p1a: Politoed
|-crit|p1a: Politoed
|-damage|p1a: Politoed|0 fnt
|faint|p1a: Politoed
|
|-weather|RainDance|[upkeep]
|-heal|p2a: Suicune|21/100|[from] item: Leftovers
|choice||
|
|switch|p1a: Jirachi|Jirachi|82/100
|-damage|p1a: Jirachi|70/100|[from] Spikes
|-damage|p1a: Jirachi|63/100|[from] Stealth Rock
|turn|54
|choice||
|
|move|p2a: Suicune|Protect|p2a: Suicune
|-singleturn|p2a: Suicune|Protect
|move|p1a: Jirachi|Thunder|p2a: Suicune
|-activate|p2a: Suicune|Protect
|
|-weather|RainDance|[upkeep]
|-heal|p2a: Suicune|27/100|[from] item: Leftovers
|-heal|p1a: Jirachi|70/100|[from] item: Leftovers
|turn|55
|choice||
|
|move|p2a: Suicune|Substitute|p2a: Suicune
|-start|p2a: Suicune|Substitute
|-damage|p2a: Suicune|2/100
|move|p1a: Jirachi|Wish|p1a: Jirachi
|
|-weather|RainDance|[upkeep]
|-heal|p2a: Suicune|8/100|[from] item: Leftovers
|-heal|p1a: Jirachi|76/100|[from] item: Leftovers
|turn|56
|choice||
|
|move|p2a: Suicune|Protect|p2a: Suicune
|-singleturn|p2a: Suicune|Protect
|move|p1a: Jirachi|Iron Head|p2a: Suicune
|-activate|p2a: Suicune|Protect
|
|-weather|RainDance|[upkeep]
|-heal|p1a: Jirachi|100/100|[from] move: Wish|[wisher] Jirachi
|-heal|p2a: Suicune|15/100|[from] item: Leftovers
|turn|57
|l|BLT2 Analytic
|choice||
|
|move|p2a: Suicune|Scald|p1a: Jirachi
|-damage|p1a: Jirachi|76/100
|move|p1a: Jirachi|Thunder|p2a: Suicune
|-supereffective|p2a: Suicune
|-end|p2a: Suicune|Substitute
|
|-weather|RainDance|[upkeep]
|-heal|p2a: Suicune|21/100|[from] item: Leftovers
|-heal|p1a: Jirachi|82/100|[from] item: Leftovers
|turn|58
|j|BLT2 Analytic
|choice||
|
|move|p2a: Suicune|Protect|p2a: Suicune
|-singleturn|p2a: Suicune|Protect
|move|p1a: Jirachi|Iron Head|p2a: Suicune
|-activate|p2a: Suicune|Protect
|
|-weather|RainDance|[upkeep]
|-heal|p2a: Suicune|27/100|[from] item: Leftovers
|-heal|p1a: Jirachi|88/100|[from] item: Leftovers
|turn|59
|choice||
|
|move|p2a: Suicune|Substitute|p2a: Suicune
|-start|p2a: Suicune|Substitute
|-damage|p2a: Suicune|2/100
|move|p1a: Jirachi|Thunder|p2a: Suicune
|-supereffective|p2a: Suicune
|-end|p2a: Suicune|Substitute
|
|-weather|RainDance|[upkeep]
|-heal|p2a: Suicune|8/100|[from] item: Leftovers
|-heal|p1a: Jirachi|94/100|[from] item: Leftovers
|turn|60
|choice||
|
|move|p2a: Suicune|Scald|p1a: Jirachi
|-damage|p1a: Jirachi|70/100
|move|p1a: Jirachi|Iron Head|p2a: Suicune
|-resisted|p2a: Suicune
|-damage|p2a: Suicune|0 fnt
|faint|p2a: Suicune
|
|-weather|RainDance|[upkeep]
|-heal|p1a: Jirachi|76/100|[from] item: Leftovers
|choice||
|
|switch|p2a: Ferrothorn|Ferrothorn, M|44/100
|-damage|p2a: Ferrothorn|38/100|[from] Stealth Rock
|turn|61
|choice||
|
|move|p1a: Jirachi|Thunder|p2a: Ferrothorn
|-resisted|p2a: Ferrothorn
|-damage|p2a: Ferrothorn|28/100
|-status|p2a: Ferrothorn|par
|move|p2a: Ferrothorn|Leech Seed|p1a: Jirachi
|-start|p1a: Jirachi|move: Leech Seed
|
|-weather|RainDance|[upkeep]
|-heal|p1a: Jirachi|83/100|[from] item: Leftovers
|-heal|p2a: Ferrothorn|35/100 par|[from] item: Leftovers
|-damage|p1a: Jirachi|70/100|[from] Leech Seed|[of] p2a: Ferrothorn
|-heal|p2a: Ferrothorn|49/100 par|[silent]
|turn|62
|choice||
|
|switch|p2a: Landorus|Landorus-Therian, M|89/100
|-damage|p2a: Landorus|77/100|[from] Stealth Rock
|-ability|p2a: Landorus|Intimidate|boost
|-unboost|p1a: Jirachi|atk|1
|move|p1a: Jirachi|Wish|p1a: Jirachi
|
|-weather|RainDance|[upkeep]
|-heal|p2a: Landorus|83/100|[from] item: Leftovers
|-heal|p1a: Jirachi|76/100|[from] item: Leftovers
|-damage|p1a: Jirachi|64/100|[from] Leech Seed|[of] p2a: Landorus
|-heal|p2a: Landorus|96/100|[silent]
|turn|63
|choice||
|
|move|p2a: Landorus|Earthquake|p1a: Jirachi
|-supereffective|p1a: Jirachi
|-damage|p1a: Jirachi|0 fnt
|faint|p1a: Jirachi
|
|win|CZ
|player|p1
|player|p2
|l|BLT2 days
|c|★CZ|gg
|l|CZ
|raw|BLT2 days's rating: 1363 &rarr; <strong>1338</strong><br />(-25 for losing)
|raw|CZ's rating: 1276 &rarr; <strong>1307</strong><br />(+31 for winning)
|l|Empo
|j|CZ
|l|FINCHINATOR
|l|BLT2 Analytic
|l|CZ
|j|CZ