|j|☆ghosted by brizz
|j|☆sniping bwvcs
|t:|1704907533
|gametype|singles
|player|p1|ghosted by brizz|selene-usum|1505
|player|p2|sniping bwvcs|101|1722
|teamsize|p1|6
|teamsize|p2|6
|gen|5
|tier|[Gen 5] OU
|rated|
|rule|Species Clause: Limit one of each Pokémon
|rule|OHKO Clause: OHKO moves are banned
|rule|Moody Clause: Moody is banned
|rule|Evasion Items Clause: Evasion items are banned
|rule|Evasion Moves Clause: Evasion moves are banned
|rule|Endless Battle Clause: Forcing endless battles is banned
|rule|HP Percentage Mod: HP is shown in percentages
|rule|Evasion Abilities Clause: Evasion abilities are banned
|rule|Sleep Moves Clause: Sleep-inducing moves are banned
|rule|Swagger Clause: Swagger is banned
|rule|Baton Pass Stat Clause: No Baton Passer may have a way to boost its stats
|clearpoke
|poke|p1|Thundurus-Therian, M|item
|poke|p1|Politoed, M|item
|poke|p1|Dragonite, M|item
|poke|p1|Ferrothorn, F|item
|poke|p1|Starmie|item
|poke|p1|Mamoswine, M|item
|poke|p2|Tyranitar, M|item
|poke|p2|Keldeo|item
|poke|p2|Landorus-Therian, M|item
|poke|p2|Rotom-Wash|item
|poke|p2|Excadrill, F|item
|poke|p2|Celebi|item
|teampreview
|inactive|Battle timer is ON: inactive players will automatically lose when time's up. (requested by ghosted by brizz)
|inactive|sniping bwvcs has 120 seconds left.
|
|t:|1704907599
|start
|switch|p1a: Ferrothorn|Ferrothorn, F|100/100
|switch|p2a: Rotom|Rotom-Wash|100/100
|turn|1
|
|t:|1704907607
|move|p2a: Rotom|Will-O-Wisp|p1a: Ferrothorn
|-status|p1a: Ferrothorn|brn
|move|p1a: Ferrothorn|Stealth Rock|p2a: Rotom
|-sidestart|p2: sniping bwvcs|move: Stealth Rock
|
|-damage|p1a: Ferrothorn|88/100 brn|[from] brn
|upkeep
|turn|2
|
|t:|1704907621
|move|p2a: Rotom|Volt Switch|p1a: Ferrothorn
|-resisted|p1a: Ferrothorn
|-damage|p1a: Ferrothorn|80/100 brn
|
|t:|1704907625
|switch|p2a: Celebi|Celebi|100/100|[from] Volt Switch
|-damage|p2a: Celebi|88/100|[from] Stealth Rock
|move|p1a: Ferrothorn|Knock Off|p2a: Celebi
|-supereffective|p2a: Celebi
|-damage|p2a: Celebi|84/100
|-enditem|p2a: Celebi|Leftovers|[from] move: Knock Off|[of] p1a: Ferrothorn
|
|-damage|p1a: Ferrothorn|68/100 brn|[from] brn
|upkeep
|turn|3
|
|t:|1704907629
|switch|p1a: Thundurus|Thundurus-Therian, M|100/100
|move|p2a: Celebi|Stealth Rock|p1a: Thundurus
|-sidestart|p1: ghosted by brizz|move: Stealth Rock
|
|upkeep
|turn|4
|
|t:|1704907634
|move|p1a: Thundurus|Hidden Power|p2a: Celebi
|-supereffective|p2a: Celebi
|-damage|p2a: Celebi|49/100
|move|p2a: Celebi|Recover|p2a: Celebi
|-heal|p2a: Celebi|99/100
|
|upkeep
|turn|5
|
|t:|1704907640
|move|p1a: Thundurus|Hidden Power|p2a: Celebi
|-supereffective|p2a: Celebi
|-damage|p2a: Celebi|66/100
|move|p2a: Celebi|Psychic|p1a: Thundurus
|-damage|p1a: Thundurus|56/100
|
|-heal|p1a: Thundurus|62/100|[from] item: Leftovers
|upkeep
|turn|6
|
|t:|1704907643
|move|p1a: Thundurus|U-turn|p2a: Celebi
|-supereffective|p2a: Celebi
|-damage|p2a: Celebi|12/100
|
|t:|1704907647
|switch|p1a: Mamoswine|Mamoswine, M|100/100|[from] U-turn
|-damage|p1a: Mamoswine|88/100|[from] Stealth Rock
|move|p2a: Celebi|Recover|p2a: Celebi
|-heal|p2a: Celebi|62/100
|
|upkeep
|turn|7
|
|t:|1704907654
|move|p1a: Mamoswine|Icicle Crash|p2a: Celebi
|-supereffective|p2a: Celebi
|-damage|p2a: Celebi|0 fnt
|faint|p2a: Celebi
|
|upkeep
|
|t:|1704907657
|switch|p2a: Keldeo|Keldeo|100/100
|-damage|p2a: Keldeo|94/100|[from] Stealth Rock
|turn|8
|
|t:|1704907662
|switch|p2a: Tyranitar|Tyranitar, M|100/100
|-damage|p2a: Tyranitar|88/100|[from] Stealth Rock
|-weather|Sandstorm|[from] ability: Sand Stream|[of] p2a: Tyranitar
|switch|p1a: Politoed|Politoed, M|100/100
|-damage|p1a: Politoed|88/100|[from] Stealth Rock
|-weather|RainDance|[from] ability: Drizzle|[of] p1a: Politoed
|
|-weather|RainDance|[upkeep]
|upkeep
|turn|9
|
|t:|1704907666
|switch|p2a: Rotom|Rotom-Wash|100/100
|-damage|p2a: Rotom|88/100|[from] Stealth Rock
|move|p1a: Politoed|Scald|p2a: Rotom
|-resisted|p2a: Rotom
|-damage|p2a: Rotom|65/100
|
|-weather|RainDance|[upkeep]
|-heal|p2a: Rotom|71/100|[from] item: Leftovers
|upkeep
|turn|10
|
|t:|1704907673
|switch|p2a: Keldeo|Keldeo|94/100
|-damage|p2a: Keldeo|88/100|[from] Stealth Rock
|move|p1a: Politoed|Scald|p2a: Keldeo
|-resisted|p2a: Keldeo
|-damage|p2a: Keldeo|62/100
|
|-weather|RainDance|[upkeep]
|upkeep
|turn|11
|
|t:|1704907685
|switch|p1a: Starmie|Starmie|100/100
|-damage|p1a: Starmie|88/100|[from] Stealth Rock
|-item|p1a: Starmie|Air Balloon
|move|p2a: Keldeo|Secret Sword|p1a: Starmie
|-resisted|p1a: Starmie
|-damage|p1a: Starmie|42/100
|-enditem|p1a: Starmie|Air Balloon
|
|-weather|RainDance|[upkeep]
|upkeep
|turn|12
|
|t:|1704907692
|move|p1a: Starmie|Thunder|p2a: Keldeo
|-supereffective|p2a: Keldeo
|-damage|p2a: Keldeo|0 fnt
|faint|p2a: Keldeo
|
|-weather|RainDance|[upkeep]
|upkeep
|
|t:|1704907694
|switch|p2a: Landorus|Landorus-Therian, M|100/100
|-damage|p2a: Landorus|88/100|[from] Stealth Rock
|-ability|p2a: Landorus|Intimidate|boost
|-unboost|p1a: Starmie|atk|1
|turn|13
|
|t:|1704907702
|switch|p1a: Thundurus|Thundurus-Therian, M|62/100
|-damage|p1a: Thundurus|38/100|[from] Stealth Rock
|move|p2a: Landorus|U-turn|p1a: Thundurus
|-resisted|p1a: Thundurus
|-damage|p1a: Thundurus|20/100
|
|t:|1704907707
|switch|p2a: Tyranitar|Tyranitar, M|88/100|[from] U-turn
|-damage|p2a: Tyranitar|76/100|[from] Stealth Rock
|-weather|Sandstorm|[from] ability: Sand Stream|[of] p2a: Tyranitar
|
|-weather|Sandstorm|[upkeep]
|-damage|p1a: Thundurus|14/100|[from] Sandstorm
|-heal|p1a: Thundurus|20/100|[from] item: Leftovers
|upkeep
|turn|14
|
|t:|1704907709
|move|p1a: Thundurus|Grass Knot|p2a: Tyranitar
|-supereffective|p2a: Tyranitar
|-damage|p2a: Tyranitar|36/100
|move|p2a: Tyranitar|Pursuit|p1a: Thundurus
|-damage|p1a: Thundurus|0 fnt
|faint|p1a: Thundurus
|
|-weather|Sandstorm|[upkeep]
|upkeep
|
|t:|1704907725
|switch|p1a: Politoed|Politoed, M|88/100
|-damage|p1a: Politoed|76/100|[from] Stealth Rock
|-weather|RainDance|[from] ability: Drizzle|[of] p1a: Politoed
|turn|15
|
|t:|1704907729
|switch|p2a: Rotom|Rotom-Wash|71/100
|-damage|p2a: Rotom|58/100|[from] Stealth Rock
|move|p1a: Politoed|Scald|p2a: Rotom
|-resisted|p2a: Rotom
|-damage|p2a: Rotom|34/100
|-status|p2a: Rotom|brn
|
|-weather|RainDance|[upkeep]
|-heal|p2a: Rotom|40/100 brn|[from] item: Leftovers
|-damage|p2a: Rotom|27/100 brn|[from] brn
|upkeep
|turn|16
|
|t:|1704907737
|switch|p1a: Ferrothorn|Ferrothorn, F|68/100 brn
|-damage|p1a: Ferrothorn|62/100 brn|[from] Stealth Rock
|move|p2a: Rotom|Pain Split|p1a: Ferrothorn
|-sethp|p1a: Ferrothorn|43/100 brn|[from] move: Pain Split|[silent]
|-sethp|p2a: Rotom|49/100 brn|[from] move: Pain Split
|
|-weather|RainDance|[upkeep]
|-heal|p2a: Rotom|55/100 brn|[from] item: Leftovers
|-damage|p2a: Rotom|43/100 brn|[from] brn
|-damage|p1a: Ferrothorn|30/100 brn|[from] brn
|upkeep
|turn|17
|
|t:|1704907740
|move|p2a: Rotom|Volt Switch|p1a: Ferrothorn
|-resisted|p1a: Ferrothorn
|-damage|p1a: Ferrothorn|22/100 brn
|
|t:|1704907743
|switch|p2a: Excadrill|Excadrill, F|100/100|[from] Volt Switch
|-damage|p2a: Excadrill|97/100|[from] Stealth Rock
|move|p1a: Ferrothorn|Knock Off|p2a: Excadrill
|-resisted|p2a: Excadrill
|-damage|p2a: Excadrill|96/100
|-enditem|p2a: Excadrill|Leftovers|[from] move: Knock Off|[of] p1a: Ferrothorn
|
|-weather|RainDance|[upkeep]
|-damage|p1a: Ferrothorn|9/100 brn|[from] brn
|upkeep
|turn|18
|
|t:|1704907749
|move|p2a: Excadrill|Substitute|p2a: Excadrill
|-start|p2a: Excadrill|Substitute
|-damage|p2a: Excadrill|71/100
|move|p1a: Ferrothorn|Power Whip|p2a: Excadrill
|-end|p2a: Excadrill|Substitute
|
|-weather|RainDance|[upkeep]
|-damage|p1a: Ferrothorn|0 fnt|[from] brn
|faint|p1a: Ferrothorn
|upkeep
|
|t:|1704907755
|switch|p1a: Politoed|Politoed, M|76/100
|-damage|p1a: Politoed|63/100|[from] Stealth Rock
|turn|19
|
|t:|1704907759
|switch|p2a: Tyranitar|Tyranitar, M|36/100
|-damage|p2a: Tyranitar|24/100|[from] Stealth Rock
|-weather|Sandstorm|[from] ability: Sand Stream|[of] p2a: Tyranitar
|move|p1a: Politoed|Scald|p2a: Tyranitar
|-supereffective|p2a: Tyranitar
|-damage|p2a: Tyranitar|0 fnt
|faint|p2a: Tyranitar
|
|-weather|Sandstorm|[upkeep]
|-damage|p1a: Politoed|57/100|[from] Sandstorm
|upkeep
|
|t:|1704907763
|switch|p2a: Rotom|Rotom-Wash|43/100 brn
|-damage|p2a: Rotom|30/100 brn|[from] Stealth Rock
|turn|20
|
|t:|1704907769
|switch|p1a: Starmie|Starmie|42/100
|-damage|p1a: Starmie|30/100|[from] Stealth Rock
|move|p2a: Rotom|Hydro Pump|p1a: Starmie|[miss]
|-miss|p2a: Rotom|p1a: Starmie
|
|-weather|Sandstorm|[upkeep]
|-damage|p1a: Starmie|24/100|[from] Sandstorm
|-damage|p2a: Rotom|24/100 brn|[from] Sandstorm
|-heal|p2a: Rotom|30/100 brn|[from] item: Leftovers
|-damage|p2a: Rotom|18/100 brn|[from] brn
|upkeep
|turn|21
|
|t:|1704907791
|move|p1a: Starmie|Rapid Spin|p2a: Rotom
|-damage|p2a: Rotom|15/100 brn
|-sideend|p1: ghosted by brizz|Stealth Rock|[from] move: Rapid Spin|[of] p1a: Starmie
|move|p2a: Rotom|Volt Switch|p1a: Starmie
|-supereffective|p1a: Starmie
|-damage|p1a: Starmie|0 fnt
|faint|p1a: Starmie
|
|t:|1704907797
|switch|p2a: Excadrill|Excadrill, F|71/100|[from] Volt Switch
|-damage|p2a: Excadrill|68/100|[from] Stealth Rock
|
|-weather|Sandstorm|[upkeep]
|upkeep
|
|t:|1704907801
|switch|p1a: Politoed|Politoed, M|57/100
|-weather|RainDance|[from] ability: Drizzle|[of] p1a: Politoed
|turn|22
|
|t:|1704907805
|switch|p2a: Rotom|Rotom-Wash|15/100 brn
|-damage|p2a: Rotom|3/100 brn|[from] Stealth Rock
|move|p1a: Politoed|Scald|p2a: Rotom
|-resisted|p2a: Rotom
|-damage|p2a: Rotom|0 fnt
|faint|p2a: Rotom
|
|-weather|RainDance|[upkeep]
|upkeep
|
|t:|1704907807
|switch|p2a: Landorus|Landorus-Therian, M|88/100
|-damage|p2a: Landorus|76/100|[from] Stealth Rock
|-ability|p2a: Landorus|Intimidate|boost
|-unboost|p1a: Politoed|atk|1
|turn|23
|
|t:|1704907816
|switch|p1a: Dragonite|Dragonite, M|100/100
|move|p2a: Landorus|U-turn|p1a: Dragonite
|-resisted|p1a: Dragonite
|-damage|p1a: Dragonite|95/100
|
|t:|1704907818
|switch|p2a: Excadrill|Excadrill, F|68/100|[from] U-turn
|-damage|p2a: Excadrill|65/100|[from] Stealth Rock
|
|-weather|RainDance|[upkeep]
|upkeep
|turn|24
|
|t:|1704907821
|move|p2a: Excadrill|Iron Head|p1a: Dragonite
|-damage|p1a: Dragonite|44/100
|cant|p1a: Dragonite|flinch
|
|-weather|RainDance|[upkeep]
|upkeep
|turn|25
|
|t:|1704907825
|move|p1a: Dragonite|Extreme Speed|p2a: Excadrill
|-resisted|p2a: Excadrill
|-damage|p2a: Excadrill|33/100
|move|p2a: Excadrill|Iron Head|p1a: Dragonite
|-damage|p1a: Dragonite|0 fnt
|faint|p1a: Dragonite
|
|-weather|RainDance|[upkeep]
|upkeep
|
|t:|1704907827
|switch|p1a: Politoed|Politoed, M|57/100
|turn|26
|
|t:|1704907830
|move|p1a: Politoed|Scald|p2a: Excadrill
|-supereffective|p2a: Excadrill
|-damage|p2a: Excadrill|0 fnt
|faint|p2a: Excadrill
|
|-weather|RainDance|[upkeep]
|upkeep
|
|t:|1704907832
|switch|p2a: Landorus|Landorus-Therian, M|76/100
|-damage|p2a: Landorus|63/100|[from] Stealth Rock
|-ability|p2a: Landorus|Intimidate|boost
|-unboost|p1a: Politoed|atk|1
|turn|27
|
|t:|1704907833
|move|p2a: Landorus|Earthquake|p1a: Politoed
|-damage|p1a: Politoed|0 fnt
|faint|p1a: Politoed
|
|-weather|RainDance|[upkeep]
|upkeep
|
|t:|1704907834
|switch|p1a: Mamoswine|Mamoswine, M|88/100
|turn|28
|
|t:|1704907836
|move|p1a: Mamoswine|Ice Shard|p2a: Landorus
|-supereffective|p2a: Landorus
|-damage|p2a: Landorus|0 fnt
|faint|p2a: Landorus
|
|win|ghosted by brizz
|raw|ghosted by brizz's rating: 1505 &rarr; <strong>1536</strong><br />(+31 for winning)
|raw|sniping bwvcs's rating: 1722 &rarr; <strong>1691</strong><br />(-31 for losing)
|l|☆sniping bwvcs
|player|p2|
