|j|☆chomp29
|j|☆BWR BookofConke
|t:|1725340005
|gametype|singles
|player|p1|chomp29|acetrainer-gen4dp|1368
|player|p2|BWR BookofConke|silver-masters|1324
|teamsize|p1|6
|teamsize|p2|6
|gen|5
|tier|[Gen 5] OU
|rated|
|rule|Species Clause: Limit one of each Pokémon
|rule|OHKO Clause: OHKO moves are banned
|rule|Moody Clause: Moody is banned
|rule|Evasion Items Clause: Evasion items are banned
|rule|Evasion Moves Clause: Evasion moves are banned
|rule|Endless Battle Clause: Forcing endless battles is banned
|rule|HP Percentage Mod: HP is shown in percentages
|rule|Evasion Abilities Clause: Evasion abilities are banned
|rule|Sleep Moves Clause: Sleep-inducing moves are banned
|rule|Swagger Clause: Swagger is banned
|rule|Baton Pass Stat Clause: No Baton Passer may have a way to boost its stats
|clearpoke
|poke|p1|Politoed, M|item
|poke|p1|Donphan, F|item
|poke|p1|Chansey, F|item
|poke|p1|Toxicroak, M|item
|poke|p1|Keldeo|item
|poke|p1|Ferrothorn, F|item
|poke|p2|Politoed, F|item
|poke|p2|Ferrothorn, M|item
|poke|p2|Starmie|item
|poke|p2|Jirachi|item
|poke|p2|Keldeo-Resolute|item
|poke|p2|Thundurus-Therian, M|item
|teampreview
|inactive|Battle timer is ON: inactive players will automatically lose when time's up. (requested by chomp29)
|c|☆chomp29|Gl
|inactive|chomp29 has 120 seconds left.
|inactive|BWR BookofConke has 120 seconds left.
|
|t:|1725340064
|start
|switch|p1a: Politoed|Politoed, M|100/100
|switch|p2a: Keldeo|Keldeo-Resolute|100/100
|-weather|RainDance|[from] ability: Drizzle|[of] p1a: Politoed
|turn|1
|inactive|BWR BookofConke has 120 seconds left.
|
|t:|1725340100
|move|p1a: Politoed|Scald|p2a: Keldeo
|-resisted|p2a: Keldeo
|-damage|p2a: Keldeo|76/100
|move|p2a: Keldeo|Secret Sword|p1a: Politoed
|-damage|p1a: Politoed|13/100
|
|-weather|RainDance|[upkeep]
|upkeep
|turn|2
|inactive|BWR BookofConke has 120 seconds left.
|
|t:|1725340135
|switch|p1a: Toxicroak|Toxicroak, M|100/100
|switch|p2a: Thundurus|Thundurus-Therian, M|100/100
|
|-weather|RainDance|[upkeep]
|upkeep
|turn|3
|
|t:|1725340147
|switch|p1a: Chansey|Chansey, F|100/100
|move|p2a: Thundurus|U-turn|p1a: Chansey
|-damage|p1a: Chansey|90/100
|inactive|BWR BookofConke has 90 seconds left.
|
|t:|1725340159
|switch|p2a: Keldeo|Keldeo-Resolute|76/100|[from] U-turn
|
|-weather|RainDance|[upkeep]
|upkeep
|turn|4
|inactive|BWR BookofConke has 90 seconds left.
|
|t:|1725340172
|switch|p1a: Toxicroak|Toxicroak, M|100/100
|move|p2a: Keldeo|Secret Sword|p1a: Toxicroak
|-resisted|p1a: Toxicroak
|-damage|p1a: Toxicroak|66/100
|
|-weather|RainDance|[upkeep]
|-heal|p1a: Toxicroak|78/100|[from] ability: Dry Skin
|-heal|p1a: Toxicroak|85/100|[from] item: Black Sludge
|upkeep
|turn|5
|inactive|BWR BookofConke has 90 seconds left.
|
|t:|1725340195
|switch|p2a: Politoed|Politoed, F|100/100
|move|p1a: Toxicroak|Drain Punch|p2a: Politoed
|-damage|p2a: Politoed|75/100
|-heal|p1a: Toxicroak|98/100|[from] drain|[of] p2a: Politoed
|-enditem|p2a: Politoed|Eject Button
|
|t:|1725340206
|switch|p2a: Thundurus|Thundurus-Therian, M|100/100
|
|-weather|RainDance|[upkeep]
|-heal|p1a: Toxicroak|100/100|[from] ability: Dry Skin
|upkeep
|turn|6
|
|t:|1725340222
|switch|p1a: Donphan|Donphan, F|100/100
|move|p2a: Thundurus|Thunder|p1a: Donphan
|-immune|p1a: Donphan
|
|-weather|RainDance|[upkeep]
|upkeep
|turn|7
|
|t:|1725340237
|switch|p1a: Chansey|Chansey, F|90/100
|move|p2a: Thundurus|Hidden Power|p1a: Chansey
|-damage|p1a: Chansey|83/100
|
|-weather|RainDance|[upkeep]
|upkeep
|turn|8
|
|t:|1725340256
|move|p2a: Thundurus|U-turn|p1a: Chansey
|-damage|p1a: Chansey|74/100
|
|t:|1725340261
|switch|p2a: Keldeo|Keldeo-Resolute|76/100|[from] U-turn
|move|p1a: Chansey|Seismic Toss|p2a: Keldeo
|-damage|p2a: Keldeo|45/100
|
|-weather|RainDance|[upkeep]
|upkeep
|turn|9
|inactive|BWR BookofConke has 90 seconds left.
|inactive|BWR BookofConke has 60 seconds left.
|
|t:|1725340297
|switch|p2a: Jirachi|Jirachi|100/100
|switch|p1a: Toxicroak|Toxicroak, M|100/100
|
|-weather|RainDance|[upkeep]
|upkeep
|turn|10
|
|t:|1725340314
|switch|p1a: Donphan|Donphan, F|100/100
|move|p2a: Jirachi|Iron Head|p1a: Donphan
|-damage|p1a: Donphan|71/100
|
|-weather|RainDance|[upkeep]
|upkeep
|turn|11
|
|t:|1725340326
|switch|p2a: Starmie|Starmie|100/100
|-item|p2a: Starmie|Air Balloon
|move|p1a: Donphan|Stealth Rock|p2a: Starmie
|-sidestart|p2: BWR BookofConke|move: Stealth Rock
|
|-weather|RainDance|[upkeep]
|upkeep
|turn|12
|
|t:|1725340337
|move|p1a: Donphan|Ice Shard|p2a: Starmie
|-resisted|p2a: Starmie
|-damage|p2a: Starmie|91/100
|-enditem|p2a: Starmie|Air Balloon
|move|p2a: Starmie|Rapid Spin|p1a: Donphan
|-damage|p1a: Donphan|68/100
|-sideend|p2: BWR BookofConke|Stealth Rock|[from] move: Rapid Spin|[of] p2a: Starmie
|
|-weather|RainDance|[upkeep]
|upkeep
|turn|13
|
|t:|1725340350
|switch|p1a: Toxicroak|Toxicroak, M|100/100
|move|p2a: Starmie|Ice Beam|p1a: Toxicroak
|-damage|p1a: Toxicroak|56/100
|
|-weather|RainDance|[upkeep]
|-heal|p1a: Toxicroak|68/100|[from] ability: Dry Skin
|-heal|p1a: Toxicroak|74/100|[from] item: Black Sludge
|upkeep
|turn|14
|inactive|BWR BookofConke has 60 seconds left.
|
|t:|1725340368
|move|p2a: Starmie|Thunder|p1a: Toxicroak
|-damage|p1a: Toxicroak|33/100
|move|p1a: Toxicroak|Drain Punch|p2a: Starmie
|-resisted|p2a: Starmie
|-damage|p2a: Starmie|68/100
|-heal|p1a: Toxicroak|42/100|[from] drain|[of] p2a: Starmie
|
|-weather|RainDance|[upkeep]
|-heal|p1a: Toxicroak|54/100|[from] ability: Dry Skin
|-heal|p1a: Toxicroak|60/100|[from] item: Black Sludge
|upkeep
|turn|15
|inactive|BWR BookofConke has 60 seconds left.
|
|t:|1725340388
|switch|p2a: Thundurus|Thundurus-Therian, M|100/100
|move|p1a: Toxicroak|Sucker Punch||[still]
|-fail|p1a: Toxicroak
|
|-weather|RainDance|[upkeep]
|-heal|p1a: Toxicroak|73/100|[from] ability: Dry Skin
|-heal|p1a: Toxicroak|79/100|[from] item: Black Sludge
|upkeep
|turn|16
|inactive|BWR BookofConke has 60 seconds left.
|
|t:|1725340401
|switch|p1a: Ferrothorn|Ferrothorn, F|100/100
|move|p2a: Thundurus|Hidden Power|p1a: Ferrothorn
|-damage|p1a: Ferrothorn|79/100
|
|-weather|RainDance|[upkeep]
|upkeep
|turn|17
|inactive|BWR BookofConke has 60 seconds left.
|
|t:|1725340411
|move|p2a: Thundurus|Focus Blast|p1a: Ferrothorn
|-supereffective|p1a: Ferrothorn
|-crit|p1a: Ferrothorn
|-damage|p1a: Ferrothorn|0 fnt
|faint|p1a: Ferrothorn
|
|-weather|RainDance|[upkeep]
|upkeep
|c|☆chomp29|Damn cb
|
|t:|1725340430
|switch|p1a: Keldeo|Keldeo|100/100
|turn|18
|inactive|BWR BookofConke has 60 seconds left.
|
|t:|1725340463
|switch|p2a: Politoed|Politoed, F|75/100
|move|p1a: Keldeo|Hydro Pump|p2a: Politoed
|-resisted|p2a: Politoed
|-damage|p2a: Politoed|36/100
|
|-weather|RainDance|[upkeep]
|upkeep
|turn|19
|
|t:|1725340483
|switch|p2a: Ferrothorn|Ferrothorn, M|100/100
|move|p1a: Keldeo|Calm Mind|p1a: Keldeo
|-boost|p1a: Keldeo|spa|1
|-boost|p1a: Keldeo|spd|1
|
|-weather|RainDance|[upkeep]
|upkeep
|turn|20
|inactive|BWR BookofConke has 30 seconds left.
|
|t:|1725340501
|move|p1a: Keldeo|Calm Mind|p1a: Keldeo
|-boost|p1a: Keldeo|spa|1
|-boost|p1a: Keldeo|spd|1
|move|p2a: Ferrothorn|Power Whip|p1a: Keldeo
|-supereffective|p1a: Keldeo
|-damage|p1a: Keldeo|17/100
|
|-weather|RainDance|[upkeep]
|upkeep
|turn|21
|inactive|BWR BookofConke has 30 seconds left.
|inactive|BWR BookofConke has 20 seconds left.
|
|t:|1725340524
|switch|p2a: Politoed|Politoed, F|36/100
|move|p1a: Keldeo|Rest|p1a: Keldeo
|-status|p1a: Keldeo|slp|[from] move: Rest
|-heal|p1a: Keldeo|100/100 slp|[silent]
|-enditem|p1a: Keldeo|Chesto Berry|[eat]
|-curestatus|p1a: Keldeo|slp|[msg]
|
|-weather|RainDance|[upkeep]
|upkeep
|turn|22
|inactive|BWR BookofConke has 30 seconds left this turn.
|inactive|BWR BookofConke has 20 seconds left.
|
|t:|1725340538
|move|p1a: Keldeo|Secret Sword|p2a: Politoed
|-damage|p2a: Politoed|0 fnt
|faint|p2a: Politoed
|
|-weather|RainDance|[upkeep]
|upkeep
|inactive|BWR BookofConke has 25 seconds left this turn.
|inactive|BWR BookofConke has 20 seconds left.
|inactive|BWR BookofConke has 15 seconds left.
|
|t:|1725340552
|switch|p2a: Jirachi|Jirachi|100/100
|turn|23
|inactive|BWR BookofConke has 25 seconds left this turn.
|
|t:|1725340556
|move|p2a: Jirachi|Iron Head|p1a: Keldeo
|-resisted|p1a: Keldeo
|-damage|p1a: Keldeo|86/100
|cant|p1a: Keldeo|flinch
|
|-weather|RainDance|[upkeep]
|upkeep
|turn|24
|inactive|BWR BookofConke has 30 seconds left.
|
|t:|1725340562
|move|p2a: Jirachi|Iron Head|p1a: Keldeo
|-resisted|p1a: Keldeo
|-damage|p1a: Keldeo|71/100
|move|p1a: Keldeo|Hydro Pump|p2a: Jirachi
|-damage|p2a: Jirachi|0 fnt
|faint|p2a: Jirachi
|
|-weather|RainDance|[upkeep]
|upkeep
|inactive|BWR BookofConke has 30 seconds left.
|
|t:|1725340577
|switch|p2a: Keldeo|Keldeo-Resolute|45/100
|turn|25
|inactive|chomp29 has 120 seconds left.
|j| Large Kahuna
|
|t:|1725340632
|move|p2a: Keldeo|Secret Sword|p1a: Keldeo
|-damage|p1a: Keldeo|12/100
|move|p1a: Keldeo|Secret Sword|p2a: Keldeo
|-damage|p2a: Keldeo|0 fnt
|faint|p2a: Keldeo
|
|-weather|RainDance|[upkeep]
|upkeep
|
|t:|1725340640
|switch|p2a: Starmie|Starmie|68/100
|turn|26
|
|t:|1725340647
|switch|p1a: Chansey|Chansey, F|74/100
|move|p2a: Starmie|Thunder|p1a: Chansey
|-damage|p1a: Chansey|61/100
|-status|p1a: Chansey|par
|
|-weather|RainDance|[upkeep]
|upkeep
|turn|27
|
|t:|1725340656
|switch|p2a: Ferrothorn|Ferrothorn, M|100/100
|move|p1a: Chansey|Soft-Boiled|p1a: Chansey
|-heal|p1a: Chansey|100/100 par
|
|-weather|RainDance|[upkeep]
|upkeep
|turn|28
|inactive|chomp29 has 120 seconds left.
|
|t:|1725340670
|-curestatus|p1a: Chansey|par|[from] ability: Natural Cure
|switch|p1a: Toxicroak|Toxicroak, M|79/100
|move|p2a: Ferrothorn|Spikes|p1a: Toxicroak
|-sidestart|p1: chomp29|Spikes
|
|-weather|RainDance|[upkeep]
|-heal|p1a: Toxicroak|91/100|[from] ability: Dry Skin
|-heal|p1a: Toxicroak|98/100|[from] item: Black Sludge
|upkeep
|turn|29
|inactive|chomp29 has 120 seconds left.
|
|t:|1725340680
|move|p1a: Toxicroak|Substitute|p1a: Toxicroak
|-start|p1a: Toxicroak|Substitute
|-damage|p1a: Toxicroak|73/100
|move|p2a: Ferrothorn|Explosion|p1a: Toxicroak
|-end|p1a: Toxicroak|Substitute
|faint|p2a: Ferrothorn
|
|-weather|RainDance|[upkeep]
|-heal|p1a: Toxicroak|85/100|[from] ability: Dry Skin
|-heal|p1a: Toxicroak|91/100|[from] item: Black Sludge
|upkeep
|
|t:|1725340694
|switch|p2a: Thundurus|Thundurus-Therian, M|100/100
|turn|30
|
|t:|1725340702
|switch|p1a: Donphan|Donphan, F|68/100
|-damage|p1a: Donphan|55/100|[from] Spikes
|move|p2a: Thundurus|Thunder|p1a: Donphan
|-immune|p1a: Donphan
|
|-weather|RainDance|[upkeep]
|upkeep
|turn|31
|
|t:|1725340713
|switch|p1a: Chansey|Chansey, F|100/100
|-damage|p1a: Chansey|88/100|[from] Spikes
|move|p2a: Thundurus|Focus Blast|p1a: Chansey
|-supereffective|p1a: Chansey
|-damage|p1a: Chansey|63/100
|
|-weather|RainDance|[upkeep]
|upkeep
|turn|32
|
|t:|1725340721
|move|p2a: Thundurus|Thunder|p1a: Chansey
|-damage|p1a: Chansey|45/100
|-status|p1a: Chansey|par
|cant|p1a: Chansey|par
|
|-weather|RainDance|[upkeep]
|upkeep
|turn|33
|inactive|BWR BookofConke has 60 seconds left.
|
|t:|1725340751
|move|p2a: Thundurus|Focus Blast|p1a: Chansey
|-supereffective|p1a: Chansey
|-damage|p1a: Chansey|19/100 par
|cant|p1a: Chansey|par
|
|-weather|RainDance|[upkeep]
|upkeep
|turn|34
|
|t:|1725340761
|move|p2a: Thundurus|Focus Blast|p1a: Chansey
|-supereffective|p1a: Chansey
|-damage|p1a: Chansey|0 fnt
|faint|p1a: Chansey
|
|-weather|RainDance|[upkeep]
|upkeep
|inactive|chomp29 has 120 seconds left.
|
|t:|1725340777
|switch|p1a: Donphan|Donphan, F|55/100
|-damage|p1a: Donphan|43/100|[from] Spikes
|turn|35
|inactive|chomp29 has 120 seconds left.
|
|t:|1725340792
|move|p1a: Donphan|Ice Shard|p2a: Thundurus
|-supereffective|p2a: Thundurus
|-damage|p2a: Thundurus|55/100
|move|p2a: Thundurus|Hidden Power|p1a: Donphan
|-supereffective|p1a: Donphan
|-damage|p1a: Donphan|0 fnt
|faint|p1a: Donphan
|
|-weather|RainDance|[upkeep]
|-heal|p2a: Thundurus|61/100|[from] item: Leftovers
|upkeep
|inactive|chomp29 has 120 seconds left.
|
|t:|1725340800
|switch|p1a: Politoed|Politoed, M|13/100
|-damage|p1a: Politoed|1/100|[from] Spikes
|turn|36
|inactive|BWR BookofConke has 60 seconds left.
|inactive|chomp29 has 120 seconds left.
|
|t:|1725340838
|move|p1a: Politoed|Scald|p2a: Thundurus
|-damage|p2a: Thundurus|4/100
|move|p2a: Thundurus|U-turn|p1a: Politoed
|-damage|p1a: Politoed|0 fnt
|faint|p1a: Politoed
|
|t:|1725340844
|switch|p2a: Starmie|Starmie|68/100|[from] U-turn
|
|-weather|RainDance|[upkeep]
|upkeep
|
|t:|1725340847
|switch|p1a: Toxicroak|Toxicroak, M|91/100
|-damage|p1a: Toxicroak|79/100|[from] Spikes
|turn|37
|inactive|BWR BookofConke has 60 seconds left.
|
|t:|1725340858
|move|p1a: Toxicroak|Sucker Punch|p2a: Starmie
|-supereffective|p2a: Starmie
|-damage|p2a: Starmie|0 fnt
|faint|p2a: Starmie
|
|-weather|RainDance|[upkeep]
|-heal|p1a: Toxicroak|91/100|[from] ability: Dry Skin
|-heal|p1a: Toxicroak|98/100|[from] item: Black Sludge
|upkeep
|
|t:|1725340865
|switch|p2a: Thundurus|Thundurus-Therian, M|4/100
|turn|38
|
|t:|1725340868
|move|p1a: Toxicroak|Sucker Punch|p2a: Thundurus
|-damage|p2a: Thundurus|0 fnt
|faint|p2a: Thundurus
|
|win|chomp29
|raw|chomp29's rating: 1368 &rarr; <strong>1385</strong><br />(+17 for winning)
|raw|BWR BookofConke's rating: 1324 &rarr; <strong>1307</strong><br />(-17 for losing)
|c|☆chomp29|Gg
