|j|☆sidis
|j|☆SK8HEAD
|t:|1707237624
|gametype|singles
|player|p1|sidis|iris|1480
|player|p2|SK8HEAD|101|1338
|teamsize|p1|6
|teamsize|p2|6
|gen|5
|tier|[Gen 5] OU
|rated|
|rule|Species Clause: Limit one of each Pokémon
|rule|OHKO Clause: OHKO moves are banned
|rule|Moody Clause: Moody is banned
|rule|Evasion Items Clause: Evasion items are banned
|rule|Evasion Moves Clause: Evasion moves are banned
|rule|Endless Battle Clause: Forcing endless battles is banned
|rule|HP Percentage Mod: HP is shown in percentages
|rule|Evasion Abilities Clause: Evasion abilities are banned
|rule|Sleep Moves Clause: Sleep-inducing moves are banned
|rule|Swagger Clause: Swagger is banned
|rule|Baton Pass Stat Clause: No Baton Passer may have a way to boost its stats
|clearpoke
|poke|p1|Victini|item
|poke|p1|Magnezone|item
|poke|p1|Latios, M|item
|poke|p1|Starmie|item
|poke|p1|Excadrill, F|item
|poke|p1|Ninetales, M|item
|poke|p2|Mamoswine, M|item
|poke|p2|Latios, M|item
|poke|p2|Scizor, F|item
|poke|p2|Kyurem-Black|item
|poke|p2|Salamence, M|item
|poke|p2|Magnezone|item
|teampreview
|c|☆SK8HEAD|gl bro
|
|t:|1707237631
|start
|switch|p1a: Ninetales|Ninetales, M|100/100
|switch|p2a: Mamoswine|Mamoswine, M|100/100
|-weather|SunnyDay|[from] ability: Drought|[of] p1a: Ninetales
|turn|1
|j| el janitor
|inactive|Battle timer is ON: inactive players will automatically lose when time's up. (requested by SK8HEAD)
|
|t:|1707237649
|move|p1a: Ninetales|Will-O-Wisp|p2a: Mamoswine
|-status|p2a: Mamoswine|brn
|move|p2a: Mamoswine|Earthquake|p1a: Ninetales
|-supereffective|p1a: Ninetales
|-damage|p1a: Ninetales|19/100
|
|-weather|SunnyDay|[upkeep]
|-damage|p2a: Mamoswine|88/100 brn|[from] brn
|upkeep
|turn|2
|
|t:|1707237654
|move|p1a: Ninetales|Fire Blast|p2a: Mamoswine
|-supereffective|p2a: Mamoswine
|-damage|p2a: Mamoswine|0 fnt
|faint|p2a: Mamoswine
|-damage|p1a: Ninetales|9/100|[from] item: Life Orb
|
|-weather|SunnyDay|[upkeep]
|upkeep
|
|t:|1707237661
|switch|p2a: Salamence|Salamence, M|100/100
|turn|3
|
|t:|1707237679
|move|p2a: Salamence|Earthquake|p1a: Ninetales
|-supereffective|p1a: Ninetales
|-damage|p1a: Ninetales|0 fnt
|faint|p1a: Ninetales
|-ability|p2a: Salamence|Moxie|boost
|-boost|p2a: Salamence|atk|1
|
|-weather|SunnyDay|[upkeep]
|upkeep
|
|t:|1707237693
|switch|p1a: Latios|Latios, M|100/100
|turn|4
|
|t:|1707237699
|switch|p2a: Magnezone|Magnezone|100/100
|move|p1a: Latios|Draco Meteor|p2a: Magnezone
|-resisted|p2a: Magnezone
|-damage|p2a: Magnezone|26/100
|-unboost|p1a: Latios|spa|2
|
|-weather|SunnyDay|[upkeep]
|upkeep
|turn|5
|c|☆SK8HEAD|gyatdamn
|
|t:|1707237708
|switch|p1a: Excadrill|Excadrill, F|100/100
|-ability|p1a: Excadrill|Mold Breaker
|move|p2a: Magnezone|Flash Cannon|p1a: Excadrill
|-resisted|p1a: Excadrill
|-damage|p1a: Excadrill|56/100
|
|-weather|SunnyDay|[upkeep]
|upkeep
|turn|6
|
|t:|1707237713
|move|p1a: Excadrill|Stealth Rock|p2a: Magnezone
|-sidestart|p2: SK8HEAD|move: Stealth Rock
|move|p2a: Magnezone|Flash Cannon|p1a: Excadrill
|-resisted|p1a: Excadrill
|-damage|p1a: Excadrill|10/100
|
|-weather|SunnyDay|[upkeep]
|upkeep
|turn|7
|
|t:|1707237717
|move|p1a: Excadrill|Earthquake|p2a: Magnezone
|-supereffective|p2a: Magnezone
|-damage|p2a: Magnezone|0 fnt
|faint|p2a: Magnezone
|
|-weather|SunnyDay|[upkeep]
|upkeep
|
|t:|1707237722
|switch|p2a: Salamence|Salamence, M|100/100
|-damage|p2a: Salamence|76/100|[from] Stealth Rock
|turn|8
|
|t:|1707237726
|move|p2a: Salamence|Earthquake|p1a: Excadrill
|-supereffective|p1a: Excadrill
|-damage|p1a: Excadrill|0 fnt
|faint|p1a: Excadrill
|-ability|p2a: Salamence|Moxie|boost
|-boost|p2a: Salamence|atk|1
|
|-weather|SunnyDay|[upkeep]
|upkeep
|
|t:|1707237730
|switch|p1a: Latios|Latios, M|100/100
|turn|9
|
|t:|1707237740
|move|p2a: Salamence|Earthquake|p1a: Latios
|-immune|p1a: Latios|[from] ability: Levitate
|move|p1a: Latios|Draco Meteor|p2a: Salamence
|-supereffective|p2a: Salamence
|-damage|p2a: Salamence|0 fnt
|-unboost|p1a: Latios|spa|2
|faint|p2a: Salamence
|
|-weather|SunnyDay|[upkeep]
|upkeep
|
|t:|1707237745
|switch|p2a: Scizor|Scizor, F|100/100
|-damage|p2a: Scizor|88/100|[from] Stealth Rock
|turn|10
|
|t:|1707237750
|switch|p1a: Victini|Victini|100/100
|move|p2a: Scizor|U-turn|p1a: Victini
|-damage|p1a: Victini|40/100
|
|t:|1707237755
|switch|p2a: Latios|Latios, M|100/100|[from] U-turn
|-damage|p2a: Latios|88/100|[from] Stealth Rock
|
|-weather|SunnyDay|[upkeep]
|upkeep
|turn|11
|inactive|SK8HEAD has 120 seconds left.
|
|t:|1707237808
|switch|p1a: Magnezone|Magnezone|100/100
|move|p2a: Latios|Surf|p1a: Magnezone
|-damage|p1a: Magnezone|72/100
|
|-weather|SunnyDay|[upkeep]
|-heal|p1a: Magnezone|78/100|[from] item: Leftovers
|upkeep
|turn|12
|
|t:|1707237815
|switch|p2a: Kyurem|Kyurem-Black|100/100
|-damage|p2a: Kyurem|76/100|[from] Stealth Rock
|-ability|p2a: Kyurem|Teravolt
|move|p1a: Magnezone|Substitute|p1a: Magnezone
|-start|p1a: Magnezone|Substitute
|-damage|p1a: Magnezone|53/100
|
|-weather|SunnyDay|[upkeep]
|-heal|p1a: Magnezone|60/100|[from] item: Leftovers
|upkeep
|turn|13
|
|t:|1707237822
|move|p2a: Kyurem|Outrage|p1a: Magnezone
|-resisted|p1a: Magnezone
|-end|p1a: Magnezone|Substitute
|move|p1a: Magnezone|Flash Cannon|p2a: Kyurem
|-supereffective|p2a: Kyurem
|-damage|p2a: Kyurem|0 fnt
|faint|p2a: Kyurem
|
|-weather|SunnyDay|[upkeep]
|-heal|p1a: Magnezone|66/100|[from] item: Leftovers
|upkeep
|
|t:|1707237827
|switch|p2a: Latios|Latios, M|88/100
|-damage|p2a: Latios|76/100|[from] Stealth Rock
|turn|14
|
|t:|1707237830
|move|p2a: Latios|Hidden Power|p1a: Magnezone
|-supereffective|p1a: Magnezone
|-damage|p1a: Magnezone|0 fnt
|faint|p1a: Magnezone
|
|-weather|SunnyDay|[upkeep]
|upkeep
|
|t:|1707237838
|switch|p1a: Latios|Latios, M|100/100
|turn|15
|inactive|SK8HEAD has 120 seconds left.
|
|t:|1707237882
|move|p1a: Latios|Draco Meteor|p2a: Latios
|-supereffective|p2a: Latios
|-damage|p2a: Latios|0 fnt
|-unboost|p1a: Latios|spa|2
|faint|p2a: Latios
|
|-weather|SunnyDay|[upkeep]
|upkeep
|
|t:|1707237885
|switch|p2a: Scizor|Scizor, F|88/100
|-damage|p2a: Scizor|76/100|[from] Stealth Rock
|turn|16
|
|t:|1707237892
|switch|p1a: Starmie|Starmie|100/100
|move|p2a: Scizor|Bullet Punch|p1a: Starmie
|-resisted|p1a: Starmie
|-damage|p1a: Starmie|61/100
|
|-weather|SunnyDay|[upkeep]
|upkeep
|turn|17
|
|t:|1707237896
|move|p2a: Scizor|Bullet Punch|p1a: Starmie
|-resisted|p1a: Starmie
|-damage|p1a: Starmie|22/100
|move|p1a: Starmie|Hydro Pump|p2a: Scizor
|-crit|p2a: Scizor
|-damage|p2a: Scizor|0 fnt
|faint|p2a: Scizor
|-damage|p1a: Starmie|12/100|[from] item: Life Orb
|
|win|sidis
|raw|sidis's rating: 1480 &rarr; <strong>1492</strong><br />(+12 for winning)
|raw|SK8HEAD's rating: 1338 &rarr; <strong>1326</strong><br />(-12 for losing)
