|j|☆sugarhigh
|j|☆ModuloKiwi
|player|p1|sugarhigh|272
|player|p2|ModuloKiwi|106
|teamsize|p1|6
|teamsize|p2|6
|gametype|singles
|gen|5
|tier|[Gen 5] OU
|rated|
|rule|Sleep Clause Mod: Limit one foe put to sleep
|rule|Species Clause: Limit one of each Pokémon
|rule|OHKO Clause: OHKO moves are banned
|rule|Moody Clause: Moody is banned
|rule|Evasion Moves Clause: Evasion moves are banned
|rule|Endless Battle Clause: Forcing endless battles is banned
|rule|HP Percentage Mod: HP is shown in percentages
|rule|Evasion Abilities Clause: Evasion abilities are banned
|rule|Baton Pass Clause: Limit one Baton Passer, can't pass Spe and other stats simultaneously
|rule|Swagger Clause: Swagger is banned
|clearpoke
|poke|p1|Gliscor, M|item
|poke|p1|Donphan, F|item
|poke|p1|Gyarados, M|item
|poke|p1|Chansey, F|item
|poke|p1|Ferrothorn, F|item
|poke|p1|Magnezone|item
|poke|p2|Politoed, M|item
|poke|p2|Jirachi|item
|poke|p2|Ferrothorn, M|item
|poke|p2|Keldeo-Resolute|item
|poke|p2|Breloom, F|item
|poke|p2|Kyurem-Black|item
|teampreview
|c|☆sugarhigh|hf
|
|start
|switch|p1a: Gliscor|Gliscor, M|100/100
|switch|p2a: Politoed|Politoed, M, shiny|100/100
|-weather|RainDance|[from] ability: Drizzle|[of] p2a: Politoed
|turn|1
|c|☆ModuloKiwi|you too
|
|move|p1a: Gliscor|Protect|p1a: Gliscor
|-singleturn|p1a: Gliscor|Protect
|move|p2a: Politoed|Scald|p1a: Gliscor
|-activate|p1a: Gliscor|move: Protect
|
|-weather|RainDance|[upkeep]
|-status|p1a: Gliscor|tox|[from] item: Toxic Orb
|upkeep
|turn|2
|
|switch|p2a: Breloom|Breloom, F|100/100
|switch|p1a: Ferrothorn|Ferrothorn, F|100/100
|
|-weather|RainDance|[upkeep]
|upkeep
|turn|3
|
|switch|p1a: Gliscor|Gliscor, M|100/100 tox
|move|p2a: Breloom|Low Sweep|p1a: Gliscor
|-resisted|p1a: Gliscor
|-damage|p1a: Gliscor|78/100 tox
|-unboost|p1a: Gliscor|spe|1
|-damage|p2a: Breloom|91/100|[from] item: Life Orb
|
|-weather|RainDance|[upkeep]
|-heal|p1a: Gliscor|91/100 tox|[from] ability: Poison Heal
|upkeep
|turn|4
|
|move|p2a: Breloom|Bullet Seed|p1a: Gliscor
|-damage|p1a: Gliscor|72/100 tox
|-crit|p1a: Gliscor
|-damage|p1a: Gliscor|32/100 tox
|-damage|p1a: Gliscor|14/100 tox
|-damage|p1a: Gliscor|0 fnt
|-hitcount|p1a: Gliscor|4
|-damage|p2a: Breloom|81/100|[from] item: Life Orb
|faint|p1a: Gliscor
|
|-weather|RainDance|[upkeep]
|upkeep
|
|switch|p1a: Gyarados|Gyarados, M|100/100
|-ability|p1a: Gyarados|Intimidate|boost
|-unboost|p2a: Breloom|atk|1
|turn|5
|
|switch|p2a: Ferrothorn|Ferrothorn, M|100/100
|switch|p1a: Magnezone|Magnezone|100/100
|
|-weather|RainDance|[upkeep]
|upkeep
|turn|6
|
|move|p1a: Magnezone|Substitute|p1a: Magnezone
|-start|p1a: Magnezone|Substitute
|-damage|p1a: Magnezone|76/100
|move|p2a: Ferrothorn|Leech Seed|p1a: Magnezone|[miss]
|-miss|p2a: Ferrothorn|p1a: Magnezone
|
|-weather|RainDance|[upkeep]
|-heal|p1a: Magnezone|82/100|[from] item: Leftovers
|upkeep
|turn|7
|
|move|p1a: Magnezone|Charge Beam|p2a: Ferrothorn
|-resisted|p2a: Ferrothorn
|-damage|p2a: Ferrothorn|91/100
|-boost|p1a: Magnezone|spa|1
|move|p2a: Ferrothorn|Gyro Ball|p1a: Magnezone
|-resisted|p1a: Magnezone
|-activate|p1a: Magnezone|Substitute|[damage]
|
|-weather|RainDance|[upkeep]
|-heal|p1a: Magnezone|88/100|[from] item: Leftovers
|upkeep
|turn|8
|
|move|p1a: Magnezone|Charge Beam|p2a: Ferrothorn
|-resisted|p2a: Ferrothorn
|-damage|p2a: Ferrothorn|78/100
|-boost|p1a: Magnezone|spa|1
|move|p2a: Ferrothorn|Gyro Ball|p1a: Magnezone
|-resisted|p1a: Magnezone
|-end|p1a: Magnezone|Substitute
|
|-weather|RainDance|[upkeep]
|-heal|p1a: Magnezone|94/100|[from] item: Leftovers
|upkeep
|turn|9
|
|move|p1a: Magnezone|Substitute|p1a: Magnezone
|-start|p1a: Magnezone|Substitute
|-damage|p1a: Magnezone|69/100
|move|p2a: Ferrothorn|Gyro Ball|p1a: Magnezone
|-resisted|p1a: Magnezone
|-activate|p1a: Magnezone|Substitute|[damage]
|
|-weather|RainDance|[upkeep]
|-heal|p1a: Magnezone|75/100|[from] item: Leftovers
|upkeep
|turn|10
|
|move|p1a: Magnezone|Charge Beam|p2a: Ferrothorn
|-resisted|p2a: Ferrothorn
|-damage|p2a: Ferrothorn|58/100
|-boost|p1a: Magnezone|spa|1
|move|p2a: Ferrothorn|Power Whip|p1a: Magnezone|[miss]
|-miss|p2a: Ferrothorn|p1a: Magnezone
|
|-weather|RainDance|[upkeep]
|-heal|p1a: Magnezone|81/100|[from] item: Leftovers
|upkeep
|turn|11
|
|move|p1a: Magnezone|Charge Beam|p2a: Ferrothorn
|-resisted|p2a: Ferrothorn
|-damage|p2a: Ferrothorn|33/100
|move|p2a: Ferrothorn|Gyro Ball|p1a: Magnezone
|-resisted|p1a: Magnezone
|-end|p1a: Magnezone|Substitute
|
|-weather|RainDance|[upkeep]
|-heal|p1a: Magnezone|87/100|[from] item: Leftovers
|upkeep
|turn|12
|j| bohn bena
|
|move|p1a: Magnezone|Substitute|p1a: Magnezone
|-start|p1a: Magnezone|Substitute
|-damage|p1a: Magnezone|62/100
|move|p2a: Ferrothorn|Stealth Rock|p1a: Magnezone
|-sidestart|p1: sugarhigh|move: Stealth Rock
|
|-weather|RainDance|[upkeep]
|-heal|p1a: Magnezone|68/100|[from] item: Leftovers
|upkeep
|turn|13
|
|move|p1a: Magnezone|Hidden Power|p2a: Ferrothorn
|-damage|p2a: Ferrothorn|0 fnt
|faint|p2a: Ferrothorn
|
|-weather|RainDance|[upkeep]
|-heal|p1a: Magnezone|74/100|[from] item: Leftovers
|upkeep
|
|switch|p2a: Politoed|Politoed, M, shiny|100/100
|turn|14
|
|move|p2a: Politoed|Scald|p1a: Magnezone
|-end|p1a: Magnezone|Substitute
|move|p1a: Magnezone|Thunderbolt|p2a: Politoed
|-supereffective|p2a: Politoed
|-damage|p2a: Politoed|0 fnt
|faint|p2a: Politoed
|
|-weather|RainDance|[upkeep]
|-heal|p1a: Magnezone|80/100|[from] item: Leftovers
|upkeep
|
|switch|p2a: Keldeo|Keldeo-Resolute|100/100
|turn|15
|c|☆ModuloKiwi|that magnezone is always fun
|
|switch|p1a: Gyarados|Gyarados, M|100/100
|-damage|p1a: Gyarados|76/100|[from] Stealth Rock
|-ability|p1a: Gyarados|Intimidate|boost
|-unboost|p2a: Keldeo|atk|1
|move|p2a: Keldeo|Surf|p1a: Gyarados
|-resisted|p1a: Gyarados
|-damage|p1a: Gyarados|43/100
|
|-weather|RainDance|[upkeep]
|-heal|p1a: Gyarados|49/100|[from] item: Leftovers
|upkeep
|turn|16
|
|move|p2a: Keldeo|Surf|p1a: Gyarados
|-resisted|p1a: Gyarados
|-damage|p1a: Gyarados|17/100
|move|p1a: Gyarados|Waterfall|p2a: Keldeo
|-resisted|p2a: Keldeo
|-damage|p2a: Keldeo|73/100
|
|-weather|RainDance|[upkeep]
|-heal|p1a: Gyarados|23/100|[from] item: Leftovers
|upkeep
|turn|17
|
|switch|p1a: Ferrothorn|Ferrothorn, F|100/100
|-damage|p1a: Ferrothorn|94/100|[from] Stealth Rock
|move|p2a: Keldeo|Surf|p1a: Ferrothorn
|-resisted|p1a: Ferrothorn
|-damage|p1a: Ferrothorn|66/100
|
|-weather|RainDance|[upkeep]
|-heal|p1a: Ferrothorn|72/100|[from] item: Leftovers
|upkeep
|turn|18
|
|switch|p2a: Kyurem|Kyurem-Black|100/100
|-ability|p2a: Kyurem|Teravolt
|move|p1a: Ferrothorn|Spikes|p2a: Kyurem
|-sidestart|p2: ModuloKiwi|Spikes
|
|-weather|RainDance|[upkeep]
|-heal|p1a: Ferrothorn|78/100|[from] item: Leftovers
|upkeep
|turn|19
|
|move|p2a: Kyurem|Freeze Shock|p1a: Ferrothorn|[still]
|-prepare|p2a: Kyurem|Freeze Shock|p1a: Ferrothorn
|-enditem|p2a: Kyurem|Power Herb
|-anim|p2a: Kyurem|Freeze Shock|p1a: Ferrothorn
|-damage|p1a: Ferrothorn|15/100
|move|p1a: Ferrothorn|Spikes|p2a: Kyurem
|-sidestart|p2: ModuloKiwi|Spikes
|
|-weather|RainDance|[upkeep]
|-heal|p1a: Ferrothorn|21/100|[from] item: Leftovers
|upkeep
|turn|20
|
|move|p1a: Ferrothorn|Protect|p1a: Ferrothorn
|-singleturn|p1a: Ferrothorn|Protect
|move|p2a: Kyurem|Outrage|p1a: Ferrothorn
|-activate|p1a: Ferrothorn|move: Protect
|
|-weather|RainDance|[upkeep]
|-heal|p1a: Ferrothorn|27/100|[from] item: Leftovers
|upkeep
|turn|21
|
|switch|p2a: Breloom|Breloom, F|81/100
|-damage|p2a: Breloom|64/100|[from] Spikes
|move|p1a: Ferrothorn|Leech Seed|p2a: Breloom
|-immune|p2a: Breloom|[msg]
|
|-weather|RainDance|[upkeep]
|-heal|p1a: Ferrothorn|34/100|[from] item: Leftovers
|upkeep
|turn|22
|
|move|p2a: Breloom|Spore|p1a: Ferrothorn
|-status|p1a: Ferrothorn|slp
|cant|p1a: Ferrothorn|slp
|
|-weather|RainDance|[upkeep]
|-heal|p1a: Ferrothorn|40/100 slp|[from] item: Leftovers
|upkeep
|turn|23
|
|-curestatus|p1a: Ferrothorn|slp|[msg]
|move|p1a: Ferrothorn|Protect|p1a: Ferrothorn
|-singleturn|p1a: Ferrothorn|Protect
|move|p2a: Breloom|Low Sweep|p1a: Ferrothorn
|-activate|p1a: Ferrothorn|move: Protect
|
|-weather|RainDance|[upkeep]
|-heal|p1a: Ferrothorn|46/100|[from] item: Leftovers
|upkeep
|turn|24
|
|switch|p1a: Donphan|Donphan, F|100/100
|-damage|p1a: Donphan|94/100|[from] Stealth Rock
|move|p2a: Breloom|Spore|p1a: Donphan
|-status|p1a: Donphan|slp
|
|-weather|RainDance|[upkeep]
|-heal|p1a: Donphan|100/100 slp|[from] item: Leftovers
|upkeep
|turn|25
|
|cant|p1a: Donphan|slp
|move|p2a: Breloom|Bullet Seed|p1a: Donphan
|-supereffective|p1a: Donphan
|-damage|p1a: Donphan|73/100 slp
|-supereffective|p1a: Donphan
|-damage|p1a: Donphan|44/100 slp
|-supereffective|p1a: Donphan
|-damage|p1a: Donphan|16/100 slp
|-hitcount|p1a: Donphan|3
|-damage|p2a: Breloom|54/100|[from] item: Life Orb
|
|-weather|RainDance|[upkeep]
|-heal|p1a: Donphan|22/100 slp|[from] item: Leftovers
|upkeep
|turn|26
|
|move|p2a: Breloom|Mach Punch|p1a: Donphan
|-damage|p1a: Donphan|0 fnt
|-damage|p2a: Breloom|44/100|[from] item: Life Orb
|faint|p1a: Donphan
|
|-weather|RainDance|[upkeep]
|upkeep
|c|☆sugarhigh|gg
|c|☆ModuloKiwi|gg
|-message|sugarhigh forfeited.
|
|win|ModuloKiwi
|l| bohn bena
|raw|sugarhigh's rating: 1405 &rarr; <strong>1385</strong><br />(-20 for losing)
|raw|ModuloKiwi's rating: 1408 &rarr; <strong>1428</strong><br />(+20 for winning)
|l|☆sugarhigh
