|j|☆HydreigonSpammer
|j|‽putakokookok
|t:|1734788703
|gametype|singles
|player|p1|HydreigonSpammer|veteranf|1439
|player|p2|putakokookok|lucas|1490
|teamsize|p1|6
|teamsize|p2|6
|gen|5
|tier|[Gen 5] OU
|rated|
|rule|Species Clause: Limit one of each Pokémon
|rule|OHKO Clause: OHKO moves are banned
|rule|Moody Clause: Moody is banned
|rule|Evasion Items Clause: Evasion items are banned
|rule|Evasion Moves Clause: Evasion moves are banned
|rule|Endless Battle Clause: Forcing endless battles is banned
|rule|HP Percentage Mod: HP is shown in percentages
|rule|Evasion Abilities Clause: Evasion abilities are banned
|rule|Sleep Moves Clause: Sleep-inducing moves are banned
|rule|Swagger Clause: Swagger is banned
|rule|Baton Pass Stat Clause: No Baton Passer may have a way to boost its stats
|clearpoke
|poke|p1|Tyranitar, F|item
|poke|p1|Hydreigon, F|item
|poke|p1|Latios, M|item
|poke|p1|Alakazam, M|item
|poke|p1|Ferrothorn, M|item
|poke|p1|Garchomp, M|item
|poke|p2|Azelf|item
|poke|p2|Volcarona, M|item
|poke|p2|Garchomp, F|item
|poke|p2|Dragonite, M|item
|poke|p2|Scizor, F|item
|poke|p2|Starmie|item
|teampreview
|
|t:|1734788718
|start
|switch|p1a: Tyranitar|Tyranitar, F|100/100
|switch|p2a: Azelf|Azelf|100/100
|-weather|Sandstorm|[from] ability: Sand Stream|[of] p1a: Tyranitar
|turn|1
|
|t:|1734788721
|move|p2a: Azelf|Stealth Rock|p1a: Tyranitar
|-sidestart|p1: HydreigonSpammer|move: Stealth Rock
|move|p1a: Tyranitar|Crunch|p2a: Azelf
|-supereffective|p2a: Azelf
|-enditem|p2a: Azelf|Focus Sash
|-damage|p2a: Azelf|1/100
|-unboost|p2a: Azelf|def|1
|
|-weather|Sandstorm|[upkeep]
|-damage|p2a: Azelf|0 fnt|[from] Sandstorm
|faint|p2a: Azelf
|upkeep
|
|t:|1734788726
|switch|p2a: Scizor|Scizor, F|100/100
|turn|2
|inactive|Battle timer is ON: inactive players will automatically lose when time's up. (requested by putakokookok)
|
|t:|1734788744
|switch|p1a: Ferrothorn|Ferrothorn, M|100/100
|-damage|p1a: Ferrothorn|94/100|[from] Stealth Rock
|move|p2a: Scizor|U-turn|p1a: Ferrothorn
|-damage|p1a: Ferrothorn|71/100
|-damage|p2a: Scizor|88/100|[from] ability: Iron Barbs|[of] p1a: Ferrothorn
|
|t:|1734788753
|switch|p2a: Garchomp|Garchomp, F|100/100|[from] U-turn
|
|-weather|Sandstorm|[upkeep]
|upkeep
|turn|3
|
|t:|1734788773
|move|p2a: Garchomp|Swords Dance|p2a: Garchomp
|-boost|p2a: Garchomp|atk|2
|move|p1a: Ferrothorn|Stealth Rock|p2a: Garchomp
|-sidestart|p2: putakokookok|move: Stealth Rock
|
|-weather|Sandstorm|[upkeep]
|upkeep
|turn|4
|
|t:|1734788784
|move|p2a: Garchomp|Earthquake|p1a: Ferrothorn
|-damage|p1a: Ferrothorn|0 fnt
|faint|p1a: Ferrothorn
|
|-weather|Sandstorm|[upkeep]
|upkeep
|j| Blaise BWOU
|
|t:|1734788795
|switch|p1a: Alakazam|Alakazam, M|100/100
|turn|5
|
|t:|1734788799
|move|p1a: Alakazam|Hidden Power|p2a: Garchomp
|-supereffective|p2a: Garchomp
|-enditem|p2a: Garchomp|Focus Sash
|-damage|p2a: Garchomp|1/100
|move|p2a: Garchomp|Earthquake|p1a: Alakazam
|-crit|p1a: Alakazam
|-enditem|p1a: Alakazam|Focus Sash
|-damage|p1a: Alakazam|1/100
|
|-weather|Sandstorm|[upkeep]
|upkeep
|turn|6
|
|t:|1734788809
|move|p1a: Alakazam|Signal Beam|p2a: Garchomp
|-damage|p2a: Garchomp|0 fnt
|faint|p2a: Garchomp
|
|-weather|Sandstorm|[upkeep]
|upkeep
|
|t:|1734788812
|switch|p2a: Scizor|Scizor, F|88/100
|-damage|p2a: Scizor|75/100|[from] Stealth Rock
|turn|7
|
|t:|1734788815
|move|p1a: Alakazam|Focus Blast|p2a: Scizor|[miss]
|-miss|p1a: Alakazam|p2a: Scizor
|move|p2a: Scizor|U-turn|p1a: Alakazam
|-supereffective|p1a: Alakazam
|-damage|p1a: Alakazam|0 fnt
|faint|p1a: Alakazam
|
|t:|1734788819
|switch|p2a: Starmie|Starmie|100/100|[from] U-turn
|-damage|p2a: Starmie|88/100|[from] Stealth Rock
|-item|p2a: Starmie|Air Balloon
|
|-weather|Sandstorm|[upkeep]
|-damage|p2a: Starmie|82/100|[from] Sandstorm
|upkeep
|inactive|HydreigonSpammer has 120 seconds left.
|
|t:|1734788873
|switch|p1a: Latios|Latios, M|100/100
|-damage|p1a: Latios|88/100|[from] Stealth Rock
|turn|8
|
|t:|1734788879
|move|p1a: Latios|Draco Meteor|p2a: Starmie
|-damage|p2a: Starmie|0 fnt
|-unboost|p1a: Latios|spa|2
|-enditem|p2a: Starmie|Air Balloon
|faint|p2a: Starmie
|
|-weather|Sandstorm|[upkeep]
|-damage|p1a: Latios|82/100|[from] Sandstorm
|upkeep
|
|t:|1734788884
|switch|p2a: Scizor|Scizor, F|75/100
|-damage|p2a: Scizor|63/100|[from] Stealth Rock
|turn|9
|inactive|HydreigonSpammer has 120 seconds left.
|
|t:|1734788898
|move|p1a: Latios|Draco Meteor|p2a: Scizor
|-resisted|p2a: Scizor
|-damage|p2a: Scizor|42/100
|-unboost|p1a: Latios|spa|2
|move|p2a: Scizor|U-turn|p1a: Latios
|-supereffective|p1a: Latios
|-damage|p1a: Latios|6/100
|
|t:|1734788908
|switch|p2a: Volcarona|Volcarona, M|100/100|[from] U-turn
|-damage|p2a: Volcarona|51/100|[from] Stealth Rock
|
|-weather|Sandstorm|[upkeep]
|-damage|p1a: Latios|0 fnt|[from] Sandstorm
|-damage|p2a: Volcarona|45/100|[from] Sandstorm
|faint|p1a: Latios
|upkeep
|inactive|HydreigonSpammer has 120 seconds left.
|
|t:|1734788915
|switch|p1a: Garchomp|Garchomp, M|100/100
|-damage|p1a: Garchomp|94/100|[from] Stealth Rock
|turn|10
|
|t:|1734788919
|move|p1a: Garchomp|Earthquake|p2a: Volcarona
|-damage|p2a: Volcarona|0 fnt
|faint|p2a: Volcarona
|
|-weather|Sandstorm|[upkeep]
|upkeep
|
|t:|1734788922
|switch|p2a: Dragonite|Dragonite, M|100/100
|-damage|p2a: Dragonite|76/100|[from] Stealth Rock
|turn|11
|
|t:|1734788932
|move|p1a: Garchomp|Hidden Power|p2a: Dragonite
|-supereffective|p2a: Dragonite
|-damage|p2a: Dragonite|3/100
|move|p2a: Dragonite|Dragon Dance|p2a: Dragonite
|-boost|p2a: Dragonite|atk|1
|-boost|p2a: Dragonite|spe|1
|
|-weather|Sandstorm|[upkeep]
|-damage|p2a: Dragonite|0 fnt|[from] Sandstorm
|faint|p2a: Dragonite
|upkeep
|-message|putakokookok forfeited.
|
|win|HydreigonSpammer
|raw|HydreigonSpammer's rating: 1439 &rarr; <strong>1462</strong><br />(+23 for winning)
|raw|putakokookok's rating: 1490 &rarr; <strong>1467</strong><br />(-23 for losing)
|l|‽putakokookok
|player|p2|
