|badge|p1|bronze|gen9ou|100-2
|uhtml|medal-msg|<div class="broadcast-blue">Curious what those medals under the avatar are? PS now has Ladder Seasons! For more information, check out the <a href="https://www.smogon.com/forums/threads/3740067/">thread on Smogon.</a></div>
|j|☆Shinjou Akane
|j|☆happy_hitbox
|t:|1726761335
|gametype|singles
|player|p1|Shinjou Akane|lass-gen6oras|1281
|player|p2|happy_hitbox|170|1431
|teamsize|p1|6
|teamsize|p2|6
|gen|5
|tier|[Gen 5] OU
|rated|
|rule|Species Clause: Limit one of each Pokémon
|rule|OHKO Clause: OHKO moves are banned
|rule|Moody Clause: Moody is banned
|rule|Evasion Items Clause: Evasion items are banned
|rule|Evasion Moves Clause: Evasion moves are banned
|rule|Endless Battle Clause: Forcing endless battles is banned
|rule|HP Percentage Mod: HP is shown in percentages
|rule|Evasion Abilities Clause: Evasion abilities are banned
|rule|Sleep Moves Clause: Sleep-inducing moves are banned
|rule|Swagger Clause: Swagger is banned
|rule|Baton Pass Stat Clause: No Baton Passer may have a way to boost its stats
|clearpoke
|poke|p1|Tyranitar, M|item
|poke|p1|Landorus-Therian, M|item
|poke|p1|Excadrill, M|item
|poke|p1|Garchomp, F|item
|poke|p1|Celebi|item
|poke|p1|Rotom-Wash|item
|poke|p2|Jirachi|item
|poke|p2|Seismitoad, M|item
|poke|p2|Politoed, F|item
|poke|p2|Forretress, F|item
|poke|p2|Breloom, F|item
|poke|p2|Volcarona, M|item
|teampreview
|inactive|Battle timer is ON: inactive players will automatically lose when time's up. (requested by happy_hitbox)
|
|t:|1726761350
|start
|switch|p1a: Celebi|Celebi|100/100
|switch|p2a: Volcarona|Volcarona, M|100/100
|turn|1
|
|t:|1726761357
|switch|p1a: Garchomp|Garchomp, F|100/100
|move|p2a: Volcarona|Bug Buzz|p1a: Garchomp
|-damage|p1a: Garchomp|40/100
|
|upkeep
|turn|2
|
|t:|1726761363
|switch|p2a: Forretress|Forretress, F|100/100
|move|p1a: Garchomp|Stealth Rock|p2a: Forretress
|-sidestart|p2: happy_hitbox|move: Stealth Rock
|
|upkeep
|turn|3
|
|t:|1726761370
|switch|p1a: Rotom|Rotom-Wash|100/100
|move|p2a: Forretress|Hidden Power|p1a: Rotom
|-resisted|p1a: Rotom
|-damage|p1a: Rotom|95/100
|
|-heal|p1a: Rotom|100/100|[from] item: Leftovers
|upkeep
|turn|4
|
|t:|1726761373
|switch|p2a: Seismitoad|Seismitoad, M|100/100
|-damage|p2a: Seismitoad|94/100|[from] Stealth Rock
|move|p1a: Rotom|Will-O-Wisp|p2a: Seismitoad|[miss]
|-miss|p1a: Rotom|p2a: Seismitoad
|
|-heal|p2a: Seismitoad|100/100|[from] item: Leftovers
|upkeep
|turn|5
|
|t:|1726761379
|move|p1a: Rotom|Will-O-Wisp|p2a: Seismitoad
|-status|p2a: Seismitoad|brn
|move|p2a: Seismitoad|Stealth Rock|p1a: Rotom
|-sidestart|p1: Shinjou Akane|move: Stealth Rock
|
|-damage|p2a: Seismitoad|88/100 brn|[from] brn
|upkeep
|turn|6
|
|t:|1726761387
|switch|p1a: Celebi|Celebi|100/100
|-damage|p1a: Celebi|88/100|[from] Stealth Rock
|move|p2a: Seismitoad|Refresh|p2a: Seismitoad
|-curestatus|p2a: Seismitoad|brn|[msg]
|
|-heal|p1a: Celebi|94/100|[from] item: Leftovers
|-heal|p2a: Seismitoad|94/100|[from] item: Leftovers
|upkeep
|turn|7
|
|t:|1726761390
|switch|p2a: Forretress|Forretress, F|100/100
|-damage|p2a: Forretress|88/100|[from] Stealth Rock
|move|p1a: Celebi|Psychic|p2a: Forretress
|-resisted|p2a: Forretress
|-damage|p2a: Forretress|67/100
|
|-heal|p1a: Celebi|100/100|[from] item: Leftovers
|-heal|p2a: Forretress|74/100|[from] item: Leftovers
|upkeep
|turn|8
|
|t:|1726761393
|move|p1a: Celebi|Baton Pass|p1a: Celebi
|
|t:|1726761396
|switch|p1a: Excadrill|Excadrill, M|100/100|[from] Baton Pass
|-damage|p1a: Excadrill|98/100|[from] Stealth Rock
|move|p2a: Forretress|Rapid Spin|p1a: Excadrill
|-resisted|p1a: Excadrill
|-damage|p1a: Excadrill|95/100
|-sideend|p2: happy_hitbox|Stealth Rock|[from] move: Rapid Spin|[of] p2a: Forretress
|
|-heal|p1a: Excadrill|100/100|[from] item: Leftovers
|-heal|p2a: Forretress|80/100|[from] item: Leftovers
|upkeep
|turn|9
|
|t:|1726761402
|switch|p2a: Breloom|Breloom, F|100/100
|move|p1a: Excadrill|Rapid Spin|p2a: Breloom
|-damage|p2a: Breloom|89/100
|-sideend|p1: Shinjou Akane|Stealth Rock|[from] move: Rapid Spin|[of] p1a: Excadrill
|
|upkeep
|turn|10
|
|t:|1726761408
|switch|p1a: Celebi|Celebi|100/100
|move|p2a: Breloom|Bullet Seed|p1a: Celebi
|-resisted|p1a: Celebi
|-damage|p1a: Celebi|92/100
|-resisted|p1a: Celebi
|-damage|p1a: Celebi|83/100
|-resisted|p1a: Celebi
|-damage|p1a: Celebi|75/100
|-resisted|p1a: Celebi
|-damage|p1a: Celebi|67/100
|-resisted|p1a: Celebi
|-damage|p1a: Celebi|59/100
|-hitcount|p1a: Celebi|5
|
|-heal|p1a: Celebi|65/100|[from] item: Leftovers
|upkeep
|turn|11
|
|t:|1726761423
|switch|p2a: Jirachi|Jirachi|100/100
|move|p1a: Celebi|Recover|p1a: Celebi
|-heal|p1a: Celebi|100/100
|
|upkeep
|turn|12
|
|t:|1726761430
|switch|p1a: Landorus|Landorus-Therian, M|100/100
|-ability|p1a: Landorus|Intimidate|boost
|-unboost|p2a: Jirachi|atk|1
|move|p2a: Jirachi|U-turn|p1a: Landorus
|-resisted|p1a: Landorus
|-damage|p1a: Landorus|95/100
|
|t:|1726761437
|switch|p2a: Politoed|Politoed, F|100/100|[from] U-turn
|-weather|RainDance|[from] ability: Drizzle|[of] p2a: Politoed
|
|-weather|RainDance|[upkeep]
|-heal|p1a: Landorus|100/100|[from] item: Leftovers
|upkeep
|turn|13
|
|t:|1726761442
|switch|p1a: Rotom|Rotom-Wash|100/100
|move|p2a: Politoed|Ice Beam|p1a: Rotom
|-resisted|p1a: Rotom
|-damage|p1a: Rotom|80/100
|
|-weather|RainDance|[upkeep]
|-heal|p1a: Rotom|86/100|[from] item: Leftovers
|upkeep
|turn|14
|
|t:|1726761444
|switch|p2a: Seismitoad|Seismitoad, M|94/100
|move|p1a: Rotom|Will-O-Wisp|p2a: Seismitoad|[miss]
|-miss|p1a: Rotom|p2a: Seismitoad
|
|-weather|RainDance|[upkeep]
|-heal|p1a: Rotom|92/100|[from] item: Leftovers
|-heal|p2a: Seismitoad|99/100|[from] item: Leftovers
|upkeep
|turn|15
|
|t:|1726761450
|switch|p1a: Celebi|Celebi|100/100
|move|p2a: Seismitoad|Stealth Rock|p1a: Celebi
|-sidestart|p1: Shinjou Akane|move: Stealth Rock
|
|-weather|RainDance|[upkeep]
|-heal|p2a: Seismitoad|100/100|[from] item: Leftovers
|upkeep
|turn|16
|
|t:|1726761453
|switch|p2a: Volcarona|Volcarona, M|100/100
|move|p1a: Celebi|Stealth Rock|p2a: Volcarona
|-sidestart|p2: happy_hitbox|move: Stealth Rock
|
|-weather|RainDance|[upkeep]
|upkeep
|turn|17
|
|t:|1726761464
|switch|p1a: Excadrill|Excadrill, M|100/100
|-damage|p1a: Excadrill|98/100|[from] Stealth Rock
|move|p2a: Volcarona|Quiver Dance|p2a: Volcarona
|-boost|p2a: Volcarona|spa|1
|-boost|p2a: Volcarona|spd|1
|-boost|p2a: Volcarona|spe|1
|
|-weather|RainDance|[upkeep]
|-heal|p1a: Excadrill|100/100|[from] item: Leftovers
|upkeep
|turn|18
|inactive|happy_hitbox has 120 seconds left.
|inactive|happy_hitbox has 90 seconds left.
|
|t:|1726761543
|switch|p2a: Forretress|Forretress, F|80/100
|-damage|p2a: Forretress|67/100|[from] Stealth Rock
|move|p1a: Excadrill|Rapid Spin|p2a: Forretress
|-resisted|p2a: Forretress
|-damage|p2a: Forretress|65/100
|-sideend|p1: Shinjou Akane|Stealth Rock|[from] move: Rapid Spin|[of] p1a: Excadrill
|
|-weather|RainDance|[upkeep]
|-heal|p2a: Forretress|72/100|[from] item: Leftovers
|upkeep
|turn|19
|
|t:|1726761548
|move|p1a: Excadrill|Swords Dance|p1a: Excadrill
|-boost|p1a: Excadrill|atk|2
|move|p2a: Forretress|Pain Split|p1a: Excadrill
|-sethp|p1a: Excadrill|85/100|[from] move: Pain Split|[silent]
|-sethp|p2a: Forretress|88/100|[from] move: Pain Split
|
|-weather|RainDance|[upkeep]
|-heal|p1a: Excadrill|91/100|[from] item: Leftovers
|-heal|p2a: Forretress|94/100|[from] item: Leftovers
|upkeep
|turn|20
|
|t:|1726761553
|move|p1a: Excadrill|Earthquake|p2a: Forretress
|-damage|p2a: Forretress|33/100
|move|p2a: Forretress|Rapid Spin|p1a: Excadrill
|-resisted|p1a: Excadrill
|-damage|p1a: Excadrill|88/100
|-sideend|p2: happy_hitbox|Stealth Rock|[from] move: Rapid Spin|[of] p2a: Forretress
|
|-weather|RainDance|[upkeep]
|-heal|p1a: Excadrill|95/100|[from] item: Leftovers
|-heal|p2a: Forretress|39/100|[from] item: Leftovers
|upkeep
|turn|21
|inactive|happy_hitbox has 90 seconds left.
|
|t:|1726761587
|switch|p2a: Politoed|Politoed, F|100/100
|move|p1a: Excadrill|Earthquake|p2a: Politoed
|-damage|p2a: Politoed|0 fnt
|faint|p2a: Politoed
|
|-weather|RainDance|[upkeep]
|-heal|p1a: Excadrill|100/100|[from] item: Leftovers
|upkeep
|
|t:|1726761589
|switch|p2a: Breloom|Breloom, F|89/100
|turn|22
|
|t:|1726761596
|switch|p1a: Celebi|Celebi|100/100
|move|p2a: Breloom|Mach Punch|p1a: Celebi
|-resisted|p1a: Celebi
|-damage|p1a: Celebi|86/100
|
|-weather|RainDance|[upkeep]
|-heal|p1a: Celebi|92/100|[from] item: Leftovers
|upkeep
|turn|23
|
|t:|1726761601
|switch|p2a: Volcarona|Volcarona, M|100/100
|move|p1a: Celebi|Stealth Rock|p2a: Volcarona
|-sidestart|p2: happy_hitbox|move: Stealth Rock
|
|-weather|RainDance|[upkeep]
|-heal|p1a: Celebi|98/100|[from] item: Leftovers
|upkeep
|turn|24
|
|t:|1726761609
|switch|p1a: Landorus|Landorus-Therian, M|100/100
|-ability|p1a: Landorus|Intimidate|boost
|-unboost|p2a: Volcarona|atk|1
|move|p2a: Volcarona|Flamethrower|p1a: Landorus
|-damage|p1a: Landorus|66/100
|
|-weather|RainDance|[upkeep]
|-heal|p1a: Landorus|72/100|[from] item: Leftovers
|upkeep
|turn|25
|
|t:|1726761614
|switch|p2a: Seismitoad|Seismitoad, M|100/100
|-damage|p2a: Seismitoad|94/100|[from] Stealth Rock
|move|p1a: Landorus|Substitute|p1a: Landorus
|-start|p1a: Landorus|Substitute
|-damage|p1a: Landorus|48/100
|
|-weather|RainDance|[upkeep]
|-heal|p1a: Landorus|53/100|[from] item: Leftovers
|-heal|p2a: Seismitoad|100/100|[from] item: Leftovers
|upkeep
|turn|26
|
|t:|1726761617
|move|p1a: Landorus|Earthquake|p2a: Seismitoad
|-damage|p2a: Seismitoad|62/100
|move|p2a: Seismitoad|Scald|p1a: Landorus
|-supereffective|p1a: Landorus
|-end|p1a: Landorus|Substitute
|
|-weather|RainDance|[upkeep]
|-heal|p1a: Landorus|59/100|[from] item: Leftovers
|-heal|p2a: Seismitoad|69/100|[from] item: Leftovers
|upkeep
|turn|27
|
|t:|1726761622
|switch|p1a: Celebi|Celebi|98/100
|move|p2a: Seismitoad|Scald|p1a: Celebi
|-resisted|p1a: Celebi
|-damage|p1a: Celebi|86/100
|-status|p1a: Celebi|brn
|
|-weather|RainDance|[upkeep]
|-heal|p1a: Celebi|92/100 brn|[from] item: Leftovers
|-heal|p2a: Seismitoad|75/100|[from] item: Leftovers
|-damage|p1a: Celebi|80/100 brn|[from] brn
|upkeep
|turn|28
|
|t:|1726761627
|switch|p2a: Jirachi|Jirachi|100/100
|-damage|p2a: Jirachi|94/100|[from] Stealth Rock
|move|p1a: Celebi|Psychic|p2a: Jirachi
|-resisted|p2a: Jirachi
|-damage|p2a: Jirachi|89/100
|-unboost|p2a: Jirachi|spd|1
|
|-weather|RainDance|[upkeep]
|-heal|p1a: Celebi|86/100 brn|[from] item: Leftovers
|-heal|p2a: Jirachi|96/100|[from] item: Leftovers
|-damage|p1a: Celebi|74/100 brn|[from] brn
|upkeep
|turn|29
|
|t:|1726761630
|-curestatus|p1a: Celebi|brn|[from] ability: Natural Cure
|switch|p1a: Excadrill|Excadrill, M|100/100
|move|p2a: Jirachi|Wish|p2a: Jirachi
|
|-weather|RainDance|[upkeep]
|-heal|p2a: Jirachi|100/100|[from] item: Leftovers
|upkeep
|turn|30
|
|t:|1726761636
|switch|p2a: Breloom|Breloom, F|89/100
|-damage|p2a: Breloom|82/100|[from] Stealth Rock
|move|p1a: Excadrill|Swords Dance|p1a: Excadrill
|-boost|p1a: Excadrill|atk|2
|
|-weather|RainDance|[upkeep]
|-heal|p2a: Breloom|100/100|[from] move: Wish|[wisher] Jirachi
|upkeep
|turn|31
|
|t:|1726761651
|move|p2a: Breloom|Mach Punch|p1a: Excadrill
|-supereffective|p1a: Excadrill
|-damage|p1a: Excadrill|4/100
|move|p1a: Excadrill|Iron Head|p2a: Breloom
|-damage|p2a: Breloom|0 fnt
|faint|p2a: Breloom
|
|-weather|RainDance|[upkeep]
|-heal|p1a: Excadrill|10/100|[from] item: Leftovers
|upkeep
|
|t:|1726761659
|switch|p2a: Volcarona|Volcarona, M|100/100
|-damage|p2a: Volcarona|51/100|[from] Stealth Rock
|turn|32
|
|t:|1726761680
|switch|p1a: Landorus|Landorus-Therian, M|59/100
|-ability|p1a: Landorus|Intimidate|boost
|-unboost|p2a: Volcarona|atk|1
|move|p2a: Volcarona|Bug Buzz|p1a: Landorus
|-resisted|p1a: Landorus
|-damage|p1a: Landorus|16/100
|
|-weather|RainDance|[upkeep]
|-heal|p1a: Landorus|22/100|[from] item: Leftovers
|upkeep
|turn|33
|
|t:|1726761686
|switch|p2a: Seismitoad|Seismitoad, M|75/100
|-damage|p2a: Seismitoad|69/100|[from] Stealth Rock
|move|p1a: Landorus|Earthquake|p2a: Seismitoad
|-damage|p2a: Seismitoad|29/100
|
|-weather|RainDance|[upkeep]
|-heal|p1a: Landorus|28/100|[from] item: Leftovers
|-heal|p2a: Seismitoad|35/100|[from] item: Leftovers
|upkeep
|turn|34
|
|t:|1726761692
|move|p1a: Landorus|Earthquake|p2a: Seismitoad
|-damage|p2a: Seismitoad|0 fnt
|faint|p2a: Seismitoad
|
|-weather|RainDance|[upkeep]
|-heal|p1a: Landorus|34/100|[from] item: Leftovers
|upkeep
|
|t:|1726761700
|switch|p2a: Volcarona|Volcarona, M|51/100
|-damage|p2a: Volcarona|1/100|[from] Stealth Rock
|turn|35
|
|t:|1726761707
|switch|p1a: Tyranitar|Tyranitar, M|100/100
|-weather|Sandstorm|[from] ability: Sand Stream|[of] p1a: Tyranitar
|move|p2a: Volcarona|Hurricane|p1a: Tyranitar|[miss]
|-miss|p2a: Volcarona|p1a: Tyranitar
|
|-weather|Sandstorm|[upkeep]
|-damage|p2a: Volcarona|0 fnt|[from] Sandstorm
|faint|p2a: Volcarona
|upkeep
|-message|happy_hitbox forfeited.
|
|win|Shinjou Akane
|raw|Shinjou Akane's rating: 1281 &rarr; <strong>1316</strong><br />(+35 for winning)
|raw|happy_hitbox's rating: 1431 &rarr; <strong>1403</strong><br />(-28 for losing)
|l|☆happy_hitbox
|player|p2|
