|j|☆Spritzalcianuro96
|j|☆Cherbou
|player|p1|Spritzalcianuro96|n|1499
|player|p2|Cherbou|92|1393
|teamsize|p1|6
|teamsize|p2|6
|gametype|singles
|gen|5
|tier|[Gen 5] OU
|rated|
|rule|Sleep Clause Mod: Limit one foe put to sleep
|rule|Species Clause: Limit one of each Pokémon
|rule|OHKO Clause: OHKO moves are banned
|rule|Moody Clause: Moody is banned
|rule|Evasion Moves Clause: Evasion moves are banned
|rule|Endless Battle Clause: Forcing endless battles is banned
|rule|HP Percentage Mod: HP is shown in percentages
|rule|Evasion Abilities Clause: Evasion abilities are banned
|rule|Baton Pass Clause: Limit one Baton Passer, can't pass Spe and other stats simultaneously
|rule|Swagger Clause: Swagger is banned
|clearpoke
|poke|p1|Mamoswine, M|item
|poke|p1|Latios, M|item
|poke|p1|Scizor, F|item
|poke|p1|Kyurem-Black|item
|poke|p1|Salamence, M|item
|poke|p1|Magnezone|item
|poke|p2|Tornadus, M|item
|poke|p2|Politoed, F|item
|poke|p2|Jolteon, M|item
|poke|p2|Ferrothorn, M|item
|poke|p2|Tentacruel, F|item
|poke|p2|Landorus-Therian, M|item
|teampreview
|inactive|Battle timer is ON: inactive players will automatically lose when time's up. (requested by Spritzalcianuro96)
|
|start
|switch|p1a: Mamoswine|Mamoswine, M|100/100
|switch|p2a: Landorus|Landorus-Therian, M, shiny|100/100
|-ability|p2a: Landorus|Intimidate|boost
|-unboost|p1a: Mamoswine|atk|1
|turn|1
|
|move|p2a: Landorus|U-turn|p1a: Mamoswine
|-damage|p1a: Mamoswine|68/100
|
|switch|p2a: Politoed|Politoed, F, shiny|100/100|[from]move: U-turn
|-weather|RainDance|[from] ability: Drizzle|[of] p2a: Politoed
|move|p1a: Mamoswine|Stealth Rock|p2a: Politoed
|-sidestart|p2: Cherbou|move: Stealth Rock
|
|-weather|RainDance|[upkeep]
|upkeep
|turn|2
|
|move|p1a: Mamoswine|Earthquake|p2a: Politoed
|-damage|p2a: Politoed|57/100
|move|p2a: Politoed|Scald|p1a: Mamoswine
|-supereffective|p1a: Mamoswine
|-damage|p1a: Mamoswine|0 fnt
|faint|p1a: Mamoswine
|
|-weather|RainDance|[upkeep]
|upkeep
|
|switch|p1a: Latios|Latios, M|100/100
|turn|3
|
|switch|p2a: Ferrothorn|Ferrothorn, M, shiny|100/100
|-damage|p2a: Ferrothorn|94/100|[from] Stealth Rock
|move|p1a: Latios|Draco Meteor|p2a: Ferrothorn
|-resisted|p2a: Ferrothorn
|-damage|p2a: Ferrothorn|61/100
|-unboost|p1a: Latios|spa|2
|
|-weather|RainDance|[upkeep]
|-heal|p2a: Ferrothorn|68/100|[from] item: Leftovers
|upkeep
|turn|4
|
|switch|p1a: Magnezone|Magnezone|100/100
|switch|p2a: Landorus|Landorus-Therian, M, shiny|100/100
|-damage|p2a: Landorus|88/100|[from] Stealth Rock
|-ability|p2a: Landorus|Intimidate|boost
|-unboost|p1a: Magnezone|atk|1
|
|-weather|RainDance|[upkeep]
|upkeep
|turn|5
|
|switch|p1a: Scizor|Scizor, F|100/100
|move|p2a: Landorus|U-turn|p1a: Scizor
|-resisted|p1a: Scizor
|-damage|p1a: Scizor|87/100
|
|switch|p2a: Tornadus|Tornadus, M, shiny|100/100|[from]move: U-turn
|-damage|p2a: Tornadus|75/100|[from] Stealth Rock
|
|-weather|RainDance|[upkeep]
|upkeep
|turn|6
|
|move|p1a: Scizor|Bullet Punch|p2a: Tornadus
|-damage|p2a: Tornadus|0 fnt
|faint|p2a: Tornadus
|
|-weather|RainDance|[upkeep]
|upkeep
|
|switch|p2a: Tentacruel|Tentacruel, F|100/100
|-damage|p2a: Tentacruel|88/100|[from] Stealth Rock
|turn|7
|
|switch|p1a: Magnezone|Magnezone|100/100
|move|p2a: Tentacruel|Rapid Spin|p1a: Magnezone
|-resisted|p1a: Magnezone
|-damage|p1a: Magnezone|99/100
|-sideend|p2: Cherbou|Stealth Rock|[from] move: Rapid Spin|[of] p2a: Tentacruel
|
|-weather|RainDance|[upkeep]
|-heal|p2a: Tentacruel|94/100|[from] ability: Rain Dish
|-heal|p2a: Tentacruel|99/100|[from] item: Black Sludge
|upkeep
|turn|8
|
|move|p2a: Tentacruel|Protect|p2a: Tentacruel
|-singleturn|p2a: Tentacruel|Protect
|move|p1a: Magnezone|Thunderbolt|p2a: Tentacruel
|-activate|p2a: Tentacruel|move: Protect
|
|-weather|RainDance|[upkeep]
|-heal|p2a: Tentacruel|100/100|[from] ability: Rain Dish
|upkeep
|turn|9
|
|switch|p2a: Jolteon|Jolteon, M|100/100
|switch|p1a: Latios|Latios, M|100/100
|
|-weather|RainDance|[upkeep]
|upkeep
|turn|10
|
|switch|p2a: Ferrothorn|Ferrothorn, M, shiny|68/100
|move|p1a: Latios|Draco Meteor|p2a: Ferrothorn
|-resisted|p2a: Ferrothorn
|-damage|p2a: Ferrothorn|33/100
|-unboost|p1a: Latios|spa|2
|
|-weather|RainDance|[upkeep]
|-heal|p2a: Ferrothorn|40/100|[from] item: Leftovers
|upkeep
|turn|11
|
|switch|p1a: Scizor|Scizor, F|87/100
|switch|p2a: Landorus|Landorus-Therian, M, shiny|88/100
|-ability|p2a: Landorus|Intimidate|boost
|-unboost|p1a: Scizor|atk|1
|
|-weather|RainDance|[upkeep]
|upkeep
|turn|12
|
|move|p2a: Landorus|Stealth Rock|p1a: Scizor
|-sidestart|p1: Spritzalcianuro96|move: Stealth Rock
|move|p1a: Scizor|U-turn|p2a: Landorus
|-resisted|p2a: Landorus
|-crit|p2a: Landorus
|-damage|p2a: Landorus|12/100
|
|switch|p1a: Latios|Latios, M|100/100|[from]move: U-turn
|-damage|p1a: Latios|88/100|[from] Stealth Rock
|
|-weather|RainDance|[upkeep]
|upkeep
|turn|13
|
|switch|p2a: Politoed|Politoed, F, shiny|57/100
|move|p1a: Latios|Psyshock|p2a: Politoed
|-damage|p2a: Politoed|0 fnt
|faint|p2a: Politoed
|
|-weather|RainDance|[upkeep]
|upkeep
|
|switch|p2a: Ferrothorn|Ferrothorn, M, shiny|40/100
|turn|14
|
|switch|p1a: Magnezone|Magnezone|99/100
|-damage|p1a: Magnezone|93/100|[from] Stealth Rock
|move|p2a: Ferrothorn|Thunder Wave|p1a: Magnezone
|-status|p1a: Magnezone|par
|
|-weather|RainDance|[upkeep]
|-heal|p2a: Ferrothorn|46/100|[from] item: Leftovers
|upkeep
|turn|15
|
|move|p1a: Magnezone|Hidden Power|p2a: Ferrothorn
|-supereffective|p2a: Ferrothorn
|-damage|p2a: Ferrothorn|3/100
|move|p2a: Ferrothorn|Leech Seed|p1a: Magnezone
|-start|p1a: Magnezone|move: Leech Seed
|
|-weather|RainDance|[upkeep]
|-heal|p2a: Ferrothorn|9/100|[from] item: Leftovers
|-damage|p1a: Magnezone|81/100 par|[from] Leech Seed|[of] p2a: Ferrothorn
|-heal|p2a: Ferrothorn|19/100|[silent]
|upkeep
|turn|16
|
|move|p1a: Magnezone|Hidden Power|p2a: Ferrothorn
|-supereffective|p2a: Ferrothorn
|-damage|p2a: Ferrothorn|0 fnt
|faint|p2a: Ferrothorn
|
|-weather|RainDance|[upkeep]
|upkeep
|
|switch|p2a: Tentacruel|Tentacruel, F|100/100
|turn|17
|
|switch|p2a: Landorus|Landorus-Therian, M, shiny|12/100
|-ability|p2a: Landorus|Intimidate|boost
|-unboost|p1a: Magnezone|atk|1
|switch|p1a: Scizor|Scizor, F|87/100
|-damage|p1a: Scizor|75/100|[from] Stealth Rock
|
|-weather|RainDance|[upkeep]
|upkeep
|turn|18
|
|switch|p2a: Tentacruel|Tentacruel, F|100/100
|move|p1a: Scizor|U-turn|p2a: Tentacruel
|-resisted|p2a: Tentacruel
|-damage|p2a: Tentacruel|73/100
|
|switch|p1a: Salamence|Salamence, M|100/100|[from]move: U-turn
|-damage|p1a: Salamence|76/100|[from] Stealth Rock
|
|-weather|RainDance|[upkeep]
|-heal|p2a: Tentacruel|79/100|[from] ability: Rain Dish
|-heal|p2a: Tentacruel|85/100|[from] item: Black Sludge
|upkeep
|turn|19
|
|switch|p1a: Latios|Latios, M|88/100
|-damage|p1a: Latios|76/100|[from] Stealth Rock
|switch|p2a: Landorus|Landorus-Therian, M, shiny|12/100
|-ability|p2a: Landorus|Intimidate|boost
|-unboost|p1a: Latios|atk|1
|
|-weather|RainDance|[upkeep]
|upkeep
|turn|20
|
|move|p2a: Landorus|U-turn|p1a: Latios
|-supereffective|p1a: Latios
|-damage|p1a: Latios|0 fnt
|faint|p1a: Latios
|
|switch|p2a: Tentacruel|Tentacruel, F|85/100|[from]move: U-turn
|
|-weather|RainDance|[upkeep]
|-heal|p2a: Tentacruel|91/100|[from] ability: Rain Dish
|-heal|p2a: Tentacruel|97/100|[from] item: Black Sludge
|upkeep
|
|switch|p1a: Kyurem|Kyurem-Black|100/100
|-damage|p1a: Kyurem|75/100|[from] Stealth Rock
|-ability|p1a: Kyurem|Teravolt
|turn|21
|
|switch|p2a: Landorus|Landorus-Therian, M, shiny|12/100
|-ability|p2a: Landorus|Intimidate|boost
|-unboost|p1a: Kyurem|atk|1
|move|p1a: Kyurem|Outrage|p2a: Landorus
|-damage|p2a: Landorus|0 fnt
|faint|p2a: Landorus
|
|-weather|RainDance|[upkeep]
|upkeep
|
|switch|p2a: Tentacruel|Tentacruel, F|97/100
|turn|22
|
|move|p1a: Kyurem|Outrage|p2a: Tentacruel|[from]lockedmove
|-damage|p2a: Tentacruel|25/100
|-start|p1a: Kyurem|confusion|[fatigue]
|move|p2a: Tentacruel|Scald|p1a: Kyurem
|-resisted|p1a: Kyurem
|-damage|p1a: Kyurem|60/100
|-status|p1a: Kyurem|brn
|
|-weather|RainDance|[upkeep]
|-heal|p2a: Tentacruel|32/100|[from] ability: Rain Dish
|-heal|p2a: Tentacruel|38/100|[from] item: Black Sludge
|-damage|p1a: Kyurem|47/100 brn|[from] brn
|upkeep
|turn|23
|
|switch|p1a: Magnezone|Magnezone|81/100 par
|-damage|p1a: Magnezone|75/100 par|[from] Stealth Rock
|move|p2a: Tentacruel|Protect||[still]
|-fail|p2a: Tentacruel
|
|-weather|RainDance|[upkeep]
|-heal|p2a: Tentacruel|44/100|[from] ability: Rain Dish
|-heal|p2a: Tentacruel|50/100|[from] item: Black Sludge
|upkeep
|turn|24
|
|switch|p2a: Jolteon|Jolteon, M|100/100
|move|p1a: Magnezone|Flash Cannon|p2a: Jolteon
|-resisted|p2a: Jolteon
|-damage|p2a: Jolteon|58/100
|
|-weather|RainDance|[upkeep]
|upkeep
|turn|25
|
|switch|p2a: Tentacruel|Tentacruel, F|50/100
|move|p1a: Magnezone|Flash Cannon|p2a: Tentacruel
|-resisted|p2a: Tentacruel
|-damage|p2a: Tentacruel|26/100
|
|-weather|RainDance|[upkeep]
|-heal|p2a: Tentacruel|32/100|[from] ability: Rain Dish
|-heal|p2a: Tentacruel|38/100|[from] item: Black Sludge
|upkeep
|turn|26
|
|switch|p1a: Kyurem|Kyurem-Black|47/100 brn
|-damage|p1a: Kyurem|22/100 brn|[from] Stealth Rock
|-ability|p1a: Kyurem|Teravolt
|move|p2a: Tentacruel|Scald|p1a: Kyurem
|-resisted|p1a: Kyurem
|-crit|p1a: Kyurem
|-damage|p1a: Kyurem|0 fnt
|faint|p1a: Kyurem
|
|-weather|RainDance|[upkeep]
|-heal|p2a: Tentacruel|44/100|[from] ability: Rain Dish
|-heal|p2a: Tentacruel|50/100|[from] item: Black Sludge
|upkeep
|
|switch|p1a: Scizor|Scizor, F|75/100
|-damage|p1a: Scizor|62/100|[from] Stealth Rock
|turn|27
|
|move|p2a: Tentacruel|Protect|p2a: Tentacruel
|-singleturn|p2a: Tentacruel|Protect
|move|p1a: Scizor|Quick Attack|p2a: Tentacruel
|-activate|p2a: Tentacruel|move: Protect
|
|-weather|RainDance|[upkeep]
|-heal|p2a: Tentacruel|56/100|[from] ability: Rain Dish
|-heal|p2a: Tentacruel|62/100|[from] item: Black Sludge
|upkeep
|turn|28
|
|move|p1a: Scizor|Quick Attack|p2a: Tentacruel
|-damage|p2a: Tentacruel|31/100
|move|p2a: Tentacruel|Scald|p1a: Scizor
|-damage|p1a: Scizor|24/100
|
|-weather|RainDance|[upkeep]
|-heal|p2a: Tentacruel|37/100|[from] ability: Rain Dish
|-heal|p2a: Tentacruel|43/100|[from] item: Black Sludge
|upkeep
|turn|29
|
|move|p2a: Tentacruel|Protect|p2a: Tentacruel
|-singleturn|p2a: Tentacruel|Protect
|move|p1a: Scizor|Quick Attack|p2a: Tentacruel
|-activate|p2a: Tentacruel|move: Protect
|
|-weather|RainDance|[upkeep]
|-heal|p2a: Tentacruel|50/100|[from] ability: Rain Dish
|-heal|p2a: Tentacruel|56/100|[from] item: Black Sludge
|upkeep
|turn|30
|
|move|p1a: Scizor|Quick Attack|p2a: Tentacruel
|-damage|p2a: Tentacruel|23/100
|move|p2a: Tentacruel|Scald|p1a: Scizor
|-damage|p1a: Scizor|0 fnt
|faint|p1a: Scizor
|
|-weather|RainDance|[upkeep]
|-heal|p2a: Tentacruel|29/100|[from] ability: Rain Dish
|-heal|p2a: Tentacruel|35/100|[from] item: Black Sludge
|upkeep
|
|switch|p1a: Salamence|Salamence, M|76/100
|-damage|p1a: Salamence|51/100|[from] Stealth Rock
|turn|31
|
|move|p1a: Salamence|Outrage|p2a: Tentacruel
|-damage|p2a: Tentacruel|0 fnt
|faint|p2a: Tentacruel
|-ability|p1a: Salamence|Moxie|boost
|-boost|p1a: Salamence|atk|1
|
|-weather|RainDance|[upkeep]
|upkeep
|
|switch|p2a: Jolteon|Jolteon, M|58/100
|turn|32
|
|move|p1a: Salamence|Outrage|p2a: Jolteon|[from]lockedmove
|-damage|p2a: Jolteon|0 fnt
|faint|p2a: Jolteon
|-ability|p1a: Salamence|Moxie|boost
|-boost|p1a: Salamence|atk|1
|
|win|Spritzalcianuro96
|c|☆Cherbou|Gg
|l|☆Cherbou
|raw|Spritzalcianuro96's rating: 1476 &rarr; <strong>1491</strong><br />(+15 for winning)
|raw|Cherbou's rating: 1393 &rarr; <strong>1378</strong><br />(-15 for losing)
