|j|☆Ddgjnbcx
|j|☆bwc quitou
|t:|1714226598
|gametype|singles
|player|p1|Ddgjnbcx|266|1527
|player|p2|bwc quitou|juggler-gen2|1533
|teamsize|p1|6
|teamsize|p2|6
|gen|5
|tier|[Gen 5] OU
|rated|
|rule|Species Clause: Limit one of each Pokémon
|rule|OHKO Clause: OHKO moves are banned
|rule|Moody Clause: Moody is banned
|rule|Evasion Items Clause: Evasion items are banned
|rule|Evasion Moves Clause: Evasion moves are banned
|rule|Endless Battle Clause: Forcing endless battles is banned
|rule|HP Percentage Mod: HP is shown in percentages
|rule|Evasion Abilities Clause: Evasion abilities are banned
|rule|Sleep Moves Clause: Sleep-inducing moves are banned
|rule|Swagger Clause: Swagger is banned
|rule|Baton Pass Stat Clause: No Baton Passer may have a way to boost its stats
|clearpoke
|poke|p1|Keldeo|item
|poke|p1|Terrakion|item
|poke|p1|Scizor, M|item
|poke|p1|Celebi|item
|poke|p1|Landorus-Therian, M|item
|poke|p1|Rotom-Wash|item
|poke|p2|Tyranitar, M|item
|poke|p2|Breloom, F|item
|poke|p2|Slowking, M|item
|poke|p2|Terrakion|item
|poke|p2|Landorus-Therian, M|item
|poke|p2|Excadrill, F|item
|teampreview
|inactive|Battle timer is ON: inactive players will automatically lose when time's up. (requested by Ddgjnbcx)
|c|☆bwc quitou|glhf
|
|t:|1714226608
|start
|switch|p1a: Rotom|Rotom-Wash|100/100
|switch|p2a: Landorus|Landorus-Therian, M|100/100
|-ability|p2a: Landorus|Intimidate|boost
|-unboost|p1a: Rotom|atk|1
|turn|1
|c|☆Ddgjnbcx|Hf
|
|t:|1714226623
|move|p2a: Landorus|U-turn|p1a: Rotom
|-damage|p1a: Rotom|83/100
|
|t:|1714226625
|switch|p2a: Slowking|Slowking, M|100/100|[from] U-turn
|move|p1a: Rotom|Trick|p2a: Slowking
|-activate|p1a: Rotom|move: Trick|[of] p2a: Slowking
|-item|p2a: Slowking|Choice Specs|[from] move: Trick
|-item|p1a: Rotom|Leftovers|[from] move: Trick
|
|-heal|p1a: Rotom|90/100|[from] item: Leftovers
|upkeep
|turn|2
|
|t:|1714226632
|move|p1a: Rotom|Volt Switch|p2a: Slowking
|-supereffective|p2a: Slowking
|-damage|p2a: Slowking|69/100
|
|t:|1714226634
|switch|p1a: Celebi|Celebi|100/100|[from] Volt Switch
|move|p2a: Slowking|Scald|p1a: Celebi
|-resisted|p1a: Celebi
|-damage|p1a: Celebi|88/100
|
|-heal|p1a: Celebi|94/100|[from] item: Leftovers
|upkeep
|turn|3
|
|t:|1714226637
|switch|p2a: Landorus|Landorus-Therian, M|100/100
|-ability|p2a: Landorus|Intimidate|boost
|-unboost|p1a: Celebi|atk|1
|move|p1a: Celebi|U-turn|p2a: Landorus
|-resisted|p2a: Landorus
|-damage|p2a: Landorus|96/100
|
|t:|1714226645
|switch|p1a: Landorus|Landorus-Therian, M|100/100|[from] U-turn
|-ability|p1a: Landorus|Intimidate|boost
|-unboost|p2a: Landorus|atk|1
|
|-heal|p2a: Landorus|100/100|[from] item: Leftovers
|upkeep
|turn|4
|
|t:|1714226650
|move|p1a: Landorus|Stealth Rock|p2a: Landorus
|-sidestart|p2: bwc quitou|move: Stealth Rock
|move|p2a: Landorus|Stealth Rock|p1a: Landorus
|-sidestart|p1: Ddgjnbcx|move: Stealth Rock
|
|upkeep
|turn|5
|
|t:|1714226652
|move|p2a: Landorus|Hidden Power|p1a: Landorus
|-supereffective|p1a: Landorus
|-damage|p1a: Landorus|19/100
|move|p1a: Landorus|Hidden Power|p2a: Landorus
|-supereffective|p2a: Landorus
|-damage|p2a: Landorus|14/100
|
|-heal|p2a: Landorus|20/100|[from] item: Leftovers
|upkeep
|turn|6
|
|t:|1714226668
|move|p1a: Landorus|U-turn|p2a: Landorus
|-resisted|p2a: Landorus
|-damage|p2a: Landorus|8/100
|
|t:|1714226672
|switch|p1a: Scizor|Scizor, M|100/100|[from] U-turn
|-damage|p1a: Scizor|88/100|[from] Stealth Rock
|move|p2a: Landorus|Hidden Power|p1a: Scizor
|-resisted|p1a: Scizor
|-damage|p1a: Scizor|77/100
|
|-heal|p2a: Landorus|14/100|[from] item: Leftovers
|upkeep
|turn|7
|
|t:|1714226687
|move|p1a: Scizor|U-turn|p2a: Landorus
|-resisted|p2a: Landorus
|-damage|p2a: Landorus|0 fnt
|faint|p2a: Landorus
|
|t:|1714226695
|switch|p1a: Terrakion|Terrakion|100/100|[from] U-turn
|-damage|p1a: Terrakion|94/100|[from] Stealth Rock
|
|upkeep
|
|t:|1714226698
|switch|p2a: Tyranitar|Tyranitar, M|100/100
|-damage|p2a: Tyranitar|88/100|[from] Stealth Rock
|-weather|Sandstorm|[from] ability: Sand Stream|[of] p2a: Tyranitar
|turn|8
|
|t:|1714226700
|move|p1a: Terrakion|Close Combat|p2a: Tyranitar
|-supereffective|p2a: Tyranitar
|-damage|p2a: Tyranitar|0 fnt
|-unboost|p1a: Terrakion|def|1
|-unboost|p1a: Terrakion|spd|1
|faint|p2a: Tyranitar
|
|-weather|Sandstorm|[upkeep]
|upkeep
|
|t:|1714226705
|switch|p2a: Breloom|Breloom, F|100/100
|-damage|p2a: Breloom|94/100|[from] Stealth Rock
|turn|9
|
|t:|1714226708
|switch|p1a: Celebi|Celebi|94/100
|-damage|p1a: Celebi|82/100|[from] Stealth Rock
|move|p2a: Breloom|Bulk Up|p2a: Breloom
|-boost|p2a: Breloom|atk|1
|-boost|p2a: Breloom|def|1
|
|-weather|Sandstorm|[upkeep]
|-damage|p1a: Celebi|75/100|[from] Sandstorm
|-damage|p2a: Breloom|88/100|[from] Sandstorm
|-heal|p1a: Celebi|82/100|[from] item: Leftovers
|-status|p2a: Breloom|tox|[from] item: Toxic Orb
|upkeep
|turn|10
|
|t:|1714226711
|move|p1a: Celebi|Psychic|p2a: Breloom
|-supereffective|p2a: Breloom
|-damage|p2a: Breloom|20/100 tox
|move|p2a: Breloom|Drain Punch|p1a: Celebi
|-resisted|p1a: Celebi
|-damage|p1a: Celebi|60/100
|-heal|p2a: Breloom|35/100 tox|[from] drain|[of] p1a: Celebi
|
|-weather|Sandstorm|[upkeep]
|-damage|p1a: Celebi|53/100|[from] Sandstorm
|-damage|p2a: Breloom|28/100 tox|[from] Sandstorm
|-heal|p1a: Celebi|60/100|[from] item: Leftovers
|-heal|p2a: Breloom|41/100 tox|[from] ability: Poison Heal
|upkeep
|turn|11
|
|t:|1714226731
|switch|p2a: Excadrill|Excadrill, F|100/100
|-damage|p2a: Excadrill|98/100|[from] Stealth Rock
|move|p1a: Celebi|Psychic|p2a: Excadrill
|-resisted|p2a: Excadrill
|-damage|p2a: Excadrill|81/100
|
|-weather|Sandstorm|[upkeep]
|-damage|p1a: Celebi|53/100|[from] Sandstorm
|-heal|p2a: Excadrill|87/100|[from] item: Leftovers
|-heal|p1a: Celebi|60/100|[from] item: Leftovers
|upkeep
|turn|12
|
|t:|1714226752
|switch|p1a: Landorus|Landorus-Therian, M|19/100
|-damage|p1a: Landorus|7/100|[from] Stealth Rock
|-ability|p1a: Landorus|Intimidate|boost
|-unboost|p2a: Excadrill|atk|1
|move|p2a: Excadrill|Rapid Spin|p1a: Landorus
|-damage|p1a: Landorus|2/100
|-damage|p2a: Excadrill|71/100|[from] item: Rocky Helmet|[of] p1a: Landorus
|-sideend|p2: bwc quitou|Stealth Rock|[from] move: Rapid Spin|[of] p2a: Excadrill
|
|-weather|Sandstorm|[upkeep]
|-heal|p2a: Excadrill|77/100|[from] item: Leftovers
|upkeep
|turn|13
|
|t:|1714226756
|move|p1a: Landorus|Stealth Rock|p2a: Excadrill
|-sidestart|p2: bwc quitou|move: Stealth Rock
|move|p2a: Excadrill|Iron Head|p1a: Landorus
|-damage|p1a: Landorus|0 fnt
|-damage|p2a: Excadrill|61/100|[from] item: Rocky Helmet|[of] p1a: Landorus
|faint|p1a: Landorus
|
|-weather|Sandstorm|[upkeep]
|-heal|p2a: Excadrill|67/100|[from] item: Leftovers
|upkeep
|
|t:|1714226760
|switch|p1a: Keldeo|Keldeo|100/100
|-damage|p1a: Keldeo|94/100|[from] Stealth Rock
|turn|14
|
|t:|1714226766
|switch|p1a: Scizor|Scizor, M|77/100
|-damage|p1a: Scizor|64/100|[from] Stealth Rock
|switch|p2a: Slowking|Slowking, M|100/100
|-damage|p2a: Slowking|88/100|[from] Stealth Rock
|
|-weather|Sandstorm|[upkeep]
|-damage|p2a: Slowking|82/100|[from] Sandstorm
|upkeep
|turn|15
|
|t:|1714226770
|switch|p2a: Breloom|Breloom, F|41/100 tox
|-damage|p2a: Breloom|35/100 tox|[from] Stealth Rock
|move|p1a: Scizor|U-turn|p2a: Breloom
|-damage|p2a: Breloom|0 fnt
|faint|p2a: Breloom
|
|t:|1714226779
|switch|p1a: Keldeo|Keldeo|94/100|[from] U-turn
|-damage|p1a: Keldeo|88/100|[from] Stealth Rock
|
|-weather|Sandstorm|[upkeep]
|-damage|p1a: Keldeo|82/100|[from] Sandstorm
|-heal|p1a: Keldeo|88/100|[from] item: Leftovers
|upkeep
|
|t:|1714226787
|switch|p2a: Slowking|Slowking, M|100/100
|-damage|p2a: Slowking|88/100|[from] Stealth Rock
|turn|16
|
|t:|1714226789
|switch|p1a: Celebi|Celebi|60/100
|-damage|p1a: Celebi|47/100|[from] Stealth Rock
|move|p2a: Slowking|Scald|p1a: Celebi
|-resisted|p1a: Celebi
|-damage|p1a: Celebi|35/100
|-status|p1a: Celebi|brn
|
|-weather|Sandstorm|[upkeep]
|-damage|p1a: Celebi|29/100 brn|[from] Sandstorm
|-damage|p2a: Slowking|82/100|[from] Sandstorm
|-heal|p1a: Celebi|35/100 brn|[from] item: Leftovers
|-damage|p1a: Celebi|23/100 brn|[from] brn
|upkeep
|turn|17
|
|t:|1714226794
|switch|p2a: Excadrill|Excadrill, F|67/100
|-damage|p2a: Excadrill|64/100|[from] Stealth Rock
|move|p1a: Celebi|Recover|p1a: Celebi
|-heal|p1a: Celebi|73/100 brn
|
|-weather|Sandstorm|[upkeep]
|-damage|p1a: Celebi|67/100 brn|[from] Sandstorm
|-heal|p2a: Excadrill|70/100|[from] item: Leftovers
|-heal|p1a: Celebi|73/100 brn|[from] item: Leftovers
|-damage|p1a: Celebi|61/100 brn|[from] brn
|upkeep
|turn|18
|
|t:|1714226798
|move|p2a: Excadrill|Rapid Spin|p1a: Celebi
|-damage|p1a: Celebi|55/100 brn
|-sideend|p2: bwc quitou|Stealth Rock|[from] move: Rapid Spin|[of] p2a: Excadrill
|move|p1a: Celebi|U-turn|p2a: Excadrill
|-resisted|p2a: Excadrill
|-damage|p2a: Excadrill|65/100
|
|t:|1714226801
|-curestatus|p1a: Celebi|brn|[from] ability: Natural Cure
|switch|p1a: Keldeo|Keldeo|88/100|[from] U-turn
|-damage|p1a: Keldeo|82/100|[from] Stealth Rock
|
|-weather|Sandstorm|[upkeep]
|-damage|p1a: Keldeo|76/100|[from] Sandstorm
|-heal|p1a: Keldeo|82/100|[from] item: Leftovers
|-heal|p2a: Excadrill|72/100|[from] item: Leftovers
|upkeep
|turn|19
|
|t:|1714226807
|move|p1a: Keldeo|Calm Mind|p1a: Keldeo
|-boost|p1a: Keldeo|spa|1
|-boost|p1a: Keldeo|spd|1
|move|p2a: Excadrill|Earthquake|p1a: Keldeo
|-damage|p1a: Keldeo|12/100
|
|-weather|Sandstorm|[upkeep]
|-damage|p1a: Keldeo|5/100|[from] Sandstorm
|-heal|p1a: Keldeo|12/100|[from] item: Leftovers
|-heal|p2a: Excadrill|78/100|[from] item: Leftovers
|upkeep
|turn|20
|
|t:|1714226810
|switch|p2a: Slowking|Slowking, M|100/100
|move|p1a: Keldeo|Surf|p2a: Slowking
|-resisted|p2a: Slowking
|-crit|p2a: Slowking
|-damage|p2a: Slowking|58/100
|
|-weather|Sandstorm|[upkeep]
|-damage|p1a: Keldeo|5/100|[from] Sandstorm
|-damage|p2a: Slowking|52/100|[from] Sandstorm
|-heal|p1a: Keldeo|12/100|[from] item: Leftovers
|upkeep
|turn|21
|
|t:|1714226819
|move|p1a: Keldeo|Hidden Power|p2a: Slowking
|-supereffective|p2a: Slowking
|-damage|p2a: Slowking|6/100
|move|p2a: Slowking|Thunder Wave|p1a: Keldeo
|-status|p1a: Keldeo|par
|
|-weather|Sandstorm|[upkeep]
|-damage|p2a: Slowking|0 fnt|[from] Sandstorm
|-damage|p1a: Keldeo|5/100 par|[from] Sandstorm
|faint|p2a: Slowking
|-heal|p1a: Keldeo|12/100 par|[from] item: Leftovers
|upkeep
|c|☆bwc quitou|ah man
|c|☆bwc quitou|why ppl always ruin my reqs
|c|☆Ddgjnbcx|Oh what
|c|☆bwc quitou|with some weird cteam
|c|☆Ddgjnbcx|What's the suspect?
|inactive|bwc quitou has 120 seconds left.
|c|☆bwc quitou|cloyster
|c|☆Ddgjnbcx|Again?
|c|☆bwc quitou|yea
|c|☆bwc quitou|im almost getting reqs
|c|☆bwc quitou|but now seems like not
|c|☆Ddgjnbcx|Sorry
|
|t:|1714226876
|switch|p2a: Terrakion|Terrakion|100/100
|turn|22
|
|t:|1714226880
|move|p2a: Terrakion|X-Scissor|p1a: Keldeo
|-resisted|p1a: Keldeo
|-damage|p1a: Keldeo|0 fnt
|faint|p1a: Keldeo
|
|-weather|Sandstorm|[upkeep]
|upkeep
|c|☆bwc quitou|sorry
|c|☆bwc quitou|yea ofc
|
|t:|1714226884
|switch|p1a: Terrakion|Terrakion|94/100
|-damage|p1a: Terrakion|88/100|[from] Stealth Rock
|turn|23
|c|☆bwc quitou|i cant ban shit now
|c|☆bwc quitou|bc of this ass game
|
|t:|1714226894
|switch|p2a: Excadrill|Excadrill, F|78/100
|move|p1a: Terrakion|Close Combat|p2a: Excadrill
|-supereffective|p2a: Excadrill
|-damage|p2a: Excadrill|0 fnt
|-unboost|p1a: Terrakion|def|1
|-unboost|p1a: Terrakion|spd|1
|faint|p2a: Excadrill
|
|-weather|Sandstorm|[upkeep]
|upkeep
|
|t:|1714226896
|switch|p2a: Terrakion|Terrakion|100/100
|turn|24
|
|t:|1714226900
|switch|p1a: Celebi|Celebi|55/100
|-damage|p1a: Celebi|42/100|[from] Stealth Rock
|move|p2a: Terrakion|Close Combat|p1a: Celebi
|-resisted|p1a: Celebi
|-damage|p1a: Celebi|4/100
|-unboost|p2a: Terrakion|def|1
|-unboost|p2a: Terrakion|spd|1
|
|-weather|Sandstorm|[upkeep]
|-damage|p1a: Celebi|0 fnt|[from] Sandstorm
|faint|p1a: Celebi
|upkeep
|
|t:|1714226905
|switch|p1a: Rotom|Rotom-Wash|90/100
|-damage|p1a: Rotom|77/100|[from] Stealth Rock
|turn|25
|
|t:|1714226908
|move|p2a: Terrakion|Close Combat|p1a: Rotom
|-damage|p1a: Rotom|8/100
|-unboost|p2a: Terrakion|def|1
|-unboost|p2a: Terrakion|spd|1
|move|p1a: Rotom|Volt Switch|p2a: Terrakion
|-damage|p2a: Terrakion|65/100
|
|t:|1714226912
|switch|p1a: Scizor|Scizor, M|64/100|[from] Volt Switch
|-damage|p1a: Scizor|52/100|[from] Stealth Rock
|
|-weather|Sandstorm|[upkeep]
|upkeep
|turn|26
|
|t:|1714226914
|move|p1a: Scizor|Bullet Punch|p2a: Terrakion
|-supereffective|p2a: Terrakion
|-damage|p2a: Terrakion|0 fnt
|faint|p2a: Terrakion
|
|win|Ddgjnbcx
|raw|Ddgjnbcx's rating: 1527 &rarr; <strong>1547</strong><br />(+20 for winning)
|raw|bwc quitou's rating: 1533 &rarr; <strong>1513</strong><br />(-20 for losing)
|c|☆Ddgjnbcx|Gg
|c|☆bwc quitou|i hope your glad you ruined
|c|☆bwc quitou|my suspect
|c|☆bwc quitou|because i could ban cloy
|c|☆bwc quitou|but nope
|c|☆bwc quitou|thanks
|l|☆bwc quitou
|player|p2|
|c|☆Ddgjnbcx|You'll get reqs
