|html|<div class="broadcast-blue"><strong>[Gen 5] OU is currently suspecting Volcarona & Cloyster! For information on how to participate check out the <a href="https://www.smogon.com/forums/threads/re-cloyster-volcarona-in-bw-ou-survey-post-29.3731863/page-2#post-9904362">suspect thread</a>.</strong></div>
|j|☆Dovahhkiin64
|j|‽bwvc nigel
|t:|1704055347
|gametype|singles
|player|p1|Dovahhkiin64|n|1293
|player|p2|bwvc nigel|170|1485
|teamsize|p1|6
|teamsize|p2|6
|gen|5
|tier|[Gen 5] OU
|rated|
|rule|Species Clause: Limit one of each Pokémon
|rule|OHKO Clause: OHKO moves are banned
|rule|Moody Clause: Moody is banned
|rule|Evasion Items Clause: Evasion items are banned
|rule|Evasion Moves Clause: Evasion moves are banned
|rule|Endless Battle Clause: Forcing endless battles is banned
|rule|HP Percentage Mod: HP is shown in percentages
|rule|Evasion Abilities Clause: Evasion abilities are banned
|rule|Sleep Moves Clause: Sleep-inducing moves are banned
|rule|Swagger Clause: Swagger is banned
|rule|Baton Pass Stat Clause: No Baton Passer may have a way to boost its stats
|clearpoke
|poke|p1|Krookodile, F|item
|poke|p1|Keldeo|item
|poke|p1|Volcarona, M|item
|poke|p1|Ferrothorn, M|item
|poke|p1|Excadrill, F|item
|poke|p1|Dragonite, M|item
|poke|p2|Hippowdon, F|item
|poke|p2|Skarmory, M|item
|poke|p2|Reuniclus, M|item
|poke|p2|Clefable, M|item
|poke|p2|Latias, F|item
|poke|p2|Bronzong|item
|teampreview
|inactive|Battle timer is ON: inactive players will automatically lose when time's up. (requested by bwvc nigel)
|
|t:|1704055361
|start
|switch|p1a: Ferrothorn|Ferrothorn, M|100/100
|switch|p2a: Hippowdon|Hippowdon, F|100/100
|-weather|Sandstorm|[from] ability: Sand Stream|[of] p2a: Hippowdon
|turn|1
|
|t:|1704055367
|switch|p2a: Skarmory|Skarmory, M|100/100
|move|p1a: Ferrothorn|Knock Off|p2a: Skarmory
|-resisted|p2a: Skarmory
|-damage|p2a: Skarmory|99/100
|-damage|p1a: Ferrothorn|84/100|[from] item: Rocky Helmet|[of] p2a: Skarmory
|-enditem|p2a: Skarmory|Rocky Helmet|[from] move: Knock Off|[of] p1a: Ferrothorn
|
|-weather|Sandstorm|[upkeep]
|-heal|p1a: Ferrothorn|90/100|[from] item: Leftovers
|upkeep
|turn|2
|
|t:|1704055379
|move|p2a: Skarmory|Spikes|p1a: Ferrothorn
|-sidestart|p1: Dovahhkiin64|Spikes
|move|p1a: Ferrothorn|Stealth Rock|p2a: Skarmory
|-sidestart|p2: bwvc nigel|move: Stealth Rock
|
|-weather|Sandstorm|[upkeep]
|-heal|p1a: Ferrothorn|97/100|[from] item: Leftovers
|upkeep
|turn|3
|
|t:|1704055387
|switch|p1a: Volcarona|Volcarona, M|100/100
|-damage|p1a: Volcarona|88/100|[from] Spikes
|move|p2a: Skarmory|Spikes|p1a: Volcarona
|-sidestart|p1: Dovahhkiin64|Spikes
|
|-weather|Sandstorm|[upkeep]
|-damage|p1a: Volcarona|82/100|[from] Sandstorm
|-heal|p1a: Volcarona|88/100|[from] item: Leftovers
|upkeep
|turn|4
|
|t:|1704055395
|switch|p2a: Clefable|Clefable, M|100/100
|move|p1a: Volcarona|Flamethrower|p2a: Clefable
|-damage|p2a: Clefable|64/100
|
|-weather|Sandstorm|[upkeep]
|-damage|p1a: Volcarona|82/100|[from] Sandstorm
|-heal|p1a: Volcarona|88/100|[from] item: Leftovers
|-heal|p2a: Clefable|70/100|[from] item: Leftovers
|upkeep
|turn|5
|
|t:|1704055415
|switch|p1a: Ferrothorn|Ferrothorn, M|97/100
|-damage|p1a: Ferrothorn|80/100|[from] Spikes
|move|p2a: Clefable|Soft-Boiled|p2a: Clefable
|-heal|p2a: Clefable|100/100
|
|-weather|Sandstorm|[upkeep]
|-heal|p1a: Ferrothorn|86/100|[from] item: Leftovers
|upkeep
|turn|6
|
|t:|1704055423
|switch|p2a: Skarmory|Skarmory, M|99/100
|-damage|p2a: Skarmory|87/100|[from] Stealth Rock
|move|p1a: Ferrothorn|Knock Off|p2a: Skarmory
|-resisted|p2a: Skarmory
|-damage|p2a: Skarmory|85/100
|
|-weather|Sandstorm|[upkeep]
|-heal|p1a: Ferrothorn|93/100|[from] item: Leftovers
|upkeep
|turn|7
|
|t:|1704055435
|switch|p2a: Hippowdon|Hippowdon, F|100/100
|-damage|p2a: Hippowdon|94/100|[from] Stealth Rock
|switch|p1a: Volcarona|Volcarona, M|88/100
|-damage|p1a: Volcarona|72/100|[from] Spikes
|
|-weather|Sandstorm|[upkeep]
|-damage|p1a: Volcarona|66/100|[from] Sandstorm
|-heal|p1a: Volcarona|72/100|[from] item: Leftovers
|-heal|p2a: Hippowdon|100/100|[from] item: Leftovers
|upkeep
|turn|8
|
|t:|1704055447
|switch|p2a: Clefable|Clefable, M|100/100
|move|p1a: Volcarona|Quiver Dance|p1a: Volcarona
|-boost|p1a: Volcarona|spa|1
|-boost|p1a: Volcarona|spd|1
|-boost|p1a: Volcarona|spe|1
|
|-weather|Sandstorm|[upkeep]
|-damage|p1a: Volcarona|66/100|[from] Sandstorm
|-heal|p1a: Volcarona|72/100|[from] item: Leftovers
|upkeep
|turn|9
|
|t:|1704055456
|move|p1a: Volcarona|Bug Buzz|p2a: Clefable
|-damage|p2a: Clefable|53/100
|move|p2a: Clefable|Thunder Wave|p1a: Volcarona
|-status|p1a: Volcarona|par
|
|-weather|Sandstorm|[upkeep]
|-damage|p1a: Volcarona|66/100 par|[from] Sandstorm
|-heal|p2a: Clefable|59/100|[from] item: Leftovers
|-heal|p1a: Volcarona|72/100 par|[from] item: Leftovers
|upkeep
|turn|10
|
|t:|1704055469
|move|p2a: Clefable|Soft-Boiled|p2a: Clefable
|-heal|p2a: Clefable|100/100
|move|p1a: Volcarona|Flamethrower|p2a: Clefable
|-damage|p2a: Clefable|49/100
|
|-weather|Sandstorm|[upkeep]
|-damage|p1a: Volcarona|66/100 par|[from] Sandstorm
|-heal|p2a: Clefable|56/100|[from] item: Leftovers
|-heal|p1a: Volcarona|72/100 par|[from] item: Leftovers
|upkeep
|turn|11
|
|t:|1704055478
|move|p2a: Clefable|Soft-Boiled|p2a: Clefable
|-heal|p2a: Clefable|100/100
|cant|p1a: Volcarona|par
|
|-weather|Sandstorm|[upkeep]
|-damage|p1a: Volcarona|66/100 par|[from] Sandstorm
|-heal|p1a: Volcarona|72/100 par|[from] item: Leftovers
|upkeep
|turn|12
|
|t:|1704055485
|move|p2a: Clefable|Soft-Boiled||[still]
|-fail|p2a: Clefable|heal
|move|p1a: Volcarona|Quiver Dance|p1a: Volcarona
|-boost|p1a: Volcarona|spa|1
|-boost|p1a: Volcarona|spd|1
|-boost|p1a: Volcarona|spe|1
|
|-weather|Sandstorm|[upkeep]
|-damage|p1a: Volcarona|66/100 par|[from] Sandstorm
|-heal|p1a: Volcarona|72/100 par|[from] item: Leftovers
|upkeep
|turn|13
|
|t:|1704055493
|move|p1a: Volcarona|Bug Buzz|p2a: Clefable
|-damage|p2a: Clefable|37/100
|move|p2a: Clefable|Knock Off|p1a: Volcarona
|-damage|p1a: Volcarona|67/100 par
|-enditem|p1a: Volcarona|Leftovers|[from] move: Knock Off|[of] p2a: Clefable
|
|-weather|Sandstorm|[upkeep]
|-damage|p1a: Volcarona|61/100 par|[from] Sandstorm
|-heal|p2a: Clefable|43/100|[from] item: Leftovers
|upkeep
|turn|14
|
|t:|1704055503
|move|p1a: Volcarona|Flamethrower|p2a: Clefable
|-damage|p2a: Clefable|0 fnt
|faint|p2a: Clefable
|
|-weather|Sandstorm|[upkeep]
|-damage|p1a: Volcarona|55/100 par|[from] Sandstorm
|upkeep
|
|t:|1704055505
|switch|p2a: Latias|Latias, F|100/100
|-damage|p2a: Latias|88/100|[from] Stealth Rock
|turn|15
|
|t:|1704055511
|move|p2a: Latias|Surf|p1a: Volcarona
|-supereffective|p1a: Volcarona
|-damage|p1a: Volcarona|26/100 par
|move|p1a: Volcarona|Bug Buzz|p2a: Latias
|-supereffective|p2a: Latias
|-damage|p2a: Latias|0 fnt
|faint|p2a: Latias
|
|-weather|Sandstorm|[upkeep]
|-damage|p1a: Volcarona|19/100 par|[from] Sandstorm
|upkeep
|
|t:|1704055519
|switch|p2a: Hippowdon|Hippowdon, F|100/100
|-damage|p2a: Hippowdon|94/100|[from] Stealth Rock
|turn|16
|
|t:|1704055523
|move|p1a: Volcarona|Bug Buzz|p2a: Hippowdon
|-damage|p2a: Hippowdon|30/100
|move|p2a: Hippowdon|Earthquake|p1a: Volcarona
|-damage|p1a: Volcarona|0 fnt
|faint|p1a: Volcarona
|
|-weather|Sandstorm|[upkeep]
|-heal|p2a: Hippowdon|36/100|[from] item: Leftovers
|upkeep
|
|t:|1704055533
|switch|p1a: Keldeo|Keldeo|100/100
|-damage|p1a: Keldeo|84/100|[from] Spikes
|turn|17
|
|t:|1704055538
|switch|p2a: Bronzong|Bronzong|100/100
|-damage|p2a: Bronzong|94/100|[from] Stealth Rock
|move|p1a: Keldeo|Hydro Pump|p2a: Bronzong
|-damage|p2a: Bronzong|29/100
|
|-weather|Sandstorm|[upkeep]
|-damage|p1a: Keldeo|78/100|[from] Sandstorm
|-heal|p2a: Bronzong|35/100|[from] item: Leftovers
|upkeep
|turn|18
|
|t:|1704055547
|move|p2a: Bronzong|Protect|p2a: Bronzong
|-singleturn|p2a: Bronzong|Protect
|move|p1a: Keldeo|Hydro Pump|p2a: Bronzong
|-activate|p2a: Bronzong|move: Protect
|
|-weather|Sandstorm|[upkeep]
|-damage|p1a: Keldeo|72/100|[from] Sandstorm
|-heal|p2a: Bronzong|42/100|[from] item: Leftovers
|upkeep
|turn|19
|
|t:|1704055556
|move|p1a: Keldeo|Hydro Pump|p2a: Bronzong
|-damage|p2a: Bronzong|0 fnt
|faint|p2a: Bronzong
|
|-weather|Sandstorm|[upkeep]
|-damage|p1a: Keldeo|66/100|[from] Sandstorm
|upkeep
|
|t:|1704055558
|switch|p2a: Reuniclus|Reuniclus, M|100/100
|turn|20
|
|t:|1704055565
|switch|p1a: Krookodile|Krookodile, F|100/100
|-damage|p1a: Krookodile|84/100|[from] Spikes
|move|p2a: Reuniclus|Thunder|p1a: Krookodile
|-immune|p1a: Krookodile
|
|-weather|Sandstorm|[upkeep]
|upkeep
|turn|21
|
|t:|1704055572
|-activate|p2a: Reuniclus|move: Pursuit
|move|p1a: Krookodile|Pursuit|p2a: Reuniclus|[from]Pursuit
|-supereffective|p2a: Reuniclus
|-damage|p2a: Reuniclus|12/100
|switch|p2a: Skarmory|Skarmory, M|85/100
|-damage|p2a: Skarmory|73/100|[from] Stealth Rock
|
|-weather|Sandstorm|[upkeep]
|upkeep
|turn|22
|
|t:|1704055581
|switch|p1a: Keldeo|Keldeo|66/100
|-damage|p1a: Keldeo|49/100|[from] Spikes
|move|p2a: Skarmory|Roost|p2a: Skarmory
|-heal|p2a: Skarmory|100/100
|-singleturn|p2a: Skarmory|move: Roost
|
|-weather|Sandstorm|[upkeep]
|-damage|p1a: Keldeo|43/100|[from] Sandstorm
|upkeep
|turn|23
|
|t:|1704055591
|move|p1a: Keldeo|Hydro Pump|p2a: Skarmory
|-ability|p2a: Skarmory|Sturdy
|-damage|p2a: Skarmory|1/100
|move|p2a: Skarmory|Drill Peck|p1a: Keldeo
|-supereffective|p1a: Keldeo
|-damage|p1a: Keldeo|0 fnt
|faint|p1a: Keldeo
|
|-weather|Sandstorm|[upkeep]
|upkeep
|
|t:|1704055603
|switch|p1a: Dragonite|Dragonite, M|100/100
|turn|24
|
|t:|1704055612
|move|p1a: Dragonite|Fire Punch|p2a: Skarmory
|-supereffective|p2a: Skarmory
|-damage|p2a: Skarmory|0 fnt
|faint|p2a: Skarmory
|
|-weather|Sandstorm|[upkeep]
|-damage|p1a: Dragonite|94/100|[from] Sandstorm
|upkeep
|
|t:|1704055616
|switch|p2a: Hippowdon|Hippowdon, F|36/100
|-damage|p2a: Hippowdon|30/100|[from] Stealth Rock
|turn|25
|
|t:|1704055622
|move|p1a: Dragonite|Outrage|p2a: Hippowdon
|-damage|p2a: Hippowdon|0 fnt
|faint|p2a: Hippowdon
|
|-weather|Sandstorm|[upkeep]
|-damage|p1a: Dragonite|88/100|[from] Sandstorm
|upkeep
|
|t:|1704055629
|switch|p2a: Reuniclus|Reuniclus, M|12/100
|turn|26
|
|t:|1704055632
|move|p1a: Dragonite|Outrage|p2a: Reuniclus|[from]lockedmove
|-damage|p2a: Reuniclus|0 fnt
|faint|p2a: Reuniclus
|-start|p1a: Dragonite|confusion|[fatigue]
|
|win|Dovahhkiin64
|raw|Dovahhkiin64's rating: 1293 &rarr; <strong>1331</strong><br />(+38 for winning)
|raw|bwvc nigel's rating: 1485 &rarr; <strong>1455</strong><br />(-30 for losing)
|l|‽bwvc nigel
