|j|☆leleenabbo
|j|☆goldenfirewolf
|t:|1598712625
|player|p1|leleenabbo|hiker-gen2|1437
|player|p2|goldenfirewolf|170|1351
|teamsize|p1|6
|teamsize|p2|6
|gametype|singles
|gen|5
|tier|[Gen 5] OU
|rated|
|clearpoke
|poke|p1|Mamoswine, M|item
|poke|p1|Kyurem-Black|item
|poke|p1|Magnezone|item
|poke|p1|Latios, M|item
|poke|p1|Scizor, M|item
|poke|p1|Dragonite, M|item
|poke|p2|Politoed, M|item
|poke|p2|Tentacruel, F|item
|poke|p2|Quagsire, M|item
|poke|p2|Dragonite, M|item
|poke|p2|Chansey, F|item
|poke|p2|Ferrothorn, M|item
|rule|Species Clause: Limit one of each Pokémon
|rule|OHKO Clause: OHKO moves are banned
|rule|Moody Clause: Moody is banned
|rule|Evasion Moves Clause: Evasion moves are banned
|rule|Endless Battle Clause: Forcing endless battles is banned
|rule|HP Percentage Mod: HP is shown in percentages
|rule|Evasion Abilities Clause: Evasion abilities are banned
|rule|Baton Pass Clause: Limit one Baton Passer, can't pass Spe and other stats simultaneously
|rule|Sleep Clause: Sleep-inducing moves are banned
|rule|Swagger Clause: Swagger is banned
|teampreview
|
|t:|1598712655
|start
|switch|p1a: MAMMO|Mamoswine, M|100/100
|switch|p2a: Tentacruel|Tentacruel, F|100/100
|turn|1
|
|t:|1598712661
|move|p2a: Tentacruel|Protect|p2a: Tentacruel
|-singleturn|p2a: Tentacruel|Protect
|move|p1a: MAMMO|Earthquake|p2a: Tentacruel
|-activate|p2a: Tentacruel|move: Protect
|
|upkeep
|turn|2
|
|t:|1598712680
|switch|p2a: Politoed|Politoed, M|100/100
|-weather|RainDance|[from] ability: Drizzle|[of] p2a: Politoed
|move|p1a: MAMMO|Earthquake|p2a: Politoed
|-damage|p2a: Politoed|58/100
|
|-weather|RainDance|[upkeep]
|-heal|p2a: Politoed|64/100|[from] item: Leftovers
|upkeep
|turn|3
|
|t:|1598712689
|move|p1a: MAMMO|Stealth Rock|p2a: Politoed
|-sidestart|p2: goldenfirewolf|move: Stealth Rock
|move|p2a: Politoed|Toxic|p1a: MAMMO
|-status|p1a: MAMMO|tox
|
|-weather|RainDance|[upkeep]
|-heal|p2a: Politoed|70/100|[from] item: Leftovers
|-damage|p1a: MAMMO|94/100 tox|[from] psn
|upkeep
|turn|4
|
|t:|1598712696
|switch|p1a: +idraggedu-|Magnezone, shiny|100/100
|move|p2a: Politoed|Protect||[still]
|-fail|p2a: Politoed
|
|-weather|RainDance|[upkeep]
|-heal|p2a: Politoed|76/100|[from] item: Leftovers
|upkeep
|turn|5
|
|t:|1598712720
|switch|p2a: Quagsire|Quagsire, M|100/100
|-damage|p2a: Quagsire|94/100|[from] Stealth Rock
|move|p1a: +idraggedu-|Volt Switch|p2a: Quagsire
|-immune|p2a: Quagsire
|
|-weather|RainDance|[upkeep]
|-heal|p2a: Quagsire|100/100|[from] item: Leftovers
|upkeep
|turn|6
|
|t:|1598712728
|switch|p1a: TRIANGOLO|Latios, M|100/100
|move|p2a: Quagsire|Earthquake|p1a: TRIANGOLO
|-immune|p1a: TRIANGOLO|[from] ability: Levitate
|
|-weather|RainDance|[upkeep]
|upkeep
|turn|7
|
|t:|1598712733
|move|p1a: TRIANGOLO|Surf|p2a: Quagsire
|-damage|p2a: Quagsire|45/100
|move|p2a: Quagsire|Toxic|p1a: TRIANGOLO
|-status|p1a: TRIANGOLO|tox
|
|-weather|RainDance|[upkeep]
|-heal|p2a: Quagsire|51/100|[from] item: Leftovers
|-damage|p1a: TRIANGOLO|95/100 tox|[from] psn
|upkeep
|turn|8
|
|t:|1598712750
|switch|p1a: +idraggedu-|Magnezone, shiny|100/100
|switch|p2a: Ferrothorn|Ferrothorn, M|100/100
|-damage|p2a: Ferrothorn|94/100|[from] Stealth Rock
|
|-weather|RainDance|[upkeep]
|upkeep
|turn|9
|
|t:|1598712757
|move|p1a: +idraggedu-|Hidden Power|p2a: Ferrothorn
|-supereffective|p2a: Ferrothorn
|-damage|p2a: Ferrothorn|45/100
|move|p2a: Ferrothorn|Stealth Rock|p1a: +idraggedu-
|-sidestart|p1: leleenabbo|move: Stealth Rock
|
|-weather|RainDance|[upkeep]
|upkeep
|turn|10
|
|t:|1598712764
|move|p1a: +idraggedu-|Hidden Power|p2a: Ferrothorn
|-supereffective|p2a: Ferrothorn
|-damage|p2a: Ferrothorn|0 fnt
|faint|p2a: Ferrothorn
|
|-weather|RainDance|[upkeep]
|upkeep
|
|t:|1598712784
|switch|p2a: Quagsire|Quagsire, M|51/100
|-damage|p2a: Quagsire|45/100|[from] Stealth Rock
|turn|11
|j| testfiofj
|inactive|Battle timer is ON: inactive players will automatically lose when time's up. (requested by goldenfirewolf)
|
|t:|1598712806
|switch|p1a: TRIANGOLO|Latios, M|95/100 tox
|-damage|p1a: TRIANGOLO|82/100 tox|[from] Stealth Rock
|move|p2a: Quagsire|Recover|p2a: Quagsire
|-heal|p2a: Quagsire|95/100
|
|-weather|RainDance|[upkeep]
|-heal|p2a: Quagsire|100/100|[from] item: Leftovers
|-damage|p1a: TRIANGOLO|76/100 tox|[from] psn
|upkeep
|turn|12
|
|t:|1598712815
|move|p1a: TRIANGOLO|Psyshock|p2a: Quagsire
|-damage|p2a: Quagsire|71/100
|move|p2a: Quagsire|Recover|p2a: Quagsire
|-heal|p2a: Quagsire|100/100
|
|-weather|RainDance|[upkeep]
|-damage|p1a: TRIANGOLO|64/100 tox|[from] psn
|upkeep
|turn|13
|
|t:|1598712826
|switch|p1a: MAMMO|Mamoswine, M|94/100 tox
|-damage|p1a: MAMMO|82/100 tox|[from] Stealth Rock
|move|p2a: Quagsire|Recover||[still]
|-fail|p2a: Quagsire|heal
|
|-weather|RainDance|[upkeep]
|-damage|p1a: MAMMO|76/100 tox|[from] psn
|upkeep
|turn|14
|
|t:|1598712834
|move|p1a: MAMMO|Earthquake|p2a: Quagsire
|-damage|p2a: Quagsire|64/100
|move|p2a: Quagsire|Recover|p2a: Quagsire
|-heal|p2a: Quagsire|100/100
|
|-weather|RainDance|[upkeep]
|-damage|p1a: MAMMO|64/100 tox|[from] psn
|upkeep
|turn|15
|
|t:|1598712848
|move|p1a: MAMMO|Earthquake|p2a: Quagsire
|-damage|p2a: Quagsire|64/100
|move|p2a: Quagsire|Scald|p1a: MAMMO
|-supereffective|p1a: MAMMO
|-damage|p1a: MAMMO|0 fnt
|faint|p1a: MAMMO
|
|-weather|RainDance|[upkeep]
|-heal|p2a: Quagsire|70/100|[from] item: Leftovers
|upkeep
|inactive|leleenabbo has 120 seconds left.
|
|t:|1598712876
|switch|p1a: Dragoon|Dragonite, M, shiny|100/100
|-damage|p1a: Dragoon|76/100|[from] Stealth Rock
|turn|16
|
|t:|1598712882
|move|p1a: Dragoon|Outrage|p2a: Quagsire
|-damage|p2a: Quagsire|0 fnt
|faint|p2a: Quagsire
|
|-weather|RainDance|[upkeep]
|upkeep
|
|t:|1598712894
|switch|p2a: Tentacruel|Tentacruel, F|100/100
|-damage|p2a: Tentacruel|88/100|[from] Stealth Rock
|turn|17
|
|t:|1598712900
|move|p1a: Dragoon|Outrage|p2a: Tentacruel|[from]lockedmove
|-damage|p2a: Tentacruel|0 fnt
|faint|p2a: Tentacruel
|
|-weather|RainDance|[upkeep]
|upkeep
|
|t:|1598712906
|switch|p2a: Chansey|Chansey, F|100/100
|-damage|p2a: Chansey|88/100|[from] Stealth Rock
|turn|18
|
|t:|1598712909
|move|p1a: Dragoon|Outrage|p2a: Chansey|[from]lockedmove
|-damage|p2a: Chansey|14/100
|-start|p1a: Dragoon|confusion|[fatigue]
|move|p2a: Chansey|Toxic|p1a: Dragoon
|-status|p1a: Dragoon|tox
|
|-weather|RainDance|[upkeep]
|-damage|p1a: Dragoon|70/100 tox|[from] psn
|upkeep
|turn|19
|
|t:|1598712919
|switch|p1a: I CAN FLY I SWEAR|Scizor, M, shiny|100/100
|-damage|p1a: I CAN FLY I SWEAR|88/100|[from] Stealth Rock
|move|p2a: Chansey|Soft-Boiled|p2a: Chansey
|-heal|p2a: Chansey|65/100
|
|-weather|RainDance|[upkeep]
|upkeep
|turn|20
|
|t:|1598712926
|move|p1a: I CAN FLY I SWEAR|U-turn|p2a: Chansey
|-damage|p2a: Chansey|24/100
|
|t:|1598712929
|switch|p1a: TRIANGOLO|Latios, M|64/100 tox|[from]move: U-turn
|-damage|p1a: TRIANGOLO|52/100 tox|[from] Stealth Rock
|move|p2a: Chansey|Soft-Boiled|p2a: Chansey
|-heal|p2a: Chansey|74/100
|
|-weather|RainDance|[upkeep]
|-damage|p1a: TRIANGOLO|46/100 tox|[from] psn
|upkeep
|turn|21
|
|t:|1598712938
|switch|p2a: Dragonite|Dragonite, M|100/100
|-damage|p2a: Dragonite|76/100|[from] Stealth Rock
|move|p1a: TRIANGOLO|Psyshock|p2a: Dragonite
|-damage|p2a: Dragonite|38/100
|
|-weather|RainDance|[upkeep]
|-heal|p2a: Dragonite|44/100|[from] item: Leftovers
|-damage|p1a: TRIANGOLO|34/100 tox|[from] psn
|upkeep
|turn|22
|
|t:|1598712954
|move|p1a: TRIANGOLO|Psyshock|p2a: Dragonite
|-damage|p2a: Dragonite|4/100
|move|p2a: Dragonite|Roost|p2a: Dragonite
|-heal|p2a: Dragonite|54/100
|-singleturn|p2a: Dragonite|move: Roost
|
|-weather|RainDance|[upkeep]
|-heal|p2a: Dragonite|61/100|[from] item: Leftovers
|-damage|p1a: TRIANGOLO|16/100 tox|[from] psn
|upkeep
|turn|23
|
|t:|1598712961
|switch|p1a: +idraggedu-|Magnezone, shiny|100/100
|-damage|p1a: +idraggedu-|94/100|[from] Stealth Rock
|move|p2a: Dragonite|Roost|p2a: Dragonite
|-heal|p2a: Dragonite|100/100
|-singleturn|p2a: Dragonite|move: Roost
|
|-weather|RainDance|[upkeep]
|upkeep
|turn|24
|
|t:|1598712970
|move|p1a: +idraggedu-|Discharge|p2a: Dragonite
|-damage|p2a: Dragonite|79/100
|move|p2a: Dragonite|Dragon Tail|p1a: +idraggedu-
|-resisted|p1a: +idraggedu-
|-crit|p1a: +idraggedu-
|-damage|p1a: +idraggedu-|66/100
|drag|p1a: TRIANGOLO|Latios, M|16/100 tox
|-damage|p1a: TRIANGOLO|4/100 tox|[from] Stealth Rock
|
|-weather|RainDance|[upkeep]
|-heal|p2a: Dragonite|85/100|[from] item: Leftovers
|-damage|p1a: TRIANGOLO|0 fnt|[from] psn
|faint|p1a: TRIANGOLO
|upkeep
|
|t:|1598712987
|switch|p1a: RADIO ITALIANA|Kyurem-Black, shiny|100/100
|-damage|p1a: RADIO ITALIANA|76/100|[from] Stealth Rock
|-ability|p1a: RADIO ITALIANA|Teravolt
|turn|25
|
|t:|1598713001
|move|p1a: RADIO ITALIANA|Outrage|p2a: Dragonite
|-supereffective|p2a: Dragonite
|-damage|p2a: Dragonite|0 fnt
|faint|p2a: Dragonite
|
|-weather|RainDance|[upkeep]
|upkeep
|l| testfiofj
|
|t:|1598713006
|switch|p2a: Chansey|Chansey, F|74/100
|-damage|p2a: Chansey|61/100|[from] Stealth Rock
|turn|26
|
|t:|1598713009
|move|p1a: RADIO ITALIANA|Outrage|p2a: Chansey|[from]lockedmove
|-crit|p2a: Chansey
|-damage|p2a: Chansey|0 fnt
|faint|p2a: Chansey
|
|-weather|RainDance|[upkeep]
|upkeep
|
|t:|1598713012
|switch|p2a: Politoed|Politoed, M|76/100
|-damage|p2a: Politoed|64/100|[from] Stealth Rock
|turn|27
|
|t:|1598713015
|move|p2a: Politoed|Protect|p2a: Politoed
|-singleturn|p2a: Politoed|Protect
|move|p1a: RADIO ITALIANA|Outrage|p2a: Politoed|[from]lockedmove
|-activate|p2a: Politoed|move: Protect
|-start|p1a: RADIO ITALIANA|confusion|[fatigue]
|
|-weather|RainDance|[upkeep]
|-heal|p2a: Politoed|70/100|[from] item: Leftovers
|upkeep
|turn|28
|
|t:|1598713026
|-activate|p1a: RADIO ITALIANA|confusion
|-damage|p1a: RADIO ITALIANA|60/100|[from] confusion
|move|p2a: Politoed|Toxic|p1a: RADIO ITALIANA
|-status|p1a: RADIO ITALIANA|tox
|
|-weather|RainDance|[upkeep]
|-heal|p2a: Politoed|76/100|[from] item: Leftovers
|-damage|p1a: RADIO ITALIANA|54/100 tox|[from] psn
|upkeep
|turn|29
|
|t:|1598713033
|move|p2a: Politoed|Protect|p2a: Politoed
|-singleturn|p2a: Politoed|Protect
|-activate|p1a: RADIO ITALIANA|confusion
|move|p1a: RADIO ITALIANA|Outrage|p2a: Politoed
|-activate|p2a: Politoed|move: Protect
|
|-weather|RainDance|[upkeep]
|-heal|p2a: Politoed|82/100|[from] item: Leftovers
|-damage|p1a: RADIO ITALIANA|41/100 tox|[from] psn
|upkeep
|turn|30
|
|t:|1598713050
|move|p2a: Politoed|Protect||[still]
|-fail|p2a: Politoed
|-activate|p1a: RADIO ITALIANA|confusion
|move|p1a: RADIO ITALIANA|Outrage|p2a: Politoed
|-damage|p2a: Politoed|15/100
|
|-weather|RainDance|[upkeep]
|-heal|p2a: Politoed|21/100|[from] item: Leftovers
|-damage|p1a: RADIO ITALIANA|23/100 tox|[from] psn
|upkeep
|turn|31
|
|t:|1598713059
|move|p2a: Politoed|Protect|p2a: Politoed
|-singleturn|p2a: Politoed|Protect
|-end|p1a: RADIO ITALIANA|confusion
|move|p1a: RADIO ITALIANA|Outrage|p2a: Politoed|[from]lockedmove
|-activate|p2a: Politoed|move: Protect
|-start|p1a: RADIO ITALIANA|confusion|[fatigue]
|
|-weather|RainDance|[upkeep]
|-heal|p2a: Politoed|27/100|[from] item: Leftovers
|-damage|p1a: RADIO ITALIANA|0 fnt|[from] psn
|faint|p1a: RADIO ITALIANA
|upkeep
|
|t:|1598713063
|switch|p1a: +idraggedu-|Magnezone, shiny|66/100
|-damage|p1a: +idraggedu-|60/100|[from] Stealth Rock
|turn|32
|
|t:|1598713075
|move|p1a: +idraggedu-|Volt Switch|p2a: Politoed
|-supereffective|p2a: Politoed
|-damage|p2a: Politoed|0 fnt
|faint|p2a: Politoed
|
|win|leleenabbo
|l|☆goldenfirewolf
|raw|leleenabbo's rating: 1454 &rarr; <strong>1469</strong><br />(+15 for winning)
|raw|goldenfirewolf's rating: 1365 &rarr; <strong>1350</strong><br />(-15 for losing)
