|join|Eber Alakazam
|join|Pythagorean Python
|player|p1|Eber Alakazam|1
|player|p2|Pythagorean Python|2
|gametype|singles
|gen|5
|tier|[Gen 5] OU
|rated
|rule|Evasion Abilities Clause: Evasion abilities are banned
|clearpoke
|poke|p1|Blissey, F
|poke|p1|Skarmory, M
|poke|p1|Ferrothorn, M
|poke|p1|Tentacruel, M
|poke|p1|Politoed, M
|poke|p1|Jirachi
|poke|p2|Ninetales, M
|poke|p2|Darmanitan, M
|poke|p2|Victreebel, M
|poke|p2|Shiftry, F
|poke|p2|Forretress, M
|poke|p2|Raikou, shiny
|rule|Sleep Clause Mod: Limit one foe put to sleep
|rule|Species Clause: Limit one of each Pokémon
|rule|OHKO Clause: OHKO moves are banned
|rule|Moody Clause: Moody is banned
|rule|Evasion Moves Clause: Evasion moves are banned
|rule|Endless Battle Clause: Forcing endless battles is banned
|rule|HP Percentage Mod: HP is reported as percentages
|teampreview
|
|start
|switch|p1a: Ferrothorn|Ferrothorn, M|351/351
|switch|p2a: Darmanitan|Darmanitan, M|351/351
|turn|1
|
|switch|p1a: Politoed|Politoed, M|384/384
|-weather|RainDance|[from] ability: Drizzle|[of] p1a: Politoed
|move|p2a: Darmanitan|U-turn|p1a: Politoed
|-damage|p1a: Politoed|299/384
|
|switch|p2a: Ninetales|Ninetales, M|288/288
|-weather|SunnyDay|[from] ability: Drought|[of] p2a: Ninetales
|
|-weather|SunnyDay|[upkeep]
|-heal|p1a: Politoed|323/384|[from] item: Leftovers
|turn|2
|
|switch|p1a: Blissey|Blissey, F|714/714
|move|p2a: Ninetales|Fire Blast|p1a: Blissey
|-damage|p1a: Blissey|447/714
|-status|p1a: Blissey|brn
|
|-weather|SunnyDay|[upkeep]
|-heal|p1a: Blissey|491/714 brn|[from] item: Leftovers
|-damage|p1a: Blissey|402/714 brn|[from] brn
|turn|3
|
|move|p2a: Ninetales|Fire Blast|p1a: Blissey
|-damage|p1a: Blissey|135/714 brn
|move|p1a: Blissey|Toxic|p2a: Ninetales
|-status|p2a: Ninetales|tox
|
|-weather|SunnyDay|[upkeep]
|-heal|p1a: Blissey|179/714 brn|[from] item: Leftovers
|-damage|p2a: Ninetales|270/288 tox|[from] psn
|-damage|p1a: Blissey|90/714 brn|[from] brn
|turn|4
|
|switch|p2a: Darmanitan|Darmanitan, M|351/351
|switch|p1a: Politoed|Politoed, M|323/384
|-weather|RainDance|[from] ability: Drizzle|[of] p1a: Politoed
|
|-weather|RainDance|[upkeep]
|-heal|p1a: Politoed|347/384|[from] item: Leftovers
|turn|5
|
|move|p2a: Darmanitan|U-turn|p1a: Politoed
|-damage|p1a: Politoed|267/384
|
|switch|p2a: Ninetales|Ninetales, M|270/288 tox
|-weather|SunnyDay|[from] ability: Drought|[of] p2a: Ninetales
|move|p1a: Politoed|Scald|p2a: Ninetales
|-supereffective|p2a: Ninetales
|-damage|p2a: Ninetales|184/288 tox
|
|-weather|SunnyDay|[upkeep]
|-heal|p1a: Politoed|291/384|[from] item: Leftovers
|-damage|p2a: Ninetales|166/288 tox|[from] psn
|turn|6
|
|move|p1a: Politoed|Protect|p1a: Politoed
|-singleturn|p1a: Politoed|Protect
|move|p2a: Ninetales|Energy Ball|p1a: Politoed
|-activate|p1a: Politoed|Protect
|
|-weather|SunnyDay|[upkeep]
|-heal|p1a: Politoed|315/384|[from] item: Leftovers
|-damage|p2a: Ninetales|130/288 tox|[from] psn
|turn|7
|
|switch|p2a: Shiftry|Shiftry, F|321/321
|switch|p1a: Tentacruel|Tentacruel, M|364/364
|
|-weather|SunnyDay|[upkeep]
|turn|8
|
|move|p2a: Shiftry|Growth|p2a: Shiftry
|-boost|p2a: Shiftry|atk|2
|-boost|p2a: Shiftry|spa|2
|move|p1a: Tentacruel|Scald|p2a: Shiftry
|-resisted|p2a: Shiftry
|-damage|p2a: Shiftry|294/321
|
|-weather|SunnyDay|[upkeep]
|turn|9
|
|switch|p1a: Politoed|Politoed, M|315/384
|-weather|RainDance|[from] ability: Drizzle|[of] p1a: Politoed
|move|p2a: Shiftry|Seed Bomb|p1a: Politoed
|-supereffective|p1a: Politoed
|-damage|p1a: Politoed|0 fnt
|-damage|p2a: Shiftry|262/321|[from] item: Life Orb
|faint|p1a: Politoed
|
|-weather|RainDance|[upkeep]
|
|switch|p1a: Jirachi|Jirachi|404/404
|turn|10
|
|switch|p2a: Ninetales|Ninetales, M|130/288 tox
|-weather|SunnyDay|[from] ability: Drought|[of] p2a: Ninetales
|move|p1a: Jirachi|Calm Mind|p1a: Jirachi
|-boost|p1a: Jirachi|spa|1
|-boost|p1a: Jirachi|spd|1
|
|-weather|SunnyDay|[upkeep]
|-damage|p2a: Ninetales|112/288 tox|[from] psn
|turn|11
|
|move|p1a: Jirachi|Psychic|p2a: Ninetales
|-crit|p2a: Ninetales
|-damage|p2a: Ninetales|0 fnt
|faint|p2a: Ninetales
|
|-weather|SunnyDay|[upkeep]
|
|switch|p2a: Darmanitan|Darmanitan, M|351/351
|turn|12
|
|switch|p1a: Tentacruel|Tentacruel, M|364/364
|move|p2a: Darmanitan|Flare Blitz|p1a: Tentacruel
|-resisted|p1a: Tentacruel
|-damage|p1a: Tentacruel|149/364
|-damage|p2a: Darmanitan|280/351|[from] recoil|[of] p1a: Tentacruel
|
|-weather|SunnyDay|[upkeep]
|-heal|p1a: Tentacruel|171/364|[from] item: Black Sludge
|turn|13
|
|move|p1a: Tentacruel|Protect|p1a: Tentacruel
|-singleturn|p1a: Tentacruel|Protect
|move|p2a: Darmanitan|Flare Blitz|p1a: Tentacruel
|-activate|p1a: Tentacruel|Protect
|
|-weather|SunnyDay|[upkeep]
|-heal|p1a: Tentacruel|193/364|[from] item: Black Sludge
|turn|14
|
|move|p2a: Darmanitan|Flare Blitz|p1a: Tentacruel
|-resisted|p1a: Tentacruel
|-damage|p1a: Tentacruel|0 fnt
|-damage|p2a: Darmanitan|216/351|[from] recoil|[of] p1a: Tentacruel
|faint|p1a: Tentacruel
|
|-weather|SunnyDay|[upkeep]
|
|switch|p1a: Jirachi|Jirachi|404/404
|turn|15
|
|move|p2a: Darmanitan|Flare Blitz|p1a: Jirachi
|-supereffective|p1a: Jirachi
|-damage|p1a: Jirachi|0 fnt
|-damage|p2a: Darmanitan|83/351|[from] recoil|[of] p1a: Jirachi
|faint|p1a: Jirachi
|
|-weather|SunnyDay|[upkeep]
|
|switch|p1a: Skarmory|Skarmory, M|334/334
|turn|16
|
|move|p2a: Darmanitan|Flare Blitz|p1a: Skarmory
|-supereffective|p1a: Skarmory
|-activate|p1a: Skarmory|Sturdy
|-damage|p1a: Skarmory|1/334
|-damage|p2a: Darmanitan|25/351|[from] item: Rocky Helmet|[of] p1a: Skarmory
|-damage|p2a: Darmanitan|0 fnt|[from] recoil|[of] p1a: Skarmory
|faint|p2a: Darmanitan
|move|p1a: Skarmory|Roost|p1a: Skarmory
|-heal|p1a: Skarmory|168/334
|
|-weather|SunnyDay|[upkeep]
|
|switch|p2a: Raikou|Raikou, shiny|322/322
|-ability|p2a: Raikou|Pressure
|turn|17
|
|switch|p1a: Ferrothorn|Ferrothorn, M|351/351
|move|p2a: Raikou|Thunderbolt|p1a: Ferrothorn
|-resisted|p1a: Ferrothorn
|-damage|p1a: Ferrothorn|277/351
|-damage|p2a: Raikou|290/322|[from] item: Life Orb
|
|-weather|SunnyDay|[upkeep]
|-heal|p1a: Ferrothorn|298/351|[from] item: Leftovers
|turn|18
|
|move|p2a: Raikou|Weather Ball|p1a: Ferrothorn
|-supereffective|p1a: Ferrothorn
|-damage|p1a: Ferrothorn|0 fnt
|-damage|p2a: Raikou|258/322|[from] item: Life Orb
|faint|p1a: Ferrothorn
|
|-weather|SunnyDay|[upkeep]
|
|switch|p1a: Blissey|Blissey, F|90/714
|turn|19
|
|move|p2a: Raikou|Weather Ball|p1a: Blissey
|-damage|p1a: Blissey|0 fnt
|-damage|p2a: Raikou|226/322|[from] item: Life Orb
|faint|p1a: Blissey
|
|-weather|SunnyDay|[upkeep]
|
|switch|p1a: Skarmory|Skarmory, M|168/334
|turn|20
|
|move|p2a: Raikou|Thunderbolt|p1a: Skarmory
|-supereffective|p1a: Skarmory
|-damage|p1a: Skarmory|0 fnt
|-damage|p2a: Raikou|194/322|[from] item: Life Orb
|faint|p1a: Skarmory
|
|win|Pythagorean Python
|raw|Ladder updating...
|raw|Eber Alakazam's rating: 1490 &rarr; <strong>1462</strong><br />(-28 for losing)
|raw|Pythagorean Python's rating: 1350 &rarr; <strong>1377</strong><br />(+27 for winning)
|chat|Pythagorean Python|gg