|j|☆Nice Mice
|j|☆testbwou
|t:|1711274270
|gametype|singles
|player|p1|Nice Mice|colress|1316
|player|p2|testbwou|1|1397
|teamsize|p1|6
|teamsize|p2|6
|gen|5
|tier|[Gen 5] OU
|rated|
|rule|Species Clause: Limit one of each Pokémon
|rule|OHKO Clause: OHKO moves are banned
|rule|Moody Clause: Moody is banned
|rule|Evasion Items Clause: Evasion items are banned
|rule|Evasion Moves Clause: Evasion moves are banned
|rule|Endless Battle Clause: Forcing endless battles is banned
|rule|HP Percentage Mod: HP is shown in percentages
|rule|Evasion Abilities Clause: Evasion abilities are banned
|rule|Sleep Moves Clause: Sleep-inducing moves are banned
|rule|Swagger Clause: Swagger is banned
|rule|Baton Pass Stat Clause: No Baton Passer may have a way to boost its stats
|clearpoke
|poke|p1|Reuniclus, M|item
|poke|p1|Alakazam, M|item
|poke|p1|Ferrothorn, M|item
|poke|p1|Landorus-Therian, M|item
|poke|p1|Tyranitar, F|item
|poke|p1|Jellicent, M|item
|poke|p2|Riolu, F|item
|poke|p2|Forretress, M|item
|poke|p2|Shedinja|item
|poke|p2|Politoed, F|item
|poke|p2|Gengar, F|item
|poke|p2|Starmie|item
|teampreview
|inactive|Battle timer is ON: inactive players will automatically lose when time's up. (requested by testbwou)
|
|t:|1711274280
|start
|switch|p1a: Ferrothorn|Ferrothorn, M|100/100
|switch|p2a: Forretress|Forretress, M|100/100
|turn|1
|
|t:|1711274291
|move|p2a: Forretress|Stealth Rock|p1a: Ferrothorn
|-sidestart|p1: Nice Mice|move: Stealth Rock
|move|p1a: Ferrothorn|Spikes|p2a: Forretress
|-sidestart|p2: testbwou|Spikes
|
|upkeep
|turn|2
|
|t:|1711274297
|move|p2a: Forretress|Spikes|p1a: Ferrothorn
|-sidestart|p1: Nice Mice|Spikes
|move|p1a: Ferrothorn|Spikes|p2a: Forretress
|-sidestart|p2: testbwou|Spikes
|
|upkeep
|turn|3
|
|t:|1711274303
|move|p2a: Forretress|Spikes|p1a: Ferrothorn
|-sidestart|p1: Nice Mice|Spikes
|move|p1a: Ferrothorn|Spikes|p2a: Forretress
|-sidestart|p2: testbwou|Spikes
|
|upkeep
|turn|4
|
|t:|1711274311
|move|p2a: Forretress|Spikes|p1a: Ferrothorn
|-sidestart|p1: Nice Mice|Spikes
|move|p1a: Ferrothorn|Leech Seed|p2a: Forretress
|-start|p2a: Forretress|move: Leech Seed
|
|-damage|p2a: Forretress|88/100|[from] Leech Seed|[of] p1a: Ferrothorn
|upkeep
|turn|5
|
|t:|1711274319
|switch|p1a: Jellicent|Jellicent, M|100/100
|-damage|p1a: Jellicent|88/100|[from] Stealth Rock
|-damage|p1a: Jellicent|63/100|[from] Spikes
|move|p2a: Forretress|Volt Switch|p1a: Jellicent
|-supereffective|p1a: Jellicent
|-damage|p1a: Jellicent|42/100
|
|t:|1711274321
|switch|p2a: Gengar|Gengar, F|100/100|[from] Volt Switch
|
|-heal|p1a: Jellicent|48/100|[from] item: Leftovers
|upkeep
|turn|6
|
|t:|1711274336
|move|p2a: Gengar|Shadow Ball|p1a: Jellicent
|-supereffective|p1a: Jellicent
|-damage|p1a: Jellicent|0 fnt
|faint|p1a: Jellicent
|-damage|p2a: Gengar|91/100|[from] item: Life Orb
|
|upkeep
|
|t:|1711274348
|switch|p1a: Tyranitar|Tyranitar, F|100/100
|-damage|p1a: Tyranitar|88/100|[from] Stealth Rock
|-damage|p1a: Tyranitar|63/100|[from] Spikes
|-weather|Sandstorm|[from] ability: Sand Stream|[of] p1a: Tyranitar
|turn|7
|
|t:|1711274356
|move|p2a: Gengar|Focus Blast|p1a: Tyranitar|[miss]
|-miss|p2a: Gengar|p1a: Tyranitar
|move|p1a: Tyranitar|Pursuit|p2a: Gengar
|-supereffective|p2a: Gengar
|-damage|p2a: Gengar|21/100
|
|-weather|Sandstorm|[upkeep]
|-damage|p2a: Gengar|15/100|[from] Sandstorm
|upkeep
|turn|8
|
|t:|1711274368
|move|p2a: Gengar|Focus Blast|p1a: Tyranitar
|-supereffective|p1a: Tyranitar
|-enditem|p1a: Tyranitar|Chople Berry|[eat]
|-enditem|p1a: Tyranitar|Chople Berry|[weaken]
|-damage|p1a: Tyranitar|15/100
|-damage|p2a: Gengar|5/100|[from] item: Life Orb
|move|p1a: Tyranitar|Stealth Rock|p2a: Gengar
|-sidestart|p2: testbwou|move: Stealth Rock
|
|-weather|Sandstorm|[upkeep]
|-damage|p2a: Gengar|0 fnt|[from] Sandstorm
|faint|p2a: Gengar
|upkeep
|
|t:|1711274374
|switch|p2a: Forretress|Forretress, M|88/100
|-damage|p2a: Forretress|63/100|[from] Spikes
|-damage|p2a: Forretress|51/100|[from] Stealth Rock
|turn|9
|inactive|Nice Mice has 120 seconds left.
|j| WHZKB
|
|t:|1711274414
|move|p2a: Forretress|Rapid Spin|p1a: Tyranitar
|-resisted|p1a: Tyranitar
|-damage|p1a: Tyranitar|13/100
|-sideend|p2: testbwou|Spikes|[from] move: Rapid Spin|[of] p2a: Forretress
|-sideend|p2: testbwou|Stealth Rock|[from] move: Rapid Spin|[of] p2a: Forretress
|move|p1a: Tyranitar|Rock Slide|p2a: Forretress
|-damage|p2a: Forretress|20/100
|
|-weather|Sandstorm|[upkeep]
|upkeep
|turn|10
|
|t:|1711274429
|switch|p2a: Politoed|Politoed, F|100/100
|-weather|RainDance|[from] ability: Drizzle|[of] p2a: Politoed
|move|p1a: Tyranitar|Stealth Rock|p2a: Politoed
|-sidestart|p2: testbwou|move: Stealth Rock
|
|-weather|RainDance|[upkeep]
|upkeep
|turn|11
|inactive|Nice Mice has 120 seconds left.
|
|t:|1711274438
|move|p2a: Politoed|Surf|p1a: Tyranitar
|-supereffective|p1a: Tyranitar
|-damage|p1a: Tyranitar|0 fnt
|faint|p1a: Tyranitar
|
|-weather|RainDance|[upkeep]
|upkeep
|inactive|Nice Mice has 120 seconds left.
|
|t:|1711274447
|switch|p1a: Reuniclus|Reuniclus, M|100/100
|turn|12
|
|t:|1711274451
|move|p2a: Politoed|Surf|p1a: Reuniclus
|-damage|p1a: Reuniclus|46/100
|move|p1a: Reuniclus|Recover|p1a: Reuniclus
|-heal|p1a: Reuniclus|96/100
|
|-weather|RainDance|[upkeep]
|-heal|p1a: Reuniclus|100/100|[from] item: Leftovers
|upkeep
|turn|13
|
|t:|1711274461
|move|p2a: Politoed|Surf|p1a: Reuniclus
|-damage|p1a: Reuniclus|46/100
|move|p1a: Reuniclus|Calm Mind|p1a: Reuniclus
|-boost|p1a: Reuniclus|spa|1
|-boost|p1a: Reuniclus|spd|1
|
|-weather|RainDance|[upkeep]
|-heal|p1a: Reuniclus|52/100|[from] item: Leftovers
|upkeep
|turn|14
|
|t:|1711274471
|move|p2a: Politoed|Surf|p1a: Reuniclus
|-damage|p1a: Reuniclus|19/100
|move|p1a: Reuniclus|Recover|p1a: Reuniclus
|-heal|p1a: Reuniclus|69/100
|
|-weather|RainDance|[upkeep]
|-heal|p1a: Reuniclus|75/100|[from] item: Leftovers
|upkeep
|turn|15
|
|t:|1711274481
|switch|p2a: Forretress|Forretress, M|20/100
|-damage|p2a: Forretress|7/100|[from] Stealth Rock
|move|p1a: Reuniclus|Calm Mind|p1a: Reuniclus
|-boost|p1a: Reuniclus|spa|1
|-boost|p1a: Reuniclus|spd|1
|
|-weather|RainDance|[upkeep]
|-heal|p1a: Reuniclus|81/100|[from] item: Leftovers
|upkeep
|turn|16
|-enditem|p2a: Forretress|Custap Berry|[eat]
|-activate|p2a: Forretress|item: Custap Berry|[consumed]
|
|t:|1711274491
|move|p2a: Forretress|Rapid Spin|p1a: Reuniclus
|-damage|p1a: Reuniclus|78/100
|-sideend|p2: testbwou|Stealth Rock|[from] move: Rapid Spin|[of] p2a: Forretress
|move|p1a: Reuniclus|Psyshock|p2a: Forretress
|-resisted|p2a: Forretress
|-damage|p2a: Forretress|0 fnt
|faint|p2a: Forretress
|
|-weather|RainDance|[upkeep]
|-heal|p1a: Reuniclus|84/100|[from] item: Leftovers
|upkeep
|
|t:|1711274494
|switch|p2a: Riolu|Riolu, F|100/100
|turn|17
|
|t:|1711274508
|move|p1a: Reuniclus|Psyshock|p2a: Riolu
|-supereffective|p2a: Riolu
|-enditem|p2a: Riolu|Focus Sash
|-damage|p2a: Riolu|1/100
|move|p2a: Riolu|Roar|p1a: Reuniclus
|drag|p1a: Landorus|Landorus-Therian, M|100/100
|-damage|p1a: Landorus|88/100|[from] Stealth Rock
|-ability|p1a: Landorus|Intimidate|boost
|-unboost|p2a: Riolu|atk|1
|
|-weather|RainDance|[upkeep]
|upkeep
|turn|18
|
|t:|1711274520
|move|p2a: Riolu|Copycat|p2a: Riolu
|move|p2a: Riolu|Roar|p1a: Landorus|[from]move: Copycat
|drag|p1a: Alakazam|Alakazam, M|100/100
|
|-weather|RainDance|[upkeep]
|upkeep
|turn|19
|
|t:|1711274531
|move|p2a: Riolu|Copycat|p2a: Riolu
|move|p2a: Riolu|Roar|p1a: Alakazam|[from]move: Copycat
|drag|p1a: Landorus|Landorus-Therian, M|88/100
|-damage|p1a: Landorus|76/100|[from] Stealth Rock
|-ability|p1a: Landorus|Intimidate|boost
|-unboost|p2a: Riolu|atk|1
|
|-weather|RainDance|[upkeep]
|upkeep
|turn|20
|
|t:|1711274541
|move|p2a: Riolu|Copycat|p2a: Riolu
|move|p2a: Riolu|Roar|p1a: Landorus|[from]move: Copycat
|drag|p1a: Reuniclus|Reuniclus, M|84/100
|
|-weather|RainDance|[upkeep]
|-heal|p1a: Reuniclus|90/100|[from] item: Leftovers
|upkeep
|turn|21
|
|t:|1711274549
|move|p2a: Riolu|Copycat|p2a: Riolu
|move|p2a: Riolu|Roar|p1a: Reuniclus|[from]move: Copycat
|drag|p1a: Alakazam|Alakazam, M|100/100
|
|-weather|RainDance|[upkeep]
|upkeep
|turn|22
|
|t:|1711274557
|move|p2a: Riolu|Copycat|p2a: Riolu
|move|p2a: Riolu|Roar|p1a: Alakazam|[from]move: Copycat
|drag|p1a: Reuniclus|Reuniclus, M|90/100
|
|-weather|RainDance|[upkeep]
|-heal|p1a: Reuniclus|96/100|[from] item: Leftovers
|upkeep
|turn|23
|
|t:|1711274567
|move|p2a: Riolu|Copycat|p2a: Riolu
|move|p2a: Riolu|Roar|p1a: Reuniclus|[from]move: Copycat
|drag|p1a: Ferrothorn|Ferrothorn, M|100/100
|-damage|p1a: Ferrothorn|94/100|[from] Stealth Rock
|-damage|p1a: Ferrothorn|69/100|[from] Spikes
|
|-weather|RainDance|[upkeep]
|-heal|p1a: Ferrothorn|75/100|[from] item: Leftovers
|upkeep
|turn|24
|
|t:|1711274577
|move|p1a: Ferrothorn|Protect|p1a: Ferrothorn
|-singleturn|p1a: Ferrothorn|Protect
|move|p2a: Riolu|Copycat||[still]
|-fail|p2a: Riolu
|
|-weather|RainDance|[upkeep]
|-heal|p1a: Ferrothorn|82/100|[from] item: Leftovers
|upkeep
|turn|25
|
|t:|1711274587
|move|p1a: Ferrothorn|Spikes|p2a: Riolu
|-sidestart|p2: testbwou|Spikes
|move|p2a: Riolu|Roar|p1a: Ferrothorn
|drag|p1a: Landorus|Landorus-Therian, M|76/100
|-damage|p1a: Landorus|64/100|[from] Stealth Rock
|-ability|p1a: Landorus|Intimidate|boost
|-unboost|p2a: Riolu|atk|1
|
|-weather|RainDance|[upkeep]
|upkeep
|turn|26
|
|t:|1711274598
|move|p2a: Riolu|Copycat|p2a: Riolu
|move|p2a: Riolu|Roar|p1a: Landorus|[from]move: Copycat
|drag|p1a: Ferrothorn|Ferrothorn, M|82/100
|-damage|p1a: Ferrothorn|75/100|[from] Stealth Rock
|-damage|p1a: Ferrothorn|50/100|[from] Spikes
|
|-weather|RainDance|[upkeep]
|-heal|p1a: Ferrothorn|57/100|[from] item: Leftovers
|upkeep
|turn|27
|
|t:|1711274609
|move|p1a: Ferrothorn|Protect|p1a: Ferrothorn
|-singleturn|p1a: Ferrothorn|Protect
|move|p2a: Riolu|Roar|p1a: Ferrothorn
|-activate|p1a: Ferrothorn|move: Protect
|
|-weather|RainDance|[upkeep]
|-heal|p1a: Ferrothorn|63/100|[from] item: Leftovers
|upkeep
|turn|28
|
|t:|1711274630
|move|p2a: Riolu|Copycat|p2a: Riolu
|move|p2a: Riolu|Roar|p1a: Ferrothorn|[from]move: Copycat
|drag|p1a: Landorus|Landorus-Therian, M|64/100
|-damage|p1a: Landorus|52/100|[from] Stealth Rock
|-ability|p1a: Landorus|Intimidate|boost
|-unboost|p2a: Riolu|atk|1
|
|-weather|RainDance|[upkeep]
|upkeep
|turn|29
|
|t:|1711274643
|move|p2a: Riolu|Copycat|p2a: Riolu
|move|p2a: Riolu|Roar|p1a: Landorus|[from]move: Copycat
|drag|p1a: Reuniclus|Reuniclus, M|96/100
|
|-weather|RainDance|[upkeep]
|-heal|p1a: Reuniclus|100/100|[from] item: Leftovers
|upkeep
|turn|30
|
|t:|1711274654
|move|p2a: Riolu|Copycat|p2a: Riolu
|move|p2a: Riolu|Roar|p1a: Reuniclus|[from]move: Copycat
|drag|p1a: Alakazam|Alakazam, M|100/100
|
|-weather|RainDance|[upkeep]
|upkeep
|turn|31
|
|t:|1711274662
|move|p2a: Riolu|Copycat|p2a: Riolu
|move|p2a: Riolu|Roar|p1a: Alakazam|[from]move: Copycat
|drag|p1a: Landorus|Landorus-Therian, M|52/100
|-damage|p1a: Landorus|39/100|[from] Stealth Rock
|-ability|p1a: Landorus|Intimidate|boost
|-unboost|p2a: Riolu|atk|1
|
|-weather|RainDance|[upkeep]
|upkeep
|turn|32
|
|t:|1711274671
|move|p2a: Riolu|Copycat|p2a: Riolu
|move|p2a: Riolu|Roar|p1a: Landorus|[from]move: Copycat
|drag|p1a: Reuniclus|Reuniclus, M|100/100
|
|-weather|RainDance|[upkeep]
|upkeep
|turn|33
|
|t:|1711274679
|move|p2a: Riolu|Copycat|p2a: Riolu
|move|p2a: Riolu|Roar|p1a: Reuniclus|[from]move: Copycat
|drag|p1a: Alakazam|Alakazam, M|100/100
|
|-weather|RainDance|[upkeep]
|upkeep
|turn|34
|
|t:|1711274687
|move|p2a: Riolu|Copycat|p2a: Riolu
|move|p2a: Riolu|Roar|p1a: Alakazam|[from]move: Copycat
|drag|p1a: Ferrothorn|Ferrothorn, M|63/100
|-damage|p1a: Ferrothorn|57/100|[from] Stealth Rock
|-damage|p1a: Ferrothorn|32/100|[from] Spikes
|
|-weather|RainDance|[upkeep]
|-heal|p1a: Ferrothorn|38/100|[from] item: Leftovers
|upkeep
|turn|35
|
|t:|1711274708
|move|p1a: Ferrothorn|Gyro Ball|p2a: Riolu
|-damage|p2a: Riolu|0 fnt
|faint|p2a: Riolu
|
|-weather|RainDance|[upkeep]
|-heal|p1a: Ferrothorn|44/100|[from] item: Leftovers
|upkeep
|
|t:|1711274712
|switch|p2a: Starmie|Starmie|100/100
|-damage|p2a: Starmie|88/100|[from] Spikes
|turn|36
|
|t:|1711274720
|move|p2a: Starmie|Ice Beam|p1a: Ferrothorn
|-damage|p1a: Ferrothorn|20/100
|-damage|p2a: Starmie|78/100|[from] item: Life Orb
|move|p1a: Ferrothorn|Leech Seed|p2a: Starmie
|-start|p2a: Starmie|move: Leech Seed
|
|-weather|RainDance|[upkeep]
|-heal|p1a: Ferrothorn|27/100|[from] item: Leftovers
|-damage|p2a: Starmie|66/100|[from] Leech Seed|[of] p1a: Ferrothorn
|-heal|p1a: Ferrothorn|36/100|[silent]
|upkeep
|turn|37
|l|☆testbwou
|inactive|testbwou disconnected and has a minute to reconnect!
|player|p2|
|inactive|testbwou has 30 seconds to reconnect!
|l| WHZKB
|j|☆testbwou
|inactive|testbwou reconnected and has 105 seconds left.
|player|p2|testbwou|1
|j| WHZKB
|
|t:|1711274777
|move|p2a: Starmie|Rapid Spin|p1a: Ferrothorn
|-resisted|p1a: Ferrothorn
|-damage|p1a: Ferrothorn|34/100
|-damage|p2a: Starmie|54/100|[from] ability: Iron Barbs|[of] p1a: Ferrothorn
|-end|p2a: Starmie|Leech Seed|[from] move: Rapid Spin|[of] p2a: Starmie
|-sideend|p2: testbwou|Spikes|[from] move: Rapid Spin|[of] p2a: Starmie
|-damage|p2a: Starmie|44/100|[from] item: Life Orb
|move|p1a: Ferrothorn|Spikes|p2a: Starmie
|-sidestart|p2: testbwou|Spikes
|
|-weather|RainDance|[upkeep]
|-heal|p1a: Ferrothorn|41/100|[from] item: Leftovers
|upkeep
|turn|38
|
|t:|1711274788
|move|p2a: Starmie|Ice Beam|p1a: Ferrothorn
|-damage|p1a: Ferrothorn|14/100
|-damage|p2a: Starmie|34/100|[from] item: Life Orb
|move|p1a: Ferrothorn|Gyro Ball|p2a: Starmie
|-resisted|p2a: Starmie
|-damage|p2a: Starmie|0 fnt
|faint|p2a: Starmie
|
|-weather|RainDance|[upkeep]
|-heal|p1a: Ferrothorn|20/100|[from] item: Leftovers
|upkeep
|
|t:|1711274793
|switch|p2a: Politoed|Politoed, F|100/100
|-damage|p2a: Politoed|88/100|[from] Spikes
|turn|39
|
|t:|1711274796
|move|p1a: Ferrothorn|Protect|p1a: Ferrothorn
|-singleturn|p1a: Ferrothorn|Protect
|move|p2a: Politoed|Surf|p1a: Ferrothorn
|-activate|p1a: Ferrothorn|move: Protect
|
|-weather|RainDance|[upkeep]
|-heal|p1a: Ferrothorn|26/100|[from] item: Leftovers
|upkeep
|turn|40
|
|t:|1711274798
|move|p2a: Politoed|Surf|p1a: Ferrothorn
|-resisted|p1a: Ferrothorn
|-crit|p1a: Ferrothorn
|-damage|p1a: Ferrothorn|0 fnt
|faint|p1a: Ferrothorn
|
|-weather|RainDance|[upkeep]
|upkeep
|
|t:|1711274804
|switch|p1a: Reuniclus|Reuniclus, M|100/100
|turn|41
|
|t:|1711274807
|move|p2a: Politoed|Surf|p1a: Reuniclus
|-damage|p1a: Reuniclus|44/100
|move|p1a: Reuniclus|Calm Mind|p1a: Reuniclus
|-boost|p1a: Reuniclus|spa|1
|-boost|p1a: Reuniclus|spd|1
|
|-weather|RainDance|[upkeep]
|-heal|p1a: Reuniclus|50/100|[from] item: Leftovers
|upkeep
|turn|42
|
|t:|1711274809
|move|p2a: Politoed|Surf|p1a: Reuniclus
|-damage|p1a: Reuniclus|13/100
|move|p1a: Reuniclus|Recover|p1a: Reuniclus
|-heal|p1a: Reuniclus|63/100
|
|-weather|RainDance|[upkeep]
|-heal|p1a: Reuniclus|70/100|[from] item: Leftovers
|upkeep
|turn|43
|
|t:|1711274812
|move|p2a: Politoed|Surf|p1a: Reuniclus
|-damage|p1a: Reuniclus|35/100
|move|p1a: Reuniclus|Psyshock|p2a: Politoed
|-damage|p2a: Politoed|22/100
|
|-weather|RainDance|[upkeep]
|-heal|p1a: Reuniclus|41/100|[from] item: Leftovers
|upkeep
|turn|44
|
|t:|1711274814
|move|p2a: Politoed|Surf|p1a: Reuniclus
|-damage|p1a: Reuniclus|3/100
|move|p1a: Reuniclus|Recover|p1a: Reuniclus
|-heal|p1a: Reuniclus|53/100
|
|-weather|RainDance|[upkeep]
|-heal|p1a: Reuniclus|59/100|[from] item: Leftovers
|upkeep
|turn|45
|
|t:|1711274816
|move|p2a: Politoed|Surf|p1a: Reuniclus
|-damage|p1a: Reuniclus|24/100
|move|p1a: Reuniclus|Psyshock|p2a: Politoed
|-damage|p2a: Politoed|0 fnt
|faint|p2a: Politoed
|
|-weather|RainDance|[upkeep]
|-heal|p1a: Reuniclus|30/100|[from] item: Leftovers
|upkeep
|
|t:|1711274818
|switch|p2a: Shedinja|Shedinja|100/100
|-damage|p2a: Shedinja|0 fnt|[from] Spikes
|faint|p2a: Shedinja
|
|win|Nice Mice
|raw|Nice Mice's rating: 1316 &rarr; <strong>1341</strong><br />(+25 for winning)
|raw|testbwou's rating: 1397 &rarr; <strong>1372</strong><br />(-25 for losing)
|l|☆testbwou
|player|p2|
