|uhtml|medal-msg|<div class="broadcast-blue">Curious what those medals under the avatar are? PS now has Ladder Seasons! For more information, check out the <a href="https://www.smogon.com/forums/threads/3740067/">thread on Smogon.</a></div>
|uhtml|medal-msg|<div class="broadcast-blue">Curious what those medals under the avatar are? PS now has Ladder Seasons! For more information, check out the <a href="https://www.smogon.com/forums/threads/3740067/">thread on Smogon.</a></div>
|j|☆Renekton555
|j|☆BookofConke
|t:|1713509534
|gametype|singles
|player|p1|Renekton555|265|1344
|player|p2|BookofConke|silver-masters|1431
|teamsize|p1|6
|teamsize|p2|6
|gen|5
|tier|[Gen 5] OU
|rated|
|rule|Species Clause: Limit one of each Pokémon
|rule|OHKO Clause: OHKO moves are banned
|rule|Moody Clause: Moody is banned
|rule|Evasion Items Clause: Evasion items are banned
|rule|Evasion Moves Clause: Evasion moves are banned
|rule|Endless Battle Clause: Forcing endless battles is banned
|rule|HP Percentage Mod: HP is shown in percentages
|rule|Evasion Abilities Clause: Evasion abilities are banned
|rule|Sleep Moves Clause: Sleep-inducing moves are banned
|rule|Swagger Clause: Swagger is banned
|rule|Baton Pass Stat Clause: No Baton Passer may have a way to boost its stats
|clearpoke
|poke|p1|Victini|item
|poke|p1|Darmanitan, F|item
|poke|p1|Ninetales, F|item
|poke|p1|Heatran, F|item
|poke|p1|Latios, M|item
|poke|p1|Xatu, F|item
|poke|p2|Kyurem-Black|item
|poke|p2|Latios, M|item
|poke|p2|Garchomp, M|item
|poke|p2|Magnezone|item
|poke|p2|Reuniclus, M|item
|poke|p2|Jirachi|item
|teampreview
|
|t:|1713509543
|start
|switch|p1a: Ninetales|Ninetales, F|100/100
|switch|p2a: Garchomp|Garchomp, M|100/100
|-weather|SunnyDay|[from] ability: Drought|[of] p1a: Ninetales
|turn|1
|inactive|Battle timer is ON: inactive players will automatically lose when time's up. (requested by Renekton555)
|
|t:|1713509557
|switch|p2a: Kyurem|Kyurem-Black|100/100
|-ability|p2a: Kyurem|Teravolt
|switch|p1a: Xatu|Xatu, F|100/100
|
|-weather|SunnyDay|[upkeep]
|upkeep
|turn|2
|
|t:|1713509586
|move|p2a: Kyurem|Fusion Bolt|p1a: Xatu
|-supereffective|p1a: Xatu
|-damage|p1a: Xatu|0 fnt
|faint|p1a: Xatu
|
|-weather|SunnyDay|[upkeep]
|upkeep
|
|t:|1713509591
|switch|p1a: Victini|Victini|100/100
|turn|3
|
|t:|1713509599
|switch|p2a: Magnezone|Magnezone|100/100
|move|p1a: Victini|V-create|p2a: Magnezone
|-supereffective|p2a: Magnezone
|-damage|p2a: Magnezone|0 fnt
|-unboost|p1a: Victini|spe|1
|-unboost|p1a: Victini|def|1
|-unboost|p1a: Victini|spd|1
|faint|p2a: Magnezone
|
|-weather|SunnyDay|[upkeep]
|upkeep
|
|t:|1713509629
|switch|p2a: Garchomp|Garchomp, M|100/100
|turn|4
|
|t:|1713509640
|switch|p1a: Ninetales|Ninetales, F|100/100
|move|p2a: Garchomp|Earthquake|p1a: Ninetales
|-supereffective|p1a: Ninetales
|-damage|p1a: Ninetales|0 fnt
|faint|p1a: Ninetales
|
|-weather|SunnyDay|[upkeep]
|upkeep
|
|t:|1713509651
|switch|p1a: Latios|Latios, M|100/100
|turn|5
|
|t:|1713509657
|switch|p2a: Jirachi|Jirachi|100/100
|move|p1a: Latios|Draco Meteor|p2a: Jirachi|[miss]
|-miss|p1a: Latios|p2a: Jirachi
|
|-weather|SunnyDay|[upkeep]
|upkeep
|turn|6
|
|t:|1713509669
|switch|p1a: Victini|Victini|100/100
|move|p2a: Jirachi|Body Slam|p1a: Victini
|-damage|p1a: Victini|82/100
|
|-weather|SunnyDay|[upkeep]
|upkeep
|turn|7
|inactive|BookofConke has 120 seconds left.
|
|t:|1713509708
|switch|p2a: Reuniclus|Reuniclus, M|100/100
|move|p1a: Victini|V-create|p2a: Reuniclus
|-damage|p2a: Reuniclus|0 fnt
|-unboost|p1a: Victini|spe|1
|-unboost|p1a: Victini|def|1
|-unboost|p1a: Victini|spd|1
|faint|p2a: Reuniclus
|
|-weather|SunnyDay|[upkeep]
|upkeep
|
|t:|1713509734
|switch|p2a: Garchomp|Garchomp, M|100/100
|turn|8
|
|t:|1713509745
|switch|p1a: Heatran|Heatran, F|100/100
|move|p2a: Garchomp|Outrage|p1a: Heatran
|-resisted|p1a: Heatran
|-damage|p1a: Heatran|68/100
|
|-weather|SunnyDay|[upkeep]
|upkeep
|turn|9
|
|t:|1713509751
|move|p2a: Garchomp|Outrage|p1a: Heatran|[from]lockedmove
|-resisted|p1a: Heatran
|-damage|p1a: Heatran|38/100
|move|p1a: Heatran|Hidden Power|p2a: Garchomp
|-supereffective|p2a: Garchomp
|-damage|p2a: Garchomp|1/100
|
|-weather|SunnyDay|[upkeep]
|upkeep
|turn|10
|
|t:|1713509759
|move|p2a: Garchomp|Outrage|p1a: Heatran|[from]lockedmove
|-resisted|p1a: Heatran
|-damage|p1a: Heatran|7/100
|-start|p2a: Garchomp|confusion|[fatigue]
|move|p1a: Heatran|Hidden Power|p2a: Garchomp
|-supereffective|p2a: Garchomp
|-damage|p2a: Garchomp|0 fnt
|faint|p2a: Garchomp
|
|-weather|SunnyDay|[upkeep]
|upkeep
|
|t:|1713509773
|switch|p2a: Jirachi|Jirachi|100/100
|turn|11
|
|t:|1713509788
|switch|p1a: Latios|Latios, M|100/100
|move|p2a: Jirachi|Body Slam|p1a: Latios
|-damage|p1a: Latios|76/100
|
|-weather|SunnyDay|[upkeep]
|upkeep
|turn|12
|
|t:|1713509803
|move|p1a: Latios|Trick|p2a: Jirachi
|-activate|p1a: Latios|move: Trick|[of] p2a: Jirachi
|-item|p2a: Jirachi|Choice Specs|[from] move: Trick
|-item|p1a: Latios|Leftovers|[from] move: Trick
|move|p2a: Jirachi|Body Slam|p1a: Latios
|-damage|p1a: Latios|51/100
|-status|p1a: Latios|par
|
|-weather|SunnyDay|[upkeep]
|-heal|p1a: Latios|57/100 par|[from] item: Leftovers
|upkeep
|turn|13
|
|t:|1713509814
|move|p2a: Jirachi|Body Slam|p1a: Latios
|-damage|p1a: Latios|33/100 par
|move|p1a: Latios|Recover|p1a: Latios
|-heal|p1a: Latios|83/100 par
|
|-weather|SunnyDay|[upkeep]
|-heal|p1a: Latios|89/100 par|[from] item: Leftovers
|upkeep
|turn|14
|
|t:|1713509831
|switch|p1a: Victini|Victini|82/100
|move|p2a: Jirachi|Body Slam|p1a: Victini
|-damage|p1a: Victini|63/100
|
|-weather|SunnyDay|[upkeep]
|upkeep
|turn|15
|
|t:|1713509845
|move|p1a: Victini|V-create|p2a: Jirachi
|-supereffective|p2a: Jirachi
|-damage|p2a: Jirachi|0 fnt
|-unboost|p1a: Victini|spe|1
|-unboost|p1a: Victini|def|1
|-unboost|p1a: Victini|spd|1
|faint|p2a: Jirachi
|
|-weather|SunnyDay|[upkeep]
|upkeep
|
|t:|1713509862
|switch|p2a: Latios|Latios, M|100/100
|turn|16
|
|t:|1713509876
|move|p2a: Latios|Draco Meteor|p1a: Victini
|-damage|p1a: Victini|0 fnt
|-unboost|p2a: Latios|spa|2
|faint|p1a: Victini
|
|-weather|SunnyDay|[upkeep]
|upkeep
|
|t:|1713509884
|switch|p1a: Darmanitan|Darmanitan, F|100/100
|turn|17
|
|t:|1713509896
|switch|p2a: Kyurem|Kyurem-Black|100/100
|-ability|p2a: Kyurem|Teravolt
|move|p1a: Darmanitan|Flare Blitz|p2a: Kyurem
|-damage|p2a: Kyurem|0 fnt
|faint|p2a: Kyurem
|-damage|p1a: Darmanitan|64/100|[from] Recoil
|
|-weather|SunnyDay|[upkeep]
|upkeep
|
|t:|1713509904
|switch|p2a: Latios|Latios, M|100/100
|turn|18
|
|t:|1713509916
|switch|p1a: Heatran|Heatran, F|7/100
|move|p2a: Latios|Draco Meteor|p1a: Heatran
|-resisted|p1a: Heatran
|-damage|p1a: Heatran|0 fnt
|-unboost|p2a: Latios|spa|2
|faint|p1a: Heatran
|
|-weather|SunnyDay|[upkeep]
|upkeep
|
|t:|1713509922
|switch|p1a: Latios|Latios, M|89/100 par
|turn|19
|
|t:|1713509929
|move|p2a: Latios|Draco Meteor|p1a: Latios
|-supereffective|p1a: Latios
|-damage|p1a: Latios|0 fnt
|-unboost|p2a: Latios|spa|2
|faint|p1a: Latios
|
|-weather|SunnyDay|[upkeep]
|upkeep
|
|t:|1713509932
|switch|p1a: Darmanitan|Darmanitan, F|64/100
|turn|20
|
|t:|1713509937
|move|p1a: Darmanitan|Flare Blitz|p2a: Latios
|-resisted|p2a: Latios
|-damage|p2a: Latios|0 fnt
|faint|p2a: Latios
|-damage|p1a: Darmanitan|36/100|[from] Recoil
|
|win|Renekton555
|raw|Renekton555's rating: 1344 &rarr; <strong>1369</strong><br />(+25 for winning)
|raw|BookofConke's rating: 1431 &rarr; <strong>1406</strong><br />(-25 for losing)
