|join|the johnson
|join|W2S
|player|p1|the johnson|161
|player|p2|W2S|153
|gametype|singles
|gen|5
|tier|[Gen 5] OU
|rated
|rule|Evasion Abilities Clause: Evasion abilities are banned
|clearpoke
|poke|p1|Tyranitar, F
|poke|p1|Alakazam, F
|poke|p1|Latios, M
|poke|p1|Garchomp, M
|poke|p1|Scizor, M
|poke|p1|Slowbro, M
|poke|p2|Tyranitar, M
|poke|p2|Celebi
|poke|p2|Keldeo
|poke|p2|Starmie
|poke|p2|Scizor, F
|poke|p2|Garchomp, M
|rule|Sleep Clause Mod: Limit one foe put to sleep
|rule|Species Clause: Limit one of each Pokemon
|rule|OHKO Clause: OHKO moves are banned
|rule|Moody Clause: Moody is banned
|rule|Evasion Moves Clause: Evasion moves are banned
|rule|Endless Battle Clause: Forcing endless battles is banned.
|rule|HP Percentage Mod: HP is reported as percentages
|teampreview
W2S made this room private.
|
|start
|switch|p1a: Scizor|Scizor, M|343/343
|switch|p2a: Garchomp|Garchomp, M|358/358
|turn|1
|
|switch|p1a: Slowbro|Slowbro, M|394/394
|move|p2a: Garchomp|Stealth Rock|p1a: Slowbro
|-sidestart|p1: the johnson|move: Stealth Rock
|
|turn|2
|
|switch|p2a: Celebi|Celebi|356/356
|move|p1a: Slowbro|Ice Beam|p2a: Celebi
|-supereffective|p2a: Celebi
|-damage|p2a: Celebi|204/356
|
|-heal|p2a: Celebi|226/356|[from] item: Leftovers
|turn|3
|
|switch|p1a: Tyranitar|Tyranitar, F|404/404
|-damage|p1a: Tyranitar|354/404|[from] Stealth Rock
|-weather|Sandstorm|[from] ability: Sand Stream|[of] p1a: Tyranitar
|move|p2a: Celebi|U-turn|p1a: Tyranitar
|-supereffective|p1a: Tyranitar
|-damage|p1a: Tyranitar|264/404
|
|switch|p2a: Scizor|Scizor, F|343/343
|
|-weather|Sandstorm|[upkeep]
|-heal|p1a: Tyranitar|289/404|[from] item: Leftovers
|turn|4
|
|switch|p1a: Slowbro|Slowbro, M|394/394
|-damage|p1a: Slowbro|345/394|[from] Stealth Rock
|move|p2a: Scizor|U-turn|p1a: Slowbro
|-supereffective|p1a: Slowbro
|-damage|p1a: Slowbro|181/394
|
|switch|p2a: Tyranitar|Tyranitar, M|341/341
|
|-weather|Sandstorm|[upkeep]
|-damage|p1a: Slowbro|157/394|[from] sandstorm
|-heal|p1a: Slowbro|181/394|[from] item: Leftovers
|turn|5
|
|move|p2a: Tyranitar|Crunch|p1a: Slowbro
|-supereffective|p1a: Slowbro
|-damage|p1a: Slowbro|0 fnt
|faint|p1a: Slowbro
|
|-weather|Sandstorm|[upkeep]
|
|switch|p1a: Scizor|Scizor, M|343/343
|-damage|p1a: Scizor|301/343|[from] Stealth Rock
|turn|6
|
|switch|p2a: Keldeo|Keldeo|323/323
|move|p1a: Scizor|U-turn|p2a: Keldeo
|-resisted|p2a: Keldeo
|-damage|p2a: Keldeo|218/323
|
|switch|p1a: Alakazam|Alakazam, F|252/252
|
|-weather|Sandstorm|[upkeep]
|-damage|p2a: Keldeo|198/323|[from] sandstorm
|turn|7
|
|switch|p2a: Scizor|Scizor, F|343/343
|move|p1a: Alakazam|Signal Beam|p2a: Scizor
|-resisted|p2a: Scizor
|-damage|p2a: Scizor|298/343
|
|-weather|Sandstorm|[upkeep]
|turn|8
|
|switch|p1a: Garchomp|Garchomp, M|358/358
|-damage|p1a: Garchomp|336/358|[from] Stealth Rock
|switch|p2a: Tyranitar|Tyranitar, M|341/341
|
|-weather|Sandstorm|[upkeep]
|turn|9
|
|move|p1a: Garchomp|Earthquake|p2a: Tyranitar
|-supereffective|p2a: Tyranitar
|-damage|p2a: Tyranitar|27/341
|move|p2a: Tyranitar|Crunch|p1a: Garchomp
|-damage|p1a: Garchomp|176/358
|-damage|p2a: Tyranitar|0 fnt|[from] ability: Rough Skin|[of] p1a: Garchomp
|-unboost|p1a: Garchomp|def|1
|faint|p2a: Tyranitar
|
|-weather|Sandstorm|[upkeep]
|
|switch|p2a: Scizor|Scizor, F|298/343
|turn|10
|
|move|p2a: Scizor|Bullet Punch|p1a: Garchomp
|-damage|p1a: Garchomp|1/358
|-damage|p2a: Scizor|256/343|[from] ability: Rough Skin|[of] p1a: Garchomp
|move|p1a: Garchomp|Earthquake|p2a: Scizor
|-damage|p2a: Scizor|87/343
|
|-weather|Sandstorm|[upkeep]
|turn|11
|
|move|p2a: Scizor|Bullet Punch|p1a: Garchomp
|-damage|p1a: Garchomp|0 fnt
|-damage|p2a: Scizor|45/343|[from] ability: Rough Skin|[of] p1a: Garchomp
|faint|p1a: Garchomp
|
|-weather|Sandstorm|[upkeep]
|
|switch|p1a: Scizor|Scizor, M|301/343
|-damage|p1a: Scizor|259/343|[from] Stealth Rock
|turn|12
|
|switch|p2a: Keldeo|Keldeo|198/323
|move|p1a: Scizor|U-turn|p2a: Keldeo
|-resisted|p2a: Keldeo
|-damage|p2a: Keldeo|93/323
|
|switch|p1a: Alakazam|Alakazam, F|252/252
|
|-weather|Sandstorm|[upkeep]
|-damage|p2a: Keldeo|73/323|[from] sandstorm
|turn|13
|
|move|p2a: Keldeo|Surf|p1a: Alakazam
|-damage|p1a: Alakazam|47/252
|move|p1a: Alakazam|Psyshock|p2a: Keldeo
|-supereffective|p2a: Keldeo
|-damage|p2a: Keldeo|0 fnt
|faint|p2a: Keldeo
|
|-weather|Sandstorm|[upkeep]
|
|switch|p2a: Scizor|Scizor, F|45/343
|turn|14
|
|switch|p1a: Scizor|Scizor, M|259/343
|-damage|p1a: Scizor|217/343|[from] Stealth Rock
|move|p2a: Scizor|Bullet Punch|p1a: Scizor
|-resisted|p1a: Scizor
|-damage|p1a: Scizor|155/343
|
|-weather|Sandstorm|[upkeep]
|turn|15
|
|switch|p2a: Starmie|Starmie|265/265
|move|p1a: Scizor|Bullet Punch|p2a: Starmie
|-resisted|p2a: Starmie
|-damage|p2a: Starmie|163/265
|
|-weather|Sandstorm|[upkeep]
|-damage|p2a: Starmie|147/265|[from] sandstorm
|-heal|p2a: Starmie|163/265|[from] item: Leftovers
|turn|16
|
|switch|p1a: Tyranitar|Tyranitar, F|289/404
|-damage|p1a: Tyranitar|239/404|[from] Stealth Rock
|move|p2a: Starmie|Scald|p1a: Tyranitar
|-supereffective|p1a: Tyranitar
|-damage|p1a: Tyranitar|129/404
|
|-weather|Sandstorm|[upkeep]
|-damage|p2a: Starmie|147/265|[from] sandstorm
|-heal|p2a: Starmie|163/265|[from] item: Leftovers
|-heal|p1a: Tyranitar|154/404|[from] item: Leftovers
|turn|17
|
|move|p2a: Starmie|Scald|p1a: Tyranitar
|-supereffective|p1a: Tyranitar
|-damage|p1a: Tyranitar|50/404
|-status|p1a: Tyranitar|brn
|move|p1a: Tyranitar|Pursuit|p2a: Starmie
|-crit|p2a: Starmie
|-supereffective|p2a: Starmie
|-damage|p2a: Starmie|5/265
|
|-weather|Sandstorm|[upkeep]
|-damage|p2a: Starmie|0 fnt|[from] sandstorm
|-heal|p1a: Tyranitar|75/404 brn|[from] item: Leftovers
|-damage|p1a: Tyranitar|25/404 brn|[from] brn
|faint|p2a: Starmie
|
|switch|p2a: Garchomp|Garchomp, M|358/358
|turn|18
|
|move|p2a: Garchomp|Earthquake|p1a: Tyranitar
|-crit|p1a: Tyranitar
|-supereffective|p1a: Tyranitar
|-damage|p1a: Tyranitar|0 fnt
|faint|p1a: Tyranitar
|
|-weather|Sandstorm|[upkeep]
|
|switch|p1a: Latios|Latios, M|302/302
|-damage|p1a: Latios|265/302|[from] Stealth Rock
|turn|19
|
|move|p1a: Latios|Draco Meteor|p2a: Garchomp
|-supereffective|p2a: Garchomp
|-enditem|p2a: Garchomp|Focus Sash
|-damage|p2a: Garchomp|1/358
|-unboost|p1a: Latios|spa|2
|move|p2a: Garchomp|Outrage|p1a: Latios
|-supereffective|p1a: Latios
|-damage|p1a: Latios|0 fnt
|faint|p1a: Latios
|
|-weather|Sandstorm|[upkeep]
|
|switch|p1a: Alakazam|Alakazam, F|47/252
|turn|20
|
|move|p1a: Alakazam|Psyshock|p2a: Garchomp
|-damage|p2a: Garchomp|0 fnt
|faint|p2a: Garchomp
|
|-weather|Sandstorm|[upkeep]
|
|switch|p2a: Scizor|Scizor, F|45/343
|turn|21
|
|switch|p1a: Scizor|Scizor, M|155/343
|-damage|p1a: Scizor|113/343|[from] Stealth Rock
|move|p2a: Scizor|Roost|p2a: Scizor
|-heal|p2a: Scizor|217/343
|
|-weather|Sandstorm|[upkeep]
|turn|22
|
|switch|p2a: Celebi|Celebi|226/356
|move|p1a: Scizor|Superpower|p2a: Celebi
|-resisted|p2a: Celebi
|-damage|p2a: Celebi|112/356
|-unboost|p1a: Scizor|atk|1
|-unboost|p1a: Scizor|def|1
|
|-weather|Sandstorm|[upkeep]
|-damage|p2a: Celebi|90/356|[from] sandstorm
|-heal|p2a: Celebi|112/356|[from] item: Leftovers
|turn|23
|
|move|p2a: Celebi|Hidden Power|p1a: Scizor
|-supereffective|p1a: Scizor
|-damage|p1a: Scizor|0 fnt
|faint|p1a: Scizor
|
|-weather|Sandstorm|[upkeep]
|-damage|p2a: Celebi|90/356|[from] sandstorm
|-heal|p2a: Celebi|112/356|[from] item: Leftovers
|
|switch|p1a: Alakazam|Alakazam, F|47/252
|turn|24
|chat|W2S|Gg
|
|move|p1a: Alakazam|Signal Beam|p2a: Celebi
|-supereffective|p2a: Celebi
|-damage|p2a: Celebi|0 fnt
|faint|p2a: Celebi
|
|-weather|Sandstorm|[upkeep]
|
|switch|p2a: Scizor|Scizor, F|217/343
|turn|25
|
|move|p2a: Scizor|Bullet Punch|p1a: Alakazam
|-damage|p1a: Alakazam|0 fnt
|faint|p1a: Alakazam
|
|win|W2S
|raw|Ladder updating...
|raw|the johnson's rating: 1370 &rarr; <strong>1344</strong><br />(-26 for losing)
|raw|W2S's rating: 1265 &rarr; <strong>1297</strong><br />(+32 for winning)
|leave|the johnson
|player|p1
|leave|W2S
|player|p2
|join|W2S