|j|☆Prof. Fouge
|j|☆refsunpersons
|player|p1|Prof. Fouge|224
|player|p2|refsunpersons|15
|teamsize|p1|6
|teamsize|p2|6
|gametype|singles
|gen|5
|tier|[Gen 5] OU
|rated|
|rule|Sleep Clause Mod: Limit one foe put to sleep
|rule|Species Clause: Limit one of each Pokémon
|rule|OHKO Clause: OHKO moves are banned
|rule|Moody Clause: Moody is banned
|rule|Evasion Moves Clause: Evasion moves are banned
|rule|Endless Battle Clause: Forcing endless battles is banned
|rule|HP Percentage Mod: HP is shown in percentages
|rule|Evasion Abilities Clause: Evasion abilities are banned
|rule|Baton Pass Clause: Limit one Baton Passer, can't pass Spe and other stats simultaneously
|rule|Swagger Clause: Swagger is banned
|clearpoke
|poke|p1|Politoed, M|item
|poke|p1|Keldeo|item
|poke|p1|Weavile, M|item
|poke|p1|Celebi|item
|poke|p1|Thundurus-Therian, M|item
|poke|p1|Excadrill, M|item
|poke|p2|Jirachi|item
|poke|p2|Haxorus, F|item
|poke|p2|Porygon2|item
|poke|p2|Donphan, M|item
|poke|p2|Ninetales, F|item
|poke|p2|Volcarona, F|item
|teampreview
|c|☆refsunpersons|gl hf
|
|start
|switch|p1a: Politoed|Politoed, M|100/100
|switch|p2a: Jirachi|Jirachi|100/100
|-weather|RainDance|[from] ability: Drizzle|[of] p1a: Politoed
|turn|1
|
|move|p2a: Jirachi|Thunder|p1a: Politoed
|-supereffective|p1a: Politoed
|-damage|p1a: Politoed|20/100
|-status|p1a: Politoed|par
|move|p1a: Politoed|Hydro Pump|p2a: Jirachi
|-damage|p2a: Jirachi|23/100
|
|-weather|RainDance|[upkeep]
|upkeep
|turn|2
|
|switch|p1a: Excadrill|Excadrill, M|100/100
|-ability|p1a: Excadrill|Mold Breaker
|move|p2a: Jirachi|Psychic|p1a: Excadrill
|-resisted|p1a: Excadrill
|-damage|p1a: Excadrill|82/100
|
|-weather|RainDance|[upkeep]
|upkeep
|turn|3
|
|move|p2a: Jirachi|Hidden Power|p1a: Excadrill
|-supereffective|p1a: Excadrill
|-crit|p1a: Excadrill
|-enditem|p1a: Excadrill|Chople Berry|[eat]
|-enditem|p1a: Excadrill|Chople Berry|[weaken]
|-damage|p1a: Excadrill|36/100
|move|p1a: Excadrill|Stealth Rock|p2a: Jirachi
|-sidestart|p2: refsunpersons|move: Stealth Rock
|
|-weather|RainDance|[upkeep]
|upkeep
|turn|4
|
|switch|p1a: Celebi|Celebi|100/100
|move|p2a: Jirachi|Hidden Power|p1a: Celebi
|-resisted|p1a: Celebi
|-damage|p1a: Celebi|92/100
|
|-weather|RainDance|[upkeep]
|-heal|p1a: Celebi|98/100|[from] item: Leftovers
|upkeep
|turn|5
|
|move|p2a: Jirachi|Thunder|p1a: Celebi
|-resisted|p1a: Celebi
|-crit|p1a: Celebi
|-damage|p1a: Celebi|71/100
|move|p1a: Celebi|Nasty Plot|p1a: Celebi
|-boost|p1a: Celebi|spa|2
|
|-weather|RainDance|[upkeep]
|-heal|p1a: Celebi|77/100|[from] item: Leftovers
|upkeep
|turn|6
|
|switch|p1a: Keldeo|Keldeo|100/100
|move|p2a: Jirachi|Calm Mind|p2a: Jirachi
|-boost|p2a: Jirachi|spa|1
|-boost|p2a: Jirachi|spd|1
|
|-weather|RainDance|[upkeep]
|upkeep
|turn|7
|
|move|p1a: Keldeo|Hydro Pump|p2a: Jirachi
|-damage|p2a: Jirachi|0 fnt
|faint|p2a: Jirachi
|
|-weather|RainDance|[upkeep]
|upkeep
|
|switch|p2a: Porygon2|Porygon2|100/100
|-damage|p2a: Porygon2|88/100|[from] Stealth Rock
|-ability|p2a: Porygon2|Justified|[from] ability: Trace|[of] p1a: Keldeo
|turn|8
|
|switch|p1a: Celebi|Celebi|77/100
|move|p2a: Porygon2|Toxic|p1a: Celebi
|-status|p1a: Celebi|tox
|
|-weather|RainDance|[upkeep]
|-heal|p1a: Celebi|83/100 tox|[from] item: Leftovers
|-damage|p1a: Celebi|77/100 tox|[from] psn
|upkeep
|turn|9
|
|move|p1a: Celebi|Nasty Plot|p1a: Celebi
|-boost|p1a: Celebi|spa|2
|move|p2a: Porygon2|Ice Beam|p1a: Celebi
|-supereffective|p1a: Celebi
|-damage|p1a: Celebi|39/100 tox
|
|-weather|RainDance|[upkeep]
|-heal|p1a: Celebi|46/100 tox|[from] item: Leftovers
|-damage|p1a: Celebi|33/100 tox|[from] psn
|upkeep
|turn|10
|
|move|p1a: Celebi|Baton Pass|p1a: Celebi
|
|switch|p1a: Keldeo|Keldeo|100/100
|move|p2a: Porygon2|Toxic|p1a: Keldeo
|-status|p1a: Keldeo|tox
|
|-weather|RainDance|[upkeep]
|-damage|p1a: Keldeo|94/100 tox|[from] psn
|upkeep
|turn|11
|
|switch|p2a: Ninetales|Ninetales, F, shiny|100/100
|-damage|p2a: Ninetales|76/100|[from] Stealth Rock
|-weather|SunnyDay|[from] ability: Drought|[of] p2a: Ninetales
|-item|p2a: Ninetales|Air Balloon
|move|p1a: Keldeo|Secret Sword|p2a: Ninetales
|-damage|p2a: Ninetales|0 fnt
|-enditem|p2a: Ninetales|Air Balloon
|faint|p2a: Ninetales
|
|-weather|SunnyDay|[upkeep]
|-damage|p1a: Keldeo|82/100 tox|[from] psn
|upkeep
|c|☆refsunpersons|gotta do what you gotta do
|
|switch|p2a: Donphan|Donphan, M|100/100
|-damage|p2a: Donphan|94/100|[from] Stealth Rock
|turn|12
|
|move|p1a: Keldeo|Secret Sword|p2a: Donphan
|-damage|p2a: Donphan|45/100
|move|p2a: Donphan|Rapid Spin|p1a: Keldeo
|-damage|p1a: Keldeo|75/100 tox
|-sideend|p2: refsunpersons|Stealth Rock|[from] move: Rapid Spin|[of] p2a: Donphan
|
|-weather|SunnyDay|[upkeep]
|-heal|p2a: Donphan|51/100|[from] item: Leftovers
|-damage|p1a: Keldeo|57/100 tox|[from] psn
|upkeep
|turn|13
|
|switch|p1a: Politoed|Politoed, M|20/100 par
|-weather|RainDance|[from] ability: Drizzle|[of] p1a: Politoed
|switch|p2a: Porygon2|Porygon2|88/100
|-ability|p2a: Porygon2|Drizzle|[from] ability: Trace|[of] p1a: Politoed
|
|-weather|RainDance|[upkeep]
|upkeep
|turn|14
|
|move|p2a: Porygon2|Hidden Power|p1a: Politoed
|-damage|p1a: Politoed|5/100 par
|cant|p1a: Politoed|par
|
|-weather|RainDance|[upkeep]
|upkeep
|turn|15
|inactive|Battle timer is ON: inactive players will automatically lose when time's up. (requested by Prof. Fouge)
|inactive|refsunpersons has 120 seconds left.
|
|move|p2a: Porygon2|Hidden Power|p1a: Politoed
|-damage|p1a: Politoed|0 fnt
|faint|p1a: Politoed
|
|-weather|RainDance|[upkeep]
|upkeep
|
|switch|p1a: Thundurus|Thundurus-Therian, M|100/100
|turn|16
|
|move|p1a: Thundurus|Nasty Plot|p1a: Thundurus
|-boost|p1a: Thundurus|spa|2
|move|p2a: Porygon2|Toxic|p1a: Thundurus|[miss]
|-miss|p2a: Porygon2|p1a: Thundurus
|
|-weather|RainDance|[upkeep]
|upkeep
|turn|17
|
|move|p1a: Thundurus|Thunder|p2a: Porygon2
|-damage|p2a: Porygon2|30/100
|-status|p2a: Porygon2|par
|move|p2a: Porygon2|Toxic|p1a: Thundurus
|-status|p1a: Thundurus|tox
|
|-weather|RainDance|[upkeep]
|-damage|p1a: Thundurus|94/100 tox|[from] psn
|upkeep
|turn|18
|
|switch|p2a: Donphan|Donphan, M|51/100
|move|p1a: Thundurus|Hidden Power|p2a: Donphan
|-damage|p2a: Donphan|0 fnt
|faint|p2a: Donphan
|
|-weather|RainDance|[upkeep]
|-heal|p1a: Thundurus|100/100 tox|[from] item: Leftovers
|-damage|p1a: Thundurus|88/100 tox|[from] psn
|upkeep
|
|switch|p2a: Porygon2|Porygon2|30/100 par
|-ability|p2a: Porygon2|Volt Absorb|[from] ability: Trace|[of] p1a: Thundurus
|turn|19
|
|move|p1a: Thundurus|Hidden Power|p2a: Porygon2
|-damage|p2a: Porygon2|0 fnt
|faint|p2a: Porygon2
|
|-weather|RainDance|[upkeep]
|-heal|p1a: Thundurus|94/100 tox|[from] item: Leftovers
|-damage|p1a: Thundurus|76/100 tox|[from] psn
|upkeep
|
|switch|p2a: Haxorus|Haxorus, F|100/100
|-ability|p2a: Haxorus|Mold Breaker
|turn|20
|
|move|p2a: Haxorus|Outrage|p1a: Thundurus
|-damage|p1a: Thundurus|0 fnt
|faint|p1a: Thundurus
|
|-weather|RainDance|[upkeep]
|upkeep
|
|switch|p1a: Keldeo|Keldeo|57/100 tox
|turn|21
|
|move|p1a: Keldeo|Secret Sword|p2a: Haxorus
|-damage|p2a: Haxorus|53/100
|move|p2a: Haxorus|Outrage|p1a: Keldeo|[from]lockedmove
|-damage|p1a: Keldeo|0 fnt
|-start|p2a: Haxorus|confusion|[fatigue]
|faint|p1a: Keldeo
|
|-weather|RainDance|[upkeep]
|upkeep
|
|switch|p1a: Weavile|Weavile, M|100/100
|-ability|p1a: Weavile|Pressure
|turn|22
|
|switch|p2a: Volcarona|Volcarona, F|100/100
|move|p1a: Weavile|Ice Shard|p2a: Volcarona
|-resisted|p2a: Volcarona
|-damage|p2a: Volcarona|86/100
|-damage|p1a: Weavile|91/100|[from] item: Life Orb
|
|-weather|RainDance|[upkeep]
|upkeep
|turn|23
|
|move|p1a: Weavile|Punishment|p2a: Volcarona
|-damage|p2a: Volcarona|41/100
|-damage|p1a: Weavile|81/100|[from] item: Life Orb
|move|p2a: Volcarona|Quiver Dance|p2a: Volcarona
|-boost|p2a: Volcarona|spa|1
|-boost|p2a: Volcarona|spd|1
|-boost|p2a: Volcarona|spe|1
|
|-weather|RainDance|[upkeep]
|upkeep
|turn|24
|c|☆refsunpersons|gg wp
|-message|Prof. Fouge forfeited.
|
|win|refsunpersons
|l|☆Prof. Fouge
|raw|Prof. Fouge's rating: 1343 &rarr; <strong>1324</strong><br />(-19 for losing)
|raw|refsunpersons's rating: 1362 &rarr; <strong>1381</strong><br />(+19 for winning)
