|j|☆fptt
|j|☆LaxativeCement
|t:|1597708730
|player|p1|fptt|1|1443
|player|p2|LaxativeCement|lucas|1467
|teamsize|p1|6
|teamsize|p2|6
|gametype|singles
|gen|5
|tier|[Gen 5] OU
|rated|
|clearpoke
|poke|p1|Tyranitar, F|item
|poke|p1|Latios, M|item
|poke|p1|Lucario, M|item
|poke|p1|Landorus-Therian, M|item
|poke|p1|Ferrothorn, F|item
|poke|p1|Slowbro, F|item
|poke|p2|Politoed, F|item
|poke|p2|Keldeo|item
|poke|p2|Scizor, F|item
|poke|p2|Thundurus-Therian, M|item
|poke|p2|Starmie|item
|poke|p2|Breloom, F|item
|rule|Species Clause: Limit one of each Pokémon
|rule|OHKO Clause: OHKO moves are banned
|rule|Moody Clause: Moody is banned
|rule|Evasion Moves Clause: Evasion moves are banned
|rule|Endless Battle Clause: Forcing endless battles is banned
|rule|HP Percentage Mod: HP is shown in percentages
|rule|Evasion Abilities Clause: Evasion abilities are banned
|rule|Baton Pass Clause: Limit one Baton Passer, can't pass Spe and other stats simultaneously
|rule|Sleep Clause: Sleep-inducing moves are banned
|rule|Swagger Clause: Swagger is banned
|teampreview
|inactive|Battle timer is ON: inactive players will automatically lose when time's up. (requested by LaxativeCement)
|inactive|LaxativeCement has 120 seconds left.
|
|t:|1597708773
|start
|switch|p1a: Latios|Latios, M|100/100
|switch|p2a: LOOMINATI|Breloom, F|100/100
|turn|1
|
|t:|1597708779
|switch|p2a: Edward|Scizor, F|100/100
|move|p1a: Latios|Draco Meteor|p2a: Edward
|-resisted|p2a: Edward
|-damage|p2a: Edward|28/100
|-unboost|p1a: Latios|spa|2
|
|-heal|p2a: Edward|34/100|[from] item: Leftovers
|upkeep
|turn|2
|
|t:|1597708787
|switch|p1a: Landorus|Landorus-Therian, M|100/100
|-ability|p1a: Landorus|Intimidate|boost
|-unboost|p2a: Edward|atk|1
|move|p2a: Edward|Bullet Punch|p1a: Landorus
|-damage|p1a: Landorus|72/100
|
|-heal|p2a: Edward|40/100|[from] item: Leftovers
|upkeep
|turn|3
|
|t:|1597708794
|move|p1a: Landorus|U-turn|p2a: Edward
|-resisted|p2a: Edward
|-damage|p2a: Edward|23/100
|
|t:|1597708797
|switch|p1a: Ferrothorn|Ferrothorn, F|100/100|[from]move: U-turn
|move|p2a: Edward|U-turn|p1a: Ferrothorn
|-damage|p1a: Ferrothorn|82/100
|-damage|p2a: Edward|10/100|[from] ability: Iron Barbs|[of] p1a: Ferrothorn
|
|t:|1597708801
|switch|p2a: LOOMINATI|Breloom, F|100/100|[from]move: U-turn
|
|-heal|p1a: Ferrothorn|88/100|[from] item: Leftovers
|upkeep
|turn|4
|
|t:|1597708810
|switch|p1a: Slowbro|Slowbro, F|100/100
|move|p2a: LOOMINATI|Low Sweep|p1a: Slowbro
|-resisted|p1a: Slowbro
|-damage|p1a: Slowbro|76/100
|-unboost|p1a: Slowbro|spe|1
|-damage|p2a: LOOMINATI|91/100|[from] item: Life Orb
|
|-heal|p1a: Slowbro|82/100|[from] item: Leftovers
|upkeep
|turn|5
|
|t:|1597708822
|switch|p1a: Latios|Latios, M|100/100
|move|p2a: LOOMINATI|Bullet Seed|p1a: Latios
|-resisted|p1a: Latios
|-damage|p1a: Latios|83/100
|-resisted|p1a: Latios
|-damage|p1a: Latios|68/100
|-resisted|p1a: Latios
|-damage|p1a: Latios|51/100
|-resisted|p1a: Latios
|-damage|p1a: Latios|35/100
|-resisted|p1a: Latios
|-damage|p1a: Latios|19/100
|-hitcount|p1a: Latios|5
|-damage|p2a: LOOMINATI|81/100|[from] item: Life Orb
|
|upkeep
|turn|6
|c|☆fptt|ow
|c|☆LaxativeCement|I got lucky with 5 hits
|inactive|fptt has 120 seconds left.
|c|☆LaxativeCement|just for that I'm gonna get 2 on the next one
|c|☆fptt|yea idk why my luck gets even worse when on this account
|
|t:|1597708871
|switch|p1a: Slowbro|Slowbro, F|100/100
|move|p2a: LOOMINATI|Mach Punch|p1a: Slowbro
|-resisted|p1a: Slowbro
|-damage|p1a: Slowbro|84/100
|-damage|p2a: LOOMINATI|71/100|[from] item: Life Orb
|
|-heal|p1a: Slowbro|90/100|[from] item: Leftovers
|upkeep
|turn|7
|c|☆LaxativeCement|I feel that lmao on my other account it's the same way
|
|t:|1597708878
|switch|p1a: Ferrothorn|Ferrothorn, F|88/100
|move|p2a: LOOMINATI|Bullet Seed|p1a: Ferrothorn
|-resisted|p1a: Ferrothorn
|-damage|p1a: Ferrothorn|84/100
|-resisted|p1a: Ferrothorn
|-damage|p1a: Ferrothorn|81/100
|-hitcount|p1a: Ferrothorn|2
|-damage|p2a: LOOMINATI|61/100|[from] item: Life Orb
|
|-heal|p1a: Ferrothorn|87/100|[from] item: Leftovers
|upkeep
|turn|8
|inactive|fptt has 120 seconds left.
|
|t:|1597708905
|move|p2a: LOOMINATI|Swords Dance|p2a: LOOMINATI
|-boost|p2a: LOOMINATI|atk|2
|move|p1a: Ferrothorn|Gyro Ball|p2a: LOOMINATI
|-damage|p2a: LOOMINATI|0 fnt
|faint|p2a: LOOMINATI
|
|-heal|p1a: Ferrothorn|93/100|[from] item: Leftovers
|upkeep
|c|☆fptt|yess
|
|t:|1597708917
|switch|p2a: Lil Nas X|Keldeo|100/100
|turn|9
|
|t:|1597708922
|switch|p1a: Slowbro|Slowbro, F|100/100
|move|p2a: Lil Nas X|Secret Sword|p1a: Slowbro
|-resisted|p1a: Slowbro
|-damage|p1a: Slowbro|84/100
|
|-heal|p1a: Slowbro|90/100|[from] item: Leftovers
|upkeep
|turn|10
|inactive|fptt has 120 seconds left.
|
|t:|1597708930
|switch|p2a: Drizzy|Politoed, F|100/100
|-weather|RainDance|[from] ability: Drizzle|[of] p2a: Drizzy
|move|p1a: Slowbro|Ice Beam|p2a: Drizzy
|-resisted|p2a: Drizzy
|-damage|p2a: Drizzy|90/100
|
|-weather|RainDance|[upkeep]
|-heal|p1a: Slowbro|96/100|[from] item: Leftovers
|upkeep
|turn|11
|
|t:|1597708941
|switch|p2a: Lil Nas X|Keldeo|100/100
|switch|p1a: Ferrothorn|Ferrothorn, F|93/100
|
|-weather|RainDance|[upkeep]
|-heal|p1a: Ferrothorn|99/100|[from] item: Leftovers
|upkeep
|turn|12
|
|t:|1597708951
|move|p2a: Lil Nas X|Calm Mind|p2a: Lil Nas X
|-boost|p2a: Lil Nas X|spa|1
|-boost|p2a: Lil Nas X|spd|1
|move|p1a: Ferrothorn|Stealth Rock|p2a: Lil Nas X
|-sidestart|p2: LaxativeCement|move: Stealth Rock
|
|-weather|RainDance|[upkeep]
|-heal|p1a: Ferrothorn|100/100|[from] item: Leftovers
|upkeep
|turn|13
|
|t:|1597708957
|switch|p1a: Slowbro|Slowbro, F|100/100
|move|p2a: Lil Nas X|Secret Sword|p1a: Slowbro
|-resisted|p1a: Slowbro
|-damage|p1a: Slowbro|72/100
|
|-weather|RainDance|[upkeep]
|-heal|p1a: Slowbro|78/100|[from] item: Leftovers
|upkeep
|turn|14
|
|t:|1597708963
|move|p2a: Lil Nas X|Hidden Power|p1a: Slowbro
|-supereffective|p1a: Slowbro
|-damage|p1a: Slowbro|22/100
|move|p1a: Slowbro|Scald|p2a: Lil Nas X
|-resisted|p2a: Lil Nas X
|-damage|p2a: Lil Nas X|84/100
|
|-weather|RainDance|[upkeep]
|-heal|p2a: Lil Nas X|91/100|[from] item: Leftovers
|-heal|p1a: Slowbro|28/100|[from] item: Leftovers
|upkeep
|turn|15
|
|t:|1597708970
|switch|p1a: Lucario|Lucario, M|100/100
|move|p2a: Lil Nas X|Hidden Power|p1a: Lucario
|-resisted|p1a: Lucario
|-damage|p1a: Lucario|70/100
|
|-weather|RainDance|[upkeep]
|-heal|p2a: Lil Nas X|97/100|[from] item: Leftovers
|upkeep
|turn|16
|
|t:|1597708979
|move|p1a: Lucario|Extreme Speed|p2a: Lil Nas X
|-damage|p2a: Lil Nas X|59/100
|-damage|p1a: Lucario|60/100|[from] item: Life Orb
|move|p2a: Lil Nas X|Secret Sword|p1a: Lucario
|-supereffective|p1a: Lucario
|-damage|p1a: Lucario|0 fnt
|faint|p1a: Lucario
|
|-weather|RainDance|[upkeep]
|-heal|p2a: Lil Nas X|66/100|[from] item: Leftovers
|upkeep
|
|t:|1597709008
|switch|p1a: Latios|Latios, M|19/100
|turn|17
|
|t:|1597709014
|switch|p2a: Edward|Scizor, F|10/100
|-damage|p2a: Edward|0 fnt|[from] Stealth Rock
|faint|p2a: Edward
|move|p1a: Latios|Draco Meteor|p2: Edward|[notarget]
|-fail|p1a: Latios
|
|-weather|RainDance|[upkeep]
|upkeep
|
|t:|1597709020
|switch|p2a: Patrick|Starmie|100/100
|-damage|p2a: Patrick|88/100|[from] Stealth Rock
|turn|18
|
|t:|1597709024
|switch|p1a: Ferrothorn|Ferrothorn, F|100/100
|move|p2a: Patrick|Rapid Spin|p1a: Ferrothorn
|-resisted|p1a: Ferrothorn
|-damage|p1a: Ferrothorn|99/100
|-damage|p2a: Patrick|76/100|[from] ability: Iron Barbs|[of] p1a: Ferrothorn
|-sideend|p2: LaxativeCement|Stealth Rock|[from] move: Rapid Spin|[of] p2a: Patrick
|
|-weather|RainDance|[upkeep]
|-heal|p2a: Patrick|82/100|[from] item: Leftovers
|-heal|p1a: Ferrothorn|100/100|[from] item: Leftovers
|upkeep
|turn|19
|
|t:|1597709038
|switch|p2a: blunder|Thundurus-Therian, M|100/100
|move|p1a: Ferrothorn|Stealth Rock|p2a: blunder
|-sidestart|p2: LaxativeCement|move: Stealth Rock
|
|-weather|RainDance|[upkeep]
|upkeep
|turn|20
|
|t:|1597709043
|move|p2a: blunder|Agility|p2a: blunder
|-boost|p2a: blunder|spe|2
|move|p1a: Ferrothorn|Gyro Ball|p2a: blunder
|-resisted|p2a: blunder
|-damage|p2a: blunder|63/100
|
|-weather|RainDance|[upkeep]
|-heal|p2a: blunder|69/100|[from] item: Leftovers
|upkeep
|turn|21
|c|☆fptt|fuck i choked
|c|☆fptt|thought dyro would do way more
|
|t:|1597709060
|move|p2a: blunder|Thunder|p1a: Ferrothorn
|-resisted|p1a: Ferrothorn
|-damage|p1a: Ferrothorn|75/100
|-status|p1a: Ferrothorn|par
|move|p1a: Ferrothorn|Knock Off|p2a: blunder
|-damage|p2a: blunder|63/100
|-enditem|p2a: blunder|Leftovers|[from] move: Knock Off|[of] p1a: Ferrothorn
|
|-weather|RainDance|[upkeep]
|-heal|p1a: Ferrothorn|81/100 par|[from] item: Leftovers
|upkeep
|turn|22
|c|☆LaxativeCement|not over yet
|c|☆LaxativeCement|ok that's bad
|c|☆LaxativeCement|sorry
|
|t:|1597709074
|move|p2a: blunder|Nasty Plot|p2a: blunder
|-boost|p2a: blunder|spa|2
|move|p1a: Ferrothorn|Gyro Ball|p2a: blunder
|-resisted|p2a: blunder
|-damage|p2a: blunder|27/100
|
|-weather|RainDance|[upkeep]
|-heal|p1a: Ferrothorn|87/100 par|[from] item: Leftovers
|upkeep
|turn|23
|
|t:|1597709078
|switch|p1a: Tyranitar|Tyranitar, F|100/100
|-weather|Sandstorm|[from] ability: Sand Stream|[of] p1a: Tyranitar
|move|p2a: blunder|Thunder|p1a: Tyranitar|[miss]
|-miss|p2a: blunder|p1a: Tyranitar
|
|-weather|Sandstorm|[upkeep]
|-damage|p2a: blunder|21/100|[from] Sandstorm
|upkeep
|turn|24
|c|☆fptt|sorry
|c|☆LaxativeCement|it is I who choked
|
|t:|1597709092
|move|p2a: blunder|Thunder|p1a: Tyranitar
|-damage|p1a: Tyranitar|8/100
|-status|p1a: Tyranitar|par
|cant|p1a: Tyranitar|par
|
|-weather|Sandstorm|[upkeep]
|-damage|p2a: blunder|15/100|[from] Sandstorm
|upkeep
|turn|25
|c|☆LaxativeCement|wow
|c|☆LaxativeCement|sorry lmao
|
|t:|1597709100
|switch|p1a: Ferrothorn|Ferrothorn, F|87/100 par
|move|p2a: blunder|Hidden Power|p1a: Ferrothorn
|-damage|p1a: Ferrothorn|47/100 par
|
|-weather|Sandstorm|[upkeep]
|-damage|p2a: blunder|9/100|[from] Sandstorm
|-heal|p1a: Ferrothorn|54/100 par|[from] item: Leftovers
|upkeep
|turn|26
|c|☆fptt|it all good
|c|☆fptt|was gonna sac ttar anyways
|
|t:|1597709117
|switch|p1a: Tyranitar|Tyranitar, F|8/100 par
|move|p2a: blunder|Thunder|p1a: Tyranitar
|-damage|p1a: Tyranitar|0 fnt
|faint|p1a: Tyranitar
|
|-weather|Sandstorm|[upkeep]
|-damage|p2a: blunder|2/100|[from] Sandstorm
|upkeep
|
|t:|1597709122
|switch|p1a: Slowbro|Slowbro, F|61/100
|turn|27
|
|t:|1597709124
|switch|p1a: Ferrothorn|Ferrothorn, F|54/100 par
|move|p2a: blunder|Hidden Power|p1a: Ferrothorn
|-damage|p1a: Ferrothorn|14/100 par
|
|-weather|Sandstorm|[upkeep]
|-damage|p2a: blunder|0 fnt|[from] Sandstorm
|faint|p2a: blunder
|-heal|p1a: Ferrothorn|20/100 par|[from] item: Leftovers
|upkeep
|
|t:|1597709128
|switch|p2a: Drizzy|Politoed, F|90/100
|-damage|p2a: Drizzy|78/100|[from] Stealth Rock
|-weather|RainDance|[from] ability: Drizzle|[of] p2a: Drizzy
|turn|28
|
|t:|1597709145
|move|p2a: Drizzy|Surf|p1a: Ferrothorn
|-resisted|p1a: Ferrothorn
|-damage|p1a: Ferrothorn|0 fnt
|faint|p1a: Ferrothorn
|
|-weather|RainDance|[upkeep]
|upkeep
|c|☆fptt|yeah thundys coverage aint that great when you have double dance
|
|t:|1597709161
|switch|p1a: Landorus|Landorus-Therian, M|72/100
|-ability|p1a: Landorus|Intimidate|boost
|-unboost|p2a: Drizzy|atk|1
|turn|29
|c|☆LaxativeCement|yeah I just use thunder cuz it's crazy stab in rain and hp ice for dragons and grass types
|inactive|fptt has 120 seconds left.
|
|t:|1597709234
|switch|p1a: Slowbro|Slowbro, F|94/100
|move|p2a: Drizzy|Surf|p1a: Slowbro
|-resisted|p1a: Slowbro
|-damage|p1a: Slowbro|62/100
|
|-weather|RainDance|[upkeep]
|-heal|p1a: Slowbro|69/100|[from] item: Leftovers
|upkeep
|turn|30
|
|t:|1597709246
|switch|p2a: Lil Nas X|Keldeo|66/100
|-damage|p2a: Lil Nas X|59/100|[from] Stealth Rock
|move|p1a: Slowbro|Scald|p2a: Lil Nas X
|-resisted|p2a: Lil Nas X
|-damage|p2a: Lil Nas X|35/100
|
|-weather|RainDance|[upkeep]
|-heal|p2a: Lil Nas X|42/100|[from] item: Leftovers
|-heal|p1a: Slowbro|75/100|[from] item: Leftovers
|upkeep
|turn|31
|
|t:|1597709251
|move|p2a: Lil Nas X|Hidden Power|p1a: Slowbro
|-supereffective|p1a: Slowbro
|-damage|p1a: Slowbro|40/100
|move|p1a: Slowbro|Scald|p2a: Lil Nas X
|-resisted|p2a: Lil Nas X
|-damage|p2a: Lil Nas X|18/100
|
|-weather|RainDance|[upkeep]
|-heal|p2a: Lil Nas X|25/100|[from] item: Leftovers
|-heal|p1a: Slowbro|46/100|[from] item: Leftovers
|upkeep
|turn|32
|
|t:|1597709254
|move|p2a: Lil Nas X|Hidden Power|p1a: Slowbro
|-supereffective|p1a: Slowbro
|-crit|p1a: Slowbro
|-damage|p1a: Slowbro|0 fnt
|faint|p1a: Slowbro
|
|-weather|RainDance|[upkeep]
|-heal|p2a: Lil Nas X|31/100|[from] item: Leftovers
|upkeep
|c|☆fptt|oOf
|
|t:|1597709263
|switch|p1a: Landorus|Landorus-Therian, M|72/100
|-ability|p1a: Landorus|Intimidate|boost
|-unboost|p2a: Lil Nas X|atk|1
|turn|33
|
|t:|1597709267
|move|p1a: Landorus|Earthquake|p2a: Lil Nas X
|-damage|p2a: Lil Nas X|0 fnt
|faint|p2a: Lil Nas X
|
|-weather|RainDance|[upkeep]
|upkeep
|
|t:|1597709274
|switch|p2a: Drizzy|Politoed, F|78/100
|-damage|p2a: Drizzy|65/100|[from] Stealth Rock
|turn|34
|
|t:|1597709279
|move|p1a: Landorus|Earthquake|p2a: Drizzy
|-damage|p2a: Drizzy|0 fnt
|faint|p2a: Drizzy
|
|-weather|RainDance|[upkeep]
|upkeep
|c|☆LaxativeCement|I lost
|
|t:|1597709284
|switch|p2a: Patrick|Starmie|82/100
|-damage|p2a: Patrick|70/100|[from] Stealth Rock
|turn|35
|
|t:|1597709289
|move|p1a: Landorus|Earthquake|p2a: Patrick
|-damage|p2a: Patrick|0 fnt
|faint|p2a: Patrick
|
|win|fptt
|c|☆LaxativeCement|gg
|c|☆fptt|ah
|c|☆fptt|gg
|l|☆LaxativeCement
|c|☆fptt|was scared
|raw|fptt's rating: 1435 &rarr; <strong>1457</strong><br />(+22 for winning)
|raw|LaxativeCement's rating: 1467 &rarr; <strong>1446</strong><br />(-21 for losing)
