|j|☆porrompompom
|j|☆RECO THE BOMBER
|player|p1|porrompompom|1
|player|p2|RECO THE BOMBER|241
|teamsize|p1|6
|teamsize|p2|6
|gametype|singles
|gen|5
|tier|[Gen 5] OU
|rated|
|rule|Sleep Clause Mod: Limit one foe put to sleep
|rule|Species Clause: Limit one of each Pokémon
|rule|OHKO Clause: OHKO moves are banned
|rule|Moody Clause: Moody is banned
|rule|Evasion Moves Clause: Evasion moves are banned
|rule|Endless Battle Clause: Forcing endless battles is banned
|rule|HP Percentage Mod: HP is shown in percentages
|rule|Evasion Abilities Clause: Evasion abilities are banned
|rule|Baton Pass Clause: Limit one Baton Passer, can't pass Spe and other stats simultaneously
|rule|Swagger Clause: Swagger is banned
|clearpoke
|poke|p1|Scrafty, M|item
|poke|p1|Azelf|item
|poke|p1|Dragonite, F|item
|poke|p1|Gorebyss, M|item
|poke|p1|Garchomp, F|item
|poke|p1|Lucario, F|item
|poke|p2|Politoed, F|item
|poke|p2|Ferrothorn, F|item
|poke|p2|Scizor, F|item
|poke|p2|Starmie|item
|poke|p2|Tornadus, M|item
|poke|p2|Azumarill, F|item
|teampreview
|c|☆RECO THE BOMBER|hf
|
|start
|switch|p1a: Azelf|Azelf|100/100
|switch|p2a: Politoed|Politoed, F, shiny|100/100
|-weather|RainDance|[from] ability: Drizzle|[of] p2a: Politoed
|turn|1
|
|move|p1a: Azelf|Light Screen|p1a: Azelf
|-sidestart|p1: porrompompom|move: Light Screen
|move|p2a: Politoed|Scald|p1a: Azelf
|-damage|p1a: Azelf|68/100
|
|-weather|RainDance|[upkeep]
|upkeep
|turn|2
|j| refsunpersons
|
|move|p1a: Azelf|Stealth Rock|p2a: Politoed
|-sidestart|p2: RECO THE BOMBER|move: Stealth Rock
|move|p2a: Politoed|Scald|p1a: Azelf
|-damage|p1a: Azelf|33/100
|-status|p1a: Azelf|brn
|
|-weather|RainDance|[upkeep]
|-damage|p1a: Azelf|20/100 brn|[from] brn
|upkeep
|turn|3
|
|switch|p2a: Ferrothorn|Ferrothorn, F, shiny|100/100
|-damage|p2a: Ferrothorn|94/100|[from] Stealth Rock
|move|p1a: Azelf|Reflect|p1a: Azelf
|-sidestart|p1: porrompompom|Reflect
|
|-weather|RainDance|[upkeep]
|-heal|p2a: Ferrothorn|100/100|[from] item: Leftovers
|-damage|p1a: Azelf|8/100 brn|[from] brn
|upkeep
|turn|4
|
|move|p1a: Azelf|Taunt|p2a: Ferrothorn
|-start|p2a: Ferrothorn|move: Taunt
|cant|p2a: Ferrothorn|move: Taunt|Stealth Rock
|
|-weather|RainDance|[upkeep]
|-damage|p1a: Azelf|0 fnt|[from] brn
|faint|p1a: Azelf
|upkeep
|
|switch|p1a: Lucario|Lucario, F|100/100
|turn|5
|
|switch|p2a: Politoed|Politoed, F, shiny|100/100
|-damage|p2a: Politoed|88/100|[from] Stealth Rock
|move|p1a: Lucario|Swords Dance|p1a: Lucario
|-boost|p1a: Lucario|atk|2
|
|-weather|RainDance|[upkeep]
|-heal|p2a: Politoed|94/100|[from] item: Leftovers
|upkeep
|turn|6
|
|move|p1a: Lucario|Close Combat|p2a: Politoed
|-damage|p2a: Politoed|0 fnt
|-unboost|p1a: Lucario|def|1
|-unboost|p1a: Lucario|spd|1
|-damage|p1a: Lucario|91/100|[from] item: Life Orb
|faint|p2a: Politoed
|
|-weather|RainDance|[upkeep]
|upkeep
|inactive|Battle timer is ON: inactive players will automatically lose when time's up. (requested by porrompompom)
|inactive|RECO THE BOMBER has 120 seconds left.
|inactive|RECO THE BOMBER has 90 seconds left.
|
|switch|p2a: Starmie|Starmie, shiny|100/100
|-damage|p2a: Starmie|88/100|[from] Stealth Rock
|turn|7
|
|move|p1a: Lucario|Extreme Speed|p2a: Starmie
|-damage|p2a: Starmie|0 fnt
|-damage|p1a: Lucario|81/100|[from] item: Life Orb
|faint|p2a: Starmie
|
|-weather|RainDance|[upkeep]
|upkeep
|
|switch|p2a: Scizor|Scizor, F, shiny|100/100
|-damage|p2a: Scizor|88/100|[from] Stealth Rock
|turn|8
|
|move|p2a: Scizor|Superpower|p1a: Lucario
|-supereffective|p1a: Lucario
|-damage|p1a: Lucario|0 fnt
|-unboost|p2a: Scizor|atk|1
|-unboost|p2a: Scizor|def|1
|faint|p1a: Lucario
|
|-weather|RainDance|[upkeep]
|-sideend|p1: porrompompom|move: Light Screen
|upkeep
|inactive|porrompompom has 120 seconds left.
|
|switch|p1a: Scrafty|Scrafty, M|100/100
|turn|9
|
|switch|p2a: Azumarill|Azumarill, F, shiny|100/100
|-damage|p2a: Azumarill|88/100|[from] Stealth Rock
|move|p1a: Scrafty|Ice Punch|p2a: Azumarill
|-resisted|p2a: Azumarill
|-damage|p2a: Azumarill|76/100
|
|-weather|RainDance|[upkeep]
|upkeep
|turn|10
|
|switch|p2a: Tornadus|Tornadus, M, shiny|100/100
|-damage|p2a: Tornadus|76/100|[from] Stealth Rock
|move|p1a: Scrafty|Dragon Dance|p1a: Scrafty
|-boost|p1a: Scrafty|atk|1
|-boost|p1a: Scrafty|spe|1
|
|-weather|RainDance|[upkeep]
|-sideend|p1: porrompompom|Reflect
|upkeep
|turn|11
|
|move|p2a: Tornadus|Hurricane|p1a: Scrafty
|-supereffective|p1a: Scrafty
|-damage|p1a: Scrafty|0 fnt
|faint|p1a: Scrafty
|
|-weather|RainDance|[upkeep]
|upkeep
|
|switch|p1a: Gorebyss|Gorebyss, M|100/100
|turn|12
|
|move|p1a: Gorebyss|Hydro Pump|p2a: Tornadus|[miss]
|-miss|p1a: Gorebyss|p2a: Tornadus
|move|p2a: Tornadus|Hurricane|p1a: Gorebyss
|-damage|p1a: Gorebyss|0 fnt
|faint|p1a: Gorebyss
|
|-weather|RainDance|[upkeep]
|upkeep
|c|☆RECO THE BOMBER|sorry
|c|☆porrompompom|No you arent
|c|☆RECO THE BOMBER|true
|inactive|porrompompom has 120 seconds left.
|
|switch|p1a: Garchomp|Garchomp, F|100/100
|turn|13
|
|move|p1a: Garchomp|Outrage|p2a: Tornadus
|-damage|p2a: Tornadus|0 fnt
|faint|p2a: Tornadus
|
|-weather|RainDance|[upkeep]
|upkeep
|
|switch|p2a: Ferrothorn|Ferrothorn, F, shiny|100/100
|-damage|p2a: Ferrothorn|94/100|[from] Stealth Rock
|turn|14
|
|move|p1a: Garchomp|Outrage|p2a: Ferrothorn|[from]lockedmove
|-resisted|p2a: Ferrothorn
|-damage|p2a: Ferrothorn|71/100
|-damage|p1a: Garchomp|88/100|[from] ability: Iron Barbs|[of] p2a: Ferrothorn
|-start|p1a: Garchomp|confusion|[fatigue]
|move|p2a: Ferrothorn|Stealth Rock|p1a: Garchomp
|-sidestart|p1: porrompompom|move: Stealth Rock
|
|-weather|RainDance|[upkeep]
|-heal|p2a: Ferrothorn|77/100|[from] item: Leftovers
|upkeep
|turn|15
|
|-activate|p1a: Garchomp|confusion
|move|p1a: Garchomp|Outrage|p2a: Ferrothorn
|-resisted|p2a: Ferrothorn
|-damage|p2a: Ferrothorn|52/100
|-damage|p1a: Garchomp|76/100|[from] ability: Iron Barbs|[of] p2a: Ferrothorn
|move|p2a: Ferrothorn|Power Whip|p1a: Garchomp
|-damage|p1a: Garchomp|40/100
|-damage|p2a: Ferrothorn|39/100|[from] ability: Rough Skin|[of] p1a: Garchomp
|
|-weather|RainDance|[upkeep]
|-heal|p2a: Ferrothorn|45/100|[from] item: Leftovers
|upkeep
|turn|16
|l| refsunpersons
|
|-activate|p1a: Garchomp|confusion
|move|p1a: Garchomp|Outrage|p2a: Ferrothorn|[from]lockedmove
|-resisted|p2a: Ferrothorn
|-damage|p2a: Ferrothorn|23/100
|-damage|p1a: Garchomp|27/100|[from] ability: Iron Barbs|[of] p2a: Ferrothorn
|move|p2a: Ferrothorn|Gyro Ball|p1a: Garchomp
|-damage|p1a: Garchomp|0 fnt
|-damage|p2a: Ferrothorn|10/100|[from] ability: Rough Skin|[of] p1a: Garchomp
|faint|p1a: Garchomp
|
|-weather|RainDance|[upkeep]
|-heal|p2a: Ferrothorn|16/100|[from] item: Leftovers
|upkeep
|
|switch|p1a: Dragonite|Dragonite, F|100/100
|-damage|p1a: Dragonite|76/100|[from] Stealth Rock
|turn|17
|
|move|p1a: Dragonite|Dragon Dance|p1a: Dragonite
|-boost|p1a: Dragonite|atk|1
|-boost|p1a: Dragonite|spe|1
|move|p2a: Ferrothorn|Gyro Ball|p1a: Dragonite
|-damage|p1a: Dragonite|21/100
|
|-weather|RainDance|[upkeep]
|-heal|p2a: Ferrothorn|23/100|[from] item: Leftovers
|upkeep
|turn|18
|
|move|p1a: Dragonite|Fire Punch|p2a: Ferrothorn
|-supereffective|p2a: Ferrothorn
|-damage|p2a: Ferrothorn|0 fnt
|-damage|p1a: Dragonite|9/100|[from] ability: Iron Barbs|[of] p2a: Ferrothorn
|faint|p2a: Ferrothorn
|
|-weather|RainDance|[upkeep]
|upkeep
|
|switch|p2a: Scizor|Scizor, F, shiny|88/100
|-damage|p2a: Scizor|76/100|[from] Stealth Rock
|turn|19
|
|move|p2a: Scizor|Bullet Punch|p1a: Dragonite
|-damage|p1a: Dragonite|0 fnt
|faint|p1a: Dragonite
|
|win|RECO THE BOMBER
|raw|porrompompom's rating: 1546 &rarr; <strong>1517</strong><br />(-29 for losing)
|raw|RECO THE BOMBER's rating: 1367 &rarr; <strong>1397</strong><br />(+30 for winning)
|l|☆RECO THE BOMBER
|l|☆porrompompom
|j|☆porrompompom
