|j|☆blackkaiser
|j|☆Frrf
|player|p1|blackkaiser|2|1541
|player|p2|Frrf|102|1395
|teamsize|p1|6
|teamsize|p2|6
|gametype|singles
|gen|5
|tier|[Gen 5] OU
|rated|
|clearpoke
|poke|p1|Hippowdon, M|item
|poke|p1|Ferrothorn, M|item
|poke|p1|Jellicent, M|item
|poke|p1|Latios, M|item
|poke|p1|Garchomp, M|item
|poke|p1|Scizor, M|item
|poke|p2|Rhyperior, F|item
|poke|p2|Garchomp, M|item
|poke|p2|Jirachi|item
|poke|p2|Latios, M|item
|poke|p2|Keldeo|item
|poke|p2|Scizor, F|item
|rule|Species Clause: Limit one of each Pokémon
|rule|OHKO Clause: OHKO moves are banned
|rule|Moody Clause: Moody is banned
|rule|Evasion Moves Clause: Evasion moves are banned
|rule|Endless Battle Clause: Forcing endless battles is banned
|rule|HP Percentage Mod: HP is shown in percentages
|rule|Evasion Abilities Clause: Evasion abilities are banned
|rule|Baton Pass Clause: Limit one Baton Passer, can't pass Spe and other stats simultaneously
|rule|Sleep Clause: Sleep-inducing moves are banned
|rule|Swagger Clause: Swagger is banned
|teampreview
|inactive|Battle timer is ON: inactive players will automatically lose when time's up. (requested by blackkaiser)
|inactive|Frrf has 120 seconds left.
|
|start
|switch|p1a: Hippowdon|Hippowdon, M|100/100
|switch|p2a: Latios|Latios, M|100/100
|-weather|Sandstorm|[from] ability: Sand Stream|[of] p1a: Hippowdon
|turn|1
|
|switch|p1a: Ferrothorn|Ferrothorn, M|100/100
|move|p2a: Latios|Surf|p1a: Ferrothorn
|-resisted|p1a: Ferrothorn
|-damage|p1a: Ferrothorn|79/100
|
|-weather|Sandstorm|[upkeep]
|-damage|p2a: Latios|95/100|[from] Sandstorm
|upkeep
|turn|2
|
|switch|p2a: Scizor|Scizor, F|100/100
|move|p1a: Ferrothorn|Spikes|p2a: Scizor
|-sidestart|p2: Frrf|Spikes
|
|-weather|Sandstorm|[upkeep]
|upkeep
|turn|3
|
|move|p2a: Scizor|Swords Dance|p2a: Scizor
|-boost|p2a: Scizor|atk|2
|move|p1a: Ferrothorn|Thunder Wave|p2a: Scizor
|-status|p2a: Scizor|par
|
|-weather|Sandstorm|[upkeep]
|upkeep
|turn|4
|
|switch|p1a: Hippowdon|Hippowdon, M|100/100
|cant|p2a: Scizor|par
|
|-weather|Sandstorm|[upkeep]
|upkeep
|turn|5
|
|move|p2a: Scizor|Bullet Punch|p1a: Hippowdon
|-damage|p1a: Hippowdon|70/100
|move|p1a: Hippowdon|Stealth Rock|p2a: Scizor
|-sidestart|p2: Frrf|move: Stealth Rock
|
|-weather|Sandstorm|[upkeep]
|-heal|p1a: Hippowdon|76/100|[from] item: Leftovers
|upkeep
|turn|6
|
|move|p2a: Scizor|Swords Dance|p2a: Scizor
|-boost|p2a: Scizor|atk|2
|move|p1a: Hippowdon|Roar|p2a: Scizor
|drag|p2a: Rhyperior|Rhyperior, F|100/100
|-damage|p2a: Rhyperior|94/100|[from] Stealth Rock
|-damage|p2a: Rhyperior|82/100|[from] Spikes
|
|-weather|Sandstorm|[upkeep]
|-heal|p1a: Hippowdon|82/100|[from] item: Leftovers
|upkeep
|turn|7
|
|move|p2a: Rhyperior|Earthquake|p1a: Hippowdon
|-damage|p1a: Hippowdon|56/100
|move|p1a: Hippowdon|Roar|p2a: Rhyperior
|drag|p2a: Garchomp|Garchomp, M|100/100
|-damage|p2a: Garchomp|94/100|[from] Stealth Rock
|-damage|p2a: Garchomp|82/100|[from] Spikes
|
|-weather|Sandstorm|[upkeep]
|-heal|p1a: Hippowdon|62/100|[from] item: Leftovers
|upkeep
|turn|8
|
|move|p2a: Garchomp|Earthquake|p1a: Hippowdon
|-damage|p1a: Hippowdon|35/100
|move|p1a: Hippowdon|Slack Off|p1a: Hippowdon
|-heal|p1a: Hippowdon|85/100
|
|-weather|Sandstorm|[upkeep]
|-heal|p1a: Hippowdon|91/100|[from] item: Leftovers
|upkeep
|turn|9
|-message|Frrf forfeited.
|
|win|blackkaiser
|l|☆Frrf
|raw|blackkaiser's rating: 1541 &rarr; <strong>1553</strong><br />(+12 for winning)
|raw|Frrf's rating: 1396 &rarr; <strong>1384</strong><br />(-12 for losing)
