|j|☆Garchomplte
|j|☆jailer steve
|player|p1|Garchomplte|brock|1440
|player|p2|jailer steve|196|1403
|teamsize|p1|6
|teamsize|p2|6
|gametype|singles
|gen|5
|tier|[Gen 5] OU
|rated|
|rule|Sleep Clause Mod: Limit one foe put to sleep
|rule|Species Clause: Limit one of each Pokémon
|rule|OHKO Clause: OHKO moves are banned
|rule|Moody Clause: Moody is banned
|rule|Evasion Moves Clause: Evasion moves are banned
|rule|Endless Battle Clause: Forcing endless battles is banned
|rule|HP Percentage Mod: HP is shown in percentages
|rule|Evasion Abilities Clause: Evasion abilities are banned
|rule|Baton Pass Clause: Limit one Baton Passer, can't pass Spe and other stats simultaneously
|rule|Swagger Clause: Swagger is banned
|clearpoke
|poke|p1|Forretress, M|item
|poke|p1|Hydreigon, F|item
|poke|p1|Alakazam, M|item
|poke|p1|Gengar, M|item
|poke|p1|Terrakion|item
|poke|p1|Magnezone|item
|poke|p2|Scizor, F|item
|poke|p2|Ditto|item
|poke|p2|Chansey, F|item
|poke|p2|Xatu, F|item
|poke|p2|Slowbro, F|item
|poke|p2|Excadrill, F|item
|teampreview
|
|start
|switch|p1a: Hydreigon|Hydreigon, F|100/100
|switch|p2a: Slowbro|Slowbro, F|100/100
|turn|1
|
|switch|p2a: Chansey|Chansey, F|100/100
|move|p1a: Hydreigon|Dark Pulse|p2a: Chansey
|-damage|p2a: Chansey|85/100
|-damage|p1a: Hydreigon|91/100|[from] item: Life Orb
|
|upkeep
|turn|2
|
|move|p1a: Hydreigon|Superpower|p2a: Chansey
|-supereffective|p2a: Chansey
|-damage|p2a: Chansey|35/100
|-unboost|p1a: Hydreigon|atk|1
|-unboost|p1a: Hydreigon|def|1
|-damage|p1a: Hydreigon|81/100|[from] item: Life Orb
|move|p2a: Chansey|Stealth Rock|p1a: Hydreigon
|-sidestart|p1: Garchomplte|move: Stealth Rock
|
|upkeep
|turn|3
|
|switch|p1a: Terrakion|Terrakion|100/100
|-damage|p1a: Terrakion|94/100|[from] Stealth Rock
|move|p2a: Chansey|Soft-Boiled|p2a: Chansey
|-heal|p2a: Chansey|85/100
|
|upkeep
|turn|4
|
|switch|p2a: Slowbro|Slowbro, F|100/100
|move|p1a: Terrakion|Stone Edge|p2a: Slowbro
|-damage|p2a: Slowbro|35/100
|
|-heal|p2a: Slowbro|41/100|[from] item: Leftovers
|upkeep
|turn|5
|
|switch|p2a: Excadrill|Excadrill, F|100/100
|-ability|p2a: Excadrill|Mold Breaker
|move|p1a: Terrakion|Stone Edge|p2a: Excadrill
|-resisted|p2a: Excadrill
|-damage|p2a: Excadrill|77/100
|
|-heal|p2a: Excadrill|83/100|[from] item: Leftovers
|upkeep
|turn|6
|
|switch|p1a: Forretress|Forretress, M|100/100
|-damage|p1a: Forretress|88/100|[from] Stealth Rock
|switch|p2a: Slowbro|Slowbro, F|74/100
|
|-heal|p2a: Slowbro|80/100|[from] item: Leftovers
|upkeep
|turn|7
|
|switch|p1a: Hydreigon|Hydreigon, F|81/100
|-damage|p1a: Hydreigon|68/100|[from] Stealth Rock
|switch|p2a: Xatu|Xatu, F|100/100
|
|upkeep
|turn|8
|
|switch|p2a: Chansey|Chansey, F|85/100
|move|p1a: Hydreigon|Superpower|p2a: Chansey
|-supereffective|p2a: Chansey
|-damage|p2a: Chansey|38/100
|-unboost|p1a: Hydreigon|atk|1
|-unboost|p1a: Hydreigon|def|1
|-damage|p1a: Hydreigon|59/100|[from] item: Life Orb
|
|upkeep
|turn|9
|
|move|p1a: Hydreigon|Superpower|p2a: Chansey
|-supereffective|p2a: Chansey
|-damage|p2a: Chansey|8/100
|-unboost|p1a: Hydreigon|atk|1
|-unboost|p1a: Hydreigon|def|1
|-damage|p1a: Hydreigon|49/100|[from] item: Life Orb
|move|p2a: Chansey|Soft-Boiled|p2a: Chansey
|-heal|p2a: Chansey|58/100
|
|upkeep
|turn|10
|
|move|p1a: Hydreigon|Roost|p1a: Hydreigon
|-heal|p1a: Hydreigon|99/100
|-singleturn|p1a: Hydreigon|move: Roost
|move|p2a: Chansey|Soft-Boiled|p2a: Chansey
|-heal|p2a: Chansey|100/100
|
|upkeep
|turn|11
|
|switch|p1a: Forretress|Forretress, M|88/100
|-damage|p1a: Forretress|76/100|[from] Stealth Rock
|move|p2a: Chansey|Seismic Toss|p1a: Forretress
|-damage|p1a: Forretress|42/100
|
|upkeep
|turn|12
|
|switch|p2a: Xatu|Xatu, F|100/100
|move|p1a: Forretress|Rapid Spin|p2a: Xatu
|-damage|p2a: Xatu|95/100
|-damage|p1a: Forretress|25/100|[from] item: Rocky Helmet|[of] p2a: Xatu
|-sideend|p1: Garchomplte|Stealth Rock|[from] move: Rapid Spin|[of] p1a: Forretress
|
|upkeep
|turn|13
|
|switch|p1a: Hydreigon|Hydreigon, F|99/100
|move|p2a: Xatu|Night Shade|p1a: Hydreigon
|-damage|p1a: Hydreigon|68/100
|
|upkeep
|turn|14
|
|switch|p1a: Terrakion|Terrakion|94/100
|switch|p2a: Chansey|Chansey, F|100/100
|
|upkeep
|turn|15
|
|switch|p2a: Slowbro|Slowbro, F|100/100
|move|p1a: Terrakion|Close Combat|p2a: Slowbro
|-resisted|p2a: Slowbro
|-damage|p2a: Slowbro|65/100
|-unboost|p1a: Terrakion|def|1
|-unboost|p1a: Terrakion|spd|1
|
|-heal|p2a: Slowbro|71/100|[from] item: Leftovers
|upkeep
|turn|16
|
|switch|p1a: Alakazam|Alakazam, M|100/100
|move|p2a: Slowbro|Scald|p1a: Alakazam
|-damage|p1a: Alakazam|56/100
|
|-heal|p2a: Slowbro|77/100|[from] item: Leftovers
|upkeep
|turn|17
|
|switch|p2a: Chansey|Chansey, F|100/100
|move|p1a: Alakazam|Shadow Ball|p2a: Chansey
|-immune|p2a: Chansey
|
|upkeep
|turn|18
|
|switch|p1a: Forretress|Forretress, M|25/100
|move|p2a: Chansey|Stealth Rock|p1a: Forretress
|-sidestart|p1: Garchomplte|move: Stealth Rock
|
|upkeep
|turn|19
|-enditem|p1a: Forretress|Custap Berry|[eat]
|-activate|p1a: Forretress|item: Custap Berry|[consumed]
|
|move|p1a: Forretress|Explosion|p2a: Chansey
|-damage|p2a: Chansey|56/100
|faint|p1a: Forretress
|move|p2a: Chansey|Seismic Toss|p1: Forretress|[notarget]
|-fail|p2a: Chansey
|
|upkeep
|
|switch|p1a: Terrakion|Terrakion|94/100
|-damage|p1a: Terrakion|88/100|[from] Stealth Rock
|turn|20
|
|switch|p2a: Slowbro|Slowbro, F|100/100
|move|p1a: Terrakion|Stone Edge|p2a: Slowbro
|-damage|p2a: Slowbro|42/100
|
|-heal|p2a: Slowbro|49/100|[from] item: Leftovers
|upkeep
|turn|21
|
|switch|p1a: Hydreigon|Hydreigon, F|68/100
|-damage|p1a: Hydreigon|56/100|[from] Stealth Rock
|switch|p2a: Excadrill|Excadrill, F|83/100
|-ability|p2a: Excadrill|Mold Breaker
|
|-heal|p2a: Excadrill|89/100|[from] item: Leftovers
|upkeep
|turn|22
|
|move|p1a: Hydreigon|Fire Blast|p2a: Excadrill
|-supereffective|p2a: Excadrill
|-damage|p2a: Excadrill|0 fnt
|-damage|p1a: Hydreigon|46/100|[from] item: Life Orb
|faint|p2a: Excadrill
|
|upkeep
|
|switch|p2a: Chansey|Chansey, F|56/100
|turn|23
|
|move|p1a: Hydreigon|Superpower|p2a: Chansey
|-supereffective|p2a: Chansey
|-damage|p2a: Chansey|6/100
|-unboost|p1a: Hydreigon|atk|1
|-unboost|p1a: Hydreigon|def|1
|-damage|p1a: Hydreigon|36/100|[from] item: Life Orb
|move|p2a: Chansey|Soft-Boiled|p2a: Chansey
|-heal|p2a: Chansey|56/100
|
|upkeep
|turn|24
|
|switch|p1a: Terrakion|Terrakion|88/100
|-damage|p1a: Terrakion|82/100|[from] Stealth Rock
|move|p2a: Chansey|Soft-Boiled|p2a: Chansey
|-heal|p2a: Chansey|100/100
|
|upkeep
|turn|25
|
|switch|p2a: Slowbro|Slowbro, F|82/100
|move|p1a: Terrakion|Rock Slide|p2a: Slowbro
|-damage|p2a: Slowbro|38/100
|
|-heal|p2a: Slowbro|45/100|[from] item: Leftovers
|upkeep
|turn|26
|
|switch|p2a: Ditto|Ditto|100/100
|-transform|p2a: Ditto|p1a: Terrakion|[from] ability: Imposter
|move|p1a: Terrakion|Rock Slide|p2a: Ditto
|-resisted|p2a: Ditto
|-damage|p2a: Ditto|65/100
|
|upkeep
|turn|27
|
|switch|p1a: Gengar|Gengar, M|100/100
|-damage|p1a: Gengar|88/100|[from] Stealth Rock
|move|p2a: Ditto|Stone Edge|p1a: Gengar
|-damage|p1a: Gengar|0 fnt
|faint|p1a: Gengar
|
|upkeep
|
|switch|p1a: Terrakion|Terrakion|82/100
|-damage|p1a: Terrakion|76/100|[from] Stealth Rock
|turn|28
|
|switch|p2a: Slowbro|Slowbro, F|78/100
|move|p1a: Terrakion|Stone Edge|p2a: Slowbro
|-damage|p2a: Slowbro|14/100
|
|-heal|p2a: Slowbro|21/100|[from] item: Leftovers
|upkeep
|turn|29
|
|switch|p2a: Ditto|Ditto|65/100
|-transform|p2a: Ditto|p1a: Terrakion|[from] ability: Imposter
|move|p1a: Terrakion|Stone Edge|p2a: Ditto|[miss]
|-miss|p1a: Terrakion|p2a: Ditto
|
|upkeep
|turn|30
|
|switch|p1a: Hydreigon|Hydreigon, F|36/100
|-damage|p1a: Hydreigon|24/100|[from] Stealth Rock
|move|p2a: Ditto|Close Combat|p1a: Hydreigon
|-supereffective|p1a: Hydreigon
|-damage|p1a: Hydreigon|0 fnt
|-unboost|p2a: Ditto|def|1
|-unboost|p2a: Ditto|spd|1
|faint|p1a: Hydreigon
|
|upkeep
|
|switch|p1a: Alakazam|Alakazam, M|56/100
|turn|31
|
|move|p2a: Ditto|Close Combat|p1a: Alakazam
|-resisted|p1a: Alakazam
|-damage|p1a: Alakazam|0 fnt
|-unboost|p2a: Ditto|def|1
|-unboost|p2a: Ditto|spd|1
|faint|p1a: Alakazam
|
|upkeep
|
|switch|p1a: Terrakion|Terrakion|76/100
|-damage|p1a: Terrakion|70/100|[from] Stealth Rock
|turn|32
|
|move|p2a: Ditto|Close Combat|p1a: Terrakion
|-supereffective|p1a: Terrakion
|-damage|p1a: Terrakion|0 fnt
|-unboost|p2a: Ditto|def|1
|-unboost|p2a: Ditto|spd|1
|faint|p1a: Terrakion
|
|upkeep
|-message|Garchomplte forfeited.
|
|win|jailer steve
|l|☆Garchomplte
|raw|Garchomplte's rating: 1420 &rarr; <strong>1399</strong><br />(-21 for losing)
|raw|jailer steve's rating: 1403 &rarr; <strong>1424</strong><br />(+21 for winning)
