|j|☆HydreigonSpammer
|j|☆CertamenMeum
|t:|1734466542
|gametype|singles
|player|p1|HydreigonSpammer|veteranf|1350
|player|p2|CertamenMeum|fisherman-gen4|1416
|teamsize|p1|6
|teamsize|p2|6
|gen|5
|tier|[Gen 5] OU
|rated|
|rule|Species Clause: Limit one of each Pokémon
|rule|OHKO Clause: OHKO moves are banned
|rule|Moody Clause: Moody is banned
|rule|Evasion Items Clause: Evasion items are banned
|rule|Evasion Moves Clause: Evasion moves are banned
|rule|Endless Battle Clause: Forcing endless battles is banned
|rule|HP Percentage Mod: HP is shown in percentages
|rule|Evasion Abilities Clause: Evasion abilities are banned
|rule|Sleep Moves Clause: Sleep-inducing moves are banned
|rule|Swagger Clause: Swagger is banned
|rule|Baton Pass Stat Clause: No Baton Passer may have a way to boost its stats
|clearpoke
|poke|p1|Skarmory, M|item
|poke|p1|Reuniclus, F|item
|poke|p1|Landorus-Therian, M|item
|poke|p1|Latios, M|item
|poke|p1|Alakazam, F|item
|poke|p1|Clefable, F|item
|poke|p2|Forretress, M|item
|poke|p2|Dragonite, M|item
|poke|p2|Scizor, F|item
|poke|p2|Rotom-Wash|item
|poke|p2|Ferrothorn, M|item
|poke|p2|Landorus-Therian, M|item
|teampreview
|inactive|Battle timer is ON: inactive players will automatically lose when time's up. (requested by CertamenMeum)
|
|t:|1734466550
|start
|switch|p1a: Landorus|Landorus-Therian, M|100/100
|switch|p2a: ロトム|Rotom-Wash, shiny|100/100
|-ability|p1a: Landorus|Intimidate|boost
|-unboost|p2a: ロトム|atk|1
|turn|1
|
|t:|1734466561
|move|p1a: Landorus|U-turn|p2a: ロトム
|-damage|p2a: ロトム|65/100
|
|t:|1734466568
|switch|p1a: Latios|Latios, M|100/100|[from] U-turn
|move|p2a: ロトム|Hydro Pump|p1a: Latios
|-resisted|p1a: Latios
|-damage|p1a: Latios|55/100
|
|upkeep
|turn|2
|
|t:|1734466593
|switch|p1a: Clefable|Clefable, F|100/100
|switch|p2a: フォレトス|Forretress, M, shiny|100/100
|
|upkeep
|turn|3
|
|t:|1734466596
|move|p1a: Clefable|Flamethrower|p2a: フォレトス
|-supereffective|p2a: フォレトス
|-damage|p2a: フォレトス|7/100
|move|p2a: フォレトス|Stealth Rock|p1a: Clefable
|-sidestart|p1: HydreigonSpammer|move: Stealth Rock
|
|upkeep
|turn|4
|-enditem|p2a: フォレトス|Custap Berry|[eat]
|-activate|p2a: フォレトス|item: Custap Berry|[consumed]
|
|t:|1734466608
|move|p2a: フォレトス|Explosion|p1a: Clefable
|-damage|p1a: Clefable|44/100
|faint|p2a: フォレトス
|move|p1a: Clefable|Ice Beam|p2: フォレトス|[notarget]
|-fail|p1a: Clefable
|
|-heal|p1a: Clefable|50/100|[from] item: Leftovers
|upkeep
|
|t:|1734466620
|switch|p2a: ロトム|Rotom-Wash, shiny|65/100
|turn|5
|
|t:|1734466628
|move|p2a: ロトム|Hydro Pump|p1a: Clefable
|-damage|p1a: Clefable|0 fnt
|faint|p1a: Clefable
|
|upkeep
|
|t:|1734466633
|switch|p1a: Alakazam|Alakazam, F|100/100
|turn|6
|
|t:|1734466644
|move|p1a: Alakazam|Psyshock|p2a: ロトム
|-damage|p2a: ロトム|0 fnt
|faint|p2a: ロトム
|
|upkeep
|
|t:|1734466648
|switch|p2a: ランドロス|Landorus-Therian, M|100/100
|-ability|p2a: ランドロス|Intimidate|boost
|-unboost|p1a: Alakazam|atk|1
|turn|7
|
|t:|1734466654
|switch|p1a: Skarmory|Skarmory, M|100/100
|-damage|p1a: Skarmory|88/100|[from] Stealth Rock
|move|p2a: ランドロス|U-turn|p1a: Skarmory
|-resisted|p1a: Skarmory
|-damage|p1a: Skarmory|84/100
|
|t:|1734466674
|switch|p2a: ナットレイ|Ferrothorn, M|100/100|[from] U-turn
|
|-heal|p1a: Skarmory|90/100|[from] item: Leftovers
|upkeep
|turn|8
|
|t:|1734466679
|move|p1a: Skarmory|Stealth Rock|p2a: ナットレイ
|-sidestart|p2: CertamenMeum|move: Stealth Rock
|move|p2a: ナットレイ|Leech Seed|p1a: Skarmory
|-start|p1a: Skarmory|move: Leech Seed
|
|-heal|p1a: Skarmory|96/100|[from] item: Leftovers
|-damage|p1a: Skarmory|83/100|[from] Leech Seed|[of] p2a: ナットレイ
|upkeep
|turn|9
|
|t:|1734466694
|switch|p2a: ランドロス|Landorus-Therian, M|100/100
|-damage|p2a: ランドロス|88/100|[from] Stealth Rock
|-ability|p2a: ランドロス|Intimidate|boost
|-unboost|p1a: Skarmory|atk|1
|move|p1a: Skarmory|Spikes|p2a: ランドロス
|-sidestart|p2: CertamenMeum|Spikes
|
|-heal|p1a: Skarmory|89/100|[from] item: Leftovers
|-damage|p1a: Skarmory|77/100|[from] Leech Seed|[of] p2a: ランドロス
|-heal|p2a: ランドロス|100/100|[silent]
|upkeep
|turn|10
|
|t:|1734466720
|move|p2a: ランドロス|U-turn|p1a: Skarmory
|-resisted|p1a: Skarmory
|-damage|p1a: Skarmory|72/100
|
|t:|1734466725
|switch|p2a: ハッサム|Scizor, F|100/100|[from] U-turn
|-damage|p2a: ハッサム|88/100|[from] Stealth Rock
|-damage|p2a: ハッサム|76/100|[from] Spikes
|move|p1a: Skarmory|Spikes|p2a: ハッサム
|-sidestart|p2: CertamenMeum|Spikes
|
|-heal|p1a: Skarmory|78/100|[from] item: Leftovers
|-damage|p1a: Skarmory|66/100|[from] Leech Seed|[of] p2a: ハッサム
|-heal|p2a: ハッサム|90/100|[silent]
|upkeep
|turn|11
|
|t:|1734466736
|move|p2a: ハッサム|U-turn|p1a: Skarmory
|-resisted|p1a: Skarmory
|-damage|p1a: Skarmory|55/100
|
|t:|1734466740
|switch|p2a: ランドロス|Landorus-Therian, M|100/100|[from] U-turn
|-damage|p2a: ランドロス|88/100|[from] Stealth Rock
|-ability|p2a: ランドロス|Intimidate|boost
|-unboost|p1a: Skarmory|atk|1
|move|p1a: Skarmory|Whirlwind|p2a: ランドロス
|drag|p2a: ハッサム|Scizor, F|90/100
|-damage|p2a: ハッサム|78/100|[from] Stealth Rock
|-damage|p2a: ハッサム|61/100|[from] Spikes
|
|-heal|p1a: Skarmory|61/100|[from] item: Leftovers
|-damage|p1a: Skarmory|49/100|[from] Leech Seed|[of] p2a: ハッサム
|-heal|p2a: ハッサム|76/100|[silent]
|upkeep
|turn|12
|
|t:|1734466761
|switch|p1a: Landorus|Landorus-Therian, M|100/100
|-damage|p1a: Landorus|88/100|[from] Stealth Rock
|-ability|p1a: Landorus|Intimidate|boost
|-unboost|p2a: ハッサム|atk|1
|move|p2a: ハッサム|Superpower|p1a: Landorus
|-resisted|p1a: Landorus
|-damage|p1a: Landorus|60/100
|-unboost|p2a: ハッサム|atk|1
|-unboost|p2a: ハッサム|def|1
|
|upkeep
|turn|13
|
|t:|1734466771
|switch|p2a: ランドロス|Landorus-Therian, M|88/100
|-damage|p2a: ランドロス|76/100|[from] Stealth Rock
|-ability|p2a: ランドロス|Intimidate|boost
|-unboost|p1a: Landorus|atk|1
|move|p1a: Landorus|Earthquake|p2a: ランドロス
|-immune|p2a: ランドロス
|
|upkeep
|turn|14
|
|t:|1734466784
|switch|p1a: Skarmory|Skarmory, M|49/100
|-damage|p1a: Skarmory|37/100|[from] Stealth Rock
|move|p2a: ランドロス|U-turn|p1a: Skarmory
|-resisted|p1a: Skarmory
|-damage|p1a: Skarmory|32/100
|
|t:|1734466793
|switch|p2a: ナットレイ|Ferrothorn, M|100/100|[from] U-turn
|-damage|p2a: ナットレイ|94/100|[from] Stealth Rock
|-damage|p2a: ナットレイ|78/100|[from] Spikes
|
|-heal|p1a: Skarmory|38/100|[from] item: Leftovers
|-heal|p2a: ナットレイ|84/100|[from] item: Leftovers
|upkeep
|turn|15
|
|t:|1734466801
|move|p1a: Skarmory|Roost|p1a: Skarmory
|-heal|p1a: Skarmory|88/100
|-singleturn|p1a: Skarmory|move: Roost
|move|p2a: ナットレイ|Leech Seed|p1a: Skarmory
|-start|p1a: Skarmory|move: Leech Seed
|
|-heal|p1a: Skarmory|94/100|[from] item: Leftovers
|-heal|p2a: ナットレイ|90/100|[from] item: Leftovers
|-damage|p1a: Skarmory|82/100|[from] Leech Seed|[of] p2a: ナットレイ
|-heal|p2a: ナットレイ|100/100|[silent]
|upkeep
|turn|16
|
|t:|1734466813
|switch|p1a: Reuniclus|Reuniclus, F|100/100
|switch|p2a: ランドロス|Landorus-Therian, M|76/100
|-damage|p2a: ランドロス|64/100|[from] Stealth Rock
|-ability|p2a: ランドロス|Intimidate|boost
|-unboost|p1a: Reuniclus|atk|1
|
|upkeep
|turn|17
|
|t:|1734466824
|move|p2a: ランドロス|U-turn|p1a: Reuniclus
|-supereffective|p1a: Reuniclus
|-damage|p1a: Reuniclus|66/100
|
|t:|1734466831
|switch|p2a: ハッサム|Scizor, F|76/100|[from] U-turn
|-damage|p2a: ハッサム|63/100|[from] Stealth Rock
|-damage|p2a: ハッサム|47/100|[from] Spikes
|move|p1a: Reuniclus|Psychic|p2a: ハッサム
|-resisted|p2a: ハッサム
|-damage|p2a: ハッサム|10/100
|
|upkeep
|turn|18
|
|t:|1734466841
|-activate|p1a: Reuniclus|move: Pursuit
|move|p2a: ハッサム|Pursuit|p1a: Reuniclus|[from]Pursuit
|-supereffective|p1a: Reuniclus
|-damage|p1a: Reuniclus|0 fnt
|faint|p1a: Reuniclus
|-hint|A Pokemon can't switch between when it runs out of HP and when it faints
|
|upkeep
|
|t:|1734466852
|switch|p1a: Skarmory|Skarmory, M|82/100
|-damage|p1a: Skarmory|69/100|[from] Stealth Rock
|turn|19
|
|t:|1734466874
|switch|p2a: ナットレイ|Ferrothorn, M|100/100
|-damage|p2a: ナットレイ|94/100|[from] Stealth Rock
|-damage|p2a: ナットレイ|78/100|[from] Spikes
|move|p1a: Skarmory|Whirlwind|p2a: ナットレイ
|drag|p2a: ハッサム|Scizor, F|10/100
|-damage|p2a: ハッサム|0 fnt|[from] Stealth Rock
|faint|p2a: ハッサム
|
|-heal|p1a: Skarmory|75/100|[from] item: Leftovers
|upkeep
|
|t:|1734466885
|switch|p2a: ランドロス|Landorus-Therian, M|64/100
|-damage|p2a: ランドロス|52/100|[from] Stealth Rock
|-ability|p2a: ランドロス|Intimidate|boost
|-unboost|p1a: Skarmory|atk|1
|turn|20
|
|t:|1734466891
|move|p2a: ランドロス|U-turn|p1a: Skarmory
|-resisted|p1a: Skarmory
|-damage|p1a: Skarmory|70/100
|
|t:|1734466895
|switch|p2a: カイリュー|Dragonite, M|100/100|[from] U-turn
|-damage|p2a: カイリュー|76/100|[from] Stealth Rock
|move|p1a: Skarmory|Spikes|p2a: カイリュー
|-sidestart|p2: CertamenMeum|Spikes
|
|-heal|p1a: Skarmory|76/100|[from] item: Leftovers
|upkeep
|turn|21
|
|t:|1734466903
|move|p2a: カイリュー|Dragon Dance|p2a: カイリュー
|-boost|p2a: カイリュー|atk|1
|-boost|p2a: カイリュー|spe|1
|move|p1a: Skarmory|Whirlwind|p2a: カイリュー
|drag|p2a: ナットレイ|Ferrothorn, M|78/100
|-damage|p2a: ナットレイ|72/100|[from] Stealth Rock
|-damage|p2a: ナットレイ|47/100|[from] Spikes
|
|-heal|p1a: Skarmory|82/100|[from] item: Leftovers
|-heal|p2a: ナットレイ|53/100|[from] item: Leftovers
|upkeep
|turn|22
|
|t:|1734466917
|move|p2a: ナットレイ|Gyro Ball|p1a: Skarmory
|-resisted|p1a: Skarmory
|-damage|p1a: Skarmory|69/100
|move|p1a: Skarmory|Whirlwind|p2a: ナットレイ
|drag|p2a: カイリュー|Dragonite, M|76/100
|-damage|p2a: カイリュー|51/100|[from] Stealth Rock
|
|-heal|p1a: Skarmory|75/100|[from] item: Leftovers
|upkeep
|turn|23
|
|t:|1734466920
|move|p2a: カイリュー|Outrage|p1a: Skarmory
|-resisted|p1a: Skarmory
|-damage|p1a: Skarmory|48/100
|move|p1a: Skarmory|Whirlwind|p2a: カイリュー
|drag|p2a: ナットレイ|Ferrothorn, M|53/100
|-damage|p2a: ナットレイ|47/100|[from] Stealth Rock
|-damage|p2a: ナットレイ|22/100|[from] Spikes
|
|-heal|p1a: Skarmory|54/100|[from] item: Leftovers
|-heal|p2a: ナットレイ|28/100|[from] item: Leftovers
|upkeep
|turn|24
|
|t:|1734466925
|move|p2a: ナットレイ|Leech Seed|p1a: Skarmory
|-start|p1a: Skarmory|move: Leech Seed
|move|p1a: Skarmory|Whirlwind|p2a: ナットレイ
|drag|p2a: カイリュー|Dragonite, M|51/100
|-damage|p2a: カイリュー|26/100|[from] Stealth Rock
|
|-heal|p1a: Skarmory|60/100|[from] item: Leftovers
|-damage|p1a: Skarmory|48/100|[from] Leech Seed|[of] p2a: カイリュー
|-heal|p2a: カイリュー|39/100|[silent]
|upkeep
|turn|25
|
|t:|1734466938
|move|p2a: カイリュー|Dragon Dance|p2a: カイリュー
|-boost|p2a: カイリュー|atk|1
|-boost|p2a: カイリュー|spe|1
|move|p1a: Skarmory|Whirlwind|p2a: カイリュー
|drag|p2a: ランドロス|Landorus-Therian, M|52/100
|-damage|p2a: ランドロス|39/100|[from] Stealth Rock
|-ability|p2a: ランドロス|Intimidate|boost
|-unboost|p1a: Skarmory|atk|1
|
|-heal|p1a: Skarmory|54/100|[from] item: Leftovers
|-damage|p1a: Skarmory|42/100|[from] Leech Seed|[of] p2a: ランドロス
|-heal|p2a: ランドロス|52/100|[silent]
|upkeep
|turn|26
|
|t:|1734466953
|move|p2a: ランドロス|Hidden Power|p1a: Skarmory
|-damage|p1a: Skarmory|25/100
|move|p1a: Skarmory|Whirlwind|p2a: ランドロス
|drag|p2a: ナットレイ|Ferrothorn, M|28/100
|-damage|p2a: ナットレイ|22/100|[from] Stealth Rock
|-damage|p2a: ナットレイ|0 fnt|[from] Spikes
|faint|p2a: ナットレイ
|
|-heal|p1a: Skarmory|31/100|[from] item: Leftovers
|upkeep
|
|t:|1734466964
|switch|p2a: ランドロス|Landorus-Therian, M|52/100
|-damage|p2a: ランドロス|40/100|[from] Stealth Rock
|-ability|p2a: ランドロス|Intimidate|boost
|-unboost|p1a: Skarmory|atk|1
|turn|27
|
|t:|1734466988
|move|p2a: ランドロス|Superpower|p1a: Skarmory
|-damage|p1a: Skarmory|0 fnt
|-unboost|p2a: ランドロス|atk|1
|-unboost|p2a: ランドロス|def|1
|faint|p1a: Skarmory
|
|upkeep
|
|t:|1734466993
|switch|p1a: Latios|Latios, M|55/100
|-damage|p1a: Latios|42/100|[from] Stealth Rock
|turn|28
|
|t:|1734466998
|move|p1a: Latios|Dragon Pulse|p2a: ランドロス
|-damage|p2a: ランドロス|0 fnt
|faint|p2a: ランドロス
|
|upkeep
|
|t:|1734467001
|switch|p2a: カイリュー|Dragonite, M|39/100
|-damage|p2a: カイリュー|14/100|[from] Stealth Rock
|turn|29
|
|t:|1734467006
|move|p2a: カイリュー|Extreme Speed|p1a: Latios
|-damage|p1a: Latios|0 fnt
|faint|p1a: Latios
|
|upkeep
|
|t:|1734467009
|switch|p1a: Landorus|Landorus-Therian, M|60/100
|-damage|p1a: Landorus|48/100|[from] Stealth Rock
|-ability|p1a: Landorus|Intimidate|boost
|-unboost|p2a: カイリュー|atk|1
|turn|30
|
|t:|1734467016
|move|p2a: カイリュー|Extreme Speed|p1a: Landorus
|-damage|p1a: Landorus|23/100
|move|p1a: Landorus|Superpower|p2a: カイリュー
|-resisted|p2a: カイリュー
|-damage|p2a: カイリュー|0 fnt
|-unboost|p1a: Landorus|atk|1
|-unboost|p1a: Landorus|def|1
|faint|p2a: カイリュー
|
|win|HydreigonSpammer
|raw|HydreigonSpammer's rating: 1350 &rarr; <strong>1374</strong><br />(+24 for winning)
|raw|CertamenMeum's rating: 1416 &rarr; <strong>1392</strong><br />(-24 for losing)
|l|☆CertamenMeum
|player|p2|
