|j|☆Rokko300
|j|☆testbwou
|t:|1708957210
|gametype|singles
|player|p1|Rokko300|fisherman|1325
|player|p2|testbwou|102|1338
|teamsize|p1|6
|teamsize|p2|6
|gen|5
|tier|[Gen 5] OU
|rated|
|rule|Species Clause: Limit one of each Pokémon
|rule|OHKO Clause: OHKO moves are banned
|rule|Moody Clause: Moody is banned
|rule|Evasion Items Clause: Evasion items are banned
|rule|Evasion Moves Clause: Evasion moves are banned
|rule|Endless Battle Clause: Forcing endless battles is banned
|rule|HP Percentage Mod: HP is shown in percentages
|rule|Evasion Abilities Clause: Evasion abilities are banned
|rule|Sleep Moves Clause: Sleep-inducing moves are banned
|rule|Swagger Clause: Swagger is banned
|rule|Baton Pass Stat Clause: No Baton Passer may have a way to boost its stats
|clearpoke
|poke|p1|Salamence, M|item
|poke|p1|Ferrothorn, M|item
|poke|p1|Mamoswine, M|item
|poke|p1|Tyranitar, M|item
|poke|p1|Starmie|item
|poke|p1|Archeops, M|item
|poke|p2|Riolu, M|item
|poke|p2|Forretress, M|item
|poke|p2|Shedinja|item
|poke|p2|Politoed, F|item
|poke|p2|Gengar, M|item
|poke|p2|Starmie|item
|teampreview
|inactive|Battle timer is ON: inactive players will automatically lose when time's up. (requested by Rokko300)
|
|t:|1708957223
|start
|switch|p1a: Tyranitar|Tyranitar, M|100/100
|switch|p2a: Forretress|Forretress, M|100/100
|-weather|Sandstorm|[from] ability: Sand Stream|[of] p1a: Tyranitar
|turn|1
|
|t:|1708957228
|move|p2a: Forretress|Stealth Rock|p1a: Tyranitar
|-sidestart|p1: Rokko300|move: Stealth Rock
|move|p1a: Tyranitar|Fire Blast|p2a: Forretress
|-supereffective|p2a: Forretress
|-ability|p2a: Forretress|Sturdy
|-damage|p2a: Forretress|1/100
|
|-weather|Sandstorm|[upkeep]
|upkeep
|turn|2
|-enditem|p2a: Forretress|Custap Berry|[eat]
|-activate|p2a: Forretress|item: Custap Berry|[consumed]
|
|t:|1708957234
|move|p2a: Forretress|Spikes|p1a: Tyranitar
|-sidestart|p1: Rokko300|Spikes
|move|p1a: Tyranitar|Dark Pulse|p2a: Forretress
|-resisted|p2a: Forretress
|-damage|p2a: Forretress|0 fnt
|faint|p2a: Forretress
|
|-weather|Sandstorm|[upkeep]
|upkeep
|
|t:|1708957244
|switch|p2a: Politoed|Politoed, F|100/100
|-weather|RainDance|[from] ability: Drizzle|[of] p2a: Politoed
|turn|3
|
|t:|1708957247
|switch|p2a: Gengar|Gengar, M|100/100
|switch|p1a: Ferrothorn|Ferrothorn, M|100/100
|-damage|p1a: Ferrothorn|94/100|[from] Stealth Rock
|-damage|p1a: Ferrothorn|82/100|[from] Spikes
|
|-weather|RainDance|[upkeep]
|-heal|p1a: Ferrothorn|88/100|[from] item: Leftovers
|upkeep
|turn|4
|
|t:|1708957254
|move|p2a: Gengar|Focus Blast|p1a: Ferrothorn|[miss]
|-miss|p2a: Gengar|p1a: Ferrothorn
|move|p1a: Ferrothorn|Knock Off|p2a: Gengar
|-supereffective|p2a: Gengar
|-crit|p2a: Gengar
|-damage|p2a: Gengar|64/100
|-enditem|p2a: Gengar|Life Orb|[from] move: Knock Off|[of] p1a: Ferrothorn
|
|-weather|RainDance|[upkeep]
|-heal|p1a: Ferrothorn|94/100|[from] item: Leftovers
|upkeep
|turn|5
|
|t:|1708957260
|move|p2a: Gengar|Focus Blast|p1a: Ferrothorn
|-supereffective|p1a: Ferrothorn
|-damage|p1a: Ferrothorn|35/100
|move|p1a: Ferrothorn|Leech Seed|p2a: Gengar
|-start|p2a: Gengar|move: Leech Seed
|
|-weather|RainDance|[upkeep]
|-heal|p1a: Ferrothorn|41/100|[from] item: Leftovers
|-damage|p2a: Gengar|52/100|[from] Leech Seed|[of] p1a: Ferrothorn
|-heal|p1a: Ferrothorn|50/100|[silent]
|upkeep
|turn|6
|
|t:|1708957262
|move|p1a: Ferrothorn|Protect|p1a: Ferrothorn
|-singleturn|p1a: Ferrothorn|Protect
|move|p2a: Gengar|Focus Blast|p1a: Ferrothorn
|-activate|p1a: Ferrothorn|move: Protect
|
|-weather|RainDance|[upkeep]
|-heal|p1a: Ferrothorn|56/100|[from] item: Leftovers
|-damage|p2a: Gengar|40/100|[from] Leech Seed|[of] p1a: Ferrothorn
|-heal|p1a: Ferrothorn|65/100|[silent]
|upkeep
|turn|7
|
|t:|1708957272
|switch|p1a: Starmie|Starmie|100/100
|-damage|p1a: Starmie|88/100|[from] Stealth Rock
|-item|p1a: Starmie|Air Balloon
|move|p2a: Gengar|Focus Blast|p1a: Starmie
|-resisted|p1a: Starmie
|-damage|p1a: Starmie|57/100
|-enditem|p1a: Starmie|Air Balloon
|
|-weather|RainDance|[upkeep]
|-damage|p2a: Gengar|28/100|[from] Leech Seed|[of] p1a: Starmie
|-heal|p1a: Starmie|69/100|[silent]
|upkeep
|turn|8
|
|t:|1708957282
|switch|p2a: Shedinja|Shedinja|100/100
|move|p1a: Starmie|Psychic|p2a: Shedinja
|-immune|p2a: Shedinja|[from] ability: Wonder Guard
|
|-weather|RainDance|[upkeep]
|upkeep
|turn|9
|
|t:|1708957290
|switch|p1a: Tyranitar|Tyranitar, M|100/100
|-damage|p1a: Tyranitar|88/100|[from] Stealth Rock
|-damage|p1a: Tyranitar|76/100|[from] Spikes
|-weather|Sandstorm|[from] ability: Sand Stream|[of] p1a: Tyranitar
|switch|p2a: Gengar|Gengar, M|28/100
|
|-weather|Sandstorm|[upkeep]
|-damage|p2a: Gengar|22/100|[from] Sandstorm
|-heal|p1a: Tyranitar|82/100|[from] item: Leftovers
|upkeep
|turn|10
|
|t:|1708957313
|switch|p1a: Salamence|Salamence, M|100/100
|-damage|p1a: Salamence|75/100|[from] Stealth Rock
|-ability|p1a: Salamence|Intimidate|boost
|-unboost|p2a: Gengar|atk|1
|move|p2a: Gengar|Focus Blast|p1a: Salamence
|-resisted|p1a: Salamence
|-damage|p1a: Salamence|52/100
|
|-weather|Sandstorm|[upkeep]
|-damage|p2a: Gengar|15/100|[from] Sandstorm
|-damage|p1a: Salamence|46/100|[from] Sandstorm
|upkeep
|turn|11
|
|t:|1708957324
|move|p2a: Gengar|Hidden Power|p1a: Salamence
|-supereffective|p1a: Salamence
|-damage|p1a: Salamence|0 fnt
|faint|p1a: Salamence
|
|-weather|Sandstorm|[upkeep]
|-damage|p2a: Gengar|9/100|[from] Sandstorm
|upkeep
|
|t:|1708957334
|switch|p1a: Starmie|Starmie|69/100
|-damage|p1a: Starmie|57/100|[from] Stealth Rock
|-damage|p1a: Starmie|45/100|[from] Spikes
|turn|12
|
|t:|1708957342
|switch|p2a: Politoed|Politoed, F|100/100
|-weather|RainDance|[from] ability: Drizzle|[of] p2a: Politoed
|move|p1a: Starmie|Thunderbolt|p2a: Politoed
|-supereffective|p2a: Politoed
|-damage|p2a: Politoed|43/100
|-status|p2a: Politoed|par
|
|-weather|RainDance|[upkeep]
|upkeep
|turn|13
|
|t:|1708957349
|switch|p2a: Shedinja|Shedinja|100/100
|move|p1a: Starmie|Rapid Spin|p2a: Shedinja
|-immune|p2a: Shedinja
|
|-weather|RainDance|[upkeep]
|upkeep
|turn|14
|j| SKT T1 Motherfaker
|
|t:|1708957359
|switch|p1a: Mamoswine|Mamoswine, M|100/100
|-damage|p1a: Mamoswine|88/100|[from] Stealth Rock
|-damage|p1a: Mamoswine|76/100|[from] Spikes
|move|p2a: Shedinja|X-Scissor|p1a: Mamoswine
|-crit|p1a: Mamoswine
|-damage|p1a: Mamoswine|0 fnt
|faint|p1a: Mamoswine
|
|-weather|RainDance|[upkeep]
|upkeep
|
|t:|1708957374
|switch|p1a: Tyranitar|Tyranitar, M|82/100
|-damage|p1a: Tyranitar|70/100|[from] Stealth Rock
|-damage|p1a: Tyranitar|57/100|[from] Spikes
|-weather|Sandstorm|[from] ability: Sand Stream|[of] p1a: Tyranitar
|turn|15
|
|t:|1708957378
|switch|p2a: Politoed|Politoed, F|43/100 par
|-weather|RainDance|[from] ability: Drizzle|[of] p2a: Politoed
|move|p1a: Tyranitar|Stealth Rock|p2a: Politoed
|-sidestart|p2: testbwou|move: Stealth Rock
|
|-weather|RainDance|[upkeep]
|-heal|p1a: Tyranitar|63/100|[from] item: Leftovers
|upkeep
|turn|16
|
|t:|1708957383
|switch|p1a: Ferrothorn|Ferrothorn, M|65/100
|-damage|p1a: Ferrothorn|59/100|[from] Stealth Rock
|-damage|p1a: Ferrothorn|47/100|[from] Spikes
|move|p2a: Politoed|Surf|p1a: Ferrothorn
|-resisted|p1a: Ferrothorn
|-damage|p1a: Ferrothorn|29/100
|
|-weather|RainDance|[upkeep]
|-heal|p1a: Ferrothorn|35/100|[from] item: Leftovers
|upkeep
|turn|17
|
|t:|1708957391
|switch|p2a: Gengar|Gengar, M|9/100
|-damage|p2a: Gengar|0 fnt|[from] Stealth Rock
|faint|p2a: Gengar
|move|p1a: Ferrothorn|Leech Seed|p2: Gengar|[notarget]
|-fail|p1a: Ferrothorn
|
|-weather|RainDance|[upkeep]
|-heal|p1a: Ferrothorn|41/100|[from] item: Leftovers
|upkeep
|
|t:|1708957399
|switch|p2a: Riolu|Riolu, M|100/100
|-damage|p2a: Riolu|95/100|[from] Stealth Rock
|turn|18
|
|t:|1708957402
|move|p2a: Riolu|Drain Punch|p1a: Ferrothorn
|-supereffective|p1a: Ferrothorn
|-damage|p1a: Ferrothorn|5/100
|-heal|p2a: Riolu|100/100|[from] drain|[of] p1a: Ferrothorn
|-damage|p2a: Riolu|88/100|[from] ability: Iron Barbs|[of] p1a: Ferrothorn
|move|p1a: Ferrothorn|Leech Seed|p2a: Riolu
|-start|p2a: Riolu|move: Leech Seed
|
|-weather|RainDance|[upkeep]
|-heal|p1a: Ferrothorn|11/100|[from] item: Leftovers
|-damage|p2a: Riolu|76/100|[from] Leech Seed|[of] p1a: Ferrothorn
|-heal|p1a: Ferrothorn|19/100|[silent]
|upkeep
|turn|19
|
|t:|1708957409
|move|p1a: Ferrothorn|Protect|p1a: Ferrothorn
|-singleturn|p1a: Ferrothorn|Protect
|move|p2a: Riolu|Roar|p1a: Ferrothorn
|-activate|p1a: Ferrothorn|move: Protect
|
|-weather|RainDance|[upkeep]
|-heal|p1a: Ferrothorn|25/100|[from] item: Leftovers
|-damage|p2a: Riolu|64/100|[from] Leech Seed|[of] p1a: Ferrothorn
|-heal|p1a: Ferrothorn|33/100|[silent]
|upkeep
|turn|20
|
|t:|1708957420
|switch|p1a: Tyranitar|Tyranitar, M|63/100
|-damage|p1a: Tyranitar|51/100|[from] Stealth Rock
|-damage|p1a: Tyranitar|39/100|[from] Spikes
|-weather|Sandstorm|[from] ability: Sand Stream|[of] p1a: Tyranitar
|move|p2a: Riolu|Copycat|p2a: Riolu
|move|p2a: Riolu|Roar|p1a: Tyranitar|[from]move: Copycat
|drag|p1a: Archeops|Archeops, M|100/100
|-damage|p1a: Archeops|76/100|[from] Stealth Rock
|
|-weather|Sandstorm|[upkeep]
|-damage|p2a: Riolu|58/100|[from] Sandstorm
|-damage|p2a: Riolu|46/100|[from] Leech Seed|[of] p1a: Archeops
|-heal|p1a: Archeops|85/100|[silent]
|upkeep
|turn|21
|
|t:|1708957436
|move|p2a: Riolu|Copycat|p2a: Riolu
|move|p2a: Riolu|Roar|p1a: Archeops|[from]move: Copycat
|drag|p1a: Ferrothorn|Ferrothorn, M|33/100
|-damage|p1a: Ferrothorn|27/100|[from] Stealth Rock
|-damage|p1a: Ferrothorn|14/100|[from] Spikes
|
|-weather|Sandstorm|[upkeep]
|-damage|p2a: Riolu|40/100|[from] Sandstorm
|-heal|p1a: Ferrothorn|20/100|[from] item: Leftovers
|-damage|p2a: Riolu|28/100|[from] Leech Seed|[of] p1a: Ferrothorn
|-heal|p1a: Ferrothorn|28/100|[silent]
|upkeep
|turn|22
|
|t:|1708957440
|move|p1a: Ferrothorn|Protect|p1a: Ferrothorn
|-singleturn|p1a: Ferrothorn|Protect
|move|p2a: Riolu|Copycat||[still]
|-fail|p2a: Riolu
|
|-weather|Sandstorm|[upkeep]
|-damage|p2a: Riolu|22/100|[from] Sandstorm
|-heal|p1a: Ferrothorn|34/100|[from] item: Leftovers
|-damage|p2a: Riolu|10/100|[from] Leech Seed|[of] p1a: Ferrothorn
|-heal|p1a: Ferrothorn|42/100|[silent]
|upkeep
|turn|23
|
|t:|1708957446
|move|p1a: Ferrothorn|Protect|p1a: Ferrothorn
|-singleturn|p1a: Ferrothorn|Protect
|move|p2a: Riolu|Drain Punch|p1a: Ferrothorn
|-activate|p1a: Ferrothorn|move: Protect
|
|-weather|Sandstorm|[upkeep]
|-damage|p2a: Riolu|4/100|[from] Sandstorm
|-heal|p1a: Ferrothorn|48/100|[from] item: Leftovers
|-damage|p2a: Riolu|0 fnt|[from] Leech Seed|[of] p1a: Ferrothorn
|-heal|p1a: Ferrothorn|50/100|[silent]
|faint|p2a: Riolu
|upkeep
|
|t:|1708957450
|switch|p2a: Starmie|Starmie|100/100
|-damage|p2a: Starmie|88/100|[from] Stealth Rock
|turn|24
|
|t:|1708957453
|move|p2a: Starmie|Ice Beam|p1a: Ferrothorn
|-damage|p1a: Ferrothorn|28/100
|-damage|p2a: Starmie|78/100|[from] item: Life Orb
|move|p1a: Ferrothorn|Leech Seed|p2a: Starmie
|-start|p2a: Starmie|move: Leech Seed
|
|-weather|Sandstorm|[upkeep]
|-damage|p2a: Starmie|72/100|[from] Sandstorm
|-heal|p1a: Ferrothorn|35/100|[from] item: Leftovers
|-damage|p2a: Starmie|60/100|[from] Leech Seed|[of] p1a: Ferrothorn
|-heal|p1a: Ferrothorn|44/100|[silent]
|upkeep
|turn|25
|
|t:|1708957457
|switch|p2a: Politoed|Politoed, F|43/100 par
|-damage|p2a: Politoed|30/100 par|[from] Stealth Rock
|-weather|RainDance|[from] ability: Drizzle|[of] p2a: Politoed
|switch|p1a: Starmie|Starmie|45/100
|-damage|p1a: Starmie|33/100|[from] Stealth Rock
|-damage|p1a: Starmie|20/100|[from] Spikes
|
|-weather|RainDance|[upkeep]
|upkeep
|turn|26
|
|t:|1708957462
|move|p1a: Starmie|Rapid Spin|p2a: Politoed
|-damage|p2a: Politoed|26/100 par
|-sideend|p1: Rokko300|Spikes|[from] move: Rapid Spin|[of] p1a: Starmie
|-sideend|p1: Rokko300|Stealth Rock|[from] move: Rapid Spin|[of] p1a: Starmie
|cant|p2a: Politoed|par
|
|-weather|RainDance|[upkeep]
|upkeep
|turn|27
|
|t:|1708957466
|switch|p1a: Tyranitar|Tyranitar, M|39/100
|-weather|Sandstorm|[from] ability: Sand Stream|[of] p1a: Tyranitar
|cant|p2a: Politoed|par
|
|-weather|Sandstorm|[upkeep]
|-damage|p2a: Politoed|20/100 par|[from] Sandstorm
|-heal|p1a: Tyranitar|45/100|[from] item: Leftovers
|upkeep
|turn|28
|
|t:|1708957474
|move|p1a: Tyranitar|Dark Pulse|p2a: Politoed
|-damage|p2a: Politoed|0 fnt
|faint|p2a: Politoed
|
|-weather|Sandstorm|[upkeep]
|-heal|p1a: Tyranitar|51/100|[from] item: Leftovers
|upkeep
|
|t:|1708957476
|switch|p2a: Starmie|Starmie|60/100
|-damage|p2a: Starmie|48/100|[from] Stealth Rock
|turn|29
|
|t:|1708957479
|move|p2a: Starmie|Surf|p1a: Tyranitar
|-supereffective|p1a: Tyranitar
|-damage|p1a: Tyranitar|0 fnt
|faint|p1a: Tyranitar
|-damage|p2a: Starmie|38/100|[from] item: Life Orb
|
|-weather|Sandstorm|[upkeep]
|-damage|p2a: Starmie|32/100|[from] Sandstorm
|upkeep
|
|t:|1708957484
|switch|p1a: Starmie|Starmie|20/100
|turn|30
|
|t:|1708957487
|move|p1a: Starmie|Thunderbolt|p2a: Starmie
|-supereffective|p2a: Starmie
|-damage|p2a: Starmie|0 fnt
|faint|p2a: Starmie
|
|-weather|Sandstorm|[upkeep]
|-damage|p1a: Starmie|14/100|[from] Sandstorm
|upkeep
|
|t:|1708957488
|switch|p2a: Shedinja|Shedinja|100/100
|-damage|p2a: Shedinja|0 fnt|[from] Stealth Rock
|faint|p2a: Shedinja
|
|win|Rokko300
|raw|Rokko300's rating: 1325 &rarr; <strong>1347</strong><br />(+22 for winning)
|raw|testbwou's rating: 1363 &rarr; <strong>1341</strong><br />(-22 for losing)
|l|☆testbwou
|player|p2|
|l|☆Rokko300
|player|p1|
