|j|☆Blossummm
|j|☆ImaginewasTaken
|t:|1714941982
|gametype|singles
|player|p1|Blossummm|roxie|1362
|player|p2|ImaginewasTaken|n|1317
|teamsize|p1|6
|teamsize|p2|6
|gen|5
|tier|[Gen 5] OU
|rated|
|rule|Species Clause: Limit one of each Pokémon
|rule|OHKO Clause: OHKO moves are banned
|rule|Moody Clause: Moody is banned
|rule|Evasion Items Clause: Evasion items are banned
|rule|Evasion Moves Clause: Evasion moves are banned
|rule|Endless Battle Clause: Forcing endless battles is banned
|rule|HP Percentage Mod: HP is shown in percentages
|rule|Evasion Abilities Clause: Evasion abilities are banned
|rule|Sleep Moves Clause: Sleep-inducing moves are banned
|rule|Swagger Clause: Swagger is banned
|rule|Baton Pass Stat Clause: No Baton Passer may have a way to boost its stats
|clearpoke
|poke|p1|Tyranitar, F|item
|poke|p1|Alakazam, F|item
|poke|p1|Latios, M|item
|poke|p1|Ferrothorn, F|item
|poke|p1|Keldeo|item
|poke|p1|Landorus-Therian, M|item
|poke|p2|Tyranitar, F|item
|poke|p2|Alakazam, M|item
|poke|p2|Breloom, M|item
|poke|p2|Garchomp, F|item
|poke|p2|Excadrill, F|item
|poke|p2|Gastrodon-East, M|item
|teampreview
|inactive|Battle timer is ON: inactive players will automatically lose when time's up. (requested by Blossummm)
|inactive|Blossummm has 120 seconds left.
|inactive|ImaginewasTaken has 120 seconds left.
|inactive|Blossummm has 90 seconds left.
|inactive|ImaginewasTaken has 90 seconds left.
|
|t:|1714942081
|start
|switch|p1a: Landorus|Landorus-Therian, M|100/100
|switch|p2a: East-Side|Gastrodon-East, M|100/100
|-ability|p1a: Landorus|Intimidate|boost
|-unboost|p2a: East-Side|atk|1
|turn|1
|
|t:|1714942097
|move|p1a: Landorus|U-turn|p2a: East-Side
|-damage|p2a: East-Side|85/100
|
|t:|1714942109
|switch|p1a: Ferrothorn|Ferrothorn, F|100/100|[from] U-turn
|move|p2a: East-Side|Scald|p1a: Ferrothorn
|-resisted|p1a: Ferrothorn
|-damage|p1a: Ferrothorn|92/100
|
|-heal|p2a: East-Side|91/100|[from] item: Leftovers
|upkeep
|turn|2
|
|t:|1714942115
|switch|p2a: MY GOAT RAAAHHHH|Breloom, M|100/100
|move|p1a: Ferrothorn|Spikes|p2a: MY GOAT RAAAHHHH
|-sidestart|p2: ImaginewasTaken|Spikes
|
|-status|p2a: MY GOAT RAAAHHHH|tox|[from] item: Toxic Orb
|upkeep
|turn|3
|
|t:|1714942137
|switch|p1a: Landorus|Landorus-Therian, M|100/100
|-ability|p1a: Landorus|Intimidate|boost
|-unboost|p2a: MY GOAT RAAAHHHH|atk|1
|move|p2a: MY GOAT RAAAHHHH|Facade|p1a: Landorus
|-damage|p1a: Landorus|73/100
|
|-heal|p1a: Landorus|80/100|[from] item: Leftovers
|upkeep
|turn|4
|
|t:|1714942144
|move|p1a: Landorus|Hidden Power|p2a: MY GOAT RAAAHHHH
|-supereffective|p2a: MY GOAT RAAAHHHH
|-damage|p2a: MY GOAT RAAAHHHH|67/100 tox
|move|p2a: MY GOAT RAAAHHHH|Swords Dance|p2a: MY GOAT RAAAHHHH
|-boost|p2a: MY GOAT RAAAHHHH|atk|2
|
|-heal|p1a: Landorus|86/100|[from] item: Leftovers
|-heal|p2a: MY GOAT RAAAHHHH|80/100 tox|[from] ability: Poison Heal
|upkeep
|turn|5
|
|t:|1714942155
|move|p2a: MY GOAT RAAAHHHH|Protect|p2a: MY GOAT RAAAHHHH
|-singleturn|p2a: MY GOAT RAAAHHHH|Protect
|move|p1a: Landorus|U-turn|p2a: MY GOAT RAAAHHHH
|-activate|p2a: MY GOAT RAAAHHHH|move: Protect
|
|-heal|p1a: Landorus|92/100|[from] item: Leftovers
|-heal|p2a: MY GOAT RAAAHHHH|92/100 tox|[from] ability: Poison Heal
|upkeep
|turn|6
|
|t:|1714942172
|move|p1a: Landorus|U-turn|p2a: MY GOAT RAAAHHHH
|-damage|p2a: MY GOAT RAAAHHHH|64/100 tox
|inactive|Blossummm has 120 seconds left.
|inactive|Blossummm has 90 seconds left.
|
|t:|1714942215
|switch|p1a: Tyranitar|Tyranitar, F, shiny|100/100|[from] U-turn
|-weather|Sandstorm|[from] ability: Sand Stream|[of] p1a: Tyranitar
|move|p2a: MY GOAT RAAAHHHH|Drain Punch|p1a: Tyranitar
|-supereffective|p1a: Tyranitar
|-enditem|p1a: Tyranitar|Chople Berry|[eat]
|-enditem|p1a: Tyranitar|Chople Berry|[weaken]
|-damage|p1a: Tyranitar|25/100
|-heal|p2a: MY GOAT RAAAHHHH|100/100 tox|[from] drain|[of] p1a: Tyranitar
|
|-weather|Sandstorm|[upkeep]
|-damage|p2a: MY GOAT RAAAHHHH|94/100 tox|[from] Sandstorm
|-heal|p2a: MY GOAT RAAAHHHH|100/100 tox|[from] ability: Poison Heal
|upkeep
|turn|7
|
|t:|1714942230
|switch|p1a: Landorus|Landorus-Therian, M|92/100
|-ability|p1a: Landorus|Intimidate|boost
|-unboost|p2a: MY GOAT RAAAHHHH|atk|1
|move|p2a: MY GOAT RAAAHHHH|Protect||[still]
|-fail|p2a: MY GOAT RAAAHHHH
|
|-weather|Sandstorm|[upkeep]
|-damage|p2a: MY GOAT RAAAHHHH|94/100 tox|[from] Sandstorm
|-heal|p1a: Landorus|98/100|[from] item: Leftovers
|-heal|p2a: MY GOAT RAAAHHHH|100/100 tox|[from] ability: Poison Heal
|upkeep
|turn|8
|
|t:|1714942238
|move|p1a: Landorus|Hidden Power|p2a: MY GOAT RAAAHHHH
|-supereffective|p2a: MY GOAT RAAAHHHH
|-damage|p2a: MY GOAT RAAAHHHH|63/100 tox
|move|p2a: MY GOAT RAAAHHHH|Swords Dance|p2a: MY GOAT RAAAHHHH
|-boost|p2a: MY GOAT RAAAHHHH|atk|2
|
|-weather|Sandstorm|[upkeep]
|-damage|p2a: MY GOAT RAAAHHHH|57/100 tox|[from] Sandstorm
|-heal|p1a: Landorus|100/100|[from] item: Leftovers
|-heal|p2a: MY GOAT RAAAHHHH|69/100 tox|[from] ability: Poison Heal
|upkeep
|turn|9
|
|t:|1714942242
|move|p2a: MY GOAT RAAAHHHH|Protect|p2a: MY GOAT RAAAHHHH
|-singleturn|p2a: MY GOAT RAAAHHHH|Protect
|move|p1a: Landorus|Hidden Power|p2a: MY GOAT RAAAHHHH
|-activate|p2a: MY GOAT RAAAHHHH|move: Protect
|
|-weather|Sandstorm|[upkeep]
|-damage|p2a: MY GOAT RAAAHHHH|63/100 tox|[from] Sandstorm
|-heal|p2a: MY GOAT RAAAHHHH|75/100 tox|[from] ability: Poison Heal
|upkeep
|turn|10
|
|t:|1714942250
|move|p1a: Landorus|Hidden Power|p2a: MY GOAT RAAAHHHH
|-supereffective|p2a: MY GOAT RAAAHHHH
|-damage|p2a: MY GOAT RAAAHHHH|40/100 tox
|move|p2a: MY GOAT RAAAHHHH|Swords Dance|p2a: MY GOAT RAAAHHHH
|-boost|p2a: MY GOAT RAAAHHHH|atk|2
|
|-weather|Sandstorm|[upkeep]
|-damage|p2a: MY GOAT RAAAHHHH|34/100 tox|[from] Sandstorm
|-heal|p2a: MY GOAT RAAAHHHH|46/100 tox|[from] ability: Poison Heal
|upkeep
|turn|11
|inactive|Blossummm has 120 seconds left.
|
|t:|1714942255
|move|p2a: MY GOAT RAAAHHHH|Protect|p2a: MY GOAT RAAAHHHH
|-singleturn|p2a: MY GOAT RAAAHHHH|Protect
|move|p1a: Landorus|Stealth Rock|p2a: MY GOAT RAAAHHHH
|-sidestart|p2: ImaginewasTaken|move: Stealth Rock
|
|-weather|Sandstorm|[upkeep]
|-damage|p2a: MY GOAT RAAAHHHH|40/100 tox|[from] Sandstorm
|-heal|p2a: MY GOAT RAAAHHHH|52/100 tox|[from] ability: Poison Heal
|upkeep
|turn|12
|
|t:|1714942264
|move|p1a: Landorus|Hidden Power|p2a: MY GOAT RAAAHHHH
|-supereffective|p2a: MY GOAT RAAAHHHH
|-damage|p2a: MY GOAT RAAAHHHH|15/100 tox
|move|p2a: MY GOAT RAAAHHHH|Drain Punch|p1a: Landorus
|-resisted|p1a: Landorus
|-damage|p1a: Landorus|53/100
|-heal|p2a: MY GOAT RAAAHHHH|40/100 tox|[from] drain|[of] p1a: Landorus
|
|-weather|Sandstorm|[upkeep]
|-damage|p2a: MY GOAT RAAAHHHH|34/100 tox|[from] Sandstorm
|-heal|p1a: Landorus|59/100|[from] item: Leftovers
|-heal|p2a: MY GOAT RAAAHHHH|47/100 tox|[from] ability: Poison Heal
|upkeep
|turn|13
|
|t:|1714942277
|move|p2a: MY GOAT RAAAHHHH|Protect|p2a: MY GOAT RAAAHHHH
|-singleturn|p2a: MY GOAT RAAAHHHH|Protect
|move|p1a: Landorus|Hidden Power|p2a: MY GOAT RAAAHHHH
|-activate|p2a: MY GOAT RAAAHHHH|move: Protect
|
|-weather|Sandstorm|[upkeep]
|-damage|p2a: MY GOAT RAAAHHHH|40/100 tox|[from] Sandstorm
|-heal|p1a: Landorus|65/100|[from] item: Leftovers
|-heal|p2a: MY GOAT RAAAHHHH|53/100 tox|[from] ability: Poison Heal
|upkeep
|turn|14
|
|t:|1714942281
|move|p1a: Landorus|Hidden Power|p2a: MY GOAT RAAAHHHH
|-supereffective|p2a: MY GOAT RAAAHHHH
|-crit|p2a: MY GOAT RAAAHHHH
|-damage|p2a: MY GOAT RAAAHHHH|0 fnt
|faint|p2a: MY GOAT RAAAHHHH
|
|-weather|Sandstorm|[upkeep]
|-heal|p1a: Landorus|71/100|[from] item: Leftovers
|upkeep
|c|☆ImaginewasTaken|:(
|
|t:|1714942306
|switch|p2a: Broom|Alakazam, M|100/100
|turn|15
|
|t:|1714942315
|move|p2a: Broom|Hidden Power|p1a: Landorus
|-supereffective|p1a: Landorus
|-damage|p1a: Landorus|0 fnt
|faint|p1a: Landorus
|
|-weather|Sandstorm|[upkeep]
|upkeep
|inactive|Blossummm has 120 seconds left.
|
|t:|1714942358
|switch|p1a: Ferrothorn|Ferrothorn, F|92/100
|turn|16
|
|t:|1714942368
|switch|p2a: OHKO|Excadrill, F|100/100
|-damage|p2a: OHKO|88/100|[from] Spikes
|-damage|p2a: OHKO|85/100|[from] Stealth Rock
|move|p1a: Ferrothorn|Gyro Ball|p2a: OHKO
|-resisted|p2a: OHKO
|-damage|p2a: OHKO|49/100
|
|-weather|Sandstorm|[upkeep]
|-heal|p2a: OHKO|55/100|[from] item: Leftovers
|upkeep
|turn|17
|
|t:|1714942375
|move|p2a: OHKO|Rapid Spin|p1a: Ferrothorn
|-resisted|p1a: Ferrothorn
|-damage|p1a: Ferrothorn|90/100
|-damage|p2a: OHKO|43/100|[from] ability: Iron Barbs|[of] p1a: Ferrothorn
|-sideend|p2: ImaginewasTaken|Spikes|[from] move: Rapid Spin|[of] p2a: OHKO
|-sideend|p2: ImaginewasTaken|Stealth Rock|[from] move: Rapid Spin|[of] p2a: OHKO
|move|p1a: Ferrothorn|Power Whip|p2a: OHKO|[miss]
|-miss|p1a: Ferrothorn|p2a: OHKO
|
|-weather|Sandstorm|[upkeep]
|-heal|p2a: OHKO|49/100|[from] item: Leftovers
|upkeep
|turn|18
|
|t:|1714942384
|move|p2a: OHKO|Earthquake|p1a: Ferrothorn
|-crit|p1a: Ferrothorn
|-damage|p1a: Ferrothorn|1/100
|move|p1a: Ferrothorn|Power Whip|p2a: OHKO
|-crit|p2a: OHKO
|-damage|p2a: OHKO|0 fnt
|faint|p2a: OHKO
|
|-weather|Sandstorm|[upkeep]
|upkeep
|
|t:|1714942392
|switch|p2a: The Big One!!!|Tyranitar, F|100/100
|turn|19
|
|t:|1714942397
|move|p2a: The Big One!!!|Pursuit|p1a: Ferrothorn
|-resisted|p1a: Ferrothorn
|-damage|p1a: Ferrothorn|0 fnt
|-damage|p2a: The Big One!!!|88/100|[from] ability: Iron Barbs|[of] p1a: Ferrothorn
|faint|p1a: Ferrothorn
|
|-weather|Sandstorm|[upkeep]
|upkeep
|inactive|Blossummm has 120 seconds left.
|
|t:|1714942444
|switch|p1a: Keldeo|Keldeo|100/100
|turn|20
|
|t:|1714942460
|move|p1a: Keldeo|Secret Sword|p2a: The Big One!!!
|-supereffective|p2a: The Big One!!!
|-enditem|p2a: The Big One!!!|Chople Berry|[eat]
|-enditem|p2a: The Big One!!!|Chople Berry|[weaken]
|-damage|p2a: The Big One!!!|18/100
|move|p2a: The Big One!!!|Superpower|p1a: Keldeo
|-damage|p1a: Keldeo|52/100
|-unboost|p2a: The Big One!!!|atk|1
|-unboost|p2a: The Big One!!!|def|1
|
|-weather|Sandstorm|[upkeep]
|-damage|p1a: Keldeo|46/100|[from] Sandstorm
|-heal|p1a: Keldeo|52/100|[from] item: Leftovers
|upkeep
|turn|21
|inactive|Blossummm has 120 seconds left.
|inactive|Blossummm has 90 seconds left.
|j| Mercurial Vapor II
|
|t:|1714942519
|move|p1a: Keldeo|Secret Sword|p2a: The Big One!!!
|-supereffective|p2a: The Big One!!!
|-damage|p2a: The Big One!!!|0 fnt
|faint|p2a: The Big One!!!
|
|-weather|Sandstorm|[upkeep]
|-damage|p1a: Keldeo|46/100|[from] Sandstorm
|-heal|p1a: Keldeo|52/100|[from] item: Leftovers
|upkeep
|l| Mercurial Vapor II
|inactive|ImaginewasTaken has 120 seconds left.
|
|t:|1714942560
|switch|p2a: Broom|Alakazam, M|100/100
|turn|22
|inactive|Blossummm has 60 seconds left.
|
|t:|1714942589
|move|p2a: Broom|Psychic|p1a: Keldeo
|-supereffective|p1a: Keldeo
|-damage|p1a: Keldeo|0 fnt
|faint|p1a: Keldeo
|
|-weather|Sandstorm|[upkeep]
|upkeep
|inactive|Blossummm has 60 seconds left.
|
|t:|1714942600
|switch|p1a: Tyranitar|Tyranitar, F, shiny|25/100
|turn|23
|
|t:|1714942603
|move|p2a: Broom|Signal Beam|p1a: Tyranitar
|-supereffective|p1a: Tyranitar
|-damage|p1a: Tyranitar|0 fnt
|faint|p1a: Tyranitar
|
|-weather|Sandstorm|[upkeep]
|upkeep
|
|t:|1714942610
|switch|p1a: Latios|Latios, M|100/100
|turn|24
|
|t:|1714942616
|move|p1a: Latios|Draco Meteor|p2a: Broom
|-enditem|p2a: Broom|Focus Sash
|-damage|p2a: Broom|1/100
|-unboost|p1a: Latios|spa|2
|move|p2a: Broom|Hidden Power|p1a: Latios
|-supereffective|p1a: Latios
|-damage|p1a: Latios|52/100
|
|-weather|Sandstorm|[upkeep]
|-damage|p1a: Latios|46/100|[from] Sandstorm
|upkeep
|turn|25
|
|t:|1714942620
|move|p1a: Latios|Draco Meteor|p2a: Broom
|-crit|p2a: Broom
|-damage|p2a: Broom|0 fnt
|-unboost|p1a: Latios|spa|2
|faint|p2a: Broom
|
|-weather|Sandstorm|[upkeep]
|-damage|p1a: Latios|40/100|[from] Sandstorm
|upkeep
|inactive|ImaginewasTaken has 120 seconds left.
|
|t:|1714942659
|switch|p2a: freaky-chomp|Garchomp, F|100/100
|turn|26
|inactive|Blossummm has 90 seconds left.
|
|t:|1714942675
|move|p1a: Latios|Draco Meteor|p2a: freaky-chomp
|-supereffective|p2a: freaky-chomp
|-damage|p2a: freaky-chomp|51/100
|-unboost|p1a: Latios|spa|2
|move|p2a: freaky-chomp|Dual Chop|p1a: Latios
|-supereffective|p1a: Latios
|-damage|p1a: Latios|0 fnt
|faint|p1a: Latios
|-hitcount|p1: Latios|1
|
|-weather|Sandstorm|[upkeep]
|upkeep
|
|t:|1714942683
|switch|p1a: Alakazam|Alakazam, F|100/100
|turn|27
|
|t:|1714942686
|move|p2a: freaky-chomp|Dual Chop|p1a: Alakazam|[miss]
|-miss|p2a: freaky-chomp|p1a: Alakazam
|move|p1a: Alakazam|Psychic|p2a: freaky-chomp
|-damage|p2a: freaky-chomp|0 fnt
|faint|p2a: freaky-chomp
|
|-weather|Sandstorm|[upkeep]
|upkeep
|c|☆ImaginewasTaken|oh my god
|c|☆ImaginewasTaken|no
|c|☆ImaginewasTaken|no
|c|☆ImaginewasTaken|n
|c|☆ImaginewasTaken|no
|
|t:|1714942698
|switch|p2a: East-Side|Gastrodon-East, M|91/100
|turn|28
|
|t:|1714942700
|move|p1a: Alakazam|Grass Knot|p2a: East-Side
|-supereffective|p2a: East-Side
|-damage|p2a: East-Side|0 fnt
|faint|p2a: East-Side
|
|win|Blossummm
|raw|Blossummm's rating: 1362 &rarr; <strong>1379</strong><br />(+17 for winning)
|raw|ImaginewasTaken's rating: 1317 &rarr; <strong>1300</strong><br />(-17 for losing)
