|j|☆Mammary
|j|☆Chomp29
|t:|1597280433
|player|p1|Mammary|169|1396
|player|p2|Chomp29|170|1463
|teamsize|p1|6
|teamsize|p2|6
|gametype|singles
|gen|5
|tier|[Gen 5] OU
|rated|
|clearpoke
|poke|p1|Tentacruel, F|item
|poke|p1|Zapdos|item
|poke|p1|Arcanine, M|item
|poke|p1|Flygon, M|item
|poke|p1|Hitmontop, M|item
|poke|p1|Omastar, M|item
|poke|p2|Scizor, F|item
|poke|p2|Tyranitar, F|item
|poke|p2|Landorus-Therian, M|item
|poke|p2|Keldeo|item
|poke|p2|Dragonite, M|item
|poke|p2|Starmie|item
|rule|Species Clause: Limit one of each Pokémon
|rule|OHKO Clause: OHKO moves are banned
|rule|Moody Clause: Moody is banned
|rule|Evasion Moves Clause: Evasion moves are banned
|rule|Endless Battle Clause: Forcing endless battles is banned
|rule|HP Percentage Mod: HP is shown in percentages
|rule|Evasion Abilities Clause: Evasion abilities are banned
|rule|Baton Pass Clause: Limit one Baton Passer, can't pass Spe and other stats simultaneously
|rule|Sleep Clause: Sleep-inducing moves are banned
|rule|Swagger Clause: Swagger is banned
|teampreview
|
|t:|1597280445
|start
|switch|p1a: Sand Lion|Flygon, M|100/100
|switch|p2a: Keldeo|Keldeo|100/100
|turn|1
|
|t:|1597280451
|switch|p1a: NSFW|Tentacruel, F, shiny|100/100
|move|p2a: Keldeo|Scald|p1a: NSFW
|-resisted|p1a: NSFW
|-damage|p1a: NSFW|80/100
|
|-heal|p1a: NSFW|86/100|[from] item: Black Sludge
|upkeep
|turn|2
|
|t:|1597280459
|switch|p2a: Starmie|Starmie|100/100
|move|p1a: NSFW|Toxic Spikes|p2a: Starmie
|-sidestart|p2: Chomp29|move: Toxic Spikes
|
|-heal|p1a: NSFW|92/100|[from] item: Black Sludge
|upkeep
|turn|3
|
|t:|1597280466
|move|p1a: NSFW|Protect|p1a: NSFW
|-singleturn|p1a: NSFW|Protect
|move|p2a: Starmie|Scald|p1a: NSFW
|-activate|p1a: NSFW|move: Protect
|
|-heal|p1a: NSFW|98/100|[from] item: Black Sludge
|upkeep
|turn|4
|
|t:|1597280480
|switch|p1a: Sparky|Zapdos, shiny|100/100
|-ability|p1a: Sparky|Pressure
|move|p2a: Starmie|Scald|p1a: Sparky
|-damage|p1a: Sparky|75/100
|
|-heal|p1a: Sparky|81/100|[from] item: Leftovers
|upkeep
|turn|5
|
|t:|1597280488
|switch|p2a: Tyranitar|Tyranitar, F|100/100
|-status|p2a: Tyranitar|psn
|-weather|Sandstorm|[from] ability: Sand Stream|[of] p2a: Tyranitar
|move|p1a: Sparky|Thunder|p2a: Tyranitar|[miss]
|-miss|p1a: Sparky|p2a: Tyranitar
|
|-weather|Sandstorm|[upkeep]
|-damage|p1a: Sparky|75/100|[from] Sandstorm
|-heal|p1a: Sparky|81/100|[from] item: Leftovers
|-damage|p2a: Tyranitar|88/100 psn|[from] psn
|upkeep
|turn|6
|
|t:|1597280501
|switch|p1a: HitMunStoppable|Hitmontop, M|100/100
|-ability|p1a: HitMunStoppable|Intimidate|boost
|-unboost|p2a: Tyranitar|atk|1
|move|p2a: Tyranitar|Stone Edge|p1a: HitMunStoppable
|-resisted|p1a: HitMunStoppable
|-damage|p1a: HitMunStoppable|87/100
|
|-weather|Sandstorm|[upkeep]
|-damage|p1a: HitMunStoppable|80/100|[from] Sandstorm
|-heal|p1a: HitMunStoppable|87/100|[from] item: Leftovers
|-damage|p2a: Tyranitar|76/100 psn|[from] psn
|upkeep
|turn|7
|
|t:|1597280517
|switch|p2a: Landorus|Landorus-Therian, M|100/100
|-ability|p2a: Landorus|Intimidate|boost
|-unboost|p1a: HitMunStoppable|atk|1
|move|p1a: HitMunStoppable|High Jump Kick|p2a: Landorus
|-resisted|p2a: Landorus
|-damage|p2a: Landorus|88/100
|
|-weather|Sandstorm|[upkeep]
|-damage|p1a: HitMunStoppable|80/100|[from] Sandstorm
|-heal|p2a: Landorus|94/100|[from] item: Leftovers
|-heal|p1a: HitMunStoppable|87/100|[from] item: Leftovers
|upkeep
|turn|8
|
|t:|1597280530
|move|p2a: Landorus|Stealth Rock|p1a: HitMunStoppable
|-sidestart|p1: Mammary|move: Stealth Rock
|move|p1a: HitMunStoppable|Toxic|p2a: Landorus
|-status|p2a: Landorus|tox
|
|-weather|Sandstorm|[upkeep]
|-damage|p1a: HitMunStoppable|80/100|[from] Sandstorm
|-heal|p2a: Landorus|100/100 tox|[from] item: Leftovers
|-heal|p1a: HitMunStoppable|87/100|[from] item: Leftovers
|-damage|p2a: Landorus|94/100 tox|[from] psn
|upkeep
|turn|9
|
|t:|1597280548
|move|p2a: Landorus|Earthquake|p1a: HitMunStoppable
|-damage|p1a: HitMunStoppable|48/100
|move|p1a: HitMunStoppable|Rapid Spin|p2a: Landorus
|-damage|p2a: Landorus|92/100 tox
|-sideend|p1: Mammary|Stealth Rock|[from] move: Rapid Spin|[of] p1a: HitMunStoppable
|
|-weather|Sandstorm|[upkeep]
|-damage|p1a: HitMunStoppable|42/100|[from] Sandstorm
|-heal|p2a: Landorus|98/100 tox|[from] item: Leftovers
|-heal|p1a: HitMunStoppable|48/100|[from] item: Leftovers
|-damage|p2a: Landorus|86/100 tox|[from] psn
|upkeep
|turn|10
|
|t:|1597280562
|switch|p1a: Sand Lion|Flygon, M|100/100
|move|p2a: Landorus|Earthquake|p1a: Sand Lion
|-immune|p1a: Sand Lion|[from] ability: Levitate
|
|-weather|Sandstorm|[upkeep]
|-heal|p2a: Landorus|92/100 tox|[from] item: Leftovers
|-damage|p2a: Landorus|74/100 tox|[from] psn
|upkeep
|turn|11
|
|t:|1597280576
|move|p1a: Sand Lion|U-turn|p2a: Landorus
|-resisted|p2a: Landorus
|-damage|p2a: Landorus|65/100 tox
|
|t:|1597280586
|switch|p1a: HitMunStoppable|Hitmontop, M|48/100|[from]move: U-turn
|-ability|p1a: HitMunStoppable|Intimidate|boost
|-unboost|p2a: Landorus|atk|1
|move|p2a: Landorus|Hidden Power|p1a: HitMunStoppable
|-damage|p1a: HitMunStoppable|32/100
|
|-weather|Sandstorm|[upkeep]
|-damage|p1a: HitMunStoppable|25/100|[from] Sandstorm
|-heal|p2a: Landorus|71/100 tox|[from] item: Leftovers
|-heal|p1a: HitMunStoppable|32/100|[from] item: Leftovers
|-damage|p2a: Landorus|46/100 tox|[from] psn
|upkeep
|turn|12
|
|t:|1597280613
|move|p2a: Landorus|Earthquake|p1a: HitMunStoppable
|-damage|p1a: HitMunStoppable|3/100
|move|p1a: HitMunStoppable|High Jump Kick|p2a: Landorus
|-resisted|p2a: Landorus
|-damage|p2a: Landorus|27/100 tox
|
|-weather|Sandstorm|[upkeep]
|-damage|p1a: HitMunStoppable|0 fnt|[from] Sandstorm
|faint|p1a: HitMunStoppable
|-heal|p2a: Landorus|33/100 tox|[from] item: Leftovers
|-damage|p2a: Landorus|3/100 tox|[from] psn
|upkeep
|
|t:|1597280624
|switch|p1a: Sand Lion|Flygon, M|100/100
|turn|13
|
|t:|1597280654
|move|p1a: Sand Lion|U-turn|p2a: Landorus
|-resisted|p2a: Landorus
|-damage|p2a: Landorus|0 fnt
|faint|p2a: Landorus
|inactive|Battle timer is ON: inactive players will automatically lose when time's up. (requested by Chomp29)
|
|t:|1597280682
|switch|p1a: Dogmeat|Arcanine, M|100/100|[from]move: U-turn
|
|-weather|Sandstorm|[upkeep]
|-damage|p1a: Dogmeat|94/100|[from] Sandstorm
|upkeep
|
|t:|1597280689
|switch|p2a: Keldeo|Keldeo|100/100
|-status|p2a: Keldeo|psn
|turn|14
|
|t:|1597280694
|switch|p1a: NSFW|Tentacruel, F, shiny|98/100
|move|p2a: Keldeo|Scald|p1a: NSFW
|-resisted|p1a: NSFW
|-damage|p1a: NSFW|76/100
|-status|p1a: NSFW|brn
|
|-weather|Sandstorm|[upkeep]
|-damage|p2a: Keldeo|94/100 psn|[from] Sandstorm
|-damage|p1a: NSFW|70/100 brn|[from] Sandstorm
|-heal|p1a: NSFW|76/100 brn|[from] item: Black Sludge
|-damage|p2a: Keldeo|82/100 psn|[from] psn
|-damage|p1a: NSFW|63/100 brn|[from] brn
|upkeep
|turn|15
|
|t:|1597280707
|switch|p2a: Starmie|Starmie|100/100
|-status|p2a: Starmie|psn
|move|p1a: NSFW|Scald|p2a: Starmie
|-resisted|p2a: Starmie
|-damage|p2a: Starmie|87/100 psn
|
|-weather|Sandstorm|[upkeep]
|-damage|p2a: Starmie|81/100 psn|[from] Sandstorm
|-damage|p1a: NSFW|57/100 brn|[from] Sandstorm
|-heal|p2a: Starmie|87/100 psn|[from] item: Leftovers
|-heal|p1a: NSFW|63/100 brn|[from] item: Black Sludge
|-damage|p2a: Starmie|75/100 psn|[from] psn
|-damage|p1a: NSFW|51/100 brn|[from] brn
|upkeep
|turn|16
|
|t:|1597280723
|switch|p1a: Sand Lion|Flygon, M|100/100
|move|p2a: Starmie|Rapid Spin|p1a: Sand Lion
|-damage|p1a: Sand Lion|97/100
|-sideend|p2: Chomp29|Toxic Spikes|[from] move: Rapid Spin|[of] p2a: Starmie
|
|-weather|Sandstorm|[upkeep]
|-damage|p2a: Starmie|69/100 psn|[from] Sandstorm
|-heal|p2a: Starmie|75/100 psn|[from] item: Leftovers
|-damage|p2a: Starmie|63/100 psn|[from] psn
|upkeep
|turn|17
|
|t:|1597280733
|move|p1a: Sand Lion|U-turn|p2a: Starmie
|-supereffective|p2a: Starmie
|-damage|p2a: Starmie|13/100 psn
|
|t:|1597280736
|switch|p1a: NSFW|Tentacruel, F, shiny|51/100 brn|[from]move: U-turn
|move|p2a: Starmie|Reflect|p2a: Starmie
|-sidestart|p2: Chomp29|Reflect
|
|-weather|Sandstorm|[upkeep]
|-damage|p2a: Starmie|7/100 psn|[from] Sandstorm
|-damage|p1a: NSFW|45/100 brn|[from] Sandstorm
|-heal|p2a: Starmie|13/100 psn|[from] item: Leftovers
|-heal|p1a: NSFW|51/100 brn|[from] item: Black Sludge
|-damage|p2a: Starmie|1/100 psn|[from] psn
|-damage|p1a: NSFW|39/100 brn|[from] brn
|upkeep
|turn|18
|
|t:|1597280748
|move|p2a: Starmie|Recover|p2a: Starmie
|-heal|p2a: Starmie|51/100 psn
|move|p1a: NSFW|Toxic Spikes|p2a: Starmie
|-sidestart|p2: Chomp29|move: Toxic Spikes
|
|-weather|Sandstorm|[upkeep]
|-damage|p2a: Starmie|45/100 psn|[from] Sandstorm
|-damage|p1a: NSFW|33/100 brn|[from] Sandstorm
|-heal|p2a: Starmie|51/100 psn|[from] item: Leftovers
|-heal|p1a: NSFW|39/100 brn|[from] item: Black Sludge
|-damage|p2a: Starmie|39/100 psn|[from] psn
|-damage|p1a: NSFW|26/100 brn|[from] brn
|upkeep
|turn|19
|
|t:|1597280764
|move|p1a: NSFW|Protect|p1a: NSFW
|-singleturn|p1a: NSFW|Protect
|move|p2a: Starmie|Recover|p2a: Starmie
|-heal|p2a: Starmie|89/100 psn
|
|-weather|Sandstorm|[upkeep]
|-damage|p2a: Starmie|83/100 psn|[from] Sandstorm
|-damage|p1a: NSFW|20/100 brn|[from] Sandstorm
|-heal|p2a: Starmie|89/100 psn|[from] item: Leftovers
|-heal|p1a: NSFW|26/100 brn|[from] item: Black Sludge
|-damage|p2a: Starmie|76/100 psn|[from] psn
|-damage|p1a: NSFW|14/100 brn|[from] brn
|upkeep
|turn|20
|
|t:|1597280783
|switch|p1a: Cthullu|Omastar, M|100/100
|move|p2a: Starmie|Recover|p2a: Starmie
|-heal|p2a: Starmie|100/100 psn
|
|-weather|Sandstorm|[upkeep]
|-damage|p2a: Starmie|94/100 psn|[from] Sandstorm
|-heal|p2a: Starmie|100/100 psn|[from] item: Leftovers
|-damage|p2a: Starmie|88/100 psn|[from] psn
|upkeep
|turn|21
|c|☆Mammary|Welp that was a misclick
|
|t:|1597280802
|move|p2a: Starmie|Scald|p1a: Cthullu
|-damage|p1a: Cthullu|71/100
|move|p1a: Cthullu|Shell Smash|p1a: Cthullu
|-unboost|p1a: Cthullu|def|1
|-unboost|p1a: Cthullu|spd|1
|-boost|p1a: Cthullu|atk|2
|-boost|p1a: Cthullu|spa|2
|-boost|p1a: Cthullu|spe|2
|
|-weather|Sandstorm|[upkeep]
|-damage|p2a: Starmie|82/100 psn|[from] Sandstorm
|-heal|p2a: Starmie|88/100 psn|[from] item: Leftovers
|-damage|p2a: Starmie|76/100 psn|[from] psn
|-sideend|p2: Chomp29|Reflect
|upkeep
|turn|22
|
|t:|1597280816
|move|p1a: Cthullu|Earth Power|p2a: Starmie
|-damage|p2a: Starmie|0 fnt
|faint|p2a: Starmie
|
|-weather|Sandstorm|[upkeep]
|upkeep
|
|t:|1597280830
|switch|p2a: Scizor|Scizor, F|100/100
|turn|23
|
|t:|1597280833
|move|p2a: Scizor|Bullet Punch|p1a: Cthullu
|-damage|p1a: Cthullu|18/100
|move|p1a: Cthullu|Surf|p2a: Scizor
|-damage|p2a: Scizor|0 fnt
|faint|p2a: Scizor
|
|-weather|Sandstorm|[upkeep]
|upkeep
|
|t:|1597280836
|switch|p2a: Dragonite|Dragonite, M|100/100
|turn|24
|
|t:|1597280842
|move|p2a: Dragonite|Extreme Speed|p1a: Cthullu
|-resisted|p1a: Cthullu
|-crit|p1a: Cthullu
|-damage|p1a: Cthullu|0 fnt
|faint|p1a: Cthullu
|
|-weather|Sandstorm|[upkeep]
|-damage|p2a: Dragonite|94/100|[from] Sandstorm
|upkeep
|
|t:|1597280850
|switch|p1a: Sand Lion|Flygon, M|97/100
|turn|25
|
|t:|1597280862
|switch|p2a: Tyranitar|Tyranitar, F|76/100 psn
|move|p1a: Sand Lion|Outrage|p2a: Tyranitar
|-damage|p2a: Tyranitar|19/100 psn
|
|-weather|Sandstorm|[upkeep]
|-damage|p2a: Tyranitar|6/100 psn|[from] psn
|upkeep
|turn|26
|
|t:|1597280869
|move|p1a: Sand Lion|Outrage|p2a: Tyranitar|[from]lockedmove
|-damage|p2a: Tyranitar|0 fnt
|faint|p2a: Tyranitar
|
|-weather|Sandstorm|[upkeep]
|upkeep
|
|t:|1597280875
|switch|p2a: Keldeo|Keldeo|82/100 psn
|turn|27
|
|t:|1597280883
|move|p1a: Sand Lion|Outrage|p2a: Keldeo|[from]lockedmove
|-damage|p2a: Keldeo|18/100 psn
|-start|p1a: Sand Lion|confusion|[fatigue]
|move|p2a: Keldeo|Icy Wind|p1a: Sand Lion
|-supereffective|p1a: Sand Lion
|-damage|p1a: Sand Lion|0 fnt
|faint|p1a: Sand Lion
|
|-weather|Sandstorm|[upkeep]
|-damage|p2a: Keldeo|12/100 psn|[from] Sandstorm
|-damage|p2a: Keldeo|0 fnt|[from] psn
|faint|p2a: Keldeo
|upkeep
|
|t:|1597280896
|switch|p2a: Dragonite|Dragonite, M|94/100
|switch|p1a: Sparky|Zapdos, shiny|81/100
|-ability|p1a: Sparky|Pressure
|turn|28
|
|t:|1597280902
|move|p2a: Dragonite|Outrage|p1a: Sparky
|-damage|p1a: Sparky|0 fnt
|faint|p1a: Sparky
|
|-weather|Sandstorm|[upkeep]
|-damage|p2a: Dragonite|88/100|[from] Sandstorm
|upkeep
|
|t:|1597280910
|switch|p1a: NSFW|Tentacruel, F, shiny|14/100 brn
|turn|29
|
|t:|1597280913
|move|p1a: NSFW|Protect|p1a: NSFW
|-singleturn|p1a: NSFW|Protect
|move|p2a: Dragonite|Outrage|p1a: NSFW|[from]lockedmove
|-activate|p1a: NSFW|move: Protect
|-start|p2a: Dragonite|confusion|[fatigue]
|
|-weather|Sandstorm|[upkeep]
|-damage|p1a: NSFW|8/100 brn|[from] Sandstorm
|-damage|p2a: Dragonite|82/100|[from] Sandstorm
|-heal|p1a: NSFW|14/100 brn|[from] item: Black Sludge
|-damage|p1a: NSFW|2/100 brn|[from] brn
|upkeep
|turn|30
|
|t:|1597280924
|move|p1a: NSFW|Scald|p2a: Dragonite
|-resisted|p2a: Dragonite
|-damage|p2a: Dragonite|70/100
|-status|p2a: Dragonite|brn
|-activate|p2a: Dragonite|confusion
|move|p2a: Dragonite|Outrage|p1a: NSFW
|-damage|p1a: NSFW|0 fnt
|faint|p1a: NSFW
|
|-weather|Sandstorm|[upkeep]
|-damage|p2a: Dragonite|64/100 brn|[from] Sandstorm
|-damage|p2a: Dragonite|52/100 brn|[from] brn
|upkeep
|
|t:|1597280936
|switch|p1a: Dogmeat|Arcanine, M|94/100
|-ability|p1a: Dogmeat|Intimidate|boost
|-unboost|p2a: Dragonite|atk|1
|turn|31
|
|t:|1597280944
|move|p1a: Dogmeat|Wild Charge|p2a: Dragonite
|-damage|p2a: Dragonite|6/100 brn
|-damage|p1a: Dogmeat|83/100|[from] Recoil
|-damage|p1a: Dogmeat|73/100|[from] item: Life Orb
|-activate|p2a: Dragonite|confusion
|move|p2a: Dragonite|Outrage|p1a: Dogmeat|[from]lockedmove
|-damage|p1a: Dogmeat|31/100
|
|-weather|Sandstorm|[upkeep]
|-damage|p1a: Dogmeat|25/100|[from] Sandstorm
|-damage|p2a: Dragonite|0 fnt|[from] Sandstorm
|faint|p2a: Dragonite
|
|win|Mammary
|upkeep
|l|☆Chomp29
|raw|Mammary's rating: 1362 &rarr; <strong>1389</strong><br />(+27 for winning)
|raw|Chomp29's rating: 1493 &rarr; <strong>1465</strong><br />(-28 for losing)
|c|☆Mammary|gg
