|j|☆porrompompom
|j|☆SOS(T)EMI
|player|p1|porrompompom|1|1404
|player|p2|SOS(T)EMI|101|1369
|teamsize|p1|6
|teamsize|p2|6
|gametype|singles
|gen|5
|tier|[Gen 5] OU
|rated|
|rule|Sleep Clause Mod: Limit one foe put to sleep
|rule|Species Clause: Limit one of each Pokémon
|rule|OHKO Clause: OHKO moves are banned
|rule|Moody Clause: Moody is banned
|rule|Evasion Moves Clause: Evasion moves are banned
|rule|Endless Battle Clause: Forcing endless battles is banned
|rule|HP Percentage Mod: HP is shown in percentages
|rule|Evasion Abilities Clause: Evasion abilities are banned
|rule|Baton Pass Clause: Limit one Baton Passer, can't pass Spe and other stats simultaneously
|rule|Swagger Clause: Swagger is banned
|clearpoke
|poke|p1|Cresselia, F|item
|poke|p1|Heatran, M|item
|poke|p1|Ninetales, F|item
|poke|p1|Forretress, M|item
|poke|p1|Landorus-Therian, M|item
|poke|p1|Latios, M|item
|poke|p2|Jirachi|item
|poke|p2|Kyurem-Black|item
|poke|p2|Starmie|item
|poke|p2|Magnezone|item
|poke|p2|Dragonite, M|item
|poke|p2|Garchomp, F|item
|teampreview
|
|start
|switch|p1a: Landorus|Landorus-Therian, M|100/100
|switch|p2a: Jirachi|Jirachi|100/100
|-ability|p1a: Landorus|Intimidate|boost
|-unboost|p2a: Jirachi|atk|1
|turn|1
|
|move|p1a: Landorus|U-turn|p2a: Jirachi
|-damage|p2a: Jirachi|80/100
|
|switch|p1a: Ninetales|Ninetales, F|100/100|[from]move: U-turn
|-weather|SunnyDay|[from] ability: Drought|[of] p1a: Ninetales
|move|p2a: Jirachi|Icy Wind|p1a: Ninetales
|-resisted|p1a: Ninetales
|-damage|p1a: Ninetales|94/100
|-unboost|p1a: Ninetales|spe|1
|
|-weather|SunnyDay|[upkeep]
|-heal|p2a: Jirachi|86/100|[from] item: Leftovers
|-heal|p1a: Ninetales|99/100|[from] item: Leftovers
|upkeep
|turn|2
|
|move|p2a: Jirachi|Stealth Rock|p1a: Ninetales
|-sidestart|p1: porrompompom|move: Stealth Rock
|move|p1a: Ninetales|Overheat|p2a: Jirachi
|-supereffective|p2a: Jirachi
|-damage|p2a: Jirachi|0 fnt
|-unboost|p1a: Ninetales|spa|2
|faint|p2a: Jirachi
|
|-weather|SunnyDay|[upkeep]
|-heal|p1a: Ninetales|100/100|[from] item: Leftovers
|upkeep
|
|switch|p2a: Dragonite|Dragonite, M|100/100
|turn|3
|
|move|p2a: Dragonite|Dragon Dance|p2a: Dragonite
|-boost|p2a: Dragonite|atk|1
|-boost|p2a: Dragonite|spe|1
|move|p1a: Ninetales|Power Swap|p2a: Dragonite
|-swapboost|p1a: Ninetales|p2a: Dragonite|atk, spa|[from] move: Power Swap
|
|-weather|SunnyDay|[upkeep]
|upkeep
|turn|4
|
|move|p2a: Dragonite|Dragon Dance|p2a: Dragonite
|-boost|p2a: Dragonite|atk|1
|-boost|p2a: Dragonite|spe|1
|move|p1a: Ninetales|Will-O-Wisp|p2a: Dragonite
|-status|p2a: Dragonite|brn
|
|-weather|SunnyDay|[upkeep]
|-damage|p2a: Dragonite|88/100 brn|[from] brn
|upkeep
|turn|5
|
|switch|p1a: Cresselia|Cresselia, F|100/100
|-damage|p1a: Cresselia|88/100|[from] Stealth Rock
|move|p2a: Dragonite|Dragon Dance|p2a: Dragonite
|-boost|p2a: Dragonite|atk|1
|-boost|p2a: Dragonite|spe|1
|
|-weather|SunnyDay|[upkeep]
|-heal|p1a: Cresselia|94/100|[from] item: Leftovers
|-damage|p2a: Dragonite|76/100 brn|[from] brn
|upkeep
|turn|6
|
|move|p2a: Dragonite|Dragon Dance|p2a: Dragonite
|-boost|p2a: Dragonite|atk|1
|-boost|p2a: Dragonite|spe|1
|move|p1a: Cresselia|Ice Beam|p2a: Dragonite
|-supereffective|p2a: Dragonite
|-enditem|p2a: Dragonite|Yache Berry|[eat]
|-enditem|p2a: Dragonite|Yache Berry|[weaken]
|-damage|p2a: Dragonite|39/100 brn
|
|-weather|SunnyDay|[upkeep]
|-heal|p1a: Cresselia|99/100|[from] item: Leftovers
|-damage|p2a: Dragonite|27/100 brn|[from] brn
|upkeep
|turn|7
|
|switch|p1a: Forretress|Forretress, M|100/100
|-damage|p1a: Forretress|88/100|[from] Stealth Rock
|move|p2a: Dragonite|Outrage|p1a: Forretress
|-resisted|p1a: Forretress
|-damage|p1a: Forretress|63/100
|
|-weather|SunnyDay|[upkeep]
|-heal|p1a: Forretress|70/100|[from] item: Leftovers
|-damage|p2a: Dragonite|14/100 brn|[from] brn
|upkeep
|turn|8
|
|move|p2a: Dragonite|Outrage|p1a: Forretress|[from]lockedmove
|-resisted|p1a: Forretress
|-damage|p1a: Forretress|46/100
|-start|p2a: Dragonite|confusion|[fatigue]
|move|p1a: Forretress|Rapid Spin|p2a: Dragonite
|-damage|p2a: Dragonite|10/100 brn
|-sideend|p1: porrompompom|Stealth Rock|[from] move: Rapid Spin|[of] p1a: Forretress
|
|-weather|SunnyDay|[upkeep]
|-heal|p1a: Forretress|52/100|[from] item: Leftovers
|-damage|p2a: Dragonite|0 fnt|[from] brn
|faint|p2a: Dragonite
|upkeep
|
|switch|p2a: Magnezone|Magnezone|100/100
|turn|9
|
|move|p2a: Magnezone|Substitute|p2a: Magnezone
|-start|p2a: Magnezone|Substitute
|-damage|p2a: Magnezone|76/100
|move|p1a: Forretress|Stealth Rock|p2a: Magnezone
|-sidestart|p2: SOS(T)EMI|move: Stealth Rock
|
|-weather|SunnyDay|[upkeep]
|-heal|p1a: Forretress|58/100|[from] item: Leftovers
|upkeep
|turn|10
|
|move|p2a: Magnezone|Thunderbolt|p1a: Forretress
|-damage|p1a: Forretress|0 fnt
|faint|p1a: Forretress
|
|-weather|SunnyDay|[upkeep]
|upkeep
|
|switch|p1a: Ninetales|Ninetales, F|100/100
|turn|11
|
|move|p1a: Ninetales|Overheat|p2a: Magnezone
|-supereffective|p2a: Magnezone
|-crit|p2a: Magnezone
|-end|p2a: Magnezone|Substitute
|-unboost|p1a: Ninetales|spa|2
|move|p2a: Magnezone|Thunderbolt|p1a: Ninetales
|-damage|p1a: Ninetales|43/100
|
|-weather|SunnyDay|[upkeep]
|-heal|p1a: Ninetales|49/100|[from] item: Leftovers
|upkeep
|turn|12
|
|move|p1a: Ninetales|Power Swap|p2a: Magnezone
|-swapboost|p1a: Ninetales|p2a: Magnezone|atk, spa|[from] move: Power Swap
|move|p2a: Magnezone|Thunderbolt|p1a: Ninetales
|-damage|p1a: Ninetales|25/100
|
|-weather|SunnyDay|[upkeep]
|-heal|p1a: Ninetales|31/100|[from] item: Leftovers
|upkeep
|turn|13
|
|switch|p2a: Starmie|Starmie|100/100
|-damage|p2a: Starmie|88/100|[from] Stealth Rock
|move|p1a: Ninetales|Overheat|p2a: Starmie
|-resisted|p2a: Starmie
|-damage|p2a: Starmie|47/100
|-unboost|p1a: Ninetales|spa|2
|
|-weather|SunnyDay|[upkeep]
|-heal|p1a: Ninetales|37/100|[from] item: Leftovers
|upkeep
|turn|14
|
|move|p1a: Ninetales|Protect|p1a: Ninetales
|-singleturn|p1a: Ninetales|Protect
|move|p2a: Starmie|Surf|p1a: Ninetales
|-activate|p1a: Ninetales|move: Protect
|
|-weather|SunnyDay|[upkeep]
|-heal|p1a: Ninetales|43/100|[from] item: Leftovers
|upkeep
|turn|15
|
|move|p2a: Starmie|Surf|p1a: Ninetales
|-supereffective|p1a: Ninetales
|-damage|p1a: Ninetales|0 fnt
|-damage|p2a: Starmie|37/100|[from] item: Life Orb
|faint|p1a: Ninetales
|
|-weather|SunnyDay|[upkeep]
|upkeep
|
|switch|p1a: Landorus|Landorus-Therian, M|100/100
|-ability|p1a: Landorus|Intimidate|boost
|-unboost|p2a: Starmie|atk|1
|turn|16
|
|move|p1a: Landorus|Earthquake|p2a: Starmie
|-damage|p2a: Starmie|0 fnt
|faint|p2a: Starmie
|
|-weather|SunnyDay|[upkeep]
|upkeep
|
|switch|p2a: Kyurem|Kyurem-Black|100/100
|-damage|p2a: Kyurem|76/100|[from] Stealth Rock
|-ability|p2a: Kyurem|Teravolt
|turn|17
|
|switch|p1a: Heatran|Heatran, M|100/100
|move|p2a: Kyurem|Outrage|p1a: Heatran
|-resisted|p1a: Heatran
|-damage|p1a: Heatran|48/100
|
|-weather|SunnyDay|[upkeep]
|-heal|p1a: Heatran|55/100|[from] item: Leftovers
|upkeep
|turn|18
|
|move|p2a: Kyurem|Outrage|p1a: Heatran|[from]lockedmove
|-resisted|p1a: Heatran
|-damage|p1a: Heatran|0 fnt
|faint|p1a: Heatran
|
|-weather|SunnyDay|[upkeep]
|upkeep
|
|switch|p1a: Latios|Latios, M|100/100
|turn|19
|
|move|p1a: Latios|Draco Meteor|p2a: Kyurem|[miss]
|-miss|p1a: Latios|p2a: Kyurem
|move|p2a: Kyurem|Outrage|p1a: Latios|[from]lockedmove
|-supereffective|p1a: Latios
|-damage|p1a: Latios|0 fnt
|-start|p2a: Kyurem|confusion|[fatigue]
|faint|p1a: Latios
|
|-weather|SunnyDay|[upkeep]
|upkeep
|c|☆porrompompom|wig
|
|switch|p1a: Landorus|Landorus-Therian, M|100/100
|-ability|p1a: Landorus|Intimidate|boost
|-unboost|p2a: Kyurem|atk|1
|turn|20
|
|switch|p2a: Magnezone|Magnezone|76/100
|-damage|p2a: Magnezone|70/100|[from] Stealth Rock
|move|p1a: Landorus|Earthquake|p2a: Magnezone
|-supereffective|p2a: Magnezone
|-damage|p2a: Magnezone|0 fnt
|faint|p2a: Magnezone
|
|-weather|SunnyDay|[upkeep]
|upkeep
|
|switch|p2a: Kyurem|Kyurem-Black|76/100
|-damage|p2a: Kyurem|51/100|[from] Stealth Rock
|-ability|p2a: Kyurem|Teravolt
|turn|21
|
|move|p1a: Landorus|Earthquake|p2a: Kyurem
|-damage|p2a: Kyurem|5/100
|move|p2a: Kyurem|Outrage|p1a: Landorus
|-crit|p1a: Landorus
|-damage|p1a: Landorus|0 fnt
|faint|p1a: Landorus
|
|-weather|SunnyDay|[upkeep]
|upkeep
|
|switch|p1a: Cresselia|Cresselia, F|99/100
|turn|22
|
|move|p2a: Kyurem|Outrage|p1a: Cresselia|[from]lockedmove
|-damage|p1a: Cresselia|38/100
|move|p1a: Cresselia|Moonlight|p1a: Cresselia
|-heal|p1a: Cresselia|100/100
|
|-weather|SunnyDay|[upkeep]
|upkeep
|turn|23
|
|move|p2a: Kyurem|Outrage|p1a: Cresselia|[from]lockedmove
|-damage|p1a: Cresselia|35/100
|-start|p2a: Kyurem|confusion|[fatigue]
|move|p1a: Cresselia|Moonlight|p1a: Cresselia
|-heal|p1a: Cresselia|100/100
|
|-weather|SunnyDay|[upkeep]
|upkeep
|turn|24
|
|-activate|p2a: Kyurem|confusion
|move|p2a: Kyurem|Outrage|p1a: Cresselia
|-damage|p1a: Cresselia|44/100
|move|p1a: Cresselia|Moonlight|p1a: Cresselia
|-heal|p1a: Cresselia|100/100
|
|-weather|SunnyDay|[upkeep]
|upkeep
|turn|25
|
|-end|p2a: Kyurem|confusion
|move|p2a: Kyurem|Outrage|p1a: Cresselia|[from]lockedmove
|-damage|p1a: Cresselia|38/100
|move|p1a: Cresselia|Moonlight|p1a: Cresselia
|-heal|p1a: Cresselia|100/100
|
|-weather|SunnyDay|[upkeep]
|upkeep
|turn|26
|
|move|p2a: Kyurem|Outrage|p1a: Cresselia|[from]lockedmove
|-damage|p1a: Cresselia|37/100
|-start|p2a: Kyurem|confusion|[fatigue]
|move|p1a: Cresselia|Moonlight|p1a: Cresselia
|-heal|p1a: Cresselia|100/100
|
|-weather|SunnyDay|[upkeep]
|upkeep
|turn|27
|
|-activate|p2a: Kyurem|confusion
|-damage|p2a: Kyurem|0 fnt|[from] confusion
|faint|p2a: Kyurem
|move|p1a: Cresselia|Moonlight||[still]
|-fail|p1a: Cresselia
|
|-weather|SunnyDay|[upkeep]
|upkeep
|
|switch|p2a: Garchomp|Garchomp, F|100/100
|-damage|p2a: Garchomp|94/100|[from] Stealth Rock
|turn|28
|
|move|p2a: Garchomp|Outrage|p1a: Cresselia
|-damage|p1a: Cresselia|70/100
|move|p1a: Cresselia|Ice Beam|p2a: Garchomp
|-supereffective|p2a: Garchomp
|-damage|p2a: Garchomp|11/100
|
|-weather|SunnyDay|[upkeep]
|-heal|p1a: Cresselia|76/100|[from] item: Leftovers
|upkeep
|turn|29
|
|move|p2a: Garchomp|Outrage|p1a: Cresselia|[from]lockedmove
|-damage|p1a: Cresselia|44/100
|move|p1a: Cresselia|Ice Beam|p2a: Garchomp
|-supereffective|p2a: Garchomp
|-damage|p2a: Garchomp|0 fnt
|faint|p2a: Garchomp
|
|win|porrompompom
|raw|porrompompom's rating: 1404 &rarr; <strong>1422</strong><br />(+18 for winning)
|raw|SOS(T)EMI's rating: 1369 &rarr; <strong>1351</strong><br />(-18 for losing)
