|j|☆Ludicolion
|j|☆BWVC BookofConke
|t:|1717168787
|gametype|singles
|player|p1|Ludicolion|alder|1351
|player|p2|BWVC BookofConke|silver-masters|1416
|teamsize|p1|6
|teamsize|p2|6
|gen|5
|tier|[Gen 5] OU
|rated|
|rule|Species Clause: Limit one of each Pokémon
|rule|OHKO Clause: OHKO moves are banned
|rule|Moody Clause: Moody is banned
|rule|Evasion Items Clause: Evasion items are banned
|rule|Evasion Moves Clause: Evasion moves are banned
|rule|Endless Battle Clause: Forcing endless battles is banned
|rule|HP Percentage Mod: HP is shown in percentages
|rule|Evasion Abilities Clause: Evasion abilities are banned
|rule|Sleep Moves Clause: Sleep-inducing moves are banned
|rule|Swagger Clause: Swagger is banned
|rule|Baton Pass Stat Clause: No Baton Passer may have a way to boost its stats
|clearpoke
|poke|p1|Tyranitar, M|item
|poke|p1|Skarmory, M|item
|poke|p1|Jellicent, F|item
|poke|p1|Latios, M|item
|poke|p1|Alakazam, F|item
|poke|p1|Gliscor, F|item
|poke|p2|Abomasnow, F|item
|poke|p2|Kyurem-Black|item
|poke|p2|Latios, M|item
|poke|p2|Garchomp, M|item
|poke|p2|Starmie|item
|poke|p2|Jirachi|item
|teampreview
|inactive|Battle timer is ON: inactive players will automatically lose when time's up. (requested by Ludicolion)
|c|☆Ludicolion|Glhf
|
|t:|1717168810
|start
|switch|p1a: Skarmory|Skarmory, M|100/100
|switch|p2a: Abomasnow|Abomasnow, F|100/100
|-weather|Hail|[from] ability: Snow Warning|[of] p2a: Abomasnow
|turn|1
|
|t:|1717168830
|switch|p2a: Kyurem|Kyurem-Black|100/100
|-ability|p2a: Kyurem|Teravolt
|move|p1a: Skarmory|Stealth Rock|p2a: Kyurem
|-sidestart|p2: BWVC BookofConke|move: Stealth Rock
|
|-weather|Hail|[upkeep]
|-damage|p1a: Skarmory|95/100|[from] Hail
|upkeep
|turn|2
|
|t:|1717168839
|move|p2a: Kyurem|Substitute|p2a: Kyurem
|-start|p2a: Kyurem|Substitute
|-damage|p2a: Kyurem|76/100
|move|p1a: Skarmory|Spikes|p2a: Kyurem
|-sidestart|p2: BWVC BookofConke|Spikes
|
|-weather|Hail|[upkeep]
|-damage|p1a: Skarmory|89/100|[from] Hail
|upkeep
|turn|3
|
|t:|1717168848
|move|p2a: Kyurem|Fusion Bolt|p1a: Skarmory
|-supereffective|p1a: Skarmory
|-damage|p1a: Skarmory|0 fnt
|faint|p1a: Skarmory
|
|-weather|Hail|[upkeep]
|upkeep
|
|t:|1717168853
|switch|p1a: Tyranitar|Tyranitar, M|100/100
|-weather|Sandstorm|[from] ability: Sand Stream|[of] p1a: Tyranitar
|turn|4
|
|t:|1717168871
|move|p2a: Kyurem|Outrage|p1a: Tyranitar
|-damage|p1a: Tyranitar|40/100
|move|p1a: Tyranitar|Crunch|p2a: Kyurem
|-end|p2a: Kyurem|Substitute
|
|-weather|Sandstorm|[upkeep]
|-damage|p2a: Kyurem|69/100|[from] Sandstorm
|upkeep
|turn|5
|
|t:|1717168880
|move|p2a: Kyurem|Outrage|p1a: Tyranitar|[from]lockedmove
|-damage|p1a: Tyranitar|0 fnt
|faint|p1a: Tyranitar
|-start|p2a: Kyurem|confusion|[fatigue]
|
|-weather|Sandstorm|[upkeep]
|-damage|p2a: Kyurem|63/100|[from] Sandstorm
|upkeep
|
|t:|1717168884
|switch|p1a: Latios|Latios, M|100/100
|turn|6
|
|t:|1717168892
|switch|p2a: Jirachi|Jirachi|100/100
|-damage|p2a: Jirachi|94/100|[from] Stealth Rock
|-damage|p2a: Jirachi|82/100|[from] Spikes
|move|p1a: Latios|Hidden Power|p2a: Jirachi
|-supereffective|p2a: Jirachi
|-damage|p2a: Jirachi|46/100
|
|-weather|Sandstorm|[upkeep]
|-damage|p1a: Latios|95/100|[from] Sandstorm
|-heal|p2a: Jirachi|52/100|[from] item: Leftovers
|upkeep
|turn|7
|
|t:|1717168911
|move|p1a: Latios|Hidden Power|p2a: Jirachi
|-supereffective|p2a: Jirachi
|-damage|p2a: Jirachi|19/100
|move|p2a: Jirachi|U-turn|p1a: Latios
|-supereffective|p1a: Latios
|-crit|p1a: Latios
|-damage|p1a: Latios|0 fnt
|faint|p1a: Latios
|inactive|BWVC BookofConke has 120 seconds left.
|
|t:|1717168940
|switch|p2a: Latios|Latios, M|100/100|[from] U-turn
|-damage|p2a: Latios|88/100|[from] Stealth Rock
|
|-weather|Sandstorm|[upkeep]
|-damage|p2a: Latios|82/100|[from] Sandstorm
|upkeep
|
|t:|1717168945
|switch|p1a: Gliscor|Gliscor, F|100/100
|turn|8
|inactive|BWVC BookofConke has 120 seconds left.
|
|t:|1717168958
|move|p2a: Latios|Surf|p1a: Gliscor
|-supereffective|p1a: Gliscor
|-damage|p1a: Gliscor|30/100
|move|p1a: Gliscor|Ice Fang|p2a: Latios
|-supereffective|p2a: Latios
|-damage|p2a: Latios|42/100
|
|-weather|Sandstorm|[upkeep]
|-damage|p2a: Latios|36/100|[from] Sandstorm
|-status|p1a: Gliscor|tox|[from] item: Toxic Orb
|upkeep
|turn|9
|inactive|BWVC BookofConke has 120 seconds left.
|
|t:|1717168972
|move|p1a: Gliscor|Protect|p1a: Gliscor
|-singleturn|p1a: Gliscor|Protect
|move|p2a: Latios|Recover|p2a: Latios
|-heal|p2a: Latios|86/100
|
|-weather|Sandstorm|[upkeep]
|-damage|p2a: Latios|80/100|[from] Sandstorm
|-heal|p1a: Gliscor|43/100 tox|[from] ability: Poison Heal
|upkeep
|turn|10
|inactive|BWVC BookofConke has 120 seconds left.
|
|t:|1717168988
|move|p2a: Latios|Draco Meteor|p1a: Gliscor
|-damage|p1a: Gliscor|0 fnt
|-unboost|p2a: Latios|spa|2
|faint|p1a: Gliscor
|
|-weather|Sandstorm|[upkeep]
|-damage|p2a: Latios|74/100|[from] Sandstorm
|upkeep
|
|t:|1717168997
|switch|p1a: Alakazam|Alakazam, F|100/100
|turn|11
|
|t:|1717169002
|switch|p2a: Jirachi|Jirachi|19/100
|-damage|p2a: Jirachi|13/100|[from] Stealth Rock
|-damage|p2a: Jirachi|0 fnt|[from] Spikes
|faint|p2a: Jirachi
|move|p1a: Alakazam|Shadow Ball|p2: Jirachi|[notarget]
|-fail|p1a: Alakazam
|
|-weather|Sandstorm|[upkeep]
|upkeep
|
|t:|1717169013
|switch|p2a: Garchomp|Garchomp, M|100/100
|-damage|p2a: Garchomp|94/100|[from] Stealth Rock
|-damage|p2a: Garchomp|82/100|[from] Spikes
|turn|12
|
|t:|1717169026
|move|p2a: Garchomp|Dual Chop|p1a: Alakazam
|-damage|p1a: Alakazam|45/100
|-crit|p1a: Alakazam
|-damage|p1a: Alakazam|0 fnt
|faint|p1a: Alakazam
|-hitcount|p1: Alakazam|2
|
|-weather|Sandstorm|[upkeep]
|upkeep
|-message|Ludicolion forfeited.
|
|win|BWVC BookofConke
|raw|Ludicolion's rating: 1351 &rarr; <strong>1335</strong><br />(-16 for losing)
|raw|BWVC BookofConke's rating: 1416 &rarr; <strong>1432</strong><br />(+16 for winning)
|l|☆Ludicolion
|player|p1|
|j|☆Ludicolion
|player|p1|Ludicolion|alder|
