|j|☆Nice Mice
|j|☆Boizeroni
|t:|1711244355
|gametype|singles
|player|p1|Nice Mice|hilbert|1327
|player|p2|Boizeroni|169|1361
|teamsize|p1|6
|teamsize|p2|6
|gen|5
|tier|[Gen 5] OU
|rated|
|rule|Species Clause: Limit one of each Pokémon
|rule|OHKO Clause: OHKO moves are banned
|rule|Moody Clause: Moody is banned
|rule|Evasion Items Clause: Evasion items are banned
|rule|Evasion Moves Clause: Evasion moves are banned
|rule|Endless Battle Clause: Forcing endless battles is banned
|rule|HP Percentage Mod: HP is shown in percentages
|rule|Evasion Abilities Clause: Evasion abilities are banned
|rule|Sleep Moves Clause: Sleep-inducing moves are banned
|rule|Swagger Clause: Swagger is banned
|rule|Baton Pass Stat Clause: No Baton Passer may have a way to boost its stats
|clearpoke
|poke|p1|Tyranitar, M|item
|poke|p1|Landorus-Therian, M|item
|poke|p1|Ferrothorn, F|item
|poke|p1|Jellicent, M|item
|poke|p1|Alakazam, F|item
|poke|p1|Reuniclus, M|item
|poke|p2|Espeon, M|item
|poke|p2|Darmanitan, M|item
|poke|p2|Latios, M|item
|poke|p2|Alakazam, F|item
|poke|p2|Scizor, M|item
|poke|p2|Magnezone|item
|teampreview
|inactive|Battle timer is ON: inactive players will automatically lose when time's up. (requested by Boizeroni)
|
|t:|1711244359
|start
|switch|p1a: Ground Beef|Landorus-Therian, M|100/100
|switch|p2a: Darmanitan|Darmanitan, M|100/100
|-ability|p1a: Ground Beef|Intimidate|boost
|-unboost|p2a: Darmanitan|atk|1
|turn|1
|
|t:|1711244363
|move|p1a: Ground Beef|Stone Edge|p2a: Darmanitan
|-supereffective|p2a: Darmanitan
|-damage|p2a: Darmanitan|0 fnt
|faint|p2a: Darmanitan
|
|upkeep
|
|t:|1711244382
|switch|p2a: Scizor|Scizor, M|100/100
|turn|2
|
|t:|1711244390
|switch|p1a: Pringles Guy|Jellicent, M|100/100
|move|p2a: Scizor|Swords Dance|p2a: Scizor
|-boost|p2a: Scizor|atk|2
|
|upkeep
|turn|3
|
|t:|1711244393
|move|p1a: Pringles Guy|Will-O-Wisp|p2a: Scizor
|-status|p2a: Scizor|brn
|move|p2a: Scizor|Bug Bite|p1a: Pringles Guy
|-resisted|p1a: Pringles Guy
|-damage|p1a: Pringles Guy|72/100
|
|-heal|p1a: Pringles Guy|78/100|[from] item: Leftovers
|-damage|p2a: Scizor|88/100 brn|[from] brn
|upkeep
|turn|4
|
|t:|1711244399
|move|p1a: Pringles Guy|Scald|p2a: Scizor
|-damage|p2a: Scizor|61/100 brn
|move|p2a: Scizor|Swords Dance|p2a: Scizor
|-boost|p2a: Scizor|atk|2
|
|-heal|p1a: Pringles Guy|85/100|[from] item: Leftovers
|-heal|p2a: Scizor|67/100 brn|[from] item: Leftovers
|-damage|p2a: Scizor|54/100 brn|[from] brn
|upkeep
|turn|5
|
|t:|1711244409
|move|p1a: Pringles Guy|Scald|p2a: Scizor
|-damage|p2a: Scizor|25/100 brn
|move|p2a: Scizor|Roost|p2a: Scizor
|-heal|p2a: Scizor|75/100 brn
|-singleturn|p2a: Scizor|move: Roost
|
|-heal|p1a: Pringles Guy|91/100|[from] item: Leftovers
|-heal|p2a: Scizor|82/100 brn|[from] item: Leftovers
|-damage|p2a: Scizor|69/100 brn|[from] brn
|upkeep
|turn|6
|
|t:|1711244434
|move|p1a: Pringles Guy|Taunt|p2a: Scizor
|-start|p2a: Scizor|move: Taunt
|cant|p2a: Scizor|move: Taunt|Roost
|
|-heal|p1a: Pringles Guy|97/100|[from] item: Leftovers
|-heal|p2a: Scizor|75/100 brn|[from] item: Leftovers
|-damage|p2a: Scizor|63/100 brn|[from] brn
|upkeep
|turn|7
|
|t:|1711244439
|move|p1a: Pringles Guy|Scald|p2a: Scizor
|-damage|p2a: Scizor|34/100 brn
|move|p2a: Scizor|Bug Bite|p1a: Pringles Guy
|-resisted|p1a: Pringles Guy
|-damage|p1a: Pringles Guy|58/100
|
|-heal|p1a: Pringles Guy|64/100|[from] item: Leftovers
|-heal|p2a: Scizor|40/100 brn|[from] item: Leftovers
|-damage|p2a: Scizor|28/100 brn|[from] brn
|upkeep
|turn|8
|
|t:|1711244445
|move|p1a: Pringles Guy|Scald|p2a: Scizor
|-damage|p2a: Scizor|0 fnt
|faint|p2a: Scizor
|
|-heal|p1a: Pringles Guy|70/100|[from] item: Leftovers
|upkeep
|
|t:|1711244454
|switch|p2a: Magnezone|Magnezone|100/100
|-item|p2a: Magnezone|Air Balloon
|turn|9
|
|t:|1711244463
|switch|p1a: Ground Beef|Landorus-Therian, M|100/100
|-ability|p1a: Ground Beef|Intimidate|boost
|-unboost|p2a: Magnezone|atk|1
|move|p2a: Magnezone|Tri Attack|p1a: Ground Beef
|-damage|p1a: Ground Beef|55/100
|-status|p1a: Ground Beef|frz
|
|upkeep
|turn|10
|
|t:|1711244473
|cant|p1a: Ground Beef|frz
|move|p2a: Magnezone|Tri Attack|p1a: Ground Beef
|-damage|p1a: Ground Beef|8/100 frz
|
|upkeep
|turn|11
|
|t:|1711244478
|cant|p1a: Ground Beef|frz
|move|p2a: Magnezone|Tri Attack|p1a: Ground Beef
|-damage|p1a: Ground Beef|0 fnt
|faint|p1a: Ground Beef
|
|upkeep
|
|t:|1711244483
|switch|p1a: Dr SPOON|Alakazam, F|100/100
|turn|12
|
|t:|1711244493
|switch|p2a: Espeon|Espeon, M|100/100
|move|p1a: Dr SPOON|Focus Blast|p2a: Espeon
|-resisted|p2a: Espeon
|-damage|p2a: Espeon|72/100
|
|upkeep
|turn|13
|
|t:|1711244500
|move|p1a: Dr SPOON|Psychic|p2a: Espeon
|-resisted|p2a: Espeon
|-damage|p2a: Espeon|42/100
|move|p2a: Espeon|Sunny Day|p2a: Espeon
|-weather|SunnyDay
|
|-weather|SunnyDay|[upkeep]
|upkeep
|turn|14
|
|t:|1711244516
|move|p1a: Dr SPOON|Signal Beam|p2a: Espeon
|-supereffective|p2a: Espeon
|-damage|p2a: Espeon|0 fnt
|faint|p2a: Espeon
|
|-weather|SunnyDay|[upkeep]
|upkeep
|
|t:|1711244522
|switch|p2a: Alakazam|Alakazam, F|100/100
|turn|15
|
|t:|1711244528
|move|p2a: Alakazam|Psychic|p1a: Dr SPOON
|-resisted|p1a: Dr SPOON
|-damage|p1a: Dr SPOON|65/100
|move|p1a: Dr SPOON|Signal Beam|p2a: Alakazam
|-supereffective|p2a: Alakazam
|-damage|p2a: Alakazam|23/100
|
|-weather|SunnyDay|[upkeep]
|upkeep
|turn|16
|
|t:|1711244537
|move|p2a: Alakazam|Psychic|p1a: Dr SPOON
|-resisted|p1a: Dr SPOON
|-damage|p1a: Dr SPOON|29/100
|move|p1a: Dr SPOON|Signal Beam|p2a: Alakazam
|-supereffective|p2a: Alakazam
|-damage|p2a: Alakazam|0 fnt
|faint|p2a: Alakazam
|
|-weather|SunnyDay|[upkeep]
|upkeep
|
|t:|1711244539
|switch|p2a: Latios|Latios, M|100/100
|turn|17
|
|t:|1711244549
|move|p1a: Dr SPOON|Signal Beam|p2a: Latios
|-supereffective|p2a: Latios
|-damage|p2a: Latios|44/100
|move|p2a: Latios|Surf|p1a: Dr SPOON
|-damage|p1a: Dr SPOON|0 fnt
|faint|p1a: Dr SPOON
|-damage|p2a: Latios|34/100|[from] item: Life Orb
|
|-weather|none
|upkeep
|inactive|Nice Mice has 120 seconds left.
|
|t:|1711244578
|switch|p1a: Godzilla|Tyranitar, M|100/100
|-weather|Sandstorm|[from] ability: Sand Stream|[of] p1a: Godzilla
|turn|18
|
|t:|1711244582
|move|p2a: Latios|Surf|p1a: Godzilla
|-supereffective|p1a: Godzilla
|-damage|p1a: Godzilla|63/100
|-damage|p2a: Latios|24/100|[from] item: Life Orb
|move|p1a: Godzilla|Crunch|p2a: Latios
|-supereffective|p2a: Latios
|-crit|p2a: Latios
|-damage|p2a: Latios|0 fnt
|faint|p2a: Latios
|
|-weather|Sandstorm|[upkeep]
|upkeep
|
|t:|1711244584
|switch|p2a: Magnezone|Magnezone|100/100
|-item|p2a: Magnezone|Air Balloon
|turn|19
|inactive|Nice Mice has 120 seconds left.
|
|t:|1711244611
|switch|p1a: Prick(ly cactus)|Ferrothorn, F|100/100
|move|p2a: Magnezone|Flash Cannon|p1a: Prick(ly cactus)
|-resisted|p1a: Prick(ly cactus)
|-crit|p1a: Prick(ly cactus)
|-damage|p1a: Prick(ly cactus)|67/100
|
|-weather|Sandstorm|[upkeep]
|-heal|p1a: Prick(ly cactus)|73/100|[from] item: Leftovers
|upkeep
|turn|20
|
|t:|1711244617
|move|p2a: Magnezone|Hidden Power|p1a: Prick(ly cactus)
|-supereffective|p1a: Prick(ly cactus)
|-damage|p1a: Prick(ly cactus)|4/100
|move|p1a: Prick(ly cactus)|Leech Seed|p2a: Magnezone
|-start|p2a: Magnezone|move: Leech Seed
|
|-weather|Sandstorm|[upkeep]
|-heal|p1a: Prick(ly cactus)|10/100|[from] item: Leftovers
|-damage|p2a: Magnezone|88/100|[from] Leech Seed|[of] p1a: Prick(ly cactus)
|-heal|p1a: Prick(ly cactus)|22/100|[silent]
|upkeep
|turn|21
|inactive|Nice Mice has 120 seconds left.
|
|t:|1711244639
|move|p1a: Prick(ly cactus)|Protect|p1a: Prick(ly cactus)
|-singleturn|p1a: Prick(ly cactus)|Protect
|move|p2a: Magnezone|Hidden Power|p1a: Prick(ly cactus)
|-activate|p1a: Prick(ly cactus)|move: Protect
|
|-weather|Sandstorm|[upkeep]
|-heal|p1a: Prick(ly cactus)|28/100|[from] item: Leftovers
|-damage|p2a: Magnezone|75/100|[from] Leech Seed|[of] p1a: Prick(ly cactus)
|-heal|p1a: Prick(ly cactus)|41/100|[silent]
|upkeep
|turn|22
|inactive|Nice Mice has 120 seconds left.
|
|t:|1711244648
|move|p1a: Prick(ly cactus)|Protect|p1a: Prick(ly cactus)
|-singleturn|p1a: Prick(ly cactus)|Protect
|move|p2a: Magnezone|Hidden Power|p1a: Prick(ly cactus)
|-activate|p1a: Prick(ly cactus)|move: Protect
|
|-weather|Sandstorm|[upkeep]
|-heal|p1a: Prick(ly cactus)|47/100|[from] item: Leftovers
|-damage|p2a: Magnezone|63/100|[from] Leech Seed|[of] p1a: Prick(ly cactus)
|-heal|p1a: Prick(ly cactus)|59/100|[silent]
|upkeep
|turn|23
|inactive|Nice Mice has 120 seconds left.
|
|t:|1711244660
|move|p1a: Prick(ly cactus)|Protect||[still]
|-fail|p1a: Prick(ly cactus)
|move|p2a: Magnezone|Hidden Power|p1a: Prick(ly cactus)
|-supereffective|p1a: Prick(ly cactus)
|-damage|p1a: Prick(ly cactus)|0 fnt
|faint|p1a: Prick(ly cactus)
|
|-weather|Sandstorm|[upkeep]
|upkeep
|inactive|Nice Mice has 120 seconds left.
|
|t:|1711244666
|switch|p1a: Fetus Deletus|Reuniclus, M, shiny|100/100
|turn|24
|inactive|Nice Mice has 120 seconds left.
|inactive|Nice Mice has 90 seconds left.
|
|t:|1711244708
|move|p2a: Magnezone|Tri Attack|p1a: Fetus Deletus
|-damage|p1a: Fetus Deletus|70/100
|move|p1a: Fetus Deletus|Focus Blast|p2a: Magnezone
|-supereffective|p2a: Magnezone
|-damage|p2a: Magnezone|0 fnt
|-enditem|p2a: Magnezone|Air Balloon
|faint|p2a: Magnezone
|
|win|Nice Mice
|raw|Nice Mice's rating: 1327 &rarr; <strong>1350</strong><br />(+23 for winning)
|raw|Boizeroni's rating: 1376 &rarr; <strong>1353</strong><br />(-23 for losing)
