|j|☆insta influencer
|j|☆Kuisa
|player|p1|insta influencer|169
|player|p2|Kuisa|10
|teamsize|p1|6
|teamsize|p2|6
|gametype|singles
|gen|5
|tier|[Gen 5] OU
|rated|
|rule|Sleep Clause Mod: Limit one foe put to sleep
|rule|Species Clause: Limit one of each Pokémon
|rule|OHKO Clause: OHKO moves are banned
|rule|Moody Clause: Moody is banned
|rule|Evasion Moves Clause: Evasion moves are banned
|rule|Endless Battle Clause: Forcing endless battles is banned
|rule|HP Percentage Mod: HP is shown in percentages
|rule|Evasion Abilities Clause: Evasion abilities are banned
|rule|Baton Pass Clause: Limit one Baton Passer, can't pass Spe and other stats simultaneously
|rule|Swagger Clause: Swagger is banned
|clearpoke
|poke|p1|Excadrill, F|item
|poke|p1|Garchomp, M|item
|poke|p1|Ninetales, F|item
|poke|p1|Cresselia, F|item
|poke|p1|Victini|item
|poke|p1|Chansey, F|item
|poke|p2|Tyranitar, M|item
|poke|p2|Landorus-Therian, M|item
|poke|p2|Garchomp, M|item
|poke|p2|Latios, M|item
|poke|p2|Jirachi|item
|poke|p2|Keldeo|item
|teampreview
|inactive|Battle timer is ON: inactive players will automatically lose when time's up. (requested by Kuisa)
|inactive|insta influencer has 120 seconds left.
|inactive|insta influencer has 90 seconds left.
|
|start
|switch|p1a: Ninetales|Ninetales, F|100/100
|switch|p2a: Landorus|Landorus-Therian, M|100/100
|-weather|SunnyDay|[from] ability: Drought|[of] p1a: Ninetales
|-ability|p2a: Landorus|Intimidate|boost
|-unboost|p1a: Ninetales|atk|1
|turn|1
|inactive|insta influencer has 120 seconds left.
|
|switch|p2a: Tyranitar|Tyranitar, M|100/100
|-weather|Sandstorm|[from] ability: Sand Stream|[of] p2a: Tyranitar
|move|p1a: Ninetales|Will-O-Wisp|p2a: Tyranitar
|-status|p2a: Tyranitar|brn
|
|-weather|Sandstorm|[upkeep]
|-damage|p1a: Ninetales|94/100|[from] Sandstorm
|-heal|p1a: Ninetales|100/100|[from] item: Leftovers
|-damage|p2a: Tyranitar|88/100 brn|[from] brn
|upkeep
|turn|2
|inactive|insta influencer has 90 seconds left.
|
|-activate|p1a: Ninetales|move: Pursuit
|move|p2a: Tyranitar|Pursuit|p1a: Ninetales|[from]Pursuit
|-damage|p1a: Ninetales|54/100
|switch|p1a: Excadrill|Excadrill, F|100/100
|-ability|p1a: Excadrill|Mold Breaker
|
|-weather|Sandstorm|[upkeep]
|-damage|p2a: Tyranitar|76/100 brn|[from] brn
|upkeep
|turn|3
|
|switch|p2a: Landorus|Landorus-Therian, M|100/100
|-ability|p2a: Landorus|Intimidate|boost
|-unboost|p1a: Excadrill|atk|1
|move|p1a: Excadrill|Toxic|p2a: Landorus
|-status|p2a: Landorus|tox
|
|-weather|Sandstorm|[upkeep]
|-damage|p2a: Landorus|94/100 tox|[from] psn
|upkeep
|turn|4
|inactive|insta influencer has 90 seconds left.
|
|move|p1a: Excadrill|Protect|p1a: Excadrill
|-singleturn|p1a: Excadrill|Protect
|move|p2a: Landorus|Stealth Rock|p1a: Excadrill
|-sidestart|p1: insta influencer|move: Stealth Rock
|
|-weather|Sandstorm|[upkeep]
|-heal|p2a: Landorus|100/100 tox|[from] item: Leftovers
|-damage|p2a: Landorus|88/100 tox|[from] psn
|upkeep
|turn|5
|
|switch|p1a: Chansey|Chansey, F|100/100
|-damage|p1a: Chansey|88/100|[from] Stealth Rock
|move|p2a: Landorus|U-turn|p1a: Chansey
|-damage|p1a: Chansey|71/100
|
|switch|p2a: Garchomp|Garchomp, M|100/100
|
|-weather|Sandstorm|[upkeep]
|-damage|p1a: Chansey|65/100|[from] Sandstorm
|upkeep
|turn|6
|
|switch|p1a: Cresselia|Cresselia, F|100/100
|-damage|p1a: Cresselia|88/100|[from] Stealth Rock
|move|p2a: Garchomp|Substitute|p2a: Garchomp
|-start|p2a: Garchomp|Substitute
|-damage|p2a: Garchomp|76/100
|
|-weather|Sandstorm|[upkeep]
|-damage|p1a: Cresselia|82/100|[from] Sandstorm
|-heal|p1a: Cresselia|88/100|[from] item: Leftovers
|upkeep
|turn|7
|
|move|p2a: Garchomp|Swords Dance|p2a: Garchomp
|-boost|p2a: Garchomp|atk|2
|move|p1a: Cresselia|Ice Beam|p2a: Garchomp
|-supereffective|p2a: Garchomp
|-end|p2a: Garchomp|Substitute
|
|-weather|Sandstorm|[upkeep]
|-damage|p1a: Cresselia|82/100|[from] Sandstorm
|-heal|p1a: Cresselia|88/100|[from] item: Leftovers
|upkeep
|turn|8
|j| FCKINSWAYGBROH
|
|move|p2a: Garchomp|Outrage|p1a: Cresselia
|-enditem|p2a: Garchomp|Dragon Gem|[from] gem|[move] Outrage
|-damage|p1a: Cresselia|0 fnt
|faint|p1a: Cresselia
|
|-weather|Sandstorm|[upkeep]
|upkeep
|
|switch|p1a: Garchomp|Garchomp, M|100/100
|-damage|p1a: Garchomp|94/100|[from] Stealth Rock
|turn|9
|
|move|p1a: Garchomp|Dragon Claw|p2a: Garchomp
|-supereffective|p2a: Garchomp
|-damage|p2a: Garchomp|0 fnt
|-damage|p1a: Garchomp|82/100|[from] ability: Rough Skin|[of] p2a: Garchomp
|faint|p2a: Garchomp
|
|-weather|Sandstorm|[upkeep]
|upkeep
|
|switch|p2a: Jirachi|Jirachi|100/100
|turn|10
|inactive|insta influencer has 120 seconds left.
|
|switch|p1a: Excadrill|Excadrill, F|100/100
|-damage|p1a: Excadrill|97/100|[from] Stealth Rock
|-ability|p1a: Excadrill|Mold Breaker
|move|p2a: Jirachi|U-turn|p1a: Excadrill
|-resisted|p1a: Excadrill
|-damage|p1a: Excadrill|87/100
|
|switch|p2a: Landorus|Landorus-Therian, M|88/100 tox
|-ability|p2a: Landorus|Intimidate|boost
|-unboost|p1a: Excadrill|atk|1
|
|-weather|Sandstorm|[upkeep]
|-heal|p1a: Excadrill|93/100|[from] item: Leftovers
|-heal|p2a: Landorus|94/100 tox|[from] item: Leftovers
|-damage|p2a: Landorus|88/100 tox|[from] psn
|upkeep
|turn|11
|
|move|p1a: Excadrill|Protect|p1a: Excadrill
|-singleturn|p1a: Excadrill|Protect
|move|p2a: Landorus|Earthquake|p1a: Excadrill
|-activate|p1a: Excadrill|move: Protect
|
|-weather|Sandstorm|[upkeep]
|-heal|p1a: Excadrill|99/100|[from] item: Leftovers
|-heal|p2a: Landorus|94/100 tox|[from] item: Leftovers
|-damage|p2a: Landorus|82/100 tox|[from] psn
|upkeep
|turn|12
|
|switch|p1a: Garchomp|Garchomp, M|82/100
|-damage|p1a: Garchomp|76/100|[from] Stealth Rock
|move|p2a: Landorus|Earthquake|p1a: Garchomp
|-damage|p1a: Garchomp|30/100
|
|-weather|Sandstorm|[upkeep]
|-heal|p2a: Landorus|88/100 tox|[from] item: Leftovers
|-damage|p2a: Landorus|70/100 tox|[from] psn
|upkeep
|turn|13
|
|switch|p2a: Jirachi|Jirachi|100/100
|move|p1a: Garchomp|Dragon Claw|p2a: Jirachi
|-resisted|p2a: Jirachi
|-damage|p2a: Jirachi|82/100
|
|-weather|Sandstorm|[upkeep]
|upkeep
|turn|14
|
|move|p2a: Jirachi|Ice Punch|p1a: Garchomp
|-supereffective|p1a: Garchomp
|-damage|p1a: Garchomp|0 fnt
|-damage|p2a: Jirachi|69/100|[from] ability: Rough Skin|[of] p1a: Garchomp
|faint|p1a: Garchomp
|
|-weather|Sandstorm|[upkeep]
|upkeep
|
|switch|p1a: Excadrill|Excadrill, F|99/100
|-damage|p1a: Excadrill|96/100|[from] Stealth Rock
|-ability|p1a: Excadrill|Mold Breaker
|turn|15
|
|switch|p2a: Landorus|Landorus-Therian, M|70/100 tox
|-ability|p2a: Landorus|Intimidate|boost
|-unboost|p1a: Excadrill|atk|1
|move|p1a: Excadrill|Rapid Spin|p2a: Landorus
|-damage|p2a: Landorus|68/100 tox
|-sideend|p1: insta influencer|Stealth Rock|[from] move: Rapid Spin|[of] p1a: Excadrill
|
|-weather|Sandstorm|[upkeep]
|-heal|p1a: Excadrill|100/100|[from] item: Leftovers
|-heal|p2a: Landorus|74/100 tox|[from] item: Leftovers
|-damage|p2a: Landorus|68/100 tox|[from] psn
|upkeep
|turn|16
|
|switch|p1a: Chansey|Chansey, F|65/100
|move|p2a: Landorus|Stealth Rock|p1a: Chansey
|-sidestart|p1: insta influencer|move: Stealth Rock
|
|-weather|Sandstorm|[upkeep]
|-damage|p1a: Chansey|58/100|[from] Sandstorm
|-heal|p2a: Landorus|74/100 tox|[from] item: Leftovers
|-damage|p2a: Landorus|61/100 tox|[from] psn
|upkeep
|turn|17
|
|move|p2a: Landorus|U-turn|p1a: Chansey
|-damage|p1a: Chansey|42/100
|
|switch|p2a: Keldeo|Keldeo|100/100
|move|p1a: Chansey|Soft-Boiled|p1a: Chansey
|-heal|p1a: Chansey|92/100
|
|-weather|Sandstorm|[upkeep]
|-damage|p2a: Keldeo|94/100|[from] Sandstorm
|-damage|p1a: Chansey|86/100|[from] Sandstorm
|upkeep
|turn|18
|
|switch|p1a: Victini|Victini|100/100
|-damage|p1a: Victini|76/100|[from] Stealth Rock
|move|p2a: Keldeo|Secret Sword|p1a: Victini
|-enditem|p2a: Keldeo|Fighting Gem|[from] gem|[move] Secret Sword
|-resisted|p1a: Victini
|-damage|p1a: Victini|43/100
|
|-weather|Sandstorm|[upkeep]
|-damage|p1a: Victini|37/100|[from] Sandstorm
|-damage|p2a: Keldeo|88/100|[from] Sandstorm
|upkeep
|turn|19
|
|switch|p2a: Tyranitar|Tyranitar, M|76/100 brn
|move|p1a: Victini|Bolt Strike|p2a: Tyranitar
|-crit|p2a: Tyranitar
|-damage|p2a: Tyranitar|14/100 brn
|
|-weather|Sandstorm|[upkeep]
|-damage|p1a: Victini|30/100|[from] Sandstorm
|-damage|p2a: Tyranitar|2/100 brn|[from] brn
|upkeep
|turn|20
|
|switch|p2a: Landorus|Landorus-Therian, M|61/100 tox
|-ability|p2a: Landorus|Intimidate|boost
|-unboost|p1a: Victini|atk|1
|move|p1a: Victini|Bolt Strike|p2a: Landorus
|-immune|p2a: Landorus|[msg]
|
|-weather|Sandstorm|[upkeep]
|-damage|p1a: Victini|24/100|[from] Sandstorm
|-heal|p2a: Landorus|68/100 tox|[from] item: Leftovers
|-damage|p2a: Landorus|61/100 tox|[from] psn
|upkeep
|turn|21
|
|move|p1a: Victini|Bolt Strike|p2a: Landorus
|-immune|p2a: Landorus|[msg]
|move|p2a: Landorus|Earthquake|p1a: Victini
|-supereffective|p1a: Victini
|-damage|p1a: Victini|0 fnt
|faint|p1a: Victini
|
|-weather|Sandstorm|[upkeep]
|-heal|p2a: Landorus|68/100 tox|[from] item: Leftovers
|-damage|p2a: Landorus|55/100 tox|[from] psn
|upkeep
|-message|insta influencer forfeited.
|
|win|Kuisa
|l|☆insta influencer
|raw|insta influencer's rating: 1369 &rarr; <strong>1354</strong><br />(-15 for losing)
|raw|Kuisa's rating: 1460 &rarr; <strong>1475</strong><br />(+15 for winning)
|c|☆Kuisa|gg :D
