|j|☆cinema staff fan
|j|☆daddy_days2
|t:|1741799350
|gametype|singles
|player|p1|cinema staff fan|sordward-shielbert|1521
|player|p2|daddy_days2|benga|1434
|teamsize|p1|6
|teamsize|p2|6
|gen|5
|tier|[Gen 5] OU
|rated|
|rule|Species Clause: Limit one of each Pokémon
|rule|OHKO Clause: OHKO moves are banned
|rule|Moody Clause: Moody is banned
|rule|Evasion Items Clause: Evasion items are banned
|rule|Evasion Moves Clause: Evasion moves are banned
|rule|Endless Battle Clause: Forcing endless battles is banned
|rule|HP Percentage Mod: HP is shown in percentages
|rule|Evasion Abilities Clause: Evasion abilities are banned
|rule|Sleep Moves Clause: Sleep-inducing moves are banned
|rule|Swagger Clause: Swagger is banned
|rule|Baton Pass Stat Clause: No Baton Passer may have a way to boost its stats
|clearpoke
|poke|p1|Keldeo|item
|poke|p1|Politoed, F|item
|poke|p1|Excadrill, F|item
|poke|p1|Conkeldurr, F|item
|poke|p1|Toxicroak, F|item
|poke|p1|Alakazam, F|item
|poke|p2|Kyurem-Black|item
|poke|p2|Garchomp, M|item
|poke|p2|Conkeldurr, M|item
|poke|p2|Starmie|item
|poke|p2|Bisharp, F|item
|poke|p2|Scyther, M|item
|teampreview
|j| finnhead22
|inactive|Battle timer is ON: inactive players will automatically lose when time's up. (requested by cinema staff fan)
|
|t:|1741799361
|start
|switch|p1a: Keldeo|Keldeo|100/100
|switch|p2a: Starlight|Starmie|100/100
|turn|1
|l| finnhead22
|
|t:|1741799374
|switch|p1a: Excadrill|Excadrill, F|100/100
|-ability|p1a: Excadrill|Mold Breaker
|move|p2a: Starlight|Thunder Wave|p1a: Excadrill
|-immune|p1a: Excadrill
|
|upkeep
|turn|2
|
|t:|1741799382
|move|p2a: Starlight|Hydro Pump|p1a: Excadrill
|-supereffective|p1a: Excadrill
|-damage|p1a: Excadrill|42/100
|move|p1a: Excadrill|Stealth Rock|p2a: Starlight
|-sidestart|p2: daddy_days2|move: Stealth Rock
|
|-heal|p1a: Excadrill|49/100|[from] item: Leftovers
|upkeep
|turn|3
|
|t:|1741799393
|switch|p1a: Toxicroak|Toxicroak, F|100/100
|-item|p1a: Toxicroak|Air Balloon
|move|p2a: Starlight|Rapid Spin|p1a: Toxicroak
|-damage|p1a: Toxicroak|96/100
|-enditem|p1a: Toxicroak|Air Balloon
|-sideend|p2: daddy_days2|Stealth Rock|[from] move: Rapid Spin|[of] p2a: Starlight
|
|upkeep
|turn|4
|
|t:|1741799402
|move|p2a: Starlight|Psyshock|p1a: Toxicroak
|-supereffective|p1a: Toxicroak
|-damage|p1a: Toxicroak|0 fnt
|faint|p1a: Toxicroak
|
|upkeep
|
|t:|1741799413
|switch|p1a: Conkeldurr|Conkeldurr, F|100/100
|turn|5
|
|t:|1741799420
|switch|p2a: Painkiller|Garchomp, M|100/100
|move|p1a: Conkeldurr|Thunder Punch|p2a: Painkiller
|-immune|p2a: Painkiller
|
|upkeep
|turn|6
|
|t:|1741799430
|move|p2a: Painkiller|Earthquake|p1a: Conkeldurr
|-damage|p1a: Conkeldurr|62/100
|move|p1a: Conkeldurr|Ice Punch|p2a: Painkiller
|-supereffective|p2a: Painkiller
|-damage|p2a: Painkiller|0 fnt
|-damage|p1a: Conkeldurr|50/100|[from] ability: Rough Skin|[of] p2a: Painkiller
|-damage|p1a: Conkeldurr|33/100|[from] item: Rocky Helmet|[of] p2a: Painkiller
|faint|p2a: Painkiller
|-damage|p1a: Conkeldurr|23/100|[from] item: Life Orb
|
|upkeep
|
|t:|1741799447
|switch|p2a: Starlight|Starmie|100/100
|turn|7
|
|t:|1741799450
|move|p1a: Conkeldurr|Mach Punch|p2a: Starlight
|-resisted|p2a: Starlight
|-damage|p2a: Starlight|78/100
|-damage|p1a: Conkeldurr|13/100|[from] item: Life Orb
|move|p2a: Starlight|Psyshock|p1a: Conkeldurr
|-supereffective|p1a: Conkeldurr
|-damage|p1a: Conkeldurr|0 fnt
|faint|p1a: Conkeldurr
|
|-heal|p2a: Starlight|84/100|[from] item: Leftovers
|upkeep
|
|t:|1741799458
|switch|p1a: Politoed|Politoed, F|100/100
|-weather|RainDance|[from] ability: Drizzle|[of] p1a: Politoed
|turn|8
|
|t:|1741799466
|move|p1a: Politoed|Scald|p2a: Starlight
|-resisted|p2a: Starlight
|-damage|p2a: Starlight|54/100
|move|p2a: Starlight|Thunder Wave|p1a: Politoed
|-status|p1a: Politoed|par
|
|-weather|RainDance|[upkeep]
|-heal|p2a: Starlight|61/100|[from] item: Leftovers
|upkeep
|turn|9
|inactive|daddy_days2 has 120 seconds left.
|
|t:|1741799499
|switch|p2a: Insane Dwayne|Kyurem-Black|100/100
|-ability|p2a: Insane Dwayne|Teravolt
|move|p1a: Politoed|Scald|p2a: Insane Dwayne
|-resisted|p2a: Insane Dwayne
|-damage|p2a: Insane Dwayne|78/100
|
|-weather|RainDance|[upkeep]
|upkeep
|turn|10
|
|t:|1741799509
|move|p2a: Insane Dwayne|Outrage|p1a: Politoed
|-damage|p1a: Politoed|0 fnt
|faint|p1a: Politoed
|
|-weather|RainDance|[upkeep]
|upkeep
|
|t:|1741799512
|switch|p1a: Keldeo|Keldeo|100/100
|turn|11
|
|t:|1741799518
|move|p1a: Keldeo|Secret Sword|p2a: Insane Dwayne
|-supereffective|p2a: Insane Dwayne
|-damage|p2a: Insane Dwayne|0 fnt
|faint|p2a: Insane Dwayne
|
|-weather|RainDance|[upkeep]
|upkeep
|
|t:|1741799527
|switch|p2a: Starlight|Starmie|61/100
|turn|12
|
|t:|1741799530
|switch|p1a: Excadrill|Excadrill, F|49/100
|-ability|p1a: Excadrill|Mold Breaker
|move|p2a: Starlight|Thunder Wave|p1a: Excadrill
|-immune|p1a: Excadrill
|
|-weather|RainDance|[upkeep]
|-heal|p2a: Starlight|67/100|[from] item: Leftovers
|-heal|p1a: Excadrill|55/100|[from] item: Leftovers
|upkeep
|turn|13
|
|t:|1741799541
|move|p2a: Starlight|Hydro Pump|p1a: Excadrill
|-supereffective|p1a: Excadrill
|-damage|p1a: Excadrill|0 fnt
|faint|p1a: Excadrill
|
|-weather|RainDance|[upkeep]
|-heal|p2a: Starlight|73/100|[from] item: Leftovers
|upkeep
|
|t:|1741799544
|switch|p1a: Alakazam|Alakazam, F|100/100
|turn|14
|
|t:|1741799553
|move|p1a: Alakazam|Focus Blast|p2a: Starlight|[miss]
|-miss|p1a: Alakazam|p2a: Starlight
|move|p2a: Starlight|Thunder Wave|p1a: Alakazam
|-status|p1a: Alakazam|par
|
|-weather|RainDance|[upkeep]
|-heal|p2a: Starlight|79/100|[from] item: Leftovers
|upkeep
|turn|15
|
|t:|1741799563
|move|p2a: Starlight|Psyshock|p1a: Alakazam
|-resisted|p1a: Alakazam
|-damage|p1a: Alakazam|63/100 par
|move|p1a: Alakazam|Shadow Ball|p2a: Starlight
|-supereffective|p2a: Starlight
|-damage|p2a: Starlight|8/100
|-unboost|p2a: Starlight|spd|1
|
|-weather|RainDance|[upkeep]
|-heal|p2a: Starlight|14/100|[from] item: Leftovers
|upkeep
|turn|16
|
|t:|1741799574
|move|p2a: Starlight|Psyshock|p1a: Alakazam
|-resisted|p1a: Alakazam
|-damage|p1a: Alakazam|28/100 par
|move|p1a: Alakazam|Psychic|p2a: Starlight
|-resisted|p2a: Starlight
|-damage|p2a: Starlight|0 fnt
|faint|p2a: Starlight
|
|-weather|RainDance|[upkeep]
|upkeep
|
|t:|1741799588
|switch|p2a: Blade|Scyther, M|100/100
|turn|17
|
|t:|1741799592
|move|p2a: Blade|U-turn|p1a: Alakazam
|-supereffective|p1a: Alakazam
|-damage|p1a: Alakazam|0 fnt
|faint|p1a: Alakazam
|
|t:|1741799597
|switch|p2a: Shrekster|Conkeldurr, M|100/100|[from] U-turn
|
|-weather|RainDance|[upkeep]
|upkeep
|
|t:|1741799599
|switch|p1a: Keldeo|Keldeo|100/100
|turn|18
|
|t:|1741799605
|move|p2a: Shrekster|Mach Punch|p1a: Keldeo
|-damage|p1a: Keldeo|64/100
|move|p1a: Keldeo|Scald|p2a: Shrekster
|-damage|p2a: Shrekster|0 fnt
|faint|p2a: Shrekster
|
|-weather|RainDance|[upkeep]
|upkeep
|
|t:|1741799616
|switch|p2a: Blade|Scyther, M|100/100
|turn|19
|
|t:|1741799619
|move|p2a: Blade|Aerial Ace|p1a: Keldeo
|-supereffective|p1a: Keldeo
|-damage|p1a: Keldeo|0 fnt
|faint|p1a: Keldeo
|
|win|daddy_days2
|raw|cinema staff fan's rating: 1521 &rarr; <strong>1496</strong><br />(-25 for losing)
|raw|daddy_days2's rating: 1434 &rarr; <strong>1459</strong><br />(+25 for winning)
|l|☆cinema staff fan
|player|p1|
|c|☆daddy_days2|gg
