|j|☆XP3R1
|j|☆sidis
|t:|1704999313
|gametype|singles
|player|p1|XP3R1|ghetsis|1345
|player|p2|sidis|iris|1287
|teamsize|p1|6
|teamsize|p2|6
|gen|5
|tier|[Gen 5] OU
|rated|
|rule|Species Clause: Limit one of each Pokémon
|rule|OHKO Clause: OHKO moves are banned
|rule|Moody Clause: Moody is banned
|rule|Evasion Items Clause: Evasion items are banned
|rule|Evasion Moves Clause: Evasion moves are banned
|rule|Endless Battle Clause: Forcing endless battles is banned
|rule|HP Percentage Mod: HP is shown in percentages
|rule|Evasion Abilities Clause: Evasion abilities are banned
|rule|Sleep Moves Clause: Sleep-inducing moves are banned
|rule|Swagger Clause: Swagger is banned
|rule|Baton Pass Stat Clause: No Baton Passer may have a way to boost its stats
|clearpoke
|poke|p1|Landorus-Therian, M|item
|poke|p1|Tyranitar, F|item
|poke|p1|Slowbro, M|item
|poke|p1|Scizor, F|item
|poke|p1|Ferrothorn, M|item
|poke|p1|Reuniclus, M|item
|poke|p2|Landorus-Therian, M|item
|poke|p2|Abomasnow, M|item
|poke|p2|Politoed, F|item
|poke|p2|Keldeo-Resolute|item
|poke|p2|Starmie|item
|poke|p2|Kyurem|item
|teampreview
|inactive|Battle timer is ON: inactive players will automatically lose when time's up. (requested by XP3R1)
|
|t:|1704999333
|start
|switch|p1a: Good Boy|Landorus-Therian, M|100/100
|switch|p2a: Landorus|Landorus-Therian, M|100/100
|-ability|p1a: Good Boy|Intimidate|boost
|-unboost|p2a: Landorus|atk|1
|-ability|p2a: Landorus|Intimidate|boost
|-unboost|p1a: Good Boy|atk|1
|turn|1
|
|t:|1704999337
|move|p1a: Good Boy|U-turn|p2a: Landorus
|-resisted|p2a: Landorus
|-damage|p2a: Landorus|90/100
|
|t:|1704999352
|switch|p1a: Feral|Ferrothorn, M, shiny|100/100|[from] U-turn
|move|p2a: Landorus|Stealth Rock|p1a: Feral
|-sidestart|p1: XP3R1|move: Stealth Rock
|
|upkeep
|turn|2
|
|t:|1704999372
|switch|p2a: Abomasnow|Abomasnow, M|100/100
|-weather|Hail|[from] ability: Snow Warning|[of] p2a: Abomasnow
|move|p1a: Feral|Stealth Rock|p2a: Abomasnow
|-sidestart|p2: sidis|move: Stealth Rock
|
|-weather|Hail|[upkeep]
|-damage|p1a: Feral|94/100|[from] Hail
|upkeep
|turn|3
|
|t:|1704999385
|move|p2a: Abomasnow|Hidden Power|p1a: Feral
|-supereffective|p1a: Feral
|-damage|p1a: Feral|37/100
|move|p1a: Feral|Gyro Ball|p2a: Abomasnow
|-supereffective|p2a: Abomasnow
|-damage|p2a: Abomasnow|30/100
|
|-weather|Hail|[upkeep]
|-damage|p1a: Feral|31/100|[from] Hail
|upkeep
|turn|4
|
|t:|1704999415
|switch|p1a: Tyratina|Tyranitar, F, shiny|100/100
|-damage|p1a: Tyratina|88/100|[from] Stealth Rock
|-weather|Sandstorm|[from] ability: Sand Stream|[of] p1a: Tyratina
|move|p2a: Abomasnow|Hidden Power|p1a: Tyratina
|-resisted|p1a: Tyratina
|-damage|p1a: Tyratina|85/100
|
|-weather|Sandstorm|[upkeep]
|-damage|p2a: Abomasnow|24/100|[from] Sandstorm
|upkeep
|turn|5
|inactive|XP3R1 has 120 seconds left.
|
|t:|1704999454
|switch|p1a: Good Boy|Landorus-Therian, M|100/100
|-damage|p1a: Good Boy|88/100|[from] Stealth Rock
|-ability|p1a: Good Boy|Intimidate|boost
|-unboost|p2a: Abomasnow|atk|1
|move|p2a: Abomasnow|Wood Hammer|p1a: Good Boy
|-crit|p1a: Good Boy
|-damage|p1a: Good Boy|0 fnt
|faint|p1a: Good Boy
|-damage|p2a: Abomasnow|0 fnt|[from] Recoil
|faint|p2a: Abomasnow
|
|-weather|Sandstorm|[upkeep]
|upkeep
|inactive|XP3R1 has 90 seconds left.
|
|t:|1704999497
|switch|p1a: Don|Slowbro, M, shiny|100/100
|switch|p2a: Politoed|Politoed, F|100/100
|-damage|p2a: Politoed|88/100|[from] Stealth Rock
|-weather|RainDance|[from] ability: Drizzle|[of] p2a: Politoed
|-damage|p1a: Don|88/100|[from] Stealth Rock
|turn|6
|
|t:|1704999500
|move|p2a: Politoed|Toxic|p1a: Don
|-status|p1a: Don|tox
|move|p1a: Don|Toxic|p2a: Politoed
|-status|p2a: Politoed|tox
|
|-weather|RainDance|[upkeep]
|-heal|p2a: Politoed|94/100 tox|[from] item: Leftovers
|-heal|p1a: Don|94/100 tox|[from] item: Leftovers
|-damage|p2a: Politoed|88/100 tox|[from] psn
|-damage|p1a: Don|88/100 tox|[from] psn
|upkeep
|turn|7
|
|t:|1704999520
|move|p2a: Politoed|Scald|p1a: Don
|-resisted|p1a: Don
|-damage|p1a: Don|67/100 tox
|move|p1a: Don|Scald|p2a: Politoed
|-resisted|p2a: Politoed
|-damage|p2a: Politoed|67/100 tox
|
|-weather|RainDance|[upkeep]
|-heal|p2a: Politoed|73/100 tox|[from] item: Leftovers
|-heal|p1a: Don|73/100 tox|[from] item: Leftovers
|-damage|p2a: Politoed|61/100 tox|[from] psn
|-damage|p1a: Don|61/100 tox|[from] psn
|upkeep
|turn|8
|
|t:|1704999523
|switch|p1a: Your Ruin|Reuniclus, M, shiny|100/100
|move|p2a: Politoed|Scald|p1a: Your Ruin
|-damage|p1a: Your Ruin|67/100
|
|-weather|RainDance|[upkeep]
|-heal|p2a: Politoed|67/100 tox|[from] item: Leftovers
|-heal|p1a: Your Ruin|73/100|[from] item: Leftovers
|-damage|p2a: Politoed|48/100 tox|[from] psn
|upkeep
|turn|9
|
|t:|1704999531
|move|p2a: Politoed|Scald|p1a: Your Ruin
|-damage|p1a: Your Ruin|39/100
|move|p1a: Your Ruin|Recover|p1a: Your Ruin
|-heal|p1a: Your Ruin|90/100
|
|-weather|RainDance|[upkeep]
|-heal|p2a: Politoed|54/100 tox|[from] item: Leftovers
|-heal|p1a: Your Ruin|96/100|[from] item: Leftovers
|-damage|p2a: Politoed|29/100 tox|[from] psn
|upkeep
|turn|10
|
|t:|1704999534
|move|p2a: Politoed|Encore|p1a: Your Ruin
|-start|p1a: Your Ruin|Encore
|move|p1a: Your Ruin|Recover|p1a: Your Ruin
|-heal|p1a: Your Ruin|100/100
|
|-weather|RainDance|[upkeep]
|-heal|p2a: Politoed|36/100 tox|[from] item: Leftovers
|-damage|p2a: Politoed|4/100 tox|[from] psn
|upkeep
|turn|11
|
|t:|1704999553
|switch|p2a: Keldeo|Keldeo-Resolute|100/100
|-damage|p2a: Keldeo|94/100|[from] Stealth Rock
|switch|p1a: Tyratina|Tyranitar, F, shiny|85/100
|-damage|p1a: Tyratina|72/100|[from] Stealth Rock
|-weather|Sandstorm|[from] ability: Sand Stream|[of] p1a: Tyratina
|
|-weather|Sandstorm|[upkeep]
|-damage|p2a: Keldeo|88/100|[from] Sandstorm
|upkeep
|turn|12
|
|t:|1704999569
|switch|p1a: Your Ruin|Reuniclus, M, shiny|100/100
|move|p2a: Keldeo|Hydro Pump|p1a: Your Ruin
|-damage|p1a: Your Ruin|22/100
|
|-weather|Sandstorm|[upkeep]
|-damage|p2a: Keldeo|82/100|[from] Sandstorm
|-heal|p1a: Your Ruin|28/100|[from] item: Leftovers
|upkeep
|turn|13
|
|t:|1704999582
|move|p2a: Keldeo|Hydro Pump|p1a: Your Ruin
|-damage|p1a: Your Ruin|0 fnt
|faint|p1a: Your Ruin
|
|-weather|Sandstorm|[upkeep]
|-damage|p2a: Keldeo|76/100|[from] Sandstorm
|upkeep
|
|t:|1704999587
|switch|p1a: Tyratina|Tyranitar, F, shiny|72/100
|-damage|p1a: Tyratina|60/100|[from] Stealth Rock
|turn|14
|
|t:|1704999590
|move|p2a: Keldeo|Hydro Pump|p1a: Tyratina
|-supereffective|p1a: Tyratina
|-damage|p1a: Tyratina|0 fnt
|faint|p1a: Tyratina
|
|-weather|Sandstorm|[upkeep]
|-damage|p2a: Keldeo|70/100|[from] Sandstorm
|upkeep
|inactive|XP3R1 has 120 seconds left.
|
|t:|1704999596
|switch|p1a: Feral|Ferrothorn, M, shiny|31/100
|-damage|p1a: Feral|24/100|[from] Stealth Rock
|turn|15
|
|t:|1704999603
|switch|p2a: Landorus|Landorus-Therian, M|90/100
|-damage|p2a: Landorus|78/100|[from] Stealth Rock
|-ability|p2a: Landorus|Intimidate|boost
|-unboost|p1a: Feral|atk|1
|move|p1a: Feral|Seed Bomb|p2a: Landorus
|-damage|p2a: Landorus|57/100
|
|-weather|Sandstorm|[upkeep]
|upkeep
|turn|16
|
|t:|1704999610
|move|p2a: Landorus|Earthquake|p1a: Feral
|-damage|p1a: Feral|0 fnt
|faint|p1a: Feral
|
|-weather|Sandstorm|[upkeep]
|upkeep
|
|t:|1704999620
|switch|p1a: Don|Slowbro, M, shiny|94/100 tox
|-damage|p1a: Don|82/100 tox|[from] Stealth Rock
|turn|17
|
|t:|1704999627
|switch|p2a: Starmie|Starmie|100/100
|-damage|p2a: Starmie|88/100|[from] Stealth Rock
|move|p1a: Don|Scald|p2a: Starmie
|-resisted|p2a: Starmie
|-damage|p2a: Starmie|65/100
|-status|p2a: Starmie|brn
|
|-weather|Sandstorm|[upkeep]
|-damage|p2a: Starmie|59/100 brn|[from] Sandstorm
|-damage|p1a: Don|76/100 tox|[from] Sandstorm
|-heal|p1a: Don|82/100 tox|[from] item: Leftovers
|-damage|p1a: Don|76/100 tox|[from] psn
|-damage|p2a: Starmie|47/100 brn|[from] brn
|upkeep
|turn|18
|
|t:|1704999633
|switch|p1a: Scyzera|Scizor, F, shiny|100/100
|-damage|p1a: Scyzera|88/100|[from] Stealth Rock
|move|p2a: Starmie|Grass Knot|p1a: Scyzera
|-resisted|p1a: Scyzera
|-crit|p1a: Scyzera
|-damage|p1a: Scyzera|59/100
|-damage|p2a: Starmie|37/100 brn|[from] item: Life Orb
|
|-weather|Sandstorm|[upkeep]
|-damage|p2a: Starmie|31/100 brn|[from] Sandstorm
|-damage|p2a: Starmie|19/100 brn|[from] brn
|upkeep
|turn|19
|
|t:|1704999636
|move|p1a: Scyzera|Bullet Punch|p2a: Starmie
|-resisted|p2a: Starmie
|-crit|p2a: Starmie
|-damage|p2a: Starmie|0 fnt
|faint|p2a: Starmie
|-damage|p1a: Scyzera|49/100|[from] item: Life Orb
|
|-weather|Sandstorm|[upkeep]
|upkeep
|
|t:|1704999646
|switch|p2a: Keldeo|Keldeo-Resolute|70/100
|-damage|p2a: Keldeo|63/100|[from] Stealth Rock
|turn|20
|
|t:|1704999650
|move|p1a: Scyzera|Bullet Punch|p2a: Keldeo
|-resisted|p2a: Keldeo
|-damage|p2a: Keldeo|39/100
|-damage|p1a: Scyzera|39/100|[from] item: Life Orb
|move|p2a: Keldeo|Hydro Pump|p1a: Scyzera
|-damage|p1a: Scyzera|0 fnt
|faint|p1a: Scyzera
|
|-weather|Sandstorm|[upkeep]
|-damage|p2a: Keldeo|33/100|[from] Sandstorm
|upkeep
|
|t:|1704999653
|switch|p1a: Don|Slowbro, M, shiny|100/100 tox
|-damage|p1a: Don|88/100 tox|[from] Stealth Rock
|turn|21
|
|t:|1704999662
|switch|p2a: Politoed|Politoed, F|4/100 tox
|-damage|p2a: Politoed|0 fnt|[from] Stealth Rock
|faint|p2a: Politoed
|move|p1a: Don|Scald|p2: Politoed|[notarget]
|-fail|p1a: Don
|
|-weather|Sandstorm|[upkeep]
|-damage|p1a: Don|82/100 tox|[from] Sandstorm
|-heal|p1a: Don|88/100 tox|[from] item: Leftovers
|-damage|p1a: Don|82/100 tox|[from] psn
|upkeep
|
|t:|1704999664
|switch|p2a: Landorus|Landorus-Therian, M|57/100
|-damage|p2a: Landorus|45/100|[from] Stealth Rock
|-ability|p2a: Landorus|Intimidate|boost
|-unboost|p1a: Don|atk|1
|turn|22
|
|t:|1704999665
|move|p2a: Landorus|Explosion|p1a: Don
|-damage|p1a: Don|18/100 tox
|faint|p2a: Landorus
|move|p1a: Don|Scald|p2: Landorus|[notarget]
|-fail|p1a: Don
|
|-weather|Sandstorm|[upkeep]
|-damage|p1a: Don|12/100 tox|[from] Sandstorm
|-heal|p1a: Don|18/100 tox|[from] item: Leftovers
|-damage|p1a: Don|6/100 tox|[from] psn
|upkeep
|
|t:|1704999668
|switch|p2a: Keldeo|Keldeo-Resolute|33/100
|-damage|p2a: Keldeo|27/100|[from] Stealth Rock
|turn|23
|-message|XP3R1 forfeited.
|
|win|sidis
|raw|XP3R1's rating: 1345 &rarr; <strong>1322</strong><br />(-23 for losing)
|raw|sidis's rating: 1287 &rarr; <strong>1316</strong><br />(+29 for winning)
|l|☆XP3R1
|player|p1|
