|join|Princess Deluks917
|join|Yanmigo
|player|p1|Princess Deluks917|170
|player|p2|Yanmigo|167
|gametype|singles
|gen|5
|tier|[Gen 5] OU
|rated
|rule|Evasion Abilities Clause: Evasion abilities are banned
|clearpoke
|poke|p1|Politoed, M
|poke|p1|Chansey, F
|poke|p1|Gliscor, F
|poke|p1|Tentacruel, F
|poke|p1|Skarmory, M
|poke|p1|Gothitelle, M
|poke|p2|Slowbro, F
|poke|p2|Amoonguss, F
|poke|p2|Blissey, F
|poke|p2|Hippowdon, M
|poke|p2|Forretress, M
|poke|p2|Landorus-Therian, M
|rule|Sleep Clause Mod: Limit one foe put to sleep
|rule|Species Clause: Limit one of each Pokémon
|rule|OHKO Clause: OHKO moves are banned
|rule|Moody Clause: Moody is banned
|rule|Evasion Moves Clause: Evasion moves are banned
|rule|Endless Battle Clause: Forcing endless battles is banned
|rule|HP Percentage Mod: HP is shown in percentages
|teampreview
|c|★Princess Deluks917|gl
|
|start
|switch|p1a: Skarmory|Skarmory, M|334/334
|switch|p2a: Landorus-Therian|Landorus-Therian, M|320/320
|-ability|p2a: Landorus-Therian|Intimidate|[of] p1a: Skarmory
|-unboost|p1a: Skarmory|atk|1
|turn|1
|
|move|p2a: Landorus-Therian|U-turn|p1a: Skarmory
|-resisted|p1a: Skarmory
|-damage|p1a: Skarmory|322/334
|
|switch|p2a: Forretress|Forretress, M|354/354
|move|p1a: Skarmory|Spikes|p2a: Forretress
|-sidestart|p2: Yanmigo|Spikes
|
|turn|2
|
|switch|p1a: Gothitelle|Gothitelle, M|323/323
|move|p2a: Forretress|Rapid Spin|p1a: Gothitelle
|-damage|p1a: Gothitelle|307/323
|-sideend|p2: Yanmigo|Spikes|[from] move: Rapid Spin|[of] p2a: Forretress
|
|turn|3
|
|move|p1a: Gothitelle|Thunderbolt|p2a: Forretress
|-damage|p2a: Forretress|140/354
|move|p2a: Forretress|Volt Switch|p1a: Gothitelle
|-damage|p1a: Gothitelle|270/323
|
|switch|p2a: Hippowdon|Hippowdon, M|378/378
|-weather|Sandstorm|[from] ability: Sand Stream|[of] p2a: Hippowdon
|
|-weather|Sandstorm|[upkeep]
|-damage|p1a: Gothitelle|250/323|[from] sandstorm
|turn|4
|
|switch|p1a: Skarmory|Skarmory, M|322/334
|move|p2a: Hippowdon|Toxic|p1a: Skarmory|[miss]
|-miss|p2a: Hippowdon|p1a: Skarmory
|
|-weather|Sandstorm|[upkeep]
|turn|5
|
|switch|p2a: Blissey|Blissey, F|714/714
|move|p1a: Skarmory|Spikes|p2a: Blissey
|-sidestart|p2: Yanmigo|Spikes
|
|-weather|Sandstorm|[upkeep]
|-damage|p2a: Blissey|670/714|[from] sandstorm
|-heal|p2a: Blissey|714/714|[from] item: Leftovers
|turn|6
|
|move|p1a: Skarmory|Spikes|p2a: Blissey
|-sidestart|p2: Yanmigo|Spikes
|move|p2a: Blissey|Thunder Wave|p1a: Skarmory
|-status|p1a: Skarmory|par
|
|-weather|Sandstorm|[upkeep]
|-damage|p2a: Blissey|670/714|[from] sandstorm
|-heal|p2a: Blissey|714/714|[from] item: Leftovers
|turn|7
|
|move|p2a: Blissey|Stealth Rock|p1a: Skarmory
|-sidestart|p1: Princess Deluks917|move: Stealth Rock
|move|p1a: Skarmory|Spikes|p2a: Blissey
|-sidestart|p2: Yanmigo|Spikes
|
|-weather|Sandstorm|[upkeep]
|-damage|p2a: Blissey|670/714|[from] sandstorm
|-heal|p2a: Blissey|714/714|[from] item: Leftovers
|turn|8
|
|switch|p2a: Landorus-Therian|Landorus-Therian, M|320/320
|-ability|p2a: Landorus-Therian|Intimidate|[of] p1a: Skarmory
|-unboost|p1a: Skarmory|atk|1
|switch|p1a: Politoed|Politoed, M|384/384
|-damage|p1a: Politoed|336/384|[from] Stealth Rock
|-weather|RainDance|[from] ability: Drizzle|[of] p1a: Politoed
|
|-weather|RainDance|[upkeep]
|-heal|p1a: Politoed|360/384|[from] item: Leftovers
|turn|9
|
|move|p2a: Landorus-Therian|U-turn|p1a: Politoed
|-crit|p1a: Politoed
|-damage|p1a: Politoed|214/384
|
|switch|p2a: Amoonguss|Amoonguss, F|432/432
|-damage|p2a: Amoonguss|324/432|[from] Spikes
|move|p1a: Politoed|Scald|p2a: Amoonguss
|-resisted|p2a: Amoonguss
|-damage|p2a: Amoonguss|265/432
|
|-weather|RainDance|[upkeep]
|-heal|p1a: Politoed|238/384|[from] item: Leftovers
|-heal|p2a: Amoonguss|292/432|[from] item: Black Sludge
|turn|10
|
|move|p1a: Politoed|Protect|p1a: Politoed
|-singleturn|p1a: Politoed|Protect
|move|p2a: Amoonguss|Spore|p1a: Politoed
|-activate|p1a: Politoed|Protect
|
|-weather|RainDance|[upkeep]
|-heal|p1a: Politoed|262/384|[from] item: Leftovers
|-heal|p2a: Amoonguss|319/432|[from] item: Black Sludge
|turn|11
|
|switch|p1a: Skarmory|Skarmory, M|322/334 par
|-damage|p1a: Skarmory|281/334 par|[from] Stealth Rock
|move|p2a: Amoonguss|Giga Drain|p1a: Skarmory
|-resisted|p1a: Skarmory
|-damage|p1a: Skarmory|257/334 par
|-heal|p2a: Amoonguss|331/432|[from] drain|[of] p1a: Skarmory
|
|-weather|RainDance|[upkeep]
|-heal|p2a: Amoonguss|358/432|[from] item: Black Sludge
|turn|12
|
|switch|p2a: Slowbro|Slowbro, F|394/394
|-damage|p2a: Slowbro|296/394|[from] Spikes
|cant|p1a: Skarmory|par
|
|-weather|RainDance|[upkeep]
|-heal|p2a: Slowbro|320/394|[from] item: Leftovers
|turn|13
|
|switch|p1a: Chansey|Chansey, F|642/642
|-damage|p1a: Chansey|562/642|[from] Stealth Rock
|move|p2a: Slowbro|Scald|p1a: Chansey
|-damage|p1a: Chansey|492/642
|
|-weather|RainDance|[upkeep]
|-heal|p2a: Slowbro|344/394|[from] item: Leftovers
|turn|14
|
|switch|p2a: Hippowdon|Hippowdon, M|378/378
|-damage|p2a: Hippowdon|284/378|[from] Spikes
|-weather|Sandstorm|[from] ability: Sand Stream|[of] p2a: Hippowdon
|move|p1a: Chansey|Wish|p1a: Chansey
|
|-weather|Sandstorm|[upkeep]
|-damage|p1a: Chansey|452/642|[from] sandstorm
|turn|15
|
|move|p2a: Hippowdon|Earthquake|p1a: Chansey
|-damage|p1a: Chansey|256/642
|move|p1a: Chansey|Toxic|p2a: Hippowdon|[miss]
|-miss|p1a: Chansey|p2a: Hippowdon
|
|-weather|Sandstorm|[upkeep]
|-damage|p1a: Chansey|216/642|[from] sandstorm
|-heal|p1a: Chansey|537/642|[from] move: Wish|[wisher] Chansey
|turn|16
|c|★Princess Deluks917|lag
|c|★Princess Deluks917|lag
|c|★Princess Deluks917|test
|
|switch|p1a: Skarmory|Skarmory, M|257/334 par
|-damage|p1a: Skarmory|216/334 par|[from] Stealth Rock
|move|p2a: Hippowdon|Earthquake|p1a: Skarmory
|-immune|p1a: Skarmory|[msg]
|
|-weather|Sandstorm|[upkeep]
|turn|17
|
|move|p1a: Skarmory|Roost|p1a: Skarmory
|-heal|p1a: Skarmory|334/334 par
|move|p2a: Hippowdon|Roar|p1a: Skarmory
|drag|p1a: Gliscor|Gliscor, F|354/354
|-damage|p1a: Gliscor|310/354|[from] Stealth Rock
|
|-weather|Sandstorm|[upkeep]
|-status|p1a: Gliscor|tox|[from] item: Toxic Orb
|turn|18
|
|move|p1a: Gliscor|Stealth Rock|p2a: Hippowdon
|-sidestart|p2: Yanmigo|move: Stealth Rock
|move|p2a: Hippowdon|Slack Off|p2a: Hippowdon
|-heal|p2a: Hippowdon|378/378
|
|-weather|Sandstorm|[upkeep]
|-heal|p1a: Gliscor|354/354 tox|[from] ability: Poison Heal
|turn|19
|
|move|p1a: Gliscor|Toxic|p2a: Hippowdon
|-status|p2a: Hippowdon|tox
|move|p2a: Hippowdon|Roar|p1a: Gliscor
|drag|p1a: Tentacruel|Tentacruel, F|363/363
|-damage|p1a: Tentacruel|318/363|[from] Stealth Rock
|
|-weather|Sandstorm|[upkeep]
|-damage|p1a: Tentacruel|296/363|[from] sandstorm
|-heal|p1a: Tentacruel|318/363|[from] item: Leftovers
|-damage|p2a: Hippowdon|355/378 tox|[from] psn
|turn|20
|
|move|p1a: Tentacruel|Protect|p1a: Tentacruel
|-singleturn|p1a: Tentacruel|Protect
|move|p2a: Hippowdon|Earthquake|p1a: Tentacruel
|-activate|p1a: Tentacruel|Protect
|
|-weather|Sandstorm|[upkeep]
|-damage|p1a: Tentacruel|296/363|[from] sandstorm
|-heal|p1a: Tentacruel|318/363|[from] item: Leftovers
|-damage|p2a: Hippowdon|309/378 tox|[from] psn
|turn|21
|
|switch|p1a: Skarmory|Skarmory, M|334/334 par
|-damage|p1a: Skarmory|293/334 par|[from] Stealth Rock
|switch|p2a: Amoonguss|Amoonguss, F|432/432
|-damage|p2a: Amoonguss|378/432|[from] Stealth Rock
|-damage|p2a: Amoonguss|270/432|[from] Spikes
|
|-weather|Sandstorm|[upkeep]
|-damage|p2a: Amoonguss|243/432|[from] sandstorm
|-heal|p2a: Amoonguss|270/432|[from] item: Black Sludge
|turn|22
|
|move|p2a: Amoonguss|Giga Drain|p1a: Skarmory
|-resisted|p1a: Skarmory
|-damage|p1a: Skarmory|269/334 par
|-heal|p2a: Amoonguss|282/432|[from] drain|[of] p1a: Skarmory
|cant|p1a: Skarmory|par
|
|-weather|Sandstorm|[upkeep]
|-damage|p2a: Amoonguss|255/432|[from] sandstorm
|-heal|p2a: Amoonguss|282/432|[from] item: Black Sludge
|turn|23
|
|switch|p2a: Slowbro|Slowbro, F|394/394
|-damage|p2a: Slowbro|345/394|[from] Stealth Rock
|-damage|p2a: Slowbro|247/394|[from] Spikes
|move|p1a: Skarmory|Roost|p1a: Skarmory
|-heal|p1a: Skarmory|334/334 par
|
|-weather|Sandstorm|[upkeep]
|-damage|p2a: Slowbro|223/394|[from] sandstorm
|-heal|p2a: Slowbro|247/394|[from] item: Leftovers
|turn|24
|
|switch|p2a: Landorus-Therian|Landorus-Therian, M|320/320
|-damage|p2a: Landorus-Therian|280/320|[from] Stealth Rock
|-ability|p2a: Landorus-Therian|Intimidate|[of] p1a: Skarmory
|-unboost|p1a: Skarmory|atk|1
|switch|p1a: Chansey|Chansey, F|537/642
|-damage|p1a: Chansey|457/642|[from] Stealth Rock
|
|-weather|Sandstorm|[upkeep]
|-damage|p1a: Chansey|417/642|[from] sandstorm
|turn|25
|
|switch|p1a: Skarmory|Skarmory, M|334/334 par
|-damage|p1a: Skarmory|293/334 par|[from] Stealth Rock
|move|p2a: Landorus-Therian|Superpower|p1a: Skarmory
|-damage|p1a: Skarmory|212/334 par
|-unboost|p2a: Landorus-Therian|atk|1
|-unboost|p2a: Landorus-Therian|def|1
|
|-weather|Sandstorm|[upkeep]
|turn|26
|
|switch|p2a: Forretress|Forretress, M|140/354
|-damage|p2a: Forretress|96/354|[from] Stealth Rock
|-damage|p2a: Forretress|8/354|[from] Spikes
|move|p1a: Skarmory|Roost|p1a: Skarmory
|-heal|p1a: Skarmory|334/334 par
|
|-weather|Sandstorm|[upkeep]
|-heal|p2a: Forretress|30/354|[from] item: Leftovers
|turn|27
|
|move|p2a: Forretress|Rapid Spin|p1a: Skarmory
|-resisted|p1a: Skarmory
|-damage|p1a: Skarmory|330/334 par
|-sideend|p2: Yanmigo|Spikes|[from] move: Rapid Spin|[of] p2a: Forretress
|-sideend|p2: Yanmigo|Stealth Rock|[from] move: Rapid Spin|[of] p2a: Forretress
|move|p1a: Skarmory|Brave Bird|p2a: Forretress
|-damage|p2a: Forretress|0 fnt
|-damage|p1a: Skarmory|320/334 par|[from] recoil|[of] p2a: Forretress
|faint|p2a: Forretress
|
|-weather|Sandstorm|[upkeep]
|
|switch|p2a: Slowbro|Slowbro, F|378/394
|turn|28
|
|switch|p1a: Chansey|Chansey, F|417/642
|-damage|p1a: Chansey|337/642|[from] Stealth Rock
|move|p2a: Slowbro|Fire Blast|p1a: Chansey|[miss]
|-miss|p2a: Slowbro|p1a: Chansey
|
|-weather|Sandstorm|[upkeep]
|-damage|p1a: Chansey|297/642|[from] sandstorm
|-damage|p2a: Slowbro|354/394|[from] sandstorm
|-heal|p2a: Slowbro|378/394|[from] item: Leftovers
|turn|29
|
|move|p1a: Chansey|Soft-Boiled|p1a: Chansey
|-heal|p1a: Chansey|618/642
|move|p2a: Slowbro|Psyshock|p1a: Chansey
|-damage|p1a: Chansey|485/642
|
|-weather|Sandstorm|[upkeep]
|-damage|p1a: Chansey|445/642|[from] sandstorm
|-damage|p2a: Slowbro|354/394|[from] sandstorm
|-heal|p2a: Slowbro|378/394|[from] item: Leftovers
|turn|30
|
|move|p1a: Chansey|Toxic|p2a: Slowbro|[miss]
|-miss|p1a: Chansey|p2a: Slowbro
|move|p2a: Slowbro|Scald|p1a: Chansey
|-damage|p1a: Chansey|397/642
|
|-weather|Sandstorm|[upkeep]
|-damage|p1a: Chansey|357/642|[from] sandstorm
|-damage|p2a: Slowbro|354/394|[from] sandstorm
|-heal|p2a: Slowbro|378/394|[from] item: Leftovers
|turn|31
|
|move|p1a: Chansey|Soft-Boiled|p1a: Chansey
|-heal|p1a: Chansey|642/642
|move|p2a: Slowbro|Scald|p1a: Chansey
|-damage|p1a: Chansey|593/642
|
|-weather|Sandstorm|[upkeep]
|-damage|p1a: Chansey|553/642|[from] sandstorm
|-damage|p2a: Slowbro|354/394|[from] sandstorm
|-heal|p2a: Slowbro|378/394|[from] item: Leftovers
|turn|32
|
|move|p1a: Chansey|Toxic|p2a: Slowbro
|-status|p2a: Slowbro|tox
|move|p2a: Slowbro|Scald|p1a: Chansey
|-damage|p1a: Chansey|499/642
|
|-weather|Sandstorm|[upkeep]
|-damage|p1a: Chansey|459/642|[from] sandstorm
|-damage|p2a: Slowbro|354/394 tox|[from] sandstorm
|-heal|p2a: Slowbro|378/394 tox|[from] item: Leftovers
|-damage|p2a: Slowbro|354/394 tox|[from] psn
|turn|33
|
|switch|p2a: Landorus-Therian|Landorus-Therian, M|280/320
|-ability|p2a: Landorus-Therian|Intimidate|[of] p1a: Chansey
|-unboost|p1a: Chansey|atk|1
|move|p1a: Chansey|Soft-Boiled|p1a: Chansey
|-heal|p1a: Chansey|642/642
|
|-weather|Sandstorm|[upkeep]
|-damage|p1a: Chansey|602/642|[from] sandstorm
|turn|34
|
|switch|p1a: Skarmory|Skarmory, M|320/334 par
|-damage|p1a: Skarmory|279/334 par|[from] Stealth Rock
|move|p2a: Landorus-Therian|U-turn|p1a: Skarmory
|-resisted|p1a: Skarmory
|-damage|p1a: Skarmory|266/334 par
|
|switch|p2a: Slowbro|Slowbro, F|394/394 tox
|
|-weather|Sandstorm|[upkeep]
|-damage|p2a: Slowbro|370/394 tox|[from] sandstorm
|-heal|p2a: Slowbro|394/394 tox|[from] item: Leftovers
|-damage|p2a: Slowbro|370/394 tox|[from] psn
|turn|35
|
|switch|p1a: Chansey|Chansey, F|602/642
|-damage|p1a: Chansey|522/642|[from] Stealth Rock
|move|p2a: Slowbro|Fire Blast|p1a: Chansey
|-damage|p1a: Chansey|474/642
|
|-weather|Sandstorm|[upkeep]
|-damage|p1a: Chansey|434/642|[from] sandstorm
|-damage|p2a: Slowbro|346/394 tox|[from] sandstorm
|-heal|p2a: Slowbro|370/394 tox|[from] item: Leftovers
|-damage|p2a: Slowbro|322/394 tox|[from] psn
|turn|36
|
|move|p1a: Chansey|Soft-Boiled|p1a: Chansey
|-heal|p1a: Chansey|642/642
|move|p2a: Slowbro|Scald|p1a: Chansey
|-damage|p1a: Chansey|591/642
|-status|p1a: Chansey|brn
|
|-weather|Sandstorm|[upkeep]
|-damage|p1a: Chansey|551/642 brn|[from] sandstorm
|-damage|p2a: Slowbro|298/394 tox|[from] sandstorm
|-heal|p2a: Slowbro|322/394 tox|[from] item: Leftovers
|-damage|p1a: Chansey|471/642 brn|[from] brn
|-damage|p2a: Slowbro|250/394 tox|[from] psn
|turn|37
|
|switch|p1a: Politoed|Politoed, M|262/384
|-damage|p1a: Politoed|214/384|[from] Stealth Rock
|-weather|RainDance|[from] ability: Drizzle|[of] p1a: Politoed
|move|p2a: Slowbro|Psyshock|p1a: Politoed
|-damage|p1a: Politoed|127/384
|
|-weather|RainDance|[upkeep]
|-heal|p1a: Politoed|151/384|[from] item: Leftovers
|-heal|p2a: Slowbro|274/394 tox|[from] item: Leftovers
|-damage|p2a: Slowbro|178/394 tox|[from] psn
|turn|38
|
|switch|p2a: Blissey|Blissey, F|714/714
|move|p1a: Politoed|Protect|p1a: Politoed
|-fail|p1a: Politoed
|
|-weather|RainDance|[upkeep]
|-heal|p1a: Politoed|175/384|[from] item: Leftovers
|turn|39
|
|switch|p1a: Chansey|Chansey, F|471/642
|-damage|p1a: Chansey|391/642|[from] Stealth Rock
|move|p2a: Blissey|Seismic Toss|p1a: Chansey
|-damage|p1a: Chansey|291/642
|
|-weather|RainDance|[upkeep]
|turn|40
|
|switch|p2a: Hippowdon|Hippowdon, M|309/378 tox
|-weather|Sandstorm|[from] ability: Sand Stream|[of] p2a: Hippowdon
|move|p1a: Chansey|Soft-Boiled|p1a: Chansey
|-heal|p1a: Chansey|612/642
|
|-weather|Sandstorm|[upkeep]
|-damage|p1a: Chansey|572/642|[from] sandstorm
|-damage|p2a: Hippowdon|286/378 tox|[from] psn
|turn|41
|
|switch|p2a: Landorus-Therian|Landorus-Therian, M|280/320
|-ability|p2a: Landorus-Therian|Intimidate|[of] p1a: Chansey
|-unboost|p1a: Chansey|atk|1
|switch|p1a: Gliscor|Gliscor, F|354/354 tox
|-damage|p1a: Gliscor|310/354 tox|[from] Stealth Rock
|
|-weather|Sandstorm|[upkeep]
|-heal|p1a: Gliscor|354/354 tox|[from] ability: Poison Heal
|turn|42
|
|switch|p2a: Slowbro|Slowbro, F|309/394 tox
|switch|p1a: Skarmory|Skarmory, M|266/334 par
|-damage|p1a: Skarmory|225/334 par|[from] Stealth Rock
|
|-weather|Sandstorm|[upkeep]
|-damage|p2a: Slowbro|285/394 tox|[from] sandstorm
|-heal|p2a: Slowbro|309/394 tox|[from] item: Leftovers
|-damage|p2a: Slowbro|285/394 tox|[from] psn
|turn|43
|
|switch|p1a: Chansey|Chansey, F|572/642
|-damage|p1a: Chansey|492/642|[from] Stealth Rock
|move|p2a: Slowbro|Scald|p1a: Chansey
|-damage|p1a: Chansey|440/642
|-status|p1a: Chansey|brn
|
|-weather|Sandstorm|[upkeep]
|-damage|p1a: Chansey|400/642 brn|[from] sandstorm
|-damage|p2a: Slowbro|261/394 tox|[from] sandstorm
|-heal|p2a: Slowbro|285/394 tox|[from] item: Leftovers
|-damage|p1a: Chansey|320/642 brn|[from] brn
|-damage|p2a: Slowbro|237/394 tox|[from] psn
|turn|44
|
|switch|p2a: Landorus-Therian|Landorus-Therian, M|280/320
|-ability|p2a: Landorus-Therian|Intimidate|[of] p1a: Chansey
|-unboost|p1a: Chansey|atk|1
|move|p1a: Chansey|Soft-Boiled|p1a: Chansey
|-heal|p1a: Chansey|641/642 brn
|
|-weather|Sandstorm|[upkeep]
|-damage|p1a: Chansey|601/642 brn|[from] sandstorm
|-damage|p1a: Chansey|521/642 brn|[from] brn
|turn|45
|
|switch|p1a: Skarmory|Skarmory, M|225/334 par
|-damage|p1a: Skarmory|184/334 par|[from] Stealth Rock
|move|p2a: Landorus-Therian|U-turn|p1a: Skarmory
|-resisted|p1a: Skarmory
|-damage|p1a: Skarmory|170/334 par
|
|switch|p2a: Slowbro|Slowbro, F|368/394 tox
|
|-weather|Sandstorm|[upkeep]
|-damage|p2a: Slowbro|344/394 tox|[from] sandstorm
|-heal|p2a: Slowbro|368/394 tox|[from] item: Leftovers
|-damage|p2a: Slowbro|344/394 tox|[from] psn
|turn|46
|
|switch|p1a: Chansey|Chansey, F|521/642
|-damage|p1a: Chansey|441/642|[from] Stealth Rock
|move|p2a: Slowbro|Scald|p1a: Chansey
|-damage|p1a: Chansey|390/642
|
|-weather|Sandstorm|[upkeep]
|-damage|p1a: Chansey|350/642|[from] sandstorm
|-damage|p2a: Slowbro|320/394 tox|[from] sandstorm
|-heal|p2a: Slowbro|344/394 tox|[from] item: Leftovers
|-damage|p2a: Slowbro|296/394 tox|[from] psn
|turn|47
|
|move|p1a: Chansey|Soft-Boiled|p1a: Chansey
|-heal|p1a: Chansey|642/642
|move|p2a: Slowbro|Scald|p1a: Chansey
|-damage|p1a: Chansey|596/642
|-status|p1a: Chansey|brn
|
|-weather|Sandstorm|[upkeep]
|-damage|p1a: Chansey|556/642 brn|[from] sandstorm
|-damage|p2a: Slowbro|272/394 tox|[from] sandstorm
|-heal|p2a: Slowbro|296/394 tox|[from] item: Leftovers
|-damage|p1a: Chansey|476/642 brn|[from] brn
|-damage|p2a: Slowbro|224/394 tox|[from] psn
|turn|48
|
|move|p1a: Chansey|Wish|p1a: Chansey
|move|p2a: Slowbro|Scald|p1a: Chansey
|-damage|p1a: Chansey|424/642 brn
|
|-weather|Sandstorm|[upkeep]
|-damage|p1a: Chansey|384/642 brn|[from] sandstorm
|-damage|p2a: Slowbro|200/394 tox|[from] sandstorm
|-heal|p2a: Slowbro|224/394 tox|[from] item: Leftovers
|-damage|p1a: Chansey|304/642 brn|[from] brn
|-damage|p2a: Slowbro|128/394 tox|[from] psn
|turn|49
|
|move|p1a: Chansey|Seismic Toss|p2a: Slowbro
|-damage|p2a: Slowbro|28/394 tox
|move|p2a: Slowbro|Scald|p1a: Chansey
|-damage|p1a: Chansey|259/642 brn
|
|-weather|Sandstorm|[upkeep]
|-damage|p1a: Chansey|219/642 brn|[from] sandstorm
|-damage|p2a: Slowbro|4/394 tox|[from] sandstorm
|-heal|p1a: Chansey|540/642 brn|[from] move: Wish|[wisher] Chansey
|-heal|p2a: Slowbro|28/394 tox|[from] item: Leftovers
|-damage|p1a: Chansey|460/642 brn|[from] brn
|-damage|p2a: Slowbro|0 fnt|[from] psn
|faint|p2a: Slowbro
|
|switch|p2a: Landorus-Therian|Landorus-Therian, M|280/320
|-ability|p2a: Landorus-Therian|Intimidate|[of] p1a: Chansey
|-unboost|p1a: Chansey|atk|1
|turn|50
|
|switch|p1a: Skarmory|Skarmory, M|170/334 par
|-damage|p1a: Skarmory|129/334 par|[from] Stealth Rock
|move|p2a: Landorus-Therian|Superpower|p1a: Skarmory
|-damage|p1a: Skarmory|43/334 par
|-unboost|p2a: Landorus-Therian|atk|1
|-unboost|p2a: Landorus-Therian|def|1
|
|-weather|Sandstorm|[upkeep]
|turn|51
|
|move|p2a: Landorus-Therian|Superpower|p1a: Skarmory
|-damage|p1a: Skarmory|0 fnt
|-unboost|p2a: Landorus-Therian|atk|1
|-unboost|p2a: Landorus-Therian|def|1
|faint|p1a: Skarmory
|
|-weather|Sandstorm|[upkeep]
|
|switch|p1a: Gothitelle|Gothitelle, M|250/323
|-damage|p1a: Gothitelle|210/323|[from] Stealth Rock
|turn|52
|
|move|p2a: Landorus-Therian|Superpower|p1a: Gothitelle
|-resisted|p1a: Gothitelle
|-damage|p1a: Gothitelle|172/323
|-unboost|p2a: Landorus-Therian|atk|1
|-unboost|p2a: Landorus-Therian|def|1
|move|p1a: Gothitelle|Grass Knot|p2a: Landorus-Therian
|-damage|p2a: Landorus-Therian|123/320
|
|-weather|Sandstorm|[upkeep]
|-damage|p1a: Gothitelle|152/323|[from] sandstorm
|turn|53
|
|move|p2a: Landorus-Therian|Superpower|p1a: Gothitelle
|-resisted|p1a: Gothitelle
|-damage|p1a: Gothitelle|122/323
|-unboost|p2a: Landorus-Therian|atk|1
|-unboost|p2a: Landorus-Therian|def|1
|move|p1a: Gothitelle|Grass Knot|p2a: Landorus-Therian
|-damage|p2a: Landorus-Therian|0 fnt
|faint|p2a: Landorus-Therian
|
|-weather|Sandstorm|[upkeep]
|-damage|p1a: Gothitelle|102/323|[from] sandstorm
|
|switch|p2a: Amoonguss|Amoonguss, F|426/432
|turn|54
|
|switch|p1a: Gliscor|Gliscor, F|354/354 tox
|-damage|p1a: Gliscor|310/354 tox|[from] Stealth Rock
|move|p2a: Amoonguss|Spore|p1a: Gliscor
|-fail|p1a: Gliscor
|
|-weather|Sandstorm|[upkeep]
|-damage|p2a: Amoonguss|399/432|[from] sandstorm
|-heal|p2a: Amoonguss|426/432|[from] item: Black Sludge
|-heal|p1a: Gliscor|354/354 tox|[from] ability: Poison Heal
|turn|55
|
|move|p1a: Gliscor|Stealth Rock|p2a: Amoonguss
|-sidestart|p2: Yanmigo|move: Stealth Rock
|move|p2a: Amoonguss|Foul Play|p1a: Gliscor
|-damage|p1a: Gliscor|313/354 tox
|
|-weather|Sandstorm|[upkeep]
|-damage|p2a: Amoonguss|399/432|[from] sandstorm
|-heal|p2a: Amoonguss|426/432|[from] item: Black Sludge
|-heal|p1a: Gliscor|354/354 tox|[from] ability: Poison Heal
|turn|56
|
|move|p1a: Gliscor|Earthquake|p2a: Amoonguss
|-damage|p2a: Amoonguss|293/432
|move|p2a: Amoonguss|Giga Drain|p1a: Gliscor
|-damage|p1a: Gliscor|251/354 tox
|-heal|p2a: Amoonguss|345/432|[from] drain|[of] p1a: Gliscor
|
|-weather|Sandstorm|[upkeep]
|-damage|p2a: Amoonguss|318/432|[from] sandstorm
|-heal|p2a: Amoonguss|345/432|[from] item: Black Sludge
|-heal|p1a: Gliscor|295/354 tox|[from] ability: Poison Heal
|turn|57
|
|move|p1a: Gliscor|Earthquake|p2a: Amoonguss
|-damage|p2a: Amoonguss|225/432
|move|p2a: Amoonguss|Foul Play|p1a: Gliscor
|-damage|p1a: Gliscor|251/354 tox
|
|-weather|Sandstorm|[upkeep]
|-damage|p2a: Amoonguss|198/432|[from] sandstorm
|-heal|p2a: Amoonguss|225/432|[from] item: Black Sludge
|-heal|p1a: Gliscor|295/354 tox|[from] ability: Poison Heal
|turn|58
|
|move|p1a: Gliscor|Earthquake|p2a: Amoonguss
|-damage|p2a: Amoonguss|86/432
|move|p2a: Amoonguss|Giga Drain|p1a: Gliscor
|-damage|p1a: Gliscor|192/354 tox
|-heal|p2a: Amoonguss|138/432|[from] drain|[of] p1a: Gliscor
|
|-weather|Sandstorm|[upkeep]
|-damage|p2a: Amoonguss|111/432|[from] sandstorm
|-heal|p2a: Amoonguss|138/432|[from] item: Black Sludge
|-heal|p1a: Gliscor|236/354 tox|[from] ability: Poison Heal
|turn|59
|
|switch|p2a: Hippowdon|Hippowdon, M|286/378 tox
|-damage|p2a: Hippowdon|263/378 tox|[from] Stealth Rock
|move|p1a: Gliscor|Earthquake|p2a: Hippowdon
|-damage|p2a: Hippowdon|167/378 tox
|
|-weather|Sandstorm|[upkeep]
|-heal|p1a: Gliscor|280/354 tox|[from] ability: Poison Heal
|-damage|p2a: Hippowdon|144/378 tox|[from] psn
|turn|60
|
|move|p1a: Gliscor|Earthquake|p2a: Hippowdon
|-damage|p2a: Hippowdon|53/378 tox
|move|p2a: Hippowdon|Slack Off|p2a: Hippowdon
|-heal|p2a: Hippowdon|242/378 tox
|
|-weather|Sandstorm|[upkeep]
|-heal|p1a: Gliscor|324/354 tox|[from] ability: Poison Heal
|-damage|p2a: Hippowdon|196/378 tox|[from] psn
|turn|61
|
|move|p1a: Gliscor|Earthquake|p2a: Hippowdon
|-damage|p2a: Hippowdon|109/378 tox
|move|p2a: Hippowdon|Slack Off|p2a: Hippowdon
|-heal|p2a: Hippowdon|298/378 tox
|
|-weather|Sandstorm|[upkeep]
|-heal|p1a: Gliscor|354/354 tox|[from] ability: Poison Heal
|-damage|p2a: Hippowdon|229/378 tox|[from] psn
|turn|62
|
|switch|p2a: Amoonguss|Amoonguss, F|282/432
|-damage|p2a: Amoonguss|228/432|[from] Stealth Rock
|move|p1a: Gliscor|Earthquake|p2a: Amoonguss
|-damage|p2a: Amoonguss|89/432
|
|-weather|Sandstorm|[upkeep]
|-damage|p2a: Amoonguss|62/432|[from] sandstorm
|-heal|p2a: Amoonguss|89/432|[from] item: Black Sludge
|turn|63
|c|★Yanmigo|gg
|leave|Yanmigo
|player|p2
|c|★Princess Deluks917|gg
|-message|yanmigo lost due to inactivity.
|
|win|Princess Deluks917
|raw|Ladder updating...
|raw|Princess Deluks917's rating: 1470 &rarr; <strong>1485</strong><br />(+15 for winning)
|raw|Yanmigo's rating: 1384 &rarr; <strong>1369</strong><br />(-15 for losing)