|j|☆JijijijaPorBot
|j|☆minutemaid13
|t:|1707632420
|gametype|singles
|player|p1|JijijijaPorBot|richboy|1338
|player|p2|minutemaid13|102|1372
|teamsize|p1|6
|teamsize|p2|6
|gen|5
|tier|[Gen 5] OU
|rated|
|rule|Species Clause: Limit one of each Pokémon
|rule|OHKO Clause: OHKO moves are banned
|rule|Moody Clause: Moody is banned
|rule|Evasion Items Clause: Evasion items are banned
|rule|Evasion Moves Clause: Evasion moves are banned
|rule|Endless Battle Clause: Forcing endless battles is banned
|rule|HP Percentage Mod: HP is shown in percentages
|rule|Evasion Abilities Clause: Evasion abilities are banned
|rule|Sleep Moves Clause: Sleep-inducing moves are banned
|rule|Swagger Clause: Swagger is banned
|rule|Baton Pass Stat Clause: No Baton Passer may have a way to boost its stats
|clearpoke
|poke|p1|Politoed, F|item
|poke|p1|Tornadus, M|item
|poke|p1|Dragonite, M|item
|poke|p1|Garchomp, F|item
|poke|p1|Forretress, M|item
|poke|p1|Scizor, M|item
|poke|p2|Skarmory, M|item
|poke|p2|Blissey, F|mail
|poke|p2|Celebi|item
|poke|p2|Alakazam, M|item
|poke|p2|Gliscor, F|item
|poke|p2|Keldeo|item
|teampreview
|inactive|Battle timer is ON: inactive players will automatically lose when time's up. (requested by JijijijaPorBot)
|
|t:|1707632438
|start
|switch|p1a: Forretress|Forretress, M|100/100
|switch|p2a: Celebi|Celebi|100/100
|turn|1
|
|t:|1707632447
|move|p2a: Celebi|Baton Pass|p2a: Celebi
|
|t:|1707632455
|switch|p2a: Skarmory|Skarmory, M|100/100|[from] Baton Pass
|move|p1a: Forretress|Stealth Rock|p2a: Skarmory
|-sidestart|p2: minutemaid13|move: Stealth Rock
|
|upkeep
|turn|2
|
|t:|1707632464
|move|p2a: Skarmory|Spikes|p1a: Forretress
|-sidestart|p1: JijijijaPorBot|Spikes
|move|p1a: Forretress|Volt Switch|p2a: Skarmory
|-supereffective|p2a: Skarmory
|-damage|p2a: Skarmory|79/100
|
|t:|1707632467
|switch|p1a: Pochita|Politoed, F, shiny|100/100|[from] Volt Switch
|-damage|p1a: Pochita|88/100|[from] Spikes
|-weather|RainDance|[from] ability: Drizzle|[of] p1a: Pochita
|
|-weather|RainDance|[upkeep]
|upkeep
|turn|3
|
|t:|1707632470
|switch|p2a: Celebi|Celebi|100/100
|-damage|p2a: Celebi|88/100|[from] Stealth Rock
|move|p1a: Pochita|Surf|p2a: Celebi
|-resisted|p2a: Celebi
|-damage|p2a: Celebi|61/100
|
|-weather|RainDance|[upkeep]
|-heal|p2a: Celebi|67/100|[from] item: Leftovers
|upkeep
|turn|4
|
|t:|1707632473
|switch|p1a: Forretress|Forretress, M|100/100
|-damage|p1a: Forretress|88/100|[from] Spikes
|move|p2a: Celebi|Baton Pass|p2a: Celebi
|
|t:|1707632476
|switch|p2a: Keldeo|Keldeo|100/100|[from] Baton Pass
|-damage|p2a: Keldeo|94/100|[from] Stealth Rock
|
|-weather|RainDance|[upkeep]
|-heal|p1a: Forretress|94/100|[from] item: Leftovers
|upkeep
|turn|5
|
|t:|1707632483
|move|p2a: Keldeo|Surf|p1a: Forretress
|-damage|p1a: Forretress|0 fnt
|faint|p1a: Forretress
|
|-weather|RainDance|[upkeep]
|upkeep
|
|t:|1707632486
|switch|p1a: Tornadus|Tornadus, M, shiny|100/100
|turn|6
|
|t:|1707632490
|switch|p2a: Blissey|Blissey, F|100/100
|-damage|p2a: Blissey|88/100|[from] Stealth Rock
|move|p1a: Tornadus|Substitute|p1a: Tornadus
|-start|p1a: Tornadus|Substitute
|-damage|p1a: Tornadus|76/100
|
|-weather|RainDance|[upkeep]
|-heal|p1a: Tornadus|82/100|[from] item: Leftovers
|upkeep
|turn|7
|
|t:|1707632494
|move|p1a: Tornadus|Hurricane|p2a: Blissey
|-damage|p2a: Blissey|68/100
|move|p2a: Blissey|Seismic Toss|p1a: Tornadus
|-end|p1a: Tornadus|Substitute
|
|-weather|RainDance|[upkeep]
|-heal|p1a: Tornadus|88/100|[from] item: Leftovers
|upkeep
|turn|8
|
|t:|1707632500
|move|p1a: Tornadus|Hurricane|p2a: Blissey
|-damage|p2a: Blissey|48/100
|move|p2a: Blissey|Stealth Rock|p1a: Tornadus
|-sidestart|p1: JijijijaPorBot|move: Stealth Rock
|
|-weather|RainDance|[upkeep]
|-heal|p1a: Tornadus|94/100|[from] item: Leftovers
|upkeep
|turn|9
|
|t:|1707632503
|move|p1a: Tornadus|Hurricane|p2a: Blissey
|-damage|p2a: Blissey|29/100
|move|p2a: Blissey|Soft-Boiled|p2a: Blissey
|-heal|p2a: Blissey|79/100
|
|-weather|RainDance|[upkeep]
|-heal|p1a: Tornadus|99/100|[from] item: Leftovers
|upkeep
|turn|10
|
|t:|1707632507
|move|p1a: Tornadus|Hurricane|p2a: Blissey
|-damage|p2a: Blissey|60/100
|move|p2a: Blissey|Seismic Toss|p1a: Tornadus
|-damage|p1a: Tornadus|66/100
|
|-weather|RainDance|[upkeep]
|-heal|p1a: Tornadus|72/100|[from] item: Leftovers
|upkeep
|turn|11
|
|t:|1707632509
|move|p1a: Tornadus|Hurricane|p2a: Blissey
|-damage|p2a: Blissey|41/100
|move|p2a: Blissey|Soft-Boiled|p2a: Blissey
|-heal|p2a: Blissey|91/100
|
|-weather|RainDance|[upkeep]
|-heal|p1a: Tornadus|78/100|[from] item: Leftovers
|upkeep
|turn|12
|
|t:|1707632513
|move|p1a: Tornadus|Hurricane|p2a: Blissey
|-damage|p2a: Blissey|73/100
|move|p2a: Blissey|Seismic Toss|p1a: Tornadus
|-damage|p1a: Tornadus|45/100
|
|-weather|RainDance|[upkeep]
|-heal|p1a: Tornadus|51/100|[from] item: Leftovers
|upkeep
|turn|13
|
|t:|1707632515
|move|p1a: Tornadus|Hurricane|p2a: Blissey
|-damage|p2a: Blissey|56/100
|move|p2a: Blissey|Toxic|p1a: Tornadus
|-status|p1a: Tornadus|tox
|
|-weather|RainDance|[upkeep]
|-heal|p1a: Tornadus|57/100 tox|[from] item: Leftovers
|-damage|p1a: Tornadus|51/100 tox|[from] psn
|upkeep
|turn|14
|
|t:|1707632517
|move|p1a: Tornadus|Focus Blast|p2a: Blissey|[miss]
|-miss|p1a: Tornadus|p2a: Blissey
|move|p2a: Blissey|Soft-Boiled|p2a: Blissey
|-heal|p2a: Blissey|100/100
|
|-weather|RainDance|[upkeep]
|-heal|p1a: Tornadus|57/100 tox|[from] item: Leftovers
|-damage|p1a: Tornadus|45/100 tox|[from] psn
|upkeep
|turn|15
|
|t:|1707632520
|switch|p1a: Scizor|Scizor, M|100/100
|-damage|p1a: Scizor|88/100|[from] Spikes
|-damage|p1a: Scizor|76/100|[from] Stealth Rock
|move|p2a: Blissey|Seismic Toss|p1a: Scizor
|-damage|p1a: Scizor|41/100
|
|-weather|RainDance|[upkeep]
|upkeep
|turn|16
|
|t:|1707632529
|switch|p2a: Skarmory|Skarmory, M|79/100
|-damage|p2a: Skarmory|67/100|[from] Stealth Rock
|move|p1a: Scizor|Swords Dance|p1a: Scizor
|-boost|p1a: Scizor|atk|2
|
|-weather|RainDance|[upkeep]
|upkeep
|turn|17
|
|t:|1707632536
|switch|p2a: Gliscor|Gliscor, F, shiny|100/100
|-damage|p2a: Gliscor|88/100|[from] Stealth Rock
|move|p1a: Scizor|Superpower|p2a: Gliscor
|-resisted|p2a: Gliscor
|-damage|p2a: Gliscor|60/100
|-unboost|p1a: Scizor|atk|1
|-unboost|p1a: Scizor|def|1
|
|-weather|RainDance|[upkeep]
|-status|p2a: Gliscor|tox|[from] item: Toxic Orb
|upkeep
|turn|18
|
|t:|1707632540
|move|p1a: Scizor|Bullet Punch|p2a: Gliscor
|-damage|p2a: Gliscor|18/100 tox
|move|p2a: Gliscor|Earthquake|p1a: Scizor
|-damage|p1a: Scizor|0 fnt
|faint|p1a: Scizor
|
|-weather|RainDance|[upkeep]
|-heal|p2a: Gliscor|30/100 tox|[from] ability: Poison Heal
|upkeep
|-message|JijijijaPorBot forfeited.
|
|win|minutemaid13
|raw|JijijijaPorBot's rating: 1338 &rarr; <strong>1320</strong><br />(-18 for losing)
|raw|minutemaid13's rating: 1372 &rarr; <strong>1390</strong><br />(+18 for winning)
|l|☆JijijijaPorBot
|player|p1|
