|j|☆tjx93
|j|‽gerregegeger
|player|p1|tjx93|266|1344
|player|p2|gerregegeger|pokemonbreeder-gen4|1456
|teamsize|p1|6
|teamsize|p2|6
|gametype|singles
|gen|5
|tier|[Gen 5] OU
|rated|
|clearpoke
|poke|p1|Kyurem-Black|item
|poke|p1|Gliscor, F|item
|poke|p1|Mamoswine, M|item
|poke|p1|Excadrill, F|item
|poke|p1|Latios, M|item
|poke|p1|Rotom-Wash|item
|poke|p2|Jirachi|item
|poke|p2|Tyranitar, M|item
|poke|p2|Skarmory, F|item
|poke|p2|Gastrodon, M|item
|poke|p2|Landorus-Therian, M|item
|poke|p2|Breloom, F|item
|rule|Species Clause: Limit one of each Pokémon
|rule|OHKO Clause: OHKO moves are banned
|rule|Moody Clause: Moody is banned
|rule|Evasion Moves Clause: Evasion moves are banned
|rule|Endless Battle Clause: Forcing endless battles is banned
|rule|HP Percentage Mod: HP is shown in percentages
|rule|Evasion Abilities Clause: Evasion abilities are banned
|rule|Baton Pass Clause: Limit one Baton Passer, can't pass Spe and other stats simultaneously
|rule|Sleep Clause: Sleep-inducing moves are banned
|rule|Swagger Clause: Swagger is banned
|teampreview
|inactive|Battle timer is ON: inactive players will automatically lose when time's up. (requested by gerregegeger)
|
|start
|switch|p1a: Latios|Latios, M|100/100
|switch|p2a: Landorus|Landorus-Therian, M|100/100
|-ability|p2a: Landorus|Intimidate|boost
|-unboost|p1a: Latios|atk|1
|turn|1
|
|switch|p1a: Excadrill|Excadrill, F|100/100
|-ability|p1a: Excadrill|Mold Breaker
|move|p2a: Landorus|U-turn|p1a: Excadrill
|-resisted|p1a: Excadrill
|-damage|p1a: Excadrill|84/100
|
|switch|p2a: Skarmory|Skarmory, F|100/100|[from]move: U-turn
|
|-heal|p1a: Excadrill|91/100|[from] item: Leftovers
|upkeep
|turn|2
|
|move|p1a: Excadrill|Stealth Rock|p2a: Skarmory
|-sidestart|p2: gerregegeger|move: Stealth Rock
|move|p2a: Skarmory|Spikes|p1a: Excadrill
|-sidestart|p1: tjx93|Spikes
|
|-heal|p1a: Excadrill|97/100|[from] item: Leftovers
|upkeep
|turn|3
|
|move|p1a: Excadrill|Rapid Spin|p2a: Skarmory
|-resisted|p2a: Skarmory
|-damage|p2a: Skarmory|98/100
|-damage|p1a: Excadrill|80/100|[from] item: Rocky Helmet|[of] p2a: Skarmory
|-sideend|p1: tjx93|Spikes|[from] move: Rapid Spin|[of] p1a: Excadrill
|move|p2a: Skarmory|Spikes|p1a: Excadrill
|-sidestart|p1: tjx93|Spikes
|
|-heal|p1a: Excadrill|86/100|[from] item: Leftovers
|upkeep
|turn|4
|
|switch|p1a: Rotom|Rotom-Wash|100/100
|move|p2a: Skarmory|Spikes|p1a: Rotom
|-sidestart|p1: tjx93|Spikes
|
|upkeep
|turn|5
|
|switch|p2a: Gastrodon|Gastrodon, M|100/100
|-damage|p2a: Gastrodon|94/100|[from] Stealth Rock
|move|p1a: Rotom|Will-O-Wisp|p2a: Gastrodon|[miss]
|-miss|p1a: Rotom|p2a: Gastrodon
|
|-heal|p2a: Gastrodon|100/100|[from] item: Leftovers
|upkeep
|turn|6
|
|move|p1a: Rotom|Will-O-Wisp|p2a: Gastrodon
|-status|p2a: Gastrodon|brn
|move|p2a: Gastrodon|Scald|p1a: Rotom
|-resisted|p1a: Rotom
|-crit|p1a: Rotom
|-damage|p1a: Rotom|77/100
|
|-heal|p1a: Rotom|83/100|[from] item: Leftovers
|-damage|p2a: Gastrodon|88/100 brn|[from] brn
|upkeep
|turn|7
|
|switch|p1a: Latios|Latios, M|100/100
|move|p2a: Gastrodon|Scald|p1a: Latios
|-resisted|p1a: Latios
|-damage|p1a: Latios|88/100
|
|-heal|p2a: Gastrodon|94/100 brn|[from] item: Leftovers
|-damage|p2a: Gastrodon|82/100 brn|[from] brn
|upkeep
|turn|8
|
|switch|p1a: Excadrill|Excadrill, F|86/100
|-damage|p1a: Excadrill|70/100|[from] Spikes
|-ability|p1a: Excadrill|Mold Breaker
|switch|p2a: Tyranitar|Tyranitar, M|100/100
|-damage|p2a: Tyranitar|88/100|[from] Stealth Rock
|-weather|Sandstorm|[from] ability: Sand Stream|[of] p2a: Tyranitar
|
|-weather|Sandstorm|[upkeep]
|-heal|p1a: Excadrill|76/100|[from] item: Leftovers
|upkeep
|turn|9
|
|switch|p2a: Skarmory|Skarmory, F|98/100
|-damage|p2a: Skarmory|86/100|[from] Stealth Rock
|move|p1a: Excadrill|Rapid Spin|p2a: Skarmory
|-resisted|p2a: Skarmory
|-damage|p2a: Skarmory|84/100
|-damage|p1a: Excadrill|59/100|[from] item: Rocky Helmet|[of] p2a: Skarmory
|-sideend|p1: tjx93|Spikes|[from] move: Rapid Spin|[of] p1a: Excadrill
|
|-weather|Sandstorm|[upkeep]
|-heal|p1a: Excadrill|66/100|[from] item: Leftovers
|upkeep
|turn|10
|
|switch|p1a: Rotom|Rotom-Wash|83/100
|move|p2a: Skarmory|Spikes|p1a: Rotom
|-sidestart|p1: tjx93|Spikes
|
|-weather|Sandstorm|[upkeep]
|-damage|p1a: Rotom|77/100|[from] Sandstorm
|-heal|p1a: Rotom|83/100|[from] item: Leftovers
|upkeep
|turn|11
|
|switch|p1a: Latios|Latios, M|88/100
|move|p2a: Skarmory|Spikes|p1a: Latios
|-sidestart|p1: tjx93|Spikes
|
|-weather|Sandstorm|[upkeep]
|-damage|p1a: Latios|82/100|[from] Sandstorm
|upkeep
|turn|12
|
|switch|p2a: Tyranitar|Tyranitar, M|88/100
|-damage|p2a: Tyranitar|76/100|[from] Stealth Rock
|move|p1a: Latios|Surf|p2a: Tyranitar
|-supereffective|p2a: Tyranitar
|-damage|p2a: Tyranitar|16/100
|
|-weather|Sandstorm|[upkeep]
|-damage|p1a: Latios|76/100|[from] Sandstorm
|upkeep
|turn|13
|
|switch|p1a: Excadrill|Excadrill, F|66/100
|-damage|p1a: Excadrill|49/100|[from] Spikes
|-ability|p1a: Excadrill|Mold Breaker
|switch|p2a: Breloom|Breloom, F|100/100
|-damage|p2a: Breloom|94/100|[from] Stealth Rock
|
|-weather|Sandstorm|[upkeep]
|-damage|p2a: Breloom|88/100|[from] Sandstorm
|-heal|p1a: Excadrill|55/100|[from] item: Leftovers
|-status|p2a: Breloom|tox|[from] item: Toxic Orb
|upkeep
|turn|14
|
|move|p1a: Excadrill|Rapid Spin|p2a: Breloom
|-damage|p2a: Breloom|81/100 tox
|-sideend|p1: tjx93|Spikes|[from] move: Rapid Spin|[of] p1a: Excadrill
|move|p2a: Breloom|Drain Punch|p1a: Excadrill
|-supereffective|p1a: Excadrill
|-damage|p1a: Excadrill|0 fnt
|-heal|p2a: Breloom|100/100 tox|[from] drain|[of] p1a: Excadrill
|faint|p1a: Excadrill
|
|-weather|Sandstorm|[upkeep]
|-damage|p2a: Breloom|94/100 tox|[from] Sandstorm
|-heal|p2a: Breloom|100/100 tox|[from] ability: Poison Heal
|upkeep
|
|switch|p1a: Mamoswine|Mamoswine, M|100/100
|turn|15
|
|move|p2a: Breloom|Protect|p2a: Breloom
|-singleturn|p2a: Breloom|Protect
|move|p1a: Mamoswine|Icicle Crash|p2a: Breloom
|-activate|p2a: Breloom|move: Protect
|
|-weather|Sandstorm|[upkeep]
|-damage|p2a: Breloom|94/100 tox|[from] Sandstorm
|-heal|p2a: Breloom|100/100 tox|[from] ability: Poison Heal
|upkeep
|turn|16
|
|switch|p2a: Tyranitar|Tyranitar, M|16/100
|-damage|p2a: Tyranitar|4/100|[from] Stealth Rock
|move|p1a: Mamoswine|Icicle Crash|p2a: Tyranitar
|-damage|p2a: Tyranitar|0 fnt
|faint|p2a: Tyranitar
|
|-weather|Sandstorm|[upkeep]
|upkeep
|
|switch|p2a: Landorus|Landorus-Therian, M|100/100
|-damage|p2a: Landorus|88/100|[from] Stealth Rock
|-ability|p2a: Landorus|Intimidate|boost
|-unboost|p1a: Mamoswine|atk|1
|turn|17
|
|move|p2a: Landorus|U-turn|p1a: Mamoswine
|-damage|p1a: Mamoswine|69/100
|
|switch|p2a: Skarmory|Skarmory, F|84/100|[from]move: U-turn
|-damage|p2a: Skarmory|72/100|[from] Stealth Rock
|move|p1a: Mamoswine|Icicle Crash|p2a: Skarmory
|-damage|p2a: Skarmory|46/100
|
|-weather|Sandstorm|[upkeep]
|upkeep
|turn|18
|
|move|p1a: Mamoswine|Icicle Crash|p2a: Skarmory
|-damage|p2a: Skarmory|17/100
|move|p2a: Skarmory|Spikes|p1a: Mamoswine
|-sidestart|p1: tjx93|Spikes
|
|-weather|Sandstorm|[upkeep]
|upkeep
|turn|19
|
|switch|p2a: Jirachi|Jirachi|100/100
|-damage|p2a: Jirachi|94/100|[from] Stealth Rock
|move|p1a: Mamoswine|Icicle Crash|p2a: Jirachi
|-resisted|p2a: Jirachi
|-damage|p2a: Jirachi|75/100
|
|-weather|Sandstorm|[upkeep]
|-heal|p2a: Jirachi|81/100|[from] item: Leftovers
|upkeep
|turn|20
|
|switch|p1a: Gliscor|Gliscor, F|100/100
|move|p2a: Jirachi|Substitute|p2a: Jirachi
|-start|p2a: Jirachi|Substitute
|-damage|p2a: Jirachi|56/100
|
|-weather|Sandstorm|[upkeep]
|-heal|p2a: Jirachi|62/100|[from] item: Leftovers
|-status|p1a: Gliscor|tox|[from] item: Toxic Orb
|upkeep
|turn|21
|
|move|p2a: Jirachi|Calm Mind|p2a: Jirachi
|-boost|p2a: Jirachi|spa|1
|-boost|p2a: Jirachi|spd|1
|move|p1a: Gliscor|Earthquake|p2a: Jirachi
|-supereffective|p2a: Jirachi
|-end|p2a: Jirachi|Substitute
|
|-weather|Sandstorm|[upkeep]
|-heal|p2a: Jirachi|68/100|[from] item: Leftovers
|upkeep
|turn|22
|
|move|p2a: Jirachi|Hidden Power|p1a: Gliscor
|-supereffective|p1a: Gliscor
|-damage|p1a: Gliscor|0 fnt
|faint|p1a: Gliscor
|
|-weather|Sandstorm|[upkeep]
|-heal|p2a: Jirachi|74/100|[from] item: Leftovers
|upkeep
|
|switch|p1a: Mamoswine|Mamoswine, M|69/100
|-damage|p1a: Mamoswine|56/100|[from] Spikes
|turn|23
|
|switch|p2a: Skarmory|Skarmory, F|17/100
|-damage|p2a: Skarmory|5/100|[from] Stealth Rock
|move|p1a: Mamoswine|Superpower|p2a: Skarmory
|-damage|p2a: Skarmory|0 fnt
|-damage|p1a: Mamoswine|40/100|[from] item: Rocky Helmet|[of] p2a: Skarmory
|-unboost|p1a: Mamoswine|atk|1
|-unboost|p1a: Mamoswine|def|1
|faint|p2a: Skarmory
|
|-weather|Sandstorm|[upkeep]
|upkeep
|j| Hope96
|
|switch|p2a: Landorus|Landorus-Therian, M|88/100
|-damage|p2a: Landorus|76/100|[from] Stealth Rock
|-ability|p2a: Landorus|Intimidate|boost
|-unboost|p1a: Mamoswine|atk|1
|turn|24
|
|switch|p1a: Kyurem|Kyurem-Black|100/100
|-damage|p1a: Kyurem|88/100|[from] Spikes
|-ability|p1a: Kyurem|Teravolt
|move|p2a: Landorus|U-turn|p1a: Kyurem
|-damage|p1a: Kyurem|64/100
|
|switch|p2a: Gastrodon|Gastrodon, M|82/100 brn|[from]move: U-turn
|-damage|p2a: Gastrodon|76/100 brn|[from] Stealth Rock
|
|-weather|Sandstorm|[upkeep]
|-damage|p1a: Kyurem|58/100|[from] Sandstorm
|-heal|p2a: Gastrodon|82/100 brn|[from] item: Leftovers
|-damage|p2a: Gastrodon|69/100 brn|[from] brn
|upkeep
|turn|25
|
|move|p1a: Kyurem|Outrage|p2a: Gastrodon
|-damage|p2a: Gastrodon|16/100 brn
|move|p2a: Gastrodon|Scald|p1a: Kyurem
|-resisted|p1a: Kyurem
|-damage|p1a: Kyurem|45/100
|-status|p1a: Kyurem|brn
|
|-weather|Sandstorm|[upkeep]
|-damage|p1a: Kyurem|39/100 brn|[from] Sandstorm
|-heal|p2a: Gastrodon|22/100 brn|[from] item: Leftovers
|-damage|p1a: Kyurem|27/100 brn|[from] brn
|-damage|p2a: Gastrodon|9/100 brn|[from] brn
|upkeep
|turn|26
|
|switch|p2a: Jirachi|Jirachi|74/100
|-damage|p2a: Jirachi|68/100|[from] Stealth Rock
|move|p1a: Kyurem|Outrage|p2a: Jirachi|[from]lockedmove
|-resisted|p2a: Jirachi
|-damage|p2a: Jirachi|52/100
|-start|p1a: Kyurem|confusion|[fatigue]
|
|-weather|Sandstorm|[upkeep]
|-damage|p1a: Kyurem|20/100 brn|[from] Sandstorm
|-heal|p2a: Jirachi|58/100|[from] item: Leftovers
|-damage|p1a: Kyurem|8/100 brn|[from] brn
|upkeep
|turn|27
|
|-activate|p1a: Kyurem|confusion
|move|p1a: Kyurem|Outrage|p2a: Jirachi
|-resisted|p2a: Jirachi
|-damage|p2a: Jirachi|42/100
|move|p2a: Jirachi|Substitute|p2a: Jirachi
|-start|p2a: Jirachi|Substitute
|-damage|p2a: Jirachi|17/100
|
|-weather|Sandstorm|[upkeep]
|-damage|p1a: Kyurem|2/100 brn|[from] Sandstorm
|-heal|p2a: Jirachi|23/100|[from] item: Leftovers
|-damage|p1a: Kyurem|0 fnt|[from] brn
|faint|p1a: Kyurem
|upkeep
|
|switch|p1a: Latios|Latios, M|76/100
|turn|28
|
|move|p1a: Latios|Dragon Pulse|p2a: Jirachi
|-resisted|p2a: Jirachi
|-end|p2a: Jirachi|Substitute
|move|p2a: Jirachi|Hidden Power|p1a: Latios
|-supereffective|p1a: Latios
|-damage|p1a: Latios|43/100
|
|-weather|Sandstorm|[upkeep]
|-damage|p1a: Latios|37/100|[from] Sandstorm
|-heal|p2a: Jirachi|29/100|[from] item: Leftovers
|upkeep
|turn|29
|
|switch|p2a: Gastrodon|Gastrodon, M|9/100 brn
|-damage|p2a: Gastrodon|3/100 brn|[from] Stealth Rock
|move|p1a: Latios|Dragon Pulse|p2a: Gastrodon
|-damage|p2a: Gastrodon|0 fnt
|faint|p2a: Gastrodon
|
|-weather|Sandstorm|[upkeep]
|-damage|p1a: Latios|31/100|[from] Sandstorm
|upkeep
|
|switch|p2a: Landorus|Landorus-Therian, M|76/100
|-damage|p2a: Landorus|64/100|[from] Stealth Rock
|-ability|p2a: Landorus|Intimidate|boost
|-unboost|p1a: Latios|atk|1
|turn|30
|
|switch|p1a: Rotom|Rotom-Wash|83/100
|move|p2a: Landorus|U-turn|p1a: Rotom
|-crit|p1a: Rotom
|-damage|p1a: Rotom|39/100
|
|switch|p2a: Breloom|Breloom, F|100/100 tox|[from]move: U-turn
|-damage|p2a: Breloom|94/100 tox|[from] Stealth Rock
|
|-weather|Sandstorm|[upkeep]
|-damage|p1a: Rotom|32/100|[from] Sandstorm
|-damage|p2a: Breloom|88/100 tox|[from] Sandstorm
|-heal|p1a: Rotom|39/100|[from] item: Leftovers
|-heal|p2a: Breloom|100/100 tox|[from] ability: Poison Heal
|upkeep
|turn|31
|
|move|p1a: Rotom|Volt Switch|p2a: Breloom
|-resisted|p2a: Breloom
|-damage|p2a: Breloom|86/100 tox
|
|switch|p1a: Latios|Latios, M|31/100|[from]move: Volt Switch
|move|p2a: Breloom|Facade|p1a: Latios
|-damage|p1a: Latios|0 fnt
|faint|p1a: Latios
|
|-weather|Sandstorm|[upkeep]
|-damage|p2a: Breloom|80/100 tox|[from] Sandstorm
|-heal|p2a: Breloom|92/100 tox|[from] ability: Poison Heal
|upkeep
|
|switch|p1a: Mamoswine|Mamoswine, M|40/100
|-damage|p1a: Mamoswine|27/100|[from] Spikes
|turn|32
|
|move|p2a: Breloom|Protect|p2a: Breloom
|-singleturn|p2a: Breloom|Protect
|move|p1a: Mamoswine|Ice Shard|p2a: Breloom
|-activate|p2a: Breloom|move: Protect
|
|-weather|Sandstorm|[upkeep]
|-damage|p2a: Breloom|86/100 tox|[from] Sandstorm
|-heal|p2a: Breloom|99/100 tox|[from] ability: Poison Heal
|upkeep
|turn|33
|inactive|gerregegeger has 120 seconds left.
|
|switch|p1a: Rotom|Rotom-Wash|39/100
|move|p2a: Breloom|Drain Punch|p1a: Rotom
|-damage|p1a: Rotom|12/100
|-heal|p2a: Breloom|100/100 tox|[from] drain|[of] p1a: Rotom
|
|-weather|Sandstorm|[upkeep]
|-damage|p1a: Rotom|6/100|[from] Sandstorm
|-damage|p2a: Breloom|94/100 tox|[from] Sandstorm
|-heal|p1a: Rotom|12/100|[from] item: Leftovers
|-heal|p2a: Breloom|100/100 tox|[from] ability: Poison Heal
|upkeep
|turn|34
|
|move|p1a: Rotom|Hydro Pump|p2a: Breloom
|-resisted|p2a: Breloom
|-damage|p2a: Breloom|78/100 tox
|move|p2a: Breloom|Drain Punch|p1a: Rotom
|-crit|p1a: Rotom
|-damage|p1a: Rotom|0 fnt
|-heal|p2a: Breloom|84/100 tox|[from] drain|[of] p1a: Rotom
|faint|p1a: Rotom
|
|-weather|Sandstorm|[upkeep]
|-damage|p2a: Breloom|78/100 tox|[from] Sandstorm
|-heal|p2a: Breloom|90/100 tox|[from] ability: Poison Heal
|upkeep
|
|switch|p1a: Mamoswine|Mamoswine, M|27/100
|-damage|p1a: Mamoswine|15/100|[from] Spikes
|turn|35
|
|move|p2a: Breloom|Protect|p2a: Breloom
|-singleturn|p2a: Breloom|Protect
|move|p1a: Mamoswine|Ice Shard|p2a: Breloom
|-activate|p2a: Breloom|move: Protect
|
|-weather|Sandstorm|[upkeep]
|-damage|p2a: Breloom|84/100 tox|[from] Sandstorm
|-heal|p2a: Breloom|96/100 tox|[from] ability: Poison Heal
|upkeep
|turn|36
|
|switch|p2a: Landorus|Landorus-Therian, M|64/100
|-damage|p2a: Landorus|52/100|[from] Stealth Rock
|-ability|p2a: Landorus|Intimidate|boost
|-unboost|p1a: Mamoswine|atk|1
|move|p1a: Mamoswine|Ice Shard|p2a: Landorus
|-supereffective|p2a: Landorus
|-damage|p2a: Landorus|0 fnt
|faint|p2a: Landorus
|
|-weather|Sandstorm|[upkeep]
|upkeep
|
|switch|p2a: Breloom|Breloom, F|96/100 tox
|-damage|p2a: Breloom|90/100 tox|[from] Stealth Rock
|turn|37
|
|move|p2a: Breloom|Protect|p2a: Breloom
|-singleturn|p2a: Breloom|Protect
|move|p1a: Mamoswine|Ice Shard|p2a: Breloom
|-activate|p2a: Breloom|move: Protect
|
|-weather|Sandstorm|[upkeep]
|-damage|p2a: Breloom|84/100 tox|[from] Sandstorm
|-heal|p2a: Breloom|96/100 tox|[from] ability: Poison Heal
|upkeep
|turn|38
|
|move|p1a: Mamoswine|Ice Shard|p2a: Breloom
|-supereffective|p2a: Breloom
|-damage|p2a: Breloom|35/100 tox
|move|p2a: Breloom|Drain Punch|p1a: Mamoswine
|-supereffective|p1a: Mamoswine
|-damage|p1a: Mamoswine|0 fnt
|-heal|p2a: Breloom|43/100 tox|[from] drain|[of] p1a: Mamoswine
|faint|p1a: Mamoswine
|
|win|gerregegeger
|l|☆tjx93
|raw|tjx93's rating: 1344 &rarr; <strong>1329</strong><br />(-15 for losing)
|raw|gerregegeger's rating: 1427 &rarr; <strong>1442</strong><br />(+15 for winning)
