|j|☆h4v0ckn1ght
|j|☆for burp rooster
|t:|1706032286
|gametype|singles
|player|p1|h4v0ckn1ght|erika|1323
|player|p2|for burp rooster|miku-fire|1345
|teamsize|p1|6
|teamsize|p2|6
|gen|5
|tier|[Gen 5] OU
|rated|
|rule|Species Clause: Limit one of each Pokémon
|rule|OHKO Clause: OHKO moves are banned
|rule|Moody Clause: Moody is banned
|rule|Evasion Items Clause: Evasion items are banned
|rule|Evasion Moves Clause: Evasion moves are banned
|rule|Endless Battle Clause: Forcing endless battles is banned
|rule|HP Percentage Mod: HP is shown in percentages
|rule|Evasion Abilities Clause: Evasion abilities are banned
|rule|Sleep Moves Clause: Sleep-inducing moves are banned
|rule|Swagger Clause: Swagger is banned
|rule|Baton Pass Stat Clause: No Baton Passer may have a way to boost its stats
|clearpoke
|poke|p1|Hydreigon, M|item
|poke|p1|Jirachi|item
|poke|p1|Scizor, F|item
|poke|p1|Politoed, M|item
|poke|p1|Keldeo-Resolute|item
|poke|p1|Starmie|item
|poke|p2|Politoed, F|item
|poke|p2|Scizor, M|item
|poke|p2|Latios, M|item
|poke|p2|Ferrothorn, F|item
|poke|p2|Starmie|item
|poke|p2|Thundurus-Therian, M|item
|teampreview
|inactive|Battle timer is ON: inactive players will automatically lose when time's up. (requested by h4v0ckn1ght)
|c|☆for burp rooster|you seem familiar
|inactive|h4v0ckn1ght has 120 seconds left.
|c|☆h4v0ckn1ght|do i
|
|t:|1706032320
|start
|switch|p1a: Hydreigon|Hydreigon, M|100/100
|switch|p2a: Politoed|Politoed, F|100/100
|-weather|RainDance|[from] ability: Drizzle|[of] p2a: Politoed
|turn|1
|
|t:|1706032327
|move|p1a: Hydreigon|U-turn|p2a: Politoed
|-damage|p2a: Politoed|83/100
|
|t:|1706032330
|switch|p1a: Jirachi|Jirachi|100/100|[from] U-turn
|move|p2a: Politoed|Ice Beam|p1a: Jirachi
|-resisted|p1a: Jirachi
|-damage|p1a: Jirachi|89/100
|-status|p1a: Jirachi|frz
|
|-weather|RainDance|[upkeep]
|-heal|p1a: Jirachi|95/100 frz|[from] item: Leftovers
|upkeep
|turn|2
|c|☆for burp rooster|mb
|c|☆h4v0ckn1ght|nw
|
|t:|1706032339
|switch|p2a: Ferrothorn|Ferrothorn, F|100/100
|cant|p1a: Jirachi|frz
|
|-weather|RainDance|[upkeep]
|-heal|p1a: Jirachi|100/100 frz|[from] item: Leftovers
|upkeep
|turn|3
|
|t:|1706032353
|cant|p1a: Jirachi|frz
|move|p2a: Ferrothorn|Stealth Rock|p1a: Jirachi
|-sidestart|p1: h4v0ckn1ght|move: Stealth Rock
|
|-weather|RainDance|[upkeep]
|upkeep
|turn|4
|
|t:|1706032356
|switch|p2a: Politoed|Politoed, F|83/100
|-curestatus|p1a: Jirachi|frz|[msg]
|move|p1a: Jirachi|Stealth Rock|p2a: Politoed
|-sidestart|p2: for burp rooster|move: Stealth Rock
|
|-weather|RainDance|[upkeep]
|upkeep
|turn|5
|
|t:|1706032360
|move|p1a: Jirachi|Wish|p1a: Jirachi
|move|p2a: Politoed|Hydro Pump|p1a: Jirachi
|-damage|p1a: Jirachi|33/100
|
|-weather|RainDance|[upkeep]
|-heal|p1a: Jirachi|39/100|[from] item: Leftovers
|upkeep
|turn|6
|
|t:|1706032364
|move|p1a: Jirachi|U-turn|p2a: Politoed
|-damage|p2a: Politoed|66/100
|
|t:|1706032372
|switch|p1a: Keldeo|Keldeo-Resolute|100/100|[from] U-turn
|-damage|p1a: Keldeo|94/100|[from] Stealth Rock
|move|p2a: Politoed|Hydro Pump|p1a: Keldeo
|-resisted|p1a: Keldeo
|-damage|p1a: Keldeo|29/100
|
|-weather|RainDance|[upkeep]
|-heal|p1a: Keldeo|91/100|[from] move: Wish|[wisher] Jirachi
|upkeep
|turn|7
|
|t:|1706032381
|switch|p2a: Latios|Latios, M|100/100
|-damage|p2a: Latios|88/100|[from] Stealth Rock
|move|p1a: Keldeo|Surf|p2a: Latios
|-resisted|p2a: Latios
|-crit|p2a: Latios
|-damage|p2a: Latios|8/100
|
|-weather|RainDance|[upkeep]
|upkeep
|turn|8
|
|t:|1706032387
|move|p2a: Latios|Draco Meteor|p1a: Keldeo
|-damage|p1a: Keldeo|7/100
|-unboost|p2a: Latios|spa|2
|move|p1a: Keldeo|Surf|p2a: Latios
|-resisted|p2a: Latios
|-damage|p2a: Latios|0 fnt
|faint|p2a: Latios
|
|-weather|RainDance|[upkeep]
|upkeep
|
|t:|1706032393
|switch|p2a: Scizor|Scizor, M|100/100
|-damage|p2a: Scizor|88/100|[from] Stealth Rock
|turn|9
|
|t:|1706032398
|switch|p1a: Politoed|Politoed, M, shiny|100/100
|-damage|p1a: Politoed|88/100|[from] Stealth Rock
|move|p2a: Scizor|Bullet Punch|p1a: Politoed
|-resisted|p1a: Politoed
|-damage|p1a: Politoed|66/100
|
|-weather|RainDance|[upkeep]
|-heal|p1a: Politoed|73/100|[from] item: Leftovers
|upkeep
|turn|10
|
|t:|1706032403
|switch|p2a: Ferrothorn|Ferrothorn, F|100/100
|-damage|p2a: Ferrothorn|94/100|[from] Stealth Rock
|move|p1a: Politoed|Scald|p2a: Ferrothorn
|-resisted|p2a: Ferrothorn
|-damage|p2a: Ferrothorn|82/100
|-status|p2a: Ferrothorn|brn
|-enditem|p2a: Ferrothorn|Lum Berry|[eat]
|-curestatus|p2a: Ferrothorn|brn|[msg]
|
|-weather|RainDance|[upkeep]
|-heal|p1a: Politoed|79/100|[from] item: Leftovers
|upkeep
|turn|11
|
|t:|1706032408
|move|p1a: Politoed|Protect|p1a: Politoed
|-singleturn|p1a: Politoed|Protect
|move|p2a: Ferrothorn|Power Whip|p1a: Politoed
|-activate|p1a: Politoed|move: Protect
|
|-weather|RainDance|[upkeep]
|-heal|p1a: Politoed|85/100|[from] item: Leftovers
|upkeep
|turn|12
|
|t:|1706032412
|switch|p1a: Jirachi|Jirachi|39/100
|-damage|p1a: Jirachi|33/100|[from] Stealth Rock
|move|p2a: Ferrothorn|Power Whip|p1a: Jirachi
|-resisted|p1a: Jirachi
|-damage|p1a: Jirachi|13/100
|
|-weather|RainDance|[upkeep]
|-heal|p1a: Jirachi|19/100|[from] item: Leftovers
|upkeep
|turn|13
|
|t:|1706032418
|move|p1a: Jirachi|Wish|p1a: Jirachi
|move|p2a: Ferrothorn|Power Whip|p1a: Jirachi
|-resisted|p1a: Jirachi
|-damage|p1a: Jirachi|0 fnt
|faint|p1a: Jirachi
|
|-weather|RainDance|[upkeep]
|upkeep
|
|t:|1706032424
|switch|p1a: Keldeo|Keldeo-Resolute|7/100
|-damage|p1a: Keldeo|0 fnt|[from] Stealth Rock
|faint|p1a: Keldeo
|
|t:|1706032427
|switch|p1a: Scizor|Scizor, F, shiny|100/100
|-damage|p1a: Scizor|88/100|[from] Stealth Rock
|turn|14
|
|t:|1706032445
|switch|p2a: Thundurus|Thundurus-Therian, M|100/100
|-damage|p2a: Thundurus|76/100|[from] Stealth Rock
|move|p1a: Scizor|U-turn|p2a: Thundurus
|-resisted|p2a: Thundurus
|-damage|p2a: Thundurus|35/100
|
|t:|1706032453
|switch|p1a: Hydreigon|Hydreigon, M|100/100|[from] U-turn
|-damage|p1a: Hydreigon|88/100|[from] Stealth Rock
|
|-weather|RainDance|[upkeep]
|-heal|p1a: Hydreigon|100/100|[from] move: Wish|[wisher] Jirachi
|-heal|p2a: Thundurus|41/100|[from] item: Leftovers
|upkeep
|turn|15
|
|t:|1706032465
|switch|p2a: Ferrothorn|Ferrothorn, F|82/100
|-damage|p2a: Ferrothorn|76/100|[from] Stealth Rock
|move|p1a: Hydreigon|Dark Pulse|p2a: Ferrothorn
|-resisted|p2a: Ferrothorn
|-damage|p2a: Ferrothorn|61/100
|
|-weather|RainDance|[upkeep]
|upkeep
|turn|16
|
|t:|1706032470
|move|p1a: Hydreigon|Dark Pulse|p2a: Ferrothorn
|-resisted|p2a: Ferrothorn
|-damage|p2a: Ferrothorn|47/100
|move|p2a: Ferrothorn|Knock Off|p1a: Hydreigon
|-resisted|p1a: Hydreigon
|-damage|p1a: Hydreigon|98/100
|-enditem|p1a: Hydreigon|Choice Scarf|[from] move: Knock Off|[of] p2a: Ferrothorn
|
|-weather|RainDance|[upkeep]
|upkeep
|turn|17
|
|t:|1706032481
|switch|p2a: Starmie|Starmie|100/100
|-damage|p2a: Starmie|88/100|[from] Stealth Rock
|-item|p2a: Starmie|Air Balloon
|move|p1a: Hydreigon|Earth Power|p2a: Starmie
|-immune|p2a: Starmie
|
|-weather|RainDance|[upkeep]
|upkeep
|turn|18
|
|t:|1706032489
|move|p2a: Starmie|Rapid Spin|p1a: Hydreigon
|-damage|p1a: Hydreigon|95/100
|-sideend|p2: for burp rooster|Stealth Rock|[from] move: Rapid Spin|[of] p2a: Starmie
|move|p1a: Hydreigon|U-turn|p2a: Starmie
|-supereffective|p2a: Starmie
|-damage|p2a: Starmie|41/100
|-enditem|p2a: Starmie|Air Balloon
|
|t:|1706032491
|switch|p1a: Scizor|Scizor, F, shiny|88/100|[from] U-turn
|-damage|p1a: Scizor|76/100|[from] Stealth Rock
|
|-weather|RainDance|[upkeep]
|upkeep
|turn|19
|
|t:|1706032495
|switch|p1a: Politoed|Politoed, M, shiny|85/100
|-damage|p1a: Politoed|73/100|[from] Stealth Rock
|move|p2a: Starmie|Hydro Pump|p1a: Politoed
|-resisted|p1a: Politoed
|-damage|p1a: Politoed|30/100
|
|-weather|RainDance|[upkeep]
|-heal|p1a: Politoed|37/100|[from] item: Leftovers
|upkeep
|turn|20
|
|t:|1706032500
|move|p1a: Politoed|Protect|p1a: Politoed
|-singleturn|p1a: Politoed|Protect
|move|p2a: Starmie|Thunder|p1a: Politoed
|-activate|p1a: Politoed|move: Protect
|
|-weather|RainDance|[upkeep]
|-heal|p1a: Politoed|43/100|[from] item: Leftovers
|upkeep
|turn|21
|
|t:|1706032506
|switch|p1a: Hydreigon|Hydreigon, M|95/100
|-damage|p1a: Hydreigon|82/100|[from] Stealth Rock
|move|p2a: Starmie|Thunder|p1a: Hydreigon
|-resisted|p1a: Hydreigon
|-damage|p1a: Hydreigon|58/100
|
|-weather|RainDance|[upkeep]
|upkeep
|turn|22
|
|t:|1706032512
|move|p2a: Starmie|Ice Beam|p1a: Hydreigon
|-supereffective|p1a: Hydreigon
|-damage|p1a: Hydreigon|0 fnt
|faint|p1a: Hydreigon
|
|-weather|RainDance|[upkeep]
|upkeep
|
|t:|1706032514
|switch|p1a: Starmie|Starmie, shiny|100/100
|-damage|p1a: Starmie|88/100|[from] Stealth Rock
|-item|p1a: Starmie|Air Balloon
|turn|23
|
|t:|1706032517
|move|p2a: Starmie|Thunder|p1a: Starmie
|-supereffective|p1a: Starmie
|-damage|p1a: Starmie|0 fnt
|-enditem|p1a: Starmie|Air Balloon
|faint|p1a: Starmie
|
|-weather|RainDance|[upkeep]
|upkeep
|-message|h4v0ckn1ght forfeited.
|
|win|for burp rooster
|raw|h4v0ckn1ght's rating: 1323 &rarr; <strong>1304</strong><br />(-19 for losing)
|raw|for burp rooster's rating: 1345 &rarr; <strong>1364</strong><br />(+19 for winning)
|l|☆h4v0ckn1ght
|player|p1|
|c|☆for burp rooster|gg
