|j|☆Pokemon Master JL
|j|☆CertamenMeum
|t:|1731010336
|gametype|singles
|player|p1|Pokemon Master JL|dawn|1325
|player|p2|CertamenMeum|fisherman-gen4|1478
|teamsize|p1|6
|teamsize|p2|6
|gen|5
|tier|[Gen 5] OU
|rated|
|rule|Species Clause: Limit one of each Pokémon
|rule|OHKO Clause: OHKO moves are banned
|rule|Moody Clause: Moody is banned
|rule|Evasion Items Clause: Evasion items are banned
|rule|Evasion Moves Clause: Evasion moves are banned
|rule|Endless Battle Clause: Forcing endless battles is banned
|rule|HP Percentage Mod: HP is shown in percentages
|rule|Evasion Abilities Clause: Evasion abilities are banned
|rule|Sleep Moves Clause: Sleep-inducing moves are banned
|rule|Swagger Clause: Swagger is banned
|rule|Baton Pass Stat Clause: No Baton Passer may have a way to boost its stats
|clearpoke
|poke|p1|Lanturn, F|item
|poke|p1|Skarmory, F|item
|poke|p1|Landorus-Therian, M|item
|poke|p1|Starmie|item
|poke|p1|Porygon2|item
|poke|p1|Conkeldurr, F|item
|poke|p2|Forretress, F|item
|poke|p2|Dragonite, M|item
|poke|p2|Scizor, F|item
|poke|p2|Rotom-Wash|item
|poke|p2|Ferrothorn, F|item
|poke|p2|Landorus-Therian, M|item
|teampreview
|inactive|Battle timer is ON: inactive players will automatically lose when time's up. (requested by CertamenMeum)
|
|t:|1731010352
|start
|switch|p1a: Mariana|Lanturn, F|100/100
|switch|p2a: ロトム|Rotom-Wash, shiny|100/100
|turn|1
|
|t:|1731010368
|move|p2a: ロトム|Volt Switch|p1a: Mariana
|-immune|p1a: Mariana|[from] ability: Volt Absorb
|move|p1a: Mariana|Thunder Wave|p2a: ロトム
|-status|p2a: ロトム|par
|
|upkeep
|turn|2
|
|t:|1731010375
|switch|p2a: フォレトス|Forretress, F, shiny|100/100
|move|p1a: Mariana|Thunder Wave|p2a: フォレトス
|-status|p2a: フォレトス|par
|
|upkeep
|turn|3
|
|t:|1731010383
|switch|p1a: Mind Games|Landorus-Therian, M|100/100
|-ability|p1a: Mind Games|Intimidate|boost
|-unboost|p2a: フォレトス|atk|1
|cant|p2a: フォレトス|par
|
|upkeep
|turn|4
|
|t:|1731010389
|move|p1a: Mind Games|Substitute|p1a: Mind Games
|-start|p1a: Mind Games|Substitute
|-damage|p1a: Mind Games|76/100
|move|p2a: フォレトス|Stealth Rock|p1a: Mind Games
|-sidestart|p1: Pokemon Master JL|move: Stealth Rock
|
|-heal|p1a: Mind Games|82/100|[from] item: Leftovers
|upkeep
|turn|5
|
|t:|1731010395
|switch|p2a: ランドロス|Landorus-Therian, M|100/100
|-ability|p2a: ランドロス|Intimidate|boost
|-immune|p1a: Mind Games
|move|p1a: Mind Games|Stealth Rock|p2a: ランドロス
|-sidestart|p2: CertamenMeum|move: Stealth Rock
|
|-heal|p1a: Mind Games|88/100|[from] item: Leftovers
|upkeep
|turn|6
|
|t:|1731010403
|move|p2a: ランドロス|Hidden Power|p1a: Mind Games
|-supereffective|p1a: Mind Games
|-end|p1a: Mind Games|Substitute
|move|p1a: Mind Games|Fly||[still]
|-prepare|p1a: Mind Games|Fly
|
|-heal|p1a: Mind Games|94/100|[from] item: Leftovers
|upkeep
|turn|7
|
|t:|1731010409
|move|p2a: ランドロス|Hidden Power|p1a: Mind Games|[miss]
|-miss|p2a: ランドロス|p1a: Mind Games
|move|p1a: Mind Games|Fly|p2a: ランドロス|[from]lockedmove|[miss]
|-miss|p1a: Mind Games|p2a: ランドロス
|
|-heal|p1a: Mind Games|99/100|[from] item: Leftovers
|upkeep
|turn|8
|
|t:|1731010425
|switch|p2a: フォレトス|Forretress, F, shiny|100/100 par
|-damage|p2a: フォレトス|88/100 par|[from] Stealth Rock
|switch|p1a: Kenny|Porygon2, shiny|100/100
|-damage|p1a: Kenny|88/100|[from] Stealth Rock
|-ability|p1a: Kenny|Sturdy|[from] ability: Trace|[of] p2a: フォレトス
|
|upkeep
|turn|9
|
|t:|1731010437
|switch|p1a: Alethia|Skarmory, F|100/100
|-damage|p1a: Alethia|88/100|[from] Stealth Rock
|move|p2a: フォレトス|Rapid Spin|p1a: Alethia
|-resisted|p1a: Alethia
|-damage|p1a: Alethia|86/100
|-sideend|p2: CertamenMeum|Stealth Rock|[from] move: Rapid Spin|[of] p2a: フォレトス
|
|-heal|p1a: Alethia|92/100|[from] item: Leftovers
|upkeep
|turn|10
|
|t:|1731010445
|move|p1a: Alethia|Substitute|p1a: Alethia
|-start|p1a: Alethia|Substitute
|-damage|p1a: Alethia|68/100
|move|p2a: フォレトス|Spikes|p1a: Alethia
|-sidestart|p1: Pokemon Master JL|Spikes
|
|-heal|p1a: Alethia|74/100|[from] item: Leftovers
|upkeep
|turn|11
|
|t:|1731010452
|move|p1a: Alethia|Spikes|p2a: フォレトス
|-sidestart|p2: CertamenMeum|Spikes
|move|p2a: フォレトス|Spikes|p1a: Alethia
|-sidestart|p1: Pokemon Master JL|Spikes
|
|-heal|p1a: Alethia|80/100|[from] item: Leftovers
|upkeep
|turn|12
|
|t:|1731010458
|move|p2a: フォレトス|Rapid Spin|p1a: Alethia
|-resisted|p1a: Alethia
|-activate|p1a: Alethia|Substitute|[damage]
|-sideend|p2: CertamenMeum|Spikes|[from] move: Rapid Spin|[of] p2a: フォレトス
|move|p1a: Alethia|Whirlwind|p2a: フォレトス
|drag|p2a: ロトム|Rotom-Wash, shiny|100/100 par
|
|-heal|p1a: Alethia|86/100|[from] item: Leftovers
|upkeep
|turn|13
|
|t:|1731010471
|move|p1a: Alethia|Spikes|p2a: ロトム
|-sidestart|p2: CertamenMeum|Spikes
|move|p2a: ロトム|Volt Switch|p1a: Alethia
|-supereffective|p1a: Alethia
|-end|p1a: Alethia|Substitute
|
|t:|1731010476
|switch|p2a: フォレトス|Forretress, F, shiny|88/100 par|[from] Volt Switch
|-damage|p2a: フォレトス|76/100 par|[from] Spikes
|
|-heal|p1a: Alethia|92/100|[from] item: Leftovers
|upkeep
|turn|14
|
|t:|1731010484
|switch|p1a: Marion|Starmie, shiny|100/100
|-damage|p1a: Marion|88/100|[from] Stealth Rock
|-damage|p1a: Marion|71/100|[from] Spikes
|cant|p2a: フォレトス|par
|
|-heal|p1a: Marion|78/100|[from] item: Leftovers
|upkeep
|turn|15
|
|t:|1731010493
|switch|p2a: ナットレイ|Ferrothorn, F|100/100
|-damage|p2a: ナットレイ|88/100|[from] Spikes
|move|p1a: Marion|Rapid Spin|p2a: ナットレイ
|-resisted|p2a: ナットレイ
|-damage|p2a: ナットレイ|87/100
|-damage|p1a: Marion|65/100|[from] ability: Iron Barbs|[of] p2a: ナットレイ
|-sideend|p1: Pokemon Master JL|Spikes|[from] move: Rapid Spin|[of] p1a: Marion
|-sideend|p1: Pokemon Master JL|Stealth Rock|[from] move: Rapid Spin|[of] p1a: Marion
|
|-heal|p1a: Marion|71/100|[from] item: Leftovers
|-heal|p2a: ナットレイ|93/100|[from] item: Leftovers
|upkeep
|turn|16
|
|t:|1731010504
|move|p1a: Marion|Thunder Wave|p2a: ナットレイ
|-status|p2a: ナットレイ|par
|cant|p2a: ナットレイ|par
|
|-heal|p1a: Marion|78/100|[from] item: Leftovers
|-heal|p2a: ナットレイ|99/100 par|[from] item: Leftovers
|upkeep
|turn|17
|
|t:|1731010517
|switch|p1a: Almita|Conkeldurr, F|100/100
|cant|p2a: ナットレイ|par
|
|-heal|p2a: ナットレイ|100/100 par|[from] item: Leftovers
|upkeep
|turn|18
|
|t:|1731010530
|switch|p2a: ランドロス|Landorus-Therian, M|100/100
|-ability|p2a: ランドロス|Intimidate|boost
|-unboost|p1a: Almita|atk|1
|move|p1a: Almita|Drain Punch|p2a: ランドロス
|-resisted|p2a: ランドロス
|-damage|p2a: ランドロス|73/100
|
|upkeep
|turn|19
|
|t:|1731010543
|switch|p1a: Kenny|Porygon2, shiny|88/100
|-ability|p1a: Kenny|Intimidate|boost
|-unboost|p2a: ランドロス|atk|1
|-ability|p1a: Kenny|Intimidate|[from] ability: Trace|[of] p2a: ランドロス
|move|p2a: ランドロス|U-turn|p1a: Kenny
|-damage|p1a: Kenny|76/100
|
|t:|1731010555
|switch|p2a: フォレトス|Forretress, F, shiny|76/100 par|[from] U-turn
|-damage|p2a: フォレトス|63/100 par|[from] Spikes
|
|upkeep
|turn|20
|
|t:|1731010564
|move|p1a: Kenny|Charge Beam|p2a: フォレトス
|-damage|p2a: フォレトス|47/100 par
|-boost|p1a: Kenny|spa|1
|cant|p2a: フォレトス|par
|
|upkeep
|turn|21
|
|t:|1731010570
|move|p1a: Kenny|Tri Attack|p2a: フォレトス
|-resisted|p2a: フォレトス
|-crit|p2a: フォレトス
|-damage|p2a: フォレトス|0 fnt
|faint|p2a: フォレトス
|
|upkeep
|
|t:|1731010577
|switch|p2a: ナットレイ|Ferrothorn, F|100/100 par
|-damage|p2a: ナットレイ|88/100 par|[from] Spikes
|turn|22
|
|t:|1731010581
|move|p1a: Kenny|Charge Beam|p2a: ナットレイ
|-resisted|p2a: ナットレイ
|-damage|p2a: ナットレイ|82/100 par
|-boost|p1a: Kenny|spa|1
|cant|p2a: ナットレイ|par
|
|-heal|p2a: ナットレイ|88/100 par|[from] item: Leftovers
|upkeep
|turn|23
|
|t:|1731010588
|move|p1a: Kenny|Tri Attack|p2a: ナットレイ
|-resisted|p2a: ナットレイ
|-damage|p2a: ナットレイ|70/100 par
|move|p2a: ナットレイ|Leech Seed|p1a: Kenny
|-start|p1a: Kenny|move: Leech Seed
|
|-heal|p2a: ナットレイ|77/100 par|[from] item: Leftovers
|-damage|p1a: Kenny|63/100|[from] Leech Seed|[of] p2a: ナットレイ
|-heal|p2a: ナットレイ|90/100 par|[silent]
|upkeep
|turn|24
|
|t:|1731010614
|switch|p1a: Mind Games|Landorus-Therian, M|99/100
|-ability|p1a: Mind Games|Intimidate|boost
|-unboost|p2a: ナットレイ|atk|1
|move|p2a: ナットレイ|Curse|p2a: ナットレイ
|-unboost|p2a: ナットレイ|spe|1
|-boost|p2a: ナットレイ|atk|1
|-boost|p2a: ナットレイ|def|1
|
|-heal|p1a: Mind Games|100/100|[from] item: Leftovers
|-heal|p2a: ナットレイ|96/100 par|[from] item: Leftovers
|upkeep
|turn|25
|
|t:|1731010624
|move|p1a: Mind Games|Substitute|p1a: Mind Games
|-start|p1a: Mind Games|Substitute
|-damage|p1a: Mind Games|76/100
|move|p2a: ナットレイ|Leech Seed||[still]
|-fail|p2a: ナットレイ
|
|-heal|p1a: Mind Games|82/100|[from] item: Leftovers
|-heal|p2a: ナットレイ|100/100 par|[from] item: Leftovers
|upkeep
|turn|26
|
|t:|1731010631
|move|p1a: Mind Games|Stealth Rock|p2a: ナットレイ
|-sidestart|p2: CertamenMeum|move: Stealth Rock
|move|p2a: ナットレイ|Curse|p2a: ナットレイ
|-unboost|p2a: ナットレイ|spe|1
|-boost|p2a: ナットレイ|atk|1
|-boost|p2a: ナットレイ|def|1
|
|-heal|p1a: Mind Games|88/100|[from] item: Leftovers
|upkeep
|turn|27
|
|t:|1731010644
|switch|p1a: Alethia|Skarmory, F|92/100
|cant|p2a: ナットレイ|par
|
|-heal|p1a: Alethia|98/100|[from] item: Leftovers
|upkeep
|turn|28
|
|t:|1731010650
|move|p1a: Alethia|Substitute|p1a: Alethia
|-start|p1a: Alethia|Substitute
|-damage|p1a: Alethia|73/100
|move|p2a: ナットレイ|Leech Seed||[still]
|-fail|p2a: ナットレイ
|
|-heal|p1a: Alethia|79/100|[from] item: Leftovers
|upkeep
|turn|29
|
|t:|1731010656
|move|p1a: Alethia|Spikes|p2a: ナットレイ
|-sidestart|p2: CertamenMeum|Spikes
|move|p2a: ナットレイ|Gyro Ball|p1a: Alethia
|-resisted|p1a: Alethia
|-activate|p1a: Alethia|Substitute|[damage]
|
|-heal|p1a: Alethia|85/100|[from] item: Leftovers
|upkeep
|turn|30
|
|t:|1731010662
|move|p1a: Alethia|Spikes|p2a: ナットレイ
|-sidestart|p2: CertamenMeum|Spikes
|move|p2a: ナットレイ|Curse|p2a: ナットレイ
|-unboost|p2a: ナットレイ|spe|1
|-boost|p2a: ナットレイ|atk|1
|-boost|p2a: ナットレイ|def|1
|
|-heal|p1a: Alethia|91/100|[from] item: Leftovers
|upkeep
|turn|31
|
|t:|1731010670
|move|p2a: ナットレイ|Gyro Ball|p1a: Alethia
|-resisted|p1a: Alethia
|-end|p1a: Alethia|Substitute
|move|p1a: Alethia|Whirlwind|p2a: ナットレイ
|drag|p2a: ロトム|Rotom-Wash, shiny|100/100 par
|-damage|p2a: ロトム|88/100 par|[from] Stealth Rock
|
|-heal|p1a: Alethia|97/100|[from] item: Leftovers
|upkeep
|turn|32
|
|t:|1731010691
|switch|p1a: Mariana|Lanturn, F|100/100
|move|p2a: ロトム|Hydro Pump|p1a: Mariana
|-resisted|p1a: Mariana
|-damage|p1a: Mariana|74/100
|
|-heal|p1a: Mariana|80/100|[from] item: Leftovers
|upkeep
|turn|33
|
|t:|1731010706
|move|p1a: Mariana|Charge Beam|p2a: ロトム
|-damage|p2a: ロトム|70/100 par
|-boost|p1a: Mariana|spa|1
|move|p2a: ロトム|Hydro Pump|p1a: Mariana
|-resisted|p1a: Mariana
|-damage|p1a: Mariana|50/100
|
|-heal|p1a: Mariana|56/100|[from] item: Leftovers
|upkeep
|turn|34
|
|t:|1731010714
|move|p1a: Mariana|Aqua Ring|p1a: Mariana
|-start|p1a: Mariana|Aqua Ring
|move|p2a: ロトム|Hydro Pump|p1a: Mariana
|-resisted|p1a: Mariana
|-damage|p1a: Mariana|26/100
|
|-heal|p1a: Mariana|32/100|[from] item: Leftovers
|-heal|p1a: Mariana|39/100|[from] Aqua Ring
|upkeep
|turn|35
|
|t:|1731010722
|move|p1a: Mariana|Scald|p2a: ロトム
|-resisted|p2a: ロトム
|-damage|p2a: ロトム|47/100 par
|cant|p2a: ロトム|par
|
|-heal|p1a: Mariana|45/100|[from] item: Leftovers
|-heal|p1a: Mariana|51/100|[from] Aqua Ring
|upkeep
|turn|36
|
|t:|1731010733
|move|p1a: Mariana|Charge Beam|p2a: ロトム
|-damage|p2a: ロトム|20/100 par
|-boost|p1a: Mariana|spa|1
|move|p2a: ロトム|Hydro Pump|p1a: Mariana
|-resisted|p1a: Mariana
|-damage|p1a: Mariana|23/100
|
|-heal|p1a: Mariana|29/100|[from] item: Leftovers
|-heal|p1a: Mariana|35/100|[from] Aqua Ring
|upkeep
|turn|37
|
|t:|1731010744
|move|p1a: Mariana|Scald|p2a: ロトム
|-resisted|p2a: ロトム
|-damage|p2a: ロトム|0 fnt
|faint|p2a: ロトム
|
|-heal|p1a: Mariana|41/100|[from] item: Leftovers
|-heal|p1a: Mariana|47/100|[from] Aqua Ring
|upkeep
|
|t:|1731010747
|switch|p2a: ハッサム|Scizor, F|100/100
|-damage|p2a: ハッサム|76/100|[from] Spikes
|-damage|p2a: ハッサム|63/100|[from] Stealth Rock
|turn|38
|
|t:|1731010755
|move|p2a: ハッサム|U-turn|p1a: Mariana
|-damage|p1a: Mariana|0 fnt
|faint|p1a: Mariana
|
|t:|1731010763
|switch|p2a: ナットレイ|Ferrothorn, F|100/100 par|[from] U-turn
|-damage|p2a: ナットレイ|75/100 par|[from] Spikes
|-damage|p2a: ナットレイ|69/100 par|[from] Stealth Rock
|
|-heal|p2a: ナットレイ|75/100 par|[from] item: Leftovers
|upkeep
|
|t:|1731010771
|switch|p1a: Almita|Conkeldurr, F|100/100
|turn|39
|
|t:|1731010774
|move|p1a: Almita|Ice Punch|p2a: ナットレイ
|-damage|p2a: ナットレイ|43/100 par
|-damage|p1a: Almita|88/100|[from] ability: Iron Barbs|[of] p2a: ナットレイ
|move|p2a: ナットレイ|Leech Seed|p1a: Almita
|-start|p1a: Almita|move: Leech Seed
|
|-heal|p2a: ナットレイ|50/100 par|[from] item: Leftovers
|-damage|p1a: Almita|75/100|[from] Leech Seed|[of] p2a: ナットレイ
|-heal|p2a: ナットレイ|62/100 par|[silent]
|upkeep
|turn|40
|
|t:|1731010784
|switch|p1a: Alethia|Skarmory, F|97/100
|move|p2a: ナットレイ|Protect||[still]
|-fail|p2a: ナットレイ
|
|-heal|p1a: Alethia|100/100|[from] item: Leftovers
|-heal|p2a: ナットレイ|68/100 par|[from] item: Leftovers
|upkeep
|turn|41
|
|t:|1731010798
|move|p1a: Alethia|Substitute|p1a: Alethia
|-start|p1a: Alethia|Substitute
|-damage|p1a: Alethia|76/100
|move|p2a: ナットレイ|Curse|p2a: ナットレイ
|-unboost|p2a: ナットレイ|spe|1
|-boost|p2a: ナットレイ|atk|1
|-boost|p2a: ナットレイ|def|1
|
|-heal|p1a: Alethia|82/100|[from] item: Leftovers
|-heal|p2a: ナットレイ|75/100 par|[from] item: Leftovers
|upkeep
|turn|42
|
|t:|1731010808
|cant|p2a: ナットレイ|par
|move|p1a: Alethia|Whirlwind|p2a: ナットレイ
|drag|p2a: ランドロス|Landorus-Therian, M|73/100
|-damage|p2a: ランドロス|61/100|[from] Stealth Rock
|-ability|p2a: ランドロス|Intimidate|boost
|-immune|p1a: Alethia
|
|-heal|p1a: Alethia|88/100|[from] item: Leftovers
|upkeep
|turn|43
|
|t:|1731010816
|move|p2a: ランドロス|Superpower|p1a: Alethia
|-end|p1a: Alethia|Substitute
|-unboost|p2a: ランドロス|atk|1
|-unboost|p2a: ランドロス|def|1
|move|p1a: Alethia|Whirlwind|p2a: ランドロス
|drag|p2a: カイリュー|Dragonite, M|100/100
|-damage|p2a: カイリュー|76/100|[from] Stealth Rock
|
|-heal|p1a: Alethia|94/100|[from] item: Leftovers
|upkeep
|turn|44
|
|t:|1731010827
|move|p2a: カイリュー|Dragon Dance|p2a: カイリュー
|-boost|p2a: カイリュー|atk|1
|-boost|p2a: カイリュー|spe|1
|move|p1a: Alethia|Substitute|p1a: Alethia
|-start|p1a: Alethia|Substitute
|-damage|p1a: Alethia|69/100
|
|-heal|p1a: Alethia|75/100|[from] item: Leftovers
|upkeep
|turn|45
|
|t:|1731010834
|move|p2a: カイリュー|Outrage|p1a: Alethia
|-resisted|p1a: Alethia
|-crit|p1a: Alethia
|-end|p1a: Alethia|Substitute
|move|p1a: Alethia|Whirlwind|p2a: カイリュー
|drag|p2a: ランドロス|Landorus-Therian, M|61/100
|-damage|p2a: ランドロス|48/100|[from] Stealth Rock
|-ability|p2a: ランドロス|Intimidate|boost
|-unboost|p1a: Alethia|atk|1
|
|-heal|p1a: Alethia|81/100|[from] item: Leftovers
|upkeep
|turn|46
|
|t:|1731010845
|switch|p2a: カイリュー|Dragonite, M|76/100
|-damage|p2a: カイリュー|51/100|[from] Stealth Rock
|move|p1a: Alethia|Substitute|p1a: Alethia
|-start|p1a: Alethia|Substitute
|-damage|p1a: Alethia|56/100
|
|-heal|p1a: Alethia|62/100|[from] item: Leftovers
|upkeep
|turn|47
|
|t:|1731010855
|switch|p2a: ランドロス|Landorus-Therian, M|48/100
|-damage|p2a: ランドロス|36/100|[from] Stealth Rock
|-ability|p2a: ランドロス|Intimidate|boost
|-immune|p1a: Alethia
|move|p1a: Alethia|Whirlwind|p2a: ランドロス
|drag|p2a: ハッサム|Scizor, F|63/100
|-damage|p2a: ハッサム|38/100|[from] Spikes
|-damage|p2a: ハッサム|26/100|[from] Stealth Rock
|
|-heal|p1a: Alethia|68/100|[from] item: Leftovers
|upkeep
|turn|48
|
|t:|1731010866
|switch|p2a: カイリュー|Dragonite, M|51/100
|-damage|p2a: カイリュー|26/100|[from] Stealth Rock
|move|p1a: Alethia|Whirlwind|p2a: カイリュー
|drag|p2a: ナットレイ|Ferrothorn, F|75/100 par
|-damage|p2a: ナットレイ|50/100 par|[from] Spikes
|-damage|p2a: ナットレイ|43/100 par|[from] Stealth Rock
|
|-heal|p1a: Alethia|74/100|[from] item: Leftovers
|-heal|p2a: ナットレイ|50/100 par|[from] item: Leftovers
|upkeep
|turn|49
|
|t:|1731010877
|move|p2a: ナットレイ|Protect|p2a: ナットレイ
|-singleturn|p2a: ナットレイ|Protect
|move|p1a: Alethia|Whirlwind|p2a: ナットレイ
|-activate|p2a: ナットレイ|move: Protect
|
|-heal|p1a: Alethia|80/100|[from] item: Leftovers
|-heal|p2a: ナットレイ|56/100 par|[from] item: Leftovers
|upkeep
|turn|50
|
|t:|1731010885
|move|p2a: ナットレイ|Protect|p2a: ナットレイ
|-singleturn|p2a: ナットレイ|Protect
|move|p1a: Alethia|Whirlwind|p2a: ナットレイ
|-activate|p2a: ナットレイ|move: Protect
|
|-heal|p1a: Alethia|86/100|[from] item: Leftovers
|-heal|p2a: ナットレイ|62/100 par|[from] item: Leftovers
|upkeep
|turn|51
|
|t:|1731010894
|move|p2a: ナットレイ|Protect||[still]
|-fail|p2a: ナットレイ
|move|p1a: Alethia|Whirlwind|p2a: ナットレイ
|drag|p2a: ランドロス|Landorus-Therian, M|36/100
|-damage|p2a: ランドロス|24/100|[from] Stealth Rock
|-ability|p2a: ランドロス|Intimidate|boost
|-immune|p1a: Alethia
|
|-heal|p1a: Alethia|92/100|[from] item: Leftovers
|upkeep
|turn|52
|
|t:|1731010903
|switch|p2a: ハッサム|Scizor, F|26/100
|-damage|p2a: ハッサム|1/100|[from] Spikes
|-damage|p2a: ハッサム|0 fnt|[from] Stealth Rock
|faint|p2a: ハッサム
|move|p1a: Alethia|Whirlwind|p2: ハッサム|[notarget]
|-fail|p1a: Alethia
|
|-heal|p1a: Alethia|98/100|[from] item: Leftovers
|upkeep
|
|t:|1731010911
|switch|p2a: ランドロス|Landorus-Therian, M|24/100
|-damage|p2a: ランドロス|12/100|[from] Stealth Rock
|-ability|p2a: ランドロス|Intimidate|boost
|-immune|p1a: Alethia
|turn|53
|
|t:|1731010915
|switch|p2a: カイリュー|Dragonite, M|26/100
|-damage|p2a: カイリュー|1/100|[from] Stealth Rock
|move|p1a: Alethia|Whirlwind|p2a: カイリュー
|drag|p2a: ランドロス|Landorus-Therian, M|12/100
|-damage|p2a: ランドロス|0 fnt|[from] Stealth Rock
|faint|p2a: ランドロス
|
|-heal|p1a: Alethia|100/100|[from] item: Leftovers
|upkeep
|
|t:|1731010925
|switch|p2a: カイリュー|Dragonite, M|1/100
|-damage|p2a: カイリュー|0 fnt|[from] Stealth Rock
|faint|p2a: カイリュー
|
|t:|1731010928
|switch|p2a: ナットレイ|Ferrothorn, F|62/100 par
|-damage|p2a: ナットレイ|37/100 par|[from] Spikes
|-damage|p2a: ナットレイ|31/100 par|[from] Stealth Rock
|turn|54
|
|t:|1731010934
|switch|p1a: Almita|Conkeldurr, F|75/100
|move|p2a: ナットレイ|Curse|p2a: ナットレイ
|-unboost|p2a: ナットレイ|spe|1
|-boost|p2a: ナットレイ|atk|1
|-boost|p2a: ナットレイ|def|1
|
|-heal|p2a: ナットレイ|37/100 par|[from] item: Leftovers
|upkeep
|turn|55
|
|t:|1731010942
|cant|p2a: ナットレイ|par
|move|p1a: Almita|Drain Punch|p2a: ナットレイ
|-supereffective|p2a: ナットレイ
|-crit|p2a: ナットレイ
|-damage|p2a: ナットレイ|0 fnt
|-heal|p1a: Almita|94/100|[from] drain|[of] p2a: ナットレイ
|-damage|p1a: Almita|81/100|[from] ability: Iron Barbs|[of] p2a: ナットレイ
|faint|p2a: ナットレイ
|
|win|Pokemon Master JL
|raw|Pokemon Master JL's rating: 1325 &rarr; <strong>1353</strong><br />(+28 for winning)
|raw|CertamenMeum's rating: 1478 &rarr; <strong>1450</strong><br />(-28 for losing)
|l|☆CertamenMeum
|player|p2|
