|j|☆thbigstuff27
|j|☆sidis
|t:|1708714086
|gametype|singles
|player|p1|thbigstuff27|101|1401
|player|p2|sidis|iris-gen5bw2|1320
|teamsize|p1|6
|teamsize|p2|6
|gen|5
|tier|[Gen 5] OU
|rated|
|rule|Species Clause: Limit one of each Pokémon
|rule|OHKO Clause: OHKO moves are banned
|rule|Moody Clause: Moody is banned
|rule|Evasion Items Clause: Evasion items are banned
|rule|Evasion Moves Clause: Evasion moves are banned
|rule|Endless Battle Clause: Forcing endless battles is banned
|rule|HP Percentage Mod: HP is shown in percentages
|rule|Evasion Abilities Clause: Evasion abilities are banned
|rule|Sleep Moves Clause: Sleep-inducing moves are banned
|rule|Swagger Clause: Swagger is banned
|rule|Baton Pass Stat Clause: No Baton Passer may have a way to boost its stats
|clearpoke
|poke|p1|Jirachi|item
|poke|p1|Politoed, M|item
|poke|p1|Landorus-Therian, M|item
|poke|p1|Starmie|item
|poke|p1|Dragonite, M|item
|poke|p1|Scizor, F|item
|poke|p2|Gengar, F|item
|poke|p2|Chandelure, F|item
|poke|p2|Cofagrigus, M|item
|poke|p2|Golurk|item
|poke|p2|Spiritomb, M|item
|poke|p2|Dusknoir, F|item
|teampreview
|inactive|Battle timer is ON: inactive players will automatically lose when time's up. (requested by sidis)
|inactive|thbigstuff27 has 120 seconds left.
|
|t:|1708714151
|start
|switch|p1a: Landorus|Landorus-Therian, M|100/100
|switch|p2a: Gengar|Gengar, F|100/100
|-ability|p1a: Landorus|Intimidate|boost
|-unboost|p2a: Gengar|atk|1
|turn|1
|
|t:|1708714162
|move|p1a: Landorus|U-turn|p2a: Gengar
|-resisted|p2a: Gengar
|-damage|p2a: Gengar|87/100
|
|t:|1708714166
|switch|p1a: Dragonite|Dragonite, M|100/100|[from] U-turn
|move|p2a: Gengar|Shadow Ball|p1a: Dragonite
|-crit|p1a: Dragonite
|-damage|p1a: Dragonite|41/100
|-damage|p2a: Gengar|77/100|[from] item: Life Orb
|
|upkeep
|turn|2
|
|t:|1708714171
|move|p2a: Gengar|Shadow Ball|p1a: Dragonite
|-damage|p1a: Dragonite|0 fnt
|faint|p1a: Dragonite
|-damage|p2a: Gengar|67/100|[from] item: Life Orb
|
|upkeep
|
|t:|1708714180
|switch|p1a: Politoed|Politoed, M|100/100
|-weather|RainDance|[from] ability: Drizzle|[of] p1a: Politoed
|turn|3
|
|t:|1708714182
|move|p2a: Gengar|Shadow Ball|p1a: Politoed
|-damage|p1a: Politoed|56/100
|-damage|p2a: Gengar|57/100|[from] item: Life Orb
|move|p1a: Politoed|Scald|p2a: Gengar
|-damage|p2a: Gengar|0 fnt
|faint|p2a: Gengar
|
|-weather|RainDance|[upkeep]
|-heal|p1a: Politoed|63/100|[from] item: Leftovers
|upkeep
|inactive|sidis has 120 seconds left.
|
|t:|1708714213
|switch|p2a: Spiritomb|Spiritomb, M|100/100
|-ability|p2a: Spiritomb|Pressure
|turn|4
|
|t:|1708714217
|move|p1a: Politoed|Protect|p1a: Politoed
|-singleturn|p1a: Politoed|Protect
|move|p2a: Spiritomb|Will-O-Wisp|p1a: Politoed
|-activate|p1a: Politoed|move: Protect
|
|-weather|RainDance|[upkeep]
|-heal|p1a: Politoed|69/100|[from] item: Leftovers
|upkeep
|turn|5
|
|t:|1708714231
|switch|p1a: Jirachi|Jirachi|100/100
|move|p2a: Spiritomb|Will-O-Wisp|p1a: Jirachi
|-status|p1a: Jirachi|brn
|
|-weather|RainDance|[upkeep]
|-damage|p1a: Jirachi|88/100 brn|[from] brn
|upkeep
|turn|6
|
|t:|1708714245
|switch|p2a: Golurk|Golurk|100/100
|move|p1a: Jirachi|Substitute|p1a: Jirachi
|-start|p1a: Jirachi|Substitute
|-damage|p1a: Jirachi|63/100 brn
|
|-weather|RainDance|[upkeep]
|-heal|p1a: Jirachi|69/100 brn|[from] item: Leftovers
|-damage|p1a: Jirachi|57/100 brn|[from] brn
|upkeep
|turn|7
|
|t:|1708714251
|move|p1a: Jirachi|Water Pulse|p2a: Golurk
|-supereffective|p2a: Golurk
|-damage|p2a: Golurk|40/100
|-start|p2a: Golurk|confusion
|-activate|p2a: Golurk|confusion
|-damage|p2a: Golurk|25/100|[from] confusion
|
|-weather|RainDance|[upkeep]
|-heal|p1a: Jirachi|63/100 brn|[from] item: Leftovers
|-heal|p2a: Golurk|31/100|[from] item: Leftovers
|-damage|p1a: Jirachi|51/100 brn|[from] brn
|upkeep
|turn|8
|
|t:|1708714257
|switch|p2a: Cofagrigus|Cofagrigus, M|100/100
|move|p1a: Jirachi|Water Pulse|p2a: Cofagrigus
|-damage|p2a: Cofagrigus|78/100
|
|-weather|RainDance|[upkeep]
|-heal|p1a: Jirachi|57/100 brn|[from] item: Leftovers
|-heal|p2a: Cofagrigus|85/100|[from] item: Leftovers
|-damage|p1a: Jirachi|44/100 brn|[from] brn
|upkeep
|turn|9
|
|t:|1708714277
|move|p1a: Jirachi|Thunder|p2a: Cofagrigus
|-damage|p2a: Cofagrigus|51/100
|-status|p2a: Cofagrigus|par
|move|p2a: Cofagrigus|Trick Room|p2a: Cofagrigus
|-fieldstart|move: Trick Room|[of] p2a: Cofagrigus
|
|-weather|RainDance|[upkeep]
|-heal|p2a: Cofagrigus|57/100 par|[from] item: Leftovers
|-heal|p1a: Jirachi|50/100 brn|[from] item: Leftovers
|-damage|p1a: Jirachi|38/100 brn|[from] brn
|upkeep
|turn|10
|
|t:|1708714281
|move|p2a: Cofagrigus|Shadow Ball|p1a: Jirachi
|-activate|p1a: Jirachi|Substitute|[damage]
|move|p1a: Jirachi|Water Pulse|p2a: Cofagrigus
|-damage|p2a: Cofagrigus|31/100 par
|
|-weather|RainDance|[upkeep]
|-heal|p2a: Cofagrigus|38/100 par|[from] item: Leftovers
|-heal|p1a: Jirachi|44/100 brn|[from] item: Leftovers
|-damage|p1a: Jirachi|32/100 brn|[from] brn
|upkeep
|turn|11
|
|t:|1708714288
|move|p2a: Cofagrigus|Shadow Ball|p1a: Jirachi
|-end|p1a: Jirachi|Substitute
|move|p1a: Jirachi|Thunder|p2a: Cofagrigus
|-damage|p2a: Cofagrigus|5/100 par
|
|-weather|RainDance|[upkeep]
|-heal|p2a: Cofagrigus|11/100 par|[from] item: Leftovers
|-heal|p1a: Jirachi|38/100 brn|[from] item: Leftovers
|-damage|p1a: Jirachi|25/100 brn|[from] brn
|upkeep
|turn|12
|
|t:|1708714291
|move|p2a: Cofagrigus|Shadow Ball|p1a: Jirachi
|-damage|p1a: Jirachi|4/100 brn
|-unboost|p1a: Jirachi|spd|1
|move|p1a: Jirachi|Water Pulse|p2a: Cofagrigus
|-damage|p2a: Cofagrigus|0 fnt
|faint|p2a: Cofagrigus
|
|-weather|RainDance|[upkeep]
|-heal|p1a: Jirachi|10/100 brn|[from] item: Leftovers
|-damage|p1a: Jirachi|0 fnt|[from] brn
|faint|p1a: Jirachi
|upkeep
|
|t:|1708714301
|switch|p2a: Spiritomb|Spiritomb, M|100/100
|switch|p1a: Politoed|Politoed, M|69/100
|-ability|p2a: Spiritomb|Pressure
|turn|13
|
|t:|1708714305
|move|p1a: Politoed|Protect|p1a: Politoed
|-singleturn|p1a: Politoed|Protect
|move|p2a: Spiritomb|Will-O-Wisp|p1a: Politoed
|-activate|p1a: Politoed|move: Protect
|
|-weather|RainDance|[upkeep]
|-heal|p1a: Politoed|75/100|[from] item: Leftovers
|-fieldend|move: Trick Room
|upkeep
|turn|14
|
|t:|1708714309
|move|p1a: Politoed|Toxic|p2a: Spiritomb
|-status|p2a: Spiritomb|tox
|move|p2a: Spiritomb|Will-O-Wisp|p1a: Politoed|[miss]
|-miss|p2a: Spiritomb|p1a: Politoed
|
|-weather|RainDance|[upkeep]
|-heal|p1a: Politoed|81/100|[from] item: Leftovers
|-damage|p2a: Spiritomb|94/100 tox|[from] psn
|upkeep
|turn|15
|
|t:|1708714314
|move|p1a: Politoed|Protect|p1a: Politoed
|-singleturn|p1a: Politoed|Protect
|move|p2a: Spiritomb|Will-O-Wisp|p1a: Politoed
|-activate|p1a: Politoed|move: Protect
|
|-weather|RainDance|[upkeep]
|-heal|p1a: Politoed|88/100|[from] item: Leftovers
|-heal|p2a: Spiritomb|100/100 tox|[from] item: Leftovers
|-damage|p2a: Spiritomb|88/100 tox|[from] psn
|upkeep
|turn|16
|
|t:|1708714320
|move|p1a: Politoed|Scald|p2a: Spiritomb
|-damage|p2a: Spiritomb|48/100 tox
|move|p2a: Spiritomb|Will-O-Wisp|p1a: Politoed
|-status|p1a: Politoed|brn
|
|-weather|RainDance|[upkeep]
|-heal|p1a: Politoed|94/100 brn|[from] item: Leftovers
|-heal|p2a: Spiritomb|54/100 tox|[from] item: Leftovers
|-damage|p2a: Spiritomb|36/100 tox|[from] psn
|-damage|p1a: Politoed|81/100 brn|[from] brn
|upkeep
|turn|17
|
|t:|1708714338
|switch|p1a: Starmie|Starmie|100/100
|switch|p2a: Dusknoir|Dusknoir, F|100/100
|-ability|p2a: Dusknoir|Pressure
|
|-weather|RainDance|[upkeep]
|upkeep
|turn|18
|
|t:|1708714349
|move|p2a: Dusknoir|Shadow Sneak|p1a: Starmie
|-supereffective|p1a: Starmie
|-damage|p1a: Starmie|43/100
|move|p1a: Starmie|Thunder|p2a: Dusknoir
|-damage|p2a: Dusknoir|67/100
|
|-weather|RainDance|[upkeep]
|-heal|p1a: Starmie|49/100|[from] item: Leftovers
|-heal|p2a: Dusknoir|73/100|[from] item: Leftovers
|upkeep
|turn|19
|
|t:|1708714366
|switch|p1a: Scizor|Scizor, F|100/100
|move|p2a: Dusknoir|Ice Punch|p1a: Scizor
|-resisted|p1a: Scizor
|-damage|p1a: Scizor|86/100
|
|-weather|RainDance|[upkeep]
|-heal|p2a: Dusknoir|79/100|[from] item: Leftovers
|upkeep
|turn|20
|
|t:|1708714375
|switch|p2a: Chandelure|Chandelure, F|100/100
|move|p1a: Scizor|U-turn|p2a: Chandelure
|-resisted|p2a: Chandelure
|-damage|p2a: Chandelure|87/100
|
|t:|1708714383
|switch|p1a: Starmie|Starmie|49/100|[from] U-turn
|
|-weather|RainDance|[upkeep]
|-heal|p1a: Starmie|55/100|[from] item: Leftovers
|upkeep
|turn|21
|
|t:|1708714386
|move|p2a: Chandelure|Shadow Ball|p1a: Starmie
|-supereffective|p1a: Starmie
|-damage|p1a: Starmie|0 fnt
|faint|p1a: Starmie
|
|-weather|RainDance|[upkeep]
|upkeep
|
|t:|1708714389
|switch|p1a: Politoed|Politoed, M|81/100 brn
|turn|22
|
|t:|1708714393
|switch|p2a: Spiritomb|Spiritomb, M|36/100 tox
|-ability|p2a: Spiritomb|Pressure
|move|p1a: Politoed|Scald|p2a: Spiritomb
|-damage|p2a: Spiritomb|0 fnt
|faint|p2a: Spiritomb
|
|-weather|RainDance|[upkeep]
|-heal|p1a: Politoed|88/100 brn|[from] item: Leftovers
|-damage|p1a: Politoed|75/100 brn|[from] brn
|upkeep
|
|t:|1708714396
|switch|p2a: Dusknoir|Dusknoir, F|79/100
|-ability|p2a: Dusknoir|Pressure
|turn|23
|
|t:|1708714399
|move|p1a: Politoed|Toxic|p2a: Dusknoir
|-status|p2a: Dusknoir|tox
|move|p2a: Dusknoir|Trick Room|p2a: Dusknoir
|-fieldstart|move: Trick Room|[of] p2a: Dusknoir
|
|-weather|RainDance|[upkeep]
|-heal|p2a: Dusknoir|85/100 tox|[from] item: Leftovers
|-heal|p1a: Politoed|81/100 brn|[from] item: Leftovers
|-damage|p2a: Dusknoir|79/100 tox|[from] psn
|-damage|p1a: Politoed|69/100 brn|[from] brn
|upkeep
|turn|24
|
|t:|1708714402
|switch|p2a: Golurk|Golurk|31/100
|switch|p1a: Scizor|Scizor, F|86/100
|
|-weather|RainDance|[upkeep]
|-heal|p2a: Golurk|37/100|[from] item: Leftovers
|upkeep
|turn|25
|
|t:|1708714405
|move|p1a: Scizor|Bullet Punch|p2a: Golurk
|-damage|p2a: Golurk|5/100
|move|p2a: Golurk|Earthquake|p1a: Scizor
|-crit|p1a: Scizor
|-damage|p1a: Scizor|0 fnt
|faint|p1a: Scizor
|
|-weather|RainDance|[upkeep]
|-heal|p2a: Golurk|11/100|[from] item: Leftovers
|upkeep
|
|t:|1708714410
|switch|p1a: Landorus|Landorus-Therian, M|100/100
|-ability|p1a: Landorus|Intimidate|boost
|-unboost|p2a: Golurk|atk|1
|turn|26
|
|t:|1708714412
|move|p2a: Golurk|Ice Punch|p1a: Landorus
|-supereffective|p1a: Landorus
|-damage|p1a: Landorus|0 fnt
|faint|p1a: Landorus
|
|-weather|RainDance|[upkeep]
|-heal|p2a: Golurk|17/100|[from] item: Leftovers
|upkeep
|
|t:|1708714416
|switch|p1a: Politoed|Politoed, M|69/100 brn
|turn|27
|
|t:|1708714419
|move|p2a: Golurk|Earthquake|p1a: Politoed
|-damage|p1a: Politoed|39/100 brn
|move|p1a: Politoed|Scald|p2a: Golurk
|-supereffective|p2a: Golurk
|-damage|p2a: Golurk|0 fnt
|faint|p2a: Golurk
|
|-weather|RainDance|[upkeep]
|-heal|p1a: Politoed|46/100 brn|[from] item: Leftovers
|-damage|p1a: Politoed|33/100 brn|[from] brn
|-fieldend|move: Trick Room
|upkeep
|
|t:|1708714424
|switch|p2a: Dusknoir|Dusknoir, F|79/100 tox
|-ability|p2a: Dusknoir|Pressure
|turn|28
|
|t:|1708714428
|move|p2a: Dusknoir|Shadow Sneak|p1a: Politoed
|-damage|p1a: Politoed|17/100 brn
|move|p1a: Politoed|Scald|p2a: Dusknoir
|-damage|p2a: Dusknoir|47/100 tox
|
|-weather|RainDance|[upkeep]
|-heal|p1a: Politoed|24/100 brn|[from] item: Leftovers
|-heal|p2a: Dusknoir|54/100 tox|[from] item: Leftovers
|-damage|p2a: Dusknoir|47/100 tox|[from] psn
|-damage|p1a: Politoed|11/100 brn|[from] brn
|upkeep
|turn|29
|
|t:|1708714431
|move|p1a: Politoed|Protect|p1a: Politoed
|-singleturn|p1a: Politoed|Protect
|move|p2a: Dusknoir|Shadow Sneak|p1a: Politoed
|-activate|p1a: Politoed|move: Protect
|
|-weather|RainDance|[upkeep]
|-heal|p1a: Politoed|17/100 brn|[from] item: Leftovers
|-heal|p2a: Dusknoir|54/100 tox|[from] item: Leftovers
|-damage|p2a: Dusknoir|41/100 tox|[from] psn
|-damage|p1a: Politoed|5/100 brn|[from] brn
|upkeep
|turn|30
|
|t:|1708714433
|move|p2a: Dusknoir|Shadow Sneak|p1a: Politoed
|-damage|p1a: Politoed|0 fnt
|faint|p1a: Politoed
|
|win|sidis
|raw|thbigstuff27's rating: 1401 &rarr; <strong>1376</strong><br />(-25 for losing)
|raw|sidis's rating: 1320 &rarr; <strong>1345</strong><br />(+25 for winning)
|l|☆thbigstuff27
|player|p1|
