|j|☆torinoko city
|j|☆ghosted by brizz
|t:|1711022524
|gametype|singles
|player|p1|torinoko city|miku-flying|1345
|player|p2|ghosted by brizz|lady-gen6oras|1381
|teamsize|p1|6
|teamsize|p2|6
|gen|5
|tier|[Gen 5] OU
|rated|
|rule|Species Clause: Limit one of each Pokémon
|rule|OHKO Clause: OHKO moves are banned
|rule|Moody Clause: Moody is banned
|rule|Evasion Items Clause: Evasion items are banned
|rule|Evasion Moves Clause: Evasion moves are banned
|rule|Endless Battle Clause: Forcing endless battles is banned
|rule|HP Percentage Mod: HP is shown in percentages
|rule|Evasion Abilities Clause: Evasion abilities are banned
|rule|Sleep Moves Clause: Sleep-inducing moves are banned
|rule|Swagger Clause: Swagger is banned
|rule|Baton Pass Stat Clause: No Baton Passer may have a way to boost its stats
|clearpoke
|poke|p1|Abomasnow, F|item
|poke|p1|Mandibuzz, F|item
|poke|p1|Rotom-Wash|item
|poke|p1|Mamoswine, F|item
|poke|p1|Jirachi|item
|poke|p1|Starmie|item
|poke|p2|Ninetales, M|item
|poke|p2|Amoonguss, M|item
|poke|p2|Cresselia, F|item
|poke|p2|Volcarona, F|item
|poke|p2|Landorus-Therian, M|item
|poke|p2|Excadrill, M|item
|teampreview
|inactive|Battle timer is ON: inactive players will automatically lose when time's up. (requested by torinoko city)
|
|t:|1711022543
|start
|switch|p1a: Rotom|Rotom-Wash|100/100
|switch|p2a: Landorus|Landorus-Therian, M|100/100
|-ability|p2a: Landorus|Intimidate|boost
|-unboost|p1a: Rotom|atk|1
|turn|1
|
|t:|1711022548
|switch|p2a: Amoonguss|Amoonguss, M|100/100
|move|p1a: Rotom|Thunder Wave|p2a: Amoonguss
|-status|p2a: Amoonguss|par
|
|upkeep
|turn|2
|
|t:|1711022555
|move|p1a: Rotom|Volt Switch|p2a: Amoonguss
|-resisted|p2a: Amoonguss
|-damage|p2a: Amoonguss|89/100 par
|
|t:|1711022557
|switch|p1a: Abomasnow|Abomasnow, F|100/100|[from] Volt Switch
|-weather|Hail|[from] ability: Snow Warning|[of] p1a: Abomasnow
|move|p2a: Amoonguss|Sludge Bomb|p1a: Abomasnow
|-supereffective|p1a: Abomasnow
|-damage|p1a: Abomasnow|46/100
|
|-weather|Hail|[upkeep]
|-damage|p2a: Amoonguss|83/100 par|[from] Hail
|-heal|p1a: Abomasnow|52/100|[from] item: Leftovers
|-heal|p2a: Amoonguss|89/100 par|[from] item: Black Sludge
|upkeep
|turn|3
|
|t:|1711022561
|switch|p1a: Jirachi|Jirachi|100/100
|switch|p2a: Ninetales|Ninetales, M|100/100
|-weather|SunnyDay|[from] ability: Drought|[of] p2a: Ninetales
|
|-weather|SunnyDay|[upkeep]
|upkeep
|turn|4
|
|t:|1711022566
|switch|p1a: Rotom|Rotom-Wash|100/100
|move|p2a: Ninetales|Will-O-Wisp|p1a: Rotom
|-status|p1a: Rotom|brn
|
|-weather|SunnyDay|[upkeep]
|-damage|p1a: Rotom|88/100 brn|[from] brn
|upkeep
|turn|5
|
|t:|1711022569
|move|p2a: Ninetales|Protect|p2a: Ninetales
|-singleturn|p2a: Ninetales|Protect
|move|p1a: Rotom|Volt Switch|p2a: Ninetales
|-activate|p2a: Ninetales|move: Protect
|
|-weather|SunnyDay|[upkeep]
|-heal|p1a: Rotom|94/100 brn|[from] item: Leftovers
|-damage|p1a: Rotom|82/100 brn|[from] brn
|upkeep
|turn|6
|
|t:|1711022575
|switch|p2a: Landorus|Landorus-Therian, M|100/100
|-ability|p2a: Landorus|Intimidate|boost
|-unboost|p1a: Rotom|atk|1
|move|p1a: Rotom|Will-O-Wisp|p2a: Landorus
|-status|p2a: Landorus|brn
|
|-weather|SunnyDay|[upkeep]
|-heal|p1a: Rotom|88/100 brn|[from] item: Leftovers
|-damage|p2a: Landorus|88/100 brn|[from] brn
|-damage|p1a: Rotom|75/100 brn|[from] brn
|upkeep
|turn|7
|c|☆ghosted by brizz|o
|c|☆ghosted by brizz|bothj
|c|☆ghosted by brizz|okay
|
|t:|1711022585
|move|p2a: Landorus|U-turn|p1a: Rotom
|-damage|p1a: Rotom|68/100 brn
|
|t:|1711022590
|switch|p2a: Amoonguss|Amoonguss, M|89/100 par|[from] U-turn
|move|p1a: Rotom|Volt Switch|p2a: Amoonguss
|-resisted|p2a: Amoonguss
|-damage|p2a: Amoonguss|77/100 par
|c|☆torinoko city|i figured reun teams aren't running the physical dragons that i need wisp for
|
|t:|1711022599
|switch|p1a: Abomasnow|Abomasnow, F|52/100|[from] Volt Switch
|-weather|Hail|[from] ability: Snow Warning|[of] p1a: Abomasnow
|
|-weather|Hail|[upkeep]
|-damage|p2a: Amoonguss|71/100 par|[from] Hail
|-heal|p1a: Abomasnow|58/100|[from] item: Leftovers
|-heal|p2a: Amoonguss|77/100 par|[from] item: Black Sludge
|upkeep
|turn|8
|
|t:|1711022604
|switch|p2a: Ninetales|Ninetales, M|100/100
|-weather|SunnyDay|[from] ability: Drought|[of] p2a: Ninetales
|move|p1a: Abomasnow|Blizzard|p2a: Ninetales
|-resisted|p2a: Ninetales
|-damage|p2a: Ninetales|75/100
|
|-weather|SunnyDay|[upkeep]
|-heal|p2a: Ninetales|81/100|[from] item: Leftovers
|-heal|p1a: Abomasnow|65/100|[from] item: Leftovers
|upkeep
|turn|9
|
|t:|1711022609
|switch|p1a: Rotom|Rotom-Wash|68/100 brn
|move|p2a: Ninetales|Flamethrower|p1a: Rotom
|-resisted|p1a: Rotom
|-damage|p1a: Rotom|46/100 brn
|
|-weather|SunnyDay|[upkeep]
|-heal|p2a: Ninetales|87/100|[from] item: Leftovers
|-heal|p1a: Rotom|52/100 brn|[from] item: Leftovers
|-damage|p1a: Rotom|40/100 brn|[from] brn
|upkeep
|turn|10
|
|t:|1711022617
|switch|p1a: Abomasnow|Abomasnow, F|65/100
|-weather|Hail|[from] ability: Snow Warning|[of] p1a: Abomasnow
|move|p2a: Ninetales|Flamethrower|p1a: Abomasnow
|-supereffective|p1a: Abomasnow
|-damage|p1a: Abomasnow|0 fnt
|faint|p1a: Abomasnow
|
|-weather|Hail|[upkeep]
|-damage|p2a: Ninetales|81/100|[from] Hail
|-heal|p2a: Ninetales|87/100|[from] item: Leftovers
|upkeep
|
|t:|1711022624
|switch|p1a: Jirachi|Jirachi|100/100
|turn|11
|
|t:|1711022628
|move|p2a: Ninetales|Will-O-Wisp|p1a: Jirachi|[miss]
|-miss|p2a: Ninetales|p1a: Jirachi
|move|p1a: Jirachi|Stealth Rock|p2a: Ninetales
|-sidestart|p2: ghosted by brizz|move: Stealth Rock
|
|-weather|Hail|[upkeep]
|-damage|p2a: Ninetales|81/100|[from] Hail
|-damage|p1a: Jirachi|94/100|[from] Hail
|-heal|p2a: Ninetales|87/100|[from] item: Leftovers
|-heal|p1a: Jirachi|100/100|[from] item: Leftovers
|upkeep
|turn|12
|
|t:|1711022634
|switch|p1a: Starmie|Starmie|100/100
|-item|p1a: Starmie|Air Balloon
|move|p2a: Ninetales|Will-O-Wisp|p1a: Starmie
|-status|p1a: Starmie|brn
|
|-weather|Hail|[upkeep]
|-damage|p1a: Starmie|94/100 brn|[from] Hail
|-damage|p2a: Ninetales|81/100|[from] Hail
|-heal|p2a: Ninetales|87/100|[from] item: Leftovers
|-damage|p1a: Starmie|82/100 brn|[from] brn
|upkeep
|turn|13
|
|t:|1711022645
|move|p2a: Ninetales|Protect|p2a: Ninetales
|-singleturn|p2a: Ninetales|Protect
|move|p1a: Starmie|Surf|p2a: Ninetales
|-activate|p2a: Ninetales|move: Protect
|
|-weather|Hail|[upkeep]
|-damage|p1a: Starmie|76/100 brn|[from] Hail
|-damage|p2a: Ninetales|81/100|[from] Hail
|-heal|p2a: Ninetales|87/100|[from] item: Leftovers
|-damage|p1a: Starmie|64/100 brn|[from] brn
|upkeep
|turn|14
|
|t:|1711022653
|switch|p2a: Amoonguss|Amoonguss, M|77/100 par
|-damage|p2a: Amoonguss|65/100 par|[from] Stealth Rock
|move|p1a: Starmie|Surf|p2a: Amoonguss
|-resisted|p2a: Amoonguss
|-crit|p2a: Amoonguss
|-damage|p2a: Amoonguss|12/100 par
|
|-weather|Hail|[upkeep]
|-damage|p1a: Starmie|58/100 brn|[from] Hail
|-damage|p2a: Amoonguss|6/100 par|[from] Hail
|-heal|p2a: Amoonguss|12/100 par|[from] item: Black Sludge
|-damage|p1a: Starmie|45/100 brn|[from] brn
|upkeep
|turn|15
|
|t:|1711022660
|move|p1a: Starmie|Surf|p2a: Amoonguss
|-resisted|p2a: Amoonguss
|-damage|p2a: Amoonguss|0 fnt
|faint|p2a: Amoonguss
|
|-weather|Hail|[upkeep]
|-damage|p1a: Starmie|39/100 brn|[from] Hail
|-damage|p1a: Starmie|27/100 brn|[from] brn
|upkeep
|
|t:|1711022672
|switch|p2a: Excadrill|Excadrill, M|100/100
|-damage|p2a: Excadrill|97/100|[from] Stealth Rock
|-ability|p2a: Excadrill|Mold Breaker
|turn|16
|
|t:|1711022676
|move|p2a: Excadrill|Rock Slide|p1a: Starmie
|-damage|p1a: Starmie|0 fnt
|-enditem|p1a: Starmie|Air Balloon
|faint|p1a: Starmie
|
|-weather|Hail|[upkeep]
|-damage|p2a: Excadrill|91/100|[from] Hail
|upkeep
|
|t:|1711022679
|switch|p1a: Jirachi|Jirachi|100/100
|turn|17
|
|t:|1711022683
|switch|p2a: Ninetales|Ninetales, M|87/100
|-damage|p2a: Ninetales|62/100|[from] Stealth Rock
|-weather|SunnyDay|[from] ability: Drought|[of] p2a: Ninetales
|move|p1a: Jirachi|Body Slam|p2a: Ninetales
|-damage|p2a: Ninetales|38/100
|-status|p2a: Ninetales|par
|
|-weather|SunnyDay|[upkeep]
|-heal|p2a: Ninetales|44/100 par|[from] item: Leftovers
|upkeep
|turn|18
|
|t:|1711022687
|move|p2a: Ninetales|Protect|p2a: Ninetales
|-singleturn|p2a: Ninetales|Protect
|move|p1a: Jirachi|U-turn|p2a: Ninetales
|-activate|p2a: Ninetales|move: Protect
|
|-weather|SunnyDay|[upkeep]
|-heal|p2a: Ninetales|50/100 par|[from] item: Leftovers
|upkeep
|turn|19
|
|t:|1711022689
|move|p1a: Jirachi|U-turn|p2a: Ninetales
|-resisted|p2a: Ninetales
|-damage|p2a: Ninetales|41/100 par
|
|t:|1711022691
|switch|p1a: Mandibuzz|Mandibuzz, F, shiny|100/100|[from] U-turn
|cant|p2a: Ninetales|par
|
|-weather|SunnyDay|[upkeep]
|-heal|p2a: Ninetales|47/100 par|[from] item: Leftovers
|upkeep
|turn|20
|
|t:|1711022695
|move|p1a: Mandibuzz|Taunt|p2a: Ninetales
|-start|p2a: Ninetales|move: Taunt
|cant|p2a: Ninetales|move: Taunt|Will-O-Wisp
|
|-weather|SunnyDay|[upkeep]
|-heal|p2a: Ninetales|53/100 par|[from] item: Leftovers
|upkeep
|turn|21
|
|t:|1711022700
|move|p1a: Mandibuzz|Brave Bird|p2a: Ninetales
|-damage|p2a: Ninetales|20/100 par
|-damage|p1a: Mandibuzz|91/100|[from] Recoil
|move|p2a: Ninetales|Flamethrower|p1a: Mandibuzz
|-damage|p1a: Mandibuzz|68/100
|
|-weather|SunnyDay|[upkeep]
|-heal|p1a: Mandibuzz|74/100|[from] item: Leftovers
|-heal|p2a: Ninetales|26/100 par|[from] item: Leftovers
|upkeep
|turn|22
|
|t:|1711022706
|switch|p2a: Excadrill|Excadrill, M|91/100
|-damage|p2a: Excadrill|88/100|[from] Stealth Rock
|-ability|p2a: Excadrill|Mold Breaker
|move|p1a: Mandibuzz|Roost|p1a: Mandibuzz
|-heal|p1a: Mandibuzz|100/100
|-singleturn|p1a: Mandibuzz|move: Roost
|
|-weather|SunnyDay|[upkeep]
|upkeep
|turn|23
|
|t:|1711022710
|switch|p1a: Jirachi|Jirachi|100/100
|move|p2a: Excadrill|Rapid Spin|p1a: Jirachi
|-resisted|p1a: Jirachi
|-damage|p1a: Jirachi|97/100
|-sideend|p2: ghosted by brizz|Stealth Rock|[from] move: Rapid Spin|[of] p2a: Excadrill
|
|-weather|SunnyDay|[upkeep]
|-heal|p1a: Jirachi|100/100|[from] item: Leftovers
|upkeep
|turn|24
|
|t:|1711022718
|switch|p2a: Volcarona|Volcarona, F|100/100
|move|p1a: Jirachi|U-turn|p2a: Volcarona
|-resisted|p2a: Volcarona
|-damage|p2a: Volcarona|93/100
|
|t:|1711022720
|switch|p1a: Mandibuzz|Mandibuzz, F, shiny|100/100|[from] U-turn
|
|-weather|SunnyDay|[upkeep]
|upkeep
|turn|25
|
|t:|1711022724
|switch|p2a: Landorus|Landorus-Therian, M|88/100 brn
|-ability|p2a: Landorus|Intimidate|boost
|-unboost|p1a: Mandibuzz|atk|1
|move|p1a: Mandibuzz|Brave Bird|p2a: Landorus
|-damage|p2a: Landorus|68/100 brn
|-damage|p1a: Mandibuzz|95/100|[from] Recoil
|
|-weather|SunnyDay|[upkeep]
|-heal|p2a: Landorus|74/100 brn|[from] item: Leftovers
|-heal|p1a: Mandibuzz|100/100|[from] item: Leftovers
|-damage|p2a: Landorus|62/100 brn|[from] brn
|upkeep
|turn|26
|
|t:|1711022730
|switch|p1a: Rotom|Rotom-Wash|40/100 brn
|move|p2a: Landorus|Stealth Rock|p1a: Rotom
|-sidestart|p1: torinoko city|move: Stealth Rock
|
|-weather|SunnyDay|[upkeep]
|-heal|p2a: Landorus|68/100 brn|[from] item: Leftovers
|-heal|p1a: Rotom|46/100 brn|[from] item: Leftovers
|-damage|p2a: Landorus|56/100 brn|[from] brn
|-damage|p1a: Rotom|33/100 brn|[from] brn
|upkeep
|turn|27
|
|t:|1711022735
|move|p2a: Landorus|U-turn|p1a: Rotom
|-crit|p1a: Rotom
|-damage|p1a: Rotom|16/100 brn
|
|t:|1711022736
|switch|p2a: Ninetales|Ninetales, M|26/100 par|[from] U-turn
|move|p1a: Rotom|Volt Switch|p2a: Ninetales
|-damage|p2a: Ninetales|5/100 par
|
|t:|1711022740
|switch|p1a: Jirachi|Jirachi|100/100|[from] Volt Switch
|-damage|p1a: Jirachi|94/100|[from] Stealth Rock
|
|-weather|SunnyDay|[upkeep]
|-heal|p1a: Jirachi|100/100|[from] item: Leftovers
|-heal|p2a: Ninetales|11/100 par|[from] item: Leftovers
|upkeep
|turn|28
|
|t:|1711022743
|move|p1a: Jirachi|Stealth Rock|p2a: Ninetales
|-sidestart|p2: ghosted by brizz|move: Stealth Rock
|move|p2a: Ninetales|Will-O-Wisp|p1a: Jirachi|[miss]
|-miss|p2a: Ninetales|p1a: Jirachi
|
|-weather|SunnyDay|[upkeep]
|-heal|p2a: Ninetales|17/100 par|[from] item: Leftovers
|upkeep
|turn|29
|
|t:|1711022746
|move|p2a: Ninetales|Protect|p2a: Ninetales
|-singleturn|p2a: Ninetales|Protect
|move|p1a: Jirachi|Body Slam|p2a: Ninetales
|-activate|p2a: Ninetales|move: Protect
|
|-weather|SunnyDay|[upkeep]
|-heal|p2a: Ninetales|23/100 par|[from] item: Leftovers
|upkeep
|turn|30
|
|t:|1711022749
|move|p1a: Jirachi|Body Slam|p2a: Ninetales
|-damage|p2a: Ninetales|0 fnt
|faint|p2a: Ninetales
|
|-weather|SunnyDay|[upkeep]
|upkeep
|
|t:|1711022761
|switch|p2a: Excadrill|Excadrill, M|88/100
|-damage|p2a: Excadrill|85/100|[from] Stealth Rock
|-ability|p2a: Excadrill|Mold Breaker
|turn|31
|
|t:|1711022765
|switch|p1a: Rotom|Rotom-Wash|16/100 brn
|-damage|p1a: Rotom|4/100 brn|[from] Stealth Rock
|move|p2a: Excadrill|Rapid Spin|p1a: Rotom
|-damage|p1a: Rotom|0 fnt
|-sideend|p2: ghosted by brizz|Stealth Rock|[from] move: Rapid Spin|[of] p2a: Excadrill
|faint|p1a: Rotom
|
|-weather|SunnyDay|[upkeep]
|upkeep
|
|t:|1711022772
|switch|p1a: Mamoswine|Mamoswine, F|100/100
|-damage|p1a: Mamoswine|88/100|[from] Stealth Rock
|turn|32
|
|t:|1711022776
|switch|p2a: Cresselia|Cresselia, F|100/100
|move|p1a: Mamoswine|Icicle Crash|p2a: Cresselia
|-damage|p2a: Cresselia|63/100
|
|-weather|SunnyDay|[upkeep]
|upkeep
|turn|33
|
|t:|1711022779
|move|p1a: Mamoswine|Icicle Crash|p2a: Cresselia
|-damage|p2a: Cresselia|30/100
|cant|p2a: Cresselia|flinch
|
|-weather|SunnyDay|[upkeep]
|upkeep
|turn|34
|
|t:|1711022787
|move|p1a: Mamoswine|Icicle Crash|p2a: Cresselia
|-damage|p2a: Cresselia|0 fnt
|faint|p2a: Cresselia
|
|-weather|SunnyDay|[upkeep]
|upkeep
|c|☆ghosted by brizz|!calc
|c| ghosted by brizz|/raw <div class="infobox">Pok&eacute;mon Showdown! damage calculator. (Courtesy of Honko, Austin, &amp; Kris)<br />- <a href="https://calc.pokemonshowdown.com/index.html">Damage Calculator</a></div>
|
|t:|1711022811
|switch|p2a: Volcarona|Volcarona, F|93/100
|turn|35
|
|t:|1711022815
|switch|p1a: Mandibuzz|Mandibuzz, F, shiny|100/100
|-damage|p1a: Mandibuzz|76/100|[from] Stealth Rock
|move|p2a: Volcarona|Quiver Dance|p2a: Volcarona
|-boost|p2a: Volcarona|spa|1
|-boost|p2a: Volcarona|spd|1
|-boost|p2a: Volcarona|spe|1
|
|-weather|SunnyDay|[upkeep]
|-heal|p1a: Mandibuzz|82/100|[from] item: Leftovers
|upkeep
|turn|36
|
|t:|1711022819
|move|p2a: Volcarona|Fiery Dance|p1a: Mandibuzz
|-damage|p1a: Mandibuzz|31/100
|move|p1a: Mandibuzz|Brave Bird|p2a: Volcarona
|-supereffective|p2a: Volcarona
|-damage|p2a: Volcarona|38/100
|-damage|p1a: Mandibuzz|15/100|[from] Recoil
|
|-weather|SunnyDay|[upkeep]
|-heal|p1a: Mandibuzz|21/100|[from] item: Leftovers
|upkeep
|turn|37
|
|t:|1711022831
|move|p2a: Volcarona|Fiery Dance|p1a: Mandibuzz
|-damage|p1a: Mandibuzz|0 fnt
|faint|p1a: Mandibuzz
|
|-weather|SunnyDay|[upkeep]
|upkeep
|
|t:|1711022835
|switch|p1a: Mamoswine|Mamoswine, F|88/100
|-damage|p1a: Mamoswine|76/100|[from] Stealth Rock
|turn|38
|
|t:|1711022844
|move|p1a: Mamoswine|Ice Shard|p2a: Volcarona
|-resisted|p2a: Volcarona
|-crit|p2a: Volcarona
|-damage|p2a: Volcarona|5/100
|move|p2a: Volcarona|Fiery Dance|p1a: Mamoswine
|-supereffective|p1a: Mamoswine
|-damage|p1a: Mamoswine|0 fnt
|-boost|p2a: Volcarona|spa|1
|faint|p1a: Mamoswine
|
|-weather|SunnyDay|[upkeep]
|upkeep
|
|t:|1711022848
|switch|p1a: Jirachi|Jirachi|100/100
|-damage|p1a: Jirachi|94/100|[from] Stealth Rock
|turn|39
|
|t:|1711022849
|move|p2a: Volcarona|Fiery Dance|p1a: Jirachi
|-supereffective|p1a: Jirachi
|-damage|p1a: Jirachi|0 fnt
|-boost|p2a: Volcarona|spa|1
|faint|p1a: Jirachi
|
|win|ghosted by brizz
|raw|torinoko city's rating: 1345 &rarr; <strong>1327</strong><br />(-18 for losing)
|raw|ghosted by brizz's rating: 1381 &rarr; <strong>1399</strong><br />(+18 for winning)
|c|☆torinoko city|gg
|c|☆ghosted by brizz|gg
|l|☆torinoko city
|player|p1|
