|j|☆leoperi99
|j|☆patcheele~
|t:|1711404416
|gametype|singles
|player|p1|leoperi99|red-gen2|1402
|player|p2|patcheele~|psychic-gen2|1368
|teamsize|p1|6
|teamsize|p2|6
|gen|5
|tier|[Gen 5] OU
|rated|
|rule|Species Clause: Limit one of each Pokémon
|rule|OHKO Clause: OHKO moves are banned
|rule|Moody Clause: Moody is banned
|rule|Evasion Items Clause: Evasion items are banned
|rule|Evasion Moves Clause: Evasion moves are banned
|rule|Endless Battle Clause: Forcing endless battles is banned
|rule|HP Percentage Mod: HP is shown in percentages
|rule|Evasion Abilities Clause: Evasion abilities are banned
|rule|Sleep Moves Clause: Sleep-inducing moves are banned
|rule|Swagger Clause: Swagger is banned
|rule|Baton Pass Stat Clause: No Baton Passer may have a way to boost its stats
|clearpoke
|poke|p1|Abomasnow, M|item
|poke|p1|Donphan, F|item
|poke|p1|Kyurem|item
|poke|p1|Slowking, F|item
|poke|p1|Skarmory, M|item
|poke|p1|Latios, M|item
|poke|p2|Politoed, M|item
|poke|p2|Kyurem-Black|item
|poke|p2|Starmie|item
|poke|p2|Ferrothorn, F|item
|poke|p2|Garchomp, M|item
|poke|p2|Latios, M|item
|teampreview
|inactive|Battle timer is ON: inactive players will automatically lose when time's up. (requested by patcheele~)
|
|t:|1711404439
|start
|switch|p1a: Abomasnow|Abomasnow, M, shiny|100/100
|switch|p2a: Ferrothorn|Ferrothorn, F|100/100
|-weather|Hail|[from] ability: Snow Warning|[of] p1a: Abomasnow
|turn|1
|
|t:|1711404445
|switch|p1a: Donphan|Donphan, F|100/100
|move|p2a: Ferrothorn|Spikes|p1a: Donphan
|-sidestart|p1: leoperi99|Spikes
|
|-weather|Hail|[upkeep]
|-damage|p1a: Donphan|94/100|[from] Hail
|-damage|p2a: Ferrothorn|95/100|[from] Hail
|-heal|p1a: Donphan|100/100|[from] item: Leftovers
|-heal|p2a: Ferrothorn|100/100|[from] item: Leftovers
|upkeep
|turn|2
|
|t:|1711404447
|move|p1a: Donphan|Stealth Rock|p2a: Ferrothorn
|-sidestart|p2: patcheele~|move: Stealth Rock
|move|p2a: Ferrothorn|Power Whip|p1a: Donphan
|-supereffective|p1a: Donphan
|-damage|p1a: Donphan|44/100
|
|-weather|Hail|[upkeep]
|-damage|p1a: Donphan|38/100|[from] Hail
|-damage|p2a: Ferrothorn|95/100|[from] Hail
|-heal|p1a: Donphan|44/100|[from] item: Leftovers
|-heal|p2a: Ferrothorn|100/100|[from] item: Leftovers
|upkeep
|turn|3
|
|t:|1711404456
|move|p1a: Donphan|Knock Off|p2a: Ferrothorn
|-resisted|p2a: Ferrothorn
|-crit|p2a: Ferrothorn
|-damage|p2a: Ferrothorn|96/100
|-damage|p1a: Donphan|32/100|[from] ability: Iron Barbs|[of] p2a: Ferrothorn
|-enditem|p2a: Ferrothorn|Leftovers|[from] move: Knock Off|[of] p1a: Donphan
|move|p2a: Ferrothorn|Power Whip|p1a: Donphan
|-supereffective|p1a: Donphan
|-damage|p1a: Donphan|0 fnt
|faint|p1a: Donphan
|
|-weather|Hail|[upkeep]
|-damage|p2a: Ferrothorn|90/100|[from] Hail
|upkeep
|
|t:|1711404461
|switch|p1a: Latios but cooler|Kyurem, shiny|100/100
|-damage|p1a: Latios but cooler|88/100|[from] Spikes
|-ability|p1a: Latios but cooler|Pressure
|turn|4
|
|t:|1711404466
|move|p1a: Latios but cooler|Draco Meteor|p2a: Ferrothorn
|-resisted|p2a: Ferrothorn
|-damage|p2a: Ferrothorn|55/100
|-unboost|p1a: Latios but cooler|spa|2
|move|p2a: Ferrothorn|Spikes|p1a: Latios but cooler
|-sidestart|p1: leoperi99|Spikes
|
|-weather|Hail|[upkeep]
|-damage|p2a: Ferrothorn|49/100|[from] Hail
|upkeep
|turn|5
|
|t:|1711404469
|switch|p1a: Abomasnow|Abomasnow, M, shiny|100/100
|-damage|p1a: Abomasnow|84/100|[from] Spikes
|move|p2a: Ferrothorn|Gyro Ball|p1a: Abomasnow
|-supereffective|p1a: Abomasnow
|-damage|p1a: Abomasnow|7/100
|
|-weather|Hail|[upkeep]
|-damage|p2a: Ferrothorn|43/100|[from] Hail
|-heal|p1a: Abomasnow|13/100|[from] item: Leftovers
|upkeep
|turn|6
|
|t:|1711404475
|move|p1a: Abomasnow|Blizzard|p2a: Ferrothorn
|-damage|p2a: Ferrothorn|10/100
|move|p2a: Ferrothorn|Spikes|p1a: Abomasnow
|-sidestart|p1: leoperi99|Spikes
|
|-weather|Hail|[upkeep]
|-damage|p2a: Ferrothorn|4/100|[from] Hail
|-heal|p1a: Abomasnow|19/100|[from] item: Leftovers
|upkeep
|turn|7
|
|t:|1711404478
|move|p1a: Abomasnow|Giga Drain|p2a: Ferrothorn
|-resisted|p2a: Ferrothorn
|-damage|p2a: Ferrothorn|0 fnt
|-heal|p1a: Abomasnow|20/100|[from] drain|[of] p2a: Ferrothorn
|faint|p2a: Ferrothorn
|
|-weather|Hail|[upkeep]
|-heal|p1a: Abomasnow|27/100|[from] item: Leftovers
|upkeep
|
|t:|1711404482
|switch|p2a: Politoed|Politoed, M|100/100
|-damage|p2a: Politoed|88/100|[from] Stealth Rock
|-weather|RainDance|[from] ability: Drizzle|[of] p2a: Politoed
|turn|8
|
|t:|1711404485
|move|p1a: Abomasnow|Protect|p1a: Abomasnow
|-singleturn|p1a: Abomasnow|Protect
|move|p2a: Politoed|Scald|p1a: Abomasnow
|-activate|p1a: Abomasnow|move: Protect
|
|-weather|RainDance|[upkeep]
|-heal|p1a: Abomasnow|33/100|[from] item: Leftovers
|-heal|p2a: Politoed|94/100|[from] item: Leftovers
|upkeep
|turn|9
|
|t:|1711404488
|move|p1a: Abomasnow|Giga Drain|p2a: Politoed
|-supereffective|p2a: Politoed
|-damage|p2a: Politoed|53/100
|-heal|p1a: Abomasnow|54/100|[from] drain|[of] p2a: Politoed
|move|p2a: Politoed|Encore|p1a: Abomasnow
|-start|p1a: Abomasnow|Encore
|
|-weather|RainDance|[upkeep]
|-heal|p1a: Abomasnow|60/100|[from] item: Leftovers
|-heal|p2a: Politoed|59/100|[from] item: Leftovers
|upkeep
|turn|10
|
|t:|1711404492
|switch|p2a: Latios|Latios, M|100/100
|-damage|p2a: Latios|88/100|[from] Stealth Rock
|move|p1a: Abomasnow|Giga Drain|p2a: Latios
|-resisted|p2a: Latios
|-damage|p2a: Latios|73/100
|-heal|p1a: Abomasnow|66/100|[from] drain|[of] p2a: Latios
|
|-weather|RainDance|[upkeep]
|-heal|p1a: Abomasnow|72/100|[from] item: Leftovers
|upkeep
|turn|11
|
|t:|1711404496
|switch|p1a: Slowking|Slowking, F, shiny|100/100
|-damage|p1a: Slowking|76/100|[from] Spikes
|move|p2a: Latios|Draco Meteor|p1a: Slowking
|-damage|p1a: Slowking|27/100
|-unboost|p2a: Latios|spa|2
|
|-weather|RainDance|[upkeep]
|-heal|p1a: Slowking|33/100|[from] item: Leftovers
|upkeep
|turn|12
|
|t:|1711404502
|switch|p2a: Starmie|Starmie|100/100
|-damage|p2a: Starmie|88/100|[from] Stealth Rock
|-item|p2a: Starmie|Air Balloon
|move|p1a: Slowking|Slack Off|p1a: Slowking
|-heal|p1a: Slowking|83/100
|
|-weather|RainDance|[upkeep]
|-heal|p1a: Slowking|89/100|[from] item: Leftovers
|upkeep
|turn|13
|
|t:|1711404505
|move|p2a: Starmie|Rapid Spin|p1a: Slowking
|-damage|p1a: Slowking|86/100
|-sideend|p2: patcheele~|Stealth Rock|[from] move: Rapid Spin|[of] p2a: Starmie
|move|p1a: Slowking|Thunder Wave|p2a: Starmie
|-status|p2a: Starmie|par
|
|-weather|RainDance|[upkeep]
|-heal|p1a: Slowking|92/100|[from] item: Leftovers
|upkeep
|turn|14
|
|t:|1711404508
|switch|p1a: Abomasnow|Abomasnow, M, shiny|72/100
|-damage|p1a: Abomasnow|47/100|[from] Spikes
|-weather|Hail|[from] ability: Snow Warning|[of] p1a: Abomasnow
|move|p2a: Starmie|Thunder|p1a: Abomasnow
|-resisted|p1a: Abomasnow
|-damage|p1a: Abomasnow|24/100
|
|-weather|Hail|[upkeep]
|-damage|p2a: Starmie|82/100 par|[from] Hail
|-heal|p1a: Abomasnow|30/100|[from] item: Leftovers
|upkeep
|turn|15
|
|t:|1711404517
|switch|p2a: Latios|Latios, M|73/100
|move|p1a: Abomasnow|Giga Drain|p2a: Latios
|-resisted|p2a: Latios
|-damage|p2a: Latios|57/100
|-heal|p1a: Abomasnow|36/100|[from] drain|[of] p2a: Latios
|
|-weather|Hail|[upkeep]
|-damage|p2a: Latios|51/100|[from] Hail
|-heal|p1a: Abomasnow|43/100|[from] item: Leftovers
|upkeep
|turn|16
|
|t:|1711404520
|move|p1a: Abomasnow|Protect|p1a: Abomasnow
|-singleturn|p1a: Abomasnow|Protect
|move|p2a: Latios|Draco Meteor|p1a: Abomasnow
|-activate|p1a: Abomasnow|move: Protect
|
|-weather|Hail|[upkeep]
|-damage|p2a: Latios|45/100|[from] Hail
|-heal|p1a: Abomasnow|49/100|[from] item: Leftovers
|upkeep
|turn|17
|
|t:|1711404529
|move|p1a: Abomasnow|Protect|p1a: Abomasnow
|-singleturn|p1a: Abomasnow|Protect
|move|p2a: Latios|Draco Meteor|p1a: Abomasnow
|-activate|p1a: Abomasnow|move: Protect
|
|-weather|Hail|[upkeep]
|-damage|p2a: Latios|39/100|[from] Hail
|-heal|p1a: Abomasnow|55/100|[from] item: Leftovers
|upkeep
|turn|18
|
|t:|1711404534
|switch|p1a: Slowking|Slowking, F, shiny|100/100
|-damage|p1a: Slowking|76/100|[from] Spikes
|move|p2a: Latios|Draco Meteor|p1a: Slowking
|-damage|p1a: Slowking|27/100
|-unboost|p2a: Latios|spa|2
|
|-weather|Hail|[upkeep]
|-damage|p2a: Latios|33/100|[from] Hail
|-damage|p1a: Slowking|21/100|[from] Hail
|-heal|p1a: Slowking|27/100|[from] item: Leftovers
|upkeep
|turn|19
|
|t:|1711404549
|move|p2a: Latios|Draco Meteor|p1a: Slowking
|-damage|p1a: Slowking|7/100
|-unboost|p2a: Latios|spa|2
|move|p1a: Slowking|Slack Off|p1a: Slowking
|-heal|p1a: Slowking|57/100
|
|-weather|Hail|[upkeep]
|-damage|p2a: Latios|27/100|[from] Hail
|-damage|p1a: Slowking|50/100|[from] Hail
|-heal|p1a: Slowking|57/100|[from] item: Leftovers
|upkeep
|turn|20
|
|t:|1711404561
|switch|p2a: Politoed|Politoed, M|59/100
|-weather|RainDance|[from] ability: Drizzle|[of] p2a: Politoed
|move|p1a: Slowking|Slack Off|p1a: Slowking
|-heal|p1a: Slowking|100/100
|
|-weather|RainDance|[upkeep]
|-heal|p2a: Politoed|66/100|[from] item: Leftovers
|upkeep
|turn|21
|
|t:|1711404572
|switch|p1a: Abomasnow|Abomasnow, M, shiny|55/100
|-damage|p1a: Abomasnow|30/100|[from] Spikes
|-weather|Hail|[from] ability: Snow Warning|[of] p1a: Abomasnow
|move|p2a: Politoed|Toxic|p1a: Abomasnow
|-status|p1a: Abomasnow|tox
|
|-weather|Hail|[upkeep]
|-damage|p2a: Politoed|59/100|[from] Hail
|-heal|p1a: Abomasnow|36/100 tox|[from] item: Leftovers
|-heal|p2a: Politoed|66/100|[from] item: Leftovers
|-damage|p1a: Abomasnow|30/100 tox|[from] psn
|upkeep
|turn|22
|
|t:|1711404580
|switch|p2a: Kyurem|Kyurem-Black|100/100
|-ability|p2a: Kyurem|Teravolt
|move|p1a: Abomasnow|Leech Seed|p2a: Kyurem
|-start|p2a: Kyurem|move: Leech Seed
|
|-weather|Hail|[upkeep]
|-heal|p1a: Abomasnow|36/100 tox|[from] item: Leftovers
|-damage|p2a: Kyurem|88/100|[from] Leech Seed|[of] p1a: Abomasnow
|-heal|p1a: Abomasnow|50/100 tox|[silent]
|-damage|p1a: Abomasnow|37/100 tox|[from] psn
|upkeep
|turn|23
|
|t:|1711404587
|switch|p2a: Politoed|Politoed, M|66/100
|-weather|RainDance|[from] ability: Drizzle|[of] p2a: Politoed
|move|p1a: Abomasnow|Blizzard|p2a: Politoed
|-resisted|p2a: Politoed
|-damage|p2a: Politoed|49/100
|
|-weather|RainDance|[upkeep]
|-heal|p1a: Abomasnow|43/100 tox|[from] item: Leftovers
|-heal|p2a: Politoed|55/100|[from] item: Leftovers
|-damage|p1a: Abomasnow|25/100 tox|[from] psn
|upkeep
|turn|24
|j| delicousfalcon
|
|t:|1711404594
|move|p2a: Politoed|Protect|p2a: Politoed
|-singleturn|p2a: Politoed|Protect
|move|p1a: Abomasnow|Giga Drain|p2a: Politoed
|-activate|p2a: Politoed|move: Protect
|
|-weather|RainDance|[upkeep]
|-heal|p1a: Abomasnow|31/100 tox|[from] item: Leftovers
|-heal|p2a: Politoed|62/100|[from] item: Leftovers
|-damage|p1a: Abomasnow|7/100 tox|[from] psn
|upkeep
|turn|25
|
|t:|1711404603
|move|p2a: Politoed|Protect|p2a: Politoed
|-singleturn|p2a: Politoed|Protect
|move|p1a: Abomasnow|Giga Drain|p2a: Politoed
|-activate|p2a: Politoed|move: Protect
|
|-weather|RainDance|[upkeep]
|-heal|p1a: Abomasnow|13/100 tox|[from] item: Leftovers
|-heal|p2a: Politoed|68/100|[from] item: Leftovers
|-damage|p1a: Abomasnow|0 fnt|[from] psn
|faint|p1a: Abomasnow
|upkeep
|l| delicousfalcon
|
|t:|1711404612
|switch|p1a: Latios but cooler|Kyurem, shiny|88/100
|-damage|p1a: Latios but cooler|63/100|[from] Spikes
|-ability|p1a: Latios but cooler|Pressure
|turn|26
|
|t:|1711404620
|move|p1a: Latios but cooler|Draco Meteor|p2a: Politoed
|-damage|p2a: Politoed|0 fnt
|-unboost|p1a: Latios but cooler|spa|2
|faint|p2a: Politoed
|
|-weather|RainDance|[upkeep]
|upkeep
|
|t:|1711404624
|switch|p2a: Kyurem|Kyurem-Black|88/100
|-ability|p2a: Kyurem|Teravolt
|turn|27
|
|t:|1711404628
|move|p1a: Latios but cooler|Draco Meteor|p2a: Kyurem
|-supereffective|p2a: Kyurem
|-damage|p2a: Kyurem|0 fnt
|-unboost|p1a: Latios but cooler|spa|2
|faint|p2a: Kyurem
|
|-weather|RainDance|[upkeep]
|upkeep
|
|t:|1711404632
|switch|p2a: Latios|Latios, M|27/100
|turn|28
|
|t:|1711404635
|switch|p1a: Slowking|Slowking, F, shiny|100/100
|-damage|p1a: Slowking|76/100|[from] Spikes
|move|p2a: Latios|Draco Meteor|p1a: Slowking
|-damage|p1a: Slowking|34/100
|-unboost|p2a: Latios|spa|2
|
|-weather|RainDance|[upkeep]
|-heal|p1a: Slowking|40/100|[from] item: Leftovers
|upkeep
|turn|29
|
|t:|1711404641
|switch|p2a: Starmie|Starmie|82/100 par
|-item|p2a: Starmie|Air Balloon
|move|p1a: Slowking|Slack Off|p1a: Slowking
|-heal|p1a: Slowking|90/100
|
|-weather|RainDance|[upkeep]
|-heal|p1a: Slowking|96/100|[from] item: Leftovers
|upkeep
|turn|30
|
|t:|1711404646
|switch|p1a: Latios but cooler|Kyurem, shiny|63/100
|-damage|p1a: Latios but cooler|39/100|[from] Spikes
|-ability|p1a: Latios but cooler|Pressure
|move|p2a: Starmie|Thunder|p1a: Latios but cooler
|-resisted|p1a: Latios but cooler
|-damage|p1a: Latios but cooler|19/100
|-status|p1a: Latios but cooler|par
|
|-weather|RainDance|[upkeep]
|upkeep
|turn|31
|
|t:|1711404656
|move|p2a: Starmie|Thunder|p1a: Latios but cooler
|-resisted|p1a: Latios but cooler
|-damage|p1a: Latios but cooler|5/100 par
|move|p1a: Latios but cooler|Draco Meteor|p2a: Starmie
|-damage|p2a: Starmie|0 fnt
|-unboost|p1a: Latios but cooler|spa|2
|-enditem|p2a: Starmie|Air Balloon
|faint|p2a: Starmie
|
|-weather|RainDance|[upkeep]
|upkeep
|
|t:|1711404660
|switch|p2a: Garchomp|Garchomp, M|100/100
|turn|32
|
|t:|1711404663
|move|p2a: Garchomp|Stealth Rock|p1a: Latios but cooler
|-sidestart|p1: leoperi99|move: Stealth Rock
|move|p1a: Latios but cooler|Draco Meteor|p2a: Garchomp
|-supereffective|p2a: Garchomp
|-damage|p2a: Garchomp|0 fnt
|-unboost|p1a: Latios but cooler|spa|2
|faint|p2a: Garchomp
|
|-weather|RainDance|[upkeep]
|upkeep
|
|t:|1711404665
|switch|p2a: Latios|Latios, M|27/100
|turn|33
|
|t:|1711404667
|move|p2a: Latios|Psyshock|p1a: Latios but cooler
|-damage|p1a: Latios but cooler|0 fnt
|faint|p1a: Latios but cooler
|
|-weather|RainDance|[upkeep]
|upkeep
|
|t:|1711404670
|switch|p1a: Skarmory|Skarmory, M|100/100
|-damage|p1a: Skarmory|88/100|[from] Stealth Rock
|turn|34
|
|t:|1711404672
|move|p2a: Latios|Psyshock|p1a: Skarmory
|-resisted|p1a: Skarmory
|-damage|p1a: Skarmory|75/100
|move|p1a: Skarmory|Brave Bird|p2a: Latios
|-damage|p2a: Latios|0 fnt
|faint|p2a: Latios
|-damage|p1a: Skarmory|67/100|[from] Recoil
|
|win|leoperi99
|raw|leoperi99's rating: 1402 &rarr; <strong>1420</strong><br />(+18 for winning)
|raw|patcheele~'s rating: 1368 &rarr; <strong>1350</strong><br />(-18 for losing)
|c|☆patcheele~|gg
|c|☆leoperi99|gg
|l|☆patcheele~
|player|p2|
