|j|‽Ryusen696969
|j|☆affksl1
|t:|1716411859
|gametype|singles
|player|p1|Ryusen696969|170|1372
|player|p2|affksl1|pokemaniac-gen3rs|1475
|teamsize|p1|6
|teamsize|p2|6
|gen|5
|tier|[Gen 5] OU
|rated|
|rule|Species Clause: Limit one of each Pokémon
|rule|OHKO Clause: OHKO moves are banned
|rule|Moody Clause: Moody is banned
|rule|Evasion Items Clause: Evasion items are banned
|rule|Evasion Moves Clause: Evasion moves are banned
|rule|Endless Battle Clause: Forcing endless battles is banned
|rule|HP Percentage Mod: HP is shown in percentages
|rule|Evasion Abilities Clause: Evasion abilities are banned
|rule|Sleep Moves Clause: Sleep-inducing moves are banned
|rule|Swagger Clause: Swagger is banned
|rule|Baton Pass Stat Clause: No Baton Passer may have a way to boost its stats
|clearpoke
|poke|p1|Garchomp, M|item
|poke|p1|Blissey, F|item
|poke|p1|Suicune|item
|poke|p1|Scizor, F|item
|poke|p1|Zoroark, F|item
|poke|p1|Alakazam, M|item
|poke|p2|Bronzong|item
|poke|p2|Gallade, M|item
|poke|p2|Jellicent, M|item
|poke|p2|Conkeldurr, M|item
|poke|p2|Reuniclus, F|item
|poke|p2|Dragonite, M|item
|teampreview
|inactive|Battle timer is ON: inactive players will automatically lose when time's up. (requested by affksl1)
|inactive|Ryusen696969 also wants the timer to be on.
|
|t:|1716411875
|start
|switch|p1a: Garchomp|Garchomp, M|100/100
|switch|p2a: Bronzong|Bronzong|100/100
|turn|1
|
|t:|1716411878
|move|p1a: Garchomp|Flamethrower|p2a: Bronzong
|-supereffective|p2a: Bronzong
|-damage|p2a: Bronzong|68/100
|move|p2a: Bronzong|Stealth Rock|p1a: Garchomp
|-sidestart|p1: Ryusen696969|move: Stealth Rock
|
|upkeep
|turn|2
|
|t:|1716411883
|move|p1a: Garchomp|Flamethrower|p2a: Bronzong
|-supereffective|p2a: Bronzong
|-damage|p2a: Bronzong|32/100
|move|p2a: Bronzong|Trick Room|p2a: Bronzong
|-fieldstart|move: Trick Room|[of] p2a: Bronzong
|
|upkeep
|turn|3
|
|t:|1716411892
|move|p2a: Bronzong|Explosion|p1a: Garchomp
|-damage|p1a: Garchomp|0 fnt
|replace|p1a: Zoroark|Zoroark, F
|-end|p1a: Zoroark|Illusion
|faint|p2a: Bronzong
|faint|p1a: Zoroark
|
|upkeep
|
|t:|1716411903
|switch|p2a: Conkeldurr|Conkeldurr, M|100/100
|switch|p1a: Alakazam|Alakazam, M|100/100
|turn|4
|inactive|affksl1 has 120 seconds left.
|
|t:|1716411945
|move|p2a: Conkeldurr|Drain Punch|p1a: Alakazam
|-resisted|p1a: Alakazam
|-damage|p1a: Alakazam|4/100
|-damage|p2a: Conkeldurr|91/100|[from] item: Life Orb
|move|p1a: Alakazam|Psychic|p2a: Conkeldurr
|-supereffective|p2a: Conkeldurr
|-crit|p2a: Conkeldurr
|-damage|p2a: Conkeldurr|0 fnt
|faint|p2a: Conkeldurr
|
|upkeep
|
|t:|1716411948
|switch|p2a: Gallade|Gallade, M|100/100
|turn|5
|inactive|affksl1 has 120 seconds left.
|
|t:|1716411961
|switch|p1a: Scizor|Scizor, F|100/100
|-damage|p1a: Scizor|88/100|[from] Stealth Rock
|move|p2a: Gallade|Ice Punch|p1a: Scizor
|-resisted|p1a: Scizor
|-damage|p1a: Scizor|66/100
|-damage|p2a: Gallade|91/100|[from] item: Life Orb
|
|upkeep
|turn|6
|
|t:|1716411967
|move|p2a: Gallade|Close Combat|p1a: Scizor
|-damage|p1a: Scizor|0 fnt
|-unboost|p2a: Gallade|def|1
|-unboost|p2a: Gallade|spd|1
|faint|p1a: Scizor
|-damage|p2a: Gallade|81/100|[from] item: Life Orb
|
|-fieldend|move: Trick Room
|upkeep
|
|t:|1716411973
|switch|p1a: Garchomp|Garchomp, M|100/100
|-damage|p1a: Garchomp|94/100|[from] Stealth Rock
|turn|7
|
|t:|1716411979
|switch|p2a: Jellicent|Jellicent, M|100/100
|-item|p2a: Jellicent|Air Balloon
|move|p1a: Garchomp|Outrage|p2a: Jellicent
|-damage|p2a: Jellicent|25/100
|-enditem|p2a: Jellicent|Air Balloon
|
|upkeep
|turn|8
|
|t:|1716411983
|move|p1a: Garchomp|Outrage|p2a: Jellicent|[from]lockedmove
|-damage|p2a: Jellicent|0 fnt
|faint|p2a: Jellicent
|-start|p1a: Garchomp|confusion|[fatigue]
|
|upkeep
|
|t:|1716411985
|switch|p2a: Reuniclus|Reuniclus, F|100/100
|turn|9
|
|t:|1716411989
|switch|p1a: Alakazam|Alakazam, M|4/100
|move|p2a: Reuniclus|Trick Room|p2a: Reuniclus
|-fieldstart|move: Trick Room|[of] p2a: Reuniclus
|
|upkeep
|turn|10
|
|t:|1716411994
|move|p2a: Reuniclus|Psyshock|p1a: Alakazam
|-resisted|p1a: Alakazam
|-damage|p1a: Alakazam|0 fnt
|faint|p1a: Alakazam
|
|upkeep
|
|t:|1716412000
|switch|p1a: Suicune|Suicune, shiny|100/100
|-damage|p1a: Suicune|88/100|[from] Stealth Rock
|-ability|p1a: Suicune|Pressure
|turn|11
|
|t:|1716412012
|move|p2a: Reuniclus|Psyshock|p1a: Suicune
|-damage|p1a: Suicune|55/100
|move|p1a: Suicune|Surf|p2a: Reuniclus
|-damage|p2a: Reuniclus|70/100
|
|-heal|p1a: Suicune|61/100|[from] item: Leftovers
|upkeep
|turn|12
|
|t:|1716412020
|move|p2a: Reuniclus|Psyshock|p1a: Suicune
|-damage|p1a: Suicune|26/100
|move|p1a: Suicune|Surf|p2a: Reuniclus
|-damage|p2a: Reuniclus|39/100
|
|-heal|p1a: Suicune|32/100|[from] item: Leftovers
|upkeep
|turn|13
|
|t:|1716412027
|move|p2a: Reuniclus|Psyshock|p1a: Suicune
|-damage|p1a: Suicune|0 fnt
|faint|p1a: Suicune
|
|-fieldend|move: Trick Room
|upkeep
|
|t:|1716412031
|switch|p1a: Garchomp|Garchomp, M|94/100
|-damage|p1a: Garchomp|88/100|[from] Stealth Rock
|turn|14
|
|t:|1716412041
|move|p1a: Garchomp|Outrage|p2a: Reuniclus
|-damage|p2a: Reuniclus|0 fnt
|faint|p2a: Reuniclus
|
|upkeep
|
|t:|1716412044
|switch|p2a: Dragonite|Dragonite, M|100/100
|turn|15
|
|t:|1716412046
|move|p1a: Garchomp|Outrage|p2a: Dragonite|[from]lockedmove
|-supereffective|p2a: Dragonite
|-damage|p2a: Dragonite|25/100
|-start|p1a: Garchomp|confusion|[fatigue]
|move|p2a: Dragonite|Outrage|p1a: Garchomp
|-supereffective|p1a: Garchomp
|-crit|p1a: Garchomp
|-damage|p1a: Garchomp|0 fnt
|-damage|p2a: Dragonite|13/100|[from] ability: Rough Skin|[of] p1a: Garchomp
|faint|p1a: Garchomp
|
|upkeep
|
|t:|1716412051
|switch|p1a: Blissey|Blissey, F|100/100
|-damage|p1a: Blissey|88/100|[from] Stealth Rock
|turn|16
|
|t:|1716412056
|move|p2a: Dragonite|Outrage|p1a: Blissey|[from]lockedmove
|-damage|p1a: Blissey|0 fnt
|faint|p1a: Blissey
|-start|p2a: Dragonite|confusion|[fatigue]
|
|win|affksl1
|raw|Ryusen696969's rating: 1372 &rarr; <strong>1358</strong><br />(-14 for losing)
|raw|affksl1's rating: 1489 &rarr; <strong>1503</strong><br />(+14 for winning)
