|j|☆freepi
|j|☆Crimsonbacon38
|t:|1705947741
|gametype|singles
|player|p1|freepi|lyra|1339
|player|p2|Crimsonbacon38|266|1397
|teamsize|p1|6
|teamsize|p2|6
|gen|5
|tier|[Gen 5] OU
|rated|
|rule|Species Clause: Limit one of each Pokémon
|rule|OHKO Clause: OHKO moves are banned
|rule|Moody Clause: Moody is banned
|rule|Evasion Items Clause: Evasion items are banned
|rule|Evasion Moves Clause: Evasion moves are banned
|rule|Endless Battle Clause: Forcing endless battles is banned
|rule|HP Percentage Mod: HP is shown in percentages
|rule|Evasion Abilities Clause: Evasion abilities are banned
|rule|Sleep Moves Clause: Sleep-inducing moves are banned
|rule|Swagger Clause: Swagger is banned
|rule|Baton Pass Stat Clause: No Baton Passer may have a way to boost its stats
|clearpoke
|poke|p1|Tyranitar, F|item
|poke|p1|Gliscor, F|item
|poke|p1|Gastrodon, M|item
|poke|p1|Skarmory, M|item
|poke|p1|Alakazam, M|item
|poke|p1|Reuniclus, F|item
|poke|p2|Politoed, M|item
|poke|p2|Ferrothorn, F|item
|poke|p2|Starmie|item
|poke|p2|Latios, M|item
|poke|p2|Keldeo|item
|poke|p2|Garchomp, F|item
|teampreview
|inactive|Battle timer is ON: inactive players will automatically lose when time's up. (requested by freepi)
|
|t:|1705947756
|start
|switch|p1a: Skarmory|Skarmory, M|100/100
|switch|p2a: Garchomp|Garchomp, F|100/100
|turn|1
|j| marsandback
|
|t:|1705947780
|move|p2a: Garchomp|Aqua Tail|p1a: Skarmory
|-damage|p1a: Skarmory|65/100
|move|p1a: Skarmory|Spikes|p2a: Garchomp
|-sidestart|p2: Crimsonbacon38|Spikes
|
|-heal|p1a: Skarmory|71/100|[from] item: Leftovers
|upkeep
|turn|2
|
|t:|1705947783
|switch|p2a: Politoed|Politoed, M|100/100
|-damage|p2a: Politoed|88/100|[from] Spikes
|-weather|RainDance|[from] ability: Drizzle|[of] p2a: Politoed
|move|p1a: Skarmory|Spikes|p2a: Politoed
|-sidestart|p2: Crimsonbacon38|Spikes
|
|-weather|RainDance|[upkeep]
|-heal|p1a: Skarmory|77/100|[from] item: Leftovers
|-heal|p2a: Politoed|94/100|[from] item: Leftovers
|upkeep
|turn|3
|
|t:|1705947786
|switch|p2a: Starmie|Starmie|100/100
|-item|p2a: Starmie|Air Balloon
|move|p1a: Skarmory|Spikes|p2a: Starmie
|-sidestart|p2: Crimsonbacon38|Spikes
|
|-weather|RainDance|[upkeep]
|-heal|p1a: Skarmory|83/100|[from] item: Leftovers
|upkeep
|turn|4
|
|t:|1705947796
|move|p2a: Starmie|Hydro Pump|p1a: Skarmory
|-damage|p1a: Skarmory|0 fnt
|faint|p1a: Skarmory
|
|-weather|RainDance|[upkeep]
|upkeep
|
|t:|1705947799
|switch|p1a: Gastrodon|Gastrodon, M|100/100
|turn|5
|
|t:|1705947802
|move|p2a: Starmie|Rapid Spin|p1a: Gastrodon
|-crit|p1a: Gastrodon
|-damage|p1a: Gastrodon|96/100
|-sideend|p2: Crimsonbacon38|Spikes|[from] move: Rapid Spin|[of] p2a: Starmie
|move|p1a: Gastrodon|Scald|p2a: Starmie
|-resisted|p2a: Starmie
|-damage|p2a: Starmie|71/100
|-enditem|p2a: Starmie|Air Balloon
|
|-weather|RainDance|[upkeep]
|-heal|p1a: Gastrodon|100/100|[from] item: Leftovers
|upkeep
|turn|6
|
|t:|1705947808
|switch|p2a: Garchomp|Garchomp, F|100/100
|move|p1a: Gastrodon|Scald|p2a: Garchomp
|-damage|p2a: Garchomp|55/100
|
|-weather|RainDance|[upkeep]
|upkeep
|turn|7
|
|t:|1705947810
|move|p2a: Garchomp|Outrage|p1a: Gastrodon
|-damage|p1a: Gastrodon|35/100
|move|p1a: Gastrodon|Ice Beam|p2a: Garchomp
|-supereffective|p2a: Garchomp
|-damage|p2a: Garchomp|0 fnt
|faint|p2a: Garchomp
|
|-weather|RainDance|[upkeep]
|-heal|p1a: Gastrodon|41/100|[from] item: Leftovers
|upkeep
|
|t:|1705947817
|switch|p2a: Latios|Latios, M|100/100
|turn|8
|
|t:|1705947825
|switch|p2a: Keldeo|Keldeo|100/100
|switch|p1a: Tyranitar|Tyranitar, F|100/100
|-weather|Sandstorm|[from] ability: Sand Stream|[of] p1a: Tyranitar
|
|-weather|Sandstorm|[upkeep]
|-damage|p2a: Keldeo|94/100|[from] Sandstorm
|upkeep
|turn|9
|
|t:|1705947829
|switch|p1a: Gastrodon|Gastrodon, M|41/100
|move|p2a: Keldeo|Secret Sword|p1a: Gastrodon
|-damage|p1a: Gastrodon|8/100
|
|-weather|Sandstorm|[upkeep]
|-damage|p2a: Keldeo|88/100|[from] Sandstorm
|-heal|p1a: Gastrodon|14/100|[from] item: Leftovers
|upkeep
|turn|10
|
|t:|1705947834
|move|p2a: Keldeo|Secret Sword|p1a: Gastrodon
|-damage|p1a: Gastrodon|0 fnt
|faint|p1a: Gastrodon
|
|-weather|Sandstorm|[upkeep]
|-damage|p2a: Keldeo|82/100|[from] Sandstorm
|upkeep
|
|t:|1705947836
|switch|p1a: Alakazam|Alakazam, M|100/100
|turn|11
|
|t:|1705947843
|move|p2a: Keldeo|Secret Sword|p1a: Alakazam
|-resisted|p1a: Alakazam
|-damage|p1a: Alakazam|42/100
|move|p1a: Alakazam|Focus Blast|p2a: Keldeo
|-crit|p2a: Keldeo
|-damage|p2a: Keldeo|0 fnt
|faint|p2a: Keldeo
|
|-weather|Sandstorm|[upkeep]
|upkeep
|
|t:|1705947854
|switch|p2a: Starmie|Starmie|71/100
|turn|12
|
|t:|1705947858
|move|p1a: Alakazam|Grass Knot|p2a: Starmie
|-supereffective|p2a: Starmie
|-damage|p2a: Starmie|0 fnt
|faint|p2a: Starmie
|
|-weather|Sandstorm|[upkeep]
|upkeep
|
|t:|1705947866
|switch|p2a: Latios|Latios, M|100/100
|turn|13
|
|t:|1705947870
|switch|p1a: Reuniclus|Reuniclus, F|100/100
|move|p2a: Latios|Surf|p1a: Reuniclus
|-damage|p1a: Reuniclus|53/100
|
|-weather|Sandstorm|[upkeep]
|-damage|p2a: Latios|95/100|[from] Sandstorm
|upkeep
|turn|14
|
|t:|1705947875
|switch|p2a: Politoed|Politoed, M|94/100
|-weather|RainDance|[from] ability: Drizzle|[of] p2a: Politoed
|move|p1a: Reuniclus|Recover|p1a: Reuniclus
|-heal|p1a: Reuniclus|100/100
|
|-weather|RainDance|[upkeep]
|-heal|p2a: Politoed|100/100|[from] item: Leftovers
|upkeep
|turn|15
|
|t:|1705947884
|switch|p2a: Ferrothorn|Ferrothorn, F|100/100
|switch|p1a: Tyranitar|Tyranitar, F|100/100
|-weather|Sandstorm|[from] ability: Sand Stream|[of] p1a: Tyranitar
|
|-weather|Sandstorm|[upkeep]
|upkeep
|turn|16
|
|t:|1705947894
|move|p1a: Tyranitar|Fire Blast|p2a: Ferrothorn
|-supereffective|p2a: Ferrothorn
|-damage|p2a: Ferrothorn|38/100
|move|p2a: Ferrothorn|Gyro Ball|p1a: Tyranitar
|-supereffective|p1a: Tyranitar
|-damage|p1a: Tyranitar|47/100
|
|-weather|Sandstorm|[upkeep]
|-heal|p2a: Ferrothorn|44/100|[from] item: Leftovers
|upkeep
|turn|17
|
|t:|1705947902
|switch|p2a: Politoed|Politoed, M|100/100
|-weather|RainDance|[from] ability: Drizzle|[of] p2a: Politoed
|move|p1a: Tyranitar|Crunch|p2a: Politoed
|-damage|p2a: Politoed|69/100
|
|-weather|RainDance|[upkeep]
|-heal|p2a: Politoed|75/100|[from] item: Leftovers
|upkeep
|turn|18
|
|t:|1705947905
|switch|p1a: Reuniclus|Reuniclus, F|100/100
|move|p2a: Politoed|Scald|p1a: Reuniclus
|-damage|p1a: Reuniclus|67/100
|
|-weather|RainDance|[upkeep]
|-heal|p2a: Politoed|81/100|[from] item: Leftovers
|upkeep
|turn|19
|
|t:|1705947909
|switch|p2a: Ferrothorn|Ferrothorn, F|44/100
|move|p1a: Reuniclus|Psyshock|p2a: Ferrothorn
|-resisted|p2a: Ferrothorn
|-damage|p2a: Ferrothorn|27/100
|
|-weather|RainDance|[upkeep]
|-heal|p2a: Ferrothorn|33/100|[from] item: Leftovers
|upkeep
|turn|20
|
|t:|1705947913
|move|p1a: Reuniclus|Calm Mind|p1a: Reuniclus
|-boost|p1a: Reuniclus|spa|1
|-boost|p1a: Reuniclus|spd|1
|move|p2a: Ferrothorn|Stealth Rock|p1a: Reuniclus
|-sidestart|p1: freepi|move: Stealth Rock
|
|-weather|RainDance|[upkeep]
|-heal|p2a: Ferrothorn|39/100|[from] item: Leftovers
|upkeep
|turn|21
|
|t:|1705947915
|switch|p2a: Latios|Latios, M|95/100
|move|p1a: Reuniclus|Hidden Power|p2a: Latios
|-supereffective|p2a: Latios
|-damage|p2a: Latios|18/100
|
|-weather|RainDance|[upkeep]
|upkeep
|turn|22
|
|t:|1705947918
|move|p2a: Latios|Surf|p1a: Reuniclus
|-damage|p1a: Reuniclus|18/100
|move|p1a: Reuniclus|Hidden Power|p2a: Latios
|-supereffective|p2a: Latios
|-damage|p2a: Latios|0 fnt
|faint|p2a: Latios
|
|-weather|RainDance|[upkeep]
|upkeep
|
|t:|1705947921
|switch|p2a: Politoed|Politoed, M|81/100
|turn|23
|c|☆Crimsonbacon38|gg
|
|t:|1705947930
|move|p2a: Politoed|Scald|p1a: Reuniclus
|-damage|p1a: Reuniclus|0 fnt
|faint|p1a: Reuniclus
|
|-weather|RainDance|[upkeep]
|-heal|p2a: Politoed|88/100|[from] item: Leftovers
|upkeep
|
|t:|1705947933
|switch|p1a: Tyranitar|Tyranitar, F|47/100
|-damage|p1a: Tyranitar|34/100|[from] Stealth Rock
|-weather|Sandstorm|[from] ability: Sand Stream|[of] p1a: Tyranitar
|turn|24
|
|t:|1705947938
|move|p2a: Politoed|Scald|p1a: Tyranitar
|-supereffective|p1a: Tyranitar
|-damage|p1a: Tyranitar|9/100
|-status|p1a: Tyranitar|brn
|move|p1a: Tyranitar|Crunch|p2a: Politoed
|-damage|p2a: Politoed|73/100
|
|-weather|Sandstorm|[upkeep]
|-damage|p2a: Politoed|67/100|[from] Sandstorm
|-heal|p2a: Politoed|73/100|[from] item: Leftovers
|-damage|p1a: Tyranitar|0 fnt|[from] brn
|faint|p1a: Tyranitar
|upkeep
|
|t:|1705947940
|switch|p1a: Alakazam|Alakazam, M|42/100
|turn|25
|
|t:|1705947951
|switch|p2a: Ferrothorn|Ferrothorn, F|39/100
|move|p1a: Alakazam|Psychic|p2a: Ferrothorn
|-resisted|p2a: Ferrothorn
|-damage|p2a: Ferrothorn|22/100
|
|-weather|Sandstorm|[upkeep]
|-heal|p2a: Ferrothorn|28/100|[from] item: Leftovers
|upkeep
|turn|26
|
|t:|1705947956
|move|p1a: Alakazam|Focus Blast|p2a: Ferrothorn
|-supereffective|p2a: Ferrothorn
|-damage|p2a: Ferrothorn|0 fnt
|faint|p2a: Ferrothorn
|
|-weather|Sandstorm|[upkeep]
|upkeep
|
|t:|1705947958
|switch|p2a: Politoed|Politoed, M|73/100
|-weather|RainDance|[from] ability: Drizzle|[of] p2a: Politoed
|turn|27
|
|t:|1705947960
|move|p1a: Alakazam|Psychic|p2a: Politoed
|-damage|p2a: Politoed|31/100
|move|p2a: Politoed|Scald|p1a: Alakazam
|-damage|p1a: Alakazam|0 fnt
|faint|p1a: Alakazam
|
|-weather|RainDance|[upkeep]
|-heal|p2a: Politoed|37/100|[from] item: Leftovers
|upkeep
|
|t:|1705947962
|switch|p1a: Gliscor|Gliscor, F|100/100
|-damage|p1a: Gliscor|88/100|[from] Stealth Rock
|turn|28
|
|t:|1705947970
|move|p1a: Gliscor|Protect|p1a: Gliscor
|-singleturn|p1a: Gliscor|Protect
|move|p2a: Politoed|Ice Beam|p1a: Gliscor
|-activate|p1a: Gliscor|move: Protect
|
|-weather|RainDance|[upkeep]
|-heal|p2a: Politoed|44/100|[from] item: Leftovers
|-status|p1a: Gliscor|tox|[from] item: Toxic Orb
|upkeep
|turn|29
|
|t:|1705947974
|move|p1a: Gliscor|Earthquake|p2a: Politoed
|-damage|p2a: Politoed|16/100
|move|p2a: Politoed|Ice Beam|p1a: Gliscor
|-supereffective|p1a: Gliscor
|-damage|p1a: Gliscor|20/100 tox
|
|-weather|RainDance|[upkeep]
|-heal|p2a: Politoed|23/100|[from] item: Leftovers
|-heal|p1a: Gliscor|32/100 tox|[from] ability: Poison Heal
|upkeep
|turn|30
|
|t:|1705947982
|move|p2a: Politoed|Protect|p2a: Politoed
|-singleturn|p2a: Politoed|Protect
|move|p1a: Gliscor|Earthquake|p2a: Politoed
|-activate|p2a: Politoed|move: Protect
|
|-weather|RainDance|[upkeep]
|-heal|p2a: Politoed|29/100|[from] item: Leftovers
|-heal|p1a: Gliscor|45/100 tox|[from] ability: Poison Heal
|upkeep
|turn|31
|c| marsandback|scald did more
|c| marsandback|rain
|c|☆freepi|y
|
|t:|1705947992
|move|p1a: Gliscor|Earthquake|p2a: Politoed
|-damage|p2a: Politoed|2/100
|move|p2a: Politoed|Scald|p1a: Gliscor
|-supereffective|p1a: Gliscor
|-damage|p1a: Gliscor|0 fnt
|faint|p1a: Gliscor
|
|win|Crimsonbacon38
|raw|freepi's rating: 1339 &rarr; <strong>1322</strong><br />(-17 for losing)
|raw|Crimsonbacon38's rating: 1397 &rarr; <strong>1414</strong><br />(+17 for winning)
|c|☆freepi|gg
