|j|☆SkillfullBeing
|j|☆Draco Bombers
|t:|1716060152
|gametype|singles
|player|p1|SkillfullBeing|nate|1350
|player|p2|Draco Bombers|blue-gen2|1326
|teamsize|p1|6
|teamsize|p2|6
|gen|5
|tier|[Gen 5] OU
|rated|
|rule|Species Clause: Limit one of each Pokémon
|rule|OHKO Clause: OHKO moves are banned
|rule|Moody Clause: Moody is banned
|rule|Evasion Items Clause: Evasion items are banned
|rule|Evasion Moves Clause: Evasion moves are banned
|rule|Endless Battle Clause: Forcing endless battles is banned
|rule|HP Percentage Mod: HP is shown in percentages
|rule|Evasion Abilities Clause: Evasion abilities are banned
|rule|Sleep Moves Clause: Sleep-inducing moves are banned
|rule|Swagger Clause: Swagger is banned
|rule|Baton Pass Stat Clause: No Baton Passer may have a way to boost its stats
|clearpoke
|poke|p1|Tyranitar, M|item
|poke|p1|Alakazam, F|item
|poke|p1|Tangrowth, M|item
|poke|p1|Rotom-Wash|item
|poke|p1|Gliscor, F|item
|poke|p1|Latios, M|item
|poke|p2|Tyranitar, F|item
|poke|p2|Alakazam, M|item
|poke|p2|Latios, M|item
|poke|p2|Ferrothorn, M|item
|poke|p2|Landorus-Therian, M|item
|poke|p2|Jellicent, M|item
|teampreview
|inactive|Battle timer is ON: inactive players will automatically lose when time's up. (requested by SkillfullBeing)
|inactive|Draco Bombers has 120 seconds left.
|
|t:|1716060192
|start
|switch|p1a: Tangrowth|Tangrowth, M|100/100
|switch|p2a: The Attic|Landorus-Therian, M|100/100
|-ability|p2a: The Attic|Intimidate|boost
|-unboost|p1a: Tangrowth|atk|1
|turn|1
|
|t:|1716060200
|move|p2a: The Attic|U-turn|p1a: Tangrowth
|-supereffective|p1a: Tangrowth
|-damage|p1a: Tangrowth|78/100
|
|t:|1716060204
|switch|p2a: Lego Bricks|Ferrothorn, M, shiny|100/100|[from] U-turn
|move|p1a: Tangrowth|Stun Spore|p2a: Lego Bricks
|-status|p2a: Lego Bricks|par
|
|-heal|p1a: Tangrowth|84/100|[from] item: Leftovers
|upkeep
|turn|2
|
|t:|1716060218
|switch|p1a: Alakazam|Alakazam, F|100/100
|move|p2a: Lego Bricks|Spikes|p1a: Alakazam
|-sidestart|p1: SkillfullBeing|Spikes
|
|upkeep
|turn|3
|
|t:|1716060228
|switch|p2a: Pringles|Jellicent, M, shiny|100/100
|move|p1a: Alakazam|Focus Blast|p2a: Pringles
|-immune|p2a: Pringles
|
|upkeep
|turn|4
|
|t:|1716060233
|move|p1a: Alakazam|Thunder Wave|p2a: Pringles
|-status|p2a: Pringles|par
|move|p2a: Pringles|Recover||[still]
|-fail|p2a: Pringles|heal
|
|upkeep
|turn|5
|
|t:|1716060245
|switch|p1a: Tangrowth|Tangrowth, M|100/100
|-damage|p1a: Tangrowth|88/100|[from] Spikes
|cant|p2a: Pringles|par
|
|-heal|p1a: Tangrowth|94/100|[from] item: Leftovers
|upkeep
|turn|6
|
|t:|1716060250
|move|p1a: Tangrowth|Giga Drain|p2a: Pringles
|-supereffective|p2a: Pringles
|-damage|p2a: Pringles|55/100 par
|-heal|p1a: Tangrowth|100/100|[from] drain|[of] p2a: Pringles
|cant|p2a: Pringles|par
|
|-heal|p2a: Pringles|62/100 par|[from] item: Leftovers
|upkeep
|turn|7
|
|t:|1716060255
|switch|p2a: Lego Bricks|Ferrothorn, M, shiny|100/100 par
|move|p1a: Tangrowth|Giga Drain|p2a: Lego Bricks
|-resisted|p2a: Lego Bricks
|-damage|p2a: Lego Bricks|96/100 par
|
|-heal|p2a: Lego Bricks|100/100 par|[from] item: Leftovers
|upkeep
|turn|8
|
|t:|1716060279
|move|p1a: Tangrowth|Hidden Power|p2a: Lego Bricks
|-damage|p2a: Lego Bricks|89/100 par
|move|p2a: Lego Bricks|Gyro Ball|p1a: Tangrowth
|-crit|p1a: Tangrowth
|-damage|p1a: Tangrowth|47/100
|
|-heal|p1a: Tangrowth|53/100|[from] item: Leftovers
|-heal|p2a: Lego Bricks|95/100 par|[from] item: Leftovers
|upkeep
|turn|9
|
|t:|1716060292
|move|p1a: Tangrowth|Hidden Power|p2a: Lego Bricks
|-damage|p2a: Lego Bricks|84/100 par
|move|p2a: Lego Bricks|Knock Off|p1a: Tangrowth
|-damage|p1a: Tangrowth|50/100
|-enditem|p1a: Tangrowth|Leftovers|[from] move: Knock Off|[of] p2a: Lego Bricks
|
|-heal|p2a: Lego Bricks|90/100 par|[from] item: Leftovers
|upkeep
|turn|10
|
|t:|1716060298
|switch|p1a: Gliscor|Gliscor, F|100/100
|move|p2a: Lego Bricks|Spikes|p1a: Gliscor
|-sidestart|p1: SkillfullBeing|Spikes
|
|-heal|p2a: Lego Bricks|97/100 par|[from] item: Leftovers
|-status|p1a: Gliscor|tox|[from] item: Toxic Orb
|upkeep
|turn|11
|
|t:|1716060303
|move|p1a: Gliscor|Stealth Rock|p2a: Lego Bricks
|-sidestart|p2: Draco Bombers|move: Stealth Rock
|cant|p2a: Lego Bricks|par
|
|-heal|p2a: Lego Bricks|100/100 par|[from] item: Leftovers
|upkeep
|turn|12
|
|t:|1716060307
|move|p1a: Gliscor|Earthquake|p2a: Lego Bricks
|-damage|p2a: Lego Bricks|77/100 par
|move|p2a: Lego Bricks|Spikes|p1a: Gliscor
|-sidestart|p1: SkillfullBeing|Spikes
|
|-heal|p2a: Lego Bricks|83/100 par|[from] item: Leftovers
|upkeep
|turn|13
|
|t:|1716060311
|switch|p2a: The Attic|Landorus-Therian, M|100/100
|-damage|p2a: The Attic|88/100|[from] Stealth Rock
|-ability|p2a: The Attic|Intimidate|boost
|-unboost|p1a: Gliscor|atk|1
|move|p1a: Gliscor|Earthquake|p2a: The Attic
|-immune|p2a: The Attic
|
|-heal|p2a: The Attic|94/100|[from] item: Leftovers
|upkeep
|turn|14
|
|t:|1716060319
|move|p1a: Gliscor|Protect|p1a: Gliscor
|-singleturn|p1a: Gliscor|Protect
|move|p2a: The Attic|Hidden Power|p1a: Gliscor
|-activate|p1a: Gliscor|move: Protect
|
|-heal|p2a: The Attic|99/100|[from] item: Leftovers
|upkeep
|turn|15
|
|t:|1716060332
|switch|p1a: Tangrowth|Tangrowth, M|84/100
|-damage|p1a: Tangrowth|59/100|[from] Spikes
|move|p2a: The Attic|U-turn|p1a: Tangrowth
|-supereffective|p1a: Tangrowth
|-damage|p1a: Tangrowth|35/100
|
|t:|1716060339
|switch|p2a: Action Figure|Alakazam, M|100/100|[from] U-turn
|
|upkeep
|turn|16
|
|t:|1716060343
|move|p2a: Action Figure|Psychic|p1a: Tangrowth
|-damage|p1a: Tangrowth|0 fnt
|faint|p1a: Tangrowth
|
|upkeep
|
|t:|1716060351
|switch|p1a: Latios|Latios, M|100/100
|turn|17
|
|t:|1716060356
|switch|p2a: Lego Bricks|Ferrothorn, M, shiny|83/100 par
|-damage|p2a: Lego Bricks|77/100 par|[from] Stealth Rock
|move|p1a: Latios|Surf|p2a: Lego Bricks
|-resisted|p2a: Lego Bricks
|-crit|p2a: Lego Bricks
|-damage|p2a: Lego Bricks|54/100 par
|
|-heal|p2a: Lego Bricks|61/100 par|[from] item: Leftovers
|upkeep
|turn|18
|
|t:|1716060365
|switch|p1a: Gliscor|Gliscor, F|100/100 tox
|cant|p2a: Lego Bricks|par
|
|-heal|p2a: Lego Bricks|67/100 par|[from] item: Leftovers
|upkeep
|turn|19
|
|t:|1716060371
|switch|p2a: The Attic|Landorus-Therian, M|99/100
|-damage|p2a: The Attic|88/100|[from] Stealth Rock
|-ability|p2a: The Attic|Intimidate|boost
|-unboost|p1a: Gliscor|atk|1
|move|p1a: Gliscor|Earthquake|p2a: The Attic
|-immune|p2a: The Attic
|
|-heal|p2a: The Attic|94/100|[from] item: Leftovers
|upkeep
|turn|20
|
|t:|1716060376
|move|p1a: Gliscor|Protect|p1a: Gliscor
|-singleturn|p1a: Gliscor|Protect
|move|p2a: The Attic|Stealth Rock|p1a: Gliscor
|-sidestart|p1: SkillfullBeing|move: Stealth Rock
|
|-heal|p2a: The Attic|99/100|[from] item: Leftovers
|upkeep
|turn|21
|
|t:|1716060382
|move|p2a: The Attic|Hidden Power|p1a: Gliscor
|-supereffective|p1a: Gliscor
|-damage|p1a: Gliscor|11/100 tox
|move|p1a: Gliscor|Earthquake|p2a: The Attic
|-immune|p2a: The Attic
|
|-heal|p2a: The Attic|100/100|[from] item: Leftovers
|-heal|p1a: Gliscor|24/100 tox|[from] ability: Poison Heal
|upkeep
|turn|22
|
|t:|1716060388
|move|p1a: Gliscor|Protect|p1a: Gliscor
|-singleturn|p1a: Gliscor|Protect
|move|p2a: The Attic|Hidden Power|p1a: Gliscor
|-activate|p1a: Gliscor|move: Protect
|
|-heal|p1a: Gliscor|36/100 tox|[from] ability: Poison Heal
|upkeep
|turn|23
|
|t:|1716060392
|switch|p1a: Rotom|Rotom-Wash|100/100
|-damage|p1a: Rotom|88/100|[from] Stealth Rock
|move|p2a: The Attic|U-turn|p1a: Rotom
|-damage|p1a: Rotom|62/100
|
|t:|1716060396
|switch|p2a: Paper Plane|Latios, M|100/100|[from] U-turn
|-damage|p2a: Paper Plane|88/100|[from] Stealth Rock
|
|-heal|p1a: Rotom|69/100|[from] item: Leftovers
|upkeep
|turn|24
|
|t:|1716060411
|move|p2a: Paper Plane|Draco Meteor|p1a: Rotom
|-damage|p1a: Rotom|0 fnt
|-unboost|p2a: Paper Plane|spa|2
|faint|p1a: Rotom
|
|upkeep
|
|t:|1716060414
|switch|p1a: Tyranitar|Tyranitar, M|100/100
|-damage|p1a: Tyranitar|76/100|[from] Spikes
|-damage|p1a: Tyranitar|63/100|[from] Stealth Rock
|-weather|Sandstorm|[from] ability: Sand Stream|[of] p1a: Tyranitar
|turn|25
|
|t:|1716060417
|move|p2a: Paper Plane|Draco Meteor|p1a: Tyranitar
|-damage|p1a: Tyranitar|48/100
|-unboost|p2a: Paper Plane|spa|2
|move|p1a: Tyranitar|Pursuit|p2a: Paper Plane
|-supereffective|p2a: Paper Plane
|-damage|p2a: Paper Plane|36/100
|
|-weather|Sandstorm|[upkeep]
|-damage|p2a: Paper Plane|30/100|[from] Sandstorm
|upkeep
|turn|26
|
|t:|1716060424
|move|p2a: Paper Plane|Draco Meteor|p1a: Tyranitar
|-damage|p1a: Tyranitar|38/100
|-unboost|p2a: Paper Plane|spa|2
|move|p1a: Tyranitar|Pursuit|p2a: Paper Plane
|-supereffective|p2a: Paper Plane
|-damage|p2a: Paper Plane|0 fnt
|faint|p2a: Paper Plane
|
|-weather|Sandstorm|[upkeep]
|upkeep
|
|t:|1716060430
|switch|p2a: The Attic|Landorus-Therian, M|100/100
|-damage|p2a: The Attic|88/100|[from] Stealth Rock
|-ability|p2a: The Attic|Intimidate|boost
|-unboost|p1a: Tyranitar|atk|1
|turn|27
|
|t:|1716060444
|switch|p1a: Gliscor|Gliscor, F|36/100 tox
|-damage|p1a: Gliscor|24/100 tox|[from] Stealth Rock
|move|p2a: The Attic|Earthquake|p1a: Gliscor
|-immune|p1a: Gliscor
|
|-weather|Sandstorm|[upkeep]
|-heal|p2a: The Attic|94/100|[from] item: Leftovers
|-heal|p1a: Gliscor|36/100 tox|[from] ability: Poison Heal
|upkeep
|turn|28
|
|t:|1716060450
|move|p1a: Gliscor|Protect|p1a: Gliscor
|-singleturn|p1a: Gliscor|Protect
|move|p2a: The Attic|Hidden Power|p1a: Gliscor
|-activate|p1a: Gliscor|move: Protect
|
|-weather|Sandstorm|[upkeep]
|-heal|p2a: The Attic|99/100|[from] item: Leftovers
|-heal|p1a: Gliscor|48/100 tox|[from] ability: Poison Heal
|upkeep
|turn|29
|
|t:|1716060464
|switch|p1a: Tyranitar|Tyranitar, M|38/100
|-damage|p1a: Tyranitar|13/100|[from] Spikes
|-damage|p1a: Tyranitar|0 fnt|[from] Stealth Rock
|faint|p1a: Tyranitar
|move|p2a: The Attic|Hidden Power|p1: Tyranitar|[notarget]
|-fail|p2a: The Attic
|
|-weather|Sandstorm|[upkeep]
|-heal|p2a: The Attic|100/100|[from] item: Leftovers
|upkeep
|
|t:|1716060466
|switch|p1a: Latios|Latios, M|100/100
|-damage|p1a: Latios|88/100|[from] Stealth Rock
|turn|30
|
|t:|1716060474
|move|p1a: Latios|Surf|p2a: The Attic
|-supereffective|p2a: The Attic
|-damage|p2a: The Attic|20/100
|move|p2a: The Attic|U-turn|p1a: Latios
|-supereffective|p1a: Latios
|-damage|p1a: Latios|25/100
|
|t:|1716060478
|switch|p2a: MechaGodzilla|Tyranitar, F|100/100|[from] U-turn
|-damage|p2a: MechaGodzilla|88/100|[from] Stealth Rock
|
|-weather|Sandstorm|[upkeep]
|-damage|p1a: Latios|19/100|[from] Sandstorm
|upkeep
|turn|31
|
|t:|1716060482
|move|p1a: Latios|Surf|p2a: MechaGodzilla
|-supereffective|p2a: MechaGodzilla
|-damage|p2a: MechaGodzilla|58/100
|move|p2a: MechaGodzilla|Pursuit|p1a: Latios
|-supereffective|p1a: Latios
|-damage|p1a: Latios|0 fnt
|faint|p1a: Latios
|
|-weather|Sandstorm|[upkeep]
|upkeep
|
|t:|1716060493
|switch|p1a: Gliscor|Gliscor, F|48/100 tox
|-damage|p1a: Gliscor|36/100 tox|[from] Stealth Rock
|turn|32
|
|t:|1716060497
|switch|p2a: The Attic|Landorus-Therian, M|20/100
|-damage|p2a: The Attic|8/100|[from] Stealth Rock
|-ability|p2a: The Attic|Intimidate|boost
|-unboost|p1a: Gliscor|atk|1
|move|p1a: Gliscor|U-turn|p2a: The Attic
|-resisted|p2a: The Attic
|-damage|p2a: The Attic|3/100
|
|t:|1716060501
|switch|p1a: Alakazam|Alakazam, F|100/100|[from] U-turn
|
|-weather|Sandstorm|[upkeep]
|-heal|p2a: The Attic|9/100|[from] item: Leftovers
|upkeep
|turn|33
|
|t:|1716060508
|move|p1a: Alakazam|Focus Blast|p2a: The Attic
|-resisted|p2a: The Attic
|-damage|p2a: The Attic|0 fnt
|faint|p2a: The Attic
|
|-weather|Sandstorm|[upkeep]
|upkeep
|
|t:|1716060512
|switch|p2a: MechaGodzilla|Tyranitar, F|58/100
|-damage|p2a: MechaGodzilla|46/100|[from] Stealth Rock
|turn|34
|
|t:|1716060516
|move|p1a: Alakazam|Focus Blast|p2a: MechaGodzilla
|-supereffective|p2a: MechaGodzilla
|-enditem|p2a: MechaGodzilla|Chople Berry|[eat]
|-enditem|p2a: MechaGodzilla|Chople Berry|[weaken]
|-damage|p2a: MechaGodzilla|2/100
|-unboost|p2a: MechaGodzilla|spd|1
|move|p2a: MechaGodzilla|Crunch|p1a: Alakazam
|-supereffective|p1a: Alakazam
|-enditem|p1a: Alakazam|Focus Sash
|-damage|p1a: Alakazam|1/100
|
|-weather|Sandstorm|[upkeep]
|upkeep
|turn|35
|
|t:|1716060522
|move|p1a: Alakazam|Hidden Power|p2a: MechaGodzilla
|-damage|p2a: MechaGodzilla|0 fnt
|faint|p2a: MechaGodzilla
|
|-weather|Sandstorm|[upkeep]
|upkeep
|
|t:|1716060528
|switch|p2a: Pringles|Jellicent, M, shiny|62/100 par
|-damage|p2a: Pringles|49/100 par|[from] Stealth Rock
|turn|36
|
|t:|1716060531
|move|p1a: Alakazam|Psychic|p2a: Pringles
|-damage|p2a: Pringles|6/100 par
|move|p2a: Pringles|Night Shade|p1a: Alakazam
|-damage|p1a: Alakazam|0 fnt
|faint|p1a: Alakazam
|
|-weather|Sandstorm|[upkeep]
|-damage|p2a: Pringles|0 fnt|[from] Sandstorm
|faint|p2a: Pringles
|upkeep
|
|t:|1716060535
|switch|p1a: Gliscor|Gliscor, F|36/100 tox
|switch|p2a: Action Figure|Alakazam, M|100/100
|-damage|p1a: Gliscor|24/100 tox|[from] Stealth Rock
|turn|37
|
|t:|1716060538
|move|p2a: Action Figure|Hidden Power|p1a: Gliscor
|-supereffective|p1a: Gliscor
|-crit|p1a: Gliscor
|-damage|p1a: Gliscor|0 fnt
|faint|p1a: Gliscor
|
|win|Draco Bombers
|raw|SkillfullBeing's rating: 1350 &rarr; <strong>1329</strong><br />(-21 for losing)
|raw|Draco Bombers's rating: 1326 &rarr; <strong>1347</strong><br />(+21 for winning)
