|j|☆SattleBimulator
|j|☆Josephine Baker
|t:|1736543153
|gametype|singles
|player|p1|SattleBimulator|1|1282
|player|p2|Josephine Baker|cynthia-masters3|1460
|teamsize|p1|6
|teamsize|p2|6
|gen|5
|tier|[Gen 5] OU
|rated|
|rule|Species Clause: Limit one of each Pokémon
|rule|OHKO Clause: OHKO moves are banned
|rule|Moody Clause: Moody is banned
|rule|Evasion Items Clause: Evasion items are banned
|rule|Evasion Moves Clause: Evasion moves are banned
|rule|Endless Battle Clause: Forcing endless battles is banned
|rule|HP Percentage Mod: HP is shown in percentages
|rule|Evasion Abilities Clause: Evasion abilities are banned
|rule|Sleep Moves Clause: Sleep-inducing moves are banned
|rule|Swagger Clause: Swagger is banned
|rule|Baton Pass Stat Clause: No Baton Passer may have a way to boost its stats
|clearpoke
|poke|p1|Ferrothorn, M|item
|poke|p1|Breloom, F|item
|poke|p1|Scizor, F|item
|poke|p1|Alakazam, F|item
|poke|p1|Starmie|item
|poke|p1|Latios, M|item
|poke|p2|Tornadus, M|item
|poke|p2|Politoed, M|item
|poke|p2|Ferrothorn, M|item
|poke|p2|Starmie|item
|poke|p2|Garchomp, M|item
|poke|p2|Thundurus-Therian, M|item
|teampreview
|inactive|Battle timer is ON: inactive players will automatically lose when time's up. (requested by SattleBimulator)
|
|t:|1736543171
|start
|switch|p1a: Ferrothorn|Ferrothorn, M|100/100
|switch|p2a: Tornadus|Tornadus, M|100/100
|turn|1
|
|t:|1736543177
|move|p2a: Tornadus|Taunt|p1a: Ferrothorn
|-start|p1a: Ferrothorn|move: Taunt
|cant|p1a: Ferrothorn|move: Taunt|Stealth Rock
|
|upkeep
|turn|2
|
|t:|1736543188
|move|p2a: Tornadus|Hurricane|p1a: Ferrothorn
|-damage|p1a: Ferrothorn|47/100
|move|p1a: Ferrothorn|Gyro Ball|p2a: Tornadus
|-damage|p2a: Tornadus|19/100
|
|upkeep
|turn|3
|
|t:|1736543211
|switch|p2a: Thundurus|Thundurus-Therian, M|100/100
|move|p1a: Ferrothorn|Gyro Ball|p2a: Thundurus
|-resisted|p2a: Thundurus
|-damage|p2a: Thundurus|64/100
|
|-heal|p2a: Thundurus|71/100|[from] item: Leftovers
|-end|p1a: Ferrothorn|move: Taunt
|upkeep
|turn|4
|
|t:|1736543216
|switch|p1a: Starmie|Starmie|100/100
|-item|p1a: Starmie|Air Balloon
|move|p2a: Thundurus|Focus Blast|p1a: Starmie
|-resisted|p1a: Starmie
|-damage|p1a: Starmie|69/100
|-enditem|p1a: Starmie|Air Balloon
|
|-heal|p2a: Thundurus|77/100|[from] item: Leftovers
|upkeep
|turn|5
|
|t:|1736543219
|switch|p2a: Ferrothorn|Ferrothorn, M|100/100
|move|p1a: Starmie|Ice Beam|p2a: Ferrothorn
|-damage|p2a: Ferrothorn|77/100
|
|upkeep
|turn|6
|
|t:|1736543224
|switch|p1a: Ferrothorn|Ferrothorn, M|47/100
|move|p2a: Ferrothorn|Stealth Rock|p1a: Ferrothorn
|-sidestart|p1: SattleBimulator|move: Stealth Rock
|
|upkeep
|turn|7
|
|t:|1736543232
|switch|p2a: Thundurus|Thundurus-Therian, M|77/100
|move|p1a: Ferrothorn|Stealth Rock|p2a: Thundurus
|-sidestart|p2: Josephine Baker|move: Stealth Rock
|
|-heal|p2a: Thundurus|83/100|[from] item: Leftovers
|upkeep
|turn|8
|
|t:|1736543236
|move|p2a: Thundurus|Focus Blast|p1a: Ferrothorn
|-supereffective|p1a: Ferrothorn
|-damage|p1a: Ferrothorn|0 fnt
|faint|p1a: Ferrothorn
|
|-heal|p2a: Thundurus|89/100|[from] item: Leftovers
|upkeep
|
|t:|1736543241
|switch|p1a: Starmie|Starmie|69/100
|-damage|p1a: Starmie|56/100|[from] Stealth Rock
|turn|9
|
|t:|1736543248
|move|p1a: Starmie|Ice Beam|p2a: Thundurus
|-supereffective|p2a: Thundurus
|-damage|p2a: Thundurus|20/100
|move|p2a: Thundurus|Grass Knot|p1a: Starmie
|-supereffective|p1a: Starmie
|-damage|p1a: Starmie|0 fnt
|faint|p1a: Starmie
|
|-heal|p2a: Thundurus|26/100|[from] item: Leftovers
|upkeep
|
|t:|1736543253
|switch|p1a: Alakazam|Alakazam, F|100/100
|turn|10
|
|t:|1736543260
|move|p1a: Alakazam|Psyshock|p2a: Thundurus
|-damage|p2a: Thundurus|0 fnt
|faint|p2a: Thundurus
|
|upkeep
|
|t:|1736543270
|switch|p2a: Politoed|Politoed, M|100/100
|-damage|p2a: Politoed|88/100|[from] Stealth Rock
|-weather|RainDance|[from] ability: Drizzle|[of] p2a: Politoed
|turn|11
|
|t:|1736543277
|move|p1a: Alakazam|Thunder Wave|p2a: Politoed
|-status|p2a: Politoed|par
|move|p2a: Politoed|Ice Beam|p1a: Alakazam
|-damage|p1a: Alakazam|30/100
|
|-weather|RainDance|[upkeep]
|upkeep
|turn|12
|
|t:|1736543286
|switch|p2a: Ferrothorn|Ferrothorn, M|77/100
|-damage|p2a: Ferrothorn|70/100|[from] Stealth Rock
|move|p1a: Alakazam|Psyshock|p2a: Ferrothorn
|-resisted|p2a: Ferrothorn
|-damage|p2a: Ferrothorn|56/100
|
|-weather|RainDance|[upkeep]
|upkeep
|turn|13
|
|t:|1736543292
|switch|p1a: Breloom|Breloom, F|100/100
|-damage|p1a: Breloom|94/100|[from] Stealth Rock
|move|p2a: Ferrothorn|Thunder Wave|p1a: Breloom
|-status|p1a: Breloom|par
|
|-weather|RainDance|[upkeep]
|upkeep
|turn|14
|
|t:|1736543303
|switch|p2a: Starmie|Starmie|100/100
|-damage|p2a: Starmie|88/100|[from] Stealth Rock
|move|p1a: Breloom|Bullet Seed|p2a: Starmie
|-supereffective|p2a: Starmie
|-damage|p2a: Starmie|15/100
|-supereffective|p2a: Starmie
|-damage|p2a: Starmie|0 fnt
|faint|p2a: Starmie
|-hitcount|p2: Starmie|2
|-damage|p1a: Breloom|84/100 par|[from] item: Life Orb
|
|-weather|RainDance|[upkeep]
|upkeep
|
|t:|1736543313
|switch|p2a: Politoed|Politoed, M|88/100 par
|-damage|p2a: Politoed|76/100 par|[from] Stealth Rock
|turn|15
|
|t:|1736543316
|move|p1a: Breloom|Bullet Seed|p2a: Politoed
|-supereffective|p2a: Politoed
|-damage|p2a: Politoed|7/100 par
|-supereffective|p2a: Politoed
|-damage|p2a: Politoed|0 fnt
|faint|p2a: Politoed
|-hitcount|p2: Politoed|2
|-damage|p1a: Breloom|74/100 par|[from] item: Life Orb
|
|-weather|RainDance|[upkeep]
|upkeep
|-message|Josephine Baker forfeited.
|
|win|SattleBimulator
|raw|SattleBimulator's rating: 1282 &rarr; <strong>1319</strong><br />(+37 for winning)
|raw|Josephine Baker's rating: 1460 &rarr; <strong>1431</strong><br />(-29 for losing)
|l|☆Josephine Baker
|player|p2|
