|j|☆ajkjqwk
|j|☆leoperi99
|t:|1702559059
|gametype|singles
|player|p1|ajkjqwk|266|1500
|player|p2|leoperi99|kris-gen2|1362
|teamsize|p1|6
|teamsize|p2|6
|gen|5
|tier|[Gen 5] OU
|rated|
|rule|Species Clause: Limit one of each Pokémon
|rule|OHKO Clause: OHKO moves are banned
|rule|Moody Clause: Moody is banned
|rule|Evasion Items Clause: Evasion items are banned
|rule|Evasion Moves Clause: Evasion moves are banned
|rule|Endless Battle Clause: Forcing endless battles is banned
|rule|HP Percentage Mod: HP is shown in percentages
|rule|Evasion Abilities Clause: Evasion abilities are banned
|rule|Sleep Moves Clause: Sleep-inducing moves are banned
|rule|Swagger Clause: Swagger is banned
|rule|Baton Pass Stat Clause: No Baton Passer may have a way to boost its stats
|clearpoke
|poke|p1|Jirachi|item
|poke|p1|Cloyster, M|item
|poke|p1|Volcarona, F|item
|poke|p1|Dragonite, M|item
|poke|p1|Skarmory, M|item
|poke|p1|Starmie|item
|poke|p2|Politoed, F|item
|poke|p2|Tentacruel, F|item
|poke|p2|Ferrothorn, F|item
|poke|p2|Latios, M|item
|poke|p2|Gyarados, F|item
|poke|p2|Kyurem-Black|item
|teampreview
|c|☆leoperi99|oh boi
|inactive|Battle timer is ON: inactive players will automatically lose when time's up. (requested by leoperi99)
|c|☆leoperi99|im so fucked ngl
|c|☆ajkjqwk|glhf
|
|t:|1702559088
|start
|switch|p1a: Skarmory|Skarmory, M|100/100
|switch|p2a: le frog|Politoed, F, shiny|100/100
|-weather|RainDance|[from] ability: Drizzle|[of] p2a: le frog
|turn|1
|
|t:|1702559091
|move|p1a: Skarmory|Stealth Rock|p2a: le frog
|-sidestart|p2: leoperi99|move: Stealth Rock
|move|p2a: le frog|Scald|p1a: Skarmory
|-damage|p1a: Skarmory|37/100
|
|-weather|RainDance|[upkeep]
|upkeep
|turn|2
|
|t:|1702559095
|move|p1a: Skarmory|Spikes|p2a: le frog
|-sidestart|p2: leoperi99|Spikes
|move|p2a: le frog|Scald|p1a: Skarmory
|-damage|p1a: Skarmory|0 fnt
|faint|p1a: Skarmory
|
|-weather|RainDance|[upkeep]
|upkeep
|
|t:|1702559100
|switch|p1a: Starmie|Starmie|100/100
|-item|p1a: Starmie|Air Balloon
|turn|3
|
|t:|1702559103
|move|p2a: le frog|Protect|p2a: le frog
|-singleturn|p2a: le frog|Protect
|move|p1a: Starmie|Thunderbolt|p2a: le frog
|-activate|p2a: le frog|move: Protect
|
|-weather|RainDance|[upkeep]
|upkeep
|turn|4
|
|t:|1702559105
|switch|p2a: Ferrothorn|Ferrothorn, F, shiny|100/100
|-damage|p2a: Ferrothorn|94/100|[from] Stealth Rock
|-damage|p2a: Ferrothorn|82/100|[from] Spikes
|move|p1a: Starmie|Thunderbolt|p2a: Ferrothorn
|-resisted|p2a: Ferrothorn
|-damage|p2a: Ferrothorn|70/100
|
|-weather|RainDance|[upkeep]
|upkeep
|turn|5
|inactive|ajkjqwk has 120 seconds left.
|
|t:|1702559159
|move|p1a: Starmie|Ice Beam|p2a: Ferrothorn
|-damage|p2a: Ferrothorn|53/100
|move|p2a: Ferrothorn|Stealth Rock|p1a: Starmie
|-sidestart|p1: ajkjqwk|move: Stealth Rock
|
|-weather|RainDance|[upkeep]
|upkeep
|turn|6
|
|t:|1702559167
|move|p1a: Starmie|Rapid Spin|p2a: Ferrothorn
|-resisted|p2a: Ferrothorn
|-damage|p2a: Ferrothorn|52/100
|-damage|p1a: Starmie|88/100|[from] ability: Iron Barbs|[of] p2a: Ferrothorn
|-sideend|p1: ajkjqwk|Stealth Rock|[from] move: Rapid Spin|[of] p1a: Starmie
|move|p2a: Ferrothorn|Power Whip|p1a: Starmie
|-supereffective|p1a: Starmie
|-damage|p1a: Starmie|0 fnt
|-enditem|p1a: Starmie|Air Balloon
|faint|p1a: Starmie
|
|-weather|RainDance|[upkeep]
|upkeep
|
|t:|1702559185
|switch|p1a: Volcarona|Volcarona, F|100/100
|turn|7
|
|t:|1702559202
|switch|p2a: Latios|Latios, M|100/100
|-damage|p2a: Latios|88/100|[from] Stealth Rock
|move|p1a: Volcarona|Quiver Dance|p1a: Volcarona
|-boost|p1a: Volcarona|spa|1
|-boost|p1a: Volcarona|spd|1
|-boost|p1a: Volcarona|spe|1
|
|-weather|RainDance|[upkeep]
|upkeep
|turn|8
|
|t:|1702559215
|switch|p1a: Jirachi|Jirachi|100/100
|move|p2a: Latios|Trick|p1a: Jirachi
|-activate|p2a: Latios|move: Trick|[of] p1a: Jirachi
|-item|p1a: Jirachi|Choice Scarf|[from] move: Trick
|-item|p2a: Latios|Choice Scarf|[from] move: Trick
|
|-weather|RainDance|[upkeep]
|upkeep
|turn|9
|
|t:|1702559219
|switch|p2a: Tentacruel|Tentacruel, F, shiny|100/100
|-damage|p2a: Tentacruel|88/100|[from] Stealth Rock
|-damage|p2a: Tentacruel|76/100|[from] Spikes
|move|p1a: Jirachi|U-turn|p2a: Tentacruel
|-resisted|p2a: Tentacruel
|-damage|p2a: Tentacruel|64/100
|inactive|ajkjqwk has 120 seconds left.
|
|t:|1702559236
|switch|p1a: Dragonite|Dragonite, M|100/100|[from] U-turn
|
|-weather|RainDance|[upkeep]
|-heal|p2a: Tentacruel|70/100|[from] ability: Rain Dish
|-heal|p2a: Tentacruel|76/100|[from] item: Black Sludge
|upkeep
|turn|10
|
|t:|1702559239
|move|p2a: Tentacruel|Rapid Spin|p1a: Dragonite
|-damage|p1a: Dragonite|99/100
|-sideend|p2: leoperi99|Spikes|[from] move: Rapid Spin|[of] p2a: Tentacruel
|-sideend|p2: leoperi99|Stealth Rock|[from] move: Rapid Spin|[of] p2a: Tentacruel
|move|p1a: Dragonite|Dragon Dance|p1a: Dragonite
|-boost|p1a: Dragonite|atk|1
|-boost|p1a: Dragonite|spe|1
|
|-weather|RainDance|[upkeep]
|-heal|p2a: Tentacruel|82/100|[from] ability: Rain Dish
|-heal|p2a: Tentacruel|88/100|[from] item: Black Sludge
|upkeep
|turn|11
|
|t:|1702559242
|move|p1a: Dragonite|Dragon Dance|p1a: Dragonite
|-boost|p1a: Dragonite|atk|1
|-boost|p1a: Dragonite|spe|1
|move|p2a: Tentacruel|Scald|p1a: Dragonite
|-resisted|p1a: Dragonite
|-damage|p1a: Dragonite|82/100
|
|-weather|RainDance|[upkeep]
|-heal|p2a: Tentacruel|94/100|[from] ability: Rain Dish
|-heal|p2a: Tentacruel|99/100|[from] item: Black Sludge
|upkeep
|turn|12
|
|t:|1702559251
|move|p1a: Dragonite|Dragon Dance|p1a: Dragonite
|-boost|p1a: Dragonite|atk|1
|-boost|p1a: Dragonite|spe|1
|move|p2a: Tentacruel|Scald|p1a: Dragonite
|-resisted|p1a: Dragonite
|-damage|p1a: Dragonite|64/100
|
|-weather|RainDance|[upkeep]
|-heal|p2a: Tentacruel|100/100|[from] ability: Rain Dish
|upkeep
|turn|13
|
|t:|1702559259
|move|p1a: Dragonite|Earthquake|p2a: Tentacruel
|-supereffective|p2a: Tentacruel
|-damage|p2a: Tentacruel|0 fnt
|faint|p2a: Tentacruel
|
|-weather|RainDance|[upkeep]
|upkeep
|
|t:|1702559268
|switch|p2a: le frog|Politoed, F, shiny|100/100
|turn|14
|j| Ichigo gamerx
|
|t:|1702559290
|move|p1a: Dragonite|Earthquake|p2a: le frog
|-damage|p2a: le frog|24/100
|move|p2a: le frog|Encore|p1a: Dragonite
|-start|p1a: Dragonite|Encore
|
|-weather|RainDance|[upkeep]
|-heal|p2a: le frog|30/100|[from] item: Leftovers
|upkeep
|turn|15
|
|t:|1702559299
|switch|p2a: Gyarados|Gyarados, F, shiny|100/100
|move|p1a: Dragonite|Earthquake|p2a: Gyarados
|-immune|p2a: Gyarados
|
|-weather|RainDance|[upkeep]
|upkeep
|turn|16
|
|t:|1702559305
|move|p1a: Dragonite|Earthquake|p2a: Gyarados
|-immune|p2a: Gyarados
|move|p2a: Gyarados|Substitute|p2a: Gyarados
|-start|p2a: Gyarados|Substitute
|-damage|p2a: Gyarados|76/100
|
|-weather|RainDance|[upkeep]
|-heal|p2a: Gyarados|82/100|[from] item: Leftovers
|upkeep
|turn|17
|
|t:|1702559311
|move|p1a: Dragonite|Earthquake|p2a: Gyarados
|-immune|p2a: Gyarados
|move|p2a: Gyarados|Dragon Dance|p2a: Gyarados
|-boost|p2a: Gyarados|atk|1
|-boost|p2a: Gyarados|spe|1
|
|-weather|RainDance|[upkeep]
|-heal|p2a: Gyarados|88/100|[from] item: Leftovers
|-end|p1a: Dragonite|Encore
|upkeep
|turn|18
|-message|ajkjqwk forfeited.
|
|win|leoperi99
|raw|ajkjqwk's rating: 1506 &rarr; <strong>1478</strong><br />(-28 for losing)
|raw|leoperi99's rating: 1362 &rarr; <strong>1390</strong><br />(+28 for winning)
|l|☆ajkjqwk
