|j|☆CroCoeur
|j|☆alvar03
|player|p1|CroCoeur|161|1384
|player|p2|alvar03|blue|1382
|teamsize|p1|6
|teamsize|p2|6
|gametype|singles
|gen|5
|tier|[Gen 5] OU
|rated|
|clearpoke
|poke|p1|Politoed, M|item
|poke|p1|Vaporeon, F|item
|poke|p1|Celebi|item
|poke|p1|Ferrothorn, M|item
|poke|p1|Latios, M|item
|poke|p1|Jirachi|item
|poke|p2|Tyranitar, M|item
|poke|p2|Breloom, F|item
|poke|p2|Jirachi|item
|poke|p2|Rotom-Wash|item
|poke|p2|Landorus-Therian, M|item
|poke|p2|Alakazam, M|item
|rule|Species Clause: Limit one of each Pokémon
|rule|OHKO Clause: OHKO moves are banned
|rule|Moody Clause: Moody is banned
|rule|Evasion Moves Clause: Evasion moves are banned
|rule|Endless Battle Clause: Forcing endless battles is banned
|rule|HP Percentage Mod: HP is shown in percentages
|rule|Evasion Abilities Clause: Evasion abilities are banned
|rule|Baton Pass Clause: Limit one Baton Passer, can't pass Spe and other stats simultaneously
|rule|Sleep Clause: Sleep-inducing moves are banned
|rule|Swagger Clause: Swagger is banned
|teampreview
|inactive|Battle timer is ON: inactive players will automatically lose when time's up. (requested by CroCoeur)
|
|start
|switch|p1a: Ferrothorn|Ferrothorn, M|100/100
|switch|p2a: Landorus|Landorus-Therian, M|100/100
|-ability|p2a: Landorus|Intimidate|boost
|-unboost|p1a: Ferrothorn|atk|1
|turn|1
|
|switch|p2a: Tyranitar|Tyranitar, M|100/100
|-weather|Sandstorm|[from] ability: Sand Stream|[of] p2a: Tyranitar
|move|p1a: Ferrothorn|Stealth Rock|p2a: Tyranitar
|-sidestart|p2: alvar03|move: Stealth Rock
|
|-weather|Sandstorm|[upkeep]
|upkeep
|turn|2
|
|move|p2a: Tyranitar|Stealth Rock|p1a: Ferrothorn
|-sidestart|p1: CroCoeur|move: Stealth Rock
|move|p1a: Ferrothorn|Power Whip|p2a: Tyranitar
|-supereffective|p2a: Tyranitar
|-damage|p2a: Tyranitar|57/100
|
|-weather|Sandstorm|[upkeep]
|-heal|p2a: Tyranitar|64/100|[from] item: Leftovers
|upkeep
|turn|3
|
|move|p2a: Tyranitar|Fire Blast|p1a: Ferrothorn
|-supereffective|p1a: Ferrothorn
|-damage|p1a: Ferrothorn|0 fnt
|faint|p1a: Ferrothorn
|
|-weather|Sandstorm|[upkeep]
|-heal|p2a: Tyranitar|70/100|[from] item: Leftovers
|upkeep
|
|switch|p1a: Politoed|Politoed, M|100/100
|-damage|p1a: Politoed|88/100|[from] Stealth Rock
|-weather|RainDance|[from] ability: Drizzle|[of] p1a: Politoed
|turn|4
|
|switch|p2a: Jirachi|Jirachi|100/100
|-damage|p2a: Jirachi|94/100|[from] Stealth Rock
|move|p1a: Politoed|Hydro Pump|p2a: Jirachi|[miss]
|-miss|p1a: Politoed|p2a: Jirachi
|
|-weather|RainDance|[upkeep]
|-heal|p2a: Jirachi|100/100|[from] item: Leftovers
|upkeep
|turn|5
|
|switch|p1a: Vaporeon|Vaporeon, F|100/100
|-damage|p1a: Vaporeon|88/100|[from] Stealth Rock
|move|p2a: Jirachi|Body Slam|p1a: Vaporeon
|-damage|p1a: Vaporeon|66/100
|
|-weather|RainDance|[upkeep]
|-heal|p1a: Vaporeon|72/100|[from] item: Leftovers
|upkeep
|turn|6
|
|switch|p2a: Rotom|Rotom-Wash|100/100
|-damage|p2a: Rotom|88/100|[from] Stealth Rock
|move|p1a: Vaporeon|Scald|p2a: Rotom
|-resisted|p2a: Rotom
|-damage|p2a: Rotom|65/100
|
|-weather|RainDance|[upkeep]
|-heal|p2a: Rotom|72/100|[from] item: Leftovers
|-heal|p1a: Vaporeon|78/100|[from] item: Leftovers
|upkeep
|turn|7
|
|move|p2a: Rotom|Hydro Pump|p1a: Vaporeon
|-resisted|p1a: Vaporeon
|-damage|p1a: Vaporeon|61/100
|move|p1a: Vaporeon|Scald|p2a: Rotom
|-resisted|p2a: Rotom
|-damage|p2a: Rotom|51/100
|-status|p2a: Rotom|brn
|
|-weather|RainDance|[upkeep]
|-heal|p2a: Rotom|57/100 brn|[from] item: Leftovers
|-heal|p1a: Vaporeon|67/100|[from] item: Leftovers
|-damage|p2a: Rotom|45/100 brn|[from] brn
|upkeep
|turn|8
|
|move|p2a: Rotom|Pain Split|p1a: Vaporeon
|-sethp|p1a: Vaporeon|48/100|[from] move: Pain Split|[silent]
|-sethp|p2a: Rotom|73/100 brn|[from] move: Pain Split
|move|p1a: Vaporeon|Scald|p2a: Rotom
|-resisted|p2a: Rotom
|-damage|p2a: Rotom|51/100 brn
|
|-weather|RainDance|[upkeep]
|-heal|p2a: Rotom|57/100 brn|[from] item: Leftovers
|-heal|p1a: Vaporeon|54/100|[from] item: Leftovers
|-damage|p2a: Rotom|45/100 brn|[from] brn
|upkeep
|turn|9
|
|move|p2a: Rotom|Pain Split|p1a: Vaporeon
|-sethp|p1a: Vaporeon|42/100|[from] move: Pain Split|[silent]
|-sethp|p2a: Rotom|63/100 brn|[from] move: Pain Split
|move|p1a: Vaporeon|Scald|p2a: Rotom
|-resisted|p2a: Rotom
|-crit|p2a: Rotom
|-damage|p2a: Rotom|19/100 brn
|
|-weather|RainDance|[upkeep]
|-heal|p2a: Rotom|25/100 brn|[from] item: Leftovers
|-heal|p1a: Vaporeon|48/100|[from] item: Leftovers
|-damage|p2a: Rotom|13/100 brn|[from] brn
|upkeep
|turn|10
|
|move|p2a: Rotom|Volt Switch|p1a: Vaporeon
|-supereffective|p1a: Vaporeon
|-damage|p1a: Vaporeon|21/100
|
|switch|p2a: Alakazam|Alakazam, M|100/100|[from]move: Volt Switch
|move|p1a: Vaporeon|Rest|p1a: Vaporeon
|-status|p1a: Vaporeon|slp|[from] move: Rest
|-heal|p1a: Vaporeon|100/100 slp|[silent]
|
|-weather|RainDance|[upkeep]
|-activate|p1a: Vaporeon|ability: Hydration
|-curestatus|p1a: Vaporeon|slp|[msg]
|upkeep
|turn|11
|
|move|p2a: Alakazam|Psychic|p1a: Vaporeon
|-damage|p1a: Vaporeon|64/100
|move|p1a: Vaporeon|Scald|p2a: Alakazam
|-damage|p2a: Alakazam|32/100
|-status|p2a: Alakazam|brn
|
|-weather|RainDance|[upkeep]
|-heal|p1a: Vaporeon|70/100|[from] item: Leftovers
|upkeep
|turn|12
|
|switch|p2a: Tyranitar|Tyranitar, M|70/100
|-damage|p2a: Tyranitar|57/100|[from] Stealth Rock
|-weather|Sandstorm|[from] ability: Sand Stream|[of] p2a: Tyranitar
|move|p1a: Vaporeon|Rest|p1a: Vaporeon
|-status|p1a: Vaporeon|slp|[from] move: Rest
|-heal|p1a: Vaporeon|100/100 slp|[silent]
|
|-weather|Sandstorm|[upkeep]
|-damage|p1a: Vaporeon|94/100 slp|[from] Sandstorm
|-heal|p1a: Vaporeon|100/100 slp|[from] item: Leftovers
|-heal|p2a: Tyranitar|64/100|[from] item: Leftovers
|upkeep
|turn|13
|
|switch|p1a: Jirachi|Jirachi|100/100
|-damage|p1a: Jirachi|94/100|[from] Stealth Rock
|switch|p2a: Breloom|Breloom, F|100/100
|-damage|p2a: Breloom|94/100|[from] Stealth Rock
|
|-weather|Sandstorm|[upkeep]
|-damage|p2a: Breloom|88/100|[from] Sandstorm
|-heal|p1a: Jirachi|100/100|[from] item: Leftovers
|-status|p2a: Breloom|tox|[from] item: Toxic Orb
|upkeep
|turn|14
|
|switch|p2a: Jirachi|Jirachi|100/100
|-damage|p2a: Jirachi|94/100|[from] Stealth Rock
|move|p1a: Jirachi|Substitute|p1a: Jirachi
|-start|p1a: Jirachi|Substitute
|-damage|p1a: Jirachi|75/100
|
|-weather|Sandstorm|[upkeep]
|-heal|p1a: Jirachi|82/100|[from] item: Leftovers
|-heal|p2a: Jirachi|100/100|[from] item: Leftovers
|upkeep
|turn|15
|
|switch|p2a: Landorus|Landorus-Therian, M|100/100
|-damage|p2a: Landorus|88/100|[from] Stealth Rock
|-ability|p2a: Landorus|Intimidate|boost
|-immune|p1a: Jirachi
|move|p1a: Jirachi|Calm Mind|p1a: Jirachi
|-boost|p1a: Jirachi|spa|1
|-boost|p1a: Jirachi|spd|1
|
|-weather|Sandstorm|[upkeep]
|-heal|p1a: Jirachi|88/100|[from] item: Leftovers
|upkeep
|turn|16
|
|move|p2a: Landorus|Earthquake|p1a: Jirachi
|-supereffective|p1a: Jirachi
|-end|p1a: Jirachi|Substitute
|move|p1a: Jirachi|Water Pulse|p2a: Landorus
|-supereffective|p2a: Landorus
|-damage|p2a: Landorus|31/100
|-start|p2a: Landorus|confusion
|
|-weather|Sandstorm|[upkeep]
|-heal|p1a: Jirachi|94/100|[from] item: Leftovers
|upkeep
|turn|17
|
|-activate|p2a: Landorus|confusion
|move|p2a: Landorus|Earthquake|p1a: Jirachi
|-supereffective|p1a: Jirachi
|-damage|p1a: Jirachi|0 fnt
|faint|p1a: Jirachi
|
|-weather|Sandstorm|[upkeep]
|upkeep
|
|switch|p1a: Politoed|Politoed, M|88/100
|-damage|p1a: Politoed|76/100|[from] Stealth Rock
|-weather|RainDance|[from] ability: Drizzle|[of] p1a: Politoed
|turn|18
|
|switch|p2a: Rotom|Rotom-Wash|13/100 brn
|-damage|p2a: Rotom|0 fnt|[from] Stealth Rock
|faint|p2a: Rotom
|switch|p1a: Latios|Latios, M|100/100
|-damage|p1a: Latios|88/100|[from] Stealth Rock
|
|-weather|RainDance|[upkeep]
|upkeep
|
|switch|p2a: Tyranitar|Tyranitar, M|64/100
|-damage|p2a: Tyranitar|51/100|[from] Stealth Rock
|-weather|Sandstorm|[from] ability: Sand Stream|[of] p2a: Tyranitar
|turn|19
|
|move|p1a: Latios|Surf|p2a: Tyranitar
|-supereffective|p2a: Tyranitar
|-damage|p2a: Tyranitar|17/100
|move|p2a: Tyranitar|Pursuit|p1a: Latios
|-supereffective|p1a: Latios
|-damage|p1a: Latios|38/100
|
|-weather|Sandstorm|[upkeep]
|-damage|p1a: Latios|32/100|[from] Sandstorm
|-heal|p2a: Tyranitar|23/100|[from] item: Leftovers
|upkeep
|turn|20
|
|switch|p2a: Breloom|Breloom, F|88/100 tox
|-damage|p2a: Breloom|82/100 tox|[from] Stealth Rock
|move|p1a: Latios|Surf|p2a: Breloom
|-resisted|p2a: Breloom
|-damage|p2a: Breloom|65/100 tox
|
|-weather|Sandstorm|[upkeep]
|-damage|p1a: Latios|26/100|[from] Sandstorm
|-damage|p2a: Breloom|59/100 tox|[from] Sandstorm
|-heal|p2a: Breloom|71/100 tox|[from] ability: Poison Heal
|upkeep
|turn|21
|
|switch|p1a: Celebi|Celebi|100/100
|-damage|p1a: Celebi|88/100|[from] Stealth Rock
|move|p2a: Breloom|Bulk Up|p2a: Breloom
|-boost|p2a: Breloom|atk|1
|-boost|p2a: Breloom|def|1
|
|-weather|Sandstorm|[upkeep]
|-damage|p1a: Celebi|82/100|[from] Sandstorm
|-damage|p2a: Breloom|65/100 tox|[from] Sandstorm
|-heal|p1a: Celebi|88/100|[from] item: Leftovers
|-heal|p2a: Breloom|77/100 tox|[from] ability: Poison Heal
|upkeep
|turn|22
|
|move|p1a: Celebi|Psychic|p2a: Breloom
|-supereffective|p2a: Breloom
|-damage|p2a: Breloom|16/100 tox
|move|p2a: Breloom|Drain Punch|p1a: Celebi
|-resisted|p1a: Celebi
|-damage|p1a: Celebi|69/100
|-heal|p2a: Breloom|28/100 tox|[from] drain|[of] p1a: Celebi
|
|-weather|Sandstorm|[upkeep]
|-damage|p1a: Celebi|63/100|[from] Sandstorm
|-damage|p2a: Breloom|21/100 tox|[from] Sandstorm
|-heal|p1a: Celebi|69/100|[from] item: Leftovers
|-heal|p2a: Breloom|34/100 tox|[from] ability: Poison Heal
|upkeep
|turn|23
|
|move|p2a: Breloom|Protect|p2a: Breloom
|-singleturn|p2a: Breloom|Protect
|move|p1a: Celebi|Recover|p1a: Celebi
|-heal|p1a: Celebi|100/100
|
|-weather|Sandstorm|[upkeep]
|-damage|p1a: Celebi|94/100|[from] Sandstorm
|-damage|p2a: Breloom|28/100 tox|[from] Sandstorm
|-heal|p1a: Celebi|100/100|[from] item: Leftovers
|-heal|p2a: Breloom|40/100 tox|[from] ability: Poison Heal
|upkeep
|turn|24
|
|switch|p2a: Jirachi|Jirachi|100/100
|-damage|p2a: Jirachi|94/100|[from] Stealth Rock
|move|p1a: Celebi|Psychic|p2a: Jirachi
|-resisted|p2a: Jirachi
|-damage|p2a: Jirachi|90/100
|
|-weather|Sandstorm|[upkeep]
|-damage|p1a: Celebi|94/100|[from] Sandstorm
|-heal|p2a: Jirachi|96/100|[from] item: Leftovers
|-heal|p1a: Celebi|100/100|[from] item: Leftovers
|upkeep
|turn|25
|
|move|p2a: Jirachi|Body Slam|p1a: Celebi
|-damage|p1a: Celebi|82/100
|-status|p1a: Celebi|par
|move|p1a: Celebi|Perish Song|p1a: Celebi
|-start|p1a: Celebi|perish3|[silent]
|-start|p2a: Jirachi|perish3|[silent]
|-fieldactivate|move: Perish Song
|
|-weather|Sandstorm|[upkeep]
|-damage|p1a: Celebi|76/100 par|[from] Sandstorm
|-heal|p2a: Jirachi|100/100|[from] item: Leftovers
|-heal|p1a: Celebi|82/100 par|[from] item: Leftovers
|-start|p2a: Jirachi|perish3
|-start|p1a: Celebi|perish3
|upkeep
|turn|26
|
|switch|p1a: Vaporeon|Vaporeon, F|100/100 slp
|-damage|p1a: Vaporeon|88/100 slp|[from] Stealth Rock
|move|p2a: Jirachi|Iron Head|p1a: Vaporeon
|-resisted|p1a: Vaporeon
|-damage|p1a: Vaporeon|73/100 slp
|
|-weather|Sandstorm|[upkeep]
|-damage|p1a: Vaporeon|67/100 slp|[from] Sandstorm
|-heal|p1a: Vaporeon|73/100 slp|[from] item: Leftovers
|-start|p2a: Jirachi|perish2
|upkeep
|turn|27
|
|switch|p1a: Politoed|Politoed, M|76/100
|-damage|p1a: Politoed|63/100|[from] Stealth Rock
|-weather|RainDance|[from] ability: Drizzle|[of] p1a: Politoed
|move|p2a: Jirachi|Wish|p2a: Jirachi
|
|-weather|RainDance|[upkeep]
|-start|p2a: Jirachi|perish1
|upkeep
|turn|28
|
|switch|p2a: Breloom|Breloom, F|40/100 tox
|-damage|p2a: Breloom|34/100 tox|[from] Stealth Rock
|move|p1a: Politoed|Ice Beam|p2a: Breloom
|-supereffective|p2a: Breloom
|-crit|p2a: Breloom
|-damage|p2a: Breloom|0 fnt
|faint|p2a: Breloom
|
|-weather|RainDance|[upkeep]
|upkeep
|
|switch|p2a: Tyranitar|Tyranitar, M|23/100
|-damage|p2a: Tyranitar|10/100|[from] Stealth Rock
|-weather|Sandstorm|[from] ability: Sand Stream|[of] p2a: Tyranitar
|turn|29
|
|move|p1a: Politoed|Ice Beam|p2a: Tyranitar
|-damage|p2a: Tyranitar|0 fnt
|faint|p2a: Tyranitar
|
|-weather|Sandstorm|[upkeep]
|-damage|p1a: Politoed|57/100|[from] Sandstorm
|upkeep
|
|switch|p2a: Landorus|Landorus-Therian, M|31/100
|-damage|p2a: Landorus|18/100|[from] Stealth Rock
|-ability|p2a: Landorus|Intimidate|boost
|-unboost|p1a: Politoed|atk|1
|turn|30
|
|switch|p1a: Vaporeon|Vaporeon, F|73/100 slp
|-damage|p1a: Vaporeon|60/100 slp|[from] Stealth Rock
|move|p2a: Landorus|U-turn|p1a: Vaporeon
|-damage|p1a: Vaporeon|29/100 slp
|
|switch|p2a: Alakazam|Alakazam, M|32/100 brn|[from]move: U-turn
|
|-weather|Sandstorm|[upkeep]
|-damage|p1a: Vaporeon|23/100 slp|[from] Sandstorm
|-heal|p1a: Vaporeon|29/100 slp|[from] item: Leftovers
|upkeep
|turn|31
|
|move|p2a: Alakazam|Psychic|p1a: Vaporeon
|-damage|p1a: Vaporeon|0 fnt
|faint|p1a: Vaporeon
|
|-weather|Sandstorm|[upkeep]
|upkeep
|
|switch|p1a: Politoed|Politoed, M|57/100
|-damage|p1a: Politoed|45/100|[from] Stealth Rock
|-weather|RainDance|[from] ability: Drizzle|[of] p1a: Politoed
|turn|32
|
|switch|p2a: Jirachi|Jirachi|100/100
|-damage|p2a: Jirachi|94/100|[from] Stealth Rock
|move|p1a: Politoed|Ice Beam|p2a: Jirachi
|-resisted|p2a: Jirachi
|-damage|p2a: Jirachi|86/100
|
|-weather|RainDance|[upkeep]
|-heal|p2a: Jirachi|93/100|[from] item: Leftovers
|upkeep
|turn|33
|
|switch|p1a: Celebi|Celebi|82/100
|-damage|p1a: Celebi|70/100|[from] Stealth Rock
|move|p2a: Jirachi|Body Slam|p1a: Celebi
|-damage|p1a: Celebi|52/100
|-status|p1a: Celebi|par
|
|-weather|RainDance|[upkeep]
|-heal|p2a: Jirachi|99/100|[from] item: Leftovers
|-heal|p1a: Celebi|59/100 par|[from] item: Leftovers
|upkeep
|turn|34
|
|-curestatus|p1a: Celebi|par|[from] ability: Natural Cure
|switch|p1a: Politoed|Politoed, M|45/100
|-damage|p1a: Politoed|32/100|[from] Stealth Rock
|move|p2a: Jirachi|Iron Head|p1a: Politoed
|-resisted|p1a: Politoed
|-damage|p1a: Politoed|14/100
|
|-weather|RainDance|[upkeep]
|-heal|p2a: Jirachi|100/100|[from] item: Leftovers
|upkeep
|turn|35
|
|move|p1a: Politoed|Hydro Pump|p2a: Jirachi
|-damage|p2a: Jirachi|56/100
|move|p2a: Jirachi|Body Slam|p1a: Politoed
|-damage|p1a: Politoed|0 fnt
|faint|p1a: Politoed
|
|-weather|RainDance|[upkeep]
|-heal|p2a: Jirachi|62/100|[from] item: Leftovers
|upkeep
|
|switch|p1a: Celebi|Celebi|59/100
|-damage|p1a: Celebi|46/100|[from] Stealth Rock
|turn|36
|
|move|p2a: Jirachi|Iron Head|p1a: Celebi
|-damage|p1a: Celebi|24/100
|move|p1a: Celebi|Perish Song|p1a: Celebi
|-start|p1a: Celebi|perish3|[silent]
|-start|p2a: Jirachi|perish3|[silent]
|-fieldactivate|move: Perish Song
|
|-weather|RainDance|[upkeep]
|-heal|p2a: Jirachi|68/100|[from] item: Leftovers
|-heal|p1a: Celebi|30/100|[from] item: Leftovers
|-start|p2a: Jirachi|perish3
|-start|p1a: Celebi|perish3
|upkeep
|turn|37
|
|move|p2a: Jirachi|Iron Head|p1a: Celebi
|-damage|p1a: Celebi|6/100
|move|p1a: Celebi|Recover|p1a: Celebi
|-heal|p1a: Celebi|56/100
|
|-weather|RainDance|[upkeep]
|-heal|p2a: Jirachi|74/100|[from] item: Leftovers
|-heal|p1a: Celebi|62/100|[from] item: Leftovers
|-start|p2a: Jirachi|perish2
|-start|p1a: Celebi|perish2
|upkeep
|turn|38
|
|move|p2a: Jirachi|Wish|p2a: Jirachi
|move|p1a: Celebi|Recover|p1a: Celebi
|-heal|p1a: Celebi|100/100
|
|-weather|RainDance|[upkeep]
|-heal|p2a: Jirachi|80/100|[from] item: Leftovers
|-start|p2a: Jirachi|perish1
|-start|p1a: Celebi|perish1
|upkeep
|turn|39
|
|move|p2a: Jirachi|Iron Head|p1a: Celebi
|-damage|p1a: Celebi|78/100
|move|p1a: Celebi|Psychic|p2a: Jirachi
|-resisted|p2a: Jirachi
|-damage|p2a: Jirachi|76/100
|
|-weather|RainDance|[upkeep]
|-heal|p2a: Jirachi|100/100|[from] move: Wish|[wisher] Jirachi
|-heal|p1a: Celebi|84/100|[from] item: Leftovers
|-start|p2a: Jirachi|perish0
|-start|p1a: Celebi|perish0
|upkeep
|faint|p2a: Jirachi
|faint|p1a: Celebi
|
|switch|p2a: Landorus|Landorus-Therian, M|18/100
|switch|p1a: Latios|Latios, M|26/100
|-damage|p1a: Latios|13/100|[from] Stealth Rock
|-damage|p2a: Landorus|6/100|[from] Stealth Rock
|-ability|p2a: Landorus|Intimidate|boost
|-unboost|p1a: Latios|atk|1
|turn|40
|
|move|p1a: Latios|Surf|p2a: Landorus
|-supereffective|p2a: Landorus
|-damage|p2a: Landorus|0 fnt
|faint|p2a: Landorus
|
|-weather|RainDance|[upkeep]
|upkeep
|c|☆alvar03|gg
|
|switch|p2a: Alakazam|Alakazam, M|32/100 brn
|turn|41
|
|move|p1a: Latios|Surf|p2a: Alakazam
|-damage|p2a: Alakazam|0 fnt
|faint|p2a: Alakazam
|
|win|CroCoeur
|c|☆CroCoeur|wp
|raw|CroCoeur's rating: 1384 &rarr; <strong>1404</strong><br />(+20 for winning)
|raw|alvar03's rating: 1382 &rarr; <strong>1362</strong><br />(-20 for losing)
|c|☆alvar03|not wp
|c|☆CroCoeur|Yeah, well, messed up the end
|c|☆alvar03|yeah
|c|☆alvar03|rachi was key
|c|☆CroCoeur|Yep
|c|☆alvar03|but by the damage on ttar thought that latios was specs
|c|☆alvar03|anyway
|c|☆CroCoeur|Why didn't you switch?
|c|☆alvar03|gg
|c|☆CroCoeur|Ah
|c|☆alvar03|idk
|c|☆CroCoeur|I see
|c|☆alvar03|i was sure it was specs
|c|☆alvar03|anyway
|c|☆alvar03|gg
