|j|‽yusei38
|j|☆seanb143
|t:|1706644367
|gametype|singles
|player|p1|yusei38|170|1346
|player|p2|seanb143|emmet|1505
|teamsize|p1|6
|teamsize|p2|6
|gen|5
|tier|[Gen 5] OU
|rated|
|rule|Species Clause: Limit one of each Pokémon
|rule|OHKO Clause: OHKO moves are banned
|rule|Moody Clause: Moody is banned
|rule|Evasion Items Clause: Evasion items are banned
|rule|Evasion Moves Clause: Evasion moves are banned
|rule|Endless Battle Clause: Forcing endless battles is banned
|rule|HP Percentage Mod: HP is shown in percentages
|rule|Evasion Abilities Clause: Evasion abilities are banned
|rule|Sleep Moves Clause: Sleep-inducing moves are banned
|rule|Swagger Clause: Swagger is banned
|rule|Baton Pass Stat Clause: No Baton Passer may have a way to boost its stats
|clearpoke
|poke|p1|Politoed, F|item
|poke|p1|Skarmory, M|item
|poke|p1|Espeon, M|item
|poke|p1|Kyurem-Black|item
|poke|p1|Blissey, F|item
|poke|p1|Jolteon, F|item
|poke|p2|Ninetales, F|item
|poke|p2|Blissey, F|item
|poke|p2|Dragonite, M|item
|poke|p2|Conkeldurr, F|item
|poke|p2|Scizor, M|item
|poke|p2|Starmie|item
|teampreview
|inactive|Battle timer is ON: inactive players will automatically lose when time's up. (requested by seanb143)
|inactive|yusei38 has 120 seconds left.
|
|t:|1706644408
|start
|switch|p1a: Kyurem|Kyurem-Black|100/100
|switch|p2a: Scizor|Scizor, M, shiny|100/100
|-ability|p1a: Kyurem|Teravolt
|turn|1
|inactive|seanb143 has 120 seconds left.
|inactive|seanb143 has 90 seconds left.
|
|t:|1706644483
|switch|p1a: Skarmory|Skarmory, M, shiny|100/100
|move|p2a: Scizor|Superpower|p1a: Skarmory
|-damage|p1a: Skarmory|62/100
|-unboost|p2a: Scizor|atk|1
|-unboost|p2a: Scizor|def|1
|-damage|p2a: Scizor|84/100|[from] item: Rocky Helmet|[of] p1a: Skarmory
|
|upkeep
|turn|2
|
|t:|1706644498
|switch|p2a: Blissey|Blissey, F, shiny|100/100
|switch|p1a: Jolteon|Jolteon, F, shiny|100/100
|
|upkeep
|turn|3
|
|t:|1706644504
|move|p1a: Jolteon|Volt Switch|p2a: Blissey
|-damage|p2a: Blissey|82/100
|
|t:|1706644508
|switch|p1a: Espeon|Espeon, M, shiny|100/100|[from] Volt Switch
|move|p2a: Blissey|Flamethrower|p1a: Espeon
|-damage|p1a: Espeon|83/100
|
|-heal|p2a: Blissey|89/100|[from] item: Leftovers
|upkeep
|turn|4
|
|t:|1706644517
|switch|p2a: Scizor|Scizor, M, shiny|84/100
|move|p1a: Espeon|Calm Mind|p1a: Espeon
|-boost|p1a: Espeon|spa|1
|-boost|p1a: Espeon|spd|1
|
|upkeep
|turn|5
|
|t:|1706644523
|switch|p1a: Skarmory|Skarmory, M, shiny|62/100
|move|p2a: Scizor|U-turn|p1a: Skarmory
|-resisted|p1a: Skarmory
|-damage|p1a: Skarmory|54/100
|-damage|p2a: Scizor|67/100|[from] item: Rocky Helmet|[of] p1a: Skarmory
|
|t:|1706644527
|switch|p2a: Ninetales|Ninetales, F, shiny|100/100|[from] U-turn
|-weather|SunnyDay|[from] ability: Drought|[of] p2a: Ninetales
|
|-weather|SunnyDay|[upkeep]
|upkeep
|turn|6
|
|t:|1706644540
|switch|p2a: Scizor|Scizor, M, shiny|67/100
|switch|p1a: Blissey|Blissey, F, shiny|100/100
|
|-weather|SunnyDay|[upkeep]
|upkeep
|turn|7
|
|t:|1706644558
|switch|p1a: Politoed|Politoed, F, shiny|100/100
|-weather|RainDance|[from] ability: Drizzle|[of] p1a: Politoed
|move|p2a: Scizor|U-turn|p1a: Politoed
|-damage|p1a: Politoed|57/100
|
|t:|1706644564
|switch|p2a: Ninetales|Ninetales, F, shiny|100/100|[from] U-turn
|-weather|SunnyDay|[from] ability: Drought|[of] p2a: Ninetales
|
|-weather|SunnyDay|[upkeep]
|upkeep
|turn|8
|
|t:|1706644569
|switch|p2a: Scizor|Scizor, M, shiny|67/100
|switch|p1a: Blissey|Blissey, F, shiny|100/100
|
|-weather|SunnyDay|[upkeep]
|upkeep
|turn|9
|
|t:|1706644573
|switch|p1a: Skarmory|Skarmory, M, shiny|54/100
|move|p2a: Scizor|U-turn|p1a: Skarmory
|-resisted|p1a: Skarmory
|-damage|p1a: Skarmory|45/100
|-damage|p2a: Scizor|50/100|[from] item: Rocky Helmet|[of] p1a: Skarmory
|
|t:|1706644578
|switch|p2a: Blissey|Blissey, F, shiny|89/100|[from] U-turn
|
|-weather|SunnyDay|[upkeep]
|-heal|p2a: Blissey|95/100|[from] item: Leftovers
|upkeep
|turn|10
|
|t:|1706644589
|move|p1a: Skarmory|Roost|p1a: Skarmory
|-heal|p1a: Skarmory|95/100
|-singleturn|p1a: Skarmory|move: Roost
|move|p2a: Blissey|Flamethrower|p1a: Skarmory
|-supereffective|p1a: Skarmory
|-damage|p1a: Skarmory|20/100
|
|-weather|SunnyDay|[upkeep]
|-heal|p2a: Blissey|100/100|[from] item: Leftovers
|upkeep
|turn|11
|
|t:|1706644602
|switch|p1a: Kyurem|Kyurem-Black|100/100
|-ability|p1a: Kyurem|Teravolt
|move|p2a: Blissey|Stealth Rock|p1a: Kyurem
|-sidestart|p1: yusei38|move: Stealth Rock
|
|-weather|SunnyDay|[upkeep]
|upkeep
|turn|12
|
|t:|1706644610
|move|p1a: Kyurem|Outrage|p2a: Blissey
|-damage|p2a: Blissey|0 fnt
|faint|p2a: Blissey
|
|-weather|SunnyDay|[upkeep]
|upkeep
|
|t:|1706644620
|switch|p2a: Scizor|Scizor, M, shiny|50/100
|turn|13
|
|t:|1706644623
|move|p2a: Scizor|Bullet Punch|p1a: Kyurem
|-supereffective|p1a: Kyurem
|-damage|p1a: Kyurem|17/100
|move|p1a: Kyurem|Outrage|p2a: Scizor|[from]lockedmove
|-resisted|p2a: Scizor
|-damage|p2a: Scizor|0 fnt
|faint|p2a: Scizor
|
|-weather|SunnyDay|[upkeep]
|upkeep
|
|t:|1706644627
|switch|p2a: Starmie|Starmie, shiny|100/100
|turn|14
|
|t:|1706644633
|move|p2a: Starmie|Psyshock|p1a: Kyurem
|-damage|p1a: Kyurem|0 fnt
|faint|p1a: Kyurem
|
|-weather|SunnyDay|[upkeep]
|upkeep
|
|t:|1706644645
|switch|p1a: Espeon|Espeon, M, shiny|83/100
|-damage|p1a: Espeon|71/100|[from] Stealth Rock
|turn|15
|
|t:|1706644653
|switch|p2a: Dragonite|Dragonite, M, shiny|100/100
|move|p1a: Espeon|Trick Room|p1a: Espeon
|-fieldstart|move: Trick Room|[of] p1a: Espeon
|
|-weather|SunnyDay|[upkeep]
|upkeep
|turn|16
|
|t:|1706644666
|switch|p1a: Skarmory|Skarmory, M, shiny|20/100
|-damage|p1a: Skarmory|8/100|[from] Stealth Rock
|move|p2a: Dragonite|Dragon Dance|p2a: Dragonite
|-boost|p2a: Dragonite|atk|1
|-boost|p2a: Dragonite|spe|1
|
|-weather|SunnyDay|[upkeep]
|upkeep
|turn|17
|
|t:|1706644675
|move|p2a: Dragonite|Extreme Speed|p1a: Skarmory
|-resisted|p1a: Skarmory
|-damage|p1a: Skarmory|0 fnt
|-damage|p2a: Dragonite|84/100|[from] item: Rocky Helmet|[of] p1a: Skarmory
|faint|p1a: Skarmory
|
|-weather|SunnyDay|[upkeep]
|upkeep
|
|t:|1706644700
|switch|p1a: Politoed|Politoed, F, shiny|57/100
|-damage|p1a: Politoed|45/100|[from] Stealth Rock
|-weather|RainDance|[from] ability: Drizzle|[of] p1a: Politoed
|turn|18
|
|t:|1706644705
|move|p2a: Dragonite|Extreme Speed|p1a: Politoed
|-damage|p1a: Politoed|8/100
|move|p1a: Politoed|Perish Song|p1a: Politoed
|-start|p1a: Politoed|perish3|[silent]
|-start|p2a: Dragonite|perish3|[silent]
|-fieldactivate|move: Perish Song
|
|-weather|RainDance|[upkeep]
|-start|p1a: Politoed|perish3
|-start|p2a: Dragonite|perish3
|upkeep
|turn|19
|
|t:|1706644720
|switch|p2a: Ninetales|Ninetales, F, shiny|100/100
|-weather|SunnyDay|[from] ability: Drought|[of] p2a: Ninetales
|move|p1a: Politoed|Protect||[still]
|-fail|p1a: Politoed
|
|-weather|SunnyDay|[upkeep]
|-start|p1a: Politoed|perish2
|-fieldend|move: Trick Room
|upkeep
|turn|20
|
|t:|1706644730
|switch|p2a: Conkeldurr|Conkeldurr, F, shiny|100/100
|switch|p1a: Blissey|Blissey, F, shiny|100/100
|-damage|p1a: Blissey|88/100|[from] Stealth Rock
|
|-weather|SunnyDay|[upkeep]
|-heal|p1a: Blissey|94/100|[from] item: Leftovers
|upkeep
|turn|21
|
|t:|1706644745
|move|p1a: Blissey|Thunder Wave|p2a: Conkeldurr
|-status|p2a: Conkeldurr|par
|move|p2a: Conkeldurr|Bulk Up|p2a: Conkeldurr
|-boost|p2a: Conkeldurr|atk|1
|-boost|p2a: Conkeldurr|def|1
|
|-weather|SunnyDay|[upkeep]
|-heal|p1a: Blissey|99/100|[from] item: Leftovers
|upkeep
|turn|22
|
|t:|1706644759
|switch|p1a: Politoed|Politoed, F, shiny|8/100
|-damage|p1a: Politoed|0 fnt|[from] Stealth Rock
|faint|p1a: Politoed
|move|p2a: Conkeldurr|Drain Punch|p1: Politoed|[notarget]
|-fail|p2a: Conkeldurr
|
|-weather|SunnyDay|[upkeep]
|upkeep
|
|t:|1706644771
|switch|p1a: Espeon|Espeon, M, shiny|71/100
|-damage|p1a: Espeon|59/100|[from] Stealth Rock
|turn|23
|
|t:|1706644785
|move|p1a: Espeon|Psyshock|p2a: Conkeldurr
|-supereffective|p2a: Conkeldurr
|-damage|p2a: Conkeldurr|32/100 par
|-damage|p1a: Espeon|49/100|[from] item: Life Orb
|move|p2a: Conkeldurr|Drain Punch|p1a: Espeon
|-resisted|p1a: Espeon
|-damage|p1a: Espeon|0 fnt
|-heal|p2a: Conkeldurr|52/100 par|[from] drain|[of] p1a: Espeon
|faint|p1a: Espeon
|
|-weather|SunnyDay|[upkeep]
|-heal|p2a: Conkeldurr|58/100 par|[from] item: Leftovers
|upkeep
|
|t:|1706644807
|switch|p1a: Jolteon|Jolteon, F, shiny|100/100
|-damage|p1a: Jolteon|88/100|[from] Stealth Rock
|turn|24
|
|t:|1706644813
|cant|p2a: Conkeldurr|par
|move|p1a: Jolteon|Volt Switch|p2a: Conkeldurr
|-damage|p2a: Conkeldurr|0 fnt
|faint|p2a: Conkeldurr
|
|t:|1706644820
|switch|p1a: Blissey|Blissey, F, shiny|99/100|[from] Volt Switch
|-damage|p1a: Blissey|88/100|[from] Stealth Rock
|
|-weather|SunnyDay|[upkeep]
|-heal|p1a: Blissey|94/100|[from] item: Leftovers
|upkeep
|
|t:|1706644824
|switch|p2a: Dragonite|Dragonite, M, shiny|84/100
|turn|25
|
|t:|1706644840
|move|p2a: Dragonite|Dragon Dance|p2a: Dragonite
|-boost|p2a: Dragonite|atk|1
|-boost|p2a: Dragonite|spe|1
|move|p1a: Blissey|Thunder Wave|p2a: Dragonite
|-status|p2a: Dragonite|par
|-enditem|p2a: Dragonite|Lum Berry|[eat]
|-curestatus|p2a: Dragonite|par|[msg]
|
|-weather|SunnyDay|[upkeep]
|-heal|p1a: Blissey|99/100|[from] item: Leftovers
|upkeep
|turn|26
|
|t:|1706644852
|move|p2a: Dragonite|Outrage|p1a: Blissey
|-damage|p1a: Blissey|7/100
|move|p1a: Blissey|Thunder Wave|p2a: Dragonite
|-status|p2a: Dragonite|par
|
|-weather|SunnyDay|[upkeep]
|-heal|p1a: Blissey|13/100|[from] item: Leftovers
|upkeep
|turn|27
|
|t:|1706644868
|move|p1a: Blissey|Seismic Toss|p2a: Dragonite
|-damage|p2a: Dragonite|53/100 par
|move|p2a: Dragonite|Outrage|p1a: Blissey|[from]lockedmove
|-damage|p1a: Blissey|0 fnt
|faint|p1a: Blissey
|
|-weather|SunnyDay|[upkeep]
|upkeep
|
|t:|1706644877
|switch|p1a: Jolteon|Jolteon, F, shiny|88/100
|-damage|p1a: Jolteon|75/100|[from] Stealth Rock
|turn|28
|inactive|yusei38 has 120 seconds left.
|inactive|yusei38 has 90 seconds left.
|
|t:|1706644929
|move|p1a: Jolteon|Shadow Ball|p2a: Dragonite
|-damage|p2a: Dragonite|12/100 par
|move|p2a: Dragonite|Outrage|p1a: Jolteon|[from]lockedmove
|-damage|p1a: Jolteon|0 fnt
|faint|p1a: Jolteon
|-start|p2a: Dragonite|confusion|[fatigue]
|
|win|seanb143
|raw|yusei38's rating: 1346 &rarr; <strong>1335</strong><br />(-11 for losing)
|raw|seanb143's rating: 1505 &rarr; <strong>1516</strong><br />(+11 for winning)
|l|☆seanb143
|player|p2|
