|j|☆ksksjsnsn
|j|☆LeafStoned
|t:|1728048802
|gametype|singles
|player|p1|ksksjsnsn|policeman-gen4|1273
|player|p2|LeafStoned|265|1441
|teamsize|p1|6
|teamsize|p2|6
|gen|5
|tier|[Gen 5] OU
|rated|
|rule|Species Clause: Limit one of each Pokémon
|rule|OHKO Clause: OHKO moves are banned
|rule|Moody Clause: Moody is banned
|rule|Evasion Items Clause: Evasion items are banned
|rule|Evasion Moves Clause: Evasion moves are banned
|rule|Endless Battle Clause: Forcing endless battles is banned
|rule|HP Percentage Mod: HP is shown in percentages
|rule|Evasion Abilities Clause: Evasion abilities are banned
|rule|Sleep Moves Clause: Sleep-inducing moves are banned
|rule|Swagger Clause: Swagger is banned
|rule|Baton Pass Stat Clause: No Baton Passer may have a way to boost its stats
|clearpoke
|poke|p1|Slaking, M|item
|poke|p1|Whimsicott, F|item
|poke|p1|Dragonite, M|item
|poke|p1|Scizor, M|item
|poke|p1|Starmie|item
|poke|p1|Garchomp, M|item
|poke|p2|Landorus-Therian, M|item
|poke|p2|Gigalith, M|item
|poke|p2|Metagross|item
|poke|p2|Tyranitar, M|item
|poke|p2|Azelf|item
|poke|p2|Snorlax, M|item
|teampreview
|inactive|Battle timer is ON: inactive players will automatically lose when time's up. (requested by LeafStoned)
|
|t:|1728048821
|start
|switch|p1a: fat big|Dragonite, M|100/100
|switch|p2a: Azelf|Azelf|100/100
|turn|1
|
|t:|1728048825
|move|p2a: Azelf|U-turn|p1a: fat big
|-resisted|p1a: fat big
|-damage|p1a: fat big|81/100
|
|t:|1728048830
|switch|p2a: Landorus|Landorus-Therian, M|100/100|[from] U-turn
|-ability|p2a: Landorus|Intimidate|boost
|-unboost|p1a: fat big|atk|1
|move|p1a: fat big|Dragon Dance|p1a: fat big
|-boost|p1a: fat big|atk|1
|-boost|p1a: fat big|spe|1
|
|-heal|p1a: fat big|88/100|[from] item: Leftovers
|upkeep
|turn|2
|
|t:|1728048842
|move|p1a: fat big|Dragon Dance|p1a: fat big
|-boost|p1a: fat big|atk|1
|-boost|p1a: fat big|spe|1
|move|p2a: Landorus|U-turn|p1a: fat big
|-resisted|p1a: fat big
|-damage|p1a: fat big|69/100
|
|t:|1728048848
|switch|p2a: Gigalith|Gigalith, M|100/100|[from] U-turn
|
|-heal|p1a: fat big|75/100|[from] item: Leftovers
|upkeep
|turn|3
|
|t:|1728048857
|move|p1a: fat big|Dragon Claw|p2a: Gigalith
|-damage|p2a: Gigalith|62/100
|move|p2a: Gigalith|Stealth Rock|p1a: fat big
|-sidestart|p1: ksksjsnsn|move: Stealth Rock
|
|-heal|p1a: fat big|81/100|[from] item: Leftovers
|upkeep
|turn|4
|
|t:|1728048875
|move|p1a: fat big|Dragon Dance|p1a: fat big
|-boost|p1a: fat big|atk|1
|-boost|p1a: fat big|spe|1
|move|p2a: Gigalith|Stone Edge|p1a: fat big|[miss]
|-miss|p2a: Gigalith|p1a: fat big
|
|-heal|p1a: fat big|87/100|[from] item: Leftovers
|upkeep
|turn|5
|
|t:|1728048889
|switch|p2a: Landorus|Landorus-Therian, M|100/100
|-ability|p2a: Landorus|Intimidate|boost
|-unboost|p1a: fat big|atk|1
|move|p1a: fat big|Dragon Claw|p2a: Landorus
|-damage|p2a: Landorus|38/100
|
|-heal|p1a: fat big|93/100|[from] item: Leftovers
|upkeep
|turn|6
|
|t:|1728048898
|move|p1a: fat big|Dragon Claw|p2a: Landorus
|-damage|p2a: Landorus|0 fnt
|faint|p2a: Landorus
|
|-heal|p1a: fat big|99/100|[from] item: Leftovers
|upkeep
|
|t:|1728048903
|switch|p2a: Snorlax|Snorlax, M|100/100
|turn|7
|
|t:|1728048910
|move|p1a: fat big|Dragon Claw|p2a: Snorlax
|-damage|p2a: Snorlax|52/100
|move|p2a: Snorlax|Self-Destruct|p1a: fat big
|-damage|p1a: fat big|0 fnt
|faint|p2a: Snorlax
|faint|p1a: fat big
|
|upkeep
|
|t:|1728048923
|switch|p1a: 玩O神玩的|Slaking, M|100/100
|switch|p2a: Azelf|Azelf|100/100
|-damage|p1a: 玩O神玩的|88/100|[from] Stealth Rock
|turn|8
|
|t:|1728048931
|move|p2a: Azelf|Explosion|p1a: 玩O神玩的
|-damage|p1a: 玩O神玩的|0 fnt
|faint|p2a: Azelf
|faint|p1a: 玩O神玩的
|
|upkeep
|
|t:|1728048945
|switch|p2a: Gigalith|Gigalith, M|62/100
|switch|p1a: 风油精|Whimsicott, F, shiny|100/100
|-damage|p1a: 风油精|88/100|[from] Stealth Rock
|turn|9
|
|t:|1728048953
|move|p1a: 风油精|Substitute|p1a: 风油精
|-start|p1a: 风油精|Substitute
|-damage|p1a: 风油精|63/100
|move|p2a: Gigalith|Explosion|p1a: 风油精
|-end|p1a: 风油精|Substitute
|faint|p2a: Gigalith
|
|-heal|p1a: 风油精|70/100|[from] item: Leftovers
|upkeep
|
|t:|1728048959
|switch|p2a: Tyranitar|Tyranitar, M|100/100
|-weather|Sandstorm|[from] ability: Sand Stream|[of] p2a: Tyranitar
|turn|10
|
|t:|1728048963
|move|p1a: 风油精|Substitute|p1a: 风油精
|-start|p1a: 风油精|Substitute
|-damage|p1a: 风油精|45/100
|move|p2a: Tyranitar|Dragon Dance|p2a: Tyranitar
|-boost|p2a: Tyranitar|atk|1
|-boost|p2a: Tyranitar|spe|1
|
|-weather|Sandstorm|[upkeep]
|-damage|p1a: 风油精|39/100|[from] Sandstorm
|-heal|p1a: 风油精|45/100|[from] item: Leftovers
|upkeep
|turn|11
|
|t:|1728048969
|move|p1a: 风油精|Encore|p2a: Tyranitar
|-start|p2a: Tyranitar|Encore
|move|p2a: Tyranitar|Dragon Dance|p2a: Tyranitar
|-boost|p2a: Tyranitar|atk|1
|-boost|p2a: Tyranitar|spe|1
|
|-weather|Sandstorm|[upkeep]
|-damage|p1a: 风油精|39/100|[from] Sandstorm
|-heal|p1a: 风油精|45/100|[from] item: Leftovers
|upkeep
|turn|12
|
|t:|1728048973
|switch|p2a: Metagross|Metagross|100/100
|-item|p2a: Metagross|Air Balloon
|move|p1a: 风油精|Stun Spore|p2a: Metagross
|-status|p2a: Metagross|par
|
|-weather|Sandstorm|[upkeep]
|-damage|p1a: 风油精|39/100|[from] Sandstorm
|-heal|p1a: 风油精|45/100|[from] item: Leftovers
|upkeep
|turn|13
|
|t:|1728048977
|move|p1a: 风油精|Leech Seed|p2a: Metagross
|-start|p2a: Metagross|move: Leech Seed
|cant|p2a: Metagross|par
|
|-weather|Sandstorm|[upkeep]
|-damage|p1a: 风油精|39/100|[from] Sandstorm
|-heal|p1a: 风油精|45/100|[from] item: Leftovers
|-damage|p2a: Metagross|88/100 par|[from] Leech Seed|[of] p1a: 风油精
|-heal|p1a: 风油精|56/100|[silent]
|upkeep
|turn|14
|
|t:|1728048983
|move|p1a: 风油精|Stun Spore|p2a: Metagross
|-fail|p2a: Metagross|par
|move|p2a: Metagross|Meteor Mash|p1a: 风油精|[miss]
|-miss|p2a: Metagross|p1a: 风油精
|
|-weather|Sandstorm|[upkeep]
|-damage|p1a: 风油精|50/100|[from] Sandstorm
|-heal|p1a: 风油精|56/100|[from] item: Leftovers
|-damage|p2a: Metagross|76/100 par|[from] Leech Seed|[of] p1a: 风油精
|-heal|p1a: 风油精|68/100|[silent]
|upkeep
|turn|15
|
|t:|1728048990
|move|p1a: 风油精|Stun Spore|p2a: Metagross|[miss]
|-miss|p1a: 风油精|p2a: Metagross
|cant|p2a: Metagross|par
|
|-weather|Sandstorm|[upkeep]
|-damage|p1a: 风油精|61/100|[from] Sandstorm
|-heal|p1a: 风油精|68/100|[from] item: Leftovers
|-damage|p2a: Metagross|64/100 par|[from] Leech Seed|[of] p1a: 风油精
|-heal|p1a: 风油精|79/100|[silent]
|upkeep
|turn|16
|
|t:|1728048999
|move|p1a: 风油精|Stun Spore|p2a: Metagross|[miss]
|-miss|p1a: 风油精|p2a: Metagross
|move|p2a: Metagross|Meteor Mash|p1a: 风油精|[miss]
|-miss|p2a: Metagross|p1a: 风油精
|
|-weather|Sandstorm|[upkeep]
|-damage|p1a: 风油精|73/100|[from] Sandstorm
|-heal|p1a: 风油精|79/100|[from] item: Leftovers
|-damage|p2a: Metagross|51/100 par|[from] Leech Seed|[of] p1a: 风油精
|-heal|p1a: 风油精|91/100|[silent]
|upkeep
|turn|17
|
|t:|1728049002
|move|p1a: 风油精|Stun Spore|p2a: Metagross
|-fail|p2a: Metagross|par
|cant|p2a: Metagross|par
|
|-weather|Sandstorm|[upkeep]
|-damage|p1a: 风油精|84/100|[from] Sandstorm
|-heal|p1a: 风油精|91/100|[from] item: Leftovers
|-damage|p2a: Metagross|39/100 par|[from] Leech Seed|[of] p1a: 风油精
|-heal|p1a: 风油精|100/100|[silent]
|upkeep
|turn|18
|
|t:|1728049004
|move|p1a: 风油精|Stun Spore|p2a: Metagross
|-fail|p2a: Metagross|par
|move|p2a: Metagross|Explosion|p1a: 风油精
|-end|p1a: 风油精|Substitute
|faint|p2a: Metagross
|
|-weather|Sandstorm|[upkeep]
|-damage|p1a: 风油精|94/100|[from] Sandstorm
|-heal|p1a: 风油精|100/100|[from] item: Leftovers
|upkeep
|
|t:|1728049007
|switch|p2a: Tyranitar|Tyranitar, M|100/100
|turn|19
|
|t:|1728049010
|move|p1a: 风油精|Substitute|p1a: 风油精
|-start|p1a: 风油精|Substitute
|-damage|p1a: 风油精|76/100
|move|p2a: Tyranitar|Ice Punch|p1a: 风油精
|-supereffective|p1a: 风油精
|-crit|p1a: 风油精
|-end|p1a: 风油精|Substitute
|
|-weather|Sandstorm|[upkeep]
|-damage|p1a: 风油精|70/100|[from] Sandstorm
|-heal|p1a: 风油精|76/100|[from] item: Leftovers
|upkeep
|turn|20
|
|t:|1728049024
|move|p1a: 风油精|Stun Spore|p2a: Tyranitar
|-status|p2a: Tyranitar|par
|cant|p2a: Tyranitar|par
|
|-weather|Sandstorm|[upkeep]
|-damage|p1a: 风油精|70/100|[from] Sandstorm
|-heal|p1a: 风油精|76/100|[from] item: Leftovers
|upkeep
|turn|21
|
|t:|1728049026
|move|p1a: 风油精|Substitute|p1a: 风油精
|-start|p1a: 风油精|Substitute
|-damage|p1a: 风油精|51/100
|move|p2a: Tyranitar|Ice Punch|p1a: 风油精
|-supereffective|p1a: 风油精
|-end|p1a: 风油精|Substitute
|
|-weather|Sandstorm|[upkeep]
|-damage|p1a: 风油精|45/100|[from] Sandstorm
|-heal|p1a: 风油精|51/100|[from] item: Leftovers
|upkeep
|turn|22
|
|t:|1728049033
|move|p1a: 风油精|Substitute|p1a: 风油精
|-start|p1a: 风油精|Substitute
|-damage|p1a: 风油精|26/100
|move|p2a: Tyranitar|Ice Punch|p1a: 风油精
|-supereffective|p1a: 风油精
|-end|p1a: 风油精|Substitute
|
|-weather|Sandstorm|[upkeep]
|-damage|p1a: 风油精|20/100|[from] Sandstorm
|-heal|p1a: 风油精|26/100|[from] item: Leftovers
|upkeep
|turn|23
|
|t:|1728049036
|move|p1a: 风油精|Substitute|p1a: 风油精
|-start|p1a: 风油精|Substitute
|-damage|p1a: 风油精|1/100
|move|p2a: Tyranitar|Crunch|p1a: 风油精
|-end|p1a: 风油精|Substitute
|
|-weather|Sandstorm|[upkeep]
|-damage|p1a: 风油精|0 fnt|[from] Sandstorm
|faint|p1a: 风油精
|upkeep
|
|t:|1728049043
|switch|p1a: 只螂：影逝二度|Scizor, M|100/100
|-damage|p1a: 只螂：影逝二度|88/100|[from] Stealth Rock
|turn|24
|
|t:|1728049046
|move|p1a: 只螂：影逝二度|Superpower|p2a: Tyranitar
|-supereffective|p2a: Tyranitar
|-enditem|p2a: Tyranitar|Chople Berry|[eat]
|-enditem|p2a: Tyranitar|Chople Berry|[weaken]
|-damage|p2a: Tyranitar|0 fnt
|-unboost|p1a: 只螂：影逝二度|atk|1
|-unboost|p1a: 只螂：影逝二度|def|1
|faint|p2a: Tyranitar
|
|win|ksksjsnsn
|raw|ksksjsnsn's rating: 1273 &rarr; <strong>1309</strong><br />(+36 for winning)
|raw|LeafStoned's rating: 1441 &rarr; <strong>1412</strong><br />(-29 for losing)
|l|☆ksksjsnsn
|player|p1|
|l|☆LeafStoned
|player|p2|
