|j|☆Usopp D Gawd
|j|☆ms breadner
|t:|1745611972
|gametype|singles
|player|p1|Usopp D Gawd|ash-sinnoh|1320
|player|p2|ms breadner|265|1360
|teamsize|p1|6
|teamsize|p2|6
|gen|5
|tier|[Gen 5] OU
|rated|
|rule|Species Clause: Limit one of each Pokémon
|rule|OHKO Clause: OHKO moves are banned
|rule|Moody Clause: Moody is banned
|rule|Evasion Items Clause: Evasion items are banned
|rule|Evasion Moves Clause: Evasion moves are banned
|rule|Endless Battle Clause: Forcing endless battles is banned
|rule|HP Percentage Mod: HP is shown in percentages
|rule|Evasion Abilities Clause: Evasion abilities are banned
|rule|Sleep Moves Clause: Sleep-inducing moves are banned
|rule|Swagger Clause: Swagger is banned
|rule|Baton Pass Stat Clause: No Baton Passer may have a way to boost its stats
|clearpoke
|poke|p1|Tyranitar, F|item
|poke|p1|Excadrill, M|item
|poke|p1|Ferrothorn, M|item
|poke|p1|Latios, M|item
|poke|p1|Jirachi|item
|poke|p1|Alakazam, M|item
|poke|p2|Tyranitar, F|item
|poke|p2|Gliscor, M|item
|poke|p2|Forretress, M|item
|poke|p2|Latios, M|item
|poke|p2|Jellicent, F|item
|poke|p2|Terrakion|item
|teampreview
|inactive|Battle timer is ON: inactive players will automatically lose when time's up. (requested by Usopp D Gawd)
|
|t:|1745611977
|start
|switch|p1a: EARTHGANG|Jirachi|100/100
|switch|p2a: Forretress|Forretress, M|100/100
|turn|1
|
|t:|1745611983
|move|p1a: EARTHGANG|Stealth Rock|p2a: Forretress
|-sidestart|p2: ms breadner|move: Stealth Rock
|move|p2a: Forretress|Spikes|p1a: EARTHGANG
|-sidestart|p1: Usopp D Gawd|Spikes
|
|upkeep
|turn|2
|
|t:|1745611987
|move|p1a: EARTHGANG|Thunder|p2a: Forretress
|-damage|p2a: Forretress|59/100
|-status|p2a: Forretress|par
|move|p2a: Forretress|Rapid Spin|p1a: EARTHGANG
|-resisted|p1a: EARTHGANG
|-damage|p1a: EARTHGANG|99/100
|-sideend|p2: ms breadner|Stealth Rock|[from] move: Rapid Spin|[of] p2a: Forretress
|
|-heal|p1a: EARTHGANG|100/100|[from] item: Leftovers
|-heal|p2a: Forretress|65/100 par|[from] item: Leftovers
|upkeep
|turn|3
|
|t:|1745611998
|move|p1a: EARTHGANG|U-turn|p2a: Forretress
|-resisted|p2a: Forretress
|-damage|p2a: Forretress|60/100 par
|
|t:|1745612001
|switch|p1a: Childish Gambino|Alakazam, M|100/100|[from] U-turn
|move|p2a: Forretress|Spikes|p1a: Childish Gambino
|-sidestart|p1: Usopp D Gawd|Spikes
|
|-heal|p2a: Forretress|67/100 par|[from] item: Leftovers
|upkeep
|turn|4
|
|t:|1745612012
|switch|p2a: Jellicent|Jellicent, F|100/100
|move|p1a: Childish Gambino|Hidden Power|p2a: Jellicent
|-resisted|p2a: Jellicent
|-damage|p2a: Jellicent|88/100
|
|-heal|p2a: Jellicent|95/100|[from] item: Leftovers
|upkeep
|turn|5
|
|t:|1745612021
|move|p1a: Childish Gambino|Grass Knot|p2a: Jellicent
|-supereffective|p2a: Jellicent
|-damage|p2a: Jellicent|23/100
|move|p2a: Jellicent|Scald|p1a: Childish Gambino
|-damage|p1a: Childish Gambino|63/100
|
|-heal|p2a: Jellicent|29/100|[from] item: Leftovers
|upkeep
|turn|6
|
|t:|1745612030
|switch|p2a: Latios|Latios, M|100/100
|move|p1a: Childish Gambino|Grass Knot|p2a: Latios
|-resisted|p2a: Latios
|-damage|p2a: Latios|82/100
|
|upkeep
|turn|7
|
|t:|1745612037
|move|p2a: Latios|Surf|p1a: Childish Gambino
|-damage|p1a: Childish Gambino|10/100
|move|p1a: Childish Gambino|Signal Beam|p2a: Latios
|-supereffective|p2a: Latios
|-damage|p2a: Latios|13/100
|
|upkeep
|turn|8
|
|t:|1745612043
|switch|p1a: Prince|Ferrothorn, M|100/100
|-damage|p1a: Prince|84/100|[from] Spikes
|move|p2a: Latios|Surf|p1a: Prince
|-resisted|p1a: Prince
|-damage|p1a: Prince|73/100
|
|-heal|p1a: Prince|79/100|[from] item: Leftovers
|upkeep
|turn|9
|
|t:|1745612052
|switch|p2a: Forretress|Forretress, M|67/100 par
|move|p1a: Prince|Knock Off|p2a: Forretress
|-resisted|p2a: Forretress
|-damage|p2a: Forretress|65/100 par
|-enditem|p2a: Forretress|Leftovers|[from] move: Knock Off|[of] p1a: Prince
|
|-heal|p1a: Prince|85/100|[from] item: Leftovers
|upkeep
|turn|10
|
|t:|1745612062
|move|p1a: Prince|Spikes|p2a: Forretress
|-sidestart|p2: ms breadner|Spikes
|move|p2a: Forretress|Spikes|p1a: Prince
|-sidestart|p1: Usopp D Gawd|Spikes
|
|-heal|p1a: Prince|92/100|[from] item: Leftovers
|upkeep
|turn|11
|
|t:|1745612077
|switch|p1a: Kevin Holliday|Latios, M|100/100
|move|p2a: Forretress|Rapid Spin|p1a: Kevin Holliday
|-damage|p1a: Kevin Holliday|94/100
|-sideend|p2: ms breadner|Spikes|[from] move: Rapid Spin|[of] p2a: Forretress
|
|upkeep
|turn|12
|
|t:|1745612083
|switch|p2a: Tyranitar|Tyranitar, F|100/100
|-weather|Sandstorm|[from] ability: Sand Stream|[of] p2a: Tyranitar
|move|p1a: Kevin Holliday|Hidden Power|p2a: Tyranitar
|-resisted|p2a: Tyranitar
|-damage|p2a: Tyranitar|96/100
|
|-weather|Sandstorm|[upkeep]
|-damage|p1a: Kevin Holliday|88/100|[from] Sandstorm
|-heal|p2a: Tyranitar|100/100|[from] item: Leftovers
|upkeep
|turn|13
|
|t:|1745612095
|move|p1a: Kevin Holliday|Energy Ball|p2a: Tyranitar
|-supereffective|p2a: Tyranitar
|-damage|p2a: Tyranitar|73/100
|move|p2a: Tyranitar|Crunch|p1a: Kevin Holliday
|-supereffective|p1a: Kevin Holliday
|-damage|p1a: Kevin Holliday|0 fnt
|faint|p1a: Kevin Holliday
|
|-weather|Sandstorm|[upkeep]
|-heal|p2a: Tyranitar|79/100|[from] item: Leftovers
|upkeep
|
|t:|1745612098
|switch|p1a: Pop Smoke|Excadrill, M|100/100
|-damage|p1a: Pop Smoke|76/100|[from] Spikes
|turn|14
|
|t:|1745612110
|switch|p2a: Jellicent|Jellicent, F|29/100
|move|p1a: Pop Smoke|Earthquake|p2a: Jellicent
|-damage|p2a: Jellicent|0 fnt
|faint|p2a: Jellicent
|
|-weather|Sandstorm|[upkeep]
|-heal|p1a: Pop Smoke|82/100|[from] item: Leftovers
|upkeep
|
|t:|1745612117
|switch|p2a: Terrakion|Terrakion|100/100
|turn|15
|
|t:|1745612121
|move|p1a: Pop Smoke|Protect|p1a: Pop Smoke
|-singleturn|p1a: Pop Smoke|Protect
|move|p2a: Terrakion|Close Combat|p1a: Pop Smoke
|-activate|p1a: Pop Smoke|move: Protect
|
|-weather|Sandstorm|[upkeep]
|-heal|p1a: Pop Smoke|88/100|[from] item: Leftovers
|upkeep
|turn|16
|
|t:|1745612128
|switch|p1a: Prince|Ferrothorn, M|92/100
|-damage|p1a: Prince|67/100|[from] Spikes
|move|p2a: Terrakion|Close Combat|p1a: Prince
|-supereffective|p1a: Prince
|-damage|p1a: Prince|0 fnt
|-unboost|p2a: Terrakion|def|1
|-unboost|p2a: Terrakion|spd|1
|-damage|p2a: Terrakion|88/100|[from] ability: Iron Barbs|[of] p1a: Prince
|faint|p1a: Prince
|-damage|p2a: Terrakion|78/100|[from] item: Life Orb
|
|-weather|Sandstorm|[upkeep]
|upkeep
|
|t:|1745612139
|switch|p1a: Childish Gambino|Alakazam, M|10/100
|turn|17
|
|t:|1745612144
|switch|p2a: Tyranitar|Tyranitar, F|79/100
|move|p1a: Childish Gambino|Grass Knot|p2a: Tyranitar
|-supereffective|p2a: Tyranitar
|-damage|p2a: Tyranitar|32/100
|
|-weather|Sandstorm|[upkeep]
|-heal|p2a: Tyranitar|38/100|[from] item: Leftovers
|upkeep
|turn|18
|
|t:|1745612152
|move|p2a: Tyranitar|Protect|p2a: Tyranitar
|-singleturn|p2a: Tyranitar|Protect
|move|p1a: Childish Gambino|Grass Knot|p2a: Tyranitar
|-activate|p2a: Tyranitar|move: Protect
|
|-weather|Sandstorm|[upkeep]
|-heal|p2a: Tyranitar|44/100|[from] item: Leftovers
|upkeep
|turn|19
|
|t:|1745612167
|move|p1a: Childish Gambino|Grass Knot|p2a: Tyranitar
|-supereffective|p2a: Tyranitar
|-damage|p2a: Tyranitar|0 fnt
|faint|p2a: Tyranitar
|
|-weather|Sandstorm|[upkeep]
|upkeep
|
|t:|1745612172
|switch|p2a: Latios|Latios, M|13/100
|turn|20
|
|t:|1745612176
|switch|p1a: EARTHGANG|Jirachi|100/100
|-damage|p1a: EARTHGANG|75/100|[from] Spikes
|move|p2a: Latios|Surf|p1a: EARTHGANG
|-damage|p1a: EARTHGANG|55/100
|
|-weather|Sandstorm|[upkeep]
|-damage|p2a: Latios|7/100|[from] Sandstorm
|-heal|p1a: EARTHGANG|61/100|[from] item: Leftovers
|upkeep
|turn|21
|
|t:|1745612185
|switch|p2a: Forretress|Forretress, M|65/100 par
|move|p1a: EARTHGANG|Stealth Rock|p2a: Forretress
|-sidestart|p2: ms breadner|move: Stealth Rock
|
|-weather|Sandstorm|[upkeep]
|-heal|p1a: EARTHGANG|68/100|[from] item: Leftovers
|upkeep
|turn|22
|
|t:|1745612191
|move|p1a: EARTHGANG|Thunder|p2a: Forretress
|-damage|p2a: Forretress|25/100 par
|move|p2a: Forretress|Rapid Spin|p1a: EARTHGANG
|-resisted|p1a: EARTHGANG
|-damage|p1a: EARTHGANG|66/100
|-sideend|p2: ms breadner|Stealth Rock|[from] move: Rapid Spin|[of] p2a: Forretress
|
|-weather|Sandstorm|[upkeep]
|-heal|p1a: EARTHGANG|72/100|[from] item: Leftovers
|upkeep
|turn|23
|
|t:|1745612200
|move|p1a: EARTHGANG|Stealth Rock|p2a: Forretress
|-sidestart|p2: ms breadner|move: Stealth Rock
|cant|p2a: Forretress|par
|
|-weather|Sandstorm|[upkeep]
|-heal|p1a: EARTHGANG|78/100|[from] item: Leftovers
|upkeep
|turn|24
|
|t:|1745612205
|move|p1a: EARTHGANG|Thunder|p2a: Forretress
|-damage|p2a: Forretress|0 fnt
|faint|p2a: Forretress
|
|-weather|Sandstorm|[upkeep]
|-heal|p1a: EARTHGANG|84/100|[from] item: Leftovers
|upkeep
|
|t:|1745612214
|switch|p2a: Gliscor|Gliscor, M|100/100
|-damage|p2a: Gliscor|88/100|[from] Stealth Rock
|turn|25
|
|t:|1745612221
|move|p2a: Gliscor|Earthquake|p1a: EARTHGANG
|-supereffective|p1a: EARTHGANG
|-damage|p1a: EARTHGANG|27/100
|move|p1a: EARTHGANG|Icy Wind|p2a: Gliscor
|-supereffective|p2a: Gliscor
|-damage|p2a: Gliscor|26/100
|-unboost|p2a: Gliscor|spe|1
|
|-weather|Sandstorm|[upkeep]
|-heal|p1a: EARTHGANG|33/100|[from] item: Leftovers
|-status|p2a: Gliscor|tox|[from] item: Toxic Orb
|upkeep
|turn|26
|
|t:|1745612232
|move|p2a: Gliscor|Protect|p2a: Gliscor
|-singleturn|p2a: Gliscor|Protect
|move|p1a: EARTHGANG|Icy Wind|p2a: Gliscor
|-activate|p2a: Gliscor|move: Protect
|
|-weather|Sandstorm|[upkeep]
|-heal|p1a: EARTHGANG|40/100|[from] item: Leftovers
|-heal|p2a: Gliscor|38/100 tox|[from] ability: Poison Heal
|upkeep
|turn|27
|
|t:|1745612246
|move|p1a: EARTHGANG|Icy Wind|p2a: Gliscor
|-supereffective|p2a: Gliscor
|-damage|p2a: Gliscor|0 fnt
|faint|p2a: Gliscor
|
|-weather|Sandstorm|[upkeep]
|-heal|p1a: EARTHGANG|46/100|[from] item: Leftovers
|upkeep
|
|t:|1745612252
|switch|p2a: Terrakion|Terrakion|78/100
|-damage|p2a: Terrakion|72/100|[from] Stealth Rock
|turn|28
|
|t:|1745612258
|move|p2a: Terrakion|Close Combat|p1a: EARTHGANG
|-damage|p1a: EARTHGANG|0 fnt
|-unboost|p2a: Terrakion|def|1
|-unboost|p2a: Terrakion|spd|1
|faint|p1a: EARTHGANG
|-damage|p2a: Terrakion|62/100|[from] item: Life Orb
|
|-weather|Sandstorm|[upkeep]
|upkeep
|
|t:|1745612263
|switch|p1a: Childish Gambino|Alakazam, M|10/100
|turn|29
|
|t:|1745612268
|switch|p2a: Latios|Latios, M|7/100
|-damage|p2a: Latios|0 fnt|[from] Stealth Rock
|faint|p2a: Latios
|move|p1a: Childish Gambino|Psychic|p2: Latios|[notarget]
|-fail|p1a: Childish Gambino
|
|-weather|Sandstorm|[upkeep]
|upkeep
|
|t:|1745612275
|switch|p2a: Terrakion|Terrakion|62/100
|-damage|p2a: Terrakion|56/100|[from] Stealth Rock
|turn|30
|c|☆Usopp D Gawd|Gg
|
|t:|1745612280
|move|p1a: Childish Gambino|Psychic|p2a: Terrakion
|-supereffective|p2a: Terrakion
|-damage|p2a: Terrakion|0 fnt
|faint|p2a: Terrakion
|
|win|Usopp D Gawd
|raw|Usopp D Gawd's rating: 1320 &rarr; <strong>1342</strong><br />(+22 for winning)
|raw|ms breadner's rating: 1360 &rarr; <strong>1338</strong><br />(-22 for losing)
|c|☆ms breadner|gg
