|j|☆octiosling
|j|☆NtRiver
|t:|1737180430
|gametype|singles
|player|p1|octiosling|kieran-champion|1356
|player|p2|NtRiver|morty|1329
|teamsize|p1|6
|teamsize|p2|6
|gen|5
|tier|[Gen 5] OU
|rated|
|rule|Species Clause: Limit one of each Pokémon
|rule|OHKO Clause: OHKO moves are banned
|rule|Moody Clause: Moody is banned
|rule|Evasion Items Clause: Evasion items are banned
|rule|Evasion Moves Clause: Evasion moves are banned
|rule|Endless Battle Clause: Forcing endless battles is banned
|rule|HP Percentage Mod: HP is shown in percentages
|rule|Evasion Abilities Clause: Evasion abilities are banned
|rule|Sleep Moves Clause: Sleep-inducing moves are banned
|rule|Swagger Clause: Swagger is banned
|rule|Baton Pass Stat Clause: No Baton Passer may have a way to boost its stats
|clearpoke
|poke|p1|Tyranitar, F|item
|poke|p1|Alakazam, M|item
|poke|p1|Latios, M|item
|poke|p1|Ferrothorn, F|item
|poke|p1|Keldeo|item
|poke|p1|Landorus-Therian, M|item
|poke|p2|Skarmory, M|item
|poke|p2|Gastrodon, M|item
|poke|p2|Reuniclus, F|item
|poke|p2|Tyranitar, F|item
|poke|p2|Latias, F|item
|poke|p2|Heatran, F|item
|teampreview
|
|t:|1737180435
|start
|switch|p1a: Tyrone|Tyranitar, F|100/100
|switch|p2a: Heatran|Heatran, F|100/100
|-weather|Sandstorm|[from] ability: Sand Stream|[of] p1a: Tyrone
|turn|1
|
|t:|1737180454
|switch|p2a: Tyranitar|Tyranitar, F|100/100
|move|p1a: Tyrone|Thunder Wave|p2a: Tyranitar
|-status|p2a: Tyranitar|par
|
|-weather|Sandstorm|[upkeep]
|upkeep
|turn|2
|
|t:|1737180464
|switch|p1a: Landorus|Landorus-Therian, M|100/100
|-ability|p1a: Landorus|Intimidate|boost
|-unboost|p2a: Tyranitar|atk|1
|move|p2a: Tyranitar|Stealth Rock|p1a: Landorus
|-sidestart|p1: octiosling|move: Stealth Rock
|
|-weather|Sandstorm|[upkeep]
|upkeep
|turn|3
|
|t:|1737180471
|switch|p2a: Skarmory|Skarmory, M|100/100
|move|p1a: Landorus|Stealth Rock|p2a: Skarmory
|-sidestart|p2: NtRiver|move: Stealth Rock
|
|-weather|Sandstorm|[upkeep]
|upkeep
|turn|4
|
|t:|1737180477
|switch|p1a: Tyrone|Tyranitar, F|100/100
|-damage|p1a: Tyrone|88/100|[from] Stealth Rock
|move|p2a: Skarmory|Spikes|p1a: Tyrone
|-sidestart|p1: octiosling|Spikes
|
|-weather|Sandstorm|[upkeep]
|upkeep
|turn|5
|
|t:|1737180493
|switch|p2a: Gastrodon|Gastrodon, M|100/100
|-damage|p2a: Gastrodon|94/100|[from] Stealth Rock
|move|p1a: Tyrone|Flamethrower|p2a: Gastrodon
|-resisted|p2a: Gastrodon
|-damage|p2a: Gastrodon|84/100
|
|-weather|Sandstorm|[upkeep]
|-heal|p2a: Gastrodon|90/100|[from] item: Leftovers
|upkeep
|turn|6
|
|t:|1737180503
|switch|p1a: Angry Durian|Ferrothorn, F|100/100
|-damage|p1a: Angry Durian|95/100|[from] Stealth Rock
|-damage|p1a: Angry Durian|82/100|[from] Spikes
|move|p2a: Gastrodon|Scald|p1a: Angry Durian
|-resisted|p1a: Angry Durian
|-damage|p1a: Angry Durian|74/100
|-status|p1a: Angry Durian|brn
|-enditem|p1a: Angry Durian|Rawst Berry|[eat]
|-curestatus|p1a: Angry Durian|brn|[msg]
|
|-weather|Sandstorm|[upkeep]
|-heal|p2a: Gastrodon|96/100|[from] item: Leftovers
|upkeep
|turn|7
|
|t:|1737180517
|switch|p2a: Skarmory|Skarmory, M|100/100
|-damage|p2a: Skarmory|88/100|[from] Stealth Rock
|move|p1a: Angry Durian|Spikes|p2a: Skarmory
|-sidestart|p2: NtRiver|Spikes
|
|-weather|Sandstorm|[upkeep]
|upkeep
|turn|8
|
|t:|1737180523
|move|p2a: Skarmory|Spikes|p1a: Angry Durian
|-sidestart|p1: octiosling|Spikes
|move|p1a: Angry Durian|Spikes|p2a: Skarmory
|-sidestart|p2: NtRiver|Spikes
|
|-weather|Sandstorm|[upkeep]
|upkeep
|turn|9
|
|t:|1737180527
|move|p2a: Skarmory|Spikes|p1a: Angry Durian
|-sidestart|p1: octiosling|Spikes
|move|p1a: Angry Durian|Spikes|p2a: Skarmory
|-sidestart|p2: NtRiver|Spikes
|
|-weather|Sandstorm|[upkeep]
|upkeep
|turn|10
|
|t:|1737180532
|switch|p2a: Reuniclus|Reuniclus, F|100/100
|move|p1a: Angry Durian|Knock Off|p2a: Reuniclus
|-supereffective|p2a: Reuniclus
|-damage|p2a: Reuniclus|94/100
|-enditem|p2a: Reuniclus|Leftovers|[from] move: Knock Off|[of] p1a: Angry Durian
|
|-weather|Sandstorm|[upkeep]
|upkeep
|turn|11
|
|t:|1737180543
|switch|p1a: Tyrone|Tyranitar, F|88/100
|-damage|p1a: Tyrone|76/100|[from] Stealth Rock
|-damage|p1a: Tyrone|51/100|[from] Spikes
|move|p2a: Reuniclus|Calm Mind|p2a: Reuniclus
|-boost|p2a: Reuniclus|spa|1
|-boost|p2a: Reuniclus|spd|1
|
|-weather|Sandstorm|[upkeep]
|upkeep
|turn|12
|
|t:|1737180551
|move|p1a: Tyrone|Pursuit|p2a: Reuniclus
|-supereffective|p2a: Reuniclus
|-damage|p2a: Reuniclus|64/100
|move|p2a: Reuniclus|Focus Blast|p1a: Tyrone
|-supereffective|p1a: Tyrone
|-enditem|p1a: Tyrone|Chople Berry|[eat]
|-enditem|p1a: Tyrone|Chople Berry|[weaken]
|-damage|p1a: Tyrone|4/100
|
|-weather|Sandstorm|[upkeep]
|upkeep
|turn|13
|
|t:|1737180559
|move|p1a: Tyrone|Pursuit|p2a: Reuniclus
|-supereffective|p2a: Reuniclus
|-crit|p2a: Reuniclus
|-damage|p2a: Reuniclus|3/100
|move|p2a: Reuniclus|Focus Blast|p1a: Tyrone|[miss]
|-miss|p2a: Reuniclus|p1a: Tyrone
|
|-weather|Sandstorm|[upkeep]
|upkeep
|turn|14
|
|t:|1737180566
|-activate|p2a: Reuniclus|move: Pursuit
|move|p1a: Tyrone|Pursuit|p2a: Reuniclus|[from] Pursuit
|-supereffective|p2a: Reuniclus
|-damage|p2a: Reuniclus|0 fnt
|faint|p2a: Reuniclus
|-hint|A Pokemon can't switch between when it runs out of HP and when it faints
|
|-weather|Sandstorm|[upkeep]
|upkeep
|
|t:|1737180569
|switch|p2a: Skarmory|Skarmory, M|88/100
|-damage|p2a: Skarmory|76/100|[from] Stealth Rock
|turn|15
|
|t:|1737180575
|move|p2a: Skarmory|Roost|p2a: Skarmory
|-heal|p2a: Skarmory|100/100
|-singleturn|p2a: Skarmory|move: Roost
|move|p1a: Tyrone|Flamethrower|p2a: Skarmory
|-supereffective|p2a: Skarmory
|-damage|p2a: Skarmory|45/100
|
|-weather|Sandstorm|[upkeep]
|upkeep
|turn|16
|
|t:|1737180583
|move|p2a: Skarmory|Brave Bird|p1a: Tyrone
|-resisted|p1a: Tyrone
|-damage|p1a: Tyrone|0 fnt
|faint|p1a: Tyrone
|-damage|p2a: Skarmory|43/100|[from] Recoil
|
|-weather|Sandstorm|[upkeep]
|upkeep
|
|t:|1737180591
|switch|p1a: MLP|Keldeo|100/100
|-damage|p1a: MLP|94/100|[from] Stealth Rock
|-damage|p1a: MLP|70/100|[from] Spikes
|turn|17
|
|t:|1737180596
|switch|p2a: Gastrodon|Gastrodon, M|96/100
|-damage|p2a: Gastrodon|90/100|[from] Stealth Rock
|-damage|p2a: Gastrodon|65/100|[from] Spikes
|move|p1a: MLP|Secret Sword|p2a: Gastrodon
|-damage|p2a: Gastrodon|31/100
|
|-weather|Sandstorm|[upkeep]
|-damage|p1a: MLP|63/100|[from] Sandstorm
|-heal|p1a: MLP|70/100|[from] item: Leftovers
|-heal|p2a: Gastrodon|37/100|[from] item: Leftovers
|upkeep
|turn|18
|
|t:|1737180608
|move|p1a: MLP|Secret Sword|p2a: Gastrodon
|-damage|p2a: Gastrodon|4/100
|move|p2a: Gastrodon|Recover|p2a: Gastrodon
|-heal|p2a: Gastrodon|54/100
|
|-weather|Sandstorm|[upkeep]
|-damage|p1a: MLP|63/100|[from] Sandstorm
|-heal|p1a: MLP|70/100|[from] item: Leftovers
|-heal|p2a: Gastrodon|60/100|[from] item: Leftovers
|upkeep
|turn|19
|
|t:|1737180618
|switch|p1a: Angry Durian|Ferrothorn, F|74/100
|-damage|p1a: Angry Durian|68/100|[from] Stealth Rock
|-damage|p1a: Angry Durian|43/100|[from] Spikes
|move|p2a: Gastrodon|Recover|p2a: Gastrodon
|-heal|p2a: Gastrodon|100/100
|
|-weather|Sandstorm|[upkeep]
|upkeep
|turn|20
|
|t:|1737180627
|switch|p2a: Skarmory|Skarmory, M|43/100
|-damage|p2a: Skarmory|31/100|[from] Stealth Rock
|move|p1a: Angry Durian|Power Whip|p2a: Skarmory
|-resisted|p2a: Skarmory
|-crit|p2a: Skarmory
|-damage|p2a: Skarmory|20/100
|-damage|p1a: Angry Durian|26/100|[from] item: Rocky Helmet|[of] p2a: Skarmory
|
|-weather|Sandstorm|[upkeep]
|upkeep
|turn|21
|
|t:|1737180637
|switch|p1a: Zamn!|Alakazam, M|100/100
|move|p2a: Skarmory|Roost|p2a: Skarmory
|-heal|p2a: Skarmory|70/100
|-singleturn|p2a: Skarmory|move: Roost
|
|-weather|Sandstorm|[upkeep]
|upkeep
|turn|22
|
|t:|1737180645
|switch|p2a: Tyranitar|Tyranitar, F|100/100 par
|-damage|p2a: Tyranitar|88/100 par|[from] Stealth Rock
|-damage|p2a: Tyranitar|63/100 par|[from] Spikes
|move|p1a: Zamn!|Hidden Power|p2a: Tyranitar
|-resisted|p2a: Tyranitar
|-damage|p2a: Tyranitar|56/100 par
|
|-weather|Sandstorm|[upkeep]
|upkeep
|turn|23
|
|t:|1737180654
|move|p1a: Zamn!|Grass Knot|p2a: Tyranitar
|-supereffective|p2a: Tyranitar
|-damage|p2a: Tyranitar|10/100 par
|move|p2a: Tyranitar|Pursuit|p1a: Zamn!
|-supereffective|p1a: Zamn!
|-damage|p1a: Zamn!|17/100
|
|-weather|Sandstorm|[upkeep]
|upkeep
|turn|24
|
|t:|1737180662
|move|p1a: Zamn!|Grass Knot|p2a: Tyranitar
|-supereffective|p2a: Tyranitar
|-damage|p2a: Tyranitar|0 fnt
|faint|p2a: Tyranitar
|
|-weather|Sandstorm|[upkeep]
|upkeep
|
|t:|1737180664
|switch|p2a: Heatran|Heatran, F|100/100
|-damage|p2a: Heatran|88/100|[from] Stealth Rock
|-damage|p2a: Heatran|63/100|[from] Spikes
|turn|25
|
|t:|1737180673
|switch|p1a: Landorus|Landorus-Therian, M|100/100
|-damage|p1a: Landorus|88/100|[from] Stealth Rock
|-ability|p1a: Landorus|Intimidate|boost
|-unboost|p2a: Heatran|atk|1
|move|p2a: Heatran|Hidden Power|p1a: Landorus
|-supereffective|p1a: Landorus
|-damage|p1a: Landorus|0 fnt
|faint|p1a: Landorus
|
|-weather|Sandstorm|[upkeep]
|upkeep
|
|t:|1737180683
|switch|p1a: MLP|Keldeo|70/100
|-damage|p1a: MLP|63/100|[from] Stealth Rock
|-damage|p1a: MLP|39/100|[from] Spikes
|turn|26
|
|t:|1737180690
|switch|p2a: Latias|Latias, F|100/100
|-damage|p2a: Latias|88/100|[from] Stealth Rock
|move|p1a: MLP|Secret Sword|p2a: Latias
|-resisted|p2a: Latias
|-damage|p2a: Latias|61/100
|
|-weather|Sandstorm|[upkeep]
|-damage|p2a: Latias|55/100|[from] Sandstorm
|-damage|p1a: MLP|32/100|[from] Sandstorm
|-heal|p2a: Latias|61/100|[from] item: Leftovers
|-heal|p1a: MLP|39/100|[from] item: Leftovers
|upkeep
|turn|27
|
|t:|1737180702
|move|p2a: Latias|Recover|p2a: Latias
|-heal|p2a: Latias|100/100
|move|p1a: MLP|Hidden Power|p2a: Latias
|-supereffective|p2a: Latias
|-damage|p2a: Latias|59/100
|
|-weather|Sandstorm|[upkeep]
|-damage|p2a: Latias|53/100|[from] Sandstorm
|-damage|p1a: MLP|32/100|[from] Sandstorm
|-heal|p2a: Latias|59/100|[from] item: Leftovers
|-heal|p1a: MLP|39/100|[from] item: Leftovers
|upkeep
|turn|28
|
|t:|1737180714
|move|p2a: Latias|Recover|p2a: Latias
|-heal|p2a: Latias|100/100
|move|p1a: MLP|Hidden Power|p2a: Latias
|-supereffective|p2a: Latias
|-damage|p2a: Latias|57/100
|
|-weather|Sandstorm|[upkeep]
|-damage|p2a: Latias|51/100|[from] Sandstorm
|-damage|p1a: MLP|32/100|[from] Sandstorm
|-heal|p2a: Latias|57/100|[from] item: Leftovers
|-heal|p1a: MLP|39/100|[from] item: Leftovers
|upkeep
|turn|29
|
|t:|1737180724
|move|p2a: Latias|Recover|p2a: Latias
|-heal|p2a: Latias|100/100
|move|p1a: MLP|Hidden Power|p2a: Latias
|-supereffective|p2a: Latias
|-damage|p2a: Latias|60/100
|
|-weather|Sandstorm|[upkeep]
|-damage|p2a: Latias|54/100|[from] Sandstorm
|-damage|p1a: MLP|32/100|[from] Sandstorm
|-heal|p2a: Latias|60/100|[from] item: Leftovers
|-heal|p1a: MLP|39/100|[from] item: Leftovers
|upkeep
|turn|30
|
|t:|1737180736
|move|p2a: Latias|Draco Meteor|p1a: MLP
|-damage|p1a: MLP|0 fnt
|-unboost|p2a: Latias|spa|2
|faint|p1a: MLP
|
|-weather|Sandstorm|[upkeep]
|-damage|p2a: Latias|54/100|[from] Sandstorm
|-heal|p2a: Latias|60/100|[from] item: Leftovers
|upkeep
|
|t:|1737180744
|switch|p1a: Zamn!|Alakazam, M|17/100
|turn|31
|
|t:|1737180748
|move|p1a: Zamn!|Shadow Ball|p2a: Latias
|-supereffective|p2a: Latias
|-damage|p2a: Latias|2/100
|move|p2a: Latias|Thunder Wave|p1a: Zamn!
|-status|p1a: Zamn!|par
|
|-weather|Sandstorm|[upkeep]
|-damage|p2a: Latias|0 fnt|[from] Sandstorm
|faint|p2a: Latias
|upkeep
|
|t:|1737180756
|switch|p2a: Skarmory|Skarmory, M|70/100
|-damage|p2a: Skarmory|58/100|[from] Stealth Rock
|turn|32
|
|t:|1737180760
|move|p2a: Skarmory|Brave Bird|p1a: Zamn!
|-damage|p1a: Zamn!|0 fnt
|faint|p1a: Zamn!
|-damage|p2a: Skarmory|54/100|[from] Recoil
|
|-weather|Sandstorm|[upkeep]
|upkeep
|
|t:|1737180766
|switch|p1a: Latino|Latios, M|100/100
|-damage|p1a: Latino|88/100|[from] Stealth Rock
|turn|33
|
|t:|1737180771
|switch|p2a: Gastrodon|Gastrodon, M|100/100
|-damage|p2a: Gastrodon|94/100|[from] Stealth Rock
|-damage|p2a: Gastrodon|70/100|[from] Spikes
|move|p1a: Latino|Trick|p2a: Gastrodon
|-activate|p1a: Latino|move: Trick|[of] p2a: Gastrodon
|-item|p2a: Gastrodon|Choice Scarf|[from] move: Trick
|-item|p1a: Latino|Leftovers|[from] move: Trick
|
|-weather|Sandstorm|[upkeep]
|-damage|p1a: Latino|82/100|[from] Sandstorm
|-heal|p1a: Latino|88/100|[from] item: Leftovers
|upkeep
|turn|34
|
|t:|1737180781
|move|p1a: Latino|Psyshock|p2a: Gastrodon
|-damage|p2a: Gastrodon|38/100
|move|p2a: Gastrodon|Scald|p1a: Latino
|-resisted|p1a: Latino
|-damage|p1a: Latino|74/100
|
|-weather|Sandstorm|[upkeep]
|-damage|p1a: Latino|68/100|[from] Sandstorm
|-heal|p1a: Latino|74/100|[from] item: Leftovers
|upkeep
|turn|35
|
|t:|1737180792
|move|p1a: Latino|Psyshock|p2a: Gastrodon
|-damage|p2a: Gastrodon|5/100
|move|p2a: Gastrodon|Scald|p1a: Latino
|-resisted|p1a: Latino
|-damage|p1a: Latino|61/100
|-status|p1a: Latino|brn
|
|-weather|Sandstorm|[upkeep]
|-damage|p1a: Latino|55/100 brn|[from] Sandstorm
|-heal|p1a: Latino|61/100 brn|[from] item: Leftovers
|-damage|p1a: Latino|48/100 brn|[from] brn
|upkeep
|turn|36
|
|t:|1737180803
|move|p1a: Latino|Psyshock|p2a: Gastrodon
|-damage|p2a: Gastrodon|0 fnt
|faint|p2a: Gastrodon
|
|-weather|Sandstorm|[upkeep]
|-damage|p1a: Latino|42/100 brn|[from] Sandstorm
|-heal|p1a: Latino|48/100 brn|[from] item: Leftovers
|-damage|p1a: Latino|36/100 brn|[from] brn
|upkeep
|
|t:|1737180805
|switch|p2a: Skarmory|Skarmory, M|54/100
|-damage|p2a: Skarmory|41/100|[from] Stealth Rock
|turn|37
|
|t:|1737180814
|move|p1a: Latino|Surf|p2a: Skarmory
|-damage|p2a: Skarmory|0 fnt
|faint|p2a: Skarmory
|
|-weather|Sandstorm|[upkeep]
|-damage|p1a: Latino|30/100 brn|[from] Sandstorm
|-heal|p1a: Latino|36/100 brn|[from] item: Leftovers
|-damage|p1a: Latino|24/100 brn|[from] brn
|upkeep
|
|t:|1737180817
|switch|p2a: Heatran|Heatran, F|63/100
|-damage|p2a: Heatran|51/100|[from] Stealth Rock
|-damage|p2a: Heatran|26/100|[from] Spikes
|turn|38
|
|t:|1737180825
|move|p2a: Heatran|Hidden Power|p1a: Latino
|-supereffective|p1a: Latino
|-damage|p1a: Latino|0 fnt
|faint|p1a: Latino
|
|-weather|Sandstorm|[upkeep]
|upkeep
|
|t:|1737180831
|switch|p1a: Angry Durian|Ferrothorn, F|26/100
|-damage|p1a: Angry Durian|20/100|[from] Stealth Rock
|-damage|p1a: Angry Durian|0 fnt|[from] Spikes
|faint|p1a: Angry Durian
|
|win|NtRiver
|raw|octiosling's rating: 1356 &rarr; <strong>1334</strong><br />(-22 for losing)
|raw|NtRiver's rating: 1329 &rarr; <strong>1351</strong><br />(+22 for winning)
|c|☆NtRiver|gg
