|j|☆happy_hitbox
|j|☆Hematemesis
|t:|1718650385
|gametype|singles
|player|p1|happy_hitbox|riley|1440
|player|p2|Hematemesis|1|1330
|teamsize|p1|6
|teamsize|p2|6
|gen|5
|tier|[Gen 5] OU
|rated|
|rule|Species Clause: Limit one of each Pokémon
|rule|OHKO Clause: OHKO moves are banned
|rule|Moody Clause: Moody is banned
|rule|Evasion Items Clause: Evasion items are banned
|rule|Evasion Moves Clause: Evasion moves are banned
|rule|Endless Battle Clause: Forcing endless battles is banned
|rule|HP Percentage Mod: HP is shown in percentages
|rule|Evasion Abilities Clause: Evasion abilities are banned
|rule|Sleep Moves Clause: Sleep-inducing moves are banned
|rule|Swagger Clause: Swagger is banned
|rule|Baton Pass Stat Clause: No Baton Passer may have a way to boost its stats
|clearpoke
|poke|p1|Landorus-Therian, M|item
|poke|p1|Magnezone|item
|poke|p1|Forretress, M|item
|poke|p1|Keldeo|item
|poke|p1|Umbreon, M|item
|poke|p1|Politoed, F|item
|poke|p2|Tyranitar, M|item
|poke|p2|Alakazam, M|item
|poke|p2|Latios, M|item
|poke|p2|Ferrothorn, M|item
|poke|p2|Keldeo|item
|poke|p2|Landorus-Therian, M|item
|teampreview
|inactive|Battle timer is ON: inactive players will automatically lose when time's up. (requested by happy_hitbox)
|j| Iceyguynigh
|inactive|Hematemesis has 120 seconds left.
|
|t:|1718650437
|start
|switch|p1a: Landorus|Landorus-Therian, M|100/100
|switch|p2a: Landorus|Landorus-Therian, M|100/100
|-ability|p2a: Landorus|Intimidate|boost
|-unboost|p1a: Landorus|atk|1
|-ability|p1a: Landorus|Intimidate|boost
|-unboost|p2a: Landorus|atk|1
|turn|1
|
|t:|1718650452
|move|p2a: Landorus|Hidden Power|p1a: Landorus
|-supereffective|p1a: Landorus
|-damage|p1a: Landorus|14/100
|move|p1a: Landorus|Stealth Rock|p2a: Landorus
|-sidestart|p2: Hematemesis|move: Stealth Rock
|
|-heal|p1a: Landorus|20/100|[from] item: Leftovers
|upkeep
|turn|2
|
|t:|1718650462
|move|p2a: Landorus|Hidden Power|p1a: Landorus
|-supereffective|p1a: Landorus
|-damage|p1a: Landorus|0 fnt
|faint|p1a: Landorus
|
|upkeep
|
|t:|1718650474
|switch|p1a: Politoed|Politoed, F|100/100
|-weather|RainDance|[from] ability: Drizzle|[of] p1a: Politoed
|turn|3
|
|t:|1718650476
|switch|p1a: Magnezone|Magnezone|100/100
|move|p2a: Landorus|U-turn|p1a: Magnezone
|-resisted|p1a: Magnezone
|-damage|p1a: Magnezone|92/100
|
|t:|1718650487
|switch|p2a: Keldeo|Keldeo|100/100|[from] U-turn
|-damage|p2a: Keldeo|94/100|[from] Stealth Rock
|
|-weather|RainDance|[upkeep]
|-heal|p2a: Keldeo|100/100|[from] item: Leftovers
|-heal|p1a: Magnezone|98/100|[from] item: Leftovers
|upkeep
|turn|4
|
|t:|1718650505
|switch|p1a: Politoed|Politoed, F|100/100
|move|p2a: Keldeo|Secret Sword|p1a: Politoed
|-damage|p1a: Politoed|66/100
|
|-weather|RainDance|[upkeep]
|-heal|p1a: Politoed|72/100|[from] item: Leftovers
|upkeep
|turn|5
|inactive|Hematemesis has 120 seconds left.
|
|t:|1718650551
|move|p1a: Politoed|Protect|p1a: Politoed
|-singleturn|p1a: Politoed|Protect
|move|p2a: Keldeo|Secret Sword|p1a: Politoed
|-activate|p1a: Politoed|move: Protect
|
|-weather|RainDance|[upkeep]
|-heal|p1a: Politoed|79/100|[from] item: Leftovers
|upkeep
|turn|6
|
|t:|1718650556
|move|p2a: Keldeo|Secret Sword|p1a: Politoed
|-damage|p1a: Politoed|42/100
|move|p1a: Politoed|Hidden Power|p2a: Keldeo
|-supereffective|p2a: Keldeo
|-damage|p2a: Keldeo|66/100
|
|-weather|RainDance|[upkeep]
|-heal|p2a: Keldeo|73/100|[from] item: Leftovers
|-heal|p1a: Politoed|48/100|[from] item: Leftovers
|upkeep
|turn|7
|
|t:|1718650567
|move|p1a: Politoed|Protect|p1a: Politoed
|-singleturn|p1a: Politoed|Protect
|move|p2a: Keldeo|Secret Sword|p1a: Politoed
|-activate|p1a: Politoed|move: Protect
|
|-weather|RainDance|[upkeep]
|-heal|p2a: Keldeo|79/100|[from] item: Leftovers
|-heal|p1a: Politoed|54/100|[from] item: Leftovers
|upkeep
|turn|8
|
|t:|1718650578
|move|p2a: Keldeo|Secret Sword|p1a: Politoed
|-damage|p1a: Politoed|20/100
|move|p1a: Politoed|Hidden Power|p2a: Keldeo
|-supereffective|p2a: Keldeo
|-damage|p2a: Keldeo|44/100
|
|-weather|RainDance|[upkeep]
|-heal|p2a: Keldeo|50/100|[from] item: Leftovers
|-heal|p1a: Politoed|27/100|[from] item: Leftovers
|upkeep
|turn|9
|
|t:|1718650584
|switch|p1a: Keldeo|Keldeo|100/100
|move|p2a: Keldeo|Protect||[still]
|-fail|p2a: Keldeo
|
|-weather|RainDance|[upkeep]
|-heal|p2a: Keldeo|56/100|[from] item: Leftovers
|upkeep
|turn|10
|
|t:|1718650594
|move|p1a: Keldeo|Secret Sword|p2a: Keldeo
|-damage|p2a: Keldeo|3/100
|move|p2a: Keldeo|Secret Sword|p1a: Keldeo
|-damage|p1a: Keldeo|52/100
|
|-weather|RainDance|[upkeep]
|-heal|p2a: Keldeo|9/100|[from] item: Leftovers
|upkeep
|turn|11
|
|t:|1718650601
|switch|p2a: Latios|Latios, M|100/100
|-damage|p2a: Latios|88/100|[from] Stealth Rock
|move|p1a: Keldeo|Secret Sword|p2a: Latios
|-resisted|p2a: Latios
|-damage|p2a: Latios|58/100
|
|-weather|RainDance|[upkeep]
|upkeep
|turn|12
|
|t:|1718650618
|switch|p1a: Nou|Umbreon, M, shiny|100/100
|move|p2a: Latios|Trick|p1a: Nou
|-activate|p2a: Latios|move: Trick|[of] p1a: Nou
|-item|p1a: Nou|Choice Scarf|[from] move: Trick
|-item|p2a: Latios|Leftovers|[from] move: Trick
|
|-weather|RainDance|[upkeep]
|-heal|p2a: Latios|64/100|[from] item: Leftovers
|upkeep
|turn|13
|l|☆happy_hitbox
|inactive|happy_hitbox disconnected and has a minute to reconnect!
|player|p1|
|inactive|happy_hitbox has 30 seconds to reconnect!
|j|☆happy_hitbox
|inactive|happy_hitbox reconnected and has 105 seconds left.
|player|p1|happy_hitbox|riley|
|
|t:|1718650666
|switch|p2a: Tyranitar|Tyranitar, M|100/100
|-damage|p2a: Tyranitar|88/100|[from] Stealth Rock
|-weather|Sandstorm|[from] ability: Sand Stream|[of] p2a: Tyranitar
|move|p1a: Nou|Foul Play|p2a: Tyranitar
|-resisted|p2a: Tyranitar
|-damage|p2a: Tyranitar|70/100
|
|-weather|Sandstorm|[upkeep]
|-damage|p1a: Nou|94/100|[from] Sandstorm
|upkeep
|turn|14
|inactive|Hematemesis has 120 seconds left.
|
|t:|1718650707
|switch|p1a: Forretress|Forretress, M|100/100
|switch|p2a: Landorus|Landorus-Therian, M|100/100
|-damage|p2a: Landorus|88/100|[from] Stealth Rock
|-ability|p2a: Landorus|Intimidate|boost
|-unboost|p1a: Forretress|atk|1
|
|-weather|Sandstorm|[upkeep]
|-heal|p2a: Landorus|94/100|[from] item: Leftovers
|upkeep
|turn|15
|
|t:|1718650718
|switch|p2a: Tyranitar|Tyranitar, M|70/100
|-damage|p2a: Tyranitar|58/100|[from] Stealth Rock
|move|p1a: Forretress|Gyro Ball|p2a: Tyranitar
|-supereffective|p2a: Tyranitar
|-damage|p2a: Tyranitar|41/100
|
|-weather|Sandstorm|[upkeep]
|upkeep
|turn|16
|
|t:|1718650726
|switch|p1a: Politoed|Politoed, F|27/100
|-weather|RainDance|[from] ability: Drizzle|[of] p1a: Politoed
|move|p2a: Tyranitar|Flamethrower|p1a: Politoed
|-resisted|p1a: Politoed
|-damage|p1a: Politoed|22/100
|
|-weather|RainDance|[upkeep]
|-heal|p1a: Politoed|28/100|[from] item: Leftovers
|upkeep
|turn|17
|inactive|happy_hitbox has 120 seconds left.
|inactive|Hematemesis has 120 seconds left.
|inactive|Hematemesis has 90 seconds left.
|
|t:|1718650782
|switch|p2a: Ferrothorn|Ferrothorn, M|100/100
|-damage|p2a: Ferrothorn|95/100|[from] Stealth Rock
|move|p1a: Politoed|Protect||[still]
|-fail|p1a: Politoed
|
|-weather|RainDance|[upkeep]
|-heal|p1a: Politoed|34/100|[from] item: Leftovers
|upkeep
|turn|18
|
|t:|1718650791
|switch|p1a: Magnezone|Magnezone|98/100
|switch|p2a: Landorus|Landorus-Therian, M|94/100
|-damage|p2a: Landorus|82/100|[from] Stealth Rock
|-ability|p2a: Landorus|Intimidate|boost
|-unboost|p1a: Magnezone|atk|1
|
|-weather|RainDance|[upkeep]
|-heal|p2a: Landorus|88/100|[from] item: Leftovers
|-heal|p1a: Magnezone|100/100|[from] item: Leftovers
|upkeep
|turn|19
|
|t:|1718650795
|switch|p1a: Forretress|Forretress, M|100/100
|move|p2a: Landorus|Earthquake|p1a: Forretress
|-damage|p1a: Forretress|73/100
|
|-weather|RainDance|[upkeep]
|-heal|p2a: Landorus|94/100|[from] item: Leftovers
|-heal|p1a: Forretress|80/100|[from] item: Leftovers
|upkeep
|turn|20
|
|t:|1718650802
|move|p2a: Landorus|Stealth Rock|p1a: Forretress
|-sidestart|p1: happy_hitbox|move: Stealth Rock
|move|p1a: Forretress|Volt Switch|p2a: Landorus
|-immune|p2a: Landorus
|
|-weather|RainDance|[upkeep]
|-heal|p2a: Landorus|100/100|[from] item: Leftovers
|-heal|p1a: Forretress|86/100|[from] item: Leftovers
|upkeep
|turn|21
|
|t:|1718650804
|move|p2a: Landorus|Earthquake|p1a: Forretress
|-damage|p1a: Forretress|60/100
|move|p1a: Forretress|Rapid Spin|p2a: Landorus
|-damage|p2a: Landorus|96/100
|-sideend|p1: happy_hitbox|Stealth Rock|[from] move: Rapid Spin|[of] p1a: Forretress
|
|-weather|RainDance|[upkeep]
|-heal|p2a: Landorus|100/100|[from] item: Leftovers
|-heal|p1a: Forretress|66/100|[from] item: Leftovers
|upkeep
|turn|22
|
|t:|1718650807
|move|p2a: Landorus|Stealth Rock|p1a: Forretress
|-sidestart|p1: happy_hitbox|move: Stealth Rock
|move|p1a: Forretress|Pain Split|p2a: Landorus
|-sethp|p2a: Landorus|84/100|[from] move: Pain Split|[silent]
|-sethp|p1a: Forretress|82/100|[from] move: Pain Split
|
|-weather|RainDance|[upkeep]
|-heal|p2a: Landorus|90/100|[from] item: Leftovers
|-heal|p1a: Forretress|88/100|[from] item: Leftovers
|upkeep
|turn|23
|l| Iceyguynigh
|
|t:|1718650814
|move|p2a: Landorus|Earthquake|p1a: Forretress
|-damage|p1a: Forretress|63/100
|move|p1a: Forretress|Rapid Spin|p2a: Landorus
|-damage|p2a: Landorus|86/100
|-sideend|p1: happy_hitbox|Stealth Rock|[from] move: Rapid Spin|[of] p1a: Forretress
|
|-weather|RainDance|[upkeep]
|-heal|p2a: Landorus|92/100|[from] item: Leftovers
|-heal|p1a: Forretress|69/100|[from] item: Leftovers
|upkeep
|turn|24
|
|t:|1718650817
|move|p2a: Landorus|Stealth Rock|p1a: Forretress
|-sidestart|p1: happy_hitbox|move: Stealth Rock
|move|p1a: Forretress|Gyro Ball|p2a: Landorus
|-damage|p2a: Landorus|63/100
|
|-weather|RainDance|[upkeep]
|-heal|p2a: Landorus|69/100|[from] item: Leftovers
|-heal|p1a: Forretress|76/100|[from] item: Leftovers
|upkeep
|turn|25
|
|t:|1718650827
|switch|p2a: Tyranitar|Tyranitar, M|41/100
|-damage|p2a: Tyranitar|29/100|[from] Stealth Rock
|-weather|Sandstorm|[from] ability: Sand Stream|[of] p2a: Tyranitar
|move|p1a: Forretress|Rapid Spin|p2a: Tyranitar
|-resisted|p2a: Tyranitar
|-damage|p2a: Tyranitar|27/100
|-sideend|p1: happy_hitbox|Stealth Rock|[from] move: Rapid Spin|[of] p1a: Forretress
|
|-weather|Sandstorm|[upkeep]
|-heal|p1a: Forretress|82/100|[from] item: Leftovers
|upkeep
|turn|26
|
|t:|1718650835
|switch|p1a: Nou|Umbreon, M, shiny|94/100
|move|p2a: Tyranitar|Thunder Wave|p1a: Nou
|-status|p1a: Nou|par
|-activate|p1a: Nou|ability: Synchronize
|-status|p2a: Tyranitar|par
|
|-weather|Sandstorm|[upkeep]
|-damage|p1a: Nou|88/100 par|[from] Sandstorm
|upkeep
|turn|27
|inactive|Hematemesis has 120 seconds left.
|
|t:|1718650869
|move|p1a: Nou|Wish|p1a: Nou
|move|p2a: Tyranitar|Flamethrower|p1a: Nou
|-damage|p1a: Nou|77/100 par
|
|-weather|Sandstorm|[upkeep]
|-damage|p1a: Nou|71/100 par|[from] Sandstorm
|upkeep
|turn|28
|
|t:|1718650884
|switch|p1a: Keldeo|Keldeo|52/100
|move|p2a: Tyranitar|Thunder Wave|p1a: Keldeo
|-status|p1a: Keldeo|par
|
|-weather|Sandstorm|[upkeep]
|-damage|p1a: Keldeo|46/100 par|[from] Sandstorm
|-heal|p1a: Keldeo|100/100 par|[from] move: Wish|[wisher] Nou
|upkeep
|turn|29
|inactive|Hematemesis has 120 seconds left.
|
|t:|1718650924
|switch|p1a: Politoed|Politoed, F|34/100
|-weather|RainDance|[from] ability: Drizzle|[of] p1a: Politoed
|switch|p2a: Latios|Latios, M|64/100
|-damage|p2a: Latios|52/100|[from] Stealth Rock
|
|-weather|RainDance|[upkeep]
|-heal|p2a: Latios|58/100|[from] item: Leftovers
|-heal|p1a: Politoed|41/100|[from] item: Leftovers
|upkeep
|turn|30
|l|☆happy_hitbox
|inactive|happy_hitbox disconnected and has a minute to reconnect!
|player|p1|
|j|☆happy_hitbox
|inactive|happy_hitbox reconnected and has 115 seconds left.
|player|p1|happy_hitbox|riley|
|c|☆happy_hitbox|My wifi is freaking out
|inactive|happy_hitbox has 90 seconds left.
|
|t:|1718650977
|move|p1a: Politoed|Protect|p1a: Politoed
|-singleturn|p1a: Politoed|Protect
|move|p2a: Latios|Draco Meteor|p1a: Politoed
|-activate|p1a: Politoed|move: Protect
|
|-weather|RainDance|[upkeep]
|-heal|p2a: Latios|64/100|[from] item: Leftovers
|-heal|p1a: Politoed|47/100|[from] item: Leftovers
|upkeep
|turn|31
|inactive|happy_hitbox has 90 seconds left.
|
|t:|1718651005
|switch|p1a: Forretress|Forretress, M|82/100
|move|p2a: Latios|Draco Meteor|p1a: Forretress
|-resisted|p1a: Forretress
|-damage|p1a: Forretress|33/100
|-unboost|p2a: Latios|spa|2
|
|-weather|RainDance|[upkeep]
|-heal|p2a: Latios|70/100|[from] item: Leftovers
|-heal|p1a: Forretress|39/100|[from] item: Leftovers
|upkeep
|turn|32
|
|t:|1718651014
|switch|p2a: Keldeo|Keldeo|9/100
|-damage|p2a: Keldeo|3/100|[from] Stealth Rock
|switch|p1a: Nou|Umbreon, M, shiny|71/100 par
|
|-weather|RainDance|[upkeep]
|-heal|p2a: Keldeo|9/100|[from] item: Leftovers
|upkeep
|turn|33
|
|t:|1718651028
|switch|p1a: Keldeo|Keldeo|100/100 par
|move|p2a: Keldeo|Protect||[still]
|-fail|p2a: Keldeo
|
|-weather|RainDance|[upkeep]
|-heal|p2a: Keldeo|15/100|[from] item: Leftovers
|upkeep
|turn|34
|
|t:|1718651036
|move|p2a: Keldeo|Protect|p2a: Keldeo
|-singleturn|p2a: Keldeo|Protect
|move|p1a: Keldeo|Secret Sword|p2a: Keldeo
|-activate|p2a: Keldeo|move: Protect
|
|-weather|RainDance|[upkeep]
|-heal|p2a: Keldeo|22/100|[from] item: Leftovers
|upkeep
|turn|35
|inactive|happy_hitbox has 90 seconds left.
|
|t:|1718651048
|switch|p2a: Latios|Latios, M|70/100
|-damage|p2a: Latios|57/100|[from] Stealth Rock
|switch|p1a: Magnezone|Magnezone|100/100
|
|-weather|RainDance|[upkeep]
|-heal|p2a: Latios|63/100|[from] item: Leftovers
|upkeep
|turn|36
|inactive|happy_hitbox has 90 seconds left.
|
|t:|1718651055
|move|p2a: Latios|Surf|p1a: Magnezone
|-damage|p1a: Magnezone|33/100
|move|p1a: Magnezone|Substitute|p1a: Magnezone
|-start|p1a: Magnezone|Substitute
|-damage|p1a: Magnezone|8/100
|
|-weather|RainDance|[upkeep]
|-heal|p2a: Latios|69/100|[from] item: Leftovers
|-heal|p1a: Magnezone|14/100|[from] item: Leftovers
|upkeep
|turn|37
|
|t:|1718651059
|move|p2a: Latios|Surf|p1a: Magnezone
|-crit|p1a: Magnezone
|-end|p1a: Magnezone|Substitute
|move|p1a: Magnezone|Hidden Power|p2a: Latios
|-supereffective|p2a: Latios
|-damage|p2a: Latios|10/100
|
|-weather|RainDance|[upkeep]
|-heal|p2a: Latios|16/100|[from] item: Leftovers
|-heal|p1a: Magnezone|20/100|[from] item: Leftovers
|upkeep
|turn|38
|
|t:|1718651074
|switch|p1a: Nou|Umbreon, M, shiny|71/100 par
|move|p2a: Latios|Surf|p1a: Nou
|-damage|p1a: Nou|46/100 par
|
|-weather|RainDance|[upkeep]
|-heal|p2a: Latios|22/100|[from] item: Leftovers
|upkeep
|turn|39
|
|t:|1718651083
|switch|p2a: Keldeo|Keldeo|22/100
|-damage|p2a: Keldeo|15/100|[from] Stealth Rock
|move|p1a: Nou|Heal Bell|p1a: Nou
|-activate|p1a: Nou|move: Heal Bell
|-curestatus|p1a: Nou|par|[msg]
|-curestatus|p1: Keldeo|par|[msg]
|
|-weather|RainDance|[upkeep]
|-heal|p2a: Keldeo|22/100|[from] item: Leftovers
|upkeep
|turn|40
|
|t:|1718651096
|switch|p1a: Keldeo|Keldeo|100/100
|move|p2a: Keldeo|Secret Sword|p1a: Keldeo
|-damage|p1a: Keldeo|47/100
|
|-weather|RainDance|[upkeep]
|-heal|p2a: Keldeo|28/100|[from] item: Leftovers
|upkeep
|turn|41
|
|t:|1718651102
|move|p1a: Keldeo|Secret Sword|p2a: Keldeo
|-damage|p2a: Keldeo|0 fnt
|faint|p2a: Keldeo
|
|-weather|RainDance|[upkeep]
|upkeep
|
|t:|1718651104
|switch|p2a: Alakazam|Alakazam, M|100/100
|turn|42
|inactive|happy_hitbox has 120 seconds left.
|
|t:|1718651110
|switch|p1a: Forretress|Forretress, M|39/100
|move|p2a: Alakazam|Grass Knot|p1a: Forretress
|-resisted|p1a: Forretress
|-damage|p1a: Forretress|23/100
|
|-weather|RainDance|[upkeep]
|-heal|p1a: Forretress|29/100|[from] item: Leftovers
|upkeep
|turn|43
|
|t:|1718651114
|move|p2a: Alakazam|Hidden Power|p1a: Forretress
|-supereffective|p1a: Forretress
|-crit|p1a: Forretress
|-damage|p1a: Forretress|0 fnt
|faint|p1a: Forretress
|
|-weather|RainDance|[upkeep]
|upkeep
|
|t:|1718651120
|switch|p1a: Nou|Umbreon, M, shiny|46/100
|turn|44
|
|t:|1718651125
|switch|p2a: Ferrothorn|Ferrothorn, M|95/100
|-damage|p2a: Ferrothorn|89/100|[from] Stealth Rock
|move|p1a: Nou|Foul Play|p2a: Ferrothorn
|-resisted|p2a: Ferrothorn
|-damage|p2a: Ferrothorn|77/100
|-damage|p1a: Nou|33/100|[from] ability: Iron Barbs|[of] p2a: Ferrothorn
|
|-weather|RainDance|[upkeep]
|upkeep
|turn|45
|
|t:|1718651131
|switch|p1a: Politoed|Politoed, F|47/100
|move|p2a: Ferrothorn|Spikes|p1a: Politoed
|-sidestart|p1: happy_hitbox|Spikes
|
|-weather|RainDance|[upkeep]
|-heal|p1a: Politoed|53/100|[from] item: Leftovers
|upkeep
|turn|46
|
|t:|1718651136
|switch|p1a: Magnezone|Magnezone|20/100
|-damage|p1a: Magnezone|8/100|[from] Spikes
|move|p2a: Ferrothorn|Spikes|p1a: Magnezone
|-sidestart|p1: happy_hitbox|Spikes
|
|-weather|RainDance|[upkeep]
|-heal|p1a: Magnezone|14/100|[from] item: Leftovers
|upkeep
|turn|47
|
|t:|1718651140
|move|p1a: Magnezone|Charge Beam|p2a: Ferrothorn
|-resisted|p2a: Ferrothorn
|-damage|p2a: Ferrothorn|68/100
|move|p2a: Ferrothorn|Spikes|p1a: Magnezone
|-sidestart|p1: happy_hitbox|Spikes
|
|-weather|RainDance|[upkeep]
|-heal|p1a: Magnezone|20/100|[from] item: Leftovers
|upkeep
|turn|48
|
|t:|1718651146
|move|p1a: Magnezone|Hidden Power|p2a: Ferrothorn
|-damage|p2a: Ferrothorn|50/100
|move|p2a: Ferrothorn|Power Whip|p1a: Magnezone
|-resisted|p1a: Magnezone
|-damage|p1a: Magnezone|0 fnt
|faint|p1a: Magnezone
|
|-weather|RainDance|[upkeep]
|upkeep
|
|t:|1718651149
|switch|p1a: Keldeo|Keldeo|47/100
|-damage|p1a: Keldeo|22/100|[from] Spikes
|turn|49
|
|t:|1718651151
|move|p1a: Keldeo|Secret Sword|p2a: Ferrothorn
|-supereffective|p2a: Ferrothorn
|-damage|p2a: Ferrothorn|0 fnt
|faint|p2a: Ferrothorn
|
|-weather|RainDance|[upkeep]
|upkeep
|
|t:|1718651153
|switch|p2a: Alakazam|Alakazam, M|100/100
|turn|50
|
|t:|1718651156
|move|p1a: Keldeo|Secret Sword|p2a: Alakazam
|-resisted|p2a: Alakazam
|-crit|p2a: Alakazam
|-damage|p2a: Alakazam|1/100
|move|p2a: Alakazam|Grass Knot|p1a: Keldeo
|-supereffective|p1a: Keldeo
|-damage|p1a: Keldeo|0 fnt
|faint|p1a: Keldeo
|
|-weather|RainDance|[upkeep]
|upkeep
|
|t:|1718651160
|switch|p1a: Nou|Umbreon, M, shiny|33/100
|-damage|p1a: Nou|8/100|[from] Spikes
|turn|51
|
|t:|1718651162
|move|p2a: Alakazam|Grass Knot|p1a: Nou
|-damage|p1a: Nou|0 fnt
|faint|p1a: Nou
|
|-weather|RainDance|[upkeep]
|upkeep
|c|☆happy_hitbox|Gg
|c|☆Hematemesis|ggs
|-message|happy_hitbox forfeited.
|
|win|Hematemesis
|raw|happy_hitbox's rating: 1440 &rarr; <strong>1414</strong><br />(-26 for losing)
|raw|Hematemesis's rating: 1330 &rarr; <strong>1356</strong><br />(+26 for winning)
|l|☆happy_hitbox
|player|p1|
