|j|☆Wvwhwhwwhhw
|j|☆blackkaiser
|player|p1|Wvwhwhwwhhw|1|1351
|player|p2|blackkaiser|170|1460
|teamsize|p1|6
|teamsize|p2|6
|gametype|singles
|gen|5
|tier|[Gen 5] OU
|rated|
|rule|Sleep Clause Mod: Limit one foe put to sleep
|rule|Species Clause: Limit one of each Pokémon
|rule|OHKO Clause: OHKO moves are banned
|rule|Moody Clause: Moody is banned
|rule|Evasion Moves Clause: Evasion moves are banned
|rule|Endless Battle Clause: Forcing endless battles is banned
|rule|HP Percentage Mod: HP is shown in percentages
|rule|Evasion Abilities Clause: Evasion abilities are banned
|rule|Baton Pass Clause: Limit one Baton Passer, can't pass Spe and other stats simultaneously
|rule|Swagger Clause: Swagger is banned
|clearpoke
|poke|p1|Ninetales, M|item
|poke|p1|Arcanine, F|item
|poke|p1|Breloom, M|item
|poke|p1|Tentacruel, M|item
|poke|p1|Gliscor, F|item
|poke|p1|Ferrothorn, F|item
|poke|p2|Hippowdon, M|item
|poke|p2|Ferrothorn, M|item
|poke|p2|Jellicent, F|item
|poke|p2|Latios, M|item
|poke|p2|Garchomp, M|item
|poke|p2|Scizor, M|item
|teampreview
|inactive|Battle timer is ON: inactive players will automatically lose when time's up. (requested by blackkaiser)
|
|start
|switch|p1a: Ferrothorn|Ferrothorn, F|100/100
|switch|p2a: Latios|Latios, M, shiny|100/100
|turn|1
|
|switch|p2a: Hippowdon|Hippowdon, M|100/100
|-weather|Sandstorm|[from] ability: Sand Stream|[of] p2a: Hippowdon
|switch|p1a: Ninetales|Ninetales, M|100/100
|-weather|SunnyDay|[from] ability: Drought|[of] p1a: Ninetales
|
|-weather|SunnyDay|[upkeep]
|upkeep
|turn|2
|
|switch|p1a: Ferrothorn|Ferrothorn, F|100/100
|move|p2a: Hippowdon|Stealth Rock|p1a: Ferrothorn
|-sidestart|p1: Wvwhwhwwhhw|move: Stealth Rock
|
|-weather|SunnyDay|[upkeep]
|upkeep
|turn|3
|
|switch|p2a: Ferrothorn|Ferrothorn, M|100/100
|move|p1a: Ferrothorn|Stealth Rock|p2a: Ferrothorn
|-sidestart|p2: blackkaiser|move: Stealth Rock
|
|-weather|SunnyDay|[upkeep]
|upkeep
|turn|4
|
|move|p2a: Ferrothorn|Spikes|p1a: Ferrothorn
|-sidestart|p1: Wvwhwhwwhhw|Spikes
|move|p1a: Ferrothorn|Spikes|p2a: Ferrothorn
|-sidestart|p2: blackkaiser|Spikes
|
|-weather|SunnyDay|[upkeep]
|upkeep
|turn|5
|
|move|p2a: Ferrothorn|Thunder Wave|p1a: Ferrothorn
|-status|p1a: Ferrothorn|par
|move|p1a: Ferrothorn|Spikes|p2a: Ferrothorn
|-sidestart|p2: blackkaiser|Spikes
|
|-weather|SunnyDay|[upkeep]
|upkeep
|turn|6
|
|move|p2a: Ferrothorn|Spikes|p1a: Ferrothorn
|-sidestart|p1: Wvwhwhwwhhw|Spikes
|cant|p1a: Ferrothorn|par
|
|-weather|SunnyDay|[upkeep]
|upkeep
|turn|7
|
|move|p2a: Ferrothorn|Spikes|p1a: Ferrothorn
|-sidestart|p1: Wvwhwhwwhhw|Spikes
|move|p1a: Ferrothorn|Spikes|p2a: Ferrothorn
|-sidestart|p2: blackkaiser|Spikes
|
|-weather|SunnyDay|[upkeep]
|upkeep
|turn|8
|
|switch|p1a: Tentacruel|Tentacruel, M|100/100
|-damage|p1a: Tentacruel|76/100|[from] Spikes
|-damage|p1a: Tentacruel|63/100|[from] Stealth Rock
|move|p2a: Ferrothorn|Thunder Wave|p1a: Tentacruel
|-status|p1a: Tentacruel|par
|
|-weather|SunnyDay|[upkeep]
|-heal|p1a: Tentacruel|69/100 par|[from] item: Black Sludge
|upkeep
|turn|9
|
|switch|p2a: Jellicent|Jellicent, F|100/100
|-damage|p2a: Jellicent|88/100|[from] Stealth Rock
|-damage|p2a: Jellicent|63/100|[from] Spikes
|move|p1a: Tentacruel|Rapid Spin|p2a: Jellicent
|-immune|p2a: Jellicent
|
|-weather|SunnyDay|[upkeep]
|-heal|p2a: Jellicent|69/100|[from] item: Leftovers
|-heal|p1a: Tentacruel|76/100 par|[from] item: Black Sludge
|upkeep
|turn|10
|
|move|p2a: Jellicent|Shadow Ball|p1a: Tentacruel
|-damage|p1a: Tentacruel|56/100 par
|move|p1a: Tentacruel|Toxic|p2a: Jellicent
|-status|p2a: Jellicent|tox
|
|-weather|SunnyDay|[upkeep]
|-heal|p2a: Jellicent|76/100 tox|[from] item: Leftovers
|-heal|p1a: Tentacruel|62/100 par|[from] item: Black Sludge
|-damage|p2a: Jellicent|69/100 tox|[from] psn
|upkeep
|turn|11
|
|move|p1a: Tentacruel|Protect|p1a: Tentacruel
|-singleturn|p1a: Tentacruel|Protect
|move|p2a: Jellicent|Recover|p2a: Jellicent
|-heal|p2a: Jellicent|100/100 tox
|
|-weather|SunnyDay|[upkeep]
|-heal|p1a: Tentacruel|68/100 par|[from] item: Black Sludge
|-damage|p2a: Jellicent|88/100 tox|[from] psn
|upkeep
|turn|12
|inactive|blackkaiser has 120 seconds left.
|
|move|p2a: Jellicent|Shadow Ball|p1a: Tentacruel
|-damage|p1a: Tentacruel|49/100 par
|move|p1a: Tentacruel|Rapid Spin|p2a: Jellicent
|-immune|p2a: Jellicent
|
|-weather|SunnyDay|[upkeep]
|-heal|p2a: Jellicent|94/100 tox|[from] item: Leftovers
|-heal|p1a: Tentacruel|55/100 par|[from] item: Black Sludge
|-damage|p2a: Jellicent|76/100 tox|[from] psn
|upkeep
|turn|13
|
|move|p1a: Tentacruel|Protect|p1a: Tentacruel
|-singleturn|p1a: Tentacruel|Protect
|move|p2a: Jellicent|Shadow Ball|p1a: Tentacruel
|-activate|p1a: Tentacruel|move: Protect
|
|-weather|SunnyDay|[upkeep]
|-heal|p2a: Jellicent|82/100 tox|[from] item: Leftovers
|-heal|p1a: Tentacruel|62/100 par|[from] item: Black Sludge
|-damage|p2a: Jellicent|57/100 tox|[from] psn
|upkeep
|turn|14
|
|move|p1a: Tentacruel|Protect|p1a: Tentacruel
|-singleturn|p1a: Tentacruel|Protect
|move|p2a: Jellicent|Shadow Ball|p1a: Tentacruel
|-activate|p1a: Tentacruel|move: Protect
|
|-weather|SunnyDay|[upkeep]
|-heal|p2a: Jellicent|63/100 tox|[from] item: Leftovers
|-heal|p1a: Tentacruel|68/100 par|[from] item: Black Sludge
|-damage|p2a: Jellicent|32/100 tox|[from] psn
|upkeep
|turn|15
|
|move|p2a: Jellicent|Shadow Ball|p1a: Tentacruel
|-damage|p1a: Tentacruel|47/100 par
|move|p1a: Tentacruel|Rapid Spin|p2a: Jellicent
|-immune|p2a: Jellicent
|
|-weather|SunnyDay|[upkeep]
|-heal|p2a: Jellicent|38/100 tox|[from] item: Leftovers
|-heal|p1a: Tentacruel|53/100 par|[from] item: Black Sludge
|-damage|p2a: Jellicent|1/100 tox|[from] psn
|upkeep
|turn|16
|
|move|p2a: Jellicent|Shadow Ball|p1a: Tentacruel
|-damage|p1a: Tentacruel|33/100 par
|cant|p1a: Tentacruel|par
|
|-weather|SunnyDay|[upkeep]
|-heal|p2a: Jellicent|7/100 tox|[from] item: Leftovers
|-heal|p1a: Tentacruel|39/100 par|[from] item: Black Sludge
|-damage|p2a: Jellicent|0 fnt|[from] psn
|faint|p2a: Jellicent
|upkeep
|
|switch|p2a: Garchomp|Garchomp, M|100/100
|-damage|p2a: Garchomp|94/100|[from] Stealth Rock
|-damage|p2a: Garchomp|69/100|[from] Spikes
|turn|17
|
|switch|p1a: Gliscor|Gliscor, F|100/100
|-damage|p1a: Gliscor|88/100|[from] Stealth Rock
|move|p2a: Garchomp|Fire Blast|p1a: Gliscor
|-damage|p1a: Gliscor|38/100
|-damage|p2a: Garchomp|60/100|[from] item: Life Orb
|
|-weather|SunnyDay|[upkeep]
|-status|p1a: Gliscor|tox|[from] item: Toxic Orb
|upkeep
|turn|18
|
|move|p1a: Gliscor|Protect|p1a: Gliscor
|-singleturn|p1a: Gliscor|Protect
|move|p2a: Garchomp|Fire Blast|p1a: Gliscor
|-activate|p1a: Gliscor|move: Protect
|
|-weather|SunnyDay|[upkeep]
|-heal|p1a: Gliscor|50/100 tox|[from] ability: Poison Heal
|upkeep
|turn|19
|
|move|p2a: Garchomp|Draco Meteor|p1a: Gliscor
|-damage|p1a: Gliscor|0 fnt
|-unboost|p2a: Garchomp|spa|2
|-damage|p2a: Garchomp|50/100|[from] item: Life Orb
|faint|p1a: Gliscor
|
|-weather|SunnyDay|[upkeep]
|upkeep
|
|switch|p1a: Breloom|Breloom, M|100/100
|-damage|p1a: Breloom|94/100|[from] Stealth Rock
|-damage|p1a: Breloom|70/100|[from] Spikes
|turn|20
|
|move|p2a: Garchomp|Fire Blast|p1a: Breloom
|-supereffective|p1a: Breloom
|-damage|p1a: Breloom|3/100
|-damage|p2a: Garchomp|40/100|[from] item: Life Orb
|move|p1a: Breloom|Spore|p2a: Garchomp
|-status|p2a: Garchomp|slp|[from] move: Spore
|
|-weather|SunnyDay|[upkeep]
|-status|p1a: Breloom|tox|[from] item: Toxic Orb
|upkeep
|turn|21
|
|switch|p2a: Hippowdon|Hippowdon, M|100/100
|-damage|p2a: Hippowdon|94/100|[from] Stealth Rock
|-damage|p2a: Hippowdon|69/100|[from] Spikes
|-weather|Sandstorm|[from] ability: Sand Stream|[of] p2a: Hippowdon
|move|p1a: Breloom|Leech Seed|p2a: Hippowdon
|-start|p2a: Hippowdon|move: Leech Seed
|
|-weather|Sandstorm|[upkeep]
|-damage|p1a: Breloom|0 fnt|[from] Sandstorm
|faint|p1a: Breloom
|-heal|p2a: Hippowdon|76/100|[from] item: Leftovers
|upkeep
|
|switch|p1a: Ninetales|Ninetales, M|100/100
|-damage|p1a: Ninetales|76/100|[from] Stealth Rock
|-damage|p1a: Ninetales|51/100|[from] Spikes
|-weather|SunnyDay|[from] ability: Drought|[of] p1a: Ninetales
|turn|22
|
|switch|p2a: Garchomp|Garchomp, M|40/100 slp
|-damage|p2a: Garchomp|34/100 slp|[from] Stealth Rock
|-damage|p2a: Garchomp|9/100 slp|[from] Spikes
|move|p1a: Ninetales|Substitute|p1a: Ninetales
|-start|p1a: Ninetales|Substitute
|-damage|p1a: Ninetales|26/100
|
|-weather|SunnyDay|[upkeep]
|-heal|p1a: Ninetales|32/100|[from] item: Leftovers
|upkeep
|turn|23
|
|cant|p2a: Garchomp|slp
|move|p1a: Ninetales|Flamethrower|p2a: Garchomp
|-resisted|p2a: Garchomp
|-damage|p2a: Garchomp|0 fnt
|faint|p2a: Garchomp
|
|-weather|SunnyDay|[upkeep]
|-heal|p1a: Ninetales|38/100|[from] item: Leftovers
|upkeep
|
|switch|p2a: Hippowdon|Hippowdon, M|76/100
|-damage|p2a: Hippowdon|69/100|[from] Stealth Rock
|-damage|p2a: Hippowdon|45/100|[from] Spikes
|-weather|Sandstorm|[from] ability: Sand Stream|[of] p2a: Hippowdon
|turn|24
|
|move|p1a: Ninetales|Will-O-Wisp|p2a: Hippowdon
|-status|p2a: Hippowdon|brn
|move|p2a: Hippowdon|Earthquake|p1a: Ninetales
|-supereffective|p1a: Ninetales
|-end|p1a: Ninetales|Substitute
|
|-weather|Sandstorm|[upkeep]
|-damage|p1a: Ninetales|32/100|[from] Sandstorm
|-heal|p1a: Ninetales|38/100|[from] item: Leftovers
|-heal|p2a: Hippowdon|51/100 brn|[from] item: Leftovers
|-damage|p2a: Hippowdon|38/100 brn|[from] brn
|upkeep
|turn|25
|
|move|p1a: Ninetales|Flamethrower|p2a: Hippowdon
|-damage|p2a: Hippowdon|7/100 brn
|move|p2a: Hippowdon|Slack Off|p2a: Hippowdon
|-heal|p2a: Hippowdon|57/100 brn
|
|-weather|Sandstorm|[upkeep]
|-damage|p1a: Ninetales|32/100|[from] Sandstorm
|-heal|p1a: Ninetales|38/100|[from] item: Leftovers
|-heal|p2a: Hippowdon|63/100 brn|[from] item: Leftovers
|-damage|p2a: Hippowdon|51/100 brn|[from] brn
|upkeep
|turn|26
|
|move|p1a: Ninetales|Flamethrower|p2a: Hippowdon
|-damage|p2a: Hippowdon|24/100 brn
|move|p2a: Hippowdon|Slack Off|p2a: Hippowdon
|-heal|p2a: Hippowdon|74/100 brn
|
|-weather|Sandstorm|[upkeep]
|-damage|p1a: Ninetales|32/100|[from] Sandstorm
|-heal|p1a: Ninetales|38/100|[from] item: Leftovers
|-heal|p2a: Hippowdon|80/100 brn|[from] item: Leftovers
|-damage|p2a: Hippowdon|68/100 brn|[from] brn
|upkeep
|turn|27
|
|switch|p1a: Ferrothorn|Ferrothorn, F|100/100 par
|-damage|p1a: Ferrothorn|94/100 par|[from] Stealth Rock
|-damage|p1a: Ferrothorn|69/100 par|[from] Spikes
|move|p2a: Hippowdon|Slack Off|p2a: Hippowdon
|-heal|p2a: Hippowdon|100/100 brn
|
|-weather|Sandstorm|[upkeep]
|-heal|p1a: Ferrothorn|75/100 par|[from] item: Leftovers
|-damage|p2a: Hippowdon|88/100 brn|[from] brn
|upkeep
|turn|28
|c|☆blackkaiser|lol why didnt u just kill me
|
|move|p1a: Ferrothorn|Power Whip|p2a: Hippowdon
|-supereffective|p2a: Hippowdon
|-damage|p2a: Hippowdon|49/100 brn
|move|p2a: Hippowdon|Roar|p1a: Ferrothorn
|drag|p1a: Ninetales|Ninetales, M|38/100
|-damage|p1a: Ninetales|13/100|[from] Stealth Rock
|-damage|p1a: Ninetales|0 fnt|[from] Spikes
|faint|p1a: Ninetales
|
|-weather|Sandstorm|[upkeep]
|-heal|p2a: Hippowdon|56/100 brn|[from] item: Leftovers
|-damage|p2a: Hippowdon|43/100 brn|[from] brn
|upkeep
|j| past wind♫
|
|switch|p1a: Ferrothorn|Ferrothorn, F|75/100 par
|-damage|p1a: Ferrothorn|50/100 par|[from] Spikes
|-damage|p1a: Ferrothorn|44/100 par|[from] Stealth Rock
|turn|29
|
|move|p1a: Ferrothorn|Power Whip|p2a: Hippowdon
|-supereffective|p2a: Hippowdon
|-damage|p2a: Hippowdon|4/100 brn
|move|p2a: Hippowdon|Roar|p1a: Ferrothorn
|drag|p1a: Tentacruel|Tentacruel, M|39/100 par
|-damage|p1a: Tentacruel|14/100 par|[from] Spikes
|-damage|p1a: Tentacruel|2/100 par|[from] Stealth Rock
|
|-weather|Sandstorm|[upkeep]
|-damage|p1a: Tentacruel|0 fnt|[from] Sandstorm
|faint|p1a: Tentacruel
|-heal|p2a: Hippowdon|10/100 brn|[from] item: Leftovers
|-damage|p2a: Hippowdon|0 fnt|[from] brn
|faint|p2a: Hippowdon
|upkeep
|l| past wind♫
|
|switch|p1a: Arcanine|Arcanine, F|100/100
|switch|p2a: Latios|Latios, M, shiny|100/100
|-damage|p2a: Latios|88/100|[from] Stealth Rock
|-damage|p1a: Arcanine|76/100|[from] Spikes
|-damage|p1a: Arcanine|51/100|[from] Stealth Rock
|-ability|p1a: Arcanine|Intimidate|boost
|-unboost|p2a: Latios|atk|1
|turn|30
|
|switch|p1a: Ferrothorn|Ferrothorn, F|44/100 par
|-damage|p1a: Ferrothorn|19/100 par|[from] Spikes
|-damage|p1a: Ferrothorn|13/100 par|[from] Stealth Rock
|move|p2a: Latios|Surf|p1a: Ferrothorn
|-resisted|p1a: Ferrothorn
|-damage|p1a: Ferrothorn|0 fnt
|faint|p1a: Ferrothorn
|
|-weather|Sandstorm|[upkeep]
|-damage|p2a: Latios|82/100|[from] Sandstorm
|upkeep
|-message|Wvwhwhwwhhw forfeited.
|
|win|blackkaiser
|l|☆Wvwhwhwwhhw
|raw|Wvwhwhwwhhw's rating: 1351 &rarr; <strong>1337</strong><br />(-14 for losing)
|raw|blackkaiser's rating: 1460 &rarr; <strong>1474</strong><br />(+14 for winning)
