|join|Ryan House
|join|Indytotof
|player|p1|Ryan House|52
|player|p2|Indytotof|267
|gametype|singles
|gen|5
|tier|[Gen 5] OU
|rated
|rule|Evasion Abilities Clause: Evasion abilities are banned
|clearpoke
|poke|p1|Tyranitar, M, shiny
|poke|p1|Regirock
|poke|p1|Gastrodon, F, shiny
|poke|p1|Ferrothorn, M, shiny
|poke|p1|Breloom, M, shiny
|poke|p1|Alakazam, M, shiny
|poke|p2|Ninetales, F
|poke|p2|Dugtrio, M
|poke|p2|Wobbuffet, M
|poke|p2|Forretress, M
|poke|p2|Venusaur, M
|poke|p2|Latios, M
|rule|Sleep Clause Mod: Limit one foe put to sleep
|rule|Species Clause: Limit one of each Pokemon
|rule|OHKO Clause: OHKO moves are banned
|rule|Moody Clause: Moody is banned
|rule|Evasion Moves Clause: Evasion moves are banned
|rule|Endless Battle Clause: Forcing endless battles is banned.
|rule|HP Percentage Mod: HP is reported as percentages
|teampreview
|
|start
|switch|p1a: a shroom.|Breloom, M, shiny|261/261
|switch|p2a: Obi-Wan Kenobi|Dugtrio, M|212/212
|turn|1
|
|move|p2a: Obi-Wan Kenobi|Stealth Rock|p1a: a shroom.
|-sidestart|p1: Ryan House|move: Stealth Rock
|move|p1a: a shroom.|Bullet Seed|p2a: Obi-Wan Kenobi
|-crit|p2a: Obi-Wan Kenobi
|-supereffective|p2a: Obi-Wan Kenobi
|-enditem|p2a: Obi-Wan Kenobi|Focus Sash
|-damage|p2a: Obi-Wan Kenobi|1/212
|-supereffective|p2a: Obi-Wan Kenobi
|-damage|p2a: Obi-Wan Kenobi|0 fnt
|-hitcount|p2a: Obi-Wan Kenobi|2
|-damage|p1a: a shroom.|235/261|[from] item: Life Orb
|faint|p2a: Obi-Wan Kenobi
|
|
|switch|p2a: Anakin Skywalker|Latios, M|301/301
|turn|2
|
|switch|p1a: Usurpator|Tyranitar, M, shiny|404/404
|-damage|p1a: Usurpator|354/404|[from] Stealth Rock
|-weather|Sandstorm|[from] ability: Sand Stream|[of] p1a: Usurpator
|move|p2a: Anakin Skywalker|Hidden Power|p1a: Usurpator
|-resisted|p1a: Usurpator
|-damage|p1a: Usurpator|327/404
|-damage|p2a: Anakin Skywalker|271/301|[from] item: Life Orb
|
|-weather|Sandstorm|[upkeep]
|-damage|p2a: Anakin Skywalker|253/301|[from] sandstorm
|-heal|p1a: Usurpator|352/404|[from] item: Leftovers
|turn|3
|
|move|p1a: Usurpator|Pursuit|p2a: Anakin Skywalker|[from]Pursuit
|-supereffective|p2a: Anakin Skywalker
|-damage|p2a: Anakin Skywalker|0 fnt
|faint|p2a: Anakin Skywalker
|
|-weather|Sandstorm|[upkeep]
|-heal|p1a: Usurpator|377/404|[from] item: Leftovers
|
|switch|p2a: Palpatine|Forretress, M|354/354
|turn|4
|
|move|p1a: Usurpator|Fire Blast|p2a: Palpatine
|-supereffective|p2a: Palpatine
|-activate|p2a: Palpatine|Sturdy
|-damage|p2a: Palpatine|1/354
|move|p2a: Palpatine|Spikes|p1a: Usurpator
|-sidestart|p1: Ryan House|Spikes
|
|-weather|Sandstorm|[upkeep]
|-heal|p1a: Usurpator|402/404|[from] item: Leftovers
|-heal|p2a: Palpatine|23/354|[from] item: Leftovers
|turn|5
|chat|Indytotof|high level of random detected
|
|move|p1a: Usurpator|Pursuit|p2a: Palpatine|[from]Pursuit
|-resisted|p2a: Palpatine
|-damage|p2a: Palpatine|0 fnt
|faint|p2a: Palpatine
|
|-weather|Sandstorm|[upkeep]
|-heal|p1a: Usurpator|404/404|[from] item: Leftovers
|
|switch|p2a: Padme Amidala|Ninetales, F|349/349
|-weather|SunnyDay|[from] ability: Drought|[of] p2a: Padme Amidala
|turn|6
|
|move|p2a: Padme Amidala|Toxic|p1a: Usurpator
|-status|p1a: Usurpator|tox
|move|p1a: Usurpator|Stone Edge|p2a: Padme Amidala|[miss]
|-miss|p1a: Usurpator|p2a: Padme Amidala
|
|-weather|SunnyDay|[upkeep]
|-damage|p1a: Usurpator|379/404 tox|[from] psn
|turn|7
|
|move|p1a: Usurpator|Pursuit|p2a: Padme Amidala|[from]Pursuit
|-damage|p2a: Padme Amidala|193/349
|switch|p2a: Master Yoda|Venusaur, M|319/319
|
|-weather|SunnyDay|[upkeep]
|-heal|p1a: Usurpator|404/404 tox|[from] item: Leftovers
|-damage|p1a: Usurpator|354/404 tox|[from] psn
|turn|8
|
|move|p2a: Master Yoda|Giga Drain|p1a: Usurpator
|-supereffective|p1a: Usurpator
|-damage|p1a: Usurpator|55/404 tox
|-damage|p2a: Master Yoda|288/319|[from] item: Life Orb
|move|p1a: Usurpator|Fire Blast|p2a: Master Yoda
|-supereffective|p2a: Master Yoda
|-damage|p2a: Master Yoda|0 fnt
|faint|p2a: Master Yoda
|
|-weather|SunnyDay|[upkeep]
|-heal|p1a: Usurpator|80/404 tox|[from] item: Leftovers
|-damage|p1a: Usurpator|5/404 tox|[from] psn
|
|switch|p2a: Commander Cody|Wobbuffet, M|528/528
|turn|9
|
|move|p1a: Usurpator|Fire Blast|p2a: Commander Cody
|-damage|p2a: Commander Cody|342/528
|move|p2a: Commander Cody|Counter|p1a: Usurpator
|-fail|p1a: Usurpator
|
|-weather|SunnyDay|[upkeep]
|-heal|p1a: Usurpator|30/404 tox|[from] item: Leftovers
|-heal|p2a: Commander Cody|375/528|[from] item: Leftovers
|-damage|p1a: Usurpator|0 fnt|[from] psn
|faint|p1a: Usurpator
|chat|Indytotof|high level of random detected
|
|switch|p1a: a shroom.|Breloom, M, shiny|235/261
|-damage|p1a: a shroom.|219/261|[from] Stealth Rock
|-damage|p1a: a shroom.|187/261|[from] Spikes
|turn|10
|
|switch|p2a: Padme Amidala|Ninetales, F|193/349
|move|p1a: a shroom.|Spore|p2a: Padme Amidala
|-status|p2a: Padme Amidala|slp
|
|-weather|SunnyDay|[upkeep]
|-heal|p2a: Padme Amidala|214/349 slp|[from] item: Leftovers
|turn|11
|
|move|p1a: a shroom.|Swords Dance|p1a: a shroom.
|-boost|p1a: a shroom.|atk|2
|cant|p2a: Padme Amidala|slp
|
|-weather|SunnyDay|[upkeep]
|-heal|p2a: Padme Amidala|235/349 slp|[from] item: Leftovers
|turn|12
|
|move|p1a: a shroom.|Mach Punch|p2a: Padme Amidala
|-damage|p2a: Padme Amidala|0 fnt
|-damage|p1a: a shroom.|161/261|[from] item: Life Orb
|faint|p2a: Padme Amidala
|
|-weather|SunnyDay|[upkeep]
|chat|Indytotof|fuck random
|chat|Indytotof|play alone
|chat|Ryan House|^^
|chat|Indytotof|shut up
|chat|Ryan House|;)
|chat|Indytotof|you don't have the right to speak
|chat|Ryan House|no?
|chat|Indytotof|no you don't
|chat|Ryan House|why not?
|chat|Indytotof|because random don't have it
|chat|Ryan House|which move was random?
|chat|Indytotof|you
|chat|Ryan House|and have what?
|chat|Ryan House|i'm no move
|chat|Ryan House|you're a funny guy
|chat|Indytotof|because it was crunch who is to use in the tyralead set, not pursuit, reserved for the choices sets
|chat|Indytotof|competitive battles haven't to be funny
|chat|Ryan House|so you try to forbid my moveset
|chat|Ryan House|even though it was better in this situation?
|chat|Indytotof|no, it's random
|
|switch|p2a: Commander Cody|Wobbuffet, M|375/528
|turn|13
|chat|Ryan House|it's not random
|chat|Indytotof|and use Regirock is random
|chat|Ryan House|i have a special moveset for it ;9
|chat|Indytotof|so it's random
|chat|Ryan House|haw do you define "random"?^^
|chat|Indytotof|uncompetitive thing use only to "original".
|
|move|p1a: a shroom.|Spore|p2a: Commander Cody
|-status|p2a: Commander Cody|slp
|cant|p2a: Commander Cody|slp
|
|-weather|SunnyDay|[upkeep]
|-heal|p2a: Commander Cody|408/528 slp|[from] item: Leftovers
|turn|14
|leave|Indytotof
|player|p2
|chat|Ryan House|but its very good
|chat|Ryan House|^^
|-message|indytotof lost due to inactivity.
|
|win|Ryan House
|raw|Ladder updating...
|raw|Ryan House's rating: 1455 &rarr; <strong>1470</strong><br />(+15 for winning)
|raw|Indytotof's rating: 1373 &rarr; <strong>1357</strong><br />(-16 for losing)