|uhtml|medal-msg|<div class="broadcast-blue">Curious what those medals under the avatar are? PS now has Ladder Seasons! For more information, check out the <a href="https://www.smogon.com/forums/threads/3740067/">thread on Smogon.</a></div>
|uhtml|medal-msg|<div class="broadcast-blue">Curious what those medals under the avatar are? PS now has Ladder Seasons! For more information, check out the <a href="https://www.smogon.com/forums/threads/3740067/">thread on Smogon.</a></div>
|j|☆Jellium
|j|☆Bossvgl
|t:|1713791309
|gametype|singles
|player|p1|Jellium|scientist-gen4|1433
|player|p2|Bossvgl|265|1319
|teamsize|p1|6
|teamsize|p2|6
|gen|5
|tier|[Gen 5] OU
|rated|
|rule|Species Clause: Limit one of each Pokémon
|rule|OHKO Clause: OHKO moves are banned
|rule|Moody Clause: Moody is banned
|rule|Evasion Items Clause: Evasion items are banned
|rule|Evasion Moves Clause: Evasion moves are banned
|rule|Endless Battle Clause: Forcing endless battles is banned
|rule|HP Percentage Mod: HP is shown in percentages
|rule|Evasion Abilities Clause: Evasion abilities are banned
|rule|Sleep Moves Clause: Sleep-inducing moves are banned
|rule|Swagger Clause: Swagger is banned
|rule|Baton Pass Stat Clause: No Baton Passer may have a way to boost its stats
|clearpoke
|poke|p1|Garchomp, F|item
|poke|p1|Volcarona, F|item
|poke|p1|Dragonite, M|item
|poke|p1|Breloom, M|item
|poke|p1|Starmie|item
|poke|p1|Scizor, F|item
|poke|p2|Tyranitar, M|item
|poke|p2|Latios, M|item
|poke|p2|Gliscor, M|item
|poke|p2|Ferrothorn, M|item
|poke|p2|Heatran, F|item
|poke|p2|Starmie|item
|teampreview
|
|t:|1713791326
|start
|switch|p1a: Breloom|Breloom, M|100/100
|switch|p2a: Tyranitar|Tyranitar, M|100/100
|-weather|Sandstorm|[from] ability: Sand Stream|[of] p2a: Tyranitar
|turn|1
|
|t:|1713791337
|switch|p2a: Latios|Latios, M|100/100
|move|p1a: Breloom|Low Sweep|p2a: Latios
|-resisted|p2a: Latios
|-damage|p2a: Latios|55/100
|-unboost|p2a: Latios|spe|1
|-damage|p1a: Breloom|91/100|[from] item: Life Orb
|
|-weather|Sandstorm|[upkeep]
|-damage|p1a: Breloom|84/100|[from] Sandstorm
|-damage|p2a: Latios|50/100|[from] Sandstorm
|upkeep
|turn|2
|
|t:|1713791349
|move|p1a: Breloom|Superpower|p2a: Latios
|-resisted|p2a: Latios
|-damage|p2a: Latios|0 fnt
|-unboost|p1a: Breloom|atk|1
|-unboost|p1a: Breloom|def|1
|faint|p2a: Latios
|-damage|p1a: Breloom|75/100|[from] item: Life Orb
|
|-weather|Sandstorm|[upkeep]
|-damage|p1a: Breloom|68/100|[from] Sandstorm
|upkeep
|
|t:|1713791367
|switch|p2a: Tyranitar|Tyranitar, M|100/100
|turn|3
|
|t:|1713791370
|switch|p2a: Gliscor|Gliscor, M|100/100
|move|p1a: Breloom|Mach Punch|p2a: Gliscor
|-resisted|p2a: Gliscor
|-damage|p2a: Gliscor|91/100
|-damage|p1a: Breloom|59/100|[from] item: Life Orb
|
|-weather|Sandstorm|[upkeep]
|-damage|p1a: Breloom|52/100|[from] Sandstorm
|-status|p2a: Gliscor|tox|[from] item: Toxic Orb
|upkeep
|turn|4
|
|t:|1713791388
|move|p2a: Gliscor|U-turn|p1a: Breloom
|-damage|p1a: Breloom|13/100
|
|t:|1713791398
|switch|p2a: Heatran|Heatran, F|100/100|[from] U-turn
|move|p1a: Breloom|Bullet Seed|p2a: Heatran
|-resisted|p2a: Heatran
|-damage|p2a: Heatran|96/100
|-resisted|p2a: Heatran
|-damage|p2a: Heatran|93/100
|-resisted|p2a: Heatran
|-damage|p2a: Heatran|89/100
|-hitcount|p2a: Heatran|3
|-damage|p1a: Breloom|3/100|[from] item: Life Orb
|
|-weather|Sandstorm|[upkeep]
|-damage|p1a: Breloom|0 fnt|[from] Sandstorm
|faint|p1a: Breloom
|-heal|p2a: Heatran|96/100|[from] item: Leftovers
|upkeep
|
|t:|1713791411
|switch|p1a: Garchomp|Garchomp, F|100/100
|turn|5
|
|t:|1713791418
|switch|p2a: Gliscor|Gliscor, M|91/100 tox
|move|p1a: Garchomp|Earthquake|p2a: Gliscor
|-immune|p2a: Gliscor
|
|-weather|Sandstorm|[upkeep]
|-heal|p2a: Gliscor|100/100 tox|[from] ability: Poison Heal
|upkeep
|turn|6
|
|t:|1713791422
|move|p1a: Garchomp|Swords Dance|p1a: Garchomp
|-boost|p1a: Garchomp|atk|2
|move|p2a: Gliscor|Toxic|p1a: Garchomp|[miss]
|-miss|p2a: Gliscor|p1a: Garchomp
|
|-weather|Sandstorm|[upkeep]
|upkeep
|turn|7
|
|t:|1713791426
|move|p1a: Garchomp|Outrage|p2a: Gliscor
|-damage|p2a: Gliscor|16/100 tox
|move|p2a: Gliscor|Taunt|p1a: Garchomp
|-start|p1a: Garchomp|move: Taunt
|
|-weather|Sandstorm|[upkeep]
|-heal|p2a: Gliscor|28/100 tox|[from] ability: Poison Heal
|upkeep
|turn|8
|
|t:|1713791430
|switch|p2a: Ferrothorn|Ferrothorn, M|100/100
|move|p1a: Garchomp|Outrage|p2a: Ferrothorn|[from]lockedmove
|-resisted|p2a: Ferrothorn
|-damage|p2a: Ferrothorn|56/100
|-damage|p1a: Garchomp|88/100|[from] ability: Iron Barbs|[of] p2a: Ferrothorn
|
|-weather|Sandstorm|[upkeep]
|-heal|p2a: Ferrothorn|62/100|[from] item: Leftovers
|upkeep
|turn|9
|
|t:|1713791432
|move|p1a: Garchomp|Outrage|p2a: Ferrothorn|[from]lockedmove
|-resisted|p2a: Ferrothorn
|-damage|p2a: Ferrothorn|23/100
|-damage|p1a: Garchomp|76/100|[from] ability: Iron Barbs|[of] p2a: Ferrothorn
|-start|p1a: Garchomp|confusion|[fatigue]
|move|p2a: Ferrothorn|Leech Seed|p1a: Garchomp
|-start|p1a: Garchomp|move: Leech Seed
|
|-weather|Sandstorm|[upkeep]
|-heal|p2a: Ferrothorn|29/100|[from] item: Leftovers
|-damage|p1a: Garchomp|64/100|[from] Leech Seed|[of] p2a: Ferrothorn
|-heal|p2a: Ferrothorn|42/100|[silent]
|upkeep
|turn|10
|
|t:|1713791450
|switch|p2a: Tyranitar|Tyranitar, M|100/100
|-activate|p1a: Garchomp|confusion
|-damage|p1a: Garchomp|36/100|[from] confusion
|
|-weather|Sandstorm|[upkeep]
|-damage|p1a: Garchomp|24/100|[from] Leech Seed|[of] p2a: Tyranitar
|-end|p1a: Garchomp|move: Taunt
|upkeep
|turn|11
|
|t:|1713791455
|move|p2a: Tyranitar|Pursuit|p1a: Garchomp
|-damage|p1a: Garchomp|0 fnt
|-damage|p2a: Tyranitar|88/100|[from] ability: Rough Skin|[of] p1a: Garchomp
|faint|p1a: Garchomp
|
|-weather|Sandstorm|[upkeep]
|upkeep
|
|t:|1713791479
|switch|p1a: Dragonite|Dragonite, M|100/100
|turn|12
|
|t:|1713791488
|switch|p2a: Ferrothorn|Ferrothorn, M|42/100
|move|p1a: Dragonite|Dragon Dance|p1a: Dragonite
|-boost|p1a: Dragonite|atk|1
|-boost|p1a: Dragonite|spe|1
|
|-weather|Sandstorm|[upkeep]
|-damage|p1a: Dragonite|94/100|[from] Sandstorm
|-heal|p2a: Ferrothorn|48/100|[from] item: Leftovers
|upkeep
|turn|13
|
|t:|1713791497
|move|p1a: Dragonite|Earthquake|p2a: Ferrothorn
|-damage|p2a: Ferrothorn|12/100
|move|p2a: Ferrothorn|Leech Seed|p1a: Dragonite
|-start|p1a: Dragonite|move: Leech Seed
|
|-weather|Sandstorm|[upkeep]
|-damage|p1a: Dragonite|88/100|[from] Sandstorm
|-heal|p2a: Ferrothorn|18/100|[from] item: Leftovers
|-damage|p1a: Dragonite|76/100|[from] Leech Seed|[of] p2a: Ferrothorn
|-heal|p2a: Ferrothorn|29/100|[silent]
|upkeep
|turn|14
|
|t:|1713791503
|switch|p2a: Gliscor|Gliscor, M|28/100 tox
|move|p1a: Dragonite|Outrage|p2a: Gliscor
|-damage|p2a: Gliscor|0 fnt
|faint|p2a: Gliscor
|
|-weather|Sandstorm|[upkeep]
|-damage|p1a: Dragonite|70/100|[from] Sandstorm
|upkeep
|
|t:|1713791514
|switch|p2a: Heatran|Heatran, F|96/100
|turn|15
|
|t:|1713791517
|move|p1a: Dragonite|Outrage|p2a: Heatran|[from]lockedmove
|-resisted|p2a: Heatran
|-damage|p2a: Heatran|50/100
|move|p2a: Heatran|Lava Plume|p1a: Dragonite
|-resisted|p1a: Dragonite
|-damage|p1a: Dragonite|49/100
|-status|p1a: Dragonite|brn
|-enditem|p1a: Dragonite|Lum Berry|[eat]
|-curestatus|p1a: Dragonite|brn|[msg]
|
|-weather|Sandstorm|[upkeep]
|-damage|p1a: Dragonite|43/100|[from] Sandstorm
|-heal|p2a: Heatran|56/100|[from] item: Leftovers
|-damage|p1a: Dragonite|30/100|[from] Leech Seed|[of] p2a: Heatran
|-heal|p2a: Heatran|67/100|[silent]
|upkeep
|turn|16
|
|t:|1713791521
|move|p1a: Dragonite|Outrage|p2a: Heatran|[from]lockedmove
|-resisted|p2a: Heatran
|-damage|p2a: Heatran|25/100
|-start|p1a: Dragonite|confusion|[fatigue]
|move|p2a: Heatran|Lava Plume|p1a: Dragonite
|-resisted|p1a: Dragonite
|-damage|p1a: Dragonite|10/100
|
|-weather|Sandstorm|[upkeep]
|-damage|p1a: Dragonite|4/100|[from] Sandstorm
|-heal|p2a: Heatran|31/100|[from] item: Leftovers
|-damage|p1a: Dragonite|0 fnt|[from] Leech Seed|[of] p2a: Heatran
|-heal|p2a: Heatran|34/100|[silent]
|faint|p1a: Dragonite
|upkeep
|
|t:|1713791530
|switch|p1a: Starmie|Starmie|100/100
|-item|p1a: Starmie|Air Balloon
|turn|17
|
|t:|1713791537
|switch|p2a: Ferrothorn|Ferrothorn, M|29/100
|move|p1a: Starmie|Hydro Pump|p2a: Ferrothorn
|-resisted|p2a: Ferrothorn
|-damage|p2a: Ferrothorn|4/100
|
|-weather|Sandstorm|[upkeep]
|-damage|p1a: Starmie|94/100|[from] Sandstorm
|-heal|p2a: Ferrothorn|10/100|[from] item: Leftovers
|upkeep
|turn|18
|
|t:|1713791540
|move|p1a: Starmie|Ice Beam|p2a: Ferrothorn
|-damage|p2a: Ferrothorn|0 fnt
|faint|p2a: Ferrothorn
|
|-weather|Sandstorm|[upkeep]
|-damage|p1a: Starmie|88/100|[from] Sandstorm
|upkeep
|
|t:|1713791543
|switch|p2a: Tyranitar|Tyranitar, M|88/100
|turn|19
|
|t:|1713791548
|move|p2a: Tyranitar|Crunch|p1a: Starmie
|-supereffective|p1a: Starmie
|-damage|p1a: Starmie|0 fnt
|-enditem|p1a: Starmie|Air Balloon
|faint|p1a: Starmie
|
|-weather|Sandstorm|[upkeep]
|upkeep
|
|t:|1713791554
|switch|p1a: Scizor|Scizor, F|100/100
|turn|20
|
|t:|1713791556
|switch|p2a: Starmie|Starmie|100/100
|move|p1a: Scizor|Swords Dance|p1a: Scizor
|-boost|p1a: Scizor|atk|2
|
|-weather|Sandstorm|[upkeep]
|-damage|p2a: Starmie|94/100|[from] Sandstorm
|-heal|p2a: Starmie|100/100|[from] item: Leftovers
|upkeep
|turn|21
|
|t:|1713791561
|move|p1a: Scizor|Quick Attack|p2a: Starmie
|-damage|p2a: Starmie|34/100
|-damage|p1a: Scizor|91/100|[from] item: Life Orb
|move|p2a: Starmie|Scald|p1a: Scizor
|-damage|p1a: Scizor|58/100
|
|-weather|Sandstorm|[upkeep]
|-damage|p2a: Starmie|28/100|[from] Sandstorm
|-heal|p2a: Starmie|34/100|[from] item: Leftovers
|upkeep
|turn|22
|
|t:|1713791568
|move|p1a: Scizor|Quick Attack|p2a: Starmie
|-damage|p2a: Starmie|0 fnt
|faint|p2a: Starmie
|-damage|p1a: Scizor|48/100|[from] item: Life Orb
|
|-weather|Sandstorm|[upkeep]
|upkeep
|
|t:|1713791571
|switch|p2a: Heatran|Heatran, F|34/100
|turn|23
|
|t:|1713791574
|move|p1a: Scizor|Quick Attack|p2a: Heatran
|-resisted|p2a: Heatran
|-crit|p2a: Heatran
|-damage|p2a: Heatran|0 fnt
|faint|p2a: Heatran
|-damage|p1a: Scizor|38/100|[from] item: Life Orb
|
|-weather|Sandstorm|[upkeep]
|upkeep
|
|t:|1713791577
|switch|p2a: Tyranitar|Tyranitar, M|88/100
|turn|24
|
|t:|1713791581
|move|p1a: Scizor|Bullet Punch|p2a: Tyranitar
|-supereffective|p2a: Tyranitar
|-damage|p2a: Tyranitar|0 fnt
|faint|p2a: Tyranitar
|-damage|p1a: Scizor|29/100|[from] item: Life Orb
|
|win|Jellium
|raw|Jellium's rating: 1433 &rarr; <strong>1447</strong><br />(+14 for winning)
|raw|Bossvgl's rating: 1319 &rarr; <strong>1305</strong><br />(-14 for losing)
|l|☆Bossvgl
|player|p2|
