|j|☆irokei
|j|☆PlayForDreams
|player|p1|irokei|141|1330
|player|p2|PlayForDreams|279|1302
|teamsize|p1|6
|teamsize|p2|6
|gametype|singles
|gen|5
|tier|[Gen 5] OU
|rated|
|rule|Sleep Clause Mod: Limit one foe put to sleep
|rule|Species Clause: Limit one of each Pokémon
|rule|OHKO Clause: OHKO moves are banned
|rule|Moody Clause: Moody is banned
|rule|Evasion Moves Clause: Evasion moves are banned
|rule|Endless Battle Clause: Forcing endless battles is banned
|rule|HP Percentage Mod: HP is shown in percentages
|rule|Evasion Abilities Clause: Evasion abilities are banned
|rule|Baton Pass Clause: Limit one Baton Passer, can't pass Spe and other stats simultaneously
|rule|Swagger Clause: Swagger is banned
|clearpoke
|poke|p1|Starmie|item
|poke|p1|Politoed, F|item
|poke|p1|Dragonite, F|item
|poke|p1|Jirachi|item
|poke|p1|Volcarona, F|item
|poke|p1|Scizor, F|item
|poke|p2|Jellicent, M|item
|poke|p2|Tyranitar, F|item
|poke|p2|Landorus-Therian, M|item
|poke|p2|Forretress, F|item
|poke|p2|Reuniclus, F|item
|poke|p2|Breloom, M|item
|teampreview
|
|start
|switch|p1a: Scizor|Scizor, F|100/100
|switch|p2a: Tyranitar|Tyranitar, F|100/100
|-weather|Sandstorm|[from] ability: Sand Stream|[of] p2a: Tyranitar
|turn|1
|
|switch|p2a: Landorus|Landorus-Therian, M, shiny|100/100
|-ability|p2a: Landorus|Intimidate|boost
|-unboost|p1a: Scizor|atk|1
|move|p1a: Scizor|Bullet Punch|p2a: Landorus
|-damage|p2a: Landorus|61/100
|
|-weather|Sandstorm|[upkeep]
|upkeep
|turn|2
|
|switch|p2a: Jellicent|Jellicent, M|100/100
|switch|p1a: Politoed|Politoed, F, shiny|100/100
|-weather|RainDance|[from] ability: Drizzle|[of] p1a: Politoed
|
|-weather|RainDance|[upkeep]
|upkeep
|turn|3
|
|switch|p2a: Tyranitar|Tyranitar, F|100/100
|-weather|Sandstorm|[from] ability: Sand Stream|[of] p2a: Tyranitar
|switch|p1a: Jirachi|Jirachi|100/100
|
|-weather|Sandstorm|[upkeep]
|upkeep
|turn|4
|
|move|p1a: Jirachi|U-turn|p2a: Tyranitar
|-supereffective|p2a: Tyranitar
|-damage|p2a: Tyranitar|76/100
|
|switch|p1a: Scizor|Scizor, F|100/100|[from]move: U-turn
|move|p2a: Tyranitar|Stealth Rock|p1a: Scizor
|-sidestart|p1: irokei|move: Stealth Rock
|
|-weather|Sandstorm|[upkeep]
|upkeep
|turn|5
|
|switch|p1a: Starmie|Starmie|100/100
|-damage|p1a: Starmie|88/100|[from] Stealth Rock
|switch|p2a: Forretress|Forretress, F, shiny|100/100
|
|-weather|Sandstorm|[upkeep]
|-damage|p1a: Starmie|82/100|[from] Sandstorm
|-heal|p1a: Starmie|88/100|[from] item: Leftovers
|upkeep
|turn|6
|
|switch|p2a: Jellicent|Jellicent, M|100/100
|move|p1a: Starmie|Rapid Spin|p2a: Jellicent
|-immune|p2a: Jellicent
|
|-weather|Sandstorm|[upkeep]
|-damage|p1a: Starmie|82/100|[from] Sandstorm
|-damage|p2a: Jellicent|94/100|[from] Sandstorm
|-heal|p1a: Starmie|88/100|[from] item: Leftovers
|-heal|p2a: Jellicent|100/100|[from] item: Leftovers
|upkeep
|turn|7
|c|☆irokei|niceeeee
|
|move|p1a: Starmie|Grass Knot|p2a: Jellicent
|-supereffective|p2a: Jellicent
|-damage|p2a: Jellicent|61/100
|move|p2a: Jellicent|Toxic|p1a: Starmie
|-status|p1a: Starmie|tox
|
|-weather|Sandstorm|[upkeep]
|-damage|p1a: Starmie|82/100 tox|[from] Sandstorm
|-damage|p2a: Jellicent|55/100|[from] Sandstorm
|-heal|p1a: Starmie|88/100 tox|[from] item: Leftovers
|-heal|p2a: Jellicent|61/100|[from] item: Leftovers
|-damage|p1a: Starmie|82/100 tox|[from] psn
|upkeep
|turn|8
|
|move|p1a: Starmie|Psyshock|p2a: Jellicent
|-crit|p2a: Jellicent
|-damage|p2a: Jellicent|11/100
|move|p2a: Jellicent|Recover|p2a: Jellicent
|-heal|p2a: Jellicent|61/100
|
|-weather|Sandstorm|[upkeep]
|-damage|p1a: Starmie|76/100 tox|[from] Sandstorm
|-damage|p2a: Jellicent|55/100|[from] Sandstorm
|-heal|p1a: Starmie|82/100 tox|[from] item: Leftovers
|-heal|p2a: Jellicent|61/100|[from] item: Leftovers
|-damage|p1a: Starmie|70/100 tox|[from] psn
|upkeep
|turn|9
|
|switch|p1a: Politoed|Politoed, F, shiny|100/100
|-damage|p1a: Politoed|88/100|[from] Stealth Rock
|-weather|RainDance|[from] ability: Drizzle|[of] p1a: Politoed
|move|p2a: Jellicent|Recover|p2a: Jellicent
|-heal|p2a: Jellicent|100/100
|
|-weather|RainDance|[upkeep]
|-heal|p1a: Politoed|94/100|[from] item: Leftovers
|upkeep
|turn|10
|
|switch|p2a: Reuniclus|Reuniclus, F, shiny|100/100
|move|p1a: Politoed|Toxic|p2a: Reuniclus
|-status|p2a: Reuniclus|tox
|
|-weather|RainDance|[upkeep]
|-heal|p1a: Politoed|99/100|[from] item: Leftovers
|upkeep
|turn|11
|
|switch|p1a: Scizor|Scizor, F|100/100
|-damage|p1a: Scizor|88/100|[from] Stealth Rock
|move|p2a: Reuniclus|Thunder|p1a: Scizor
|-damage|p1a: Scizor|50/100
|-status|p1a: Scizor|par
|
|-weather|RainDance|[upkeep]
|upkeep
|turn|12
|
|-activate|p2a: Reuniclus|move: Pursuit
|move|p1a: Scizor|Pursuit|p2a: Reuniclus|[from]Pursuit
|-supereffective|p2a: Reuniclus
|-damage|p2a: Reuniclus|36/100 tox
|switch|p2a: Forretress|Forretress, F, shiny|100/100
|
|-weather|RainDance|[upkeep]
|upkeep
|turn|13
|
|switch|p1a: Starmie|Starmie|70/100
|-damage|p1a: Starmie|57/100|[from] Stealth Rock
|move|p2a: Forretress|Spikes|p1a: Starmie
|-sidestart|p1: irokei|Spikes
|
|-weather|RainDance|[upkeep]
|-heal|p1a: Starmie|63/100|[from] item: Leftovers
|upkeep
|turn|14
|
|switch|p2a: Jellicent|Jellicent, M|100/100
|move|p1a: Starmie|Grass Knot|p2a: Jellicent
|-supereffective|p2a: Jellicent
|-damage|p2a: Jellicent|65/100
|
|-weather|RainDance|[upkeep]
|-heal|p1a: Starmie|70/100|[from] item: Leftovers
|-heal|p2a: Jellicent|71/100|[from] item: Leftovers
|upkeep
|turn|15
|
|move|p1a: Starmie|Grass Knot|p2a: Jellicent
|-supereffective|p2a: Jellicent
|-damage|p2a: Jellicent|36/100
|move|p2a: Jellicent|Recover|p2a: Jellicent
|-heal|p2a: Jellicent|86/100
|
|-weather|RainDance|[upkeep]
|-heal|p1a: Starmie|76/100|[from] item: Leftovers
|-heal|p2a: Jellicent|93/100|[from] item: Leftovers
|upkeep
|turn|16
|
|switch|p1a: Jirachi|Jirachi|100/100
|-damage|p1a: Jirachi|88/100|[from] Spikes
|-damage|p1a: Jirachi|82/100|[from] Stealth Rock
|move|p2a: Jellicent|Toxic|p1a: Jirachi
|-immune|p1a: Jirachi
|
|-weather|RainDance|[upkeep]
|-heal|p1a: Jirachi|88/100|[from] item: Leftovers
|-heal|p2a: Jellicent|99/100|[from] item: Leftovers
|upkeep
|turn|17
|
|switch|p2a: Forretress|Forretress, F, shiny|100/100
|move|p1a: Jirachi|Thunder|p2a: Forretress
|-crit|p2a: Forretress
|-damage|p2a: Forretress|23/100
|-status|p2a: Forretress|par
|
|-weather|RainDance|[upkeep]
|-heal|p1a: Jirachi|94/100|[from] item: Leftovers
|-heal|p2a: Forretress|30/100 par|[from] item: Leftovers
|upkeep
|turn|18
|
|switch|p2a: Tyranitar|Tyranitar, F|76/100
|-weather|Sandstorm|[from] ability: Sand Stream|[of] p2a: Tyranitar
|move|p1a: Jirachi|Thunder|p2a: Tyranitar
|-damage|p2a: Tyranitar|63/100
|-status|p2a: Tyranitar|par
|
|-weather|Sandstorm|[upkeep]
|-heal|p1a: Jirachi|100/100|[from] item: Leftovers
|upkeep
|turn|19
|
|move|p1a: Jirachi|Iron Head|p2a: Tyranitar
|-supereffective|p2a: Tyranitar
|-crit|p2a: Tyranitar
|-damage|p2a: Tyranitar|0 fnt
|faint|p2a: Tyranitar
|
|-weather|Sandstorm|[upkeep]
|upkeep
|
|switch|p2a: Breloom|Breloom, M|100/100
|turn|20
|
|move|p1a: Jirachi|U-turn|p2a: Breloom
|-damage|p2a: Breloom|79/100
|
|switch|p1a: Dragonite|Dragonite, F, shiny|100/100|[from]move: U-turn
|-damage|p1a: Dragonite|76/100|[from] Stealth Rock
|move|p2a: Breloom|Spore|p1a: Dragonite
|-status|p1a: Dragonite|slp|[from] move: Spore
|
|-weather|Sandstorm|[upkeep]
|-damage|p2a: Breloom|73/100|[from] Sandstorm
|-damage|p1a: Dragonite|69/100 slp|[from] Sandstorm
|-heal|p1a: Dragonite|76/100 slp|[from] item: Leftovers
|-status|p2a: Breloom|tox|[from] item: Toxic Orb
|upkeep
|turn|21
|
|switch|p1a: Politoed|Politoed, F, shiny|99/100
|-damage|p1a: Politoed|88/100|[from] Stealth Rock
|-damage|p1a: Politoed|76/100|[from] Spikes
|-weather|RainDance|[from] ability: Drizzle|[of] p1a: Politoed
|move|p2a: Breloom|Bulk Up|p2a: Breloom
|-boost|p2a: Breloom|atk|1
|-boost|p2a: Breloom|def|1
|
|-weather|RainDance|[upkeep]
|-heal|p1a: Politoed|82/100|[from] item: Leftovers
|-heal|p2a: Breloom|85/100 tox|[from] ability: Poison Heal
|upkeep
|turn|22
|
|switch|p1a: Jirachi|Jirachi|100/100
|-damage|p1a: Jirachi|94/100|[from] Stealth Rock
|-damage|p1a: Jirachi|82/100|[from] Spikes
|move|p2a: Breloom|Seed Bomb|p1a: Jirachi
|-resisted|p1a: Jirachi
|-damage|p1a: Jirachi|59/100
|
|-weather|RainDance|[upkeep]
|-heal|p1a: Jirachi|65/100|[from] item: Leftovers
|-heal|p2a: Breloom|98/100 tox|[from] ability: Poison Heal
|upkeep
|turn|23
|
|move|p1a: Jirachi|Iron Head|p2a: Breloom
|-damage|p2a: Breloom|76/100 tox
|cant|p2a: Breloom|flinch
|
|-weather|RainDance|[upkeep]
|-heal|p1a: Jirachi|71/100|[from] item: Leftovers
|-heal|p2a: Breloom|89/100 tox|[from] ability: Poison Heal
|upkeep
|turn|24
|
|move|p1a: Jirachi|Iron Head|p2a: Breloom
|-damage|p2a: Breloom|65/100 tox
|cant|p2a: Breloom|flinch
|
|-weather|RainDance|[upkeep]
|-heal|p1a: Jirachi|77/100|[from] item: Leftovers
|-heal|p2a: Breloom|78/100 tox|[from] ability: Poison Heal
|upkeep
|turn|25
|
|move|p1a: Jirachi|Iron Head|p2a: Breloom
|-damage|p2a: Breloom|54/100 tox
|cant|p2a: Breloom|flinch
|
|-weather|RainDance|[upkeep]
|-heal|p1a: Jirachi|83/100|[from] item: Leftovers
|-heal|p2a: Breloom|66/100 tox|[from] ability: Poison Heal
|upkeep
|turn|26
|
|move|p1a: Jirachi|Iron Head|p2a: Breloom
|-damage|p2a: Breloom|43/100 tox
|cant|p2a: Breloom|flinch
|
|-weather|RainDance|[upkeep]
|-heal|p1a: Jirachi|90/100|[from] item: Leftovers
|-heal|p2a: Breloom|56/100 tox|[from] ability: Poison Heal
|upkeep
|turn|27
|
|move|p1a: Jirachi|Iron Head|p2a: Breloom
|-damage|p2a: Breloom|32/100 tox
|move|p2a: Breloom|Drain Punch|p1a: Jirachi
|-damage|p1a: Jirachi|51/100
|-heal|p2a: Breloom|56/100 tox|[from] drain|[of] p1a: Jirachi
|
|-weather|RainDance|[upkeep]
|-heal|p1a: Jirachi|58/100|[from] item: Leftovers
|-heal|p2a: Breloom|69/100 tox|[from] ability: Poison Heal
|upkeep
|turn|28
|
|move|p1a: Jirachi|Wish|p1a: Jirachi
|move|p2a: Breloom|Bulk Up|p2a: Breloom
|-boost|p2a: Breloom|atk|1
|-boost|p2a: Breloom|def|1
|
|-weather|RainDance|[upkeep]
|-heal|p1a: Jirachi|64/100|[from] item: Leftovers
|-heal|p2a: Breloom|81/100 tox|[from] ability: Poison Heal
|upkeep
|turn|29
|
|switch|p1a: Dragonite|Dragonite, F, shiny|76/100 slp
|-damage|p1a: Dragonite|51/100 slp|[from] Stealth Rock
|move|p2a: Breloom|Drain Punch|p1a: Dragonite
|-resisted|p1a: Dragonite
|-damage|p1a: Dragonite|20/100 slp
|-heal|p2a: Breloom|99/100 tox|[from] drain|[of] p1a: Dragonite
|
|-weather|RainDance|[upkeep]
|-heal|p1a: Dragonite|73/100 slp|[from] move: Wish|[wisher] Jirachi
|-heal|p1a: Dragonite|79/100 slp|[from] item: Leftovers
|-heal|p2a: Breloom|100/100 tox|[from] ability: Poison Heal
|upkeep
|turn|30
|
|move|p2a: Breloom|Drain Punch|p1a: Dragonite
|-resisted|p1a: Dragonite
|-damage|p1a: Dragonite|46/100 slp
|cant|p1a: Dragonite|slp
|
|-weather|RainDance|[upkeep]
|-heal|p1a: Dragonite|53/100 slp|[from] item: Leftovers
|upkeep
|turn|31
|
|move|p2a: Breloom|Drain Punch|p1a: Dragonite
|-resisted|p1a: Dragonite
|-damage|p1a: Dragonite|22/100 slp
|cant|p1a: Dragonite|slp
|
|-weather|RainDance|[upkeep]
|-heal|p1a: Dragonite|28/100 slp|[from] item: Leftovers
|upkeep
|turn|32
|
|move|p2a: Breloom|Drain Punch|p1a: Dragonite
|-resisted|p1a: Dragonite
|-damage|p1a: Dragonite|0 fnt
|faint|p1a: Dragonite
|
|-weather|RainDance|[upkeep]
|upkeep
|c|☆irokei|agh
|
|switch|p1a: Starmie|Starmie|76/100
|-damage|p1a: Starmie|63/100|[from] Stealth Rock
|-damage|p1a: Starmie|51/100|[from] Spikes
|turn|33
|
|switch|p2a: Jellicent|Jellicent, M|99/100
|move|p1a: Starmie|Psyshock|p2a: Jellicent
|-damage|p2a: Jellicent|75/100
|
|-weather|RainDance|[upkeep]
|-heal|p1a: Starmie|57/100|[from] item: Leftovers
|-heal|p2a: Jellicent|81/100|[from] item: Leftovers
|upkeep
|turn|34
|
|move|p1a: Starmie|Grass Knot|p2a: Jellicent
|-supereffective|p2a: Jellicent
|-damage|p2a: Jellicent|45/100
|move|p2a: Jellicent|Scald|p1a: Starmie
|-resisted|p1a: Starmie
|-damage|p1a: Starmie|35/100
|
|-weather|RainDance|[upkeep]
|-heal|p1a: Starmie|41/100|[from] item: Leftovers
|-heal|p2a: Jellicent|52/100|[from] item: Leftovers
|upkeep
|turn|35
|
|switch|p1a: Jirachi|Jirachi|64/100
|-damage|p1a: Jirachi|58/100|[from] Stealth Rock
|-damage|p1a: Jirachi|45/100|[from] Spikes
|move|p2a: Jellicent|Recover|p2a: Jellicent
|-heal|p2a: Jellicent|100/100
|
|-weather|RainDance|[upkeep]
|-heal|p1a: Jirachi|51/100|[from] item: Leftovers
|upkeep
|turn|36
|
|move|p1a: Jirachi|Wish|p1a: Jirachi
|move|p2a: Jellicent|Scald|p1a: Jirachi
|-damage|p1a: Jirachi|30/100
|
|-weather|RainDance|[upkeep]
|-heal|p1a: Jirachi|36/100|[from] item: Leftovers
|upkeep
|turn|37
|
|move|p1a: Jirachi|Thunder|p2a: Jellicent
|-supereffective|p2a: Jellicent
|-damage|p2a: Jellicent|57/100
|-status|p2a: Jellicent|par
|move|p2a: Jellicent|Scald|p1a: Jirachi
|-damage|p1a: Jirachi|14/100
|-status|p1a: Jirachi|brn
|
|-weather|RainDance|[upkeep]
|-heal|p1a: Jirachi|64/100 brn|[from] move: Wish|[wisher] Jirachi
|-heal|p1a: Jirachi|70/100 brn|[from] item: Leftovers
|-heal|p2a: Jellicent|64/100 par|[from] item: Leftovers
|-damage|p1a: Jirachi|58/100 brn|[from] brn
|upkeep
|turn|38
|
|switch|p2a: Breloom|Breloom, M|100/100 tox
|move|p1a: Jirachi|Thunder|p2a: Breloom
|-resisted|p2a: Breloom
|-damage|p2a: Breloom|87/100 tox
|
|-weather|RainDance|[upkeep]
|-heal|p1a: Jirachi|64/100 brn|[from] item: Leftovers
|-damage|p1a: Jirachi|52/100 brn|[from] brn
|-heal|p2a: Breloom|99/100 tox|[from] ability: Poison Heal
|upkeep
|turn|39
|
|move|p1a: Jirachi|U-turn|p2a: Breloom
|-damage|p2a: Breloom|89/100 tox
|
|switch|p1a: Scizor|Scizor, F|50/100 par|[from]move: U-turn
|-damage|p1a: Scizor|38/100 par|[from] Spikes
|-damage|p1a: Scizor|26/100 par|[from] Stealth Rock
|move|p2a: Breloom|Seed Bomb|p1a: Scizor
|-resisted|p1a: Scizor
|-crit|p1a: Scizor
|-damage|p1a: Scizor|7/100 par
|
|-weather|RainDance|[upkeep]
|-heal|p2a: Breloom|100/100 tox|[from] ability: Poison Heal
|upkeep
|turn|40
|
|switch|p2a: Forretress|Forretress, F, shiny|30/100 par
|move|p1a: Scizor|Bullet Punch|p2a: Forretress
|-resisted|p2a: Forretress
|-damage|p2a: Forretress|15/100 par
|
|-weather|RainDance|[upkeep]
|-heal|p2a: Forretress|21/100 par|[from] item: Leftovers
|upkeep
|turn|41
|
|move|p1a: Scizor|Bullet Punch|p2a: Forretress
|-resisted|p2a: Forretress
|-damage|p2a: Forretress|7/100 par
|move|p2a: Forretress|Spikes|p1a: Scizor
|-sidestart|p1: irokei|Spikes
|
|-weather|RainDance|[upkeep]
|-heal|p2a: Forretress|13/100 par|[from] item: Leftovers
|upkeep
|turn|42
|
|move|p1a: Scizor|Bullet Punch|p2a: Forretress
|-resisted|p2a: Forretress
|-damage|p2a: Forretress|0 fnt
|faint|p2a: Forretress
|
|-weather|RainDance|[upkeep]
|upkeep
|
|switch|p2a: Landorus|Landorus-Therian, M, shiny|61/100
|-ability|p2a: Landorus|Intimidate|boost
|-unboost|p1a: Scizor|atk|1
|turn|43
|
|move|p1a: Scizor|Bullet Punch|p2a: Landorus
|-damage|p2a: Landorus|21/100
|move|p2a: Landorus|Earthquake|p1a: Scizor
|-damage|p1a: Scizor|0 fnt
|faint|p1a: Scizor
|
|-weather|RainDance|[upkeep]
|upkeep
|
|switch|p1a: Starmie|Starmie|41/100
|-damage|p1a: Starmie|25/100|[from] Spikes
|-damage|p1a: Starmie|12/100|[from] Stealth Rock
|turn|44
|
|move|p2a: Landorus|Earthquake|p1a: Starmie
|-damage|p1a: Starmie|0 fnt
|faint|p1a: Starmie
|
|-weather|RainDance|[upkeep]
|upkeep
|c|☆irokei|scarf lando is the bane of my existence
|
|switch|p1a: Politoed|Politoed, F, shiny|82/100
|-damage|p1a: Politoed|65/100|[from] Spikes
|-damage|p1a: Politoed|53/100|[from] Stealth Rock
|turn|45
|
|switch|p2a: Jellicent|Jellicent, M|64/100 par
|move|p1a: Politoed|Perish Song|p1a: Politoed
|-start|p1a: Politoed|perish3|[silent]
|-start|p2a: Jellicent|perish3|[silent]
|-fieldactivate|move: Perish Song
|
|-weather|RainDance|[upkeep]
|-heal|p1a: Politoed|59/100|[from] item: Leftovers
|-heal|p2a: Jellicent|70/100 par|[from] item: Leftovers
|-start|p1a: Politoed|perish3
|-start|p2a: Jellicent|perish3
|upkeep
|turn|46
|
|switch|p1a: Jirachi|Jirachi|52/100 brn
|-damage|p1a: Jirachi|46/100 brn|[from] Stealth Rock
|-damage|p1a: Jirachi|29/100 brn|[from] Spikes
|switch|p2a: Breloom|Breloom, M|100/100 tox
|
|-weather|RainDance|[upkeep]
|-heal|p1a: Jirachi|35/100 brn|[from] item: Leftovers
|-damage|p1a: Jirachi|23/100 brn|[from] brn
|upkeep
|turn|47
|
|switch|p2a: Landorus|Landorus-Therian, M, shiny|21/100
|-ability|p2a: Landorus|Intimidate|boost
|-unboost|p1a: Jirachi|atk|1
|move|p1a: Jirachi|Wish|p1a: Jirachi
|
|-weather|RainDance|[upkeep]
|-heal|p1a: Jirachi|29/100 brn|[from] item: Leftovers
|-damage|p1a: Jirachi|17/100 brn|[from] brn
|upkeep
|turn|48
|c|☆irokei|omfggggg
|c|☆PlayForDreams|???
|c|☆irokei|im thinking of lando counters
|c|☆irokei|scarf lando counters
|c|☆irokei|for my team lol
|j| yolodwag
|c|☆PlayForDreams|is your problem
|
|move|p2a: Landorus|Earthquake|p1a: Jirachi
|-supereffective|p1a: Jirachi
|-damage|p1a: Jirachi|0 fnt
|faint|p1a: Jirachi
|
|-weather|RainDance|[upkeep]
|upkeep
|
|switch|p1a: Politoed|Politoed, F, shiny|59/100
|-damage|p1a: Politoed|47/100|[from] Stealth Rock
|-damage|p1a: Politoed|30/100|[from] Spikes
|turn|49
|
|move|p2a: Landorus|Earthquake|p1a: Politoed
|-damage|p1a: Politoed|0 fnt
|faint|p1a: Politoed
|
|-weather|RainDance|[upkeep]
|upkeep
|
|switch|p1a: Volcarona|Volcarona, F|100/100
|-damage|p1a: Volcarona|84/100|[from] Spikes
|-damage|p1a: Volcarona|34/100|[from] Stealth Rock
|turn|50
|c|☆irokei|gg
|
|move|p2a: Landorus|Earthquake|p1a: Volcarona
|-damage|p1a: Volcarona|0 fnt
|faint|p1a: Volcarona
|
|win|PlayForDreams
|c|☆PlayForDreams|gg
|l| yolodwag
|raw|irokei's rating: 1330 &rarr; <strong>1308</strong><br />(-22 for losing)
|raw|PlayForDreams's rating: 1302 &rarr; <strong>1324</strong><br />(+22 for winning)
