|j|☆bad big bratt
|j|☆Cotvae
|player|p1|bad big bratt|237
|player|p2|Cotvae|30
|teamsize|p1|6
|teamsize|p2|6
|gametype|singles
|gen|5
|tier|[Gen 5] OU
|rated|
|rule|Sleep Clause Mod: Limit one foe put to sleep
|rule|Species Clause: Limit one of each Pokémon
|rule|OHKO Clause: OHKO moves are banned
|rule|Moody Clause: Moody is banned
|rule|Evasion Moves Clause: Evasion moves are banned
|rule|Endless Battle Clause: Forcing endless battles is banned
|rule|HP Percentage Mod: HP is shown in percentages
|rule|Evasion Abilities Clause: Evasion abilities are banned
|rule|Baton Pass Clause: Limit one Baton Passer, can't pass Spe and other stats simultaneously
|rule|Swagger Clause: Swagger is banned
|clearpoke
|poke|p1|Tyranitar, M|item
|poke|p1|Rotom-Wash|item
|poke|p1|Ferrothorn, M|item
|poke|p1|Garchomp, M|item
|poke|p1|Latios, M|item
|poke|p1|Lucario, F|item
|poke|p2|Keldeo|item
|poke|p2|Jirachi|item
|poke|p2|Landorus-Therian, M|item
|poke|p2|Latios, M|item
|poke|p2|Tyranitar, M|item
|poke|p2|Breloom, F|item
|teampreview
|inactive|Battle timer is ON: inactive players will automatically lose when time's up. (requested by bad big bratt)
|
|start
|switch|p1a: Garchomp|Garchomp, M|100/100
|switch|p2a: Jirachi|Jirachi|100/100
|turn|1
|
|move|p1a: Garchomp|Earthquake|p2a: Jirachi
|-supereffective|p2a: Jirachi
|-enditem|p2a: Jirachi|Shuca Berry|[eat]
|-enditem|p2a: Jirachi|Shuca Berry|[weaken]
|-damage|p2a: Jirachi|50/100
|-damage|p1a: Garchomp|91/100|[from] item: Life Orb
|move|p2a: Jirachi|Icy Wind|p1a: Garchomp
|-supereffective|p1a: Garchomp
|-crit|p1a: Garchomp
|-damage|p1a: Garchomp|0 fnt
|faint|p1a: Garchomp
|
|upkeep
|c|☆bad big bratt|of course
|c|☆bad big bratt|bads and their luck
|
|switch|p1a: Lucario|Lucario, F|100/100
|turn|2
|c|☆Cotvae|Yes but no over
|
|move|p2a: Jirachi|Hidden Power|p1a: Lucario
|-supereffective|p1a: Lucario
|-damage|p1a: Lucario|38/100
|move|p1a: Lucario|Close Combat|p2a: Jirachi
|-damage|p2a: Jirachi|0 fnt
|-unboost|p1a: Lucario|def|1
|-unboost|p1a: Lucario|spd|1
|-damage|p1a: Lucario|28/100|[from] item: Life Orb
|faint|p2a: Jirachi
|
|upkeep
|c|☆bad big bratt|?
|
|switch|p2a: Keldeo|Keldeo|100/100
|turn|3
|
|switch|p1a: Rotom|Rotom-Wash|100/100
|move|p2a: Keldeo|Secret Sword|p1a: Rotom
|-damage|p1a: Rotom|53/100
|
|-heal|p1a: Rotom|59/100|[from] item: Leftovers
|upkeep
|turn|4
|
|switch|p2a: Tyranitar|Tyranitar, M|100/100
|-weather|Sandstorm|[from] ability: Sand Stream|[of] p2a: Tyranitar
|switch|p1a: Latios|Latios, M|100/100
|
|-weather|Sandstorm|[upkeep]
|-damage|p1a: Latios|95/100|[from] Sandstorm
|upkeep
|turn|5
|
|move|p1a: Latios|Surf|p2a: Tyranitar
|-supereffective|p2a: Tyranitar
|-damage|p2a: Tyranitar|48/100
|move|p2a: Tyranitar|Pursuit|p1a: Latios
|-supereffective|p1a: Latios
|-damage|p1a: Latios|4/100
|
|-weather|Sandstorm|[upkeep]
|-damage|p1a: Latios|0 fnt|[from] Sandstorm
|upkeep
|faint|p1a: Latios
|
|switch|p1a: Lucario|Lucario, F|28/100
|turn|6
|
|move|p1a: Lucario|Close Combat|p2a: Tyranitar
|-supereffective|p2a: Tyranitar
|-damage|p2a: Tyranitar|0 fnt
|-unboost|p1a: Lucario|def|1
|-unboost|p1a: Lucario|spd|1
|-damage|p1a: Lucario|18/100|[from] item: Life Orb
|faint|p2a: Tyranitar
|
|-weather|Sandstorm|[upkeep]
|upkeep
|
|switch|p2a: Keldeo|Keldeo|100/100
|turn|7
|
|move|p1a: Lucario|Extreme Speed|p2a: Keldeo
|-damage|p2a: Keldeo|56/100
|-damage|p1a: Lucario|8/100|[from] item: Life Orb
|move|p2a: Keldeo|Secret Sword|p1a: Lucario
|-supereffective|p1a: Lucario
|-damage|p1a: Lucario|0 fnt
|faint|p1a: Lucario
|
|-weather|Sandstorm|[upkeep]
|-damage|p2a: Keldeo|50/100|[from] Sandstorm
|upkeep
|c|☆Cotvae|It's over I think
|c|☆bad big bratt|cause youre terrible yeah
|c|☆bad big bratt|but ive promised myself i wouldnt diss virgins anymore
|
|switch|p1a: Rotom|Rotom-Wash|59/100
|turn|8
|c|☆Cotvae|You have do many breloom weaknesses
|
|move|p2a: Keldeo|Hidden Power|p1a: Rotom
|-supereffective|p1a: Rotom
|-damage|p1a: Rotom|0 fnt
|faint|p1a: Rotom
|
|-weather|Sandstorm|[upkeep]
|-damage|p2a: Keldeo|44/100|[from] Sandstorm
|upkeep
|c|☆bad big bratt|got chomp and lati to kill it
|c|☆bad big bratt|youre a terrible player lmao
|c|☆Cotvae|And keldeo
|c|☆bad big bratt|foh with that ass advice
|c|☆bad big bratt|keld aint an issue
|
|switch|p1a: Ferrothorn|Ferrothorn, M|100/100
|turn|9
|c|☆Cotvae|But easy win
|
|move|p2a: Keldeo|Secret Sword|p1a: Ferrothorn
|-supereffective|p1a: Ferrothorn
|-damage|p1a: Ferrothorn|32/100
|move|p1a: Ferrothorn|Power Whip|p2a: Keldeo
|-supereffective|p2a: Keldeo
|-damage|p2a: Keldeo|0 fnt
|faint|p2a: Keldeo
|
|-weather|Sandstorm|[upkeep]
|-heal|p1a: Ferrothorn|39/100|[from] item: Leftovers
|upkeep
|
|switch|p2a: Breloom|Breloom, F|100/100
|turn|10
|c|☆bad big bratt|you cant get laid tho
|c|☆bad big bratt|so dont brag
|c|☆bad big bratt|ugly ass
|
|move|p2a: Breloom|Mach Punch|p1a: Ferrothorn
|-enditem|p2a: Breloom|Fighting Gem|[from] gem|[move] Mach Punch
|-supereffective|p1a: Ferrothorn
|-damage|p1a: Ferrothorn|0 fnt
|-damage|p2a: Breloom|88/100|[from] ability: Iron Barbs|[of] p1a: Ferrothorn
|faint|p1a: Ferrothorn
|
|-weather|Sandstorm|[upkeep]
|-damage|p2a: Breloom|82/100|[from] Sandstorm
|upkeep
|
|switch|p1a: Tyranitar|Tyranitar, M|100/100
|turn|11
|
|move|p2a: Breloom|Mach Punch|p1a: Tyranitar
|-supereffective|p1a: Tyranitar
|-damage|p1a: Tyranitar|0 fnt
|faint|p1a: Tyranitar
|
|win|Cotvae
|raw|bad big bratt's rating: 1513 &rarr; <strong>1484</strong><br />(-29 for losing)
|raw|Cotvae's rating: 1345 &rarr; <strong>1374</strong><br />(+29 for winning)
|c|☆bad big bratt|bg and get laid
|l|☆bad big bratt
|c|☆Cotvae|Gg
