|j|☆BW LORDD MOONMAN
|j|☆leoperi99
|t:|1707504897
|gametype|singles
|player|p1|BW LORDD MOONMAN|lucas|1619
|player|p2|leoperi99|hexmaniac-gen3jp|1506
|teamsize|p1|6
|teamsize|p2|6
|gen|5
|tier|[Gen 5] OU
|rated|
|rule|Species Clause: Limit one of each Pokémon
|rule|OHKO Clause: OHKO moves are banned
|rule|Moody Clause: Moody is banned
|rule|Evasion Items Clause: Evasion items are banned
|rule|Evasion Moves Clause: Evasion moves are banned
|rule|Endless Battle Clause: Forcing endless battles is banned
|rule|HP Percentage Mod: HP is shown in percentages
|rule|Evasion Abilities Clause: Evasion abilities are banned
|rule|Sleep Moves Clause: Sleep-inducing moves are banned
|rule|Swagger Clause: Swagger is banned
|rule|Baton Pass Stat Clause: No Baton Passer may have a way to boost its stats
|clearpoke
|poke|p1|Starmie|item
|poke|p1|Dragonite, M|item
|poke|p1|Latios, M|item
|poke|p1|Scizor, F|item
|poke|p1|Breloom, M|item
|poke|p1|Garchomp, F|item
|poke|p2|Zapdos|item
|poke|p2|Tyranitar, F|item
|poke|p2|Excadrill, M|item
|poke|p2|Latios, M|item
|poke|p2|Garchomp, M|item
|poke|p2|Slowbro, M|item
|teampreview
|inactive|Battle timer is ON: inactive players will automatically lose when time's up. (requested by leoperi99)
|
|t:|1707504948
|start
|switch|p1a: Garchomp|Garchomp, F|100/100
|switch|p2a: Zapdos|Zapdos, shiny|100/100
|-ability|p2a: Zapdos|Pressure
|turn|1
|j| type twice
|
|t:|1707504954
|move|p2a: Zapdos|Hidden Power|p1a: Garchomp
|-supereffective|p1a: Garchomp
|-damage|p1a: Garchomp|0 fnt
|faint|p1a: Garchomp
|
|upkeep
|c|☆leoperi99|huh
|
|t:|1707504964
|switch|p1a: Latios|Latios, M|100/100
|turn|2
|
|t:|1707504967
|switch|p2a: Tyranitar|Tyranitar, F, shiny|100/100
|-weather|Sandstorm|[from] ability: Sand Stream|[of] p2a: Tyranitar
|move|p1a: Latios|Calm Mind|p1a: Latios
|-boost|p1a: Latios|spa|1
|-boost|p1a: Latios|spd|1
|
|-weather|Sandstorm|[upkeep]
|-damage|p1a: Latios|95/100|[from] Sandstorm
|upkeep
|turn|3
|
|t:|1707504969
|move|p1a: Latios|Draco Meteor|p2a: Tyranitar
|-damage|p2a: Tyranitar|55/100
|-unboost|p1a: Latios|spa|2
|move|p2a: Tyranitar|Crunch|p1a: Latios
|-supereffective|p1a: Latios
|-damage|p1a: Latios|0 fnt
|faint|p1a: Latios
|
|-weather|Sandstorm|[upkeep]
|upkeep
|
|t:|1707504973
|switch|p1a: Breloom|Breloom, M|100/100
|turn|4
|
|t:|1707504982
|switch|p2a: Latios|Latios, M, shiny|100/100
|move|p1a: Breloom|Low Sweep|p2a: Latios
|-resisted|p2a: Latios
|-damage|p2a: Latios|48/100
|-unboost|p2a: Latios|spe|1
|
|-weather|Sandstorm|[upkeep]
|-damage|p1a: Breloom|94/100|[from] Sandstorm
|-damage|p2a: Latios|42/100|[from] Sandstorm
|upkeep
|turn|5
|
|t:|1707505006
|switch|p1a: Scizor|Scizor, F|100/100
|switch|p2a: Zapdos|Zapdos, shiny|100/100
|-ability|p2a: Zapdos|Pressure
|
|-weather|Sandstorm|[upkeep]
|-damage|p2a: Zapdos|94/100|[from] Sandstorm
|-heal|p2a: Zapdos|100/100|[from] item: Leftovers
|upkeep
|turn|6
|
|t:|1707505013
|switch|p1a: Starmie|Starmie|100/100
|move|p2a: Zapdos|Heat Wave|p1a: Starmie
|-resisted|p1a: Starmie
|-damage|p1a: Starmie|79/100
|-status|p1a: Starmie|brn
|
|-weather|Sandstorm|[upkeep]
|-damage|p1a: Starmie|73/100 brn|[from] Sandstorm
|-damage|p2a: Zapdos|94/100|[from] Sandstorm
|-heal|p2a: Zapdos|100/100|[from] item: Leftovers
|-damage|p1a: Starmie|60/100 brn|[from] brn
|upkeep
|turn|7
|c|☆BW LORDD MOONMAN|lucky and bad
|c|☆leoperi99|oh yea sure
|c|☆leoperi99|and when ur dnite fire punch my skarm and got burn
|inactive|leoperi99 has 120 seconds left.
|
|t:|1707505048
|switch|p2a: Tyranitar|Tyranitar, F, shiny|55/100
|move|p1a: Starmie|Thunder Wave|p2a: Tyranitar
|-status|p2a: Tyranitar|par
|
|-weather|Sandstorm|[upkeep]
|-damage|p1a: Starmie|54/100 brn|[from] Sandstorm
|-damage|p1a: Starmie|42/100 brn|[from] brn
|upkeep
|turn|8
|
|t:|1707505056
|-curestatus|p1a: Starmie|brn|[from] ability: Natural Cure
|switch|p1a: Breloom|Breloom, M|94/100
|move|p2a: Tyranitar|Stealth Rock|p1a: Breloom
|-sidestart|p1: BW LORDD MOONMAN|move: Stealth Rock
|
|-weather|Sandstorm|[upkeep]
|-damage|p1a: Breloom|88/100|[from] Sandstorm
|upkeep
|turn|9
|
|t:|1707505060
|move|p1a: Breloom|Low Sweep|p2a: Tyranitar
|-supereffective|p2a: Tyranitar
|-enditem|p2a: Tyranitar|Chople Berry|[eat]
|-enditem|p2a: Tyranitar|Chople Berry|[weaken]
|-damage|p2a: Tyranitar|0 fnt
|faint|p2a: Tyranitar
|
|-weather|Sandstorm|[upkeep]
|-damage|p1a: Breloom|82/100|[from] Sandstorm
|upkeep
|
|t:|1707505071
|switch|p2a: Latios|Latios, M, shiny|42/100
|turn|10
|inactive|BW LORDD MOONMAN has 120 seconds left.
|
|t:|1707505120
|move|p2a: Latios|Draco Meteor|p1a: Breloom
|-damage|p1a: Breloom|0 fnt
|-unboost|p2a: Latios|spa|2
|faint|p1a: Breloom
|
|-weather|Sandstorm|[upkeep]
|-damage|p2a: Latios|36/100|[from] Sandstorm
|upkeep
|
|t:|1707505122
|switch|p1a: Starmie|Starmie|42/100
|-damage|p1a: Starmie|30/100|[from] Stealth Rock
|turn|11
|
|t:|1707505132
|move|p1a: Starmie|Rapid Spin|p2a: Latios
|-damage|p2a: Latios|32/100
|-sideend|p1: BW LORDD MOONMAN|Stealth Rock|[from] move: Rapid Spin|[of] p1a: Starmie
|move|p2a: Latios|Draco Meteor|p1a: Starmie
|-damage|p1a: Starmie|0 fnt
|-unboost|p2a: Latios|spa|2
|faint|p1a: Starmie
|
|-weather|Sandstorm|[upkeep]
|-damage|p2a: Latios|26/100|[from] Sandstorm
|upkeep
|inactive|BW LORDD MOONMAN has 120 seconds left.
|
|t:|1707505166
|switch|p1a: Scizor|Scizor, F|100/100
|turn|12
|
|t:|1707505169
|move|p2a: Latios|Draco Meteor|p1a: Scizor
|-resisted|p1a: Scizor
|-damage|p1a: Scizor|80/100
|-unboost|p2a: Latios|spa|2
|move|p1a: Scizor|Swords Dance|p1a: Scizor
|-boost|p1a: Scizor|atk|2
|
|-weather|Sandstorm|[upkeep]
|-damage|p2a: Latios|20/100|[from] Sandstorm
|upkeep
|turn|13
|
|t:|1707505172
|switch|p2a: Zapdos|Zapdos, shiny|100/100
|-ability|p2a: Zapdos|Pressure
|move|p1a: Scizor|Swords Dance|p1a: Scizor
|-boost|p1a: Scizor|atk|2
|
|-weather|Sandstorm|[upkeep]
|-damage|p2a: Zapdos|94/100|[from] Sandstorm
|-heal|p2a: Zapdos|100/100|[from] item: Leftovers
|upkeep
|turn|14
|
|t:|1707505174
|move|p1a: Scizor|Quick Attack|p2a: Zapdos
|-damage|p2a: Zapdos|0 fnt
|faint|p2a: Zapdos
|-damage|p1a: Scizor|70/100|[from] item: Life Orb
|
|-weather|Sandstorm|[upkeep]
|upkeep
|
|t:|1707505178
|switch|p2a: Excadrill|Excadrill, M, shiny|100/100
|turn|15
|
|t:|1707505181
|move|p1a: Scizor|Bullet Punch|p2a: Excadrill
|-resisted|p2a: Excadrill
|-crit|p2a: Excadrill
|-damage|p2a: Excadrill|0 fnt
|faint|p2a: Excadrill
|-damage|p1a: Scizor|60/100|[from] item: Life Orb
|
|-weather|Sandstorm|[upkeep]
|upkeep
|
|t:|1707505184
|switch|p2a: Garchomp|Garchomp, M, shiny|100/100
|turn|16
|c|☆BW LORDD MOONMAN|HAHAHAH
|
|t:|1707505186
|move|p1a: Scizor|Bullet Punch|p2a: Garchomp
|-damage|p2a: Garchomp|0 fnt
|-damage|p1a: Scizor|47/100|[from] ability: Rough Skin|[of] p2a: Garchomp
|faint|p2a: Garchomp
|-damage|p1a: Scizor|37/100|[from] item: Life Orb
|
|-weather|Sandstorm|[upkeep]
|upkeep
|
|t:|1707505188
|switch|p2a: Slowbro|Slowbro, M, shiny|100/100
|turn|17
|
|t:|1707505189
|move|p1a: Scizor|Pursuit|p2a: Slowbro
|-supereffective|p2a: Slowbro
|-damage|p2a: Slowbro|4/100
|-damage|p1a: Scizor|21/100|[from] item: Rocky Helmet|[of] p2a: Slowbro
|-damage|p1a: Scizor|11/100|[from] item: Life Orb
|move|p2a: Slowbro|Scald|p1a: Scizor
|-damage|p1a: Scizor|0 fnt
|faint|p1a: Scizor
|
|-weather|Sandstorm|[upkeep]
|-damage|p2a: Slowbro|0 fnt|[from] Sandstorm
|faint|p2a: Slowbro
|upkeep
|
|t:|1707505192
|switch|p1a: Dragonite|Dragonite, M|100/100
|switch|p2a: Latios|Latios, M, shiny|20/100
|turn|18
|
|t:|1707505193
|move|p1a: Dragonite|Extreme Speed|p2a: Latios
|-damage|p2a: Latios|0 fnt
|faint|p2a: Latios
|
|win|BW LORDD MOONMAN
|raw|BW LORDD MOONMAN's rating: 1619 &rarr; <strong>1633</strong><br />(+14 for winning)
|raw|leoperi99's rating: 1506 &rarr; <strong>1492</strong><br />(-14 for losing)
|c|☆leoperi99|gg
