|j|☆bad big bratt
|j|☆unpersons
|player|p1|bad big bratt|172
|player|p2|unpersons|123
|teamsize|p1|6
|teamsize|p2|6
|gametype|singles
|gen|5
|tier|[Gen 5] OU
|rated|
|rule|Sleep Clause Mod: Limit one foe put to sleep
|rule|Species Clause: Limit one of each Pokémon
|rule|OHKO Clause: OHKO moves are banned
|rule|Moody Clause: Moody is banned
|rule|Evasion Moves Clause: Evasion moves are banned
|rule|Endless Battle Clause: Forcing endless battles is banned
|rule|HP Percentage Mod: HP is shown in percentages
|rule|Evasion Abilities Clause: Evasion abilities are banned
|rule|Baton Pass Clause: Limit one Baton Passer, can't pass Spe and other stats simultaneously
|rule|Swagger Clause: Swagger is banned
|clearpoke
|poke|p1|Garchomp, F|item
|poke|p1|Latios, M|item
|poke|p1|Kyurem-Black|item
|poke|p1|Magnezone|item
|poke|p1|Jirachi|item
|poke|p1|Dragonite, M|item
|poke|p2|Blissey, F|item
|poke|p2|Abomasnow, M|item
|poke|p2|Forretress, M|item
|poke|p2|Landorus-Therian, M|item
|poke|p2|Weavile, M|item
|poke|p2|Gothitelle, M|item
|teampreview
|inactive|Battle timer is ON: inactive players will automatically lose when time's up. (requested by bad big bratt)
|
|start
|switch|p1a: Latios|Latios, M|100/100
|switch|p2a: MISTER DOYLE|Gothitelle, M|100/100
|turn|1
|c|☆unpersons|gl hf
|c|☆bad big bratt|you too
|
|switch|p2a: SPECK|Blissey, F|100/100
|move|p1a: Latios|Draco Meteor|p2a: SPECK
|-damage|p2a: SPECK|64/100
|-unboost|p1a: Latios|spa|2
|
|-heal|p2a: SPECK|70/100|[from] item: Leftovers
|upkeep
|turn|2
|
|switch|p1a: Jirachi|Jirachi|100/100
|move|p2a: SPECK|Seismic Toss|p1a: Jirachi
|-damage|p1a: Jirachi|71/100
|
|-heal|p2a: SPECK|76/100|[from] item: Leftovers
|upkeep
|turn|3
|
|switch|p2a: MISTER DOYLE|Gothitelle, M|100/100
|move|p1a: Jirachi|Stealth Rock|p2a: MISTER DOYLE
|-sidestart|p2: unpersons|move: Stealth Rock
|
|upkeep
|turn|4
|
|move|p2a: MISTER DOYLE|Hidden Power|p1a: Jirachi
|-supereffective|p1a: Jirachi
|-damage|p1a: Jirachi|29/100
|move|p1a: Jirachi|Energy Ball|p2a: MISTER DOYLE
|-damage|p2a: MISTER DOYLE|73/100
|-unboost|p2a: MISTER DOYLE|spd|1
|
|upkeep
|turn|5
|
|move|p2a: MISTER DOYLE|Hidden Power|p1a: Jirachi
|-supereffective|p1a: Jirachi
|-crit|p1a: Jirachi
|-damage|p1a: Jirachi|0 fnt
|faint|p1a: Jirachi
|
|upkeep
|
|switch|p1a: Dragonite|Dragonite, M|100/100
|turn|6
|
|switch|p2a: KAIOH DORIAN|Abomasnow, M|100/100
|-damage|p2a: KAIOH DORIAN|76/100|[from] Stealth Rock
|-weather|Hail|[from] ability: Snow Warning|[of] p2a: KAIOH DORIAN
|move|p1a: Dragonite|Dragon Dance|p1a: Dragonite
|-boost|p1a: Dragonite|atk|1
|-boost|p1a: Dragonite|spe|1
|
|-weather|Hail|[upkeep]
|-damage|p1a: Dragonite|94/100|[from] Hail
|-heal|p2a: KAIOH DORIAN|82/100|[from] item: Leftovers
|upkeep
|turn|7
|
|move|p2a: KAIOH DORIAN|Ice Shard|p1a: Dragonite
|-supereffective|p1a: Dragonite
|-damage|p1a: Dragonite|8/100
|move|p1a: Dragonite|Fire Punch|p2a: KAIOH DORIAN
|-supereffective|p2a: KAIOH DORIAN
|-damage|p2a: KAIOH DORIAN|0 fnt
|faint|p2a: KAIOH DORIAN
|
|-weather|Hail|[upkeep]
|-damage|p1a: Dragonite|1/100|[from] Hail
|upkeep
|
|switch|p2a: MISTER DOYLE|Gothitelle, M|73/100
|-damage|p2a: MISTER DOYLE|60/100|[from] Stealth Rock
|turn|8
|
|move|p1a: Dragonite|Fire Punch|p2a: MISTER DOYLE
|-damage|p2a: MISTER DOYLE|7/100
|move|p2a: MISTER DOYLE|Psyshock|p1a: Dragonite
|-crit|p1a: Dragonite
|-damage|p1a: Dragonite|0 fnt
|faint|p1a: Dragonite
|
|-weather|Hail|[upkeep]
|-damage|p2a: MISTER DOYLE|1/100|[from] Hail
|upkeep
|inactive|bad big bratt has 120 seconds left.
|
|switch|p1a: Magnezone|Magnezone|100/100
|turn|9
|
|move|p2a: MISTER DOYLE|Psyshock|p1a: Magnezone
|-resisted|p1a: Magnezone
|-damage|p1a: Magnezone|81/100
|move|p1a: Magnezone|Substitute|p1a: Magnezone
|-start|p1a: Magnezone|Substitute
|-damage|p1a: Magnezone|56/100
|
|-weather|Hail|[upkeep]
|-damage|p2a: MISTER DOYLE|0 fnt|[from] Hail
|-damage|p1a: Magnezone|50/100|[from] Hail
|upkeep
|faint|p2a: MISTER DOYLE
|
|switch|p2a: SPECK|Blissey, F|76/100
|-damage|p2a: SPECK|63/100|[from] Stealth Rock
|turn|10
|
|move|p1a: Magnezone|Flash Cannon|p2a: SPECK
|-damage|p2a: SPECK|48/100
|move|p2a: SPECK|Soft-Boiled|p2a: SPECK
|-heal|p2a: SPECK|98/100
|
|-weather|Hail|[upkeep]
|-damage|p1a: Magnezone|44/100|[from] Hail
|-damage|p2a: SPECK|92/100|[from] Hail
|-heal|p2a: SPECK|98/100|[from] item: Leftovers
|upkeep
|turn|11
|
|move|p1a: Magnezone|Flash Cannon|p2a: SPECK
|-damage|p2a: SPECK|85/100
|move|p2a: SPECK|Seismic Toss|p1a: Magnezone
|-end|p1a: Magnezone|Substitute
|
|-weather|Hail|[upkeep]
|-damage|p1a: Magnezone|38/100|[from] Hail
|-damage|p2a: SPECK|78/100|[from] Hail
|-heal|p2a: SPECK|85/100|[from] item: Leftovers
|upkeep
|turn|12
|
|switch|p1a: Latios|Latios, M|100/100
|move|p2a: SPECK|Seismic Toss|p1a: Latios
|-damage|p1a: Latios|67/100
|
|-weather|Hail|[upkeep]
|-damage|p1a: Latios|61/100|[from] Hail
|-damage|p2a: SPECK|78/100|[from] Hail
|-heal|p2a: SPECK|85/100|[from] item: Leftovers
|upkeep
|turn|13
|
|move|p1a: Latios|Psyshock|p2a: SPECK
|-damage|p2a: SPECK|21/100
|move|p2a: SPECK|Soft-Boiled|p2a: SPECK
|-heal|p2a: SPECK|71/100
|
|-weather|Hail|[upkeep]
|-damage|p1a: Latios|55/100|[from] Hail
|-damage|p2a: SPECK|65/100|[from] Hail
|-heal|p2a: SPECK|71/100|[from] item: Leftovers
|upkeep
|turn|14
|
|switch|p2a: POISONER YANAGI|Weavile, M|100/100
|-damage|p2a: POISONER YANAGI|76/100|[from] Stealth Rock
|-ability|p2a: POISONER YANAGI|Pressure
|move|p1a: Latios|Psyshock|p2a: POISONER YANAGI
|-immune|p2a: POISONER YANAGI|[msg]
|
|-weather|Hail|[upkeep]
|-damage|p1a: Latios|49/100|[from] Hail
|upkeep
|turn|15
|l|☆unpersons
|inactive|unpersons disconnected and has a minute to reconnect!
|player|p2|
|inactive|unpersons has 60 seconds to reconnect!
|inactive|unpersons has 30 seconds to reconnect!
|inactive|unpersons has 20 seconds to reconnect!
|inactive|unpersons has 15 seconds to reconnect!
|inactive|unpersons has 10 seconds to reconnect!
|inactive|unpersons has 5 seconds to reconnect!
|-message|unpersons lost due to inactivity.
|
|win|bad big bratt
|raw|bad big bratt's rating: 1453 &rarr; <strong>1466</strong><br />(+13 for winning)
|raw|unpersons's rating: 1322 &rarr; <strong>1309</strong><br />(-13 for losing)
|l|☆bad big bratt
|j|☆unpersons
